{
  "id": "gen9championsvgc2026regma-2586486336",
  "format": "[Gen 9 Champions] VGC 2026 Reg M-A",
  "players": [
    "TGinge",
    "tinesofpower22"
  ],
  "log": "|j|\u2606TGinge\n|j|\u2606tinesofpower22\n|t:|1776437980\n|gametype|doubles\n|player|p1|TGinge|1|1246\n|player|p2|tinesofpower22|265|1220\n|gen|9\n|tier|[Gen 9 Champions] VGC 2026 Reg M-A\n|rated|\n|rule|Species Clause: Limit one of each Pok\u00e9mon\n|rule|Item Clause: Limit 1 of each item\n|clearpoke\n|poke|p1|Chandelure, L50, F|\n|poke|p1|Archaludon, L50, F|\n|poke|p1|Whimsicott, L50, F|\n|poke|p1|Incineroar, L50, M|\n|poke|p1|Basculegion, L50, M|\n|poke|p1|Kingambit, L50, M|\n|poke|p2|Kangaskhan, L50, F|\n|poke|p2|Alcremie, L50, F|\n|poke|p2|Incineroar, L50, M|\n|poke|p2|Aerodactyl, L50, F|\n|poke|p2|Meganium, L50, M|\n|poke|p2|Sneasler, L50, F|\n|teampreview|4\n|inactive|Battle timer is ON: inactive players will automatically lose when time's up. (requested by TGinge)\n|\n|t:|1776438010\n|teamsize|p1|4\n|teamsize|p2|4\n|start\n|switch|p1a: Basculegion|Basculegion, L50, M|100/100\n|switch|p1b: Whimsicott|Whimsicott, L50, F|100/100\n|switch|p2a: Kangaskhan|Kangaskhan, L50, F|100/100\n|switch|p2b: Alcremie|Alcremie, L50, F|100/100\n|turn|1\n|inactive|TGinge has 30 seconds left.\n|inactive|TGinge has 20 seconds left.\n|inactive|TGinge has 15 seconds left.\n|\n|t:|1776438051\n|switch|p1b: Incineroar|Incineroar, L50, M|100/100\n|-ability|p1b: Incineroar|Intimidate|boost\n|-fail|p2a: Kangaskhan|unboost|Attack|[from] ability: Inner Focus|[of] p2a: Kangaskhan\n|-unboost|p2b: Alcremie|atk|1\n|detailschange|p2a: Kangaskhan|Kangaskhan-Mega, L50, F\n|-mega|p2a: Kangaskhan|Kangaskhan|Kangaskhanite\n|move|p2a: Kangaskhan|Sucker Punch|p1a: Basculegion\n|-supereffective|p1a: Basculegion|1\n|-damage|p1a: Basculegion|35/100\n|-supereffective|p1a: Basculegion|1\n|-damage|p1a: Basculegion|19/100\n|-hitcount|p1a: Basculegion|2\n|move|p1a: Basculegion|Flip Turn|p2a: Kangaskhan\n|-damage|p2a: Kangaskhan|63/100\n|\n|t:|1776438066\n|switch|p1a: Whimsicott|Whimsicott, L50, F|100/100|[from] Flip Turn\n|move|p2b: Alcremie|Decorate|p2a: Kangaskhan\n|-boost|p2a: Kangaskhan|atk|2\n|-boost|p2a: Kangaskhan|spa|2\n|\n|upkeep\n|turn|2\n|\n|t:|1776438083\n|switch|p2b: Sneasler|Sneasler, L50, F|100/100\n|move|p2a: Kangaskhan|Protect|p2a: Kangaskhan\n|-singleturn|p2a: Kangaskhan|Protect\n|move|p1a: Whimsicott|Encore|p2a: Kangaskhan\n|-activate|p2a: Kangaskhan|move: Protect\n|move|p1b: Incineroar|Will-O-Wisp|p2a: Kangaskhan\n|-activate|p2a: Kangaskhan|move: Protect\n|\n|upkeep\n|turn|3\n|\n|t:|1776438100\n|switch|p2a: Incineroar|Incineroar, L50, M|100/100\n|-ability|p2a: Incineroar|Intimidate|boost\n|-unboost|p1a: Whimsicott|atk|1\n|-unboost|p1b: Incineroar|atk|1\n|switch|p1b: Chandelure|Chandelure, L50, F|100/100\n|move|p1a: Whimsicott|Encore|p2a: Incineroar\n|-hint|Since gen 7, Dark is immune to Prankster moves.\n|-immune|p2a: Incineroar\n|move|p2b: Sneasler|Dire Claw|p1a: Whimsicott\n|-supereffective|p1a: Whimsicott|2\n|-crit|p1a: Whimsicott\n|-enditem|p1a: Whimsicott|Focus Sash\n|-damage|p1a: Whimsicott|1/100\n|-status|p1a: Whimsicott|psn\n|\n|-damage|p1a: Whimsicott|0 fnt|[from] psn\n|faint|p1a: Whimsicott\n|upkeep\n|\n|t:|1776438115\n|switch|p1a: Incineroar|Incineroar, L50, M|100/100\n|-ability|p1a: Incineroar|Intimidate|boost\n|-unboost|p2a: Incineroar|atk|1\n|-unboost|p2b: Sneasler|atk|1\n|-enditem|p2b: Sneasler|White Herb\n|-clearnegativeboost|p2b: Sneasler|[silent]\n|turn|4\n|inactive|tinesofpower22 has 30 seconds left.\n|\n|t:|1776438144\n|detailschange|p1b: Chandelure|Chandelure-Mega, L50, F\n|-mega|p1b: Chandelure|Chandelure|Chandelurite\n|move|p2b: Sneasler|Protect|p2b: Sneasler\n|-singleturn|p2b: Sneasler|Protect\n|move|p1a: Incineroar|Fake Out|p2b: Sneasler\n|-activate|p2b: Sneasler|move: Protect\n|move|p1b: Chandelure|Flamethrower|p2b: Sneasler\n|-activate|p2b: Sneasler|move: Protect\n|move|p2a: Incineroar|Parting Shot|p1b: Chandelure\n|-unboost|p1b: Chandelure|atk|1\n|-unboost|p1b: Chandelure|spa|1\n|\n|t:|1776438156\n|switch|p2a: Kangaskhan|Kangaskhan-Mega, L50, F|63/100|[from] Parting Shot\n|\n|upkeep\n|turn|5\n|\n|t:|1776438182\n|move|p2a: Kangaskhan|Fake Out|p1a: Incineroar\n|-damage|p1a: Incineroar|83/100\n|-damage|p1a: Incineroar|80/100\n|-hitcount|p1a: Incineroar|2\n|move|p2b: Sneasler|Close Combat|p1a: Incineroar\n|-supereffective|p1a: Incineroar|1\n|-crit|p1a: Incineroar\n|-damage|p1a: Incineroar|0 fnt\n|-unboost|p2b: Sneasler|def|1\n|-unboost|p2b: Sneasler|spd|1\n|faint|p1a: Incineroar\n|move|p1b: Chandelure|Flamethrower|p2a: Kangaskhan\n|-damage|p2a: Kangaskhan|20/100\n|\n|upkeep\n|\n|t:|1776438206\n|switch|p1a: Basculegion|Basculegion, L50, M|19/100\n|turn|6\n|inactive|TGinge has 30 seconds left.\n|inactive|TGinge has 20 seconds left.\n|inactive|tinesofpower22 has 30 seconds left.\n|\n|t:|1776438248\n|move|p1a: Basculegion|Aqua Jet|p2a: Kangaskhan\n|-damage|p2a: Kangaskhan|0 fnt\n|faint|p2a: Kangaskhan\n|move|p2b: Sneasler|Dire Claw|p1a: Basculegion\n|-resisted|p1a: Basculegion|1\n|-crit|p1a: Basculegion\n|-damage|p1a: Basculegion|0 fnt\n|faint|p1a: Basculegion\n|move|p1b: Chandelure|Flamethrower|p2b: Sneasler\n|-damage|p2b: Sneasler|20/100\n|\n|upkeep\n|inactive|tinesofpower22 has 30 seconds left.\n|\n|t:|1776438283\n|switch|p2a: Alcremie|Alcremie, L50, F|100/100\n|turn|7\n|\n|t:|1776438294\n|move|p2b: Sneasler|Protect|p2b: Sneasler\n|-singleturn|p2b: Sneasler|Protect\n|move|p1b: Chandelure|Heat Wave|p2a: Alcremie|[spread] \n|-activate|p2b: Sneasler|move: Protect\n|-miss|p1b: Chandelure|p2a: Alcremie\n|move|p2a: Alcremie|Decorate|p2b: Sneasler\n|-boost|p2b: Sneasler|atk|2\n|-boost|p2b: Sneasler|spa|2\n|\n|upkeep\n|turn|8\n|\n|t:|1776438313\n|move|p2b: Sneasler|Dire Claw|p1b: Chandelure\n|-resisted|p1b: Chandelure|1\n|-damage|p1b: Chandelure|55/100\n|-status|p1b: Chandelure|par\n|move|p2a: Alcremie|Dazzling Gleam|p1b: Chandelure\n|-resisted|p1b: Chandelure|1\n|-damage|p1b: Chandelure|39/100 par\n|cant|p1b: Chandelure|par\n|\n|upkeep\n|turn|9\n|\n|t:|1776438332\n|move|p2b: Sneasler|Protect|p2b: Sneasler\n|-singleturn|p2b: Sneasler|Protect\n|move|p2a: Alcremie|Decorate|p2b: Sneasler\n|-boost|p2b: Sneasler|atk|2\n|-boost|p2b: Sneasler|spa|2\n|move|p1b: Chandelure|Heat Wave|p2a: Alcremie|[spread] p2a\n|-activate|p2b: Sneasler|move: Protect\n|-damage|p2a: Alcremie|72/100\n|\n|-heal|p2a: Alcremie|78/100|[from] item: Leftovers\n|upkeep\n|turn|10\n|\n|t:|1776438346\n|move|p2b: Sneasler|Dire Claw|p1b: Chandelure\n|-resisted|p1b: Chandelure|1\n|-damage|p1b: Chandelure|0 fnt\n|faint|p1b: Chandelure\n|\n|win|tinesofpower22\n|raw|TGinge's rating: 1246 &rarr; <strong>1219</strong><br />(-27 for losing)\n|raw|tinesofpower22's rating: 1220 &rarr; <strong>1247</strong><br />(+27 for winning)\n",
  "uploadtime": 1776438351,
  "views": 31,
  "formatid": "gen9championsvgc2026regma",
  "rating": 1219,
  "private": 0,
  "password": null
}