{
  "id": "gen9championsvgc2026regma-2580618530",
  "format": "[Gen 9 Champions] VGC 2026 Reg M-A",
  "players": [
    "pardusv",
    "Greningram"
  ],
  "log": "|j|\u2606pardusv\n|j|\u2606Greningram\n|t:|1775918590\n|gametype|doubles\n|player|p1|pardusv|266|1023\n|player|p2|Greningram|lance|1019\n|gen|9\n|tier|[Gen 9 Champions] VGC 2026 Reg M-A\n|rated|\n|rule|Species Clause: Limit one of each Pok\u00e9mon\n|rule|Item Clause: Limit 1 of each item\n|clearpoke\n|poke|p1|Lucario, L50, M|\n|poke|p1|Rotom-Wash, L50|\n|poke|p1|Whimsicott, L50, F|\n|poke|p1|Mamoswine, L50, M|\n|poke|p1|Incineroar, L50, M|\n|poke|p1|Zoroark-Hisui, L50, F|\n|poke|p2|Meganium, L50, M|\n|poke|p2|Meowstic, L50, M|\n|poke|p2|Basculegion-F, L50, F|\n|poke|p2|Pelipper, L50, M|\n|poke|p2|Archaludon, L50, M|\n|poke|p2|Maushold-Four, L50|\n|teampreview|4\nGreningram rejected open team sheets.\n|\n|t:|1775918632\n|teamsize|p1|4\n|teamsize|p2|4\n|start\n|switch|p1a: Rotom|Rotom-Wash, L50|100/100\n|switch|p1b: Whimsicott|Whimsicott, L50, F|100/100\n|switch|p2a: Pelipper|Pelipper, L50, M, shiny|100/100\n|switch|p2b: Basculegion|Basculegion-F, L50, F|100/100\n|-weather|RainDance|[from] ability: Drizzle|[of] p2a: Pelipper\n|turn|1\n|\n|t:|1775918667\n|move|p1b: Whimsicott|Light Screen|p1b: Whimsicott\n|-sidestart|p1: pardusv|move: Light Screen\n|move|p2b: Basculegion|Icy Wind|p1b: Whimsicott|[spread] p1a,p1b\n|-resisted|p1a: Rotom|1\n|-supereffective|p1b: Whimsicott|1\n|-damage|p1a: Rotom|97/100\n|-damage|p1b: Whimsicott|76/100\n|-unboost|p1a: Rotom|spe|1\n|-unboost|p1b: Whimsicott|spe|1\n|move|p2a: Pelipper|Hurricane|p1b: Whimsicott\n|-supereffective|p1b: Whimsicott|1\n|-damage|p1b: Whimsicott|0 fnt\n|faint|p1b: Whimsicott\n|move|p1a: Rotom|Thunderbolt|p2b: Basculegion\n|-supereffective|p2b: Basculegion|1\n|-damage|p2b: Basculegion|36/100\n|\n|-weather|RainDance|[upkeep]\n|-heal|p2b: Basculegion|42/100|[from] item: Leftovers\n|upkeep\n|\n|t:|1775918683\n|switch|p1b: Lucario|Lucario, L50, M|100/100\n|turn|2\n|\n|t:|1775918714\n|move|p2b: Basculegion|Icy Wind|p1a: Rotom|[spread] p1a,p1b\n|-resisted|p1a: Rotom|1\n|-damage|p1a: Rotom|94/100\n|-damage|p1b: Lucario|83/100\n|-unboost|p1a: Rotom|spe|1\n|-unboost|p1b: Lucario|spe|1\n|replace|p1b: Zoroark|Zoroark-Hisui, L50, F\n|-end|p1b: Zoroark|Illusion\n|move|p2a: Pelipper|Tailwind|p2a: Pelipper\n|-sidestart|p2: Greningram|move: Tailwind\n|move|p1b: Zoroark|Bitter Malice|p2b: Basculegion\n|-supereffective|p2b: Basculegion|1\n|-damage|p2b: Basculegion|0 fnt\n|faint|p2b: Basculegion\n|move|p1a: Rotom|Thunderbolt|p2a: Pelipper\n|-supereffective|p2a: Pelipper|2\n|-enditem|p2a: Pelipper|Wacan Berry|[eat]\n|-enditem|p2a: Pelipper|Wacan Berry|[weaken]\n|-damage|p2a: Pelipper|0 fnt\n|faint|p2a: Pelipper\n|\n|-weather|RainDance|[upkeep]\n|upkeep\n|\n|t:|1775918732\n|switch|p2a: Archaludon|Archaludon, L50, M|100/100\n|switch|p2b: Meganium|Meganium, L50, M|100/100\n|turn|3\n|\n|t:|1775918759\n|detailschange|p2b: Meganium|Meganium-Mega, L50, M\n|-mega|p2b: Meganium|Meganium|Meganiumite\n|move|p2b: Meganium|Protect|p2b: Meganium\n|-singleturn|p2b: Meganium|Protect\n|move|p1a: Rotom|Protect|p1a: Rotom\n|-singleturn|p1a: Rotom|Protect\n|move|p2a: Archaludon|Electro Shot||[still]\n|-prepare|p2a: Archaludon|Electro Shot\n|-boost|p2a: Archaludon|spa|1\n|-anim|p2a: Archaludon|Electro Shot|p1a: Rotom\n|-activate|p1a: Rotom|move: Protect\n|move|p1b: Zoroark|Bitter Malice|p2a: Archaludon\n|-damage|p2a: Archaludon|60/100\n|-unboost|p2a: Archaludon|atk|1\n|-ability|p2a: Archaludon|Stamina|boost\n|-boost|p2a: Archaludon|def|1\n|-enditem|p2a: Archaludon|White Herb\n|-clearnegativeboost|p2a: Archaludon|[silent]\n|\n|-weather|RainDance|[upkeep]\n|upkeep\n|turn|4\n|\n|t:|1775918811\n|move|p2b: Meganium|Solar Beam||[still]\n|-prepare|p2b: Meganium|Solar Beam\n|-activate|p2b: Meganium|ability: Mega Sol\n|-anim|p2b: Meganium|Solar Beam|p1a: Rotom\n|-supereffective|p1a: Rotom|1\n|-enditem|p1a: Rotom|Rindo Berry|[eat]\n|-enditem|p1a: Rotom|Rindo Berry|[weaken]\n|-damage|p1a: Rotom|53/100\n|move|p2a: Archaludon|Snarl|p1b: Zoroark|[spread] p1a,p1b\n|-supereffective|p1b: Zoroark|1\n|-damage|p1a: Rotom|42/100\n|-damage|p1b: Zoroark|26/100\n|-unboost|p1a: Rotom|spa|1\n|-unboost|p1b: Zoroark|spa|1\n|move|p1b: Zoroark|Bitter Malice|p2a: Archaludon\n|-damage|p2a: Archaludon|31/100\n|-unboost|p2a: Archaludon|atk|1\n|-ability|p2a: Archaludon|Stamina|boost\n|-boost|p2a: Archaludon|def|1\n|move|p1a: Rotom|Thunder Wave|p2b: Meganium\n|-status|p2b: Meganium|par\n|\n|-weather|RainDance|[upkeep]\n|upkeep\n|turn|5\n|\n|t:|1775918848\n|move|p1a: Rotom|Protect|p1a: Rotom\n|-singleturn|p1a: Rotom|Protect\n|move|p2a: Archaludon|Snarl|p1a: Rotom|[spread] p1b\n|-activate|p1a: Rotom|move: Protect\n|-supereffective|p1b: Zoroark|1\n|-damage|p1b: Zoroark|0 fnt\n|faint|p1b: Zoroark\n|move|p2b: Meganium|Solar Beam||[still]\n|-prepare|p2b: Meganium|Solar Beam\n|-activate|p2b: Meganium|ability: Mega Sol\n|-anim|p2b: Meganium|Solar Beam|p1a: Rotom\n|-activate|p1a: Rotom|move: Protect\n|\n|-weather|none\n|-sideend|p1: pardusv|move: Light Screen\n|-sideend|p2: Greningram|move: Tailwind\n|upkeep\n|\n|t:|1775918861\n|switch|p1b: Lucario|Lucario, L50, M|100/100\n|turn|6\n|\n|t:|1775918925\n|detailschange|p1b: Lucario|Lucario-Mega, L50, M\n|-mega|p1b: Lucario|Lucario|Lucarionite\n|move|p2b: Meganium|Protect|p2b: Meganium\n|-singleturn|p2b: Meganium|Protect\n|move|p1b: Lucario|Close Combat|p2a: Archaludon\n|-supereffective|p2a: Archaludon|1\n|-damage|p2a: Archaludon|0 fnt\n|-unboost|p1b: Lucario|def|1\n|-unboost|p1b: Lucario|spd|1\n|faint|p2a: Archaludon\n|move|p1a: Rotom|Hydro Pump|p2b: Meganium\n|-activate|p2b: Meganium|move: Protect\n|\n|upkeep\n|turn|7\n|\n|t:|1775918952\n|move|p1b: Lucario|Bullet Punch|p2b: Meganium\n|-supereffective|p2b: Meganium|1\n|-damage|p2b: Meganium|36/100 par\n|move|p2b: Meganium|Weather Ball|p1b: Lucario\n|-supereffective|p1b: Lucario|1\n|-damage|p1b: Lucario|0 fnt\n|faint|p1b: Lucario\n|move|p1a: Rotom|Thunderbolt|p2b: Meganium\n|-resisted|p2b: Meganium|1\n|-damage|p2b: Meganium|25/100 par\n|\n|upkeep\n|turn|8\n|\n|t:|1775918972\n|move|p2b: Meganium|Solar Beam||[still]\n|-prepare|p2b: Meganium|Solar Beam\n|-activate|p2b: Meganium|ability: Mega Sol\n|-anim|p2b: Meganium|Solar Beam|p1a: Rotom\n|-supereffective|p1a: Rotom|1\n|-damage|p1a: Rotom|0 fnt\n|faint|p1a: Rotom\n|\n|win|Greningram\n|raw|pardusv's rating: 1023 &rarr; <strong>1009</strong><br />(-14 for losing)\n|raw|Greningram's rating: 1019 &rarr; <strong>1057</strong><br />(+38 for winning)\n|c|\u2606pardusv|gg\n|c|\u2606Greningram|gg\n|l|\u2606pardusv\n|player|p1|\n",
  "uploadtime": 1775918983,
  "views": 13,
  "formatid": "gen9championsvgc2026regma",
  "rating": 1009,
  "private": 0,
  "password": null
}