{
  "id": "gen9championsvgc2026regma-2582951501",
  "format": "[Gen 9 Champions] VGC 2026 Reg M-A",
  "players": [
    "Lizardons",
    "redtoteyreal"
  ],
  "log": "|j|\u2606Lizardons\n|j|\u2606redtoteyreal\n|t:|1776127859\n|gametype|doubles\n|player|p1|Lizardons|pokemaniac|1328\n|player|p2|redtoteyreal|ninjaboy|1343\n|gen|9\n|tier|[Gen 9 Champions] VGC 2026 Reg M-A\n|rated|\n|rule|Species Clause: Limit one of each Pok\u00e9mon\n|rule|Item Clause: Limit 1 of each item\n|clearpoke\n|poke|p1|Charizard, L50, M|\n|poke|p1|Sinistcha, L50|\n|poke|p1|Rotom-Wash, L50|\n|poke|p1|Incineroar, L50, M|\n|poke|p1|Milotic, L50, F|\n|poke|p1|Goodra-Hisui, L50, F|\n|poke|p2|Floette-Eternal, L50, F|\n|poke|p2|Maushold-Four, L50|\n|poke|p2|Garchomp, L50, M|\n|poke|p2|Aerodactyl, L50, F|\n|poke|p2|Aegislash, L50, F|\n|poke|p2|Rotom-Wash, L50|\n|teampreview|4\n|inactive|Battle timer is ON: inactive players will automatically lose when time's up. (requested by redtoteyreal)\nredtoteyreal has agreed to open team sheets.\nLizardons rejected open team sheets.\n|\n|t:|1776127888\n|teamsize|p1|4\n|teamsize|p2|4\n|start\n|switch|p1a: Blueberry|Goodra-Hisui, L50, F|100/100\n|switch|p1b: Starbucks|Sinistcha, L50|100/100\n|switch|p2a: Garchomp|Garchomp, L50, M|100/100\n|switch|p2b: Aerodactyl|Aerodactyl, L50, F, shiny|100/100\n|-ability|p2b: Aerodactyl|Unnerve\n|turn|1\n|\n|t:|1776127897\n|move|p2b: Aerodactyl|Rock Slide|p1a: Blueberry|[spread] p1b\n|-miss|p2b: Aerodactyl|p1a: Blueberry\n|-damage|p1b: Starbucks|81/100\n|move|p2a: Garchomp|Earthquake|p1b: Starbucks|[spread] p1a,p1b\n|-immune|p2b: Aerodactyl\n|-supereffective|p1a: Blueberry|1\n|-resisted|p1b: Starbucks|1\n|-damage|p1a: Blueberry|23/100\n|-damage|p1b: Starbucks|65/100\n|move|p1a: Blueberry|Ice Beam|p2a: Garchomp\n|-supereffective|p2a: Garchomp|2\n|-damage|p2a: Garchomp|0 fnt\n|faint|p2a: Garchomp\n|move|p1b: Starbucks|Trick Room|p1b: Starbucks\n|-fieldstart|move: Trick Room|[of] p1b: Starbucks\n|\n|upkeep\n|\n|t:|1776127912\n|switch|p2a: Floette|Floette-Eternal, L50, F|100/100\n|turn|2\n|\n|t:|1776127922\n|switch|p2b: Maushold|Maushold-Four, L50|100/100\n|detailschange|p2a: Floette|Floette-Mega, L50, F\n|-mega|p2a: Floette|Floette|Floettite\n|-ability|p2a: Floette|Fairy Aura\n|move|p1a: Blueberry|Protect|p1a: Blueberry\n|-singleturn|p1a: Blueberry|Protect\n|move|p1b: Starbucks|Life Dew|p1b: Starbucks|[spread] p1a,p1b\n|-heal|p1a: Blueberry|49/100\n|-heal|p1b: Starbucks|90/100\n|move|p2a: Floette|Calm Mind|p2a: Floette\n|-boost|p2a: Floette|spa|1\n|-boost|p2a: Floette|spd|1\n|\n|upkeep\n|turn|3\n|\n|t:|1776127939\n|move|p2a: Floette|Protect|p2a: Floette\n|-singleturn|p2a: Floette|Protect\n|move|p1a: Blueberry|Flash Cannon|p2a: Floette\n|-activate|p2a: Floette|move: Protect\n|move|p1b: Starbucks|Life Dew|p1b: Starbucks|[spread] p1a,p1b\n|-heal|p1a: Blueberry|74/100\n|-heal|p1b: Starbucks|100/100\n|move|p2b: Maushold|Taunt|p1b: Starbucks\n|-start|p1b: Starbucks|move: Taunt\n|\n|upkeep\n|turn|4\n|\n|t:|1776127951\n|move|p2b: Maushold|Follow Me|p2b: Maushold\n|-singleturn|p2b: Maushold|move: Follow Me\n|move|p1a: Blueberry|Flash Cannon|p2b: Maushold\n|-damage|p2b: Maushold|59/100\n|move|p1b: Starbucks|Matcha Gotcha|p2b: Maushold|[spread] p2b\n|-miss|p1b: Starbucks|p2a: Floette\n|-damage|p2b: Maushold|28/100\n|-status|p2b: Maushold|brn\n|move|p2a: Floette|Calm Mind|p2a: Floette\n|-boost|p2a: Floette|spa|1\n|-boost|p2a: Floette|spd|1\n|\n|-damage|p2b: Maushold|21/100 brn|[from] brn\n|upkeep\n|turn|5\n|\n|t:|1776127963\n|move|p2b: Maushold|Follow Me|p2b: Maushold\n|-singleturn|p2b: Maushold|move: Follow Me\n|move|p1a: Blueberry|Flash Cannon|p2b: Maushold\n|-damage|p2b: Maushold|0 fnt\n|faint|p2b: Maushold\n|move|p1b: Starbucks|Matcha Gotcha|p2a: Floette\n|-damage|p2a: Floette|90/100\n|-status|p2a: Floette|brn\n|move|p2a: Floette|Dazzling Gleam|p1a: Blueberry|[spread] p1a,p1b\n|-damage|p1a: Blueberry|24/100\n|-damage|p1b: Starbucks|26/100\n|\n|-damage|p2a: Floette|84/100 brn|[from] brn\n|-fieldend|move: Trick Room\n|upkeep\n|\n|t:|1776127975\n|switch|p2b: Aerodactyl|Aerodactyl, L50, F, shiny|100/100\n|-ability|p2b: Aerodactyl|Unnerve\n|turn|6\n|\n|t:|1776127983\n|move|p2b: Aerodactyl|Tailwind|p2b: Aerodactyl\n|-sidestart|p2: redtoteyreal|move: Tailwind\n|move|p2a: Floette|Dazzling Gleam|p1b: Starbucks|[spread] p1a,p1b\n|-crit|p1b: Starbucks\n|-damage|p1a: Blueberry|0 fnt\n|-damage|p1b: Starbucks|0 fnt\n|faint|p1a: Blueberry\n|faint|p1b: Starbucks\n|\n|-damage|p2a: Floette|78/100 brn|[from] brn\n|upkeep\n|\n|t:|1776127985\n|switch|p1b: Man Cat|Incineroar, L50, M|100/100\n|switch|p1a: Zippo|Charizard, L50, M, shiny|100/100\n|-ability|p1b: Man Cat|Intimidate|boost\n|-unboost|p2a: Floette|atk|1\n|-unboost|p2b: Aerodactyl|atk|1\n|turn|7\n|\n|t:|1776127993\n|detailschange|p1a: Zippo|Charizard-Mega-Y, L50, M, shiny\n|-mega|p1a: Zippo|Charizard|Charizardite Y\n|-weather|SunnyDay|[from] ability: Drought|[of] p1a: Zippo\n|move|p2b: Aerodactyl|Protect|p2b: Aerodactyl\n|-singleturn|p2b: Aerodactyl|Protect\n|move|p2a: Floette|Protect|p2a: Floette\n|-singleturn|p2a: Floette|Protect\n|move|p1b: Man Cat|Fake Out|p2b: Aerodactyl\n|-activate|p2b: Aerodactyl|move: Protect\n|move|p1a: Zippo|Heat Wave|p2b: Aerodactyl|[spread] \n|-activate|p2a: Floette|move: Protect\n|-activate|p2b: Aerodactyl|move: Protect\n|\n|-weather|SunnyDay|[upkeep]\n|-damage|p2a: Floette|72/100 brn|[from] brn\n|upkeep\n|turn|8\n|\n|t:|1776128006\n|move|p2b: Aerodactyl|Rock Slide|p1b: Man Cat|[spread] p1a,p1b\n|-supereffective|p1a: Zippo|2\n|-supereffective|p1b: Man Cat|1\n|-damage|p1a: Zippo|17/100\n|-damage|p1b: Man Cat|73/100\n|move|p2a: Floette|Dazzling Gleam|p1b: Man Cat|[spread] p1a,p1b\n|-resisted|p1a: Zippo|1\n|-damage|p1a: Zippo|0 fnt\n|-damage|p1b: Man Cat|1/100\n|faint|p1a: Zippo\n|move|p1b: Man Cat|Flare Blitz|p2a: Floette\n|-damage|p2a: Floette|12/100 brn\n|-damage|p1b: Man Cat|0 fnt|[from] Recoil\n|faint|p1b: Man Cat\n|\n|win|redtoteyreal\n|raw|Lizardons's rating: 1328 &rarr; <strong>1309</strong><br />(-19 for losing)\n|raw|redtoteyreal's rating: 1343 &rarr; <strong>1362</strong><br />(+19 for winning)\n|l|\u2606Lizardons\n|player|p1|\n",
  "uploadtime": 1776128021,
  "views": 27,
  "formatid": "gen9championsvgc2026regma",
  "rating": 1309,
  "private": 0,
  "password": null
}