{
  "id": "gen9championsvgc2026regma-2588518735",
  "format": "[Gen 9 Champions] VGC 2026 Reg M-A",
  "players": [
    "87878yu78",
    "ministermilk"
  ],
  "log": "|j|\u260687878yu78\n|j|\u2606ministermilk\n|t:|1776640970\n|gametype|doubles\n|player|p1|87878yu78|266|1040\n|player|p2|ministermilk|102|1118\n|gen|9\n|tier|[Gen 9 Champions] VGC 2026 Reg M-A\n|rated|\n|rule|Species Clause: Limit one of each Pok\u00e9mon\n|rule|Item Clause: Limit 1 of each item\n|clearpoke\n|poke|p1|Drampa, L50, F, shiny|\n|poke|p1|Spiritomb, L50, M|\n|poke|p1|Torkoal, L50, F|\n|poke|p1|Kingambit, L50, F|\n|poke|p1|Clawitzer, L50, M|\n|poke|p1|Dragapult, L50, F|\n|poke|p2|Charizard, L50, M|\n|poke|p2|Sneasler, L50, M|\n|poke|p2|Venusaur, L50, F|\n|poke|p2|Kingambit, L50, M|\n|poke|p2|Gyarados, L50, F|\n|poke|p2|Maushold-Four, L50|\n|teampreview|4\n|\n|t:|1776640994\n|teamsize|p1|4\n|teamsize|p2|4\n|start\n|switch|p1a: Drampa|Drampa, L50, F, shiny|100/100\n|switch|p1b: Spiritomb|Spiritomb, L50, M|100/100\n|switch|p2a: Charizard|Charizard, L50, M|100/100\n|switch|p2b: Venusaur|Venusaur, L50, F|100/100\n|-ability|p1a: Drampa|Cloud Nine\n|turn|1\n|\n|t:|1776641031\n|move|p1a: Drampa|Protect|p1a: Drampa\n|-singleturn|p1a: Drampa|Protect\n|move|p2a: Charizard|Heat Wave|p1b: Spiritomb|[spread] \n|-activate|p1a: Drampa|move: Protect\n|-miss|p2a: Charizard|p1b: Spiritomb\n|move|p2b: Venusaur|Sludge Bomb|p1a: Drampa\n|-activate|p1a: Drampa|move: Protect\n|move|p1b: Spiritomb|Trick Room|p1b: Spiritomb\n|-fieldstart|move: Trick Room|[of] p1b: Spiritomb\n|\n|upkeep\n|turn|2\n|inactive|Battle timer is ON: inactive players will automatically lose when time's up. (requested by ministermilk)\n|\n|t:|1776641074\n|detailschange|p2a: Charizard|Charizard-Mega-Y, L50, M\n|-mega|p2a: Charizard|Charizard|Charizardite Y\n|-weather|SunnyDay|[from] ability: Drought|[of] p2a: Charizard\n|move|p1b: Spiritomb|Destiny Bond|p1b: Spiritomb\n|-singlemove|p1b: Spiritomb|Destiny Bond\n|move|p1a: Drampa|Heat Wave|p2b: Venusaur|[spread] p2a,p2b\n|-resisted|p2a: Charizard|1\n|-supereffective|p2b: Venusaur|1\n|-damage|p2a: Charizard|87/100\n|-damage|p2b: Venusaur|40/100\n|move|p2b: Venusaur|Sludge Bomb|p1a: Drampa\n|-damage|p1a: Drampa|57/100\n|-status|p1a: Drampa|psn\n|move|p2a: Charizard|Heat Wave|p1b: Spiritomb|[spread] p1b\n|-miss|p2a: Charizard|p1a: Drampa\n|-damage|p1b: Spiritomb|62/100\n|\n|-weather|SunnyDay|[upkeep]\n|-heal|p2b: Venusaur|46/100|[from] item: Leftovers\n|-damage|p1a: Drampa|44/100 psn|[from] psn\n|upkeep\n|turn|3\n|inactive|87878yu78 has 30 seconds left.\n|inactive|ministermilk has 30 seconds left.\n|\n|t:|1776641104\n|switch|p2b: Maushold|Maushold-Four, L50|100/100\n|detailschange|p1a: Drampa|Drampa-Mega, L50, F, shiny\n|-mega|p1a: Drampa|Drampa|Drampanite\n|move|p1b: Spiritomb|Foul Play|p2b: Maushold\n|-damage|p2b: Maushold|49/100\n|move|p1a: Drampa|Hyper Voice|p2a: Charizard|[spread] p2a,p2b\n|-damage|p2a: Charizard|55/100\n|-damage|p2b: Maushold|0 fnt\n|faint|p2b: Maushold\n|move|p2a: Charizard|Heat Wave|p1b: Spiritomb|[spread] p1a,p1b\n|-resisted|p1a: Drampa|1\n|-damage|p1a: Drampa|16/100 psn\n|-damage|p1b: Spiritomb|2/100\n|\n|-weather|SunnyDay|[upkeep]\n|-damage|p1a: Drampa|4/100 psn|[from] psn\n|upkeep\n|\n|t:|1776641118\n|switch|p2b: Sneasler|Sneasler, L50, M|100/100\n|turn|4\n|\n|t:|1776641133\n|move|p2a: Charizard|Protect|p2a: Charizard\n|-singleturn|p2a: Charizard|Protect\n|move|p2b: Sneasler|Fake Out|p1a: Drampa\n|-damage|p1a: Drampa|0 fnt\n|faint|p1a: Drampa\n|move|p1b: Spiritomb|Destiny Bond|p1b: Spiritomb\n|-singlemove|p1b: Spiritomb|Destiny Bond\n|\n|-weather|SunnyDay|[upkeep]\n|upkeep\n|\n|t:|1776641141\n|switch|p1a: Torkoal|Torkoal, L50, F|100/100\n|turn|5\n|\n|t:|1776641151\n|move|p1a: Torkoal|Eruption|p2a: Charizard|[spread] p2a,p2b\n|-resisted|p2a: Charizard|1\n|-damage|p2a: Charizard|21/100\n|-damage|p2b: Sneasler|12/100\n|move|p1b: Spiritomb|Foul Play|p2b: Sneasler\n|-resisted|p2b: Sneasler|1\n|-damage|p2b: Sneasler|0 fnt\n|faint|p2b: Sneasler\n|move|p2a: Charizard|Solar Beam||[still]\n|-prepare|p2a: Charizard|Solar Beam\n|-anim|p2a: Charizard|Solar Beam|p1a: Torkoal\n|-resisted|p1a: Torkoal|1\n|-damage|p1a: Torkoal|70/100\n|\n|-weather|SunnyDay|[upkeep]\n|-fieldend|move: Trick Room\n|upkeep\n|\n|t:|1776641163\n|switch|p2b: Venusaur|Venusaur, L50, F|46/100\n|turn|6\n|\n|t:|1776641172\n|move|p1a: Torkoal|Protect|p1a: Torkoal\n|-singleturn|p1a: Torkoal|Protect\n|move|p2b: Venusaur|Earth Power|p1a: Torkoal\n|-activate|p1a: Torkoal|move: Protect\n|move|p2a: Charizard|Heat Wave|p1a: Torkoal|[spread] \n|-activate|p1a: Torkoal|move: Protect\n|-miss|p2a: Charizard|p1b: Spiritomb\n|move|p1b: Spiritomb|Trick Room|p1b: Spiritomb\n|-fieldstart|move: Trick Room|[of] p1b: Spiritomb\n|\n|-weather|none\n|-heal|p2b: Venusaur|51/100|[from] item: Leftovers\n|upkeep\n|turn|7\n|\n|t:|1776641190\n|move|p2a: Charizard|Protect|p2a: Charizard\n|-singleturn|p2a: Charizard|Protect\n|move|p1a: Torkoal|Eruption|p2b: Venusaur|[spread] p2b\n|-activate|p2a: Charizard|move: Protect\n|-supereffective|p2b: Venusaur|1\n|-damage|p2b: Venusaur|0 fnt\n|faint|p2b: Venusaur\n|move|p1b: Spiritomb|Foul Play|p2a: Charizard\n|-activate|p2a: Charizard|move: Protect\n|\n|upkeep\n|turn|8\n|-message|ministermilk forfeited.\n|\n|win|87878yu78\n|raw|87878yu78's rating: 1040 &rarr; <strong>1082</strong><br />(+42 for winning)\n|raw|ministermilk's rating: 1118 &rarr; <strong>1087</strong><br />(-31 for losing)\n|l|\u2606ministermilk\n|player|p2|\n",
  "uploadtime": 1776641203,
  "views": 14,
  "formatid": "gen9championsvgc2026regma",
  "rating": 1082,
  "private": 0,
  "password": null
}