{
  "id": "gen9championsvgc2026regma-2584538340",
  "format": "[Gen 9 Champions] VGC 2026 Reg M-A",
  "players": [
    "WaluigiVGC",
    "wittraid"
  ],
  "log": "|j|\u2606WaluigiVGC\n|j|\u2606wittraid\n|t:|1776267399\n|gametype|doubles\n|player|p1|WaluigiVGC|101|1157\n|player|p2|wittraid|102|1139\n|gen|9\n|tier|[Gen 9 Champions] VGC 2026 Reg M-A\n|rated|\n|rule|Species Clause: Limit one of each Pok\u00e9mon\n|rule|Item Clause: Limit 1 of each item\n|clearpoke\n|poke|p1|Charizard, L50, M|\n|poke|p1|Whimsicott, L50, M|\n|poke|p1|Venusaur, L50, M|\n|poke|p1|Garchomp, L50, M|\n|poke|p1|Milotic, L50, M|\n|poke|p1|Sneasler, L50, F|\n|poke|p2|Pelipper, L50, F|\n|poke|p2|Archaludon, L50, F|\n|poke|p2|Sinistcha, L50|\n|poke|p2|Basculegion, L50, M|\n|poke|p2|Gengar, L50, F|\n|poke|p2|Incineroar, L50, M|\n|teampreview|4\n|inactive|Battle timer is ON: inactive players will automatically lose when time's up. (requested by wittraid)\nwittraid rejected open team sheets.\n|inactive|wittraid has 60 seconds left.\n|inactive|wittraid has 30 seconds left.\n|\n|t:|1776267467\n|teamsize|p1|4\n|teamsize|p2|4\n|start\n|switch|p1a: Alicia|Sneasler, L50, F|100/100\n|switch|p1b: Lan Fan|Garchomp, L50, M|100/100\n|switch|p2a: Basculegion|Basculegion, L50, M|100/100\n|switch|p2b: Gengar|Gengar, L50, F|100/100\n|turn|1\n|inactive|wittraid has 30 seconds left.\n|\n|t:|1776267493\n|switch|p2b: Pelipper|Pelipper, L50, F|100/100\n|-weather|RainDance|[from] ability: Drizzle|[of] p2b: Pelipper\n|move|p1b: Lan Fan|Stomping Tantrum|p2b: Pelipper\n|-immune|p2b: Pelipper\n|move|p2a: Basculegion|Wave Crash|p1b: Lan Fan\n|-damage|p1b: Lan Fan|0 fnt\n|-damage|p2a: Basculegion|88/100|[from] ability: Rough Skin|[of] p1b: Lan Fan\n|faint|p1b: Lan Fan\n|-damage|p2a: Basculegion|57/100|[from] Recoil\n|move|p1a: Alicia|Dire Claw|p2a: Basculegion\n|-resisted|p2a: Basculegion|1\n|-damage|p2a: Basculegion|27/100\n|-status|p2a: Basculegion|slp\n|\n|-weather|RainDance|[upkeep]\n|upkeep\n|\n|t:|1776267513\n|switch|p1b: Tsuruno|Charizard, L50, M|100/100\n|turn|2\n|\n|t:|1776267520\n|detailschange|p1b: Tsuruno|Charizard-Mega-Y, L50, M\n|-mega|p1b: Tsuruno|Charizard|Charizardite Y\n|-weather|SunnyDay|[from] ability: Drought|[of] p1b: Tsuruno\n|cant|p2a: Basculegion|slp\n|move|p1a: Alicia|Dire Claw|p2b: Pelipper\n|-damage|p2b: Pelipper|57/100\n|move|p1b: Tsuruno|Heat Wave|p2b: Pelipper|[spread] p2a\n|-miss|p1b: Tsuruno|p2b: Pelipper\n|-resisted|p2a: Basculegion|1\n|-damage|p2a: Basculegion|0 fnt\n|faint|p2a: Basculegion\n|move|p2b: Pelipper|Tailwind|p2b: Pelipper\n|-sidestart|p2: wittraid|move: Tailwind\n|\n|-weather|SunnyDay|[upkeep]\n|upkeep\n|inactive|wittraid has 30 seconds left.\n|\n|t:|1776267546\n|switch|p2a: Gengar|Gengar, L50, F|100/100\n|turn|3\n|\n|t:|1776267567\n|detailschange|p2a: Gengar|Gengar-Mega, L50, F\n|-mega|p2a: Gengar|Gengar|Gengarite\n|move|p2a: Gengar|Sludge Bomb|p1b: Tsuruno\n|-damage|p1b: Tsuruno|42/100\n|-status|p1b: Tsuruno|psn\n|move|p2b: Pelipper|Hurricane|p1a: Alicia|[miss]\n|-miss|p2b: Pelipper|p1a: Alicia\n|move|p1a: Alicia|Dire Claw|p2a: Gengar\n|-resisted|p2a: Gengar|2\n|-damage|p2a: Gengar|85/100\n|-status|p2a: Gengar|par\n|move|p1b: Tsuruno|Heat Wave|p2b: Pelipper|[spread] p2a\n|-miss|p1b: Tsuruno|p2b: Pelipper\n|-damage|p2a: Gengar|16/100 par\n|\n|-weather|SunnyDay|[upkeep]\n|-damage|p1b: Tsuruno|30/100 psn|[from] psn\n|upkeep\n|turn|4\n|inactive|WaluigiVGC has 30 seconds left.\n|\n|t:|1776267599\n|move|p1b: Tsuruno|Protect|p1b: Tsuruno\n|-singleturn|p1b: Tsuruno|Protect\n|move|p2b: Pelipper|Hurricane|p1a: Alicia\n|-supereffective|p1a: Alicia|1\n|-damage|p1a: Alicia|0 fnt\n|faint|p1a: Alicia\n|move|p2a: Gengar|Sludge Bomb|p1b: Tsuruno\n|-activate|p1b: Tsuruno|move: Protect\n|\n|-weather|SunnyDay|[upkeep]\n|-damage|p1b: Tsuruno|17/100 psn|[from] psn\n|upkeep\n|\n|t:|1776267611\n|switch|p1a: Kiseki|Whimsicott, L50, M, shiny|100/100\n|turn|5\n|\n|t:|1776267629\n|move|p2a: Gengar|Protect|p2a: Gengar\n|-singleturn|p2a: Gengar|Protect\n|move|p1a: Kiseki|Tailwind|p1a: Kiseki\n|-sidestart|p1: WaluigiVGC|move: Tailwind\n|move|p1b: Tsuruno|Heat Wave|p2a: Gengar|[spread] p2b\n|-activate|p2a: Gengar|move: Protect\n|-resisted|p2b: Pelipper|1\n|-damage|p2b: Pelipper|4/100\n|move|p2b: Pelipper|Weather Ball|p1b: Tsuruno\n|-resisted|p1b: Tsuruno|1\n|-crit|p1b: Tsuruno\n|-damage|p1b: Tsuruno|0 fnt\n|faint|p1b: Tsuruno\n|\n|-weather|SunnyDay|[upkeep]\n|-sideend|p2: wittraid|move: Tailwind\n|upkeep\n|turn|6\n|\n|t:|1776267652\n|move|p1a: Kiseki|Moonblast|p2a: Gengar\n|-resisted|p2a: Gengar|1\n|-damage|p2a: Gengar|0 fnt\n|faint|p2a: Gengar\n|move|p2b: Pelipper|Weather Ball|p1a: Kiseki\n|-supereffective|p1a: Kiseki|1\n|-enditem|p1a: Kiseki|Focus Sash\n|-damage|p1a: Kiseki|1/100\n|\n|-weather|none\n|upkeep\n|\n|t:|1776267662\n|switch|p2a: Archaludon|Archaludon, L50, F|100/100\n|turn|7\n|\n|t:|1776267668\n|move|p1a: Kiseki|Moonblast|p2a: Archaludon\n|-damage|p2a: Archaludon|65/100\n|-ability|p2a: Archaludon|Stamina|boost\n|-boost|p2a: Archaludon|def|1\n|move|p2a: Archaludon|Flash Cannon|p1a: Kiseki\n|-supereffective|p1a: Kiseki|1\n|-damage|p1a: Kiseki|0 fnt\n|faint|p1a: Kiseki\n|\n|win|wittraid\n|raw|WaluigiVGC's rating: 1157 &rarr; <strong>1131</strong><br />(-26 for losing)\n|raw|wittraid's rating: 1139 &rarr; <strong>1165</strong><br />(+26 for winning)\n",
  "uploadtime": 1776267678,
  "views": 25,
  "formatid": "gen9championsvgc2026regma",
  "rating": 1131,
  "private": 0,
  "password": null
}