{
  "id": "gen9championsvgc2026regma-2588644955",
  "format": "[Gen 9 Champions] VGC 2026 Reg M-A",
  "players": [
    "cacamuerta",
    "MarsieHehe"
  ],
  "log": "|j|\u2606cacamuerta\n|j|\u2606MarsieHehe\n|t:|1776653283\n|gametype|doubles\n|player|p1|cacamuerta|266|1288\n|player|p2|MarsieHehe|102|1252\n|gen|9\n|tier|[Gen 9 Champions] VGC 2026 Reg M-A\n|rated|\n|rule|Species Clause: Limit one of each Pok\u00e9mon\n|rule|Item Clause: Limit 1 of each item\n|clearpoke\n|poke|p1|Milotic, L50, M|\n|poke|p1|Charizard, L50, M|\n|poke|p1|Venusaur, L50, F|\n|poke|p1|Sneasler, L50, F|\n|poke|p1|Incineroar, L50, F|\n|poke|p1|Garchomp, L50, M|\n|poke|p2|Froslass, L50, F|\n|poke|p2|Sneasler, L50, F|\n|poke|p2|Rotom-Frost, L50|\n|poke|p2|Garchomp, L50, F|\n|poke|p2|Aerodactyl, L50, M|\n|poke|p2|Kingambit, L50, F|\n|teampreview|4\n|inactive|Battle timer is ON: inactive players will automatically lose when time's up. (requested by MarsieHehe)\n|inactive|cacamuerta has 60 seconds left.\n|\n|t:|1776653317\n|teamsize|p1|4\n|teamsize|p2|4\n|start\n|switch|p1a: Milotic|Milotic, L50, M|100/100\n|switch|p1b: Sneasler|Sneasler, L50, F|100/100\n|switch|p2a: Sneasler|Sneasler, L50, F|100/100\n|switch|p2b: Aerodactyl|Aerodactyl, L50, M|100/100\n|-ability|p2b: Aerodactyl|Unnerve\n|turn|1\n|\n|t:|1776653340\n|move|p2a: Sneasler|Fake Out|p1b: Sneasler\n|-damage|p1b: Sneasler|76/100\n|cant|p1b: Sneasler|flinch\n|move|p2b: Aerodactyl|Rock Slide|p1b: Sneasler|[spread] p1a,p1b\n|-resisted|p1b: Sneasler|1\n|-damage|p1a: Milotic|74/100\n|-damage|p1b: Sneasler|57/100\n|move|p1a: Milotic|Coil|p1a: Milotic\n|-boost|p1a: Milotic|atk|1\n|-boost|p1a: Milotic|def|1\n|-boost|p1a: Milotic|accuracy|1\n|\n|-heal|p1a: Milotic|80/100|[from] item: Leftovers\n|upkeep\n|turn|2\n|inactive|cacamuerta has 30 seconds left.\n|inactive|MarsieHehe has 30 seconds left.\n|\n|t:|1776653370\n|move|p2a: Sneasler|Protect|p2a: Sneasler\n|-singleturn|p2a: Sneasler|Protect\n|move|p1b: Sneasler|Protect|p1b: Sneasler\n|-singleturn|p1b: Sneasler|Protect\n|move|p2b: Aerodactyl|Dual Wingbeat|p1a: Milotic\n|-damage|p1a: Milotic|68/100\n|-damage|p1a: Milotic|55/100\n|-hitcount|p1a: Milotic|2\n|move|p1a: Milotic|Hypnosis|p2b: Aerodactyl\n|-status|p2b: Aerodactyl|slp|[from] move: Hypnosis\n|\n|-heal|p1a: Milotic|61/100|[from] item: Leftovers\n|upkeep\n|turn|3\n|inactive|cacamuerta has 30 seconds left.\n|inactive|MarsieHehe has 30 seconds left.\n|\n|t:|1776653400\n|switch|p2b: Garchomp|Garchomp, L50, F|100/100\n|move|p2a: Sneasler|Close Combat|p1a: Milotic\n|-damage|p1a: Milotic|15/100\n|-unboost|p2a: Sneasler|def|1\n|-unboost|p2a: Sneasler|spd|1\n|-enditem|p2a: Sneasler|White Herb\n|-clearnegativeboost|p2a: Sneasler|[silent]\n|move|p1b: Sneasler|Close Combat|p2b: Garchomp\n|-damage|p2b: Garchomp|33/100\n|-unboost|p1b: Sneasler|def|1\n|-unboost|p1b: Sneasler|spd|1\n|-damage|p1b: Sneasler|44/100|[from] ability: Rough Skin|[of] p2b: Garchomp\n|-enditem|p1b: Sneasler|White Herb\n|-clearnegativeboost|p1b: Sneasler|[silent]\n|move|p1a: Milotic|Hypnosis|p2a: Sneasler\n|-status|p2a: Sneasler|slp|[from] move: Hypnosis\n|\n|-heal|p1a: Milotic|21/100|[from] item: Leftovers\n|upkeep\n|turn|4\n|inactive|cacamuerta has 30 seconds left.\n|inactive|MarsieHehe has 30 seconds left.\n|inactive|MarsieHehe has 20 seconds left.\n|\n|t:|1776653435\n|switch|p2b: Froslass|Froslass, L50, F|100/100\n|cant|p2a: Sneasler|slp\n|move|p1b: Sneasler|Close Combat|p2b: Froslass\n|-immune|p2b: Froslass\n|move|p1a: Milotic|Recover|p1a: Milotic\n|-heal|p1a: Milotic|71/100\n|\n|-heal|p1a: Milotic|77/100|[from] item: Leftovers\n|upkeep\n|turn|5\n|inactive|MarsieHehe has 30 seconds left.\n|\n|t:|1776653461\n|switch|p1b: Incineroar|Incineroar, L50, F|100/100\n|-ability|p1b: Incineroar|Intimidate|boost\n|-unboost|p2a: Sneasler|atk|1\n|-unboost|p2b: Froslass|atk|1\n|detailschange|p2b: Froslass|Froslass-Mega, L50, F\n|-mega|p2b: Froslass|Froslass|Froslassite\n|-weather|Snowscape|[from] ability: Snow Warning|[of] p2b: Froslass\n|-curestatus|p2a: Sneasler|slp|[msg]\n|move|p2a: Sneasler|Dire Claw|p1a: Milotic\n|-damage|p1a: Milotic|59/100\n|-status|p1a: Milotic|psn\n|move|p2b: Froslass|Aurora Veil|p2b: Froslass\n|-sidestart|p2: MarsieHehe|move: Aurora Veil\n|move|p1a: Milotic|Hypnosis|p2b: Froslass\n|-status|p2b: Froslass|slp|[from] move: Hypnosis\n|\n|-weather|Snowscape|[upkeep]\n|-heal|p1a: Milotic|65/100 psn|[from] item: Leftovers\n|-damage|p1a: Milotic|53/100 psn|[from] psn\n|upkeep\n|turn|6\n|inactive|cacamuerta has 30 seconds left.\n|inactive|MarsieHehe has 30 seconds left.\n|inactive|MarsieHehe has 20 seconds left.\n|\n|t:|1776653500\n|switch|p2b: Garchomp|Garchomp, L50, F|33/100\n|move|p2a: Sneasler|Protect|p2a: Sneasler\n|-singleturn|p2a: Sneasler|Protect\n|move|p1b: Incineroar|Fake Out|p2a: Sneasler\n|-activate|p2a: Sneasler|move: Protect\n|move|p1a: Milotic|Hypnosis|p2a: Sneasler\n|-activate|p2a: Sneasler|move: Protect\n|\n|-weather|Snowscape|[upkeep]\n|-heal|p1a: Milotic|59/100 psn|[from] item: Leftovers\n|-damage|p1a: Milotic|47/100 psn|[from] psn\n|upkeep\n|turn|7\n|inactive|cacamuerta has 30 seconds left.\n|inactive|MarsieHehe has 30 seconds left.\n|inactive|cacamuerta has 20 seconds left.\n|\n|t:|1776653536\n|move|p2a: Sneasler|Close Combat|p1b: Incineroar\n|-supereffective|p1b: Incineroar|1\n|-enditem|p1b: Incineroar|Chople Berry|[eat]\n|-enditem|p1b: Incineroar|Chople Berry|[weaken]\n|-damage|p1b: Incineroar|57/100\n|-unboost|p2a: Sneasler|def|1\n|-unboost|p2a: Sneasler|spd|1\n|move|p2b: Garchomp|Dragon Claw|p1a: Milotic\n|-damage|p1a: Milotic|17/100 psn\n|move|p1a: Milotic|Recover|p1a: Milotic\n|-heal|p1a: Milotic|67/100 psn\n|move|p1b: Incineroar|Parting Shot|p2a: Sneasler\n|-unboost|p2a: Sneasler|atk|1\n|-unboost|p2a: Sneasler|spa|1\n|\n|t:|1776653551\n|switch|p1b: Sneasler|Sneasler, L50, F|44/100|[from] Parting Shot\n|\n|-weather|Snowscape|[upkeep]\n|-heal|p1a: Milotic|73/100 psn|[from] item: Leftovers\n|-damage|p1a: Milotic|60/100 psn|[from] psn\n|upkeep\n|turn|8\n|inactive|cacamuerta has 30 seconds left.\n|\n|t:|1776653579\n|switch|p2a: Froslass|Froslass-Mega, L50, F|100/100 slp\n|move|p2b: Garchomp|Dragon Claw|p1b: Sneasler\n|-damage|p1b: Sneasler|0 fnt\n|faint|p1b: Sneasler\n|move|p1a: Milotic|Muddy Water|p2a: Froslass|[spread] p2a,p2b\n|-damage|p2a: Froslass|79/100 slp\n|-damage|p2b: Garchomp|14/100\n|-unboost|p2a: Froslass|accuracy|1\n|\n|-weather|Snowscape|[upkeep]\n|-heal|p1a: Milotic|66/100 psn|[from] item: Leftovers\n|-damage|p1a: Milotic|54/100 psn|[from] psn\n|upkeep\n|\n|t:|1776653597\n|switch|p1b: Incineroar|Incineroar, L50, F|57/100\n|-ability|p1b: Incineroar|Intimidate|boost\n|-unboost|p2a: Froslass|atk|1\n|-unboost|p2b: Garchomp|atk|1\n|turn|9\n|inactive|cacamuerta has 30 seconds left.\n|inactive|cacamuerta has 20 seconds left.\n|inactive|cacamuerta has 15 seconds left.\n|\n|t:|1776653637\n|cant|p2a: Froslass|slp\n|move|p2b: Garchomp|Dragon Claw|p1b: Incineroar\n|-damage|p1b: Incineroar|29/100\n|move|p1a: Milotic|Recover|p1a: Milotic\n|-heal|p1a: Milotic|100/100 psn\n|move|p1b: Incineroar|Darkest Lariat|p2a: Froslass\n|-supereffective|p2a: Froslass|1\n|-damage|p2a: Froslass|33/100 slp\n|\n|-weather|none\n|-damage|p1a: Milotic|88/100 psn|[from] psn\n|-sideend|p2: MarsieHehe|move: Aurora Veil\n|upkeep\n|turn|10\n|inactive|cacamuerta has 30 seconds left.\n|\n|t:|1776653672\n|switch|p2a: Aerodactyl|Aerodactyl, L50, M|100/100 slp\n|-ability|p2a: Aerodactyl|Unnerve\n|move|p2b: Garchomp|Dragon Claw|p1b: Incineroar\n|-damage|p1b: Incineroar|0 fnt\n|faint|p1b: Incineroar\n|move|p1a: Milotic|Coil|p1a: Milotic\n|-boost|p1a: Milotic|atk|1\n|-boost|p1a: Milotic|def|1\n|-boost|p1a: Milotic|accuracy|1\n|\n|-heal|p1a: Milotic|94/100 psn|[from] item: Leftovers\n|-damage|p1a: Milotic|82/100 psn|[from] psn\n|upkeep\n|\n|t:|1776653687\n|switch|p1b: Charizard|Charizard, L50, M|100/100\n|turn|11\n|inactive|cacamuerta has 30 seconds left.\n|\n|t:|1776653717\n|detailschange|p1b: Charizard|Charizard-Mega-Y, L50, M\n|-mega|p1b: Charizard|Charizard|Charizardite Y\n|-weather|SunnyDay|[from] ability: Drought|[of] p1b: Charizard\n|move|p1b: Charizard|Protect|p1b: Charizard\n|-singleturn|p1b: Charizard|Protect\n|cant|p2a: Aerodactyl|slp\n|move|p2b: Garchomp|Dragon Claw|p1b: Charizard\n|-activate|p1b: Charizard|move: Protect\n|move|p1a: Milotic|Muddy Water|p2a: Aerodactyl|[spread] p2a,p2b\n|-supereffective|p2a: Aerodactyl|1\n|-damage|p2a: Aerodactyl|65/100 slp\n|-damage|p2b: Garchomp|0 fnt\n|-unboost|p2a: Aerodactyl|accuracy|1\n|faint|p2b: Garchomp\n|\n|-weather|SunnyDay|[upkeep]\n|-heal|p1a: Milotic|88/100 psn|[from] item: Leftovers\n|-damage|p1a: Milotic|75/100 psn|[from] psn\n|upkeep\n|\n|t:|1776653734\n|switch|p2b: Froslass|Froslass-Mega, L50, F|33/100 slp\n|-weather|Snowscape|[from] ability: Snow Warning|[of] p2b: Froslass\n|turn|12\n|inactive|cacamuerta has 30 seconds left.\n|\n|t:|1776653767\n|cant|p2a: Aerodactyl|slp\n|-curestatus|p2b: Froslass|slp|[msg]\n|move|p2b: Froslass|Aurora Veil|p2b: Froslass\n|-sidestart|p2: MarsieHehe|move: Aurora Veil\n|move|p1b: Charizard|Weather Ball|p2a: Aerodactyl\n|-supereffective|p2a: Aerodactyl|1\n|-damage|p2a: Aerodactyl|0 fnt\n|faint|p2a: Aerodactyl\n|move|p1a: Milotic|Muddy Water|p2b: Froslass\n|-damage|p2b: Froslass|3/100\n|\n|-weather|Snowscape|[upkeep]\n|-heal|p1a: Milotic|81/100 psn|[from] item: Leftovers\n|-damage|p1a: Milotic|69/100 psn|[from] psn\n|upkeep\n|\n|t:|1776653780\n|switch|p2a: Sneasler|Sneasler, L50, F|100/100\n|turn|13\n|\n|t:|1776653797\n|move|p2a: Sneasler|Fake Out|p1a: Milotic\n|-damage|p1a: Milotic|61/100 psn\n|move|p2b: Froslass|Shadow Ball|p1a: Milotic\n|-damage|p1a: Milotic|32/100 psn\n|move|p1b: Charizard|Heat Wave|p2b: Froslass|[spread] p2a,p2b\n|-supereffective|p2b: Froslass|1\n|-damage|p2a: Sneasler|59/100\n|-damage|p2b: Froslass|0 fnt\n|faint|p2b: Froslass\n|cant|p1a: Milotic|flinch\n|\n|-weather|Snowscape|[upkeep]\n|-heal|p1a: Milotic|38/100 psn|[from] item: Leftovers\n|-damage|p1a: Milotic|26/100 psn|[from] psn\n|upkeep\n|turn|14\n|inactive|cacamuerta has 30 seconds left.\n|inactive|cacamuerta has 20 seconds left.\n|inactive|cacamuerta has 15 seconds left.\n|inactive|cacamuerta has 10 seconds left.\n|\n|t:|1776653824\n|move|p2a: Sneasler|Dire Claw|p1b: Charizard\n|-damage|p1b: Charizard|42/100\n|move|p1b: Charizard|Weather Ball|p2a: Sneasler\n|-damage|p2a: Sneasler|19/100\n|move|p1a: Milotic|Recover|p1a: Milotic\n|-heal|p1a: Milotic|76/100 psn\n|\n|-weather|Snowscape|[upkeep]\n|-heal|p1a: Milotic|82/100 psn|[from] item: Leftovers\n|-damage|p1a: Milotic|69/100 psn|[from] psn\n|upkeep\n|turn|15\n|inactive|cacamuerta has 10 seconds left this turn.\n|inactive|cacamuerta has 5 seconds left.\n|-message|cacamuerta lost due to inactivity.\n|\n|win|MarsieHehe\n|raw|cacamuerta's rating: 1288 &rarr; <strong>1260</strong><br />(-28 for losing)\n|raw|MarsieHehe's rating: 1252 &rarr; <strong>1280</strong><br />(+28 for winning)\n",
  "uploadtime": 1776653850,
  "views": 11,
  "formatid": "gen9championsvgc2026regma",
  "rating": 1260,
  "private": 0,
  "password": null
}