{
  "id": "gen9championsvgc2026regma-2587565581",
  "format": "[Gen 9 Champions] VGC 2026 Reg M-A",
  "players": [
    "chessin776",
    "Chanduurla"
  ],
  "log": "|j|\u2606chessin776\n|j|\u2606Chanduurla\n|t:|1776542777\n|gametype|doubles\n|player|p1|chessin776|cheryl|1102\n|player|p2|Chanduurla|psychicf-gen4|1169\n|gen|9\n|tier|[Gen 9 Champions] VGC 2026 Reg M-A\n|rated|\n|rule|Species Clause: Limit one of each Pok\u00e9mon\n|rule|Item Clause: Limit 1 of each item\n|clearpoke\n|poke|p1|Charizard, L50, M|\n|poke|p1|Venusaur, L50, M|\n|poke|p1|Clefable, L50, F|\n|poke|p1|Primarina, L50, F|\n|poke|p1|Farigiraf, L50, F|\n|poke|p1|Aegislash, L50, M|\n|poke|p2|Aegislash, L50, F|\n|poke|p2|Floette-Eternal, L50, F|\n|poke|p2|Sneasler, L50, F|\n|poke|p2|Ceruledge, L50, F|\n|poke|p2|Decidueye, L50, F|\n|poke|p2|Basculegion-F, L50, F|\n|teampreview|4\n|\n|t:|1776542805\n|teamsize|p1|4\n|teamsize|p2|4\n|start\n|switch|p1a: Roaring Flame|Charizard, L50, M|100/100\n|switch|p1b: Roaring Nature|Venusaur, L50, M|100/100\n|switch|p2a: Sneasler|Sneasler, L50, F|100/100\n|switch|p2b: Decidueye|Decidueye, L50, F|100/100\n|turn|1\n|\n|t:|1776542817\n|switch|p1b: Giraffe|Farigiraf, L50, F|100/100\n|detailschange|p1a: Roaring Flame|Charizard-Mega-Y, L50, M\n|-mega|p1a: Roaring Flame|Charizard|Charizardite Y\n|-weather|SunnyDay|[from] ability: Drought|[of] p1a: Roaring Flame\n|move|p2a: Sneasler|Fake Out||[still]\n|cant|p1b: Giraffe|ability: Armor Tail|Fake Out|[of] p2a: Sneasler\n|move|p1a: Roaring Flame|Heat Wave|p2a: Sneasler|[spread] p2a,p2b\n|-supereffective|p2b: Decidueye|1\n|-damage|p2a: Sneasler|7/100\n|-damage|p2b: Decidueye|0 fnt\n|faint|p2b: Decidueye\n|\n|-weather|SunnyDay|[upkeep]\n|upkeep\n|\n|t:|1776542825\n|switch|p2b: Ceruledge|Ceruledge, L50, F|100/100\n|turn|2\n|\n|t:|1776542843\n|move|p1b: Giraffe|Protect|p1b: Giraffe\n|-singleturn|p1b: Giraffe|Protect\n|move|p2a: Sneasler|Dire Claw|p1a: Roaring Flame\n|-damage|p1a: Roaring Flame|38/100\n|move|p1a: Roaring Flame|Air Slash|p2a: Sneasler\n|-supereffective|p2a: Sneasler|1\n|-damage|p2a: Sneasler|0 fnt\n|faint|p2a: Sneasler\n|move|p2b: Ceruledge|Bitter Blade|p1b: Giraffe\n|-activate|p1b: Giraffe|move: Protect\n|\n|-weather|SunnyDay|[upkeep]\n|upkeep\n|\n|t:|1776542847\n|switch|p2a: Aegislash|Aegislash, L50, F|100/100\n|turn|3\n|\n|t:|1776542859\n|move|p2a: Aegislash|King's Shield|p2a: Aegislash\n|-singleturn|p2a: Aegislash|Protect\n|move|p1a: Roaring Flame|Heat Wave|p2a: Aegislash|[spread] p2b\n|-activate|p2a: Aegislash|move: Protect\n|-resisted|p2b: Ceruledge|1\n|-damage|p2b: Ceruledge|60/100\n|move|p2b: Ceruledge|Bitter Blade|p1a: Roaring Flame\n|-resisted|p1a: Roaring Flame|1\n|-damage|p1a: Roaring Flame|0 fnt\n|-heal|p2b: Ceruledge|79/100|[from] drain|[of] p1a: Roaring Flame\n|faint|p1a: Roaring Flame\n|move|p1b: Giraffe|Psychic|p2b: Ceruledge\n|-damage|p2b: Ceruledge|28/100\n|\n|-weather|SunnyDay|[upkeep]\n|upkeep\n|\n|t:|1776542862\n|switch|p1a: Roaring Nature|Venusaur, L50, M|100/100\n|turn|4\n|\n|t:|1776542874\n|move|p2b: Ceruledge|Protect|p2b: Ceruledge\n|-singleturn|p2b: Ceruledge|Protect\n|move|p1a: Roaring Nature|Sleep Powder|p2a: Aegislash\n|-status|p2a: Aegislash|slp|[from] move: Sleep Powder\n|cant|p2a: Aegislash|slp\n|move|p1b: Giraffe|Psychic|p2b: Ceruledge\n|-activate|p2b: Ceruledge|move: Protect\n|\n|-weather|SunnyDay|[upkeep]\n|upkeep\n|turn|5\n|\n|t:|1776542881\n|move|p2b: Ceruledge|Protect|p2b: Ceruledge\n|-singleturn|p2b: Ceruledge|Protect\n|move|p1a: Roaring Nature|Growth|p1a: Roaring Nature\n|-boost|p1a: Roaring Nature|atk|2\n|-boost|p1a: Roaring Nature|spa|2\n|cant|p2a: Aegislash|slp\n|move|p1b: Giraffe|Psychic|p2b: Ceruledge\n|-activate|p2b: Ceruledge|move: Protect\n|\n|-weather|none\n|upkeep\n|turn|6\n|\n|t:|1776542893\n|-curestatus|p2a: Aegislash|slp|[msg]\n|-formechange|p2a: Aegislash|Aegislash-Blade|\n|move|p2a: Aegislash|Shadow Sneak||[still]\n|cant|p1b: Giraffe|ability: Armor Tail|Shadow Sneak|[of] p2a: Aegislash\n|move|p2b: Ceruledge|Bitter Blade|p1a: Roaring Nature\n|-supereffective|p1a: Roaring Nature|1\n|-damage|p1a: Roaring Nature|0 fnt\n|-heal|p2b: Ceruledge|82/100|[from] drain|[of] p1a: Roaring Nature\n|faint|p1a: Roaring Nature\n|move|p1b: Giraffe|Psychic|p2a: Aegislash\n|-resisted|p2a: Aegislash|1\n|-damage|p2a: Aegislash|60/100\n|\n|upkeep\n|\n|t:|1776542902\n|switch|p1a: Roaring Water|Primarina, L50, F|100/100\n|turn|7\n|\n|t:|1776542908\n|move|p2b: Ceruledge|Protect|p2b: Ceruledge\n|-singleturn|p2b: Ceruledge|Protect\n|-formechange|p2a: Aegislash|Aegislash|\n|move|p2a: Aegislash|King's Shield|p2a: Aegislash\n|-singleturn|p2a: Aegislash|Protect\n|move|p1a: Roaring Water|Calm Mind|p1a: Roaring Water\n|-boost|p1a: Roaring Water|spa|1\n|-boost|p1a: Roaring Water|spd|1\n|move|p1b: Giraffe|Trick Room|p1b: Giraffe\n|-fieldstart|move: Trick Room|[of] p1b: Giraffe\n|\n|upkeep\n|turn|8\n|\n|t:|1776542919\n|move|p1b: Giraffe|Reflect|p1b: Giraffe\n|-sidestart|p1: chessin776|Reflect\n|move|p1a: Roaring Water|Hyper Voice|p2a: Aegislash|[spread] p2a,p2b\n|-supereffective|p2b: Ceruledge|1\n|-damage|p2a: Aegislash|0 fnt\n|-damage|p2b: Ceruledge|0 fnt\n|faint|p2a: Aegislash\n|faint|p2b: Ceruledge\n|\n|win|chessin776\n|raw|chessin776's rating: 1102 &rarr; <strong>1132</strong><br />(+30 for winning)\n|raw|Chanduurla's rating: 1169 &rarr; <strong>1139</strong><br />(-30 for losing)\n|l|\u2606Chanduurla\n|player|p2|\n|c|\u2606chessin776|Ggwp\n",
  "uploadtime": 1776542934,
  "views": 14,
  "formatid": "gen9championsvgc2026regma",
  "rating": 1132,
  "private": 0,
  "password": null
}