{
  "id": "gen9championsvgc2026regma-2581834865",
  "format": "[Gen 9 Champions] VGC 2026 Reg M-A",
  "players": [
    "brandonrich13",
    "wuhyun"
  ],
  "log": "|j|\u2606brandonrich13\n|j|\u2606wuhyun\n|t:|1776032283\n|gametype|doubles\n|player|p1|brandonrich13|170|1040\n|player|p2|wuhyun|caitlin-masters|1052\n|gen|9\n|tier|[Gen 9 Champions] VGC 2026 Reg M-A\n|rated|\n|rule|Species Clause: Limit one of each Pok\u00e9mon\n|rule|Item Clause: Limit 1 of each item\n|clearpoke\n|poke|p1|Delphox, L50, F|\n|poke|p1|Meowstic, L50, M|\n|poke|p1|Basculegion, L50, M|\n|poke|p1|Clefable, L50, F|\n|poke|p1|Kingambit, L50, F|\n|poke|p1|Sneasler, L50, M|\n|poke|p2|Froslass, L50, F|\n|poke|p2|Garchomp, L50, F|\n|poke|p2|Corviknight, L50, F|\n|poke|p2|Incineroar, L50, F|\n|poke|p2|Sinistcha, L50|\n|poke|p2|Primarina, L50, M|\n|teampreview|4\n|inactive|Battle timer is ON: inactive players will automatically lose when time's up. (requested by wuhyun)\n|\n|t:|1776032308\n|teamsize|p1|4\n|teamsize|p2|4\n|start\n|switch|p1a: Delphox|Delphox, L50, F, shiny|100/100\n|switch|p1b: Meowstic|Meowstic, L50, M, shiny|100/100\n|switch|p2a: Incineroar|Incineroar, L50, F|100/100\n|switch|p2b: Primarina|Primarina, L50, M|100/100\n|-ability|p2a: Incineroar|Intimidate|boost\n|-unboost|p1a: Delphox|atk|1\n|-unboost|p1b: Meowstic|atk|1\n|turn|1\n|inactive|brandonrich13 has 30 seconds left.\n|\n|t:|1776032340\n|move|p1b: Meowstic|Quick Guard|p1b: Meowstic\n|-singleturn|p1b: Meowstic|Quick Guard\n|move|p1a: Delphox|Protect|p1a: Delphox\n|-singleturn|p1a: Delphox|Protect\n|move|p2a: Incineroar|Fake Out|p1b: Meowstic\n|-activate|p1b: Meowstic|move: Quick Guard\n|move|p2b: Primarina|Calm Mind|p2b: Primarina\n|-boost|p2b: Primarina|spa|1\n|-boost|p2b: Primarina|spd|1\n|\n|upkeep\n|turn|2\n|\n|t:|1776032361\n|switch|p1a: Clefable|Clefable, L50, F, shiny|100/100\n|move|p1b: Meowstic|Psychic Terrain|p1b: Meowstic\n|-fieldstart|move: Psychic Terrain\n|move|p2b: Primarina|Calm Mind|p2b: Primarina\n|-boost|p2b: Primarina|spa|1\n|-boost|p2b: Primarina|spd|1\n|move|p2a: Incineroar|Parting Shot|p1a: Clefable\n|-unboost|p1a: Clefable|atk|1\n|-unboost|p1a: Clefable|spa|1\n|\n|t:|1776032373\n|switch|p2a: Froslass|Froslass, L50, F|100/100|[from] Parting Shot\n|\n|upkeep\n|turn|3\n|\n|t:|1776032384\n|detailschange|p2a: Froslass|Froslass-Mega, L50, F\n|-mega|p2a: Froslass|Froslass|Froslassite\n|-weather|Snowscape|[from] ability: Snow Warning|[of] p2a: Froslass\n|move|p1a: Clefable|Protect|p1a: Clefable\n|-singleturn|p1a: Clefable|Protect\n|move|p2a: Froslass|Aurora Veil|p2a: Froslass\n|-sidestart|p2: wuhyun|move: Aurora Veil\n|move|p1b: Meowstic|Expanding Force|p2a: Froslass|[spread] p2a,p2b\n|-crit|p2a: Froslass\n|-damage|p2a: Froslass|32/100\n|-damage|p2b: Primarina|91/100\n|move|p2b: Primarina|Hyper Voice|p1a: Clefable|[spread] p1b\n|-activate|p1a: Clefable|move: Protect\n|-damage|p1b: Meowstic|19/100\n|\n|-weather|Snowscape|[upkeep]\n|-heal|p2b: Primarina|96/100|[from] item: Leftovers\n|upkeep\n|turn|4\n|\n|t:|1776032405\n|move|p1a: Clefable|Helping Hand|p1b: Meowstic\n|-singleturn|p1b: Meowstic|Helping Hand|[of] p1a: Clefable\n|move|p2a: Froslass|Blizzard|p1b: Meowstic|[spread] p1a,p1b\n|-damage|p1a: Clefable|59/100\n|-damage|p1b: Meowstic|0 fnt\n|faint|p1b: Meowstic\n|move|p2b: Primarina|Hyper Voice|p1a: Clefable\n|-damage|p1a: Clefable|12/100\n|-enditem|p1a: Clefable|Sitrus Berry|[eat]\n|-heal|p1a: Clefable|37/100|[from] item: Sitrus Berry\n|\n|-weather|Snowscape|[upkeep]\n|-heal|p2b: Primarina|100/100|[from] item: Leftovers\n|upkeep\n|\n|t:|1776032410\n|switch|p1b: Delphox|Delphox, L50, F, shiny|100/100\n|turn|5\n|\n|t:|1776032422\n|detailschange|p1b: Delphox|Delphox-Mega, L50, F, shiny\n|-mega|p1b: Delphox|Delphox|Delphoxite\n|move|p1a: Clefable|Helping Hand|p1b: Delphox\n|-singleturn|p1b: Delphox|Helping Hand|[of] p1a: Clefable\n|move|p2a: Froslass|Protect|p2a: Froslass\n|-singleturn|p2a: Froslass|Protect\n|move|p1b: Delphox|Expanding Force|p2b: Primarina\n|-damage|p2b: Primarina|79/100\n|move|p2b: Primarina|Hyper Voice|p1b: Delphox|[spread] p1a,p1b\n|-supereffective|p1b: Delphox|1\n|-damage|p1a: Clefable|2/100\n|-damage|p1b: Delphox|0 fnt\n|faint|p1b: Delphox\n|\n|-weather|Snowscape|[upkeep]\n|-heal|p2b: Primarina|84/100|[from] item: Leftovers\n|upkeep\n|\n|t:|1776032431\n|switch|p1b: Kingambit|Kingambit, L50, F, shiny|100/100\n|turn|6\n|-message|brandonrich13 forfeited.\n|\n|win|wuhyun\n|raw|brandonrich13's rating: 1040 &rarr; <strong>1025</strong><br />(-15 for losing)\n|raw|wuhyun's rating: 1052 &rarr; <strong>1083</strong><br />(+31 for winning)\n|l|\u2606brandonrich13\n|player|p1|\n",
  "uploadtime": 1776032446,
  "views": 33,
  "formatid": "gen9championsvgc2026regma",
  "rating": 1025,
  "private": 0,
  "password": null
}