{
  "id": "gen9championsvgc2026regma-2587410639",
  "format": "[Gen 9 Champions] VGC 2026 Reg M-A",
  "players": [
    "paro_1",
    "Yslade"
  ],
  "log": "|j|\u2606paro_1\n|j|\u2606Yslade\n|t:|1776529523\n|gametype|doubles\n|player|p1|paro_1|dawn|1243\n|player|p2|Yslade|preschooler|1310\n|gen|9\n|tier|[Gen 9 Champions] VGC 2026 Reg M-A\n|rated|\n|rule|Species Clause: Limit one of each Pok\u00e9mon\n|rule|Item Clause: Limit 1 of each item\n|clearpoke\n|poke|p1|Gengar, L50, F|\n|poke|p1|Incineroar, L50, M|\n|poke|p1|Maushold, L50|\n|poke|p1|Kommo-o, L50, F|\n|poke|p1|Basculegion, L50, M|\n|poke|p1|Politoed, L50, M|\n|poke|p2|Floette-Eternal, L50, F|\n|poke|p2|Pelipper, L50, F|\n|poke|p2|Basculegion, L50, M|\n|poke|p2|Kingambit, L50, M|\n|poke|p2|Sinistcha, L50|\n|poke|p2|Sneasler, L50, M|\n|teampreview|4\n|inactive|Battle timer is ON: inactive players will automatically lose when time's up. (requested by paro_1)\n|inactive|Yslade also wants the timer to be on.\nYslade rejected open team sheets.\n|inactive|paro_1 has 60 seconds left.\n|inactive|Yslade has 60 seconds left.\n|inactive|paro_1 has 30 seconds left.\n|\n|t:|1776529586\n|teamsize|p1|4\n|teamsize|p2|4\n|start\n|switch|p1a: Gengar|Gengar, L50, F|100/100\n|switch|p1b: Kommo-o|Kommo-o, L50, F|100/100\n|switch|p2a: Pelipper|Pelipper, L50, F|100/100\n|switch|p2b: Kingambit|Kingambit, L50, M|100/100\n|-weather|RainDance|[from] ability: Drizzle|[of] p2a: Pelipper\n|turn|1\n|inactive|paro_1 has 30 seconds left.\n|\n|t:|1776529613\n|switch|p1a: Maushold|Maushold, L50|100/100\n|switch|p2b: Basculegion|Basculegion, L50, M|100/100\n|move|p1b: Kommo-o|Protect|p1b: Kommo-o\n|-singleturn|p1b: Kommo-o|Protect\n|move|p2a: Pelipper|Wide Guard||[still]\n|-fail|p2a: Pelipper\n|\n|-weather|RainDance|[upkeep]\n|upkeep\n|turn|2\n|inactive|paro_1 has 30 seconds left.\n|inactive|paro_1 has 20 seconds left.\n|inactive|Yslade has 30 seconds left.\n|inactive|paro_1 has 15 seconds left.\n|inactive|paro_1 has 10 seconds left.\n|inactive|Yslade has 20 seconds left.\n|inactive|Yslade has 15 seconds left.\n|\n|t:|1776529664\n|move|p1b: Kommo-o|Protect||[still]\n|-fail|p1b: Kommo-o\n|move|p2b: Basculegion|Flip Turn|p1a: Maushold\n|-damage|p1a: Maushold|29/100\n|\n|t:|1776529673\n|switch|p2b: Kingambit|Kingambit, L50, M|100/100|[from] Flip Turn\n|move|p1a: Maushold|Taunt|p2a: Pelipper\n|-start|p2a: Pelipper|move: Taunt\n|cant|p2a: Pelipper|move: Taunt|Tailwind\n|\n|-weather|RainDance|[upkeep]\n|upkeep\n|turn|3\n|inactive|paro_1 has 30 seconds left.\n|\n|t:|1776529700\n|switch|p2b: Basculegion|Basculegion, L50, M|100/100\n|move|p1a: Maushold|Follow Me|p1a: Maushold\n|-singleturn|p1a: Maushold|move: Follow Me\n|move|p1b: Kommo-o|Aura Sphere|p2b: Basculegion\n|-immune|p2b: Basculegion\n|move|p2a: Pelipper|Weather Ball|p1a: Maushold\n|-damage|p1a: Maushold|0 fnt\n|faint|p1a: Maushold\n|\n|-weather|RainDance|[upkeep]\n|upkeep\n|\n|t:|1776529715\n|switch|p1a: Gengar|Gengar, L50, F|100/100\n|turn|4\n|\n|t:|1776529731\n|detailschange|p1a: Gengar|Gengar-Mega, L50, F\n|-mega|p1a: Gengar|Gengar|Gengarite\n|move|p1a: Gengar|Protect|p1a: Gengar\n|-singleturn|p1a: Gengar|Protect\n|move|p2b: Basculegion|Flip Turn|p1a: Gengar\n|-activate|p1a: Gengar|move: Protect\n|move|p1b: Kommo-o|Clanging Scales|p2b: Basculegion|[spread] p2a,p2b\n|-damage|p2a: Pelipper|34/100\n|-damage|p2b: Basculegion|50/100\n|-unboost|p1b: Kommo-o|def|1\n|move|p2a: Pelipper|Weather Ball|p1a: Gengar\n|-activate|p1a: Gengar|move: Protect\n|\n|-weather|RainDance|[upkeep]\n|-end|p2a: Pelipper|move: Taunt\n|upkeep\n|turn|5\n|inactive|paro_1 has 30 seconds left.\n|inactive|paro_1 has 20 seconds left.\n|\n|t:|1776529770\n|move|p2a: Pelipper|Wide Guard|p2a: Pelipper\n|-singleturn|p2a: Pelipper|Wide Guard\n|move|p2b: Basculegion|Wave Crash|p1a: Gengar\n|-damage|p1a: Gengar|0 fnt\n|faint|p1a: Gengar\n|-damage|p2b: Basculegion|22/100|[from] Recoil\n|move|p1b: Kommo-o|Clanging Scales|p2b: Basculegion|[spread] \n|-activate|p2a: Pelipper|move: Wide Guard\n|-activate|p2b: Basculegion|move: Wide Guard\n|\n|-weather|none\n|upkeep\n|-message|paro_1 forfeited.\n|\n|win|Yslade\n|raw|paro_1's rating: 1243 &rarr; <strong>1223</strong><br />(-20 for losing)\n|raw|Yslade's rating: 1310 &rarr; <strong>1326</strong><br />(+16 for winning)\n|l|\u2606paro_1\n|player|p1|\n",
  "uploadtime": 1776529784,
  "views": 36,
  "formatid": "gen9championsvgc2026regma",
  "rating": 1223,
  "private": 0,
  "password": null
}