{
  "id": "gen9championsvgc2026regma-2585691468",
  "format": "[Gen 9 Champions] VGC 2026 Reg M-A",
  "players": [
    "vicswayze",
    "MegaPoblano"
  ],
  "log": "|j|\u2606vicswayze\n|j|\u203dMegaPoblano\n|t:|1776364043\n|gametype|doubles\n|player|p1|vicswayze|burglar|1231\n|player|p2|MegaPoblano|red|1253\n|gen|9\n|tier|[Gen 9 Champions] VGC 2026 Reg M-A\n|rated|\n|rule|Species Clause: Limit one of each Pok\u00e9mon\n|rule|Item Clause: Limit 1 of each item\n|clearpoke\n|poke|p1|Froslass, L50, F|\n|poke|p1|Rotom-Frost, L50|\n|poke|p1|Garchomp, L50, F|\n|poke|p1|Incineroar, L50, M|\n|poke|p1|Empoleon, L50, M|\n|poke|p1|Kingambit, L50, M|\n|poke|p2|Scovillain, L50, F|\n|poke|p2|Aerodactyl, L50, F|\n|poke|p2|Garchomp, L50, M|\n|poke|p2|Sneasler, L50, M|\n|poke|p2|Sinistcha, L50|\n|poke|p2|Primarina, L50, F|\n|teampreview|4\n|\n|t:|1776364081\n|teamsize|p1|4\n|teamsize|p2|4\n|start\n|switch|p1a: Rotom|Rotom-Frost, L50|100/100\n|switch|p1b: Froslass|Froslass, L50, F|100/100\n|switch|p2a: Scovillain|Scovillain, L50, F|100/100\n|switch|p2b: Primarina|Primarina, L50, F|100/100\n|turn|1\n|\n|t:|1776364128\n|detailschange|p1b: Froslass|Froslass-Mega, L50, F\n|-mega|p1b: Froslass|Froslass|Froslassite\n|-weather|Snowscape|[from] ability: Snow Warning|[of] p1b: Froslass\n|detailschange|p2a: Scovillain|Scovillain-Mega, L50, F\n|-mega|p2a: Scovillain|Scovillain|Scovillainite\n|move|p2a: Scovillain|Rage Powder|p2a: Scovillain\n|-singleturn|p2a: Scovillain|move: Rage Powder\n|move|p1a: Rotom|Thunderbolt|p2a: Scovillain\n|-resisted|p2a: Scovillain|1\n|-crit|p2a: Scovillain\n|-damage|p2a: Scovillain|67/100\n|-status|p1a: Rotom|brn|[from] ability: Spicy Spray|[of] p2a: Scovillain\n|move|p1b: Froslass|Blizzard|p2a: Scovillain|[spread] p2a,p2b\n|-resisted|p2b: Primarina|1\n|-damage|p2a: Scovillain|16/100\n|-damage|p2b: Primarina|81/100\n|-status|p1b: Froslass|brn|[from] ability: Spicy Spray|[of] p2a: Scovillain\n|move|p2b: Primarina|Calm Mind|p2b: Primarina\n|-boost|p2b: Primarina|spa|1\n|-boost|p2b: Primarina|spd|1\n|\n|-weather|Snowscape|[upkeep]\n|-heal|p2b: Primarina|87/100|[from] item: Leftovers\n|-damage|p1a: Rotom|95/100 brn|[from] brn\n|-damage|p1b: Froslass|94/100 brn|[from] brn\n|upkeep\n|turn|2\n|inactive|Battle timer is ON: inactive players will automatically lose when time's up. (requested by vicswayze)\n|\n|t:|1776364160\n|move|p2a: Scovillain|Rage Powder|p2a: Scovillain\n|-singleturn|p2a: Scovillain|move: Rage Powder\n|move|p1a: Rotom|Thunderbolt|p2a: Scovillain\n|-resisted|p2a: Scovillain|1\n|-damage|p2a: Scovillain|0 fnt\n|faint|p2a: Scovillain\n|move|p1b: Froslass|Blizzard|p2b: Primarina\n|-resisted|p2b: Primarina|1\n|-damage|p2b: Primarina|70/100\n|move|p2b: Primarina|Hyper Voice|p1b: Froslass|[spread] p1a,p1b\n|-damage|p1a: Rotom|28/100 brn\n|-damage|p1b: Froslass|31/100 brn\n|\n|-weather|Snowscape|[upkeep]\n|-heal|p2b: Primarina|76/100|[from] item: Leftovers\n|-damage|p1a: Rotom|23/100 brn|[from] brn\n|-damage|p1b: Froslass|25/100 brn|[from] brn\n|upkeep\n|\n|t:|1776364173\n|switch|p2a: Sneasler|Sneasler, L50, M|100/100\n|turn|3\n|\n|t:|1776364185\n|switch|p1a: Garchomp|Garchomp, L50, F|100/100\n|move|p2a: Sneasler|Fake Out|p1a: Garchomp\n|-damage|p1a: Garchomp|85/100\n|-damage|p2a: Sneasler|88/100|[from] ability: Rough Skin|[of] p1a: Garchomp\n|move|p1b: Froslass|Aurora Veil|p1b: Froslass\n|-sidestart|p1: vicswayze|move: Aurora Veil\n|move|p2b: Primarina|Hyper Voice|p1a: Garchomp|[spread] p1a,p1b\n|-damage|p1a: Garchomp|45/100\n|-damage|p1b: Froslass|0 fnt\n|faint|p1b: Froslass\n|\n|-weather|Snowscape|[upkeep]\n|-heal|p2b: Primarina|82/100|[from] item: Leftovers\n|upkeep\n|\n|t:|1776364195\n|switch|p1b: Rotom|Rotom-Frost, L50|23/100 brn\n|turn|4\n|\n|t:|1776364211\n|move|p2b: Primarina|Protect|p2b: Primarina\n|-singleturn|p2b: Primarina|Protect\n|move|p1b: Rotom|Thunderbolt|p2b: Primarina\n|-activate|p2b: Primarina|move: Protect\n|move|p2a: Sneasler|Close Combat|p1b: Rotom\n|-supereffective|p1b: Rotom|1\n|-damage|p1b: Rotom|0 fnt\n|-unboost|p2a: Sneasler|def|1\n|-unboost|p2a: Sneasler|spd|1\n|faint|p1b: Rotom\n|-enditem|p2a: Sneasler|White Herb\n|-clearnegativeboost|p2a: Sneasler|[silent]\n|move|p1a: Garchomp|Earthquake|p2b: Primarina|[spread] p2a\n|-activate|p2b: Primarina|move: Protect\n|-supereffective|p2a: Sneasler|1\n|-damage|p2a: Sneasler|0 fnt\n|faint|p2a: Sneasler\n|\n|-weather|Snowscape|[upkeep]\n|-heal|p2b: Primarina|89/100|[from] item: Leftovers\n|upkeep\n|\n|t:|1776364216\n|switch|p2a: Garchomp|Garchomp, L50, M|100/100\n|switch|p1b: Incineroar|Incineroar, L50, M|100/100\n|-ability|p1b: Incineroar|Intimidate|boost\n|-unboost|p2a: Garchomp|atk|1\n|-unboost|p2b: Primarina|atk|1\n|turn|5\n|\n|t:|1776364232\n|move|p1b: Incineroar|Fake Out|p2b: Primarina\n|-crit|p2b: Primarina\n|-damage|p2b: Primarina|65/100\n|move|p1a: Garchomp|Dragon Claw|p2a: Garchomp\n|-supereffective|p2a: Garchomp|1\n|-damage|p2a: Garchomp|18/100\n|-damage|p1a: Garchomp|32/100|[from] ability: Rough Skin|[of] p2a: Garchomp\n|move|p2a: Garchomp|Dragon Claw|p1a: Garchomp\n|-supereffective|p1a: Garchomp|1\n|-damage|p1a: Garchomp|0 fnt\n|-damage|p2a: Garchomp|6/100|[from] ability: Rough Skin|[of] p1a: Garchomp\n|faint|p1a: Garchomp\n|cant|p2b: Primarina|flinch\n|\n|-weather|none\n|-heal|p2b: Primarina|71/100|[from] item: Leftovers\n|upkeep\n|turn|6\n|\n|t:|1776364245\n|move|p2a: Garchomp|Protect|p2a: Garchomp\n|-singleturn|p2a: Garchomp|Protect\n|move|p2b: Primarina|Protect|p2b: Primarina\n|-singleturn|p2b: Primarina|Protect\n|move|p1b: Incineroar|Darkest Lariat|p2a: Garchomp\n|-activate|p2a: Garchomp|move: Protect\n|\n|-heal|p2b: Primarina|77/100|[from] item: Leftovers\n|upkeep\n|turn|7\n|\n|t:|1776364260\n|move|p2a: Garchomp|Rock Slide|p1b: Incineroar\n|-supereffective|p1b: Incineroar|1\n|-damage|p1b: Incineroar|77/100\n|move|p2b: Primarina|Hyper Voice|p1b: Incineroar\n|-supereffective|p1b: Incineroar|1\n|-damage|p1b: Incineroar|0 fnt\n|faint|p1b: Incineroar\n|\n|win|MegaPoblano\n|raw|vicswayze's rating: 1231 &rarr; <strong>1208</strong><br />(-23 for losing)\n|raw|MegaPoblano's rating: 1253 &rarr; <strong>1276</strong><br />(+23 for winning)\n|l|\u2606vicswayze\n|player|p1|\n",
  "uploadtime": 1776364265,
  "views": 26,
  "formatid": "gen9championsvgc2026regma",
  "rating": 1208,
  "private": 0,
  "password": null
}