{
  "id": "gen9championsvgc2026regma-2584330054",
  "format": "[Gen 9 Champions] VGC 2026 Reg M-A",
  "players": [
    "pikachudrogadicto",
    "QuantumTwinSpark"
  ],
  "log": "|j|\u2606pikachudrogadicto\n|j|\u2606QuantumTwinSpark\n|t:|1776251910\n|gametype|doubles\n|player|p1|pikachudrogadicto|101|1128\n|player|p2|QuantumTwinSpark|cress|1066\n|gen|9\n|tier|[Gen 9 Champions] VGC 2026 Reg M-A\n|rated|\n|rule|Species Clause: Limit one of each Pok\u00e9mon\n|rule|Item Clause: Limit 1 of each item\n|clearpoke\n|poke|p1|Dragonite, L50, M|\n|poke|p1|Archaludon, L50, F|\n|poke|p1|Pelipper, L50, M|\n|poke|p1|Basculegion, L50, M|\n|poke|p1|Sneasler, L50, M|\n|poke|p1|Incineroar, L50, F|\n|poke|p2|Skarmory, L50, F|\n|poke|p2|Lycanroc-Dusk, L50, F|\n|poke|p2|Weavile, L50, F|\n|poke|p2|Garchomp, L50, M|\n|poke|p2|Salazzle, L50, F|\n|poke|p2|Sinistcha, L50|\n|teampreview|4\nQuantumTwinSpark rejected open team sheets.\n|inactive|Battle timer is ON: inactive players will automatically lose when time's up. (requested by pikachudrogadicto)\n|inactive|pikachudrogadicto has 60 seconds left.\n|inactive|QuantumTwinSpark has 60 seconds left.\n|\n|t:|1776251964\n|teamsize|p1|4\n|teamsize|p2|4\n|start\n|switch|p1a: Pelipper|Pelipper, L50, M|100/100\n|switch|p1b: Dragonite|Dragonite, L50, M|100/100\n|switch|p2a: Skarmory|Skarmory, L50, F|100/100\n|switch|p2b: Garchomp|Garchomp, L50, M|100/100\n|-weather|RainDance|[from] ability: Drizzle|[of] p1a: Pelipper\n|turn|1\n|\n|t:|1776251987\n|detailschange|p2a: Skarmory|Skarmory-Mega, L50, F\n|-mega|p2a: Skarmory|Skarmory|Skarmorite\n|detailschange|p1b: Dragonite|Dragonite-Mega, L50, M\n|-mega|p1b: Dragonite|Dragonite|Dragoninite\n|move|p1b: Dragonite|Protect|p1b: Dragonite\n|-singleturn|p1b: Dragonite|Protect\n|move|p2a: Skarmory|Taunt|p1a: Pelipper\n|-start|p1a: Pelipper|move: Taunt\n|move|p2b: Garchomp|Dragon Claw|p1b: Dragonite\n|-activate|p1b: Dragonite|move: Protect\n|cant|p1a: Pelipper|move: Taunt|Tailwind\n|\n|-weather|RainDance|[upkeep]\n|upkeep\n|turn|2\n|\n|t:|1776252010\n|switch|p1b: Basculegion|Basculegion, L50, M|100/100\n|switch|p1a: Archaludon|Archaludon, L50, F|100/100\n|move|p2a: Skarmory|Tailwind|p2a: Skarmory\n|-sidestart|p2: QuantumTwinSpark|move: Tailwind\n|move|p2b: Garchomp|Rock Slide|p1b: Basculegion|[spread] p1a,p1b\n|-resisted|p1a: Archaludon|1\n|-damage|p1a: Archaludon|93/100\n|-damage|p1b: Basculegion|78/100\n|-ability|p1a: Archaludon|Stamina|boost\n|-boost|p1a: Archaludon|def|1\n|\n|-weather|RainDance|[upkeep]\n|-heal|p1a: Archaludon|99/100|[from] item: Leftovers\n|upkeep\n|turn|3\n|\n|t:|1776252034\n|move|p2a: Skarmory|Brave Bird|p1b: Basculegion\n|-damage|p1b: Basculegion|11/100\n|-damage|p2a: Skarmory|75/100|[from] Recoil\n|move|p2b: Garchomp|Earthquake|p1b: Basculegion|[spread] p1a,p1b\n|-immune|p2a: Skarmory\n|-supereffective|p1a: Archaludon|1\n|-damage|p1a: Archaludon|59/100\n|-damage|p1b: Basculegion|0 fnt\n|-ability|p1a: Archaludon|Stamina|boost\n|-boost|p1a: Archaludon|def|1\n|faint|p1b: Basculegion\n|move|p1a: Archaludon|Electro Shot||[still]\n|-prepare|p1a: Archaludon|Electro Shot\n|-boost|p1a: Archaludon|spa|1\n|-anim|p1a: Archaludon|Electro Shot|p2a: Skarmory\n|-supereffective|p2a: Skarmory|1\n|-damage|p2a: Skarmory|0 fnt\n|faint|p2a: Skarmory\n|\n|-weather|RainDance|[upkeep]\n|-heal|p1a: Archaludon|66/100|[from] item: Leftovers\n|upkeep\n|inactive|pikachudrogadicto has 30 seconds left.\n|\n|t:|1776252060\n|switch|p2a: Weavile|Weavile, L50, F|100/100\n|switch|p1b: Pelipper|Pelipper, L50, M|100/100\n|-ability|p2a: Weavile|Pressure\n|turn|4\n|\n|t:|1776252083\n|move|p1a: Archaludon|Protect|p1a: Archaludon\n|-singleturn|p1a: Archaludon|Protect\n|move|p2a: Weavile|Fake Out|p1a: Archaludon\n|-activate|p1a: Archaludon|move: Protect\n|move|p2b: Garchomp|Rock Slide|p1b: Pelipper|[spread] p1b\n|-activate|p1a: Archaludon|move: Protect\n|-supereffective|p1b: Pelipper|1\n|-damage|p1b: Pelipper|46/100\n|move|p1b: Pelipper|Tailwind|p1b: Pelipper\n|-sidestart|p1: pikachudrogadicto|move: Tailwind\n|\n|-weather|RainDance|[upkeep]\n|-heal|p1a: Archaludon|72/100|[from] item: Leftovers\n|upkeep\n|turn|5\n|inactive|pikachudrogadicto has 30 seconds left.\n|inactive|pikachudrogadicto has 20 seconds left.\n|inactive|pikachudrogadicto has 15 seconds left.\n|inactive|pikachudrogadicto has 10 seconds left.\n|\n|t:|1776252128\n|move|p2a: Weavile|Ice Spinner|p1a: Archaludon\n|-crit|p1a: Archaludon\n|-damage|p1a: Archaludon|17/100\n|-ability|p1a: Archaludon|Stamina|boost\n|-boost|p1a: Archaludon|def|1\n|move|p2b: Garchomp|Rock Slide|p1b: Pelipper|[spread] p1a,p1b\n|-resisted|p1a: Archaludon|1\n|-supereffective|p1b: Pelipper|1\n|-damage|p1a: Archaludon|15/100\n|-damage|p1b: Pelipper|0 fnt\n|-ability|p1a: Archaludon|Stamina|boost\n|-boost|p1a: Archaludon|def|1\n|faint|p1b: Pelipper\n|move|p1a: Archaludon|Draco Meteor|p2b: Garchomp\n|-supereffective|p2b: Garchomp|1\n|-damage|p2b: Garchomp|0 fnt\n|-unboost|p1a: Archaludon|spa|2\n|faint|p2b: Garchomp\n|\n|-weather|none\n|-heal|p1a: Archaludon|21/100|[from] item: Leftovers\n|-sideend|p2: QuantumTwinSpark|move: Tailwind\n|upkeep\n|\n|t:|1776252146\n|switch|p2b: Sinistcha|Sinistcha, L50|100/100\n|switch|p1b: Dragonite|Dragonite-Mega, L50, M|100/100\n|turn|6\n|inactive|pikachudrogadicto has 30 seconds left.\n|inactive|QuantumTwinSpark has 30 seconds left.\n|inactive|pikachudrogadicto has 20 seconds left.\n|inactive|pikachudrogadicto has 15 seconds left.\n|inactive|pikachudrogadicto has 10 seconds left.\n|\n|t:|1776252192\n|move|p2a: Weavile|Ice Shard|p1b: Dragonite\n|-supereffective|p1b: Dragonite|2\n|-damage|p1b: Dragonite|54/100\n|move|p1b: Dragonite|Hurricane|p2b: Sinistcha|[miss]\n|-miss|p1b: Dragonite|p2b: Sinistcha\n|move|p1a: Archaludon|Flash Cannon|p2a: Weavile\n|-supereffective|p2a: Weavile|1\n|-damage|p2a: Weavile|26/100\n|move|p2b: Sinistcha|Shadow Ball|p1a: Archaludon\n|-damage|p1a: Archaludon|0 fnt\n|faint|p1a: Archaludon\n|\n|upkeep\n|turn|7\n|\n|t:|1776252209\n|move|p2a: Weavile|Ice Shard|p1b: Dragonite\n|-supereffective|p1b: Dragonite|2\n|-damage|p1b: Dragonite|0 fnt\n|faint|p1b: Dragonite\n|\n|win|QuantumTwinSpark\n|raw|pikachudrogadicto's rating: 1128 &rarr; <strong>1099</strong><br />(-29 for losing)\n|raw|QuantumTwinSpark's rating: 1066 &rarr; <strong>1101</strong><br />(+35 for winning)\n|c|\u2606QuantumTwinSpark|gg\n|c|\u2606pikachudrogadicto|gg\n|l|\u2606pikachudrogadicto\n|player|p1|\n",
  "uploadtime": 1776252285,
  "views": 27,
  "formatid": "gen9championsvgc2026regma",
  "rating": 1099,
  "private": 0,
  "password": null
}