{
  "id": "gen9championsvgc2026regma-2585542510",
  "format": "[Gen 9 Champions] VGC 2026 Reg M-A",
  "players": [
    "MegaPoblano",
    "Golem_xXx"
  ],
  "log": "|j|\u203dMegaPoblano\n|j|\u2606Golem_xXx\n|t:|1776354427\n|gametype|doubles\n|player|p1|MegaPoblano|red|1000\n|player|p2|Golem_xXx|hiker-gen4|1070\n|gen|9\n|tier|[Gen 9 Champions] VGC 2026 Reg M-A\n|rated|\n|rule|Species Clause: Limit one of each Pok\u00e9mon\n|rule|Item Clause: Limit 1 of each item\n|clearpoke\n|poke|p1|Scovillain, L50, F|\n|poke|p1|Aerodactyl, L50, M|\n|poke|p1|Garchomp, L50, F|\n|poke|p1|Sneasler, L50, F|\n|poke|p1|Sinistcha, L50|\n|poke|p1|Primarina, L50, M|\n|poke|p2|Typhlosion-Hisui, L50, M|\n|poke|p2|Milotic, L50, F|\n|poke|p2|Torkoal, L50, F|\n|poke|p2|Sneasler, L50, M|\n|poke|p2|Farigiraf, L50, F|\n|poke|p2|Chesnaught, L50, M|\n|teampreview|4\n|inactive|Battle timer is ON: inactive players will automatically lose when time's up. (requested by Golem_xXx)\n|\n|t:|1776354455\n|teamsize|p1|4\n|teamsize|p2|4\n|start\n|switch|p1a: Aerodactyl|Aerodactyl, L50, M|100/100\n|switch|p1b: Scovillain|Scovillain, L50, F|100/100\n|switch|p2a: Farigiraf|Farigiraf, L50, F|100/100\n|switch|p2b: Sneasler|Sneasler, L50, M|100/100\n|-ability|p1a: Aerodactyl|Unnerve\n|turn|1\n|\n|t:|1776354478\n|switch|p1a: Primarina|Primarina, L50, M|100/100\n|detailschange|p1b: Scovillain|Scovillain-Mega, L50, F\n|-mega|p1b: Scovillain|Scovillain|Scovillainite\n|move|p2b: Sneasler|Close Combat|p1b: Scovillain\n|-damage|p1b: Scovillain|44/100\n|-unboost|p2b: Sneasler|def|1\n|-unboost|p2b: Sneasler|spd|1\n|-status|p2b: Sneasler|brn|[from] ability: Spicy Spray|[of] p1b: Scovillain\n|-enditem|p2b: Sneasler|White Herb\n|-clearnegativeboost|p2b: Sneasler|[silent]\n|move|p1b: Scovillain|Leech Seed|p2a: Farigiraf\n|-start|p2a: Farigiraf|move: Leech Seed\n|move|p2a: Farigiraf|Trick Room|p2a: Farigiraf\n|-fieldstart|move: Trick Room|[of] p2a: Farigiraf\n|\n|-damage|p2a: Farigiraf|88/100|[from] Leech Seed|[of] p1b: Scovillain\n|-heal|p1b: Scovillain|60/100|[silent]\n|-damage|p2b: Sneasler|95/100 brn|[from] brn\n|upkeep\n|turn|2\n|inactive|Golem_xXx has 30 seconds left.\n|\n|t:|1776354504\n|move|p1b: Scovillain|Rage Powder|p1b: Scovillain\n|-singleturn|p1b: Scovillain|move: Rage Powder\n|move|p2a: Farigiraf|Hyper Voice|p1a: Primarina|[spread] p1a,p1b\n|-damage|p1a: Primarina|77/100\n|-damage|p1b: Scovillain|32/100\n|-status|p2a: Farigiraf|brn|[from] ability: Spicy Spray|[of] p1b: Scovillain\n|move|p1a: Primarina|Calm Mind|p1a: Primarina\n|-boost|p1a: Primarina|spa|1\n|-boost|p1a: Primarina|spd|1\n|move|p2b: Sneasler|Dire Claw|p1b: Scovillain\n|-supereffective|p1b: Scovillain|1\n|-damage|p1b: Scovillain|0 fnt\n|faint|p1b: Scovillain\n|\n|-heal|p1a: Primarina|83/100|[from] item: Leftovers\n|-damage|p2a: Farigiraf|82/100 brn|[from] brn\n|-damage|p2b: Sneasler|89/100 brn|[from] brn\n|upkeep\n|\n|t:|1776354511\n|switch|p1b: Garchomp|Garchomp, L50, F|100/100\n|turn|3\n|\n|t:|1776354529\n|move|p2a: Farigiraf|Helping Hand|p2b: Sneasler\n|-singleturn|p2b: Sneasler|Helping Hand|[of] p2a: Farigiraf\n|move|p1a: Primarina|Protect|p1a: Primarina\n|-singleturn|p1a: Primarina|Protect\n|move|p1b: Garchomp|Earthquake|p2b: Sneasler|[spread] p2a,p2b\n|-activate|p1a: Primarina|move: Protect\n|-supereffective|p2b: Sneasler|1\n|-damage|p2a: Farigiraf|49/100 brn\n|-damage|p2b: Sneasler|0 fnt\n|faint|p2b: Sneasler\n|\n|-heal|p1a: Primarina|89/100|[from] item: Leftovers\n|-damage|p2a: Farigiraf|36/100 brn|[from] Leech Seed|[of] p1b: Garchomp\n|-damage|p2a: Farigiraf|30/100 brn|[from] brn\n|upkeep\n|\n|t:|1776354536\n|switch|p2b: Chesnaught|Chesnaught, L50, M, shiny|100/100\n|turn|4\n|\n|t:|1776354546\n|detailschange|p2b: Chesnaught|Chesnaught-Mega, L50, M, shiny\n|-mega|p2b: Chesnaught|Chesnaught|Chesnaughtite\n|move|p2a: Farigiraf|Protect|p2a: Farigiraf\n|-singleturn|p2a: Farigiraf|Protect\n|move|p2b: Chesnaught|Seed Bomb|p1a: Primarina\n|-supereffective|p1a: Primarina|1\n|-crit|p1a: Primarina\n|-damage|p1a: Primarina|0 fnt\n|faint|p1a: Primarina\n|move|p1b: Garchomp|Dragon Claw|p2a: Farigiraf\n|-activate|p2a: Farigiraf|move: Protect\n|\n|-damage|p2a: Farigiraf|18/100 brn|[from] Leech Seed|[of] p1b: Garchomp\n|-damage|p2a: Farigiraf|12/100 brn|[from] brn\n|upkeep\n|\n|t:|1776354553\n|switch|p1a: Aerodactyl|Aerodactyl, L50, M|100/100\n|-ability|p1a: Aerodactyl|Unnerve\n|turn|5\n|\n|t:|1776354568\n|move|p2a: Farigiraf|Helping Hand|p2b: Chesnaught\n|-singleturn|p2b: Chesnaught|Helping Hand|[of] p2a: Farigiraf\n|move|p1b: Garchomp|Protect|p1b: Garchomp\n|-singleturn|p1b: Garchomp|Protect\n|move|p1a: Aerodactyl|Protect|p1a: Aerodactyl\n|-singleturn|p1a: Aerodactyl|Protect\n|move|p2b: Chesnaught|Stone Edge|p1a: Aerodactyl\n|-activate|p1a: Aerodactyl|move: Protect\n|\n|-damage|p2a: Farigiraf|0 fnt|[from] Leech Seed|[of] p1b: Garchomp\n|faint|p2a: Farigiraf\n|-fieldend|move: Trick Room\n|upkeep\n|\n|t:|1776354577\n|switch|p2a: Torkoal|Torkoal, L50, F|100/100\n|-weather|SunnyDay|[from] ability: Drought|[of] p2a: Torkoal\n|turn|6\n|\n|t:|1776354583\n|move|p1a: Aerodactyl|Dual Wingbeat|p2b: Chesnaught\n|-supereffective|p2b: Chesnaught|2\n|-damage|p2b: Chesnaught|55/100\n|-supereffective|p2b: Chesnaught|2\n|-damage|p2b: Chesnaught|12/100\n|-hitcount|p2b: Chesnaught|2\n|move|p1b: Garchomp|Earthquake|p2a: Torkoal|[spread] p2a,p2b\n|-immune|p1a: Aerodactyl\n|-supereffective|p2a: Torkoal|1\n|-resisted|p2b: Chesnaught|1\n|-damage|p2a: Torkoal|43/100\n|-damage|p2b: Chesnaught|1/100\n|move|p2b: Chesnaught|Stone Edge|p1a: Aerodactyl\n|-supereffective|p1a: Aerodactyl|1\n|-enditem|p1a: Aerodactyl|Focus Sash\n|-damage|p1a: Aerodactyl|1/100\n|move|p2a: Torkoal|Eruption|p1a: Aerodactyl|[spread] p1a,p1b\n|-resisted|p1a: Aerodactyl|1\n|-resisted|p1b: Garchomp|1\n|-damage|p1a: Aerodactyl|0 fnt\n|-damage|p1b: Garchomp|80/100\n|faint|p1a: Aerodactyl\n|\n|-weather|SunnyDay|[upkeep]\n|upkeep\n|turn|7\n|\n|t:|1776354602\n|move|p1b: Garchomp|Protect|p1b: Garchomp\n|-singleturn|p1b: Garchomp|Protect\n|move|p2b: Chesnaught|Body Press|p1b: Garchomp\n|-activate|p1b: Garchomp|move: Protect\n|move|p2a: Torkoal|Weather Ball|p1b: Garchomp\n|-activate|p1b: Garchomp|move: Protect\n|\n|-weather|SunnyDay|[upkeep]\n|upkeep\n|turn|8\n|\n|t:|1776354609\n|move|p1b: Garchomp|Earthquake|p2b: Chesnaught|[spread] p2a,p2b\n|-supereffective|p2a: Torkoal|1\n|-resisted|p2b: Chesnaught|1\n|-damage|p2a: Torkoal|0 fnt\n|-damage|p2b: Chesnaught|0 fnt\n|faint|p2a: Torkoal\n|faint|p2b: Chesnaught\n|\n|win|MegaPoblano\n|raw|MegaPoblano's rating: 1000 &rarr; <strong>1048</strong><br />(+48 for winning)\n|raw|Golem_xXx's rating: 1070 &rarr; <strong>1045</strong><br />(-25 for losing)\n",
  "uploadtime": 1776354611,
  "views": 19,
  "formatid": "gen9championsvgc2026regma",
  "rating": 1045,
  "private": 0,
  "password": null
}