{
  "id": "gen9championsvgc2026regma-2589467411",
  "format": "[Gen 9 Champions] VGC 2026 Reg M-A",
  "players": [
    "CementTheBlock",
    "ashenduck"
  ],
  "log": "|j|\u2606CementTheBlock\n|j|\u2606ashenduck\n|t:|1776725566\n|gametype|doubles\n|player|p1|CementTheBlock|pokefanf|1057\n|player|p2|ashenduck|hilbert-wonderlauncher|1080\n|gen|9\n|tier|[Gen 9 Champions] VGC 2026 Reg M-A\n|rated|\n|rule|Species Clause: Limit one of each Pok\u00e9mon\n|rule|Item Clause: Limit 1 of each item\n|clearpoke\n|poke|p1|Sneasler, L50, F|\n|poke|p1|Whimsicott, L50, F|\n|poke|p1|Gardevoir, L50, M|\n|poke|p1|Maushold, L50|\n|poke|p1|Milotic, L50, M|\n|poke|p1|Toucannon, L50, F|\n|poke|p2|Charizard, L50, F|\n|poke|p2|Rotom-Wash, L50|\n|poke|p2|Venusaur, L50, F|\n|poke|p2|Incineroar, L50, M|\n|poke|p2|Whimsicott, L50, F|\n|poke|p2|Garchomp, L50, F|\n|teampreview|4\nashenduck has agreed to open team sheets.\nCementTheBlock rejected open team sheets.\n|\n|t:|1776725601\n|teamsize|p1|4\n|teamsize|p2|4\n|start\n|switch|p1a: Whimsicott|Whimsicott, L50, F|100/100\n|switch|p1b: Sneasler|Sneasler, L50, F|100/100\n|switch|p2a: Charizard|Charizard, L50, F|100/100\n|switch|p2b: Venusaur|Venusaur, L50, F|100/100\n|turn|1\n|\n|t:|1776725626\n|detailschange|p2a: Charizard|Charizard-Mega-Y, L50, F\n|-mega|p2a: Charizard|Charizard|Charizardite Y\n|-weather|SunnyDay|[from] ability: Drought|[of] p2a: Charizard\n|move|p2b: Venusaur|Protect|p2b: Venusaur\n|-singleturn|p2b: Venusaur|Protect\n|move|p1a: Whimsicott|Tailwind|p1a: Whimsicott\n|-sidestart|p1: CementTheBlock|move: Tailwind\n|move|p1b: Sneasler|Dire Claw|p2a: Charizard\n|-damage|p2a: Charizard|37/100\n|-status|p2a: Charizard|par\n|move|p2a: Charizard|Heat Wave|p1b: Sneasler|[spread] p1a,p1b\n|-supereffective|p1a: Whimsicott|1\n|-enditem|p1a: Whimsicott|Focus Sash\n|-damage|p1a: Whimsicott|1/100\n|-damage|p1b: Sneasler|17/100\n|\n|-weather|SunnyDay|[upkeep]\n|upkeep\n|turn|2\n|\n|t:|1776725683\n|switch|p2a: Rotom|Rotom-Wash, L50|100/100\n|move|p1a: Whimsicott|Helping Hand|p1b: Sneasler\n|-singleturn|p1b: Sneasler|Helping Hand|[of] p1a: Whimsicott\n|move|p1b: Sneasler|Dire Claw|p2b: Venusaur\n|-damage|p2b: Venusaur|18/100\n|-status|p2b: Venusaur|par\n|move|p2b: Venusaur|Giga Drain|p1b: Sneasler\n|-resisted|p1b: Sneasler|1\n|-damage|p1b: Sneasler|0 fnt\n|-heal|p2b: Venusaur|27/100 par|[from] drain|[of] p1b: Sneasler\n|faint|p1b: Sneasler\n|\n|-weather|SunnyDay|[upkeep]\n|-heal|p2b: Venusaur|32/100 par|[from] item: Leftovers\n|upkeep\n|\n|t:|1776725706\n|switch|p1b: Toucannon|Toucannon, L50, F|100/100\n|turn|3\n|l|\u2606ashenduck\n|player|p2|\n|j|\u2606ashenduck\n|player|p2|ashenduck|hilbert-wonderlauncher|\n|inactive|Battle timer is ON: inactive players will automatically lose when time's up. (requested by CementTheBlock)\n|\n|t:|1776725797\n|switch|p1a: Milotic|Milotic, L50, M|100/100\n|move|p2b: Venusaur|Protect|p2b: Venusaur\n|-singleturn|p2b: Venusaur|Protect\n|move|p1b: Toucannon|Rock Blast|p2b: Venusaur\n|-activate|p2b: Venusaur|move: Protect\n|move|p2a: Rotom|Will-O-Wisp|p1b: Toucannon|[miss]\n|-miss|p2a: Rotom|p1b: Toucannon\n|\n|-weather|SunnyDay|[upkeep]\n|-heal|p2b: Venusaur|38/100 par|[from] item: Leftovers\n|upkeep\n|turn|4\n|\n|t:|1776725820\n|switch|p1b: Whimsicott|Whimsicott, L50, F|1/100\n|switch|p2b: Whimsicott|Whimsicott, L50, F|100/100\n|move|p1a: Milotic|Ice Beam|p2b: Whimsicott\n|-supereffective|p2b: Whimsicott|1\n|-damage|p2b: Whimsicott|3/100\n|move|p2a: Rotom|Thunderbolt|p1b: Whimsicott\n|-resisted|p1b: Whimsicott|1\n|-damage|p1b: Whimsicott|0 fnt\n|faint|p1b: Whimsicott\n|\n|-weather|SunnyDay|[upkeep]\n|-sideend|p1: CementTheBlock|move: Tailwind\n|upkeep\n|\n|t:|1776725835\n|switch|p1b: Toucannon|Toucannon, L50, F|100/100\n|turn|5\n|inactive|ashenduck has 30 seconds left.\n|inactive|CementTheBlock has 30 seconds left.\n|\n|t:|1776725869\n|move|p2b: Whimsicott|Tailwind|p2b: Whimsicott\n|-sidestart|p2: ashenduck|move: Tailwind\n|move|p2a: Rotom|Thunderbolt|p1b: Toucannon\n|-supereffective|p1b: Toucannon|1\n|-damage|p1b: Toucannon|0 fnt\n|faint|p1b: Toucannon\n|move|p1a: Milotic|Ice Beam|p2b: Whimsicott\n|-supereffective|p2b: Whimsicott|1\n|-damage|p2b: Whimsicott|0 fnt\n|faint|p2b: Whimsicott\n|\n|-weather|none\n|upkeep\n|\n|t:|1776725880\n|switch|p2b: Charizard|Charizard-Mega-Y, L50, F|37/100 par\n|-weather|SunnyDay|[from] ability: Drought|[of] p2b: Charizard\n|turn|6\n|\n|t:|1776725890\n|move|p2a: Rotom|Thunderbolt|p1a: Milotic\n|-supereffective|p1a: Milotic|1\n|-damage|p1a: Milotic|46/100\n|move|p2b: Charizard|Solar Beam||[still]\n|-prepare|p2b: Charizard|Solar Beam\n|-anim|p2b: Charizard|Solar Beam|p1a: Milotic\n|-supereffective|p1a: Milotic|1\n|-damage|p1a: Milotic|0 fnt\n|faint|p1a: Milotic\n|\n|win|ashenduck\n|raw|CementTheBlock's rating: 1057 &rarr; <strong>1040</strong><br />(-17 for losing)\n|raw|ashenduck's rating: 1080 &rarr; <strong>1106</strong><br />(+26 for winning)\n|c|\u2606ashenduck|gg\n|l|\u2606ashenduck\n|player|p2|\n",
  "uploadtime": 1776726057,
  "views": 5,
  "formatid": "gen9championsvgc2026regma",
  "rating": 1040,
  "private": 0,
  "password": null
}