{
  "id": "gen9championsvgc2026regma-2585895953",
  "format": "[Gen 9 Champions] VGC 2026 Reg M-A",
  "players": [
    "Gusarapo",
    "MistysBikiniB0tt0m"
  ],
  "log": "|j|\u2606Gusarapo\n|j|\u2606MistysBikiniB0tt0m\n|t:|1776379316\n|gametype|doubles\n|player|p1|Gusarapo|clerk|1083\n|player|p2|MistysBikiniB0tt0m|102|1000\n|gen|9\n|tier|[Gen 9 Champions] VGC 2026 Reg M-A\n|rated|\n|rule|Species Clause: Limit one of each Pok\u00e9mon\n|rule|Item Clause: Limit 1 of each item\n|clearpoke\n|poke|p1|Gengar, L50, F|\n|poke|p1|Whimsicott, L50, M|\n|poke|p1|Farigiraf, L50, M|\n|poke|p1|Sneasler, L50, F|\n|poke|p1|Floette-Eternal, L50, F|\n|poke|p1|Arcanine-Hisui, L50, M|\n|poke|p2|Delphox, L50, F|\n|poke|p2|Garchomp, L50, F|\n|poke|p2|Gengar, L50, F|\n|poke|p2|Clefable, L50, F|\n|poke|p2|Corviknight, L50, M|\n|poke|p2|Rotom-Wash, L50|\n|teampreview|4\n|inactive|Battle timer is ON: inactive players will automatically lose when time's up. (requested by MistysBikiniB0tt0m)\n|\n|t:|1776379391\n|teamsize|p1|4\n|teamsize|p2|4\n|start\n|switch|p1a: Whimsicott|Whimsicott, L50, M|100/100\n|switch|p1b: Gengar|Gengar, L50, F|100/100\n|switch|p2a: Corviknight|Corviknight, L50, M|100/100\n|switch|p2b: Gengar|Gengar, L50, F|100/100\n|turn|1\n|inactive|MistysBikiniB0tt0m has 30 seconds left.\n|\n|t:|1776379416\n|detailschange|p1b: Gengar|Gengar-Mega, L50, F\n|-mega|p1b: Gengar|Gengar|Gengarite\n|move|p1b: Gengar|Protect|p1b: Gengar\n|-singleturn|p1b: Gengar|Protect\n|move|p2a: Corviknight|Protect|p2a: Corviknight\n|-singleturn|p2a: Corviknight|Protect\n|move|p1a: Whimsicott|Tailwind|p1a: Whimsicott\n|-sidestart|p1: Gusarapo|move: Tailwind\n|move|p2b: Gengar|Sludge Wave|p1b: Gengar|[spread] p1a\n|-activate|p2a: Corviknight|move: Protect\n|-activate|p1b: Gengar|move: Protect\n|-supereffective|p1a: Whimsicott|2\n|-enditem|p1a: Whimsicott|Focus Sash\n|-damage|p1a: Whimsicott|1/100\n|\n|upkeep\n|turn|2\n|inactive|Gusarapo has 30 seconds left.\n|inactive|MistysBikiniB0tt0m has 30 seconds left.\n|\n|t:|1776379451\n|move|p1b: Gengar|Shadow Ball|p2b: Gengar\n|-supereffective|p2b: Gengar|1\n|-enditem|p2b: Gengar|Focus Sash\n|-damage|p2b: Gengar|1/100\n|-unboost|p2b: Gengar|spd|1\n|move|p1a: Whimsicott|Moonblast|p2b: Gengar\n|-resisted|p2b: Gengar|1\n|-damage|p2b: Gengar|0 fnt\n|faint|p2b: Gengar\n|move|p2a: Corviknight|Body Press|p1a: Whimsicott\n|-resisted|p1a: Whimsicott|1\n|-damage|p1a: Whimsicott|0 fnt\n|faint|p1a: Whimsicott\n|\n|upkeep\n|\n|t:|1776379466\n|switch|p2b: Garchomp|Garchomp, L50, F|100/100\n|switch|p1a: Farigiraf|Farigiraf, L50, M|100/100\n|turn|3\n|\n|t:|1776379484\n|move|p1b: Gengar|Protect|p1b: Gengar\n|-singleturn|p1b: Gengar|Protect\n|move|p2b: Garchomp|Earthquake|p1a: Farigiraf|[spread] p1a\n|-activate|p1b: Gengar|move: Protect\n|-immune|p2a: Corviknight\n|-damage|p1a: Farigiraf|53/100\n|move|p1a: Farigiraf|Imprison|p1a: Farigiraf\n|-start|p1a: Farigiraf|move: Imprison\n|move|p2a: Corviknight|Body Press|p1a: Farigiraf\n|-damage|p1a: Farigiraf|29/100\n|\n|-heal|p1a: Farigiraf|35/100|[from] item: Leftovers\n|upkeep\n|turn|4\n|inactive|MistysBikiniB0tt0m has 30 seconds left.\n|\n|t:|1776379515\n|move|p1b: Gengar|Disable|p2b: Garchomp\n|-start|p2b: Garchomp|Disable|Earthquake\n|cant|p2b: Garchomp|Disable|Earthquake\n|move|p1a: Farigiraf|Psychic|p2b: Garchomp\n|-damage|p2b: Garchomp|61/100\n|move|p2a: Corviknight|Body Press|p1a: Farigiraf\n|-damage|p1a: Farigiraf|8/100\n|\n|-heal|p1a: Farigiraf|15/100|[from] item: Leftovers\n|-sideend|p1: Gusarapo|move: Tailwind\n|upkeep\n|turn|5\n|\n|t:|1776379531\n|move|p1a: Farigiraf|Protect|p1a: Farigiraf\n|-singleturn|p1a: Farigiraf|Protect\n|move|p1b: Gengar|Shadow Ball|p2b: Garchomp\n|-damage|p2b: Garchomp|11/100\n|-unboost|p2b: Garchomp|spd|1\n|move|p2b: Garchomp|Dragon Claw|p1b: Gengar\n|-damage|p1b: Gengar|38/100\n|move|p2a: Corviknight|Body Press|p1a: Farigiraf\n|-activate|p1a: Farigiraf|move: Protect\n|\n|-heal|p1a: Farigiraf|21/100|[from] item: Leftovers\n|upkeep\n|turn|6\n|inactive|Gusarapo has 30 seconds left.\n|\n|t:|1776379557\n|move|p1b: Gengar|Protect|p1b: Gengar\n|-singleturn|p1b: Gengar|Protect\n|move|p2b: Garchomp|Dragon Claw|p1b: Gengar\n|-activate|p1b: Gengar|move: Protect\n|move|p2a: Corviknight|Body Press|p1a: Farigiraf\n|-damage|p1a: Farigiraf|0 fnt\n|faint|p1a: Farigiraf\n|\n|upkeep\n|\n|t:|1776379558\n|switch|p1a: Sneasler|Sneasler, L50, F|100/100\n|turn|7\n|inactive|MistysBikiniB0tt0m has 30 seconds left.\n|\n|t:|1776379586\n|move|p2a: Corviknight|Protect|p2a: Corviknight\n|-singleturn|p2a: Corviknight|Protect\n|move|p1a: Sneasler|Fake Out|p2b: Garchomp\n|-damage|p2b: Garchomp|0 fnt\n|-damage|p1a: Sneasler|88/100|[from] ability: Rough Skin|[of] p2b: Garchomp\n|faint|p2b: Garchomp\n|move|p1b: Gengar|Shadow Ball|p2a: Corviknight\n|-activate|p2a: Corviknight|move: Protect\n|\n|upkeep\n|\n|t:|1776379595\n|switch|p2b: Delphox|Delphox, L50, F|100/100\n|turn|8\n|\n|t:|1776379611\n|detailschange|p2b: Delphox|Delphox-Mega, L50, F\n|-mega|p2b: Delphox|Delphox|Delphoxite\n|move|p2b: Delphox|Protect|p2b: Delphox\n|-singleturn|p2b: Delphox|Protect\n|move|p1b: Gengar|Shadow Ball|p2a: Corviknight\n|-damage|p2a: Corviknight|55/100\n|move|p1a: Sneasler|Close Combat|p2a: Corviknight\n|-damage|p2a: Corviknight|8/100\n|-unboost|p1a: Sneasler|def|1\n|-unboost|p1a: Sneasler|spd|1\n|-enditem|p2a: Corviknight|Sitrus Berry|[eat]\n|-heal|p2a: Corviknight|33/100|[from] item: Sitrus Berry\n|-enditem|p1a: Sneasler|White Herb\n|-clearnegativeboost|p1a: Sneasler|[silent]\n|move|p2a: Corviknight|Body Press|p1a: Sneasler\n|-resisted|p1a: Sneasler|1\n|-crit|p1a: Sneasler\n|-damage|p1a: Sneasler|59/100\n|\n|upkeep\n|turn|9\n|\n|t:|1776379634\n|move|p1a: Sneasler|Close Combat|p2a: Corviknight\n|-damage|p2a: Corviknight|0 fnt\n|-unboost|p1a: Sneasler|def|1\n|-unboost|p1a: Sneasler|spd|1\n|faint|p2a: Corviknight\n|move|p2b: Delphox|Psychic|p1b: Gengar\n|-supereffective|p1b: Gengar|1\n|-damage|p1b: Gengar|0 fnt\n|faint|p1b: Gengar\n|\n|upkeep\n|turn|10\n|\n|t:|1776379645\n|move|p1a: Sneasler|Dire Claw|p2b: Delphox\n|-damage|p2b: Delphox|36/100\n|-status|p2b: Delphox|par\n|move|p2b: Delphox|Psychic|p1a: Sneasler\n|-supereffective|p1a: Sneasler|2\n|-damage|p1a: Sneasler|0 fnt\n|faint|p1a: Sneasler\n|\n|win|MistysBikiniB0tt0m\n|raw|Gusarapo's rating: 1083 &rarr; <strong>1055</strong><br />(-28 for losing)\n|raw|MistysBikiniB0tt0m's rating: 1000 &rarr; <strong>1049</strong><br />(+49 for winning)\n|l|\u2606Gusarapo\n|player|p1|\n",
  "uploadtime": 1776379666,
  "views": 18,
  "formatid": "gen9championsvgc2026regma",
  "rating": 1049,
  "private": 0,
  "password": null
}