{
  "id": "gen9championsvgc2026regma-2582187519",
  "format": "[Gen 9 Champions] VGC 2026 Reg M-A",
  "players": [
    "Digga D2.0",
    "landlordchai"
  ],
  "log": "|j|\u2606Digga D2.0\n|j|\u2606landlordchai\n|t:|1776069011\n|gametype|doubles\n|player|p1|Digga D2.0|169|1095\n|player|p2|landlordchai|170|1122\n|gen|9\n|tier|[Gen 9 Champions] VGC 2026 Reg M-A\n|rated|\n|rule|Species Clause: Limit one of each Pok\u00e9mon\n|rule|Item Clause: Limit 1 of each item\n|clearpoke\n|poke|p1|Pelipper, L50, F|\n|poke|p1|Archaludon, L50, F|\n|poke|p1|Dragonite, L50, F|\n|poke|p1|Sneasler, L50, F|\n|poke|p1|Basculegion, L50, M|\n|poke|p1|Incineroar, L50, M|\n|poke|p2|Froslass, L50, F|\n|poke|p2|Orthworm, L50, M|\n|poke|p2|Incineroar, L50, M|\n|poke|p2|Rotom-Frost, L50|\n|poke|p2|Garchomp, L50, M|\n|poke|p2|Basculegion, L50, M|\n|teampreview|4\n|\n|t:|1776069035\n|teamsize|p1|4\n|teamsize|p2|4\n|start\n|switch|p1a: Poppin|Pelipper, L50, F|100/100\n|switch|p1b: OnThaLine|Dragonite, L50, F, shiny|100/100\n|switch|p2a: Orthworm|Orthworm, L50, M|100/100\n|switch|p2b: Incineroar|Incineroar, L50, M|100/100\n|-weather|RainDance|[from] ability: Drizzle|[of] p1a: Poppin\n|-ability|p2b: Incineroar|Intimidate|boost\n|-unboost|p1a: Poppin|atk|1\n|-fail|p1b: OnThaLine|unboost|Attack|[from] ability: Inner Focus|[of] p1b: OnThaLine\n|turn|1\n|\n|t:|1776069055\n|move|p2b: Incineroar|Fake Out|p1a: Poppin\n|-damage|p1a: Poppin|85/100\n|move|p1b: OnThaLine|Tailwind|p1b: OnThaLine\n|-sidestart|p1: Digga D2.0|move: Tailwind\n|cant|p1a: Poppin|flinch\n|move|p2a: Orthworm|Shed Tail|p2a: Orthworm\n|-start|p2a: Orthworm|Substitute|[from] move: Shed Tail\n|-damage|p2a: Orthworm|50/100\n|-enditem|p2a: Orthworm|Sitrus Berry|[eat]\n|-heal|p2a: Orthworm|75/100|[from] item: Sitrus Berry\n|\n|t:|1776069083\n|switch|p2a: Froslass|Froslass, L50, F|100/100|[from] Shed Tail\n|\n|-weather|RainDance|[upkeep]\n|upkeep\n|turn|2\n|\n|t:|1776069110\n|detailschange|p2a: Froslass|Froslass-Mega, L50, F\n|-mega|p2a: Froslass|Froslass|Froslassite\n|-weather|Snowscape|[from] ability: Snow Warning|[of] p2a: Froslass\n|move|p1a: Poppin|Wide Guard|p1a: Poppin\n|-singleturn|p1a: Poppin|Wide Guard\n|move|p1b: OnThaLine|Hurricane|p2a: Froslass|[miss]\n|-miss|p1b: OnThaLine|p2a: Froslass\n|move|p2a: Froslass|Blizzard|p1b: OnThaLine|[spread] \n|-activate|p1a: Poppin|move: Wide Guard\n|-activate|p1b: OnThaLine|move: Wide Guard\n|move|p2b: Incineroar|Parting Shot|p1a: Poppin\n|-unboost|p1a: Poppin|atk|1\n|-unboost|p1a: Poppin|spa|1\n|\n|t:|1776069131\n|switch|p2b: Rotom|Rotom-Frost, L50|100/100|[from] Parting Shot\n|\n|-weather|Snowscape|[upkeep]\n|upkeep\n|turn|3\n|\n|t:|1776069144\n|switch|p1a: Bak2Bed|Archaludon, L50, F, shiny|100/100\n|detailschange|p1b: OnThaLine|Dragonite-Mega, L50, F, shiny\n|-mega|p1b: OnThaLine|Dragonite|Dragoninite\n|move|p1b: OnThaLine|Protect|p1b: OnThaLine\n|-singleturn|p1b: OnThaLine|Protect\n|move|p2a: Froslass|Nasty Plot|p2a: Froslass\n|-boost|p2a: Froslass|spa|2\n|move|p2b: Rotom|Thunderbolt|p1a: Bak2Bed\n|-resisted|p1a: Bak2Bed|1\n|-damage|p1a: Bak2Bed|73/100\n|-ability|p1a: Bak2Bed|Stamina|boost\n|-boost|p1a: Bak2Bed|def|1\n|\n|-weather|Snowscape|[upkeep]\n|-heal|p1a: Bak2Bed|79/100|[from] item: Leftovers\n|upkeep\n|turn|4\n|\n|t:|1776069173\n|switch|p1b: Poppin|Pelipper, L50, F|85/100\n|-weather|RainDance|[from] ability: Drizzle|[of] p1b: Poppin\n|move|p2a: Froslass|Protect|p2a: Froslass\n|-singleturn|p2a: Froslass|Protect\n|move|p2b: Rotom|Protect|p2b: Rotom\n|-singleturn|p2b: Rotom|Protect\n|move|p1a: Bak2Bed|Flash Cannon|p2a: Froslass\n|-activate|p2a: Froslass|move: Protect\n|\n|-weather|RainDance|[upkeep]\n|-heal|p1a: Bak2Bed|85/100|[from] item: Leftovers\n|-sideend|p1: Digga D2.0|move: Tailwind\n|upkeep\n|turn|5\n|\n|t:|1776069238\n|move|p2b: Rotom|Helping Hand|p2a: Froslass\n|-singleturn|p2a: Froslass|Helping Hand|[of] p2b: Rotom\n|move|p2a: Froslass|Shadow Ball|p1a: Bak2Bed\n|-damage|p1a: Bak2Bed|0 fnt\n|faint|p1a: Bak2Bed\n|move|p1b: Poppin|Tailwind|p1b: Poppin\n|-sidestart|p1: Digga D2.0|move: Tailwind\n|\n|-weather|RainDance|[upkeep]\n|upkeep\n|\n|t:|1776069249\n|switch|p1a: Real six|Basculegion, L50, M, shiny|100/100\n|turn|6\n|\n|t:|1776069266\n|move|p1a: Real six|Protect|p1a: Real six\n|-singleturn|p1a: Real six|Protect\n|move|p2a: Froslass|Protect|p2a: Froslass\n|-singleturn|p2a: Froslass|Protect\n|move|p2b: Rotom|Protect|p2b: Rotom\n|-singleturn|p2b: Rotom|Protect\n|move|p1b: Poppin|Hurricane|p2a: Froslass\n|-activate|p2a: Froslass|move: Protect\n|\n|-weather|RainDance|[upkeep]\n|upkeep\n|turn|7\n|\n|t:|1776069293\n|switch|p2a: Incineroar|Incineroar, L50, M|100/100\n|-ability|p2a: Incineroar|Intimidate|boost\n|-unboost|p1a: Real six|atk|1\n|-unboost|p1b: Poppin|atk|1\n|move|p1a: Real six|Wave Crash|p2b: Rotom\n|-damage|p2b: Rotom|0 fnt\n|faint|p2b: Rotom\n|-damage|p1a: Real six|79/100|[from] Recoil\n|move|p1b: Poppin|Hurricane|p2a: Incineroar\n|-damage|p2a: Incineroar|51/100\n|\n|-weather|RainDance|[upkeep]\n|upkeep\n|\n|t:|1776069317\n|switch|p2b: Froslass|Froslass-Mega, L50, F|100/100\n|-weather|Snowscape|[from] ability: Snow Warning|[of] p2b: Froslass\n|turn|8\n|\n|t:|1776069353\n|switch|p1b: OnThaLine|Dragonite-Mega, L50, F, shiny|100/100\n|move|p2b: Froslass|Protect|p2b: Froslass\n|-singleturn|p2b: Froslass|Protect\n|move|p1a: Real six|Wave Crash|p2a: Incineroar\n|-supereffective|p2a: Incineroar|1\n|-damage|p2a: Incineroar|0 fnt\n|faint|p2a: Incineroar\n|-damage|p1a: Real six|62/100|[from] Recoil\n|\n|-weather|Snowscape|[upkeep]\n|-sideend|p1: Digga D2.0|move: Tailwind\n|upkeep\n|\n|t:|1776069366\n|switch|p2a: Orthworm|Orthworm, L50, M|75/100\n|turn|9\n|\n|t:|1776069384\n|switch|p1b: Poppin|Pelipper, L50, F|85/100\n|-weather|RainDance|[from] ability: Drizzle|[of] p1b: Poppin\n|move|p1a: Real six|Last Respects|p2b: Froslass\n|-supereffective|p2b: Froslass|1\n|-damage|p2b: Froslass|0 fnt\n|faint|p2b: Froslass\n|move|p2a: Orthworm|Iron Defense|p2a: Orthworm\n|-boost|p2a: Orthworm|def|2\n|\n|-weather|RainDance|[upkeep]\n|upkeep\n|turn|10\n|-message|landlordchai forfeited.\n|\n|win|Digga D2.0\n|raw|Digga D2.0's rating: 1095 &rarr; <strong>1123</strong><br />(+28 for winning)\n|raw|landlordchai's rating: 1122 &rarr; <strong>1095</strong><br />(-27 for losing)\n|l|\u2606landlordchai\n|player|p2|\n",
  "uploadtime": 1776069408,
  "views": 8,
  "formatid": "gen9championsvgc2026regma",
  "rating": 1095,
  "private": 0,
  "password": null
}