{
  "id": "gen9championsvgc2026regma-2587054234",
  "format": "[Gen 9 Champions] VGC 2026 Reg M-A",
  "players": [
    "mrguy888",
    "Vgcgen"
  ],
  "log": "|j|\u2606mrguy888\n|j|\u2606Vgcgen\n|t:|1776487376\n|gametype|doubles\n|player|p1|mrguy888|noland-gen3|1294\n|player|p2|Vgcgen|102|1343\n|gen|9\n|tier|[Gen 9 Champions] VGC 2026 Reg M-A\n|rated|\n|rule|Species Clause: Limit one of each Pok\u00e9mon\n|rule|Item Clause: Limit 1 of each item\n|clearpoke\n|poke|p1|Floette-Eternal, L50, F|\n|poke|p1|Aerodactyl, L50, F|\n|poke|p1|Tauros-Paldea-Aqua, L50, M|\n|poke|p1|Kangaskhan, L50, F|\n|poke|p1|Rotom-Heat, L50|\n|poke|p1|Aegislash, L50, F|\n|poke|p2|Golurk, L50|\n|poke|p2|Farigiraf, L50, F|\n|poke|p2|Incineroar, L50, M|\n|poke|p2|Torkoal, L50, M|\n|poke|p2|Sneasler, L50, F|\n|poke|p2|Venusaur, L50, M|\n|teampreview|4\n|inactive|Battle timer is ON: inactive players will automatically lose when time's up. (requested by mrguy888)\n|inactive|mrguy888 has 60 seconds left.\n|\n|t:|1776487431\n|teamsize|p1|4\n|teamsize|p2|4\n|start\n|switch|p1a: Floette|Floette-Eternal, L50, F|100/100\n|switch|p1b: Tauros|Tauros-Paldea-Aqua, L50, M|100/100\n|switch|p2a: Incineroar|Incineroar, L50, M|100/100\n|switch|p2b: Farigiraf|Farigiraf, L50, F|100/100\n|-ability|p1b: Tauros|Intimidate|boost\n|-unboost|p2a: Incineroar|atk|1\n|-unboost|p2b: Farigiraf|atk|1\n|-ability|p2a: Incineroar|Intimidate|boost\n|-unboost|p1a: Floette|atk|1\n|-unboost|p1b: Tauros|atk|1\n|-enditem|p1b: Tauros|White Herb\n|-clearnegativeboost|p1b: Tauros|[silent]\n|turn|1\n|inactive|mrguy888 has 30 seconds left.\n|\n|t:|1776487460\n|detailschange|p1a: Floette|Floette-Mega, L50, F\n|-mega|p1a: Floette|Floette|Floettite\n|-ability|p1a: Floette|Fairy Aura\n|move|p1b: Tauros|Close Combat|p2a: Incineroar\n|-supereffective|p2a: Incineroar|1\n|-damage|p2a: Incineroar|7/100\n|-unboost|p1b: Tauros|def|1\n|-unboost|p1b: Tauros|spd|1\n|move|p1a: Floette|Moonblast|p2b: Farigiraf\n|-damage|p2b: Farigiraf|26/100\n|-enditem|p2b: Farigiraf|Sitrus Berry|[eat]\n|-heal|p2b: Farigiraf|50/100|[from] item: Sitrus Berry\n|move|p2a: Incineroar|Parting Shot|p1a: Floette\n|-unboost|p1a: Floette|atk|1\n|-unboost|p1a: Floette|spa|1\n|\n|t:|1776487475\n|switch|p2a: Golurk|Golurk, L50|100/100|[from] Parting Shot\n|move|p2b: Farigiraf|Trick Room|p2b: Farigiraf\n|-fieldstart|move: Trick Room|[of] p2b: Farigiraf\n|\n|upkeep\n|turn|2\n|inactive|Vgcgen has 30 seconds left.\n|\n|t:|1776487505\n|detailschange|p2a: Golurk|Golurk-Mega, L50\n|-mega|p2a: Golurk|Golurk|Golurkite\n|move|p1a: Floette|Protect|p1a: Floette\n|-singleturn|p1a: Floette|Protect\n|move|p1b: Tauros|Protect|p1b: Tauros\n|-singleturn|p1b: Tauros|Protect\n|move|p2b: Farigiraf|Psychic|p1b: Tauros\n|-activate|p1b: Tauros|move: Protect\n|move|p2a: Golurk|Headlong Rush|p1a: Floette\n|-ability|p2a: Golurk|Unseen Fist\n|-zbroken|p1a: Floette\n|-damage|p1a: Floette|81/100\n|-unboost|p2a: Golurk|def|1\n|-unboost|p2a: Golurk|spd|1\n|\n|upkeep\n|turn|3\n|\n|t:|1776487519\n|switch|p1a: Rotom|Rotom-Heat, L50|100/100\n|switch|p1b: Aegislash|Aegislash, L50, F|100/100\n|move|p2a: Golurk|Headlong Rush|p1a: Rotom\n|-immune|p1a: Rotom|[from] ability: Levitate\n|move|p2b: Farigiraf|Psychic|p1b: Aegislash\n|-resisted|p1b: Aegislash|1\n|-damage|p1b: Aegislash|86/100\n|\n|upkeep\n|turn|4\n|inactive|mrguy888 has 30 seconds left.\n|\n|t:|1776487547\n|switch|p2b: Incineroar|Incineroar, L50, M|7/100\n|-ability|p2b: Incineroar|Intimidate|boost\n|-unboost|p1a: Rotom|atk|1\n|-unboost|p1b: Aegislash|atk|1\n|switch|p1b: Tauros|Tauros-Paldea-Aqua, L50, M|100/100\n|-ability|p1b: Tauros|Intimidate|boost\n|-unboost|p2a: Golurk|atk|1\n|-unboost|p2b: Incineroar|atk|1\n|move|p2a: Golurk|Headlong Rush|p1b: Tauros\n|-damage|p1b: Tauros|35/100\n|-unboost|p2a: Golurk|def|1\n|-unboost|p2a: Golurk|spd|1\n|move|p1a: Rotom|Will-O-Wisp|p2a: Golurk\n|-status|p2a: Golurk|brn\n|\n|-damage|p2a: Golurk|95/100 brn|[from] brn\n|upkeep\n|turn|5\n|inactive|mrguy888 has 30 seconds left.\n|\n|t:|1776487578\n|move|p1b: Tauros|Protect|p1b: Tauros\n|-singleturn|p1b: Tauros|Protect\n|move|p2b: Incineroar|Fake Out|p1a: Rotom\n|-damage|p1a: Rotom|93/100\n|move|p2a: Golurk|Headlong Rush|p1b: Tauros\n|-ability|p2a: Golurk|Unseen Fist\n|-zbroken|p1b: Tauros\n|-damage|p1b: Tauros|27/100\n|-unboost|p2a: Golurk|def|1\n|-unboost|p2a: Golurk|spd|1\n|cant|p1a: Rotom|flinch\n|\n|-damage|p2a: Golurk|89/100 brn|[from] brn\n|-fieldend|move: Trick Room\n|upkeep\n|turn|6\n|inactive|mrguy888 has 30 seconds left.\n|inactive|mrguy888 has 20 seconds left.\n|\n|t:|1776487613\n|switch|p1a: Floette|Floette-Mega, L50, F|81/100\n|-ability|p1a: Floette|Fairy Aura\n|move|p1b: Tauros|Aqua Jet|p2b: Incineroar\n|-supereffective|p2b: Incineroar|1\n|-damage|p2b: Incineroar|0 fnt\n|faint|p2b: Incineroar\n|move|p2a: Golurk|Headlong Rush|p1b: Tauros\n|-damage|p1b: Tauros|0 fnt\n|-unboost|p2a: Golurk|def|1\n|-unboost|p2a: Golurk|spd|1\n|faint|p1b: Tauros\n|\n|-damage|p2a: Golurk|83/100 brn|[from] brn\n|upkeep\n|\n|t:|1776487624\n|switch|p1b: Aegislash|Aegislash, L50, F|86/100\n|switch|p2b: Farigiraf|Farigiraf, L50, F|50/100\n|turn|7\n|\n|t:|1776487642\n|move|p1a: Floette|Moonblast|p2b: Farigiraf\n|-damage|p2b: Farigiraf|0 fnt\n|faint|p2b: Farigiraf\n|-formechange|p1b: Aegislash|Aegislash-Blade|\n|move|p1b: Aegislash|Iron Head|p2a: Golurk\n|-damage|p2a: Golurk|0 fnt\n|faint|p2a: Golurk\n|\n|upkeep\n|\n|t:|1776487650\n|switch|p2a: Torkoal|Torkoal, L50, M|100/100\n|-weather|SunnyDay|[from] ability: Drought|[of] p2a: Torkoal\n|turn|8\n|\n|t:|1776487660\n|-formechange|p1b: Aegislash|Aegislash|\n|move|p1b: Aegislash|King's Shield|p1b: Aegislash\n|-singleturn|p1b: Aegislash|Protect\n|move|p1a: Floette|Moonblast|p2a: Torkoal\n|-resisted|p2a: Torkoal|1\n|-damage|p2a: Torkoal|53/100\n|move|p2a: Torkoal|Heat Wave|p1b: Aegislash|[spread] \n|-activate|p1b: Aegislash|move: Protect\n|-miss|p2a: Torkoal|p1a: Floette\n|\n|-weather|SunnyDay|[upkeep]\n|upkeep\n|turn|9\n|\n|t:|1776487673\n|move|p1a: Floette|Moonblast|p2a: Torkoal\n|-resisted|p2a: Torkoal|1\n|-damage|p2a: Torkoal|2/100\n|-formechange|p1b: Aegislash|Aegislash-Blade|\n|move|p1b: Aegislash|Poltergeist|p2a: Torkoal\n|-activate|p2a: Torkoal|move: Poltergeist|Charcoal\n|-damage|p2a: Torkoal|0 fnt\n|faint|p2a: Torkoal\n|\n|win|mrguy888\n|raw|mrguy888's rating: 1294 &rarr; <strong>1323</strong><br />(+29 for winning)\n|raw|Vgcgen's rating: 1343 &rarr; <strong>1320</strong><br />(-23 for losing)\n",
  "uploadtime": 1776487684,
  "views": 27,
  "formatid": "gen9championsvgc2026regma",
  "rating": 1320,
  "private": 0,
  "password": null
}