{
  "id": "gen9championsvgc2026regma-2581953601",
  "format": "[Gen 9 Champions] VGC 2026 Reg M-A",
  "players": [
    "aggron fan 2",
    "Rose Gastrodon"
  ],
  "log": "|j|\u2606aggron fan 2\n|j|\u2606Rose Gastrodon\n|t:|1776042835\n|gametype|doubles\n|player|p1|aggron fan 2|101|\n|player|p2|Rose Gastrodon|barry|\n|gen|9\n|tier|[Gen 9 Champions] VGC 2026 Reg M-A\n|rated|Tournament battle\n|rule|Species Clause: Limit one of each Pok\u00e9mon\n|rule|Item Clause: Limit 1 of each item\n|clearpoke\n|poke|p1|Farigiraf, L50, M|\n|poke|p1|Aggron, L50, F|\n|poke|p1|Milotic, L50, F|\n|poke|p1|Incineroar, L50, M|\n|poke|p1|Sinistcha, L50|\n|poke|p1|Gengar, L50, M|\n|poke|p2|Incineroar, L50, F|\n|poke|p2|Sinistcha, L50|\n|poke|p2|Floette-Eternal, L50, F|\n|poke|p2|Pelipper, L50, M|\n|poke|p2|Basculegion, L50, M|\n|poke|p2|Archaludon, L50, F|\n|teampreview|4\n|j| Bman311\n|c|\u2606aggron fan 2|glhf\n|j| Carrielis\n|j| burntouteriksp\n|j| fgcgjfyd-\u6070\u96f7\u59c6\n|l| fgcgjfyd-\u6070\u96f7\u59c6\n|\n|t:|1776042903\n|teamsize|p1|4\n|teamsize|p2|4\n|start\n|switch|p1a: Gengar|Gengar, L50, M|100/100\n|switch|p1b: Farigiraf|Farigiraf, L50, M|100/100\n|switch|p2a: Basculegion|Basculegion, L50, M|100/100\n|switch|p2b: Pelipper|Pelipper, L50, M|100/100\n|-weather|RainDance|[from] ability: Drizzle|[of] p2b: Pelipper\n|turn|1\n|\n|t:|1776042941\n|detailschange|p1a: Gengar|Gengar-Mega, L50, M\n|-mega|p1a: Gengar|Gengar|Gengarite\n|move|p1a: Gengar|Protect|p1a: Gengar\n|-singleturn|p1a: Gengar|Protect\n|move|p2a: Basculegion|Wave Crash|p1a: Gengar\n|-activate|p1a: Gengar|move: Protect\n|move|p2b: Pelipper|Weather Ball|p1b: Farigiraf\n|-damage|p1b: Farigiraf|47/100\n|-enditem|p1b: Farigiraf|Sitrus Berry|[eat]\n|-heal|p1b: Farigiraf|72/100|[from] item: Sitrus Berry\n|move|p1b: Farigiraf|Trick Room|p1b: Farigiraf\n|-fieldstart|move: Trick Room|[of] p1b: Farigiraf\n|\n|-weather|RainDance|[upkeep]\n|upkeep\n|turn|2\n|\n|t:|1776042975\n|move|p2a: Basculegion|Protect|p2a: Basculegion\n|-singleturn|p2a: Basculegion|Protect\n|move|p1b: Farigiraf|Psychic|p2b: Pelipper\n|-damage|p2b: Pelipper|32/100\n|move|p2b: Pelipper|Hurricane|p1a: Gengar\n|-damage|p1a: Gengar|41/100\n|move|p1a: Gengar|Shadow Ball|p2a: Basculegion\n|-activate|p2a: Basculegion|move: Protect\n|\n|-weather|RainDance|[upkeep]\n|upkeep\n|turn|3\n|\n|t:|1776043018\n|switch|p2a: Floette|Floette-Eternal, L50, F|100/100\n|move|p1a: Gengar|Protect|p1a: Gengar\n|-singleturn|p1a: Gengar|Protect\n|move|p1b: Farigiraf|Ally Switch|p1b: Farigiraf\n|swap|p1b: Farigiraf|0|[from] move: Ally Switch\n|move|p2b: Pelipper|Weather Ball|p1a: Farigiraf\n|-damage|p1a: Farigiraf|14/100\n|\n|-weather|RainDance|[upkeep]\n|upkeep\n|turn|4\n|j| knoxxzeta\n|j| caramelpainn\n|j| TzelYT\n|c| Carrielis|???\n|\n|t:|1776043047\n|switch|p1b: Incineroar|Incineroar, L50, M, shiny|100/100\n|-ability|p1b: Incineroar|Intimidate|boost\n|-unboost|p2a: Floette|atk|1\n|-unboost|p2b: Pelipper|atk|1\n|detailschange|p2a: Floette|Floette-Mega, L50, F\n|-mega|p2a: Floette|Floette|Floettite\n|-ability|p2a: Floette|Fairy Aura\n|move|p2b: Pelipper|Protect|p2b: Pelipper\n|-singleturn|p2b: Pelipper|Protect\n|move|p1a: Farigiraf|Hyper Voice|p2a: Floette|[spread] p2a\n|-activate|p2b: Pelipper|move: Protect\n|-damage|p2a: Floette|79/100\n|move|p2a: Floette|Dazzling Gleam|p1a: Farigiraf|[spread] p1a,p1b\n|-damage|p1a: Farigiraf|0 fnt\n|-damage|p1b: Incineroar|59/100\n|faint|p1a: Farigiraf\n|\n|-weather|RainDance|[upkeep]\n|upkeep\n|c| Carrielis|I think that was the worst play you vouldve gone for\n|j| ColdingLight\n|\n|t:|1776043067\n|switch|p1a: Milotic|Milotic, L50, F|100/100\n|turn|5\n|c|\u2606Rose Gastrodon|It was a power move\n|c|\u2606Rose Gastrodon|I respect it\n|\n|t:|1776043087\n|switch|p2b: Sinistcha|Sinistcha, L50|100/100\n|-heal|p2a: Floette|100/100|[from] ability: Hospitality|[of] p2b: Sinistcha\n|move|p1b: Incineroar|Fake Out|p2b: Sinistcha\n|-immune|p2b: Sinistcha\n|move|p1a: Milotic|Scald|p2a: Floette\n|-damage|p2a: Floette|49/100\n|-status|p2a: Floette|brn\n|move|p2a: Floette|Calm Mind|p2a: Floette\n|-boost|p2a: Floette|spa|1\n|-boost|p2a: Floette|spd|1\n|\n|-weather|none\n|-damage|p2a: Floette|43/100 brn|[from] brn\n|-fieldend|move: Trick Room\n|upkeep\n|turn|6\n|j| LeezlePon\n|j| Scapegoat11\n|j| aurora ltd\n|\n|t:|1776043139\n|move|p2a: Floette|Dazzling Gleam|p1a: Milotic|[spread] p1a,p1b\n|-damage|p1a: Milotic|44/100\n|-damage|p1b: Incineroar|0 fnt\n|faint|p1b: Incineroar\n|move|p1a: Milotic|Scald|p2a: Floette\n|-damage|p2a: Floette|16/100 brn\n|move|p2b: Sinistcha|Matcha Gotcha|p1a: Milotic\n|-supereffective|p1a: Milotic|1\n|-damage|p1a: Milotic|0 fnt\n|faint|p1a: Milotic\n|\n|-damage|p2a: Floette|11/100 brn|[from] brn\n|upkeep\n|l| ColdingLight\n|\n|t:|1776043165\n|switch|p1b: Gengar|Gengar-Mega, L50, M|41/100\n|turn|7\n|l| Scapegoat11\n|c| Carrielis|Genuinely think you lost all momentum iff that dogshit ass ally switch protect play\n|inactive|Battle timer is ON: inactive players will automatically lose when time's up. (requested by Rose Gastrodon)\n|c|\u2606Rose Gastrodon|Carrielis there\u2019s no need to be mean\n|c|\u2606aggron fan 2|tbh i meant to ally switch and shadow ball or smth\n|inactive|aggron fan 2 has 60 seconds left.\n|c| Carrielis|Thats not being mean\n|c|\u2606aggron fan 2|no you\u2019re right though\n|l| Bman311\n|j| Bman311\n|c|\u2606Rose Gastrodon|I think referring to someone\u2019s play as \u201cdogshit ass\u201d can be mean\n|inactive|aggron fan 2 has 30 seconds left.\n|c|\u2606aggron fan 2|but also playing against rain is something i need more practice with anyway\n|\n|t:|1776043264\n|move|p2b: Sinistcha|Rage Powder|p2b: Sinistcha\n|-singleturn|p2b: Sinistcha|move: Rage Powder\n|move|p1b: Gengar|Sludge Wave|p2b: Sinistcha|[spread] p2a,p2b\n|-supereffective|p2a: Floette|1\n|-damage|p2a: Floette|0 fnt\n|-damage|p2b: Sinistcha|59/100\n|-status|p2b: Sinistcha|psn\n|faint|p2a: Floette\n|\n|-damage|p2b: Sinistcha|47/100 psn|[from] psn\n|upkeep\n|-enditem|p2b: Sinistcha|Sitrus Berry|[eat]\n|-heal|p2b: Sinistcha|72/100 psn|[from] item: Sitrus Berry\n|\n|t:|1776043269\n|switch|p2a: Basculegion|Basculegion, L50, M|100/100\n|turn|8\n|\n|t:|1776043287\n|switch|p2b: Pelipper|Pelipper, L50, M|32/100\n|-weather|RainDance|[from] ability: Drizzle|[of] p2b: Pelipper\n|move|p2a: Basculegion|Last Respects|p1b: Gengar\n|-supereffective|p1b: Gengar|1\n|-crit|p1b: Gengar\n|-damage|p1b: Gengar|0 fnt\n|faint|p1b: Gengar\n|\n|win|Rose Gastrodon\n|n|\u2606aggron fan 2|aggronfan2\n|n|\u2606Rose Gastrodon|rosegastrodon\n|n| Carrielis|carrielis\n|n| burntouteriksp|burntouteriksp\n|n| knoxxzeta|knoxxzeta\n|n| caramelpainn|caramelpainn\n|n| TzelYT|tzelyt\n|n| LeezlePon|leezlepon\n|n| aurora ltd|auroraltd\n|n| Bman311|bman311\n|c|\u2606aggron fan 2|ggs though\n|c|\u2606Rose Gastrodon|Gg\n|c|\u2606aggron fan 2|you played well\n|l| Bman311\n|c|\u2606Rose Gastrodon|Thank you\n|c| Carrielis|Rose Gastrodon what situation would protect + ally switch ever be good in\n|l|\u2606aggron fan 2\n|player|p1|\n|c|\u2606Rose Gastrodon|I\u2019m not saying it was a good play\n|c| Carrielis|You should just attack the basc slot there\n|l| knoxxzeta\n|c|\u2606Rose Gastrodon|I\u2019m saying your wording was a bit meaner than it needed to be\n|l| Carrielis\n|c|\u2606Rose Gastrodon|People are learning the game there\u2019s no need to word it like that\n|l| TzelYT\n|l| burntouteriksp\n",
  "uploadtime": 1776043517,
  "views": 9,
  "formatid": "gen9championsvgc2026regma",
  "rating": null,
  "private": 0,
  "password": null
}