{
  "id": "gen9championsvgc2026regma-2582438890",
  "format": "[Gen 9 Champions] VGC 2026 Reg M-A",
  "players": [
    "hypnosedu15",
    "NVBlackLotus"
  ],
  "log": "|j|\u2606hypnosedu15\n|j|\u2606NVBlackLotus\n|t:|1776091737\n|gametype|doubles\n|player|p1|hypnosedu15|pokemaniac|1045\n|player|p2|NVBlackLotus|170|1000\n|gen|9\n|tier|[Gen 9 Champions] VGC 2026 Reg M-A\n|rated|\n|rule|Species Clause: Limit one of each Pok\u00e9mon\n|rule|Item Clause: Limit 1 of each item\n|clearpoke\n|poke|p1|Dragonite, L50, M|\n|poke|p1|Basculegion, L50, M|\n|poke|p1|Pelipper, L50, M|\n|poke|p1|Archaludon, L50, F|\n|poke|p1|Incineroar, L50, M|\n|poke|p1|Sinistcha, L50|\n|poke|p2|Gengar, L50, F|\n|poke|p2|Whimsicott, L50, F|\n|poke|p2|Kommo-o, L50, M|\n|poke|p2|Incineroar, L50, M|\n|poke|p2|Meganium, L50, F|\n|poke|p2|Basculegion, L50, M|\n|teampreview|4\n|inactive|Battle timer is ON: inactive players will automatically lose when time's up. (requested by hypnosedu15)\n|inactive|NVBlackLotus has 60 seconds left.\n|\n|t:|1776091784\n|teamsize|p1|4\n|teamsize|p2|4\n|start\n|switch|p1a: Pelipper|Pelipper, L50, M|100/100\n|switch|p1b: Archaludon|Archaludon, L50, F|100/100\n|switch|p2a: Gengar|Gengar, L50, F, shiny|100/100\n|switch|p2b: Whimsicott|Whimsicott, L50, F|100/100\n|-weather|RainDance|[from] ability: Drizzle|[of] p1a: Pelipper\n|turn|1\n|\n|t:|1776091803\n|move|p2a: Gengar|Protect|p2a: Gengar\n|-singleturn|p2a: Gengar|Protect\n|move|p2b: Whimsicott|Fake Tears|p1b: Archaludon\n|-unboost|p1b: Archaludon|spd|2\n|move|p1b: Archaludon|Flash Cannon|p2b: Whimsicott\n|-supereffective|p2b: Whimsicott|1\n|-damage|p2b: Whimsicott|20/100\n|move|p1a: Pelipper|Tailwind|p1a: Pelipper\n|-sidestart|p1: hypnosedu15|move: Tailwind\n|\n|-weather|RainDance|[upkeep]\n|upkeep\n|turn|2\n|inactive|hypnosedu15 has 30 seconds left.\n|inactive|NVBlackLotus has 30 seconds left.\n|inactive|NVBlackLotus has 20 seconds left.\n|inactive|NVBlackLotus has 15 seconds left.\n|inactive|NVBlackLotus has 10 seconds left.\n|\n|t:|1776091850\n|detailschange|p2a: Gengar|Gengar-Mega, L50, F, shiny\n|-mega|p2a: Gengar|Gengar|Gengarite\n|move|p2b: Whimsicott|Encore|p1a: Pelipper\n|-start|p1a: Pelipper|Encore\n|move|p1b: Archaludon|Electro Shot||[still]\n|-prepare|p1b: Archaludon|Electro Shot\n|-boost|p1b: Archaludon|spa|1\n|-anim|p1b: Archaludon|Electro Shot|p2a: Gengar\n|-damage|p2a: Gengar|32/100\n|move|p2a: Gengar|Shadow Ball|p1b: Archaludon\n|-damage|p1b: Archaludon|9/100\n|-ability|p1b: Archaludon|Stamina|boost\n|-boost|p1b: Archaludon|def|1\n|move|p1a: Pelipper|Tailwind||[still]\n|-fail|p1a: Pelipper\n|\n|-weather|RainDance|[upkeep]\n|-heal|p1b: Archaludon|15/100|[from] item: Leftovers\n|upkeep\n|turn|3\n|inactive|hypnosedu15 has 30 seconds left.\n|\n|t:|1776091882\n|move|p2a: Gengar|Protect|p2a: Gengar\n|-singleturn|p2a: Gengar|Protect\n|move|p2b: Whimsicott|Tailwind|p2b: Whimsicott\n|-sidestart|p2: NVBlackLotus|move: Tailwind\n|move|p1b: Archaludon|Electro Shot||[still]\n|-prepare|p1b: Archaludon|Electro Shot\n|-boost|p1b: Archaludon|spa|1\n|-anim|p1b: Archaludon|Electro Shot|p2b: Whimsicott\n|-resisted|p2b: Whimsicott|1\n|-damage|p2b: Whimsicott|0 fnt\n|faint|p2b: Whimsicott\n|move|p1a: Pelipper|Tailwind||[still]\n|-fail|p1a: Pelipper\n|\n|-weather|RainDance|[upkeep]\n|-heal|p1b: Archaludon|21/100|[from] item: Leftovers\n|upkeep\n|\n|t:|1776091903\n|switch|p2b: Basculegion|Basculegion, L50, M, shiny|100/100\n|turn|4\n|\n|t:|1776091920\n|move|p2b: Basculegion|Last Respects|p1a: Pelipper\n|-damage|p1a: Pelipper|27/100\n|move|p2a: Gengar|Shadow Ball|p1b: Archaludon\n|-damage|p1b: Archaludon|0 fnt\n|faint|p1b: Archaludon\n|move|p1a: Pelipper|Tailwind||[still]\n|-fail|p1a: Pelipper\n|\n|-weather|RainDance|[upkeep]\n|-end|p1a: Pelipper|Encore\n|-sideend|p1: hypnosedu15|move: Tailwind\n|upkeep\n|\n|t:|1776091932\n|switch|p1b: Basculegion|Basculegion, L50, M, shiny|100/100\n|turn|5\n|\n|t:|1776091955\n|move|p1b: Basculegion|Last Respects|p2b: Basculegion\n|-supereffective|p2b: Basculegion|1\n|-damage|p2b: Basculegion|0 fnt\n|faint|p2b: Basculegion\n|move|p2a: Gengar|Disable|p1a: Pelipper\n|-start|p1a: Pelipper|Disable|Tailwind\n|cant|p1a: Pelipper|Disable|Tailwind\n|\n|-weather|none\n|upkeep\n|\n|t:|1776091964\n|switch|p2b: Incineroar|Incineroar, L50, M, shiny|100/100\n|-ability|p2b: Incineroar|Intimidate|boost\n|-unboost|p1a: Pelipper|atk|1\n|-unboost|p1b: Basculegion|atk|1\n|turn|6\n|\n|t:|1776091978\n|move|p2b: Incineroar|Fake Out|p1a: Pelipper\n|-damage|p1a: Pelipper|17/100\n|move|p2a: Gengar|Shadow Ball|p1b: Basculegion\n|-supereffective|p1b: Basculegion|1\n|-damage|p1b: Basculegion|0 fnt\n|faint|p1b: Basculegion\n|cant|p1a: Pelipper|flinch\n|\n|-sideend|p2: NVBlackLotus|move: Tailwind\n|upkeep\n|\n|t:|1776091987\n|switch|p1b: Dragonite|Dragonite, L50, M, shiny|100/100\n|turn|7\n|inactive|NVBlackLotus has 30 seconds left.\n|\n|t:|1776092018\n|detailschange|p1b: Dragonite|Dragonite-Mega, L50, M, shiny\n|-mega|p1b: Dragonite|Dragonite|Dragoninite\n|move|p2b: Incineroar|Protect|p2b: Incineroar\n|-singleturn|p2b: Incineroar|Protect\n|move|p2a: Gengar|Sludge Wave|p1b: Dragonite|[spread] p1a,p1b\n|-activate|p2b: Incineroar|move: Protect\n|-damage|p1a: Pelipper|0 fnt\n|-damage|p1b: Dragonite|82/100\n|faint|p1a: Pelipper\n|move|p1b: Dragonite|Hurricane|p2b: Incineroar\n|-activate|p2b: Incineroar|move: Protect\n|\n|upkeep\n|turn|8\n|\n|t:|1776092040\n|move|p2a: Gengar|Shadow Ball|p1b: Dragonite\n|-damage|p1b: Dragonite|37/100\n|-unboost|p1b: Dragonite|spd|1\n|move|p1b: Dragonite|Hurricane|p2a: Gengar\n|-damage|p2a: Gengar|0 fnt\n|faint|p2a: Gengar\n|move|p2b: Incineroar|Parting Shot|p1b: Dragonite\n|-unboost|p1b: Dragonite|atk|1\n|-unboost|p1b: Dragonite|spa|1\n|\n|upkeep\n|turn|9\n|\n|t:|1776092059\n|move|p1b: Dragonite|Thunder|p2b: Incineroar\n|-damage|p2b: Incineroar|83/100\n|move|p2b: Incineroar|Flare Blitz|p1b: Dragonite\n|-resisted|p1b: Dragonite|1\n|-damage|p1b: Dragonite|15/100\n|-damage|p2b: Incineroar|77/100|[from] Recoil\n|\n|upkeep\n|turn|10\n|inactive|hypnosedu15 has 30 seconds left.\n|inactive|hypnosedu15 has 20 seconds left.\n|\n|t:|1776092097\n|move|p1b: Dragonite|Thunder|p2b: Incineroar\n|-damage|p2b: Incineroar|58/100\n|move|p2b: Incineroar|Flare Blitz|p1b: Dragonite\n|-resisted|p1b: Dragonite|1\n|-damage|p1b: Dragonite|0 fnt\n|faint|p1b: Dragonite\n|-damage|p2b: Incineroar|54/100|[from] Recoil\n|\n|win|NVBlackLotus\n|raw|hypnosedu15's rating: 1045 &rarr; <strong>1026</strong><br />(-19 for losing)\n|raw|NVBlackLotus's rating: 1000 &rarr; <strong>1045</strong><br />(+45 for winning)\n",
  "uploadtime": 1776092097,
  "views": 10,
  "formatid": "gen9championsvgc2026regma",
  "rating": 1026,
  "private": 0,
  "password": null
}