{
  "id": "gen9championsvgc2026regma-2585755831",
  "format": "[Gen 9 Champions] VGC 2026 Reg M-A",
  "players": [
    "ribnaturall",
    "josefall"
  ],
  "log": "|j|\u2606ribnaturall\n|j|\u2606josefall\n|t:|1776368387\n|gametype|doubles\n|player|p1|ribnaturall|waiter|1043\n|player|p2|josefall|nate|1086\n|gen|9\n|tier|[Gen 9 Champions] VGC 2026 Reg M-A\n|rated|\n|rule|Species Clause: Limit one of each Pok\u00e9mon\n|rule|Item Clause: Limit 1 of each item\n|clearpoke\n|poke|p1|Skarmory, L50, M|\n|poke|p1|Decidueye-Hisui, L50, F|\n|poke|p1|Hydreigon, L50, M|\n|poke|p1|Rotom-Heat, L50|\n|poke|p1|Tyranitar, L50, M|\n|poke|p1|Clefable, L50, M|\n|poke|p2|Froslass, L50, F|\n|poke|p2|Weavile, L50, M|\n|poke|p2|Arcanine-Hisui, L50, M|\n|poke|p2|Tyranitar, L50, F|\n|poke|p2|Garchomp, L50, F|\n|poke|p2|Volcarona, L50, M|\n|teampreview|4\n|inactive|Battle timer is ON: inactive players will automatically lose when time's up. (requested by ribnaturall)\n|\n|t:|1776368434\n|teamsize|p1|4\n|teamsize|p2|4\n|start\n|switch|p1a: Decidueye|Decidueye-Hisui, L50, F|100/100\n|switch|p1b: Tyranitar|Tyranitar, L50, M|100/100\n|switch|p2a: Froslass|Froslass, L50, F|100/100\n|switch|p2b: Arcanine|Arcanine-Hisui, L50, M|100/100\n|-ability|p2b: Arcanine|Intimidate|boost\n|-fail|p1a: Decidueye|unboost|Attack|[from] ability: Scrappy|[of] p1a: Decidueye\n|-unboost|p1b: Tyranitar|atk|1\n|-weather|Sandstorm|[from] ability: Sand Stream|[of] p1b: Tyranitar\n|turn|1\n|inactive|josefall has 30 seconds left.\n|\n|t:|1776368464\n|detailschange|p2a: Froslass|Froslass-Mega, L50, F\n|-mega|p2a: Froslass|Froslass|Froslassite\n|-weather|Snowscape|[from] ability: Snow Warning|[of] p2a: Froslass\n|move|p2b: Arcanine|Close Combat|p1b: Tyranitar\n|-supereffective|p1b: Tyranitar|2\n|-damage|p1b: Tyranitar|10/100\n|-unboost|p2b: Arcanine|def|1\n|-unboost|p2b: Arcanine|spd|1\n|move|p2a: Froslass|Blizzard|p1b: Tyranitar|[spread] p1a,p1b\n|-supereffective|p1a: Decidueye|1\n|-crit|p1b: Tyranitar\n|-enditem|p1a: Decidueye|Focus Sash\n|-damage|p1a: Decidueye|1/100\n|-damage|p1b: Tyranitar|0 fnt\n|faint|p1b: Tyranitar\n|move|p1a: Decidueye|Tailwind|p1a: Decidueye\n|-sidestart|p1: ribnaturall|move: Tailwind\n|\n|-weather|Snowscape|[upkeep]\n|upkeep\n|\n|t:|1776368478\n|switch|p1b: Rotom|Rotom-Heat, L50|100/100\n|turn|2\n|\n|t:|1776368489\n|move|p1b: Rotom|Overheat|p2a: Froslass\n|-supereffective|p2a: Froslass|1\n|-damage|p2a: Froslass|0 fnt\n|-unboost|p1b: Rotom|spa|2\n|faint|p2a: Froslass\n|move|p2b: Arcanine|Close Combat|p1a: Decidueye\n|-damage|p1a: Decidueye|0 fnt\n|-unboost|p2b: Arcanine|def|1\n|-unboost|p2b: Arcanine|spd|1\n|faint|p1a: Decidueye\n|\n|-weather|Snowscape|[upkeep]\n|upkeep\n|\n|t:|1776368497\n|switch|p2a: Weavile|Weavile, L50, M|100/100\n|switch|p1a: Clefable|Clefable, L50, M|100/100\n|-ability|p2a: Weavile|Pressure\n|turn|3\n|\n|t:|1776368511\n|move|p1b: Rotom|Overheat|p2a: Weavile\n|-supereffective|p2a: Weavile|1\n|-damage|p2a: Weavile|18/100\n|-unboost|p1b: Rotom|spa|2\n|move|p2b: Arcanine|Close Combat|p1a: Clefable\n|-resisted|p1a: Clefable|1\n|-damage|p1a: Clefable|87/100\n|-unboost|p2b: Arcanine|def|1\n|-unboost|p2b: Arcanine|spd|1\n|move|p2a: Weavile|Triple Axel|p1a: Clefable|[miss]\n|-miss|p2a: Weavile|p1a: Clefable\n|move|p1a: Clefable|Moonblast|p2b: Arcanine\n|-resisted|p2b: Arcanine|1\n|-damage|p2b: Arcanine|52/100\n|\n|-weather|Snowscape|[upkeep]\n|upkeep\n|turn|4\n|\n|t:|1776368528\n|switch|p2a: Garchomp|Garchomp, L50, F|100/100\n|move|p1b: Rotom|Overheat|p2a: Garchomp\n|-resisted|p2a: Garchomp|1\n|-damage|p2a: Garchomp|89/100\n|-unboost|p1b: Rotom|spa|2\n|move|p2b: Arcanine|Close Combat|p1b: Rotom\n|-damage|p1b: Rotom|63/100\n|-unboost|p2b: Arcanine|def|1\n|-unboost|p2b: Arcanine|spd|1\n|move|p1a: Clefable|Moonblast|p2b: Arcanine\n|-resisted|p2b: Arcanine|1\n|-damage|p2b: Arcanine|0 fnt\n|faint|p2b: Arcanine\n|\n|-weather|Snowscape|[upkeep]\n|-sideend|p1: ribnaturall|move: Tailwind\n|upkeep\n|\n|t:|1776368538\n|switch|p2b: Weavile|Weavile, L50, M|18/100\n|-ability|p2b: Weavile|Pressure\n|turn|5\n|\n|t:|1776368545\n|move|p2b: Weavile|Fake Out|p1b: Rotom\n|-damage|p1b: Rotom|48/100\n|cant|p1b: Rotom|flinch\n|move|p2a: Garchomp|Poison Jab|p1a: Clefable\n|-supereffective|p1a: Clefable|1\n|-damage|p1a: Clefable|35/100\n|move|p1a: Clefable|Moonblast|p2a: Garchomp\n|-supereffective|p2a: Garchomp|1\n|-crit|p2a: Garchomp\n|-enditem|p2a: Garchomp|Roseli Berry|[eat]\n|-enditem|p2a: Garchomp|Roseli Berry|[weaken]\n|-damage|p2a: Garchomp|38/100\n|-unboost|p2a: Garchomp|spa|1\n|\n|-weather|none\n|upkeep\n|turn|6\n|\n|t:|1776368565\n|move|p2b: Weavile|Knock Off|p1b: Rotom\n|-damage|p1b: Rotom|0 fnt\n|-enditem|p1b: Rotom|Choice Scarf|[from] move: Knock Off|[of] p2b: Weavile\n|faint|p1b: Rotom\n|move|p2a: Garchomp|Poison Jab|p1a: Clefable\n|-supereffective|p1a: Clefable|1\n|-damage|p1a: Clefable|0 fnt\n|faint|p1a: Clefable\n|\n|win|josefall\n|raw|ribnaturall's rating: 1043 &rarr; <strong>1029</strong><br />(-14 for losing)\n|raw|josefall's rating: 1086 &rarr; <strong>1110</strong><br />(+24 for winning)\n|l|\u2606ribnaturall\n|player|p1|\n",
  "uploadtime": 1776368577,
  "views": 22,
  "formatid": "gen9championsvgc2026regma",
  "rating": 1029,
  "private": 0,
  "password": null
}