{
  "id": "gen9championsvgc2026regma-2581543438",
  "format": "[Gen 9 Champions] VGC 2026 Reg M-A",
  "players": [
    "henitusec",
    "Pluhwlak"
  ],
  "log": "|j|\u2606henitusec\n|j|\u2606Pluhwlak\n|t:|1776009655\n|gametype|doubles\n|player|p1|henitusec|volo|1088\n|player|p2|Pluhwlak|170|1003\n|gen|9\n|tier|[Gen 9 Champions] VGC 2026 Reg M-A\n|rated|\n|rule|Species Clause: Limit one of each Pok\u00e9mon\n|rule|Item Clause: Limit 1 of each item\n|clearpoke\n|poke|p1|Delphox, L50, M|\n|poke|p1|Basculegion, L50, M|\n|poke|p1|Clefable, L50, M|\n|poke|p1|Kingambit, L50, M|\n|poke|p1|Dragonite, L50, M|\n|poke|p1|Sneasler, L50, F|\n|poke|p2|Aggron, L50, F|\n|poke|p2|Farigiraf, L50, M|\n|poke|p2|Torkoal, L50, M|\n|poke|p2|Dragonite, L50, M|\n|poke|p2|Venusaur, L50, F|\n|poke|p2|Primarina, L50, M|\n|teampreview|4\n|inactive|Battle timer is ON: inactive players will automatically lose when time's up. (requested by henitusec)\n|inactive|henitusec has 60 seconds left.\n|inactive|Pluhwlak has 60 seconds left.\n|\n|t:|1776009697\n|teamsize|p1|4\n|teamsize|p2|4\n|start\n|switch|p1a: Sneasler|Sneasler, L50, F|100/100\n|switch|p1b: Dragonite|Dragonite, L50, M|100/100\n|switch|p2a: Primarina|Primarina, L50, M|100/100\n|switch|p2b: Aggron|Aggron, L50, F|100/100\n|turn|1\n|inactive|henitusec has 30 seconds left.\n|inactive|henitusec has 20 seconds left.\n|inactive|henitusec has 15 seconds left.\n|\n|t:|1776009742\n|detailschange|p2b: Aggron|Aggron-Mega, L50, F\n|-mega|p2b: Aggron|Aggron|Aggronite\n|move|p1b: Dragonite|Protect|p1b: Dragonite\n|-singleturn|p1b: Dragonite|Protect\n|move|p1a: Sneasler|Close Combat|p2b: Aggron\n|-supereffective|p2b: Aggron|1\n|-damage|p2b: Aggron|57/100\n|-unboost|p1a: Sneasler|def|1\n|-unboost|p1a: Sneasler|spd|1\n|move|p2a: Primarina|Blizzard|p1a: Sneasler|[spread] p1a\n|-activate|p1b: Dragonite|move: Protect\n|-damage|p1a: Sneasler|41/100\n|move|p2b: Aggron|Rock Slide|p1b: Dragonite|[spread] p1a\n|-activate|p1b: Dragonite|move: Protect\n|-resisted|p1a: Sneasler|1\n|-damage|p1a: Sneasler|13/100\n|\n|upkeep\n|turn|2\n|inactive|henitusec has 30 seconds left.\n|inactive|Pluhwlak has 30 seconds left.\n|inactive|henitusec has 20 seconds left.\n|inactive|Pluhwlak has 20 seconds left.\n|inactive|Pluhwlak has 15 seconds left.\n|\n|t:|1776009785\n|move|p1b: Dragonite|Extreme Speed|p2a: Primarina\n|-damage|p2a: Primarina|61/100\n|move|p1a: Sneasler|Dire Claw|p2a: Primarina\n|-supereffective|p2a: Primarina|1\n|-damage|p2a: Primarina|0 fnt\n|faint|p2a: Primarina\n|move|p2b: Aggron|Rock Slide|p1b: Dragonite|[spread] p1a,p1b\n|-resisted|p1a: Sneasler|1\n|-supereffective|p1b: Dragonite|1\n|-damage|p1a: Sneasler|0 fnt\n|-damage|p1b: Dragonite|78/100\n|faint|p1a: Sneasler\n|\n|upkeep\n|inactive|Pluhwlak has 30 seconds left.\n|inactive|Pluhwlak has 20 seconds left.\n|inactive|Pluhwlak has 15 seconds left.\n|inactive|Pluhwlak has 10 seconds left.\n|inactive|Pluhwlak has 5 seconds left.\n|\n|t:|1776009840\n|switch|p1a: Delphox|Delphox, L50, M|100/100\n|switch|p2a: Dragonite|Dragonite, L50, M|100/100\n|turn|3\n|\n|t:|1776009851\n|detailschange|p1a: Delphox|Delphox-Mega, L50, M\n|-mega|p1a: Delphox|Delphox|Delphoxite\n|move|p1a: Delphox|Heat Wave|p2a: Dragonite|[spread] p2a,p2b\n|-resisted|p2a: Dragonite|1\n|-supereffective|p2b: Aggron|1\n|-damage|p2a: Dragonite|93/100\n|-damage|p2b: Aggron|0 fnt\n|faint|p2b: Aggron\n|move|p1b: Dragonite|Scale Shot|p2a: Dragonite|[miss]\n|-miss|p1b: Dragonite|p2a: Dragonite\n|move|p2a: Dragonite|Outrage|p1b: Dragonite\n|-supereffective|p1b: Dragonite|1\n|-damage|p1b: Dragonite|0 fnt\n|faint|p1b: Dragonite\n|\n|-heal|p2a: Dragonite|99/100|[from] item: Leftovers\n|upkeep\n|\n|t:|1776009876\n|switch|p1b: Kingambit|Kingambit, L50, M|100/100\n|switch|p2b: Venusaur|Venusaur, L50, F|100/100\n|turn|4\n|\n|t:|1776009888\n|move|p1a: Delphox|Heat Wave|p2b: Venusaur|[spread] p2a,p2b\n|-resisted|p2a: Dragonite|1\n|-supereffective|p2b: Venusaur|1\n|-damage|p2a: Dragonite|82/100\n|-damage|p2b: Venusaur|0 fnt\n|faint|p2b: Venusaur\n|move|p2a: Dragonite|Outrage|p1b: Kingambit|[from] lockedmove\n|-resisted|p1b: Kingambit|1\n|-crit|p1b: Kingambit\n|-damage|p1b: Kingambit|63/100\n|-start|p2a: Dragonite|confusion|[fatigue]\n|move|p1b: Kingambit|Swords Dance|p1b: Kingambit\n|-boost|p1b: Kingambit|atk|2\n|\n|-heal|p2a: Dragonite|88/100|[from] item: Leftovers\n|upkeep\n|turn|5\n|inactive|Pluhwlak has 30 seconds left.\n|\n|t:|1776009913\n|move|p1a: Delphox|Substitute|p1a: Delphox\n|-start|p1a: Delphox|Substitute\n|-damage|p1a: Delphox|76/100\n|-activate|p2a: Dragonite|confusion\n|move|p2a: Dragonite|Outrage|p1a: Delphox\n|-end|p1a: Delphox|Substitute\n|move|p1b: Kingambit|Kowtow Cleave|p2a: Dragonite\n|-damage|p2a: Dragonite|0 fnt\n|faint|p2a: Dragonite\n|\n|win|henitusec\n|raw|henitusec's rating: 1088 &rarr; <strong>1108</strong><br />(+20 for winning)\n|raw|Pluhwlak's rating: 1000 &rarr; <strong>1000</strong><br />(+0 for losing)\n",
  "uploadtime": 1776009922,
  "views": 18,
  "formatid": "gen9championsvgc2026regma",
  "rating": 1000,
  "private": 0,
  "password": null
}