{
  "id": "gen9championsvgc2026regma-2584605523",
  "format": "[Gen 9 Champions] VGC 2026 Reg M-A",
  "players": [
    "iamgoodatpokemon1",
    "Pegassin"
  ],
  "log": "|j|\u2606iamgoodatpokemon1\n|j|\u203dPegassin\n|t:|1776271656\n|gametype|doubles\n|player|p1|iamgoodatpokemon1|pokemaniac|1121\n|player|p2|Pegassin|265|1130\n|gen|9\n|tier|[Gen 9 Champions] VGC 2026 Reg M-A\n|rated|\n|rule|Species Clause: Limit one of each Pok\u00e9mon\n|rule|Item Clause: Limit 1 of each item\n|clearpoke\n|poke|p1|Floette-Eternal, L50, F|\n|poke|p1|Aegislash, L50, F|\n|poke|p1|Arcanine-Hisui, L50, F|\n|poke|p1|Krookodile, L50, M|\n|poke|p1|Samurott-Hisui, L50, M|\n|poke|p1|Decidueye, L50, F|\n|poke|p2|Pelipper, L50, M|\n|poke|p2|Dragonite, L50, M|\n|poke|p2|Archaludon, L50, M|\n|poke|p2|Sneasler, L50, F|\n|poke|p2|Basculegion, L50, M|\n|poke|p2|Glimmora, L50, M|\n|teampreview|4\niamgoodatpokemon1 rejected open team sheets.\n|inactive|Battle timer is ON: inactive players will automatically lose when time's up. (requested by iamgoodatpokemon1)\n|\n|t:|1776271681\n|teamsize|p1|4\n|teamsize|p2|4\n|start\n|switch|p1a: Decidueye|Decidueye, L50, F|100/100\n|switch|p1b: Aegislash|Aegislash, L50, F, shiny|100/100\n|switch|p2a: Pelipper|Pelipper, L50, M|100/100\n|switch|p2b: Archaludon|Archaludon, L50, M|100/100\n|-weather|RainDance|[from] ability: Drizzle|[of] p2a: Pelipper\n|turn|1\n|inactive|Pegassin has 30 seconds left.\n|\n|t:|1776271708\n|move|p2a: Pelipper|U-turn|p2b: Archaludon\n|-resisted|p2b: Archaludon|1\n|-damage|p2b: Archaludon|97/100\n|-ability|p2b: Archaludon|Stamina|boost\n|-boost|p2b: Archaludon|def|1\n|\n|t:|1776271718\n|switch|p2a: Sneasler|Sneasler, L50, F, shiny|100/100|[from] U-turn\n|move|p2b: Archaludon|Electro Shot||[still]\n|-prepare|p2b: Archaludon|Electro Shot\n|-boost|p2b: Archaludon|spa|1\n|-anim|p2b: Archaludon|Electro Shot|p1b: Aegislash\n|-damage|p1b: Aegislash|48/100\n|move|p1a: Decidueye|Tailwind|p1a: Decidueye\n|-sidestart|p1: iamgoodatpokemon1|move: Tailwind\n|-formechange|p1b: Aegislash|Aegislash-Blade|\n|move|p1b: Aegislash|Sacred Sword|p2b: Archaludon\n|-supereffective|p2b: Archaludon|1\n|-damage|p2b: Archaludon|37/100\n|-ability|p2b: Archaludon|Stamina|boost\n|-boost|p2b: Archaludon|def|1\n|\n|-weather|RainDance|[upkeep]\n|-heal|p1b: Aegislash|54/100|[from] item: Leftovers\n|upkeep\n|turn|2\n|inactive|iamgoodatpokemon1 has 30 seconds left.\n|inactive|Pegassin has 30 seconds left.\n|inactive|Pegassin has 20 seconds left.\n|\n|t:|1776271754\n|move|p2b: Archaludon|Protect|p2b: Archaludon\n|-singleturn|p2b: Archaludon|Protect\n|move|p1a: Decidueye|Nasty Plot|p1a: Decidueye\n|-boost|p1a: Decidueye|spa|2\n|move|p2a: Sneasler|Rock Tomb|p1a: Decidueye\n|-damage|p1a: Decidueye|73/100\n|-unboost|p1a: Decidueye|spe|1\n|move|p1b: Aegislash|Sacred Sword|p2b: Archaludon\n|-activate|p2b: Archaludon|move: Protect\n|\n|-weather|RainDance|[upkeep]\n|-heal|p1b: Aegislash|60/100|[from] item: Leftovers\n|upkeep\n|turn|3\n|inactive|Pegassin has 30 seconds left.\n|\n|t:|1776271782\n|switch|p2b: Pelipper|Pelipper, L50, M|100/100\n|move|p2a: Sneasler|Dire Claw|p1a: Decidueye\n|-damage|p1a: Decidueye|21/100\n|move|p1b: Aegislash|Shadow Claw|p2a: Sneasler\n|-damage|p2a: Sneasler|28/100\n|move|p1a: Decidueye|Baton Pass|p1a: Decidueye\n|\n|t:|1776271791\n|switch|p1a: Floette|Floette-Eternal, L50, F|100/100|[from] Baton Pass\n|\n|-weather|RainDance|[upkeep]\n|-heal|p1b: Aegislash|66/100|[from] item: Leftovers\n|upkeep\n|turn|4\n|\n|t:|1776271807\n|move|p1a: Floette|Protect|p1a: Floette\n|-singleturn|p1a: Floette|Protect\n|move|p2a: Sneasler|Protect|p2a: Sneasler\n|-singleturn|p2a: Sneasler|Protect\n|move|p2b: Pelipper|Icy Wind|p1a: Floette|[spread] p1b\n|-activate|p1a: Floette|move: Protect\n|-resisted|p1b: Aegislash|1\n|-damage|p1b: Aegislash|54/100\n|-unboost|p1b: Aegislash|spe|1\n|move|p1b: Aegislash|Shadow Claw|p2a: Sneasler\n|-activate|p2a: Sneasler|move: Protect\n|\n|-weather|RainDance|[upkeep]\n|-heal|p1b: Aegislash|60/100|[from] item: Leftovers\n|-sideend|p1: iamgoodatpokemon1|move: Tailwind\n|upkeep\n|turn|5\n|\n|t:|1776271826\n|detailschange|p1a: Floette|Floette-Mega, L50, F\n|-mega|p1a: Floette|Floette|Floettite\n|-ability|p1a: Floette|Fairy Aura\n|move|p1a: Floette|Protect|p1a: Floette\n|-singleturn|p1a: Floette|Protect\n|move|p2b: Pelipper|Icy Wind|p1a: Floette|[spread] p1b\n|-activate|p1a: Floette|move: Protect\n|-resisted|p1b: Aegislash|1\n|-damage|p1b: Aegislash|49/100\n|-unboost|p1b: Aegislash|spe|1\n|move|p2a: Sneasler|Dire Claw|p1a: Floette\n|-activate|p1a: Floette|move: Protect\n|move|p1b: Aegislash|Shadow Claw|p2a: Sneasler\n|-damage|p2a: Sneasler|0 fnt\n|faint|p2a: Sneasler\n|\n|-weather|none\n|-heal|p1b: Aegislash|55/100|[from] item: Leftovers\n|upkeep\n|\n|t:|1776271850\n|switch|p2a: Glimmora|Glimmora, L50, M, shiny|100/100\n|turn|6\n|\n|t:|1776271860\n|detailschange|p2a: Glimmora|Glimmora-Mega, L50, M, shiny\n|-mega|p2a: Glimmora|Glimmora|Glimmoranite\n|move|p2b: Pelipper|Icy Wind|p1a: Floette|[spread] p1a,p1b\n|-resisted|p1b: Aegislash|1\n|-damage|p1a: Floette|90/100\n|-damage|p1b: Aegislash|44/100\n|-unboost|p1a: Floette|spe|1\n|-unboost|p1b: Aegislash|spe|1\n|move|p2a: Glimmora|Sludge Wave|p1b: Aegislash|[spread] p2b,p1a\n|-immune|p1b: Aegislash\n|-supereffective|p1a: Floette|1\n|-damage|p2b: Pelipper|9/100\n|-damage|p1a: Floette|0 fnt\n|faint|p1a: Floette\n|move|p1b: Aegislash|Iron Head|p2a: Glimmora\n|-supereffective|p2a: Glimmora|1\n|-damage|p2a: Glimmora|17/100\n|\n|-heal|p1b: Aegislash|50/100|[from] item: Leftovers\n|upkeep\n|\n|t:|1776271873\n|switch|p1a: Samurott|Samurott-Hisui, L50, M|100/100\n|turn|7\n|\n|t:|1776271881\n|switch|p2b: Archaludon|Archaludon, L50, M|37/100\n|move|p2a: Glimmora|Protect|p2a: Glimmora\n|-singleturn|p2a: Glimmora|Protect\n|-formechange|p1b: Aegislash|Aegislash|\n|move|p1b: Aegislash|King's Shield|p1b: Aegislash\n|-singleturn|p1b: Aegislash|Protect\n|move|p1a: Samurott|Ceaseless Edge|p2a: Glimmora\n|-activate|p2a: Glimmora|move: Protect\n|\n|-heal|p1b: Aegislash|56/100|[from] item: Leftovers\n|upkeep\n|turn|8\n|inactive|Pegassin has 30 seconds left.\n|\n|t:|1776271908\n|move|p2b: Archaludon|Protect|p2b: Archaludon\n|-singleturn|p2b: Archaludon|Protect\n|move|p1a: Samurott|Drill Run|p2b: Archaludon\n|-activate|p2b: Archaludon|move: Protect\n|move|p2a: Glimmora|Sludge Wave|p1a: Samurott|[spread] p1a\n|-activate|p2b: Archaludon|move: Protect\n|-immune|p1b: Aegislash\n|-damage|p1a: Samurott|14/100\n|-status|p1a: Samurott|psn\n|-formechange|p1b: Aegislash|Aegislash-Blade|\n|move|p1b: Aegislash|Iron Head|p2a: Glimmora\n|-supereffective|p2a: Glimmora|1\n|-damage|p2a: Glimmora|0 fnt\n|faint|p2a: Glimmora\n|\n|-heal|p1b: Aegislash|62/100|[from] item: Leftovers\n|-damage|p1a: Samurott|2/100 psn|[from] psn\n|upkeep\n|\n|t:|1776271921\n|switch|p2a: Pelipper|Pelipper, L50, M|9/100\n|-weather|RainDance|[from] ability: Drizzle|[of] p2a: Pelipper\n|turn|9\n|\n|t:|1776271938\n|move|p2a: Pelipper|Muddy Water|p1a: Samurott|[spread] p1a,p1b\n|-resisted|p1a: Samurott|1\n|-damage|p1a: Samurott|0 fnt\n|-damage|p1b: Aegislash|0 fnt\n|faint|p1a: Samurott\n|faint|p1b: Aegislash\n|move|p2b: Archaludon|Electro Shot||[still]\n|-prepare|p2b: Archaludon|Electro Shot\n|-boost|p2b: Archaludon|spa|1\n|-anim|p2b: Archaludon|Electro Shot|p1: Samurott|[notarget]\n|-fail|p2b: Archaludon\n|\n|-weather|RainDance|[upkeep]\n|upkeep\n|\n|t:|1776271943\n|switch|p1b: Decidueye|Decidueye, L50, F|21/100\n|turn|10\n|-message|iamgoodatpokemon1 forfeited.\n|\n|win|Pegassin\n|raw|iamgoodatpokemon1's rating: 1121 &rarr; <strong>1097</strong><br />(-24 for losing)\n|raw|Pegassin's rating: 1130 &rarr; <strong>1154</strong><br />(+24 for winning)\n",
  "uploadtime": 1776271953,
  "views": 15,
  "formatid": "gen9championsvgc2026regma",
  "rating": 1097,
  "private": 0,
  "password": null
}