{
  "id": "gen9championsvgc2026regma-2582425581",
  "format": "[Gen 9 Champions] VGC 2026 Reg M-A",
  "players": [
    "shin-tv07",
    "Lalo7418"
  ],
  "log": "|j|\u2606shin-tv07\n|j|\u2606Lalo7418\n|t:|1776090875\n|gametype|doubles\n|player|p1|shin-tv07|twins-gen4dp|1065\n|player|p2|Lalo7418|169|1040\n|gen|9\n|tier|[Gen 9 Champions] VGC 2026 Reg M-A\n|rated|\n|rule|Species Clause: Limit one of each Pok\u00e9mon\n|rule|Item Clause: Limit 1 of each item\n|clearpoke\n|poke|p1|Sneasler, L50, F|\n|poke|p1|Kingambit, L50, F|\n|poke|p1|Clefable, L50, F|\n|poke|p1|Delphox, L50, M|\n|poke|p1|Dragonite, L50, M|\n|poke|p1|Basculegion, L50, M|\n|poke|p2|Golurk, L50|\n|poke|p2|Torkoal, L50, F|\n|poke|p2|Incineroar, L50, M|\n|poke|p2|Sneasler, L50, M|\n|poke|p2|Farigiraf, L50, M|\n|poke|p2|Venusaur, L50, F|\n|teampreview|4\n|inactive|Battle timer is ON: inactive players will automatically lose when time's up. (requested by Lalo7418)\n|\n|t:|1776090927\n|teamsize|p1|4\n|teamsize|p2|4\n|start\n|switch|p1a: Kingambit|Kingambit, L50, F|100/100\n|switch|p1b: Sneasler|Sneasler, L50, F|100/100\n|switch|p2a: Golurk|Golurk, L50, shiny|100/100\n|switch|p2b: Incineroar|Incineroar, L50, M, shiny|100/100\n|-ability|p2b: Incineroar|Intimidate|boost\n|-unboost|p1a: Kingambit|atk|1\n|-ability|p1a: Kingambit|Defiant|boost\n|-boost|p1a: Kingambit|atk|2\n|-unboost|p1b: Sneasler|atk|1\n|turn|1\n|inactive|Lalo7418 has 30 seconds left.\n|inactive|Lalo7418 has 20 seconds left.\n|\n|t:|1776090964\n|switch|p2b: Farigiraf|Farigiraf, L50, M|100/100\n|detailschange|p2a: Golurk|Golurk-Mega, L50, shiny\n|-mega|p2a: Golurk|Golurk|Golurkite\n|move|p1b: Sneasler|Fake Out||[still]\n|cant|p2b: Farigiraf|ability: Armor Tail|Fake Out|[of] p1b: Sneasler\n|move|p2a: Golurk|Headlong Rush|p1a: Kingambit\n|-supereffective|p1a: Kingambit|1\n|-damage|p1a: Kingambit|0 fnt\n|-unboost|p2a: Golurk|def|1\n|-unboost|p2a: Golurk|spd|1\n|faint|p1a: Kingambit\n|\n|upkeep\n|c|\u2606shin-tv07|oooo\n|c|\u2606shin-tv07|give me that poke paste fam\n|c|\u2606shin-tv07|and i will glaze golurk for life\n|inactive|shin-tv07 has 30 seconds left.\n|inactive|shin-tv07 has 20 seconds left.\n|inactive|shin-tv07 has 15 seconds left.\n|\n|t:|1776091009\n|switch|p1a: Delphox|Delphox, L50, M|100/100\n|turn|2\n|c|\u2606Lalo7418|i found on twitter\n|c|\u2606Lalo7418|ddx\n|c|\u2606shin-tv07|yea you should have the poke paste for it right\n|inactive|shin-tv07 has 30 seconds left.\n|inactive|Lalo7418 has 30 seconds left.\n|inactive|shin-tv07 has 20 seconds left.\n|\n|t:|1776091047\n|detailschange|p1a: Delphox|Delphox-Mega, L50, M\n|-mega|p1a: Delphox|Delphox|Delphoxite\n|move|p2a: Golurk|Protect|p2a: Golurk\n|-singleturn|p2a: Golurk|Protect\n|move|p1a: Delphox|Substitute|p1a: Delphox\n|-start|p1a: Delphox|Substitute\n|-damage|p1a: Delphox|76/100\n|move|p1b: Sneasler|Close Combat|p2b: Farigiraf\n|-damage|p2b: Farigiraf|62/100\n|-unboost|p1b: Sneasler|def|1\n|-unboost|p1b: Sneasler|spd|1\n|move|p2b: Farigiraf|Trick Room|p2b: Farigiraf\n|-fieldstart|move: Trick Room|[of] p2b: Farigiraf\n|\n|upkeep\n|turn|3\n|c|\u2606Lalo7418|i make it right now, im testing this on champions too\n|c|\u2606shin-tv07|yeah can u share it with me\n|inactive|shin-tv07 has 30 seconds left.\n|inactive|Lalo7418 has 30 seconds left.\n|inactive|shin-tv07 has 20 seconds left.\n|inactive|Lalo7418 has 20 seconds left.\n|inactive|shin-tv07 has 15 seconds left.\n|\n|t:|1776091090\n|switch|p1b: Basculegion|Basculegion, L50, M|100/100\n|move|p2a: Golurk|Poltergeist|p1a: Delphox\n|-activate|p1a: Delphox|move: Poltergeist|Delphoxite\n|-supereffective|p1a: Delphox|1\n|-end|p1a: Delphox|Substitute\n|move|p2b: Farigiraf|Hyper Voice|p1a: Delphox|[spread] p1a\n|-immune|p1b: Basculegion\n|-damage|p1a: Delphox|46/100\n|move|p1a: Delphox|Psychic|p2a: Golurk\n|-damage|p2a: Golurk|21/100\n|\n|upkeep\n|turn|4\n|inactive|shin-tv07 has 30 seconds left.\n|inactive|Lalo7418 has 30 seconds left.\n|inactive|Lalo7418 has 20 seconds left.\n|inactive|Lalo7418 has 15 seconds left.\n|inactive|Lalo7418 has 10 seconds left.\n|inactive|Lalo7418 has 5 seconds left.\n|c|\u2606shin-tv07|choose move CHOOSE MOVE\n|\n|t:|1776091145\n|move|p2a: Golurk|Protect|p2a: Golurk\n|-singleturn|p2a: Golurk|Protect\n|move|p2b: Farigiraf|Psychic|p1b: Basculegion\n|-damage|p1b: Basculegion|56/100\n|move|p1b: Basculegion|Flip Turn|p2a: Golurk\n|-activate|p2a: Golurk|move: Protect\n|move|p1a: Delphox|Heat Wave|p2a: Golurk|[spread] p2b\n|-activate|p2a: Golurk|move: Protect\n|-damage|p2b: Farigiraf|23/100\n|-enditem|p2b: Farigiraf|Sitrus Berry|[eat]\n|-heal|p2b: Farigiraf|48/100|[from] item: Sitrus Berry\n|\n|upkeep\n|turn|5\n|c|\u2606shin-tv07|safe\n|c|\u2606Lalo7418|IM ON LAPTOP\n|\n|t:|1776091170\n|switch|p2a: Incineroar|Incineroar, L50, M, shiny|100/100\n|-ability|p2a: Incineroar|Intimidate|boost\n|-unboost|p1a: Delphox|atk|1\n|-unboost|p1b: Basculegion|atk|1\n|move|p2b: Farigiraf|Psychic|p1b: Basculegion\n|-damage|p1b: Basculegion|16/100\n|move|p1b: Basculegion|Flip Turn|p2a: Incineroar\n|-supereffective|p2a: Incineroar|1\n|-damage|p2a: Incineroar|55/100\n|\n|t:|1776091180\n|switch|p1b: Sneasler|Sneasler, L50, F|100/100|[from] Flip Turn\n|move|p1a: Delphox|Heat Wave|p2a: Incineroar|[spread] p2a,p2b\n|-resisted|p2a: Incineroar|1\n|-damage|p2a: Incineroar|37/100\n|-damage|p2b: Farigiraf|9/100\n|\n|upkeep\n|turn|6\n|c|\u2606shin-tv07|okay after the match send me the poke paste\n|inactive|Lalo7418 has 30 seconds left.\n|\n|t:|1776091207\n|switch|p2b: Torkoal|Torkoal, L50, F|100/100\n|move|p1a: Delphox|Protect|p1a: Delphox\n|-singleturn|p1a: Delphox|Protect\n|move|p2a: Incineroar|Fake Out|p1a: Delphox\n|-activate|p1a: Delphox|move: Protect\n|move|p1b: Sneasler|Fake Out|p2b: Torkoal\n|-damage|p2b: Torkoal|88/100\n|\n|-fieldend|move: Trick Room\n|upkeep\n|turn|7\n|c|\u2606shin-tv07|you can go to teambuilder>import/export\n|c|\u2606Lalo7418|OMG THE F ABILITY\n|c|\u2606Lalo7418|AAAAAAAAAAAAA\n|inactive|shin-tv07 has 30 seconds left.\n|inactive|Lalo7418 has 30 seconds left.\n|c|\u2606shin-tv07|YOU FORGOT TO PUT DROUGHT? LOL\n|inactive|shin-tv07 has 20 seconds left.\n|inactive|Lalo7418 has 20 seconds left.\n|\n|t:|1776091246\n|move|p1a: Delphox|Psychic|p2b: Torkoal\n|-damage|p2b: Torkoal|9/100\n|move|p1b: Sneasler|Close Combat|p2a: Incineroar\n|-supereffective|p2a: Incineroar|1\n|-damage|p2a: Incineroar|0 fnt\n|-unboost|p1b: Sneasler|def|1\n|-unboost|p1b: Sneasler|spd|1\n|faint|p2a: Incineroar\n|move|p2b: Torkoal|Eruption|p1b: Sneasler|[spread] p1a,p1b\n|-resisted|p1a: Delphox|1\n|-damage|p1a: Delphox|44/100\n|-damage|p1b: Sneasler|90/100\n|\n|upkeep\n|c|\u2606Lalo7418|yep\n|c|\u2606Lalo7418|gg\n|c|\u2606Lalo7418|xdd\n|\n|t:|1776091262\n|switch|p2a: Golurk|Golurk-Mega, L50, shiny|21/100\n|turn|8\n|c|\u2606shin-tv07|you can still win\n|c|\u2606shin-tv07|can you share me the team tho?\n|\n|t:|1776091282\n|move|p2a: Golurk|Protect|p2a: Golurk\n|-singleturn|p2a: Golurk|Protect\n|move|p1a: Delphox|Psychic|p2a: Golurk\n|-activate|p2a: Golurk|move: Protect\n|move|p1b: Sneasler|Close Combat|p2b: Torkoal\n|-damage|p2b: Torkoal|0 fnt\n|-unboost|p1b: Sneasler|def|1\n|-unboost|p1b: Sneasler|spd|1\n|faint|p2b: Torkoal\n|\n|upkeep\n|c|\u2606Lalo7418|yep\n|c|\u2606Lalo7418|only change the torkoal ability\n|c|\u2606Lalo7418|dd\n|c|\u2606Lalo7418|x\n|c|\u2606shin-tv07|teambuilder>import export copy that and paste it in poke paste website\n|\n|t:|1776091299\n|switch|p2b: Farigiraf|Farigiraf, L50, M|9/100\n|turn|9\n|c|\u2606shin-tv07|def will\n|\n|t:|1776091309\n|move|p1a: Delphox|Heat Wave|p2b: Farigiraf|[spread] p2a,p2b\n|-damage|p2a: Golurk|0 fnt\n|-damage|p2b: Farigiraf|0 fnt\n|faint|p2a: Golurk\n|faint|p2b: Farigiraf\n|\n|win|shin-tv07\n|raw|shin-tv07's rating: 1065 &rarr; <strong>1093</strong><br />(+28 for winning)\n|raw|Lalo7418's rating: 1040 &rarr; <strong>1025</strong><br />(-15 for losing)\n|c|\u2606shin-tv07|ggs\n|c|\u2606Lalo7418|gg\n|c|\u2606Lalo7418|wait me\n|c|\u2606shin-tv07|ill send my team too rw\n|c|\u2606shin-tv07|c9ac50d5244d60b7\n|c|\u2606Lalo7418|448b7af6d2a1be9a\n|c|\u2606shin-tv07|account isnt verified yet\n|c|\u2606Lalo7418|her is\n|c|\u2606Lalo7418|yep\n|c|\u2606Lalo7418|xdd\n|c|\u2606shin-tv07|LOL we both had to do same strat\n|c|\u2606shin-tv07|alright cheers man\n|c|\u2606shin-tv07|have a nice day\n|c|\u2606Lalo7418|gl\n|l|\u2606Lalo7418\n|player|p2|\n",
  "uploadtime": 1776091403,
  "views": 8,
  "formatid": "gen9championsvgc2026regma",
  "rating": 1025,
  "private": 0,
  "password": null
}