{
  "id": "gen9championsvgc2026regma-2581688069",
  "format": "[Gen 9 Champions] VGC 2026 Reg M-A",
  "players": [
    "PauVi",
    "Azure Resolution"
  ],
  "log": "|j|\u2606PauVi\n|j|\u2606Azure Resolution\n|t:|1776020802\n|gametype|doubles\n|player|p1|PauVi|juggler|1136\n|player|p2|Azure Resolution|gentleman-gen4dp|1186\n|gen|9\n|tier|[Gen 9 Champions] VGC 2026 Reg M-A\n|rated|\n|rule|Species Clause: Limit one of each Pok\u00e9mon\n|rule|Item Clause: Limit 1 of each item\n|clearpoke\n|poke|p1|Beedrill, L50, F|\n|poke|p1|Kingambit, L50, M|\n|poke|p1|Trevenant, L50, M|\n|poke|p1|Infernape, L50, F|\n|poke|p1|Primarina, L50, F|\n|poke|p1|Meowstic, L50, M|\n|poke|p2|Altaria, L50, F|\n|poke|p2|Whimsicott, L50, M|\n|poke|p2|Gardevoir, L50, F|\n|poke|p2|Kingambit, L50, F|\n|poke|p2|Basculegion, L50, M|\n|poke|p2|Rotom-Heat, L50|\n|teampreview|4\n|\n|t:|1776020848\n|teamsize|p1|4\n|teamsize|p2|4\n|start\n|switch|p1a: Beedrill|Beedrill, L50, F|100/100\n|switch|p1b: Meowstic|Meowstic, L50, M|100/100\n|switch|p2a: Whimsicott|Whimsicott, L50, M|100/100\n|switch|p2b: Kingambit|Kingambit, L50, F|100/100\n|turn|1\n|\n|t:|1776020895\n|detailschange|p1a: Beedrill|Beedrill-Mega, L50, F\n|-mega|p1a: Beedrill|Beedrill|Beedrillite\n|move|p1b: Meowstic|Fake Out|p2b: Kingambit\n|-resisted|p2b: Kingambit|1\n|-damage|p2b: Kingambit|99/100\n|move|p2a: Whimsicott|Taunt|p1b: Meowstic\n|-start|p1b: Meowstic|move: Taunt\n|cant|p2b: Kingambit|flinch\n|move|p1a: Beedrill|Drill Run|p2b: Kingambit\n|-supereffective|p2b: Kingambit|1\n|-crit|p2b: Kingambit\n|-damage|p2b: Kingambit|27/100\n|-enditem|p2b: Kingambit|Sitrus Berry|[eat]\n|-heal|p2b: Kingambit|52/100|[from] item: Sitrus Berry\n|\n|upkeep\n|turn|2\n|\n|t:|1776020946\n|switch|p1b: Primarina|Primarina, L50, F|100/100\n|move|p2a: Whimsicott|Helping Hand|p2b: Kingambit\n|-singleturn|p2b: Kingambit|Helping Hand|[of] p2a: Whimsicott\n|move|p2b: Kingambit|Sucker Punch|p1a: Beedrill\n|-damage|p1a: Beedrill|0 fnt\n|faint|p1a: Beedrill\n|\n|upkeep\n|\n|t:|1776020954\n|switch|p1a: Meowstic|Meowstic, L50, M|100/100\n|turn|3\n|\n|t:|1776020972\n|move|p1a: Meowstic|Fake Out|p2a: Whimsicott\n|-damage|p2a: Whimsicott|93/100\n|cant|p2a: Whimsicott|flinch\n|move|p2b: Kingambit|Sucker Punch||[still]\n|-fail|p2b: Kingambit\n|move|p1b: Primarina|Moonblast|p2b: Kingambit\n|-damage|p2b: Kingambit|0 fnt\n|faint|p2b: Kingambit\n|\n|upkeep\n|\n|t:|1776020989\n|switch|p2b: Gardevoir|Gardevoir, L50, F, shiny|100/100\n|-ability|p2b: Gardevoir|Prankster|Trace|[from] ability: Trace|[of] p1a: Meowstic\n|turn|4\n|\n|t:|1776021005\n|detailschange|p2b: Gardevoir|Gardevoir-Mega, L50, F, shiny\n|-mega|p2b: Gardevoir|Gardevoir|Gardevoirite\n|move|p2a: Whimsicott|Tailwind|p2a: Whimsicott\n|-sidestart|p2: Azure Resolution|move: Tailwind\n|move|p2b: Gardevoir|Hyper Voice|p1b: Primarina|[spread] p1a,p1b\n|-damage|p1a: Meowstic|49/100\n|-damage|p1b: Primarina|57/100\n|move|p1a: Meowstic|Psychic|p2a: Whimsicott\n|-damage|p2a: Whimsicott|53/100\n|move|p1b: Primarina|Hyper Voice|p2a: Whimsicott|[spread] p2a,p2b\n|-resisted|p2a: Whimsicott|1\n|-damage|p2a: Whimsicott|19/100\n|-damage|p2b: Gardevoir|65/100\n|\n|-heal|p1b: Primarina|63/100|[from] item: Leftovers\n|upkeep\n|turn|5\n|\n|t:|1776021030\n|move|p1a: Meowstic|Reflect|p1a: Meowstic\n|-sidestart|p1: PauVi|Reflect\n|move|p2a: Whimsicott|Energy Ball|p1b: Primarina\n|-supereffective|p1b: Primarina|1\n|-damage|p1b: Primarina|4/100\n|move|p2b: Gardevoir|Hyper Voice|p1b: Primarina|[spread] p1a,p1b\n|-damage|p1a: Meowstic|0 fnt\n|-damage|p1b: Primarina|0 fnt\n|faint|p1a: Meowstic\n|faint|p1b: Primarina\n|\n|upkeep\n|\n|t:|1776021039\n|switch|p1b: Kingambit|Kingambit, L50, M|100/100\n|turn|6\n|inactive|Battle timer is ON: inactive players will automatically lose when time's up. (requested by PauVi)\n|\n|t:|1776021095\n|switch|p2b: Basculegion|Basculegion, L50, M|100/100\n|move|p2a: Whimsicott|Energy Ball|p1b: Kingambit\n|-resisted|p1b: Kingambit|1\n|-damage|p1b: Kingambit|85/100\n|move|p1b: Kingambit|Iron Head|p2b: Basculegion\n|-resisted|p2b: Basculegion|1\n|-damage|p2b: Basculegion|78/100\n|\n|upkeep\n|turn|7\n|inactive|Azure Resolution has 30 seconds left.\n|\n|t:|1776021124\n|move|p2b: Basculegion|Last Respects|p1b: Kingambit\n|-resisted|p1b: Kingambit|1\n|-damage|p1b: Kingambit|72/100\n|move|p2a: Whimsicott|Energy Ball|p1b: Kingambit\n|-resisted|p1b: Kingambit|1\n|-damage|p1b: Kingambit|54/100\n|move|p1b: Kingambit|Iron Head|p2a: Whimsicott\n|-supereffective|p2a: Whimsicott|1\n|-damage|p2a: Whimsicott|0 fnt\n|faint|p2a: Whimsicott\n|\n|-sideend|p2: Azure Resolution|move: Tailwind\n|upkeep\n|\n|t:|1776021132\n|switch|p2a: Gardevoir|Gardevoir-Mega, L50, F, shiny|65/100\n|turn|8\n|\n|t:|1776021145\n|move|p2b: Basculegion|Last Respects|p1b: Kingambit\n|-resisted|p1b: Kingambit|1\n|-damage|p1b: Kingambit|34/100\n|move|p2a: Gardevoir|Moonblast|p1b: Kingambit\n|-damage|p1b: Kingambit|0 fnt\n|faint|p1b: Kingambit\n|\n|win|Azure Resolution\n|raw|PauVi's rating: 1136 &rarr; <strong>1115</strong><br />(-21 for losing)\n|raw|Azure Resolution's rating: 1186 &rarr; <strong>1207</strong><br />(+21 for winning)\n|c|\u2606Azure Resolution|ggs\n|l|\u2606PauVi\n|player|p1|\n|c|\u2606Azure Resolution|do you not run\n|c|\u2606Azure Resolution|sucker punch\n|c|\u2606Azure Resolution|?\n",
  "uploadtime": 1776020825,
  "views": 48,
  "formatid": "gen9championsvgc2026regma",
  "rating": 1115,
  "private": 0,
  "password": null
}