{
  "id": "gen9championsvgc2026regma-2589445658",
  "format": "[Gen 9 Champions] VGC 2026 Reg M-A",
  "players": [
    "Adicire",
    "Zikazilla"
  ],
  "log": "|j|\u2606Adicire\n|j|\u2606Zikazilla\n|t:|1776723603\n|gametype|doubles\n|player|p1|Adicire|102|1259\n|player|p2|Zikazilla|guitarist|1287\n|gen|9\n|tier|[Gen 9 Champions] VGC 2026 Reg M-A\n|rated|\n|rule|Species Clause: Limit one of each Pok\u00e9mon\n|rule|Item Clause: Limit 1 of each item\n|clearpoke\n|poke|p1|Charizard, L50, M|\n|poke|p1|Sneasler, L50, F|\n|poke|p1|Milotic, L50, F|\n|poke|p1|Venusaur, L50, M|\n|poke|p1|Incineroar, L50, M|\n|poke|p1|Garchomp, L50, M|\n|poke|p2|Tyranitar, L50, F|\n|poke|p2|Excadrill, L50, M|\n|poke|p2|Corviknight, L50, M|\n|poke|p2|Starmie, L50|\n|poke|p2|Sneasler, L50, M|\n|poke|p2|Milotic, L50, M|\n|teampreview|4\n|\n|t:|1776723657\n|teamsize|p1|4\n|teamsize|p2|4\n|start\n|switch|p1a: Sneasler|Sneasler, L50, F|100/100\n|switch|p1b: Garchomp|Garchomp, L50, M|100/100\n|switch|p2a: Milotic|Milotic, L50, M|100/100\n|switch|p2b: Corviknight|Corviknight, L50, M|100/100\n|-ability|p1a: Sneasler|Pressure\n|turn|1\n|\n|t:|1776723684\n|switch|p1a: Milotic|Milotic, L50, F|100/100\n|move|p1b: Garchomp|Rock Slide|p2a: Milotic|[spread] p2a,p2b\n|-damage|p2a: Milotic|86/100\n|-damage|p2b: Corviknight|85/100\n|cant|p2a: Milotic|flinch\n|move|p2b: Corviknight|Tailwind|p2b: Corviknight\n|-sidestart|p2: Zikazilla|move: Tailwind\n|\n|-heal|p2a: Milotic|92/100|[from] item: Leftovers\n|upkeep\n|turn|2\n|c|\u2606Zikazilla|you totally outplayed me btw\n|c|\u2606Zikazilla|icy wind from me lmao\n|c|\u2606Adicire|Ough\n|c|\u2606Adicire|then was bad luck the flinch haha\n|c|\u2606Zikazilla|fr\n|\n|t:|1776723739\n|move|p2a: Milotic|Scald|p1b: Garchomp\n|-damage|p1b: Garchomp|74/100\n|-status|p1b: Garchomp|brn\n|move|p2b: Corviknight|Brave Bird|p1b: Garchomp\n|-damage|p1b: Garchomp|23/100 brn\n|-enditem|p1b: Garchomp|Sitrus Berry|[eat]\n|-heal|p1b: Garchomp|48/100 brn|[from] item: Sitrus Berry\n|-damage|p2b: Corviknight|68/100|[from] Recoil\n|move|p1b: Garchomp|Dragon Claw|p2a: Milotic\n|-damage|p2a: Milotic|75/100\n|move|p1a: Milotic|Coil|p1a: Milotic\n|-boost|p1a: Milotic|atk|1\n|-boost|p1a: Milotic|def|1\n|-boost|p1a: Milotic|accuracy|1\n|\n|-heal|p2a: Milotic|81/100|[from] item: Leftovers\n|-damage|p1b: Garchomp|42/100 brn|[from] brn\n|upkeep\n|turn|3\n|\n|t:|1776723760\n|move|p2a: Milotic|Hypnosis|p1a: Milotic\n|-status|p1a: Milotic|slp|[from] move: Hypnosis\n|move|p2b: Corviknight|Brave Bird|p1a: Milotic\n|-damage|p1a: Milotic|72/100 slp\n|-damage|p2b: Corviknight|59/100|[from] Recoil\n|move|p1b: Garchomp|Dragon Claw|p2a: Milotic\n|-damage|p2a: Milotic|65/100\n|cant|p1a: Milotic|slp\n|\n|-heal|p2a: Milotic|71/100|[from] item: Leftovers\n|-heal|p1a: Milotic|78/100 slp|[from] item: Leftovers\n|-damage|p1b: Garchomp|36/100 brn|[from] brn\n|upkeep\n|turn|4\n|c|\u2606Adicire|WHAT\n|c|\u2606Zikazilla|idk man\n|\n|t:|1776723791\n|switch|p2b: Sneasler|Sneasler, L50, M|100/100\n|move|p2a: Milotic|Scald|p1a: Milotic\n|-resisted|p1a: Milotic|1\n|-damage|p1a: Milotic|69/100 slp\n|move|p1b: Garchomp|Rock Slide|p2b: Sneasler|[spread] p2a\n|-miss|p1b: Garchomp|p2b: Sneasler\n|-crit|p2a: Milotic\n|-damage|p2a: Milotic|60/100\n|cant|p1a: Milotic|slp\n|\n|-heal|p2a: Milotic|66/100|[from] item: Leftovers\n|-heal|p1a: Milotic|75/100 slp|[from] item: Leftovers\n|-damage|p1b: Garchomp|30/100 brn|[from] brn\n|-sideend|p2: Zikazilla|move: Tailwind\n|upkeep\n|turn|5\n|\n|t:|1776723805\n|move|p2b: Sneasler|Close Combat|p1a: Milotic\n|-damage|p1a: Milotic|40/100 slp\n|-unboost|p2b: Sneasler|def|1\n|-unboost|p2b: Sneasler|spd|1\n|-enditem|p2b: Sneasler|White Herb\n|-clearnegativeboost|p2b: Sneasler|[silent]\n|move|p1b: Garchomp|Earthquake|p2b: Sneasler|[spread] p1a,p2a,p2b\n|-supereffective|p2b: Sneasler|1\n|-damage|p1a: Milotic|30/100 slp\n|-damage|p2a: Milotic|50/100\n|-damage|p2b: Sneasler|39/100\n|-curestatus|p1a: Milotic|slp|[msg]\n|move|p1a: Milotic|Recover|p1a: Milotic\n|-heal|p1a: Milotic|80/100\n|move|p2a: Milotic|Icy Wind|p1a: Milotic|[spread] p1a,p1b\n|-resisted|p1a: Milotic|1\n|-supereffective|p1b: Garchomp|2\n|-damage|p1a: Milotic|77/100\n|-damage|p1b: Garchomp|0 fnt\n|-unboost|p1a: Milotic|spe|1\n|-ability|p1a: Milotic|Competitive|boost\n|-boost|p1a: Milotic|spa|2\n|faint|p1b: Garchomp\n|\n|-heal|p2a: Milotic|56/100|[from] item: Leftovers\n|-heal|p1a: Milotic|83/100|[from] item: Leftovers\n|upkeep\n|\n|t:|1776723826\n|switch|p1b: Charizard|Charizard, L50, M|100/100\n|turn|6\n|\n|t:|1776723838\n|detailschange|p1b: Charizard|Charizard-Mega-Y, L50, M\n|-mega|p1b: Charizard|Charizard|Charizardite Y\n|-weather|SunnyDay|[from] ability: Drought|[of] p1b: Charizard\n|move|p1b: Charizard|Protect|p1b: Charizard\n|-singleturn|p1b: Charizard|Protect\n|move|p2b: Sneasler|Dire Claw|p1a: Milotic\n|-damage|p1a: Milotic|59/100\n|-status|p1a: Milotic|slp\n|move|p2a: Milotic|Icy Wind|p1b: Charizard|[spread] \n|-activate|p1b: Charizard|move: Protect\n|-miss|p2a: Milotic|p1a: Milotic\n|cant|p1a: Milotic|slp\n|\n|-weather|SunnyDay|[upkeep]\n|-heal|p2a: Milotic|62/100|[from] item: Leftovers\n|-heal|p1a: Milotic|65/100 slp|[from] item: Leftovers\n|upkeep\n|turn|7\n|c|\u2606Adicire|Come on\n|c|\u2606Zikazilla|i cant\n|c|\u2606Adicire|that was my win\n|c|\u2606Zikazilla|i literally yelled \"Sleep\"\n|\n|t:|1776723876\n|move|p2b: Sneasler|Close Combat|p1a: Milotic\n|-damage|p1a: Milotic|28/100 slp\n|-unboost|p2b: Sneasler|def|1\n|-unboost|p2b: Sneasler|spd|1\n|move|p1b: Charizard|Heat Wave|p2a: Milotic|[spread] p2a,p2b\n|-resisted|p2a: Milotic|1\n|-damage|p2a: Milotic|36/100\n|-damage|p2b: Sneasler|0 fnt\n|-status|p2a: Milotic|brn\n|faint|p2b: Sneasler\n|move|p2a: Milotic|Icy Wind|p1a: Milotic|[spread] p1a,p1b\n|-resisted|p1a: Milotic|1\n|-damage|p1a: Milotic|25/100 slp\n|-damage|p1b: Charizard|90/100\n|-unboost|p1a: Milotic|spe|1\n|-ability|p1a: Milotic|Competitive|boost\n|-boost|p1a: Milotic|spa|2\n|-unboost|p1b: Charizard|spe|1\n|cant|p1a: Milotic|slp\n|\n|-weather|SunnyDay|[upkeep]\n|-heal|p2a: Milotic|42/100 brn|[from] item: Leftovers\n|-heal|p1a: Milotic|31/100 slp|[from] item: Leftovers\n|-damage|p2a: Milotic|36/100 brn|[from] brn\n|upkeep\n|c|\u2606Adicire|Burn double sleep\n|c|\u2606Adicire|Amazing\n|\n|t:|1776723891\n|switch|p2b: Tyranitar|Tyranitar, L50, F|100/100\n|-weather|Sandstorm|[from] ability: Sand Stream|[of] p2b: Tyranitar\n|turn|8\n|\n|t:|1776723906\n|switch|p1b: Sneasler|Sneasler, L50, F|100/100\n|-ability|p1b: Sneasler|Pressure\n|move|p2a: Milotic|Recover|p2a: Milotic\n|-heal|p2a: Milotic|86/100 brn\n|move|p2b: Tyranitar|Rock Slide|p1b: Sneasler|[spread] p1a,p1b\n|-resisted|p1b: Sneasler|1\n|-damage|p1a: Milotic|12/100 slp\n|-damage|p1b: Sneasler|72/100\n|-curestatus|p1a: Milotic|slp|[msg]\n|move|p1a: Milotic|Recover|p1a: Milotic\n|-heal|p1a: Milotic|62/100\n|\n|-weather|Sandstorm|[upkeep]\n|-damage|p1b: Sneasler|67/100|[from] Sandstorm\n|-damage|p2a: Milotic|80/100 brn|[from] Sandstorm\n|-damage|p1a: Milotic|56/100|[from] Sandstorm\n|-heal|p2a: Milotic|86/100 brn|[from] item: Leftovers\n|-heal|p1a: Milotic|62/100|[from] item: Leftovers\n|-damage|p2a: Milotic|80/100 brn|[from] brn\n|upkeep\n|turn|9\n|\n|t:|1776723941\n|move|p2b: Tyranitar|Protect|p2b: Tyranitar\n|-singleturn|p2b: Tyranitar|Protect\n|move|p1b: Sneasler|Fake Out|p2a: Milotic\n|-damage|p2a: Milotic|68/100 brn\n|cant|p2a: Milotic|flinch\n|move|p1a: Milotic|Recover|p1a: Milotic\n|-heal|p1a: Milotic|100/100\n|\n|-weather|Sandstorm|[upkeep]\n|-damage|p1b: Sneasler|61/100|[from] Sandstorm\n|-damage|p2a: Milotic|62/100 brn|[from] Sandstorm\n|-damage|p1a: Milotic|95/100|[from] Sandstorm\n|-heal|p2a: Milotic|68/100 brn|[from] item: Leftovers\n|-heal|p1a: Milotic|100/100|[from] item: Leftovers\n|-damage|p2a: Milotic|62/100 brn|[from] brn\n|upkeep\n|turn|10\n|\n|t:|1776723955\n|switch|p2b: Corviknight|Corviknight, L50, M|59/100\n|move|p1b: Sneasler|Close Combat|p2b: Corviknight\n|-damage|p2b: Corviknight|4/100\n|-unboost|p1b: Sneasler|def|1\n|-unboost|p1b: Sneasler|spd|1\n|-enditem|p2b: Corviknight|Sitrus Berry|[eat]\n|-heal|p2b: Corviknight|29/100|[from] item: Sitrus Berry\n|-enditem|p1b: Sneasler|White Herb\n|-clearnegativeboost|p1b: Sneasler|[silent]\n|move|p2a: Milotic|Hypnosis|p1a: Milotic|[miss]\n|-miss|p2a: Milotic|p1a: Milotic\n|move|p1a: Milotic|Muddy Water|p2b: Corviknight|[spread] p2a,p2b\n|-resisted|p2a: Milotic|1\n|-damage|p2a: Milotic|38/100 brn\n|-damage|p2b: Corviknight|0 fnt\n|faint|p2b: Corviknight\n|\n|-weather|Sandstorm|[upkeep]\n|-damage|p1b: Sneasler|55/100|[from] Sandstorm\n|-damage|p2a: Milotic|32/100 brn|[from] Sandstorm\n|-damage|p1a: Milotic|95/100|[from] Sandstorm\n|-heal|p2a: Milotic|38/100 brn|[from] item: Leftovers\n|-heal|p1a: Milotic|100/100|[from] item: Leftovers\n|-damage|p2a: Milotic|32/100 brn|[from] brn\n|upkeep\n|\n|t:|1776723960\n|switch|p2b: Tyranitar|Tyranitar, L50, F|100/100\n|turn|11\n|\n|t:|1776723972\n|detailschange|p2b: Tyranitar|Tyranitar-Mega, L50, F\n|-mega|p2b: Tyranitar|Tyranitar|Tyranitarite\n|move|p1b: Sneasler|Close Combat|p2a: Milotic\n|-damage|p2a: Milotic|0 fnt\n|-unboost|p1b: Sneasler|def|1\n|-unboost|p1b: Sneasler|spd|1\n|faint|p2a: Milotic\n|move|p2b: Tyranitar|Rock Slide|p1a: Milotic|[spread] p1a,p1b\n|-resisted|p1b: Sneasler|1\n|-damage|p1a: Milotic|79/100\n|-damage|p1b: Sneasler|8/100\n|move|p1a: Milotic|Muddy Water|p2b: Tyranitar\n|-supereffective|p2b: Tyranitar|1\n|-damage|p2b: Tyranitar|5/100\n|\n|-weather|Sandstorm|[upkeep]\n|-damage|p1b: Sneasler|2/100|[from] Sandstorm\n|-damage|p1a: Milotic|73/100|[from] Sandstorm\n|-heal|p1a: Milotic|79/100|[from] item: Leftovers\n|upkeep\n|turn|12\n|c|\u2606Zikazilla|ggs\n|c|\u2606Adicire|Gg\n|\n|t:|1776723983\n|move|p1b: Sneasler|Close Combat|p2b: Tyranitar\n|-supereffective|p2b: Tyranitar|2\n|-damage|p2b: Tyranitar|0 fnt\n|-unboost|p1b: Sneasler|def|1\n|-unboost|p1b: Sneasler|spd|1\n|faint|p2b: Tyranitar\n|\n|win|Adicire\n|raw|Adicire's rating: 1259 &rarr; <strong>1286</strong><br />(+27 for winning)\n|raw|Zikazilla's rating: 1287 &rarr; <strong>1260</strong><br />(-27 for losing)\n|l|\u2606Zikazilla\n|player|p2|\n|l|\u2606Adicire\n|player|p1|\n|j|\u2606Adicire\n|player|p1|Adicire|102|\n",
  "uploadtime": 1776724393,
  "views": 6,
  "formatid": "gen9championsvgc2026regma",
  "rating": 1260,
  "private": 0,
  "password": null
}