{
  "id": "gen9championsvgc2026regma-2583851880",
  "format": "[Gen 9 Champions] VGC 2026 Reg M-A",
  "players": [
    "SunTufo",
    "CamilleOPM"
  ],
  "log": "|j|\u2606SunTufo\n|j|\u2606CamilleOPM\n|t:|1776202717\n|gametype|doubles\n|player|p1|SunTufo|li|1386\n|player|p2|CamilleOPM|cress|1350\n|gen|9\n|tier|[Gen 9 Champions] VGC 2026 Reg M-A\n|rated|\n|rule|Species Clause: Limit one of each Pok\u00e9mon\n|rule|Item Clause: Limit 1 of each item\n|clearpoke\n|poke|p1|Skarmory, L50, M|\n|poke|p1|Garchomp, L50, M|\n|poke|p1|Milotic, L50, F|\n|poke|p1|Rotom-Wash, L50|\n|poke|p1|Sneasler, L50, M|\n|poke|p1|Tyranitar, L50, M|\n|poke|p2|Starmie, L50|\n|poke|p2|Sneasler, L50, F|\n|poke|p2|Incineroar, L50, F|\n|poke|p2|Sylveon, L50, F|\n|poke|p2|Kingambit, L50, M|\n|poke|p2|Sinistcha, L50|\n|teampreview|4\n|inactive|Battle timer is ON: inactive players will automatically lose when time's up. (requested by SunTufo)\n|j| HawaiianTurtle\n|inactive|CamilleOPM has 60 seconds left.\n|inactive|SunTufo has 60 seconds left.\n|\n|t:|1776202762\n|teamsize|p1|4\n|teamsize|p2|4\n|start\n|switch|p1a: Skarmory|Skarmory, L50, M, shiny|100/100\n|switch|p1b: Milotic|Milotic, L50, F, shiny|100/100\n|switch|p2a: Starmie|Starmie, L50, shiny|100/100\n|switch|p2b: Incineroar|Incineroar, L50, F, shiny|100/100\n|-ability|p2b: Incineroar|Intimidate|boost\n|-unboost|p1a: Skarmory|atk|1\n|-unboost|p1b: Milotic|atk|1\n|-ability|p1b: Milotic|Competitive|boost\n|-boost|p1b: Milotic|spa|2\n|turn|1\n|inactive|CamilleOPM has 30 seconds left.\n|\n|t:|1776202789\n|detailschange|p2a: Starmie|Starmie-Mega, L50, shiny\n|-mega|p2a: Starmie|Starmie|Starminite\n|move|p1a: Skarmory|Protect|p1a: Skarmory\n|-singleturn|p1a: Skarmory|Protect\n|move|p1b: Milotic|Protect|p1b: Milotic\n|-singleturn|p1b: Milotic|Protect\n|move|p2b: Incineroar|Fake Out|p1b: Milotic\n|-activate|p1b: Milotic|move: Protect\n|move|p2a: Starmie|Substitute|p2a: Starmie\n|-start|p2a: Starmie|Substitute\n|-damage|p2a: Starmie|75/100\n|\n|upkeep\n|turn|2\n|\n|t:|1776202810\n|move|p2a: Starmie|Zen Headbutt|p1b: Milotic\n|-damage|p1b: Milotic|16/100\n|move|p1a: Skarmory|Tailwind|p1a: Skarmory\n|-sidestart|p1: SunTufo|move: Tailwind\n|move|p1b: Milotic|Muddy Water|p2b: Incineroar|[spread] p2a,p2b\n|-resisted|p2a: Starmie|1\n|-end|p2a: Starmie|Substitute\n|-supereffective|p2b: Incineroar|1\n|-damage|p2b: Incineroar|0 fnt\n|faint|p2b: Incineroar\n|\n|upkeep\n|\n|t:|1776202824\n|switch|p2b: Kingambit|Kingambit, L50, M|100/100\n|turn|3\n|\n|t:|1776202842\n|detailschange|p1a: Skarmory|Skarmory-Mega, L50, M, shiny\n|-mega|p1a: Skarmory|Skarmory|Skarmorite\n|move|p2b: Kingambit|Sucker Punch||[still]\n|-fail|p2b: Kingambit\n|move|p1a: Skarmory|Dual Wingbeat|p2a: Starmie\n|-damage|p2a: Starmie|58/100\n|-damage|p2a: Starmie|38/100\n|-hitcount|p2a: Starmie|2\n|move|p1b: Milotic|Recover|p1b: Milotic\n|-heal|p1b: Milotic|66/100\n|move|p2a: Starmie|Liquidation|p1a: Skarmory\n|-damage|p1a: Skarmory|5/100\n|\n|upkeep\n|turn|4\n|inactive|CamilleOPM has 30 seconds left.\n|\n|t:|1776202868\n|switch|p1a: Rotom|Rotom-Wash, L50, shiny|100/100\n|move|p2b: Kingambit|Sucker Punch||[still]\n|-fail|p2b: Kingambit\n|move|p1b: Milotic|Muddy Water|p2a: Starmie|[spread] p2a,p2b\n|-resisted|p2a: Starmie|1\n|-damage|p2a: Starmie|0 fnt\n|-damage|p2b: Kingambit|46/100\n|-unboost|p2b: Kingambit|accuracy|1\n|-ability|p2b: Kingambit|Defiant|boost\n|-boost|p2b: Kingambit|atk|2\n|faint|p2a: Starmie\n|\n|upkeep\n|\n|t:|1776202876\n|switch|p2a: Sinistcha|Sinistcha, L50|100/100\n|-heal|p2b: Kingambit|71/100|[from] ability: Hospitality|[of] p2a: Sinistcha\n|turn|5\n|\n|t:|1776202890\n|move|p1b: Milotic|Protect|p1b: Milotic\n|-singleturn|p1b: Milotic|Protect\n|move|p2b: Kingambit|Protect|p2b: Kingambit\n|-singleturn|p2b: Kingambit|Protect\n|move|p1a: Rotom|Trick|p2a: Sinistcha\n|-activate|p1a: Rotom|move: Trick|[of] p2a: Sinistcha\n|-item|p2a: Sinistcha|Choice Scarf|[from] move: Trick\n|-item|p1a: Rotom|Leftovers|[from] move: Trick\n|move|p2a: Sinistcha|Trick Room|p2a: Sinistcha\n|-fieldstart|move: Trick Room|[of] p2a: Sinistcha\n|\n|-sideend|p1: SunTufo|move: Tailwind\n|upkeep\n|turn|6\n|\n|t:|1776202910\n|move|p2b: Kingambit|Kowtow Cleave|p1b: Milotic\n|-damage|p1b: Milotic|0 fnt\n|faint|p1b: Milotic\n|move|p1a: Rotom|Hydro Pump|p2b: Kingambit\n|-damage|p2b: Kingambit|21/100\n|move|p2a: Sinistcha|Trick Room|p2a: Sinistcha\n|-fieldend|move: Trick Room\n|\n|upkeep\n|\n|t:|1776202922\n|switch|p1b: Skarmory|Skarmory-Mega, L50, M, shiny|5/100\n|turn|7\n|-message|CamilleOPM forfeited.\n|\n|win|SunTufo\n|raw|SunTufo's rating: 1386 &rarr; <strong>1404</strong><br />(+18 for winning)\n|raw|CamilleOPM's rating: 1350 &rarr; <strong>1332</strong><br />(-18 for losing)\n",
  "uploadtime": 1776202926,
  "views": 26,
  "formatid": "gen9championsvgc2026regma",
  "rating": 1332,
  "private": 0,
  "password": null
}