{
  "id": "gen9championsvgc2026regma-2583892785",
  "format": "[Gen 9 Champions] VGC 2026 Reg M-A",
  "players": [
    "test for tour v15",
    "It'sJustKen VGC"
  ],
  "log": "|j|\u2606test for tour v15\n|j|\u2606It'sJustKen VGC\n|t:|1776206042\n|gametype|doubles\n|player|p1|test for tour v15|miku-flying|\n|player|p2|It'sJustKen VGC|2|\n|gen|9\n|tier|[Gen 9 Champions] VGC 2026 Reg M-A\n|rated|Tournament battle\n|rule|Species Clause: Limit one of each Pok\u00e9mon\n|rule|Item Clause: Limit 1 of each item\n|raw|<div class=\"infobox\"><details class=\"readmore\" open><summary><strong>1 custom rule:</strong></summary> Force Open Team Sheets</details></div>\n|clearpoke\n|poke|p1|Incineroar, L50, F|\n|poke|p1|Gengar, L50, M|\n|poke|p1|Sinistcha, L50|\n|poke|p1|Kingambit, L50, F|\n|poke|p1|Tyranitar, L50, M|\n|poke|p1|Kommo-o, L50, M|\n|poke|p2|Floette-Eternal, L50, F|\n|poke|p2|Espathra, L50, F|\n|poke|p2|Incineroar, L50, M|\n|poke|p2|Sneasler, L50, M|\n|poke|p2|Basculegion, L50, M|\n|poke|p2|Kingambit, L50, F|\n|teampreview|4\n|showteam|p1|Incineroar||BlackGlasses|Intimidate|PartingShot,FakeOut,Protect,ThroatChop|||F|||50|]Gengar||Gengarite|CursedBody|ShadowBall,Protect,Substitute,PerishSong|||M|||50|]Sinistcha||SitrusBerry|Hospitality|MatchaGotcha,RagePowder,Protect,LifeDew||||||50|]Kingambit||ChopleBerry|Defiant|IronHead,Protect,LowKick,SuckerPunch|||F|||50|]Tyranitar||ChoiceScarf|SandStream|StoneEdge,IcePunch,LowKick,RockSlide|||M|||50|]Kommo-o||Leftovers|Soundproof|ClangingScales,ClangorousSoul,AuraSphere,Protect|||M|||50|\n|showteam|p2|Floette-Eternal||Floettite|FlowerVeil|Protect,Moonblast,DazzlingGleam,Substitute|||F|||50|]Espathra||FocusSash|SpeedBoost|Protect,LuminaCrash,HelpingHand,TrickRoom|||F|||50|]Incineroar||SitrusBerry|Intimidate|FakeOut,PartingShot,FlareBlitz,Taunt|||M|||50|]Sneasler||WhiteHerb|Unburden|Protect,DireClaw,CloseCombat,FakeOut|||M|||50|]Basculegion||ChoiceScarf|Adaptability|WaveCrash,FlipTurn,AquaJet,LastRespects|||M|||50|]Kingambit||BlackGlasses|Defiant|Protect,SuckerPunch,SwordsDance,KowtowCleave|||F|||50|\n|inactive|Battle timer is ON: inactive players will automatically lose when time's up. (requested by It'sJustKen VGC)\n|j| Bman311\ntest for tour v15 has agreed to open team sheets.\n|l| Bman311\n|inactive|test for tour v15 has 60 seconds left.\n|inactive|It'sJustKen VGC has 60 seconds left.\n|\n|t:|1776206083\n|teamsize|p1|4\n|teamsize|p2|4\n|start\n|switch|p1a: Gengar|Gengar, L50, M, shiny|100/100\n|switch|p1b: Kingambit|Kingambit, L50, F, shiny|100/100\n|switch|p2a: Just Dance|Floette-Eternal, L50, F|100/100\n|switch|p2b: Bad Romance|Espathra, L50, F|100/100\n|turn|1\n|\n|t:|1776206104\n|switch|p1a: Incineroar|Incineroar, L50, F|100/100\n|-ability|p1a: Incineroar|Intimidate|boost\n|-unboost|p2a: Just Dance|atk|1\n|-unboost|p2b: Bad Romance|atk|1\n|detailschange|p2a: Just Dance|Floette-Mega, L50, F\n|-mega|p2a: Just Dance|Floette|Floettite\n|-ability|p2a: Just Dance|Fairy Aura\n|move|p2b: Bad Romance|Lumina Crash|p1a: Incineroar\n|-immune|p1a: Incineroar\n|move|p2a: Just Dance|Dazzling Gleam|p1b: Kingambit|[spread] p1a,p1b\n|-damage|p1a: Incineroar|71/100\n|-damage|p1b: Kingambit|61/100\n|move|p1b: Kingambit|Iron Head|p2a: Just Dance\n|-supereffective|p2a: Just Dance|1\n|-damage|p2a: Just Dance|3/100\n|\n|-ability|p2b: Bad Romance|Speed Boost|boost\n|-boost|p2b: Bad Romance|spe|1\n|upkeep\n|turn|2\n|\n|t:|1776206122\n|move|p2b: Bad Romance|Protect|p2b: Bad Romance\n|-singleturn|p2b: Bad Romance|Protect\n|move|p2a: Just Dance|Protect|p2a: Just Dance\n|-singleturn|p2a: Just Dance|Protect\n|move|p1a: Incineroar|Fake Out|p2b: Bad Romance\n|-activate|p2b: Bad Romance|move: Protect\n|move|p1b: Kingambit|Sucker Punch||[still]\n|-fail|p1b: Kingambit\n|\n|-ability|p2b: Bad Romance|Speed Boost|boost\n|-boost|p2b: Bad Romance|spe|1\n|upkeep\n|turn|3\n|\n|t:|1776206143\n|move|p2b: Bad Romance|Helping Hand|p2a: Just Dance\n|-singleturn|p2a: Just Dance|Helping Hand|[of] p2b: Bad Romance\n|move|p1b: Kingambit|Sucker Punch|p2a: Just Dance\n|-resisted|p2a: Just Dance|1\n|-damage|p2a: Just Dance|0 fnt\n|faint|p2a: Just Dance\n|move|p1a: Incineroar|Throat Chop|p2b: Bad Romance\n|-supereffective|p2b: Bad Romance|1\n|-enditem|p2b: Bad Romance|Focus Sash\n|-damage|p2b: Bad Romance|1/100\n|-start|p2b: Bad Romance|Throat Chop|[silent]\n|\n|-ability|p2b: Bad Romance|Speed Boost|boost\n|-boost|p2b: Bad Romance|spe|1\n|upkeep\n|\n|t:|1776206148\n|switch|p2a: Poker Face|Sneasler, L50, M|100/100\n|turn|4\n|\n|t:|1776206158\n|move|p2b: Bad Romance|Protect|p2b: Bad Romance\n|-singleturn|p2b: Bad Romance|Protect\n|move|p1b: Kingambit|Protect|p1b: Kingambit\n|-singleturn|p1b: Kingambit|Protect\n|move|p2a: Poker Face|Close Combat|p1a: Incineroar\n|-supereffective|p1a: Incineroar|1\n|-damage|p1a: Incineroar|0 fnt\n|-unboost|p2a: Poker Face|def|1\n|-unboost|p2a: Poker Face|spd|1\n|faint|p1a: Incineroar\n|-enditem|p2a: Poker Face|White Herb\n|-clearnegativeboost|p2a: Poker Face|[silent]\n|\n|-end|p2b: Bad Romance|Throat Chop|[silent]\n|-ability|p2b: Bad Romance|Speed Boost|boost\n|-boost|p2b: Bad Romance|spe|1\n|upkeep\n|\n|t:|1776206165\n|switch|p1a: Gengar|Gengar, L50, M, shiny|100/100\n|turn|5\n|\n|t:|1776206172\n|detailschange|p1a: Gengar|Gengar-Mega, L50, M, shiny\n|-mega|p1a: Gengar|Gengar|Gengarite\n|move|p1b: Kingambit|Sucker Punch|p2b: Bad Romance\n|-supereffective|p2b: Bad Romance|1\n|-damage|p2b: Bad Romance|0 fnt\n|faint|p2b: Bad Romance\n|move|p2a: Poker Face|Close Combat|p1b: Kingambit\n|-supereffective|p1b: Kingambit|2\n|-enditem|p1b: Kingambit|Chople Berry|[eat]\n|-enditem|p1b: Kingambit|Chople Berry|[weaken]\n|-damage|p1b: Kingambit|0 fnt\n|-unboost|p2a: Poker Face|def|1\n|-unboost|p2a: Poker Face|spd|1\n|faint|p1b: Kingambit\n|move|p1a: Gengar|Perish Song|p1a: Gengar\n|-start|p1a: Gengar|perish3|[silent]\n|-start|p2a: Poker Face|perish3|[silent]\n|-fieldactivate|move: Perish Song\n|\n|-start|p2a: Poker Face|perish3\n|-start|p1a: Gengar|perish3\n|upkeep\n|\n|t:|1776206180\n|switch|p2b: Paparazzi|Incineroar, L50, M|100/100\n|switch|p1b: Sinistcha|Sinistcha, L50, shiny|100/100\n|-ability|p2b: Paparazzi|Intimidate|boost\n|-unboost|p1a: Gengar|atk|1\n|-unboost|p1b: Sinistcha|atk|1\n|turn|6\n|\n|t:|1776206194\n|move|p2a: Poker Face|Dire Claw|p1b: Sinistcha\n|-crit|p1b: Sinistcha\n|-damage|p1b: Sinistcha|43/100\n|-enditem|p1b: Sinistcha|Sitrus Berry|[eat]\n|-heal|p1b: Sinistcha|68/100|[from] item: Sitrus Berry\n|move|p1a: Gengar|Shadow Ball|p2b: Paparazzi\n|-resisted|p2b: Paparazzi|1\n|-damage|p2b: Paparazzi|82/100\n|move|p2b: Paparazzi|Taunt|p1b: Sinistcha\n|-start|p1b: Sinistcha|move: Taunt\n|move|p1b: Sinistcha|Matcha Gotcha|p2a: Poker Face|[spread] p2a,p2b\n|-resisted|p2a: Poker Face|1\n|-resisted|p2b: Paparazzi|1\n|-crit|p2b: Paparazzi\n|-damage|p2a: Poker Face|74/100\n|-heal|p1b: Sinistcha|80/100|[from] drain|[of] p2a: Poker Face\n|-damage|p2b: Paparazzi|68/100\n|-heal|p1b: Sinistcha|88/100|[from] drain|[of] p2b: Paparazzi\n|\n|-start|p2a: Poker Face|perish2\n|-start|p1a: Gengar|perish2\n|upkeep\n|turn|7\n|\n|t:|1776206218\n|move|p2a: Poker Face|Dire Claw|p1b: Sinistcha\n|-damage|p1b: Sinistcha|49/100\n|-status|p1b: Sinistcha|psn\n|move|p1a: Gengar|Perish Song|p1a: Gengar\n|-start|p1b: Sinistcha|perish3|[silent]\n|-start|p2b: Paparazzi|perish3|[silent]\n|-fieldactivate|move: Perish Song\n|move|p2b: Paparazzi|Flare Blitz|p1b: Sinistcha\n|-supereffective|p1b: Sinistcha|1\n|-damage|p1b: Sinistcha|0 fnt\n|faint|p1b: Sinistcha\n|-damage|p2b: Paparazzi|54/100|[from] Recoil\n|\n|-start|p2a: Poker Face|perish1\n|-start|p1a: Gengar|perish1\n|-start|p2b: Paparazzi|perish3\n|upkeep\n|turn|8\n|\n|t:|1776206226\n|move|p2a: Poker Face|Protect|p2a: Poker Face\n|-singleturn|p2a: Poker Face|Protect\n|move|p1a: Gengar|Shadow Ball|p2b: Paparazzi\n|-resisted|p2b: Paparazzi|1\n|-damage|p2b: Paparazzi|36/100\n|-enditem|p2b: Paparazzi|Sitrus Berry|[eat]\n|-heal|p2b: Paparazzi|61/100|[from] item: Sitrus Berry\n|move|p2b: Paparazzi|Parting Shot|p1a: Gengar\n|-unboost|p1a: Gengar|atk|1\n|-unboost|p1a: Gengar|spa|1\n|\n|-start|p2a: Poker Face|perish0\n|-start|p1a: Gengar|perish0\n|-start|p2b: Paparazzi|perish2\n|faint|p2a: Poker Face\n|faint|p1a: Gengar\n|\n|win|It'sJustKen VGC\n|n|\u2606test for tour v15|testfortourv15\n|n|\u2606It'sJustKen VGC|itsjustkenvgc\n|l|\u2606test for tour v15\n|player|p1|\n",
  "uploadtime": 1776206229,
  "views": 17,
  "formatid": "gen9championsvgc2026regma",
  "rating": null,
  "private": 0,
  "password": null
}