{
  "id": "gen9championsvgc2026regma-2580914591",
  "format": "[Gen 9 Champions] VGC 2026 Reg M-A",
  "players": [
    "DomesticSheep",
    "miseria010"
  ],
  "log": "|j|\u2606DomesticSheep\n|j|\u2606miseria010\n|t:|1775942935\n|gametype|doubles\n|player|p1|DomesticSheep|steven|1000\n|player|p2|miseria010|unknown|1100\n|gen|9\n|tier|[Gen 9 Champions] VGC 2026 Reg M-A\n|rated|\n|rule|Species Clause: Limit one of each Pok\u00e9mon\n|rule|Item Clause: Limit 1 of each item\n|clearpoke\n|poke|p1|Charizard, L50, F|\n|poke|p1|Venusaur, L50, F|\n|poke|p1|Garchomp, L50, F|\n|poke|p1|Rotom-Wash, L50|\n|poke|p1|Sneasler, L50, F|\n|poke|p1|Incineroar, L50, F|\n|poke|p2|Charizard, L50, M|\n|poke|p2|Venusaur, L50, M|\n|poke|p2|Garchomp, L50, M|\n|poke|p2|Incineroar, L50, M|\n|poke|p2|Conkeldurr, L50, M|\n|poke|p2|Whimsicott, L50, F|\n|teampreview|4\n|\n|t:|1775943002\n|teamsize|p1|4\n|teamsize|p2|4\n|start\n|switch|p1a: Sneasler|Sneasler, L50, F|100/100\n|switch|p1b: Incineroar|Incineroar, L50, F|100/100\n|switch|p2a: Charizard|Charizard, L50, M, shiny|100/100\n|switch|p2b: Whimsicott|Whimsicott, L50, F|100/100\n|-ability|p1b: Incineroar|Intimidate|boost\n|-unboost|p2a: Charizard|atk|1\n|-unboost|p2b: Whimsicott|atk|1\n|turn|1\n|inactive|Battle timer is ON: inactive players will automatically lose when time's up. (requested by miseria010)\n|inactive|DomesticSheep has 60 seconds left.\n|\n|t:|1775943057\n|move|p2b: Whimsicott|Protect|p2b: Whimsicott\n|-singleturn|p2b: Whimsicott|Protect\n|move|p2a: Charizard|Protect|p2a: Charizard\n|-singleturn|p2a: Charizard|Protect\n|move|p1a: Sneasler|Fake Out|p2b: Whimsicott\n|-activate|p2b: Whimsicott|move: Protect\n|move|p1b: Incineroar|Parting Shot|p2a: Charizard\n|-activate|p2a: Charizard|move: Protect\n|\n|upkeep\n|turn|2\n|\n|t:|1775943076\n|detailschange|p2a: Charizard|Charizard-Mega-Y, L50, M, shiny\n|-mega|p2a: Charizard|Charizard|Charizardite Y\n|-weather|SunnyDay|[from] ability: Drought|[of] p2a: Charizard\n|move|p2b: Whimsicott|Tailwind|p2b: Whimsicott\n|-sidestart|p2: miseria010|move: Tailwind\n|move|p2a: Charizard|Heat Wave|p1b: Incineroar|[spread] p1b\n|-miss|p2a: Charizard|p1a: Sneasler\n|-resisted|p1b: Incineroar|1\n|-damage|p1b: Incineroar|65/100\n|move|p1a: Sneasler|Dire Claw|p2b: Whimsicott\n|-supereffective|p2b: Whimsicott|2\n|-enditem|p2b: Whimsicott|Focus Sash\n|-damage|p2b: Whimsicott|1/100\n|move|p1b: Incineroar|Parting Shot|p2a: Charizard\n|-unboost|p2a: Charizard|atk|1\n|-unboost|p2a: Charizard|spa|1\n|\n|t:|1775943099\n|switch|p1b: Rotom|Rotom-Wash, L50|100/100|[from] Parting Shot\n|\n|-weather|SunnyDay|[upkeep]\n|upkeep\n|turn|3\n|inactive|DomesticSheep has 30 seconds left.\n|inactive|DomesticSheep has 20 seconds left.\n|inactive|DomesticSheep has 15 seconds left.\n|\n|t:|1775943144\n|move|p2b: Whimsicott|Fake Tears|p1b: Rotom\n|-unboost|p1b: Rotom|spd|2\n|move|p2a: Charizard|Solar Beam||[still]\n|-prepare|p2a: Charizard|Solar Beam\n|-anim|p2a: Charizard|Solar Beam|p1b: Rotom\n|-supereffective|p1b: Rotom|1\n|-damage|p1b: Rotom|0 fnt\n|faint|p1b: Rotom\n|move|p1a: Sneasler|Rock Tomb|p2a: Charizard\n|-supereffective|p2a: Charizard|2\n|-damage|p2a: Charizard|0 fnt\n|faint|p2a: Charizard\n|\n|-weather|SunnyDay|[upkeep]\n|upkeep\n|\n|t:|1775943165\n|switch|p2a: Garchomp|Garchomp, L50, M|100/100\n|switch|p1b: Incineroar|Incineroar, L50, F|65/100\n|-ability|p1b: Incineroar|Intimidate|boost\n|-unboost|p2a: Garchomp|atk|1\n|-unboost|p2b: Whimsicott|atk|1\n|-enditem|p2a: Garchomp|White Herb\n|-clearnegativeboost|p2a: Garchomp|[silent]\n|turn|4\n|inactive|DomesticSheep has 30 seconds left.\n|inactive|DomesticSheep has 20 seconds left.\n|inactive|DomesticSheep has 15 seconds left.\n|inactive|DomesticSheep has 10 seconds left.\n|inactive|DomesticSheep has 5 seconds left.\n|\n|t:|1775943219\n|move|p1b: Incineroar|Fake Out|p2a: Garchomp\n|-damage|p2a: Garchomp|86/100\n|-damage|p1b: Incineroar|52/100|[from] ability: Rough Skin|[of] p2a: Garchomp\n|move|p2b: Whimsicott|Moonblast|p1a: Sneasler\n|-damage|p1a: Sneasler|48/100\n|cant|p2a: Garchomp|flinch\n|move|p1a: Sneasler|Close Combat|p2a: Garchomp\n|-damage|p2a: Garchomp|20/100\n|-unboost|p1a: Sneasler|def|1\n|-unboost|p1a: Sneasler|spd|1\n|-damage|p1a: Sneasler|35/100|[from] ability: Rough Skin|[of] p2a: Garchomp\n|-enditem|p1a: Sneasler|White Herb\n|-clearnegativeboost|p1a: Sneasler|[silent]\n|\n|-weather|SunnyDay|[upkeep]\n|upkeep\n|turn|5\n|inactive|DomesticSheep has 30 seconds left.\n|inactive|DomesticSheep has 20 seconds left.\n|inactive|DomesticSheep has 15 seconds left.\n|\n|t:|1775943261\n|move|p2b: Whimsicott|Protect|p2b: Whimsicott\n|-singleturn|p2b: Whimsicott|Protect\n|move|p2a: Garchomp|Protect|p2a: Garchomp\n|-singleturn|p2a: Garchomp|Protect\n|move|p1a: Sneasler|Close Combat|p2a: Garchomp\n|-activate|p2a: Garchomp|move: Protect\n|move|p1b: Incineroar|Darkest Lariat|p2b: Whimsicott\n|-activate|p2b: Whimsicott|move: Protect\n|\n|-weather|SunnyDay|[upkeep]\n|-sideend|p2: miseria010|move: Tailwind\n|upkeep\n|turn|6\n|inactive|DomesticSheep has 30 seconds left.\n|inactive|DomesticSheep has 20 seconds left.\n|inactive|DomesticSheep has 15 seconds left.\n|inactive|DomesticSheep has 10 seconds left.\n|inactive|DomesticSheep has 5 seconds left.\n|\n|t:|1775943312\n|switch|p2a: Venusaur|Venusaur, L50, M|100/100\n|move|p2b: Whimsicott|Tailwind|p2b: Whimsicott\n|-sidestart|p2: miseria010|move: Tailwind\n|move|p1a: Sneasler|Dire Claw|p2a: Venusaur\n|-damage|p2a: Venusaur|44/100\n|move|p1b: Incineroar|Parting Shot|p2a: Venusaur\n|-unboost|p2a: Venusaur|atk|1\n|-unboost|p2a: Venusaur|spa|1\n|\n|t:|1775943321\n|switch|p1b: Charizard|Charizard, L50, F|100/100|[from] Parting Shot\n|\n|-weather|none\n|-heal|p2a: Venusaur|50/100|[from] item: Leftovers\n|upkeep\n|turn|7\n|inactive|DomesticSheep has 30 seconds left.\n|inactive|DomesticSheep has 20 seconds left.\n|\n|t:|1775943359\n|detailschange|p1b: Charizard|Charizard-Mega-Y, L50, F\n|-mega|p1b: Charizard|Charizard|Charizardite Y\n|-weather|SunnyDay|[from] ability: Drought|[of] p1b: Charizard\n|move|p2a: Venusaur|Sleep Powder|p1b: Charizard\n|-status|p1b: Charizard|slp|[from] move: Sleep Powder\n|move|p1a: Sneasler|Dire Claw|p2a: Venusaur\n|-damage|p2a: Venusaur|0 fnt\n|faint|p2a: Venusaur\n|move|p2b: Whimsicott|Moonblast|p1a: Sneasler\n|-damage|p1a: Sneasler|0 fnt\n|faint|p1a: Sneasler\n|cant|p1b: Charizard|slp\n|\n|-weather|SunnyDay|[upkeep]\n|upkeep\n|\n|t:|1775943373\n|switch|p1a: Incineroar|Incineroar, L50, F|52/100\n|switch|p2a: Garchomp|Garchomp, L50, M|20/100\n|-ability|p1a: Incineroar|Intimidate|boost\n|-unboost|p2a: Garchomp|atk|1\n|-unboost|p2b: Whimsicott|atk|1\n|turn|8\n|inactive|DomesticSheep has 30 seconds left.\n|inactive|DomesticSheep has 20 seconds left.\n|inactive|DomesticSheep has 15 seconds left.\n|inactive|DomesticSheep has 10 seconds left.\n|inactive|DomesticSheep has 5 seconds left.\n|\n|t:|1775943428\n|move|p1a: Incineroar|Fake Out|p2a: Garchomp\n|-damage|p2a: Garchomp|6/100\n|-damage|p1a: Incineroar|40/100|[from] ability: Rough Skin|[of] p2a: Garchomp\n|-enditem|p1a: Incineroar|Sitrus Berry|[eat]\n|-heal|p1a: Incineroar|65/100|[from] item: Sitrus Berry\n|move|p2b: Whimsicott|Moonblast|p1a: Incineroar\n|-damage|p1a: Incineroar|31/100\n|cant|p2a: Garchomp|flinch\n|cant|p1b: Charizard|slp\n|\n|-weather|SunnyDay|[upkeep]\n|upkeep\n|turn|9\n|\n|t:|1775943452\n|move|p2b: Whimsicott|Moonblast|p1b: Charizard\n|-resisted|p1b: Charizard|1\n|-damage|p1b: Charizard|84/100 slp\n|move|p2a: Garchomp|Rock Slide|p1b: Charizard|[spread] p1a,p1b\n|-supereffective|p1a: Incineroar|1\n|-supereffective|p1b: Charizard|2\n|-damage|p1a: Incineroar|5/100\n|-damage|p1b: Charizard|6/100 slp\n|-curestatus|p1b: Charizard|slp|[msg]\n|cant|p1b: Charizard|flinch\n|move|p1a: Incineroar|Darkest Lariat|p2b: Whimsicott\n|-resisted|p2b: Whimsicott|1\n|-damage|p2b: Whimsicott|0 fnt\n|faint|p2b: Whimsicott\n|\n|-weather|SunnyDay|[upkeep]\n|-sideend|p2: miseria010|move: Tailwind\n|upkeep\n|turn|10\n|inactive|DomesticSheep has 30 seconds left.\n|c|\u2606DomesticSheep|ggs i dont think im winning this\n|inactive|DomesticSheep has 20 seconds left.\n|c|\u2606miseria010|rock slide can miss\n|inactive|DomesticSheep has 15 seconds left.\n|inactive|DomesticSheep has 10 seconds left.\n|inactive|DomesticSheep has 5 seconds left.\n|\n|t:|1775943505\n|move|p1b: Charizard|Protect|p1b: Charizard\n|-singleturn|p1b: Charizard|Protect\n|move|p2a: Garchomp|Rock Slide|p1a: Incineroar|[spread] p1a\n|-activate|p1b: Charizard|move: Protect\n|-supereffective|p1a: Incineroar|1\n|-damage|p1a: Incineroar|0 fnt\n|faint|p1a: Incineroar\n|\n|-weather|SunnyDay|[upkeep]\n|upkeep\n|turn|11\n|inactive|DomesticSheep has 15 seconds left this turn.\n|inactive|DomesticSheep has 10 seconds left.\n|inactive|DomesticSheep has 5 seconds left.\n|\n|t:|1775943517\n|move|p2a: Garchomp|Dragon Claw|p1b: Charizard\n|-damage|p1b: Charizard|0 fnt\n|faint|p1b: Charizard\n|\n|win|miseria010\n|raw|DomesticSheep's rating: 1000 &rarr; <strong>1000</strong><br />(+0 for losing)\n|raw|miseria010's rating: 1100 &rarr; <strong>1118</strong><br />(+18 for winning)\n",
  "uploadtime": 1775943524,
  "views": 34,
  "formatid": "gen9championsvgc2026regma",
  "rating": 1000,
  "private": 0,
  "password": null
}