{
  "id": "gen9championsvgc2026regma-2585277102",
  "format": "[Gen 9 Champions] VGC 2026 Reg M-A",
  "players": [
    "Zhi2",
    "mrbliss0607"
  ],
  "log": "|j|\u2606Zhi2\n|j|\u2606mrbliss0607\n|t:|1776332926\n|gametype|doubles\n|player|p1|Zhi2|101|1135\n|player|p2|mrbliss0607|170|1154\n|gen|9\n|tier|[Gen 9 Champions] VGC 2026 Reg M-A\n|rated|\n|rule|Species Clause: Limit one of each Pok\u00e9mon\n|rule|Item Clause: Limit 1 of each item\n|clearpoke\n|poke|p1|Pelipper, L50, F|\n|poke|p1|Blastoise, L50, F|\n|poke|p1|Starmie, L50|\n|poke|p1|Sinistcha, L50|\n|poke|p1|Kingambit, L50, M|\n|poke|p1|Garchomp, L50, M|\n|poke|p2|Sneasler, L50, F|\n|poke|p2|Archaludon, L50, F|\n|poke|p2|Basculegion, L50, M|\n|poke|p2|Pelipper, L50, F|\n|poke|p2|Dragonite, L50, M|\n|poke|p2|Incineroar, L50, M|\n|teampreview|4\nmrbliss0607 rejected open team sheets.\n|\n|t:|1776332966\n|teamsize|p1|4\n|teamsize|p2|4\n|start\n|switch|p1a: Blastoise|Blastoise, L50, F|100/100\n|switch|p1b: Kingambit|Kingambit, L50, M|100/100\n|switch|p2a: Sneasler|Sneasler, L50, F, shiny|100/100\n|switch|p2b: Pelipper|Pelipper, L50, F, shiny|100/100\n|-weather|RainDance|[from] ability: Drizzle|[of] p2b: Pelipper\n|turn|1\n|\n|t:|1776332988\n|move|p1a: Blastoise|Fake Out|p2a: Sneasler\n|-damage|p2a: Sneasler|88/100\n|cant|p2a: Sneasler|flinch\n|move|p2b: Pelipper|Tailwind|p2b: Pelipper\n|-sidestart|p2: mrbliss0607|move: Tailwind\n|move|p1b: Kingambit|Iron Head|p2a: Sneasler\n|-damage|p2a: Sneasler|0 fnt\n|faint|p2a: Sneasler\n|\n|-weather|RainDance|[upkeep]\n|upkeep\n|\n|t:|1776333007\n|switch|p2a: Archaludon|Archaludon, L50, F|100/100\n|turn|2\n|\n|t:|1776333022\n|switch|p2b: Dragonite|Dragonite, L50, M, shiny|100/100\n|switch|p1a: Garchomp|Garchomp, L50, M|100/100\n|move|p2a: Archaludon|Electro Shot||[still]\n|-prepare|p2a: Archaludon|Electro Shot\n|-boost|p2a: Archaludon|spa|1\n|-anim|p2a: Archaludon|Electro Shot|p1a: Garchomp\n|-immune|p1a: Garchomp\n|move|p1b: Kingambit|Brick Break|p2a: Archaludon\n|-supereffective|p2a: Archaludon|1\n|-damage|p2a: Archaludon|57/100\n|-ability|p2a: Archaludon|Stamina|boost\n|-boost|p2a: Archaludon|def|1\n|\n|-weather|RainDance|[upkeep]\n|-heal|p2a: Archaludon|63/100|[from] item: Leftovers\n|upkeep\n|turn|3\n|\n|t:|1776333047\n|move|p2a: Archaludon|Protect|p2a: Archaludon\n|-singleturn|p2a: Archaludon|Protect\n|move|p2b: Dragonite|Dragon Pulse|p1a: Garchomp\n|-supereffective|p1a: Garchomp|1\n|-crit|p1a: Garchomp\n|-damage|p1a: Garchomp|0 fnt\n|faint|p1a: Garchomp\n|move|p1b: Kingambit|Iron Head|p2b: Dragonite\n|-damage|p2b: Dragonite|70/100\n|\n|-weather|RainDance|[upkeep]\n|-heal|p2a: Archaludon|69/100|[from] item: Leftovers\n|upkeep\n|\n|t:|1776333059\n|switch|p1a: Blastoise|Blastoise, L50, F|100/100\n|turn|4\n|\n|t:|1776333076\n|move|p1a: Blastoise|Fake Out|p2a: Archaludon\n|-resisted|p2a: Archaludon|1\n|-damage|p2a: Archaludon|66/100\n|-ability|p2a: Archaludon|Stamina|boost\n|-boost|p2a: Archaludon|def|1\n|move|p2b: Dragonite|Thunder|p1a: Blastoise\n|-supereffective|p1a: Blastoise|1\n|-damage|p1a: Blastoise|34/100\n|-status|p1a: Blastoise|par\n|cant|p2a: Archaludon|flinch\n|move|p1b: Kingambit|Iron Head|p2b: Dragonite\n|-damage|p2b: Dragonite|7/100\n|\n|-weather|RainDance|[upkeep]\n|-heal|p1a: Blastoise|40/100 par|[from] ability: Rain Dish\n|-heal|p2a: Archaludon|72/100|[from] item: Leftovers\n|-sideend|p2: mrbliss0607|move: Tailwind\n|upkeep\n|turn|5\n|\n|t:|1776333101\n|move|p2b: Dragonite|Tailwind|p2b: Dragonite\n|-sidestart|p2: mrbliss0607|move: Tailwind\n|move|p2a: Archaludon|Electro Shot||[still]\n|-prepare|p2a: Archaludon|Electro Shot\n|-boost|p2a: Archaludon|spa|1\n|-anim|p2a: Archaludon|Electro Shot|p1a: Blastoise\n|-supereffective|p1a: Blastoise|1\n|-damage|p1a: Blastoise|0 fnt\n|faint|p1a: Blastoise\n|move|p1b: Kingambit|Iron Head|p2b: Dragonite\n|-damage|p2b: Dragonite|0 fnt\n|faint|p2b: Dragonite\n|\n|-weather|none\n|-heal|p2a: Archaludon|79/100|[from] item: Leftovers\n|upkeep\n|\n|t:|1776333114\n|switch|p2b: Pelipper|Pelipper, L50, F, shiny|100/100\n|switch|p1a: Starmie|Starmie, L50|100/100\n|-weather|RainDance|[from] ability: Drizzle|[of] p2b: Pelipper\n|turn|6\n|\n|t:|1776333143\n|detailschange|p1a: Starmie|Starmie-Mega, L50\n|-mega|p1a: Starmie|Starmie|Starminite\n|move|p2b: Pelipper|Weather Ball|p1b: Kingambit\n|-damage|p1b: Kingambit|36/100\n|move|p2a: Archaludon|Electro Shot||[still]\n|-prepare|p2a: Archaludon|Electro Shot\n|-boost|p2a: Archaludon|spa|1\n|-anim|p2a: Archaludon|Electro Shot|p1a: Starmie\n|-supereffective|p1a: Starmie|1\n|-damage|p1a: Starmie|0 fnt\n|faint|p1a: Starmie\n|move|p1b: Kingambit|Brick Break|p2a: Archaludon\n|-supereffective|p2a: Archaludon|1\n|-damage|p2a: Archaludon|52/100\n|-ability|p2a: Archaludon|Stamina|boost\n|-boost|p2a: Archaludon|def|1\n|\n|-weather|RainDance|[upkeep]\n|-heal|p2a: Archaludon|58/100|[from] item: Leftovers\n|upkeep\n|turn|7\n|\n|t:|1776333164\n|move|p2b: Pelipper|Weather Ball|p1b: Kingambit\n|-damage|p1b: Kingambit|0 fnt\n|faint|p1b: Kingambit\n|\n|win|mrbliss0607\n|raw|Zhi2's rating: 1135 &rarr; <strong>1111</strong><br />(-24 for losing)\n|raw|mrbliss0607's rating: 1154 &rarr; <strong>1178</strong><br />(+24 for winning)\n",
  "uploadtime": 1776333166,
  "views": 19,
  "formatid": "gen9championsvgc2026regma",
  "rating": 1111,
  "private": 0,
  "password": null
}