{
  "id": "gen9championsvgc2026regma-2582237983",
  "format": "[Gen 9 Champions] VGC 2026 Reg M-A",
  "players": [
    "Carminefiniarel",
    "blackashura"
  ],
  "log": "|j|\u2606Carminefiniarel\n|j|\u2606blackashura\n|t:|1776074794\n|gametype|doubles\n|player|p1|Carminefiniarel|266|1147\n|player|p2|blackashura|169|1049\n|gen|9\n|tier|[Gen 9 Champions] VGC 2026 Reg M-A\n|rated|\n|rule|Species Clause: Limit one of each Pok\u00e9mon\n|rule|Item Clause: Limit 1 of each item\n|clearpoke\n|poke|p1|Gengar, L50, M|\n|poke|p1|Incineroar, L50, F|\n|poke|p1|Tyranitar, L50, M|\n|poke|p1|Kingambit, L50, F|\n|poke|p1|Kommo-o, L50, M|\n|poke|p1|Sinistcha, L50|\n|poke|p2|Tyranitar, L50, F|\n|poke|p2|Rotom-Wash, L50|\n|poke|p2|Garchomp, L50, M|\n|poke|p2|Sneasler, L50, M|\n|poke|p2|Skarmory, L50, M|\n|poke|p2|Volcarona, L50, M|\n|teampreview|4\n|inactive|Battle timer is ON: inactive players will automatically lose when time's up. (requested by Carminefiniarel)\n|\n|t:|1776074844\n|teamsize|p1|4\n|teamsize|p2|4\n|start\n|switch|p1a: Incineroar|Incineroar, L50, F|100/100\n|switch|p1b: Kommo-o|Kommo-o, L50, M|100/100\n|switch|p2a: Sneasler|Sneasler, L50, M|100/100\n|switch|p2b: Rotom|Rotom-Wash, L50|100/100\n|-ability|p2a: Sneasler|Pressure\n|-ability|p1a: Incineroar|Intimidate|boost\n|-unboost|p2a: Sneasler|atk|1\n|-unboost|p2b: Rotom|atk|1\n|-enditem|p2a: Sneasler|White Herb\n|-clearnegativeboost|p2a: Sneasler|[silent]\n|turn|1\n|inactive|blackashura has 30 seconds left.\n|inactive|blackashura has 20 seconds left.\n|inactive|blackashura has 15 seconds left.\n|inactive|blackashura has 10 seconds left.\n|\n|t:|1776074890\n|move|p1b: Kommo-o|Protect|p1b: Kommo-o\n|-singleturn|p1b: Kommo-o|Protect\n|move|p1a: Incineroar|Protect|p1a: Incineroar\n|-singleturn|p1a: Incineroar|Protect\n|move|p2a: Sneasler|Fake Out|p1b: Kommo-o\n|-activate|p1b: Kommo-o|move: Protect\n|move|p2b: Rotom|Hydro Pump|p1a: Incineroar\n|-activate|p1a: Incineroar|move: Protect\n|\n|upkeep\n|turn|2\n|inactive|blackashura has 30 seconds left.\n|\n|t:|1776074916\n|switch|p2b: Skarmory|Skarmory, L50, M, shiny|100/100\n|switch|p1a: Sinistcha|Sinistcha, L50|100/100\n|move|p2a: Sneasler|Close Combat|p1a: Sinistcha\n|-immune|p1a: Sinistcha\n|move|p1b: Kommo-o|Clangorous Soul|p1b: Kommo-o\n|-boost|p1b: Kommo-o|atk|1\n|-boost|p1b: Kommo-o|def|1\n|-boost|p1b: Kommo-o|spa|1\n|-boost|p1b: Kommo-o|spd|1\n|-boost|p1b: Kommo-o|spe|1\n|-damage|p1b: Kommo-o|68/100\n|\n|-heal|p1b: Kommo-o|74/100|[from] item: Leftovers\n|upkeep\n|turn|3\n|inactive|blackashura has 30 seconds left.\n|inactive|blackashura has 20 seconds left.\n|inactive|blackashura has 15 seconds left.\n|\n|t:|1776074959\n|switch|p1a: Incineroar|Incineroar, L50, F|100/100\n|-ability|p1a: Incineroar|Intimidate|boost\n|-unboost|p2a: Sneasler|atk|1\n|-unboost|p2b: Skarmory|atk|1\n|detailschange|p2b: Skarmory|Skarmory-Mega, L50, M, shiny\n|-mega|p2b: Skarmory|Skarmory|Skarmorite\n|move|p2a: Sneasler|Protect|p2a: Sneasler\n|-singleturn|p2a: Sneasler|Protect\n|move|p1b: Kommo-o|Protect|p1b: Kommo-o\n|-singleturn|p1b: Kommo-o|Protect\n|move|p2b: Skarmory|Protect||[still]\n|-fail|p2b: Skarmory\n|\n|-heal|p1b: Kommo-o|80/100|[from] item: Leftovers\n|upkeep\n|turn|4\n|inactive|Carminefiniarel has 30 seconds left.\n|inactive|blackashura has 30 seconds left.\n|\n|t:|1776074993\n|switch|p2a: Rotom|Rotom-Wash, L50|100/100\n|move|p2b: Skarmory|Protect|p2b: Skarmory\n|-singleturn|p2b: Skarmory|Protect\n|move|p1a: Incineroar|Fake Out|p2a: Rotom\n|-damage|p2a: Rotom|86/100\n|move|p1b: Kommo-o|Clanging Scales|p2a: Rotom|[spread] p2a\n|-activate|p2b: Skarmory|move: Protect\n|-damage|p2a: Rotom|28/100\n|-unboost|p1b: Kommo-o|def|1\n|\n|-heal|p1b: Kommo-o|86/100|[from] item: Leftovers\n|upkeep\n|turn|5\n|inactive|blackashura has 30 seconds left.\n|inactive|Carminefiniarel has 30 seconds left.\n|\n|t:|1776075029\n|switch|p2b: Garchomp|Garchomp, L50, M|100/100\n|switch|p1a: Sinistcha|Sinistcha, L50|100/100\n|-heal|p1b: Kommo-o|100/100|[from] ability: Hospitality|[of] p1a: Sinistcha\n|move|p2a: Rotom|Trick|p1b: Kommo-o\n|-activate|p2a: Rotom|move: Trick|[of] p1b: Kommo-o\n|-item|p1b: Kommo-o|Choice Scarf|[from] move: Trick\n|-item|p2a: Rotom|Leftovers|[from] move: Trick\n|move|p1b: Kommo-o|Clanging Scales|p2a: Rotom|[spread] p2a,p2b\n|-supereffective|p2b: Garchomp|1\n|-damage|p2a: Rotom|0 fnt\n|-damage|p2b: Garchomp|5/100\n|faint|p2a: Rotom\n|-unboost|p1b: Kommo-o|def|1\n|\n|upkeep\n|\n|t:|1776075047\n|switch|p2a: Skarmory|Skarmory-Mega, L50, M, shiny|100/100\n|turn|6\n|\n|t:|1776075066\n|switch|p1a: Incineroar|Incineroar, L50, F|100/100\n|-ability|p1a: Incineroar|Intimidate|boost\n|-unboost|p2a: Skarmory|atk|1\n|-unboost|p2b: Garchomp|atk|1\n|move|p2a: Skarmory|Protect|p2a: Skarmory\n|-singleturn|p2a: Skarmory|Protect\n|move|p1b: Kommo-o|Clanging Scales|p2a: Skarmory|[spread] p2b\n|-activate|p2a: Skarmory|move: Protect\n|-supereffective|p2b: Garchomp|1\n|-damage|p2b: Garchomp|0 fnt\n|faint|p2b: Garchomp\n|-unboost|p1b: Kommo-o|def|1\n|\n|upkeep\n|\n|t:|1776075078\n|switch|p2b: Sneasler|Sneasler, L50, M|100/100\n|-ability|p2b: Sneasler|Pressure\n|turn|7\n|\n|t:|1776075097\n|move|p2b: Sneasler|Fake Out|p1a: Incineroar\n|-damage|p1a: Incineroar|89/100\n|cant|p1a: Incineroar|flinch\n|move|p1b: Kommo-o|Clanging Scales|p2b: Sneasler|[spread] p2a,p2b\n|-resisted|p2a: Skarmory|1\n|-damage|p2a: Skarmory|73/100\n|-damage|p2b: Sneasler|39/100\n|-unboost|p1b: Kommo-o|def|1\n|move|p2a: Skarmory|Dual Wingbeat|p1b: Kommo-o\n|-supereffective|p1b: Kommo-o|1\n|-damage|p1b: Kommo-o|40/100\n|-supereffective|p1b: Kommo-o|1\n|-damage|p1b: Kommo-o|0 fnt\n|faint|p1b: Kommo-o\n|-hitcount|p1: Kommo-o|2\n|\n|upkeep\n|\n|t:|1776075111\n|switch|p1b: Gengar|Gengar, L50, M|100/100\n|turn|8\n|inactive|blackashura has 30 seconds left.\n|\n|t:|1776075137\n|detailschange|p1b: Gengar|Gengar-Mega, L50, M\n|-mega|p1b: Gengar|Gengar|Gengarite\n|move|p2a: Skarmory|Protect|p2a: Skarmory\n|-singleturn|p2a: Skarmory|Protect\n|move|p1b: Gengar|Perish Song|p1b: Gengar\n|-start|p1a: Incineroar|perish3|[silent]\n|-start|p1b: Gengar|perish3|[silent]\n|-start|p2a: Skarmory|perish3|[silent]\n|-start|p2b: Sneasler|perish3|[silent]\n|-fieldactivate|move: Perish Song\n|move|p2b: Sneasler|Close Combat|p1a: Incineroar\n|-supereffective|p1a: Incineroar|1\n|-damage|p1a: Incineroar|0 fnt\n|-unboost|p2b: Sneasler|def|1\n|-unboost|p2b: Sneasler|spd|1\n|faint|p1a: Incineroar\n|\n|-start|p1b: Gengar|perish3\n|-start|p2b: Sneasler|perish3\n|-start|p2a: Skarmory|perish3\n|upkeep\n|\n|t:|1776075151\n|switch|p1a: Sinistcha|Sinistcha, L50|100/100\n|turn|9\n|\n|t:|1776075171\n|move|p2b: Sneasler|Protect|p2b: Sneasler\n|-singleturn|p2b: Sneasler|Protect\n|move|p1a: Sinistcha|Protect|p1a: Sinistcha\n|-singleturn|p1a: Sinistcha|Protect\n|move|p1b: Gengar|Shadow Ball|p2a: Skarmory\n|-damage|p2a: Skarmory|14/100\n|-unboost|p2a: Skarmory|spd|1\n|move|p2a: Skarmory|Rock Slide|p1a: Sinistcha|[spread] p1b\n|-activate|p1a: Sinistcha|move: Protect\n|-damage|p1b: Gengar|80/100\n|\n|-start|p1b: Gengar|perish2\n|-start|p2b: Sneasler|perish2\n|-start|p2a: Skarmory|perish2\n|upkeep\n|turn|10\n|\n|t:|1776075196\n|move|p1a: Sinistcha|Rage Powder|p1a: Sinistcha\n|-singleturn|p1a: Sinistcha|move: Rage Powder\n|move|p1b: Gengar|Shadow Ball|p2a: Skarmory\n|-damage|p2a: Skarmory|0 fnt\n|faint|p2a: Skarmory\n|move|p2b: Sneasler|Dire Claw|p1a: Sinistcha\n|-damage|p1a: Sinistcha|65/100\n|-status|p1a: Sinistcha|slp\n|\n|-start|p1b: Gengar|perish1\n|-start|p2b: Sneasler|perish1\n|upkeep\n|turn|11\n|\n|t:|1776075211\n|move|p2b: Sneasler|Protect|p2b: Sneasler\n|-singleturn|p2b: Sneasler|Protect\n|cant|p1a: Sinistcha|slp\n|move|p1b: Gengar|Shadow Ball|p2b: Sneasler\n|-activate|p2b: Sneasler|move: Protect\n|\n|-start|p1b: Gengar|perish0\n|-start|p2b: Sneasler|perish0\n|faint|p1b: Gengar\n|faint|p2b: Sneasler\n|\n|win|Carminefiniarel\n",
  "uploadtime": 1776074796,
  "views": 12,
  "formatid": "gen9championsvgc2026regma",
  "rating": null,
  "private": 0,
  "password": null
}