{
  "id": "gen9championsvgc2026regma-2585174195",
  "format": "[Gen 9 Champions] VGC 2026 Reg M-A",
  "players": [
    "loklastaji",
    "streetledeetledoo"
  ],
  "log": "|j|\u2606loklastaji\n|j|\u2606streetledeetledoo\n|t:|1776321027\n|gametype|doubles\n|player|p1|loklastaji|102|1312\n|player|p2|streetledeetledoo|dancer|1239\n|gen|9\n|tier|[Gen 9 Champions] VGC 2026 Reg M-A\n|rated|\n|rule|Species Clause: Limit one of each Pok\u00e9mon\n|rule|Item Clause: Limit 1 of each item\n|clearpoke\n|poke|p1|Samurott-Hisui, L50, M|\n|poke|p1|Delphox, L50, M|\n|poke|p1|Tinkaton, L50, F|\n|poke|p1|Decidueye-Hisui, L50, F|\n|poke|p1|Dragonite, L50, F|\n|poke|p1|Maushold-Four, L50|\n|poke|p2|Aggron, L50, M|\n|poke|p2|Tyranitar, L50, M|\n|poke|p2|Heliolisk, L50, F|\n|poke|p2|Basculegion, L50, M|\n|poke|p2|Sneasler, L50, F|\n|poke|p2|Incineroar, L50, F|\n|teampreview|4\n|inactive|Battle timer is ON: inactive players will automatically lose when time's up. (requested by streetledeetledoo)\n|\n|t:|1776321116\n|teamsize|p1|4\n|teamsize|p2|4\n|start\n|switch|p1a: Dragonite|Dragonite, L50, F|100/100\n|switch|p1b: Tinkaton|Tinkaton, L50, F|100/100\n|switch|p2a: Tyranitar|Tyranitar, L50, M|100/100\n|switch|p2b: Heliolisk|Heliolisk, L50, F|100/100\n|-ability|p1b: Tinkaton|Mold Breaker\n|-weather|Sandstorm|[from] ability: Sand Stream|[of] p2a: Tyranitar\n|turn|1\n|inactive|loklastaji has 30 seconds left.\n|inactive|loklastaji has 20 seconds left.\n|inactive|loklastaji has 15 seconds left.\n|\n|t:|1776321160\n|switch|p1a: Decidueye|Decidueye-Hisui, L50, F|100/100\n|move|p1b: Tinkaton|Fake Out|p2b: Heliolisk\n|-crit|p2b: Heliolisk\n|-damage|p2b: Heliolisk|65/100\n|cant|p2b: Heliolisk|flinch\n|move|p2a: Tyranitar|High Horsepower|p1b: Tinkaton\n|-supereffective|p1b: Tinkaton|1\n|-damage|p1b: Tinkaton|0 fnt\n|faint|p1b: Tinkaton\n|\n|-weather|Sandstorm|[upkeep]\n|-damage|p1a: Decidueye|94/100|[from] Sandstorm\n|upkeep\n|\n|t:|1776321175\n|switch|p1b: Samurott|Samurott-Hisui, L50, M|100/100\n|turn|2\n|\n|t:|1776321184\n|move|p2a: Tyranitar|Protect|p2a: Tyranitar\n|-singleturn|p2a: Tyranitar|Protect\n|move|p1a: Decidueye|Close Combat|p2b: Heliolisk\n|-supereffective|p2b: Heliolisk|1\n|-damage|p2b: Heliolisk|0 fnt\n|-unboost|p1a: Decidueye|def|1\n|-unboost|p1a: Decidueye|spd|1\n|faint|p2b: Heliolisk\n|move|p1b: Samurott|Sacred Sword|p2a: Tyranitar\n|-activate|p2a: Tyranitar|move: Protect\n|\n|-weather|Sandstorm|[upkeep]\n|-damage|p1a: Decidueye|88/100|[from] Sandstorm\n|-damage|p1b: Samurott|95/100|[from] Sandstorm\n|upkeep\n|\n|t:|1776321195\n|switch|p2b: Aggron|Aggron, L50, M|100/100\n|turn|3\n|\n|t:|1776321219\n|switch|p2a: Basculegion|Basculegion, L50, M|100/100\n|detailschange|p2b: Aggron|Aggron-Mega, L50, M\n|-mega|p2b: Aggron|Aggron|Aggronite\n|move|p1a: Decidueye|Close Combat|p2b: Aggron\n|-supereffective|p2b: Aggron|1\n|-damage|p2b: Aggron|56/100\n|-unboost|p1a: Decidueye|def|1\n|-unboost|p1a: Decidueye|spd|1\n|move|p1b: Samurott|Sacred Sword|p2a: Basculegion\n|-immune|p2a: Basculegion\n|move|p2b: Aggron|Iron Defense|p2b: Aggron\n|-boost|p2b: Aggron|def|2\n|\n|-weather|Sandstorm|[upkeep]\n|-damage|p2a: Basculegion|94/100|[from] Sandstorm\n|-damage|p1a: Decidueye|82/100|[from] Sandstorm\n|-damage|p1b: Samurott|89/100|[from] Sandstorm\n|upkeep\n|turn|4\n|inactive|loklastaji has 30 seconds left.\n|inactive|loklastaji has 20 seconds left.\n|\n|t:|1776321256\n|switch|p1b: Dragonite|Dragonite, L50, F|100/100\n|move|p2a: Basculegion|Last Respects|p1a: Decidueye\n|-damage|p1a: Decidueye|0 fnt\n|faint|p1a: Decidueye\n|move|p2b: Aggron|Body Press|p1b: Dragonite\n|-resisted|p1b: Dragonite|1\n|-damage|p1b: Dragonite|60/100\n|\n|-weather|Sandstorm|[upkeep]\n|-damage|p2a: Basculegion|88/100|[from] Sandstorm\n|-damage|p1b: Dragonite|54/100|[from] Sandstorm\n|upkeep\n|\n|t:|1776321269\n|switch|p1a: Samurott|Samurott-Hisui, L50, M|89/100\n|turn|5\n|inactive|loklastaji has 30 seconds left.\n|\n|t:|1776321299\n|detailschange|p1b: Dragonite|Dragonite-Mega, L50, F\n|-mega|p1b: Dragonite|Dragonite|Dragoninite\n|move|p1a: Samurott|Sucker Punch|p2a: Basculegion\n|-supereffective|p2a: Basculegion|1\n|-damage|p2a: Basculegion|0 fnt\n|faint|p2a: Basculegion\n|move|p1b: Dragonite|Draco Meteor|p2b: Aggron\n|-resisted|p2b: Aggron|1\n|-damage|p2b: Aggron|24/100\n|-unboost|p1b: Dragonite|spa|2\n|move|p2b: Aggron|Body Press|p1a: Samurott\n|-supereffective|p1a: Samurott|1\n|-damage|p1a: Samurott|0 fnt\n|faint|p1a: Samurott\n|\n|-weather|none\n|upkeep\n|\n|t:|1776321309\n|switch|p2a: Tyranitar|Tyranitar, L50, M|100/100\n|-weather|Sandstorm|[from] ability: Sand Stream|[of] p2a: Tyranitar\n|turn|6\n|c|\u2606streetledeetledoo|gg\n|\n|t:|1776321328\n|move|p1b: Dragonite|Draco Meteor|p2b: Aggron\n|-resisted|p2b: Aggron|1\n|-damage|p2b: Aggron|10/100\n|-unboost|p1b: Dragonite|spa|2\n|move|p2a: Tyranitar|Rock Slide|p1b: Dragonite\n|-supereffective|p1b: Dragonite|1\n|-damage|p1b: Dragonite|0 fnt\n|faint|p1b: Dragonite\n|\n|win|streetledeetledoo\n|raw|loklastaji's rating: 1312 &rarr; <strong>1288</strong><br />(-24 for losing)\n|raw|streetledeetledoo's rating: 1239 &rarr; <strong>1269</strong><br />(+30 for winning)\n",
  "uploadtime": 1776321338,
  "views": 31,
  "formatid": "gen9championsvgc2026regma",
  "rating": 1269,
  "private": 0,
  "password": null
}