{
  "id": "gen9championsvgc2026regma-2582737820",
  "format": "[Gen 9 Champions] VGC 2026 Reg M-A",
  "players": [
    "Shampton",
    "Johten"
  ],
  "log": "|j|\u2606Shampton\n|j|\u2606Johten\n|t:|1776110661\n|gametype|doubles\n|player|p1|Shampton|2|1188\n|player|p2|Johten|veteran|1096\n|gen|9\n|tier|[Gen 9 Champions] VGC 2026 Reg M-A\n|rated|\n|rule|Species Clause: Limit one of each Pok\u00e9mon\n|rule|Item Clause: Limit 1 of each item\n|clearpoke\n|poke|p1|Blastoise, L50, M|\n|poke|p1|Pelipper, L50, F|\n|poke|p1|Sinistcha, L50|\n|poke|p1|Sneasler, L50, F|\n|poke|p1|Garchomp, L50, F|\n|poke|p1|Kingambit, L50, F|\n|poke|p2|Sableye, L50, F|\n|poke|p2|Charizard, L50, M|\n|poke|p2|Gardevoir, L50, F|\n|poke|p2|Milotic, L50, F|\n|poke|p2|Sinistcha, L50|\n|poke|p2|Aerodactyl, L50, F|\n|teampreview|4\n|inactive|Battle timer is ON: inactive players will automatically lose when time's up. (requested by Johten)\n|inactive|Shampton also wants the timer to be on.\n|inactive|Shampton has 60 seconds left.\n|\n|t:|1776110705\n|teamsize|p1|4\n|teamsize|p2|4\n|start\n|switch|p1a: Pelipper|Pelipper, L50, F|100/100\n|switch|p1b: Garchomp|Garchomp, L50, F|100/100\n|switch|p2a: Sableye|Sableye, L50, F|100/100\n|switch|p2b: Gardevoir|Gardevoir, L50, F|100/100\n|-weather|RainDance|[from] ability: Drizzle|[of] p1a: Pelipper\n|-ability|p2b: Gardevoir|Rough Skin|Trace|[from] ability: Trace|[of] p1b: Garchomp\n|turn|1\n|\n|t:|1776110722\n|detailschange|p2b: Gardevoir|Gardevoir-Mega, L50, F\n|-mega|p2b: Gardevoir|Gardevoir|Gardevoirite\n|move|p2a: Sableye|Fake Out|p1b: Garchomp\n|-crit|p1b: Garchomp\n|-damage|p1b: Garchomp|89/100\n|-damage|p2a: Sableye|88/100|[from] ability: Rough Skin|[of] p1b: Garchomp\n|move|p1a: Pelipper|Tailwind|p1a: Pelipper\n|-sidestart|p1: Shampton|move: Tailwind\n|cant|p1b: Garchomp|flinch\n|move|p2b: Gardevoir|Calm Mind|p2b: Gardevoir\n|-boost|p2b: Gardevoir|spa|1\n|-boost|p2b: Gardevoir|spd|1\n|\n|-weather|RainDance|[upkeep]\n|upkeep\n|turn|2\n|\n|t:|1776110743\n|switch|p1a: Kingambit|Kingambit, L50, F|100/100\n|move|p2a: Sableye|Reflect|p2a: Sableye\n|-sidestart|p2: Johten|Reflect\n|move|p1b: Garchomp|Earthquake|p2b: Gardevoir|[spread] p1a,p2a,p2b\n|-supereffective|p1a: Kingambit|1\n|-damage|p1a: Kingambit|48/100\n|-damage|p2a: Sableye|53/100\n|-damage|p2b: Gardevoir|64/100\n|move|p2b: Gardevoir|Hyper Voice|p1a: Kingambit|[spread] p1a,p1b\n|-supereffective|p1b: Garchomp|1\n|-damage|p1a: Kingambit|0 fnt\n|-damage|p1b: Garchomp|0 fnt\n|faint|p1a: Kingambit\n|faint|p1b: Garchomp\n|\n|-weather|RainDance|[upkeep]\n|upkeep\n|inactive|Shampton has 30 seconds left.\n|inactive|Shampton has 20 seconds left.\n|inactive|Shampton has 15 seconds left.\n|inactive|Shampton has 10 seconds left.\n|inactive|Shampton has 5 seconds left.\n|\n|t:|1776110799\n|switch|p1b: Blastoise|Blastoise, L50, M|100/100\n|switch|p1a: Pelipper|Pelipper, L50, F|100/100\n|turn|3\n|inactive|Shampton has 30 seconds left.\n|inactive|Shampton has 20 seconds left.\n|inactive|Shampton has 15 seconds left.\n|inactive|Shampton has 10 seconds left.\n|inactive|Shampton has 5 seconds left.\n|\n|t:|1776110854\n|move|p2b: Gardevoir|Protect|p2b: Gardevoir\n|-singleturn|p2b: Gardevoir|Protect\n|move|p2a: Sableye|Light Screen|p2a: Sableye\n|-sidestart|p2: Johten|move: Light Screen\n|move|p1a: Pelipper|Hurricane|p2b: Gardevoir\n|-activate|p2b: Gardevoir|move: Protect\n|move|p1b: Blastoise|Water Spout|p2b: Gardevoir|[spread] p2a\n|-activate|p2b: Gardevoir|move: Protect\n|-damage|p2a: Sableye|4/100\n|\n|-weather|RainDance|[upkeep]\n|upkeep\n|turn|4\n|inactive|Shampton has 30 seconds left.\n|\n|t:|1776110884\n|detailschange|p1b: Blastoise|Blastoise-Mega, L50, M\n|-mega|p1b: Blastoise|Blastoise|Blastoisinite\n|move|p2a: Sableye|Quash|p1b: Blastoise\n|-activate|p1b: Blastoise|move: Quash\n|move|p1a: Pelipper|Hurricane|p2b: Gardevoir\n|-damage|p2b: Gardevoir|43/100\n|move|p2b: Gardevoir|Hyper Voice|p1a: Pelipper|[spread] p1a,p1b\n|-damage|p1a: Pelipper|0 fnt\n|-damage|p1b: Blastoise|24/100\n|faint|p1a: Pelipper\n|move|p1b: Blastoise|Water Spout|p2a: Sableye|[spread] p2a,p2b\n|-damage|p2a: Sableye|0 fnt\n|-damage|p2b: Gardevoir|33/100\n|faint|p2a: Sableye\n|\n|-weather|RainDance|[upkeep]\n|-sideend|p1: Shampton|move: Tailwind\n|upkeep\n|\n|t:|1776110898\n|switch|p2a: Sinistcha|Sinistcha, L50|100/100\n|-heal|p2b: Gardevoir|58/100|[from] ability: Hospitality|[of] p2a: Sinistcha\n|turn|5\n|-message|Shampton forfeited.\n|\n|win|Johten\n|raw|Shampton's rating: 1188 &rarr; <strong>1157</strong><br />(-31 for losing)\n|raw|Johten's rating: 1096 &rarr; <strong>1128</strong><br />(+32 for winning)\n|l|\u2606Shampton\n|player|p1|\n",
  "uploadtime": 1776110905,
  "views": 22,
  "formatid": "gen9championsvgc2026regma",
  "rating": 1128,
  "private": 0,
  "password": null
}