{
  "id": "gen9championsvgc2026regma-2585744874",
  "format": "[Gen 9 Champions] VGC 2026 Reg M-A",
  "players": [
    "WojtusG",
    "BaldoricVGC"
  ],
  "log": "|j|\u2606WojtusG\n|j|\u2606BaldoricVGC\n|t:|1776367628\n|gametype|doubles\n|player|p1|WojtusG|101|1162\n|player|p2|BaldoricVGC|morty|1097\n|gen|9\n|tier|[Gen 9 Champions] VGC 2026 Reg M-A\n|rated|\n|rule|Species Clause: Limit one of each Pok\u00e9mon\n|rule|Item Clause: Limit 1 of each item\n|clearpoke\n|poke|p1|Zoroark-Hisui, L50, M|\n|poke|p1|Meganium, L50, F|\n|poke|p1|Pelipper, L50, F|\n|poke|p1|Archaludon, L50, F|\n|poke|p1|Sneasler, L50, M|\n|poke|p1|Incineroar, L50, F|\n|poke|p2|Aerodactyl, L50, M|\n|poke|p2|Kingambit, L50, M|\n|poke|p2|Garchomp, L50, F|\n|poke|p2|Sneasler, L50, F|\n|poke|p2|Gengar, L50, F|\n|poke|p2|Incineroar, L50, F|\n|teampreview|4\n|\n|t:|1776367657\n|teamsize|p1|4\n|teamsize|p2|4\n|start\n|switch|p1a: 1000-THR|Archaludon, L50, F|100/100\n|switch|p1b: Rain set mon|Pelipper, L50, F|100/100\n|switch|p2a: Incineroar|Incineroar, L50, F|100/100\n|switch|p2b: Gengar|Gengar, L50, F|100/100\n|-weather|RainDance|[from] ability: Drizzle|[of] p1b: Rain set mon\n|-ability|p2a: Incineroar|Intimidate|boost\n|-unboost|p1a: 1000-THR|atk|1\n|-unboost|p1b: Rain set mon|atk|1\n|turn|1\n|\n|t:|1776367674\n|detailschange|p2b: Gengar|Gengar-Mega, L50, F\n|-mega|p2b: Gengar|Gengar|Gengarite\n|move|p2a: Incineroar|Fake Out|p1a: 1000-THR\n|-immune|p1a: 1000-THR\n|move|p2b: Gengar|Perish Song|p2b: Gengar\n|-start|p1a: 1000-THR|perish3|[silent]\n|-start|p1b: Rain set mon|perish3|[silent]\n|-start|p2a: Incineroar|perish3|[silent]\n|-start|p2b: Gengar|perish3|[silent]\n|-fieldactivate|move: Perish Song\n|move|p1a: 1000-THR|Nasty Plot|p1a: 1000-THR\n|-boost|p1a: 1000-THR|spa|2\n|move|p1b: Rain set mon|Tailwind|p1b: Rain set mon\n|-sidestart|p1: WojtusG|move: Tailwind\n|\n|-weather|RainDance|[upkeep]\n|-start|p1a: 1000-THR|perish3\n|-start|p1b: Rain set mon|perish3\n|-start|p2b: Gengar|perish3\n|-start|p2a: Incineroar|perish3\n|upkeep\n|turn|2\n|\n|t:|1776367698\n|move|p2b: Gengar|Protect|p2b: Gengar\n|-singleturn|p2b: Gengar|Protect\n|move|p1a: 1000-THR|Bitter Malice|p2b: Gengar\n|-activate|p2b: Gengar|move: Protect\n|move|p1b: Rain set mon|Hydro Pump|p2a: Incineroar\n|-supereffective|p2a: Incineroar|1\n|-damage|p2a: Incineroar|8/100\n|move|p2a: Incineroar|Parting Shot|p1a: 1000-THR\n|-unboost|p1a: 1000-THR|atk|1\n|-unboost|p1a: 1000-THR|spa|1\n|\n|t:|1776367711\n|switch|p2a: Garchomp|Garchomp, L50, F|100/100|[from] Parting Shot\n|\n|-weather|RainDance|[upkeep]\n|-start|p1a: 1000-THR|perish2\n|-start|p1b: Rain set mon|perish2\n|-start|p2b: Gengar|perish2\n|upkeep\n|turn|3\n|\n|t:|1776367733\n|move|p2b: Gengar|Protect||[still]\n|-fail|p2b: Gengar\n|move|p1a: 1000-THR|Bitter Malice|p2b: Gengar\n|-supereffective|p2b: Gengar|1\n|-damage|p2b: Gengar|0 fnt\n|faint|p2b: Gengar\n|move|p1b: Rain set mon|Hydro Pump|p2a: Garchomp\n|-damage|p2a: Garchomp|41/100\n|-enditem|p2a: Garchomp|Sitrus Berry|[eat]\n|-heal|p2a: Garchomp|66/100|[from] item: Sitrus Berry\n|move|p2a: Garchomp|Stomping Tantrum|p1a: 1000-THR\n|-damage|p1a: 1000-THR|20/100\n|replace|p1a: Hi!|Zoroark-Hisui, L50, M\n|-end|p1a: Hi!|Illusion\n|\n|-weather|RainDance|[upkeep]\n|-start|p1a: Hi!|perish1\n|-start|p1b: Rain set mon|perish1\n|upkeep\n|\n|t:|1776367753\n|switch|p2b: Incineroar|Incineroar, L50, F|8/100\n|-ability|p2b: Incineroar|Intimidate|boost\n|-unboost|p1a: Hi!|atk|1\n|-unboost|p1b: Rain set mon|atk|1\n|turn|4\n|\n|t:|1776367766\n|switch|p1b: Sneasler|Sneasler, L50, M|100/100\n|move|p1a: Hi!|Protect|p1a: Hi!\n|-singleturn|p1a: Hi!|Protect\n|move|p2a: Garchomp|Protect|p2a: Garchomp\n|-singleturn|p2a: Garchomp|Protect\n|move|p2b: Incineroar|Fake Out|p1b: Sneasler\n|-damage|p1b: Sneasler|82/100\n|\n|-weather|RainDance|[upkeep]\n|-heal|p2b: Incineroar|14/100|[from] item: Leftovers\n|-start|p1a: Hi!|perish0\n|-sideend|p1: WojtusG|move: Tailwind\n|faint|p1a: Hi!\n|upkeep\n|\n|t:|1776367778\n|switch|p1a: 1000-THR|Archaludon, L50, F|100/100\n|turn|5\n|\n|t:|1776367798\n|switch|p2a: Kingambit|Kingambit, L50, M|100/100\n|move|p1b: Sneasler|Close Combat|p2b: Incineroar\n|-supereffective|p2b: Incineroar|1\n|-damage|p2b: Incineroar|0 fnt\n|-unboost|p1b: Sneasler|def|1\n|-unboost|p1b: Sneasler|spd|1\n|faint|p2b: Incineroar\n|-enditem|p1b: Sneasler|White Herb\n|-clearnegativeboost|p1b: Sneasler|[silent]\n|move|p1a: 1000-THR|Draco Meteor|p2a: Kingambit\n|-resisted|p2a: Kingambit|1\n|-damage|p2a: Kingambit|70/100\n|-unboost|p1a: 1000-THR|spa|2\n|\n|-weather|none\n|upkeep\n|\n|t:|1776367812\n|switch|p2b: Garchomp|Garchomp, L50, F|66/100\n|turn|6\n|\n|t:|1776367823\n|switch|p1a: Rain set mon|Pelipper, L50, F|100/100\n|-weather|RainDance|[from] ability: Drizzle|[of] p1a: Rain set mon\n|move|p1b: Sneasler|Close Combat|p2a: Kingambit\n|-supereffective|p2a: Kingambit|2\n|-damage|p2a: Kingambit|0 fnt\n|-unboost|p1b: Sneasler|def|1\n|-unboost|p1b: Sneasler|spd|1\n|faint|p2a: Kingambit\n|move|p2b: Garchomp|Stomping Tantrum|p1b: Sneasler\n|-supereffective|p1b: Sneasler|1\n|-damage|p1b: Sneasler|0 fnt\n|faint|p1b: Sneasler\n|\n|-weather|RainDance|[upkeep]\n|upkeep\n|\n|t:|1776367836\n|switch|p1b: 1000-THR|Archaludon, L50, F|100/100\n|turn|7\n|\n|t:|1776367843\n|move|p1b: 1000-THR|Draco Meteor|p2b: Garchomp\n|-supereffective|p2b: Garchomp|1\n|-damage|p2b: Garchomp|0 fnt\n|-unboost|p1b: 1000-THR|spa|2\n|faint|p2b: Garchomp\n|\n|win|WojtusG\n|raw|WojtusG's rating: 1162 &rarr; <strong>1182</strong><br />(+20 for winning)\n|raw|BaldoricVGC's rating: 1097 &rarr; <strong>1077</strong><br />(-20 for losing)\n|l|\u2606BaldoricVGC\n|player|p2|\n",
  "uploadtime": 1776367850,
  "views": 20,
  "formatid": "gen9championsvgc2026regma",
  "rating": 1077,
  "private": 0,
  "password": null
}