{
  "id": "gen9championsvgc2026regma-2584074027",
  "format": "[Gen 9 Champions] VGC 2026 Reg M-A",
  "players": [
    "theevantran",
    "buhfcxx"
  ],
  "log": "|j|\u2606theevantran\n|j|\u2606buhfcxx\n|t:|1776222493\n|gametype|doubles\n|player|p1|theevantran|1|1000\n|player|p2|buhfcxx|2|1087\n|gen|9\n|tier|[Gen 9 Champions] VGC 2026 Reg M-A\n|rated|\n|rule|Species Clause: Limit one of each Pok\u00e9mon\n|rule|Item Clause: Limit 1 of each item\n|clearpoke\n|poke|p1|Dragapult, L50, M|\n|poke|p1|Tyranitar, L50, F|\n|poke|p1|Sneasler, L50, F|\n|poke|p1|Incineroar, L50, F|\n|poke|p1|Meganium, L50, F|\n|poke|p1|Aerodactyl, L50, F|\n|poke|p2|Sneasler, L50, M|\n|poke|p2|Starmie, L50|\n|poke|p2|Pelipper, L50, F|\n|poke|p2|Basculegion, L50, M|\n|poke|p2|Sinistcha-Masterpiece, L50|\n|poke|p2|Venusaur, L50, M|\n|teampreview|4\n|inactive|Battle timer is ON: inactive players will automatically lose when time's up. (requested by buhfcxx)\n|\n|t:|1776222563\n|teamsize|p1|4\n|teamsize|p2|4\n|start\n|switch|p1a: Dragapult|Dragapult, L50, M|100/100\n|switch|p1b: Aerodactyl|Aerodactyl, L50, F|100/100\n|switch|p2a: Sneasler|Sneasler, L50, M|100/100\n|switch|p2b: Starmie|Starmie, L50|100/100\n|-ability|p1b: Aerodactyl|Unnerve\n|turn|1\n|\n|t:|1776222584\n|detailschange|p2b: Starmie|Starmie-Mega, L50\n|-mega|p2b: Starmie|Starmie|Starminite\n|move|p1b: Aerodactyl|Protect|p1b: Aerodactyl\n|-singleturn|p1b: Aerodactyl|Protect\n|move|p2a: Sneasler|Fake Out|p1b: Aerodactyl\n|-activate|p1b: Aerodactyl|move: Protect\n|move|p1a: Dragapult|Thunder Wave|p2a: Sneasler\n|-status|p2a: Sneasler|par\n|move|p2b: Starmie|Liquidation|p1a: Dragapult\n|-resisted|p1a: Dragapult|1\n|-damage|p1a: Dragapult|60/100\n|\n|upkeep\n|turn|2\n|inactive|buhfcxx has 30 seconds left.\n|\n|t:|1776222611\n|switch|p2a: Pelipper|Pelipper, L50, F|100/100\n|-weather|RainDance|[from] ability: Drizzle|[of] p2a: Pelipper\n|move|p1a: Dragapult|Phantom Force||[still]\n|-prepare|p1a: Dragapult|Phantom Force\n|move|p1b: Aerodactyl|Dual Wingbeat|p2a: Pelipper\n|-damage|p2a: Pelipper|81/100\n|-crit|p2a: Pelipper\n|-damage|p2a: Pelipper|52/100\n|-hitcount|p2a: Pelipper|2\n|move|p2b: Starmie|Liquidation|p1b: Aerodactyl\n|-supereffective|p1b: Aerodactyl|1\n|-enditem|p1b: Aerodactyl|Focus Sash\n|-damage|p1b: Aerodactyl|1/100\n|-unboost|p1b: Aerodactyl|def|1\n|\n|-weather|RainDance|[upkeep]\n|upkeep\n|turn|3\n|inactive|theevantran has 30 seconds left.\n|inactive|buhfcxx has 30 seconds left.\n|inactive|theevantran has 20 seconds left.\n|\n|t:|1776222648\n|switch|p2b: Sneasler|Sneasler, L50, M|100/100 par\n|move|p1a: Dragapult|Phantom Force|p2b: Sneasler|[from] lockedmove\n|-damage|p2b: Sneasler|43/100 par\n|move|p1b: Aerodactyl|Tailwind|p1b: Aerodactyl\n|-sidestart|p1: theevantran|move: Tailwind\n|move|p2a: Pelipper|Weather Ball|p1b: Aerodactyl\n|-supereffective|p1b: Aerodactyl|1\n|-damage|p1b: Aerodactyl|0 fnt\n|faint|p1b: Aerodactyl\n|\n|-weather|RainDance|[upkeep]\n|upkeep\n|\n|t:|1776222663\n|switch|p1b: Tyranitar|Tyranitar, L50, F|100/100\n|-weather|Sandstorm|[from] ability: Sand Stream|[of] p1b: Tyranitar\n|turn|4\n|\n|t:|1776222678\n|switch|p2a: Basculegion|Basculegion, L50, M|100/100\n|move|p2b: Sneasler|Fake Out|p1b: Tyranitar\n|-resisted|p1b: Tyranitar|1\n|-damage|p1b: Tyranitar|96/100\n|-status|p1b: Tyranitar|psn|[from] ability: Poison Touch|[of] p2b: Sneasler\n|move|p1a: Dragapult|Breaking Swipe|p2a: Basculegion|[spread] p2a,p2b\n|-damage|p2a: Basculegion|76/100\n|-damage|p2b: Sneasler|12/100 par\n|-unboost|p2a: Basculegion|atk|1\n|-unboost|p2b: Sneasler|atk|1\n|cant|p1b: Tyranitar|flinch\n|\n|-weather|Sandstorm|[upkeep]\n|-damage|p1a: Dragapult|54/100|[from] Sandstorm\n|-damage|p2a: Basculegion|70/100|[from] Sandstorm\n|-damage|p2b: Sneasler|6/100 par|[from] Sandstorm\n|-damage|p1b: Tyranitar|84/100 psn|[from] psn\n|upkeep\n|turn|5\n|inactive|theevantran has 30 seconds left.\n|inactive|buhfcxx has 30 seconds left.\n|inactive|theevantran has 20 seconds left.\n|inactive|theevantran has 15 seconds left.\n|\n|t:|1776222720\n|switch|p2a: Pelipper|Pelipper, L50, F|52/100\n|-weather|RainDance|[from] ability: Drizzle|[of] p2a: Pelipper\n|move|p1a: Dragapult|Phantom Force||[still]\n|-prepare|p1a: Dragapult|Phantom Force\n|move|p1b: Tyranitar|Rock Slide|p2b: Sneasler|[spread] p2a,p2b\n|-supereffective|p2a: Pelipper|1\n|-resisted|p2b: Sneasler|1\n|-damage|p2a: Pelipper|0 fnt\n|-damage|p2b: Sneasler|0 fnt\n|faint|p2a: Pelipper\n|faint|p2b: Sneasler\n|\n|-weather|RainDance|[upkeep]\n|-damage|p1b: Tyranitar|72/100 psn|[from] psn\n|upkeep\n|\n|t:|1776222739\n|switch|p2b: Starmie|Starmie-Mega, L50|100/100\n|switch|p2a: Basculegion|Basculegion, L50, M|70/100\n|turn|6\n|\n|t:|1776222762\n|detailschange|p1b: Tyranitar|Tyranitar-Mega, L50, F\n|-mega|p1b: Tyranitar|Tyranitar|Tyranitarite\n|-weather|Sandstorm|[from] ability: Sand Stream|[of] p1b: Tyranitar\n|move|p1a: Dragapult|Phantom Force|p2a: Basculegion|[from] lockedmove\n|-supereffective|p2a: Basculegion|1\n|-damage|p2a: Basculegion|0 fnt\n|faint|p2a: Basculegion\n|move|p2b: Starmie|Liquidation|p1a: Dragapult\n|-resisted|p1a: Dragapult|1\n|-damage|p1a: Dragapult|7/100\n|-unboost|p1a: Dragapult|def|1\n|move|p1b: Tyranitar|Knock Off|p2b: Starmie\n|-supereffective|p2b: Starmie|1\n|-damage|p2b: Starmie|9/100\n|\n|-weather|Sandstorm|[upkeep]\n|-damage|p1a: Dragapult|1/100|[from] Sandstorm\n|-damage|p2b: Starmie|3/100|[from] Sandstorm\n|-damage|p1b: Tyranitar|59/100 psn|[from] psn\n|-sideend|p1: theevantran|move: Tailwind\n|upkeep\n|turn|7\n|\n|t:|1776222782\n|move|p1b: Tyranitar|Protect|p1b: Tyranitar\n|-singleturn|p1b: Tyranitar|Protect\n|move|p1a: Dragapult|Breaking Swipe|p2b: Starmie\n|-damage|p2b: Starmie|0 fnt\n|faint|p2b: Starmie\n|\n|win|theevantran\n|raw|theevantran's rating: 1000 &rarr; <strong>1050</strong><br />(+50 for winning)\n|raw|buhfcxx's rating: 1087 &rarr; <strong>1058</strong><br />(-29 for losing)\n|l|\u2606buhfcxx\n|player|p2|\n",
  "uploadtime": 1776222797,
  "views": 23,
  "formatid": "gen9championsvgc2026regma",
  "rating": 1050,
  "private": 0,
  "password": null
}