{
  "id": "gen9championsvgc2026regma-2588772985",
  "format": "[Gen 9 Champions] VGC 2026 Reg M-A",
  "players": [
    "Tommy2tumb",
    "DavidTIS"
  ],
  "log": "|j|\u2606Tommy2tumb\n|j|\u2606DavidTIS\n|t:|1776668900\n|gametype|doubles\n|player|p1|Tommy2tumb|102|1063\n|player|p2|DavidTIS|170|1050\n|gen|9\n|tier|[Gen 9 Champions] VGC 2026 Reg M-A\n|rated|\n|rule|Species Clause: Limit one of each Pok\u00e9mon\n|rule|Item Clause: Limit 1 of each item\n|clearpoke\n|poke|p1|Snorlax, L50, M|\n|poke|p1|Slowbro-Galar, L50, F|\n|poke|p1|Scovillain, L50, M|\n|poke|p1|Trevenant, L50, M|\n|poke|p1|Alcremie, L50, F|\n|poke|p1|Araquanid, L50, F|\n|poke|p2|Starmie, L50|\n|poke|p2|Lycanroc-Dusk, L50, M|\n|poke|p2|Hydreigon, L50, F|\n|poke|p2|Gengar, L50, F|\n|poke|p2|Tauros-Paldea-Aqua, L50, M|\n|poke|p2|Meganium, L50, F|\n|teampreview|4\n|\n|t:|1776668944\n|teamsize|p1|4\n|teamsize|p2|4\n|start\n|switch|p1a: Trevenant|Trevenant, L50, M|100/100\n|switch|p1b: Alcremie|Alcremie, L50, F|100/100\n|switch|p2a: Gengar|Gengar, L50, F|100/100\n|switch|p2b: Tauros|Tauros-Paldea-Aqua, L50, M|100/100\n|-ability|p2b: Tauros|Intimidate|boost\n|-unboost|p1a: Trevenant|atk|1\n|-unboost|p1b: Alcremie|atk|1\n|turn|1\n|\n|t:|1776668964\n|move|p2b: Tauros|Protect|p2b: Tauros\n|-singleturn|p2b: Tauros|Protect\n|move|p2a: Gengar|Shadow Ball|p1a: Trevenant\n|-supereffective|p1a: Trevenant|1\n|-damage|p1a: Trevenant|20/100\n|-enditem|p1a: Trevenant|Sitrus Berry|[eat]\n|-heal|p1a: Trevenant|45/100|[from] item: Sitrus Berry\n|move|p1b: Alcremie|Decorate|p1a: Trevenant\n|-boost|p1a: Trevenant|atk|2\n|-boost|p1a: Trevenant|spa|2\n|move|p1a: Trevenant|Shadow Claw|p2a: Gengar\n|-supereffective|p2a: Gengar|1\n|-damage|p2a: Gengar|0 fnt\n|faint|p2a: Gengar\n|\n|-item|p1a: Trevenant|Sitrus Berry|[from] ability: Harvest\n|upkeep\n|-enditem|p1a: Trevenant|Sitrus Berry|[eat]\n|-heal|p1a: Trevenant|69/100|[from] item: Sitrus Berry\n|\n|t:|1776668986\n|switch|p2a: Starmie|Starmie, L50|100/100\n|turn|2\n|\n|t:|1776668997\n|detailschange|p2a: Starmie|Starmie-Mega, L50\n|-mega|p2a: Starmie|Starmie|Starminite\n|move|p2a: Starmie|Ice Spinner|p1a: Trevenant\n|-supereffective|p1a: Trevenant|1\n|-damage|p1a: Trevenant|0 fnt\n|faint|p1a: Trevenant\n|move|p2b: Tauros|Wave Crash|p1b: Alcremie\n|-damage|p1b: Alcremie|9/100\n|-damage|p2b: Tauros|72/100|[from] Recoil\n|move|p1b: Alcremie|Encore|p2b: Tauros\n|-start|p2b: Tauros|Encore\n|\n|upkeep\n|\n|t:|1776669007\n|switch|p1a: Araquanid|Araquanid, L50, F|100/100\n|turn|3\n|\n|t:|1776669023\n|switch|p1b: Scovillain|Scovillain, L50, M|100/100\n|move|p2a: Starmie|Psycho Cut|p1a: Araquanid\n|-damage|p1a: Araquanid|35/100\n|move|p2b: Tauros|Wave Crash|p1b: Scovillain\n|-damage|p1b: Scovillain|0 fnt\n|faint|p1b: Scovillain\n|-damage|p2b: Tauros|41/100|[from] Recoil\n|-enditem|p2b: Tauros|Sitrus Berry|[eat]\n|-heal|p2b: Tauros|66/100|[from] item: Sitrus Berry\n|move|p1a: Araquanid|Entrainment|p2a: Starmie\n|-ability|p2a: Starmie|Water Bubble|Huge Power|[from] move: Entrainment|[of] p1a: Araquanid\n|\n|upkeep\n|\n|t:|1776669039\n|switch|p1b: Alcremie|Alcremie, L50, F|9/100\n|turn|4\n|\n|t:|1776669053\n|move|p1b: Alcremie|Helping Hand|p1a: Araquanid\n|-singleturn|p1a: Araquanid|Helping Hand|[of] p1b: Alcremie\n|move|p2a: Starmie|Psycho Cut|p1a: Araquanid\n|-damage|p1a: Araquanid|2/100\n|move|p2b: Tauros|Wave Crash|p1b: Alcremie\n|-damage|p1b: Alcremie|0 fnt\n|faint|p1b: Alcremie\n|-damage|p2b: Tauros|64/100|[from] Recoil\n|move|p1a: Araquanid|Waterfall|p2b: Tauros\n|-resisted|p2b: Tauros|1\n|-damage|p2b: Tauros|4/100\n|\n|upkeep\n|turn|5\n|\n|t:|1776669070\n|move|p2a: Starmie|Psycho Cut|p1a: Araquanid\n|-damage|p1a: Araquanid|0 fnt\n|faint|p1a: Araquanid\n|\n|win|DavidTIS\n|raw|Tommy2tumb's rating: 1063 &rarr; <strong>1043</strong><br />(-20 for losing)\n|raw|DavidTIS's rating: 1050 &rarr; <strong>1084</strong><br />(+34 for winning)\n",
  "uploadtime": 1776669073,
  "views": 15,
  "formatid": "gen9championsvgc2026regma",
  "rating": 1043,
  "private": 0,
  "password": null
}