{
  "id": "gen9championsvgc2026regma-2584538769",
  "format": "[Gen 9 Champions] VGC 2026 Reg M-A",
  "players": [
    "wyrden",
    "Jthepoke"
  ],
  "log": "|j|\u2606wyrden\n|j|\u2606Jthepoke\n|t:|1776267427\n|gametype|doubles\n|player|p1|wyrden|101|1095\n|player|p2|Jthepoke|cyrus|1115\n|gen|9\n|tier|[Gen 9 Champions] VGC 2026 Reg M-A\n|rated|\n|rule|Species Clause: Limit one of each Pok\u00e9mon\n|rule|Item Clause: Limit 1 of each item\n|clearpoke\n|poke|p1|Meganium, L50, M|\n|poke|p1|Archaludon, L50, M|\n|poke|p1|Typhlosion-Hisui, L50, M|\n|poke|p1|Tauros-Paldea-Aqua, L50, M|\n|poke|p1|Kangaskhan, L50, F|\n|poke|p1|Aerodactyl, L50, M|\n|poke|p2|Floette-Eternal, L50, F|\n|poke|p2|Garchomp, L50, F|\n|poke|p2|Kingambit, L50, M|\n|poke|p2|Basculegion, L50, M|\n|poke|p2|Sneasler, L50, M|\n|poke|p2|Froslass, L50, F|\n|teampreview|4\nwyrden rejected open team sheets.\n|\n|t:|1776267474\n|teamsize|p1|4\n|teamsize|p2|4\n|start\n|switch|p1a: Typhlosion|Typhlosion-Hisui, L50, M|100/100\n|switch|p1b: Aerodactyl|Aerodactyl, L50, M|100/100\n|switch|p2a: Basculegion|Basculegion, L50, M|100/100\n|switch|p2b: Kingambit|Kingambit, L50, M|100/100\n|-item|p2a: Basculegion|Sitrus Berry|[from] ability: Frisk|[of] p1a: Typhlosion\n|-item|p2b: Kingambit|Chople Berry|[from] ability: Frisk|[of] p1a: Typhlosion\n|turn|1\n|\n|t:|1776267490\n|switch|p1a: Archaludon|Archaludon, L50, M|100/100\n|move|p2a: Basculegion|Aqua Jet|p1a: Archaludon\n|-resisted|p1a: Archaludon|1\n|-damage|p1a: Archaludon|87/100\n|-ability|p1a: Archaludon|Stamina|boost\n|-boost|p1a: Archaludon|def|1\n|move|p2b: Kingambit|Sucker Punch||[still]\n|-fail|p2b: Kingambit\n|move|p1b: Aerodactyl|Tailwind|p1b: Aerodactyl\n|-sidestart|p1: wyrden|move: Tailwind\n|\n|-heal|p1a: Archaludon|93/100|[from] item: Leftovers\n|upkeep\n|turn|2\n|\n|t:|1776267524\n|move|p1b: Aerodactyl|Rock Slide|p2a: Basculegion|[spread] p2a,p2b\n|-resisted|p2b: Kingambit|1\n|-damage|p2a: Basculegion|73/100\n|-damage|p2b: Kingambit|92/100\n|move|p1a: Archaludon|Thunderbolt|p2b: Kingambit\n|-damage|p2b: Kingambit|59/100\n|-status|p2b: Kingambit|par\n|move|p2a: Basculegion|Wave Crash|p1b: Aerodactyl\n|-supereffective|p1b: Aerodactyl|1\n|-enditem|p1b: Aerodactyl|Focus Sash\n|-damage|p1b: Aerodactyl|1/100\n|-damage|p2a: Basculegion|49/100|[from] Recoil\n|-enditem|p2a: Basculegion|Sitrus Berry|[eat]\n|-heal|p2a: Basculegion|74/100|[from] item: Sitrus Berry\n|cant|p2b: Kingambit|par\n|\n|-heal|p1a: Archaludon|99/100|[from] item: Leftovers\n|upkeep\n|turn|3\n|\n|t:|1776267548\n|switch|p2a: Floette|Floette-Eternal, L50, F|100/100\n|move|p2b: Kingambit|Sucker Punch|p1b: Aerodactyl\n|-crit|p1b: Aerodactyl\n|-damage|p1b: Aerodactyl|0 fnt\n|faint|p1b: Aerodactyl\n|move|p1a: Archaludon|Thunderbolt|p2a: Floette\n|-damage|p2a: Floette|74/100\n|\n|-heal|p1a: Archaludon|100/100|[from] item: Leftovers\n|upkeep\n|\n|t:|1776267561\n|switch|p1b: Typhlosion|Typhlosion-Hisui, L50, M|100/100\n|-item|p2a: Floette|Floettite|[from] ability: Frisk|[of] p1b: Typhlosion\n|-item|p2b: Kingambit|Chople Berry|[from] ability: Frisk|[of] p1b: Typhlosion\n|turn|4\n|\n|t:|1776267584\n|move|p2a: Floette|Protect|p2a: Floette\n|-singleturn|p2a: Floette|Protect\n|move|p2b: Kingambit|Sucker Punch|p1b: Typhlosion\n|-supereffective|p1b: Typhlosion|1\n|-damage|p1b: Typhlosion|0 fnt\n|faint|p1b: Typhlosion\n|move|p1a: Archaludon|Flash Cannon|p2a: Floette\n|-activate|p2a: Floette|move: Protect\n|\n|-sideend|p1: wyrden|move: Tailwind\n|upkeep\n|\n|t:|1776267594\n|switch|p1b: Meganium|Meganium, L50, M|100/100\n|turn|5\n|\n|t:|1776267621\n|detailschange|p1b: Meganium|Meganium-Mega, L50, M\n|-mega|p1b: Meganium|Meganium|Meganiumite\n|detailschange|p2a: Floette|Floette-Mega, L50, F\n|-mega|p2a: Floette|Floette|Floettite\n|-ability|p2a: Floette|Fairy Aura\n|move|p2b: Kingambit|Sucker Punch|p1a: Archaludon\n|-damage|p1a: Archaludon|75/100\n|-ability|p1a: Archaludon|Stamina|boost\n|-boost|p1a: Archaludon|def|1\n|move|p2a: Floette|Light of Ruin|p1a: Archaludon\n|-damage|p1a: Archaludon|0 fnt\n|faint|p1a: Archaludon\n|-damage|p2a: Floette|36/100|[from] Recoil\n|move|p1b: Meganium|Dazzling Gleam|p2a: Floette|[spread] p2a,p2b\n|-damage|p2a: Floette|2/100\n|-damage|p2b: Kingambit|14/100 par\n|\n|upkeep\n|turn|6\n|\n|t:|1776267642\n|move|p2b: Kingambit|Sucker Punch|p1b: Meganium\n|-resisted|p1b: Meganium|1\n|-damage|p1b: Meganium|79/100\n|move|p2a: Floette|Light of Ruin|p1b: Meganium\n|-crit|p1b: Meganium\n|-damage|p1b: Meganium|0 fnt\n|faint|p1b: Meganium\n|-damage|p2a: Floette|0 fnt|[from] Recoil\n|faint|p2a: Floette\n|\n|win|Jthepoke\n|raw|wyrden's rating: 1095 &rarr; <strong>1072</strong><br />(-23 for losing)\n|raw|Jthepoke's rating: 1115 &rarr; <strong>1139</strong><br />(+24 for winning)\n|l|\u2606wyrden\n|player|p1|\n",
  "uploadtime": 1776267653,
  "views": 19,
  "formatid": "gen9championsvgc2026regma",
  "rating": 1072,
  "private": 0,
  "password": null
}