{
  "id": "gen9championsvgc2026regma-2581843947",
  "format": "[Gen 9 Champions] VGC 2026 Reg M-A",
  "players": [
    "BigRoflet",
    "jarmsfirstclaw"
  ],
  "log": "|j|\u203dBigRoflet\n|j|\u2606jarmsfirstclaw\n|t:|1776033051\n|gametype|doubles\n|player|p1|BigRoflet|harlequin|1033\n|player|p2|jarmsfirstclaw|n|1000\n|gen|9\n|tier|[Gen 9 Champions] VGC 2026 Reg M-A\n|rated|\n|rule|Species Clause: Limit one of each Pok\u00e9mon\n|rule|Item Clause: Limit 1 of each item\n|clearpoke\n|poke|p1|Whimsicott, L50, M|\n|poke|p1|Sneasler, L50, F|\n|poke|p1|Feraligatr, L50, M|\n|poke|p1|Maushold-Four, L50|\n|poke|p1|Aerodactyl, L50, F|\n|poke|p1|Incineroar, L50, M|\n|poke|p2|Raichu, L50, F|\n|poke|p2|Oranguru, L50, F|\n|poke|p2|Manectric, L50, F|\n|poke|p2|Golurk, L50|\n|poke|p2|Araquanid, L50, M|\n|poke|p2|Bellibolt, L50, M|\n|teampreview|4\n|\n|t:|1776033111\n|teamsize|p1|4\n|teamsize|p2|4\n|start\n|switch|p1a: Maushold|Maushold-Four, L50|100/100\n|switch|p1b: Incineroar|Incineroar, L50, M|100/100\n|switch|p2a: Manectric|Manectric, L50, F|100/100\n|switch|p2b: Bellibolt|Bellibolt, L50, M|100/100\n|-ability|p1b: Incineroar|Intimidate|boost\n|-unboost|p2a: Manectric|atk|1\n|-unboost|p2b: Bellibolt|atk|1\n|turn|1\n|inactive|Battle timer is ON: inactive players will automatically lose when time's up. (requested by jarmsfirstclaw)\n|\n|t:|1776033135\n|detailschange|p2a: Manectric|Manectric-Mega, L50, F\n|-mega|p2a: Manectric|Manectric|Manectite\n|-ability|p2a: Manectric|Intimidate|boost\n|-unboost|p1a: Maushold|atk|1\n|-unboost|p1b: Incineroar|atk|1\n|move|p1a: Maushold|Follow Me|p1a: Maushold\n|-singleturn|p1a: Maushold|move: Follow Me\n|move|p2a: Manectric|Electric Terrain|p2a: Manectric\n|-fieldstart|move: Electric Terrain\n|move|p1b: Incineroar|Flare Blitz|p2a: Manectric\n|-damage|p2a: Manectric|49/100\n|-status|p2a: Manectric|brn\n|-damage|p1b: Incineroar|88/100|[from] Recoil\n|move|p2b: Bellibolt|Parabolic Charge|p1b: Incineroar|[spread] p2a,p1a,p1b\n|-resisted|p2a: Manectric|1\n|-damage|p2a: Manectric|24/100 brn\n|-damage|p1a: Maushold|68/100\n|-damage|p1b: Incineroar|67/100\n|\n|-heal|p1b: Incineroar|73/100|[from] item: Leftovers\n|-damage|p2a: Manectric|18/100 brn|[from] brn\n|upkeep\n|turn|2\n|inactive|BigRoflet has 30 seconds left.\n|\n|t:|1776033162\n|move|p2a: Manectric|Rising Voltage|p1b: Incineroar\n|-hint|Rising Voltage's BP doubled on grounded target.\n|-damage|p1b: Incineroar|4/100\n|move|p1a: Maushold|Super Fang|p2b: Bellibolt\n|-damage|p2b: Bellibolt|50/100\n|-start|p2b: Bellibolt|Charge|Super Fang|[from] ability: Electromorphosis\n|move|p1b: Incineroar|Parting Shot|p2b: Bellibolt\n|-unboost|p2b: Bellibolt|atk|1\n|-unboost|p2b: Bellibolt|spa|1\n|\n|t:|1776033175\n|switch|p1b: Sneasler|Sneasler, L50, F|100/100|[from] Parting Shot\n|move|p2b: Bellibolt|Parabolic Charge|p1a: Maushold|[spread] p2a,p1a,p1b\n|-resisted|p2a: Manectric|1\n|-crit|p1a: Maushold\n|-damage|p2a: Manectric|0 fnt\n|-heal|p2b: Bellibolt|57/100|[from] drain|[of] p2a: Manectric\n|-damage|p1a: Maushold|0 fnt\n|-heal|p2b: Bellibolt|85/100|[from] drain|[of] p1a: Maushold\n|-damage|p1b: Sneasler|57/100\n|-heal|p2b: Bellibolt|100/100|[from] drain|[of] p1b: Sneasler\n|faint|p2a: Manectric\n|faint|p1a: Maushold\n|-end|p2b: Bellibolt|Charge|[silent]\n|\n|upkeep\n|\n|t:|1776033191\n|switch|p2a: Raichu|Raichu, L50, F|100/100\n|switch|p1a: Feraligatr|Feraligatr, L50, M|100/100\n|turn|3\n|\n|t:|1776033208\n|switch|p1b: Incineroar|Incineroar, L50, M|4/100\n|-ability|p1b: Incineroar|Intimidate|boost\n|-unboost|p2a: Raichu|atk|1\n|-unboost|p2b: Bellibolt|atk|1\n|detailschange|p1a: Feraligatr|Feraligatr-Mega, L50, M\n|-mega|p1a: Feraligatr|Feraligatr|Feraligite\n|move|p2a: Raichu|Helping Hand|p2b: Bellibolt\n|-singleturn|p2b: Bellibolt|Helping Hand|[of] p2a: Raichu\n|move|p1a: Feraligatr|Protect|p1a: Feraligatr\n|-singleturn|p1a: Feraligatr|Protect\n|move|p2b: Bellibolt|Parabolic Charge|p1a: Feraligatr|[spread] p1b\n|-activate|p1a: Feraligatr|move: Protect\n|-ability|p2a: Raichu|Lightning Rod|boost\n|-boost|p2a: Raichu|spa|1\n|-damage|p1b: Incineroar|0 fnt\n|faint|p1b: Incineroar\n|\n|upkeep\n|\n|t:|1776033226\n|switch|p1b: Sneasler|Sneasler, L50, F|57/100\n|turn|4\n|\n|t:|1776033239\n|move|p2b: Bellibolt|Protect|p2b: Bellibolt\n|-singleturn|p2b: Bellibolt|Protect\n|move|p1b: Sneasler|Fake Out|p2a: Raichu\n|-damage|p2a: Raichu|74/100\n|cant|p2a: Raichu|flinch\n|move|p1a: Feraligatr|Double-Edge|p2b: Bellibolt\n|-activate|p2b: Bellibolt|move: Protect\n|\n|upkeep\n|turn|5\n|\n|t:|1776033256\n|move|p2a: Raichu|Helping Hand|p2b: Bellibolt\n|-singleturn|p2b: Bellibolt|Helping Hand|[of] p2a: Raichu\n|move|p1a: Feraligatr|Protect|p1a: Feraligatr\n|-singleturn|p1a: Feraligatr|Protect\n|move|p1b: Sneasler|Coaching|p1a: Feraligatr\n|-boost|p1a: Feraligatr|atk|1\n|-boost|p1a: Feraligatr|def|1\n|move|p2b: Bellibolt|Parabolic Charge|p1a: Feraligatr|[spread] p1b\n|-activate|p1a: Feraligatr|move: Protect\n|-ability|p2a: Raichu|Lightning Rod|boost\n|-boost|p2a: Raichu|spa|1\n|-damage|p1b: Sneasler|14/100\n|\n|-fieldend|move: Electric Terrain\n|upkeep\n|turn|6\n|inactive|BigRoflet has 30 seconds left.\n|inactive|jarmsfirstclaw has 30 seconds left.\n|\n|t:|1776033283\n|move|p2a: Raichu|Helping Hand|p2b: Bellibolt\n|-singleturn|p2b: Bellibolt|Helping Hand|[of] p2a: Raichu\n|move|p1b: Sneasler|Close Combat|p2a: Raichu\n|-damage|p2a: Raichu|0 fnt\n|-unboost|p1b: Sneasler|def|1\n|-unboost|p1b: Sneasler|spd|1\n|faint|p2a: Raichu\n|move|p1a: Feraligatr|Liquidation|p2b: Bellibolt\n|-damage|p2b: Bellibolt|35/100\n|-start|p2b: Bellibolt|Charge|Liquidation|[from] ability: Electromorphosis\n|move|p2b: Bellibolt|Parabolic Charge|p1a: Feraligatr|[spread] p1a,p1b\n|-damage|p1a: Feraligatr|63/100\n|-heal|p2b: Bellibolt|50/100|[from] drain|[of] p1a: Feraligatr\n|-damage|p1b: Sneasler|0 fnt\n|-heal|p2b: Bellibolt|56/100|[from] drain|[of] p1b: Sneasler\n|faint|p1b: Sneasler\n|-end|p2b: Bellibolt|Charge|[silent]\n|\n|-heal|p2b: Bellibolt|62/100|[from] item: Leftovers\n|upkeep\n|inactive|jarmsfirstclaw has 30 seconds left.\n|\n|t:|1776033311\n|switch|p2a: Golurk|Golurk, L50|100/100\n|turn|7\n|\n|t:|1776033335\n|move|p1a: Feraligatr|Liquidation|p2b: Bellibolt\n|-damage|p2b: Bellibolt|0 fnt\n|faint|p2b: Bellibolt\n|move|p2a: Golurk|Ice Punch|p1a: Feraligatr\n|-damage|p1a: Feraligatr|45/100\n|\n|upkeep\n|turn|8\n|\n|t:|1776033345\n|move|p1a: Feraligatr|Liquidation|p2a: Golurk\n|-supereffective|p2a: Golurk|1\n|-damage|p2a: Golurk|0 fnt\n|faint|p2a: Golurk\n|\n|win|BigRoflet\n|raw|BigRoflet's rating: 1033 &rarr; <strong>1065</strong><br />(+32 for winning)\n|raw|jarmsfirstclaw's rating: 1000 &rarr; <strong>1000</strong><br />(+0 for losing)\n",
  "uploadtime": 1776033351,
  "views": 20,
  "formatid": "gen9championsvgc2026regma",
  "rating": 1000,
  "private": 0,
  "password": null
}