{
  "id": "gen9championsvgc2026regma-2582671701",
  "format": "[Gen 9 Champions] VGC 2026 Reg M-A",
  "players": [
    "PlayingViking",
    "IronTbo"
  ],
  "log": "|j|\u2606PlayingViking\n|j|\u2606IronTbo\n|t:|1776106309\n|gametype|doubles\n|player|p1|PlayingViking|101|1048\n|player|p2|IronTbo|hiker-gen4|1068\n|gen|9\n|tier|[Gen 9 Champions] VGC 2026 Reg M-A\n|rated|\n|rule|Species Clause: Limit one of each Pok\u00e9mon\n|rule|Item Clause: Limit 1 of each item\n|clearpoke\n|poke|p1|Gliscor, L50, M|\n|poke|p1|Milotic, L50, M|\n|poke|p1|Rotom-Wash, L50|\n|poke|p1|Aegislash, L50, F|\n|poke|p1|Meowscarada, L50, F|\n|poke|p1|Sylveon, L50, M|\n|poke|p2|Charizard, L50, M|\n|poke|p2|Pelipper, L50, F|\n|poke|p2|Hydreigon, L50, F|\n|poke|p2|Archaludon, L50, F|\n|poke|p2|Venusaur, L50, M|\n|poke|p2|Sneasler, L50, M|\n|teampreview|4\n|inactive|Battle timer is ON: inactive players will automatically lose when time's up. (requested by IronTbo)\n|inactive|PlayingViking has 60 seconds left.\n|\n|t:|1776106360\n|teamsize|p1|4\n|teamsize|p2|4\n|start\n|switch|p1a: Rotom|Rotom-Wash, L50|100/100\n|switch|p1b: Gliscor|Gliscor, L50, M|100/100\n|switch|p2a: Charizard|Charizard, L50, M|100/100\n|switch|p2b: Venusaur|Venusaur, L50, M|100/100\n|turn|1\n|inactive|PlayingViking has 30 seconds left.\n|inactive|IronTbo has 30 seconds left.\n|\n|t:|1776106392\n|detailschange|p2a: Charizard|Charizard-Mega-Y, L50, M\n|-mega|p2a: Charizard|Charizard|Charizardite Y\n|-weather|SunnyDay|[from] ability: Drought|[of] p2a: Charizard\n|move|p2a: Charizard|Protect|p2a: Charizard\n|-singleturn|p2a: Charizard|Protect\n|move|p2b: Venusaur|Giga Drain|p1a: Rotom\n|-supereffective|p1a: Rotom|1\n|-damage|p1a: Rotom|15/100\n|-enditem|p1a: Rotom|Sitrus Berry|[eat]\n|-heal|p1a: Rotom|40/100|[from] item: Sitrus Berry\n|move|p1b: Gliscor|Rock Slide|p2a: Charizard|[spread] p2b\n|-activate|p2a: Charizard|move: Protect\n|-damage|p2b: Venusaur|85/100\n|move|p1a: Rotom|Will-O-Wisp|p2b: Venusaur\n|-status|p2b: Venusaur|brn\n|\n|-weather|SunnyDay|[upkeep]\n|-damage|p2b: Venusaur|79/100 brn|[from] brn\n|upkeep\n|turn|2\n|inactive|IronTbo has 30 seconds left.\n|\n|t:|1776106424\n|switch|p2a: Hydreigon|Hydreigon, L50, F|100/100\n|move|p1a: Rotom|Protect|p1a: Rotom\n|-singleturn|p1a: Rotom|Protect\n|move|p2b: Venusaur|Giga Drain|p1a: Rotom\n|-activate|p1a: Rotom|move: Protect\n|move|p1b: Gliscor|Earthquake|p2a: Hydreigon|[spread] p2b\n|-activate|p1a: Rotom|move: Protect\n|-immune|p2a: Hydreigon|[from] ability: Levitate\n|-damage|p2b: Venusaur|48/100 brn\n|\n|-weather|SunnyDay|[upkeep]\n|-damage|p2b: Venusaur|42/100 brn|[from] brn\n|upkeep\n|turn|3\n|inactive|PlayingViking has 30 seconds left.\n|inactive|IronTbo has 30 seconds left.\n|inactive|PlayingViking has 20 seconds left.\n|inactive|IronTbo has 20 seconds left.\n|inactive|PlayingViking has 15 seconds left.\n|inactive|PlayingViking has 10 seconds left.\n|\n|t:|1776106471\n|switch|p1a: Meowscarada|Meowscarada, L50, F|100/100\n|move|p2b: Venusaur|Giga Drain|p1a: Meowscarada\n|-resisted|p1a: Meowscarada|1\n|-damage|p1a: Meowscarada|69/100\n|-heal|p2b: Venusaur|57/100 brn|[from] drain|[of] p1a: Meowscarada\n|move|p2a: Hydreigon|Dark Pulse|p1b: Gliscor\n|-damage|p1b: Gliscor|43/100\n|move|p1b: Gliscor|Ice Fang|p2b: Venusaur\n|-supereffective|p2b: Venusaur|1\n|-damage|p2b: Venusaur|17/100 brn\n|\n|-weather|SunnyDay|[upkeep]\n|-damage|p2b: Venusaur|11/100 brn|[from] brn\n|upkeep\n|turn|4\n|inactive|PlayingViking has 30 seconds left.\n|\n|t:|1776106498\n|move|p1a: Meowscarada|Protect|p1a: Meowscarada\n|-start|p1a: Meowscarada|typechange|Normal|[from] ability: Protean\n|-singleturn|p1a: Meowscarada|Protect\n|move|p1b: Gliscor|Protect|p1b: Gliscor\n|-singleturn|p1b: Gliscor|Protect\n|move|p2b: Venusaur|Sludge Bomb|p1a: Meowscarada\n|-activate|p1a: Meowscarada|move: Protect\n|move|p2a: Hydreigon|Dark Pulse|p1b: Gliscor\n|-activate|p1b: Gliscor|move: Protect\n|\n|-weather|SunnyDay|[upkeep]\n|-damage|p2b: Venusaur|6/100 brn|[from] brn\n|upkeep\n|turn|5\n|inactive|PlayingViking has 30 seconds left.\n|inactive|IronTbo has 30 seconds left.\n|\n|t:|1776106532\n|move|p2b: Venusaur|Sludge Bomb|p1a: Meowscarada\n|-damage|p1a: Meowscarada|8/100\n|move|p2a: Hydreigon|Dark Pulse|p1b: Gliscor\n|-damage|p1b: Gliscor|0 fnt\n|faint|p1b: Gliscor\n|move|p1a: Meowscarada|U-turn|p2a: Hydreigon\n|-supereffective|p2a: Hydreigon|1\n|-damage|p2a: Hydreigon|50/100\n|\n|t:|1776106546\n|switch|p1a: Sylveon|Sylveon, L50, M|100/100|[from] U-turn\n|\n|-weather|none\n|-damage|p2b: Venusaur|0 fnt|[from] brn\n|faint|p2b: Venusaur\n|upkeep\n|\n|t:|1776106568\n|switch|p2b: Sneasler|Sneasler, L50, M|100/100\n|switch|p1b: Rotom|Rotom-Wash, L50|40/100\n|turn|6\n|\n|t:|1776106583\n|move|p1b: Rotom|Protect|p1b: Rotom\n|-singleturn|p1b: Rotom|Protect\n|move|p1a: Sylveon|Protect|p1a: Sylveon\n|-singleturn|p1a: Sylveon|Protect\n|move|p2a: Hydreigon|Dark Pulse|p1b: Rotom\n|-activate|p1b: Rotom|move: Protect\n|move|p2b: Sneasler|Dire Claw|p1a: Sylveon\n|-activate|p1a: Sylveon|move: Protect\n|\n|upkeep\n|turn|7\n|inactive|PlayingViking has 30 seconds left.\n|\n|t:|1776106610\n|move|p2a: Hydreigon|Dark Pulse|p1b: Rotom\n|-damage|p1b: Rotom|0 fnt\n|faint|p1b: Rotom\n|move|p2b: Sneasler|Dire Claw|p1a: Sylveon\n|-supereffective|p1a: Sylveon|1\n|-damage|p1a: Sylveon|11/100\n|move|p1a: Sylveon|Hyper Voice|p2a: Hydreigon|[spread] p2a,p2b\n|-supereffective|p2a: Hydreigon|2\n|-damage|p2a: Hydreigon|0 fnt\n|-damage|p2b: Sneasler|42/100\n|faint|p2a: Hydreigon\n|\n|upkeep\n|\n|t:|1776106623\n|switch|p2a: Charizard|Charizard-Mega-Y, L50, M|100/100\n|switch|p1b: Meowscarada|Meowscarada, L50, F|8/100\n|-weather|SunnyDay|[from] ability: Drought|[of] p2a: Charizard\n|turn|8\n|inactive|PlayingViking has 30 seconds left.\n|\n|t:|1776106656\n|move|p1a: Sylveon|Quick Attack|p2b: Sneasler\n|-damage|p2b: Sneasler|19/100\n|move|p1b: Meowscarada|Knock Off|p2a: Charizard\n|-start|p1b: Meowscarada|typechange|Dark|[from] ability: Protean\n|-crit|p2a: Charizard\n|-damage|p2a: Charizard|36/100\n|move|p2b: Sneasler|Dire Claw|p1a: Sylveon\n|-supereffective|p1a: Sylveon|1\n|-crit|p1a: Sylveon\n|-damage|p1a: Sylveon|0 fnt\n|faint|p1a: Sylveon\n|move|p2a: Charizard|Weather Ball|p1b: Meowscarada\n|-damage|p1b: Meowscarada|0 fnt\n|faint|p1b: Meowscarada\n|\n|win|IronTbo\n|raw|PlayingViking's rating: 1048 &rarr; <strong>1032</strong><br />(-16 for losing)\n|raw|IronTbo's rating: 1068 &rarr; <strong>1096</strong><br />(+28 for winning)\n",
  "uploadtime": 1776106672,
  "views": 14,
  "formatid": "gen9championsvgc2026regma",
  "rating": 1032,
  "private": 0,
  "password": null
}