{
  "id": "gen9championsvgc2026regma-2582711368",
  "format": "[Gen 9 Champions] VGC 2026 Reg M-A",
  "players": [
    "BONJVGC",
    "theluckyone26"
  ],
  "log": "|j|\u2606BONJVGC\n|j|\u2606theluckyone26\n|t:|1776108899\n|gametype|doubles\n|player|p1|BONJVGC|swimmer|1022\n|player|p2|theluckyone26|gentleman-gen4|1040\n|gen|9\n|tier|[Gen 9 Champions] VGC 2026 Reg M-A\n|rated|\n|rule|Species Clause: Limit one of each Pok\u00e9mon\n|rule|Item Clause: Limit 1 of each item\n|clearpoke\n|poke|p1|Meganium, L50, M|\n|poke|p1|Pelipper, L50, F|\n|poke|p1|Basculegion, L50, M|\n|poke|p1|Archaludon, L50, M|\n|poke|p1|Aegislash, L50, F|\n|poke|p1|Dragonite, L50, F|\n|poke|p2|Whimsicott, L50, F|\n|poke|p2|Charizard, L50, F|\n|poke|p2|Venusaur, L50, M|\n|poke|p2|Torkoal, L50, M|\n|poke|p2|Incineroar, L50, M|\n|poke|p2|Farigiraf, L50, F|\n|teampreview|4\n|inactive|Battle timer is ON: inactive players will automatically lose when time's up. (requested by theluckyone26)\n|inactive|BONJVGC also wants the timer to be on.\nBONJVGC has agreed to open team sheets.\n|\n|t:|1776108917\n|teamsize|p1|4\n|teamsize|p2|4\n|start\n|switch|p1a: Meganium|Meganium, L50, M|100/100\n|switch|p1b: Archaludon|Archaludon, L50, M|100/100\n|switch|p2a: Charizard|Charizard, L50, F|100/100\n|switch|p2b: Whimsicott|Whimsicott, L50, F|100/100\n|turn|1\n|inactive|BONJVGC has 30 seconds left.\n|\n|t:|1776108949\n|detailschange|p2a: Charizard|Charizard-Mega-Y, L50, F\n|-mega|p2a: Charizard|Charizard|Charizardite Y\n|-weather|SunnyDay|[from] ability: Drought|[of] p2a: Charizard\n|move|p1b: Archaludon|Protect|p1b: Archaludon\n|-singleturn|p1b: Archaludon|Protect\n|move|p1a: Meganium|Protect|p1a: Meganium\n|-singleturn|p1a: Meganium|Protect\n|move|p2b: Whimsicott|Tailwind|p2b: Whimsicott\n|-sidestart|p2: theluckyone26|move: Tailwind\n|move|p2a: Charizard|Heat Wave|p1a: Meganium|[spread] \n|-activate|p1a: Meganium|move: Protect\n|-activate|p1b: Archaludon|move: Protect\n|\n|-weather|SunnyDay|[upkeep]\n|upkeep\n|turn|2\n|c|\u2606theluckyone26|Wanna see me do it again\n|inactive|theluckyone26 has 30 seconds left.\n|c|\u2606BONJVGC|nuh uh\n|c|\u2606theluckyone26|Watch and learn\n|inactive|theluckyone26 has 20 seconds left.\n|\n|t:|1776108985\n|switch|p1b: Pelipper|Pelipper, L50, F|100/100\n|-weather|RainDance|[from] ability: Drizzle|[of] p1b: Pelipper\n|move|p2b: Whimsicott|Sunny Day|p2b: Whimsicott\n|-weather|SunnyDay\n|move|p2a: Charizard|Heat Wave|p1b: Pelipper|[spread] p1a,p1b\n|-supereffective|p1a: Meganium|1\n|-resisted|p1b: Pelipper|1\n|-damage|p1a: Meganium|0 fnt\n|-damage|p1b: Pelipper|46/100\n|faint|p1a: Meganium\n|\n|-weather|SunnyDay|[upkeep]\n|upkeep\n|\n|t:|1776108995\n|switch|p1a: Basculegion|Basculegion, L50, M|100/100\n|turn|3\n|c|\u2606theluckyone26|Lmaooooo\n|\n|t:|1776109011\n|move|p2a: Charizard|Heat Wave|p1b: Pelipper|[spread] p1b\n|-miss|p2a: Charizard|p1a: Basculegion\n|-resisted|p1b: Pelipper|1\n|-damage|p1b: Pelipper|0 fnt\n|faint|p1b: Pelipper\n|move|p2b: Whimsicott|Moonblast|p1a: Basculegion\n|-damage|p1a: Basculegion|69/100\n|move|p1a: Basculegion|Wave Crash|p2a: Charizard\n|-supereffective|p2a: Charizard|1\n|-damage|p2a: Charizard|9/100\n|-damage|p1a: Basculegion|45/100|[from] Recoil\n|\n|-weather|SunnyDay|[upkeep]\n|upkeep\n|\n|t:|1776109020\n|switch|p1b: Archaludon|Archaludon, L50, M|100/100\n|turn|4\n|\n|t:|1776109036\n|move|p2b: Whimsicott|Encore|p1a: Basculegion\n|-start|p1a: Basculegion|Encore\n|move|p2a: Charizard|Heat Wave|p1b: Archaludon|[spread] p1a,p1b\n|-resisted|p1a: Basculegion|1\n|-damage|p1a: Basculegion|10/100\n|-damage|p1b: Archaludon|21/100\n|move|p1a: Basculegion|Wave Crash|p2b: Whimsicott\n|-resisted|p2b: Whimsicott|1\n|-damage|p2b: Whimsicott|88/100\n|-damage|p1a: Basculegion|6/100|[from] Recoil\n|move|p1b: Archaludon|Flash Cannon|p2b: Whimsicott\n|-supereffective|p2b: Whimsicott|1\n|-damage|p2b: Whimsicott|0 fnt\n|faint|p2b: Whimsicott\n|\n|-weather|SunnyDay|[upkeep]\n|-sideend|p2: theluckyone26|move: Tailwind\n|upkeep\n|l|\u2606BONJVGC\n|inactive|BONJVGC disconnected and has a minute to reconnect!\n|player|p1|\n|\n|t:|1776109050\n|switch|p2b: Farigiraf|Farigiraf, L50, F|100/100\n|turn|5\n|inactive|BONJVGC has 30 seconds left.\n|inactive|BONJVGC has 20 seconds left.\n|inactive|BONJVGC has 15 seconds left.\n|inactive|BONJVGC has 10 seconds left.\n|inactive|BONJVGC has 5 seconds left.\n|-message|BONJVGC lost due to inactivity.\n|\n|win|theluckyone26\n|raw|BONJVGC's rating: 1022 &rarr; <strong>1009</strong><br />(-13 for losing)\n|raw|theluckyone26's rating: 1040 &rarr; <strong>1072</strong><br />(+32 for winning)\n",
  "uploadtime": 1776109124,
  "views": 19,
  "formatid": "gen9championsvgc2026regma",
  "rating": 1009,
  "private": 0,
  "password": null
}