{
  "id": "gen9championsvgc2026regma-2587272469",
  "format": "[Gen 9 Champions] VGC 2026 Reg M-A",
  "players": [
    "sucapugno",
    "Lahnnn"
  ],
  "log": "|j|\u2606sucapugno\n|j|\u2606Lahnnn\n|t:|1776516961\n|gametype|doubles\n|player|p1|sucapugno|1|1113\n|player|p2|Lahnnn|veteranf|1092\n|gen|9\n|tier|[Gen 9 Champions] VGC 2026 Reg M-A\n|rated|\n|rule|Species Clause: Limit one of each Pok\u00e9mon\n|rule|Item Clause: Limit 1 of each item\n|clearpoke\n|poke|p1|Tinkaton, L50, F|\n|poke|p1|Pelipper, L50, M|\n|poke|p1|Meganium, L50, F|\n|poke|p1|Milotic, L50, M|\n|poke|p1|Gallade, L50, M|\n|poke|p1|Dragapult, L50, M|\n|poke|p2|Aggron, L50, M|\n|poke|p2|Alakazam, L50, M|\n|poke|p2|Sinistcha, L50|\n|poke|p2|Aerodactyl, L50, M|\n|poke|p2|Passimian, L50, F|\n|poke|p2|Spiritomb, L50, M|\n|teampreview|4\n|inactive|Battle timer is ON: inactive players will automatically lose when time's up. (requested by Lahnnn)\n|inactive|sucapugno has 60 seconds left.\n|inactive|Lahnnn has 60 seconds left.\nLahnnn rejected open team sheets.\n|inactive|sucapugno has 30 seconds left.\n|\n|t:|1776517025\n|teamsize|p1|4\n|teamsize|p2|4\n|start\n|switch|p1a: Tinkaton|Tinkaton, L50, F|100/100\n|switch|p1b: Milotic|Milotic, L50, M|100/100\n|switch|p2a: Aggron|Aggron, L50, M|100/100\n|switch|p2b: Alakazam|Alakazam, L50, M|100/100\n|turn|1\n|inactive|sucapugno has 30 seconds left.\n|inactive|Lahnnn has 30 seconds left.\n|inactive|sucapugno has 20 seconds left.\n|inactive|sucapugno has 15 seconds left.\n|\n|t:|1776517068\n|detailschange|p2a: Aggron|Aggron-Mega, L50, M\n|-mega|p2a: Aggron|Aggron|Aggronite\n|move|p1a: Tinkaton|Fake Out|p2b: Alakazam\n|-damage|p2b: Alakazam|80/100\n|move|p2b: Alakazam|Light Screen|p2b: Alakazam\n|-sidestart|p2: Lahnnn|move: Light Screen\n|move|p1b: Milotic|Scald|p2b: Alakazam\n|-damage|p2b: Alakazam|50/100\n|-status|p2b: Alakazam|brn\n|move|p2a: Aggron|Iron Defense|p2a: Aggron\n|-boost|p2a: Aggron|def|2\n|\n|-damage|p2b: Alakazam|44/100 brn|[from] brn\n|upkeep\n|turn|2\n|\n|t:|1776517088\n|move|p1a: Tinkaton|Helping Hand|p1b: Milotic\n|-singleturn|p1b: Milotic|Helping Hand|[of] p1a: Tinkaton\n|move|p2b: Alakazam|Speed Swap|p2a: Aggron\n|-activate|p2b: Alakazam|move: Speed Swap|[of] p2a: Aggron\n|move|p2a: Aggron|Body Press|p1b: Milotic\n|-damage|p1b: Milotic|25/100\n|move|p1b: Milotic|Scald|p2a: Aggron\n|-damage|p2a: Aggron|68/100\n|-status|p2a: Aggron|brn\n|\n|-heal|p1b: Milotic|31/100|[from] item: Leftovers\n|-damage|p2a: Aggron|62/100 brn|[from] brn\n|-damage|p2b: Alakazam|37/100 brn|[from] brn\n|upkeep\n|turn|3\n|\n|t:|1776517105\n|move|p1b: Milotic|Protect|p1b: Milotic\n|-singleturn|p1b: Milotic|Protect\n|move|p2a: Aggron|Iron Defense|p2a: Aggron\n|-boost|p2a: Aggron|def|2\n|move|p1a: Tinkaton|Gigaton Hammer|p2a: Aggron\n|-resisted|p2a: Aggron|1\n|-crit|p2a: Aggron\n|-damage|p2a: Aggron|41/100 brn\n|move|p2b: Alakazam|Psychic|p1b: Milotic\n|-activate|p1b: Milotic|move: Protect\n|\n|-heal|p1b: Milotic|36/100|[from] item: Leftovers\n|-damage|p2a: Aggron|35/100 brn|[from] brn\n|-damage|p2b: Alakazam|31/100 brn|[from] brn\n|upkeep\n|turn|4\n|\n|t:|1776517122\n|switch|p1b: Pelipper|Pelipper, L50, M|100/100\n|-weather|RainDance|[from] ability: Drizzle|[of] p1b: Pelipper\n|move|p2a: Aggron|Protect|p2a: Aggron\n|-singleturn|p2a: Aggron|Protect\n|move|p1a: Tinkaton|Reflect|p1a: Tinkaton\n|-sidestart|p1: sucapugno|Reflect\n|move|p2b: Alakazam|Psychic|p1b: Pelipper\n|-damage|p1b: Pelipper|32/100\n|\n|-weather|RainDance|[upkeep]\n|-damage|p2a: Aggron|29/100 brn|[from] brn\n|-damage|p2b: Alakazam|25/100 brn|[from] brn\n|upkeep\n|turn|5\n|inactive|sucapugno has 30 seconds left.\n|\n|t:|1776517152\n|switch|p2b: Sinistcha|Sinistcha, L50|100/100\n|-heal|p2a: Aggron|54/100 brn|[from] ability: Hospitality|[of] p2b: Sinistcha\n|move|p2a: Aggron|Iron Defense|p2a: Aggron\n|-boost|p2a: Aggron|def|2\n|move|p1a: Tinkaton|Gigaton Hammer|p2a: Aggron\n|-resisted|p2a: Aggron|1\n|-crit|p2a: Aggron\n|-damage|p2a: Aggron|35/100 brn\n|move|p1b: Pelipper|Tailwind|p1b: Pelipper\n|-sidestart|p1: sucapugno|move: Tailwind\n|\n|-weather|RainDance|[upkeep]\n|-damage|p2a: Aggron|29/100 brn|[from] brn\n|-sideend|p2: Lahnnn|move: Light Screen\n|upkeep\n|turn|6\n|inactive|sucapugno has 30 seconds left.\n|\n|t:|1776517184\n|switch|p1a: Meganium|Meganium, L50, F|100/100\n|move|p2a: Aggron|Body Press|p1b: Pelipper\n|-resisted|p1b: Pelipper|1\n|-damage|p1b: Pelipper|9/100\n|move|p1b: Pelipper|Hurricane|p2b: Sinistcha\n|-supereffective|p2b: Sinistcha|1\n|-damage|p2b: Sinistcha|19/100\n|move|p2b: Sinistcha|Life Dew|p2b: Sinistcha|[spread] p2a,p2b\n|-heal|p2a: Aggron|54/100 brn\n|-heal|p2b: Sinistcha|44/100\n|\n|-weather|RainDance|[upkeep]\n|-heal|p2b: Sinistcha|50/100|[from] item: Leftovers\n|-damage|p2a: Aggron|48/100 brn|[from] brn\n|upkeep\n|turn|7\n|inactive|sucapugno has 30 seconds left.\n|inactive|sucapugno has 20 seconds left.\n|inactive|sucapugno has 15 seconds left.\n|inactive|sucapugno has 10 seconds left.\n|\n|t:|1776517232\n|switch|p1b: Tinkaton|Tinkaton, L50, F|100/100\n|switch|p2b: Alakazam|Alakazam, L50, M|25/100 brn\n|move|p2a: Aggron|Protect|p2a: Aggron\n|-singleturn|p2a: Aggron|Protect\n|move|p1a: Meganium|Weather Ball|p2a: Aggron\n|-activate|p2a: Aggron|move: Protect\n|\n|-weather|RainDance|[upkeep]\n|-damage|p2b: Alakazam|19/100 brn|[from] brn\n|-damage|p2a: Aggron|42/100 brn|[from] brn\n|upkeep\n|turn|8\n|inactive|sucapugno has 30 seconds left.\n|inactive|sucapugno has 20 seconds left.\n|inactive|sucapugno has 15 seconds left.\n|\n|t:|1776517275\n|detailschange|p1a: Meganium|Meganium-Mega, L50, F\n|-mega|p1a: Meganium|Meganium|Meganiumite\n|move|p1b: Tinkaton|Fake Out|p2a: Aggron\n|-resisted|p2a: Aggron|1\n|-damage|p2a: Aggron|41/100 brn\n|move|p1a: Meganium|Synthesis|p1a: Meganium\n|-fail|p1a: Meganium|heal\n|cant|p2a: Aggron|flinch\n|move|p2b: Alakazam|Psychic|p1a: Meganium\n|-damage|p1a: Meganium|64/100\n|\n|-weather|none\n|-damage|p2b: Alakazam|13/100 brn|[from] brn\n|-damage|p2a: Aggron|35/100 brn|[from] brn\n|-sideend|p1: sucapugno|Reflect\n|-sideend|p1: sucapugno|move: Tailwind\n|upkeep\n|turn|9\n|\n|t:|1776517297\n|switch|p1a: Pelipper|Pelipper, L50, M|9/100\n|-weather|RainDance|[from] ability: Drizzle|[of] p1a: Pelipper\n|move|p2b: Alakazam|Psychic|p1a: Pelipper\n|-damage|p1a: Pelipper|0 fnt\n|faint|p1a: Pelipper\n|move|p2a: Aggron|Body Press|p1b: Tinkaton\n|-damage|p1b: Tinkaton|24/100\n|-enditem|p1b: Tinkaton|Sitrus Berry|[eat]\n|-heal|p1b: Tinkaton|48/100|[from] item: Sitrus Berry\n|move|p1b: Tinkaton|Gigaton Hammer|p2a: Aggron\n|-resisted|p2a: Aggron|1\n|-damage|p2a: Aggron|32/100 brn\n|\n|-weather|RainDance|[upkeep]\n|-damage|p2a: Aggron|26/100 brn|[from] brn\n|-damage|p2b: Alakazam|7/100 brn|[from] brn\n|upkeep\n|\n|t:|1776517318\n|switch|p1a: Milotic|Milotic, L50, M|36/100\n|turn|10\n|\n|t:|1776517328\n|switch|p2b: Sinistcha|Sinistcha, L50|50/100\n|-heal|p2a: Aggron|50/100 brn|[from] ability: Hospitality|[of] p2b: Sinistcha\n|move|p1a: Milotic|Protect|p1a: Milotic\n|-singleturn|p1a: Milotic|Protect\n|move|p2a: Aggron|Body Press|p1b: Tinkaton\n|-damage|p1b: Tinkaton|0 fnt\n|faint|p1b: Tinkaton\n|\n|-weather|RainDance|[upkeep]\n|-heal|p1a: Milotic|42/100|[from] item: Leftovers\n|-heal|p2b: Sinistcha|57/100|[from] item: Leftovers\n|-damage|p2a: Aggron|44/100 brn|[from] brn\n|upkeep\n|\n|t:|1776517341\n|switch|p1b: Meganium|Meganium-Mega, L50, F|64/100\n|turn|11\n|\n|t:|1776517358\n|move|p2a: Aggron|Protect|p2a: Aggron\n|-singleturn|p2a: Aggron|Protect\n|move|p1b: Meganium|Weather Ball|p2b: Sinistcha\n|-supereffective|p2b: Sinistcha|1\n|-damage|p2b: Sinistcha|0 fnt\n|faint|p2b: Sinistcha\n|move|p1a: Milotic|Recover|p1a: Milotic\n|-heal|p1a: Milotic|93/100\n|\n|-weather|RainDance|[upkeep]\n|-heal|p1a: Milotic|98/100|[from] item: Leftovers\n|-damage|p2a: Aggron|38/100 brn|[from] brn\n|upkeep\n|\n|t:|1776517368\n|switch|p2b: Alakazam|Alakazam, L50, M|7/100 brn\n|turn|12\n|\n|t:|1776517386\n|move|p2a: Aggron|Body Press|p1b: Meganium\n|-resisted|p1b: Meganium|1\n|-damage|p1b: Meganium|34/100\n|move|p2b: Alakazam|Light Screen|p2b: Alakazam\n|-sidestart|p2: Lahnnn|move: Light Screen\n|move|p1b: Meganium|Synthesis|p1b: Meganium\n|-heal|p1b: Meganium|100/100\n|move|p1a: Milotic|Scald|p2a: Aggron\n|-damage|p2a: Aggron|3/100 brn\n|\n|-weather|RainDance|[upkeep]\n|-heal|p1a: Milotic|100/100|[from] item: Leftovers\n|-damage|p2b: Alakazam|0 fnt|[from] brn\n|faint|p2b: Alakazam\n|-damage|p2a: Aggron|0 fnt|[from] brn\n|faint|p2a: Aggron\n|upkeep\n|c|\u2606Lahnnn|ggs\n|-message|Lahnnn forfeited.\n|\n|win|sucapugno\n|raw|sucapugno's rating: 1113 &rarr; <strong>1136</strong><br />(+23 for winning)\n|raw|Lahnnn's rating: 1092 &rarr; <strong>1070</strong><br />(-22 for losing)\n|l|\u2606Lahnnn\n|player|p2|\n",
  "uploadtime": 1776517414,
  "views": 23,
  "formatid": "gen9championsvgc2026regma",
  "rating": 1070,
  "private": 0,
  "password": null
}