{
  "id": "gen9championsvgc2026regma-2585293851",
  "format": "[Gen 9 Champions] VGC 2026 Reg M-A",
  "players": [
    "benjiapollo",
    "omengaming3"
  ],
  "log": "|j|\u2606benjiapollo\n|j|\u2606omengaming3\n|t:|1776334732\n|gametype|doubles\n|player|p1|benjiapollo|giovanni|1335\n|player|p2|omengaming3|101|1298\n|gen|9\n|tier|[Gen 9 Champions] VGC 2026 Reg M-A\n|rated|\n|rule|Species Clause: Limit one of each Pok\u00e9mon\n|rule|Item Clause: Limit 1 of each item\n|clearpoke\n|poke|p1|Basculegion, L50, M|\n|poke|p1|Charizard, L50, F|\n|poke|p1|Kingambit, L50, F|\n|poke|p1|Sneasler, L50, M|\n|poke|p1|Venusaur, L50, F|\n|poke|p1|Talonflame, L50, F|\n|poke|p2|Froslass, L50, F|\n|poke|p2|Sneasler, L50, M|\n|poke|p2|Archaludon, L50, M|\n|poke|p2|Incineroar, L50, M|\n|poke|p2|Garchomp, L50, M|\n|poke|p2|Sinistcha, L50|\n|teampreview|4\n|inactive|Battle timer is ON: inactive players will automatically lose when time's up. (requested by benjiapollo)\n|inactive|omengaming3 has 60 seconds left.\n|\n|t:|1776334800\n|teamsize|p1|4\n|teamsize|p2|4\n|start\n|switch|p1a: Talonflame|Talonflame, L50, F|100/100\n|switch|p1b: Charizard|Charizard, L50, F|100/100\n|switch|p2a: Sneasler|Sneasler, L50, M|100/100\n|switch|p2b: Archaludon|Archaludon, L50, M|100/100\n|turn|1\n|\n|t:|1776334822\n|detailschange|p1b: Charizard|Charizard-Mega-X, L50, F\n|-mega|p1b: Charizard|Charizard|Charizardite X\n|move|p1a: Talonflame|Quick Guard|p1a: Talonflame\n|-singleturn|p1a: Talonflame|Quick Guard\n|move|p2a: Sneasler|Fake Out|p1b: Charizard\n|-activate|p1b: Charizard|move: Quick Guard\n|move|p1b: Charizard|Flare Blitz|p2a: Sneasler\n|-enditem|p2a: Sneasler|Focus Sash\n|-damage|p2a: Sneasler|1/100\n|-damage|p1b: Charizard|67/100|[from] Recoil\n|move|p2b: Archaludon|Dragon Pulse|p1a: Talonflame\n|-damage|p1a: Talonflame|31/100\n|\n|upkeep\n|turn|2\n|inactive|benjiapollo has 30 seconds left.\n|inactive|omengaming3 has 30 seconds left.\n|inactive|omengaming3 has 20 seconds left.\n|\n|t:|1776334862\n|move|p1b: Charizard|Protect|p1b: Charizard\n|-singleturn|p1b: Charizard|Protect\n|move|p2a: Sneasler|Close Combat|p1b: Charizard\n|-activate|p1b: Charizard|move: Protect\n|move|p1a: Talonflame|Brave Bird|p2a: Sneasler\n|-supereffective|p2a: Sneasler|1\n|-damage|p2a: Sneasler|0 fnt\n|faint|p2a: Sneasler\n|-damage|p1a: Talonflame|30/100|[from] Recoil\n|move|p2b: Archaludon|Dragon Pulse|p1a: Talonflame\n|-damage|p1a: Talonflame|0 fnt\n|faint|p1a: Talonflame\n|\n|upkeep\n|\n|t:|1776334878\n|switch|p1a: Sneasler|Sneasler, L50, M|100/100\n|switch|p2a: Froslass|Froslass, L50, F|100/100\n|turn|3\n|\n|t:|1776334901\n|detailschange|p2a: Froslass|Froslass-Mega, L50, F\n|-mega|p2a: Froslass|Froslass|Froslassite\n|-weather|Snowscape|[from] ability: Snow Warning|[of] p2a: Froslass\n|move|p2b: Archaludon|Protect|p2b: Archaludon\n|-singleturn|p2b: Archaludon|Protect\n|move|p1a: Sneasler|Close Combat|p2b: Archaludon\n|-activate|p2b: Archaludon|move: Protect\n|move|p2a: Froslass|Blizzard|p1b: Charizard|[spread] p1a,p1b\n|-damage|p1a: Sneasler|29/100\n|-damage|p1b: Charizard|0 fnt\n|faint|p1b: Charizard\n|\n|-weather|Snowscape|[upkeep]\n|upkeep\n|\n|t:|1776334913\n|switch|p1b: Basculegion|Basculegion, L50, M|100/100\n|turn|4\n|inactive|omengaming3 has 30 seconds left.\n|inactive|omengaming3 has 20 seconds left.\n|\n|t:|1776334952\n|switch|p2b: Garchomp|Garchomp, L50, M|100/100\n|move|p2a: Froslass|Protect|p2a: Froslass\n|-singleturn|p2a: Froslass|Protect\n|move|p1b: Basculegion|Last Respects|p2a: Froslass\n|-activate|p2a: Froslass|move: Protect\n|move|p1a: Sneasler|Close Combat|p2b: Garchomp\n|-crit|p2b: Garchomp\n|-damage|p2b: Garchomp|7/100\n|-unboost|p1a: Sneasler|def|1\n|-unboost|p1a: Sneasler|spd|1\n|-damage|p1a: Sneasler|17/100|[from] ability: Rough Skin|[of] p2b: Garchomp\n|-enditem|p1a: Sneasler|White Herb\n|-clearnegativeboost|p1a: Sneasler|[silent]\n|\n|-weather|Snowscape|[upkeep]\n|upkeep\n|turn|5\n|inactive|omengaming3 has 30 seconds left.\n|\n|t:|1776334984\n|switch|p2a: Archaludon|Archaludon, L50, M|100/100\n|move|p2b: Garchomp|Protect|p2b: Garchomp\n|-singleturn|p2b: Garchomp|Protect\n|move|p1a: Sneasler|Dire Claw|p2b: Garchomp\n|-activate|p2b: Garchomp|move: Protect\n|move|p1b: Basculegion|Last Respects|p2a: Archaludon\n|-damage|p2a: Archaludon|31/100\n|-ability|p2a: Archaludon|Stamina|boost\n|-boost|p2a: Archaludon|def|1\n|-enditem|p2a: Archaludon|Sitrus Berry|[eat]\n|-heal|p2a: Archaludon|56/100|[from] item: Sitrus Berry\n|\n|-weather|Snowscape|[upkeep]\n|upkeep\n|turn|6\n|\n|t:|1776335009\n|move|p1a: Sneasler|Protect|p1a: Sneasler\n|-singleturn|p1a: Sneasler|Protect\n|move|p2a: Archaludon|Protect|p2a: Archaludon\n|-singleturn|p2a: Archaludon|Protect\n|move|p1b: Basculegion|Last Respects|p2b: Garchomp\n|-damage|p2b: Garchomp|0 fnt\n|faint|p2b: Garchomp\n|\n|-weather|Snowscape|[upkeep]\n|upkeep\n|\n|t:|1776335024\n|switch|p2b: Froslass|Froslass-Mega, L50, F|100/100\n|turn|7\n|\n|t:|1776335047\n|move|p1a: Sneasler|Close Combat|p2a: Archaludon\n|-supereffective|p2a: Archaludon|1\n|-crit|p2a: Archaludon\n|-damage|p2a: Archaludon|0 fnt\n|-unboost|p1a: Sneasler|def|1\n|-unboost|p1a: Sneasler|spd|1\n|faint|p2a: Archaludon\n|move|p1b: Basculegion|Last Respects|p2b: Froslass\n|-supereffective|p2b: Froslass|1\n|-damage|p2b: Froslass|0 fnt\n|faint|p2b: Froslass\n|\n|win|benjiapollo\n|raw|benjiapollo's rating: 1335 &rarr; <strong>1353</strong><br />(+18 for winning)\n|raw|omengaming3's rating: 1298 &rarr; <strong>1276</strong><br />(-22 for losing)\n",
  "uploadtime": 1776335059,
  "views": 29,
  "formatid": "gen9championsvgc2026regma",
  "rating": 1276,
  "private": 0,
  "password": null
}