{
  "id": "gen9championsvgc2026regma-2582728925",
  "format": "[Gen 9 Champions] VGC 2026 Reg M-A",
  "players": [
    "Jah_08",
    "McQ7"
  ],
  "log": "|j|\u2606Jah_08\n|j|\u2606McQ7\n|t:|1776110054\n|gametype|doubles\n|player|p1|Jah_08|alder|1306\n|player|p2|McQ7|2|1337\n|gen|9\n|tier|[Gen 9 Champions] VGC 2026 Reg M-A\n|rated|\n|rule|Species Clause: Limit one of each Pok\u00e9mon\n|rule|Item Clause: Limit 1 of each item\n|clearpoke\n|poke|p1|Excadrill, L50, F|\n|poke|p1|Whimsicott, L50, M|\n|poke|p1|Volcarona, L50, F|\n|poke|p1|Zoroark-Hisui, L50, F|\n|poke|p1|Basculegion, L50, M|\n|poke|p1|Conkeldurr, L50, M|\n|poke|p2|Garchomp, L50, M|\n|poke|p2|Sneasler, L50, F|\n|poke|p2|Kingambit, L50, F|\n|poke|p2|Rotom-Wash, L50|\n|poke|p2|Froslass, L50, F|\n|poke|p2|Gardevoir, L50, M|\n|teampreview|4\n|inactive|Battle timer is ON: inactive players will automatically lose when time's up. (requested by McQ7)\n|inactive|Jah_08 has 60 seconds left.\n|inactive|McQ7 has 60 seconds left.\n|\n|t:|1776110108\n|teamsize|p1|4\n|teamsize|p2|4\n|start\n|switch|p1a: Excadrill|Excadrill, L50, F|100/100\n|switch|p1b: Basculegion|Basculegion, L50, M|100/100\n|switch|p2a: Gardevoir|Gardevoir, L50, M|100/100\n|switch|p2b: Sneasler|Sneasler, L50, F|100/100\n|turn|1\n|inactive|Jah_08 has 30 seconds left.\n|inactive|McQ7 has 30 seconds left.\n|inactive|Jah_08 has 20 seconds left.\n|inactive|Jah_08 has 15 seconds left.\n|inactive|Jah_08 has 10 seconds left.\n|inactive|Jah_08 has 5 seconds left.\n|\n|t:|1776110159\n|detailschange|p2a: Gardevoir|Gardevoir-Mega, L50, M\n|-mega|p2a: Gardevoir|Gardevoir|Gardevoirite\n|move|p2b: Sneasler|Fake Out|p1a: Excadrill\n|-immune|p1a: Excadrill\n|move|p1b: Basculegion|Flip Turn|p2a: Gardevoir\n|-damage|p2a: Gardevoir|37/100\n|\n|t:|1776110169\n|switch|p1b: Volcarona|Volcarona, L50, F|100/100|[from] Flip Turn\n|move|p2a: Gardevoir|Hyper Voice|p1a: Excadrill|[spread] p1a,p1b\n|-resisted|p1b: Volcarona|1\n|-damage|p1a: Excadrill|0 fnt\n|-damage|p1b: Volcarona|77/100\n|replace|p1a: Zoroark|Zoroark-Hisui, L50, F\n|-end|p1a: Zoroark|Illusion\n|faint|p1a: Zoroark\n|\n|upkeep\n|\n|t:|1776110186\n|switch|p1a: Basculegion|Basculegion, L50, M|100/100\n|turn|2\n|\n|t:|1776110200\n|move|p2a: Gardevoir|Protect|p2a: Gardevoir\n|-singleturn|p2a: Gardevoir|Protect\n|move|p1b: Volcarona|Rage Powder|p1b: Volcarona\n|-singleturn|p1b: Volcarona|move: Rage Powder\n|move|p1a: Basculegion|Last Respects|p2a: Gardevoir\n|-activate|p2a: Gardevoir|move: Protect\n|move|p2b: Sneasler|Close Combat|p1b: Volcarona\n|-resisted|p1b: Volcarona|1\n|-damage|p1b: Volcarona|49/100\n|-unboost|p2b: Sneasler|def|1\n|-unboost|p2b: Sneasler|spd|1\n|-status|p2b: Sneasler|brn|[from] ability: Flame Body|[of] p1b: Volcarona\n|-enditem|p1b: Volcarona|Sitrus Berry|[eat]\n|-heal|p1b: Volcarona|74/100|[from] item: Sitrus Berry\n|-enditem|p2b: Sneasler|White Herb\n|-clearnegativeboost|p2b: Sneasler|[silent]\n|\n|-damage|p2b: Sneasler|95/100 brn|[from] brn\n|upkeep\n|turn|3\n|inactive|Jah_08 has 30 seconds left.\n|inactive|McQ7 has 30 seconds left.\n|\n|t:|1776110232\n|switch|p2a: Kingambit|Kingambit, L50, F|100/100\n|move|p2b: Sneasler|Dire Claw|p1a: Basculegion\n|-resisted|p1a: Basculegion|1\n|-damage|p1a: Basculegion|87/100\n|move|p1a: Basculegion|Last Respects|p2a: Kingambit\n|-resisted|p2a: Kingambit|1\n|-damage|p2a: Kingambit|75/100\n|move|p1b: Volcarona|Fiery Dance|p2b: Sneasler\n|-crit|p2b: Sneasler\n|-damage|p2b: Sneasler|26/100 brn\n|\n|-damage|p2b: Sneasler|20/100 brn|[from] brn\n|upkeep\n|turn|4\n|inactive|Jah_08 has 30 seconds left.\n|inactive|McQ7 has 30 seconds left.\n|inactive|Jah_08 has 20 seconds left.\n|inactive|Jah_08 has 15 seconds left.\n|\n|t:|1776110273\n|switch|p1a: Excadrill|Excadrill, L50, F|100/100\n|-ability|p1a: Excadrill|Mold Breaker\n|move|p1b: Volcarona|Rage Powder|p1b: Volcarona\n|-singleturn|p1b: Volcarona|move: Rage Powder\n|move|p2b: Sneasler|Dire Claw|p1b: Volcarona\n|-damage|p1b: Volcarona|55/100\n|move|p2a: Kingambit|Swords Dance|p2a: Kingambit\n|-boost|p2a: Kingambit|atk|2\n|\n|-damage|p2b: Sneasler|15/100 brn|[from] brn\n|upkeep\n|turn|5\n|inactive|McQ7 has 30 seconds left.\n|inactive|McQ7 has 20 seconds left.\n|\n|t:|1776110309\n|switch|p2b: Gardevoir|Gardevoir-Mega, L50, M|37/100\n|detailschange|p1a: Excadrill|Excadrill-Mega, L50, F\n|-mega|p1a: Excadrill|Excadrill|Excadrite\n|move|p2a: Kingambit|Protect|p2a: Kingambit\n|-singleturn|p2a: Kingambit|Protect\n|move|p1b: Volcarona|Rage Powder|p1b: Volcarona\n|-singleturn|p1b: Volcarona|move: Rage Powder\n|move|p1a: Excadrill|High Horsepower|p2a: Kingambit\n|-supereffective|p2a: Kingambit|1\n|-ability|p1a: Excadrill|Piercing Drill\n|-zbroken|p2a: Kingambit\n|-damage|p2a: Kingambit|53/100\n|\n|upkeep\n|turn|6\n|inactive|Jah_08 has 30 seconds left.\n|inactive|McQ7 has 30 seconds left.\n|inactive|Jah_08 has 20 seconds left.\n|inactive|McQ7 has 20 seconds left.\n|inactive|McQ7 has 15 seconds left.\n|\n|t:|1776110351\n|move|p1a: Excadrill|Protect|p1a: Excadrill\n|-singleturn|p1a: Excadrill|Protect\n|move|p2a: Kingambit|Sucker Punch||[still]\n|-fail|p2a: Kingambit\n|move|p2b: Gardevoir|Psychic|p1b: Volcarona\n|-damage|p1b: Volcarona|2/100\n|move|p1b: Volcarona|Fiery Dance|p2a: Kingambit\n|-supereffective|p2a: Kingambit|1\n|-damage|p2a: Kingambit|0 fnt\n|faint|p2a: Kingambit\n|\n|upkeep\n|\n|t:|1776110359\n|switch|p2a: Sneasler|Sneasler, L50, F|15/100 brn\n|turn|7\n|inactive|Jah_08 has 30 seconds left.\n|inactive|McQ7 has 30 seconds left.\n|inactive|Jah_08 has 20 seconds left.\n|inactive|McQ7 has 20 seconds left.\n|inactive|McQ7 has 15 seconds left.\n|\n|t:|1776110402\n|move|p2a: Sneasler|Protect|p2a: Sneasler\n|-singleturn|p2a: Sneasler|Protect\n|move|p1b: Volcarona|Protect|p1b: Volcarona\n|-singleturn|p1b: Volcarona|Protect\n|move|p2b: Gardevoir|Hyper Voice|p1a: Excadrill|[spread] p1a\n|-activate|p1b: Volcarona|move: Protect\n|-resisted|p1a: Excadrill|1\n|-damage|p1a: Excadrill|68/100\n|move|p1a: Excadrill|Iron Head|p2b: Gardevoir\n|-supereffective|p2b: Gardevoir|1\n|-damage|p2b: Gardevoir|0 fnt\n|faint|p2b: Gardevoir\n|\n|-damage|p2a: Sneasler|9/100 brn|[from] brn\n|upkeep\n|\n|t:|1776110413\n|switch|p2b: Garchomp|Garchomp, L50, M|100/100\n|turn|8\n|\n|t:|1776110436\n|move|p1b: Volcarona|Rage Powder|p1b: Volcarona\n|-singleturn|p1b: Volcarona|move: Rage Powder\n|move|p2a: Sneasler|Close Combat|p1b: Volcarona\n|-resisted|p1b: Volcarona|1\n|-damage|p1b: Volcarona|0 fnt\n|-unboost|p2a: Sneasler|def|1\n|-unboost|p2a: Sneasler|spd|1\n|faint|p1b: Volcarona\n|move|p1a: Excadrill|High Horsepower|p2b: Garchomp\n|-damage|p2b: Garchomp|37/100\n|-damage|p1a: Excadrill|56/100|[from] ability: Rough Skin|[of] p2b: Garchomp\n|move|p2b: Garchomp|Earthquake|p1a: Excadrill|[spread] p2a,p1a\n|-supereffective|p2a: Sneasler|1\n|-supereffective|p1a: Excadrill|1\n|-damage|p2a: Sneasler|0 fnt\n|-damage|p1a: Excadrill|0 fnt\n|faint|p2a: Sneasler\n|faint|p1a: Excadrill\n|\n|upkeep\n|c|\u2606Jah_08|gg\n|inactive|Jah_08 has 30 seconds left.\n|\n|t:|1776110464\n|switch|p1b: Basculegion|Basculegion, L50, M|87/100\n|turn|9\n|\n|t:|1776110484\n|move|p1b: Basculegion|Last Respects|p2b: Garchomp\n|-damage|p2b: Garchomp|0 fnt\n|faint|p2b: Garchomp\n|\n|win|Jah_08\n|raw|Jah_08's rating: 1306 &rarr; <strong>1328</strong><br />(+22 for winning)\n|raw|McQ7's rating: 1337 &rarr; <strong>1315</strong><br />(-22 for losing)\n",
  "uploadtime": 1776110532,
  "views": 31,
  "formatid": "gen9championsvgc2026regma",
  "rating": 1315,
  "private": 0,
  "password": null
}