{
  "id": "gen9championsvgc2026regma-2589504504",
  "format": "[Gen 9 Champions] VGC 2026 Reg M-A",
  "players": [
    "duvay",
    "Chrishightower"
  ],
  "log": "|j|\u2606duvay\n|j|\u203dChrishightower\n|t:|1776728998\n|gametype|doubles\n|player|p1|duvay|102|1117\n|player|p2|Chrishightower|nessa|1093\n|gen|9\n|tier|[Gen 9 Champions] VGC 2026 Reg M-A\n|rated|\n|rule|Species Clause: Limit one of each Pok\u00e9mon\n|rule|Item Clause: Limit 1 of each item\n|clearpoke\n|poke|p1|Tyrantrum, L50, M|\n|poke|p1|Talonflame, L50, F|\n|poke|p1|Sinistcha, L50|\n|poke|p1|Gyarados, L50, F|\n|poke|p1|Gardevoir, L50, M|\n|poke|p1|Sneasler, L50, M|\n|poke|p2|Maushold-Four, L50, shiny|\n|poke|p2|Aerodactyl, L50, F|\n|poke|p2|Primarina, L50, F|\n|poke|p2|Scovillain, L50, M|\n|poke|p2|Typhlosion-Hisui, L50, F|\n|poke|p2|Sinistcha-Masterpiece, L50|\n|teampreview|4\n|inactive|Battle timer is ON: inactive players will automatically lose when time's up. (requested by Chrishightower)\nduvay rejected open team sheets.\n|inactive|duvay has 60 seconds left.\n|inactive|Chrishightower has 60 seconds left.\n|\n|t:|1776729043\n|teamsize|p1|4\n|teamsize|p2|4\n|start\n|switch|p1a: Tyrantrum|Tyrantrum, L50, M|100/100\n|switch|p1b: Talonflame|Talonflame, L50, F|100/100\n|switch|p2a: Maushold|Maushold-Four, L50, shiny|100/100\n|switch|p2b: Aerodactyl|Aerodactyl, L50, F|100/100\n|-ability|p2b: Aerodactyl|Unnerve\n|turn|1\n|\n|t:|1776729058\n|move|p1b: Talonflame|Tailwind|p1b: Talonflame\n|-sidestart|p1: duvay|move: Tailwind\n|move|p2b: Aerodactyl|Tailwind|p2b: Aerodactyl\n|-sidestart|p2: Chrishightower|move: Tailwind\n|move|p2a: Maushold|Population Bomb|p1b: Talonflame\n|-damage|p1b: Talonflame|89/100\n|-damage|p1b: Talonflame|75/100\n|-damage|p1b: Talonflame|63/100\n|-hitcount|p1b: Talonflame|3\n|move|p1a: Tyrantrum|Scale Shot|p2a: Maushold\n|-damage|p2a: Maushold|80/100\n|-damage|p2a: Maushold|59/100\n|-hitcount|p2a: Maushold|2\n|-unboost|p1a: Tyrantrum|def|1\n|-boost|p1a: Tyrantrum|spe|1\n|\n|upkeep\n|turn|2\n|inactive|duvay has 30 seconds left.\n|inactive|Chrishightower has 30 seconds left.\n|\n|t:|1776729091\n|move|p1b: Talonflame|Protect|p1b: Talonflame\n|-singleturn|p1b: Talonflame|Protect\n|move|p2b: Aerodactyl|Rock Slide|p1a: Tyrantrum|[spread] p1a\n|-activate|p1b: Talonflame|move: Protect\n|-damage|p1a: Tyrantrum|71/100\n|move|p2a: Maushold|Super Fang|p1a: Tyrantrum\n|-damage|p1a: Tyrantrum|36/100\n|cant|p1a: Tyrantrum|flinch\n|\n|upkeep\n|turn|3\n|\n|t:|1776729109\n|switch|p1b: Sinistcha|Sinistcha, L50|100/100\n|-heal|p1a: Tyrantrum|61/100|[from] ability: Hospitality|[of] p1b: Sinistcha\n|move|p2b: Aerodactyl|Rock Slide|p1b: Sinistcha|[spread] p1a,p1b\n|-damage|p1a: Tyrantrum|32/100\n|-damage|p1b: Sinistcha|81/100\n|move|p2a: Maushold|Population Bomb|p1b: Sinistcha\n|-immune|p1b: Sinistcha\n|cant|p1a: Tyrantrum|flinch\n|\n|upkeep\n|turn|4\n|inactive|Chrishightower has 30 seconds left.\n|\n|t:|1776729144\n|move|p1b: Sinistcha|Rage Powder|p1b: Sinistcha\n|-singleturn|p1b: Sinistcha|move: Rage Powder\n|move|p2b: Aerodactyl|Rock Slide|p1a: Tyrantrum|[spread] p1a,p1b\n|-crit|p1b: Sinistcha\n|-damage|p1a: Tyrantrum|2/100\n|-damage|p1b: Sinistcha|52/100\n|move|p2a: Maushold|Crunch|p1b: Sinistcha\n|-supereffective|p1b: Sinistcha|1\n|-damage|p1b: Sinistcha|20/100\n|-unboost|p1b: Sinistcha|def|1\n|move|p1a: Tyrantrum|Head Smash|p2b: Aerodactyl\n|-supereffective|p2b: Aerodactyl|1\n|-enditem|p2b: Aerodactyl|Focus Sash\n|-damage|p2b: Aerodactyl|1/100\n|\n|-sideend|p2: Chrishightower|move: Tailwind\n|-sideend|p1: duvay|move: Tailwind\n|upkeep\n|turn|5\n|\n|t:|1776729162\n|move|p1a: Tyrantrum|Protect|p1a: Tyrantrum\n|-singleturn|p1a: Tyrantrum|Protect\n|move|p2b: Aerodactyl|Rock Slide|p1a: Tyrantrum|[spread] p1b\n|-activate|p1a: Tyrantrum|move: Protect\n|-damage|p1b: Sinistcha|0 fnt\n|faint|p1b: Sinistcha\n|move|p2a: Maushold|Crunch|p1a: Tyrantrum\n|-activate|p1a: Tyrantrum|move: Protect\n|\n|upkeep\n|\n|t:|1776729172\n|switch|p1b: Gardevoir|Gardevoir, L50, M|100/100\n|-ability|p1b: Gardevoir|Unnerve|Trace|[from] ability: Trace|[of] p2b: Aerodactyl\n|-ability|p1b: Gardevoir|Unnerve\n|turn|6\n|\n|t:|1776729183\n|detailschange|p1b: Gardevoir|Gardevoir-Mega, L50, M\n|-mega|p1b: Gardevoir|Gardevoir|Gardevoirite\n|move|p1a: Tyrantrum|Protect||[still]\n|-fail|p1a: Tyrantrum\n|move|p2b: Aerodactyl|Rock Slide|p1a: Tyrantrum|[spread] p1a,p1b\n|-damage|p1a: Tyrantrum|0 fnt\n|-damage|p1b: Gardevoir|71/100\n|faint|p1a: Tyrantrum\n|move|p2a: Maushold|Population Bomb|p1b: Gardevoir\n|-damage|p1b: Gardevoir|60/100\n|-damage|p1b: Gardevoir|50/100\n|-damage|p1b: Gardevoir|41/100\n|-damage|p1b: Gardevoir|31/100\n|-damage|p1b: Gardevoir|22/100\n|-damage|p1b: Gardevoir|12/100\n|-damage|p1b: Gardevoir|3/100\n|-damage|p1b: Gardevoir|0 fnt\n|faint|p1b: Gardevoir\n|-hitcount|p1: Gardevoir|8\n|\n|upkeep\n|\n|t:|1776729202\n|switch|p1b: Talonflame|Talonflame, L50, F|63/100\n|turn|7\n|\n|t:|1776729217\n|move|p1b: Talonflame|Protect|p1b: Talonflame\n|-singleturn|p1b: Talonflame|Protect\n|move|p2b: Aerodactyl|Rock Slide|p1b: Talonflame\n|-activate|p1b: Talonflame|move: Protect\n|move|p2a: Maushold|Population Bomb|p1b: Talonflame\n|-activate|p1b: Talonflame|move: Protect\n|\n|upkeep\n|turn|8\n|\n|t:|1776729227\n|move|p2b: Aerodactyl|Rock Slide|p1b: Talonflame\n|-supereffective|p1b: Talonflame|2\n|-damage|p1b: Talonflame|0 fnt\n|faint|p1b: Talonflame\n|\n|win|Chrishightower\n|raw|duvay's rating: 1117 &rarr; <strong>1090</strong><br />(-27 for losing)\n|raw|Chrishightower's rating: 1093 &rarr; <strong>1121</strong><br />(+28 for winning)\n",
  "uploadtime": 1776729230,
  "views": 6,
  "formatid": "gen9championsvgc2026regma",
  "rating": 1090,
  "private": 0,
  "password": null
}