{
  "id": "gen9championsvgc2026regma-2587660185",
  "format": "[Gen 9 Champions] VGC 2026 Reg M-A",
  "players": [
    "blooomk",
    "KyloCT"
  ],
  "log": "|j|\u2606blooomk\n|j|\u2606KyloCT\n|html|<table width=\"100%\"><tr><td align=\"left\">blooomk</td><td align=\"right\">KyloCT</tr><tr><td align=\"left\"><i class=\"fa fa-circle-o\"></i> <i class=\"fa fa-circle-o\"></i> </td><td align=\"right\"><i class=\"fa fa-circle-o\"></i> <i class=\"fa fa-circle-o\"></i> </tr></table>\n|uhtml|bestof|<h2><strong>Game 1</strong> of <a href=\"/game-bestof3-gen9championsvgc2026regma-2587660184\">a best-of-3</a></h2>\n|t:|1776551320\n|gametype|doubles\n|player|p1|blooomk|riley|\n|player|p2|KyloCT|170|\n|gen|9\n|tier|[Gen 9 Champions] VGC 2026 Reg M-A\n|rule|Species Clause: Limit one of each Pok\u00e9mon\n|rule|Item Clause: Limit 1 of each item\n|raw|<div class=\"infobox\"><details class=\"readmore\" open><summary><strong>1 custom rule:</strong></summary> Best of = 3</details></div>\n|clearpoke\n|poke|p1|Sharpedo, L50, F|\n|poke|p1|Froslass, L50, F|\n|poke|p1|Audino, L50, F|\n|poke|p1|Castform, L50, F|\n|poke|p1|Garchomp, L50, M|\n|poke|p1|Decidueye, L50, F|\n|poke|p2|Arcanine-Hisui, L50, F|\n|poke|p2|Flareon, L50, M|\n|poke|p2|Charizard, L50, F|\n|poke|p2|Victreebel, L50, M|\n|poke|p2|Venusaur, L50, M|\n|poke|p2|Vaporeon, L50, F|\n|teampreview|4\nKyloCT has agreed to open team sheets.\n|\n|t:|1776551354\n|teamsize|p1|4\n|teamsize|p2|4\n|start\n|switch|p1a: Castform|Castform, L50, F|100/100\n|switch|p1b: Audino|Audino, L50, F|100/100\n|switch|p2a: Guardian|Arcanine-Hisui, L50, F|100/100\n|switch|p2b: Scoundrell|Flareon, L50, M|100/100\n|turn|1\n|\n|t:|1776551377\n|move|p2b: Scoundrell|Flame Charge|p2a: Guardian\n|-start|p2a: Guardian|ability: Flash Fire\n|move|p1a: Castform|Sandstorm|p1a: Castform\n|-weather|Sandstorm\n|move|p2a: Guardian|Fire Fang|p1b: Audino|[miss]\n|-miss|p2a: Guardian|p1b: Audino\n|move|p1b: Audino|Reflect|p1b: Audino\n|-sidestart|p1: blooomk|Reflect\n|\n|-weather|Sandstorm|[upkeep]\n|-damage|p2b: Scoundrell|95/100|[from] Sandstorm\n|-damage|p1a: Castform|94/100|[from] Sandstorm\n|-damage|p1b: Audino|94/100|[from] Sandstorm\n|-heal|p1a: Castform|100/100|[from] item: Leftovers\n|upkeep\n|turn|2\n|\n|t:|1776551397\n|move|p2b: Scoundrell|Flame Charge|p2a: Guardian\n|-immune|p2a: Guardian|[from] ability: Flash Fire\n|move|p1a: Castform|Weather Ball|p2a: Guardian\n|-supereffective|p2a: Guardian|1\n|-damage|p2a: Guardian|78/100\n|move|p2a: Guardian|Fire Fang|p1a: Castform\n|-damage|p1a: Castform|54/100\n|move|p1b: Audino|Thunder Wave|p2a: Guardian\n|-status|p2a: Guardian|par\n|\n|-weather|Sandstorm|[upkeep]\n|-damage|p2b: Scoundrell|89/100|[from] Sandstorm\n|-damage|p1a: Castform|48/100|[from] Sandstorm\n|-damage|p1b: Audino|88/100|[from] Sandstorm\n|-heal|p1a: Castform|54/100|[from] item: Leftovers\n|upkeep\n|turn|3\n|\n|t:|1776551422\n|move|p2b: Scoundrell|Sunny Day|p2b: Scoundrell\n|-weather|SunnyDay\n|-formechange|p1a: Castform|Castform-Sunny|[msg]|[from] ability: Forecast\n|move|p1a: Castform|Weather Ball|p2a: Guardian\n|-immune|p2a: Guardian|[from] ability: Flash Fire\n|move|p1b: Audino|Thunder Wave|p2b: Scoundrell\n|-status|p2b: Scoundrell|par\n|move|p2a: Guardian|Fire Fang|p1b: Audino\n|-damage|p1b: Audino|46/100\n|\n|-weather|SunnyDay|[upkeep]\n|-heal|p1a: Castform|60/100|[from] item: Leftovers\n|upkeep\n|turn|4\n|\n|t:|1776551450\n|move|p1a: Castform|Sandstorm|p1a: Castform\n|-weather|Sandstorm\n|-formechange|p1a: Castform|Castform|[msg]|[from] ability: Forecast\n|move|p1b: Audino|Encore|p2b: Scoundrell\n|-start|p2b: Scoundrell|Encore\n|move|p2b: Scoundrell|Sunny Day|p2b: Scoundrell\n|-weather|SunnyDay\n|-formechange|p1a: Castform|Castform-Sunny|[msg]|[from] ability: Forecast\n|move|p2a: Guardian|Fire Fang|p1b: Audino\n|-damage|p1b: Audino|3/100\n|\n|-weather|SunnyDay|[upkeep]\n|-heal|p1a: Castform|67/100|[from] item: Leftovers\n|upkeep\n|turn|5\n|\n|t:|1776551486\n|move|p1a: Castform|Snowscape|p1a: Castform\n|-weather|Snowscape\n|-formechange|p1a: Castform|Castform-Snowy|[msg]|[from] ability: Forecast\n|move|p1b: Audino|Reflect||[still]\n|-fail|p1b: Audino\n|move|p2b: Scoundrell|Sunny Day|p2b: Scoundrell\n|-weather|SunnyDay\n|-formechange|p1a: Castform|Castform-Sunny|[msg]|[from] ability: Forecast\n|move|p2a: Guardian|Fire Fang|p1b: Audino\n|-damage|p1b: Audino|0 fnt\n|faint|p1b: Audino\n|\n|-weather|SunnyDay|[upkeep]\n|-heal|p1a: Castform|73/100|[from] item: Leftovers\n|-sideend|p1: blooomk|Reflect\n|upkeep\n|\n|t:|1776551503\n|switch|p1b: Froslass|Froslass, L50, F|100/100\n|turn|6\n|\n|t:|1776551519\n|move|p1b: Froslass|Hex|p2a: Guardian\n|-damage|p2a: Guardian|30/100 par\n|move|p1a: Castform|Snowscape|p1a: Castform\n|-weather|Snowscape\n|-formechange|p1a: Castform|Castform-Snowy|[msg]|[from] ability: Forecast\n|cant|p2b: Scoundrell|par\n|move|p2a: Guardian|Fire Fang|p1b: Froslass\n|-supereffective|p1b: Froslass|1\n|-damage|p1b: Froslass|0 fnt\n|faint|p1b: Froslass\n|\n|-weather|Snowscape|[upkeep]\n|-heal|p1a: Castform|79/100|[from] item: Leftovers\n|-end|p2b: Scoundrell|Encore\n|upkeep\n|\n|t:|1776551535\n|switch|p1b: Decidueye|Decidueye, L50, F|100/100\n|turn|7\n|\n|t:|1776551550\n|move|p1b: Decidueye|Acrobatics|p2a: Guardian\n|-resisted|p2a: Guardian|1\n|-damage|p2a: Guardian|22/100 par\n|move|p1a: Castform|Sandstorm|p1a: Castform\n|-weather|Sandstorm\n|-formechange|p1a: Castform|Castform|[msg]|[from] ability: Forecast\n|move|p2b: Scoundrell|Fire Blast|p1a: Castform\n|-damage|p1a: Castform|8/100\n|move|p2a: Guardian|Fire Fang|p1b: Decidueye\n|-supereffective|p1b: Decidueye|1\n|-enditem|p1b: Decidueye|Occa Berry|[eat]\n|-enditem|p1b: Decidueye|Occa Berry|[weaken]\n|-damage|p1b: Decidueye|27/100\n|\n|-weather|Sandstorm|[upkeep]\n|-damage|p1b: Decidueye|21/100|[from] Sandstorm\n|-damage|p1a: Castform|2/100|[from] Sandstorm\n|-damage|p2b: Scoundrell|83/100 par|[from] Sandstorm\n|-heal|p1a: Castform|8/100|[from] item: Leftovers\n|upkeep\n|turn|8\n|\n|t:|1776551573\n|move|p1b: Decidueye|Synthesis|p1b: Decidueye\n|-heal|p1b: Decidueye|46/100\n|move|p1a: Castform|Weather Ball|p2a: Guardian\n|-supereffective|p2a: Guardian|1\n|-damage|p2a: Guardian|0 fnt\n|faint|p2a: Guardian\n|move|p2b: Scoundrell|Flame Charge|p1a: Castform\n|-damage|p1a: Castform|0 fnt\n|-boost|p2b: Scoundrell|spe|1\n|faint|p1a: Castform\n|\n|-weather|Sandstorm|[upkeep]\n|-damage|p1b: Decidueye|40/100|[from] Sandstorm\n|-damage|p2b: Scoundrell|78/100 par|[from] Sandstorm\n|upkeep\n|\n|t:|1776551591\n|switch|p2a: Victreebel|Victreebel, L50, M|100/100\n|turn|9\n|\n|t:|1776551603\n|move|p1b: Decidueye|Synthesis|p1b: Decidueye\n|-heal|p1b: Decidueye|66/100\n|move|p2a: Victreebel|Poison Jab|p1b: Decidueye\n|-damage|p1b: Decidueye|26/100\n|move|p2b: Scoundrell|Fire Blast|p1b: Decidueye\n|-supereffective|p1b: Decidueye|1\n|-damage|p1b: Decidueye|0 fnt\n|faint|p1b: Decidueye\n|\n|win|KyloCT\n|inactive|blooomk has 30 seconds to confirm battle start!\n|inactive|KyloCT has 30 seconds to confirm battle start!\n||KyloCT is ready for game 2.\n|inactive|blooomk has 20 seconds to confirm battle start!\n|inactive|blooomk has 10 seconds to confirm battle start!\n|uhtml|next|Next: <a href=\"/battle-gen9championsvgc2026regma-2587663679\"><strong>Game 2 of 3</strong></a>\n|l|\u2606blooomk\n|player|p1|\n|j|\u2606blooomk\n|player|p1|blooomk|riley|\n",
  "uploadtime": 1776551979,
  "views": 10,
  "formatid": "gen9championsvgc2026regma",
  "rating": null,
  "private": 0,
  "password": null
}