{
  "id": "gen9championsvgc2026regma-2585214424",
  "format": "[Gen 9 Champions] VGC 2026 Reg M-A",
  "players": [
    "idontcarereally",
    "tzy hvhv"
  ],
  "log": "|j|\u2606idontcarereally\n|j|\u2606tzy hvhv\n|t:|1776325851\n|gametype|doubles\n|player|p1|idontcarereally|169|1040\n|player|p2|tzy hvhv|265|1040\n|gen|9\n|tier|[Gen 9 Champions] VGC 2026 Reg M-A\n|rated|\n|rule|Species Clause: Limit one of each Pok\u00e9mon\n|rule|Item Clause: Limit 1 of each item\n|clearpoke\n|poke|p1|Chesnaught, L50, F|\n|poke|p1|Kingambit, L50, M|\n|poke|p1|Hatterene, L50, F|\n|poke|p1|Ninetales-Alola, L50, F|\n|poke|p1|Sinistcha, L50|\n|poke|p1|Incineroar, L50, F|\n|poke|p2|Floette-Eternal, L50, F|\n|poke|p2|Maushold, L50|\n|poke|p2|Aerodactyl, L50, F|\n|poke|p2|Garchomp, L50, M|\n|poke|p2|Orthworm, L50, M|\n|poke|p2|Delphox, L50, F|\n|teampreview|4\n|inactive|Battle timer is ON: inactive players will automatically lose when time's up. (requested by tzy hvhv)\n|\n|t:|1776325877\n|teamsize|p1|4\n|teamsize|p2|4\n|start\n|switch|p1a: Ninetales|Ninetales-Alola, L50, F|100/100\n|switch|p1b: Hatterene|Hatterene, L50, F|100/100\n|switch|p2a: Aerodactyl|Aerodactyl, L50, F|100/100\n|switch|p2b: Garchomp|Garchomp, L50, M|100/100\n|-ability|p2a: Aerodactyl|Unnerve\n|-weather|Snowscape|[from] ability: Snow Warning|[of] p1a: Ninetales\n|turn|1\n|\n|t:|1776325907\n|switch|p2b: Maushold|Maushold, L50|100/100\n|move|p1a: Ninetales|Protect|p1a: Ninetales\n|-singleturn|p1a: Ninetales|Protect\n|move|p2a: Aerodactyl|Rock Slide|p1a: Ninetales|[spread] \n|-activate|p1a: Ninetales|move: Protect\n|-miss|p2a: Aerodactyl|p1b: Hatterene\n|move|p1b: Hatterene|Trick Room|p1b: Hatterene\n|-fieldstart|move: Trick Room|[of] p1b: Hatterene\n|\n|-weather|Snowscape|[upkeep]\n|upkeep\n|turn|2\n|\n|t:|1776325930\n|move|p1b: Hatterene|Psychic|p2b: Maushold\n|-damage|p2b: Maushold|33/100\n|move|p1a: Ninetales|Aurora Veil|p1a: Ninetales\n|-sidestart|p1: idontcarereally|move: Aurora Veil\n|move|p2b: Maushold|Super Fang|p1b: Hatterene\n|-damage|p1b: Hatterene|50/100\n|move|p2a: Aerodactyl|Rock Slide|p1a: Ninetales|[spread] p1a\n|-miss|p2a: Aerodactyl|p1b: Hatterene\n|-supereffective|p1a: Ninetales|1\n|-damage|p1a: Ninetales|75/100\n|\n|-weather|Snowscape|[upkeep]\n|upkeep\n|turn|3\n|\n|t:|1776325955\n|switch|p2a: Delphox|Delphox, L50, F|100/100\n|move|p2b: Maushold|Protect|p2b: Maushold\n|-singleturn|p2b: Maushold|Protect\n|move|p1b: Hatterene|Psychic|p2b: Maushold\n|-activate|p2b: Maushold|move: Protect\n|move|p1a: Ninetales|Freeze-Dry|p2a: Delphox\n|-resisted|p2a: Delphox|1\n|-damage|p2a: Delphox|88/100\n|\n|-weather|Snowscape|[upkeep]\n|upkeep\n|turn|4\n|inactive|idontcarereally has 30 seconds left.\n|inactive|idontcarereally has 20 seconds left.\n|\n|t:|1776325990\n|detailschange|p2a: Delphox|Delphox-Mega, L50, F\n|-mega|p2a: Delphox|Delphox|Delphoxite\n|move|p2b: Maushold|Follow Me|p2b: Maushold\n|-singleturn|p2b: Maushold|move: Follow Me\n|move|p1b: Hatterene|Misty Terrain|p1b: Hatterene\n|-fieldstart|move: Misty Terrain\n|move|p1a: Ninetales|Freeze-Dry|p2b: Maushold\n|-damage|p2b: Maushold|4/100\n|move|p2a: Delphox|Heat Wave|p1a: Ninetales|[spread] p1b\n|-miss|p2a: Delphox|p1a: Ninetales\n|-damage|p1b: Hatterene|19/100\n|\n|-weather|Snowscape|[upkeep]\n|upkeep\n|turn|5\n|inactive|idontcarereally has 30 seconds left.\n|\n|t:|1776326016\n|move|p1a: Ninetales|Protect|p1a: Ninetales\n|-singleturn|p1a: Ninetales|Protect\n|move|p2b: Maushold|Protect|p2b: Maushold\n|-singleturn|p2b: Maushold|Protect\n|move|p2a: Delphox|Protect|p2a: Delphox\n|-singleturn|p2a: Delphox|Protect\n|move|p1b: Hatterene|Misty Explosion|p2a: Delphox|[spread] \n|-activate|p1a: Ninetales|move: Protect\n|-activate|p2a: Delphox|move: Protect\n|-activate|p2b: Maushold|move: Protect\n|faint|p1b: Hatterene\n|\n|-weather|none\n|-fieldend|move: Trick Room\n|upkeep\n|\n|t:|1776326031\n|switch|p1b: Kingambit|Kingambit, L50, M|100/100\n|turn|6\n|\n|t:|1776326050\n|move|p2b: Maushold|Follow Me|p2b: Maushold\n|-singleturn|p2b: Maushold|move: Follow Me\n|move|p2a: Delphox|Heat Wave|p1b: Kingambit|[spread] p1a,p1b\n|-supereffective|p1a: Ninetales|1\n|-supereffective|p1b: Kingambit|1\n|-damage|p1a: Ninetales|19/100\n|-damage|p1b: Kingambit|44/100\n|move|p1a: Ninetales|Snowscape|p1a: Ninetales\n|-weather|Snowscape\n|move|p1b: Kingambit|Kowtow Cleave|p2b: Maushold\n|-damage|p2b: Maushold|0 fnt\n|faint|p2b: Maushold\n|\n|-weather|Snowscape|[upkeep]\n|-sideend|p1: idontcarereally|move: Aurora Veil\n|upkeep\n|\n|t:|1776326071\n|switch|p2b: Garchomp|Garchomp, L50, M|100/100\n|turn|7\n|\n|t:|1776326077\n|move|p1b: Kingambit|Sucker Punch|p2a: Delphox\n|-supereffective|p2a: Delphox|1\n|-damage|p2a: Delphox|0 fnt\n|faint|p2a: Delphox\n|move|p1a: Ninetales|Freeze-Dry|p2b: Garchomp\n|-supereffective|p2b: Garchomp|2\n|-damage|p2b: Garchomp|0 fnt\n|faint|p2b: Garchomp\n|\n|-weather|Snowscape|[upkeep]\n|upkeep\n|-message|tzy hvhv forfeited.\n|\n|win|idontcarereally\n|raw|idontcarereally's rating: 1040 &rarr; <strong>1074</strong><br />(+34 for winning)\n|raw|tzy hvhv's rating: 1040 &rarr; <strong>1024</strong><br />(-16 for losing)\n|l|\u2606tzy hvhv\n|player|p2|\n",
  "uploadtime": 1776326097,
  "views": 23,
  "formatid": "gen9championsvgc2026regma",
  "rating": 1024,
  "private": 0,
  "password": null
}