{
  "id": "gen9championsvgc2026regma-2583464836",
  "format": "[Gen 9 Champions] VGC 2026 Reg M-A",
  "players": [
    "chimecholover96",
    "BettyWhipe"
  ],
  "log": "|j|\u2606chimecholover96\n|j|\u2606BettyWhipe\n|t:|1776177370\n|gametype|doubles\n|player|p1|chimecholover96|2|1102\n|player|p2|BettyWhipe|chuck|1017\n|gen|9\n|tier|[Gen 9 Champions] VGC 2026 Reg M-A\n|rated|\n|rule|Species Clause: Limit one of each Pok\u00e9mon\n|rule|Item Clause: Limit 1 of each item\n|clearpoke\n|poke|p1|Chimecho, L50, M|\n|poke|p1|Incineroar, L50, F|\n|poke|p1|Archaludon, L50, M|\n|poke|p1|Basculegion, L50, M|\n|poke|p1|Politoed, L50, F|\n|poke|p1|Sinistcha, L50|\n|poke|p2|Heracross, L50, M|\n|poke|p2|Sinistcha, L50|\n|poke|p2|Arcanine, L50, M|\n|poke|p2|Corviknight, L50, M|\n|poke|p2|Toxicroak, L50, F|\n|poke|p2|Ninetales-Alola, L50, M|\n|teampreview|4\n|inactive|Battle timer is ON: inactive players will automatically lose when time's up. (requested by BettyWhipe)\n|inactive|chimecholover96 has 60 seconds left.\n|\n|t:|1776177402\n|teamsize|p1|4\n|teamsize|p2|4\n|start\n|switch|p1a: Chimecho|Chimecho, L50, M|100/100\n|switch|p1b: Incineroar|Incineroar, L50, F|100/100\n|switch|p2a: Heracross|Heracross, L50, M|100/100\n|switch|p2b: Toxicroak|Toxicroak, L50, F|100/100\n|-ability|p1b: Incineroar|Intimidate|boost\n|-unboost|p2a: Heracross|atk|1\n|-unboost|p2b: Toxicroak|atk|1\n|turn|1\n|\n|t:|1776177422\n|detailschange|p2a: Heracross|Heracross-Mega, L50, M\n|-mega|p2a: Heracross|Heracross|Heracronite\n|detailschange|p1a: Chimecho|Chimecho-Mega, L50, M\n|-mega|p1a: Chimecho|Chimecho|Chimechite\n|move|p2b: Toxicroak|Fake Out|p1b: Incineroar\n|-damage|p1b: Incineroar|94/100\n|move|p2a: Heracross|Pin Missile|p1a: Chimecho|[miss]\n|-miss|p2a: Heracross|p1a: Chimecho\n|move|p1a: Chimecho|Substitute|p1a: Chimecho\n|-start|p1a: Chimecho|Substitute\n|-damage|p1a: Chimecho|76/100\n|cant|p1b: Incineroar|flinch\n|\n|upkeep\n|turn|2\n|\n|t:|1776177441\n|switch|p2b: Ninetales|Ninetales-Alola, L50, M|100/100\n|-weather|Snowscape|[from] ability: Snow Warning|[of] p2b: Ninetales\n|switch|p2a: Arcanine|Arcanine, L50, M|100/100\n|-ability|p2a: Arcanine|Intimidate|boost\n|-immune|p1a: Chimecho\n|-unboost|p1b: Incineroar|atk|1\n|move|p1a: Chimecho|Calm Mind|p1a: Chimecho\n|-boost|p1a: Chimecho|spa|1\n|-boost|p1a: Chimecho|spd|1\n|move|p1b: Incineroar|Will-O-Wisp|p2a: Arcanine|[miss]\n|-miss|p1b: Incineroar|p2a: Arcanine\n|\n|-weather|Snowscape|[upkeep]\n|upkeep\n|turn|3\n|inactive|BettyWhipe has 30 seconds left.\n|\n|t:|1776177468\n|switch|p1b: Politoed|Politoed, L50, F, shiny|100/100\n|-weather|RainDance|[from] ability: Drizzle|[of] p1b: Politoed\n|move|p2b: Ninetales|Blizzard|p1b: Politoed|[spread] p1a\n|-miss|p2b: Ninetales|p1b: Politoed\n|-resisted|p1a: Chimecho|1\n|-crit|p1a: Chimecho\n|-end|p1a: Chimecho|Substitute\n|move|p2a: Arcanine|Wild Charge|p1b: Politoed\n|-supereffective|p1b: Politoed|1\n|-damage|p1b: Politoed|36/100\n|-damage|p2a: Arcanine|81/100|[from] Recoil\n|move|p1a: Chimecho|Calm Mind|p1a: Chimecho\n|-boost|p1a: Chimecho|spa|1\n|-boost|p1a: Chimecho|spd|1\n|\n|-weather|RainDance|[upkeep]\n|-heal|p2a: Arcanine|87/100|[from] item: Leftovers\n|-heal|p1b: Politoed|42/100|[from] item: Leftovers\n|upkeep\n|turn|4\n|inactive|chimecholover96 has 30 seconds left.\n|inactive|BettyWhipe has 30 seconds left.\n|\n|t:|1776177498\n|switch|p2b: Toxicroak|Toxicroak, L50, F|100/100\n|move|p1b: Politoed|Protect|p1b: Politoed\n|-singleturn|p1b: Politoed|Protect\n|move|p2a: Arcanine|Wild Charge|p1b: Politoed\n|-activate|p1b: Politoed|move: Protect\n|move|p1a: Chimecho|Boomburst|p2a: Arcanine|[spread] p2a,p2b\n|-activate|p1b: Politoed|move: Protect\n|-damage|p2a: Arcanine|0 fnt\n|-damage|p2b: Toxicroak|0 fnt\n|faint|p2a: Arcanine\n|faint|p2b: Toxicroak\n|\n|-weather|RainDance|[upkeep]\n|-heal|p1b: Politoed|48/100|[from] item: Leftovers\n|upkeep\n|\n|t:|1776177503\n|switch|p2b: Ninetales|Ninetales-Alola, L50, M|100/100\n|switch|p2a: Heracross|Heracross-Mega, L50, M|100/100\n|-weather|Snowscape|[from] ability: Snow Warning|[of] p2b: Ninetales\n|turn|5\n|\n|t:|1776177526\n|move|p2b: Ninetales|Icy Wind|p1a: Chimecho|[spread] p1a,p1b\n|-resisted|p1a: Chimecho|1\n|-resisted|p1b: Politoed|1\n|-damage|p1a: Chimecho|71/100\n|-damage|p1b: Politoed|41/100\n|-unboost|p1a: Chimecho|spe|1\n|-unboost|p1b: Politoed|spe|1\n|move|p2a: Heracross|Pin Missile|p1a: Chimecho\n|-damage|p1a: Chimecho|53/100\n|-damage|p1a: Chimecho|33/100\n|-damage|p1a: Chimecho|14/100\n|-damage|p1a: Chimecho|0 fnt\n|faint|p1a: Chimecho\n|-hitcount|p1: Chimecho|4\n|move|p1b: Politoed|Perish Song|p1b: Politoed\n|-start|p1b: Politoed|perish3|[silent]\n|-start|p2a: Heracross|perish3|[silent]\n|-start|p2b: Ninetales|perish3|[silent]\n|-fieldactivate|move: Perish Song\n|\n|-weather|Snowscape|[upkeep]\n|-heal|p1b: Politoed|47/100|[from] item: Leftovers\n|-start|p2b: Ninetales|perish3\n|-start|p2a: Heracross|perish3\n|-start|p1b: Politoed|perish3\n|upkeep\n|\n|t:|1776177543\n|switch|p1a: Incineroar|Incineroar, L50, F|94/100\n|-ability|p1a: Incineroar|Intimidate|boost\n|-unboost|p2a: Heracross|atk|1\n|-unboost|p2b: Ninetales|atk|1\n|turn|6\n|inactive|chimecholover96 has 30 seconds left.\n|\n|t:|1776177575\n|move|p2a: Heracross|Upper Hand|p1a: Incineroar\n|-supereffective|p1a: Incineroar|1\n|-damage|p1a: Incineroar|43/100\n|-enditem|p1a: Incineroar|Sitrus Berry|[eat]\n|-heal|p1a: Incineroar|68/100|[from] item: Sitrus Berry\n|cant|p1a: Incineroar|flinch\n|move|p2b: Ninetales|Icy Wind|p1a: Incineroar|[spread] p1a,p1b\n|-resisted|p1a: Incineroar|1\n|-resisted|p1b: Politoed|1\n|-damage|p1a: Incineroar|59/100\n|-damage|p1b: Politoed|40/100\n|-unboost|p1a: Incineroar|spe|1\n|-unboost|p1b: Politoed|spe|1\n|move|p1b: Politoed|Weather Ball|p2a: Heracross\n|-damage|p2a: Heracross|79/100\n|\n|-weather|Snowscape|[upkeep]\n|-heal|p1b: Politoed|46/100|[from] item: Leftovers\n|-start|p2b: Ninetales|perish2\n|-start|p2a: Heracross|perish2\n|-start|p1b: Politoed|perish2\n|upkeep\n|turn|7\n|\n|t:|1776177589\n|move|p1b: Politoed|Protect|p1b: Politoed\n|-singleturn|p1b: Politoed|Protect\n|move|p2b: Ninetales|Blizzard|p1b: Politoed|[spread] p1a\n|-activate|p1b: Politoed|move: Protect\n|-resisted|p1a: Incineroar|1\n|-crit|p1a: Incineroar\n|-damage|p1a: Incineroar|30/100\n|move|p2a: Heracross|Rock Blast|p1a: Incineroar\n|-supereffective|p1a: Incineroar|1\n|-damage|p1a: Incineroar|15/100\n|-supereffective|p1a: Incineroar|1\n|-damage|p1a: Incineroar|1/100\n|-supereffective|p1a: Incineroar|1\n|-damage|p1a: Incineroar|0 fnt\n|faint|p1a: Incineroar\n|-hitcount|p1: Incineroar|3\n|\n|-weather|Snowscape|[upkeep]\n|-heal|p1b: Politoed|52/100|[from] item: Leftovers\n|-start|p2b: Ninetales|perish1\n|-start|p2a: Heracross|perish1\n|-start|p1b: Politoed|perish1\n|upkeep\n|\n|t:|1776177601\n|switch|p1a: Sinistcha|Sinistcha, L50|100/100\n|-heal|p1b: Politoed|77/100|[from] ability: Hospitality|[of] p1a: Sinistcha\n|turn|8\n|\n|t:|1776177618\n|move|p1b: Politoed|Protect||[still]\n|-fail|p1b: Politoed\n|move|p1a: Sinistcha|Rage Powder|p1a: Sinistcha\n|-singleturn|p1a: Sinistcha|move: Rage Powder\n|move|p2b: Ninetales|Blizzard|p1a: Sinistcha|[spread] p1a,p1b\n|-supereffective|p1a: Sinistcha|1\n|-resisted|p1b: Politoed|1\n|-damage|p1a: Sinistcha|23/100\n|-damage|p1b: Politoed|65/100\n|-status|p1b: Politoed|frz\n|move|p2a: Heracross|Bullet Seed|p1a: Sinistcha\n|-resisted|p1a: Sinistcha|1\n|-damage|p1a: Sinistcha|20/100\n|-resisted|p1a: Sinistcha|1\n|-damage|p1a: Sinistcha|16/100\n|-resisted|p1a: Sinistcha|1\n|-damage|p1a: Sinistcha|13/100\n|-resisted|p1a: Sinistcha|1\n|-damage|p1a: Sinistcha|9/100\n|-resisted|p1a: Sinistcha|1\n|-damage|p1a: Sinistcha|7/100\n|-hitcount|p1a: Sinistcha|5\n|\n|-weather|Snowscape|[upkeep]\n|-heal|p1b: Politoed|71/100 frz|[from] item: Leftovers\n|-start|p2b: Ninetales|perish0\n|-start|p2a: Heracross|perish0\n|-start|p1b: Politoed|perish0\n|upkeep\n|faint|p2b: Ninetales\n|faint|p2a: Heracross\n|faint|p1b: Politoed\n|\n|win|chimecholover96\n|raw|chimecholover96's rating: 1102 &rarr; <strong>1121</strong><br />(+19 for winning)\n|raw|BettyWhipe's rating: 1017 &rarr; <strong>1007</strong><br />(-10 for losing)\n|l|\u2606BettyWhipe\n|player|p2|\n",
  "uploadtime": 1776177646,
  "views": 23,
  "formatid": "gen9championsvgc2026regma",
  "rating": 1007,
  "private": 0,
  "password": null
}