{
  "id": "gen9championsvgc2026regma-2583827244",
  "format": "[Gen 9 Champions] VGC 2026 Reg M-A",
  "players": [
    "metaroou",
    "cronos36"
  ],
  "log": "|j|\u2606metaroou\n|j|\u2606cronos36\n|t:|1776200815\n|gametype|doubles\n|player|p1|metaroou|rocketgrunt|1194\n|player|p2|cronos36|flint|1157\n|gen|9\n|tier|[Gen 9 Champions] VGC 2026 Reg M-A\n|rated|\n|rule|Species Clause: Limit one of each Pok\u00e9mon\n|rule|Item Clause: Limit 1 of each item\n|clearpoke\n|poke|p1|Scizor, L50, M|\n|poke|p1|Pelipper, L50, M|\n|poke|p1|Archaludon, L50, M|\n|poke|p1|Basculegion, L50, M|\n|poke|p1|Sinistcha, L50|\n|poke|p1|Arcanine-Hisui, L50, M|\n|poke|p2|Froslass, L50, F|\n|poke|p2|Glaceon, L50, F|\n|poke|p2|Sneasler, L50, F|\n|poke|p2|Incineroar, L50, F|\n|poke|p2|Whimsicott, L50, M|\n|poke|p2|Rotom-Frost, L50|\n|teampreview|4\n|inactive|Battle timer is ON: inactive players will automatically lose when time's up. (requested by metaroou)\n|\n|t:|1776200850\n|teamsize|p1|4\n|teamsize|p2|4\n|start\n|switch|p1a: Totti|Scizor, L50, M|100/100\n|switch|p1b: Tommasi|Pelipper, L50, M, shiny|100/100\n|switch|p2a: Froslass|Froslass, L50, F|100/100\n|switch|p2b: Sneasler|Sneasler, L50, F|100/100\n|-weather|RainDance|[from] ability: Drizzle|[of] p1b: Tommasi\n|turn|1\n|\n|t:|1776200862\n|detailschange|p2a: Froslass|Froslass-Mega, L50, F\n|-mega|p2a: Froslass|Froslass|Froslassite\n|-weather|Snowscape|[from] ability: Snow Warning|[of] p2a: Froslass\n|detailschange|p1a: Totti|Scizor-Mega, L50, M\n|-mega|p1a: Totti|Scizor|Scizorite\n|move|p2b: Sneasler|Fake Out|p1a: Totti\n|-resisted|p1a: Totti|1\n|-damage|p1a: Totti|94/100\n|move|p2a: Froslass|Aurora Veil|p2a: Froslass\n|-sidestart|p2: cronos36|move: Aurora Veil\n|move|p1b: Tommasi|Hurricane|p2b: Sneasler\n|-supereffective|p2b: Sneasler|1\n|-crit|p2b: Sneasler\n|-damage|p2b: Sneasler|0 fnt\n|faint|p2b: Sneasler\n|cant|p1a: Totti|flinch\n|\n|-weather|Snowscape|[upkeep]\n|upkeep\n|\n|t:|1776200880\n|switch|p2b: Incineroar|Incineroar, L50, F|100/100\n|-ability|p2b: Incineroar|Intimidate|boost\n|-unboost|p1a: Totti|atk|1\n|-unboost|p1b: Tommasi|atk|1\n|turn|2\n|\n|t:|1776200897\n|switch|p1b: Nakata|Basculegion, L50, M|100/100\n|move|p1a: Totti|Protect|p1a: Totti\n|-singleturn|p1a: Totti|Protect\n|move|p2a: Froslass|Blizzard|p1a: Totti|[spread] p1b\n|-activate|p1a: Totti|move: Protect\n|-resisted|p1b: Nakata|1\n|-damage|p1b: Nakata|74/100\n|move|p2b: Incineroar|Flare Blitz|p1a: Totti\n|-activate|p1a: Totti|move: Protect\n|\n|-weather|Snowscape|[upkeep]\n|upkeep\n|turn|3\n|\n|t:|1776200917\n|move|p1a: Totti|Bullet Punch|p2a: Froslass\n|-supereffective|p2a: Froslass|1\n|-damage|p2a: Froslass|65/100\n|move|p1b: Nakata|Wave Crash|p2b: Incineroar\n|-supereffective|p2b: Incineroar|1\n|-damage|p2b: Incineroar|23/100\n|-enditem|p2b: Incineroar|Sitrus Berry|[eat]\n|-heal|p2b: Incineroar|47/100|[from] item: Sitrus Berry\n|-damage|p1b: Nakata|49/100|[from] Recoil\n|move|p2a: Froslass|Shadow Ball|p1b: Nakata\n|-supereffective|p1b: Nakata|1\n|-damage|p1b: Nakata|0 fnt\n|faint|p1b: Nakata\n|move|p2b: Incineroar|Flare Blitz|p1a: Totti\n|-supereffective|p1a: Totti|2\n|-damage|p1a: Totti|0 fnt\n|faint|p1a: Totti\n|-damage|p2b: Incineroar|23/100|[from] Recoil\n|\n|-weather|Snowscape|[upkeep]\n|upkeep\n|\n|t:|1776200932\n|switch|p1b: Tommasi|Pelipper, L50, M, shiny|100/100\n|switch|p1a: Batistuta|Archaludon, L50, M|100/100\n|-weather|RainDance|[from] ability: Drizzle|[of] p1b: Tommasi\n|turn|4\n|\n|t:|1776200950\n|switch|p2a: Rotom|Rotom-Frost, L50|100/100\n|move|p1b: Tommasi|Tailwind|p1b: Tommasi\n|-sidestart|p1: metaroou|move: Tailwind\n|move|p1a: Batistuta|Electro Shot||[still]\n|-prepare|p1a: Batistuta|Electro Shot\n|-boost|p1a: Batistuta|spa|1\n|-anim|p1a: Batistuta|Electro Shot|p2a: Rotom\n|-resisted|p2a: Rotom|1\n|-damage|p2a: Rotom|72/100\n|move|p2b: Incineroar|Darkest Lariat|p1b: Tommasi\n|-damage|p1b: Tommasi|55/100\n|\n|-weather|RainDance|[upkeep]\n|-heal|p1b: Tommasi|61/100|[from] item: Leftovers\n|upkeep\n|turn|5\n|inactive|cronos36 has 30 seconds left.\n|inactive|cronos36 has 20 seconds left.\n|\n|t:|1776200987\n|move|p1b: Tommasi|Protect|p1b: Tommasi\n|-singleturn|p1b: Tommasi|Protect\n|move|p1a: Batistuta|Aura Sphere|p2a: Rotom\n|-supereffective|p2a: Rotom|1\n|-damage|p2a: Rotom|1/100\n|move|p2a: Rotom|Thunder|p1b: Tommasi\n|-activate|p1b: Tommasi|move: Protect\n|move|p2b: Incineroar|Parting Shot|p1a: Batistuta\n|-unboost|p1a: Batistuta|atk|1\n|-unboost|p1a: Batistuta|spa|1\n|\n|t:|1776201000\n|switch|p2b: Froslass|Froslass-Mega, L50, F|65/100|[from] Parting Shot\n|-weather|Snowscape|[from] ability: Snow Warning|[of] p2b: Froslass\n|\n|-weather|Snowscape|[upkeep]\n|-heal|p1b: Tommasi|67/100|[from] item: Leftovers\n|-sideend|p2: cronos36|move: Aurora Veil\n|upkeep\n|turn|6\n|inactive|metaroou has 30 seconds left.\n|inactive|cronos36 has 30 seconds left.\n|\n|t:|1776201028\n|move|p1b: Tommasi|Weather Ball|p2a: Rotom\n|-resisted|p2a: Rotom|1\n|-damage|p2a: Rotom|0 fnt\n|faint|p2a: Rotom\n|move|p1a: Batistuta|Dragon Pulse|p2b: Froslass\n|-damage|p2b: Froslass|5/100\n|move|p2b: Froslass|Blizzard|p1a: Batistuta|[spread] p1a,p1b\n|-damage|p1a: Batistuta|38/100\n|-damage|p1b: Tommasi|0 fnt\n|-ability|p1a: Batistuta|Stamina|boost\n|-boost|p1a: Batistuta|def|1\n|faint|p1b: Tommasi\n|\n|-weather|Snowscape|[upkeep]\n|upkeep\n|\n|t:|1776201038\n|switch|p2a: Incineroar|Incineroar, L50, F|23/100\n|-ability|p2a: Incineroar|Intimidate|boost\n|-unboost|p1a: Batistuta|atk|1\n|turn|7\n|\n|t:|1776201043\n|move|p2a: Incineroar|Fake Out|p1a: Batistuta\n|-resisted|p1a: Batistuta|1\n|-damage|p1a: Batistuta|34/100\n|-ability|p1a: Batistuta|Stamina|boost\n|-boost|p1a: Batistuta|def|1\n|cant|p1a: Batistuta|flinch\n|move|p2b: Froslass|Blizzard|p1a: Batistuta\n|-damage|p1a: Batistuta|0 fnt\n|faint|p1a: Batistuta\n|\n|win|cronos36\n|raw|metaroou's rating: 1194 &rarr; <strong>1166</strong><br />(-28 for losing)\n|raw|cronos36's rating: 1157 &rarr; <strong>1185</strong><br />(+28 for winning)\n|l|\u2606metaroou\n|player|p1|\n",
  "uploadtime": 1776201079,
  "views": 16,
  "formatid": "gen9championsvgc2026regma",
  "rating": 1166,
  "private": 0,
  "password": null
}