{
  "id": "gen9championsvgc2026regma-2581955440",
  "format": "[Gen 9 Champions] VGC 2026 Reg M-A",
  "players": [
    "greeencross",
    "Mr James Freak"
  ],
  "log": "|j|\u2606greeencross\n|j|\u2606Mr James Freak\n|t:|1776043000\n|gametype|doubles\n|player|p1|greeencross|266|1265\n|player|p2|Mr James Freak|scientist|1284\n|gen|9\n|tier|[Gen 9 Champions] VGC 2026 Reg M-A\n|rated|\n|rule|Species Clause: Limit one of each Pok\u00e9mon\n|rule|Item Clause: Limit 1 of each item\n|clearpoke\n|poke|p1|Dragapult, L50, F|\n|poke|p1|Glimmora, L50, M|\n|poke|p1|Rotom-Wash, L50|\n|poke|p1|Garchomp, L50, F|\n|poke|p1|Armarouge, L50, F|\n|poke|p1|Umbreon, L50, M|\n|poke|p2|Delphox, L50, M|\n|poke|p2|Garchomp, L50, F|\n|poke|p2|Incineroar, L50, F|\n|poke|p2|Basculegion, L50, M|\n|poke|p2|Aegislash, L50, F|\n|poke|p2|Rotom-Mow, L50|\n|teampreview|4\n|inactive|Battle timer is ON: inactive players will automatically lose when time's up. (requested by greeencross)\n|inactive|greeencross has 60 seconds left.\n|inactive|Mr James Freak has 60 seconds left.\n|\n|t:|1776043051\n|teamsize|p1|4\n|teamsize|p2|4\n|start\n|switch|p1a: Armarouge|Armarouge, L50, F|100/100\n|switch|p1b: Umbreon|Umbreon, L50, M|100/100\n|switch|p2a: Incineroar|Incineroar, L50, F, shiny|100/100\n|switch|p2b: Delphox|Delphox, L50, M, shiny|100/100\n|-ability|p2a: Incineroar|Intimidate|boost\n|-unboost|p1a: Armarouge|atk|1\n|-fail|p1b: Umbreon|unboost|Attack|[from] ability: Inner Focus|[of] p1b: Umbreon\n|turn|1\n|inactive|Mr James Freak has 30 seconds left.\n|\n|t:|1776043077\n|detailschange|p2b: Delphox|Delphox-Mega, L50, M, shiny\n|-mega|p2b: Delphox|Delphox|Delphoxite\n|move|p2b: Delphox|Protect|p2b: Delphox\n|-singleturn|p2b: Delphox|Protect\n|move|p1a: Armarouge|Wide Guard|p1a: Armarouge\n|-singleturn|p1a: Armarouge|Wide Guard\n|move|p1b: Umbreon|Snarl|p2a: Incineroar|[spread] p2a\n|-activate|p2b: Delphox|move: Protect\n|-resisted|p2a: Incineroar|1\n|-damage|p2a: Incineroar|96/100\n|-unboost|p2a: Incineroar|spa|1\n|move|p2a: Incineroar|Darkest Lariat|p1a: Armarouge\n|-supereffective|p1a: Armarouge|1\n|-damage|p1a: Armarouge|37/100\n|\n|upkeep\n|turn|2\n|inactive|Mr James Freak has 30 seconds left.\n|\n|t:|1776043103\n|switch|p2b: Garchomp|Garchomp, L50, F, shiny|100/100\n|move|p1a: Armarouge|Aura Sphere|p2a: Incineroar\n|-supereffective|p2a: Incineroar|1\n|-damage|p2a: Incineroar|43/100\n|-enditem|p2a: Incineroar|Sitrus Berry|[eat]\n|-heal|p2a: Incineroar|67/100|[from] item: Sitrus Berry\n|move|p1b: Umbreon|Snarl|p2a: Incineroar|[spread] p2a,p2b\n|-resisted|p2a: Incineroar|1\n|-damage|p2a: Incineroar|63/100\n|-damage|p2b: Garchomp|89/100\n|-unboost|p2a: Incineroar|spa|1\n|-unboost|p2b: Garchomp|spa|1\n|move|p2a: Incineroar|Darkest Lariat|p1a: Armarouge\n|-supereffective|p1a: Armarouge|1\n|-damage|p1a: Armarouge|0 fnt\n|faint|p1a: Armarouge\n|\n|upkeep\n|\n|t:|1776043120\n|switch|p1a: Rotom|Rotom-Wash, L50|100/100\n|turn|3\n|\n|t:|1776043136\n|switch|p2a: Rotom|Rotom-Mow, L50, shiny|100/100\n|move|p1a: Rotom|Hydro Pump|p2b: Garchomp\n|-damage|p2b: Garchomp|30/100\n|move|p2b: Garchomp|Rock Slide|p1a: Rotom|[spread] p1a,p1b\n|-damage|p1a: Rotom|75/100\n|-damage|p1b: Umbreon|88/100\n|move|p1b: Umbreon|Taunt|p2a: Rotom\n|-start|p2a: Rotom|move: Taunt\n|\n|-heal|p1b: Umbreon|94/100|[from] item: Leftovers\n|upkeep\n|turn|4\n|inactive|greeencross has 30 seconds left.\n|\n|t:|1776043170\n|move|p1a: Rotom|Hydro Pump|p2b: Garchomp\n|-damage|p2b: Garchomp|0 fnt\n|faint|p2b: Garchomp\n|move|p2a: Rotom|Leaf Storm|p1a: Rotom\n|-supereffective|p1a: Rotom|1\n|-damage|p1a: Rotom|0 fnt\n|-unboost|p2a: Rotom|spa|2\n|faint|p1a: Rotom\n|move|p1b: Umbreon|Snarl|p2a: Rotom\n|-damage|p2a: Rotom|85/100\n|-unboost|p2a: Rotom|spa|1\n|\n|-heal|p1b: Umbreon|99/100|[from] item: Leftovers\n|upkeep\n|\n|t:|1776043190\n|switch|p2b: Incineroar|Incineroar, L50, F, shiny|63/100\n|switch|p1a: Glimmora|Glimmora, L50, M|100/100\n|-ability|p2b: Incineroar|Intimidate|boost\n|-unboost|p1a: Glimmora|atk|1\n|-fail|p1b: Umbreon|unboost|Attack|[from] ability: Inner Focus|[of] p1b: Umbreon\n|turn|5\n|\n|t:|1776043207\n|move|p1a: Glimmora|Spiky Shield|p1a: Glimmora\n|-singleturn|p1a: Glimmora|move: Protect\n|move|p2b: Incineroar|Fake Out|p1a: Glimmora\n|-activate|p1a: Glimmora|move: Protect\n|-damage|p2b: Incineroar|51/100|[from] Spiky Shield|[of] p1a: Glimmora\n|move|p2a: Rotom|Electroweb|p1b: Umbreon|[spread] p1b\n|-activate|p1a: Glimmora|move: Protect\n|-damage|p1b: Umbreon|95/100\n|-unboost|p1b: Umbreon|spe|1\n|move|p1b: Umbreon|Snarl|p2a: Rotom|[spread] p2a,p2b\n|-resisted|p2b: Incineroar|1\n|-damage|p2a: Rotom|74/100\n|-damage|p2b: Incineroar|47/100\n|-unboost|p2a: Rotom|spa|1\n|-unboost|p2b: Incineroar|spa|1\n|\n|-heal|p1b: Umbreon|100/100|[from] item: Leftovers\n|-end|p2a: Rotom|move: Taunt\n|upkeep\n|turn|6\n|inactive|greeencross has 30 seconds left.\n|inactive|Mr James Freak has 30 seconds left.\n|\n|t:|1776043238\n|detailschange|p1a: Glimmora|Glimmora-Mega, L50, M\n|-mega|p1a: Glimmora|Glimmora|Glimmoranite\n|move|p1a: Glimmora|Sludge Bomb|p2a: Rotom\n|-supereffective|p2a: Rotom|1\n|-damage|p2a: Rotom|0 fnt\n|faint|p2a: Rotom\n|move|p2b: Incineroar|Parting Shot|p1a: Glimmora\n|-unboost|p1a: Glimmora|atk|1\n|-unboost|p1a: Glimmora|spa|1\n|\n|t:|1776043247\n|switch|p2b: Delphox|Delphox-Mega, L50, M, shiny|100/100|[from] Parting Shot\n|move|p1b: Umbreon|Taunt|p2b: Delphox\n|-start|p2b: Delphox|move: Taunt\n|\n|upkeep\n|\n|t:|1776043251\n|switch|p2a: Incineroar|Incineroar, L50, F, shiny|47/100\n|-ability|p2a: Incineroar|Intimidate|boost\n|-unboost|p1a: Glimmora|atk|1\n|-fail|p1b: Umbreon|unboost|Attack|[from] ability: Inner Focus|[of] p1b: Umbreon\n|turn|7\n|\n|t:|1776043272\n|move|p1a: Glimmora|Spiky Shield|p1a: Glimmora\n|-singleturn|p1a: Glimmora|move: Protect\n|move|p2a: Incineroar|Fake Out|p1a: Glimmora\n|-activate|p1a: Glimmora|move: Protect\n|-damage|p2a: Incineroar|34/100|[from] Spiky Shield|[of] p1a: Glimmora\n|move|p2b: Delphox|Heat Wave|p1a: Glimmora|[spread] \n|-activate|p1a: Glimmora|move: Protect\n|-miss|p2b: Delphox|p1b: Umbreon\n|move|p1b: Umbreon|Snarl|p2b: Delphox|[spread] p2a,p2b\n|-resisted|p2a: Incineroar|1\n|-supereffective|p2b: Delphox|1\n|-damage|p2a: Incineroar|30/100\n|-damage|p2b: Delphox|81/100\n|-unboost|p2a: Incineroar|spa|1\n|-unboost|p2b: Delphox|spa|1\n|\n|upkeep\n|turn|8\n|inactive|greeencross has 30 seconds left.\n|\n|t:|1776043300\n|move|p1a: Glimmora|Spiky Shield||[still]\n|-fail|p1a: Glimmora\n|move|p2b: Delphox|Psyshock|p1a: Glimmora\n|-supereffective|p1a: Glimmora|1\n|-damage|p1a: Glimmora|33/100\n|move|p2a: Incineroar|Flare Blitz|p1b: Umbreon\n|-damage|p1b: Umbreon|67/100\n|-damage|p2a: Incineroar|19/100|[from] Recoil\n|move|p1b: Umbreon|Snarl|p2b: Delphox|[spread] p2b\n|-miss|p1b: Umbreon|p2a: Incineroar\n|-supereffective|p2b: Delphox|1\n|-damage|p2b: Delphox|61/100\n|-unboost|p2b: Delphox|spa|1\n|\n|-heal|p1b: Umbreon|73/100|[from] item: Leftovers\n|-end|p2b: Delphox|move: Taunt\n|upkeep\n|turn|9\n|inactive|Mr James Freak has 30 seconds left.\n|\n|t:|1776043330\n|move|p1a: Glimmora|Spiky Shield|p1a: Glimmora\n|-singleturn|p1a: Glimmora|move: Protect\n|move|p2b: Delphox|Psyshock|p1a: Glimmora\n|-activate|p1a: Glimmora|move: Protect\n|move|p2a: Incineroar|Flare Blitz|p1b: Umbreon\n|-damage|p1b: Umbreon|41/100\n|-damage|p2a: Incineroar|8/100|[from] Recoil\n|move|p1b: Umbreon|Snarl|p2b: Delphox|[spread] p2a,p2b\n|-resisted|p2a: Incineroar|1\n|-supereffective|p2b: Delphox|1\n|-damage|p2a: Incineroar|3/100\n|-damage|p2b: Delphox|41/100\n|-unboost|p2a: Incineroar|spa|1\n|-unboost|p2b: Delphox|spa|1\n|\n|-heal|p1b: Umbreon|47/100|[from] item: Leftovers\n|upkeep\n|turn|10\n|\n|t:|1776043352\n|move|p2b: Delphox|Psyshock|p1a: Glimmora\n|-supereffective|p1a: Glimmora|1\n|-damage|p1a: Glimmora|0 fnt\n|faint|p1a: Glimmora\n|move|p2a: Incineroar|Flare Blitz|p1b: Umbreon\n|-damage|p1b: Umbreon|12/100\n|-damage|p2a: Incineroar|0 fnt|[from] Recoil\n|faint|p2a: Incineroar\n|move|p1b: Umbreon|Snarl|p2b: Delphox\n|-supereffective|p2b: Delphox|1\n|-crit|p2b: Delphox\n|-damage|p2b: Delphox|4/100\n|-unboost|p2b: Delphox|spa|1\n|\n|-heal|p1b: Umbreon|18/100|[from] item: Leftovers\n|upkeep\n|turn|11\n|\n|t:|1776043368\n|move|p1b: Umbreon|Detect|p1b: Umbreon\n|-singleturn|p1b: Umbreon|Protect\n|move|p2b: Delphox|Heat Wave|p1b: Umbreon\n|-activate|p1b: Umbreon|move: Protect\n|\n|-heal|p1b: Umbreon|24/100|[from] item: Leftovers\n|upkeep\n|turn|12\n|\n|t:|1776043377\n|move|p2b: Delphox|Encore|p1b: Umbreon\n|-start|p1b: Umbreon|Encore\n|move|p1b: Umbreon|Detect||[still]\n|-fail|p1b: Umbreon\n|\n|-heal|p1b: Umbreon|30/100|[from] item: Leftovers\n|upkeep\n|turn|13\n|\n|t:|1776043382\n|move|p1b: Umbreon|Detect|p1b: Umbreon\n|-singleturn|p1b: Umbreon|Protect\n|move|p2b: Delphox|Heat Wave|p1b: Umbreon\n|-activate|p1b: Umbreon|move: Protect\n|\n|-heal|p1b: Umbreon|36/100|[from] item: Leftovers\n|upkeep\n|turn|14\n|\n|t:|1776043391\n|move|p1b: Umbreon|Detect|p1b: Umbreon\n|-singleturn|p1b: Umbreon|Protect\n|move|p2b: Delphox|Heat Wave|p1b: Umbreon\n|-activate|p1b: Umbreon|move: Protect\n|\n|-heal|p1b: Umbreon|42/100|[from] item: Leftovers\n|-end|p1b: Umbreon|Encore\n|upkeep\n|turn|15\n|\n|t:|1776043402\n|move|p2b: Delphox|Encore|p1b: Umbreon\n|-start|p1b: Umbreon|Encore\n|move|p1b: Umbreon|Detect||[still]\n|-fail|p1b: Umbreon\n|\n|-heal|p1b: Umbreon|48/100|[from] item: Leftovers\n|upkeep\n|turn|16\n|\n|t:|1776043407\n|move|p1b: Umbreon|Detect|p1b: Umbreon\n|-singleturn|p1b: Umbreon|Protect\n|move|p2b: Delphox|Heat Wave|p1b: Umbreon\n|-activate|p1b: Umbreon|move: Protect\n|\n|-heal|p1b: Umbreon|54/100|[from] item: Leftovers\n|upkeep\n|turn|17\n|\n|t:|1776043416\n|move|p1b: Umbreon|Detect||[still]\n|-fail|p1b: Umbreon\n|move|p2b: Delphox|Heat Wave|p1b: Umbreon|[miss]\n|-miss|p2b: Delphox|p1b: Umbreon\n|\n|-heal|p1b: Umbreon|60/100|[from] item: Leftovers\n|-end|p1b: Umbreon|Encore\n|upkeep\n|turn|18\n|\n|t:|1776043428\n|move|p2b: Delphox|Heat Wave|p1b: Umbreon\n|-damage|p1b: Umbreon|48/100\n|move|p1b: Umbreon|Foul Play|p2b: Delphox\n|-supereffective|p2b: Delphox|1\n|-damage|p2b: Delphox|0 fnt\n|faint|p2b: Delphox\n|\n|win|greeencross\n|raw|greeencross's rating: 1265 &rarr; <strong>1291</strong><br />(+26 for winning)\n|raw|Mr James Freak's rating: 1284 &rarr; <strong>1258</strong><br />(-26 for losing)\n|l|\u2606Mr James Freak\n|player|p2|\n",
  "uploadtime": 1776043461,
  "views": 27,
  "formatid": "gen9championsvgc2026regma",
  "rating": 1258,
  "private": 0,
  "password": null
}