{
  "id": "gen9championsvgc2026regma-2586806674",
  "format": "[Gen 9 Champions] VGC 2026 Reg M-A",
  "players": [
    "skittycel",
    "celaerity"
  ],
  "log": "|j|\u2606skittycel\n|j|\u2606celaerity\n|t:|1776461455\n|gametype|doubles\n|player|p1|skittycel|#pmpliiidachsbuns|\n|player|p2|celaerity|mars|\n|gen|9\n|tier|[Gen 9 Champions] VGC 2026 Reg M-A\n|rated|Tournament battle\n|rule|Species Clause: Limit one of each Pok\u00e9mon\n|rule|Item Clause: Limit 1 of each item\n|raw|<div class=\"infobox\"><details class=\"readmore\" open><summary><strong>1 custom rule:</strong></summary> Force Open Team Sheets</details></div>\n|clearpoke\n|poke|p1|Dragonite, L50, F|\n|poke|p1|Gardevoir, L50, M|\n|poke|p1|Rotom-Wash, L50|\n|poke|p1|Maushold, L50|\n|poke|p1|Kingambit, L50, M|\n|poke|p1|Gengar, L50, M|\n|poke|p2|Tyranitar, L50, M|\n|poke|p2|Meganium, L50, M|\n|poke|p2|Basculegion, L50, M|\n|poke|p2|Garchomp, L50, M|\n|poke|p2|Sneasler, L50, F|\n|poke|p2|Aerodactyl, L50, M|\n|teampreview|4\n|showteam|p1|Dragonite||LumBerry|Multiscale|DragonClaw,FirePunch,Tailwind,Protect|||F|||50|]Gardevoir||Gardevoirite|Trace|HyperVoice,Psyshock,TrickRoom,Protect|||M|||50|]Rotom-Wash||SitrusBerry|Levitate|HydroPump,VoltSwitch,WillOWisp,Thunderbolt||||||50|]Maushold||FocusSash|FriendGuard|SuperFang,FollowMe,Protect,Feint||||||50|]Kingambit||BlackGlasses|Defiant|KowtowCleave,SuckerPunch,LowKick,Protect|||M|||50|]Gengar||Gengarite|CursedBody|ShadowBall,SludgeBomb,Psychic,Protect|||M|||50|\n|showteam|p2|Tyranitar||Tyranitarite|SandStream|RockSlide,LowKick,KnockOff,Protect|||M|||50|]Meganium||Meganiumite|Overgrow|SolarBeam,DazzlingGleam,Protect,WeatherBall|||M|||50|]Basculegion||ChoiceScarf|Adaptability|LastRespects,FlipTurn,AquaJet,WaveCrash|||M|||50|]Garchomp||SoftSand|RoughSkin|ScaleShot,Earthquake,StompingTantrum,Protect|||M|||50|]Sneasler||WhiteHerb|Unburden|CloseCombat,DireClaw,FakeOut,Protect|||F|||50|]Aerodactyl||FocusSash|Unnerve|RockSlide,DualWingbeat,Tailwind,Protect|||M|||50|\n|inactive|Battle timer is ON: inactive players will automatically lose when time's up. (requested by skittycel)\n|j| OnToTheOther\n|j| Chikitriskis\n|inactive|skittycel has 60 seconds left.\n|inactive|celaerity has 60 seconds left.\n|inactive|skittycel has 30 seconds left.\n|inactive|celaerity has 30 seconds left.\n|inactive|celaerity has 20 seconds left.\n|inactive|celaerity has 15 seconds left.\n|j|@Therazer456\n|inactive|celaerity has 10 seconds left.\n|j| RomiiJ\n|\n|t:|1776461540\n|teamsize|p1|4\n|teamsize|p2|4\n|start\n|switch|p1a: Gardevoir|Gardevoir, L50, M, shiny|100/100\n|switch|p1b: Rotom|Rotom-Wash, L50|100/100\n|switch|p2a: Tyranitar|Tyranitar, L50, M|100/100\n|switch|p2b: Aerodactyl|Aerodactyl, L50, M|100/100\n|-ability|p2b: Aerodactyl|Unnerve\n|-weather|Sandstorm|[from] ability: Sand Stream|[of] p2a: Tyranitar\n|-ability|p1a: Gardevoir|Unnerve|Trace|[from] ability: Trace|[of] p2b: Aerodactyl\n|-ability|p1a: Gardevoir|Unnerve\n|turn|1\n|\n|t:|1776461564\n|detailschange|p2a: Tyranitar|Tyranitar-Mega, L50, M\n|-mega|p2a: Tyranitar|Tyranitar|Tyranitarite\n|detailschange|p1a: Gardevoir|Gardevoir-Mega, L50, M, shiny\n|-mega|p1a: Gardevoir|Gardevoir|Gardevoirite\n|move|p2b: Aerodactyl|Rock Slide|p1b: Rotom|[spread] p1a,p1b\n|-damage|p1a: Gardevoir|66/100\n|-damage|p1b: Rotom|78/100\n|move|p2a: Tyranitar|Rock Slide|p1a: Gardevoir|[spread] p1a,p1b\n|-damage|p1a: Gardevoir|24/100\n|-damage|p1b: Rotom|47/100\n|move|p1a: Gardevoir|Hyper Voice|p2a: Tyranitar|[spread] p2a,p2b\n|-supereffective|p2a: Tyranitar|1\n|-damage|p2a: Tyranitar|42/100\n|-damage|p2b: Aerodactyl|60/100\n|cant|p1b: Rotom|flinch\n|\n|-weather|Sandstorm|[upkeep]\n|-damage|p1a: Gardevoir|19/100|[from] Sandstorm\n|-damage|p1b: Rotom|41/100|[from] Sandstorm\n|upkeep\n|turn|2\n|j| Pluto_Traxz#582495\n|inactive|skittycel has 30 seconds left.\n|inactive|celaerity has 30 seconds left.\n|\n|t:|1776461599\n|move|p1a: Gardevoir|Protect|p1a: Gardevoir\n|-singleturn|p1a: Gardevoir|Protect\n|move|p2b: Aerodactyl|Rock Slide|p1a: Gardevoir|[spread] p1b\n|-activate|p1a: Gardevoir|move: Protect\n|-damage|p1b: Rotom|20/100\n|move|p2a: Tyranitar|Rock Slide|p1a: Gardevoir|[spread] p1b\n|-activate|p1a: Gardevoir|move: Protect\n|-damage|p1b: Rotom|0 fnt\n|faint|p1b: Rotom\n|\n|-weather|Sandstorm|[upkeep]\n|-damage|p1a: Gardevoir|13/100|[from] Sandstorm\n|upkeep\n|\n|t:|1776461605\n|switch|p1b: Kingambit|Kingambit, L50, M|100/100\n|turn|3\n|l|@Therazer456\n|\n|t:|1776461619\n|switch|p1a: Maushold|Maushold, L50|100/100\n|move|p1b: Kingambit|Sucker Punch|p2b: Aerodactyl\n|-damage|p2b: Aerodactyl|0 fnt\n|faint|p2b: Aerodactyl\n|move|p2a: Tyranitar|Low Kick|p1b: Kingambit\n|-supereffective|p1b: Kingambit|2\n|-damage|p1b: Kingambit|11/100\n|\n|-weather|Sandstorm|[upkeep]\n|-damage|p1a: Maushold|94/100|[from] Sandstorm\n|upkeep\n|\n|t:|1776461627\n|switch|p2b: Sneasler|Sneasler, L50, F|100/100\n|turn|4\n|j| AFRRB\n|inactive|skittycel has 30 seconds left.\n|inactive|celaerity has 30 seconds left.\n|\n|t:|1776461661\n|move|p1a: Maushold|Protect|p1a: Maushold\n|-singleturn|p1a: Maushold|Protect\n|move|p1b: Kingambit|Protect|p1b: Kingambit\n|-singleturn|p1b: Kingambit|Protect\n|move|p2b: Sneasler|Fake Out|p1a: Maushold\n|-activate|p1a: Maushold|move: Protect\n|move|p2a: Tyranitar|Low Kick|p1b: Kingambit\n|-activate|p1b: Kingambit|move: Protect\n|\n|-weather|Sandstorm|[upkeep]\n|-damage|p1a: Maushold|88/100|[from] Sandstorm\n|-damage|p2b: Sneasler|95/100|[from] Sandstorm\n|upkeep\n|turn|5\n|inactive|skittycel has 30 seconds left.\n|\n|t:|1776461694\n|move|p1a: Maushold|Feint|p2b: Sneasler\n|-damage|p2b: Sneasler|84/100\n|move|p1b: Kingambit|Sucker Punch|p2b: Sneasler\n|-resisted|p2b: Sneasler|1\n|-damage|p2b: Sneasler|57/100\n|move|p2b: Sneasler|Close Combat|p1a: Maushold\n|-supereffective|p1a: Maushold|1\n|-damage|p1a: Maushold|0 fnt\n|-unboost|p2b: Sneasler|def|1\n|-unboost|p2b: Sneasler|spd|1\n|faint|p1a: Maushold\n|-enditem|p2b: Sneasler|White Herb\n|-clearnegativeboost|p2b: Sneasler|[silent]\n|move|p2a: Tyranitar|Low Kick|p1b: Kingambit\n|-supereffective|p1b: Kingambit|2\n|-damage|p1b: Kingambit|0 fnt\n|faint|p1b: Kingambit\n|\n|-weather|none\n|upkeep\n|\n|t:|1776461698\n|switch|p1b: Gardevoir|Gardevoir-Mega, L50, M, shiny|13/100\n|turn|6\n|\n|t:|1776461706\n|move|p2b: Sneasler|Dire Claw|p1b: Gardevoir\n|-supereffective|p1b: Gardevoir|1\n|-damage|p1b: Gardevoir|0 fnt\n|faint|p1b: Gardevoir\n|\n|win|celaerity\n|n|\u2606skittycel|skittycel\n|n|\u2606celaerity|celaerity\n|n| OnToTheOther|ontotheother\n|n| Chikitriskis|chikitriskis\n|n| RomiiJ|romiij\n|n| Pluto_Traxz#582495|plutotraxz582495\n|n| AFRRB|afrrb\n",
  "uploadtime": 1776461710,
  "views": 17,
  "formatid": "gen9championsvgc2026regma",
  "rating": null,
  "private": 0,
  "password": null
}