{
  "id": "gen9championsvgc2026regma-2580563649",
  "format": "[Gen 9 Champions] VGC 2026 Reg M-A",
  "players": [
    "pits fiend",
    "Viophire"
  ],
  "log": "|j|\u2606pits fiend\n|j|\u2606Viophire\n|html|<table width=\"100%\"><tr><td align=\"left\">pits fiend</td><td align=\"right\">Viophire</tr><tr><td align=\"left\"><i class=\"fa fa-circle\"></i> <i class=\"fa fa-circle-o\"></i> </td><td align=\"right\"><i class=\"fa fa-circle-o\"></i> <i class=\"fa fa-circle-o\"></i> </tr></table>\n|uhtml|bestof|<h2><strong>Game 2</strong> of <a href=\"/game-bestof3-gen9championsvgc2026regma-2580559242\">a best-of-3</a></h2>\n|t:|1775913267\n|gametype|doubles\n|player|p1|pits fiend|gwynn|\n|player|p2|Viophire|rosa|\n|gen|9\n|tier|[Gen 9 Champions] VGC 2026 Reg M-A\n|rated|Tournament battle\n|rule|Species Clause: Limit one of each Pok\u00e9mon\n|rule|Item Clause: Limit 1 of each item\n|raw|<div class=\"infobox\"><details class=\"readmore\" open><summary><strong>2 custom rules:</strong></summary> Force Open Team Sheets, Best of = 3</details></div>\n|clearpoke\n|poke|p1|Gardevoir, L50, F|\n|poke|p1|Garchomp, L50, F|\n|poke|p1|Rotom-Wash, L50|\n|poke|p1|Tsareena, L50, F|\n|poke|p1|Incineroar, L50, M|\n|poke|p1|Sneasler, L50, F|\n|poke|p2|Charizard, L50, F|\n|poke|p2|Primarina, L50, F|\n|poke|p2|Incineroar, L50, F|\n|poke|p2|Garchomp, L50, F|\n|poke|p2|Ninetales-Alola, L50, F|\n|poke|p2|Venusaur, L50, F|\n|teampreview|4\n|showteam|p1|Gardevoir||Gardevoirite|Trace|HyperVoice,Psyshock,Protect,TrickRoom|||F|||50|]Garchomp||SoftSand|SandVeil|Earthquake,DragonClaw,StompingTantrum,Protect|||F|||50|]Rotom-Wash||ChoiceScarf|Levitate|Electroweb,VoltSwitch,Thunderbolt,HydroPump||||||50|]Tsareena||OccaBerry|QueenlyMajesty|TropKick,TripleAxel,Protect,HelpingHand|||F|||50|]Incineroar||SitrusBerry|Intimidate|FakeOut,ThroatChop,PartingShot,FlareBlitz|||M|||50|]Sneasler||WhiteHerb|Unburden|CloseCombat,DireClaw,FakeOut,Protect|||F|||50|\n|showteam|p2|Charizard||CharizarditeX|Blaze|FlareBlitz,DragonClaw,DragonDance,Protect|||F|||50|]Primarina||Leftovers|LiquidVoice|HyperVoice,Moonblast,CalmMind,Protect|||F|||50|]Incineroar||SitrusBerry|Intimidate|FakeOut,FlareBlitz,ThroatChop,PartingShot|||F|||50|]Garchomp||WhiteHerb|RoughSkin|ScaleShot,StompingTantrum,RockSlide,Protect|||F|||50|]Ninetales-Alola||NeverMeltIce|SnowWarning|Blizzard,Moonblast,AuroraVeil,Protect|||F|||50|]Venusaur||Venusaurite|Chlorophyll|GigaDrain,SludgeBomb,Protect,SleepPowder|||F|||50|\n|\n|t:|1775913309\n|teamsize|p1|4\n|teamsize|p2|4\n|start\n|switch|p1a: Sneasler|Sneasler, L50, F|100/100\n|switch|p1b: Rotom|Rotom-Wash, L50|100/100\n|switch|p2a: Super Creek|Ninetales-Alola, L50, F|100/100\n|switch|p2b: Nishino Flower|Venusaur, L50, F|100/100\n|-weather|Snowscape|[from] ability: Snow Warning|[of] p2a: Super Creek\n|turn|1\n|\n|t:|1775913339\n|move|p2a: Super Creek|Protect|p2a: Super Creek\n|-singleturn|p2a: Super Creek|Protect\n|move|p2b: Nishino Flower|Protect|p2b: Nishino Flower\n|-singleturn|p2b: Nishino Flower|Protect\n|move|p1b: Rotom|Volt Switch|p2b: Nishino Flower\n|-activate|p2b: Nishino Flower|move: Protect\n|move|p1a: Sneasler|Dire Claw|p2a: Super Creek\n|-activate|p2a: Super Creek|move: Protect\n|\n|-weather|Snowscape|[upkeep]\n|upkeep\n|turn|2\n|\n|t:|1775913358\n|switch|p2a: Nice Nature|Incineroar, L50, F|100/100\n|-ability|p2a: Nice Nature|Intimidate|boost\n|-unboost|p1a: Sneasler|atk|1\n|-unboost|p1b: Rotom|atk|1\n|-enditem|p1a: Sneasler|White Herb\n|-clearnegativeboost|p1a: Sneasler|[silent]\n|move|p1a: Sneasler|Dire Claw|p2a: Nice Nature\n|-damage|p2a: Nice Nature|64/100\n|move|p1b: Rotom|Volt Switch|p2a: Nice Nature\n|-damage|p2a: Nice Nature|37/100\n|-enditem|p2a: Nice Nature|Sitrus Berry|[eat]\n|-heal|p2a: Nice Nature|62/100|[from] item: Sitrus Berry\n|\n|t:|1775913369\n|switch|p1b: Incineroar|Incineroar, L50, M|100/100|[from] Volt Switch\n|-ability|p1b: Incineroar|Intimidate|boost\n|-unboost|p2a: Nice Nature|atk|1\n|-unboost|p2b: Nishino Flower|atk|1\n|move|p2b: Nishino Flower|Sleep Powder|p1b: Incineroar|[miss]\n|-miss|p2b: Nishino Flower|p1b: Incineroar\n|\n|-weather|Snowscape|[upkeep]\n|upkeep\n|turn|3\n|\n|t:|1775913385\n|switch|p2b: Mejiro Ardan|Charizard, L50, F|100/100\n|move|p1a: Sneasler|Protect|p1a: Sneasler\n|-singleturn|p1a: Sneasler|Protect\n|move|p2a: Nice Nature|Fake Out|p1a: Sneasler\n|-activate|p1a: Sneasler|move: Protect\n|move|p1b: Incineroar|Flare Blitz|p2b: Mejiro Ardan\n|-resisted|p2b: Mejiro Ardan|1\n|-damage|p2b: Mejiro Ardan|73/100\n|-damage|p1b: Incineroar|93/100|[from] Recoil\n|\n|-weather|Snowscape|[upkeep]\n|upkeep\n|turn|4\n|\n|t:|1775913443\n|switch|p2a: Super Creek|Ninetales-Alola, L50, F|100/100\n|move|p2b: Mejiro Ardan|Protect|p2b: Mejiro Ardan\n|-singleturn|p2b: Mejiro Ardan|Protect\n|move|p1a: Sneasler|Close Combat|p2b: Mejiro Ardan\n|-activate|p2b: Mejiro Ardan|move: Protect\n|move|p1b: Incineroar|Parting Shot|p2a: Super Creek\n|-unboost|p2a: Super Creek|atk|1\n|-unboost|p2a: Super Creek|spa|1\n|\n|t:|1775913450\n|switch|p1b: Rotom|Rotom-Wash, L50|100/100|[from] Parting Shot\n|\n|-weather|Snowscape|[upkeep]\n|upkeep\n|turn|5\n|\n|t:|1775913484\n|switch|p2a: Nice Nature|Incineroar, L50, F|62/100\n|-ability|p2a: Nice Nature|Intimidate|boost\n|-unboost|p1a: Sneasler|atk|1\n|-unboost|p1b: Rotom|atk|1\n|switch|p2b: Nishino Flower|Venusaur, L50, F|100/100\n|move|p1a: Sneasler|Close Combat|p2b: Nishino Flower\n|-resisted|p2b: Nishino Flower|1\n|-damage|p2b: Nishino Flower|76/100\n|-unboost|p1a: Sneasler|def|1\n|-unboost|p1a: Sneasler|spd|1\n|move|p1b: Rotom|Volt Switch|p2a: Nice Nature\n|-damage|p2a: Nice Nature|38/100\n|j| Grandpa Seedot VGC\n|l|\u2606Viophire\n|player|p2|\n|\n|t:|1775913497\n|switch|p1b: Incineroar|Incineroar, L50, M|93/100|[from] Volt Switch\n|-ability|p1b: Incineroar|Intimidate|boost\n|-unboost|p2a: Nice Nature|atk|1\n|-unboost|p2b: Nishino Flower|atk|1\n|\n|-weather|none\n|upkeep\n|turn|6\n|l| Grandpa Seedot VGC\n|j|\u2606Viophire\n|player|p2|Viophire|rosa|\n|\n|t:|1775913603\n|detailschange|p2b: Nishino Flower|Venusaur-Mega, L50, F\n|-mega|p2b: Nishino Flower|Venusaur|Venusaurite\n|move|p1b: Incineroar|Fake Out|p2b: Nishino Flower\n|-damage|p2b: Nishino Flower|67/100\n|move|p2a: Nice Nature|Fake Out|p1a: Sneasler\n|-damage|p1a: Sneasler|79/100\n|cant|p1a: Sneasler|flinch\n|cant|p2b: Nishino Flower|flinch\n|\n|upkeep\n|turn|7\n|\n|t:|1775913643\n|switch|p2a: Mejiro Ardan|Charizard, L50, F|73/100\n|move|p1a: Sneasler|Dire Claw|p2a: Mejiro Ardan\n|-damage|p2a: Mejiro Ardan|38/100\n|move|p2b: Nishino Flower|Sludge Bomb|p1a: Sneasler\n|-resisted|p1a: Sneasler|1\n|-damage|p1a: Sneasler|36/100\n|move|p1b: Incineroar|Parting Shot|p2b: Nishino Flower\n|-unboost|p2b: Nishino Flower|atk|1\n|-unboost|p2b: Nishino Flower|spa|1\n|\n|t:|1775913653\n|switch|p1b: Gardevoir|Gardevoir, L50, F, shiny|100/100|[from] Parting Shot\n|-ability|p1b: Gardevoir|Blaze|Trace|[from] ability: Trace|[of] p2a: Mejiro Ardan\n|\n|upkeep\n|turn|8\n|\n|t:|1775913680\n|switch|p2b: Nice Nature|Incineroar, L50, F|38/100\n|-ability|p2b: Nice Nature|Intimidate|boost\n|-unboost|p1a: Sneasler|atk|1\n|-unboost|p1b: Gardevoir|atk|1\n|move|p1b: Gardevoir|Protect|p1b: Gardevoir\n|-singleturn|p1b: Gardevoir|Protect\n|move|p2a: Mejiro Ardan|Protect|p2a: Mejiro Ardan\n|-singleturn|p2a: Mejiro Ardan|Protect\n|move|p1a: Sneasler|Dire Claw|p2a: Mejiro Ardan\n|-activate|p2a: Mejiro Ardan|move: Protect\n|\n|upkeep\n|turn|9\n|\n|t:|1775913700\n|switch|p1b: Incineroar|Incineroar, L50, M|93/100\n|-ability|p1b: Incineroar|Intimidate|boost\n|-unboost|p2a: Mejiro Ardan|atk|1\n|-unboost|p2b: Nice Nature|atk|1\n|move|p2b: Nice Nature|Fake Out|p1b: Incineroar\n|-damage|p1b: Incineroar|86/100\n|move|p1a: Sneasler|Dire Claw|p2a: Mejiro Ardan\n|-crit|p2a: Mejiro Ardan\n|-damage|p2a: Mejiro Ardan|0 fnt\n|faint|p2a: Mejiro Ardan\n|\n|upkeep\n|\n|t:|1775913710\n|switch|p2a: Super Creek|Ninetales-Alola, L50, F|100/100\n|-weather|Snowscape|[from] ability: Snow Warning|[of] p2a: Super Creek\n|turn|10\n|\n|t:|1775913735\n|switch|p2b: Nishino Flower|Venusaur-Mega, L50, F|67/100\n|move|p2a: Super Creek|Protect|p2a: Super Creek\n|-singleturn|p2a: Super Creek|Protect\n|move|p1a: Sneasler|Close Combat|p2b: Nishino Flower\n|-resisted|p2b: Nishino Flower|1\n|-damage|p2b: Nishino Flower|54/100\n|-unboost|p1a: Sneasler|def|1\n|-unboost|p1a: Sneasler|spd|1\n|move|p1b: Incineroar|Flare Blitz|p2a: Super Creek\n|-activate|p2a: Super Creek|move: Protect\n|\n|-weather|Snowscape|[upkeep]\n|upkeep\n|turn|11\n|\n|t:|1775913758\n|move|p1a: Sneasler|Dire Claw|p2b: Nishino Flower\n|-damage|p2b: Nishino Flower|38/100\n|move|p2a: Super Creek|Aurora Veil|p2a: Super Creek\n|-sidestart|p2: Viophire|move: Aurora Veil\n|move|p2b: Nishino Flower|Giga Drain|p1a: Sneasler\n|-resisted|p1a: Sneasler|1\n|-damage|p1a: Sneasler|0 fnt\n|-heal|p2b: Nishino Flower|53/100|[from] drain|[of] p1a: Sneasler\n|faint|p1a: Sneasler\n|move|p1b: Incineroar|Parting Shot|p2a: Super Creek\n|-unboost|p2a: Super Creek|atk|1\n|-unboost|p2a: Super Creek|spa|1\n|\n|t:|1775913768\n|switch|p1b: Gardevoir|Gardevoir, L50, F, shiny|100/100|[from] Parting Shot\n|-ability|p1b: Gardevoir|Snow Warning|Trace|[from] ability: Trace|[of] p2a: Super Creek\n|\n|-weather|Snowscape|[upkeep]\n|upkeep\n|\n|t:|1775913774\n|switch|p1a: Incineroar|Incineroar, L50, M|86/100\n|-ability|p1a: Incineroar|Intimidate|boost\n|-unboost|p2a: Super Creek|atk|1\n|-unboost|p2b: Nishino Flower|atk|1\n|turn|12\n|j| WishMkrLucy\n|\n|t:|1775913798\n|switch|p2a: Nice Nature|Incineroar, L50, F|38/100\n|-ability|p2a: Nice Nature|Intimidate|boost\n|-unboost|p1a: Incineroar|atk|1\n|-unboost|p1b: Gardevoir|atk|1\n|detailschange|p1b: Gardevoir|Gardevoir-Mega, L50, F, shiny\n|-mega|p1b: Gardevoir|Gardevoir|Gardevoirite\n|move|p2b: Nishino Flower|Protect|p2b: Nishino Flower\n|-singleturn|p2b: Nishino Flower|Protect\n|move|p1b: Gardevoir|Psyshock|p2b: Nishino Flower\n|-activate|p2b: Nishino Flower|move: Protect\n|move|p1a: Incineroar|Flare Blitz|p2a: Nice Nature\n|-resisted|p2a: Nice Nature|1\n|-damage|p2a: Nice Nature|29/100\n|-damage|p1a: Incineroar|83/100|[from] Recoil\n|\n|-weather|Snowscape|[upkeep]\n|upkeep\n|turn|13\n|\n|t:|1775913820\n|move|p1b: Gardevoir|Protect|p1b: Gardevoir\n|-singleturn|p1b: Gardevoir|Protect\n|move|p2a: Nice Nature|Fake Out|p1b: Gardevoir\n|-activate|p1b: Gardevoir|move: Protect\n|move|p2b: Nishino Flower|Sleep Powder|p1a: Incineroar|[miss]\n|-miss|p2b: Nishino Flower|p1a: Incineroar\n|move|p1a: Incineroar|Parting Shot|p2b: Nishino Flower\n|-unboost|p2b: Nishino Flower|atk|1\n|-unboost|p2b: Nishino Flower|spa|1\n|\n|t:|1775913828\n|switch|p1a: Rotom|Rotom-Wash, L50|100/100|[from] Parting Shot\n|\n|-weather|Snowscape|[upkeep]\n|upkeep\n|turn|14\n|\n|t:|1775913853\n|switch|p2a: Super Creek|Ninetales-Alola, L50, F|100/100\n|move|p1a: Rotom|Hydro Pump|p2a: Super Creek\n|-damage|p2a: Super Creek|62/100\n|move|p1b: Gardevoir|Psyshock|p2b: Nishino Flower\n|-supereffective|p2b: Nishino Flower|1\n|-damage|p2b: Nishino Flower|0 fnt\n|faint|p2b: Nishino Flower\n|\n|-weather|none\n|upkeep\n|\n|t:|1775913860\n|switch|p2b: Nice Nature|Incineroar, L50, F|29/100\n|-ability|p2b: Nice Nature|Intimidate|boost\n|-unboost|p1a: Rotom|atk|1\n|-unboost|p1b: Gardevoir|atk|1\n|turn|15\n|-message|Viophire forfeited.\n|\n|win|pits fiend\n",
  "uploadtime": 1775913871,
  "views": 11,
  "formatid": "gen9championsvgc2026regma",
  "rating": null,
  "private": 0,
  "password": null
}