{
  "id": "gen9championsvgc2026regma-2580585003",
  "format": "[Gen 9 Champions] VGC 2026 Reg M-A",
  "players": [
    "rexoguns",
    "Noobilio"
  ],
  "log": "|j|\u2606rexoguns\n|j|\u2606Noobilio\n|t:|1775915445\n|gametype|doubles\n|player|p1|rexoguns|ingo|1206\n|player|p2|Noobilio|nurse|1221\n|gen|9\n|tier|[Gen 9 Champions] VGC 2026 Reg M-A\n|rated|\n|rule|Species Clause: Limit one of each Pok\u00e9mon\n|rule|Item Clause: Limit 1 of each item\n|clearpoke\n|poke|p1|Kingambit, L50, F|\n|poke|p1|Delphox, L50, F|\n|poke|p1|Basculegion, L50, M|\n|poke|p1|Sneasler, L50, F|\n|poke|p1|Garchomp, L50, M|\n|poke|p1|Clefable, L50, M|\n|poke|p2|Aerodactyl, L50, M|\n|poke|p2|Incineroar, L50, F|\n|poke|p2|Floette-Eternal, L50, F|\n|poke|p2|Basculegion, L50, M|\n|poke|p2|Garchomp, L50, F|\n|poke|p2|Sneasler, L50, F|\n|teampreview|4\n|inactive|Battle timer is ON: inactive players will automatically lose when time's up. (requested by rexoguns)\n|inactive|rexoguns has 60 seconds left.\n|inactive|Noobilio has 60 seconds left.\n|\n|t:|1775915485\n|teamsize|p1|4\n|teamsize|p2|4\n|start\n|switch|p1a: Delphox|Delphox, L50, F|100/100\n|switch|p1b: Basculegion|Basculegion, L50, M|100/100\n|switch|p2a: Aerodactyl|Aerodactyl, L50, M|100/100\n|switch|p2b: Garchomp|Garchomp, L50, F|100/100\n|-ability|p2a: Aerodactyl|Unnerve\n|turn|1\n|inactive|rexoguns has 30 seconds left.\n|inactive|Noobilio has 30 seconds left.\n|inactive|Noobilio has 20 seconds left.\n|inactive|rexoguns has 20 seconds left.\n|\n|t:|1775915529\n|move|p1a: Delphox|Protect|p1a: Delphox\n|-singleturn|p1a: Delphox|Protect\n|move|p1b: Basculegion|Wave Crash|p2a: Aerodactyl\n|-supereffective|p2a: Aerodactyl|1\n|-enditem|p2a: Aerodactyl|Focus Sash\n|-damage|p2a: Aerodactyl|1/100\n|-damage|p1b: Basculegion|74/100|[from] Recoil\n|move|p2a: Aerodactyl|Tailwind|p2a: Aerodactyl\n|-sidestart|p2: Noobilio|move: Tailwind\n|move|p2b: Garchomp|Rock Slide|p1b: Basculegion|[spread] p1b\n|-activate|p1a: Delphox|move: Protect\n|-damage|p1b: Basculegion|49/100\n|\n|upkeep\n|turn|2\n|inactive|rexoguns has 30 seconds left.\n|inactive|rexoguns has 20 seconds left.\n|\n|t:|1775915568\n|switch|p1b: Sneasler|Sneasler, L50, F|100/100\n|detailschange|p1a: Delphox|Delphox-Mega, L50, F\n|-mega|p1a: Delphox|Delphox|Delphoxite\n|move|p2a: Aerodactyl|Rock Slide|p1a: Delphox|[spread] p1a,p1b\n|-supereffective|p1a: Delphox|1\n|-resisted|p1b: Sneasler|1\n|-damage|p1a: Delphox|20/100\n|-damage|p1b: Sneasler|80/100\n|move|p2b: Garchomp|Earthquake|p1b: Sneasler|[spread] p1b\n|-immune|p2a: Aerodactyl\n|-immune|p1a: Delphox|[from] ability: Levitate\n|-supereffective|p1b: Sneasler|1\n|-damage|p1b: Sneasler|0 fnt\n|faint|p1b: Sneasler\n|move|p1a: Delphox|Psychic|p2b: Garchomp\n|-damage|p2b: Garchomp|37/100\n|\n|upkeep\n|\n|t:|1775915584\n|switch|p1b: Basculegion|Basculegion, L50, M|49/100\n|turn|3\n|\n|t:|1775915608\n|move|p1a: Delphox|Protect|p1a: Delphox\n|-singleturn|p1a: Delphox|Protect\n|move|p1b: Basculegion|Aqua Jet|p2a: Aerodactyl\n|-supereffective|p2a: Aerodactyl|1\n|-damage|p2a: Aerodactyl|0 fnt\n|faint|p2a: Aerodactyl\n|move|p2b: Garchomp|Earthquake|p1a: Delphox|[spread] p1b\n|-activate|p1a: Delphox|move: Protect\n|-damage|p1b: Basculegion|1/100\n|\n|upkeep\n|\n|t:|1775915622\n|switch|p2a: Floette|Floette-Eternal, L50, F|100/100\n|turn|4\n|\n|t:|1775915644\n|switch|p1a: Clefable|Clefable, L50, M|100/100\n|detailschange|p2a: Floette|Floette-Mega, L50, F\n|-mega|p2a: Floette|Floette|Floettite\n|-ability|p2a: Floette|Fairy Aura\n|move|p1b: Basculegion|Aqua Jet|p2a: Floette\n|-damage|p2a: Floette|67/100\n|move|p2b: Garchomp|Rock Slide|p1a: Clefable|[spread] p1b\n|-miss|p2b: Garchomp|p1a: Clefable\n|-damage|p1b: Basculegion|0 fnt\n|faint|p1b: Basculegion\n|move|p2a: Floette|Dazzling Gleam|p1a: Clefable\n|-damage|p1a: Clefable|38/100\n|-enditem|p1a: Clefable|Sitrus Berry|[eat]\n|-heal|p1a: Clefable|62/100|[from] item: Sitrus Berry\n|\n|-sideend|p2: Noobilio|move: Tailwind\n|upkeep\n|\n|t:|1775915657\n|switch|p1b: Delphox|Delphox-Mega, L50, F|20/100\n|turn|5\n|\n|t:|1775915676\n|move|p1a: Clefable|Helping Hand|p1b: Delphox\n|-singleturn|p1b: Delphox|Helping Hand|[of] p1a: Clefable\n|move|p1b: Delphox|Heat Wave|p2a: Floette|[spread] p2a,p2b\n|-resisted|p2b: Garchomp|1\n|-crit|p2b: Garchomp\n|-damage|p2a: Floette|16/100\n|-damage|p2b: Garchomp|0 fnt\n|faint|p2b: Garchomp\n|move|p2a: Floette|Dazzling Gleam|p1a: Clefable|[spread] p1a,p1b\n|-resisted|p1b: Delphox|1\n|-damage|p1a: Clefable|15/100\n|-damage|p1b: Delphox|0 fnt\n|faint|p1b: Delphox\n|\n|upkeep\n|\n|t:|1775915685\n|switch|p2b: Basculegion|Basculegion, L50, M|100/100\n|turn|6\n|-message|rexoguns forfeited.\n|\n|win|Noobilio\n|raw|rexoguns's rating: 1206 &rarr; <strong>1182</strong><br />(-24 for losing)\n|raw|Noobilio's rating: 1221 &rarr; <strong>1245</strong><br />(+24 for winning)\n|l|\u2606rexoguns\n|player|p1|\n",
  "uploadtime": 1775915694,
  "views": 20,
  "formatid": "gen9championsvgc2026regma",
  "rating": 1182,
  "private": 0,
  "password": null
}