{
  "id": "gen9championsvgc2026regma-2581194189",
  "format": "[Gen 9 Champions] VGC 2026 Reg M-A",
  "players": [
    "It'sJustKen VGC",
    "choopingas"
  ],
  "log": "|j|\u2606It'sJustKen VGC\n|j|\u2606choopingas\n|t:|1775969330\n|gametype|doubles\n|player|p1|It'sJustKen VGC|player-go|\n|player|p2|choopingas|fisherman-gen4|\n|gen|9\n|tier|[Gen 9 Champions] VGC 2026 Reg M-A\n|rated|Tournament battle\n|rule|Species Clause: Limit one of each Pok\u00e9mon\n|rule|Item Clause: Limit 1 of each item\n|clearpoke\n|poke|p1|Farigiraf, L50, M|\n|poke|p1|Incineroar, L50, F|\n|poke|p1|Torkoal, L50, F|\n|poke|p1|Charizard, L50, M|\n|poke|p1|Dragonite, L50, F|\n|poke|p1|Typhlosion-Hisui, L50, F|\n|poke|p2|Froslass, L50, F|\n|poke|p2|Basculegion, L50, M|\n|poke|p2|Orthworm, L50, M|\n|poke|p2|Garchomp, L50, M|\n|poke|p2|Incineroar, L50, M|\n|poke|p2|Rotom-Frost, L50|\n|teampreview|4\n|inactive|Battle timer is ON: inactive players will automatically lose when time's up. (requested by It'sJustKen VGC)\n|j| Wheeel\n|j| viaaaaaan\n|l| viaaaaaan\n|inactive|choopingas has 60 seconds left.\n|\n|t:|1775969366\n|teamsize|p1|4\n|teamsize|p2|4\n|start\n|switch|p1a: I'm Done Hiding|Farigiraf, L50, M|100/100\n|switch|p1b: Now I'm Shining|Incineroar, L50, F|100/100\n|switch|p2a: Basculegion|Basculegion, L50, M|100/100\n|switch|p2b: Incineroar|Incineroar, L50, M|100/100\n|-ability|p2b: Incineroar|Intimidate|boost\n|-unboost|p1a: I'm Done Hiding|atk|1\n|-unboost|p1b: Now I'm Shining|atk|1\n|-ability|p1b: Now I'm Shining|Intimidate|boost\n|-unboost|p2a: Basculegion|atk|1\n|-unboost|p2b: Incineroar|atk|1\n|turn|1\n|\n|t:|1775969386\n|move|p2b: Incineroar|Protect|p2b: Incineroar\n|-singleturn|p2b: Incineroar|Protect\n|move|p1b: Now I'm Shining|Fake Out|p2b: Incineroar\n|-activate|p2b: Incineroar|move: Protect\n|move|p2a: Basculegion|Wave Crash|p1b: Now I'm Shining\n|-supereffective|p1b: Now I'm Shining|1\n|-damage|p1b: Now I'm Shining|21/100\n|-enditem|p1b: Now I'm Shining|Sitrus Berry|[eat]\n|-heal|p1b: Now I'm Shining|46/100|[from] item: Sitrus Berry\n|-damage|p2a: Basculegion|73/100|[from] Recoil\n|move|p1a: I'm Done Hiding|Trick Room|p1a: I'm Done Hiding\n|-fieldstart|move: Trick Room|[of] p1a: I'm Done Hiding\n|\n|upkeep\n|turn|2\n|inactive|choopingas has 30 seconds left.\n|inactive|choopingas has 20 seconds left.\n|inactive|choopingas has 15 seconds left.\n|inactive|choopingas has 10 seconds left.\n|\n|t:|1775969434\n|switch|p2a: Garchomp|Garchomp, L50, M|100/100\n|move|p1b: Now I'm Shining|Darkest Lariat|p2a: Garchomp\n|-damage|p2a: Garchomp|72/100\n|-damage|p1b: Now I'm Shining|34/100|[from] ability: Rough Skin|[of] p2a: Garchomp\n|move|p2b: Incineroar|Darkest Lariat|p1a: I'm Done Hiding\n|-supereffective|p1a: I'm Done Hiding|1\n|-damage|p1a: I'm Done Hiding|55/100\n|move|p1a: I'm Done Hiding|Hyper Voice|p2b: Incineroar|[spread] p2a,p2b\n|-damage|p2a: Garchomp|36/100\n|-damage|p2b: Incineroar|77/100\n|\n|upkeep\n|turn|3\n|j| Shlurrrb\n|inactive|It'sJustKen VGC has 30 seconds left.\n|\n|t:|1775969468\n|move|p2a: Garchomp|Protect|p2a: Garchomp\n|-singleturn|p2a: Garchomp|Protect\n|move|p1b: Now I'm Shining|Parting Shot|p2b: Incineroar\n|-unboost|p2b: Incineroar|atk|1\n|-unboost|p2b: Incineroar|spa|1\n|\n|t:|1775969470\n|switch|p1b: Like I'm|Torkoal, L50, F|100/100|[from] Parting Shot\n|-weather|SunnyDay|[from] ability: Drought|[of] p1b: Like I'm\n|move|p2b: Incineroar|Darkest Lariat|p1a: I'm Done Hiding\n|-supereffective|p1a: I'm Done Hiding|1\n|-damage|p1a: I'm Done Hiding|20/100\n|move|p1a: I'm Done Hiding|Hyper Voice|p2b: Incineroar|[spread] p2b\n|-activate|p2a: Garchomp|move: Protect\n|-damage|p2b: Incineroar|52/100\n|\n|-weather|SunnyDay|[upkeep]\n|upkeep\n|turn|4\n|j| Kirnil\n|inactive|choopingas has 30 seconds left.\n|\n|t:|1775969504\n|move|p1a: I'm Done Hiding|Helping Hand|p1b: Like I'm\n|-singleturn|p1b: Like I'm|Helping Hand|[of] p1a: I'm Done Hiding\n|move|p2a: Garchomp|Protect|p2a: Garchomp\n|-singleturn|p2a: Garchomp|Protect\n|move|p1b: Like I'm|Eruption|p2a: Garchomp|[spread] p2b\n|-activate|p2a: Garchomp|move: Protect\n|-resisted|p2b: Incineroar|1\n|-damage|p2b: Incineroar|3/100\n|move|p2b: Incineroar|Darkest Lariat|p1a: I'm Done Hiding\n|-supereffective|p1a: I'm Done Hiding|1\n|-damage|p1a: I'm Done Hiding|0 fnt\n|faint|p1a: I'm Done Hiding\n|\n|-weather|SunnyDay|[upkeep]\n|upkeep\n|\n|t:|1775969512\n|switch|p1a: Now I'm Shining|Incineroar, L50, F|34/100\n|-ability|p1a: Now I'm Shining|Intimidate|boost\n|-unboost|p2a: Garchomp|atk|1\n|-unboost|p2b: Incineroar|atk|1\n|turn|5\n|\n|t:|1775969534\n|move|p2b: Incineroar|Protect|p2b: Incineroar\n|-singleturn|p2b: Incineroar|Protect\n|move|p1b: Like I'm|Eruption|p2a: Garchomp|[spread] p2a\n|-activate|p2b: Incineroar|move: Protect\n|-resisted|p2a: Garchomp|1\n|-damage|p2a: Garchomp|0 fnt\n|faint|p2a: Garchomp\n|move|p1a: Now I'm Shining|Parting Shot|p2b: Incineroar\n|-activate|p2b: Incineroar|move: Protect\n|\n|-weather|SunnyDay|[upkeep]\n|-fieldend|move: Trick Room\n|upkeep\n|\n|t:|1775969541\n|switch|p2a: Froslass|Froslass, L50, F|100/100\n|turn|6\n|\n|t:|1775969548\n|detailschange|p2a: Froslass|Froslass-Mega, L50, F\n|-mega|p2a: Froslass|Froslass|Froslassite\n|-weather|Snowscape|[from] ability: Snow Warning|[of] p2a: Froslass\n|move|p2a: Froslass|Protect|p2a: Froslass\n|-singleturn|p2a: Froslass|Protect\n|move|p2b: Incineroar|Parting Shot|p1b: Like I'm\n|-unboost|p1b: Like I'm|atk|1\n|-unboost|p1b: Like I'm|spa|1\n|\n|t:|1775969553\n|switch|p2b: Basculegion|Basculegion, L50, M|73/100|[from] Parting Shot\n|move|p1a: Now I'm Shining|Parting Shot|p2a: Froslass\n|-activate|p2a: Froslass|move: Protect\n|move|p1b: Like I'm|Eruption|p2b: Basculegion|[spread] p2b\n|-activate|p2a: Froslass|move: Protect\n|-resisted|p2b: Basculegion|1\n|-crit|p2b: Basculegion\n|-damage|p2b: Basculegion|27/100\n|\n|-weather|Snowscape|[upkeep]\n|upkeep\n|turn|7\n|\n|t:|1775969575\n|move|p2b: Basculegion|Last Respects|p1b: Like I'm\n|-damage|p1b: Like I'm|51/100\n|move|p2a: Froslass|Shadow Ball|p1b: Like I'm\n|-damage|p1b: Like I'm|0 fnt\n|faint|p1b: Like I'm\n|move|p1a: Now I'm Shining|Darkest Lariat|p2b: Basculegion\n|-supereffective|p2b: Basculegion|1\n|-damage|p2b: Basculegion|0 fnt\n|faint|p2b: Basculegion\n|\n|-weather|Snowscape|[upkeep]\n|upkeep\n|\n|t:|1775969580\n|switch|p2b: Incineroar|Incineroar, L50, M|3/100\n|switch|p1b: UP UP UP|Typhlosion-Hisui, L50, F|100/100\n|-ability|p2b: Incineroar|Intimidate|boost\n|-unboost|p1a: Now I'm Shining|atk|1\n|-unboost|p1b: UP UP UP|atk|1\n|turn|8\n|\n|t:|1775969595\n|move|p2a: Froslass|Protect|p2a: Froslass\n|-singleturn|p2a: Froslass|Protect\n|move|p1b: UP UP UP|Eruption|p2b: Incineroar|[spread] p2b\n|-activate|p2a: Froslass|move: Protect\n|-resisted|p2b: Incineroar|1\n|-damage|p2b: Incineroar|0 fnt\n|faint|p2b: Incineroar\n|move|p1a: Now I'm Shining|Darkest Lariat|p2a: Froslass\n|-activate|p2a: Froslass|move: Protect\n|\n|-weather|Snowscape|[upkeep]\n|upkeep\n|turn|9\n|j| tastyfloop\n|\n|t:|1775969601\n|move|p1b: UP UP UP|Eruption|p2a: Froslass\n|-supereffective|p2a: Froslass|1\n|-damage|p2a: Froslass|0 fnt\n|faint|p2a: Froslass\n|\n|win|It'sJustKen VGC\n|n|\u2606It'sJustKen VGC|itsjustkenvgc\n|n|\u2606choopingas|choopingas\n|n| Wheeel|wheeel\n|n| Shlurrrb|shlurrrb\n|n| Kirnil|kirnil\n|n| tastyfloop|tastyfloop\n|c|\u2606It'sJustKen VGC|gg wp\n",
  "uploadtime": 1775969604,
  "views": 13,
  "formatid": "gen9championsvgc2026regma",
  "rating": null,
  "private": 0,
  "password": null
}