{
  "id": "gen9championsvgc2026regma-2585848663",
  "format": "[Gen 9 Champions] VGC 2026 Reg M-A",
  "players": [
    "jsajsajs",
    "Little Fritz"
  ],
  "log": "|j|\u2606jsajsajs\n|j|\u2606Little Fritz\n|t:|1776375289\n|gametype|doubles\n|player|p1|jsajsajs|blue|1227\n|player|p2|Little Fritz|265|1294\n|gen|9\n|tier|[Gen 9 Champions] VGC 2026 Reg M-A\n|rated|\n|rule|Species Clause: Limit one of each Pok\u00e9mon\n|rule|Item Clause: Limit 1 of each item\n|clearpoke\n|poke|p1|Feraligatr, L50, M|\n|poke|p1|Farigiraf, L50, M|\n|poke|p1|Politoed, L50, F|\n|poke|p1|Whimsicott, L50, M|\n|poke|p1|Sneasler, L50, M|\n|poke|p1|Kingambit, L50, M|\n|poke|p2|Meganium, L50, F|\n|poke|p2|Dragonite, L50, F|\n|poke|p2|Archaludon, L50, M|\n|poke|p2|Pelipper, L50, F|\n|poke|p2|Basculegion, L50, M|\n|poke|p2|Sneasler, L50, F|\n|teampreview|4\n|inactive|Battle timer is ON: inactive players will automatically lose when time's up. (requested by jsajsajs)\n|inactive|Little Fritz has 60 seconds left.\n|\n|t:|1776375333\n|teamsize|p1|4\n|teamsize|p2|4\n|start\n|switch|p1a: Whimsicott|Whimsicott, L50, M, shiny|100/100\n|switch|p1b: Feraligatr|Feraligatr, L50, M, shiny|100/100\n|switch|p2a: Peito de peru|Archaludon, L50, M|100/100\n|switch|p2b: Bacalhau|Basculegion, L50, M|100/100\n|turn|1\n|inactive|jsajsajs has 30 seconds left.\n|inactive|Little Fritz has 30 seconds left.\n|inactive|Little Fritz has 20 seconds left.\n|\n|t:|1776375372\n|move|p1a: Whimsicott|Protect|p1a: Whimsicott\n|-singleturn|p1a: Whimsicott|Protect\n|move|p1b: Feraligatr|Protect|p1b: Feraligatr\n|-singleturn|p1b: Feraligatr|Protect\n|move|p2b: Bacalhau|Aqua Jet|p1a: Whimsicott\n|-activate|p1a: Whimsicott|move: Protect\n|move|p2a: Peito de peru|Electro Shot||[still]\n|-prepare|p2a: Peito de peru|Electro Shot\n|-boost|p2a: Peito de peru|spa|1\n|\n|upkeep\n|turn|2\n|inactive|jsajsajs has 30 seconds left.\n|\n|t:|1776375404\n|detailschange|p1b: Feraligatr|Feraligatr-Mega, L50, M, shiny\n|-mega|p1b: Feraligatr|Feraligatr|Feraligite\n|move|p1a: Whimsicott|Tailwind|p1a: Whimsicott\n|-sidestart|p1: jsajsajs|move: Tailwind\n|move|p2b: Bacalhau|Aqua Jet|p1a: Whimsicott\n|-resisted|p1a: Whimsicott|1\n|-damage|p1a: Whimsicott|83/100\n|move|p1b: Feraligatr|Body Slam|p2a: Peito de peru\n|-damage|p2a: Peito de peru|43/100\n|-ability|p2a: Peito de peru|Stamina|boost\n|-boost|p2a: Peito de peru|def|1\n|move|p2a: Peito de peru|Electro Shot|p1b: Feraligatr|[from] lockedmove\n|-damage|p1b: Feraligatr|37/100\n|\n|-heal|p2a: Peito de peru|49/100|[from] item: Leftovers\n|upkeep\n|turn|3\n|\n|t:|1776375426\n|switch|p2b: Frango|Pelipper, L50, F|100/100\n|-weather|RainDance|[from] ability: Drizzle|[of] p2b: Frango\n|move|p2a: Peito de peru|Protect|p2a: Peito de peru\n|-singleturn|p2a: Peito de peru|Protect\n|move|p1a: Whimsicott|Moonblast|p2a: Peito de peru\n|-activate|p2a: Peito de peru|move: Protect\n|move|p1b: Feraligatr|Body Slam|p2b: Frango\n|-damage|p2b: Frango|45/100\n|\n|-weather|RainDance|[upkeep]\n|-heal|p2a: Peito de peru|55/100|[from] item: Leftovers\n|upkeep\n|turn|4\n|inactive|Little Fritz has 30 seconds left.\n|\n|t:|1776375451\n|switch|p2a: Leite|Sneasler, L50, F|100/100\n|move|p2b: Frango|Protect|p2b: Frango\n|-singleturn|p2b: Frango|Protect\n|move|p1a: Whimsicott|Moonblast|p2a: Leite\n|-damage|p2a: Leite|53/100\n|move|p1b: Feraligatr|Body Slam|p2b: Frango\n|-activate|p2b: Frango|move: Protect\n|\n|-weather|RainDance|[upkeep]\n|upkeep\n|turn|5\n|inactive|Little Fritz has 30 seconds left.\n|inactive|Little Fritz has 20 seconds left.\n|inactive|Little Fritz has 15 seconds left.\n|\n|t:|1776375492\n|switch|p1a: Farigiraf|Farigiraf, L50, M, shiny|100/100\n|move|p2a: Leite|Fake Out||[still]\n|cant|p1a: Farigiraf|ability: Armor Tail|Fake Out|[of] p2a: Leite\n|move|p1b: Feraligatr|Body Slam|p2b: Frango\n|-damage|p2b: Frango|0 fnt\n|faint|p2b: Frango\n|\n|-weather|RainDance|[upkeep]\n|-sideend|p1: jsajsajs|move: Tailwind\n|upkeep\n|\n|t:|1776375511\n|switch|p2b: Peito de peru|Archaludon, L50, M|55/100\n|turn|6\n|\n|t:|1776375520\n|move|p2a: Leite|Protect|p2a: Leite\n|-singleturn|p2a: Leite|Protect\n|move|p1b: Feraligatr|Protect|p1b: Feraligatr\n|-singleturn|p1b: Feraligatr|Protect\n|move|p2b: Peito de peru|Electro Shot||[still]\n|-prepare|p2b: Peito de peru|Electro Shot\n|-boost|p2b: Peito de peru|spa|1\n|-anim|p2b: Peito de peru|Electro Shot|p1b: Feraligatr\n|-activate|p1b: Feraligatr|move: Protect\n|move|p1a: Farigiraf|Trick Room|p1a: Farigiraf\n|-fieldstart|move: Trick Room|[of] p1a: Farigiraf\n|\n|-weather|RainDance|[upkeep]\n|-heal|p2b: Peito de peru|61/100|[from] item: Leftovers\n|upkeep\n|turn|7\n|inactive|Little Fritz has 30 seconds left.\n|\n|t:|1776375546\n|switch|p2a: Bacalhau|Basculegion, L50, M|100/100\n|move|p1a: Farigiraf|Psychic Noise|p2a: Bacalhau\n|-damage|p2a: Bacalhau|56/100\n|-start|p2a: Bacalhau|move: Heal Block\n|move|p1b: Feraligatr|Body Slam|p2b: Peito de peru\n|-damage|p2b: Peito de peru|0 fnt\n|faint|p2b: Peito de peru\n|\n|-weather|none\n|upkeep\n|\n|t:|1776375557\n|switch|p2b: Leite|Sneasler, L50, F|53/100\n|turn|8\n|c|\u2606jsajsajs|gg\n|c|\u2606jsajsajs|el neuvo ursaluna\n|c|\u2606jsajsajs|aqu\u00ed lo tienes\n|\n|t:|1776375577\n|move|p2b: Leite|Protect|p2b: Leite\n|-singleturn|p2b: Leite|Protect\n|move|p1a: Farigiraf|Psychic Noise|p2b: Leite\n|-activate|p2b: Leite|move: Protect\n|move|p1b: Feraligatr|Body Slam|p2a: Bacalhau\n|-damage|p2a: Bacalhau|0 fnt\n|faint|p2a: Bacalhau\n|\n|upkeep\n|turn|9\n|c|\u2606jsajsajs|ni un danza espada\n|\n|t:|1776375590\n|move|p1b: Feraligatr|Aqua Jet|p2b: Leite\n|-damage|p2b: Leite|5/100\n|move|p1a: Farigiraf|Psychic Noise|p2b: Leite\n|-supereffective|p2b: Leite|2\n|-damage|p2b: Leite|0 fnt\n|faint|p2b: Leite\n|\n|win|jsajsajs\n|raw|jsajsajs's rating: 1227 &rarr; <strong>1257</strong><br />(+30 for winning)\n|raw|Little Fritz's rating: 1294 &rarr; <strong>1264</strong><br />(-30 for losing)\n|c|\u2606Little Fritz|que locura\n|c|\u2606Little Fritz|gg\n|c|\u2606jsajsajs|con danza espada oneshoteas el 95% de los pokemon, es una locura\n|c|\u2606Little Fritz|y con la jirafa de los cojones\n|c|\u2606Little Fritz|jajajjaja\n|c|\u2606jsajsajs|he imitado el equipo de marcofiero pero con rain y el cocodrilo\n|c|\u2606jsajsajs|que vaya bien, saludos\n|c|\u2606Little Fritz|es el primer ferra que me encuentro\n|c|\u2606Little Fritz|y me la has liado basto\n|c|\u2606Little Fritz|gg un saludo\n|c|\u2606jsajsajs|gg\n|l|\u2606Little Fritz\n|player|p2|\n",
  "uploadtime": 1776375699,
  "views": 47,
  "formatid": "gen9championsvgc2026regma",
  "rating": 1257,
  "private": 0,
  "password": null
}