{
  "id": "gen9championsvgc2026regma-2588583327",
  "format": "[Gen 9 Champions] VGC 2026 Reg M-A",
  "players": [
    "Hot Stoves",
    "blue schucle"
  ],
  "log": "|j|\u2606Hot Stoves\n|j|\u2606blue schucle\n|t:|1776647272\n|gametype|doubles\n|player|p1|Hot Stoves|steven|1162\n|player|p2|blue schucle|lance|1153\n|gen|9\n|tier|[Gen 9 Champions] VGC 2026 Reg M-A\n|rated|\n|rule|Species Clause: Limit one of each Pok\u00e9mon\n|rule|Item Clause: Limit 1 of each item\n|clearpoke\n|poke|p1|Excadrill, L50, M|\n|poke|p1|Milotic, L50, M|\n|poke|p1|Tyranitar, L50, M|\n|poke|p1|Garchomp, L50, M|\n|poke|p1|Delphox, L50, F|\n|poke|p1|Sinistcha-Masterpiece, L50|\n|poke|p2|Tauros-Paldea-Aqua, L50, M, shiny|\n|poke|p2|Incineroar, L50, F|\n|poke|p2|Snorlax, L50, M, shiny|\n|poke|p2|Scovillain, L50, F|\n|poke|p2|Sneasler, L50, F|\n|poke|p2|Garchomp, L50, M|\n|teampreview|4\n|\n|t:|1776647290\n|teamsize|p1|4\n|teamsize|p2|4\n|start\n|switch|p1a: Milotic|Milotic, L50, M|100/100\n|switch|p1b: Tyranitar|Tyranitar, L50, M|100/100\n|switch|p2a: Montezuma|Snorlax, L50, M, shiny|100/100\n|switch|p2b: Boi da cara preta|Tauros-Paldea-Aqua, L50, M, shiny|100/100\n|-weather|Sandstorm|[from] ability: Sand Stream|[of] p1b: Tyranitar\n|-ability|p2b: Boi da cara preta|Intimidate|boost\n|-unboost|p1a: Milotic|atk|1\n|-ability|p1a: Milotic|Competitive|boost\n|-boost|p1a: Milotic|spa|2\n|-unboost|p1b: Tyranitar|atk|1\n|turn|1\n|\n|t:|1776647314\n|move|p1b: Tyranitar|Knock Off|p2a: Montezuma\n|-damage|p2a: Montezuma|78/100\n|-enditem|p2a: Montezuma|Leftovers|[from] move: Knock Off|[of] p1b: Tyranitar\n|move|p2b: Boi da cara preta|Close Combat|p1a: Milotic\n|-damage|p1a: Milotic|53/100\n|-unboost|p2b: Boi da cara preta|def|1\n|-unboost|p2b: Boi da cara preta|spd|1\n|-enditem|p2b: Boi da cara preta|White Herb\n|-clearnegativeboost|p2b: Boi da cara preta|[silent]\n|move|p1a: Milotic|Coil|p1a: Milotic\n|-boost|p1a: Milotic|atk|1\n|-boost|p1a: Milotic|def|1\n|-boost|p1a: Milotic|accuracy|1\n|move|p2a: Montezuma|Stockpile|p2a: Montezuma\n|-start|p2a: Montezuma|stockpile1\n|-boost|p2a: Montezuma|def|1\n|-boost|p2a: Montezuma|spd|1\n|\n|-weather|Sandstorm|[upkeep]\n|-damage|p2b: Boi da cara preta|95/100|[from] Sandstorm\n|-damage|p1a: Milotic|47/100|[from] Sandstorm\n|-damage|p2a: Montezuma|72/100|[from] Sandstorm\n|-heal|p1a: Milotic|53/100|[from] item: Leftovers\n|upkeep\n|turn|2\n|\n|t:|1776647338\n|switch|p1b: Delphox|Delphox, L50, F|100/100\n|move|p2b: Boi da cara preta|Close Combat|p1b: Delphox\n|-resisted|p1b: Delphox|1\n|-damage|p1b: Delphox|63/100\n|-unboost|p2b: Boi da cara preta|def|1\n|-unboost|p2b: Boi da cara preta|spd|1\n|move|p1a: Milotic|Recover|p1a: Milotic\n|-heal|p1a: Milotic|100/100\n|move|p2a: Montezuma|Yawn|p1a: Milotic\n|-start|p1a: Milotic|move: Yawn|[of] p2a: Montezuma\n|\n|-weather|Sandstorm|[upkeep]\n|-damage|p1b: Delphox|57/100|[from] Sandstorm\n|-damage|p2b: Boi da cara preta|89/100|[from] Sandstorm\n|-damage|p1a: Milotic|95/100|[from] Sandstorm\n|-damage|p2a: Montezuma|66/100|[from] Sandstorm\n|-heal|p1a: Milotic|100/100|[from] item: Leftovers\n|upkeep\n|turn|3\n|\n|t:|1776647358\n|detailschange|p1b: Delphox|Delphox-Mega, L50, F\n|-mega|p1b: Delphox|Delphox|Delphoxite\n|move|p2b: Boi da cara preta|Aqua Jet|p1b: Delphox\n|-supereffective|p1b: Delphox|1\n|-damage|p1b: Delphox|0 fnt\n|faint|p1b: Delphox\n|move|p1a: Milotic|Muddy Water|p2b: Boi da cara preta|[spread] p2a,p2b\n|-resisted|p2b: Boi da cara preta|1\n|-damage|p2a: Montezuma|45/100\n|-damage|p2b: Boi da cara preta|35/100\n|-unboost|p2b: Boi da cara preta|accuracy|1\n|move|p2a: Montezuma|Stockpile|p2a: Montezuma\n|-start|p2a: Montezuma|stockpile2\n|-boost|p2a: Montezuma|def|1\n|-boost|p2a: Montezuma|spd|1\n|\n|-weather|Sandstorm|[upkeep]\n|-damage|p2b: Boi da cara preta|29/100|[from] Sandstorm\n|-damage|p1a: Milotic|95/100|[from] Sandstorm\n|-damage|p2a: Montezuma|39/100|[from] Sandstorm\n|-heal|p1a: Milotic|100/100|[from] item: Leftovers\n|-end|p1a: Milotic|move: Yawn|[silent]\n|-status|p1a: Milotic|slp\n|upkeep\n|\n|t:|1776647368\n|switch|p1b: Excadrill|Excadrill, L50, M|100/100\n|turn|4\n|\n|t:|1776647385\n|move|p2b: Boi da cara preta|Aqua Jet|p1b: Excadrill\n|-supereffective|p1b: Excadrill|1\n|-damage|p1b: Excadrill|45/100\n|move|p1b: Excadrill|Earthquake|p2b: Boi da cara preta|[spread] p1a,p2a,p2b\n|-crit|p1a: Milotic\n|-damage|p1a: Milotic|44/100 slp\n|-damage|p2a: Montezuma|24/100\n|-damage|p2b: Boi da cara preta|0 fnt\n|faint|p2b: Boi da cara preta\n|cant|p1a: Milotic|slp\n|move|p2a: Montezuma|Body Press|p1a: Milotic\n|-damage|p1a: Milotic|20/100 slp\n|\n|-weather|Sandstorm|[upkeep]\n|-damage|p1a: Milotic|14/100 slp|[from] Sandstorm\n|-damage|p2a: Montezuma|18/100|[from] Sandstorm\n|-heal|p1a: Milotic|20/100 slp|[from] item: Leftovers\n|upkeep\n|\n|t:|1776647420\n|switch|p2b: Spicy girls|Scovillain, L50, F|100/100\n|turn|5\n|\n|t:|1776647437\n|move|p2b: Spicy girls|Protect|p2b: Spicy girls\n|-singleturn|p2b: Spicy girls|Protect\n|move|p1b: Excadrill|High Horsepower|p2a: Montezuma\n|-damage|p2a: Montezuma|0 fnt\n|faint|p2a: Montezuma\n|cant|p1a: Milotic|slp\n|\n|-weather|none\n|-heal|p1a: Milotic|26/100 slp|[from] item: Leftovers\n|-ability|p2b: Spicy girls|Moody|boost\n|-boost|p2b: Spicy girls|spe|2\n|-unboost|p2b: Spicy girls|spd|1\n|upkeep\n|\n|t:|1776647450\n|switch|p2a: Destructo|Garchomp, L50, M|100/100\n|turn|6\n|\n|t:|1776647462\n|switch|p1b: Tyranitar|Tyranitar, L50, M|100/100\n|-weather|Sandstorm|[from] ability: Sand Stream|[of] p1b: Tyranitar\n|detailschange|p2b: Spicy girls|Scovillain-Mega, L50, F\n|-mega|p2b: Spicy girls|Scovillain|Scovillainite\n|move|p2b: Spicy girls|Giga Drain|p1a: Milotic\n|-supereffective|p1a: Milotic|1\n|-damage|p1a: Milotic|0 fnt\n|faint|p1a: Milotic\n|move|p2a: Destructo|Stomping Tantrum|p1b: Tyranitar\n|-supereffective|p1b: Tyranitar|1\n|-damage|p1b: Tyranitar|26/100\n|\n|-weather|Sandstorm|[upkeep]\n|-damage|p2b: Spicy girls|94/100|[from] Sandstorm\n|upkeep\n|\n|t:|1776647470\n|switch|p1a: Excadrill|Excadrill, L50, M|45/100\n|turn|7\n|\n|t:|1776647486\n|move|p1a: Excadrill|High Horsepower|p2b: Spicy girls\n|-damage|p2b: Spicy girls|35/100\n|-status|p1a: Excadrill|brn|[from] ability: Spicy Spray|[of] p2b: Spicy girls\n|move|p2b: Spicy girls|Giga Drain|p1b: Tyranitar\n|-supereffective|p1b: Tyranitar|1\n|-damage|p1b: Tyranitar|0 fnt\n|-heal|p2b: Spicy girls|52/100|[from] drain|[of] p1b: Tyranitar\n|faint|p1b: Tyranitar\n|move|p2a: Destructo|Stomping Tantrum|p1a: Excadrill\n|-supereffective|p1a: Excadrill|1\n|-damage|p1a: Excadrill|0 fnt\n|faint|p1a: Excadrill\n|\n|win|blue schucle\n|raw|Hot Stoves's rating: 1162 &rarr; <strong>1136</strong><br />(-26 for losing)\n|raw|blue schucle's rating: 1153 &rarr; <strong>1179</strong><br />(+26 for winning)\n|l|\u2606Hot Stoves\n|player|p1|\n",
  "uploadtime": 1776647503,
  "views": 11,
  "formatid": "gen9championsvgc2026regma",
  "rating": 1136,
  "private": 0,
  "password": null
}