{
  "id": "gen9championsvgc2026regma-2589452464",
  "format": "[Gen 9 Champions] VGC 2026 Reg M-A",
  "players": [
    "64t",
    "Saco04"
  ],
  "log": "|j|\u260664t\n|j|\u2606Saco04\n|t:|1776724212\n|gametype|doubles\n|player|p1|64t|1|1074\n|player|p2|Saco04|wallace|1106\n|gen|9\n|tier|[Gen 9 Champions] VGC 2026 Reg M-A\n|rated|\n|rule|Species Clause: Limit one of each Pok\u00e9mon\n|rule|Item Clause: Limit 1 of each item\n|clearpoke\n|poke|p1|Floette-Eternal, L50, F|\n|poke|p1|Aerodactyl, L50, F|\n|poke|p1|Aegislash, L50, M|\n|poke|p1|Garchomp, L50, F|\n|poke|p1|Rotom-Wash, L50|\n|poke|p1|Kangaskhan, L50, F|\n|poke|p2|Pelipper, L50, M|\n|poke|p2|Milotic, L50, F, shiny|\n|poke|p2|Basculegion, L50, M|\n|poke|p2|Sinistcha, L50|\n|poke|p2|Raichu, L50, M, shiny|\n|poke|p2|Starmie, L50|\n|teampreview|4\nSaco04 has agreed to open team sheets.\n|inactive|Battle timer is ON: inactive players will automatically lose when time's up. (requested by Saco04)\n|\n|t:|1776724225\n|teamsize|p1|4\n|teamsize|p2|4\n|start\n|switch|p1a: Aerodactyl|Aerodactyl, L50, F|100/100\n|switch|p1b: Floette|Floette-Eternal, L50, F|100/100\n|switch|p2a: Peecko|Pelipper, L50, M|100/100\n|switch|p2b: Starmie|Starmie, L50|100/100\n|-ability|p1a: Aerodactyl|Unnerve\n|-weather|RainDance|[from] ability: Drizzle|[of] p2a: Peecko\n|turn|1\n|inactive|64t has 30 seconds left.\n|\n|t:|1776724252\n|detailschange|p2b: Starmie|Starmie-Mega, L50\n|-mega|p2b: Starmie|Starmie|Starminite\n|detailschange|p1b: Floette|Floette-Mega, L50, F\n|-mega|p1b: Floette|Floette|Floettite\n|-ability|p1b: Floette|Fairy Aura\n|move|p2b: Starmie|Protect|p2b: Starmie\n|-singleturn|p2b: Starmie|Protect\n|move|p1a: Aerodactyl|Tailwind|p1a: Aerodactyl\n|-sidestart|p1: 64t|move: Tailwind\n|move|p1b: Floette|Light of Ruin|p2b: Starmie\n|-activate|p2b: Starmie|move: Protect\n|move|p2a: Peecko|Weather Ball|p1b: Floette\n|-damage|p1b: Floette|47/100\n|\n|-weather|RainDance|[upkeep]\n|upkeep\n|turn|2\n|\n|t:|1776724276\n|switch|p1a: Aegislash|Aegislash, L50, M|100/100\n|move|p2b: Starmie|Aqua Jet|p1b: Floette\n|-damage|p1b: Floette|0 fnt\n|faint|p1b: Floette\n|move|p2a: Peecko|Weather Ball|p1a: Aegislash\n|-damage|p1a: Aegislash|50/100\n|\n|-weather|RainDance|[upkeep]\n|upkeep\n|\n|t:|1776724283\n|switch|p1b: Rotom|Rotom-Wash, L50|100/100\n|turn|3\n|\n|t:|1776724289\n|switch|p2a: Sinistcha|Sinistcha, L50|100/100\n|move|p2b: Starmie|Protect|p2b: Starmie\n|-singleturn|p2b: Starmie|Protect\n|move|p1a: Aegislash|King's Shield|p1a: Aegislash\n|-singleturn|p1a: Aegislash|Protect\n|move|p1b: Rotom|Electroweb|p2b: Starmie|[spread] p2a\n|-activate|p2b: Starmie|move: Protect\n|-resisted|p2a: Sinistcha|1\n|-damage|p2a: Sinistcha|90/100\n|-unboost|p2a: Sinistcha|spe|1\n|\n|-weather|RainDance|[upkeep]\n|upkeep\n|turn|4\n|\n|t:|1776724301\n|move|p1b: Rotom|Electroweb|p2b: Starmie|[spread] p2a,p2b\n|-resisted|p2a: Sinistcha|1\n|-supereffective|p2b: Starmie|1\n|-damage|p2a: Sinistcha|78/100\n|-damage|p2b: Starmie|57/100\n|-unboost|p2a: Sinistcha|spe|1\n|-unboost|p2b: Starmie|spe|1\n|-formechange|p1a: Aegislash|Aegislash-Blade|\n|move|p1a: Aegislash|Poltergeist|p2a: Sinistcha\n|-activate|p2a: Sinistcha|move: Poltergeist|Sitrus Berry\n|-supereffective|p2a: Sinistcha|1\n|-damage|p2a: Sinistcha|0 fnt\n|faint|p2a: Sinistcha\n|move|p2b: Starmie|Zen Headbutt|p1b: Rotom|[miss]\n|-miss|p2b: Starmie|p1b: Rotom\n|\n|-weather|RainDance|[upkeep]\n|-sideend|p1: 64t|move: Tailwind\n|upkeep\n|\n|t:|1776724313\n|switch|p2a: Basculegion|Basculegion, L50, M|100/100\n|turn|5\n|\n|t:|1776724317\n|move|p2b: Starmie|Protect|p2b: Starmie\n|-singleturn|p2b: Starmie|Protect\n|-formechange|p1a: Aegislash|Aegislash|\n|move|p1a: Aegislash|King's Shield|p1a: Aegislash\n|-singleturn|p1a: Aegislash|Protect\n|move|p2a: Basculegion|Last Respects|p1b: Rotom\n|-damage|p1b: Rotom|31/100\n|move|p1b: Rotom|Electroweb|p2b: Starmie|[spread] p2a\n|-activate|p2b: Starmie|move: Protect\n|-supereffective|p2a: Basculegion|1\n|-damage|p2a: Basculegion|59/100\n|-unboost|p2a: Basculegion|spe|1\n|\n|-weather|none\n|upkeep\n|turn|6\n|inactive|64t has 30 seconds left.\n|\n|t:|1776724345\n|-formechange|p1a: Aegislash|Aegislash-Blade|\n|move|p1a: Aegislash|Shadow Sneak|p2a: Basculegion\n|-supereffective|p2a: Basculegion|1\n|-damage|p2a: Basculegion|0 fnt\n|faint|p2a: Basculegion\n|move|p1b: Rotom|Electroweb|p2b: Starmie\n|-supereffective|p2b: Starmie|1\n|-damage|p2b: Starmie|0 fnt\n|faint|p2b: Starmie\n|\n|upkeep\n|\n|t:|1776724354\n|switch|p2b: Peecko|Pelipper, L50, M|100/100\n|-weather|RainDance|[from] ability: Drizzle|[of] p2b: Peecko\n|turn|7\n|\n|t:|1776724360\n|move|p1b: Rotom|Electroweb|p2b: Peecko\n|-supereffective|p2b: Peecko|2\n|-enditem|p2b: Peecko|Focus Sash\n|-damage|p2b: Peecko|1/100\n|-unboost|p2b: Peecko|spe|1\n|move|p1a: Aegislash|Poltergeist||[still]\n|-fail|p1a: Aegislash\n|move|p2b: Peecko|Weather Ball|p1b: Rotom\n|-resisted|p1b: Rotom|1\n|-damage|p1b: Rotom|0 fnt\n|faint|p1b: Rotom\n|\n|-weather|RainDance|[upkeep]\n|upkeep\n|\n|t:|1776724369\n|switch|p1b: Aerodactyl|Aerodactyl, L50, F|100/100\n|-ability|p1b: Aerodactyl|Unnerve\n|turn|8\n|\n|t:|1776724376\n|move|p1a: Aegislash|Shadow Sneak|p2b: Peecko\n|-damage|p2b: Peecko|0 fnt\n|faint|p2b: Peecko\n|\n|win|64t\n|raw|64t's rating: 1074 &rarr; <strong>1106</strong><br />(+32 for winning)\n|raw|Saco04's rating: 1106 &rarr; <strong>1079</strong><br />(-27 for losing)\n|l|\u2606Saco04\n|player|p2|\n",
  "uploadtime": 1776724380,
  "views": 6,
  "formatid": "gen9championsvgc2026regma",
  "rating": 1079,
  "private": 0,
  "password": null
}