{
  "id": "gen9championsvgc2026regma-2582149733",
  "format": "[Gen 9 Champions] VGC 2026 Reg M-A",
  "players": [
    "Vilorck",
    "osconis"
  ],
  "log": "|j|\u2606Vilorck\n|j|\u2606osconis\n|t:|1776064400\n|gametype|doubles\n|player|p1|Vilorck|265|1075\n|player|p2|osconis|idol|1000\n|gen|9\n|tier|[Gen 9 Champions] VGC 2026 Reg M-A\n|rated|\n|rule|Species Clause: Limit one of each Pok\u00e9mon\n|rule|Item Clause: Limit 1 of each item\n|clearpoke\n|poke|p1|Espathra, L50, M|\n|poke|p1|Sableye, L50, M|\n|poke|p1|Charizard, L50, M|\n|poke|p1|Milotic, L50, M|\n|poke|p1|Garchomp, L50, M|\n|poke|p1|Gardevoir, L50, M|\n|poke|p2|Vivillon, L50, F|\n|poke|p2|Primarina, L50, F|\n|poke|p2|Zoroark-Hisui, L50, F|\n|poke|p2|Clefable, L50, M|\n|poke|p2|Delphox, L50, F|\n|poke|p2|Garchomp, L50, F|\n|teampreview|4\n|inactive|Battle timer is ON: inactive players will automatically lose when time's up. (requested by osconis)\nosconis has agreed to open team sheets.\n|inactive|Vilorck has 60 seconds left.\n|\n|t:|1776064443\n|teamsize|p1|4\n|teamsize|p2|4\n|start\n|switch|p1a: Espathra|Espathra, L50, M|100/100\n|switch|p1b: Sableye|Sableye, L50, M, shiny|100/100\n|switch|p2a: Garchomp|Garchomp, L50, F|100/100\n|switch|p2b: Delphox|Delphox, L50, F|100/100\n|turn|1\n|inactive|Vilorck has 30 seconds left.\n|inactive|Vilorck has 20 seconds left.\n|inactive|Vilorck has 15 seconds left.\n|\n|t:|1776064483\n|detailschange|p2b: Delphox|Delphox-Mega, L50, F\n|-mega|p2b: Delphox|Delphox|Delphoxite\n|move|p1b: Sableye|Gravity|p1b: Sableye\n|-fieldstart|move: Gravity\n|move|p2b: Delphox|Nasty Plot|p2b: Delphox\n|-boost|p2b: Delphox|spa|2\n|move|p1a: Espathra|Hypnosis|p2a: Garchomp\n|-status|p2a: Garchomp|slp|[from] move: Hypnosis\n|cant|p2a: Garchomp|slp\n|\n|-ability|p1a: Espathra|Speed Boost|boost\n|-boost|p1a: Espathra|spe|1\n|upkeep\n|turn|2\n|\n|t:|1776064508\n|move|p1a: Espathra|Hypnosis|p2b: Delphox\n|-status|p2b: Delphox|slp|[from] move: Hypnosis\n|cant|p2b: Delphox|slp\n|cant|p2a: Garchomp|slp\n|move|p1b: Sableye|Foul Play|p2b: Delphox\n|-supereffective|p2b: Delphox|1\n|-damage|p2b: Delphox|28/100 slp\n|\n|-ability|p1a: Espathra|Speed Boost|boost\n|-boost|p1a: Espathra|spe|1\n|upkeep\n|turn|3\n|\n|t:|1776064527\n|move|p1a: Espathra|Psychic Terrain|p1a: Espathra\n|-fieldstart|move: Psychic Terrain\n|cant|p2b: Delphox|slp\n|-curestatus|p2a: Garchomp|slp|[msg]\n|move|p2a: Garchomp|Crunch|p1a: Espathra\n|-supereffective|p1a: Espathra|1\n|-damage|p1a: Espathra|17/100\n|move|p1b: Sableye|Foul Play|p2b: Delphox\n|-supereffective|p2b: Delphox|1\n|-damage|p2b: Delphox|0 fnt\n|faint|p2b: Delphox\n|\n|-ability|p1a: Espathra|Speed Boost|boost\n|-boost|p1a: Espathra|spe|1\n|upkeep\n|\n|t:|1776064543\n|switch|p2b: Vivillon|Vivillon, L50, F|100/100\n|turn|4\n|inactive|Vilorck has 30 seconds left.\n|inactive|osconis has 30 seconds left.\n|inactive|Vilorck has 20 seconds left.\n|inactive|osconis has 20 seconds left.\n|inactive|Vilorck has 15 seconds left.\n|inactive|Vilorck has 10 seconds left.\n|\n|t:|1776064590\n|switch|p1b: Garchomp|Garchomp, L50, M|100/100\n|move|p1a: Espathra|Hypnosis|p2a: Garchomp\n|-status|p2a: Garchomp|slp|[from] move: Hypnosis\n|move|p2b: Vivillon|Will-O-Wisp|p1b: Garchomp\n|-status|p1b: Garchomp|brn\n|cant|p2a: Garchomp|slp\n|\n|-damage|p1b: Garchomp|94/100 brn|[from] brn\n|-ability|p1a: Espathra|Speed Boost|boost\n|-boost|p1a: Espathra|spe|1\n|upkeep\n|turn|5\n|inactive|Vilorck has 30 seconds left.\n|\n|t:|1776064623\n|move|p1a: Espathra|Hypnosis|p2b: Vivillon|[miss]\n|-miss|p1a: Espathra|p2b: Vivillon\n|move|p2b: Vivillon|Icy Wind|p1b: Garchomp|[spread] p1a,p1b\n|-supereffective|p1b: Garchomp|2\n|-crit|p1b: Garchomp\n|-damage|p1a: Espathra|0 fnt\n|-damage|p1b: Garchomp|17/100 brn\n|-unboost|p1b: Garchomp|spe|1\n|faint|p1a: Espathra\n|-enditem|p1b: Garchomp|White Herb\n|-clearnegativeboost|p1b: Garchomp|[silent]\n|-curestatus|p2a: Garchomp|slp|[msg]\n|move|p2a: Garchomp|Dragon Claw|p1b: Garchomp\n|-supereffective|p1b: Garchomp|1\n|-damage|p1b: Garchomp|0 fnt\n|-damage|p2a: Garchomp|88/100|[from] ability: Rough Skin|[of] p1b: Garchomp\n|faint|p1b: Garchomp\n|\n|-heal|p2a: Garchomp|94/100|[from] item: Leftovers\n|-fieldend|move: Gravity\n|upkeep\n|\n|t:|1776064644\n|switch|p1a: Gardevoir|Gardevoir, L50, M|100/100\n|switch|p1b: Sableye|Sableye, L50, M, shiny|100/100\n|turn|6\n|inactive|Vilorck has 30 seconds left.\n|\n|t:|1776064669\n|move|p1b: Sableye|Fake Out|p2b: Vivillon\n|-activate|p2b: Vivillon|move: Psychic Terrain\n|move|p1a: Gardevoir|Dazzling Gleam|p2b: Vivillon|[spread] p2a,p2b\n|-supereffective|p2a: Garchomp|1\n|-damage|p2a: Garchomp|25/100\n|-damage|p2b: Vivillon|40/100\n|replace|p2b: Zoroark|Zoroark-Hisui, L50, F\n|-end|p2b: Zoroark|Illusion\n|move|p2b: Zoroark|Bitter Malice|p1a: Gardevoir\n|-supereffective|p1a: Gardevoir|1\n|-damage|p1a: Gardevoir|9/100\n|-unboost|p1a: Gardevoir|atk|1\n|move|p2a: Garchomp|Dragon Claw|p1b: Sableye\n|-damage|p1b: Sableye|36/100\n|\n|-heal|p2a: Garchomp|31/100|[from] item: Leftovers\n|upkeep\n|turn|7\n|inactive|osconis has 30 seconds left.\n|\n|t:|1776064697\n|move|p1b: Sableye|Gravity|p1b: Sableye\n|-fieldstart|move: Gravity\n|move|p1a: Gardevoir|Dazzling Gleam|p2a: Garchomp|[spread] p2a,p2b\n|-supereffective|p2a: Garchomp|1\n|-damage|p2a: Garchomp|0 fnt\n|-damage|p2b: Zoroark|0 fnt\n|faint|p2a: Garchomp\n|faint|p2b: Zoroark\n|\n|-fieldend|move: Psychic Terrain\n|upkeep\n|\n|t:|1776064703\n|switch|p2a: Vivillon|Vivillon, L50, F|100/100\n|turn|8\n|inactive|Vilorck has 30 seconds left.\n|\n|t:|1776064731\n|move|p1b: Sableye|Feint|p2a: Vivillon\n|-damage|p2a: Vivillon|88/100\n|move|p1a: Gardevoir|Dazzling Gleam|p2a: Vivillon\n|-damage|p2a: Vivillon|9/100\n|move|p2a: Vivillon|Sleep Powder|p1a: Gardevoir\n|-status|p1a: Gardevoir|slp|[from] move: Sleep Powder\n|\n|upkeep\n|turn|9\n|\n|t:|1776064746\n|cant|p1a: Gardevoir|slp\n|move|p2a: Vivillon|Sleep Powder|p1b: Sableye\n|-status|p1b: Sableye|slp|[from] move: Sleep Powder\n|cant|p1b: Sableye|slp\n|\n|upkeep\n|turn|10\n|\n|t:|1776064761\n|cant|p1a: Gardevoir|slp\n|move|p2a: Vivillon|Pollen Puff|p1a: Gardevoir\n|-damage|p1a: Gardevoir|0 fnt\n|faint|p1a: Gardevoir\n|cant|p1b: Sableye|slp\n|\n|upkeep\n|turn|11\n|\n|t:|1776064772\n|move|p2a: Vivillon|Hurricane|p1b: Sableye\n|-damage|p1b: Sableye|0 fnt\n|faint|p1b: Sableye\n|\n|win|osconis\n|raw|Vilorck's rating: 1075 &rarr; <strong>1049</strong><br />(-26 for losing)\n|raw|osconis's rating: 1000 &rarr; <strong>1049</strong><br />(+49 for winning)\n|l|\u2606Vilorck\n|player|p1|\n|c|\u2606osconis|Gg\n",
  "uploadtime": 1776064783,
  "views": 10,
  "formatid": "gen9championsvgc2026regma",
  "rating": 1049,
  "private": 0,
  "password": null
}