{
  "id": "gen9championsvgc2026regma-2587742293",
  "format": "[Gen 9 Champions] VGC 2026 Reg M-A",
  "players": [
    "Sum23",
    "Anicredible"
  ],
  "log": "|j|\u2606Sum23\n|j|\u2606Anicredible\n|t:|1776559437\n|gametype|doubles\n|player|p1|Sum23|101|1107\n|player|p2|Anicredible|schoolkid-gen4|1102\n|gen|9\n|tier|[Gen 9 Champions] VGC 2026 Reg M-A\n|rated|\n|rule|Species Clause: Limit one of each Pok\u00e9mon\n|rule|Item Clause: Limit 1 of each item\n|clearpoke\n|poke|p1|Dragonite, L50, M|\n|poke|p1|Incineroar, L50, F|\n|poke|p1|Sinistcha, L50|\n|poke|p1|Garganacl, L50, M|\n|poke|p1|Archaludon, L50, F|\n|poke|p1|Pelipper, L50, F|\n|poke|p2|Kangaskhan, L50, F|\n|poke|p2|Sinistcha, L50|\n|poke|p2|Sneasler, L50, M|\n|poke|p2|Whimsicott, L50, M|\n|poke|p2|Corviknight, L50, F|\n|poke|p2|Primarina, L50, F|\n|teampreview|4\n|inactive|Battle timer is ON: inactive players will automatically lose when time's up. (requested by Anicredible)\nAnicredible rejected open team sheets.\n|\n|t:|1776559457\n|teamsize|p1|4\n|teamsize|p2|4\n|start\n|switch|p1a: Dragonite|Dragonite, L50, M|100/100\n|switch|p1b: Pelipper|Pelipper, L50, F|100/100\n|switch|p2a: Kangaskhan|Kangaskhan, L50, F|100/100\n|switch|p2b: Sneasler|Sneasler, L50, M|100/100\n|-weather|RainDance|[from] ability: Drizzle|[of] p1b: Pelipper\n|turn|1\n|\n|t:|1776559479\n|detailschange|p2a: Kangaskhan|Kangaskhan-Mega, L50, F\n|-mega|p2a: Kangaskhan|Kangaskhan|Kangaskhanite\n|detailschange|p1a: Dragonite|Dragonite-Mega, L50, M\n|-mega|p1a: Dragonite|Dragonite|Dragoninite\n|move|p2a: Kangaskhan|Fake Out|p1a: Dragonite\n|-damage|p1a: Dragonite|91/100\n|-damage|p1a: Dragonite|87/100\n|-hitcount|p1a: Dragonite|2\n|move|p2b: Sneasler|Coaching|p2a: Kangaskhan\n|-boost|p2a: Kangaskhan|atk|1\n|-boost|p2a: Kangaskhan|def|1\n|cant|p1a: Dragonite|flinch\n|move|p1b: Pelipper|Tailwind|p1b: Pelipper\n|-sidestart|p1: Sum23|move: Tailwind\n|\n|-weather|RainDance|[upkeep]\n|upkeep\n|turn|2\n|inactive|Sum23 has 30 seconds left.\n|inactive|Anicredible has 30 seconds left.\n|inactive|Anicredible has 20 seconds left.\n|inactive|Anicredible has 15 seconds left.\n|\n|t:|1776559521\n|move|p1b: Pelipper|Protect|p1b: Pelipper\n|-singleturn|p1b: Pelipper|Protect\n|move|p2a: Kangaskhan|Sucker Punch||[still]\n|-fail|p2a: Kangaskhan\n|move|p1a: Dragonite|Hurricane|p2b: Sneasler\n|-supereffective|p2b: Sneasler|1\n|-damage|p2b: Sneasler|0 fnt\n|faint|p2b: Sneasler\n|\n|-weather|RainDance|[upkeep]\n|upkeep\n|\n|t:|1776559529\n|switch|p2b: Sinistcha|Sinistcha, L50|100/100\n|turn|3\n|\n|t:|1776559550\n|switch|p1b: Incineroar|Incineroar, L50, F|100/100\n|-ability|p1b: Incineroar|Intimidate|boost\n|-unboost|p2a: Kangaskhan|atk|1\n|-unboost|p2b: Sinistcha|atk|1\n|move|p2b: Sinistcha|Rage Powder|p2b: Sinistcha\n|-singleturn|p2b: Sinistcha|move: Rage Powder\n|move|p1a: Dragonite|Hurricane|p2b: Sinistcha\n|-supereffective|p2b: Sinistcha|1\n|-damage|p2b: Sinistcha|0 fnt\n|faint|p2b: Sinistcha\n|move|p2a: Kangaskhan|Double-Edge|p1a: Dragonite\n|-damage|p1a: Dragonite|34/100\n|-damage|p1a: Dragonite|19/100\n|-hitcount|p1a: Dragonite|2\n|-damage|p2a: Kangaskhan|83/100|[from] Recoil\n|\n|-weather|RainDance|[upkeep]\n|upkeep\n|\n|t:|1776559559\n|switch|p2b: Primarina|Primarina, L50, F|100/100\n|turn|4\n|\n|t:|1776559571\n|switch|p1b: Archaludon|Archaludon, L50, F|100/100\n|move|p2a: Kangaskhan|Protect|p2a: Kangaskhan\n|-singleturn|p2a: Kangaskhan|Protect\n|move|p2b: Primarina|Protect|p2b: Primarina\n|-singleturn|p2b: Primarina|Protect\n|move|p1a: Dragonite|Rest|p1a: Dragonite\n|-status|p1a: Dragonite|slp|[from] move: Rest\n|-heal|p1a: Dragonite|100/100 slp|[silent]\n|\n|-weather|RainDance|[upkeep]\n|-sideend|p1: Sum23|move: Tailwind\n|upkeep\n|turn|5\n|c|\u2606Anicredible|ggwp\n|-message|Anicredible forfeited.\n|\n|win|Sum23\n|raw|Sum23's rating: 1107 &rarr; <strong>1132</strong><br />(+25 for winning)\n|raw|Anicredible's rating: 1102 &rarr; <strong>1077</strong><br />(-25 for losing)\n",
  "uploadtime": 1776559585,
  "views": 10,
  "formatid": "gen9championsvgc2026regma",
  "rating": 1077,
  "private": 0,
  "password": null
}