{
  "id": "gen9championsvgc2026regma-2587906986",
  "format": "[Gen 9 Champions] VGC 2026 Reg M-A",
  "players": [
    "4nm0n",
    "Chazzitup4200"
  ],
  "log": "|j|\u26064nm0n\n|j|\u2606Chazzitup4200\n|t:|1776577366\n|gametype|doubles\n|player|p1|4nm0n|steven|1243\n|player|p2|Chazzitup4200|cheren-gen5bw2|1314\n|gen|9\n|tier|[Gen 9 Champions] VGC 2026 Reg M-A\n|rated|\n|rule|Species Clause: Limit one of each Pok\u00e9mon\n|rule|Item Clause: Limit 1 of each item\n|clearpoke\n|poke|p1|Glaceon, L50, M, shiny|\n|poke|p1|Froslass, L50, F|\n|poke|p1|Incineroar, L50, M|\n|poke|p1|Primarina, L50, M|\n|poke|p1|Sneasler, L50, F|\n|poke|p1|Sinistcha, L50|\n|poke|p2|Glimmora, L50, F|\n|poke|p2|Talonflame, L50, M, shiny|\n|poke|p2|Farigiraf, L50, M|\n|poke|p2|Ninetales-Alola, L50, M|\n|poke|p2|Garchomp, L50, M|\n|poke|p2|Samurott-Hisui, L50, F, shiny|\n|teampreview|4\n|inactive|Battle timer is ON: inactive players will automatically lose when time's up. (requested by Chazzitup4200)\n|inactive|Chazzitup4200 has 60 seconds left.\n|\n|t:|1776577403\n|teamsize|p1|4\n|teamsize|p2|4\n|start\n|switch|p1a: Incineroar|Incineroar, L50, M|100/100\n|switch|p1b: Froslass|Froslass, L50, F|100/100\n|switch|p2a: Gyro Zeppeli|Glimmora, L50, F|100/100\n|switch|p2b: Johnny Joestar|Talonflame, L50, M, shiny|100/100\n|-ability|p1a: Incineroar|Intimidate|boost\n|-unboost|p2a: Gyro Zeppeli|atk|1\n|-unboost|p2b: Johnny Joestar|atk|1\n|turn|1\n|inactive|4nm0n has 30 seconds left.\n|\n|t:|1776577435\n|detailschange|p1b: Froslass|Froslass-Mega, L50, F\n|-mega|p1b: Froslass|Froslass|Froslassite\n|-weather|Snowscape|[from] ability: Snow Warning|[of] p1b: Froslass\n|move|p2b: Johnny Joestar|Protect|p2b: Johnny Joestar\n|-singleturn|p2b: Johnny Joestar|Protect\n|move|p2a: Gyro Zeppeli|Spiky Shield|p2a: Gyro Zeppeli\n|-singleturn|p2a: Gyro Zeppeli|move: Protect\n|move|p1a: Incineroar|Fake Out|p2b: Johnny Joestar\n|-activate|p2b: Johnny Joestar|move: Protect\n|move|p1b: Froslass|Blizzard|p2b: Johnny Joestar|[spread] \n|-activate|p2a: Gyro Zeppeli|move: Protect\n|-activate|p2b: Johnny Joestar|move: Protect\n|\n|-weather|Snowscape|[upkeep]\n|upkeep\n|turn|2\n|\n|t:|1776577457\n|detailschange|p2a: Gyro Zeppeli|Glimmora-Mega, L50, F\n|-mega|p2a: Gyro Zeppeli|Glimmora|Glimmoranite\n|move|p2b: Johnny Joestar|Tailwind|p2b: Johnny Joestar\n|-sidestart|p2: Chazzitup4200|move: Tailwind\n|move|p2a: Gyro Zeppeli|Power Gem|p1a: Incineroar\n|-supereffective|p1a: Incineroar|1\n|-damage|p1a: Incineroar|13/100\n|move|p1b: Froslass|Aurora Veil|p1b: Froslass\n|-sidestart|p1: 4nm0n|move: Aurora Veil\n|move|p1a: Incineroar|Parting Shot|p2a: Gyro Zeppeli\n|-unboost|p2a: Gyro Zeppeli|atk|1\n|-unboost|p2a: Gyro Zeppeli|spa|1\n|inactive|4nm0n has 30 seconds left.\n|inactive|4nm0n has 20 seconds left.\n|inactive|4nm0n has 15 seconds left.\n|\n|t:|1776577498\n|switch|p1a: Glaceon|Glaceon, L50, M, shiny|100/100|[from] Parting Shot\n|\n|-weather|Snowscape|[upkeep]\n|upkeep\n|turn|3\n|inactive|Chazzitup4200 has 30 seconds left.\n|\n|t:|1776577523\n|move|p2b: Johnny Joestar|Flare Blitz|p1a: Glaceon\n|-supereffective|p1a: Glaceon|1\n|-damage|p1a: Glaceon|75/100\n|-status|p1a: Glaceon|brn\n|-damage|p2b: Johnny Joestar|91/100|[from] Recoil\n|move|p2a: Gyro Zeppeli|Power Gem|p1a: Glaceon\n|-supereffective|p1a: Glaceon|1\n|-damage|p1a: Glaceon|19/100 brn\n|move|p1b: Froslass|Blizzard|p2a: Gyro Zeppeli|[spread] p2a,p2b\n|-damage|p2a: Gyro Zeppeli|51/100\n|-damage|p2b: Johnny Joestar|24/100\n|move|p1a: Glaceon|Blizzard|p2b: Johnny Joestar|[spread] p2a,p2b\n|-damage|p2a: Gyro Zeppeli|0 fnt\n|-damage|p2b: Johnny Joestar|0 fnt\n|faint|p2a: Gyro Zeppeli\n|faint|p2b: Johnny Joestar\n|\n|-weather|Snowscape|[upkeep]\n|-damage|p1a: Glaceon|13/100 brn|[from] brn\n|upkeep\n|\n|t:|1776577538\n|switch|p2b: Slow Dancer|Ninetales-Alola, L50, M|100/100\n|switch|p2a: Diego Brando|Samurott-Hisui, L50, F, shiny|100/100\n|turn|4\n|inactive|4nm0n has 30 seconds left.\n|\n|t:|1776577564\n|move|p2b: Slow Dancer|Blizzard|p1a: Glaceon|[spread] p1a,p1b\n|-resisted|p1a: Glaceon|1\n|-resisted|p1b: Froslass|1\n|-damage|p1a: Glaceon|2/100 brn\n|-damage|p1b: Froslass|87/100\n|move|p2a: Diego Brando|Night Slash|p1b: Froslass\n|-supereffective|p1b: Froslass|1\n|-damage|p1b: Froslass|16/100\n|move|p1b: Froslass|Shadow Ball|p2b: Slow Dancer\n|-damage|p2b: Slow Dancer|46/100\n|move|p1a: Glaceon|Freeze-Dry|p2a: Diego Brando\n|-supereffective|p2a: Diego Brando|1\n|-crit|p2a: Diego Brando\n|-damage|p2a: Diego Brando|0 fnt\n|faint|p2a: Diego Brando\n|\n|-weather|Snowscape|[upkeep]\n|-damage|p1a: Glaceon|0 fnt|[from] brn\n|faint|p1a: Glaceon\n|upkeep\n|\n|t:|1776577583\n|switch|p1a: Incineroar|Incineroar, L50, M|13/100\n|-ability|p1a: Incineroar|Intimidate|boost\n|-unboost|p2b: Slow Dancer|atk|1\n|turn|5\n|\n|t:|1776577591\n|move|p2b: Slow Dancer|Protect|p2b: Slow Dancer\n|-singleturn|p2b: Slow Dancer|Protect\n|move|p1a: Incineroar|Fake Out|p2b: Slow Dancer\n|-activate|p2b: Slow Dancer|move: Protect\n|move|p1b: Froslass|Shadow Ball|p2b: Slow Dancer\n|-activate|p2b: Slow Dancer|move: Protect\n|\n|-weather|none\n|-sideend|p2: Chazzitup4200|move: Tailwind\n|upkeep\n|turn|6\n|\n|t:|1776577597\n|move|p1b: Froslass|Shadow Ball|p2b: Slow Dancer\n|-damage|p2b: Slow Dancer|0 fnt\n|faint|p2b: Slow Dancer\n|\n|win|4nm0n\n|raw|4nm0n's rating: 1243 &rarr; <strong>1273</strong><br />(+30 for winning)\n|raw|Chazzitup4200's rating: 1314 &rarr; <strong>1290</strong><br />(-24 for losing)\n|l|\u2606Chazzitup4200\n|player|p2|\n",
  "uploadtime": 1776577605,
  "views": 19,
  "formatid": "gen9championsvgc2026regma",
  "rating": 1273,
  "private": 0,
  "password": null
}