{
  "id": "gen9championsvgc2026regma-2580616152",
  "format": "[Gen 9 Champions] VGC 2026 Reg M-A",
  "players": [
    "tf2026",
    "waiseng"
  ],
  "log": "|j|\u2606tf2026\n|j|\u2606waiseng\n|t:|1775918375\n|gametype|doubles\n|player|p1|tf2026|2|1323\n|player|p2|waiseng|giovanni|1409\n|gen|9\n|tier|[Gen 9 Champions] VGC 2026 Reg M-A\n|rated|\n|rule|Species Clause: Limit one of each Pok\u00e9mon\n|rule|Item Clause: Limit 1 of each item\n|clearpoke\n|poke|p1|Froslass, L50, F|\n|poke|p1|Milotic, L50, M|\n|poke|p1|Azumarill, L50, M|\n|poke|p1|Sinistcha-Masterpiece, L50|\n|poke|p1|Sneasler, L50, M|\n|poke|p1|Whimsicott, L50, M|\n|poke|p2|Incineroar, L50, M|\n|poke|p2|Kingambit, L50, M|\n|poke|p2|Sinistcha, L50|\n|poke|p2|Sneasler, L50, F|\n|poke|p2|Starmie, L50|\n|poke|p2|Sylveon, L50, F|\n|teampreview|4\n|inactive|Battle timer is ON: inactive players will automatically lose when time's up. (requested by tf2026)\n|\n|t:|1775918443\n|teamsize|p1|4\n|teamsize|p2|4\n|start\n|switch|p1a: Froslass|Froslass, L50, F|100/100\n|switch|p1b: Sinistcha|Sinistcha-Masterpiece, L50|100/100\n|switch|p2a: Sinistcha|Sinistcha, L50|100/100\n|switch|p2b: Sylveon|Sylveon, L50, F|100/100\n|turn|1\n|j| paradoxguardiola\n|\n|t:|1775918462\n|switch|p1b: Milotic|Milotic, L50, M|100/100\n|detailschange|p1a: Froslass|Froslass-Mega, L50, F\n|-mega|p1a: Froslass|Froslass|Froslassite\n|-weather|Snowscape|[from] ability: Snow Warning|[of] p1a: Froslass\n|move|p1a: Froslass|Aurora Veil|p1a: Froslass\n|-sidestart|p1: tf2026|move: Aurora Veil\n|move|p2b: Sylveon|Calm Mind|p2b: Sylveon\n|-boost|p2b: Sylveon|spa|1\n|-boost|p2b: Sylveon|spd|1\n|move|p2a: Sinistcha|Trick Room|p2a: Sinistcha\n|-fieldstart|move: Trick Room|[of] p2a: Sinistcha\n|\n|-weather|Snowscape|[upkeep]\n|upkeep\n|turn|2\n|j| Donko22\n|inactive|waiseng has 30 seconds left.\n|\n|t:|1775918489\n|switch|p2a: Kingambit|Kingambit, L50, M|100/100\n|move|p2b: Sylveon|Calm Mind|p2b: Sylveon\n|-boost|p2b: Sylveon|spa|1\n|-boost|p2b: Sylveon|spd|1\n|move|p1b: Milotic|Haze|p1b: Milotic\n|-clearallboost\n|move|p1a: Froslass|Shadow Ball|p2a: Kingambit\n|-resisted|p2a: Kingambit|1\n|-damage|p2a: Kingambit|79/100\n|-unboost|p2a: Kingambit|spd|1\n|-ability|p2a: Kingambit|Defiant|boost\n|-boost|p2a: Kingambit|atk|2\n|\n|-weather|Snowscape|[upkeep]\n|upkeep\n|turn|3\n|\n|t:|1775918509\n|move|p2a: Kingambit|Kowtow Cleave|p1b: Milotic\n|-damage|p1b: Milotic|32/100\n|move|p2b: Sylveon|Hyper Voice|p1a: Froslass|[spread] p1a,p1b\n|-damage|p1a: Froslass|62/100\n|-damage|p1b: Milotic|10/100\n|move|p1b: Milotic|Haze|p1b: Milotic\n|-clearallboost\n|move|p1a: Froslass|Blizzard|p2a: Kingambit|[spread] p2a,p2b\n|-resisted|p2a: Kingambit|1\n|-damage|p2a: Kingambit|57/100\n|-damage|p2b: Sylveon|69/100\n|-status|p2a: Kingambit|frz\n|\n|-weather|Snowscape|[upkeep]\n|-heal|p1b: Milotic|17/100|[from] item: Leftovers\n|upkeep\n|turn|4\n|\n|t:|1775918526\n|switch|p1a: Sinistcha|Sinistcha-Masterpiece, L50|100/100\n|-heal|p1b: Milotic|41/100|[from] ability: Hospitality|[of] p1a: Sinistcha\n|cant|p2a: Kingambit|frz\n|move|p2b: Sylveon|Hyper Voice|p1a: Sinistcha|[spread] p1a,p1b\n|-damage|p1a: Sinistcha|67/100\n|-damage|p1b: Milotic|21/100\n|move|p1b: Milotic|Muddy Water|p2b: Sylveon|[spread] p2b\n|-miss|p1b: Milotic|p2a: Kingambit\n|-damage|p2b: Sylveon|44/100\n|\n|-weather|Snowscape|[upkeep]\n|-heal|p1b: Milotic|27/100|[from] item: Leftovers\n|upkeep\n|turn|5\n|\n|t:|1775918549\n|-curestatus|p2a: Kingambit|frz|[msg]\n|move|p2a: Kingambit|Kowtow Cleave|p1a: Sinistcha\n|-supereffective|p1a: Sinistcha|1\n|-damage|p1a: Sinistcha|0 fnt\n|faint|p1a: Sinistcha\n|move|p2b: Sylveon|Calm Mind|p2b: Sylveon\n|-boost|p2b: Sylveon|spa|1\n|-boost|p2b: Sylveon|spd|1\n|move|p1b: Milotic|Muddy Water|p2a: Kingambit|[spread] p2a,p2b\n|-damage|p2a: Kingambit|24/100\n|-damage|p2b: Sylveon|28/100\n|\n|-weather|none\n|-heal|p1b: Milotic|33/100|[from] item: Leftovers\n|-sideend|p1: tf2026|move: Aurora Veil\n|-fieldend|move: Trick Room\n|upkeep\n|j| kanp\n|\n|t:|1775918559\n|switch|p1a: Sneasler|Sneasler, L50, M|100/100\n|turn|6\n|j| Koiman\n|\n|t:|1775918578\n|switch|p2a: Sinistcha|Sinistcha, L50|100/100\n|-heal|p2b: Sylveon|53/100|[from] ability: Hospitality|[of] p2a: Sinistcha\n|move|p1a: Sneasler|Dire Claw|p2b: Sylveon\n|-supereffective|p2b: Sylveon|1\n|-damage|p2b: Sylveon|0 fnt\n|faint|p2b: Sylveon\n|move|p1b: Milotic|Muddy Water|p2a: Sinistcha\n|-resisted|p2a: Sinistcha|1\n|-damage|p2a: Sinistcha|81/100\n|\n|-heal|p1b: Milotic|39/100|[from] item: Leftovers\n|-heal|p2a: Sinistcha|87/100|[from] item: Leftovers\n|upkeep\n|\n|t:|1775918592\n|switch|p2b: Starmie|Starmie, L50|100/100\n|turn|7\n|\n|t:|1775918614\n|detailschange|p2b: Starmie|Starmie-Mega, L50\n|-mega|p2b: Starmie|Starmie|Starminite\n|move|p1a: Sneasler|Protect|p1a: Sneasler\n|-singleturn|p1a: Sneasler|Protect\n|move|p2b: Starmie|Liquidation|p1a: Sneasler\n|-activate|p1a: Sneasler|move: Protect\n|move|p1b: Milotic|Blizzard|p2b: Starmie|[spread] p2b\n|-miss|p1b: Milotic|p2a: Sinistcha\n|-resisted|p2b: Starmie|1\n|-damage|p2b: Starmie|84/100\n|move|p2a: Sinistcha|Matcha Gotcha|p1a: Sneasler|[spread] p1b\n|-activate|p1a: Sneasler|move: Protect\n|-supereffective|p1b: Milotic|1\n|-damage|p1b: Milotic|4/100\n|-heal|p2a: Sinistcha|100/100|[from] drain|[of] p1b: Milotic\n|\n|-heal|p1b: Milotic|10/100|[from] item: Leftovers\n|upkeep\n|turn|8\n|inactive|waiseng has 30 seconds left.\n|\n|t:|1775918643\n|move|p1a: Sneasler|Dire Claw|p2b: Starmie\n|-damage|p2b: Starmie|23/100\n|-status|p2b: Starmie|slp\n|cant|p2b: Starmie|slp\n|move|p1b: Milotic|Muddy Water|p2b: Starmie|[spread] p2a,p2b\n|-resisted|p2a: Sinistcha|1\n|-resisted|p2b: Starmie|1\n|-damage|p2a: Sinistcha|87/100\n|-damage|p2b: Starmie|1/100 slp\n|-unboost|p2b: Starmie|accuracy|1\n|move|p2a: Sinistcha|Matcha Gotcha|p1a: Sneasler|[spread] p1b\n|-miss|p2a: Sinistcha|p1a: Sneasler\n|-supereffective|p1b: Milotic|1\n|-damage|p1b: Milotic|0 fnt\n|-heal|p2a: Sinistcha|93/100|[from] drain|[of] p1b: Milotic\n|faint|p1b: Milotic\n|\n|-heal|p2a: Sinistcha|99/100|[from] item: Leftovers\n|upkeep\n|\n|t:|1775918656\n|switch|p1b: Froslass|Froslass-Mega, L50, F|62/100\n|-weather|Snowscape|[from] ability: Snow Warning|[of] p1b: Froslass\n|turn|9\n|\n|t:|1775918679\n|move|p1b: Froslass|Blizzard|p2a: Sinistcha|[spread] p2a,p2b\n|-supereffective|p2a: Sinistcha|1\n|-resisted|p2b: Starmie|1\n|-damage|p2a: Sinistcha|17/100\n|-damage|p2b: Starmie|0 fnt\n|faint|p2b: Starmie\n|move|p1a: Sneasler|Dire Claw|p2a: Sinistcha\n|-damage|p2a: Sinistcha|0 fnt\n|faint|p2a: Sinistcha\n|\n|-weather|Snowscape|[upkeep]\n|upkeep\n|\n|t:|1775918683\n|switch|p2a: Kingambit|Kingambit, L50, M|24/100\n|turn|10\n|\n|t:|1775918695\n|move|p2a: Kingambit|Sucker Punch|p1b: Froslass\n|-supereffective|p1b: Froslass|1\n|-damage|p1b: Froslass|0 fnt\n|faint|p1b: Froslass\n|move|p1a: Sneasler|Close Combat|p2a: Kingambit\n|-supereffective|p2a: Kingambit|2\n|-enditem|p2a: Kingambit|Chople Berry|[eat]\n|-enditem|p2a: Kingambit|Chople Berry|[weaken]\n|-damage|p2a: Kingambit|0 fnt\n|-unboost|p1a: Sneasler|def|1\n|-unboost|p1a: Sneasler|spd|1\n|faint|p2a: Kingambit\n|\n|win|tf2026\n|raw|tf2026's rating: 1323 &rarr; <strong>1348</strong><br />(+25 for winning)\n|raw|waiseng's rating: 1409 &rarr; <strong>1384</strong><br />(-25 for losing)\n|l|\u2606tf2026\n|player|p1|\n|l| paradoxguardiola\n|j|\u2606tf2026\n|player|p1|tf2026|2|\n|l|\u2606waiseng\n|player|p2|\n|l| Koiman\n",
  "uploadtime": 1775918741,
  "views": 55,
  "formatid": "gen9championsvgc2026regma",
  "rating": 1348,
  "private": 0,
  "password": null
}