{
  "id": "gen9championsvgc2026regma-2588408880",
  "format": "[Gen 9 Champions] VGC 2026 Reg M-A",
  "players": [
    "TheAngeles",
    "sdlt 2krl coolguy"
  ],
  "log": "|raw|<div class=\"broadcast-blue\"><strong>This battle is required to be public due to a player having a name starting with 'sdlt'.</div>\n|j|\u2606TheAngeles\n|j|\u2606sdlt 2krl coolguy\n|t:|1776631051\n|gametype|doubles\n|player|p1|TheAngeles|hilbert|1264\n|player|p2|sdlt 2krl coolguy|leon-masters2|1365\n|gen|9\n|tier|[Gen 9 Champions] VGC 2026 Reg M-A\n|rated|\n|rule|Species Clause: Limit one of each Pok\u00e9mon\n|rule|Item Clause: Limit 1 of each item\n|clearpoke\n|poke|p1|Palafin, L50, M, shiny|\n|poke|p1|Gengar, L50, M, shiny|\n|poke|p1|Incineroar, L50, F, shiny|\n|poke|p1|Ninetales-Alola, L50, F|\n|poke|p1|Aerodactyl, L50, M|\n|poke|p1|Archaludon, L50, F, shiny|\n|poke|p2|Floette-Eternal, L50, F|\n|poke|p2|Incineroar, L50, M|\n|poke|p2|Sinistcha, L50|\n|poke|p2|Garchomp, L50, M|\n|poke|p2|Sneasler, L50, M|\n|poke|p2|Kingambit, L50, M|\n|teampreview|4\n|inactive|Battle timer is ON: inactive players will automatically lose when time's up. (requested by sdlt 2krl coolguy)\n|inactive|TheAngeles has 60 seconds left.\n|inactive|sdlt 2krl coolguy has 60 seconds left.\n|\n|t:|1776631096\n|teamsize|p1|4\n|teamsize|p2|4\n|start\n|switch|p1a: Palafin|Palafin, L50, M, shiny|100/100\n|switch|p1b: Ninetales|Ninetales-Alola, L50, F|100/100\n|switch|p2a: Kingambit|Kingambit, L50, M|100/100\n|switch|p2b: Incineroar|Incineroar, L50, M|100/100\n|-weather|Snowscape|[from] ability: Snow Warning|[of] p1b: Ninetales\n|-ability|p2b: Incineroar|Intimidate|boost\n|-unboost|p1a: Palafin|atk|1\n|-unboost|p1b: Ninetales|atk|1\n|-enditem|p1a: Palafin|White Herb\n|-clearnegativeboost|p1a: Palafin|[silent]\n|turn|1\n|\n|t:|1776631109\n|move|p1b: Ninetales|Protect|p1b: Ninetales\n|-singleturn|p1b: Ninetales|Protect\n|move|p1a: Palafin|Protect|p1a: Palafin\n|-singleturn|p1a: Palafin|Protect\n|move|p2b: Incineroar|Fake Out|p1a: Palafin\n|-activate|p1a: Palafin|move: Protect\n|move|p2a: Kingambit|Iron Head|p1b: Ninetales\n|-activate|p1b: Ninetales|move: Protect\n|\n|-weather|Snowscape|[upkeep]\n|upkeep\n|turn|2\n|\n|t:|1776631123\n|switch|p2b: Sinistcha|Sinistcha, L50|100/100\n|move|p1b: Ninetales|Encore||[still]\n|-fail|p1b: Ninetales\n|move|p1a: Palafin|Close Combat|p2a: Kingambit\n|-supereffective|p2a: Kingambit|2\n|-damage|p2a: Kingambit|8/100\n|-unboost|p1a: Palafin|def|1\n|-unboost|p1a: Palafin|spd|1\n|move|p2a: Kingambit|Iron Head|p1b: Ninetales\n|-supereffective|p1b: Ninetales|2\n|-damage|p1b: Ninetales|0 fnt\n|faint|p1b: Ninetales\n|\n|-weather|Snowscape|[upkeep]\n|upkeep\n|\n|t:|1776631135\n|switch|p1b: Gengar|Gengar, L50, M, shiny|100/100\n|turn|3\n|\n|t:|1776631148\n|detailschange|p1a: Palafin|Palafin-Hero, L50, M, shiny\n|switch|p1a: Archaludon|Archaludon, L50, F, shiny|100/100\n|switch|p2a: Incineroar|Incineroar, L50, M|100/100\n|-ability|p2a: Incineroar|Intimidate|boost\n|-unboost|p1a: Archaludon|atk|1\n|-unboost|p1b: Gengar|atk|1\n|detailschange|p1b: Gengar|Gengar-Mega, L50, M, shiny\n|-mega|p1b: Gengar|Gengar|Gengarite\n|move|p1b: Gengar|Substitute|p1b: Gengar\n|-start|p1b: Gengar|Substitute\n|-damage|p1b: Gengar|76/100\n|move|p2b: Sinistcha|Trick Room|p2b: Sinistcha\n|-fieldstart|move: Trick Room|[of] p2b: Sinistcha\n|\n|-weather|Snowscape|[upkeep]\n|upkeep\n|turn|4\n|\n|t:|1776631171\n|move|p1b: Gengar|Protect|p1b: Gengar\n|-singleturn|p1b: Gengar|Protect\n|move|p2a: Incineroar|Darkest Lariat|p1b: Gengar\n|-activate|p1b: Gengar|move: Protect\n|move|p2b: Sinistcha|Matcha Gotcha|p1b: Gengar|[spread] \n|-activate|p1b: Gengar|move: Protect\n|-miss|p2b: Sinistcha|p1a: Archaludon\n|move|p1a: Archaludon|Dragon Pulse|p2a: Incineroar\n|-damage|p2a: Incineroar|53/100\n|\n|-weather|Snowscape|[upkeep]\n|upkeep\n|turn|5\n|inactive|TheAngeles has 30 seconds left.\n|\n|t:|1776631206\n|move|p2a: Incineroar|Parting Shot|p1b: Gengar\n|-unboost|p1b: Gengar|atk|1\n|-unboost|p1b: Gengar|spa|1\n|\n|t:|1776631211\n|switch|p2a: Floette|Floette-Eternal, L50, F|100/100|[from] Parting Shot\n|move|p2b: Sinistcha|Matcha Gotcha|p1a: Archaludon|[spread] p1a,p1b\n|-resisted|p1b: Gengar|1\n|-activate|p1b: Gengar|move: Substitute|[damage]\n|-resisted|p1a: Archaludon|2\n|-damage|p1a: Archaludon|93/100\n|move|p1a: Archaludon|Dragon Pulse|p2a: Floette\n|-immune|p2a: Floette\n|move|p1b: Gengar|Shadow Ball|p2b: Sinistcha\n|-supereffective|p2b: Sinistcha|1\n|-damage|p2b: Sinistcha|36/100\n|-enditem|p2b: Sinistcha|Sitrus Berry|[eat]\n|-heal|p2b: Sinistcha|61/100|[from] item: Sitrus Berry\n|\n|-weather|none\n|-heal|p1a: Archaludon|99/100|[from] item: Leftovers\n|upkeep\n|turn|6\n|\n|t:|1776631232\n|switch|p2b: Incineroar|Incineroar, L50, M|53/100\n|-ability|p2b: Incineroar|Intimidate|boost\n|-unboost|p1a: Archaludon|atk|1\n|-immune|p1b: Gengar\n|detailschange|p2a: Floette|Floette-Mega, L50, F\n|-mega|p2a: Floette|Floette|Floettite\n|-ability|p2a: Floette|Fairy Aura\n|move|p1a: Archaludon|Flash Cannon|p2a: Floette\n|-supereffective|p2a: Floette|1\n|-damage|p2a: Floette|33/100\n|move|p2a: Floette|Calm Mind|p2a: Floette\n|-boost|p2a: Floette|spa|1\n|-boost|p2a: Floette|spd|1\n|move|p1b: Gengar|Sludge Bomb|p2a: Floette\n|-supereffective|p2a: Floette|1\n|-crit|p2a: Floette\n|-damage|p2a: Floette|0 fnt\n|faint|p2a: Floette\n|\n|-heal|p1a: Archaludon|100/100|[from] item: Leftovers\n|upkeep\n|inactive|sdlt 2krl coolguy has 30 seconds left.\n|-message|sdlt 2krl coolguy forfeited.\n|\n|win|TheAngeles\n|raw|TheAngeles's rating: 1264 &rarr; <strong>1296</strong><br />(+32 for winning)\n|raw|sdlt 2krl coolguy's rating: 1365 &rarr; <strong>1339</strong><br />(-26 for losing)\n",
  "uploadtime": 1776631259,
  "views": 15,
  "formatid": "gen9championsvgc2026regma",
  "rating": 1296,
  "private": 0,
  "password": null
}