{
  "id": "gen9championsvgc2026regma-2589413765",
  "format": "[Gen 9 Champions] VGC 2026 Reg M-A",
  "players": [
    "SDLT LucaIaria63",
    "beli04"
  ],
  "log": "|raw|<div class=\"broadcast-blue\"><strong>This battle is required to be public due to a player having a name starting with 'sdlt'.</div>\n|j|\u2606SDLT LucaIaria63\n|j|\u2606beli04\n|t:|1776720937\n|gametype|doubles\n|player|p1|SDLT LucaIaria63|colress|1085\n|player|p2|beli04|102|1060\n|gen|9\n|tier|[Gen 9 Champions] VGC 2026 Reg M-A\n|rated|\n|rule|Species Clause: Limit one of each Pok\u00e9mon\n|rule|Item Clause: Limit 1 of each item\n|clearpoke\n|poke|p1|Gardevoir, L50, M|\n|poke|p1|Sinistcha, L50|\n|poke|p1|Politoed, L50, F|\n|poke|p1|Noivern, L50, F|\n|poke|p1|Garchomp, L50, F|\n|poke|p1|Rotom-Wash, L50|\n|poke|p2|Chandelure, L50, F|\n|poke|p2|Aerodactyl, L50, M|\n|poke|p2|Torkoal, L50, F, shiny|\n|poke|p2|Floette-Eternal, L50, F|\n|poke|p2|Sneasler, L50, F|\n|poke|p2|Tauros-Paldea-Blaze, L50, M|\n|teampreview|4\n|inactive|Battle timer is ON: inactive players will automatically lose when time's up. (requested by beli04)\nbeli04 rejected open team sheets.\n|inactive|beli04 has 60 seconds left.\n|\n|t:|1776720973\n|teamsize|p1|4\n|teamsize|p2|4\n|start\n|switch|p1a: Politoed|Politoed, L50, F|100/100\n|switch|p1b: Garchomp|Garchomp, L50, F|100/100\n|switch|p2a: Aerodactyl|Aerodactyl, L50, M|100/100\n|switch|p2b: Floette|Floette-Eternal, L50, F|100/100\n|-ability|p2a: Aerodactyl|Unnerve\n|-weather|RainDance|[from] ability: Drizzle|[of] p1a: Politoed\n|turn|1\n|inactive|beli04 has 30 seconds left.\n|\n|t:|1776721006\n|detailschange|p2b: Floette|Floette-Mega, L50, F\n|-mega|p2b: Floette|Floette|Floettite\n|-ability|p2b: Floette|Fairy Aura\n|move|p1a: Politoed|Icy Wind|p2b: Floette|[spread] p2a,p2b\n|-supereffective|p2a: Aerodactyl|1\n|-damage|p2a: Aerodactyl|72/100\n|-damage|p2b: Floette|90/100\n|-unboost|p2a: Aerodactyl|spe|1\n|-unboost|p2b: Floette|spe|1\n|move|p2a: Aerodactyl|Tailwind|p2a: Aerodactyl\n|-sidestart|p2: beli04|move: Tailwind\n|move|p2b: Floette|Dazzling Gleam|p1a: Politoed|[spread] p1a,p1b\n|-supereffective|p1b: Garchomp|1\n|-damage|p1a: Politoed|50/100\n|-damage|p1b: Garchomp|10/100\n|move|p1b: Garchomp|Dragon Claw|p2a: Aerodactyl\n|-damage|p2a: Aerodactyl|0 fnt\n|-enditem|p1b: Garchomp|Sitrus Berry|[eat]\n|-heal|p1b: Garchomp|35/100|[from] item: Sitrus Berry\n|faint|p2a: Aerodactyl\n|\n|-weather|RainDance|[upkeep]\n|upkeep\n|inactive|beli04 has 30 seconds left.\n|inactive|beli04 has 20 seconds left.\n|\n|t:|1776721045\n|switch|p2a: Torkoal|Torkoal, L50, F, shiny|100/100\n|-weather|SunnyDay|[from] ability: Drought|[of] p2a: Torkoal\n|turn|2\n|\n|t:|1776721064\n|move|p2b: Floette|Dazzling Gleam|p1b: Garchomp|[spread] p1a,p1b\n|-supereffective|p1b: Garchomp|1\n|-damage|p1a: Politoed|0 fnt\n|-damage|p1b: Garchomp|0 fnt\n|faint|p1a: Politoed\n|faint|p1b: Garchomp\n|move|p2a: Torkoal|Eruption|p1: Politoed|[notarget]\n|-fail|p2a: Torkoal\n|\n|-weather|SunnyDay|[upkeep]\n|upkeep\n|\n|t:|1776721075\n|switch|p1a: Noivern|Noivern, L50, F|100/100\n|switch|p1b: Gardevoir|Gardevoir, L50, M|100/100\n|-item|p2a: Torkoal|Leftovers|[from] ability: Frisk|[of] p1a: Noivern\n|-item|p2b: Floette|Floettite|[from] ability: Frisk|[of] p1a: Noivern\n|-ability|p1b: Gardevoir|Fairy Aura|Trace|[from] ability: Trace|[of] p2b: Floette\n|-ability|p1b: Gardevoir|Fairy Aura\n|turn|3\n|inactive|beli04 has 30 seconds left.\n|\n|t:|1776721105\n|move|p1a: Noivern|Protect|p1a: Noivern\n|-singleturn|p1a: Noivern|Protect\n|move|p1b: Gardevoir|Protect|p1b: Gardevoir\n|-singleturn|p1b: Gardevoir|Protect\n|move|p2b: Floette|Dazzling Gleam|p1a: Noivern|[spread] \n|-activate|p1a: Noivern|move: Protect\n|-activate|p1b: Gardevoir|move: Protect\n|move|p2a: Torkoal|Eruption|p1b: Gardevoir|[spread] \n|-activate|p1a: Noivern|move: Protect\n|-activate|p1b: Gardevoir|move: Protect\n|\n|-weather|SunnyDay|[upkeep]\n|upkeep\n|turn|4\n|inactive|beli04 has 30 seconds left.\n|\n|t:|1776721132\n|detailschange|p1b: Gardevoir|Gardevoir-Mega, L50, M\n|-mega|p1b: Gardevoir|Gardevoir|Gardevoirite\n|move|p2b: Floette|Light of Ruin|p1a: Noivern\n|-supereffective|p1a: Noivern|1\n|-enditem|p1a: Noivern|Focus Sash\n|-damage|p1a: Noivern|1/100\n|-damage|p2b: Floette|35/100|[from] Recoil\n|move|p1a: Noivern|Tailwind|p1a: Noivern\n|-sidestart|p1: SDLT LucaIaria63|move: Tailwind\n|move|p1b: Gardevoir|Hyper Voice|p2b: Floette|[spread] p2a,p2b\n|-resisted|p2a: Torkoal|1\n|-damage|p2a: Torkoal|59/100\n|-damage|p2b: Floette|0 fnt\n|faint|p2b: Floette\n|move|p2a: Torkoal|Eruption|p1b: Gardevoir|[spread] p1a,p1b\n|-resisted|p1a: Noivern|1\n|-damage|p1a: Noivern|0 fnt\n|-damage|p1b: Gardevoir|73/100\n|faint|p1a: Noivern\n|\n|-weather|SunnyDay|[upkeep]\n|-heal|p2a: Torkoal|65/100|[from] item: Leftovers\n|-sideend|p2: beli04|move: Tailwind\n|upkeep\n|\n|t:|1776721151\n|switch|p2b: Tauros|Tauros-Paldea-Blaze, L50, M|100/100\n|-ability|p2b: Tauros|Intimidate|boost\n|-unboost|p1b: Gardevoir|atk|1\n|turn|5\n|\n|t:|1776721173\n|move|p1b: Gardevoir|Psyshock|p2b: Tauros\n|-supereffective|p2b: Tauros|1\n|-damage|p2b: Tauros|0 fnt\n|faint|p2b: Tauros\n|move|p2a: Torkoal|Eruption|p1b: Gardevoir\n|-damage|p1b: Gardevoir|34/100\n|\n|-weather|SunnyDay|[upkeep]\n|-heal|p2a: Torkoal|71/100|[from] item: Leftovers\n|upkeep\n|turn|6\n|\n|t:|1776721192\n|move|p1b: Gardevoir|Protect|p1b: Gardevoir\n|-singleturn|p1b: Gardevoir|Protect\n|move|p2a: Torkoal|Will-O-Wisp|p1b: Gardevoir\n|-activate|p1b: Gardevoir|move: Protect\n|\n|-weather|none\n|-heal|p2a: Torkoal|77/100|[from] item: Leftovers\n|upkeep\n|turn|7\n|\n|t:|1776721200\n|move|p1b: Gardevoir|Psyshock|p2a: Torkoal\n|-damage|p2a: Torkoal|39/100\n|move|p2a: Torkoal|Will-O-Wisp|p1b: Gardevoir\n|-status|p1b: Gardevoir|brn\n|\n|-heal|p2a: Torkoal|45/100|[from] item: Leftovers\n|-damage|p1b: Gardevoir|28/100 brn|[from] brn\n|-sideend|p1: SDLT LucaIaria63|move: Tailwind\n|upkeep\n|turn|8\n|\n|t:|1776721210\n|move|p2a: Torkoal|Protect|p2a: Torkoal\n|-singleturn|p2a: Torkoal|Protect\n|move|p1b: Gardevoir|Psyshock|p2a: Torkoal\n|-activate|p2a: Torkoal|move: Protect\n|\n|-heal|p2a: Torkoal|51/100|[from] item: Leftovers\n|-damage|p1b: Gardevoir|23/100 brn|[from] brn\n|upkeep\n|turn|9\n|\n|t:|1776721221\n|move|p1b: Gardevoir|Psyshock|p2a: Torkoal\n|-damage|p2a: Torkoal|6/100\n|move|p2a: Torkoal|Body Press|p1b: Gardevoir\n|-resisted|p1b: Gardevoir|2\n|-damage|p1b: Gardevoir|11/100 brn\n|\n|-heal|p2a: Torkoal|12/100|[from] item: Leftovers\n|-damage|p1b: Gardevoir|6/100 brn|[from] brn\n|upkeep\n|turn|10\n|\n|t:|1776721231\n|move|p2a: Torkoal|Protect|p2a: Torkoal\n|-singleturn|p2a: Torkoal|Protect\n|move|p1b: Gardevoir|Psyshock|p2a: Torkoal\n|-activate|p2a: Torkoal|move: Protect\n|\n|-heal|p2a: Torkoal|18/100|[from] item: Leftovers\n|-damage|p1b: Gardevoir|0 fnt|[from] brn\n|faint|p1b: Gardevoir\n|\n|win|beli04\n|raw|SDLT LucaIaria63's rating: 1085 &rarr; <strong>1061</strong><br />(-24 for losing)\n|raw|beli04's rating: 1060 &rarr; <strong>1093</strong><br />(+33 for winning)\n",
  "uploadtime": 1776721234,
  "views": 5,
  "formatid": "gen9championsvgc2026regma",
  "rating": 1061,
  "private": 0,
  "password": null
}