{
  "id": "gen9championsvgc2026regma-2582711689",
  "format": "[Gen 9 Champions] VGC 2026 Reg M-A",
  "players": [
    "taterstotz",
    "MaestroKayser"
  ],
  "log": "|j|\u2606taterstotz\n|j|\u2606MaestroKayser\n|t:|1776108919\n|gametype|doubles\n|player|p1|taterstotz|102|1168\n|player|p2|MaestroKayser|red|1117\n|gen|9\n|tier|[Gen 9 Champions] VGC 2026 Reg M-A\n|rated|\n|rule|Species Clause: Limit one of each Pok\u00e9mon\n|rule|Item Clause: Limit 1 of each item\n|clearpoke\n|poke|p1|Tyranitar, L50, M|\n|poke|p1|Excadrill, L50, F|\n|poke|p1|Hawlucha, L50, M|\n|poke|p1|Sinistcha, L50|\n|poke|p1|Rotom-Wash, L50|\n|poke|p1|Zoroark-Hisui, L50, M|\n|poke|p2|Passimian, L50, F|\n|poke|p2|Beedrill, L50, F|\n|poke|p2|Blastoise, L50, M|\n|poke|p2|Gengar, L50, M|\n|poke|p2|Skarmory, L50, F|\n|poke|p2|Alakazam, L50, F|\n|teampreview|4\n|inactive|Battle timer is ON: inactive players will automatically lose when time's up. (requested by taterstotz)\n|\n|t:|1776108948\n|teamsize|p1|4\n|teamsize|p2|4\n|start\n|switch|p1a: Hawlucha|Hawlucha, L50, M, shiny|100/100\n|switch|p1b: Excadrill|Excadrill, L50, F|100/100\n|switch|p2a: Passimian|Passimian, L50, F|100/100\n|switch|p2b: Beedrill|Beedrill, L50, F|100/100\n|turn|1\n|inactive|taterstotz has 30 seconds left.\n|\n|t:|1776108974\n|detailschange|p2b: Beedrill|Beedrill-Mega, L50, F\n|-mega|p2b: Beedrill|Beedrill|Beedrillite\n|move|p1b: Excadrill|Hyper Voice|p2b: Beedrill|[spread] p2a,p2b\n|-crit|p2a: Passimian\n|-damage|p2a: Passimian|24/100\n|-damage|p2b: Beedrill|53/100\n|move|p2a: Passimian|Close Combat|p1b: Excadrill\n|-immune|p1b: Excadrill\n|move|p2b: Beedrill|U-turn|p1a: Hawlucha\n|-resisted|p1a: Hawlucha|2\n|-damage|p1a: Hawlucha|82/100\n|\n|t:|1776108983\n|switch|p2b: Skarmory|Skarmory, L50, F|100/100|[from] U-turn\n|move|p1a: Hawlucha|Close Combat|p2a: Passimian\n|-damage|p2a: Passimian|0 fnt\n|-unboost|p1a: Hawlucha|def|1\n|-unboost|p1a: Hawlucha|spd|1\n|faint|p2a: Passimian\n|-enditem|p1a: Hawlucha|White Herb\n|-clearnegativeboost|p1a: Hawlucha|[silent]\n|\n|upkeep\n|\n|t:|1776108988\n|switch|p2a: Gengar|Gengar, L50, M|100/100\n|turn|2\n|inactive|taterstotz has 30 seconds left.\n|\n|t:|1776109023\n|switch|p1b: Excadrill|Excadrill, L50, F|100/100\n|move|p1a: Hawlucha|Acrobatics|p2b: Skarmory\n|-resisted|p2b: Skarmory|1\n|-damage|p2b: Skarmory|87/100\n|move|p2a: Gengar|Shadow Ball|p1b: Excadrill\n|-damage|p1b: Excadrill|47/100\n|move|p2b: Skarmory|Brave Bird|p1a: Hawlucha\n|-supereffective|p1a: Hawlucha|1\n|-damage|p1a: Hawlucha|0 fnt\n|faint|p1a: Hawlucha\n|-damage|p2b: Skarmory|63/100|[from] Recoil\n|\n|upkeep\n|\n|t:|1776109033\n|switch|p1a: Tyranitar|Tyranitar, L50, M|100/100\n|-weather|Sandstorm|[from] ability: Sand Stream|[of] p1a: Tyranitar\n|turn|3\n|\n|t:|1776109046\n|detailschange|p1a: Tyranitar|Tyranitar-Mega, L50, M\n|-mega|p1a: Tyranitar|Tyranitar|Tyranitarite\n|move|p1b: Excadrill|Protect|p1b: Excadrill\n|-singleturn|p1b: Excadrill|Protect\n|move|p2a: Gengar|Shadow Ball|p1b: Excadrill\n|-activate|p1b: Excadrill|move: Protect\n|move|p1a: Tyranitar|Rock Slide|p2a: Gengar|[spread] p2a,p2b\n|-damage|p2a: Gengar|30/100\n|-damage|p2b: Skarmory|39/100\n|move|p2b: Skarmory|Tailwind|p2b: Skarmory\n|-sidestart|p2: MaestroKayser|move: Tailwind\n|\n|-weather|Sandstorm|[upkeep]\n|-damage|p2a: Gengar|24/100|[from] Sandstorm\n|upkeep\n|turn|4\n|\n|t:|1776109063\n|move|p2a: Gengar|Shadow Ball|p1b: Excadrill\n|-crit|p1b: Excadrill\n|-damage|p1b: Excadrill|0 fnt\n|faint|p1b: Excadrill\n|move|p2b: Skarmory|Roost|p2b: Skarmory\n|-heal|p2b: Skarmory|89/100\n|-singleturn|p2b: Skarmory|move: Roost\n|move|p1a: Tyranitar|Rock Slide|p2a: Gengar|[spread] p2a,p2b\n|-resisted|p2b: Skarmory|1\n|-damage|p2a: Gengar|0 fnt\n|-damage|p2b: Skarmory|79/100\n|faint|p2a: Gengar\n|\n|-weather|Sandstorm|[upkeep]\n|upkeep\n|\n|t:|1776109073\n|switch|p2a: Beedrill|Beedrill-Mega, L50, F|53/100\n|switch|p1b: Zoroark|Zoroark-Hisui, L50, M|100/100\n|turn|5\n|\n|t:|1776109092\n|move|p2a: Beedrill|Knock Off|p1b: Zoroark\n|-supereffective|p1b: Zoroark|1\n|-damage|p1b: Zoroark|0 fnt\n|-enditem|p1b: Zoroark|Choice Scarf|[from] move: Knock Off|[of] p2a: Beedrill\n|faint|p1b: Zoroark\n|move|p2b: Skarmory|Brave Bird|p1a: Tyranitar\n|-resisted|p1a: Tyranitar|1\n|-damage|p1a: Tyranitar|90/100\n|-damage|p2b: Skarmory|75/100|[from] Recoil\n|move|p1a: Tyranitar|Rock Slide|p2a: Beedrill|[spread] p2a\n|-miss|p1a: Tyranitar|p2b: Skarmory\n|-supereffective|p2a: Beedrill|1\n|-damage|p2a: Beedrill|0 fnt\n|faint|p2a: Beedrill\n|\n|-weather|Sandstorm|[upkeep]\n|upkeep\n|turn|6\n|\n|t:|1776109111\n|move|p2b: Skarmory|Brave Bird|p1a: Tyranitar\n|-resisted|p1a: Tyranitar|1\n|-damage|p1a: Tyranitar|80/100\n|-damage|p2b: Skarmory|71/100|[from] Recoil\n|move|p1a: Tyranitar|Crunch|p2b: Skarmory\n|-damage|p2b: Skarmory|37/100\n|-unboost|p2b: Skarmory|def|1\n|\n|-weather|Sandstorm|[upkeep]\n|-sideend|p2: MaestroKayser|move: Tailwind\n|upkeep\n|turn|7\n|\n|t:|1776109120\n|move|p1a: Tyranitar|Crunch|p2b: Skarmory\n|-damage|p2b: Skarmory|0 fnt\n|faint|p2b: Skarmory\n|\n|win|taterstotz\n|raw|taterstotz's rating: 1168 &rarr; <strong>1189</strong><br />(+21 for winning)\n|raw|MaestroKayser's rating: 1117 &rarr; <strong>1096</strong><br />(-21 for losing)\n|l|\u2606MaestroKayser\n|player|p2|\n",
  "uploadtime": 1776109238,
  "views": 24,
  "formatid": "gen9championsvgc2026regma",
  "rating": 1096,
  "private": 0,
  "password": null
}