{
  "id": "gen9championsvgc2026regma-2584654015",
  "format": "[Gen 9 Champions] VGC 2026 Reg M-A",
  "players": [
    "ilovestrangerteams",
    "Rimebliss"
  ],
  "log": "|j|\u2606ilovestrangerteams\n|j|\u2606Rimebliss\n|t:|1776274689\n|gametype|doubles\n|player|p1|ilovestrangerteams|265|1078\n|player|p2|Rimebliss|lady-gen4|1000\n|gen|9\n|tier|[Gen 9 Champions] VGC 2026 Reg M-A\n|rated|\n|rule|Species Clause: Limit one of each Pok\u00e9mon\n|rule|Item Clause: Limit 1 of each item\n|clearpoke\n|poke|p1|Pelipper, L50, M|\n|poke|p1|Meganium, L50, M|\n|poke|p1|Hydreigon, L50, M|\n|poke|p1|Corviknight, L50, M|\n|poke|p1|Gengar, L50, M|\n|poke|p1|Kommo-o, L50, F|\n|poke|p2|Farigiraf, L50, F|\n|poke|p2|Whimsicott, L50, F|\n|poke|p2|Charizard, L50, M|\n|poke|p2|Incineroar, L50, M|\n|poke|p2|Garchomp, L50, F|\n|poke|p2|Empoleon, L50, M|\n|teampreview|4\nilovestrangerteams has agreed to open team sheets.\n|inactive|Battle timer is ON: inactive players will automatically lose when time's up. (requested by ilovestrangerteams)\n|\n|t:|1776274752\n|teamsize|p1|4\n|teamsize|p2|4\n|start\n|switch|p1a: Kommo-o|Kommo-o, L50, F|100/100\n|switch|p1b: Hydreigon|Hydreigon, L50, M|100/100\n|switch|p2a: Whimsicott|Whimsicott, L50, F|100/100\n|switch|p2b: Charizard|Charizard, L50, M|100/100\n|turn|1\n|inactive|Rimebliss has 30 seconds left.\n|\n|t:|1776274783\n|move|p2b: Charizard|Protect|p2b: Charizard\n|-singleturn|p2b: Charizard|Protect\n|move|p1b: Hydreigon|Protect|p1b: Hydreigon\n|-singleturn|p1b: Hydreigon|Protect\n|move|p2a: Whimsicott|Moonblast|p1b: Hydreigon\n|-activate|p1b: Hydreigon|move: Protect\n|move|p1a: Kommo-o|Stealth Rock|p2a: Whimsicott\n|-sidestart|p2: Rimebliss|move: Stealth Rock\n|\n|upkeep\n|turn|2\n|inactive|ilovestrangerteams has 30 seconds left.\n|inactive|ilovestrangerteams has 20 seconds left.\n|\n|t:|1776274819\n|move|p1a: Kommo-o|Protect|p1a: Kommo-o\n|-singleturn|p1a: Kommo-o|Protect\n|move|p2a: Whimsicott|Moonblast|p1a: Kommo-o\n|-activate|p1a: Kommo-o|move: Protect\n|move|p2b: Charizard|Heat Wave|p1a: Kommo-o|[spread] \n|-activate|p1a: Kommo-o|move: Protect\n|-miss|p2b: Charizard|p1b: Hydreigon\n|move|p1b: Hydreigon|Snarl|p2a: Whimsicott|[spread] p2a,p2b\n|-resisted|p2a: Whimsicott|1\n|-damage|p2a: Whimsicott|88/100\n|-damage|p2b: Charizard|68/100\n|-unboost|p2a: Whimsicott|spa|1\n|-unboost|p2b: Charizard|spa|1\n|\n|upkeep\n|turn|3\n|inactive|ilovestrangerteams has 30 seconds left.\n|\n|t:|1776274846\n|switch|p1a: Pelipper|Pelipper, L50, M|100/100\n|-weather|RainDance|[from] ability: Drizzle|[of] p1a: Pelipper\n|move|p1b: Hydreigon|Protect|p1b: Hydreigon\n|-singleturn|p1b: Hydreigon|Protect\n|move|p2a: Whimsicott|Moonblast|p1a: Pelipper\n|-damage|p1a: Pelipper|69/100\n|move|p2b: Charizard|Heat Wave|p1b: Hydreigon|[spread] p1a\n|-activate|p1b: Hydreigon|move: Protect\n|-resisted|p1a: Pelipper|1\n|-damage|p1a: Pelipper|58/100\n|-status|p1a: Pelipper|brn\n|\n|-weather|RainDance|[upkeep]\n|-damage|p1a: Pelipper|52/100 brn|[from] brn\n|upkeep\n|turn|4\n|inactive|ilovestrangerteams has 30 seconds left.\n|inactive|ilovestrangerteams has 20 seconds left.\n|\n|t:|1776274886\n|switch|p1b: Corviknight|Corviknight, L50, M|100/100\n|detailschange|p2b: Charizard|Charizard-Mega-Y, L50, M\n|-mega|p2b: Charizard|Charizard|Charizardite Y\n|-weather|SunnyDay|[from] ability: Drought|[of] p2b: Charizard\n|move|p1a: Pelipper|Wide Guard|p1a: Pelipper\n|-singleturn|p1a: Pelipper|Wide Guard\n|move|p2a: Whimsicott|Moonblast|p1a: Pelipper\n|-damage|p1a: Pelipper|24/100 brn\n|move|p2b: Charizard|Heat Wave|p1a: Pelipper|[spread] \n|-activate|p1a: Pelipper|move: Wide Guard\n|-activate|p1b: Corviknight|move: Wide Guard\n|\n|-weather|SunnyDay|[upkeep]\n|-damage|p1a: Pelipper|18/100 brn|[from] brn\n|upkeep\n|turn|5\n|\n|t:|1776274905\n|move|p1a: Pelipper|Wide Guard|p1a: Pelipper\n|-singleturn|p1a: Pelipper|Wide Guard\n|move|p2a: Whimsicott|Moonblast|p1a: Pelipper\n|-damage|p1a: Pelipper|0 fnt\n|faint|p1a: Pelipper\n|move|p2b: Charizard|Heat Wave|p1b: Corviknight\n|-activate|p1b: Corviknight|move: Wide Guard\n|move|p1b: Corviknight|Iron Head|p2a: Whimsicott\n|-supereffective|p2a: Whimsicott|1\n|-damage|p2a: Whimsicott|33/100\n|\n|-weather|SunnyDay|[upkeep]\n|upkeep\n|\n|t:|1776274919\n|switch|p1a: Hydreigon|Hydreigon, L50, M|100/100\n|turn|6\n|\n|t:|1776274926\n|move|p1b: Corviknight|Protect|p1b: Corviknight\n|-singleturn|p1b: Corviknight|Protect\n|move|p2a: Whimsicott|Moonblast|p1a: Hydreigon\n|-supereffective|p1a: Hydreigon|2\n|-damage|p1a: Hydreigon|41/100\n|move|p2b: Charizard|Heat Wave|p1a: Hydreigon|[spread] \n|-activate|p1b: Corviknight|move: Protect\n|-miss|p2b: Charizard|p1a: Hydreigon\n|move|p1a: Hydreigon|Snarl|p2b: Charizard|[spread] p2a,p2b\n|-resisted|p2a: Whimsicott|1\n|-damage|p2a: Whimsicott|21/100\n|-damage|p2b: Charizard|44/100\n|-unboost|p2a: Whimsicott|spa|1\n|-unboost|p2b: Charizard|spa|1\n|\n|-weather|SunnyDay|[upkeep]\n|upkeep\n|turn|7\n|\n|t:|1776274945\n|switch|p1b: Kommo-o|Kommo-o, L50, F|100/100\n|move|p2a: Whimsicott|Moonblast|p1a: Hydreigon\n|-supereffective|p1a: Hydreigon|2\n|-damage|p1a: Hydreigon|0 fnt\n|faint|p1a: Hydreigon\n|move|p2b: Charizard|Heat Wave|p1b: Kommo-o\n|-resisted|p1b: Kommo-o|1\n|-damage|p1b: Kommo-o|78/100\n|\n|-weather|SunnyDay|[upkeep]\n|upkeep\n|\n|t:|1776274954\n|switch|p1a: Corviknight|Corviknight, L50, M|100/100\n|turn|8\n|-message|ilovestrangerteams forfeited.\n|\n|win|Rimebliss\n|raw|ilovestrangerteams's rating: 1078 &rarr; <strong>1052</strong><br />(-26 for losing)\n|raw|Rimebliss's rating: 1000 &rarr; <strong>1049</strong><br />(+49 for winning)\n|l|\u2606ilovestrangerteams\n|player|p1|\n",
  "uploadtime": 1776274963,
  "views": 17,
  "formatid": "gen9championsvgc2026regma",
  "rating": 1049,
  "private": 0,
  "password": null
}