{
  "id": "gen9championsvgc2026regma-2582200234",
  "format": "[Gen 9 Champions] VGC 2026 Reg M-A",
  "players": [
    "pikaisme69",
    "Squidward15"
  ],
  "log": "|j|\u2606pikaisme69\n|j|\u2606Squidward15\n|t:|1776070486\n|gametype|doubles\n|player|p1|pikaisme69|beauty-gen4dp|1000\n|player|p2|Squidward15|pokemaniac|1074\n|gen|9\n|tier|[Gen 9 Champions] VGC 2026 Reg M-A\n|rated|\n|rule|Species Clause: Limit one of each Pok\u00e9mon\n|rule|Item Clause: Limit 1 of each item\n|clearpoke\n|poke|p1|Volcarona, L50, F|\n|poke|p1|Maushold-Four, L50|\n|poke|p1|Charizard, L50, M|\n|poke|p1|Garchomp, L50, F|\n|poke|p1|Incineroar, L50, M|\n|poke|p1|Talonflame, L50, M|\n|poke|p2|Tyranitar, L50, F|\n|poke|p2|Excadrill, L50, M|\n|poke|p2|Incineroar, L50, M|\n|poke|p2|Corviknight, L50, M|\n|poke|p2|Sinistcha, L50|\n|poke|p2|Milotic, L50, F|\n|teampreview|4\n|inactive|Battle timer is ON: inactive players will automatically lose when time's up. (requested by Squidward15)\n|\n|t:|1776070506\n|teamsize|p1|4\n|teamsize|p2|4\n|start\n|switch|p1a: Garchomp|Garchomp, L50, F|100/100\n|switch|p1b: Talonflame|Talonflame, L50, M|100/100\n|switch|p2a: Milotic|Milotic, L50, F|100/100\n|switch|p2b: Incineroar|Incineroar, L50, M|100/100\n|-ability|p2b: Incineroar|Intimidate|boost\n|-unboost|p1a: Garchomp|atk|1\n|-unboost|p1b: Talonflame|atk|1\n|turn|1\n|\n|t:|1776070527\n|move|p2b: Incineroar|Fake Out|p1b: Talonflame\n|-damage|p1b: Talonflame|78/100\n|cant|p1b: Talonflame|flinch\n|move|p1a: Garchomp|Earthquake|p2a: Milotic|[spread] p2a,p2b\n|-immune|p1b: Talonflame\n|-supereffective|p2b: Incineroar|1\n|-damage|p2a: Milotic|72/100\n|-damage|p2b: Incineroar|34/100\n|-enditem|p2b: Incineroar|Sitrus Berry|[eat]\n|-heal|p2b: Incineroar|59/100|[from] item: Sitrus Berry\n|move|p2a: Milotic|Scald|p1b: Talonflame\n|-supereffective|p1b: Talonflame|1\n|-damage|p1b: Talonflame|0 fnt\n|faint|p1b: Talonflame\n|\n|upkeep\n|\n|t:|1776070534\n|switch|p1b: Volcarona|Volcarona, L50, F, shiny|100/100\n|turn|2\n|\n|t:|1776070555\n|move|p1a: Garchomp|Protect|p1a: Garchomp\n|-singleturn|p1a: Garchomp|Protect\n|move|p1b: Volcarona|Quiver Dance|p1b: Volcarona\n|-boost|p1b: Volcarona|spa|1\n|-boost|p1b: Volcarona|spd|1\n|-boost|p1b: Volcarona|spe|1\n|move|p2b: Incineroar|Parting Shot|p1b: Volcarona\n|-unboost|p1b: Volcarona|atk|1\n|-unboost|p1b: Volcarona|spa|1\n|\n|t:|1776070563\n|switch|p2b: Excadrill|Excadrill, L50, M|100/100|[from] Parting Shot\n|move|p2a: Milotic|Ice Beam|p1a: Garchomp\n|-activate|p1a: Garchomp|move: Protect\n|\n|upkeep\n|turn|3\n|\n|t:|1776070573\n|switch|p2a: Tyranitar|Tyranitar, L50, F|100/100\n|-weather|Sandstorm|[from] ability: Sand Stream|[of] p2a: Tyranitar\n|move|p1b: Volcarona|Protect|p1b: Volcarona\n|-singleturn|p1b: Volcarona|Protect\n|move|p2b: Excadrill|Rock Slide|p1b: Volcarona|[spread] p1a\n|-activate|p1b: Volcarona|move: Protect\n|-resisted|p1a: Garchomp|1\n|-damage|p1a: Garchomp|90/100\n|cant|p1a: Garchomp|flinch\n|\n|-weather|Sandstorm|[upkeep]\n|-damage|p1b: Volcarona|94/100|[from] Sandstorm\n|-heal|p1b: Volcarona|100/100|[from] item: Leftovers\n|upkeep\n|turn|4\n|inactive|pikaisme69 has 30 seconds left.\n|inactive|Squidward15 has 30 seconds left.\n|\n|t:|1776070600\n|switch|p1b: Incineroar|Incineroar, L50, M, shiny|100/100\n|-ability|p1b: Incineroar|Intimidate|boost\n|-unboost|p2a: Tyranitar|atk|1\n|-unboost|p2b: Excadrill|atk|1\n|detailschange|p2a: Tyranitar|Tyranitar-Mega, L50, F\n|-mega|p2a: Tyranitar|Tyranitar|Tyranitarite\n|move|p2b: Excadrill|High Horsepower|p1a: Garchomp\n|-damage|p1a: Garchomp|55/100\n|-damage|p2b: Excadrill|88/100|[from] ability: Rough Skin|[of] p1a: Garchomp\n|move|p1a: Garchomp|Earthquake|p2b: Excadrill|[spread] p1b,p2a,p2b\n|-supereffective|p1b: Incineroar|1\n|-supereffective|p2a: Tyranitar|1\n|-supereffective|p2b: Excadrill|1\n|-damage|p1b: Incineroar|61/100\n|-damage|p2a: Tyranitar|65/100\n|-damage|p2b: Excadrill|11/100\n|move|p2a: Tyranitar|Rock Slide|p1a: Garchomp|[spread] p1a,p1b\n|-resisted|p1a: Garchomp|1\n|-supereffective|p1b: Incineroar|1\n|-damage|p1a: Garchomp|43/100\n|-damage|p1b: Incineroar|24/100\n|-enditem|p1b: Incineroar|Sitrus Berry|[eat]\n|-heal|p1b: Incineroar|49/100|[from] item: Sitrus Berry\n|\n|-weather|Sandstorm|[upkeep]\n|-damage|p1b: Incineroar|43/100|[from] Sandstorm\n|upkeep\n|turn|5\n|\n|t:|1776070617\n|move|p2b: Excadrill|Protect|p2b: Excadrill\n|-singleturn|p2b: Excadrill|Protect\n|move|p2a: Tyranitar|Protect|p2a: Tyranitar\n|-singleturn|p2a: Tyranitar|Protect\n|move|p1b: Incineroar|Fake Out|p2a: Tyranitar\n|-activate|p2a: Tyranitar|move: Protect\n|move|p1a: Garchomp|Earthquake|p2b: Excadrill|[spread] p1b\n|-activate|p2a: Tyranitar|move: Protect\n|-activate|p2b: Excadrill|move: Protect\n|-supereffective|p1b: Incineroar|1\n|-damage|p1b: Incineroar|0 fnt\n|faint|p1b: Incineroar\n|\n|-weather|Sandstorm|[upkeep]\n|upkeep\n|\n|t:|1776070624\n|switch|p1b: Volcarona|Volcarona, L50, F, shiny|100/100\n|turn|6\n|\n|t:|1776070645\n|switch|p2b: Milotic|Milotic, L50, F|72/100\n|switch|p2a: Incineroar|Incineroar, L50, M|59/100\n|-ability|p2a: Incineroar|Intimidate|boost\n|-unboost|p1a: Garchomp|atk|1\n|-unboost|p1b: Volcarona|atk|1\n|move|p1a: Garchomp|Earthquake|p2a: Incineroar|[spread] p1b,p2a,p2b\n|-supereffective|p2a: Incineroar|1\n|-damage|p1b: Volcarona|74/100\n|-damage|p2a: Incineroar|10/100\n|-damage|p2b: Milotic|52/100\n|move|p1b: Volcarona|Giga Drain|p2a: Incineroar\n|-resisted|p2a: Incineroar|1\n|-damage|p2a: Incineroar|0 fnt\n|-heal|p1b: Volcarona|79/100|[from] drain|[of] p2a: Incineroar\n|faint|p2a: Incineroar\n|\n|-weather|Sandstorm|[upkeep]\n|-damage|p1b: Volcarona|72/100|[from] Sandstorm\n|-damage|p2b: Milotic|46/100|[from] Sandstorm\n|-heal|p1b: Volcarona|79/100|[from] item: Leftovers\n|upkeep\n|\n|t:|1776070653\n|switch|p2a: Excadrill|Excadrill, L50, M|11/100\n|turn|7\n|\n|t:|1776070662\n|move|p2a: Excadrill|Protect|p2a: Excadrill\n|-singleturn|p2a: Excadrill|Protect\n|move|p1a: Garchomp|Protect|p1a: Garchomp\n|-singleturn|p1a: Garchomp|Protect\n|move|p1b: Volcarona|Quiver Dance|p1b: Volcarona\n|-boost|p1b: Volcarona|spa|1\n|-boost|p1b: Volcarona|spd|1\n|-boost|p1b: Volcarona|spe|1\n|move|p2b: Milotic|Ice Beam|p1a: Garchomp\n|-activate|p1a: Garchomp|move: Protect\n|\n|-weather|none\n|-heal|p1b: Volcarona|85/100|[from] item: Leftovers\n|upkeep\n|turn|8\n|\n|t:|1776070681\n|switch|p2b: Tyranitar|Tyranitar-Mega, L50, F|65/100\n|-weather|Sandstorm|[from] ability: Sand Stream|[of] p2b: Tyranitar\n|move|p2a: Excadrill|Rock Slide|p1b: Volcarona|[spread] p1a,p1b\n|-resisted|p1a: Garchomp|1\n|-supereffective|p1b: Volcarona|2\n|-damage|p1a: Garchomp|32/100\n|-damage|p1b: Volcarona|0 fnt\n|faint|p1b: Volcarona\n|move|p1a: Garchomp|Earthquake|p2a: Excadrill|[spread] p2a,p2b\n|-supereffective|p2a: Excadrill|1\n|-supereffective|p2b: Tyranitar|1\n|-damage|p2a: Excadrill|0 fnt\n|-damage|p2b: Tyranitar|39/100\n|faint|p2a: Excadrill\n|\n|-weather|Sandstorm|[upkeep]\n|upkeep\n|\n|t:|1776070695\n|switch|p2a: Milotic|Milotic, L50, F|46/100\n|turn|9\n|\n|t:|1776070703\n|move|p1a: Garchomp|Earthquake|p2b: Tyranitar|[spread] p2a,p2b\n|-supereffective|p2b: Tyranitar|1\n|-damage|p2a: Milotic|27/100\n|-damage|p2b: Tyranitar|10/100\n|move|p2a: Milotic|Ice Beam|p1a: Garchomp\n|-supereffective|p1a: Garchomp|2\n|-enditem|p1a: Garchomp|Yache Berry|[eat]\n|-enditem|p1a: Garchomp|Yache Berry|[weaken]\n|-damage|p1a: Garchomp|0 fnt\n|faint|p1a: Garchomp\n|\n|win|Squidward15\n|raw|pikaisme69's rating: 1000 &rarr; <strong>1000</strong><br />(+0 for losing)\n|raw|Squidward15's rating: 1074 &rarr; <strong>1097</strong><br />(+23 for winning)\n",
  "uploadtime": 1776070704,
  "views": 11,
  "formatid": "gen9championsvgc2026regma",
  "rating": 1000,
  "private": 0,
  "password": null
}