{
  "id": "gen9championsvgc2026regma-2584051030",
  "format": "[Gen 9 Champions] VGC 2026 Reg M-A",
  "players": [
    "proudcloud49",
    "LittleGabu"
  ],
  "log": "|j|\u2606proudcloud49\n|j|\u2606LittleGabu\n|t:|1776220271\n|gametype|doubles\n|player|p1|proudcloud49|170|1052\n|player|p2|LittleGabu|steven|1000\n|gen|9\n|tier|[Gen 9 Champions] VGC 2026 Reg M-A\n|rated|\n|rule|Species Clause: Limit one of each Pok\u00e9mon\n|rule|Item Clause: Limit 1 of each item\n|clearpoke\n|poke|p1|Garchomp, L50, F|\n|poke|p1|Talonflame, L50, F|\n|poke|p1|Primarina, L50, M|\n|poke|p1|Sinistcha, L50|\n|poke|p1|Tyranitar, L50, M|\n|poke|p1|Excadrill, L50, F|\n|poke|p2|Orthworm, L50, M|\n|poke|p2|Froslass, L50, F|\n|poke|p2|Basculegion, L50, M|\n|poke|p2|Incineroar, L50, F|\n|poke|p2|Garchomp, L50, F|\n|poke|p2|Rotom-Frost, L50|\n|teampreview|4\n|\n|t:|1776220305\n|teamsize|p1|4\n|teamsize|p2|4\n|start\n|switch|p1a: Garchomp|Garchomp, L50, F|100/100\n|switch|p1b: Talonflame|Talonflame, L50, F|100/100\n|switch|p2a: Orthworm|Orthworm, L50, M|100/100\n|switch|p2b: Incineroar|Incineroar, L50, F|100/100\n|-ability|p2b: Incineroar|Intimidate|boost\n|-unboost|p1a: Garchomp|atk|1\n|-unboost|p1b: Talonflame|atk|1\n|turn|1\n|l|\u2606proudcloud49\n|player|p1|\n|j|\u2606proudcloud49\n|player|p1|proudcloud49|170|\n|\n|t:|1776220348\n|detailschange|p1a: Garchomp|Garchomp-Mega, L50, F\n|-mega|p1a: Garchomp|Garchomp|Garchompite\n|move|p1b: Talonflame|Upper Hand||[still]\n|-fail|p1b: Talonflame\n|move|p1a: Garchomp|Dragon Claw|p2b: Incineroar\n|-damage|p2b: Incineroar|66/100\n|move|p2a: Orthworm|Shed Tail|p2a: Orthworm\n|-start|p2a: Orthworm|Substitute|[from] move: Shed Tail\n|-damage|p2a: Orthworm|50/100\n|-enditem|p2a: Orthworm|Sitrus Berry|[eat]\n|-heal|p2a: Orthworm|75/100|[from] item: Sitrus Berry\n|\n|t:|1776220358\n|switch|p2a: Froslass|Froslass, L50, F|100/100|[from] Shed Tail\n|move|p2b: Incineroar|Parting Shot|p1a: Garchomp\n|-unboost|p1a: Garchomp|atk|1\n|-unboost|p1a: Garchomp|spa|1\n|\n|t:|1776220374\n|switch|p2b: Garchomp|Garchomp, L50, F|100/100|[from] Parting Shot\n|\n|upkeep\n|turn|2\n|\n|t:|1776220409\n|move|p1a: Garchomp|Protect|p1a: Garchomp\n|-singleturn|p1a: Garchomp|Protect\n|move|p1b: Talonflame|Tailwind|p1b: Talonflame\n|-sidestart|p1: proudcloud49|move: Tailwind\n|move|p2a: Froslass|Nasty Plot|p2a: Froslass\n|-boost|p2a: Froslass|spa|2\n|move|p2b: Garchomp|Rock Slide|p1a: Garchomp|[spread] p1b\n|-activate|p1a: Garchomp|move: Protect\n|-supereffective|p1b: Talonflame|2\n|-damage|p1b: Talonflame|0 fnt\n|faint|p1b: Talonflame\n|\n|upkeep\n|\n|t:|1776220424\n|switch|p1b: Excadrill|Excadrill, L50, F|100/100\n|turn|3\n|\n|t:|1776220462\n|detailschange|p2a: Froslass|Froslass-Mega, L50, F\n|-mega|p2a: Froslass|Froslass|Froslassite\n|-weather|Snowscape|[from] ability: Snow Warning|[of] p2a: Froslass\n|move|p2b: Garchomp|Protect|p2b: Garchomp\n|-singleturn|p2b: Garchomp|Protect\n|move|p1b: Excadrill|Iron Head|p2a: Froslass\n|-supereffective|p2a: Froslass|1\n|-end|p2a: Froslass|Substitute\n|move|p1a: Garchomp|Dragon Claw|p2b: Garchomp\n|-activate|p2b: Garchomp|move: Protect\n|move|p2a: Froslass|Blizzard|p1b: Excadrill|[spread] p1a,p1b\n|-supereffective|p1a: Garchomp|2\n|-damage|p1a: Garchomp|0 fnt\n|-enditem|p1b: Excadrill|Focus Sash\n|-damage|p1b: Excadrill|1/100\n|faint|p1a: Garchomp\n|\n|-weather|Snowscape|[upkeep]\n|upkeep\n|\n|t:|1776220478\n|switch|p1a: Tyranitar|Tyranitar, L50, M|100/100\n|-weather|Sandstorm|[from] ability: Sand Stream|[of] p1a: Tyranitar\n|turn|4\n|\n|t:|1776220517\n|switch|p2a: Orthworm|Orthworm, L50, M|75/100\n|move|p1b: Excadrill|Iron Head|p2a: Orthworm\n|-resisted|p2a: Orthworm|1\n|-damage|p2a: Orthworm|57/100\n|move|p1a: Tyranitar|Ice Punch|p2b: Garchomp\n|-supereffective|p2b: Garchomp|2\n|-enditem|p2b: Garchomp|Focus Sash\n|-damage|p2b: Garchomp|1/100\n|-damage|p1a: Tyranitar|88/100|[from] ability: Rough Skin|[of] p2b: Garchomp\n|move|p2b: Garchomp|Earthquake|p1b: Excadrill|[spread] p1a,p1b\n|-heal|p2a: Orthworm|82/100|[from] ability: Earth Eater|[of] p2b: Garchomp\n|-supereffective|p1a: Tyranitar|1\n|-crit|p1a: Tyranitar\n|-supereffective|p1b: Excadrill|1\n|-damage|p1a: Tyranitar|3/100\n|-damage|p1b: Excadrill|0 fnt\n|faint|p1b: Excadrill\n|\n|-weather|Sandstorm|[upkeep]\n|upkeep\n|turn|5\n|-message|proudcloud49 forfeited.\n|\n|win|LittleGabu\n|raw|proudcloud49's rating: 1052 &rarr; <strong>1032</strong><br />(-20 for losing)\n|raw|LittleGabu's rating: 1000 &rarr; <strong>1046</strong><br />(+46 for winning)\n|l|\u2606proudcloud49\n|player|p1|\n",
  "uploadtime": 1776220541,
  "views": 25,
  "formatid": "gen9championsvgc2026regma",
  "rating": 1032,
  "private": 0,
  "password": null
}