{
  "id": "gen9championsvgc2026regma-2582127923",
  "format": "[Gen 9 Champions] VGC 2026 Reg M-A",
  "players": [
    "Novicebest",
    "cherry786"
  ],
  "log": "|j|\u2606Novicebest\n|j|\u2606cherry786\n|t:|1776061562\n|gametype|doubles\n|player|p1|Novicebest|dawn|1235\n|player|p2|cherry786|roxie-masters|1270\n|gen|9\n|tier|[Gen 9 Champions] VGC 2026 Reg M-A\n|rated|\n|rule|Species Clause: Limit one of each Pok\u00e9mon\n|rule|Item Clause: Limit 1 of each item\n|clearpoke\n|poke|p1|Charizard, L50, F|\n|poke|p1|Whimsicott, L50, M|\n|poke|p1|Farigiraf, L50, M|\n|poke|p1|Sneasler, L50, M|\n|poke|p1|Rotom-Wash, L50|\n|poke|p1|Incineroar, L50, M|\n|poke|p2|Alakazam, L50, M|\n|poke|p2|Meowstic, L50, M|\n|poke|p2|Garchomp, L50, F|\n|poke|p2|Orthworm, L50, M|\n|poke|p2|Incineroar, L50, M|\n|poke|p2|Aegislash, L50, F|\n|teampreview|4\n|inactive|Battle timer is ON: inactive players will automatically lose when time's up. (requested by cherry786)\n|inactive|Novicebest has 60 seconds left.\n|inactive|cherry786 has 60 seconds left.\n|inactive|cherry786 has 30 seconds left.\n|inactive|cherry786 has 20 seconds left.\n|\n|t:|1776061637\n|teamsize|p1|4\n|teamsize|p2|4\n|start\n|switch|p1a: Rotom|Rotom-Wash, L50|100/100\n|switch|p1b: Farigiraf|Farigiraf, L50, M|100/100\n|switch|p2a: Garchomp|Garchomp, L50, F|100/100\n|switch|p2b: Meowstic|Meowstic, L50, M|100/100\n|turn|1\n|\n|t:|1776061655\n|switch|p2a: Incineroar|Incineroar, L50, M|100/100\n|-ability|p2a: Incineroar|Intimidate|boost\n|-unboost|p1a: Rotom|atk|1\n|-unboost|p1b: Farigiraf|atk|1\n|move|p2b: Meowstic|Light Screen|p2b: Meowstic\n|-sidestart|p2: cherry786|move: Light Screen\n|move|p1a: Rotom|Nasty Plot|p1a: Rotom\n|-boost|p1a: Rotom|spa|2\n|move|p1b: Farigiraf|Trick Room|p1b: Farigiraf\n|-fieldstart|move: Trick Room|[of] p1b: Farigiraf\n|\n|upkeep\n|turn|2\n|\n|t:|1776061677\n|move|p2b: Meowstic|Reflect|p2b: Meowstic\n|-sidestart|p2: cherry786|Reflect\n|move|p2a: Incineroar|Darkest Lariat|p1b: Farigiraf\n|-supereffective|p1b: Farigiraf|1\n|-enditem|p1b: Farigiraf|Colbur Berry|[eat]\n|-enditem|p1b: Farigiraf|Colbur Berry|[weaken]\n|-damage|p1b: Farigiraf|63/100\n|move|p1b: Farigiraf|Hyper Voice|p2a: Incineroar|[spread] p2a,p2b\n|-damage|p2a: Incineroar|80/100\n|-damage|p2b: Meowstic|73/100\n|move|p1a: Rotom|Nasty Plot|p1a: Rotom\n|-boost|p1a: Rotom|spa|2\n|\n|upkeep\n|turn|3\n|\n|t:|1776061692\n|switch|p1b: Incineroar|Incineroar, L50, M|100/100\n|-ability|p1b: Incineroar|Intimidate|boost\n|-unboost|p2a: Incineroar|atk|1\n|-unboost|p2b: Meowstic|atk|1\n|move|p2b: Meowstic|Psychic Terrain|p2b: Meowstic\n|-fieldstart|move: Psychic Terrain\n|move|p2a: Incineroar|Darkest Lariat|p1b: Incineroar\n|-resisted|p1b: Incineroar|1\n|-damage|p1b: Incineroar|92/100\n|move|p1a: Rotom|Hydro Pump|p2a: Incineroar|[miss]\n|-miss|p1a: Rotom|p2a: Incineroar\n|\n|upkeep\n|turn|4\n|\n|t:|1776061714\n|move|p2b: Meowstic|Fake Tears|p1a: Rotom\n|-unboost|p1a: Rotom|spd|2\n|move|p2a: Incineroar|Parting Shot|p1a: Rotom\n|-unboost|p1a: Rotom|atk|1\n|-unboost|p1a: Rotom|spa|1\n|\n|t:|1776061719\n|switch|p2a: Garchomp|Garchomp, L50, F|100/100|[from] Parting Shot\n|move|p1b: Incineroar|Throat Chop|p2b: Meowstic\n|-supereffective|p2b: Meowstic|1\n|-damage|p2b: Meowstic|23/100\n|-start|p2b: Meowstic|Throat Chop|[silent]\n|move|p1a: Rotom|Hydro Pump|p2a: Garchomp\n|-damage|p2a: Garchomp|20/100\n|\n|upkeep\n|turn|5\n|\n|t:|1776061733\n|move|p2a: Garchomp|Protect|p2a: Garchomp\n|-singleturn|p2a: Garchomp|Protect\n|move|p2b: Meowstic|Fake Tears|p1a: Rotom\n|-unboost|p1a: Rotom|spd|2\n|move|p1b: Incineroar|Throat Chop|p2a: Garchomp\n|-activate|p2a: Garchomp|move: Protect\n|move|p1a: Rotom|Thunderbolt|p2b: Meowstic\n|-damage|p2b: Meowstic|0 fnt\n|faint|p2b: Meowstic\n|\n|-sideend|p2: cherry786|move: Light Screen\n|-fieldend|move: Trick Room\n|upkeep\n|\n|t:|1776061736\n|switch|p2b: Alakazam|Alakazam, L50, M|100/100\n|turn|6\n|inactive|Novicebest has 30 seconds left.\n|\n|t:|1776061770\n|detailschange|p2b: Alakazam|Alakazam-Mega, L50, M\n|-mega|p2b: Alakazam|Alakazam|Alakazite\n|-ability|p2b: Alakazam|Intimidate|Trace|[from] ability: Trace|[of] p1b: Incineroar\n|-ability|p2b: Alakazam|Intimidate|boost\n|-unboost|p1a: Rotom|atk|1\n|-unboost|p1b: Incineroar|atk|1\n|move|p1a: Rotom|Protect|p1a: Rotom\n|-singleturn|p1a: Rotom|Protect\n|move|p2b: Alakazam|Expanding Force|p1a: Rotom|[spread] \n|-activate|p1a: Rotom|move: Protect\n|-immune|p1b: Incineroar\n|move|p2a: Garchomp|Earthquake|p1a: Rotom|[spread] p2b,p1b\n|-activate|p1a: Rotom|move: Protect\n|-supereffective|p1b: Incineroar|1\n|-damage|p2b: Alakazam|55/100\n|-damage|p1b: Incineroar|29/100\n|-enditem|p1b: Incineroar|Sitrus Berry|[eat]\n|-heal|p1b: Incineroar|54/100|[from] item: Sitrus Berry\n|move|p1b: Incineroar|Throat Chop|p2b: Alakazam\n|-supereffective|p2b: Alakazam|1\n|-damage|p2b: Alakazam|3/100\n|-start|p2b: Alakazam|Throat Chop|[silent]\n|\n|-sideend|p2: cherry786|Reflect\n|upkeep\n|turn|7\n|inactive|Novicebest has 30 seconds left.\n|\n|t:|1776061805\n|switch|p2b: Incineroar|Incineroar, L50, M|80/100\n|-ability|p2b: Incineroar|Intimidate|boost\n|-unboost|p1a: Rotom|atk|1\n|-unboost|p1b: Incineroar|atk|1\n|switch|p1a: Farigiraf|Farigiraf, L50, M|63/100\n|move|p2a: Garchomp|Earthquake|p1b: Incineroar|[spread] p2b,p1a,p1b\n|-supereffective|p2b: Incineroar|1\n|-enditem|p2b: Incineroar|Shuca Berry|[eat]\n|-enditem|p2b: Incineroar|Shuca Berry|[weaken]\n|-supereffective|p1b: Incineroar|1\n|-damage|p2b: Incineroar|51/100\n|-damage|p1a: Farigiraf|20/100\n|-damage|p1b: Incineroar|0 fnt\n|faint|p1b: Incineroar\n|\n|-fieldend|move: Psychic Terrain\n|upkeep\n|\n|t:|1776061819\n|switch|p1b: Rotom|Rotom-Wash, L50|100/100\n|turn|8\n|\n|t:|1776061831\n|move|p2a: Garchomp|Rock Slide|p1a: Farigiraf|[spread] p1b\n|-miss|p2a: Garchomp|p1a: Farigiraf\n|-crit|p1b: Rotom\n|-damage|p1b: Rotom|73/100\n|cant|p1b: Rotom|flinch\n|move|p1a: Farigiraf|Hyper Voice|p2a: Garchomp|[spread] p2a,p2b\n|-damage|p2a: Garchomp|0 fnt\n|-damage|p2b: Incineroar|20/100\n|faint|p2a: Garchomp\n|move|p2b: Incineroar|Darkest Lariat|p1b: Rotom\n|-damage|p1b: Rotom|40/100\n|\n|-heal|p1b: Rotom|46/100|[from] item: Leftovers\n|upkeep\n|\n|t:|1776061834\n|switch|p2a: Alakazam|Alakazam-Mega, L50, M|3/100\n|-ability|p2a: Alakazam|Armor Tail|Trace|[from] ability: Trace|[of] p1a: Farigiraf\n|turn|9\n|\n|t:|1776061856\n|move|p2a: Alakazam|Dazzling Gleam|p1a: Farigiraf|[spread] p1a,p1b\n|-damage|p1a: Farigiraf|0 fnt\n|-damage|p1b: Rotom|16/100\n|faint|p1a: Farigiraf\n|move|p1b: Rotom|Thunderbolt|p2a: Alakazam\n|-damage|p2a: Alakazam|0 fnt\n|faint|p2a: Alakazam\n|move|p2b: Incineroar|Darkest Lariat|p1b: Rotom\n|-damage|p1b: Rotom|0 fnt\n|faint|p1b: Rotom\n|\n|upkeep\n|\n|t:|1776061868\n|switch|p1a: Charizard|Charizard, L50, F|100/100\n|turn|10\n|-message|cherry786 forfeited.\n|\n|win|Novicebest\n|raw|Novicebest's rating: 1235 &rarr; <strong>1263</strong><br />(+28 for winning)\n|raw|cherry786's rating: 1270 &rarr; <strong>1242</strong><br />(-28 for losing)\n",
  "uploadtime": 1776061875,
  "views": 31,
  "formatid": "gen9championsvgc2026regma",
  "rating": 1242,
  "private": 0,
  "password": null
}