{
  "id": "gen9championsvgc2026regma-2585009257",
  "format": "[Gen 9 Champions] VGC 2026 Reg M-A",
  "players": [
    "Playinhdisgaem4fun",
    "Reilly5005"
  ],
  "log": "|j|\u2606Playinhdisgaem4fun\n|j|\u2606Reilly5005\n|t:|1776302956\n|gametype|doubles\n|player|p1|Playinhdisgaem4fun|maid-gen6|1157\n|player|p2|Reilly5005|roxie|1094\n|gen|9\n|tier|[Gen 9 Champions] VGC 2026 Reg M-A\n|rated|\n|rule|Species Clause: Limit one of each Pok\u00e9mon\n|rule|Item Clause: Limit 1 of each item\n|clearpoke\n|poke|p1|Pelipper, L50, F|\n|poke|p1|Basculegion, L50, M|\n|poke|p1|Incineroar, L50, F|\n|poke|p1|Sneasler, L50, F|\n|poke|p1|Archaludon, L50, F|\n|poke|p1|Lucario, L50, F|\n|poke|p2|Charizard, L50, M|\n|poke|p2|Venusaur, L50, M|\n|poke|p2|Incineroar, L50, M|\n|poke|p2|Whimsicott, L50, M|\n|poke|p2|Garchomp, L50, M|\n|poke|p2|Sneasler, L50, F|\n|teampreview|4\n|inactive|Battle timer is ON: inactive players will automatically lose when time's up. (requested by Playinhdisgaem4fun)\nPlayinhdisgaem4fun rejected open team sheets.\n|inactive|Playinhdisgaem4fun has 60 seconds left.\n|inactive|Reilly5005 has 60 seconds left.\n|\n|t:|1776303002\n|teamsize|p1|4\n|teamsize|p2|4\n|start\n|switch|p1a: Incineroar|Incineroar, L50, F|100/100\n|switch|p1b: Sneasler|Sneasler, L50, F|100/100\n|switch|p2a: Whimsicott|Whimsicott, L50, M, shiny|100/100\n|switch|p2b: Slippy|Venusaur, L50, M|100/100\n|-ability|p1a: Incineroar|Intimidate|boost\n|-unboost|p2a: Whimsicott|atk|1\n|-unboost|p2b: Slippy|atk|1\n|turn|1\n|inactive|Reilly5005 has 30 seconds left.\n|\n|t:|1776303028\n|move|p1a: Incineroar|Fake Out|p2b: Slippy\n|-damage|p2b: Slippy|85/100\n|move|p2a: Whimsicott|Tailwind|p2a: Whimsicott\n|-sidestart|p2: Reilly5005|move: Tailwind\n|cant|p2b: Slippy|flinch\n|move|p1b: Sneasler|Dire Claw|p2a: Whimsicott\n|-supereffective|p2a: Whimsicott|2\n|-damage|p2a: Whimsicott|0 fnt\n|faint|p2a: Whimsicott\n|\n|upkeep\n|\n|t:|1776303037\n|switch|p2a: Industry Baby|Charizard, L50, M, shiny|100/100\n|turn|2\n|inactive|Playinhdisgaem4fun has 30 seconds left.\n|inactive|Playinhdisgaem4fun has 20 seconds left.\n|\n|t:|1776303076\n|switch|p1b: Pelipper|Pelipper, L50, F|100/100\n|-weather|RainDance|[from] ability: Drizzle|[of] p1b: Pelipper\n|detailschange|p2a: Industry Baby|Charizard-Mega-Y, L50, M, shiny\n|-mega|p2a: Industry Baby|Charizard|Charizardite Y\n|-weather|SunnyDay|[from] ability: Drought|[of] p2a: Industry Baby\n|move|p2b: Slippy|Sleep Powder|p1b: Pelipper\n|-status|p1b: Pelipper|slp|[from] move: Sleep Powder\n|move|p2a: Industry Baby|Weather Ball|p1b: Pelipper\n|-resisted|p1b: Pelipper|1\n|-damage|p1b: Pelipper|34/100 slp\n|move|p1a: Incineroar|Parting Shot|p2a: Industry Baby\n|-unboost|p2a: Industry Baby|atk|1\n|-unboost|p2a: Industry Baby|spa|1\n|\n|t:|1776303085\n|switch|p1a: Sneasler|Sneasler, L50, F|100/100|[from] Parting Shot\n|\n|-weather|SunnyDay|[upkeep]\n|upkeep\n|turn|3\n|inactive|Reilly5005 has 30 seconds left.\n|\n|t:|1776303120\n|switch|p1b: Incineroar|Incineroar, L50, F|100/100\n|-ability|p1b: Incineroar|Intimidate|boost\n|-unboost|p2a: Industry Baby|atk|1\n|-unboost|p2b: Slippy|atk|1\n|move|p1a: Sneasler|Fake Out|p2a: Industry Baby\n|-damage|p2a: Industry Baby|78/100\n|move|p2b: Slippy|Growth|p2b: Slippy\n|-boost|p2b: Slippy|atk|2\n|-boost|p2b: Slippy|spa|2\n|cant|p2a: Industry Baby|flinch\n|\n|-weather|SunnyDay|[upkeep]\n|upkeep\n|turn|4\n|inactive|Reilly5005 has 30 seconds left.\n|inactive|Playinhdisgaem4fun has 30 seconds left.\n|inactive|Reilly5005 has 20 seconds left.\n|inactive|Reilly5005 has 15 seconds left.\n|inactive|Reilly5005 has 10 seconds left.\n|inactive|Playinhdisgaem4fun has 20 seconds left.\n|\n|t:|1776303178\n|switch|p1a: Pelipper|Pelipper, L50, F|34/100 slp\n|-weather|RainDance|[from] ability: Drizzle|[of] p1a: Pelipper\n|move|p1b: Incineroar|Fake Out|p2a: Industry Baby\n|-damage|p2a: Industry Baby|63/100\n|cant|p2a: Industry Baby|flinch\n|move|p2b: Slippy|Sludge Bomb|p1b: Incineroar\n|-damage|p1b: Incineroar|40/100\n|-status|p1b: Incineroar|psn\n|-enditem|p1b: Incineroar|Sitrus Berry|[eat]\n|-heal|p1b: Incineroar|64/100 psn|[from] item: Sitrus Berry\n|\n|-weather|RainDance|[upkeep]\n|-damage|p1b: Incineroar|52/100 psn|[from] psn\n|-sideend|p2: Reilly5005|move: Tailwind\n|upkeep\n|turn|5\n|inactive|Playinhdisgaem4fun has 30 seconds left.\n|inactive|Reilly5005 has 30 seconds left.\n|inactive|Playinhdisgaem4fun has 20 seconds left.\n|inactive|Playinhdisgaem4fun has 15 seconds left.\n|inactive|Playinhdisgaem4fun has 10 seconds left.\n|inactive|Playinhdisgaem4fun has 5 seconds left.\n|\n|t:|1776303229\n|switch|p2a: Incineroar|Incineroar, L50, M|100/100\n|-ability|p2a: Incineroar|Intimidate|boost\n|-unboost|p1a: Pelipper|atk|1\n|-unboost|p1b: Incineroar|atk|1\n|switch|p1a: Sneasler|Sneasler, L50, F|100/100\n|move|p2b: Slippy|Giga Drain|p1a: Sneasler\n|-resisted|p1a: Sneasler|1\n|-damage|p1a: Sneasler|58/100\n|-heal|p2b: Slippy|100/100|[from] drain|[of] p1a: Sneasler\n|move|p1b: Incineroar|Parting Shot|p2b: Slippy\n|-unboost|p2b: Slippy|atk|1\n|-unboost|p2b: Slippy|spa|1\n|\n|t:|1776303239\n|switch|p1b: Basculegion|Basculegion, L50, M|100/100|[from] Parting Shot\n|\n|-weather|RainDance|[upkeep]\n|upkeep\n|turn|6\n|inactive|Reilly5005 has 30 seconds left.\n|inactive|Reilly5005 has 20 seconds left.\n|\n|t:|1776303276\n|move|p1a: Sneasler|Fake Out|p2b: Slippy\n|-damage|p2b: Slippy|79/100\n|move|p2a: Incineroar|Fake Out|p1a: Sneasler\n|-damage|p1a: Sneasler|37/100\n|move|p1b: Basculegion|Wave Crash|p2a: Incineroar\n|-supereffective|p2a: Incineroar|1\n|-damage|p2a: Incineroar|0 fnt\n|faint|p2a: Incineroar\n|-damage|p1b: Basculegion|66/100|[from] Recoil\n|cant|p2b: Slippy|flinch\n|\n|-weather|RainDance|[upkeep]\n|upkeep\n|\n|t:|1776303281\n|switch|p2a: Industry Baby|Charizard-Mega-Y, L50, M, shiny|63/100\n|-weather|SunnyDay|[from] ability: Drought|[of] p2a: Industry Baby\n|turn|7\n|inactive|Playinhdisgaem4fun has 30 seconds left.\n|inactive|Playinhdisgaem4fun has 20 seconds left.\n|inactive|Playinhdisgaem4fun has 15 seconds left.\n|\n|t:|1776303323\n|switch|p1a: Pelipper|Pelipper, L50, F|34/100 slp\n|-weather|RainDance|[from] ability: Drizzle|[of] p1a: Pelipper\n|switch|p1b: Incineroar|Incineroar, L50, F|52/100 psn\n|-ability|p1b: Incineroar|Intimidate|boost\n|-unboost|p2a: Industry Baby|atk|1\n|-unboost|p2b: Slippy|atk|1\n|move|p2a: Industry Baby|Weather Ball|p1a: Pelipper\n|-resisted|p1a: Pelipper|1\n|-damage|p1a: Pelipper|0 fnt\n|faint|p1a: Pelipper\n|move|p2b: Slippy|Giga Drain|p1b: Incineroar\n|-resisted|p1b: Incineroar|1\n|-damage|p1b: Incineroar|34/100 psn\n|-heal|p2b: Slippy|91/100|[from] drain|[of] p1b: Incineroar\n|\n|-weather|RainDance|[upkeep]\n|-damage|p1b: Incineroar|21/100 psn|[from] psn\n|upkeep\n|\n|t:|1776303333\n|switch|p1a: Basculegion|Basculegion, L50, M|66/100\n|turn|8\n|inactive|Playinhdisgaem4fun has 30 seconds left.\n|\n|t:|1776303370\n|move|p1b: Incineroar|Fake Out|p2b: Slippy\n|-damage|p2b: Slippy|76/100\n|move|p1a: Basculegion|Wave Crash|p2a: Industry Baby\n|-supereffective|p2a: Industry Baby|1\n|-damage|p2a: Industry Baby|0 fnt\n|faint|p2a: Industry Baby\n|-damage|p1a: Basculegion|50/100|[from] Recoil\n|cant|p2b: Slippy|flinch\n|\n|-weather|RainDance|[upkeep]\n|-damage|p1b: Incineroar|9/100 psn|[from] psn\n|upkeep\n|turn|9\n|\n|t:|1776303382\n|move|p1a: Basculegion|Psychic Fangs|p2b: Slippy\n|-supereffective|p2b: Slippy|1\n|-damage|p2b: Slippy|6/100\n|move|p2b: Slippy|Giga Drain|p1a: Basculegion\n|-supereffective|p1a: Basculegion|1\n|-damage|p1a: Basculegion|0 fnt\n|-heal|p2b: Slippy|38/100|[from] drain|[of] p1a: Basculegion\n|faint|p1a: Basculegion\n|move|p1b: Incineroar|Flare Blitz|p2b: Slippy\n|-supereffective|p2b: Slippy|1\n|-damage|p2b: Slippy|0 fnt\n|faint|p2b: Slippy\n|-damage|p1b: Incineroar|0 fnt|[from] Recoil\n|faint|p1b: Incineroar\n|\n|win|Playinhdisgaem4fun\n|raw|Playinhdisgaem4fun's rating: 1157 &rarr; <strong>1178</strong><br />(+21 for winning)\n|raw|Reilly5005's rating: 1094 &rarr; <strong>1074</strong><br />(-20 for losing)\n|c|\u2606Playinhdisgaem4fun|ggwp\n|c|\u2606Reilly5005|GGWP!\n|l|\u2606Reilly5005\n|player|p2|\n",
  "uploadtime": 1776303402,
  "views": 22,
  "formatid": "gen9championsvgc2026regma",
  "rating": 1074,
  "private": 0,
  "password": null
}