{
  "id": "gen9championsvgc2026regma-2582795707",
  "format": "[Gen 9 Champions] VGC 2026 Reg M-A",
  "players": [
    "Nsosjsh",
    "DavidTIS"
  ],
  "log": "|j|\u2606Nsosjsh\n|j|\u2606DavidTIS\n|t:|1776114741\n|gametype|doubles\n|player|p1|Nsosjsh|2|1077\n|player|p2|DavidTIS|265|1084\n|gen|9\n|tier|[Gen 9 Champions] VGC 2026 Reg M-A\n|rated|\n|rule|Species Clause: Limit one of each Pok\u00e9mon\n|rule|Item Clause: Limit 1 of each item\n|clearpoke\n|poke|p1|Rotom-Wash, L50|\n|poke|p1|Tyranitar, L50, M|\n|poke|p1|Clefable, L50, M|\n|poke|p1|Garchomp, L50, F|\n|poke|p1|Orthworm, L50, M|\n|poke|p1|Sinistcha, L50|\n|poke|p2|Starmie, L50|\n|poke|p2|Lucario, L50, F|\n|poke|p2|Lycanroc-Dusk, L50, F|\n|poke|p2|Hydreigon, L50, M|\n|poke|p2|Slowbro-Galar, L50, M|\n|poke|p2|Charizard, L50, F|\n|teampreview|4\n|\n|t:|1776114802\n|teamsize|p1|4\n|teamsize|p2|4\n|start\n|switch|p1a: Tyranitar|Tyranitar, L50, M|100/100\n|switch|p1b: Rotom|Rotom-Wash, L50|100/100\n|switch|p2a: Starmie|Starmie, L50|100/100\n|switch|p2b: Lucario|Lucario, L50, F|100/100\n|-weather|Sandstorm|[from] ability: Sand Stream|[of] p1a: Tyranitar\n|turn|1\n|\n|t:|1776114833\n|detailschange|p2a: Starmie|Starmie-Mega, L50\n|-mega|p2a: Starmie|Starmie|Starminite\n|move|p2a: Starmie|Protect|p2a: Starmie\n|-singleturn|p2a: Starmie|Protect\n|move|p1a: Tyranitar|Protect|p1a: Tyranitar\n|-singleturn|p1a: Tyranitar|Protect\n|move|p2b: Lucario|Aura Sphere|p1a: Tyranitar\n|-activate|p1a: Tyranitar|move: Protect\n|move|p1b: Rotom|Electroweb|p2a: Starmie|[spread] p2b\n|-activate|p2a: Starmie|move: Protect\n|-damage|p2b: Lucario|67/100\n|-unboost|p2b: Lucario|spe|1\n|\n|-weather|Sandstorm|[upkeep]\n|-damage|p2a: Starmie|95/100|[from] Sandstorm\n|-damage|p1b: Rotom|95/100|[from] Sandstorm\n|upkeep\n|turn|2\n|\n|t:|1776114857\n|detailschange|p1a: Tyranitar|Tyranitar-Mega, L50, M\n|-mega|p1a: Tyranitar|Tyranitar|Tyranitarite\n|move|p2a: Starmie|Liquidation|p1a: Tyranitar\n|-supereffective|p1a: Tyranitar|1\n|-damage|p1a: Tyranitar|5/100\n|move|p1b: Rotom|Electroweb|p2b: Lucario|[spread] p2a,p2b\n|-supereffective|p2a: Starmie|1\n|-damage|p2a: Starmie|46/100\n|-damage|p2b: Lucario|34/100\n|-unboost|p2a: Starmie|spe|1\n|-unboost|p2b: Lucario|spe|1\n|move|p2b: Lucario|Aura Sphere|p1a: Tyranitar\n|-supereffective|p1a: Tyranitar|2\n|-damage|p1a: Tyranitar|0 fnt\n|faint|p1a: Tyranitar\n|\n|-weather|Sandstorm|[upkeep]\n|-damage|p1b: Rotom|89/100|[from] Sandstorm\n|-damage|p2a: Starmie|40/100|[from] Sandstorm\n|upkeep\n|\n|t:|1776114875\n|switch|p1a: Garchomp|Garchomp, L50, F|100/100\n|turn|3\n|\n|t:|1776114902\n|switch|p2a: Lycanroc|Lycanroc-Dusk, L50, F|100/100\n|move|p1b: Rotom|Electroweb|p2a: Lycanroc|[spread] p2a,p2b\n|-damage|p2a: Lycanroc|79/100\n|-damage|p2b: Lucario|1/100\n|-unboost|p2a: Lycanroc|spe|1\n|-unboost|p2b: Lucario|spe|1\n|move|p1a: Garchomp|Substitute|p1a: Garchomp\n|-start|p1a: Garchomp|Substitute\n|-damage|p1a: Garchomp|76/100\n|move|p2b: Lucario|Aura Sphere|p1b: Rotom\n|-damage|p1b: Rotom|48/100\n|\n|-weather|Sandstorm|[upkeep]\n|-damage|p1b: Rotom|43/100|[from] Sandstorm\n|upkeep\n|turn|4\n|\n|t:|1776114927\n|move|p1b: Rotom|Electroweb|p2b: Lucario|[spread] p2a,p2b\n|-damage|p2a: Lycanroc|57/100\n|-damage|p2b: Lucario|0 fnt\n|-unboost|p2a: Lycanroc|spe|1\n|faint|p2b: Lucario\n|move|p1a: Garchomp|Earthquake|p2a: Lycanroc|[spread] p2a\n|-immune|p1b: Rotom|[from] ability: Levitate\n|-supereffective|p2a: Lycanroc|1\n|-damage|p2a: Lycanroc|0 fnt\n|faint|p2a: Lycanroc\n|\n|-weather|Sandstorm|[upkeep]\n|-damage|p1b: Rotom|37/100|[from] Sandstorm\n|upkeep\n|\n|t:|1776114940\n|switch|p2a: Slowbro|Slowbro-Galar, L50, M|100/100\n|switch|p2b: Starmie|Starmie-Mega, L50|40/100\n|turn|5\n|\n|t:|1776114949\n|move|p2b: Starmie|Ice Spinner|p1a: Garchomp\n|-supereffective|p1a: Garchomp|2\n|-end|p1a: Garchomp|Substitute\n|move|p1b: Rotom|Electroweb|p2a: Slowbro|[spread] p2a\n|-miss|p1b: Rotom|p2b: Starmie\n|-damage|p2a: Slowbro|77/100\n|-unboost|p2a: Slowbro|spe|1\n|move|p1a: Garchomp|Earthquake|p2b: Starmie|[spread] p2a,p2b\n|-immune|p1b: Rotom|[from] ability: Levitate\n|-supereffective|p2a: Slowbro|1\n|-damage|p2a: Slowbro|0 fnt\n|-damage|p2b: Starmie|0 fnt\n|faint|p2a: Slowbro\n|faint|p2b: Starmie\n|\n|win|Nsosjsh\n|raw|Nsosjsh's rating: 1077 &rarr; <strong>1106</strong><br />(+29 for winning)\n|raw|DavidTIS's rating: 1084 &rarr; <strong>1061</strong><br />(-23 for losing)\n",
  "uploadtime": 1776114961,
  "views": 38,
  "formatid": "gen9championsvgc2026regma",
  "rating": 1061,
  "private": 0,
  "password": null
}