{
  "id": "gen9championsvgc2026regma-2582344130",
  "format": "[Gen 9 Champions] VGC 2026 Reg M-A",
  "players": [
    "mariete952",
    "Mask4M"
  ],
  "log": "|j|\u2606mariete952\n|j|\u2606Mask4M\n|t:|1776085048\n|gametype|doubles\n|player|p1|mariete952|169|1172\n|player|p2|Mask4M|101|1181\n|gen|9\n|tier|[Gen 9 Champions] VGC 2026 Reg M-A\n|rated|\n|rule|Species Clause: Limit one of each Pok\u00e9mon\n|rule|Item Clause: Limit 1 of each item\n|clearpoke\n|poke|p1|Garchomp, L50, F|\n|poke|p1|Tyranitar, L50, M|\n|poke|p1|Gyarados, L50, M|\n|poke|p1|Corviknight, L50, M|\n|poke|p1|Rotom-Wash, L50|\n|poke|p1|Sneasler, L50, F|\n|poke|p2|Glimmora, L50, F|\n|poke|p2|Froslass, L50, F|\n|poke|p2|Sneasler, L50, M|\n|poke|p2|Incineroar, L50, F|\n|poke|p2|Whimsicott, L50, M|\n|poke|p2|Gyarados, L50, F|\n|teampreview|4\nMask4M has agreed to open team sheets.\n|\n|t:|1776085122\n|teamsize|p1|4\n|teamsize|p2|4\n|start\n|switch|p1a: Garchomp|Garchomp, L50, F|100/100\n|switch|p1b: Tyranitar|Tyranitar, L50, M|100/100\n|switch|p2a: Incineroar|Incineroar, L50, F|100/100\n|switch|p2b: Sneasler|Sneasler, L50, M|100/100\n|-weather|Sandstorm|[from] ability: Sand Stream|[of] p1b: Tyranitar\n|-ability|p2a: Incineroar|Intimidate|boost\n|-unboost|p1a: Garchomp|atk|1\n|-unboost|p1b: Tyranitar|atk|1\n|turn|1\n|inactive|Battle timer is ON: inactive players will automatically lose when time's up. (requested by mariete952)\n|\n|t:|1776085154\n|switch|p2b: Whimsicott|Whimsicott, L50, M|100/100\n|switch|p1b: Gyarados|Gyarados, L50, M|100/100\n|-ability|p1b: Gyarados|Intimidate|boost\n|-unboost|p2a: Incineroar|atk|1\n|-unboost|p2b: Whimsicott|atk|1\n|move|p1a: Garchomp|Protect|p1a: Garchomp\n|-singleturn|p1a: Garchomp|Protect\n|move|p2a: Incineroar|Fake Out|p1a: Garchomp\n|-activate|p1a: Garchomp|move: Protect\n|\n|-weather|Sandstorm|[upkeep]\n|-damage|p1b: Gyarados|95/100|[from] Sandstorm\n|-damage|p2b: Whimsicott|95/100|[from] Sandstorm\n|-damage|p2a: Incineroar|95/100|[from] Sandstorm\n|-heal|p1b: Gyarados|100/100|[from] item: Leftovers\n|upkeep\n|turn|2\n|inactive|mariete952 has 30 seconds left.\n|inactive|Mask4M has 30 seconds left.\n|inactive|mariete952 has 20 seconds left.\n|inactive|Mask4M has 20 seconds left.\n|\n|t:|1776085191\n|move|p2b: Whimsicott|Tailwind|p2b: Whimsicott\n|-sidestart|p2: Mask4M|move: Tailwind\n|move|p1a: Garchomp|Poison Jab|p2b: Whimsicott\n|-supereffective|p2b: Whimsicott|2\n|-damage|p2b: Whimsicott|0 fnt\n|faint|p2b: Whimsicott\n|move|p1b: Gyarados|Waterfall|p2a: Incineroar\n|-supereffective|p2a: Incineroar|1\n|-damage|p2a: Incineroar|50/100\n|-enditem|p2a: Incineroar|Sitrus Berry|[eat]\n|-heal|p2a: Incineroar|75/100|[from] item: Sitrus Berry\n|cant|p2a: Incineroar|flinch\n|\n|-weather|Sandstorm|[upkeep]\n|-damage|p1b: Gyarados|95/100|[from] Sandstorm\n|-damage|p2a: Incineroar|69/100|[from] Sandstorm\n|-heal|p1b: Gyarados|100/100|[from] item: Leftovers\n|upkeep\n|inactive|Mask4M has 30 seconds left.\n|inactive|Mask4M has 20 seconds left.\n|\n|t:|1776085227\n|switch|p2b: Glimmora|Glimmora, L50, F|100/100\n|turn|3\n|\n|t:|1776085250\n|move|p1b: Gyarados|Helping Hand|p1a: Garchomp\n|-singleturn|p1a: Garchomp|Helping Hand|[of] p1b: Gyarados\n|move|p2b: Glimmora|Spiky Shield|p2b: Glimmora\n|-singleturn|p2b: Glimmora|move: Protect\n|move|p1a: Garchomp|Earthquake|p2a: Incineroar|[spread] p2a\n|-activate|p2b: Glimmora|move: Protect\n|-immune|p1b: Gyarados\n|-supereffective|p2a: Incineroar|1\n|-damage|p2a: Incineroar|11/100\n|move|p2a: Incineroar|Parting Shot|p1a: Garchomp\n|-unboost|p1a: Garchomp|atk|1\n|-unboost|p1a: Garchomp|spa|1\n|\n|t:|1776085263\n|switch|p2a: Sneasler|Sneasler, L50, M|100/100|[from] Parting Shot\n|\n|-weather|Sandstorm|[upkeep]\n|-damage|p2a: Sneasler|95/100|[from] Sandstorm\n|-damage|p1b: Gyarados|95/100|[from] Sandstorm\n|-heal|p1b: Gyarados|100/100|[from] item: Leftovers\n|upkeep\n|turn|4\n|inactive|Mask4M has 30 seconds left.\n|\n|t:|1776085289\n|switch|p1b: Sneasler|Sneasler, L50, F|100/100\n|detailschange|p2b: Glimmora|Glimmora-Mega, L50, F\n|-mega|p2b: Glimmora|Glimmora|Glimmoranite\n|move|p1a: Garchomp|Protect|p1a: Garchomp\n|-singleturn|p1a: Garchomp|Protect\n|move|p2a: Sneasler|Fake Out|p1a: Garchomp\n|-activate|p1a: Garchomp|move: Protect\n|move|p2b: Glimmora|Earth Power|p1a: Garchomp\n|-activate|p1a: Garchomp|move: Protect\n|\n|-weather|Sandstorm|[upkeep]\n|-damage|p2a: Sneasler|89/100|[from] Sandstorm\n|-damage|p1b: Sneasler|95/100|[from] Sandstorm\n|upkeep\n|turn|5\n|\n|t:|1776085307\n|switch|p2a: Incineroar|Incineroar, L50, F|11/100\n|-ability|p2a: Incineroar|Intimidate|boost\n|-unboost|p1a: Garchomp|atk|1\n|-unboost|p1b: Sneasler|atk|1\n|-enditem|p1b: Sneasler|White Herb\n|-clearnegativeboost|p1b: Sneasler|[silent]\n|switch|p1b: Gyarados|Gyarados, L50, M|100/100\n|-ability|p1b: Gyarados|Intimidate|boost\n|-unboost|p2a: Incineroar|atk|1\n|-unboost|p2b: Glimmora|atk|1\n|move|p2b: Glimmora|Spiky Shield|p2b: Glimmora\n|-singleturn|p2b: Glimmora|move: Protect\n|move|p1a: Garchomp|Earthquake|p2b: Glimmora|[spread] p2a\n|-activate|p2b: Glimmora|move: Protect\n|-immune|p1b: Gyarados\n|-supereffective|p2a: Incineroar|1\n|-damage|p2a: Incineroar|0 fnt\n|faint|p2a: Incineroar\n|\n|-weather|none\n|-sideend|p2: Mask4M|move: Tailwind\n|upkeep\n|\n|t:|1776085332\n|switch|p2a: Sneasler|Sneasler, L50, M|89/100\n|turn|6\n|inactive|mariete952 has 30 seconds left.\n|inactive|mariete952 has 20 seconds left.\n|inactive|mariete952 has 15 seconds left.\n|inactive|mariete952 has 10 seconds left.\n|inactive|mariete952 has 5 seconds left.\n|\n|t:|1776085387\n|move|p2a: Sneasler|Fake Out|p1a: Garchomp\n|-damage|p1a: Garchomp|85/100\n|-damage|p2a: Sneasler|77/100|[from] ability: Rough Skin|[of] p1a: Garchomp\n|cant|p1a: Garchomp|flinch\n|move|p2b: Glimmora|Earth Power|p1a: Garchomp\n|-damage|p1a: Garchomp|47/100\n|move|p1b: Gyarados|Thunder Wave|p2a: Sneasler\n|-status|p2a: Sneasler|par\n|\n|upkeep\n|turn|7\n|inactive|mariete952 has 30 seconds left.\n|\n|t:|1776085419\n|switch|p1a: Tyranitar|Tyranitar, L50, M|100/100\n|-weather|Sandstorm|[from] ability: Sand Stream|[of] p1a: Tyranitar\n|move|p2b: Glimmora|Spiky Shield|p2b: Glimmora\n|-singleturn|p2b: Glimmora|move: Protect\n|move|p1b: Gyarados|Thunder Wave|p2b: Glimmora\n|-activate|p2b: Glimmora|move: Protect\n|move|p2a: Sneasler|Close Combat|p1a: Tyranitar\n|-supereffective|p1a: Tyranitar|2\n|-damage|p1a: Tyranitar|0 fnt\n|-unboost|p2a: Sneasler|def|1\n|-unboost|p2a: Sneasler|spd|1\n|faint|p1a: Tyranitar\n|-enditem|p2a: Sneasler|White Herb\n|-clearnegativeboost|p2a: Sneasler|[silent]\n|\n|-weather|Sandstorm|[upkeep]\n|-damage|p2a: Sneasler|71/100 par|[from] Sandstorm\n|-damage|p1b: Gyarados|95/100|[from] Sandstorm\n|-heal|p1b: Gyarados|100/100|[from] item: Leftovers\n|upkeep\n|inactive|mariete952 has 30 seconds left.\n|\n|t:|1776085449\n|switch|p1a: Garchomp|Garchomp, L50, F|47/100\n|turn|8\n|inactive|mariete952 has 30 seconds left.\n|inactive|Mask4M has 30 seconds left.\n|inactive|Mask4M has 20 seconds left.\n|inactive|Mask4M has 15 seconds left.\n|inactive|Mask4M has 10 seconds left.\n|\n|t:|1776085495\n|move|p1b: Gyarados|Helping Hand|p1a: Garchomp\n|-singleturn|p1a: Garchomp|Helping Hand|[of] p1b: Gyarados\n|move|p2a: Sneasler|Dire Claw|p1a: Garchomp\n|-resisted|p1a: Garchomp|1\n|-damage|p1a: Garchomp|21/100\n|-damage|p2a: Sneasler|59/100 par|[from] ability: Rough Skin|[of] p1a: Garchomp\n|move|p1a: Garchomp|Earthquake|p2a: Sneasler|[spread] p2a,p2b\n|-immune|p1b: Gyarados\n|-supereffective|p2a: Sneasler|1\n|-supereffective|p2b: Glimmora|2\n|-damage|p2a: Sneasler|0 fnt\n|-damage|p2b: Glimmora|0 fnt\n|faint|p2a: Sneasler\n|faint|p2b: Glimmora\n|\n|win|mariete952\n|raw|mariete952's rating: 1172 &rarr; <strong>1198</strong><br />(+26 for winning)\n|raw|Mask4M's rating: 1181 &rarr; <strong>1155</strong><br />(-26 for losing)\n",
  "uploadtime": 1776085507,
  "views": 13,
  "formatid": "gen9championsvgc2026regma",
  "rating": 1155,
  "private": 0,
  "password": null
}