{
  "id": "gen9championsvgc2026regma-2581578383",
  "format": "[Gen 9 Champions] VGC 2026 Reg M-A",
  "players": [
    "Kdog2025",
    "Jah_08"
  ],
  "log": "|j|\u2606Kdog2025\n|j|\u2606Jah_08\n|t:|1776012426\n|gametype|doubles\n|player|p1|Kdog2025|102|1070\n|player|p2|Jah_08|2|1156\n|gen|9\n|tier|[Gen 9 Champions] VGC 2026 Reg M-A\n|rated|\n|rule|Species Clause: Limit one of each Pok\u00e9mon\n|rule|Item Clause: Limit 1 of each item\n|clearpoke\n|poke|p1|Starmie, L50|\n|poke|p1|Dragapult, L50, F|\n|poke|p1|Incineroar, L50, M|\n|poke|p1|Aerodactyl, L50, M|\n|poke|p1|Tyranitar, L50, M|\n|poke|p1|Excadrill, L50, F|\n|poke|p2|Basculegion, L50, M|\n|poke|p2|Zoroark-Hisui, L50, F|\n|poke|p2|Conkeldurr, L50, F|\n|poke|p2|Whimsicott, L50, M|\n|poke|p2|Chandelure, L50, M|\n|poke|p2|Vanilluxe, L50, F|\n|teampreview|4\n|inactive|Battle timer is ON: inactive players will automatically lose when time's up. (requested by Kdog2025)\n|inactive|Jah_08 has 60 seconds left.\n|\n|t:|1776012466\n|teamsize|p1|4\n|teamsize|p2|4\n|start\n|switch|p1a: Aerodactyl|Aerodactyl, L50, M|100/100\n|switch|p1b: Tyranitar|Tyranitar, L50, M|100/100\n|switch|p2a: Whimsicott|Whimsicott, L50, M|100/100\n|switch|p2b: Basculegion|Basculegion, L50, M|100/100\n|-ability|p1a: Aerodactyl|Unnerve\n|-weather|Sandstorm|[from] ability: Sand Stream|[of] p1b: Tyranitar\n|turn|1\n|inactive|Kdog2025 has 30 seconds left.\n|inactive|Jah_08 has 30 seconds left.\n|\n|t:|1776012493\n|switch|p1b: Incineroar|Incineroar, L50, M|100/100\n|-ability|p1b: Incineroar|Intimidate|boost\n|-unboost|p2a: Whimsicott|atk|1\n|-unboost|p2b: Basculegion|atk|1\n|move|p2a: Whimsicott|Tailwind|p2a: Whimsicott\n|-sidestart|p2: Jah_08|move: Tailwind\n|move|p2b: Basculegion|Flip Turn|p1a: Aerodactyl\n|-supereffective|p1a: Aerodactyl|1\n|-damage|p1a: Aerodactyl|9/100\n|-enditem|p1a: Aerodactyl|Sitrus Berry|[eat]\n|-heal|p1a: Aerodactyl|34/100|[from] item: Sitrus Berry\n|\n|t:|1776012513\n|switch|p2b: Conkeldurr|Conkeldurr, L50, F|100/100|[from] Flip Turn\n|move|p1a: Aerodactyl|Tailwind|p1a: Aerodactyl\n|-sidestart|p1: Kdog2025|move: Tailwind\n|\n|-weather|Sandstorm|[upkeep]\n|-damage|p2a: Whimsicott|95/100|[from] Sandstorm\n|-damage|p1b: Incineroar|94/100|[from] Sandstorm\n|-damage|p2b: Conkeldurr|94/100|[from] Sandstorm\n|upkeep\n|turn|2\n|\n|t:|1776012533\n|switch|p1a: Starmie|Starmie, L50|100/100\n|move|p2a: Whimsicott|Encore||[still]\n|-fail|p2a: Whimsicott\n|move|p1b: Incineroar|Flare Blitz|p2a: Whimsicott\n|-supereffective|p2a: Whimsicott|1\n|-damage|p2a: Whimsicott|0 fnt\n|faint|p2a: Whimsicott\n|-damage|p1b: Incineroar|68/100|[from] Recoil\n|move|p2b: Conkeldurr|Drain Punch|p1b: Incineroar\n|-supereffective|p1b: Incineroar|1\n|-damage|p1b: Incineroar|0 fnt\n|-heal|p2b: Conkeldurr|100/100|[from] drain|[of] p1b: Incineroar\n|faint|p1b: Incineroar\n|\n|-weather|Sandstorm|[upkeep]\n|-damage|p1a: Starmie|95/100|[from] Sandstorm\n|-damage|p2b: Conkeldurr|94/100|[from] Sandstorm\n|upkeep\n|\n|t:|1776012555\n|switch|p2a: Vanilluxe|Vanilluxe, L50, F|100/100\n|switch|p1b: Aerodactyl|Aerodactyl, L50, M|34/100\n|-ability|p1b: Aerodactyl|Unnerve\n|turn|3\n|\n|t:|1776012569\n|detailschange|p1a: Starmie|Starmie-Mega, L50\n|-mega|p1a: Starmie|Starmie|Starminite\n|move|p2b: Conkeldurr|Mach Punch|p1b: Aerodactyl\n|-damage|p1b: Aerodactyl|0 fnt\n|faint|p1b: Aerodactyl\n|move|p1a: Starmie|Zen Headbutt|p2b: Conkeldurr\n|-supereffective|p2b: Conkeldurr|1\n|-damage|p2b: Conkeldurr|0 fnt\n|faint|p2b: Conkeldurr\n|move|p2a: Vanilluxe|Freeze-Dry|p1a: Starmie\n|-supereffective|p1a: Starmie|1\n|-damage|p1a: Starmie|16/100\n|\n|-weather|Sandstorm|[upkeep]\n|-damage|p1a: Starmie|10/100|[from] Sandstorm\n|-damage|p2a: Vanilluxe|94/100|[from] Sandstorm\n|upkeep\n|\n|t:|1776012584\n|switch|p1b: Tyranitar|Tyranitar, L50, M|100/100\n|switch|p2b: Basculegion|Basculegion, L50, M|100/100\n|turn|4\n|\n|t:|1776012597\n|move|p1a: Starmie|Protect|p1a: Starmie\n|-singleturn|p1a: Starmie|Protect\n|move|p2b: Basculegion|Wave Crash|p1b: Tyranitar\n|-supereffective|p1b: Tyranitar|1\n|-damage|p1b: Tyranitar|0 fnt\n|faint|p1b: Tyranitar\n|-damage|p2b: Basculegion|67/100|[from] Recoil\n|move|p2a: Vanilluxe|Freeze-Dry|p1a: Starmie\n|-activate|p1a: Starmie|move: Protect\n|\n|-weather|Sandstorm|[upkeep]\n|-damage|p2b: Basculegion|60/100|[from] Sandstorm\n|-damage|p1a: Starmie|4/100|[from] Sandstorm\n|-damage|p2a: Vanilluxe|88/100|[from] Sandstorm\n|-sideend|p1: Kdog2025|move: Tailwind\n|-sideend|p2: Jah_08|move: Tailwind\n|upkeep\n|turn|5\n|\n|t:|1776012618\n|move|p2b: Basculegion|Wave Crash|p1a: Starmie\n|-resisted|p1a: Starmie|1\n|-damage|p1a: Starmie|0 fnt\n|faint|p1a: Starmie\n|-damage|p2b: Basculegion|59/100|[from] Recoil\n|\n|win|Jah_08\n|raw|Kdog2025's rating: 1070 &rarr; <strong>1054</strong><br />(-16 for losing)\n|raw|Jah_08's rating: 1156 &rarr; <strong>1175</strong><br />(+19 for winning)\n|l|\u2606Kdog2025\n|player|p1|\n",
  "uploadtime": 1776012625,
  "views": 12,
  "formatid": "gen9championsvgc2026regma",
  "rating": 1054,
  "private": 0,
  "password": null
}