{
  "id": "gen9championsvgc2026regma-2584794213",
  "format": "[Gen 9 Champions] VGC 2026 Reg M-A",
  "players": [
    "Grefgpagahacienda",
    "benjiapollo"
  ],
  "log": "|j|\u2606Grefgpagahacienda\n|j|\u2606benjiapollo\n|t:|1776284137\n|gametype|doubles\n|player|p1|Grefgpagahacienda|102|1087\n|player|p2|benjiapollo|giovanni|1171\n|gen|9\n|tier|[Gen 9 Champions] VGC 2026 Reg M-A\n|rated|\n|rule|Species Clause: Limit one of each Pok\u00e9mon\n|rule|Item Clause: Limit 1 of each item\n|clearpoke\n|poke|p1|Aegislash, L50, F|\n|poke|p1|Volcarona, L50, M|\n|poke|p1|Floette-Eternal, L50, F|\n|poke|p1|Garchomp, L50, M|\n|poke|p1|Corviknight, L50, F|\n|poke|p1|Greninja-*, L50, F|\n|poke|p2|Basculegion, L50, M|\n|poke|p2|Charizard, L50, M|\n|poke|p2|Kingambit, L50, M|\n|poke|p2|Sneasler, L50, F|\n|poke|p2|Venusaur, L50, F|\n|poke|p2|Talonflame, L50, F|\n|teampreview|4\n|inactive|Battle timer is ON: inactive players will automatically lose when time's up. (requested by Grefgpagahacienda)\n|inactive|Grefgpagahacienda has 60 seconds left.\n|inactive|Grefgpagahacienda has 30 seconds left.\n|\n|t:|1776284210\n|teamsize|p1|4\n|teamsize|p2|4\n|start\n|switch|p1a: Garchomp|Garchomp, L50, M|100/100\n|switch|p1b: Corviknight|Corviknight, L50, F|100/100\n|switch|p2a: Talonflame|Talonflame, L50, F|100/100\n|switch|p2b: Charizard|Charizard, L50, M|100/100\n|turn|1\n|\n|t:|1776284220\n|detailschange|p2b: Charizard|Charizard-Mega-X, L50, M\n|-mega|p2b: Charizard|Charizard|Charizardite X\n|move|p2a: Talonflame|Tailwind|p2a: Talonflame\n|-sidestart|p2: benjiapollo|move: Tailwind\n|move|p2b: Charizard|Dragon Claw|p1a: Garchomp\n|-supereffective|p1a: Garchomp|1\n|-damage|p1a: Garchomp|0 fnt\n|-damage|p2b: Charizard|88/100|[from] ability: Rough Skin|[of] p1a: Garchomp\n|faint|p1a: Garchomp\n|move|p1b: Corviknight|Tailwind|p1b: Corviknight\n|-sidestart|p1: Grefgpagahacienda|move: Tailwind\n|\n|upkeep\n|\n|t:|1776284229\n|switch|p1a: Floette|Floette-Eternal, L50, F|100/100\n|turn|2\n|\n|t:|1776284244\n|switch|p1b: Volcarona|Volcarona, L50, M|100/100\n|detailschange|p1a: Floette|Floette-Mega, L50, F\n|-mega|p1a: Floette|Floette|Floettite\n|-ability|p1a: Floette|Fairy Aura\n|move|p2b: Charizard|Protect|p2b: Charizard\n|-singleturn|p2b: Charizard|Protect\n|move|p2a: Talonflame|Flare Blitz|p1b: Volcarona\n|-damage|p1b: Volcarona|29/100\n|-enditem|p1b: Volcarona|Sitrus Berry|[eat]\n|-heal|p1b: Volcarona|54/100|[from] item: Sitrus Berry\n|-damage|p2a: Talonflame|75/100|[from] Recoil\n|move|p1a: Floette|Substitute|p1a: Floette\n|-start|p1a: Floette|Substitute\n|-damage|p1a: Floette|76/100\n|\n|upkeep\n|turn|3\n|\n|t:|1776284262\n|move|p2a: Talonflame|Flare Blitz|p1b: Volcarona\n|-damage|p1b: Volcarona|0 fnt\n|-immune|p2a: Talonflame\n|faint|p1b: Volcarona\n|-damage|p2a: Talonflame|55/100|[from] Recoil\n|move|p2b: Charizard|Flare Blitz|p1a: Floette\n|-end|p1a: Floette|Substitute\n|-damage|p2b: Charizard|78/100|[from] Recoil|[of] p1a: Floette\n|move|p1a: Floette|Calm Mind|p1a: Floette\n|-boost|p1a: Floette|spa|1\n|-boost|p1a: Floette|spd|1\n|\n|upkeep\n|\n|t:|1776284265\n|switch|p1b: Corviknight|Corviknight, L50, F|100/100\n|turn|4\n|\n|t:|1776284280\n|move|p1b: Corviknight|Protect|p1b: Corviknight\n|-singleturn|p1b: Corviknight|Protect\n|move|p2a: Talonflame|Flare Blitz|p1b: Corviknight\n|-activate|p1b: Corviknight|move: Protect\n|move|p2b: Charizard|Flare Blitz|p1a: Floette\n|-damage|p1a: Floette|0 fnt\n|faint|p1a: Floette\n|-damage|p2b: Charizard|49/100|[from] Recoil\n|\n|-sideend|p2: benjiapollo|move: Tailwind\n|-sideend|p1: Grefgpagahacienda|move: Tailwind\n|upkeep\n|turn|5\n|-message|Grefgpagahacienda forfeited.\n|\n|win|benjiapollo\n|raw|Grefgpagahacienda's rating: 1087 &rarr; <strong>1069</strong><br />(-18 for losing)\n|raw|benjiapollo's rating: 1171 &rarr; <strong>1190</strong><br />(+19 for winning)\n|l|\u2606Grefgpagahacienda\n|player|p1|\n",
  "uploadtime": 1776284293,
  "views": 22,
  "formatid": "gen9championsvgc2026regma",
  "rating": 1069,
  "private": 0,
  "password": null
}