{
  "id": "gen9championsvgc2026regma-2582960410",
  "format": "[Gen 9 Champions] VGC 2026 Reg M-A",
  "players": [
    "xelsior",
    "Sneasler33"
  ],
  "log": "|j|\u2606xelsior\n|j|\u2606Sneasler33\n|t:|1776128646\n|gametype|doubles\n|player|p1|xelsior|colress|1139\n|player|p2|Sneasler33|dawn-gen4pt|1176\n|gen|9\n|tier|[Gen 9 Champions] VGC 2026 Reg M-A\n|rated|\n|rule|Species Clause: Limit one of each Pok\u00e9mon\n|rule|Item Clause: Limit 1 of each item\n|clearpoke\n|poke|p1|Delphox, L50, M|\n|poke|p1|Garchomp, L50, M|\n|poke|p1|Gyarados, L50, F|\n|poke|p1|Sneasler, L50, M|\n|poke|p1|Aegislash, L50, M|\n|poke|p1|Tsareena, L50, F|\n|poke|p2|Corviknight, L50, F|\n|poke|p2|Incineroar, L50, M|\n|poke|p2|Tyranitar, L50, M|\n|poke|p2|Excadrill, L50, M|\n|poke|p2|Sinistcha, L50|\n|poke|p2|Floette-Eternal, L50, F|\n|teampreview|4\n|c|\u2606xelsior|glhf\n|inactive|Battle timer is ON: inactive players will automatically lose when time's up. (requested by Sneasler33)\nSneasler33 rejected open team sheets.\n|c|\u2606Sneasler33|U2\n|inactive|xelsior has 60 seconds left.\n|\n|t:|1776128706\n|teamsize|p1|4\n|teamsize|p2|4\n|start\n|switch|p1a: Sneasler|Sneasler, L50, M|100/100\n|switch|p1b: Gyarados|Gyarados, L50, F|100/100\n|switch|p2a: Excadrill|Excadrill, L50, M|100/100\n|switch|p2b: Tyranitar|Tyranitar, L50, M|100/100\n|-weather|Sandstorm|[from] ability: Sand Stream|[of] p2b: Tyranitar\n|-ability|p1b: Gyarados|Intimidate|boost\n|-unboost|p2a: Excadrill|atk|1\n|-unboost|p2b: Tyranitar|atk|1\n|turn|1\n|\n|t:|1776128719\n|move|p1a: Sneasler|Fake Out|p2a: Excadrill\n|-resisted|p2a: Excadrill|1\n|-damage|p2a: Excadrill|92/100\n|cant|p2a: Excadrill|flinch\n|move|p2b: Tyranitar|Breaking Swipe|p1b: Gyarados|[spread] p1a,p1b\n|-damage|p1a: Sneasler|80/100\n|-damage|p1b: Gyarados|90/100\n|-unboost|p1a: Sneasler|atk|1\n|-unboost|p1b: Gyarados|atk|1\n|-enditem|p1a: Sneasler|White Herb\n|-clearnegativeboost|p1a: Sneasler|[silent]\n|move|p1b: Gyarados|Waterfall|p2a: Excadrill\n|-supereffective|p2a: Excadrill|1\n|-damage|p2a: Excadrill|41/100\n|\n|-weather|Sandstorm|[upkeep]\n|-damage|p1a: Sneasler|74/100|[from] Sandstorm\n|-damage|p1b: Gyarados|84/100|[from] Sandstorm\n|upkeep\n|turn|2\n|inactive|xelsior has 30 seconds left.\n|inactive|xelsior has 20 seconds left.\n|inactive|xelsior has 15 seconds left.\n|\n|t:|1776128761\n|switch|p2b: Corviknight|Corviknight, L50, F|100/100\n|switch|p1b: Aegislash|Aegislash, L50, M|100/100\n|move|p1a: Sneasler|Protect|p1a: Sneasler\n|-singleturn|p1a: Sneasler|Protect\n|move|p2a: Excadrill|Earthquake|p1b: Aegislash|[spread] p1b\n|-activate|p1a: Sneasler|move: Protect\n|-immune|p2b: Corviknight\n|-supereffective|p1b: Aegislash|1\n|-damage|p1b: Aegislash|53/100\n|\n|-weather|Sandstorm|[upkeep]\n|-damage|p1a: Sneasler|68/100|[from] Sandstorm\n|-heal|p1b: Aegislash|59/100|[from] item: Leftovers\n|upkeep\n|turn|3\n|inactive|xelsior has 30 seconds left.\n|\n|t:|1776128793\n|move|p1a: Sneasler|Close Combat|p2a: Excadrill\n|-supereffective|p2a: Excadrill|1\n|-damage|p2a: Excadrill|0 fnt\n|-unboost|p1a: Sneasler|def|1\n|-unboost|p1a: Sneasler|spd|1\n|faint|p2a: Excadrill\n|move|p2b: Corviknight|Tailwind|p2b: Corviknight\n|-sidestart|p2: Sneasler33|move: Tailwind\n|-formechange|p1b: Aegislash|Aegislash-Blade|\n|move|p1b: Aegislash|Shadow Ball|p2b: Corviknight\n|-damage|p2b: Corviknight|57/100\n|\n|-weather|Sandstorm|[upkeep]\n|-damage|p1a: Sneasler|62/100|[from] Sandstorm\n|-heal|p1b: Aegislash|65/100|[from] item: Leftovers\n|upkeep\n|\n|t:|1776128813\n|switch|p2a: Floette|Floette-Eternal, L50, F|100/100\n|turn|4\n|\n|t:|1776128837\n|detailschange|p2a: Floette|Floette-Mega, L50, F\n|-mega|p2a: Floette|Floette|Floettite\n|-ability|p2a: Floette|Fairy Aura\n|move|p2a: Floette|Protect|p2a: Floette\n|-singleturn|p2a: Floette|Protect\n|-formechange|p1b: Aegislash|Aegislash|\n|move|p1b: Aegislash|King's Shield|p1b: Aegislash\n|-singleturn|p1b: Aegislash|Protect\n|move|p1a: Sneasler|Dire Claw|p2a: Floette\n|-activate|p2a: Floette|move: Protect\n|move|p2b: Corviknight|Brave Bird|p1a: Sneasler\n|-supereffective|p1a: Sneasler|1\n|-damage|p1a: Sneasler|0 fnt\n|faint|p1a: Sneasler\n|-damage|p2b: Corviknight|41/100|[from] Recoil\n|\n|-weather|Sandstorm|[upkeep]\n|-damage|p2a: Floette|94/100|[from] Sandstorm\n|-heal|p1b: Aegislash|71/100|[from] item: Leftovers\n|upkeep\n|\n|t:|1776128859\n|switch|p1a: Gyarados|Gyarados, L50, F|84/100\n|-ability|p1a: Gyarados|Intimidate|boost\n|-unboost|p2a: Floette|atk|1\n|-ability|p2b: Corviknight|Mirror Armor\n|-unboost|p1a: Gyarados|atk|1\n|turn|5\n|\n|t:|1776128867\n|switch|p2b: Tyranitar|Tyranitar, L50, M|100/100\n|move|p1a: Gyarados|Helping Hand|p1b: Aegislash\n|-singleturn|p1b: Aegislash|Helping Hand|[of] p1a: Gyarados\n|move|p2a: Floette|Dazzling Gleam|p1a: Gyarados|[spread] p1a,p1b\n|-resisted|p1b: Aegislash|1\n|-damage|p1a: Gyarados|48/100\n|-damage|p1b: Aegislash|53/100\n|-enditem|p1a: Gyarados|Sitrus Berry|[eat]\n|-heal|p1a: Gyarados|73/100|[from] item: Sitrus Berry\n|-formechange|p1b: Aegislash|Aegislash-Blade|\n|move|p1b: Aegislash|Flash Cannon|p2a: Floette\n|-supereffective|p2a: Floette|1\n|-damage|p2a: Floette|0 fnt\n|faint|p2a: Floette\n|\n|-weather|none\n|-heal|p1b: Aegislash|59/100|[from] item: Leftovers\n|upkeep\n|\n|t:|1776128879\n|switch|p2a: Corviknight|Corviknight, L50, F|41/100\n|turn|6\n|\n|t:|1776128897\n|-formechange|p1b: Aegislash|Aegislash|\n|move|p1b: Aegislash|King's Shield|p1b: Aegislash\n|-singleturn|p1b: Aegislash|Protect\n|move|p2b: Tyranitar|Knock Off|p1a: Gyarados\n|-damage|p1a: Gyarados|39/100\n|move|p2a: Corviknight|Brave Bird|p1a: Gyarados\n|-damage|p1a: Gyarados|9/100\n|-damage|p2a: Corviknight|32/100|[from] Recoil\n|move|p1a: Gyarados|Waterfall|p2b: Tyranitar\n|-supereffective|p2b: Tyranitar|1\n|-damage|p2b: Tyranitar|60/100\n|\n|-heal|p1b: Aegislash|65/100|[from] item: Leftovers\n|-sideend|p2: Sneasler33|move: Tailwind\n|upkeep\n|turn|7\n|inactive|xelsior has 30 seconds left.\n|\n|t:|1776128925\n|move|p2b: Tyranitar|Knock Off|p1b: Aegislash\n|-supereffective|p1b: Aegislash|1\n|-damage|p1b: Aegislash|0 fnt\n|-enditem|p1b: Aegislash|Leftovers|[from] move: Knock Off|[of] p2b: Tyranitar\n|faint|p1b: Aegislash\n|move|p1a: Gyarados|Thunder Wave|p2a: Corviknight\n|-status|p2a: Corviknight|par\n|move|p2a: Corviknight|Brave Bird|p1a: Gyarados\n|-crit|p1a: Gyarados\n|-damage|p1a: Gyarados|0 fnt\n|faint|p1a: Gyarados\n|-damage|p2a: Corviknight|29/100 par|[from] Recoil\n|\n|upkeep\n|\n|t:|1776128937\n|switch|p1b: Delphox|Delphox, L50, M|100/100\n|turn|8\n|\n|t:|1776128944\n|detailschange|p1b: Delphox|Delphox-Mega, L50, M\n|-mega|p1b: Delphox|Delphox|Delphoxite\n|move|p1b: Delphox|Heat Wave|p2a: Corviknight|[spread] p2a,p2b\n|-supereffective|p2a: Corviknight|1\n|-enditem|p2a: Corviknight|Occa Berry|[eat]\n|-enditem|p2a: Corviknight|Occa Berry|[weaken]\n|-resisted|p2b: Tyranitar|1\n|-damage|p2a: Corviknight|0 fnt\n|-damage|p2b: Tyranitar|39/100\n|faint|p2a: Corviknight\n|move|p2b: Tyranitar|Knock Off|p1b: Delphox\n|-supereffective|p1b: Delphox|1\n|-damage|p1b: Delphox|0 fnt\n|faint|p1b: Delphox\n|\n|win|Sneasler33\n|raw|xelsior's rating: 1139 &rarr; <strong>1117</strong><br />(-22 for losing)\n|raw|Sneasler33's rating: 1176 &rarr; <strong>1198</strong><br />(+22 for winning)\n|c|\u2606xelsior|gg\n|l|\u2606xelsior\n|player|p1|\n|c|\u2606Sneasler33|Gg\n",
  "uploadtime": 1776128957,
  "views": 15,
  "formatid": "gen9championsvgc2026regma",
  "rating": 1117,
  "private": 0,
  "password": null
}