{
  "id": "gen9championsvgc2026regma-2583407653",
  "format": "[Gen 9 Champions] VGC 2026 Reg M-A",
  "players": [
    "UnloshTheWash",
    "bobby0616"
  ],
  "log": "|j|\u2606UnloshTheWash\n|j|\u2606bobby0616\n|t:|1776173603\n|gametype|doubles\n|player|p1|UnloshTheWash|red|1367\n|player|p2|bobby0616|1|1414\n|gen|9\n|tier|[Gen 9 Champions] VGC 2026 Reg M-A\n|rated|\n|rule|Species Clause: Limit one of each Pok\u00e9mon\n|rule|Item Clause: Limit 1 of each item\n|clearpoke\n|poke|p1|Delphox, L50, M|\n|poke|p1|Mamoswine, L50, M|\n|poke|p1|Orthworm, L50, M|\n|poke|p1|Rotom-Wash, L50|\n|poke|p1|Maushold-Four, L50|\n|poke|p1|Sneasler, L50, F|\n|poke|p2|Charizard, L50, M|\n|poke|p2|Venusaur, L50, F|\n|poke|p2|Garchomp, L50, M|\n|poke|p2|Incineroar, L50, M|\n|poke|p2|Zoroark-Hisui, L50, F|\n|poke|p2|Sneasler, L50, M|\n|teampreview|4\n|\n|t:|1776173669\n|teamsize|p1|4\n|teamsize|p2|4\n|start\n|switch|p1a: Rotom|Rotom-Wash, L50|100/100\n|switch|p1b: Sneasler|Sneasler, L50, F|100/100\n|switch|p2a: Charizard|Charizard, L50, M|100/100\n|switch|p2b: Sneasler|Sneasler, L50, M|100/100\n|turn|1\n|inactive|Battle timer is ON: inactive players will automatically lose when time's up. (requested by bobby0616)\n|\n|t:|1776173716\n|detailschange|p2a: Charizard|Charizard-Mega-Y, L50, M\n|-mega|p2a: Charizard|Charizard|Charizardite Y\n|-weather|SunnyDay|[from] ability: Drought|[of] p2a: Charizard\n|move|p2a: Charizard|Protect|p2a: Charizard\n|-singleturn|p2a: Charizard|Protect\n|move|p1b: Sneasler|Fake Out|p2b: Sneasler\n|-immune|p2b: Sneasler\n|move|p1a: Rotom|Electroweb|p2a: Charizard|[spread] p2b\n|-activate|p2a: Charizard|move: Protect\n|-damage|p2b: Sneasler|75/100\n|-unboost|p2b: Sneasler|spe|1\n|replace|p2b: Zoroark|Zoroark-Hisui, L50, F\n|-end|p2b: Zoroark|Illusion\n|move|p2b: Zoroark|Hyper Voice|p1b: Sneasler|[spread] p1a,p1b\n|-damage|p1a: Rotom|59/100\n|-damage|p1b: Sneasler|56/100\n|\n|-weather|SunnyDay|[upkeep]\n|upkeep\n|turn|2\n|\n|t:|1776173738\n|switch|p2a: Incineroar|Incineroar, L50, M|100/100\n|-ability|p2a: Incineroar|Intimidate|boost\n|-unboost|p1a: Rotom|atk|1\n|-unboost|p1b: Sneasler|atk|1\n|-enditem|p1b: Sneasler|White Herb\n|-clearnegativeboost|p1b: Sneasler|[silent]\n|move|p1b: Sneasler|Gunk Shot|p2a: Incineroar\n|-damage|p2a: Incineroar|60/100\n|move|p1a: Rotom|Electroweb|p2b: Zoroark|[spread] p2a,p2b\n|-damage|p2a: Incineroar|47/100\n|-damage|p2b: Zoroark|48/100\n|-unboost|p2a: Incineroar|spe|1\n|-unboost|p2b: Zoroark|spe|1\n|-enditem|p2a: Incineroar|Sitrus Berry|[eat]\n|-heal|p2a: Incineroar|71/100|[from] item: Sitrus Berry\n|move|p2b: Zoroark|Hyper Voice|p1a: Rotom|[spread] p1a,p1b\n|-crit|p1b: Sneasler\n|-damage|p1a: Rotom|19/100\n|-damage|p1b: Sneasler|0 fnt\n|faint|p1b: Sneasler\n|\n|-weather|SunnyDay|[upkeep]\n|upkeep\n|\n|t:|1776173746\n|switch|p1b: Mamoswine|Mamoswine, L50, M|100/100\n|turn|3\n|\n|t:|1776173774\n|switch|p1a: Delphox|Delphox, L50, M|100/100\n|move|p1b: Mamoswine|Protect|p1b: Mamoswine\n|-singleturn|p1b: Mamoswine|Protect\n|move|p2a: Incineroar|Fake Out|p1b: Mamoswine\n|-activate|p1b: Mamoswine|move: Protect\n|move|p2b: Zoroark|Hyper Voice|p1b: Mamoswine|[spread] p1a\n|-activate|p1b: Mamoswine|move: Protect\n|-crit|p1a: Delphox\n|-damage|p1a: Delphox|42/100\n|\n|-weather|SunnyDay|[upkeep]\n|upkeep\n|turn|4\n|\n|t:|1776173795\n|switch|p2b: Charizard|Charizard-Mega-Y, L50, M|100/100\n|detailschange|p1a: Delphox|Delphox-Mega, L50, M\n|-mega|p1a: Delphox|Delphox|Delphoxite\n|move|p1a: Delphox|Nasty Plot|p1a: Delphox\n|-boost|p1a: Delphox|spa|2\n|move|p1b: Mamoswine|Earthquake|p2a: Incineroar|[spread] p2a\n|-immune|p1a: Delphox|[from] ability: Levitate\n|-immune|p2b: Charizard\n|-supereffective|p2a: Incineroar|1\n|-damage|p2a: Incineroar|8/100\n|move|p2a: Incineroar|Parting Shot|p1b: Mamoswine\n|-unboost|p1b: Mamoswine|atk|1\n|-unboost|p1b: Mamoswine|spa|1\n|\n|t:|1776173820\n|switch|p2a: Sneasler|Sneasler, L50, M|48/100|[from] Parting Shot\n|\n|-weather|SunnyDay|[upkeep]\n|upkeep\n|turn|5\n|inactive|UnloshTheWash has 30 seconds left.\n|inactive|UnloshTheWash has 20 seconds left.\n|\n|t:|1776173857\n|move|p1a: Delphox|Protect|p1a: Delphox\n|-singleturn|p1a: Delphox|Protect\n|move|p1b: Mamoswine|Protect|p1b: Mamoswine\n|-singleturn|p1b: Mamoswine|Protect\n|move|p2a: Sneasler|Shadow Ball|p1a: Delphox\n|-activate|p1a: Delphox|move: Protect\n|move|p2b: Charizard|Weather Ball|p1b: Mamoswine\n|-activate|p1b: Mamoswine|move: Protect\n|\n|-weather|none\n|upkeep\n|turn|6\n|\n|t:|1776173874\n|switch|p2b: Incineroar|Incineroar, L50, M|8/100\n|-ability|p2b: Incineroar|Intimidate|boost\n|-unboost|p1a: Delphox|atk|1\n|-fail|p1b: Mamoswine|unboost|Attack|[from] ability: Oblivious|[of] p1b: Mamoswine\n|move|p2a: Sneasler|Shadow Ball|p1a: Delphox\n|-supereffective|p1a: Delphox|1\n|-damage|p1a: Delphox|0 fnt\n|faint|p1a: Delphox\n|move|p1b: Mamoswine|Earthquake|p2b: Incineroar|[spread] p2a,p2b\n|-supereffective|p2b: Incineroar|1\n|-damage|p2a: Sneasler|0 fnt\n|-damage|p2b: Incineroar|0 fnt\n|replace|p2a: Zoroark|Zoroark-Hisui, L50, F\n|-end|p2a: Zoroark|Illusion\n|faint|p2a: Zoroark\n|faint|p2b: Incineroar\n|\n|upkeep\n|\n|t:|1776173889\n|switch|p1a: Rotom|Rotom-Wash, L50|19/100\n|switch|p2a: Charizard|Charizard-Mega-Y, L50, M|100/100\n|switch|p2b: Sneasler|Sneasler, L50, M|100/100\n|-weather|SunnyDay|[from] ability: Drought|[of] p2a: Charizard\n|turn|7\n|\n|t:|1776173907\n|move|p1b: Mamoswine|Protect|p1b: Mamoswine\n|-singleturn|p1b: Mamoswine|Protect\n|move|p1a: Rotom|Electroweb|p2b: Sneasler|[spread] p2a,p2b\n|-supereffective|p2a: Charizard|1\n|-damage|p2a: Charizard|71/100\n|-damage|p2b: Sneasler|79/100\n|-unboost|p2a: Charizard|spe|1\n|-unboost|p2b: Sneasler|spe|1\n|-enditem|p2b: Sneasler|White Herb\n|-clearnegativeboost|p2b: Sneasler|[silent]\n|move|p2b: Sneasler|Dire Claw|p1a: Rotom\n|-damage|p1a: Rotom|0 fnt\n|faint|p1a: Rotom\n|move|p2a: Charizard|Heat Wave|p1b: Mamoswine\n|-activate|p1b: Mamoswine|move: Protect\n|\n|-weather|SunnyDay|[upkeep]\n|upkeep\n|turn|8\n|\n|t:|1776173925\n|move|p2b: Sneasler|Close Combat|p1b: Mamoswine\n|-supereffective|p1b: Mamoswine|1\n|-enditem|p1b: Mamoswine|Focus Sash\n|-damage|p1b: Mamoswine|1/100\n|-unboost|p2b: Sneasler|def|1\n|-unboost|p2b: Sneasler|spd|1\n|move|p1b: Mamoswine|Earthquake|p2a: Charizard|[spread] p2b\n|-immune|p2a: Charizard\n|-supereffective|p2b: Sneasler|1\n|-damage|p2b: Sneasler|0 fnt\n|faint|p2b: Sneasler\n|move|p2a: Charizard|Weather Ball|p1b: Mamoswine\n|-supereffective|p1b: Mamoswine|1\n|-damage|p1b: Mamoswine|0 fnt\n|faint|p1b: Mamoswine\n|\n|win|bobby0616\n|raw|UnloshTheWash's rating: 1367 &rarr; <strong>1350</strong><br />(-17 for losing)\n|raw|bobby0616's rating: 1414 &rarr; <strong>1431</strong><br />(+17 for winning)\n",
  "uploadtime": 1776173927,
  "views": 23,
  "formatid": "gen9championsvgc2026regma",
  "rating": 1350,
  "private": 0,
  "password": null
}