{
  "id": "gen9championsvgc2026regma-2583387524",
  "format": "[Gen 9 Champions] VGC 2026 Reg M-A",
  "players": [
    "davvo.wav",
    "sirglizzi"
  ],
  "log": "|j|\u2606davvo.wav\n|j|\u2606sirglizzi\n|t:|1776172157\n|gametype|doubles\n|player|p1|davvo.wav|170|1140\n|player|p2|sirglizzi|2|1117\n|gen|9\n|tier|[Gen 9 Champions] VGC 2026 Reg M-A\n|rated|\n|rule|Species Clause: Limit one of each Pok\u00e9mon\n|rule|Item Clause: Limit 1 of each item\n|clearpoke\n|poke|p1|Kangaskhan, L50, F|\n|poke|p1|Talonflame, L50, F|\n|poke|p1|Floette-Eternal, L50, F|\n|poke|p1|Sinistcha, L50|\n|poke|p1|Arcanine-Hisui, L50, F|\n|poke|p1|Ninetales-Alola, L50, M|\n|poke|p2|Kommo-o, L50, F|\n|poke|p2|Skarmory, L50, F|\n|poke|p2|Whimsicott, L50, M|\n|poke|p2|Incineroar, L50, F|\n|poke|p2|Glimmora, L50, M|\n|poke|p2|Mamoswine, L50, F|\n|teampreview|4\n|inactive|Battle timer is ON: inactive players will automatically lose when time's up. (requested by sirglizzi)\n|inactive|davvo.wav has 60 seconds left.\n|\n|t:|1776172203\n|teamsize|p1|4\n|teamsize|p2|4\n|start\n|switch|p1a: Kangaskhan|Kangaskhan, L50, F|100/100\n|switch|p1b: Ninetales|Ninetales-Alola, L50, M|100/100\n|switch|p2a: Skarmory|Skarmory, L50, F|100/100\n|switch|p2b: Incineroar|Incineroar, L50, F|100/100\n|-weather|Snowscape|[from] ability: Snow Warning|[of] p1b: Ninetales\n|-ability|p2b: Incineroar|Intimidate|boost\n|-fail|p1a: Kangaskhan|unboost|Attack|[from] ability: Scrappy|[of] p1a: Kangaskhan\n|-unboost|p1b: Ninetales|atk|1\n|turn|1\n|inactive|sirglizzi has 30 seconds left.\n|\n|t:|1776172238\n|detailschange|p1a: Kangaskhan|Kangaskhan-Mega, L50, F\n|-mega|p1a: Kangaskhan|Kangaskhan|Kangaskhanite\n|detailschange|p2a: Skarmory|Skarmory-Mega, L50, F\n|-mega|p2a: Skarmory|Skarmory|Skarmorite\n|move|p2b: Incineroar|Fake Out|p1b: Ninetales\n|-damage|p1b: Ninetales|90/100\n|move|p2a: Skarmory|Tailwind|p2a: Skarmory\n|-sidestart|p2: sirglizzi|move: Tailwind\n|cant|p1b: Ninetales|flinch\n|move|p1a: Kangaskhan|Drain Punch|p2b: Incineroar\n|-supereffective|p2b: Incineroar|1\n|-enditem|p2b: Incineroar|Chople Berry|[eat]\n|-enditem|p2b: Incineroar|Chople Berry|[weaken]\n|-damage|p2b: Incineroar|75/100\n|-supereffective|p2b: Incineroar|1\n|-damage|p2b: Incineroar|62/100\n|-hitcount|p2b: Incineroar|2\n|\n|-weather|Snowscape|[upkeep]\n|upkeep\n|turn|2\n|inactive|davvo.wav has 30 seconds left.\n|\n|t:|1776172270\n|switch|p1b: Arcanine|Arcanine-Hisui, L50, F|100/100\n|-ability|p1b: Arcanine|Intimidate|boost\n|-unboost|p2a: Skarmory|atk|1\n|-unboost|p2b: Incineroar|atk|1\n|move|p2a: Skarmory|Iron Head|p1b: Arcanine\n|-damage|p1b: Arcanine|66/100\n|move|p2b: Incineroar|Parting Shot|p1a: Kangaskhan\n|-unboost|p1a: Kangaskhan|atk|1\n|-unboost|p1a: Kangaskhan|spa|1\n|\n|t:|1776172286\n|switch|p2b: Kommo-o|Kommo-o, L50, F|100/100|[from] Parting Shot\n|move|p1a: Kangaskhan|Drain Punch|p2a: Skarmory\n|-damage|p2a: Skarmory|78/100\n|-damage|p2a: Skarmory|73/100\n|-hitcount|p2a: Skarmory|2\n|\n|-weather|Snowscape|[upkeep]\n|upkeep\n|turn|3\n|\n|t:|1776172299\n|switch|p2a: Incineroar|Incineroar, L50, F|62/100\n|-ability|p2a: Incineroar|Intimidate|boost\n|-unboost|p1a: Kangaskhan|atk|1\n|-unboost|p1b: Arcanine|atk|1\n|switch|p1a: Talonflame|Talonflame, L50, F|100/100\n|move|p2b: Kommo-o|Clangorous Soul|p2b: Kommo-o\n|-boost|p2b: Kommo-o|atk|1\n|-boost|p2b: Kommo-o|def|1\n|-boost|p2b: Kommo-o|spa|1\n|-boost|p2b: Kommo-o|spd|1\n|-boost|p2b: Kommo-o|spe|1\n|-damage|p2b: Kommo-o|68/100\n|move|p1b: Arcanine|Flare Blitz|p2a: Incineroar\n|-resisted|p2a: Incineroar|1\n|-damage|p2a: Incineroar|42/100\n|-damage|p1b: Arcanine|57/100|[from] Recoil\n|\n|-weather|Snowscape|[upkeep]\n|upkeep\n|turn|4\n|\n|t:|1776172316\n|switch|p1b: Kangaskhan|Kangaskhan-Mega, L50, F|100/100\n|move|p1a: Talonflame|Upper Hand|p2a: Incineroar\n|-supereffective|p2a: Incineroar|1\n|-damage|p2a: Incineroar|11/100\n|cant|p2a: Incineroar|flinch\n|move|p2b: Kommo-o|Clanging Scales|p1b: Kangaskhan|[spread] p1a,p1b\n|-damage|p1a: Talonflame|9/100\n|-damage|p1b: Kangaskhan|39/100\n|-unboost|p2b: Kommo-o|def|1\n|\n|-weather|Snowscape|[upkeep]\n|-sideend|p2: sirglizzi|move: Tailwind\n|upkeep\n|turn|5\n|\n|t:|1776172335\n|switch|p2a: Skarmory|Skarmory-Mega, L50, F|73/100\n|move|p2b: Kommo-o|Protect|p2b: Kommo-o\n|-singleturn|p2b: Kommo-o|Protect\n|move|p1b: Kangaskhan|Fake Out|p2b: Kommo-o\n|-activate|p2b: Kommo-o|move: Protect\n|move|p1a: Talonflame|Tailwind|p1a: Talonflame\n|-sidestart|p1: davvo.wav|move: Tailwind\n|\n|-weather|none\n|upkeep\n|turn|6\n|inactive|sirglizzi has 30 seconds left.\n|\n|t:|1776172365\n|switch|p2a: Incineroar|Incineroar, L50, F|11/100\n|-ability|p2a: Incineroar|Intimidate|boost\n|-unboost|p1a: Talonflame|atk|1\n|-unboost|p1b: Kangaskhan|atk|1\n|move|p1a: Talonflame|Dual Wingbeat|p2b: Kommo-o\n|-supereffective|p2b: Kommo-o|1\n|-damage|p2b: Kommo-o|46/100\n|-enditem|p2b: Kommo-o|Sitrus Berry|[eat]\n|-heal|p2b: Kommo-o|71/100|[from] item: Sitrus Berry\n|-supereffective|p2b: Kommo-o|1\n|-damage|p2b: Kommo-o|49/100\n|-hitcount|p2b: Kommo-o|2\n|move|p1b: Kangaskhan|Drain Punch|p2b: Kommo-o\n|-damage|p2b: Kommo-o|32/100\n|-heal|p1b: Kangaskhan|47/100|[from] drain|[of] p2b: Kommo-o\n|-damage|p2b: Kommo-o|27/100\n|-heal|p1b: Kangaskhan|49/100|[from] drain|[of] p2b: Kommo-o\n|-hitcount|p2b: Kommo-o|2\n|move|p2b: Kommo-o|Clanging Scales|p1b: Kangaskhan|[spread] p1a,p1b\n|-damage|p1a: Talonflame|0 fnt\n|-damage|p1b: Kangaskhan|0 fnt\n|faint|p1a: Talonflame\n|faint|p1b: Kangaskhan\n|-unboost|p2b: Kommo-o|def|1\n|\n|upkeep\n|\n|t:|1776172384\n|switch|p1a: Ninetales|Ninetales-Alola, L50, M|90/100\n|switch|p1b: Arcanine|Arcanine-Hisui, L50, F|57/100\n|-ability|p1b: Arcanine|Intimidate|boost\n|-unboost|p2a: Incineroar|atk|1\n|-unboost|p2b: Kommo-o|atk|1\n|-weather|Snowscape|[from] ability: Snow Warning|[of] p1a: Ninetales\n|turn|7\n|\n|t:|1776172403\n|move|p2a: Incineroar|Fake Out|p1b: Arcanine\n|-resisted|p1b: Arcanine|1\n|-damage|p1b: Arcanine|53/100\n|cant|p1b: Arcanine|flinch\n|move|p1a: Ninetales|Blizzard|p2a: Incineroar|[spread] p2a,p2b\n|-resisted|p2a: Incineroar|1\n|-supereffective|p2b: Kommo-o|1\n|-damage|p2a: Incineroar|0 fnt\n|-damage|p2b: Kommo-o|0 fnt\n|faint|p2a: Incineroar\n|faint|p2b: Kommo-o\n|\n|-weather|Snowscape|[upkeep]\n|upkeep\n|\n|t:|1776172412\n|switch|p2b: Mamoswine|Mamoswine, L50, F|100/100\n|switch|p2a: Skarmory|Skarmory-Mega, L50, F|73/100\n|turn|8\n|\n|t:|1776172424\n|move|p2a: Skarmory|Protect|p2a: Skarmory\n|-singleturn|p2a: Skarmory|Protect\n|move|p1b: Arcanine|Flare Blitz|p2a: Skarmory\n|-activate|p2a: Skarmory|move: Protect\n|move|p1a: Ninetales|Blizzard|p2a: Skarmory|[spread] p2b\n|-activate|p2a: Skarmory|move: Protect\n|-damage|p2b: Mamoswine|79/100\n|move|p2b: Mamoswine|High Horsepower|p1a: Ninetales\n|-damage|p1a: Ninetales|37/100\n|\n|-weather|Snowscape|[upkeep]\n|-sideend|p1: davvo.wav|move: Tailwind\n|upkeep\n|turn|9\n|\n|t:|1776172440\n|move|p2b: Mamoswine|High Horsepower|p1b: Arcanine\n|-supereffective|p1b: Arcanine|2\n|-damage|p1b: Arcanine|0 fnt\n|faint|p1b: Arcanine\n|move|p2a: Skarmory|Iron Head|p1a: Ninetales\n|-supereffective|p1a: Ninetales|2\n|-damage|p1a: Ninetales|0 fnt\n|faint|p1a: Ninetales\n|\n|win|sirglizzi\n|raw|davvo.wav's rating: 1140 &rarr; <strong>1113</strong><br />(-27 for losing)\n|raw|sirglizzi's rating: 1117 &rarr; <strong>1144</strong><br />(+27 for winning)\n|l|\u2606davvo.wav\n|player|p1|\n",
  "uploadtime": 1776172450,
  "views": 17,
  "formatid": "gen9championsvgc2026regma",
  "rating": 1113,
  "private": 0,
  "password": null
}