{
  "id": "gen9championsvgc2026regma-2586461472",
  "format": "[Gen 9 Champions] VGC 2026 Reg M-A",
  "players": [
    "aoiharada",
    "alfacex"
  ],
  "log": "|j|\u2606aoiharada\n|j|\u2606alfacex\n|t:|1776436319\n|gametype|doubles\n|player|p1|aoiharada|102|1307\n|player|p2|alfacex|gambler|1264\n|gen|9\n|tier|[Gen 9 Champions] VGC 2026 Reg M-A\n|rated|\n|rule|Species Clause: Limit one of each Pok\u00e9mon\n|rule|Item Clause: Limit 1 of each item\n|clearpoke\n|poke|p1|Gengar, L50, F|\n|poke|p1|Incineroar, L50, F|\n|poke|p1|Sinistcha-Masterpiece, L50|\n|poke|p1|Politoed, L50, F|\n|poke|p1|Hydreigon, L50, F|\n|poke|p1|Corviknight, L50, M|\n|poke|p2|Tyranitar, L50, M|\n|poke|p2|Excadrill, L50, F|\n|poke|p2|Rotom-Wash, L50|\n|poke|p2|Farigiraf, L50, F|\n|poke|p2|Sinistcha-Masterpiece, L50|\n|poke|p2|Incineroar, L50, M|\n|teampreview|4\n|inactive|Battle timer is ON: inactive players will automatically lose when time's up. (requested by alfacex)\n|\n|t:|1776436351\n|teamsize|p1|4\n|teamsize|p2|4\n|start\n|switch|p1a: Gengar|Gengar, L50, F|100/100\n|switch|p1b: Incineroar|Incineroar, L50, F|100/100\n|switch|p2a: Incineroar|Incineroar, L50, M|100/100\n|switch|p2b: Excadrill|Excadrill, L50, F|100/100\n|-ability|p2a: Incineroar|Intimidate|boost\n|-unboost|p1a: Gengar|atk|1\n|-unboost|p1b: Incineroar|atk|1\n|-ability|p1b: Incineroar|Intimidate|boost\n|-unboost|p2a: Incineroar|atk|1\n|-unboost|p2b: Excadrill|atk|1\n|turn|1\n|\n|t:|1776436372\n|detailschange|p1a: Gengar|Gengar-Mega, L50, F\n|-mega|p1a: Gengar|Gengar|Gengarite\n|move|p2a: Incineroar|Fake Out|p1b: Incineroar\n|-damage|p1b: Incineroar|92/100\n|cant|p1b: Incineroar|flinch\n|move|p1a: Gengar|Perish Song|p1a: Gengar\n|-start|p1a: Gengar|perish3|[silent]\n|-start|p1b: Incineroar|perish3|[silent]\n|-start|p2a: Incineroar|perish3|[silent]\n|-start|p2b: Excadrill|perish3|[silent]\n|-fieldactivate|move: Perish Song\n|move|p2b: Excadrill|Iron Head|p1a: Gengar\n|-damage|p1a: Gengar|65/100\n|\n|-start|p1a: Gengar|perish3\n|-start|p2b: Excadrill|perish3\n|-start|p2a: Incineroar|perish3\n|-start|p1b: Incineroar|perish3\n|upkeep\n|turn|2\n|inactive|alfacex has 30 seconds left.\n|\n|t:|1776436397\n|move|p1a: Gengar|Protect|p1a: Gengar\n|-singleturn|p1a: Gengar|Protect\n|move|p2b: Excadrill|Protect|p2b: Excadrill\n|-singleturn|p2b: Excadrill|Protect\n|move|p1b: Incineroar|Protect|p1b: Incineroar\n|-singleturn|p1b: Incineroar|Protect\n|move|p2a: Incineroar|Throat Chop|p1a: Gengar\n|-activate|p1a: Gengar|move: Protect\n|\n|-start|p1a: Gengar|perish2\n|-start|p2b: Excadrill|perish2\n|-start|p2a: Incineroar|perish2\n|-start|p1b: Incineroar|perish2\n|upkeep\n|turn|3\n|inactive|alfacex has 30 seconds left.\n|\n|t:|1776436430\n|switch|p1b: Sinistcha|Sinistcha-Masterpiece, L50|100/100\n|-heal|p1a: Gengar|89/100|[from] ability: Hospitality|[of] p1b: Sinistcha\n|move|p1a: Gengar|Shadow Ball|p2b: Excadrill\n|-damage|p2b: Excadrill|39/100\n|move|p2b: Excadrill|Earthquake|p1b: Sinistcha|[spread] p2a,p1a,p1b\n|-supereffective|p2a: Incineroar|1\n|-supereffective|p1a: Gengar|1\n|-resisted|p1b: Sinistcha|1\n|-damage|p2a: Incineroar|43/100\n|-damage|p1a: Gengar|17/100\n|-damage|p1b: Sinistcha|91/100\n|-enditem|p2a: Incineroar|Sitrus Berry|[eat]\n|-heal|p2a: Incineroar|68/100|[from] item: Sitrus Berry\n|move|p2a: Incineroar|Throat Chop|p1a: Gengar\n|-supereffective|p1a: Gengar|1\n|-damage|p1a: Gengar|0 fnt\n|faint|p1a: Gengar\n|\n|-start|p2b: Excadrill|perish1\n|-start|p2a: Incineroar|perish1\n|upkeep\n|\n|t:|1776436442\n|switch|p1a: Corviknight|Corviknight, L50, M|100/100\n|-ability|p1a: Corviknight|Unnerve\n|turn|4\n|\n|t:|1776436448\n|switch|p2b: Tyranitar|Tyranitar, L50, M|100/100\n|-weather|Sandstorm|[from] ability: Sand Stream|[of] p2b: Tyranitar\n|switch|p2a: Rotom|Rotom-Wash, L50|100/100\n|move|p1a: Corviknight|Iron Defense|p1a: Corviknight\n|-boost|p1a: Corviknight|def|2\n|move|p1b: Sinistcha|Matcha Gotcha|p2b: Tyranitar|[spread] p2a,p2b\n|-supereffective|p2a: Rotom|1\n|-supereffective|p2b: Tyranitar|1\n|-damage|p2a: Rotom|30/100\n|-heal|p1b: Sinistcha|100/100|[from] drain|[of] p2a: Rotom\n|-damage|p2b: Tyranitar|73/100\n|\n|-weather|Sandstorm|[upkeep]\n|-damage|p2a: Rotom|24/100|[from] Sandstorm\n|-damage|p1b: Sinistcha|94/100|[from] Sandstorm\n|upkeep\n|turn|5\n|\n|t:|1776436472\n|detailschange|p2b: Tyranitar|Tyranitar-Mega, L50, M\n|-mega|p2b: Tyranitar|Tyranitar|Tyranitarite\n|move|p2a: Rotom|Volt Switch|p1b: Sinistcha\n|-resisted|p1b: Sinistcha|1\n|-damage|p1b: Sinistcha|74/100\n|inactive|alfacex has 30 seconds left.\n|inactive|alfacex has 20 seconds left.\n|inactive|alfacex has 15 seconds left.\n|inactive|alfacex has 10 seconds left.\n|inactive|alfacex has 5 seconds left.\n|\n|t:|1776436527\n|switch|p2a: Excadrill|Excadrill, L50, F|39/100|[from] Volt Switch\n|move|p1a: Corviknight|Tailwind|p1a: Corviknight\n|-sidestart|p1: aoiharada|move: Tailwind\n|move|p1b: Sinistcha|Matcha Gotcha|p2a: Excadrill|[spread] p2a,p2b\n|-supereffective|p2b: Tyranitar|1\n|-damage|p2a: Excadrill|9/100\n|-heal|p1b: Sinistcha|90/100|[from] drain|[of] p2a: Excadrill\n|-damage|p2b: Tyranitar|49/100\n|-heal|p1b: Sinistcha|100/100|[from] drain|[of] p2b: Tyranitar\n|move|p2b: Tyranitar|Rock Slide|p1b: Sinistcha|[spread] p1a,p1b\n|-damage|p1a: Corviknight|84/100\n|-damage|p1b: Sinistcha|76/100\n|\n|-weather|Sandstorm|[upkeep]\n|-damage|p1b: Sinistcha|70/100|[from] Sandstorm\n|-heal|p1a: Corviknight|90/100|[from] item: Leftovers\n|upkeep\n|turn|6\n|inactive|alfacex has 30 seconds left.\n|inactive|alfacex has 20 seconds left.\n|\n|t:|1776436567\n|move|p2b: Tyranitar|Protect|p2b: Tyranitar\n|-singleturn|p2b: Tyranitar|Protect\n|move|p2a: Excadrill|Iron Head|p1b: Sinistcha\n|-damage|p1b: Sinistcha|38/100\n|move|p1a: Corviknight|Body Press|p2b: Tyranitar\n|-activate|p2b: Tyranitar|move: Protect\n|move|p1b: Sinistcha|Matcha Gotcha|p2b: Tyranitar|[spread] p2a\n|-activate|p2b: Tyranitar|move: Protect\n|-damage|p2a: Excadrill|0 fnt\n|-heal|p1b: Sinistcha|42/100|[from] drain|[of] p2a: Excadrill\n|faint|p2a: Excadrill\n|\n|-weather|Sandstorm|[upkeep]\n|-damage|p1b: Sinistcha|36/100|[from] Sandstorm\n|-heal|p1a: Corviknight|96/100|[from] item: Leftovers\n|upkeep\n|\n|t:|1776436577\n|switch|p2a: Incineroar|Incineroar, L50, M|68/100\n|-ability|p2a: Incineroar|Intimidate|boost\n|-unboost|p1a: Corviknight|atk|1\n|-unboost|p1b: Sinistcha|atk|1\n|turn|7\n|\n|t:|1776436591\n|switch|p1b: Incineroar|Incineroar, L50, F|92/100\n|-ability|p1b: Incineroar|Intimidate|boost\n|-unboost|p2a: Incineroar|atk|1\n|-unboost|p2b: Tyranitar|atk|1\n|move|p2a: Incineroar|Fake Out|p1a: Corviknight\n|-resisted|p1a: Corviknight|1\n|-damage|p1a: Corviknight|94/100\n|cant|p1a: Corviknight|flinch\n|move|p2b: Tyranitar|Knock Off|p1b: Incineroar\n|-resisted|p1b: Incineroar|1\n|-damage|p1b: Incineroar|72/100\n|-enditem|p1b: Incineroar|Shuca Berry|[from] move: Knock Off|[of] p2b: Tyranitar\n|\n|-weather|Sandstorm|[upkeep]\n|-damage|p1b: Incineroar|66/100|[from] Sandstorm\n|-damage|p2a: Incineroar|62/100|[from] Sandstorm\n|-heal|p1a: Corviknight|99/100|[from] item: Leftovers\n|upkeep\n|turn|8\n|inactive|alfacex has 30 seconds left.\n|\n|t:|1776436616\n|move|p2b: Tyranitar|Protect|p2b: Tyranitar\n|-singleturn|p2b: Tyranitar|Protect\n|move|p1a: Corviknight|Body Press|p2a: Incineroar\n|-supereffective|p2a: Incineroar|1\n|-damage|p2a: Incineroar|0 fnt\n|faint|p2a: Incineroar\n|move|p1b: Incineroar|Parting Shot|p2b: Tyranitar\n|-activate|p2b: Tyranitar|move: Protect\n|\n|-weather|none\n|-heal|p1a: Corviknight|100/100|[from] item: Leftovers\n|-sideend|p1: aoiharada|move: Tailwind\n|upkeep\n|\n|t:|1776436627\n|switch|p2a: Rotom|Rotom-Wash, L50|24/100\n|turn|9\n|\n|t:|1776436642\n|move|p2a: Rotom|Volt Switch|p1a: Corviknight\n|-supereffective|p1a: Corviknight|1\n|-damage|p1a: Corviknight|54/100\n|move|p1a: Corviknight|Body Press|p2a: Rotom\n|-damage|p2a: Rotom|0 fnt\n|faint|p2a: Rotom\n|move|p1b: Incineroar|Throat Chop|p2b: Tyranitar\n|-resisted|p2b: Tyranitar|1\n|-damage|p2b: Tyranitar|41/100\n|-start|p2b: Tyranitar|Throat Chop|[silent]\n|move|p2b: Tyranitar|Rock Slide|p1b: Incineroar|[spread] p1a,p1b\n|-supereffective|p1b: Incineroar|1\n|-damage|p1a: Corviknight|43/100\n|-damage|p1b: Incineroar|15/100\n|\n|-heal|p1a: Corviknight|49/100|[from] item: Leftovers\n|upkeep\n|turn|10\n|\n|t:|1776436657\n|switch|p1b: Sinistcha|Sinistcha-Masterpiece, L50|36/100\n|-heal|p1a: Corviknight|74/100|[from] ability: Hospitality|[of] p1b: Sinistcha\n|move|p1a: Corviknight|Body Press|p2b: Tyranitar\n|-supereffective|p2b: Tyranitar|2\n|-damage|p2b: Tyranitar|0 fnt\n|faint|p2b: Tyranitar\n|\n|win|aoiharada\n|raw|aoiharada's rating: 1307 &rarr; <strong>1325</strong><br />(+18 for winning)\n|raw|alfacex's rating: 1264 &rarr; <strong>1242</strong><br />(-22 for losing)\n|l|\u2606alfacex\n|player|p2|\n",
  "uploadtime": 1776436666,
  "views": 29,
  "formatid": "gen9championsvgc2026regma",
  "rating": 1242,
  "private": 0,
  "password": null
}