{
  "id": "gen9championsvgc2026regma-2588321109",
  "format": "[Gen 9 Champions] VGC 2026 Reg M-A",
  "players": [
    "jodyisthebest",
    "qubofan"
  ],
  "log": "|j|\u2606jodyisthebest\n|j|\u2606qubofan\n|t:|1776623900\n|gametype|doubles\n|player|p1|jodyisthebest|170|1083\n|player|p2|qubofan|266|1004\n|gen|9\n|tier|[Gen 9 Champions] VGC 2026 Reg M-A\n|rated|\n|rule|Species Clause: Limit one of each Pok\u00e9mon\n|rule|Item Clause: Limit 1 of each item\n|clearpoke\n|poke|p1|Farigiraf, L50, F|\n|poke|p1|Golurk, L50|\n|poke|p1|Sinistcha, L50|\n|poke|p1|Incineroar, L50, F|\n|poke|p1|Kingambit, L50, F|\n|poke|p1|Hatterene, L50, F|\n|poke|p2|Drampa, L50, F|\n|poke|p2|Skarmory, L50, F|\n|poke|p2|Aerodactyl, L50, M|\n|poke|p2|Incineroar, L50, M|\n|poke|p2|Rotom-Wash, L50|\n|poke|p2|Tyranitar, L50, F|\n|teampreview|4\n|inactive|Battle timer is ON: inactive players will automatically lose when time's up. (requested by jodyisthebest)\n|inactive|qubofan has 60 seconds left.\n|\n|t:|1776623934\n|teamsize|p1|4\n|teamsize|p2|4\n|start\n|switch|p1a: Farigiraf|Farigiraf, L50, F|100/100\n|switch|p1b: Incineroar|Incineroar, L50, F|100/100\n|switch|p2a: Incineroar|Incineroar, L50, M|100/100\n|switch|p2b: Rotom|Rotom-Wash, L50|100/100\n|-ability|p2a: Incineroar|Intimidate|boost\n|-unboost|p1a: Farigiraf|atk|1\n|-unboost|p1b: Incineroar|atk|1\n|-ability|p1b: Incineroar|Intimidate|boost\n|-unboost|p2a: Incineroar|atk|1\n|-unboost|p2b: Rotom|atk|1\n|turn|1\n|\n|t:|1776623952\n|move|p1b: Incineroar|Fake Out|p2b: Rotom\n|-damage|p2b: Rotom|91/100\n|cant|p2b: Rotom|flinch\n|move|p2a: Incineroar|Darkest Lariat|p1a: Farigiraf\n|-supereffective|p1a: Farigiraf|1\n|-damage|p1a: Farigiraf|41/100\n|move|p1a: Farigiraf|Trick Room|p1a: Farigiraf\n|-fieldstart|move: Trick Room|[of] p1a: Farigiraf\n|\n|upkeep\n|turn|2\n|\n|t:|1776623964\n|move|p1b: Incineroar|Helping Hand|p1a: Farigiraf\n|-singleturn|p1a: Farigiraf|Helping Hand|[of] p1b: Incineroar\n|move|p1a: Farigiraf|Hyper Voice|p2b: Rotom|[spread] p2a,p2b\n|-damage|p2a: Incineroar|48/100\n|-damage|p2b: Rotom|31/100\n|move|p2a: Incineroar|Darkest Lariat|p1a: Farigiraf\n|-supereffective|p1a: Farigiraf|1\n|-damage|p1a: Farigiraf|0 fnt\n|faint|p1a: Farigiraf\n|move|p2b: Rotom|Hydro Pump|p1b: Incineroar\n|-supereffective|p1b: Incineroar|1\n|-damage|p1b: Incineroar|16/100\n|-enditem|p1b: Incineroar|Sitrus Berry|[eat]\n|-heal|p1b: Incineroar|41/100|[from] item: Sitrus Berry\n|\n|-heal|p2a: Incineroar|54/100|[from] item: Leftovers\n|upkeep\n|\n|t:|1776623971\n|switch|p1a: Golurk|Golurk, L50|100/100\n|turn|3\n|\n|t:|1776623984\n|detailschange|p1a: Golurk|Golurk-Mega, L50\n|-mega|p1a: Golurk|Golurk|Golurkite\n|move|p1a: Golurk|Earthquake|p2a: Incineroar|[spread] p1b,p2a\n|-immune|p2b: Rotom|[from] ability: Levitate\n|-supereffective|p1b: Incineroar|1\n|-supereffective|p2a: Incineroar|1\n|-damage|p1b: Incineroar|0 fnt\n|-damage|p2a: Incineroar|0 fnt\n|faint|p1b: Incineroar\n|faint|p2a: Incineroar\n|move|p2b: Rotom|Hydro Pump|p1a: Golurk\n|-supereffective|p1a: Golurk|1\n|-damage|p1a: Golurk|5/100\n|\n|upkeep\n|\n|t:|1776623995\n|switch|p1b: Kingambit|Kingambit, L50, F|100/100\n|switch|p2a: Tyranitar|Tyranitar, L50, F|100/100\n|-weather|Sandstorm|[from] ability: Sand Stream|[of] p2a: Tyranitar\n|turn|4\n|\n|t:|1776624009\n|move|p1b: Kingambit|Swords Dance|p1b: Kingambit\n|-boost|p1b: Kingambit|atk|2\n|move|p1a: Golurk|Drain Punch|p2a: Tyranitar\n|-supereffective|p2a: Tyranitar|2\n|-crit|p2a: Tyranitar\n|-damage|p2a: Tyranitar|0 fnt\n|-heal|p1a: Golurk|58/100|[from] drain|[of] p2a: Tyranitar\n|faint|p2a: Tyranitar\n|move|p2b: Rotom|Hydro Pump|p1a: Golurk\n|-supereffective|p1a: Golurk|1\n|-damage|p1a: Golurk|0 fnt\n|faint|p1a: Golurk\n|\n|-weather|Sandstorm|[upkeep]\n|-damage|p2b: Rotom|25/100|[from] Sandstorm\n|upkeep\n|\n|t:|1776624021\n|switch|p2a: Skarmory|Skarmory, L50, F|100/100\n|turn|5\n|\n|t:|1776624032\n|move|p1b: Kingambit|Kowtow Cleave|p2a: Skarmory\n|-ability|p2a: Skarmory|Sturdy\n|-damage|p2a: Skarmory|1/100\n|move|p2a: Skarmory|Drill Run|p1b: Kingambit\n|-supereffective|p1b: Kingambit|1\n|-damage|p1b: Kingambit|66/100\n|move|p2b: Rotom|Thunderbolt|p1b: Kingambit\n|-damage|p1b: Kingambit|28/100\n|-status|p1b: Kingambit|par\n|\n|-weather|Sandstorm|[upkeep]\n|-damage|p2b: Rotom|20/100|[from] Sandstorm\n|-fieldend|move: Trick Room\n|upkeep\n|turn|6\n|\n|t:|1776624053\n|move|p1b: Kingambit|Sucker Punch|p2a: Skarmory\n|-damage|p2a: Skarmory|0 fnt\n|faint|p2a: Skarmory\n|move|p2b: Rotom|Thunderbolt|p1b: Kingambit\n|-damage|p1b: Kingambit|0 fnt\n|faint|p1b: Kingambit\n|\n|win|qubofan\n|raw|jodyisthebest's rating: 1083 &rarr; <strong>1056</strong><br />(-27 for losing)\n|raw|qubofan's rating: 1004 &rarr; <strong>1052</strong><br />(+48 for winning)\n",
  "uploadtime": 1776624064,
  "views": 14,
  "formatid": "gen9championsvgc2026regma",
  "rating": 1052,
  "private": 0,
  "password": null
}