{
  "id": "gen9championsvgc2026regma-2584845305",
  "format": "[Gen 9 Champions] VGC 2026 Reg M-A",
  "players": [
    "thealex610",
    "Dwedge"
  ],
  "log": "|j|\u2606thealex610\n|j|\u2606Dwedge\n|t:|1776288145\n|gametype|doubles\n|player|p1|thealex610|101|1078\n|player|p2|Dwedge|artist-gen4|1055\n|gen|9\n|tier|[Gen 9 Champions] VGC 2026 Reg M-A\n|rated|\n|rule|Species Clause: Limit one of each Pok\u00e9mon\n|rule|Item Clause: Limit 1 of each item\n|clearpoke\n|poke|p1|Sneasler, L50, M|\n|poke|p1|Talonflame, L50, F|\n|poke|p1|Milotic, L50, F|\n|poke|p1|Aegislash, L50, F|\n|poke|p1|Scizor, L50, F|\n|poke|p1|Tyranitar, L50, F|\n|poke|p2|Aerodactyl, L50, F|\n|poke|p2|Hydrapple, L50, F|\n|poke|p2|Sinistcha, L50|\n|poke|p2|Alcremie, L50, F|\n|poke|p2|Incineroar, L50, M|\n|poke|p2|Blastoise, L50, F|\n|teampreview|4\n|inactive|Battle timer is ON: inactive players will automatically lose when time's up. (requested by thealex610)\n|\n|t:|1776288167\n|teamsize|p1|4\n|teamsize|p2|4\n|start\n|switch|p1a: Talonflame|Talonflame, L50, F|100/100\n|switch|p1b: Milotic|Milotic, L50, F|100/100\n|switch|p2a: Blastoise|Blastoise, L50, F|100/100\n|switch|p2b: Alcremie|Alcremie, L50, F|100/100\n|turn|1\n|inactive|thealex610 has 30 seconds left.\n|inactive|thealex610 has 20 seconds left.\n|inactive|thealex610 has 15 seconds left.\n|inactive|thealex610 has 10 seconds left.\n|\n|t:|1776288214\n|move|p1a: Talonflame|Brave Bird|p2a: Blastoise\n|-damage|p2a: Blastoise|37/100\n|-damage|p1a: Talonflame|79/100|[from] Recoil\n|move|p2b: Alcremie|Decorate|p2a: Blastoise\n|-boost|p2a: Blastoise|atk|2\n|-boost|p2a: Blastoise|spa|2\n|move|p1b: Milotic|Scald|p2b: Alcremie\n|-damage|p2b: Alcremie|71/100\n|-status|p2b: Alcremie|brn\n|move|p2a: Blastoise|Water Pulse|p1a: Talonflame\n|-supereffective|p1a: Talonflame|1\n|-damage|p1a: Talonflame|0 fnt\n|faint|p1a: Talonflame\n|\n|-damage|p2b: Alcremie|65/100 brn|[from] brn\n|upkeep\n|\n|t:|1776288230\n|switch|p1a: Sneasler|Sneasler, L50, M|100/100\n|turn|2\n|\n|t:|1776288240\n|switch|p2b: Sinistcha|Sinistcha, L50|100/100\n|-heal|p2a: Blastoise|62/100|[from] ability: Hospitality|[of] p2b: Sinistcha\n|move|p2a: Blastoise|Protect|p2a: Blastoise\n|-singleturn|p2a: Blastoise|Protect\n|move|p1a: Sneasler|Fake Out|p2a: Blastoise\n|-activate|p2a: Blastoise|move: Protect\n|move|p1b: Milotic|Icy Wind|p2a: Blastoise|[spread] p2b\n|-activate|p2a: Blastoise|move: Protect\n|-supereffective|p2b: Sinistcha|1\n|-damage|p2b: Sinistcha|80/100\n|-unboost|p2b: Sinistcha|spe|1\n|\n|upkeep\n|turn|3\n|\n|t:|1776288261\n|detailschange|p2a: Blastoise|Blastoise-Mega, L50, F\n|-mega|p2a: Blastoise|Blastoise|Blastoisinite\n|move|p2b: Sinistcha|Rage Powder|p2b: Sinistcha\n|-singleturn|p2b: Sinistcha|move: Rage Powder\n|move|p1a: Sneasler|Dire Claw|p2b: Sinistcha\n|-damage|p2b: Sinistcha|36/100\n|move|p1b: Milotic|Scald|p2b: Sinistcha\n|-resisted|p2b: Sinistcha|1\n|-damage|p2b: Sinistcha|21/100\n|-status|p2b: Sinistcha|brn\n|move|p2a: Blastoise|Water Pulse|p1a: Sneasler\n|-damage|p1a: Sneasler|0 fnt\n|faint|p1a: Sneasler\n|\n|-damage|p2b: Sinistcha|15/100 brn|[from] brn\n|upkeep\n|\n|t:|1776288277\n|switch|p1a: Tyranitar|Tyranitar, L50, F|100/100\n|-weather|Sandstorm|[from] ability: Sand Stream|[of] p1a: Tyranitar\n|turn|4\n|\n|t:|1776288291\n|move|p2b: Sinistcha|Rage Powder|p2b: Sinistcha\n|-singleturn|p2b: Sinistcha|move: Rage Powder\n|move|p1b: Milotic|Icy Wind|p2b: Sinistcha|[spread] p2a,p2b\n|-resisted|p2a: Blastoise|1\n|-supereffective|p2b: Sinistcha|1\n|-damage|p2a: Blastoise|56/100\n|-damage|p2b: Sinistcha|0 fnt\n|-unboost|p2a: Blastoise|spe|1\n|faint|p2b: Sinistcha\n|move|p2a: Blastoise|Water Pulse|p1a: Tyranitar\n|-supereffective|p1a: Tyranitar|1\n|-damage|p1a: Tyranitar|0 fnt\n|faint|p1a: Tyranitar\n|\n|-weather|Sandstorm|[upkeep]\n|-damage|p1b: Milotic|95/100|[from] Sandstorm\n|-damage|p2a: Blastoise|50/100|[from] Sandstorm\n|upkeep\n|\n|t:|1776288296\n|switch|p2b: Alcremie|Alcremie, L50, F|65/100 brn\n|turn|5\n|\n|t:|1776288310\n|move|p2b: Alcremie|Decorate|p2a: Blastoise\n|-boost|p2a: Blastoise|atk|2\n|-boost|p2a: Blastoise|spa|2\n|move|p1b: Milotic|Icy Wind|p2b: Alcremie|[spread] p2a\n|-miss|p1b: Milotic|p2b: Alcremie\n|-resisted|p2a: Blastoise|1\n|-damage|p2a: Blastoise|43/100\n|-unboost|p2a: Blastoise|spe|1\n|move|p2a: Blastoise|Water Pulse|p1b: Milotic\n|-resisted|p1b: Milotic|1\n|-damage|p1b: Milotic|30/100\n|-start|p1b: Milotic|confusion\n|-enditem|p1b: Milotic|Sitrus Berry|[eat]\n|-heal|p1b: Milotic|55/100|[from] item: Sitrus Berry\n|\n|-weather|Sandstorm|[upkeep]\n|-damage|p2b: Alcremie|59/100 brn|[from] Sandstorm\n|-damage|p1b: Milotic|49/100|[from] Sandstorm\n|-damage|p2a: Blastoise|38/100|[from] Sandstorm\n|-damage|p2b: Alcremie|53/100 brn|[from] brn\n|upkeep\n|turn|6\n|\n|t:|1776288328\n|move|p2b: Alcremie|Decorate|p2a: Blastoise\n|-boost|p2a: Blastoise|atk|2\n|-boost|p2a: Blastoise|spa|2\n|-activate|p1b: Milotic|confusion\n|move|p1b: Milotic|Icy Wind|p2b: Alcremie|[spread] p2a,p2b\n|-resisted|p2a: Blastoise|1\n|-damage|p2a: Blastoise|31/100\n|-damage|p2b: Alcremie|42/100 brn\n|-unboost|p2a: Blastoise|spe|1\n|-unboost|p2b: Alcremie|spe|1\n|move|p2a: Blastoise|Water Pulse|p1b: Milotic\n|-resisted|p1b: Milotic|1\n|-damage|p1b: Milotic|0 fnt\n|faint|p1b: Milotic\n|\n|win|Dwedge\n|raw|thealex610's rating: 1078 &rarr; <strong>1055</strong><br />(-23 for losing)\n|raw|Dwedge's rating: 1055 &rarr; <strong>1089</strong><br />(+34 for winning)\n|l|\u2606Dwedge\n|player|p2|\n",
  "uploadtime": 1776288342,
  "views": 21,
  "formatid": "gen9championsvgc2026regma",
  "rating": 1055,
  "private": 0,
  "password": null
}