{
  "id": "gen9championsvgc2026regma-2584999370",
  "format": "[Gen 9 Champions] VGC 2026 Reg M-A",
  "players": [
    "krkarrablast",
    "icefangg"
  ],
  "log": "|j|\u2606krkarrablast\n|j|\u2606icefangg\n|t:|1776302026\n|gametype|doubles\n|player|p1|krkarrablast|shadowtriad|1071\n|player|p2|icefangg|1|1044\n|gen|9\n|tier|[Gen 9 Champions] VGC 2026 Reg M-A\n|rated|\n|rule|Species Clause: Limit one of each Pok\u00e9mon\n|rule|Item Clause: Limit 1 of each item\n|clearpoke\n|poke|p1|Garchomp, L50, F|\n|poke|p1|Tyranitar, L50, F|\n|poke|p1|Clefable, L50, F|\n|poke|p1|Gengar, L50, F|\n|poke|p1|Excadrill, L50, F|\n|poke|p1|Aerodactyl, L50, M|\n|poke|p2|Farigiraf, L50, M|\n|poke|p2|Drampa, L50, M|\n|poke|p2|Incineroar, L50, F|\n|poke|p2|Hatterene, L50, F|\n|poke|p2|Kingambit, L50, F|\n|poke|p2|Torkoal, L50, F|\n|teampreview|4\nicefangg has agreed to open team sheets.\n|\n|t:|1776302074\n|teamsize|p1|4\n|teamsize|p2|4\n|start\n|switch|p1a: Gengar|Gengar, L50, F|100/100\n|switch|p1b: Clefable|Clefable, L50, F|100/100\n|switch|p2a: Farigiraf|Farigiraf, L50, M|100/100\n|switch|p2b: Incineroar|Incineroar, L50, F|100/100\n|-ability|p2b: Incineroar|Intimidate|boost\n|-unboost|p1a: Gengar|atk|1\n|-unboost|p1b: Clefable|atk|1\n|turn|1\n|\n|t:|1776302097\n|detailschange|p1a: Gengar|Gengar-Mega, L50, F\n|-mega|p1a: Gengar|Gengar|Gengarite\n|move|p1b: Clefable|Follow Me|p1b: Clefable\n|-singleturn|p1b: Clefable|move: Follow Me\n|move|p1a: Gengar|Perish Song|p1a: Gengar\n|-start|p1a: Gengar|perish3|[silent]\n|-start|p1b: Clefable|perish3|[silent]\n|-start|p2a: Farigiraf|perish3|[silent]\n|-start|p2b: Incineroar|perish3|[silent]\n|-fieldactivate|move: Perish Song\n|move|p2b: Incineroar|Parting Shot|p1b: Clefable\n|-unboost|p1b: Clefable|atk|1\n|-unboost|p1b: Clefable|spa|1\n|\n|t:|1776302113\n|switch|p2b: Hatterene|Hatterene, L50, F, shiny|100/100|[from] Parting Shot\n|move|p2a: Farigiraf|Trick Room|p2a: Farigiraf\n|-fieldstart|move: Trick Room|[of] p2a: Farigiraf\n|\n|-start|p2a: Farigiraf|perish3\n|-start|p1b: Clefable|perish3\n|-start|p1a: Gengar|perish3\n|upkeep\n|turn|2\n|\n|t:|1776302136\n|move|p1b: Clefable|Protect|p1b: Clefable\n|-singleturn|p1b: Clefable|Protect\n|move|p1a: Gengar|Protect|p1a: Gengar\n|-singleturn|p1a: Gengar|Protect\n|move|p2b: Hatterene|Psychic|p1a: Gengar\n|-activate|p1a: Gengar|move: Protect\n|move|p2a: Farigiraf|Psychic|p1b: Clefable\n|-activate|p1b: Clefable|move: Protect\n|\n|-start|p2a: Farigiraf|perish2\n|-start|p1b: Clefable|perish2\n|-start|p1a: Gengar|perish2\n|upkeep\n|turn|3\n|\n|t:|1776302194\n|move|p1b: Clefable|Follow Me|p1b: Clefable\n|-singleturn|p1b: Clefable|move: Follow Me\n|move|p2b: Hatterene|Psychic|p1b: Clefable\n|-damage|p1b: Clefable|52/100\n|move|p2a: Farigiraf|Psychic|p1b: Clefable\n|-damage|p1b: Clefable|14/100\n|move|p1a: Gengar|Sludge Wave|p2b: Hatterene|[spread] p1b,p2a,p2b\n|-supereffective|p1b: Clefable|1\n|-supereffective|p2b: Hatterene|1\n|-damage|p1b: Clefable|0 fnt\n|-damage|p2a: Farigiraf|62/100\n|-damage|p2b: Hatterene|12/100\n|faint|p1b: Clefable\n|\n|-start|p2a: Farigiraf|perish1\n|-start|p1a: Gengar|perish1\n|upkeep\n|inactive|Battle timer is ON: inactive players will automatically lose when time's up. (requested by icefangg)\n|\n|t:|1776302210\n|switch|p1b: Garchomp|Garchomp, L50, F|100/100\n|turn|4\n|\n|t:|1776302218\n|switch|p1a: Tyranitar|Tyranitar, L50, F|100/100\n|-weather|Sandstorm|[from] ability: Sand Stream|[of] p1a: Tyranitar\n|move|p1b: Garchomp|Protect|p1b: Garchomp\n|-singleturn|p1b: Garchomp|Protect\n|move|p2b: Hatterene|Dazzling Gleam|p1a: Tyranitar|[spread] p1a\n|-activate|p1b: Garchomp|move: Protect\n|-supereffective|p1a: Tyranitar|1\n|-damage|p1a: Tyranitar|66/100\n|move|p2a: Farigiraf|Psychic|p1a: Tyranitar\n|-immune|p1a: Tyranitar\n|\n|-weather|Sandstorm|[upkeep]\n|-damage|p2b: Hatterene|7/100|[from] Sandstorm\n|-damage|p2a: Farigiraf|56/100|[from] Sandstorm\n|-heal|p1a: Tyranitar|72/100|[from] item: Leftovers\n|-start|p2a: Farigiraf|perish0\n|faint|p2a: Farigiraf\n|upkeep\n|\n|t:|1776302236\n|switch|p2a: Drampa|Drampa, L50, M|100/100\n|turn|5\n|inactive|krkarrablast has 30 seconds left.\n|\n|t:|1776302262\n|switch|p1b: Gengar|Gengar-Mega, L50, F|100/100\n|detailschange|p2a: Drampa|Drampa-Mega, L50, M\n|-mega|p2a: Drampa|Drampa|Drampanite\n|move|p1a: Tyranitar|Protect|p1a: Tyranitar\n|-singleturn|p1a: Tyranitar|Protect\n|move|p2b: Hatterene|Dazzling Gleam|p1a: Tyranitar|[spread] p1b\n|-activate|p1a: Tyranitar|move: Protect\n|-resisted|p1b: Gengar|1\n|-damage|p1b: Gengar|77/100\n|move|p2a: Drampa|Dragon Pulse|p1b: Gengar\n|-damage|p1b: Gengar|11/100\n|\n|-weather|Sandstorm|[upkeep]\n|-damage|p2b: Hatterene|1/100|[from] Sandstorm\n|-damage|p2a: Drampa|95/100|[from] Sandstorm\n|-damage|p1b: Gengar|5/100|[from] Sandstorm\n|-heal|p1a: Tyranitar|77/100|[from] item: Leftovers\n|-fieldend|move: Trick Room\n|upkeep\n|turn|6\n|inactive|krkarrablast has 30 seconds left.\n|inactive|icefangg has 30 seconds left.\n|inactive|icefangg has 20 seconds left.\n|\n|t:|1776302298\n|move|p1a: Tyranitar|Protect||[still]\n|-fail|p1a: Tyranitar\n|move|p1b: Gengar|Sludge Wave|p2a: Drampa|[spread] p1a,p2a,p2b\n|-resisted|p1a: Tyranitar|1\n|-crit|p2a: Drampa\n|-supereffective|p2b: Hatterene|1\n|-damage|p1a: Tyranitar|70/100\n|-damage|p2a: Drampa|49/100\n|-damage|p2b: Hatterene|0 fnt\n|faint|p2b: Hatterene\n|-ability|p2a: Drampa|Berserk|boost\n|-boost|p2a: Drampa|spa|1\n|move|p2a: Drampa|Dragon Pulse|p1a: Tyranitar\n|-damage|p1a: Tyranitar|34/100\n|\n|-weather|Sandstorm|[upkeep]\n|-damage|p1b: Gengar|0 fnt|[from] Sandstorm\n|-damage|p2a: Drampa|43/100|[from] Sandstorm\n|faint|p1b: Gengar\n|-heal|p1a: Tyranitar|40/100|[from] item: Leftovers\n|upkeep\n|\n|t:|1776302315\n|switch|p1b: Garchomp|Garchomp, L50, F|100/100\n|switch|p2b: Incineroar|Incineroar, L50, F|100/100\n|-ability|p2b: Incineroar|Intimidate|boost\n|-unboost|p1a: Tyranitar|atk|1\n|-unboost|p1b: Garchomp|atk|1\n|turn|7\n|\n|t:|1776302326\n|move|p2b: Incineroar|Fake Out|p1b: Garchomp\n|-damage|p1b: Garchomp|90/100\n|cant|p1b: Garchomp|flinch\n|move|p1a: Tyranitar|Rock Slide|p2b: Incineroar|[spread] p2a,p2b\n|-supereffective|p2b: Incineroar|1\n|-damage|p2a: Drampa|28/100\n|-damage|p2b: Incineroar|70/100\n|move|p2a: Drampa|Earth Power|p1a: Tyranitar\n|-supereffective|p1a: Tyranitar|1\n|-damage|p1a: Tyranitar|0 fnt\n|faint|p1a: Tyranitar\n|\n|-weather|Sandstorm|[upkeep]\n|-damage|p2b: Incineroar|64/100|[from] Sandstorm\n|-damage|p2a: Drampa|22/100|[from] Sandstorm\n|upkeep\n|turn|8\n|inactive|krkarrablast has 30 seconds left.\n|inactive|icefangg has 30 seconds left.\n|\n|t:|1776302356\n|move|p1b: Garchomp|Draco Meteor|p2a: Drampa\n|-supereffective|p2a: Drampa|1\n|-damage|p2a: Drampa|0 fnt\n|-unboost|p1b: Garchomp|spa|2\n|faint|p2a: Drampa\n|move|p2b: Incineroar|Flare Blitz|p1b: Garchomp|[miss]\n|-miss|p2b: Incineroar|p1b: Garchomp\n|\n|-weather|none\n|upkeep\n|turn|9\n|\n|t:|1776302366\n|move|p1b: Garchomp|Stomping Tantrum|p2b: Incineroar\n|-supereffective|p2b: Incineroar|1\n|-damage|p2b: Incineroar|22/100\n|-enditem|p2b: Incineroar|Sitrus Berry|[eat]\n|-heal|p2b: Incineroar|47/100|[from] item: Sitrus Berry\n|move|p2b: Incineroar|Flare Blitz|p1b: Garchomp\n|-resisted|p1b: Garchomp|1\n|-damage|p1b: Garchomp|67/100\n|-damage|p2b: Incineroar|40/100|[from] Recoil\n|\n|upkeep\n|turn|10\n|\n|t:|1776302377\n|move|p1b: Garchomp|Stomping Tantrum|p2b: Incineroar\n|-supereffective|p2b: Incineroar|1\n|-damage|p2b: Incineroar|0 fnt\n|faint|p2b: Incineroar\n|\n|win|krkarrablast\n|raw|krkarrablast's rating: 1071 &rarr; <strong>1098</strong><br />(+27 for winning)\n|raw|icefangg's rating: 1044 &rarr; <strong>1029</strong><br />(-15 for losing)\n",
  "uploadtime": 1776302377,
  "views": 15,
  "formatid": "gen9championsvgc2026regma",
  "rating": 1029,
  "private": 0,
  "password": null
}