{
  "id": "gen9championsvgc2026regma-2588167068",
  "format": "[Gen 9 Champions] VGC 2026 Reg M-A",
  "players": [
    "masterzeroomc",
    "Avoertioloko5"
  ],
  "log": "|j|\u2606masterzeroomc\n|j|\u2606Avoertioloko5\n|t:|1776610871\n|gametype|doubles\n|player|p1|masterzeroomc|red|1357\n|player|p2|Avoertioloko5|shadowtriad|1424\n|gen|9\n|tier|[Gen 9 Champions] VGC 2026 Reg M-A\n|rated|\n|rule|Species Clause: Limit one of each Pok\u00e9mon\n|rule|Item Clause: Limit 1 of each item\n|clearpoke\n|poke|p1|Charizard, L50, F|\n|poke|p1|Sneasler, L50, M|\n|poke|p1|Meganium, L50, M|\n|poke|p1|Incineroar, L50, M|\n|poke|p1|Sinistcha, L50|\n|poke|p1|Whimsicott, L50, M|\n|poke|p2|Gardevoir, L50, F, shiny|\n|poke|p2|Kingambit, L50, M, shiny|\n|poke|p2|Maushold-Four, L50|\n|poke|p2|Basculegion, L50, M, shiny|\n|poke|p2|Talonflame, L50, M|\n|poke|p2|Garchomp, L50, M|\n|teampreview|4\n|inactive|Battle timer is ON: inactive players will automatically lose when time's up. (requested by masterzeroomc)\n|inactive|masterzeroomc has 60 seconds left.\n|\n|t:|1776610915\n|teamsize|p1|4\n|teamsize|p2|4\n|start\n|switch|p1a: Sneasler|Sneasler, L50, M|100/100\n|switch|p1b: Whimsicott|Whimsicott, L50, M|100/100\n|switch|p2a: Garchomp|Garchomp, L50, M|100/100\n|switch|p2b: Talonflame|Talonflame, L50, M|100/100\n|turn|1\n|\n|t:|1776610940\n|move|p2b: Talonflame|Protect|p2b: Talonflame\n|-singleturn|p2b: Talonflame|Protect\n|move|p1b: Whimsicott|Tailwind|p1b: Whimsicott\n|-sidestart|p1: masterzeroomc|move: Tailwind\n|move|p1a: Sneasler|Close Combat|p2a: Garchomp\n|-damage|p2a: Garchomp|35/100\n|-unboost|p1a: Sneasler|def|1\n|-unboost|p1a: Sneasler|spd|1\n|-damage|p1a: Sneasler|88/100|[from] ability: Rough Skin|[of] p2a: Garchomp\n|-enditem|p1a: Sneasler|White Herb\n|-clearnegativeboost|p1a: Sneasler|[silent]\n|move|p2a: Garchomp|Earthquake|p1b: Whimsicott|[spread] p1a,p1b\n|-activate|p2b: Talonflame|move: Protect\n|-supereffective|p1a: Sneasler|1\n|-resisted|p1b: Whimsicott|1\n|-damage|p1a: Sneasler|0 fnt\n|-damage|p1b: Whimsicott|78/100\n|faint|p1a: Sneasler\n|\n|upkeep\n|\n|t:|1776610950\n|switch|p1a: Incineroar|Incineroar, L50, M|100/100\n|-ability|p1a: Incineroar|Intimidate|boost\n|-unboost|p2a: Garchomp|atk|1\n|-unboost|p2b: Talonflame|atk|1\n|-enditem|p2a: Garchomp|White Herb\n|-clearnegativeboost|p2a: Garchomp|[silent]\n|turn|2\n|\n|t:|1776610971\n|move|p1a: Incineroar|Fake Out|p2b: Talonflame\n|-damage|p2b: Talonflame|80/100\n|move|p1b: Whimsicott|Moonblast|p2a: Garchomp\n|-supereffective|p2a: Garchomp|1\n|-damage|p2a: Garchomp|0 fnt\n|faint|p2a: Garchomp\n|cant|p2b: Talonflame|flinch\n|\n|upkeep\n|\n|t:|1776610977\n|switch|p2a: Elowen|Gardevoir, L50, F, shiny|100/100\n|turn|3\n|\n|t:|1776610995\n|move|p2a: Elowen|Protect|p2a: Elowen\n|-singleturn|p2a: Elowen|Protect\n|move|p1b: Whimsicott|Encore|p2b: Talonflame\n|-start|p2b: Talonflame|Encore\n|move|p2b: Talonflame|Protect|p2b: Talonflame\n|-singleturn|p2b: Talonflame|Protect\n|move|p1a: Incineroar|Flare Blitz|p2a: Elowen\n|-activate|p2a: Elowen|move: Protect\n|\n|upkeep\n|turn|4\n|\n|t:|1776611016\n|switch|p2a: Maushold|Maushold-Four, L50|100/100\n|move|p2b: Talonflame|Protect|p2b: Talonflame\n|-singleturn|p2b: Talonflame|Protect\n|move|p1b: Whimsicott|Moonblast|p2a: Maushold\n|-damage|p2a: Maushold|68/100\n|move|p1a: Incineroar|Flare Blitz|p2a: Maushold\n|-damage|p2a: Maushold|0 fnt\n|faint|p2a: Maushold\n|-damage|p1a: Incineroar|80/100|[from] Recoil\n|\n|-sideend|p1: masterzeroomc|move: Tailwind\n|upkeep\n|\n|t:|1776611031\n|switch|p2a: Elowen|Gardevoir, L50, F, shiny|100/100\n|turn|5\n|\n|t:|1776611041\n|detailschange|p2a: Elowen|Gardevoir-Mega, L50, F, shiny\n|-mega|p2a: Elowen|Gardevoir|Gardevoirite\n|move|p2b: Talonflame|Protect|p2b: Talonflame\n|-singleturn|p2b: Talonflame|Protect\n|move|p1b: Whimsicott|Tailwind|p1b: Whimsicott\n|-sidestart|p1: masterzeroomc|move: Tailwind\n|move|p1a: Incineroar|Darkest Lariat|p2b: Talonflame\n|-activate|p2b: Talonflame|move: Protect\n|move|p2a: Elowen|Hyper Voice|p1b: Whimsicott|[spread] p1a,p1b\n|-damage|p1a: Incineroar|25/100\n|-damage|p1b: Whimsicott|25/100\n|-enditem|p1a: Incineroar|Sitrus Berry|[eat]\n|-heal|p1a: Incineroar|50/100|[from] item: Sitrus Berry\n|\n|-end|p2b: Talonflame|Encore\n|upkeep\n|turn|6\n|\n|t:|1776611062\n|move|p1b: Whimsicott|Encore|p2b: Talonflame\n|-start|p2b: Talonflame|Encore\n|move|p2b: Talonflame|Protect||[still]\n|-fail|p2b: Talonflame\n|move|p1a: Incineroar|Flare Blitz|p2a: Elowen\n|-damage|p2a: Elowen|9/100\n|-damage|p1a: Incineroar|24/100|[from] Recoil\n|move|p2a: Elowen|Hyper Voice|p1b: Whimsicott|[spread] p1a,p1b\n|-damage|p1a: Incineroar|0 fnt\n|-damage|p1b: Whimsicott|0 fnt\n|faint|p1a: Incineroar\n|faint|p1b: Whimsicott\n|\n|upkeep\n|\n|t:|1776611070\n|switch|p1b: Meganium|Meganium, L50, M|100/100\n|turn|7\n|c|\u2606Avoertioloko5|U are disgusting with the fuckings encores\n|\n|t:|1776611086\n|detailschange|p1b: Meganium|Meganium-Mega, L50, M\n|-mega|p1b: Meganium|Meganium|Meganiumite\n|move|p2b: Talonflame|Protect|p2b: Talonflame\n|-singleturn|p2b: Talonflame|Protect\n|move|p2a: Elowen|Protect|p2a: Elowen\n|-singleturn|p2a: Elowen|Protect\n|move|p1b: Meganium|Dazzling Gleam|p2b: Talonflame|[spread] \n|-activate|p2a: Elowen|move: Protect\n|-activate|p2b: Talonflame|move: Protect\n|\n|upkeep\n|turn|8\n|\n|t:|1776611100\n|move|p2b: Talonflame|Protect||[still]\n|-fail|p2b: Talonflame\n|move|p1b: Meganium|Dazzling Gleam|p2b: Talonflame|[spread] p2a,p2b\n|-resisted|p2b: Talonflame|1\n|-damage|p2a: Elowen|0 fnt\n|-damage|p2b: Talonflame|51/100\n|faint|p2a: Elowen\n|\n|-end|p2b: Talonflame|Encore\n|-sideend|p1: masterzeroomc|move: Tailwind\n|upkeep\n|turn|9\n|\n|t:|1776611115\n|move|p2b: Talonflame|Acrobatics|p1b: Meganium\n|-supereffective|p1b: Meganium|1\n|-damage|p1b: Meganium|51/100\n|move|p1b: Meganium|Dazzling Gleam|p2b: Talonflame\n|-resisted|p2b: Talonflame|1\n|-damage|p2b: Talonflame|11/100\n|\n|upkeep\n|turn|10\n|\n|t:|1776611127\n|move|p2b: Talonflame|Acrobatics|p1b: Meganium\n|-supereffective|p1b: Meganium|1\n|-damage|p1b: Meganium|3/100\n|move|p1b: Meganium|Dazzling Gleam|p2b: Talonflame\n|-resisted|p2b: Talonflame|1\n|-crit|p2b: Talonflame\n|-damage|p2b: Talonflame|0 fnt\n|faint|p2b: Talonflame\n|\n|win|masterzeroomc\n",
  "uploadtime": 1776611076,
  "views": 6,
  "formatid": "gen9championsvgc2026regma",
  "rating": null,
  "private": 0,
  "password": null
}