{
  "id": "gen9championsvgc2026regma-2588927508",
  "format": "[Gen 9 Champions] VGC 2026 Reg M-A",
  "players": [
    "OHC Yuki",
    "randomn1ck"
  ],
  "log": "|j|\u2606OHC Yuki\n|j|\u2606randomn1ck\n|t:|1776686675\n|gametype|doubles\n|player|p1|OHC Yuki|iono|1370\n|player|p2|randomn1ck|169|1422\n|gen|9\n|tier|[Gen 9 Champions] VGC 2026 Reg M-A\n|rated|\n|rule|Species Clause: Limit one of each Pok\u00e9mon\n|rule|Item Clause: Limit 1 of each item\n|clearpoke\n|poke|p1|Froslass, L50, F, shiny|\n|poke|p1|Palafin, L50, F|\n|poke|p1|Sinistcha-Masterpiece, L50|\n|poke|p1|Kingambit, L50, F, shiny|\n|poke|p1|Sneasler, L50, F|\n|poke|p1|Rotom-Heat, L50, shiny|\n|poke|p2|Feraligatr, L50, M, shiny|\n|poke|p2|Gardevoir, L50, F, shiny|\n|poke|p2|Sinistcha, L50, shiny|\n|poke|p2|Sneasler, L50, M, shiny|\n|poke|p2|Kingambit, L50, M, shiny|\n|poke|p2|Talonflame, L50, M, shiny|\n|teampreview|4\n|inactive|Battle timer is ON: inactive players will automatically lose when time's up. (requested by randomn1ck)\n|inactive|OHC Yuki has 60 seconds left.\n|inactive|randomn1ck has 60 seconds left.\n|\n|t:|1776686710\n|teamsize|p1|4\n|teamsize|p2|4\n|start\n|switch|p1a: Froslass|Froslass, L50, F, shiny|100/100\n|switch|p1b: Sneasler|Sneasler, L50, F|100/100\n|switch|p2a: Gardevoir|Gardevoir, L50, F, shiny|100/100\n|switch|p2b: Talonflame|Talonflame, L50, M, shiny|100/100\n|turn|1\n|\n|t:|1776686727\n|detailschange|p1a: Froslass|Froslass-Mega, L50, F, shiny\n|-mega|p1a: Froslass|Froslass|Froslassite\n|-weather|Snowscape|[from] ability: Snow Warning|[of] p1a: Froslass\n|detailschange|p2a: Gardevoir|Gardevoir-Mega, L50, F, shiny\n|-mega|p2a: Gardevoir|Gardevoir|Gardevoirite\n|move|p2b: Talonflame|Protect|p2b: Talonflame\n|-singleturn|p2b: Talonflame|Protect\n|move|p1b: Sneasler|Fake Out|p2b: Talonflame\n|-activate|p2b: Talonflame|move: Protect\n|move|p1a: Froslass|Aurora Veil|p1a: Froslass\n|-sidestart|p1: OHC Yuki|move: Aurora Veil\n|move|p2a: Gardevoir|Trick Room|p2a: Gardevoir\n|-fieldstart|move: Trick Room|[of] p2a: Gardevoir\n|\n|-weather|Snowscape|[upkeep]\n|upkeep\n|turn|2\n|inactive|OHC Yuki has 30 seconds left.\n|\n|t:|1776686753\n|move|p2b: Talonflame|Brave Bird|p1b: Sneasler\n|-supereffective|p1b: Sneasler|1\n|-damage|p1b: Sneasler|3/100\n|-damage|p2b: Talonflame|68/100|[from] Recoil\n|move|p2a: Gardevoir|Hyper Voice|p1a: Froslass|[spread] p1a,p1b\n|-damage|p1a: Froslass|62/100\n|-damage|p1b: Sneasler|0 fnt\n|faint|p1b: Sneasler\n|move|p1a: Froslass|Blizzard|p2a: Gardevoir|[spread] p2a,p2b\n|-damage|p2a: Gardevoir|62/100\n|-damage|p2b: Talonflame|0 fnt\n|faint|p2b: Talonflame\n|\n|-weather|Snowscape|[upkeep]\n|upkeep\n|\n|t:|1776686767\n|switch|p1b: Sinistcha|Sinistcha-Masterpiece, L50|100/100\n|switch|p2b: Kingambit|Kingambit, L50, M, shiny|100/100\n|-heal|p1a: Froslass|86/100|[from] ability: Hospitality|[of] p1b: Sinistcha\n|turn|3\n|inactive|OHC Yuki has 30 seconds left.\n|\n|t:|1776686793\n|move|p1b: Sinistcha|Protect|p1b: Sinistcha\n|-singleturn|p1b: Sinistcha|Protect\n|move|p2a: Gardevoir|Protect|p2a: Gardevoir\n|-singleturn|p2a: Gardevoir|Protect\n|move|p2b: Kingambit|Kowtow Cleave|p1b: Sinistcha\n|-activate|p1b: Sinistcha|move: Protect\n|move|p1a: Froslass|Blizzard|p2a: Gardevoir|[spread] p2b\n|-activate|p2a: Gardevoir|move: Protect\n|-resisted|p2b: Kingambit|1\n|-damage|p2b: Kingambit|79/100\n|\n|-weather|Snowscape|[upkeep]\n|upkeep\n|turn|4\n|inactive|OHC Yuki has 30 seconds left.\n|inactive|OHC Yuki has 20 seconds left.\n|\n|t:|1776686830\n|move|p1b: Sinistcha|Rage Powder|p1b: Sinistcha\n|-singleturn|p1b: Sinistcha|move: Rage Powder\n|move|p2b: Kingambit|Kowtow Cleave|p1b: Sinistcha\n|-supereffective|p1b: Sinistcha|1\n|-damage|p1b: Sinistcha|46/100\n|-enditem|p1b: Sinistcha|Sitrus Berry|[eat]\n|-heal|p1b: Sinistcha|71/100|[from] item: Sitrus Berry\n|move|p2a: Gardevoir|Hyper Voice|p1b: Sinistcha|[spread] p1a,p1b\n|-damage|p1a: Froslass|48/100\n|-damage|p1b: Sinistcha|36/100\n|move|p1a: Froslass|Shadow Ball|p2a: Gardevoir\n|-supereffective|p2a: Gardevoir|1\n|-damage|p2a: Gardevoir|0 fnt\n|faint|p2a: Gardevoir\n|\n|-weather|Snowscape|[upkeep]\n|upkeep\n|\n|t:|1776686833\n|switch|p2a: Sneasler|Sneasler, L50, M, shiny|100/100\n|turn|5\n|inactive|OHC Yuki has 30 seconds left.\n|\n|t:|1776686867\n|move|p2a: Sneasler|Protect|p2a: Sneasler\n|-singleturn|p2a: Sneasler|Protect\n|move|p1b: Sinistcha|Rage Powder|p1b: Sinistcha\n|-singleturn|p1b: Sinistcha|move: Rage Powder\n|move|p2b: Kingambit|Kowtow Cleave|p1b: Sinistcha\n|-supereffective|p1b: Sinistcha|1\n|-damage|p1b: Sinistcha|0 fnt\n|faint|p1b: Sinistcha\n|move|p1a: Froslass|Blizzard|p2b: Kingambit|[spread] p2b\n|-activate|p2a: Sneasler|move: Protect\n|-resisted|p2b: Kingambit|1\n|-damage|p2b: Kingambit|57/100\n|\n|-weather|none\n|-sideend|p1: OHC Yuki|move: Aurora Veil\n|-fieldend|move: Trick Room\n|upkeep\n|inactive|OHC Yuki has 30 seconds left.\n|\n|t:|1776686896\n|switch|p1b: Rotom|Rotom-Heat, L50, shiny|100/100\n|turn|6\n|\n|t:|1776686909\n|move|p1a: Froslass|Protect|p1a: Froslass\n|-singleturn|p1a: Froslass|Protect\n|move|p2b: Kingambit|Protect|p2b: Kingambit\n|-singleturn|p2b: Kingambit|Protect\n|move|p1b: Rotom|Overheat|p2b: Kingambit\n|-activate|p2b: Kingambit|move: Protect\n|move|p2a: Sneasler|Dire Claw|p1b: Rotom\n|-damage|p1b: Rotom|48/100\n|-status|p1b: Rotom|psn|[from] ability: Poison Touch|[of] p2a: Sneasler\n|\n|-damage|p1b: Rotom|36/100 psn|[from] psn\n|upkeep\n|turn|7\n|\n|t:|1776686931\n|move|p1a: Froslass|Protect||[still]\n|-fail|p1a: Froslass\n|move|p2b: Kingambit|Sucker Punch||[still]\n|-fail|p2b: Kingambit\n|move|p1b: Rotom|Overheat|p2b: Kingambit\n|-supereffective|p2b: Kingambit|1\n|-damage|p2b: Kingambit|0 fnt\n|-unboost|p1b: Rotom|spa|2\n|faint|p2b: Kingambit\n|move|p2a: Sneasler|Dire Claw|p1b: Rotom\n|-damage|p1b: Rotom|0 fnt\n|faint|p1b: Rotom\n|\n|upkeep\n|turn|8\n|\n|t:|1776686947\n|move|p2a: Sneasler|Dire Claw|p1a: Froslass\n|-resisted|p1a: Froslass|1\n|-damage|p1a: Froslass|20/100\n|move|p1a: Froslass|Blizzard|p2a: Sneasler\n|-damage|p2a: Sneasler|11/100\n|\n|upkeep\n|turn|9\n|\n|t:|1776686955\n|move|p2a: Sneasler|Dire Claw|p1a: Froslass\n|-resisted|p1a: Froslass|1\n|-damage|p1a: Froslass|0 fnt\n|faint|p1a: Froslass\n|\n|win|randomn1ck\n|raw|OHC Yuki's rating: 1370 &rarr; <strong>1353</strong><br />(-17 for losing)\n|raw|randomn1ck's rating: 1422 &rarr; <strong>1439</strong><br />(+17 for winning)\n",
  "uploadtime": 1776686957,
  "views": 7,
  "formatid": "gen9championsvgc2026regma",
  "rating": 1353,
  "private": 0,
  "password": null
}