{
  "id": "gen9championsvgc2026regma-2583961455",
  "format": "[Gen 9 Champions] VGC 2026 Reg M-A",
  "players": [
    "Stirfry12",
    "idkwat2nam"
  ],
  "log": "|j|\u2606Stirfry12\n|j|\u2606idkwat2nam\n|t:|1776212093\n|gametype|doubles\n|player|p1|Stirfry12|169|1101\n|player|p2|idkwat2nam|266|1018\n|gen|9\n|tier|[Gen 9 Champions] VGC 2026 Reg M-A\n|rated|\n|rule|Species Clause: Limit one of each Pok\u00e9mon\n|rule|Item Clause: Limit 1 of each item\n|clearpoke\n|poke|p1|Garchomp, L50, M|\n|poke|p1|Sneasler, L50, F|\n|poke|p1|Pelipper, L50, F|\n|poke|p1|Whimsicott, L50, F|\n|poke|p1|Archaludon, L50, F|\n|poke|p1|Greninja-*, L50, M|\n|poke|p2|Alakazam, L50, M|\n|poke|p2|Gengar, L50, M|\n|poke|p2|Dragapult, L50, F|\n|poke|p2|Hatterene, L50, F|\n|poke|p2|Abomasnow, L50, M|\n|poke|p2|Absol, L50, F|\n|teampreview|4\n|\n|t:|1776212115\n|teamsize|p1|4\n|teamsize|p2|4\n|start\n|switch|p1a: Whimsicott|Whimsicott, L50, F|100/100\n|switch|p1b: Sneasler|Sneasler, L50, F|100/100\n|switch|p2a: Alakazam|Alakazam, L50, M|100/100\n|switch|p2b: Gengar|Gengar, L50, M|100/100\n|turn|1\n|\n|t:|1776212133\n|detailschange|p2a: Alakazam|Alakazam-Mega, L50, M\n|-mega|p2a: Alakazam|Alakazam|Alakazite\n|-ability|p2a: Alakazam|Poison Touch|Trace|[from] ability: Trace|[of] p1b: Sneasler\n|move|p1b: Sneasler|Fake Out|p2a: Alakazam\n|-crit|p2a: Alakazam\n|-damage|p2a: Alakazam|57/100\n|-status|p2a: Alakazam|psn|[from] ability: Poison Touch|[of] p1b: Sneasler\n|move|p1a: Whimsicott|Tailwind|p1a: Whimsicott\n|-sidestart|p1: Stirfry12|move: Tailwind\n|cant|p2a: Alakazam|flinch\n|move|p2b: Gengar|Round|p1a: Whimsicott\n|-damage|p1a: Whimsicott|61/100\n|\n|-damage|p2a: Alakazam|45/100 psn|[from] psn\n|upkeep\n|turn|2\n|\n|t:|1776212153\n|move|p1a: Whimsicott|Dazzling Gleam|p2b: Gengar|[spread] p2a,p2b\n|-resisted|p2b: Gengar|1\n|-damage|p2a: Alakazam|24/100 psn\n|-damage|p2b: Gengar|89/100\n|-start|p1a: Whimsicott|Disable|Dazzling Gleam|[from] ability: Cursed Body|[of] p2b: Gengar\n|move|p1b: Sneasler|Dire Claw|p2a: Alakazam\n|-damage|p2a: Alakazam|0 fnt\n|faint|p2a: Alakazam\n|move|p2b: Gengar|Round|p1a: Whimsicott\n|-damage|p1a: Whimsicott|20/100\n|\n|upkeep\n|\n|t:|1776212162\n|switch|p2a: Hatterene|Hatterene, L50, F|100/100\n|turn|3\n|\n|t:|1776212178\n|switch|p1a: Archaludon|Archaludon, L50, F|100/100\n|move|p1b: Sneasler|Dire Claw|p2a: Hatterene\n|-supereffective|p2a: Hatterene|1\n|-damage|p2a: Hatterene|0 fnt\n|faint|p2a: Hatterene\n|move|p2b: Gengar|Round|p1a: Archaludon\n|-resisted|p1a: Archaludon|1\n|-damage|p1a: Archaludon|82/100\n|-ability|p1a: Archaludon|Stamina|boost\n|-boost|p1a: Archaludon|def|1\n|\n|-heal|p1a: Archaludon|88/100|[from] item: Leftovers\n|upkeep\n|\n|t:|1776212184\n|switch|p2a: Dragapult|Dragapult, L50, F|100/100\n|turn|4\n|\n|t:|1776212200\n|move|p1b: Sneasler|Dire Claw|p2a: Dragapult\n|-resisted|p2a: Dragapult|1\n|-damage|p2a: Dragapult|70/100\n|move|p1a: Archaludon|Dragon Pulse|p2b: Gengar\n|-damage|p2b: Gengar|26/100\n|-start|p1a: Archaludon|Disable|Dragon Pulse|[from] ability: Cursed Body|[of] p2b: Gengar\n|move|p2a: Dragapult|Round|p1a: Archaludon\n|-resisted|p1a: Archaludon|1\n|-damage|p1a: Archaludon|75/100\n|-ability|p1a: Archaludon|Stamina|boost\n|-boost|p1a: Archaludon|def|1\n|move|p2b: Gengar|Round|p1a: Archaludon|[from] move: Round\n|-resisted|p1a: Archaludon|1\n|-damage|p1a: Archaludon|42/100\n|-ability|p1a: Archaludon|Stamina|boost\n|-boost|p1a: Archaludon|def|1\n|\n|-heal|p1a: Archaludon|48/100|[from] item: Leftovers\n|-sideend|p1: Stirfry12|move: Tailwind\n|upkeep\n|turn|5\n|\n|t:|1776212223\n|move|p2a: Dragapult|Round|p1a: Archaludon\n|-resisted|p1a: Archaludon|1\n|-damage|p1a: Archaludon|36/100\n|-ability|p1a: Archaludon|Stamina|boost\n|-boost|p1a: Archaludon|def|1\n|move|p2b: Gengar|Round|p1a: Archaludon|[from] move: Round\n|-resisted|p1a: Archaludon|1\n|-damage|p1a: Archaludon|1/100\n|-ability|p1a: Archaludon|Stamina|boost\n|-boost|p1a: Archaludon|def|1\n|move|p1b: Sneasler|Dire Claw|p2a: Dragapult\n|-resisted|p2a: Dragapult|1\n|-damage|p2a: Dragapult|37/100\n|move|p1a: Archaludon|Electro Shot||[still]\n|-prepare|p1a: Archaludon|Electro Shot\n|-boost|p1a: Archaludon|spa|1\n|\n|-heal|p1a: Archaludon|7/100|[from] item: Leftovers\n|upkeep\n|turn|6\n|\n|t:|1776212243\n|move|p2a: Dragapult|Round|p1a: Archaludon\n|-resisted|p1a: Archaludon|1\n|-damage|p1a: Archaludon|0 fnt\n|faint|p1a: Archaludon\n|move|p2b: Gengar|Round|p1b: Sneasler|[from] move: Round\n|-damage|p1b: Sneasler|21/100\n|move|p1b: Sneasler|Dire Claw|p2b: Gengar\n|-resisted|p2b: Gengar|2\n|-damage|p2b: Gengar|8/100\n|-start|p1b: Sneasler|Disable|Dire Claw|[from] ability: Cursed Body|[of] p2b: Gengar\n|\n|upkeep\n|\n|t:|1776212255\n|switch|p1a: Greninja|Greninja, L50, M|100/100\n|turn|7\n|\n|t:|1776212264\n|switch|p1b: Whimsicott|Whimsicott, L50, F|20/100\n|detailschange|p1a: Greninja|Greninja-Mega, L50, M\n|-mega|p1a: Greninja|Greninja|Greninjite\n|move|p1a: Greninja|Night Slash|p2a: Dragapult\n|-start|p1a: Greninja|typechange|Dark|[from] ability: Protean\n|-supereffective|p2a: Dragapult|1\n|-crit|p2a: Dragapult\n|-damage|p2a: Dragapult|0 fnt\n|faint|p2a: Dragapult\n|move|p2b: Gengar|Round|p1a: Greninja\n|-damage|p1a: Greninja|58/100\n|\n|upkeep\n|turn|8\n|\n|t:|1776212280\n|move|p1a: Greninja|Night Slash|p2b: Gengar\n|-supereffective|p2b: Gengar|1\n|-damage|p2b: Gengar|0 fnt\n|faint|p2b: Gengar\n|\n|win|Stirfry12\n|raw|Stirfry12's rating: 1101 &rarr; <strong>1120</strong><br />(+19 for winning)\n|raw|idkwat2nam's rating: 1018 &rarr; <strong>1008</strong><br />(-10 for losing)\n|l|\u2606idkwat2nam\n|player|p2|\n",
  "uploadtime": 1776212294,
  "views": 49,
  "formatid": "gen9championsvgc2026regma",
  "rating": 1008,
  "private": 0,
  "password": null
}