{
  "id": "gen9championsvgc2026regma-2584823583",
  "format": "[Gen 9 Champions] VGC 2026 Reg M-A",
  "players": [
    "Mulegator12",
    "Felicina1234"
  ],
  "log": "|j|\u2606Mulegator12\n|j|\u2606Felicina1234\n|t:|1776286389\n|gametype|doubles\n|player|p1|Mulegator12|266|1204\n|player|p2|Felicina1234|1|1160\n|gen|9\n|tier|[Gen 9 Champions] VGC 2026 Reg M-A\n|rated|\n|rule|Species Clause: Limit one of each Pok\u00e9mon\n|rule|Item Clause: Limit 1 of each item\n|clearpoke\n|poke|p1|Scizor, L50, M|\n|poke|p1|Gardevoir, L50, M|\n|poke|p1|Milotic, L50, F|\n|poke|p1|Talonflame, L50, F|\n|poke|p1|Lopunny, L50, M|\n|poke|p1|Garchomp, L50, M|\n|poke|p2|Gyarados, L50, M|\n|poke|p2|Venusaur, L50, F|\n|poke|p2|Torkoal, L50, M|\n|poke|p2|Farigiraf, L50, M|\n|poke|p2|Kingambit, L50, M|\n|poke|p2|Sneasler, L50, F|\n|teampreview|4\n|inactive|Battle timer is ON: inactive players will automatically lose when time's up. (requested by Mulegator12)\n|\n|t:|1776286421\n|teamsize|p1|4\n|teamsize|p2|4\n|start\n|switch|p1a: Scizor|Scizor, L50, M|100/100\n|switch|p1b: Lopunny|Lopunny, L50, M|100/100\n|switch|p2a: Venusaur|Venusaur, L50, F|100/100\n|switch|p2b: Torkoal|Torkoal, L50, M|100/100\n|-weather|SunnyDay|[from] ability: Drought|[of] p2b: Torkoal\n|turn|1\n|inactive|Felicina1234 has 30 seconds left.\n|\n|t:|1776286447\n|switch|p2b: Gyarados|Gyarados, L50, M|100/100\n|-ability|p2b: Gyarados|Intimidate|boost\n|-unboost|p1a: Scizor|atk|1\n|-unboost|p1b: Lopunny|atk|1\n|detailschange|p1b: Lopunny|Lopunny-Mega, L50, M\n|-mega|p1b: Lopunny|Lopunny|Lopunnite\n|move|p1b: Lopunny|Fake Out|p2b: Gyarados\n|-crit|p2b: Gyarados\n|-damage|p2b: Gyarados|75/100\n|move|p2a: Venusaur|Weather Ball|p1a: Scizor\n|-supereffective|p1a: Scizor|2\n|-damage|p1a: Scizor|0 fnt\n|faint|p1a: Scizor\n|\n|-weather|SunnyDay|[upkeep]\n|-heal|p2b: Gyarados|81/100|[from] item: Leftovers\n|upkeep\n|\n|t:|1776286458\n|switch|p1a: Milotic|Milotic, L50, F|100/100\n|turn|2\n|inactive|Felicina1234 has 30 seconds left.\n|\n|t:|1776286487\n|move|p2a: Venusaur|Solar Beam||[still]\n|-prepare|p2a: Venusaur|Solar Beam\n|-anim|p2a: Venusaur|Solar Beam|p1b: Lopunny\n|-damage|p1b: Lopunny|47/100\n|move|p1b: Lopunny|Triple Axel|p2a: Venusaur\n|-supereffective|p2a: Venusaur|1\n|-damage|p2a: Venusaur|90/100\n|-supereffective|p2a: Venusaur|1\n|-damage|p2a: Venusaur|69/100\n|-supereffective|p2a: Venusaur|1\n|-damage|p2a: Venusaur|40/100\n|-hitcount|p2a: Venusaur|3\n|move|p1a: Milotic|Coil|p1a: Milotic\n|-boost|p1a: Milotic|atk|1\n|-boost|p1a: Milotic|def|1\n|-boost|p1a: Milotic|accuracy|1\n|move|p2b: Gyarados|Waterfall|p1b: Lopunny\n|-damage|p1b: Lopunny|23/100\n|\n|-weather|SunnyDay|[upkeep]\n|-heal|p2b: Gyarados|87/100|[from] item: Leftovers\n|upkeep\n|turn|3\n|inactive|Mulegator12 has 30 seconds left.\n|inactive|Felicina1234 has 30 seconds left.\n|\n|t:|1776286514\n|switch|p1b: Garchomp|Garchomp, L50, M|100/100\n|move|p2a: Venusaur|Solar Beam||[still]\n|-prepare|p2a: Venusaur|Solar Beam\n|-anim|p2a: Venusaur|Solar Beam|p1a: Milotic\n|-supereffective|p1a: Milotic|1\n|-damage|p1a: Milotic|46/100\n|-enditem|p1a: Milotic|Sitrus Berry|[eat]\n|-heal|p1a: Milotic|71/100|[from] item: Sitrus Berry\n|move|p1a: Milotic|Hypnosis|p2a: Venusaur\n|-status|p2a: Venusaur|slp|[from] move: Hypnosis\n|move|p2b: Gyarados|Waterfall|p1b: Garchomp\n|-damage|p1b: Garchomp|83/100\n|-damage|p2b: Gyarados|74/100|[from] ability: Rough Skin|[of] p1b: Garchomp\n|\n|-weather|SunnyDay|[upkeep]\n|-heal|p2b: Gyarados|80/100|[from] item: Leftovers\n|upkeep\n|turn|4\n|inactive|Felicina1234 has 30 seconds left.\n|\n|t:|1776286545\n|cant|p2a: Venusaur|slp\n|move|p1b: Garchomp|Rock Slide|p2b: Gyarados|[spread] p2a,p2b\n|-supereffective|p2b: Gyarados|1\n|-damage|p2a: Venusaur|20/100 slp\n|-damage|p2b: Gyarados|46/100\n|move|p1a: Milotic|Life Dew|p1a: Milotic|[spread] p1a,p1b\n|-heal|p1a: Milotic|96/100\n|-heal|p1b: Garchomp|100/100\n|move|p2b: Gyarados|Taunt|p1a: Milotic\n|-start|p1a: Milotic|move: Taunt\n|\n|-weather|SunnyDay|[upkeep]\n|-heal|p2b: Gyarados|51/100|[from] item: Leftovers\n|upkeep\n|turn|5\n|\n|t:|1776286570\n|cant|p2a: Venusaur|slp\n|move|p1b: Garchomp|Rock Slide|p2b: Gyarados|[spread] p2a,p2b\n|-supereffective|p2b: Gyarados|1\n|-damage|p2a: Venusaur|1/100 slp\n|-damage|p2b: Gyarados|18/100\n|move|p1a: Milotic|Muddy Water|p2a: Venusaur|[spread] p2a,p2b\n|-resisted|p2a: Venusaur|1\n|-resisted|p2b: Gyarados|1\n|-damage|p2a: Venusaur|0 fnt\n|-damage|p2b: Gyarados|12/100\n|faint|p2a: Venusaur\n|move|p2b: Gyarados|Waterfall|p1b: Garchomp\n|-damage|p1b: Garchomp|81/100\n|-damage|p2b: Gyarados|0 fnt|[from] ability: Rough Skin|[of] p1b: Garchomp\n|faint|p2b: Gyarados\n|\n|-weather|none\n|upkeep\n|\n|t:|1776286587\n|switch|p2b: Sneasler|Sneasler, L50, F|100/100\n|switch|p2a: Torkoal|Torkoal, L50, M|100/100\n|-weather|SunnyDay|[from] ability: Drought|[of] p2a: Torkoal\n|turn|6\n|\n|t:|1776286598\n|move|p1b: Garchomp|Protect|p1b: Garchomp\n|-singleturn|p1b: Garchomp|Protect\n|move|p2b: Sneasler|Fake Out|p1b: Garchomp\n|-activate|p1b: Garchomp|move: Protect\n|move|p1a: Milotic|Muddy Water|p2a: Torkoal|[spread] p2a,p2b\n|-supereffective|p2a: Torkoal|1\n|-damage|p2a: Torkoal|72/100\n|-damage|p2b: Sneasler|85/100\n|-unboost|p2b: Sneasler|accuracy|1\n|move|p2a: Torkoal|Eruption|p1b: Garchomp|[spread] p1a\n|-activate|p1b: Garchomp|move: Protect\n|-resisted|p1a: Milotic|1\n|-damage|p1a: Milotic|78/100\n|\n|-weather|SunnyDay|[upkeep]\n|upkeep\n|turn|7\n|\n|t:|1776286617\n|move|p2b: Sneasler|Dire Claw|p1b: Garchomp\n|-resisted|p1b: Garchomp|1\n|-damage|p1b: Garchomp|58/100\n|-damage|p2b: Sneasler|72/100|[from] ability: Rough Skin|[of] p1b: Garchomp\n|move|p1b: Garchomp|Stomping Tantrum|p2a: Torkoal\n|-supereffective|p2a: Torkoal|1\n|-damage|p2a: Torkoal|8/100\n|move|p1a: Milotic|Muddy Water|p2b: Sneasler|[spread] p2a,p2b\n|-supereffective|p2a: Torkoal|1\n|-damage|p2a: Torkoal|0 fnt\n|-damage|p2b: Sneasler|57/100\n|faint|p2a: Torkoal\n|\n|-weather|SunnyDay|[upkeep]\n|-end|p1a: Milotic|move: Taunt\n|upkeep\n|turn|8\n|-message|Felicina1234 forfeited.\n|\n|win|Mulegator12\n|raw|Mulegator12's rating: 1204 &rarr; <strong>1226</strong><br />(+22 for winning)\n|raw|Felicina1234's rating: 1160 &rarr; <strong>1138</strong><br />(-22 for losing)\n|l|\u2606Felicina1234\n|player|p2|\n",
  "uploadtime": 1776286633,
  "views": 34,
  "formatid": "gen9championsvgc2026regma",
  "rating": 1138,
  "private": 0,
  "password": null
}