{
  "id": "gen9championsvgc2026regma-2586644019",
  "format": "[Gen 9 Champions] VGC 2026 Reg M-A",
  "players": [
    "FernandaXP",
    "4Test4"
  ],
  "log": "|j|\u2606FernandaXP\n|j|\u26064Test4\n|t:|1776449001\n|gametype|doubles\n|player|p1|FernandaXP|boarder|1424\n|player|p2|4Test4|blue|1359\n|gen|9\n|tier|[Gen 9 Champions] VGC 2026 Reg M-A\n|rated|\n|rule|Species Clause: Limit one of each Pok\u00e9mon\n|rule|Item Clause: Limit 1 of each item\n|clearpoke\n|poke|p1|Pelipper, L50, F|\n|poke|p1|Archaludon, L50, M|\n|poke|p1|Sneasler, L50, M|\n|poke|p1|Sinistcha, L50|\n|poke|p1|Drampa, L50, M|\n|poke|p1|Scizor, L50, F|\n|poke|p2|Aegislash, L50, M|\n|poke|p2|Sneasler, L50, F|\n|poke|p2|Incineroar, L50, F|\n|poke|p2|Floette-Eternal, L50, F|\n|poke|p2|Garchomp, L50, M|\n|poke|p2|Aerodactyl, L50, M|\n|teampreview|4\n|\n|t:|1776449033\n|teamsize|p1|4\n|teamsize|p2|4\n|start\n|switch|p1a: Pelipper|Pelipper, L50, F|100/100\n|switch|p1b: Archaludon|Archaludon, L50, M|100/100\n|switch|p2a: Legs|Sneasler, L50, F|100/100\n|switch|p2b: Flowey|Floette-Eternal, L50, F|100/100\n|-weather|RainDance|[from] ability: Drizzle|[of] p1a: Pelipper\n|turn|1\n|inactive|Battle timer is ON: inactive players will automatically lose when time's up. (requested by FernandaXP)\n|\n|t:|1776449055\n|detailschange|p2b: Flowey|Floette-Mega, L50, F\n|-mega|p2b: Flowey|Floette|Floettite\n|-ability|p2b: Flowey|Fairy Aura\n|move|p1a: Pelipper|Protect|p1a: Pelipper\n|-singleturn|p1a: Pelipper|Protect\n|move|p2a: Legs|Fake Out|p1a: Pelipper\n|-activate|p1a: Pelipper|move: Protect\n|move|p2b: Flowey|Calm Mind|p2b: Flowey\n|-boost|p2b: Flowey|spa|1\n|-boost|p2b: Flowey|spd|1\n|move|p1b: Archaludon|Electro Shot||[still]\n|-prepare|p1b: Archaludon|Electro Shot\n|-boost|p1b: Archaludon|spa|1\n|-anim|p1b: Archaludon|Electro Shot|p2a: Legs\n|-damage|p2a: Legs|8/100\n|\n|-weather|RainDance|[upkeep]\n|upkeep\n|turn|2\n|inactive|FernandaXP has 30 seconds left.\n|\n|t:|1776449087\n|move|p2a: Legs|Close Combat|p1b: Archaludon\n|-supereffective|p1b: Archaludon|1\n|-damage|p1b: Archaludon|8/100\n|-unboost|p2a: Legs|def|1\n|-unboost|p2a: Legs|spd|1\n|-ability|p1b: Archaludon|Stamina|boost\n|-boost|p1b: Archaludon|def|1\n|-enditem|p2a: Legs|White Herb\n|-clearnegativeboost|p2a: Legs|[silent]\n|move|p2b: Flowey|Dazzling Gleam|p1a: Pelipper|[spread] p1a,p1b\n|-enditem|p1a: Pelipper|Focus Sash\n|-damage|p1a: Pelipper|1/100\n|-damage|p1b: Archaludon|0 fnt\n|faint|p1b: Archaludon\n|move|p1a: Pelipper|Tailwind|p1a: Pelipper\n|-sidestart|p1: FernandaXP|move: Tailwind\n|\n|-weather|RainDance|[upkeep]\n|upkeep\n|\n|t:|1776449108\n|switch|p1b: Scizor|Scizor, L50, F|100/100\n|turn|3\n|\n|t:|1776449131\n|switch|p2a: Garfield|Incineroar, L50, F|100/100\n|-ability|p2a: Garfield|Intimidate|boost\n|-unboost|p1a: Pelipper|atk|1\n|-unboost|p1b: Scizor|atk|1\n|switch|p1a: Sinistcha|Sinistcha, L50|100/100\n|detailschange|p1b: Scizor|Scizor-Mega, L50, F\n|-mega|p1b: Scizor|Scizor|Scizorite\n|move|p2b: Flowey|Protect|p2b: Flowey\n|-singleturn|p2b: Flowey|Protect\n|move|p1b: Scizor|Iron Head|p2b: Flowey\n|-activate|p2b: Flowey|move: Protect\n|\n|-weather|RainDance|[upkeep]\n|upkeep\n|turn|4\n|c|\u26064Test4|Iron Head\n|inactive|4Test4 has 30 seconds left.\n|\n|t:|1776449157\n|move|p1b: Scizor|Protect|p1b: Scizor\n|-singleturn|p1b: Scizor|Protect\n|move|p2a: Garfield|Fake Out|p1b: Scizor\n|-activate|p1b: Scizor|move: Protect\n|move|p1a: Sinistcha|Matcha Gotcha|p2a: Garfield|[spread] p2a,p2b\n|-resisted|p2a: Garfield|1\n|-damage|p2a: Garfield|92/100\n|-damage|p2b: Flowey|87/100\n|-status|p2b: Flowey|brn\n|move|p2b: Flowey|Moonblast|p1a: Sinistcha\n|-damage|p1a: Sinistcha|0 fnt\n|faint|p1a: Sinistcha\n|\n|-weather|RainDance|[upkeep]\n|-damage|p2b: Flowey|81/100 brn|[from] brn\n|upkeep\n|\n|t:|1776449175\n|switch|p1a: Pelipper|Pelipper, L50, F|1/100\n|turn|5\n|\n|t:|1776449187\n|switch|p2a: Tuba|Garchomp, L50, M|100/100\n|move|p2b: Flowey|Protect|p2b: Flowey\n|-singleturn|p2b: Flowey|Protect\n|move|p1a: Pelipper|Weather Ball|p2a: Tuba\n|-damage|p2a: Tuba|42/100\n|move|p1b: Scizor|Bug Bite|p2a: Tuba\n|-damage|p2a: Tuba|7/100\n|-damage|p1b: Scizor|88/100|[from] ability: Rough Skin|[of] p2a: Tuba\n|\n|-weather|none\n|-damage|p2b: Flowey|75/100 brn|[from] brn\n|-sideend|p1: FernandaXP|move: Tailwind\n|upkeep\n|turn|6\n|\n|t:|1776449206\n|switch|p2b: Garfield|Incineroar, L50, F|92/100\n|-ability|p2b: Garfield|Intimidate|boost\n|-unboost|p1a: Pelipper|atk|1\n|-unboost|p1b: Scizor|atk|1\n|move|p2a: Tuba|Breaking Swipe|p1a: Pelipper|[spread] p1a,p1b\n|-resisted|p1b: Scizor|1\n|-damage|p1a: Pelipper|0 fnt\n|-damage|p1b: Scizor|78/100\n|-unboost|p1b: Scizor|atk|1\n|faint|p1a: Pelipper\n|move|p1b: Scizor|Iron Head|p2b: Garfield\n|-resisted|p2b: Garfield|1\n|-damage|p2b: Garfield|83/100\n|\n|upkeep\n|turn|7\n|\n|t:|1776449228\n|move|p2b: Garfield|Fake Out|p1b: Scizor\n|-resisted|p1b: Scizor|1\n|-damage|p1b: Scizor|74/100\n|move|p2a: Tuba|Breaking Swipe|p1b: Scizor\n|-resisted|p1b: Scizor|1\n|-damage|p1b: Scizor|62/100\n|-unboost|p1b: Scizor|atk|1\n|cant|p1b: Scizor|flinch\n|\n|upkeep\n|turn|8\n|\n|t:|1776449245\n|move|p2a: Tuba|Breaking Swipe|p1b: Scizor\n|-resisted|p1b: Scizor|1\n|-damage|p1b: Scizor|46/100\n|-unboost|p1b: Scizor|atk|1\n|move|p1b: Scizor|Iron Head|p2a: Tuba\n|-damage|p2a: Tuba|0 fnt\n|-damage|p1b: Scizor|34/100|[from] ability: Rough Skin|[of] p2a: Tuba\n|faint|p2a: Tuba\n|move|p2b: Garfield|Flare Blitz|p1b: Scizor\n|-supereffective|p1b: Scizor|2\n|-damage|p1b: Scizor|0 fnt\n|faint|p1b: Scizor\n|-damage|p2b: Garfield|73/100|[from] Recoil\n|\n|win|4Test4\n|raw|FernandaXP's rating: 1424 &rarr; <strong>1400</strong><br />(-24 for losing)\n|raw|4Test4's rating: 1359 &rarr; <strong>1383</strong><br />(+24 for winning)\n|c|\u26064Test4|Gg\n|c|\u2606FernandaXP|Gg\n|c|\u26064Test4|Are you br\u00f7\n|c|\u2606FernandaXP|Floette is such a monster\n|c|\u2606FernandaXP|What?\n|c|\u26064Test4|Are you BR? (Brazilian)\n|c|\u2606FernandaXP|Spanish haha\n|c|\u26064Test4|Oh\n|c|\u26064Test4|Por que tu usas Iron Head?\n|c|\u2606FernandaXP|Masoquismo\n|c|\u26064Test4|Kkkk\n|c|\u2606FernandaXP|Deberia ponerle bullet (igual)\n|c|\u26064Test4|Seria melhor nessa partida\n|c|\u2606FernandaXP|True\n|c|\u2606FernandaXP|Gl buddy\n|c|\u26064Test4|See ya\n|l|\u26064Test4\n|player|p2|\n|j|\u26064Test4\n|player|p2|4Test4|blue|\n",
  "uploadtime": 1776449588,
  "views": 49,
  "formatid": "gen9championsvgc2026regma",
  "rating": 1383,
  "private": 0,
  "password": null
}