{
  "id": "gen9championsvgc2026regma-2580810425",
  "format": "[Gen 9 Champions] VGC 2026 Reg M-A",
  "players": [
    "Markysio3",
    "TerraFunny"
  ],
  "log": "|j|\u2606Markysio3\n|j|\u2606TerraFunny\n|t:|1775934332\n|gametype|doubles\n|player|p1|Markysio3|101|1104\n|player|p2|TerraFunny|101|1177\n|gen|9\n|tier|[Gen 9 Champions] VGC 2026 Reg M-A\n|rated|\n|rule|Species Clause: Limit one of each Pok\u00e9mon\n|rule|Item Clause: Limit 1 of each item\n|clearpoke\n|poke|p1|Arcanine, L50, M|\n|poke|p1|Rotom-Wash, L50|\n|poke|p1|Garchomp, L50, F|\n|poke|p1|Venusaur, L50, F|\n|poke|p1|Corviknight, L50, F|\n|poke|p1|Sneasler, L50, M|\n|poke|p2|Glimmora, L50, M|\n|poke|p2|Orthworm, L50, F|\n|poke|p2|Garchomp, L50, F|\n|poke|p2|Talonflame, L50, M|\n|poke|p2|Primarina, L50, M|\n|poke|p2|Gardevoir, L50, M|\n|teampreview|4\n|inactive|Battle timer is ON: inactive players will automatically lose when time's up. (requested by TerraFunny)\n|inactive|TerraFunny has 60 seconds left.\n|\n|t:|1775934381\n|teamsize|p1|4\n|teamsize|p2|4\n|start\n|switch|p1a: Corviknight|Corviknight, L50, F|100/100\n|switch|p1b: Garchomp|Garchomp, L50, F|100/100\n|switch|p2a: Orthworm|Orthworm, L50, F|100/100\n|switch|p2b: Garchomp|Garchomp, L50, F|100/100\n|turn|1\n|\n|t:|1775934404\n|move|p1b: Garchomp|Protect|p1b: Garchomp\n|-singleturn|p1b: Garchomp|Protect\n|move|p2b: Garchomp|Rock Slide|p1a: Corviknight|[spread] p1a\n|-activate|p1b: Garchomp|move: Protect\n|-crit|p1a: Corviknight\n|-damage|p1a: Corviknight|76/100\n|move|p1a: Corviknight|Tailwind|p1a: Corviknight\n|-sidestart|p1: Markysio3|move: Tailwind\n|move|p2a: Orthworm|Shed Tail|p2a: Orthworm\n|-start|p2a: Orthworm|Substitute|[from] move: Shed Tail\n|-damage|p2a: Orthworm|50/100\n|-enditem|p2a: Orthworm|Sitrus Berry|[eat]\n|-heal|p2a: Orthworm|75/100|[from] item: Sitrus Berry\n|\n|t:|1775934413\n|switch|p2a: Glimmora|Glimmora, L50, M|100/100|[from] Shed Tail\n|\n|-heal|p1a: Corviknight|81/100|[from] item: Leftovers\n|upkeep\n|turn|2\n|inactive|TerraFunny has 30 seconds left.\n|inactive|TerraFunny has 20 seconds left.\n|inactive|TerraFunny has 15 seconds left.\n|inactive|TerraFunny has 10 seconds left.\n|\n|t:|1775934460\n|switch|p2b: Orthworm|Orthworm, L50, F|75/100\n|move|p2a: Glimmora|Protect|p2a: Glimmora\n|-singleturn|p2a: Glimmora|Protect\n|move|p1b: Garchomp|Dragon Claw|p2b: Orthworm\n|-resisted|p2b: Orthworm|1\n|-damage|p2b: Orthworm|63/100\n|move|p1a: Corviknight|Iron Head|p2a: Glimmora\n|-activate|p2a: Glimmora|move: Protect\n|\n|-heal|p1a: Corviknight|87/100|[from] item: Leftovers\n|upkeep\n|turn|3\n|inactive|Markysio3 has 30 seconds left.\n|inactive|TerraFunny has 30 seconds left.\n|inactive|TerraFunny has 20 seconds left.\n|inactive|TerraFunny has 15 seconds left.\n|\n|t:|1775934503\n|detailschange|p2a: Glimmora|Glimmora-Mega, L50, M\n|-mega|p2a: Glimmora|Glimmora|Glimmoranite\n|move|p1b: Garchomp|Dragon Claw|p2a: Glimmora\n|-end|p2a: Glimmora|Substitute\n|move|p1a: Corviknight|Iron Head|p2a: Glimmora\n|-supereffective|p2a: Glimmora|1\n|-damage|p2a: Glimmora|35/100\n|move|p2a: Glimmora|Power Gem|p1a: Corviknight\n|-damage|p1a: Corviknight|38/100\n|move|p2b: Orthworm|Shed Tail|p2b: Orthworm\n|-start|p2b: Orthworm|Substitute|[from] move: Shed Tail\n|-damage|p2b: Orthworm|13/100\n|\n|t:|1775934517\n|switch|p2b: Talonflame|Talonflame, L50, M|100/100|[from] Shed Tail\n|\n|-heal|p1a: Corviknight|43/100|[from] item: Leftovers\n|upkeep\n|turn|4\n|inactive|Markysio3 has 30 seconds left.\n|inactive|TerraFunny has 30 seconds left.\n|inactive|Markysio3 has 20 seconds left.\n|inactive|TerraFunny has 20 seconds left.\n|inactive|Markysio3 has 15 seconds left.\n|inactive|TerraFunny has 15 seconds left.\n|inactive|Markysio3 has 10 seconds left.\n|inactive|TerraFunny has 10 seconds left.\n|\n|t:|1775934568\n|move|p2a: Glimmora|Protect|p2a: Glimmora\n|-singleturn|p2a: Glimmora|Protect\n|move|p2b: Talonflame|Tailwind|p2b: Talonflame\n|-sidestart|p2: TerraFunny|move: Tailwind\n|move|p1b: Garchomp|Dragon Claw|p2a: Glimmora\n|-activate|p2a: Glimmora|move: Protect\n|move|p1a: Corviknight|Iron Head|p2a: Glimmora\n|-activate|p2a: Glimmora|move: Protect\n|\n|-heal|p1a: Corviknight|49/100|[from] item: Leftovers\n|-sideend|p1: Markysio3|move: Tailwind\n|upkeep\n|turn|5\n|inactive|Markysio3 has 30 seconds left.\n|\n|t:|1775934593\n|move|p1a: Corviknight|Protect|p1a: Corviknight\n|-singleturn|p1a: Corviknight|Protect\n|move|p2b: Talonflame|Brave Bird|p1b: Garchomp\n|-damage|p1b: Garchomp|45/100\n|-damage|p2b: Talonflame|88/100|[from] ability: Rough Skin|[of] p1b: Garchomp\n|-damage|p2b: Talonflame|66/100|[from] Recoil\n|move|p2a: Glimmora|Power Gem|p1a: Corviknight\n|-activate|p1a: Corviknight|move: Protect\n|move|p1b: Garchomp|Dragon Claw|p2a: Glimmora\n|-damage|p2a: Glimmora|0 fnt\n|faint|p2a: Glimmora\n|\n|-heal|p1a: Corviknight|55/100|[from] item: Leftovers\n|upkeep\n|\n|t:|1775934613\n|switch|p2a: Garchomp|Garchomp, L50, F|100/100\n|turn|6\n|inactive|Markysio3 has 30 seconds left.\n|\n|t:|1775934642\n|move|p1b: Garchomp|Protect|p1b: Garchomp\n|-singleturn|p1b: Garchomp|Protect\n|move|p2b: Talonflame|Brave Bird|p1b: Garchomp\n|-activate|p1b: Garchomp|move: Protect\n|move|p2a: Garchomp|Swords Dance|p2a: Garchomp\n|-boost|p2a: Garchomp|atk|2\n|move|p1a: Corviknight|Tailwind|p1a: Corviknight\n|-sidestart|p1: Markysio3|move: Tailwind\n|\n|-heal|p1a: Corviknight|61/100|[from] item: Leftovers\n|upkeep\n|turn|7\n|inactive|Markysio3 has 30 seconds left.\n|inactive|TerraFunny has 30 seconds left.\n|\n|t:|1775934672\n|move|p2b: Talonflame|Flare Blitz|p1a: Corviknight\n|-supereffective|p1a: Corviknight|1\n|-damage|p1a: Corviknight|0 fnt\n|faint|p1a: Corviknight\n|-damage|p2b: Talonflame|39/100|[from] Recoil\n|move|p1b: Garchomp|Dragon Claw|p2a: Garchomp\n|-supereffective|p2a: Garchomp|1\n|-damage|p2a: Garchomp|25/100\n|-damage|p1b: Garchomp|32/100|[from] ability: Rough Skin|[of] p2a: Garchomp\n|move|p2a: Garchomp|Earthquake|p1b: Garchomp|[spread] p1b\n|-immune|p2b: Talonflame\n|-damage|p1b: Garchomp|0 fnt\n|faint|p1b: Garchomp\n|\n|-sideend|p2: TerraFunny|move: Tailwind\n|upkeep\n|\n|t:|1775934691\n|switch|p1b: Rotom|Rotom-Wash, L50|100/100\n|switch|p1a: Sneasler|Sneasler, L50, M|100/100\n|turn|8\n|\n|t:|1775934706\n|move|p2b: Talonflame|Protect|p2b: Talonflame\n|-singleturn|p2b: Talonflame|Protect\n|move|p2a: Garchomp|Protect|p2a: Garchomp\n|-singleturn|p2a: Garchomp|Protect\n|move|p1a: Sneasler|Fake Out|p2a: Garchomp\n|-activate|p2a: Garchomp|move: Protect\n|move|p1b: Rotom|Thunderbolt|p2b: Talonflame\n|-activate|p2b: Talonflame|move: Protect\n|\n|upkeep\n|turn|9\n|inactive|TerraFunny has 30 seconds left.\n|inactive|TerraFunny has 20 seconds left.\n|\n|t:|1775934745\n|switch|p2a: Orthworm|Orthworm, L50, F|13/100\n|move|p1b: Rotom|Thunderbolt|p2b: Talonflame\n|-supereffective|p2b: Talonflame|1\n|-end|p2b: Talonflame|Substitute\n|move|p1a: Sneasler|Close Combat|p2a: Orthworm\n|-supereffective|p2a: Orthworm|1\n|-damage|p2a: Orthworm|0 fnt\n|-unboost|p1a: Sneasler|def|1\n|-unboost|p1a: Sneasler|spd|1\n|faint|p2a: Orthworm\n|move|p2b: Talonflame|Tailwind|p2b: Talonflame\n|-sidestart|p2: TerraFunny|move: Tailwind\n|\n|-sideend|p1: Markysio3|move: Tailwind\n|upkeep\n|\n|t:|1775934753\n|switch|p2a: Garchomp|Garchomp, L50, F|25/100\n|turn|10\n|inactive|TerraFunny has 30 seconds left.\n|\n|t:|1775934779\n|move|p2b: Talonflame|Brave Bird|p1b: Rotom\n|-resisted|p1b: Rotom|1\n|-damage|p1b: Rotom|64/100\n|-damage|p2b: Talonflame|30/100|[from] Recoil\n|move|p2a: Garchomp|Rock Slide|p1a: Sneasler|[spread] p1a,p1b\n|-resisted|p1a: Sneasler|1\n|-damage|p1a: Sneasler|78/100\n|-damage|p1b: Rotom|39/100\n|move|p1b: Rotom|Thunderbolt|p2b: Talonflame\n|-supereffective|p2b: Talonflame|1\n|-damage|p2b: Talonflame|0 fnt\n|faint|p2b: Talonflame\n|cant|p1a: Sneasler|flinch\n|\n|upkeep\n|turn|11\n|\n|t:|1775934799\n|move|p2a: Garchomp|Earthquake|p1b: Rotom|[spread] p1a\n|-immune|p1b: Rotom|[from] ability: Levitate\n|-supereffective|p1a: Sneasler|1\n|-damage|p1a: Sneasler|0 fnt\n|faint|p1a: Sneasler\n|move|p1b: Rotom|Thunderbolt|p2a: Garchomp\n|-immune|p2a: Garchomp\n|\n|upkeep\n|turn|12\n|-message|Markysio3 forfeited.\n|\n|win|TerraFunny\n|raw|Markysio3's rating: 1104 &rarr; <strong>1084</strong><br />(-20 for losing)\n|raw|TerraFunny's rating: 1177 &rarr; <strong>1197</strong><br />(+20 for winning)\n|l|\u2606Markysio3\n|player|p1|\n",
  "uploadtime": 1775934818,
  "views": 17,
  "formatid": "gen9championsvgc2026regma",
  "rating": 1084,
  "private": 0,
  "password": null
}