{
  "id": "gen9championsvgc2026regma-2581632043",
  "format": "[Gen 9 Champions] VGC 2026 Reg M-A",
  "players": [
    "vnunesp12",
    "lollall"
  ],
  "log": "|j|\u2606vnunesp12\n|j|\u2606lollall\n|t:|1776016591\n|gametype|doubles\n|player|p1|vnunesp12|red|1130\n|player|p2|lollall|170|1072\n|gen|9\n|tier|[Gen 9 Champions] VGC 2026 Reg M-A\n|rated|\n|rule|Species Clause: Limit one of each Pok\u00e9mon\n|rule|Item Clause: Limit 1 of each item\n|clearpoke\n|poke|p1|Manectric, L50, F|\n|poke|p1|Pelipper, L50, F|\n|poke|p1|Sinistcha, L50|\n|poke|p1|Basculegion, L50, M|\n|poke|p1|Sneasler, L50, F|\n|poke|p1|Kingambit, L50, F|\n|poke|p2|Delphox, L50, M|\n|poke|p2|Garchomp, L50, M|\n|poke|p2|Incineroar, L50, M|\n|poke|p2|Sneasler, L50, F|\n|poke|p2|Floette-Eternal, L50, F|\n|poke|p2|Kingambit, L50, F|\n|teampreview|4\n|inactive|Battle timer is ON: inactive players will automatically lose when time's up. (requested by vnunesp12)\n|\n|t:|1776016625\n|teamsize|p1|4\n|teamsize|p2|4\n|start\n|switch|p1a: Pulga|Sneasler, L50, F|100/100\n|switch|p1b: Jean Lucas|Basculegion, L50, M|100/100\n|switch|p2a: Floette|Floette-Eternal, L50, F|100/100\n|switch|p2b: Incineroar|Incineroar, L50, M|100/100\n|-ability|p2b: Incineroar|Intimidate|boost\n|-unboost|p1a: Pulga|atk|1\n|-unboost|p1b: Jean Lucas|atk|1\n|-enditem|p1a: Pulga|White Herb\n|-clearnegativeboost|p1a: Pulga|[silent]\n|turn|1\n|inactive|vnunesp12 has 30 seconds left.\n|\n|t:|1776016657\n|detailschange|p2a: Floette|Floette-Mega, L50, F\n|-mega|p2a: Floette|Floette|Floettite\n|-ability|p2a: Floette|Fairy Aura\n|move|p2a: Floette|Protect|p2a: Floette\n|-singleturn|p2a: Floette|Protect\n|move|p1a: Pulga|Fake Out|p2b: Incineroar\n|-damage|p2b: Incineroar|85/100\n|cant|p2b: Incineroar|flinch\n|move|p1b: Jean Lucas|Flip Turn|p2a: Floette\n|-activate|p2a: Floette|move: Protect\n|\n|-heal|p2b: Incineroar|90/100|[from] item: Leftovers\n|upkeep\n|turn|2\n|inactive|lollall has 30 seconds left.\n|inactive|lollall has 20 seconds left.\n|inactive|lollall has 15 seconds left.\n|inactive|lollall has 10 seconds left.\n|\n|t:|1776016705\n|move|p1a: Pulga|Dire Claw|p2a: Floette\n|-supereffective|p2a: Floette|1\n|-damage|p2a: Floette|0 fnt\n|faint|p2a: Floette\n|move|p1b: Jean Lucas|Flip Turn|p2b: Incineroar\n|-supereffective|p2b: Incineroar|1\n|-damage|p2b: Incineroar|54/100\n|\n|t:|1776016717\n|switch|p1b: Luciano Juba|Manectric, L50, F|100/100|[from] Flip Turn\n|move|p2b: Incineroar|Parting Shot|p1a: Pulga\n|-unboost|p1a: Pulga|atk|1\n|-unboost|p1a: Pulga|spa|1\n|\n|t:|1776016726\n|switch|p2b: Sneasler|Sneasler, L50, F|100/100|[from] Parting Shot\n|\n|upkeep\n|\n|t:|1776016729\n|switch|p2a: Incineroar|Incineroar, L50, M|54/100\n|-ability|p2a: Incineroar|Intimidate|boost\n|-unboost|p1a: Pulga|atk|1\n|-unboost|p1b: Luciano Juba|atk|1\n|turn|3\n|\n|t:|1776016751\n|detailschange|p1b: Luciano Juba|Manectric-Mega, L50, F\n|-mega|p1b: Luciano Juba|Manectric|Manectite\n|-ability|p1b: Luciano Juba|Intimidate|boost\n|-unboost|p2a: Incineroar|atk|1\n|-unboost|p2b: Sneasler|atk|1\n|-enditem|p2b: Sneasler|White Herb\n|-clearnegativeboost|p2b: Sneasler|[silent]\n|move|p1a: Pulga|Protect|p1a: Pulga\n|-singleturn|p1a: Pulga|Protect\n|move|p1b: Luciano Juba|Protect|p1b: Luciano Juba\n|-singleturn|p1b: Luciano Juba|Protect\n|move|p2b: Sneasler|Fake Out|p1b: Luciano Juba\n|-activate|p1b: Luciano Juba|move: Protect\n|move|p2a: Incineroar|Parting Shot|p1b: Luciano Juba\n|-activate|p1b: Luciano Juba|move: Protect\n|\n|-heal|p2a: Incineroar|60/100|[from] item: Leftovers\n|upkeep\n|turn|4\n|inactive|vnunesp12 has 30 seconds left.\n|inactive|lollall has 30 seconds left.\n|inactive|vnunesp12 has 20 seconds left.\n|inactive|lollall has 20 seconds left.\n|inactive|vnunesp12 has 15 seconds left.\n|inactive|lollall has 15 seconds left.\n|\n|t:|1776016795\n|switch|p1a: Jean Lucas|Basculegion, L50, M|100/100\n|move|p2b: Sneasler|Dire Claw|p1b: Luciano Juba\n|-damage|p1b: Luciano Juba|40/100\n|move|p1b: Luciano Juba|Volt Switch|p2a: Incineroar\n|-damage|p2a: Incineroar|10/100\n|\n|t:|1776016807\n|switch|p1b: \u00c9verton Ribeiro|Pelipper, L50, F|100/100|[from] Volt Switch\n|-weather|RainDance|[from] ability: Drizzle|[of] p1b: \u00c9verton Ribeiro\n|move|p2a: Incineroar|Throat Chop|p1b: \u00c9verton Ribeiro\n|-damage|p1b: \u00c9verton Ribeiro|70/100\n|-start|p1b: \u00c9verton Ribeiro|Throat Chop|[silent]\n|\n|-weather|RainDance|[upkeep]\n|-heal|p2a: Incineroar|16/100|[from] item: Leftovers\n|upkeep\n|turn|5\n|\n|t:|1776016830\n|move|p1a: Jean Lucas|Last Respects|p2b: Sneasler\n|-crit|p2b: Sneasler\n|-damage|p2b: Sneasler|44/100\n|move|p2b: Sneasler|Dire Claw|p1a: Jean Lucas\n|-resisted|p1a: Jean Lucas|1\n|-damage|p1a: Jean Lucas|73/100\n|move|p1b: \u00c9verton Ribeiro|Weather Ball|p2a: Incineroar\n|-supereffective|p2a: Incineroar|1\n|-damage|p2a: Incineroar|0 fnt\n|faint|p2a: Incineroar\n|\n|-weather|RainDance|[upkeep]\n|-end|p1b: \u00c9verton Ribeiro|Throat Chop|[silent]\n|upkeep\n|\n|t:|1776016833\n|switch|p2a: Garchomp|Garchomp, L50, M|100/100\n|turn|6\n|\n|t:|1776016851\n|move|p1a: Jean Lucas|Last Respects|p2b: Sneasler\n|-damage|p2b: Sneasler|7/100\n|move|p2b: Sneasler|Dire Claw|p1a: Jean Lucas\n|-resisted|p1a: Jean Lucas|1\n|-crit|p1a: Jean Lucas\n|-damage|p1a: Jean Lucas|26/100\n|move|p2a: Garchomp|Rock Slide|p1a: Jean Lucas|[spread] p1a,p1b\n|-supereffective|p1b: \u00c9verton Ribeiro|1\n|-damage|p1a: Jean Lucas|3/100\n|-damage|p1b: \u00c9verton Ribeiro|30/100\n|move|p1b: \u00c9verton Ribeiro|Weather Ball|p2a: Garchomp\n|-damage|p2a: Garchomp|46/100\n|-enditem|p2a: Garchomp|Sitrus Berry|[eat]\n|-heal|p2a: Garchomp|71/100|[from] item: Sitrus Berry\n|\n|-weather|RainDance|[upkeep]\n|upkeep\n|turn|7\n|inactive|lollall has 30 seconds left.\n|\n|t:|1776016886\n|move|p2a: Garchomp|Protect|p2a: Garchomp\n|-singleturn|p2a: Garchomp|Protect\n|move|p1a: Jean Lucas|Last Respects|p2b: Sneasler\n|-damage|p2b: Sneasler|0 fnt\n|faint|p2b: Sneasler\n|move|p1b: \u00c9verton Ribeiro|Weather Ball|p2a: Garchomp\n|-activate|p2a: Garchomp|move: Protect\n|\n|-weather|RainDance|[upkeep]\n|upkeep\n|turn|8\n|\n|t:|1776016901\n|move|p1a: Jean Lucas|Last Respects|p2a: Garchomp\n|-damage|p2a: Garchomp|48/100\n|move|p2a: Garchomp|Rock Slide|p1b: \u00c9verton Ribeiro|[spread] p1a\n|-miss|p2a: Garchomp|p1b: \u00c9verton Ribeiro\n|-damage|p1a: Jean Lucas|0 fnt\n|faint|p1a: Jean Lucas\n|move|p1b: \u00c9verton Ribeiro|Weather Ball|p2a: Garchomp\n|-damage|p2a: Garchomp|0 fnt\n|faint|p2a: Garchomp\n|\n|win|vnunesp12\n|raw|vnunesp12's rating: 1130 &rarr; <strong>1151</strong><br />(+21 for winning)\n|raw|lollall's rating: 1072 &rarr; <strong>1055</strong><br />(-17 for losing)\n|l|\u2606lollall\n|player|p2|\n",
  "uploadtime": 1776016921,
  "views": 17,
  "formatid": "gen9championsvgc2026regma",
  "rating": 1055,
  "private": 0,
  "password": null
}