{
  "id": "gen9championsvgc2026regma-2585111313",
  "format": "[Gen 9 Champions] VGC 2026 Reg M-A",
  "players": [
    "wheezsumbeez",
    "ShreeKlime"
  ],
  "log": "|j|\u2606wheezsumbeez\n|j|\u2606ShreeKlime\n|t:|1776313031\n|gametype|doubles\n|player|p1|wheezsumbeez|roxie|1000\n|player|p2|ShreeKlime|steven|1000\n|gen|9\n|tier|[Gen 9 Champions] VGC 2026 Reg M-A\n|rated|\n|rule|Species Clause: Limit one of each Pok\u00e9mon\n|rule|Item Clause: Limit 1 of each item\n|clearpoke\n|poke|p1|Espeon, L50, M|\n|poke|p1|Kingambit, L50, F|\n|poke|p1|Volcarona, L50, M|\n|poke|p1|Garchomp, L50, F|\n|poke|p1|Hawlucha, L50, F|\n|poke|p1|Palafin, L50, M|\n|poke|p2|Starmie, L50|\n|poke|p2|Meganium, L50, M|\n|poke|p2|Heliolisk, L50, M|\n|poke|p2|Incineroar, L50, M|\n|poke|p2|Pelipper, L50, F|\n|poke|p2|Sinistcha, L50|\n|teampreview|4\n|\n|t:|1776313059\n|teamsize|p1|4\n|teamsize|p2|4\n|start\n|switch|p1a: Espeon|Espeon, L50, M|100/100\n|switch|p1b: Palafin|Palafin, L50, M|100/100\n|switch|p2a: Heliolisk|Heliolisk, L50, M|100/100\n|switch|p2b: Incineroar|Incineroar, L50, M|100/100\n|-ability|p2b: Incineroar|Intimidate|boost\n|-unboost|p1a: Espeon|atk|1\n|-unboost|p1b: Palafin|atk|1\n|turn|1\n|\n|t:|1776313080\n|detailschange|p1b: Palafin|Palafin-Hero, L50, M\n|switch|p1b: Kingambit|Kingambit, L50, F|100/100\n|move|p2b: Incineroar|Fake Out|p1a: Espeon\n|-damage|p1a: Espeon|81/100\n|move|p2a: Heliolisk|Shed Tail|p2a: Heliolisk\n|-start|p2a: Heliolisk|Substitute|[from] move: Shed Tail\n|-damage|p2a: Heliolisk|50/100\n|\n|t:|1776313097\n|switch|p2a: Starmie|Starmie, L50|100/100|[from] Shed Tail\n|cant|p1a: Espeon|flinch\n|\n|upkeep\n|turn|2\n|\n|t:|1776313117\n|detailschange|p2a: Starmie|Starmie-Mega, L50\n|-mega|p2a: Starmie|Starmie|Starminite\n|move|p2a: Starmie|Waterfall|p1b: Kingambit\n|-damage|p1b: Kingambit|54/100\n|move|p1a: Espeon|Reflect|p1a: Espeon\n|-sidestart|p1: wheezsumbeez|Reflect\n|move|p1b: Kingambit|Kowtow Cleave|p2a: Starmie\n|-supereffective|p2a: Starmie|1\n|-end|p2a: Starmie|Substitute\n|move|p2b: Incineroar|Parting Shot|p1a: Espeon\n|move|p1a: Espeon|Parting Shot|p2b: Incineroar|[from] ability: Magic Bounce\n|-unboost|p2b: Incineroar|atk|1\n|-unboost|p2b: Incineroar|spa|1\n|\n|t:|1776313130\n|switch|p1a: Palafin|Palafin-Hero, L50, M|100/100|[from] Parting Shot\n|-activate|p1a: Palafin|ability: Zero to Hero\n|\n|upkeep\n|turn|3\n|\n|t:|1776313143\n|switch|p2b: Heliolisk|Heliolisk, L50, M|50/100\n|move|p2a: Starmie|Protect|p2a: Starmie\n|-singleturn|p2a: Starmie|Protect\n|move|p1a: Palafin|Wave Crash|p2a: Starmie\n|-activate|p2a: Starmie|move: Protect\n|move|p1b: Kingambit|Kowtow Cleave|p2a: Starmie\n|-activate|p2a: Starmie|move: Protect\n|\n|upkeep\n|turn|4\n|\n|t:|1776313161\n|move|p1b: Kingambit|Sucker Punch|p2b: Heliolisk\n|-damage|p2b: Heliolisk|0 fnt\n|faint|p2b: Heliolisk\n|move|p1a: Palafin|Wave Crash|p2a: Starmie\n|-resisted|p2a: Starmie|1\n|-damage|p2a: Starmie|57/100\n|-damage|p1a: Palafin|87/100|[from] Recoil\n|move|p2a: Starmie|Waterfall|p1b: Kingambit\n|-crit|p1b: Kingambit\n|-damage|p1b: Kingambit|0 fnt\n|faint|p1b: Kingambit\n|\n|upkeep\n|\n|t:|1776313180\n|switch|p2b: Incineroar|Incineroar, L50, M|100/100\n|switch|p1b: Espeon|Espeon, L50, M|81/100\n|-ability|p2b: Incineroar|Intimidate|boost\n|-unboost|p1a: Palafin|atk|1\n|-unboost|p1b: Espeon|atk|1\n|turn|5\n|\n|t:|1776313199\n|move|p1b: Espeon|Detect|p1b: Espeon\n|-singleturn|p1b: Espeon|Protect\n|move|p2b: Incineroar|Fake Out|p1a: Palafin\n|-damage|p1a: Palafin|78/100\n|cant|p1a: Palafin|flinch\n|move|p2a: Starmie|Waterfall|p1b: Espeon\n|-activate|p1b: Espeon|move: Protect\n|\n|upkeep\n|turn|6\n|\n|t:|1776313214\n|switch|p1a: Hawlucha|Hawlucha, L50, F|100/100\n|move|p2a: Starmie|Waterfall|p1b: Espeon\n|-damage|p1b: Espeon|23/100\n|move|p1b: Espeon|Yawn|p2a: Starmie\n|-start|p2a: Starmie|move: Yawn|[of] p1b: Espeon\n|move|p2b: Incineroar|Parting Shot|p1a: Hawlucha\n|-unboost|p1a: Hawlucha|atk|1\n|-unboost|p1a: Hawlucha|spa|1\n|\n|t:|1776313223\n|switch|p2b: Pelipper|Pelipper, L50, F|100/100|[from] Parting Shot\n|-weather|RainDance|[from] ability: Drizzle|[of] p2b: Pelipper\n|\n|-weather|RainDance|[upkeep]\n|-sideend|p1: wheezsumbeez|Reflect\n|upkeep\n|turn|7\n|\n|t:|1776313241\n|switch|p2a: Incineroar|Incineroar, L50, M|100/100\n|-ability|p2a: Incineroar|Intimidate|boost\n|-unboost|p1a: Hawlucha|atk|1\n|-unboost|p1b: Espeon|atk|1\n|move|p1a: Hawlucha|Detect|p1a: Hawlucha\n|-singleturn|p1a: Hawlucha|Protect\n|move|p1b: Espeon|Detect|p1b: Espeon\n|-singleturn|p1b: Espeon|Protect\n|move|p2b: Pelipper|Hurricane|p1a: Hawlucha\n|-activate|p1a: Hawlucha|move: Protect\n|\n|-weather|RainDance|[upkeep]\n|upkeep\n|turn|8\n|\n|t:|1776313264\n|switch|p1a: Palafin|Palafin-Hero, L50, M|78/100\n|move|p2a: Incineroar|Fake Out|p1b: Espeon\n|-damage|p1b: Espeon|4/100\n|cant|p1b: Espeon|flinch\n|move|p2b: Pelipper|Hurricane|p1a: Palafin\n|-damage|p1a: Palafin|25/100\n|-start|p1a: Palafin|confusion\n|\n|-weather|RainDance|[upkeep]\n|upkeep\n|turn|9\n|\n|t:|1776313287\n|-activate|p1a: Palafin|confusion\n|move|p1a: Palafin|Wave Crash|p2a: Incineroar\n|-supereffective|p2a: Incineroar|1\n|-damage|p2a: Incineroar|0 fnt\n|faint|p2a: Incineroar\n|-damage|p1a: Palafin|0 fnt|[from] Recoil\n|faint|p1a: Palafin\n|move|p1b: Espeon|Reflect|p1b: Espeon\n|-sidestart|p1: wheezsumbeez|Reflect\n|move|p2b: Pelipper|Tailwind|p2b: Pelipper\n|-sidestart|p2: ShreeKlime|move: Tailwind\n|\n|-weather|RainDance|[upkeep]\n|upkeep\n|\n|t:|1776313296\n|switch|p1a: Hawlucha|Hawlucha, L50, F|100/100\n|switch|p2a: Starmie|Starmie-Mega, L50|57/100\n|turn|10\n|\n|t:|1776313313\n|detailschange|p1a: Hawlucha|Hawlucha-Mega, L50, F\n|-mega|p1a: Hawlucha|Hawlucha|Hawluchanite\n|move|p2a: Starmie|Protect|p2a: Starmie\n|-singleturn|p2a: Starmie|Protect\n|move|p1a: Hawlucha|Detect|p1a: Hawlucha\n|-singleturn|p1a: Hawlucha|Protect\n|move|p2b: Pelipper|Weather Ball|p1b: Espeon\n|-damage|p1b: Espeon|0 fnt\n|faint|p1b: Espeon\n|\n|-weather|none\n|upkeep\n|turn|11\n|\n|t:|1776313329\n|move|p2a: Starmie|Waterfall|p1a: Hawlucha\n|-damage|p1a: Hawlucha|59/100\n|move|p2b: Pelipper|Hurricane|p1a: Hawlucha\n|-supereffective|p1a: Hawlucha|1\n|-crit|p1a: Hawlucha\n|-damage|p1a: Hawlucha|0 fnt\n|faint|p1a: Hawlucha\n|\n|win|ShreeKlime\n|raw|wheezsumbeez's rating: 1000 &rarr; <strong>1000</strong><br />(+0 for losing)\n|raw|ShreeKlime's rating: 1000 &rarr; <strong>1040</strong><br />(+40 for winning)\n|l|\u2606wheezsumbeez\n|player|p1|\n",
  "uploadtime": 1776313508,
  "views": 24,
  "formatid": "gen9championsvgc2026regma",
  "rating": 1000,
  "private": 0,
  "password": null
}