{
  "id": "gen9championsvgc2026regma-2586523734",
  "format": "[Gen 9 Champions] VGC 2026 Reg M-A",
  "players": [
    "elepepo1234",
    "Emikuno"
  ],
  "log": "|j|\u2606elepepo1234\n|j|\u2606Emikuno\n|t:|1776440507\n|gametype|doubles\n|player|p1|elepepo1234|265|1000\n|player|p2|Emikuno|1|1059\n|gen|9\n|tier|[Gen 9 Champions] VGC 2026 Reg M-A\n|rated|\n|rule|Species Clause: Limit one of each Pok\u00e9mon\n|rule|Item Clause: Limit 1 of each item\n|clearpoke\n|poke|p1|Sableye, L50, M|\n|poke|p1|Sneasler, L50, F|\n|poke|p1|Sylveon, L50, F|\n|poke|p1|Zoroark-Hisui, L50, F|\n|poke|p1|Blastoise, L50, M|\n|poke|p1|Volcarona, L50, F|\n|poke|p2|Sneasler, L50, F|\n|poke|p2|Whimsicott, L50, F|\n|poke|p2|Delphox, L50, F|\n|poke|p2|Incineroar, L50, M|\n|poke|p2|Garchomp, L50, M|\n|poke|p2|Orthworm, L50, F|\n|teampreview|4\n|\n|t:|1776440535\n|teamsize|p1|4\n|teamsize|p2|4\n|start\n|switch|p1a: Sableye|Sableye, L50, M|100/100\n|switch|p1b: Sneasler|Sneasler, L50, F|100/100\n|switch|p2a: Garchomp|Garchomp, L50, M|100/100\n|switch|p2b: Orthworm|Orthworm, L50, F|100/100\n|turn|1\n|\n|t:|1776440561\n|move|p1b: Sneasler|Fake Out|p2b: Orthworm\n|-resisted|p2b: Orthworm|1\n|-crit|p2b: Orthworm\n|-damage|p2b: Orthworm|93/100\n|move|p1a: Sableye|Trick|p2b: Orthworm\n|-activate|p1a: Sableye|move: Trick|[of] p2b: Orthworm\n|-item|p2b: Orthworm|Choice Scarf|[from] move: Trick\n|-item|p1a: Sableye|Occa Berry|[from] move: Trick\n|move|p2a: Garchomp|Earthquake|p1a: Sableye|[spread] p1a,p1b\n|-heal|p2b: Orthworm|100/100|[from] ability: Earth Eater|[of] p2a: Garchomp\n|-crit|p1a: Sableye\n|-supereffective|p1b: Sneasler|1\n|-damage|p1a: Sableye|20/100\n|-enditem|p1b: Sneasler|Focus Sash\n|-damage|p1b: Sneasler|1/100\n|cant|p2b: Orthworm|flinch\n|\n|upkeep\n|turn|2\n|\n|t:|1776440590\n|move|p2a: Garchomp|Protect|p2a: Garchomp\n|-singleturn|p2a: Garchomp|Protect\n|move|p1a: Sableye|Will-O-Wisp|p2a: Garchomp\n|-activate|p2a: Garchomp|move: Protect\n|move|p1b: Sneasler|Low Sweep|p2b: Orthworm\n|-supereffective|p2b: Orthworm|1\n|-damage|p2b: Orthworm|50/100\n|-unboost|p2b: Orthworm|spe|1\n|move|p2b: Orthworm|Rock Slide|p1a: Sableye|[spread] p1a,p1b\n|-resisted|p1b: Sneasler|1\n|-damage|p1a: Sableye|6/100\n|-damage|p1b: Sneasler|0 fnt\n|faint|p1b: Sneasler\n|\n|upkeep\n|\n|t:|1776440608\n|switch|p1b: Sylveon|Sylveon, L50, F|100/100\n|turn|3\n|\n|t:|1776440619\n|switch|p2a: Delphox|Delphox, L50, F|100/100\n|move|p1a: Sableye|Will-O-Wisp|p2a: Delphox\n|-immune|p2a: Delphox\n|move|p2b: Orthworm|Rock Slide|p1a: Sableye|[spread] p1a,p1b\n|-crit|p1b: Sylveon\n|-damage|p1a: Sableye|0 fnt\n|-damage|p1b: Sylveon|75/100\n|faint|p1a: Sableye\n|cant|p1b: Sylveon|flinch\n|\n|upkeep\n|\n|t:|1776440634\n|switch|p1a: Blastoise|Blastoise, L50, M|100/100\n|turn|4\n|\n|t:|1776440662\n|detailschange|p2a: Delphox|Delphox-Mega, L50, F\n|-mega|p2a: Delphox|Delphox|Delphoxite\n|detailschange|p1a: Blastoise|Blastoise-Mega, L50, M\n|-mega|p1a: Blastoise|Blastoise|Blastoisinite\n|move|p2a: Delphox|Psychic|p1a: Blastoise\n|-damage|p1a: Blastoise|50/100\n|move|p1a: Blastoise|Hydro Pump|p2a: Delphox\n|-supereffective|p2a: Delphox|1\n|-damage|p2a: Delphox|0 fnt\n|faint|p2a: Delphox\n|move|p2b: Orthworm|Rock Slide|p1b: Sylveon|[spread] p1a,p1b\n|-damage|p1a: Blastoise|39/100\n|-damage|p1b: Sylveon|58/100\n|cant|p1b: Sylveon|flinch\n|\n|upkeep\n|\n|t:|1776440672\n|switch|p2a: Incineroar|Incineroar, L50, M|100/100\n|-ability|p2a: Incineroar|Intimidate|boost\n|-unboost|p1a: Blastoise|atk|1\n|-unboost|p1b: Sylveon|atk|1\n|turn|5\n|\n|t:|1776440687\n|switch|p2b: Garchomp|Garchomp, L50, M|100/100\n|move|p1b: Sylveon|Protect|p1b: Sylveon\n|-singleturn|p1b: Sylveon|Protect\n|move|p2a: Incineroar|Fake Out|p1a: Blastoise\n|-damage|p1a: Blastoise|28/100\n|cant|p1a: Blastoise|flinch\n|\n|upkeep\n|turn|6\n|\n|t:|1776440704\n|move|p2b: Garchomp|Protect|p2b: Garchomp\n|-singleturn|p2b: Garchomp|Protect\n|move|p1a: Blastoise|Hydro Pump|p2a: Incineroar|[miss]\n|-miss|p1a: Blastoise|p2a: Incineroar\n|move|p1b: Sylveon|Hyper Voice|p2b: Garchomp|[spread] p2a\n|-activate|p2b: Garchomp|move: Protect\n|-crit|p2a: Incineroar\n|-damage|p2a: Incineroar|52/100\n|move|p2a: Incineroar|Throat Chop|p1b: Sylveon\n|-resisted|p1b: Sylveon|1\n|-damage|p1b: Sylveon|36/100\n|-start|p1b: Sylveon|Throat Chop|[silent]\n|\n|-heal|p2a: Incineroar|58/100|[from] item: Leftovers\n|upkeep\n|turn|7\n|\n|t:|1776440735\n|move|p2b: Garchomp|Dragon Claw|p1a: Blastoise\n|-damage|p1a: Blastoise|0 fnt\n|faint|p1a: Blastoise\n|move|p1b: Sylveon|Hyper Beam|p2b: Garchomp\n|-supereffective|p2b: Garchomp|1\n|-damage|p2b: Garchomp|0 fnt\n|-mustrecharge|p1b: Sylveon\n|faint|p2b: Garchomp\n|move|p2a: Incineroar|Parting Shot|p1b: Sylveon\n|-unboost|p1b: Sylveon|atk|1\n|-unboost|p1b: Sylveon|spa|1\n|\n|t:|1776440745\n|switch|p2a: Orthworm|Orthworm, L50, F|50/100|[from] Parting Shot\n|\n|-end|p1b: Sylveon|Throat Chop|[silent]\n|upkeep\n|\n|t:|1776440748\n|switch|p2b: Incineroar|Incineroar, L50, M|58/100\n|-ability|p2b: Incineroar|Intimidate|boost\n|-unboost|p1b: Sylveon|atk|1\n|turn|8\n|\n|t:|1776440755\n|move|p2b: Incineroar|Fake Out|p1b: Sylveon\n|-damage|p1b: Sylveon|20/100\n|move|p2a: Orthworm|Heavy Slam|p1b: Sylveon\n|-supereffective|p1b: Sylveon|1\n|-crit|p1b: Sylveon\n|-damage|p1b: Sylveon|0 fnt\n|faint|p1b: Sylveon\n|\n|win|Emikuno\n|raw|elepepo1234's rating: 1000 &rarr; <strong>1000</strong><br />(+0 for losing)\n|raw|Emikuno's rating: 1059 &rarr; <strong>1085</strong><br />(+26 for winning)\n|l|\u2606elepepo1234\n|player|p1|\n",
  "uploadtime": 1776440770,
  "views": 26,
  "formatid": "gen9championsvgc2026regma",
  "rating": 1000,
  "private": 0,
  "password": null
}