{
  "id": "gen9championsvgc2026regma-2583992004",
  "format": "[Gen 9 Champions] VGC 2026 Reg M-A",
  "players": [
    "kappadad",
    "Drcheems19"
  ],
  "log": "|j|\u2606kappadad\n|j|\u2606Drcheems19\n|t:|1776214838\n|gametype|doubles\n|player|p1|kappadad|ghetsis|1027\n|player|p2|Drcheems19|169|1071\n|gen|9\n|tier|[Gen 9 Champions] VGC 2026 Reg M-A\n|rated|\n|rule|Species Clause: Limit one of each Pok\u00e9mon\n|rule|Item Clause: Limit 1 of each item\n|clearpoke\n|poke|p1|Chandelure, L50, F|\n|poke|p1|Ninetales, L50, M|\n|poke|p1|Venusaur, L50, F|\n|poke|p1|Talonflame, L50, F|\n|poke|p1|Heliolisk, L50, M|\n|poke|p1|Aegislash, L50, M|\n|poke|p2|Sableye, L50, M|\n|poke|p2|Feraligatr, L50, F|\n|poke|p2|Maushold-Four, L50|\n|poke|p2|Whimsicott, L50, F|\n|poke|p2|Kingambit, L50, F|\n|poke|p2|Incineroar, L50, F|\n|teampreview|4\n|\n|t:|1776214896\n|teamsize|p1|4\n|teamsize|p2|4\n|start\n|switch|p1a: Talonflame|Talonflame, L50, F|100/100\n|switch|p1b: Ninetales|Ninetales, L50, M|100/100\n|switch|p2a: Sableye|Sableye, L50, M|100/100\n|switch|p2b: Feraligatr|Feraligatr, L50, F|100/100\n|-weather|SunnyDay|[from] ability: Drought|[of] p1b: Ninetales\n|turn|1\n|\n|t:|1776214918\n|move|p1a: Talonflame|Quick Guard|p1a: Talonflame\n|-singleturn|p1a: Talonflame|Quick Guard\n|move|p2a: Sableye|Fake Out|p1a: Talonflame\n|-activate|p1a: Talonflame|move: Quick Guard\n|move|p2b: Feraligatr|Low Kick|p1b: Ninetales\n|-damage|p1b: Ninetales|84/100\n|move|p1b: Ninetales|Nasty Plot|p1b: Ninetales\n|-boost|p1b: Ninetales|spa|2\n|\n|-weather|SunnyDay|[upkeep]\n|upkeep\n|turn|2\n|\n|t:|1776214935\n|detailschange|p2b: Feraligatr|Feraligatr-Mega, L50, F\n|-mega|p2b: Feraligatr|Feraligatr|Feraligite\n|move|p1a: Talonflame|Tailwind|p1a: Talonflame\n|-sidestart|p1: kappadad|move: Tailwind\n|move|p2a: Sableye|Will-O-Wisp|p2b: Feraligatr|[miss]\n|-miss|p2a: Sableye|p2b: Feraligatr\n|move|p1b: Ninetales|Nasty Plot|p1b: Ninetales\n|-boost|p1b: Ninetales|spa|2\n|move|p2b: Feraligatr|Facade|p1b: Ninetales\n|-crit|p1b: Ninetales\n|-damage|p1b: Ninetales|0 fnt\n|faint|p1b: Ninetales\n|\n|-weather|SunnyDay|[upkeep]\n|upkeep\n|inactive|Battle timer is ON: inactive players will automatically lose when time's up. (requested by Drcheems19)\n|\n|t:|1776214947\n|switch|p1b: Chandelure|Chandelure, L50, F|100/100\n|turn|3\n|\n|t:|1776214964\n|detailschange|p1b: Chandelure|Chandelure-Mega, L50, F\n|-mega|p1b: Chandelure|Chandelure|Chandelurite\n|move|p2b: Feraligatr|Protect|p2b: Feraligatr\n|-singleturn|p2b: Feraligatr|Protect\n|move|p2a: Sableye|Encore|p1a: Talonflame\n|-start|p1a: Talonflame|Encore\n|-enditem|p1a: Talonflame|Mental Herb\n|-end|p1a: Talonflame|Encore\n|move|p1a: Talonflame|Taunt|p2a: Sableye\n|-start|p2a: Sableye|move: Taunt\n|move|p1b: Chandelure|Solar Beam||[still]\n|-prepare|p1b: Chandelure|Solar Beam\n|-anim|p1b: Chandelure|Solar Beam|p2b: Feraligatr\n|-activate|p2b: Feraligatr|move: Protect\n|\n|-weather|SunnyDay|[upkeep]\n|upkeep\n|turn|4\n|inactive|Drcheems19 has 30 seconds left.\n|\n|t:|1776214989\n|switch|p2a: Incineroar|Incineroar, L50, F|100/100\n|-ability|p2a: Incineroar|Intimidate|boost\n|-unboost|p1a: Talonflame|atk|1\n|-unboost|p1b: Chandelure|atk|1\n|move|p1a: Talonflame|Overheat|p2a: Incineroar\n|-resisted|p2a: Incineroar|1\n|-damage|p2a: Incineroar|73/100\n|-unboost|p1a: Talonflame|spa|2\n|move|p1b: Chandelure|Heat Wave|p2a: Incineroar|[spread] p2a,p2b\n|-resisted|p2a: Incineroar|1\n|-resisted|p2b: Feraligatr|2\n|-damage|p2a: Incineroar|37/100\n|-damage|p2b: Feraligatr|80/100\n|-status|p2b: Feraligatr|brn\n|-enditem|p2a: Incineroar|Sitrus Berry|[eat]\n|-heal|p2a: Incineroar|62/100|[from] item: Sitrus Berry\n|move|p2b: Feraligatr|Facade|p1a: Talonflame\n|-damage|p1a: Talonflame|0 fnt\n|faint|p1a: Talonflame\n|\n|-weather|SunnyDay|[upkeep]\n|-damage|p2b: Feraligatr|73/100 brn|[from] brn\n|upkeep\n|\n|t:|1776214999\n|switch|p1a: Heliolisk|Heliolisk, L50, M|100/100\n|turn|5\n|c|\u2606Drcheems19|...thanks for the burn\n|inactive|kappadad has 30 seconds left.\n|\n|t:|1776215028\n|move|p1a: Heliolisk|Thunderbolt|p2a: Incineroar\n|-damage|p2a: Incineroar|0 fnt\n|faint|p2a: Incineroar\n|move|p1b: Chandelure|Solar Beam||[still]\n|-prepare|p1b: Chandelure|Solar Beam\n|-anim|p1b: Chandelure|Solar Beam|p2b: Feraligatr\n|-damage|p2b: Feraligatr|10/100 brn\n|move|p2b: Feraligatr|Facade|p1a: Heliolisk\n|-damage|p1a: Heliolisk|0 fnt\n|faint|p1a: Heliolisk\n|\n|-weather|none\n|-damage|p2b: Feraligatr|4/100 brn|[from] brn\n|-sideend|p1: kappadad|move: Tailwind\n|upkeep\n|\n|t:|1776215033\n|switch|p2a: Sableye|Sableye, L50, M|100/100\n|turn|6\n|\n|t:|1776215038\n|move|p2a: Sableye|Quash|p1b: Chandelure\n|-activate|p1b: Chandelure|move: Quash\n|move|p2b: Feraligatr|Facade|p1b: Chandelure\n|-damage|p1b: Chandelure|0 fnt\n|faint|p1b: Chandelure\n|\n|win|Drcheems19\n|raw|kappadad's rating: 1027 &rarr; <strong>1015</strong><br />(-12 for losing)\n|raw|Drcheems19's rating: 1071 &rarr; <strong>1097</strong><br />(+26 for winning)\n",
  "uploadtime": 1776215045,
  "views": 24,
  "formatid": "gen9championsvgc2026regma",
  "rating": 1015,
  "private": 0,
  "password": null
}