{
  "id": "gen9championsvgc2026regma-2586761050",
  "format": "[Gen 9 Champions] VGC 2026 Reg M-A",
  "players": [
    "juicy raccoon",
    "Rotomwashlover67"
  ],
  "log": "|j|\u2606juicy raccoon\n|j|\u2606Rotomwashlover67\n|t:|1776457811\n|gametype|doubles\n|player|p1|juicy raccoon|cynthia|1175\n|player|p2|Rotomwashlover67|volkner|1205\n|gen|9\n|tier|[Gen 9 Champions] VGC 2026 Reg M-A\n|rated|\n|rule|Species Clause: Limit one of each Pok\u00e9mon\n|rule|Item Clause: Limit 1 of each item\n|clearpoke\n|poke|p1|Aerodactyl, L50, M|\n|poke|p1|Floette-Eternal, L50, F|\n|poke|p1|Basculegion, L50, M|\n|poke|p1|Sneasler, L50, M|\n|poke|p1|Maushold-Four, L50|\n|poke|p1|Kingambit, L50, F|\n|poke|p2|Politoed, L50, M|\n|poke|p2|Archaludon, L50, F|\n|poke|p2|Basculegion, L50, M|\n|poke|p2|Sinistcha, L50|\n|poke|p2|Incineroar, L50, M|\n|poke|p2|Gengar, L50, M|\n|teampreview|4\n|c|\u2606juicy raccoon|hf\njuicy raccoon has agreed to open team sheets.\n|inactive|Battle timer is ON: inactive players will automatically lose when time's up. (requested by Rotomwashlover67)\n|inactive|juicy raccoon has 60 seconds left.\n|\n|t:|1776457886\n|teamsize|p1|4\n|teamsize|p2|4\n|start\n|switch|p1a: Sneasler|Sneasler, L50, M|100/100\n|switch|p1b: Kingambit|Kingambit, L50, F|100/100\n|switch|p2a: Politoed|Politoed, L50, M|100/100\n|switch|p2b: Basculegion|Basculegion, L50, M|100/100\n|-weather|RainDance|[from] ability: Drizzle|[of] p2a: Politoed\n|turn|1\n|inactive|juicy raccoon has 30 seconds left.\n|inactive|Rotomwashlover67 has 30 seconds left.\n|inactive|juicy raccoon has 20 seconds left.\n|\n|t:|1776457924\n|switch|p2b: Gengar|Gengar, L50, M|100/100\n|move|p1a: Sneasler|Close Combat|p2a: Politoed\n|-damage|p2a: Politoed|44/100\n|-unboost|p1a: Sneasler|def|1\n|-unboost|p1a: Sneasler|spd|1\n|-enditem|p1a: Sneasler|White Herb\n|-clearnegativeboost|p1a: Sneasler|[silent]\n|move|p2a: Politoed|Perish Song|p2a: Politoed\n|-start|p1a: Sneasler|perish3|[silent]\n|-start|p1b: Kingambit|perish3|[silent]\n|-start|p2a: Politoed|perish3|[silent]\n|-start|p2b: Gengar|perish3|[silent]\n|-fieldactivate|move: Perish Song\n|move|p1b: Kingambit|Kowtow Cleave|p2b: Gengar\n|-supereffective|p2b: Gengar|1\n|-damage|p2b: Gengar|0 fnt\n|faint|p2b: Gengar\n|\n|-weather|RainDance|[upkeep]\n|-heal|p2a: Politoed|50/100|[from] item: Leftovers\n|-start|p1a: Sneasler|perish3\n|-start|p2a: Politoed|perish3\n|-start|p1b: Kingambit|perish3\n|upkeep\n|\n|t:|1776457945\n|switch|p2b: Archaludon|Archaludon, L50, F|100/100\n|turn|2\n|inactive|juicy raccoon has 30 seconds left.\n|inactive|juicy raccoon has 20 seconds left.\n|\n|t:|1776457984\n|switch|p2b: Basculegion|Basculegion, L50, M|100/100\n|switch|p1b: Aerodactyl|Aerodactyl, L50, M|100/100\n|-ability|p1b: Aerodactyl|Unnerve\n|move|p1a: Sneasler|Close Combat|p2a: Politoed\n|-damage|p2a: Politoed|0 fnt\n|-unboost|p1a: Sneasler|def|1\n|-unboost|p1a: Sneasler|spd|1\n|faint|p2a: Politoed\n|\n|-weather|RainDance|[upkeep]\n|-start|p1a: Sneasler|perish2\n|upkeep\n|\n|t:|1776457999\n|switch|p2a: Archaludon|Archaludon, L50, F|100/100\n|turn|3\n|inactive|juicy raccoon has 30 seconds left.\n|inactive|juicy raccoon has 20 seconds left.\n|\n|t:|1776458037\n|move|p1a: Sneasler|Close Combat|p2a: Archaludon\n|-supereffective|p2a: Archaludon|1\n|-ability|p2a: Archaludon|Sturdy\n|-damage|p2a: Archaludon|1/100\n|-unboost|p1a: Sneasler|def|1\n|-unboost|p1a: Sneasler|spd|1\n|move|p1b: Aerodactyl|Tailwind|p1b: Aerodactyl\n|-sidestart|p1: juicy raccoon|move: Tailwind\n|move|p2b: Basculegion|Wave Crash|p1b: Aerodactyl\n|-supereffective|p1b: Aerodactyl|1\n|-enditem|p1b: Aerodactyl|Focus Sash\n|-damage|p1b: Aerodactyl|1/100\n|-damage|p2b: Basculegion|75/100|[from] Recoil\n|move|p2a: Archaludon|Electro Shot||[still]\n|-prepare|p2a: Archaludon|Electro Shot\n|-boost|p2a: Archaludon|spa|1\n|-anim|p2a: Archaludon|Electro Shot|p1a: Sneasler\n|-damage|p1a: Sneasler|0 fnt\n|faint|p1a: Sneasler\n|\n|-weather|RainDance|[upkeep]\n|upkeep\n|\n|t:|1776458054\n|switch|p1a: Basculegion|Basculegion, L50, M|100/100\n|turn|4\n|\n|t:|1776458065\n|move|p2a: Archaludon|Protect|p2a: Archaludon\n|-singleturn|p2a: Archaludon|Protect\n|move|p1b: Aerodactyl|Rock Slide|p2a: Archaludon|[spread] p2b\n|-activate|p2a: Archaludon|move: Protect\n|-damage|p2b: Basculegion|44/100\n|move|p1a: Basculegion|Last Respects|p2b: Basculegion\n|-supereffective|p2b: Basculegion|1\n|-damage|p2b: Basculegion|0 fnt\n|faint|p2b: Basculegion\n|\n|-weather|RainDance|[upkeep]\n|upkeep\n|turn|5\n|c|\u2606juicy raccoon|gg\n|-message|Rotomwashlover67 forfeited.\n|\n|win|juicy raccoon\n|raw|juicy raccoon's rating: 1175 &rarr; <strong>1202</strong><br />(+27 for winning)\n|raw|Rotomwashlover67's rating: 1205 &rarr; <strong>1178</strong><br />(-27 for losing)\n",
  "uploadtime": 1776458082,
  "views": 29,
  "formatid": "gen9championsvgc2026regma",
  "rating": 1178,
  "private": 0,
  "password": null
}