{
  "id": "gen9championsvgc2026regma-2587916026",
  "format": "[Gen 9 Champions] VGC 2026 Reg M-A",
  "players": [
    "judygo",
    "choko1"
  ],
  "log": "|j|\u2606judygo\n|j|\u2606choko1\n|t:|1776578600\n|gametype|doubles\n|player|p1|judygo|1|1185\n|player|p2|choko1|clown|1152\n|gen|9\n|tier|[Gen 9 Champions] VGC 2026 Reg M-A\n|rated|\n|rule|Species Clause: Limit one of each Pok\u00e9mon\n|rule|Item Clause: Limit 1 of each item\n|clearpoke\n|poke|p1|Gengar, L50, M|\n|poke|p1|Pelipper, L50, F|\n|poke|p1|Tsareena, L50, F|\n|poke|p1|Basculegion, L50, M|\n|poke|p1|Archaludon, L50, M|\n|poke|p1|Incineroar, L50, M|\n|poke|p2|Tyranitar, L50, M|\n|poke|p2|Tinkaton, L50, F|\n|poke|p2|Gengar, L50, M, shiny|\n|poke|p2|Arcanine, L50, M, shiny|\n|poke|p2|Rotom-Wash, L50|\n|poke|p2|Mamoswine, L50, F|\n|teampreview|4\n|inactive|Battle timer is ON: inactive players will automatically lose when time's up. (requested by judygo)\n|\n|t:|1776578626\n|teamsize|p1|4\n|teamsize|p2|4\n|start\n|switch|p1a: Gengar|Gengar, L50, M|100/100\n|switch|p1b: Incineroar|Incineroar, L50, M|100/100\n|switch|p2a: Rotom|Rotom-Wash, L50|100/100\n|switch|p2b: Gengar|Gengar, L50, M, shiny|100/100\n|-ability|p1b: Incineroar|Intimidate|boost\n|-unboost|p2a: Rotom|atk|1\n|-unboost|p2b: Gengar|atk|1\n|turn|1\n|\n|t:|1776578643\n|detailschange|p2b: Gengar|Gengar-Mega, L50, M, shiny\n|-mega|p2b: Gengar|Gengar|Gengarite\n|detailschange|p1a: Gengar|Gengar-Mega, L50, M\n|-mega|p1a: Gengar|Gengar|Gengarite\n|move|p2b: Gengar|Protect|p2b: Gengar\n|-singleturn|p2b: Gengar|Protect\n|move|p1b: Incineroar|Fake Out|p2a: Rotom\n|-damage|p2a: Rotom|88/100\n|cant|p2a: Rotom|flinch\n|move|p1a: Gengar|Shadow Ball|p2b: Gengar\n|-activate|p2b: Gengar|move: Protect\n|\n|upkeep\n|turn|2\n|\n|t:|1776578667\n|switch|p2b: Tyranitar|Tyranitar, L50, M|100/100\n|-weather|Sandstorm|[from] ability: Sand Stream|[of] p2b: Tyranitar\n|move|p2a: Rotom|Electroweb|p1a: Gengar|[spread] p1a,p1b\n|-damage|p1a: Gengar|75/100\n|-damage|p1b: Incineroar|84/100\n|-unboost|p1a: Gengar|spe|1\n|-unboost|p1b: Incineroar|spe|1\n|move|p1a: Gengar|Shadow Ball|p2b: Tyranitar\n|-resisted|p2b: Tyranitar|1\n|-damage|p2b: Tyranitar|85/100\n|move|p1b: Incineroar|Parting Shot|p2a: Rotom\n|-unboost|p2a: Rotom|atk|1\n|-unboost|p2a: Rotom|spa|1\n|\n|t:|1776578683\n|switch|p1b: Tsareena|Tsareena, L50, F|100/100|[from] Parting Shot\n|\n|-weather|Sandstorm|[upkeep]\n|-damage|p2a: Rotom|83/100|[from] Sandstorm\n|-damage|p1a: Gengar|70/100|[from] Sandstorm\n|-damage|p1b: Tsareena|94/100|[from] Sandstorm\n|upkeep\n|turn|3\n|\n|t:|1776578697\n|move|p1a: Gengar|Protect|p1a: Gengar\n|-singleturn|p1a: Gengar|Protect\n|move|p2b: Tyranitar|Protect|p2b: Tyranitar\n|-singleturn|p2b: Tyranitar|Protect\n|move|p2a: Rotom|Electroweb|p1b: Tsareena|[spread] p1b\n|-activate|p1a: Gengar|move: Protect\n|-resisted|p1b: Tsareena|1\n|-damage|p1b: Tsareena|89/100\n|-unboost|p1b: Tsareena|spe|1\n|move|p1b: Tsareena|Low Kick|p2b: Tyranitar\n|-activate|p2b: Tyranitar|move: Protect\n|\n|-weather|Sandstorm|[upkeep]\n|-damage|p2a: Rotom|77/100|[from] Sandstorm\n|-damage|p1a: Gengar|64/100|[from] Sandstorm\n|-damage|p1b: Tsareena|83/100|[from] Sandstorm\n|upkeep\n|turn|4\n|inactive|choko1 has 30 seconds left.\n|\n|t:|1776578723\n|switch|p1a: Incineroar|Incineroar, L50, M|84/100\n|-ability|p1a: Incineroar|Intimidate|boost\n|-unboost|p2a: Rotom|atk|1\n|-unboost|p2b: Tyranitar|atk|1\n|move|p2a: Rotom|Electroweb|p1a: Incineroar|[spread] p1a,p1b\n|-crit|p1a: Incineroar\n|-resisted|p1b: Tsareena|1\n|-damage|p1a: Incineroar|62/100\n|-damage|p1b: Tsareena|77/100\n|-unboost|p1a: Incineroar|spe|1\n|-unboost|p1b: Tsareena|spe|1\n|move|p2b: Tyranitar|Rock Slide|p1b: Tsareena|[spread] p1a,p1b\n|-supereffective|p1a: Incineroar|1\n|-damage|p1a: Incineroar|36/100\n|-damage|p1b: Tsareena|58/100\n|-enditem|p1a: Incineroar|Sitrus Berry|[eat]\n|-heal|p1a: Incineroar|60/100|[from] item: Sitrus Berry\n|move|p1b: Tsareena|Trop Kick|p2a: Rotom\n|-supereffective|p2a: Rotom|1\n|-damage|p2a: Rotom|0 fnt\n|faint|p2a: Rotom\n|\n|-weather|Sandstorm|[upkeep]\n|-damage|p1a: Incineroar|54/100|[from] Sandstorm\n|-damage|p1b: Tsareena|52/100|[from] Sandstorm\n|upkeep\n|\n|t:|1776578744\n|switch|p2a: Gengar|Gengar-Mega, L50, M, shiny|100/100\n|turn|5\n|inactive|choko1 has 30 seconds left.\n|\n|t:|1776578775\n|move|p1b: Tsareena|Protect|p1b: Tsareena\n|-singleturn|p1b: Tsareena|Protect\n|move|p2a: Gengar|Sludge Bomb|p1a: Incineroar\n|-damage|p1a: Incineroar|5/100\n|move|p2b: Tyranitar|Rock Slide|p1b: Tsareena|[spread] p1a\n|-activate|p1b: Tsareena|move: Protect\n|-supereffective|p1a: Incineroar|1\n|-damage|p1a: Incineroar|0 fnt\n|faint|p1a: Incineroar\n|\n|-weather|Sandstorm|[upkeep]\n|-damage|p2a: Gengar|95/100|[from] Sandstorm\n|-damage|p1b: Tsareena|46/100|[from] Sandstorm\n|upkeep\n|\n|t:|1776578782\n|switch|p1a: Gengar|Gengar-Mega, L50, M|64/100\n|turn|6\n|\n|t:|1776578797\n|move|p2a: Gengar|Protect|p2a: Gengar\n|-singleturn|p2a: Gengar|Protect\n|move|p1a: Gengar|Shadow Ball|p2a: Gengar\n|-activate|p2a: Gengar|move: Protect\n|move|p2b: Tyranitar|Crunch|p1a: Gengar\n|-supereffective|p1a: Gengar|1\n|-damage|p1a: Gengar|0 fnt\n|faint|p1a: Gengar\n|move|p1b: Tsareena|Low Kick|p2b: Tyranitar\n|-supereffective|p2b: Tyranitar|2\n|-damage|p2b: Tyranitar|0 fnt\n|faint|p2b: Tyranitar\n|\n|-weather|none\n|upkeep\n|\n|t:|1776578809\n|switch|p1a: Basculegion|Basculegion, L50, M|100/100\n|switch|p2b: Mamoswine|Mamoswine, L50, F|100/100\n|turn|7\n|\n|t:|1776578820\n|move|p2a: Gengar|Shadow Ball|p1a: Basculegion\n|-supereffective|p1a: Basculegion|1\n|-damage|p1a: Basculegion|0 fnt\n|faint|p1a: Basculegion\n|move|p2b: Mamoswine|Icicle Crash|p1b: Tsareena\n|-supereffective|p1b: Tsareena|1\n|-damage|p1b: Tsareena|0 fnt\n|faint|p1b: Tsareena\n|\n|win|choko1\n|raw|judygo's rating: 1185 &rarr; <strong>1158</strong><br />(-27 for losing)\n|raw|choko1's rating: 1152 &rarr; <strong>1179</strong><br />(+27 for winning)\n|l|\u2606judygo\n|player|p1|\n",
  "uploadtime": 1776578831,
  "views": 9,
  "formatid": "gen9championsvgc2026regma",
  "rating": 1158,
  "private": 0,
  "password": null
}