{
  "id": "gen9championsvgc2026regma-2588083054",
  "format": "[Gen 9 Champions] VGC 2026 Reg M-A",
  "players": [
    "N0Name12",
    "justtruingstiff"
  ],
  "log": "|j|\u2606N0Name12\n|j|\u2606justtruingstiff\n|t:|1776602291\n|gametype|doubles\n|player|p1|N0Name12|1|1044\n|player|p2|justtruingstiff|biker-gen4|1025\n|gen|9\n|tier|[Gen 9 Champions] VGC 2026 Reg M-A\n|rated|\n|rule|Species Clause: Limit one of each Pok\u00e9mon\n|rule|Item Clause: Limit 1 of each item\n|clearpoke\n|poke|p1|Aerodactyl, L50, F|\n|poke|p1|Scovillain, L50, M|\n|poke|p1|Rotom-Wash, L50|\n|poke|p1|Ditto, L50|\n|poke|p1|Goodra-Hisui, L50, F|\n|poke|p1|Kangaskhan, L50, F|\n|poke|p2|Milotic, L50, M|\n|poke|p2|Alakazam, L50, M|\n|poke|p2|Glalie, L50, F, shiny|\n|poke|p2|Farigiraf, L50, M|\n|poke|p2|Pelipper, L50, M|\n|poke|p2|Sinistcha-Masterpiece, L50|\n|teampreview|4\n|\n|t:|1776602310\n|teamsize|p1|4\n|teamsize|p2|4\n|start\n|switch|p1a: Kangaskhan|Kangaskhan, L50, F|100/100\n|switch|p1b: Goodra|Goodra-Hisui, L50, F|100/100\n|switch|p2a: Milotic|Milotic, L50, M|100/100\n|switch|p2b: Alakazam|Alakazam, L50, M|100/100\n|turn|1\n|-activate|p1b: Goodra|item: Quick Claw\n|\n|t:|1776602327\n|detailschange|p1a: Kangaskhan|Kangaskhan-Mega, L50, F\n|-mega|p1a: Kangaskhan|Kangaskhan|Kangaskhanite\n|move|p1a: Kangaskhan|Fake Out|p2b: Alakazam\n|-damage|p2b: Alakazam|47/100\n|-damage|p2b: Alakazam|35/100\n|-hitcount|p2b: Alakazam|2\n|move|p1b: Goodra|Thunderbolt|p2a: Milotic\n|-supereffective|p2a: Milotic|1\n|-damage|p2a: Milotic|50/100\n|move|p2b: Alakazam|Fling|p2a: Milotic\n|-damage|p2a: Milotic|42/100\n|-status|p2a: Milotic|psn\n|-enditem|p2b: Alakazam|Poison Barb|[from] move: Fling\n|move|p2a: Milotic|Ice Beam|p1b: Goodra\n|-damage|p1b: Goodra|83/100\n|\n|-heal|p2a: Milotic|48/100 psn|[from] item: Leftovers\n|-damage|p2a: Milotic|35/100 psn|[from] psn\n|upkeep\n|turn|2\n|\n|t:|1776602377\n|move|p2b: Alakazam|Protect|p2b: Alakazam\n|-singleturn|p2b: Alakazam|Protect\n|move|p1a: Kangaskhan|Sucker Punch||[still]\n|-fail|p1a: Kangaskhan\n|move|p2a: Milotic|Hydro Pump|p1a: Kangaskhan\n|-damage|p1a: Kangaskhan|60/100\n|move|p1b: Goodra|Life Dew|p1b: Goodra|[spread] p1a,p1b\n|-heal|p1a: Kangaskhan|85/100\n|-heal|p1b: Goodra|100/100\n|\n|-heal|p2a: Milotic|41/100 psn|[from] item: Leftovers\n|-damage|p2a: Milotic|29/100 psn|[from] psn\n|upkeep\n|turn|3\n|\n|t:|1776602418\n|move|p1a: Kangaskhan|Sucker Punch|p2b: Alakazam\n|-supereffective|p2b: Alakazam|1\n|-damage|p2b: Alakazam|0 fnt\n|faint|p2b: Alakazam\n|-hitcount|p2: Alakazam|1\n|move|p2a: Milotic|Hydro Pump|p1a: Kangaskhan\n|-damage|p1a: Kangaskhan|47/100\n|move|p1b: Goodra|Life Dew||[still]|[spread] p1a,p1b\n|-heal|p1a: Kangaskhan|72/100\n|-fail|p1b: Goodra|heal\n|\n|-heal|p2a: Milotic|35/100 psn|[from] item: Leftovers\n|-damage|p2a: Milotic|22/100 psn|[from] psn\n|upkeep\n|\n|t:|1776602438\n|switch|p2b: Glalie|Glalie, L50, F, shiny|100/100\n|turn|4\n|\n|t:|1776602453\n|switch|p2a: Sinistcha|Sinistcha-Masterpiece, L50|100/100\n|detailschange|p2b: Glalie|Glalie-Mega, L50, F, shiny\n|-mega|p2b: Glalie|Glalie|Glalitite\n|move|p2b: Glalie|Explosion|p1b: Goodra|[spread] p2a,p1a,p1b\n|-supereffective|p2a: Sinistcha|1\n|-damage|p2a: Sinistcha|0 fnt\n|-damage|p1a: Kangaskhan|0 fnt\n|-damage|p1b: Goodra|5/100\n|faint|p2b: Glalie\n|faint|p2a: Sinistcha\n|faint|p1a: Kangaskhan\n|move|p1b: Goodra|Thunderbolt|p2: Sinistcha|[notarget]\n|-fail|p1b: Goodra\n|\n|upkeep\n|\n|t:|1776602467\n|switch|p2b: Milotic|Milotic, L50, M|22/100 psn\n|switch|p1a: Rotom|Rotom-Wash, L50|100/100\n|turn|5\n|\n|t:|1776602474\n|move|p1a: Rotom|Thunderbolt|p2b: Milotic\n|-supereffective|p2b: Milotic|1\n|-damage|p2b: Milotic|0 fnt\n|faint|p2b: Milotic\n|\n|win|N0Name12\n|raw|N0Name12's rating: 1044 &rarr; <strong>1076</strong><br />(+32 for winning)\n|raw|justtruingstiff's rating: 1025 &rarr; <strong>1012</strong><br />(-13 for losing)\n|l|\u2606N0Name12\n|player|p1|\n",
  "uploadtime": 1776602485,
  "views": 12,
  "formatid": "gen9championsvgc2026regma",
  "rating": 1012,
  "private": 0,
  "password": null
}