{
  "id": "gen9championsvgc2026regma-2582055840",
  "format": "[Gen 9 Champions] VGC 2026 Reg M-A",
  "players": [
    "rorbert",
    "corek"
  ],
  "log": "|j|\u2606rorbert\n|j|\u2606corek\n|t:|1776052591\n|gametype|doubles\n|player|p1|rorbert|grimsley|1048\n|player|p2|corek|lucas|1126\n|gen|9\n|tier|[Gen 9 Champions] VGC 2026 Reg M-A\n|rated|\n|rule|Species Clause: Limit one of each Pok\u00e9mon\n|rule|Item Clause: Limit 1 of each item\n|clearpoke\n|poke|p1|Floette-Eternal, L50, F|\n|poke|p1|Incineroar, L50, M|\n|poke|p1|Sinistcha, L50|\n|poke|p1|Rotom-Wash, L50|\n|poke|p1|Garchomp, L50, M|\n|poke|p1|Sneasler, L50, M|\n|poke|p2|Armarouge, L50, M|\n|poke|p2|Ceruledge, L50, F|\n|poke|p2|Starmie, L50|\n|poke|p2|Scizor, L50, M|\n|poke|p2|Lucario, L50, M|\n|poke|p2|Kleavor, L50, M|\n|teampreview|4\nrorbert has agreed to open team sheets.\n|inactive|Battle timer is ON: inactive players will automatically lose when time's up. (requested by corek)\n|inactive|rorbert has 60 seconds left.\n|\n|t:|1776052648\n|teamsize|p1|4\n|teamsize|p2|4\n|start\n|switch|p1a: Rotom|Rotom-Wash, L50|100/100\n|switch|p1b: Garchomp|Garchomp, L50, M|100/100\n|switch|p2a: Lucario|Lucario, L50, M|100/100\n|switch|p2b: Armarouge|Armarouge, L50, M|100/100\n|turn|1\n|inactive|rorbert has 30 seconds left.\n|inactive|rorbert has 20 seconds left.\n|inactive|corek has 30 seconds left.\n|inactive|rorbert has 15 seconds left.\n|\n|t:|1776052689\n|move|p2b: Armarouge|Wide Guard|p2b: Armarouge\n|-singleturn|p2b: Armarouge|Wide Guard\n|move|p1b: Garchomp|Earthquake|p2a: Lucario|[spread] \n|-activate|p2a: Lucario|move: Wide Guard\n|-activate|p2b: Armarouge|move: Wide Guard\n|-immune|p1a: Rotom|[from] ability: Levitate\n|move|p2a: Lucario|Ice Punch|p1b: Garchomp\n|-supereffective|p1b: Garchomp|2\n|-damage|p1b: Garchomp|12/100\n|-damage|p2a: Lucario|88/100|[from] ability: Rough Skin|[of] p1b: Garchomp\n|move|p1a: Rotom|Thunderbolt|p2b: Armarouge\n|-damage|p2b: Armarouge|57/100\n|\n|upkeep\n|turn|2\n|\n|t:|1776052710\n|move|p1b: Garchomp|Protect|p1b: Garchomp\n|-singleturn|p1b: Garchomp|Protect\n|move|p2b: Armarouge|Wide Guard|p2b: Armarouge\n|-singleturn|p2b: Armarouge|Wide Guard\n|move|p2a: Lucario|Ice Punch|p1b: Garchomp\n|-activate|p1b: Garchomp|move: Protect\n|move|p1a: Rotom|Hydro Pump|p2b: Armarouge\n|-supereffective|p2b: Armarouge|1\n|-damage|p2b: Armarouge|0 fnt\n|faint|p2b: Armarouge\n|\n|upkeep\n|\n|t:|1776052721\n|switch|p2b: Starmie|Starmie, L50|100/100\n|turn|3\n|\n|t:|1776052743\n|detailschange|p2b: Starmie|Starmie-Mega, L50\n|-mega|p2b: Starmie|Starmie|Starminite\n|move|p2b: Starmie|Ice Spinner|p1b: Garchomp\n|-supereffective|p1b: Garchomp|2\n|-damage|p1b: Garchomp|0 fnt\n|-damage|p2b: Starmie|89/100|[from] ability: Rough Skin|[of] p1b: Garchomp\n|faint|p1b: Garchomp\n|move|p2a: Lucario|Close Combat|p1a: Rotom\n|-damage|p1a: Rotom|38/100\n|-unboost|p2a: Lucario|def|1\n|-unboost|p2a: Lucario|spd|1\n|move|p1a: Rotom|Thunderbolt|p2b: Starmie\n|-supereffective|p2b: Starmie|1\n|-damage|p2b: Starmie|9/100\n|\n|-heal|p1a: Rotom|44/100|[from] item: Leftovers\n|upkeep\n|\n|t:|1776052761\n|switch|p1b: Incineroar|Incineroar, L50, M|100/100\n|-ability|p1b: Incineroar|Intimidate|boost\n|-fail|p2a: Lucario|unboost|Attack|[from] ability: Inner Focus|[of] p2a: Lucario\n|-unboost|p2b: Starmie|atk|1\n|turn|4\n|\n|t:|1776052784\n|move|p2a: Lucario|Quick Guard|p2a: Lucario\n|-singleturn|p2a: Lucario|Quick Guard\n|move|p1b: Incineroar|Fake Out|p2b: Starmie\n|-activate|p2b: Starmie|move: Quick Guard\n|move|p2b: Starmie|Self-Destruct|p1b: Incineroar|[spread] p2a,p1a,p1b\n|-resisted|p2a: Lucario|1\n|-damage|p2a: Lucario|17/100\n|-damage|p1a: Rotom|0 fnt\n|-damage|p1b: Incineroar|54/100\n|faint|p2b: Starmie\n|faint|p1a: Rotom\n|\n|upkeep\n|\n|t:|1776052798\n|switch|p2b: Scizor|Scizor, L50, M|100/100\n|switch|p1a: Floette|Floette-Eternal, L50, F|100/100\n|turn|5\n|\n|t:|1776052808\n|move|p1a: Floette|Protect|p1a: Floette\n|-singleturn|p1a: Floette|Protect\n|move|p2b: Scizor|Bullet Punch|p1a: Floette\n|-activate|p1a: Floette|move: Protect\n|move|p2a: Lucario|Close Combat|p1b: Incineroar\n|-supereffective|p1b: Incineroar|1\n|-crit|p1b: Incineroar\n|-enditem|p1b: Incineroar|Chople Berry|[eat]\n|-enditem|p1b: Incineroar|Chople Berry|[weaken]\n|-damage|p1b: Incineroar|0 fnt\n|-unboost|p2a: Lucario|def|1\n|-unboost|p2a: Lucario|spd|1\n|faint|p1b: Incineroar\n|\n|upkeep\n|turn|6\n|\n|t:|1776052825\n|detailschange|p1a: Floette|Floette-Mega, L50, F\n|-mega|p1a: Floette|Floette|Floettite\n|-ability|p1a: Floette|Fairy Aura\n|move|p2b: Scizor|Bullet Punch|p1a: Floette\n|-supereffective|p1a: Floette|1\n|-damage|p1a: Floette|1/100\n|move|p1a: Floette|Dazzling Gleam|p2a: Lucario|[spread] p2a,p2b\n|-resisted|p2b: Scizor|1\n|-damage|p2a: Lucario|0 fnt\n|-damage|p2b: Scizor|70/100\n|faint|p2a: Lucario\n|\n|upkeep\n|turn|7\n|\n|t:|1776052841\n|move|p2b: Scizor|Bullet Punch|p1a: Floette\n|-supereffective|p1a: Floette|1\n|-damage|p1a: Floette|0 fnt\n|faint|p1a: Floette\n|\n|win|corek\n|raw|rorbert's rating: 1048 &rarr; <strong>1035</strong><br />(-13 for losing)\n|raw|corek's rating: 1126 &rarr; <strong>1145</strong><br />(+19 for winning)\n",
  "uploadtime": 1776052849,
  "views": 45,
  "formatid": "gen9championsvgc2026regma",
  "rating": 1035,
  "private": 0,
  "password": null
}