{
  "id": "gen9championsvgc2026regma-2587396133",
  "format": "[Gen 9 Champions] VGC 2026 Reg M-A",
  "players": [
    "ErikTwee",
    "Isidino"
  ],
  "log": "|j|\u2606ErikTwee\n|j|\u2606Isidino\n|t:|1776528328\n|gametype|doubles\n|player|p1|ErikTwee|101|1430\n|player|p2|Isidino|266|1361\n|gen|9\n|tier|[Gen 9 Champions] VGC 2026 Reg M-A\n|rated|\n|rule|Species Clause: Limit one of each Pok\u00e9mon\n|rule|Item Clause: Limit 1 of each item\n|clearpoke\n|poke|p1|Incineroar, L50, F|\n|poke|p1|Sneasler, L50, F|\n|poke|p1|Garchomp, L50, M|\n|poke|p1|Sinistcha-Masterpiece, L50|\n|poke|p1|Torkoal, L50, M|\n|poke|p1|Gardevoir, L50, M|\n|poke|p2|Charizard, L50, M, shiny|\n|poke|p2|Whimsicott, L50, F, shiny|\n|poke|p2|Venusaur, L50, F|\n|poke|p2|Sneasler, L50, M|\n|poke|p2|Basculegion, L50, M, shiny|\n|poke|p2|Rotom-Wash, L50|\n|teampreview|4\n|inactive|Battle timer is ON: inactive players will automatically lose when time's up. (requested by Isidino)\n|inactive|ErikTwee also wants the timer to be on.\n|inactive|ErikTwee has 60 seconds left.\n|\n|t:|1776528385\n|teamsize|p1|4\n|teamsize|p2|4\n|start\n|switch|p1a: Incineroar|Incineroar, L50, F|100/100\n|switch|p1b: Garchomp|Garchomp, L50, M|100/100\n|switch|p2a: Basculegion|Basculegion, L50, M, shiny|100/100\n|switch|p2b: Sneasler|Sneasler, L50, M|100/100\n|-ability|p1a: Incineroar|Intimidate|boost\n|-unboost|p2a: Basculegion|atk|1\n|-unboost|p2b: Sneasler|atk|1\n|-enditem|p2b: Sneasler|White Herb\n|-clearnegativeboost|p2b: Sneasler|[silent]\n|turn|1\n|inactive|ErikTwee has 30 seconds left.\n|\n|t:|1776528414\n|switch|p1a: Sinistcha|Sinistcha-Masterpiece, L50|100/100\n|move|p2b: Sneasler|Fake Out|p1b: Garchomp\n|-damage|p1b: Garchomp|86/100\n|-damage|p2b: Sneasler|88/100|[from] ability: Rough Skin|[of] p1b: Garchomp\n|move|p2a: Basculegion|Wave Crash|p1a: Sinistcha\n|-resisted|p1a: Sinistcha|1\n|-damage|p1a: Sinistcha|74/100\n|-damage|p2a: Basculegion|92/100|[from] Recoil\n|cant|p1b: Garchomp|flinch\n|\n|upkeep\n|turn|2\n|inactive|ErikTwee has 30 seconds left.\n|\n|t:|1776528442\n|move|p1a: Sinistcha|Rage Powder|p1a: Sinistcha\n|-singleturn|p1a: Sinistcha|move: Rage Powder\n|move|p2b: Sneasler|Dire Claw|p1a: Sinistcha\n|-damage|p1a: Sinistcha|29/100\n|move|p2a: Basculegion|Wave Crash|p1a: Sinistcha\n|-resisted|p1a: Sinistcha|1\n|-damage|p1a: Sinistcha|3/100\n|-damage|p2a: Basculegion|85/100|[from] Recoil\n|move|p1b: Garchomp|Stomping Tantrum|p2b: Sneasler\n|-supereffective|p2b: Sneasler|1\n|-damage|p2b: Sneasler|0 fnt\n|faint|p2b: Sneasler\n|\n|upkeep\n|inactive|Isidino has 30 seconds left.\n|\n|t:|1776528473\n|switch|p2b: Whimsicott|Whimsicott, L50, F, shiny|100/100\n|turn|3\n|\n|t:|1776528486\n|switch|p1b: Incineroar|Incineroar, L50, F|100/100\n|-ability|p1b: Incineroar|Intimidate|boost\n|-unboost|p2a: Basculegion|atk|1\n|-unboost|p2b: Whimsicott|atk|1\n|move|p2a: Basculegion|Wave Crash|p1a: Sinistcha\n|-resisted|p1a: Sinistcha|1\n|-damage|p1a: Sinistcha|0 fnt\n|faint|p1a: Sinistcha\n|-damage|p2a: Basculegion|84/100|[from] Recoil\n|move|p2b: Whimsicott|Moonblast|p1b: Incineroar\n|-damage|p1b: Incineroar|75/100\n|\n|upkeep\n|\n|t:|1776528507\n|switch|p1a: Garchomp|Garchomp, L50, M|86/100\n|turn|4\n|\n|t:|1776528527\n|switch|p2a: Charizard|Charizard, L50, M, shiny|100/100\n|move|p1b: Incineroar|Fake Out|p2b: Whimsicott\n|-damage|p2b: Whimsicott|83/100\n|cant|p2b: Whimsicott|flinch\n|move|p1a: Garchomp|Rock Slide|p2b: Whimsicott|[spread] p2a,p2b\n|-supereffective|p2a: Charizard|2\n|-damage|p2a: Charizard|0 fnt\n|-damage|p2b: Whimsicott|52/100\n|faint|p2a: Charizard\n|\n|upkeep\n|c|\u2606Isidino|Vabb\u00e8\n|\n|t:|1776528541\n|switch|p2a: Basculegion|Basculegion, L50, M, shiny|84/100\n|turn|5\n|\n|t:|1776528553\n|switch|p1b: Torkoal|Torkoal, L50, M|100/100\n|-weather|SunnyDay|[from] ability: Drought|[of] p1b: Torkoal\n|move|p2a: Basculegion|Wave Crash|p1b: Torkoal\n|-supereffective|p1b: Torkoal|1\n|-damage|p1b: Torkoal|35/100\n|-damage|p2a: Basculegion|64/100|[from] Recoil\n|move|p2b: Whimsicott|Moonblast|p1a: Garchomp\n|-supereffective|p1a: Garchomp|1\n|-damage|p1a: Garchomp|11/100\n|move|p1a: Garchomp|Stomping Tantrum|p2a: Basculegion\n|-damage|p2a: Basculegion|19/100\n|\n|-weather|SunnyDay|[upkeep]\n|upkeep\n|turn|6\n|inactive|ErikTwee has 30 seconds left.\n|inactive|ErikTwee has 20 seconds left.\n|inactive|ErikTwee has 15 seconds left.\n|inactive|ErikTwee has 10 seconds left.\n|\n|t:|1776528601\n|switch|p1a: Incineroar|Incineroar, L50, F|75/100\n|-ability|p1a: Incineroar|Intimidate|boost\n|-unboost|p2a: Basculegion|atk|1\n|-unboost|p2b: Whimsicott|atk|1\n|move|p1b: Torkoal|Protect|p1b: Torkoal\n|-singleturn|p1b: Torkoal|Protect\n|move|p2a: Basculegion|Wave Crash|p1b: Torkoal\n|-activate|p1b: Torkoal|move: Protect\n|move|p2b: Whimsicott|Moonblast|p1a: Incineroar\n|-damage|p1a: Incineroar|45/100\n|-enditem|p1a: Incineroar|Sitrus Berry|[eat]\n|-heal|p1a: Incineroar|70/100|[from] item: Sitrus Berry\n|\n|-weather|SunnyDay|[upkeep]\n|upkeep\n|turn|7\n|\n|t:|1776528620\n|move|p2a: Basculegion|Wave Crash|p1a: Incineroar\n|-supereffective|p1a: Incineroar|1\n|-damage|p1a: Incineroar|16/100\n|-damage|p2a: Basculegion|1/100|[from] Recoil\n|move|p2b: Whimsicott|Moonblast|p1b: Torkoal\n|-resisted|p1b: Torkoal|1\n|-damage|p1b: Torkoal|13/100\n|move|p1a: Incineroar|Darkest Lariat|p2a: Basculegion\n|-supereffective|p2a: Basculegion|1\n|-damage|p2a: Basculegion|0 fnt\n|faint|p2a: Basculegion\n|move|p1b: Torkoal|Weather Ball|p2b: Whimsicott\n|-supereffective|p2b: Whimsicott|1\n|-damage|p2b: Whimsicott|0 fnt\n|faint|p2b: Whimsicott\n|\n|win|ErikTwee\n|raw|ErikTwee's rating: 1430 &rarr; <strong>1446</strong><br />(+16 for winning)\n|raw|Isidino's rating: 1361 &rarr; <strong>1345</strong><br />(-16 for losing)\n|c|\u2606Isidino|No comment\n",
  "uploadtime": 1776528627,
  "views": 35,
  "formatid": "gen9championsvgc2026regma",
  "rating": 1345,
  "private": 0,
  "password": null
}