{
  "id": "gen9championsvgc2026regma-2587174834",
  "format": "[Gen 9 Champions] VGC 2026 Reg M-A",
  "players": [
    "zhz2021",
    "nsbnsb"
  ],
  "log": "|j|\u2606zhz2021\n|j|\u2606nsbnsb\n|t:|1776504386\n|gametype|doubles\n|player|p1|zhz2021|marley|1418\n|player|p2|nsbnsb|ghetsis|1512\n|gen|9\n|tier|[Gen 9 Champions] VGC 2026 Reg M-A\n|rated|\n|rule|Species Clause: Limit one of each Pok\u00e9mon\n|rule|Item Clause: Limit 1 of each item\n|clearpoke\n|poke|p1|Sableye, L50, M|\n|poke|p1|Archaludon, L50, F|\n|poke|p1|Scovillain, L50, M, shiny|\n|poke|p1|Basculegion-F, L50, F, shiny|\n|poke|p1|Floette-Eternal, L50, F|\n|poke|p1|Sneasler, L50, M|\n|poke|p2|Crabominable, L50, M|\n|poke|p2|Farigiraf, L50, M|\n|poke|p2|Kingambit, L50, M, shiny|\n|poke|p2|Sinistcha, L50|\n|poke|p2|Camerupt, L50, M|\n|poke|p2|Sneasler, L50, M|\n|teampreview|4\n|inactive|Battle timer is ON: inactive players will automatically lose when time's up. (requested by nsbnsb)\n|inactive|zhz2021 has 60 seconds left.\n|inactive|zhz2021 has 30 seconds left.\n|\n|t:|1776504452\n|teamsize|p1|4\n|teamsize|p2|4\n|start\n|switch|p1a: Sableye|Sableye, L50, M|100/100\n|switch|p1b: Basculegion|Basculegion-F, L50, F, shiny|100/100\n|switch|p2a: Farigiraf|Farigiraf, L50, M|100/100\n|switch|p2b: Sneasler|Sneasler, L50, M|100/100\n|turn|1\n|\n|t:|1776504469\n|switch|p2b: Kingambit|Kingambit, L50, M, shiny|100/100\n|move|p1a: Sableye|Rain Dance|p1a: Sableye\n|-weather|RainDance\n|move|p1b: Basculegion|Muddy Water|p2b: Kingambit|[spread] p2b\n|-miss|p1b: Basculegion|p2a: Farigiraf\n|-damage|p2b: Kingambit|55/100\n|move|p2a: Farigiraf|Trick Room|p2a: Farigiraf\n|-fieldstart|move: Trick Room|[of] p2a: Farigiraf\n|\n|-weather|RainDance|[upkeep]\n|upkeep\n|turn|2\n|\n|t:|1776504481\n|move|p2b: Kingambit|Kowtow Cleave|p1a: Sableye\n|-damage|p1a: Sableye|27/100\n|move|p1a: Sableye|Foul Play|p2a: Farigiraf\n|-supereffective|p2a: Farigiraf|1\n|-damage|p2a: Farigiraf|31/100\n|move|p2a: Farigiraf|Twin Beam|p1b: Basculegion\n|-damage|p1b: Basculegion|82/100\n|-damage|p1b: Basculegion|62/100\n|-hitcount|p1b: Basculegion|2\n|move|p1b: Basculegion|Muddy Water|p2a: Farigiraf|[spread] p2a,p2b\n|-damage|p2a: Farigiraf|0 fnt\n|-damage|p2b: Kingambit|4/100\n|-unboost|p2b: Kingambit|accuracy|1\n|-ability|p2b: Kingambit|Defiant|boost\n|-boost|p2b: Kingambit|atk|2\n|faint|p2a: Farigiraf\n|\n|-weather|RainDance|[upkeep]\n|upkeep\n|\n|t:|1776504487\n|switch|p2a: Camerupt|Camerupt, L50, M|100/100\n|turn|3\n|\n|t:|1776504497\n|detailschange|p2a: Camerupt|Camerupt-Mega, L50, M\n|-mega|p2a: Camerupt|Camerupt|Cameruptite\n|move|p2a: Camerupt|Earth Power|p1b: Basculegion\n|-damage|p1b: Basculegion|0 fnt\n|faint|p1b: Basculegion\n|move|p2b: Kingambit|Kowtow Cleave|p1a: Sableye\n|-damage|p1a: Sableye|0 fnt\n|faint|p1a: Sableye\n|\n|-weather|RainDance|[upkeep]\n|upkeep\n|\n|t:|1776504499\n|switch|p1a: Sneasler|Sneasler, L50, M|100/100\n|switch|p1b: Scovillain|Scovillain, L50, M, shiny|100/100\n|turn|4\n|inactive|nsbnsb has 30 seconds left.\n|inactive|nsbnsb has 20 seconds left.\n|\n|t:|1776504535\n|switch|p2b: Sneasler|Sneasler, L50, M|100/100\n|detailschange|p1b: Scovillain|Scovillain-Mega, L50, M, shiny\n|-mega|p1b: Scovillain|Scovillain|Scovillainite\n|move|p2a: Camerupt|Protect|p2a: Camerupt\n|-singleturn|p2a: Camerupt|Protect\n|move|p1a: Sneasler|Fake Out|p2a: Camerupt\n|-activate|p2a: Camerupt|move: Protect\n|move|p1b: Scovillain|Giga Drain|p2b: Sneasler\n|-resisted|p2b: Sneasler|1\n|-damage|p2b: Sneasler|79/100\n|\n|-weather|RainDance|[upkeep]\n|upkeep\n|turn|5\n|\n|t:|1776504552\n|move|p1b: Scovillain|Protect|p1b: Scovillain\n|-singleturn|p1b: Scovillain|Protect\n|move|p1a: Sneasler|Protect|p1a: Sneasler\n|-singleturn|p1a: Sneasler|Protect\n|move|p2b: Sneasler|Fake Out|p1a: Sneasler\n|-activate|p1a: Sneasler|move: Protect\n|move|p2a: Camerupt|Earth Power|p1a: Sneasler\n|-activate|p1a: Sneasler|move: Protect\n|\n|-weather|none\n|-fieldend|move: Trick Room\n|upkeep\n|turn|6\n|\n|t:|1776504559\n|move|p1a: Sneasler|Close Combat|p2a: Camerupt\n|-damage|p2a: Camerupt|39/100\n|-unboost|p1a: Sneasler|def|1\n|-unboost|p1a: Sneasler|spd|1\n|move|p2b: Sneasler|Dire Claw|p1b: Scovillain\n|-supereffective|p1b: Scovillain|1\n|-damage|p1b: Scovillain|13/100\n|-status|p1b: Scovillain|par\n|-status|p2b: Sneasler|brn|[from] ability: Spicy Spray|[of] p1b: Scovillain\n|move|p1b: Scovillain|Overheat|p2b: Sneasler\n|-damage|p2b: Sneasler|1/100 brn\n|-unboost|p1b: Scovillain|spa|2\n|move|p2a: Camerupt|Earth Power|p1a: Sneasler\n|-supereffective|p1a: Sneasler|1\n|-enditem|p1a: Sneasler|Focus Sash\n|-damage|p1a: Sneasler|1/100\n|\n|-damage|p2b: Sneasler|0 fnt|[from] brn\n|faint|p2b: Sneasler\n|upkeep\n|\n|t:|1776504571\n|switch|p2b: Kingambit|Kingambit, L50, M, shiny|4/100\n|turn|7\n|\n|t:|1776504578\n|move|p1b: Scovillain|Rage Powder|p1b: Scovillain\n|-singleturn|p1b: Scovillain|move: Rage Powder\n|move|p1a: Sneasler|Close Combat|p2b: Kingambit\n|-supereffective|p2b: Kingambit|2\n|-damage|p2b: Kingambit|0 fnt\n|-unboost|p1a: Sneasler|def|1\n|-unboost|p1a: Sneasler|spd|1\n|faint|p2b: Kingambit\n|move|p2a: Camerupt|Heat Wave|p1a: Sneasler|[spread] p1a\n|-miss|p2a: Camerupt|p1b: Scovillain\n|-damage|p1a: Sneasler|0 fnt\n|faint|p1a: Sneasler\n|\n|upkeep\n|turn|8\n|\n|t:|1776504585\n|move|p1b: Scovillain|Giga Drain|p2a: Camerupt\n|-damage|p2a: Camerupt|22/100\n|-heal|p1b: Scovillain|23/100 par|[from] drain|[of] p2a: Camerupt\n|move|p2a: Camerupt|Earth Power|p1b: Scovillain\n|-damage|p1b: Scovillain|0 fnt\n|-immune|p2a: Camerupt\n|faint|p1b: Scovillain\n|\n|win|nsbnsb\n|raw|zhz2021's rating: 1418 &rarr; <strong>1402</strong><br />(-16 for losing)\n|raw|nsbnsb's rating: 1486 &rarr; <strong>1502</strong><br />(+16 for winning)\n|l|\u2606zhz2021\n|player|p1|\n|l|\u2606nsbnsb\n|player|p2|\n",
  "uploadtime": 1776504616,
  "views": 25,
  "formatid": "gen9championsvgc2026regma",
  "rating": 1402,
  "private": 0,
  "password": null
}