{
  "id": "gen9championsvgc2026regma-2587271140",
  "format": "[Gen 9 Champions] VGC 2026 Reg M-A",
  "players": [
    "SimMikaze",
    "TreeckoTreating"
  ],
  "log": "|j|\u2606SimMikaze\n|j|\u2606TreeckoTreating\n|t:|1776516809\n|gametype|doubles\n|player|p1|SimMikaze|miku-ghost|1345\n|player|p2|TreeckoTreating|170|1303\n|gen|9\n|tier|[Gen 9 Champions] VGC 2026 Reg M-A\n|rated|\n|rule|Species Clause: Limit one of each Pok\u00e9mon\n|rule|Item Clause: Limit 1 of each item\n|clearpoke\n|poke|p1|Gardevoir, L50, F, shiny|\n|poke|p1|Garchomp, L50, F|\n|poke|p1|Incineroar, L50, M, shiny|\n|poke|p1|Sinistcha, L50, shiny|\n|poke|p1|Corviknight, L50, M, shiny|\n|poke|p1|Milotic, L50, F|\n|poke|p2|Mimikyu, L50, M|\n|poke|p2|Crabominable, L50, F|\n|poke|p2|Scizor, L50, F|\n|poke|p2|Primarina, L50, M|\n|poke|p2|Farigiraf, L50, F|\n|poke|p2|Torkoal, L50, F|\n|teampreview|4\n|inactive|Battle timer is ON: inactive players will automatically lose when time's up. (requested by TreeckoTreating)\n|inactive|SimMikaze has 60 seconds left.\n|inactive|SimMikaze has 30 seconds left.\n|inactive|SimMikaze has 20 seconds left.\n|inactive|SimMikaze has 15 seconds left.\n|inactive|SimMikaze has 10 seconds left.\n|\n|t:|1776516962\n|teamsize|p1|4\n|teamsize|p2|4\n|start\n|switch|p1a: Milotic|Milotic, L50, F|100/100\n|switch|p1b: Sinistcha|Sinistcha, L50, shiny|100/100\n|switch|p2a: Primarina|Primarina, L50, M|100/100\n|switch|p2b: Scizor|Scizor, L50, F|100/100\n|turn|1\n|\n|t:|1776516980\n|switch|p1b: Incineroar|Incineroar, L50, M, shiny|100/100\n|-ability|p1b: Incineroar|Intimidate|boost\n|-unboost|p2a: Primarina|atk|1\n|-unboost|p2b: Scizor|atk|1\n|detailschange|p2b: Scizor|Scizor-Mega, L50, F\n|-mega|p2b: Scizor|Scizor|Scizorite\n|move|p1a: Milotic|Muddy Water|p2b: Scizor|[spread] p2a,p2b\n|-resisted|p2a: Primarina|1\n|-damage|p2a: Primarina|90/100\n|-damage|p2b: Scizor|72/100\n|move|p2b: Scizor|U-turn|p1a: Milotic\n|-damage|p1a: Milotic|67/100\n|\n|t:|1776516994\n|switch|p2b: Farigiraf|Farigiraf, L50, F|100/100|[from] U-turn\n|move|p2a: Primarina|Calm Mind|p2a: Primarina\n|-boost|p2a: Primarina|spa|1\n|-boost|p2a: Primarina|spd|1\n|\n|upkeep\n|turn|2\n|\n|t:|1776517016\n|move|p1a: Milotic|Muddy Water|p2b: Farigiraf|[spread] p2a,p2b\n|-resisted|p2a: Primarina|1\n|-damage|p2a: Primarina|83/100\n|-damage|p2b: Farigiraf|74/100\n|-unboost|p2a: Primarina|accuracy|1\n|move|p1b: Incineroar|Throat Chop|p2a: Primarina\n|-resisted|p2a: Primarina|1\n|-damage|p2a: Primarina|64/100\n|-start|p2a: Primarina|Throat Chop|[silent]\n|move|p2a: Primarina|Calm Mind|p2a: Primarina\n|-boost|p2a: Primarina|spa|1\n|-boost|p2a: Primarina|spd|1\n|move|p2b: Farigiraf|Trick Room|p2b: Farigiraf\n|-fieldstart|move: Trick Room|[of] p2b: Farigiraf\n|\n|upkeep\n|turn|3\n|inactive|SimMikaze has 30 seconds left.\n|inactive|SimMikaze has 20 seconds left.\n|\n|t:|1776517052\n|switch|p1b: Sinistcha|Sinistcha, L50, shiny|100/100\n|-heal|p1a: Milotic|92/100|[from] ability: Hospitality|[of] p1b: Sinistcha\n|move|p2b: Farigiraf|Hyper Voice|p1b: Sinistcha|[spread] p1a\n|-immune|p1b: Sinistcha\n|-damage|p1a: Milotic|72/100\n|move|p2a: Primarina|Moonblast|p1b: Sinistcha|[miss]\n|-miss|p2a: Primarina|p1b: Sinistcha\n|move|p1a: Milotic|Muddy Water|p2b: Farigiraf|[spread] p2a,p2b\n|-resisted|p2a: Primarina|1\n|-damage|p2a: Primarina|59/100\n|-damage|p2b: Farigiraf|43/100\n|-enditem|p2b: Farigiraf|Sitrus Berry|[eat]\n|-heal|p2b: Farigiraf|67/100|[from] item: Sitrus Berry\n|\n|-end|p2a: Primarina|Throat Chop|[silent]\n|upkeep\n|turn|4\n|l|\u2606TreeckoTreating\n|inactive|TreeckoTreating disconnected and has a minute to reconnect!\n|player|p2|\n|inactive|SimMikaze has 30 seconds left.\n|inactive|TreeckoTreating has 30 seconds left.\n|j|\u2606TreeckoTreating\n|inactive|TreeckoTreating reconnected and has 25 seconds left.\n|player|p2|TreeckoTreating|170|\n|inactive|SimMikaze has 20 seconds left.\n|inactive|TreeckoTreating has 20 seconds left.\n|inactive|SimMikaze has 15 seconds left.\n|inactive|TreeckoTreating has 15 seconds left.\n|inactive|SimMikaze has 10 seconds left.\n|inactive|TreeckoTreating has 10 seconds left.\n|\n|t:|1776517102\n|switch|p1b: Gardevoir|Gardevoir, L50, F, shiny|100/100\n|move|p2b: Farigiraf|Helping Hand|p2a: Primarina\n|-singleturn|p2a: Primarina|Helping Hand|[of] p2b: Farigiraf\n|move|p1a: Milotic|Protect|p1a: Milotic\n|-singleturn|p1a: Milotic|Protect\n|move|p2a: Primarina|Moonblast|p1a: Milotic\n|-activate|p1a: Milotic|move: Protect\n|\n|upkeep\n|turn|5\n|inactive|SimMikaze has 30 seconds left.\n|\n|t:|1776517132\n|switch|p1b: Sinistcha|Sinistcha, L50, shiny|100/100\n|-heal|p1a: Milotic|97/100|[from] ability: Hospitality|[of] p1b: Sinistcha\n|move|p2b: Farigiraf|Helping Hand|p2a: Primarina\n|-singleturn|p2a: Primarina|Helping Hand|[of] p2b: Farigiraf\n|move|p2a: Primarina|Hyper Voice|p1a: Milotic|[spread] p1a\n|-miss|p2a: Primarina|p1b: Sinistcha\n|-resisted|p1a: Milotic|1\n|-damage|p1a: Milotic|52/100\n|move|p1a: Milotic|Muddy Water|p2a: Primarina|[spread] p2a,p2b\n|-resisted|p2a: Primarina|1\n|-damage|p2a: Primarina|53/100\n|-damage|p2b: Farigiraf|38/100\n|-unboost|p2b: Farigiraf|accuracy|1\n|\n|upkeep\n|turn|6\n|inactive|SimMikaze has 30 seconds left.\n|\n|t:|1776517165\n|move|p2b: Farigiraf|Helping Hand|p2a: Primarina\n|-singleturn|p2a: Primarina|Helping Hand|[of] p2b: Farigiraf\n|move|p1a: Milotic|Protect|p1a: Milotic\n|-singleturn|p1a: Milotic|Protect\n|move|p2a: Primarina|Moonblast|p1b: Sinistcha|[miss]\n|-miss|p2a: Primarina|p1b: Sinistcha\n|move|p1b: Sinistcha|Life Dew||[still]|[spread] p1a,p1b\n|-heal|p1a: Milotic|77/100\n|-fail|p1b: Sinistcha|heal\n|\n|-fieldend|move: Trick Room\n|upkeep\n|turn|7\n|inactive|SimMikaze has 30 seconds left.\n|\n|t:|1776517199\n|move|p1a: Milotic|Muddy Water|p2a: Primarina|[spread] p2a,p2b\n|-resisted|p2a: Primarina|1\n|-damage|p2a: Primarina|47/100\n|-damage|p2b: Farigiraf|12/100\n|move|p2a: Primarina|Calm Mind|p2a: Primarina\n|-boost|p2a: Primarina|spa|1\n|-boost|p2a: Primarina|spd|1\n|move|p1b: Sinistcha|Trick Room|p1b: Sinistcha\n|-fieldstart|move: Trick Room|[of] p1b: Sinistcha\n|move|p2b: Farigiraf|Trick Room|p2b: Farigiraf\n|-fieldend|move: Trick Room\n|\n|upkeep\n|turn|8\n|inactive|SimMikaze has 30 seconds left.\n|\n|t:|1776517226\n|move|p2b: Farigiraf|Helping Hand|p2a: Primarina\n|-singleturn|p2a: Primarina|Helping Hand|[of] p2b: Farigiraf\n|move|p1a: Milotic|Muddy Water|p2b: Farigiraf|[spread] p2a,p2b\n|-resisted|p2a: Primarina|1\n|-damage|p2a: Primarina|42/100\n|-damage|p2b: Farigiraf|0 fnt\n|faint|p2b: Farigiraf\n|move|p1b: Sinistcha|Life Dew||[still]|[spread] p1a,p1b\n|-heal|p1a: Milotic|100/100\n|-fail|p1b: Sinistcha|heal\n|move|p2a: Primarina|Moonblast|p1b: Sinistcha|[miss]\n|-miss|p2a: Primarina|p1b: Sinistcha\n|\n|upkeep\n|-message|TreeckoTreating forfeited.\n|\n|win|SimMikaze\n|raw|SimMikaze's rating: 1345 &rarr; <strong>1363</strong><br />(+18 for winning)\n|raw|TreeckoTreating's rating: 1303 &rarr; <strong>1285</strong><br />(-18 for losing)\n|l|\u2606TreeckoTreating\n|player|p2|\n",
  "uploadtime": 1776517249,
  "views": 41,
  "formatid": "gen9championsvgc2026regma",
  "rating": 1285,
  "private": 0,
  "password": null
}