{
  "id": "gen9championsvgc2026regma-2583035621",
  "format": "[Gen 9 Champions] VGC 2026 Reg M-A",
  "players": [
    "Chef Aera",
    "Tweob"
  ],
  "log": "|j|\u2606Chef Aera\n|j|\u203dTweob\n|t:|1776135363\n|gametype|doubles\n|player|p1|Chef Aera|guitarist|1086\n|player|p2|Tweob|170|1057\n|gen|9\n|tier|[Gen 9 Champions] VGC 2026 Reg M-A\n|rated|\n|rule|Species Clause: Limit one of each Pok\u00e9mon\n|rule|Item Clause: Limit 1 of each item\n|clearpoke\n|poke|p1|Gallade, L50, M|\n|poke|p1|Sneasler, L50, M|\n|poke|p1|Medicham, L50, F|\n|poke|p1|Crabominable, L50, M|\n|poke|p1|Machamp, L50, F|\n|poke|p1|Hawlucha, L50, F|\n|poke|p2|Reuniclus, L50, M|\n|poke|p2|Garchomp, L50, F|\n|poke|p2|Tyranitar, L50, F|\n|poke|p2|Kingambit, L50, M|\n|poke|p2|Talonflame, L50, F|\n|poke|p2|Primarina, L50, F|\n|teampreview|4\n|inactive|Battle timer is ON: inactive players will automatically lose when time's up. (requested by Chef Aera)\n|\n|t:|1776135393\n|teamsize|p1|4\n|teamsize|p2|4\n|start\n|switch|p1a: Crabominable|Crabominable, L50, M|100/100\n|switch|p1b: Medicham|Medicham, L50, F|100/100\n|switch|p2a: Talonflame|Talonflame, L50, F|100/100\n|switch|p2b: Reuniclus|Reuniclus, L50, M|100/100\n|turn|1\n|inactive|Chef Aera has 30 seconds left.\n|\n|t:|1776135421\n|detailschange|p1a: Crabominable|Crabominable-Mega, L50, M\n|-mega|p1a: Crabominable|Crabominable|Crabominite\n|move|p2a: Talonflame|U-turn|p1a: Crabominable\n|-resisted|p1a: Crabominable|1\n|-damage|p1a: Crabominable|94/100\n|\n|t:|1776135428\n|switch|p2a: Primarina|Primarina, L50, F|100/100|[from] U-turn\n|move|p1b: Medicham|Skill Swap|p1a: Crabominable\n|-activate|p1b: Medicham|Skill Swap|||[of] p1a: Crabominable\n|move|p1a: Crabominable|Ice Hammer|p2a: Primarina\n|-resisted|p2a: Primarina|1\n|-damage|p2a: Primarina|48/100\n|-unboost|p1a: Crabominable|spe|1\n|-enditem|p2a: Primarina|Sitrus Berry|[eat]\n|-heal|p2a: Primarina|73/100|[from] item: Sitrus Berry\n|move|p2b: Reuniclus|Trick Room|p2b: Reuniclus\n|-fieldstart|move: Trick Room|[of] p2b: Reuniclus\n|\n|upkeep\n|turn|2\n|inactive|Chef Aera has 30 seconds left.\n|inactive|Tweob has 30 seconds left.\n|\n|t:|1776135454\n|switch|p1b: Hawlucha|Hawlucha, L50, F|100/100\n|-ability|p1b: Hawlucha|Mold Breaker\n|move|p1a: Crabominable|Earthquake|p2a: Primarina|[spread] p2a,p2b\n|-immune|p1b: Hawlucha\n|-damage|p2a: Primarina|20/100\n|-damage|p2b: Reuniclus|53/100\n|move|p2b: Reuniclus|Psychic|p1a: Crabominable\n|-supereffective|p1a: Crabominable|1\n|-damage|p1a: Crabominable|35/100\n|move|p2a: Primarina|Moonblast|p1b: Hawlucha\n|-supereffective|p1b: Hawlucha|1\n|-damage|p1b: Hawlucha|0 fnt\n|faint|p1b: Hawlucha\n|\n|upkeep\n|\n|t:|1776135465\n|switch|p1b: Machamp|Machamp, L50, F|100/100\n|turn|3\n|\n|t:|1776135484\n|move|p2a: Primarina|Protect|p2a: Primarina\n|-singleturn|p2a: Primarina|Protect\n|move|p1a: Crabominable|Earthquake|p2b: Reuniclus|[spread] p1b,p2b\n|-activate|p2a: Primarina|move: Protect\n|-damage|p1b: Machamp|48/100\n|-damage|p2b: Reuniclus|7/100\n|move|p2b: Reuniclus|Psychic|p1a: Crabominable\n|-supereffective|p1a: Crabominable|1\n|-damage|p1a: Crabominable|0 fnt\n|faint|p1a: Crabominable\n|move|p1b: Machamp|Coaching|p1: Crabominable|[notarget]\n|-fail|p1b: Machamp\n|\n|-heal|p1b: Machamp|54/100|[from] item: Leftovers\n|upkeep\n|\n|t:|1776135488\n|switch|p1a: Medicham|Medicham, L50, F|100/100\n|turn|4\n|\n|t:|1776135501\n|move|p2b: Reuniclus|Psychic|p1b: Machamp\n|-supereffective|p1b: Machamp|1\n|-damage|p1b: Machamp|0 fnt\n|faint|p1b: Machamp\n|move|p2a: Primarina|Moonblast|p1a: Medicham\n|-supereffective|p1a: Medicham|1\n|-enditem|p1a: Medicham|Focus Sash\n|-damage|p1a: Medicham|1/100\n|move|p1a: Medicham|Skill Swap|p1: Machamp|[notarget]\n|-fail|p1a: Medicham\n|\n|upkeep\n|turn|5\n|\n|t:|1776135514\n|move|p2b: Reuniclus|Shadow Ball|p1a: Medicham\n|-supereffective|p1a: Medicham|1\n|-damage|p1a: Medicham|0 fnt\n|faint|p1a: Medicham\n|\n|win|Tweob\n|raw|Chef Aera's rating: 1086 &rarr; <strong>1061</strong><br />(-25 for losing)\n|raw|Tweob's rating: 1057 &rarr; <strong>1091</strong><br />(+34 for winning)\n|l|\u203dTweob\n|player|p2|\n|l|\u2606Chef Aera\n|player|p1|\n|j|\u2606Chef Aera\n|player|p1|Chef Aera|guitarist|\n",
  "uploadtime": 1776135657,
  "views": 47,
  "formatid": "gen9championsvgc2026regma",
  "rating": 1061,
  "private": 0,
  "password": null
}