{
  "id": "gen9championsvgc2026regma-2584727927",
  "format": "[Gen 9 Champions] VGC 2026 Reg M-A",
  "players": [
    "Ahelo",
    "Nickdia1"
  ],
  "log": "|j|\u2606Ahelo\n|j|\u2606Nickdia1\n|t:|1776279453\n|gametype|doubles\n|player|p1|Ahelo|red|1074\n|player|p2|Nickdia1|2|1135\n|gen|9\n|tier|[Gen 9 Champions] VGC 2026 Reg M-A\n|rated|\n|rule|Species Clause: Limit one of each Pok\u00e9mon\n|rule|Item Clause: Limit 1 of each item\n|clearpoke\n|poke|p1|Greninja-*, L50, M|\n|poke|p1|Incineroar, L50, M|\n|poke|p1|Garchomp, L50, M|\n|poke|p1|Gardevoir, L50, F|\n|poke|p1|Sinistcha, L50|\n|poke|p1|Ninetales-Alola, L50, F|\n|poke|p2|Camerupt, L50, M|\n|poke|p2|Bellibolt, L50, M|\n|poke|p2|Sinistcha-Masterpiece, L50|\n|poke|p2|Incineroar, L50, M|\n|poke|p2|Abomasnow, L50, M|\n|poke|p2|Oranguru, L50, M|\n|teampreview|4\n|inactive|Battle timer is ON: inactive players will automatically lose when time's up. (requested by Nickdia1)\n|\n|t:|1776279504\n|teamsize|p1|4\n|teamsize|p2|4\n|start\n|switch|p1a: Incineroar|Incineroar, L50, M|100/100\n|switch|p1b: Greninja|Greninja, L50, M, shiny|100/100\n|switch|p2a: Oranguru|Oranguru, L50, M|100/100\n|switch|p2b: Bellibolt|Bellibolt, L50, M|100/100\n|-ability|p1a: Incineroar|Intimidate|boost\n|-fail|p2a: Oranguru|unboost|Attack|[from] ability: Inner Focus|[of] p2a: Oranguru\n|-unboost|p2b: Bellibolt|atk|1\n|turn|1\n|inactive|Nickdia1 has 30 seconds left.\n|\n|t:|1776279529\n|move|p1b: Greninja|Night Slash|p2a: Oranguru\n|-start|p1b: Greninja|typechange|Dark|[from] ability: Protean\n|-supereffective|p2a: Oranguru|1\n|-damage|p2a: Oranguru|48/100\n|move|p1a: Incineroar|Darkest Lariat|p2a: Oranguru\n|-supereffective|p2a: Oranguru|1\n|-damage|p2a: Oranguru|0 fnt\n|faint|p2a: Oranguru\n|move|p2b: Bellibolt|Acid Spray|p1a: Incineroar\n|-damage|p1a: Incineroar|92/100\n|-unboost|p1a: Incineroar|spd|2\n|\n|upkeep\n|\n|t:|1776279542\n|switch|p2a: Camerupt|Camerupt, L50, M|100/100\n|turn|2\n|\n|t:|1776279559\n|detailschange|p2a: Camerupt|Camerupt-Mega, L50, M\n|-mega|p2a: Camerupt|Camerupt|Cameruptite\n|move|p2a: Camerupt|Protect|p2a: Camerupt\n|-singleturn|p2a: Camerupt|Protect\n|move|p1b: Greninja|Waterfall|p2a: Camerupt\n|-activate|p2a: Camerupt|move: Protect\n|move|p1a: Incineroar|Parting Shot|p2b: Bellibolt\n|-unboost|p2b: Bellibolt|atk|1\n|-unboost|p2b: Bellibolt|spa|1\n|\n|t:|1776279567\n|switch|p1a: Garchomp|Garchomp, L50, M|100/100|[from] Parting Shot\n|move|p2b: Bellibolt|Parabolic Charge|p1b: Greninja|[spread] p1b\n|-activate|p2a: Camerupt|move: Protect\n|-immune|p1a: Garchomp\n|-damage|p1b: Greninja|76/100\n|\n|upkeep\n|turn|3\n|\n|t:|1776279586\n|switch|p2a: Sinistcha|Sinistcha-Masterpiece, L50|100/100\n|move|p1b: Greninja|Protect|p1b: Greninja\n|-singleturn|p1b: Greninja|Protect\n|move|p1a: Garchomp|Earthquake|p2a: Sinistcha|[spread] p2a,p2b\n|-activate|p1b: Greninja|move: Protect\n|-resisted|p2a: Sinistcha|1\n|-supereffective|p2b: Bellibolt|1\n|-damage|p2a: Sinistcha|85/100\n|-damage|p2b: Bellibolt|41/100\n|-start|p2b: Bellibolt|Charge|Earthquake|[from] ability: Electromorphosis\n|move|p2b: Bellibolt|Soak|p1a: Garchomp\n|-start|p1a: Garchomp|typechange|Water\n|\n|upkeep\n|turn|4\n|inactive|Ahelo has 30 seconds left.\n|\n|t:|1776279617\n|detailschange|p1b: Greninja|Greninja-Mega, L50, M, shiny\n|-mega|p1b: Greninja|Greninja|Greninjite\n|move|p1b: Greninja|Night Slash|p2a: Sinistcha\n|-start|p1b: Greninja|typechange|Dark|[from] ability: Protean\n|-supereffective|p2a: Sinistcha|1\n|-crit|p2a: Sinistcha\n|-enditem|p2a: Sinistcha|Colbur Berry|[eat]\n|-enditem|p2a: Sinistcha|Colbur Berry|[weaken]\n|-damage|p2a: Sinistcha|29/100\n|move|p1a: Garchomp|Dragon Claw|p2b: Bellibolt\n|-damage|p2b: Bellibolt|20/100\n|-start|p2b: Bellibolt|Charge|Dragon Claw|[from] ability: Electromorphosis\n|move|p2b: Bellibolt|Parabolic Charge|p1b: Greninja|[spread] p2a,p1a,p1b\n|-resisted|p2a: Sinistcha|1\n|-supereffective|p1a: Garchomp|1\n|-damage|p2a: Sinistcha|16/100\n|-heal|p2b: Bellibolt|26/100|[from] drain|[of] p2a: Sinistcha\n|-damage|p1a: Garchomp|37/100\n|-heal|p2b: Bellibolt|57/100|[from] drain|[of] p1a: Garchomp\n|-damage|p1b: Greninja|30/100\n|-heal|p2b: Bellibolt|73/100|[from] drain|[of] p1b: Greninja\n|-end|p2b: Bellibolt|Charge|[silent]\n|move|p2a: Sinistcha|Trick Room|p2a: Sinistcha\n|-fieldstart|move: Trick Room|[of] p2a: Sinistcha\n|\n|upkeep\n|turn|5\n|inactive|Ahelo has 30 seconds left.\n|inactive|Nickdia1 has 30 seconds left.\n|inactive|Ahelo has 20 seconds left.\n|inactive|Nickdia1 has 20 seconds left.\n|inactive|Nickdia1 has 15 seconds left.\n|\n|t:|1776279662\n|switch|p1a: Incineroar|Incineroar, L50, M|92/100\n|-ability|p1a: Incineroar|Intimidate|boost\n|-unboost|p2a: Sinistcha|atk|1\n|-unboost|p2b: Bellibolt|atk|1\n|move|p1b: Greninja|Protect|p1b: Greninja\n|-singleturn|p1b: Greninja|Protect\n|move|p2b: Bellibolt|Acid Spray|p1b: Greninja\n|-activate|p1b: Greninja|move: Protect\n|move|p2a: Sinistcha|Matcha Gotcha|p1b: Greninja|[spread] p1a\n|-activate|p1b: Greninja|move: Protect\n|-resisted|p1a: Incineroar|1\n|-damage|p1a: Incineroar|82/100\n|-heal|p2a: Sinistcha|22/100|[from] drain|[of] p1a: Incineroar\n|\n|upkeep\n|turn|6\n|\n|t:|1776279687\n|switch|p1b: Garchomp|Garchomp, L50, M|37/100\n|move|p2b: Bellibolt|Soak|p1a: Incineroar\n|-start|p1a: Incineroar|typechange|Water\n|move|p1a: Incineroar|Darkest Lariat|p2a: Sinistcha\n|-supereffective|p2a: Sinistcha|1\n|-crit|p2a: Sinistcha\n|-damage|p2a: Sinistcha|0 fnt\n|faint|p2a: Sinistcha\n|\n|upkeep\n|\n|t:|1776279696\n|switch|p2a: Camerupt|Camerupt-Mega, L50, M|100/100\n|turn|7\n|\n|t:|1776279711\n|switch|p1a: Gardevoir|Gardevoir, L50, F, shiny|100/100\n|move|p2a: Camerupt|Heat Wave|p1b: Garchomp|[spread] p1b\n|-miss|p2a: Camerupt|p1a: Gardevoir\n|-resisted|p1b: Garchomp|1\n|-damage|p1b: Garchomp|8/100\n|move|p2b: Bellibolt|Acid Spray|p1a: Gardevoir\n|-supereffective|p1a: Gardevoir|1\n|-damage|p1a: Gardevoir|84/100\n|-unboost|p1a: Gardevoir|spd|2\n|move|p1b: Garchomp|Earthquake|p2a: Camerupt|[spread] p2a,p2b\n|-activate|p1a: Gardevoir|ability: Telepathy\n|-supereffective|p2a: Camerupt|1\n|-supereffective|p2b: Bellibolt|1\n|-damage|p2a: Camerupt|19/100\n|-damage|p2b: Bellibolt|17/100\n|-start|p2b: Bellibolt|Charge|Earthquake|[from] ability: Electromorphosis\n|\n|upkeep\n|turn|8\n|\n|t:|1776279733\n|move|p1b: Garchomp|Protect|p1b: Garchomp\n|-singleturn|p1b: Garchomp|Protect\n|move|p2a: Camerupt|Heat Wave|p1a: Gardevoir|[spread] p1a\n|-activate|p1b: Garchomp|move: Protect\n|-damage|p1a: Gardevoir|0 fnt\n|faint|p1a: Gardevoir\n|move|p2b: Bellibolt|Parabolic Charge|p1b: Garchomp|[spread] \n|-activate|p1b: Garchomp|move: Protect\n|-immune|p2a: Camerupt\n|-end|p2b: Bellibolt|Charge|[silent]\n|\n|-fieldend|move: Trick Room\n|upkeep\n|-message|Nickdia1 forfeited.\n|\n|win|Ahelo\n|raw|Ahelo's rating: 1074 &rarr; <strong>1108</strong><br />(+34 for winning)\n|raw|Nickdia1's rating: 1135 &rarr; <strong>1106</strong><br />(-29 for losing)\n|l|\u2606Nickdia1\n|player|p2|\n",
  "uploadtime": 1776279747,
  "views": 21,
  "formatid": "gen9championsvgc2026regma",
  "rating": 1106,
  "private": 0,
  "password": null
}