{
  "id": "gen9championsvgc2026regma-2583027415",
  "format": "[Gen 9 Champions] VGC 2026 Reg M-A",
  "players": [
    "ant765lt",
    "CBKreme"
  ],
  "log": "|j|\u2606ant765lt\n|j|\u2606CBKreme\n|t:|1776134621\n|gametype|doubles\n|player|p1|ant765lt|102|1028\n|player|p2|CBKreme|interviewers|1023\n|gen|9\n|tier|[Gen 9 Champions] VGC 2026 Reg M-A\n|rated|\n|rule|Species Clause: Limit one of each Pok\u00e9mon\n|rule|Item Clause: Limit 1 of each item\n|clearpoke\n|poke|p1|Gengar, L50, M|\n|poke|p1|Sinistcha, L50|\n|poke|p1|Alakazam, L50, F|\n|poke|p1|Incineroar, L50, F|\n|poke|p1|Basculegion, L50, M|\n|poke|p1|Pelipper, L50, F|\n|poke|p2|Gardevoir, L50, F|\n|poke|p2|Ninetales-Alola, L50, F|\n|poke|p2|Froslass, L50, F|\n|poke|p2|Hatterene, L50, F|\n|poke|p2|Flapple, L50, F|\n|poke|p2|Gyarados, L50, M|\n|teampreview|4\n|inactive|Battle timer is ON: inactive players will automatically lose when time's up. (requested by CBKreme)\nant765lt rejected open team sheets.\n|inactive|CBKreme has 60 seconds left.\n|\n|t:|1776134651\n|teamsize|p1|4\n|teamsize|p2|4\n|start\n|switch|p1a: Pelipper|Pelipper, L50, F|100/100\n|switch|p1b: Basculegion|Basculegion, L50, M|100/100\n|switch|p2a: Hatterene|Hatterene, L50, F|100/100\n|switch|p2b: Flapple|Flapple, L50, F, shiny|100/100\n|-weather|RainDance|[from] ability: Drizzle|[of] p1a: Pelipper\n|turn|1\n|inactive|ant765lt has 30 seconds left.\n|\n|t:|1776134679\n|switch|p2a: Ninetales|Ninetales-Alola, L50, F|100/100\n|-weather|Snowscape|[from] ability: Snow Warning|[of] p2a: Ninetales\n|move|p1a: Pelipper|Quick Attack|p2b: Flapple\n|-damage|p2b: Flapple|91/100\n|move|p1b: Basculegion|Last Respects|p2a: Ninetales\n|-damage|p2a: Ninetales|74/100\n|move|p2b: Flapple|Grav Apple|p1b: Basculegion\n|-supereffective|p1b: Basculegion|1\n|-damage|p1b: Basculegion|0 fnt\n|faint|p1b: Basculegion\n|\n|-weather|Snowscape|[upkeep]\n|upkeep\n|c|\u2606ant765lt|wtf\n|\n|t:|1776134695\n|switch|p1b: Incineroar|Incineroar, L50, F|100/100\n|-ability|p1b: Incineroar|Intimidate|boost\n|-unboost|p2a: Ninetales|atk|1\n|-unboost|p2b: Flapple|atk|1\n|turn|2\n|\n|t:|1776134719\n|move|p2b: Flapple|Protect|p2b: Flapple\n|-singleturn|p2b: Flapple|Protect\n|move|p1a: Pelipper|Quick Attack|p2b: Flapple\n|-activate|p2b: Flapple|move: Protect\n|move|p2a: Ninetales|Aurora Veil|p2a: Ninetales\n|-sidestart|p2: CBKreme|move: Aurora Veil\n|move|p1b: Incineroar|Flare Blitz|p2b: Flapple\n|-activate|p2b: Flapple|move: Protect\n|\n|-weather|Snowscape|[upkeep]\n|upkeep\n|turn|3\n|inactive|CBKreme has 30 seconds left.\n|\n|t:|1776134745\n|switch|p1a: Sinistcha|Sinistcha, L50|100/100\n|move|p2a: Ninetales|Disable|p1b: Incineroar\n|-start|p1b: Incineroar|Disable|Flare Blitz\n|move|p2b: Flapple|Dragon Rush|p1b: Incineroar|[miss]\n|-miss|p2b: Flapple|p1b: Incineroar\n|move|p1b: Incineroar|Parting Shot|p2b: Flapple\n|-unboost|p2b: Flapple|atk|1\n|-unboost|p2b: Flapple|spa|1\n|\n|t:|1776134755\n|switch|p1b: Pelipper|Pelipper, L50, F|100/100|[from] Parting Shot\n|-weather|RainDance|[from] ability: Drizzle|[of] p1b: Pelipper\n|\n|-weather|RainDance|[upkeep]\n|upkeep\n|turn|4\n|inactive|CBKreme has 30 seconds left.\n|\n|t:|1776134787\n|switch|p2b: Froslass|Froslass, L50, F, shiny|100/100\n|move|p2a: Ninetales|Snowscape|p2a: Ninetales\n|-weather|Snowscape\n|move|p1b: Pelipper|Hurricane|p2b: Froslass\n|-crit|p2b: Froslass\n|-damage|p2b: Froslass|28/100\n|move|p1a: Sinistcha|Trick Room|p1a: Sinistcha\n|-fieldstart|move: Trick Room|[of] p1a: Sinistcha\n|\n|-weather|Snowscape|[upkeep]\n|upkeep\n|turn|5\n|inactive|CBKreme has 30 seconds left.\n|\n|t:|1776134818\n|move|p1a: Sinistcha|Protect|p1a: Sinistcha\n|-singleturn|p1a: Sinistcha|Protect\n|move|p2b: Froslass|Protect|p2b: Froslass\n|-singleturn|p2b: Froslass|Protect\n|move|p1b: Pelipper|Hurricane|p2b: Froslass\n|-activate|p2b: Froslass|move: Protect\n|move|p2a: Ninetales|Disable|p1b: Pelipper\n|-start|p1b: Pelipper|Disable|Hurricane\n|\n|-weather|Snowscape|[upkeep]\n|upkeep\n|turn|6\n|\n|t:|1776134840\n|switch|p2b: Flapple|Flapple, L50, F, shiny|91/100\n|switch|p1b: Incineroar|Incineroar, L50, F|100/100\n|-ability|p1b: Incineroar|Intimidate|boost\n|-unboost|p2a: Ninetales|atk|1\n|-unboost|p2b: Flapple|atk|1\n|switch|p2a: Hatterene|Hatterene, L50, F|100/100\n|move|p1a: Sinistcha|Foul Play|p2b: Flapple\n|-damage|p2b: Flapple|71/100\n|\n|-weather|Snowscape|[upkeep]\n|-sideend|p2: CBKreme|move: Aurora Veil\n|upkeep\n|turn|7\n|inactive|ant765lt has 30 seconds left.\n|\n|t:|1776134875\n|move|p2a: Hatterene|Dark Pulse|p1a: Sinistcha\n|-supereffective|p1a: Sinistcha|1\n|-damage|p1a: Sinistcha|53/100\n|move|p1b: Incineroar|Darkest Lariat|p2a: Hatterene\n|-damage|p2a: Hatterene|69/100\n|move|p1a: Sinistcha|Matcha Gotcha|p2b: Flapple|[spread] p2b\n|-miss|p1a: Sinistcha|p2a: Hatterene\n|-resisted|p2b: Flapple|2\n|-damage|p2b: Flapple|63/100\n|-heal|p1a: Sinistcha|57/100|[from] drain|[of] p2b: Flapple\n|-status|p2b: Flapple|brn\n|move|p2b: Flapple|Dragon Rush|p1b: Incineroar\n|-damage|p1b: Incineroar|76/100\n|\n|-weather|Snowscape|[upkeep]\n|-damage|p2b: Flapple|56/100 brn|[from] brn\n|upkeep\n|turn|8\n|inactive|CBKreme has 30 seconds left.\n|inactive|CBKreme has 20 seconds left.\n|inactive|CBKreme has 15 seconds left.\n|\n|t:|1776134919\n|switch|p1a: Pelipper|Pelipper, L50, F|100/100\n|-weather|RainDance|[from] ability: Drizzle|[of] p1a: Pelipper\n|move|p2a: Hatterene|Dark Pulse|p1a: Pelipper\n|-damage|p1a: Pelipper|60/100\n|move|p1b: Incineroar|Flare Blitz|p2a: Hatterene\n|-crit|p2a: Hatterene\n|-damage|p2a: Hatterene|38/100\n|-damage|p1b: Incineroar|67/100|[from] Recoil\n|move|p2b: Flapple|Acrobatics|p1a: Pelipper\n|-damage|p1a: Pelipper|51/100\n|\n|-weather|RainDance|[upkeep]\n|-damage|p2b: Flapple|50/100 brn|[from] brn\n|-fieldend|move: Trick Room\n|upkeep\n|-enditem|p2b: Flapple|Sitrus Berry|[eat]\n|-heal|p2b: Flapple|75/100 brn|[from] item: Sitrus Berry\n|turn|9\n|inactive|ant765lt has 30 seconds left.\n|inactive|CBKreme has 30 seconds left.\n|inactive|CBKreme has 20 seconds left.\n|\n|t:|1776134959\n|move|p1a: Pelipper|Tailwind|p1a: Pelipper\n|-sidestart|p1: ant765lt|move: Tailwind\n|move|p1b: Incineroar|Darkest Lariat|p2b: Flapple\n|-damage|p2b: Flapple|25/100 brn\n|move|p2b: Flapple|Acrobatics|p1a: Pelipper\n|-damage|p1a: Pelipper|30/100\n|move|p2a: Hatterene|Mystical Fire|p1a: Pelipper\n|-resisted|p1a: Pelipper|1\n|-damage|p1a: Pelipper|22/100\n|-unboost|p1a: Pelipper|spa|1\n|\n|-weather|RainDance|[upkeep]\n|-damage|p2b: Flapple|18/100 brn|[from] brn\n|upkeep\n|turn|10\n|\n|t:|1776134979\n|switch|p1a: Sinistcha|Sinistcha, L50|57/100\n|-heal|p1b: Incineroar|92/100|[from] ability: Hospitality|[of] p1a: Sinistcha\n|move|p1b: Incineroar|Darkest Lariat|p2a: Hatterene\n|-damage|p2a: Hatterene|4/100\n|move|p2b: Flapple|Acrobatics|p1a: Sinistcha\n|-supereffective|p1a: Sinistcha|1\n|-damage|p1a: Sinistcha|26/100\n|-enditem|p1a: Sinistcha|Sitrus Berry|[eat]\n|-heal|p1a: Sinistcha|51/100|[from] item: Sitrus Berry\n|move|p2a: Hatterene|Trick Room|p2a: Hatterene\n|-fieldstart|move: Trick Room|[of] p2a: Hatterene\n|\n|-weather|RainDance|[upkeep]\n|-damage|p2b: Flapple|12/100 brn|[from] brn\n|upkeep\n|turn|11\n|inactive|ant765lt has 30 seconds left.\n|\n|t:|1776135007\n|move|p1a: Sinistcha|Protect|p1a: Sinistcha\n|-singleturn|p1a: Sinistcha|Protect\n|move|p2a: Hatterene|Dark Pulse|p1a: Sinistcha\n|-activate|p1a: Sinistcha|move: Protect\n|move|p2b: Flapple|Acrobatics|p1a: Sinistcha\n|-activate|p1a: Sinistcha|move: Protect\n|move|p1b: Incineroar|Parting Shot|p2b: Flapple\n|-unboost|p2b: Flapple|atk|1\n|-unboost|p2b: Flapple|spa|1\n|\n|t:|1776135016\n|switch|p1b: Pelipper|Pelipper, L50, F|22/100|[from] Parting Shot\n|\n|-weather|RainDance|[upkeep]\n|-damage|p2b: Flapple|6/100 brn|[from] brn\n|upkeep\n|turn|12\n|\n|t:|1776135034\n|move|p2a: Hatterene|Dark Pulse|p1b: Pelipper\n|-damage|p1b: Pelipper|0 fnt\n|faint|p1b: Pelipper\n|move|p2b: Flapple|Acrobatics|p1a: Sinistcha\n|-supereffective|p1a: Sinistcha|1\n|-damage|p1a: Sinistcha|27/100\n|move|p1a: Sinistcha|Matcha Gotcha|p2a: Hatterene|[spread] p2a,p2b\n|-crit|p2a: Hatterene\n|-resisted|p2b: Flapple|2\n|-damage|p2a: Hatterene|0 fnt\n|-heal|p1a: Sinistcha|29/100|[from] drain|[of] p2a: Hatterene\n|-damage|p2b: Flapple|0 fnt\n|-heal|p1a: Sinistcha|31/100|[from] drain|[of] p2b: Flapple\n|faint|p2a: Hatterene\n|faint|p2b: Flapple\n|\n|-weather|none\n|-sideend|p1: ant765lt|move: Tailwind\n|upkeep\n|\n|t:|1776135050\n|switch|p2a: Ninetales|Ninetales-Alola, L50, F|74/100\n|switch|p2b: Froslass|Froslass, L50, F, shiny|28/100\n|switch|p1b: Incineroar|Incineroar, L50, F|92/100\n|-ability|p1b: Incineroar|Intimidate|boost\n|-unboost|p2a: Ninetales|atk|1\n|-unboost|p2b: Froslass|atk|1\n|-weather|Snowscape|[from] ability: Snow Warning|[of] p2a: Ninetales\n|turn|13\n|inactive|CBKreme has 30 seconds left.\n|\n|t:|1776135081\n|detailschange|p2b: Froslass|Froslass-Mega, L50, F, shiny\n|-mega|p2b: Froslass|Froslass|Froslassite\n|move|p1a: Sinistcha|Protect|p1a: Sinistcha\n|-singleturn|p1a: Sinistcha|Protect\n|move|p1b: Incineroar|Flare Blitz|p1a: Sinistcha\n|-activate|p1a: Sinistcha|move: Protect\n|move|p2b: Froslass|Blizzard|p1a: Sinistcha|[spread] p1b\n|-activate|p1a: Sinistcha|move: Protect\n|-resisted|p1b: Incineroar|1\n|-damage|p1b: Incineroar|68/100\n|move|p2a: Ninetales|Aurora Veil|p2a: Ninetales\n|-sidestart|p2: CBKreme|move: Aurora Veil\n|\n|-weather|Snowscape|[upkeep]\n|upkeep\n|turn|14\n|\n|t:|1776135105\n|move|p1b: Incineroar|Darkest Lariat|p2a: Ninetales\n|-resisted|p2a: Ninetales|1\n|-damage|p2a: Ninetales|62/100\n|move|p1a: Sinistcha|Matcha Gotcha|p2b: Froslass|[spread] p2a,p2b\n|-damage|p2a: Ninetales|45/100\n|-heal|p1a: Sinistcha|40/100|[from] drain|[of] p2a: Ninetales\n|-damage|p2b: Froslass|11/100\n|-heal|p1a: Sinistcha|49/100|[from] drain|[of] p2b: Froslass\n|move|p2b: Froslass|Blizzard|p1a: Sinistcha|[spread] p1a,p1b\n|-supereffective|p1a: Sinistcha|1\n|-resisted|p1b: Incineroar|1\n|-damage|p1a: Sinistcha|0 fnt\n|-damage|p1b: Incineroar|46/100\n|faint|p1a: Sinistcha\n|move|p2a: Ninetales|Disable|p1b: Incineroar\n|-start|p1b: Incineroar|Disable|Darkest Lariat\n|\n|-weather|Snowscape|[upkeep]\n|-fieldend|move: Trick Room\n|upkeep\n|turn|15\n|\n|t:|1776135126\n|move|p2b: Froslass|Protect|p2b: Froslass\n|-singleturn|p2b: Froslass|Protect\n|move|p2a: Ninetales|Encore|p1b: Incineroar\n|-start|p1b: Incineroar|Encore\n|cant|p1b: Incineroar|Disable|Darkest Lariat\n|\n|-weather|Snowscape|[upkeep]\n|upkeep\n|turn|16\n|\n|t:|1776135143\n|move|p2a: Ninetales|Disable||[still]\n|-fail|p2a: Ninetales\n|move|p2b: Froslass|Thunderbolt|p1b: Incineroar\n|-damage|p1b: Incineroar|11/100\n|-activate|p1b: Incineroar|move: Struggle\n|move|p1b: Incineroar|Struggle|p2b: Froslass\n|-damage|p2b: Froslass|2/100\n|-damage|p1b: Incineroar|0 fnt|[from] recoil\n|faint|p1b: Incineroar\n|\n|win|CBKreme\n|raw|ant765lt's rating: 1028 &rarr; <strong>1014</strong><br />(-14 for losing)\n|raw|CBKreme's rating: 1023 &rarr; <strong>1060</strong><br />(+37 for winning)\n|c|\u2606ant765lt|gg\n|l|\u2606ant765lt\n|player|p1|\n",
  "uploadtime": 1776135163,
  "views": 10,
  "formatid": "gen9championsvgc2026regma",
  "rating": 1014,
  "private": 0,
  "password": null
}