{
  "id": "gen9championsvgc2026regma-2587636436",
  "format": "[Gen 9 Champions] VGC 2026 Reg M-A",
  "players": [
    "Leonidasiojvh",
    "26820zh"
  ],
  "log": "|j|\u2606Leonidasiojvh\n|j|\u260626820zh\n|t:|1776549117\n|gametype|doubles\n|player|p1|Leonidasiojvh|101|1029\n|player|p2|26820zh|102|1122\n|gen|9\n|tier|[Gen 9 Champions] VGC 2026 Reg M-A\n|rated|\n|rule|Species Clause: Limit one of each Pok\u00e9mon\n|rule|Item Clause: Limit 1 of each item\n|clearpoke\n|poke|p1|Glalie, L50, F|\n|poke|p1|Clefable, L50, M|\n|poke|p1|Incineroar, L50, M|\n|poke|p1|Farigiraf, L50, F|\n|poke|p1|Crabominable, L50, F, shiny|\n|poke|p1|Hydrapple, L50, F|\n|poke|p2|Gengar, L50, M|\n|poke|p2|Incineroar, L50, F|\n|poke|p2|Garchomp, L50, M|\n|poke|p2|Sneasler, L50, F|\n|poke|p2|Sinistcha-Masterpiece, L50|\n|poke|p2|Kingambit, L50, F|\n|teampreview|4\n|\n|t:|1776549153\n|teamsize|p1|4\n|teamsize|p2|4\n|start\n|switch|p1a: Glalie|Glalie, L50, F|100/100\n|switch|p1b: Clefable|Clefable, L50, M|100/100\n|switch|p2a: Gengar|Gengar, L50, M|100/100\n|switch|p2b: Sinistcha|Sinistcha-Masterpiece, L50|100/100\n|turn|1\n|\n|t:|1776549166\n|detailschange|p1a: Glalie|Glalie-Mega, L50, F\n|-mega|p1a: Glalie|Glalie|Glalitite\n|move|p2a: Gengar|Protect|p2a: Gengar\n|-singleturn|p2a: Gengar|Protect\n|move|p2b: Sinistcha|Protect|p2b: Sinistcha\n|-singleturn|p2b: Sinistcha|Protect\n|move|p1b: Clefable|Protect|p1b: Clefable\n|-singleturn|p1b: Clefable|Protect\n|move|p1a: Glalie|Explosion|p2b: Sinistcha|[spread] \n|-activate|p1b: Clefable|move: Protect\n|-activate|p2a: Gengar|move: Protect\n|-activate|p2b: Sinistcha|move: Protect\n|faint|p1a: Glalie\n|\n|upkeep\n|\n|t:|1776549183\n|switch|p1a: Farigiraf|Farigiraf, L50, F|100/100\n|turn|2\n|\n|t:|1776549193\n|detailschange|p2a: Gengar|Gengar-Mega, L50, M\n|-mega|p2a: Gengar|Gengar|Gengarite\n|move|p2b: Sinistcha|Rage Powder|p2b: Sinistcha\n|-singleturn|p2b: Sinistcha|move: Rage Powder\n|move|p1b: Clefable|Follow Me|p1b: Clefable\n|-singleturn|p1b: Clefable|move: Follow Me\n|move|p2a: Gengar|Perish Song|p2a: Gengar\n|-start|p1a: Farigiraf|perish3|[silent]\n|-start|p1b: Clefable|perish3|[silent]\n|-start|p2a: Gengar|perish3|[silent]\n|-start|p2b: Sinistcha|perish3|[silent]\n|-fieldactivate|move: Perish Song\n|move|p1a: Farigiraf|Trick Room|p1a: Farigiraf\n|-fieldstart|move: Trick Room|[of] p1a: Farigiraf\n|\n|-start|p1a: Farigiraf|perish3\n|-start|p1b: Clefable|perish3\n|-start|p2b: Sinistcha|perish3\n|-start|p2a: Gengar|perish3\n|upkeep\n|turn|3\n|\n|t:|1776549215\n|switch|p2b: Incineroar|Incineroar, L50, F|100/100\n|-ability|p2b: Incineroar|Intimidate|boost\n|-unboost|p1a: Farigiraf|atk|1\n|-unboost|p1b: Clefable|atk|1\n|move|p2a: Gengar|Protect|p2a: Gengar\n|-singleturn|p2a: Gengar|Protect\n|move|p1a: Farigiraf|Nasty Plot|p1a: Farigiraf\n|-boost|p1a: Farigiraf|spa|2\n|move|p1b: Clefable|Thunder Wave|p2a: Gengar\n|-activate|p2a: Gengar|move: Protect\n|\n|-start|p1a: Farigiraf|perish2\n|-start|p1b: Clefable|perish2\n|-start|p2a: Gengar|perish2\n|upkeep\n|turn|4\n|\n|t:|1776549237\n|switch|p2a: Kingambit|Kingambit, L50, F|100/100\n|move|p1a: Farigiraf|Psychic|p2a: Kingambit\n|-immune|p2a: Kingambit\n|move|p1b: Clefable|Moonblast|p2b: Incineroar\n|-damage|p2b: Incineroar|71/100\n|move|p2b: Incineroar|Parting Shot|p2a: Kingambit\n|-unboost|p2a: Kingambit|atk|1\n|-unboost|p2a: Kingambit|spa|1\n|\n|t:|1776549247\n|switch|p2b: Gengar|Gengar-Mega, L50, M|100/100|[from] Parting Shot\n|\n|-start|p1a: Farigiraf|perish1\n|-start|p1b: Clefable|perish1\n|upkeep\n|turn|5\n|\n|t:|1776549276\n|switch|p2a: Incineroar|Incineroar, L50, F|71/100\n|-ability|p2a: Incineroar|Intimidate|boost\n|-unboost|p1a: Farigiraf|atk|1\n|-unboost|p1b: Clefable|atk|1\n|move|p2b: Gengar|Protect|p2b: Gengar\n|-singleturn|p2b: Gengar|Protect\n|move|p1a: Farigiraf|Psychic|p2b: Gengar\n|-activate|p2b: Gengar|move: Protect\n|move|p1b: Clefable|Moonblast|p2a: Incineroar\n|-damage|p2a: Incineroar|39/100\n|-enditem|p2a: Incineroar|Sitrus Berry|[eat]\n|-heal|p2a: Incineroar|64/100|[from] item: Sitrus Berry\n|\n|-start|p1a: Farigiraf|perish0\n|-start|p1b: Clefable|perish0\n|faint|p1a: Farigiraf\n|faint|p1b: Clefable\n|upkeep\n|\n|t:|1776549297\n|switch|p1b: Hydrapple|Hydrapple, L50, F|100/100\n|turn|6\n|\n|t:|1776549304\n|move|p2a: Incineroar|Fake Out|p1b: Hydrapple\n|-damage|p1b: Hydrapple|93/100\n|cant|p1b: Hydrapple|flinch\n|move|p2b: Gengar|Sludge Bomb|p1b: Hydrapple\n|-supereffective|p1b: Hydrapple|1\n|-damage|p1b: Hydrapple|0 fnt\n|faint|p1b: Hydrapple\n|\n|win|26820zh\n|raw|Leonidasiojvh's rating: 1029 &rarr; <strong>1018</strong><br />(-11 for losing)\n|raw|26820zh's rating: 1122 &rarr; <strong>1140</strong><br />(+18 for winning)\n|l|\u2606Leonidasiojvh\n|player|p1|\n",
  "uploadtime": 1776549318,
  "views": 16,
  "formatid": "gen9championsvgc2026regma",
  "rating": 1018,
  "private": 0,
  "password": null
}