{
  "id": "gen9championsvgc2026regma-2587111888",
  "format": "[Gen 9 Champions] VGC 2026 Reg M-A",
  "players": [
    "v 15fb",
    "Mentalsyndrome"
  ],
  "log": "|j|\u2606v 15fb\n|j|\u2606Mentalsyndrome\n|t:|1776495048\n|gametype|doubles\n|player|p1|v 15fb|clown|1249\n|player|p2|Mentalsyndrome|265|1287\n|gen|9\n|tier|[Gen 9 Champions] VGC 2026 Reg M-A\n|rated|\n|rule|Species Clause: Limit one of each Pok\u00e9mon\n|rule|Item Clause: Limit 1 of each item\n|clearpoke\n|poke|p1|Sneasler, L50, M|\n|poke|p1|Corviknight, L50, M|\n|poke|p1|Garchomp, L50, M|\n|poke|p1|Incineroar, L50, M|\n|poke|p1|Floette-Eternal, L50, F|\n|poke|p1|Sinistcha, L50|\n|poke|p2|Tinkaton, L50, F|\n|poke|p2|Kangaskhan, L50, F|\n|poke|p2|Farigiraf, L50, M|\n|poke|p2|Camerupt, L50, M|\n|poke|p2|Gardevoir, L50, F, shiny|\n|poke|p2|Conkeldurr, L50, F|\n|teampreview|4\n|inactive|Battle timer is ON: inactive players will automatically lose when time's up. (requested by Mentalsyndrome)\n|inactive|v 15fb also wants the timer to be on.\n|\n|t:|1776495077\n|teamsize|p1|4\n|teamsize|p2|4\n|start\n|switch|p1a: Sneasler|Sneasler, L50, M|100/100\n|switch|p1b: Corviknight|Corviknight, L50, M|100/100\n|switch|p2a: Taco Tuesday|Kangaskhan, L50, F|100/100\n|switch|p2b: Ai|Gardevoir, L50, F, shiny|100/100\n|-ability|p2b: Ai|Mirror Armor|Trace|[from] ability: Trace|[of] p1b: Corviknight\n|turn|1\n|\n|t:|1776495089\n|switch|p2b: Shane|Farigiraf, L50, M|100/100\n|move|p1a: Sneasler|Fake Out||[still]\n|cant|p2b: Shane|ability: Armor Tail|Fake Out|[of] p1a: Sneasler\n|move|p2a: Taco Tuesday|Fake Out|p1a: Sneasler\n|-damage|p1a: Sneasler|60/100\n|move|p1b: Corviknight|Tailwind|p1b: Corviknight\n|-sidestart|p1: v 15fb|move: Tailwind\n|\n|upkeep\n|turn|2\n|\n|t:|1776495114\n|switch|p2a: Ai|Gardevoir, L50, F, shiny|100/100\n|-ability|p2a: Ai|Mirror Armor|Trace|[from] ability: Trace|[of] p1b: Corviknight\n|move|p1a: Sneasler|Close Combat|p2a: Ai\n|-resisted|p2a: Ai|2\n|-damage|p2a: Ai|70/100\n|-unboost|p1a: Sneasler|def|1\n|-unboost|p1a: Sneasler|spd|1\n|move|p1b: Corviknight|Iron Defense|p1b: Corviknight\n|-boost|p1b: Corviknight|def|2\n|move|p2b: Shane|Trick Room|p2b: Shane\n|-fieldstart|move: Trick Room|[of] p2b: Shane\n|\n|upkeep\n|turn|3\n|inactive|Mentalsyndrome has 30 seconds left.\n|\n|t:|1776495143\n|detailschange|p2a: Ai|Gardevoir-Mega, L50, F, shiny\n|-mega|p2a: Ai|Gardevoir|Gardevoirite\n|move|p2b: Shane|Thunderbolt|p1b: Corviknight\n|-supereffective|p1b: Corviknight|1\n|-damage|p1b: Corviknight|55/100\n|move|p2a: Ai|Psychic|p1a: Sneasler\n|-supereffective|p1a: Sneasler|2\n|-damage|p1a: Sneasler|0 fnt\n|faint|p1a: Sneasler\n|move|p1b: Corviknight|Body Press|p2b: Shane\n|-damage|p2b: Shane|65/100\n|\n|-heal|p1b: Corviknight|60/100|[from] item: Leftovers\n|upkeep\n|\n|t:|1776495154\n|switch|p1a: Garchomp|Garchomp, L50, M|100/100\n|turn|4\n|\n|t:|1776495161\n|detailschange|p1a: Garchomp|Garchomp-Mega, L50, M\n|-mega|p1a: Garchomp|Garchomp|Garchompite\n|move|p2b: Shane|Thunderbolt|p1b: Corviknight\n|-supereffective|p1b: Corviknight|1\n|-damage|p1b: Corviknight|12/100\n|move|p2a: Ai|Hyper Voice|p1b: Corviknight|[spread] p1a,p1b\n|-supereffective|p1a: Garchomp|1\n|-resisted|p1b: Corviknight|1\n|-damage|p1a: Garchomp|7/100\n|-damage|p1b: Corviknight|0 fnt\n|faint|p1b: Corviknight\n|move|p1a: Garchomp|Earthquake|p2a: Ai|[spread] p2a,p2b\n|-damage|p2a: Ai|0 fnt\n|-damage|p2b: Shane|22/100\n|faint|p2a: Ai\n|\n|-sideend|p1: v 15fb|move: Tailwind\n|upkeep\n|\n|t:|1776495169\n|switch|p1b: Incineroar|Incineroar, L50, M|100/100\n|switch|p2a: Chuckles|Conkeldurr, L50, F|100/100\n|-ability|p1b: Incineroar|Intimidate|boost\n|-unboost|p2a: Chuckles|atk|1\n|-unboost|p2b: Shane|atk|1\n|turn|5\n|\n|t:|1776495182\n|move|p2b: Shane|Helping Hand|p2a: Chuckles\n|-singleturn|p2a: Chuckles|Helping Hand|[of] p2b: Shane\n|move|p1a: Garchomp|Protect|p1a: Garchomp\n|-singleturn|p1a: Garchomp|Protect\n|move|p2a: Chuckles|Drain Punch|p1b: Incineroar\n|-supereffective|p1b: Incineroar|1\n|-enditem|p1b: Incineroar|Chople Berry|[eat]\n|-enditem|p1b: Incineroar|Chople Berry|[weaken]\n|-damage|p1b: Incineroar|49/100\n|move|p1b: Incineroar|Throat Chop|p2b: Shane\n|-supereffective|p2b: Shane|1\n|-damage|p2b: Shane|0 fnt\n|faint|p2b: Shane\n|\n|upkeep\n|\n|t:|1776495184\n|switch|p2b: Taco Tuesday|Kangaskhan, L50, F|100/100\n|turn|6\n|inactive|v 15fb has 30 seconds left.\n|\n|t:|1776495210\n|move|p1a: Garchomp|Protect||[still]\n|-fail|p1a: Garchomp\n|move|p2b: Taco Tuesday|Fake Out|p1b: Incineroar\n|-crit|p1b: Incineroar\n|-damage|p1b: Incineroar|19/100\n|move|p2a: Chuckles|Ice Punch|p1a: Garchomp\n|-supereffective|p1a: Garchomp|2\n|-damage|p1a: Garchomp|0 fnt\n|faint|p1a: Garchomp\n|cant|p1b: Incineroar|flinch\n|\n|-fieldend|move: Trick Room\n|upkeep\n|turn|7\n|-message|v 15fb forfeited.\n|\n|win|Mentalsyndrome\n|raw|v 15fb's rating: 1249 &rarr; <strong>1227</strong><br />(-22 for losing)\n|raw|Mentalsyndrome's rating: 1287 &rarr; <strong>1309</strong><br />(+22 for winning)\n|l|\u2606v 15fb\n|player|p1|\n",
  "uploadtime": 1776495224,
  "views": 23,
  "formatid": "gen9championsvgc2026regma",
  "rating": 1227,
  "private": 0,
  "password": null
}