{
  "id": "gen9championsvgc2026regma-2588940922",
  "format": "[Gen 9 Champions] VGC 2026 Reg M-A",
  "players": [
    "bigpedro",
    "hgft6"
  ],
  "log": "|j|\u2606bigpedro\n|j|\u2606hgft6\n|t:|1776687938\n|gametype|doubles\n|player|p1|bigpedro|wallace|1310\n|player|p2|hgft6|169|1244\n|gen|9\n|tier|[Gen 9 Champions] VGC 2026 Reg M-A\n|rated|\n|rule|Species Clause: Limit one of each Pok\u00e9mon\n|rule|Item Clause: Limit 1 of each item\n|clearpoke\n|poke|p1|Floette-Eternal, L50, F|\n|poke|p1|Delphox, L50, M|\n|poke|p1|Aerodactyl, L50, M|\n|poke|p1|Garchomp, L50, F|\n|poke|p1|Basculegion, L50, M|\n|poke|p1|Sneasler, L50, M|\n|poke|p2|Aerodactyl, L50, M|\n|poke|p2|Kangaskhan, L50, F|\n|poke|p2|Archaludon, L50, F|\n|poke|p2|Tauros-Paldea-Aqua, L50, M|\n|poke|p2|Meganium, L50, F|\n|poke|p2|Typhlosion-Hisui, L50, F|\n|teampreview|4\n|inactive|Battle timer is ON: inactive players will automatically lose when time's up. (requested by bigpedro)\n|inactive|hgft6 also wants the timer to be on.\n|\n|t:|1776687965\n|teamsize|p1|4\n|teamsize|p2|4\n|start\n|switch|p1a: Aerodactyl|Aerodactyl, L50, M|100/100\n|switch|p1b: Basculegion|Basculegion, L50, M|100/100\n|switch|p2a: Aerodactyl|Aerodactyl, L50, M|100/100\n|switch|p2b: Archaludon|Archaludon, L50, F|100/100\n|-ability|p1a: Aerodactyl|Unnerve\n|-ability|p2a: Aerodactyl|Unnerve\n|turn|1\n|\n|t:|1776687986\n|move|p1b: Basculegion|Flip Turn|p2a: Aerodactyl\n|-supereffective|p2a: Aerodactyl|1\n|-enditem|p2a: Aerodactyl|Focus Sash\n|-damage|p2a: Aerodactyl|1/100\n|\n|t:|1776687991\n|switch|p1b: Garchomp|Garchomp, L50, F|100/100|[from] Flip Turn\n|move|p2a: Aerodactyl|Tailwind|p2a: Aerodactyl\n|-sidestart|p2: hgft6|move: Tailwind\n|move|p2b: Archaludon|Flash Cannon|p1a: Aerodactyl\n|-supereffective|p1a: Aerodactyl|1\n|-enditem|p1a: Aerodactyl|Focus Sash\n|-damage|p1a: Aerodactyl|1/100\n|move|p1a: Aerodactyl|Tailwind|p1a: Aerodactyl\n|-sidestart|p1: bigpedro|move: Tailwind\n|\n|upkeep\n|turn|2\n|\n|t:|1776688008\n|move|p2b: Archaludon|Protect|p2b: Archaludon\n|-singleturn|p2b: Archaludon|Protect\n|move|p1a: Aerodactyl|Rock Slide|p2b: Archaludon|[spread] p2a\n|-activate|p2b: Archaludon|move: Protect\n|-supereffective|p2a: Aerodactyl|1\n|-damage|p2a: Aerodactyl|0 fnt\n|faint|p2a: Aerodactyl\n|move|p1b: Garchomp|Stomping Tantrum|p2b: Archaludon\n|-activate|p2b: Archaludon|move: Protect\n|\n|upkeep\n|\n|t:|1776688017\n|switch|p2a: Tauros|Tauros-Paldea-Aqua, L50, M|100/100\n|-ability|p2a: Tauros|Intimidate|boost\n|-unboost|p1a: Aerodactyl|atk|1\n|-unboost|p1b: Garchomp|atk|1\n|turn|3\n|\n|t:|1776688026\n|move|p2a: Tauros|Aqua Jet|p1a: Aerodactyl\n|-supereffective|p1a: Aerodactyl|1\n|-damage|p1a: Aerodactyl|0 fnt\n|faint|p1a: Aerodactyl\n|move|p1b: Garchomp|Stomping Tantrum|p2b: Archaludon\n|-supereffective|p2b: Archaludon|1\n|-damage|p2b: Archaludon|50/100\n|move|p2b: Archaludon|Dragon Pulse|p1b: Garchomp\n|-supereffective|p1b: Garchomp|1\n|-damage|p1b: Garchomp|7/100\n|\n|-heal|p2b: Archaludon|56/100|[from] item: Leftovers\n|upkeep\n|\n|t:|1776688037\n|switch|p1a: Floette|Floette-Eternal, L50, F|100/100\n|turn|4\n|\n|t:|1776688045\n|detailschange|p1a: Floette|Floette-Mega, L50, F\n|-mega|p1a: Floette|Floette|Floettite\n|-ability|p1a: Floette|Fairy Aura\n|move|p1b: Garchomp|Protect|p1b: Garchomp\n|-singleturn|p1b: Garchomp|Protect\n|move|p1a: Floette|Dazzling Gleam|p2a: Tauros|[spread] p2a,p2b\n|-supereffective|p2a: Tauros|1\n|-damage|p2a: Tauros|0 fnt\n|-damage|p2b: Archaludon|0 fnt\n|faint|p2a: Tauros\n|faint|p2b: Archaludon\n|\n|-sideend|p2: hgft6|move: Tailwind\n|-sideend|p1: bigpedro|move: Tailwind\n|upkeep\n|\n|t:|1776688054\n|switch|p2b: Kangaskhan|Kangaskhan, L50, F|100/100\n|turn|5\n|-message|hgft6 forfeited.\n|\n|win|bigpedro\n|raw|bigpedro's rating: 1310 &rarr; <strong>1326</strong><br />(+16 for winning)\n|raw|hgft6's rating: 1244 &rarr; <strong>1224</strong><br />(-20 for losing)\n|l|\u2606hgft6\n|player|p2|\n",
  "uploadtime": 1776688063,
  "views": 10,
  "formatid": "gen9championsvgc2026regma",
  "rating": 1224,
  "private": 0,
  "password": null
}