{
  "id": "gen9championsvgc2026regma-2588364998",
  "format": "[Gen 9 Champions] VGC 2026 Reg M-A",
  "players": [
    "sylent knight",
    "testingtesting101"
  ],
  "log": "|j|\u2606sylent knight\n|j|\u2606testingtesting101\n|t:|1776627442\n|gametype|doubles\n|player|p1|sylent knight|102|1377\n|player|p2|testingtesting101|buck|1419\n|gen|9\n|tier|[Gen 9 Champions] VGC 2026 Reg M-A\n|rated|\n|rule|Species Clause: Limit one of each Pok\u00e9mon\n|rule|Item Clause: Limit 1 of each item\n|clearpoke\n|poke|p1|Meganium, L50, F|\n|poke|p1|Palafin, L50, M|\n|poke|p1|Dragonite, L50, F|\n|poke|p1|Araquanid, L50, F|\n|poke|p1|Sableye, L50, F|\n|poke|p1|Archaludon, L50, M|\n|poke|p2|Glimmora, L50, F|\n|poke|p2|Chesnaught, L50, M|\n|poke|p2|Alakazam, L50, M|\n|poke|p2|Noivern, L50, M|\n|poke|p2|Cofagrigus, L50, M|\n|poke|p2|Heliolisk, L50, M|\n|teampreview|4\n|inactive|Battle timer is ON: inactive players will automatically lose when time's up. (requested by sylent knight)\ntestingtesting101 rejected open team sheets.\n|inactive|sylent knight has 60 seconds left.\n|inactive|testingtesting101 has 60 seconds left.\n|\n|t:|1776627482\n|teamsize|p1|4\n|teamsize|p2|4\n|start\n|switch|p1a: Sableye|Sableye, L50, F|100/100\n|switch|p1b: Araquanid|Araquanid, L50, F|100/100\n|switch|p2a: Glimmora|Glimmora, L50, F|100/100\n|switch|p2b: Alakazam|Alakazam, L50, M|100/100\n|turn|1\n|\n|t:|1776627494\n|detailschange|p2a: Glimmora|Glimmora-Mega, L50, F\n|-mega|p2a: Glimmora|Glimmora|Glimmoranite\n|move|p2a: Glimmora|Spiky Shield|p2a: Glimmora\n|-singleturn|p2a: Glimmora|move: Protect\n|move|p1a: Sableye|Fake Out|p2b: Alakazam\n|-damage|p2b: Alakazam|82/100\n|move|p2b: Alakazam|Reflect|p2b: Alakazam\n|-sidestart|p2: testingtesting101|Reflect\n|move|p1b: Araquanid|Liquidation|p2a: Glimmora\n|-activate|p2a: Glimmora|move: Protect\n|-damage|p1b: Araquanid|88/100|[from] Spiky Shield|[of] p2a: Glimmora\n|\n|upkeep\n|turn|2\n|\n|t:|1776627513\n|switch|p2a: Heliolisk|Heliolisk, L50, M|100/100\n|move|p1a: Sableye|Quash||[still]\n|-fail|p1a: Sableye\n|move|p2b: Alakazam|Psychic|p1b: Araquanid\n|-damage|p1b: Araquanid|49/100\n|move|p1b: Araquanid|Liquidation|p2a: Heliolisk\n|-immune|p2a: Heliolisk|[from] ability: Dry Skin\n|\n|upkeep\n|turn|3\n|\n|t:|1776627531\n|move|p1a: Sableye|Quash|p2a: Heliolisk\n|-activate|p2a: Heliolisk|move: Quash\n|move|p2b: Alakazam|Light Screen|p2b: Alakazam\n|-sidestart|p2: testingtesting101|move: Light Screen\n|move|p1b: Araquanid|Leech Life|p2b: Alakazam\n|-supereffective|p2b: Alakazam|1\n|-damage|p2b: Alakazam|0 fnt\n|-heal|p1b: Araquanid|79/100|[from] drain|[of] p2b: Alakazam\n|faint|p2b: Alakazam\n|move|p2a: Heliolisk|Thunderbolt|p1b: Araquanid\n|-supereffective|p1b: Araquanid|1\n|-damage|p1b: Araquanid|7/100\n|\n|upkeep\n|\n|t:|1776627549\n|switch|p2b: Glimmora|Glimmora-Mega, L50, F|100/100\n|turn|4\n|-activate|p1b: Araquanid|item: Quick Claw\n|\n|t:|1776627566\n|switch|p1a: Palafin|Palafin, L50, M|100/100\n|move|p1b: Araquanid|Liquidation|p2b: Glimmora\n|-supereffective|p2b: Glimmora|1\n|-crit|p2b: Glimmora\n|-damage|p2b: Glimmora|0 fnt\n|faint|p2b: Glimmora\n|move|p2a: Heliolisk|Hyper Voice|p1b: Araquanid|[spread] p1a,p1b\n|-damage|p1a: Palafin|61/100\n|-damage|p1b: Araquanid|0 fnt\n|faint|p1b: Araquanid\n|\n|upkeep\n|\n|t:|1776627580\n|switch|p2b: Noivern|Noivern, L50, M|100/100\n|switch|p1b: Sableye|Sableye, L50, F|100/100\n|turn|5\n|\n|t:|1776627591\n|detailschange|p1a: Palafin|Palafin-Hero, L50, M\n|switch|p1a: Meganium|Meganium, L50, F|100/100\n|move|p2b: Noivern|Protect|p2b: Noivern\n|-singleturn|p2b: Noivern|Protect\n|move|p2a: Heliolisk|Protect|p2a: Heliolisk\n|-singleturn|p2a: Heliolisk|Protect\n|move|p1b: Sableye|Fake Out|p2b: Noivern\n|-activate|p2b: Noivern|move: Protect\n|\n|-sideend|p2: testingtesting101|Reflect\n|upkeep\n|turn|6\n|\n|t:|1776627607\n|detailschange|p1a: Meganium|Meganium-Mega, L50, F\n|-mega|p1a: Meganium|Meganium|Meganiumite\n|move|p2a: Heliolisk|Ally Switch|p2a: Heliolisk\n|swap|p2a: Heliolisk|1|[from] move: Ally Switch\n|move|p1b: Sableye|Quash||[still]\n|-fail|p1b: Sableye\n|move|p2a: Noivern|Air Slash|p1a: Meganium\n|-supereffective|p1a: Meganium|1\n|-damage|p1a: Meganium|45/100\n|move|p1a: Meganium|Weather Ball|p2a: Noivern\n|-resisted|p2a: Noivern|1\n|-damage|p2a: Noivern|71/100\n|\n|upkeep\n|turn|7\n|\n|t:|1776627626\n|move|p2b: Heliolisk|Protect|p2b: Heliolisk\n|-singleturn|p2b: Heliolisk|Protect\n|move|p1b: Sableye|Quash|p2b: Heliolisk\n|-activate|p2b: Heliolisk|move: Protect\n|move|p2a: Noivern|Air Slash|p1a: Meganium\n|-supereffective|p1a: Meganium|1\n|-damage|p1a: Meganium|0 fnt\n|faint|p1a: Meganium\n|\n|-sideend|p2: testingtesting101|move: Light Screen\n|upkeep\n|\n|t:|1776627634\n|switch|p1a: Palafin|Palafin-Hero, L50, M|61/100\n|-activate|p1a: Palafin|ability: Zero to Hero\n|turn|8\n|\n|t:|1776627647\n|move|p1b: Sableye|Quash|p2b: Heliolisk\n|-activate|p2b: Heliolisk|move: Quash\n|move|p2a: Noivern|Draco Meteor|p1a: Palafin\n|-damage|p1a: Palafin|6/100\n|-unboost|p2a: Noivern|spa|2\n|move|p1a: Palafin|Drain Punch|p2b: Heliolisk\n|-supereffective|p2b: Heliolisk|1\n|-enditem|p2b: Heliolisk|Chople Berry|[eat]\n|-enditem|p2b: Heliolisk|Chople Berry|[weaken]\n|-damage|p2b: Heliolisk|23/100\n|-heal|p1a: Palafin|32/100|[from] drain|[of] p2b: Heliolisk\n|move|p2b: Heliolisk|Thunderbolt|p1a: Palafin\n|-supereffective|p1a: Palafin|1\n|-damage|p1a: Palafin|0 fnt\n|faint|p1a: Palafin\n|\n|upkeep\n|turn|9\n|-message|sylent knight forfeited.\n|\n|win|testingtesting101\n|raw|sylent knight's rating: 1377 &rarr; <strong>1359</strong><br />(-18 for losing)\n|raw|testingtesting101's rating: 1419 &rarr; <strong>1437</strong><br />(+18 for winning)\n|l|\u2606sylent knight\n|player|p1|\n",
  "uploadtime": 1776627667,
  "views": 14,
  "formatid": "gen9championsvgc2026regma",
  "rating": 1359,
  "private": 0,
  "password": null
}