{
  "id": "gen9championsvgc2026regma-2582301819",
  "format": "[Gen 9 Champions] VGC 2026 Reg M-A",
  "players": [
    "GoldieFish357",
    "Lord of Yes"
  ],
  "log": "|j|\u2606GoldieFish357\n|j|\u203dLord of Yes\n|t:|1776081359\n|gametype|doubles\n|player|p1|GoldieFish357|1|1008\n|player|p2|Lord of Yes|sailor|1000\n|gen|9\n|tier|[Gen 9 Champions] VGC 2026 Reg M-A\n|rated|\n|rule|Species Clause: Limit one of each Pok\u00e9mon\n|rule|Item Clause: Limit 1 of each item\n|clearpoke\n|poke|p1|Venusaur, L50, M|\n|poke|p1|Charizard, L50, F|\n|poke|p1|Garchomp, L50, M|\n|poke|p1|Whimsicott, L50, F|\n|poke|p1|Rotom-Wash, L50|\n|poke|p1|Incineroar, L50, F|\n|poke|p2|Altaria, L50, F|\n|poke|p2|Milotic, L50, F|\n|poke|p2|Garchomp, L50, M|\n|poke|p2|Froslass, L50, F|\n|poke|p2|Incineroar, L50, F|\n|poke|p2|Meowscarada, L50, F|\n|teampreview|4\n|inactive|Battle timer is ON: inactive players will automatically lose when time's up. (requested by GoldieFish357)\n|\n|t:|1776081389\n|teamsize|p1|4\n|teamsize|p2|4\n|start\n|switch|p1a: Charizard|Charizard, L50, F, shiny|100/100\n|switch|p1b: Venusaur|Venusaur, L50, M|100/100\n|switch|p2a: Altaria|Altaria, L50, F|100/100\n|switch|p2b: Milotic|Milotic, L50, F|100/100\n|-ability|p2a: Altaria|Cloud Nine\n|turn|1\n|\n|t:|1776081410\n|detailschange|p1a: Charizard|Charizard-Mega-Y, L50, F, shiny\n|-mega|p1a: Charizard|Charizard|Charizardite Y\n|-weather|SunnyDay|[from] ability: Drought|[of] p1a: Charizard\n|move|p1a: Charizard|Heat Wave|p2b: Milotic|[spread] p2b\n|-miss|p1a: Charizard|p2a: Altaria\n|-resisted|p2b: Milotic|1\n|-damage|p2b: Milotic|85/100\n|move|p1b: Venusaur|Sleep Powder|p2a: Altaria\n|-status|p2a: Altaria|slp|[from] move: Sleep Powder\n|cant|p2a: Altaria|slp\n|move|p2b: Milotic|Coil|p2b: Milotic\n|-boost|p2b: Milotic|atk|1\n|-boost|p2b: Milotic|def|1\n|-boost|p2b: Milotic|accuracy|1\n|\n|-weather|SunnyDay|[upkeep]\n|-heal|p2b: Milotic|91/100|[from] item: Leftovers\n|upkeep\n|turn|2\n|inactive|GoldieFish357 has 30 seconds left.\n|\n|t:|1776081437\n|switch|p2a: Incineroar|Incineroar, L50, F|100/100\n|-ability|p2a: Incineroar|Intimidate|boost\n|-unboost|p1a: Charizard|atk|1\n|-unboost|p1b: Venusaur|atk|1\n|move|p2b: Milotic|Protect|p2b: Milotic\n|-singleturn|p2b: Milotic|Protect\n|move|p1b: Venusaur|Solar Beam||[still]\n|-prepare|p1b: Venusaur|Solar Beam\n|-anim|p1b: Venusaur|Solar Beam|p2b: Milotic\n|-activate|p2b: Milotic|move: Protect\n|move|p1a: Charizard|Solar Beam||[still]\n|-prepare|p1a: Charizard|Solar Beam\n|-anim|p1a: Charizard|Solar Beam|p2b: Milotic\n|-activate|p2b: Milotic|move: Protect\n|\n|-weather|SunnyDay|[upkeep]\n|-heal|p2b: Milotic|97/100|[from] item: Leftovers\n|upkeep\n|turn|3\n|\n|t:|1776081457\n|move|p1a: Charizard|Protect|p1a: Charizard\n|-singleturn|p1a: Charizard|Protect\n|move|p2a: Incineroar|Fake Out|p1b: Venusaur\n|-damage|p1b: Venusaur|89/100\n|cant|p1b: Venusaur|flinch\n|move|p2b: Milotic|Muddy Water|p1a: Charizard|[spread] p1b\n|-activate|p1a: Charizard|move: Protect\n|-resisted|p1b: Venusaur|1\n|-damage|p1b: Venusaur|82/100\n|\n|-weather|SunnyDay|[upkeep]\n|-heal|p2b: Milotic|100/100|[from] item: Leftovers\n|upkeep\n|turn|4\n|inactive|GoldieFish357 has 30 seconds left.\n|\n|t:|1776081483\n|switch|p1a: Rotom|Rotom-Wash, L50|100/100\n|switch|p2a: Altaria|Altaria, L50, F|100/100 slp\n|-ability|p2a: Altaria|Cloud Nine\n|move|p1b: Venusaur|Solar Beam||[still]\n|-prepare|p1b: Venusaur|Solar Beam\n|move|p2b: Milotic|Muddy Water|p1b: Venusaur|[spread] p1a,p1b\n|-resisted|p1a: Rotom|1\n|-resisted|p1b: Venusaur|1\n|-damage|p1a: Rotom|85/100\n|-damage|p1b: Venusaur|68/100\n|-unboost|p1a: Rotom|accuracy|1\n|-unboost|p1b: Venusaur|accuracy|1\n|\n|-weather|SunnyDay|[upkeep]\n|-heal|p1a: Rotom|90/100|[from] item: Leftovers\n|upkeep\n|turn|5\n|\n|t:|1776081503\n|move|p2b: Milotic|Protect|p2b: Milotic\n|-singleturn|p2b: Milotic|Protect\n|move|p1b: Venusaur|Solar Beam|p2b: Milotic|[from] lockedmove\n|-activate|p2b: Milotic|move: Protect\n|cant|p2a: Altaria|slp\n|move|p1a: Rotom|Thunderbolt|p2b: Milotic\n|-activate|p2b: Milotic|move: Protect\n|\n|-weather|none\n|-heal|p1a: Rotom|96/100|[from] item: Leftovers\n|upkeep\n|turn|6\n|inactive|GoldieFish357 has 30 seconds left.\n|\n|t:|1776081531\n|move|p1b: Venusaur|Sleep Powder|p2b: Milotic|[miss]\n|-miss|p1b: Venusaur|p2b: Milotic\n|-curestatus|p2a: Altaria|slp|[msg]\n|move|p2a: Altaria|Tailwind|p2a: Altaria\n|-sidestart|p2: Lord of Yes|move: Tailwind\n|move|p2b: Milotic|Coil|p2b: Milotic\n|-boost|p2b: Milotic|atk|1\n|-boost|p2b: Milotic|def|1\n|-boost|p2b: Milotic|accuracy|1\n|move|p1a: Rotom|Thunderbolt|p2b: Milotic\n|-supereffective|p2b: Milotic|1\n|-damage|p2b: Milotic|43/100\n|\n|-heal|p2b: Milotic|49/100|[from] item: Leftovers\n|-heal|p1a: Rotom|100/100|[from] item: Leftovers\n|upkeep\n|turn|7\n|\n|t:|1776081554\n|move|p2b: Milotic|Protect|p2b: Milotic\n|-singleturn|p2b: Milotic|Protect\n|move|p1b: Venusaur|Protect|p1b: Venusaur\n|-singleturn|p1b: Venusaur|Protect\n|move|p2a: Altaria|Moonblast|p1a: Rotom\n|-damage|p1a: Rotom|81/100\n|move|p1a: Rotom|Thunderbolt|p2a: Altaria\n|-damage|p2a: Altaria|68/100\n|\n|-heal|p2b: Milotic|56/100|[from] item: Leftovers\n|-heal|p1a: Rotom|87/100|[from] item: Leftovers\n|upkeep\n|turn|8\n|\n|t:|1776081572\n|move|p2a: Altaria|Moonblast|p1a: Rotom\n|-damage|p1a: Rotom|70/100\n|move|p2b: Milotic|Hypnosis|p1a: Rotom\n|-status|p1a: Rotom|slp|[from] move: Hypnosis\n|move|p1b: Venusaur|Sleep Powder|p2a: Altaria|[miss]\n|-miss|p1b: Venusaur|p2a: Altaria\n|cant|p1a: Rotom|slp\n|\n|-heal|p2b: Milotic|62/100|[from] item: Leftovers\n|-heal|p1a: Rotom|76/100 slp|[from] item: Leftovers\n|upkeep\n|turn|9\n|inactive|GoldieFish357 has 30 seconds left.\n|\n|t:|1776081601\n|move|p2a: Altaria|Moonblast|p1a: Rotom\n|-damage|p1a: Rotom|59/100 slp\n|move|p2b: Milotic|Muddy Water|p1b: Venusaur|[spread] p1a,p1b\n|-resisted|p1a: Rotom|1\n|-crit|p1a: Rotom\n|-resisted|p1b: Venusaur|1\n|-damage|p1a: Rotom|35/100 slp\n|-damage|p1b: Venusaur|55/100\n|-unboost|p1a: Rotom|accuracy|1\n|move|p1b: Venusaur|Sludge Bomb|p2b: Milotic\n|-damage|p2b: Milotic|37/100\n|-curestatus|p1a: Rotom|slp|[msg]\n|move|p1a: Rotom|Thunderbolt|p2b: Milotic|[miss]\n|-miss|p1a: Rotom|p2b: Milotic\n|\n|-heal|p2b: Milotic|43/100|[from] item: Leftovers\n|-heal|p1a: Rotom|41/100|[from] item: Leftovers\n|-sideend|p2: Lord of Yes|move: Tailwind\n|upkeep\n|turn|10\n|\n|t:|1776081625\n|switch|p1a: Whimsicott|Whimsicott, L50, F|100/100\n|move|p1b: Venusaur|Protect|p1b: Venusaur\n|-singleturn|p1b: Venusaur|Protect\n|move|p2b: Milotic|Protect|p2b: Milotic\n|-singleturn|p2b: Milotic|Protect\n|move|p2a: Altaria|Tailwind|p2a: Altaria\n|-sidestart|p2: Lord of Yes|move: Tailwind\n|\n|-heal|p2b: Milotic|49/100|[from] item: Leftovers\n|upkeep\n|turn|11\n|\n|t:|1776081645\n|move|p1a: Whimsicott|Sunny Day|p1a: Whimsicott\n|-weather|SunnyDay\n|move|p2a: Altaria|Moonblast|p1a: Whimsicott\n|-damage|p1a: Whimsicott|83/100\n|move|p2b: Milotic|Hypnosis|p1b: Venusaur\n|-status|p1b: Venusaur|slp|[from] move: Hypnosis\n|cant|p1b: Venusaur|slp\n|\n|-weather|SunnyDay|[upkeep]\n|-heal|p2b: Milotic|56/100|[from] item: Leftovers\n|upkeep\n|turn|12\n|\n|t:|1776081661\n|switch|p2a: Incineroar|Incineroar, L50, F|100/100\n|-ability|p2a: Incineroar|Intimidate|boost\n|-unboost|p1a: Whimsicott|atk|1\n|-unboost|p1b: Venusaur|atk|1\n|switch|p1b: Charizard|Charizard-Mega-Y, L50, F, shiny|100/100\n|move|p1a: Whimsicott|Tailwind|p1a: Whimsicott\n|-sidestart|p1: GoldieFish357|move: Tailwind\n|move|p2b: Milotic|Hypnosis|p1a: Whimsicott\n|-status|p1a: Whimsicott|slp|[from] move: Hypnosis\n|\n|-weather|SunnyDay|[upkeep]\n|-heal|p2b: Milotic|62/100|[from] item: Leftovers\n|upkeep\n|turn|13\n|inactive|GoldieFish357 has 30 seconds left.\n|\n|t:|1776081691\n|switch|p1b: Rotom|Rotom-Wash, L50|41/100\n|move|p2a: Incineroar|Fake Out|p1b: Rotom\n|-damage|p1b: Rotom|31/100\n|cant|p1a: Whimsicott|slp\n|move|p2b: Milotic|Hypnosis|p1b: Rotom\n|-status|p1b: Rotom|slp|[from] move: Hypnosis\n|\n|-weather|SunnyDay|[upkeep]\n|-heal|p1b: Rotom|37/100 slp|[from] item: Leftovers\n|-heal|p2b: Milotic|68/100|[from] item: Leftovers\n|-sideend|p2: Lord of Yes|move: Tailwind\n|upkeep\n|turn|14\n|inactive|GoldieFish357 has 30 seconds left.\n|\n|t:|1776081719\n|cant|p1a: Whimsicott|slp\n|cant|p1b: Rotom|slp\n|move|p2b: Milotic|Muddy Water|p1b: Rotom|[spread] p1a,p1b\n|-resisted|p1a: Whimsicott|1\n|-resisted|p1b: Rotom|1\n|-crit|p1b: Rotom\n|-damage|p1a: Whimsicott|75/100 slp\n|-damage|p1b: Rotom|26/100 slp\n|-unboost|p1a: Whimsicott|accuracy|1\n|-unboost|p1b: Rotom|accuracy|1\n|move|p2a: Incineroar|Flare Blitz|p1a: Whimsicott\n|-supereffective|p1a: Whimsicott|1\n|-damage|p1a: Whimsicott|0 fnt\n|faint|p1a: Whimsicott\n|-damage|p2a: Incineroar|83/100|[from] Recoil\n|\n|-weather|SunnyDay|[upkeep]\n|-heal|p1b: Rotom|32/100 slp|[from] item: Leftovers\n|-heal|p2b: Milotic|74/100|[from] item: Leftovers\n|upkeep\n|\n|t:|1776081728\n|switch|p1a: Venusaur|Venusaur, L50, M|55/100 slp\n|turn|15\n|\n|t:|1776081741\n|move|p2b: Milotic|Protect|p2b: Milotic\n|-singleturn|p2b: Milotic|Protect\n|cant|p1a: Venusaur|slp\n|cant|p1b: Rotom|slp\n|move|p2a: Incineroar|Flare Blitz|p1a: Venusaur\n|-supereffective|p1a: Venusaur|1\n|-damage|p1a: Venusaur|0 fnt\n|faint|p1a: Venusaur\n|-damage|p2a: Incineroar|67/100|[from] Recoil\n|\n|-weather|none\n|-heal|p1b: Rotom|37/100 slp|[from] item: Leftovers\n|-heal|p2b: Milotic|81/100|[from] item: Leftovers\n|-sideend|p1: GoldieFish357|move: Tailwind\n|upkeep\n|\n|t:|1776081754\n|switch|p1a: Charizard|Charizard-Mega-Y, L50, F, shiny|100/100\n|-weather|SunnyDay|[from] ability: Drought|[of] p1a: Charizard\n|turn|16\n|\n|t:|1776081766\n|switch|p2a: Altaria|Altaria, L50, F|68/100\n|-ability|p2a: Altaria|Cloud Nine\n|move|p1a: Charizard|Heat Wave|p2a: Altaria|[spread] p2a\n|-miss|p1a: Charizard|p2b: Milotic\n|-resisted|p2a: Altaria|1\n|-damage|p2a: Altaria|48/100\n|-status|p2a: Altaria|brn\n|-curestatus|p1b: Rotom|slp|[msg]\n|move|p1b: Rotom|Hydro Pump|p2a: Altaria|[miss]\n|-miss|p1b: Rotom|p2a: Altaria\n|move|p2b: Milotic|Muddy Water|p1a: Charizard|[spread] p1a,p1b\n|-supereffective|p1a: Charizard|1\n|-resisted|p1b: Rotom|1\n|-damage|p1a: Charizard|45/100\n|-damage|p1b: Rotom|21/100\n|-unboost|p1b: Rotom|accuracy|1\n|\n|-weather|SunnyDay|[upkeep]\n|-heal|p1b: Rotom|27/100|[from] item: Leftovers\n|-heal|p2b: Milotic|87/100|[from] item: Leftovers\n|-damage|p2a: Altaria|42/100 brn|[from] brn\n|upkeep\n|turn|17\n|inactive|GoldieFish357 has 30 seconds left.\n|c|\u2606GoldieFish357|how are u so lucky\n|inactive|GoldieFish357 has 20 seconds left.\n|\n|t:|1776081801\n|move|p2a: Altaria|Protect|p2a: Altaria\n|-singleturn|p2a: Altaria|Protect\n|move|p1a: Charizard|Heat Wave|p2a: Altaria|[spread] p2b\n|-activate|p2a: Altaria|move: Protect\n|-resisted|p2b: Milotic|1\n|-damage|p2b: Milotic|70/100\n|-status|p2b: Milotic|brn\n|move|p1b: Rotom|Thunderbolt|p2b: Milotic|[miss]\n|-miss|p1b: Rotom|p2b: Milotic\n|move|p2b: Milotic|Muddy Water|p1a: Charizard|[spread] p1a,p1b\n|-supereffective|p1a: Charizard|1\n|-resisted|p1b: Rotom|1\n|-damage|p1a: Charizard|0 fnt\n|-damage|p1b: Rotom|11/100\n|faint|p1a: Charizard\n|\n|-weather|SunnyDay|[upkeep]\n|-heal|p1b: Rotom|16/100|[from] item: Leftovers\n|-heal|p2b: Milotic|77/100 brn|[from] item: Leftovers\n|-damage|p2a: Altaria|36/100 brn|[from] brn\n|-damage|p2b: Milotic|70/100 brn|[from] brn\n|upkeep\n|turn|18\n|-message|GoldieFish357 forfeited.\n|\n|win|Lord of Yes\n|raw|GoldieFish357's rating: 1008 &rarr; <strong>1000</strong><br />(-8 for losing)\n|raw|Lord of Yes's rating: 1000 &rarr; <strong>1041</strong><br />(+41 for winning)\n|l|\u2606GoldieFish357\n|player|p1|\n",
  "uploadtime": 1776081823,
  "views": 25,
  "formatid": "gen9championsvgc2026regma",
  "rating": 1000,
  "private": 0,
  "password": null
}