{
  "id": "gen9championsvgc2026regma-2582168445",
  "format": "[Gen 9 Champions] VGC 2026 Reg M-A",
  "players": [
    "Quyt_DZ",
    "jorge.ber_21"
  ],
  "log": "|j|\u2606Quyt_DZ\n|j|\u2606jorge.ber_21\n|t:|1776066697\n|gametype|doubles\n|player|p1|Quyt_DZ|aromalady|1045\n|player|p2|jorge.ber_21|170|1028\n|gen|9\n|tier|[Gen 9 Champions] VGC 2026 Reg M-A\n|rated|\n|rule|Species Clause: Limit one of each Pok\u00e9mon\n|rule|Item Clause: Limit 1 of each item\n|clearpoke\n|poke|p1|Slowbro-Galar, L50, M|\n|poke|p1|Gallade, L50, M|\n|poke|p1|Meowstic, L50, M|\n|poke|p1|Dragonite, L50, M|\n|poke|p1|Kangaskhan, L50, F|\n|poke|p1|Incineroar, L50, M|\n|poke|p2|Palafin, L50, F|\n|poke|p2|Machamp, L50, F|\n|poke|p2|Arcanine, L50, F|\n|poke|p2|Tyrantrum, L50, M|\n|poke|p2|Froslass, L50, F|\n|poke|p2|Sinistcha, L50|\n|teampreview|4\n|\n|t:|1776066726\n|teamsize|p1|4\n|teamsize|p2|4\n|start\n|switch|p1a: Slowbro|Slowbro-Galar, L50, M, shiny|100/100\n|switch|p1b: Meowstic|Meowstic, L50, M|100/100\n|switch|p2a: Frozona|Froslass, L50, F|100/100\n|switch|p2b: All Might|Palafin, L50, F|100/100\n|turn|1\n|inactive|Battle timer is ON: inactive players will automatically lose when time's up. (requested by Quyt_DZ)\n|\n|t:|1776066750\n|detailschange|p2a: Frozona|Froslass-Mega, L50, F\n|-mega|p2a: Frozona|Froslass|Froslassite\n|-weather|Snowscape|[from] ability: Snow Warning|[of] p2a: Frozona\n|move|p1b: Meowstic|Light Screen|p1b: Meowstic\n|-sidestart|p1: Quyt_DZ|move: Light Screen\n|move|p2a: Frozona|Blizzard|p1a: Slowbro|[spread] p1a,p1b\n|-damage|p1a: Slowbro|73/100\n|-damage|p1b: Meowstic|72/100\n|move|p2b: All Might|Flip Turn|p1a: Slowbro\n|-damage|p1a: Slowbro|51/100\n|\n|t:|1776066762\n|detailschange|p2b: All Might|Palafin-Hero, L50, F\n|switch|p2b: Te Facha|Sinistcha, L50, shiny|100/100|[from] Flip Turn\n|move|p1a: Slowbro|Belly Drum|p1a: Slowbro\n|-damage|p1a: Slowbro|1/100\n|-setboost|p1a: Slowbro|atk|6|[from] move: Belly Drum\n|-enditem|p1a: Slowbro|Sitrus Berry|[eat]\n|-heal|p1a: Slowbro|26/100|[from] item: Sitrus Berry\n|\n|-weather|Snowscape|[upkeep]\n|upkeep\n|turn|2\n|\n|t:|1776066783\n|move|p1b: Meowstic|Psych Up|p1a: Slowbro\n|-copyboost|p1b: Meowstic|p1a: Slowbro|[from] move: Psych Up\n|move|p2a: Frozona|Blizzard|p1a: Slowbro|[spread] p1a,p1b\n|-damage|p1a: Slowbro|0 fnt\n|-damage|p1b: Meowstic|47/100\n|faint|p1a: Slowbro\n|move|p2b: Te Facha|Matcha Gotcha|p1b: Meowstic|[miss]\n|-miss|p2b: Te Facha|p1b: Meowstic\n|\n|-weather|Snowscape|[upkeep]\n|upkeep\n|\n|t:|1776066794\n|switch|p1a: Dragonite|Dragonite, L50, M|100/100\n|turn|3\n|\n|t:|1776066812\n|move|p1b: Meowstic|Baton Pass|p1b: Meowstic\n|\n|t:|1776066814\n|switch|p1b: Gallade|Gallade, L50, M, shiny|100/100|[from] Baton Pass\n|move|p2a: Frozona|Blizzard|p1a: Dragonite|[spread] p1a,p1b\n|-supereffective|p1a: Dragonite|2\n|-damage|p1a: Dragonite|62/100\n|-damage|p1b: Gallade|66/100\n|move|p2b: Te Facha|Calm Mind|p2b: Te Facha\n|-boost|p2b: Te Facha|spa|1\n|-boost|p2b: Te Facha|spd|1\n|move|p1a: Dragonite|Tailwind|p1a: Dragonite\n|-sidestart|p1: Quyt_DZ|move: Tailwind\n|\n|-weather|Snowscape|[upkeep]\n|-heal|p1a: Dragonite|68/100|[from] item: Leftovers\n|upkeep\n|turn|4\n|inactive|Quyt_DZ has 30 seconds left.\n|inactive|jorge.ber_21 has 30 seconds left.\n|\n|t:|1776066843\n|detailschange|p1b: Gallade|Gallade-Mega, L50, M, shiny\n|-mega|p1b: Gallade|Gallade|Galladite\n|move|p1a: Dragonite|Protect|p1a: Dragonite\n|-singleturn|p1a: Dragonite|Protect\n|move|p1b: Gallade|Zen Headbutt|p2b: Te Facha\n|-damage|p2b: Te Facha|0 fnt\n|faint|p2b: Te Facha\n|move|p2a: Frozona|Blizzard|p1b: Gallade|[spread] p1b\n|-activate|p1a: Dragonite|move: Protect\n|-damage|p1b: Gallade|31/100\n|\n|-weather|Snowscape|[upkeep]\n|-heal|p1a: Dragonite|74/100|[from] item: Leftovers\n|upkeep\n|\n|t:|1776066867\n|switch|p2b: Cuatrobrazos|Machamp, L50, F|100/100\n|turn|5\n|\n|t:|1776066888\n|move|p2b: Cuatrobrazos|Bullet Punch|p1b: Gallade\n|-damage|p1b: Gallade|11/100\n|move|p1b: Gallade|Drain Punch|p2b: Cuatrobrazos\n|-damage|p2b: Cuatrobrazos|0 fnt\n|-heal|p1b: Gallade|79/100|[from] drain|[of] p2b: Cuatrobrazos\n|faint|p2b: Cuatrobrazos\n|move|p2a: Frozona|Blizzard|p1b: Gallade|[spread] p1a,p1b\n|-supereffective|p1a: Dragonite|2\n|-damage|p1a: Dragonite|0 fnt\n|-damage|p1b: Gallade|49/100\n|-status|p1b: Gallade|frz\n|faint|p1a: Dragonite\n|\n|-weather|none\n|-sideend|p1: Quyt_DZ|move: Light Screen\n|upkeep\n|\n|t:|1776066901\n|switch|p1a: Meowstic|Meowstic, L50, M|47/100\n|switch|p2b: All Might|Palafin-Hero, L50, F|100/100\n|-activate|p2b: All Might|ability: Zero to Hero\n|turn|6\n|\n|t:|1776066912\n|move|p1a: Meowstic|Reflect|p1a: Meowstic\n|-sidestart|p1: Quyt_DZ|Reflect\n|cant|p1b: Gallade|frz\n|move|p2a: Frozona|Blizzard|p1b: Gallade|[spread] p1b\n|-miss|p2a: Frozona|p1a: Meowstic\n|-damage|p1b: Gallade|0 fnt\n|faint|p1b: Gallade\n|move|p2b: All Might|Throat Chop|p1a: Meowstic\n|-supereffective|p1a: Meowstic|1\n|-damage|p1a: Meowstic|0 fnt\n|faint|p1a: Meowstic\n|\n|win|jorge.ber_21\n|raw|Quyt_DZ's rating: 1045 &rarr; <strong>1027</strong><br />(-18 for losing)\n|raw|jorge.ber_21's rating: 1028 &rarr; <strong>1066</strong><br />(+38 for winning)\n|c|\u2606jorge.ber_21|gg\n|c|\u2606Quyt_DZ|gg\n",
  "uploadtime": 1776066925,
  "views": 30,
  "formatid": "gen9championsvgc2026regma",
  "rating": 1027,
  "private": 0,
  "password": null
}