{
  "id": "gen9championsvgc2026regma-2580868413",
  "format": "[Gen 9 Champions] VGC 2026 Reg M-A",
  "players": [
    "pipeei",
    "pookiber69"
  ],
  "log": "|j|\u2606pipeei\n|j|\u2606pookiber69\n|t:|1775939095\n|gametype|doubles\n|player|p1|pipeei|ingo|1040\n|player|p2|pookiber69|crasherwake|1040\n|gen|9\n|tier|[Gen 9 Champions] VGC 2026 Reg M-A\n|rated|\n|rule|Species Clause: Limit one of each Pok\u00e9mon\n|rule|Item Clause: Limit 1 of each item\n|clearpoke\n|poke|p1|Crabominable, L50, F|\n|poke|p1|Slowking, L50, M|\n|poke|p1|Kingambit, L50, F|\n|poke|p1|Drampa, L50, M|\n|poke|p1|Sneasler, L50, F|\n|poke|p1|Sinistcha, L50|\n|poke|p2|Hawlucha, L50, F|\n|poke|p2|Excadrill, L50, F|\n|poke|p2|Tyranitar, L50, F|\n|poke|p2|Gengar, L50, F|\n|poke|p2|Incineroar, L50, F|\n|poke|p2|Primarina, L50, F|\n|teampreview|4\n|\n|t:|1775939111\n|teamsize|p1|4\n|teamsize|p2|4\n|start\n|switch|p1a: Crabominable|Crabominable, L50, F|100/100\n|switch|p1b: Slowking|Slowking, L50, M|100/100\n|switch|p2a: Primarina|Primarina, L50, F|100/100\n|switch|p2b: Gengar|Gengar, L50, F|100/100\n|turn|1\n|\n|t:|1775939131\n|move|p1b: Slowking|Protect|p1b: Slowking\n|-singleturn|p1b: Slowking|Protect\n|move|p2b: Gengar|Will-O-Wisp|p1a: Crabominable\n|-status|p1a: Crabominable|brn\n|move|p2a: Primarina|Hyper Voice|p1b: Slowking|[spread] p1a\n|-activate|p1b: Slowking|move: Protect\n|-damage|p1a: Crabominable|49/100 brn\n|move|p1a: Crabominable|Ice Hammer|p2b: Gengar\n|-damage|p2b: Gengar|48/100\n|-unboost|p1a: Crabominable|spe|1\n|-start|p1a: Crabominable|Disable|Ice Hammer|[from] ability: Cursed Body|[of] p2b: Gengar\n|\n|-damage|p1a: Crabominable|43/100 brn|[from] brn\n|upkeep\n|turn|2\n|\n|t:|1775939140\n|move|p2b: Gengar|Protect|p2b: Gengar\n|-singleturn|p2b: Gengar|Protect\n|move|p2a: Primarina|Life Dew||[still]|[spread] p2a,p2b\n|-fail|p2a: Primarina|heal\n|-heal|p2b: Gengar|74/100\n|move|p1a: Crabominable|Rock Slide|p2a: Primarina|[spread] p2a\n|-activate|p2b: Gengar|move: Protect\n|-damage|p2a: Primarina|87/100\n|move|p1b: Slowking|Trick Room|p1b: Slowking\n|-fieldstart|move: Trick Room|[of] p1b: Slowking\n|\n|-damage|p1a: Crabominable|37/100 brn|[from] brn\n|upkeep\n|turn|3\n|\n|t:|1775939152\n|switch|p1a: Sinistcha|Sinistcha, L50|100/100\n|detailschange|p2b: Gengar|Gengar-Mega, L50, F\n|-mega|p2b: Gengar|Gengar|Gengarite\n|move|p1b: Slowking|Scald|p2b: Gengar\n|-damage|p2b: Gengar|44/100\n|move|p2a: Primarina|Perish Song|p2a: Primarina\n|-start|p1a: Sinistcha|perish3|[silent]\n|-start|p1b: Slowking|perish3|[silent]\n|-start|p2a: Primarina|perish3|[silent]\n|-start|p2b: Gengar|perish3|[silent]\n|-fieldactivate|move: Perish Song\n|move|p2b: Gengar|Will-O-Wisp|p1b: Slowking\n|-status|p1b: Slowking|brn\n|\n|-damage|p1b: Slowking|95/100 brn|[from] brn\n|-start|p1b: Slowking|perish3\n|-start|p2a: Primarina|perish3\n|-start|p1a: Sinistcha|perish3\n|-start|p2b: Gengar|perish3\n|upkeep\n|turn|4\n|\n|t:|1775939169\n|switch|p2a: Excadrill|Excadrill, L50, F|100/100\n|move|p2b: Gengar|Protect|p2b: Gengar\n|-singleturn|p2b: Gengar|Protect\n|-prepare|p1b: Slowking|Chilly Reception|[premajor]\n|move|p1b: Slowking|Chilly Reception|p1b: Slowking\n|-weather|Snowscape\n|\n|t:|1775939175\n|switch|p1b: Kingambit|Kingambit, L50, F|100/100|[from] Chilly Reception\n|move|p1a: Sinistcha|Matcha Gotcha|p2b: Gengar|[spread] p2a\n|-activate|p2b: Gengar|move: Protect\n|-damage|p2a: Excadrill|70/100\n|-status|p2a: Excadrill|brn\n|\n|-weather|Snowscape|[upkeep]\n|-damage|p2a: Excadrill|64/100 brn|[from] brn\n|-start|p1a: Sinistcha|perish2\n|-start|p2b: Gengar|perish2\n|upkeep\n|turn|5\n|\n|t:|1775939186\n|switch|p2b: Hawlucha|Hawlucha, L50, F|100/100\n|move|p1b: Kingambit|Kowtow Cleave|p2a: Excadrill\n|-damage|p2a: Excadrill|0 fnt\n|faint|p2a: Excadrill\n|move|p1a: Sinistcha|Matcha Gotcha|p2b: Hawlucha\n|-resisted|p2b: Hawlucha|1\n|-damage|p2b: Hawlucha|75/100\n|-status|p2b: Hawlucha|brn\n|\n|-weather|Snowscape|[upkeep]\n|-damage|p2b: Hawlucha|68/100 brn|[from] brn\n|-start|p1a: Sinistcha|perish1\n|upkeep\n|\n|t:|1775939195\n|switch|p2a: Primarina|Primarina, L50, F|87/100\n|turn|6\n|\n|t:|1775939209\n|switch|p1a: Slowking|Slowking, L50, M|100/100 brn\n|move|p1b: Kingambit|Kowtow Cleave|p2b: Hawlucha\n|-resisted|p2b: Hawlucha|1\n|-damage|p2b: Hawlucha|28/100 brn\n|move|p2a: Primarina|Hyper Voice|p1a: Slowking|[spread] p1a,p1b\n|-resisted|p1a: Slowking|1\n|-damage|p1a: Slowking|85/100 brn\n|-damage|p1b: Kingambit|59/100\n|move|p2b: Hawlucha|High Jump Kick|p1b: Kingambit|[miss]\n|-miss|p2b: Hawlucha|p1b: Kingambit\n|-damage|p2b: Hawlucha|0 fnt|[from] highjumpkick\n|faint|p2b: Hawlucha\n|\n|-weather|Snowscape|[upkeep]\n|-heal|p1a: Slowking|91/100 brn|[from] item: Leftovers\n|-damage|p1a: Slowking|85/100 brn|[from] brn\n|-fieldend|move: Trick Room\n|upkeep\n|\n|t:|1775939221\n|switch|p2b: Gengar|Gengar-Mega, L50, F|44/100\n|turn|7\n|\n|t:|1775939230\n|move|p1b: Kingambit|Sucker Punch||[still]\n|-fail|p1b: Kingambit\n|move|p2b: Gengar|Will-O-Wisp|p1b: Kingambit\n|-status|p1b: Kingambit|brn\n|move|p2a: Primarina|Life Dew|p2a: Primarina|[spread] p2a,p2b\n|-heal|p2a: Primarina|100/100\n|-heal|p2b: Gengar|69/100\n|move|p1a: Slowking|Trick Room|p1a: Slowking\n|-fieldstart|move: Trick Room|[of] p1a: Slowking\n|\n|-weather|Snowscape|[upkeep]\n|-heal|p1a: Slowking|91/100 brn|[from] item: Leftovers\n|-damage|p1a: Slowking|85/100 brn|[from] brn\n|-damage|p1b: Kingambit|54/100 brn|[from] brn\n|upkeep\n|turn|8\n|\n|t:|1775939240\n|move|p2b: Gengar|Protect|p2b: Gengar\n|-singleturn|p2b: Gengar|Protect\n|move|p1a: Slowking|Scald|p2a: Primarina\n|-resisted|p2a: Primarina|1\n|-damage|p2a: Primarina|88/100\n|move|p1b: Kingambit|Kowtow Cleave|p2a: Primarina\n|-resisted|p2a: Primarina|1\n|-damage|p2a: Primarina|73/100\n|move|p2a: Primarina|Perish Song|p2a: Primarina\n|-start|p1a: Slowking|perish3|[silent]\n|-start|p1b: Kingambit|perish3|[silent]\n|-start|p2a: Primarina|perish3|[silent]\n|-start|p2b: Gengar|perish3|[silent]\n|-fieldactivate|move: Perish Song\n|\n|-weather|none\n|-heal|p1a: Slowking|91/100 brn|[from] item: Leftovers\n|-damage|p1a: Slowking|85/100 brn|[from] brn\n|-damage|p1b: Kingambit|48/100 brn|[from] brn\n|-start|p1a: Slowking|perish3\n|-start|p1b: Kingambit|perish3\n|-start|p2a: Primarina|perish3\n|-start|p2b: Gengar|perish3\n|upkeep\n|turn|9\n|\n|t:|1775939246\n|move|p1a: Slowking|Scald|p2b: Gengar\n|-damage|p2b: Gengar|38/100\n|move|p1b: Kingambit|Kowtow Cleave|p2b: Gengar\n|-supereffective|p2b: Gengar|1\n|-damage|p2b: Gengar|0 fnt\n|faint|p2b: Gengar\n|move|p2a: Primarina|Life Dew|p2a: Primarina\n|-heal|p2a: Primarina|98/100\n|\n|-heal|p1a: Slowking|91/100 brn|[from] item: Leftovers\n|-damage|p1a: Slowking|85/100 brn|[from] brn\n|-damage|p1b: Kingambit|42/100 brn|[from] brn\n|-start|p1a: Slowking|perish2\n|-start|p1b: Kingambit|perish2\n|-start|p2a: Primarina|perish2\n|upkeep\n|turn|10\n|\n|t:|1775939252\n|move|p1b: Kingambit|Protect|p1b: Kingambit\n|-singleturn|p1b: Kingambit|Protect\n|move|p1a: Slowking|Scald|p2a: Primarina\n|-resisted|p2a: Primarina|1\n|-damage|p2a: Primarina|86/100\n|-status|p2a: Primarina|brn\n|move|p2a: Primarina|Hyper Voice|p1b: Kingambit|[spread] p1a\n|-activate|p1b: Kingambit|move: Protect\n|-resisted|p1a: Slowking|1\n|-damage|p1a: Slowking|70/100 brn\n|\n|-heal|p1a: Slowking|76/100 brn|[from] item: Leftovers\n|-damage|p1a: Slowking|70/100 brn|[from] brn\n|-damage|p1b: Kingambit|36/100 brn|[from] brn\n|-damage|p2a: Primarina|80/100 brn|[from] brn\n|-start|p1a: Slowking|perish1\n|-start|p1b: Kingambit|perish1\n|-start|p2a: Primarina|perish1\n|upkeep\n|turn|11\n|\n|t:|1775939257\n|move|p1a: Slowking|Scald|p2a: Primarina\n|-resisted|p2a: Primarina|1\n|-damage|p2a: Primarina|70/100 brn\n|move|p1b: Kingambit|Kowtow Cleave|p2a: Primarina\n|-resisted|p2a: Primarina|1\n|-damage|p2a: Primarina|54/100 brn\n|move|p2a: Primarina|Hyper Voice|p1b: Kingambit|[spread] p1a,p1b\n|-resisted|p1a: Slowking|1\n|-crit|p1a: Slowking\n|-damage|p1a: Slowking|48/100 brn\n|-damage|p1b: Kingambit|0 fnt\n|faint|p1b: Kingambit\n|\n|-heal|p1a: Slowking|53/100 brn|[from] item: Leftovers\n|-damage|p1a: Slowking|48/100 brn|[from] brn\n|-damage|p2a: Primarina|48/100 brn|[from] brn\n|-start|p1a: Slowking|perish0\n|-start|p2a: Primarina|perish0\n|-fieldend|move: Trick Room\n|upkeep\n|faint|p1a: Slowking\n|faint|p2a: Primarina\n|\n|win|pipeei\n|raw|pipeei's rating: 1040 &rarr; <strong>1074</strong><br />(+34 for winning)\n|raw|pookiber69's rating: 1040 &rarr; <strong>1024</strong><br />(-16 for losing)\n",
  "uploadtime": 1775939280,
  "views": 18,
  "formatid": "gen9championsvgc2026regma",
  "rating": 1024,
  "private": 0,
  "password": null
}