{
  "id": "gen9championsvgc2026regma-2584027221",
  "format": "[Gen 9 Champions] VGC 2026 Reg M-A",
  "players": [
    "josta joseph",
    "Dhdhshjdf"
  ],
  "log": "|j|\u2606josta joseph\n|j|\u2606Dhdhshjdf\n|t:|1776218046\n|gametype|doubles\n|player|p1|josta joseph|266|1070\n|player|p2|Dhdhshjdf|170|1000\n|gen|9\n|tier|[Gen 9 Champions] VGC 2026 Reg M-A\n|rated|\n|rule|Species Clause: Limit one of each Pok\u00e9mon\n|rule|Item Clause: Limit 1 of each item\n|clearpoke\n|poke|p1|Garchomp, L50, M|\n|poke|p1|Whimsicott, L50, F|\n|poke|p1|Hawlucha, L50, M|\n|poke|p1|Gardevoir, L50, M|\n|poke|p1|Kingambit, L50, F|\n|poke|p1|Corviknight, L50, M|\n|poke|p2|Lucario, L50, M|\n|poke|p2|Aerodactyl, L50, M|\n|poke|p2|Tyranitar, L50, F|\n|poke|p2|Tauros-Paldea-Aqua, L50, M|\n|poke|p2|Ceruledge, L50, M|\n|poke|p2|Farigiraf, L50, M|\n|teampreview|4\n|\n|t:|1776218071\n|teamsize|p1|4\n|teamsize|p2|4\n|start\n|switch|p1a: Whimsicott|Whimsicott, L50, F|100/100\n|switch|p1b: Garchomp|Garchomp, L50, M|100/100\n|switch|p2a: Aerodactyl|Aerodactyl, L50, M|100/100\n|switch|p2b: Tauros|Tauros-Paldea-Aqua, L50, M, shiny|100/100\n|-ability|p2a: Aerodactyl|Unnerve\n|-ability|p2b: Tauros|Intimidate|boost\n|-unboost|p1a: Whimsicott|atk|1\n|-unboost|p1b: Garchomp|atk|1\n|turn|1\n|\n|t:|1776218098\n|detailschange|p1b: Garchomp|Garchomp-Mega, L50, M\n|-mega|p1b: Garchomp|Garchomp|Garchompite\n|move|p2b: Tauros|Aqua Jet|p1b: Garchomp\n|-damage|p1b: Garchomp|86/100\n|move|p2a: Aerodactyl|Ice Fang|p1b: Garchomp\n|-supereffective|p1b: Garchomp|2\n|-damage|p1b: Garchomp|22/100\n|-status|p1b: Garchomp|frz\n|move|p1a: Whimsicott|Moonblast|p2b: Tauros\n|-supereffective|p2b: Tauros|1\n|-damage|p2b: Tauros|0 fnt\n|faint|p2b: Tauros\n|cant|p1b: Garchomp|frz\n|\n|upkeep\n|\n|t:|1776218119\n|switch|p2b: Lucario|Lucario, L50, M, shiny|100/100\n|turn|2\n|\n|t:|1776218133\n|detailschange|p2b: Lucario|Lucario-Mega, L50, M, shiny\n|-mega|p2b: Lucario|Lucario|Lucarionite\n|move|p1a: Whimsicott|Tailwind|p1a: Whimsicott\n|-sidestart|p1: josta joseph|move: Tailwind\n|cant|p1b: Garchomp|frz\n|move|p2a: Aerodactyl|Ice Fang|p1b: Garchomp\n|-supereffective|p1b: Garchomp|2\n|-damage|p1b: Garchomp|0 fnt\n|faint|p1b: Garchomp\n|move|p2b: Lucario|Flash Cannon|p1a: Whimsicott\n|-supereffective|p1a: Whimsicott|1\n|-enditem|p1a: Whimsicott|Focus Sash\n|-damage|p1a: Whimsicott|1/100\n|\n|upkeep\n|\n|t:|1776218141\n|switch|p1b: Corviknight|Corviknight, L50, M|100/100\n|turn|3\n|\n|t:|1776218168\n|switch|p2b: Tyranitar|Tyranitar, L50, F|100/100\n|-weather|Sandstorm|[from] ability: Sand Stream|[of] p2b: Tyranitar\n|move|p2a: Aerodactyl|Protect|p2a: Aerodactyl\n|-singleturn|p2a: Aerodactyl|Protect\n|move|p1a: Whimsicott|Encore|p2b: Tyranitar\n|-hint|Since gen 7, Dark is immune to Prankster moves.\n|-immune|p2b: Tyranitar\n|move|p1b: Corviknight|Body Press|p2b: Tyranitar\n|-supereffective|p2b: Tyranitar|2\n|-damage|p2b: Tyranitar|29/100\n|\n|-weather|Sandstorm|[upkeep]\n|-damage|p1a: Whimsicott|0 fnt|[from] Sandstorm\n|faint|p1a: Whimsicott\n|upkeep\n|\n|t:|1776218171\n|switch|p1a: Hawlucha|Hawlucha, L50, M|100/100\n|turn|4\n|\n|t:|1776218198\n|move|p1a: Hawlucha|Detect|p1a: Hawlucha\n|-singleturn|p1a: Hawlucha|Protect\n|move|p2b: Tyranitar|Protect|p2b: Tyranitar\n|-singleturn|p2b: Tyranitar|Protect\n|move|p2a: Aerodactyl|Ice Fang|p1a: Hawlucha\n|-activate|p1a: Hawlucha|move: Protect\n|move|p1b: Corviknight|Body Press|p2b: Tyranitar\n|-activate|p2b: Tyranitar|move: Protect\n|\n|-weather|Sandstorm|[upkeep]\n|-damage|p1a: Hawlucha|95/100|[from] Sandstorm\n|upkeep\n|turn|5\n|\n|t:|1776218221\n|move|p1a: Hawlucha|Close Combat|p2a: Aerodactyl\n|-damage|p2a: Aerodactyl|27/100\n|-unboost|p1a: Hawlucha|def|1\n|-unboost|p1a: Hawlucha|spd|1\n|-enditem|p1a: Hawlucha|White Herb\n|-clearnegativeboost|p1a: Hawlucha|[silent]\n|move|p2a: Aerodactyl|Ice Fang|p1a: Hawlucha\n|-supereffective|p1a: Hawlucha|1\n|-crit|p1a: Hawlucha\n|-damage|p1a: Hawlucha|0 fnt\n|faint|p1a: Hawlucha\n|move|p1b: Corviknight|Body Press|p2b: Tyranitar\n|-supereffective|p2b: Tyranitar|2\n|-damage|p2b: Tyranitar|0 fnt\n|faint|p2b: Tyranitar\n|\n|-weather|Sandstorm|[upkeep]\n|-sideend|p1: josta joseph|move: Tailwind\n|upkeep\n|inactive|Battle timer is ON: inactive players will automatically lose when time's up. (requested by josta joseph)\n|\n|t:|1776218239\n|switch|p2b: Lucario|Lucario-Mega, L50, M, shiny|100/100\n|turn|6\n|\n|t:|1776218259\n|move|p2a: Aerodactyl|Protect|p2a: Aerodactyl\n|-singleturn|p2a: Aerodactyl|Protect\n|move|p2b: Lucario|Protect|p2b: Lucario\n|-singleturn|p2b: Lucario|Protect\n|move|p1b: Corviknight|Body Press|p2b: Lucario\n|-activate|p2b: Lucario|move: Protect\n|\n|-weather|Sandstorm|[upkeep]\n|upkeep\n|turn|7\n|\n|t:|1776218275\n|move|p2a: Aerodactyl|Ice Fang|p1b: Corviknight\n|-crit|p1b: Corviknight\n|-damage|p1b: Corviknight|77/100\n|-status|p1b: Corviknight|frz\n|move|p2b: Lucario|Dark Pulse|p1b: Corviknight\n|-damage|p1b: Corviknight|48/100 frz\n|cant|p1b: Corviknight|frz\n|\n|-weather|none\n|upkeep\n|turn|8\n|inactive|josta joseph has 30 seconds left.\n|c|\u2606josta joseph|u win lucky dog\n|inactive|josta joseph has 20 seconds left.\n|-message|josta joseph forfeited.\n|\n|win|Dhdhshjdf\n|raw|josta joseph's rating: 1070 &rarr; <strong>1045</strong><br />(-25 for losing)\n|raw|Dhdhshjdf's rating: 1000 &rarr; <strong>1048</strong><br />(+48 for winning)\n",
  "uploadtime": 1776218318,
  "views": 16,
  "formatid": "gen9championsvgc2026regma",
  "rating": 1045,
  "private": 0,
  "password": null
}