{
  "id": "gen9championsvgc2026regma-2588513927",
  "format": "[Gen 9 Champions] VGC 2026 Reg M-A",
  "players": [
    "matthewdongha",
    "colfox"
  ],
  "log": "|j|\u2606matthewdongha\n|j|\u203dcolfox\n|t:|1776640499\n|gametype|doubles\n|player|p1|matthewdongha|gardenia-masters|1106\n|player|p2|colfox|101|1157\n|gen|9\n|tier|[Gen 9 Champions] VGC 2026 Reg M-A\n|rated|\n|rule|Species Clause: Limit one of each Pok\u00e9mon\n|rule|Item Clause: Limit 1 of each item\n|clearpoke\n|poke|p1|Camerupt, L50, M|\n|poke|p1|Farigiraf, L50, M|\n|poke|p1|Araquanid, L50, M|\n|poke|p1|Kingambit, L50, M|\n|poke|p1|Meganium, L50, F|\n|poke|p1|Aerodactyl, L50, F|\n|poke|p2|Lucario, L50, F|\n|poke|p2|Weavile, L50, M|\n|poke|p2|Pelipper, L50, M|\n|poke|p2|Heliolisk, L50, M|\n|poke|p2|Dragapult, L50, M|\n|poke|p2|Primarina, L50, M|\n|teampreview|4\n|inactive|Battle timer is ON: inactive players will automatically lose when time's up. (requested by matthewdongha)\n|\n|t:|1776640526\n|teamsize|p1|4\n|teamsize|p2|4\n|start\n|switch|p1a: Araquanid|Araquanid, L50, M|100/100\n|switch|p1b: Farigiraf|Farigiraf, L50, M|100/100\n|switch|p2a: Weavile|Weavile, L50, M|100/100\n|switch|p2b: Pelipper|Pelipper, L50, M|100/100\n|-ability|p2a: Weavile|Pressure\n|-weather|RainDance|[from] ability: Drizzle|[of] p2b: Pelipper\n|turn|1\n|\n|t:|1776640547\n|switch|p2b: Heliolisk|Heliolisk, L50, M|100/100\n|move|p2a: Weavile|Knock Off|p1b: Farigiraf\n|-supereffective|p1b: Farigiraf|1\n|-crit|p1b: Farigiraf\n|-damage|p1b: Farigiraf|0 fnt\n|-enditem|p1b: Farigiraf|Sitrus Berry|[from] move: Knock Off|[of] p2a: Weavile\n|faint|p1b: Farigiraf\n|move|p1a: Araquanid|Liquidation|p2a: Weavile\n|-enditem|p2a: Weavile|Focus Sash\n|-damage|p2a: Weavile|1/100\n|\n|-weather|RainDance|[upkeep]\n|upkeep\n|\n|t:|1776640565\n|switch|p1b: Aerodactyl|Aerodactyl, L50, F|100/100\n|turn|2\n|\n|t:|1776640589\n|move|p1b: Aerodactyl|Rock Slide|p2b: Heliolisk|[spread] p2a,p2b\n|-supereffective|p2a: Weavile|1\n|-damage|p2a: Weavile|0 fnt\n|-damage|p2b: Heliolisk|46/100\n|faint|p2a: Weavile\n|move|p2b: Heliolisk|Thunder|p1b: Aerodactyl\n|-supereffective|p1b: Aerodactyl|1\n|-enditem|p1b: Aerodactyl|Focus Sash\n|-damage|p1b: Aerodactyl|1/100\n|move|p1a: Araquanid|Liquidation|p2b: Heliolisk\n|-heal|p2b: Heliolisk|70/100|[from] ability: Dry Skin|[of] p1a: Araquanid\n|\n|-weather|RainDance|[upkeep]\n|-heal|p2b: Heliolisk|83/100|[from] ability: Dry Skin\n|upkeep\n|\n|t:|1776640606\n|switch|p2a: Primarina|Primarina, L50, M|100/100\n|turn|3\n|\n|t:|1776640615\n|move|p2b: Heliolisk|Protect|p2b: Heliolisk\n|-singleturn|p2b: Heliolisk|Protect\n|move|p1b: Aerodactyl|Rock Slide|p2b: Heliolisk|[spread] p2a\n|-activate|p2b: Heliolisk|move: Protect\n|-damage|p2a: Primarina|70/100\n|move|p2a: Primarina|Icy Wind|p1a: Araquanid|[spread] p1a,p1b\n|-resisted|p1a: Araquanid|1\n|-supereffective|p1b: Aerodactyl|1\n|-damage|p1a: Araquanid|95/100\n|-damage|p1b: Aerodactyl|0 fnt\n|-unboost|p1a: Araquanid|spe|1\n|faint|p1b: Aerodactyl\n|move|p1a: Araquanid|Liquidation|p2a: Primarina\n|-resisted|p2a: Primarina|1\n|-damage|p2a: Primarina|3/100\n|-unboost|p2a: Primarina|def|1\n|\n|-weather|RainDance|[upkeep]\n|-heal|p2b: Heliolisk|95/100|[from] ability: Dry Skin\n|-heal|p2a: Primarina|9/100|[from] item: Leftovers\n|upkeep\n|\n|t:|1776640636\n|switch|p1b: Meganium|Meganium, L50, F|100/100\n|turn|4\n|\n|t:|1776640659\n|detailschange|p1b: Meganium|Meganium-Mega, L50, F\n|-mega|p1b: Meganium|Meganium|Meganiumite\n|move|p2b: Heliolisk|Thunder|p1a: Araquanid\n|-supereffective|p1a: Araquanid|1\n|-damage|p1a: Araquanid|12/100\n|move|p1b: Meganium|Dazzling Gleam|p2b: Heliolisk|[spread] p2a,p2b\n|-damage|p2a: Primarina|0 fnt\n|-damage|p2b: Heliolisk|43/100\n|faint|p2a: Primarina\n|move|p1a: Araquanid|Bug Bite|p2b: Heliolisk\n|-damage|p2b: Heliolisk|0 fnt\n|faint|p2b: Heliolisk\n|\n|-weather|RainDance|[upkeep]\n|upkeep\n|\n|t:|1776640676\n|switch|p2a: Pelipper|Pelipper, L50, M|100/100\n|turn|5\n|\n|t:|1776640685\n|move|p1b: Meganium|Solar Beam||[still]\n|-prepare|p1b: Meganium|Solar Beam\n|-activate|p1b: Meganium|ability: Mega Sol\n|-anim|p1b: Meganium|Solar Beam|p2a: Pelipper\n|-damage|p2a: Pelipper|0 fnt\n|faint|p2a: Pelipper\n|\n|win|matthewdongha\n|raw|matthewdongha's rating: 1106 &rarr; <strong>1135</strong><br />(+29 for winning)\n|raw|colfox's rating: 1157 &rarr; <strong>1128</strong><br />(-29 for losing)\n",
  "uploadtime": 1776640692,
  "views": 7,
  "formatid": "gen9championsvgc2026regma",
  "rating": 1128,
  "private": 0,
  "password": null
}