{
  "id": "gen9championsvgc2026regma-2586679601",
  "format": "[Gen 9 Champions] VGC 2026 Reg M-A",
  "players": [
    "orionsayshi",
    "RNG can't stop me"
  ],
  "log": "|j|\u2606orionsayshi\n|j|\u2606RNG can't stop me\n|t:|1776451603\n|gametype|doubles\n|player|p1|orionsayshi|elesa|1153\n|player|p2|RNG can't stop me|n|1111\n|gen|9\n|tier|[Gen 9 Champions] VGC 2026 Reg M-A\n|rated|\n|rule|Species Clause: Limit one of each Pok\u00e9mon\n|rule|Item Clause: Limit 1 of each item\n|clearpoke\n|poke|p1|Incineroar, L50, M|\n|poke|p1|Gengar, L50, M|\n|poke|p1|Sableye, L50, M|\n|poke|p1|Arcanine-Hisui, L50, M|\n|poke|p1|Bellibolt, L50, F|\n|poke|p1|Sinistcha, L50|\n|poke|p2|Excadrill, L50, M|\n|poke|p2|Sneasler, L50, F|\n|poke|p2|Sinistcha, L50|\n|poke|p2|Milotic, L50, F|\n|poke|p2|Aerodactyl, L50, F|\n|poke|p2|Incineroar, L50, F|\n|teampreview|4\n|c|\u2606RNG can't stop me|gl hf\n|\n|t:|1776451666\n|teamsize|p1|4\n|teamsize|p2|4\n|start\n|switch|p1a: Gengar|Gengar, L50, M|100/100\n|switch|p1b: Sableye|Sableye, L50, M|100/100\n|switch|p2a: Milotic|Milotic, L50, F|100/100\n|switch|p2b: Incineroar|Incineroar, L50, F|100/100\n|-ability|p2b: Incineroar|Intimidate|boost\n|-unboost|p1a: Gengar|atk|1\n|-unboost|p1b: Sableye|atk|1\n|turn|1\n|\n|t:|1776451688\n|detailschange|p1a: Gengar|Gengar-Mega, L50, M\n|-mega|p1a: Gengar|Gengar|Gengarite\n|move|p1b: Sableye|Gravity|p1b: Sableye\n|-fieldstart|move: Gravity\n|move|p1a: Gengar|Hypnosis|p2b: Incineroar\n|-status|p2b: Incineroar|slp|[from] move: Hypnosis\n|move|p2a: Milotic|Scald|p1b: Sableye\n|-damage|p1b: Sableye|56/100\n|-status|p1b: Sableye|brn\n|cant|p2b: Incineroar|slp\n|\n|-damage|p1b: Sableye|50/100 brn|[from] brn\n|upkeep\n|turn|2\n|\n|t:|1776451700\n|move|p1b: Sableye|Encore|p2a: Milotic\n|-start|p2a: Milotic|Encore\n|move|p1a: Gengar|Perish Song|p1a: Gengar\n|-start|p1a: Gengar|perish3|[silent]\n|-start|p1b: Sableye|perish3|[silent]\n|-start|p2a: Milotic|perish3|[silent]\n|-start|p2b: Incineroar|perish3|[silent]\n|-fieldactivate|move: Perish Song\n|move|p2a: Milotic|Scald|p1a: Gengar\n|-damage|p1a: Gengar|71/100\n|cant|p2b: Incineroar|slp\n|\n|-damage|p1b: Sableye|44/100 brn|[from] brn\n|-start|p1a: Gengar|perish3\n|-start|p2a: Milotic|perish3\n|-start|p2b: Incineroar|perish3\n|-start|p1b: Sableye|perish3\n|upkeep\n|turn|3\n|\n|t:|1776451712\n|move|p1a: Gengar|Protect|p1a: Gengar\n|-singleturn|p1a: Gengar|Protect\n|move|p1b: Sableye|Disable|p2a: Milotic\n|-start|p2a: Milotic|Disable|Scald\n|cant|p2a: Milotic|Disable|Scald\n|-curestatus|p2b: Incineroar|slp|[msg]\n|move|p2b: Incineroar|Darkest Lariat|p1a: Gengar\n|-activate|p1a: Gengar|move: Protect\n|\n|-damage|p1b: Sableye|39/100 brn|[from] brn\n|-start|p1a: Gengar|perish2\n|-start|p2a: Milotic|perish2\n|-start|p2b: Incineroar|perish2\n|-start|p1b: Sableye|perish2\n|upkeep\n|turn|4\n|\n|t:|1776451727\n|move|p1b: Sableye|Protect|p1b: Sableye\n|-singleturn|p1b: Sableye|Protect\n|move|p1a: Gengar|Hypnosis|p2b: Incineroar\n|-status|p2b: Incineroar|slp|[from] move: Hypnosis\n|-activate|p2a: Milotic|move: Struggle\n|move|p2a: Milotic|Struggle|p1b: Sableye\n|-activate|p1b: Sableye|move: Protect\n|cant|p2b: Incineroar|slp\n|\n|-damage|p1b: Sableye|33/100 brn|[from] brn\n|-end|p2a: Milotic|Encore\n|-start|p1a: Gengar|perish1\n|-start|p2a: Milotic|perish1\n|-start|p2b: Incineroar|perish1\n|-start|p1b: Sableye|perish1\n|upkeep\n|turn|5\n|\n|t:|1776451748\n|switch|p1a: Sinistcha|Sinistcha, L50|100/100\n|-heal|p1b: Sableye|58/100 brn|[from] ability: Hospitality|[of] p1a: Sinistcha\n|switch|p1b: Bellibolt|Bellibolt, L50, F|100/100\n|move|p2a: Milotic|Icy Wind|p1a: Sinistcha|[spread] p1a,p1b\n|-supereffective|p1a: Sinistcha|1\n|-damage|p1a: Sinistcha|78/100\n|-damage|p1b: Bellibolt|92/100\n|-unboost|p1a: Sinistcha|spe|1\n|-unboost|p1b: Bellibolt|spe|1\n|-start|p1b: Bellibolt|Charge|Icy Wind|[from] ability: Electromorphosis\n|-curestatus|p2b: Incineroar|slp|[msg]\n|move|p2b: Incineroar|Flare Blitz|p1a: Sinistcha\n|-supereffective|p1a: Sinistcha|1\n|-damage|p1a: Sinistcha|0 fnt\n|faint|p1a: Sinistcha\n|-damage|p2b: Incineroar|73/100|[from] Recoil\n|\n|-start|p2a: Milotic|perish0\n|-start|p2b: Incineroar|perish0\n|-fieldend|move: Gravity\n|upkeep\n|faint|p2a: Milotic\n|faint|p2b: Incineroar\n|\n|t:|1776451763\n|switch|p2a: Excadrill|Excadrill, L50, M|100/100\n|switch|p2b: Sneasler|Sneasler, L50, F|100/100\n|switch|p1a: Gengar|Gengar-Mega, L50, M|71/100\n|-ability|p2a: Excadrill|Mold Breaker\n|turn|6\n|\n|t:|1776451784\n|detailschange|p2a: Excadrill|Excadrill-Mega, L50, M\n|-mega|p2a: Excadrill|Excadrill|Excadrite\n|move|p1a: Gengar|Perish Song|p1a: Gengar\n|-start|p1a: Gengar|perish3|[silent]\n|-start|p1b: Bellibolt|perish3|[silent]\n|-start|p2a: Excadrill|perish3|[silent]\n|-start|p2b: Sneasler|perish3|[silent]\n|-fieldactivate|move: Perish Song\n|move|p2b: Sneasler|Close Combat|p1b: Bellibolt\n|-damage|p1b: Bellibolt|35/100\n|-unboost|p2b: Sneasler|def|1\n|-unboost|p2b: Sneasler|spd|1\n|-start|p1b: Bellibolt|Charge|Close Combat|[from] ability: Electromorphosis\n|-enditem|p2b: Sneasler|White Herb\n|-clearnegativeboost|p2b: Sneasler|[silent]\n|move|p2a: Excadrill|High Horsepower|p1a: Gengar\n|-supereffective|p1a: Gengar|1\n|-damage|p1a: Gengar|0 fnt\n|faint|p1a: Gengar\n|move|p1b: Bellibolt|Volt Switch|p2b: Sneasler\n|-damage|p2b: Sneasler|2/100\n|-end|p1b: Bellibolt|Charge|[silent]\n|\n|t:|1776451803\n|switch|p1b: Sableye|Sableye, L50, M|58/100 brn|[from] Volt Switch\n|\n|-damage|p1b: Sableye|52/100 brn|[from] brn\n|-start|p2b: Sneasler|perish3\n|-start|p2a: Excadrill|perish3\n|upkeep\n|\n|t:|1776451811\n|switch|p1a: Bellibolt|Bellibolt, L50, F|35/100\n|turn|7\n|\n|t:|1776451820\n|move|p1a: Bellibolt|Protect|p1a: Bellibolt\n|-singleturn|p1a: Bellibolt|Protect\n|move|p1b: Sableye|Encore|p2b: Sneasler\n|-start|p2b: Sneasler|Encore\n|move|p2b: Sneasler|Close Combat|p1a: Bellibolt\n|-activate|p1a: Bellibolt|move: Protect\n|move|p2a: Excadrill|High Horsepower|p1b: Sableye\n|-damage|p1b: Sableye|0 fnt\n|faint|p1b: Sableye\n|\n|-start|p2b: Sneasler|perish2\n|-start|p2a: Excadrill|perish2\n|upkeep\n|turn|8\n|c|\u2606RNG can't stop me|gg\n|\n|t:|1776451835\n|move|p1a: Bellibolt|Protect|p1a: Bellibolt\n|-singleturn|p1a: Bellibolt|Protect\n|move|p2b: Sneasler|Close Combat|p1a: Bellibolt\n|-activate|p1a: Bellibolt|move: Protect\n|move|p2a: Excadrill|High Horsepower|p1a: Bellibolt\n|-supereffective|p1a: Bellibolt|1\n|-crit|p1a: Bellibolt\n|-ability|p2a: Excadrill|Piercing Drill\n|-zbroken|p1a: Bellibolt\n|-damage|p1a: Bellibolt|0 fnt\n|faint|p1a: Bellibolt\n|\n|win|RNG can't stop me\n|raw|orionsayshi's rating: 1153 &rarr; <strong>1125</strong><br />(-28 for losing)\n|raw|RNG can&apos;t stop me's rating: 1111 &rarr; <strong>1139</strong><br />(+28 for winning)\n|l|\u2606orionsayshi\n|player|p1|\n",
  "uploadtime": 1776451849,
  "views": 33,
  "formatid": "gen9championsvgc2026regma",
  "rating": 1125,
  "private": 0,
  "password": null
}