{
  "id": "gen9championsvgc2026regma-2583523244",
  "format": "[Gen 9 Champions] VGC 2026 Reg M-A",
  "players": [
    "no1.pokemon",
    "tonypeesh"
  ],
  "log": "|j|\u2606no1.pokemon\n|j|\u2606tonypeesh\n|t:|1776181027\n|gametype|doubles\n|player|p1|no1.pokemon|alec-anime|1201\n|player|p2|tonypeesh|ethan|1116\n|gen|9\n|tier|[Gen 9 Champions] VGC 2026 Reg M-A\n|rated|\n|rule|Species Clause: Limit one of each Pok\u00e9mon\n|rule|Item Clause: Limit 1 of each item\n|clearpoke\n|poke|p1|Garchomp, L50, M|\n|poke|p1|Whimsicott, L50, F|\n|poke|p1|Incineroar, L50, M|\n|poke|p1|Charizard, L50, F|\n|poke|p1|Lucario, L50, M|\n|poke|p1|Venusaur, L50, M|\n|poke|p2|Zoroark-Hisui, L50, F|\n|poke|p2|Kingambit, L50, F|\n|poke|p2|Golurk, L50|\n|poke|p2|Mimikyu, L50, M|\n|poke|p2|Drampa, L50, F|\n|poke|p2|Rotom-Wash, L50|\n|teampreview|4\n|inactive|Battle timer is ON: inactive players will automatically lose when time's up. (requested by no1.pokemon)\n|\n|t:|1776181058\n|teamsize|p1|4\n|teamsize|p2|4\n|start\n|switch|p1a: Charizard|Charizard, L50, F, shiny|100/100\n|switch|p1b: Venusaur|Venusaur, L50, M|100/100\n|switch|p2a: Mimikyu|Mimikyu, L50, M|100/100\n|switch|p2b: Drampa|Drampa, L50, F|100/100\n|turn|1\n|\n|t:|1776181073\n|move|p2b: Drampa|Hyper Voice|p1b: Venusaur|[spread] p1a,p1b\n|-damage|p1a: Charizard|58/100\n|-damage|p1b: Venusaur|68/100\n|move|p1a: Charizard|Heat Wave|p2a: Mimikyu|[spread] \n|-miss|p1a: Charizard|p2a: Mimikyu\n|-miss|p1a: Charizard|p2b: Drampa\n|move|p1b: Venusaur|Sleep Powder|p2a: Mimikyu\n|-status|p2a: Mimikyu|slp|[from] move: Sleep Powder\n|cant|p2a: Mimikyu|slp\n|\n|-heal|p1b: Venusaur|74/100|[from] item: Leftovers\n|upkeep\n|turn|2\n|\n|t:|1776181094\n|detailschange|p1a: Charizard|Charizard-Mega-Y, L50, F, shiny\n|-mega|p1a: Charizard|Charizard|Charizardite Y\n|-weather|SunnyDay|[from] ability: Drought|[of] p1a: Charizard\n|-curestatus|p2a: Mimikyu|slp|[msg]\n|move|p2a: Mimikyu|Protect|p2a: Mimikyu\n|-singleturn|p2a: Mimikyu|Protect\n|move|p1b: Venusaur|Sleep Powder|p2b: Drampa\n|-status|p2b: Drampa|slp|[from] move: Sleep Powder\n|cant|p2b: Drampa|slp\n|move|p1a: Charizard|Heat Wave|p2a: Mimikyu|[spread] p2b\n|-activate|p2a: Mimikyu|move: Protect\n|-enditem|p2b: Drampa|Focus Sash\n|-damage|p2b: Drampa|1/100 slp\n|replace|p2b: Zoroark|Zoroark-Hisui, L50, F\n|-end|p2b: Zoroark|Illusion\n|\n|-weather|SunnyDay|[upkeep]\n|-heal|p1b: Venusaur|80/100|[from] item: Leftovers\n|upkeep\n|turn|3\n|\n|t:|1776181118\n|move|p1b: Venusaur|Sleep Powder|p2a: Mimikyu|[miss]\n|-miss|p1b: Venusaur|p2a: Mimikyu\n|cant|p2b: Zoroark|slp\n|move|p1a: Charizard|Heat Wave|p2a: Mimikyu|[spread] p2b\n|-miss|p1a: Charizard|p2a: Mimikyu\n|-damage|p2b: Zoroark|0 fnt\n|faint|p2b: Zoroark\n|move|p2a: Mimikyu|Trick Room|p2a: Mimikyu\n|-fieldstart|move: Trick Room|[of] p2a: Mimikyu\n|\n|-weather|SunnyDay|[upkeep]\n|-heal|p1b: Venusaur|86/100|[from] item: Leftovers\n|upkeep\n|\n|t:|1776181129\n|switch|p2b: Drampa|Drampa, L50, F|100/100\n|-ability|p2b: Drampa|Cloud Nine\n|turn|4\n|\n|t:|1776181142\n|switch|p1a: Lucario|Lucario, L50, M|100/100\n|detailschange|p2b: Drampa|Drampa-Mega, L50, F\n|-mega|p2b: Drampa|Drampa|Drampanite\n|move|p2a: Mimikyu|Shadow Sneak|p1a: Lucario\n|-damage|p1a: Lucario|76/100\n|move|p2b: Drampa|Heat Wave|p1b: Venusaur|[spread] p1a,p1b\n|-supereffective|p1a: Lucario|1\n|-supereffective|p1b: Venusaur|1\n|-damage|p1a: Lucario|0 fnt\n|-damage|p1b: Venusaur|1/100\n|faint|p1a: Lucario\n|move|p1b: Venusaur|Sleep Powder|p2b: Drampa|[miss]\n|-miss|p1b: Venusaur|p2b: Drampa\n|\n|-weather|SunnyDay|[upkeep]\n|-heal|p1b: Venusaur|7/100|[from] item: Leftovers\n|upkeep\n|\n|t:|1776181150\n|switch|p1a: Garchomp|Garchomp, L50, M|100/100\n|turn|5\n|\n|t:|1776181168\n|move|p1b: Venusaur|Protect|p1b: Venusaur\n|-singleturn|p1b: Venusaur|Protect\n|move|p2a: Mimikyu|Shadow Sneak|p1b: Venusaur\n|-activate|p1b: Venusaur|move: Protect\n|move|p2b: Drampa|Dragon Pulse|p1a: Garchomp\n|-supereffective|p1a: Garchomp|1\n|-damage|p1a: Garchomp|0 fnt\n|faint|p1a: Garchomp\n|\n|-weather|SunnyDay|[upkeep]\n|-heal|p1b: Venusaur|13/100|[from] item: Leftovers\n|upkeep\n|-message|no1.pokemon forfeited.\n|\n|win|tonypeesh\n|raw|no1.pokemon's rating: 1178 &rarr; <strong>1149</strong><br />(-29 for losing)\n|raw|tonypeesh's rating: 1116 &rarr; <strong>1145</strong><br />(+29 for winning)\n",
  "uploadtime": 1776181174,
  "views": 13,
  "formatid": "gen9championsvgc2026regma",
  "rating": 1145,
  "private": 0,
  "password": null
}