{
  "id": "gen9championsvgc2026regma-2582993508",
  "format": "[Gen 9 Champions] VGC 2026 Reg M-A",
  "players": [
    "GriffyGuy",
    "jj_axiii101"
  ],
  "log": "|j|\u2606GriffyGuy\n|j|\u2606jj_axiii101\n|t:|1776131574\n|gametype|doubles\n|player|p1|GriffyGuy|101|1066\n|player|p2|jj_axiii101|aaron|1143\n|gen|9\n|tier|[Gen 9 Champions] VGC 2026 Reg M-A\n|rated|\n|rule|Species Clause: Limit one of each Pok\u00e9mon\n|rule|Item Clause: Limit 1 of each item\n|clearpoke\n|poke|p1|Florges, L50, F|\n|poke|p1|Garbodor, L50, M|\n|poke|p1|Chesnaught, L50, F|\n|poke|p1|Altaria, L50, M|\n|poke|p1|Empoleon, L50, M|\n|poke|p1|Arcanine-Hisui, L50, F|\n|poke|p2|Charizard, L50, F|\n|poke|p2|Venusaur, L50, M|\n|poke|p2|Garchomp, L50, M|\n|poke|p2|Rotom-Wash, L50|\n|poke|p2|Sneasler, L50, F|\n|poke|p2|Incineroar, L50, M|\n|teampreview|4\n|\n|t:|1776131597\n|teamsize|p1|4\n|teamsize|p2|4\n|start\n|switch|p1a: Altaria|Altaria, L50, M|100/100\n|switch|p1b: Empoleon|Empoleon, L50, M|100/100\n|switch|p2a: Garchomp|Garchomp, L50, M|100/100\n|switch|p2b: Venusaur|Venusaur, L50, M|100/100\n|-ability|p1a: Altaria|Cloud Nine\n|turn|1\n|inactive|Battle timer is ON: inactive players will automatically lose when time's up. (requested by jj_axiii101)\n|\n|t:|1776131615\n|switch|p1b: Chesnaught|Chesnaught, L50, F|100/100\n|detailschange|p1a: Altaria|Altaria-Mega, L50, M\n|-mega|p1a: Altaria|Altaria|Altarianite\n|move|p2a: Garchomp|Earthquake|p1a: Altaria|[spread] p2b,p1a,p1b\n|-resisted|p1b: Chesnaught|1\n|-damage|p2b: Venusaur|46/100\n|-damage|p1a: Altaria|64/100\n|-damage|p1b: Chesnaught|85/100\n|move|p2b: Venusaur|Sleep Powder|p1a: Altaria|[miss]\n|-miss|p2b: Venusaur|p1a: Altaria\n|move|p1a: Altaria|Tailwind|p1a: Altaria\n|-sidestart|p1: GriffyGuy|move: Tailwind\n|\n|upkeep\n|turn|2\n|inactive|GriffyGuy has 30 seconds left.\n|inactive|jj_axiii101 has 30 seconds left.\n|inactive|GriffyGuy has 20 seconds left.\n|\n|t:|1776131652\n|switch|p2a: Charizard|Charizard, L50, F|100/100\n|move|p2b: Venusaur|Protect|p2b: Venusaur\n|-singleturn|p2b: Venusaur|Protect\n|move|p1a: Altaria|Dragon Pulse|p2a: Charizard\n|-damage|p2a: Charizard|40/100\n|move|p1b: Chesnaught|Trailblaze|p2a: Charizard\n|-resisted|p2a: Charizard|2\n|-damage|p2a: Charizard|31/100\n|-boost|p1b: Chesnaught|spe|1\n|\n|upkeep\n|turn|3\n|inactive|GriffyGuy has 30 seconds left.\n|inactive|GriffyGuy has 20 seconds left.\n|inactive|jj_axiii101 has 30 seconds left.\n|inactive|jj_axiii101 has 20 seconds left.\n|inactive|jj_axiii101 has 15 seconds left.\n|\n|t:|1776131708\n|detailschange|p2a: Charizard|Charizard-Mega-Y, L50, F\n|-mega|p2a: Charizard|Charizard|Charizardite Y\n|-weather|SunnyDay|[from] ability: Drought|[of] p2a: Charizard\n|move|p2b: Venusaur|Sludge Bomb|p1a: Altaria\n|-supereffective|p1a: Altaria|1\n|-damage|p1a: Altaria|0 fnt\n|faint|p1a: Altaria\n|move|p1b: Chesnaught|Drain Punch|p2a: Charizard\n|-resisted|p2a: Charizard|1\n|-damage|p2a: Charizard|4/100\n|-heal|p1b: Chesnaught|96/100|[from] drain|[of] p2a: Charizard\n|move|p2a: Charizard|Heat Wave|p1b: Chesnaught\n|-supereffective|p1b: Chesnaught|1\n|-damage|p1b: Chesnaught|0 fnt\n|faint|p1b: Chesnaught\n|\n|-weather|SunnyDay|[upkeep]\n|upkeep\n|\n|t:|1776131724\n|switch|p1a: Arcanine|Arcanine-Hisui, L50, F|100/100\n|switch|p1b: Empoleon|Empoleon, L50, M|100/100\n|-ability|p1a: Arcanine|Intimidate|boost\n|-unboost|p2a: Charizard|atk|1\n|-unboost|p2b: Venusaur|atk|1\n|turn|4\n|\n|t:|1776131736\n|move|p2b: Venusaur|Protect|p2b: Venusaur\n|-singleturn|p2b: Venusaur|Protect\n|move|p1a: Arcanine|Extreme Speed|p2a: Charizard\n|-damage|p2a: Charizard|0 fnt\n|faint|p2a: Charizard\n|move|p1b: Empoleon|Icy Wind|p2b: Venusaur\n|-activate|p2b: Venusaur|move: Protect\n|\n|-weather|SunnyDay|[upkeep]\n|-sideend|p1: GriffyGuy|move: Tailwind\n|upkeep\n|\n|t:|1776131748\n|switch|p2a: Garchomp|Garchomp, L50, M|100/100\n|turn|5\n|c|\u2606jj_axiii101|gg\n|\n|t:|1776131767\n|move|p2b: Venusaur|Leaf Storm|p1b: Empoleon\n|-damage|p1b: Empoleon|54/100\n|-unboost|p2b: Venusaur|spa|2\n|move|p2a: Garchomp|Earthquake|p1b: Empoleon|[spread] p2b,p1a,p1b\n|-supereffective|p1a: Arcanine|2\n|-supereffective|p1b: Empoleon|1\n|-damage|p2b: Venusaur|0 fnt\n|-enditem|p1a: Arcanine|Focus Sash\n|-damage|p1a: Arcanine|1/100\n|-damage|p1b: Empoleon|0 fnt\n|faint|p2b: Venusaur\n|faint|p1b: Empoleon\n|move|p1a: Arcanine|Close Combat|p2a: Garchomp\n|-damage|p2a: Garchomp|58/100\n|-unboost|p1a: Arcanine|def|1\n|-unboost|p1a: Arcanine|spd|1\n|\n|-weather|SunnyDay|[upkeep]\n|upkeep\n|\n|t:|1776131776\n|switch|p2b: Sneasler|Sneasler, L50, F|100/100\n|turn|6\n|\n|t:|1776131785\n|move|p2b: Sneasler|Fake Out|p1a: Arcanine\n|-resisted|p1a: Arcanine|1\n|-crit|p1a: Arcanine\n|-damage|p1a: Arcanine|0 fnt\n|faint|p1a: Arcanine\n|\n|win|jj_axiii101\n|raw|GriffyGuy's rating: 1066 &rarr; <strong>1050</strong><br />(-16 for losing)\n|raw|jj_axiii101's rating: 1143 &rarr; <strong>1163</strong><br />(+20 for winning)\n|l|\u2606GriffyGuy\n|player|p1|\n",
  "uploadtime": 1776131803,
  "views": 14,
  "formatid": "gen9championsvgc2026regma",
  "rating": 1050,
  "private": 0,
  "password": null
}