{
  "id": "gen9championsvgc2026regma-2583205828",
  "format": "[Gen 9 Champions] VGC 2026 Reg M-A",
  "players": [
    "darkslegend",
    "PokeSanti03"
  ],
  "log": "|j|\u2606darkslegend\n|j|\u2606PokeSanti03\n|t:|1776154616\n|gametype|doubles\n|player|p1|darkslegend|169|1087\n|player|p2|PokeSanti03|169|1040\n|gen|9\n|tier|[Gen 9 Champions] VGC 2026 Reg M-A\n|rated|\n|rule|Species Clause: Limit one of each Pok\u00e9mon\n|rule|Item Clause: Limit 1 of each item\n|clearpoke\n|poke|p1|Froslass, L50, F|\n|poke|p1|Garchomp, L50, M|\n|poke|p1|Rotom-Frost, L50|\n|poke|p1|Empoleon, L50, M|\n|poke|p1|Incineroar, L50, F|\n|poke|p1|Kingambit, L50, M|\n|poke|p2|Incineroar, L50, M|\n|poke|p2|Froslass, L50, F|\n|poke|p2|Orthworm, L50, F|\n|poke|p2|Basculegion, L50, M|\n|poke|p2|Garchomp, L50, F|\n|poke|p2|Rotom-Frost, L50|\n|teampreview|4\nPokeSanti03 has agreed to open team sheets.\n|\n|t:|1776154666\n|teamsize|p1|4\n|teamsize|p2|4\n|start\n|switch|p1a: Incineroar|Incineroar, L50, F|100/100\n|switch|p1b: Kingambit|Kingambit, L50, M|100/100\n|switch|p2a: Garchomp|Garchomp, L50, F|100/100\n|switch|p2b: Rotom|Rotom-Frost, L50|100/100\n|-ability|p1a: Incineroar|Intimidate|boost\n|-unboost|p2a: Garchomp|atk|1\n|-unboost|p2b: Rotom|atk|1\n|turn|1\n|inactive|Battle timer is ON: inactive players will automatically lose when time's up. (requested by darkslegend)\n|inactive|darkslegend has 60 seconds left.\n|inactive|PokeSanti03 has 60 seconds left.\n|\n|t:|1776154715\n|move|p1a: Incineroar|Fake Out|p2a: Garchomp\n|-damage|p2a: Garchomp|86/100\n|-damage|p1a: Incineroar|88/100|[from] ability: Rough Skin|[of] p2a: Garchomp\n|cant|p2a: Garchomp|flinch\n|move|p1b: Kingambit|Low Kick|p2b: Rotom\n|-supereffective|p2b: Rotom|1\n|-damage|p2b: Rotom|85/100\n|move|p2b: Rotom|Thunderbolt|p1b: Kingambit\n|-damage|p1b: Kingambit|50/100\n|\n|upkeep\n|turn|2\n|\n|t:|1776154739\n|move|p2b: Rotom|Helping Hand|p2a: Garchomp\n|-singleturn|p2a: Garchomp|Helping Hand|[of] p2b: Rotom\n|move|p1b: Kingambit|Sucker Punch||[still]\n|-fail|p1b: Kingambit\n|move|p2a: Garchomp|Earthquake|p1a: Incineroar|[spread] p1a,p1b\n|-immune|p2b: Rotom|[from] ability: Levitate\n|-supereffective|p1a: Incineroar|1\n|-supereffective|p1b: Kingambit|1\n|-damage|p1a: Incineroar|19/100\n|-damage|p1b: Kingambit|0 fnt\n|-enditem|p1a: Incineroar|Sitrus Berry|[eat]\n|-heal|p1a: Incineroar|44/100|[from] item: Sitrus Berry\n|faint|p1b: Kingambit\n|move|p1a: Incineroar|Parting Shot|p2a: Garchomp\n|-unboost|p2a: Garchomp|atk|1\n|-unboost|p2a: Garchomp|spa|1\n|\n|t:|1776154754\n|switch|p1a: Rotom|Rotom-Frost, L50|100/100|[from] Parting Shot\n|\n|upkeep\n|\n|t:|1776154758\n|switch|p1b: Froslass|Froslass, L50, F|100/100\n|turn|3\n|inactive|PokeSanti03 has 30 seconds left.\n|\n|t:|1776154787\n|detailschange|p1b: Froslass|Froslass-Mega, L50, F\n|-mega|p1b: Froslass|Froslass|Froslassite\n|-weather|Snowscape|[from] ability: Snow Warning|[of] p1b: Froslass\n|move|p2b: Rotom|Helping Hand|p2a: Garchomp\n|-singleturn|p2a: Garchomp|Helping Hand|[of] p2b: Rotom\n|move|p1a: Rotom|Blizzard|p2a: Garchomp|[spread] p2a,p2b\n|-supereffective|p2a: Garchomp|2\n|-resisted|p2b: Rotom|1\n|-damage|p2a: Garchomp|0 fnt\n|-damage|p2b: Rotom|64/100\n|faint|p2a: Garchomp\n|move|p1b: Froslass|Aurora Veil|p1b: Froslass\n|-sidestart|p1: darkslegend|move: Aurora Veil\n|\n|-weather|Snowscape|[upkeep]\n|upkeep\n|\n|t:|1776154801\n|switch|p2a: Froslass|Froslass, L50, F|100/100\n|turn|4\n|\n|t:|1776154816\n|detailschange|p2a: Froslass|Froslass-Mega, L50, F\n|-mega|p2a: Froslass|Froslass|Froslassite\n|move|p2b: Rotom|Helping Hand|p2a: Froslass\n|-singleturn|p2a: Froslass|Helping Hand|[of] p2b: Rotom\n|move|p1a: Rotom|Blizzard|p2b: Rotom|[spread] p2a,p2b\n|-resisted|p2a: Froslass|1\n|-resisted|p2b: Rotom|1\n|-damage|p2a: Froslass|79/100\n|-damage|p2b: Rotom|43/100\n|move|p2a: Froslass|Shadow Ball|p1b: Froslass\n|-supereffective|p1b: Froslass|1\n|-damage|p1b: Froslass|0 fnt\n|faint|p1b: Froslass\n|\n|-weather|Snowscape|[upkeep]\n|upkeep\n|\n|t:|1776154832\n|switch|p1b: Incineroar|Incineroar, L50, F|44/100\n|-ability|p1b: Incineroar|Intimidate|boost\n|-unboost|p2a: Froslass|atk|1\n|-unboost|p2b: Rotom|atk|1\n|turn|5\n|\n|t:|1776154855\n|switch|p2b: Orthworm|Orthworm, L50, F|100/100\n|move|p1a: Rotom|Blizzard|p2b: Orthworm|[spread] p2a,p2b\n|-resisted|p2a: Froslass|1\n|-resisted|p2b: Orthworm|1\n|-damage|p2a: Froslass|58/100\n|-damage|p2b: Orthworm|80/100\n|move|p2a: Froslass|Aurora Veil|p2a: Froslass\n|-sidestart|p2: PokeSanti03|move: Aurora Veil\n|move|p1b: Incineroar|Darkest Lariat|p2a: Froslass\n|-supereffective|p2a: Froslass|1\n|-damage|p2a: Froslass|0 fnt\n|faint|p2a: Froslass\n|\n|-weather|Snowscape|[upkeep]\n|upkeep\n|\n|t:|1776154867\n|switch|p2a: Rotom|Rotom-Frost, L50|43/100\n|turn|6\n|\n|t:|1776154886\n|move|p1a: Rotom|Blizzard|p2a: Rotom|[spread] p2a,p2b\n|-resisted|p2a: Rotom|1\n|-resisted|p2b: Orthworm|1\n|-damage|p2a: Rotom|30/100\n|-damage|p2b: Orthworm|65/100\n|move|p2a: Rotom|Blizzard|p1a: Rotom|[spread] p1a,p1b\n|-resisted|p1a: Rotom|1\n|-resisted|p1b: Incineroar|1\n|-crit|p1b: Incineroar\n|-damage|p1a: Rotom|78/100\n|-damage|p1b: Incineroar|13/100\n|move|p1b: Incineroar|Flare Blitz|p2b: Orthworm\n|-supereffective|p2b: Orthworm|1\n|-damage|p2b: Orthworm|10/100\n|-enditem|p2b: Orthworm|Sitrus Berry|[eat]\n|-heal|p2b: Orthworm|35/100|[from] item: Sitrus Berry\n|-damage|p1b: Incineroar|0 fnt|[from] Recoil\n|faint|p1b: Incineroar\n|move|p2b: Orthworm|Iron Defense|p2b: Orthworm\n|-boost|p2b: Orthworm|def|2\n|\n|-weather|Snowscape|[upkeep]\n|upkeep\n|turn|7\n|inactive|PokeSanti03 has 30 seconds left.\n|\n|t:|1776154913\n|move|p1a: Rotom|Blizzard|p2a: Rotom|[spread] p2a,p2b\n|-resisted|p2a: Rotom|1\n|-resisted|p2b: Orthworm|1\n|-damage|p2a: Rotom|17/100\n|-damage|p2b: Orthworm|20/100\n|move|p2a: Rotom|Blizzard|p1a: Rotom\n|-resisted|p1a: Rotom|1\n|-damage|p1a: Rotom|48/100\n|move|p2b: Orthworm|Body Press|p1a: Rotom\n|-supereffective|p1a: Rotom|1\n|-damage|p1a: Rotom|0 fnt\n|faint|p1a: Rotom\n|\n|win|PokeSanti03\n|raw|darkslegend's rating: 1087 &rarr; <strong>1061</strong><br />(-26 for losing)\n|raw|PokeSanti03's rating: 1040 &rarr; <strong>1079</strong><br />(+39 for winning)\n|l|\u2606darkslegend\n|player|p1|\n",
  "uploadtime": 1776154935,
  "views": 24,
  "formatid": "gen9championsvgc2026regma",
  "rating": 1061,
  "private": 0,
  "password": null
}