{
  "id": "gen9championsvgc2026regma-2589471983",
  "format": "[Gen 9 Champions] VGC 2026 Reg M-A",
  "players": [
    "qwerty throh",
    "scolipede44"
  ],
  "log": "|j|\u2606qwerty throh\n|j|\u2606scolipede44\n|t:|1776725993\n|gametype|doubles\n|player|p1|qwerty throh|blackbelt-gen4dp|1163\n|player|p2|scolipede44|marshal|1066\n|gen|9\n|tier|[Gen 9 Champions] VGC 2026 Reg M-A\n|rated|\n|rule|Species Clause: Limit one of each Pok\u00e9mon\n|rule|Item Clause: Limit 1 of each item\n|clearpoke\n|poke|p1|Delphox, L50, M|\n|poke|p1|Whimsicott, L50, F|\n|poke|p1|Basculegion, L50, M|\n|poke|p1|Archaludon, L50, F|\n|poke|p1|Excadrill, L50, F|\n|poke|p1|Raichu, L50, F|\n|poke|p2|Noivern, L50, M|\n|poke|p2|Dragapult, L50, M|\n|poke|p2|Incineroar, L50, M|\n|poke|p2|Lucario, L50, M|\n|poke|p2|Sinistcha, L50|\n|poke|p2|Milotic, L50, M|\n|teampreview|4\n|inactive|Battle timer is ON: inactive players will automatically lose when time's up. (requested by scolipede44)\n|\n|t:|1776726023\n|teamsize|p1|4\n|teamsize|p2|4\n|start\n|switch|p1a: Whimsicott|Whimsicott, L50, F|100/100\n|switch|p1b: Raichu|Raichu, L50, F|100/100\n|switch|p2a: Noivern|Noivern, L50, M|100/100\n|switch|p2b: Dragapult|Dragapult, L50, M|100/100\n|-item|p1a: Whimsicott|Focus Sash|[from] ability: Frisk|[of] p2a: Noivern\n|-item|p1b: Raichu|Sitrus Berry|[from] ability: Frisk|[of] p2a: Noivern\n|turn|1\n|\n|t:|1776726037\n|switch|p2b: Incineroar|Incineroar, L50, M|100/100\n|-ability|p2b: Incineroar|Intimidate|boost\n|-unboost|p1a: Whimsicott|atk|1\n|-unboost|p1b: Raichu|atk|1\n|move|p1a: Whimsicott|Taunt|p2a: Noivern\n|-start|p2a: Noivern|move: Taunt\n|move|p2a: Noivern|Boomburst|p1b: Raichu|[spread] p2b,p1a,p1b\n|-damage|p2b: Incineroar|79/100\n|-damage|p1a: Whimsicott|55/100\n|-damage|p1b: Raichu|55/100\n|move|p1b: Raichu|Knock Off|p2b: Incineroar\n|-resisted|p2b: Incineroar|1\n|-crit|p2b: Incineroar\n|-damage|p2b: Incineroar|59/100\n|-enditem|p2b: Incineroar|Chople Berry|[from] move: Knock Off|[of] p1b: Raichu\n|\n|upkeep\n|turn|2\n|\n|t:|1776726062\n|switch|p1a: Archaludon|Archaludon, L50, F|100/100\n|move|p2b: Incineroar|Protect|p2b: Incineroar\n|-singleturn|p2b: Incineroar|Protect\n|move|p2a: Noivern|Boomburst|p1a: Archaludon|[spread] p1a,p1b\n|-activate|p2b: Incineroar|move: Protect\n|-resisted|p1a: Archaludon|1\n|-damage|p1a: Archaludon|77/100\n|-damage|p1b: Raichu|6/100\n|-enditem|p1b: Raichu|Sitrus Berry|[eat]\n|-heal|p1b: Raichu|30/100|[from] item: Sitrus Berry\n|move|p1b: Raichu|Volt Tackle|p2a: Noivern\n|-damage|p2a: Noivern|54/100\n|-damage|p1b: Raichu|12/100|[from] Recoil\n|\n|-heal|p1a: Archaludon|83/100|[from] item: Leftovers\n|upkeep\n|turn|3\n|inactive|qwerty throh has 30 seconds left.\n|\n|t:|1776726090\n|switch|p1b: Whimsicott|Whimsicott, L50, F|55/100\n|move|p2a: Noivern|Boomburst|p1b: Whimsicott|[spread] p2b,p1a,p1b\n|-resisted|p1a: Archaludon|1\n|-damage|p2b: Incineroar|38/100\n|-damage|p1a: Archaludon|59/100\n|-damage|p1b: Whimsicott|4/100\n|move|p1a: Archaludon|Draco Meteor|p2a: Noivern\n|-supereffective|p2a: Noivern|1\n|-damage|p2a: Noivern|0 fnt\n|-unboost|p1a: Archaludon|spa|2\n|faint|p2a: Noivern\n|move|p2b: Incineroar|Parting Shot|p1a: Archaludon\n|-unboost|p1a: Archaludon|atk|1\n|-unboost|p1a: Archaludon|spa|1\n|\n|t:|1776726099\n|switch|p2b: Dragapult|Dragapult, L50, M|100/100|[from] Parting Shot\n|\n|-heal|p1a: Archaludon|65/100|[from] item: Leftovers\n|upkeep\n|\n|t:|1776726101\n|switch|p2a: Incineroar|Incineroar, L50, M|38/100\n|-ability|p2a: Incineroar|Intimidate|boost\n|-unboost|p1a: Archaludon|atk|1\n|-unboost|p1b: Whimsicott|atk|1\n|turn|4\n|\n|t:|1776726112\n|switch|p1a: Raichu|Raichu, L50, F|12/100\n|move|p2a: Incineroar|Fake Out|p1b: Whimsicott\n|-damage|p1b: Whimsicott|0 fnt\n|faint|p1b: Whimsicott\n|move|p2b: Dragapult|Draco Meteor|p1a: Raichu\n|-crit|p1a: Raichu\n|-damage|p1a: Raichu|0 fnt\n|-unboost|p2b: Dragapult|spa|2\n|faint|p1a: Raichu\n|\n|upkeep\n|\n|t:|1776726122\n|switch|p1a: Delphox|Delphox, L50, M|100/100\n|switch|p1b: Archaludon|Archaludon, L50, F|65/100\n|turn|5\n|\n|t:|1776726135\n|detailschange|p1a: Delphox|Delphox-Mega, L50, M\n|-mega|p1a: Delphox|Delphox|Delphoxite\n|move|p2a: Incineroar|Protect|p2a: Incineroar\n|-singleturn|p2a: Incineroar|Protect\n|move|p2b: Dragapult|Shadow Ball|p1a: Delphox\n|-supereffective|p1a: Delphox|1\n|-crit|p1a: Delphox\n|-damage|p1a: Delphox|0 fnt\n|faint|p1a: Delphox\n|move|p1b: Archaludon|Draco Meteor|p2b: Dragapult\n|-supereffective|p2b: Dragapult|1\n|-damage|p2b: Dragapult|0 fnt\n|-unboost|p1b: Archaludon|spa|2\n|faint|p2b: Dragapult\n|\n|-heal|p1b: Archaludon|71/100|[from] item: Leftovers\n|upkeep\n|\n|t:|1776726145\n|switch|p2b: Lucario|Lucario, L50, M|100/100\n|turn|6\n|\n|t:|1776726158\n|detailschange|p2b: Lucario|Lucario-Mega, L50, M\n|-mega|p2b: Lucario|Lucario|Lucarionite\n|move|p2b: Lucario|Close Combat|p1b: Archaludon\n|-supereffective|p1b: Archaludon|1\n|-damage|p1b: Archaludon|0 fnt\n|-unboost|p2b: Lucario|def|1\n|-unboost|p2b: Lucario|spd|1\n|faint|p1b: Archaludon\n|\n|win|scolipede44\n|raw|qwerty throh's rating: 1163 &rarr; <strong>1131</strong><br />(-32 for losing)\n|raw|scolipede44's rating: 1066 &rarr; <strong>1104</strong><br />(+38 for winning)\n|c|\u2606scolipede44|gg\n|l|\u2606qwerty throh\n|player|p1|\n",
  "uploadtime": 1776726167,
  "views": 4,
  "formatid": "gen9championsvgc2026regma",
  "rating": 1104,
  "private": 0,
  "password": null
}