{
  "id": "gen9championsvgc2026regma-2583129791",
  "format": "[Gen 9 Champions] VGC 2026 Reg M-A",
  "players": [
    "Lyph88",
    "OberonVor"
  ],
  "log": "|j|\u2606Lyph88\n|j|\u2606OberonVor\n|t:|1776145587\n|gametype|doubles\n|player|p1|Lyph88|lucas-gen4pt|1169\n|player|p2|OberonVor|cynthia-gen4|1207\n|gen|9\n|tier|[Gen 9 Champions] VGC 2026 Reg M-A\n|rated|\n|rule|Species Clause: Limit one of each Pok\u00e9mon\n|rule|Item Clause: Limit 1 of each item\n|clearpoke\n|poke|p1|Tyranitar, L50, F|\n|poke|p1|Rotom-Wash, L50|\n|poke|p1|Garchomp, L50, M|\n|poke|p1|Sinistcha, L50|\n|poke|p1|Sneasler, L50, M|\n|poke|p1|Talonflame, L50, F|\n|poke|p2|Basculegion, L50, M|\n|poke|p2|Pelipper, L50, F|\n|poke|p2|Drampa, L50, M|\n|poke|p2|Alakazam, L50, F|\n|poke|p2|Sinistcha, L50|\n|poke|p2|Scizor, L50, F|\n|teampreview|4\n|inactive|Battle timer is ON: inactive players will automatically lose when time's up. (requested by OberonVor)\n|inactive|Lyph88 has 60 seconds left.\n|\n|t:|1776145643\n|teamsize|p1|4\n|teamsize|p2|4\n|start\n|switch|p1a: Tyranitar|Tyranitar, L50, F|100/100\n|switch|p1b: Talonflame|Talonflame, L50, F|100/100\n|switch|p2a: Drampa|Drampa, L50, M|100/100\n|switch|p2b: Alakazam|Alakazam, L50, F|100/100\n|-weather|Sandstorm|[from] ability: Sand Stream|[of] p1a: Tyranitar\n|-ability|p2a: Drampa|Cloud Nine\n|turn|1\n|inactive|Lyph88 has 30 seconds left.\n|inactive|OberonVor has 30 seconds left.\n|inactive|Lyph88 has 20 seconds left.\n|inactive|Lyph88 has 15 seconds left.\n|inactive|Lyph88 has 10 seconds left.\n|\n|t:|1776145692\n|detailschange|p1a: Tyranitar|Tyranitar-Mega, L50, F\n|-mega|p1a: Tyranitar|Tyranitar|Tyranitarite\n|move|p1b: Talonflame|Brave Bird|p2a: Drampa\n|-damage|p2a: Drampa|50/100\n|-damage|p1b: Talonflame|82/100|[from] Recoil\n|move|p2b: Alakazam|Reflect|p2b: Alakazam\n|-sidestart|p2: OberonVor|Reflect\n|move|p1a: Tyranitar|Knock Off|p2a: Drampa\n|-damage|p2a: Drampa|18/100\n|move|p2a: Drampa|Calm Mind|p2a: Drampa\n|-boost|p2a: Drampa|spa|1\n|-boost|p2a: Drampa|spd|1\n|\n|-weather|Sandstorm|[upkeep]\n|upkeep\n|turn|2\n|\n|t:|1776145712\n|detailschange|p2a: Drampa|Drampa-Mega, L50, M\n|-mega|p2a: Drampa|Drampa|Drampanite\n|move|p1a: Tyranitar|Protect|p1a: Tyranitar\n|-singleturn|p1a: Tyranitar|Protect\n|move|p2b: Alakazam|Speed Swap|p2a: Drampa\n|-activate|p2b: Alakazam|move: Speed Swap|[of] p2a: Drampa\n|move|p2a: Drampa|Earth Power|p1a: Tyranitar\n|-activate|p1a: Tyranitar|move: Protect\n|move|p1b: Talonflame|Brave Bird|p2a: Drampa\n|-damage|p2a: Drampa|0 fnt\n|faint|p2a: Drampa\n|-damage|p1b: Talonflame|75/100|[from] Recoil\n|\n|-weather|Sandstorm|[upkeep]\n|-damage|p1b: Talonflame|69/100|[from] Sandstorm\n|-damage|p2b: Alakazam|94/100|[from] Sandstorm\n|upkeep\n|\n|t:|1776145717\n|switch|p2a: Pelipper|Pelipper, L50, F|100/100\n|-weather|RainDance|[from] ability: Drizzle|[of] p2a: Pelipper\n|turn|3\n|\n|t:|1776145738\n|switch|p1a: Sinistcha|Sinistcha, L50|100/100\n|-heal|p1b: Talonflame|94/100|[from] ability: Hospitality|[of] p1a: Sinistcha\n|move|p1b: Talonflame|Tailwind|p1b: Talonflame\n|-sidestart|p1: Lyph88|move: Tailwind\n|move|p2a: Pelipper|Weather Ball|p1b: Talonflame\n|-supereffective|p1b: Talonflame|1\n|-damage|p1b: Talonflame|0 fnt\n|faint|p1b: Talonflame\n|move|p2b: Alakazam|Psychic|p1a: Sinistcha\n|-damage|p1a: Sinistcha|67/100\n|\n|-weather|RainDance|[upkeep]\n|-heal|p1a: Sinistcha|73/100|[from] item: Leftovers\n|upkeep\n|\n|t:|1776145753\n|switch|p1b: Rotom|Rotom-Wash, L50|100/100\n|turn|4\n|\n|t:|1776145773\n|switch|p2a: Sinistcha|Sinistcha, L50|100/100\n|-heal|p2b: Alakazam|100/100|[from] ability: Hospitality|[of] p2a: Sinistcha\n|move|p1b: Rotom|Volt Switch|p2a: Sinistcha\n|-resisted|p2a: Sinistcha|1\n|-damage|p2a: Sinistcha|87/100\n|\n|t:|1776145780\n|switch|p1b: Tyranitar|Tyranitar-Mega, L50, F|100/100|[from] Volt Switch\n|-weather|Sandstorm|[from] ability: Sand Stream|[of] p1b: Tyranitar\n|move|p1a: Sinistcha|Matcha Gotcha|p2b: Alakazam|[spread] p2a,p2b\n|-resisted|p2a: Sinistcha|1\n|-damage|p2a: Sinistcha|76/100\n|-heal|p1a: Sinistcha|79/100|[from] drain|[of] p2a: Sinistcha\n|-damage|p2b: Alakazam|73/100\n|-heal|p1a: Sinistcha|92/100|[from] drain|[of] p2b: Alakazam\n|move|p2b: Alakazam|Light Screen|p2b: Alakazam\n|-sidestart|p2: OberonVor|move: Light Screen\n|\n|-weather|Sandstorm|[upkeep]\n|-damage|p1a: Sinistcha|85/100|[from] Sandstorm\n|-damage|p2a: Sinistcha|70/100|[from] Sandstorm\n|-damage|p2b: Alakazam|67/100|[from] Sandstorm\n|-heal|p1a: Sinistcha|92/100|[from] item: Leftovers\n|upkeep\n|turn|5\n|\n|t:|1776145801\n|switch|p1a: Rotom|Rotom-Wash, L50|100/100\n|switch|p2b: Pelipper|Pelipper, L50, F|100/100\n|-weather|RainDance|[from] ability: Drizzle|[of] p2b: Pelipper\n|move|p1b: Tyranitar|Rock Slide|p2b: Pelipper|[spread] p2a\n|-miss|p1b: Tyranitar|p2b: Pelipper\n|-damage|p2a: Sinistcha|45/100\n|-enditem|p2a: Sinistcha|Sitrus Berry|[eat]\n|-heal|p2a: Sinistcha|70/100|[from] item: Sitrus Berry\n|move|p2a: Sinistcha|Matcha Gotcha|p1b: Tyranitar|[spread] p1b\n|-miss|p2a: Sinistcha|p1a: Rotom\n|-supereffective|p1b: Tyranitar|1\n|-damage|p1b: Tyranitar|62/100\n|-heal|p2a: Sinistcha|93/100|[from] drain|[of] p1b: Tyranitar\n|\n|-weather|RainDance|[upkeep]\n|-sideend|p2: OberonVor|Reflect\n|upkeep\n|turn|6\n|\n|t:|1776145825\n|move|p2a: Sinistcha|Rage Powder|p2a: Sinistcha\n|-singleturn|p2a: Sinistcha|move: Rage Powder\n|move|p1a: Rotom|Electroweb|p2b: Pelipper|[spread] p2b\n|-miss|p1a: Rotom|p2a: Sinistcha\n|-supereffective|p2b: Pelipper|2\n|-damage|p2b: Pelipper|13/100\n|-unboost|p2b: Pelipper|spe|1\n|move|p1b: Tyranitar|Knock Off|p2a: Sinistcha\n|-supereffective|p2a: Sinistcha|1\n|-damage|p2a: Sinistcha|18/100\n|move|p2b: Pelipper|Hurricane|p1b: Tyranitar\n|-resisted|p1b: Tyranitar|1\n|-damage|p1b: Tyranitar|46/100\n|\n|-weather|RainDance|[upkeep]\n|-sideend|p1: Lyph88|move: Tailwind\n|upkeep\n|turn|7\n|\n|t:|1776145842\n|switch|p2a: Alakazam|Alakazam, L50, F|67/100\n|move|p2b: Pelipper|Protect|p2b: Pelipper\n|-singleturn|p2b: Pelipper|Protect\n|move|p1a: Rotom|Electroweb|p2b: Pelipper|[spread] p2a\n|-activate|p2b: Pelipper|move: Protect\n|-damage|p2a: Alakazam|52/100\n|-unboost|p2a: Alakazam|spe|1\n|move|p1b: Tyranitar|Knock Off|p2a: Alakazam\n|-supereffective|p2a: Alakazam|1\n|-enditem|p2a: Alakazam|Colbur Berry|[eat]\n|-enditem|p2a: Alakazam|Colbur Berry|[weaken]\n|-damage|p2a: Alakazam|0 fnt\n|faint|p2a: Alakazam\n|\n|-weather|RainDance|[upkeep]\n|upkeep\n|\n|t:|1776145849\n|switch|p2a: Sinistcha|Sinistcha, L50|18/100\n|-heal|p2b: Pelipper|38/100|[from] ability: Hospitality|[of] p2a: Sinistcha\n|turn|8\n|\n|t:|1776145862\n|switch|p1b: Sinistcha|Sinistcha, L50|92/100\n|move|p1a: Rotom|Electroweb|p2a: Sinistcha|[spread] p2a,p2b\n|-resisted|p2a: Sinistcha|1\n|-supereffective|p2b: Pelipper|2\n|-damage|p2a: Sinistcha|13/100\n|-damage|p2b: Pelipper|0 fnt\n|-unboost|p2a: Sinistcha|spe|1\n|faint|p2b: Pelipper\n|move|p2a: Sinistcha|Matcha Gotcha|p1b: Sinistcha|[spread] p1a,p1b\n|-supereffective|p1a: Rotom|1\n|-resisted|p1b: Sinistcha|1\n|-damage|p1a: Rotom|43/100\n|-heal|p2a: Sinistcha|35/100|[from] drain|[of] p1a: Rotom\n|-damage|p1b: Sinistcha|81/100\n|-heal|p2a: Sinistcha|40/100|[from] drain|[of] p1b: Sinistcha\n|\n|-weather|RainDance|[upkeep]\n|-heal|p1b: Sinistcha|88/100|[from] item: Leftovers\n|-sideend|p2: OberonVor|move: Light Screen\n|upkeep\n|turn|9\n|\n|t:|1776145877\n|switch|p1a: Tyranitar|Tyranitar-Mega, L50, F|46/100\n|-weather|Sandstorm|[from] ability: Sand Stream|[of] p1a: Tyranitar\n|move|p1b: Sinistcha|Life Dew|p1b: Sinistcha|[spread] p1a,p1b\n|-heal|p1a: Tyranitar|71/100\n|-heal|p1b: Sinistcha|100/100\n|move|p2a: Sinistcha|Matcha Gotcha|p1b: Sinistcha|[spread] p1a,p1b\n|-supereffective|p1a: Tyranitar|1\n|-resisted|p1b: Sinistcha|1\n|-damage|p1a: Tyranitar|45/100\n|-heal|p2a: Sinistcha|56/100|[from] drain|[of] p1a: Tyranitar\n|-damage|p1b: Sinistcha|90/100\n|-heal|p2a: Sinistcha|61/100|[from] drain|[of] p1b: Sinistcha\n|-status|p1a: Tyranitar|brn\n|\n|-weather|Sandstorm|[upkeep]\n|-damage|p1b: Sinistcha|84/100|[from] Sandstorm\n|-damage|p2a: Sinistcha|54/100|[from] Sandstorm\n|-heal|p1b: Sinistcha|90/100|[from] item: Leftovers\n|-damage|p1a: Tyranitar|39/100 brn|[from] brn\n|upkeep\n|turn|10\n|\n|t:|1776145897\n|move|p1a: Tyranitar|Knock Off|p2a: Sinistcha\n|-supereffective|p2a: Sinistcha|1\n|-damage|p2a: Sinistcha|13/100\n|move|p1b: Sinistcha|Life Dew|p1b: Sinistcha|[spread] p1a,p1b\n|-heal|p1a: Tyranitar|64/100 brn\n|-heal|p1b: Sinistcha|100/100\n|move|p2a: Sinistcha|Matcha Gotcha|p1b: Sinistcha|[spread] p1a,p1b\n|-supereffective|p1a: Tyranitar|1\n|-resisted|p1b: Sinistcha|1\n|-damage|p1a: Tyranitar|41/100 brn\n|-heal|p2a: Sinistcha|27/100|[from] drain|[of] p1a: Tyranitar\n|-damage|p1b: Sinistcha|89/100\n|-heal|p2a: Sinistcha|33/100|[from] drain|[of] p1b: Sinistcha\n|\n|-weather|Sandstorm|[upkeep]\n|-damage|p1b: Sinistcha|83/100|[from] Sandstorm\n|-damage|p2a: Sinistcha|26/100|[from] Sandstorm\n|-heal|p1b: Sinistcha|89/100|[from] item: Leftovers\n|-damage|p1a: Tyranitar|35/100 brn|[from] brn\n|upkeep\n|turn|11\n|\n|t:|1776145916\n|move|p1a: Tyranitar|Knock Off|p2a: Sinistcha\n|-supereffective|p2a: Sinistcha|1\n|-damage|p2a: Sinistcha|0 fnt\n|faint|p2a: Sinistcha\n|\n|win|Lyph88\n|raw|Lyph88's rating: 1169 &rarr; <strong>1197</strong><br />(+28 for winning)\n|raw|OberonVor's rating: 1207 &rarr; <strong>1179</strong><br />(-28 for losing)\n|l|\u2606OberonVor\n|player|p2|\n",
  "uploadtime": 1776145919,
  "views": 25,
  "formatid": "gen9championsvgc2026regma",
  "rating": 1179,
  "private": 0,
  "password": null
}