{
  "id": "gen9championsvgc2026regma-2580460276",
  "format": "[Gen 9 Champions] VGC 2026 Reg M-A",
  "players": [
    "Llamurai06",
    "Crocedelizia"
  ],
  "log": "|j|\u2606Llamurai06\n|j|\u2606Crocedelizia\n|t:|1775899891\n|gametype|doubles\n|player|p1|Llamurai06|gambler|1070\n|player|p2|Crocedelizia|170|1040\n|gen|9\n|tier|[Gen 9 Champions] VGC 2026 Reg M-A\n|rated|\n|rule|Species Clause: Limit one of each Pok\u00e9mon\n|rule|Item Clause: Limit 1 of each item\n|clearpoke\n|poke|p1|Charizard, L50, F|\n|poke|p1|Incineroar, L50, F|\n|poke|p1|Sneasler, L50, F|\n|poke|p1|Garchomp, L50, F|\n|poke|p1|Venusaur, L50, M|\n|poke|p1|Whimsicott, L50, F|\n|poke|p2|Froslass, L50, F|\n|poke|p2|Mamoswine, L50, M|\n|poke|p2|Orthworm, L50, F|\n|poke|p2|Whimsicott, L50, M|\n|poke|p2|Incineroar, L50, F|\n|poke|p2|Rotom-Wash, L50|\n|teampreview|4\n|inactive|Battle timer is ON: inactive players will automatically lose when time's up. (requested by Llamurai06)\n|inactive|Llamurai06 has 60 seconds left.\n|\n|t:|1775899924\n|teamsize|p1|4\n|teamsize|p2|4\n|start\n|switch|p1a: Charizard|Charizard, L50, F|100/100\n|switch|p1b: Incineroar|Incineroar, L50, F|100/100\n|switch|p2a: Orthworm|Orthworm, L50, F|100/100\n|switch|p2b: Froslass|Froslass, L50, F|100/100\n|-ability|p1b: Incineroar|Intimidate|boost\n|-unboost|p2a: Orthworm|atk|1\n|-unboost|p2b: Froslass|atk|1\n|turn|1\n|\n|t:|1775899946\n|move|p1a: Charizard|Protect|p1a: Charizard\n|-singleturn|p1a: Charizard|Protect\n|move|p2b: Froslass|Protect|p2b: Froslass\n|-singleturn|p2b: Froslass|Protect\n|move|p2a: Orthworm|Protect|p2a: Orthworm\n|-singleturn|p2a: Orthworm|Protect\n|move|p1b: Incineroar|Fake Out|p2a: Orthworm\n|-activate|p2a: Orthworm|move: Protect\n|\n|upkeep\n|turn|2\n|\n|t:|1775899970\n|switch|p2b: Incineroar|Incineroar, L50, F|100/100\n|-ability|p2b: Incineroar|Intimidate|boost\n|-unboost|p1a: Charizard|atk|1\n|-unboost|p1b: Incineroar|atk|1\n|move|p1a: Charizard|Heat Wave|p2b: Incineroar|[spread] p2a,p2b\n|-supereffective|p2a: Orthworm|1\n|-resisted|p2b: Incineroar|1\n|-damage|p2a: Orthworm|10/100\n|-damage|p2b: Incineroar|88/100\n|-enditem|p2a: Orthworm|Sitrus Berry|[eat]\n|-heal|p2a: Orthworm|35/100|[from] item: Sitrus Berry\n|move|p2a: Orthworm|Shed Tail|p2a: Orthworm\n|-fail|p2a: Orthworm|move: Shed Tail|[weak]\n|move|p1b: Incineroar|Flare Blitz|p2a: Orthworm\n|-supereffective|p2a: Orthworm|1\n|-damage|p2a: Orthworm|0 fnt\n|faint|p2a: Orthworm\n|-damage|p1b: Incineroar|92/100|[from] Recoil\n|\n|upkeep\n|\n|t:|1775899989\n|switch|p2a: Mamoswine|Mamoswine, L50, M|100/100\n|turn|3\n|inactive|Llamurai06 has 30 seconds left.\n|\n|t:|1775900018\n|move|p1a: Charizard|Protect|p1a: Charizard\n|-singleturn|p1a: Charizard|Protect\n|move|p2a: Mamoswine|Protect|p2a: Mamoswine\n|-singleturn|p2a: Mamoswine|Protect\n|move|p2b: Incineroar|Parting Shot|p1a: Charizard\n|-activate|p1a: Charizard|move: Protect\n|move|p1b: Incineroar|Flare Blitz|p2a: Mamoswine\n|-activate|p2a: Mamoswine|move: Protect\n|\n|upkeep\n|turn|4\n|inactive|Llamurai06 has 30 seconds left.\n|\n|t:|1775900047\n|switch|p1a: Sneasler|Sneasler, L50, F|100/100\n|move|p2a: Mamoswine|Rock Slide|p1a: Sneasler|[spread] p1a,p1b\n|-resisted|p1a: Sneasler|1\n|-supereffective|p1b: Incineroar|1\n|-damage|p1a: Sneasler|87/100\n|-damage|p1b: Incineroar|61/100\n|move|p2b: Incineroar|Snarl|p1a: Sneasler|[spread] p1a,p1b\n|-resisted|p1a: Sneasler|1\n|-resisted|p1b: Incineroar|1\n|-damage|p1a: Sneasler|80/100\n|-damage|p1b: Incineroar|58/100\n|-unboost|p1a: Sneasler|spa|1\n|-unboost|p1b: Incineroar|spa|1\n|-enditem|p1a: Sneasler|White Herb\n|-clearnegativeboost|p1a: Sneasler|[silent]\n|cant|p1b: Incineroar|flinch\n|\n|upkeep\n|turn|5\n|inactive|Llamurai06 has 30 seconds left.\n|inactive|Llamurai06 has 20 seconds left.\n|inactive|Llamurai06 has 15 seconds left.\n|\n|t:|1775900092\n|move|p2a: Mamoswine|Protect|p2a: Mamoswine\n|-singleturn|p2a: Mamoswine|Protect\n|move|p1a: Sneasler|Fake Out|p2a: Mamoswine\n|-activate|p2a: Mamoswine|move: Protect\n|move|p2b: Incineroar|Parting Shot|p1a: Sneasler\n|-unboost|p1a: Sneasler|atk|1\n|-unboost|p1a: Sneasler|spa|1\n|\n|t:|1775900100\n|switch|p2b: Froslass|Froslass, L50, F|100/100|[from] Parting Shot\n|move|p1b: Incineroar|Parting Shot|p2a: Mamoswine\n|-activate|p2a: Mamoswine|move: Protect\n|\n|upkeep\n|turn|6\n|\n|t:|1775900114\n|detailschange|p2b: Froslass|Froslass-Mega, L50, F\n|-mega|p2b: Froslass|Froslass|Froslassite\n|-weather|Snowscape|[from] ability: Snow Warning|[of] p2b: Froslass\n|move|p2b: Froslass|Protect|p2b: Froslass\n|-singleturn|p2b: Froslass|Protect\n|move|p1a: Sneasler|Dire Claw|p2b: Froslass\n|-activate|p2b: Froslass|move: Protect\n|move|p2a: Mamoswine|Earthquake|p1a: Sneasler|[spread] p1a,p1b\n|-activate|p2b: Froslass|move: Protect\n|-supereffective|p1a: Sneasler|1\n|-supereffective|p1b: Incineroar|1\n|-crit|p1b: Incineroar\n|-damage|p1a: Sneasler|0 fnt\n|-damage|p1b: Incineroar|0 fnt\n|faint|p1a: Sneasler\n|faint|p1b: Incineroar\n|\n|-weather|Snowscape|[upkeep]\n|upkeep\n|\n|t:|1775900125\n|switch|p1a: Charizard|Charizard, L50, F|100/100\n|switch|p1b: Whimsicott|Whimsicott, L50, F|100/100\n|turn|7\n|inactive|Llamurai06 has 30 seconds left.\n|inactive|Llamurai06 has 20 seconds left.\n|\n|t:|1775900160\n|detailschange|p1a: Charizard|Charizard-Mega-Y, L50, F\n|-mega|p1a: Charizard|Charizard|Charizardite Y\n|-weather|SunnyDay|[from] ability: Drought|[of] p1a: Charizard\n|move|p1b: Whimsicott|Helping Hand|p1a: Charizard\n|-singleturn|p1a: Charizard|Helping Hand|[of] p1b: Whimsicott\n|move|p2b: Froslass|Aurora Veil||[still]\n|-fail|p2b: Froslass\n|move|p1a: Charizard|Heat Wave|p2a: Mamoswine|[spread] p2a,p2b\n|-supereffective|p2a: Mamoswine|1\n|-supereffective|p2b: Froslass|1\n|-damage|p2a: Mamoswine|0 fnt\n|-damage|p2b: Froslass|0 fnt\n|faint|p2a: Mamoswine\n|faint|p2b: Froslass\n|\n|-weather|SunnyDay|[upkeep]\n|upkeep\n|l|\u2606Crocedelizia\n|inactive|Crocedelizia disconnected and has a minute to reconnect!\n|player|p2|\n|inactive|Crocedelizia has 30 seconds left.\n|inactive|Crocedelizia has 20 seconds left.\n|inactive|Crocedelizia has 15 seconds left.\n|inactive|Crocedelizia has 10 seconds left.\n|inactive|Crocedelizia has 5 seconds left.\n|-message|Crocedelizia lost due to inactivity.\n|\n|win|Llamurai06\n|raw|Llamurai06's rating: 1070 &rarr; <strong>1097</strong><br />(+27 for winning)\n|raw|Crocedelizia's rating: 1040 &rarr; <strong>1025</strong><br />(-15 for losing)\n",
  "uploadtime": 1775900215,
  "views": 14,
  "formatid": "gen9championsvgc2026regma",
  "rating": 1025,
  "private": 0,
  "password": null
}