{
  "id": "gen9championsvgc2026regma-2587772859",
  "format": "[Gen 9 Champions] VGC 2026 Reg M-A",
  "players": [
    "Jeazoal",
    "SolairesSunlight"
  ],
  "log": "|j|\u2606Jeazoal\n|j|\u2606SolairesSunlight\n|t:|1776562508\n|gametype|doubles\n|player|p1|Jeazoal|pokemonranger-gen4|1101\n|player|p2|SolairesSunlight|1|1057\n|gen|9\n|tier|[Gen 9 Champions] VGC 2026 Reg M-A\n|rated|\n|rule|Species Clause: Limit one of each Pok\u00e9mon\n|rule|Item Clause: Limit 1 of each item\n|clearpoke\n|poke|p1|Pelipper, L50, F|\n|poke|p1|Basculegion, L50, M|\n|poke|p1|Archaludon, L50, M|\n|poke|p1|Sinistcha, L50|\n|poke|p1|Dragonite, L50, F|\n|poke|p1|Sneasler, L50, M|\n|poke|p2|Aggron, L50, F|\n|poke|p2|Pelipper, L50, F|\n|poke|p2|Sinistcha-Masterpiece, L50|\n|poke|p2|Incineroar, L50, M|\n|poke|p2|Garchomp, L50, M|\n|poke|p2|Meganium, L50, M|\n|teampreview|4\n|\n|t:|1776562543\n|teamsize|p1|4\n|teamsize|p2|4\n|start\n|switch|p1a: Pelipper|Pelipper, L50, F|100/100\n|switch|p1b: Archaludon|Archaludon, L50, M|100/100\n|switch|p2a: Sinistcha|Sinistcha-Masterpiece, L50|100/100\n|switch|p2b: Incineroar|Incineroar, L50, M|100/100\n|-weather|RainDance|[from] ability: Drizzle|[of] p1a: Pelipper\n|-ability|p2b: Incineroar|Intimidate|boost\n|-unboost|p1a: Pelipper|atk|1\n|-unboost|p1b: Archaludon|atk|1\n|turn|1\n|\n|t:|1776562561\n|move|p2b: Incineroar|Fake Out|p1a: Pelipper\n|-damage|p1a: Pelipper|86/100\n|cant|p1a: Pelipper|flinch\n|move|p1b: Archaludon|Electro Shot||[still]\n|-prepare|p1b: Archaludon|Electro Shot\n|-boost|p1b: Archaludon|spa|1\n|-anim|p1b: Archaludon|Electro Shot|p2b: Incineroar\n|-damage|p2b: Incineroar|44/100\n|move|p2a: Sinistcha|Trick Room|p2a: Sinistcha\n|-fieldstart|move: Trick Room|[of] p2a: Sinistcha\n|\n|-weather|RainDance|[upkeep]\n|upkeep\n|turn|2\n|\n|t:|1776562599\n|switch|p1a: Sinistcha|Sinistcha, L50|100/100\n|move|p2a: Sinistcha|Rage Powder|p2a: Sinistcha\n|-singleturn|p2a: Sinistcha|move: Rage Powder\n|move|p2b: Incineroar|Parting Shot|p1b: Archaludon\n|-unboost|p1b: Archaludon|atk|1\n|-unboost|p1b: Archaludon|spa|1\n|\n|t:|1776562606\n|switch|p2b: Meganium|Meganium, L50, M|100/100|[from] Parting Shot\n|move|p1b: Archaludon|Draco Meteor|p2a: Sinistcha\n|-crit|p2a: Sinistcha\n|-damage|p2a: Sinistcha|17/100\n|-unboost|p1b: Archaludon|spa|2\n|-enditem|p2a: Sinistcha|Sitrus Berry|[eat]\n|-heal|p2a: Sinistcha|42/100|[from] item: Sitrus Berry\n|\n|-weather|RainDance|[upkeep]\n|upkeep\n|turn|3\n|\n|t:|1776562631\n|detailschange|p2b: Meganium|Meganium-Mega, L50, M\n|-mega|p2b: Meganium|Meganium|Meganiumite\n|move|p1b: Archaludon|Protect|p1b: Archaludon\n|-singleturn|p1b: Archaludon|Protect\n|move|p2a: Sinistcha|Life Dew||[still]|[spread] p2a,p2b\n|-heal|p2a: Sinistcha|67/100\n|-fail|p2b: Meganium|heal\n|move|p2b: Meganium|Dazzling Gleam|p1b: Archaludon|[spread] p1a\n|-activate|p1b: Archaludon|move: Protect\n|-damage|p1a: Sinistcha|68/100\n|move|p1a: Sinistcha|Trick Room|p1a: Sinistcha\n|-fieldend|move: Trick Room\n|\n|-weather|RainDance|[upkeep]\n|upkeep\n|turn|4\n|\n|t:|1776562654\n|switch|p2a: Incineroar|Incineroar, L50, M|44/100\n|-ability|p2a: Incineroar|Intimidate|boost\n|-unboost|p1a: Sinistcha|atk|1\n|-unboost|p1b: Archaludon|atk|1\n|switch|p1a: Dragonite|Dragonite, L50, F|100/100\n|move|p1b: Archaludon|Flash Cannon|p2b: Meganium\n|-supereffective|p2b: Meganium|1\n|-damage|p2b: Meganium|67/100\n|move|p2b: Meganium|Dazzling Gleam|p1a: Dragonite|[spread] p1a,p1b\n|-supereffective|p1a: Dragonite|1\n|-damage|p1a: Dragonite|22/100\n|-damage|p1b: Archaludon|64/100\n|-ability|p1b: Archaludon|Stamina|boost\n|-boost|p1b: Archaludon|def|1\n|\n|-weather|RainDance|[upkeep]\n|-heal|p1b: Archaludon|70/100|[from] item: Leftovers\n|upkeep\n|turn|5\n|\n|t:|1776562683\n|switch|p1b: Sinistcha|Sinistcha, L50|68/100\n|-heal|p1a: Dragonite|47/100|[from] ability: Hospitality|[of] p1b: Sinistcha\n|detailschange|p1a: Dragonite|Dragonite-Mega, L50, F\n|-mega|p1a: Dragonite|Dragonite|Dragoninite\n|move|p1a: Dragonite|Protect|p1a: Dragonite\n|-singleturn|p1a: Dragonite|Protect\n|move|p2b: Meganium|Protect|p2b: Meganium\n|-singleturn|p2b: Meganium|Protect\n|move|p2a: Incineroar|Parting Shot|p1a: Dragonite\n|-activate|p1a: Dragonite|move: Protect\n|\n|-weather|none\n|upkeep\n|turn|6\n|\n|t:|1776562714\n|switch|p2b: Pelipper|Pelipper, L50, F|100/100\n|-weather|RainDance|[from] ability: Drizzle|[of] p2b: Pelipper\n|move|p1a: Dragonite|Hurricane|p2b: Pelipper\n|-enditem|p2b: Pelipper|Focus Sash\n|-damage|p2b: Pelipper|1/100\n|move|p2a: Incineroar|Parting Shot|p1a: Dragonite\n|-unboost|p1a: Dragonite|atk|1\n|-unboost|p1a: Dragonite|spa|1\n|\n|t:|1776562726\n|switch|p2a: Meganium|Meganium-Mega, L50, M|67/100|[from] Parting Shot\n|move|p1b: Sinistcha|Life Dew|p1b: Sinistcha|[spread] p1a,p1b\n|-heal|p1a: Dragonite|72/100\n|-heal|p1b: Sinistcha|94/100\n|\n|-weather|RainDance|[upkeep]\n|upkeep\n|turn|7\n|\n|t:|1776562772\n|move|p2a: Meganium|Protect|p2a: Meganium\n|-singleturn|p2a: Meganium|Protect\n|move|p1a: Dragonite|Hurricane|p2a: Meganium\n|-activate|p2a: Meganium|move: Protect\n|move|p2b: Pelipper|Tailwind|p2b: Pelipper\n|-sidestart|p2: SolairesSunlight|move: Tailwind\n|move|p1b: Sinistcha|Matcha Gotcha|p2b: Pelipper|[spread] p2b\n|-activate|p2a: Meganium|move: Protect\n|-damage|p2b: Pelipper|0 fnt\n|-heal|p1b: Sinistcha|94/100|[from] drain|[of] p2b: Pelipper\n|faint|p2b: Pelipper\n|\n|-weather|RainDance|[upkeep]\n|upkeep\n|\n|t:|1776562787\n|switch|p2b: Incineroar|Incineroar, L50, M|44/100\n|-ability|p2b: Incineroar|Intimidate|boost\n|-unboost|p1a: Dragonite|atk|1\n|-unboost|p1b: Sinistcha|atk|1\n|turn|8\n|\n|t:|1776562820\n|move|p1a: Dragonite|Protect|p1a: Dragonite\n|-singleturn|p1a: Dragonite|Protect\n|move|p2b: Incineroar|Fake Out|p1a: Dragonite\n|-activate|p1a: Dragonite|move: Protect\n|move|p2a: Meganium|Weather Ball|p1b: Sinistcha\n|-supereffective|p1b: Sinistcha|1\n|-damage|p1b: Sinistcha|0 fnt\n|faint|p1b: Sinistcha\n|\n|-weather|RainDance|[upkeep]\n|upkeep\n|\n|t:|1776562830\n|switch|p1b: Pelipper|Pelipper, L50, F|86/100\n|turn|9\n|\n|t:|1776562850\n|move|p2a: Meganium|Dazzling Gleam|p1b: Pelipper|[spread] p1a,p1b\n|-supereffective|p1a: Dragonite|1\n|-damage|p1a: Dragonite|11/100\n|-damage|p1b: Pelipper|22/100\n|move|p2b: Incineroar|Throat Chop|p1a: Dragonite\n|-damage|p1a: Dragonite|0 fnt\n|faint|p1a: Dragonite\n|move|p1b: Pelipper|Weather Ball|p2b: Incineroar\n|-supereffective|p2b: Incineroar|1\n|-damage|p2b: Incineroar|0 fnt\n|faint|p2b: Incineroar\n|\n|-weather|RainDance|[upkeep]\n|upkeep\n|\n|t:|1776562862\n|switch|p1a: Archaludon|Archaludon, L50, M|70/100\n|switch|p2b: Sinistcha|Sinistcha-Masterpiece, L50|67/100\n|-heal|p2a: Meganium|92/100|[from] ability: Hospitality|[of] p2b: Sinistcha\n|turn|10\n|\n|t:|1776562891\n|move|p1b: Pelipper|Protect|p1b: Pelipper\n|-singleturn|p1b: Pelipper|Protect\n|move|p2a: Meganium|Dazzling Gleam|p1b: Pelipper|[spread] p1a\n|-activate|p1b: Pelipper|move: Protect\n|-damage|p1a: Archaludon|36/100\n|-ability|p1a: Archaludon|Stamina|boost\n|-boost|p1a: Archaludon|def|1\n|move|p2b: Sinistcha|Life Dew|p2b: Sinistcha|[spread] p2a,p2b\n|-heal|p2a: Meganium|100/100\n|-heal|p2b: Sinistcha|93/100\n|move|p1a: Archaludon|Draco Meteor|p2b: Sinistcha\n|-crit|p2b: Sinistcha\n|-damage|p2b: Sinistcha|7/100\n|-unboost|p1a: Archaludon|spa|2\n|\n|-weather|none\n|-heal|p1a: Archaludon|42/100|[from] item: Leftovers\n|-sideend|p2: SolairesSunlight|move: Tailwind\n|upkeep\n|turn|11\n|\n|t:|1776562924\n|move|p1a: Archaludon|Protect|p1a: Archaludon\n|-singleturn|p1a: Archaludon|Protect\n|move|p2b: Sinistcha|Rage Powder|p2b: Sinistcha\n|-singleturn|p2b: Sinistcha|move: Rage Powder\n|move|p1b: Pelipper|Hurricane|p2b: Sinistcha\n|-supereffective|p2b: Sinistcha|1\n|-damage|p2b: Sinistcha|0 fnt\n|faint|p2b: Sinistcha\n|move|p2a: Meganium|Solar Beam||[still]\n|-prepare|p2a: Meganium|Solar Beam\n|-activate|p2a: Meganium|ability: Mega Sol\n|-anim|p2a: Meganium|Solar Beam|p1b: Pelipper\n|-damage|p1b: Pelipper|0 fnt\n|faint|p1b: Pelipper\n|\n|-heal|p1a: Archaludon|48/100|[from] item: Leftovers\n|upkeep\n|turn|12\n|\n|t:|1776562948\n|move|p1a: Archaludon|Flash Cannon|p2a: Meganium\n|-supereffective|p2a: Meganium|1\n|-damage|p2a: Meganium|67/100\n|move|p2a: Meganium|Dazzling Gleam|p1a: Archaludon\n|-damage|p1a: Archaludon|0 fnt\n|faint|p1a: Archaludon\n|\n|win|SolairesSunlight\n|raw|Jeazoal's rating: 1101 &rarr; <strong>1073</strong><br />(-28 for losing)\n|raw|SolairesSunlight's rating: 1057 &rarr; <strong>1092</strong><br />(+35 for winning)\n",
  "uploadtime": 1776562988,
  "views": 16,
  "formatid": "gen9championsvgc2026regma",
  "rating": 1073,
  "private": 0,
  "password": null
}