{
  "id": "gen9championsvgc2026regma-2582488574",
  "format": "[Gen 9 Champions] VGC 2026 Reg M-A",
  "players": [
    "Pomf2",
    "Runningo"
  ],
  "log": "|j|\u2606Pomf2\n|j|\u2606Runningo\n|t:|1776094918\n|gametype|doubles\n|player|p1|Pomf2|169|1196\n|player|p2|Runningo|170|1286\n|gen|9\n|tier|[Gen 9 Champions] VGC 2026 Reg M-A\n|rated|\n|rule|Species Clause: Limit one of each Pok\u00e9mon\n|rule|Item Clause: Limit 1 of each item\n|clearpoke\n|poke|p1|Meganium, L50, F|\n|poke|p1|Talonflame, L50, M|\n|poke|p1|Tauros-Paldea-Aqua, L50, M|\n|poke|p1|Goodra-Hisui, L50, F|\n|poke|p1|Farigiraf, L50, F|\n|poke|p1|Tyranitar, L50, F|\n|poke|p2|Whimsicott, L50, M|\n|poke|p2|Typhlosion-Hisui, L50, F|\n|poke|p2|Floette-Eternal, L50, F|\n|poke|p2|Tauros-Paldea-Aqua, L50, M|\n|poke|p2|Farigiraf, L50, F|\n|poke|p2|Kingambit, L50, F|\n|teampreview|4\n|\n|t:|1776094977\n|teamsize|p1|4\n|teamsize|p2|4\n|start\n|switch|p1a: Farigiraf|Farigiraf, L50, F|100/100\n|switch|p1b: Talonflame|Talonflame, L50, M|100/100\n|switch|p2a: Whimsicott|Whimsicott, L50, M|100/100\n|switch|p2b: Tauros|Tauros-Paldea-Aqua, L50, M|100/100\n|-ability|p2b: Tauros|Intimidate|boost\n|-unboost|p1a: Farigiraf|atk|1\n|-unboost|p1b: Talonflame|atk|1\n|turn|1\n|\n|t:|1776095028\n|switch|p1b: Tauros|Tauros-Paldea-Aqua, L50, M|100/100\n|-ability|p1b: Tauros|Intimidate|boost\n|-unboost|p2a: Whimsicott|atk|1\n|-unboost|p2b: Tauros|atk|1\n|switch|p1a: Meganium|Meganium, L50, F|100/100\n|move|p2a: Whimsicott|Tailwind|p2a: Whimsicott\n|-sidestart|p2: Runningo|move: Tailwind\n|move|p2b: Tauros|Rock Slide|p1b: Tauros|[spread] p1a,p1b\n|-resisted|p1b: Tauros|1\n|-damage|p1a: Meganium|90/100\n|-damage|p1b: Tauros|94/100\n|\n|upkeep\n|turn|2\n|\n|t:|1776095084\n|switch|p2b: Floette|Floette-Eternal, L50, F|100/100\n|detailschange|p1a: Meganium|Meganium-Mega, L50, F\n|-mega|p1a: Meganium|Meganium|Meganiumite\n|move|p2a: Whimsicott|Moonblast|p1b: Tauros\n|-supereffective|p1b: Tauros|1\n|-damage|p1b: Tauros|0 fnt\n|faint|p1b: Tauros\n|move|p1a: Meganium|Dazzling Gleam|p2b: Floette|[spread] p2a,p2b\n|-damage|p2a: Whimsicott|43/100\n|-damage|p2b: Floette|67/100\n|\n|upkeep\n|\n|t:|1776095096\n|switch|p1b: Talonflame|Talonflame, L50, M|100/100\n|turn|3\n|\n|t:|1776095114\n|detailschange|p2b: Floette|Floette-Mega, L50, F\n|-mega|p2b: Floette|Floette|Floettite\n|-ability|p2b: Floette|Fairy Aura\n|move|p1a: Meganium|Protect|p1a: Meganium\n|-singleturn|p1a: Meganium|Protect\n|move|p1b: Talonflame|Tailwind|p1b: Talonflame\n|-sidestart|p1: Pomf2|move: Tailwind\n|move|p2a: Whimsicott|Moonblast|p1b: Talonflame\n|-resisted|p1b: Talonflame|1\n|-damage|p1b: Talonflame|64/100\n|move|p2b: Floette|Light of Ruin|p1a: Meganium\n|-activate|p1a: Meganium|move: Protect\n|\n|upkeep\n|turn|4\n|\n|t:|1776095153\n|move|p2a: Whimsicott|Protect|p2a: Whimsicott\n|-singleturn|p2a: Whimsicott|Protect\n|move|p2b: Floette|Protect|p2b: Floette\n|-singleturn|p2b: Floette|Protect\n|move|p1b: Talonflame|Flare Blitz|p2b: Floette\n|-activate|p2b: Floette|move: Protect\n|move|p1a: Meganium|Dazzling Gleam|p2b: Floette|[spread] \n|-activate|p2a: Whimsicott|move: Protect\n|-activate|p2b: Floette|move: Protect\n|\n|-sideend|p2: Runningo|move: Tailwind\n|upkeep\n|turn|5\n|\n|t:|1776095181\n|switch|p2b: Tauros|Tauros-Paldea-Aqua, L50, M|100/100\n|-ability|p2b: Tauros|Intimidate|boost\n|-unboost|p1a: Meganium|atk|1\n|-unboost|p1b: Talonflame|atk|1\n|move|p2a: Whimsicott|Tailwind|p2a: Whimsicott\n|-sidestart|p2: Runningo|move: Tailwind\n|move|p1b: Talonflame|Flare Blitz|p2b: Tauros\n|-resisted|p2b: Tauros|1\n|-damage|p2b: Tauros|83/100\n|-damage|p1b: Talonflame|58/100|[from] Recoil\n|move|p1a: Meganium|Dazzling Gleam|p2b: Tauros|[spread] p2a,p2b\n|-supereffective|p2b: Tauros|1\n|-damage|p2a: Whimsicott|0 fnt\n|-damage|p2b: Tauros|0 fnt\n|faint|p2a: Whimsicott\n|faint|p2b: Tauros\n|\n|upkeep\n|\n|t:|1776095196\n|switch|p2a: Typhlosion|Typhlosion-Hisui, L50, F|100/100\n|switch|p2b: Floette|Floette-Mega, L50, F|67/100\n|-item|p1a: Meganium|Meganiumite|[from] ability: Frisk|[of] p2a: Typhlosion\n|-item|p1b: Talonflame|Sharp Beak|[from] ability: Frisk|[of] p2a: Typhlosion\n|-ability|p2b: Floette|Fairy Aura\n|turn|6\n|\n|t:|1776095229\n|move|p1b: Talonflame|Protect|p1b: Talonflame\n|-singleturn|p1b: Talonflame|Protect\n|move|p1a: Meganium|Protect|p1a: Meganium\n|-singleturn|p1a: Meganium|Protect\n|move|p2a: Typhlosion|Eruption|p1b: Talonflame|[spread] \n|-activate|p1a: Meganium|move: Protect\n|-activate|p1b: Talonflame|move: Protect\n|move|p2b: Floette|Dazzling Gleam|p1a: Meganium|[spread] \n|-activate|p1a: Meganium|move: Protect\n|-activate|p1b: Talonflame|move: Protect\n|\n|-sideend|p1: Pomf2|move: Tailwind\n|upkeep\n|turn|7\n|\n|t:|1776095252\n|switch|p1a: Farigiraf|Farigiraf, L50, F|100/100\n|move|p2a: Typhlosion|Eruption|p1b: Talonflame|[spread] p1a,p1b\n|-resisted|p1b: Talonflame|1\n|-damage|p1a: Farigiraf|33/100\n|-damage|p1b: Talonflame|11/100\n|-enditem|p1a: Farigiraf|Sitrus Berry|[eat]\n|-heal|p1a: Farigiraf|58/100|[from] item: Sitrus Berry\n|move|p2b: Floette|Dazzling Gleam|p1a: Farigiraf|[spread] p1a,p1b\n|-resisted|p1b: Talonflame|1\n|-crit|p1b: Talonflame\n|-damage|p1a: Farigiraf|12/100\n|-damage|p1b: Talonflame|0 fnt\n|faint|p1b: Talonflame\n|\n|upkeep\n|\n|t:|1776095265\n|switch|p1b: Meganium|Meganium-Mega, L50, F|90/100\n|turn|8\n|\n|t:|1776095273\n|move|p1b: Meganium|Protect|p1b: Meganium\n|-singleturn|p1b: Meganium|Protect\n|move|p1a: Farigiraf|Protect|p1a: Farigiraf\n|-singleturn|p1a: Farigiraf|Protect\n|move|p2a: Typhlosion|Eruption|p1a: Farigiraf|[spread] \n|-activate|p1a: Farigiraf|move: Protect\n|-activate|p1b: Meganium|move: Protect\n|move|p2b: Floette|Moonblast|p1b: Meganium\n|-activate|p1b: Meganium|move: Protect\n|\n|-sideend|p2: Runningo|move: Tailwind\n|upkeep\n|turn|9\n|\n|t:|1776095293\n|move|p2a: Typhlosion|Eruption|p1b: Meganium|[spread] p1a,p1b\n|-supereffective|p1b: Meganium|1\n|-crit|p1b: Meganium\n|-damage|p1a: Farigiraf|0 fnt\n|-damage|p1b: Meganium|0 fnt\n|faint|p1a: Farigiraf\n|faint|p1b: Meganium\n|\n|win|Runningo\n|raw|Pomf2's rating: 1196 &rarr; <strong>1177</strong><br />(-19 for losing)\n|raw|Runningo's rating: 1286 &rarr; <strong>1305</strong><br />(+19 for winning)\n|l|\u2606Pomf2\n|player|p1|\n",
  "uploadtime": 1776095320,
  "views": 21,
  "formatid": "gen9championsvgc2026regma",
  "rating": 1177,
  "private": 0,
  "password": null
}