{
  "id": "gen9championsvgc2026regma-2581218282",
  "format": "[Gen 9 Champions] VGC 2026 Reg M-A",
  "players": [
    "garchumpz",
    "kikikos3"
  ],
  "log": "|j|\u2606garchumpz\n|j|\u2606kikikos3\n|t:|1775972157\n|gametype|doubles\n|player|p1|garchumpz|1|1039\n|player|p2|kikikos3|lucas-gen4pt|1038\n|gen|9\n|tier|[Gen 9 Champions] VGC 2026 Reg M-A\n|rated|\n|rule|Species Clause: Limit one of each Pok\u00e9mon\n|rule|Item Clause: Limit 1 of each item\n|clearpoke\n|poke|p1|Froslass, L50, F|\n|poke|p1|Palafin, L50, M|\n|poke|p1|Kingambit, L50, M|\n|poke|p1|Arcanine-Hisui, L50, F|\n|poke|p1|Sinistcha, L50|\n|poke|p1|Sneasler, L50, M|\n|poke|p2|Charizard, L50, M|\n|poke|p2|Venusaur, L50, F|\n|poke|p2|Garchomp, L50, M|\n|poke|p2|Rotom-Wash, L50|\n|poke|p2|Sneasler, L50, F|\n|poke|p2|Incineroar, L50, F|\n|teampreview|4\n|inactive|Battle timer is ON: inactive players will automatically lose when time's up. (requested by garchumpz)\n|\n|t:|1775972197\n|teamsize|p1|4\n|teamsize|p2|4\n|start\n|switch|p1a: Froslass|Froslass, L50, F|100/100\n|switch|p1b: Arcanine|Arcanine-Hisui, L50, F|100/100\n|switch|p2a: Charizard|Charizard, L50, M|100/100\n|switch|p2b: Venusaur|Venusaur, L50, F|100/100\n|-ability|p1b: Arcanine|Intimidate|boost\n|-unboost|p2a: Charizard|atk|1\n|-unboost|p2b: Venusaur|atk|1\n|turn|1\n|inactive|kikikos3 has 30 seconds left.\n|\n|t:|1775972229\n|move|p1a: Froslass|Protect|p1a: Froslass\n|-singleturn|p1a: Froslass|Protect\n|move|p2a: Charizard|Protect|p2a: Charizard\n|-singleturn|p2a: Charizard|Protect\n|move|p2b: Venusaur|Protect|p2b: Venusaur\n|-singleturn|p2b: Venusaur|Protect\n|move|p1b: Arcanine|Rock Slide|p2a: Charizard|[spread] \n|-activate|p2a: Charizard|move: Protect\n|-activate|p2b: Venusaur|move: Protect\n|\n|upkeep\n|turn|2\n|\n|t:|1775972253\n|switch|p2a: Garchomp|Garchomp, L50, M|100/100\n|switch|p2b: Rotom|Rotom-Wash, L50|100/100\n|detailschange|p1a: Froslass|Froslass-Mega, L50, F\n|-mega|p1a: Froslass|Froslass|Froslassite\n|-weather|Snowscape|[from] ability: Snow Warning|[of] p1a: Froslass\n|move|p1a: Froslass|Blizzard|p2a: Garchomp|[spread] p2a,p2b\n|-supereffective|p2a: Garchomp|2\n|-resisted|p2b: Rotom|1\n|-crit|p2b: Rotom\n|-damage|p2a: Garchomp|0 fnt\n|-damage|p2b: Rotom|62/100\n|faint|p2a: Garchomp\n|move|p1b: Arcanine|Rock Slide|p2b: Rotom\n|-damage|p2b: Rotom|31/100\n|\n|-weather|Snowscape|[upkeep]\n|-heal|p2b: Rotom|37/100|[from] item: Leftovers\n|upkeep\n|\n|t:|1775972258\n|switch|p2a: Charizard|Charizard, L50, M|100/100\n|turn|3\n|\n|t:|1775972282\n|switch|p1a: Palafin|Palafin, L50, M|100/100\n|detailschange|p2a: Charizard|Charizard-Mega-Y, L50, M\n|-mega|p2a: Charizard|Charizard|Charizardite Y\n|-weather|SunnyDay|[from] ability: Drought|[of] p2a: Charizard\n|move|p1b: Arcanine|Protect|p1b: Arcanine\n|-singleturn|p1b: Arcanine|Protect\n|move|p2a: Charizard|Heat Wave|p1b: Arcanine|[spread] p1a\n|-activate|p1b: Arcanine|move: Protect\n|-resisted|p1a: Palafin|1\n|-damage|p1a: Palafin|62/100\n|-status|p1a: Palafin|brn\n|move|p2b: Rotom|Will-O-Wisp|p1b: Arcanine\n|-activate|p1b: Arcanine|move: Protect\n|\n|-weather|SunnyDay|[upkeep]\n|-heal|p2b: Rotom|43/100|[from] item: Leftovers\n|-damage|p1a: Palafin|56/100 brn|[from] brn\n|upkeep\n|turn|4\n|inactive|garchumpz has 30 seconds left.\n|inactive|kikikos3 has 30 seconds left.\n|\n|t:|1775972310\n|switch|p2a: Venusaur|Venusaur, L50, F|100/100\n|detailschange|p1a: Palafin|Palafin-Hero, L50, M\n|switch|p1a: Froslass|Froslass-Mega, L50, F|100/100\n|-weather|Snowscape|[from] ability: Snow Warning|[of] p1a: Froslass\n|move|p1b: Arcanine|Rock Slide|p2a: Venusaur|[spread] p2a\n|-miss|p1b: Arcanine|p2b: Rotom\n|-damage|p2a: Venusaur|66/100\n|move|p2b: Rotom|Thunderbolt|p1a: Froslass\n|-damage|p1a: Froslass|57/100\n|\n|-weather|Snowscape|[upkeep]\n|-heal|p2b: Rotom|48/100|[from] item: Leftovers\n|upkeep\n|turn|5\n|inactive|garchumpz has 30 seconds left.\n|\n|t:|1775972336\n|switch|p2b: Charizard|Charizard-Mega-Y, L50, M|100/100\n|-weather|SunnyDay|[from] ability: Drought|[of] p2b: Charizard\n|move|p2a: Venusaur|Sleep Powder|p1b: Arcanine\n|-status|p1b: Arcanine|slp|[from] move: Sleep Powder\n|move|p1a: Froslass|Aurora Veil||[still]\n|-fail|p1a: Froslass\n|cant|p1b: Arcanine|slp\n|\n|-weather|SunnyDay|[upkeep]\n|upkeep\n|turn|6\n|inactive|garchumpz has 30 seconds left.\n|\n|t:|1775972365\n|move|p1a: Froslass|Protect|p1a: Froslass\n|-singleturn|p1a: Froslass|Protect\n|cant|p1b: Arcanine|slp\n|move|p2a: Venusaur|Leaf Storm|p1b: Arcanine\n|-damage|p1b: Arcanine|34/100 slp\n|-unboost|p2a: Venusaur|spa|2\n|move|p2b: Charizard|Heat Wave|p1b: Arcanine|[spread] p1b\n|-activate|p1a: Froslass|move: Protect\n|-resisted|p1b: Arcanine|2\n|-damage|p1b: Arcanine|14/100 slp\n|\n|-weather|SunnyDay|[upkeep]\n|upkeep\n|turn|7\n|\n|t:|1775972384\n|switch|p1a: Sneasler|Sneasler, L50, M|100/100\n|-curestatus|p1b: Arcanine|slp|[msg]\n|move|p1b: Arcanine|Protect|p1b: Arcanine\n|-singleturn|p1b: Arcanine|Protect\n|move|p2a: Venusaur|Sludge Bomb|p1b: Arcanine\n|-activate|p1b: Arcanine|move: Protect\n|move|p2b: Charizard|Heat Wave|p1b: Arcanine|[spread] p1a\n|-activate|p1b: Arcanine|move: Protect\n|-damage|p1a: Sneasler|6/100\n|\n|-weather|SunnyDay|[upkeep]\n|upkeep\n|turn|8\n|inactive|kikikos3 has 30 seconds left.\n|\n|t:|1775972414\n|switch|p2b: Rotom|Rotom-Wash, L50|48/100\n|move|p2a: Venusaur|Protect|p2a: Venusaur\n|-singleturn|p2a: Venusaur|Protect\n|move|p1a: Sneasler|Fake Out|p2b: Rotom\n|-damage|p2b: Rotom|33/100\n|move|p1b: Arcanine|Rock Slide|p2b: Rotom|[spread] p2b\n|-activate|p2a: Venusaur|move: Protect\n|-damage|p2b: Rotom|8/100\n|\n|-weather|SunnyDay|[upkeep]\n|-heal|p2b: Rotom|14/100|[from] item: Leftovers\n|upkeep\n|turn|9\n|\n|t:|1775972439\n|move|p2a: Venusaur|Sludge Bomb|p1a: Sneasler\n|-resisted|p1a: Sneasler|1\n|-damage|p1a: Sneasler|0 fnt\n|faint|p1a: Sneasler\n|move|p1b: Arcanine|Flare Blitz|p2a: Venusaur\n|-supereffective|p2a: Venusaur|1\n|-damage|p2a: Venusaur|0 fnt\n|faint|p2a: Venusaur\n|-damage|p1b: Arcanine|0 fnt|[from] Recoil\n|faint|p1b: Arcanine\n|move|p2b: Rotom|Thunderbolt|p1: Sneasler|[notarget]\n|-fail|p2b: Rotom\n|\n|-weather|none\n|-heal|p2b: Rotom|20/100|[from] item: Leftovers\n|upkeep\n|\n|t:|1775972454\n|switch|p1a: Froslass|Froslass-Mega, L50, F|57/100\n|switch|p1b: Palafin|Palafin-Hero, L50, M|56/100 brn\n|switch|p2a: Charizard|Charizard-Mega-Y, L50, M|100/100\n|-weather|Snowscape|[from] ability: Snow Warning|[of] p1a: Froslass\n|-weather|SunnyDay|[from] ability: Drought|[of] p2a: Charizard\n|-activate|p1b: Palafin|ability: Zero to Hero\n|turn|10\n|\n|t:|1775972470\n|move|p1a: Froslass|Shadow Ball|p2b: Rotom\n|-damage|p2b: Rotom|0 fnt\n|faint|p2b: Rotom\n|move|p2a: Charizard|Heat Wave|p1b: Palafin|[spread] p1a,p1b\n|-supereffective|p1a: Froslass|1\n|-resisted|p1b: Palafin|1\n|-damage|p1a: Froslass|0 fnt\n|-damage|p1b: Palafin|23/100 brn\n|faint|p1a: Froslass\n|move|p1b: Palafin|Wave Crash|p2a: Charizard\n|-supereffective|p2a: Charizard|1\n|-damage|p2a: Charizard|26/100\n|-damage|p1b: Palafin|4/100 brn|[from] Recoil\n|\n|-weather|SunnyDay|[upkeep]\n|-damage|p1b: Palafin|0 fnt|[from] brn\n|faint|p1b: Palafin\n|\n|win|kikikos3\n|raw|garchumpz's rating: 1039 &rarr; <strong>1023</strong><br />(-16 for losing)\n|raw|kikikos3's rating: 1038 &rarr; <strong>1072</strong><br />(+34 for winning)\n|l|\u2606garchumpz\n|player|p1|\n",
  "uploadtime": 1775972494,
  "views": 12,
  "formatid": "gen9championsvgc2026regma",
  "rating": 1023,
  "private": 0,
  "password": null
}