{
  "id": "gen9championsvgc2026regma-2588232341",
  "format": "[Gen 9 Champions] VGC 2026 Reg M-A",
  "players": [
    "machugut",
    "Pwudbsus"
  ],
  "log": "|j|\u2606machugut\n|j|\u2606Pwudbsus\n|t:|1776616556\n|gametype|doubles\n|player|p1|machugut|169|1081\n|player|p2|Pwudbsus|alder|1000\n|gen|9\n|tier|[Gen 9 Champions] VGC 2026 Reg M-A\n|rated|\n|rule|Species Clause: Limit one of each Pok\u00e9mon\n|rule|Item Clause: Limit 1 of each item\n|clearpoke\n|poke|p1|Meganium, L50, F|\n|poke|p1|Politoed, L50, F|\n|poke|p1|Archaludon, L50, M|\n|poke|p1|Basculegion, L50, M|\n|poke|p1|Maushold, L50|\n|poke|p1|Talonflame, L50, F|\n|poke|p2|Gengar, L50, F|\n|poke|p2|Aggron, L50, F|\n|poke|p2|Azumarill, L50, F|\n|poke|p2|Incineroar, L50, F|\n|poke|p2|Serperior, L50, F|\n|poke|p2|Typhlosion-Hisui, L50, M|\n|teampreview|4\n|\n|t:|1776616570\n|teamsize|p1|4\n|teamsize|p2|4\n|start\n|switch|p1a: Meganium|Meganium, L50, F|100/100\n|switch|p1b: Archaludon|Archaludon, L50, M|100/100\n|switch|p2a: Gengar|Gengar, L50, F|100/100\n|switch|p2b: Incineroar|Incineroar, L50, F|100/100\n|-ability|p2b: Incineroar|Intimidate|boost\n|-unboost|p1a: Meganium|atk|1\n|-unboost|p1b: Archaludon|atk|1\n|-enditem|p1b: Archaludon|White Herb\n|-clearnegativeboost|p1b: Archaludon|[silent]\n|turn|1\n|\n|t:|1776616590\n|switch|p1a: Politoed|Politoed, L50, F|100/100\n|-weather|RainDance|[from] ability: Drizzle|[of] p1a: Politoed\n|detailschange|p2a: Gengar|Gengar-Mega, L50, F\n|-mega|p2a: Gengar|Gengar|Gengarite\n|move|p2b: Incineroar|Fake Out|p1a: Politoed\n|-damage|p1a: Politoed|91/100\n|move|p2a: Gengar|Perish Song|p2a: Gengar\n|-start|p1a: Politoed|perish3|[silent]\n|-start|p1b: Archaludon|perish3|[silent]\n|-start|p2a: Gengar|perish3|[silent]\n|-start|p2b: Incineroar|perish3|[silent]\n|-fieldactivate|move: Perish Song\n|move|p1b: Archaludon|Electro Shot||[still]\n|-prepare|p1b: Archaludon|Electro Shot\n|-boost|p1b: Archaludon|spa|1\n|-anim|p1b: Archaludon|Electro Shot|p2a: Gengar\n|-damage|p2a: Gengar|10/100\n|\n|-weather|RainDance|[upkeep]\n|-start|p2a: Gengar|perish3\n|-start|p1b: Archaludon|perish3\n|-start|p1a: Politoed|perish3\n|-start|p2b: Incineroar|perish3\n|upkeep\n|turn|2\n|\n|t:|1776616614\n|move|p2a: Gengar|Protect|p2a: Gengar\n|-singleturn|p2a: Gengar|Protect\n|move|p2b: Incineroar|Protect|p2b: Incineroar\n|-singleturn|p2b: Incineroar|Protect\n|move|p1b: Archaludon|Electro Shot||[still]\n|-prepare|p1b: Archaludon|Electro Shot\n|-boost|p1b: Archaludon|spa|1\n|-anim|p1b: Archaludon|Electro Shot|p2b: Incineroar\n|-activate|p2b: Incineroar|move: Protect\n|move|p1a: Politoed|Icy Wind|p2b: Incineroar|[spread] \n|-activate|p2a: Gengar|move: Protect\n|-activate|p2b: Incineroar|move: Protect\n|\n|-weather|RainDance|[upkeep]\n|-start|p2a: Gengar|perish2\n|-start|p1b: Archaludon|perish2\n|-start|p1a: Politoed|perish2\n|-start|p2b: Incineroar|perish2\n|upkeep\n|turn|3\n|\n|t:|1776616639\n|switch|p2a: Serperior|Serperior, L50, F|100/100\n|move|p1b: Archaludon|Electro Shot||[still]\n|-prepare|p1b: Archaludon|Electro Shot\n|-boost|p1b: Archaludon|spa|1\n|-anim|p1b: Archaludon|Electro Shot|p2b: Incineroar\n|-damage|p2b: Incineroar|29/100\n|move|p1a: Politoed|Weather Ball|p2a: Serperior\n|-resisted|p2a: Serperior|1\n|-crit|p2a: Serperior\n|-damage|p2a: Serperior|61/100\n|move|p2b: Incineroar|Parting Shot|p1a: Politoed\n|-unboost|p1a: Politoed|atk|1\n|-unboost|p1a: Politoed|spa|1\n|\n|t:|1776616653\n|switch|p2b: Gengar|Gengar-Mega, L50, F|10/100|[from] Parting Shot\n|\n|-weather|RainDance|[upkeep]\n|-heal|p2a: Serperior|67/100|[from] item: Leftovers\n|-start|p1b: Archaludon|perish1\n|-start|p1a: Politoed|perish1\n|upkeep\n|turn|4\n|\n|t:|1776616665\n|move|p2b: Gengar|Protect|p2b: Gengar\n|-singleturn|p2b: Gengar|Protect\n|move|p2a: Serperior|Substitute|p2a: Serperior\n|-start|p2a: Serperior|Substitute\n|-damage|p2a: Serperior|42/100\n|move|p1b: Archaludon|Flash Cannon|p2a: Serperior\n|-end|p2a: Serperior|Substitute\n|move|p1a: Politoed|Icy Wind|p2a: Serperior|[spread] \n|-activate|p2b: Gengar|move: Protect\n|-miss|p1a: Politoed|p2a: Serperior\n|\n|-weather|RainDance|[upkeep]\n|-heal|p2a: Serperior|48/100|[from] item: Leftovers\n|-start|p1b: Archaludon|perish0\n|-start|p1a: Politoed|perish0\n|faint|p1b: Archaludon\n|faint|p1a: Politoed\n|upkeep\n|\n|t:|1776616680\n|switch|p1b: Basculegion|Basculegion, L50, M|100/100\n|switch|p1a: Meganium|Meganium, L50, F|100/100\n|turn|5\n|\n|t:|1776616690\n|switch|p2b: Incineroar|Incineroar, L50, F|29/100\n|-ability|p2b: Incineroar|Intimidate|boost\n|-unboost|p1a: Meganium|atk|1\n|-unboost|p1b: Basculegion|atk|1\n|detailschange|p1a: Meganium|Meganium-Mega, L50, F\n|-mega|p1a: Meganium|Meganium|Meganiumite\n|move|p1b: Basculegion|Last Respects|p2b: Incineroar\n|-resisted|p2b: Incineroar|1\n|-damage|p2b: Incineroar|0 fnt\n|faint|p2b: Incineroar\n|move|p2a: Serperior|Leaf Storm|p1b: Basculegion|[miss]\n|-miss|p2a: Serperior|p1b: Basculegion\n|move|p1a: Meganium|Dazzling Gleam|p2a: Serperior\n|-damage|p2a: Serperior|0 fnt\n|faint|p2a: Serperior\n|\n|-weather|none\n|upkeep\n|\n|t:|1776616705\n|switch|p2a: Gengar|Gengar-Mega, L50, F|10/100\n|switch|p2b: Azumarill|Azumarill, L50, F|100/100\n|turn|6\n|\n|t:|1776616719\n|move|p1b: Basculegion|Last Respects|p2a: Gengar\n|-supereffective|p2a: Gengar|1\n|-damage|p2a: Gengar|0 fnt\n|faint|p2a: Gengar\n|move|p1a: Meganium|Dazzling Gleam|p2b: Azumarill\n|-damage|p2b: Azumarill|48/100\n|-enditem|p2b: Azumarill|Sitrus Berry|[eat]\n|-heal|p2b: Azumarill|73/100|[from] item: Sitrus Berry\n|move|p2b: Azumarill|Knock Off|p1b: Basculegion\n|-supereffective|p1b: Basculegion|1\n|-damage|p1b: Basculegion|0 fnt\n|-enditem|p1b: Basculegion|Choice Scarf|[from] move: Knock Off|[of] p2b: Azumarill\n|faint|p1b: Basculegion\n|\n|upkeep\n|turn|7\n|\n|t:|1776616732\n|move|p1a: Meganium|Solar Beam||[still]\n|-prepare|p1a: Meganium|Solar Beam\n|-activate|p1a: Meganium|ability: Mega Sol\n|-anim|p1a: Meganium|Solar Beam|p2b: Azumarill\n|-supereffective|p2b: Azumarill|1\n|-damage|p2b: Azumarill|0 fnt\n|faint|p2b: Azumarill\n|\n|win|machugut\n|raw|machugut's rating: 1081 &rarr; <strong>1102</strong><br />(+21 for winning)\n|raw|Pwudbsus's rating: 1000 &rarr; <strong>1000</strong><br />(+0 for losing)\n",
  "uploadtime": 1776616738,
  "views": 14,
  "formatid": "gen9championsvgc2026regma",
  "rating": 1000,
  "private": 0,
  "password": null
}