{
  "id": "gen9championsvgc2026regma-2588792672",
  "format": "[Gen 9 Champions] VGC 2026 Reg M-A",
  "players": [
    "esperanzasaltas",
    "wdnmlgbyd"
  ],
  "log": "|j|\u2606esperanzasaltas\n|j|\u2606wdnmlgbyd\n|t:|1776671451\n|gametype|doubles\n|player|p1|esperanzasaltas|wattson|1200\n|player|p2|wdnmlgbyd|channeler-lgpe|1101\n|gen|9\n|tier|[Gen 9 Champions] VGC 2026 Reg M-A\n|rated|\n|rule|Species Clause: Limit one of each Pok\u00e9mon\n|rule|Item Clause: Limit 1 of each item\n|clearpoke\n|poke|p1|Tyranitar, L50, F|\n|poke|p1|Excadrill, L50, F|\n|poke|p1|Kommo-o, L50, F|\n|poke|p1|Sinistcha, L50|\n|poke|p1|Incineroar, L50, M|\n|poke|p1|Corviknight, L50, M|\n|poke|p2|Maushold-Four, L50|\n|poke|p2|Starmie, L50|\n|poke|p2|Glimmora, L50, F|\n|poke|p2|Hydreigon, L50, F|\n|poke|p2|Rotom-Heat, L50|\n|poke|p2|Whimsicott, L50, F|\n|teampreview|4\n|\n|t:|1776671490\n|teamsize|p1|4\n|teamsize|p2|4\n|start\n|switch|p1a: Incineroar|Incineroar, L50, M|100/100\n|switch|p1b: Corviknight|Corviknight, L50, M|100/100\n|switch|p2a: Starmie|Starmie, L50|100/100\n|switch|p2b: Maushold|Maushold-Four, L50|100/100\n|-ability|p1a: Incineroar|Intimidate|boost\n|-unboost|p2a: Starmie|atk|1\n|-unboost|p2b: Maushold|atk|1\n|turn|1\n|inactive|Battle timer is ON: inactive players will automatically lose when time's up. (requested by esperanzasaltas)\n|inactive|wdnmlgbyd has 60 seconds left.\n|\n|t:|1776671526\n|move|p2a: Starmie|Protect|p2a: Starmie\n|-singleturn|p2a: Starmie|Protect\n|move|p1a: Incineroar|Fake Out|p2b: Maushold\n|-damage|p2b: Maushold|85/100\n|cant|p2b: Maushold|flinch\n|move|p1b: Corviknight|Bulk Up|p1b: Corviknight\n|-boost|p1b: Corviknight|atk|1\n|-boost|p1b: Corviknight|def|1\n|\n|upkeep\n|turn|2\n|\n|t:|1776671544\n|detailschange|p2a: Starmie|Starmie-Mega, L50\n|-mega|p2a: Starmie|Starmie|Starminite\n|move|p2a: Starmie|Minimize|p2a: Starmie\n|-boost|p2a: Starmie|evasion|2\n|move|p2b: Maushold|Encore|p1b: Corviknight\n|-start|p1b: Corviknight|Encore\n|move|p1b: Corviknight|Bulk Up|p1b: Corviknight\n|-boost|p1b: Corviknight|atk|1\n|-boost|p1b: Corviknight|def|1\n|move|p1a: Incineroar|Parting Shot|p2a: Starmie\n|-unboost|p2a: Starmie|atk|1\n|-unboost|p2a: Starmie|spa|1\n|\n|t:|1776671558\n|switch|p1a: Tyranitar|Tyranitar, L50, F|100/100|[from] Parting Shot\n|-weather|Sandstorm|[from] ability: Sand Stream|[of] p1a: Tyranitar\n|\n|-weather|Sandstorm|[upkeep]\n|-damage|p2a: Starmie|95/100|[from] Sandstorm\n|-damage|p2b: Maushold|79/100|[from] Sandstorm\n|upkeep\n|turn|3\n|\n|t:|1776671577\n|switch|p1b: Incineroar|Incineroar, L50, M|100/100\n|-ability|p1b: Incineroar|Intimidate|boost\n|-unboost|p2a: Starmie|atk|1\n|-unboost|p2b: Maushold|atk|1\n|move|p1a: Tyranitar|Protect|p1a: Tyranitar\n|-singleturn|p1a: Tyranitar|Protect\n|move|p2a: Starmie|Minimize|p2a: Starmie\n|-boost|p2a: Starmie|evasion|2\n|move|p2b: Maushold|Super Fang|p1b: Incineroar\n|-damage|p1b: Incineroar|50/100\n|-enditem|p1b: Incineroar|Sitrus Berry|[eat]\n|-heal|p1b: Incineroar|75/100|[from] item: Sitrus Berry\n|\n|-weather|Sandstorm|[upkeep]\n|-damage|p2a: Starmie|89/100|[from] Sandstorm\n|-damage|p2b: Maushold|73/100|[from] Sandstorm\n|-damage|p1b: Incineroar|69/100|[from] Sandstorm\n|upkeep\n|turn|4\n|inactive|esperanzasaltas has 30 seconds left.\n|\n|t:|1776671610\n|switch|p2b: Hydreigon|Hydreigon, L50, F|100/100\n|move|p1b: Incineroar|Fake Out|p2b: Hydreigon\n|-damage|p2b: Hydreigon|91/100\n|move|p2a: Starmie|Minimize|p2a: Starmie\n|-boost|p2a: Starmie|evasion|2\n|move|p1a: Tyranitar|Crunch|p2a: Starmie\n|-supereffective|p2a: Starmie|1\n|-damage|p2a: Starmie|0 fnt\n|faint|p2a: Starmie\n|\n|-weather|Sandstorm|[upkeep]\n|-damage|p2b: Hydreigon|85/100|[from] Sandstorm\n|-damage|p1b: Incineroar|63/100|[from] Sandstorm\n|-heal|p2b: Hydreigon|91/100|[from] item: Leftovers\n|upkeep\n|\n|t:|1776671628\n|switch|p2a: Maushold|Maushold-Four, L50|73/100\n|turn|5\n|\n|t:|1776671638\n|move|p1a: Tyranitar|Protect|p1a: Tyranitar\n|-singleturn|p1a: Tyranitar|Protect\n|move|p2a: Maushold|Encore|p1a: Tyranitar\n|-activate|p1a: Tyranitar|move: Protect\n|move|p2b: Hydreigon|Nasty Plot|p2b: Hydreigon\n|-boost|p2b: Hydreigon|spa|2\n|move|p1b: Incineroar|Parting Shot|p2b: Hydreigon\n|-unboost|p2b: Hydreigon|atk|1\n|-unboost|p2b: Hydreigon|spa|1\n|\n|t:|1776671660\n|switch|p1b: Excadrill|Excadrill, L50, F|100/100|[from] Parting Shot\n|\n|-weather|Sandstorm|[upkeep]\n|-damage|p2a: Maushold|67/100|[from] Sandstorm\n|-damage|p2b: Hydreigon|85/100|[from] Sandstorm\n|-heal|p2b: Hydreigon|91/100|[from] item: Leftovers\n|upkeep\n|turn|6\n|\n|t:|1776671673\n|switch|p1a: Corviknight|Corviknight, L50, M|100/100\n|move|p1b: Excadrill|Rock Slide|p2a: Maushold|[spread] p2a\n|-miss|p1b: Excadrill|p2b: Hydreigon\n|-damage|p2a: Maushold|36/100\n|cant|p2a: Maushold|flinch\n|move|p2b: Hydreigon|Earth Power|p1b: Excadrill\n|-supereffective|p1b: Excadrill|1\n|-enditem|p1b: Excadrill|Focus Sash\n|-damage|p1b: Excadrill|1/100\n|\n|-weather|none\n|-heal|p2b: Hydreigon|97/100|[from] item: Leftovers\n|upkeep\n|turn|7\n|inactive|wdnmlgbyd has 30 seconds left.\n|inactive|esperanzasaltas has 30 seconds left.\n|\n|t:|1776671708\n|switch|p2b: Rotom|Rotom-Heat, L50|100/100\n|move|p1b: Excadrill|Protect|p1b: Excadrill\n|-singleturn|p1b: Excadrill|Protect\n|move|p2a: Maushold|Super Fang|p1a: Corviknight|[miss]\n|-miss|p2a: Maushold|p1a: Corviknight\n|move|p1a: Corviknight|Tailwind|p1a: Corviknight\n|-sidestart|p1: esperanzasaltas|move: Tailwind\n|\n|upkeep\n|turn|8\n|inactive|wdnmlgbyd has 30 seconds left.\n|\n|t:|1776671743\n|switch|p1a: Tyranitar|Tyranitar, L50, F|100/100\n|-weather|Sandstorm|[from] ability: Sand Stream|[of] p1a: Tyranitar\n|move|p1b: Excadrill|Rock Slide|p2b: Rotom|[spread] p2a,p2b\n|-supereffective|p2b: Rotom|1\n|-damage|p2a: Maushold|5/100\n|-damage|p2b: Rotom|55/100\n|move|p2b: Rotom|Volt Switch|p1a: Tyranitar\n|-damage|p1a: Tyranitar|80/100\n|\n|t:|1776671753\n|switch|p2b: Hydreigon|Hydreigon, L50, F|97/100|[from] Volt Switch\n|move|p2a: Maushold|Taunt|p1a: Tyranitar\n|-start|p1a: Tyranitar|move: Taunt\n|\n|-weather|Sandstorm|[upkeep]\n|-damage|p2a: Maushold|0 fnt|[from] Sandstorm\n|-damage|p2b: Hydreigon|91/100|[from] Sandstorm\n|faint|p2a: Maushold\n|-heal|p2b: Hydreigon|97/100|[from] item: Leftovers\n|upkeep\n|\n|t:|1776671760\n|switch|p2a: Rotom|Rotom-Heat, L50|55/100\n|turn|9\n|inactive|esperanzasaltas has 30 seconds left.\n|inactive|wdnmlgbyd has 30 seconds left.\n|\n|t:|1776671794\n|detailschange|p1a: Tyranitar|Tyranitar-Mega, L50, F\n|-mega|p1a: Tyranitar|Tyranitar|Tyranitarite\n|move|p1b: Excadrill|High Horsepower|p2b: Hydreigon\n|-immune|p2b: Hydreigon|[from] ability: Levitate\n|move|p2a: Rotom|Trick||[still]\n|-fail|p2a: Rotom\n|move|p1a: Tyranitar|Rock Slide|p2a: Rotom|[spread] \n|-miss|p1a: Tyranitar|p2a: Rotom\n|-miss|p1a: Tyranitar|p2b: Hydreigon\n|move|p2b: Hydreigon|Earth Power|p1b: Excadrill\n|-supereffective|p1b: Excadrill|1\n|-damage|p1b: Excadrill|0 fnt\n|faint|p1b: Excadrill\n|\n|-weather|Sandstorm|[upkeep]\n|-damage|p2a: Rotom|49/100|[from] Sandstorm\n|-damage|p2b: Hydreigon|91/100|[from] Sandstorm\n|-heal|p2b: Hydreigon|97/100|[from] item: Leftovers\n|upkeep\n|\n|t:|1776671809\n|switch|p1b: Incineroar|Incineroar, L50, M|63/100\n|-ability|p1b: Incineroar|Intimidate|boost\n|-unboost|p2a: Rotom|atk|1\n|-unboost|p2b: Hydreigon|atk|1\n|turn|10\n|\n|t:|1776671822\n|move|p1b: Incineroar|Fake Out|p2b: Hydreigon\n|-damage|p2b: Hydreigon|86/100\n|move|p2a: Rotom|Trick|p1b: Incineroar\n|-activate|p2a: Rotom|move: Trick|[of] p1b: Incineroar\n|-item|p1b: Incineroar|Choice Scarf|[from] move: Trick\n|-enditem|p2a: Rotom|Choice Scarf|[silent]|[from] move: Trick\n|move|p1a: Tyranitar|Rock Slide|p2a: Rotom|[spread] p2a,p2b\n|-supereffective|p2a: Rotom|1\n|-damage|p2a: Rotom|0 fnt\n|-damage|p2b: Hydreigon|56/100\n|faint|p2a: Rotom\n|cant|p2b: Hydreigon|flinch\n|\n|-weather|Sandstorm|[upkeep]\n|-damage|p1b: Incineroar|57/100|[from] Sandstorm\n|-damage|p2b: Hydreigon|50/100|[from] Sandstorm\n|-heal|p2b: Hydreigon|56/100|[from] item: Leftovers\n|-end|p1a: Tyranitar|move: Taunt\n|-sideend|p1: esperanzasaltas|move: Tailwind\n|upkeep\n|turn|11\n|\n|t:|1776671847\n|move|p1b: Incineroar|Parting Shot|p2b: Hydreigon\n|-unboost|p2b: Hydreigon|atk|1\n|-unboost|p2b: Hydreigon|spa|1\n|\n|t:|1776671851\n|switch|p1b: Corviknight|Corviknight, L50, M|100/100|[from] Parting Shot\n|move|p2b: Hydreigon|Nasty Plot|p2b: Hydreigon\n|-boost|p2b: Hydreigon|spa|2\n|move|p1a: Tyranitar|Ice Punch|p2b: Hydreigon\n|-supereffective|p2b: Hydreigon|1\n|-damage|p2b: Hydreigon|0 fnt\n|faint|p2b: Hydreigon\n|\n|win|esperanzasaltas\n|raw|esperanzasaltas's rating: 1200 &rarr; <strong>1218</strong><br />(+18 for winning)\n|raw|wdnmlgbyd's rating: 1101 &rarr; <strong>1083</strong><br />(-18 for losing)\n",
  "uploadtime": 1776671855,
  "views": 21,
  "formatid": "gen9championsvgc2026regma",
  "rating": 1083,
  "private": 0,
  "password": null
}