{
  "id": "gen9championsvgc2026regma-2580811541",
  "format": "[Gen 9 Champions] VGC 2026 Reg M-A",
  "players": [
    "StrawberryBalloons",
    "Millercs"
  ],
  "log": "|j|\u2606StrawberryBalloons\n|j|\u2606Millercs\n|t:|1775934424\n|gametype|doubles\n|player|p1|StrawberryBalloons|fisherman-gen4|1157\n|player|p2|Millercs|101|1070\n|gen|9\n|tier|[Gen 9 Champions] VGC 2026 Reg M-A\n|rated|\n|rule|Species Clause: Limit one of each Pok\u00e9mon\n|rule|Item Clause: Limit 1 of each item\n|clearpoke\n|poke|p1|Incineroar, L50, F|\n|poke|p1|Ninetales-Alola, L50, F|\n|poke|p1|Floette-Eternal, L50, F|\n|poke|p1|Sableye, L50, F|\n|poke|p1|Gengar, L50, F|\n|poke|p1|Aegislash, L50, F|\n|poke|p2|Floette-Eternal, L50, F|\n|poke|p2|Glimmora, L50, F|\n|poke|p2|Talonflame, L50, F|\n|poke|p2|Maushold-Four, L50|\n|poke|p2|Garchomp, L50, M|\n|poke|p2|Corviknight, L50, M|\n|teampreview|4\n|inactive|Battle timer is ON: inactive players will automatically lose when time's up. (requested by StrawberryBalloons)\n|\n|t:|1775934454\n|teamsize|p1|4\n|teamsize|p2|4\n|start\n|switch|p1a: Ninetales|Ninetales-Alola, L50, F, shiny|100/100\n|switch|p1b: Floette|Floette-Eternal, L50, F|100/100\n|switch|p2a: Glimmora|Glimmora, L50, F|100/100\n|switch|p2b: Maushold|Maushold-Four, L50|100/100\n|-weather|Snowscape|[from] ability: Snow Warning|[of] p1a: Ninetales\n|turn|1\n|\n|t:|1775934478\n|detailschange|p1b: Floette|Floette-Mega, L50, F\n|-mega|p1b: Floette|Floette|Floettite\n|-ability|p1b: Floette|Fairy Aura\n|detailschange|p2a: Glimmora|Glimmora-Mega, L50, F\n|-mega|p2a: Glimmora|Glimmora|Glimmoranite\n|move|p1a: Ninetales|Aurora Veil|p1a: Ninetales\n|-sidestart|p1: StrawberryBalloons|move: Aurora Veil\n|move|p1b: Floette|Calm Mind|p1b: Floette\n|-boost|p1b: Floette|spa|1\n|-boost|p1b: Floette|spd|1\n|move|p2a: Glimmora|Sludge Bomb|p1a: Ninetales\n|-supereffective|p1a: Ninetales|1\n|-damage|p1a: Ninetales|0 fnt\n|faint|p1a: Ninetales\n|move|p2b: Maushold|Taunt|p1b: Floette\n|-start|p1b: Floette|move: Taunt\n|\n|-weather|Snowscape|[upkeep]\n|upkeep\n|\n|t:|1775934486\n|switch|p1a: Sableye|Sableye, L50, F|100/100\n|turn|2\n|\n|t:|1775934503\n|move|p1a: Sableye|Fake Out|p2a: Glimmora\n|-resisted|p2a: Glimmora|1\n|-damage|p2a: Glimmora|96/100\n|move|p2b: Maushold|Follow Me|p2b: Maushold\n|-singleturn|p2b: Maushold|move: Follow Me\n|move|p1b: Floette|Moonblast|p2b: Maushold\n|-enditem|p2b: Maushold|Focus Sash\n|-damage|p2b: Maushold|1/100\n|cant|p2a: Glimmora|flinch\n|\n|-weather|Snowscape|[upkeep]\n|upkeep\n|turn|3\n|inactive|StrawberryBalloons has 30 seconds left.\n|\n|t:|1775934531\n|move|p2a: Glimmora|Spiky Shield|p2a: Glimmora\n|-singleturn|p2a: Glimmora|move: Protect\n|move|p1b: Floette|Dazzling Gleam|p2a: Glimmora|[spread] p2b\n|-activate|p2a: Glimmora|move: Protect\n|-damage|p2b: Maushold|0 fnt\n|faint|p2b: Maushold\n|move|p1a: Sableye|Metal Burst||[still]\n|-fail|p1a: Sableye\n|\n|-weather|Snowscape|[upkeep]\n|upkeep\n|\n|t:|1775934543\n|switch|p2b: Talonflame|Talonflame, L50, F|100/100\n|turn|4\n|\n|t:|1775934550\n|move|p2b: Talonflame|Tailwind|p2b: Talonflame\n|-sidestart|p2: Millercs|move: Tailwind\n|move|p1a: Sableye|Encore|p2a: Glimmora\n|-start|p2a: Glimmora|Encore\n|move|p2a: Glimmora|Spiky Shield||[still]\n|-fail|p2a: Glimmora\n|move|p1b: Floette|Moonblast|p2b: Talonflame\n|-resisted|p2b: Talonflame|1\n|-damage|p2b: Talonflame|16/100\n|\n|-weather|Snowscape|[upkeep]\n|-end|p1b: Floette|move: Taunt\n|upkeep\n|turn|5\n|inactive|Millercs has 30 seconds left.\n|\n|t:|1775934576\n|switch|p2a: Corviknight|Corviknight, L50, M|100/100\n|move|p1a: Sableye|Encore|p2b: Talonflame\n|-start|p2b: Talonflame|Encore\n|move|p2b: Talonflame|Tailwind||[still]\n|-fail|p2b: Talonflame\n|move|p1b: Floette|Dazzling Gleam|p2b: Talonflame|[spread] p2a,p2b\n|-resisted|p2a: Corviknight|1\n|-resisted|p2b: Talonflame|1\n|-damage|p2a: Corviknight|78/100\n|-damage|p2b: Talonflame|0 fnt\n|faint|p2b: Talonflame\n|\n|-weather|none\n|-heal|p2a: Corviknight|84/100|[from] item: Leftovers\n|-sideend|p1: StrawberryBalloons|move: Aurora Veil\n|upkeep\n|\n|t:|1775934591\n|switch|p2b: Glimmora|Glimmora-Mega, L50, F|96/100\n|turn|6\n|\n|t:|1775934601\n|move|p1b: Floette|Protect|p1b: Floette\n|-singleturn|p1b: Floette|Protect\n|move|p2b: Glimmora|Sludge Bomb|p1b: Floette\n|-activate|p1b: Floette|move: Protect\n|move|p2a: Corviknight|Brave Bird|p1a: Sableye\n|-damage|p1a: Sableye|46/100\n|-damage|p2a: Corviknight|70/100|[from] Recoil\n|move|p1a: Sableye|Metal Burst|p2a: Corviknight\n|-damage|p2a: Corviknight|8/100\n|\n|-heal|p2a: Corviknight|14/100|[from] item: Leftovers\n|upkeep\n|turn|7\n|\n|t:|1775934622\n|move|p1a: Sableye|Will-O-Wisp|p2a: Corviknight\n|-status|p2a: Corviknight|brn\n|move|p2b: Glimmora|Sludge Bomb|p1a: Sableye\n|-resisted|p1a: Sableye|1\n|-damage|p1a: Sableye|0 fnt\n|faint|p1a: Sableye\n|move|p2a: Corviknight|Roost|p2a: Corviknight\n|-heal|p2a: Corviknight|64/100 brn\n|-singleturn|p2a: Corviknight|move: Roost\n|move|p1b: Floette|Dazzling Gleam|p2a: Corviknight|[spread] p2a,p2b\n|-resisted|p2a: Corviknight|1\n|-resisted|p2b: Glimmora|1\n|-damage|p2a: Corviknight|42/100 brn\n|-damage|p2b: Glimmora|56/100\n|\n|-heal|p2a: Corviknight|48/100 brn|[from] item: Leftovers\n|-damage|p2a: Corviknight|42/100 brn|[from] brn\n|-sideend|p2: Millercs|move: Tailwind\n|upkeep\n|\n|t:|1775934631\n|switch|p1a: Gengar|Gengar, L50, F, shiny|100/100\n|turn|8\n|inactive|Millercs has 30 seconds left.\n|\n|t:|1775934661\n|move|p1a: Gengar|Shadow Ball|p2b: Glimmora\n|-damage|p2b: Glimmora|10/100\n|move|p1b: Floette|Dazzling Gleam|p2a: Corviknight|[spread] p2a,p2b\n|-resisted|p2a: Corviknight|1\n|-resisted|p2b: Glimmora|1\n|-damage|p2a: Corviknight|19/100 brn\n|-damage|p2b: Glimmora|0 fnt\n|faint|p2b: Glimmora\n|move|p2a: Corviknight|Roost|p2a: Corviknight\n|-heal|p2a: Corviknight|69/100 brn\n|-singleturn|p2a: Corviknight|move: Roost\n|\n|-heal|p2a: Corviknight|75/100 brn|[from] item: Leftovers\n|-damage|p2a: Corviknight|69/100 brn|[from] brn\n|upkeep\n|turn|9\n|\n|t:|1775934678\n|move|p1a: Gengar|Shadow Ball|p2a: Corviknight\n|-damage|p2a: Corviknight|40/100 brn\n|move|p1b: Floette|Moonblast|p2a: Corviknight\n|-resisted|p2a: Corviknight|1\n|-damage|p2a: Corviknight|0 fnt\n|faint|p2a: Corviknight\n|\n|win|StrawberryBalloons\n|raw|StrawberryBalloons's rating: 1157 &rarr; <strong>1176</strong><br />(+19 for winning)\n|raw|Millercs's rating: 1070 &rarr; <strong>1055</strong><br />(-15 for losing)\n|l|\u2606Millercs\n|player|p2|\n",
  "uploadtime": 1775934689,
  "views": 11,
  "formatid": "gen9championsvgc2026regma",
  "rating": 1055,
  "private": 0,
  "password": null
}