{
  "id": "gen9championsvgc2026regma-2580313124",
  "format": "[Gen 9 Champions] VGC 2026 Reg M-A",
  "players": [
    "eevee1ynn",
    "GrxmIsTaken"
  ],
  "log": "|j|\u2606eevee1ynn\n|j|\u2606GrxmIsTaken\n|t:|1775879211\n|gametype|doubles\n|player|p1|eevee1ynn|lass-gen8|1000\n|player|p2|GrxmIsTaken|blaine|1082\n|gen|9\n|tier|[Gen 9 Champions] VGC 2026 Reg M-A\n|rated|\n|rule|Species Clause: Limit one of each Pok\u00e9mon\n|rule|Item Clause: Limit 1 of each item\n|clearpoke\n|poke|p1|Samurott-Hisui, L50, F|\n|poke|p1|Arcanine-Hisui, L50, F|\n|poke|p1|Ninetales-Alola, L50, M|\n|poke|p1|Sneasler, L50, F|\n|poke|p1|Gengar, L50, F|\n|poke|p1|Clefable, L50, F|\n|poke|p2|Meganium, L50, F|\n|poke|p2|Archaludon, L50, M|\n|poke|p2|Pelipper, L50, F|\n|poke|p2|Incineroar, L50, M|\n|poke|p2|Dragonite, L50, F|\n|poke|p2|Basculegion, L50, M|\n|teampreview|4\n|inactive|Battle timer is ON: inactive players will automatically lose when time's up. (requested by GrxmIsTaken)\n|inactive|GrxmIsTaken has 60 seconds left.\n|\n|t:|1775879250\n|teamsize|p1|4\n|teamsize|p2|4\n|start\n|switch|p1a: Sneasler|Sneasler, L50, F|100/100\n|switch|p1b: Samurott|Samurott-Hisui, L50, F|100/100\n|switch|p2a: Pelipper|Pelipper, L50, F|100/100\n|switch|p2b: Archaludon|Archaludon, L50, M|100/100\n|-weather|RainDance|[from] ability: Drizzle|[of] p2a: Pelipper\n|turn|1\n|\n|t:|1775879268\n|switch|p1b: Ninetales|Ninetales-Alola, L50, M|100/100\n|-weather|Snowscape|[from] ability: Snow Warning|[of] p1b: Ninetales\n|move|p2b: Archaludon|Protect|p2b: Archaludon\n|-singleturn|p2b: Archaludon|Protect\n|move|p1a: Sneasler|Close Combat|p2b: Archaludon\n|-activate|p2b: Archaludon|move: Protect\n|move|p2a: Pelipper|Tailwind|p2a: Pelipper\n|-sidestart|p2: GrxmIsTaken|move: Tailwind\n|\n|-weather|Snowscape|[upkeep]\n|upkeep\n|turn|2\n|inactive|GrxmIsTaken has 30 seconds left.\n|inactive|eevee1ynn has 30 seconds left.\n|inactive|GrxmIsTaken has 20 seconds left.\n|inactive|GrxmIsTaken has 15 seconds left.\n|inactive|GrxmIsTaken has 10 seconds left.\n|inactive|GrxmIsTaken has 5 seconds left.\n|\n|t:|1775879320\n|switch|p2b: Basculegion|Basculegion, L50, M|100/100\n|switch|p1b: Samurott|Samurott-Hisui, L50, F|100/100\n|move|p2a: Pelipper|Protect|p2a: Pelipper\n|-singleturn|p2a: Pelipper|Protect\n|move|p1a: Sneasler|Close Combat|p2b: Basculegion\n|-immune|p2b: Basculegion\n|\n|-weather|Snowscape|[upkeep]\n|upkeep\n|turn|3\n|\n|t:|1775879334\n|switch|p2a: Meganium|Meganium, L50, F|100/100\n|switch|p1a: Clefable|Clefable, L50, F|100/100\n|move|p2b: Basculegion|Protect|p2b: Basculegion\n|-singleturn|p2b: Basculegion|Protect\n|move|p1b: Samurott|Sucker Punch||[still]\n|-fail|p1b: Samurott\n|\n|-weather|Snowscape|[upkeep]\n|upkeep\n|turn|4\n|\n|t:|1775879354\n|detailschange|p2a: Meganium|Meganium-Mega, L50, F\n|-mega|p2a: Meganium|Meganium|Meganiumite\n|move|p1a: Clefable|Follow Me|p1a: Clefable\n|-singleturn|p1a: Clefable|move: Follow Me\n|move|p2b: Basculegion|Liquidation|p1a: Clefable\n|-damage|p1a: Clefable|59/100\n|move|p2a: Meganium|Giga Drain|p1a: Clefable\n|-damage|p1a: Clefable|16/100\n|-enditem|p1a: Clefable|Sitrus Berry|[eat]\n|-heal|p1a: Clefable|41/100|[from] item: Sitrus Berry\n|move|p1b: Samurott|Ceaseless Edge|p2b: Basculegion|[miss]\n|-miss|p1b: Samurott|p2b: Basculegion\n|\n|-weather|Snowscape|[upkeep]\n|-sideend|p2: GrxmIsTaken|move: Tailwind\n|upkeep\n|turn|5\n|inactive|eevee1ynn has 30 seconds left.\n|\n|t:|1775879392\n|switch|p2b: Archaludon|Archaludon, L50, M|100/100\n|move|p1a: Clefable|Follow Me|p1a: Clefable\n|-singleturn|p1a: Clefable|move: Follow Me\n|move|p1b: Samurott|Sucker Punch||[still]\n|-fail|p1b: Samurott\n|move|p2a: Meganium|Giga Drain|p1a: Clefable\n|-damage|p1a: Clefable|4/100\n|\n|-weather|none\n|upkeep\n|turn|6\n|inactive|GrxmIsTaken has 30 seconds left.\n|\n|t:|1775879418\n|move|p1a: Clefable|Protect|p1a: Clefable\n|-singleturn|p1a: Clefable|Protect\n|move|p1b: Samurott|Sacred Sword|p2b: Archaludon\n|-supereffective|p2b: Archaludon|1\n|-damage|p2b: Archaludon|32/100\n|-ability|p2b: Archaludon|Stamina|boost\n|-boost|p2b: Archaludon|def|1\n|move|p2b: Archaludon|Flash Cannon|p1a: Clefable\n|-activate|p1a: Clefable|move: Protect\n|move|p2a: Meganium|Giga Drain|p1b: Samurott\n|-supereffective|p1b: Samurott|1\n|-damage|p1b: Samurott|0 fnt\n|faint|p1b: Samurott\n|\n|-heal|p2b: Archaludon|38/100|[from] item: Leftovers\n|upkeep\n|\n|t:|1775879428\n|switch|p1b: Sneasler|Sneasler, L50, F|100/100\n|turn|7\n|inactive|eevee1ynn has 30 seconds left.\n|\n|t:|1775879459\n|move|p1b: Sneasler|Dire Claw|p2a: Meganium\n|-supereffective|p2a: Meganium|2\n|-damage|p2a: Meganium|0 fnt\n|faint|p2a: Meganium\n|move|p2b: Archaludon|Dragon Pulse|p1b: Sneasler\n|-damage|p1b: Sneasler|46/100\n|move|p1a: Clefable|Moonblast|p2b: Archaludon\n|-damage|p2b: Archaludon|0 fnt\n|faint|p2b: Archaludon\n|\n|upkeep\n|\n|t:|1775879463\n|switch|p2b: Basculegion|Basculegion, L50, M|100/100\n|switch|p2a: Pelipper|Pelipper, L50, F|100/100\n|-weather|RainDance|[from] ability: Drizzle|[of] p2a: Pelipper\n|turn|8\n|\n|t:|1775879487\n|move|p1a: Clefable|Follow Me|p1a: Clefable\n|-singleturn|p1a: Clefable|move: Follow Me\n|move|p2b: Basculegion|Liquidation|p1a: Clefable\n|-damage|p1a: Clefable|0 fnt\n|faint|p1a: Clefable\n|move|p1b: Sneasler|Close Combat|p2a: Pelipper\n|-resisted|p2a: Pelipper|1\n|-damage|p2a: Pelipper|60/100\n|-unboost|p1b: Sneasler|def|1\n|-unboost|p1b: Sneasler|spd|1\n|-enditem|p1b: Sneasler|White Herb\n|-clearnegativeboost|p1b: Sneasler|[silent]\n|move|p2a: Pelipper|Weather Ball|p1b: Sneasler\n|-damage|p1b: Sneasler|0 fnt\n|faint|p1b: Sneasler\n|\n|-weather|RainDance|[upkeep]\n|upkeep\n|\n|t:|1775879491\n|switch|p1b: Ninetales|Ninetales-Alola, L50, M|100/100\n|-weather|Snowscape|[from] ability: Snow Warning|[of] p1b: Ninetales\n|turn|9\n|\n|t:|1775879502\n|move|p2a: Pelipper|Protect|p2a: Pelipper\n|-singleturn|p2a: Pelipper|Protect\n|move|p1b: Ninetales|Blizzard|p2a: Pelipper|[spread] p2b\n|-activate|p2a: Pelipper|move: Protect\n|-resisted|p2b: Basculegion|1\n|-damage|p2b: Basculegion|84/100\n|move|p2b: Basculegion|Last Respects|p1b: Ninetales\n|-damage|p1b: Ninetales|39/100\n|\n|-weather|Snowscape|[upkeep]\n|upkeep\n|turn|10\n|\n|t:|1775879518\n|move|p1b: Ninetales|Blizzard|p2a: Pelipper|[spread] p2a,p2b\n|-resisted|p2b: Basculegion|1\n|-damage|p2a: Pelipper|9/100\n|-damage|p2b: Basculegion|69/100\n|-status|p2a: Pelipper|frz\n|move|p2b: Basculegion|Last Respects|p1b: Ninetales\n|-damage|p1b: Ninetales|0 fnt\n|faint|p1b: Ninetales\n|\n|win|GrxmIsTaken\n|raw|eevee1ynn's rating: 1000 &rarr; <strong>1000</strong><br />(+0 for losing)\n|raw|GrxmIsTaken's rating: 1082 &rarr; <strong>1103</strong><br />(+21 for winning)\n",
  "uploadtime": 1775879518,
  "views": 16,
  "formatid": "gen9championsvgc2026regma",
  "rating": 1000,
  "private": 0,
  "password": null
}