{
  "id": "gen9championsvgc2026regma-2587705316",
  "format": "[Gen 9 Champions] VGC 2026 Reg M-A",
  "players": [
    "cya north",
    "Randi89"
  ],
  "log": "|j|\u2606cya north\n|j|\u2606Randi89\n|t:|1776555721\n|gametype|doubles\n|player|p1|cya north|nurse|1074\n|player|p2|Randi89|bugcatcher-gen4dp|1090\n|gen|9\n|tier|[Gen 9 Champions] VGC 2026 Reg M-A\n|rated|\n|rule|Species Clause: Limit one of each Pok\u00e9mon\n|rule|Item Clause: Limit 1 of each item\n|clearpoke\n|poke|p1|Golurk, L50|\n|poke|p1|Mr. Rime, L50, F|\n|poke|p1|Ninetales-Alola, L50, M|\n|poke|p1|Corviknight, L50, F|\n|poke|p1|Clefable, L50, M|\n|poke|p1|Milotic, L50, F|\n|poke|p2|Armarouge, L50, F|\n|poke|p2|Steelix, L50, M|\n|poke|p2|Victreebel, L50, F|\n|poke|p2|Hawlucha, L50, M|\n|poke|p2|Manectric, L50, M|\n|poke|p2|Hydreigon, L50, M|\n|teampreview|4\n|\n|t:|1776555737\n|teamsize|p1|4\n|teamsize|p2|4\n|start\n|switch|p1a: Mr. Rime|Mr. Rime, L50, F|100/100\n|switch|p1b: Ninetales|Ninetales-Alola, L50, M|100/100\n|switch|p2a: Edu|Hydreigon, L50, M|100/100\n|switch|p2b: Beto|Manectric, L50, M|100/100\n|-weather|Snowscape|[from] ability: Snow Warning|[of] p1b: Ninetales\n|turn|1\n|\n|t:|1776555778\n|move|p1a: Mr. Rime|Fake Out|p2a: Edu\n|-damage|p2a: Edu|90/100\n|move|p2b: Beto|Snarl|p1a: Mr. Rime|[spread] p1a,p1b\n|-supereffective|p1a: Mr. Rime|1\n|-resisted|p1b: Ninetales|1\n|-damage|p1a: Mr. Rime|78/100\n|-damage|p1b: Ninetales|93/100\n|-unboost|p1a: Mr. Rime|spa|1\n|-unboost|p1b: Ninetales|spa|1\n|move|p1b: Ninetales|Dazzling Gleam|p2a: Edu|[spread] p2a,p2b\n|-supereffective|p2a: Edu|2\n|-enditem|p2a: Edu|Roseli Berry|[eat]\n|-enditem|p2a: Edu|Roseli Berry|[weaken]\n|-damage|p2a: Edu|49/100\n|-damage|p2b: Beto|71/100\n|cant|p2a: Edu|flinch\n|\n|-weather|Snowscape|[upkeep]\n|-heal|p1a: Mr. Rime|83/100|[from] ability: Ice Body\n|upkeep\n|turn|2\n|\n|t:|1776555807\n|move|p2b: Beto|Thunder Wave|p1b: Ninetales\n|-status|p1b: Ninetales|par\n|move|p2a: Edu|Dark Pulse|p1a: Mr. Rime\n|-supereffective|p1a: Mr. Rime|1\n|-damage|p1a: Mr. Rime|3/100\n|move|p1a: Mr. Rime|Haze|p1a: Mr. Rime\n|-clearallboost\n|move|p1b: Ninetales|Aurora Veil|p1b: Ninetales\n|-sidestart|p1: cya north|move: Aurora Veil\n|\n|-weather|Snowscape|[upkeep]\n|-heal|p1a: Mr. Rime|9/100|[from] ability: Ice Body\n|upkeep\n|turn|3\n|\n|t:|1776555828\n|switch|p1b: Golurk|Golurk, L50|100/100\n|move|p2b: Beto|Snarl|p1b: Golurk|[spread] p1a,p1b\n|-supereffective|p1a: Mr. Rime|1\n|-supereffective|p1b: Golurk|1\n|-damage|p1a: Mr. Rime|0 fnt\n|-damage|p1b: Golurk|82/100\n|-unboost|p1b: Golurk|spa|1\n|faint|p1a: Mr. Rime\n|move|p2a: Edu|Tailwind|p2a: Edu\n|-sidestart|p2: Randi89|move: Tailwind\n|\n|-weather|Snowscape|[upkeep]\n|upkeep\n|\n|t:|1776555839\n|switch|p1a: Clefable|Clefable, L50, M|100/100\n|turn|4\n|\n|t:|1776555866\n|detailschange|p1a: Clefable|Clefable-Mega, L50, M\n|-mega|p1a: Clefable|Clefable|Clefablite\n|move|p2b: Beto|Snarl|p1a: Clefable|[spread] p1a,p1b\n|-resisted|p1a: Clefable|1\n|-supereffective|p1b: Golurk|1\n|-damage|p1a: Clefable|98/100\n|-damage|p1b: Golurk|65/100\n|-unboost|p1a: Clefable|spa|1\n|-unboost|p1b: Golurk|spa|1\n|move|p2a: Edu|Dark Pulse|p1b: Golurk\n|-supereffective|p1b: Golurk|1\n|-damage|p1b: Golurk|3/100\n|move|p1a: Clefable|Moonblast|p2a: Edu\n|-supereffective|p2a: Edu|2\n|-damage|p2a: Edu|0 fnt\n|faint|p2a: Edu\n|move|p1b: Golurk|High Horsepower|p2b: Beto\n|-supereffective|p2b: Beto|1\n|-damage|p2b: Beto|0 fnt\n|faint|p2b: Beto\n|\n|-weather|Snowscape|[upkeep]\n|upkeep\n|\n|t:|1776555897\n|switch|p2b: Manu|Hawlucha, L50, M|100/100\n|switch|p2a: Cris|Armarouge, L50, F|100/100\n|turn|5\n|\n|t:|1776555936\n|move|p2b: Manu|Fly||[still]\n|-prepare|p2b: Manu|Fly\n|move|p2a: Cris|Expanding Force|p1b: Golurk\n|-damage|p1b: Golurk|0 fnt\n|faint|p1b: Golurk\n|move|p1a: Clefable|Moonblast|p2b: Manu|[miss]\n|-miss|p1a: Clefable|p2b: Manu\n|\n|-weather|none\n|upkeep\n|\n|t:|1776555944\n|switch|p1b: Ninetales|Ninetales-Alola, L50, M|93/100 par\n|-weather|Snowscape|[from] ability: Snow Warning|[of] p1b: Ninetales\n|turn|6\n|\n|t:|1776555972\n|move|p1a: Clefable|Follow Me|p1a: Clefable\n|-singleturn|p1a: Clefable|move: Follow Me\n|move|p2b: Manu|Fly|p1a: Clefable|[from] lockedmove\n|-damage|p1a: Clefable|76/100\n|move|p2a: Cris|Armor Cannon|p1a: Clefable\n|-damage|p1a: Clefable|41/100\n|-unboost|p2a: Cris|def|1\n|-unboost|p2a: Cris|spd|1\n|cant|p1b: Ninetales|par\n|\n|-weather|Snowscape|[upkeep]\n|-sideend|p2: Randi89|move: Tailwind\n|-sideend|p1: cya north|move: Aurora Veil\n|upkeep\n|turn|7\n|\n|t:|1776555993\n|move|p1a: Clefable|Follow Me|p1a: Clefable\n|-singleturn|p1a: Clefable|move: Follow Me\n|move|p2b: Manu|Fly||[still]\n|-prepare|p2b: Manu|Fly\n|move|p2a: Cris|Armor Cannon|p1a: Clefable\n|-damage|p1a: Clefable|0 fnt\n|-unboost|p2a: Cris|def|1\n|-unboost|p2a: Cris|spd|1\n|faint|p1a: Clefable\n|move|p1b: Ninetales|Blizzard|p2a: Cris|[spread] p2a\n|-miss|p1b: Ninetales|p2b: Manu\n|-resisted|p2a: Cris|1\n|-damage|p2a: Cris|64/100\n|\n|-weather|Snowscape|[upkeep]\n|upkeep\n|turn|8\n|\n|t:|1776556012\n|move|p2b: Manu|Fly|p1b: Ninetales|[from] lockedmove\n|-damage|p1b: Ninetales|56/100 par\n|move|p2a: Cris|Armor Cannon|p1b: Ninetales\n|-supereffective|p1b: Ninetales|1\n|-damage|p1b: Ninetales|0 fnt\n|-unboost|p2a: Cris|def|1\n|-unboost|p2a: Cris|spd|1\n|faint|p1b: Ninetales\n|\n|win|Randi89\n|raw|cya north's rating: 1074 &rarr; <strong>1054</strong><br />(-20 for losing)\n|raw|Randi89's rating: 1090 &rarr; <strong>1115</strong><br />(+25 for winning)\n|l|\u2606cya north\n|player|p1|\n",
  "uploadtime": 1776556028,
  "views": 14,
  "formatid": "gen9championsvgc2026regma",
  "rating": 1054,
  "private": 0,
  "password": null
}