{
  "id": "gen9championsvgc2026regma-2586433863",
  "format": "[Gen 9 Champions] VGC 2026 Reg M-A",
  "players": [
    "rasb",
    "PKsHEXi"
  ],
  "log": "|j|\u2606rasb\n|j|\u2606PKsHEXi\n|t:|1776434401\n|gametype|doubles\n|player|p1|rasb|170|1239\n|player|p2|PKsHEXi|n|1199\n|gen|9\n|tier|[Gen 9 Champions] VGC 2026 Reg M-A\n|rated|\n|rule|Species Clause: Limit one of each Pok\u00e9mon\n|rule|Item Clause: Limit 1 of each item\n|clearpoke\n|poke|p1|Floette-Eternal, L50, F|\n|poke|p1|Aerodactyl, L50, F|\n|poke|p1|Incineroar, L50, M|\n|poke|p1|Garchomp, L50, F|\n|poke|p1|Charizard, L50, M|\n|poke|p1|Venusaur, L50, M|\n|poke|p2|Farigiraf, L50, M|\n|poke|p2|Chandelure, L50, F|\n|poke|p2|Incineroar, L50, M|\n|poke|p2|Sylveon, L50, F|\n|poke|p2|Torkoal, L50, M|\n|poke|p2|Kangaskhan, L50, F|\n|teampreview|4\n|inactive|Battle timer is ON: inactive players will automatically lose when time's up. (requested by rasb)\nrasb has agreed to open team sheets.\n|inactive|rasb has 60 seconds left.\n|\n|t:|1776434439\n|teamsize|p1|4\n|teamsize|p2|4\n|start\n|switch|p1a: Incineroar|Incineroar, L50, M|100/100\n|switch|p1b: Venusaur|Venusaur, L50, M|100/100\n|switch|p2a: Incineroar|Incineroar, L50, M|100/100\n|switch|p2b: Chandelure|Chandelure, L50, F|100/100\n|-ability|p1a: Incineroar|Intimidate|boost\n|-unboost|p2a: Incineroar|atk|1\n|-unboost|p2b: Chandelure|atk|1\n|-ability|p2a: Incineroar|Intimidate|boost\n|-unboost|p1a: Incineroar|atk|1\n|-unboost|p1b: Venusaur|atk|1\n|turn|1\n|inactive|PKsHEXi has 30 seconds left.\n|\n|t:|1776434472\n|switch|p1b: Aerodactyl|Aerodactyl, L50, F|100/100\n|-ability|p1b: Aerodactyl|Unnerve\n|detailschange|p2b: Chandelure|Chandelure-Mega, L50, F\n|-mega|p2b: Chandelure|Chandelure|Chandelurite\n|move|p1a: Incineroar|Fake Out|p2a: Incineroar\n|-damage|p2a: Incineroar|93/100\n|cant|p2a: Incineroar|flinch\n|move|p2b: Chandelure|Trick Room|p2b: Chandelure\n|-fieldstart|move: Trick Room|[of] p2b: Chandelure\n|\n|upkeep\n|turn|2\n|inactive|PKsHEXi has 30 seconds left.\n|\n|t:|1776434498\n|move|p2b: Chandelure|Protect|p2b: Chandelure\n|-singleturn|p2b: Chandelure|Protect\n|move|p2a: Incineroar|Parting Shot|p1a: Incineroar\n|-unboost|p1a: Incineroar|atk|1\n|-unboost|p1a: Incineroar|spa|1\n|\n|t:|1776434508\n|switch|p2a: Sylveon|Sylveon, L50, F|100/100|[from] Parting Shot\n|move|p1a: Incineroar|Throat Chop|p2b: Chandelure\n|-activate|p2b: Chandelure|move: Protect\n|move|p1b: Aerodactyl|Rock Slide|p2a: Sylveon|[spread] p2a\n|-activate|p2b: Chandelure|move: Protect\n|-damage|p2a: Sylveon|69/100\n|\n|upkeep\n|turn|3\n|\n|t:|1776434528\n|move|p2a: Sylveon|Hyper Voice|p1b: Aerodactyl|[spread] p1a,p1b\n|-damage|p1a: Incineroar|51/100\n|-damage|p1b: Aerodactyl|32/100\n|move|p1a: Incineroar|Parting Shot|p2a: Sylveon\n|-unboost|p2a: Sylveon|atk|1\n|-unboost|p2a: Sylveon|spa|1\n|\n|t:|1776434536\n|switch|p1a: Venusaur|Venusaur, L50, M|100/100|[from] Parting Shot\n|move|p2b: Chandelure|Heat Wave|p1a: Venusaur|[spread] p1a,p1b\n|-supereffective|p1a: Venusaur|1\n|-resisted|p1b: Aerodactyl|1\n|-enditem|p1a: Venusaur|Focus Sash\n|-damage|p1a: Venusaur|1/100\n|-damage|p1b: Aerodactyl|0 fnt\n|faint|p1b: Aerodactyl\n|\n|upkeep\n|\n|t:|1776434547\n|switch|p1b: Incineroar|Incineroar, L50, M|51/100\n|-ability|p1b: Incineroar|Intimidate|boost\n|-unboost|p2a: Sylveon|atk|1\n|-unboost|p2b: Chandelure|atk|1\n|turn|4\n|inactive|rasb has 30 seconds left.\n|\n|t:|1776434573\n|switch|p2a: Torkoal|Torkoal, L50, M|100/100\n|-weather|SunnyDay|[from] ability: Drought|[of] p2a: Torkoal\n|switch|p1a: Garchomp|Garchomp, L50, F|100/100\n|move|p1b: Incineroar|Fake Out|p2a: Torkoal\n|-damage|p2a: Torkoal|91/100\n|move|p2b: Chandelure|Heat Wave|p1a: Garchomp|[spread] p1a,p1b\n|-resisted|p1a: Garchomp|1\n|-resisted|p1b: Incineroar|1\n|-crit|p1b: Incineroar\n|-damage|p1a: Garchomp|64/100\n|-damage|p1b: Incineroar|0 fnt\n|faint|p1b: Incineroar\n|\n|-weather|SunnyDay|[upkeep]\n|upkeep\n|\n|t:|1776434577\n|switch|p1b: Venusaur|Venusaur, L50, M|1/100\n|turn|5\n|\n|t:|1776434600\n|switch|p2a: Incineroar|Incineroar, L50, M|93/100\n|-ability|p2a: Incineroar|Intimidate|boost\n|-unboost|p1a: Garchomp|atk|1\n|-unboost|p1b: Venusaur|atk|1\n|move|p2b: Chandelure|Heat Wave|p1a: Garchomp|[spread] p1a,p1b\n|-resisted|p1a: Garchomp|1\n|-supereffective|p1b: Venusaur|1\n|-damage|p1a: Garchomp|25/100\n|-damage|p1b: Venusaur|0 fnt\n|-status|p1a: Garchomp|brn\n|faint|p1b: Venusaur\n|move|p1a: Garchomp|Rock Slide|p2a: Incineroar|[spread] p2a,p2b\n|-supereffective|p2a: Incineroar|1\n|-supereffective|p2b: Chandelure|1\n|-damage|p2a: Incineroar|79/100\n|-damage|p2b: Chandelure|87/100\n|\n|-weather|SunnyDay|[upkeep]\n|-damage|p1a: Garchomp|19/100 brn|[from] brn\n|-fieldend|move: Trick Room\n|upkeep\n|turn|6\n|\n|t:|1776434610\n|move|p2a: Incineroar|Fake Out|p1a: Garchomp\n|-damage|p1a: Garchomp|7/100 brn\n|-damage|p2a: Incineroar|67/100|[from] ability: Rough Skin|[of] p1a: Garchomp\n|cant|p1a: Garchomp|flinch\n|move|p2b: Chandelure|Trick Room|p2b: Chandelure\n|-fieldstart|move: Trick Room|[of] p2b: Chandelure\n|\n|-weather|SunnyDay|[upkeep]\n|-damage|p1a: Garchomp|1/100 brn|[from] brn\n|upkeep\n|turn|7\n|\n|t:|1776434617\n|move|p2a: Incineroar|Parting Shot|p1a: Garchomp\n|-unboost|p1a: Garchomp|atk|1\n|-unboost|p1a: Garchomp|spa|1\n|\n|t:|1776434621\n|switch|p2a: Sylveon|Sylveon, L50, F|69/100|[from] Parting Shot\n|move|p2b: Chandelure|Shadow Ball|p1a: Garchomp\n|-damage|p1a: Garchomp|0 fnt\n|faint|p1a: Garchomp\n|\n|win|PKsHEXi\n|raw|rasb's rating: 1239 &rarr; <strong>1211</strong><br />(-28 for losing)\n|raw|PKsHEXi's rating: 1199 &rarr; <strong>1227</strong><br />(+28 for winning)\n",
  "uploadtime": 1776434621,
  "views": 44,
  "formatid": "gen9championsvgc2026regma",
  "rating": 1211,
  "private": 0,
  "password": null
}