{
  "id": "gen9championsvgc2026regma-2588586174",
  "format": "[Gen 9 Champions] VGC 2026 Reg M-A",
  "players": [
    "curryismygoat",
    "lun4rspace"
  ],
  "log": "|j|\u2606curryismygoat\n|j|\u2606lun4rspace\n|t:|1776647548\n|gametype|doubles\n|player|p1|curryismygoat|1|1104\n|player|p2|lun4rspace|266|1144\n|gen|9\n|tier|[Gen 9 Champions] VGC 2026 Reg M-A\n|rated|\n|rule|Species Clause: Limit one of each Pok\u00e9mon\n|rule|Item Clause: Limit 1 of each item\n|clearpoke\n|poke|p1|Froslass, L50, F|\n|poke|p1|Aerodactyl, L50, F|\n|poke|p1|Kingambit, L50, F|\n|poke|p1|Sneasler, L50, M|\n|poke|p1|Rotom-Wash, L50|\n|poke|p1|Garchomp, L50, M|\n|poke|p2|Aerodactyl, L50, M|\n|poke|p2|Basculegion, L50, M|\n|poke|p2|Kommo-o, L50, M|\n|poke|p2|Scizor, L50, F|\n|poke|p2|Scovillain, L50, M|\n|poke|p2|Sneasler, L50, F|\n|teampreview|4\n|\n|t:|1776647590\n|teamsize|p1|4\n|teamsize|p2|4\n|start\n|switch|p1a: Aerodactyl|Aerodactyl, L50, F|100/100\n|switch|p1b: Garchomp|Garchomp, L50, M|100/100\n|switch|p2a: Scovillain|Scovillain, L50, M|100/100\n|switch|p2b: Sneasler|Sneasler, L50, F|100/100\n|-ability|p1a: Aerodactyl|Unnerve\n|turn|1\n|\n|t:|1776647620\n|detailschange|p2a: Scovillain|Scovillain-Mega, L50, M\n|-mega|p2a: Scovillain|Scovillain|Scovillainite\n|move|p1a: Aerodactyl|Protect|p1a: Aerodactyl\n|-singleturn|p1a: Aerodactyl|Protect\n|move|p2a: Scovillain|Rage Powder|p2a: Scovillain\n|-singleturn|p2a: Scovillain|move: Rage Powder\n|move|p2b: Sneasler|Close Combat|p1b: Garchomp\n|-damage|p1b: Garchomp|42/100\n|-unboost|p2b: Sneasler|def|1\n|-unboost|p2b: Sneasler|spd|1\n|-damage|p2b: Sneasler|88/100|[from] ability: Rough Skin|[of] p1b: Garchomp\n|-enditem|p2b: Sneasler|White Herb\n|-clearnegativeboost|p2b: Sneasler|[silent]\n|move|p1b: Garchomp|Earthquake|p2b: Sneasler|[spread] p2a,p2b\n|-activate|p1a: Aerodactyl|move: Protect\n|-supereffective|p2b: Sneasler|1\n|-damage|p2a: Scovillain|67/100\n|-damage|p2b: Sneasler|0 fnt\n|-status|p1b: Garchomp|brn|[from] ability: Spicy Spray|[of] p2a: Scovillain\n|-enditem|p1b: Garchomp|Lum Berry|[eat]\n|-curestatus|p1b: Garchomp|brn|[msg]\n|faint|p2b: Sneasler\n|\n|upkeep\n|\n|t:|1776647640\n|switch|p2b: Kommo-o|Kommo-o, L50, M|100/100\n|turn|2\n|\n|t:|1776647662\n|move|p2a: Scovillain|Rage Powder|p2a: Scovillain\n|-singleturn|p2a: Scovillain|move: Rage Powder\n|move|p1a: Aerodactyl|Rock Slide|p2b: Kommo-o|[spread] p2a,p2b\n|-supereffective|p2a: Scovillain|1\n|-resisted|p2b: Kommo-o|1\n|-damage|p2a: Scovillain|31/100\n|-damage|p2b: Kommo-o|91/100\n|-status|p1a: Aerodactyl|brn|[from] ability: Spicy Spray|[of] p2a: Scovillain\n|move|p1b: Garchomp|Dragon Claw|p2a: Scovillain\n|-damage|p2a: Scovillain|0 fnt\n|-status|p1b: Garchomp|brn|[from] ability: Spicy Spray|[of] p2a: Scovillain\n|faint|p2a: Scovillain\n|move|p2b: Kommo-o|Clangorous Soul|p2b: Kommo-o\n|-boost|p2b: Kommo-o|atk|1\n|-boost|p2b: Kommo-o|def|1\n|-boost|p2b: Kommo-o|spa|1\n|-boost|p2b: Kommo-o|spd|1\n|-boost|p2b: Kommo-o|spe|1\n|-damage|p2b: Kommo-o|58/100\n|\n|-heal|p2b: Kommo-o|64/100|[from] item: Leftovers\n|-damage|p1a: Aerodactyl|95/100 brn|[from] brn\n|-damage|p1b: Garchomp|36/100 brn|[from] brn\n|upkeep\n|\n|t:|1776647680\n|switch|p2a: Basculegion|Basculegion, L50, M|100/100\n|turn|3\n|\n|t:|1776647691\n|move|p2b: Kommo-o|Clanging Scales|p1a: Aerodactyl|[spread] p1a,p1b\n|-crit|p1a: Aerodactyl\n|-supereffective|p1b: Garchomp|1\n|-damage|p1a: Aerodactyl|6/100 brn\n|-damage|p1b: Garchomp|0 fnt\n|faint|p1b: Garchomp\n|-unboost|p2b: Kommo-o|def|1\n|move|p1a: Aerodactyl|Dual Wingbeat|p2b: Kommo-o\n|-supereffective|p2b: Kommo-o|1\n|-damage|p2b: Kommo-o|49/100\n|-supereffective|p2b: Kommo-o|1\n|-damage|p2b: Kommo-o|33/100\n|-hitcount|p2b: Kommo-o|2\n|move|p2a: Basculegion|Last Respects|p1a: Aerodactyl\n|-damage|p1a: Aerodactyl|0 fnt\n|faint|p1a: Aerodactyl\n|\n|-heal|p2b: Kommo-o|39/100|[from] item: Leftovers\n|upkeep\n|\n|t:|1776647706\n|switch|p1a: Froslass|Froslass, L50, F|100/100\n|switch|p1b: Sneasler|Sneasler, L50, M|100/100\n|turn|4\n|\n|t:|1776647734\n|detailschange|p1a: Froslass|Froslass-Mega, L50, F\n|-mega|p1a: Froslass|Froslass|Froslassite\n|-weather|Snowscape|[from] ability: Snow Warning|[of] p1a: Froslass\n|move|p1b: Sneasler|Fake Out|p2b: Kommo-o\n|-damage|p2b: Kommo-o|25/100\n|cant|p2b: Kommo-o|flinch\n|move|p1a: Froslass|Shadow Ball|p2a: Basculegion\n|-supereffective|p2a: Basculegion|1\n|-damage|p2a: Basculegion|12/100\n|-enditem|p2a: Basculegion|Sitrus Berry|[eat]\n|-heal|p2a: Basculegion|37/100|[from] item: Sitrus Berry\n|move|p2a: Basculegion|Last Respects|p1a: Froslass\n|-supereffective|p1a: Froslass|1\n|-damage|p1a: Froslass|0 fnt\n|faint|p1a: Froslass\n|\n|-weather|Snowscape|[upkeep]\n|-heal|p2b: Kommo-o|31/100|[from] item: Leftovers\n|upkeep\n|turn|5\n|\n|t:|1776647756\n|move|p2a: Basculegion|Aqua Jet|p1b: Sneasler\n|-damage|p1b: Sneasler|53/100\n|move|p2b: Kommo-o|Clanging Scales|p1b: Sneasler\n|-damage|p1b: Sneasler|0 fnt\n|faint|p1b: Sneasler\n|\n|win|lun4rspace\n|raw|curryismygoat's rating: 1104 &rarr; <strong>1082</strong><br />(-22 for losing)\n|raw|lun4rspace's rating: 1144 &rarr; <strong>1166</strong><br />(+22 for winning)\n",
  "uploadtime": 1776647756,
  "views": 10,
  "formatid": "gen9championsvgc2026regma",
  "rating": 1082,
  "private": 0,
  "password": null
}