{
  "id": "gen9championsvgc2026regma-2583943517",
  "format": "[Gen 9 Champions] VGC 2026 Reg M-A",
  "players": [
    "nusocs-m",
    "Dirt_W0man"
  ],
  "log": "|j|\u2606nusocs-m\n|j|\u2606Dirt_W0man\n|t:|1776210451\n|gametype|doubles\n|player|p1|nusocs-m|unknown|1132\n|player|p2|Dirt_W0man|lady|1194\n|gen|9\n|tier|[Gen 9 Champions] VGC 2026 Reg M-A\n|rated|\n|rule|Species Clause: Limit one of each Pok\u00e9mon\n|rule|Item Clause: Limit 1 of each item\n|clearpoke\n|poke|p1|Tyranitar, L50, M|\n|poke|p1|Aerodactyl, L50, M|\n|poke|p1|Garchomp, L50, F|\n|poke|p1|Glimmora, L50, F|\n|poke|p1|Incineroar, L50, F|\n|poke|p1|Gyarados, L50, M|\n|poke|p2|Gengar, L50, F|\n|poke|p2|Incineroar, L50, M|\n|poke|p2|Sinistcha, L50|\n|poke|p2|Sneasler, L50, F|\n|poke|p2|Tyranitar, L50, F|\n|poke|p2|Excadrill, L50, M|\n|teampreview|4\n|inactive|Battle timer is ON: inactive players will automatically lose when time's up. (requested by Dirt_W0man)\n|\n|t:|1776210511\n|teamsize|p1|4\n|teamsize|p2|4\n|start\n|switch|p1a: Aerodactyl|Aerodactyl, L50, M|100/100\n|switch|p1b: Garchomp|Garchomp, L50, F|100/100\n|switch|p2a: Gengar|Gengar, L50, F, shiny|100/100\n|switch|p2b: Sinistcha|Sinistcha, L50, shiny|100/100\n|-ability|p1a: Aerodactyl|Unnerve\n|turn|1\n|inactive|Dirt_W0man has 30 seconds left.\n|\n|t:|1776210540\n|detailschange|p2a: Gengar|Gengar-Mega, L50, F, shiny\n|-mega|p2a: Gengar|Gengar|Gengarite\n|move|p1a: Aerodactyl|Tailwind|p1a: Aerodactyl\n|-sidestart|p1: nusocs-m|move: Tailwind\n|move|p1b: Garchomp|Earthquake|p2b: Sinistcha|[spread] p2a,p2b\n|-immune|p1a: Aerodactyl\n|-supereffective|p2a: Gengar|1\n|-resisted|p2b: Sinistcha|1\n|-damage|p2a: Gengar|0 fnt\n|-damage|p2b: Sinistcha|83/100\n|faint|p2a: Gengar\n|move|p2b: Sinistcha|Strength Sap|p1b: Garchomp\n|-unboost|p1b: Garchomp|atk|1\n|-heal|p2b: Sinistcha|100/100\n|\n|upkeep\n|\n|t:|1776210559\n|switch|p2a: Tyranitar|Tyranitar, L50, F, shiny|100/100\n|-weather|Sandstorm|[from] ability: Sand Stream|[of] p2a: Tyranitar\n|turn|2\n|\n|t:|1776210577\n|move|p1a: Aerodactyl|Dual Wingbeat|p2b: Sinistcha\n|-supereffective|p2b: Sinistcha|1\n|-damage|p2b: Sinistcha|67/100\n|-supereffective|p2b: Sinistcha|1\n|-damage|p2b: Sinistcha|32/100\n|-hitcount|p2b: Sinistcha|2\n|move|p1b: Garchomp|Earthquake|p2b: Sinistcha|[spread] p2a,p2b\n|-immune|p1a: Aerodactyl\n|-supereffective|p2a: Tyranitar|1\n|-resisted|p2b: Sinistcha|1\n|-damage|p2a: Tyranitar|66/100\n|-damage|p2b: Sinistcha|21/100\n|move|p2b: Sinistcha|Matcha Gotcha|p1a: Aerodactyl|[spread] p1a,p1b\n|-damage|p1a: Aerodactyl|78/100\n|-heal|p2b: Sinistcha|31/100|[from] drain|[of] p1a: Aerodactyl\n|-damage|p1b: Garchomp|71/100\n|-heal|p2b: Sinistcha|46/100|[from] drain|[of] p1b: Garchomp\n|move|p2a: Tyranitar|Crunch|p1b: Garchomp\n|-damage|p1b: Garchomp|30/100\n|-damage|p2a: Tyranitar|53/100|[from] ability: Rough Skin|[of] p1b: Garchomp\n|-enditem|p1b: Garchomp|Sitrus Berry|[eat]\n|-heal|p1b: Garchomp|55/100|[from] item: Sitrus Berry\n|\n|-weather|Sandstorm|[upkeep]\n|-damage|p2b: Sinistcha|40/100|[from] Sandstorm\n|-heal|p2b: Sinistcha|46/100|[from] item: Leftovers\n|upkeep\n|turn|3\n|inactive|Dirt_W0man has 30 seconds left.\n|inactive|Dirt_W0man has 20 seconds left.\n|inactive|Dirt_W0man has 15 seconds left.\n|inactive|Dirt_W0man has 10 seconds left.\n|inactive|Dirt_W0man has 5 seconds left.\n|\n|t:|1776210627\n|switch|p1b: Incineroar|Incineroar, L50, F|100/100\n|-ability|p1b: Incineroar|Intimidate|boost\n|-unboost|p2a: Tyranitar|atk|1\n|-unboost|p2b: Sinistcha|atk|1\n|move|p1a: Aerodactyl|Dual Wingbeat|p2b: Sinistcha\n|-supereffective|p2b: Sinistcha|1\n|-damage|p2b: Sinistcha|16/100\n|-supereffective|p2b: Sinistcha|1\n|-damage|p2b: Sinistcha|0 fnt\n|faint|p2b: Sinistcha\n|-hitcount|p2: Sinistcha|2\n|move|p2a: Tyranitar|Rock Slide|p1b: Incineroar|[spread] p1b\n|-miss|p2a: Tyranitar|p1a: Aerodactyl\n|-supereffective|p1b: Incineroar|1\n|-damage|p1b: Incineroar|67/100\n|\n|-weather|Sandstorm|[upkeep]\n|-damage|p1b: Incineroar|61/100|[from] Sandstorm\n|upkeep\n|\n|t:|1776210643\n|switch|p2b: Excadrill|Excadrill, L50, M|100/100\n|turn|4\n|\n|t:|1776210664\n|switch|p1a: Garchomp|Garchomp, L50, F|55/100\n|move|p2a: Tyranitar|Protect|p2a: Tyranitar\n|-singleturn|p2a: Tyranitar|Protect\n|move|p1b: Incineroar|Fake Out|p2b: Excadrill\n|-resisted|p2b: Excadrill|1\n|-damage|p2b: Excadrill|93/100\n|cant|p2b: Excadrill|flinch\n|\n|-weather|Sandstorm|[upkeep]\n|-damage|p1b: Incineroar|55/100|[from] Sandstorm\n|-sideend|p1: nusocs-m|move: Tailwind\n|upkeep\n|turn|5\n|\n|t:|1776210689\n|move|p1b: Incineroar|Protect|p1b: Incineroar\n|-singleturn|p1b: Incineroar|Protect\n|move|p2b: Excadrill|High Horsepower|p1a: Garchomp\n|-damage|p1a: Garchomp|0 fnt\n|-damage|p2b: Excadrill|81/100|[from] ability: Rough Skin|[of] p1a: Garchomp\n|faint|p1a: Garchomp\n|move|p2a: Tyranitar|Rock Slide|p1b: Incineroar\n|-activate|p1b: Incineroar|move: Protect\n|\n|-weather|Sandstorm|[upkeep]\n|-damage|p1b: Incineroar|49/100|[from] Sandstorm\n|upkeep\n|\n|t:|1776210701\n|switch|p1a: Aerodactyl|Aerodactyl, L50, M|78/100\n|-ability|p1a: Aerodactyl|Unnerve\n|turn|6\n|\n|t:|1776210726\n|move|p2b: Excadrill|High Horsepower|p1b: Incineroar\n|-supereffective|p1b: Incineroar|1\n|-damage|p1b: Incineroar|0 fnt\n|faint|p1b: Incineroar\n|move|p1a: Aerodactyl|Rock Slide|p2b: Excadrill|[spread] p2a,p2b\n|-resisted|p2b: Excadrill|2\n|-damage|p2a: Tyranitar|35/100\n|-damage|p2b: Excadrill|72/100\n|move|p2a: Tyranitar|Rock Slide|p1a: Aerodactyl\n|-supereffective|p1a: Aerodactyl|1\n|-damage|p1a: Aerodactyl|0 fnt\n|faint|p1a: Aerodactyl\n|\n|-weather|none\n|upkeep\n|\n|t:|1776210731\n|switch|p1b: Glimmora|Glimmora, L50, F|100/100\n|turn|7\n|inactive|Dirt_W0man has 30 seconds left.\n|\n|t:|1776210759\n|detailschange|p1b: Glimmora|Glimmora-Mega, L50, F\n|-mega|p1b: Glimmora|Glimmora|Glimmoranite\n|move|p1b: Glimmora|Spiky Shield|p1b: Glimmora\n|-singleturn|p1b: Glimmora|move: Protect\n|move|p2b: Excadrill|Earthquake|p1b: Glimmora|[spread] p2a\n|-activate|p1b: Glimmora|move: Protect\n|-supereffective|p2a: Tyranitar|1\n|-damage|p2a: Tyranitar|0 fnt\n|faint|p2a: Tyranitar\n|\n|upkeep\n|turn|8\n|\n|t:|1776210770\n|move|p1b: Glimmora|Earth Power|p2b: Excadrill\n|-supereffective|p2b: Excadrill|1\n|-damage|p2b: Excadrill|0 fnt\n|faint|p2b: Excadrill\n|\n|win|nusocs-m\n|raw|nusocs-m's rating: 1132 &rarr; <strong>1161</strong><br />(+29 for winning)\n|raw|Dirt_W0man's rating: 1194 &rarr; <strong>1165</strong><br />(-29 for losing)\n",
  "uploadtime": 1776210775,
  "views": 15,
  "formatid": "gen9championsvgc2026regma",
  "rating": 1161,
  "private": 0,
  "password": null
}