{
  "id": "gen9championsvgc2026regma-2584911373",
  "format": "[Gen 9 Champions] VGC 2026 Reg M-A",
  "players": [
    "MvillMpersonality",
    "Jorgesv345"
  ],
  "log": "|j|\u2606MvillMpersonality\n|j|\u2606Jorgesv345\n|t:|1776293795\n|gametype|doubles\n|player|p1|MvillMpersonality|pokemaniac|1288\n|player|p2|Jorgesv345|pokekid|1234\n|gen|9\n|tier|[Gen 9 Champions] VGC 2026 Reg M-A\n|rated|\n|rule|Species Clause: Limit one of each Pok\u00e9mon\n|rule|Item Clause: Limit 1 of each item\n|clearpoke\n|poke|p1|Scovillain, L50, M|\n|poke|p1|Sinistcha, L50|\n|poke|p1|Gallade, L50, M|\n|poke|p1|Kingambit, L50, F|\n|poke|p1|Rhyperior, L50, M|\n|poke|p1|Primarina, L50, F|\n|poke|p2|Pinsir, L50, M|\n|poke|p2|Kingambit, L50, M|\n|poke|p2|Basculegion, L50, M|\n|poke|p2|Garchomp, L50, M|\n|poke|p2|Rotom-Heat, L50|\n|poke|p2|Sneasler, L50, F|\n|teampreview|4\n|inactive|Battle timer is ON: inactive players will automatically lose when time's up. (requested by Jorgesv345)\nJorgesv345 rejected open team sheets.\n|inactive|MvillMpersonality has 60 seconds left.\n|\n|t:|1776293843\n|teamsize|p1|4\n|teamsize|p2|4\n|start\n|switch|p1a: Scovillain|Scovillain, L50, M|100/100\n|switch|p1b: Sinistcha|Sinistcha, L50|100/100\n|switch|p2a: Pinsir|Pinsir, L50, M|100/100\n|switch|p2b: Basculegion|Basculegion, L50, M|100/100\n|turn|1\n|inactive|Jorgesv345 has 30 seconds left.\n|\n|t:|1776293875\n|detailschange|p2a: Pinsir|Pinsir-Mega, L50, M\n|-mega|p2a: Pinsir|Pinsir|Pinsirite\n|detailschange|p1a: Scovillain|Scovillain-Mega, L50, M\n|-mega|p1a: Scovillain|Scovillain|Scovillainite\n|move|p1a: Scovillain|Rage Powder|p1a: Scovillain\n|-singleturn|p1a: Scovillain|move: Rage Powder\n|move|p2b: Basculegion|Flip Turn|p1a: Scovillain\n|-damage|p1a: Scovillain|62/100\n|-status|p2b: Basculegion|brn|[from] ability: Spicy Spray|[of] p1a: Scovillain\n|\n|t:|1776293885\n|switch|p2b: Rotom|Rotom-Heat, L50|100/100|[from] Flip Turn\n|move|p2a: Pinsir|Body Slam|p1a: Scovillain\n|-supereffective|p1a: Scovillain|1\n|-damage|p1a: Scovillain|0 fnt\n|-status|p2a: Pinsir|brn|[from] ability: Spicy Spray|[of] p1a: Scovillain\n|faint|p1a: Scovillain\n|move|p1b: Sinistcha|Trick Room|p1b: Sinistcha\n|-fieldstart|move: Trick Room|[of] p1b: Sinistcha\n|\n|-damage|p2a: Pinsir|95/100 brn|[from] brn\n|upkeep\n|\n|t:|1776293898\n|switch|p1a: Rhyperior|Rhyperior, L50, M|100/100\n|turn|2\n|\n|t:|1776293918\n|switch|p2a: Sneasler|Sneasler, L50, F|100/100\n|move|p2b: Rotom|Protect|p2b: Rotom\n|-singleturn|p2b: Rotom|Protect\n|move|p1a: Rhyperior|Swords Dance|p1a: Rhyperior\n|-boost|p1a: Rhyperior|atk|2\n|move|p1b: Sinistcha|Nasty Plot|p1b: Sinistcha\n|-boost|p1b: Sinistcha|spa|2\n|\n|upkeep\n|turn|3\n|inactive|MvillMpersonality has 30 seconds left.\n|inactive|MvillMpersonality has 20 seconds left.\n|\n|t:|1776293954\n|move|p2a: Sneasler|Protect|p2a: Sneasler\n|-singleturn|p2a: Sneasler|Protect\n|move|p1a: Rhyperior|Rock Slide|p2a: Sneasler|[spread] p2b\n|-activate|p2a: Sneasler|move: Protect\n|-supereffective|p2b: Rotom|1\n|-damage|p2b: Rotom|0 fnt\n|faint|p2b: Rotom\n|move|p1b: Sinistcha|Matcha Gotcha|p2a: Sneasler\n|-activate|p2a: Sneasler|move: Protect\n|\n|upkeep\n|\n|t:|1776293967\n|switch|p2b: Pinsir|Pinsir-Mega, L50, M|95/100 brn\n|turn|4\n|\n|t:|1776293984\n|switch|p2a: Basculegion|Basculegion, L50, M|100/100 brn\n|move|p1a: Rhyperior|Rock Slide|p2a: Basculegion|[spread] p2a,p2b\n|-supereffective|p2b: Pinsir|2\n|-damage|p2a: Basculegion|0 fnt\n|-damage|p2b: Pinsir|0 fnt\n|faint|p2a: Basculegion\n|faint|p2b: Pinsir\n|move|p1b: Sinistcha|Matcha Gotcha|p2: Basculegion|[notarget]\n|-fail|p1b: Sinistcha\n|\n|upkeep\n|\n|t:|1776293991\n|switch|p2a: Sneasler|Sneasler, L50, F|100/100\n|turn|5\n|inactive|MvillMpersonality has 30 seconds left.\n|\n|t:|1776294018\n|move|p1a: Rhyperior|High Horsepower|p2a: Sneasler\n|-supereffective|p2a: Sneasler|1\n|-damage|p2a: Sneasler|0 fnt\n|faint|p2a: Sneasler\n|\n|win|MvillMpersonality\n|raw|MvillMpersonality's rating: 1288 &rarr; <strong>1309</strong><br />(+21 for winning)\n|raw|Jorgesv345's rating: 1234 &rarr; <strong>1213</strong><br />(-21 for losing)\n|l|\u2606Jorgesv345\n|player|p2|\n",
  "uploadtime": 1776294034,
  "views": 30,
  "formatid": "gen9championsvgc2026regma",
  "rating": 1213,
  "private": 0,
  "password": null
}