{
  "id": "gen9championsvgc2026regma-2586178403",
  "format": "[Gen 9 Champions] VGC 2026 Reg M-A",
  "players": [
    "PepperKV",
    "Danno15"
  ],
  "log": "|j|\u2606PepperKV\n|j|\u2606Danno15\n|t:|1776408960\n|gametype|doubles\n|player|p1|PepperKV|hilbert|1179\n|player|p2|Danno15|266|1278\n|gen|9\n|tier|[Gen 9 Champions] VGC 2026 Reg M-A\n|rated|\n|rule|Species Clause: Limit one of each Pok\u00e9mon\n|rule|Item Clause: Limit 1 of each item\n|clearpoke\n|poke|p1|Delphox, L50, M|\n|poke|p1|Whimsicott, L50, F|\n|poke|p1|Basculegion, L50, M|\n|poke|p1|Garchomp, L50, M|\n|poke|p1|Archaludon, L50, F|\n|poke|p1|Milotic, L50, M|\n|poke|p2|Kangaskhan, L50, F|\n|poke|p2|Azumarill, L50, F|\n|poke|p2|Decidueye, L50, F|\n|poke|p2|Gengar, L50, F|\n|poke|p2|Incineroar, L50, F|\n|poke|p2|Kommo-o, L50, F|\n|teampreview|4\n|inactive|Battle timer is ON: inactive players will automatically lose when time's up. (requested by Danno15)\n|inactive|PepperKV has 60 seconds left.\n|\n|t:|1776409004\n|teamsize|p1|4\n|teamsize|p2|4\n|start\n|switch|p1a: Garchomp|Garchomp, L50, M|100/100\n|switch|p1b: Whimsicott|Whimsicott, L50, F|100/100\n|switch|p2a: Gengar|Gengar, L50, F|100/100\n|switch|p2b: Incineroar|Incineroar, L50, F|100/100\n|-ability|p2b: Incineroar|Intimidate|boost\n|-unboost|p1a: Garchomp|atk|1\n|-unboost|p1b: Whimsicott|atk|1\n|turn|1\n|inactive|PepperKV has 30 seconds left.\n|\n|t:|1776409033\n|detailschange|p2a: Gengar|Gengar-Mega, L50, F\n|-mega|p2a: Gengar|Gengar|Gengarite\n|move|p2b: Incineroar|Fake Out|p1a: Garchomp\n|-damage|p1a: Garchomp|91/100\n|-damage|p2b: Incineroar|88/100|[from] ability: Rough Skin|[of] p1a: Garchomp\n|move|p1b: Whimsicott|Tailwind|p1b: Whimsicott\n|-sidestart|p1: PepperKV|move: Tailwind\n|cant|p1a: Garchomp|flinch\n|move|p2a: Gengar|Perish Song|p2a: Gengar\n|-start|p1a: Garchomp|perish3|[silent]\n|-start|p1b: Whimsicott|perish3|[silent]\n|-start|p2a: Gengar|perish3|[silent]\n|-start|p2b: Incineroar|perish3|[silent]\n|-fieldactivate|move: Perish Song\n|\n|-start|p1b: Whimsicott|perish3\n|-start|p1a: Garchomp|perish3\n|-start|p2a: Gengar|perish3\n|-start|p2b: Incineroar|perish3\n|upkeep\n|turn|2\n|inactive|PepperKV has 30 seconds left.\n|\n|t:|1776409065\n|move|p2a: Gengar|Protect|p2a: Gengar\n|-singleturn|p2a: Gengar|Protect\n|move|p1b: Whimsicott|Encore|p2a: Gengar\n|-activate|p2a: Gengar|move: Protect\n|move|p1a: Garchomp|Rock Slide|p2b: Incineroar|[spread] p2b\n|-activate|p2a: Gengar|move: Protect\n|-supereffective|p2b: Incineroar|1\n|-damage|p2b: Incineroar|62/100\n|move|p2b: Incineroar|Parting Shot|p1a: Garchomp\n|-unboost|p1a: Garchomp|atk|1\n|-unboost|p1a: Garchomp|spa|1\n|\n|t:|1776409076\n|switch|p2b: Decidueye|Decidueye, L50, F|100/100|[from] Parting Shot\n|\n|-start|p1b: Whimsicott|perish2\n|-start|p1a: Garchomp|perish2\n|-start|p2a: Gengar|perish2\n|upkeep\n|turn|3\n|\n|t:|1776409094\n|move|p1b: Whimsicott|Encore|p2a: Gengar\n|-start|p2a: Gengar|Encore\n|move|p2a: Gengar|Protect||[still]\n|-fail|p2a: Gengar\n|move|p1a: Garchomp|Earthquake|p2a: Gengar|[spread] p1b,p2a,p2b\n|-resisted|p1b: Whimsicott|1\n|-supereffective|p2a: Gengar|1\n|-resisted|p2b: Decidueye|1\n|-damage|p1b: Whimsicott|85/100\n|-damage|p2a: Gengar|42/100\n|-damage|p2b: Decidueye|87/100\n|move|p2b: Decidueye|Spirit Shackle|p1a: Garchomp\n|-damage|p1a: Garchomp|46/100\n|-activate|p1a: Garchomp|trapped\n|\n|-start|p1b: Whimsicott|perish1\n|-start|p1a: Garchomp|perish1\n|-start|p2a: Gengar|perish1\n|upkeep\n|turn|4\n|\n|t:|1776409118\n|switch|p2a: Azumarill|Azumarill, L50, F|100/100\n|move|p2b: Decidueye|Protect|p2b: Decidueye\n|-singleturn|p2b: Decidueye|Protect\n|move|p1b: Whimsicott|Sunny Day|p1b: Whimsicott\n|-weather|SunnyDay\n|move|p1a: Garchomp|Earthquake|p2b: Decidueye|[spread] p1b,p2a\n|-activate|p2b: Decidueye|move: Protect\n|-resisted|p1b: Whimsicott|1\n|-damage|p1b: Whimsicott|69/100\n|-damage|p2a: Azumarill|83/100\n|\n|-weather|SunnyDay|[upkeep]\n|-start|p1b: Whimsicott|perish0\n|-start|p1a: Garchomp|perish0\n|-sideend|p1: PepperKV|move: Tailwind\n|faint|p1b: Whimsicott\n|faint|p1a: Garchomp\n|upkeep\n|\n|t:|1776409132\n|switch|p1b: Archaludon|Archaludon, L50, F|100/100\n|switch|p1a: Delphox|Delphox, L50, M|100/100\n|turn|5\n|\n|t:|1776409148\n|detailschange|p1a: Delphox|Delphox-Mega, L50, M\n|-mega|p1a: Delphox|Delphox|Delphoxite\n|move|p1a: Delphox|Protect|p1a: Delphox\n|-singleturn|p1a: Delphox|Protect\n|move|p1b: Archaludon|Thunderbolt|p2a: Azumarill\n|-supereffective|p2a: Azumarill|1\n|-crit|p2a: Azumarill\n|-damage|p2a: Azumarill|3/100\n|-enditem|p2a: Azumarill|Sitrus Berry|[eat]\n|-heal|p2a: Azumarill|28/100|[from] item: Sitrus Berry\n|move|p2b: Decidueye|Tailwind|p2b: Decidueye\n|-sidestart|p2: Danno15|move: Tailwind\n|move|p2a: Azumarill|Perish Song|p2a: Azumarill\n|-start|p1a: Delphox|perish3|[silent]\n|-start|p1b: Archaludon|perish3|[silent]\n|-start|p2a: Azumarill|perish3|[silent]\n|-start|p2b: Decidueye|perish3|[silent]\n|-fieldactivate|move: Perish Song\n|\n|-weather|SunnyDay|[upkeep]\n|-start|p1a: Delphox|perish3\n|-start|p2b: Decidueye|perish3\n|-start|p2a: Azumarill|perish3\n|-start|p1b: Archaludon|perish3\n|upkeep\n|turn|6\n|inactive|PepperKV has 30 seconds left.\n|\n|t:|1776409179\n|move|p2b: Decidueye|Protect|p2b: Decidueye\n|-singleturn|p2b: Decidueye|Protect\n|move|p2a: Azumarill|Protect|p2a: Azumarill\n|-singleturn|p2a: Azumarill|Protect\n|move|p1a: Delphox|Heat Wave|p2a: Azumarill|[spread] \n|-activate|p2a: Azumarill|move: Protect\n|-activate|p2b: Decidueye|move: Protect\n|move|p1b: Archaludon|Draco Meteor|p2b: Decidueye\n|-activate|p2b: Decidueye|move: Protect\n|\n|-weather|SunnyDay|[upkeep]\n|-start|p1a: Delphox|perish2\n|-start|p2b: Decidueye|perish2\n|-start|p2a: Azumarill|perish2\n|-start|p1b: Archaludon|perish2\n|upkeep\n|turn|7\n|\n|t:|1776409199\n|move|p2a: Azumarill|Protect||[still]\n|-fail|p2a: Azumarill\n|move|p1a: Delphox|Heat Wave|p2b: Decidueye|[spread] p2a,p2b\n|-resisted|p2a: Azumarill|1\n|-supereffective|p2b: Decidueye|1\n|-damage|p2a: Azumarill|1/100\n|-damage|p2b: Decidueye|0 fnt\n|faint|p2b: Decidueye\n|move|p1b: Archaludon|Draco Meteor|p2a: Azumarill\n|-immune|p2a: Azumarill\n|\n|-weather|SunnyDay|[upkeep]\n|-start|p1a: Delphox|perish1\n|-start|p2a: Azumarill|perish1\n|-start|p1b: Archaludon|perish1\n|upkeep\n|\n|t:|1776409204\n|switch|p2b: Incineroar|Incineroar, L50, F|62/100\n|-ability|p2b: Incineroar|Intimidate|boost\n|-unboost|p1a: Delphox|atk|1\n|-unboost|p1b: Archaludon|atk|1\n|turn|8\n|\n|t:|1776409227\n|move|p2a: Azumarill|Protect|p2a: Azumarill\n|-singleturn|p2a: Azumarill|Protect\n|move|p2b: Incineroar|Fake Out|p1b: Archaludon\n|-resisted|p1b: Archaludon|1\n|-damage|p1b: Archaludon|96/100\n|-ability|p1b: Archaludon|Stamina|boost\n|-boost|p1b: Archaludon|def|1\n|move|p1a: Delphox|Heat Wave|p2b: Incineroar|[spread] p2b\n|-activate|p2a: Azumarill|move: Protect\n|-resisted|p2b: Incineroar|1\n|-damage|p2b: Incineroar|32/100\n|cant|p1b: Archaludon|flinch\n|\n|-weather|none\n|-heal|p1b: Archaludon|100/100|[from] item: Leftovers\n|-start|p1a: Delphox|perish0\n|-start|p2a: Azumarill|perish0\n|-start|p1b: Archaludon|perish0\n|-sideend|p2: Danno15|move: Tailwind\n|faint|p1a: Delphox\n|faint|p2a: Azumarill\n|faint|p1b: Archaludon\n|\n|win|Danno15\n|raw|PepperKV's rating: 1179 &rarr; <strong>1161</strong><br />(-18 for losing)\n|raw|Danno15's rating: 1278 &rarr; <strong>1296</strong><br />(+18 for winning)\n|c|\u2606PepperKV|gg\n|l|\u2606Danno15\n|player|p2|\n",
  "uploadtime": 1776410196,
  "views": 17,
  "formatid": "gen9championsvgc2026regma",
  "rating": 1161,
  "private": 0,
  "password": null
}