{
  "id": "gen9championsvgc2026regma-2586615464",
  "format": "[Gen 9 Champions] VGC 2026 Reg M-A",
  "players": [
    "helo hru",
    "ok132"
  ],
  "log": "|j|\u2606helo hru\n|j|\u2606ok132\n|t:|1776446971\n|gametype|doubles\n|player|p1|helo hru|unknownf|1119\n|player|p2|ok132|ninjaboy|1113\n|gen|9\n|tier|[Gen 9 Champions] VGC 2026 Reg M-A\n|rated|\n|rule|Species Clause: Limit one of each Pok\u00e9mon\n|rule|Item Clause: Limit 1 of each item\n|clearpoke\n|poke|p1|Drampa, L50, F|\n|poke|p1|Runerigus, L50, M|\n|poke|p1|Whimsicott, L50, M|\n|poke|p1|Excadrill, L50, M|\n|poke|p1|Tauros-Paldea-Aqua, L50, M|\n|poke|p1|Froslass, L50, F|\n|poke|p2|Farigiraf, L50, M|\n|poke|p2|Beedrill, L50, M|\n|poke|p2|Milotic, L50, F|\n|poke|p2|Rotom-Heat, L50|\n|poke|p2|Sylveon, L50, M|\n|poke|p2|Froslass, L50, F|\n|teampreview|4\n|j| Arclxwn\n|l| Arclxwn\n|inactive|Battle timer is ON: inactive players will automatically lose when time's up. (requested by ok132)\n|\n|t:|1776447058\n|teamsize|p1|4\n|teamsize|p2|4\n|start\n|switch|p1a: Whimsicott|Whimsicott, L50, M, shiny|100/100\n|switch|p1b: Excadrill|Excadrill, L50, M|100/100\n|switch|p2a: Froslass|Froslass, L50, F|100/100\n|switch|p2b: Milotic|Milotic, L50, F|100/100\n|-ability|p1b: Excadrill|Mold Breaker\n|turn|1\n|inactive|helo hru has 30 seconds left.\n|inactive|helo hru has 20 seconds left.\n|inactive|helo hru has 15 seconds left.\n|inactive|helo hru has 10 seconds left.\n|inactive|helo hru has 5 seconds left.\n|\n|t:|1776447112\n|detailschange|p2a: Froslass|Froslass-Mega, L50, F\n|-mega|p2a: Froslass|Froslass|Froslassite\n|-weather|Snowscape|[from] ability: Snow Warning|[of] p2a: Froslass\n|move|p1b: Excadrill|Protect|p1b: Excadrill\n|-singleturn|p1b: Excadrill|Protect\n|move|p1a: Whimsicott|Tailwind|p1a: Whimsicott\n|-sidestart|p1: helo hru|move: Tailwind\n|move|p2a: Froslass|Blizzard|p1a: Whimsicott|[spread] p1a\n|-activate|p1b: Excadrill|move: Protect\n|-supereffective|p1a: Whimsicott|1\n|-enditem|p1a: Whimsicott|Focus Sash\n|-damage|p1a: Whimsicott|1/100\n|move|p2b: Milotic|Icy Wind|p1b: Excadrill|[spread] p1a\n|-activate|p1b: Excadrill|move: Protect\n|-supereffective|p1a: Whimsicott|1\n|-damage|p1a: Whimsicott|0 fnt\n|faint|p1a: Whimsicott\n|\n|-weather|Snowscape|[upkeep]\n|upkeep\n|\n|t:|1776447131\n|switch|p1a: Drampa|Drampa, L50, F, shiny|100/100\n|-ability|p1a: Drampa|Cloud Nine\n|turn|2\n|\n|t:|1776447140\n|detailschange|p1a: Drampa|Drampa-Mega, L50, F, shiny\n|-mega|p1a: Drampa|Drampa|Drampanite\n|move|p1b: Excadrill|Iron Head|p2a: Froslass\n|-supereffective|p2a: Froslass|1\n|-damage|p2a: Froslass|0 fnt\n|faint|p2a: Froslass\n|move|p2b: Milotic|Icy Wind|p1a: Drampa|[spread] p1a,p1b\n|-supereffective|p1a: Drampa|1\n|-damage|p1a: Drampa|82/100\n|-damage|p1b: Excadrill|87/100\n|-unboost|p1a: Drampa|spe|1\n|-unboost|p1b: Excadrill|spe|1\n|move|p1a: Drampa|Draco Meteor|p2b: Milotic\n|-damage|p2b: Milotic|42/100\n|-unboost|p1a: Drampa|spa|2\n|\n|-weather|Snowscape|[upkeep]\n|-heal|p2b: Milotic|48/100|[from] item: Leftovers\n|upkeep\n|\n|t:|1776447152\n|switch|p2a: Farigiraf|Farigiraf, L50, M|100/100\n|turn|3\n|inactive|ok132 has 30 seconds left.\n|j| Arclxwn\n|\n|t:|1776447194\n|switch|p1a: Runerigus|Runerigus, L50, M, shiny|100/100\n|move|p2b: Milotic|Protect|p2b: Milotic\n|-singleturn|p2b: Milotic|Protect\n|move|p1b: Excadrill|High Horsepower|p2b: Milotic\n|-activate|p2b: Milotic|move: Protect\n|move|p2a: Farigiraf|Trick Room|p2a: Farigiraf\n|-fieldstart|move: Trick Room|[of] p2a: Farigiraf\n|\n|-weather|Snowscape|[upkeep]\n|-heal|p2b: Milotic|54/100|[from] item: Leftovers\n|upkeep\n|turn|4\n|n| Arclxwn|arclxwn\n|\n|t:|1776447208\n|switch|p1b: Drampa|Drampa-Mega, L50, F, shiny|82/100\n|move|p2a: Farigiraf|Low Kick|p1b: Drampa\n|-supereffective|p1b: Drampa|1\n|-damage|p1b: Drampa|37/100\n|-ability|p1b: Drampa|Berserk|boost\n|-boost|p1b: Drampa|spa|1\n|move|p1a: Runerigus|Poltergeist|p2b: Milotic\n|-activate|p2b: Milotic|move: Poltergeist|Leftovers\n|-damage|p2b: Milotic|25/100\n|move|p2b: Milotic|Scald|p1b: Drampa\n|-resisted|p1b: Drampa|1\n|-damage|p1b: Drampa|25/100\n|\n|-weather|Snowscape|[upkeep]\n|-heal|p2b: Milotic|31/100|[from] item: Leftovers\n|-sideend|p1: helo hru|move: Tailwind\n|upkeep\n|turn|5\n|n| Arclxwn|arclxwn\n|inactive|helo hru has 30 seconds left.\n|\n|t:|1776447233\n|move|p2b: Milotic|Protect|p2b: Milotic\n|-singleturn|p2b: Milotic|Protect\n|move|p1a: Runerigus|Poltergeist|p2b: Milotic\n|-activate|p2b: Milotic|move: Protect\n|move|p1b: Drampa|Draco Meteor|p1a: Runerigus\n|-damage|p1a: Runerigus|0 fnt\n|-unboost|p1b: Drampa|spa|2\n|faint|p1a: Runerigus\n|move|p2a: Farigiraf|Low Kick|p1b: Drampa\n|-supereffective|p1b: Drampa|1\n|-damage|p1b: Drampa|0 fnt\n|faint|p1b: Drampa\n|\n|-weather|none\n|-heal|p2b: Milotic|37/100|[from] item: Leftovers\n|upkeep\n|\n|t:|1776447239\n|switch|p1b: Excadrill|Excadrill, L50, M|87/100\n|-ability|p1b: Excadrill|Mold Breaker\n|turn|6\n|c|\u2606helo hru|lmfao\n|\n|t:|1776447254\n|move|p2a: Farigiraf|Low Kick|p1b: Excadrill\n|-supereffective|p1b: Excadrill|1\n|-damage|p1b: Excadrill|51/100\n|move|p2b: Milotic|Scald|p1b: Excadrill\n|-supereffective|p1b: Excadrill|1\n|-damage|p1b: Excadrill|0 fnt\n|faint|p1b: Excadrill\n|\n|win|ok132\n|raw|helo hru's rating: 1119 &rarr; <strong>1094</strong><br />(-25 for losing)\n|raw|ok132's rating: 1113 &rarr; <strong>1138</strong><br />(+25 for winning)\n|l|\u2606ok132\n|player|p2|\n|c| Arclxwn|my grandpa nuked his own coffin ;(\n",
  "uploadtime": 1776447268,
  "views": 43,
  "formatid": "gen9championsvgc2026regma",
  "rating": 1094,
  "private": 0,
  "password": null
}