{
  "id": "gen9championsvgc2026regma-2586541981",
  "format": "[Gen 9 Champions] VGC 2026 Reg M-A",
  "players": [
    "blazke",
    "axelpogi13"
  ],
  "log": "|j|\u2606blazke\n|j|\u2606axelpogi13\n|t:|1776441814\n|gametype|doubles\n|player|p1|blazke|riley|\n|player|p2|axelpogi13|youngster-gen4dp|\n|gen|9\n|tier|[Gen 9 Champions] VGC 2026 Reg M-A\n|rule|Species Clause: Limit one of each Pok\u00e9mon\n|rule|Item Clause: Limit 1 of each item\n|clearpoke\n|poke|p1|Morpeko, L50, M|\n|poke|p1|Maushold-Four, L50|\n|poke|p1|Gengar, L50, M|\n|poke|p1|Incineroar, L50, M|\n|poke|p1|Kommo-o, L50, M|\n|poke|p1|Blastoise, L50, M|\n|poke|p2|Froslass, L50, F|\n|poke|p2|Kingambit, L50, M|\n|poke|p2|Torkoal, L50, M|\n|poke|p2|Aerodactyl, L50, M|\n|poke|p2|Farigiraf, L50, M|\n|poke|p2|Basculegion, L50, M|\n|teampreview|4\n|inactive|Battle timer is ON: inactive players will automatically lose when time's up. (requested by blazke)\n|inactive|blazke has 60 seconds left.\n|\n|t:|1776441871\n|teamsize|p1|4\n|teamsize|p2|4\n|start\n|switch|p1a: Incineroar|Incineroar, L50, M|100/100\n|switch|p1b: Gengar|Gengar, L50, M|100/100\n|switch|p2a: Froslass|Froslass, L50, F|100/100\n|switch|p2b: Basculegion|Basculegion, L50, M|100/100\n|-ability|p1a: Incineroar|Intimidate|boost\n|-unboost|p2a: Froslass|atk|1\n|-unboost|p2b: Basculegion|atk|1\n|turn|1\n|\n|t:|1776441896\n|detailschange|p1b: Gengar|Gengar-Mega, L50, M\n|-mega|p1b: Gengar|Gengar|Gengarite\n|move|p1a: Incineroar|Protect|p1a: Incineroar\n|-singleturn|p1a: Incineroar|Protect\n|move|p1b: Gengar|Shadow Ball|p2a: Froslass\n|-supereffective|p2a: Froslass|1\n|-damage|p2a: Froslass|0 fnt\n|faint|p2a: Froslass\n|move|p2b: Basculegion|Last Respects|p1b: Gengar\n|-supereffective|p1b: Gengar|1\n|-damage|p1b: Gengar|0 fnt\n|faint|p1b: Gengar\n|\n|upkeep\n|\n|t:|1776441914\n|switch|p1b: Judas|Morpeko, L50, M|100/100\n|switch|p2a: Aerodactyl|Aerodactyl, L50, M|100/100\n|-ability|p2a: Aerodactyl|Unnerve\n|turn|2\n|\n|t:|1776441934\n|switch|p1a: Maushold|Maushold-Four, L50|100/100\n|move|p1b: Judas|Fake Out|p2a: Aerodactyl\n|-resisted|p2a: Aerodactyl|1\n|-damage|p2a: Aerodactyl|91/100\n|cant|p2a: Aerodactyl|flinch\n|move|p2b: Basculegion|Last Respects|p1b: Judas\n|-resisted|p1b: Judas|1\n|-damage|p1b: Judas|73/100\n|\n|-formechange|p1b: Judas|Morpeko-Hangry|\n|upkeep\n|turn|3\n|inactive|axelpogi13 has 30 seconds left.\n|\n|t:|1776441964\n|move|p1a: Maushold|Follow Me|p1a: Maushold\n|-singleturn|p1a: Maushold|move: Follow Me\n|move|p2a: Aerodactyl|Tailwind|p2a: Aerodactyl\n|-sidestart|p2: axelpogi13|move: Tailwind\n|move|p2b: Basculegion|Last Respects|p1a: Maushold\n|-immune|p1a: Maushold\n|move|p1b: Judas|Aura Wheel|p2b: Basculegion\n|-supereffective|p2b: Basculegion|1\n|-damage|p2b: Basculegion|0 fnt\n|-boost|p1b: Judas|spe|1\n|faint|p2b: Basculegion\n|\n|-formechange|p1b: Judas|Morpeko|\n|upkeep\n|\n|t:|1776441979\n|switch|p2b: Kingambit|Kingambit, L50, M|100/100\n|turn|4\n|\n|t:|1776441997\n|move|p1a: Maushold|Follow Me|p1a: Maushold\n|-singleturn|p1a: Maushold|move: Follow Me\n|move|p2a: Aerodactyl|Dual Wingbeat|p1a: Maushold\n|-damage|p1a: Maushold|85/100\n|-damage|p1a: Maushold|68/100\n|-hitcount|p1a: Maushold|2\n|move|p1b: Judas|Aura Wheel|p2a: Aerodactyl\n|-supereffective|p2a: Aerodactyl|1\n|-damage|p2a: Aerodactyl|0 fnt\n|-boost|p1b: Judas|spe|1\n|faint|p2a: Aerodactyl\n|move|p2b: Kingambit|Kowtow Cleave|p1a: Maushold\n|-damage|p1a: Maushold|18/100\n|\n|-formechange|p1b: Judas|Morpeko-Hangry|\n|upkeep\n|turn|5\n|inactive|blazke has 30 seconds left.\n|\n|t:|1776442024\n|move|p1a: Maushold|Protect|p1a: Maushold\n|-singleturn|p1a: Maushold|Protect\n|move|p1b: Judas|Parting Shot|p2b: Kingambit\n|-unboost|p2b: Kingambit|atk|1\n|-ability|p2b: Kingambit|Defiant|boost\n|-boost|p2b: Kingambit|atk|2\n|-unboost|p2b: Kingambit|spa|1\n|-ability|p2b: Kingambit|Defiant|boost\n|-boost|p2b: Kingambit|atk|2\n|\n|t:|1776442031\n|switch|p1b: Incineroar|Incineroar, L50, M|100/100|[from] Parting Shot\n|-ability|p1b: Incineroar|Intimidate|boost\n|-unboost|p2b: Kingambit|atk|1\n|-ability|p2b: Kingambit|Defiant|boost\n|-boost|p2b: Kingambit|atk|2\n|move|p2b: Kingambit|Iron Head|p1a: Maushold\n|-activate|p1a: Maushold|move: Protect\n|\n|upkeep\n|turn|6\n|\n|t:|1776442047\n|move|p1b: Incineroar|Fake Out|p2b: Kingambit\n|-resisted|p2b: Kingambit|1\n|-damage|p2b: Kingambit|96/100\n|cant|p2b: Kingambit|flinch\n|move|p1a: Maushold|Super Fang|p2b: Kingambit\n|-damage|p2b: Kingambit|49/100\n|\n|-sideend|p2: axelpogi13|move: Tailwind\n|upkeep\n|turn|7\n|\n|t:|1776442072\n|move|p1b: Incineroar|Protect|p1b: Incineroar\n|-singleturn|p1b: Incineroar|Protect\n|move|p1a: Maushold|Super Fang|p2b: Kingambit\n|-damage|p2b: Kingambit|25/100\n|move|p2b: Kingambit|Kowtow Cleave|p1a: Maushold\n|-damage|p1a: Maushold|0 fnt\n|faint|p1a: Maushold\n|\n|upkeep\n|\n|t:|1776442080\n|switch|p1a: Judas|Morpeko, L50, M|73/100\n|turn|8\n|\n|t:|1776442090\n|move|p2b: Kingambit|Sucker Punch|p1a: Judas\n|-resisted|p1a: Judas|1\n|-damage|p1a: Judas|0 fnt\n|faint|p1a: Judas\n|move|p1b: Incineroar|Throat Chop|p2b: Kingambit\n|-resisted|p2b: Kingambit|1\n|-damage|p2b: Kingambit|12/100\n|-start|p2b: Kingambit|Throat Chop|[silent]\n|\n|upkeep\n|turn|9\n|inactive|axelpogi13 has 30 seconds left.\n|\n|t:|1776442118\n|move|p2b: Kingambit|Sucker Punch|p1b: Incineroar\n|-resisted|p1b: Incineroar|1\n|-damage|p1b: Incineroar|53/100\n|move|p1b: Incineroar|Throat Chop|p2b: Kingambit\n|-resisted|p2b: Kingambit|1\n|-damage|p2b: Kingambit|0 fnt\n|faint|p2b: Kingambit\n|\n|win|blazke\n",
  "uploadtime": 1776442127,
  "views": 15,
  "formatid": "gen9championsvgc2026regma",
  "rating": null,
  "private": 0,
  "password": null
}