{
  "id": "gen9championsvgc2026regma-2587313497",
  "format": "[Gen 9 Champions] VGC 2026 Reg M-A",
  "players": [
    "laurotus",
    "bluejayx2"
  ],
  "log": "|j|\u2606laurotus\n|j|\u203dbluejayx2\n|t:|1776521067\n|gametype|doubles\n|player|p1|laurotus|ghetsis-gen5bw|1228\n|player|p2|bluejayx2|marley|1132\n|gen|9\n|tier|[Gen 9 Champions] VGC 2026 Reg M-A\n|rated|\n|rule|Species Clause: Limit one of each Pok\u00e9mon\n|rule|Item Clause: Limit 1 of each item\n|clearpoke\n|poke|p1|Whimsicott, L50, F|\n|poke|p1|Archaludon, L50, F|\n|poke|p1|Pelipper, L50, F|\n|poke|p1|Dragonite, L50, F|\n|poke|p1|Incineroar, L50, M|\n|poke|p1|Basculegion, L50, M|\n|poke|p2|Pinsir, L50, F, shiny|\n|poke|p2|Clefable, L50, F, shiny|\n|poke|p2|Absol, L50, F, shiny|\n|poke|p2|Charizard, L50, F, shiny|\n|poke|p2|Politoed, L50, F|\n|poke|p2|Sableye, L50, F, shiny|\n|teampreview|4\n|inactive|Battle timer is ON: inactive players will automatically lose when time's up. (requested by bluejayx2)\nlaurotus has agreed to open team sheets.\n|\n|t:|1776521090\n|teamsize|p1|4\n|teamsize|p2|4\n|start\n|switch|p1a: Incineroar|Incineroar, L50, M|100/100\n|switch|p1b: Whimsicott|Whimsicott, L50, F|100/100\n|switch|p2a: Sableye|Sableye, L50, F, shiny|100/100\n|switch|p2b: Charizard|Charizard, L50, F, shiny|100/100\n|-ability|p1a: Incineroar|Intimidate|boost\n|-unboost|p2a: Sableye|atk|1\n|-unboost|p2b: Charizard|atk|1\n|turn|1\n|\n|t:|1776521110\n|switch|p2b: Clefable|Clefable, L50, F, shiny|100/100\n|move|p1a: Incineroar|Fake Out|p2b: Clefable\n|-damage|p2b: Clefable|90/100\n|move|p1b: Whimsicott|Tailwind|p1b: Whimsicott\n|-sidestart|p1: laurotus|move: Tailwind\n|move|p2a: Sableye|Encore|p1b: Whimsicott\n|-start|p1b: Whimsicott|Encore\n|\n|upkeep\n|turn|2\n|\n|t:|1776521134\n|switch|p1b: Pelipper|Pelipper, L50, F|100/100\n|-weather|RainDance|[from] ability: Drizzle|[of] p1b: Pelipper\n|switch|p2a: Charizard|Charizard, L50, F, shiny|100/100\n|move|p1a: Incineroar|Parting Shot|p2b: Clefable\n|-unboost|p2b: Clefable|atk|1\n|-unboost|p2b: Clefable|spa|1\n|\n|t:|1776521143\n|switch|p1a: Whimsicott|Whimsicott, L50, F|100/100|[from] Parting Shot\n|move|p2b: Clefable|Moonblast|p1a: Whimsicott\n|-damage|p1a: Whimsicott|64/100\n|\n|-weather|RainDance|[upkeep]\n|upkeep\n|turn|3\n|\n|t:|1776521162\n|switch|p1a: Incineroar|Incineroar, L50, M|100/100\n|-ability|p1a: Incineroar|Intimidate|boost\n|-unboost|p2a: Charizard|atk|1\n|-unboost|p2b: Clefable|atk|1\n|move|p2b: Clefable|Follow Me|p2b: Clefable\n|-singleturn|p2b: Clefable|move: Follow Me\n|move|p2a: Charizard|Hurricane|p1a: Incineroar\n|-damage|p1a: Incineroar|49/100\n|-start|p1a: Incineroar|confusion\n|-enditem|p1a: Incineroar|Sitrus Berry|[eat]\n|-heal|p1a: Incineroar|73/100|[from] item: Sitrus Berry\n|move|p1b: Pelipper|U-turn|p2b: Clefable\n|-resisted|p2b: Clefable|1\n|-damage|p2b: Clefable|85/100\n|\n|t:|1776521185\n|switch|p1b: Basculegion|Basculegion, L50, M|100/100|[from] U-turn\n|\n|-weather|RainDance|[upkeep]\n|upkeep\n|turn|4\n|\n|t:|1776521199\n|switch|p2a: Sableye|Sableye, L50, F, shiny|100/100\n|move|p2b: Clefable|Protect|p2b: Clefable\n|-singleturn|p2b: Clefable|Protect\n|move|p1b: Basculegion|Wave Crash|p2b: Clefable\n|-activate|p2b: Clefable|move: Protect\n|-activate|p1a: Incineroar|confusion\n|move|p1a: Incineroar|Parting Shot|p2a: Sableye\n|-unboost|p2a: Sableye|atk|1\n|-unboost|p2a: Sableye|spa|1\n|\n|t:|1776521209\n|switch|p1a: Whimsicott|Whimsicott, L50, F|64/100|[from] Parting Shot\n|\n|-weather|RainDance|[upkeep]\n|-sideend|p1: laurotus|move: Tailwind\n|upkeep\n|turn|5\n|\n|t:|1776521233\n|move|p2b: Clefable|Follow Me|p2b: Clefable\n|-singleturn|p2b: Clefable|move: Follow Me\n|move|p2a: Sableye|Sunny Day|p2a: Sableye\n|-weather|SunnyDay\n|move|p1a: Whimsicott|Moonblast|p2b: Clefable\n|-damage|p2b: Clefable|64/100\n|-unboost|p2b: Clefable|spa|1\n|move|p1b: Basculegion|Flip Turn|p2b: Clefable\n|-damage|p2b: Clefable|48/100\n|\n|t:|1776521242\n|switch|p1b: Pelipper|Pelipper, L50, F|100/100|[from] Flip Turn\n|-weather|RainDance|[from] ability: Drizzle|[of] p1b: Pelipper\n|\n|-weather|RainDance|[upkeep]\n|upkeep\n|turn|6\n|\n|t:|1776521259\n|switch|p2b: Charizard|Charizard, L50, F, shiny|100/100\n|move|p1a: Whimsicott|Tailwind|p1a: Whimsicott\n|-sidestart|p1: laurotus|move: Tailwind\n|move|p2a: Sableye|Sunny Day|p2a: Sableye\n|-weather|SunnyDay\n|move|p1b: Pelipper|Weather Ball|p2b: Charizard\n|-resisted|p2b: Charizard|1\n|-damage|p2b: Charizard|76/100\n|\n|-weather|SunnyDay|[upkeep]\n|-damage|p2b: Charizard|64/100|[from] ability: Solar Power|[of] p2b: Charizard\n|upkeep\n|turn|7\n|\n|t:|1776521278\n|move|p2a: Sableye|Encore|p1b: Pelipper\n|-start|p1b: Pelipper|Encore\n|move|p1a: Whimsicott|Moonblast|p2a: Sableye\n|-supereffective|p2a: Sableye|1\n|-damage|p2a: Sableye|43/100\n|move|p2b: Charizard|Heat Wave|p1a: Whimsicott|[spread] p1a,p1b\n|-supereffective|p1a: Whimsicott|1\n|-resisted|p1b: Pelipper|1\n|-damage|p1a: Whimsicott|0 fnt\n|-damage|p1b: Pelipper|43/100\n|faint|p1a: Whimsicott\n|move|p1b: Pelipper|Weather Ball|p2b: Charizard\n|-resisted|p2b: Charizard|1\n|-damage|p2b: Charizard|39/100\n|\n|-weather|SunnyDay|[upkeep]\n|-damage|p2b: Charizard|27/100|[from] ability: Solar Power|[of] p2b: Charizard\n|upkeep\n|inactive|laurotus has 30 seconds left.\n|\n|t:|1776521309\n|switch|p1a: Incineroar|Incineroar, L50, M|73/100\n|-ability|p1a: Incineroar|Intimidate|boost\n|-unboost|p2a: Sableye|atk|1\n|-unboost|p2b: Charizard|atk|1\n|turn|8\n|\n|t:|1776521315\n|switch|p2b: Clefable|Clefable, L50, F, shiny|48/100\n|switch|p1b: Basculegion|Basculegion, L50, M|100/100\n|move|p1a: Incineroar|Fake Out|p2b: Clefable\n|-damage|p2b: Clefable|37/100\n|move|p2a: Sableye|Foul Play|p1b: Basculegion\n|-supereffective|p1b: Basculegion|1\n|-damage|p1b: Basculegion|0 fnt\n|faint|p1b: Basculegion\n|\n|-weather|SunnyDay|[upkeep]\n|upkeep\n|\n|t:|1776521326\n|switch|p1b: Pelipper|Pelipper, L50, F|43/100\n|-weather|RainDance|[from] ability: Drizzle|[of] p1b: Pelipper\n|turn|9\n|\n|t:|1776521346\n|move|p2b: Clefable|Follow Me|p2b: Clefable\n|-singleturn|p2b: Clefable|move: Follow Me\n|move|p1a: Incineroar|Flare Blitz|p2b: Clefable\n|-damage|p2b: Clefable|17/100\n|-status|p2b: Clefable|brn\n|-damage|p1a: Incineroar|67/100|[from] Recoil\n|move|p1b: Pelipper|Hurricane|p2b: Clefable\n|-damage|p2b: Clefable|0 fnt\n|faint|p2b: Clefable\n|move|p2a: Sableye|Foul Play|p1b: Pelipper\n|-damage|p1b: Pelipper|25/100\n|\n|-weather|RainDance|[upkeep]\n|-sideend|p1: laurotus|move: Tailwind\n|upkeep\n|\n|t:|1776521363\n|switch|p2b: Charizard|Charizard, L50, F, shiny|27/100\n|turn|10\n|\n|t:|1776521388\n|move|p1b: Pelipper|Wide Guard|p1b: Pelipper\n|-singleturn|p1b: Pelipper|Wide Guard\n|move|p2b: Charizard|Weather Ball|p1a: Incineroar\n|-supereffective|p1a: Incineroar|1\n|-damage|p1a: Incineroar|0 fnt\n|faint|p1a: Incineroar\n|move|p2a: Sableye|Foul Play|p1b: Pelipper\n|-damage|p1b: Pelipper|7/100\n|\n|-weather|RainDance|[upkeep]\n|upkeep\n|turn|11\n|-message|laurotus forfeited.\n|\n|win|bluejayx2\n|raw|laurotus's rating: 1228 &rarr; <strong>1196</strong><br />(-32 for losing)\n|raw|bluejayx2's rating: 1132 &rarr; <strong>1164</strong><br />(+32 for winning)\n|l|\u2606laurotus\n|player|p1|\n",
  "uploadtime": 1776521409,
  "views": 17,
  "formatid": "gen9championsvgc2026regma",
  "rating": 1164,
  "private": 0,
  "password": null
}