{
  "id": "gen9championsvgc2026regma-2587108445",
  "format": "[Gen 9 Champions] VGC 2026 Reg M-A",
  "players": [
    "Duckity_Duck_06",
    "Kawanohito"
  ],
  "log": "|j|\u2606Duckity_Duck_06\n|j|\u2606Kawanohito\n|t:|1776494549\n|gametype|doubles\n|player|p1|Duckity_Duck_06|pokemaniac|1495\n|player|p2|Kawanohito|265|1543\n|gen|9\n|tier|[Gen 9 Champions] VGC 2026 Reg M-A\n|rated|\n|rule|Species Clause: Limit one of each Pok\u00e9mon\n|rule|Item Clause: Limit 1 of each item\n|clearpoke\n|poke|p1|Pelipper, L50, M|\n|poke|p1|Basculegion, L50, M|\n|poke|p1|Archaludon, L50, F|\n|poke|p1|Dragonite, L50, M|\n|poke|p1|Incineroar, L50, F|\n|poke|p1|Sneasler, L50, M|\n|poke|p2|Slowbro, L50, M|\n|poke|p2|Incineroar, L50, F|\n|poke|p2|Sinistcha, L50|\n|poke|p2|Sneasler, L50, M|\n|poke|p2|Garchomp, L50, F|\n|poke|p2|Meowstic, L50, M|\n|teampreview|4\n|inactive|Battle timer is ON: inactive players will automatically lose when time's up. (requested by Duckity_Duck_06)\nDuckity_Duck_06 has agreed to open team sheets.\n|\n|t:|1776494576\n|teamsize|p1|4\n|teamsize|p2|4\n|start\n|switch|p1a: Pelipper|Pelipper, L50, M|100/100\n|switch|p1b: Archaludon|Archaludon, L50, F|100/100\n|switch|p2a: Slowbro|Slowbro, L50, M|100/100\n|switch|p2b: Meowstic|Meowstic, L50, M|100/100\n|-weather|RainDance|[from] ability: Drizzle|[of] p1a: Pelipper\n|turn|1\n|\n|t:|1776494588\n|detailschange|p2a: Slowbro|Slowbro-Mega, L50, M\n|-mega|p2a: Slowbro|Slowbro|Slowbronite\n|move|p2b: Meowstic|Fake Out|p1b: Archaludon\n|-resisted|p1b: Archaludon|1\n|-damage|p1b: Archaludon|99/100\n|cant|p1b: Archaludon|flinch\n|move|p1a: Pelipper|Tailwind|p1a: Pelipper\n|-sidestart|p1: Duckity_Duck_06|move: Tailwind\n|move|p2a: Slowbro|Amnesia|p2a: Slowbro\n|-boost|p2a: Slowbro|spd|2\n|\n|-weather|RainDance|[upkeep]\n|upkeep\n|turn|2\n|\n|t:|1776494610\n|move|p2b: Meowstic|Light Screen|p2b: Meowstic\n|-sidestart|p2: Kawanohito|move: Light Screen\n|move|p1b: Archaludon|Electro Shot||[still]\n|-prepare|p1b: Archaludon|Electro Shot\n|-boost|p1b: Archaludon|spa|1\n|-anim|p1b: Archaludon|Electro Shot|p2a: Slowbro\n|-supereffective|p2a: Slowbro|1\n|-damage|p2a: Slowbro|62/100\n|move|p1a: Pelipper|Hurricane|p2a: Slowbro\n|-damage|p2a: Slowbro|49/100\n|move|p2a: Slowbro|Iron Defense|p2a: Slowbro\n|-boost|p2a: Slowbro|def|2\n|\n|-weather|RainDance|[upkeep]\n|upkeep\n|turn|3\n|inactive|Duckity_Duck_06 has 30 seconds left.\n|inactive|Kawanohito has 30 seconds left.\n|\n|t:|1776494641\n|switch|p1a: Dragonite|Dragonite, L50, M|100/100\n|switch|p2b: Sinistcha|Sinistcha, L50|100/100\n|-heal|p2a: Slowbro|74/100|[from] ability: Hospitality|[of] p2b: Sinistcha\n|move|p1b: Archaludon|Electro Shot||[still]\n|-prepare|p1b: Archaludon|Electro Shot\n|-boost|p1b: Archaludon|spa|1\n|-anim|p1b: Archaludon|Electro Shot|p2a: Slowbro\n|-supereffective|p2a: Slowbro|1\n|-damage|p2a: Slowbro|28/100\n|move|p2a: Slowbro|Body Press|p1b: Archaludon\n|-supereffective|p1b: Archaludon|1\n|-damage|p1b: Archaludon|0 fnt\n|faint|p1b: Archaludon\n|\n|-weather|RainDance|[upkeep]\n|upkeep\n|\n|t:|1776494662\n|switch|p1b: Basculegion|Basculegion, L50, M|100/100\n|turn|4\n|\n|t:|1776494675\n|detailschange|p1a: Dragonite|Dragonite-Mega, L50, M\n|-mega|p1a: Dragonite|Dragonite|Dragoninite\n|move|p2b: Sinistcha|Rage Powder|p2b: Sinistcha\n|-singleturn|p2b: Sinistcha|move: Rage Powder\n|move|p1b: Basculegion|Last Respects|p2b: Sinistcha\n|-supereffective|p2b: Sinistcha|1\n|-enditem|p2b: Sinistcha|Kasib Berry|[eat]\n|-enditem|p2b: Sinistcha|Kasib Berry|[weaken]\n|-damage|p2b: Sinistcha|56/100\n|move|p1a: Dragonite|Thunderbolt|p2b: Sinistcha\n|-resisted|p2b: Sinistcha|1\n|-damage|p2b: Sinistcha|45/100\n|move|p2a: Slowbro|Slack Off|p2a: Slowbro\n|-heal|p2a: Slowbro|78/100\n|\n|-weather|RainDance|[upkeep]\n|-sideend|p1: Duckity_Duck_06|move: Tailwind\n|upkeep\n|turn|5\n|inactive|Duckity_Duck_06 has 30 seconds left.\n|inactive|Kawanohito has 30 seconds left.\n|inactive|Kawanohito has 20 seconds left.\n|\n|t:|1776494710\n|switch|p2b: Incineroar|Incineroar, L50, F|100/100\n|-ability|p2b: Incineroar|Intimidate|boost\n|-unboost|p1a: Dragonite|atk|1\n|-unboost|p1b: Basculegion|atk|1\n|move|p1b: Basculegion|Last Respects|p2b: Incineroar\n|-resisted|p2b: Incineroar|1\n|-damage|p2b: Incineroar|87/100\n|move|p1a: Dragonite|Thunderbolt|p2a: Slowbro\n|-supereffective|p2a: Slowbro|1\n|-damage|p2a: Slowbro|60/100\n|move|p2a: Slowbro|Iron Defense|p2a: Slowbro\n|-boost|p2a: Slowbro|def|2\n|\n|-weather|none\n|upkeep\n|turn|6\n|inactive|Kawanohito has 30 seconds left.\n|\n|t:|1776494737\n|switch|p1b: Pelipper|Pelipper, L50, M|100/100\n|-weather|RainDance|[from] ability: Drizzle|[of] p1b: Pelipper\n|move|p2b: Incineroar|Fake Out|p1a: Dragonite\n|-damage|p1a: Dragonite|96/100\n|cant|p1a: Dragonite|flinch\n|move|p2a: Slowbro|Slack Off|p2a: Slowbro\n|-heal|p2a: Slowbro|100/100\n|\n|-weather|RainDance|[upkeep]\n|-sideend|p2: Kawanohito|move: Light Screen\n|upkeep\n|turn|7\n|\n|t:|1776494760\n|switch|p2b: Meowstic|Meowstic, L50, M|100/100\n|move|p1a: Dragonite|Hurricane|p2b: Meowstic\n|-damage|p2b: Meowstic|26/100\n|move|p1b: Pelipper|Hurricane|p2b: Meowstic\n|-damage|p2b: Meowstic|0 fnt\n|faint|p2b: Meowstic\n|move|p2a: Slowbro|Body Press|p1a: Dragonite\n|-resisted|p1a: Dragonite|1\n|-damage|p1a: Dragonite|53/100\n|\n|-weather|RainDance|[upkeep]\n|upkeep\n|\n|t:|1776494773\n|switch|p2b: Incineroar|Incineroar, L50, F|87/100\n|-ability|p2b: Incineroar|Intimidate|boost\n|-unboost|p1a: Dragonite|atk|1\n|-unboost|p1b: Pelipper|atk|1\n|turn|8\n|\n|t:|1776494790\n|move|p2b: Incineroar|Fake Out|p1b: Pelipper\n|-damage|p1b: Pelipper|86/100\n|move|p1a: Dragonite|Hurricane|p2b: Incineroar\n|-damage|p2b: Incineroar|27/100\n|-enditem|p2b: Incineroar|Sitrus Berry|[eat]\n|-heal|p2b: Incineroar|51/100|[from] item: Sitrus Berry\n|cant|p1b: Pelipper|flinch\n|move|p2a: Slowbro|Iron Defense|p2a: Slowbro\n|-boost|p2a: Slowbro|def|2\n|\n|-weather|RainDance|[upkeep]\n|upkeep\n|turn|9\n|\n|t:|1776494815\n|switch|p2b: Sinistcha|Sinistcha, L50|45/100\n|move|p1a: Dragonite|Hurricane|p2b: Sinistcha\n|-supereffective|p2b: Sinistcha|1\n|-crit|p2b: Sinistcha\n|-damage|p2b: Sinistcha|0 fnt\n|faint|p2b: Sinistcha\n|move|p1b: Pelipper|Hurricane|p2a: Slowbro\n|-damage|p2a: Slowbro|79/100\n|move|p2a: Slowbro|Body Press|p1a: Dragonite\n|-resisted|p1a: Dragonite|1\n|-damage|p1a: Dragonite|0 fnt\n|faint|p1a: Dragonite\n|\n|-weather|RainDance|[upkeep]\n|upkeep\n|\n|t:|1776494834\n|switch|p1a: Basculegion|Basculegion, L50, M|100/100\n|switch|p2b: Incineroar|Incineroar, L50, F|51/100\n|-ability|p2b: Incineroar|Intimidate|boost\n|-unboost|p1a: Basculegion|atk|1\n|-unboost|p1b: Pelipper|atk|1\n|turn|10\n|\n|t:|1776494851\n|move|p2b: Incineroar|Fake Out|p1b: Pelipper\n|-damage|p1b: Pelipper|71/100\n|move|p1a: Basculegion|Aqua Jet|p2b: Incineroar\n|-supereffective|p2b: Incineroar|1\n|-damage|p2b: Incineroar|16/100\n|cant|p1b: Pelipper|flinch\n|move|p2a: Slowbro|Body Press|p1b: Pelipper\n|-resisted|p1b: Pelipper|1\n|-damage|p1b: Pelipper|0 fnt\n|faint|p1b: Pelipper\n|\n|-weather|none\n|upkeep\n|turn|11\n|\n|t:|1776494868\n|move|p1a: Basculegion|Aqua Jet|p2b: Incineroar\n|-supereffective|p2b: Incineroar|1\n|-damage|p2b: Incineroar|0 fnt\n|faint|p2b: Incineroar\n|move|p2a: Slowbro|Amnesia|p2a: Slowbro\n|-boost|p2a: Slowbro|spd|2\n|\n|upkeep\n|turn|12\n|\n|t:|1776494876\n|move|p1a: Basculegion|Last Respects|p2a: Slowbro\n|-supereffective|p2a: Slowbro|1\n|-damage|p2a: Slowbro|61/100\n|move|p2a: Slowbro|Amnesia|p2a: Slowbro\n|-boost|p2a: Slowbro|spd|2\n|\n|upkeep\n|turn|13\n|\n|t:|1776494886\n|move|p1a: Basculegion|Last Respects|p2a: Slowbro\n|-supereffective|p2a: Slowbro|1\n|-damage|p2a: Slowbro|44/100\n|move|p2a: Slowbro|Slack Off|p2a: Slowbro\n|-heal|p2a: Slowbro|94/100\n|\n|upkeep\n|turn|14\n|c|\u2606Duckity_Duck_06|ggs\n|\n|t:|1776494898\n|move|p1a: Basculegion|Aqua Jet|p2a: Slowbro\n|-resisted|p2a: Slowbro|1\n|-damage|p2a: Slowbro|93/100\n|move|p2a: Slowbro|Iron Defense|p2a: Slowbro\n|-boost|p2a: Slowbro|def|0\n|\n|upkeep\n|turn|15\n|\n|t:|1776494906\n|move|p1a: Basculegion|Aqua Jet|p2a: Slowbro\n|-resisted|p2a: Slowbro|1\n|-damage|p2a: Slowbro|92/100\n|move|p2a: Slowbro|Iron Defense|p2a: Slowbro\n|-boost|p2a: Slowbro|def|0\n|\n|upkeep\n|turn|16\n|\n|t:|1776494915\n|move|p1a: Basculegion|Aqua Jet|p2a: Slowbro\n|-resisted|p2a: Slowbro|1\n|-damage|p2a: Slowbro|90/100\n|move|p2a: Slowbro|Amnesia|p2a: Slowbro\n|-boost|p2a: Slowbro|spd|0\n|\n|upkeep\n|turn|17\n|\n|t:|1776494926\n|move|p1a: Basculegion|Aqua Jet|p2a: Slowbro\n|-resisted|p2a: Slowbro|1\n|-damage|p2a: Slowbro|89/100\n|move|p2a: Slowbro|Amnesia|p2a: Slowbro\n|-boost|p2a: Slowbro|spd|0\n|\n|upkeep\n|turn|18\n|\n|t:|1776494929\n|move|p1a: Basculegion|Aqua Jet|p1: Pelipper|[notarget]\n|-fail|p1a: Basculegion\n|move|p2a: Slowbro|Amnesia|p2a: Slowbro\n|-boost|p2a: Slowbro|spd|0\n|\n|upkeep\n|turn|19\n|\n|t:|1776494932\n|move|p1a: Basculegion|Aqua Jet|p2a: Slowbro\n|-resisted|p2a: Slowbro|1\n|-damage|p2a: Slowbro|88/100\n|move|p2a: Slowbro|Amnesia|p2a: Slowbro\n|-boost|p2a: Slowbro|spd|0\n|\n|upkeep\n|turn|20\n|\n|t:|1776494935\n|move|p1a: Basculegion|Aqua Jet|p2a: Slowbro\n|-resisted|p2a: Slowbro|1\n|-damage|p2a: Slowbro|87/100\n|move|p2a: Slowbro|Amnesia|p2a: Slowbro\n|-boost|p2a: Slowbro|spd|0\n|\n|upkeep\n|turn|21\n|\n|t:|1776494938\n|move|p1a: Basculegion|Aqua Jet|p2a: Slowbro\n|-resisted|p2a: Slowbro|1\n|-damage|p2a: Slowbro|86/100\n|move|p2a: Slowbro|Amnesia|p2a: Slowbro\n|-boost|p2a: Slowbro|spd|0\n|\n|upkeep\n|turn|22\n|\n|t:|1776494957\n|move|p1a: Basculegion|Aqua Jet|p2a: Slowbro\n|-resisted|p2a: Slowbro|1\n|-damage|p2a: Slowbro|84/100\n|move|p2a: Slowbro|Amnesia|p2a: Slowbro\n|-boost|p2a: Slowbro|spd|0\n|\n|upkeep\n|turn|23\n|\n|t:|1776494964\n|move|p1a: Basculegion|Aqua Jet|p2a: Slowbro\n|-resisted|p2a: Slowbro|1\n|-damage|p2a: Slowbro|83/100\n|move|p2a: Slowbro|Amnesia|p2a: Slowbro\n|-boost|p2a: Slowbro|spd|0\n|\n|upkeep\n|turn|24\n|\n|t:|1776494967\n|move|p1a: Basculegion|Aqua Jet|p2a: Slowbro\n|-resisted|p2a: Slowbro|1\n|-damage|p2a: Slowbro|82/100\n|move|p2a: Slowbro|Iron Defense|p2a: Slowbro\n|-boost|p2a: Slowbro|def|0\n|\n|upkeep\n|turn|25\n|\n|t:|1776494969\n|move|p1a: Basculegion|Aqua Jet|p2a: Slowbro\n|-resisted|p2a: Slowbro|1\n|-damage|p2a: Slowbro|81/100\n|move|p2a: Slowbro|Iron Defense|p2a: Slowbro\n|-boost|p2a: Slowbro|def|0\n|\n|upkeep\n|turn|26\n|\n|t:|1776494980\n|move|p1a: Basculegion|Aqua Jet|p2a: Slowbro\n|-resisted|p2a: Slowbro|1\n|-damage|p2a: Slowbro|80/100\n|move|p2a: Slowbro|Iron Defense|p2a: Slowbro\n|-boost|p2a: Slowbro|def|0\n|\n|upkeep\n|turn|27\n|\n|t:|1776494986\n|move|p1a: Basculegion|Aqua Jet|p2a: Slowbro\n|-resisted|p2a: Slowbro|1\n|-damage|p2a: Slowbro|79/100\n|move|p2a: Slowbro|Amnesia|p2a: Slowbro\n|-boost|p2a: Slowbro|spd|0\n|\n|upkeep\n|turn|28\n|\n|t:|1776495006\n|move|p1a: Basculegion|Aqua Jet|p1: Pelipper|[notarget]\n|-fail|p1a: Basculegion\n|move|p2a: Slowbro|Body Press|p1a: Basculegion\n|-immune|p1a: Basculegion\n|\n|upkeep\n|turn|29\n|\n|t:|1776495009\n|move|p1a: Basculegion|Aqua Jet|p1: Pelipper|[notarget]\n|-fail|p1a: Basculegion\n|move|p2a: Slowbro|Body Press|p1a: Basculegion\n|-immune|p1a: Basculegion\n|\n|upkeep\n|turn|30\n|\n|t:|1776495014\n|move|p1a: Basculegion|Aqua Jet|p1: Pelipper|[notarget]\n|-fail|p1a: Basculegion\n|move|p2a: Slowbro|Amnesia|p2a: Slowbro\n|-boost|p2a: Slowbro|spd|0\n|\n|upkeep\n|turn|31\n|\n|t:|1776495018\n|move|p1a: Basculegion|Aqua Jet|p2a: Slowbro\n|-resisted|p2a: Slowbro|1\n|-damage|p2a: Slowbro|78/100\n|move|p2a: Slowbro|Body Press|p1a: Basculegion\n|-immune|p1a: Basculegion\n|\n|upkeep\n|turn|32\n|\n|t:|1776495028\n|move|p1a: Basculegion|Psychic Fangs|p2a: Slowbro\n|-resisted|p2a: Slowbro|1\n|-damage|p2a: Slowbro|76/100\n|move|p2a: Slowbro|Iron Defense|p2a: Slowbro\n|-boost|p2a: Slowbro|def|0\n|\n|upkeep\n|turn|33\n|\n|t:|1776495032\n|move|p1a: Basculegion|Psychic Fangs|p2a: Slowbro\n|-resisted|p2a: Slowbro|1\n|-damage|p2a: Slowbro|75/100\n|move|p2a: Slowbro|Iron Defense|p2a: Slowbro\n|-boost|p2a: Slowbro|def|0\n|\n|upkeep\n|turn|34\n|\n|t:|1776495041\n|move|p1a: Basculegion|Psychic Fangs|p2a: Slowbro\n|-resisted|p2a: Slowbro|1\n|-damage|p2a: Slowbro|73/100\n|move|p2a: Slowbro|Iron Defense|p2a: Slowbro\n|-boost|p2a: Slowbro|def|0\n|\n|upkeep\n|turn|35\n|\n|t:|1776495048\n|move|p1a: Basculegion|Psychic Fangs|p2a: Slowbro\n|-resisted|p2a: Slowbro|1\n|-damage|p2a: Slowbro|72/100\n|move|p2a: Slowbro|Amnesia|p2a: Slowbro\n|-boost|p2a: Slowbro|spd|0\n|\n|upkeep\n|turn|36\n|\n|t:|1776495055\n|move|p1a: Basculegion|Psychic Fangs|p2a: Slowbro\n|-resisted|p2a: Slowbro|1\n|-damage|p2a: Slowbro|70/100\n|move|p2a: Slowbro|Amnesia|p2a: Slowbro\n|-boost|p2a: Slowbro|spd|0\n|\n|upkeep\n|turn|37\n|\n|t:|1776495061\n|move|p1a: Basculegion|Psychic Fangs|p2a: Slowbro\n|-resisted|p2a: Slowbro|1\n|-damage|p2a: Slowbro|69/100\n|move|p2a: Slowbro|Slack Off|p2a: Slowbro\n|-heal|p2a: Slowbro|100/100\n|\n|upkeep\n|turn|38\n|\n|t:|1776495065\n|move|p1a: Basculegion|Psychic Fangs|p2a: Slowbro\n|-resisted|p2a: Slowbro|1\n|-damage|p2a: Slowbro|99/100\n|move|p2a: Slowbro|Iron Defense|p2a: Slowbro\n|-boost|p2a: Slowbro|def|0\n|\n|upkeep\n|turn|39\n|\n|t:|1776495068\n|move|p1a: Basculegion|Psychic Fangs|p2a: Slowbro\n|-resisted|p2a: Slowbro|1\n|-damage|p2a: Slowbro|98/100\n|move|p2a: Slowbro|Amnesia|p2a: Slowbro\n|-boost|p2a: Slowbro|spd|0\n|\n|upkeep\n|turn|40\n|\n|t:|1776495076\n|move|p1a: Basculegion|Psychic Fangs|p2a: Slowbro\n|-resisted|p2a: Slowbro|1\n|-damage|p2a: Slowbro|97/100\n|move|p2a: Slowbro|Body Press|p1a: Basculegion\n|-immune|p1a: Basculegion\n|\n|upkeep\n|turn|41\n|\n|t:|1776495080\n|move|p1a: Basculegion|Psychic Fangs|p2a: Slowbro\n|-resisted|p2a: Slowbro|1\n|-damage|p2a: Slowbro|96/100\n|move|p2a: Slowbro|Iron Defense|p2a: Slowbro\n|-boost|p2a: Slowbro|def|0\n|\n|upkeep\n|turn|42\n|\n|t:|1776495083\n|move|p1a: Basculegion|Psychic Fangs|p2a: Slowbro\n|-resisted|p2a: Slowbro|1\n|-damage|p2a: Slowbro|95/100\n|move|p2a: Slowbro|Amnesia|p2a: Slowbro\n|-boost|p2a: Slowbro|spd|0\n|\n|upkeep\n|turn|43\n|\n|t:|1776495085\n|move|p1a: Basculegion|Psychic Fangs|p2a: Slowbro\n|-resisted|p2a: Slowbro|1\n|-damage|p2a: Slowbro|93/100\n|move|p2a: Slowbro|Amnesia|p2a: Slowbro\n|-boost|p2a: Slowbro|spd|0\n|\n|upkeep\n|turn|44\n|\n|t:|1776495090\n|move|p1a: Basculegion|Liquidation|p2a: Slowbro\n|-resisted|p2a: Slowbro|1\n|-damage|p2a: Slowbro|91/100\n|move|p2a: Slowbro|Iron Defense|p2a: Slowbro\n|-boost|p2a: Slowbro|def|0\n|\n|upkeep\n|turn|45\n|-message|Kawanohito forfeited.\n|\n|win|Duckity_Duck_06\n|raw|Duckity_Duck_06's rating: 1495 &rarr; <strong>1518</strong><br />(+23 for winning)\n|raw|Kawanohito's rating: 1543 &rarr; <strong>1520</strong><br />(-23 for losing)\n|l|\u2606Kawanohito\n|player|p2|\n|l|\u2606Duckity_Duck_06\n|player|p1|\n",
  "uploadtime": 1776495304,
  "views": 43,
  "formatid": "gen9championsvgc2026regma",
  "rating": 1518,
  "private": 0,
  "password": null
}