{
  "id": "gen9championsvgc2026regma-2587766003",
  "format": "[Gen 9 Champions] VGC 2026 Reg M-A",
  "players": [
    "donettinho",
    "sirae"
  ],
  "log": "|j|\u2606donettinho\n|j|\u2606sirae\n|t:|1776561815\n|gametype|doubles\n|player|p1|donettinho|clown|1151\n|player|p2|sirae|caitlin|1198\n|gen|9\n|tier|[Gen 9 Champions] VGC 2026 Reg M-A\n|rated|\n|rule|Species Clause: Limit one of each Pok\u00e9mon\n|rule|Item Clause: Limit 1 of each item\n|clearpoke\n|poke|p1|Alakazam, L50, F|\n|poke|p1|Whimsicott, L50, F|\n|poke|p1|Incineroar, L50, M|\n|poke|p1|Basculegion, L50, M|\n|poke|p1|Corviknight, L50, F|\n|poke|p1|Kommo-o, L50, M|\n|poke|p2|Feraligatr, L50, F|\n|poke|p2|Farigiraf, L50, F|\n|poke|p2|Aegislash, L50, F|\n|poke|p2|Incineroar, L50, F|\n|poke|p2|Toxicroak, L50, F|\n|poke|p2|Sylveon, L50, F|\n|teampreview|4\n|inactive|Battle timer is ON: inactive players will automatically lose when time's up. (requested by sirae)\n|inactive|donettinho has 60 seconds left.\n|inactive|sirae has 60 seconds left.\n|inactive|donettinho has 30 seconds left.\n|inactive|donettinho has 20 seconds left.\n|\n|t:|1776561889\n|teamsize|p1|4\n|teamsize|p2|4\n|start\n|switch|p1a: Incineroar|Incineroar, L50, M|100/100\n|switch|p1b: Kommo-o|Kommo-o, L50, M|100/100\n|switch|p2a: Farigiraf|Farigiraf, L50, F|100/100\n|switch|p2b: Incineroar|Incineroar, L50, F|100/100\n|-ability|p2b: Incineroar|Intimidate|boost\n|-unboost|p1a: Incineroar|atk|1\n|-unboost|p1b: Kommo-o|atk|1\n|-ability|p1a: Incineroar|Intimidate|boost\n|-unboost|p2a: Farigiraf|atk|1\n|-unboost|p2b: Incineroar|atk|1\n|turn|1\n|inactive|donettinho has 30 seconds left.\n|\n|t:|1776561923\n|move|p2b: Incineroar|Fake Out|p1b: Kommo-o\n|-damage|p1b: Kommo-o|91/100\n|cant|p1b: Kommo-o|flinch\n|move|p1a: Incineroar|Darkest Lariat|p2a: Farigiraf\n|-supereffective|p2a: Farigiraf|1\n|-enditem|p2a: Farigiraf|Colbur Berry|[eat]\n|-enditem|p2a: Farigiraf|Colbur Berry|[weaken]\n|-damage|p2a: Farigiraf|73/100\n|move|p2a: Farigiraf|Trick Room|p2a: Farigiraf\n|-fieldstart|move: Trick Room|[of] p2a: Farigiraf\n|\n|upkeep\n|turn|2\n|l|\u2606sirae\n|inactive|sirae disconnected and has a minute to reconnect!\n|player|p2|\n|inactive|donettinho has 30 seconds left.\n|inactive|sirae has 30 seconds left.\n|inactive|sirae has 20 seconds left.\n|inactive|donettinho has 20 seconds left.\n|inactive|sirae has 15 seconds left.\n|inactive|sirae has 10 seconds left.\n|inactive|sirae has 5 seconds left.\n|j|\u2606sirae\n|inactive|sirae reconnected and has 5 seconds left.\n|player|p2|sirae|caitlin|\n|\n|t:|1776561978\n|switch|p1b: Alakazam|Alakazam, L50, F|100/100\n|move|p2b: Incineroar|Fake Out||[still]\n|-hint|Fake Out only works on your first turn out.\n|-fail|p2b: Incineroar\n|move|p1a: Incineroar|Parting Shot|p2b: Incineroar\n|-unboost|p2b: Incineroar|atk|1\n|-unboost|p2b: Incineroar|spa|1\n|\n|t:|1776561988\n|switch|p1a: Whimsicott|Whimsicott, L50, F|100/100|[from] Parting Shot\n|move|p2a: Farigiraf|Trick Room|p2a: Farigiraf\n|-fieldend|move: Trick Room\n|\n|upkeep\n|turn|3\n|\n|t:|1776562009\n|detailschange|p1b: Alakazam|Alakazam-Mega, L50, F\n|-mega|p1b: Alakazam|Alakazam|Alakazite\n|-ability|p1b: Alakazam|Intimidate|Trace|[from] ability: Trace|[of] p2b: Incineroar\n|-ability|p1b: Alakazam|Intimidate|boost\n|-unboost|p2a: Farigiraf|atk|1\n|-unboost|p2b: Incineroar|atk|1\n|move|p1b: Alakazam|Dazzling Gleam|p2b: Incineroar|[spread] p2a,p2b\n|-damage|p2a: Farigiraf|47/100\n|-damage|p2b: Incineroar|75/100\n|move|p1a: Whimsicott|Dazzling Gleam|p2a: Farigiraf|[spread] p2a,p2b\n|-damage|p2a: Farigiraf|32/100\n|-damage|p2b: Incineroar|59/100\n|move|p2b: Incineroar|Parting Shot|p1b: Alakazam\n|-unboost|p1b: Alakazam|atk|1\n|-unboost|p1b: Alakazam|spa|1\n|\n|t:|1776562024\n|switch|p2b: Aegislash|Aegislash, L50, F|100/100|[from] Parting Shot\n|move|p2a: Farigiraf|Trick Room|p2a: Farigiraf\n|-fieldstart|move: Trick Room|[of] p2a: Farigiraf\n|\n|upkeep\n|turn|4\n|\n|t:|1776562053\n|switch|p2a: Incineroar|Incineroar, L50, F|59/100\n|-ability|p2a: Incineroar|Intimidate|boost\n|-unboost|p1a: Whimsicott|atk|1\n|-unboost|p1b: Alakazam|atk|1\n|-formechange|p2b: Aegislash|Aegislash-Blade|\n|move|p2b: Aegislash|Shadow Ball|p1b: Alakazam\n|-supereffective|p1b: Alakazam|1\n|-damage|p1b: Alakazam|0 fnt\n|faint|p1b: Alakazam\n|move|p1a: Whimsicott|Trick Room|p1a: Whimsicott\n|-fieldend|move: Trick Room\n|\n|upkeep\n|\n|t:|1776562068\n|switch|p1b: Incineroar|Incineroar, L50, M|100/100\n|-ability|p1b: Incineroar|Intimidate|boost\n|-unboost|p2a: Incineroar|atk|1\n|-unboost|p2b: Aegislash|atk|1\n|turn|5\n|\n|t:|1776562086\n|switch|p2b: Farigiraf|Farigiraf, L50, F|32/100\n|move|p1a: Whimsicott|Encore||[still]\n|cant|p2b: Farigiraf|ability: Armor Tail|Encore|[of] p1a: Whimsicott\n|move|p2a: Incineroar|Flare Blitz|p1a: Whimsicott\n|-supereffective|p1a: Whimsicott|1\n|-damage|p1a: Whimsicott|22/100\n|-damage|p2a: Incineroar|36/100|[from] Recoil\n|-enditem|p2a: Incineroar|Sitrus Berry|[eat]\n|-heal|p2a: Incineroar|61/100|[from] item: Sitrus Berry\n|move|p1b: Incineroar|Darkest Lariat|p2b: Farigiraf\n|-supereffective|p2b: Farigiraf|1\n|-damage|p2b: Farigiraf|0 fnt\n|faint|p2b: Farigiraf\n|\n|upkeep\n|\n|t:|1776562103\n|switch|p2b: Feraligatr|Feraligatr, L50, F|100/100\n|turn|6\n|\n|t:|1776562124\n|switch|p1b: Kommo-o|Kommo-o, L50, M|91/100\n|detailschange|p2b: Feraligatr|Feraligatr-Mega, L50, F\n|-mega|p2b: Feraligatr|Feraligatr|Feraligite\n|move|p1a: Whimsicott|Tailwind|p1a: Whimsicott\n|-sidestart|p1: donettinho|move: Tailwind\n|move|p2a: Incineroar|Flare Blitz|p1a: Whimsicott\n|-supereffective|p1a: Whimsicott|1\n|-damage|p1a: Whimsicott|0 fnt\n|faint|p1a: Whimsicott\n|-damage|p2a: Incineroar|55/100|[from] Recoil\n|move|p2b: Feraligatr|Body Slam|p1b: Kommo-o\n|-supereffective|p1b: Kommo-o|1\n|-damage|p1b: Kommo-o|0 fnt\n|faint|p1b: Kommo-o\n|\n|upkeep\n|-message|donettinho forfeited.\n|\n|win|sirae\n|raw|donettinho's rating: 1151 &rarr; <strong>1129</strong><br />(-22 for losing)\n|raw|sirae's rating: 1198 &rarr; <strong>1220</strong><br />(+22 for winning)\n|l|\u2606donettinho\n|player|p1|\n",
  "uploadtime": 1776562153,
  "views": 25,
  "formatid": "gen9championsvgc2026regma",
  "rating": 1129,
  "private": 0,
  "password": null
}