{
  "id": "gen9championsvgc2026regma-2584100959",
  "format": "[Gen 9 Champions] VGC 2026 Reg M-A",
  "players": [
    "Hao_poke",
    "zhz2021"
  ],
  "log": "|j|\u2606Hao_poke\n|j|\u2606zhz2021\n|t:|1776225202\n|gametype|doubles\n|player|p1|Hao_poke|2|1370\n|player|p2|zhz2021|marley|1467\n|gen|9\n|tier|[Gen 9 Champions] VGC 2026 Reg M-A\n|rated|\n|rule|Species Clause: Limit one of each Pok\u00e9mon\n|rule|Item Clause: Limit 1 of each item\n|clearpoke\n|poke|p1|Mimikyu, L50, M|\n|poke|p1|Sneasler, L50, F|\n|poke|p1|Kingambit, L50, M|\n|poke|p1|Basculegion, L50, M|\n|poke|p1|Blastoise, L50, F|\n|poke|p1|Pelipper, L50, M|\n|poke|p2|Sableye, L50, M|\n|poke|p2|Archaludon, L50, F|\n|poke|p2|Scovillain, L50, M|\n|poke|p2|Basculegion-F, L50, F|\n|poke|p2|Primarina, L50, F|\n|poke|p2|Venusaur, L50, M|\n|teampreview|4\n|j| womp monk\n|inactive|Battle timer is ON: inactive players will automatically lose when time's up. (requested by zhz2021)\n|inactive|Hao_poke has 60 seconds left.\n|\n|t:|1776225267\n|teamsize|p1|4\n|teamsize|p2|4\n|start\n|switch|p1a: Mimikyu|Mimikyu, L50, M|100/100\n|switch|p1b: Blastoise|Blastoise, L50, F|100/100\n|switch|p2a: Sableye|Sableye, L50, M|100/100\n|switch|p2b: Basculegion|Basculegion-F, L50, F, shiny|100/100\n|turn|1\n|\n|t:|1776225281\n|detailschange|p1b: Blastoise|Blastoise-Mega, L50, F\n|-mega|p1b: Blastoise|Blastoise|Blastoisinite\n|move|p2b: Basculegion|Muddy Water|p1a: Mimikyu|[spread] p1a,p1b\n|-resisted|p1b: Blastoise|1\n|-activate|p1a: Mimikyu|ability: Disguise\n|-damage|p1a: Mimikyu|100/100\n|-damage|p1b: Blastoise|87/100\n|-unboost|p1a: Mimikyu|accuracy|1\n|detailschange|p1a: Mimikyu|Mimikyu-Busted, L50, M\n|-damage|p1a: Mimikyu|88/100|[from] pokemon: Mimikyu-Busted\n|move|p1b: Blastoise|Water Spout|p2b: Basculegion|[spread] p2a,p2b\n|-resisted|p2b: Basculegion|1\n|-damage|p2a: Sableye|34/100\n|-damage|p2b: Basculegion|68/100\n|move|p2a: Sableye|Foul Play|p1b: Blastoise\n|-damage|p1b: Blastoise|52/100\n|move|p1a: Mimikyu|Trick Room|p1a: Mimikyu\n|-fieldstart|move: Trick Room|[of] p1a: Mimikyu\n|\n|upkeep\n|turn|2\n|inactive|Hao_poke has 30 seconds left.\n|j| your stepsister\n|inactive|Hao_poke has 20 seconds left.\n|\n|t:|1776225321\n|move|p2a: Sableye|Encore|p1a: Mimikyu\n|-start|p1a: Mimikyu|Encore\n|-enditem|p1a: Mimikyu|Mental Herb\n|-end|p1a: Mimikyu|Encore\n|move|p1b: Blastoise|Water Spout|p2a: Sableye|[spread] p2a,p2b\n|-resisted|p2b: Basculegion|1\n|-damage|p2a: Sableye|0 fnt\n|-damage|p2b: Basculegion|48/100\n|faint|p2a: Sableye\n|move|p1a: Mimikyu|Play Rough|p2b: Basculegion\n|-damage|p2b: Basculegion|14/100\n|move|p2b: Basculegion|Hex|p1b: Blastoise\n|-damage|p1b: Blastoise|24/100\n|\n|upkeep\n|\n|t:|1776225332\n|switch|p2a: Venusaur|Venusaur, L50, M|100/100\n|turn|3\n|\n|t:|1776225351\n|switch|p2b: Archaludon|Archaludon, L50, F|100/100\n|detailschange|p2a: Venusaur|Venusaur-Mega, L50, M\n|-mega|p2a: Venusaur|Venusaur|Venusaurite\n|move|p1b: Blastoise|Aura Sphere|p2a: Venusaur\n|-resisted|p2a: Venusaur|1\n|-damage|p2a: Venusaur|84/100\n|move|p2a: Venusaur|Sludge Wave|p1b: Blastoise|[spread] p1a,p1b\n|-immune|p2b: Archaludon\n|-damage|p1a: Mimikyu|63/100\n|-damage|p1b: Blastoise|0 fnt\n|faint|p1b: Blastoise\n|move|p1a: Mimikyu|Shadow Claw|p2b: Archaludon|[miss]\n|-miss|p1a: Mimikyu|p2b: Archaludon\n|\n|upkeep\n|\n|t:|1776225367\n|switch|p1b: Pelipper|Pelipper, L50, M|100/100\n|-weather|RainDance|[from] ability: Drizzle|[of] p1b: Pelipper\n|turn|4\n|j| 3iz\n|inactive|Hao_poke has 30 seconds left.\n|\n|t:|1776225396\n|move|p2a: Venusaur|Protect|p2a: Venusaur\n|-singleturn|p2a: Venusaur|Protect\n|move|p1a: Mimikyu|Shadow Claw|p2a: Venusaur\n|-activate|p2a: Venusaur|move: Protect\n|move|p2b: Archaludon|Electro Shot||[still]\n|-prepare|p2b: Archaludon|Electro Shot\n|-boost|p2b: Archaludon|spa|1\n|-anim|p2b: Archaludon|Electro Shot|p1b: Pelipper\n|-supereffective|p1b: Pelipper|2\n|-enditem|p1b: Pelipper|Focus Sash\n|-damage|p1b: Pelipper|1/100\n|move|p1b: Pelipper|Hurricane|p2a: Venusaur\n|-activate|p2a: Venusaur|move: Protect\n|\n|-weather|RainDance|[upkeep]\n|upkeep\n|turn|5\n|inactive|Hao_poke has 30 seconds left.\n|\n|t:|1776225428\n|move|p2a: Venusaur|Sludge Wave|p1a: Mimikyu|[spread] p1a,p1b\n|-immune|p2b: Archaludon\n|-damage|p1a: Mimikyu|39/100\n|-damage|p1b: Pelipper|0 fnt\n|faint|p1b: Pelipper\n|move|p1a: Mimikyu|Shadow Claw|p2a: Venusaur|[miss]\n|-miss|p1a: Mimikyu|p2a: Venusaur\n|move|p2b: Archaludon|Flash Cannon|p1a: Mimikyu\n|-supereffective|p1a: Mimikyu|1\n|-damage|p1a: Mimikyu|0 fnt\n|faint|p1a: Mimikyu\n|\n|-weather|RainDance|[upkeep]\n|-fieldend|move: Trick Room\n|upkeep\n|j| CY1573\n|\n|t:|1776225438\n|switch|p1b: Basculegion|Basculegion, L50, M|100/100\n|turn|6\n|\n|t:|1776225443\n|move|p1b: Basculegion|Last Respects|p2b: Archaludon\n|-damage|p2b: Archaludon|8/100\n|-ability|p2b: Archaludon|Stamina|boost\n|-boost|p2b: Archaludon|def|1\n|move|p2b: Archaludon|Electro Shot||[still]\n|-prepare|p2b: Archaludon|Electro Shot\n|-boost|p2b: Archaludon|spa|1\n|-anim|p2b: Archaludon|Electro Shot|p1b: Basculegion\n|-supereffective|p1b: Basculegion|1\n|-damage|p1b: Basculegion|0 fnt\n|faint|p1b: Basculegion\n|\n|win|zhz2021\n|raw|Hao_poke's rating: 1370 &rarr; <strong>1355</strong><br />(-15 for losing)\n|raw|zhz2021's rating: 1467 &rarr; <strong>1482</strong><br />(+15 for winning)\n|l| womp monk\n|l|\u2606Hao_poke\n|player|p1|\n|l|\u2606zhz2021\n|player|p2|\n|l| your stepsister\n",
  "uploadtime": 1776225507,
  "views": 37,
  "formatid": "gen9championsvgc2026regma",
  "rating": 1355,
  "private": 0,
  "password": null
}