{
  "id": "gen9championsvgc2026regma-2585858324",
  "format": "[Gen 9 Champions] VGC 2026 Reg M-A",
  "players": [
    "meirasaur",
    "Mask35"
  ],
  "log": "|j|\u2606meirasaur\n|j|\u203dMask35\n|t:|1776376072\n|gametype|doubles\n|player|p1|meirasaur|169|1101\n|player|p2|Mask35|170|1130\n|gen|9\n|tier|[Gen 9 Champions] VGC 2026 Reg M-A\n|rated|\n|rule|Species Clause: Limit one of each Pok\u00e9mon\n|rule|Item Clause: Limit 1 of each item\n|clearpoke\n|poke|p1|Charizard, L50, F|\n|poke|p1|Araquanid, L50, F|\n|poke|p1|Alcremie, L50, F|\n|poke|p1|Farigiraf, L50, M|\n|poke|p1|Torterra, L50, M|\n|poke|p1|Goodra-Hisui, L50, M|\n|poke|p2|Glimmora, L50, M|\n|poke|p2|Archaludon, L50, M|\n|poke|p2|Rotom-Heat, L50|\n|poke|p2|Gallade, L50, M|\n|poke|p2|Gyarados, L50, M|\n|poke|p2|Garchomp, L50, M|\n|teampreview|4\n|inactive|Battle timer is ON: inactive players will automatically lose when time's up. (requested by meirasaur)\n|\n|t:|1776376128\n|teamsize|p1|4\n|teamsize|p2|4\n|start\n|switch|p1a: Alcremie|Alcremie, L50, F|100/100\n|switch|p1b: Farigiraf|Farigiraf, L50, M|100/100\n|switch|p2a: Gyarados|Gyarados, L50, M|100/100\n|switch|p2b: Gallade|Gallade, L50, M|100/100\n|-ability|p2a: Gyarados|Intimidate|boost\n|-unboost|p1a: Alcremie|atk|1\n|-unboost|p1b: Farigiraf|atk|1\n|turn|1\n|\n|t:|1776376149\n|detailschange|p2a: Gyarados|Gyarados-Mega, L50, M\n|-mega|p2a: Gyarados|Gyarados|Gyaradosite\n|-ability|p2a: Gyarados|Mold Breaker\n|move|p2b: Gallade|Wide Guard|p2b: Gallade\n|-singleturn|p2b: Gallade|Wide Guard\n|move|p2a: Gyarados|Crunch|p1b: Farigiraf\n|-supereffective|p1b: Farigiraf|1\n|-damage|p1b: Farigiraf|34/100\n|-enditem|p1b: Farigiraf|Sitrus Berry|[eat]\n|-heal|p1b: Farigiraf|59/100|[from] item: Sitrus Berry\n|move|p1a: Alcremie|Dazzling Gleam|p2b: Gallade|[spread] \n|-activate|p2a: Gyarados|move: Wide Guard\n|-activate|p2b: Gallade|move: Wide Guard\n|move|p1b: Farigiraf|Thunderbolt|p2a: Gyarados\n|-supereffective|p2a: Gyarados|1\n|-damage|p2a: Gyarados|64/100\n|\n|upkeep\n|turn|2\n|inactive|Mask35 has 30 seconds left.\n|\n|t:|1776376177\n|move|p2a: Gyarados|Iron Head|p1a: Alcremie\n|-supereffective|p1a: Alcremie|1\n|-damage|p1a: Alcremie|39/100\n|move|p2b: Gallade|Sacred Sword|p1b: Farigiraf\n|-damage|p1b: Farigiraf|6/100\n|move|p1a: Alcremie|Decorate|p1b: Farigiraf\n|-boost|p1b: Farigiraf|atk|2\n|-boost|p1b: Farigiraf|spa|2\n|move|p1b: Farigiraf|Trick Room|p1b: Farigiraf\n|-fieldstart|move: Trick Room|[of] p1b: Farigiraf\n|\n|upkeep\n|turn|3\n|\n|t:|1776376203\n|move|p2b: Gallade|Wide Guard|p2b: Gallade\n|-singleturn|p2b: Gallade|Wide Guard\n|move|p1b: Farigiraf|Thunderbolt|p2a: Gyarados\n|-supereffective|p2a: Gyarados|1\n|-damage|p2a: Gyarados|0 fnt\n|faint|p2a: Gyarados\n|move|p1a: Alcremie|Dazzling Gleam|p2b: Gallade\n|-activate|p2b: Gallade|move: Wide Guard\n|\n|upkeep\n|\n|t:|1776376212\n|switch|p2a: Garchomp|Garchomp, L50, M|100/100\n|turn|4\n|\n|t:|1776376225\n|move|p2b: Gallade|Wide Guard|p2b: Gallade\n|-singleturn|p2b: Gallade|Wide Guard\n|move|p1b: Farigiraf|Thunderbolt|p2b: Gallade\n|-damage|p2b: Gallade|62/100\n|move|p1a: Alcremie|Psych Up|p1b: Farigiraf\n|-copyboost|p1a: Alcremie|p1b: Farigiraf|[from] move: Psych Up\n|move|p2a: Garchomp|Earthquake|p1a: Alcremie|[spread] p1a,p1b\n|-activate|p2b: Gallade|move: Wide Guard\n|-damage|p1a: Alcremie|5/100\n|-damage|p1b: Farigiraf|0 fnt\n|faint|p1b: Farigiraf\n|\n|upkeep\n|\n|t:|1776376241\n|switch|p1b: Charizard|Charizard, L50, F|100/100\n|turn|5\n|\n|t:|1776376248\n|detailschange|p1b: Charizard|Charizard-Mega-X, L50, F\n|-mega|p1b: Charizard|Charizard|Charizardite X\n|move|p2b: Gallade|Wide Guard|p2b: Gallade\n|-singleturn|p2b: Gallade|Wide Guard\n|move|p1a: Alcremie|Decorate|p1b: Charizard\n|-boost|p1b: Charizard|atk|2\n|-boost|p1b: Charizard|spa|2\n|move|p1b: Charizard|Breaking Swipe|p2a: Garchomp|[spread] \n|-activate|p2a: Garchomp|move: Wide Guard\n|-activate|p2b: Gallade|move: Wide Guard\n|move|p2a: Garchomp|Rock Slide|p1b: Charizard|[spread] p1a,p1b\n|-supereffective|p1b: Charizard|1\n|-damage|p1a: Alcremie|0 fnt\n|-damage|p1b: Charizard|67/100\n|faint|p1a: Alcremie\n|\n|upkeep\n|\n|t:|1776376254\n|switch|p1a: Goodra|Goodra-Hisui, L50, M|100/100\n|turn|6\n|\n|t:|1776376273\n|move|p2a: Garchomp|Protect|p2a: Garchomp\n|-singleturn|p2a: Garchomp|Protect\n|move|p1a: Goodra|Curse|p1a: Goodra\n|-unboost|p1a: Goodra|spe|1\n|-boost|p1a: Goodra|atk|1\n|-boost|p1a: Goodra|def|1\n|move|p2b: Gallade|Sacred Sword|p1a: Goodra\n|-supereffective|p1a: Goodra|1\n|-damage|p1a: Goodra|0 fnt\n|faint|p1a: Goodra\n|move|p1b: Charizard|Fire Punch|p2b: Gallade\n|-damage|p2b: Gallade|0 fnt\n|faint|p2b: Gallade\n|\n|-fieldend|move: Trick Room\n|upkeep\n|\n|t:|1776376286\n|switch|p2b: Archaludon|Archaludon, L50, M|100/100\n|turn|7\n|\n|t:|1776376290\n|move|p2a: Garchomp|Dragon Claw|p1b: Charizard\n|-supereffective|p1b: Charizard|1\n|-damage|p1b: Charizard|0 fnt\n|faint|p1b: Charizard\n|\n|win|Mask35\n|raw|meirasaur's rating: 1101 &rarr; <strong>1078</strong><br />(-23 for losing)\n|raw|Mask35's rating: 1130 &rarr; <strong>1153</strong><br />(+23 for winning)\n|l|\u2606meirasaur\n|player|p1|\n",
  "uploadtime": 1776376296,
  "views": 18,
  "formatid": "gen9championsvgc2026regma",
  "rating": 1078,
  "private": 0,
  "password": null
}