{
  "id": "gen9championsvgc2026regma-2584966163",
  "format": "[Gen 9 Champions] VGC 2026 Reg M-A",
  "players": [
    "joe19394",
    "saddeq"
  ],
  "log": "|j|\u2606joe19394\n|j|\u2606saddeq\n|t:|1776298897\n|gametype|doubles\n|player|p1|joe19394|2|1350\n|player|p2|saddeq|marshal|1382\n|gen|9\n|tier|[Gen 9 Champions] VGC 2026 Reg M-A\n|rated|\n|rule|Species Clause: Limit one of each Pok\u00e9mon\n|rule|Item Clause: Limit 1 of each item\n|clearpoke\n|poke|p1|Pelipper, L50, F|\n|poke|p1|Toxicroak, L50, F|\n|poke|p1|Meganium, L50, F|\n|poke|p1|Incineroar, L50, F|\n|poke|p1|Greninja-*, L50, F|\n|poke|p1|Archaludon, L50, F|\n|poke|p2|Aerodactyl, L50, F|\n|poke|p2|Tauros-Paldea-Aqua, L50, M|\n|poke|p2|Kingambit, L50, M|\n|poke|p2|Meganium, L50, F|\n|poke|p2|Armarouge, L50, F|\n|poke|p2|Glimmora, L50, M|\n|teampreview|4\n|inactive|Battle timer is ON: inactive players will automatically lose when time's up. (requested by joe19394)\n|j| RobbieC252\n|inactive|joe19394 has 60 seconds left.\n|inactive|saddeq has 60 seconds left.\n|inactive|joe19394 has 30 seconds left.\n|inactive|joe19394 has 20 seconds left.\n|inactive|joe19394 has 15 seconds left.\n|\n|t:|1776298974\n|teamsize|p1|4\n|teamsize|p2|4\n|start\n|switch|p1a: Incineroar|Incineroar, L50, F|100/100\n|switch|p1b: Greninja|Greninja, L50, F|100/100\n|switch|p2a: Aerodactyl|Aerodactyl, L50, F|100/100\n|switch|p2b: Meganium|Meganium, L50, F|100/100\n|-ability|p2a: Aerodactyl|Unnerve\n|-ability|p1a: Incineroar|Intimidate|boost\n|-unboost|p2a: Aerodactyl|atk|1\n|-unboost|p2b: Meganium|atk|1\n|turn|1\n|inactive|joe19394 has 30 seconds left.\n|\n|t:|1776299004\n|switch|p1a: Archaludon|Archaludon, L50, F|100/100\n|detailschange|p1b: Greninja|Greninja-Mega, L50, F\n|-mega|p1b: Greninja|Greninja|Greninjite\n|detailschange|p2b: Meganium|Meganium-Mega, L50, F\n|-mega|p2b: Meganium|Meganium|Meganiumite\n|move|p1b: Greninja|Surf|p2b: Meganium|[spread] p1a,p2a,p2b\n|-start|p1b: Greninja|typechange|Water|[from] ability: Protean\n|-resisted|p1a: Archaludon|1\n|-supereffective|p2a: Aerodactyl|1\n|-resisted|p2b: Meganium|1\n|-damage|p1a: Archaludon|86/100\n|-enditem|p2a: Aerodactyl|Focus Sash\n|-damage|p2a: Aerodactyl|1/100\n|-damage|p2b: Meganium|84/100\n|-ability|p1a: Archaludon|Stamina|boost\n|-boost|p1a: Archaludon|def|1\n|move|p2a: Aerodactyl|Tailwind|p2a: Aerodactyl\n|-sidestart|p2: saddeq|move: Tailwind\n|move|p2b: Meganium|Solar Beam||[still]\n|-prepare|p2b: Meganium|Solar Beam\n|-activate|p2b: Meganium|ability: Mega Sol\n|-anim|p2b: Meganium|Solar Beam|p1b: Greninja\n|-supereffective|p1b: Greninja|1\n|-damage|p1b: Greninja|0 fnt\n|faint|p1b: Greninja\n|\n|-heal|p1a: Archaludon|92/100|[from] item: Leftovers\n|upkeep\n|inactive|joe19394 has 30 seconds left.\n|\n|t:|1776299029\n|switch|p1b: Pelipper|Pelipper, L50, F|100/100\n|-weather|RainDance|[from] ability: Drizzle|[of] p1b: Pelipper\n|turn|2\n|\n|t:|1776299052\n|move|p2a: Aerodactyl|Rock Slide|p1b: Pelipper|[spread] p1a,p1b\n|-resisted|p1a: Archaludon|1\n|-supereffective|p1b: Pelipper|1\n|-damage|p1a: Archaludon|88/100\n|-damage|p1b: Pelipper|75/100\n|-ability|p1a: Archaludon|Stamina|boost\n|-boost|p1a: Archaludon|def|1\n|move|p2b: Meganium|Weather Ball|p1a: Archaludon\n|-damage|p1a: Archaludon|36/100\n|-ability|p1a: Archaludon|Stamina|boost\n|-boost|p1a: Archaludon|def|1\n|move|p1a: Archaludon|Flash Cannon|p2b: Meganium\n|-supereffective|p2b: Meganium|1\n|-damage|p2b: Meganium|27/100\n|move|p1b: Pelipper|Weather Ball|p2a: Aerodactyl\n|-supereffective|p2a: Aerodactyl|1\n|-damage|p2a: Aerodactyl|0 fnt\n|faint|p2a: Aerodactyl\n|\n|-weather|RainDance|[upkeep]\n|-heal|p1a: Archaludon|42/100|[from] item: Leftovers\n|upkeep\n|\n|t:|1776299070\n|switch|p2a: Armarouge|Armarouge, L50, F|100/100\n|turn|3\n|l| RobbieC252\n|\n|t:|1776299092\n|move|p1a: Archaludon|Protect|p1a: Archaludon\n|-singleturn|p1a: Archaludon|Protect\n|move|p2b: Meganium|Solar Beam||[still]\n|-prepare|p2b: Meganium|Solar Beam\n|-activate|p2b: Meganium|ability: Mega Sol\n|-anim|p2b: Meganium|Solar Beam|p1b: Pelipper\n|-damage|p1b: Pelipper|0 fnt\n|faint|p1b: Pelipper\n|move|p2a: Armarouge|Psychic|p1a: Archaludon\n|-activate|p1a: Archaludon|move: Protect\n|\n|-weather|RainDance|[upkeep]\n|-heal|p1a: Archaludon|48/100|[from] item: Leftovers\n|upkeep\n|\n|t:|1776299104\n|switch|p1b: Incineroar|Incineroar, L50, F|100/100\n|-ability|p1b: Incineroar|Intimidate|boost\n|-unboost|p2a: Armarouge|atk|1\n|-unboost|p2b: Meganium|atk|1\n|turn|4\n|\n|t:|1776299116\n|move|p1b: Incineroar|Fake Out|p2b: Meganium\n|-damage|p2b: Meganium|17/100\n|cant|p2b: Meganium|flinch\n|move|p2a: Armarouge|Psychic|p1a: Archaludon\n|-resisted|p1a: Archaludon|1\n|-damage|p1a: Archaludon|22/100\n|-ability|p1a: Archaludon|Stamina|boost\n|-boost|p1a: Archaludon|def|1\n|move|p1a: Archaludon|Electro Shot||[still]\n|-prepare|p1a: Archaludon|Electro Shot\n|-boost|p1a: Archaludon|spa|1\n|-anim|p1a: Archaludon|Electro Shot|p2a: Armarouge\n|-damage|p2a: Armarouge|49/100\n|\n|-weather|RainDance|[upkeep]\n|-heal|p1a: Archaludon|28/100|[from] item: Leftovers\n|-sideend|p2: saddeq|move: Tailwind\n|upkeep\n|turn|5\n|inactive|joe19394 has 30 seconds left.\n|inactive|saddeq has 30 seconds left.\n|inactive|joe19394 has 20 seconds left.\n|inactive|joe19394 has 15 seconds left.\n|inactive|joe19394 has 10 seconds left.\n|\n|t:|1776299164\n|move|p1a: Archaludon|Protect|p1a: Archaludon\n|-singleturn|p1a: Archaludon|Protect\n|move|p2b: Meganium|Weather Ball|p1a: Archaludon\n|-activate|p1a: Archaludon|move: Protect\n|move|p2a: Armarouge|Armor Cannon|p1b: Incineroar\n|-resisted|p1b: Incineroar|1\n|-damage|p1b: Incineroar|83/100\n|-unboost|p2a: Armarouge|def|1\n|-unboost|p2a: Armarouge|spd|1\n|move|p1b: Incineroar|Darkest Lariat|p2b: Meganium\n|-resisted|p2b: Meganium|1\n|-damage|p2b: Meganium|3/100\n|\n|-weather|RainDance|[upkeep]\n|-heal|p1a: Archaludon|35/100|[from] item: Leftovers\n|upkeep\n|turn|6\n|\n|t:|1776299187\n|move|p1a: Archaludon|Protect||[still]\n|-fail|p1a: Archaludon\n|move|p2a: Armarouge|Protect|p2a: Armarouge\n|-singleturn|p2a: Armarouge|Protect\n|move|p2b: Meganium|Weather Ball|p1a: Archaludon\n|-damage|p1a: Archaludon|0 fnt\n|faint|p1a: Archaludon\n|move|p1b: Incineroar|Darkest Lariat|p2b: Meganium\n|-resisted|p2b: Meganium|1\n|-damage|p2b: Meganium|0 fnt\n|faint|p2b: Meganium\n|\n|-weather|none\n|upkeep\n|\n|t:|1776299194\n|switch|p2b: Tauros|Tauros-Paldea-Aqua, L50, M|100/100\n|-ability|p2b: Tauros|Intimidate|boost\n|-unboost|p1b: Incineroar|atk|1\n|turn|7\n|\n|t:|1776299203\n|move|p2b: Tauros|Close Combat|p1b: Incineroar\n|-supereffective|p1b: Incineroar|1\n|-enditem|p1b: Incineroar|Chople Berry|[eat]\n|-enditem|p1b: Incineroar|Chople Berry|[weaken]\n|-damage|p1b: Incineroar|41/100\n|-unboost|p2b: Tauros|def|1\n|-unboost|p2b: Tauros|spd|1\n|-enditem|p2b: Tauros|White Herb\n|-clearnegativeboost|p2b: Tauros|[silent]\n|move|p2a: Armarouge|Armor Cannon|p1b: Incineroar\n|-resisted|p1b: Incineroar|1\n|-damage|p1b: Incineroar|6/100\n|-unboost|p2a: Armarouge|def|1\n|-unboost|p2a: Armarouge|spd|1\n|move|p1b: Incineroar|Darkest Lariat|p2a: Armarouge\n|-supereffective|p2a: Armarouge|1\n|-damage|p2a: Armarouge|5/100\n|\n|upkeep\n|turn|8\n|-message|joe19394 forfeited.\n|\n|win|saddeq\n|raw|joe19394's rating: 1350 &rarr; <strong>1332</strong><br />(-18 for losing)\n|raw|saddeq's rating: 1382 &rarr; <strong>1400</strong><br />(+18 for winning)\n|l|\u2606joe19394\n|player|p1|\n|l|\u2606saddeq\n|player|p2|\n",
  "uploadtime": 1776300171,
  "views": 29,
  "formatid": "gen9championsvgc2026regma",
  "rating": 1332,
  "private": 0,
  "password": null
}