{
  "id": "gen9championsvgc2026regma-2588489054",
  "format": "[Gen 9 Champions] VGC 2026 Reg M-A",
  "players": [
    "Weedkun",
    "CrescenShinyDuoFan"
  ],
  "log": "|j|\u2606Weedkun\n|j|\u2606CrescenShinyDuoFan\n|t:|1776638115\n|gametype|doubles\n|player|p1|Weedkun|scientistf|1175\n|player|p2|CrescenShinyDuoFan|265|1134\n|gen|9\n|tier|[Gen 9 Champions] VGC 2026 Reg M-A\n|rated|\n|rule|Species Clause: Limit one of each Pok\u00e9mon\n|rule|Item Clause: Limit 1 of each item\n|clearpoke\n|poke|p1|Politoed, L50, M|\n|poke|p1|Gengar, L50, M|\n|poke|p1|Archaludon, L50, M|\n|poke|p1|Basculegion, L50, M|\n|poke|p1|Incineroar, L50, F|\n|poke|p1|Sinistcha, L50|\n|poke|p2|Basculegion, L50, M, shiny|\n|poke|p2|Garchomp, L50, F|\n|poke|p2|Froslass, L50, F, shiny|\n|poke|p2|Incineroar, L50, F, shiny|\n|poke|p2|Orthworm, L50, F, shiny|\n|poke|p2|Ninetales-Alola, L50, M, shiny|\n|teampreview|4\nCrescenShinyDuoFan has agreed to open team sheets.\nWeedkun has agreed to open team sheets.\n|showteam|p1|Politoed||Leftovers|Drizzle|WeatherBall,PerishSong,Protect,IcyWind|||M|||50|]Gengar||Gengarite|CursedBody|SludgeBomb,PerishSong,Disable,Protect|||M|||50|]Archaludon||SitrusBerry|Stamina|FlashCannon,AuraSphere,Protect,ElectroShot|||M|||50|]Basculegion||MysticWater|SwiftSwim|WaveCrash,LastRespects,Protect,AquaJet|||M|||50|]Incineroar||LumBerry|Intimidate|DarkestLariat,FakeOut,PartingShot,WillOWisp|||F|||50|]Sinistcha||MentalHerb|Hospitality|MatchaGotcha,RagePowder,LifeDew,Protect||||||50|\n|showteam|p2|Basculegion||ChoiceScarf|Adaptability|LastRespects,WaveCrash,Crunch,FlipTurn|||M|||50|]Garchomp||YacheBerry|RoughSkin|Protect,Earthquake,DragonClaw,Substitute|||F|||50|]Froslass||Froslassite|SnowCloak|AuroraVeil,Blizzard,Protect,NastyPlot|||F|||50|]Incineroar||LumBerry|Intimidate|FakeOut,PartingShot,Taunt,FlareBlitz|||F|||50|]Orthworm||SitrusBerry|EarthEater|ShedTail,BodyPress,IronDefense,Protect|||F|||50|]Ninetales-Alola||NeverMeltIce|SnowWarning|AuroraVeil,DazzlingGleam,Blizzard,Protect|||M|||50|\n|inactive|Battle timer is ON: inactive players will automatically lose when time's up. (requested by CrescenShinyDuoFan)\n|inactive|Weedkun has 60 seconds left.\n|\n|t:|1776638187\n|teamsize|p1|4\n|teamsize|p2|4\n|start\n|switch|p1a: Archaludon|Archaludon, L50, M|100/100\n|switch|p1b: Incineroar|Incineroar, L50, F|100/100\n|switch|p2a: Froslass|Froslass, L50, F, shiny|100/100\n|switch|p2b: Incineroar|Incineroar, L50, F, shiny|100/100\n|-ability|p2b: Incineroar|Intimidate|boost\n|-unboost|p1a: Archaludon|atk|1\n|-unboost|p1b: Incineroar|atk|1\n|-ability|p1b: Incineroar|Intimidate|boost\n|-unboost|p2a: Froslass|atk|1\n|-unboost|p2b: Incineroar|atk|1\n|turn|1\n|inactive|Weedkun has 30 seconds left.\n|inactive|CrescenShinyDuoFan has 30 seconds left.\n|inactive|Weedkun has 20 seconds left.\n|inactive|Weedkun has 15 seconds left.\n|\n|t:|1776638228\n|move|p2a: Froslass|Protect|p2a: Froslass\n|-singleturn|p2a: Froslass|Protect\n|move|p1a: Archaludon|Protect|p1a: Archaludon\n|-singleturn|p1a: Archaludon|Protect\n|move|p2b: Incineroar|Fake Out|p1a: Archaludon\n|-activate|p1a: Archaludon|move: Protect\n|move|p1b: Incineroar|Parting Shot|p2a: Froslass\n|-activate|p2a: Froslass|move: Protect\n|\n|upkeep\n|turn|2\n|\n|t:|1776638250\n|detailschange|p2a: Froslass|Froslass-Mega, L50, F, shiny\n|-mega|p2a: Froslass|Froslass|Froslassite\n|-weather|Snowscape|[from] ability: Snow Warning|[of] p2a: Froslass\n|move|p2a: Froslass|Aurora Veil|p2a: Froslass\n|-sidestart|p2: CrescenShinyDuoFan|move: Aurora Veil\n|move|p1a: Archaludon|Flash Cannon|p2a: Froslass\n|-supereffective|p2a: Froslass|1\n|-damage|p2a: Froslass|26/100\n|move|p2b: Incineroar|Flare Blitz|p1a: Archaludon\n|-damage|p1a: Archaludon|73/100\n|-status|p1a: Archaludon|brn\n|-ability|p1a: Archaludon|Stamina|boost\n|-boost|p1a: Archaludon|def|1\n|-damage|p2b: Incineroar|91/100|[from] Recoil\n|move|p1b: Incineroar|Will-O-Wisp|p2b: Incineroar\n|-immune|p2b: Incineroar\n|\n|-weather|Snowscape|[upkeep]\n|-damage|p1a: Archaludon|66/100 brn|[from] brn\n|upkeep\n|turn|3\n|\n|t:|1776638274\n|switch|p2a: Basculegion|Basculegion, L50, M, shiny|100/100\n|move|p1a: Archaludon|Flash Cannon|p2a: Basculegion\n|-resisted|p2a: Basculegion|1\n|-damage|p2a: Basculegion|84/100\n|move|p2b: Incineroar|Parting Shot|p1a: Archaludon\n|-unboost|p1a: Archaludon|atk|1\n|-unboost|p1a: Archaludon|spa|1\n|\n|t:|1776638285\n|switch|p2b: Ninetales|Ninetales-Alola, L50, M, shiny|100/100|[from] Parting Shot\n|move|p1b: Incineroar|Parting Shot|p2b: Ninetales\n|-unboost|p2b: Ninetales|atk|1\n|-unboost|p2b: Ninetales|spa|1\n|\n|t:|1776638301\n|switch|p1b: Basculegion|Basculegion, L50, M|100/100|[from] Parting Shot\n|\n|-weather|Snowscape|[upkeep]\n|-damage|p1a: Archaludon|60/100 brn|[from] brn\n|upkeep\n|turn|4\n|inactive|Weedkun has 30 seconds left.\n|\n|t:|1776638329\n|move|p2b: Ninetales|Protect|p2b: Ninetales\n|-singleturn|p2b: Ninetales|Protect\n|move|p1b: Basculegion|Protect|p1b: Basculegion\n|-singleturn|p1b: Basculegion|Protect\n|move|p2a: Basculegion|Crunch|p1b: Basculegion\n|-activate|p1b: Basculegion|move: Protect\n|move|p1a: Archaludon|Flash Cannon|p2b: Ninetales\n|-activate|p2b: Ninetales|move: Protect\n|\n|-weather|Snowscape|[upkeep]\n|-damage|p1a: Archaludon|54/100 brn|[from] brn\n|upkeep\n|turn|5\n|\n|t:|1776638346\n|switch|p2b: Incineroar|Incineroar, L50, F, shiny|91/100\n|-ability|p2b: Incineroar|Intimidate|boost\n|-unboost|p1a: Archaludon|atk|1\n|-unboost|p1b: Basculegion|atk|1\n|switch|p1b: Incineroar|Incineroar, L50, F|100/100\n|-ability|p1b: Incineroar|Intimidate|boost\n|-unboost|p2a: Basculegion|atk|1\n|-unboost|p2b: Incineroar|atk|1\n|move|p2a: Basculegion|Crunch|p1b: Incineroar\n|-resisted|p1b: Incineroar|1\n|-damage|p1b: Incineroar|93/100\n|move|p1a: Archaludon|Flash Cannon|p2b: Incineroar\n|-resisted|p2b: Incineroar|1\n|-damage|p2b: Incineroar|82/100\n|\n|-weather|Snowscape|[upkeep]\n|-damage|p1a: Archaludon|48/100 brn|[from] brn\n|upkeep\n|-enditem|p1a: Archaludon|Sitrus Berry|[eat]\n|-heal|p1a: Archaludon|73/100 brn|[from] item: Sitrus Berry\n|turn|6\n|inactive|Weedkun has 30 seconds left.\n|inactive|CrescenShinyDuoFan has 30 seconds left.\n|inactive|Weedkun has 20 seconds left.\n|inactive|Weedkun has 15 seconds left.\n|inactive|Weedkun has 10 seconds left.\n|\n|t:|1776638392\n|switch|p2a: Ninetales|Ninetales-Alola, L50, M, shiny|100/100\n|move|p2b: Incineroar|Fake Out|p1a: Archaludon\n|-resisted|p1a: Archaludon|1\n|-damage|p1a: Archaludon|71/100 brn\n|-ability|p1a: Archaludon|Stamina|boost\n|-boost|p1a: Archaludon|def|1\n|cant|p1a: Archaludon|flinch\n|move|p1b: Incineroar|Parting Shot|p2a: Ninetales\n|-unboost|p2a: Ninetales|atk|1\n|-unboost|p2a: Ninetales|spa|1\n|\n|t:|1776638413\n|switch|p1b: Basculegion|Basculegion, L50, M|100/100|[from] Parting Shot\n|\n|-weather|none\n|-damage|p1a: Archaludon|65/100 brn|[from] brn\n|-sideend|p2: CrescenShinyDuoFan|move: Aurora Veil\n|upkeep\n|turn|7\n|\n|t:|1776638430\n|move|p2a: Ninetales|Protect|p2a: Ninetales\n|-singleturn|p2a: Ninetales|Protect\n|move|p1b: Basculegion|Last Respects|p2b: Incineroar\n|-resisted|p2b: Incineroar|1\n|-damage|p2b: Incineroar|69/100\n|move|p1a: Archaludon|Flash Cannon|p2a: Ninetales\n|-activate|p2a: Ninetales|move: Protect\n|move|p2b: Incineroar|Parting Shot|p1b: Basculegion\n|-unboost|p1b: Basculegion|atk|1\n|-unboost|p1b: Basculegion|spa|1\n|\n|t:|1776638441\n|switch|p2b: Basculegion|Basculegion, L50, M, shiny|84/100|[from] Parting Shot\n|\n|-damage|p1a: Archaludon|59/100 brn|[from] brn\n|upkeep\n|turn|8\n|\n|t:|1776638460\n|switch|p2a: Incineroar|Incineroar, L50, F, shiny|69/100\n|-ability|p2a: Incineroar|Intimidate|boost\n|-unboost|p1a: Archaludon|atk|1\n|-unboost|p1b: Basculegion|atk|1\n|move|p1b: Basculegion|Protect|p1b: Basculegion\n|-singleturn|p1b: Basculegion|Protect\n|move|p2b: Basculegion|Crunch|p1b: Basculegion\n|-activate|p1b: Basculegion|move: Protect\n|move|p1a: Archaludon|Flash Cannon|p2a: Incineroar\n|-resisted|p2a: Incineroar|1\n|-damage|p2a: Incineroar|56/100\n|\n|-damage|p1a: Archaludon|53/100 brn|[from] brn\n|upkeep\n|turn|9\n|inactive|Weedkun has 30 seconds left.\n|\n|t:|1776638489\n|switch|p1b: Incineroar|Incineroar, L50, F|93/100\n|-ability|p1b: Incineroar|Intimidate|boost\n|-unboost|p2a: Incineroar|atk|1\n|-unboost|p2b: Basculegion|atk|1\n|move|p2a: Incineroar|Fake Out|p1a: Archaludon\n|-resisted|p1a: Archaludon|1\n|-damage|p1a: Archaludon|51/100 brn\n|-ability|p1a: Archaludon|Stamina|boost\n|-boost|p1a: Archaludon|def|1\n|move|p2b: Basculegion|Crunch|p1b: Incineroar\n|-resisted|p1b: Incineroar|1\n|-damage|p1b: Incineroar|86/100\n|cant|p1a: Archaludon|flinch\n|\n|-damage|p1a: Archaludon|45/100 brn|[from] brn\n|upkeep\n|turn|10\n|\n|t:|1776638507\n|switch|p2b: Ninetales|Ninetales-Alola, L50, M, shiny|100/100\n|-weather|Snowscape|[from] ability: Snow Warning|[of] p2b: Ninetales\n|move|p1a: Archaludon|Flash Cannon|p2a: Incineroar\n|-resisted|p2a: Incineroar|1\n|-damage|p2a: Incineroar|41/100\n|move|p2a: Incineroar|Parting Shot|p1a: Archaludon\n|-unboost|p1a: Archaludon|atk|1\n|-unboost|p1a: Archaludon|spa|1\n|\n|t:|1776638518\n|switch|p2a: Basculegion|Basculegion, L50, M, shiny|84/100|[from] Parting Shot\n|move|p1b: Incineroar|Darkest Lariat|p2b: Ninetales\n|-resisted|p2b: Ninetales|1\n|-damage|p2b: Ninetales|83/100\n|\n|-weather|Snowscape|[upkeep]\n|-damage|p1a: Archaludon|39/100 brn|[from] brn\n|upkeep\n|turn|11\n|\n|t:|1776638541\n|switch|p1b: Politoed|Politoed, L50, M|100/100\n|-weather|RainDance|[from] ability: Drizzle|[of] p1b: Politoed\n|move|p2a: Basculegion|Flip Turn|p1b: Politoed\n|-resisted|p1b: Politoed|1\n|-damage|p1b: Politoed|66/100\n|\n|t:|1776638549\n|switch|p2a: Incineroar|Incineroar, L50, F, shiny|41/100|[from] Flip Turn\n|-ability|p2a: Incineroar|Intimidate|boost\n|-unboost|p1a: Archaludon|atk|1\n|-unboost|p1b: Politoed|atk|1\n|move|p2b: Ninetales|Aurora Veil||[still]\n|-fail|p2b: Ninetales\n|move|p1a: Archaludon|Flash Cannon|p2b: Ninetales\n|-supereffective|p2b: Ninetales|2\n|-damage|p2b: Ninetales|0 fnt\n|faint|p2b: Ninetales\n|\n|-weather|RainDance|[upkeep]\n|-heal|p1b: Politoed|72/100|[from] item: Leftovers\n|-damage|p1a: Archaludon|33/100 brn|[from] brn\n|upkeep\n|\n|t:|1776638558\n|switch|p2b: Basculegion|Basculegion, L50, M, shiny|84/100\n|turn|12\n|\n|t:|1776638570\n|move|p1b: Politoed|Protect|p1b: Politoed\n|-singleturn|p1b: Politoed|Protect\n|move|p2a: Incineroar|Fake Out|p1a: Archaludon\n|-resisted|p1a: Archaludon|1\n|-damage|p1a: Archaludon|31/100 brn\n|-ability|p1a: Archaludon|Stamina|boost\n|-boost|p1a: Archaludon|def|1\n|move|p2b: Basculegion|Last Respects|p1b: Politoed\n|-activate|p1b: Politoed|move: Protect\n|cant|p1a: Archaludon|flinch\n|\n|-weather|RainDance|[upkeep]\n|-heal|p1b: Politoed|78/100|[from] item: Leftovers\n|-damage|p1a: Archaludon|25/100 brn|[from] brn\n|upkeep\n|turn|13\n|\n|t:|1776638592\n|switch|p1b: Incineroar|Incineroar, L50, F|86/100\n|-ability|p1b: Incineroar|Intimidate|boost\n|-unboost|p2a: Incineroar|atk|1\n|-unboost|p2b: Basculegion|atk|1\n|move|p2b: Basculegion|Last Respects|p1b: Incineroar\n|-resisted|p1b: Incineroar|1\n|-damage|p1b: Incineroar|69/100\n|move|p1a: Archaludon|Electro Shot||[still]\n|-prepare|p1a: Archaludon|Electro Shot\n|-boost|p1a: Archaludon|spa|1\n|-anim|p1a: Archaludon|Electro Shot|p2a: Incineroar\n|-damage|p2a: Incineroar|14/100\n|move|p2a: Incineroar|Parting Shot|p1a: Archaludon\n|-unboost|p1a: Archaludon|atk|0\n|-unboost|p1a: Archaludon|spa|1\n|\n|t:|1776638605\n|switch|p2a: Froslass|Froslass-Mega, L50, F, shiny|26/100|[from] Parting Shot\n|-weather|Snowscape|[from] ability: Snow Warning|[of] p2a: Froslass\n|\n|-weather|Snowscape|[upkeep]\n|-damage|p1a: Archaludon|19/100 brn|[from] brn\n|upkeep\n|turn|14\n|inactive|Weedkun has 30 seconds left.\n|\n|t:|1776638633\n|move|p1b: Incineroar|Fake Out|p2a: Froslass\n|-immune|p2a: Froslass\n|move|p2b: Basculegion|Last Respects|p1b: Incineroar\n|-resisted|p1b: Incineroar|1\n|-damage|p1b: Incineroar|50/100\n|move|p2a: Froslass|Blizzard|p1b: Incineroar|[spread] p1a,p1b\n|-resisted|p1b: Incineroar|1\n|-damage|p1a: Archaludon|0 fnt\n|-damage|p1b: Incineroar|34/100\n|faint|p1a: Archaludon\n|\n|-weather|Snowscape|[upkeep]\n|upkeep\n|\n|t:|1776638648\n|switch|p1a: Basculegion|Basculegion, L50, M|100/100\n|turn|15\n|\n|t:|1776638657\n|switch|p1b: Politoed|Politoed, L50, M|78/100\n|-weather|RainDance|[from] ability: Drizzle|[of] p1b: Politoed\n|move|p2a: Froslass|Protect|p2a: Froslass\n|-singleturn|p2a: Froslass|Protect\n|move|p1a: Basculegion|Last Respects|p2b: Basculegion\n|-supereffective|p2b: Basculegion|1\n|-damage|p2b: Basculegion|0 fnt\n|faint|p2b: Basculegion\n|\n|-weather|RainDance|[upkeep]\n|-heal|p1b: Politoed|84/100|[from] item: Leftovers\n|upkeep\n|\n|t:|1776638667\n|switch|p2b: Incineroar|Incineroar, L50, F, shiny|14/100\n|-ability|p2b: Incineroar|Intimidate|boost\n|-unboost|p1a: Basculegion|atk|1\n|-unboost|p1b: Politoed|atk|1\n|turn|16\n|-message|CrescenShinyDuoFan forfeited.\n|\n|win|Weedkun\n|raw|Weedkun's rating: 1175 &rarr; <strong>1197</strong><br />(+22 for winning)\n|raw|CrescenShinyDuoFan's rating: 1134 &rarr; <strong>1112</strong><br />(-22 for losing)\n|l|\u2606CrescenShinyDuoFan\n|player|p2|\n",
  "uploadtime": 1776638687,
  "views": 8,
  "formatid": "gen9championsvgc2026regma",
  "rating": 1112,
  "private": 0,
  "password": null
}