{
  "id": "gen9championsvgc2026regma-2583955043",
  "format": "[Gen 9 Champions] VGC 2026 Reg M-A",
  "players": [
    "SimMikaze",
    "Mudkipmaster05"
  ],
  "log": "|j|\u2606SimMikaze\n|j|\u2606Mudkipmaster05\n|t:|1776211501\n|gametype|doubles\n|player|p1|SimMikaze|miku-ghost|1192\n|player|p2|Mudkipmaster05|ghetsis|1107\n|gen|9\n|tier|[Gen 9 Champions] VGC 2026 Reg M-A\n|rated|\n|rule|Species Clause: Limit one of each Pok\u00e9mon\n|rule|Item Clause: Limit 1 of each item\n|clearpoke\n|poke|p1|Gengar, L50, M|\n|poke|p1|Sneasler, L50, F|\n|poke|p1|Incineroar, L50, M|\n|poke|p1|Sinistcha, L50|\n|poke|p1|Kommo-o, L50, F|\n|poke|p1|Blastoise, L50, M|\n|poke|p2|Araquanid, L50, F|\n|poke|p2|Alcremie-Matcha-Cream, L50, F|\n|poke|p2|Emboar, L50, M|\n|poke|p2|Hawlucha, L50, F|\n|poke|p2|Rotom-Mow, L50|\n|poke|p2|Bellibolt, L50, F|\n|teampreview|4\n|\n|t:|1776211558\n|teamsize|p1|4\n|teamsize|p2|4\n|start\n|switch|p1a: Gengar|Gengar, L50, M, shiny|100/100\n|switch|p1b: Incineroar|Incineroar, L50, M, shiny|100/100\n|switch|p2a: Bellibolt|Bellibolt, L50, F|100/100\n|switch|p2b: I'm so green!|Alcremie-Matcha-Cream, L50, F|100/100\n|-ability|p1b: Incineroar|Intimidate|boost\n|-unboost|p2a: Bellibolt|atk|1\n|-unboost|p2b: I'm so green!|atk|1\n|turn|1\n|\n|t:|1776211570\n|detailschange|p1a: Gengar|Gengar-Mega, L50, M, shiny\n|-mega|p1a: Gengar|Gengar|Gengarite\n|move|p1b: Incineroar|Fake Out|p2a: Bellibolt\n|-damage|p2a: Bellibolt|93/100\n|-start|p2a: Bellibolt|Charge|Fake Out|[from] ability: Electromorphosis\n|move|p1a: Gengar|Perish Song|p1a: Gengar\n|-start|p1a: Gengar|perish3|[silent]\n|-start|p1b: Incineroar|perish3|[silent]\n|-start|p2a: Bellibolt|perish3|[silent]\n|-start|p2b: I'm so green!|perish3|[silent]\n|-fieldactivate|move: Perish Song\n|move|p2b: I'm so green!|Decorate|p2a: Bellibolt\n|-boost|p2a: Bellibolt|atk|2\n|-boost|p2a: Bellibolt|spa|2\n|cant|p2a: Bellibolt|flinch\n|\n|-start|p1a: Gengar|perish3\n|-start|p1b: Incineroar|perish3\n|-start|p2b: I'm so green!|perish3\n|-start|p2a: Bellibolt|perish3\n|upkeep\n|turn|2\n|\n|t:|1776211592\n|move|p1a: Gengar|Protect|p1a: Gengar\n|-singleturn|p1a: Gengar|Protect\n|move|p1b: Incineroar|Parting Shot|p2a: Bellibolt\n|-unboost|p2a: Bellibolt|atk|1\n|-unboost|p2a: Bellibolt|spa|1\n|\n|t:|1776211607\n|switch|p1b: Sneasler|Sneasler, L50, F|100/100|[from] Parting Shot\n|move|p2b: I'm so green!|Decorate|p2a: Bellibolt\n|-boost|p2a: Bellibolt|atk|2\n|-boost|p2a: Bellibolt|spa|2\n|move|p2a: Bellibolt|Parabolic Charge|p1a: Gengar|[spread] p2b,p1b\n|-activate|p1a: Gengar|move: Protect\n|-damage|p2b: I'm so green!|15/100\n|-heal|p2a: Bellibolt|100/100|[from] drain|[of] p2b: I'm so green!\n|-enditem|p1b: Sneasler|Focus Sash\n|-damage|p1b: Sneasler|1/100\n|-end|p2a: Bellibolt|Charge|[silent]\n|\n|-start|p1a: Gengar|perish2\n|-start|p2b: I'm so green!|perish2\n|-start|p2a: Bellibolt|perish2\n|upkeep\n|turn|3\n|-activate|p2b: I'm so green!|item: Quick Claw\n|\n|t:|1776211632\n|move|p1b: Sneasler|Fake Out|p2a: Bellibolt\n|-damage|p2a: Bellibolt|89/100\n|-start|p2a: Bellibolt|Charge|Fake Out|[from] ability: Electromorphosis\n|move|p2b: I'm so green!|Mystical Fire|p1b: Sneasler\n|-damage|p1b: Sneasler|0 fnt\n|faint|p1b: Sneasler\n|move|p1a: Gengar|Substitute|p1a: Gengar\n|-start|p1a: Gengar|Substitute\n|-damage|p1a: Gengar|76/100\n|cant|p2a: Bellibolt|flinch\n|-end|p2a: Bellibolt|Charge|[silent]\n|\n|-start|p1a: Gengar|perish1\n|-start|p2b: I'm so green!|perish1\n|-start|p2a: Bellibolt|perish1\n|upkeep\n|\n|t:|1776211653\n|switch|p1b: Incineroar|Incineroar, L50, M, shiny|100/100\n|-ability|p1b: Incineroar|Intimidate|boost\n|-unboost|p2a: Bellibolt|atk|1\n|-unboost|p2b: I'm so green!|atk|1\n|turn|4\n|\n|t:|1776211667\n|switch|p1a: Blastoise|Blastoise, L50, M|100/100\n|move|p1b: Incineroar|Fake Out|p2a: Bellibolt\n|-damage|p2a: Bellibolt|81/100\n|-start|p2a: Bellibolt|Charge|Fake Out|[from] ability: Electromorphosis\n|move|p2b: I'm so green!|Charm|p1b: Incineroar\n|-unboost|p1b: Incineroar|atk|2\n|cant|p2a: Bellibolt|flinch\n|-end|p2a: Bellibolt|Charge|[silent]\n|\n|-start|p2b: I'm so green!|perish0\n|-start|p2a: Bellibolt|perish0\n|upkeep\n|faint|p2b: I'm so green!\n|faint|p2a: Bellibolt\n|\n|t:|1776211679\n|switch|p2b: Hawlucha|Hawlucha, L50, F|100/100\n|switch|p2a: \ud83d\udc1b|Araquanid, L50, F|100/100\n|turn|5\n|\n|t:|1776211704\n|detailschange|p2b: Hawlucha|Hawlucha-Mega, L50, F\n|-mega|p2b: Hawlucha|Hawlucha|Hawluchanite\n|move|p1a: Blastoise|Fake Out|p2b: Hawlucha\n|-damage|p2b: Hawlucha|90/100\n|cant|p2b: Hawlucha|flinch\n|move|p1b: Incineroar|Parting Shot|p2b: Hawlucha\n|-unboost|p2b: Hawlucha|atk|1\n|-unboost|p2b: Hawlucha|spa|1\n|\n|t:|1776211712\n|switch|p1b: Gengar|Gengar-Mega, L50, M, shiny|76/100|[from] Parting Shot\n|move|p2a: \ud83d\udc1b|Liquidation|p1a: Blastoise\n|-resisted|p1a: Blastoise|1\n|-damage|p1a: Blastoise|68/100\n|\n|upkeep\n|turn|6\n|\n|t:|1776211756\n|move|p1b: Gengar|Perish Song|p1b: Gengar\n|-start|p1a: Blastoise|perish3|[silent]\n|-start|p1b: Gengar|perish3|[silent]\n|-start|p2a: \ud83d\udc1b|perish3|[silent]\n|-start|p2b: Hawlucha|perish3|[silent]\n|-fieldactivate|move: Perish Song\n|move|p2b: Hawlucha|Rock Slide|p1a: Blastoise|[spread] p1a,p1b\n|-damage|p1a: Blastoise|56/100\n|-damage|p1b: Gengar|60/100\n|cant|p1a: Blastoise|flinch\n|move|p2a: \ud83d\udc1b|Liquidation|p1b: Gengar\n|-damage|p1b: Gengar|0 fnt\n|faint|p1b: Gengar\n|\n|-start|p2b: Hawlucha|perish3\n|-start|p1a: Blastoise|perish3\n|-start|p2a: \ud83d\udc1b|perish3\n|upkeep\n|\n|t:|1776211769\n|switch|p1b: Incineroar|Incineroar, L50, M, shiny|100/100\n|-ability|p1b: Incineroar|Intimidate|boost\n|-unboost|p2a: \ud83d\udc1b|atk|1\n|-unboost|p2b: Hawlucha|atk|1\n|turn|7\n|\n|t:|1776211788\n|move|p1b: Incineroar|Fake Out|p2a: \ud83d\udc1b\n|-damage|p2a: \ud83d\udc1b|89/100\n|move|p2b: Hawlucha|Rock Slide|p1a: Blastoise|[spread] p1a,p1b\n|-supereffective|p1b: Incineroar|1\n|-damage|p1a: Blastoise|46/100\n|-damage|p1b: Incineroar|85/100\n|cant|p1a: Blastoise|flinch\n|cant|p2a: \ud83d\udc1b|flinch\n|\n|-start|p2b: Hawlucha|perish2\n|-start|p1a: Blastoise|perish2\n|-start|p2a: \ud83d\udc1b|perish2\n|upkeep\n|turn|8\n|\n|t:|1776211807\n|move|p1b: Incineroar|Protect|p1b: Incineroar\n|-singleturn|p1b: Incineroar|Protect\n|move|p2b: Hawlucha|Rock Slide|p1b: Incineroar|[spread] p1a\n|-activate|p1b: Incineroar|move: Protect\n|-damage|p1a: Blastoise|37/100\n|move|p1a: Blastoise|Life Dew|p1a: Blastoise|[spread] p1a,p1b\n|-heal|p1a: Blastoise|62/100\n|-heal|p1b: Incineroar|100/100\n|move|p2a: \ud83d\udc1b|Liquidation|p1b: Incineroar\n|-activate|p1b: Incineroar|move: Protect\n|\n|-start|p2b: Hawlucha|perish1\n|-start|p1a: Blastoise|perish1\n|-start|p2a: \ud83d\udc1b|perish1\n|upkeep\n|turn|9\n|-message|Mudkipmaster05 forfeited.\n|\n|win|SimMikaze\n|raw|SimMikaze's rating: 1192 &rarr; <strong>1211</strong><br />(+19 for winning)\n|raw|Mudkipmaster05's rating: 1107 &rarr; <strong>1088</strong><br />(-19 for losing)\n|l|\u2606Mudkipmaster05\n|player|p2|\n",
  "uploadtime": 1776211817,
  "views": 21,
  "formatid": "gen9championsvgc2026regma",
  "rating": 1088,
  "private": 0,
  "password": null
}