{
  "id": "gen9championsvgc2026regma-2582446820",
  "format": "[Gen 9 Champions] VGC 2026 Reg M-A",
  "players": [
    "rajyesh1",
    "zauman7"
  ],
  "log": "|j|\u2606rajyesh1\n|j|\u2606zauman7\n|t:|1776092251\n|gametype|doubles\n|player|p1|rajyesh1|lucas|1115\n|player|p2|zauman7|101|1075\n|gen|9\n|tier|[Gen 9 Champions] VGC 2026 Reg M-A\n|rated|\n|rule|Species Clause: Limit one of each Pok\u00e9mon\n|rule|Item Clause: Limit 1 of each item\n|clearpoke\n|poke|p1|Mimikyu, L50, M|\n|poke|p1|Farigiraf, L50, F|\n|poke|p1|Torkoal, L50, F|\n|poke|p1|Golurk, L50|\n|poke|p1|Maushold, L50|\n|poke|p1|Decidueye-Hisui, L50, M|\n|poke|p2|Charizard, L50, F|\n|poke|p2|Venusaur, L50, M|\n|poke|p2|Incineroar, L50, F|\n|poke|p2|Milotic, L50, F|\n|poke|p2|Sinistcha, L50|\n|poke|p2|Garchomp, L50, F|\n|teampreview|4\n|inactive|Battle timer is ON: inactive players will automatically lose when time's up. (requested by rajyesh1)\n|inactive|rajyesh1 has 60 seconds left.\n|inactive|zauman7 has 60 seconds left.\n|inactive|rajyesh1 has 30 seconds left.\n|\n|t:|1776092313\n|teamsize|p1|4\n|teamsize|p2|4\n|start\n|switch|p1a: Mimikyu|Mimikyu, L50, M, shiny|100/100\n|switch|p1b: Maushold|Maushold, L50, shiny|100/100\n|switch|p2a: Charizard|Charizard, L50, F|100/100\n|switch|p2b: Garchomp|Garchomp, L50, F|100/100\n|turn|1\n|inactive|rajyesh1 has 30 seconds left.\n|\n|t:|1776092344\n|detailschange|p2a: Charizard|Charizard-Mega-Y, L50, F\n|-mega|p2a: Charizard|Charizard|Charizardite Y\n|-weather|SunnyDay|[from] ability: Drought|[of] p2a: Charizard\n|move|p1b: Maushold|Follow Me|p1b: Maushold\n|-singleturn|p1b: Maushold|move: Follow Me\n|move|p2b: Garchomp|Earthquake|p1a: Mimikyu|[spread] p1a,p1b\n|-immune|p2a: Charizard\n|-activate|p1a: Mimikyu|ability: Disguise\n|-damage|p1a: Mimikyu|100/100\n|-damage|p1b: Maushold|52/100\n|detailschange|p1a: Mimikyu|Mimikyu-Busted, L50, M, shiny\n|-damage|p1a: Mimikyu|88/100|[from] pokemon: Mimikyu-Busted\n|move|p2a: Charizard|Heat Wave|p1a: Mimikyu|[spread] p1a,p1b\n|-damage|p1a: Mimikyu|38/100\n|-damage|p1b: Maushold|0 fnt\n|faint|p1b: Maushold\n|move|p1a: Mimikyu|Trick Room|p1a: Mimikyu\n|-fieldstart|move: Trick Room|[of] p1a: Mimikyu\n|\n|-weather|SunnyDay|[upkeep]\n|upkeep\n|\n|t:|1776092359\n|switch|p1b: Golurk|Golurk, L50, shiny|100/100\n|turn|2\n|\n|t:|1776092382\n|switch|p2a: Sinistcha|Sinistcha, L50|100/100\n|detailschange|p1b: Golurk|Golurk-Mega, L50, shiny\n|-mega|p1b: Golurk|Golurk|Golurkite\n|move|p1b: Golurk|Rock Slide|p2b: Garchomp|[spread] p2a\n|-miss|p1b: Golurk|p2b: Garchomp\n|-damage|p2a: Sinistcha|78/100\n|move|p1a: Mimikyu|Play Rough|p2b: Garchomp\n|-supereffective|p2b: Garchomp|1\n|-damage|p2b: Garchomp|48/100\n|-damage|p1a: Mimikyu|25/100|[from] ability: Rough Skin|[of] p2b: Garchomp\n|move|p2b: Garchomp|Earthquake|p1b: Golurk|[spread] p2a,p1a,p1b\n|-resisted|p2a: Sinistcha|1\n|-damage|p2a: Sinistcha|61/100\n|-damage|p1a: Mimikyu|0 fnt\n|-damage|p1b: Golurk|68/100\n|faint|p1a: Mimikyu\n|\n|-weather|SunnyDay|[upkeep]\n|upkeep\n|\n|t:|1776092396\n|switch|p1a: Decidueye|Decidueye-Hisui, L50, M, shiny|100/100\n|turn|3\n|\n|t:|1776092411\n|switch|p2b: Milotic|Milotic, L50, F|100/100\n|move|p1b: Golurk|Earthquake|p2a: Sinistcha|[spread] p1a,p2a,p2b\n|-resisted|p1a: Decidueye|1\n|-resisted|p2a: Sinistcha|1\n|-damage|p1a: Decidueye|72/100\n|-damage|p2a: Sinistcha|38/100\n|-damage|p2b: Milotic|50/100\n|move|p1a: Decidueye|Knock Off|p2a: Sinistcha\n|-supereffective|p2a: Sinistcha|1\n|-damage|p2a: Sinistcha|0 fnt\n|-enditem|p2a: Sinistcha|Mental Herb|[from] move: Knock Off|[of] p1a: Decidueye\n|faint|p2a: Sinistcha\n|\n|-weather|SunnyDay|[upkeep]\n|-heal|p2b: Milotic|55/100|[from] item: Leftovers\n|upkeep\n|\n|t:|1776092423\n|switch|p2a: Charizard|Charizard-Mega-Y, L50, F|100/100\n|turn|4\n|\n|t:|1776092437\n|move|p2b: Milotic|Protect|p2b: Milotic\n|-singleturn|p2b: Milotic|Protect\n|move|p2a: Charizard|Protect|p2a: Charizard\n|-singleturn|p2a: Charizard|Protect\n|move|p1b: Golurk|Rock Slide|p2b: Milotic|[spread] \n|-activate|p2a: Charizard|move: Protect\n|-activate|p2b: Milotic|move: Protect\n|move|p1a: Decidueye|Knock Off|p2b: Milotic\n|-activate|p2b: Milotic|move: Protect\n|\n|-weather|SunnyDay|[upkeep]\n|-heal|p2b: Milotic|61/100|[from] item: Leftovers\n|upkeep\n|turn|5\n|\n|t:|1776092456\n|switch|p2a: Garchomp|Garchomp, L50, F|48/100\n|move|p1b: Golurk|Rock Slide|p2b: Milotic|[spread] p2b\n|-miss|p1b: Golurk|p2a: Garchomp\n|-damage|p2b: Milotic|33/100\n|move|p1a: Decidueye|Knock Off|p2b: Milotic\n|-damage|p2b: Milotic|0 fnt\n|-enditem|p2b: Milotic|Leftovers|[from] move: Knock Off|[of] p1a: Decidueye\n|faint|p2b: Milotic\n|\n|-weather|none\n|-fieldend|move: Trick Room\n|upkeep\n|\n|t:|1776092468\n|switch|p2b: Charizard|Charizard-Mega-Y, L50, F|100/100\n|-weather|SunnyDay|[from] ability: Drought|[of] p2b: Charizard\n|turn|6\n|\n|t:|1776092481\n|move|p2a: Garchomp|Earthquake|p1a: Decidueye|[spread] p1a,p1b\n|-immune|p2b: Charizard\n|-resisted|p1a: Decidueye|1\n|-damage|p1a: Decidueye|50/100\n|-damage|p1b: Golurk|34/100\n|move|p2b: Charizard|Heat Wave|p1a: Decidueye|[spread] p1a,p1b\n|-supereffective|p1a: Decidueye|1\n|-damage|p1a: Decidueye|0 fnt\n|-damage|p1b: Golurk|0 fnt\n|faint|p1a: Decidueye\n|faint|p1b: Golurk\n|\n|win|zauman7\n|raw|rajyesh1's rating: 1115 &rarr; <strong>1087</strong><br />(-28 for losing)\n|raw|zauman7's rating: 1075 &rarr; <strong>1107</strong><br />(+32 for winning)\n",
  "uploadtime": 1776092490,
  "views": 9,
  "formatid": "gen9championsvgc2026regma",
  "rating": 1087,
  "private": 0,
  "password": null
}