{
  "id": "gen9championsvgc2026regma-2583330627",
  "format": "[Gen 9 Champions] VGC 2026 Reg M-A",
  "players": [
    "testhan92",
    "darkhealer0099"
  ],
  "log": "|j|\u2606testhan92\n|j|\u203ddarkhealer0099\n|t:|1776167527\n|gametype|doubles\n|player|p1|testhan92|265|1203\n|player|p2|darkhealer0099|265|1229\n|gen|9\n|tier|[Gen 9 Champions] VGC 2026 Reg M-A\n|rated|\n|rule|Species Clause: Limit one of each Pok\u00e9mon\n|rule|Item Clause: Limit 1 of each item\n|clearpoke\n|poke|p1|Tyranitar, L50, F|\n|poke|p1|Corviknight, L50, F|\n|poke|p1|Incineroar, L50, F|\n|poke|p1|Rotom-Wash, L50|\n|poke|p1|Meganium, L50, F|\n|poke|p1|Excadrill, L50, F|\n|poke|p2|Sinistcha-Masterpiece, L50|\n|poke|p2|Pelipper, L50, F|\n|poke|p2|Dragonite, L50, F|\n|poke|p2|Basculegion, L50, M|\n|poke|p2|Archaludon, L50, M|\n|poke|p2|Sneasler, L50, M|\n|teampreview|4\n|\n|t:|1776167591\n|teamsize|p1|4\n|teamsize|p2|4\n|start\n|switch|p1a: Rotom|Rotom-Wash, L50|100/100\n|switch|p1b: Incineroar|Incineroar, L50, F|100/100\n|switch|p2a: Pelipper|Pelipper, L50, F|100/100\n|switch|p2b: Archaludon|Archaludon, L50, M|100/100\n|-weather|RainDance|[from] ability: Drizzle|[of] p2a: Pelipper\n|-ability|p1b: Incineroar|Intimidate|boost\n|-unboost|p2a: Pelipper|atk|1\n|-unboost|p2b: Archaludon|atk|1\n|turn|1\n|\n|t:|1776167635\n|move|p2a: Pelipper|Protect|p2a: Pelipper\n|-singleturn|p2a: Pelipper|Protect\n|move|p1a: Rotom|Volt Switch|p2a: Pelipper\n|-activate|p2a: Pelipper|move: Protect\n|move|p2b: Archaludon|Electro Shot||[still]\n|-prepare|p2b: Archaludon|Electro Shot\n|-boost|p2b: Archaludon|spa|1\n|-anim|p2b: Archaludon|Electro Shot|p1b: Incineroar\n|-damage|p1b: Incineroar|53/100\n|move|p1b: Incineroar|Parting Shot|p2b: Archaludon\n|-unboost|p2b: Archaludon|atk|1\n|-unboost|p2b: Archaludon|spa|1\n|\n|t:|1776167642\n|switch|p1b: Tyranitar|Tyranitar, L50, F|100/100|[from] Parting Shot\n|-weather|Sandstorm|[from] ability: Sand Stream|[of] p1b: Tyranitar\n|\n|-weather|Sandstorm|[upkeep]\n|-damage|p1a: Rotom|95/100|[from] Sandstorm\n|-damage|p2a: Pelipper|95/100|[from] Sandstorm\n|upkeep\n|turn|2\n|\n|t:|1776167662\n|switch|p2a: Dragonite|Dragonite, L50, F|100/100\n|move|p2b: Archaludon|Protect|p2b: Archaludon\n|-singleturn|p2b: Archaludon|Protect\n|move|p1a: Rotom|Volt Switch|p2a: Dragonite\n|-damage|p2a: Dragonite|86/100\n|\n|t:|1776167671\n|switch|p1a: Excadrill|Excadrill, L50, F|100/100|[from] Volt Switch\n|move|p1b: Tyranitar|Knock Off|p2a: Dragonite\n|-damage|p2a: Dragonite|49/100\n|\n|-weather|Sandstorm|[upkeep]\n|-damage|p2a: Dragonite|43/100|[from] Sandstorm\n|upkeep\n|turn|3\n|\n|t:|1776167698\n|switch|p2a: Pelipper|Pelipper, L50, F|95/100\n|-weather|RainDance|[from] ability: Drizzle|[of] p2a: Pelipper\n|move|p1b: Tyranitar|Protect|p1b: Tyranitar\n|-singleturn|p1b: Tyranitar|Protect\n|move|p1a: Excadrill|Earthquake|p2a: Pelipper|[spread] p2b\n|-activate|p1b: Tyranitar|move: Protect\n|-immune|p2a: Pelipper\n|-supereffective|p2b: Archaludon|1\n|-damage|p2b: Archaludon|33/100\n|-ability|p2b: Archaludon|Stamina|boost\n|-boost|p2b: Archaludon|def|1\n|move|p2b: Archaludon|Electro Shot||[still]\n|-prepare|p2b: Archaludon|Electro Shot\n|-boost|p2b: Archaludon|spa|1\n|-anim|p2b: Archaludon|Electro Shot|p1b: Tyranitar\n|-activate|p1b: Tyranitar|move: Protect\n|\n|-weather|RainDance|[upkeep]\n|-heal|p2b: Archaludon|40/100|[from] item: Leftovers\n|upkeep\n|turn|4\n|\n|t:|1776167728\n|switch|p2a: Sinistcha|Sinistcha-Masterpiece, L50|100/100\n|-heal|p2b: Archaludon|64/100|[from] ability: Hospitality|[of] p2a: Sinistcha\n|detailschange|p1b: Tyranitar|Tyranitar-Mega, L50, F\n|-mega|p1b: Tyranitar|Tyranitar|Tyranitarite\n|-weather|Sandstorm|[from] ability: Sand Stream|[of] p1b: Tyranitar\n|move|p1a: Excadrill|High Horsepower|p2b: Archaludon\n|-supereffective|p2b: Archaludon|1\n|-damage|p2b: Archaludon|9/100\n|-ability|p2b: Archaludon|Stamina|boost\n|-boost|p2b: Archaludon|def|1\n|move|p1b: Tyranitar|Rock Slide|p2a: Sinistcha|[spread] p2a,p2b\n|-resisted|p2b: Archaludon|1\n|-damage|p2a: Sinistcha|75/100\n|-damage|p2b: Archaludon|4/100\n|-ability|p2b: Archaludon|Stamina|boost\n|-boost|p2b: Archaludon|def|1\n|move|p2b: Archaludon|Electro Shot||[still]\n|-prepare|p2b: Archaludon|Electro Shot\n|-boost|p2b: Archaludon|spa|1\n|\n|-weather|Sandstorm|[upkeep]\n|-damage|p2a: Sinistcha|68/100|[from] Sandstorm\n|-heal|p2b: Archaludon|10/100|[from] item: Leftovers\n|upkeep\n|turn|5\n|\n|t:|1776167758\n|switch|p1b: Rotom|Rotom-Wash, L50|95/100\n|move|p1a: Excadrill|Earthquake|p2a: Sinistcha|[spread] p2a,p2b\n|-immune|p1b: Rotom|[from] ability: Levitate\n|-resisted|p2a: Sinistcha|1\n|-supereffective|p2b: Archaludon|1\n|-damage|p2a: Sinistcha|49/100\n|-damage|p2b: Archaludon|0 fnt\n|-enditem|p2a: Sinistcha|Sitrus Berry|[eat]\n|-heal|p2a: Sinistcha|74/100|[from] item: Sitrus Berry\n|faint|p2b: Archaludon\n|move|p2a: Sinistcha|Life Dew|p2a: Sinistcha\n|-heal|p2a: Sinistcha|99/100\n|\n|-weather|Sandstorm|[upkeep]\n|-damage|p1b: Rotom|89/100|[from] Sandstorm\n|-damage|p2a: Sinistcha|93/100|[from] Sandstorm\n|upkeep\n|\n|t:|1776167771\n|switch|p2b: Pelipper|Pelipper, L50, F|95/100\n|-weather|RainDance|[from] ability: Drizzle|[of] p2b: Pelipper\n|turn|6\n|\n|t:|1776167793\n|switch|p2a: Dragonite|Dragonite, L50, F|43/100\n|move|p2b: Pelipper|Protect|p2b: Pelipper\n|-singleturn|p2b: Pelipper|Protect\n|move|p1b: Rotom|Volt Switch|p2b: Pelipper\n|-activate|p2b: Pelipper|move: Protect\n|move|p1a: Excadrill|Iron Head|p2a: Dragonite\n|-damage|p2a: Dragonite|0 fnt\n|faint|p2a: Dragonite\n|\n|-weather|RainDance|[upkeep]\n|upkeep\n|\n|t:|1776167802\n|switch|p2a: Sinistcha|Sinistcha-Masterpiece, L50|93/100\n|-heal|p2b: Pelipper|100/100|[from] ability: Hospitality|[of] p2a: Sinistcha\n|turn|7\n|\n|t:|1776167813\n|move|p1b: Rotom|Volt Switch|p2b: Pelipper\n|-supereffective|p2b: Pelipper|2\n|-enditem|p2b: Pelipper|Focus Sash\n|-damage|p2b: Pelipper|1/100\n|\n|t:|1776167818\n|switch|p1b: Incineroar|Incineroar, L50, F|53/100|[from] Volt Switch\n|-ability|p1b: Incineroar|Intimidate|boost\n|-unboost|p2a: Sinistcha|atk|1\n|-unboost|p2b: Pelipper|atk|1\n|move|p1a: Excadrill|Iron Head|p2b: Pelipper\n|-resisted|p2b: Pelipper|1\n|-damage|p2b: Pelipper|0 fnt\n|faint|p2b: Pelipper\n|move|p2a: Sinistcha|Matcha Gotcha|p1a: Excadrill|[spread] p1a,p1b\n|-resisted|p1b: Incineroar|1\n|-damage|p1a: Excadrill|69/100\n|-heal|p2a: Sinistcha|100/100|[from] drain|[of] p1a: Excadrill\n|-damage|p1b: Incineroar|44/100\n|\n|-weather|RainDance|[upkeep]\n|upkeep\n|turn|8\n|\n|t:|1776167837\n|move|p1a: Excadrill|Iron Head|p2a: Sinistcha\n|-damage|p2a: Sinistcha|60/100\n|move|p1b: Incineroar|Darkest Lariat|p2a: Sinistcha\n|-supereffective|p2a: Sinistcha|1\n|-damage|p2a: Sinistcha|3/100\n|move|p2a: Sinistcha|Matcha Gotcha|p1b: Incineroar|[spread] p1a,p1b\n|-resisted|p1b: Incineroar|1\n|-damage|p1a: Excadrill|35/100\n|-heal|p2a: Sinistcha|21/100|[from] drain|[of] p1a: Excadrill\n|-damage|p1b: Incineroar|35/100\n|-heal|p2a: Sinistcha|26/100|[from] drain|[of] p1b: Incineroar\n|\n|-weather|RainDance|[upkeep]\n|upkeep\n|turn|9\n|-message|darkhealer0099 forfeited.\n|\n|win|testhan92\n|raw|testhan92's rating: 1203 &rarr; <strong>1230</strong><br />(+27 for winning)\n|raw|darkhealer0099's rating: 1229 &rarr; <strong>1202</strong><br />(-27 for losing)\n|l|\u203ddarkhealer0099\n|player|p2|\n",
  "uploadtime": 1776167857,
  "views": 28,
  "formatid": "gen9championsvgc2026regma",
  "rating": 1202,
  "private": 0,
  "password": null
}