{
  "id": "gen9championsvgc2026regma-2588005880",
  "format": "[Gen 9 Champions] VGC 2026 Reg M-A",
  "players": [
    "Chema_1024",
    "qfzx"
  ],
  "log": "|j|\u2606Chema_1024\n|j|\u2606qfzx\n|t:|1776591859\n|gametype|doubles\n|player|p1|Chema_1024|2|1229\n|player|p2|qfzx|cynthia-gen4|1250\n|gen|9\n|tier|[Gen 9 Champions] VGC 2026 Reg M-A\n|rated|\n|rule|Species Clause: Limit one of each Pok\u00e9mon\n|rule|Item Clause: Limit 1 of each item\n|clearpoke\n|poke|p1|Incineroar, L50, F|\n|poke|p1|Scizor, L50, M|\n|poke|p1|Mimikyu, L50, M|\n|poke|p1|Politoed, L50, M|\n|poke|p1|Hatterene, L50, F|\n|poke|p1|Dragonite, L50, F|\n|poke|p2|Charizard, L50, M|\n|poke|p2|Whimsicott, L50, F|\n|poke|p2|Garchomp, L50, M|\n|poke|p2|Sneasler, L50, F|\n|poke|p2|Incineroar, L50, M|\n|poke|p2|Kingambit, L50, M|\n|teampreview|4\n|inactive|Battle timer is ON: inactive players will automatically lose when time's up. (requested by qfzx)\n|inactive|Chema_1024 has 60 seconds left.\n|\n|t:|1776591896\n|teamsize|p1|4\n|teamsize|p2|4\n|start\n|switch|p1a: Hatterene|Hatterene, L50, F|100/100\n|switch|p1b: Mimikyu|Mimikyu, L50, M|100/100\n|switch|p2a: Charizard|Charizard, L50, M|100/100\n|switch|p2b: Garchomp|Garchomp, L50, M|100/100\n|turn|1\n|\n|t:|1776591908\n|detailschange|p2a: Charizard|Charizard-Mega-Y, L50, M\n|-mega|p2a: Charizard|Charizard|Charizardite Y\n|-weather|SunnyDay|[from] ability: Drought|[of] p2a: Charizard\n|move|p1a: Hatterene|Protect|p1a: Hatterene\n|-singleturn|p1a: Hatterene|Protect\n|move|p2b: Garchomp|Earthquake|p1a: Hatterene|[spread] p1b\n|-activate|p1a: Hatterene|move: Protect\n|-immune|p2a: Charizard\n|-activate|p1b: Mimikyu|ability: Disguise\n|-damage|p1b: Mimikyu|100/100\n|detailschange|p1b: Mimikyu|Mimikyu-Busted, L50, M\n|-damage|p1b: Mimikyu|88/100|[from] pokemon: Mimikyu-Busted\n|move|p2a: Charizard|Heat Wave|p1b: Mimikyu|[spread] p1b\n|-activate|p1a: Hatterene|move: Protect\n|-damage|p1b: Mimikyu|9/100\n|move|p1b: Mimikyu|Trick Room|p1b: Mimikyu\n|-fieldstart|move: Trick Room|[of] p1b: Mimikyu\n|\n|-weather|SunnyDay|[upkeep]\n|upkeep\n|turn|2\n|inactive|Chema_1024 has 30 seconds left.\n|\n|t:|1776591943\n|switch|p2b: Kingambit|Kingambit, L50, M|100/100\n|move|p1b: Mimikyu|Protect|p1b: Mimikyu\n|-singleturn|p1b: Mimikyu|Protect\n|move|p1a: Hatterene|Dazzling Gleam|p2b: Kingambit|[spread] p2a,p2b\n|-resisted|p2a: Charizard|1\n|-damage|p2a: Charizard|80/100\n|-damage|p2b: Kingambit|62/100\n|move|p2a: Charizard|Heat Wave|p1a: Hatterene|[spread] p1a\n|-activate|p1b: Mimikyu|move: Protect\n|-damage|p1a: Hatterene|19/100\n|\n|-weather|SunnyDay|[upkeep]\n|upkeep\n|turn|3\n|inactive|qfzx has 30 seconds left.\n|\n|t:|1776591968\n|switch|p2a: Garchomp|Garchomp, L50, M|100/100\n|move|p1a: Hatterene|Psychic|p2a: Garchomp\n|-damage|p2a: Garchomp|41/100\n|move|p2b: Kingambit|Kowtow Cleave|p1b: Mimikyu\n|-damage|p1b: Mimikyu|0 fnt\n|faint|p1b: Mimikyu\n|\n|-weather|SunnyDay|[upkeep]\n|upkeep\n|\n|t:|1776591981\n|switch|p1b: Dragonite|Dragonite, L50, F|100/100\n|turn|4\n|\n|t:|1776592004\n|switch|p2a: Whimsicott|Whimsicott, L50, F|100/100\n|move|p2b: Kingambit|Sucker Punch|p1a: Hatterene\n|-damage|p1a: Hatterene|0 fnt\n|faint|p1a: Hatterene\n|move|p1b: Dragonite|Low Kick|p2b: Kingambit\n|-supereffective|p2b: Kingambit|2\n|-damage|p2b: Kingambit|0 fnt\n|faint|p2b: Kingambit\n|\n|-weather|SunnyDay|[upkeep]\n|upkeep\n|\n|t:|1776592015\n|switch|p1a: Politoed|Politoed, L50, M|100/100\n|switch|p2b: Charizard|Charizard-Mega-Y, L50, M|80/100\n|-weather|RainDance|[from] ability: Drizzle|[of] p1a: Politoed\n|-weather|SunnyDay|[from] ability: Drought|[of] p2b: Charizard\n|turn|5\n|\n|t:|1776592032\n|move|p2a: Whimsicott|Encore|p1b: Dragonite\n|-start|p1b: Dragonite|Encore\n|move|p1a: Politoed|Ice Beam|p2a: Whimsicott\n|-supereffective|p2a: Whimsicott|1\n|-damage|p2a: Whimsicott|33/100\n|move|p1b: Dragonite|Low Kick|p2a: Whimsicott\n|-resisted|p2a: Whimsicott|1\n|-damage|p2a: Whimsicott|27/100\n|move|p2b: Charizard|Solar Beam||[still]\n|-prepare|p2b: Charizard|Solar Beam\n|-anim|p2b: Charizard|Solar Beam|p1a: Politoed\n|-supereffective|p1a: Politoed|1\n|-damage|p1a: Politoed|3/100\n|\n|-weather|SunnyDay|[upkeep]\n|-heal|p1a: Politoed|9/100|[from] item: Leftovers\n|-fieldend|move: Trick Room\n|upkeep\n|turn|6\n|inactive|Chema_1024 has 30 seconds left.\n|inactive|Chema_1024 has 20 seconds left.\n|inactive|Chema_1024 has 15 seconds left.\n|-message|Chema_1024 forfeited.\n|\n|win|qfzx\n|raw|Chema_1024's rating: 1229 &rarr; <strong>1206</strong><br />(-23 for losing)\n|raw|qfzx's rating: 1250 &rarr; <strong>1273</strong><br />(+23 for winning)\n",
  "uploadtime": 1776592076,
  "views": 11,
  "formatid": "gen9championsvgc2026regma",
  "rating": 1206,
  "private": 0,
  "password": null
}