{
  "id": "gen9championsvgc2026regma-2587087068",
  "format": "[Gen 9 Champions] VGC 2026 Reg M-A",
  "players": [
    "myfairyromance",
    "jimbuto"
  ],
  "log": "|j|\u2606myfairyromance\n|j|\u2606jimbuto\n|t:|1776491564\n|gametype|doubles\n|player|p1|myfairyromance|266|1136\n|player|p2|jimbuto|170|1135\n|gen|9\n|tier|[Gen 9 Champions] VGC 2026 Reg M-A\n|rated|\n|rule|Species Clause: Limit one of each Pok\u00e9mon\n|rule|Item Clause: Limit 1 of each item\n|clearpoke\n|poke|p1|Slowking-Galar, L50, F|\n|poke|p1|Slowbro, L50, F|\n|poke|p1|Gallade, L50, M|\n|poke|p1|Hatterene, L50, F|\n|poke|p1|Machamp, L50, F|\n|poke|p1|Farigiraf, L50, F|\n|poke|p2|Drampa, L50, M|\n|poke|p2|Whimsicott, L50, M|\n|poke|p2|Tyranitar, L50, M|\n|poke|p2|Rotom-Heat, L50|\n|poke|p2|Tinkaton, L50, F|\n|poke|p2|Primarina, L50, M|\n|teampreview|4\n|inactive|Battle timer is ON: inactive players will automatically lose when time's up. (requested by myfairyromance)\n|\n|t:|1776491581\n|teamsize|p1|4\n|teamsize|p2|4\n|start\n|switch|p1a: Slowbro|Slowbro, L50, F|100/100\n|switch|p1b: Farigiraf|Farigiraf, L50, F|100/100\n|switch|p2a: Whimsicott|Whimsicott, L50, M|100/100\n|switch|p2b: Rotom|Rotom-Heat, L50|100/100\n|turn|1\n|\n|t:|1776491603\n|move|p2b: Rotom|Trick||[still]\n|-fail|p2b: Rotom\n|move|p1a: Slowbro|Scald|p2b: Rotom\n|-supereffective|p2b: Rotom|1\n|-crit|p2b: Rotom\n|-damage|p2b: Rotom|18/100\n|move|p2a: Whimsicott|Trick Room|p2a: Whimsicott\n|-fieldstart|move: Trick Room|[of] p2a: Whimsicott\n|move|p1b: Farigiraf|Trick Room|p1b: Farigiraf\n|-fieldend|move: Trick Room\n|\n|upkeep\n|turn|2\n|inactive|myfairyromance has 30 seconds left.\n|\n|t:|1776491633\n|move|p2b: Rotom|Trick|p1b: Farigiraf\n|-activate|p2b: Rotom|move: Trick|[of] p1b: Farigiraf\n|-item|p1b: Farigiraf|Choice Scarf|[from] move: Trick\n|-item|p2b: Rotom|Sitrus Berry|[from] move: Trick\n|-enditem|p2b: Rotom|Sitrus Berry|[eat]\n|-heal|p2b: Rotom|43/100|[from] item: Sitrus Berry\n|move|p1a: Slowbro|Scald|p2b: Rotom\n|-supereffective|p2b: Rotom|1\n|-damage|p2b: Rotom|0 fnt\n|faint|p2b: Rotom\n|move|p2a: Whimsicott|Trick Room|p2a: Whimsicott\n|-fieldstart|move: Trick Room|[of] p2a: Whimsicott\n|move|p1b: Farigiraf|Trick Room|p1b: Farigiraf\n|-fieldend|move: Trick Room\n|\n|upkeep\n|\n|t:|1776491646\n|switch|p2b: Primarina|Primarina, L50, M|100/100\n|turn|3\n|\n|t:|1776491663\n|switch|p1a: Slowking|Slowking-Galar, L50, F|100/100\n|move|p2a: Whimsicott|Moonblast|p1b: Farigiraf\n|-damage|p1b: Farigiraf|76/100\n|move|p2b: Primarina|Hyper Voice|p1b: Farigiraf|[spread] p1a,p1b\n|-damage|p1a: Slowking|69/100\n|-damage|p1b: Farigiraf|48/100\n|move|p1b: Farigiraf|Trick Room|p1b: Farigiraf\n|-fieldstart|move: Trick Room|[of] p1b: Farigiraf\n|\n|upkeep\n|turn|4\n|inactive|jimbuto has 30 seconds left.\n|inactive|jimbuto has 20 seconds left.\n|\n|t:|1776491698\n|switch|p1b: Slowbro|Slowbro, L50, F|100/100\n|move|p2b: Primarina|Protect|p2b: Primarina\n|-singleturn|p2b: Primarina|Protect\n|move|p1a: Slowking|Sludge Bomb|p2b: Primarina\n|-activate|p2b: Primarina|move: Protect\n|move|p2a: Whimsicott|Moonblast|p1b: Slowbro\n|-crit|p1b: Slowbro\n|-damage|p1b: Slowbro|47/100\n|-unboost|p1b: Slowbro|spa|1\n|\n|upkeep\n|turn|5\n|\n|t:|1776491717\n|switch|p2b: Tyranitar|Tyranitar, L50, M|100/100\n|-weather|Sandstorm|[from] ability: Sand Stream|[of] p2b: Tyranitar\n|move|p1b: Slowbro|Psychic|p2a: Whimsicott\n|-damage|p2a: Whimsicott|58/100\n|move|p1a: Slowking|Sludge Bomb|p2b: Tyranitar\n|-resisted|p2b: Tyranitar|1\n|-damage|p2b: Tyranitar|88/100\n|-status|p2b: Tyranitar|psn\n|move|p2a: Whimsicott|Moonblast|p1b: Slowbro\n|-damage|p1b: Slowbro|6/100\n|-unboost|p1b: Slowbro|spa|1\n|\n|-weather|Sandstorm|[upkeep]\n|-damage|p1a: Slowking|63/100|[from] Sandstorm\n|-damage|p1b: Slowbro|0 fnt|[from] Sandstorm\n|-damage|p2a: Whimsicott|52/100|[from] Sandstorm\n|faint|p1b: Slowbro\n|-damage|p2b: Tyranitar|76/100 psn|[from] psn\n|upkeep\n|\n|t:|1776491738\n|switch|p1b: Farigiraf|Farigiraf, L50, F|48/100\n|turn|6\n|\n|t:|1776491758\n|detailschange|p2b: Tyranitar|Tyranitar-Mega, L50, M\n|-mega|p2b: Tyranitar|Tyranitar|Tyranitarite\n|move|p2a: Whimsicott|Protect|p2a: Whimsicott\n|-singleturn|p2a: Whimsicott|Protect\n|move|p1a: Slowking|Sludge Bomb|p2a: Whimsicott\n|-activate|p2a: Whimsicott|move: Protect\n|move|p2b: Tyranitar|Earthquake|p1b: Farigiraf|[spread] p1a,p1b\n|-activate|p2a: Whimsicott|move: Protect\n|-supereffective|p1a: Slowking|1\n|-damage|p1a: Slowking|0 fnt\n|-damage|p1b: Farigiraf|16/100\n|faint|p1a: Slowking\n|move|p1b: Farigiraf|Psychic|p2b: Tyranitar\n|-immune|p2b: Tyranitar\n|\n|-weather|Sandstorm|[upkeep]\n|-damage|p1b: Farigiraf|10/100|[from] Sandstorm\n|-damage|p2a: Whimsicott|46/100|[from] Sandstorm\n|-damage|p2b: Tyranitar|64/100 psn|[from] psn\n|upkeep\n|\n|t:|1776491777\n|switch|p1a: Gallade|Gallade, L50, M|100/100\n|turn|7\n|inactive|jimbuto has 30 seconds left.\n|\n|t:|1776491806\n|detailschange|p1a: Gallade|Gallade-Mega, L50, M\n|-mega|p1a: Gallade|Gallade|Galladite\n|move|p2b: Tyranitar|Protect|p2b: Tyranitar\n|-singleturn|p2b: Tyranitar|Protect\n|move|p2a: Whimsicott|Tailwind|p2a: Whimsicott\n|-sidestart|p2: jimbuto|move: Tailwind\n|move|p1b: Farigiraf|Psychic|p2a: Whimsicott\n|-damage|p2a: Whimsicott|0 fnt\n|faint|p2a: Whimsicott\n|move|p1a: Gallade|Close Combat|p2b: Tyranitar\n|-activate|p2b: Tyranitar|move: Protect\n|\n|-weather|Sandstorm|[upkeep]\n|-damage|p1b: Farigiraf|4/100|[from] Sandstorm\n|-damage|p1a: Gallade|95/100|[from] Sandstorm\n|-damage|p2b: Tyranitar|52/100 psn|[from] psn\n|-fieldend|move: Trick Room\n|upkeep\n|\n|t:|1776491813\n|switch|p2a: Primarina|Primarina, L50, M|100/100\n|turn|8\n|\n|t:|1776491830\n|move|p2b: Tyranitar|Rock Slide|p1a: Gallade|[spread] p1a,p1b\n|-resisted|p1a: Gallade|1\n|-damage|p1a: Gallade|73/100\n|-damage|p1b: Farigiraf|0 fnt\n|faint|p1b: Farigiraf\n|move|p2a: Primarina|Moonblast|p1a: Gallade\n|-supereffective|p1a: Gallade|1\n|-damage|p1a: Gallade|0 fnt\n|faint|p1a: Gallade\n|\n|win|jimbuto\n|raw|myfairyromance's rating: 1136 &rarr; <strong>1111</strong><br />(-25 for losing)\n|raw|jimbuto's rating: 1135 &rarr; <strong>1160</strong><br />(+25 for winning)\n|c|\u2606jimbuto|outplayed\n|c|\u2606jimbuto|ez\n|l|\u2606myfairyromance\n|player|p1|\n",
  "uploadtime": 1776491973,
  "views": 18,
  "formatid": "gen9championsvgc2026regma",
  "rating": 1111,
  "private": 0,
  "password": null
}