{
  "id": "gen9championsvgc2026regma-2581048950",
  "format": "[Gen 9 Champions] VGC 2026 Reg M-A",
  "players": [
    "Kaizer_Ifrit",
    "Phatedfool"
  ],
  "log": "|j|\u2606Kaizer_Ifrit\n|j|\u2606Phatedfool\n|t:|1775955050\n|gametype|doubles\n|player|p1|Kaizer_Ifrit|caitlin|1208\n|player|p2|Phatedfool|cynthia|1259\n|gen|9\n|tier|[Gen 9 Champions] VGC 2026 Reg M-A\n|rated|\n|rule|Species Clause: Limit one of each Pok\u00e9mon\n|rule|Item Clause: Limit 1 of each item\n|clearpoke\n|poke|p1|Garchomp, L50, F|\n|poke|p1|Talonflame, L50, M|\n|poke|p1|Rotom-Wash, L50|\n|poke|p1|Incineroar, L50, M|\n|poke|p1|Glimmora, L50, F|\n|poke|p1|Ninetales-Alola, L50, F|\n|poke|p2|Floette-Eternal, L50, F|\n|poke|p2|Meowscarada, L50, F|\n|poke|p2|Garchomp, L50, F|\n|poke|p2|Gyarados, L50, F|\n|poke|p2|Rotom-Heat, L50|\n|poke|p2|Aegislash, L50, F|\n|teampreview|4\n|inactive|Battle timer is ON: inactive players will automatically lose when time's up. (requested by Kaizer_Ifrit)\n|inactive|Kaizer_Ifrit has 60 seconds left.\n|inactive|Phatedfool has 60 seconds left.\n|\n|t:|1775955099\n|teamsize|p1|4\n|teamsize|p2|4\n|start\n|switch|p1a: Armor King|Incineroar, L50, M|100/100\n|switch|p1b: \ud83d\udc5f|Glimmora, L50, F|100/100\n|switch|p2a: Garchomp|Garchomp, L50, F|100/100\n|switch|p2b: Rotom|Rotom-Heat, L50|100/100\n|-ability|p1a: Armor King|Intimidate|boost\n|-unboost|p2a: Garchomp|atk|1\n|-unboost|p2b: Rotom|atk|1\n|-enditem|p2a: Garchomp|White Herb\n|-clearnegativeboost|p2a: Garchomp|[silent]\n|turn|1\n|inactive|Kaizer_Ifrit has 30 seconds left.\n|\n|t:|1775955134\n|detailschange|p1b: \ud83d\udc5f|Glimmora-Mega, L50, F\n|-mega|p1b: \ud83d\udc5f|Glimmora|Glimmoranite\n|move|p1a: Armor King|Fake Out|p2a: Garchomp\n|-damage|p2a: Garchomp|90/100\n|-damage|p1a: Armor King|88/100|[from] ability: Rough Skin|[of] p2a: Garchomp\n|move|p1b: \ud83d\udc5f|Power Gem|p2b: Rotom\n|-supereffective|p2b: Rotom|1\n|-damage|p2b: Rotom|0 fnt\n|faint|p2b: Rotom\n|cant|p2a: Garchomp|flinch\n|\n|upkeep\n|\n|t:|1775955149\n|switch|p2b: Gyarados|Gyarados, L50, F|100/100\n|-ability|p2b: Gyarados|Intimidate|boost\n|-unboost|p1a: Armor King|atk|1\n|-unboost|p1b: \ud83d\udc5f|atk|1\n|turn|2\n|\n|t:|1775955160\n|move|p1b: \ud83d\udc5f|Spiky Shield|p1b: \ud83d\udc5f\n|-singleturn|p1b: \ud83d\udc5f|move: Protect\n|move|p2a: Garchomp|Earthquake|p1a: Armor King|[spread] p1a\n|-activate|p1b: \ud83d\udc5f|move: Protect\n|-immune|p2b: Gyarados\n|-supereffective|p1a: Armor King|1\n|-damage|p1a: Armor King|19/100\n|-enditem|p1a: Armor King|Sitrus Berry|[eat]\n|-heal|p1a: Armor King|44/100|[from] item: Sitrus Berry\n|move|p2b: Gyarados|Waterfall|p1b: \ud83d\udc5f\n|-activate|p1b: \ud83d\udc5f|move: Protect\n|-damage|p2b: Gyarados|88/100|[from] Spiky Shield|[of] p1b: \ud83d\udc5f\n|move|p1a: Armor King|Parting Shot|p2a: Garchomp\n|-unboost|p2a: Garchomp|atk|1\n|-unboost|p2a: Garchomp|spa|1\n|\n|t:|1775955182\n|switch|p1a: Kkkrrraaaaaa|Talonflame, L50, M|100/100|[from] Parting Shot\n|\n|upkeep\n|turn|3\n|\n|t:|1775955190\n|switch|p1b: Armor King|Incineroar, L50, M|44/100\n|-ability|p1b: Armor King|Intimidate|boost\n|-unboost|p2a: Garchomp|atk|1\n|-unboost|p2b: Gyarados|atk|1\n|move|p1a: Kkkrrraaaaaa|Tailwind|p1a: Kkkrrraaaaaa\n|-sidestart|p1: Kaizer_Ifrit|move: Tailwind\n|move|p2a: Garchomp|Earthquake|p1b: Armor King|[spread] p1b\n|-immune|p2b: Gyarados\n|-immune|p1a: Kkkrrraaaaaa\n|-supereffective|p1b: Armor King|1\n|-damage|p1b: Armor King|7/100\n|move|p2b: Gyarados|Waterfall|p1a: Kkkrrraaaaaa\n|-supereffective|p1a: Kkkrrraaaaaa|1\n|-damage|p1a: Kkkrrraaaaaa|38/100\n|\n|upkeep\n|turn|4\n|\n|t:|1775955212\n|switch|p2a: Floette|Floette-Eternal, L50, F|100/100\n|move|p1a: Kkkrrraaaaaa|Acrobatics|p2b: Gyarados\n|-damage|p2b: Gyarados|50/100\n|-enditem|p2b: Gyarados|Sitrus Berry|[eat]\n|-heal|p2b: Gyarados|75/100|[from] item: Sitrus Berry\n|move|p1b: Armor King|Parting Shot|p2a: Floette\n|-unboost|p2a: Floette|atk|1\n|-unboost|p2a: Floette|spa|1\n|\n|t:|1775955231\n|switch|p1b: \ud83d\udc5f|Glimmora-Mega, L50, F|100/100|[from] Parting Shot\n|move|p2b: Gyarados|Waterfall|p1b: \ud83d\udc5f\n|-supereffective|p1b: \ud83d\udc5f|1\n|-damage|p1b: \ud83d\udc5f|50/100\n|\n|upkeep\n|turn|5\n|\n|t:|1775955243\n|switch|p2a: Garchomp|Garchomp, L50, F|90/100\n|move|p1a: Kkkrrraaaaaa|Taunt|p2a: Garchomp\n|-start|p2a: Garchomp|move: Taunt\n|move|p1b: \ud83d\udc5f|Power Gem|p2b: Gyarados\n|-supereffective|p2b: Gyarados|1\n|-damage|p2b: Gyarados|0 fnt\n|faint|p2b: Gyarados\n|\n|upkeep\n|\n|t:|1775955251\n|switch|p2b: Floette|Floette-Eternal, L50, F|100/100\n|turn|6\n|\n|t:|1775955277\n|switch|p1a: Armor King|Incineroar, L50, M|7/100\n|-ability|p1a: Armor King|Intimidate|boost\n|-unboost|p2a: Garchomp|atk|1\n|-unboost|p2b: Floette|atk|1\n|detailschange|p2b: Floette|Floette-Mega, L50, F\n|-mega|p2b: Floette|Floette|Floettite\n|-ability|p2b: Floette|Fairy Aura\n|move|p1b: \ud83d\udc5f|Spiky Shield|p1b: \ud83d\udc5f\n|-singleturn|p1b: \ud83d\udc5f|move: Protect\n|move|p2a: Garchomp|Stomping Tantrum|p1b: \ud83d\udc5f\n|-activate|p1b: \ud83d\udc5f|move: Protect\n|-damage|p2a: Garchomp|78/100|[from] Spiky Shield|[of] p1b: \ud83d\udc5f\n|move|p2b: Floette|Dazzling Gleam|p1a: Armor King|[spread] p1a\n|-activate|p1b: \ud83d\udc5f|move: Protect\n|-crit|p1a: Armor King\n|-damage|p1a: Armor King|0 fnt\n|faint|p1a: Armor King\n|\n|-sideend|p1: Kaizer_Ifrit|move: Tailwind\n|upkeep\n|\n|t:|1775955297\n|switch|p1a: Kkkrrraaaaaa|Talonflame, L50, M|38/100\n|turn|7\n|\n|t:|1775955308\n|switch|p1b: Shirona|Garchomp, L50, F|100/100\n|move|p1a: Kkkrrraaaaaa|Tailwind|p1a: Kkkrrraaaaaa\n|-sidestart|p1: Kaizer_Ifrit|move: Tailwind\n|move|p2a: Garchomp|Stomping Tantrum|p1b: Shirona\n|-damage|p1b: Shirona|73/100\n|-damage|p2a: Garchomp|66/100|[from] ability: Rough Skin|[of] p1b: Shirona\n|move|p2b: Floette|Dazzling Gleam|p1b: Shirona|[spread] p1a,p1b\n|-resisted|p1a: Kkkrrraaaaaa|1\n|-supereffective|p1b: Shirona|1\n|-damage|p1a: Kkkrrraaaaaa|7/100\n|-damage|p1b: Shirona|0 fnt\n|faint|p1b: Shirona\n|\n|-end|p2a: Garchomp|move: Taunt\n|upkeep\n|\n|t:|1775955325\n|switch|p1b: \ud83d\udc5f|Glimmora-Mega, L50, F|50/100\n|turn|8\n|\n|t:|1775955337\n|move|p1a: Kkkrrraaaaaa|Acrobatics|p2a: Garchomp\n|-damage|p2a: Garchomp|25/100\n|-damage|p1a: Kkkrrraaaaaa|0 fnt|[from] ability: Rough Skin|[of] p2a: Garchomp\n|faint|p1a: Kkkrrraaaaaa\n|move|p1b: \ud83d\udc5f|Sludge Bomb|p2a: Garchomp\n|-resisted|p2a: Garchomp|1\n|-damage|p2a: Garchomp|0 fnt\n|faint|p2a: Garchomp\n|move|p2b: Floette|Dazzling Gleam|p1b: \ud83d\udc5f\n|-resisted|p1b: \ud83d\udc5f|1\n|-damage|p1b: \ud83d\udc5f|17/100\n|\n|upkeep\n|turn|9\n|\n|t:|1775955350\n|move|p2b: Floette|Protect|p2b: Floette\n|-singleturn|p2b: Floette|Protect\n|move|p1b: \ud83d\udc5f|Sludge Bomb|p2b: Floette\n|-activate|p2b: Floette|move: Protect\n|\n|upkeep\n|turn|10\n|\n|t:|1775955355\n|move|p1b: \ud83d\udc5f|Sludge Bomb|p2b: Floette\n|-supereffective|p2b: Floette|1\n|-damage|p2b: Floette|5/100\n|-status|p2b: Floette|psn\n|move|p2b: Floette|Moonblast|p1b: \ud83d\udc5f\n|-resisted|p1b: \ud83d\udc5f|1\n|-damage|p1b: \ud83d\udc5f|0 fnt\n|faint|p1b: \ud83d\udc5f\n|\n|win|Phatedfool\n|raw|Kaizer_Ifrit's rating: 1208 &rarr; <strong>1187</strong><br />(-21 for losing)\n|raw|Phatedfool's rating: 1259 &rarr; <strong>1280</strong><br />(+21 for winning)\n|c|\u2606Phatedfool|omg i live that\n|c|\u2606Kaizer_Ifrit|Mane TwT\n|c|\u2606Kaizer_Ifrit|Ggs\n|c|\u2606Phatedfool|thing is balanced\n|c|\u2606Kaizer_Ifrit|Floette broken\n|c|\u2606Phatedfool|lmao\n|l|\u2606Phatedfool\n|player|p2|\n",
  "uploadtime": 1775955414,
  "views": 29,
  "formatid": "gen9championsvgc2026regma",
  "rating": 1187,
  "private": 0,
  "password": null
}