{
  "id": "gen9championsvgc2026regma-2584196666",
  "format": "[Gen 9 Champions] VGC 2026 Reg M-A",
  "players": [
    "miseria010",
    "nelson2k"
  ],
  "log": "|j|\u2606miseria010\n|j|\u2606nelson2k\n|t:|1776236984\n|gametype|doubles\n|player|p1|miseria010|unknown|1318\n|player|p2|nelson2k|hiker|1215\n|gen|9\n|tier|[Gen 9 Champions] VGC 2026 Reg M-A\n|rated|\n|rule|Species Clause: Limit one of each Pok\u00e9mon\n|rule|Item Clause: Limit 1 of each item\n|clearpoke\n|poke|p1|Charizard, L50, M|\n|poke|p1|Venusaur, L50, M|\n|poke|p1|Whimsicott, L50, F|\n|poke|p1|Incineroar, L50, M|\n|poke|p1|Garchomp, L50, M|\n|poke|p1|Conkeldurr, L50, M|\n|poke|p2|Floette-Eternal, L50, F|\n|poke|p2|Incineroar, L50, F|\n|poke|p2|Blastoise, L50, F|\n|poke|p2|Sinistcha, L50|\n|poke|p2|Talonflame, L50, M|\n|poke|p2|Pelipper, L50, M|\n|teampreview|4\n|\n|t:|1776237027\n|teamsize|p1|4\n|teamsize|p2|4\n|start\n|switch|p1a: Garchomp|Garchomp, L50, M|100/100\n|switch|p1b: Whimsicott|Whimsicott, L50, F|100/100\n|switch|p2a: Sinistcha|Sinistcha, L50|100/100\n|switch|p2b: Talonflame|Talonflame, L50, M, shiny|100/100\n|turn|1\n|\n|t:|1776237045\n|move|p1b: Whimsicott|Tailwind|p1b: Whimsicott\n|-sidestart|p1: miseria010|move: Tailwind\n|move|p1a: Garchomp|Rock Slide|p2b: Talonflame|[spread] p2a,p2b\n|-supereffective|p2b: Talonflame|2\n|-damage|p2a: Sinistcha|84/100\n|-enditem|p2b: Talonflame|Focus Sash\n|-damage|p2b: Talonflame|1/100\n|move|p2b: Talonflame|Will-O-Wisp|p1a: Garchomp\n|-status|p1a: Garchomp|brn\n|move|p2a: Sinistcha|Trick Room|p2a: Sinistcha\n|-fieldstart|move: Trick Room|[of] p2a: Sinistcha\n|\n|-damage|p1a: Garchomp|94/100 brn|[from] brn\n|upkeep\n|turn|2\n|\n|t:|1776237078\n|switch|p2a: Pelipper|Pelipper, L50, M|100/100\n|-weather|RainDance|[from] ability: Drizzle|[of] p2a: Pelipper\n|move|p2b: Talonflame|Brave Bird|p1b: Whimsicott\n|-supereffective|p1b: Whimsicott|1\n|-enditem|p1b: Whimsicott|Focus Sash\n|-damage|p1b: Whimsicott|1/100\n|-damage|p2b: Talonflame|0 fnt|[from] Recoil\n|faint|p2b: Talonflame\n|move|p1a: Garchomp|Rock Slide|p2a: Pelipper\n|-supereffective|p2a: Pelipper|1\n|-damage|p2a: Pelipper|71/100\n|move|p1b: Whimsicott|Moonblast|p2a: Pelipper\n|-damage|p2a: Pelipper|22/100\n|\n|-weather|RainDance|[upkeep]\n|-damage|p1a: Garchomp|88/100 brn|[from] brn\n|upkeep\n|\n|t:|1776237095\n|switch|p2b: Blastoise|Blastoise, L50, F|100/100\n|turn|3\n|\n|t:|1776237106\n|move|p1b: Whimsicott|Sunny Day|p1b: Whimsicott\n|-weather|SunnyDay\n|move|p2a: Pelipper|Hurricane|p1a: Garchomp\n|-damage|p1a: Garchomp|20/100 brn\n|-start|p1a: Garchomp|confusion\n|move|p2b: Blastoise|Water Spout|p1a: Garchomp|[spread] p1a,p1b\n|-resisted|p1b: Whimsicott|1\n|-damage|p1a: Garchomp|0 fnt\n|-damage|p1b: Whimsicott|0 fnt\n|faint|p1a: Garchomp\n|faint|p1b: Whimsicott\n|\n|-weather|SunnyDay|[upkeep]\n|upkeep\n|\n|t:|1776237120\n|switch|p1a: Venusaur|Venusaur, L50, M|100/100\n|switch|p1b: Charizard|Charizard, L50, M, shiny|100/100\n|turn|4\n|\n|t:|1776237161\n|switch|p2a: Sinistcha|Sinistcha, L50|84/100\n|detailschange|p1b: Charizard|Charizard-Mega-Y, L50, M, shiny\n|-mega|p1b: Charizard|Charizard|Charizardite Y\n|move|p2b: Blastoise|Weather Ball|p1a: Venusaur\n|-supereffective|p1a: Venusaur|1\n|-damage|p1a: Venusaur|2/100\n|move|p1b: Charizard|Heat Wave|p2a: Sinistcha|[spread] p2a\n|-miss|p1b: Charizard|p2b: Blastoise\n|-supereffective|p2a: Sinistcha|1\n|-damage|p2a: Sinistcha|0 fnt\n|faint|p2a: Sinistcha\n|move|p1a: Venusaur|Sleep Powder|p2b: Blastoise\n|-status|p2b: Blastoise|slp|[from] move: Sleep Powder\n|\n|-weather|SunnyDay|[upkeep]\n|-heal|p1a: Venusaur|8/100|[from] item: Leftovers\n|-sideend|p1: miseria010|move: Tailwind\n|upkeep\n|\n|t:|1776237177\n|switch|p2a: Pelipper|Pelipper, L50, M|22/100\n|-weather|RainDance|[from] ability: Drizzle|[of] p2a: Pelipper\n|turn|5\n|\n|t:|1776237193\n|move|p1a: Venusaur|Protect|p1a: Venusaur\n|-singleturn|p1a: Venusaur|Protect\n|move|p1b: Charizard|Protect|p1b: Charizard\n|-singleturn|p1b: Charizard|Protect\n|move|p2a: Pelipper|Hurricane|p1a: Venusaur\n|-activate|p1a: Venusaur|move: Protect\n|cant|p2b: Blastoise|slp\n|\n|-weather|RainDance|[upkeep]\n|-heal|p1a: Venusaur|14/100|[from] item: Leftovers\n|-fieldend|move: Trick Room\n|upkeep\n|turn|6\n|\n|t:|1776237218\n|move|p2a: Pelipper|Wide Guard|p2a: Pelipper\n|-singleturn|p2a: Pelipper|Wide Guard\n|move|p1b: Charizard|Flamethrower|p2a: Pelipper\n|-resisted|p2a: Pelipper|1\n|-damage|p2a: Pelipper|2/100\n|move|p1a: Venusaur|Energy Ball|p2b: Blastoise\n|-supereffective|p2b: Blastoise|1\n|-damage|p2b: Blastoise|12/100 slp\n|-curestatus|p2b: Blastoise|slp|[msg]\n|move|p2b: Blastoise|Water Spout|p1a: Venusaur|[spread] p1a,p1b\n|-resisted|p1a: Venusaur|1\n|-supereffective|p1b: Charizard|1\n|-damage|p1a: Venusaur|9/100\n|-damage|p1b: Charizard|84/100\n|\n|-weather|RainDance|[upkeep]\n|-heal|p2b: Blastoise|18/100|[from] ability: Rain Dish\n|-heal|p1a: Venusaur|15/100|[from] item: Leftovers\n|-heal|p2b: Blastoise|25/100|[from] item: Leftovers\n|upkeep\n|turn|7\n|\n|t:|1776237241\n|move|p2a: Pelipper|Protect||[still]\n|-fail|p2a: Pelipper\n|move|p1b: Charizard|Flamethrower|p2a: Pelipper\n|-resisted|p2a: Pelipper|1\n|-damage|p2a: Pelipper|0 fnt\n|faint|p2a: Pelipper\n|move|p1a: Venusaur|Energy Ball|p2b: Blastoise\n|-supereffective|p2b: Blastoise|1\n|-damage|p2b: Blastoise|0 fnt\n|faint|p2b: Blastoise\n|\n|win|miseria010\n|raw|miseria010's rating: 1318 &rarr; <strong>1332</strong><br />(+14 for winning)\n|raw|nelson2k's rating: 1215 &rarr; <strong>1197</strong><br />(-18 for losing)\n|l|\u2606nelson2k\n|player|p2|\n",
  "uploadtime": 1776237269,
  "views": 21,
  "formatid": "gen9championsvgc2026regma",
  "rating": 1197,
  "private": 0,
  "password": null
}