{
  "id": "gen9championsvgc2026regma-2581551598",
  "format": "[Gen 9 Champions] VGC 2026 Reg M-A",
  "players": [
    "EuUsoCharizardY",
    "Deathbang"
  ],
  "log": "|j|\u2606EuUsoCharizardY\n|j|\u2606Deathbang\n|t:|1776010313\n|gametype|doubles\n|player|p1|EuUsoCharizardY|102|1145\n|player|p2|Deathbang|swimmerf-gen4|1095\n|gen|9\n|tier|[Gen 9 Champions] VGC 2026 Reg M-A\n|rated|\n|rule|Species Clause: Limit one of each Pok\u00e9mon\n|rule|Item Clause: Limit 1 of each item\n|clearpoke\n|poke|p1|Charizard, L50, M|\n|poke|p1|Sneasler, L50, M|\n|poke|p1|Whimsicott, L50, M|\n|poke|p1|Kingambit, L50, F|\n|poke|p1|Garchomp, L50, M|\n|poke|p1|Rotom-Wash, L50|\n|poke|p2|Dragonite, L50, M|\n|poke|p2|Sneasler, L50, F|\n|poke|p2|Aegislash, L50, F|\n|poke|p2|Lopunny, L50, F|\n|poke|p2|Feraligatr, L50, M|\n|poke|p2|Sinistcha-Masterpiece, L50|\n|teampreview|4\nEuUsoCharizardY rejected open team sheets.\n|inactive|Battle timer is ON: inactive players will automatically lose when time's up. (requested by EuUsoCharizardY)\n|\n|t:|1776010344\n|teamsize|p1|4\n|teamsize|p2|4\n|start\n|switch|p1a: Nitro|Charizard, L50, M|100/100\n|switch|p1b: Bar\u00e3o|Garchomp, L50, M|100/100\n|switch|p2a: Dragonite|Dragonite, L50, M|100/100\n|switch|p2b: Aegislash|Aegislash, L50, F|100/100\n|turn|1\n|inactive|EuUsoCharizardY has 30 seconds left.\n|inactive|EuUsoCharizardY has 20 seconds left.\n|\n|t:|1776010383\n|detailschange|p1a: Nitro|Charizard-Mega-X, L50, M\n|-mega|p1a: Nitro|Charizard|Charizardite X\n|move|p2b: Aegislash|King's Shield|p2b: Aegislash\n|-singleturn|p2b: Aegislash|Protect\n|move|p1b: Bar\u00e3o|Dragon Claw|p2a: Dragonite\n|-supereffective|p2a: Dragonite|1\n|-damage|p2a: Dragonite|5/100\n|move|p1a: Nitro|Flare Blitz|p2b: Aegislash\n|-activate|p2b: Aegislash|move: Protect\n|-unboost|p1a: Nitro|atk|1\n|move|p2a: Dragonite|Tailwind|p2a: Dragonite\n|-sidestart|p2: Deathbang|move: Tailwind\n|\n|upkeep\n|turn|2\n|inactive|EuUsoCharizardY has 30 seconds left.\n|\n|t:|1776010414\n|switch|p1a: Gud\u00e3o|Whimsicott, L50, M, shiny|100/100\n|move|p1b: Bar\u00e3o|Protect|p1b: Bar\u00e3o\n|-singleturn|p1b: Bar\u00e3o|Protect\n|move|p2a: Dragonite|Icy Wind|p1b: Bar\u00e3o|[spread] p1a\n|-activate|p1b: Bar\u00e3o|move: Protect\n|-supereffective|p1a: Gud\u00e3o|1\n|-damage|p1a: Gud\u00e3o|74/100\n|-unboost|p1a: Gud\u00e3o|spe|1\n|-formechange|p2b: Aegislash|Aegislash-Blade|\n|move|p2b: Aegislash|Head Smash|p1a: Gud\u00e3o|[miss]\n|-miss|p2b: Aegislash|p1a: Gud\u00e3o\n|\n|upkeep\n|turn|3\n|\n|t:|1776010438\n|move|p1a: Gud\u00e3o|Tailwind|p1a: Gud\u00e3o\n|-sidestart|p1: EuUsoCharizardY|move: Tailwind\n|move|p1b: Bar\u00e3o|Dragon Claw|p2a: Dragonite\n|-supereffective|p2a: Dragonite|1\n|-damage|p2a: Dragonite|0 fnt\n|faint|p2a: Dragonite\n|move|p2b: Aegislash|Shadow Ball|p1b: Bar\u00e3o\n|-damage|p1b: Bar\u00e3o|44/100\n|-unboost|p1b: Bar\u00e3o|spd|1\n|\n|upkeep\n|\n|t:|1776010453\n|switch|p2a: Sinistcha|Sinistcha-Masterpiece, L50|100/100\n|turn|4\n|inactive|EuUsoCharizardY has 30 seconds left.\n|\n|t:|1776010481\n|switch|p1a: Electrolux|Rotom-Wash, L50|100/100\n|move|p1b: Bar\u00e3o|Earthquake|p2b: Aegislash|[spread] p2a,p2b\n|-immune|p1a: Electrolux|[from] ability: Levitate\n|-resisted|p2a: Sinistcha|1\n|-supereffective|p2b: Aegislash|1\n|-damage|p2a: Sinistcha|81/100\n|-damage|p2b: Aegislash|0 fnt\n|faint|p2b: Aegislash\n|move|p2a: Sinistcha|Giga Drain|p1b: Bar\u00e3o\n|-damage|p1b: Bar\u00e3o|0 fnt\n|-heal|p2a: Sinistcha|100/100|[from] drain|[of] p1b: Bar\u00e3o\n|faint|p1b: Bar\u00e3o\n|\n|-sideend|p2: Deathbang|move: Tailwind\n|upkeep\n|inactive|EuUsoCharizardY has 30 seconds left.\n|\n|t:|1776010514\n|switch|p1b: Nitro|Charizard-Mega-X, L50, M|100/100\n|switch|p2b: Sneasler|Sneasler, L50, F|100/100\n|turn|5\n|inactive|Deathbang has 30 seconds left.\n|inactive|Deathbang has 20 seconds left.\n|inactive|Deathbang has 15 seconds left.\n|inactive|Deathbang has 10 seconds left.\n|inactive|Deathbang has 5 seconds left.\n|\n|t:|1776010569\n|switch|p1a: Gud\u00e3o|Whimsicott, L50, M, shiny|74/100\n|move|p1b: Nitro|Flare Blitz|p2a: Sinistcha|[miss]\n|-miss|p1b: Nitro|p2a: Sinistcha\n|move|p2b: Sneasler|Close Combat|p1b: Nitro\n|-damage|p1b: Nitro|29/100\n|-unboost|p2b: Sneasler|def|1\n|-unboost|p2b: Sneasler|spd|1\n|-enditem|p2b: Sneasler|White Herb\n|-clearnegativeboost|p2b: Sneasler|[silent]\n|move|p2a: Sinistcha|Pain Split|p1a: Gud\u00e3o\n|-sethp|p1a: Gud\u00e3o|90/100|[from] move: Pain Split|[silent]\n|-sethp|p2a: Sinistcha|85/100|[from] move: Pain Split\n|\n|upkeep\n|turn|6\n|inactive|EuUsoCharizardY has 30 seconds left.\n|inactive|Deathbang has 30 seconds left.\n|inactive|EuUsoCharizardY has 20 seconds left.\n|inactive|Deathbang has 20 seconds left.\n|inactive|EuUsoCharizardY has 15 seconds left.\n|inactive|Deathbang has 15 seconds left.\n|inactive|EuUsoCharizardY has 10 seconds left.\n|inactive|Deathbang has 10 seconds left.\n|inactive|EuUsoCharizardY has 5 seconds left.\n|inactive|Deathbang has 5 seconds left.\n|\n|t:|1776010624\n|move|p1a: Gud\u00e3o|Tailwind||[still]\n|-fail|p1a: Gud\u00e3o\n|move|p1b: Nitro|Dragon Claw|p2a: Sinistcha\n|-damage|p2a: Sinistcha|33/100\n|move|p2b: Sneasler|Close Combat|p1a: Gud\u00e3o\n|-resisted|p1a: Gud\u00e3o|1\n|-damage|p1a: Gud\u00e3o|59/100\n|-unboost|p2b: Sneasler|def|1\n|-unboost|p2b: Sneasler|spd|1\n|move|p2a: Sinistcha|Pain Split|p1b: Nitro\n|-sethp|p1b: Nitro|33/100|[from] move: Pain Split|[silent]\n|-sethp|p2a: Sinistcha|29/100|[from] move: Pain Split\n|\n|-sideend|p1: EuUsoCharizardY|move: Tailwind\n|upkeep\n|turn|7\n|\n|t:|1776010647\n|move|p2a: Sinistcha|Rage Powder|p2a: Sinistcha\n|-singleturn|p2a: Sinistcha|move: Rage Powder\n|move|p1a: Gud\u00e3o|Sunny Day|p1a: Gud\u00e3o\n|-weather|SunnyDay\n|move|p2b: Sneasler|Dire Claw|p1a: Gud\u00e3o\n|-supereffective|p1a: Gud\u00e3o|2\n|-damage|p1a: Gud\u00e3o|0 fnt\n|faint|p1a: Gud\u00e3o\n|move|p1b: Nitro|Dragon Claw|p2a: Sinistcha|[miss]\n|-miss|p1b: Nitro|p2a: Sinistcha\n|\n|-weather|SunnyDay|[upkeep]\n|upkeep\n|\n|t:|1776010664\n|switch|p1a: Electrolux|Rotom-Wash, L50|100/100\n|turn|8\n|inactive|EuUsoCharizardY has 30 seconds left.\n|\n|t:|1776010693\n|move|p1b: Nitro|Protect|p1b: Nitro\n|-singleturn|p1b: Nitro|Protect\n|move|p2a: Sinistcha|Rage Powder|p2a: Sinistcha\n|-singleturn|p2a: Sinistcha|move: Rage Powder\n|move|p2b: Sneasler|Dire Claw|p1b: Nitro\n|-activate|p1b: Nitro|move: Protect\n|move|p1a: Electrolux|Will-O-Wisp|p2a: Sinistcha\n|-status|p2a: Sinistcha|brn\n|\n|-weather|SunnyDay|[upkeep]\n|-damage|p2a: Sinistcha|23/100 brn|[from] brn\n|upkeep\n|turn|9\n|inactive|Deathbang has 30 seconds left.\n|inactive|Deathbang has 20 seconds left.\n|inactive|Deathbang has 15 seconds left.\n|inactive|Deathbang has 10 seconds left.\n|inactive|Deathbang has 5 seconds left.\n|\n|t:|1776010748\n|move|p2b: Sneasler|Close Combat|p1b: Nitro\n|-damage|p1b: Nitro|0 fnt\n|-unboost|p2b: Sneasler|def|1\n|-unboost|p2b: Sneasler|spd|1\n|faint|p1b: Nitro\n|move|p1a: Electrolux|Will-O-Wisp|p2b: Sneasler\n|-status|p2b: Sneasler|brn\n|move|p2a: Sinistcha|Pain Split|p1a: Electrolux\n|-sethp|p1a: Electrolux|66/100|[from] move: Pain Split|[silent]\n|-sethp|p2a: Sinistcha|47/100 brn|[from] move: Pain Split\n|\n|-weather|SunnyDay|[upkeep]\n|-damage|p2b: Sneasler|94/100 brn|[from] brn\n|-damage|p2a: Sinistcha|41/100 brn|[from] brn\n|upkeep\n|turn|10\n|-message|EuUsoCharizardY forfeited.\n|\n|win|Deathbang\n|raw|EuUsoCharizardY's rating: 1145 &rarr; <strong>1116</strong><br />(-29 for losing)\n|raw|Deathbang's rating: 1095 &rarr; <strong>1124</strong><br />(+29 for winning)\n|l|\u2606EuUsoCharizardY\n|player|p1|\n",
  "uploadtime": 1776010785,
  "views": 32,
  "formatid": "gen9championsvgc2026regma",
  "rating": 1116,
  "private": 0,
  "password": null
}