{
  "id": "gen9championsvgc2026regma-2587608511",
  "format": "[Gen 9 Champions] VGC 2026 Reg M-A",
  "players": [
    "GustavoTh1",
    "chacoroloy"
  ],
  "log": "|j|\u2606GustavoTh1\n|j|\u2606chacoroloy\n|t:|1776546579\n|gametype|doubles\n|player|p1|GustavoTh1|hiker-gen4|1064\n|player|p2|chacoroloy|cynthia-gen4|1105\n|gen|9\n|tier|[Gen 9 Champions] VGC 2026 Reg M-A\n|rated|\n|rule|Species Clause: Limit one of each Pok\u00e9mon\n|rule|Item Clause: Limit 1 of each item\n|clearpoke\n|poke|p1|Froslass, L50, F|\n|poke|p1|Rotom-Frost, L50|\n|poke|p1|Incineroar, L50, M|\n|poke|p1|Basculegion, L50, M|\n|poke|p1|Orthworm, L50, M|\n|poke|p1|Garchomp, L50, F|\n|poke|p2|Chandelure, L50, F, shiny|\n|poke|p2|Primarina, L50, M|\n|poke|p2|Sinistcha, L50|\n|poke|p2|Espathra, L50, F|\n|poke|p2|Garchomp, L50, M|\n|poke|p2|Sneasler, L50, F|\n|teampreview|4\nGustavoTh1 rejected open team sheets.\n|\n|t:|1776546635\n|teamsize|p1|4\n|teamsize|p2|4\n|start\n|switch|p1a: Orthworm|Orthworm, L50, M|100/100\n|switch|p1b: Garchomp|Garchomp, L50, F|100/100\n|switch|p2a: Espathra|Espathra, L50, F|100/100\n|switch|p2b: Sneasler|Sneasler, L50, F|100/100\n|turn|1\n|inactive|Battle timer is ON: inactive players will automatically lose when time's up. (requested by GustavoTh1)\n|\n|t:|1776546657\n|move|p2b: Sneasler|Fake Out|p1a: Orthworm\n|-resisted|p1a: Orthworm|1\n|-damage|p1a: Orthworm|96/100\n|move|p2a: Espathra|Calm Mind|p2a: Espathra\n|-boost|p2a: Espathra|spa|1\n|-boost|p2a: Espathra|spd|1\n|move|p1b: Garchomp|Earthquake|p2a: Espathra|[spread] p2a,p2b\n|-heal|p1a: Orthworm|100/100|[from] ability: Earth Eater|[of] p1b: Garchomp\n|-supereffective|p2b: Sneasler|1\n|-damage|p2a: Espathra|45/100\n|-damage|p2b: Sneasler|0 fnt\n|faint|p2b: Sneasler\n|cant|p1a: Orthworm|flinch\n|\n|-ability|p2a: Espathra|Speed Boost|boost\n|-boost|p2a: Espathra|spe|1\n|upkeep\n|\n|t:|1776546670\n|switch|p2b: Primarina|Primarina, L50, M|100/100\n|turn|2\n|\n|t:|1776546681\n|move|p2a: Espathra|Protect|p2a: Espathra\n|-singleturn|p2a: Espathra|Protect\n|move|p1b: Garchomp|Protect|p1b: Garchomp\n|-singleturn|p1b: Garchomp|Protect\n|move|p2b: Primarina|Moonblast|p1b: Garchomp\n|-activate|p1b: Garchomp|move: Protect\n|move|p1a: Orthworm|Shed Tail|p1a: Orthworm\n|-start|p1a: Orthworm|Substitute|[from] move: Shed Tail\n|-damage|p1a: Orthworm|50/100\n|-enditem|p1a: Orthworm|Sitrus Berry|[eat]\n|-heal|p1a: Orthworm|75/100|[from] item: Sitrus Berry\n|\n|t:|1776546692\n|switch|p1a: Froslass|Froslass, L50, F|100/100|[from] Shed Tail\n|\n|-ability|p2a: Espathra|Speed Boost|boost\n|-boost|p2a: Espathra|spe|1\n|upkeep\n|turn|3\n|\n|t:|1776546712\n|move|p2a: Espathra|Baton Pass|p2a: Espathra\n|\n|t:|1776546714\n|switch|p2a: Chandelure|Chandelure, L50, F, shiny|100/100|[from] Baton Pass\n|move|p1a: Froslass|Nasty Plot|p1a: Froslass\n|-boost|p1a: Froslass|spa|2\n|move|p1b: Garchomp|Rock Slide|p2a: Chandelure|[spread] p2a,p2b\n|-supereffective|p2a: Chandelure|1\n|-damage|p2a: Chandelure|59/100\n|-damage|p2b: Primarina|81/100\n|move|p2b: Primarina|Moonblast|p1b: Garchomp\n|-supereffective|p1b: Garchomp|1\n|-enditem|p1b: Garchomp|Focus Sash\n|-damage|p1b: Garchomp|1/100\n|\n|upkeep\n|turn|4\n|inactive|GustavoTh1 has 30 seconds left.\n|inactive|chacoroloy has 30 seconds left.\n|\n|t:|1776546746\n|detailschange|p2a: Chandelure|Chandelure-Mega, L50, F, shiny\n|-mega|p2a: Chandelure|Chandelure|Chandelurite\n|detailschange|p1a: Froslass|Froslass-Mega, L50, F\n|-mega|p1a: Froslass|Froslass|Froslassite\n|-weather|Snowscape|[from] ability: Snow Warning|[of] p1a: Froslass\n|move|p2a: Chandelure|Heat Wave|p1b: Garchomp|[spread] p1a,p1b\n|-supereffective|p1a: Froslass|1\n|-resisted|p1b: Garchomp|1\n|-damage|p1a: Froslass|0 fnt\n|-damage|p1b: Garchomp|0 fnt\n|faint|p1a: Froslass\n|faint|p1b: Garchomp\n|move|p2b: Primarina|Moonblast|p1: Froslass|[notarget]\n|-fail|p2b: Primarina\n|\n|-weather|Snowscape|[upkeep]\n|upkeep\n|\n|t:|1776546757\n|switch|p1a: Orthworm|Orthworm, L50, M|75/100\n|switch|p1b: Basculegion|Basculegion, L50, M|100/100\n|turn|5\n|\n|t:|1776546771\n|move|p2a: Chandelure|Protect|p2a: Chandelure\n|-singleturn|p2a: Chandelure|Protect\n|move|p1b: Basculegion|Wave Crash|p2a: Chandelure\n|-activate|p2a: Chandelure|move: Protect\n|move|p2b: Primarina|Moonblast|p1b: Basculegion\n|-damage|p1b: Basculegion|34/100\n|move|p1a: Orthworm|Heavy Slam|p2b: Primarina\n|-damage|p2b: Primarina|45/100\n|\n|-weather|Snowscape|[upkeep]\n|upkeep\n|turn|6\n|inactive|chacoroloy has 30 seconds left.\n|\n|t:|1776546805\n|move|p2a: Chandelure|Heat Wave|p1a: Orthworm|[spread] p1a,p1b\n|-supereffective|p1a: Orthworm|1\n|-resisted|p1b: Basculegion|1\n|-damage|p1a: Orthworm|0 fnt\n|-damage|p1b: Basculegion|0 fnt\n|faint|p1a: Orthworm\n|faint|p1b: Basculegion\n|\n|win|chacoroloy\n|raw|GustavoTh1's rating: 1064 &rarr; <strong>1047</strong><br />(-17 for losing)\n|raw|chacoroloy's rating: 1105 &rarr; <strong>1127</strong><br />(+22 for winning)\n|l|\u2606GustavoTh1\n|player|p1|\n",
  "uploadtime": 1776546815,
  "views": 14,
  "formatid": "gen9championsvgc2026regma",
  "rating": 1047,
  "private": 0,
  "password": null
}