{
  "id": "gen9championsvgc2026regma-2583665725",
  "format": "[Gen 9 Champions] VGC 2026 Reg M-A",
  "players": [
    "RansRice",
    "midnighttheabsol"
  ],
  "log": "|j|\u2606RansRice\n|j|\u2606midnighttheabsol\n|t:|1776189725\n|gametype|doubles\n|player|p1|RansRice|265|1075\n|player|p2|midnighttheabsol|clair|1116\n|gen|9\n|tier|[Gen 9 Champions] VGC 2026 Reg M-A\n|rated|\n|rule|Species Clause: Limit one of each Pok\u00e9mon\n|rule|Item Clause: Limit 1 of each item\n|clearpoke\n|poke|p1|Manectric, L50, M|\n|poke|p1|Sneasler, L50, M|\n|poke|p1|Incineroar, L50, F|\n|poke|p1|Corviknight, L50, F|\n|poke|p1|Basculegion, L50, M|\n|poke|p1|Kommo-o, L50, F|\n|poke|p2|Sneasler, L50, F|\n|poke|p2|Kingambit, L50, F|\n|poke|p2|Clefable, L50, M|\n|poke|p2|Delphox, L50, F|\n|poke|p2|Dragonite, L50, F|\n|poke|p2|Basculegion, L50, M|\n|teampreview|4\n|\n|t:|1776189767\n|teamsize|p1|4\n|teamsize|p2|4\n|start\n|switch|p1a: Manectric|Manectric, L50, M, shiny|100/100\n|switch|p1b: Sneasler|Sneasler, L50, M|100/100\n|switch|p2a: Delphox|Delphox, L50, F|100/100\n|switch|p2b: Clefable|Clefable, L50, M|100/100\n|turn|1\n|\n|t:|1776189798\n|detailschange|p1a: Manectric|Manectric-Mega, L50, M, shiny\n|-mega|p1a: Manectric|Manectric|Manectite\n|-ability|p1a: Manectric|Intimidate|boost\n|-unboost|p2a: Delphox|atk|1\n|-unboost|p2b: Clefable|atk|1\n|detailschange|p2a: Delphox|Delphox-Mega, L50, F\n|-mega|p2a: Delphox|Delphox|Delphoxite\n|move|p2a: Delphox|Protect|p2a: Delphox\n|-singleturn|p2a: Delphox|Protect\n|move|p2b: Clefable|Protect|p2b: Clefable\n|-singleturn|p2b: Clefable|Protect\n|move|p1a: Manectric|Eerie Impulse|p2a: Delphox\n|-activate|p2a: Delphox|move: Protect\n|move|p1b: Sneasler|Taunt|p2b: Clefable\n|-activate|p2b: Clefable|move: Protect\n|\n|upkeep\n|turn|2\n|\n|t:|1776189826\n|move|p2b: Clefable|Follow Me|p2b: Clefable\n|-singleturn|p2b: Clefable|move: Follow Me\n|move|p1a: Manectric|Snarl|p2b: Clefable|[spread] p2a,p2b\n|-supereffective|p2a: Delphox|1\n|-resisted|p2b: Clefable|1\n|-damage|p2a: Delphox|68/100\n|-damage|p2b: Clefable|94/100\n|-unboost|p2a: Delphox|spa|1\n|-unboost|p2b: Clefable|spa|1\n|move|p2a: Delphox|Heat Wave|p1b: Sneasler|[spread] p1a,p1b\n|-damage|p1a: Manectric|56/100\n|-damage|p1b: Sneasler|65/100\n|move|p1b: Sneasler|Dire Claw|p2b: Clefable\n|-supereffective|p2b: Clefable|1\n|-damage|p2b: Clefable|22/100\n|-enditem|p2b: Clefable|Sitrus Berry|[eat]\n|-heal|p2b: Clefable|47/100|[from] item: Sitrus Berry\n|\n|upkeep\n|turn|3\n|\n|t:|1776189859\n|switch|p2b: Sneasler|Sneasler, L50, F|100/100\n|move|p1a: Manectric|Snarl|p2a: Delphox|[spread] p2a,p2b\n|-supereffective|p2a: Delphox|1\n|-resisted|p2b: Sneasler|1\n|-damage|p2a: Delphox|38/100\n|-damage|p2b: Sneasler|90/100\n|-unboost|p2a: Delphox|spa|1\n|-unboost|p2b: Sneasler|spa|1\n|move|p2a: Delphox|Psychic|p1b: Sneasler\n|-supereffective|p1b: Sneasler|2\n|-damage|p1b: Sneasler|0 fnt\n|faint|p1b: Sneasler\n|\n|upkeep\n|\n|t:|1776189870\n|switch|p1b: Kommo-o|Kommo-o, L50, F|100/100\n|turn|4\n|\n|t:|1776189907\n|switch|p2a: Clefable|Clefable, L50, M|47/100\n|move|p2b: Sneasler|Fake Out|p1b: Kommo-o\n|-damage|p1b: Kommo-o|86/100\n|move|p1a: Manectric|Snarl|p2a: Clefable|[spread] p2a,p2b\n|-resisted|p2a: Clefable|1\n|-resisted|p2b: Sneasler|1\n|-damage|p2a: Clefable|40/100\n|-damage|p2b: Sneasler|79/100\n|-unboost|p2a: Clefable|spa|1\n|-unboost|p2b: Sneasler|spa|1\n|cant|p1b: Kommo-o|flinch\n|\n|upkeep\n|turn|5\n|inactive|Battle timer is ON: inactive players will automatically lose when time's up. (requested by RansRice)\n|\n|t:|1776189930\n|move|p1b: Kommo-o|Protect|p1b: Kommo-o\n|-singleturn|p1b: Kommo-o|Protect\n|move|p2a: Clefable|Follow Me|p2a: Clefable\n|-singleturn|p2a: Clefable|move: Follow Me\n|move|p1a: Manectric|Volt Switch|p2a: Clefable\n|-damage|p2a: Clefable|9/100\n|\n|t:|1776189936\n|switch|p1a: Basculegion|Basculegion, L50, M|100/100|[from] Volt Switch\n|move|p2b: Sneasler|Dire Claw|p1a: Basculegion\n|-resisted|p1a: Basculegion|1\n|-damage|p1a: Basculegion|73/100\n|\n|upkeep\n|turn|6\n|\n|t:|1776189958\n|move|p2a: Clefable|Follow Me|p2a: Clefable\n|-singleturn|p2a: Clefable|move: Follow Me\n|move|p1a: Basculegion|Flip Turn|p2a: Clefable\n|-damage|p2a: Clefable|0 fnt\n|faint|p2a: Clefable\n|\n|t:|1776189963\n|switch|p1a: Manectric|Manectric-Mega, L50, M, shiny|56/100|[from] Flip Turn\n|-ability|p1a: Manectric|Intimidate|boost\n|-unboost|p2b: Sneasler|atk|1\n|move|p2b: Sneasler|Dire Claw|p1b: Kommo-o\n|-damage|p1b: Kommo-o|55/100\n|-status|p1b: Kommo-o|slp\n|cant|p1b: Kommo-o|slp\n|\n|upkeep\n|\n|t:|1776189982\n|switch|p2a: Delphox|Delphox-Mega, L50, F|38/100\n|turn|7\n|\n|t:|1776189994\n|move|p1a: Manectric|Eerie Impulse|p2a: Delphox\n|-unboost|p2a: Delphox|spa|2\n|move|p2a: Delphox|Psychic|p1a: Manectric\n|-damage|p1a: Manectric|14/100\n|move|p2b: Sneasler|Close Combat|p1a: Manectric\n|-damage|p1a: Manectric|0 fnt\n|-unboost|p2b: Sneasler|def|1\n|-unboost|p2b: Sneasler|spd|1\n|faint|p1a: Manectric\n|cant|p1b: Kommo-o|slp\n|\n|upkeep\n|\n|t:|1776190005\n|switch|p1a: Basculegion|Basculegion, L50, M|73/100\n|turn|8\n|inactive|RansRice has 30 seconds left.\n|\n|t:|1776190037\n|switch|p2a: Kingambit|Kingambit, L50, F, shiny|100/100\n|move|p1a: Basculegion|Last Respects|p2a: Kingambit\n|-resisted|p2a: Kingambit|1\n|-damage|p2a: Kingambit|66/100\n|move|p2b: Sneasler|Close Combat|p1b: Kommo-o\n|-damage|p1b: Kommo-o|11/100 slp\n|-unboost|p2b: Sneasler|def|1\n|-unboost|p2b: Sneasler|spd|1\n|-curestatus|p1b: Kommo-o|slp|[msg]\n|move|p1b: Kommo-o|Clanging Scales|p2a: Kingambit|[spread] p2a,p2b\n|-resisted|p2a: Kingambit|1\n|-damage|p2a: Kingambit|42/100\n|-damage|p2b: Sneasler|0 fnt\n|faint|p2b: Sneasler\n|-unboost|p1b: Kommo-o|def|1\n|\n|upkeep\n|\n|t:|1776190052\n|switch|p2b: Delphox|Delphox-Mega, L50, F|38/100\n|turn|9\n|\n|t:|1776190065\n|move|p2b: Delphox|Protect|p2b: Delphox\n|-singleturn|p2b: Delphox|Protect\n|move|p2a: Kingambit|Sucker Punch|p1a: Basculegion\n|-supereffective|p1a: Basculegion|1\n|-damage|p1a: Basculegion|0 fnt\n|faint|p1a: Basculegion\n|move|p1b: Kommo-o|Aura Sphere|p2a: Kingambit\n|-supereffective|p2a: Kingambit|2\n|-damage|p2a: Kingambit|0 fnt\n|faint|p2a: Kingambit\n|\n|upkeep\n|turn|10\n|\n|t:|1776190081\n|move|p2b: Delphox|Psychic|p1b: Kommo-o\n|-supereffective|p1b: Kommo-o|1\n|-damage|p1b: Kommo-o|0 fnt\n|faint|p1b: Kommo-o\n|\n|win|midnighttheabsol\n|raw|RansRice's rating: 1075 &rarr; <strong>1056</strong><br />(-19 for losing)\n|raw|midnighttheabsol's rating: 1116 &rarr; <strong>1138</strong><br />(+22 for winning)\n|c|\u2606midnighttheabsol|gg\n",
  "uploadtime": 1776190111,
  "views": 12,
  "formatid": "gen9championsvgc2026regma",
  "rating": 1056,
  "private": 0,
  "password": null
}