{
  "id": "gen9championsvgc2026regma-2582290370",
  "format": "[Gen 9 Champions] VGC 2026 Reg M-A",
  "players": [
    "the_ag_is_fake",
    "Timty"
  ],
  "log": "|j|\u2606the_ag_is_fake\n|j|\u2606Timty\n|t:|1776080285\n|gametype|doubles\n|player|p1|the_ag_is_fake|rika|1272\n|player|p2|Timty|2|1303\n|gen|9\n|tier|[Gen 9 Champions] VGC 2026 Reg M-A\n|rated|\n|rule|Species Clause: Limit one of each Pok\u00e9mon\n|rule|Item Clause: Limit 1 of each item\n|clearpoke\n|poke|p1|Clefable, L50, M|\n|poke|p1|Incineroar, L50, M|\n|poke|p1|Kingambit, L50, F|\n|poke|p1|Sneasler, L50, F|\n|poke|p1|Kommo-o, L50, M|\n|poke|p1|Froslass, L50, F|\n|poke|p2|Vivillon-Fancy, L50, M|\n|poke|p2|Gardevoir, L50, F|\n|poke|p2|Maushold, L50|\n|poke|p2|Talonflame, L50, F|\n|poke|p2|Rotom-Wash, L50|\n|poke|p2|Garchomp, L50, F|\n|teampreview|4\n|inactive|Battle timer is ON: inactive players will automatically lose when time's up. (requested by the_ag_is_fake)\n|inactive|the_ag_is_fake has 60 seconds left.\n|inactive|Timty has 60 seconds left.\n|\n|t:|1776080333\n|teamsize|p1|4\n|teamsize|p2|4\n|start\n|switch|p1a: Incineroar|Incineroar, L50, M|100/100\n|switch|p1b: Kingambit|Kingambit, L50, F|100/100\n|switch|p2a: Vivillon|Vivillon-Fancy, L50, M|100/100\n|switch|p2b: Rotom|Rotom-Wash, L50|100/100\n|-ability|p1a: Incineroar|Intimidate|boost\n|-unboost|p2a: Vivillon|atk|1\n|-unboost|p2b: Rotom|atk|1\n|turn|1\n|\n|t:|1776080341\n|move|p2a: Vivillon|Protect|p2a: Vivillon\n|-singleturn|p2a: Vivillon|Protect\n|move|p2b: Rotom|Protect|p2b: Rotom\n|-singleturn|p2b: Rotom|Protect\n|move|p1b: Kingambit|Protect|p1b: Kingambit\n|-singleturn|p1b: Kingambit|Protect\n|move|p1a: Incineroar|Parting Shot|p2b: Rotom\n|-activate|p2b: Rotom|move: Protect\n|\n|upkeep\n|turn|2\n|\n|t:|1776080361\n|move|p2a: Vivillon|Sleep Powder|p1b: Kingambit\n|-status|p1b: Kingambit|slp|[from] move: Sleep Powder\n|move|p2b: Rotom|Hydro Pump|p1a: Incineroar\n|-supereffective|p1a: Incineroar|1\n|-damage|p1a: Incineroar|24/100\n|-enditem|p1a: Incineroar|Sitrus Berry|[eat]\n|-heal|p1a: Incineroar|49/100|[from] item: Sitrus Berry\n|move|p1a: Incineroar|Parting Shot|p2b: Rotom\n|-unboost|p2b: Rotom|atk|1\n|-unboost|p2b: Rotom|spa|1\n|\n|t:|1776080382\n|switch|p1a: Clefable|Clefable, L50, M|100/100|[from] Parting Shot\n|cant|p1b: Kingambit|slp\n|\n|upkeep\n|turn|3\n|\n|t:|1776080407\n|switch|p2a: Maushold|Maushold, L50|100/100\n|switch|p2b: Gardevoir|Gardevoir, L50, F|100/100\n|-ability|p2b: Gardevoir|Unaware|Trace|[from] ability: Trace|[of] p1a: Clefable\n|detailschange|p1a: Clefable|Clefable-Mega, L50, M\n|-mega|p1a: Clefable|Clefable|Clefablite\n|move|p1a: Clefable|Moonblast|p2a: Maushold\n|-damage|p2a: Maushold|32/100\n|-enditem|p2a: Maushold|Sitrus Berry|[eat]\n|-heal|p2a: Maushold|57/100|[from] item: Sitrus Berry\n|-curestatus|p1b: Kingambit|slp|[msg]\n|move|p1b: Kingambit|Swords Dance|p1b: Kingambit\n|-boost|p1b: Kingambit|atk|2\n|\n|upkeep\n|turn|4\n|inactive|Timty has 30 seconds left.\n|\n|t:|1776080439\n|detailschange|p2b: Gardevoir|Gardevoir-Mega, L50, F\n|-mega|p2b: Gardevoir|Gardevoir|Gardevoirite\n|move|p2a: Maushold|Helping Hand|p2b: Gardevoir\n|-singleturn|p2b: Gardevoir|Helping Hand|[of] p2a: Maushold\n|move|p2b: Gardevoir|Hyper Voice|p1b: Kingambit|[spread] p1a,p1b\n|-damage|p1a: Clefable|42/100\n|-damage|p1b: Kingambit|14/100\n|move|p1a: Clefable|Moonblast|p2a: Maushold\n|-damage|p2a: Maushold|0 fnt\n|faint|p2a: Maushold\n|move|p1b: Kingambit|Kowtow Cleave|p2b: Gardevoir\n|-damage|p2b: Gardevoir|0 fnt\n|faint|p2b: Gardevoir\n|\n|upkeep\n|\n|t:|1776080451\n|switch|p2a: Vivillon|Vivillon-Fancy, L50, M|100/100\n|switch|p2b: Rotom|Rotom-Wash, L50|100/100\n|turn|5\n|\n|t:|1776080469\n|move|p1a: Clefable|Follow Me|p1a: Clefable\n|-singleturn|p1a: Clefable|move: Follow Me\n|move|p2a: Vivillon|Hurricane|p1a: Clefable\n|-damage|p1a: Clefable|9/100\n|move|p2b: Rotom|Thunderbolt|p1a: Clefable\n|-supereffective|p1a: Clefable|1\n|-damage|p1a: Clefable|0 fnt\n|faint|p1a: Clefable\n|move|p1b: Kingambit|Kowtow Cleave|p2b: Rotom\n|-damage|p2b: Rotom|0 fnt\n|faint|p2b: Rotom\n|\n|upkeep\n|\n|t:|1776080483\n|switch|p1a: Sneasler|Sneasler, L50, F|100/100\n|turn|6\n|\n|t:|1776080489\n|move|p1a: Sneasler|Fake Out|p2a: Vivillon\n|-damage|p2a: Vivillon|75/100\n|cant|p2a: Vivillon|flinch\n|move|p1b: Kingambit|Swords Dance|p1b: Kingambit\n|-boost|p1b: Kingambit|atk|2\n|\n|upkeep\n|turn|7\n|\n|t:|1776080497\n|move|p1b: Kingambit|Sucker Punch|p2a: Vivillon\n|-crit|p2a: Vivillon\n|-damage|p2a: Vivillon|0 fnt\n|faint|p2a: Vivillon\n|\n|win|the_ag_is_fake\n|raw|the_ag_is_fake's rating: 1272 &rarr; <strong>1299</strong><br />(+27 for winning)\n|raw|Timty's rating: 1303 &rarr; <strong>1281</strong><br />(-22 for losing)\n",
  "uploadtime": 1776080498,
  "views": 25,
  "formatid": "gen9championsvgc2026regma",
  "rating": 1281,
  "private": 0,
  "password": null
}