{
  "id": "gen9championsvgc2026regma-2583936778",
  "format": "[Gen 9 Champions] VGC 2026 Reg M-A",
  "players": [
    "DevilsroseVA",
    "Zarato"
  ],
  "log": "|j|\u2606DevilsroseVA\n|j|\u2606Zarato\n|t:|1776209848\n|gametype|doubles\n|player|p1|DevilsroseVA|hilbert-wonderlauncher|1153\n|player|p2|Zarato|n|1083\n|gen|9\n|tier|[Gen 9 Champions] VGC 2026 Reg M-A\n|rated|\n|rule|Species Clause: Limit one of each Pok\u00e9mon\n|rule|Item Clause: Limit 1 of each item\n|clearpoke\n|poke|p1|Dragonite, L50, F|\n|poke|p1|Pelipper, L50, M|\n|poke|p1|Meowstic, L50, M|\n|poke|p1|Archaludon, L50, F|\n|poke|p1|Sinistcha, L50|\n|poke|p1|Basculegion, L50, M|\n|poke|p2|Weavile, L50, F|\n|poke|p2|Glaceon, L50, F|\n|poke|p2|Froslass, L50, F|\n|poke|p2|Incineroar, L50, F|\n|poke|p2|Sinistcha, L50|\n|poke|p2|Sneasler, L50, F|\n|teampreview|4\n|inactive|Battle timer is ON: inactive players will automatically lose when time's up. (requested by Zarato)\nZarato has agreed to open team sheets.\nDevilsroseVA rejected open team sheets.\n|\n|t:|1776209878\n|teamsize|p1|4\n|teamsize|p2|4\n|start\n|switch|p1a: Meowstic|Meowstic, L50, M, shiny|100/100\n|switch|p1b: Archaludon|Archaludon, L50, F, shiny|100/100\n|switch|p2a: Weavile|Weavile, L50, F|100/100\n|switch|p2b: Froslass|Froslass, L50, F|100/100\n|-ability|p2a: Weavile|Pressure\n|turn|1\n|\n|t:|1776209902\n|detailschange|p2b: Froslass|Froslass-Mega, L50, F\n|-mega|p2b: Froslass|Froslass|Froslassite\n|-weather|Snowscape|[from] ability: Snow Warning|[of] p2b: Froslass\n|move|p1b: Archaludon|Protect|p1b: Archaludon\n|-singleturn|p1b: Archaludon|Protect\n|move|p2a: Weavile|Fake Out|p1a: Meowstic\n|-damage|p1a: Meowstic|82/100\n|cant|p1a: Meowstic|flinch\n|move|p2b: Froslass|Blizzard|p1b: Archaludon|[spread] p1a\n|-activate|p1b: Archaludon|move: Protect\n|-damage|p1a: Meowstic|35/100\n|\n|-weather|Snowscape|[upkeep]\n|upkeep\n|turn|2\n|\n|t:|1776209920\n|move|p1a: Meowstic|Rain Dance|p1a: Meowstic\n|-weather|RainDance\n|move|p2b: Froslass|Shadow Ball|p1b: Archaludon\n|-damage|p1b: Archaludon|41/100\n|-ability|p1b: Archaludon|Stamina|boost\n|-boost|p1b: Archaludon|def|1\n|move|p2a: Weavile|Knock Off|p1a: Meowstic\n|-supereffective|p1a: Meowstic|1\n|-crit|p1a: Meowstic\n|-damage|p1a: Meowstic|0 fnt\n|-enditem|p1a: Meowstic|Mental Herb|[from] move: Knock Off|[of] p2a: Weavile\n|faint|p1a: Meowstic\n|move|p1b: Archaludon|Electro Shot||[still]\n|-prepare|p1b: Archaludon|Electro Shot\n|-boost|p1b: Archaludon|spa|1\n|-anim|p1b: Archaludon|Electro Shot|p2b: Froslass\n|-damage|p2b: Froslass|18/100\n|\n|-weather|RainDance|[upkeep]\n|-heal|p1b: Archaludon|47/100|[from] item: Leftovers\n|upkeep\n|\n|t:|1776209935\n|switch|p1a: Sinistcha|Sinistcha, L50|100/100\n|-heal|p1b: Archaludon|72/100|[from] ability: Hospitality|[of] p1a: Sinistcha\n|turn|3\n|inactive|Zarato has 30 seconds left.\n|\n|t:|1776209961\n|switch|p2b: Incineroar|Incineroar, L50, F|100/100\n|-ability|p2b: Incineroar|Intimidate|boost\n|-unboost|p1a: Sinistcha|atk|1\n|-unboost|p1b: Archaludon|atk|1\n|move|p1a: Sinistcha|Protect|p1a: Sinistcha\n|-singleturn|p1a: Sinistcha|Protect\n|move|p2a: Weavile|Knock Off|p1a: Sinistcha\n|-activate|p1a: Sinistcha|move: Protect\n|move|p1b: Archaludon|Electro Shot||[still]\n|-prepare|p1b: Archaludon|Electro Shot\n|-boost|p1b: Archaludon|spa|1\n|-anim|p1b: Archaludon|Electro Shot|p2b: Incineroar\n|-damage|p2b: Incineroar|7/100\n|\n|-weather|RainDance|[upkeep]\n|-heal|p1b: Archaludon|78/100|[from] item: Leftovers\n|upkeep\n|turn|4\n|\n|t:|1776209982\n|move|p2b: Incineroar|Fake Out|p1b: Archaludon\n|-resisted|p1b: Archaludon|1\n|-damage|p1b: Archaludon|76/100\n|-ability|p1b: Archaludon|Stamina|boost\n|-boost|p1b: Archaludon|def|1\n|move|p2a: Weavile|Knock Off|p1a: Sinistcha\n|-supereffective|p1a: Sinistcha|1\n|-damage|p1a: Sinistcha|8/100\n|-enditem|p1a: Sinistcha|Sitrus Berry|[from] move: Knock Off|[of] p2a: Weavile\n|cant|p1b: Archaludon|flinch\n|move|p1a: Sinistcha|Scald|p2b: Incineroar\n|-supereffective|p2b: Incineroar|1\n|-crit|p2b: Incineroar\n|-damage|p2b: Incineroar|0 fnt\n|faint|p2b: Incineroar\n|\n|-weather|RainDance|[upkeep]\n|-heal|p1b: Archaludon|82/100|[from] item: Leftovers\n|upkeep\n|\n|t:|1776209999\n|switch|p2b: Froslass|Froslass-Mega, L50, F|18/100\n|-weather|Snowscape|[from] ability: Snow Warning|[of] p2b: Froslass\n|turn|5\n|\n|t:|1776210007\n|switch|p2b: Sneasler|Sneasler, L50, F|100/100\n|move|p1a: Sinistcha|Protect|p1a: Sinistcha\n|-singleturn|p1a: Sinistcha|Protect\n|move|p2a: Weavile|Ice Shard|p1a: Sinistcha\n|-activate|p1a: Sinistcha|move: Protect\n|move|p1b: Archaludon|Flash Cannon|p2b: Sneasler\n|-damage|p2b: Sneasler|0 fnt\n|faint|p2b: Sneasler\n|\n|-weather|Snowscape|[upkeep]\n|-heal|p1b: Archaludon|88/100|[from] item: Leftovers\n|upkeep\n|\n|t:|1776210018\n|switch|p2b: Froslass|Froslass-Mega, L50, F|18/100\n|turn|6\n|\n|t:|1776210031\n|move|p2a: Weavile|Ice Shard|p1a: Sinistcha\n|-supereffective|p1a: Sinistcha|1\n|-damage|p1a: Sinistcha|0 fnt\n|faint|p1a: Sinistcha\n|move|p2b: Froslass|Shadow Ball|p1b: Archaludon\n|-damage|p1b: Archaludon|36/100\n|-ability|p1b: Archaludon|Stamina|boost\n|-boost|p1b: Archaludon|def|1\n|move|p1b: Archaludon|Flash Cannon|p2b: Froslass\n|-supereffective|p2b: Froslass|1\n|-damage|p2b: Froslass|0 fnt\n|faint|p2b: Froslass\n|\n|-weather|Snowscape|[upkeep]\n|-heal|p1b: Archaludon|42/100|[from] item: Leftovers\n|upkeep\n|\n|t:|1776210039\n|switch|p1a: Dragonite|Dragonite, L50, F, shiny|100/100\n|turn|7\n|\n|t:|1776210058\n|detailschange|p1a: Dragonite|Dragonite-Mega, L50, F, shiny\n|-mega|p1a: Dragonite|Dragonite|Dragoninite\n|move|p2a: Weavile|Icicle Crash|p1a: Dragonite\n|-supereffective|p1a: Dragonite|2\n|-damage|p1a: Dragonite|24/100\n|move|p1a: Dragonite|Hurricane|p2a: Weavile|[miss]\n|-miss|p1a: Dragonite|p2a: Weavile\n|move|p1b: Archaludon|Flash Cannon|p2a: Weavile\n|-supereffective|p2a: Weavile|1\n|-enditem|p2a: Weavile|Focus Sash\n|-damage|p2a: Weavile|1/100\n|\n|-weather|Snowscape|[upkeep]\n|-heal|p1b: Archaludon|48/100|[from] item: Leftovers\n|upkeep\n|turn|8\n|c|\u2606DevilsroseVA|gg\n|\n|t:|1776210078\n|move|p2a: Weavile|Ice Shard|p1a: Dragonite\n|-supereffective|p1a: Dragonite|2\n|-damage|p1a: Dragonite|0 fnt\n|faint|p1a: Dragonite\n|move|p1b: Archaludon|Flash Cannon|p2a: Weavile\n|-supereffective|p2a: Weavile|1\n|-damage|p2a: Weavile|0 fnt\n|faint|p2a: Weavile\n|\n|win|DevilsroseVA\n|raw|DevilsroseVA's rating: 1153 &rarr; <strong>1173</strong><br />(+20 for winning)\n|raw|Zarato's rating: 1083 &rarr; <strong>1065</strong><br />(-18 for losing)\n|l|\u2606DevilsroseVA\n|player|p1|\n",
  "uploadtime": 1776210106,
  "views": 18,
  "formatid": "gen9championsvgc2026regma",
  "rating": 1065,
  "private": 0,
  "password": null
}