{
  "id": "gen9championsvgc2026regma-2586435179",
  "format": "[Gen 9 Champions] VGC 2026 Reg M-A",
  "players": [
    "regufe",
    "pokemanwomanman"
  ],
  "log": "|j|\u2606regufe\n|j|\u2606pokemanwomanman\n|t:|1776434493\n|gametype|doubles\n|player|p1|regufe|pokemonbreeder|1152\n|player|p2|pokemanwomanman|102|1147\n|gen|9\n|tier|[Gen 9 Champions] VGC 2026 Reg M-A\n|rated|\n|rule|Species Clause: Limit one of each Pok\u00e9mon\n|rule|Item Clause: Limit 1 of each item\n|clearpoke\n|poke|p1|Lopunny, L50, F|\n|poke|p1|Basculegion, L50, M|\n|poke|p1|Zoroark-Hisui, L50, F|\n|poke|p1|Sableye, L50, F|\n|poke|p1|Incineroar, L50, F|\n|poke|p1|Scizor, L50, F|\n|poke|p2|Primarina, L50, M|\n|poke|p2|Talonflame, L50, F|\n|poke|p2|Froslass, L50, F|\n|poke|p2|Sinistcha, L50|\n|poke|p2|Garchomp, L50, F|\n|poke|p2|Camerupt, L50, F|\n|teampreview|4\n|inactive|Battle timer is ON: inactive players will automatically lose when time's up. (requested by pokemanwomanman)\n|\n|t:|1776434526\n|teamsize|p1|4\n|teamsize|p2|4\n|start\n|switch|p1a: Basculegion|Basculegion, L50, M|100/100\n|switch|p1b: Sableye|Sableye, L50, F|100/100\n|switch|p2a: Talonflame|Talonflame, L50, F, shiny|100/100\n|switch|p2b: Garchomp|Garchomp, L50, F, shiny|100/100\n|turn|1\n|\n|t:|1776434549\n|move|p1b: Sableye|Fake Out|p2a: Talonflame\n|-damage|p2a: Talonflame|89/100\n|move|p2b: Garchomp|Earthquake|p1b: Sableye|[spread] p1a,p1b\n|-immune|p2a: Talonflame\n|-damage|p1a: Basculegion|45/100\n|-damage|p1b: Sableye|41/100\n|-enditem|p1b: Sableye|Sitrus Berry|[eat]\n|-heal|p1b: Sableye|66/100|[from] item: Sitrus Berry\n|move|p1a: Basculegion|Ice Fang|p2b: Garchomp\n|-supereffective|p2b: Garchomp|2\n|-damage|p2b: Garchomp|15/100\n|-damage|p1a: Basculegion|32/100|[from] ability: Rough Skin|[of] p2b: Garchomp\n|cant|p2a: Talonflame|flinch\n|\n|upkeep\n|turn|2\n|\n|t:|1776434565\n|move|p1b: Sableye|Disable|p2b: Garchomp\n|-start|p2b: Garchomp|Disable|Earthquake\n|cant|p2b: Garchomp|Disable|Earthquake\n|move|p1a: Basculegion|Ice Fang|p2b: Garchomp\n|-supereffective|p2b: Garchomp|2\n|-damage|p2b: Garchomp|0 fnt\n|-damage|p1a: Basculegion|20/100|[from] ability: Rough Skin|[of] p2b: Garchomp\n|faint|p2b: Garchomp\n|move|p2a: Talonflame|Tailwind|p2a: Talonflame\n|-sidestart|p2: pokemanwomanman|move: Tailwind\n|\n|upkeep\n|\n|t:|1776434574\n|switch|p2b: Primarina|Primarina, L50, M, shiny|100/100\n|turn|3\n|\n|t:|1776434594\n|move|p1b: Sableye|Encore|p2a: Talonflame\n|-start|p2a: Talonflame|Encore\n|move|p2a: Talonflame|Tailwind||[still]\n|-fail|p2a: Talonflame\n|move|p1a: Basculegion|Ice Fang|p2a: Talonflame\n|-damage|p2a: Talonflame|55/100\n|move|p2b: Primarina|Hyper Voice|p1b: Sableye|[spread] p1a,p1b\n|-resisted|p1a: Basculegion|1\n|-damage|p1a: Basculegion|0 fnt\n|-damage|p1b: Sableye|18/100\n|faint|p1a: Basculegion\n|\n|upkeep\n|\n|t:|1776434613\n|switch|p1a: Lopunny|Lopunny, L50, F|100/100\n|turn|4\n|\n|t:|1776434625\n|switch|p2a: Sinistcha|Sinistcha, L50|100/100\n|move|p1b: Sableye|Disable|p2b: Primarina\n|-start|p2b: Primarina|Disable|Hyper Voice\n|move|p1a: Lopunny|Hyper Voice|p2a: Sinistcha|[spread] p2b\n|-immune|p2a: Sinistcha\n|-damage|p2b: Primarina|68/100\n|cant|p2b: Primarina|Disable|Hyper Voice\n|\n|upkeep\n|turn|5\n|\n|t:|1776434642\n|move|p2b: Primarina|Protect|p2b: Primarina\n|-singleturn|p2b: Primarina|Protect\n|move|p1b: Sableye|Encore|p2b: Primarina\n|-activate|p2b: Primarina|move: Protect\n|move|p1a: Lopunny|Shadow Ball|p2a: Sinistcha\n|-supereffective|p2a: Sinistcha|1\n|-damage|p2a: Sinistcha|33/100\n|-enditem|p2a: Sinistcha|Sitrus Berry|[eat]\n|-heal|p2a: Sinistcha|58/100|[from] item: Sitrus Berry\n|move|p2a: Sinistcha|Trick Room|p2a: Sinistcha\n|-fieldstart|move: Trick Room|[of] p2a: Sinistcha\n|\n|-sideend|p2: pokemanwomanman|move: Tailwind\n|upkeep\n|turn|6\n|\n|t:|1776434661\n|move|p1a: Lopunny|Protect|p1a: Lopunny\n|-singleturn|p1a: Lopunny|Protect\n|move|p2a: Sinistcha|Rage Powder|p2a: Sinistcha\n|-singleturn|p2a: Sinistcha|move: Rage Powder\n|move|p1b: Sableye|Encore|p2a: Sinistcha\n|-start|p2a: Sinistcha|Encore\n|move|p2b: Primarina|Moonblast|p1a: Lopunny\n|-activate|p1a: Lopunny|move: Protect\n|\n|upkeep\n|turn|7\n|inactive|regufe has 30 seconds left.\n|\n|t:|1776434692\n|move|p2a: Sinistcha|Rage Powder|p2a: Sinistcha\n|-singleturn|p2a: Sinistcha|move: Rage Powder\n|move|p1b: Sableye|Disable|p2a: Sinistcha\n|-start|p2a: Sinistcha|Disable|Rage Powder\n|move|p2b: Primarina|Moonblast|p1b: Sableye\n|-supereffective|p1b: Sableye|1\n|-damage|p1b: Sableye|0 fnt\n|faint|p1b: Sableye\n|move|p1a: Lopunny|Shadow Ball|p2a: Sinistcha\n|-supereffective|p2a: Sinistcha|1\n|-damage|p2a: Sinistcha|0 fnt\n|faint|p2a: Sinistcha\n|\n|-end|p2b: Primarina|Disable\n|upkeep\n|\n|t:|1776434704\n|switch|p1b: Lopunny|Lopunny, L50, F|100/100\n|switch|p2a: Talonflame|Talonflame, L50, F, shiny|55/100\n|turn|8\n|\n|t:|1776434718\n|detailschange|p1b: Lopunny|Lopunny-Mega, L50, F\n|-mega|p1b: Lopunny|Lopunny|Lopunnite\n|move|p2b: Primarina|Protect|p2b: Primarina\n|-singleturn|p2b: Primarina|Protect\n|move|p2a: Talonflame|Protect|p2a: Talonflame\n|-singleturn|p2a: Talonflame|Protect\n|move|p1b: Lopunny|Fake Out|p2b: Primarina\n|-activate|p2b: Primarina|move: Protect\n|move|p1a: Lopunny|Hyper Voice|p2b: Primarina|[spread] \n|-activate|p2a: Talonflame|move: Protect\n|-activate|p2b: Primarina|move: Protect\n|\n|upkeep\n|turn|9\n|inactive|regufe has 30 seconds left.\n|inactive|regufe has 20 seconds left.\n|\n|t:|1776434758\n|move|p1a: Lopunny|Protect|p1a: Lopunny\n|-singleturn|p1a: Lopunny|Protect\n|move|p2a: Talonflame|Protect||[still]\n|-fail|p2a: Talonflame\n|move|p2b: Primarina|Hyper Voice|p1a: Lopunny|[spread] p1b\n|-activate|p1a: Lopunny|move: Protect\n|-damage|p1b: Lopunny|37/100\n|move|p1b: Lopunny|Close Combat|p2b: Primarina\n|-resisted|p2b: Primarina|1\n|-damage|p2b: Primarina|29/100\n|-unboost|p1b: Lopunny|def|1\n|-unboost|p1b: Lopunny|spd|1\n|\n|-fieldend|move: Trick Room\n|upkeep\n|turn|10\n|inactive|regufe has 30 seconds left.\n|inactive|pokemanwomanman has 30 seconds left.\n|\n|t:|1776434790\n|move|p1b: Lopunny|Giga Impact|p2a: Talonflame\n|-damage|p2a: Talonflame|0 fnt\n|-mustrecharge|p1b: Lopunny\n|faint|p2a: Talonflame\n|move|p1a: Lopunny|Hyper Voice|p2b: Primarina\n|-damage|p2b: Primarina|0 fnt\n|faint|p2b: Primarina\n|\n|win|regufe\n|raw|regufe's rating: 1152 &rarr; <strong>1177</strong><br />(+25 for winning)\n|raw|pokemanwomanman's rating: 1147 &rarr; <strong>1122</strong><br />(-25 for losing)\n|l|\u2606pokemanwomanman\n|player|p2|\n",
  "uploadtime": 1776434818,
  "views": 21,
  "formatid": "gen9championsvgc2026regma",
  "rating": 1122,
  "private": 0,
  "password": null
}