{
  "id": "gen9championsvgc2026regma-2582340869",
  "format": "[Gen 9 Champions] VGC 2026 Reg M-A",
  "players": [
    "yuriimon",
    "Thedrq"
  ],
  "log": "|j|\u2606yuriimon\n|j|\u2606Thedrq\n|t:|1776084782\n|gametype|doubles\n|player|p1|yuriimon|waitress-gen4|1128\n|player|p2|Thedrq|cynthia-gen4|1082\n|gen|9\n|tier|[Gen 9 Champions] VGC 2026 Reg M-A\n|rated|\n|rule|Species Clause: Limit one of each Pok\u00e9mon\n|rule|Item Clause: Limit 1 of each item\n|clearpoke\n|poke|p1|Floette-Eternal, L50, F|\n|poke|p1|Sableye, L50, M|\n|poke|p1|Talonflame, L50, F|\n|poke|p1|Kingambit, L50, F|\n|poke|p1|Golurk, L50|\n|poke|p1|Garchomp, L50, M|\n|poke|p2|Scizor, L50, F|\n|poke|p2|Crabominable, L50, M|\n|poke|p2|Slowking, L50, M|\n|poke|p2|Araquanid, L50, F|\n|poke|p2|Hatterene, L50, F|\n|poke|p2|Incineroar, L50, M|\n|teampreview|4\n|inactive|Battle timer is ON: inactive players will automatically lose when time's up. (requested by yuriimon)\n|inactive|yuriimon has 60 seconds left.\n|inactive|yuriimon has 30 seconds left.\n|\n|t:|1776084847\n|teamsize|p1|4\n|teamsize|p2|4\n|start\n|switch|p1a: Kingambit|Kingambit, L50, F|100/100\n|switch|p1b: Talonflame|Talonflame, L50, F|100/100\n|switch|p2a: Incineroar|Incineroar, L50, M|100/100\n|switch|p2b: Hatterene|Hatterene, L50, F|100/100\n|-ability|p2a: Incineroar|Intimidate|boost\n|-unboost|p1a: Kingambit|atk|1\n|-ability|p1a: Kingambit|Defiant|boost\n|-boost|p1a: Kingambit|atk|2\n|-unboost|p1b: Talonflame|atk|1\n|turn|1\n|\n|t:|1776084863\n|move|p2a: Incineroar|Fake Out|p1a: Kingambit\n|-resisted|p1a: Kingambit|1\n|-damage|p1a: Kingambit|96/100\n|move|p1b: Talonflame|Taunt|p2b: Hatterene\n|move|p2b: Hatterene|Taunt|p1b: Talonflame|[from] ability: Magic Bounce\n|-start|p1b: Talonflame|move: Taunt\n|cant|p1a: Kingambit|flinch\n|move|p2b: Hatterene|Trick Room|p2b: Hatterene\n|-fieldstart|move: Trick Room|[of] p2b: Hatterene\n|\n|upkeep\n|turn|2\n|\n|t:|1776084884\n|move|p1b: Talonflame|Dual Wingbeat|p2a: Incineroar\n|-damage|p2a: Incineroar|88/100\n|-damage|p2a: Incineroar|73/100\n|-hitcount|p2a: Incineroar|2\n|move|p2b: Hatterene|Psychic|p1b: Talonflame\n|-damage|p1b: Talonflame|20/100\n|move|p1a: Kingambit|Iron Head|p2b: Hatterene\n|-supereffective|p2b: Hatterene|1\n|-damage|p2b: Hatterene|0 fnt\n|faint|p2b: Hatterene\n|move|p2a: Incineroar|Flare Blitz|p1a: Kingambit\n|-supereffective|p1a: Kingambit|1\n|-damage|p1a: Kingambit|0 fnt\n|faint|p1a: Kingambit\n|-damage|p2a: Incineroar|40/100|[from] Recoil\n|-enditem|p2a: Incineroar|Sitrus Berry|[eat]\n|-heal|p2a: Incineroar|65/100|[from] item: Sitrus Berry\n|\n|upkeep\n|\n|t:|1776084906\n|switch|p2b: Araquanid|Araquanid, L50, F|100/100\n|switch|p1a: Golurk|Golurk, L50|100/100\n|turn|3\n|\n|t:|1776084926\n|switch|p1b: Sableye|Sableye, L50, M|100/100\n|detailschange|p1a: Golurk|Golurk-Mega, L50\n|-mega|p1a: Golurk|Golurk|Golurkite\n|move|p2b: Araquanid|Protect|p2b: Araquanid\n|-singleturn|p2b: Araquanid|Protect\n|move|p1a: Golurk|Earthquake|p2b: Araquanid|[spread] p1b,p2a\n|-activate|p2b: Araquanid|move: Protect\n|-supereffective|p2a: Incineroar|1\n|-damage|p1b: Sableye|30/100\n|-damage|p2a: Incineroar|0 fnt\n|faint|p2a: Incineroar\n|\n|upkeep\n|\n|t:|1776084937\n|switch|p2a: Scizor|Scizor, L50, F|100/100\n|turn|4\n|inactive|Thedrq has 30 seconds left.\n|\n|t:|1776084967\n|detailschange|p2a: Scizor|Scizor-Mega, L50, F\n|-mega|p2a: Scizor|Scizor|Scizorite\n|move|p2b: Araquanid|Wide Guard|p2b: Araquanid\n|-singleturn|p2b: Araquanid|Wide Guard\n|move|p1b: Sableye|Quash||[still]\n|-fail|p1b: Sableye\n|move|p1a: Golurk|Poltergeist|p2a: Scizor\n|-activate|p2a: Scizor|move: Poltergeist|Scizorite\n|-damage|p2a: Scizor|41/100\n|move|p2a: Scizor|Iron Head|p1a: Golurk\n|-damage|p1a: Golurk|57/100\n|\n|upkeep\n|turn|5\n|\n|t:|1776084991\n|move|p1a: Golurk|Protect|p1a: Golurk\n|-singleturn|p1a: Golurk|Protect\n|move|p2a: Scizor|Bullet Punch|p1b: Sableye\n|-damage|p1b: Sableye|0 fnt\n|faint|p1b: Sableye\n|move|p2b: Araquanid|Liquidation|p1a: Golurk\n|-activate|p1a: Golurk|move: Protect\n|\n|-fieldend|move: Trick Room\n|upkeep\n|\n|t:|1776084996\n|switch|p1b: Talonflame|Talonflame, L50, F|20/100\n|turn|6\n|\n|t:|1776085012\n|move|p1b: Talonflame|Quick Guard|p1b: Talonflame\n|-singleturn|p1b: Talonflame|Quick Guard\n|move|p2a: Scizor|Bullet Punch|p1b: Talonflame\n|-activate|p1b: Talonflame|move: Quick Guard\n|move|p1a: Golurk|Poltergeist|p2a: Scizor\n|-activate|p2a: Scizor|move: Poltergeist|Scizorite\n|-damage|p2a: Scizor|0 fnt\n|faint|p2a: Scizor\n|move|p2b: Araquanid|Liquidation|p1a: Golurk\n|-supereffective|p1a: Golurk|1\n|-damage|p1a: Golurk|0 fnt\n|faint|p1a: Golurk\n|\n|upkeep\n|turn|7\n|\n|t:|1776085025\n|move|p1b: Talonflame|Dual Wingbeat|p2b: Araquanid\n|-supereffective|p2b: Araquanid|1\n|-damage|p2b: Araquanid|51/100\n|-supereffective|p2b: Araquanid|1\n|-damage|p2b: Araquanid|0 fnt\n|faint|p2b: Araquanid\n|-hitcount|p2: Araquanid|2\n|\n|win|yuriimon\n|raw|yuriimon's rating: 1128 &rarr; <strong>1150</strong><br />(+22 for winning)\n|raw|Thedrq's rating: 1082 &rarr; <strong>1063</strong><br />(-19 for losing)\n|c|\u2606yuriimon|ggwp\n|l|\u2606Thedrq\n|player|p2|\n",
  "uploadtime": 1776085037,
  "views": 12,
  "formatid": "gen9championsvgc2026regma",
  "rating": 1063,
  "private": 0,
  "password": null
}