{
  "id": "gen9championsvgc2026regma-2587052450",
  "format": "[Gen 9 Champions] VGC 2026 Reg M-A",
  "players": [
    "Princess Nezu",
    "Tantrum2u"
  ],
  "log": "|j|\u2606Princess Nezu\n|j|\u2606Tantrum2u\n|t:|1776487157\n|gametype|doubles\n|player|p1|Princess Nezu|heroine2-conquest|1078\n|player|p2|Tantrum2u|265|1169\n|gen|9\n|tier|[Gen 9 Champions] VGC 2026 Reg M-A\n|rated|\n|rule|Species Clause: Limit one of each Pok\u00e9mon\n|rule|Item Clause: Limit 1 of each item\n|clearpoke\n|poke|p1|Gardevoir, L50, F, shiny|\n|poke|p1|Sneasler, L50, M|\n|poke|p1|Farigiraf, L50, F|\n|poke|p1|Kingambit, L50, M|\n|poke|p1|Sinistcha, L50|\n|poke|p1|Crabominable, L50, M|\n|poke|p2|Chesnaught, L50, M|\n|poke|p2|Ninetales-Alola, L50, M|\n|poke|p2|Dragapult, L50, M|\n|poke|p2|Armarouge, L50, M|\n|poke|p2|Maushold, L50|\n|poke|p2|Archaludon, L50, F|\n|teampreview|4\n|inactive|Battle timer is ON: inactive players will automatically lose when time's up. (requested by Princess Nezu)\n|inactive|Tantrum2u has 60 seconds left.\n|\n|t:|1776487194\n|teamsize|p1|4\n|teamsize|p2|4\n|start\n|switch|p1a: Hope|Farigiraf, L50, F|100/100\n|switch|p1b: All Roads Lead To|Crabominable, L50, M|100/100\n|switch|p2a: Petered|Archaludon, L50, F|100/100\n|switch|p2b: Love Show|Maushold, L50|100/100\n|turn|1\n|\n|t:|1776487208\n|move|p1b: All Roads Lead To|Protect|p1b: All Roads Lead To\n|-singleturn|p1b: All Roads Lead To|Protect\n|move|p2a: Petered|Flash Cannon|p1b: All Roads Lead To\n|-activate|p1b: All Roads Lead To|move: Protect\n|move|p2b: Love Show|Taunt|p1a: Hope\n|-start|p1a: Hope|move: Taunt\n|cant|p1a: Hope|move: Taunt|Trick Room\n|\n|upkeep\n|turn|2\n|\n|t:|1776487228\n|switch|p1a: Checkmate|Kingambit, L50, M|100/100\n|detailschange|p1b: All Roads Lead To|Crabominable-Mega, L50, M\n|-mega|p1b: All Roads Lead To|Crabominable|Crabominite\n|move|p2b: Love Show|Protect|p2b: Love Show\n|-singleturn|p2b: Love Show|Protect\n|move|p2a: Petered|Flash Cannon|p1b: All Roads Lead To\n|-supereffective|p1b: All Roads Lead To|1\n|-damage|p1b: All Roads Lead To|38/100\n|move|p1b: All Roads Lead To|Drain Punch|p2a: Petered\n|-supereffective|p2a: Petered|1\n|-damage|p2a: Petered|26/100\n|-heal|p1b: All Roads Lead To|68/100|[from] drain|[of] p2a: Petered\n|\n|upkeep\n|turn|3\n|inactive|Tantrum2u has 30 seconds left.\n|inactive|Tantrum2u has 20 seconds left.\n|inactive|Tantrum2u has 15 seconds left.\n|\n|t:|1776487269\n|switch|p2a: Cave In|Armarouge, L50, M|100/100\n|switch|p2b: Dreemurr|Chesnaught, L50, M|100/100\n|move|p1a: Checkmate|Kowtow Cleave|p2a: Cave In\n|-supereffective|p2a: Cave In|1\n|-damage|p2a: Cave In|0 fnt\n|faint|p2a: Cave In\n|move|p1b: All Roads Lead To|Drain Punch|p2b: Dreemurr\n|-damage|p2b: Dreemurr|57/100\n|-heal|p1b: All Roads Lead To|89/100|[from] drain|[of] p2b: Dreemurr\n|\n|upkeep\n|\n|t:|1776487279\n|switch|p2a: Petered|Archaludon, L50, F|26/100\n|turn|4\n|\n|t:|1776487287\n|detailschange|p2b: Dreemurr|Chesnaught-Mega, L50, M\n|-mega|p2b: Dreemurr|Chesnaught|Chesnaughtite\n|move|p1a: Checkmate|Sucker Punch|p2a: Petered\n|-damage|p2a: Petered|0 fnt\n|faint|p2a: Petered\n|move|p2b: Dreemurr|Iron Defense|p2b: Dreemurr\n|-boost|p2b: Dreemurr|def|2\n|move|p1b: All Roads Lead To|Ice Hammer|p2b: Dreemurr\n|-supereffective|p2b: Dreemurr|1\n|-damage|p2b: Dreemurr|10/100\n|-unboost|p1b: All Roads Lead To|spe|1\n|\n|upkeep\n|\n|t:|1776487293\n|switch|p2a: Love Show|Maushold, L50|100/100\n|turn|5\n|\n|t:|1776487312\n|move|p1a: Checkmate|Protect|p1a: Checkmate\n|-singleturn|p1a: Checkmate|Protect\n|move|p2a: Love Show|Follow Me|p2a: Love Show\n|-singleturn|p2a: Love Show|move: Follow Me\n|move|p2b: Dreemurr|Body Press|p1b: All Roads Lead To\n|-supereffective|p1b: All Roads Lead To|1\n|-damage|p1b: All Roads Lead To|0 fnt\n|faint|p1b: All Roads Lead To\n|\n|upkeep\n|\n|t:|1776487318\n|switch|p1b: The Keeper|Sneasler, L50, M|100/100\n|turn|6\n|\n|t:|1776487330\n|move|p2a: Love Show|Protect|p2a: Love Show\n|-singleturn|p2a: Love Show|Protect\n|move|p2b: Dreemurr|Spiky Shield|p2b: Dreemurr\n|-singleturn|p2b: Dreemurr|move: Protect\n|move|p1b: The Keeper|Dire Claw|p2b: Dreemurr\n|-activate|p2b: Dreemurr|move: Protect\n|-damage|p1b: The Keeper|88/100|[from] Spiky Shield|[of] p2b: Dreemurr\n|move|p1a: Checkmate|Kowtow Cleave|p2a: Love Show\n|-activate|p2a: Love Show|move: Protect\n|\n|upkeep\n|turn|7\n|\n|t:|1776487344\n|move|p2a: Love Show|Follow Me|p2a: Love Show\n|-singleturn|p2a: Love Show|move: Follow Me\n|move|p1b: The Keeper|Dire Claw|p2a: Love Show\n|-damage|p2a: Love Show|42/100\n|-enditem|p2a: Love Show|Sitrus Berry|[eat]\n|-heal|p2a: Love Show|67/100|[from] item: Sitrus Berry\n|move|p2b: Dreemurr|Body Press|p1b: The Keeper\n|-resisted|p1b: The Keeper|1\n|-damage|p1b: The Keeper|9/100\n|move|p1a: Checkmate|Kowtow Cleave|p2a: Love Show\n|-damage|p2a: Love Show|0 fnt\n|faint|p2a: Love Show\n|\n|upkeep\n|turn|8\n|\n|t:|1776487363\n|switch|p1b: Hope|Farigiraf, L50, F|100/100\n|move|p2b: Dreemurr|Spiky Shield|p2b: Dreemurr\n|-singleturn|p2b: Dreemurr|move: Protect\n|move|p1a: Checkmate|Kowtow Cleave|p2b: Dreemurr\n|-activate|p2b: Dreemurr|move: Protect\n|-damage|p1a: Checkmate|88/100|[from] Spiky Shield|[of] p2b: Dreemurr\n|\n|upkeep\n|turn|9\n|\n|t:|1776487374\n|move|p1b: Hope|Psychic|p2b: Dreemurr\n|-supereffective|p2b: Dreemurr|1\n|-damage|p2b: Dreemurr|0 fnt\n|faint|p2b: Dreemurr\n|\n|win|Princess Nezu\n|raw|Princess Nezu's rating: 1078 &rarr; <strong>1114</strong><br />(+36 for winning)\n|raw|Tantrum2u's rating: 1169 &rarr; <strong>1138</strong><br />(-31 for losing)\n|l|\u2606Tantrum2u\n|player|p2|\n",
  "uploadtime": 1776487378,
  "views": 30,
  "formatid": "gen9championsvgc2026regma",
  "rating": 1114,
  "private": 0,
  "password": null
}