{
  "id": "gen9championsvgc2026regma-2582188099",
  "format": "[Gen 9 Champions] VGC 2026 Reg M-A",
  "players": [
    "Mameon",
    "esa"
  ],
  "log": "|j|\u2606Mameon\n|j|\u2606esa\n|t:|1776069082\n|gametype|doubles\n|player|p1|Mameon|170|1026\n|player|p2|esa|1|1000\n|gen|9\n|tier|[Gen 9 Champions] VGC 2026 Reg M-A\n|rated|\n|rule|Species Clause: Limit one of each Pok\u00e9mon\n|rule|Item Clause: Limit 1 of each item\n|clearpoke\n|poke|p1|Feraligatr, L50, F|\n|poke|p1|Incineroar, L50, M|\n|poke|p1|Kingambit, L50, M|\n|poke|p1|Farigiraf, L50, M|\n|poke|p1|Sinistcha, L50|\n|poke|p1|Volcarona, L50, F|\n|poke|p2|Charizard, L50, F|\n|poke|p2|Talonflame, L50, F|\n|poke|p2|Milotic, L50, M|\n|poke|p2|Pelipper, L50, M|\n|poke|p2|Maushold, L50|\n|poke|p2|Basculegion, L50, M|\n|teampreview|4\n|\n|t:|1776069111\n|teamsize|p1|4\n|teamsize|p2|4\n|start\n|switch|p1a: Farigiraf|Farigiraf, L50, M, shiny|100/100\n|switch|p1b: Feraligatr|Feraligatr, L50, F|100/100\n|switch|p2a: Milotic|Milotic, L50, M|100/100\n|switch|p2b: Pelipper|Pelipper, L50, M|100/100\n|-weather|RainDance|[from] ability: Drizzle|[of] p2b: Pelipper\n|turn|1\n|\n|t:|1776069139\n|move|p2a: Milotic|Alluring Voice|p1b: Feraligatr\n|-damage|p1b: Feraligatr|77/100\n|move|p1b: Feraligatr|Swords Dance|p1b: Feraligatr\n|-boost|p1b: Feraligatr|atk|2\n|move|p2b: Pelipper|Hurricane|p1b: Feraligatr\n|-damage|p1b: Feraligatr|39/100\n|move|p1a: Farigiraf|Hyper Voice|p2b: Pelipper|[spread] p2a,p2b\n|-damage|p2a: Milotic|78/100\n|-damage|p2b: Pelipper|69/100\n|\n|-weather|RainDance|[upkeep]\n|-heal|p2a: Milotic|84/100|[from] item: Leftovers\n|upkeep\n|turn|2\n|\n|t:|1776069165\n|move|p1b: Feraligatr|Protect|p1b: Feraligatr\n|-singleturn|p1b: Feraligatr|Protect\n|move|p2a: Milotic|Scald|p1a: Farigiraf\n|-damage|p1a: Farigiraf|54/100\n|-status|p1a: Farigiraf|brn\n|move|p2b: Pelipper|Hurricane|p1b: Feraligatr\n|-activate|p1b: Feraligatr|move: Protect\n|move|p1a: Farigiraf|Trick Room|p1a: Farigiraf\n|-fieldstart|move: Trick Room|[of] p1a: Farigiraf\n|\n|-weather|RainDance|[upkeep]\n|-heal|p2a: Milotic|90/100|[from] item: Leftovers\n|-damage|p1a: Farigiraf|48/100 brn|[from] brn\n|upkeep\n|turn|3\n|\n|t:|1776069188\n|detailschange|p1b: Feraligatr|Feraligatr-Mega, L50, F\n|-mega|p1b: Feraligatr|Feraligatr|Feraligite\n|move|p2b: Pelipper|Protect|p2b: Pelipper\n|-singleturn|p2b: Pelipper|Protect\n|move|p1a: Farigiraf|Psychic|p2b: Pelipper\n|-activate|p2b: Pelipper|move: Protect\n|move|p1b: Feraligatr|Double-Edge|p2a: Milotic\n|-damage|p2a: Milotic|0 fnt\n|faint|p2a: Milotic\n|-damage|p1b: Feraligatr|8/100|[from] Recoil\n|\n|-weather|RainDance|[upkeep]\n|-damage|p1a: Farigiraf|42/100 brn|[from] brn\n|upkeep\n|\n|t:|1776069205\n|switch|p2a: Maushold|Maushold, L50|100/100\n|turn|4\n|\n|t:|1776069227\n|move|p1b: Feraligatr|Protect|p1b: Feraligatr\n|-singleturn|p1b: Feraligatr|Protect\n|move|p2a: Maushold|Follow Me|p2a: Maushold\n|-singleturn|p2a: Maushold|move: Follow Me\n|move|p1a: Farigiraf|Hyper Voice|p2b: Pelipper|[spread] p2a,p2b\n|-damage|p2a: Maushold|61/100\n|-damage|p2b: Pelipper|44/100\n|move|p2b: Pelipper|Weather Ball|p1a: Farigiraf\n|-damage|p1a: Farigiraf|1/100 brn\n|\n|-weather|RainDance|[upkeep]\n|-damage|p1a: Farigiraf|0 fnt|[from] brn\n|faint|p1a: Farigiraf\n|upkeep\n|\n|t:|1776069243\n|switch|p1a: Kingambit|Kingambit, L50, M, shiny|100/100\n|turn|5\n|\n|t:|1776069263\n|move|p2b: Pelipper|Protect|p2b: Pelipper\n|-singleturn|p2b: Pelipper|Protect\n|move|p2a: Maushold|Feint|p1b: Feraligatr\n|-damage|p1b: Feraligatr|2/100\n|move|p1a: Kingambit|Kowtow Cleave|p2b: Pelipper\n|-activate|p2b: Pelipper|move: Protect\n|move|p1b: Feraligatr|Liquidation|p2a: Maushold\n|-damage|p2a: Maushold|0 fnt\n|faint|p2a: Maushold\n|\n|-weather|none\n|upkeep\n|\n|t:|1776069276\n|switch|p2a: Basculegion|Basculegion, L50, M|100/100\n|turn|6\n|\n|t:|1776069290\n|move|p2a: Basculegion|Protect|p2a: Basculegion\n|-singleturn|p2a: Basculegion|Protect\n|move|p1a: Kingambit|Kowtow Cleave|p2b: Pelipper\n|-damage|p2b: Pelipper|0 fnt\n|faint|p2b: Pelipper\n|move|p1b: Feraligatr|Double-Edge|p2a: Basculegion\n|-activate|p2a: Basculegion|move: Protect\n|\n|-fieldend|move: Trick Room\n|upkeep\n|turn|7\n|-message|esa forfeited.\n|\n|win|Mameon\n|raw|Mameon's rating: 1026 &rarr; <strong>1059</strong><br />(+33 for winning)\n|raw|esa's rating: 1000 &rarr; <strong>1000</strong><br />(+0 for losing)\n|l|\u2606esa\n|player|p2|\n",
  "uploadtime": 1776069304,
  "views": 11,
  "formatid": "gen9championsvgc2026regma",
  "rating": 1000,
  "private": 0,
  "password": null
}