{
  "id": "gen9championsvgc2026regma-2583533269",
  "format": "[Gen 9 Champions] VGC 2026 Reg M-A",
  "players": [
    "Triple Goose",
    "Itotio"
  ],
  "log": "|j|\u2606Triple Goose\n|j|\u2606Itotio\n|html|<table width=\"100%\"><tr><td align=\"left\">Triple Goose</td><td align=\"right\">Itotio</tr><tr><td align=\"left\"><i class=\"fa fa-circle\"></i> <i class=\"fa fa-circle-o\"></i> </td><td align=\"right\"><i class=\"fa fa-circle-o\"></i> <i class=\"fa fa-circle-o\"></i> </tr></table>\n|uhtml|bestof|<h2><strong>Game 2</strong> of <a href=\"/game-bestof3-gen9championsvgc2026regma-2583530436\">a best-of-3</a></h2>\n|t:|1776181659\n|gametype|doubles\n|player|p1|Triple Goose|juggler|\n|player|p2|Itotio|lucas|\n|gen|9\n|tier|[Gen 9 Champions] VGC 2026 Reg M-A\n|rated|Tournament battle\n|rule|Species Clause: Limit one of each Pok\u00e9mon\n|rule|Item Clause: Limit 1 of each item\n|raw|<div class=\"infobox\"><details class=\"readmore\" open><summary><strong>2 custom rules:</strong></summary> Force Open Team Sheets, Best of = 3</details></div>\n|clearpoke\n|poke|p1|Whimsicott, L50, F|\n|poke|p1|Typhlosion-Hisui, L50, M|\n|poke|p1|Farigiraf, L50, F|\n|poke|p1|Incineroar, L50, M|\n|poke|p1|Sneasler, L50, F|\n|poke|p1|Floette-Eternal, L50, F|\n|poke|p2|Feraligatr, L50, M|\n|poke|p2|Aegislash, L50, F|\n|poke|p2|Sinistcha-Masterpiece, L50|\n|poke|p2|Pelipper, L50, M|\n|poke|p2|Avalugg-Hisui, L50, M|\n|poke|p2|Slowking-Galar, L50, F|\n|teampreview|4\n|showteam|p1|Whimsicott||FocusSash|Prankster|Moonblast,Tailwind,Encore,SunnyDay|||F|||50|]Typhlosion-Hisui||ChoiceScarf|Blaze|HeatWave,Eruption,Overheat,ShadowBall|||M|||50|]Farigiraf||SilkScarf|ArmorTail|Psychic,HyperVoice,TrickRoom,HelpingHand|||F|||50|]Incineroar||SitrusBerry|Intimidate|PartingShot,ThroatChop,FlareBlitz,FakeOut|||M|||50|]Sneasler||WhiteHerb|Unburden|DireClaw,CloseCombat,RockSlide,Protect|||F|||50|]Floette-Eternal||Floettite|FlowerVeil|Moonblast,DazzlingGleam,LightofRuin,Protect|||F|||50|\n|showteam|p2|Feraligatr||Feraligite|Torrent|Protect,DoubleEdge,Liquidation,AquaJet|||M|||50|]Aegislash||SpellTag|StanceChange|Poltergeist,SacredSword,KingsShield,SwordsDance|||F|||50|]Sinistcha-Masterpiece||SitrusBerry|Heatproof|ShadowBall,MatchaGotcha,TrickRoom,RagePowder||||||50|]Pelipper||FocusSash|Drizzle|WeatherBall,Hurricane,WideGuard,Protect|||M|||50|]Avalugg-Hisui||NeverMeltIce|Sturdy|RockSlide,HighHorsepower,MountainGale,Protect|||M|||50|]Slowking-Galar||ColburBerry|CuriousMedicine|TrickRoom,ChillyReception,SludgeBomb,Flamethrower|||F|||50|\n|j| MauseApe\n|inactive|Battle timer is ON: inactive players will automatically lose when time's up. (requested by Triple Goose)\n|inactive|Itotio also wants the timer to be on.\n|j|%llefface\n|j| random1213\n|inactive|Triple Goose has 60 seconds left.\n|inactive|Triple Goose has 30 seconds left.\n|\n|t:|1776181725\n|teamsize|p1|4\n|teamsize|p2|4\n|start\n|switch|p1a: Typhlosion|Typhlosion-Hisui, L50, M|100/100\n|switch|p1b: Whimsicott|Whimsicott, L50, F|100/100\n|switch|p2a: Feraligatr|Feraligatr, L50, M|100/100\n|switch|p2b: Slowking|Slowking-Galar, L50, F|100/100\n|-clearboost|p2a: Feraligatr|[from] ability: Curious Medicine|[of] p2b: Slowking\n|turn|1\n|\n|t:|1776181737\n|switch|p1a: Incineroar|Incineroar, L50, M|100/100\n|-ability|p1a: Incineroar|Intimidate|boost\n|-unboost|p2a: Feraligatr|atk|1\n|-unboost|p2b: Slowking|atk|1\n|move|p1b: Whimsicott|Sunny Day|p1b: Whimsicott\n|-weather|SunnyDay\n|move|p2a: Feraligatr|Aqua Jet|p1a: Incineroar\n|-supereffective|p1a: Incineroar|1\n|-damage|p1a: Incineroar|88/100\n|move|p2b: Slowking|Trick Room|p2b: Slowking\n|-fieldstart|move: Trick Room|[of] p2b: Slowking\n|\n|-weather|SunnyDay|[upkeep]\n|upkeep\n|turn|2\n|\n|t:|1776181759\n|switch|p2b: Pelipper|Pelipper, L50, M|100/100\n|-weather|RainDance|[from] ability: Drizzle|[of] p2b: Pelipper\n|move|p1b: Whimsicott|Sunny Day|p1b: Whimsicott\n|-weather|SunnyDay\n|move|p1a: Incineroar|Parting Shot|p2a: Feraligatr\n|-unboost|p2a: Feraligatr|atk|1\n|-unboost|p2a: Feraligatr|spa|1\n|\n|t:|1776181767\n|switch|p1a: Floette|Floette-Eternal, L50, F|100/100|[from] Parting Shot\n|move|p2a: Feraligatr|Liquidation|p1a: Floette\n|-damage|p1a: Floette|86/100\n|\n|-weather|SunnyDay|[upkeep]\n|upkeep\n|turn|3\n|\n|t:|1776181779\n|switch|p2a: Slowking|Slowking-Galar, L50, F|100/100\n|-clearboost|p2b: Pelipper|[from] ability: Curious Medicine|[of] p2a: Slowking\n|detailschange|p1a: Floette|Floette-Mega, L50, F\n|-mega|p1a: Floette|Floette|Floettite\n|-ability|p1a: Floette|Fairy Aura\n|move|p2b: Pelipper|Weather Ball|p1b: Whimsicott\n|-supereffective|p1b: Whimsicott|1\n|-enditem|p1b: Whimsicott|Focus Sash\n|-damage|p1b: Whimsicott|1/100\n|move|p1a: Floette|Dazzling Gleam|p2a: Slowking|[spread] p2a,p2b\n|-resisted|p2a: Slowking|1\n|-damage|p2a: Slowking|80/100\n|-damage|p2b: Pelipper|30/100\n|move|p1b: Whimsicott|Moonblast|p2b: Pelipper\n|-damage|p2b: Pelipper|0 fnt\n|faint|p2b: Pelipper\n|\n|-weather|SunnyDay|[upkeep]\n|upkeep\n|\n|t:|1776181797\n|switch|p2b: Avalugg|Avalugg-Hisui, L50, M|100/100\n|turn|4\n|\n|t:|1776181807\n|switch|p1a: Incineroar|Incineroar, L50, M|88/100\n|-ability|p1a: Incineroar|Intimidate|boost\n|-unboost|p2a: Slowking|atk|1\n|-unboost|p2b: Avalugg|atk|1\n|move|p2a: Slowking|Sludge Bomb|p1b: Whimsicott\n|-supereffective|p1b: Whimsicott|2\n|-damage|p1b: Whimsicott|0 fnt\n|faint|p1b: Whimsicott\n|move|p2b: Avalugg|Mountain Gale|p1a: Incineroar\n|-resisted|p1a: Incineroar|1\n|-damage|p1a: Incineroar|61/100\n|\n|-weather|SunnyDay|[upkeep]\n|upkeep\n|\n|t:|1776181818\n|switch|p1b: Floette|Floette-Mega, L50, F|86/100\n|-ability|p1b: Floette|Fairy Aura\n|turn|5\n|\n|t:|1776181832\n|move|p2b: Avalugg|Protect|p2b: Avalugg\n|-singleturn|p2b: Avalugg|Protect\n|move|p1a: Incineroar|Fake Out|p2a: Slowking\n|-damage|p2a: Slowking|66/100\n|-prepare|p2a: Slowking|Chilly Reception|[premajor]\n|cant|p2a: Slowking|flinch\n|move|p1b: Floette|Moonblast|p2b: Avalugg\n|-activate|p2b: Avalugg|move: Protect\n|\n|-weather|SunnyDay|[upkeep]\n|-fieldend|move: Trick Room\n|upkeep\n|turn|6\n|\n|t:|1776181849\n|move|p1b: Floette|Dazzling Gleam|p2b: Avalugg|[spread] p2a,p2b\n|-resisted|p2a: Slowking|1\n|-damage|p2a: Slowking|47/100\n|-damage|p2b: Avalugg|11/100\n|move|p1a: Incineroar|Flare Blitz|p2a: Slowking\n|-damage|p2a: Slowking|0 fnt\n|faint|p2a: Slowking\n|-damage|p1a: Incineroar|46/100|[from] Recoil\n|-enditem|p1a: Incineroar|Sitrus Berry|[eat]\n|-heal|p1a: Incineroar|71/100|[from] item: Sitrus Berry\n|move|p2b: Avalugg|Mountain Gale|p1b: Floette\n|-damage|p1b: Floette|17/100\n|\n|-weather|none\n|upkeep\n|\n|t:|1776181855\n|switch|p2a: Feraligatr|Feraligatr, L50, M|100/100\n|turn|7\n|j| Hy3ll0\n|\n|t:|1776181873\n|move|p1b: Floette|Protect|p1b: Floette\n|-singleturn|p1b: Floette|Protect\n|move|p2a: Feraligatr|Liquidation|p1a: Incineroar\n|-supereffective|p1a: Incineroar|1\n|-damage|p1a: Incineroar|0 fnt\n|faint|p1a: Incineroar\n|move|p2b: Avalugg|Rock Slide|p1b: Floette\n|-activate|p1b: Floette|move: Protect\n|\n|upkeep\n|\n|t:|1776181881\n|switch|p1a: Typhlosion|Typhlosion-Hisui, L50, M|100/100\n|turn|8\n|\n|t:|1776181885\n|detailschange|p2a: Feraligatr|Feraligatr-Mega, L50, M\n|-mega|p2a: Feraligatr|Feraligatr|Feraligite\n|move|p2a: Feraligatr|Aqua Jet|p1b: Floette\n|-damage|p1b: Floette|0 fnt\n|faint|p1b: Floette\n|move|p1a: Typhlosion|Eruption|p2b: Avalugg|[spread] p2a,p2b\n|-resisted|p2a: Feraligatr|2\n|-damage|p2a: Feraligatr|85/100\n|-damage|p2b: Avalugg|0 fnt\n|faint|p2b: Avalugg\n|\n|upkeep\n|turn|9\n|\n|t:|1776181894\n|move|p2a: Feraligatr|Aqua Jet|p1a: Typhlosion\n|-supereffective|p1a: Typhlosion|1\n|-damage|p1a: Typhlosion|28/100\n|move|p1a: Typhlosion|Eruption|p2a: Feraligatr\n|-resisted|p2a: Feraligatr|2\n|-damage|p2a: Feraligatr|76/100\n|\n|upkeep\n|turn|10\n|\n|t:|1776181899\n|move|p2a: Feraligatr|Aqua Jet|p1a: Typhlosion\n|-supereffective|p1a: Typhlosion|1\n|-damage|p1a: Typhlosion|0 fnt\n|faint|p1a: Typhlosion\n|\n|win|Itotio\n|l|\u2606Itotio\n|player|p2|\n||Itotio is ready for game 3.\n||Triple Goose is ready for game 3.\n|uhtml|next|Next: <a href=\"/battle-gen9championsvgc2026regma-2583537273\"><strong>Game 3 of 3</strong></a>\n|l| random1213\n|l| Hy3ll0\n",
  "uploadtime": 1776182049,
  "views": 28,
  "formatid": "gen9championsvgc2026regma",
  "rating": null,
  "private": 0,
  "password": null
}