{
  "id": "gen9championsvgc2026regma-2585693054",
  "format": "[Gen 9 Champions] VGC 2026 Reg M-A",
  "players": [
    "Holibrand",
    "badiss"
  ],
  "log": "|j|\u2606Holibrand\n|j|\u2606badiss\n|t:|1776364145\n|gametype|doubles\n|player|p1|Holibrand|pokemonbreeder-gen4|1090\n|player|p2|badiss|pokemaniac|1072\n|gen|9\n|tier|[Gen 9 Champions] VGC 2026 Reg M-A\n|rated|\n|rule|Species Clause: Limit one of each Pok\u00e9mon\n|rule|Item Clause: Limit 1 of each item\n|clearpoke\n|poke|p1|Rhyperior, L50, F|\n|poke|p1|Ampharos, L50, F|\n|poke|p1|Sinistcha, L50|\n|poke|p1|Farigiraf, L50, M|\n|poke|p1|Weavile, L50, F|\n|poke|p1|Drampa, L50, M|\n|poke|p2|Gengar, L50, F|\n|poke|p2|Incineroar, L50, F|\n|poke|p2|Basculegion, L50, M|\n|poke|p2|Pelipper, L50, M|\n|poke|p2|Archaludon, L50, M|\n|poke|p2|Starmie, L50|\n|teampreview|4\n|inactive|Battle timer is ON: inactive players will automatically lose when time's up. (requested by Holibrand)\n|inactive|Holibrand has 60 seconds left.\n|inactive|badiss has 60 seconds left.\n|l|\u2606Holibrand\n|inactive|Holibrand disconnected and has a minute to reconnect!\n|player|p1|\n|j|\u2606Holibrand\n|inactive|Holibrand reconnected and has 45 seconds left.\n|player|p1|Holibrand|pokemonbreeder-gen4|\n|\n|t:|1776364196\n|teamsize|p1|4\n|teamsize|p2|4\n|start\n|switch|p1a: Sinistcha|Sinistcha, L50|100/100\n|switch|p1b: Farigiraf|Farigiraf, L50, M|100/100\n|switch|p2a: Pelipper|Pelipper, L50, M, shiny|100/100\n|switch|p2b: Archaludon|Archaludon, L50, M, shiny|100/100\n|-weather|RainDance|[from] ability: Drizzle|[of] p2a: Pelipper\n|turn|1\n|c|\u2606badiss|Oh really\n|c|\u2606badiss|You left just to change the avatar thingy\n|\n|t:|1776364220\n|switch|p1a: Drampa|Drampa, L50, M|100/100\n|-ability|p1a: Drampa|Cloud Nine\n|move|p2b: Archaludon|Electro Shot||[still]\n|-prepare|p2b: Archaludon|Electro Shot\n|-boost|p2b: Archaludon|spa|1\n|move|p2a: Pelipper|Hurricane|p1a: Drampa\n|-damage|p1a: Drampa|43/100\n|move|p1b: Farigiraf|Trick Room|p1b: Farigiraf\n|-fieldstart|move: Trick Room|[of] p1b: Farigiraf\n|\n|-weather|RainDance|[upkeep]\n|upkeep\n|turn|2\n|inactive|Holibrand has 30 seconds left.\n|\n|t:|1776364251\n|detailschange|p1a: Drampa|Drampa-Mega, L50, M\n|-mega|p1a: Drampa|Drampa|Drampanite\n|move|p1a: Drampa|Calm Mind|p1a: Drampa\n|-boost|p1a: Drampa|spa|1\n|-boost|p1a: Drampa|spd|1\n|move|p1b: Farigiraf|Calm Mind|p1b: Farigiraf\n|-boost|p1b: Farigiraf|spa|1\n|-boost|p1b: Farigiraf|spd|1\n|move|p2a: Pelipper|Hurricane|p1a: Drampa\n|-damage|p1a: Drampa|15/100\n|move|p2b: Archaludon|Electro Shot|p1b: Farigiraf|[from] lockedmove\n|-damage|p1b: Farigiraf|45/100\n|\n|-weather|RainDance|[upkeep]\n|upkeep\n|turn|3\n|inactive|Holibrand has 30 seconds left.\n|\n|t:|1776364281\n|move|p1a: Drampa|Draco Meteor|p2b: Archaludon\n|-damage|p2b: Archaludon|0 fnt\n|-unboost|p1a: Drampa|spa|2\n|faint|p2b: Archaludon\n|move|p1b: Farigiraf|Hyper Voice|p2a: Pelipper\n|-damage|p2a: Pelipper|6/100\n|move|p2a: Pelipper|Weather Ball|p1a: Drampa\n|-resisted|p1a: Drampa|1\n|-damage|p1a: Drampa|0 fnt\n|faint|p1a: Drampa\n|\n|-weather|RainDance|[upkeep]\n|-heal|p2a: Pelipper|11/100|[from] item: Leftovers\n|upkeep\n|\n|t:|1776364293\n|switch|p1a: Rhyperior|Rhyperior, L50, F|100/100\n|switch|p2b: Gengar|Gengar, L50, F, shiny|100/100\n|turn|4\n|inactive|badiss has 30 seconds left.\n|\n|t:|1776364326\n|detailschange|p2b: Gengar|Gengar-Mega, L50, F, shiny\n|-mega|p2b: Gengar|Gengar|Gengarite\n|move|p2b: Gengar|Protect|p2b: Gengar\n|-singleturn|p2b: Gengar|Protect\n|move|p1a: Rhyperior|Poison Jab|p2a: Pelipper\n|-damage|p2a: Pelipper|0 fnt\n|faint|p2a: Pelipper\n|move|p1b: Farigiraf|Psychic Noise|p2b: Gengar\n|-activate|p2b: Gengar|move: Protect\n|\n|-weather|RainDance|[upkeep]\n|upkeep\n|\n|t:|1776364337\n|switch|p2a: Basculegion|Basculegion, L50, M, shiny|100/100\n|turn|5\n|\n|t:|1776364350\n|move|p2b: Gengar|Protect||[still]\n|-fail|p2b: Gengar\n|move|p1a: Rhyperior|Rock Slide|p2a: Basculegion|[spread] p2a\n|-miss|p1a: Rhyperior|p2b: Gengar\n|-damage|p2a: Basculegion|56/100\n|move|p1b: Farigiraf|Psychic Noise|p2b: Gengar\n|-supereffective|p2b: Gengar|1\n|-damage|p2b: Gengar|0 fnt\n|faint|p2b: Gengar\n|move|p2a: Basculegion|Liquidation|p1a: Rhyperior\n|-supereffective|p1a: Rhyperior|2\n|-damage|p1a: Rhyperior|0 fnt\n|faint|p1a: Rhyperior\n|\n|-weather|none\n|-fieldend|move: Trick Room\n|upkeep\n|\n|t:|1776364366\n|switch|p1a: Sinistcha|Sinistcha, L50|100/100\n|-heal|p1b: Farigiraf|70/100|[from] ability: Hospitality|[of] p1a: Sinistcha\n|turn|6\n|c|\u2606badiss|If I was just a bit luckier I would've been able to win\n|c|\u2606badiss|But ggs\n|\n|t:|1776364385\n|move|p2a: Basculegion|Last Respects|p1a: Sinistcha\n|-supereffective|p1a: Sinistcha|1\n|-damage|p1a: Sinistcha|0 fnt\n|faint|p1a: Sinistcha\n|move|p1b: Farigiraf|Psychic Noise|p2a: Basculegion\n|-damage|p2a: Basculegion|1/100\n|-start|p2a: Basculegion|move: Heal Block\n|\n|upkeep\n|turn|7\n|\n|t:|1776364396\n|move|p2a: Basculegion|Crunch|p1b: Farigiraf\n|-supereffective|p1b: Farigiraf|1\n|-damage|p1b: Farigiraf|26/100\n|move|p1b: Farigiraf|Psychic Noise|p2a: Basculegion\n|-damage|p2a: Basculegion|0 fnt\n|faint|p2a: Basculegion\n|\n|win|Holibrand\n|raw|Holibrand's rating: 1090 &rarr; <strong>1115</strong><br />(+25 for winning)\n|raw|badiss's rating: 1072 &rarr; <strong>1052</strong><br />(-20 for losing)\n",
  "uploadtime": 1776364409,
  "views": 35,
  "formatid": "gen9championsvgc2026regma",
  "rating": 1052,
  "private": 0,
  "password": null
}