{
  "id": "gen9championsvgc2026regma-2585835643",
  "format": "[Gen 9 Champions] VGC 2026 Reg M-A",
  "players": [
    "badaaabum",
    "2sweep4u"
  ],
  "log": "|j|\u2606badaaabum\n|j|\u26062sweep4u\n|t:|1776374259\n|gametype|doubles\n|player|p1|badaaabum|rocketgrunt|1164\n|player|p2|2sweep4u|unknownf|1214\n|gen|9\n|tier|[Gen 9 Champions] VGC 2026 Reg M-A\n|rated|\n|rule|Species Clause: Limit one of each Pok\u00e9mon\n|rule|Item Clause: Limit 1 of each item\n|clearpoke\n|poke|p1|Altaria, L50, F|\n|poke|p1|Espathra, L50, F|\n|poke|p1|Scovillain, L50, M|\n|poke|p1|Milotic, L50, F|\n|poke|p1|Goodra-Hisui, L50, M|\n|poke|p1|Runerigus, L50, F|\n|poke|p2|Incineroar, L50, F|\n|poke|p2|Milotic, L50, M|\n|poke|p2|Aerodactyl, L50, F|\n|poke|p2|Tyranitar, L50, F|\n|poke|p2|Excadrill, L50, F|\n|poke|p2|Sinistcha-Masterpiece, L50|\n|teampreview|4\n|inactive|Battle timer is ON: inactive players will automatically lose when time's up. (requested by badaaabum)\n|inactive|2sweep4u has 60 seconds left.\n|\n|t:|1776374303\n|teamsize|p1|4\n|teamsize|p2|4\n|start\n|switch|p1a: Espathra|Espathra, L50, F, shiny|100/100\n|switch|p1b: Milotic|Milotic, L50, F, shiny|100/100\n|switch|p2a: Tyranitar|Tyranitar, L50, F|100/100\n|switch|p2b: Excadrill|Excadrill, L50, F|100/100\n|-weather|Sandstorm|[from] ability: Sand Stream|[of] p2a: Tyranitar\n|turn|1\n|\n|t:|1776374322\n|switch|p1a: Scovillain|Scovillain, L50, M, shiny|100/100\n|detailschange|p2a: Tyranitar|Tyranitar-Mega, L50, F\n|-mega|p2a: Tyranitar|Tyranitar|Tyranitarite\n|move|p2b: Excadrill|Protect|p2b: Excadrill\n|-singleturn|p2b: Excadrill|Protect\n|move|p2a: Tyranitar|Knock Off|p1a: Scovillain\n|-damage|p1a: Scovillain|53/100\n|move|p1b: Milotic|Icy Wind|p2a: Tyranitar|[spread] p2a\n|-activate|p2b: Excadrill|move: Protect\n|-damage|p2a: Tyranitar|95/100\n|-unboost|p2a: Tyranitar|spe|1\n|\n|-weather|Sandstorm|[upkeep]\n|-damage|p1b: Milotic|95/100|[from] Sandstorm\n|-damage|p1a: Scovillain|47/100|[from] Sandstorm\n|-heal|p1b: Milotic|100/100|[from] item: Leftovers\n|-ability|p1a: Scovillain|Moody|boost\n|-boost|p1a: Scovillain|spe|2\n|-unboost|p1a: Scovillain|spa|1\n|upkeep\n|turn|2\n|inactive|2sweep4u has 30 seconds left.\n|\n|t:|1776374351\n|move|p1a: Scovillain|Protect|p1a: Scovillain\n|-singleturn|p1a: Scovillain|Protect\n|move|p2b: Excadrill|Stomping Tantrum|p1a: Scovillain\n|-activate|p1a: Scovillain|move: Protect\n|move|p1b: Milotic|Icy Wind|p2b: Excadrill|[spread] p2a,p2b\n|-damage|p2a: Tyranitar|89/100\n|-damage|p2b: Excadrill|88/100\n|-unboost|p2a: Tyranitar|spe|1\n|-unboost|p2b: Excadrill|spe|1\n|move|p2a: Tyranitar|Knock Off|p1b: Milotic\n|-damage|p1b: Milotic|50/100\n|-enditem|p1b: Milotic|Leftovers|[from] move: Knock Off|[of] p2a: Tyranitar\n|\n|-weather|Sandstorm|[upkeep]\n|-damage|p1a: Scovillain|41/100|[from] Sandstorm\n|-damage|p1b: Milotic|44/100|[from] Sandstorm\n|-ability|p1a: Scovillain|Moody|boost\n|-boost|p1a: Scovillain|def|2\n|-unboost|p1a: Scovillain|spa|1\n|upkeep\n|turn|3\n|inactive|badaaabum has 30 seconds left.\n|\n|t:|1776374376\n|switch|p2b: Milotic|Milotic, L50, M|100/100\n|detailschange|p1a: Scovillain|Scovillain-Mega, L50, M, shiny\n|-mega|p1a: Scovillain|Scovillain|Scovillainite\n|move|p1a: Scovillain|Rage Powder|p1a: Scovillain\n|-singleturn|p1a: Scovillain|move: Rage Powder\n|move|p1b: Milotic|Recover|p1b: Milotic\n|-heal|p1b: Milotic|94/100\n|move|p2a: Tyranitar|Rock Slide|p1b: Milotic|[spread] p1b\n|-miss|p2a: Tyranitar|p1a: Scovillain\n|-damage|p1b: Milotic|68/100\n|\n|-weather|Sandstorm|[upkeep]\n|-damage|p1a: Scovillain|35/100|[from] Sandstorm\n|-damage|p2b: Milotic|95/100|[from] Sandstorm\n|-damage|p1b: Milotic|62/100|[from] Sandstorm\n|-heal|p2b: Milotic|100/100|[from] item: Leftovers\n|upkeep\n|turn|4\n|\n|t:|1776374396\n|move|p2b: Milotic|Protect|p2b: Milotic\n|-singleturn|p2b: Milotic|Protect\n|move|p1a: Scovillain|Giga Drain|p2a: Tyranitar\n|-supereffective|p2a: Tyranitar|1\n|-damage|p2a: Tyranitar|71/100\n|-heal|p1a: Scovillain|45/100|[from] drain|[of] p2a: Tyranitar\n|move|p1b: Milotic|Light Screen|p1b: Milotic\n|-sidestart|p1: badaaabum|move: Light Screen\n|move|p2a: Tyranitar|Rock Slide|p1a: Scovillain|[spread] p1a,p1b\n|-supereffective|p1a: Scovillain|1\n|-damage|p1a: Scovillain|9/100\n|-damage|p1b: Milotic|37/100\n|-status|p2a: Tyranitar|brn|[from] ability: Spicy Spray|[of] p1a: Scovillain\n|\n|-weather|Sandstorm|[upkeep]\n|-damage|p1a: Scovillain|3/100|[from] Sandstorm\n|-damage|p2b: Milotic|95/100|[from] Sandstorm\n|-damage|p1b: Milotic|31/100|[from] Sandstorm\n|-heal|p2b: Milotic|100/100|[from] item: Leftovers\n|-damage|p2a: Tyranitar|64/100 brn|[from] brn\n|upkeep\n|turn|5\n|inactive|badaaabum has 30 seconds left.\n|\n|t:|1776374426\n|switch|p2b: Sinistcha|Sinistcha-Masterpiece, L50|100/100\n|-heal|p2a: Tyranitar|89/100 brn|[from] ability: Hospitality|[of] p2b: Sinistcha\n|move|p1a: Scovillain|Rage Powder|p1a: Scovillain\n|-singleturn|p1a: Scovillain|move: Rage Powder\n|move|p1b: Milotic|Recover|p1b: Milotic\n|-heal|p1b: Milotic|81/100\n|move|p2a: Tyranitar|Rock Slide|p1a: Scovillain|[spread] p1a,p1b\n|-supereffective|p1a: Scovillain|1\n|-damage|p1a: Scovillain|0 fnt\n|-damage|p1b: Milotic|69/100\n|faint|p1a: Scovillain\n|\n|-weather|none\n|-damage|p2a: Tyranitar|83/100 brn|[from] brn\n|upkeep\n|\n|t:|1776374443\n|switch|p1a: Goodra|Goodra-Hisui, L50, M, shiny|100/100\n|turn|6\n|\n|t:|1776374452\n|switch|p2a: Milotic|Milotic, L50, M|100/100\n|move|p1b: Milotic|Scald|p2a: Milotic\n|-resisted|p2a: Milotic|1\n|-damage|p2a: Milotic|91/100\n|move|p2b: Sinistcha|Matcha Gotcha|p1b: Milotic|[spread] p1b\n|-ability|p1a: Goodra|Sap Sipper|boost\n|-boost|p1a: Goodra|atk|1\n|-supereffective|p1b: Milotic|1\n|-damage|p1b: Milotic|45/100\n|move|p1a: Goodra|Shelter|p1a: Goodra\n|-boost|p1a: Goodra|def|2\n|\n|-heal|p2a: Milotic|97/100|[from] item: Leftovers\n|upkeep\n|turn|7\n|inactive|2sweep4u has 30 seconds left.\n|\n|t:|1776374485\n|move|p2a: Milotic|Scald|p1a: Goodra\n|-resisted|p1a: Goodra|1\n|-damage|p1a: Goodra|93/100\n|move|p1b: Milotic|Recover|p1b: Milotic\n|-heal|p1b: Milotic|95/100\n|move|p2b: Sinistcha|Matcha Gotcha|p1b: Milotic|[spread] p1b\n|-ability|p1a: Goodra|Sap Sipper|boost\n|-boost|p1a: Goodra|atk|1\n|-supereffective|p1b: Milotic|1\n|-damage|p1b: Milotic|69/100\n|-status|p1b: Milotic|brn\n|move|p1a: Goodra|Heavy Slam|p2b: Sinistcha\n|-damage|p2b: Sinistcha|28/100\n|-enditem|p2b: Sinistcha|Sitrus Berry|[eat]\n|-heal|p2b: Sinistcha|53/100|[from] item: Sitrus Berry\n|\n|-heal|p2a: Milotic|100/100|[from] item: Leftovers\n|-damage|p1b: Milotic|63/100 brn|[from] brn\n|upkeep\n|turn|8\n|inactive|badaaabum has 30 seconds left.\n|inactive|2sweep4u has 30 seconds left.\n|\n|t:|1776374520\n|move|p2b: Sinistcha|Protect|p2b: Sinistcha\n|-singleturn|p2b: Sinistcha|Protect\n|move|p2a: Milotic|Life Dew||[still]|[spread] p2a,p2b\n|-fail|p2a: Milotic|heal\n|-heal|p2b: Sinistcha|78/100\n|move|p1b: Milotic|Recover|p1b: Milotic\n|-heal|p1b: Milotic|100/100 brn\n|move|p1a: Goodra|Body Press|p2a: Milotic\n|-damage|p2a: Milotic|55/100\n|\n|-heal|p2a: Milotic|61/100|[from] item: Leftovers\n|-damage|p1b: Milotic|95/100 brn|[from] brn\n|-sideend|p1: badaaabum|move: Light Screen\n|upkeep\n|turn|9\n|inactive|2sweep4u has 30 seconds left.\n|\n|t:|1776374552\n|move|p2a: Milotic|Life Dew|p2a: Milotic|[spread] p2a,p2b\n|-heal|p2a: Milotic|86/100\n|-heal|p2b: Sinistcha|100/100\n|move|p1b: Milotic|Light Screen|p1b: Milotic\n|-sidestart|p1: badaaabum|move: Light Screen\n|move|p2b: Sinistcha|Matcha Gotcha|p1a: Goodra|[spread] p1b\n|-ability|p1a: Goodra|Sap Sipper|boost\n|-boost|p1a: Goodra|atk|1\n|-supereffective|p1b: Milotic|1\n|-damage|p1b: Milotic|67/100 brn\n|move|p1a: Goodra|Shelter|p1a: Goodra\n|-boost|p1a: Goodra|def|2\n|\n|-heal|p2a: Milotic|92/100|[from] item: Leftovers\n|-damage|p1b: Milotic|61/100 brn|[from] brn\n|upkeep\n|turn|10\n|\n|t:|1776374576\n|move|p2b: Sinistcha|Protect|p2b: Sinistcha\n|-singleturn|p2b: Sinistcha|Protect\n|move|p2a: Milotic|Scald|p1a: Goodra\n|-resisted|p1a: Goodra|1\n|-damage|p1a: Goodra|86/100\n|-status|p1a: Goodra|brn\n|move|p1b: Milotic|Scald|p2a: Milotic\n|-resisted|p2a: Milotic|1\n|-damage|p2a: Milotic|82/100\n|-status|p2a: Milotic|brn\n|move|p1a: Goodra|Heavy Slam|p2b: Sinistcha\n|-activate|p2b: Sinistcha|move: Protect\n|\n|-heal|p2a: Milotic|88/100 brn|[from] item: Leftovers\n|-damage|p2a: Milotic|82/100 brn|[from] brn\n|-damage|p1b: Milotic|56/100 brn|[from] brn\n|-damage|p1a: Goodra|80/100 brn|[from] brn\n|upkeep\n|turn|11\n|inactive|2sweep4u has 30 seconds left.\n|\n|t:|1776374608\n|move|p2a: Milotic|Scald|p1a: Goodra\n|-resisted|p1a: Goodra|1\n|-damage|p1a: Goodra|72/100 brn\n|move|p1b: Milotic|Recover|p1b: Milotic\n|-heal|p1b: Milotic|100/100 brn\n|move|p2b: Sinistcha|Matcha Gotcha|p1a: Goodra|[spread] p1b\n|-ability|p1a: Goodra|Sap Sipper|boost\n|-boost|p1a: Goodra|atk|1\n|-supereffective|p1b: Milotic|1\n|-damage|p1b: Milotic|77/100 brn\n|move|p1a: Goodra|Heavy Slam|p2b: Sinistcha\n|-damage|p2b: Sinistcha|46/100\n|\n|-heal|p2a: Milotic|88/100 brn|[from] item: Leftovers\n|-damage|p2a: Milotic|82/100 brn|[from] brn\n|-damage|p1b: Milotic|71/100 brn|[from] brn\n|-damage|p1a: Goodra|66/100 brn|[from] brn\n|upkeep\n|turn|12\n|\n|t:|1776374632\n|move|p2a: Milotic|Life Dew|p2a: Milotic|[spread] p2a,p2b\n|-heal|p2a: Milotic|100/100 brn\n|-heal|p2b: Sinistcha|71/100\n|move|p1b: Milotic|Scald|p2b: Sinistcha\n|-resisted|p2b: Sinistcha|1\n|-damage|p2b: Sinistcha|55/100\n|-status|p2b: Sinistcha|brn\n|move|p2b: Sinistcha|Strength Sap|p1b: Milotic\n|-unboost|p1b: Milotic|atk|1\n|-ability|p1b: Milotic|Competitive|boost\n|-boost|p1b: Milotic|spa|2\n|-heal|p2b: Sinistcha|97/100 brn\n|move|p1a: Goodra|Body Press|p2a: Milotic\n|-damage|p2a: Milotic|64/100 brn\n|\n|-heal|p2a: Milotic|70/100 brn|[from] item: Leftovers\n|-damage|p2a: Milotic|64/100 brn|[from] brn\n|-damage|p1b: Milotic|66/100 brn|[from] brn\n|-damage|p2b: Sinistcha|91/100 brn|[from] brn\n|-damage|p1a: Goodra|60/100 brn|[from] brn\n|upkeep\n|turn|13\n|inactive|badaaabum has 30 seconds left.\n|inactive|2sweep4u has 30 seconds left.\n|\n|t:|1776374665\n|move|p2b: Sinistcha|Rage Powder|p2b: Sinistcha\n|-singleturn|p2b: Sinistcha|move: Rage Powder\n|move|p2a: Milotic|Life Dew|p2a: Milotic|[spread] p2a,p2b\n|-heal|p2a: Milotic|89/100 brn\n|-heal|p2b: Sinistcha|100/100 brn\n|move|p1b: Milotic|Scald|p2b: Sinistcha\n|-resisted|p2b: Sinistcha|1\n|-damage|p2b: Sinistcha|69/100 brn\n|move|p1a: Goodra|Body Press|p2b: Sinistcha\n|-immune|p2b: Sinistcha\n|\n|-heal|p2a: Milotic|95/100 brn|[from] item: Leftovers\n|-damage|p2a: Milotic|89/100 brn|[from] brn\n|-damage|p1b: Milotic|60/100 brn|[from] brn\n|-damage|p2b: Sinistcha|63/100 brn|[from] brn\n|-damage|p1a: Goodra|54/100 brn|[from] brn\n|-sideend|p1: badaaabum|move: Light Screen\n|upkeep\n|turn|14\n|\n|t:|1776374686\n|move|p2a: Milotic|Scald|p1a: Goodra\n|-resisted|p1a: Goodra|1\n|-damage|p1a: Goodra|43/100 brn\n|-enditem|p1a: Goodra|Sitrus Berry|[eat]\n|-heal|p1a: Goodra|67/100 brn|[from] item: Sitrus Berry\n|move|p1b: Milotic|Recover|p1b: Milotic\n|-heal|p1b: Milotic|100/100 brn\n|move|p2b: Sinistcha|Matcha Gotcha|p1b: Milotic|[spread] p1b\n|-ability|p1a: Goodra|Sap Sipper|boost\n|-boost|p1a: Goodra|atk|1\n|-supereffective|p1b: Milotic|1\n|-damage|p1b: Milotic|62/100 brn\n|-heal|p2b: Sinistcha|84/100 brn|[from] drain|[of] p1b: Milotic\n|move|p1a: Goodra|Heavy Slam|p2b: Sinistcha\n|-damage|p2b: Sinistcha|18/100 brn\n|\n|-heal|p2a: Milotic|95/100 brn|[from] item: Leftovers\n|-damage|p2a: Milotic|89/100 brn|[from] brn\n|-damage|p1b: Milotic|57/100 brn|[from] brn\n|-damage|p2b: Sinistcha|12/100 brn|[from] brn\n|-damage|p1a: Goodra|61/100 brn|[from] brn\n|upkeep\n|turn|15\n|\n|t:|1776374710\n|move|p2a: Milotic|Life Dew|p2a: Milotic|[spread] p2a,p2b\n|-heal|p2a: Milotic|100/100 brn\n|-heal|p2b: Sinistcha|37/100 brn\n|move|p1b: Milotic|Light Screen|p1b: Milotic\n|-sidestart|p1: badaaabum|move: Light Screen\n|move|p2b: Sinistcha|Matcha Gotcha|p1a: Goodra|[spread] p1b\n|-ability|p1a: Goodra|Sap Sipper|boost\n|-boost|p1a: Goodra|atk|1\n|-supereffective|p1b: Milotic|1\n|-damage|p1b: Milotic|31/100 brn\n|-heal|p2b: Sinistcha|52/100 brn|[from] drain|[of] p1b: Milotic\n|move|p1a: Goodra|Heavy Slam|p2b: Sinistcha\n|-damage|p2b: Sinistcha|0 fnt\n|faint|p2b: Sinistcha\n|\n|-damage|p2a: Milotic|95/100 brn|[from] brn\n|-damage|p1b: Milotic|25/100 brn|[from] brn\n|-damage|p1a: Goodra|55/100 brn|[from] brn\n|upkeep\n|inactive|2sweep4u has 30 seconds left.\n|\n|t:|1776374736\n|switch|p2b: Excadrill|Excadrill, L50, F|88/100\n|turn|16\n|\n|t:|1776374749\n|move|p2b: Excadrill|Stomping Tantrum|p1b: Milotic\n|-damage|p1b: Milotic|0 fnt\n|faint|p1b: Milotic\n|move|p2a: Milotic|Life Dew|p2a: Milotic|[spread] p2a,p2b\n|-heal|p2a: Milotic|100/100 brn\n|-heal|p2b: Excadrill|100/100\n|move|p1a: Goodra|Body Press|p2b: Excadrill\n|-supereffective|p2b: Excadrill|1\n|-enditem|p2b: Excadrill|Focus Sash\n|-damage|p2b: Excadrill|1/100\n|\n|-damage|p2a: Milotic|95/100 brn|[from] brn\n|-damage|p1a: Goodra|49/100 brn|[from] brn\n|upkeep\n|\n|t:|1776374765\n|switch|p1b: Espathra|Espathra, L50, F, shiny|100/100\n|turn|17\n|inactive|2sweep4u has 30 seconds left.\n|inactive|2sweep4u has 20 seconds left.\n|inactive|2sweep4u has 15 seconds left.\n|inactive|2sweep4u has 10 seconds left.\n|\n|t:|1776374811\n|move|p1b: Espathra|Lumina Crash|p2b: Excadrill\n|-resisted|p2b: Excadrill|1\n|-damage|p2b: Excadrill|0 fnt\n|faint|p2b: Excadrill\n|move|p2a: Milotic|Scald|p1b: Espathra\n|-damage|p1b: Espathra|68/100\n|move|p1a: Goodra|Body Press|p2a: Milotic\n|-damage|p2a: Milotic|60/100 brn\n|\n|-heal|p2a: Milotic|66/100 brn|[from] item: Leftovers\n|-damage|p2a: Milotic|60/100 brn|[from] brn\n|-damage|p1a: Goodra|43/100 brn|[from] brn\n|-ability|p1b: Espathra|Speed Boost|boost\n|-boost|p1b: Espathra|spe|1\n|upkeep\n|inactive|2sweep4u has 15 seconds left this turn.\n|inactive|2sweep4u has 10 seconds left.\n|\n|t:|1776374821\n|switch|p2b: Tyranitar|Tyranitar-Mega, L50, F|83/100 brn\n|-weather|Sandstorm|[from] ability: Sand Stream|[of] p2b: Tyranitar\n|turn|18\n|inactive|2sweep4u has 10 seconds left this turn.\n|inactive|2sweep4u has 5 seconds left.\n|\n|t:|1776374833\n|move|p1b: Espathra|Protect|p1b: Espathra\n|-singleturn|p1b: Espathra|Protect\n|move|p2b: Tyranitar|Protect|p2b: Tyranitar\n|-singleturn|p2b: Tyranitar|Protect\n|move|p2a: Milotic|Scald|p1b: Espathra\n|-activate|p1b: Espathra|move: Protect\n|move|p1a: Goodra|Body Press|p2b: Tyranitar\n|-activate|p2b: Tyranitar|move: Protect\n|\n|-weather|Sandstorm|[upkeep]\n|-damage|p1b: Espathra|62/100|[from] Sandstorm\n|-damage|p2a: Milotic|54/100 brn|[from] Sandstorm\n|-heal|p2a: Milotic|60/100 brn|[from] item: Leftovers\n|-damage|p2b: Tyranitar|77/100 brn|[from] brn\n|-damage|p2a: Milotic|54/100 brn|[from] brn\n|-damage|p1a: Goodra|36/100 brn|[from] brn\n|-ability|p1b: Espathra|Speed Boost|boost\n|-boost|p1b: Espathra|spe|1\n|upkeep\n|turn|19\n|inactive|2sweep4u has 5 seconds left this turn.\n|-message|2sweep4u lost due to inactivity.\n|\n|win|badaaabum\n|raw|badaaabum's rating: 1164 &rarr; <strong>1193</strong><br />(+29 for winning)\n|raw|2sweep4u's rating: 1214 &rarr; <strong>1185</strong><br />(-29 for losing)\n",
  "uploadtime": 1776374839,
  "views": 16,
  "formatid": "gen9championsvgc2026regma",
  "rating": 1185,
  "private": 0,
  "password": null
}