{
  "id": "gen9championsvgc2026regma-2581897664",
  "format": "[Gen 9 Champions] VGC 2026 Reg M-A",
  "players": [
    "chumimaster",
    "TytaniumV"
  ],
  "log": "|j|\u2606chumimaster\n|j|\u2606TytaniumV\n|t:|1776037792\n|gametype|doubles\n|player|p1|chumimaster|101|1093\n|player|p2|TytaniumV|cyclist-gen4|1118\n|gen|9\n|tier|[Gen 9 Champions] VGC 2026 Reg M-A\n|rated|\n|rule|Species Clause: Limit one of each Pok\u00e9mon\n|rule|Item Clause: Limit 1 of each item\n|clearpoke\n|poke|p1|Incineroar, L50, M|\n|poke|p1|Basculegion, L50, M|\n|poke|p1|Archaludon, L50, F|\n|poke|p1|Pelipper, L50, M|\n|poke|p1|Beedrill, L50, F|\n|poke|p1|Maushold, L50|\n|poke|p2|Garchomp, L50, M|\n|poke|p2|Rotom-Wash, L50|\n|poke|p2|Delphox, L50, M|\n|poke|p2|Orthworm, L50, M|\n|poke|p2|Tyranitar, L50, M|\n|poke|p2|Aerodactyl, L50, M|\n|teampreview|4\n|\n|t:|1776037843\n|teamsize|p1|4\n|teamsize|p2|4\n|start\n|switch|p1a: Pelipper|Pelipper, L50, M|100/100\n|switch|p1b: Basculegion|Basculegion, L50, M|100/100\n|switch|p2a: Orthworm|Orthworm, L50, M|100/100\n|switch|p2b: Aerodactyl|Aerodactyl, L50, M|100/100\n|-ability|p2b: Aerodactyl|Unnerve\n|-weather|RainDance|[from] ability: Drizzle|[of] p1a: Pelipper\n|turn|1\n|\n|t:|1776037863\n|move|p1b: Basculegion|Wave Crash|p2b: Aerodactyl\n|-supereffective|p2b: Aerodactyl|1\n|-enditem|p2b: Aerodactyl|Focus Sash\n|-damage|p2b: Aerodactyl|1/100\n|-damage|p1b: Basculegion|75/100|[from] Recoil\n|move|p2b: Aerodactyl|Tailwind|p2b: Aerodactyl\n|-sidestart|p2: TytaniumV|move: Tailwind\n|move|p2a: Orthworm|Shed Tail|p2a: Orthworm\n|-start|p2a: Orthworm|Substitute|[from] move: Shed Tail\n|-damage|p2a: Orthworm|50/100\n|-enditem|p2a: Orthworm|Sitrus Berry|[eat]\n|-heal|p2a: Orthworm|75/100|[from] item: Sitrus Berry\n|\n|t:|1776037875\n|switch|p2a: Delphox|Delphox, L50, M|100/100|[from] Shed Tail\n|move|p1a: Pelipper|Tailwind|p1a: Pelipper\n|-sidestart|p1: chumimaster|move: Tailwind\n|\n|-weather|RainDance|[upkeep]\n|upkeep\n|turn|2\n|\n|t:|1776037893\n|switch|p1b: Incineroar|Incineroar, L50, M|100/100\n|-ability|p1b: Incineroar|Intimidate|boost\n|-immune|p2a: Delphox\n|-unboost|p2b: Aerodactyl|atk|1\n|detailschange|p2a: Delphox|Delphox-Mega, L50, M\n|-mega|p2a: Delphox|Delphox|Delphoxite\n|move|p2a: Delphox|Psychic|p1b: Incineroar\n|-immune|p1b: Incineroar\n|move|p2b: Aerodactyl|Rock Slide|p1b: Incineroar|[spread] p1a,p1b\n|-supereffective|p1a: Pelipper|1\n|-supereffective|p1b: Incineroar|1\n|-damage|p1a: Pelipper|68/100\n|-damage|p1b: Incineroar|73/100\n|move|p1a: Pelipper|Weather Ball|p2b: Aerodactyl\n|-supereffective|p2b: Aerodactyl|1\n|-damage|p2b: Aerodactyl|0 fnt\n|faint|p2b: Aerodactyl\n|\n|-weather|RainDance|[upkeep]\n|-heal|p1a: Pelipper|74/100|[from] item: Leftovers\n|upkeep\n|\n|t:|1776037900\n|switch|p2b: Garchomp|Garchomp, L50, M|100/100\n|turn|3\n|\n|t:|1776037918\n|move|p1b: Incineroar|Fake Out|p2b: Garchomp\n|-damage|p2b: Garchomp|90/100\n|cant|p2b: Garchomp|flinch\n|move|p2a: Delphox|Nasty Plot|p2a: Delphox\n|-boost|p2a: Delphox|spa|2\n|move|p1a: Pelipper|Weather Ball|p2a: Delphox\n|-supereffective|p2a: Delphox|1\n|-end|p2a: Delphox|Substitute\n|\n|-weather|RainDance|[upkeep]\n|-heal|p1a: Pelipper|80/100|[from] item: Leftovers\n|upkeep\n|turn|4\n|\n|t:|1776037941\n|move|p2b: Garchomp|Earthquake|p1a: Pelipper|[spread] p1b\n|-immune|p2a: Delphox|[from] ability: Levitate\n|-immune|p1a: Pelipper\n|-supereffective|p1b: Incineroar|1\n|-crit|p1b: Incineroar\n|-damage|p1b: Incineroar|0 fnt\n|faint|p1b: Incineroar\n|move|p2a: Delphox|Psychic|p1a: Pelipper\n|-damage|p1a: Pelipper|0 fnt\n|faint|p1a: Pelipper\n|\n|-weather|RainDance|[upkeep]\n|-sideend|p2: TytaniumV|move: Tailwind\n|-sideend|p1: chumimaster|move: Tailwind\n|upkeep\n|\n|t:|1776037950\n|switch|p1a: Basculegion|Basculegion, L50, M|75/100\n|switch|p1b: Archaludon|Archaludon, L50, F|100/100\n|turn|5\n|\n|t:|1776037963\n|switch|p2b: Orthworm|Orthworm, L50, M|75/100\n|move|p2a: Delphox|Protect|p2a: Delphox\n|-singleturn|p2a: Delphox|Protect\n|move|p1a: Basculegion|Wave Crash|p2a: Delphox\n|-activate|p2a: Delphox|move: Protect\n|move|p1b: Archaludon|Draco Meteor|p2b: Orthworm\n|-resisted|p2b: Orthworm|1\n|-damage|p2b: Orthworm|36/100\n|-unboost|p1b: Archaludon|spa|2\n|\n|-weather|none\n|upkeep\n|turn|6\n|\n|t:|1776037976\n|move|p1a: Basculegion|Wave Crash|p2a: Delphox\n|-supereffective|p2a: Delphox|1\n|-damage|p2a: Delphox|0 fnt\n|faint|p2a: Delphox\n|-damage|p1a: Basculegion|49/100|[from] Recoil\n|move|p1b: Archaludon|Aura Sphere|p2b: Orthworm\n|-supereffective|p2b: Orthworm|1\n|-damage|p2b: Orthworm|3/100\n|move|p2b: Orthworm|Heavy Slam|p1a: Basculegion\n|-resisted|p1a: Basculegion|1\n|-damage|p1a: Basculegion|37/100\n|\n|upkeep\n|\n|t:|1776037984\n|switch|p2a: Garchomp|Garchomp, L50, M|90/100\n|turn|7\n|\n|t:|1776037995\n|move|p2a: Garchomp|Earthquake|p1a: Basculegion|[spread] p1a,p1b\n|-heal|p2b: Orthworm|28/100|[from] ability: Earth Eater|[of] p2a: Garchomp\n|-supereffective|p1b: Archaludon|1\n|-damage|p1a: Basculegion|0 fnt\n|-damage|p1b: Archaludon|29/100\n|faint|p1a: Basculegion\n|move|p1b: Archaludon|Draco Meteor|p2a: Garchomp\n|-supereffective|p2a: Garchomp|1\n|-damage|p2a: Garchomp|5/100\n|-unboost|p1b: Archaludon|spa|2\n|move|p2b: Orthworm|Body Press|p1b: Archaludon\n|-supereffective|p1b: Archaludon|1\n|-damage|p1b: Archaludon|0 fnt\n|faint|p1b: Archaludon\n|\n|win|TytaniumV\n|raw|chumimaster's rating: 1093 &rarr; <strong>1071</strong><br />(-22 for losing)\n|raw|TytaniumV's rating: 1118 &rarr; <strong>1141</strong><br />(+23 for winning)\n|l|\u2606chumimaster\n|player|p1|\n|c|\u2606TytaniumV|Ggwp\n",
  "uploadtime": 1776038012,
  "views": 20,
  "formatid": "gen9championsvgc2026regma",
  "rating": 1071,
  "private": 0,
  "password": null
}