{
  "id": "gen9championsvgc2026regma-2586892869",
  "format": "[Gen 9 Champions] VGC 2026 Reg M-A",
  "players": [
    "AzzIcooked",
    "75etmi"
  ],
  "log": "|j|\u2606AzzIcooked\n|j|\u260675etmi\n|t:|1776469217\n|gametype|doubles\n|player|p1|AzzIcooked|170|1054\n|player|p2|75etmi|cheren-gen5bw2|1067\n|gen|9\n|tier|[Gen 9 Champions] VGC 2026 Reg M-A\n|rated|\n|rule|Species Clause: Limit one of each Pok\u00e9mon\n|rule|Item Clause: Limit 1 of each item\n|clearpoke\n|poke|p1|Heracross, L50, M|\n|poke|p1|Farigiraf, L50, F|\n|poke|p1|Armarouge, L50, M|\n|poke|p1|Clefable, L50, F|\n|poke|p1|Aerodactyl, L50, F|\n|poke|p1|Tinkaton, L50, F|\n|poke|p2|Charizard, L50, M|\n|poke|p2|Venusaur, L50, M|\n|poke|p2|Rotom-Wash, L50|\n|poke|p2|Sneasler, L50, F|\n|poke|p2|Garchomp, L50, M|\n|poke|p2|Whimsicott, L50, F|\n|teampreview|4\n|\n|t:|1776469252\n|teamsize|p1|4\n|teamsize|p2|4\n|start\n|switch|p1a: Farigiraf|Farigiraf, L50, F|100/100\n|switch|p1b: Clefable|Clefable, L50, F|100/100\n|switch|p2a: Charizard|Charizard, L50, M, shiny|100/100\n|switch|p2b: Sneasler|Sneasler, L50, F|100/100\n|turn|1\n|inactive|Battle timer is ON: inactive players will automatically lose when time's up. (requested by AzzIcooked)\n|\n|t:|1776469265\n|detailschange|p2a: Charizard|Charizard-Mega-Y, L50, M, shiny\n|-mega|p2a: Charizard|Charizard|Charizardite Y\n|-weather|SunnyDay|[from] ability: Drought|[of] p2a: Charizard\n|move|p2a: Charizard|Protect|p2a: Charizard\n|-singleturn|p2a: Charizard|Protect\n|move|p2b: Sneasler|Fake Out||[still]\n|cant|p1a: Farigiraf|ability: Armor Tail|Fake Out|[of] p2b: Sneasler\n|move|p1b: Clefable|Calm Mind|p1b: Clefable\n|-boost|p1b: Clefable|spa|1\n|-boost|p1b: Clefable|spd|1\n|move|p1a: Farigiraf|Trick Room|p1a: Farigiraf\n|-fieldstart|move: Trick Room|[of] p1a: Farigiraf\n|\n|-weather|SunnyDay|[upkeep]\n|upkeep\n|turn|2\n|\n|t:|1776469288\n|move|p1a: Farigiraf|Psychic Terrain|p1a: Farigiraf\n|-fieldstart|move: Psychic Terrain\n|move|p1b: Clefable|Baton Pass|p1b: Clefable\n|\n|t:|1776469291\n|switch|p1b: Armarouge|Armarouge, L50, M|100/100|[from] Baton Pass\n|move|p2a: Charizard|Overheat|p1a: Farigiraf\n|-damage|p1a: Farigiraf|0 fnt\n|-unboost|p2a: Charizard|spa|2\n|faint|p1a: Farigiraf\n|move|p2b: Sneasler|Dire Claw|p1b: Armarouge\n|-damage|p1b: Armarouge|61/100\n|\n|-weather|SunnyDay|[upkeep]\n|upkeep\n|\n|t:|1776469304\n|switch|p1a: Heracross|Heracross, L50, M, shiny|100/100\n|turn|3\n|\n|t:|1776469315\n|switch|p2b: Garchomp|Garchomp, L50, M|100/100\n|detailschange|p1a: Heracross|Heracross-Mega, L50, M, shiny\n|-mega|p1a: Heracross|Heracross|Heracronite\n|move|p2a: Charizard|Protect|p2a: Charizard\n|-singleturn|p2a: Charizard|Protect\n|move|p1b: Armarouge|Expanding Force|p2a: Charizard|[spread] p2b\n|-activate|p2a: Charizard|move: Protect\n|-damage|p2b: Garchomp|0 fnt\n|faint|p2b: Garchomp\n|move|p1a: Heracross|Swords Dance|p1a: Heracross\n|-boost|p1a: Heracross|atk|2\n|\n|-weather|SunnyDay|[upkeep]\n|upkeep\n|\n|t:|1776469327\n|switch|p2b: Sneasler|Sneasler, L50, F|100/100\n|turn|4\n|\n|t:|1776469337\n|move|p1b: Armarouge|Expanding Force|p2a: Charizard|[spread] p2a,p2b\n|-supereffective|p2b: Sneasler|2\n|-damage|p2a: Charizard|0 fnt\n|-damage|p2b: Sneasler|0 fnt\n|faint|p2a: Charizard\n|faint|p2b: Sneasler\n|move|p1a: Heracross|Rock Blast|p2: Charizard|[notarget]\n|-fail|p1a: Heracross\n|\n|-weather|SunnyDay|[upkeep]\n|upkeep\n|\n|t:|1776469340\n|switch|p2b: Rotom|Rotom-Wash, L50|100/100\n|turn|5\n|\n|t:|1776469350\n|move|p2b: Rotom|Protect|p2b: Rotom\n|-singleturn|p2b: Rotom|Protect\n|move|p1b: Armarouge|Expanding Force|p2b: Rotom\n|-activate|p2b: Rotom|move: Protect\n|move|p1a: Heracross|Pin Missile|p2b: Rotom\n|-activate|p2b: Rotom|move: Protect\n|\n|-weather|none\n|-fieldend|move: Trick Room\n|upkeep\n|turn|6\n|\n|t:|1776469359\n|move|p2b: Rotom|Hydro Pump|p1b: Armarouge\n|-supereffective|p1b: Armarouge|1\n|-damage|p1b: Armarouge|5/100\n|move|p1a: Heracross|Pin Missile|p2b: Rotom\n|-damage|p2b: Rotom|73/100\n|-damage|p2b: Rotom|43/100\n|-damage|p2b: Rotom|16/100\n|-damage|p2b: Rotom|0 fnt\n|faint|p2b: Rotom\n|-hitcount|p2: Rotom|4\n|\n|win|AzzIcooked\n|raw|AzzIcooked's rating: 1054 &rarr; <strong>1087</strong><br />(+33 for winning)\n|raw|75etmi's rating: 1067 &rarr; <strong>1046</strong><br />(-21 for losing)\n|l|\u260675etmi\n|player|p2|\n",
  "uploadtime": 1776469370,
  "views": 21,
  "formatid": "gen9championsvgc2026regma",
  "rating": 1046,
  "private": 0,
  "password": null
}