{
  "id": "gen9championsvgc2026regma-2581784706",
  "format": "[Gen 9 Champions] VGC 2026 Reg M-A",
  "players": [
    "ElMacoJr",
    "Turnip7"
  ],
  "log": "|j|\u2606ElMacoJr\n|j|\u2606Turnip7\n|t:|1776028178\n|gametype|doubles\n|player|p1|ElMacoJr|170|1119\n|player|p2|Turnip7|janitor|1026\n|gen|9\n|tier|[Gen 9 Champions] VGC 2026 Reg M-A\n|rated|\n|rule|Species Clause: Limit one of each Pok\u00e9mon\n|rule|Item Clause: Limit 1 of each item\n|clearpoke\n|poke|p1|Aerodactyl, L50, M|\n|poke|p1|Incineroar, L50, M|\n|poke|p1|Floette-Eternal, L50, F|\n|poke|p1|Basculegion, L50, M|\n|poke|p1|Garchomp, L50, M|\n|poke|p1|Sneasler, L50, M|\n|poke|p2|Skarmory, L50, M|\n|poke|p2|Sneasler, L50, M|\n|poke|p2|Rhyperior, L50, F|\n|poke|p2|Gyarados, L50, M|\n|poke|p2|Sinistcha-Masterpiece, L50|\n|poke|p2|Alcremie-Mint-Cream, L50, F|\n|teampreview|4\n|inactive|Battle timer is ON: inactive players will automatically lose when time's up. (requested by ElMacoJr)\n|inactive|ElMacoJr has 60 seconds left.\n|\n|t:|1776028226\n|teamsize|p1|4\n|teamsize|p2|4\n|start\n|switch|p1a: Aerodactyl|Aerodactyl, L50, M|100/100\n|switch|p1b: Floette|Floette-Eternal, L50, F|100/100\n|switch|p2a: Yuji Itadori|Skarmory, L50, M|100/100\n|switch|p2b: Aoi Todo|Sneasler, L50, M, shiny|100/100\n|-ability|p1a: Aerodactyl|Unnerve\n|turn|1\n|\n|t:|1776028240\n|move|p1a: Aerodactyl|Protect|p1a: Aerodactyl\n|-singleturn|p1a: Aerodactyl|Protect\n|move|p1b: Floette|Protect|p1b: Floette\n|-singleturn|p1b: Floette|Protect\n|move|p2b: Aoi Todo|Fake Out|p1a: Aerodactyl\n|-activate|p1a: Aerodactyl|move: Protect\n|move|p2a: Yuji Itadori|Tailwind|p2a: Yuji Itadori\n|-sidestart|p2: Turnip7|move: Tailwind\n|\n|upkeep\n|turn|2\n|\n|t:|1776028261\n|switch|p1b: Incineroar|Incineroar, L50, M|100/100\n|-ability|p1b: Incineroar|Intimidate|boost\n|-unboost|p2a: Yuji Itadori|atk|1\n|-unboost|p2b: Aoi Todo|atk|1\n|detailschange|p2a: Yuji Itadori|Skarmory-Mega, L50, M\n|-mega|p2a: Yuji Itadori|Skarmory|Skarmorite\n|move|p2b: Aoi Todo|Coaching|p2a: Yuji Itadori\n|-boost|p2a: Yuji Itadori|atk|1\n|-boost|p2a: Yuji Itadori|def|1\n|move|p2a: Yuji Itadori|Iron Head|p1b: Incineroar\n|-resisted|p1b: Incineroar|1\n|-damage|p1b: Incineroar|80/100\n|move|p1a: Aerodactyl|Tailwind|p1a: Aerodactyl\n|-sidestart|p1: ElMacoJr|move: Tailwind\n|\n|upkeep\n|turn|3\n|inactive|ElMacoJr has 30 seconds left.\n|\n|t:|1776028293\n|move|p2a: Yuji Itadori|Protect|p2a: Yuji Itadori\n|-singleturn|p2a: Yuji Itadori|Protect\n|move|p1a: Aerodactyl|Rock Slide|p2a: Yuji Itadori|[spread] p2b\n|-activate|p2a: Yuji Itadori|move: Protect\n|-resisted|p2b: Aoi Todo|1\n|-damage|p2b: Aoi Todo|79/100\n|move|p2b: Aoi Todo|Close Combat|p1b: Incineroar\n|-supereffective|p1b: Incineroar|1\n|-damage|p1b: Incineroar|4/100\n|-unboost|p2b: Aoi Todo|def|1\n|-unboost|p2b: Aoi Todo|spd|1\n|-enditem|p1b: Incineroar|Sitrus Berry|[eat]\n|-heal|p1b: Incineroar|29/100|[from] item: Sitrus Berry\n|move|p1b: Incineroar|Parting Shot|p2a: Yuji Itadori\n|-activate|p2a: Yuji Itadori|move: Protect\n|\n|upkeep\n|turn|4\n|inactive|Turnip7 has 30 seconds left.\n|\n|t:|1776028323\n|switch|p1b: Garchomp|Garchomp, L50, M|100/100\n|move|p1a: Aerodactyl|Rock Slide|p2a: Yuji Itadori|[spread] p2a\n|-miss|p1a: Aerodactyl|p2b: Aoi Todo\n|-damage|p2a: Yuji Itadori|79/100\n|move|p2b: Aoi Todo|Coaching|p2a: Yuji Itadori\n|-boost|p2a: Yuji Itadori|atk|1\n|-boost|p2a: Yuji Itadori|def|1\n|move|p2a: Yuji Itadori|Iron Head|p1b: Garchomp\n|-damage|p1b: Garchomp|40/100\n|-damage|p2a: Yuji Itadori|67/100|[from] ability: Rough Skin|[of] p1b: Garchomp\n|\n|-sideend|p2: Turnip7|move: Tailwind\n|upkeep\n|turn|5\n|inactive|ElMacoJr has 30 seconds left.\n|\n|t:|1776028354\n|switch|p1a: Incineroar|Incineroar, L50, M|29/100\n|-ability|p1a: Incineroar|Intimidate|boost\n|-unboost|p2a: Yuji Itadori|atk|1\n|-unboost|p2b: Aoi Todo|atk|1\n|move|p1b: Garchomp|Protect|p1b: Garchomp\n|-singleturn|p1b: Garchomp|Protect\n|move|p2b: Aoi Todo|Dire Claw|p1b: Garchomp\n|-activate|p1b: Garchomp|move: Protect\n|move|p2a: Yuji Itadori|Tailwind|p2a: Yuji Itadori\n|-sidestart|p2: Turnip7|move: Tailwind\n|\n|-sideend|p1: ElMacoJr|move: Tailwind\n|upkeep\n|turn|6\n|inactive|ElMacoJr has 30 seconds left.\n|\n|t:|1776028383\n|move|p2a: Yuji Itadori|Protect|p2a: Yuji Itadori\n|-singleturn|p2a: Yuji Itadori|Protect\n|move|p1a: Incineroar|Fake Out|p2b: Aoi Todo\n|-damage|p2b: Aoi Todo|51/100\n|cant|p2b: Aoi Todo|flinch\n|move|p1b: Garchomp|Dragon Claw|p2b: Aoi Todo\n|-damage|p2b: Aoi Todo|0 fnt\n|faint|p2b: Aoi Todo\n|\n|upkeep\n|\n|t:|1776028397\n|switch|p2b: Rhyperior|Rhyperior, L50, F|100/100\n|turn|7\n|\n|t:|1776028415\n|move|p1b: Garchomp|Protect|p1b: Garchomp\n|-singleturn|p1b: Garchomp|Protect\n|move|p2a: Yuji Itadori|Iron Head|p1b: Garchomp\n|-activate|p1b: Garchomp|move: Protect\n|move|p2b: Rhyperior|Earthquake|p1a: Incineroar|[spread] p1a\n|-activate|p1b: Garchomp|move: Protect\n|-immune|p2a: Yuji Itadori\n|-supereffective|p1a: Incineroar|1\n|-damage|p1a: Incineroar|0 fnt\n|faint|p1a: Incineroar\n|\n|upkeep\n|\n|t:|1776028436\n|switch|p1a: Aerodactyl|Aerodactyl, L50, M|100/100\n|-ability|p1a: Aerodactyl|Unnerve\n|turn|8\n|inactive|ElMacoJr has 30 seconds left.\n|inactive|ElMacoJr has 20 seconds left.\n|\n|t:|1776028480\n|move|p2a: Yuji Itadori|Iron Head|p1a: Aerodactyl\n|-supereffective|p1a: Aerodactyl|1\n|-enditem|p1a: Aerodactyl|Focus Sash\n|-damage|p1a: Aerodactyl|1/100\n|move|p1a: Aerodactyl|Tailwind|p1a: Aerodactyl\n|-sidestart|p1: ElMacoJr|move: Tailwind\n|move|p1b: Garchomp|Earthquake|p2b: Rhyperior|[spread] p2b\n|-immune|p1a: Aerodactyl\n|-immune|p2a: Yuji Itadori\n|-supereffective|p2b: Rhyperior|1\n|-damage|p2b: Rhyperior|52/100\n|move|p2b: Rhyperior|Curse|p2b: Rhyperior\n|-unboost|p2b: Rhyperior|spe|1\n|-boost|p2b: Rhyperior|atk|1\n|-boost|p2b: Rhyperior|def|1\n|\n|-heal|p2b: Rhyperior|58/100|[from] item: Leftovers\n|-sideend|p2: Turnip7|move: Tailwind\n|upkeep\n|turn|9\n|inactive|ElMacoJr has 30 seconds left.\n|\n|t:|1776028508\n|move|p1b: Garchomp|Protect|p1b: Garchomp\n|-singleturn|p1b: Garchomp|Protect\n|move|p1a: Aerodactyl|Rock Slide|p2a: Yuji Itadori|[spread] p2a\n|-miss|p1a: Aerodactyl|p2b: Rhyperior\n|-damage|p2a: Yuji Itadori|53/100\n|move|p2a: Yuji Itadori|Tailwind|p2a: Yuji Itadori\n|-sidestart|p2: Turnip7|move: Tailwind\n|move|p2b: Rhyperior|Rock Slide|p1b: Garchomp|[spread] p1a\n|-activate|p1b: Garchomp|move: Protect\n|-supereffective|p1a: Aerodactyl|1\n|-crit|p1a: Aerodactyl\n|-damage|p1a: Aerodactyl|0 fnt\n|faint|p1a: Aerodactyl\n|\n|-heal|p2b: Rhyperior|64/100|[from] item: Leftovers\n|upkeep\n|\n|t:|1776028522\n|switch|p1a: Floette|Floette-Eternal, L50, F|100/100\n|turn|10\n|\n|t:|1776028530\n|detailschange|p1a: Floette|Floette-Mega, L50, F\n|-mega|p1a: Floette|Floette|Floettite\n|-ability|p1a: Floette|Fairy Aura\n|move|p2a: Yuji Itadori|Iron Head|p1a: Floette\n|-supereffective|p1a: Floette|1\n|-damage|p1a: Floette|0 fnt\n|faint|p1a: Floette\n|move|p1b: Garchomp|Dragon Claw|p2b: Rhyperior\n|-damage|p2b: Rhyperior|44/100\n|move|p2b: Rhyperior|Earthquake|p1b: Garchomp|[spread] p1b\n|-immune|p2a: Yuji Itadori\n|-damage|p1b: Garchomp|0 fnt\n|faint|p1b: Garchomp\n|\n|win|Turnip7\n|raw|ElMacoJr's rating: 1119 &rarr; <strong>1087</strong><br />(-32 for losing)\n|raw|Turnip7's rating: 1026 &rarr; <strong>1072</strong><br />(+46 for winning)\n|l|\u2606ElMacoJr\n|player|p1|\n|c|\u2606Turnip7|gg\n",
  "uploadtime": 1776028574,
  "views": 13,
  "formatid": "gen9championsvgc2026regma",
  "rating": 1072,
  "private": 0,
  "password": null
}