{
  "id": "gen9championsvgc2026regma-2585408961",
  "format": "[Gen 9 Champions] VGC 2026 Reg M-A",
  "players": [
    "huchuachua",
    "F19952502"
  ],
  "log": "|j|\u2606huchuachua\n|j|\u2606F19952502\n|t:|1776345211\n|gametype|doubles\n|player|p1|huchuachua|102|1109\n|player|p2|F19952502|170|1137\n|gen|9\n|tier|[Gen 9 Champions] VGC 2026 Reg M-A\n|rated|\n|rule|Species Clause: Limit one of each Pok\u00e9mon\n|rule|Item Clause: Limit 1 of each item\n|clearpoke\n|poke|p1|Kingambit, L50, M|\n|poke|p1|Gardevoir, L50, F|\n|poke|p1|Aerodactyl, L50, M|\n|poke|p1|Maushold, L50|\n|poke|p1|Incineroar, L50, F|\n|poke|p1|Sneasler, L50, F|\n|poke|p2|Floette-Eternal, L50, F|\n|poke|p2|Sinistcha, L50|\n|poke|p2|Crabominable, L50, F|\n|poke|p2|Farigiraf, L50, F|\n|poke|p2|Incineroar, L50, M|\n|poke|p2|Aerodactyl, L50, F|\n|teampreview|4\n|\n|t:|1776345259\n|teamsize|p1|4\n|teamsize|p2|4\n|start\n|switch|p1a: Gardevoir|Gardevoir, L50, F|100/100\n|switch|p1b: Maushold|Maushold, L50|100/100\n|switch|p2a: Crabominable|Crabominable, L50, F|100/100\n|switch|p2b: Farigiraf|Farigiraf, L50, F|100/100\n|-ability|p1a: Gardevoir|Armor Tail|Trace|[from] ability: Trace|[of] p2b: Farigiraf\n|turn|1\n|\n|t:|1776345277\n|switch|p2b: Sinistcha|Sinistcha, L50|100/100\n|detailschange|p1a: Gardevoir|Gardevoir-Mega, L50, F\n|-mega|p1a: Gardevoir|Gardevoir|Gardevoirite\n|detailschange|p2a: Crabominable|Crabominable-Mega, L50, F\n|-mega|p2a: Crabominable|Crabominable|Crabominite\n|move|p1b: Maushold|Taunt|p2b: Sinistcha\n|-start|p2b: Sinistcha|move: Taunt\n|move|p1a: Gardevoir|Hyper Voice|p2b: Sinistcha|[spread] p2a,p2b\n|-supereffective|p2a: Crabominable|1\n|-damage|p2a: Crabominable|21/100\n|-damage|p2b: Sinistcha|53/100\n|move|p2a: Crabominable|Drain Punch|p1b: Maushold\n|-supereffective|p1b: Maushold|1\n|-enditem|p1b: Maushold|Chople Berry|[eat]\n|-enditem|p1b: Maushold|Chople Berry|[weaken]\n|-damage|p1b: Maushold|41/100\n|-heal|p2a: Crabominable|48/100|[from] drain|[of] p1b: Maushold\n|\n|-heal|p2b: Sinistcha|59/100|[from] item: Leftovers\n|upkeep\n|turn|2\n|\n|t:|1776345305\n|switch|p1b: Kingambit|Kingambit, L50, M|100/100\n|switch|p2b: Farigiraf|Farigiraf, L50, F|100/100\n|move|p2a: Crabominable|Mach Punch|p1b: Kingambit\n|-supereffective|p1b: Kingambit|2\n|-damage|p1b: Kingambit|0 fnt\n|faint|p1b: Kingambit\n|move|p1a: Gardevoir|Hyper Voice|p2b: Farigiraf|[spread] p2a,p2b\n|-supereffective|p2a: Crabominable|1\n|-damage|p2a: Crabominable|0 fnt\n|-damage|p2b: Farigiraf|64/100\n|faint|p2a: Crabominable\n|\n|upkeep\n|\n|t:|1776345317\n|switch|p1b: Sneasler|Sneasler, L50, F|100/100\n|switch|p2a: Sinistcha|Sinistcha, L50|59/100\n|-heal|p2b: Farigiraf|89/100|[from] ability: Hospitality|[of] p2a: Sinistcha\n|turn|3\n|\n|t:|1776345328\n|move|p2a: Sinistcha|Rage Powder|p2a: Sinistcha\n|-singleturn|p2a: Sinistcha|move: Rage Powder\n|move|p1b: Sneasler|Dire Claw|p2a: Sinistcha\n|-damage|p2a: Sinistcha|26/100\n|move|p1a: Gardevoir|Hyper Voice|p2b: Farigiraf|[spread] p2a,p2b\n|-damage|p2a: Sinistcha|0 fnt\n|-damage|p2b: Farigiraf|51/100\n|faint|p2a: Sinistcha\n|move|p2b: Farigiraf|Psychic|p1b: Sneasler\n|-supereffective|p1b: Sneasler|2\n|-damage|p1b: Sneasler|0 fnt\n|faint|p1b: Sneasler\n|\n|upkeep\n|\n|t:|1776345338\n|switch|p1b: Maushold|Maushold, L50|41/100\n|switch|p2a: Incineroar|Incineroar, L50, M|100/100\n|-ability|p2a: Incineroar|Intimidate|boost\n|-unboost|p1a: Gardevoir|atk|1\n|-unboost|p1b: Maushold|atk|1\n|turn|4\n|\n|t:|1776345345\n|move|p2a: Incineroar|Fake Out|p1a: Gardevoir\n|-damage|p1a: Gardevoir|91/100\n|move|p1b: Maushold|Super Fang|p2a: Incineroar\n|-damage|p2a: Incineroar|50/100\n|-enditem|p2a: Incineroar|Sitrus Berry|[eat]\n|-heal|p2a: Incineroar|75/100|[from] item: Sitrus Berry\n|cant|p1a: Gardevoir|flinch\n|move|p2b: Farigiraf|Trick Room|p2b: Farigiraf\n|-fieldstart|move: Trick Room|[of] p2b: Farigiraf\n|\n|upkeep\n|turn|5\n|\n|t:|1776345361\n|move|p1b: Maushold|Follow Me|p1b: Maushold\n|-singleturn|p1b: Maushold|move: Follow Me\n|move|p2b: Farigiraf|Hyper Voice|p1a: Gardevoir|[spread] p1a,p1b\n|-damage|p1a: Gardevoir|77/100\n|-damage|p1b: Maushold|10/100\n|move|p2a: Incineroar|Flare Blitz|p1b: Maushold\n|-damage|p1b: Maushold|0 fnt\n|faint|p1b: Maushold\n|-damage|p2a: Incineroar|72/100|[from] Recoil\n|move|p1a: Gardevoir|Hyper Voice|p2b: Farigiraf|[spread] p2a,p2b\n|-damage|p2a: Incineroar|40/100\n|-damage|p2b: Farigiraf|15/100\n|\n|upkeep\n|turn|6\n|\n|t:|1776345390\n|move|p2b: Farigiraf|Protect|p2b: Farigiraf\n|-singleturn|p2b: Farigiraf|Protect\n|move|p2a: Incineroar|Parting Shot|p1a: Gardevoir\n|-unboost|p1a: Gardevoir|atk|1\n|-unboost|p1a: Gardevoir|spa|1\n|move|p1a: Gardevoir|Hyper Voice|p2b: Farigiraf|[spread] p2a\n|-activate|p2b: Farigiraf|move: Protect\n|-damage|p2a: Incineroar|17/100\n|\n|upkeep\n|turn|7\n|\n|t:|1776345401\n|move|p2b: Farigiraf|Psychic|p1a: Gardevoir\n|-resisted|p1a: Gardevoir|1\n|-damage|p1a: Gardevoir|64/100\n|move|p2a: Incineroar|Parting Shot|p1a: Gardevoir\n|-unboost|p1a: Gardevoir|atk|1\n|-unboost|p1a: Gardevoir|spa|1\n|move|p1a: Gardevoir|Hyper Voice|p2b: Farigiraf|[spread] p2a,p2b\n|-damage|p2a: Incineroar|1/100\n|-damage|p2b: Farigiraf|0 fnt\n|faint|p2b: Farigiraf\n|\n|upkeep\n|turn|8\n|\n|t:|1776345411\n|move|p2a: Incineroar|Flare Blitz|p1a: Gardevoir\n|-damage|p1a: Gardevoir|6/100\n|-status|p1a: Gardevoir|brn\n|-damage|p2a: Incineroar|0 fnt|[from] Recoil\n|faint|p2a: Incineroar\n|\n|win|huchuachua\n|raw|huchuachua's rating: 1109 &rarr; <strong>1136</strong><br />(+27 for winning)\n|raw|F19952502's rating: 1137 &rarr; <strong>1110</strong><br />(-27 for losing)\n|l|\u2606F19952502\n|player|p2|\n",
  "uploadtime": 1776345418,
  "views": 24,
  "formatid": "gen9championsvgc2026regma",
  "rating": 1110,
  "private": 0,
  "password": null
}