{
  "id": "gen9championsvgc2026regma-2587887285",
  "format": "[Gen 9 Champions] VGC 2026 Reg M-A",
  "players": [
    "pevere1l",
    "W0kMeDed"
  ],
  "log": "|j|\u203dpevere1l\n|j|\u2606W0kMeDed\n|t:|1776574808\n|gametype|doubles\n|player|p1|pevere1l|steven|1422\n|player|p2|W0kMeDed|palmer|1411\n|gen|9\n|tier|[Gen 9 Champions] VGC 2026 Reg M-A\n|rated|\n|rule|Species Clause: Limit one of each Pok\u00e9mon\n|rule|Item Clause: Limit 1 of each item\n|clearpoke\n|poke|p1|Farigiraf, L50, M|\n|poke|p1|Excadrill, L50, F|\n|poke|p1|Aerodactyl, L50, M|\n|poke|p1|Floette-Eternal, L50, F|\n|poke|p1|Maushold, L50|\n|poke|p1|Gyarados, L50, F|\n|poke|p2|Clefable, L50, F|\n|poke|p2|Skeledirge, L50, F|\n|poke|p2|Milotic, L50, F|\n|poke|p2|Sinistcha, L50|\n|poke|p2|Sneasler, L50, M|\n|poke|p2|Kangaskhan, L50, F|\n|teampreview|4\n|inactive|Battle timer is ON: inactive players will automatically lose when time's up. (requested by pevere1l)\n|inactive|pevere1l has 60 seconds left.\n|inactive|W0kMeDed has 60 seconds left.\n|\n|t:|1776574850\n|teamsize|p1|4\n|teamsize|p2|4\n|start\n|switch|p1a: Excadrill|Excadrill, L50, F|100/100\n|switch|p1b: Farigiraf|Farigiraf, L50, M|100/100\n|switch|p2a: VGC 2020|Milotic, L50, F|100/100\n|switch|p2b: Vega|Sneasler, L50, M|100/100\n|-ability|p1a: Excadrill|Mold Breaker\n|turn|1\n|\n|t:|1776574873\n|move|p1b: Farigiraf|Protect|p1b: Farigiraf\n|-singleturn|p1b: Farigiraf|Protect\n|move|p1a: Excadrill|Earthquake|p2a: VGC 2020|[spread] p2a,p2b\n|-activate|p1b: Farigiraf|move: Protect\n|-supereffective|p2b: Vega|1\n|-damage|p2a: VGC 2020|68/100\n|-damage|p2b: Vega|0 fnt\n|faint|p2b: Vega\n|move|p2a: VGC 2020|Coil|p2a: VGC 2020\n|-boost|p2a: VGC 2020|atk|1\n|-boost|p2a: VGC 2020|def|1\n|-boost|p2a: VGC 2020|accuracy|1\n|\n|-heal|p2a: VGC 2020|74/100|[from] item: Leftovers\n|upkeep\n|\n|t:|1776574886\n|switch|p2b: Whisky|Sinistcha, L50|100/100\n|-heal|p2a: VGC 2020|99/100|[from] ability: Hospitality|[of] p2b: Whisky\n|turn|2\n|\n|t:|1776574893\n|switch|p1a: Floette|Floette-Eternal, L50, F|100/100\n|move|p2a: VGC 2020|Hypnosis|p1b: Farigiraf\n|-status|p1b: Farigiraf|slp|[from] move: Hypnosis\n|move|p2b: Whisky|Matcha Gotcha|p1a: Floette|[spread] p1b\n|-miss|p2b: Whisky|p1a: Floette\n|-damage|p1b: Farigiraf|79/100 slp\n|cant|p1b: Farigiraf|slp\n|\n|-heal|p2a: VGC 2020|100/100|[from] item: Leftovers\n|upkeep\n|turn|3\n|\n|t:|1776574916\n|switch|p1b: Excadrill|Excadrill, L50, F|100/100\n|-ability|p1b: Excadrill|Mold Breaker\n|detailschange|p1a: Floette|Floette-Mega, L50, F\n|-mega|p1a: Floette|Floette|Floettite\n|-ability|p1a: Floette|Fairy Aura\n|move|p1a: Floette|Dazzling Gleam|p2a: VGC 2020|[spread] p2a,p2b\n|-damage|p2a: VGC 2020|69/100\n|-damage|p2b: Whisky|58/100\n|move|p2a: VGC 2020|Hypnosis|p1a: Floette\n|-status|p1a: Floette|slp|[from] move: Hypnosis\n|move|p2b: Whisky|Matcha Gotcha|p1a: Floette|[spread] p1a,p1b\n|-damage|p1a: Floette|85/100 slp\n|-heal|p2b: Whisky|66/100|[from] drain|[of] p1a: Floette\n|-damage|p1b: Excadrill|66/100\n|-heal|p2b: Whisky|84/100|[from] drain|[of] p1b: Excadrill\n|\n|-heal|p2a: VGC 2020|75/100|[from] item: Leftovers\n|upkeep\n|turn|4\n|\n|t:|1776574939\n|move|p1b: Excadrill|High Horsepower|p2a: VGC 2020\n|-damage|p2a: VGC 2020|46/100\n|cant|p1a: Floette|slp\n|move|p2a: VGC 2020|Muddy Water|p1a: Floette|[spread] p1a,p1b\n|-supereffective|p1b: Excadrill|1\n|-damage|p1a: Floette|70/100 slp\n|-damage|p1b: Excadrill|0 fnt\n|faint|p1b: Excadrill\n|move|p2b: Whisky|Matcha Gotcha|p1a: Floette\n|-damage|p1a: Floette|45/100 slp\n|-heal|p2b: Whisky|97/100|[from] drain|[of] p1a: Floette\n|\n|-heal|p2a: VGC 2020|51/100|[from] item: Leftovers\n|upkeep\n|\n|t:|1776574946\n|switch|p1b: Gyarados|Gyarados, L50, F|100/100\n|-ability|p1b: Gyarados|Intimidate|boost\n|-unboost|p2a: VGC 2020|atk|1\n|-ability|p2a: VGC 2020|Competitive|boost\n|-boost|p2a: VGC 2020|spa|2\n|-unboost|p2b: Whisky|atk|1\n|turn|5\n|\n|t:|1776574960\n|move|p1b: Gyarados|Taunt|p2b: Whisky\n|-start|p2b: Whisky|move: Taunt\n|cant|p1a: Floette|slp\n|move|p2a: VGC 2020|Hypnosis|p1b: Gyarados|[miss]\n|-miss|p2a: VGC 2020|p1b: Gyarados\n|cant|p2b: Whisky|move: Taunt|Life Dew\n|\n|-heal|p2a: VGC 2020|57/100|[from] item: Leftovers\n|upkeep\n|turn|6\n|\n|t:|1776574975\n|switch|p1b: Farigiraf|Farigiraf, L50, M|79/100 slp\n|switch|p2b: The Destroyer|Kangaskhan, L50, F|100/100\n|-curestatus|p1a: Floette|slp|[msg]\n|move|p1a: Floette|Moonblast|p2a: VGC 2020\n|-damage|p2a: VGC 2020|14/100\n|move|p2a: VGC 2020|Muddy Water|p1a: Floette|[spread] p1a,p1b\n|-crit|p1a: Floette\n|-damage|p1a: Floette|0 fnt\n|-damage|p1b: Farigiraf|36/100 slp\n|-enditem|p1b: Farigiraf|Sitrus Berry|[eat]\n|-heal|p1b: Farigiraf|60/100 slp|[from] item: Sitrus Berry\n|faint|p1a: Floette\n|\n|-heal|p2a: VGC 2020|20/100|[from] item: Leftovers\n|upkeep\n|\n|t:|1776574984\n|switch|p1a: Gyarados|Gyarados, L50, F|100/100\n|-ability|p1a: Gyarados|Intimidate|boost\n|-unboost|p2a: VGC 2020|atk|1\n|-ability|p2a: VGC 2020|Competitive|boost\n|-boost|p2a: VGC 2020|spa|2\n|-fail|p2b: The Destroyer|unboost|Attack|[from] ability: Scrappy|[of] p2b: The Destroyer\n|turn|7\n|\n|t:|1776574997\n|switch|p2b: Whisky|Sinistcha, L50|97/100\n|-heal|p2a: VGC 2020|45/100|[from] ability: Hospitality|[of] p2b: Whisky\n|move|p1a: Gyarados|Thunder Wave|p2b: Whisky\n|-status|p2b: Whisky|par\n|move|p2a: VGC 2020|Muddy Water|p1a: Gyarados|[spread] p1a,p1b\n|-resisted|p1a: Gyarados|1\n|-damage|p1a: Gyarados|71/100\n|-damage|p1b: Farigiraf|2/100 slp\n|-unboost|p1b: Farigiraf|accuracy|1\n|-curestatus|p1b: Farigiraf|slp|[msg]\n|move|p1b: Farigiraf|Twin Beam|p2a: VGC 2020|[miss]\n|-miss|p1b: Farigiraf|p2a: VGC 2020\n|\n|-heal|p2a: VGC 2020|51/100|[from] item: Leftovers\n|upkeep\n|turn|8\n|-message|pevere1l forfeited.\n|\n|win|W0kMeDed\n|raw|pevere1l's rating: 1422 &rarr; <strong>1401</strong><br />(-21 for losing)\n|raw|W0kMeDed's rating: 1411 &rarr; <strong>1432</strong><br />(+21 for winning)\n|l|\u203dpevere1l\n|player|p1|\n",
  "uploadtime": 1776575004,
  "views": 20,
  "formatid": "gen9championsvgc2026regma",
  "rating": 1401,
  "private": 0,
  "password": null
}