{
  "id": "gen9championsvgc2026regma-2583788800",
  "format": "[Gen 9 Champions] VGC 2026 Reg M-A",
  "players": [
    "capt_dx",
    "brycego24"
  ],
  "log": "|j|\u2606capt_dx\n|j|\u2606brycego24\n|t:|1776197793\n|gametype|doubles\n|player|p1|capt_dx|101|1313\n|player|p2|brycego24|170|1245\n|gen|9\n|tier|[Gen 9 Champions] VGC 2026 Reg M-A\n|rated|\n|rule|Species Clause: Limit one of each Pok\u00e9mon\n|rule|Item Clause: Limit 1 of each item\n|clearpoke\n|poke|p1|Froslass, L50, F|\n|poke|p1|Glaceon, L50, F|\n|poke|p1|Aerodactyl, L50, M|\n|poke|p1|Orthworm, L50, M|\n|poke|p1|Garchomp, L50, F|\n|poke|p1|Milotic, L50, M|\n|poke|p2|Meganium, L50, M|\n|poke|p2|Archaludon, L50, F|\n|poke|p2|Basculegion, L50, M|\n|poke|p2|Maushold, L50|\n|poke|p2|Politoed, L50, M|\n|poke|p2|Talonflame, L50, M|\n|teampreview|4\n|inactive|Battle timer is ON: inactive players will automatically lose when time's up. (requested by capt_dx)\n|\n|t:|1776197833\n|teamsize|p1|4\n|teamsize|p2|4\n|start\n|switch|p1a: Milotic|Milotic, L50, M|100/100\n|switch|p1b: Aerodactyl|Aerodactyl, L50, M|100/100\n|switch|p2a: Maushold|Maushold, L50|100/100\n|switch|p2b: Archaludon|Archaludon, L50, F|100/100\n|-ability|p1b: Aerodactyl|Unnerve\n|turn|1\n|\n|t:|1776197853\n|move|p2a: Maushold|Follow Me|p2a: Maushold\n|-singleturn|p2a: Maushold|move: Follow Me\n|move|p1b: Aerodactyl|Tailwind|p1b: Aerodactyl\n|-sidestart|p1: capt_dx|move: Tailwind\n|move|p1a: Milotic|Scald|p2a: Maushold\n|-damage|p2a: Maushold|54/100\n|move|p2b: Archaludon|Electro Shot||[still]\n|-prepare|p2b: Archaludon|Electro Shot\n|-boost|p2b: Archaludon|spa|1\n|\n|upkeep\n|turn|2\n|\n|t:|1776197871\n|move|p1b: Aerodactyl|Protect|p1b: Aerodactyl\n|-singleturn|p1b: Aerodactyl|Protect\n|move|p1a: Milotic|Protect|p1a: Milotic\n|-singleturn|p1a: Milotic|Protect\n|move|p2a: Maushold|Bite|p1b: Aerodactyl\n|-activate|p1b: Aerodactyl|move: Protect\n|move|p2b: Archaludon|Electro Shot|p1b: Aerodactyl|[from] lockedmove\n|-activate|p1b: Aerodactyl|move: Protect\n|\n|upkeep\n|turn|3\n|\n|t:|1776197883\n|switch|p2a: Politoed|Politoed, L50, M|100/100\n|-weather|RainDance|[from] ability: Drizzle|[of] p2a: Politoed\n|move|p1b: Aerodactyl|Rock Slide|p2b: Archaludon|[spread] p2a\n|-miss|p1b: Aerodactyl|p2b: Archaludon\n|-crit|p2a: Politoed\n|-damage|p2a: Politoed|64/100\n|move|p1a: Milotic|Scald|p2a: Politoed\n|-resisted|p2a: Politoed|1\n|-damage|p2a: Politoed|47/100\n|-status|p2a: Politoed|brn\n|move|p2b: Archaludon|Electro Shot||[still]\n|-prepare|p2b: Archaludon|Electro Shot\n|-boost|p2b: Archaludon|spa|1\n|-anim|p2b: Archaludon|Electro Shot|p1b: Aerodactyl\n|-supereffective|p1b: Aerodactyl|1\n|-enditem|p1b: Aerodactyl|Focus Sash\n|-damage|p1b: Aerodactyl|1/100\n|\n|-weather|RainDance|[upkeep]\n|-damage|p2a: Politoed|41/100 brn|[from] brn\n|upkeep\n|turn|4\n|inactive|capt_dx has 30 seconds left.\n|\n|t:|1776197909\n|move|p1b: Aerodactyl|Protect|p1b: Aerodactyl\n|-singleturn|p1b: Aerodactyl|Protect\n|move|p1a: Milotic|Life Dew||[still]|[spread] p1a,p1b\n|-fail|p1a: Milotic|heal\n|-heal|p1b: Aerodactyl|26/100\n|move|p2b: Archaludon|Electro Shot||[still]\n|-prepare|p2b: Archaludon|Electro Shot\n|-boost|p2b: Archaludon|spa|1\n|-anim|p2b: Archaludon|Electro Shot|p1a: Milotic\n|-supereffective|p1a: Milotic|1\n|-damage|p1a: Milotic|0 fnt\n|faint|p1a: Milotic\n|move|p2a: Politoed|Icy Wind|p1b: Aerodactyl\n|-activate|p1b: Aerodactyl|move: Protect\n|\n|-weather|RainDance|[upkeep]\n|-damage|p2a: Politoed|35/100 brn|[from] brn\n|-sideend|p1: capt_dx|move: Tailwind\n|upkeep\n|\n|t:|1776197922\n|switch|p1a: Froslass|Froslass, L50, F|100/100\n|turn|5\n|\n|t:|1776197933\n|detailschange|p1a: Froslass|Froslass-Mega, L50, F\n|-mega|p1a: Froslass|Froslass|Froslassite\n|-weather|Snowscape|[from] ability: Snow Warning|[of] p1a: Froslass\n|move|p1b: Aerodactyl|Tailwind|p1b: Aerodactyl\n|-sidestart|p1: capt_dx|move: Tailwind\n|move|p1a: Froslass|Aurora Veil|p1a: Froslass\n|-sidestart|p1: capt_dx|move: Aurora Veil\n|move|p2b: Archaludon|Flash Cannon|p1a: Froslass\n|-supereffective|p1a: Froslass|1\n|-damage|p1a: Froslass|0 fnt\n|faint|p1a: Froslass\n|move|p2a: Politoed|Icy Wind|p1b: Aerodactyl\n|-supereffective|p1b: Aerodactyl|1\n|-damage|p1b: Aerodactyl|5/100\n|-unboost|p1b: Aerodactyl|spe|1\n|\n|-weather|Snowscape|[upkeep]\n|-damage|p2a: Politoed|29/100 brn|[from] brn\n|upkeep\n|\n|t:|1776197941\n|switch|p1a: Glaceon|Glaceon, L50, F|100/100\n|turn|6\n|\n|t:|1776197946\n|move|p2a: Politoed|Helping Hand|p2b: Archaludon\n|-singleturn|p2b: Archaludon|Helping Hand|[of] p2a: Politoed\n|move|p1b: Aerodactyl|Rock Slide|p2b: Archaludon|[spread] p2b\n|-miss|p1b: Aerodactyl|p2a: Politoed\n|-resisted|p2b: Archaludon|1\n|-damage|p2b: Archaludon|89/100\n|move|p1a: Glaceon|Blizzard|p2a: Politoed|[spread] p2a,p2b\n|-resisted|p2a: Politoed|1\n|-damage|p2a: Politoed|6/100 brn\n|-damage|p2b: Archaludon|4/100\n|-status|p2b: Archaludon|frz\n|cant|p2b: Archaludon|frz\n|\n|-weather|Snowscape|[upkeep]\n|-damage|p2a: Politoed|0 fnt|[from] brn\n|faint|p2a: Politoed\n|upkeep\n|\n|t:|1776197954\n|switch|p2a: Maushold|Maushold, L50|54/100\n|turn|7\n|\n|t:|1776197966\n|move|p1b: Aerodactyl|Rock Slide|p2a: Maushold|[spread] p2a,p2b\n|-resisted|p2b: Archaludon|1\n|-damage|p2a: Maushold|10/100\n|-damage|p2b: Archaludon|0 fnt\n|faint|p2b: Archaludon\n|move|p1a: Glaceon|Blizzard|p2a: Maushold\n|-damage|p2a: Maushold|0 fnt\n|faint|p2a: Maushold\n|\n|-weather|Snowscape|[upkeep]\n|upkeep\n|\n|t:|1776197970\n|switch|p2b: Meganium|Meganium, L50, M|100/100\n|turn|8\n|\n|t:|1776197975\n|detailschange|p2b: Meganium|Meganium-Mega, L50, M\n|-mega|p2b: Meganium|Meganium|Meganiumite\n|move|p1b: Aerodactyl|Dual Wingbeat|p2b: Meganium\n|-supereffective|p2b: Meganium|1\n|-damage|p2b: Meganium|65/100\n|-supereffective|p2b: Meganium|1\n|-damage|p2b: Meganium|31/100\n|-hitcount|p2b: Meganium|2\n|move|p1a: Glaceon|Blizzard|p2b: Meganium\n|-supereffective|p2b: Meganium|1\n|-damage|p2b: Meganium|0 fnt\n|faint|p2b: Meganium\n|\n|win|capt_dx\n|raw|capt_dx's rating: 1313 &rarr; <strong>1329</strong><br />(+16 for winning)\n|raw|brycego24's rating: 1245 &rarr; <strong>1225</strong><br />(-20 for losing)\n",
  "uploadtime": 1776197983,
  "views": 29,
  "formatid": "gen9championsvgc2026regma",
  "rating": 1225,
  "private": 0,
  "password": null
}