{
  "id": "gen9championsvgc2026regma-2584807256",
  "format": "[Gen 9 Champions] VGC 2026 Reg M-A",
  "players": [
    "battle sim trainer",
    "LopunnyAdmirer"
  ],
  "log": "|j|\u2606battle sim trainer\n|j|\u2606LopunnyAdmirer\n|t:|1776285116\n|gametype|doubles\n|player|p1|battle sim trainer|turo|1135\n|player|p2|LopunnyAdmirer|byron|1089\n|gen|9\n|tier|[Gen 9 Champions] VGC 2026 Reg M-A\n|rated|\n|rule|Species Clause: Limit one of each Pok\u00e9mon\n|rule|Item Clause: Limit 1 of each item\n|clearpoke\n|poke|p1|Farigiraf, L50, F|\n|poke|p1|Maushold-Four, L50|\n|poke|p1|Camerupt, L50, M|\n|poke|p1|Hatterene, L50, F|\n|poke|p1|Sableye, L50, M|\n|poke|p1|Crabominable, L50, M|\n|poke|p2|Incineroar, L50, M|\n|poke|p2|Glimmora, L50, M|\n|poke|p2|Whimsicott, L50, M|\n|poke|p2|Garchomp, L50, M|\n|poke|p2|Corviknight, L50, M|\n|poke|p2|Rotom-Wash, L50|\n|teampreview|4\n|inactive|Battle timer is ON: inactive players will automatically lose when time's up. (requested by LopunnyAdmirer)\n|inactive|battle sim trainer has 60 seconds left.\n|inactive|LopunnyAdmirer has 60 seconds left.\n|inactive|LopunnyAdmirer has 30 seconds left.\n|inactive|LopunnyAdmirer has 20 seconds left.\n|inactive|LopunnyAdmirer has 15 seconds left.\n|inactive|LopunnyAdmirer has 10 seconds left.\n|\n|t:|1776285197\n|teamsize|p1|4\n|teamsize|p2|4\n|start\n|switch|p1a: Farigiraf|Farigiraf, L50, F|100/100\n|switch|p1b: Sableye|Sableye, L50, M|100/100\n|switch|p2a: Glimmora|Glimmora, L50, M|100/100\n|switch|p2b: Incineroar|Incineroar, L50, M|100/100\n|-ability|p2b: Incineroar|Intimidate|boost\n|-unboost|p1a: Farigiraf|atk|1\n|-unboost|p1b: Sableye|atk|1\n|turn|1\n|inactive|LopunnyAdmirer has 30 seconds left.\n|\n|t:|1776285228\n|detailschange|p2a: Glimmora|Glimmora-Mega, L50, M\n|-mega|p2a: Glimmora|Glimmora|Glimmoranite\n|move|p1b: Sableye|Quash|p2a: Glimmora\n|-activate|p2a: Glimmora|move: Quash\n|move|p2b: Incineroar|Snarl|p1a: Farigiraf|[spread] p1a,p1b\n|-supereffective|p1a: Farigiraf|1\n|-damage|p1a: Farigiraf|85/100\n|-damage|p1b: Sableye|88/100\n|-unboost|p1a: Farigiraf|spa|1\n|-unboost|p1b: Sableye|spa|1\n|move|p1a: Farigiraf|Trick Room|p1a: Farigiraf\n|-fieldstart|move: Trick Room|[of] p1a: Farigiraf\n|move|p2a: Glimmora|Power Gem|p1a: Farigiraf\n|-damage|p1a: Farigiraf|34/100\n|-enditem|p1a: Farigiraf|Sitrus Berry|[eat]\n|-heal|p1a: Farigiraf|58/100|[from] item: Sitrus Berry\n|\n|-heal|p1b: Sableye|94/100|[from] item: Leftovers\n|upkeep\n|turn|2\n|inactive|battle sim trainer has 30 seconds left.\n|inactive|LopunnyAdmirer has 30 seconds left.\n|inactive|LopunnyAdmirer has 20 seconds left.\n|\n|t:|1776285265\n|switch|p1b: Camerupt|Camerupt, L50, M|100/100\n|move|p1a: Farigiraf|Psyshock|p2a: Glimmora\n|-supereffective|p2a: Glimmora|1\n|-damage|p2a: Glimmora|65/100\n|move|p2b: Incineroar|Flare Blitz|p1b: Camerupt\n|-resisted|p1b: Camerupt|1\n|-damage|p1b: Camerupt|60/100\n|-damage|p2b: Incineroar|89/100|[from] Recoil\n|move|p2a: Glimmora|Power Gem|p1b: Camerupt\n|-damage|p1b: Camerupt|0 fnt\n|faint|p1b: Camerupt\n|\n|upkeep\n|\n|t:|1776285276\n|switch|p1b: Hatterene|Hatterene, L50, F|100/100\n|turn|3\n|\n|t:|1776285284\n|move|p2a: Glimmora|Spiky Shield|p2a: Glimmora\n|-singleturn|p2a: Glimmora|move: Protect\n|move|p1b: Hatterene|Psychic|p2a: Glimmora\n|-activate|p2a: Glimmora|move: Protect\n|move|p1a: Farigiraf|Nasty Plot|p1a: Farigiraf\n|-boost|p1a: Farigiraf|spa|2\n|move|p2b: Incineroar|Parting Shot|p1b: Hatterene\n|move|p1b: Hatterene|Parting Shot|p2b: Incineroar|[from] ability: Magic Bounce\n|-unboost|p2b: Incineroar|atk|1\n|-unboost|p2b: Incineroar|spa|1\n|\n|t:|1776285295\n|switch|p1b: Sableye|Sableye, L50, M|94/100|[from] Parting Shot\n|\n|-heal|p1b: Sableye|99/100|[from] item: Leftovers\n|upkeep\n|turn|4\n|\n|t:|1776285316\n|switch|p1b: Hatterene|Hatterene, L50, F|100/100\n|switch|p2a: Garchomp|Garchomp, L50, M|100/100\n|move|p1a: Farigiraf|Psyshock|p2a: Garchomp\n|-damage|p2a: Garchomp|50/100\n|move|p2b: Incineroar|Snarl|p1b: Hatterene|[spread] p1a\n|-miss|p2b: Incineroar|p1b: Hatterene\n|-supereffective|p1a: Farigiraf|1\n|-damage|p1a: Farigiraf|48/100\n|-unboost|p1a: Farigiraf|spa|1\n|\n|upkeep\n|turn|5\n|inactive|LopunnyAdmirer has 30 seconds left.\n|\n|t:|1776285350\n|switch|p1a: Sableye|Sableye, L50, M|99/100\n|switch|p2b: Rotom|Rotom-Wash, L50|100/100\n|move|p1b: Hatterene|Dazzling Gleam|p2a: Garchomp|[spread] p2a,p2b\n|-supereffective|p2a: Garchomp|1\n|-damage|p2a: Garchomp|0 fnt\n|-damage|p2b: Rotom|50/100\n|faint|p2a: Garchomp\n|\n|-heal|p1a: Sableye|100/100|[from] item: Leftovers\n|-fieldend|move: Trick Room\n|upkeep\n|\n|t:|1776285361\n|switch|p2a: Glimmora|Glimmora-Mega, L50, M|65/100\n|turn|6\n|\n|t:|1776285374\n|move|p2a: Glimmora|Spiky Shield|p2a: Glimmora\n|-singleturn|p2a: Glimmora|move: Protect\n|move|p1a: Sableye|Fake Out|p2a: Glimmora\n|-activate|p2a: Glimmora|move: Protect\n|-damage|p1a: Sableye|88/100|[from] Spiky Shield|[of] p2a: Glimmora\n|move|p2b: Rotom|Thunderbolt|p1b: Hatterene\n|-damage|p1b: Hatterene|58/100\n|move|p1b: Hatterene|Trick Room|p1b: Hatterene\n|-fieldstart|move: Trick Room|[of] p1b: Hatterene\n|\n|-heal|p1a: Sableye|94/100|[from] item: Leftovers\n|upkeep\n|turn|7\n|inactive|LopunnyAdmirer has 30 seconds left.\n|\n|t:|1776285400\n|switch|p1a: Farigiraf|Farigiraf, L50, F|48/100\n|move|p1b: Hatterene|Psychic|p2a: Glimmora\n|-supereffective|p2a: Glimmora|1\n|-damage|p2a: Glimmora|0 fnt\n|faint|p2a: Glimmora\n|move|p2b: Rotom|Thunderbolt|p1a: Farigiraf\n|-crit|p1a: Farigiraf\n|-damage|p1a: Farigiraf|0 fnt\n|faint|p1a: Farigiraf\n|\n|upkeep\n|\n|t:|1776285410\n|switch|p1a: Sableye|Sableye, L50, M|94/100\n|switch|p2a: Incineroar|Incineroar, L50, M|89/100\n|-ability|p2a: Incineroar|Intimidate|boost\n|-unboost|p1a: Sableye|atk|1\n|-unboost|p1b: Hatterene|atk|1\n|turn|8\n|\n|t:|1776285429\n|move|p1a: Sableye|Fake Out|p2b: Rotom\n|-damage|p2b: Rotom|44/100\n|move|p2a: Incineroar|Fake Out|p1b: Hatterene\n|-damage|p1b: Hatterene|44/100\n|cant|p1b: Hatterene|flinch\n|cant|p2b: Rotom|flinch\n|\n|-heal|p1a: Sableye|99/100|[from] item: Leftovers\n|upkeep\n|turn|9\n|inactive|battle sim trainer has 30 seconds left.\n|inactive|LopunnyAdmirer has 30 seconds left.\n|inactive|battle sim trainer has 20 seconds left.\n|inactive|LopunnyAdmirer has 20 seconds left.\n|inactive|LopunnyAdmirer has 15 seconds left.\n|inactive|LopunnyAdmirer has 10 seconds left.\n|\n|t:|1776285484\n|move|p1b: Hatterene|Dazzling Gleam|p2b: Rotom|[spread] p2a,p2b\n|-crit|p2a: Incineroar\n|-damage|p2a: Incineroar|24/100\n|-damage|p2b: Rotom|0 fnt\n|-enditem|p2a: Incineroar|Sitrus Berry|[eat]\n|-heal|p2a: Incineroar|49/100|[from] item: Sitrus Berry\n|faint|p2b: Rotom\n|move|p1a: Sableye|Foul Play|p2a: Incineroar\n|-resisted|p2a: Incineroar|1\n|-damage|p2a: Incineroar|29/100\n|move|p2a: Incineroar|Flare Blitz|p1b: Hatterene\n|-damage|p1b: Hatterene|0 fnt\n|faint|p1b: Hatterene\n|-damage|p2a: Incineroar|17/100|[from] Recoil\n|\n|-heal|p1a: Sableye|100/100|[from] item: Leftovers\n|upkeep\n|turn|10\n|\n|t:|1776285505\n|move|p1a: Sableye|Foul Play|p2a: Incineroar\n|-resisted|p2a: Incineroar|1\n|-damage|p2a: Incineroar|0 fnt\n|faint|p2a: Incineroar\n|\n|win|battle sim trainer\n|raw|battle sim trainer's rating: 1135 &rarr; <strong>1157</strong><br />(+22 for winning)\n|raw|LopunnyAdmirer's rating: 1089 &rarr; <strong>1069</strong><br />(-20 for losing)\n|l|\u2606LopunnyAdmirer\n|player|p2|\n",
  "uploadtime": 1776285510,
  "views": 20,
  "formatid": "gen9championsvgc2026regma",
  "rating": 1069,
  "private": 0,
  "password": null
}