{
  "id": "gen9championsvgc2026regma-2582747139",
  "format": "[Gen 9 Champions] VGC 2026 Reg M-A",
  "players": [
    "davidbeca0",
    "yuriimon"
  ],
  "log": "|j|\u2606davidbeca0\n|j|\u2606yuriimon\n|t:|1776111293\n|gametype|doubles\n|player|p1|davidbeca0|benga|1040\n|player|p2|yuriimon|waitress-gen4|1040\n|gen|9\n|tier|[Gen 9 Champions] VGC 2026 Reg M-A\n|rated|\n|rule|Species Clause: Limit one of each Pok\u00e9mon\n|rule|Item Clause: Limit 1 of each item\n|clearpoke\n|poke|p1|Tyranitar, L50, F|\n|poke|p1|Whimsicott, L50, M|\n|poke|p1|Excadrill, L50, M|\n|poke|p1|Incineroar, L50, F|\n|poke|p1|Golurk, L50|\n|poke|p1|Ariados, L50, M|\n|poke|p2|Feraligatr, L50, M|\n|poke|p2|Talonflame, L50, F|\n|poke|p2|Sneasler, L50, F|\n|poke|p2|Mimikyu, L50, F|\n|poke|p2|Camerupt, L50, M|\n|poke|p2|Kingambit, L50, M|\n|teampreview|4\n|inactive|Battle timer is ON: inactive players will automatically lose when time's up. (requested by yuriimon)\n|\n|t:|1776111322\n|teamsize|p1|4\n|teamsize|p2|4\n|start\n|switch|p1a: Whimsicott|Whimsicott, L50, M|100/100\n|switch|p1b: Tyranitar|Tyranitar, L50, F|100/100\n|switch|p2a: Talonflame|Talonflame, L50, F|100/100\n|switch|p2b: Mimikyu|Mimikyu, L50, F|100/100\n|-weather|Sandstorm|[from] ability: Sand Stream|[of] p1b: Tyranitar\n|turn|1\n|\n|t:|1776111339\n|switch|p2a: Kingambit|Kingambit, L50, M|100/100\n|move|p1a: Whimsicott|Tailwind|p1a: Whimsicott\n|-sidestart|p1: davidbeca0|move: Tailwind\n|move|p1b: Tyranitar|Rock Slide|p2a: Kingambit|[spread] p2a,p2b\n|-resisted|p2a: Kingambit|1\n|-damage|p2a: Kingambit|89/100\n|-activate|p2b: Mimikyu|ability: Disguise\n|-damage|p2b: Mimikyu|100/100\n|detailschange|p2b: Mimikyu|Mimikyu-Busted, L50, F\n|-damage|p2b: Mimikyu|88/100|[from] pokemon: Mimikyu-Busted\n|cant|p2b: Mimikyu|flinch\n|\n|-weather|Sandstorm|[upkeep]\n|-damage|p1a: Whimsicott|95/100|[from] Sandstorm\n|-damage|p2b: Mimikyu|82/100|[from] Sandstorm\n|upkeep\n|turn|2\n|\n|t:|1776111363\n|switch|p1b: Excadrill|Excadrill, L50, M|100/100\n|move|p1a: Whimsicott|Moonblast|p2a: Kingambit\n|-damage|p2a: Kingambit|56/100\n|move|p2a: Kingambit|Iron Head|p1a: Whimsicott\n|-supereffective|p1a: Whimsicott|1\n|-damage|p1a: Whimsicott|0 fnt\n|faint|p1a: Whimsicott\n|move|p2b: Mimikyu|Trick Room|p2b: Mimikyu\n|-fieldstart|move: Trick Room|[of] p2b: Mimikyu\n|\n|-weather|Sandstorm|[upkeep]\n|-damage|p2b: Mimikyu|76/100|[from] Sandstorm\n|upkeep\n|\n|t:|1776111370\n|switch|p1a: Golurk|Golurk, L50|100/100\n|turn|3\n|\n|t:|1776111388\n|detailschange|p1a: Golurk|Golurk-Mega, L50\n|-mega|p1a: Golurk|Golurk|Golurkite\n|move|p2a: Kingambit|Kowtow Cleave|p1a: Golurk\n|-supereffective|p1a: Golurk|1\n|-damage|p1a: Golurk|9/100\n|move|p2b: Mimikyu|Sunny Day|p2b: Mimikyu\n|-weather|SunnyDay\n|move|p1a: Golurk|Headlong Rush|p2a: Kingambit\n|-supereffective|p2a: Kingambit|1\n|-damage|p2a: Kingambit|0 fnt\n|-unboost|p1a: Golurk|def|1\n|-unboost|p1a: Golurk|spd|1\n|faint|p2a: Kingambit\n|move|p1b: Excadrill|Swords Dance|p1b: Excadrill\n|-boost|p1b: Excadrill|atk|2\n|\n|-weather|SunnyDay|[upkeep]\n|upkeep\n|\n|t:|1776111401\n|switch|p2a: Camerupt|Camerupt, L50, M|100/100\n|turn|4\n|\n|t:|1776111415\n|detailschange|p2a: Camerupt|Camerupt-Mega, L50, M\n|-mega|p2a: Camerupt|Camerupt|Cameruptite\n|move|p2b: Mimikyu|Shadow Sneak|p1a: Golurk\n|-supereffective|p1a: Golurk|1\n|-damage|p1a: Golurk|0 fnt\n|faint|p1a: Golurk\n|move|p2a: Camerupt|Eruption|p1b: Excadrill\n|-supereffective|p1b: Excadrill|1\n|-damage|p1b: Excadrill|0 fnt\n|faint|p1b: Excadrill\n|\n|-weather|SunnyDay|[upkeep]\n|-sideend|p1: davidbeca0|move: Tailwind\n|upkeep\n|\n|t:|1776111419\n|switch|p1b: Tyranitar|Tyranitar, L50, F|100/100\n|-weather|Sandstorm|[from] ability: Sand Stream|[of] p1b: Tyranitar\n|turn|5\n|\n|t:|1776111433\n|move|p2a: Camerupt|Earth Power|p1b: Tyranitar\n|-supereffective|p1b: Tyranitar|1\n|-damage|p1b: Tyranitar|17/100\n|-enditem|p1b: Tyranitar|Sitrus Berry|[eat]\n|-heal|p1b: Tyranitar|42/100|[from] item: Sitrus Berry\n|move|p1b: Tyranitar|Rock Slide|p2a: Camerupt|[spread] p2a,p2b\n|-damage|p2a: Camerupt|71/100\n|-damage|p2b: Mimikyu|22/100\n|move|p2b: Mimikyu|Sunny Day|p2b: Mimikyu\n|-weather|SunnyDay\n|\n|-weather|SunnyDay|[upkeep]\n|upkeep\n|turn|6\n|\n|t:|1776111446\n|move|p2a: Camerupt|Earth Power|p1b: Tyranitar\n|-supereffective|p1b: Tyranitar|1\n|-damage|p1b: Tyranitar|0 fnt\n|faint|p1b: Tyranitar\n|\n|win|yuriimon\n|raw|davidbeca0's rating: 1040 &rarr; <strong>1024</strong><br />(-16 for losing)\n|raw|yuriimon's rating: 1040 &rarr; <strong>1074</strong><br />(+34 for winning)\n|l|\u2606davidbeca0\n|player|p1|\n|c|\u2606yuriimon|gg\n",
  "uploadtime": 1776111453,
  "views": 17,
  "formatid": "gen9championsvgc2026regma",
  "rating": 1024,
  "private": 0,
  "password": null
}