{
  "id": "gen9championsvgc2026regma-2581328023",
  "format": "[Gen 9 Champions] VGC 2026 Reg M-A",
  "players": [
    "Braute",
    "sal19"
  ],
  "log": "|j|\u2606Braute\n|j|\u2606sal19\n|t:|1775987247\n|gametype|doubles\n|player|p1|Braute|miku-fire|1126\n|player|p2|sal19|169|1169\n|gen|9\n|tier|[Gen 9 Champions] VGC 2026 Reg M-A\n|rated|\n|rule|Species Clause: Limit one of each Pok\u00e9mon\n|rule|Item Clause: Limit 1 of each item\n|clearpoke\n|poke|p1|Beedrill, L50, F|\n|poke|p1|Incineroar, L50, M|\n|poke|p1|Talonflame, L50, F|\n|poke|p1|Kingambit, L50, M|\n|poke|p1|Tyranitar, L50, M|\n|poke|p1|Excadrill, L50, F|\n|poke|p2|Clefable, L50, F|\n|poke|p2|Sneasler, L50, F|\n|poke|p2|Delphox, L50, F|\n|poke|p2|Kingambit, L50, M|\n|poke|p2|Dragonite, L50, F|\n|poke|p2|Basculegion, L50, M|\n|teampreview|4\n|inactive|Battle timer is ON: inactive players will automatically lose when time's up. (requested by Braute)\n|inactive|sal19 has 60 seconds left.\n|\n|t:|1775987284\n|teamsize|p1|4\n|teamsize|p2|4\n|start\n|switch|p1a: Incineroar|Incineroar, L50, M, shiny|100/100\n|switch|p1b: Beedrill|Beedrill, L50, F, shiny|100/100\n|switch|p2a: Sneasler|Sneasler, L50, F|100/100\n|switch|p2b: Basculegion|Basculegion, L50, M|100/100\n|-ability|p1a: Incineroar|Intimidate|boost\n|-unboost|p2a: Sneasler|atk|1\n|-unboost|p2b: Basculegion|atk|1\n|turn|1\n|\n|t:|1775987298\n|move|p1b: Beedrill|Protect|p1b: Beedrill\n|-singleturn|p1b: Beedrill|Protect\n|move|p2a: Sneasler|Fake Out|p1a: Incineroar\n|-damage|p1a: Incineroar|92/100\n|move|p2b: Basculegion|Wave Crash|p1a: Incineroar\n|-supereffective|p1a: Incineroar|1\n|-damage|p1a: Incineroar|0 fnt\n|faint|p1a: Incineroar\n|-damage|p2b: Basculegion|73/100|[from] Recoil\n|\n|upkeep\n|\n|t:|1775987304\n|switch|p1a: Talonflame|Talonflame, L50, F|100/100\n|turn|2\n|\n|t:|1775987313\n|detailschange|p1b: Beedrill|Beedrill-Mega, L50, F, shiny\n|-mega|p1b: Beedrill|Beedrill|Beedrillite\n|move|p1a: Talonflame|Dual Wingbeat|p2a: Sneasler\n|-supereffective|p2a: Sneasler|1\n|-damage|p2a: Sneasler|39/100\n|-supereffective|p2a: Sneasler|1\n|-damage|p2a: Sneasler|0 fnt\n|faint|p2a: Sneasler\n|-hitcount|p2: Sneasler|2\n|move|p1b: Beedrill|U-turn|p2b: Basculegion\n|-resisted|p2b: Basculegion|1\n|-damage|p2b: Basculegion|37/100\n|\n|t:|1775987323\n|switch|p1b: Kingambit|Kingambit, L50, M, shiny|100/100|[from] U-turn\n|move|p2b: Basculegion|Wave Crash|p1a: Talonflame\n|-supereffective|p1a: Talonflame|1\n|-damage|p1a: Talonflame|0 fnt\n|faint|p1a: Talonflame\n|-damage|p2b: Basculegion|12/100|[from] Recoil\n|\n|upkeep\n|\n|t:|1775987335\n|switch|p1a: Beedrill|Beedrill-Mega, L50, F, shiny|100/100\n|switch|p2a: Clefable|Clefable, L50, F|100/100\n|turn|3\n|\n|t:|1775987348\n|move|p2a: Clefable|Helping Hand|p2b: Basculegion\n|-singleturn|p2b: Basculegion|Helping Hand|[of] p2a: Clefable\n|move|p1a: Beedrill|Poison Jab|p2a: Clefable\n|-supereffective|p2a: Clefable|1\n|-damage|p2a: Clefable|0 fnt\n|faint|p2a: Clefable\n|move|p2b: Basculegion|Wave Crash|p1a: Beedrill\n|-damage|p1a: Beedrill|0 fnt\n|faint|p1a: Beedrill\n|-damage|p2b: Basculegion|0 fnt|[from] Recoil\n|faint|p2b: Basculegion\n|move|p1b: Kingambit|Kowtow Cleave|p2: Clefable|[notarget]\n|-fail|p1b: Kingambit\n|\n|upkeep\n|\n|t:|1775987362\n|switch|p2a: Dragonite|Dragonite, L50, F|100/100\n|turn|4\n|\n|t:|1775987367\n|move|p2a: Dragonite|Scale Shot|p1b: Kingambit\n|-resisted|p1b: Kingambit|1\n|-damage|p1b: Kingambit|94/100\n|-resisted|p1b: Kingambit|1\n|-damage|p1b: Kingambit|88/100\n|-hitcount|p1b: Kingambit|2\n|-unboost|p2a: Dragonite|def|1\n|-boost|p2a: Dragonite|spe|1\n|move|p1b: Kingambit|Kowtow Cleave|p2a: Dragonite\n|-damage|p2a: Dragonite|49/100\n|\n|upkeep\n|turn|5\n|-message|sal19 forfeited.\n|\n|win|Braute\n|raw|Braute's rating: 1126 &rarr; <strong>1154</strong><br />(+28 for winning)\n|raw|sal19's rating: 1169 &rarr; <strong>1141</strong><br />(-28 for losing)\n",
  "uploadtime": 1775987378,
  "views": 41,
  "formatid": "gen9championsvgc2026regma",
  "rating": 1141,
  "private": 0,
  "password": null
}