{
  "id": "gen9championsvgc2026regma-2582344835",
  "format": "[Gen 9 Champions] VGC 2026 Reg M-A",
  "players": [
    "QB1K",
    "aisawa"
  ],
  "log": "|j|\u2606QB1K\n|j|\u2606aisawa\n|t:|1776085106\n|gametype|doubles\n|player|p1|QB1K|winona|1269\n|player|p2|aisawa|veteran|1331\n|gen|9\n|tier|[Gen 9 Champions] VGC 2026 Reg M-A\n|rated|\n|rule|Species Clause: Limit one of each Pok\u00e9mon\n|rule|Item Clause: Limit 1 of each item\n|clearpoke\n|poke|p1|Froslass, L50, F|\n|poke|p1|Palafin, L50, M|\n|poke|p1|Kingambit, L50, M|\n|poke|p1|Arcanine-Hisui, L50, M|\n|poke|p1|Sinistcha, L50|\n|poke|p1|Sneasler, L50, M|\n|poke|p2|Charizard, L50, F|\n|poke|p2|Whimsicott, L50, F|\n|poke|p2|Farigiraf, L50, F|\n|poke|p2|Garchomp, L50, M|\n|poke|p2|Sneasler, L50, M|\n|poke|p2|Rotom-Wash, L50|\n|teampreview|4\n|inactive|Battle timer is ON: inactive players will automatically lose when time's up. (requested by aisawa)\n|inactive|QB1K has 60 seconds left.\n|inactive|aisawa has 60 seconds left.\n|\n|t:|1776085152\n|teamsize|p1|4\n|teamsize|p2|4\n|start\n|switch|p1a: Palafin|Palafin, L50, M, shiny|100/100\n|switch|p1b: Sneasler|Sneasler, L50, M|100/100\n|switch|p2a: Garchomp|Garchomp, L50, M|100/100\n|switch|p2b: Rotom|Rotom-Wash, L50|100/100\n|turn|1\n|\n|t:|1776085172\n|move|p1a: Palafin|Protect|p1a: Palafin\n|-singleturn|p1a: Palafin|Protect\n|move|p1b: Sneasler|Close Combat|p2b: Rotom\n|-damage|p2b: Rotom|20/100\n|-unboost|p1b: Sneasler|def|1\n|-unboost|p1b: Sneasler|spd|1\n|-enditem|p1b: Sneasler|White Herb\n|-clearnegativeboost|p1b: Sneasler|[silent]\n|move|p2a: Garchomp|Earthquake|p1a: Palafin|[spread] p1b\n|-activate|p1a: Palafin|move: Protect\n|-immune|p2b: Rotom|[from] ability: Levitate\n|-supereffective|p1b: Sneasler|1\n|-damage|p1b: Sneasler|0 fnt\n|faint|p1b: Sneasler\n|move|p2b: Rotom|Discharge|p1a: Palafin|[spread] \n|-activate|p1a: Palafin|move: Protect\n|-immune|p2a: Garchomp\n|\n|-heal|p2b: Rotom|26/100|[from] item: Leftovers\n|upkeep\n|\n|t:|1776085187\n|switch|p1b: Froslass|Froslass, L50, F, shiny|100/100\n|turn|2\n|\n|t:|1776085207\n|detailschange|p1a: Palafin|Palafin-Hero, L50, M, shiny\n|switch|p1a: Sinistcha|Sinistcha, L50|100/100\n|detailschange|p1b: Froslass|Froslass-Mega, L50, F, shiny\n|-mega|p1b: Froslass|Froslass|Froslassite\n|-weather|Snowscape|[from] ability: Snow Warning|[of] p1b: Froslass\n|move|p2a: Garchomp|Protect|p2a: Garchomp\n|-singleturn|p2a: Garchomp|Protect\n|move|p1b: Froslass|Aurora Veil|p1b: Froslass\n|-sidestart|p1: QB1K|move: Aurora Veil\n|move|p2b: Rotom|Discharge|p1a: Sinistcha|[spread] p1a,p1b\n|-activate|p2a: Garchomp|move: Protect\n|-resisted|p1a: Sinistcha|1\n|-damage|p1a: Sinistcha|91/100\n|-damage|p1b: Froslass|79/100\n|\n|-weather|Snowscape|[upkeep]\n|-heal|p2b: Rotom|31/100|[from] item: Leftovers\n|upkeep\n|turn|3\n|inactive|QB1K has 30 seconds left.\n|\n|t:|1776085239\n|move|p1b: Froslass|Blizzard|p2a: Garchomp|[spread] p2a,p2b\n|-supereffective|p2a: Garchomp|2\n|-enditem|p2a: Garchomp|Yache Berry|[eat]\n|-enditem|p2a: Garchomp|Yache Berry|[weaken]\n|-resisted|p2b: Rotom|1\n|-damage|p2a: Garchomp|3/100\n|-damage|p2b: Rotom|0 fnt\n|faint|p2b: Rotom\n|move|p2a: Garchomp|Rock Slide|p1b: Froslass|[spread] p1a,p1b\n|-supereffective|p1b: Froslass|1\n|-damage|p1a: Sinistcha|82/100\n|-damage|p1b: Froslass|54/100\n|move|p1a: Sinistcha|Matcha Gotcha|p2a: Garchomp\n|-damage|p2a: Garchomp|0 fnt\n|-heal|p1a: Sinistcha|84/100|[from] drain|[of] p2a: Garchomp\n|faint|p2a: Garchomp\n|\n|-weather|Snowscape|[upkeep]\n|upkeep\n|\n|t:|1776085254\n|switch|p2a: Charizard|Charizard, L50, F|100/100\n|switch|p2b: Whimsicott|Whimsicott, L50, F|100/100\n|turn|4\n|inactive|QB1K has 30 seconds left.\n|inactive|QB1K has 20 seconds left.\n|\n|t:|1776085289\n|switch|p1b: Palafin|Palafin-Hero, L50, M, shiny|100/100\n|-activate|p1b: Palafin|ability: Zero to Hero\n|detailschange|p2a: Charizard|Charizard-Mega-Y, L50, F\n|-mega|p2a: Charizard|Charizard|Charizardite Y\n|-weather|SunnyDay|[from] ability: Drought|[of] p2a: Charizard\n|move|p2b: Whimsicott|Tailwind|p2b: Whimsicott\n|-sidestart|p2: aisawa|move: Tailwind\n|move|p2a: Charizard|Heat Wave|p1a: Sinistcha|[spread] p1a,p1b\n|-supereffective|p1a: Sinistcha|1\n|-resisted|p1b: Palafin|1\n|-damage|p1a: Sinistcha|2/100\n|-damage|p1b: Palafin|78/100\n|-enditem|p1a: Sinistcha|Sitrus Berry|[eat]\n|-heal|p1a: Sinistcha|26/100|[from] item: Sitrus Berry\n|move|p1a: Sinistcha|Trick Room|p1a: Sinistcha\n|-fieldstart|move: Trick Room|[of] p1a: Sinistcha\n|\n|-weather|SunnyDay|[upkeep]\n|upkeep\n|turn|5\n|inactive|aisawa has 30 seconds left.\n|inactive|aisawa has 20 seconds left.\n|\n|t:|1776085329\n|move|p2b: Whimsicott|Sunny Day||[still]\n|-fail|p2b: Whimsicott\n|move|p1a: Sinistcha|Life Dew|p1a: Sinistcha|[spread] p1a,p1b\n|-heal|p1a: Sinistcha|51/100\n|-heal|p1b: Palafin|100/100\n|move|p1b: Palafin|Wave Crash|p2a: Charizard\n|-supereffective|p2a: Charizard|1\n|-damage|p2a: Charizard|0 fnt\n|faint|p2a: Charizard\n|-damage|p1b: Palafin|76/100|[from] Recoil\n|\n|-weather|SunnyDay|[upkeep]\n|upkeep\n|turn|6\n|-message|aisawa forfeited.\n|\n|win|QB1K\n|raw|QB1K's rating: 1269 &rarr; <strong>1298</strong><br />(+29 for winning)\n|raw|aisawa's rating: 1331 &rarr; <strong>1307</strong><br />(-24 for losing)\n|l|\u2606aisawa\n|player|p2|\n",
  "uploadtime": 1776085364,
  "views": 23,
  "formatid": "gen9championsvgc2026regma",
  "rating": 1298,
  "private": 0,
  "password": null
}