{
  "id": "gen9championsvgc2026regma-2587624040",
  "format": "[Gen 9 Champions] VGC 2026 Reg M-A",
  "players": [
    "Alt-tistic",
    "Techwiz_101"
  ],
  "log": "|j|\u2606Alt-tistic\n|j|\u2606Techwiz_101\n|t:|1776547965\n|gametype|doubles\n|player|p1|Alt-tistic|169|1100\n|player|p2|Techwiz_101|102|1111\n|gen|9\n|tier|[Gen 9 Champions] VGC 2026 Reg M-A\n|rated|\n|rule|Species Clause: Limit one of each Pok\u00e9mon\n|rule|Item Clause: Limit 1 of each item\n|clearpoke\n|poke|p1|Farigiraf, L50, F, shiny|\n|poke|p1|Hatterene, L50, F, shiny|\n|poke|p1|Rhyperior, L50, M, shiny|\n|poke|p1|Golurk, L50, shiny|\n|poke|p1|Snorlax, L50, M, shiny|\n|poke|p1|Incineroar, L50, M, shiny|\n|poke|p2|Zoroark-Hisui, L50, F|\n|poke|p2|Gallade, L50, M|\n|poke|p2|Liepard, L50, M|\n|poke|p2|Araquanid, L50, M|\n|poke|p2|Aggron, L50, M|\n|poke|p2|Dragapult, L50, F|\n|teampreview|4\n|\n|t:|1776548006\n|teamsize|p1|4\n|teamsize|p2|4\n|start\n|switch|p1a: Farigiraf|Farigiraf, L50, F, shiny|100/100\n|switch|p1b: Incineroar|Incineroar, L50, M, shiny|100/100\n|switch|p2a: Aggron|Aggron, L50, M|100/100\n|switch|p2b: Liepard|Liepard, L50, M|100/100\n|-ability|p1b: Incineroar|Intimidate|boost\n|-unboost|p2a: Aggron|atk|1\n|-unboost|p2b: Liepard|atk|1\n|turn|1\n|\n|t:|1776548021\n|move|p1b: Incineroar|Fake Out|p2b: Liepard\n|-damage|p2b: Liepard|78/100\n|move|p2a: Aggron|Icy Wind|p1a: Farigiraf|[spread] p1a,p1b\n|-resisted|p1b: Incineroar|1\n|-damage|p1a: Farigiraf|84/100\n|-damage|p1b: Incineroar|94/100\n|-unboost|p1a: Farigiraf|spe|1\n|-unboost|p1b: Incineroar|spe|1\n|cant|p2b: Liepard|flinch\n|move|p1a: Farigiraf|Trick Room|p1a: Farigiraf\n|-fieldstart|move: Trick Room|[of] p1a: Farigiraf\n|\n|upkeep\n|turn|2\n|\n|t:|1776548043\n|move|p1a: Farigiraf|Helping Hand|p1b: Incineroar\n|-singleturn|p1b: Incineroar|Helping Hand|[of] p1a: Farigiraf\n|move|p2a: Aggron|Protect|p2a: Aggron\n|-singleturn|p2a: Aggron|Protect\n|move|p1b: Incineroar|Leech Life|p2b: Liepard\n|-supereffective|p2b: Liepard|1\n|-damage|p2b: Liepard|0 fnt\n|-heal|p1b: Incineroar|100/100|[from] drain|[of] p2b: Liepard\n|faint|p2b: Liepard\n|\n|upkeep\n|\n|t:|1776548051\n|switch|p2b: Aggron|Aggron, L50, M|100/100\n|turn|3\n|\n|t:|1776548085\n|switch|p1b: Rhyperior|Rhyperior, L50, M, shiny|100/100\n|switch|p1a: Golurk|Golurk, L50, shiny|100/100\n|switch|p2a: Dragapult|Dragapult, L50, F|100/100\n|detailschange|p2b: Aggron|Aggron-Mega, L50, M\n|-mega|p2b: Aggron|Aggron|Aggronite\n|move|p2b: Aggron|Body Press|p1b: Rhyperior\n|-supereffective|p1b: Rhyperior|1\n|-damage|p1b: Rhyperior|59/100\n|\n|upkeep\n|turn|4\n|\n|t:|1776548109\n|detailschange|p1a: Golurk|Golurk-Mega, L50, shiny\n|-mega|p1a: Golurk|Golurk|Golurkite\n|move|p2a: Dragapult|Protect|p2a: Dragapult\n|-singleturn|p2a: Dragapult|Protect\n|move|p1b: Rhyperior|Ice Punch|p2a: Dragapult\n|-activate|p2a: Dragapult|move: Protect\n|move|p1a: Golurk|Headlong Rush|p2b: Aggron\n|-supereffective|p2b: Aggron|1\n|-damage|p2b: Aggron|51/100\n|-unboost|p1a: Golurk|def|1\n|-unboost|p1a: Golurk|spd|1\n|move|p2b: Aggron|Avalanche|p1a: Golurk\n|-supereffective|p1a: Golurk|1\n|-damage|p1a: Golurk|14/100\n|\n|upkeep\n|turn|5\n|\n|t:|1776548138\n|move|p1b: Rhyperior|Ice Punch|p2a: Dragapult\n|-supereffective|p2a: Dragapult|1\n|-damage|p2a: Dragapult|10/100\n|move|p1a: Golurk|Headlong Rush|p2b: Aggron\n|-supereffective|p2b: Aggron|1\n|-damage|p2b: Aggron|3/100\n|-unboost|p1a: Golurk|def|1\n|-unboost|p1a: Golurk|spd|1\n|move|p2b: Aggron|Heavy Slam|p1b: Rhyperior\n|-supereffective|p1b: Rhyperior|1\n|-damage|p1b: Rhyperior|42/100\n|move|p2a: Dragapult|Shadow Ball|p1a: Golurk\n|-supereffective|p1a: Golurk|1\n|-damage|p1a: Golurk|0 fnt\n|faint|p1a: Golurk\n|\n|-fieldend|move: Trick Room\n|upkeep\n|\n|t:|1776548154\n|switch|p1a: Farigiraf|Farigiraf, L50, F, shiny|84/100\n|turn|6\n|\n|t:|1776548173\n|switch|p1b: Incineroar|Incineroar, L50, M, shiny|100/100\n|-ability|p1b: Incineroar|Intimidate|boost\n|-unboost|p2a: Dragapult|atk|1\n|-unboost|p2b: Aggron|atk|1\n|-enditem|p2a: Dragapult|White Herb\n|-clearnegativeboost|p2a: Dragapult|[silent]\n|move|p2a: Dragapult|Draco Meteor|p1a: Farigiraf\n|-damage|p1a: Farigiraf|24/100\n|-unboost|p2a: Dragapult|spa|2\n|move|p2b: Aggron|Body Press|p1b: Incineroar\n|-supereffective|p1b: Incineroar|1\n|-damage|p1b: Incineroar|10/100\n|-enditem|p1b: Incineroar|Sitrus Berry|[eat]\n|-heal|p1b: Incineroar|35/100|[from] item: Sitrus Berry\n|move|p1a: Farigiraf|Trick Room|p1a: Farigiraf\n|-fieldstart|move: Trick Room|[of] p1a: Farigiraf\n|\n|upkeep\n|turn|7\n|-message|Techwiz_101 forfeited.\n|\n|win|Alt-tistic\n|raw|Alt-tistic's rating: 1100 &rarr; <strong>1126</strong><br />(+26 for winning)\n|raw|Techwiz_101's rating: 1111 &rarr; <strong>1085</strong><br />(-26 for losing)\n|l|\u2606Techwiz_101\n|player|p2|\n",
  "uploadtime": 1776548199,
  "views": 10,
  "formatid": "gen9championsvgc2026regma",
  "rating": 1085,
  "private": 0,
  "password": null
}