{
  "id": "gen9championsvgc2026regma-2586833057",
  "format": "[Gen 9 Champions] VGC 2026 Reg M-A",
  "players": [
    "ascii_ch",
    "beebot1"
  ],
  "log": "|j|\u2606ascii_ch\n|j|\u2606beebot1\n|t:|1776463703\n|gametype|doubles\n|player|p1|ascii_ch|miku-ghost|1141\n|player|p2|beebot1|1|1120\n|gen|9\n|tier|[Gen 9 Champions] VGC 2026 Reg M-A\n|rated|\n|rule|Species Clause: Limit one of each Pok\u00e9mon\n|rule|Item Clause: Limit 1 of each item\n|clearpoke\n|poke|p1|Zoroark-Hisui, L50, M|\n|poke|p1|Chimecho, L50, F|\n|poke|p1|Sneasler, L50, M|\n|poke|p1|Rotom-Wash, L50|\n|poke|p1|Talonflame, L50, M|\n|poke|p1|Ninetales-Alola, L50, F|\n|poke|p2|Gengar, L50, F|\n|poke|p2|Altaria, L50, F|\n|poke|p2|Sinistcha, L50|\n|poke|p2|Incineroar, L50, M|\n|poke|p2|Abomasnow, L50, F|\n|poke|p2|Aerodactyl, L50, F|\n|teampreview|4\n|\n|t:|1776463719\n|teamsize|p1|4\n|teamsize|p2|4\n|start\n|switch|p1a: Chimecho|Chimecho, L50, F, shiny|100/100\n|switch|p1b: Sneasler|Sneasler, L50, M|100/100\n|switch|p2a: Gengar|Gengar, L50, F|100/100\n|switch|p2b: Incineroar|Incineroar, L50, M|100/100\n|-ability|p2b: Incineroar|Intimidate|boost\n|-unboost|p1a: Chimecho|atk|1\n|-unboost|p1b: Sneasler|atk|1\n|-enditem|p1b: Sneasler|White Herb\n|-clearnegativeboost|p1b: Sneasler|[silent]\n|turn|1\n|\n|t:|1776463738\n|detailschange|p2a: Gengar|Gengar-Mega, L50, F\n|-mega|p2a: Gengar|Gengar|Gengarite\n|move|p1b: Sneasler|Fake Out|p2b: Incineroar\n|-damage|p2b: Incineroar|87/100\n|cant|p2b: Incineroar|flinch\n|move|p2a: Gengar|Perish Song|p2a: Gengar\n|-start|p1a: Chimecho|perish3|[silent]\n|-start|p1b: Sneasler|perish3|[silent]\n|-start|p2a: Gengar|perish3|[silent]\n|-start|p2b: Incineroar|perish3|[silent]\n|-fieldactivate|move: Perish Song\n|move|p1a: Chimecho|Bitter Malice|p2a: Gengar\n|-supereffective|p2a: Gengar|1\n|-damage|p2a: Gengar|18/100\n|-unboost|p2a: Gengar|atk|1\n|\n|-start|p1b: Sneasler|perish3\n|-start|p2a: Gengar|perish3\n|-start|p1a: Chimecho|perish3\n|-start|p2b: Incineroar|perish3\n|upkeep\n|turn|2\n|\n|t:|1776463765\n|switch|p2b: Sinistcha|Sinistcha, L50|100/100\n|-heal|p2a: Gengar|42/100|[from] ability: Hospitality|[of] p2b: Sinistcha\n|move|p2a: Gengar|Protect|p2a: Gengar\n|-singleturn|p2a: Gengar|Protect\n|move|p1b: Sneasler|Close Combat|p2b: Sinistcha\n|-immune|p2b: Sinistcha\n|move|p1a: Chimecho|Taunt|p2b: Sinistcha\n|-start|p2b: Sinistcha|move: Taunt\n|\n|-start|p1b: Sneasler|perish2\n|-start|p2a: Gengar|perish2\n|-start|p1a: Chimecho|perish2\n|upkeep\n|turn|3\n|\n|t:|1776463788\n|switch|p2b: Incineroar|Incineroar, L50, M|87/100\n|-ability|p2b: Incineroar|Intimidate|boost\n|-unboost|p1a: Chimecho|atk|1\n|-unboost|p1b: Sneasler|atk|1\n|move|p1b: Sneasler|Dire Claw|p2b: Incineroar\n|-damage|p2b: Incineroar|60/100\n|-status|p2b: Incineroar|slp\n|move|p2a: Gengar|Substitute|p2a: Gengar\n|-start|p2a: Gengar|Substitute\n|-damage|p2a: Gengar|18/100\n|move|p1a: Chimecho|Bitter Malice|p2a: Gengar\n|-supereffective|p2a: Gengar|1\n|-end|p2a: Gengar|Substitute\n|\n|-start|p1b: Sneasler|perish1\n|-start|p2a: Gengar|perish1\n|-start|p1a: Chimecho|perish1\n|upkeep\n|turn|4\n|\n|t:|1776463815\n|switch|p2a: Sinistcha|Sinistcha, L50|100/100\n|-heal|p2b: Incineroar|85/100 slp|[from] ability: Hospitality|[of] p2a: Sinistcha\n|switch|p1a: Talonflame|Talonflame, L50, M, shiny|100/100\n|cant|p2b: Incineroar|slp\n|move|p1b: Sneasler|Close Combat|p2b: Incineroar\n|-supereffective|p2b: Incineroar|1\n|-damage|p2b: Incineroar|0 fnt\n|-unboost|p1b: Sneasler|def|1\n|-unboost|p1b: Sneasler|spd|1\n|faint|p2b: Incineroar\n|\n|-start|p1b: Sneasler|perish0\n|upkeep\n|faint|p1b: Sneasler\n|\n|t:|1776463837\n|switch|p1b: Chimecho|Chimecho, L50, F, shiny|100/100\n|switch|p2b: Altaria|Altaria, L50, F|100/100\n|-ability|p2b: Altaria|Cloud Nine\n|turn|5\n|\n|t:|1776463862\n|move|p2a: Sinistcha|Rage Powder|p2a: Sinistcha\n|-singleturn|p2a: Sinistcha|move: Rage Powder\n|move|p1a: Talonflame|Dual Wingbeat|p2a: Sinistcha\n|-supereffective|p2a: Sinistcha|1\n|-damage|p2a: Sinistcha|67/100\n|-supereffective|p2a: Sinistcha|1\n|-damage|p2a: Sinistcha|33/100\n|-hitcount|p2a: Sinistcha|2\n|move|p1b: Chimecho|Bitter Malice|p2a: Sinistcha\n|-supereffective|p2a: Sinistcha|1\n|-damage|p2a: Sinistcha|0 fnt\n|faint|p2a: Sinistcha\n|move|p2b: Altaria|Perish Song|p2b: Altaria\n|-start|p1a: Talonflame|perish3|[silent]\n|-start|p1b: Chimecho|perish3|[silent]\n|-start|p2b: Altaria|perish3|[silent]\n|-fieldactivate|move: Perish Song\n|\n|-start|p1b: Chimecho|perish3\n|-start|p1a: Talonflame|perish3\n|-start|p2b: Altaria|perish3\n|upkeep\n|\n|t:|1776463879\n|switch|p2a: Gengar|Gengar-Mega, L50, F|18/100\n|turn|6\n|\n|t:|1776463904\n|move|p2a: Gengar|Protect|p2a: Gengar\n|-singleturn|p2a: Gengar|Protect\n|move|p1a: Talonflame|Dual Wingbeat|p2b: Altaria\n|-damage|p2b: Altaria|83/100\n|-damage|p2b: Altaria|66/100\n|-hitcount|p2b: Altaria|2\n|move|p1b: Chimecho|Bitter Malice|p2a: Gengar\n|-activate|p2a: Gengar|move: Protect\n|move|p2b: Altaria|Fire Spin|p1b: Chimecho|[miss]\n|-miss|p2b: Altaria|p1b: Chimecho\n|\n|-start|p1b: Chimecho|perish2\n|-start|p1a: Talonflame|perish2\n|-start|p2b: Altaria|perish2\n|upkeep\n|turn|7\n|\n|t:|1776463929\n|move|p1a: Talonflame|Dual Wingbeat|p2b: Altaria\n|-damage|p2b: Altaria|48/100\n|-damage|p2b: Altaria|31/100\n|-hitcount|p2b: Altaria|2\n|move|p2a: Gengar|Shadow Ball|p1b: Chimecho\n|-immune|p1b: Chimecho\n|move|p1b: Chimecho|Bitter Malice|p2a: Gengar\n|-supereffective|p2a: Gengar|1\n|-damage|p2a: Gengar|0 fnt\n|faint|p2a: Gengar\n|move|p2b: Altaria|Roost|p2b: Altaria\n|-heal|p2b: Altaria|81/100\n|-singleturn|p2b: Altaria|move: Roost\n|\n|-start|p1b: Chimecho|perish1\n|-start|p1a: Talonflame|perish1\n|-start|p2b: Altaria|perish1\n|upkeep\n|turn|8\n|-message|beebot1 forfeited.\n|\n|win|ascii_ch\n|raw|ascii_ch's rating: 1141 &rarr; <strong>1164</strong><br />(+23 for winning)\n|raw|beebot1's rating: 1120 &rarr; <strong>1097</strong><br />(-23 for losing)\n|l|\u2606beebot1\n|player|p2|\n",
  "uploadtime": 1776463950,
  "views": 23,
  "formatid": "gen9championsvgc2026regma",
  "rating": 1097,
  "private": 0,
  "password": null
}