{
  "id": "gen9championsvgc2026regma-2581335099",
  "format": "[Gen 9 Champions] VGC 2026 Reg M-A",
  "players": [
    "becomingother",
    "fyfyy"
  ],
  "log": "|j|\u2606becomingother\n|j|\u2606fyfyy\n|t:|1775988212\n|gametype|doubles\n|player|p1|becomingother|2|1330\n|player|p2|fyfyy|266|1320\n|gen|9\n|tier|[Gen 9 Champions] VGC 2026 Reg M-A\n|rated|\n|rule|Species Clause: Limit one of each Pok\u00e9mon\n|rule|Item Clause: Limit 1 of each item\n|clearpoke\n|poke|p1|Floette-Eternal, L50, F|\n|poke|p1|Maushold-Four, L50|\n|poke|p1|Gyarados, L50, F|\n|poke|p1|Talonflame, L50, M|\n|poke|p1|Rotom-Wash, L50|\n|poke|p1|Garchomp, L50, F|\n|poke|p2|Sneasler, L50, F|\n|poke|p2|Basculegion, L50, M|\n|poke|p2|Floette-Eternal, L50, F|\n|poke|p2|Sinistcha, L50|\n|poke|p2|Aerodactyl, L50, M|\n|poke|p2|Garchomp, L50, M|\n|teampreview|4\n|j| wixlee\n|\n|t:|1775988235\n|teamsize|p1|4\n|teamsize|p2|4\n|start\n|switch|p1a: Gyarados|Gyarados, L50, F|100/100\n|switch|p1b: Rotom|Rotom-Wash, L50|100/100\n|switch|p2a: Aerodactyl|Aerodactyl, L50, M|100/100\n|switch|p2b: Floette|Floette-Eternal, L50, F|100/100\n|-ability|p2a: Aerodactyl|Unnerve\n|-ability|p1a: Gyarados|Intimidate|boost\n|-unboost|p2a: Aerodactyl|atk|1\n|-unboost|p2b: Floette|atk|1\n|turn|1\n|\n|t:|1775988245\n|detailschange|p1a: Gyarados|Gyarados-Mega, L50, F\n|-mega|p1a: Gyarados|Gyarados|Gyaradosite\n|-ability|p1a: Gyarados|Mold Breaker\n|move|p2a: Aerodactyl|Tailwind|p2a: Aerodactyl\n|-sidestart|p2: fyfyy|move: Tailwind\n|move|p2b: Floette|Calm Mind|p2b: Floette\n|-boost|p2b: Floette|spa|1\n|-boost|p2b: Floette|spd|1\n|move|p1a: Gyarados|Dragon Dance|p1a: Gyarados\n|-boost|p1a: Gyarados|atk|1\n|-boost|p1a: Gyarados|spe|1\n|move|p1b: Rotom|Volt Switch|p2a: Aerodactyl\n|-supereffective|p2a: Aerodactyl|1\n|-enditem|p2a: Aerodactyl|Focus Sash\n|-damage|p2a: Aerodactyl|1/100\n|\n|t:|1775988253\n|switch|p1b: Talonflame|Talonflame, L50, M|100/100|[from] Volt Switch\n|\n|upkeep\n|turn|2\n|\n|t:|1775988267\n|move|p2b: Floette|Protect|p2b: Floette\n|-singleturn|p2b: Floette|Protect\n|move|p1b: Talonflame|Acrobatics|p2a: Aerodactyl\n|-resisted|p2a: Aerodactyl|1\n|-damage|p2a: Aerodactyl|0 fnt\n|faint|p2a: Aerodactyl\n|move|p1a: Gyarados|Waterfall|p2b: Floette\n|-activate|p2b: Floette|move: Protect\n|\n|upkeep\n|\n|t:|1775988270\n|switch|p2a: Sneasler|Sneasler, L50, F|100/100\n|turn|3\n|j| gE1xjZRtuhW2DdT0AK\n|\n|t:|1775988276\n|detailschange|p2b: Floette|Floette-Mega, L50, F\n|-mega|p2b: Floette|Floette|Floettite\n|-ability|p2b: Floette|Fairy Aura\n|move|p1a: Gyarados|Protect|p1a: Gyarados\n|-singleturn|p1a: Gyarados|Protect\n|move|p2a: Sneasler|Fake Out|p1b: Talonflame\n|-damage|p1b: Talonflame|80/100\n|move|p2b: Floette|Dazzling Gleam|p1a: Gyarados|[spread] p1b\n|-activate|p1a: Gyarados|move: Protect\n|-resisted|p1b: Talonflame|1\n|-damage|p1b: Talonflame|23/100\n|cant|p1b: Talonflame|flinch\n|\n|upkeep\n|turn|4\n|\n|t:|1775988306\n|move|p1a: Gyarados|Protect|p1a: Gyarados\n|-singleturn|p1a: Gyarados|Protect\n|move|p2a: Sneasler|Dire Claw|p1b: Talonflame\n|-damage|p1b: Talonflame|0 fnt\n|faint|p1b: Talonflame\n|move|p2b: Floette|Dazzling Gleam|p1a: Gyarados\n|-activate|p1a: Gyarados|move: Protect\n|\n|-sideend|p2: fyfyy|move: Tailwind\n|upkeep\n|\n|t:|1775988317\n|switch|p1b: Rotom|Rotom-Wash, L50|100/100\n|turn|5\n|\n|t:|1775988330\n|move|p2b: Floette|Protect|p2b: Floette\n|-singleturn|p2b: Floette|Protect\n|move|p1a: Gyarados|Waterfall|p2b: Floette\n|-activate|p2b: Floette|move: Protect\n|move|p2a: Sneasler|Close Combat|p1a: Gyarados\n|-supereffective|p1a: Gyarados|1\n|-damage|p1a: Gyarados|0 fnt\n|-unboost|p2a: Sneasler|def|1\n|-unboost|p2a: Sneasler|spd|1\n|faint|p1a: Gyarados\n|-enditem|p2a: Sneasler|White Herb\n|-clearnegativeboost|p2a: Sneasler|[silent]\n|move|p1b: Rotom|Hydro Pump|p2b: Floette\n|-activate|p2b: Floette|move: Protect\n|\n|upkeep\n|-message|becomingother forfeited.\n|\n|win|fyfyy\n|raw|becomingother's rating: 1330 &rarr; <strong>1309</strong><br />(-21 for losing)\n|raw|fyfyy's rating: 1320 &rarr; <strong>1341</strong><br />(+21 for winning)\n|l|\u2606becomingother\n|player|p1|\n|c|\u2606fyfyy|gg\n|l|\u2606fyfyy\n|player|p2|\n|l| wixlee\n",
  "uploadtime": 1775988477,
  "views": 32,
  "formatid": "gen9championsvgc2026regma",
  "rating": 1309,
  "private": 0,
  "password": null
}