{
  "id": "gen9championsvgc2026regma-2583931621",
  "format": "[Gen 9 Champions] VGC 2026 Reg M-A",
  "players": [
    "filipelima0617",
    "jeanmixed"
  ],
  "log": "|j|\u2606filipelima0617\n|j|\u2606jeanmixed\n|t:|1776209391\n|gametype|doubles\n|player|p1|filipelima0617|skier|\n|player|p2|jeanmixed|2|\n|gen|9\n|tier|[Gen 9 Champions] VGC 2026 Reg M-A\n|rule|Species Clause: Limit one of each Pok\u00e9mon\n|rule|Item Clause: Limit 1 of each item\n|clearpoke\n|poke|p1|Gardevoir, L50, F|\n|poke|p1|Toxapex, L50, F|\n|poke|p1|Rotom-Heat, L50|\n|poke|p1|Gengar, L50, M|\n|poke|p1|Dragonite, L50, M|\n|poke|p1|Mamoswine, L50, M|\n|poke|p2|Venusaur, L50, F|\n|poke|p2|Incineroar, L50, M|\n|poke|p2|Milotic, L50, M|\n|poke|p2|Aerodactyl, L50, M|\n|poke|p2|Sableye, L50, M|\n|poke|p2|Scizor, L50, M|\n|teampreview|4\n|\n|t:|1776209443\n|teamsize|p1|4\n|teamsize|p2|4\n|start\n|switch|p1a: Dragonite|Dragonite, L50, M|100/100\n|switch|p1b: Gengar|Gengar, L50, M|100/100\n|switch|p2a: Venusaur|Venusaur, L50, F, shiny|100/100\n|switch|p2b: Milotic|Milotic, L50, M|100/100\n|turn|1\n|\n|t:|1776209478\n|detailschange|p2a: Venusaur|Venusaur-Mega, L50, F, shiny\n|-mega|p2a: Venusaur|Venusaur|Venusaurite\n|move|p1b: Gengar|Taunt|p2a: Venusaur\n|-start|p2a: Venusaur|move: Taunt\n|move|p1a: Dragonite|Dragon Dance|p1a: Dragonite\n|-boost|p1a: Dragonite|atk|1\n|-boost|p1a: Dragonite|spe|1\n|move|p2a: Venusaur|Earth Power|p1b: Gengar\n|-supereffective|p1b: Gengar|1\n|-enditem|p1b: Gengar|Focus Sash\n|-damage|p1b: Gengar|1/100\n|move|p2b: Milotic|Ice Beam|p1a: Dragonite\n|-supereffective|p1a: Dragonite|2\n|-damage|p1a: Dragonite|34/100\n|\n|upkeep\n|turn|2\n|\n|t:|1776209518\n|switch|p2a: Incineroar|Incineroar, L50, M, shiny|100/100\n|-ability|p2a: Incineroar|Intimidate|boost\n|-unboost|p1a: Dragonite|atk|1\n|-unboost|p1b: Gengar|atk|1\n|move|p1a: Dragonite|Dragon Claw|p2a: Incineroar\n|-damage|p2a: Incineroar|62/100\n|move|p1b: Gengar|Sludge Bomb|p2b: Milotic\n|-damage|p2b: Milotic|69/100\n|move|p2b: Milotic|Ice Beam|p1a: Dragonite\n|-supereffective|p1a: Dragonite|2\n|-damage|p1a: Dragonite|0 fnt\n|faint|p1a: Dragonite\n|\n|-heal|p2b: Milotic|75/100|[from] item: Leftovers\n|upkeep\n|\n|t:|1776209549\n|switch|p1a: Gardevoir|Gardevoir, L50, F|100/100\n|turn|3\n|\n|t:|1776209594\n|switch|p2b: Scizor|Scizor, L50, M, shiny|100/100\n|detailschange|p1a: Gardevoir|Gardevoir-Mega, L50, F\n|-mega|p1a: Gardevoir|Gardevoir|Gardevoirite\n|move|p1b: Gengar|Protect|p1b: Gengar\n|-singleturn|p1b: Gengar|Protect\n|move|p2a: Incineroar|Fake Out|p1a: Gardevoir\n|-damage|p1a: Gardevoir|82/100\n|cant|p1a: Gardevoir|flinch\n|\n|upkeep\n|turn|4\n|\n|t:|1776209622\n|switch|p1a: Rotom|Rotom-Heat, L50|100/100\n|switch|p2a: Milotic|Milotic, L50, M|75/100\n|move|p2b: Scizor|Bullet Punch|p1a: Rotom\n|-resisted|p1a: Rotom|2\n|-damage|p1a: Rotom|93/100\n|move|p1b: Gengar|Sludge Bomb|p2a: Milotic\n|-damage|p2a: Milotic|40/100\n|-status|p2a: Milotic|psn\n|\n|-heal|p2a: Milotic|46/100 psn|[from] item: Leftovers\n|-damage|p2a: Milotic|34/100 psn|[from] psn\n|upkeep\n|turn|5\n|\n|t:|1776209649\n|move|p1b: Gengar|Protect|p1b: Gengar\n|-singleturn|p1b: Gengar|Protect\n|move|p1a: Rotom|Protect|p1a: Rotom\n|-singleturn|p1a: Rotom|Protect\n|move|p2b: Scizor|Bullet Punch|p1b: Gengar\n|-activate|p1b: Gengar|move: Protect\n|move|p2a: Milotic|Scald|p1a: Rotom\n|-activate|p1a: Rotom|move: Protect\n|\n|-heal|p2a: Milotic|40/100 psn|[from] item: Leftovers\n|-damage|p2a: Milotic|27/100 psn|[from] psn\n|upkeep\n|turn|6\n|\n|t:|1776209687\n|move|p2b: Scizor|Bullet Punch|p1b: Gengar\n|-damage|p1b: Gengar|0 fnt\n|faint|p1b: Gengar\n|move|p1a: Rotom|Overheat|p2b: Scizor\n|-supereffective|p2b: Scizor|2\n|-damage|p2b: Scizor|0 fnt\n|-unboost|p1a: Rotom|spa|2\n|faint|p2b: Scizor\n|move|p2a: Milotic|Scald|p1a: Rotom\n|-supereffective|p1a: Rotom|1\n|-damage|p1a: Rotom|9/100\n|-enditem|p1a: Rotom|Sitrus Berry|[eat]\n|-heal|p1a: Rotom|34/100|[from] item: Sitrus Berry\n|\n|-heal|p2a: Milotic|33/100 psn|[from] item: Leftovers\n|-damage|p2a: Milotic|21/100 psn|[from] psn\n|upkeep\n|\n|t:|1776209704\n|switch|p1b: Gardevoir|Gardevoir-Mega, L50, F|82/100\n|switch|p2b: Venusaur|Venusaur-Mega, L50, F, shiny|100/100\n|turn|7\n|\n|t:|1776209742\n|switch|p2b: Incineroar|Incineroar, L50, M, shiny|62/100\n|-ability|p2b: Incineroar|Intimidate|boost\n|-unboost|p1a: Rotom|atk|1\n|-unboost|p1b: Gardevoir|atk|1\n|move|p1a: Rotom|Protect|p1a: Rotom\n|-singleturn|p1a: Rotom|Protect\n|move|p2a: Milotic|Protect|p2a: Milotic\n|-singleturn|p2a: Milotic|Protect\n|move|p1b: Gardevoir|Psychic|p2b: Incineroar\n|-immune|p2b: Incineroar\n|\n|-heal|p2a: Milotic|27/100 psn|[from] item: Leftovers\n|-damage|p2a: Milotic|14/100 psn|[from] psn\n|upkeep\n|turn|8\n|\n|t:|1776209786\n|move|p1b: Gardevoir|Protect|p1b: Gardevoir\n|-singleturn|p1b: Gardevoir|Protect\n|move|p1a: Rotom|Thunderbolt|p2b: Incineroar\n|-damage|p2b: Incineroar|48/100\n|-enditem|p2b: Incineroar|Sitrus Berry|[eat]\n|-heal|p2b: Incineroar|72/100|[from] item: Sitrus Berry\n|move|p2a: Milotic|Scald|p1b: Gardevoir\n|-activate|p1b: Gardevoir|move: Protect\n|move|p2b: Incineroar|Darkest Lariat|p1b: Gardevoir\n|-activate|p1b: Gardevoir|move: Protect\n|\n|-heal|p2a: Milotic|20/100 psn|[from] item: Leftovers\n|-damage|p2a: Milotic|8/100 psn|[from] psn\n|upkeep\n|turn|9\n|\n|t:|1776209815\n|move|p1a: Rotom|Protect|p1a: Rotom\n|-singleturn|p1a: Rotom|Protect\n|move|p1b: Gardevoir|Hyper Voice|p2b: Incineroar|[spread] p2a,p2b\n|-damage|p2a: Milotic|0 fnt\n|-damage|p2b: Incineroar|21/100\n|faint|p2a: Milotic\n|move|p2b: Incineroar|Darkest Lariat|p1b: Gardevoir\n|-damage|p1b: Gardevoir|27/100\n|\n|upkeep\n|\n|t:|1776209824\n|switch|p2a: Venusaur|Venusaur-Mega, L50, F, shiny|100/100\n|turn|10\n|\n|t:|1776209861\n|move|p1b: Gardevoir|Protect|p1b: Gardevoir\n|-singleturn|p1b: Gardevoir|Protect\n|move|p2a: Venusaur|Protect|p2a: Venusaur\n|-singleturn|p2a: Venusaur|Protect\n|move|p1a: Rotom|Overheat|p2a: Venusaur\n|-activate|p2a: Venusaur|move: Protect\n|move|p2b: Incineroar|Darkest Lariat|p1b: Gardevoir\n|-activate|p1b: Gardevoir|move: Protect\n|\n|upkeep\n|turn|11\n|\n|t:|1776209891\n|move|p2a: Venusaur|Protect||[still]\n|-fail|p2a: Venusaur\n|move|p1b: Gardevoir|Psychic|p2a: Venusaur\n|-supereffective|p2a: Venusaur|1\n|-damage|p2a: Venusaur|0 fnt\n|faint|p2a: Venusaur\n|move|p1a: Rotom|Thunderbolt|p2b: Incineroar\n|-damage|p2b: Incineroar|6/100\n|move|p2b: Incineroar|Darkest Lariat|p1b: Gardevoir\n|-damage|p1b: Gardevoir|0 fnt\n|faint|p1b: Gardevoir\n|\n|upkeep\n|turn|12\n|\n|t:|1776209907\n|move|p1a: Rotom|Thunderbolt|p2b: Incineroar\n|-damage|p2b: Incineroar|0 fnt\n|faint|p2b: Incineroar\n|\n|win|filipelima0617\n",
  "uploadtime": 1776209912,
  "views": 17,
  "formatid": "gen9championsvgc2026regma",
  "rating": null,
  "private": 0,
  "password": null
}