{
  "id": "gen9championsvgc2026regma-2588523416",
  "format": "[Gen 9 Champions] VGC 2026 Reg M-A",
  "players": [
    "aroswing",
    "seattleseadrasfpl"
  ],
  "log": "|j|\u2606aroswing\n|j|\u2606seattleseadrasfpl\n|t:|1776641423\n|gametype|doubles\n|player|p1|aroswing|marnie|1277\n|player|p2|seattleseadrasfpl|fisherman-gen4|1368\n|gen|9\n|tier|[Gen 9 Champions] VGC 2026 Reg M-A\n|rated|\n|rule|Species Clause: Limit one of each Pok\u00e9mon\n|rule|Item Clause: Limit 1 of each item\n|clearpoke\n|poke|p1|Rotom-Wash, L50, shiny|\n|poke|p1|Aerodactyl, L50, M|\n|poke|p1|Gardevoir, L50, F, shiny|\n|poke|p1|Garchomp, L50, F|\n|poke|p1|Gallade, L50, M|\n|poke|p1|Floette-Eternal, L50, F|\n|poke|p2|Sneasler, L50, M|\n|poke|p2|Archaludon, L50, M|\n|poke|p2|Basculegion, L50, M|\n|poke|p2|Scovillain, L50, M|\n|poke|p2|Aerodactyl, L50, F|\n|poke|p2|Pelipper, L50, M|\n|teampreview|4\n|inactive|Battle timer is ON: inactive players will automatically lose when time's up. (requested by aroswing)\n|inactive|aroswing has 60 seconds left.\n|inactive|seattleseadrasfpl has 60 seconds left.\n|\n|t:|1776641463\n|teamsize|p1|4\n|teamsize|p2|4\n|start\n|switch|p1a: Garchomp|Garchomp, L50, F|100/100\n|switch|p1b: Gardevoir|Gardevoir, L50, F, shiny|100/100\n|switch|p2a: Sneasler|Sneasler, L50, M|100/100\n|switch|p2b: Scovillain|Scovillain, L50, M|100/100\n|turn|1\n|\n|t:|1776641491\n|detailschange|p2b: Scovillain|Scovillain-Mega, L50, M\n|-mega|p2b: Scovillain|Scovillain|Scovillainite\n|move|p2a: Sneasler|Fake Out|p1a: Garchomp\n|-damage|p1a: Garchomp|88/100\n|-damage|p2a: Sneasler|88/100|[from] ability: Rough Skin|[of] p1a: Garchomp\n|move|p2b: Scovillain|Rage Powder|p2b: Scovillain\n|-singleturn|p2b: Scovillain|move: Rage Powder\n|move|p1b: Gardevoir|Psychic|p2b: Scovillain\n|-damage|p2b: Scovillain|63/100\n|-status|p1b: Gardevoir|brn|[from] ability: Spicy Spray|[of] p2b: Scovillain\n|cant|p1a: Garchomp|flinch\n|\n|-damage|p1b: Gardevoir|94/100 brn|[from] brn\n|upkeep\n|turn|2\n|inactive|seattleseadrasfpl has 30 seconds left.\n|\n|t:|1776641521\n|move|p2b: Scovillain|Rage Powder|p2b: Scovillain\n|-singleturn|p2b: Scovillain|move: Rage Powder\n|move|p1b: Gardevoir|Psychic|p2b: Scovillain\n|-damage|p2b: Scovillain|23/100\n|move|p2a: Sneasler|Close Combat|p1a: Garchomp\n|-damage|p1a: Garchomp|29/100\n|-unboost|p2a: Sneasler|def|1\n|-unboost|p2a: Sneasler|spd|1\n|-damage|p2a: Sneasler|76/100|[from] ability: Rough Skin|[of] p1a: Garchomp\n|-enditem|p2a: Sneasler|White Herb\n|-clearnegativeboost|p2a: Sneasler|[silent]\n|move|p1a: Garchomp|Earthquake|p2a: Sneasler|[spread] p2a,p2b\n|-activate|p1b: Gardevoir|ability: Telepathy\n|-supereffective|p2a: Sneasler|1\n|-damage|p2a: Sneasler|0 fnt\n|-damage|p2b: Scovillain|0 fnt\n|-status|p1a: Garchomp|brn|[from] ability: Spicy Spray|[of] p2b: Scovillain\n|-enditem|p1a: Garchomp|Lum Berry|[eat]\n|-curestatus|p1a: Garchomp|brn|[msg]\n|faint|p2a: Sneasler\n|faint|p2b: Scovillain\n|\n|-damage|p1b: Gardevoir|88/100 brn|[from] brn\n|upkeep\n|\n|t:|1776641541\n|switch|p2a: Pelipper|Pelipper, L50, M|100/100\n|switch|p2b: Archaludon|Archaludon, L50, M|100/100\n|-weather|RainDance|[from] ability: Drizzle|[of] p2a: Pelipper\n|turn|3\n|inactive|seattleseadrasfpl has 30 seconds left.\n|\n|t:|1776641569\n|move|p2b: Archaludon|Flash Cannon|p1b: Gardevoir\n|-supereffective|p1b: Gardevoir|1\n|-damage|p1b: Gardevoir|0 fnt\n|faint|p1b: Gardevoir\n|move|p1a: Garchomp|Earthquake|p2a: Pelipper|[spread] p2b\n|-immune|p2a: Pelipper\n|-supereffective|p2b: Archaludon|1\n|-damage|p2b: Archaludon|35/100\n|move|p2a: Pelipper|Tailwind|p2a: Pelipper\n|-sidestart|p2: seattleseadrasfpl|move: Tailwind\n|\n|-weather|RainDance|[upkeep]\n|upkeep\n|\n|t:|1776641583\n|switch|p1b: Aerodactyl|Aerodactyl, L50, M|100/100\n|-ability|p1b: Aerodactyl|Unnerve\n|turn|4\n|\n|t:|1776641592\n|move|p2b: Archaludon|Flash Cannon|p1b: Aerodactyl\n|-supereffective|p1b: Aerodactyl|1\n|-enditem|p1b: Aerodactyl|Focus Sash\n|-damage|p1b: Aerodactyl|1/100\n|move|p2a: Pelipper|Weather Ball|p1b: Aerodactyl\n|-supereffective|p1b: Aerodactyl|1\n|-damage|p1b: Aerodactyl|0 fnt\n|faint|p1b: Aerodactyl\n|move|p1a: Garchomp|Earthquake|p2b: Archaludon|[spread] p2b\n|-immune|p2a: Pelipper\n|-supereffective|p2b: Archaludon|1\n|-damage|p2b: Archaludon|0 fnt\n|faint|p2b: Archaludon\n|\n|-weather|RainDance|[upkeep]\n|upkeep\n|\n|t:|1776641604\n|switch|p1b: Floette|Floette-Eternal, L50, F|100/100\n|turn|5\n|\n|t:|1776641619\n|detailschange|p1b: Floette|Floette-Mega, L50, F\n|-mega|p1b: Floette|Floette|Floettite\n|-ability|p1b: Floette|Fairy Aura\n|move|p2a: Pelipper|Hurricane|p1b: Floette\n|-damage|p1b: Floette|69/100\n|-start|p1b: Floette|confusion\n|move|p1a: Garchomp|Rock Slide|p2a: Pelipper\n|-supereffective|p2a: Pelipper|1\n|-damage|p2a: Pelipper|36/100\n|-enditem|p2a: Pelipper|Sitrus Berry|[eat]\n|-heal|p2a: Pelipper|60/100|[from] item: Sitrus Berry\n|-activate|p1b: Floette|confusion\n|move|p1b: Floette|Moonblast|p2a: Pelipper\n|-damage|p2a: Pelipper|0 fnt\n|faint|p2a: Pelipper\n|\n|win|aroswing\n|raw|aroswing's rating: 1277 &rarr; <strong>1308</strong><br />(+31 for winning)\n|raw|seattleseadrasfpl's rating: 1368 &rarr; <strong>1343</strong><br />(-25 for losing)\n|l|\u2606seattleseadrasfpl\n|player|p2|\n",
  "uploadtime": 1776641633,
  "views": 9,
  "formatid": "gen9championsvgc2026regma",
  "rating": 1308,
  "private": 0,
  "password": null
}