{
  "id": "gen9championsvgc2026regma-2580861174",
  "format": "[Gen 9 Champions] VGC 2026 Reg M-A",
  "players": [
    "tusssk",
    "yuriimon"
  ],
  "log": "|j|\u2606tusssk\n|j|\u2606yuriimon\n|t:|1775938505\n|gametype|doubles\n|player|p1|tusssk|koga|1180\n|player|p2|yuriimon|waitress-gen4|1112\n|gen|9\n|tier|[Gen 9 Champions] VGC 2026 Reg M-A\n|rated|\n|rule|Species Clause: Limit one of each Pok\u00e9mon\n|rule|Item Clause: Limit 1 of each item\n|clearpoke\n|poke|p1|Torkoal, L50, M|\n|poke|p1|Incineroar, L50, M|\n|poke|p1|Wyrdeer, L50, M|\n|poke|p1|Venusaur, L50, M|\n|poke|p1|Victreebel, L50, M|\n|poke|p1|Milotic, L50, M|\n|poke|p2|Floette-Eternal, L50, F|\n|poke|p2|Maushold-Four, L50|\n|poke|p2|Glimmora, L50, M|\n|poke|p2|Talonflame, L50, F|\n|poke|p2|Garchomp, L50, F|\n|poke|p2|Farigiraf, L50, F|\n|teampreview|4\n|inactive|Battle timer is ON: inactive players will automatically lose when time's up. (requested by yuriimon)\n|\n|t:|1775938534\n|teamsize|p1|4\n|teamsize|p2|4\n|start\n|switch|p1a: Incineroar|Incineroar, L50, M|100/100\n|switch|p1b: Wyrdeer|Wyrdeer, L50, M|100/100\n|switch|p2a: Floette|Floette-Eternal, L50, F|100/100\n|switch|p2b: Talonflame|Talonflame, L50, F|100/100\n|-ability|p1a: Incineroar|Intimidate|boost\n|-unboost|p2a: Floette|atk|1\n|-unboost|p2b: Talonflame|atk|1\n|-ability|p1b: Wyrdeer|Intimidate|boost\n|-unboost|p2a: Floette|atk|1\n|-unboost|p2b: Talonflame|atk|1\n|turn|1\n|\n|t:|1775938547\n|switch|p2b: Farigiraf|Farigiraf, L50, F|100/100\n|detailschange|p2a: Floette|Floette-Mega, L50, F\n|-mega|p2a: Floette|Floette|Floettite\n|-ability|p2a: Floette|Fairy Aura\n|move|p2a: Floette|Light of Ruin|p1b: Wyrdeer\n|-damage|p1b: Wyrdeer|0 fnt\n|faint|p1b: Wyrdeer\n|-damage|p2a: Floette|42/100|[from] Recoil\n|move|p1a: Incineroar|Parting Shot|p2a: Floette\n|-unboost|p2a: Floette|atk|1\n|-unboost|p2a: Floette|spa|1\n|\n|t:|1775938566\n|switch|p1a: Victreebel|Victreebel, L50, M|100/100|[from] Parting Shot\n|\n|upkeep\n|\n|t:|1775938573\n|switch|p1b: Incineroar|Incineroar, L50, M|100/100\n|-ability|p1b: Incineroar|Intimidate|boost\n|-unboost|p2a: Floette|atk|1\n|-unboost|p2b: Farigiraf|atk|1\n|turn|2\n|\n|t:|1775938582\n|move|p2a: Floette|Protect|p2a: Floette\n|-singleturn|p2a: Floette|Protect\n|move|p1a: Victreebel|Sleep Powder|p2b: Farigiraf\n|-status|p2b: Farigiraf|slp|[from] move: Sleep Powder\n|move|p1b: Incineroar|Flare Blitz|p2a: Floette\n|-activate|p2a: Floette|move: Protect\n|cant|p2b: Farigiraf|slp\n|\n|upkeep\n|turn|3\n|\n|t:|1775938605\n|detailschange|p1a: Victreebel|Victreebel-Mega, L50, M\n|-mega|p1a: Victreebel|Victreebel|Victreebelite\n|move|p2a: Floette|Light of Ruin|p1a: Victreebel\n|-resisted|p1a: Victreebel|1\n|-damage|p1a: Victreebel|63/100\n|-damage|p2a: Floette|23/100|[from] Recoil\n|move|p1a: Victreebel|Sludge Bomb|p2b: Farigiraf\n|-damage|p2b: Farigiraf|60/100 slp\n|move|p1b: Incineroar|Darkest Lariat|p2b: Farigiraf\n|-supereffective|p2b: Farigiraf|1\n|-damage|p2b: Farigiraf|0 fnt\n|faint|p2b: Farigiraf\n|\n|upkeep\n|\n|t:|1775938616\n|switch|p2b: Talonflame|Talonflame, L50, F|100/100\n|turn|4\n|\n|t:|1775938627\n|switch|p2a: Glimmora|Glimmora, L50, M|100/100\n|switch|p1a: Milotic|Milotic, L50, M|100/100\n|move|p2b: Talonflame|Brave Bird|p1a: Milotic\n|-damage|p1a: Milotic|39/100\n|-damage|p2b: Talonflame|74/100|[from] Recoil\n|move|p1b: Incineroar|Flare Blitz|p2a: Glimmora\n|-resisted|p2a: Glimmora|1\n|-damage|p2a: Glimmora|70/100\n|-activate|p2a: Glimmora|ability: Toxic Debris\n|-sidestart|p1: tusssk|move: Toxic Spikes\n|-damage|p1b: Incineroar|93/100|[from] Recoil\n|\n|upkeep\n|turn|5\n|\n|t:|1775938651\n|switch|p1b: Victreebel|Victreebel-Mega, L50, M|63/100\n|-sideend|p1: tusssk|move: Toxic Spikes|[of] p1b: Victreebel\n|move|p2b: Talonflame|Tailwind|p2b: Talonflame\n|-sidestart|p2: yuriimon|move: Tailwind\n|move|p2a: Glimmora|Power Gem|p1b: Victreebel\n|-damage|p1b: Victreebel|19/100\n|move|p1a: Milotic|Scald|p2a: Glimmora\n|-supereffective|p2a: Glimmora|1\n|-damage|p2a: Glimmora|0 fnt\n|faint|p2a: Glimmora\n|\n|upkeep\n|\n|t:|1775938660\n|switch|p2a: Floette|Floette-Mega, L50, F|23/100\n|-ability|p2a: Floette|Fairy Aura\n|turn|6\n|\n|t:|1775938676\n|move|p2b: Talonflame|Flare Blitz|p1b: Victreebel\n|-supereffective|p1b: Victreebel|1\n|-damage|p1b: Victreebel|0 fnt\n|-damage|p2b: Talonflame|51/100|[from] ability: Innards Out|[of] p1b: Victreebel\n|faint|p1b: Victreebel\n|-damage|p2b: Talonflame|43/100|[from] Recoil\n|move|p2a: Floette|Moonblast|p1a: Milotic\n|-damage|p1a: Milotic|0 fnt\n|faint|p1a: Milotic\n|\n|upkeep\n|\n|t:|1775938685\n|switch|p1b: Incineroar|Incineroar, L50, M|93/100\n|-ability|p1b: Incineroar|Intimidate|boost\n|-unboost|p2a: Floette|atk|1\n|-unboost|p2b: Talonflame|atk|1\n|turn|7\n|\n|t:|1775938697\n|move|p2b: Talonflame|Protect|p2b: Talonflame\n|-singleturn|p2b: Talonflame|Protect\n|move|p2a: Floette|Protect|p2a: Floette\n|-singleturn|p2a: Floette|Protect\n|move|p1b: Incineroar|Flare Blitz|p2a: Floette\n|-activate|p2a: Floette|move: Protect\n|\n|upkeep\n|turn|8\n|\n|t:|1775938712\n|move|p2b: Talonflame|Brave Bird|p1b: Incineroar\n|-damage|p1b: Incineroar|67/100\n|-damage|p2b: Talonflame|32/100|[from] Recoil\n|move|p2a: Floette|Light of Ruin|p1b: Incineroar\n|-damage|p1b: Incineroar|0 fnt\n|faint|p1b: Incineroar\n|-damage|p2a: Floette|0 fnt|[from] Recoil\n|faint|p2a: Floette\n|\n|win|yuriimon\n|raw|tusssk's rating: 1180 &rarr; <strong>1150</strong><br />(-30 for losing)\n|raw|yuriimon's rating: 1112 &rarr; <strong>1142</strong><br />(+30 for winning)\n|c|\u2606yuriimon|gg\n",
  "uploadtime": 1775938725,
  "views": 14,
  "formatid": "gen9championsvgc2026regma",
  "rating": 1142,
  "private": 0,
  "password": null
}