{
  "id": "gen9championsvgc2026regma-2587932352",
  "format": "[Gen 9 Champions] VGC 2026 Reg M-A",
  "players": [
    "Stardustprincess",
    "John pokepaste"
  ],
  "log": "|j|\u2606Stardustprincess\n|j|\u2606John pokepaste\n|t:|1776580938\n|gametype|doubles\n|player|p1|Stardustprincess|idol|1159\n|player|p2|John pokepaste|fisherman|1252\n|gen|9\n|tier|[Gen 9 Champions] VGC 2026 Reg M-A\n|rated|\n|rule|Species Clause: Limit one of each Pok\u00e9mon\n|rule|Item Clause: Limit 1 of each item\n|clearpoke\n|poke|p1|Farigiraf, L50, F|\n|poke|p1|Incineroar, L50, M|\n|poke|p1|Milotic, L50, M|\n|poke|p1|Drampa, L50, M|\n|poke|p1|Scovillain, L50, F|\n|poke|p1|Ninetales-Alola, L50, M|\n|poke|p2|Snorlax, L50, F|\n|poke|p2|Gengar, L50, F|\n|poke|p2|Sneasler, L50, F|\n|poke|p2|Sinistcha, L50|\n|poke|p2|Kingambit, L50, F|\n|poke|p2|Garchomp, L50, F|\n|teampreview|4\n|\n|t:|1776580981\n|teamsize|p1|4\n|teamsize|p2|4\n|start\n|switch|p1a: Scovillain|Scovillain, L50, F|100/100\n|switch|p1b: Ninetales|Ninetales-Alola, L50, M|100/100\n|switch|p2a: Gengar|Gengar, L50, F|100/100\n|switch|p2b: Kingambit|Kingambit, L50, F|100/100\n|-weather|Snowscape|[from] ability: Snow Warning|[of] p1b: Ninetales\n|turn|1\n|\n|t:|1776581001\n|switch|p2b: Snorlax|Snorlax, L50, F|100/100\n|detailschange|p2a: Gengar|Gengar-Mega, L50, F\n|-mega|p2a: Gengar|Gengar|Gengarite\n|detailschange|p1a: Scovillain|Scovillain-Mega, L50, F\n|-mega|p1a: Scovillain|Scovillain|Scovillainite\n|move|p1b: Ninetales|Protect|p1b: Ninetales\n|-singleturn|p1b: Ninetales|Protect\n|move|p2a: Gengar|Sludge Bomb|p1b: Ninetales\n|-activate|p1b: Ninetales|move: Protect\n|move|p1a: Scovillain|Leech Seed|p2a: Gengar\n|-start|p2a: Gengar|move: Leech Seed\n|\n|-weather|Snowscape|[upkeep]\n|-damage|p2a: Gengar|88/100|[from] Leech Seed|[of] p1a: Scovillain\n|upkeep\n|turn|2\n|\n|t:|1776581025\n|move|p1a: Scovillain|Rage Powder|p1a: Scovillain\n|-singleturn|p1a: Scovillain|move: Rage Powder\n|move|p2a: Gengar|Sludge Bomb|p1a: Scovillain\n|-supereffective|p1a: Scovillain|1\n|-damage|p1a: Scovillain|0 fnt\n|-status|p2a: Gengar|brn|[from] ability: Spicy Spray|[of] p1a: Scovillain\n|faint|p1a: Scovillain\n|move|p1b: Ninetales|Aurora Veil|p1b: Ninetales\n|-sidestart|p1: Stardustprincess|move: Aurora Veil\n|move|p2b: Snorlax|Yawn|p1b: Ninetales\n|-start|p1b: Ninetales|move: Yawn|[of] p2b: Snorlax\n|\n|-weather|Snowscape|[upkeep]\n|-damage|p2a: Gengar|82/100 brn|[from] brn\n|upkeep\n|\n|t:|1776581041\n|switch|p1a: Farigiraf|Farigiraf, L50, F|100/100\n|turn|3\n|\n|t:|1776581052\n|move|p2a: Gengar|Protect|p2a: Gengar\n|-singleturn|p2a: Gengar|Protect\n|move|p1b: Ninetales|Blizzard|p2a: Gengar|[spread] p2b\n|-activate|p2a: Gengar|move: Protect\n|-damage|p2b: Snorlax|90/100\n|move|p2b: Snorlax|Yawn|p1a: Farigiraf\n|-start|p1a: Farigiraf|move: Yawn|[of] p2b: Snorlax\n|move|p1a: Farigiraf|Trick Room|p1a: Farigiraf\n|-fieldstart|move: Trick Room|[of] p1a: Farigiraf\n|\n|-weather|Snowscape|[upkeep]\n|-heal|p2b: Snorlax|96/100|[from] item: Leftovers\n|-damage|p2a: Gengar|70/100 brn|[from] Leech Seed|[of] p1a: Farigiraf\n|-damage|p2a: Gengar|64/100 brn|[from] brn\n|-end|p1b: Ninetales|move: Yawn|[silent]\n|-status|p1b: Ninetales|slp\n|upkeep\n|turn|4\n|\n|t:|1776581068\n|switch|p2a: Kingambit|Kingambit, L50, F|100/100\n|move|p2b: Snorlax|Double-Edge|p1b: Ninetales\n|-damage|p1b: Ninetales|65/100 slp\n|-damage|p2b: Snorlax|90/100|[from] Recoil\n|move|p1a: Farigiraf|Twin Beam|p2a: Kingambit\n|-immune|p2a: Kingambit\n|cant|p1b: Ninetales|slp\n|\n|-weather|Snowscape|[upkeep]\n|-heal|p2b: Snorlax|96/100|[from] item: Leftovers\n|-end|p1a: Farigiraf|move: Yawn|[silent]\n|-status|p1a: Farigiraf|slp\n|upkeep\n|turn|5\n|-message|Stardustprincess forfeited.\n|\n|win|John pokepaste\n|raw|Stardustprincess's rating: 1159 &rarr; <strong>1141</strong><br />(-18 for losing)\n|raw|John pokepaste's rating: 1252 &rarr; <strong>1270</strong><br />(+18 for winning)\n|l|\u2606Stardustprincess\n|player|p1|\n",
  "uploadtime": 1776581121,
  "views": 28,
  "formatid": "gen9championsvgc2026regma",
  "rating": 1141,
  "private": 0,
  "password": null
}