{
  "id": "gen9championsvgc2026regma-2581039244",
  "format": "[Gen 9 Champions] VGC 2026 Reg M-A",
  "players": [
    "synchro3",
    "Furren't"
  ],
  "log": "|j|\u2606synchro3\n|j|\u2606Furren't\n|t:|1775954145\n|gametype|doubles\n|player|p1|synchro3|iris-gen5bw2|1092\n|player|p2|Furren't|170|1118\n|gen|9\n|tier|[Gen 9 Champions] VGC 2026 Reg M-A\n|rated|\n|rule|Species Clause: Limit one of each Pok\u00e9mon\n|rule|Item Clause: Limit 1 of each item\n|clearpoke\n|poke|p1|Hawlucha, L50, F|\n|poke|p1|Excadrill, L50, M|\n|poke|p1|Tyranitar, L50, F|\n|poke|p1|Incineroar, L50, F|\n|poke|p1|Whimsicott, L50, M|\n|poke|p1|Altaria, L50, M|\n|poke|p2|Kingambit, L50, F|\n|poke|p2|Hawlucha, L50, F|\n|poke|p2|Sinistcha, L50|\n|poke|p2|Farigiraf, L50, M|\n|poke|p2|Floette-Eternal, L50, F|\n|poke|p2|Incineroar, L50, F|\n|teampreview|4\n|c|\u2606Furren't|oh lets go\n|c|\u2606Furren't|another intelligent trolling gentleperson\n|c|\u2606Furren't|a sign of life\n|\n|t:|1775954189\n|teamsize|p1|4\n|teamsize|p2|4\n|start\n|switch|p1a: Hawlucha|Hawlucha, L50, F|100/100\n|switch|p1b: Excadrill|Excadrill, L50, M|100/100\n|switch|p2a: Hawlucha|Hawlucha, L50, F|100/100\n|switch|p2b: Kingambit|Kingambit, L50, F|100/100\n|turn|1\n|\n|t:|1775954202\n|detailschange|p2a: Hawlucha|Hawlucha-Mega, L50, F\n|-mega|p2a: Hawlucha|Hawlucha|Hawluchanite\n|detailschange|p1a: Hawlucha|Hawlucha-Mega, L50, F\n|-mega|p1a: Hawlucha|Hawlucha|Hawluchanite\n|move|p2b: Kingambit|Sucker Punch|p1b: Excadrill\n|-damage|p1b: Excadrill|37/100\n|move|p1a: Hawlucha|Entrainment|p1b: Excadrill\n|-ability|p1b: Excadrill|No Guard|Sand Rush|[from] move: Entrainment|[of] p1a: Hawlucha\n|move|p2a: Hawlucha|Close Combat|p1b: Excadrill\n|-supereffective|p1b: Excadrill|1\n|-damage|p1b: Excadrill|0 fnt\n|-unboost|p2a: Hawlucha|def|1\n|-unboost|p2a: Hawlucha|spd|1\n|faint|p1b: Excadrill\n|\n|upkeep\n|\n|t:|1775954220\n|switch|p1b: Incineroar|Incineroar, L50, F|100/100\n|-ability|p1b: Incineroar|Intimidate|boost\n|-unboost|p2a: Hawlucha|atk|1\n|-unboost|p2b: Kingambit|atk|1\n|-ability|p2b: Kingambit|Defiant|boost\n|-boost|p2b: Kingambit|atk|2\n|turn|2\n|\n|t:|1775954250\n|move|p2a: Hawlucha|Protect|p2a: Hawlucha\n|-singleturn|p2a: Hawlucha|Protect\n|move|p2b: Kingambit|Protect|p2b: Kingambit\n|-singleturn|p2b: Kingambit|Protect\n|move|p1b: Incineroar|Fake Out|p2b: Kingambit\n|-activate|p2b: Kingambit|move: Protect\n|move|p1a: Hawlucha|Brave Bird|p2a: Hawlucha\n|-activate|p2a: Hawlucha|move: Protect\n|\n|upkeep\n|turn|3\n|\n|t:|1775954267\n|move|p2b: Kingambit|Sucker Punch|p1a: Hawlucha\n|-resisted|p1a: Hawlucha|1\n|-damage|p1a: Hawlucha|62/100\n|move|p1a: Hawlucha|Stone Edge|p2a: Hawlucha\n|-damage|p2a: Hawlucha|34/100\n|move|p2a: Hawlucha|Brave Bird|p1a: Hawlucha\n|-supereffective|p1a: Hawlucha|1\n|-damage|p1a: Hawlucha|0 fnt\n|faint|p1a: Hawlucha\n|-damage|p2a: Hawlucha|13/100|[from] Recoil\n|move|p1b: Incineroar|Flare Blitz|p2b: Kingambit\n|-supereffective|p2b: Kingambit|1\n|-damage|p2b: Kingambit|0 fnt\n|faint|p2b: Kingambit\n|-damage|p1b: Incineroar|67/100|[from] Recoil\n|\n|upkeep\n|\n|t:|1775954285\n|switch|p1a: Tyranitar|Tyranitar, L50, F|100/100\n|switch|p2b: Sinistcha|Sinistcha, L50|100/100\n|-weather|Sandstorm|[from] ability: Sand Stream|[of] p1a: Tyranitar\n|-heal|p2a: Hawlucha|38/100|[from] ability: Hospitality|[of] p2b: Sinistcha\n|turn|4\n|\n|t:|1775954305\n|move|p2a: Hawlucha|Protect|p2a: Hawlucha\n|-singleturn|p2a: Hawlucha|Protect\n|move|p2b: Sinistcha|Protect|p2b: Sinistcha\n|-singleturn|p2b: Sinistcha|Protect\n|move|p1a: Tyranitar|Protect|p1a: Tyranitar\n|-singleturn|p1a: Tyranitar|Protect\n|move|p1b: Incineroar|Flare Blitz|p2b: Sinistcha\n|-activate|p2b: Sinistcha|move: Protect\n|\n|-weather|Sandstorm|[upkeep]\n|-damage|p2a: Hawlucha|32/100|[from] Sandstorm\n|-damage|p2b: Sinistcha|94/100|[from] Sandstorm\n|-damage|p1b: Incineroar|61/100|[from] Sandstorm\n|upkeep\n|turn|5\n|\n|t:|1775954319\n|move|p2b: Sinistcha|Rage Powder|p2b: Sinistcha\n|-singleturn|p2b: Sinistcha|move: Rage Powder\n|move|p2a: Hawlucha|Close Combat|p1a: Tyranitar\n|-supereffective|p1a: Tyranitar|2\n|-damage|p1a: Tyranitar|0 fnt\n|-unboost|p2a: Hawlucha|def|1\n|-unboost|p2a: Hawlucha|spd|1\n|faint|p1a: Tyranitar\n|move|p1b: Incineroar|Flare Blitz|p2b: Sinistcha\n|-supereffective|p2b: Sinistcha|1\n|-damage|p2b: Sinistcha|0 fnt\n|faint|p2b: Sinistcha\n|-damage|p1b: Incineroar|34/100|[from] Recoil\n|\n|-weather|Sandstorm|[upkeep]\n|-damage|p2a: Hawlucha|26/100|[from] Sandstorm\n|-damage|p1b: Incineroar|28/100|[from] Sandstorm\n|upkeep\n|\n|t:|1775954323\n|switch|p2b: Floette|Floette-Eternal, L50, F|100/100\n|turn|6\n|\n|t:|1775954336\n|move|p2a: Hawlucha|Close Combat|p1b: Incineroar\n|-supereffective|p1b: Incineroar|1\n|-damage|p1b: Incineroar|0 fnt\n|-unboost|p2a: Hawlucha|def|1\n|-unboost|p2a: Hawlucha|spd|1\n|faint|p1b: Incineroar\n|\n|win|Furren't\n|raw|synchro3's rating: 1092 &rarr; <strong>1070</strong><br />(-22 for losing)\n|raw|Furren&apos;t's rating: 1118 &rarr; <strong>1141</strong><br />(+23 for winning)\n|l|\u2606synchro3\n|player|p1|\n",
  "uploadtime": 1775954341,
  "views": 11,
  "formatid": "gen9championsvgc2026regma",
  "rating": 1070,
  "private": 0,
  "password": null
}