{
  "id": "gen9championsvgc2026regma-2580742233",
  "format": "[Gen 9 Champions] VGC 2026 Reg M-A",
  "players": [
    "grok how do i win?",
    "nobeigar"
  ],
  "log": "|j|\u2606grok how do i win?\n|j|\u2606nobeigar\n|t:|1775928767\n|gametype|doubles\n|player|p1|grok how do i win?|2|1125\n|player|p2|nobeigar|169|1150\n|gen|9\n|tier|[Gen 9 Champions] VGC 2026 Reg M-A\n|rated|\n|rule|Species Clause: Limit one of each Pok\u00e9mon\n|rule|Item Clause: Limit 1 of each item\n|clearpoke\n|poke|p1|Charizard, L50, M|\n|poke|p1|Venusaur, L50, M|\n|poke|p1|Garchomp, L50, F|\n|poke|p1|Incineroar, L50, M|\n|poke|p1|Whimsicott, L50, F|\n|poke|p1|Raichu, L50, M|\n|poke|p2|Starmie, L50|\n|poke|p2|Pelipper, L50, M|\n|poke|p2|Kingambit, L50, M|\n|poke|p2|Incineroar, L50, M|\n|poke|p2|Archaludon, L50, F|\n|poke|p2|Whimsicott, L50, M|\n|teampreview|4\n|\n|t:|1775928803\n|teamsize|p1|4\n|teamsize|p2|4\n|start\n|switch|p1a: Charizard|Charizard, L50, M, shiny|100/100\n|switch|p1b: Whimsicott|Whimsicott, L50, F, shiny|100/100\n|switch|p2a: Lalaura|Whimsicott, L50, M, shiny|100/100\n|switch|p2b: Tikitiki|Incineroar, L50, M|100/100\n|-ability|p2b: Tikitiki|Intimidate|boost\n|-unboost|p1a: Charizard|atk|1\n|-unboost|p1b: Whimsicott|atk|1\n|turn|1\n|\n|t:|1775928854\n|move|p1a: Charizard|Protect|p1a: Charizard\n|-singleturn|p1a: Charizard|Protect\n|move|p2b: Tikitiki|Fake Out|p1a: Charizard\n|-activate|p1a: Charizard|move: Protect\n|move|p1b: Whimsicott|Tailwind|p1b: Whimsicott\n|-sidestart|p1: grok how do i win?|move: Tailwind\n|move|p2a: Lalaura|Tailwind|p2a: Lalaura\n|-sidestart|p2: nobeigar|move: Tailwind\n|\n|upkeep\n|turn|2\n|inactive|Battle timer is ON: inactive players will automatically lose when time's up. (requested by nobeigar)\n|\n|t:|1775928875\n|detailschange|p1a: Charizard|Charizard-Mega-Y, L50, M, shiny\n|-mega|p1a: Charizard|Charizard|Charizardite Y\n|-weather|SunnyDay|[from] ability: Drought|[of] p1a: Charizard\n|move|p2a: Lalaura|Protect|p2a: Lalaura\n|-singleturn|p2a: Lalaura|Protect\n|move|p1b: Whimsicott|Moonblast|p2b: Tikitiki\n|-damage|p2b: Tikitiki|75/100\n|move|p1a: Charizard|Heat Wave|p2b: Tikitiki|[spread] p2b\n|-activate|p2a: Lalaura|move: Protect\n|-resisted|p2b: Tikitiki|1\n|-damage|p2b: Tikitiki|47/100\n|-enditem|p2b: Tikitiki|Sitrus Berry|[eat]\n|-heal|p2b: Tikitiki|71/100|[from] item: Sitrus Berry\n|move|p2b: Tikitiki|Flare Blitz|p1b: Whimsicott\n|-supereffective|p1b: Whimsicott|1\n|-damage|p1b: Whimsicott|0 fnt\n|faint|p1b: Whimsicott\n|-damage|p2b: Tikitiki|41/100|[from] Recoil\n|\n|-weather|SunnyDay|[upkeep]\n|upkeep\n|\n|t:|1775928899\n|switch|p1b: Venusaur|Venusaur, L50, M, shiny|100/100\n|turn|3\n|\n|t:|1775928909\n|switch|p2a: Buche|Pelipper, L50, M|100/100\n|-weather|RainDance|[from] ability: Drizzle|[of] p2a: Buche\n|move|p2b: Tikitiki|Protect|p2b: Tikitiki\n|-singleturn|p2b: Tikitiki|Protect\n|move|p1a: Charizard|Heat Wave|p2b: Tikitiki|[spread] p2a\n|-activate|p2b: Tikitiki|move: Protect\n|-resisted|p2a: Buche|1\n|-damage|p2a: Buche|86/100\n|move|p1b: Venusaur|Sludge Bomb|p2a: Buche\n|-damage|p2a: Buche|34/100\n|-status|p2a: Buche|psn\n|\n|-weather|RainDance|[upkeep]\n|-damage|p2a: Buche|22/100 psn|[from] psn\n|upkeep\n|turn|4\n|inactive|grok how do i win? has 30 seconds left.\n|inactive|nobeigar has 30 seconds left.\n|inactive|grok how do i win? has 20 seconds left.\n|inactive|grok how do i win? has 15 seconds left.\n|inactive|grok how do i win? has 10 seconds left.\n|\n|t:|1775928957\n|switch|p2a: Lalaura|Whimsicott, L50, M, shiny|100/100\n|move|p1a: Charizard|Air Slash|p2b: Tikitiki\n|-damage|p2b: Tikitiki|0 fnt\n|faint|p2b: Tikitiki\n|move|p1b: Venusaur|Sludge Bomb|p2a: Lalaura\n|-supereffective|p2a: Lalaura|2\n|-enditem|p2a: Lalaura|Focus Sash\n|-damage|p2a: Lalaura|1/100\n|-status|p2a: Lalaura|psn\n|\n|-weather|RainDance|[upkeep]\n|-damage|p2a: Lalaura|0 fnt|[from] psn\n|faint|p2a: Lalaura\n|-sideend|p1: grok how do i win?|move: Tailwind\n|-sideend|p2: nobeigar|move: Tailwind\n|upkeep\n|\n|t:|1775928966\n|switch|p2a: Buche|Pelipper, L50, M|22/100 psn\n|switch|p2b: Patotas|Starmie, L50, shiny|100/100\n|turn|5\n|\n|t:|1775928977\n|detailschange|p2b: Patotas|Starmie-Mega, L50, shiny\n|-mega|p2b: Patotas|Starmie|Starminite\n|move|p2b: Patotas|Zen Headbutt|p1b: Venusaur\n|-supereffective|p1b: Venusaur|1\n|-enditem|p1b: Venusaur|Focus Sash\n|-damage|p1b: Venusaur|1/100\n|move|p1a: Charizard|Air Slash|p2a: Buche\n|-damage|p2a: Buche|0 fnt\n|faint|p2a: Buche\n|move|p1b: Venusaur|Giga Drain|p2b: Patotas\n|-supereffective|p2b: Patotas|1\n|-crit|p2b: Patotas\n|-damage|p2b: Patotas|0 fnt\n|-heal|p1b: Venusaur|46/100|[from] drain|[of] p2b: Patotas\n|faint|p2b: Patotas\n|\n|win|grok how do i win?\n|raw|grok how do i win?'s rating: 1125 &rarr; <strong>1152</strong><br />(+27 for winning)\n|raw|nobeigar's rating: 1150 &rarr; <strong>1123</strong><br />(-27 for losing)\n|l|\u2606nobeigar\n|player|p2|\n",
  "uploadtime": 1775928989,
  "views": 13,
  "formatid": "gen9championsvgc2026regma",
  "rating": 1123,
  "private": 0,
  "password": null
}