{
  "id": "gen9championsvgc2026regma-2588677239",
  "format": "[Gen 9 Champions] VGC 2026 Reg M-A",
  "players": [
    "lakeandbake",
    "Voraxu"
  ],
  "log": "|j|\u203dlakeandbake\n|j|\u2606Voraxu\n|t:|1776656669\n|gametype|doubles\n|player|p1|lakeandbake|iono-masters|1131\n|player|p2|Voraxu|cynthia-gen4|1086\n|gen|9\n|tier|[Gen 9 Champions] VGC 2026 Reg M-A\n|rated|\n|rule|Species Clause: Limit one of each Pok\u00e9mon\n|rule|Item Clause: Limit 1 of each item\n|clearpoke\n|poke|p1|Incineroar, L50, M, shiny|\n|poke|p1|Floette-Eternal, L50, F|\n|poke|p1|Delphox, L50, M|\n|poke|p1|Garchomp, L50, M|\n|poke|p1|Aerodactyl, L50, M|\n|poke|p1|Maushold, L50|\n|poke|p2|Tyranitar, L50, M|\n|poke|p2|Garchomp, L50, F|\n|poke|p2|Whimsicott, L50, M, shiny|\n|poke|p2|Rotom-Wash, L50, shiny|\n|poke|p2|Talonflame, L50, F|\n|poke|p2|Aegislash, L50, F, shiny|\n|teampreview|4\n|inactive|Battle timer is ON: inactive players will automatically lose when time's up. (requested by Voraxu)\n|inactive|lakeandbake has 60 seconds left.\n|inactive|Voraxu has 60 seconds left.\n|inactive|lakeandbake has 30 seconds left.\n|inactive|Voraxu has 30 seconds left.\n|inactive|lakeandbake has 20 seconds left.\n|inactive|lakeandbake has 15 seconds left.\n|inactive|lakeandbake has 10 seconds left.\n|\n|t:|1776656750\n|teamsize|p1|4\n|teamsize|p2|4\n|start\n|switch|p1a: Maushold|Maushold, L50|100/100\n|switch|p1b: Garchomp|Garchomp, L50, M|100/100\n|switch|p2a: Tyranitar|Tyranitar, L50, M|100/100\n|switch|p2b: Rotom|Rotom-Wash, L50, shiny|100/100\n|-weather|Sandstorm|[from] ability: Sand Stream|[of] p2a: Tyranitar\n|turn|1\n|inactive|Voraxu has 30 seconds left.\n|\n|t:|1776656780\n|detailschange|p2a: Tyranitar|Tyranitar-Mega, L50, M\n|-mega|p2a: Tyranitar|Tyranitar|Tyranitarite\n|move|p1a: Maushold|Follow Me|p1a: Maushold\n|-singleturn|p1a: Maushold|move: Follow Me\n|move|p1b: Garchomp|Rock Slide|p2b: Rotom|[spread] p2a\n|-miss|p1b: Garchomp|p2b: Rotom\n|-damage|p2a: Tyranitar|88/100\n|move|p2b: Rotom|Thunder Wave|p1a: Maushold\n|-status|p1a: Maushold|par\n|move|p2a: Tyranitar|High Horsepower|p1a: Maushold\n|-damage|p1a: Maushold|44/100 par\n|\n|-weather|Sandstorm|[upkeep]\n|-damage|p2b: Rotom|95/100|[from] Sandstorm\n|-damage|p1a: Maushold|38/100 par|[from] Sandstorm\n|upkeep\n|turn|2\n|inactive|lakeandbake has 30 seconds left.\n|inactive|Voraxu has 30 seconds left.\n|inactive|lakeandbake has 20 seconds left.\n|inactive|lakeandbake has 15 seconds left.\n|inactive|lakeandbake has 10 seconds left.\n|\n|t:|1776656826\n|switch|p2a: Garchomp|Garchomp, L50, F|100/100\n|move|p2b: Rotom|Protect|p2b: Rotom\n|-singleturn|p2b: Rotom|Protect\n|move|p1a: Maushold|Protect|p1a: Maushold\n|-singleturn|p1a: Maushold|Protect\n|move|p1b: Garchomp|Earthquake|p2b: Rotom|[spread] p2a\n|-activate|p1a: Maushold|move: Protect\n|-activate|p2b: Rotom|move: Protect\n|-damage|p2a: Garchomp|69/100\n|\n|-weather|Sandstorm|[upkeep]\n|-damage|p2b: Rotom|89/100|[from] Sandstorm\n|-damage|p1a: Maushold|31/100 par|[from] Sandstorm\n|upkeep\n|turn|3\n|inactive|Voraxu has 30 seconds left.\n|inactive|Voraxu has 20 seconds left.\n|inactive|Voraxu has 15 seconds left.\n|inactive|Voraxu has 10 seconds left.\n|inactive|Voraxu has 5 seconds left.\n|\n|t:|1776656878\n|switch|p1a: Incineroar|Incineroar, L50, M, shiny|100/100\n|-ability|p1a: Incineroar|Intimidate|boost\n|-unboost|p2a: Garchomp|atk|1\n|-unboost|p2b: Rotom|atk|1\n|move|p2a: Garchomp|Earthquake|p1b: Garchomp|[spread] p1a,p1b\n|-immune|p2b: Rotom|[from] ability: Levitate\n|-supereffective|p1a: Incineroar|1\n|-damage|p1a: Incineroar|59/100\n|-damage|p1b: Garchomp|75/100\n|move|p1b: Garchomp|Dragon Claw|p2a: Garchomp|[miss]\n|-miss|p1b: Garchomp|p2a: Garchomp\n|move|p2b: Rotom|Hydro Pump|p1b: Garchomp|[miss]\n|-miss|p2b: Rotom|p1b: Garchomp\n|\n|-weather|Sandstorm|[upkeep]\n|-damage|p2b: Rotom|83/100|[from] Sandstorm\n|-damage|p1a: Incineroar|53/100|[from] Sandstorm\n|upkeep\n|turn|4\n|inactive|Voraxu has 30 seconds left.\n|\n|t:|1776656907\n|switch|p2a: Tyranitar|Tyranitar-Mega, L50, M|88/100\n|switch|p1b: Floette|Floette-Eternal, L50, F|100/100\n|move|p2b: Rotom|Protect|p2b: Rotom\n|-singleturn|p2b: Rotom|Protect\n|move|p1a: Incineroar|Fake Out|p2a: Tyranitar\n|-resisted|p2a: Tyranitar|1\n|-damage|p2a: Tyranitar|85/100\n|\n|-weather|Sandstorm|[upkeep]\n|-damage|p1b: Floette|95/100|[from] Sandstorm\n|-damage|p2b: Rotom|78/100|[from] Sandstorm\n|-damage|p1a: Incineroar|47/100|[from] Sandstorm\n|-enditem|p1a: Incineroar|Sitrus Berry|[eat]\n|-heal|p1a: Incineroar|72/100|[from] item: Sitrus Berry\n|upkeep\n|turn|5\n|inactive|Voraxu has 30 seconds left.\n|inactive|Voraxu has 20 seconds left.\n|inactive|Voraxu has 15 seconds left.\n|inactive|Voraxu has 10 seconds left.\n|\n|t:|1776656956\n|detailschange|p1b: Floette|Floette-Mega, L50, F\n|-mega|p1b: Floette|Floette|Floettite\n|-ability|p1b: Floette|Fairy Aura\n|move|p1b: Floette|Protect|p1b: Floette\n|-singleturn|p1b: Floette|Protect\n|move|p2b: Rotom|Thunder Wave|p1b: Floette\n|-activate|p1b: Floette|move: Protect\n|move|p2a: Tyranitar|High Horsepower|p1a: Incineroar\n|-supereffective|p1a: Incineroar|1\n|-damage|p1a: Incineroar|4/100\n|move|p1a: Incineroar|Parting Shot|p2a: Tyranitar\n|-unboost|p2a: Tyranitar|atk|1\n|-unboost|p2a: Tyranitar|spa|1\n|\n|t:|1776656970\n|switch|p1a: Maushold|Maushold, L50|31/100 par|[from] Parting Shot\n|\n|-weather|none\n|upkeep\n|turn|6\n|inactive|Voraxu has 30 seconds left.\n|\n|t:|1776657002\n|switch|p2a: Aegislash|Aegislash, L50, F, shiny|100/100\n|move|p1a: Maushold|Follow Me|p1a: Maushold\n|-singleturn|p1a: Maushold|move: Follow Me\n|move|p1b: Floette|Moonblast|p2a: Aegislash\n|-resisted|p2a: Aegislash|1\n|-damage|p2a: Aegislash|71/100\n|move|p2b: Rotom|Thunderbolt|p1a: Maushold\n|-damage|p1a: Maushold|0 fnt\n|faint|p1a: Maushold\n|\n|-heal|p2a: Aegislash|77/100|[from] item: Leftovers\n|upkeep\n|\n|t:|1776657014\n|switch|p1a: Garchomp|Garchomp, L50, M|75/100\n|turn|7\n|\n|t:|1776657028\n|move|p2b: Rotom|Protect|p2b: Rotom\n|-singleturn|p2b: Rotom|Protect\n|move|p2a: Aegislash|King's Shield|p2a: Aegislash\n|-singleturn|p2a: Aegislash|Protect\n|move|p1a: Garchomp|Rock Slide|p2a: Aegislash|[spread] \n|-activate|p2a: Aegislash|move: Protect\n|-activate|p2b: Rotom|move: Protect\n|move|p1b: Floette|Calm Mind|p1b: Floette\n|-boost|p1b: Floette|spa|1\n|-boost|p1b: Floette|spd|1\n|\n|-heal|p2a: Aegislash|83/100|[from] item: Leftovers\n|upkeep\n|turn|8\n|\n|t:|1776657052\n|move|p1b: Floette|Protect|p1b: Floette\n|-singleturn|p1b: Floette|Protect\n|move|p1a: Garchomp|Earthquake|p2a: Aegislash|[spread] p2a\n|-activate|p1b: Floette|move: Protect\n|-immune|p2b: Rotom|[from] ability: Levitate\n|-supereffective|p2a: Aegislash|1\n|-damage|p2a: Aegislash|18/100\n|move|p2b: Rotom|Thunder Wave|p1b: Floette\n|-activate|p1b: Floette|move: Protect\n|-formechange|p2a: Aegislash|Aegislash-Blade|\n|move|p2a: Aegislash|Flash Cannon|p1b: Floette\n|-activate|p1b: Floette|move: Protect\n|\n|-heal|p2a: Aegislash|24/100|[from] item: Leftovers\n|upkeep\n|turn|9\n|inactive|lakeandbake has 30 seconds left.\n|inactive|Voraxu has 30 seconds left.\n|inactive|lakeandbake has 20 seconds left.\n|inactive|Voraxu has 20 seconds left.\n|inactive|lakeandbake has 15 seconds left.\n|inactive|Voraxu has 15 seconds left.\n|\n|t:|1776657096\n|move|p1a: Garchomp|Dragon Claw|p2b: Rotom\n|-damage|p2b: Rotom|31/100\n|move|p1b: Floette|Moonblast|p2b: Rotom\n|-damage|p2b: Rotom|0 fnt\n|faint|p2b: Rotom\n|move|p2a: Aegislash|Flash Cannon|p1b: Floette\n|-supereffective|p1b: Floette|1\n|-damage|p1b: Floette|43/100\n|\n|-heal|p2a: Aegislash|30/100|[from] item: Leftovers\n|upkeep\n|\n|t:|1776657109\n|switch|p2b: Tyranitar|Tyranitar-Mega, L50, M|85/100\n|-weather|Sandstorm|[from] ability: Sand Stream|[of] p2b: Tyranitar\n|turn|10\n|inactive|lakeandbake has 30 seconds left.\n|inactive|lakeandbake has 20 seconds left.\n|\n|t:|1776657144\n|move|p2b: Tyranitar|Protect|p2b: Tyranitar\n|-singleturn|p2b: Tyranitar|Protect\n|-formechange|p2a: Aegislash|Aegislash|\n|move|p2a: Aegislash|King's Shield|p2a: Aegislash\n|-singleturn|p2a: Aegislash|Protect\n|move|p1a: Garchomp|Rock Slide|p2a: Aegislash|[spread] \n|-activate|p2a: Aegislash|move: Protect\n|-activate|p2b: Tyranitar|move: Protect\n|move|p1b: Floette|Dazzling Gleam|p2b: Tyranitar|[spread] \n|-activate|p2a: Aegislash|move: Protect\n|-activate|p2b: Tyranitar|move: Protect\n|\n|-weather|Sandstorm|[upkeep]\n|-damage|p1b: Floette|38/100|[from] Sandstorm\n|-heal|p2a: Aegislash|36/100|[from] item: Leftovers\n|upkeep\n|turn|11\n|inactive|Voraxu has 30 seconds left.\n|\n|t:|1776657171\n|move|p1b: Floette|Protect|p1b: Floette\n|-singleturn|p1b: Floette|Protect\n|move|p1a: Garchomp|Earthquake|p2a: Aegislash|[spread] p2a,p2b\n|-activate|p1b: Floette|move: Protect\n|-supereffective|p2a: Aegislash|1\n|-supereffective|p2b: Tyranitar|1\n|-damage|p2a: Aegislash|0 fnt\n|-damage|p2b: Tyranitar|35/100\n|faint|p2a: Aegislash\n|move|p2b: Tyranitar|Rock Slide|p1a: Garchomp|[spread] p1a\n|-activate|p1b: Floette|move: Protect\n|-resisted|p1a: Garchomp|1\n|-damage|p1a: Garchomp|57/100\n|\n|-weather|Sandstorm|[upkeep]\n|-damage|p1b: Floette|32/100|[from] Sandstorm\n|upkeep\n|\n|t:|1776657187\n|switch|p2a: Garchomp|Garchomp, L50, F|69/100\n|turn|12\n|\n|t:|1776657197\n|move|p2b: Tyranitar|Protect|p2b: Tyranitar\n|-singleturn|p2b: Tyranitar|Protect\n|move|p2a: Garchomp|Iron Head|p1b: Floette\n|-supereffective|p1b: Floette|1\n|-damage|p1b: Floette|0 fnt\n|faint|p1b: Floette\n|move|p1a: Garchomp|Dragon Claw|p2a: Garchomp\n|-supereffective|p2a: Garchomp|1\n|-damage|p2a: Garchomp|0 fnt\n|faint|p2a: Garchomp\n|\n|-weather|Sandstorm|[upkeep]\n|upkeep\n|\n|t:|1776657207\n|switch|p1b: Incineroar|Incineroar, L50, M, shiny|4/100\n|-ability|p1b: Incineroar|Intimidate|boost\n|-unboost|p2b: Tyranitar|atk|1\n|turn|13\n|\n|t:|1776657223\n|move|p1b: Incineroar|Fake Out|p2b: Tyranitar\n|-resisted|p2b: Tyranitar|1\n|-damage|p2b: Tyranitar|32/100\n|move|p1a: Garchomp|Earthquake|p2b: Tyranitar|[spread] p1b,p2b\n|-supereffective|p1b: Incineroar|1\n|-supereffective|p2b: Tyranitar|1\n|-damage|p1b: Incineroar|0 fnt\n|-damage|p2b: Tyranitar|0 fnt\n|faint|p1b: Incineroar\n|faint|p2b: Tyranitar\n|\n|win|lakeandbake\n|raw|lakeandbake's rating: 1131 &rarr; <strong>1153</strong><br />(+22 for winning)\n|raw|Voraxu's rating: 1086 &rarr; <strong>1066</strong><br />(-20 for losing)\n",
  "uploadtime": 1776657223,
  "views": 4,
  "formatid": "gen9championsvgc2026regma",
  "rating": 1066,
  "private": 0,
  "password": null
}