{
  "id": "gen9championsvgc2026regma-2580644778",
  "format": "[Gen 9 Champions] VGC 2026 Reg M-A",
  "players": [
    "Gokhqueen",
    "Loglord142"
  ],
  "log": "|j|\u2606Gokhqueen\n|j|\u2606Loglord142\n|t:|1775920866\n|gametype|doubles\n|player|p1|Gokhqueen|n|1055\n|player|p2|Loglord142|pokemonbreeder-gen4|1000\n|gen|9\n|tier|[Gen 9 Champions] VGC 2026 Reg M-A\n|rated|\n|rule|Species Clause: Limit one of each Pok\u00e9mon\n|rule|Item Clause: Limit 1 of each item\n|clearpoke\n|poke|p1|Golurk, L50|\n|poke|p1|Incineroar, L50, F|\n|poke|p1|Farigiraf, L50, M|\n|poke|p1|Rotom-Wash, L50|\n|poke|p1|Mimikyu, L50, M|\n|poke|p1|Kingambit, L50, F|\n|poke|p2|Trevenant, L50, M|\n|poke|p2|Torkoal, L50, M|\n|poke|p2|Golurk, L50|\n|poke|p2|Klefki, L50, M|\n|poke|p2|Venusaur, L50, M|\n|poke|p2|Incineroar, L50, M|\n|teampreview|4\n|inactive|Battle timer is ON: inactive players will automatically lose when time's up. (requested by Loglord142)\n|\n|t:|1775920935\n|teamsize|p1|4\n|teamsize|p2|4\n|start\n|switch|p1a: Incineroar|Incineroar, L50, F|100/100\n|switch|p1b: Mimikyu|Mimikyu, L50, M|100/100\n|switch|p2a: Torkoal|Torkoal, L50, M|100/100\n|switch|p2b: Trevenant|Trevenant, L50, M|100/100\n|-ability|p1a: Incineroar|Intimidate|boost\n|-unboost|p2a: Torkoal|atk|1\n|-unboost|p2b: Trevenant|atk|1\n|-weather|SunnyDay|[from] ability: Drought|[of] p2a: Torkoal\n|-enditem|p2a: Torkoal|White Herb\n|-clearnegativeboost|p2a: Torkoal|[silent]\n|turn|1\n|inactive|Loglord142 has 30 seconds left.\n|\n|t:|1775920962\n|move|p1a: Incineroar|Fake Out|p2a: Torkoal\n|-damage|p2a: Torkoal|90/100\n|move|p1b: Mimikyu|Taunt|p2b: Trevenant\n|-start|p2b: Trevenant|move: Taunt\n|cant|p2b: Trevenant|move: Taunt|Forest's Curse\n|cant|p2a: Torkoal|flinch\n|\n|-weather|SunnyDay|[upkeep]\n|upkeep\n|turn|2\n|\n|t:|1775920981\n|move|p1b: Mimikyu|Will-O-Wisp|p2b: Trevenant\n|-status|p2b: Trevenant|brn\n|move|p2b: Trevenant|Horn Leech|p1b: Mimikyu\n|-activate|p1b: Mimikyu|ability: Disguise\n|-damage|p1b: Mimikyu|100/100\n|detailschange|p1b: Mimikyu|Mimikyu-Busted, L50, M\n|-damage|p1b: Mimikyu|88/100|[from] pokemon: Mimikyu-Busted\n|move|p1a: Incineroar|Throat Chop|p2a: Torkoal\n|-damage|p2a: Torkoal|58/100\n|-start|p2a: Torkoal|Throat Chop|[silent]\n|move|p2a: Torkoal|Shell Smash|p2a: Torkoal\n|-unboost|p2a: Torkoal|def|1\n|-unboost|p2a: Torkoal|spd|1\n|-boost|p2a: Torkoal|atk|2\n|-boost|p2a: Torkoal|spa|2\n|-boost|p2a: Torkoal|spe|2\n|\n|-weather|SunnyDay|[upkeep]\n|-damage|p2b: Trevenant|94/100 brn|[from] brn\n|upkeep\n|turn|3\n|inactive|Gokhqueen has 30 seconds left.\n|inactive|Gokhqueen has 20 seconds left.\n|\n|t:|1775921021\n|move|p1b: Mimikyu|Play Rough|p2a: Torkoal\n|-resisted|p2a: Torkoal|1\n|-damage|p2a: Torkoal|35/100\n|move|p2a: Torkoal|Solar Beam||[still]\n|-prepare|p2a: Torkoal|Solar Beam\n|-anim|p2a: Torkoal|Solar Beam|p1b: Mimikyu\n|-damage|p1b: Mimikyu|13/100\n|move|p2b: Trevenant|Horn Leech|p1b: Mimikyu\n|-damage|p1b: Mimikyu|0 fnt\n|-heal|p2b: Trevenant|99/100 brn|[from] drain|[of] p1b: Mimikyu\n|faint|p1b: Mimikyu\n|move|p1a: Incineroar|Throat Chop|p2a: Torkoal\n|-crit|p2a: Torkoal\n|-damage|p2a: Torkoal|0 fnt\n|faint|p2a: Torkoal\n|\n|-weather|SunnyDay|[upkeep]\n|-damage|p2b: Trevenant|94/100 brn|[from] brn\n|-end|p2b: Trevenant|move: Taunt\n|upkeep\n|\n|t:|1775921042\n|switch|p1b: Golurk|Golurk, L50|100/100\n|switch|p2a: Venusaur|Venusaur, L50, M|100/100\n|turn|4\n|inactive|Gokhqueen has 30 seconds left.\n|\n|t:|1775921067\n|move|p1b: Golurk|Protect|p1b: Golurk\n|-singleturn|p1b: Golurk|Protect\n|move|p2a: Venusaur|Growth|p2a: Venusaur\n|-boost|p2a: Venusaur|atk|2\n|-boost|p2a: Venusaur|spa|2\n|move|p2b: Trevenant|Growth|p2b: Trevenant\n|-boost|p2b: Trevenant|atk|2\n|-boost|p2b: Trevenant|spa|2\n|move|p1a: Incineroar|Flare Blitz|p2b: Trevenant\n|-supereffective|p2b: Trevenant|1\n|-damage|p2b: Trevenant|0 fnt\n|faint|p2b: Trevenant\n|-damage|p1a: Incineroar|76/100|[from] Recoil\n|\n|-weather|SunnyDay|[upkeep]\n|upkeep\n|\n|t:|1775921083\n|switch|p2b: Incineroar|Incineroar, L50, M|100/100\n|-ability|p2b: Incineroar|Intimidate|boost\n|-unboost|p1a: Incineroar|atk|1\n|-unboost|p1b: Golurk|atk|1\n|turn|5\n|inactive|Gokhqueen has 30 seconds left.\n|\n|t:|1775921116\n|detailschange|p1b: Golurk|Golurk-Mega, L50\n|-mega|p1b: Golurk|Golurk|Golurkite\n|move|p2b: Incineroar|Fake Out|p1a: Incineroar\n|-damage|p1a: Incineroar|66/100\n|move|p2a: Venusaur|Solar Beam||[still]\n|-prepare|p2a: Venusaur|Solar Beam\n|-anim|p2a: Venusaur|Solar Beam|p1b: Golurk\n|-supereffective|p1b: Golurk|1\n|-crit|p1b: Golurk\n|-damage|p1b: Golurk|0 fnt\n|faint|p1b: Golurk\n|cant|p1a: Incineroar|flinch\n|\n|-weather|none\n|upkeep\n|\n|t:|1775921124\n|switch|p1b: Rotom|Rotom-Wash, L50|100/100\n|turn|6\n|\n|t:|1775921142\n|move|p2a: Venusaur|Sludge Bomb|p1b: Rotom\n|-damage|p1b: Rotom|27/100\n|move|p1b: Rotom|Hydro Pump|p2a: Venusaur\n|-resisted|p2a: Venusaur|1\n|-damage|p2a: Venusaur|76/100\n|move|p2b: Incineroar|Parting Shot|p1a: Incineroar\n|-unboost|p1a: Incineroar|atk|1\n|-unboost|p1a: Incineroar|spa|1\n|move|p1a: Incineroar|Flare Blitz|p2a: Venusaur\n|-supereffective|p2a: Venusaur|1\n|-damage|p2a: Venusaur|22/100\n|-damage|p1a: Incineroar|52/100|[from] Recoil\n|\n|-heal|p2a: Venusaur|28/100|[from] item: Leftovers\n|-heal|p1b: Rotom|33/100|[from] item: Leftovers\n|upkeep\n|turn|7\n|\n|t:|1775921164\n|move|p1b: Rotom|Protect|p1b: Rotom\n|-singleturn|p1b: Rotom|Protect\n|move|p2a: Venusaur|Synthesis|p2a: Venusaur\n|-heal|p2a: Venusaur|77/100\n|move|p2b: Incineroar|Darkest Lariat|p1b: Rotom\n|-activate|p1b: Rotom|move: Protect\n|move|p1a: Incineroar|Flare Blitz|p2a: Venusaur\n|-supereffective|p2a: Venusaur|1\n|-damage|p2a: Venusaur|22/100\n|-damage|p1a: Incineroar|38/100|[from] Recoil\n|-enditem|p1a: Incineroar|Sitrus Berry|[eat]\n|-heal|p1a: Incineroar|63/100|[from] item: Sitrus Berry\n|\n|-heal|p2a: Venusaur|28/100|[from] item: Leftovers\n|-heal|p1b: Rotom|39/100|[from] item: Leftovers\n|upkeep\n|turn|8\n|inactive|Gokhqueen has 30 seconds left.\n|inactive|Gokhqueen has 20 seconds left.\n|\n|t:|1775921201\n|move|p2a: Venusaur|Synthesis|p2a: Venusaur\n|-heal|p2a: Venusaur|77/100\n|move|p1b: Rotom|Hydro Pump|p2b: Incineroar\n|-supereffective|p2b: Incineroar|1\n|-damage|p2b: Incineroar|15/100\n|move|p2b: Incineroar|Parting Shot|p1a: Incineroar\n|-unboost|p1a: Incineroar|atk|1\n|-unboost|p1a: Incineroar|spa|1\n|move|p1a: Incineroar|Throat Chop|p2b: Incineroar\n|-resisted|p2b: Incineroar|1\n|-damage|p2b: Incineroar|8/100\n|-start|p2b: Incineroar|Throat Chop|[silent]\n|\n|-heal|p2a: Venusaur|83/100|[from] item: Leftovers\n|-heal|p1b: Rotom|45/100|[from] item: Leftovers\n|upkeep\n|turn|9\n|inactive|Gokhqueen has 30 seconds left.\n|inactive|Loglord142 has 30 seconds left.\n|inactive|Loglord142 has 20 seconds left.\n|\n|t:|1775921241\n|move|p2a: Venusaur|Sludge Bomb|p1a: Incineroar\n|-damage|p1a: Incineroar|0 fnt\n|faint|p1a: Incineroar\n|move|p1b: Rotom|Thunderbolt|p2b: Incineroar\n|-damage|p2b: Incineroar|0 fnt\n|faint|p2b: Incineroar\n|\n|-heal|p2a: Venusaur|89/100|[from] item: Leftovers\n|-heal|p1b: Rotom|51/100|[from] item: Leftovers\n|upkeep\n|turn|10\n|\n|t:|1775921254\n|move|p1b: Rotom|Protect|p1b: Rotom\n|-singleturn|p1b: Rotom|Protect\n|move|p2a: Venusaur|Sludge Bomb|p1b: Rotom\n|-activate|p1b: Rotom|move: Protect\n|\n|-heal|p2a: Venusaur|95/100|[from] item: Leftovers\n|-heal|p1b: Rotom|57/100|[from] item: Leftovers\n|upkeep\n|turn|11\n|\n|t:|1775921268\n|move|p2a: Venusaur|Sludge Bomb|p1b: Rotom\n|-damage|p1b: Rotom|0 fnt\n|faint|p1b: Rotom\n|\n|win|Loglord142\n|raw|Gokhqueen's rating: 1055 &rarr; <strong>1034</strong><br />(-21 for losing)\n|raw|Loglord142's rating: 1000 &rarr; <strong>1046</strong><br />(+46 for winning)\n|l|\u2606Gokhqueen\n|player|p1|\n",
  "uploadtime": 1775921283,
  "views": 11,
  "formatid": "gen9championsvgc2026regma",
  "rating": 1034,
  "private": 0,
  "password": null
}