{
  "id": "gen9championsvgc2026regma-2585520620",
  "format": "[Gen 9 Champions] VGC 2026 Reg M-A",
  "players": [
    "11inh0",
    "Azreal29"
  ],
  "log": "|j|\u260611inh0\n|j|\u2606Azreal29\n|t:|1776353042\n|gametype|doubles\n|player|p1|11inh0|2|1116\n|player|p2|Azreal29|unknown|1103\n|gen|9\n|tier|[Gen 9 Champions] VGC 2026 Reg M-A\n|rated|\n|rule|Species Clause: Limit one of each Pok\u00e9mon\n|rule|Item Clause: Limit 1 of each item\n|clearpoke\n|poke|p1|Incineroar, L50, M|\n|poke|p1|Rotom-Wash, L50|\n|poke|p1|Sinistcha, L50|\n|poke|p1|Floette-Eternal, L50, F|\n|poke|p1|Tyranitar, L50, M|\n|poke|p1|Excadrill, L50, F|\n|poke|p2|Scovillain, L50, F|\n|poke|p2|Garchomp, L50, M|\n|poke|p2|Sinistcha, L50|\n|poke|p2|Aerodactyl, L50, M|\n|poke|p2|Sneasler, L50, M|\n|poke|p2|Primarina, L50, F|\n|teampreview|4\n|inactive|Battle timer is ON: inactive players will automatically lose when time's up. (requested by Azreal29)\n|\n|t:|1776353055\n|teamsize|p1|4\n|teamsize|p2|4\n|start\n|switch|p1a: Incineroar|Incineroar, L50, M|100/100\n|switch|p1b: Rotom|Rotom-Wash, L50|100/100\n|switch|p2a: Scovillain|Scovillain, L50, F|100/100\n|switch|p2b: Primarina|Primarina, L50, F|100/100\n|-ability|p1a: Incineroar|Intimidate|boost\n|-unboost|p2a: Scovillain|atk|1\n|-unboost|p2b: Primarina|atk|1\n|turn|1\n|\n|t:|1776353070\n|move|p2b: Primarina|Protect|p2b: Primarina\n|-singleturn|p2b: Primarina|Protect\n|move|p2a: Scovillain|Protect|p2a: Scovillain\n|-singleturn|p2a: Scovillain|Protect\n|move|p1a: Incineroar|Fake Out|p2a: Scovillain\n|-activate|p2a: Scovillain|move: Protect\n|move|p1b: Rotom|Thunderbolt|p2b: Primarina\n|-activate|p2b: Primarina|move: Protect\n|\n|upkeep\n|turn|2\n|\n|t:|1776353089\n|detailschange|p2a: Scovillain|Scovillain-Mega, L50, F\n|-mega|p2a: Scovillain|Scovillain|Scovillainite\n|move|p1b: Rotom|Protect|p1b: Rotom\n|-singleturn|p1b: Rotom|Protect\n|move|p2a: Scovillain|Rage Powder|p2a: Scovillain\n|-singleturn|p2a: Scovillain|move: Rage Powder\n|move|p2b: Primarina|Calm Mind|p2b: Primarina\n|-boost|p2b: Primarina|spa|1\n|-boost|p2b: Primarina|spd|1\n|move|p1a: Incineroar|Flare Blitz|p2a: Scovillain\n|-damage|p2a: Scovillain|60/100\n|-immune|p1a: Incineroar\n|-damage|p1a: Incineroar|89/100|[from] Recoil\n|\n|upkeep\n|turn|3\n|inactive|Azreal29 has 30 seconds left.\n|\n|t:|1776353115\n|move|p1b: Rotom|Hydro Pump|p2a: Scovillain\n|-damage|p2a: Scovillain|20/100\n|-status|p1b: Rotom|brn|[from] ability: Spicy Spray|[of] p2a: Scovillain\n|move|p2a: Scovillain|Leech Seed|p1b: Rotom\n|-start|p1b: Rotom|move: Leech Seed\n|move|p2b: Primarina|Moonblast|p1b: Rotom\n|-damage|p1b: Rotom|27/100 brn\n|move|p1a: Incineroar|Flare Blitz|p2a: Scovillain\n|-damage|p2a: Scovillain|0 fnt\n|-immune|p1a: Incineroar\n|faint|p2a: Scovillain\n|-damage|p1a: Incineroar|84/100|[from] Recoil\n|\n|-heal|p1b: Rotom|33/100 brn|[from] item: Leftovers\n|-damage|p1b: Rotom|27/100 brn|[from] brn\n|upkeep\n|\n|t:|1776353127\n|switch|p2a: Aerodactyl|Aerodactyl, L50, M|100/100\n|-ability|p2a: Aerodactyl|Unnerve\n|turn|4\n|\n|t:|1776353145\n|move|p2a: Aerodactyl|Tailwind|p2a: Aerodactyl\n|-sidestart|p2: Azreal29|move: Tailwind\n|move|p2b: Primarina|Hyper Voice|p1b: Rotom|[spread] p1a,p1b\n|-supereffective|p1a: Incineroar|1\n|-resisted|p1b: Rotom|1\n|-damage|p1a: Incineroar|0 fnt\n|-damage|p1b: Rotom|0 fnt\n|faint|p1a: Incineroar\n|faint|p1b: Rotom\n|\n|upkeep\n|\n|t:|1776353150\n|switch|p1b: Excadrill|Excadrill, L50, F|100/100\n|switch|p1a: Tyranitar|Tyranitar, L50, M|100/100\n|-weather|Sandstorm|[from] ability: Sand Stream|[of] p1a: Tyranitar\n|turn|5\n|\n|t:|1776353162\n|detailschange|p1a: Tyranitar|Tyranitar-Mega, L50, M\n|-mega|p1a: Tyranitar|Tyranitar|Tyranitarite\n|move|p2a: Aerodactyl|Rock Slide|p1a: Tyranitar|[spread] p1a,p1b\n|-resisted|p1b: Excadrill|2\n|-damage|p1a: Tyranitar|81/100\n|-damage|p1b: Excadrill|91/100\n|move|p1b: Excadrill|Rock Slide|p2a: Aerodactyl|[spread] p2a,p2b\n|-supereffective|p2a: Aerodactyl|1\n|-damage|p2a: Aerodactyl|33/100\n|-damage|p2b: Primarina|71/100\n|move|p2b: Primarina|Hyper Voice|p1a: Tyranitar|[spread] p1a,p1b\n|-supereffective|p1a: Tyranitar|1\n|-supereffective|p1b: Excadrill|1\n|-damage|p1a: Tyranitar|18/100\n|-damage|p1b: Excadrill|0 fnt\n|faint|p1b: Excadrill\n|cant|p1a: Tyranitar|flinch\n|\n|-weather|Sandstorm|[upkeep]\n|-damage|p2b: Primarina|65/100|[from] Sandstorm\n|-heal|p2b: Primarina|71/100|[from] item: Leftovers\n|upkeep\n|turn|6\n|-message|11inh0 forfeited.\n|\n|win|Azreal29\n|raw|11inh0's rating: 1116 &rarr; <strong>1090</strong><br />(-26 for losing)\n|raw|Azreal29's rating: 1103 &rarr; <strong>1129</strong><br />(+26 for winning)\n|l|\u260611inh0\n|player|p1|\n",
  "uploadtime": 1776353188,
  "views": 19,
  "formatid": "gen9championsvgc2026regma",
  "rating": 1090,
  "private": 0,
  "password": null
}