{
  "id": "gen9championsvgc2026regma-2581362511",
  "format": "[Gen 9 Champions] VGC 2026 Reg M-A",
  "players": [
    "AdriFD",
    "pacmaster000"
  ],
  "log": "|j|\u2606AdriFD\n|j|\u2606pacmaster000\n|t:|1775991839\n|gametype|doubles\n|player|p1|AdriFD|170|1048\n|player|p2|pacmaster000|scientist-gen4dp|1114\n|gen|9\n|tier|[Gen 9 Champions] VGC 2026 Reg M-A\n|rated|\n|rule|Species Clause: Limit one of each Pok\u00e9mon\n|rule|Item Clause: Limit 1 of each item\n|clearpoke\n|poke|p1|Charizard, L50, M|\n|poke|p1|Venusaur, L50, F|\n|poke|p1|Gardevoir, L50, F|\n|poke|p1|Incineroar, L50, F|\n|poke|p1|Sneasler, L50, M|\n|poke|p1|Garchomp, L50, M|\n|poke|p2|Froslass, L50, F|\n|poke|p2|Milotic, L50, M|\n|poke|p2|Kingambit, L50, M|\n|poke|p2|Sinistcha, L50|\n|poke|p2|Volcarona, L50, F|\n|poke|p2|Sneasler, L50, M|\n|teampreview|4\n|\n|t:|1775991866\n|teamsize|p1|4\n|teamsize|p2|4\n|start\n|switch|p1a: Charizard|Charizard, L50, M, shiny|100/100\n|switch|p1b: Sneasler|Sneasler, L50, M, shiny|100/100\n|switch|p2a: Froslass|Froslass, L50, F|100/100\n|switch|p2b: Milotic|Milotic, L50, M|100/100\n|turn|1\n|inactive|Battle timer is ON: inactive players will automatically lose when time's up. (requested by AdriFD)\n|\n|t:|1775991883\n|detailschange|p1a: Charizard|Charizard-Mega-Y, L50, M, shiny\n|-mega|p1a: Charizard|Charizard|Charizardite Y\n|-weather|SunnyDay|[from] ability: Drought|[of] p1a: Charizard\n|move|p2a: Froslass|Protect|p2a: Froslass\n|-singleturn|p2a: Froslass|Protect\n|move|p2b: Milotic|Protect|p2b: Milotic\n|-singleturn|p2b: Milotic|Protect\n|move|p1b: Sneasler|Fake Out|p2b: Milotic\n|-activate|p2b: Milotic|move: Protect\n|move|p1a: Charizard|Solar Beam||[still]\n|-prepare|p1a: Charizard|Solar Beam\n|-anim|p1a: Charizard|Solar Beam|p2b: Milotic\n|-activate|p2b: Milotic|move: Protect\n|\n|-weather|SunnyDay|[upkeep]\n|upkeep\n|turn|2\n|\n|t:|1775991905\n|switch|p1a: Venusaur|Venusaur, L50, F, shiny|100/100\n|detailschange|p2a: Froslass|Froslass-Mega, L50, F\n|-mega|p2a: Froslass|Froslass|Froslassite\n|-weather|Snowscape|[from] ability: Snow Warning|[of] p2a: Froslass\n|move|p2a: Froslass|Blizzard|p1a: Venusaur|[spread] p1a,p1b\n|-supereffective|p1a: Venusaur|1\n|-enditem|p1a: Venusaur|Focus Sash\n|-damage|p1a: Venusaur|1/100\n|-damage|p1b: Sneasler|36/100\n|move|p1b: Sneasler|Dire Claw|p2b: Milotic\n|-damage|p2b: Milotic|54/100\n|move|p2b: Milotic|Scald|p1a: Venusaur\n|-resisted|p1a: Venusaur|1\n|-damage|p1a: Venusaur|0 fnt\n|faint|p1a: Venusaur\n|\n|-weather|Snowscape|[upkeep]\n|upkeep\n|\n|t:|1775991921\n|switch|p1a: Charizard|Charizard-Mega-Y, L50, M, shiny|100/100\n|-weather|SunnyDay|[from] ability: Drought|[of] p1a: Charizard\n|turn|3\n|inactive|pacmaster000 has 30 seconds left.\n|\n|t:|1775991951\n|switch|p2a: Volcarona|Volcarona, L50, F|100/100\n|move|p2b: Milotic|Protect|p2b: Milotic\n|-singleturn|p2b: Milotic|Protect\n|move|p1b: Sneasler|Dire Claw|p2b: Milotic\n|-activate|p2b: Milotic|move: Protect\n|move|p1a: Charizard|Heat Wave|p2a: Volcarona|[spread] p2a\n|-activate|p2b: Milotic|move: Protect\n|-damage|p2a: Volcarona|41/100\n|-enditem|p2a: Volcarona|Sitrus Berry|[eat]\n|-heal|p2a: Volcarona|66/100|[from] item: Sitrus Berry\n|\n|-weather|SunnyDay|[upkeep]\n|upkeep\n|turn|4\n|\n|t:|1775991974\n|switch|p1a: Garchomp|Garchomp, L50, M|100/100\n|move|p1b: Sneasler|Close Combat|p2b: Milotic\n|-damage|p2b: Milotic|0 fnt\n|-unboost|p1b: Sneasler|def|1\n|-unboost|p1b: Sneasler|spd|1\n|faint|p2b: Milotic\n|move|p2a: Volcarona|Heat Wave|p1a: Garchomp|[spread] p1a,p1b\n|-resisted|p1a: Garchomp|1\n|-damage|p1a: Garchomp|75/100\n|-damage|p1b: Sneasler|0 fnt\n|faint|p1b: Sneasler\n|\n|-weather|SunnyDay|[upkeep]\n|-heal|p1a: Garchomp|80/100|[from] item: Leftovers\n|upkeep\n|\n|t:|1775991988\n|switch|p1b: Charizard|Charizard-Mega-Y, L50, M, shiny|100/100\n|switch|p2b: Sneasler|Sneasler, L50, M|100/100\n|turn|5\n|\n|t:|1775992000\n|move|p1a: Garchomp|Protect|p1a: Garchomp\n|-singleturn|p1a: Garchomp|Protect\n|move|p1b: Charizard|Protect|p1b: Charizard\n|-singleturn|p1b: Charizard|Protect\n|move|p2b: Sneasler|Fake Out|p1b: Charizard\n|-activate|p1b: Charizard|move: Protect\n|move|p2a: Volcarona|Rage Powder|p2a: Volcarona\n|-singleturn|p2a: Volcarona|move: Rage Powder\n|\n|-weather|SunnyDay|[upkeep]\n|-heal|p1a: Garchomp|86/100|[from] item: Leftovers\n|upkeep\n|turn|6\n|\n|t:|1775992031\n|move|p2b: Sneasler|Protect|p2b: Sneasler\n|-singleturn|p2b: Sneasler|Protect\n|move|p1a: Garchomp|Rock Slide|p2b: Sneasler|[spread] p2a\n|-activate|p2b: Sneasler|move: Protect\n|-supereffective|p2a: Volcarona|2\n|-damage|p2a: Volcarona|0 fnt\n|faint|p2a: Volcarona\n|move|p1b: Charizard|Heat Wave|p2b: Sneasler\n|-activate|p2b: Sneasler|move: Protect\n|\n|-weather|SunnyDay|[upkeep]\n|-heal|p1a: Garchomp|92/100|[from] item: Leftovers\n|upkeep\n|\n|t:|1775992035\n|switch|p2a: Froslass|Froslass-Mega, L50, F|100/100\n|-weather|Snowscape|[from] ability: Snow Warning|[of] p2a: Froslass\n|turn|7\n|\n|t:|1775992047\n|move|p1a: Garchomp|Protect|p1a: Garchomp\n|-singleturn|p1a: Garchomp|Protect\n|move|p2a: Froslass|Blizzard|p1b: Charizard|[spread] p1b\n|-activate|p1a: Garchomp|move: Protect\n|-damage|p1b: Charizard|56/100\n|move|p2b: Sneasler|Dire Claw|p1b: Charizard\n|-damage|p1b: Charizard|0 fnt\n|faint|p1b: Charizard\n|\n|-weather|Snowscape|[upkeep]\n|-heal|p1a: Garchomp|98/100|[from] item: Leftovers\n|upkeep\n|turn|8\n|\n|t:|1775992059\n|move|p2a: Froslass|Blizzard|p1a: Garchomp\n|-supereffective|p1a: Garchomp|2\n|-damage|p1a: Garchomp|0 fnt\n|faint|p1a: Garchomp\n|\n|win|pacmaster000\n|raw|AdriFD's rating: 1048 &rarr; <strong>1034</strong><br />(-14 for losing)\n|raw|pacmaster000's rating: 1114 &rarr; <strong>1134</strong><br />(+20 for winning)\n",
  "uploadtime": 1775992063,
  "views": 16,
  "formatid": "gen9championsvgc2026regma",
  "rating": 1034,
  "private": 0,
  "password": null
}