{
  "id": "gen9championsvgc2026regma-2588313928",
  "format": "[Gen 9 Champions] VGC 2026 Reg M-A",
  "players": [
    "ChronicNikos",
    "MMB2006"
  ],
  "log": "|j|\u2606ChronicNikos\n|j|\u2606MMB2006\n|t:|1776623314\n|gametype|doubles\n|player|p1|ChronicNikos|cynthia-gen4|1484\n|player|p2|MMB2006|101|1437\n|gen|9\n|tier|[Gen 9 Champions] VGC 2026 Reg M-A\n|rated|\n|rule|Species Clause: Limit one of each Pok\u00e9mon\n|rule|Item Clause: Limit 1 of each item\n|clearpoke\n|poke|p1|Gengar, L50, F, shiny|\n|poke|p1|Incineroar, L50, M|\n|poke|p1|Politoed, L50, M|\n|poke|p1|Archaludon, L50, F|\n|poke|p1|Basculegion, L50, M|\n|poke|p1|Meganium, L50, M|\n|poke|p2|Charizard, L50, M|\n|poke|p2|Venusaur, L50, F|\n|poke|p2|Garchomp, L50, M|\n|poke|p2|Kangaskhan, L50, F|\n|poke|p2|Rotom-Wash, L50|\n|poke|p2|Aegislash, L50, M|\n|teampreview|4\nChronicNikos rejected open team sheets.\n|inactive|Battle timer is ON: inactive players will automatically lose when time's up. (requested by ChronicNikos)\n|\n|t:|1776623352\n|teamsize|p1|4\n|teamsize|p2|4\n|start\n|switch|p1a: AllThingsMustDie|Gengar, L50, F, shiny|100/100\n|switch|p1b: I Burn|Incineroar, L50, M|100/100\n|switch|p2a: Charizard|Charizard, L50, M|100/100\n|switch|p2b: Venusaur|Venusaur, L50, F|100/100\n|-ability|p1b: I Burn|Intimidate|boost\n|-unboost|p2a: Charizard|atk|1\n|-unboost|p2b: Venusaur|atk|1\n|turn|1\n|\n|t:|1776623376\n|switch|p2b: Garchomp|Garchomp, L50, M|100/100\n|detailschange|p1a: AllThingsMustDie|Gengar-Mega, L50, F, shiny\n|-mega|p1a: AllThingsMustDie|Gengar|Gengarite\n|move|p1a: AllThingsMustDie|Protect|p1a: AllThingsMustDie\n|-singleturn|p1a: AllThingsMustDie|Protect\n|move|p1b: I Burn|Fake Out|p2b: Garchomp\n|-damage|p2b: Garchomp|89/100\n|-damage|p1b: I Burn|88/100|[from] ability: Rough Skin|[of] p2b: Garchomp\n|move|p2a: Charizard|Heat Wave|p1b: I Burn|[spread] p1b\n|-activate|p1a: AllThingsMustDie|move: Protect\n|-resisted|p1b: I Burn|1\n|-damage|p1b: I Burn|76/100\n|\n|upkeep\n|turn|2\n|inactive|ChronicNikos has 30 seconds left.\n|inactive|ChronicNikos has 20 seconds left.\n|inactive|ChronicNikos has 15 seconds left.\n|inactive|ChronicNikos has 10 seconds left.\n|\n|t:|1776623426\n|detailschange|p2a: Charizard|Charizard-Mega-Y, L50, M\n|-mega|p2a: Charizard|Charizard|Charizardite Y\n|-weather|SunnyDay|[from] ability: Drought|[of] p2a: Charizard\n|move|p1b: I Burn|Protect|p1b: I Burn\n|-singleturn|p1b: I Burn|Protect\n|move|p2b: Garchomp|Earthquake|p1b: I Burn|[spread] p1a\n|-activate|p1b: I Burn|move: Protect\n|-immune|p2a: Charizard\n|-supereffective|p1a: AllThingsMustDie|1\n|-damage|p1a: AllThingsMustDie|0 fnt\n|faint|p1a: AllThingsMustDie\n|move|p2a: Charizard|Heat Wave|p1b: I Burn\n|-activate|p1b: I Burn|move: Protect\n|\n|-weather|SunnyDay|[upkeep]\n|upkeep\n|\n|t:|1776623439\n|switch|p1a: Tri-Hard|Basculegion, L50, M|100/100\n|turn|3\n|\n|t:|1776623450\n|switch|p2a: Rotom|Rotom-Wash, L50|100/100\n|switch|p1b: I May Fall|Politoed, L50, M|100/100\n|-weather|RainDance|[from] ability: Drizzle|[of] p1b: I May Fall\n|move|p2b: Garchomp|Earthquake|p1b: I May Fall|[spread] p1a,p1b\n|-immune|p2a: Rotom|[from] ability: Levitate\n|-damage|p1a: Tri-Hard|44/100\n|-damage|p1b: I May Fall|58/100\n|move|p1a: Tri-Hard|Flip Turn|p2b: Garchomp\n|-damage|p2b: Garchomp|29/100\n|-damage|p1a: Tri-Hard|31/100|[from] ability: Rough Skin|[of] p2b: Garchomp\n|\n|t:|1776623462\n|switch|p1a: I Burn|Incineroar, L50, M|76/100|[from] Flip Turn\n|-ability|p1a: I Burn|Intimidate|boost\n|-unboost|p2a: Rotom|atk|1\n|-unboost|p2b: Garchomp|atk|1\n|\n|-weather|RainDance|[upkeep]\n|-heal|p1b: I May Fall|64/100|[from] item: Leftovers\n|upkeep\n|turn|4\n|inactive|ChronicNikos has 30 seconds left.\n|inactive|ChronicNikos has 20 seconds left.\n|inactive|ChronicNikos has 15 seconds left.\n|\n|t:|1776623503\n|move|p1a: I Burn|Fake Out|p2a: Rotom\n|-damage|p2a: Rotom|90/100\n|move|p2b: Garchomp|Earthquake|p1b: I May Fall|[spread] p1a,p1b\n|-immune|p2a: Rotom|[from] ability: Levitate\n|-supereffective|p1a: I Burn|1\n|-damage|p1a: I Burn|30/100\n|-damage|p1b: I May Fall|35/100\n|-enditem|p1a: I Burn|Sitrus Berry|[eat]\n|-heal|p1a: I Burn|55/100|[from] item: Sitrus Berry\n|cant|p2a: Rotom|flinch\n|move|p1b: I May Fall|Ice Beam|p2b: Garchomp\n|-supereffective|p2b: Garchomp|2\n|-damage|p2b: Garchomp|0 fnt\n|faint|p2b: Garchomp\n|\n|-weather|RainDance|[upkeep]\n|-heal|p1b: I May Fall|41/100|[from] item: Leftovers\n|upkeep\n|\n|t:|1776623516\n|switch|p2b: Charizard|Charizard-Mega-Y, L50, M|100/100\n|-weather|SunnyDay|[from] ability: Drought|[of] p2b: Charizard\n|turn|5\n|\n|t:|1776623531\n|move|p1b: I May Fall|Protect|p1b: I May Fall\n|-singleturn|p1b: I May Fall|Protect\n|move|p2b: Charizard|Weather Ball|p1a: I Burn\n|-resisted|p1a: I Burn|1\n|-damage|p1a: I Burn|21/100\n|move|p2a: Rotom|Thunderbolt|p1b: I May Fall\n|-activate|p1b: I May Fall|move: Protect\n|move|p1a: I Burn|Parting Shot|p2b: Charizard\n|-unboost|p2b: Charizard|atk|1\n|-unboost|p2b: Charizard|spa|1\n|\n|t:|1776623541\n|switch|p1a: Tri-Hard|Basculegion, L50, M|31/100|[from] Parting Shot\n|\n|-weather|SunnyDay|[upkeep]\n|-heal|p1b: I May Fall|47/100|[from] item: Leftovers\n|upkeep\n|turn|6\n|\n|t:|1776623566\n|switch|p2b: Venusaur|Venusaur, L50, F|100/100\n|switch|p1b: I Burn|Incineroar, L50, M|21/100\n|-ability|p1b: I Burn|Intimidate|boost\n|-unboost|p2a: Rotom|atk|1\n|-unboost|p2b: Venusaur|atk|1\n|move|p1a: Tri-Hard|Flip Turn|p2a: Rotom\n|-resisted|p2a: Rotom|1\n|-damage|p2a: Rotom|80/100\n|\n|t:|1776623574\n|switch|p1a: I May Fall|Politoed, L50, M|47/100|[from] Flip Turn\n|-weather|RainDance|[from] ability: Drizzle|[of] p1a: I May Fall\n|move|p2a: Rotom|Thunderbolt|p1a: I May Fall\n|-supereffective|p1a: I May Fall|1\n|-damage|p1a: I May Fall|0 fnt\n|faint|p1a: I May Fall\n|\n|-weather|RainDance|[upkeep]\n|upkeep\n|-message|ChronicNikos forfeited.\n|\n|win|MMB2006\n|raw|ChronicNikos's rating: 1484 &rarr; <strong>1461</strong><br />(-23 for losing)\n|raw|MMB2006's rating: 1437 &rarr; <strong>1460</strong><br />(+23 for winning)\n",
  "uploadtime": 1776623587,
  "views": 11,
  "formatid": "gen9championsvgc2026regma",
  "rating": 1460,
  "private": 0,
  "password": null
}