{
  "id": "gen9championsvgc2026regma-2585220053",
  "format": "[Gen 9 Champions] VGC 2026 Reg M-A",
  "players": [
    "dkamp818",
    "cuulu"
  ],
  "log": "|j|\u2606dkamp818\n|j|\u2606cuulu\n|t:|1776326512\n|gametype|doubles\n|player|p1|dkamp818|170|1170\n|player|p2|cuulu|169|1215\n|gen|9\n|tier|[Gen 9 Champions] VGC 2026 Reg M-A\n|rated|\n|rule|Species Clause: Limit one of each Pok\u00e9mon\n|rule|Item Clause: Limit 1 of each item\n|clearpoke\n|poke|p1|Gardevoir, L50, F|\n|poke|p1|Aerodactyl, L50, F|\n|poke|p1|Incineroar, L50, F|\n|poke|p1|Sinistcha, L50|\n|poke|p1|Garchomp, L50, F|\n|poke|p1|Basculegion, L50, M|\n|poke|p2|Charizard, L50, F|\n|poke|p2|Venusaur, L50, F|\n|poke|p2|Garchomp, L50, F|\n|poke|p2|Incineroar, L50, F|\n|poke|p2|Gardevoir, L50, F|\n|poke|p2|Milotic, L50, M|\n|teampreview|4\ndkamp818 rejected open team sheets.\n|\n|t:|1776326560\n|teamsize|p1|4\n|teamsize|p2|4\n|start\n|switch|p1a: Aerodactyl|Aerodactyl, L50, F|100/100\n|switch|p1b: Garchomp|Garchomp, L50, F|100/100\n|switch|p2a: Charizard|Charizard, L50, F|100/100\n|switch|p2b: Incineroar|Incineroar, L50, F|100/100\n|-ability|p1a: Aerodactyl|Unnerve\n|-ability|p2b: Incineroar|Intimidate|boost\n|-unboost|p1a: Aerodactyl|atk|1\n|-unboost|p1b: Garchomp|atk|1\n|turn|1\n|\n|t:|1776326583\n|detailschange|p2a: Charizard|Charizard-Mega-Y, L50, F\n|-mega|p2a: Charizard|Charizard|Charizardite Y\n|-weather|SunnyDay|[from] ability: Drought|[of] p2a: Charizard\n|move|p2a: Charizard|Protect|p2a: Charizard\n|-singleturn|p2a: Charizard|Protect\n|move|p2b: Incineroar|Fake Out|p1a: Aerodactyl\n|-resisted|p1a: Aerodactyl|1\n|-damage|p1a: Aerodactyl|90/100\n|move|p1b: Garchomp|Rock Slide|p2a: Charizard|[spread] p2b\n|-activate|p2a: Charizard|move: Protect\n|-supereffective|p2b: Incineroar|1\n|-damage|p2b: Incineroar|78/100\n|cant|p1a: Aerodactyl|flinch\n|\n|-weather|SunnyDay|[upkeep]\n|upkeep\n|turn|2\n|\n|t:|1776326605\n|switch|p2a: Gardevoir|Gardevoir, L50, F|100/100\n|move|p1b: Garchomp|Rock Slide|p2b: Incineroar|[spread] p2a,p2b\n|-supereffective|p2b: Incineroar|1\n|-damage|p2a: Gardevoir|78/100\n|-damage|p2b: Incineroar|55/100\n|move|p1a: Aerodactyl|Rock Slide|p2b: Incineroar|[spread] p2a,p2b\n|-supereffective|p2b: Incineroar|1\n|-damage|p2a: Gardevoir|51/100\n|-damage|p2b: Incineroar|23/100\n|cant|p2b: Incineroar|flinch\n|\n|-weather|SunnyDay|[upkeep]\n|upkeep\n|turn|3\n|\n|t:|1776326624\n|switch|p2b: Venusaur|Venusaur, L50, F|100/100\n|move|p1b: Garchomp|Rock Slide|p2a: Gardevoir|[spread] p2a,p2b\n|-damage|p2a: Gardevoir|29/100\n|-damage|p2b: Venusaur|87/100\n|move|p1a: Aerodactyl|Rock Slide|p2a: Gardevoir|[spread] p2a\n|-miss|p1a: Aerodactyl|p2b: Venusaur\n|-damage|p2a: Gardevoir|0 fnt\n|faint|p2a: Gardevoir\n|\n|-weather|SunnyDay|[upkeep]\n|upkeep\n|\n|t:|1776326641\n|switch|p2a: Incineroar|Incineroar, L50, F|23/100\n|-ability|p2a: Incineroar|Intimidate|boost\n|-unboost|p1a: Aerodactyl|atk|1\n|-unboost|p1b: Garchomp|atk|1\n|turn|4\n|inactive|Battle timer is ON: inactive players will automatically lose when time's up. (requested by cuulu)\n|\n|t:|1776326686\n|switch|p1b: Incineroar|Incineroar, L50, F, shiny|100/100\n|-ability|p1b: Incineroar|Intimidate|boost\n|-unboost|p2a: Incineroar|atk|1\n|-unboost|p2b: Venusaur|atk|1\n|move|p2b: Venusaur|Sludge Bomb|p1a: Aerodactyl\n|-resisted|p1a: Aerodactyl|1\n|-damage|p1a: Aerodactyl|65/100\n|move|p1a: Aerodactyl|Rock Slide|p2b: Venusaur|[spread] p2a,p2b\n|-supereffective|p2a: Incineroar|1\n|-damage|p2a: Incineroar|0 fnt\n|-damage|p2b: Venusaur|75/100\n|faint|p2a: Incineroar\n|\n|-weather|SunnyDay|[upkeep]\n|upkeep\n|\n|t:|1776326698\n|switch|p2a: Charizard|Charizard-Mega-Y, L50, F|100/100\n|turn|5\n|\n|t:|1776326717\n|move|p1b: Incineroar|Fake Out|p2b: Venusaur\n|-damage|p2b: Venusaur|63/100\n|move|p1a: Aerodactyl|Rock Slide|p2a: Charizard|[spread] p2a\n|-miss|p1a: Aerodactyl|p2b: Venusaur\n|-supereffective|p2a: Charizard|2\n|-damage|p2a: Charizard|38/100\n|cant|p2b: Venusaur|flinch\n|cant|p2a: Charizard|flinch\n|\n|-weather|none\n|upkeep\n|turn|6\n|c|\u2606cuulu|wow\n|-message|cuulu forfeited.\n|\n|win|dkamp818\n|raw|dkamp818's rating: 1170 &rarr; <strong>1198</strong><br />(+28 for winning)\n|raw|cuulu's rating: 1215 &rarr; <strong>1187</strong><br />(-28 for losing)\n|l|\u2606cuulu\n|player|p2|\n|c|\u2606dkamp818|im sorry\n|c|\u2606dkamp818|that was so troll lol\n|c|\u2606dkamp818|first time i ever did that\n",
  "uploadtime": 1776326864,
  "views": 19,
  "formatid": "gen9championsvgc2026regma",
  "rating": 1187,
  "private": 0,
  "password": null
}