{
  "id": "gen9championsvgc2026regma-2582744809",
  "format": "[Gen 9 Champions] VGC 2026 Reg M-A",
  "players": [
    "IanIsBored",
    "VGCPhantom"
  ],
  "log": "|j|\u2606IanIsBored\n|j|\u2606VGCPhantom\n|t:|1776111136\n|gametype|doubles\n|player|p1|IanIsBored|ethan|1042\n|player|p2|VGCPhantom|2|1070\n|gen|9\n|tier|[Gen 9 Champions] VGC 2026 Reg M-A\n|rated|\n|rule|Species Clause: Limit one of each Pok\u00e9mon\n|rule|Item Clause: Limit 1 of each item\n|clearpoke\n|poke|p1|Farigiraf, L50, F|\n|poke|p1|Kingambit, L50, M|\n|poke|p1|Hatterene, L50, F|\n|poke|p1|Sinistcha, L50|\n|poke|p1|Incineroar, L50, F|\n|poke|p1|Golurk, L50|\n|poke|p2|Ninetales-Alola, L50, F|\n|poke|p2|Meowstic, L50, M|\n|poke|p2|Farigiraf, L50, F|\n|poke|p2|Armarouge, L50, F|\n|poke|p2|Excadrill, L50, F|\n|poke|p2|Basculegion, L50, M|\n|teampreview|4\n|inactive|Battle timer is ON: inactive players will automatically lose when time's up. (requested by IanIsBored)\n|inactive|VGCPhantom has 60 seconds left.\n|inactive|VGCPhantom has 30 seconds left.\n|inactive|VGCPhantom has 20 seconds left.\n|inactive|VGCPhantom has 15 seconds left.\n|inactive|VGCPhantom has 10 seconds left.\n|\n|t:|1776111217\n|teamsize|p1|4\n|teamsize|p2|4\n|start\n|switch|p1a: Long Boi Slim|Farigiraf, L50, F|100/100\n|switch|p1b: The Emperor|Kingambit, L50, M|100/100\n|switch|p2a: Meowstic|Meowstic, L50, M|100/100\n|switch|p2b: Excadrill|Excadrill, L50, F|100/100\n|turn|1\n|inactive|VGCPhantom has 30 seconds left.\n|inactive|VGCPhantom has 20 seconds left.\n|\n|t:|1776111255\n|switch|p1a: Incineroar|Incineroar, L50, F|100/100\n|-ability|p1a: Incineroar|Intimidate|boost\n|-unboost|p2a: Meowstic|atk|1\n|-unboost|p2b: Excadrill|atk|1\n|detailschange|p2b: Excadrill|Excadrill-Mega, L50, F\n|-mega|p2b: Excadrill|Excadrill|Excadrite\n|move|p2a: Meowstic|Psychic Terrain|p2a: Meowstic\n|-fieldstart|move: Psychic Terrain\n|move|p1b: The Emperor|Sucker Punch||[still]\n|-fail|p1b: The Emperor\n|move|p2b: Excadrill|Drill Run|p1b: The Emperor\n|-supereffective|p1b: The Emperor|1\n|-damage|p1b: The Emperor|47/100\n|\n|upkeep\n|turn|2\n|inactive|VGCPhantom has 30 seconds left.\n|inactive|IanIsBored has 30 seconds left.\n|\n|t:|1776111291\n|switch|p2a: Basculegion|Basculegion, L50, M|100/100\n|switch|p1b: Superman|Golurk, L50|100/100\n|move|p2b: Excadrill|Drill Run|p1b: Superman\n|-damage|p1b: Superman|63/100\n|move|p1a: Incineroar|Flare Blitz|p2b: Excadrill\n|-supereffective|p2b: Excadrill|1\n|-damage|p2b: Excadrill|3/100\n|-status|p2b: Excadrill|brn\n|-damage|p1a: Incineroar|66/100|[from] Recoil\n|\n|-damage|p2b: Excadrill|0 fnt|[from] brn\n|faint|p2b: Excadrill\n|upkeep\n|\n|t:|1776111310\n|switch|p2b: Armarouge|Armarouge, L50, F|100/100\n|turn|3\n|inactive|VGCPhantom has 30 seconds left.\n|\n|t:|1776111345\n|detailschange|p1b: Superman|Golurk-Mega, L50\n|-mega|p1b: Superman|Golurk|Golurkite\n|move|p2b: Armarouge|Aura Sphere|p1a: Incineroar\n|-supereffective|p1a: Incineroar|1\n|-damage|p1a: Incineroar|12/100\n|move|p2a: Basculegion|Wave Crash|p1b: Superman\n|-supereffective|p1b: Superman|1\n|-damage|p1b: Superman|0 fnt\n|faint|p1b: Superman\n|-damage|p2a: Basculegion|82/100|[from] Recoil\n|move|p1a: Incineroar|Snarl|p2b: Armarouge|[spread] p2a,p2b\n|-supereffective|p2a: Basculegion|1\n|-supereffective|p2b: Armarouge|1\n|-damage|p2a: Basculegion|59/100\n|-damage|p2b: Armarouge|75/100\n|-unboost|p2a: Basculegion|spa|1\n|-unboost|p2b: Armarouge|spa|1\n|\n|upkeep\n|\n|t:|1776111357\n|switch|p1b: Long Boi Slim|Farigiraf, L50, F|100/100\n|turn|4\n|inactive|VGCPhantom has 30 seconds left.\n|\n|t:|1776111387\n|switch|p2a: Meowstic|Meowstic, L50, M|100/100\n|move|p2b: Armarouge|Aura Sphere|p1a: Incineroar\n|-supereffective|p1a: Incineroar|1\n|-damage|p1a: Incineroar|0 fnt\n|faint|p1a: Incineroar\n|move|p1b: Long Boi Slim|Trick Room|p1b: Long Boi Slim\n|-fieldstart|move: Trick Room|[of] p1b: Long Boi Slim\n|\n|upkeep\n|\n|t:|1776111396\n|switch|p1a: The Emperor|Kingambit, L50, M|47/100\n|turn|5\n|\n|t:|1776111421\n|move|p2a: Meowstic|Fake Tears||[still]\n|cant|p1b: Long Boi Slim|ability: Armor Tail|Fake Tears|[of] p2a: Meowstic\n|move|p1a: The Emperor|Kowtow Cleave|p2b: Armarouge\n|-supereffective|p2b: Armarouge|1\n|-damage|p2b: Armarouge|0 fnt\n|faint|p2b: Armarouge\n|move|p1b: Long Boi Slim|Hyper Voice|p2a: Meowstic\n|-damage|p2a: Meowstic|50/100\n|\n|-fieldend|move: Psychic Terrain\n|upkeep\n|\n|t:|1776111425\n|switch|p2b: Basculegion|Basculegion, L50, M|59/100\n|turn|6\n|\n|t:|1776111448\n|move|p2b: Basculegion|Protect|p2b: Basculegion\n|-singleturn|p2b: Basculegion|Protect\n|move|p1a: The Emperor|Sucker Punch||[still]\n|-fail|p1a: The Emperor\n|move|p1b: Long Boi Slim|Hyper Voice|p2a: Meowstic|[spread] p2a\n|-activate|p2b: Basculegion|move: Protect\n|-damage|p2a: Meowstic|15/100\n|move|p2a: Meowstic|Psychic|p1a: The Emperor\n|-immune|p1a: The Emperor\n|\n|upkeep\n|turn|7\n|-message|VGCPhantom forfeited.\n|\n|win|IanIsBored\n|raw|IanIsBored's rating: 1042 &rarr; <strong>1078</strong><br />(+36 for winning)\n|raw|VGCPhantom's rating: 1070 &rarr; <strong>1048</strong><br />(-22 for losing)\n|l|\u2606VGCPhantom\n|player|p2|\n",
  "uploadtime": 1776111467,
  "views": 13,
  "formatid": "gen9championsvgc2026regma",
  "rating": 1048,
  "private": 0,
  "password": null
}