{
  "id": "gen9championsvgc2026regma-2585860146",
  "format": "[Gen 9 Champions] VGC 2026 Reg M-A",
  "players": [
    "LameNerdMan",
    "Escobarco"
  ],
  "log": "|j|\u2606LameNerdMan\n|j|\u2606Escobarco\n|t:|1776376224\n|gametype|doubles\n|player|p1|LameNerdMan|guitarist|1110\n|player|p2|Escobarco|ingo|1079\n|gen|9\n|tier|[Gen 9 Champions] VGC 2026 Reg M-A\n|rated|\n|rule|Species Clause: Limit one of each Pok\u00e9mon\n|rule|Item Clause: Limit 1 of each item\n|clearpoke\n|poke|p1|Gengar, L50, F|\n|poke|p1|Maushold-Four, L50|\n|poke|p1|Archaludon, L50, F|\n|poke|p1|Sableye, L50, F|\n|poke|p1|Politoed, L50, F|\n|poke|p1|Quaquaval, L50, F|\n|poke|p2|Hawlucha, L50, M|\n|poke|p2|Excadrill, L50, M|\n|poke|p2|Tyranitar, L50, F|\n|poke|p2|Ceruledge, L50, F|\n|poke|p2|Froslass, L50, F|\n|poke|p2|Abomasnow, L50, F|\n|teampreview|4\n|inactive|Battle timer is ON: inactive players will automatically lose when time's up. (requested by LameNerdMan)\n|\n|t:|1776376242\n|teamsize|p1|4\n|teamsize|p2|4\n|start\n|switch|p1a: Lil Shit|Sableye, L50, F|100/100\n|switch|p1b: F I S H|Quaquaval, L50, F|100/100\n|switch|p2a: Hawlucha|Hawlucha, L50, M|100/100\n|switch|p2b: Excadrill|Excadrill, L50, M|100/100\n|-ability|p2a: Hawlucha|Mold Breaker\n|-ability|p2b: Excadrill|Mold Breaker\n|turn|1\n|\n|t:|1776376254\n|detailschange|p2a: Hawlucha|Hawlucha-Mega, L50, M\n|-mega|p2a: Hawlucha|Hawlucha|Hawluchanite\n|move|p1b: F I S H|Detect|p1b: F I S H\n|-singleturn|p1b: F I S H|Protect\n|move|p1a: Lil Shit|Reflect|p1a: Lil Shit\n|-sidestart|p1: LameNerdMan|Reflect\n|move|p2a: Hawlucha|Entrainment|p2b: Excadrill\n|-ability|p2b: Excadrill|No Guard|Mold Breaker|[from] move: Entrainment|[of] p2a: Hawlucha\n|move|p2b: Excadrill|Horn Drill|p1b: F I S H\n|-activate|p1b: F I S H|move: Protect\n|\n|upkeep\n|turn|2\n|c|\u2606LameNerdMan|ohhhhh cool\n|inactive|LameNerdMan has 30 seconds left.\n|\n|t:|1776376283\n|move|p1a: Lil Shit|Will-O-Wisp|p2a: Hawlucha\n|-status|p2a: Hawlucha|brn\n|move|p2a: Hawlucha|Dual Wingbeat|p1a: Lil Shit\n|-damage|p1a: Lil Shit|94/100\n|-damage|p1a: Lil Shit|87/100\n|-hitcount|p1a: Lil Shit|2\n|move|p2b: Excadrill|Horn Drill|p1b: F I S H\n|-damage|p1b: F I S H|0 fnt\n|faint|p1b: F I S H\n|-ohko\n|\n|-damage|p2a: Hawlucha|95/100 brn|[from] brn\n|upkeep\n|\n|t:|1776376295\n|switch|p1b: MAH BOI|Gengar, L50, F, shiny|100/100\n|turn|3\n|\n|t:|1776376307\n|switch|p2a: Tyranitar|Tyranitar, L50, F|100/100\n|-weather|Sandstorm|[from] ability: Sand Stream|[of] p2a: Tyranitar\n|detailschange|p1b: MAH BOI|Gengar-Mega, L50, F, shiny\n|-mega|p1b: MAH BOI|Gengar|Gengarite\n|move|p1a: Lil Shit|Will-O-Wisp|p2b: Excadrill\n|-status|p2b: Excadrill|brn\n|move|p1b: MAH BOI|Perish Song|p1b: MAH BOI\n|-start|p1a: Lil Shit|perish3|[silent]\n|-start|p1b: MAH BOI|perish3|[silent]\n|-start|p2a: Tyranitar|perish3|[silent]\n|-start|p2b: Excadrill|perish3|[silent]\n|-fieldactivate|move: Perish Song\n|move|p2b: Excadrill|Earthquake|p1a: Lil Shit|[spread] p2a,p1a,p1b\n|-supereffective|p2a: Tyranitar|1\n|-supereffective|p1b: MAH BOI|1\n|-damage|p2a: Tyranitar|70/100\n|-damage|p1a: Lil Shit|75/100\n|-damage|p1b: MAH BOI|60/100\n|\n|-weather|Sandstorm|[upkeep]\n|-damage|p1b: MAH BOI|54/100|[from] Sandstorm\n|-damage|p1a: Lil Shit|69/100|[from] Sandstorm\n|-heal|p2a: Tyranitar|76/100|[from] item: Leftovers\n|-damage|p2b: Excadrill|95/100 brn|[from] brn\n|-start|p1b: MAH BOI|perish3\n|-start|p2b: Excadrill|perish3\n|-start|p2a: Tyranitar|perish3\n|-start|p1a: Lil Shit|perish3\n|upkeep\n|turn|4\n|inactive|LameNerdMan has 30 seconds left.\n|\n|t:|1776376333\n|move|p1b: MAH BOI|Protect|p1b: MAH BOI\n|-singleturn|p1b: MAH BOI|Protect\n|move|p1a: Lil Shit|Will-O-Wisp|p2a: Tyranitar\n|-hint|Since gen 7, Dark is immune to Prankster moves.\n|-immune|p2a: Tyranitar\n|move|p2b: Excadrill|Megahorn|p1a: Lil Shit\n|-damage|p1a: Lil Shit|57/100\n|move|p2a: Tyranitar|Crunch|p1b: MAH BOI\n|-activate|p1b: MAH BOI|move: Protect\n|\n|-weather|Sandstorm|[upkeep]\n|-damage|p1b: MAH BOI|48/100|[from] Sandstorm\n|-damage|p1a: Lil Shit|51/100|[from] Sandstorm\n|-heal|p2a: Tyranitar|82/100|[from] item: Leftovers\n|-damage|p2b: Excadrill|89/100 brn|[from] brn\n|-start|p1b: MAH BOI|perish2\n|-start|p2b: Excadrill|perish2\n|-start|p2a: Tyranitar|perish2\n|-start|p1a: Lil Shit|perish2\n|upkeep\n|turn|5\n|inactive|LameNerdMan has 30 seconds left.\n|\n|t:|1776376359\n|move|p1a: Lil Shit|Rain Dance|p1a: Lil Shit\n|-weather|RainDance\n|move|p1b: MAH BOI|Sludge Bomb|p2a: Tyranitar\n|-resisted|p2a: Tyranitar|1\n|-damage|p2a: Tyranitar|54/100\n|move|p2b: Excadrill|Iron Head|p1a: Lil Shit\n|-damage|p1a: Lil Shit|37/100\n|move|p2a: Tyranitar|Crunch|p1b: MAH BOI\n|-supereffective|p1b: MAH BOI|1\n|-damage|p1b: MAH BOI|0 fnt\n|faint|p1b: MAH BOI\n|\n|-weather|RainDance|[upkeep]\n|-heal|p2a: Tyranitar|59/100|[from] item: Leftovers\n|-damage|p2b: Excadrill|83/100 brn|[from] brn\n|-start|p2b: Excadrill|perish1\n|-start|p2a: Tyranitar|perish1\n|-start|p1a: Lil Shit|perish1\n|-sideend|p1: LameNerdMan|Reflect\n|upkeep\n|c|\u2606LameNerdMan|ggs\n|\n|t:|1776376376\n|switch|p1b: Family Guys|Maushold-Four, L50|100/100\n|turn|6\n|\n|t:|1776376388\n|switch|p2b: Ceruledge|Ceruledge, L50, F|100/100\n|switch|p2a: Hawlucha|Hawlucha-Mega, L50, M|95/100 brn\n|move|p1b: Family Guys|Population Bomb|p2b: Ceruledge\n|-immune|p2b: Ceruledge\n|move|p1a: Lil Shit|Night Shade|p2a: Hawlucha\n|-damage|p2a: Hawlucha|62/100 brn\n|\n|-weather|RainDance|[upkeep]\n|-damage|p2a: Hawlucha|57/100 brn|[from] brn\n|-start|p1a: Lil Shit|perish0\n|upkeep\n|faint|p1a: Lil Shit\n|turn|7\n|\n|t:|1776376408\n|move|p2b: Ceruledge|Vacuum Wave|p1b: Family Guys\n|-supereffective|p1b: Family Guys|1\n|-damage|p1b: Family Guys|84/100\n|move|p2a: Hawlucha|Cross Chop|p1b: Family Guys\n|-supereffective|p1b: Family Guys|1\n|-damage|p1b: Family Guys|18/100\n|-enditem|p1b: Family Guys|Sitrus Berry|[eat]\n|-heal|p1b: Family Guys|42/100|[from] item: Sitrus Berry\n|move|p1b: Family Guys|Population Bomb|p2a: Hawlucha\n|-damage|p2a: Hawlucha|50/100 brn\n|-crit|p2a: Hawlucha\n|-damage|p2a: Hawlucha|40/100 brn\n|-crit|p2a: Hawlucha\n|-damage|p2a: Hawlucha|30/100 brn\n|-damage|p2a: Hawlucha|23/100 brn\n|-damage|p2a: Hawlucha|17/100 brn\n|-damage|p2a: Hawlucha|11/100 brn\n|-damage|p2a: Hawlucha|4/100 brn\n|-damage|p2a: Hawlucha|0 fnt\n|faint|p2a: Hawlucha\n|-hitcount|p2: Hawlucha|8\n|\n|-weather|RainDance|[upkeep]\n|upkeep\n|\n|t:|1776376420\n|switch|p2a: Tyranitar|Tyranitar, L50, F|59/100\n|-weather|Sandstorm|[from] ability: Sand Stream|[of] p2a: Tyranitar\n|turn|8\n|\n|t:|1776376433\n|move|p1b: Family Guys|Encore|p2b: Ceruledge\n|-start|p2b: Ceruledge|Encore\n|move|p2b: Ceruledge|Vacuum Wave|p1b: Family Guys\n|-supereffective|p1b: Family Guys|1\n|-damage|p1b: Family Guys|26/100\n|move|p2a: Tyranitar|Crunch|p1b: Family Guys\n|-damage|p1b: Family Guys|0 fnt\n|faint|p1b: Family Guys\n|\n|win|Escobarco\n|raw|LameNerdMan's rating: 1110 &rarr; <strong>1083</strong><br />(-27 for losing)\n|raw|Escobarco's rating: 1079 &rarr; <strong>1110</strong><br />(+31 for winning)\n|c|\u2606Escobarco|gg\n",
  "uploadtime": 1776376443,
  "views": 14,
  "formatid": "gen9championsvgc2026regma",
  "rating": 1083,
  "private": 0,
  "password": null
}