{
  "id": "gen9championsvgc2026regma-2585491003",
  "format": "[Gen 9 Champions] VGC 2026 Reg M-A",
  "players": [
    "amendoleaa",
    "Nanashi ID"
  ],
  "log": "|j|\u2606amendoleaa\n|j|\u2606Nanashi ID\n|t:|1776351089\n|gametype|doubles\n|player|p1|amendoleaa|2|1174\n|player|p2|Nanashi ID|lance-gen2|1154\n|gen|9\n|tier|[Gen 9 Champions] VGC 2026 Reg M-A\n|rated|\n|rule|Species Clause: Limit one of each Pok\u00e9mon\n|rule|Item Clause: Limit 1 of each item\n|clearpoke\n|poke|p1|Charizard, L50, F|\n|poke|p1|Sneasler, L50, F|\n|poke|p1|Garchomp, L50, F|\n|poke|p1|Incineroar, L50, M|\n|poke|p1|Venusaur, L50, M|\n|poke|p1|Weavile, L50, F|\n|poke|p2|Kingambit, L50, M|\n|poke|p2|Kangaskhan, L50, F|\n|poke|p2|Volcarona, L50, F|\n|poke|p2|Meganium, L50, F|\n|poke|p2|Aerodactyl, L50, M|\n|poke|p2|Rotom-Wash, L50|\n|teampreview|4\n|inactive|Battle timer is ON: inactive players will automatically lose when time's up. (requested by amendoleaa)\n|inactive|amendoleaa has 60 seconds left.\n|inactive|Nanashi ID has 60 seconds left.\n|\n|t:|1776351123\n|teamsize|p1|4\n|teamsize|p2|4\n|start\n|switch|p1a: Charizard|Charizard, L50, F|100/100\n|switch|p1b: Weavile|Weavile, L50, F|100/100\n|switch|p2a: Aerodactyl|Aerodactyl, L50, M|100/100\n|switch|p2b: Kingambit|Kingambit, L50, M, shiny|100/100\n|-ability|p2a: Aerodactyl|Unnerve\n|-ability|p1b: Weavile|Pressure\n|turn|1\n|inactive|Nanashi ID has 30 seconds left.\n|inactive|Nanashi ID has 20 seconds left.\n|inactive|Nanashi ID has 15 seconds left.\n|inactive|Nanashi ID has 10 seconds left.\n|inactive|Nanashi ID has 5 seconds left.\n|\n|t:|1776351176\n|detailschange|p1a: Charizard|Charizard-Mega-Y, L50, F\n|-mega|p1a: Charizard|Charizard|Charizardite Y\n|-weather|SunnyDay|[from] ability: Drought|[of] p1a: Charizard\n|move|p2b: Kingambit|Sucker Punch|p1a: Charizard\n|-damage|p1a: Charizard|49/100\n|move|p1b: Weavile|Triple Axel|p2a: Aerodactyl\n|-supereffective|p2a: Aerodactyl|1\n|-damage|p2a: Aerodactyl|62/100\n|-supereffective|p2a: Aerodactyl|1\n|-damage|p2a: Aerodactyl|0 fnt\n|faint|p2a: Aerodactyl\n|-hitcount|p2: Aerodactyl|2\n|move|p1a: Charizard|Heat Wave|p2b: Kingambit|[miss]\n|-miss|p1a: Charizard|p2b: Kingambit\n|\n|-weather|SunnyDay|[upkeep]\n|upkeep\n|\n|t:|1776351184\n|switch|p2a: Rotom|Rotom-Wash, L50|100/100\n|turn|2\n|\n|t:|1776351202\n|switch|p1a: Garchomp|Garchomp, L50, F|100/100\n|switch|p2b: Meganium|Meganium, L50, F|100/100\n|move|p1b: Weavile|Triple Axel|p2b: Meganium\n|-supereffective|p2b: Meganium|1\n|-damage|p2b: Meganium|78/100\n|-supereffective|p2b: Meganium|1\n|-damage|p2b: Meganium|35/100\n|-supereffective|p2b: Meganium|1\n|-damage|p2b: Meganium|0 fnt\n|faint|p2b: Meganium\n|-hitcount|p2: Meganium|3\n|move|p2a: Rotom|Thunderbolt|p1a: Garchomp\n|-immune|p1a: Garchomp\n|\n|-weather|SunnyDay|[upkeep]\n|upkeep\n|\n|t:|1776351214\n|switch|p2b: Kingambit|Kingambit, L50, M, shiny|100/100\n|turn|3\n|\n|t:|1776351233\n|switch|p1b: Charizard|Charizard-Mega-Y, L50, F|49/100\n|move|p2a: Rotom|Thunderbolt|p1b: Charizard\n|-supereffective|p1b: Charizard|1\n|-damage|p1b: Charizard|0 fnt\n|faint|p1b: Charizard\n|move|p1a: Garchomp|Dragon Claw|p2a: Rotom\n|-damage|p2a: Rotom|44/100\n|move|p2b: Kingambit|Assurance|p1a: Garchomp\n|-damage|p1a: Garchomp|70/100\n|-damage|p2b: Kingambit|88/100|[from] ability: Rough Skin|[of] p1a: Garchomp\n|\n|-weather|SunnyDay|[upkeep]\n|upkeep\n|\n|t:|1776351248\n|switch|p1b: Weavile|Weavile, L50, F|100/100\n|-ability|p1b: Weavile|Pressure\n|turn|4\n|inactive|Nanashi ID has 30 seconds left.\n|\n|t:|1776351276\n|move|p1a: Garchomp|Protect|p1a: Garchomp\n|-singleturn|p1a: Garchomp|Protect\n|move|p2b: Kingambit|Sucker Punch||[still]\n|-fail|p2b: Kingambit\n|move|p1b: Weavile|Knock Off|p2a: Rotom\n|-crit|p2a: Rotom\n|-damage|p2a: Rotom|0 fnt\n|-enditem|p2a: Rotom|Choice Scarf|[from] move: Knock Off|[of] p1b: Weavile\n|faint|p2a: Rotom\n|\n|-weather|SunnyDay|[upkeep]\n|upkeep\n|turn|5\n|\n|t:|1776351300\n|move|p1b: Weavile|Knock Off|p2b: Kingambit\n|-resisted|p2b: Kingambit|1\n|-damage|p2b: Kingambit|70/100\n|-enditem|p2b: Kingambit|Chople Berry|[from] move: Knock Off|[of] p1b: Weavile\n|move|p1a: Garchomp|Dragon Claw|p2b: Kingambit\n|-resisted|p2b: Kingambit|1\n|-damage|p2b: Kingambit|53/100\n|move|p2b: Kingambit|Iron Head|p1b: Weavile\n|-supereffective|p1b: Weavile|1\n|-damage|p1b: Weavile|0 fnt\n|faint|p1b: Weavile\n|\n|-weather|none\n|upkeep\n|\n|t:|1776351309\n|switch|p1b: Sneasler|Sneasler, L50, F|100/100\n|turn|6\n|inactive|Nanashi ID has 30 seconds left.\n|inactive|Nanashi ID has 20 seconds left.\n|inactive|Nanashi ID has 15 seconds left.\n|inactive|Nanashi ID has 10 seconds left.\n|inactive|Nanashi ID has 5 seconds left.\n|\n|t:|1776351360\n|move|p2b: Kingambit|Sucker Punch|p1a: Garchomp\n|-damage|p1a: Garchomp|35/100\n|-damage|p2b: Kingambit|41/100|[from] ability: Rough Skin|[of] p1a: Garchomp\n|move|p1b: Sneasler|Close Combat|p2b: Kingambit\n|-supereffective|p2b: Kingambit|2\n|-damage|p2b: Kingambit|0 fnt\n|-unboost|p1b: Sneasler|def|1\n|-unboost|p1b: Sneasler|spd|1\n|faint|p2b: Kingambit\n|\n|win|amendoleaa\n|raw|amendoleaa's rating: 1174 &rarr; <strong>1198</strong><br />(+24 for winning)\n|raw|Nanashi ID's rating: 1154 &rarr; <strong>1130</strong><br />(-24 for losing)\n",
  "uploadtime": 1776351389,
  "views": 36,
  "formatid": "gen9championsvgc2026regma",
  "rating": 1130,
  "private": 0,
  "password": null
}