{
  "id": "gen9championsvgc2026regma-2581333532",
  "format": "[Gen 9 Champions] VGC 2026 Reg M-A",
  "players": [
    "lakeandbake",
    "samdabest88"
  ],
  "log": "|j|\u203dlakeandbake\n|j|\u2606samdabest88\n|t:|1775987995\n|gametype|doubles\n|player|p1|lakeandbake|iono-masters|1081\n|player|p2|samdabest88|crasherwake|1081\n|gen|9\n|tier|[Gen 9 Champions] VGC 2026 Reg M-A\n|rated|\n|rule|Species Clause: Limit one of each Pok\u00e9mon\n|rule|Item Clause: Limit 1 of each item\n|clearpoke\n|poke|p1|Garchomp, L50, M|\n|poke|p1|Aerodactyl, L50, F|\n|poke|p1|Rotom-Wash, L50|\n|poke|p1|Sneasler, L50, M|\n|poke|p1|Incineroar, L50, F|\n|poke|p1|Delphox, L50, F|\n|poke|p2|Froslass, L50, F|\n|poke|p2|Garchomp, L50, F|\n|poke|p2|Rotom-Frost, L50|\n|poke|p2|Empoleon, L50, M|\n|poke|p2|Incineroar, L50, F|\n|poke|p2|Kingambit, L50, F|\n|teampreview|4\n|inactive|Battle timer is ON: inactive players will automatically lose when time's up. (requested by samdabest88)\n|inactive|lakeandbake has 60 seconds left.\n|inactive|lakeandbake has 30 seconds left.\n|\n|t:|1775988078\n|teamsize|p1|4\n|teamsize|p2|4\n|start\n|switch|p1a: Delphox|Delphox, L50, F|100/100\n|switch|p1b: Garchomp|Garchomp, L50, M|100/100\n|switch|p2a: Froslass|Froslass, L50, F|100/100\n|switch|p2b: Incineroar|Incineroar, L50, F|100/100\n|-ability|p2b: Incineroar|Intimidate|boost\n|-unboost|p1a: Delphox|atk|1\n|-unboost|p1b: Garchomp|atk|1\n|turn|1\n|\n|t:|1775988099\n|switch|p1a: Rotom|Rotom-Wash, L50|100/100\n|detailschange|p2a: Froslass|Froslass-Mega, L50, F\n|-mega|p2a: Froslass|Froslass|Froslassite\n|-weather|Snowscape|[from] ability: Snow Warning|[of] p2a: Froslass\n|move|p2b: Incineroar|Fake Out|p1a: Rotom\n|-damage|p1a: Rotom|88/100\n|move|p1b: Garchomp|Bulldoze|p2a: Froslass|[spread] p2a,p2b\n|-immune|p1a: Rotom|[from] ability: Levitate\n|-supereffective|p2b: Incineroar|1\n|-damage|p2a: Froslass|82/100\n|-damage|p2b: Incineroar|67/100\n|-unboost|p2a: Froslass|spe|1\n|-unboost|p2b: Incineroar|spe|1\n|move|p2a: Froslass|Blizzard|p1b: Garchomp|[spread] p1a,p1b\n|-resisted|p1a: Rotom|1\n|-supereffective|p1b: Garchomp|2\n|-damage|p1a: Rotom|64/100\n|-damage|p1b: Garchomp|0 fnt\n|faint|p1b: Garchomp\n|\n|-weather|Snowscape|[upkeep]\n|-heal|p1a: Rotom|69/100|[from] item: Leftovers\n|upkeep\n|\n|t:|1775988118\n|switch|p1b: Delphox|Delphox, L50, F|100/100\n|turn|2\n|\n|t:|1775988132\n|detailschange|p1b: Delphox|Delphox-Mega, L50, F\n|-mega|p1b: Delphox|Delphox|Delphoxite\n|move|p2a: Froslass|Protect|p2a: Froslass\n|-singleturn|p2a: Froslass|Protect\n|move|p1b: Delphox|Heat Wave|p2a: Froslass|[spread] p2b\n|-activate|p2a: Froslass|move: Protect\n|-resisted|p2b: Incineroar|1\n|-damage|p2b: Incineroar|47/100\n|-enditem|p2b: Incineroar|Sitrus Berry|[eat]\n|-heal|p2b: Incineroar|72/100|[from] item: Sitrus Berry\n|move|p1a: Rotom|Hydro Pump|p2b: Incineroar\n|-supereffective|p2b: Incineroar|1\n|-damage|p2b: Incineroar|0 fnt\n|faint|p2b: Incineroar\n|\n|-weather|Snowscape|[upkeep]\n|-heal|p1a: Rotom|75/100|[from] item: Leftovers\n|upkeep\n|\n|t:|1775988143\n|switch|p2b: Kingambit|Kingambit, L50, F, shiny|100/100\n|turn|3\n|\n|t:|1775988151\n|move|p1b: Delphox|Protect|p1b: Delphox\n|-singleturn|p1b: Delphox|Protect\n|move|p2b: Kingambit|Sucker Punch||[still]\n|-fail|p2b: Kingambit\n|move|p2a: Froslass|Shadow Ball|p1b: Delphox\n|-activate|p1b: Delphox|move: Protect\n|move|p1a: Rotom|Will-O-Wisp|p2b: Kingambit\n|-status|p2b: Kingambit|brn\n|\n|-weather|Snowscape|[upkeep]\n|-heal|p1a: Rotom|81/100|[from] item: Leftovers\n|-damage|p2b: Kingambit|95/100 brn|[from] brn\n|upkeep\n|turn|4\n|inactive|lakeandbake has 30 seconds left.\n|\n|t:|1775988181\n|move|p2b: Kingambit|Sucker Punch|p1b: Delphox\n|-supereffective|p1b: Delphox|1\n|-damage|p1b: Delphox|41/100\n|move|p1b: Delphox|Heat Wave|p2b: Kingambit|[spread] p2a,p2b\n|-supereffective|p2a: Froslass|1\n|-supereffective|p2b: Kingambit|1\n|-damage|p2a: Froslass|0 fnt\n|-damage|p2b: Kingambit|0 fnt\n|faint|p2a: Froslass\n|faint|p2b: Kingambit\n|move|p1a: Rotom|Thunderbolt|p2: Froslass|[notarget]\n|-fail|p1a: Rotom\n|\n|-weather|Snowscape|[upkeep]\n|-heal|p1a: Rotom|86/100|[from] item: Leftovers\n|upkeep\n|\n|t:|1775988187\n|switch|p2a: Rotom|Rotom-Frost, L50, shiny|100/100\n|turn|5\n|\n|t:|1775988199\n|move|p1b: Delphox|Protect|p1b: Delphox\n|-singleturn|p1b: Delphox|Protect\n|move|p2a: Rotom|Electroweb|p1a: Rotom|[spread] p1a\n|-activate|p1b: Delphox|move: Protect\n|-damage|p1a: Rotom|67/100\n|-unboost|p1a: Rotom|spe|1\n|move|p1a: Rotom|Thunderbolt|p2a: Rotom\n|-resisted|p2a: Rotom|1\n|-crit|p2a: Rotom\n|-damage|p2a: Rotom|64/100\n|\n|-weather|none\n|-heal|p1a: Rotom|72/100|[from] item: Leftovers\n|upkeep\n|turn|6\n|\n|t:|1775988214\n|move|p2a: Rotom|Electroweb|p1b: Delphox|[spread] p1a,p1b\n|-damage|p1a: Rotom|53/100\n|-damage|p1b: Delphox|24/100\n|-unboost|p1a: Rotom|spe|1\n|-unboost|p1b: Delphox|spe|1\n|move|p1b: Delphox|Heat Wave|p2a: Rotom\n|-supereffective|p2a: Rotom|1\n|-damage|p2a: Rotom|0 fnt\n|faint|p2a: Rotom\n|\n|win|lakeandbake\n|raw|lakeandbake's rating: 1081 &rarr; <strong>1109</strong><br />(+28 for winning)\n|raw|samdabest88's rating: 1081 &rarr; <strong>1059</strong><br />(-22 for losing)\n",
  "uploadtime": 1775988215,
  "views": 14,
  "formatid": "gen9championsvgc2026regma",
  "rating": 1059,
  "private": 0,
  "password": null
}