{
  "id": "gen9championsvgc2026regma-2581693687",
  "format": "[Gen 9 Champions] VGC 2026 Reg M-A",
  "players": [
    "ohaimiles",
    "Lol i am noob"
  ],
  "log": "|j|\u2606ohaimiles\n|j|\u2606Lol i am noob\n|t:|1776021229\n|gametype|doubles\n|player|p1|ohaimiles|102|1335\n|player|p2|Lol i am noob|2|1321\n|gen|9\n|tier|[Gen 9 Champions] VGC 2026 Reg M-A\n|rated|\n|rule|Species Clause: Limit one of each Pok\u00e9mon\n|rule|Item Clause: Limit 1 of each item\n|clearpoke\n|poke|p1|Froslass, L50, F|\n|poke|p1|Maushold-Four, L50|\n|poke|p1|Rotom-Frost, L50|\n|poke|p1|Garchomp, L50, F|\n|poke|p1|Incineroar, L50, F|\n|poke|p2|Incineroar, L50, F|\n|poke|p2|Sylveon, L50, F|\n|poke|p2|Scizor, L50, M|\n|poke|p2|Sinistcha-Masterpiece, L50|\n|poke|p2|Palafin, L50, F|\n|poke|p2|Dragonite, L50, F|\n|teampreview|4\n|inactive|Battle timer is ON: inactive players will automatically lose when time's up. (requested by Lol i am noob)\nohaimiles has agreed to open team sheets.\n|inactive|ohaimiles has 60 seconds left.\n|inactive|Lol i am noob has 60 seconds left.\n|inactive|Lol i am noob has 30 seconds left.\n|inactive|Lol i am noob has 20 seconds left.\n|\n|t:|1776021302\n|teamsize|p1|4\n|teamsize|p2|4\n|start\n|switch|p1a: Incineroar|Incineroar, L50, F|100/100\n|switch|p1b: Froslass|Froslass, L50, F|100/100\n|switch|p2a: Hate Floette|Scizor, L50, M|100/100\n|switch|p2b: THEY GAVE UP ON ME|Palafin, L50, F, shiny|100/100\n|-ability|p1a: Incineroar|Intimidate|boost\n|-unboost|p2a: Hate Floette|atk|1\n|-unboost|p2b: THEY GAVE UP ON ME|atk|1\n|turn|1\n|\n|t:|1776021322\n|detailschange|p1b: Froslass|Froslass-Mega, L50, F\n|-mega|p1b: Froslass|Froslass|Froslassite\n|-weather|Snowscape|[from] ability: Snow Warning|[of] p1b: Froslass\n|move|p2b: THEY GAVE UP ON ME|Protect|p2b: THEY GAVE UP ON ME\n|-singleturn|p2b: THEY GAVE UP ON ME|Protect\n|move|p2a: Hate Floette|Protect|p2a: Hate Floette\n|-singleturn|p2a: Hate Floette|Protect\n|move|p1b: Froslass|Nasty Plot|p1b: Froslass\n|-boost|p1b: Froslass|spa|2\n|move|p1a: Incineroar|Flare Blitz|p2a: Hate Floette\n|-activate|p2a: Hate Floette|move: Protect\n|\n|-weather|Snowscape|[upkeep]\n|upkeep\n|turn|2\n|\n|t:|1776021342\n|detailschange|p2a: Hate Floette|Scizor-Mega, L50, M\n|-mega|p2a: Hate Floette|Scizor|Scizorite\n|move|p1b: Froslass|Shadow Ball|p2b: THEY GAVE UP ON ME\n|-damage|p2b: THEY GAVE UP ON ME|0 fnt\n|faint|p2b: THEY GAVE UP ON ME\n|move|p2a: Hate Floette|Swords Dance|p2a: Hate Floette\n|-boost|p2a: Hate Floette|atk|2\n|move|p1a: Incineroar|Flare Blitz|p2a: Hate Floette\n|-supereffective|p2a: Hate Floette|2\n|-damage|p2a: Hate Floette|0 fnt\n|faint|p2a: Hate Floette\n|-damage|p1a: Incineroar|72/100|[from] Recoil\n|\n|-weather|Snowscape|[upkeep]\n|upkeep\n|\n|t:|1776021350\n|switch|p2b: Baby-Xern|Sylveon, L50, F|100/100\n|switch|p2a: Obligatory|Incineroar, L50, F|100/100\n|-ability|p2a: Obligatory|Intimidate|boost\n|-unboost|p1a: Incineroar|atk|1\n|-unboost|p1b: Froslass|atk|1\n|turn|3\n|\n|t:|1776021368\n|switch|p1a: Maushold|Maushold-Four, L50|100/100\n|move|p2b: Baby-Xern|Helping Hand|p2a: Obligatory\n|-singleturn|p2a: Obligatory|Helping Hand|[of] p2b: Baby-Xern\n|move|p1b: Froslass|Protect|p1b: Froslass\n|-singleturn|p1b: Froslass|Protect\n|move|p2a: Obligatory|Flare Blitz|p1b: Froslass\n|-activate|p1b: Froslass|move: Protect\n|\n|-weather|Snowscape|[upkeep]\n|upkeep\n|turn|4\n|\n|t:|1776021382\n|move|p1a: Maushold|Follow Me|p1a: Maushold\n|-singleturn|p1a: Maushold|move: Follow Me\n|move|p1b: Froslass|Blizzard|p2a: Obligatory|[spread] p2a,p2b\n|-resisted|p2a: Obligatory|1\n|-damage|p2a: Obligatory|68/100\n|-damage|p2b: Baby-Xern|39/100\n|move|p2b: Baby-Xern|Hyper Voice|p1a: Maushold|[spread] p1a,p1b\n|-damage|p1a: Maushold|65/100\n|-damage|p1b: Froslass|74/100\n|move|p2a: Obligatory|Flare Blitz|p1a: Maushold\n|-damage|p1a: Maushold|5/100\n|-damage|p2a: Obligatory|50/100|[from] Recoil\n|-enditem|p2a: Obligatory|Sitrus Berry|[eat]\n|-heal|p2a: Obligatory|75/100|[from] item: Sitrus Berry\n|\n|-weather|Snowscape|[upkeep]\n|-heal|p2b: Baby-Xern|44/100|[from] item: Leftovers\n|upkeep\n|turn|5\n|\n|t:|1776021404\n|move|p2b: Baby-Xern|Protect|p2b: Baby-Xern\n|-singleturn|p2b: Baby-Xern|Protect\n|move|p1a: Maushold|Follow Me|p1a: Maushold\n|-singleturn|p1a: Maushold|move: Follow Me\n|move|p1b: Froslass|Blizzard|p2a: Obligatory|[spread] p2a\n|-activate|p2b: Baby-Xern|move: Protect\n|-resisted|p2a: Obligatory|1\n|-damage|p2a: Obligatory|39/100\n|move|p2a: Obligatory|Flare Blitz|p1a: Maushold\n|-damage|p1a: Maushold|0 fnt\n|faint|p1a: Maushold\n|-damage|p2a: Obligatory|37/100|[from] Recoil\n|\n|-weather|none\n|-heal|p2b: Baby-Xern|50/100|[from] item: Leftovers\n|upkeep\n|\n|t:|1776021405\n|switch|p1a: Incineroar|Incineroar, L50, F|72/100\n|-ability|p1a: Incineroar|Intimidate|boost\n|-unboost|p2a: Obligatory|atk|1\n|-unboost|p2b: Baby-Xern|atk|1\n|turn|6\n|\n|t:|1776021415\n|move|p1a: Incineroar|Fake Out|p2a: Obligatory\n|-damage|p2a: Obligatory|26/100\n|move|p1b: Froslass|Shadow Ball|p2b: Baby-Xern\n|-damage|p2b: Baby-Xern|0 fnt\n|faint|p2b: Baby-Xern\n|cant|p2a: Obligatory|flinch\n|\n|upkeep\n|turn|7\n|\n|t:|1776021418\n|move|p1b: Froslass|Shadow Ball|p2a: Obligatory\n|-resisted|p2a: Obligatory|1\n|-damage|p2a: Obligatory|0 fnt\n|faint|p2a: Obligatory\n|\n|win|ohaimiles\n|raw|ohaimiles's rating: 1335 &rarr; <strong>1354</strong><br />(+19 for winning)\n|raw|Lol i am noob's rating: 1321 &rarr; <strong>1302</strong><br />(-19 for losing)\n|l|\u2606Lol i am noob\n|player|p2|\n",
  "uploadtime": 1776021426,
  "views": 28,
  "formatid": "gen9championsvgc2026regma",
  "rating": 1302,
  "private": 0,
  "password": null
}