{
  "id": "gen9championsvgc2026regma-2587450969",
  "format": "[Gen 9 Champions] VGC 2026 Reg M-A",
  "players": [
    "Endergeimer",
    "LudoLudere"
  ],
  "log": "|j|\u2606Endergeimer\n|j|\u2606LudoLudere\n|t:|1776532899\n|gametype|doubles\n|player|p1|Endergeimer|1|1086\n|player|p2|LudoLudere|harlequin|1003\n|gen|9\n|tier|[Gen 9 Champions] VGC 2026 Reg M-A\n|rated|\n|rule|Species Clause: Limit one of each Pok\u00e9mon\n|rule|Item Clause: Limit 1 of each item\n|clearpoke\n|poke|p1|Basculegion, L50, M|\n|poke|p1|Gengar, L50, F|\n|poke|p1|Runerigus, L50, M|\n|poke|p1|Chandelure, L50, F|\n|poke|p1|Trevenant, L50, M|\n|poke|p1|Zoroark-Hisui, L50, M|\n|poke|p2|Passimian, L50, F|\n|poke|p2|Farigiraf, L50, M|\n|poke|p2|Sneasler, L50, M|\n|poke|p2|Incineroar, L50, M|\n|poke|p2|Altaria, L50, M|\n|poke|p2|Beedrill, L50, F|\n|teampreview|4\n|inactive|Battle timer is ON: inactive players will automatically lose when time's up. (requested by LudoLudere)\n|c|\u2606Endergeimer|GLHF...\n|inactive|Endergeimer has 60 seconds left.\n|c|\u2606LudoLudere|glhf\n|\n|t:|1776532935\n|teamsize|p1|4\n|teamsize|p2|4\n|start\n|switch|p1a: Gengar|Gengar, L50, F|100/100\n|switch|p1b: Runerigus|Runerigus, L50, M|100/100\n|switch|p2a: Farigiraf|Farigiraf, L50, M|100/100\n|switch|p2b: Sneasler|Sneasler, L50, M|100/100\n|turn|1\n|\n|t:|1776532956\n|switch|p2b: Incineroar|Incineroar, L50, M|100/100\n|-ability|p2b: Incineroar|Intimidate|boost\n|-unboost|p1a: Gengar|atk|1\n|-unboost|p1b: Runerigus|atk|1\n|move|p1a: Gengar|Protect|p1a: Gengar\n|-singleturn|p1a: Gengar|Protect\n|move|p2a: Farigiraf|Nasty Plot|p2a: Farigiraf\n|-boost|p2a: Farigiraf|spa|2\n|move|p1b: Runerigus|Earthquake|p2a: Farigiraf|[spread] p2a,p2b\n|-activate|p1a: Gengar|move: Protect\n|-supereffective|p2b: Incineroar|1\n|-damage|p2a: Farigiraf|83/100\n|-damage|p2b: Incineroar|71/100\n|\n|upkeep\n|turn|2\n|inactive|Endergeimer has 30 seconds left.\n|inactive|Endergeimer has 20 seconds left.\n|inactive|Endergeimer has 15 seconds left.\n|inactive|Endergeimer has 10 seconds left.\n|\n|t:|1776533004\n|move|p1a: Gengar|Clear Smog|p2a: Farigiraf\n|-damage|p2a: Farigiraf|56/100\n|-clearboost|p2a: Farigiraf\n|move|p2a: Farigiraf|Baton Pass|p2a: Farigiraf\n|\n|t:|1776533010\n|switch|p2a: Altaria|Altaria, L50, M|100/100|[from] Baton Pass\n|-ability|p2a: Altaria|Cloud Nine\n|move|p2b: Incineroar|Darkest Lariat|p1b: Runerigus\n|-supereffective|p1b: Runerigus|1\n|-enditem|p1b: Runerigus|Colbur Berry|[eat]\n|-enditem|p1b: Runerigus|Colbur Berry|[weaken]\n|-damage|p1b: Runerigus|70/100\n|-activate|p2b: Incineroar|Skill Swap|Wandering Spirit|Intimidate|[of] p1b: Runerigus\n|-ability|p1b: Runerigus|Intimidate|boost\n|-unboost|p2a: Altaria|atk|1\n|-unboost|p2b: Incineroar|atk|1\n|move|p1b: Runerigus|Phantom Force||[still]\n|-prepare|p1b: Runerigus|Phantom Force\n|\n|upkeep\n|turn|3\n|\n|t:|1776533029\n|detailschange|p2a: Altaria|Altaria-Mega, L50, M\n|-mega|p2a: Altaria|Altaria|Altarianite\n|move|p2a: Altaria|Protect|p2a: Altaria\n|-singleturn|p2a: Altaria|Protect\n|move|p1a: Gengar|Shadow Ball|p2a: Altaria\n|-activate|p2a: Altaria|move: Protect\n|move|p2b: Incineroar|Darkest Lariat|p1a: Gengar\n|-supereffective|p1a: Gengar|1\n|-enditem|p1a: Gengar|Focus Sash\n|-damage|p1a: Gengar|1/100\n|move|p1b: Runerigus|Phantom Force|p2b: Incineroar|[from] lockedmove\n|-resisted|p2b: Incineroar|1\n|-damage|p2b: Incineroar|61/100\n|-activate|p1b: Runerigus|Skill Swap|Wandering Spirit|Intimidate|[of] p2b: Incineroar\n|-ability|p2b: Incineroar|Intimidate|boost\n|-unboost|p1a: Gengar|atk|1\n|-unboost|p1b: Runerigus|atk|1\n|\n|upkeep\n|turn|4\n|\n|t:|1776533050\n|move|p1a: Gengar|Destiny Bond|p1a: Gengar\n|-singlemove|p1a: Gengar|Destiny Bond\n|move|p2a: Altaria|Hyper Voice|p1b: Runerigus|[spread] p1a,p1b\n|-resisted|p1a: Gengar|1\n|-damage|p1a: Gengar|0 fnt\n|-damage|p1b: Runerigus|34/100\n|faint|p1a: Gengar\n|-activate|p1a: Gengar|move: Destiny Bond\n|faint|p2a: Altaria\n|move|p2b: Incineroar|Darkest Lariat|p1b: Runerigus\n|-supereffective|p1b: Runerigus|1\n|-damage|p1b: Runerigus|0 fnt\n|-activate|p2b: Incineroar|Skill Swap|Wandering Spirit|Intimidate|[of] p1b: Runerigus\n|-ability|p1b: Runerigus|Intimidate|boost\n|-unboost|p2b: Incineroar|atk|1\n|faint|p1b: Runerigus\n|\n|upkeep\n|\n|t:|1776533065\n|switch|p1a: Chandelure|Chandelure, L50, F|100/100\n|switch|p2a: Farigiraf|Farigiraf, L50, M|56/100\n|switch|p1b: Basculegion|Basculegion, L50, M|100/100\n|turn|5\n|inactive|Endergeimer has 30 seconds left.\n|inactive|Endergeimer has 20 seconds left.\n|inactive|Endergeimer has 15 seconds left.\n|inactive|Endergeimer has 10 seconds left.\n|\n|t:|1776533114\n|switch|p2b: Sneasler|Sneasler, L50, M|100/100\n|detailschange|p1a: Chandelure|Chandelure-Mega, L50, F\n|-mega|p1a: Chandelure|Chandelure|Chandelurite\n|move|p1a: Chandelure|Protect|p1a: Chandelure\n|-singleturn|p1a: Chandelure|Protect\n|move|p1b: Basculegion|Waterfall|p2b: Sneasler\n|-damage|p2b: Sneasler|20/100\n|move|p2a: Farigiraf|Nasty Plot|p2a: Farigiraf\n|-boost|p2a: Farigiraf|spa|2\n|\n|upkeep\n|turn|6\n|\n|t:|1776533133\n|move|p1b: Basculegion|Waterfall|p2a: Farigiraf\n|-damage|p2a: Farigiraf|4/100\n|move|p2b: Sneasler|Rock Slide|p1b: Basculegion|[spread] p1a,p1b\n|-supereffective|p1a: Chandelure|1\n|-damage|p1a: Chandelure|55/100\n|-damage|p1b: Basculegion|76/100\n|move|p1a: Chandelure|Heat Wave|p2a: Farigiraf|[spread] p2a,p2b\n|-damage|p2a: Farigiraf|0 fnt\n|-damage|p2b: Sneasler|0 fnt\n|faint|p2a: Farigiraf\n|faint|p2b: Sneasler\n|\n|upkeep\n|\n|t:|1776533144\n|switch|p2b: Incineroar|Incineroar, L50, M|61/100\n|-ability|p2b: Incineroar|Intimidate|boost\n|-unboost|p1a: Chandelure|atk|1\n|-unboost|p1b: Basculegion|atk|1\n|turn|7\n|\n|t:|1776533168\n|move|p1b: Basculegion|Waterfall|p2b: Incineroar\n|-supereffective|p2b: Incineroar|1\n|-damage|p2b: Incineroar|0 fnt\n|faint|p2b: Incineroar\n|\n|win|Endergeimer\n|raw|Endergeimer's rating: 1086 &rarr; <strong>1107</strong><br />(+21 for winning)\n|raw|LudoLudere's rating: 1003 &rarr; <strong>1000</strong><br />(-3 for losing)\n|l|\u2606LudoLudere\n|player|p2|\n|c|\u2606Endergeimer|GG...\n",
  "uploadtime": 1776533176,
  "views": 13,
  "formatid": "gen9championsvgc2026regma",
  "rating": 1000,
  "private": 0,
  "password": null
}