{
  "id": "gen9championsvgc2026regma-2583421655",
  "format": "[Gen 9 Champions] VGC 2026 Reg M-A",
  "players": [
    "KaosPopRevived",
    "malucy"
  ],
  "log": "|j|\u2606KaosPopRevived\n|j|\u2606malucy\n|t:|1776174558\n|gametype|doubles\n|player|p1|KaosPopRevived|2|1197\n|player|p2|malucy|169|1129\n|gen|9\n|tier|[Gen 9 Champions] VGC 2026 Reg M-A\n|rated|\n|rule|Species Clause: Limit one of each Pok\u00e9mon\n|rule|Item Clause: Limit 1 of each item\n|clearpoke\n|poke|p1|Zoroark-Hisui, L50, M|\n|poke|p1|Incineroar, L50, M|\n|poke|p1|Froslass, L50, F|\n|poke|p1|Feraligatr, L50, M|\n|poke|p1|Kleavor, L50, F|\n|poke|p1|Dragonite, L50, F|\n|poke|p2|Aerodactyl, L50, F|\n|poke|p2|Corviknight, L50, M|\n|poke|p2|Hydreigon, L50, M|\n|poke|p2|Palafin, L50, F|\n|poke|p2|Arcanine-Hisui, L50, M|\n|poke|p2|Incineroar, L50, F|\n|teampreview|4\n|inactive|Battle timer is ON: inactive players will automatically lose when time's up. (requested by KaosPopRevived)\n|\n|t:|1776174589\n|teamsize|p1|4\n|teamsize|p2|4\n|start\n|switch|p1a: Froslass|Froslass, L50, F|100/100\n|switch|p1b: Kleavor|Kleavor, L50, F, shiny|100/100\n|switch|p2a: Incineroar|Incineroar, L50, F|100/100\n|switch|p2b: Corviknight|Corviknight, L50, M|100/100\n|-ability|p2a: Incineroar|Intimidate|boost\n|-unboost|p1a: Froslass|atk|1\n|-unboost|p1b: Kleavor|atk|1\n|turn|1\n|inactive|KaosPopRevived has 30 seconds left.\n|-activate|p1b: Kleavor|item: Quick Claw\n|\n|t:|1776174621\n|move|p2a: Incineroar|Fake Out|p1b: Kleavor\n|-resisted|p1b: Kleavor|1\n|-damage|p1b: Kleavor|94/100\n|cant|p1b: Kleavor|flinch\n|move|p1a: Froslass|Flamethrower|p2b: Corviknight\n|-supereffective|p2b: Corviknight|1\n|-damage|p2b: Corviknight|33/100\n|move|p2b: Corviknight|Scary Face|p1a: Froslass\n|-unboost|p1a: Froslass|spe|2\n|\n|-heal|p2b: Corviknight|39/100|[from] item: Leftovers\n|upkeep\n|turn|2\n|inactive|malucy has 30 seconds left.\n|\n|t:|1776174651\n|move|p1b: Kleavor|Stone Axe|p2a: Incineroar\n|-supereffective|p2a: Incineroar|1\n|-damage|p2a: Incineroar|29/100\n|-sidestart|p2: malucy|move: Stealth Rock\n|-enditem|p2a: Incineroar|Sitrus Berry|[eat]\n|-heal|p2a: Incineroar|54/100|[from] item: Sitrus Berry\n|move|p2b: Corviknight|Heavy Slam|p1b: Kleavor\n|-supereffective|p1b: Kleavor|1\n|-damage|p1b: Kleavor|61/100\n|move|p2a: Incineroar|Parting Shot|p1a: Froslass\n|-unboost|p1a: Froslass|atk|1\n|-unboost|p1a: Froslass|spa|1\n|\n|t:|1776174664\n|switch|p2a: Arcanine|Arcanine-Hisui, L50, M|100/100|[from] Parting Shot\n|-damage|p2a: Arcanine|75/100|[from] Stealth Rock\n|move|p1a: Froslass|Flamethrower|p2b: Corviknight\n|-supereffective|p2b: Corviknight|1\n|-damage|p2b: Corviknight|0 fnt\n|faint|p2b: Corviknight\n|\n|upkeep\n|\n|t:|1776174674\n|switch|p2b: Incineroar|Incineroar, L50, F|54/100\n|-damage|p2b: Incineroar|29/100|[from] Stealth Rock\n|-ability|p2b: Incineroar|Intimidate|boost\n|-unboost|p1a: Froslass|atk|1\n|-unboost|p1b: Kleavor|atk|1\n|turn|3\n|-activate|p1b: Kleavor|item: Quick Claw\n|\n|t:|1776174686\n|move|p2b: Incineroar|Fake Out|p1b: Kleavor\n|-resisted|p1b: Kleavor|1\n|-damage|p1b: Kleavor|55/100\n|cant|p1b: Kleavor|flinch\n|move|p2a: Arcanine|Rock Slide|p1b: Kleavor|[spread] p1a,p1b\n|-supereffective|p1b: Kleavor|1\n|-damage|p1a: Froslass|38/100\n|-damage|p1b: Kleavor|0 fnt\n|replace|p1a: Infinite|Zoroark-Hisui, L50, M, shiny\n|-end|p1a: Infinite|Illusion\n|faint|p1b: Kleavor\n|move|p1a: Infinite|Icy Wind|p2a: Arcanine|[spread] p2a,p2b\n|-resisted|p2a: Arcanine|1\n|-resisted|p2b: Incineroar|1\n|-damage|p2a: Arcanine|70/100\n|-damage|p2b: Incineroar|26/100\n|-unboost|p2a: Arcanine|spe|1\n|-unboost|p2b: Incineroar|spe|1\n|\n|upkeep\n|\n|t:|1776174710\n|switch|p1b: Froslass|Froslass, L50, F|100/100\n|turn|4\n|\n|t:|1776174718\n|detailschange|p1b: Froslass|Froslass-Mega, L50, F\n|-mega|p1b: Froslass|Froslass|Froslassite\n|-weather|Snowscape|[from] ability: Snow Warning|[of] p1b: Froslass\n|move|p1b: Froslass|Aurora Veil|p1b: Froslass\n|-sidestart|p1: KaosPopRevived|move: Aurora Veil\n|move|p2a: Arcanine|Rock Slide|p1a: Infinite|[spread] p1a,p1b\n|-supereffective|p1b: Froslass|1\n|-damage|p1a: Infinite|4/100\n|-damage|p1b: Froslass|61/100\n|move|p1a: Infinite|Bitter Malice|p2a: Arcanine\n|-damage|p2a: Arcanine|37/100\n|-unboost|p2a: Arcanine|atk|1\n|move|p2b: Incineroar|Darkest Lariat|p1b: Froslass\n|-supereffective|p1b: Froslass|1\n|-damage|p1b: Froslass|14/100\n|\n|-weather|Snowscape|[upkeep]\n|upkeep\n|turn|5\n|\n|t:|1776174739\n|move|p1b: Froslass|Thunderbolt|p2b: Incineroar\n|-damage|p2b: Incineroar|2/100\n|move|p2a: Arcanine|Rock Slide|p1b: Froslass|[spread] p1a,p1b\n|-supereffective|p1b: Froslass|1\n|-damage|p1a: Infinite|0 fnt\n|-damage|p1b: Froslass|0 fnt\n|faint|p1a: Infinite\n|faint|p1b: Froslass\n|move|p2b: Incineroar|Darkest Lariat|p1: Infinite|[notarget]\n|-fail|p2b: Incineroar\n|\n|-weather|Snowscape|[upkeep]\n|upkeep\n|\n|t:|1776174752\n|switch|p1a: Dragonite|Dragonite, L50, F|100/100\n|turn|6\n|\n|t:|1776174758\n|move|p1a: Dragonite|Extreme Speed|p2b: Incineroar\n|-damage|p2b: Incineroar|0 fnt\n|faint|p2b: Incineroar\n|move|p2a: Arcanine|Rock Slide|p1a: Dragonite\n|-supereffective|p1a: Dragonite|1\n|-damage|p1a: Dragonite|81/100\n|\n|-weather|Snowscape|[upkeep]\n|upkeep\n|\n|t:|1776174766\n|switch|p2b: Aerodactyl|Aerodactyl, L50, F|100/100\n|-ability|p2b: Aerodactyl|Unnerve\n|-damage|p2b: Aerodactyl|76/100|[from] Stealth Rock\n|turn|7\n|\n|t:|1776174776\n|detailschange|p2b: Aerodactyl|Aerodactyl-Mega, L50, F\n|-mega|p2b: Aerodactyl|Aerodactyl|Aerodactylite\n|move|p2b: Aerodactyl|Rock Slide|p1a: Dragonite\n|-supereffective|p1a: Dragonite|1\n|-damage|p1a: Dragonite|20/100\n|move|p1a: Dragonite|Dragon Claw|p2a: Arcanine\n|-crit|p2a: Arcanine\n|-damage|p2a: Arcanine|0 fnt\n|faint|p2a: Arcanine\n|\n|-weather|Snowscape|[upkeep]\n|upkeep\n|turn|8\n|\n|t:|1776174784\n|move|p2b: Aerodactyl|Rock Slide|p1a: Dragonite|[miss]\n|-miss|p2b: Aerodactyl|p1a: Dragonite\n|move|p1a: Dragonite|Dragon Claw|p2b: Aerodactyl\n|-damage|p2b: Aerodactyl|22/100\n|\n|-weather|none\n|-sideend|p1: KaosPopRevived|move: Aurora Veil\n|upkeep\n|turn|9\n|c|\u2606KaosPopRevived|GG.\n|c|\u2606KaosPopRevived|Either way.\n|c|\u2606malucy|i hope\n|\n|t:|1776174803\n|move|p1a: Dragonite|Extreme Speed|p2b: Aerodactyl\n|-resisted|p2b: Aerodactyl|1\n|-damage|p2b: Aerodactyl|3/100\n|move|p2b: Aerodactyl|Rock Slide|p1a: Dragonite\n|-supereffective|p1a: Dragonite|1\n|-damage|p1a: Dragonite|0 fnt\n|faint|p1a: Dragonite\n|\n|win|malucy\n|raw|KaosPopRevived's rating: 1197 &rarr; <strong>1167</strong><br />(-30 for losing)\n|raw|malucy's rating: 1129 &rarr; <strong>1159</strong><br />(+30 for winning)\n|l|\u2606KaosPopRevived\n|player|p1|\n|c|\u2606malucy|gg\n",
  "uploadtime": 1776174813,
  "views": 15,
  "formatid": "gen9championsvgc2026regma",
  "rating": 1159,
  "private": 0,
  "password": null
}