{
  "id": "gen9championsvgc2026regma-2581528873",
  "format": "[Gen 9 Champions] VGC 2026 Reg M-A",
  "players": [
    "simos69420",
    "augsaas"
  ],
  "log": "|j|\u2606simos69420\n|j|\u2606augsaas\n|t:|1776008474\n|gametype|doubles\n|player|p1|simos69420|benga|1139\n|player|p2|augsaas|cynthia-gen4|1179\n|gen|9\n|tier|[Gen 9 Champions] VGC 2026 Reg M-A\n|rated|\n|rule|Species Clause: Limit one of each Pok\u00e9mon\n|rule|Item Clause: Limit 1 of each item\n|clearpoke\n|poke|p1|Chandelure, L50, M|\n|poke|p1|Venusaur, L50, F|\n|poke|p1|Whimsicott, L50, M|\n|poke|p1|Torkoal, L50, M|\n|poke|p1|Farigiraf, L50, F|\n|poke|p1|Kingambit, L50, M|\n|poke|p2|Altaria, L50, F|\n|poke|p2|Sneasler, L50, M|\n|poke|p2|Gengar, L50, F|\n|poke|p2|Kingambit, L50, M|\n|poke|p2|Whimsicott, L50, F|\n|poke|p2|Typhlosion-Hisui, L50, F|\n|teampreview|4\n|\n|t:|1776008506\n|teamsize|p1|4\n|teamsize|p2|4\n|start\n|switch|p1a: The Goat|Torkoal, L50, M|100/100\n|switch|p1b: Candelabrus|Chandelure, L50, M|100/100\n|switch|p2a: Gengar|Gengar, L50, F|100/100\n|switch|p2b: Typhlosion|Typhlosion-Hisui, L50, F|100/100\n|-weather|SunnyDay|[from] ability: Drought|[of] p1a: The Goat\n|turn|1\n|\n|t:|1776008535\n|detailschange|p1b: Candelabrus|Chandelure-Mega, L50, M\n|-mega|p1b: Candelabrus|Chandelure|Chandelurite\n|move|p2b: Typhlosion|Shadow Ball|p1b: Candelabrus\n|-supereffective|p1b: Candelabrus|1\n|-damage|p1b: Candelabrus|4/100\n|move|p2a: Gengar|Shadow Ball|p1b: Candelabrus\n|-supereffective|p1b: Candelabrus|1\n|-damage|p1b: Candelabrus|0 fnt\n|faint|p1b: Candelabrus\n|move|p1a: The Goat|Eruption|p2b: Typhlosion|[spread] p2a,p2b\n|-resisted|p2b: Typhlosion|1\n|-damage|p2a: Gengar|15/100\n|-damage|p2b: Typhlosion|68/100\n|\n|-weather|SunnyDay|[upkeep]\n|upkeep\n|\n|t:|1776008553\n|switch|p1b: Arigatogozaimasu|Kingambit, L50, M|100/100\n|turn|2\n|\n|t:|1776008565\n|switch|p2b: Altaria|Altaria, L50, F|100/100\n|-ability|p2b: Altaria|Cloud Nine\n|move|p1b: Arigatogozaimasu|Sucker Punch||[still]\n|-fail|p1b: Arigatogozaimasu\n|move|p2a: Gengar|Focus Blast|p1b: Arigatogozaimasu\n|-supereffective|p1b: Arigatogozaimasu|2\n|-enditem|p1b: Arigatogozaimasu|Chople Berry|[eat]\n|-enditem|p1b: Arigatogozaimasu|Chople Berry|[weaken]\n|-damage|p1b: Arigatogozaimasu|16/100\n|move|p1a: The Goat|Eruption|p2a: Gengar|[spread] p2a,p2b\n|-resisted|p2b: Altaria|1\n|-damage|p2a: Gengar|0 fnt\n|-damage|p2b: Altaria|86/100\n|faint|p2a: Gengar\n|\n|-weather|SunnyDay|[upkeep]\n|upkeep\n|\n|t:|1776008590\n|switch|p2a: Sneasler|Sneasler, L50, M|100/100\n|turn|3\n|\n|t:|1776008600\n|switch|p1b: Mussolini|Farigiraf, L50, F|100/100\n|detailschange|p2b: Altaria|Altaria-Mega, L50, F\n|-mega|p2b: Altaria|Altaria|Altarianite\n|move|p2a: Sneasler|Fake Out||[still]\n|cant|p1b: Mussolini|ability: Armor Tail|Fake Out|[of] p2a: Sneasler\n|move|p2b: Altaria|Hyper Voice|p1a: The Goat|[spread] p1a,p1b\n|-resisted|p1a: The Goat|1\n|-damage|p1a: The Goat|85/100\n|-damage|p1b: Mussolini|69/100\n|move|p1a: The Goat|Eruption|p2a: Sneasler|[spread] p2a,p2b\n|-resisted|p2b: Altaria|1\n|-damage|p2a: Sneasler|46/100\n|-damage|p2b: Altaria|68/100\n|\n|-weather|SunnyDay|[upkeep]\n|-heal|p1a: The Goat|91/100|[from] item: Leftovers\n|upkeep\n|turn|4\n|\n|t:|1776008622\n|move|p2a: Sneasler|Throat Chop|p1b: Mussolini\n|-supereffective|p1b: Mussolini|1\n|-damage|p1b: Mussolini|3/100\n|-start|p1b: Mussolini|Throat Chop|[silent]\n|move|p2b: Altaria|Hyper Voice|p1b: Mussolini|[spread] p1a,p1b\n|-resisted|p1a: The Goat|1\n|-damage|p1a: The Goat|75/100\n|-damage|p1b: Mussolini|0 fnt\n|faint|p1b: Mussolini\n|move|p1a: The Goat|Eruption|p2b: Altaria|[spread] p2a,p2b\n|-resisted|p2b: Altaria|1\n|-damage|p2a: Sneasler|0 fnt\n|-damage|p2b: Altaria|53/100\n|faint|p2a: Sneasler\n|\n|-weather|SunnyDay|[upkeep]\n|-heal|p1a: The Goat|81/100|[from] item: Leftovers\n|upkeep\n|\n|t:|1776008635\n|switch|p2a: Typhlosion|Typhlosion-Hisui, L50, F|68/100\n|switch|p1b: Arigatogozaimasu|Kingambit, L50, M|16/100\n|turn|5\n|\n|t:|1776008646\n|move|p1b: Arigatogozaimasu|Protect|p1b: Arigatogozaimasu\n|-singleturn|p1b: Arigatogozaimasu|Protect\n|move|p2a: Typhlosion|Eruption|p1a: The Goat|[spread] p1a\n|-activate|p1b: Arigatogozaimasu|move: Protect\n|-resisted|p1a: The Goat|1\n|-crit|p1a: The Goat\n|-damage|p1a: The Goat|42/100\n|move|p2b: Altaria|Hyper Voice|p1a: The Goat|[spread] p1a\n|-activate|p1b: Arigatogozaimasu|move: Protect\n|-resisted|p1a: The Goat|1\n|-damage|p1a: The Goat|25/100\n|move|p1a: The Goat|Eruption|p2a: Typhlosion|[spread] p2a,p2b\n|-resisted|p2a: Typhlosion|1\n|-resisted|p2b: Altaria|1\n|-damage|p2a: Typhlosion|59/100\n|-damage|p2b: Altaria|48/100\n|\n|-weather|none\n|-heal|p1a: The Goat|32/100|[from] item: Leftovers\n|upkeep\n|turn|6\n|\n|t:|1776008671\n|move|p1b: Arigatogozaimasu|Sucker Punch|p2a: Typhlosion\n|-supereffective|p2a: Typhlosion|1\n|-damage|p2a: Typhlosion|0 fnt\n|faint|p2a: Typhlosion\n|move|p2b: Altaria|Hyper Voice|p1b: Arigatogozaimasu|[spread] p1a,p1b\n|-resisted|p1a: The Goat|1\n|-damage|p1a: The Goat|16/100\n|-damage|p1b: Arigatogozaimasu|0 fnt\n|faint|p1b: Arigatogozaimasu\n|move|p1a: The Goat|Eruption|p2b: Altaria\n|-resisted|p2b: Altaria|1\n|-damage|p2b: Altaria|45/100\n|\n|-heal|p1a: The Goat|23/100|[from] item: Leftovers\n|upkeep\n|turn|7\n|\n|t:|1776008683\n|move|p1a: The Goat|Protect|p1a: The Goat\n|-singleturn|p1a: The Goat|Protect\n|move|p2b: Altaria|Breaking Swipe|p1a: The Goat\n|-activate|p1a: The Goat|move: Protect\n|\n|-heal|p1a: The Goat|29/100|[from] item: Leftovers\n|upkeep\n|turn|8\n|inactive|Battle timer is ON: inactive players will automatically lose when time's up. (requested by augsaas)\n|\n|t:|1776008698\n|move|p2b: Altaria|Roost|p2b: Altaria\n|-heal|p2b: Altaria|95/100\n|-singleturn|p2b: Altaria|move: Roost\n|move|p1a: The Goat|Will-O-Wisp|p2b: Altaria\n|-status|p2b: Altaria|brn\n|\n|-heal|p1a: The Goat|35/100|[from] item: Leftovers\n|-damage|p2b: Altaria|89/100 brn|[from] brn\n|upkeep\n|turn|9\n|\n|t:|1776008707\n|move|p1a: The Goat|Protect|p1a: The Goat\n|-singleturn|p1a: The Goat|Protect\n|move|p2b: Altaria|Hyper Voice|p1a: The Goat\n|-activate|p1a: The Goat|move: Protect\n|\n|-heal|p1a: The Goat|41/100|[from] item: Leftovers\n|-damage|p2b: Altaria|83/100 brn|[from] brn\n|upkeep\n|turn|10\n|\n|t:|1776008718\n|move|p2b: Altaria|Hyper Voice|p1a: The Goat\n|-resisted|p1a: The Goat|1\n|-damage|p1a: The Goat|22/100\n|move|p1a: The Goat|Body Press|p2b: Altaria\n|-resisted|p2b: Altaria|1\n|-crit|p2b: Altaria\n|-damage|p2b: Altaria|66/100 brn\n|\n|-heal|p1a: The Goat|28/100|[from] item: Leftovers\n|-damage|p2b: Altaria|60/100 brn|[from] brn\n|upkeep\n|turn|11\n|\n|t:|1776008727\n|move|p1a: The Goat|Protect|p1a: The Goat\n|-singleturn|p1a: The Goat|Protect\n|move|p2b: Altaria|Roost|p2b: Altaria\n|-heal|p2b: Altaria|100/100 brn\n|-singleturn|p2b: Altaria|move: Roost\n|\n|-heal|p1a: The Goat|34/100|[from] item: Leftovers\n|-damage|p2b: Altaria|94/100 brn|[from] brn\n|upkeep\n|turn|12\n|\n|t:|1776008737\n|move|p2b: Altaria|Hyper Voice|p1a: The Goat\n|-resisted|p1a: The Goat|1\n|-damage|p1a: The Goat|12/100\n|move|p1a: The Goat|Body Press|p2b: Altaria\n|-resisted|p2b: Altaria|1\n|-damage|p2b: Altaria|85/100 brn\n|\n|-heal|p1a: The Goat|18/100|[from] item: Leftovers\n|-damage|p2b: Altaria|79/100 brn|[from] brn\n|upkeep\n|turn|13\n|-message|simos69420 forfeited.\n|\n|win|augsaas\n|raw|simos69420's rating: 1139 &rarr; <strong>1117</strong><br />(-22 for losing)\n|raw|augsaas's rating: 1179 &rarr; <strong>1201</strong><br />(+22 for winning)\n|l|\u2606simos69420\n|player|p1|\n",
  "uploadtime": 1776008772,
  "views": 15,
  "formatid": "gen9championsvgc2026regma",
  "rating": 1117,
  "private": 0,
  "password": null
}