{
  "id": "gen9championsvgc2026regma-2589431435",
  "format": "[Gen 9 Champions] VGC 2026 Reg M-A",
  "players": [
    "Gameplaya",
    "benjiapollo"
  ],
  "log": "|j|\u2606Gameplaya\n|j|\u2606benjiapollo\n|t:|1776722390\n|gametype|doubles\n|player|p1|Gameplaya|teamrocket|1314\n|player|p2|benjiapollo|giovanni|1371\n|gen|9\n|tier|[Gen 9 Champions] VGC 2026 Reg M-A\n|rated|\n|rule|Species Clause: Limit one of each Pok\u00e9mon\n|rule|Item Clause: Limit 1 of each item\n|clearpoke\n|poke|p1|Delphox, L50, F|\n|poke|p1|Garchomp, L50, F|\n|poke|p1|Tauros-Paldea-Aqua, L50, M|\n|poke|p1|Sinistcha, L50|\n|poke|p1|Kingambit, L50, F|\n|poke|p1|Rotom-Wash, L50|\n|poke|p2|Basculegion, L50, M|\n|poke|p2|Charizard, L50, M|\n|poke|p2|Kingambit, L50, M|\n|poke|p2|Sneasler, L50, F|\n|poke|p2|Venusaur, L50, F|\n|poke|p2|Talonflame, L50, F|\n|teampreview|4\n|inactive|Battle timer is ON: inactive players will automatically lose when time's up. (requested by Gameplaya)\n|inactive|Gameplaya has 60 seconds left.\n|\n|t:|1776722445\n|teamsize|p1|4\n|teamsize|p2|4\n|start\n|switch|p1a: Garchomp|Garchomp, L50, F|100/100\n|switch|p1b: Tauros|Tauros-Paldea-Aqua, L50, M|100/100\n|switch|p2a: Talonflame|Talonflame, L50, F|100/100\n|switch|p2b: Charizard|Charizard, L50, M|100/100\n|-ability|p1b: Tauros|Intimidate|boost\n|-unboost|p2a: Talonflame|atk|1\n|-unboost|p2b: Charizard|atk|1\n|turn|1\n|\n|t:|1776722459\n|detailschange|p2b: Charizard|Charizard-Mega-X, L50, M\n|-mega|p2b: Charizard|Charizard|Charizardite X\n|move|p2a: Talonflame|Tailwind|p2a: Talonflame\n|-sidestart|p2: benjiapollo|move: Tailwind\n|move|p1b: Tauros|Aqua Jet|p2a: Talonflame\n|-supereffective|p2a: Talonflame|1\n|-damage|p2a: Talonflame|42/100\n|move|p2b: Charizard|Dragon Claw|p1a: Garchomp\n|-supereffective|p1a: Garchomp|1\n|-damage|p1a: Garchomp|29/100\n|-damage|p2b: Charizard|88/100|[from] ability: Rough Skin|[of] p1a: Garchomp\n|move|p1a: Garchomp|Rock Slide|p2a: Talonflame|[spread] p2a,p2b\n|-supereffective|p2a: Talonflame|2\n|-crit|p2a: Talonflame\n|-supereffective|p2b: Charizard|1\n|-damage|p2a: Talonflame|0 fnt\n|-damage|p2b: Charizard|46/100\n|faint|p2a: Talonflame\n|\n|upkeep\n|\n|t:|1776722477\n|switch|p2a: Sneasler|Sneasler, L50, F|100/100\n|turn|2\n|inactive|Gameplaya has 30 seconds left.\n|inactive|Gameplaya has 20 seconds left.\n|\n|t:|1776722515\n|switch|p1a: Sinistcha|Sinistcha, L50|100/100\n|move|p1b: Tauros|Protect|p1b: Tauros\n|-singleturn|p1b: Tauros|Protect\n|move|p2a: Sneasler|Close Combat|p1b: Tauros\n|-activate|p1b: Tauros|move: Protect\n|move|p2b: Charizard|Dragon Claw|p1a: Sinistcha\n|-damage|p1a: Sinistcha|67/100\n|\n|upkeep\n|turn|3\n|inactive|Gameplaya has 30 seconds left.\n|inactive|benjiapollo has 30 seconds left.\n|\n|t:|1776722543\n|move|p1a: Sinistcha|Rage Powder|p1a: Sinistcha\n|-singleturn|p1a: Sinistcha|move: Rage Powder\n|move|p2a: Sneasler|Dire Claw|p1a: Sinistcha\n|-damage|p1a: Sinistcha|26/100\n|-enditem|p1a: Sinistcha|Sitrus Berry|[eat]\n|-heal|p1a: Sinistcha|50/100|[from] item: Sitrus Berry\n|move|p2b: Charizard|Dragon Claw|p1a: Sinistcha\n|-damage|p1a: Sinistcha|15/100\n|move|p1b: Tauros|Raging Bull|p2b: Charizard\n|-damage|p2b: Charizard|0 fnt\n|faint|p2b: Charizard\n|\n|upkeep\n|\n|t:|1776722555\n|switch|p2b: Kingambit|Kingambit, L50, M|100/100\n|turn|4\n|\n|t:|1776722568\n|move|p2b: Kingambit|Protect|p2b: Kingambit\n|-singleturn|p2b: Kingambit|Protect\n|move|p1b: Tauros|Protect|p1b: Tauros\n|-singleturn|p1b: Tauros|Protect\n|move|p2a: Sneasler|Dire Claw|p1a: Sinistcha\n|-damage|p1a: Sinistcha|0 fnt\n|faint|p1a: Sinistcha\n|\n|-sideend|p2: benjiapollo|move: Tailwind\n|upkeep\n|\n|t:|1776722580\n|switch|p1a: Delphox|Delphox, L50, F|100/100\n|turn|5\n|\n|t:|1776722588\n|detailschange|p1a: Delphox|Delphox-Mega, L50, F\n|-mega|p1a: Delphox|Delphox|Delphoxite\n|move|p1a: Delphox|Protect|p1a: Delphox\n|-singleturn|p1a: Delphox|Protect\n|move|p2a: Sneasler|Close Combat|p1b: Tauros\n|-damage|p1b: Tauros|46/100\n|-unboost|p2a: Sneasler|def|1\n|-unboost|p2a: Sneasler|spd|1\n|-enditem|p2a: Sneasler|White Herb\n|-clearnegativeboost|p2a: Sneasler|[silent]\n|move|p1b: Tauros|Close Combat|p2b: Kingambit\n|-supereffective|p2b: Kingambit|2\n|-damage|p2b: Kingambit|0 fnt\n|-unboost|p1b: Tauros|def|1\n|-unboost|p1b: Tauros|spd|1\n|faint|p2b: Kingambit\n|-enditem|p1b: Tauros|White Herb\n|-clearnegativeboost|p1b: Tauros|[silent]\n|\n|upkeep\n|turn|6\n|-message|benjiapollo forfeited.\n|\n|win|Gameplaya\n|raw|Gameplaya's rating: 1314 &rarr; <strong>1337</strong><br />(+23 for winning)\n|raw|benjiapollo's rating: 1371 &rarr; <strong>1348</strong><br />(-23 for losing)\n|l|\u2606Gameplaya\n|player|p1|\n",
  "uploadtime": 1776722606,
  "views": 7,
  "formatid": "gen9championsvgc2026regma",
  "rating": 1337,
  "private": 0,
  "password": null
}