{
  "id": "gen9championsvgc2026regma-2583302595",
  "format": "[Gen 9 Champions] VGC 2026 Reg M-A",
  "players": [
    "giustounaprova",
    "Vizaco72"
  ],
  "log": "|j|\u2606giustounaprova\n|j|\u2606Vizaco72\n|t:|1776164913\n|gametype|doubles\n|player|p1|giustounaprova|2|1049\n|player|p2|Vizaco72|2|1103\n|gen|9\n|tier|[Gen 9 Champions] VGC 2026 Reg M-A\n|rated|\n|rule|Species Clause: Limit one of each Pok\u00e9mon\n|rule|Item Clause: Limit 1 of each item\n|clearpoke\n|poke|p1|Oranguru, L50, F|\n|poke|p1|Camerupt, L50, M|\n|poke|p1|Basculegion, L50, M|\n|poke|p1|Conkeldurr, L50, F|\n|poke|p1|Mimikyu, L50, M|\n|poke|p1|Manectric, L50, F|\n|poke|p2|Whimsicott, L50, M|\n|poke|p2|Gengar, L50, M|\n|poke|p2|Garchomp, L50, F|\n|poke|p2|Rotom-Wash, L50|\n|poke|p2|Sneasler, L50, M|\n|poke|p2|Incineroar, L50, F|\n|teampreview|4\nVizaco72 rejected open team sheets.\n|\n|t:|1776164977\n|teamsize|p1|4\n|teamsize|p2|4\n|start\n|switch|p1a: Basculegion|Basculegion, L50, M|100/100\n|switch|p1b: Mimikyu|Mimikyu, L50, M|100/100\n|switch|p2a: Gengar|Gengar, L50, M|100/100\n|switch|p2b: Incineroar|Incineroar, L50, F|100/100\n|-ability|p2b: Incineroar|Intimidate|boost\n|-unboost|p1a: Basculegion|atk|1\n|-unboost|p1b: Mimikyu|atk|1\n|turn|1\n|\n|t:|1776165001\n|detailschange|p2a: Gengar|Gengar-Mega, L50, M\n|-mega|p2a: Gengar|Gengar|Gengarite\n|move|p1a: Basculegion|Flip Turn|p2b: Incineroar\n|-supereffective|p2b: Incineroar|1\n|-damage|p2b: Incineroar|49/100\n|-enditem|p2b: Incineroar|Sitrus Berry|[eat]\n|-heal|p2b: Incineroar|74/100|[from] item: Sitrus Berry\n|\n|t:|1776165012\n|switch|p1a: Conkeldurr|Conkeldurr, L50, F|100/100|[from] Flip Turn\n|move|p2a: Gengar|Shadow Ball|p1a: Conkeldurr\n|-damage|p1a: Conkeldurr|50/100\n|move|p2b: Incineroar|Darkest Lariat|p1a: Conkeldurr\n|-resisted|p1a: Conkeldurr|1\n|-damage|p1a: Conkeldurr|31/100\n|move|p1b: Mimikyu|Trick Room|p1b: Mimikyu\n|-fieldstart|move: Trick Room|[of] p1b: Mimikyu\n|\n|upkeep\n|turn|2\n|\n|t:|1776165040\n|move|p2a: Gengar|Protect|p2a: Gengar\n|-singleturn|p2a: Gengar|Protect\n|move|p1b: Mimikyu|Shadow Sneak|p2a: Gengar\n|-activate|p2a: Gengar|move: Protect\n|move|p1a: Conkeldurr|Drain Punch|p2b: Incineroar\n|-supereffective|p2b: Incineroar|1\n|-damage|p2b: Incineroar|0 fnt\n|-heal|p1a: Conkeldurr|70/100|[from] drain|[of] p2b: Incineroar\n|faint|p2b: Incineroar\n|\n|upkeep\n|\n|t:|1776165052\n|switch|p2b: Rotom|Rotom-Wash, L50|100/100\n|turn|3\n|\n|t:|1776165070\n|switch|p2a: Garchomp|Garchomp, L50, F|100/100\n|move|p1b: Mimikyu|Shadow Sneak|p2a: Garchomp\n|-damage|p2a: Garchomp|88/100\n|-damage|p1b: Mimikyu|88/100|[from] ability: Rough Skin|[of] p2a: Garchomp\n|move|p1a: Conkeldurr|Ice Punch|p2a: Garchomp\n|-supereffective|p2a: Garchomp|2\n|-damage|p2a: Garchomp|0 fnt\n|-damage|p1a: Conkeldurr|58/100|[from] ability: Rough Skin|[of] p2a: Garchomp\n|faint|p2a: Garchomp\n|move|p2b: Rotom|Will-O-Wisp|p1a: Conkeldurr\n|-status|p1a: Conkeldurr|brn\n|\n|-damage|p1a: Conkeldurr|52/100 brn|[from] brn\n|upkeep\n|\n|t:|1776165084\n|switch|p2a: Gengar|Gengar-Mega, L50, M|100/100\n|turn|4\n|\n|t:|1776165103\n|switch|p1b: Manectric|Manectric, L50, F|100/100\n|move|p2a: Gengar|Protect|p2a: Gengar\n|-singleturn|p2a: Gengar|Protect\n|move|p1a: Conkeldurr|Drain Punch|p2b: Rotom\n|-damage|p2b: Rotom|78/100\n|-heal|p1a: Conkeldurr|61/100 brn|[from] drain|[of] p2b: Rotom\n|move|p2b: Rotom|Hydro Pump|p1b: Manectric\n|-damage|p1b: Manectric|33/100\n|\n|-heal|p2b: Rotom|84/100|[from] item: Leftovers\n|-damage|p1a: Conkeldurr|55/100 brn|[from] brn\n|upkeep\n|turn|5\n|\n|t:|1776165139\n|move|p1b: Manectric|Protect|p1b: Manectric\n|-singleturn|p1b: Manectric|Protect\n|move|p1a: Conkeldurr|Ice Punch|p2a: Gengar\n|-damage|p2a: Gengar|73/100\n|move|p2b: Rotom|Electroweb|p1a: Conkeldurr|[spread] p1a\n|-activate|p1b: Manectric|move: Protect\n|-damage|p1a: Conkeldurr|41/100 brn\n|-unboost|p1a: Conkeldurr|spe|1\n|move|p2a: Gengar|Shadow Ball|p1a: Conkeldurr\n|-damage|p1a: Conkeldurr|0 fnt\n|faint|p1a: Conkeldurr\n|\n|-heal|p2b: Rotom|90/100|[from] item: Leftovers\n|-fieldend|move: Trick Room\n|upkeep\n|\n|t:|1776165164\n|switch|p1a: Basculegion|Basculegion, L50, M|100/100\n|turn|6\n|\n|t:|1776165182\n|move|p1a: Basculegion|Phantom Force||[still]\n|-prepare|p1a: Basculegion|Phantom Force\n|move|p2a: Gengar|Shadow Ball|p1a: Basculegion|[miss]\n|-miss|p2a: Gengar|p1a: Basculegion\n|move|p1b: Manectric|Snarl|p2a: Gengar|[spread] p2b\n|-miss|p1b: Manectric|p2a: Gengar\n|-damage|p2b: Rotom|76/100\n|-unboost|p2b: Rotom|spa|1\n|move|p2b: Rotom|Hydro Pump|p1b: Manectric|[miss]\n|-miss|p2b: Rotom|p1b: Manectric\n|\n|-heal|p2b: Rotom|82/100|[from] item: Leftovers\n|upkeep\n|turn|7\n|\n|t:|1776165223\n|move|p1a: Basculegion|Phantom Force|p2a: Gengar|[from] lockedmove\n|-supereffective|p2a: Gengar|1\n|-damage|p2a: Gengar|0 fnt\n|faint|p2a: Gengar\n|move|p1b: Manectric|Snarl|p2b: Rotom\n|-damage|p2b: Rotom|62/100\n|-unboost|p2b: Rotom|spa|1\n|move|p2b: Rotom|Electroweb|p1b: Manectric|[spread] p1a\n|-ability|p1b: Manectric|Lightning Rod|boost\n|-boost|p1b: Manectric|spa|1\n|-supereffective|p1a: Basculegion|1\n|-damage|p1a: Basculegion|82/100\n|-unboost|p1a: Basculegion|spe|1\n|\n|-heal|p2b: Rotom|68/100|[from] item: Leftovers\n|upkeep\n|turn|8\n|c|\u2606Vizaco72|gg\n|-message|Vizaco72 forfeited.\n|\n|win|giustounaprova\n|raw|giustounaprova's rating: 1049 &rarr; <strong>1087</strong><br />(+38 for winning)\n|raw|Vizaco72's rating: 1103 &rarr; <strong>1074</strong><br />(-29 for losing)\n|l|\u2606Vizaco72\n|player|p2|\n",
  "uploadtime": 1776165258,
  "views": 23,
  "formatid": "gen9championsvgc2026regma",
  "rating": 1074,
  "private": 0,
  "password": null
}