{
  "id": "gen9championsvgc2026regma-2588324766",
  "format": "[Gen 9 Champions] VGC 2026 Reg M-A",
  "players": [
    "Mr. FrosD",
    "entrail$"
  ],
  "log": "|j|\u2606Mr. FrosD\n|j|\u2606entrail$\n|t:|1776624194\n|gametype|doubles\n|player|p1|Mr. FrosD|170|1120\n|player|p2|entrail$|lady|1169\n|gen|9\n|tier|[Gen 9 Champions] VGC 2026 Reg M-A\n|rated|\n|rule|Species Clause: Limit one of each Pok\u00e9mon\n|rule|Item Clause: Limit 1 of each item\n|clearpoke\n|poke|p1|Primarina, L50, M|\n|poke|p1|Sinistcha, L50|\n|poke|p1|Sneasler, L50, M|\n|poke|p1|Aerodactyl, L50, M|\n|poke|p1|Venusaur, L50, F|\n|poke|p1|Kingambit, L50, M|\n|poke|p2|Sneasler, L50, F|\n|poke|p2|Kingambit, L50, F|\n|poke|p2|Typhlosion-Hisui, L50, F|\n|poke|p2|Gardevoir, L50, F|\n|poke|p2|Vivillon-River, L50, F|\n|poke|p2|Araquanid, L50, F|\n|teampreview|4\n|inactive|Battle timer is ON: inactive players will automatically lose when time's up. (requested by entrail$)\n|inactive|Mr. FrosD also wants the timer to be on.\n|inactive|Mr. FrosD has 60 seconds left.\n|inactive|entrail$ has 60 seconds left.\n|\n|t:|1776624225\n|teamsize|p1|4\n|teamsize|p2|4\n|start\n|switch|p1a: Aerodactyl|Aerodactyl, L50, M|100/100\n|switch|p1b: Venusaur|Venusaur, L50, F|100/100\n|switch|p2a: Typhlosion|Typhlosion-Hisui, L50, F|100/100\n|switch|p2b: Vivillon|Vivillon-River, L50, F|100/100\n|-ability|p1a: Aerodactyl|Unnerve\n|-item|p1a: Aerodactyl|Focus Sash|[from] ability: Frisk|[of] p2a: Typhlosion\n|-item|p1b: Venusaur|Venusaurite|[from] ability: Frisk|[of] p2a: Typhlosion\n|turn|1\n|inactive|entrail$ has 30 seconds left.\n|inactive|entrail$ has 20 seconds left.\n|inactive|entrail$ has 15 seconds left.\n|inactive|entrail$ has 10 seconds left.\n|\n|t:|1776624272\n|detailschange|p1b: Venusaur|Venusaur-Mega, L50, F\n|-mega|p1b: Venusaur|Venusaur|Venusaurite\n|move|p2a: Typhlosion|Flamethrower|p1b: Venusaur\n|-supereffective|p1b: Venusaur|1\n|-damage|p1b: Venusaur|62/100\n|move|p1a: Aerodactyl|Rock Slide|p2a: Typhlosion|[spread] p2a,p2b\n|-supereffective|p2a: Typhlosion|1\n|-supereffective|p2b: Vivillon|2\n|-crit|p2b: Vivillon\n|-damage|p2a: Typhlosion|31/100\n|-enditem|p2b: Vivillon|Focus Sash\n|-damage|p2b: Vivillon|1/100\n|move|p2b: Vivillon|Tailwind|p2b: Vivillon\n|-sidestart|p2: entrail$|move: Tailwind\n|move|p1b: Venusaur|Leech Seed|p2a: Typhlosion\n|-start|p2a: Typhlosion|move: Leech Seed\n|\n|-damage|p2a: Typhlosion|19/100|[from] Leech Seed|[of] p1b: Venusaur\n|-heal|p1b: Venusaur|72/100|[silent]\n|upkeep\n|turn|2\n|\n|t:|1776624296\n|switch|p2a: Sneasler|Sneasler, L50, F|100/100\n|move|p2b: Vivillon|Sleep Powder|p1a: Aerodactyl\n|-status|p1a: Aerodactyl|slp|[from] move: Sleep Powder\n|cant|p1a: Aerodactyl|slp\n|move|p1b: Venusaur|Leech Seed|p2b: Vivillon\n|-start|p2b: Vivillon|move: Leech Seed\n|\n|-damage|p2b: Vivillon|0 fnt|[from] Leech Seed|[of] p1b: Venusaur\n|-heal|p1b: Venusaur|72/100|[silent]\n|faint|p2b: Vivillon\n|upkeep\n|\n|t:|1776624306\n|switch|p2b: Typhlosion|Typhlosion-Hisui, L50, F|19/100\n|-item|p1a: Aerodactyl|Focus Sash|[from] ability: Frisk|[of] p2b: Typhlosion\n|-item|p1b: Venusaur|Venusaurite|[from] ability: Frisk|[of] p2b: Typhlosion\n|turn|3\n|\n|t:|1776624324\n|cant|p1a: Aerodactyl|slp\n|move|p2b: Typhlosion|Extrasensory|p1b: Venusaur\n|-supereffective|p1b: Venusaur|1\n|-damage|p1b: Venusaur|28/100\n|move|p2a: Sneasler|Close Combat|p1a: Aerodactyl\n|-enditem|p1a: Aerodactyl|Focus Sash\n|-damage|p1a: Aerodactyl|1/100 slp\n|-unboost|p2a: Sneasler|def|1\n|-unboost|p2a: Sneasler|spd|1\n|-enditem|p2a: Sneasler|White Herb\n|-clearnegativeboost|p2a: Sneasler|[silent]\n|move|p1b: Venusaur|Leech Seed|p2a: Sneasler\n|-start|p2a: Sneasler|move: Leech Seed\n|\n|-damage|p2a: Sneasler|88/100|[from] Leech Seed|[of] p1b: Venusaur\n|-heal|p1b: Venusaur|38/100|[silent]\n|upkeep\n|turn|4\n|\n|t:|1776624344\n|switch|p1a: Sneasler|Sneasler, L50, M|100/100\n|move|p1b: Venusaur|Protect|p1b: Venusaur\n|-singleturn|p1b: Venusaur|Protect\n|move|p2b: Typhlosion|Extrasensory|p1a: Sneasler\n|-supereffective|p1a: Sneasler|2\n|-damage|p1a: Sneasler|0 fnt\n|faint|p1a: Sneasler\n|move|p2a: Sneasler|U-turn|p1b: Venusaur\n|-activate|p1b: Venusaur|move: Protect\n|\n|-damage|p2a: Sneasler|76/100|[from] Leech Seed|[of] p1b: Venusaur\n|-heal|p1b: Venusaur|49/100|[silent]\n|-sideend|p2: entrail$|move: Tailwind\n|upkeep\n|\n|t:|1776624349\n|switch|p1a: Aerodactyl|Aerodactyl, L50, M|1/100 slp\n|-ability|p1a: Aerodactyl|Unnerve\n|turn|5\n|\n|t:|1776624355\n|move|p2b: Typhlosion|Extrasensory|p1a: Aerodactyl\n|-damage|p1a: Aerodactyl|0 fnt\n|faint|p1a: Aerodactyl\n|move|p2a: Sneasler|U-turn|p1b: Venusaur\n|-damage|p1b: Venusaur|33/100\n|\n|t:|1776624362\n|switch|p2a: Gardevoir|Gardevoir, L50, F|100/100|[from] U-turn\n|-ability|p2a: Gardevoir|Thick Fat|Trace|[from] ability: Trace|[of] p1b: Venusaur\n|move|p1b: Venusaur|Earth Power|p2b: Typhlosion\n|-supereffective|p2b: Typhlosion|1\n|-damage|p2b: Typhlosion|0 fnt\n|faint|p2b: Typhlosion\n|\n|upkeep\n|\n|t:|1776624368\n|switch|p1a: Primarina|Primarina, L50, M|100/100\n|switch|p2b: Sneasler|Sneasler, L50, F|76/100\n|turn|6\n|\n|t:|1776624383\n|detailschange|p2a: Gardevoir|Gardevoir-Mega, L50, F\n|-mega|p2a: Gardevoir|Gardevoir|Gardevoirite\n|move|p1a: Primarina|Protect|p1a: Primarina\n|-singleturn|p1a: Primarina|Protect\n|move|p2b: Sneasler|Fake Out|p1b: Venusaur\n|-damage|p1b: Venusaur|24/100\n|-immune|p1b: Venusaur\n|move|p2a: Gardevoir|Calm Mind|p2a: Gardevoir\n|-boost|p2a: Gardevoir|spa|1\n|-boost|p2a: Gardevoir|spd|1\n|cant|p1b: Venusaur|flinch\n|\n|upkeep\n|turn|7\n|-message|Mr. FrosD forfeited.\n|\n|win|entrail$\n|raw|Mr. FrosD's rating: 1120 &rarr; <strong>1099</strong><br />(-21 for losing)\n|raw|entrail$'s rating: 1169 &rarr; <strong>1190</strong><br />(+21 for winning)\n|l|\u2606Mr. FrosD\n|player|p1|\n",
  "uploadtime": 1776624415,
  "views": 37,
  "formatid": "gen9championsvgc2026regma",
  "rating": 1099,
  "private": 0,
  "password": null
}