{
  "id": "gen9championsvgc2026regma-2586311178",
  "format": "[Gen 9 Champions] VGC 2026 Reg M-A",
  "players": [
    "25528989d",
    "Bleachexe2"
  ],
  "log": "|j|\u260625528989d\n|j|\u2606Bleachexe2\n|t:|1776424043\n|gametype|doubles\n|player|p1|25528989d|roxie-masters|1140\n|player|p2|Bleachexe2|lucas|1063\n|gen|9\n|tier|[Gen 9 Champions] VGC 2026 Reg M-A\n|rated|\n|rule|Species Clause: Limit one of each Pok\u00e9mon\n|rule|Item Clause: Limit 1 of each item\n|clearpoke\n|poke|p1|Charizard, L50, F|\n|poke|p1|Tyranitar, L50, M|\n|poke|p1|Gyarados, L50, F|\n|poke|p1|Garchomp, L50, F|\n|poke|p1|Rotom-Mow, L50|\n|poke|p1|Lucario, L50, M|\n|poke|p2|Garchomp, L50, F|\n|poke|p2|Tyranitar, L50, F|\n|poke|p2|Corviknight, L50, M|\n|poke|p2|Rotom-Heat, L50|\n|poke|p2|Sinistcha, L50|\n|poke|p2|Vaporeon, L50, M|\n|teampreview|4\n|\n|t:|1776424098\n|teamsize|p1|4\n|teamsize|p2|4\n|start\n|switch|p1a: Rotom|Rotom-Mow, L50|100/100\n|switch|p1b: Gyarados|Gyarados, L50, F|100/100\n|switch|p2a: Tyranitar|Tyranitar, L50, F|100/100\n|switch|p2b: Garchomp|Garchomp, L50, F|100/100\n|-weather|Sandstorm|[from] ability: Sand Stream|[of] p2a: Tyranitar\n|-ability|p1b: Gyarados|Intimidate|boost\n|-unboost|p2a: Tyranitar|atk|1\n|-unboost|p2b: Garchomp|atk|1\n|turn|1\n|\n|t:|1776424130\n|switch|p2b: Rotom|Rotom-Heat, L50|100/100\n|move|p2a: Tyranitar|Protect|p2a: Tyranitar\n|-singleturn|p2a: Tyranitar|Protect\n|move|p1b: Gyarados|Protect|p1b: Gyarados\n|-singleturn|p1b: Gyarados|Protect\n|move|p1a: Rotom|Will-O-Wisp|p2b: Rotom\n|-immune|p2b: Rotom\n|\n|-weather|Sandstorm|[upkeep]\n|-damage|p1a: Rotom|95/100|[from] Sandstorm\n|-damage|p1b: Gyarados|95/100|[from] Sandstorm\n|-damage|p2b: Rotom|95/100|[from] Sandstorm\n|-heal|p2b: Rotom|100/100|[from] item: Leftovers\n|upkeep\n|turn|2\n|\n|t:|1776424166\n|detailschange|p2a: Tyranitar|Tyranitar-Mega, L50, F\n|-mega|p2a: Tyranitar|Tyranitar|Tyranitarite\n|move|p1a: Rotom|Protect|p1a: Rotom\n|-singleturn|p1a: Rotom|Protect\n|move|p2a: Tyranitar|Rock Slide|p1a: Rotom|[spread] p1b\n|-activate|p1a: Rotom|move: Protect\n|-supereffective|p1b: Gyarados|1\n|-damage|p1b: Gyarados|52/100\n|move|p1b: Gyarados|Waterfall|p2b: Rotom\n|-supereffective|p2b: Rotom|1\n|-damage|p2b: Rotom|32/100\n|move|p2b: Rotom|Discharge|p1a: Rotom|[spread] p2a,p1b\n|-activate|p1a: Rotom|move: Protect\n|-supereffective|p1b: Gyarados|2\n|-damage|p2a: Tyranitar|89/100\n|-damage|p1b: Gyarados|0 fnt\n|faint|p1b: Gyarados\n|\n|-weather|Sandstorm|[upkeep]\n|-damage|p1a: Rotom|89/100|[from] Sandstorm\n|-damage|p2b: Rotom|26/100|[from] Sandstorm\n|-heal|p2b: Rotom|32/100|[from] item: Leftovers\n|upkeep\n|\n|t:|1776424192\n|switch|p1b: Charizard|Charizard, L50, F|100/100\n|turn|3\n|\n|t:|1776424210\n|switch|p2a: Sinistcha|Sinistcha, L50|100/100\n|-heal|p2b: Rotom|57/100|[from] ability: Hospitality|[of] p2a: Sinistcha\n|move|p1b: Charizard|Weather Ball|p2b: Rotom\n|-supereffective|p2b: Rotom|1\n|-damage|p2b: Rotom|6/100\n|move|p1a: Rotom|Leaf Storm|p2a: Sinistcha\n|-resisted|p2a: Sinistcha|1\n|-damage|p2a: Sinistcha|79/100\n|-unboost|p1a: Rotom|spa|2\n|move|p2b: Rotom|Overheat|p1a: Rotom\n|-supereffective|p1a: Rotom|1\n|-damage|p1a: Rotom|0 fnt\n|-unboost|p2b: Rotom|spa|2\n|faint|p1a: Rotom\n|\n|-weather|Sandstorm|[upkeep]\n|-damage|p1b: Charizard|94/100|[from] Sandstorm\n|-damage|p2b: Rotom|0 fnt|[from] Sandstorm\n|-damage|p2a: Sinistcha|72/100|[from] Sandstorm\n|faint|p2b: Rotom\n|upkeep\n|\n|t:|1776424231\n|switch|p1a: Tyranitar|Tyranitar, L50, M|100/100\n|switch|p2b: Garchomp|Garchomp, L50, F|100/100\n|turn|4\n|\n|t:|1776424255\n|detailschange|p1b: Charizard|Charizard-Mega-Y, L50, F\n|-mega|p1b: Charizard|Charizard|Charizardite Y\n|-weather|SunnyDay|[from] ability: Drought|[of] p1b: Charizard\n|move|p2b: Garchomp|Stone Edge|p1b: Charizard\n|-supereffective|p1b: Charizard|2\n|-damage|p1b: Charizard|0 fnt\n|faint|p1b: Charizard\n|move|p2a: Sinistcha|Matcha Gotcha|p1a: Tyranitar\n|-supereffective|p1a: Tyranitar|1\n|-damage|p1a: Tyranitar|45/100\n|-heal|p2a: Sinistcha|100/100|[from] drain|[of] p1a: Tyranitar\n|move|p1a: Tyranitar|Rock Slide|p2b: Garchomp|[spread] p2a,p2b\n|-resisted|p2b: Garchomp|1\n|-damage|p2a: Sinistcha|74/100\n|-damage|p2b: Garchomp|83/100\n|\n|-weather|SunnyDay|[upkeep]\n|upkeep\n|turn|5\n|-message|25528989d forfeited.\n|\n|win|Bleachexe2\n|raw|25528989d's rating: 1140 &rarr; <strong>1110</strong><br />(-30 for losing)\n|raw|Bleachexe2's rating: 1063 &rarr; <strong>1100</strong><br />(+37 for winning)\n",
  "uploadtime": 1776424263,
  "views": 30,
  "formatid": "gen9championsvgc2026regma",
  "rating": 1100,
  "private": 0,
  "password": null
}