{
  "id": "gen9championsvgc2026regma-2581892506",
  "format": "[Gen 9 Champions] VGC 2026 Reg M-A",
  "players": [
    "fennel_strawborzoi",
    "BonnibeI"
  ],
  "log": "|j|\u2606fennel_strawborzoi\n|j|\u2606BonnibeI\n|t:|1776037325\n|gametype|doubles\n|player|p1|fennel_strawborzoi|cynthia-gen4|1080\n|player|p2|BonnibeI|marnie|1155\n|gen|9\n|tier|[Gen 9 Champions] VGC 2026 Reg M-A\n|rated|\n|rule|Species Clause: Limit one of each Pok\u00e9mon\n|rule|Item Clause: Limit 1 of each item\n|clearpoke\n|poke|p1|Meganium, L50, F|\n|poke|p1|Farigiraf, L50, F|\n|poke|p1|Basculegion, L50, M|\n|poke|p1|Whimsicott, L50, F|\n|poke|p1|Aerodactyl, L50, M|\n|poke|p1|Incineroar, L50, F|\n|poke|p2|Morpeko, L50, F|\n|poke|p2|Meowscarada, L50, F|\n|poke|p2|Gengar, L50, F|\n|poke|p2|Toxicroak, L50, F|\n|poke|p2|Liepard, L50, F|\n|poke|p2|Delphox, L50, F|\n|teampreview|4\n|inactive|Battle timer is ON: inactive players will automatically lose when time's up. (requested by BonnibeI)\n|inactive|BonnibeI has 60 seconds left.\n|\n|t:|1776037357\n|teamsize|p1|4\n|teamsize|p2|4\n|start\n|switch|p1a: Aerodactyl|Aerodactyl, L50, M|100/100\n|switch|p1b: Farigiraf|Farigiraf, L50, F, shiny|100/100\n|switch|p2a: Delphox|Delphox, L50, F|100/100\n|switch|p2b: Morpeko|Morpeko, L50, F|100/100\n|-ability|p1a: Aerodactyl|Unnerve\n|turn|1\n|\n|t:|1776037374\n|switch|p1a: Incineroar|Incineroar, L50, F|100/100\n|-ability|p1a: Incineroar|Intimidate|boost\n|-unboost|p2a: Delphox|atk|1\n|-unboost|p2b: Morpeko|atk|1\n|detailschange|p2a: Delphox|Delphox-Mega, L50, F\n|-mega|p2a: Delphox|Delphox|Delphoxite\n|move|p2a: Delphox|Heat Wave|p1b: Farigiraf|[spread] p1a,p1b\n|-resisted|p1a: Incineroar|1\n|-damage|p1a: Incineroar|81/100\n|-damage|p1b: Farigiraf|63/100\n|move|p2b: Morpeko|Aura Wheel|p1a: Incineroar\n|-damage|p1a: Incineroar|64/100\n|-boost|p2b: Morpeko|spe|1\n|move|p1b: Farigiraf|Hyper Voice|p2b: Morpeko|[spread] p2a,p2b\n|-damage|p2a: Delphox|73/100\n|-damage|p2b: Morpeko|66/100\n|\n|-heal|p1b: Farigiraf|69/100|[from] item: Leftovers\n|-formechange|p2b: Morpeko|Morpeko-Hangry|\n|upkeep\n|turn|2\n|inactive|BonnibeI has 30 seconds left.\n|inactive|BonnibeI has 20 seconds left.\n|\n|t:|1776037409\n|move|p2a: Delphox|Heat Wave|p1a: Incineroar|[spread] p1a,p1b\n|-resisted|p1a: Incineroar|1\n|-crit|p1b: Farigiraf\n|-damage|p1a: Incineroar|46/100\n|-damage|p1b: Farigiraf|7/100\n|-enditem|p1a: Incineroar|Sitrus Berry|[eat]\n|-heal|p1a: Incineroar|70/100|[from] item: Sitrus Berry\n|move|p2b: Morpeko|Aura Wheel|p1b: Farigiraf\n|-supereffective|p1b: Farigiraf|1\n|-damage|p1b: Farigiraf|0 fnt\n|-boost|p2b: Morpeko|spe|1\n|faint|p1b: Farigiraf\n|move|p1a: Incineroar|Parting Shot|p2b: Morpeko\n|-unboost|p2b: Morpeko|atk|1\n|-unboost|p2b: Morpeko|spa|1\n|\n|t:|1776037420\n|switch|p1a: Aerodactyl|Aerodactyl, L50, M|100/100|[from] Parting Shot\n|-ability|p1a: Aerodactyl|Unnerve\n|\n|-formechange|p2b: Morpeko|Morpeko|\n|upkeep\n|\n|t:|1776037422\n|switch|p1b: Incineroar|Incineroar, L50, F|70/100\n|-ability|p1b: Incineroar|Intimidate|boost\n|-unboost|p2a: Delphox|atk|1\n|-unboost|p2b: Morpeko|atk|1\n|turn|3\n|\n|t:|1776037433\n|detailschange|p1a: Aerodactyl|Aerodactyl-Mega, L50, M\n|-mega|p1a: Aerodactyl|Aerodactyl|Aerodactylite\n|move|p1b: Incineroar|Fake Out|p2b: Morpeko\n|-damage|p2b: Morpeko|53/100\n|cant|p2b: Morpeko|flinch\n|move|p1a: Aerodactyl|Rock Slide|p2b: Morpeko|[spread] p2a\n|-miss|p1a: Aerodactyl|p2b: Morpeko\n|-supereffective|p2a: Delphox|1\n|-damage|p2a: Delphox|0 fnt\n|faint|p2a: Delphox\n|\n|-formechange|p2b: Morpeko|Morpeko-Hangry|\n|upkeep\n|\n|t:|1776037450\n|switch|p2a: Meowscarada|Meowscarada, L50, F|100/100\n|turn|4\n|\n|t:|1776037456\n|switch|p2b: Gengar|Gengar, L50, F|100/100\n|move|p2a: Meowscarada|Triple Axel|p1a: Aerodactyl\n|-start|p2a: Meowscarada|typechange|Ice|[from] ability: Protean\n|-supereffective|p1a: Aerodactyl|1\n|-damage|p1a: Aerodactyl|74/100\n|-supereffective|p1a: Aerodactyl|1\n|-damage|p1a: Aerodactyl|27/100\n|-supereffective|p1a: Aerodactyl|1\n|-damage|p1a: Aerodactyl|0 fnt\n|faint|p1a: Aerodactyl\n|-hitcount|p1: Aerodactyl|3\n|move|p1b: Incineroar|Parting Shot|p2b: Gengar\n|-unboost|p2b: Gengar|atk|1\n|-unboost|p2b: Gengar|spa|1\n|\n|t:|1776037461\n|switch|p1b: Basculegion|Basculegion, L50, M|100/100|[from] Parting Shot\n|\n|upkeep\n|\n|t:|1776037463\n|switch|p1a: Incineroar|Incineroar, L50, F|70/100\n|-ability|p1a: Incineroar|Intimidate|boost\n|-unboost|p2a: Meowscarada|atk|1\n|-unboost|p2b: Gengar|atk|1\n|turn|5\n|\n|t:|1776037481\n|switch|p2a: Morpeko|Morpeko, L50, F|53/100\n|move|p1a: Incineroar|Fake Out|p2a: Morpeko\n|-damage|p2a: Morpeko|39/100\n|-enditem|p2a: Morpeko|Sitrus Berry|[eat]\n|-heal|p2a: Morpeko|64/100|[from] item: Sitrus Berry\n|move|p1b: Basculegion|Last Respects|p2b: Gengar\n|-supereffective|p2b: Gengar|1\n|-enditem|p2b: Gengar|Focus Sash\n|-damage|p2b: Gengar|1/100\n|-start|p1b: Basculegion|Disable|Last Respects|[from] ability: Cursed Body|[of] p2b: Gengar\n|move|p2b: Gengar|Shadow Ball|p1b: Basculegion\n|-supereffective|p1b: Basculegion|1\n|-damage|p1b: Basculegion|42/100\n|-unboost|p1b: Basculegion|spd|1\n|\n|-formechange|p2a: Morpeko|Morpeko-Hangry|\n|upkeep\n|turn|6\n|-message|fennel_strawborzoi forfeited.\n|\n|win|BonnibeI\n|raw|fennel_strawborzoi's rating: 1080 &rarr; <strong>1063</strong><br />(-17 for losing)\n|raw|BonnibeI's rating: 1155 &rarr; <strong>1175</strong><br />(+20 for winning)\n|l|\u2606fennel_strawborzoi\n|player|p1|\n",
  "uploadtime": 1776037503,
  "views": 17,
  "formatid": "gen9championsvgc2026regma",
  "rating": 1063,
  "private": 0,
  "password": null
}