{
  "id": "gen9championsvgc2026regma-2583654076",
  "format": "[Gen 9 Champions] VGC 2026 Reg M-A",
  "players": [
    "Tweasure",
    "Dorugga"
  ],
  "log": "|j|\u2606Tweasure\n|j|\u2606Dorugga\n|t:|1776189005\n|gametype|doubles\n|player|p1|Tweasure|101|1015\n|player|p2|Dorugga|170|1110\n|gen|9\n|tier|[Gen 9 Champions] VGC 2026 Reg M-A\n|rated|\n|rule|Species Clause: Limit one of each Pok\u00e9mon\n|rule|Item Clause: Limit 1 of each item\n|clearpoke\n|poke|p1|Charizard, L50, F|\n|poke|p1|Venusaur, L50, F|\n|poke|p1|Garchomp, L50, M|\n|poke|p1|Rotom-Wash, L50|\n|poke|p1|Sneasler, L50, F|\n|poke|p1|Incineroar, L50, F|\n|poke|p2|Farigiraf, L50, F|\n|poke|p2|Venusaur, L50, M|\n|poke|p2|Torkoal, L50, F|\n|poke|p2|Golurk, L50|\n|poke|p2|Sneasler, L50, F|\n|poke|p2|Incineroar, L50, F|\n|teampreview|4\nTweasure rejected open team sheets.\n|\n|t:|1776189058\n|teamsize|p1|4\n|teamsize|p2|4\n|start\n|switch|p1a: Rotom|Rotom-Wash, L50|100/100\n|switch|p1b: Incineroar|Incineroar, L50, F|100/100\n|switch|p2a: Farigiraf|Farigiraf, L50, F|100/100\n|switch|p2b: Panzer|Venusaur, L50, M|100/100\n|-ability|p1b: Incineroar|Intimidate|boost\n|-unboost|p2a: Farigiraf|atk|1\n|-unboost|p2b: Panzer|atk|1\n|turn|1\n|\n|t:|1776189110\n|switch|p1a: Charizard|Charizard, L50, F|100/100\n|move|p2b: Panzer|Sleep Powder|p1b: Incineroar\n|-status|p1b: Incineroar|slp|[from] move: Sleep Powder\n|cant|p1b: Incineroar|slp\n|move|p2a: Farigiraf|Trick Room|p2a: Farigiraf\n|-fieldstart|move: Trick Room|[of] p2a: Farigiraf\n|\n|upkeep\n|turn|2\n|\n|t:|1776189140\n|move|p1a: Charizard|Protect|p1a: Charizard\n|-singleturn|p1a: Charizard|Protect\n|move|p2a: Farigiraf|Hyper Voice|p1a: Charizard|[spread] p1b\n|-activate|p1a: Charizard|move: Protect\n|-damage|p1b: Incineroar|69/100 slp\n|cant|p1b: Incineroar|slp\n|move|p2b: Panzer|Sleep Powder|p1a: Charizard\n|-activate|p1a: Charizard|move: Protect\n|\n|upkeep\n|turn|3\n|\n|t:|1776189159\n|switch|p2a: Torkoal|Torkoal, L50, F, shiny|100/100\n|-weather|SunnyDay|[from] ability: Drought|[of] p2a: Torkoal\n|switch|p1a: Rotom|Rotom-Wash, L50|100/100\n|-curestatus|p1b: Incineroar|slp|[msg]\n|move|p1b: Incineroar|Parting Shot|p2b: Panzer\n|-unboost|p2b: Panzer|atk|1\n|-unboost|p2b: Panzer|spa|1\n|\n|t:|1776189172\n|switch|p1b: Venusaur|Venusaur, L50, F|100/100|[from] Parting Shot\n|move|p2b: Panzer|Sleep Powder|p1a: Rotom|[miss]\n|-miss|p2b: Panzer|p1a: Rotom\n|\n|-weather|SunnyDay|[upkeep]\n|upkeep\n|turn|4\n|\n|t:|1776189198\n|move|p1a: Rotom|Protect|p1a: Rotom\n|-singleturn|p1a: Rotom|Protect\n|move|p2a: Torkoal|Eruption|p1b: Venusaur|[spread] p1b\n|-activate|p1a: Rotom|move: Protect\n|-supereffective|p1b: Venusaur|1\n|-enditem|p1b: Venusaur|Focus Sash\n|-damage|p1b: Venusaur|1/100\n|move|p1b: Venusaur|Sleep Powder|p2a: Torkoal\n|-status|p2a: Torkoal|slp|[from] move: Sleep Powder\n|move|p2b: Panzer|Energy Ball|p1a: Rotom\n|-activate|p1a: Rotom|move: Protect\n|\n|-weather|SunnyDay|[upkeep]\n|upkeep\n|turn|5\n|\n|t:|1776189225\n|switch|p1a: Charizard|Charizard, L50, F|100/100\n|cant|p2a: Torkoal|slp\n|move|p1b: Venusaur|Sludge Bomb|p2b: Panzer\n|-damage|p2b: Panzer|50/100\n|move|p2b: Panzer|Energy Ball|p1a: Charizard\n|-resisted|p1a: Charizard|2\n|-damage|p1a: Charizard|92/100\n|\n|-weather|SunnyDay|[upkeep]\n|-damage|p1a: Charizard|80/100|[from] ability: Solar Power|[of] p1a: Charizard\n|-fieldend|move: Trick Room\n|upkeep\n|turn|6\n|\n|t:|1776189257\n|detailschange|p1a: Charizard|Charizard-Mega-Y, L50, F\n|-mega|p1a: Charizard|Charizard|Charizardite Y\n|move|p2b: Panzer|Protect|p2b: Panzer\n|-singleturn|p2b: Panzer|Protect\n|move|p1b: Venusaur|Sludge Bomb|p2a: Torkoal\n|-damage|p2a: Torkoal|39/100 slp\n|move|p1a: Charizard|Heat Wave|p2a: Torkoal|[spread] p2a\n|-activate|p2b: Panzer|move: Protect\n|-resisted|p2a: Torkoal|1\n|-damage|p2a: Torkoal|0 fnt\n|faint|p2a: Torkoal\n|\n|-weather|SunnyDay|[upkeep]\n|upkeep\n|\n|t:|1776189274\n|switch|p2a: Incineroar|Incineroar, L50, F, shiny|100/100\n|-ability|p2a: Incineroar|Intimidate|boost\n|-unboost|p1a: Charizard|atk|1\n|-unboost|p1b: Venusaur|atk|1\n|turn|7\n|\n|t:|1776189292\n|switch|p1b: Incineroar|Incineroar, L50, F|69/100\n|-ability|p1b: Incineroar|Intimidate|boost\n|-unboost|p2a: Incineroar|atk|1\n|-unboost|p2b: Panzer|atk|1\n|move|p2a: Incineroar|Fake Out|p1a: Charizard\n|-damage|p1a: Charizard|69/100\n|move|p2b: Panzer|Sludge Wave|p1a: Charizard|[spread] p2a,p1a,p1b\n|-damage|p2a: Incineroar|83/100\n|-damage|p1a: Charizard|48/100\n|-damage|p1b: Incineroar|49/100\n|-enditem|p1b: Incineroar|Sitrus Berry|[eat]\n|-heal|p1b: Incineroar|74/100|[from] item: Sitrus Berry\n|cant|p1a: Charizard|flinch\n|\n|-weather|none\n|upkeep\n|turn|8\n|\n|t:|1776189311\n|move|p2b: Panzer|Protect|p2b: Panzer\n|-singleturn|p2b: Panzer|Protect\n|move|p1b: Incineroar|Fake Out|p2a: Incineroar\n|-damage|p2a: Incineroar|71/100\n|move|p1a: Charizard|Heat Wave|p2a: Incineroar|[spread] p2a\n|-activate|p2b: Panzer|move: Protect\n|-resisted|p2a: Incineroar|1\n|-damage|p2a: Incineroar|53/100\n|cant|p2a: Incineroar|flinch\n|\n|upkeep\n|turn|9\n|\n|t:|1776189340\n|switch|p1a: Rotom|Rotom-Wash, L50|100/100\n|move|p2b: Panzer|Sleep Powder|p1a: Rotom|[miss]\n|-miss|p2b: Panzer|p1a: Rotom\n|move|p2a: Incineroar|Taunt|p1b: Incineroar\n|-start|p1b: Incineroar|move: Taunt\n|move|p1b: Incineroar|Flare Blitz|p2b: Panzer\n|-supereffective|p2b: Panzer|1\n|-damage|p2b: Panzer|0 fnt\n|faint|p2b: Panzer\n|-damage|p1b: Incineroar|61/100|[from] Recoil\n|\n|upkeep\n|\n|t:|1776189353\n|switch|p2b: Farigiraf|Farigiraf, L50, F|100/100\n|turn|10\n|\n|t:|1776189380\n|move|p1a: Rotom|Hydro Pump|p2a: Incineroar\n|-supereffective|p2a: Incineroar|1\n|-damage|p2a: Incineroar|0 fnt\n|faint|p2a: Incineroar\n|move|p1b: Incineroar|Darkest Lariat|p2b: Farigiraf\n|-supereffective|p2b: Farigiraf|1\n|-damage|p2b: Farigiraf|5/100\n|move|p2b: Farigiraf|Hyper Voice|p1a: Rotom|[spread] p1a,p1b\n|-damage|p1a: Rotom|64/100\n|-damage|p1b: Incineroar|29/100\n|\n|-heal|p1a: Rotom|70/100|[from] item: Leftovers\n|upkeep\n|turn|11\n|-message|Dorugga forfeited.\n|\n|win|Tweasure\n|raw|Tweasure's rating: 1015 &rarr; <strong>1063</strong><br />(+48 for winning)\n|raw|Dorugga's rating: 1110 &rarr; <strong>1078</strong><br />(-32 for losing)\n|l|\u2606Dorugga\n|player|p2|\n",
  "uploadtime": 1776189403,
  "views": 20,
  "formatid": "gen9championsvgc2026regma",
  "rating": 1063,
  "private": 0,
  "password": null
}