{
  "id": "gen9championsvgc2026regma-2587600130",
  "format": "[Gen 9 Champions] VGC 2026 Reg M-A",
  "players": [
    "Squirtle Soldier",
    "Bobakery"
  ],
  "log": "|j|\u2606Squirtle Soldier\n|j|\u2606Bobakery\n|t:|1776545829\n|gametype|doubles\n|player|p1|Squirtle Soldier|169|1111\n|player|p2|Bobakery|102|1086\n|gen|9\n|tier|[Gen 9 Champions] VGC 2026 Reg M-A\n|rated|\n|rule|Species Clause: Limit one of each Pok\u00e9mon\n|rule|Item Clause: Limit 1 of each item\n|clearpoke\n|poke|p1|Starmie, L50, shiny|\n|poke|p1|Incineroar, L50, M|\n|poke|p1|Dragapult, L50, M|\n|poke|p1|Scovillain, L50, F|\n|poke|p1|Basculegion-F, L50, F, shiny|\n|poke|p1|Farigiraf, L50, M|\n|poke|p2|Castform, L50, M, shiny|\n|poke|p2|Pelipper, L50, F|\n|poke|p2|Torkoal, L50, M|\n|poke|p2|Ninetales-Alola, L50, F|\n|poke|p2|Venusaur, L50, F|\n|poke|p2|Crabominable, L50, M|\n|teampreview|4\n|inactive|Battle timer is ON: inactive players will automatically lose when time's up. (requested by Squirtle Soldier)\n|\n|t:|1776545859\n|teamsize|p1|4\n|teamsize|p2|4\n|start\n|switch|p1a: The Bomb|Starmie, L50, shiny|100/100\n|switch|p1b: Dragapult|Dragapult, L50, M|100/100\n|switch|p2a: Zeus|Castform, L50, M, shiny|100/100\n|switch|p2b: Chione|Ninetales-Alola, L50, F|100/100\n|-weather|Snowscape|[from] ability: Snow Warning|[of] p2b: Chione\n|-formechange|p2a: Zeus|Castform-Snowy|[msg]|[from] ability: Forecast\n|turn|1\n|inactive|Bobakery has 30 seconds left.\n|inactive|Bobakery has 20 seconds left.\n|inactive|Bobakery has 15 seconds left.\n|inactive|Bobakery has 10 seconds left.\n|\n|t:|1776545908\n|detailschange|p1a: The Bomb|Starmie-Mega, L50, shiny\n|-mega|p1a: The Bomb|Starmie|Starminite\n|move|p1b: Dragapult|Helping Hand|p1a: The Bomb\n|-singleturn|p1a: The Bomb|Helping Hand|[of] p1b: Dragapult\n|move|p2b: Chione|Aurora Veil|p2b: Chione\n|-sidestart|p2: Bobakery|move: Aurora Veil\n|move|p1a: The Bomb|Self-Destruct|p2a: Zeus|[spread] p2a,p2b\n|-immune|p1b: Dragapult\n|-damage|p2a: Zeus|0 fnt\n|-damage|p2b: Chione|0 fnt\n|faint|p1a: The Bomb\n|faint|p2a: Zeus\n|faint|p2b: Chione\n|\n|-weather|Snowscape|[upkeep]\n|upkeep\n|\n|t:|1776545928\n|switch|p2b: Hyades|Pelipper, L50, F|100/100\n|switch|p1a: The Nuke|Incineroar, L50, M|100/100\n|switch|p2a: Ares|Crabominable, L50, M|100/100\n|-weather|RainDance|[from] ability: Drizzle|[of] p2b: Hyades\n|-ability|p1a: The Nuke|Intimidate|boost\n|-unboost|p2a: Ares|atk|1\n|-unboost|p2b: Hyades|atk|1\n|turn|2\n|inactive|Bobakery has 30 seconds left.\n|inactive|Bobakery has 20 seconds left.\n|inactive|Bobakery has 15 seconds left.\n|\n|t:|1776545970\n|detailschange|p2a: Ares|Crabominable-Mega, L50, M\n|-mega|p2a: Ares|Crabominable|Crabominite\n|move|p2a: Ares|Protect|p2a: Ares\n|-singleturn|p2a: Ares|Protect\n|move|p1a: The Nuke|Fake Out|p2b: Hyades\n|-damage|p2b: Hyades|93/100\n|move|p1b: Dragapult|Will-O-Wisp|p2a: Ares\n|-activate|p2a: Ares|move: Protect\n|cant|p2b: Hyades|flinch\n|\n|-weather|RainDance|[upkeep]\n|upkeep\n|turn|3\n|\n|t:|1776545986\n|move|p1b: Dragapult|Will-O-Wisp|p2a: Ares\n|-status|p2a: Ares|brn\n|move|p2b: Hyades|Weather Ball|p1a: The Nuke\n|-supereffective|p1a: The Nuke|1\n|-damage|p1a: The Nuke|16/100\n|move|p1a: The Nuke|Parting Shot|p2b: Hyades\n|-unboost|p2b: Hyades|atk|1\n|-unboost|p2b: Hyades|spa|1\n|\n|t:|1776545990\n|switch|p1a: Farigiraf|Farigiraf, L50, M|100/100|[from] Parting Shot\n|move|p2a: Ares|Drain Punch|p1a: Farigiraf\n|-damage|p1a: Farigiraf|85/100\n|\n|-weather|RainDance|[upkeep]\n|-damage|p2a: Ares|95/100 brn|[from] brn\n|upkeep\n|turn|4\n|inactive|Squirtle Soldier has 30 seconds left.\n|inactive|Bobakery has 30 seconds left.\n|inactive|Bobakery has 20 seconds left.\n|\n|t:|1776546027\n|move|p1b: Dragapult|Will-O-Wisp|p2b: Hyades\n|-status|p2b: Hyades|brn\n|move|p2b: Hyades|Hurricane|p1a: Farigiraf\n|-crit|p1a: Farigiraf\n|-damage|p1a: Farigiraf|16/100\n|move|p1a: Farigiraf|Twin Beam|p2a: Ares\n|-supereffective|p2a: Ares|1\n|-damage|p2a: Ares|79/100 brn\n|-supereffective|p2a: Ares|1\n|-damage|p2a: Ares|61/100 brn\n|-hitcount|p2a: Ares|2\n|move|p2a: Ares|Ice Punch|p1b: Dragapult\n|-supereffective|p1b: Dragapult|1\n|-damage|p1b: Dragapult|51/100\n|\n|-weather|RainDance|[upkeep]\n|-damage|p2b: Hyades|87/100 brn|[from] brn\n|-damage|p2a: Ares|55/100 brn|[from] brn\n|upkeep\n|turn|5\n|\n|t:|1776546040\n|move|p1a: Farigiraf|Protect|p1a: Farigiraf\n|-singleturn|p1a: Farigiraf|Protect\n|move|p1b: Dragapult|Hex|p2a: Ares\n|-damage|p2a: Ares|15/100 brn\n|move|p2b: Hyades|Hurricane|p1a: Farigiraf\n|-activate|p1a: Farigiraf|move: Protect\n|move|p2a: Ares|Ice Punch|p1b: Dragapult\n|-supereffective|p1b: Dragapult|1\n|-damage|p1b: Dragapult|1/100\n|\n|-weather|RainDance|[upkeep]\n|-damage|p2b: Hyades|81/100 brn|[from] brn\n|-damage|p2a: Ares|9/100 brn|[from] brn\n|-sideend|p2: Bobakery|move: Aurora Veil\n|upkeep\n|turn|6\n|inactive|Bobakery has 30 seconds left.\n|\n|t:|1776546073\n|move|p1b: Dragapult|Hex|p2a: Ares\n|-damage|p2a: Ares|0 fnt\n|faint|p2a: Ares\n|move|p2b: Hyades|Weather Ball|p1b: Dragapult\n|-resisted|p1b: Dragapult|1\n|-damage|p1b: Dragapult|0 fnt\n|faint|p1b: Dragapult\n|move|p1a: Farigiraf|Twin Beam|p2b: Hyades\n|-damage|p2b: Hyades|60/100 brn\n|-damage|p2b: Hyades|38/100 brn\n|-hitcount|p2b: Hyades|2\n|\n|-weather|none\n|-damage|p2b: Hyades|32/100 brn|[from] brn\n|upkeep\n|\n|t:|1776546075\n|switch|p1b: The Nuke|Incineroar, L50, M|16/100\n|-ability|p1b: The Nuke|Intimidate|boost\n|-unboost|p2b: Hyades|atk|1\n|turn|7\n|\n|t:|1776546084\n|move|p1b: The Nuke|Fake Out|p2b: Hyades\n|-damage|p2b: Hyades|21/100 brn\n|cant|p2b: Hyades|flinch\n|move|p1a: Farigiraf|Twin Beam|p2b: Hyades\n|-damage|p2b: Hyades|0 fnt\n|faint|p2b: Hyades\n|-hitcount|p2: Hyades|1\n|\n|win|Squirtle Soldier\n|raw|Squirtle Soldier's rating: 1111 &rarr; <strong>1134</strong><br />(+23 for winning)\n|raw|Bobakery's rating: 1086 &rarr; <strong>1065</strong><br />(-21 for losing)\n|c|\u2606Bobakery|Gg\n",
  "uploadtime": 1776546093,
  "views": 19,
  "formatid": "gen9championsvgc2026regma",
  "rating": 1065,
  "private": 0,
  "password": null
}