{
  "id": "gen9championsvgc2026regma-2589399695",
  "format": "[Gen 9 Champions] VGC 2026 Reg M-A",
  "players": [
    "kjtnipnpdnjifw",
    "taxo0"
  ],
  "log": "|j|\u2606kjtnipnpdnjifw\n|j|\u2606taxo0\n|t:|1776719847\n|gametype|doubles\n|player|p1|kjtnipnpdnjifw|266|1059\n|player|p2|taxo0|psychic-gen4|1126\n|gen|9\n|tier|[Gen 9 Champions] VGC 2026 Reg M-A\n|rated|\n|rule|Species Clause: Limit one of each Pok\u00e9mon\n|rule|Item Clause: Limit 1 of each item\n|clearpoke\n|poke|p1|Scizor, L50, F|\n|poke|p1|Liepard, L50, M|\n|poke|p1|Garchomp, L50, M|\n|poke|p1|Basculegion, L50, M|\n|poke|p1|Pelipper, L50, F|\n|poke|p1|Manectric, L50, M|\n|poke|p2|Gardevoir, L50, F, shiny|\n|poke|p2|Sinistcha, L50|\n|poke|p2|Talonflame, L50, M, shiny|\n|poke|p2|Milotic, L50, F, shiny|\n|poke|p2|Aegislash, L50, F|\n|poke|p2|Krookodile, L50, M|\n|teampreview|4\n|inactive|Battle timer is ON: inactive players will automatically lose when time's up. (requested by kjtnipnpdnjifw)\n|\n|t:|1776719886\n|teamsize|p1|4\n|teamsize|p2|4\n|start\n|switch|p1a: Liepard|Liepard, L50, M|100/100\n|switch|p1b: Basculegion|Basculegion, L50, M|100/100\n|switch|p2a: Krookodile|Krookodile, L50, M|100/100\n|switch|p2b: Sinistcha|Sinistcha, L50|100/100\n|-ability|p2a: Krookodile|Intimidate|boost\n|-unboost|p1a: Liepard|atk|1\n|-unboost|p1b: Basculegion|atk|1\n|turn|1\n|\n|t:|1776719908\n|move|p2b: Sinistcha|Rage Powder|p2b: Sinistcha\n|-singleturn|p2b: Sinistcha|move: Rage Powder\n|move|p1a: Liepard|Rain Dance|p1a: Liepard\n|-weather|RainDance\n|move|p1b: Basculegion|Wave Crash|p2b: Sinistcha\n|-resisted|p2b: Sinistcha|1\n|-damage|p2b: Sinistcha|68/100\n|-damage|p1b: Basculegion|92/100|[from] Recoil\n|move|p2a: Krookodile|Knock Off|p1b: Basculegion\n|-supereffective|p1b: Basculegion|1\n|-damage|p1b: Basculegion|0 fnt\n|-enditem|p1b: Basculegion|Mystic Water|[from] move: Knock Off|[of] p2a: Krookodile\n|faint|p1b: Basculegion\n|\n|-weather|RainDance|[upkeep]\n|-heal|p2b: Sinistcha|74/100|[from] item: Leftovers\n|upkeep\n|\n|t:|1776719927\n|switch|p1b: Scizor|Scizor, L50, F|100/100\n|turn|2\n|\n|t:|1776719938\n|detailschange|p1b: Scizor|Scizor-Mega, L50, F\n|-mega|p1b: Scizor|Scizor|Scizorite\n|move|p1a: Liepard|Foul Play|p2b: Sinistcha\n|-supereffective|p2b: Sinistcha|1\n|-damage|p2b: Sinistcha|38/100\n|move|p2a: Krookodile|Earthquake|p1b: Scizor|[spread] p2b,p1a,p1b\n|-resisted|p2b: Sinistcha|1\n|-damage|p2b: Sinistcha|21/100\n|-damage|p1a: Liepard|30/100\n|-damage|p1b: Scizor|70/100\n|move|p1b: Scizor|Swords Dance|p1b: Scizor\n|-boost|p1b: Scizor|atk|2\n|move|p2b: Sinistcha|Trick Room|p2b: Sinistcha\n|-fieldstart|move: Trick Room|[of] p2b: Sinistcha\n|\n|-weather|RainDance|[upkeep]\n|-heal|p2b: Sinistcha|27/100|[from] item: Leftovers\n|upkeep\n|turn|3\n|inactive|kjtnipnpdnjifw has 30 seconds left.\n|\n|t:|1776719964\n|switch|p2b: Aegislash|Aegislash, L50, F|100/100\n|switch|p1a: Pelipper|Pelipper, L50, F|100/100\n|move|p2a: Krookodile|Protect|p2a: Krookodile\n|-singleturn|p2a: Krookodile|Protect\n|move|p1b: Scizor|Bullet Punch|p2b: Aegislash\n|-resisted|p2b: Aegislash|1\n|-damage|p2b: Aegislash|72/100\n|\n|-weather|RainDance|[upkeep]\n|upkeep\n|turn|4\n|\n|t:|1776719981\n|-formechange|p2b: Aegislash|Aegislash-Blade|\n|move|p2b: Aegislash|Poltergeist|p1a: Pelipper\n|-activate|p1a: Pelipper|move: Poltergeist|Leftovers\n|-damage|p1a: Pelipper|17/100\n|move|p1b: Scizor|Close Combat|p2a: Krookodile\n|-supereffective|p2a: Krookodile|1\n|-enditem|p2a: Krookodile|Chople Berry|[eat]\n|-enditem|p2a: Krookodile|Chople Berry|[weaken]\n|-damage|p2a: Krookodile|0 fnt\n|-unboost|p1b: Scizor|def|1\n|-unboost|p1b: Scizor|spd|1\n|faint|p2a: Krookodile\n|move|p1a: Pelipper|Weather Ball|p2b: Aegislash\n|-damage|p2b: Aegislash|0 fnt\n|faint|p2b: Aegislash\n|\n|-weather|RainDance|[upkeep]\n|-heal|p1a: Pelipper|23/100|[from] item: Leftovers\n|upkeep\n|\n|t:|1776719997\n|switch|p2b: Sinistcha|Sinistcha, L50|27/100\n|switch|p2a: Vanitas|Gardevoir, L50, F, shiny|100/100\n|-ability|p2a: Vanitas|Drizzle|Trace|[from] ability: Trace|[of] p1a: Pelipper\n|turn|5\n|\n|t:|1776720013\n|detailschange|p2a: Vanitas|Gardevoir-Mega, L50, F, shiny\n|-mega|p2a: Vanitas|Gardevoir|Gardevoirite\n|move|p1b: Scizor|Protect|p1b: Scizor\n|-singleturn|p1b: Scizor|Protect\n|move|p2b: Sinistcha|Strength Sap|p1b: Scizor\n|-activate|p1b: Scizor|move: Protect\n|move|p1a: Pelipper|Hurricane|p2b: Sinistcha\n|-supereffective|p2b: Sinistcha|1\n|-damage|p2b: Sinistcha|0 fnt\n|faint|p2b: Sinistcha\n|move|p2a: Vanitas|Aura Sphere|p1b: Scizor\n|-activate|p1b: Scizor|move: Protect\n|\n|-weather|none\n|-heal|p1a: Pelipper|29/100|[from] item: Leftovers\n|upkeep\n|turn|6\n|\n|t:|1776720034\n|switch|p1a: Liepard|Liepard, L50, M|30/100\n|move|p1b: Scizor|Bullet Punch|p2a: Vanitas\n|-supereffective|p2a: Vanitas|1\n|-damage|p2a: Vanitas|0 fnt\n|faint|p2a: Vanitas\n|\n|win|kjtnipnpdnjifw\n|raw|kjtnipnpdnjifw's rating: 1059 &rarr; <strong>1096</strong><br />(+37 for winning)\n|raw|taxo0's rating: 1126 &rarr; <strong>1096</strong><br />(-30 for losing)\n",
  "uploadtime": 1776720040,
  "views": 7,
  "formatid": "gen9championsvgc2026regma",
  "rating": 1096,
  "private": 0,
  "password": null
}