{
  "id": "gen9championsvgc2026regma-2581315274",
  "format": "[Gen 9 Champions] VGC 2026 Reg M-A",
  "players": [
    "manofchs",
    "Murphy's kitchen"
  ],
  "log": "|j|\u2606manofchs\n|j|\u2606Murphy's kitchen\n|t:|1775985504\n|gametype|doubles\n|player|p1|manofchs|n|1107\n|player|p2|Murphy's kitchen|1|1148\n|gen|9\n|tier|[Gen 9 Champions] VGC 2026 Reg M-A\n|rated|\n|rule|Species Clause: Limit one of each Pok\u00e9mon\n|rule|Item Clause: Limit 1 of each item\n|clearpoke\n|poke|p1|Dragonite, L50, M|\n|poke|p1|Gyarados, L50, M|\n|poke|p1|Arcanine-Hisui, L50, F|\n|poke|p1|Pelipper, L50, M|\n|poke|p1|Sinistcha-Masterpiece, L50|\n|poke|p1|Incineroar, L50, F|\n|poke|p2|Starmie, L50|\n|poke|p2|Maushold-Four, L50|\n|poke|p2|Kommo-o, L50, F|\n|poke|p2|Aegislash, L50, M|\n|poke|p2|Rotom-Heat, L50|\n|poke|p2|Whimsicott, L50, F|\n|teampreview|4\nmanofchs has agreed to open team sheets.\n|\n|t:|1775985542\n|teamsize|p1|4\n|teamsize|p2|4\n|start\n|switch|p1a: Dragonite|Dragonite, L50, M|100/100\n|switch|p1b: Gyarados|Gyarados, L50, M|100/100\n|switch|p2a: Kommo-o|Kommo-o, L50, F|100/100\n|switch|p2b: Whimsicott|Whimsicott, L50, F|100/100\n|-ability|p1b: Gyarados|Intimidate|boost\n|-unboost|p2a: Kommo-o|atk|1\n|-unboost|p2b: Whimsicott|atk|1\n|turn|1\n|\n|t:|1775985565\n|detailschange|p1a: Dragonite|Dragonite-Mega, L50, M\n|-mega|p1a: Dragonite|Dragonite|Dragoninite\n|move|p1a: Dragonite|Protect|p1a: Dragonite\n|-singleturn|p1a: Dragonite|Protect\n|move|p1b: Gyarados|Dragon Cheer|p1a: Dragonite\n|-start|p1a: Dragonite|move: Dragon Cheer\n|move|p2b: Whimsicott|Moonblast|p1a: Dragonite\n|-activate|p1a: Dragonite|move: Protect\n|move|p2a: Kommo-o|Clanging Scales|p1a: Dragonite|[spread] p1b\n|-activate|p1a: Dragonite|move: Protect\n|-damage|p1b: Gyarados|61/100\n|-unboost|p2a: Kommo-o|def|1\n|\n|-heal|p1b: Gyarados|67/100|[from] item: Leftovers\n|upkeep\n|turn|2\n|\n|t:|1775985589\n|switch|p1b: Pelipper|Pelipper, L50, M|100/100\n|-weather|RainDance|[from] ability: Drizzle|[of] p1b: Pelipper\n|move|p2b: Whimsicott|Encore|p1a: Dragonite\n|-start|p1a: Dragonite|Encore\n|move|p1a: Dragonite|Protect||[still]\n|-fail|p1a: Dragonite\n|move|p2a: Kommo-o|Clangorous Soul|p2a: Kommo-o\n|-boost|p2a: Kommo-o|atk|1\n|-boost|p2a: Kommo-o|def|1\n|-boost|p2a: Kommo-o|spa|1\n|-boost|p2a: Kommo-o|spd|1\n|-boost|p2a: Kommo-o|spe|1\n|-damage|p2a: Kommo-o|68/100\n|\n|-weather|RainDance|[upkeep]\n|upkeep\n|turn|3\n|\n|t:|1775985607\n|move|p1a: Dragonite|Protect|p1a: Dragonite\n|-singleturn|p1a: Dragonite|Protect\n|move|p2a: Kommo-o|Clanging Scales|p1b: Pelipper|[spread] p1b\n|-activate|p1a: Dragonite|move: Protect\n|-damage|p1b: Pelipper|19/100\n|-unboost|p2a: Kommo-o|def|1\n|move|p2b: Whimsicott|Moonblast|p1b: Pelipper\n|-damage|p1b: Pelipper|0 fnt\n|faint|p1b: Pelipper\n|\n|-weather|RainDance|[upkeep]\n|upkeep\n|\n|t:|1775985622\n|switch|p1b: Gyarados|Gyarados, L50, M|67/100\n|-ability|p1b: Gyarados|Intimidate|boost\n|-unboost|p2a: Kommo-o|atk|1\n|-unboost|p2b: Whimsicott|atk|1\n|turn|4\n|\n|t:|1775985631\n|move|p1a: Dragonite|Protect||[still]\n|-fail|p1a: Dragonite\n|move|p2a: Kommo-o|Clanging Scales|p1b: Gyarados|[spread] p1a,p1b\n|-supereffective|p1a: Dragonite|1\n|-damage|p1a: Dragonite|44/100\n|-damage|p1b: Gyarados|2/100\n|-unboost|p2a: Kommo-o|def|1\n|move|p1b: Gyarados|Temper Flare|p2b: Whimsicott\n|-supereffective|p2b: Whimsicott|1\n|-enditem|p2b: Whimsicott|Occa Berry|[eat]\n|-enditem|p2b: Whimsicott|Occa Berry|[weaken]\n|-damage|p2b: Whimsicott|87/100\n|move|p2b: Whimsicott|Moonblast|p1b: Gyarados\n|-damage|p1b: Gyarados|0 fnt\n|faint|p1b: Gyarados\n|\n|-weather|RainDance|[upkeep]\n|-end|p1a: Dragonite|Encore\n|upkeep\n|\n|t:|1775985632\n|switch|p1b: Sinistcha|Sinistcha-Masterpiece, L50|100/100\n|-heal|p1a: Dragonite|69/100|[from] ability: Hospitality|[of] p1b: Sinistcha\n|turn|5\n|\n|t:|1775985655\n|move|p2b: Whimsicott|Encore|p1a: Dragonite\n|-start|p1a: Dragonite|Encore\n|move|p1a: Dragonite|Protect|p1a: Dragonite\n|-singleturn|p1a: Dragonite|Protect\n|move|p2a: Kommo-o|Clanging Scales|p1b: Sinistcha|[spread] p1b\n|-activate|p1a: Dragonite|move: Protect\n|-damage|p1b: Sinistcha|50/100\n|-unboost|p2a: Kommo-o|def|1\n|move|p1b: Sinistcha|Life Dew|p1b: Sinistcha|[spread] p1a,p1b\n|-heal|p1a: Dragonite|94/100\n|-heal|p1b: Sinistcha|75/100\n|\n|-weather|RainDance|[upkeep]\n|upkeep\n|turn|6\n|\n|t:|1775985672\n|move|p1a: Dragonite|Protect||[still]\n|-fail|p1a: Dragonite\n|move|p2a: Kommo-o|Clanging Scales|p1b: Sinistcha|[spread] p1a,p1b\n|-supereffective|p1a: Dragonite|1\n|-damage|p1a: Dragonite|0 fnt\n|-damage|p1b: Sinistcha|17/100\n|faint|p1a: Dragonite\n|-unboost|p2a: Kommo-o|def|1\n|move|p2b: Whimsicott|Moonblast|p1b: Sinistcha\n|-damage|p1b: Sinistcha|0 fnt\n|faint|p1b: Sinistcha\n|\n|win|Murphy's kitchen\n|raw|manofchs's rating: 1107 &rarr; <strong>1085</strong><br />(-22 for losing)\n|raw|Murphy&apos;s kitchen's rating: 1148 &rarr; <strong>1170</strong><br />(+22 for winning)\n|l|\u2606manofchs\n|player|p1|\n",
  "uploadtime": 1775985688,
  "views": 34,
  "formatid": "gen9championsvgc2026regma",
  "rating": 1085,
  "private": 0,
  "password": null
}