{
  "id": "gen9championsvgc2026regma-2586756502",
  "format": "[Gen 9 Champions] VGC 2026 Reg M-A",
  "players": [
    "BruhMomentMaker",
    "itsjustsomni"
  ],
  "log": "|j|\u2606BruhMomentMaker\n|j|\u2606itsjustsomni\n|t:|1776457441\n|gametype|doubles\n|player|p1|BruhMomentMaker|2|1120\n|player|p2|itsjustsomni|cyrus|1133\n|gen|9\n|tier|[Gen 9 Champions] VGC 2026 Reg M-A\n|rated|\n|rule|Species Clause: Limit one of each Pok\u00e9mon\n|rule|Item Clause: Limit 1 of each item\n|clearpoke\n|poke|p1|Garchomp, L50, M|\n|poke|p1|Chimecho, L50, F|\n|poke|p1|Incineroar, L50, M|\n|poke|p1|Rotom-Wash, L50|\n|poke|p1|Clefable, L50, M|\n|poke|p1|Decidueye-Hisui, L50, F|\n|poke|p2|Aggron, L50, F|\n|poke|p2|Sinistcha, L50|\n|poke|p2|Hydreigon, L50, F|\n|poke|p2|Rotom-Wash, L50|\n|poke|p2|Incineroar, L50, F|\n|poke|p2|Aerodactyl, L50, M|\n|teampreview|4\n|inactive|Battle timer is ON: inactive players will automatically lose when time's up. (requested by itsjustsomni)\n|inactive|BruhMomentMaker has 60 seconds left.\nitsjustsomni has agreed to open team sheets.\n|inactive|BruhMomentMaker has 30 seconds left.\n|\n|t:|1776457508\n|teamsize|p1|4\n|teamsize|p2|4\n|start\n|switch|p1a: Decidueye|Decidueye-Hisui, L50, F|100/100\n|switch|p1b: Incineroar|Incineroar, L50, M|100/100\n|switch|p2a: Aerodactyl|Aerodactyl, L50, M|100/100\n|switch|p2b: Hydreigon|Hydreigon, L50, F|100/100\n|-ability|p2a: Aerodactyl|Unnerve\n|-ability|p1b: Incineroar|Intimidate|boost\n|-unboost|p2a: Aerodactyl|atk|1\n|-unboost|p2b: Hydreigon|atk|1\n|turn|1\n|inactive|itsjustsomni has 30 seconds left.\n|\n|t:|1776457541\n|move|p2a: Aerodactyl|Protect|p2a: Aerodactyl\n|-singleturn|p2a: Aerodactyl|Protect\n|move|p1b: Incineroar|Fake Out|p2a: Aerodactyl\n|-activate|p2a: Aerodactyl|move: Protect\n|move|p2b: Hydreigon|Flamethrower|p1a: Decidueye\n|-supereffective|p1a: Decidueye|1\n|-damage|p1a: Decidueye|20/100\n|-status|p1a: Decidueye|brn\n|move|p1a: Decidueye|Triple Arrows|p2b: Hydreigon\n|-supereffective|p2b: Hydreigon|1\n|-crit|p2b: Hydreigon\n|-damage|p2b: Hydreigon|14/100\n|\n|-damage|p1a: Decidueye|14/100 brn|[from] brn\n|upkeep\n|turn|2\n|\n|t:|1776457566\n|move|p2a: Aerodactyl|Rock Slide|p1b: Incineroar|[spread] p1a,p1b\n|-resisted|p1a: Decidueye|1\n|-supereffective|p1b: Incineroar|1\n|-damage|p1a: Decidueye|3/100 brn\n|-damage|p1b: Incineroar|65/100\n|move|p2b: Hydreigon|Draco Meteor|p1b: Incineroar\n|-damage|p1b: Incineroar|10/100\n|-unboost|p2b: Hydreigon|spa|2\n|cant|p1a: Decidueye|flinch\n|move|p1b: Incineroar|Parting Shot|p2a: Aerodactyl\n|-unboost|p2a: Aerodactyl|atk|1\n|-unboost|p2a: Aerodactyl|spa|1\n|\n|t:|1776457582\n|switch|p1b: Rotom|Rotom-Wash, L50|100/100|[from] Parting Shot\n|\n|-damage|p1a: Decidueye|0 fnt|[from] brn\n|faint|p1a: Decidueye\n|upkeep\n|\n|t:|1776457592\n|switch|p1a: Clefable|Clefable, L50, M|100/100\n|turn|3\n|\n|t:|1776457607\n|switch|p2a: Sinistcha|Sinistcha, L50|100/100\n|-heal|p2b: Hydreigon|38/100|[from] ability: Hospitality|[of] p2a: Sinistcha\n|switch|p2b: Aggron|Aggron, L50, F|100/100\n|move|p1b: Rotom|Discharge|p2a: Sinistcha|[spread] p1a,p2a,p2b\n|-resisted|p2a: Sinistcha|1\n|-crit|p2a: Sinistcha\n|-damage|p1a: Clefable|71/100\n|-damage|p2a: Sinistcha|80/100\n|-damage|p2b: Aggron|66/100\n|-status|p2b: Aggron|par\n|move|p1a: Clefable|Imprison|p1a: Clefable\n|-start|p1a: Clefable|move: Imprison\n|\n|-heal|p2a: Sinistcha|86/100|[from] item: Leftovers\n|upkeep\n|turn|4\n|inactive|BruhMomentMaker has 30 seconds left.\n|inactive|itsjustsomni has 30 seconds left.\n|\n|t:|1776457637\n|switch|p1b: Incineroar|Incineroar, L50, M|10/100\n|-ability|p1b: Incineroar|Intimidate|boost\n|-unboost|p2a: Sinistcha|atk|1\n|-unboost|p2b: Aggron|atk|1\n|move|p2a: Sinistcha|Matcha Gotcha|p1b: Incineroar|[spread] p1a,p1b\n|-resisted|p1b: Incineroar|1\n|-damage|p1a: Clefable|48/100\n|-heal|p2a: Sinistcha|99/100|[from] drain|[of] p1a: Clefable\n|-damage|p1b: Incineroar|2/100\n|-heal|p2a: Sinistcha|100/100|[from] drain|[of] p1b: Incineroar\n|-enditem|p1a: Clefable|Sitrus Berry|[eat]\n|-heal|p1a: Clefable|73/100|[from] item: Sitrus Berry\n|move|p1a: Clefable|Moonblast|p2a: Sinistcha\n|-damage|p2a: Sinistcha|70/100\n|cant|p2b: Aggron|par\n|\n|-heal|p2a: Sinistcha|76/100|[from] item: Leftovers\n|-heal|p1b: Incineroar|8/100|[from] item: Leftovers\n|upkeep\n|turn|5\n|inactive|BruhMomentMaker has 30 seconds left.\n|\n|t:|1776457675\n|move|p2a: Sinistcha|Matcha Gotcha|p1b: Incineroar|[spread] p1b\n|-miss|p2a: Sinistcha|p1a: Clefable\n|-resisted|p1b: Incineroar|1\n|-damage|p1b: Incineroar|0 fnt\n|-heal|p2a: Sinistcha|80/100|[from] drain|[of] p1b: Incineroar\n|faint|p1b: Incineroar\n|move|p1a: Clefable|Moonblast|p2a: Sinistcha\n|-damage|p2a: Sinistcha|51/100\n|move|p2b: Aggron|Heavy Slam|p1a: Clefable\n|-supereffective|p1a: Clefable|1\n|-damage|p1a: Clefable|0 fnt\n|faint|p1a: Clefable\n|\n|-heal|p2a: Sinistcha|57/100|[from] item: Leftovers\n|upkeep\n|\n|t:|1776457684\n|switch|p1a: Rotom|Rotom-Wash, L50|100/100\n|turn|6\n|-message|BruhMomentMaker forfeited.\n|\n|win|itsjustsomni\n|raw|BruhMomentMaker's rating: 1120 &rarr; <strong>1096</strong><br />(-24 for losing)\n|raw|itsjustsomni's rating: 1133 &rarr; <strong>1157</strong><br />(+24 for winning)\n",
  "uploadtime": 1776457697,
  "views": 24,
  "formatid": "gen9championsvgc2026regma",
  "rating": 1096,
  "private": 0,
  "password": null
}