{
  "id": "gen9championsvgc2026regma-2580338455",
  "format": "[Gen 9 Champions] VGC 2026 Reg M-A",
  "players": [
    "BananaRamen",
    "test11442"
  ],
  "log": "|j|\u2606BananaRamen\n|j|\u2606test11442\n|t:|1775882297\n|gametype|doubles\n|player|p1|BananaRamen|mira|1000\n|player|p2|test11442|1|1090\n|gen|9\n|tier|[Gen 9 Champions] VGC 2026 Reg M-A\n|rated|\n|rule|Species Clause: Limit one of each Pok\u00e9mon\n|rule|Item Clause: Limit 1 of each item\n|clearpoke\n|poke|p1|Kangaskhan, L50, F|\n|poke|p1|Incineroar, L50, M|\n|poke|p1|Ninetales-Alola, L50, F|\n|poke|p1|Sneasler, L50, F|\n|poke|p1|Goodra-Hisui, L50, F|\n|poke|p1|Sinistcha, L50|\n|poke|p2|Incineroar, L50, F|\n|poke|p2|Orthworm, L50, F|\n|poke|p2|Basculegion-F, L50, F|\n|poke|p2|Froslass, L50, F|\n|poke|p2|Garchomp, L50, F|\n|poke|p2|Rotom-Frost, L50|\n|teampreview|4\n|inactive|Battle timer is ON: inactive players will automatically lose when time's up. (requested by test11442)\n|inactive|BananaRamen has 60 seconds left.\n|\n|t:|1775882365\n|teamsize|p1|4\n|teamsize|p2|4\n|start\n|switch|p1a: Ninetales|Ninetales-Alola, L50, F|100/100\n|switch|p1b: Kangaskhan|Kangaskhan, L50, F|100/100\n|switch|p2a: Incineroar|Incineroar, L50, F|100/100\n|switch|p2b: Orthworm|Orthworm, L50, F|100/100\n|-weather|Snowscape|[from] ability: Snow Warning|[of] p1a: Ninetales\n|-ability|p2a: Incineroar|Intimidate|boost\n|-unboost|p1a: Ninetales|atk|1\n|-fail|p1b: Kangaskhan|unboost|Attack|[from] ability: Scrappy|[of] p1b: Kangaskhan\n|turn|1\n|inactive|BananaRamen has 30 seconds left.\n|inactive|test11442 has 30 seconds left.\n|inactive|BananaRamen has 20 seconds left.\n|inactive|BananaRamen has 15 seconds left.\n|\n|t:|1775882409\n|switch|p1b: Incineroar|Incineroar, L50, M|100/100\n|-ability|p1b: Incineroar|Intimidate|boost\n|-unboost|p2a: Incineroar|atk|1\n|-unboost|p2b: Orthworm|atk|1\n|move|p2a: Incineroar|Fake Out|p1b: Incineroar\n|-damage|p1b: Incineroar|93/100\n|move|p1a: Ninetales|Aurora Veil|p1a: Ninetales\n|-sidestart|p1: BananaRamen|move: Aurora Veil\n|move|p2b: Orthworm|Heavy Slam|p1a: Ninetales\n|-supereffective|p1a: Ninetales|2\n|-damage|p1a: Ninetales|39/100\n|\n|-weather|Snowscape|[upkeep]\n|upkeep\n|turn|2\n|inactive|BananaRamen has 30 seconds left.\n|inactive|BananaRamen has 20 seconds left.\n|\n|t:|1775882447\n|move|p1a: Ninetales|Blizzard|p2b: Orthworm|[spread] p2a,p2b\n|-resisted|p2a: Incineroar|1\n|-resisted|p2b: Orthworm|1\n|-damage|p2a: Incineroar|87/100\n|-damage|p2b: Orthworm|83/100\n|-status|p2b: Orthworm|frz\n|move|p1b: Incineroar|Parting Shot|p2b: Orthworm\n|-unboost|p2b: Orthworm|atk|1\n|-unboost|p2b: Orthworm|spa|1\n|\n|t:|1775882456\n|switch|p1b: Kangaskhan|Kangaskhan, L50, F|100/100|[from] Parting Shot\n|cant|p2b: Orthworm|frz\n|move|p2a: Incineroar|Flare Blitz|p1a: Ninetales\n|-supereffective|p1a: Ninetales|1\n|-damage|p1a: Ninetales|0 fnt\n|faint|p1a: Ninetales\n|-damage|p2a: Incineroar|76/100|[from] Recoil\n|\n|-weather|Snowscape|[upkeep]\n|upkeep\n|inactive|BananaRamen has 30 seconds left.\n|\n|t:|1775882488\n|switch|p1a: Goodra|Goodra-Hisui, L50, F|100/100\n|turn|3\n|\n|t:|1775882507\n|detailschange|p1b: Kangaskhan|Kangaskhan-Mega, L50, F\n|-mega|p1b: Kangaskhan|Kangaskhan|Kangaskhanite\n|move|p1b: Kangaskhan|Double-Edge|p2a: Incineroar\n|-damage|p2a: Incineroar|20/100\n|-damage|p2a: Incineroar|7/100\n|-hitcount|p2a: Incineroar|2\n|-damage|p1b: Kangaskhan|77/100|[from] Recoil\n|cant|p2b: Orthworm|frz\n|move|p1a: Goodra|Shelter|p1a: Goodra\n|-boost|p1a: Goodra|def|2\n|move|p2a: Incineroar|Parting Shot|p1b: Kangaskhan\n|-unboost|p1b: Kangaskhan|atk|1\n|-unboost|p1b: Kangaskhan|spa|1\n|\n|t:|1775882522\n|switch|p2a: Garchomp|Garchomp, L50, F|100/100|[from] Parting Shot\n|\n|-weather|Snowscape|[upkeep]\n|upkeep\n|turn|4\n|\n|t:|1775882532\n|switch|p1b: Incineroar|Incineroar, L50, M|93/100\n|-ability|p1b: Incineroar|Intimidate|boost\n|-unboost|p2a: Garchomp|atk|1\n|-unboost|p2b: Orthworm|atk|1\n|move|p2a: Garchomp|Earthquake|p1b: Incineroar|[spread] p1a,p1b\n|-heal|p2b: Orthworm|100/100 frz|[from] ability: Earth Eater|[of] p2a: Garchomp\n|-supereffective|p1a: Goodra|1\n|-supereffective|p1b: Incineroar|1\n|-enditem|p1b: Incineroar|Shuca Berry|[eat]\n|-enditem|p1b: Incineroar|Shuca Berry|[weaken]\n|-damage|p1a: Goodra|88/100\n|-damage|p1b: Incineroar|78/100\n|-curestatus|p2b: Orthworm|frz|[msg]\n|move|p2b: Orthworm|Shed Tail|p2b: Orthworm\n|-start|p2b: Orthworm|Substitute|[from] move: Shed Tail\n|-damage|p2b: Orthworm|50/100\n|-enditem|p2b: Orthworm|Sitrus Berry|[eat]\n|-heal|p2b: Orthworm|75/100|[from] item: Sitrus Berry\n|\n|t:|1775882547\n|switch|p2b: Froslass|Froslass, L50, F|100/100|[from] Shed Tail\n|move|p1a: Goodra|Dragon Pulse|p2a: Garchomp\n|-supereffective|p2a: Garchomp|1\n|-damage|p2a: Garchomp|34/100\n|\n|-weather|Snowscape|[upkeep]\n|-heal|p1a: Goodra|94/100|[from] item: Leftovers\n|upkeep\n|turn|5\n|inactive|BananaRamen has 30 seconds left.\n|inactive|BananaRamen has 20 seconds left.\n|\n|t:|1775882586\n|move|p2b: Froslass|Nasty Plot|p2b: Froslass\n|-boost|p2b: Froslass|spa|2\n|move|p2a: Garchomp|Rock Slide|p1b: Incineroar|[spread] p1a,p1b\n|-resisted|p1a: Goodra|1\n|-supereffective|p1b: Incineroar|1\n|-damage|p1a: Goodra|92/100\n|-damage|p1b: Incineroar|64/100\n|cant|p1b: Incineroar|flinch\n|cant|p1a: Goodra|flinch\n|\n|-weather|none\n|-heal|p1a: Goodra|98/100|[from] item: Leftovers\n|-sideend|p1: BananaRamen|move: Aurora Veil\n|upkeep\n|turn|6\n|\n|t:|1775882605\n|detailschange|p2b: Froslass|Froslass-Mega, L50, F\n|-mega|p2b: Froslass|Froslass|Froslassite\n|-weather|Snowscape|[from] ability: Snow Warning|[of] p2b: Froslass\n|move|p2b: Froslass|Shadow Ball|p1a: Goodra\n|-damage|p1a: Goodra|35/100\n|move|p2a: Garchomp|Rock Slide|p1a: Goodra|[spread] p1a,p1b\n|-resisted|p1a: Goodra|1\n|-supereffective|p1b: Incineroar|1\n|-damage|p1a: Goodra|33/100\n|-damage|p1b: Incineroar|43/100\n|move|p1b: Incineroar|Darkest Lariat|p2b: Froslass\n|-supereffective|p2b: Froslass|1\n|-end|p2b: Froslass|Substitute\n|move|p1a: Goodra|Dragon Pulse|p2a: Garchomp\n|-supereffective|p2a: Garchomp|1\n|-damage|p2a: Garchomp|0 fnt\n|faint|p2a: Garchomp\n|\n|-weather|Snowscape|[upkeep]\n|-heal|p1a: Goodra|39/100|[from] item: Leftovers\n|upkeep\n|\n|t:|1775882622\n|switch|p2a: Orthworm|Orthworm, L50, F|75/100\n|turn|7\n|\n|t:|1775882647\n|move|p1a: Goodra|Protect|p1a: Goodra\n|-singleturn|p1a: Goodra|Protect\n|move|p2b: Froslass|Blizzard|p1b: Incineroar|[spread] p1b\n|-activate|p1a: Goodra|move: Protect\n|-resisted|p1b: Incineroar|1\n|-damage|p1b: Incineroar|2/100\n|move|p1b: Incineroar|Flare Blitz|p2b: Froslass\n|-supereffective|p2b: Froslass|1\n|-crit|p2b: Froslass\n|-damage|p2b: Froslass|0 fnt\n|faint|p2b: Froslass\n|-damage|p1b: Incineroar|0 fnt|[from] Recoil\n|faint|p1b: Incineroar\n|move|p2a: Orthworm|Body Press|p1a: Goodra\n|-activate|p1a: Goodra|move: Protect\n|\n|-weather|Snowscape|[upkeep]\n|-heal|p1a: Goodra|45/100|[from] item: Leftovers\n|upkeep\n|\n|t:|1775882666\n|switch|p2b: Incineroar|Incineroar, L50, F|7/100\n|switch|p1b: Kangaskhan|Kangaskhan-Mega, L50, F|77/100\n|-ability|p2b: Incineroar|Intimidate|boost\n|-unboost|p1a: Goodra|atk|1\n|-unboost|p1b: Kangaskhan|atk|1\n|turn|8\n|\n|t:|1775882678\n|move|p1b: Kangaskhan|Fake Out|p2b: Incineroar\n|-damage|p2b: Incineroar|0 fnt\n|faint|p2b: Incineroar\n|-hitcount|p2: Incineroar|1\n|move|p2a: Orthworm|Iron Defense|p2a: Orthworm\n|-boost|p2a: Orthworm|def|2\n|move|p1a: Goodra|Body Press|p2a: Orthworm\n|-supereffective|p2a: Orthworm|1\n|-crit|p2a: Orthworm\n|-damage|p2a: Orthworm|0 fnt\n|faint|p2a: Orthworm\n|\n|win|BananaRamen\n|raw|BananaRamen's rating: 1000 &rarr; <strong>1050</strong><br />(+50 for winning)\n|raw|test11442's rating: 1090 &rarr; <strong>1061</strong><br />(-29 for losing)\n|l|\u2606test11442\n|player|p2|\n",
  "uploadtime": 1775882691,
  "views": 15,
  "formatid": "gen9championsvgc2026regma",
  "rating": 1050,
  "private": 0,
  "password": null
}