{
  "id": "gen9championsvgc2026regma-2582826125",
  "format": "[Gen 9 Champions] VGC 2026 Reg M-A",
  "players": [
    "Snog2273",
    "zocktropey"
  ],
  "log": "|j|\u2606Snog2273\n|j|\u2606zocktropey\n|t:|1776117043\n|gametype|doubles\n|player|p1|Snog2273|scientist-gen4|1214\n|player|p2|zocktropey|101|1300\n|gen|9\n|tier|[Gen 9 Champions] VGC 2026 Reg M-A\n|rated|\n|rule|Species Clause: Limit one of each Pok\u00e9mon\n|rule|Item Clause: Limit 1 of each item\n|clearpoke\n|poke|p1|Heliolisk, L50, F|\n|poke|p1|Charizard, L50, M|\n|poke|p1|Garchomp, L50, M|\n|poke|p1|Vivillon, L50, F|\n|poke|p1|Aegislash, L50, F|\n|poke|p1|Sneasler, L50, F|\n|poke|p2|Gengar, L50, F|\n|poke|p2|Incineroar, L50, M|\n|poke|p2|Politoed, L50, F|\n|poke|p2|Maushold, L50|\n|poke|p2|Archaludon, L50, F|\n|poke|p2|Greninja-*, L50, M|\n|teampreview|4\n|inactive|Battle timer is ON: inactive players will automatically lose when time's up. (requested by Snog2273)\nSnog2273 has agreed to open team sheets.\n|inactive|zocktropey has 60 seconds left.\nzocktropey has agreed to open team sheets.\n|showteam|p1|Heliolisk||ChoiceScarf|SolarPower|Thunderbolt,DarkPulse,HyperVoice,ShedTail|||F|||50|]Charizard||CharizarditeY|SolarPower|HeatWave,AirSlash,WeatherBall,Protect|||M|||50|]Garchomp||SoftSand|RoughSkin|Earthquake,DragonClaw,RockSlide,Protect|||M|||50|]Vivillon||FocusSash|CompoundEyes|AirSlash,SleepPowder,RagePowder,Protect|||F|||50|]Aegislash||Leftovers|StanceChange|FlashCannon,ShadowBall,WideGuard,KingsShield|||F|||50|]Sneasler||WhiteHerb|Unburden|CloseCombat,DireClaw,FakeOut,Protect|||F|||50|\n|showteam|p2|Gengar||Gengarite|CursedBody|Protect,ShadowBall,PerishSong,Substitute|||F|||50|]Incineroar||SitrusBerry|Intimidate|FakeOut,PartingShot,DarkestLariat,Protect|||M|||50|]Politoed||Leftovers|Drizzle|PerishSong,Protect,IcyWind,WeatherBall|||F|||50|]Maushold||ChopleBerry|FriendGuard|FollowMe,Protect,PopulationBomb,FakeTears||||||50|]Archaludon||DragonFang|Stamina|ElectroShot,DragonPulse,Protect,Snarl|||F|||50|]Greninja||FocusSash|Torrent|DarkPulse,Surf,IceBeam,Protect|||M|||50|\n|\n|t:|1776117103\n|teamsize|p1|4\n|teamsize|p2|4\n|start\n|switch|p1a: Heliolisk|Heliolisk, L50, F|100/100\n|switch|p1b: Sneasler|Sneasler, L50, F|100/100\n|switch|p2a: Gengar|Gengar, L50, F|100/100\n|switch|p2b: Incineroar|Incineroar, L50, M|100/100\n|-ability|p2b: Incineroar|Intimidate|boost\n|-unboost|p1a: Heliolisk|atk|1\n|-unboost|p1b: Sneasler|atk|1\n|-enditem|p1b: Sneasler|White Herb\n|-clearnegativeboost|p1b: Sneasler|[silent]\n|turn|1\n|inactive|Snog2273 has 30 seconds left.\n|inactive|zocktropey has 30 seconds left.\n|inactive|zocktropey has 20 seconds left.\n|inactive|zocktropey has 15 seconds left.\n|inactive|zocktropey has 10 seconds left.\n|inactive|zocktropey has 5 seconds left.\n|\n|t:|1776117156\n|detailschange|p2a: Gengar|Gengar-Mega, L50, F\n|-mega|p2a: Gengar|Gengar|Gengarite\n|move|p2a: Gengar|Protect|p2a: Gengar\n|-singleturn|p2a: Gengar|Protect\n|move|p2b: Incineroar|Fake Out|p1a: Heliolisk\n|-damage|p1a: Heliolisk|82/100\n|move|p1b: Sneasler|Close Combat|p2b: Incineroar\n|-supereffective|p2b: Incineroar|1\n|-damage|p2b: Incineroar|0 fnt\n|-unboost|p1b: Sneasler|def|1\n|-unboost|p1b: Sneasler|spd|1\n|faint|p2b: Incineroar\n|cant|p1a: Heliolisk|flinch\n|\n|upkeep\n|inactive|zocktropey has 30 seconds left.\n|\n|t:|1776117182\n|switch|p2b: Greninja|Greninja, L50, M|100/100\n|turn|2\n|inactive|Snog2273 has 30 seconds left.\n|inactive|zocktropey has 30 seconds left.\n|\n|t:|1776117208\n|move|p1b: Sneasler|Protect|p1b: Sneasler\n|-singleturn|p1b: Sneasler|Protect\n|move|p2b: Greninja|Protect|p2b: Greninja\n|-singleturn|p2b: Greninja|Protect\n|move|p1a: Heliolisk|Shed Tail|p1a: Heliolisk\n|-start|p1a: Heliolisk|Substitute|[from] move: Shed Tail\n|-damage|p1a: Heliolisk|32/100\n|\n|t:|1776117220\n|switch|p1a: Garchomp|Garchomp, L50, M|100/100|[from] Shed Tail\n|move|p2a: Gengar|Perish Song|p2a: Gengar\n|-start|p1a: Garchomp|perish3|[silent]\n|-start|p1b: Sneasler|perish3|[silent]\n|-start|p2a: Gengar|perish3|[silent]\n|-start|p2b: Greninja|perish3|[silent]\n|-fieldactivate|move: Perish Song\n|\n|-start|p1b: Sneasler|perish3\n|-start|p2b: Greninja|perish3\n|-start|p2a: Gengar|perish3\n|-start|p1a: Garchomp|perish3\n|upkeep\n|turn|3\n|\n|t:|1776117241\n|switch|p2b: Politoed|Politoed, L50, F|100/100\n|-weather|RainDance|[from] ability: Drizzle|[of] p2b: Politoed\n|move|p1b: Sneasler|Close Combat|p2b: Politoed\n|-damage|p2b: Politoed|52/100\n|-unboost|p1b: Sneasler|def|1\n|-unboost|p1b: Sneasler|spd|1\n|move|p2a: Gengar|Substitute|p2a: Gengar\n|-start|p2a: Gengar|Substitute\n|-damage|p2a: Gengar|76/100\n|move|p1a: Garchomp|Earthquake|p2a: Gengar|[spread] p1b,p2a,p2b\n|-supereffective|p2a: Gengar|1\n|-end|p2a: Gengar|Substitute\n|-supereffective|p1b: Sneasler|1\n|-damage|p1b: Sneasler|0 fnt\n|-damage|p2b: Politoed|12/100\n|faint|p1b: Sneasler\n|\n|-weather|RainDance|[upkeep]\n|-heal|p2b: Politoed|18/100|[from] item: Leftovers\n|-start|p2a: Gengar|perish2\n|-start|p1a: Garchomp|perish2\n|upkeep\n|\n|t:|1776117258\n|switch|p1b: Charizard|Charizard, L50, M|100/100\n|turn|4\n|inactive|zocktropey has 30 seconds left.\n|inactive|zocktropey has 20 seconds left.\n|inactive|zocktropey has 15 seconds left.\n|inactive|zocktropey has 10 seconds left.\n|inactive|zocktropey has 5 seconds left.\n|\n|t:|1776117310\n|detailschange|p1b: Charizard|Charizard-Mega-Y, L50, M\n|-mega|p1b: Charizard|Charizard|Charizardite Y\n|-weather|SunnyDay|[from] ability: Drought|[of] p1b: Charizard\n|move|p2a: Gengar|Protect|p2a: Gengar\n|-singleturn|p2a: Gengar|Protect\n|move|p2b: Politoed|Protect|p2b: Politoed\n|-singleturn|p2b: Politoed|Protect\n|move|p1b: Charizard|Heat Wave|p2b: Politoed|[spread] \n|-activate|p2a: Gengar|move: Protect\n|-activate|p2b: Politoed|move: Protect\n|move|p1a: Garchomp|Earthquake|p2b: Politoed|[spread] \n|-activate|p2a: Gengar|move: Protect\n|-activate|p2b: Politoed|move: Protect\n|-immune|p1b: Charizard\n|\n|-weather|SunnyDay|[upkeep]\n|-heal|p2b: Politoed|24/100|[from] item: Leftovers\n|-start|p2a: Gengar|perish1\n|-start|p1a: Garchomp|perish1\n|upkeep\n|turn|5\n|inactive|zocktropey has 30 seconds left.\n|inactive|zocktropey has 20 seconds left.\n|inactive|zocktropey has 15 seconds left.\n|\n|t:|1776117354\n|move|p2a: Gengar|Protect||[still]\n|-fail|p2a: Gengar\n|move|p2b: Politoed|Protect||[still]\n|-fail|p2b: Politoed\n|move|p1b: Charizard|Heat Wave|p2a: Gengar|[spread] p2a,p2b\n|-resisted|p2b: Politoed|1\n|-damage|p2a: Gengar|11/100\n|-damage|p2b: Politoed|0 fnt\n|faint|p2b: Politoed\n|move|p1a: Garchomp|Earthquake|p2a: Gengar|[spread] p2a\n|-immune|p1b: Charizard\n|-supereffective|p2a: Gengar|1\n|-damage|p2a: Gengar|0 fnt\n|faint|p2a: Gengar\n|\n|-weather|SunnyDay|[upkeep]\n|-start|p1a: Garchomp|perish0\n|upkeep\n|faint|p1a: Garchomp\n|inactive|Snog2273 has 30 seconds left.\n|inactive|zocktropey has 30 seconds left.\n|inactive|zocktropey has 20 seconds left.\n|inactive|zocktropey has 15 seconds left.\n|\n|t:|1776117399\n|switch|p2a: Greninja|Greninja, L50, M|100/100\n|switch|p1a: Heliolisk|Heliolisk, L50, F|32/100\n|turn|6\n|\n|t:|1776117420\n|move|p2a: Greninja|Protect|p2a: Greninja\n|-singleturn|p2a: Greninja|Protect\n|move|p1a: Heliolisk|Thunderbolt|p2a: Greninja\n|-activate|p2a: Greninja|move: Protect\n|move|p1b: Charizard|Air Slash|p2a: Greninja\n|-activate|p2a: Greninja|move: Protect\n|\n|-weather|SunnyDay|[upkeep]\n|-damage|p1a: Heliolisk|20/100|[from] ability: Solar Power|[of] p1a: Heliolisk\n|upkeep\n|turn|7\n|\n|t:|1776117433\n|move|p1a: Heliolisk|Thunderbolt|p2a: Greninja\n|-supereffective|p2a: Greninja|1\n|-crit|p2a: Greninja\n|-enditem|p2a: Greninja|Focus Sash\n|-damage|p2a: Greninja|1/100\n|move|p2a: Greninja|Surf|p1a: Heliolisk|[spread] p1a,p1b\n|-supereffective|p1b: Charizard|1\n|-damage|p1a: Heliolisk|0 fnt\n|-damage|p1b: Charizard|57/100\n|faint|p1a: Heliolisk\n|move|p1b: Charizard|Air Slash|p2a: Greninja\n|-damage|p2a: Greninja|0 fnt\n|faint|p2a: Greninja\n|\n|win|Snog2273\n|raw|Snog2273's rating: 1214 &rarr; <strong>1245</strong><br />(+31 for winning)\n|raw|zocktropey's rating: 1300 &rarr; <strong>1269</strong><br />(-31 for losing)\n|l|\u2606zocktropey\n|player|p2|\n",
  "uploadtime": 1776117475,
  "views": 58,
  "formatid": "gen9championsvgc2026regma",
  "rating": 1245,
  "private": 0,
  "password": null
}