{
  "id": "gen9championsvgc2026regma-2586140647",
  "format": "[Gen 9 Champions] VGC 2026 Reg M-A",
  "players": [
    "FlintAndSteelType",
    "Iceisnice_44"
  ],
  "log": "|j|\u203dFlintAndSteelType\n|j|\u2606Iceisnice_44\n|t:|1776404088\n|gametype|doubles\n|player|p1|FlintAndSteelType|170|1158\n|player|p2|Iceisnice_44|102|1165\n|gen|9\n|tier|[Gen 9 Champions] VGC 2026 Reg M-A\n|rated|\n|rule|Species Clause: Limit one of each Pok\u00e9mon\n|rule|Item Clause: Limit 1 of each item\n|clearpoke\n|poke|p1|Gengar, L50, M|\n|poke|p1|Politoed, L50, F|\n|poke|p1|Incineroar, L50, F|\n|poke|p1|Palafin, L50, M|\n|poke|p1|Sableye, L50, F|\n|poke|p1|Kingambit, L50, F|\n|poke|p2|Aerodactyl, L50, F|\n|poke|p2|Incineroar, L50, M|\n|poke|p2|Sneasler, L50, F|\n|poke|p2|Kangaskhan, L50, F|\n|poke|p2|Kommo-o, L50, F|\n|poke|p2|Volcarona, L50, M|\n|teampreview|4\nFlintAndSteelType rejected open team sheets.\n|inactive|Battle timer is ON: inactive players will automatically lose when time's up. (requested by Iceisnice_44)\n|inactive|FlintAndSteelType has 60 seconds left.\n|\n|t:|1776404131\n|teamsize|p1|4\n|teamsize|p2|4\n|start\n|switch|p1a: Gengar|Gengar, L50, M|100/100\n|switch|p1b: Palafin|Palafin, L50, M|100/100\n|switch|p2a: Aerodactyl|Aerodactyl, L50, F|100/100\n|switch|p2b: Volcarona|Volcarona, L50, M|100/100\n|-ability|p2a: Aerodactyl|Unnerve\n|turn|1\n|\n|t:|1776404156\n|detailschange|p2a: Aerodactyl|Aerodactyl-Mega, L50, F\n|-mega|p2a: Aerodactyl|Aerodactyl|Aerodactylite\n|detailschange|p1a: Gengar|Gengar-Mega, L50, M\n|-mega|p1a: Gengar|Gengar|Gengarite\n|move|p2b: Volcarona|Rage Powder|p2b: Volcarona\n|-singleturn|p2b: Volcarona|move: Rage Powder\n|move|p2a: Aerodactyl|Rock Slide|p1a: Gengar|[spread] p1a,p1b\n|-damage|p1a: Gengar|65/100\n|-damage|p1b: Palafin|69/100\n|move|p1a: Gengar|Perish Song|p1a: Gengar\n|-start|p1a: Gengar|perish3|[silent]\n|-start|p1b: Palafin|perish3|[silent]\n|-start|p2a: Aerodactyl|perish3|[silent]\n|-start|p2b: Volcarona|perish3|[silent]\n|-fieldactivate|move: Perish Song\n|cant|p1b: Palafin|flinch\n|\n|-start|p2a: Aerodactyl|perish3\n|-start|p1a: Gengar|perish3\n|-start|p1b: Palafin|perish3\n|-start|p2b: Volcarona|perish3\n|upkeep\n|turn|2\n|\n|t:|1776404176\n|detailschange|p1b: Palafin|Palafin-Hero, L50, M\n|switch|p1b: Politoed|Politoed, L50, F|100/100\n|-weather|RainDance|[from] ability: Drizzle|[of] p1b: Politoed\n|move|p1a: Gengar|Protect|p1a: Gengar\n|-singleturn|p1a: Gengar|Protect\n|move|p2b: Volcarona|Rage Powder|p2b: Volcarona\n|-singleturn|p2b: Volcarona|move: Rage Powder\n|move|p2a: Aerodactyl|Dual Wingbeat|p1a: Gengar\n|-activate|p1a: Gengar|move: Protect\n|\n|-weather|RainDance|[upkeep]\n|-start|p2a: Aerodactyl|perish2\n|-start|p1a: Gengar|perish2\n|-start|p2b: Volcarona|perish2\n|upkeep\n|turn|3\n|inactive|FlintAndSteelType has 30 seconds left.\n|inactive|FlintAndSteelType has 20 seconds left.\n|inactive|FlintAndSteelType has 15 seconds left.\n|inactive|FlintAndSteelType has 10 seconds left.\n|\n|t:|1776404224\n|switch|p1a: Sableye|Sableye, L50, F|100/100\n|move|p2a: Aerodactyl|Dual Wingbeat|p1a: Sableye\n|-damage|p1a: Sableye|65/100\n|-damage|p1a: Sableye|33/100\n|-hitcount|p1a: Sableye|2\n|move|p2b: Volcarona|Fiery Dance|p1a: Sableye\n|-damage|p1a: Sableye|14/100\n|move|p1b: Politoed|Weather Ball|p2a: Aerodactyl\n|-supereffective|p2a: Aerodactyl|1\n|-damage|p2a: Aerodactyl|0 fnt\n|faint|p2a: Aerodactyl\n|\n|-weather|RainDance|[upkeep]\n|-start|p2b: Volcarona|perish1\n|upkeep\n|\n|t:|1776404243\n|switch|p2a: Kangaskhan|Kangaskhan, L50, F|100/100\n|turn|4\n|\n|t:|1776404255\n|switch|p2b: Incineroar|Incineroar, L50, M|100/100\n|-ability|p2b: Incineroar|Intimidate|boost\n|-unboost|p1a: Sableye|atk|1\n|-unboost|p1b: Politoed|atk|1\n|move|p2a: Kangaskhan|Fake Out|p1a: Sableye\n|-damage|p1a: Sableye|0 fnt\n|faint|p1a: Sableye\n|move|p1b: Politoed|Perish Song|p1b: Politoed\n|-start|p1b: Politoed|perish3|[silent]\n|-start|p2a: Kangaskhan|perish3|[silent]\n|-start|p2b: Incineroar|perish3|[silent]\n|-fieldactivate|move: Perish Song\n|\n|-weather|RainDance|[upkeep]\n|-start|p2a: Kangaskhan|perish3\n|-start|p1b: Politoed|perish3\n|-start|p2b: Incineroar|perish3\n|upkeep\n|\n|t:|1776404271\n|switch|p1a: Gengar|Gengar-Mega, L50, M|65/100\n|turn|5\n|\n|t:|1776404291\n|move|p1a: Gengar|Protect|p1a: Gengar\n|-singleturn|p1a: Gengar|Protect\n|move|p1b: Politoed|Protect|p1b: Politoed\n|-singleturn|p1b: Politoed|Protect\n|move|p2a: Kangaskhan|Double-Edge|p1b: Politoed\n|-activate|p1b: Politoed|move: Protect\n|move|p2b: Incineroar|Throat Chop|p1a: Gengar\n|-activate|p1a: Gengar|move: Protect\n|\n|-weather|RainDance|[upkeep]\n|-start|p2a: Kangaskhan|perish2\n|-start|p1b: Politoed|perish2\n|-start|p2b: Incineroar|perish2\n|upkeep\n|turn|6\n|inactive|FlintAndSteelType has 30 seconds left.\n|\n|t:|1776404319\n|move|p1a: Gengar|Disable|p2b: Incineroar\n|-start|p2b: Incineroar|Disable|Throat Chop\n|move|p2a: Kangaskhan|Double-Edge|p1a: Gengar\n|-damage|p1a: Gengar|7/100\n|-damage|p2a: Kangaskhan|85/100|[from] Recoil\n|move|p1b: Politoed|Weather Ball|p2a: Kangaskhan\n|-damage|p2a: Kangaskhan|44/100\n|move|p2b: Incineroar|Parting Shot|p1b: Politoed\n|-unboost|p1b: Politoed|atk|1\n|-unboost|p1b: Politoed|spa|1\n|\n|t:|1776404332\n|switch|p2b: Volcarona|Volcarona, L50, M|100/100|[from] Parting Shot\n|\n|-weather|none\n|-start|p2a: Kangaskhan|perish1\n|-start|p1b: Politoed|perish1\n|upkeep\n|turn|7\n|inactive|FlintAndSteelType has 30 seconds left.\n|inactive|FlintAndSteelType has 20 seconds left.\n|inactive|FlintAndSteelType has 15 seconds left.\n|\n|t:|1776404373\n|move|p1a: Gengar|Protect|p1a: Gengar\n|-singleturn|p1a: Gengar|Protect\n|move|p2b: Volcarona|Tailwind|p2b: Volcarona\n|-sidestart|p2: Iceisnice_44|move: Tailwind\n|move|p2a: Kangaskhan|Double-Edge|p1a: Gengar\n|-activate|p1a: Gengar|move: Protect\n|move|p1b: Politoed|Icy Wind|p2b: Volcarona|[spread] p2a\n|-miss|p1b: Politoed|p2b: Volcarona\n|-damage|p2a: Kangaskhan|39/100\n|-unboost|p2a: Kangaskhan|spe|1\n|\n|-start|p2a: Kangaskhan|perish0\n|-start|p1b: Politoed|perish0\n|faint|p2a: Kangaskhan\n|faint|p1b: Politoed\n|upkeep\n|\n|t:|1776404390\n|switch|p2a: Incineroar|Incineroar, L50, M|100/100\n|switch|p1b: Palafin|Palafin-Hero, L50, M|69/100\n|-activate|p1b: Palafin|ability: Zero to Hero\n|-ability|p2a: Incineroar|Intimidate|boost\n|-unboost|p1a: Gengar|atk|1\n|-unboost|p1b: Palafin|atk|1\n|turn|8\n|inactive|FlintAndSteelType has 30 seconds left.\n|\n|t:|1776404417\n|move|p1b: Palafin|Protect|p1b: Palafin\n|-singleturn|p1b: Palafin|Protect\n|move|p2a: Incineroar|Fake Out|p1b: Palafin\n|-activate|p1b: Palafin|move: Protect\n|move|p2b: Volcarona|Fiery Dance|p1a: Gengar\n|-damage|p1a: Gengar|0 fnt\n|faint|p1a: Gengar\n|\n|upkeep\n|turn|9\n|\n|t:|1776404443\n|move|p2b: Volcarona|Rage Powder|p2b: Volcarona\n|-singleturn|p2b: Volcarona|move: Rage Powder\n|move|p1b: Palafin|Jet Punch|p2b: Volcarona\n|-supereffective|p2b: Volcarona|1\n|-damage|p2b: Volcarona|16/100\n|-status|p1b: Palafin|brn|[from] ability: Flame Body|[of] p2b: Volcarona\n|move|p2a: Incineroar|Throat Chop|p1b: Palafin\n|-damage|p1b: Palafin|36/100 brn\n|-start|p1b: Palafin|Throat Chop|[silent]\n|\n|-damage|p1b: Palafin|30/100 brn|[from] brn\n|upkeep\n|turn|10\n|\n|t:|1776404456\n|move|p1b: Palafin|Jet Punch|p2b: Volcarona\n|-supereffective|p2b: Volcarona|1\n|-crit|p2b: Volcarona\n|-damage|p2b: Volcarona|0 fnt\n|faint|p2b: Volcarona\n|move|p2a: Incineroar|Throat Chop|p1b: Palafin\n|-damage|p1b: Palafin|0 fnt\n|faint|p1b: Palafin\n|\n|win|Iceisnice_44\n|raw|FlintAndSteelType's rating: 1132 &rarr; <strong>1109</strong><br />(-23 for losing)\n|raw|Iceisnice_44's rating: 1165 &rarr; <strong>1188</strong><br />(+23 for winning)\n|l|\u203dFlintAndSteelType\n|player|p1|\n",
  "uploadtime": 1776404467,
  "views": 25,
  "formatid": "gen9championsvgc2026regma",
  "rating": 1109,
  "private": 0,
  "password": null
}