{
  "id": "gen9championsvgc2026regma-2585936528",
  "format": "[Gen 9 Champions] VGC 2026 Reg M-A",
  "players": [
    "nickzwr",
    "TheRaiOh"
  ],
  "log": "|j|\u2606nickzwr\n|j|\u2606TheRaiOh\n|t:|1776383041\n|gametype|doubles\n|player|p1|nickzwr|gambler|1149\n|player|p2|TheRaiOh|169|1123\n|gen|9\n|tier|[Gen 9 Champions] VGC 2026 Reg M-A\n|rated|\n|rule|Species Clause: Limit one of each Pok\u00e9mon\n|rule|Item Clause: Limit 1 of each item\n|clearpoke\n|poke|p1|Dragonite, L50, F|\n|poke|p1|Milotic, L50, M|\n|poke|p1|Espathra, L50, F|\n|poke|p1|Sneasler, L50, F|\n|poke|p1|Venusaur, L50, M|\n|poke|p1|Incineroar, L50, F|\n|poke|p2|Hatterene, L50, F|\n|poke|p2|Torkoal, L50, M|\n|poke|p2|Aggron, L50, M|\n|poke|p2|Tyranitar, L50, M|\n|poke|p2|Tsareena, L50, F|\n|poke|p2|Sinistcha, L50|\n|teampreview|4\n|inactive|Battle timer is ON: inactive players will automatically lose when time's up. (requested by TheRaiOh)\n|inactive|nickzwr has 60 seconds left.\n|\n|t:|1776383087\n|teamsize|p1|4\n|teamsize|p2|4\n|start\n|switch|p1a: Milotic|Milotic, L50, M|100/100\n|switch|p1b: Espathra|Espathra, L50, F|100/100\n|switch|p2a: Hatterene|Hatterene, L50, F|100/100\n|switch|p2b: Tyranitar|Tyranitar, L50, M|100/100\n|-weather|Sandstorm|[from] ability: Sand Stream|[of] p2b: Tyranitar\n|turn|1\n|\n|t:|1776383110\n|switch|p2b: Tsareena|Tsareena, L50, F|100/100\n|move|p1b: Espathra|Calm Mind|p1b: Espathra\n|-boost|p1b: Espathra|spa|1\n|-boost|p1b: Espathra|spd|1\n|move|p1a: Milotic|Scald|p2b: Tsareena\n|-resisted|p2b: Tsareena|1\n|-damage|p2b: Tsareena|85/100\n|-status|p2b: Tsareena|brn\n|move|p2a: Hatterene|Trick Room|p2a: Hatterene\n|-fieldstart|move: Trick Room|[of] p2a: Hatterene\n|\n|-weather|Sandstorm|[upkeep]\n|-damage|p2a: Hatterene|94/100|[from] Sandstorm\n|-damage|p2b: Tsareena|79/100 brn|[from] Sandstorm\n|-damage|p1a: Milotic|95/100|[from] Sandstorm\n|-damage|p1b: Espathra|95/100|[from] Sandstorm\n|-heal|p2a: Hatterene|100/100|[from] item: Leftovers\n|-heal|p1a: Milotic|100/100|[from] item: Leftovers\n|-damage|p2b: Tsareena|73/100 brn|[from] brn\n|-ability|p1b: Espathra|Speed Boost|boost\n|-boost|p1b: Espathra|spe|1\n|upkeep\n|turn|2\n|inactive|nickzwr has 30 seconds left.\n|\n|t:|1776383138\n|switch|p2a: Tyranitar|Tyranitar, L50, M|100/100\n|switch|p2b: Torkoal|Torkoal, L50, M|100/100\n|-weather|SunnyDay|[from] ability: Drought|[of] p2b: Torkoal\n|move|p1a: Milotic|Scald|p2a: Tyranitar\n|-supereffective|p2a: Tyranitar|1\n|-damage|p2a: Tyranitar|76/100\n|-status|p2a: Tyranitar|brn\n|move|p1b: Espathra|Calm Mind|p1b: Espathra\n|-boost|p1b: Espathra|spa|1\n|-boost|p1b: Espathra|spd|1\n|\n|-weather|SunnyDay|[upkeep]\n|-damage|p2a: Tyranitar|71/100 brn|[from] brn\n|-ability|p1b: Espathra|Speed Boost|boost\n|-boost|p1b: Espathra|spe|1\n|upkeep\n|turn|3\n|\n|t:|1776383157\n|detailschange|p2a: Tyranitar|Tyranitar-Mega, L50, M\n|-mega|p2a: Tyranitar|Tyranitar|Tyranitarite\n|-weather|Sandstorm|[from] ability: Sand Stream|[of] p2a: Tyranitar\n|move|p1a: Milotic|Protect|p1a: Milotic\n|-singleturn|p1a: Milotic|Protect\n|move|p2b: Torkoal|Solar Beam||[still]\n|-prepare|p2b: Torkoal|Solar Beam\n|move|p2a: Tyranitar|Crunch|p1b: Espathra\n|-supereffective|p1b: Espathra|1\n|-damage|p1b: Espathra|5/100\n|-unboost|p1b: Espathra|def|1\n|move|p1b: Espathra|Baton Pass|p1b: Espathra\n|\n|t:|1776383168\n|switch|p1b: Dragonite|Dragonite, L50, F, shiny|100/100|[from] Baton Pass\n|\n|-weather|Sandstorm|[upkeep]\n|-damage|p2b: Torkoal|94/100|[from] Sandstorm\n|-damage|p1a: Milotic|95/100|[from] Sandstorm\n|-damage|p1b: Dragonite|94/100|[from] Sandstorm\n|-heal|p1a: Milotic|100/100|[from] item: Leftovers\n|-damage|p2a: Tyranitar|65/100 brn|[from] brn\n|upkeep\n|turn|4\n|inactive|TheRaiOh has 30 seconds left.\n|\n|t:|1776383201\n|switch|p2a: Tsareena|Tsareena, L50, F|73/100 brn\n|detailschange|p1b: Dragonite|Dragonite-Mega, L50, F, shiny\n|-mega|p1b: Dragonite|Dragonite|Dragoninite\n|move|p2b: Torkoal|Solar Beam|p1a: Milotic|[from] lockedmove\n|-supereffective|p1a: Milotic|1\n|-damage|p1a: Milotic|70/100\n|move|p1a: Milotic|Icy Wind|p2a: Tsareena|[spread] p2a,p2b\n|-supereffective|p2a: Tsareena|1\n|-resisted|p2b: Torkoal|1\n|-damage|p2a: Tsareena|52/100 brn\n|-damage|p2b: Torkoal|86/100\n|-unboost|p2a: Tsareena|spe|1\n|-unboost|p2b: Torkoal|spe|1\n|move|p1b: Dragonite|Dragon Pulse|p2b: Torkoal\n|-damage|p2b: Torkoal|0 fnt\n|faint|p2b: Torkoal\n|\n|-weather|Sandstorm|[upkeep]\n|-damage|p2a: Tsareena|46/100 brn|[from] Sandstorm\n|-damage|p1a: Milotic|64/100|[from] Sandstorm\n|-damage|p1b: Dragonite|88/100|[from] Sandstorm\n|-heal|p1a: Milotic|70/100|[from] item: Leftovers\n|-damage|p2a: Tsareena|40/100 brn|[from] brn\n|upkeep\n|\n|t:|1776383216\n|switch|p2b: Tyranitar|Tyranitar-Mega, L50, M|65/100 brn\n|turn|5\n|\n|t:|1776383226\n|move|p2a: Tsareena|Triple Axel|p1b: Dragonite\n|-supereffective|p1b: Dragonite|2\n|-damage|p1b: Dragonite|67/100\n|-supereffective|p1b: Dragonite|2\n|-damage|p1b: Dragonite|27/100\n|-supereffective|p1b: Dragonite|2\n|-damage|p1b: Dragonite|0 fnt\n|faint|p1b: Dragonite\n|-hitcount|p1: Dragonite|3\n|move|p2b: Tyranitar|Rock Slide|p1a: Milotic\n|-damage|p1a: Milotic|49/100\n|move|p1a: Milotic|Scald|p2b: Tyranitar\n|-supereffective|p2b: Tyranitar|1\n|-damage|p2b: Tyranitar|32/100 brn\n|\n|-weather|Sandstorm|[upkeep]\n|-damage|p2a: Tsareena|33/100 brn|[from] Sandstorm\n|-damage|p1a: Milotic|43/100|[from] Sandstorm\n|-heal|p1a: Milotic|49/100|[from] item: Leftovers\n|-damage|p2a: Tsareena|27/100 brn|[from] brn\n|-damage|p2b: Tyranitar|26/100 brn|[from] brn\n|-fieldend|move: Trick Room\n|upkeep\n|\n|t:|1776383247\n|switch|p1b: Espathra|Espathra, L50, F|5/100\n|turn|6\n|\n|t:|1776383256\n|move|p1b: Espathra|Lumina Crash|p2a: Tsareena\n|-damage|p2a: Tsareena|0 fnt\n|faint|p2a: Tsareena\n|move|p1a: Milotic|Scald|p2b: Tyranitar\n|-supereffective|p2b: Tyranitar|1\n|-damage|p2b: Tyranitar|0 fnt\n|faint|p2b: Tyranitar\n|\n|-weather|Sandstorm|[upkeep]\n|-damage|p1b: Espathra|0 fnt|[from] Sandstorm\n|-damage|p1a: Milotic|43/100|[from] Sandstorm\n|faint|p1b: Espathra\n|-heal|p1a: Milotic|49/100|[from] item: Leftovers\n|upkeep\n|\n|t:|1776383268\n|switch|p1b: Sneasler|Sneasler, L50, F|100/100\n|switch|p2b: Hatterene|Hatterene, L50, F|100/100\n|turn|7\n|\n|t:|1776383277\n|move|p1b: Sneasler|Dire Claw|p2b: Hatterene\n|-supereffective|p2b: Hatterene|1\n|-damage|p2b: Hatterene|31/100\n|move|p1a: Milotic|Scald|p2b: Hatterene\n|-damage|p2b: Hatterene|0 fnt\n|faint|p2b: Hatterene\n|\n|win|nickzwr\n|raw|nickzwr's rating: 1149 &rarr; <strong>1172</strong><br />(+23 for winning)\n|raw|TheRaiOh's rating: 1123 &rarr; <strong>1100</strong><br />(-23 for losing)\n|l|\u2606TheRaiOh\n|player|p2|\n",
  "uploadtime": 1776383287,
  "views": 17,
  "formatid": "gen9championsvgc2026regma",
  "rating": 1100,
  "private": 0,
  "password": null
}