{
  "id": "gen9championsvgc2026regma-2583375654",
  "format": "[Gen 9 Champions] VGC 2026 Reg M-A",
  "players": [
    "rocci",
    "aitherr"
  ],
  "log": "|j|\u2606rocci\n|j|\u2606aitherr\n|t:|1776171245\n|gametype|doubles\n|player|p1|rocci|beauty-gen4dp|1000\n|player|p2|aitherr|170|1000\n|gen|9\n|tier|[Gen 9 Champions] VGC 2026 Reg M-A\n|rated|\n|rule|Species Clause: Limit one of each Pok\u00e9mon\n|rule|Item Clause: Limit 1 of each item\n|clearpoke\n|poke|p1|Sylveon, L50, F|\n|poke|p1|Slowbro, L50, M|\n|poke|p1|Tyranitar, L50, M|\n|poke|p1|Farigiraf, L50, F|\n|poke|p1|Clefable, L50, M|\n|poke|p1|Conkeldurr, L50, F|\n|poke|p2|Incineroar, L50, F|\n|poke|p2|Banette, L50, F|\n|poke|p2|Arcanine-Hisui, L50, F|\n|poke|p2|Raichu, L50, M|\n|poke|p2|Dragapult, L50, F|\n|poke|p2|Aegislash, L50, M|\n|teampreview|4\n|inactive|Battle timer is ON: inactive players will automatically lose when time's up. (requested by aitherr)\n|\n|t:|1776171277\n|teamsize|p1|4\n|teamsize|p2|4\n|start\n|switch|p1a: Slowbro|Slowbro, L50, M|100/100\n|switch|p1b: Sylveon|Sylveon, L50, F|100/100\n|switch|p2a: Lilith|Dragapult, L50, F|100/100\n|switch|p2b: Charlie|Incineroar, L50, F|100/100\n|-ability|p2b: Charlie|Intimidate|boost\n|-fail|p1a: Slowbro|unboost|Attack|[from] ability: Oblivious|[of] p1a: Slowbro\n|-unboost|p1b: Sylveon|atk|1\n|turn|1\n|\n|t:|1776171295\n|switch|p1b: Farigiraf|Farigiraf, L50, F|100/100\n|move|p2b: Charlie|Fake Out||[still]\n|cant|p1b: Farigiraf|ability: Armor Tail|Fake Out|[of] p2b: Charlie\n|move|p2a: Lilith|U-turn|p1a: Slowbro\n|-supereffective|p1a: Slowbro|1\n|-damage|p1a: Slowbro|76/100\n|\n|t:|1776171306\n|switch|p2a: Koronis|Banette, L50, F|100/100|[from] U-turn\n|-item|p1a: Slowbro|Slowbronite|[from] ability: Frisk|[of] p2a: Koronis\n|-item|p1b: Farigiraf|Sitrus Berry|[from] ability: Frisk|[of] p2a: Koronis\n|move|p1a: Slowbro|Trick Room|p1a: Slowbro\n|-fieldstart|move: Trick Room|[of] p1a: Slowbro\n|\n|upkeep\n|turn|2\n|\n|t:|1776171328\n|detailschange|p1a: Slowbro|Slowbro-Mega, L50, M\n|-mega|p1a: Slowbro|Slowbro|Slowbronite\n|detailschange|p2a: Koronis|Banette-Mega, L50, F\n|-mega|p2a: Koronis|Banette|Banettite\n|move|p1a: Slowbro|Scald|p2a: Koronis\n|-damage|p2a: Koronis|53/100\n|-status|p2a: Koronis|brn\n|move|p2b: Charlie|Darkest Lariat|p1a: Slowbro\n|-supereffective|p1a: Slowbro|1\n|-damage|p1a: Slowbro|49/100\n|move|p1b: Farigiraf|Foul Play|p2a: Koronis\n|-supereffective|p2a: Koronis|1\n|-damage|p2a: Koronis|0 fnt\n|faint|p2a: Koronis\n|\n|upkeep\n|\n|t:|1776171341\n|switch|p2a: Calvin|Raichu, L50, M|100/100\n|turn|3\n|inactive|aitherr has 30 seconds left.\n|\n|t:|1776171367\n|move|p1a: Slowbro|Slack Off|p1a: Slowbro\n|-heal|p1a: Slowbro|99/100\n|move|p1b: Farigiraf|Foul Play|p2a: Calvin\n|-damage|p2a: Calvin|61/100\n|move|p2b: Charlie|Darkest Lariat|p1b: Farigiraf\n|-supereffective|p1b: Farigiraf|1\n|-damage|p1b: Farigiraf|47/100\n|-enditem|p1b: Farigiraf|Sitrus Berry|[eat]\n|-heal|p1b: Farigiraf|72/100|[from] item: Sitrus Berry\n|move|p2a: Calvin|Volt Switch|p1a: Slowbro\n|-supereffective|p1a: Slowbro|1\n|-damage|p1a: Slowbro|21/100\n|\n|t:|1776171380\n|switch|p2a: Lilith|Dragapult, L50, F|100/100|[from] Volt Switch\n|\n|upkeep\n|turn|4\n|\n|t:|1776171393\n|switch|p2a: Calvin|Raichu, L50, M|61/100\n|move|p1a: Slowbro|Scald|p2b: Charlie\n|-supereffective|p2b: Charlie|1\n|-damage|p2b: Charlie|44/100\n|-enditem|p2b: Charlie|Sitrus Berry|[eat]\n|-heal|p2b: Charlie|69/100|[from] item: Sitrus Berry\n|move|p1b: Farigiraf|Foul Play|p2a: Calvin\n|-damage|p2a: Calvin|20/100\n|move|p2b: Charlie|Flare Blitz|p1b: Farigiraf\n|-damage|p1b: Farigiraf|33/100\n|-damage|p2b: Charlie|54/100|[from] Recoil\n|\n|upkeep\n|turn|5\n|-message|aitherr forfeited.\n|\n|win|rocci\n|raw|rocci's rating: 1000 &rarr; <strong>1040</strong><br />(+40 for winning)\n|raw|aitherr's rating: 1000 &rarr; <strong>1000</strong><br />(+0 for losing)\n|l|\u2606aitherr\n|player|p2|\n",
  "uploadtime": 1776171408,
  "views": 35,
  "formatid": "gen9championsvgc2026regma",
  "rating": 1000,
  "private": 0,
  "password": null
}