{
  "id": "gen9championsvgc2026regma-2583301728",
  "format": "[Gen 9 Champions] VGC 2026 Reg M-A",
  "players": [
    "karanlikkhan",
    "Talrenma"
  ],
  "log": "|j|\u2606karanlikkhan\n|j|\u2606Talrenma\n|t:|1776164830\n|gametype|doubles\n|player|p1|karanlikkhan|102|1080\n|player|p2|Talrenma|red|1000\n|gen|9\n|tier|[Gen 9 Champions] VGC 2026 Reg M-A\n|rated|\n|rule|Species Clause: Limit one of each Pok\u00e9mon\n|rule|Item Clause: Limit 1 of each item\n|clearpoke\n|poke|p1|Floette-Eternal, L50, F|\n|poke|p1|Whimsicott, L50, F|\n|poke|p1|Garchomp, L50, F|\n|poke|p1|Incineroar, L50, F|\n|poke|p1|Sinistcha, L50|\n|poke|p1|Aegislash, L50, M|\n|poke|p2|Delphox, L50, F|\n|poke|p2|Clefable, L50, M|\n|poke|p2|Espathra, L50, F|\n|poke|p2|Aggron, L50, M|\n|poke|p2|Tauros-Paldea-Blaze, L50, M|\n|poke|p2|Kleavor, L50, F|\n|teampreview|4\n|\n|t:|1776164878\n|teamsize|p1|4\n|teamsize|p2|4\n|start\n|switch|p1a: Incineroar|Incineroar, L50, F|100/100\n|switch|p1b: Garchomp|Garchomp, L50, F|100/100\n|switch|p2a: Delphox|Delphox, L50, F|100/100\n|switch|p2b: Espathra|Espathra, L50, F|100/100\n|-ability|p1a: Incineroar|Intimidate|boost\n|-unboost|p2a: Delphox|atk|1\n|-unboost|p2b: Espathra|atk|1\n|turn|1\n|\n|t:|1776164908\n|detailschange|p2a: Delphox|Delphox-Mega, L50, F\n|-mega|p2a: Delphox|Delphox|Delphoxite\n|move|p2b: Espathra|Protect|p2b: Espathra\n|-singleturn|p2b: Espathra|Protect\n|move|p1a: Incineroar|Fake Out|p2a: Delphox\n|-damage|p2a: Delphox|77/100\n|cant|p2a: Delphox|flinch\n|move|p1b: Garchomp|Stomping Tantrum|p2a: Delphox\n|-immune|p2a: Delphox|[from] ability: Levitate\n|\n|-ability|p2b: Espathra|Speed Boost|boost\n|-boost|p2b: Espathra|spe|1\n|upkeep\n|turn|2\n|\n|t:|1776164937\n|move|p2b: Espathra|Lumina Crash|p1b: Garchomp\n|-damage|p1b: Garchomp|61/100\n|-unboost|p1b: Garchomp|spd|2\n|move|p2a: Delphox|Dazzling Gleam|p1a: Incineroar|[spread] p1a,p1b\n|-supereffective|p1b: Garchomp|1\n|-damage|p1a: Incineroar|79/100\n|-damage|p1b: Garchomp|0 fnt\n|faint|p1b: Garchomp\n|move|p1a: Incineroar|Darkest Lariat|p2b: Espathra\n|-supereffective|p2b: Espathra|1\n|-damage|p2b: Espathra|0 fnt\n|faint|p2b: Espathra\n|\n|upkeep\n|\n|t:|1776164953\n|switch|p2b: Kleavor|Kleavor, L50, F|100/100\n|switch|p1b: Floette|Floette-Eternal, L50, F|100/100\n|turn|3\n|\n|t:|1776164984\n|detailschange|p1b: Floette|Floette-Mega, L50, F\n|-mega|p1b: Floette|Floette|Floettite\n|-ability|p1b: Floette|Fairy Aura\n|move|p2a: Delphox|Sunny Day|p2a: Delphox\n|-weather|SunnyDay\n|move|p1b: Floette|Dazzling Gleam|p2b: Kleavor|[spread] p2a,p2b\n|-resisted|p2a: Delphox|1\n|-damage|p2a: Delphox|52/100\n|-damage|p2b: Kleavor|18/100\n|move|p2b: Kleavor|Stone Axe|p1a: Incineroar\n|-supereffective|p1a: Incineroar|1\n|-damage|p1a: Incineroar|0 fnt\n|-sidestart|p1: karanlikkhan|move: Stealth Rock\n|faint|p1a: Incineroar\n|\n|-weather|SunnyDay|[upkeep]\n|upkeep\n|\n|t:|1776164996\n|switch|p1a: Sinistcha|Sinistcha, L50|100/100\n|-damage|p1a: Sinistcha|88/100|[from] Stealth Rock\n|turn|4\n|\n|t:|1776165015\n|move|p2a: Delphox|Blast Burn|p1b: Floette\n|-crit|p1b: Floette\n|-damage|p1b: Floette|0 fnt\n|-mustrecharge|p2a: Delphox\n|faint|p1b: Floette\n|move|p2b: Kleavor|Tailwind|p2b: Kleavor\n|-sidestart|p2: Talrenma|move: Tailwind\n|move|p1a: Sinistcha|Shadow Ball|p2a: Delphox\n|-supereffective|p2a: Delphox|1\n|-damage|p2a: Delphox|0 fnt\n|faint|p2a: Delphox\n|\n|-weather|SunnyDay|[upkeep]\n|upkeep\n|\n|t:|1776165028\n|switch|p2a: Tauros|Tauros-Paldea-Blaze, L50, M|100/100\n|-ability|p2a: Tauros|Intimidate|boost\n|-unboost|p1a: Sinistcha|atk|1\n|turn|5\n|\n|t:|1776165038\n|move|p2a: Tauros|Raging Bull|p1a: Sinistcha\n|-supereffective|p1a: Sinistcha|1\n|-damage|p1a: Sinistcha|0 fnt\n|faint|p1a: Sinistcha\n|\n|win|Talrenma\n|raw|karanlikkhan's rating: 1080 &rarr; <strong>1053</strong><br />(-27 for losing)\n|raw|Talrenma's rating: 1000 &rarr; <strong>1049</strong><br />(+49 for winning)\n|l|\u2606karanlikkhan\n|player|p1|\n",
  "uploadtime": 1776165052,
  "views": 15,
  "formatid": "gen9championsvgc2026regma",
  "rating": 1049,
  "private": 0,
  "password": null
}