{
  "id": "gen9championsvgc2026regma-2585626895",
  "format": "[Gen 9 Champions] VGC 2026 Reg M-A",
  "players": [
    "Beckycita",
    "BananaRubber67"
  ],
  "log": "|j|\u2606Beckycita\n|j|\u2606BananaRubber67\n|t:|1776359782\n|gametype|doubles\n|player|p1|Beckycita|burgh|1124\n|player|p2|BananaRubber67|266|1156\n|gen|9\n|tier|[Gen 9 Champions] VGC 2026 Reg M-A\n|rated|\n|rule|Species Clause: Limit one of each Pok\u00e9mon\n|rule|Item Clause: Limit 1 of each item\n|clearpoke\n|poke|p1|Chesnaught, L50, M|\n|poke|p1|Glimmora, L50, F|\n|poke|p1|Klefki, L50, M|\n|poke|p1|Starmie, L50|\n|poke|p1|Samurott-Hisui, L50, F|\n|poke|p1|Raichu-Alola, L50, M|\n|poke|p2|Crabominable, L50, M|\n|poke|p2|Slowking-Galar, L50, M|\n|poke|p2|Primarina, L50, F|\n|poke|p2|Kingambit, L50, M|\n|poke|p2|Sinistcha-Masterpiece, L50|\n|poke|p2|Incineroar, L50, F|\n|teampreview|4\nBeckycita rejected open team sheets.\n|inactive|Battle timer is ON: inactive players will automatically lose when time's up. (requested by BananaRubber67)\n|\n|t:|1776359829\n|teamsize|p1|4\n|teamsize|p2|4\n|start\n|switch|p1a: Chesnaught|Chesnaught, L50, M|100/100\n|switch|p1b: Raichu|Raichu-Alola, L50, M|100/100\n|switch|p2a: Overlord|Kingambit, L50, M|100/100\n|switch|p2b: Petey|Incineroar, L50, F|100/100\n|-ability|p2b: Petey|Intimidate|boost\n|-unboost|p1a: Chesnaught|atk|1\n|-unboost|p1b: Raichu|atk|1\n|turn|1\n|inactive|Beckycita has 30 seconds left.\n|\n|t:|1776359855\n|switch|p1a: Samurott|Samurott-Hisui, L50, F|100/100\n|move|p2a: Overlord|Protect|p2a: Overlord\n|-singleturn|p2a: Overlord|Protect\n|move|p1b: Raichu|Fake Out|p2a: Overlord\n|-activate|p2a: Overlord|move: Protect\n|move|p2b: Petey|Fake Out|p1a: Samurott\n|-damage|p1a: Samurott|87/100\n|\n|upkeep\n|turn|2\n|\n|t:|1776359873\n|move|p1a: Samurott|Sacred Sword|p2a: Overlord\n|-supereffective|p2a: Overlord|2\n|-damage|p2a: Overlord|0 fnt\n|faint|p2a: Overlord\n|move|p1b: Raichu|Light Screen|p1b: Raichu\n|-sidestart|p1: Beckycita|move: Light Screen\n|move|p2b: Petey|Throat Chop|p1b: Raichu\n|-supereffective|p1b: Raichu|1\n|-damage|p1b: Raichu|0 fnt\n|faint|p1b: Raichu\n|\n|upkeep\n|\n|t:|1776359888\n|switch|p1b: Klefki|Klefki, L50, M, shiny|100/100\n|switch|p2a: Mr.Krabs|Crabominable, L50, M, shiny|100/100\n|turn|3\n|\n|t:|1776359907\n|switch|p1a: Chesnaught|Chesnaught, L50, M|100/100\n|detailschange|p2a: Mr.Krabs|Crabominable-Mega, L50, M, shiny\n|-mega|p2a: Mr.Krabs|Crabominable|Crabominite\n|move|p2b: Petey|Protect|p2b: Petey\n|-singleturn|p2b: Petey|Protect\n|move|p1b: Klefki|Reflect|p1b: Klefki\n|-sidestart|p1: Beckycita|Reflect\n|move|p2a: Mr.Krabs|Mach Punch|p1a: Chesnaught\n|-damage|p1a: Chesnaught|88/100\n|\n|upkeep\n|turn|4\n|\n|t:|1776359929\n|detailschange|p1a: Chesnaught|Chesnaught-Mega, L50, M\n|-mega|p1a: Chesnaught|Chesnaught|Chesnaughtite\n|move|p2b: Petey|Protect|p2b: Petey\n|-singleturn|p2b: Petey|Protect\n|move|p2a: Mr.Krabs|Protect|p2a: Mr.Krabs\n|-singleturn|p2a: Mr.Krabs|Protect\n|move|p1b: Klefki|Rain Dance|p1b: Klefki\n|-weather|RainDance\n|move|p1a: Chesnaught|Iron Defense|p1a: Chesnaught\n|-boost|p1a: Chesnaught|def|2\n|\n|-weather|RainDance|[upkeep]\n|upkeep\n|turn|5\n|inactive|Beckycita has 30 seconds left.\n|\n|t:|1776359957\n|switch|p1b: Samurott|Samurott-Hisui, L50, F|87/100\n|move|p2b: Petey|Parting Shot|p1a: Chesnaught\n|-unboost|p1a: Chesnaught|atk|1\n|-unboost|p1a: Chesnaught|spa|1\n|\n|t:|1776359962\n|switch|p2b: Hesus|Sinistcha-Masterpiece, L50, shiny|100/100|[from] Parting Shot\n|move|p1a: Chesnaught|Body Press|p2a: Mr.Krabs\n|-supereffective|p2a: Mr.Krabs|1\n|-damage|p2a: Mr.Krabs|0 fnt\n|faint|p2a: Mr.Krabs\n|\n|-weather|RainDance|[upkeep]\n|upkeep\n|\n|t:|1776359970\n|switch|p2a: Petey|Incineroar, L50, F|100/100\n|-ability|p2a: Petey|Intimidate|boost\n|-unboost|p1a: Chesnaught|atk|1\n|-unboost|p1b: Samurott|atk|1\n|turn|6\n|inactive|Beckycita has 30 seconds left.\n|\n|t:|1776359996\n|move|p2a: Petey|Fake Out|p1b: Samurott\n|-damage|p1b: Samurott|78/100\n|cant|p1b: Samurott|flinch\n|move|p2b: Hesus|Matcha Gotcha|p1a: Chesnaught|[spread] p1a,p1b\n|-resisted|p1a: Chesnaught|1\n|-supereffective|p1b: Samurott|1\n|-damage|p1a: Chesnaught|82/100\n|-damage|p1b: Samurott|37/100\n|move|p1a: Chesnaught|Knock Off|p2b: Hesus\n|-supereffective|p2b: Hesus|1\n|-damage|p2b: Hesus|73/100\n|-enditem|p2b: Hesus|Focus Sash|[from] move: Knock Off|[of] p1a: Chesnaught\n|\n|-weather|RainDance|[upkeep]\n|-sideend|p1: Beckycita|move: Light Screen\n|upkeep\n|turn|7\n|\n|t:|1776360013\n|move|p1a: Chesnaught|Spiky Shield|p1a: Chesnaught\n|-singleturn|p1a: Chesnaught|move: Protect\n|move|p1b: Samurott|Ceaseless Edge|p2b: Hesus\n|-supereffective|p2b: Hesus|1\n|-damage|p2b: Hesus|23/100\n|-sidestart|p2: BananaRubber67|Spikes\n|move|p2b: Hesus|Matcha Gotcha|p1b: Samurott|[spread] p1b\n|-activate|p1a: Chesnaught|move: Protect\n|-supereffective|p1b: Samurott|1\n|-damage|p1b: Samurott|0 fnt\n|-heal|p2b: Hesus|39/100|[from] drain|[of] p1b: Samurott\n|faint|p1b: Samurott\n|move|p2a: Petey|Parting Shot|p1a: Chesnaught\n|-activate|p1a: Chesnaught|move: Protect\n|\n|-weather|RainDance|[upkeep]\n|-sideend|p1: Beckycita|Reflect\n|upkeep\n|\n|t:|1776360020\n|switch|p1b: Klefki|Klefki, L50, M, shiny|100/100\n|turn|8\n|\n|t:|1776360041\n|move|p1b: Klefki|Reflect|p1b: Klefki\n|-sidestart|p1: Beckycita|Reflect\n|move|p2b: Hesus|Matcha Gotcha|p1a: Chesnaught|[spread] p1a\n|-miss|p2b: Hesus|p1b: Klefki\n|-resisted|p1a: Chesnaught|1\n|-damage|p1a: Chesnaught|72/100\n|-heal|p2b: Hesus|45/100|[from] drain|[of] p1a: Chesnaught\n|move|p2a: Petey|Parting Shot|p1a: Chesnaught\n|-unboost|p1a: Chesnaught|atk|1\n|-unboost|p1a: Chesnaught|spa|1\n|move|p1a: Chesnaught|Knock Off|p2b: Hesus\n|-supereffective|p2b: Hesus|1\n|-damage|p2b: Hesus|30/100\n|\n|-weather|none\n|upkeep\n|turn|9\n|inactive|Beckycita has 30 seconds left.\n|\n|t:|1776360069\n|move|p1b: Klefki|Rain Dance|p1b: Klefki\n|-weather|RainDance\n|move|p2b: Hesus|Matcha Gotcha|p1b: Klefki|[spread] p1a,p1b\n|-resisted|p1a: Chesnaught|1\n|-resisted|p1b: Klefki|1\n|-damage|p1a: Chesnaught|62/100\n|-heal|p2b: Hesus|36/100|[from] drain|[of] p1a: Chesnaught\n|-damage|p1b: Klefki|84/100\n|-heal|p2b: Hesus|43/100|[from] drain|[of] p1b: Klefki\n|-status|p1a: Chesnaught|brn\n|move|p2a: Petey|Parting Shot|p1a: Chesnaught\n|-unboost|p1a: Chesnaught|atk|1\n|-unboost|p1a: Chesnaught|spa|1\n|move|p1a: Chesnaught|Knock Off|p2b: Hesus\n|-supereffective|p2b: Hesus|1\n|-damage|p2b: Hesus|37/100\n|\n|-weather|RainDance|[upkeep]\n|-damage|p1a: Chesnaught|56/100 brn|[from] brn\n|upkeep\n|turn|10\n|\n|t:|1776360091\n|move|p2b: Hesus|Matcha Gotcha|p1a: Chesnaught|[spread] p1a,p1b\n|-resisted|p1a: Chesnaught|1\n|-resisted|p1b: Klefki|1\n|-damage|p1a: Chesnaught|47/100 brn\n|-heal|p2b: Hesus|42/100|[from] drain|[of] p1a: Chesnaught\n|-damage|p1b: Klefki|69/100\n|-heal|p2b: Hesus|48/100|[from] drain|[of] p1b: Klefki\n|-status|p1b: Klefki|brn\n|move|p1b: Klefki|Draining Kiss|p2b: Hesus\n|-damage|p2b: Hesus|30/100\n|-heal|p1b: Klefki|85/100 brn|[from] drain|[of] p2b: Hesus\n|move|p2a: Petey|Throat Chop|p1b: Klefki\n|-resisted|p1b: Klefki|1\n|-damage|p1b: Klefki|73/100 brn\n|-start|p1b: Klefki|Throat Chop|[silent]\n|move|p1a: Chesnaught|Body Press|p2a: Petey\n|-supereffective|p2a: Petey|1\n|-crit|p2a: Petey\n|-damage|p2a: Petey|0 fnt\n|faint|p2a: Petey\n|\n|-weather|RainDance|[upkeep]\n|-damage|p1b: Klefki|67/100 brn|[from] brn\n|-damage|p1a: Chesnaught|41/100 brn|[from] brn\n|upkeep\n|turn|11\n|\n|t:|1776360109\n|move|p1b: Klefki|Thunder Wave|p2b: Hesus\n|-status|p2b: Hesus|par\n|move|p1a: Chesnaught|Knock Off|p2b: Hesus\n|-supereffective|p2b: Hesus|1\n|-damage|p2b: Hesus|24/100 par\n|move|p2b: Hesus|Matcha Gotcha|p1a: Chesnaught|[spread] p1a,p1b\n|-resisted|p1a: Chesnaught|1\n|-resisted|p1b: Klefki|1\n|-damage|p1a: Chesnaught|31/100 brn\n|-heal|p2b: Hesus|30/100 par|[from] drain|[of] p1a: Chesnaught\n|-damage|p1b: Klefki|51/100 brn\n|-heal|p2b: Hesus|36/100 par|[from] drain|[of] p1b: Klefki\n|\n|-weather|RainDance|[upkeep]\n|-damage|p1b: Klefki|45/100 brn|[from] brn\n|-damage|p1a: Chesnaught|25/100 brn|[from] brn\n|-end|p1b: Klefki|Throat Chop|[silent]\n|upkeep\n|turn|12\n|\n|t:|1776360120\n|move|p1b: Klefki|Draining Kiss|p2b: Hesus\n|-damage|p2b: Hesus|17/100 par\n|-heal|p1b: Klefki|64/100 brn|[from] drain|[of] p2b: Hesus\n|move|p1a: Chesnaught|Knock Off|p2b: Hesus\n|-supereffective|p2b: Hesus|1\n|-damage|p2b: Hesus|11/100 par\n|move|p2b: Hesus|Matcha Gotcha|p1a: Chesnaught|[spread] p1a,p1b\n|-resisted|p1a: Chesnaught|1\n|-resisted|p1b: Klefki|1\n|-damage|p1a: Chesnaught|15/100 brn\n|-heal|p2b: Hesus|17/100 par|[from] drain|[of] p1a: Chesnaught\n|-damage|p1b: Klefki|49/100 brn\n|-heal|p2b: Hesus|23/100 par|[from] drain|[of] p1b: Klefki\n|\n|-weather|RainDance|[upkeep]\n|-damage|p1b: Klefki|43/100 brn|[from] brn\n|-damage|p1a: Chesnaught|9/100 brn|[from] brn\n|-sideend|p1: Beckycita|Reflect\n|upkeep\n|turn|13\n|\n|t:|1776360132\n|move|p1b: Klefki|Draining Kiss|p2b: Hesus\n|-damage|p2b: Hesus|3/100 par\n|-heal|p1b: Klefki|63/100 brn|[from] drain|[of] p2b: Hesus\n|move|p1a: Chesnaught|Knock Off|p2b: Hesus\n|-supereffective|p2b: Hesus|1\n|-damage|p2b: Hesus|0 fnt\n|faint|p2b: Hesus\n|\n|win|Beckycita\n|raw|Beckycita's rating: 1124 &rarr; <strong>1151</strong><br />(+27 for winning)\n|raw|BananaRubber67's rating: 1156 &rarr; <strong>1129</strong><br />(-27 for losing)\n|l|\u2606BananaRubber67\n|player|p2|\n",
  "uploadtime": 1776360148,
  "views": 23,
  "formatid": "gen9championsvgc2026regma",
  "rating": 1129,
  "private": 0,
  "password": null
}