{
  "id": "gen9championsvgc2026regma-2582006314",
  "format": "[Gen 9 Champions] VGC 2026 Reg M-A",
  "players": [
    "DustyBowlDeRust",
    "VenVGC"
  ],
  "log": "|j|\u2606DustyBowlDeRust\n|j|\u2606VenVGC\n|t:|1776047680\n|gametype|doubles\n|player|p1|DustyBowlDeRust|clerk|1209\n|player|p2|VenVGC|266|1144\n|gen|9\n|tier|[Gen 9 Champions] VGC 2026 Reg M-A\n|rated|\n|rule|Species Clause: Limit one of each Pok\u00e9mon\n|rule|Item Clause: Limit 1 of each item\n|clearpoke\n|poke|p1|Primarina, L50, F|\n|poke|p1|Scizor, L50, M|\n|poke|p1|Dragapult, L50, F|\n|poke|p1|Sneasler, L50, M|\n|poke|p1|Sinistcha, L50|\n|poke|p1|Volcarona, L50, M|\n|poke|p2|Gengar, L50, F|\n|poke|p2|Meganium, L50, M|\n|poke|p2|Politoed, L50, F|\n|poke|p2|Sinistcha, L50|\n|poke|p2|Incineroar, L50, F|\n|poke|p2|Sableye, L50, M|\n|teampreview|4\n|inactive|Battle timer is ON: inactive players will automatically lose when time's up. (requested by DustyBowlDeRust)\n|inactive|VenVGC has 60 seconds left.\n|\n|t:|1776047734\n|teamsize|p1|4\n|teamsize|p2|4\n|start\n|switch|p1a: Dragapult|Dragapult, L50, F, shiny|100/100\n|switch|p1b: Sneasler|Sneasler, L50, M, shiny|100/100\n|switch|p2a: Politoed|Politoed, L50, F|100/100\n|switch|p2b: Sableye|Sableye, L50, M|100/100\n|-weather|RainDance|[from] ability: Drizzle|[of] p2a: Politoed\n|turn|1\n|\n|t:|1776047750\n|move|p1a: Dragapult|Protect|p1a: Dragapult\n|-singleturn|p1a: Dragapult|Protect\n|move|p2b: Sableye|Reflect|p2b: Sableye\n|-sidestart|p2: VenVGC|Reflect\n|move|p1b: Sneasler|Close Combat|p2a: Politoed\n|-damage|p2a: Politoed|64/100\n|-unboost|p1b: Sneasler|def|1\n|-unboost|p1b: Sneasler|spd|1\n|-enditem|p1b: Sneasler|White Herb\n|-clearnegativeboost|p1b: Sneasler|[silent]\n|move|p2a: Politoed|Icy Wind|p1a: Dragapult|[spread] p1b\n|-activate|p1a: Dragapult|move: Protect\n|-crit|p1b: Sneasler\n|-damage|p1b: Sneasler|81/100\n|-unboost|p1b: Sneasler|spe|1\n|\n|-weather|RainDance|[upkeep]\n|upkeep\n|turn|2\n|inactive|DustyBowlDeRust has 30 seconds left.\n|inactive|DustyBowlDeRust has 20 seconds left.\n|\n|t:|1776047786\n|move|p2b: Sableye|Encore|p1a: Dragapult\n|-start|p1a: Dragapult|Encore\n|move|p1a: Dragapult|Protect||[still]\n|-fail|p1a: Dragapult\n|move|p1b: Sneasler|Rock Slide|p2b: Sableye|[spread] p2a,p2b\n|-crit|p2a: Politoed\n|-damage|p2a: Politoed|40/100\n|-damage|p2b: Sableye|82/100\n|move|p2a: Politoed|Icy Wind|p1b: Sneasler|[spread] p1a,p1b\n|-supereffective|p1a: Dragapult|1\n|-damage|p1a: Dragapult|76/100\n|-damage|p1b: Sneasler|69/100\n|-unboost|p1b: Sneasler|spe|1\n|\n|-weather|RainDance|[upkeep]\n|upkeep\n|turn|3\n|inactive|VenVGC has 30 seconds left.\n|\n|t:|1776047813\n|switch|p1a: Scizor|Scizor, L50, M, shiny|100/100\n|switch|p2a: Sinistcha|Sinistcha, L50|100/100\n|-heal|p2b: Sableye|100/100|[from] ability: Hospitality|[of] p2a: Sinistcha\n|move|p2b: Sableye|Encore|p1b: Sneasler\n|-start|p1b: Sneasler|Encore\n|move|p1b: Sneasler|Rock Slide|p2b: Sableye|[spread] p2a,p2b\n|-damage|p2a: Sinistcha|87/100\n|-damage|p2b: Sableye|82/100\n|\n|-weather|RainDance|[upkeep]\n|-heal|p2a: Sinistcha|92/100|[from] item: Leftovers\n|upkeep\n|turn|4\n|inactive|DustyBowlDeRust has 30 seconds left.\n|\n|t:|1776047841\n|switch|p1b: Dragapult|Dragapult, L50, F, shiny|76/100\n|detailschange|p1a: Scizor|Scizor-Mega, L50, M, shiny\n|-mega|p1a: Scizor|Scizor|Scizorite\n|move|p2a: Sinistcha|Iron Defense|p2a: Sinistcha\n|-boost|p2a: Sinistcha|def|2\n|move|p1a: Scizor|Swords Dance|p1a: Scizor\n|-boost|p1a: Scizor|atk|2\n|move|p2b: Sableye|Foul Play|p1a: Scizor\n|-damage|p1a: Scizor|0 fnt\n|faint|p1a: Scizor\n|\n|-weather|RainDance|[upkeep]\n|-heal|p2a: Sinistcha|98/100|[from] item: Leftovers\n|upkeep\n|\n|t:|1776047858\n|switch|p1a: Sneasler|Sneasler, L50, M, shiny|69/100\n|turn|5\n|\n|t:|1776047870\n|move|p2b: Sableye|Light Screen|p2b: Sableye\n|-sidestart|p2: VenVGC|move: Light Screen\n|move|p1b: Dragapult|Draco Meteor|p2a: Sinistcha\n|-damage|p2a: Sinistcha|69/100\n|-unboost|p1b: Dragapult|spa|2\n|move|p1a: Sneasler|Rock Slide|p2b: Sableye|[spread] p2a,p2b\n|-damage|p2a: Sinistcha|63/100\n|-damage|p2b: Sableye|66/100\n|move|p2a: Sinistcha|Calm Mind|p2a: Sinistcha\n|-boost|p2a: Sinistcha|spa|1\n|-boost|p2a: Sinistcha|spd|1\n|\n|-weather|none\n|-heal|p2a: Sinistcha|68/100|[from] item: Leftovers\n|-sideend|p2: VenVGC|Reflect\n|upkeep\n|turn|6\n|inactive|DustyBowlDeRust has 30 seconds left.\n|-message|DustyBowlDeRust forfeited.\n|\n|win|VenVGC\n|raw|DustyBowlDeRust's rating: 1209 &rarr; <strong>1179</strong><br />(-30 for losing)\n|raw|VenVGC's rating: 1144 &rarr; <strong>1174</strong><br />(+30 for winning)\n|l|\u2606DustyBowlDeRust\n|player|p1|\n",
  "uploadtime": 1776047904,
  "views": 11,
  "formatid": "gen9championsvgc2026regma",
  "rating": 1174,
  "private": 0,
  "password": null
}