{
  "id": "gen9championsvgc2026regma-2582222263",
  "format": "[Gen 9 Champions] VGC 2026 Reg M-A",
  "players": [
    "hernndezz_vgc",
    "ParadoxalMilk"
  ],
  "log": "|j|\u2606hernndezz_vgc\n|j|\u2606ParadoxalMilk\n|t:|1776073044\n|gametype|doubles\n|player|p1|hernndezz_vgc|ethan|1046\n|player|p2|ParadoxalMilk|backersf|1073\n|gen|9\n|tier|[Gen 9 Champions] VGC 2026 Reg M-A\n|rated|\n|rule|Species Clause: Limit one of each Pok\u00e9mon\n|rule|Item Clause: Limit 1 of each item\n|clearpoke\n|poke|p1|Incineroar, L50, M|\n|poke|p1|Hatterene, L50, F|\n|poke|p1|Farigiraf, L50, M|\n|poke|p1|Torkoal, L50, F|\n|poke|p1|Kingambit, L50, M|\n|poke|p1|Charizard, L50, M|\n|poke|p2|Hippowdon, L50, F|\n|poke|p2|Garchomp, L50, M|\n|poke|p2|Whimsicott, L50, F|\n|poke|p2|Farigiraf, L50, M|\n|poke|p2|Gyarados, L50, M|\n|poke|p2|Chesnaught, L50, M|\n|teampreview|4\nParadoxalMilk rejected open team sheets.\n|\n|t:|1776073094\n|teamsize|p1|4\n|teamsize|p2|4\n|start\n|switch|p1a: Drogon|Charizard, L50, M, shiny|100/100\n|switch|p1b: Kingambit|Kingambit, L50, M|100/100\n|switch|p2a: Farigiraf|Farigiraf, L50, M|100/100\n|switch|p2b: Garchomp|Garchomp, L50, M|100/100\n|turn|1\n|inactive|Battle timer is ON: inactive players will automatically lose when time's up. (requested by hernndezz_vgc)\n|inactive|hernndezz_vgc has 60 seconds left.\n|\n|t:|1776073139\n|move|p1a: Drogon|Protect|p1a: Drogon\n|-singleturn|p1a: Drogon|Protect\n|move|p2b: Garchomp|Rock Slide|p1a: Drogon|[spread] p1b\n|-activate|p1a: Drogon|move: Protect\n|-resisted|p1b: Kingambit|1\n|-damage|p1b: Kingambit|93/100\n|cant|p1b: Kingambit|flinch\n|move|p2a: Farigiraf|Trick Room|p2a: Farigiraf\n|-fieldstart|move: Trick Room|[of] p2a: Farigiraf\n|\n|upkeep\n|turn|2\n|inactive|hernndezz_vgc has 30 seconds left.\n|inactive|ParadoxalMilk has 30 seconds left.\n|\n|t:|1776073172\n|switch|p2b: Hippowdon|Hippowdon, L50, F, shiny|100/100\n|-weather|Sandstorm|[from] ability: Sand Stream|[of] p2b: Hippowdon\n|detailschange|p1a: Drogon|Charizard-Mega-Y, L50, M, shiny\n|-mega|p1a: Drogon|Charizard|Charizardite Y\n|-weather|SunnyDay|[from] ability: Drought|[of] p1a: Drogon\n|move|p1b: Kingambit|Kowtow Cleave|p2b: Hippowdon\n|-damage|p2b: Hippowdon|61/100\n|move|p2a: Farigiraf|Calm Mind|p2a: Farigiraf\n|-boost|p2a: Farigiraf|spa|1\n|-boost|p2a: Farigiraf|spd|1\n|move|p1a: Drogon|Heat Wave|p2a: Farigiraf|[spread] p2a,p2b\n|-damage|p2a: Farigiraf|50/100\n|-damage|p2b: Hippowdon|11/100\n|\n|-weather|SunnyDay|[upkeep]\n|-heal|p2b: Hippowdon|17/100|[from] item: Leftovers\n|upkeep\n|turn|3\n|inactive|ParadoxalMilk has 30 seconds left.\n|inactive|ParadoxalMilk has 20 seconds left.\n|\n|t:|1776073209\n|move|p1b: Kingambit|Kowtow Cleave|p2a: Farigiraf\n|-supereffective|p2a: Farigiraf|1\n|-damage|p2a: Farigiraf|0 fnt\n|faint|p2a: Farigiraf\n|move|p2b: Hippowdon|Body Press|p1b: Kingambit\n|-supereffective|p1b: Kingambit|2\n|-damage|p1b: Kingambit|23/100\n|move|p1a: Drogon|Heat Wave|p2b: Hippowdon\n|-crit|p2b: Hippowdon\n|-damage|p2b: Hippowdon|0 fnt\n|faint|p2b: Hippowdon\n|\n|-weather|SunnyDay|[upkeep]\n|upkeep\n|\n|t:|1776073222\n|switch|p2b: Garchomp|Garchomp, L50, M|100/100\n|switch|p2a: Chesnaught|Chesnaught, L50, M|100/100\n|turn|4\n|\n|t:|1776073242\n|move|p1a: Drogon|Protect|p1a: Drogon\n|-singleturn|p1a: Drogon|Protect\n|move|p1b: Kingambit|Sucker Punch|p2b: Garchomp\n|-crit|p2b: Garchomp\n|-damage|p2b: Garchomp|28/100\n|move|p2a: Chesnaught|Body Press|p1b: Kingambit\n|-supereffective|p1b: Kingambit|2\n|-damage|p1b: Kingambit|0 fnt\n|faint|p1b: Kingambit\n|move|p2b: Garchomp|Rock Slide|p1a: Drogon\n|-activate|p1a: Drogon|move: Protect\n|\n|-weather|SunnyDay|[upkeep]\n|upkeep\n|\n|t:|1776073257\n|switch|p1b: Hatterene|Hatterene, L50, F|100/100\n|turn|5\n|\n|t:|1776073275\n|detailschange|p2a: Chesnaught|Chesnaught-Mega, L50, M\n|-mega|p2a: Chesnaught|Chesnaught|Chesnaughtite\n|move|p2a: Chesnaught|Spiky Shield|p2a: Chesnaught\n|-singleturn|p2a: Chesnaught|move: Protect\n|move|p1b: Hatterene|Psychic|p2a: Chesnaught\n|-activate|p2a: Chesnaught|move: Protect\n|move|p2b: Garchomp|Shadow Claw|p1b: Hatterene\n|-supereffective|p1b: Hatterene|1\n|-damage|p1b: Hatterene|42/100\n|move|p1a: Drogon|Heat Wave|p2b: Garchomp|[spread] p2b\n|-activate|p2a: Chesnaught|move: Protect\n|-resisted|p2b: Garchomp|1\n|-damage|p2b: Garchomp|0 fnt\n|faint|p2b: Garchomp\n|\n|-weather|SunnyDay|[upkeep]\n|-fieldend|move: Trick Room\n|upkeep\n|turn|6\n|-message|ParadoxalMilk forfeited.\n|\n|win|hernndezz_vgc\n|raw|hernndezz_vgc's rating: 1046 &rarr; <strong>1082</strong><br />(+36 for winning)\n|raw|ParadoxalMilk's rating: 1073 &rarr; <strong>1050</strong><br />(-23 for losing)\n|l|\u2606ParadoxalMilk\n|player|p2|\n",
  "uploadtime": 1776073316,
  "views": 9,
  "formatid": "gen9championsvgc2026regma",
  "rating": 1050,
  "private": 0,
  "password": null
}