{
  "id": "gen9championsvgc2026regma-2583791107",
  "format": "[Gen 9 Champions] VGC 2026 Reg M-A",
  "players": [
    "ZeroPops",
    "PBBellossom"
  ],
  "log": "|j|\u2606ZeroPops\n|j|\u2606PBBellossom\n|t:|1776197956\n|gametype|doubles\n|player|p1|ZeroPops|266|1228\n|player|p2|PBBellossom|265|1156\n|gen|9\n|tier|[Gen 9 Champions] VGC 2026 Reg M-A\n|rated|\n|rule|Species Clause: Limit one of each Pok\u00e9mon\n|rule|Item Clause: Limit 1 of each item\n|clearpoke\n|poke|p1|Floette-Eternal, L50, F|\n|poke|p1|Aerodactyl, L50, M|\n|poke|p1|Sneasler, L50, M|\n|poke|p1|Incineroar, L50, M|\n|poke|p1|Kingambit, L50, M|\n|poke|p1|Basculegion, L50, M|\n|poke|p2|Froslass, L50, F|\n|poke|p2|Garchomp, L50, F|\n|poke|p2|Incineroar, L50, F|\n|poke|p2|Sneasler, L50, M|\n|poke|p2|Gyarados, L50, F|\n|poke|p2|Pikachu, L50, M|\n|teampreview|4\n|\n|t:|1776198034\n|teamsize|p1|4\n|teamsize|p2|4\n|start\n|switch|p1a: Sneasler|Sneasler, L50, M|100/100\n|switch|p1b: Kingambit|Kingambit, L50, M|100/100\n|switch|p2a: Sneasler|Sneasler, L50, M|100/100\n|switch|p2b: Garchomp|Garchomp, L50, F|100/100\n|turn|1\n|\n|t:|1776198064\n|move|p1a: Sneasler|Fake Out|p2a: Sneasler\n|-damage|p2a: Sneasler|76/100\n|cant|p2a: Sneasler|flinch\n|move|p2b: Garchomp|Stomping Tantrum|p1a: Sneasler\n|-supereffective|p1a: Sneasler|1\n|-damage|p1a: Sneasler|0 fnt\n|faint|p1a: Sneasler\n|move|p1b: Kingambit|Iron Head|p2a: Sneasler\n|-damage|p2a: Sneasler|0 fnt\n|faint|p2a: Sneasler\n|\n|upkeep\n|\n|t:|1776198077\n|switch|p1a: Floette|Floette-Eternal, L50, F|100/100\n|switch|p2a: Pikachu|Pikachu, L50, M|100/100\n|turn|2\n|\n|t:|1776198091\n|detailschange|p1a: Floette|Floette-Mega, L50, F\n|-mega|p1a: Floette|Floette|Floettite\n|-ability|p1a: Floette|Fairy Aura\n|move|p2a: Pikachu|Protect|p2a: Pikachu\n|-singleturn|p2a: Pikachu|Protect\n|move|p1b: Kingambit|Sucker Punch||[still]\n|-fail|p1b: Kingambit\n|move|p2b: Garchomp|Earthquake|p1a: Floette|[spread] p1a,p1b\n|-activate|p2a: Pikachu|move: Protect\n|-supereffective|p1b: Kingambit|1\n|-damage|p1a: Floette|59/100\n|-damage|p1b: Kingambit|40/100\n|move|p1a: Floette|Dazzling Gleam|p2b: Garchomp|[spread] p2b\n|-activate|p2a: Pikachu|move: Protect\n|-supereffective|p2b: Garchomp|1\n|-damage|p2b: Garchomp|0 fnt\n|faint|p2b: Garchomp\n|\n|upkeep\n|\n|t:|1776198106\n|switch|p2b: Incineroar|Incineroar, L50, F|100/100\n|-ability|p2b: Incineroar|Intimidate|boost\n|-unboost|p1a: Floette|atk|1\n|-unboost|p1b: Kingambit|atk|1\n|-ability|p1b: Kingambit|Defiant|boost\n|-boost|p1b: Kingambit|atk|2\n|turn|3\n|\n|t:|1776198114\n|move|p1a: Floette|Protect|p1a: Floette\n|-singleturn|p1a: Floette|Protect\n|move|p1b: Kingambit|Protect|p1b: Kingambit\n|-singleturn|p1b: Kingambit|Protect\n|move|p2b: Incineroar|Fake Out|p1a: Floette\n|-activate|p1a: Floette|move: Protect\n|move|p2a: Pikachu|Thunderbolt|p1b: Kingambit\n|-activate|p1b: Kingambit|move: Protect\n|\n|upkeep\n|turn|4\n|\n|t:|1776198135\n|move|p1b: Kingambit|Sucker Punch||[still]\n|-fail|p1b: Kingambit\n|move|p2a: Pikachu|Encore|p1a: Floette\n|-start|p1a: Floette|Encore\n|move|p1a: Floette|Protect|p1a: Floette\n|-singleturn|p1a: Floette|Protect\n|move|p2b: Incineroar|Flare Blitz|p1b: Kingambit\n|-supereffective|p1b: Kingambit|1\n|-damage|p1b: Kingambit|0 fnt\n|faint|p1b: Kingambit\n|-damage|p2b: Incineroar|88/100|[from] Recoil\n|\n|upkeep\n|\n|t:|1776198140\n|switch|p1b: Incineroar|Incineroar, L50, M|100/100\n|-ability|p1b: Incineroar|Intimidate|boost\n|-unboost|p2a: Pikachu|atk|1\n|-unboost|p2b: Incineroar|atk|1\n|turn|5\n|\n|t:|1776198149\n|move|p2a: Pikachu|Protect|p2a: Pikachu\n|-singleturn|p2a: Pikachu|Protect\n|move|p1a: Floette|Protect|p1a: Floette\n|-singleturn|p1a: Floette|Protect\n|move|p1b: Incineroar|Fake Out|p2a: Pikachu\n|-activate|p2a: Pikachu|move: Protect\n|move|p2b: Incineroar|Flare Blitz|p1a: Floette\n|-activate|p1a: Floette|move: Protect\n|\n|upkeep\n|turn|6\n|\n|t:|1776198158\n|move|p1a: Floette|Protect||[still]\n|-fail|p1a: Floette\n|move|p2a: Pikachu|Encore|p1b: Incineroar\n|-start|p1b: Incineroar|Encore\n|move|p1b: Incineroar|Fake Out||[still]\n|-hint|Fake Out only works on your first turn out.\n|-fail|p1b: Incineroar\n|move|p2b: Incineroar|Flare Blitz|p1a: Floette\n|-damage|p1a: Floette|24/100\n|-damage|p2b: Incineroar|77/100|[from] Recoil\n|\n|-end|p1a: Floette|Encore\n|upkeep\n|turn|7\n|c|\u2606ZeroPops|wait. did i just choke\n|\n|t:|1776198172\n|move|p1a: Floette|Protect|p1a: Floette\n|-singleturn|p1a: Floette|Protect\n|move|p2a: Pikachu|Encore|p1a: Floette\n|-activate|p1a: Floette|move: Protect\n|-activate|p1b: Incineroar|move: Struggle\n|move|p1b: Incineroar|Struggle|p2b: Incineroar\n|-damage|p2b: Incineroar|64/100\n|-damage|p1b: Incineroar|76/100|[from] recoil\n|move|p2b: Incineroar|Flare Blitz|p1a: Floette\n|-activate|p1a: Floette|move: Protect\n|\n|upkeep\n|turn|8\n|\n|t:|1776198179\n|move|p2a: Pikachu|Encore|p1a: Floette\n|-start|p1a: Floette|Encore\n|move|p1a: Floette|Protect|p1a: Floette\n|-singleturn|p1a: Floette|Protect\n|-activate|p1b: Incineroar|move: Struggle\n|move|p1b: Incineroar|Struggle|p2a: Pikachu\n|-damage|p2a: Pikachu|52/100\n|-damage|p1b: Incineroar|51/100|[from] recoil\n|move|p2b: Incineroar|Flare Blitz|p1a: Floette\n|-activate|p1a: Floette|move: Protect\n|\n|-end|p1b: Incineroar|Encore\n|upkeep\n|turn|9\n|\n|t:|1776198188\n|move|p1a: Floette|Protect||[still]\n|-fail|p1a: Floette\n|move|p2a: Pikachu|Encore||[still]\n|-fail|p2a: Pikachu\n|move|p1b: Incineroar|Throat Chop|p2a: Pikachu\n|-damage|p2a: Pikachu|0 fnt\n|faint|p2a: Pikachu\n|move|p2b: Incineroar|Flare Blitz|p1a: Floette\n|-damage|p1a: Floette|0 fnt\n|faint|p1a: Floette\n|-damage|p2b: Incineroar|57/100|[from] Recoil\n|\n|upkeep\n|turn|10\n|\n|t:|1776198206\n|move|p1b: Incineroar|Parting Shot|p2b: Incineroar\n|-unboost|p2b: Incineroar|atk|1\n|-unboost|p2b: Incineroar|spa|1\n|move|p2b: Incineroar|Parting Shot|p1b: Incineroar\n|-unboost|p1b: Incineroar|atk|1\n|-unboost|p1b: Incineroar|spa|1\n|\n|upkeep\n|turn|11\n|\n|t:|1776198214\n|move|p1b: Incineroar|Throat Chop|p2b: Incineroar\n|-resisted|p2b: Incineroar|1\n|-damage|p2b: Incineroar|47/100\n|-start|p2b: Incineroar|Throat Chop|[silent]\n|-enditem|p2b: Incineroar|Sitrus Berry|[eat]\n|-heal|p2b: Incineroar|71/100|[from] item: Sitrus Berry\n|cant|p2b: Incineroar|move: Throat Chop\n|\n|upkeep\n|turn|12\n|\n|t:|1776198223\n|move|p1b: Incineroar|Parting Shot|p2b: Incineroar\n|-unboost|p2b: Incineroar|atk|1\n|-unboost|p2b: Incineroar|spa|1\n|move|p2b: Incineroar|Flare Blitz|p1b: Incineroar\n|-resisted|p1b: Incineroar|1\n|-damage|p1b: Incineroar|42/100\n|-damage|p2b: Incineroar|68/100|[from] Recoil\n|\n|-end|p2b: Incineroar|Throat Chop|[silent]\n|upkeep\n|turn|13\n|\n|t:|1776198227\n|move|p1b: Incineroar|Throat Chop|p2b: Incineroar\n|-resisted|p2b: Incineroar|1\n|-damage|p2b: Incineroar|57/100\n|-start|p2b: Incineroar|Throat Chop|[silent]\n|move|p2b: Incineroar|Flare Blitz|p1b: Incineroar\n|-resisted|p1b: Incineroar|1\n|-damage|p1b: Incineroar|33/100\n|-damage|p2b: Incineroar|54/100|[from] Recoil\n|\n|upkeep\n|turn|14\n|\n|t:|1776198234\n|move|p1b: Incineroar|Throat Chop|p2b: Incineroar\n|-resisted|p2b: Incineroar|1\n|-damage|p2b: Incineroar|43/100\n|move|p2b: Incineroar|Flare Blitz|p1b: Incineroar\n|-resisted|p1b: Incineroar|1\n|-damage|p1b: Incineroar|24/100\n|-damage|p2b: Incineroar|40/100|[from] Recoil\n|\n|-end|p2b: Incineroar|Throat Chop|[silent]\n|upkeep\n|turn|15\n|\n|t:|1776198243\n|move|p1b: Incineroar|Throat Chop|p2b: Incineroar\n|-resisted|p2b: Incineroar|1\n|-damage|p2b: Incineroar|30/100\n|-start|p2b: Incineroar|Throat Chop|[silent]\n|move|p2b: Incineroar|Flare Blitz|p1b: Incineroar\n|-resisted|p1b: Incineroar|1\n|-damage|p1b: Incineroar|15/100\n|-damage|p2b: Incineroar|27/100|[from] Recoil\n|\n|upkeep\n|turn|16\n|inactive|Battle timer is ON: inactive players will automatically lose when time's up. (requested by PBBellossom)\n|\n|t:|1776198269\n|move|p1b: Incineroar|Flare Blitz|p2b: Incineroar\n|-resisted|p2b: Incineroar|1\n|-damage|p2b: Incineroar|10/100\n|-damage|p1b: Incineroar|9/100|[from] Recoil\n|move|p2b: Incineroar|Darkest Lariat|p1b: Incineroar\n|-resisted|p1b: Incineroar|1\n|-damage|p1b: Incineroar|3/100\n|\n|-end|p2b: Incineroar|Throat Chop|[silent]\n|upkeep\n|turn|17\n|\n|t:|1776198285\n|move|p1b: Incineroar|Flare Blitz|p2b: Incineroar\n|-resisted|p2b: Incineroar|1\n|-damage|p2b: Incineroar|0 fnt\n|faint|p2b: Incineroar\n|-damage|p1b: Incineroar|0 fnt|[from] Recoil\n|faint|p1b: Incineroar\n|\n|win|ZeroPops\n|raw|ZeroPops's rating: 1228 &rarr; <strong>1248</strong><br />(+20 for winning)\n|raw|PBBellossom's rating: 1156 &rarr; <strong>1136</strong><br />(-20 for losing)\n|l|\u2606PBBellossom\n|player|p2|\n",
  "uploadtime": 1776198292,
  "views": 70,
  "formatid": "gen9championsvgc2026regma",
  "rating": 1136,
  "private": 0,
  "password": null
}