{
  "id": "gen9championsvgc2026regma-2587218482",
  "format": "[Gen 9 Champions] VGC 2026 Reg M-A",
  "players": [
    "2ant14",
    "Blank_Playe_pract"
  ],
  "log": "|j|\u26062ant14\n|j|\u2606Blank_Playe_pract\n|t:|1776510465\n|gametype|doubles\n|player|p1|2ant14|cyclist-gen4|1134\n|player|p2|Blank_Playe_pract|169|1140\n|gen|9\n|tier|[Gen 9 Champions] VGC 2026 Reg M-A\n|rated|\n|rule|Species Clause: Limit one of each Pok\u00e9mon\n|rule|Item Clause: Limit 1 of each item\n|clearpoke\n|poke|p1|Manectric, L50, F|\n|poke|p1|Basculegion-F, L50, F|\n|poke|p1|Aerodactyl, L50, M|\n|poke|p1|Sylveon, L50, F|\n|poke|p1|Goodra-Hisui, L50, M|\n|poke|p1|Sinistcha, L50|\n|poke|p2|Delphox, L50, M|\n|poke|p2|Torkoal, L50, F|\n|poke|p2|Tsareena, L50, F|\n|poke|p2|Kingambit, L50, M|\n|poke|p2|Whimsicott, L50, F|\n|poke|p2|Heliolisk, L50, M|\n|teampreview|4\n|inactive|Battle timer is ON: inactive players will automatically lose when time's up. (requested by Blank_Playe_pract)\n2ant14 rejected open team sheets.\n|inactive|2ant14 has 60 seconds left.\n|inactive|Blank_Playe_pract has 60 seconds left.\n|inactive|2ant14 has 30 seconds left.\n|\n|t:|1776510526\n|teamsize|p1|4\n|teamsize|p2|4\n|start\n|switch|p1a: Aerodactyl|Aerodactyl, L50, M|100/100\n|switch|p1b: Manectric|Manectric, L50, F|100/100\n|switch|p2a: Whimsicott|Whimsicott, L50, F|100/100\n|switch|p2b: Torkoal|Torkoal, L50, F|100/100\n|-ability|p1a: Aerodactyl|Unnerve\n|-weather|SunnyDay|[from] ability: Drought|[of] p2b: Torkoal\n|turn|1\n|\n|t:|1776510543\n|move|p1a: Aerodactyl|Rock Slide|p2b: Torkoal|[spread] p2a,p2b\n|-supereffective|p2b: Torkoal|1\n|-crit|p2b: Torkoal\n|-damage|p2a: Whimsicott|60/100\n|-damage|p2b: Torkoal|59/100\n|move|p1b: Manectric|Volt Switch|p2a: Whimsicott\n|-resisted|p2a: Whimsicott|1\n|-damage|p2a: Whimsicott|39/100\n|\n|t:|1776510559\n|switch|p1b: Goodra|Goodra-Hisui, L50, M|100/100|[from] Volt Switch\n|move|p2b: Torkoal|Heat Wave|p1a: Aerodactyl|[spread] p1a,p1b\n|-resisted|p1a: Aerodactyl|1\n|-damage|p1a: Aerodactyl|78/100\n|-damage|p1b: Goodra|80/100\n|cant|p2a: Whimsicott|flinch\n|\n|-weather|SunnyDay|[upkeep]\n|-heal|p1b: Goodra|86/100|[from] item: Leftovers\n|upkeep\n|turn|2\n|j| TheNewBrends11@!\n|c|\u26062ant14|sorry\n|\n|t:|1776510578\n|move|p1a: Aerodactyl|Rock Slide|p2b: Torkoal|[spread] p2a,p2b\n|-supereffective|p2b: Torkoal|1\n|-damage|p2a: Whimsicott|3/100\n|-damage|p2b: Torkoal|27/100\n|move|p1b: Goodra|Shelter|p1b: Goodra\n|-boost|p1b: Goodra|def|2\n|move|p2b: Torkoal|Body Press|p1b: Goodra\n|-supereffective|p1b: Goodra|1\n|-damage|p1b: Goodra|63/100\n|move|p2a: Whimsicott|Trick Room|p2a: Whimsicott\n|-fieldstart|move: Trick Room|[of] p2a: Whimsicott\n|\n|-weather|SunnyDay|[upkeep]\n|-heal|p1b: Goodra|69/100|[from] item: Leftovers\n|upkeep\n|turn|3\n|\n|t:|1776510598\n|switch|p1b: Sinistcha|Sinistcha, L50|100/100\n|-heal|p1a: Aerodactyl|100/100|[from] ability: Hospitality|[of] p1b: Sinistcha\n|move|p2b: Torkoal|Heat Wave|p1a: Aerodactyl|[spread] p1a,p1b\n|-resisted|p1a: Aerodactyl|1\n|-supereffective|p1b: Sinistcha|1\n|-damage|p1a: Aerodactyl|78/100\n|-damage|p1b: Sinistcha|40/100\n|-status|p1b: Sinistcha|brn\n|move|p2a: Whimsicott|Dazzling Gleam|p1b: Sinistcha|[spread] p1a,p1b\n|-damage|p1a: Aerodactyl|49/100\n|-damage|p1b: Sinistcha|16/100 brn\n|move|p1a: Aerodactyl|Rock Slide|p2a: Whimsicott|[spread] p2b\n|-miss|p1a: Aerodactyl|p2a: Whimsicott\n|-supereffective|p2b: Torkoal|1\n|-damage|p2b: Torkoal|0 fnt\n|faint|p2b: Torkoal\n|\n|-weather|SunnyDay|[upkeep]\n|-damage|p1b: Sinistcha|10/100 brn|[from] brn\n|upkeep\n|c|\u2606Blank_Playe_pract|no the thing is why?\n|\n|t:|1776510614\n|switch|p2b: Tsareena|Tsareena, L50, F|100/100\n|turn|4\n|c|\u26062ant14|flinching in the first TR\n|\n|t:|1776510634\n|move|p1a: Aerodactyl|Protect|p1a: Aerodactyl\n|-singleturn|p1a: Aerodactyl|Protect\n|move|p1b: Sinistcha|Matcha Gotcha|p2b: Tsareena|[spread] p2a,p2b\n|-resisted|p2a: Whimsicott|1\n|-resisted|p2b: Tsareena|1\n|-damage|p2a: Whimsicott|0 fnt\n|-heal|p1b: Sinistcha|11/100 brn|[from] drain|[of] p2a: Whimsicott\n|-damage|p2b: Tsareena|87/100\n|-heal|p1b: Sinistcha|18/100 brn|[from] drain|[of] p2b: Tsareena\n|faint|p2a: Whimsicott\n|move|p2b: Tsareena|Triple Axel|p1a: Aerodactyl\n|-activate|p1a: Aerodactyl|move: Protect\n|\n|-weather|SunnyDay|[upkeep]\n|-damage|p1b: Sinistcha|12/100 brn|[from] brn\n|upkeep\n|c|\u2606Blank_Playe_pract|no no I am prankster shouldn't the Tr go first?\n|\n|t:|1776510643\n|switch|p2a: Delphox|Delphox, L50, M|100/100\n|turn|5\n|c|\u26062ant14|nono\n|c|\u26062ant14|TR always goes last like roar or whirwind\n|inactive|2ant14 has 30 seconds left.\n|c|\u26062ant14|if not it was broken\n|inactive|2ant14 has 20 seconds left.\n|\n|t:|1776510682\n|detailschange|p2a: Delphox|Delphox-Mega, L50, M\n|-mega|p2a: Delphox|Delphox|Delphoxite\n|move|p2a: Delphox|Protect|p2a: Delphox\n|-singleturn|p2a: Delphox|Protect\n|move|p1b: Sinistcha|Matcha Gotcha|p2b: Tsareena|[spread] p2b\n|-activate|p2a: Delphox|move: Protect\n|-resisted|p2b: Tsareena|1\n|-damage|p2b: Tsareena|74/100\n|-heal|p1b: Sinistcha|18/100 brn|[from] drain|[of] p2b: Tsareena\n|-status|p2b: Tsareena|brn\n|move|p2b: Tsareena|Triple Axel|p1a: Aerodactyl\n|-supereffective|p1a: Aerodactyl|1\n|-damage|p1a: Aerodactyl|39/100\n|-supereffective|p1a: Aerodactyl|1\n|-damage|p1a: Aerodactyl|20/100\n|-supereffective|p1a: Aerodactyl|1\n|-damage|p1a: Aerodactyl|0 fnt\n|faint|p1a: Aerodactyl\n|-hitcount|p1: Aerodactyl|3\n|\n|-weather|none\n|-damage|p1b: Sinistcha|12/100 brn|[from] brn\n|-damage|p2b: Tsareena|68/100 brn|[from] brn\n|upkeep\n|c|\u2606Blank_Playe_pract|ok that is why I was just being dumb lol\n|inactive|2ant14 has 30 seconds left.\n|\n|t:|1776510708\n|switch|p1a: Manectric|Manectric, L50, F|100/100\n|turn|6\n|\n|t:|1776510724\n|move|p2b: Tsareena|Protect|p2b: Tsareena\n|-singleturn|p2b: Tsareena|Protect\n|move|p2a: Delphox|Protect|p2a: Delphox\n|-singleturn|p2a: Delphox|Protect\n|move|p1b: Sinistcha|Strength Sap|p2b: Tsareena\n|-activate|p2b: Tsareena|move: Protect\n|move|p1a: Manectric|Snarl|p2b: Tsareena|[spread] \n|-activate|p2a: Delphox|move: Protect\n|-activate|p2b: Tsareena|move: Protect\n|\n|-damage|p1b: Sinistcha|6/100 brn|[from] brn\n|-damage|p2b: Tsareena|61/100 brn|[from] brn\n|-fieldend|move: Trick Room\n|upkeep\n|turn|7\n|\n|t:|1776510741\n|detailschange|p1a: Manectric|Manectric-Mega, L50, F\n|-mega|p1a: Manectric|Manectric|Manectite\n|-ability|p1a: Manectric|Intimidate|boost\n|-unboost|p2a: Delphox|atk|1\n|-unboost|p2b: Tsareena|atk|1\n|move|p1a: Manectric|Snarl|p2b: Tsareena|[spread] p2b\n|-miss|p1a: Manectric|p2a: Delphox\n|-damage|p2b: Tsareena|47/100 brn\n|-unboost|p2b: Tsareena|spa|1\n|-enditem|p2b: Tsareena|Sitrus Berry|[eat]\n|-heal|p2b: Tsareena|72/100 brn|[from] item: Sitrus Berry\n|move|p2a: Delphox|Heat Wave|p1b: Sinistcha|[spread] p1a,p1b\n|-supereffective|p1b: Sinistcha|1\n|-damage|p1a: Manectric|47/100\n|-damage|p1b: Sinistcha|0 fnt\n|faint|p1b: Sinistcha\n|move|p2b: Tsareena|Trop Kick|p1a: Manectric\n|-damage|p1a: Manectric|34/100\n|-unboost|p1a: Manectric|atk|1\n|\n|-damage|p2b: Tsareena|66/100 brn|[from] brn\n|upkeep\n|c|\u26062ant14|i am just one point faster that Mdelphox\n|\n|t:|1776510759\n|switch|p1b: Goodra|Goodra-Hisui, L50, M|69/100\n|turn|8\n|\n|t:|1776510770\n|move|p1a: Manectric|Snarl|p2b: Tsareena|[spread] p2a,p2b\n|-supereffective|p2a: Delphox|1\n|-damage|p2a: Delphox|78/100\n|-damage|p2b: Tsareena|52/100 brn\n|-unboost|p2a: Delphox|spa|1\n|-unboost|p2b: Tsareena|spa|1\n|move|p2a: Delphox|Heat Wave|p1b: Goodra|[spread] p1a,p1b\n|-damage|p1a: Manectric|0 fnt\n|-damage|p1b: Goodra|49/100\n|-status|p1b: Goodra|brn\n|faint|p1a: Manectric\n|move|p2b: Tsareena|Low Kick|p1b: Goodra\n|-supereffective|p1b: Goodra|1\n|-damage|p1b: Goodra|34/100 brn\n|move|p1b: Goodra|Life Dew|p1b: Goodra\n|-heal|p1b: Goodra|59/100 brn\n|\n|-heal|p1b: Goodra|65/100 brn|[from] item: Leftovers\n|-damage|p2b: Tsareena|46/100 brn|[from] brn\n|-damage|p1b: Goodra|59/100 brn|[from] brn\n|upkeep\n|turn|9\n|\n|t:|1776510789\n|move|p2a: Delphox|Heat Wave|p1b: Goodra\n|-damage|p1b: Goodra|34/100 brn\n|move|p2b: Tsareena|Low Kick|p1b: Goodra\n|-supereffective|p1b: Goodra|1\n|-damage|p1b: Goodra|19/100 brn\n|move|p1b: Goodra|Body Press|p2b: Tsareena\n|-damage|p2b: Tsareena|34/100 brn\n|\n|-heal|p1b: Goodra|25/100 brn|[from] item: Leftovers\n|-damage|p2b: Tsareena|28/100 brn|[from] brn\n|-damage|p1b: Goodra|19/100 brn|[from] brn\n|upkeep\n|turn|10\n|c|\u2606Blank_Playe_pract|yeah and that one point might be enough\n|\n|t:|1776510799\n|move|p2a: Delphox|Heat Wave|p1b: Goodra\n|-damage|p1b: Goodra|0 fnt\n|faint|p1b: Goodra\n|\n|win|Blank_Playe_pract\n|raw|2ant14's rating: 1134 &rarr; <strong>1109</strong><br />(-25 for losing)\n|raw|Blank_Playe_pract's rating: 1140 &rarr; <strong>1165</strong><br />(+25 for winning)\n|c|\u2606Blank_Playe_pract|or not ggwp\n|c|\u26062ant14|the first snarl\n|l| TheNewBrends11\n|c|\u26062ant14|failed d\n|c|\u26062ant14|gg\n|c|\u2606Blank_Playe_pract|lol ggwp\n|c|\u2606Blank_Playe_pract|thanks for the info\n",
  "uploadtime": 1776510813,
  "views": 15,
  "formatid": "gen9championsvgc2026regma",
  "rating": 1109,
  "private": 0,
  "password": null
}