{
  "id": "gen9championsvgc2026regma-2581077133",
  "format": "[Gen 9 Champions] VGC 2026 Reg M-A",
  "players": [
    "ewertubos",
    "RadiantBlue4552"
  ],
  "log": "|j|\u2606ewertubos\n|j|\u203dRadiantBlue4552\n|t:|1775957679\n|gametype|doubles\n|player|p1|ewertubos|hilbert|1015\n|player|p2|RadiantBlue4552|266|1080\n|gen|9\n|tier|[Gen 9 Champions] VGC 2026 Reg M-A\n|rated|\n|rule|Species Clause: Limit one of each Pok\u00e9mon\n|rule|Item Clause: Limit 1 of each item\n|clearpoke\n|poke|p1|Charizard, L50, M|\n|poke|p1|Whimsicott, L50, F|\n|poke|p1|Garchomp, L50, M|\n|poke|p1|Incineroar, L50, M|\n|poke|p1|Gyarados, L50, M|\n|poke|p1|Farigiraf, L50, F|\n|poke|p2|Snorlax, L50, M|\n|poke|p2|Sableye, L50, F|\n|poke|p2|Farigiraf, L50, M|\n|poke|p2|Maushold-Four, L50|\n|poke|p2|Gengar, L50, M|\n|poke|p2|Pelipper, L50, M|\n|teampreview|4\nRadiantBlue4552 rejected open team sheets.\n|inactive|Battle timer is ON: inactive players will automatically lose when time's up. (requested by RadiantBlue4552)\n|\n|t:|1775957715\n|teamsize|p1|4\n|teamsize|p2|4\n|start\n|switch|p1a: Gyarados|Gyarados, L50, M|100/100\n|switch|p1b: Farigiraf|Farigiraf, L50, F|100/100\n|switch|p2a: Snorlax|Snorlax, L50, M|100/100\n|switch|p2b: Sableye|Sableye, L50, F|100/100\n|-ability|p1a: Gyarados|Intimidate|boost\n|-unboost|p2a: Snorlax|atk|1\n|-unboost|p2b: Sableye|atk|1\n|turn|1\n|inactive|ewertubos has 30 seconds left.\n|\n|t:|1775957744\n|move|p2b: Sableye|Skill Swap|p2a: Snorlax\n|-activate|p2b: Sableye|Skill Swap|||[of] p2a: Snorlax\n|move|p2a: Snorlax|Curse|p2a: Snorlax\n|-unboost|p2a: Snorlax|spe|1\n|-boost|p2a: Snorlax|atk|1\n|-boost|p2a: Snorlax|def|1\n|move|p1a: Gyarados|Taunt|p2b: Sableye\n|-start|p2b: Sableye|move: Taunt\n|move|p1b: Farigiraf|Psychic|p2a: Snorlax\n|-damage|p2a: Snorlax|80/100\n|\n|upkeep\n|turn|2\n|inactive|ewertubos has 30 seconds left.\n|inactive|RadiantBlue4552 has 30 seconds left.\n|\n|t:|1775957776\n|switch|p1b: Charizard|Charizard, L50, M, shiny|100/100\n|switch|p2b: Maushold|Maushold-Four, L50|100/100\n|move|p2a: Snorlax|Curse|p2a: Snorlax\n|-unboost|p2a: Snorlax|spe|1\n|-boost|p2a: Snorlax|atk|1\n|-boost|p2a: Snorlax|def|1\n|move|p1a: Gyarados|Waterfall|p2b: Maushold\n|-damage|p2b: Maushold|60/100\n|\n|upkeep\n|turn|3\n|inactive|RadiantBlue4552 has 30 seconds left.\n|\n|t:|1775957802\n|detailschange|p1b: Charizard|Charizard-Mega-Y, L50, M, shiny\n|-mega|p1b: Charizard|Charizard|Charizardite Y\n|-weather|SunnyDay|[from] ability: Drought|[of] p1b: Charizard\n|move|p2a: Snorlax|Amnesia|p2a: Snorlax\n|-boost|p2a: Snorlax|spd|2\n|move|p1b: Charizard|Heat Wave|p2b: Maushold|[spread] p2a,p2b\n|-damage|p2a: Snorlax|64/100\n|-damage|p2b: Maushold|0 fnt\n|faint|p2b: Maushold\n|move|p1a: Gyarados|Thunder Wave|p2a: Snorlax\n|-status|p2a: Snorlax|par\n|-enditem|p2a: Snorlax|Lum Berry|[eat]\n|-curestatus|p2a: Snorlax|par|[msg]\n|\n|-weather|SunnyDay|[upkeep]\n|upkeep\n|\n|t:|1775957816\n|switch|p2b: Sableye|Sableye, L50, F|100/100\n|turn|4\n|inactive|RadiantBlue4552 has 30 seconds left.\n|\n|t:|1775957847\n|move|p1b: Charizard|Protect|p1b: Charizard\n|-singleturn|p1b: Charizard|Protect\n|move|p2b: Sableye|Fake Out|p1a: Gyarados\n|-damage|p1a: Gyarados|93/100\n|cant|p1a: Gyarados|flinch\n|move|p2a: Snorlax|Body Press|p1a: Gyarados\n|-resisted|p1a: Gyarados|1\n|-damage|p1a: Gyarados|74/100\n|\n|-weather|SunnyDay|[upkeep]\n|-heal|p1a: Gyarados|80/100|[from] item: Leftovers\n|upkeep\n|turn|5\n|\n|t:|1775957863\n|move|p2b: Sableye|Will-O-Wisp|p1a: Gyarados\n|-status|p1a: Gyarados|brn\n|move|p2a: Snorlax|Amnesia|p2a: Snorlax\n|-boost|p2a: Snorlax|spd|2\n|move|p1b: Charizard|Heat Wave|p2b: Sableye|[spread] p2b\n|-miss|p1b: Charizard|p2a: Snorlax\n|-damage|p2b: Sableye|5/100\n|-enditem|p2b: Sableye|Sitrus Berry|[eat]\n|-heal|p2b: Sableye|30/100|[from] item: Sitrus Berry\n|move|p1a: Gyarados|Thunder Wave|p2a: Snorlax\n|-status|p2a: Snorlax|par\n|\n|-weather|SunnyDay|[upkeep]\n|-heal|p1a: Gyarados|86/100 brn|[from] item: Leftovers\n|-damage|p1a: Gyarados|80/100 brn|[from] brn\n|upkeep\n|turn|6\n|inactive|RadiantBlue4552 has 30 seconds left.\n|\n|t:|1775957890\n|move|p2b: Sableye|Quash|p1a: Gyarados\n|-activate|p1a: Gyarados|move: Quash\n|move|p2a: Snorlax|Amnesia|p2a: Snorlax\n|-boost|p2a: Snorlax|spd|2\n|move|p1b: Charizard|Weather Ball|p2a: Snorlax\n|-damage|p2a: Snorlax|48/100 par\n|move|p1a: Gyarados|Waterfall|p2b: Sableye\n|-damage|p2b: Sableye|20/100\n|\n|-weather|SunnyDay|[upkeep]\n|-heal|p1a: Gyarados|86/100 brn|[from] item: Leftovers\n|-damage|p1a: Gyarados|80/100 brn|[from] brn\n|upkeep\n|turn|7\n|inactive|ewertubos has 30 seconds left.\n|\n|t:|1775957919\n|move|p2b: Sableye|Skill Swap|p1b: Charizard\n|-activate|p2b: Sableye|Skill Swap|Drought|Prankster|[of] p1b: Charizard\n|move|p2a: Snorlax|Curse|p2a: Snorlax\n|-unboost|p2a: Snorlax|spe|1\n|-boost|p2a: Snorlax|atk|1\n|-boost|p2a: Snorlax|def|1\n|move|p1b: Charizard|Heat Wave|p2b: Sableye|[spread] p2a,p2b\n|-crit|p2b: Sableye\n|-damage|p2a: Snorlax|36/100 par\n|-damage|p2b: Sableye|0 fnt\n|faint|p2b: Sableye\n|move|p1a: Gyarados|Taunt|p2a: Snorlax\n|-start|p2a: Snorlax|move: Taunt\n|\n|-weather|none\n|-heal|p1a: Gyarados|86/100 brn|[from] item: Leftovers\n|-damage|p1a: Gyarados|80/100 brn|[from] brn\n|upkeep\n|\n|t:|1775957935\n|switch|p2b: Farigiraf|Farigiraf, L50, M|100/100\n|turn|8\n|\n|t:|1775957953\n|move|p1b: Charizard|Heat Wave|p2a: Snorlax|[spread] p2a,p2b\n|-damage|p2a: Snorlax|28/100 par\n|-damage|p2b: Farigiraf|69/100\n|move|p1a: Gyarados|Waterfall|p2b: Farigiraf\n|-damage|p2b: Farigiraf|46/100\n|move|p2b: Farigiraf|Psych Up|p2a: Snorlax\n|-copyboost|p2b: Farigiraf|p2a: Snorlax|[from] move: Psych Up\n|move|p2a: Snorlax|Body Press|p1b: Charizard\n|-resisted|p1b: Charizard|1\n|-damage|p1b: Charizard|63/100\n|\n|-heal|p1a: Gyarados|86/100 brn|[from] item: Leftovers\n|-heal|p2b: Farigiraf|52/100|[from] item: Leftovers\n|-damage|p1a: Gyarados|80/100 brn|[from] brn\n|upkeep\n|turn|9\n|inactive|ewertubos has 30 seconds left.\n|\n|t:|1775957979\n|move|p1b: Charizard|Heat Wave|p2a: Snorlax|[spread] p2a,p2b\n|-damage|p2a: Snorlax|20/100 par\n|-damage|p2b: Farigiraf|45/100\n|move|p1a: Gyarados|Taunt|p2b: Farigiraf\n|-start|p2b: Farigiraf|move: Taunt\n|move|p2b: Farigiraf|Stored Power|p1a: Gyarados\n|-damage|p1a: Gyarados|5/100 brn\n|move|p2a: Snorlax|Body Press|p1b: Charizard\n|-resisted|p1b: Charizard|1\n|-damage|p1b: Charizard|28/100\n|\n|-heal|p1a: Gyarados|11/100 brn|[from] item: Leftovers\n|-heal|p2b: Farigiraf|51/100|[from] item: Leftovers\n|-damage|p1a: Gyarados|5/100 brn|[from] brn\n|upkeep\n|turn|10\n|inactive|ewertubos has 30 seconds left.\n|\n|t:|1775958004\n|move|p1b: Charizard|Heat Wave|p2b: Farigiraf|[spread] p2a,p2b\n|-crit|p2a: Snorlax\n|-damage|p2a: Snorlax|0 fnt\n|-damage|p2b: Farigiraf|41/100\n|faint|p2a: Snorlax\n|move|p1a: Gyarados|Thunder Wave|p2b: Farigiraf\n|-status|p2b: Farigiraf|par\n|move|p2b: Farigiraf|Stored Power|p1b: Charizard\n|-damage|p1b: Charizard|0 fnt\n|faint|p1b: Charizard\n|\n|-heal|p1a: Gyarados|11/100 brn|[from] item: Leftovers\n|-heal|p2b: Farigiraf|48/100 par|[from] item: Leftovers\n|-damage|p1a: Gyarados|5/100 brn|[from] brn\n|upkeep\n|\n|t:|1775958021\n|switch|p1b: Farigiraf|Farigiraf, L50, F|100/100\n|turn|11\n|\n|t:|1775958029\n|move|p1b: Farigiraf|Helping Hand|p1a: Gyarados\n|-singleturn|p1a: Gyarados|Helping Hand|[of] p1b: Farigiraf\n|move|p1a: Gyarados|Waterfall|p2b: Farigiraf\n|-damage|p2b: Farigiraf|34/100 par\n|move|p2b: Farigiraf|Stored Power|p1a: Gyarados\n|-damage|p1a: Gyarados|0 fnt\n|faint|p1a: Gyarados\n|\n|-heal|p2b: Farigiraf|41/100 par|[from] item: Leftovers\n|-end|p2b: Farigiraf|move: Taunt\n|upkeep\n|\n|t:|1775958041\n|switch|p1a: Whimsicott|Whimsicott, L50, F|100/100\n|turn|12\n|\n|t:|1775958059\n|move|p1a: Whimsicott|Moonblast|p2b: Farigiraf\n|-damage|p2b: Farigiraf|36/100 par\n|move|p1b: Farigiraf|Psychic|p2b: Farigiraf\n|-resisted|p2b: Farigiraf|1\n|-damage|p2b: Farigiraf|33/100 par\n|move|p2b: Farigiraf|Stored Power|p1a: Whimsicott\n|-enditem|p1a: Whimsicott|Focus Sash\n|-damage|p1a: Whimsicott|1/100\n|\n|-heal|p2b: Farigiraf|39/100 par|[from] item: Leftovers\n|upkeep\n|turn|13\n|inactive|ewertubos has 30 seconds left.\n|inactive|ewertubos has 20 seconds left.\n|inactive|ewertubos has 15 seconds left.\n|inactive|ewertubos has 10 seconds left.\n|inactive|ewertubos has 5 seconds left.\n|\n|t:|1775958110\n|move|p1b: Farigiraf|Helping Hand|p1a: Whimsicott\n|-singleturn|p1a: Whimsicott|Helping Hand|[of] p1b: Farigiraf\n|move|p1a: Whimsicott|Moonblast|p2b: Farigiraf\n|-damage|p2b: Farigiraf|32/100 par\n|move|p2b: Farigiraf|Wish|p2b: Farigiraf\n|\n|-heal|p2b: Farigiraf|38/100 par|[from] item: Leftovers\n|upkeep\n|turn|14\n|\n|t:|1775958126\n|move|p1b: Farigiraf|Helping Hand|p1a: Whimsicott\n|-singleturn|p1a: Whimsicott|Helping Hand|[of] p1b: Farigiraf\n|move|p1a: Whimsicott|Moonblast|p2b: Farigiraf\n|-damage|p2b: Farigiraf|31/100 par\n|move|p2b: Farigiraf|Stored Power|p1a: Whimsicott\n|-damage|p1a: Whimsicott|0 fnt\n|faint|p1a: Whimsicott\n|\n|-heal|p2b: Farigiraf|81/100 par|[from] move: Wish|[wisher] Farigiraf\n|-heal|p2b: Farigiraf|87/100 par|[from] item: Leftovers\n|upkeep\n|turn|15\n|inactive|ewertubos has 30 seconds left.\n|inactive|ewertubos has 20 seconds left.\n|inactive|ewertubos has 15 seconds left.\n|-message|ewertubos forfeited.\n|\n|win|RadiantBlue4552\n|raw|ewertubos's rating: 1015 &rarr; <strong>1005</strong><br />(-10 for losing)\n|raw|RadiantBlue4552's rating: 1080 &rarr; <strong>1103</strong><br />(+23 for winning)\n|l|\u2606ewertubos\n|player|p1|\n",
  "uploadtime": 1775958175,
  "views": 11,
  "formatid": "gen9championsvgc2026regma",
  "rating": 1005,
  "private": 0,
  "password": null
}