{
  "id": "gen9championsvgc2026regma-2581324969",
  "format": "[Gen 9 Champions] VGC 2026 Reg M-A",
  "players": [
    "siunhanech",
    "radoovak"
  ],
  "log": "|j|\u2606siunhanech\n|j|\u2606radoovak\n|t:|1775986832\n|gametype|doubles\n|player|p1|siunhanech|cynthia-gen4|1351\n|player|p2|radoovak|steven|1426\n|gen|9\n|tier|[Gen 9 Champions] VGC 2026 Reg M-A\n|rated|\n|rule|Species Clause: Limit one of each Pok\u00e9mon\n|rule|Item Clause: Limit 1 of each item\n|clearpoke\n|poke|p1|Incineroar, L50, F|\n|poke|p1|Garchomp, L50, F|\n|poke|p1|Rotom-Wash, L50|\n|poke|p1|Orthworm, L50, F|\n|poke|p1|Basculegion, L50, M|\n|poke|p1|Froslass, L50, F|\n|poke|p2|Gengar, L50, M|\n|poke|p2|Sneasler, L50, F|\n|poke|p2|Incineroar, L50, M|\n|poke|p2|Whimsicott, L50, F|\n|poke|p2|Hydreigon, L50, M|\n|poke|p2|Palafin, L50, F|\n|teampreview|4\n|inactive|Battle timer is ON: inactive players will automatically lose when time's up. (requested by siunhanech)\n|inactive|radoovak has 60 seconds left.\n|inactive|radoovak has 30 seconds left.\n|j| gE1xjZRtuhW2DdT0AK\n|inactive|radoovak has 20 seconds left.\n|\n|t:|1775986907\n|teamsize|p1|4\n|teamsize|p2|4\n|start\n|switch|p1a: M\u00e1y gi\u1eb7t b\u00e9o|Rotom-Wash, L50, shiny|100/100\n|switch|p1b: C\u00e1 m\u1eadp b\u00e9o|Garchomp, L50, F|100/100\n|switch|p2a: Sneasler|Sneasler, L50, F|100/100\n|switch|p2b: Hydreigon|Hydreigon, L50, M|100/100\n|turn|1\n|inactive|radoovak has 30 seconds left.\n|\n|t:|1775986935\n|move|p1b: C\u00e1 m\u1eadp b\u00e9o|Protect|p1b: C\u00e1 m\u1eadp b\u00e9o\n|-singleturn|p1b: C\u00e1 m\u1eadp b\u00e9o|Protect\n|move|p2a: Sneasler|Fake Out|p1b: C\u00e1 m\u1eadp b\u00e9o\n|-activate|p1b: C\u00e1 m\u1eadp b\u00e9o|move: Protect\n|move|p2b: Hydreigon|Draco Meteor|p1b: C\u00e1 m\u1eadp b\u00e9o\n|-activate|p1b: C\u00e1 m\u1eadp b\u00e9o|move: Protect\n|move|p1a: M\u00e1y gi\u1eb7t b\u00e9o|Eerie Impulse|p2b: Hydreigon\n|-unboost|p2b: Hydreigon|spa|2\n|\n|upkeep\n|turn|2\n|inactive|siunhanech has 30 seconds left.\n|\n|t:|1775986961\n|move|p2b: Hydreigon|Draco Meteor|p1b: C\u00e1 m\u1eadp b\u00e9o\n|-supereffective|p1b: C\u00e1 m\u1eadp b\u00e9o|1\n|-damage|p1b: C\u00e1 m\u1eadp b\u00e9o|31/100\n|-unboost|p2b: Hydreigon|spa|2\n|move|p2a: Sneasler|Close Combat|p1b: C\u00e1 m\u1eadp b\u00e9o\n|-damage|p1b: C\u00e1 m\u1eadp b\u00e9o|0 fnt\n|-unboost|p2a: Sneasler|def|1\n|-unboost|p2a: Sneasler|spd|1\n|-damage|p2a: Sneasler|88/100|[from] ability: Rough Skin|[of] p1b: C\u00e1 m\u1eadp b\u00e9o\n|faint|p1b: C\u00e1 m\u1eadp b\u00e9o\n|-enditem|p2a: Sneasler|White Herb\n|-clearnegativeboost|p2a: Sneasler|[silent]\n|move|p1a: M\u00e1y gi\u1eb7t b\u00e9o|Will-O-Wisp|p2a: Sneasler|[miss]\n|-miss|p1a: M\u00e1y gi\u1eb7t b\u00e9o|p2a: Sneasler\n|\n|upkeep\n|\n|t:|1775986970\n|switch|p1b: C\u00e1 ch\u00e9p r\u00e1n|Basculegion, L50, M, shiny|100/100\n|turn|3\n|\n|t:|1775986975\n|switch|p2b: Incineroar|Incineroar, L50, M|100/100\n|-ability|p2b: Incineroar|Intimidate|boost\n|-unboost|p1a: M\u00e1y gi\u1eb7t b\u00e9o|atk|1\n|-unboost|p1b: C\u00e1 ch\u00e9p r\u00e1n|atk|1\n|move|p2a: Sneasler|Protect|p2a: Sneasler\n|-singleturn|p2a: Sneasler|Protect\n|move|p1b: C\u00e1 ch\u00e9p r\u00e1n|Wave Crash|p2a: Sneasler\n|-activate|p2a: Sneasler|move: Protect\n|move|p1a: M\u00e1y gi\u1eb7t b\u00e9o|Volt Switch|p2b: Incineroar\n|-damage|p2b: Incineroar|80/100\n|\n|t:|1775986978\n|switch|p1a: M\u00e8o b\u00e9o|Incineroar, L50, F, shiny|100/100|[from] Volt Switch\n|-ability|p1a: M\u00e8o b\u00e9o|Intimidate|boost\n|-unboost|p2a: Sneasler|atk|1\n|-unboost|p2b: Incineroar|atk|1\n|\n|upkeep\n|turn|4\n|inactive|siunhanech has 30 seconds left.\n|\n|t:|1775987009\n|switch|p2b: Hydreigon|Hydreigon, L50, M|100/100\n|move|p2a: Sneasler|Close Combat|p1a: M\u00e8o b\u00e9o\n|-supereffective|p1a: M\u00e8o b\u00e9o|1\n|-damage|p1a: M\u00e8o b\u00e9o|41/100\n|-unboost|p2a: Sneasler|def|1\n|-unboost|p2a: Sneasler|spd|1\n|move|p1b: C\u00e1 ch\u00e9p r\u00e1n|Wave Crash|p2b: Hydreigon\n|-resisted|p2b: Hydreigon|1\n|-damage|p2b: Hydreigon|70/100\n|-damage|p1b: C\u00e1 ch\u00e9p r\u00e1n|92/100|[from] Recoil\n|move|p1a: M\u00e8o b\u00e9o|Flare Blitz|p2a: Sneasler\n|-damage|p2a: Sneasler|0 fnt\n|faint|p2a: Sneasler\n|-damage|p1a: M\u00e8o b\u00e9o|19/100|[from] Recoil\n|\n|upkeep\n|\n|t:|1775987024\n|switch|p2a: Incineroar|Incineroar, L50, M|80/100\n|-ability|p2a: Incineroar|Intimidate|boost\n|-unboost|p1a: M\u00e8o b\u00e9o|atk|1\n|-unboost|p1b: C\u00e1 ch\u00e9p r\u00e1n|atk|1\n|turn|5\n|\n|t:|1775987043\n|switch|p1b: M\u00e1y gi\u1eb7t b\u00e9o|Rotom-Wash, L50, shiny|100/100\n|move|p2b: Hydreigon|Dark Pulse|p1b: M\u00e1y gi\u1eb7t b\u00e9o\n|-damage|p1b: M\u00e1y gi\u1eb7t b\u00e9o|62/100\n|move|p2a: Incineroar|Flare Blitz|p1a: M\u00e8o b\u00e9o\n|-resisted|p1a: M\u00e8o b\u00e9o|1\n|-damage|p1a: M\u00e8o b\u00e9o|0 fnt\n|faint|p1a: M\u00e8o b\u00e9o\n|-damage|p2a: Incineroar|74/100|[from] Recoil\n|\n|-heal|p1b: M\u00e1y gi\u1eb7t b\u00e9o|68/100|[from] item: Leftovers\n|upkeep\n|\n|t:|1775987054\n|switch|p1a: C\u00e1 ch\u00e9p r\u00e1n|Basculegion, L50, M, shiny|92/100\n|turn|6\n|\n|t:|1775987073\n|move|p2b: Hydreigon|Dark Pulse|p1a: C\u00e1 ch\u00e9p r\u00e1n\n|-supereffective|p1a: C\u00e1 ch\u00e9p r\u00e1n|1\n|-damage|p1a: C\u00e1 ch\u00e9p r\u00e1n|0 fnt\n|faint|p1a: C\u00e1 ch\u00e9p r\u00e1n\n|move|p1b: M\u00e1y gi\u1eb7t b\u00e9o|Electroweb|p2b: Hydreigon|[spread] p2a,p2b\n|-resisted|p2b: Hydreigon|1\n|-damage|p2a: Incineroar|60/100\n|-damage|p2b: Hydreigon|61/100\n|-unboost|p2a: Incineroar|spe|1\n|-unboost|p2b: Hydreigon|spe|1\n|move|p2a: Incineroar|Parting Shot|p1b: M\u00e1y gi\u1eb7t b\u00e9o\n|-unboost|p1b: M\u00e1y gi\u1eb7t b\u00e9o|atk|1\n|-unboost|p1b: M\u00e1y gi\u1eb7t b\u00e9o|spa|1\n|-message|siunhanech forfeited.\n|\n|win|radoovak\n|raw|siunhanech's rating: 1351 &rarr; <strong>1335</strong><br />(-16 for losing)\n|raw|radoovak's rating: 1426 &rarr; <strong>1442</strong><br />(+16 for winning)\n|l|\u2606siunhanech\n|player|p1|\n|c|\u2606radoovak|gg\n|l|\u2606radoovak\n|player|p2|\n",
  "uploadtime": 1775987109,
  "views": 43,
  "formatid": "gen9championsvgc2026regma",
  "rating": 1335,
  "private": 0,
  "password": null
}