{
  "id": "gen9championsvgc2026regma-2581083542",
  "format": "[Gen 9 Champions] VGC 2026 Reg M-A",
  "players": [
    "Barber1",
    "chzao"
  ],
  "log": "|j|\u2606Barber1\n|j|\u2606chzao\n|t:|1775958274\n|gametype|doubles\n|player|p1|Barber1|cynthia-gen4|1132\n|player|p2|chzao|clay|1107\n|gen|9\n|tier|[Gen 9 Champions] VGC 2026 Reg M-A\n|rated|\n|rule|Species Clause: Limit one of each Pok\u00e9mon\n|rule|Item Clause: Limit 1 of each item\n|clearpoke\n|poke|p1|Floette-Eternal, L50, F|\n|poke|p1|Aerodactyl, L50, M|\n|poke|p1|Garchomp, L50, F|\n|poke|p1|Maushold, L50|\n|poke|p1|Sneasler, L50, M|\n|poke|p1|Delphox, L50, F|\n|poke|p2|Gengar, L50, M|\n|poke|p2|Politoed, L50, F|\n|poke|p2|Whimsicott, L50, M|\n|poke|p2|Basculegion, L50, M|\n|poke|p2|Incineroar, L50, F|\n|poke|p2|Farigiraf, L50, M|\n|teampreview|4\n|inactive|Battle timer is ON: inactive players will automatically lose when time's up. (requested by Barber1)\n|inactive|chzao also wants the timer to be on.\n|inactive|Barber1 has 60 seconds left.\n|inactive|Barber1 has 30 seconds left.\n|inactive|Barber1 has 20 seconds left.\n|\n|t:|1775958346\n|teamsize|p1|4\n|teamsize|p2|4\n|start\n|switch|p1a: Delphox|Delphox, L50, F|100/100\n|switch|p1b: Maushold|Maushold, L50|100/100\n|switch|p2a: Incineroar|Incineroar, L50, F|100/100\n|switch|p2b: Basculegion|Basculegion, L50, M|100/100\n|-ability|p2a: Incineroar|Intimidate|boost\n|-unboost|p1a: Delphox|atk|1\n|-unboost|p1b: Maushold|atk|1\n|turn|1\n|\n|t:|1775958362\n|move|p1b: Maushold|Protect|p1b: Maushold\n|-singleturn|p1b: Maushold|Protect\n|move|p1a: Delphox|Protect|p1a: Delphox\n|-singleturn|p1a: Delphox|Protect\n|move|p2a: Incineroar|Fake Out|p1b: Maushold\n|-activate|p1b: Maushold|move: Protect\n|move|p2b: Basculegion|Flip Turn|p1a: Delphox\n|-activate|p1a: Delphox|move: Protect\n|\n|upkeep\n|turn|2\n|inactive|Barber1 has 30 seconds left.\n|\n|t:|1775958391\n|detailschange|p1a: Delphox|Delphox-Mega, L50, F\n|-mega|p1a: Delphox|Delphox|Delphoxite\n|move|p1b: Maushold|Follow Me|p1b: Maushold\n|-singleturn|p1b: Maushold|move: Follow Me\n|move|p2b: Basculegion|Flip Turn|p1b: Maushold\n|-damage|p1b: Maushold|51/100\n|\n|t:|1775958399\n|switch|p2b: Politoed|Politoed, L50, F|100/100|[from] Flip Turn\n|-weather|RainDance|[from] ability: Drizzle|[of] p2b: Politoed\n|move|p1a: Delphox|Psychic|p2b: Politoed\n|-damage|p2b: Politoed|60/100\n|move|p2a: Incineroar|Parting Shot|p1b: Maushold\n|-unboost|p1b: Maushold|atk|1\n|-unboost|p1b: Maushold|spa|1\n|\n|t:|1775958418\n|switch|p2a: Whimsicott|Whimsicott, L50, M|100/100|[from] Parting Shot\n|\n|-weather|RainDance|[upkeep]\n|upkeep\n|turn|3\n|\n|t:|1775958440\n|switch|p1a: Aerodactyl|Aerodactyl, L50, M|100/100\n|move|p1b: Maushold|Protect|p1b: Maushold\n|-singleturn|p1b: Maushold|Protect\n|move|p2a: Whimsicott|Tailwind|p2a: Whimsicott\n|-sidestart|p2: chzao|move: Tailwind\n|move|p2b: Politoed|Weather Ball|p1a: Aerodactyl\n|-supereffective|p1a: Aerodactyl|1\n|-damage|p1a: Aerodactyl|5/100\n|\n|-weather|RainDance|[upkeep]\n|upkeep\n|turn|4\n|inactive|Barber1 has 30 seconds left.\n|inactive|chzao has 30 seconds left.\n|\n|t:|1775958472\n|switch|p2a: Incineroar|Incineroar, L50, F|100/100\n|-ability|p2a: Incineroar|Intimidate|boost\n|-unboost|p1a: Aerodactyl|atk|1\n|-unboost|p1b: Maushold|atk|1\n|move|p1b: Maushold|Follow Me|p1b: Maushold\n|-singleturn|p1b: Maushold|move: Follow Me\n|move|p1a: Aerodactyl|Dual Wingbeat|p2b: Politoed\n|-damage|p2b: Politoed|50/100\n|-enditem|p2b: Politoed|Sitrus Berry|[eat]\n|-heal|p2b: Politoed|75/100|[from] item: Sitrus Berry\n|-damage|p2b: Politoed|63/100\n|-hitcount|p2b: Politoed|2\n|move|p2b: Politoed|Weather Ball|p1b: Maushold\n|-damage|p1b: Maushold|0 fnt\n|faint|p1b: Maushold\n|\n|-weather|RainDance|[upkeep]\n|upkeep\n|\n|t:|1775958480\n|switch|p1b: Garchomp|Garchomp, L50, F|100/100\n|turn|5\n|inactive|chzao has 30 seconds left.\n|\n|t:|1775958508\n|move|p1a: Aerodactyl|Protect|p1a: Aerodactyl\n|-singleturn|p1a: Aerodactyl|Protect\n|move|p2b: Politoed|Protect|p2b: Politoed\n|-singleturn|p2b: Politoed|Protect\n|move|p1b: Garchomp|Protect|p1b: Garchomp\n|-singleturn|p1b: Garchomp|Protect\n|move|p2a: Incineroar|Fake Out|p1a: Aerodactyl\n|-activate|p1a: Aerodactyl|move: Protect\n|\n|-weather|RainDance|[upkeep]\n|upkeep\n|turn|6\n|inactive|Barber1 has 30 seconds left.\n|\n|t:|1775958539\n|switch|p2a: Whimsicott|Whimsicott, L50, M|100/100\n|move|p1a: Aerodactyl|Tailwind|p1a: Aerodactyl\n|-sidestart|p1: Barber1|move: Tailwind\n|move|p1b: Garchomp|Earthquake|p2b: Politoed|[spread] p2a,p2b\n|-immune|p1a: Aerodactyl\n|-resisted|p2a: Whimsicott|1\n|-damage|p2a: Whimsicott|78/100\n|-damage|p2b: Politoed|32/100\n|move|p2b: Politoed|Weather Ball|p1a: Aerodactyl\n|-supereffective|p1a: Aerodactyl|1\n|-damage|p1a: Aerodactyl|0 fnt\n|faint|p1a: Aerodactyl\n|\n|-weather|none\n|-sideend|p2: chzao|move: Tailwind\n|upkeep\n|\n|t:|1775958553\n|switch|p1a: Delphox|Delphox-Mega, L50, F|100/100\n|turn|7\n|\n|t:|1775958565\n|switch|p2b: Incineroar|Incineroar, L50, F|100/100\n|-ability|p2b: Incineroar|Intimidate|boost\n|-unboost|p1a: Delphox|atk|1\n|-unboost|p1b: Garchomp|atk|1\n|move|p2a: Whimsicott|Protect|p2a: Whimsicott\n|-singleturn|p2a: Whimsicott|Protect\n|move|p1a: Delphox|Flamethrower|p2a: Whimsicott\n|-activate|p2a: Whimsicott|move: Protect\n|move|p1b: Garchomp|Earthquake|p2a: Whimsicott|[spread] p2b\n|-activate|p2a: Whimsicott|move: Protect\n|-immune|p1a: Delphox|[from] ability: Levitate\n|-supereffective|p2b: Incineroar|1\n|-crit|p2b: Incineroar\n|-damage|p2b: Incineroar|0 fnt\n|faint|p2b: Incineroar\n|\n|upkeep\n|\n|t:|1775958583\n|switch|p2b: Politoed|Politoed, L50, F|32/100\n|-weather|RainDance|[from] ability: Drizzle|[of] p2b: Politoed\n|turn|8\n|\n|t:|1775958608\n|move|p2b: Politoed|Protect|p2b: Politoed\n|-singleturn|p2b: Politoed|Protect\n|move|p2a: Whimsicott|Tailwind|p2a: Whimsicott\n|-sidestart|p2: chzao|move: Tailwind\n|move|p1a: Delphox|Flamethrower|p2a: Whimsicott\n|-supereffective|p2a: Whimsicott|1\n|-damage|p2a: Whimsicott|17/100\n|move|p1b: Garchomp|Earthquake|p2a: Whimsicott|[spread] p2a\n|-activate|p2b: Politoed|move: Protect\n|-immune|p1a: Delphox|[from] ability: Levitate\n|-resisted|p2a: Whimsicott|1\n|-crit|p2a: Whimsicott\n|-damage|p2a: Whimsicott|0 fnt\n|faint|p2a: Whimsicott\n|\n|-weather|RainDance|[upkeep]\n|upkeep\n|\n|t:|1775958621\n|switch|p2a: Basculegion|Basculegion, L50, M|100/100\n|turn|9\n|inactive|Barber1 has 30 seconds left.\n|\n|t:|1775958647\n|move|p1a: Delphox|Protect|p1a: Delphox\n|-singleturn|p1a: Delphox|Protect\n|move|p2a: Basculegion|Wave Crash|p1b: Garchomp\n|-damage|p1b: Garchomp|4/100\n|-damage|p2a: Basculegion|88/100|[from] ability: Rough Skin|[of] p1b: Garchomp\n|-enditem|p1b: Garchomp|Sitrus Berry|[eat]\n|-heal|p1b: Garchomp|29/100|[from] item: Sitrus Berry\n|-damage|p2a: Basculegion|54/100|[from] Recoil\n|move|p1b: Garchomp|Dragon Claw|p2a: Basculegion\n|-damage|p2a: Basculegion|16/100\n|move|p2b: Politoed|Weather Ball|p1a: Delphox\n|-activate|p1a: Delphox|move: Protect\n|\n|-weather|RainDance|[upkeep]\n|-sideend|p1: Barber1|move: Tailwind\n|upkeep\n|turn|10\n|\n|t:|1775958665\n|move|p2a: Basculegion|Wave Crash|p1b: Garchomp\n|-damage|p1b: Garchomp|0 fnt\n|-damage|p2a: Basculegion|4/100|[from] ability: Rough Skin|[of] p1b: Garchomp\n|faint|p1b: Garchomp\n|-damage|p2a: Basculegion|0 fnt|[from] Recoil\n|faint|p2a: Basculegion\n|move|p1a: Delphox|Flamethrower|p2b: Politoed\n|-resisted|p2b: Politoed|1\n|-damage|p2b: Politoed|22/100\n|move|p2b: Politoed|Weather Ball|p1a: Delphox\n|-supereffective|p1a: Delphox|1\n|-damage|p1a: Delphox|2/100\n|\n|-weather|RainDance|[upkeep]\n|upkeep\n|turn|11\n|\n|t:|1775958683\n|move|p1a: Delphox|Protect|p1a: Delphox\n|-singleturn|p1a: Delphox|Protect\n|move|p2b: Politoed|Weather Ball|p1a: Delphox\n|-activate|p1a: Delphox|move: Protect\n|\n|-weather|RainDance|[upkeep]\n|-sideend|p2: chzao|move: Tailwind\n|upkeep\n|turn|12\n|\n|t:|1775958690\n|move|p1a: Delphox|Psychic|p2b: Politoed\n|-crit|p2b: Politoed\n|-damage|p2b: Politoed|0 fnt\n|faint|p2b: Politoed\n|\n|win|Barber1\n|raw|Barber1's rating: 1132 &rarr; <strong>1155</strong><br />(+23 for winning)\n|raw|chzao's rating: 1107 &rarr; <strong>1084</strong><br />(-23 for losing)\n",
  "uploadtime": 1775958700,
  "views": 16,
  "formatid": "gen9championsvgc2026regma",
  "rating": 1084,
  "private": 0,
  "password": null
}