{
  "id": "gen9championsvgc2026regma-2587215017",
  "format": "[Gen 9 Champions] VGC 2026 Reg M-A",
  "players": [
    "rajat1809",
    "chrislovesjapan"
  ],
  "log": "|j|\u2606rajat1809\n|j|\u2606chrislovesjapan\n|t:|1776510008\n|gametype|doubles\n|player|p1|rajat1809|169|1040\n|player|p2|chrislovesjapan|102|1000\n|gen|9\n|tier|[Gen 9 Champions] VGC 2026 Reg M-A\n|rated|\n|rule|Species Clause: Limit one of each Pok\u00e9mon\n|rule|Item Clause: Limit 1 of each item\n|clearpoke\n|poke|p1|Floette-Eternal, L50, F|\n|poke|p1|Incineroar, L50, M|\n|poke|p1|Tyranitar, L50, F|\n|poke|p1|Aerodactyl, L50, F|\n|poke|p1|Sneasler, L50, F|\n|poke|p1|Aegislash, L50, F|\n|poke|p2|Pelipper, L50, F|\n|poke|p2|Archaludon, L50, F, shiny|\n|poke|p2|Dragonite, L50, M|\n|poke|p2|Sinistcha, L50, shiny|\n|poke|p2|Incineroar, L50, F, shiny|\n|poke|p2|Sneasler, L50, M|\n|teampreview|4\n|inactive|Battle timer is ON: inactive players will automatically lose when time's up. (requested by rajat1809)\nchrislovesjapan rejected open team sheets.\n|inactive|chrislovesjapan has 60 seconds left.\n|inactive|chrislovesjapan has 30 seconds left.\n|inactive|chrislovesjapan has 20 seconds left.\n|inactive|chrislovesjapan has 15 seconds left.\n|\n|t:|1776510091\n|teamsize|p1|4\n|teamsize|p2|4\n|start\n|switch|p1a: Floette|Floette-Eternal, L50, F|100/100\n|switch|p1b: Incineroar|Incineroar, L50, M|100/100\n|switch|p2a: Incineroar|Incineroar, L50, F, shiny|100/100\n|switch|p2b: Pelipper|Pelipper, L50, F|100/100\n|-weather|RainDance|[from] ability: Drizzle|[of] p2b: Pelipper\n|-ability|p1b: Incineroar|Intimidate|boost\n|-unboost|p2a: Incineroar|atk|1\n|-unboost|p2b: Pelipper|atk|1\n|-ability|p2a: Incineroar|Intimidate|boost\n|-unboost|p1a: Floette|atk|1\n|-unboost|p1b: Incineroar|atk|1\n|turn|1\n|inactive|rajat1809 has 30 seconds left.\n|inactive|chrislovesjapan has 30 seconds left.\n|inactive|chrislovesjapan has 20 seconds left.\n|\n|t:|1776510131\n|move|p1a: Floette|Protect|p1a: Floette\n|-singleturn|p1a: Floette|Protect\n|move|p2a: Incineroar|Fake Out|p1b: Incineroar\n|-damage|p1b: Incineroar|94/100\n|cant|p1b: Incineroar|flinch\n|move|p2b: Pelipper|Weather Ball|p1b: Incineroar\n|-supereffective|p1b: Incineroar|1\n|-damage|p1b: Incineroar|0 fnt\n|faint|p1b: Incineroar\n|\n|-weather|RainDance|[upkeep]\n|upkeep\n|\n|t:|1776510143\n|switch|p1b: Aerodactyl|Aerodactyl, L50, F|100/100\n|turn|2\n|inactive|rajat1809 has 30 seconds left.\n|\n|t:|1776510169\n|detailschange|p1a: Floette|Floette-Mega, L50, F\n|-mega|p1a: Floette|Floette|Floettite\n|-ability|p1a: Floette|Fairy Aura\n|move|p1b: Aerodactyl|Tailwind|p1b: Aerodactyl\n|-sidestart|p1: rajat1809|move: Tailwind\n|move|p1a: Floette|Calm Mind|p1a: Floette\n|-boost|p1a: Floette|spa|1\n|-boost|p1a: Floette|spd|1\n|move|p2b: Pelipper|Tailwind|p2b: Pelipper\n|-sidestart|p2: chrislovesjapan|move: Tailwind\n|move|p2a: Incineroar|Flare Blitz|p1a: Floette\n|-damage|p1a: Floette|79/100\n|-damage|p2a: Incineroar|95/100|[from] Recoil\n|\n|-weather|RainDance|[upkeep]\n|upkeep\n|turn|3\n|inactive|rajat1809 has 30 seconds left.\n|inactive|chrislovesjapan has 30 seconds left.\n|inactive|rajat1809 has 20 seconds left.\n|inactive|chrislovesjapan has 20 seconds left.\n|inactive|chrislovesjapan has 15 seconds left.\n|inactive|chrislovesjapan has 10 seconds left.\n|\n|t:|1776510218\n|move|p2a: Incineroar|Protect|p2a: Incineroar\n|-singleturn|p2a: Incineroar|Protect\n|move|p1b: Aerodactyl|Rock Slide|p2a: Incineroar|[spread] p2b\n|-activate|p2a: Incineroar|move: Protect\n|-supereffective|p2b: Pelipper|1\n|-damage|p2b: Pelipper|33/100\n|move|p1a: Floette|Moonblast|p2a: Incineroar\n|-activate|p2a: Incineroar|move: Protect\n|cant|p2b: Pelipper|flinch\n|\n|-weather|RainDance|[upkeep]\n|upkeep\n|turn|4\n|\n|t:|1776510242\n|switch|p2a: Sinistcha|Sinistcha, L50, shiny|100/100\n|-heal|p2b: Pelipper|58/100|[from] ability: Hospitality|[of] p2a: Sinistcha\n|move|p1b: Aerodactyl|Rock Slide|p2b: Pelipper|[spread] p2a,p2b\n|-supereffective|p2b: Pelipper|1\n|-damage|p2a: Sinistcha|79/100\n|-damage|p2b: Pelipper|0 fnt\n|faint|p2b: Pelipper\n|move|p1a: Floette|Moonblast|p2a: Sinistcha\n|-damage|p2a: Sinistcha|0 fnt\n|faint|p2a: Sinistcha\n|\n|-weather|RainDance|[upkeep]\n|upkeep\n|\n|t:|1776510256\n|switch|p2b: Incineroar|Incineroar, L50, F, shiny|95/100\n|switch|p2a: Archaludon|Archaludon, L50, F, shiny|100/100\n|-ability|p2b: Incineroar|Intimidate|boost\n|-unboost|p1a: Floette|atk|1\n|-unboost|p1b: Aerodactyl|atk|1\n|turn|5\n|inactive|chrislovesjapan has 30 seconds left.\n|inactive|chrislovesjapan has 20 seconds left.\n|inactive|chrislovesjapan has 15 seconds left.\n|\n|t:|1776510299\n|move|p1b: Aerodactyl|Protect|p1b: Aerodactyl\n|-singleturn|p1b: Aerodactyl|Protect\n|move|p1a: Floette|Protect|p1a: Floette\n|-singleturn|p1a: Floette|Protect\n|move|p2b: Incineroar|Protect|p2b: Incineroar\n|-singleturn|p2b: Incineroar|Protect\n|move|p2a: Archaludon|Electro Shot||[still]\n|-prepare|p2a: Archaludon|Electro Shot\n|-boost|p2a: Archaludon|spa|1\n|-anim|p2a: Archaludon|Electro Shot|p1b: Aerodactyl\n|-activate|p1b: Aerodactyl|move: Protect\n|\n|-weather|none\n|-sideend|p2: chrislovesjapan|move: Tailwind\n|-sideend|p1: rajat1809|move: Tailwind\n|upkeep\n|turn|6\n|inactive|chrislovesjapan has 30 seconds left.\n|inactive|chrislovesjapan has 20 seconds left.\n|inactive|chrislovesjapan has 15 seconds left.\n|inactive|chrislovesjapan has 10 seconds left.\n|\n|t:|1776510344\n|move|p2b: Incineroar|Fake Out||[still]\n|-hint|Fake Out only works on your first turn out.\n|-fail|p2b: Incineroar\n|move|p1b: Aerodactyl|Tailwind|p1b: Aerodactyl\n|-sidestart|p1: rajat1809|move: Tailwind\n|move|p1a: Floette|Moonblast|p2b: Incineroar\n|-damage|p2b: Incineroar|0 fnt\n|faint|p2b: Incineroar\n|move|p2a: Archaludon|Flash Cannon|p1b: Aerodactyl\n|-supereffective|p1b: Aerodactyl|1\n|-enditem|p1b: Aerodactyl|Focus Sash\n|-damage|p1b: Aerodactyl|1/100\n|\n|upkeep\n|turn|7\n|\n|t:|1776510363\n|move|p1b: Aerodactyl|Protect|p1b: Aerodactyl\n|-singleturn|p1b: Aerodactyl|Protect\n|move|p1a: Floette|Light of Ruin|p2a: Archaludon\n|-damage|p2a: Archaludon|0 fnt\n|faint|p2a: Archaludon\n|-damage|p1a: Floette|23/100|[from] Recoil\n|\n|win|rajat1809\n|raw|rajat1809's rating: 1040 &rarr; <strong>1070</strong><br />(+30 for winning)\n|raw|chrislovesjapan's rating: 1000 &rarr; <strong>1000</strong><br />(+0 for losing)\n",
  "uploadtime": 1776510372,
  "views": 13,
  "formatid": "gen9championsvgc2026regma",
  "rating": 1000,
  "private": 0,
  "password": null
}