{
  "id": "gen9championsvgc2026regma-2582281154",
  "format": "[Gen 9 Champions] VGC 2026 Reg M-A",
  "players": [
    "colfox",
    "maturo"
  ],
  "log": "|j|\u2606colfox\n|j|\u2606maturo\n|t:|1776079392\n|gametype|doubles\n|player|p1|colfox|1|1132\n|player|p2|maturo|2|1141\n|gen|9\n|tier|[Gen 9 Champions] VGC 2026 Reg M-A\n|rated|\n|rule|Species Clause: Limit one of each Pok\u00e9mon\n|rule|Item Clause: Limit 1 of each item\n|clearpoke\n|poke|p1|Ninetales, L50, F|\n|poke|p1|Dragonite, L50, F|\n|poke|p1|Sylveon, L50, M|\n|poke|p1|Milotic, L50, M|\n|poke|p1|Delphox, L50, M|\n|poke|p1|Garchomp, L50, M|\n|poke|p2|Meganium, L50, F|\n|poke|p2|Pelipper, L50, M|\n|poke|p2|Kingambit, L50, M|\n|poke|p2|Archaludon, L50, M|\n|poke|p2|Sneasler, L50, M|\n|poke|p2|Tyranitar, L50, F|\n|teampreview|4\n|inactive|Battle timer is ON: inactive players will automatically lose when time's up. (requested by maturo)\n|\n|t:|1776079451\n|teamsize|p1|4\n|teamsize|p2|4\n|start\n|switch|p1a: Sylveon|Sylveon, L50, M|100/100\n|switch|p1b: Delphox|Delphox, L50, M|100/100\n|switch|p2a: Pelipper|Pelipper, L50, M|100/100\n|switch|p2b: Archaludon|Archaludon, L50, M|100/100\n|-weather|RainDance|[from] ability: Drizzle|[of] p2a: Pelipper\n|turn|1\n|\n|t:|1776079468\n|switch|p1b: Ninetales|Ninetales, L50, F|100/100\n|-weather|SunnyDay|[from] ability: Drought|[of] p1b: Ninetales\n|move|p2b: Archaludon|Electro Shot||[still]\n|-prepare|p2b: Archaludon|Electro Shot\n|-boost|p2b: Archaludon|spa|1\n|move|p2a: Pelipper|Weather Ball|p1b: Ninetales\n|-resisted|p1b: Ninetales|1\n|-damage|p1b: Ninetales|80/100\n|move|p1a: Sylveon|Hyper Voice|p2b: Archaludon|[spread] p2a,p2b\n|-damage|p2a: Pelipper|32/100\n|-damage|p2b: Archaludon|44/100\n|-ability|p2b: Archaludon|Stamina|boost\n|-boost|p2b: Archaludon|def|1\n|-enditem|p2a: Pelipper|Sitrus Berry|[eat]\n|-heal|p2a: Pelipper|56/100|[from] item: Sitrus Berry\n|\n|-weather|SunnyDay|[upkeep]\n|-heal|p2b: Archaludon|50/100|[from] item: Leftovers\n|upkeep\n|turn|2\n|\n|t:|1776079491\n|move|p1b: Ninetales|Helping Hand|p1a: Sylveon\n|-singleturn|p1a: Sylveon|Helping Hand|[of] p1b: Ninetales\n|move|p2b: Archaludon|Electro Shot|p1a: Sylveon|[from] lockedmove\n|-damage|p1a: Sylveon|47/100\n|move|p2a: Pelipper|Tailwind|p2a: Pelipper\n|-sidestart|p2: maturo|move: Tailwind\n|move|p1a: Sylveon|Hyper Voice|p2b: Archaludon|[spread] p2a,p2b\n|-damage|p2a: Pelipper|0 fnt\n|-damage|p2b: Archaludon|0 fnt\n|faint|p2a: Pelipper\n|faint|p2b: Archaludon\n|\n|-weather|SunnyDay|[upkeep]\n|upkeep\n|\n|t:|1776079501\n|switch|p2b: Sneasler|Sneasler, L50, M|100/100\n|switch|p2a: Meganium|Meganium, L50, F|100/100\n|turn|3\n|\n|t:|1776079515\n|detailschange|p2a: Meganium|Meganium-Mega, L50, F\n|-mega|p2a: Meganium|Meganium|Meganiumite\n|move|p1a: Sylveon|Protect|p1a: Sylveon\n|-singleturn|p1a: Sylveon|Protect\n|move|p2b: Sneasler|Fake Out|p1b: Ninetales\n|-damage|p1b: Ninetales|60/100\n|move|p2a: Meganium|Solar Beam||[still]\n|-prepare|p2a: Meganium|Solar Beam\n|-anim|p2a: Meganium|Solar Beam|p1a: Sylveon\n|-activate|p1a: Sylveon|move: Protect\n|cant|p1b: Ninetales|flinch\n|\n|-weather|SunnyDay|[upkeep]\n|upkeep\n|turn|4\n|\n|t:|1776079538\n|move|p1a: Sylveon|Helping Hand|p1b: Ninetales\n|-singleturn|p1b: Ninetales|Helping Hand|[of] p1a: Sylveon\n|move|p2b: Sneasler|Close Combat|p1b: Ninetales\n|-crit|p1b: Ninetales\n|-damage|p1b: Ninetales|0 fnt\n|-unboost|p2b: Sneasler|def|1\n|-unboost|p2b: Sneasler|spd|1\n|faint|p1b: Ninetales\n|move|p2a: Meganium|Solar Beam||[still]\n|-prepare|p2a: Meganium|Solar Beam\n|-anim|p2a: Meganium|Solar Beam|p1a: Sylveon\n|-damage|p1a: Sylveon|0 fnt\n|faint|p1a: Sylveon\n|\n|-weather|SunnyDay|[upkeep]\n|upkeep\n|\n|t:|1776079553\n|switch|p1b: Delphox|Delphox, L50, M|100/100\n|switch|p1a: Garchomp|Garchomp, L50, M|100/100\n|turn|5\n|\n|t:|1776079565\n|detailschange|p1b: Delphox|Delphox-Mega, L50, M\n|-mega|p1b: Delphox|Delphox|Delphoxite\n|move|p2b: Sneasler|Dire Claw|p1b: Delphox\n|-damage|p1b: Delphox|26/100\n|-status|p1b: Delphox|psn\n|move|p2a: Meganium|Solar Beam||[still]\n|-prepare|p2a: Meganium|Solar Beam\n|-anim|p2a: Meganium|Solar Beam|p1a: Garchomp\n|-damage|p1a: Garchomp|16/100\n|move|p1b: Delphox|Heat Wave|p2b: Sneasler|[spread] \n|-miss|p1b: Delphox|p2a: Meganium\n|-miss|p1b: Delphox|p2b: Sneasler\n|move|p1a: Garchomp|Earthquake|p2a: Meganium|[spread] p2a,p2b\n|-immune|p1b: Delphox|[from] ability: Levitate\n|-resisted|p2a: Meganium|1\n|-supereffective|p2b: Sneasler|1\n|-damage|p2a: Meganium|81/100\n|-enditem|p2b: Sneasler|Focus Sash\n|-damage|p2b: Sneasler|1/100\n|\n|-weather|none\n|-damage|p1b: Delphox|14/100 psn|[from] psn\n|-sideend|p2: maturo|move: Tailwind\n|upkeep\n|turn|6\n|inactive|maturo has 30 seconds left.\n|\n|t:|1776079595\n|move|p1b: Delphox|Protect|p1b: Delphox\n|-singleturn|p1b: Delphox|Protect\n|move|p1a: Garchomp|Protect|p1a: Garchomp\n|-singleturn|p1a: Garchomp|Protect\n|move|p2b: Sneasler|Dire Claw|p1b: Delphox\n|-activate|p1b: Delphox|move: Protect\n|move|p2a: Meganium|Solar Beam||[still]\n|-prepare|p2a: Meganium|Solar Beam\n|-activate|p2a: Meganium|ability: Mega Sol\n|-anim|p2a: Meganium|Solar Beam|p1a: Garchomp\n|-activate|p1a: Garchomp|move: Protect\n|\n|-damage|p1b: Delphox|2/100 psn|[from] psn\n|upkeep\n|turn|7\n|inactive|colfox has 30 seconds left.\n|\n|t:|1776079625\n|move|p2a: Meganium|Protect|p2a: Meganium\n|-singleturn|p2a: Meganium|Protect\n|move|p2b: Sneasler|Dire Claw|p1a: Garchomp\n|-resisted|p1a: Garchomp|1\n|-damage|p1a: Garchomp|0 fnt\n|-damage|p2b: Sneasler|0 fnt|[from] ability: Rough Skin|[of] p1a: Garchomp\n|faint|p1a: Garchomp\n|faint|p2b: Sneasler\n|move|p1b: Delphox|Heat Wave|p2a: Meganium\n|-activate|p2a: Meganium|move: Protect\n|\n|-damage|p1b: Delphox|0 fnt|[from] psn\n|faint|p1b: Delphox\n|\n|win|maturo\n|raw|colfox's rating: 1132 &rarr; <strong>1108</strong><br />(-24 for losing)\n|raw|maturo's rating: 1141 &rarr; <strong>1165</strong><br />(+24 for winning)\n|l|\u2606maturo\n|player|p2|\n|l|\u2606colfox\n|player|p1|\n|j|\u2606colfox\n|player|p1|colfox|1|\n",
  "uploadtime": 1776079656,
  "views": 24,
  "formatid": "gen9championsvgc2026regma",
  "rating": 1108,
  "private": 0,
  "password": null
}