{
  "id": "gen9championsvgc2026regma-2583872891",
  "format": "[Gen 9 Champions] VGC 2026 Reg M-A",
  "players": [
    "Zzzumo",
    "Kumori98"
  ],
  "log": "|j|\u2606Zzzumo\n|j|\u2606Kumori98\n|t:|1776204389\n|gametype|doubles\n|player|p1|Zzzumo|266|1172\n|player|p2|Kumori98|265|1208\n|gen|9\n|tier|[Gen 9 Champions] VGC 2026 Reg M-A\n|rated|\n|rule|Species Clause: Limit one of each Pok\u00e9mon\n|rule|Item Clause: Limit 1 of each item\n|clearpoke\n|poke|p1|Tyranitar, L50, F|\n|poke|p1|Gliscor, L50, F|\n|poke|p1|Whimsicott, L50, F|\n|poke|p1|Rotom-Wash, L50|\n|poke|p1|Scizor, L50, M|\n|poke|p1|Arcanine, L50, M|\n|poke|p2|Drampa, L50, M|\n|poke|p2|Farigiraf, L50, M|\n|poke|p2|Kangaskhan, L50, F|\n|poke|p2|Torkoal, L50, M|\n|poke|p2|Kingambit, L50, M|\n|poke|p2|Venusaur, L50, M|\n|teampreview|4\nZzzumo rejected open team sheets.\n|inactive|Battle timer is ON: inactive players will automatically lose when time's up. (requested by Kumori98)\n|inactive|Zzzumo also wants the timer to be on.\n|\n|t:|1776204446\n|teamsize|p1|4\n|teamsize|p2|4\n|start\n|switch|p1a: Tyranitar|Tyranitar, L50, F|100/100\n|switch|p1b: Arcanine|Arcanine, L50, M|100/100\n|switch|p2a: Kangaskhan|Kangaskhan, L50, F|100/100\n|switch|p2b: Farigiraf|Farigiraf, L50, M|100/100\n|-ability|p1b: Arcanine|Intimidate|boost\n|-fail|p2a: Kangaskhan|unboost|Attack|[from] ability: Scrappy|[of] p2a: Kangaskhan\n|-unboost|p2b: Farigiraf|atk|1\n|-weather|Sandstorm|[from] ability: Sand Stream|[of] p1a: Tyranitar\n|turn|1\n|inactive|Zzzumo has 30 seconds left.\n|\n|t:|1776204471\n|switch|p1a: Gliscor|Gliscor, L50, F|100/100\n|detailschange|p2a: Kangaskhan|Kangaskhan-Mega, L50, F\n|-mega|p2a: Kangaskhan|Kangaskhan|Kangaskhanite\n|move|p1b: Arcanine|Will-O-Wisp|p2a: Kangaskhan\n|-status|p2a: Kangaskhan|brn\n|move|p2a: Kangaskhan|Low Kick|p1a: Gliscor\n|-resisted|p1a: Gliscor|1\n|-damage|p1a: Gliscor|96/100\n|-resisted|p1a: Gliscor|1\n|-damage|p1a: Gliscor|95/100\n|-hitcount|p1a: Gliscor|2\n|move|p2b: Farigiraf|Trick Room|p2b: Farigiraf\n|-fieldstart|move: Trick Room|[of] p2b: Farigiraf\n|\n|-weather|Sandstorm|[upkeep]\n|-damage|p2b: Farigiraf|94/100|[from] Sandstorm\n|-damage|p2a: Kangaskhan|94/100 brn|[from] Sandstorm\n|-damage|p1b: Arcanine|94/100|[from] Sandstorm\n|-damage|p2a: Kangaskhan|88/100 brn|[from] brn\n|upkeep\n|turn|2\n|inactive|Zzzumo has 30 seconds left.\n|\n|t:|1776204503\n|switch|p2a: Torkoal|Torkoal, L50, M|100/100\n|-weather|SunnyDay|[from] ability: Drought|[of] p2a: Torkoal\n|move|p2b: Farigiraf|Hyper Voice|p1b: Arcanine|[spread] p1a,p1b\n|-damage|p1a: Gliscor|57/100\n|-damage|p1b: Arcanine|55/100\n|move|p1a: Gliscor|Swords Dance|p1a: Gliscor\n|-boost|p1a: Gliscor|atk|2\n|move|p1b: Arcanine|Snarl|p2b: Farigiraf|[spread] p2a,p2b\n|-supereffective|p2b: Farigiraf|1\n|-damage|p2a: Torkoal|89/100\n|-damage|p2b: Farigiraf|77/100\n|-unboost|p2a: Torkoal|spa|1\n|-unboost|p2b: Farigiraf|spa|1\n|\n|-weather|SunnyDay|[upkeep]\n|upkeep\n|turn|3\n|inactive|Zzzumo has 30 seconds left.\n|\n|t:|1776204528\n|switch|p2a: Kangaskhan|Kangaskhan-Mega, L50, F|88/100 brn\n|switch|p1b: Tyranitar|Tyranitar, L50, F|100/100\n|-weather|Sandstorm|[from] ability: Sand Stream|[of] p1b: Tyranitar\n|move|p2b: Farigiraf|Hyper Voice|p1b: Tyranitar|[spread] p1a,p1b\n|-crit|p1a: Gliscor\n|-resisted|p1b: Tyranitar|1\n|-damage|p1a: Gliscor|0 fnt\n|-damage|p1b: Tyranitar|94/100\n|faint|p1a: Gliscor\n|\n|-weather|Sandstorm|[upkeep]\n|-damage|p2b: Farigiraf|71/100|[from] Sandstorm\n|-damage|p2a: Kangaskhan|82/100 brn|[from] Sandstorm\n|-damage|p2a: Kangaskhan|76/100 brn|[from] brn\n|upkeep\n|\n|t:|1776204543\n|switch|p1a: Rotom|Rotom-Wash, L50|100/100\n|turn|4\n|\n|t:|1776204561\n|move|p1b: Tyranitar|Protect|p1b: Tyranitar\n|-singleturn|p1b: Tyranitar|Protect\n|move|p2a: Kangaskhan|Fake Out|p1a: Rotom\n|-damage|p1a: Rotom|88/100\n|-damage|p1a: Rotom|86/100\n|-hitcount|p1a: Rotom|2\n|move|p2b: Farigiraf|Psychic|p1a: Rotom\n|-damage|p1a: Rotom|51/100\n|cant|p1a: Rotom|flinch\n|\n|-weather|Sandstorm|[upkeep]\n|-damage|p2b: Farigiraf|64/100|[from] Sandstorm\n|-damage|p1a: Rotom|46/100|[from] Sandstorm\n|-damage|p2a: Kangaskhan|70/100 brn|[from] Sandstorm\n|-heal|p1a: Rotom|51/100|[from] item: Leftovers\n|-damage|p2a: Kangaskhan|64/100 brn|[from] brn\n|upkeep\n|turn|5\n|\n|t:|1776204575\n|switch|p2a: Torkoal|Torkoal, L50, M|89/100\n|-weather|SunnyDay|[from] ability: Drought|[of] p2a: Torkoal\n|switch|p1a: Arcanine|Arcanine, L50, M|55/100\n|-ability|p1a: Arcanine|Intimidate|boost\n|-unboost|p2a: Torkoal|atk|1\n|-unboost|p2b: Farigiraf|atk|1\n|move|p2b: Farigiraf|Hyper Voice|p1a: Arcanine|[spread] p1a,p1b\n|-resisted|p1b: Tyranitar|1\n|-damage|p1a: Arcanine|30/100\n|-damage|p1b: Tyranitar|86/100\n|-enditem|p1a: Arcanine|Sitrus Berry|[eat]\n|-heal|p1a: Arcanine|55/100|[from] item: Sitrus Berry\n|move|p1b: Tyranitar|Knock Off|p2b: Farigiraf\n|-supereffective|p2b: Farigiraf|1\n|-damage|p2b: Farigiraf|0 fnt\n|-enditem|p2b: Farigiraf|Mental Herb|[from] move: Knock Off|[of] p1b: Tyranitar\n|faint|p2b: Farigiraf\n|\n|-weather|SunnyDay|[upkeep]\n|-fieldend|move: Trick Room\n|upkeep\n|\n|t:|1776204590\n|switch|p2b: Kangaskhan|Kangaskhan-Mega, L50, F|64/100 brn\n|turn|6\n|\n|t:|1776204611\n|switch|p1b: Rotom|Rotom-Wash, L50|51/100\n|move|p1a: Arcanine|Snarl|p2a: Torkoal|[spread] p2a,p2b\n|-damage|p2a: Torkoal|77/100\n|-damage|p2b: Kangaskhan|57/100 brn\n|-unboost|p2a: Torkoal|spa|1\n|-unboost|p2b: Kangaskhan|spa|1\n|move|p2b: Kangaskhan|Double-Edge|p1a: Arcanine\n|-damage|p1a: Arcanine|20/100\n|-damage|p1a: Arcanine|11/100\n|-hitcount|p1a: Arcanine|2\n|-damage|p2b: Kangaskhan|43/100 brn|[from] Recoil\n|move|p2a: Torkoal|Solar Beam||[still]\n|-prepare|p2a: Torkoal|Solar Beam\n|-anim|p2a: Torkoal|Solar Beam|p1b: Rotom\n|-supereffective|p1b: Rotom|1\n|-damage|p1b: Rotom|0 fnt\n|faint|p1b: Rotom\n|\n|-weather|SunnyDay|[upkeep]\n|-damage|p2b: Kangaskhan|37/100 brn|[from] brn\n|upkeep\n|\n|t:|1776204628\n|switch|p1b: Tyranitar|Tyranitar, L50, F|86/100\n|-weather|Sandstorm|[from] ability: Sand Stream|[of] p1b: Tyranitar\n|turn|7\n|\n|t:|1776204647\n|switch|p2a: Drampa|Drampa, L50, M|100/100\n|move|p1a: Arcanine|Helping Hand|p1b: Tyranitar\n|-singleturn|p1b: Tyranitar|Helping Hand|[of] p1a: Arcanine\n|move|p2b: Kangaskhan|Protect|p2b: Kangaskhan\n|-singleturn|p2b: Kangaskhan|Protect\n|move|p1b: Tyranitar|Rock Slide|p2a: Drampa|[spread] p2a\n|-activate|p2b: Kangaskhan|move: Protect\n|-damage|p2a: Drampa|42/100\n|-ability|p2a: Drampa|Berserk|boost\n|-boost|p2a: Drampa|spa|1\n|\n|-weather|Sandstorm|[upkeep]\n|-damage|p1a: Arcanine|5/100|[from] Sandstorm\n|-damage|p2b: Kangaskhan|31/100 brn|[from] Sandstorm\n|-damage|p2a: Drampa|36/100|[from] Sandstorm\n|-damage|p2b: Kangaskhan|25/100 brn|[from] brn\n|upkeep\n|turn|8\n|inactive|Zzzumo has 30 seconds left.\n|\n|t:|1776204675\n|switch|p2b: Torkoal|Torkoal, L50, M|77/100\n|-weather|SunnyDay|[from] ability: Drought|[of] p2b: Torkoal\n|move|p1a: Arcanine|Psychic Fangs|p2b: Torkoal\n|-damage|p2b: Torkoal|58/100\n|move|p1b: Tyranitar|Rock Slide|p2a: Drampa|[spread] p2a,p2b\n|-supereffective|p2b: Torkoal|1\n|-damage|p2a: Drampa|0 fnt\n|-damage|p2b: Torkoal|4/100\n|faint|p2a: Drampa\n|\n|-weather|SunnyDay|[upkeep]\n|upkeep\n|\n|t:|1776204684\n|switch|p2a: Kangaskhan|Kangaskhan-Mega, L50, F|25/100 brn\n|turn|9\n|inactive|Zzzumo has 30 seconds left.\n|inactive|Zzzumo has 20 seconds left.\n|inactive|Zzzumo has 15 seconds left.\n|\n|t:|1776204724\n|move|p2a: Kangaskhan|Fake Out|p1b: Tyranitar\n|-resisted|p1b: Tyranitar|1\n|-damage|p1b: Tyranitar|81/100\n|-resisted|p1b: Tyranitar|1\n|-damage|p1b: Tyranitar|80/100\n|-hitcount|p1b: Tyranitar|2\n|move|p1a: Arcanine|Psychic Fangs|p2a: Kangaskhan\n|-damage|p2a: Kangaskhan|4/100 brn\n|cant|p1b: Tyranitar|flinch\n|move|p2b: Torkoal|Solar Beam||[still]\n|-prepare|p2b: Torkoal|Solar Beam\n|-anim|p2b: Torkoal|Solar Beam|p1b: Tyranitar\n|-supereffective|p1b: Tyranitar|1\n|-damage|p1b: Tyranitar|19/100\n|\n|-weather|SunnyDay|[upkeep]\n|-damage|p2a: Kangaskhan|0 fnt|[from] brn\n|faint|p2a: Kangaskhan\n|upkeep\n|turn|10\n|-message|Kumori98 forfeited.\n|\n|win|Zzzumo\n|raw|Zzzumo's rating: 1172 &rarr; <strong>1200</strong><br />(+28 for winning)\n|raw|Kumori98's rating: 1208 &rarr; <strong>1180</strong><br />(-28 for losing)\n|l|\u2606Kumori98\n|player|p2|\n",
  "uploadtime": 1776204771,
  "views": 18,
  "formatid": "gen9championsvgc2026regma",
  "rating": 1180,
  "private": 0,
  "password": null
}