{
  "id": "gen9championsvgc2026regma-2583686797",
  "format": "[Gen 9 Champions] VGC 2026 Reg M-A",
  "players": [
    "mksgms",
    "Mameon"
  ],
  "log": "|j|\u2606mksgms\n|j|\u2606Mameon\n|t:|1776191027\n|gametype|doubles\n|player|p1|mksgms|1|1196\n|player|p2|Mameon|266|1133\n|gen|9\n|tier|[Gen 9 Champions] VGC 2026 Reg M-A\n|rated|\n|rule|Species Clause: Limit one of each Pok\u00e9mon\n|rule|Item Clause: Limit 1 of each item\n|clearpoke\n|poke|p1|Meganium, L50, M|\n|poke|p1|Archaludon, L50, M|\n|poke|p1|Kangaskhan, L50, F|\n|poke|p1|Typhlosion-Hisui, L50, F|\n|poke|p1|Tauros-Paldea-Aqua, L50, M|\n|poke|p1|Aerodactyl, L50, M|\n|poke|p2|Floette-Eternal, L50, F|\n|poke|p2|Incineroar, L50, M|\n|poke|p2|Kingambit, L50, M|\n|poke|p2|Aerodactyl, L50, F|\n|poke|p2|Garchomp, L50, F|\n|poke|p2|Sinistcha, L50|\n|teampreview|4\n|inactive|Battle timer is ON: inactive players will automatically lose when time's up. (requested by mksgms)\n|j| cyusontheinternet\n|l| cyusontheinternet\n|inactive|mksgms has 60 seconds left.\n|inactive|Mameon has 60 seconds left.\n|\n|t:|1776191085\n|teamsize|p1|4\n|teamsize|p2|4\n|start\n|switch|p1a: Aerodactyl|Aerodactyl, L50, M|100/100\n|switch|p1b: Tauros|Tauros-Paldea-Aqua, L50, M|100/100\n|switch|p2a: Kingambit|Kingambit, L50, M|100/100\n|switch|p2b: Incineroar|Incineroar, L50, M|100/100\n|-ability|p1a: Aerodactyl|Unnerve\n|-ability|p1b: Tauros|Intimidate|boost\n|-unboost|p2a: Kingambit|atk|1\n|-ability|p2a: Kingambit|Defiant|boost\n|-boost|p2a: Kingambit|atk|2\n|-unboost|p2b: Incineroar|atk|1\n|-ability|p2b: Incineroar|Intimidate|boost\n|-unboost|p1a: Aerodactyl|atk|1\n|-unboost|p1b: Tauros|atk|1\n|turn|1\n|\n|t:|1776191107\n|move|p1a: Aerodactyl|Protect|p1a: Aerodactyl\n|-singleturn|p1a: Aerodactyl|Protect\n|move|p1b: Tauros|Protect|p1b: Tauros\n|-singleturn|p1b: Tauros|Protect\n|move|p2b: Incineroar|Fake Out|p1b: Tauros\n|-activate|p1b: Tauros|move: Protect\n|move|p2a: Kingambit|Kowtow Cleave|p1a: Aerodactyl\n|-activate|p1a: Aerodactyl|move: Protect\n|\n|upkeep\n|turn|2\n|inactive|mksgms has 30 seconds left.\n|\n|t:|1776191137\n|move|p2a: Kingambit|Sucker Punch|p1b: Tauros\n|-resisted|p1b: Tauros|1\n|-damage|p1b: Tauros|60/100\n|move|p1a: Aerodactyl|Tailwind|p1a: Aerodactyl\n|-sidestart|p1: mksgms|move: Tailwind\n|move|p1b: Tauros|Close Combat|p2b: Incineroar\n|-supereffective|p2b: Incineroar|1\n|-damage|p2b: Incineroar|37/100\n|-unboost|p1b: Tauros|def|1\n|-unboost|p1b: Tauros|spd|1\n|move|p2b: Incineroar|Throat Chop|p1a: Aerodactyl\n|-damage|p1a: Aerodactyl|67/100\n|-start|p1a: Aerodactyl|Throat Chop|[silent]\n|\n|upkeep\n|turn|3\n|\n|t:|1776191162\n|switch|p1b: Typhlosion|Typhlosion-Hisui, L50, F|100/100\n|-item|p2a: Kingambit|Black Glasses|[from] ability: Frisk|[of] p1b: Typhlosion\n|-item|p2b: Incineroar|Chople Berry|[from] ability: Frisk|[of] p1b: Typhlosion\n|move|p2a: Kingambit|Sucker Punch||[still]\n|-fail|p2a: Kingambit\n|move|p1a: Aerodactyl|Rock Slide|p2a: Kingambit|[spread] p2a,p2b\n|-resisted|p2a: Kingambit|1\n|-supereffective|p2b: Incineroar|1\n|-crit|p2b: Incineroar\n|-damage|p2a: Kingambit|94/100\n|-damage|p2b: Incineroar|0 fnt\n|faint|p2b: Incineroar\n|\n|-end|p1a: Aerodactyl|Throat Chop|[silent]\n|upkeep\n|\n|t:|1776191176\n|switch|p2b: Floette|Floette-Eternal, L50, F|100/100\n|turn|4\n|\n|t:|1776191192\n|switch|p1a: Meganium|Meganium, L50, M|100/100\n|detailschange|p2b: Floette|Floette-Mega, L50, F\n|-mega|p2b: Floette|Floette|Floettite\n|-ability|p2b: Floette|Fairy Aura\n|move|p2a: Kingambit|Sucker Punch|p1b: Typhlosion\n|-supereffective|p1b: Typhlosion|1\n|-damage|p1b: Typhlosion|0 fnt\n|faint|p1b: Typhlosion\n|move|p2b: Floette|Dazzling Gleam|p1a: Meganium\n|-damage|p1a: Meganium|37/100\n|\n|upkeep\n|\n|t:|1776191208\n|switch|p1b: Tauros|Tauros-Paldea-Aqua, L50, M|60/100\n|-ability|p1b: Tauros|Intimidate|boost\n|-unboost|p2a: Kingambit|atk|1\n|-ability|p2a: Kingambit|Defiant|boost\n|-boost|p2a: Kingambit|atk|2\n|-unboost|p2b: Floette|atk|1\n|turn|5\n|\n|t:|1776191217\n|detailschange|p1a: Meganium|Meganium-Mega, L50, M\n|-mega|p1a: Meganium|Meganium|Meganiumite\n|move|p2a: Kingambit|Protect|p2a: Kingambit\n|-singleturn|p2a: Kingambit|Protect\n|move|p1b: Tauros|Close Combat|p2a: Kingambit\n|-activate|p2a: Kingambit|move: Protect\n|move|p1a: Meganium|Solar Beam||[still]\n|-prepare|p1a: Meganium|Solar Beam\n|-activate|p1a: Meganium|ability: Mega Sol\n|-anim|p1a: Meganium|Solar Beam|p2b: Floette\n|-damage|p2b: Floette|52/100\n|move|p2b: Floette|Dazzling Gleam|p1b: Tauros|[spread] p1a,p1b\n|-supereffective|p1b: Tauros|1\n|-damage|p1a: Meganium|0 fnt\n|-damage|p1b: Tauros|0 fnt\n|faint|p1a: Meganium\n|faint|p1b: Tauros\n|\n|-sideend|p1: mksgms|move: Tailwind\n|upkeep\n|-message|mksgms forfeited.\n|\n|win|Mameon\n|raw|mksgms's rating: 1196 &rarr; <strong>1167</strong><br />(-29 for losing)\n|raw|Mameon's rating: 1133 &rarr; <strong>1162</strong><br />(+29 for winning)\n|l|\u2606mksgms\n|player|p1|\n",
  "uploadtime": 1776191239,
  "views": 18,
  "formatid": "gen9championsvgc2026regma",
  "rating": 1162,
  "private": 0,
  "password": null
}