{
  "id": "gen9championsvgc2026regma-2588222228",
  "format": "[Gen 9 Champions] VGC 2026 Reg M-A",
  "players": [
    "LordOrange94",
    "thejyguy23"
  ],
  "log": "|j|\u2606LordOrange94\n|j|\u2606thejyguy23\n|t:|1776615712\n|gametype|doubles\n|player|p1|LordOrange94|steven|\n|player|p2|thejyguy23|170|\n|gen|9\n|tier|[Gen 9 Champions] VGC 2026 Reg M-A\n|rule|Species Clause: Limit one of each Pok\u00e9mon\n|rule|Item Clause: Limit 1 of each item\n|clearpoke\n|poke|p1|Charizard, L50, M, shiny|\n|poke|p1|Whimsicott, L50, F|\n|poke|p1|Venusaur, L50, M|\n|poke|p1|Excadrill, L50, F|\n|poke|p1|Hawlucha, L50, M|\n|poke|p1|Rotom-Wash, L50|\n|poke|p2|Meganium, L50, M, shiny|\n|poke|p2|Hydrapple, L50, M, shiny|\n|poke|p2|Archaludon, L50, M, shiny|\n|poke|p2|Cofagrigus, L50, M, shiny|\n|poke|p2|Crabominable, L50, M, shiny|\n|poke|p2|Feraligatr, L50, M, shiny|\n|teampreview|4\n|\n|t:|1776615727\n|teamsize|p1|4\n|teamsize|p2|4\n|start\n|switch|p1a: Whimsicott|Whimsicott, L50, F|100/100\n|switch|p1b: Rotom|Rotom-Wash, L50|100/100\n|switch|p2a: THE Cofagrigus|Cofagrigus, L50, M, shiny|100/100\n|switch|p2b: Helix|Archaludon, L50, M, shiny|100/100\n|turn|1\n|\n|t:|1776615745\n|move|p1a: Whimsicott|Leech Seed|p2b: Helix\n|-start|p2b: Helix|move: Leech Seed\n|move|p1b: Rotom|Nasty Plot|p1b: Rotom\n|-boost|p1b: Rotom|spa|2\n|move|p2b: Helix|Flash Cannon|p1a: Whimsicott\n|-supereffective|p1a: Whimsicott|1\n|-damage|p1a: Whimsicott|3/100\n|move|p2a: THE Cofagrigus|Disable|p1a: Whimsicott\n|-start|p1a: Whimsicott|Disable|Leech Seed\n|\n|-damage|p2b: Helix|88/100|[from] Leech Seed|[of] p1a: Whimsicott\n|-heal|p1a: Whimsicott|18/100|[silent]\n|upkeep\n|turn|2\n|\n|t:|1776615763\n|move|p1a: Whimsicott|Encore|p2b: Helix\n|-start|p2b: Helix|Encore\n|-enditem|p2b: Helix|Mental Herb\n|-end|p2b: Helix|Encore\n|move|p1b: Rotom|Shadow Ball|p2a: THE Cofagrigus\n|-supereffective|p2a: THE Cofagrigus|1\n|-damage|p2a: THE Cofagrigus|0 fnt\n|faint|p2a: THE Cofagrigus\n|move|p2b: Helix|Electro Shot||[still]\n|-prepare|p2b: Helix|Electro Shot\n|-boost|p2b: Helix|spa|1\n|\n|-damage|p2b: Helix|76/100|[from] Leech Seed|[of] p1a: Whimsicott\n|-heal|p1a: Whimsicott|32/100|[silent]\n|upkeep\n|\n|t:|1776615777\n|switch|p2a: Sol|Meganium, L50, M, shiny|100/100\n|turn|3\n|\n|t:|1776615801\n|detailschange|p2a: Sol|Meganium-Mega, L50, M, shiny\n|-mega|p2a: Sol|Meganium|Meganiumite\n|move|p1a: Whimsicott|Tailwind|p1a: Whimsicott\n|-sidestart|p1: LordOrange94|move: Tailwind\n|move|p1b: Rotom|Shadow Ball|p2b: Helix\n|-damage|p2b: Helix|0 fnt\n|faint|p2b: Helix\n|move|p2a: Sol|Solar Beam||[still]\n|-prepare|p2a: Sol|Solar Beam\n|-activate|p2a: Sol|ability: Mega Sol\n|-anim|p2a: Sol|Solar Beam|p1b: Rotom\n|-supereffective|p1b: Rotom|1\n|-damage|p1b: Rotom|0 fnt\n|faint|p1b: Rotom\n|\n|upkeep\n|\n|t:|1776615814\n|switch|p1b: Excadrill|Excadrill, L50, F|100/100\n|switch|p2b: The Gatr|Feraligatr, L50, M, shiny|100/100\n|-ability|p1b: Excadrill|Mold Breaker\n|turn|4\n|\n|t:|1776615843\n|move|p1b: Excadrill|Protect|p1b: Excadrill\n|-singleturn|p1b: Excadrill|Protect\n|move|p1a: Whimsicott|Dazzling Gleam|p2b: The Gatr|[spread] p2a,p2b\n|-damage|p2a: Sol|84/100\n|-damage|p2b: The Gatr|82/100\n|move|p2b: The Gatr|Dragon Claw|p1b: Excadrill\n|-activate|p1b: Excadrill|move: Protect\n|move|p2a: Sol|Weather Ball|p1a: Whimsicott\n|-supereffective|p1a: Whimsicott|1\n|-damage|p1a: Whimsicott|0 fnt\n|faint|p1a: Whimsicott\n|\n|upkeep\n|\n|t:|1776615848\n|switch|p1a: Hawlucha|Hawlucha, L50, M|100/100\n|turn|5\n|\n|t:|1776615872\n|detailschange|p1a: Hawlucha|Hawlucha-Mega, L50, M\n|-mega|p1a: Hawlucha|Hawlucha|Hawluchanite\n|move|p1b: Excadrill|Protect||[still]\n|-fail|p1b: Excadrill\n|move|p1a: Hawlucha|Entrainment|p1b: Excadrill\n|-ability|p1b: Excadrill|No Guard|Mold Breaker|[from] move: Entrainment|[of] p1a: Hawlucha\n|move|p2b: The Gatr|Dragon Claw|p1a: Hawlucha\n|-damage|p1a: Hawlucha|71/100\n|move|p2a: Sol|Dazzling Gleam|p1b: Excadrill|[spread] p1a,p1b\n|-supereffective|p1a: Hawlucha|1\n|-resisted|p1b: Excadrill|1\n|-damage|p1a: Hawlucha|0 fnt\n|-damage|p1b: Excadrill|75/100\n|faint|p1a: Hawlucha\n|\n|upkeep\n|turn|6\n|-message|LordOrange94 forfeited.\n|\n|win|thejyguy23\n|l|\u2606LordOrange94\n|player|p1|\n|j|\u2606LordOrange94\n|player|p1|LordOrange94|steven|\n",
  "uploadtime": 1776615888,
  "views": 5,
  "formatid": "gen9championsvgc2026regma",
  "rating": null,
  "private": 0,
  "password": null
}