{
  "id": "gen9championsvgc2026regma-2587022711",
  "format": "[Gen 9 Champions] VGC 2026 Reg M-A",
  "players": [
    "Scrambledegg62",
    "waez97"
  ],
  "log": "|j|\u2606Scrambledegg62\n|j|\u2606waez97\n|t:|1776482221\n|gametype|doubles\n|player|p1|Scrambledegg62|lance|1299\n|player|p2|waez97|1|1323\n|gen|9\n|tier|[Gen 9 Champions] VGC 2026 Reg M-A\n|rated|\n|rule|Species Clause: Limit one of each Pok\u00e9mon\n|rule|Item Clause: Limit 1 of each item\n|clearpoke\n|poke|p1|Gardevoir, L50, M|\n|poke|p1|Maushold-Four, L50|\n|poke|p1|Basculegion, L50, M|\n|poke|p1|Talonflame, L50, F|\n|poke|p1|Kingambit, L50, F|\n|poke|p1|Garchomp, L50, F|\n|poke|p2|Incineroar, L50, M|\n|poke|p2|Abomasnow, L50, F|\n|poke|p2|Lucario, L50, M|\n|poke|p2|Kleavor, L50, M|\n|poke|p2|Slowking, L50, M|\n|poke|p2|Diggersby, L50, M|\n|teampreview|4\n|inactive|Battle timer is ON: inactive players will automatically lose when time's up. (requested by Scrambledegg62)\n|inactive|waez97 has 60 seconds left.\n|\n|t:|1776482252\n|teamsize|p1|4\n|teamsize|p2|4\n|start\n|switch|p1a: Talonflame|Talonflame, L50, F, shiny|100/100\n|switch|p1b: Garchomp|Garchomp, L50, F|100/100\n|switch|p2a: Slowking|Slowking, L50, M|100/100\n|switch|p2b: Abomasnow|Abomasnow, L50, F|100/100\n|-weather|Snowscape|[from] ability: Snow Warning|[of] p2b: Abomasnow\n|turn|1\n|\n|t:|1776482267\n|move|p2b: Abomasnow|Protect|p2b: Abomasnow\n|-singleturn|p2b: Abomasnow|Protect\n|move|p1a: Talonflame|Acrobatics|p2b: Abomasnow\n|-activate|p2b: Abomasnow|move: Protect\n|move|p1b: Garchomp|Earthquake|p2b: Abomasnow|[spread] p2a\n|-activate|p2b: Abomasnow|move: Protect\n|-immune|p1a: Talonflame\n|-damage|p2a: Slowking|67/100\n|move|p2a: Slowking|Trick Room|p2a: Slowking\n|-fieldstart|move: Trick Room|[of] p2a: Slowking\n|\n|-weather|Snowscape|[upkeep]\n|upkeep\n|turn|2\n|\n|t:|1776482285\n|detailschange|p2b: Abomasnow|Abomasnow-Mega, L50, F\n|-mega|p2b: Abomasnow|Abomasnow|Abomasite\n|move|p1b: Garchomp|Protect|p1b: Garchomp\n|-singleturn|p1b: Garchomp|Protect\n|move|p1a: Talonflame|Brave Bird|p2b: Abomasnow\n|-supereffective|p2b: Abomasnow|1\n|-damage|p2b: Abomasnow|48/100\n|-damage|p1a: Talonflame|82/100|[from] Recoil\n|move|p2a: Slowking|Scald|p1a: Talonflame\n|-supereffective|p1a: Talonflame|1\n|-damage|p1a: Talonflame|0 fnt\n|faint|p1a: Talonflame\n|move|p2b: Abomasnow|Blizzard|p1b: Garchomp\n|-activate|p1b: Garchomp|move: Protect\n|\n|-weather|Snowscape|[upkeep]\n|upkeep\n|\n|t:|1776482302\n|switch|p1a: Maushold|Maushold-Four, L50|100/100\n|turn|3\n|\n|t:|1776482319\n|move|p1a: Maushold|Protect|p1a: Maushold\n|-singleturn|p1a: Maushold|Protect\n|move|p2a: Slowking|Scald|p1a: Maushold\n|-activate|p1a: Maushold|move: Protect\n|move|p2b: Abomasnow|Aurora Veil|p2b: Abomasnow\n|-sidestart|p2: waez97|move: Aurora Veil\n|move|p1b: Garchomp|Earthquake|p2b: Abomasnow|[spread] p2a,p2b\n|-activate|p1a: Maushold|move: Protect\n|-resisted|p2b: Abomasnow|1\n|-damage|p2a: Slowking|45/100\n|-damage|p2b: Abomasnow|41/100\n|\n|-weather|Snowscape|[upkeep]\n|upkeep\n|turn|4\n|\n|t:|1776482335\n|move|p2a: Slowking|Scald|p1a: Maushold\n|-damage|p1a: Maushold|67/100\n|move|p2b: Abomasnow|Blizzard|p1b: Garchomp|[spread] p1a,p1b\n|-supereffective|p1b: Garchomp|2\n|-damage|p1a: Maushold|3/100\n|-damage|p1b: Garchomp|0 fnt\n|faint|p1b: Garchomp\n|move|p1a: Maushold|Taunt|p2a: Slowking\n|-start|p2a: Slowking|move: Taunt\n|\n|-weather|Snowscape|[upkeep]\n|upkeep\n|\n|t:|1776482341\n|switch|p1b: Gardevoir|Gardevoir, L50, M|100/100\n|turn|5\n|\n|t:|1776482360\n|detailschange|p1b: Gardevoir|Gardevoir-Mega, L50, M\n|-mega|p1b: Gardevoir|Gardevoir|Gardevoirite\n|move|p1b: Gardevoir|Protect|p1b: Gardevoir\n|-singleturn|p1b: Gardevoir|Protect\n|move|p1a: Maushold|Protect|p1a: Maushold\n|-singleturn|p1a: Maushold|Protect\n|move|p2a: Slowking|Scald|p1a: Maushold\n|-activate|p1a: Maushold|move: Protect\n|move|p2b: Abomasnow|Giga Drain|p1b: Gardevoir\n|-activate|p1b: Gardevoir|move: Protect\n|\n|-weather|none\n|-fieldend|move: Trick Room\n|upkeep\n|turn|6\n|\n|t:|1776482380\n|move|p2b: Abomasnow|Protect|p2b: Abomasnow\n|-singleturn|p2b: Abomasnow|Protect\n|move|p1a: Maushold|Super Fang|p2b: Abomasnow\n|-activate|p2b: Abomasnow|move: Protect\n|move|p1b: Gardevoir|Hyper Voice|p2b: Abomasnow|[spread] p2a\n|-activate|p2b: Abomasnow|move: Protect\n|-damage|p2a: Slowking|18/100\n|move|p2a: Slowking|Scald|p1a: Maushold\n|-damage|p1a: Maushold|0 fnt\n|faint|p1a: Maushold\n|\n|upkeep\n|turn|7\n|inactive|waez97 has 30 seconds left.\n|\n|t:|1776482405\n|switch|p2a: Diggersby|Diggersby, L50, M|100/100\n|move|p1b: Gardevoir|Hyper Voice|p2b: Abomasnow|[spread] p2a,p2b\n|-crit|p2a: Diggersby\n|-damage|p2a: Diggersby|0 fnt\n|-damage|p2b: Abomasnow|7/100\n|faint|p2a: Diggersby\n|move|p2b: Abomasnow|Giga Drain|p1b: Gardevoir\n|-damage|p1b: Gardevoir|56/100\n|-heal|p2b: Abomasnow|27/100|[from] drain|[of] p1b: Gardevoir\n|\n|-sideend|p2: waez97|move: Aurora Veil\n|upkeep\n|\n|t:|1776482427\n|switch|p2a: Slowking|Slowking, L50, M|50/100\n|turn|8\n|\n|t:|1776482437\n|move|p2b: Abomasnow|Protect|p2b: Abomasnow\n|-singleturn|p2b: Abomasnow|Protect\n|move|p1b: Gardevoir|Hyper Voice|p2a: Slowking|[spread] p2a\n|-activate|p2b: Abomasnow|move: Protect\n|-damage|p2a: Slowking|8/100\n|move|p2a: Slowking|Trick Room|p2a: Slowking\n|-fieldstart|move: Trick Room|[of] p2a: Slowking\n|\n|upkeep\n|turn|9\n|\n|t:|1776482450\n|-prepare|p2a: Slowking|Chilly Reception|[premajor]\n|move|p2a: Slowking|Chilly Reception|p2a: Slowking\n|-weather|Snowscape\n|\n|t:|1776482455\n|switch|p2a: Lucario|Lucario, L50, M|100/100|[from] Chilly Reception\n|move|p2b: Abomasnow|Giga Drain|p1b: Gardevoir\n|-damage|p1b: Gardevoir|10/100\n|-heal|p2b: Abomasnow|47/100|[from] drain|[of] p1b: Gardevoir\n|move|p1b: Gardevoir|Hyper Voice|p2b: Abomasnow|[spread] p2a,p2b\n|-damage|p2a: Lucario|22/100\n|-damage|p2b: Abomasnow|0 fnt\n|faint|p2b: Abomasnow\n|\n|-weather|Snowscape|[upkeep]\n|upkeep\n|\n|t:|1776482465\n|switch|p2b: Slowking|Slowking, L50, M|40/100\n|turn|10\n|\n|t:|1776482476\n|move|p2b: Slowking|Scald|p1b: Gardevoir\n|-damage|p1b: Gardevoir|0 fnt\n|faint|p1b: Gardevoir\n|\n|win|waez97\n|raw|Scrambledegg62's rating: 1299 &rarr; <strong>1276</strong><br />(-23 for losing)\n|raw|waez97's rating: 1323 &rarr; <strong>1342</strong><br />(+19 for winning)\n",
  "uploadtime": 1776482476,
  "views": 24,
  "formatid": "gen9championsvgc2026regma",
  "rating": 1276,
  "private": 0,
  "password": null
}