{
  "id": "gen9championsvgc2026regma-2583595457",
  "format": "[Gen 9 Champions] VGC 2026 Reg M-A",
  "players": [
    "yukidagoatt",
    "TheDark69420"
  ],
  "log": "|j|\u2606yukidagoatt\n|j|\u2606TheDark69420\n|t:|1776185492\n|gametype|doubles\n|player|p1|yukidagoatt|169|1074\n|player|p2|TheDark69420|ghetsis-gen5bw|1066\n|gen|9\n|tier|[Gen 9 Champions] VGC 2026 Reg M-A\n|rated|\n|rule|Species Clause: Limit one of each Pok\u00e9mon\n|rule|Item Clause: Limit 1 of each item\n|clearpoke\n|poke|p1|Meganium, L50, M|\n|poke|p1|Archaludon, L50, F|\n|poke|p1|Aerodactyl, L50, M|\n|poke|p1|Kangaskhan, L50, F|\n|poke|p1|Typhlosion-Hisui, L50, M|\n|poke|p1|Tauros-Paldea-Aqua, L50, M|\n|poke|p2|Floette-Eternal, L50, F|\n|poke|p2|Maushold, L50|\n|poke|p2|Garchomp, L50, M|\n|poke|p2|Talonflame, L50, M|\n|poke|p2|Rotom-Wash, L50|\n|poke|p2|Aegislash, L50, F|\n|teampreview|4\n|inactive|Battle timer is ON: inactive players will automatically lose when time's up. (requested by TheDark69420)\n|inactive|yukidagoatt has 60 seconds left.\n|inactive|TheDark69420 has 60 seconds left.\nyukidagoatt rejected open team sheets.\n|inactive|TheDark69420 has 30 seconds left.\n|inactive|TheDark69420 has 20 seconds left.\n|inactive|TheDark69420 has 15 seconds left.\n|inactive|TheDark69420 has 10 seconds left.\n|\n|t:|1776185575\n|teamsize|p1|4\n|teamsize|p2|4\n|start\n|switch|p1a: Archaludon|Archaludon, L50, F|100/100\n|switch|p1b: Aerodactyl|Aerodactyl, L50, M|100/100\n|switch|p2a: Hot Wings|Talonflame, L50, M|100/100\n|switch|p2b: Flora Pro Max|Floette-Eternal, L50, F|100/100\n|-ability|p1b: Aerodactyl|Unnerve\n|turn|1\n|\n|t:|1776185600\n|detailschange|p2b: Flora Pro Max|Floette-Mega, L50, F\n|-mega|p2b: Flora Pro Max|Floette|Floettite\n|-ability|p2b: Flora Pro Max|Fairy Aura\n|move|p2a: Hot Wings|Tailwind|p2a: Hot Wings\n|-sidestart|p2: TheDark69420|move: Tailwind\n|move|p2b: Flora Pro Max|Moonblast|p1b: Aerodactyl\n|-damage|p1b: Aerodactyl|4/100\n|move|p1b: Aerodactyl|Rock Slide|p2b: Flora Pro Max|[spread] p2a,p2b\n|-supereffective|p2a: Hot Wings|2\n|-damage|p2a: Hot Wings|0 fnt\n|-damage|p2b: Flora Pro Max|68/100\n|faint|p2a: Hot Wings\n|move|p1a: Archaludon|Steel Beam|p2b: Flora Pro Max\n|-supereffective|p2b: Flora Pro Max|1\n|-damage|p2b: Flora Pro Max|0 fnt\n|-damage|p1a: Archaludon|50/100|[from] steelbeam\n|faint|p2b: Flora Pro Max\n|\n|upkeep\n|\n|t:|1776185614\n|switch|p2a: Beam|Garchomp, L50, M|100/100\n|switch|p2b: Family Guys|Maushold, L50|100/100\n|turn|2\n|\n|t:|1776185637\n|move|p2b: Family Guys|Protect|p2b: Family Guys\n|-singleturn|p2b: Family Guys|Protect\n|move|p1b: Aerodactyl|Protect|p1b: Aerodactyl\n|-singleturn|p1b: Aerodactyl|Protect\n|move|p2a: Beam|Earthquake|p1a: Archaludon|[spread] p1a\n|-activate|p2b: Family Guys|move: Protect\n|-activate|p1b: Aerodactyl|move: Protect\n|-supereffective|p1a: Archaludon|1\n|-damage|p1a: Archaludon|0 fnt\n|faint|p1a: Archaludon\n|\n|upkeep\n|\n|t:|1776185650\n|switch|p1a: Meganium|Meganium, L50, M|100/100\n|turn|3\n|\n|t:|1776185658\n|switch|p1b: Typhlosion|Typhlosion-Hisui, L50, M|100/100\n|-item|p2a: Beam|Soft Sand|[from] ability: Frisk|[of] p1b: Typhlosion\n|-item|p2b: Family Guys|Focus Sash|[from] ability: Frisk|[of] p1b: Typhlosion\n|detailschange|p1a: Meganium|Meganium-Mega, L50, M\n|-mega|p1a: Meganium|Meganium|Meganiumite\n|move|p2a: Beam|Protect|p2a: Beam\n|-singleturn|p2a: Beam|Protect\n|move|p2b: Family Guys|Super Fang|p1a: Meganium\n|-damage|p1a: Meganium|51/100\n|move|p1a: Meganium|Dazzling Gleam|p2a: Beam|[spread] p2b\n|-activate|p2a: Beam|move: Protect\n|-damage|p2b: Family Guys|59/100\n|\n|upkeep\n|turn|4\n|\n|t:|1776185682\n|move|p1a: Meganium|Protect|p1a: Meganium\n|-singleturn|p1a: Meganium|Protect\n|move|p2b: Family Guys|Super Fang|p1a: Meganium\n|-activate|p1a: Meganium|move: Protect\n|move|p2a: Beam|Stone Edge|p1a: Meganium\n|-activate|p1a: Meganium|move: Protect\n|move|p1b: Typhlosion|Eruption|p2a: Beam|[spread] p2a,p2b\n|-resisted|p2a: Beam|1\n|-damage|p2a: Beam|81/100\n|-damage|p2b: Family Guys|0 fnt\n|faint|p2b: Family Guys\n|\n|-sideend|p2: TheDark69420|move: Tailwind\n|upkeep\n|turn|5\n|\n|t:|1776185700\n|move|p1b: Typhlosion|Eruption|p2a: Beam\n|-resisted|p2a: Beam|1\n|-damage|p2a: Beam|46/100\n|move|p2a: Beam|Stone Edge|p1a: Meganium|[miss]\n|-miss|p2a: Beam|p1a: Meganium\n|move|p1a: Meganium|Dazzling Gleam|p2a: Beam\n|-supereffective|p2a: Beam|1\n|-damage|p2a: Beam|0 fnt\n|faint|p2a: Beam\n|\n|win|yukidagoatt\n|raw|yukidagoatt's rating: 1074 &rarr; <strong>1102</strong><br />(+28 for winning)\n|raw|TheDark69420's rating: 1066 &rarr; <strong>1047</strong><br />(-19 for losing)\n|l|\u2606TheDark69420\n|player|p2|\n",
  "uploadtime": 1776185728,
  "views": 17,
  "formatid": "gen9championsvgc2026regma",
  "rating": 1047,
  "private": 0,
  "password": null
}