{
  "id": "gen9championsvgc2026regma-2587697249",
  "format": "[Gen 9 Champions] VGC 2026 Reg M-A",
  "players": [
    "blazke",
    "axelpogi13"
  ],
  "log": "|j|\u2606blazke\n|j|\u2606axelpogi13\n|t:|1776554933\n|gametype|doubles\n|player|p1|blazke|riley|\n|player|p2|axelpogi13|youngster-gen4dp|\n|gen|9\n|tier|[Gen 9 Champions] VGC 2026 Reg M-A\n|rule|Species Clause: Limit one of each Pok\u00e9mon\n|rule|Item Clause: Limit 1 of each item\n|clearpoke\n|poke|p1|Sneasler, L50, F|\n|poke|p1|Whimsicott, L50, F|\n|poke|p1|Farigiraf, L50, F|\n|poke|p1|Golurk, L50|\n|poke|p1|Dragapult, L50, M|\n|poke|p1|Incineroar, L50, M|\n|poke|p2|Froslass, L50, F|\n|poke|p2|Basculegion, L50, M|\n|poke|p2|Delphox, L50, F|\n|poke|p2|Garchomp, L50, F|\n|poke|p2|Maushold, L50|\n|poke|p2|Dragonite, L50, F|\n|teampreview|4\n|inactive|Battle timer is ON: inactive players will automatically lose when time's up. (requested by blazke)\n|\n|t:|1776554961\n|teamsize|p1|4\n|teamsize|p2|4\n|start\n|switch|p1a: Farigiraf|Farigiraf, L50, F|100/100\n|switch|p1b: Golurk|Golurk, L50|100/100\n|switch|p2a: Froslass|Froslass, L50, F|100/100\n|switch|p2b: Basculegion|Basculegion, L50, M|100/100\n|turn|1\n|\n|t:|1776554983\n|detailschange|p2a: Froslass|Froslass-Mega, L50, F\n|-mega|p2a: Froslass|Froslass|Froslassite\n|-weather|Snowscape|[from] ability: Snow Warning|[of] p2a: Froslass\n|detailschange|p1b: Golurk|Golurk-Mega, L50\n|-mega|p1b: Golurk|Golurk|Golurkite\n|move|p1b: Golurk|Protect|p1b: Golurk\n|-singleturn|p1b: Golurk|Protect\n|move|p2b: Basculegion|Wave Crash|p1b: Golurk\n|-activate|p1b: Golurk|move: Protect\n|move|p2a: Froslass|Shadow Ball|p1b: Golurk\n|-activate|p1b: Golurk|move: Protect\n|move|p1a: Farigiraf|Trick Room|p1a: Farigiraf\n|-fieldstart|move: Trick Room|[of] p1a: Farigiraf\n|\n|-weather|Snowscape|[upkeep]\n|upkeep\n|turn|2\n|inactive|blazke has 30 seconds left.\n|inactive|axelpogi13 has 30 seconds left.\n|inactive|blazke has 20 seconds left.\n|inactive|axelpogi13 has 20 seconds left.\n|inactive|blazke has 15 seconds left.\n|inactive|blazke has 10 seconds left.\n|\n|t:|1776555033\n|move|p1a: Farigiraf|Helping Hand|p1b: Golurk\n|-singleturn|p1b: Golurk|Helping Hand|[of] p1a: Farigiraf\n|move|p1b: Golurk|Poltergeist|p2a: Froslass\n|-activate|p2a: Froslass|move: Poltergeist|Froslassite\n|-supereffective|p2a: Froslass|1\n|-damage|p2a: Froslass|0 fnt\n|faint|p2a: Froslass\n|move|p2b: Basculegion|Wave Crash|p1b: Golurk\n|-supereffective|p1b: Golurk|1\n|-damage|p1b: Golurk|0 fnt\n|faint|p1b: Golurk\n|-damage|p2b: Basculegion|71/100|[from] Recoil\n|\n|-weather|Snowscape|[upkeep]\n|upkeep\n|\n|t:|1776555050\n|switch|p1b: Incineroar|Incineroar, L50, M|100/100\n|switch|p2a: Garchomp|Garchomp, L50, F|100/100\n|-ability|p1b: Incineroar|Intimidate|boost\n|-unboost|p2a: Garchomp|atk|1\n|-unboost|p2b: Basculegion|atk|1\n|turn|3\n|\n|t:|1776555068\n|move|p1a: Farigiraf|Psychic|p2b: Basculegion\n|-damage|p2b: Basculegion|37/100\n|move|p1b: Incineroar|Darkest Lariat|p2b: Basculegion\n|-supereffective|p2b: Basculegion|1\n|-damage|p2b: Basculegion|0 fnt\n|faint|p2b: Basculegion\n|move|p2a: Garchomp|Rock Slide|p1a: Farigiraf|[spread] p1a,p1b\n|-supereffective|p1b: Incineroar|1\n|-damage|p1a: Farigiraf|91/100\n|-damage|p1b: Incineroar|84/100\n|\n|-weather|Snowscape|[upkeep]\n|upkeep\n|\n|t:|1776555082\n|switch|p2b: Dragonite|Dragonite, L50, F|100/100\n|turn|4\n|\n|t:|1776555093\n|move|p2b: Dragonite|Protect|p2b: Dragonite\n|-singleturn|p2b: Dragonite|Protect\n|move|p1a: Farigiraf|Hyper Voice|p2a: Garchomp|[spread] p2a\n|-activate|p2b: Dragonite|move: Protect\n|-damage|p2a: Garchomp|67/100\n|move|p1b: Incineroar|Darkest Lariat|p2b: Dragonite\n|-activate|p2b: Dragonite|move: Protect\n|move|p2a: Garchomp|Earthquake|p1b: Incineroar|[spread] p1a,p1b\n|-activate|p2b: Dragonite|move: Protect\n|-supereffective|p1b: Incineroar|1\n|-damage|p1a: Farigiraf|72/100\n|-damage|p1b: Incineroar|48/100\n|-enditem|p1b: Incineroar|Sitrus Berry|[eat]\n|-heal|p1b: Incineroar|73/100|[from] item: Sitrus Berry\n|\n|-weather|Snowscape|[upkeep]\n|upkeep\n|turn|5\n|inactive|axelpogi13 has 30 seconds left.\n|inactive|axelpogi13 has 20 seconds left.\n|inactive|axelpogi13 has 15 seconds left.\n|\n|t:|1776555136\n|move|p2b: Dragonite|Extreme Speed||[still]\n|cant|p1a: Farigiraf|ability: Armor Tail|Extreme Speed|[of] p2b: Dragonite\n|move|p1a: Farigiraf|Psychic|p2a: Garchomp\n|-damage|p2a: Garchomp|32/100\n|move|p1b: Incineroar|Darkest Lariat|p2a: Garchomp\n|-damage|p2a: Garchomp|3/100\n|-damage|p1b: Incineroar|60/100|[from] ability: Rough Skin|[of] p2a: Garchomp\n|move|p2a: Garchomp|Rock Slide|p1b: Incineroar|[spread] p1a,p1b\n|-supereffective|p1b: Incineroar|1\n|-damage|p1a: Farigiraf|62/100\n|-damage|p1b: Incineroar|42/100\n|\n|-weather|none\n|-fieldend|move: Trick Room\n|upkeep\n|turn|6\n|inactive|axelpogi13 has 30 seconds left.\n|\n|t:|1776555163\n|move|p2a: Garchomp|Earthquake|p1b: Incineroar|[spread] p1a,p1b\n|-immune|p2b: Dragonite\n|-supereffective|p1b: Incineroar|1\n|-damage|p1a: Farigiraf|45/100\n|-damage|p1b: Incineroar|3/100\n|move|p2b: Dragonite|Tailwind|p2b: Dragonite\n|-sidestart|p2: axelpogi13|move: Tailwind\n|move|p1b: Incineroar|Darkest Lariat|p2b: Dragonite\n|-damage|p2b: Dragonite|69/100\n|move|p1a: Farigiraf|Hyper Voice|p2b: Dragonite|[spread] p2a,p2b\n|-damage|p2a: Garchomp|0 fnt\n|-damage|p2b: Dragonite|41/100\n|faint|p2a: Garchomp\n|\n|upkeep\n|turn|7\n|\n|t:|1776555182\n|move|p2b: Dragonite|Dragon Claw|p1a: Farigiraf\n|-damage|p1a: Farigiraf|14/100\n|move|p1b: Incineroar|Darkest Lariat|p2b: Dragonite\n|-damage|p2b: Dragonite|10/100\n|move|p1a: Farigiraf|Hyper Voice|p2b: Dragonite\n|-damage|p2b: Dragonite|0 fnt\n|faint|p2b: Dragonite\n|\n|win|blazke\n",
  "uploadtime": 1776555196,
  "views": 10,
  "formatid": "gen9championsvgc2026regma",
  "rating": null,
  "private": 0,
  "password": null
}