{
  "id": "gen9championsvgc2026regma-2583627268",
  "format": "[Gen 9 Champions] VGC 2026 Reg M-A",
  "players": [
    "badalakazam",
    "retrojp"
  ],
  "log": "|j|\u2606badalakazam\n|j|\u2606retrojp\n|t:|1776187398\n|gametype|doubles\n|player|p1|badalakazam|102|1179\n|player|p2|retrojp|101|1093\n|gen|9\n|tier|[Gen 9 Champions] VGC 2026 Reg M-A\n|rated|\n|rule|Species Clause: Limit one of each Pok\u00e9mon\n|rule|Item Clause: Limit 1 of each item\n|clearpoke\n|poke|p1|Abomasnow, L50, M|\n|poke|p1|Slowking, L50, F|\n|poke|p1|Incineroar, L50, F|\n|poke|p1|Rotom-Frost, L50|\n|poke|p1|Sinistcha, L50|\n|poke|p1|Mudsdale, L50, M|\n|poke|p2|Tyranitar, L50, F|\n|poke|p2|Corviknight, L50, M|\n|poke|p2|Primarina, L50, F|\n|poke|p2|Incineroar, L50, F|\n|poke|p2|Excadrill, L50, F|\n|poke|p2|Sinistcha, L50|\n|teampreview|4\n|inactive|Battle timer is ON: inactive players will automatically lose when time's up. (requested by retrojp)\n|\n|t:|1776187431\n|teamsize|p1|4\n|teamsize|p2|4\n|start\n|switch|p1a: Rotom|Rotom-Frost, L50|100/100\n|switch|p1b: Incineroar|Incineroar, L50, F|100/100\n|switch|p2a: Tyranitar|Tyranitar, L50, F|100/100\n|switch|p2b: Excadrill|Excadrill, L50, F|100/100\n|-weather|Sandstorm|[from] ability: Sand Stream|[of] p2a: Tyranitar\n|-ability|p1b: Incineroar|Intimidate|boost\n|-unboost|p2a: Tyranitar|atk|1\n|-unboost|p2b: Excadrill|atk|1\n|turn|1\n|inactive|retrojp has 30 seconds left.\n|\n|t:|1776187465\n|move|p2b: Excadrill|Protect|p2b: Excadrill\n|-singleturn|p2b: Excadrill|Protect\n|move|p2a: Tyranitar|Protect|p2a: Tyranitar\n|-singleturn|p2a: Tyranitar|Protect\n|move|p1b: Incineroar|Fake Out|p2b: Excadrill\n|-activate|p2b: Excadrill|move: Protect\n|move|p1a: Rotom|Volt Switch|p2a: Tyranitar\n|-activate|p2a: Tyranitar|move: Protect\n|\n|-weather|Sandstorm|[upkeep]\n|-damage|p1a: Rotom|95/100|[from] Sandstorm\n|-damage|p1b: Incineroar|94/100|[from] Sandstorm\n|upkeep\n|turn|2\n|\n|t:|1776187485\n|move|p2b: Excadrill|High Horsepower|p1b: Incineroar\n|-supereffective|p1b: Incineroar|1\n|-damage|p1b: Incineroar|23/100\n|move|p1a: Rotom|Volt Switch|p2a: Tyranitar\n|-damage|p2a: Tyranitar|78/100\n|\n|t:|1776187496\n|switch|p1a: Slowking|Slowking, L50, F|100/100|[from] Volt Switch\n|move|p2a: Tyranitar|Rock Slide|p1a: Slowking|[spread] p1a\n|-miss|p2a: Tyranitar|p1b: Incineroar\n|-damage|p1a: Slowking|81/100\n|move|p1b: Incineroar|Parting Shot|p2a: Tyranitar\n|-unboost|p2a: Tyranitar|atk|1\n|-unboost|p2a: Tyranitar|spa|1\n|\n|t:|1776187509\n|switch|p1b: Abomasnow|Abomasnow, L50, M|100/100|[from] Parting Shot\n|-weather|Snowscape|[from] ability: Snow Warning|[of] p1b: Abomasnow\n|\n|-weather|Snowscape|[upkeep]\n|upkeep\n|turn|3\n|\n|t:|1776187530\n|detailschange|p1b: Abomasnow|Abomasnow-Mega, L50, M\n|-mega|p1b: Abomasnow|Abomasnow|Abomasite\n|move|p2b: Excadrill|Protect|p2b: Excadrill\n|-singleturn|p2b: Excadrill|Protect\n|move|p2a: Tyranitar|Protect|p2a: Tyranitar\n|-singleturn|p2a: Tyranitar|Protect\n|move|p1b: Abomasnow|Blizzard|p2a: Tyranitar|[spread] \n|-activate|p2a: Tyranitar|move: Protect\n|-activate|p2b: Excadrill|move: Protect\n|move|p1a: Slowking|Trick Room|p1a: Slowking\n|-fieldstart|move: Trick Room|[of] p1a: Slowking\n|\n|-weather|Snowscape|[upkeep]\n|upkeep\n|turn|4\n|inactive|retrojp has 30 seconds left.\n|inactive|retrojp has 20 seconds left.\n|\n|t:|1776187569\n|switch|p2a: Primarina|Primarina, L50, F|100/100\n|-prepare|p1a: Slowking|Chilly Reception|[premajor]\n|move|p1a: Slowking|Chilly Reception|p1a: Slowking\n|\n|t:|1776187578\n|switch|p1a: Incineroar|Incineroar, L50, F|23/100|[from] Chilly Reception\n|-ability|p1a: Incineroar|Intimidate|boost\n|-unboost|p2a: Primarina|atk|1\n|-unboost|p2b: Excadrill|atk|1\n|move|p1b: Abomasnow|Blizzard|p2b: Excadrill|[spread] p2a,p2b\n|-resisted|p2a: Primarina|1\n|-damage|p2a: Primarina|81/100\n|-damage|p2b: Excadrill|38/100\n|move|p2b: Excadrill|Iron Head|p1b: Abomasnow\n|-supereffective|p1b: Abomasnow|1\n|-damage|p1b: Abomasnow|70/100\n|\n|-weather|Snowscape|[upkeep]\n|upkeep\n|turn|5\n|\n|t:|1776187600\n|switch|p1a: Slowking|Slowking, L50, F|81/100\n|move|p2b: Excadrill|Protect|p2b: Excadrill\n|-singleturn|p2b: Excadrill|Protect\n|move|p1b: Abomasnow|Wood Hammer|p2a: Primarina\n|-supereffective|p2a: Primarina|1\n|-damage|p2a: Primarina|0 fnt\n|faint|p2a: Primarina\n|-damage|p1b: Abomasnow|45/100|[from] Recoil\n|\n|-weather|Snowscape|[upkeep]\n|upkeep\n|\n|t:|1776187615\n|switch|p2a: Tyranitar|Tyranitar, L50, F|78/100\n|-weather|Sandstorm|[from] ability: Sand Stream|[of] p2a: Tyranitar\n|turn|6\n|\n|t:|1776187626\n|detailschange|p2a: Tyranitar|Tyranitar-Mega, L50, F\n|-mega|p2a: Tyranitar|Tyranitar|Tyranitarite\n|-prepare|p1a: Slowking|Chilly Reception|[premajor]\n|move|p1a: Slowking|Chilly Reception|p1a: Slowking\n|-weather|Snowscape\n|\n|t:|1776187633\n|switch|p1a: Incineroar|Incineroar, L50, F|23/100|[from] Chilly Reception\n|-ability|p1a: Incineroar|Intimidate|boost\n|-unboost|p2a: Tyranitar|atk|1\n|-unboost|p2b: Excadrill|atk|1\n|move|p1b: Abomasnow|Blizzard|p2a: Tyranitar|[spread] p2a,p2b\n|-damage|p2a: Tyranitar|40/100\n|-damage|p2b: Excadrill|0 fnt\n|faint|p2b: Excadrill\n|move|p2a: Tyranitar|Rock Slide|p1a: Incineroar|[spread] p1a,p1b\n|-supereffective|p1a: Incineroar|1\n|-supereffective|p1b: Abomasnow|1\n|-damage|p1a: Incineroar|0 fnt\n|-damage|p1b: Abomasnow|16/100\n|faint|p1a: Incineroar\n|\n|-weather|Snowscape|[upkeep]\n|upkeep\n|\n|t:|1776187653\n|switch|p1a: Slowking|Slowking, L50, F|81/100\n|switch|p2b: Sinistcha|Sinistcha, L50|100/100\n|-heal|p2a: Tyranitar|64/100|[from] ability: Hospitality|[of] p2b: Sinistcha\n|turn|7\n|\n|t:|1776187670\n|-prepare|p1a: Slowking|Chilly Reception|[premajor]\n|move|p1a: Slowking|Chilly Reception|p1a: Slowking\n|\n|t:|1776187675\n|switch|p1a: Rotom|Rotom-Frost, L50|95/100|[from] Chilly Reception\n|move|p1b: Abomasnow|Blizzard|p2b: Sinistcha|[spread] p2a,p2b\n|-supereffective|p2b: Sinistcha|1\n|-damage|p2a: Tyranitar|30/100\n|-damage|p2b: Sinistcha|0 fnt\n|faint|p2b: Sinistcha\n|move|p2a: Tyranitar|Rock Slide|p1a: Rotom|[spread] p1a,p1b\n|-supereffective|p1a: Rotom|1\n|-supereffective|p1b: Abomasnow|1\n|-damage|p1a: Rotom|52/100\n|-damage|p1b: Abomasnow|0 fnt\n|faint|p1b: Abomasnow\n|\n|-weather|Snowscape|[upkeep]\n|-fieldend|move: Trick Room\n|upkeep\n|\n|t:|1776187690\n|switch|p1b: Slowking|Slowking, L50, F|81/100\n|turn|8\n|-message|retrojp forfeited.\n|\n|win|badalakazam\n|raw|badalakazam's rating: 1179 &rarr; <strong>1198</strong><br />(+19 for winning)\n|raw|retrojp's rating: 1093 &rarr; <strong>1075</strong><br />(-18 for losing)\n",
  "uploadtime": 1776187701,
  "views": 14,
  "formatid": "gen9championsvgc2026regma",
  "rating": 1075,
  "private": 0,
  "password": null
}