{
  "id": "gen9championsvgc2026regma-2585056815",
  "format": "[Gen 9 Champions] VGC 2026 Reg M-A",
  "players": [
    "Volk0Nara",
    "LovelyLizardLad"
  ],
  "log": "|j|\u2606Volk0Nara\n|j|\u2606LovelyLizardLad\n|t:|1776307395\n|gametype|doubles\n|player|p1|Volk0Nara|nate|1349\n|player|p2|LovelyLizardLad|red|1410\n|gen|9\n|tier|[Gen 9 Champions] VGC 2026 Reg M-A\n|rated|\n|rule|Species Clause: Limit one of each Pok\u00e9mon\n|rule|Item Clause: Limit 1 of each item\n|clearpoke\n|poke|p1|Pelipper, L50, M|\n|poke|p1|Archaludon, L50, F|\n|poke|p1|Palafin, L50, F|\n|poke|p1|Sneasler, L50, F|\n|poke|p1|Dragonite, L50, M|\n|poke|p1|Sinistcha, L50|\n|poke|p2|Delphox, L50, F|\n|poke|p2|Basculegion, L50, M|\n|poke|p2|Clefable, L50, M|\n|poke|p2|Kingambit, L50, M|\n|poke|p2|Sneasler, L50, F|\n|poke|p2|Ninetales-Alola, L50, M|\n|teampreview|4\n|j| Csnorlax\n|\n|t:|1776307440\n|teamsize|p1|4\n|teamsize|p2|4\n|start\n|switch|p1a: Sneasler|Sneasler, L50, F|100/100\n|switch|p1b: Dragonite|Dragonite, L50, M|100/100\n|switch|p2a: Sneasler|Sneasler, L50, F|100/100\n|switch|p2b: Kingambit|Kingambit, L50, M|100/100\n|turn|1\n|inactive|Battle timer is ON: inactive players will automatically lose when time's up. (requested by Volk0Nara)\n|\n|t:|1776307452\n|move|p2a: Sneasler|Fake Out|p1a: Sneasler\n|-damage|p1a: Sneasler|78/100\n|cant|p1a: Sneasler|flinch\n|move|p1b: Dragonite|Tailwind|p1b: Dragonite\n|-sidestart|p1: Volk0Nara|move: Tailwind\n|move|p2b: Kingambit|Kowtow Cleave|p1b: Dragonite\n|-damage|p1b: Dragonite|29/100\n|\n|upkeep\n|turn|2\n|\n|t:|1776307471\n|switch|p2b: Basculegion|Basculegion, L50, M|100/100\n|detailschange|p1b: Dragonite|Dragonite-Mega, L50, M\n|-mega|p1b: Dragonite|Dragonite|Dragoninite\n|move|p1b: Dragonite|Protect|p1b: Dragonite\n|-singleturn|p1b: Dragonite|Protect\n|move|p1a: Sneasler|Close Combat|p2b: Basculegion\n|-immune|p2b: Basculegion\n|move|p2a: Sneasler|Close Combat|p1a: Sneasler\n|-resisted|p1a: Sneasler|1\n|-damage|p1a: Sneasler|26/100\n|-unboost|p2a: Sneasler|def|1\n|-unboost|p2a: Sneasler|spd|1\n|\n|upkeep\n|turn|3\n|\n|t:|1776307489\n|switch|p1b: Archaludon|Archaludon, L50, F|100/100\n|move|p2b: Basculegion|Aqua Jet|p1a: Sneasler\n|-damage|p1a: Sneasler|0 fnt\n|faint|p1a: Sneasler\n|move|p2a: Sneasler|Dire Claw|p1b: Archaludon\n|-immune|p1b: Archaludon\n|\n|upkeep\n|\n|t:|1776307497\n|switch|p1a: Pelipper|Pelipper, L50, M|100/100\n|-weather|RainDance|[from] ability: Drizzle|[of] p1a: Pelipper\n|turn|4\n|\n|t:|1776307502\n|switch|p2b: Ninetales|Ninetales-Alola, L50, M|100/100\n|move|p1a: Pelipper|Hurricane|p2a: Sneasler\n|-supereffective|p2a: Sneasler|1\n|-enditem|p2a: Sneasler|Focus Sash\n|-damage|p2a: Sneasler|1/100\n|move|p2a: Sneasler|Close Combat|p1b: Archaludon\n|-supereffective|p1b: Archaludon|1\n|-damage|p1b: Archaludon|3/100\n|-unboost|p2a: Sneasler|def|1\n|-unboost|p2a: Sneasler|spd|1\n|-ability|p1b: Archaludon|Stamina|boost\n|-boost|p1b: Archaludon|def|1\n|move|p1b: Archaludon|Electro Shot||[still]\n|-prepare|p1b: Archaludon|Electro Shot\n|-boost|p1b: Archaludon|spa|1\n|-anim|p1b: Archaludon|Electro Shot|p2b: Ninetales\n|-damage|p2b: Ninetales|24/100\n|\n|-weather|RainDance|[upkeep]\n|-heal|p1b: Archaludon|9/100|[from] item: Leftovers\n|-sideend|p1: Volk0Nara|move: Tailwind\n|upkeep\n|turn|5\n|inactive|Volk0Nara has 30 seconds left.\n|\n|t:|1776307536\n|switch|p1b: Dragonite|Dragonite-Mega, L50, M|29/100\n|move|p2a: Sneasler|Dire Claw|p1a: Pelipper\n|-damage|p1a: Pelipper|49/100\n|-status|p1a: Pelipper|slp\n|move|p2b: Ninetales|Moonblast|p1a: Pelipper\n|-damage|p1a: Pelipper|0 fnt\n|faint|p1a: Pelipper\n|\n|-weather|RainDance|[upkeep]\n|upkeep\n|\n|t:|1776307546\n|switch|p1a: Archaludon|Archaludon, L50, F|9/100\n|turn|6\n|c|\u2606Volk0Nara|gg\n|\n|t:|1776307553\n|move|p2a: Sneasler|Dire Claw|p1b: Dragonite\n|-damage|p1b: Dragonite|0 fnt\n|faint|p1b: Dragonite\n|move|p2b: Ninetales|Moonblast|p1a: Archaludon\n|-damage|p1a: Archaludon|0 fnt\n|faint|p1a: Archaludon\n|\n|win|LovelyLizardLad\n|raw|Volk0Nara's rating: 1349 &rarr; <strong>1332</strong><br />(-17 for losing)\n|raw|LovelyLizardLad's rating: 1410 &rarr; <strong>1427</strong><br />(+17 for winning)\n",
  "uploadtime": 1776307555,
  "views": 43,
  "formatid": "gen9championsvgc2026regma",
  "rating": 1332,
  "private": 0,
  "password": null
}