{
  "id": "gen9championsvgc2026regma-2589380717",
  "format": "[Gen 9 Champions] VGC 2026 Reg M-A",
  "players": [
    "N3kotine",
    "mina obscener"
  ],
  "log": "|j|\u2606N3kotine\n|j|\u2606mina obscener\n|t:|1776718397\n|gametype|doubles\n|player|p1|N3kotine|265|1097\n|player|p2|mina obscener|cynthia-gen4|1025\n|gen|9\n|tier|[Gen 9 Champions] VGC 2026 Reg M-A\n|rated|\n|rule|Species Clause: Limit one of each Pok\u00e9mon\n|rule|Item Clause: Limit 1 of each item\n|clearpoke\n|poke|p1|Scizor, L50, F|\n|poke|p1|Pelipper, L50, F|\n|poke|p1|Sableye, L50, F|\n|poke|p1|Dragonite, L50, M|\n|poke|p1|Passimian, L50, F|\n|poke|p1|Incineroar, L50, F, shiny|\n|poke|p2|Oranguru, L50, M|\n|poke|p2|Torkoal, L50, M|\n|poke|p2|Crabominable, L50, F|\n|poke|p2|Hatterene, L50, F|\n|poke|p2|Golurk, L50|\n|poke|p2|Farigiraf, L50, M|\n|teampreview|4\n|inactive|Battle timer is ON: inactive players will automatically lose when time's up. (requested by mina obscener)\n|\n|t:|1776718460\n|teamsize|p1|4\n|teamsize|p2|4\n|start\n|switch|p1a: Incineroar|Incineroar, L50, F, shiny|100/100\n|switch|p1b: Sableye|Sableye, L50, F|100/100\n|switch|p2a: Farigiraf|Farigiraf, L50, M|100/100\n|switch|p2b: Hatterene|Hatterene, L50, F|100/100\n|-ability|p1a: Incineroar|Intimidate|boost\n|-unboost|p2a: Farigiraf|atk|1\n|-unboost|p2b: Hatterene|atk|1\n|turn|1\n|inactive|N3kotine has 30 seconds left.\n|\n|t:|1776718493\n|move|p1b: Sableye|Light Screen|p1b: Sableye\n|-sidestart|p1: N3kotine|move: Light Screen\n|move|p1a: Incineroar|Darkest Lariat|p2a: Farigiraf\n|-supereffective|p2a: Farigiraf|1\n|-damage|p2a: Farigiraf|35/100\n|move|p2b: Hatterene|Dazzling Gleam|p1a: Incineroar|[spread] p1a,p1b\n|-supereffective|p1b: Sableye|1\n|-damage|p1a: Incineroar|78/100\n|-damage|p1b: Sableye|37/100\n|move|p2a: Farigiraf|Trick Room|p2a: Farigiraf\n|-fieldstart|move: Trick Room|[of] p2a: Farigiraf\n|\n|-heal|p2a: Farigiraf|42/100|[from] item: Leftovers\n|upkeep\n|turn|2\n|inactive|N3kotine has 30 seconds left.\n|\n|t:|1776718523\n|switch|p1b: Passimian|Passimian, L50, F|100/100\n|move|p2a: Farigiraf|Helping Hand|p2b: Hatterene\n|-singleturn|p2b: Hatterene|Helping Hand|[of] p2a: Farigiraf\n|move|p2b: Hatterene|Dazzling Gleam|p1b: Passimian|[spread] p1a,p1b\n|-supereffective|p1b: Passimian|1\n|-damage|p1a: Incineroar|46/100\n|-damage|p1b: Passimian|0 fnt\n|-enditem|p1a: Incineroar|Sitrus Berry|[eat]\n|-heal|p1a: Incineroar|70/100|[from] item: Sitrus Berry\n|faint|p1b: Passimian\n|move|p1a: Incineroar|Darkest Lariat|p2a: Farigiraf\n|-supereffective|p2a: Farigiraf|1\n|-damage|p2a: Farigiraf|0 fnt\n|faint|p2a: Farigiraf\n|\n|upkeep\n|\n|t:|1776718538\n|switch|p2a: Oranguru|Oranguru, L50, M|100/100\n|switch|p1b: Sableye|Sableye, L50, F|37/100\n|turn|3\n|\n|t:|1776718555\n|move|p1b: Sableye|Quash|p2b: Hatterene\n|-activate|p2b: Hatterene|move: Quash\n|move|p2a: Oranguru|Instruct|p2b: Hatterene\n|-singleturn|p2b: Hatterene|move: Instruct|[of] p2a: Oranguru\n|move|p2b: Hatterene|Dazzling Gleam|p1b: Sableye|[spread] p1a,p1b\n|-supereffective|p1b: Sableye|1\n|-damage|p1a: Incineroar|50/100\n|-damage|p1b: Sableye|0 fnt\n|faint|p1b: Sableye\n|move|p1a: Incineroar|Parting Shot|p2b: Hatterene\n|move|p2b: Hatterene|Parting Shot|p1a: Incineroar|[from] ability: Magic Bounce\n|-unboost|p1a: Incineroar|atk|1\n|-unboost|p1a: Incineroar|spa|1\n|\n|t:|1776718567\n|switch|p2b: Crabominable|Crabominable, L50, F|100/100|[from] Parting Shot\n|\n|upkeep\n|\n|t:|1776718571\n|switch|p1b: Dragonite|Dragonite, L50, M|100/100\n|turn|4\n|c|\u2606N3kotine|gonna kms\n|\n|t:|1776718586\n|detailschange|p1b: Dragonite|Dragonite-Mega, L50, M\n|-mega|p1b: Dragonite|Dragonite|Dragoninite\n|move|p2b: Crabominable|Ice Hammer|p1b: Dragonite\n|-supereffective|p1b: Dragonite|2\n|-damage|p1b: Dragonite|15/100\n|-unboost|p2b: Crabominable|spe|1\n|move|p2a: Oranguru|Psyshock|p1b: Dragonite\n|-damage|p1b: Dragonite|2/100\n|move|p1a: Incineroar|Flare Blitz|p2b: Crabominable\n|-supereffective|p2b: Crabominable|1\n|-crit|p2b: Crabominable\n|-damage|p2b: Crabominable|0 fnt\n|faint|p2b: Crabominable\n|-damage|p1a: Incineroar|17/100|[from] Recoil\n|move|p1b: Dragonite|Hurricane|p2a: Oranguru|[miss]\n|-miss|p1b: Dragonite|p2a: Oranguru\n|\n|upkeep\n|\n|t:|1776718601\n|switch|p2b: Hatterene|Hatterene, L50, F|100/100\n|turn|5\n|\n|t:|1776718608\n|move|p1b: Dragonite|Protect|p1b: Dragonite\n|-singleturn|p1b: Dragonite|Protect\n|move|p2b: Hatterene|Dazzling Gleam|p1b: Dragonite|[spread] p1a\n|-activate|p1b: Dragonite|move: Protect\n|-damage|p1a: Incineroar|0 fnt\n|faint|p1a: Incineroar\n|move|p2a: Oranguru|Instruct|p2b: Hatterene\n|-singleturn|p2b: Hatterene|move: Instruct|[of] p2a: Oranguru\n|move|p2b: Hatterene|Dazzling Gleam|p1b: Dragonite\n|-activate|p1b: Dragonite|move: Protect\n|\n|-sideend|p1: N3kotine|move: Light Screen\n|-fieldend|move: Trick Room\n|upkeep\n|turn|6\n|\n|t:|1776718625\n|move|p1b: Dragonite|Draco Meteor|p2a: Oranguru\n|-damage|p2a: Oranguru|32/100\n|-unboost|p1b: Dragonite|spa|2\n|move|p2a: Oranguru|Psyshock|p1b: Dragonite\n|-damage|p1b: Dragonite|0 fnt\n|faint|p1b: Dragonite\n|\n|win|mina obscener\n|raw|N3kotine's rating: 1097 &rarr; <strong>1067</strong><br />(-30 for losing)\n|raw|mina obscener's rating: 1025 &rarr; <strong>1069</strong><br />(+44 for winning)\n|l|\u2606N3kotine\n|player|p1|\n|c|\u2606mina obscener|Gg\n",
  "uploadtime": 1776718638,
  "views": 11,
  "formatid": "gen9championsvgc2026regma",
  "rating": 1067,
  "private": 0,
  "password": null
}