{
  "id": "gen9championsvgc2026regma-2587376298",
  "format": "[Gen 9 Champions] VGC 2026 Reg M-A",
  "players": [
    "ahmad1234",
    "JZ21"
  ],
  "log": "|j|\u2606ahmad1234\n|j|\u2606JZ21\n|t:|1776526630\n|gametype|doubles\n|player|p1|ahmad1234|2|1065\n|player|p2|JZ21|brendan-e|1047\n|gen|9\n|tier|[Gen 9 Champions] VGC 2026 Reg M-A\n|rated|\n|rule|Species Clause: Limit one of each Pok\u00e9mon\n|rule|Item Clause: Limit 1 of each item\n|clearpoke\n|poke|p1|Pelipper, L50, F|\n|poke|p1|Dragonite, L50, F, shiny|\n|poke|p1|Venusaur, L50, F|\n|poke|p1|Milotic, L50, M|\n|poke|p1|Talonflame, L50, F, shiny|\n|poke|p1|Sneasler, L50, F|\n|poke|p2|Froslass, L50, F, shiny|\n|poke|p2|Sneasler, L50, M, shiny|\n|poke|p2|Kingambit, L50, M, shiny|\n|poke|p2|Milotic, L50, F, shiny|\n|poke|p2|Aerodactyl, L50, M, shiny|\n|poke|p2|Sinistcha, L50, shiny|\n|teampreview|4\n|inactive|Battle timer is ON: inactive players will automatically lose when time's up. (requested by ahmad1234)\n|\n|t:|1776526689\n|teamsize|p1|4\n|teamsize|p2|4\n|start\n|switch|p1a: Milotic|Milotic, L50, M|100/100\n|switch|p1b: Sneasler|Sneasler, L50, F|100/100\n|switch|p2a: Aeroduck|Aerodactyl, L50, M, shiny|100/100\n|switch|p2b: SixSeven|Froslass, L50, F, shiny|100/100\n|-ability|p2a: Aeroduck|Unnerve\n|turn|1\n|inactive|ahmad1234 has 30 seconds left.\n|inactive|JZ21 has 30 seconds left.\n|\n|t:|1776526721\n|detailschange|p2b: SixSeven|Froslass-Mega, L50, F, shiny\n|-mega|p2b: SixSeven|Froslass|Froslassite\n|-weather|Snowscape|[from] ability: Snow Warning|[of] p2b: SixSeven\n|move|p1b: Sneasler|Fake Out|p2a: Aeroduck\n|-resisted|p2a: Aeroduck|1\n|-damage|p2a: Aeroduck|89/100\n|cant|p2a: Aeroduck|flinch\n|move|p2b: SixSeven|Aurora Veil|p2b: SixSeven\n|-sidestart|p2: JZ21|move: Aurora Veil\n|move|p1a: Milotic|Icy Wind|p2a: Aeroduck|[spread] p2a,p2b\n|-supereffective|p2a: Aeroduck|1\n|-resisted|p2b: SixSeven|1\n|-damage|p2a: Aeroduck|66/100\n|-damage|p2b: SixSeven|96/100\n|-unboost|p2a: Aeroduck|spe|1\n|-unboost|p2b: SixSeven|spe|1\n|\n|-weather|Snowscape|[upkeep]\n|upkeep\n|turn|2\n|\n|t:|1776526737\n|move|p1b: Sneasler|Close Combat|p2a: Aeroduck\n|-damage|p2a: Aeroduck|3/100\n|-unboost|p1b: Sneasler|def|1\n|-unboost|p1b: Sneasler|spd|1\n|-enditem|p1b: Sneasler|White Herb\n|-clearnegativeboost|p1b: Sneasler|[silent]\n|move|p2a: Aeroduck|Dual Wingbeat|p1b: Sneasler\n|-supereffective|p1b: Sneasler|1\n|-damage|p1b: Sneasler|42/100\n|-supereffective|p1b: Sneasler|1\n|-damage|p1b: Sneasler|0 fnt\n|faint|p1b: Sneasler\n|-hitcount|p1: Sneasler|2\n|move|p2b: SixSeven|Shadow Ball|p1a: Milotic\n|-damage|p1a: Milotic|69/100\n|-unboost|p1a: Milotic|spd|1\n|-ability|p1a: Milotic|Competitive|boost\n|-boost|p1a: Milotic|spa|2\n|move|p1a: Milotic|Muddy Water|p2a: Aeroduck|[spread] p2b\n|-miss|p1a: Milotic|p2a: Aeroduck\n|-damage|p2b: SixSeven|48/100\n|\n|-weather|Snowscape|[upkeep]\n|-heal|p1a: Milotic|75/100|[from] item: Leftovers\n|upkeep\n|\n|t:|1776526756\n|switch|p1b: Pelipper|Pelipper, L50, F|100/100\n|-weather|RainDance|[from] ability: Drizzle|[of] p1b: Pelipper\n|turn|3\n|\n|t:|1776526772\n|move|p2b: SixSeven|Protect|p2b: SixSeven\n|-singleturn|p2b: SixSeven|Protect\n|move|p2a: Aeroduck|Tailwind|p2a: Aeroduck\n|-sidestart|p2: JZ21|move: Tailwind\n|move|p1a: Milotic|Recover|p1a: Milotic\n|-heal|p1a: Milotic|100/100\n|move|p1b: Pelipper|Hurricane|p2b: SixSeven\n|-activate|p2b: SixSeven|move: Protect\n|\n|-weather|RainDance|[upkeep]\n|upkeep\n|turn|4\n|inactive|JZ21 has 30 seconds left.\n|\n|t:|1776526802\n|move|p1b: Pelipper|Protect|p1b: Pelipper\n|-singleturn|p1b: Pelipper|Protect\n|move|p2a: Aeroduck|Rock Slide|p1a: Milotic|[spread] p1a\n|-activate|p1b: Pelipper|move: Protect\n|-damage|p1a: Milotic|76/100\n|move|p2b: SixSeven|Shadow Ball|p1b: Pelipper\n|-activate|p1b: Pelipper|move: Protect\n|cant|p1a: Milotic|flinch\n|\n|-weather|RainDance|[upkeep]\n|-heal|p1a: Milotic|82/100|[from] item: Leftovers\n|upkeep\n|turn|5\n|\n|t:|1776526826\n|move|p1b: Pelipper|Wide Guard|p1b: Pelipper\n|-singleturn|p1b: Pelipper|Wide Guard\n|move|p2a: Aeroduck|Rock Slide|p1a: Milotic|[spread] \n|-activate|p1a: Milotic|move: Wide Guard\n|-activate|p1b: Pelipper|move: Wide Guard\n|move|p2b: SixSeven|Shadow Ball|p1b: Pelipper\n|-damage|p1b: Pelipper|48/100\n|-unboost|p1b: Pelipper|spd|1\n|move|p1a: Milotic|Icy Wind|p2b: SixSeven|[spread] p2a,p2b\n|-supereffective|p2a: Aeroduck|1\n|-resisted|p2b: SixSeven|1\n|-damage|p2a: Aeroduck|0 fnt\n|-damage|p2b: SixSeven|39/100\n|-unboost|p2b: SixSeven|spe|1\n|faint|p2a: Aeroduck\n|\n|-weather|RainDance|[upkeep]\n|-heal|p1a: Milotic|88/100|[from] item: Leftovers\n|-sideend|p2: JZ21|move: Aurora Veil\n|upkeep\n|inactive|JZ21 has 30 seconds left.\n|\n|t:|1776526859\n|switch|p2a: Sinistcha|Sinistcha, L50, shiny|100/100\n|-heal|p2b: SixSeven|64/100|[from] ability: Hospitality|[of] p2a: Sinistcha\n|turn|6\n|\n|t:|1776526883\n|move|p1a: Milotic|Protect|p1a: Milotic\n|-singleturn|p1a: Milotic|Protect\n|move|p1b: Pelipper|Protect||[still]\n|-fail|p1b: Pelipper\n|move|p2b: SixSeven|Shadow Ball|p1a: Milotic\n|-activate|p1a: Milotic|move: Protect\n|move|p2a: Sinistcha|Matcha Gotcha|p1b: Pelipper|[spread] p1b\n|-activate|p1a: Milotic|move: Protect\n|-damage|p1b: Pelipper|3/100\n|\n|-weather|RainDance|[upkeep]\n|-heal|p1a: Milotic|94/100|[from] item: Leftovers\n|-sideend|p2: JZ21|move: Tailwind\n|upkeep\n|turn|7\n|inactive|JZ21 has 30 seconds left.\n|\n|t:|1776526912\n|move|p1a: Milotic|Icy Wind|p2b: SixSeven|[spread] p2a,p2b\n|-supereffective|p2a: Sinistcha|1\n|-crit|p2a: Sinistcha\n|-resisted|p2b: SixSeven|1\n|-crit|p2b: SixSeven\n|-damage|p2a: Sinistcha|30/100\n|-damage|p2b: SixSeven|42/100\n|-unboost|p2a: Sinistcha|spe|1\n|-unboost|p2b: SixSeven|spe|1\n|-enditem|p2a: Sinistcha|Sitrus Berry|[eat]\n|-heal|p2a: Sinistcha|54/100|[from] item: Sitrus Berry\n|move|p1b: Pelipper|Hurricane|p2b: SixSeven\n|-damage|p2b: SixSeven|0 fnt\n|faint|p2b: SixSeven\n|move|p2a: Sinistcha|Matcha Gotcha|p1a: Milotic|[spread] p1b\n|-miss|p2a: Sinistcha|p1a: Milotic\n|-damage|p1b: Pelipper|0 fnt\n|-heal|p2a: Sinistcha|56/100|[from] drain|[of] p1b: Pelipper\n|faint|p1b: Pelipper\n|\n|-weather|none\n|-heal|p1a: Milotic|99/100|[from] item: Leftovers\n|upkeep\n|\n|t:|1776526923\n|switch|p2b: BossbabyTape|Sneasler, L50, M, shiny|100/100\n|switch|p1b: Venusaur|Venusaur, L50, F|100/100\n|turn|8\n|inactive|JZ21 has 30 seconds left.\n|inactive|JZ21 has 20 seconds left.\n|inactive|JZ21 has 15 seconds left.\n|inactive|JZ21 has 10 seconds left.\n|\n|t:|1776526968\n|detailschange|p1b: Venusaur|Venusaur-Mega, L50, F\n|-mega|p1b: Venusaur|Venusaur|Venusaurite\n|move|p1a: Milotic|Protect|p1a: Milotic\n|-singleturn|p1a: Milotic|Protect\n|move|p2b: BossbabyTape|Fake Out|p1b: Venusaur\n|-damage|p1b: Venusaur|89/100\n|cant|p1b: Venusaur|flinch\n|move|p2a: Sinistcha|Matcha Gotcha|p1b: Venusaur|[spread] p1b\n|-activate|p1a: Milotic|move: Protect\n|-resisted|p1b: Venusaur|2\n|-damage|p1b: Venusaur|84/100\n|-heal|p2a: Sinistcha|58/100|[from] drain|[of] p1b: Venusaur\n|\n|-heal|p1a: Milotic|100/100|[from] item: Leftovers\n|upkeep\n|turn|9\n|inactive|JZ21 has 30 seconds left.\n|inactive|JZ21 has 20 seconds left.\n|inactive|JZ21 has 15 seconds left.\n|\n|t:|1776527012\n|move|p2b: BossbabyTape|Close Combat|p1a: Milotic\n|-damage|p1a: Milotic|42/100\n|-unboost|p2b: BossbabyTape|def|1\n|-unboost|p2b: BossbabyTape|spd|1\n|move|p1a: Milotic|Icy Wind|p2b: BossbabyTape|[spread] p2a,p2b\n|-supereffective|p2a: Sinistcha|1\n|-damage|p2a: Sinistcha|13/100\n|-damage|p2b: BossbabyTape|50/100\n|-unboost|p2a: Sinistcha|spe|1\n|-unboost|p2b: BossbabyTape|spe|1\n|move|p1b: Venusaur|Earth Power|p2b: BossbabyTape\n|-supereffective|p2b: BossbabyTape|1\n|-damage|p2b: BossbabyTape|0 fnt\n|faint|p2b: BossbabyTape\n|move|p2a: Sinistcha|Matcha Gotcha|p1a: Milotic|[spread] p1a,p1b\n|-supereffective|p1a: Milotic|1\n|-resisted|p1b: Venusaur|2\n|-damage|p1a: Milotic|0 fnt\n|-heal|p2a: Sinistcha|37/100|[from] drain|[of] p1a: Milotic\n|-damage|p1b: Venusaur|80/100\n|-heal|p2a: Sinistcha|39/100|[from] drain|[of] p1b: Venusaur\n|-status|p1b: Venusaur|brn\n|faint|p1a: Milotic\n|\n|-damage|p1b: Venusaur|74/100 brn|[from] brn\n|upkeep\n|turn|10\n|\n|t:|1776527030\n|move|p1b: Venusaur|Sludge Bomb|p2a: Sinistcha\n|-damage|p2a: Sinistcha|0 fnt\n|faint|p2a: Sinistcha\n|\n|win|ahmad1234\n|raw|ahmad1234's rating: 1065 &rarr; <strong>1094</strong><br />(+29 for winning)\n|raw|JZ21's rating: 1047 &rarr; <strong>1031</strong><br />(-16 for losing)\n|c|\u2606ahmad1234|gg\n|l|\u2606ahmad1234\n|player|p1|\n",
  "uploadtime": 1776527089,
  "views": 12,
  "formatid": "gen9championsvgc2026regma",
  "rating": 1031,
  "private": 0,
  "password": null
}