{
  "id": "gen9championsvgc2026regma-2583170019",
  "format": "[Gen 9 Champions] VGC 2026 Reg M-A",
  "players": [
    "25528989d",
    "Aldo wgc"
  ],
  "log": "|j|\u260625528989d\n|j|\u2606Aldo wgc\n|t:|1776150527\n|gametype|doubles\n|player|p1|25528989d|roxie-masters|1050\n|player|p2|Aldo wgc|ltsurge|1039\n|gen|9\n|tier|[Gen 9 Champions] VGC 2026 Reg M-A\n|rated|\n|rule|Species Clause: Limit one of each Pok\u00e9mon\n|rule|Item Clause: Limit 1 of each item\n|clearpoke\n|poke|p1|Charizard, L50, F|\n|poke|p1|Tyranitar, L50, F|\n|poke|p1|Gyarados, L50, F|\n|poke|p1|Garchomp, L50, F|\n|poke|p1|Rotom-Mow, L50|\n|poke|p1|Lucario, L50, F|\n|poke|p2|Kangaskhan, L50, F|\n|poke|p2|Incineroar, L50, M|\n|poke|p2|Dragonite, L50, F|\n|poke|p2|Farigiraf, L50, M|\n|poke|p2|Politoed, L50, M|\n|poke|p2|Basculegion, L50, M|\n|teampreview|4\n|inactive|Battle timer is ON: inactive players will automatically lose when time's up. (requested by Aldo wgc)\n|inactive|25528989d has 60 seconds left.\n|\n|t:|1776150615\n|teamsize|p1|4\n|teamsize|p2|4\n|start\n|switch|p1a: Lucario|Lucario, L50, F|100/100\n|switch|p1b: Gyarados|Gyarados, L50, F|100/100\n|switch|p2a: Farigiraf|Farigiraf, L50, M|100/100\n|switch|p2b: Kangaskhan|Kangaskhan, L50, F|100/100\n|-ability|p1b: Gyarados|Intimidate|boost\n|-unboost|p2a: Farigiraf|atk|1\n|-fail|p2b: Kangaskhan|unboost|Attack|[from] ability: Inner Focus|[of] p2b: Kangaskhan\n|turn|1\n|\n|t:|1776150639\n|switch|p1a: Charizard|Charizard, L50, F|100/100\n|detailschange|p2b: Kangaskhan|Kangaskhan-Mega, L50, F\n|-mega|p2b: Kangaskhan|Kangaskhan|Kangaskhanite\n|move|p2b: Kangaskhan|Fake Out|p1a: Charizard\n|-damage|p1a: Charizard|75/100\n|-crit|p1a: Charizard\n|-damage|p1a: Charizard|66/100\n|-hitcount|p1a: Charizard|2\n|move|p1b: Gyarados|Thunder Wave|p2b: Kangaskhan\n|-status|p2b: Kangaskhan|par\n|move|p2a: Farigiraf|Hyper Voice|p1b: Gyarados|[spread] p1a,p1b\n|-damage|p1a: Charizard|39/100\n|-damage|p1b: Gyarados|84/100\n|\n|upkeep\n|turn|2\n|inactive|Aldo wgc has 30 seconds left.\n|\n|t:|1776150665\n|switch|p2b: Basculegion|Basculegion, L50, M|100/100\n|detailschange|p1a: Charizard|Charizard-Mega-Y, L50, F\n|-mega|p1a: Charizard|Charizard|Charizardite Y\n|-weather|SunnyDay|[from] ability: Drought|[of] p1a: Charizard\n|move|p1b: Gyarados|Helping Hand|p1a: Charizard\n|-singleturn|p1a: Charizard|Helping Hand|[of] p1b: Gyarados\n|move|p1a: Charizard|Heat Wave|p2a: Farigiraf|[spread] p2a,p2b\n|-resisted|p2b: Basculegion|1\n|-crit|p2b: Basculegion\n|-damage|p2a: Farigiraf|12/100\n|-damage|p2b: Basculegion|12/100\n|move|p2a: Farigiraf|Trick Room|p2a: Farigiraf\n|-fieldstart|move: Trick Room|[of] p2a: Farigiraf\n|\n|-weather|SunnyDay|[upkeep]\n|upkeep\n|turn|3\n|inactive|25528989d has 30 seconds left.\n|inactive|Aldo wgc has 30 seconds left.\n|\n|t:|1776150695\n|switch|p1a: Rotom|Rotom-Mow, L50|100/100\n|move|p2a: Farigiraf|Hyper Voice|p1a: Rotom|[spread] p1a,p1b\n|-crit|p1a: Rotom\n|-damage|p1a: Rotom|60/100\n|-damage|p1b: Gyarados|66/100\n|move|p1b: Gyarados|Waterfall|p2b: Basculegion\n|-resisted|p2b: Basculegion|1\n|-damage|p2b: Basculegion|0 fnt\n|faint|p2b: Basculegion\n|\n|-weather|SunnyDay|[upkeep]\n|upkeep\n|\n|t:|1776150712\n|switch|p2b: Kangaskhan|Kangaskhan-Mega, L50, F|100/100 par\n|turn|4\n|\n|t:|1776150727\n|move|p1b: Gyarados|Protect|p1b: Gyarados\n|-singleturn|p1b: Gyarados|Protect\n|move|p1a: Rotom|Protect|p1a: Rotom\n|-singleturn|p1a: Rotom|Protect\n|cant|p2b: Kangaskhan|par\n|move|p2a: Farigiraf|Hyper Voice|p1b: Gyarados|[spread] \n|-activate|p1a: Rotom|move: Protect\n|-activate|p1b: Gyarados|move: Protect\n|\n|-weather|SunnyDay|[upkeep]\n|upkeep\n|turn|5\n|inactive|25528989d has 30 seconds left.\n|inactive|Aldo wgc has 30 seconds left.\n|inactive|25528989d has 20 seconds left.\n|inactive|Aldo wgc has 20 seconds left.\n|inactive|25528989d has 15 seconds left.\n|inactive|25528989d has 10 seconds left.\n|\n|t:|1776150773\n|move|p2a: Farigiraf|Hyper Voice|p1a: Rotom|[spread] p1a,p1b\n|-crit|p1a: Rotom\n|-damage|p1a: Rotom|16/100\n|-damage|p1b: Gyarados|49/100\n|-enditem|p1a: Rotom|Sitrus Berry|[eat]\n|-heal|p1a: Rotom|41/100|[from] item: Sitrus Berry\n|move|p2b: Kangaskhan|Double-Edge|p1b: Gyarados\n|-damage|p1b: Gyarados|0 fnt\n|faint|p1b: Gyarados\n|-hitcount|p1: Gyarados|1\n|-damage|p2b: Kangaskhan|83/100 par|[from] Recoil\n|move|p1a: Rotom|Leaf Storm|p2b: Kangaskhan\n|-damage|p2b: Kangaskhan|39/100 par\n|-unboost|p1a: Rotom|spa|2\n|\n|-weather|SunnyDay|[upkeep]\n|upkeep\n|\n|t:|1776150790\n|switch|p1b: Lucario|Lucario, L50, F|100/100\n|turn|6\n|\n|t:|1776150804\n|move|p1a: Rotom|Protect|p1a: Rotom\n|-singleturn|p1a: Rotom|Protect\n|move|p1b: Lucario|Protect|p1b: Lucario\n|-singleturn|p1b: Lucario|Protect\n|move|p2a: Farigiraf|Hyper Voice|p1b: Lucario|[spread] \n|-activate|p1a: Rotom|move: Protect\n|-activate|p1b: Lucario|move: Protect\n|move|p2b: Kangaskhan|Drain Punch|p1b: Lucario\n|-activate|p1b: Lucario|move: Protect\n|\n|-weather|none\n|-fieldend|move: Trick Room\n|upkeep\n|turn|7\n|\n|t:|1776150823\n|switch|p2b: Politoed|Politoed, L50, M|100/100\n|-weather|RainDance|[from] ability: Drizzle|[of] p2b: Politoed\n|move|p1b: Lucario|Close Combat|p2b: Politoed\n|-damage|p2b: Politoed|42/100\n|-unboost|p1b: Lucario|def|1\n|-unboost|p1b: Lucario|spd|1\n|move|p1a: Rotom|Thunderbolt|p2a: Farigiraf\n|-damage|p2a: Farigiraf|0 fnt\n|faint|p2a: Farigiraf\n|\n|-weather|RainDance|[upkeep]\n|-heal|p2b: Politoed|48/100|[from] item: Leftovers\n|upkeep\n|\n|t:|1776150841\n|switch|p2a: Kangaskhan|Kangaskhan-Mega, L50, F|39/100 par\n|turn|8\n|\n|t:|1776150859\n|move|p1b: Lucario|Protect|p1b: Lucario\n|-singleturn|p1b: Lucario|Protect\n|move|p1a: Rotom|Protect|p1a: Rotom\n|-singleturn|p1a: Rotom|Protect\n|move|p2a: Kangaskhan|Fake Out|p1b: Lucario\n|-activate|p1b: Lucario|move: Protect\n|move|p2b: Politoed|Weather Ball|p1b: Lucario\n|-activate|p1b: Lucario|move: Protect\n|\n|-weather|RainDance|[upkeep]\n|-heal|p2b: Politoed|54/100|[from] item: Leftovers\n|upkeep\n|turn|9\n|\n|t:|1776150880\n|move|p2b: Politoed|Protect|p2b: Politoed\n|-singleturn|p2b: Politoed|Protect\n|move|p1b: Lucario|Close Combat|p2a: Kangaskhan\n|-supereffective|p2a: Kangaskhan|1\n|-damage|p2a: Kangaskhan|0 fnt\n|-unboost|p1b: Lucario|def|1\n|-unboost|p1b: Lucario|spd|1\n|faint|p2a: Kangaskhan\n|move|p1a: Rotom|Thunderbolt|p2b: Politoed\n|-activate|p2b: Politoed|move: Protect\n|\n|-weather|RainDance|[upkeep]\n|-heal|p2b: Politoed|60/100|[from] item: Leftovers\n|upkeep\n|turn|10\n|\n|t:|1776150897\n|switch|p1a: Charizard|Charizard-Mega-Y, L50, F|39/100\n|-weather|SunnyDay|[from] ability: Drought|[of] p1a: Charizard\n|move|p1b: Lucario|Close Combat|p2b: Politoed\n|-damage|p2b: Politoed|6/100\n|-unboost|p1b: Lucario|def|1\n|-unboost|p1b: Lucario|spd|1\n|move|p2b: Politoed|Icy Wind|p1b: Lucario|[spread] p1a,p1b\n|-resisted|p1b: Lucario|1\n|-damage|p1a: Charizard|30/100\n|-damage|p1b: Lucario|82/100\n|-unboost|p1a: Charizard|spe|1\n|-unboost|p1b: Lucario|spe|1\n|\n|-weather|SunnyDay|[upkeep]\n|-heal|p2b: Politoed|12/100|[from] item: Leftovers\n|upkeep\n|turn|11\n|\n|t:|1776150919\n|move|p1b: Lucario|Bullet Punch|p2b: Politoed\n|-resisted|p2b: Politoed|1\n|-crit|p2b: Politoed\n|-damage|p2b: Politoed|0 fnt\n|faint|p2b: Politoed\n|\n|win|25528989d\n|raw|25528989d's rating: 1050 &rarr; <strong>1081</strong><br />(+31 for winning)\n|raw|Aldo wgc's rating: 1039 &rarr; <strong>1024</strong><br />(-15 for losing)\n",
  "uploadtime": 1776150919,
  "views": 19,
  "formatid": "gen9championsvgc2026regma",
  "rating": 1024,
  "private": 0,
  "password": null
}