{
  "id": "gen9championsvgc2026regma-2581356353",
  "format": "[Gen 9 Champions] VGC 2026 Reg M-A",
  "players": [
    "Flakenz",
    "Caronte04"
  ],
  "log": "|j|\u2606Flakenz\n|j|\u2606Caronte04\n|t:|1775991041\n|gametype|doubles\n|player|p1|Flakenz|boarder|1000\n|player|p2|Caronte04|170|1097\n|gen|9\n|tier|[Gen 9 Champions] VGC 2026 Reg M-A\n|rated|\n|rule|Species Clause: Limit one of each Pok\u00e9mon\n|rule|Item Clause: Limit 1 of each item\n|clearpoke\n|poke|p1|Aerodactyl, L50, F|\n|poke|p1|Palafin, L50, M|\n|poke|p1|Incineroar, L50, F|\n|poke|p1|Sinistcha, L50|\n|poke|p1|Kangaskhan, L50, F|\n|poke|p1|Zoroark-Hisui, L50, M|\n|poke|p2|Drampa, L50, F|\n|poke|p2|Alakazam, L50, M|\n|poke|p2|Sinistcha, L50|\n|poke|p2|Pelipper, L50, F|\n|poke|p2|Basculegion, L50, M|\n|poke|p2|Scizor, L50, M|\n|teampreview|4\n|inactive|Battle timer is ON: inactive players will automatically lose when time's up. (requested by Caronte04)\n|inactive|Flakenz has 60 seconds left.\n|\n|t:|1775991073\n|teamsize|p1|4\n|teamsize|p2|4\n|start\n|switch|p1a: Aerodactyl|Aerodactyl, L50, F|100/100\n|switch|p1b: Kangaskhan|Kangaskhan, L50, F|100/100\n|switch|p2a: Drampa|Drampa, L50, F, shiny|100/100\n|switch|p2b: Alakazam|Alakazam, L50, M, shiny|100/100\n|-ability|p1a: Aerodactyl|Unnerve\n|-ability|p2a: Drampa|Cloud Nine\n|turn|1\n|\n|t:|1775991097\n|detailschange|p2a: Drampa|Drampa-Mega, L50, F, shiny\n|-mega|p2a: Drampa|Drampa|Drampanite\n|move|p2b: Alakazam|Reflect|p2b: Alakazam\n|-sidestart|p2: Caronte04|Reflect\n|move|p1a: Aerodactyl|Rock Slide|p2b: Alakazam|[spread] p2a,p2b\n|-damage|p2a: Drampa|85/100\n|-damage|p2b: Alakazam|65/100\n|move|p1b: Kangaskhan|Shadow Ball|p2b: Alakazam\n|-supereffective|p2b: Alakazam|1\n|-damage|p2b: Alakazam|0 fnt\n|faint|p2b: Alakazam\n|cant|p2a: Drampa|flinch\n|\n|upkeep\n|\n|t:|1775991113\n|switch|p2b: Sinistcha|Sinistcha, L50, shiny|100/100\n|-heal|p2a: Drampa|100/100|[from] ability: Hospitality|[of] p2b: Sinistcha\n|turn|2\n|inactive|Flakenz has 30 seconds left.\n|\n|t:|1775991140\n|switch|p1b: Kangaskhan|Kangaskhan, L50, F|100/100\n|move|p1a: Aerodactyl|Dual Wingbeat|p2b: Sinistcha\n|-supereffective|p2b: Sinistcha|1\n|-damage|p2b: Sinistcha|80/100\n|-supereffective|p2b: Sinistcha|1\n|-damage|p2b: Sinistcha|59/100\n|-hitcount|p2b: Sinistcha|2\n|move|p2a: Drampa|Calm Mind|p2a: Drampa\n|-boost|p2a: Drampa|spa|1\n|-boost|p2a: Drampa|spd|1\n|move|p2b: Sinistcha|Trick Room|p2b: Sinistcha\n|-fieldstart|move: Trick Room|[of] p2b: Sinistcha\n|\n|upkeep\n|turn|3\n|inactive|Flakenz has 30 seconds left.\n|inactive|Caronte04 has 30 seconds left.\n|inactive|Caronte04 has 20 seconds left.\n|inactive|Caronte04 has 15 seconds left.\n|inactive|Caronte04 has 10 seconds left.\n|\n|t:|1775991187\n|detailschange|p1b: Kangaskhan|Kangaskhan-Mega, L50, F\n|-mega|p1b: Kangaskhan|Kangaskhan|Kangaskhanite\n|move|p1b: Kangaskhan|Fake Out|p2a: Drampa\n|-damage|p2a: Drampa|88/100\n|-damage|p2a: Drampa|85/100\n|-hitcount|p2a: Drampa|2\n|cant|p2a: Drampa|flinch\n|move|p2b: Sinistcha|Matcha Gotcha|p1a: Aerodactyl|[spread] p1a,p1b\n|-damage|p1a: Aerodactyl|63/100\n|-heal|p2b: Sinistcha|76/100|[from] drain|[of] p1a: Aerodactyl\n|-damage|p1b: Kangaskhan|81/100\n|-heal|p2b: Sinistcha|88/100|[from] drain|[of] p1b: Kangaskhan\n|-status|p1a: Aerodactyl|brn\n|-status|p1b: Kangaskhan|brn\n|move|p1a: Aerodactyl|Rock Slide|p2a: Drampa|[spread] p2a,p2b\n|-crit|p2b: Sinistcha\n|-damage|p2a: Drampa|78/100\n|-damage|p2b: Sinistcha|72/100\n|\n|-damage|p1b: Kangaskhan|75/100 brn|[from] brn\n|-damage|p1a: Aerodactyl|58/100 brn|[from] brn\n|upkeep\n|turn|4\n|inactive|Flakenz has 30 seconds left.\n|inactive|Caronte04 has 30 seconds left.\n|\n|t:|1775991219\n|move|p1b: Kangaskhan|Sucker Punch||[still]\n|-fail|p1b: Kangaskhan\n|move|p2a: Drampa|Hyper Voice|p1b: Kangaskhan|[spread] p1a,p1b\n|-resisted|p1a: Aerodactyl|1\n|-damage|p1a: Aerodactyl|8/100 brn\n|-damage|p1b: Kangaskhan|15/100 brn\n|move|p2b: Sinistcha|Life Dew|p2b: Sinistcha|[spread] p2a,p2b\n|-heal|p2a: Drampa|100/100\n|-heal|p2b: Sinistcha|98/100\n|move|p1a: Aerodactyl|Rock Slide|p2a: Drampa|[spread] p2a,p2b\n|-damage|p2a: Drampa|92/100\n|-damage|p2b: Sinistcha|91/100\n|\n|-damage|p1b: Kangaskhan|9/100 brn|[from] brn\n|-damage|p1a: Aerodactyl|2/100 brn|[from] brn\n|upkeep\n|turn|5\n|\n|t:|1775991235\n|switch|p1b: Kangaskhan|Kangaskhan-Mega, L50, F|100/100\n|move|p2a: Drampa|Hyper Voice|p1b: Kangaskhan|[spread] p1a\n|-immune|p1b: Kangaskhan\n|-resisted|p1a: Aerodactyl|1\n|-damage|p1a: Aerodactyl|0 fnt\n|faint|p1a: Aerodactyl\n|move|p2b: Sinistcha|Life Dew|p2b: Sinistcha|[spread] p2a,p2b\n|-heal|p2a: Drampa|100/100\n|-heal|p2b: Sinistcha|100/100\n|\n|-sideend|p2: Caronte04|Reflect\n|upkeep\n|\n|t:|1775991246\n|switch|p1a: Palafin|Palafin, L50, M|100/100\n|turn|6\n|\n|t:|1775991268\n|detailschange|p1a: Palafin|Palafin-Hero, L50, M\n|switch|p1a: Kangaskhan|Kangaskhan-Mega, L50, F|9/100 brn\n|move|p2a: Drampa|Protect|p2a: Drampa\n|-singleturn|p2a: Drampa|Protect\n|move|p2b: Sinistcha|Matcha Gotcha|p1a: Kangaskhan|[spread] p1a\n|-miss|p2b: Sinistcha|p1b: Kangaskhan\n|-damage|p1a: Kangaskhan|0 fnt\n|faint|p1a: Kangaskhan\n|move|p1b: Kangaskhan|Nasty Plot|p1b: Kangaskhan\n|-boost|p1b: Kangaskhan|spa|2\n|\n|-fieldend|move: Trick Room\n|upkeep\n|\n|t:|1775991282\n|switch|p1a: Palafin|Palafin-Hero, L50, M|100/100\n|-activate|p1a: Palafin|ability: Zero to Hero\n|turn|7\n|\n|t:|1775991293\n|move|p1b: Kangaskhan|Shadow Ball|p2b: Sinistcha\n|-supereffective|p2b: Sinistcha|1\n|-damage|p2b: Sinistcha|0 fnt\n|faint|p2b: Sinistcha\n|move|p1a: Palafin|Close Combat|p2a: Drampa\n|-supereffective|p2a: Drampa|1\n|-damage|p2a: Drampa|16/100\n|-unboost|p1a: Palafin|def|1\n|-unboost|p1a: Palafin|spd|1\n|-ability|p2a: Drampa|Berserk|boost\n|-boost|p2a: Drampa|spa|1\n|move|p2a: Drampa|Earth Power|p1b: Kangaskhan\n|-enditem|p1b: Kangaskhan|Focus Sash\n|-damage|p1b: Kangaskhan|1/100\n|replace|p1b: Zoroark|Zoroark-Hisui, L50, M\n|-end|p1b: Zoroark|Illusion\n|\n|upkeep\n|\n|t:|1775991300\n|switch|p2b: Basculegion|Basculegion, L50, M, shiny|100/100\n|turn|8\n|\n|t:|1775991316\n|move|p2b: Basculegion|Aqua Jet|p1b: Zoroark\n|-damage|p1b: Zoroark|0 fnt\n|faint|p1b: Zoroark\n|move|p1a: Palafin|Jet Punch|p2a: Drampa\n|-resisted|p2a: Drampa|1\n|-damage|p2a: Drampa|0 fnt\n|faint|p2a: Drampa\n|\n|upkeep\n|turn|9\n|\n|t:|1775991334\n|move|p1a: Palafin|Protect|p1a: Palafin\n|-singleturn|p1a: Palafin|Protect\n|move|p2b: Basculegion|Last Respects|p1a: Palafin\n|-activate|p1a: Palafin|move: Protect\n|\n|upkeep\n|turn|10\n|\n|t:|1775991340\n|move|p2b: Basculegion|Last Respects|p1a: Palafin\n|-damage|p1a: Palafin|0 fnt\n|faint|p1a: Palafin\n|\n|win|Caronte04\n|raw|Flakenz's rating: 1000 &rarr; <strong>1000</strong><br />(+0 for losing)\n|raw|Caronte04's rating: 1097 &rarr; <strong>1116</strong><br />(+19 for winning)\n",
  "uploadtime": 1775991341,
  "views": 26,
  "formatid": "gen9championsvgc2026regma",
  "rating": 1000,
  "private": 0,
  "password": null
}