{
  "id": "gen9championsvgc2026regma-2588774048",
  "format": "[Gen 9 Champions] VGC 2026 Reg M-A",
  "players": [
    "martisparkles",
    "flarrium"
  ],
  "log": "|j|\u2606martisparkles\n|j|\u2606flarrium\n|t:|1776669037\n|gametype|doubles\n|player|p1|martisparkles|lyra|1005\n|player|p2|flarrium|169|1000\n|gen|9\n|tier|[Gen 9 Champions] VGC 2026 Reg M-A\n|rated|\n|rule|Species Clause: Limit one of each Pok\u00e9mon\n|rule|Item Clause: Limit 1 of each item\n|clearpoke\n|poke|p1|Delphox, L50, F|\n|poke|p1|Basculegion, L50, M|\n|poke|p1|Clefable, L50, M|\n|poke|p1|Kingambit, L50, F|\n|poke|p1|Dragonite, L50, F|\n|poke|p1|Sneasler, L50, M|\n|poke|p2|Beedrill, L50, M|\n|poke|p2|Talonflame, L50, M|\n|poke|p2|Decidueye, L50, M|\n|poke|p2|Snorlax, L50, M|\n|poke|p2|Sableye, L50, M|\n|poke|p2|Goodra-Hisui, L50, F|\n|teampreview|4\n|\n|t:|1776669075\n|teamsize|p1|4\n|teamsize|p2|4\n|start\n|switch|p1a: Basculegion|Basculegion, L50, M|100/100\n|switch|p1b: Delphox|Delphox, L50, F|100/100\n|switch|p2a: Beedrill|Beedrill, L50, M|100/100\n|switch|p2b: Talonflame|Talonflame, L50, M|100/100\n|turn|1\n|\n|t:|1776669103\n|detailschange|p1b: Delphox|Delphox-Mega, L50, F\n|-mega|p1b: Delphox|Delphox|Delphoxite\n|detailschange|p2a: Beedrill|Beedrill-Mega, L50, M\n|-mega|p2a: Beedrill|Beedrill|Beedrillite\n|move|p2a: Beedrill|U-turn|p1b: Delphox\n|-damage|p1b: Delphox|22/100\n|\n|t:|1776669111\n|switch|p2a: Sableye|Sableye, L50, M|100/100|[from] U-turn\n|move|p1b: Delphox|Heat Wave|p2a: Sableye|[spread] p2a,p2b\n|-resisted|p2b: Talonflame|1\n|-damage|p2a: Sableye|51/100\n|-damage|p2b: Talonflame|70/100\n|-status|p2a: Sableye|brn\n|move|p2b: Talonflame|Will-O-Wisp|p1a: Basculegion\n|-status|p1a: Basculegion|brn\n|move|p1a: Basculegion|Flip Turn|p2b: Talonflame\n|-supereffective|p2b: Talonflame|1\n|-damage|p2b: Talonflame|11/100\n|\n|t:|1776669129\n|switch|p1a: Kingambit|Kingambit, L50, F|100/100|[from] Flip Turn\n|\n|-damage|p2a: Sableye|45/100 brn|[from] brn\n|upkeep\n|turn|2\n|\n|t:|1776669156\n|move|p2a: Sableye|Fake Out|p1a: Kingambit\n|-resisted|p1a: Kingambit|1\n|-damage|p1a: Kingambit|99/100\n|cant|p1a: Kingambit|flinch\n|move|p1b: Delphox|Heat Wave|p2b: Talonflame|[spread] p2a,p2b\n|-resisted|p2b: Talonflame|1\n|-damage|p2a: Sableye|0 fnt\n|-damage|p2b: Talonflame|0 fnt\n|faint|p2a: Sableye\n|faint|p2b: Talonflame\n|\n|upkeep\n|\n|t:|1776669167\n|switch|p2b: Goodra|Goodra-Hisui, L50, F|100/100\n|switch|p2a: Beedrill|Beedrill-Mega, L50, M|100/100\n|turn|3\n|\n|t:|1776669184\n|move|p1a: Kingambit|Sucker Punch|p2b: Goodra\n|-damage|p2b: Goodra|67/100\n|move|p2a: Beedrill|U-turn|p1b: Delphox\n|-damage|p1b: Delphox|0 fnt\n|faint|p1b: Delphox\n|move|p2b: Goodra|Body Press|p1a: Kingambit\n|-supereffective|p1a: Kingambit|2\n|-damage|p1a: Kingambit|22/100\n|\n|-heal|p2b: Goodra|73/100|[from] item: Leftovers\n|upkeep\n|\n|t:|1776669194\n|switch|p1b: Sneasler|Sneasler, L50, M|100/100\n|turn|4\n|\n|t:|1776669207\n|move|p1b: Sneasler|Fake Out|p2a: Beedrill\n|-damage|p2a: Beedrill|68/100\n|move|p1a: Kingambit|Sucker Punch||[still]\n|-fail|p1a: Kingambit\n|cant|p2a: Beedrill|flinch\n|move|p2b: Goodra|Shelter|p2b: Goodra\n|-boost|p2b: Goodra|def|2\n|\n|-heal|p2b: Goodra|79/100|[from] item: Leftovers\n|upkeep\n|turn|5\n|\n|t:|1776669226\n|move|p1a: Kingambit|Sucker Punch|p2a: Beedrill\n|-damage|p2a: Beedrill|0 fnt\n|faint|p2a: Beedrill\n|move|p1b: Sneasler|Close Combat|p2b: Goodra\n|-supereffective|p2b: Goodra|1\n|-damage|p2b: Goodra|39/100\n|-unboost|p1b: Sneasler|def|1\n|-unboost|p1b: Sneasler|spd|1\n|move|p2b: Goodra|Shelter|p2b: Goodra\n|-boost|p2b: Goodra|def|2\n|\n|-heal|p2b: Goodra|45/100|[from] item: Leftovers\n|upkeep\n|turn|6\n|\n|t:|1776669245\n|move|p1a: Kingambit|Sucker Punch||[still]\n|-fail|p1a: Kingambit\n|move|p1b: Sneasler|Close Combat|p2b: Goodra\n|-supereffective|p2b: Goodra|1\n|-damage|p2b: Goodra|13/100\n|-unboost|p1b: Sneasler|def|1\n|-unboost|p1b: Sneasler|spd|1\n|move|p2b: Goodra|Life Dew|p2b: Goodra\n|-heal|p2b: Goodra|38/100\n|\n|-heal|p2b: Goodra|44/100|[from] item: Leftovers\n|upkeep\n|turn|7\n|\n|t:|1776669263\n|move|p1a: Kingambit|Sucker Punch|p2b: Goodra\n|-damage|p2b: Goodra|33/100\n|move|p1b: Sneasler|Dire Claw|p2b: Goodra\n|-immune|p2b: Goodra\n|move|p2b: Goodra|Body Press|p1b: Sneasler\n|-resisted|p1b: Sneasler|1\n|-enditem|p1b: Sneasler|Focus Sash\n|-damage|p1b: Sneasler|1/100\n|\n|-heal|p2b: Goodra|38/100|[from] item: Leftovers\n|upkeep\n|turn|8\n|\n|t:|1776669278\n|move|p1b: Sneasler|Close Combat|p2b: Goodra\n|-supereffective|p2b: Goodra|1\n|-damage|p2b: Goodra|10/100\n|-unboost|p1b: Sneasler|def|1\n|-unboost|p1b: Sneasler|spd|1\n|move|p2b: Goodra|Heavy Slam|p1b: Sneasler\n|-crit|p1b: Sneasler\n|-damage|p1b: Sneasler|0 fnt\n|faint|p1b: Sneasler\n|move|p1a: Kingambit|Swords Dance|p1a: Kingambit\n|-boost|p1a: Kingambit|atk|2\n|\n|-heal|p2b: Goodra|15/100|[from] item: Leftovers\n|upkeep\n|\n|t:|1776669290\n|switch|p1b: Basculegion|Basculegion, L50, M|100/100 brn\n|turn|9\n|\n|t:|1776669300\n|move|p1a: Kingambit|Sucker Punch||[still]\n|-fail|p1a: Kingambit\n|move|p1b: Basculegion|Last Respects|p2b: Goodra\n|-damage|p2b: Goodra|4/100\n|move|p2b: Goodra|Life Dew|p2b: Goodra\n|-heal|p2b: Goodra|29/100\n|\n|-heal|p2b: Goodra|35/100|[from] item: Leftovers\n|-damage|p1b: Basculegion|94/100 brn|[from] brn\n|upkeep\n|turn|10\n|\n|t:|1776669313\n|move|p1a: Kingambit|Sucker Punch|p2b: Goodra\n|-damage|p2b: Goodra|13/100\n|move|p1b: Basculegion|Last Respects|p2b: Goodra\n|-damage|p2b: Goodra|0 fnt\n|faint|p2b: Goodra\n|\n|win|martisparkles\n|raw|martisparkles's rating: 1005 &rarr; <strong>1044</strong><br />(+39 for winning)\n|raw|flarrium's rating: 1000 &rarr; <strong>1000</strong><br />(+0 for losing)\n|l|\u2606flarrium\n|player|p2|\n",
  "uploadtime": 1776669320,
  "views": 16,
  "formatid": "gen9championsvgc2026regma",
  "rating": 1000,
  "private": 0,
  "password": null
}