{
  "id": "gen9championsvgc2026regma-2585253421",
  "format": "[Gen 9 Champions] VGC 2026 Reg M-A",
  "players": [
    "olecram2102",
    "mmmmiraclee"
  ],
  "log": "|j|\u2606olecram2102\n|j|\u2606mmmmiraclee\n|t:|1776330319\n|gametype|doubles\n|player|p1|olecram2102|silver|1040\n|player|p2|mmmmiraclee|blaine|1087\n|gen|9\n|tier|[Gen 9 Champions] VGC 2026 Reg M-A\n|rated|\n|rule|Species Clause: Limit one of each Pok\u00e9mon\n|rule|Item Clause: Limit 1 of each item\n|clearpoke\n|poke|p1|Goodra-Hisui, L50, M|\n|poke|p1|Farigiraf, L50, M|\n|poke|p1|Conkeldurr, L50, F|\n|poke|p1|Sableye, L50, F|\n|poke|p1|Torkoal, L50, F|\n|poke|p1|Azumarill, L50, M|\n|poke|p2|Tyranitar, L50, M|\n|poke|p2|Excadrill, L50, M|\n|poke|p2|Sinistcha, L50|\n|poke|p2|Primarina, L50, F|\n|poke|p2|Corviknight, L50, F|\n|poke|p2|Incineroar, L50, F|\n|teampreview|4\n|\n|t:|1776330363\n|teamsize|p1|4\n|teamsize|p2|4\n|start\n|switch|p1a: Farigiraf|Farigiraf, L50, M|100/100\n|switch|p1b: Conkeldurr|Conkeldurr, L50, F|100/100\n|switch|p2a: Tyranitar|Tyranitar, L50, M, shiny|100/100\n|switch|p2b: Excadrill|Excadrill, L50, M, shiny|100/100\n|-weather|Sandstorm|[from] ability: Sand Stream|[of] p2a: Tyranitar\n|turn|1\n|\n|t:|1776330378\n|move|p1a: Farigiraf|Protect|p1a: Farigiraf\n|-singleturn|p1a: Farigiraf|Protect\n|move|p2b: Excadrill|Iron Head|p1a: Farigiraf\n|-activate|p1a: Farigiraf|move: Protect\n|move|p2a: Tyranitar|Crunch|p1a: Farigiraf\n|-activate|p1a: Farigiraf|move: Protect\n|move|p1b: Conkeldurr|Drain Punch|p2b: Excadrill\n|-supereffective|p2b: Excadrill|1\n|-enditem|p2b: Excadrill|Focus Sash\n|-damage|p2b: Excadrill|1/100\n|\n|-weather|Sandstorm|[upkeep]\n|-damage|p1a: Farigiraf|94/100|[from] Sandstorm\n|-damage|p1b: Conkeldurr|94/100|[from] Sandstorm\n|upkeep\n|turn|2\n|\n|t:|1776330398\n|switch|p1a: Azumarill|Azumarill, L50, M|100/100\n|move|p2a: Tyranitar|Protect|p2a: Tyranitar\n|-singleturn|p2a: Tyranitar|Protect\n|move|p2b: Excadrill|Earthquake|p1b: Conkeldurr|[spread] p1a,p1b\n|-activate|p2a: Tyranitar|move: Protect\n|-damage|p1a: Azumarill|56/100\n|-damage|p1b: Conkeldurr|58/100\n|move|p1b: Conkeldurr|Rock Slide|p2b: Excadrill|[spread] p2b\n|-activate|p2a: Tyranitar|move: Protect\n|-resisted|p2b: Excadrill|2\n|-damage|p2b: Excadrill|0 fnt\n|faint|p2b: Excadrill\n|\n|-weather|Sandstorm|[upkeep]\n|-damage|p1a: Azumarill|50/100|[from] Sandstorm\n|-damage|p1b: Conkeldurr|51/100|[from] Sandstorm\n|upkeep\n|\n|t:|1776330413\n|switch|p2b: Incineroar|Incineroar, L50, F, shiny|100/100\n|-ability|p2b: Incineroar|Intimidate|boost\n|-unboost|p1a: Azumarill|atk|1\n|-unboost|p1b: Conkeldurr|atk|1\n|turn|3\n|\n|t:|1776330425\n|switch|p1a: Farigiraf|Farigiraf, L50, M|94/100\n|move|p2b: Incineroar|Fake Out||[still]\n|cant|p1a: Farigiraf|ability: Armor Tail|Fake Out|[of] p2b: Incineroar\n|move|p2a: Tyranitar|Rock Slide|p1b: Conkeldurr|[spread] p1a,p1b\n|-resisted|p1b: Conkeldurr|1\n|-damage|p1a: Farigiraf|65/100\n|-damage|p1b: Conkeldurr|36/100\n|-enditem|p1b: Conkeldurr|Sitrus Berry|[eat]\n|-heal|p1b: Conkeldurr|61/100|[from] item: Sitrus Berry\n|cant|p1b: Conkeldurr|flinch\n|\n|-weather|Sandstorm|[upkeep]\n|-damage|p2b: Incineroar|95/100|[from] Sandstorm\n|-damage|p1a: Farigiraf|59/100|[from] Sandstorm\n|-damage|p1b: Conkeldurr|55/100|[from] Sandstorm\n|upkeep\n|turn|4\n|\n|t:|1776330448\n|detailschange|p2a: Tyranitar|Tyranitar-Mega, L50, M, shiny\n|-mega|p2a: Tyranitar|Tyranitar|Tyranitarite\n|move|p2a: Tyranitar|Protect|p2a: Tyranitar\n|-singleturn|p2a: Tyranitar|Protect\n|move|p1b: Conkeldurr|Protect|p1b: Conkeldurr\n|-singleturn|p1b: Conkeldurr|Protect\n|move|p2b: Incineroar|Flare Blitz|p1b: Conkeldurr\n|-activate|p1b: Conkeldurr|move: Protect\n|move|p1a: Farigiraf|Trick Room|p1a: Farigiraf\n|-fieldstart|move: Trick Room|[of] p1a: Farigiraf\n|\n|-weather|Sandstorm|[upkeep]\n|-damage|p1b: Conkeldurr|49/100|[from] Sandstorm\n|-damage|p1a: Farigiraf|53/100|[from] Sandstorm\n|-damage|p2b: Incineroar|89/100|[from] Sandstorm\n|upkeep\n|turn|5\n|inactive|Battle timer is ON: inactive players will automatically lose when time's up. (requested by olecram2102)\n|\n|t:|1776330508\n|switch|p2a: Sinistcha|Sinistcha, L50, shiny|100/100\n|-heal|p2b: Incineroar|100/100|[from] ability: Hospitality|[of] p2a: Sinistcha\n|move|p1b: Conkeldurr|Drain Punch|p2a: Sinistcha\n|-immune|p2a: Sinistcha\n|move|p1a: Farigiraf|Hyper Voice|p2b: Incineroar|[spread] p2b\n|-immune|p2a: Sinistcha\n|-damage|p2b: Incineroar|74/100\n|move|p2b: Incineroar|Darkest Lariat|p1a: Farigiraf\n|-supereffective|p1a: Farigiraf|1\n|-damage|p1a: Farigiraf|0 fnt\n|faint|p1a: Farigiraf\n|\n|-weather|none\n|upkeep\n|\n|t:|1776330514\n|switch|p1a: Torkoal|Torkoal, L50, F|100/100\n|-weather|SunnyDay|[from] ability: Drought|[of] p1a: Torkoal\n|turn|6\n|\n|t:|1776330532\n|switch|p1b: Azumarill|Azumarill, L50, M|50/100\n|switch|p2b: Tyranitar|Tyranitar-Mega, L50, M, shiny|100/100\n|-weather|Sandstorm|[from] ability: Sand Stream|[of] p2b: Tyranitar\n|move|p1a: Torkoal|Eruption|p2b: Tyranitar|[spread] p2a,p2b\n|-supereffective|p2a: Sinistcha|1\n|-resisted|p2b: Tyranitar|1\n|-damage|p2a: Sinistcha|0 fnt\n|-damage|p2b: Tyranitar|85/100\n|faint|p2a: Sinistcha\n|\n|-weather|Sandstorm|[upkeep]\n|-damage|p1a: Torkoal|94/100|[from] Sandstorm\n|-damage|p1b: Azumarill|44/100|[from] Sandstorm\n|upkeep\n|\n|t:|1776330545\n|switch|p2a: Incineroar|Incineroar, L50, F, shiny|74/100\n|-ability|p2a: Incineroar|Intimidate|boost\n|-unboost|p1a: Torkoal|atk|1\n|-unboost|p1b: Azumarill|atk|1\n|turn|7\n|\n|t:|1776330558\n|switch|p1a: Conkeldurr|Conkeldurr, L50, F|49/100\n|move|p1b: Azumarill|Protect|p1b: Azumarill\n|-singleturn|p1b: Azumarill|Protect\n|move|p2a: Incineroar|Fake Out|p1a: Conkeldurr\n|-damage|p1a: Conkeldurr|39/100\n|move|p2b: Tyranitar|Rock Slide|p1b: Azumarill|[spread] p1a\n|-activate|p1b: Azumarill|move: Protect\n|-resisted|p1a: Conkeldurr|1\n|-damage|p1a: Conkeldurr|22/100\n|\n|-weather|Sandstorm|[upkeep]\n|-damage|p1a: Conkeldurr|16/100|[from] Sandstorm\n|-damage|p1b: Azumarill|38/100|[from] Sandstorm\n|-damage|p2a: Incineroar|68/100|[from] Sandstorm\n|upkeep\n|turn|8\n|inactive|mmmmiraclee has 30 seconds left.\n|inactive|mmmmiraclee has 20 seconds left.\n|\n|t:|1776330598\n|move|p1a: Conkeldurr|Drain Punch|p2a: Incineroar\n|-supereffective|p2a: Incineroar|1\n|-damage|p2a: Incineroar|0 fnt\n|-heal|p1a: Conkeldurr|48/100|[from] drain|[of] p2a: Incineroar\n|faint|p2a: Incineroar\n|move|p1b: Azumarill|Liquidation|p2b: Tyranitar\n|-supereffective|p2b: Tyranitar|1\n|-damage|p2b: Tyranitar|31/100\n|move|p2b: Tyranitar|Rock Slide|p1b: Azumarill|[spread] \n|-miss|p2b: Tyranitar|p1a: Conkeldurr\n|-miss|p2b: Tyranitar|p1b: Azumarill\n|\n|-weather|Sandstorm|[upkeep]\n|-damage|p1a: Conkeldurr|42/100|[from] Sandstorm\n|-damage|p1b: Azumarill|32/100|[from] Sandstorm\n|-fieldend|move: Trick Room\n|upkeep\n|turn|9\n|c|\u2606olecram2102|GG\n|\n|t:|1776330617\n|move|p1b: Azumarill|Aqua Jet|p2b: Tyranitar\n|-supereffective|p2b: Tyranitar|1\n|-damage|p2b: Tyranitar|7/100\n|move|p2b: Tyranitar|Rock Slide|p1a: Conkeldurr|[spread] p1a,p1b\n|-resisted|p1a: Conkeldurr|1\n|-damage|p1a: Conkeldurr|25/100\n|-damage|p1b: Azumarill|0 fnt\n|faint|p1b: Azumarill\n|move|p1a: Conkeldurr|Drain Punch|p2b: Tyranitar\n|-supereffective|p2b: Tyranitar|2\n|-damage|p2b: Tyranitar|0 fnt\n|-heal|p1a: Conkeldurr|28/100|[from] drain|[of] p2b: Tyranitar\n|faint|p2b: Tyranitar\n|\n|win|olecram2102\n|raw|olecram2102's rating: 1040 &rarr; <strong>1079</strong><br />(+39 for winning)\n|raw|mmmmiraclee's rating: 1087 &rarr; <strong>1061</strong><br />(-26 for losing)\n|l|\u2606mmmmiraclee\n|player|p2|\n",
  "uploadtime": 1776330642,
  "views": 23,
  "formatid": "gen9championsvgc2026regma",
  "rating": 1061,
  "private": 0,
  "password": null
}