{
  "id": "gen9championsvgc2026regma-2585280767",
  "format": "[Gen 9 Champions] VGC 2026 Reg M-A",
  "players": [
    "yumlll",
    "eloy710"
  ],
  "log": "|j|\u2606yumlll\n|j|\u2606eloy710\n|t:|1776333326\n|gametype|doubles\n|player|p1|yumlll|falkner|1104\n|player|p2|eloy710|cynthia-gen4|1102\n|gen|9\n|tier|[Gen 9 Champions] VGC 2026 Reg M-A\n|rated|\n|rule|Species Clause: Limit one of each Pok\u00e9mon\n|rule|Item Clause: Limit 1 of each item\n|clearpoke\n|poke|p1|Umbreon, L50, M|\n|poke|p1|Incineroar, L50, F|\n|poke|p1|Gengar, L50, F|\n|poke|p1|Clefable, L50, M|\n|poke|p1|Stunfisk-Galar, L50, F|\n|poke|p1|Toxapex, L50, F|\n|poke|p2|Tyranitar, L50, F|\n|poke|p2|Aegislash, L50, F|\n|poke|p2|Excadrill, L50, M|\n|poke|p2|Incineroar, L50, F|\n|poke|p2|Whimsicott, L50, M|\n|poke|p2|Rotom-Wash, L50|\n|teampreview|4\n|\n|t:|1776333341\n|teamsize|p1|4\n|teamsize|p2|4\n|start\n|switch|p1a: Umbreon|Umbreon, L50, M|100/100\n|switch|p1b: Gengar|Gengar, L50, F|100/100\n|switch|p2a: Tyranitar|Tyranitar, L50, F|100/100\n|switch|p2b: Whimsicott|Whimsicott, L50, M|100/100\n|-weather|Sandstorm|[from] ability: Sand Stream|[of] p2a: Tyranitar\n|turn|1\n|\n|t:|1776333353\n|detailschange|p1b: Gengar|Gengar-Mega, L50, F\n|-mega|p1b: Gengar|Gengar|Gengarite\n|detailschange|p2a: Tyranitar|Tyranitar-Mega, L50, F\n|-mega|p2a: Tyranitar|Tyranitar|Tyranitarite\n|move|p1b: Gengar|Protect|p1b: Gengar\n|-singleturn|p1b: Gengar|Protect\n|move|p2b: Whimsicott|Tailwind|p2b: Whimsicott\n|-sidestart|p2: eloy710|move: Tailwind\n|move|p2a: Tyranitar|Knock Off|p1b: Gengar\n|-activate|p1b: Gengar|move: Protect\n|move|p1a: Umbreon|Yawn|p2a: Tyranitar\n|-start|p2a: Tyranitar|move: Yawn|[of] p1a: Umbreon\n|\n|-weather|Sandstorm|[upkeep]\n|-damage|p2b: Whimsicott|95/100|[from] Sandstorm\n|-damage|p1b: Gengar|95/100|[from] Sandstorm\n|-damage|p1a: Umbreon|95/100|[from] Sandstorm\n|-heal|p1a: Umbreon|100/100|[from] item: Leftovers\n|upkeep\n|turn|2\n|\n|t:|1776333390\n|switch|p1b: Incineroar|Incineroar, L50, F|100/100\n|-ability|p1b: Incineroar|Intimidate|boost\n|-unboost|p2a: Tyranitar|atk|1\n|-unboost|p2b: Whimsicott|atk|1\n|move|p2b: Whimsicott|Dazzling Gleam|p1b: Incineroar|[spread] p1a,p1b\n|-supereffective|p1a: Umbreon|1\n|-damage|p1a: Umbreon|67/100\n|-damage|p1b: Incineroar|81/100\n|move|p2a: Tyranitar|Knock Off|p1b: Incineroar\n|-resisted|p1b: Incineroar|1\n|-damage|p1b: Incineroar|64/100\n|-enditem|p1b: Incineroar|Sitrus Berry|[from] move: Knock Off|[of] p2a: Tyranitar\n|move|p1a: Umbreon|Yawn|p2b: Whimsicott\n|-start|p2b: Whimsicott|move: Yawn|[of] p1a: Umbreon\n|\n|-weather|Sandstorm|[upkeep]\n|-damage|p2b: Whimsicott|89/100|[from] Sandstorm\n|-damage|p1b: Incineroar|58/100|[from] Sandstorm\n|-damage|p1a: Umbreon|61/100|[from] Sandstorm\n|-heal|p1a: Umbreon|67/100|[from] item: Leftovers\n|-end|p2a: Tyranitar|move: Yawn|[silent]\n|-status|p2a: Tyranitar|slp\n|upkeep\n|turn|3\n|\n|t:|1776333442\n|move|p2b: Whimsicott|Encore|p1a: Umbreon\n|-hint|Since gen 7, Dark is immune to Prankster moves.\n|-immune|p1a: Umbreon\n|cant|p2a: Tyranitar|slp\n|move|p1b: Incineroar|Parting Shot|p2a: Tyranitar\n|-unboost|p2a: Tyranitar|atk|1\n|-unboost|p2a: Tyranitar|spa|1\n|\n|t:|1776333450\n|switch|p1b: Gengar|Gengar-Mega, L50, F|95/100|[from] Parting Shot\n|move|p1a: Umbreon|Yawn||[still]\n|-fail|p1a: Umbreon\n|\n|-weather|Sandstorm|[upkeep]\n|-damage|p2b: Whimsicott|83/100|[from] Sandstorm\n|-damage|p1b: Gengar|89/100|[from] Sandstorm\n|-damage|p1a: Umbreon|61/100|[from] Sandstorm\n|-heal|p1a: Umbreon|67/100|[from] item: Leftovers\n|-end|p2b: Whimsicott|move: Yawn|[silent]\n|-status|p2b: Whimsicott|slp\n|upkeep\n|turn|4\n|\n|t:|1776333460\n|switch|p1a: Incineroar|Incineroar, L50, F|58/100\n|-ability|p1a: Incineroar|Intimidate|boost\n|-unboost|p2a: Tyranitar|atk|1\n|-unboost|p2b: Whimsicott|atk|1\n|cant|p2b: Whimsicott|slp\n|cant|p2a: Tyranitar|slp\n|move|p1b: Gengar|Perish Song|p1b: Gengar\n|-start|p1a: Incineroar|perish3|[silent]\n|-start|p1b: Gengar|perish3|[silent]\n|-start|p2a: Tyranitar|perish3|[silent]\n|-start|p2b: Whimsicott|perish3|[silent]\n|-fieldactivate|move: Perish Song\n|\n|-weather|Sandstorm|[upkeep]\n|-damage|p2b: Whimsicott|77/100 slp|[from] Sandstorm\n|-damage|p1b: Gengar|83/100|[from] Sandstorm\n|-damage|p1a: Incineroar|52/100|[from] Sandstorm\n|-start|p2b: Whimsicott|perish3\n|-start|p2a: Tyranitar|perish3\n|-start|p1b: Gengar|perish3\n|-start|p1a: Incineroar|perish3\n|-sideend|p2: eloy710|move: Tailwind\n|upkeep\n|turn|5\n|\n|t:|1776333485\n|move|p1b: Gengar|Protect|p1b: Gengar\n|-singleturn|p1b: Gengar|Protect\n|move|p1a: Incineroar|Protect|p1a: Incineroar\n|-singleturn|p1a: Incineroar|Protect\n|-curestatus|p2b: Whimsicott|slp|[msg]\n|move|p2b: Whimsicott|Dazzling Gleam|p1b: Gengar|[spread] \n|-activate|p1a: Incineroar|move: Protect\n|-activate|p1b: Gengar|move: Protect\n|-curestatus|p2a: Tyranitar|slp|[msg]\n|move|p2a: Tyranitar|Knock Off|p1b: Gengar\n|-activate|p1b: Gengar|move: Protect\n|\n|-weather|none\n|-start|p2b: Whimsicott|perish2\n|-start|p1b: Gengar|perish2\n|-start|p2a: Tyranitar|perish2\n|-start|p1a: Incineroar|perish2\n|upkeep\n|turn|6\n|\n|t:|1776333519\n|switch|p1b: Umbreon|Umbreon, L50, M|67/100\n|move|p2b: Whimsicott|Tailwind|p2b: Whimsicott\n|-sidestart|p2: eloy710|move: Tailwind\n|move|p2a: Tyranitar|Rock Slide|p1a: Incineroar|[spread] p1a,p1b\n|-supereffective|p1a: Incineroar|1\n|-damage|p1a: Incineroar|26/100\n|-damage|p1b: Umbreon|57/100\n|move|p1a: Incineroar|Parting Shot|p2a: Tyranitar\n|-unboost|p2a: Tyranitar|atk|1\n|-unboost|p2a: Tyranitar|spa|1\n|\n|t:|1776333530\n|switch|p1a: Gengar|Gengar-Mega, L50, F|83/100|[from] Parting Shot\n|\n|-heal|p1b: Umbreon|63/100|[from] item: Leftovers\n|-start|p2b: Whimsicott|perish1\n|-start|p2a: Tyranitar|perish1\n|upkeep\n|turn|7\n|\n|t:|1776333544\n|move|p1a: Gengar|Protect|p1a: Gengar\n|-singleturn|p1a: Gengar|Protect\n|move|p1b: Umbreon|Protect|p1b: Umbreon\n|-singleturn|p1b: Umbreon|Protect\n|move|p2b: Whimsicott|Dazzling Gleam|p1a: Gengar|[spread] \n|-activate|p1a: Gengar|move: Protect\n|-activate|p1b: Umbreon|move: Protect\n|move|p2a: Tyranitar|Low Kick|p1b: Umbreon\n|-activate|p1b: Umbreon|move: Protect\n|\n|-heal|p1b: Umbreon|69/100|[from] item: Leftovers\n|-start|p2b: Whimsicott|perish0\n|-start|p2a: Tyranitar|perish0\n|faint|p2b: Whimsicott\n|faint|p2a: Tyranitar\n|upkeep\n|\n|t:|1776333551\n|switch|p2b: Aegislash|Aegislash, L50, F|100/100\n|switch|p2a: Excadrill|Excadrill, L50, M|100/100\n|turn|8\n|\n|t:|1776333572\n|switch|p1a: Incineroar|Incineroar, L50, F|26/100\n|-ability|p1a: Incineroar|Intimidate|boost\n|-unboost|p2a: Excadrill|atk|1\n|-unboost|p2b: Aegislash|atk|1\n|move|p2a: Excadrill|Iron Head|p1b: Umbreon\n|-damage|p1b: Umbreon|51/100\n|-formechange|p2b: Aegislash|Aegislash-Blade|\n|move|p2b: Aegislash|Poltergeist||[still]\n|-fail|p2b: Aegislash\n|move|p1b: Umbreon|Yawn|p2a: Excadrill\n|-start|p2a: Excadrill|move: Yawn|[of] p1b: Umbreon\n|\n|-heal|p1b: Umbreon|57/100|[from] item: Leftovers\n|upkeep\n|turn|9\n|\n|t:|1776333595\n|move|p1a: Incineroar|Fake Out|p2a: Excadrill\n|-resisted|p2a: Excadrill|1\n|-crit|p2a: Excadrill\n|-damage|p2a: Excadrill|91/100\n|cant|p2a: Excadrill|flinch\n|move|p2b: Aegislash|Sacred Sword|p1b: Umbreon\n|-supereffective|p1b: Umbreon|1\n|-damage|p1b: Umbreon|24/100\n|move|p1b: Umbreon|Yawn|p2b: Aegislash\n|-start|p2b: Aegislash|move: Yawn|[of] p1b: Umbreon\n|\n|-heal|p1b: Umbreon|30/100|[from] item: Leftovers\n|-end|p2a: Excadrill|move: Yawn|[silent]\n|-status|p2a: Excadrill|slp\n|-sideend|p2: eloy710|move: Tailwind\n|upkeep\n|turn|10\n|\n|t:|1776333616\n|-formechange|p2b: Aegislash|Aegislash|\n|move|p2b: Aegislash|King's Shield|p2b: Aegislash\n|-singleturn|p2b: Aegislash|Protect\n|cant|p2a: Excadrill|slp\n|move|p1a: Incineroar|Parting Shot|p2a: Excadrill\n|-unboost|p2a: Excadrill|atk|1\n|-unboost|p2a: Excadrill|spa|1\n|\n|t:|1776333622\n|switch|p1a: Gengar|Gengar-Mega, L50, F|83/100|[from] Parting Shot\n|move|p1b: Umbreon|Foul Play|p2b: Aegislash\n|-activate|p2b: Aegislash|move: Protect\n|-unboost|p1b: Umbreon|atk|1\n|\n|-heal|p1b: Umbreon|36/100|[from] item: Leftovers\n|-end|p2b: Aegislash|move: Yawn|[silent]\n|-status|p2b: Aegislash|slp\n|upkeep\n|turn|11\n|\n|t:|1776333636\n|move|p1a: Gengar|Perish Song|p1a: Gengar\n|-start|p1a: Gengar|perish3|[silent]\n|-start|p1b: Umbreon|perish3|[silent]\n|-start|p2a: Excadrill|perish3|[silent]\n|-start|p2b: Aegislash|perish3|[silent]\n|-fieldactivate|move: Perish Song\n|cant|p2a: Excadrill|slp\n|cant|p2b: Aegislash|slp\n|move|p1b: Umbreon|Snarl|p2b: Aegislash|[spread] p2a,p2b\n|-crit|p2a: Excadrill\n|-supereffective|p2b: Aegislash|1\n|-damage|p2a: Excadrill|70/100 slp\n|-damage|p2b: Aegislash|83/100 slp\n|-unboost|p2a: Excadrill|spa|1\n|-unboost|p2b: Aegislash|spa|1\n|\n|-heal|p2b: Aegislash|89/100 slp|[from] item: Leftovers\n|-heal|p1b: Umbreon|42/100|[from] item: Leftovers\n|-start|p1a: Gengar|perish3\n|-start|p2a: Excadrill|perish3\n|-start|p2b: Aegislash|perish3\n|-start|p1b: Umbreon|perish3\n|upkeep\n|turn|12\n|\n|t:|1776333659\n|switch|p1a: Incineroar|Incineroar, L50, F|26/100\n|-ability|p1a: Incineroar|Intimidate|boost\n|-unboost|p2a: Excadrill|atk|1\n|-unboost|p2b: Aegislash|atk|1\n|-curestatus|p2a: Excadrill|slp|[msg]\n|move|p2a: Excadrill|High Horsepower|p1a: Incineroar\n|-supereffective|p1a: Incineroar|1\n|-damage|p1a: Incineroar|0 fnt\n|faint|p1a: Incineroar\n|cant|p2b: Aegislash|slp\n|move|p1b: Umbreon|Snarl|p2a: Excadrill|[spread] p2a\n|-miss|p1b: Umbreon|p2b: Aegislash\n|-damage|p2a: Excadrill|58/100\n|-unboost|p2a: Excadrill|spa|1\n|\n|-heal|p2b: Aegislash|95/100 slp|[from] item: Leftovers\n|-heal|p1b: Umbreon|48/100|[from] item: Leftovers\n|-start|p2a: Excadrill|perish2\n|-start|p2b: Aegislash|perish2\n|-start|p1b: Umbreon|perish2\n|upkeep\n|\n|t:|1776333673\n|switch|p1a: Stunfisk|Stunfisk-Galar, L50, F|100/100\n|turn|13\n|\n|t:|1776333685\n|move|p2a: Excadrill|High Horsepower|p1a: Stunfisk\n|-supereffective|p1a: Stunfisk|1\n|-damage|p1a: Stunfisk|59/100\n|-curestatus|p2b: Aegislash|slp|[msg]\n|-formechange|p2b: Aegislash|Aegislash-Blade|\n|move|p2b: Aegislash|Sacred Sword|p1b: Umbreon\n|-supereffective|p1b: Umbreon|1\n|-damage|p1b: Umbreon|25/100\n|move|p1b: Umbreon|Snarl|p2b: Aegislash|[spread] p2a,p2b\n|-supereffective|p2b: Aegislash|1\n|-damage|p2a: Excadrill|46/100\n|-damage|p2b: Aegislash|58/100\n|-unboost|p2a: Excadrill|spa|1\n|-unboost|p2b: Aegislash|spa|1\n|move|p1a: Stunfisk|Fissure|p2a: Excadrill|[miss]\n|-miss|p1a: Stunfisk|p2a: Excadrill\n|\n|-heal|p2b: Aegislash|63/100|[from] item: Leftovers\n|-heal|p1b: Umbreon|31/100|[from] item: Leftovers\n|-start|p2a: Excadrill|perish1\n|-start|p2b: Aegislash|perish1\n|-start|p1b: Umbreon|perish1\n|upkeep\n|turn|14\n|\n|t:|1776333706\n|move|p2a: Excadrill|High Horsepower|p1a: Stunfisk\n|-supereffective|p1a: Stunfisk|1\n|-damage|p1a: Stunfisk|16/100\n|move|p2b: Aegislash|Sacred Sword|p1b: Umbreon\n|-supereffective|p1b: Umbreon|1\n|-damage|p1b: Umbreon|6/100\n|move|p1b: Umbreon|Snarl|p2b: Aegislash|[spread] p2a,p2b\n|-crit|p2a: Excadrill\n|-supereffective|p2b: Aegislash|1\n|-damage|p2a: Excadrill|27/100\n|-damage|p2b: Aegislash|31/100\n|-unboost|p2a: Excadrill|spa|1\n|-unboost|p2b: Aegislash|spa|1\n|move|p1a: Stunfisk|Fissure|p2a: Excadrill|[miss]\n|-miss|p1a: Stunfisk|p2a: Excadrill\n|\n|-heal|p2b: Aegislash|37/100|[from] item: Leftovers\n|-heal|p1b: Umbreon|12/100|[from] item: Leftovers\n|-start|p2a: Excadrill|perish0\n|-start|p2b: Aegislash|perish0\n|-start|p1b: Umbreon|perish0\n|upkeep\n|faint|p2a: Excadrill\n|faint|p2b: Aegislash\n|faint|p1b: Umbreon\n|\n|win|yumlll\n|raw|yumlll's rating: 1104 &rarr; <strong>1129</strong><br />(+25 for winning)\n|raw|eloy710's rating: 1102 &rarr; <strong>1077</strong><br />(-25 for losing)\n|l|\u2606eloy710\n|player|p2|\n",
  "uploadtime": 1776333728,
  "views": 22,
  "formatid": "gen9championsvgc2026regma",
  "rating": 1077,
  "private": 0,
  "password": null
}