{
  "id": "gen9championsvgc2026regma-2582624952",
  "format": "[Gen 9 Champions] VGC 2026 Reg M-A",
  "players": [
    "Bamhm23",
    "Supersuperhero"
  ],
  "log": "|j|\u2606Bamhm23\n|j|\u2606Supersuperhero\n|t:|1776103389\n|gametype|doubles\n|player|p1|Bamhm23|169|1133\n|player|p2|Supersuperhero|102|1172\n|gen|9\n|tier|[Gen 9 Champions] VGC 2026 Reg M-A\n|rated|\n|rule|Species Clause: Limit one of each Pok\u00e9mon\n|rule|Item Clause: Limit 1 of each item\n|clearpoke\n|poke|p1|Pelipper, L50, M|\n|poke|p1|Dragonite, L50, M|\n|poke|p1|Sinistcha, L50|\n|poke|p1|Sneasler, L50, M|\n|poke|p1|Kingambit, L50, M|\n|poke|p1|Mamoswine, L50, M|\n|poke|p2|Sinistcha, L50|\n|poke|p2|Incineroar, L50, F|\n|poke|p2|Pelipper, L50, F|\n|poke|p2|Basculegion, L50, M|\n|poke|p2|Scizor, L50, M|\n|poke|p2|Dragonite, L50, F|\n|teampreview|4\n|inactive|Battle timer is ON: inactive players will automatically lose when time's up. (requested by Bamhm23)\n|\n|t:|1776103420\n|teamsize|p1|4\n|teamsize|p2|4\n|start\n|switch|p1a: Kingambit|Kingambit, L50, M|100/100\n|switch|p1b: Mamoswine|Mamoswine, L50, M|100/100\n|switch|p2a: Basculegion|Basculegion, L50, M|100/100\n|switch|p2b: Scizor|Scizor, L50, M|100/100\n|turn|1\n|\n|t:|1776103435\n|move|p2a: Basculegion|Aqua Jet|p1b: Mamoswine\n|-supereffective|p1b: Mamoswine|1\n|-damage|p1b: Mamoswine|58/100\n|move|p1b: Mamoswine|High Horsepower|p2b: Scizor\n|-damage|p2b: Scizor|48/100\n|move|p2b: Scizor|Close Combat|p1a: Kingambit\n|-supereffective|p1a: Kingambit|2\n|-damage|p1a: Kingambit|0 fnt\n|-unboost|p2b: Scizor|def|1\n|-unboost|p2b: Scizor|spd|1\n|faint|p1a: Kingambit\n|\n|upkeep\n|\n|t:|1776103450\n|switch|p1a: Dragonite|Dragonite, L50, M|100/100\n|turn|2\n|\n|t:|1776103460\n|switch|p2a: Dragonite|Dragonite, L50, F|100/100\n|detailschange|p1a: Dragonite|Dragonite-Mega, L50, M\n|-mega|p1a: Dragonite|Dragonite|Dragoninite\n|move|p2b: Scizor|Bullet Punch|p1b: Mamoswine\n|-supereffective|p1b: Mamoswine|1\n|-damage|p1b: Mamoswine|0 fnt\n|faint|p1b: Mamoswine\n|move|p1a: Dragonite|Hurricane|p2a: Dragonite\n|-damage|p2a: Dragonite|67/100\n|\n|upkeep\n|\n|t:|1776103472\n|switch|p1b: Sinistcha|Sinistcha, L50|100/100\n|turn|3\n|\n|t:|1776103496\n|move|p2a: Dragonite|Protect|p2a: Dragonite\n|-singleturn|p2a: Dragonite|Protect\n|move|p2b: Scizor|Bullet Punch|p1b: Sinistcha\n|-damage|p1b: Sinistcha|73/100\n|move|p1a: Dragonite|Draco Meteor|p2a: Dragonite\n|-activate|p2a: Dragonite|move: Protect\n|move|p1b: Sinistcha|Shadow Ball|p2b: Scizor\n|-damage|p2b: Scizor|0 fnt\n|faint|p2b: Scizor\n|\n|upkeep\n|\n|t:|1776103504\n|switch|p2b: Basculegion|Basculegion, L50, M|100/100\n|turn|4\n|\n|t:|1776103515\n|detailschange|p2a: Dragonite|Dragonite-Mega, L50, F\n|-mega|p2a: Dragonite|Dragonite|Dragoninite\n|move|p2b: Basculegion|Last Respects|p1b: Sinistcha\n|-supereffective|p1b: Sinistcha|1\n|-damage|p1b: Sinistcha|0 fnt\n|faint|p1b: Sinistcha\n|move|p2a: Dragonite|Roost|p2a: Dragonite\n|-heal|p2a: Dragonite|100/100\n|-singleturn|p2a: Dragonite|move: Roost\n|move|p1a: Dragonite|Draco Meteor|p2a: Dragonite\n|-supereffective|p2a: Dragonite|1\n|-damage|p2a: Dragonite|38/100\n|-unboost|p1a: Dragonite|spa|2\n|\n|upkeep\n|turn|5\n|-message|Bamhm23 forfeited.\n|l|\u2606Bamhm23\n|inactive|Bamhm23 disconnected and has a minute to reconnect!\n|player|p1|\n|\n|win|Supersuperhero\n|raw|Bamhm23's rating: 1133 &rarr; <strong>1111</strong><br />(-22 for losing)\n|raw|Supersuperhero's rating: 1172 &rarr; <strong>1194</strong><br />(+22 for winning)\n|j|\u2606Bamhm23\n|player|p1|Bamhm23|169|\n",
  "uploadtime": 1776103534,
  "views": 17,
  "formatid": "gen9championsvgc2026regma",
  "rating": 1111,
  "private": 0,
  "password": null
}