{
  "id": "gen9championsvgc2026regma-2585366198",
  "format": "[Gen 9 Champions] VGC 2026 Reg M-A",
  "players": [
    "Funnyfellow474",
    "bobak dotto"
  ],
  "log": "|j|\u2606Funnyfellow474\n|j|\u2606bobak dotto\n|t:|1776341746\n|gametype|doubles\n|player|p1|Funnyfellow474|hilda|1157\n|player|p2|bobak dotto|170|1091\n|gen|9\n|tier|[Gen 9 Champions] VGC 2026 Reg M-A\n|rated|\n|rule|Species Clause: Limit one of each Pok\u00e9mon\n|rule|Item Clause: Limit 1 of each item\n|clearpoke\n|poke|p1|Meganium, L50, F|\n|poke|p1|Dragonite, L50, M|\n|poke|p1|Incineroar, L50, M|\n|poke|p1|Farigiraf, L50, M|\n|poke|p1|Gardevoir, L50, F|\n|poke|p1|Pelipper, L50, F|\n|poke|p2|Lycanroc, L50, F|\n|poke|p2|Delphox, L50, M|\n|poke|p2|Tsareena, L50, F|\n|poke|p2|Hippowdon, L50, M|\n|poke|p2|Basculegion, L50, M|\n|poke|p2|Incineroar, L50, M|\n|teampreview|4\n|inactive|Battle timer is ON: inactive players will automatically lose when time's up. (requested by Funnyfellow474)\n|inactive|Funnyfellow474 has 60 seconds left.\n|inactive|bobak dotto has 60 seconds left.\n|\n|t:|1776341796\n|teamsize|p1|4\n|teamsize|p2|4\n|start\n|switch|p1a: Dragonite|Dragonite, L50, M|100/100\n|switch|p1b: Farigiraf|Farigiraf, L50, M|100/100\n|switch|p2a: Delphox|Delphox, L50, M|100/100\n|switch|p2b: Basculegion|Basculegion, L50, M|100/100\n|turn|1\n|inactive|Funnyfellow474 has 30 seconds left.\n|\n|t:|1776341825\n|switch|p2a: Incineroar|Incineroar, L50, M|100/100\n|-ability|p2a: Incineroar|Intimidate|boost\n|-fail|p1a: Dragonite|unboost|Attack|[from] ability: Inner Focus|[of] p1a: Dragonite\n|-unboost|p1b: Farigiraf|atk|1\n|detailschange|p1a: Dragonite|Dragonite-Mega, L50, M\n|-mega|p1a: Dragonite|Dragonite|Dragoninite\n|move|p2b: Basculegion|Flip Turn|p1b: Farigiraf\n|-damage|p1b: Farigiraf|69/100\n|\n|t:|1776341834\n|switch|p2b: Hippowdon|Hippowdon, L50, M|100/100|[from] Flip Turn\n|-weather|Sandstorm|[from] ability: Sand Stream|[of] p2b: Hippowdon\n|move|p1a: Dragonite|Hurricane|p2b: Hippowdon|[miss]\n|-miss|p1a: Dragonite|p2b: Hippowdon\n|move|p1b: Farigiraf|Rain Dance|p1b: Farigiraf\n|-weather|RainDance\n|\n|-weather|RainDance|[upkeep]\n|upkeep\n|turn|2\n|inactive|Funnyfellow474 has 30 seconds left.\n|\n|t:|1776341862\n|move|p1a: Dragonite|Tailwind|p1a: Dragonite\n|-sidestart|p1: Funnyfellow474|move: Tailwind\n|move|p1b: Farigiraf|Thunder|p2a: Incineroar\n|-damage|p2a: Incineroar|78/100\n|move|p2a: Incineroar|Parting Shot|p1a: Dragonite\n|-unboost|p1a: Dragonite|atk|1\n|-unboost|p1a: Dragonite|spa|1\n|\n|t:|1776341874\n|switch|p2a: Basculegion|Basculegion, L50, M|100/100|[from] Parting Shot\n|move|p2b: Hippowdon|Yawn|p1b: Farigiraf\n|-start|p1b: Farigiraf|move: Yawn|[of] p2b: Hippowdon\n|\n|-weather|RainDance|[upkeep]\n|upkeep\n|turn|3\n|inactive|bobak dotto has 30 seconds left.\n|\n|t:|1776341906\n|switch|p1b: Incineroar|Incineroar, L50, M|100/100\n|-ability|p1b: Incineroar|Intimidate|boost\n|-unboost|p2a: Basculegion|atk|1\n|-unboost|p2b: Hippowdon|atk|1\n|switch|p2b: Incineroar|Incineroar, L50, M|78/100\n|-ability|p2b: Incineroar|Intimidate|boost\n|-unboost|p1a: Dragonite|atk|1\n|-unboost|p1b: Incineroar|atk|1\n|move|p1a: Dragonite|Draco Meteor|p2a: Basculegion\n|-damage|p2a: Basculegion|37/100\n|-unboost|p1a: Dragonite|spa|2\n|move|p2a: Basculegion|Flip Turn|p1b: Incineroar\n|-supereffective|p1b: Incineroar|1\n|-damage|p1b: Incineroar|37/100\n|\n|t:|1776341923\n|switch|p2a: Delphox|Delphox, L50, M|100/100|[from] Flip Turn\n|\n|-weather|RainDance|[upkeep]\n|-heal|p1b: Incineroar|43/100|[from] item: Leftovers\n|upkeep\n|turn|4\n|\n|t:|1776341944\n|switch|p1a: Farigiraf|Farigiraf, L50, M|69/100\n|move|p2a: Delphox|Protect|p2a: Delphox\n|-singleturn|p2a: Delphox|Protect\n|move|p1b: Incineroar|Fake Out|p2b: Incineroar\n|-damage|p2b: Incineroar|70/100\n|cant|p2b: Incineroar|flinch\n|\n|-weather|RainDance|[upkeep]\n|-heal|p1b: Incineroar|49/100|[from] item: Leftovers\n|upkeep\n|turn|5\n|\n|t:|1776341966\n|switch|p2a: Hippowdon|Hippowdon, L50, M|100/100\n|-weather|Sandstorm|[from] ability: Sand Stream|[of] p2a: Hippowdon\n|move|p1b: Incineroar|Low Kick|p2b: Incineroar\n|-supereffective|p2b: Incineroar|1\n|-damage|p2b: Incineroar|42/100\n|move|p1a: Farigiraf|Thunder|p2a: Hippowdon\n|-immune|p2a: Hippowdon\n|move|p2b: Incineroar|Throat Chop|p1a: Farigiraf\n|-supereffective|p1a: Farigiraf|1\n|-crit|p1a: Farigiraf\n|-damage|p1a: Farigiraf|0 fnt\n|faint|p1a: Farigiraf\n|\n|-weather|Sandstorm|[upkeep]\n|-damage|p1b: Incineroar|43/100|[from] Sandstorm\n|-damage|p2b: Incineroar|36/100|[from] Sandstorm\n|-heal|p1b: Incineroar|49/100|[from] item: Leftovers\n|-sideend|p1: Funnyfellow474|move: Tailwind\n|upkeep\n|\n|t:|1776341979\n|switch|p1a: Pelipper|Pelipper, L50, F|100/100\n|-weather|RainDance|[from] ability: Drizzle|[of] p1a: Pelipper\n|turn|6\n|\n|t:|1776341991\n|switch|p2a: Basculegion|Basculegion, L50, M|37/100\n|move|p2b: Incineroar|Parting Shot|p1a: Pelipper\n|-unboost|p1a: Pelipper|atk|1\n|-unboost|p1a: Pelipper|spa|1\n|\n|t:|1776341997\n|switch|p2b: Hippowdon|Hippowdon, L50, M|100/100|[from] Parting Shot\n|-weather|Sandstorm|[from] ability: Sand Stream|[of] p2b: Hippowdon\n|move|p1b: Incineroar|Parting Shot|p2a: Basculegion\n|-unboost|p2a: Basculegion|atk|1\n|-unboost|p2a: Basculegion|spa|1\n|\n|t:|1776342005\n|switch|p1b: Dragonite|Dragonite-Mega, L50, M|100/100|[from] Parting Shot\n|move|p1a: Pelipper|Tailwind|p1a: Pelipper\n|-sidestart|p1: Funnyfellow474|move: Tailwind\n|\n|-weather|Sandstorm|[upkeep]\n|-damage|p1b: Dragonite|94/100|[from] Sandstorm\n|-damage|p2a: Basculegion|30/100|[from] Sandstorm\n|-damage|p1a: Pelipper|95/100|[from] Sandstorm\n|upkeep\n|turn|7\n|\n|t:|1776342019\n|switch|p2a: Incineroar|Incineroar, L50, M|36/100\n|-ability|p2a: Incineroar|Intimidate|boost\n|-unboost|p1a: Pelipper|atk|1\n|-unboost|p1b: Dragonite|atk|1\n|switch|p1a: Incineroar|Incineroar, L50, M|49/100\n|-ability|p1a: Incineroar|Intimidate|boost\n|-unboost|p2a: Incineroar|atk|1\n|-unboost|p2b: Hippowdon|atk|1\n|move|p1b: Dragonite|Hurricane|p2b: Hippowdon\n|-damage|p2b: Hippowdon|47/100\n|move|p2b: Hippowdon|Yawn|p1b: Dragonite\n|-start|p1b: Dragonite|move: Yawn|[of] p2b: Hippowdon\n|\n|-weather|Sandstorm|[upkeep]\n|-damage|p1b: Dragonite|88/100|[from] Sandstorm\n|-damage|p1a: Incineroar|43/100|[from] Sandstorm\n|-damage|p2a: Incineroar|30/100|[from] Sandstorm\n|-heal|p1a: Incineroar|49/100|[from] item: Leftovers\n|-heal|p2b: Hippowdon|54/100|[from] item: Leftovers\n|upkeep\n|turn|8\n|inactive|bobak dotto has 30 seconds left.\n|inactive|Funnyfellow474 has 30 seconds left.\n|\n|t:|1776342053\n|switch|p1b: Pelipper|Pelipper, L50, F|95/100\n|-weather|RainDance|[from] ability: Drizzle|[of] p1b: Pelipper\n|move|p1a: Incineroar|Fake Out|p2a: Incineroar\n|-damage|p2a: Incineroar|19/100\n|cant|p2a: Incineroar|flinch\n|move|p2b: Hippowdon|Yawn|p1a: Incineroar\n|-start|p1a: Incineroar|move: Yawn|[of] p2b: Hippowdon\n|\n|-weather|RainDance|[upkeep]\n|-heal|p1a: Incineroar|55/100|[from] item: Leftovers\n|-heal|p2b: Hippowdon|60/100|[from] item: Leftovers\n|upkeep\n|turn|9\n|\n|t:|1776342075\n|move|p2b: Hippowdon|Protect|p2b: Hippowdon\n|-singleturn|p2b: Hippowdon|Protect\n|move|p1a: Incineroar|Parting Shot|p2b: Hippowdon\n|-activate|p2b: Hippowdon|move: Protect\n|move|p1b: Pelipper|Hurricane|p2a: Incineroar\n|-damage|p2a: Incineroar|0 fnt\n|faint|p2a: Incineroar\n|\n|-weather|RainDance|[upkeep]\n|-heal|p1a: Incineroar|61/100|[from] item: Leftovers\n|-heal|p2b: Hippowdon|66/100|[from] item: Leftovers\n|-end|p1a: Incineroar|move: Yawn|[silent]\n|-status|p1a: Incineroar|slp\n|-sideend|p1: Funnyfellow474|move: Tailwind\n|upkeep\n|\n|t:|1776342082\n|switch|p2a: Basculegion|Basculegion, L50, M|30/100\n|turn|10\n|\n|t:|1776342097\n|switch|p1a: Dragonite|Dragonite-Mega, L50, M|88/100\n|switch|p2b: Delphox|Delphox, L50, M|100/100\n|move|p2a: Basculegion|Last Respects|p1b: Pelipper\n|-damage|p1b: Pelipper|44/100\n|move|p1b: Pelipper|Tailwind|p1b: Pelipper\n|-sidestart|p1: Funnyfellow474|move: Tailwind\n|\n|-weather|RainDance|[upkeep]\n|upkeep\n|turn|11\n|\n|t:|1776342116\n|switch|p2a: Hippowdon|Hippowdon, L50, M|66/100\n|-weather|Sandstorm|[from] ability: Sand Stream|[of] p2a: Hippowdon\n|detailschange|p2b: Delphox|Delphox-Mega, L50, M\n|-mega|p2b: Delphox|Delphox|Delphoxite\n|move|p1a: Dragonite|Hurricane|p2a: Hippowdon\n|-damage|p2a: Hippowdon|7/100\n|move|p2b: Delphox|Heat Wave|p1a: Dragonite|[spread] p1b\n|-miss|p2b: Delphox|p1a: Dragonite\n|-resisted|p1b: Pelipper|1\n|-damage|p1b: Pelipper|15/100\n|move|p1b: Pelipper|Hurricane|p2b: Delphox|[miss]\n|-miss|p1b: Pelipper|p2b: Delphox\n|\n|-weather|Sandstorm|[upkeep]\n|-damage|p1a: Dragonite|82/100|[from] Sandstorm\n|-damage|p2b: Delphox|95/100|[from] Sandstorm\n|-damage|p1b: Pelipper|9/100|[from] Sandstorm\n|-heal|p2a: Hippowdon|13/100|[from] item: Leftovers\n|upkeep\n|turn|12\n|inactive|Funnyfellow474 has 30 seconds left.\n|\n|t:|1776342147\n|switch|p2a: Basculegion|Basculegion, L50, M|30/100\n|move|p1b: Pelipper|Wide Guard|p1b: Pelipper\n|-singleturn|p1b: Pelipper|Wide Guard\n|move|p1a: Dragonite|Draco Meteor|p2a: Basculegion\n|-damage|p2a: Basculegion|0 fnt\n|-unboost|p1a: Dragonite|spa|2\n|faint|p2a: Basculegion\n|move|p2b: Delphox|Substitute|p2b: Delphox\n|-start|p2b: Delphox|Substitute\n|-damage|p2b: Delphox|70/100\n|\n|-weather|Sandstorm|[upkeep]\n|-damage|p1a: Dragonite|76/100|[from] Sandstorm\n|-damage|p2b: Delphox|64/100|[from] Sandstorm\n|-damage|p1b: Pelipper|3/100|[from] Sandstorm\n|upkeep\n|\n|t:|1776342160\n|switch|p2a: Hippowdon|Hippowdon, L50, M|13/100\n|turn|13\n|\n|t:|1776342169\n|switch|p1b: Incineroar|Incineroar, L50, M|61/100 slp\n|-ability|p1b: Incineroar|Intimidate|boost\n|-unboost|p2a: Hippowdon|atk|1\n|-immune|p2b: Delphox\n|move|p1a: Dragonite|Protect|p1a: Dragonite\n|-singleturn|p1a: Dragonite|Protect\n|move|p2b: Delphox|Psychic|p1a: Dragonite\n|-activate|p1a: Dragonite|move: Protect\n|move|p2a: Hippowdon|Slack Off|p2a: Hippowdon\n|-heal|p2a: Hippowdon|63/100\n|\n|-weather|Sandstorm|[upkeep]\n|-damage|p1a: Dragonite|70/100|[from] Sandstorm\n|-damage|p2b: Delphox|58/100|[from] Sandstorm\n|-damage|p1b: Incineroar|55/100 slp|[from] Sandstorm\n|-heal|p1b: Incineroar|61/100 slp|[from] item: Leftovers\n|-heal|p2a: Hippowdon|69/100|[from] item: Leftovers\n|-sideend|p1: Funnyfellow474|move: Tailwind\n|upkeep\n|turn|14\n|inactive|Funnyfellow474 has 30 seconds left.\n|inactive|Funnyfellow474 has 20 seconds left.\n|\n|t:|1776342206\n|switch|p1a: Pelipper|Pelipper, L50, F|3/100\n|-weather|RainDance|[from] ability: Drizzle|[of] p1a: Pelipper\n|cant|p1b: Incineroar|slp\n|move|p2b: Delphox|Psychic|p1a: Pelipper\n|-damage|p1a: Pelipper|0 fnt\n|faint|p1a: Pelipper\n|move|p2a: Hippowdon|Yawn||[still]\n|-fail|p2a: Hippowdon\n|\n|-weather|RainDance|[upkeep]\n|-heal|p1b: Incineroar|67/100 slp|[from] item: Leftovers\n|-heal|p2a: Hippowdon|75/100|[from] item: Leftovers\n|upkeep\n|\n|t:|1776342220\n|switch|p1a: Dragonite|Dragonite-Mega, L50, M|70/100\n|turn|15\n|\n|t:|1776342239\n|move|p2b: Delphox|Psychic|p1a: Dragonite\n|-damage|p1a: Dragonite|29/100\n|-unboost|p1a: Dragonite|spd|1\n|move|p1a: Dragonite|Hurricane|p2a: Hippowdon\n|-damage|p2a: Hippowdon|16/100\n|cant|p1b: Incineroar|slp\n|move|p2a: Hippowdon|Yawn|p1a: Dragonite\n|-start|p1a: Dragonite|move: Yawn|[of] p2a: Hippowdon\n|\n|-weather|RainDance|[upkeep]\n|-heal|p1b: Incineroar|73/100 slp|[from] item: Leftovers\n|-heal|p2a: Hippowdon|22/100|[from] item: Leftovers\n|upkeep\n|turn|16\n|\n|t:|1776342252\n|move|p2b: Delphox|Protect|p2b: Delphox\n|-singleturn|p2b: Delphox|Protect\n|move|p1a: Dragonite|Protect|p1a: Dragonite\n|-singleturn|p1a: Dragonite|Protect\n|move|p2a: Hippowdon|Protect|p2a: Hippowdon\n|-singleturn|p2a: Hippowdon|Protect\n|-curestatus|p1b: Incineroar|slp|[msg]\n|move|p1b: Incineroar|Low Kick|p2a: Hippowdon\n|-activate|p2a: Hippowdon|move: Protect\n|\n|-weather|RainDance|[upkeep]\n|-heal|p1b: Incineroar|79/100|[from] item: Leftovers\n|-heal|p2a: Hippowdon|28/100|[from] item: Leftovers\n|-end|p1a: Dragonite|move: Yawn|[silent]\n|-status|p1a: Dragonite|slp\n|upkeep\n|turn|17\n|-message|Funnyfellow474 forfeited.\n|\n|win|bobak dotto\n|raw|Funnyfellow474's rating: 1157 &rarr; <strong>1127</strong><br />(-30 for losing)\n|raw|bobak dotto's rating: 1091 &rarr; <strong>1122</strong><br />(+31 for winning)\n|l|\u2606Funnyfellow474\n|player|p1|\n",
  "uploadtime": 1776342270,
  "views": 19,
  "formatid": "gen9championsvgc2026regma",
  "rating": 1122,
  "private": 0,
  "password": null
}