{
  "id": "gen9championsvgc2026regma-2583974378",
  "format": "[Gen 9 Champions] VGC 2026 Reg M-A",
  "players": [
    "Pevar_8",
    "geuxsage"
  ],
  "log": "|j|\u2606Pevar_8\n|j|\u2606geuxsage\n|t:|1776213266\n|gametype|doubles\n|player|p1|Pevar_8|101|1044\n|player|p2|geuxsage|sage|1066\n|gen|9\n|tier|[Gen 9 Champions] VGC 2026 Reg M-A\n|rated|\n|rule|Species Clause: Limit one of each Pok\u00e9mon\n|rule|Item Clause: Limit 1 of each item\n|clearpoke\n|poke|p1|Basculegion, L50, M|\n|poke|p1|Gengar, L50, M|\n|poke|p1|Whimsicott, L50, M|\n|poke|p1|Corviknight, L50, M|\n|poke|p1|Maushold, L50|\n|poke|p1|Pelipper, L50, M|\n|poke|p2|Blastoise, L50, M|\n|poke|p2|Pelipper, L50, M|\n|poke|p2|Farigiraf, L50, M|\n|poke|p2|Sinistcha-Masterpiece, L50|\n|poke|p2|Basculegion, L50, M|\n|poke|p2|Golurk, L50|\n|teampreview|4\n|\n|t:|1776213284\n|teamsize|p1|4\n|teamsize|p2|4\n|start\n|switch|p1a: Gengar|Gengar, L50, M, shiny|100/100\n|switch|p1b: Basculegion|Basculegion, L50, M|100/100\n|switch|p2a: Blastoise|Blastoise, L50, M|100/100\n|switch|p2b: Farigiraf|Farigiraf, L50, M|100/100\n|turn|1\n|\n|t:|1776213312\n|detailschange|p1a: Gengar|Gengar-Mega, L50, M, shiny\n|-mega|p1a: Gengar|Gengar|Gengarite\n|detailschange|p2a: Blastoise|Blastoise-Mega, L50, M\n|-mega|p2a: Blastoise|Blastoise|Blastoisinite\n|move|p1a: Gengar|Perish Song|p1a: Gengar\n|-start|p1a: Gengar|perish3|[silent]\n|-start|p1b: Basculegion|perish3|[silent]\n|-start|p2a: Blastoise|perish3|[silent]\n|-start|p2b: Farigiraf|perish3|[silent]\n|-fieldactivate|move: Perish Song\n|move|p1b: Basculegion|Last Respects|p2b: Farigiraf\n|-immune|p2b: Farigiraf\n|move|p2a: Blastoise|Water Pulse|p1a: Gengar\n|-damage|p1a: Gengar|54/100\n|move|p2b: Farigiraf|Trick Room|p2b: Farigiraf\n|-fieldstart|move: Trick Room|[of] p2b: Farigiraf\n|\n|-start|p2b: Farigiraf|perish3\n|-start|p2a: Blastoise|perish3\n|-start|p1b: Basculegion|perish3\n|-start|p1a: Gengar|perish3\n|upkeep\n|turn|2\n|c|\u2606Pevar_8|I might be stupid\n|\n|t:|1776213348\n|move|p1a: Gengar|Protect|p1a: Gengar\n|-singleturn|p1a: Gengar|Protect\n|move|p2b: Farigiraf|Twin Beam|p1b: Basculegion\n|-damage|p1b: Basculegion|84/100\n|-damage|p1b: Basculegion|66/100\n|-hitcount|p1b: Basculegion|2\n|move|p2a: Blastoise|Iron Defense|p2a: Blastoise\n|-boost|p2a: Blastoise|def|2\n|move|p1b: Basculegion|Flip Turn|p2b: Farigiraf\n|-crit|p2b: Farigiraf\n|-damage|p2b: Farigiraf|69/100\n|\n|t:|1776213380\n|switch|p1b: Maushold|Maushold, L50|100/100|[from] Flip Turn\n|\n|-start|p2b: Farigiraf|perish2\n|-start|p2a: Blastoise|perish2\n|-start|p1a: Gengar|perish2\n|upkeep\n|turn|3\n|\n|t:|1776213392\n|move|p1b: Maushold|Follow Me|p1b: Maushold\n|-singleturn|p1b: Maushold|move: Follow Me\n|move|p2b: Farigiraf|Twin Beam|p1b: Maushold\n|-damage|p1b: Maushold|83/100\n|-damage|p1b: Maushold|67/100\n|-hitcount|p1b: Maushold|2\n|move|p2a: Blastoise|Aura Sphere|p1b: Maushold\n|-supereffective|p1b: Maushold|1\n|-damage|p1b: Maushold|0 fnt\n|faint|p1b: Maushold\n|move|p1a: Gengar|Substitute|p1a: Gengar\n|-start|p1a: Gengar|Substitute\n|-damage|p1a: Gengar|29/100\n|\n|-start|p2b: Farigiraf|perish1\n|-start|p2a: Blastoise|perish1\n|-start|p1a: Gengar|perish1\n|upkeep\n|\n|t:|1776213412\n|switch|p1b: Whimsicott|Whimsicott, L50, M|100/100\n|turn|4\n|\n|t:|1776213430\n|switch|p1a: Basculegion|Basculegion, L50, M|66/100\n|move|p1b: Whimsicott|Tailwind|p1b: Whimsicott\n|-sidestart|p1: Pevar_8|move: Tailwind\n|move|p2b: Farigiraf|Twin Beam|p1b: Whimsicott\n|-damage|p1b: Whimsicott|84/100\n|-damage|p1b: Whimsicott|68/100\n|-hitcount|p1b: Whimsicott|2\n|move|p2a: Blastoise|Water Pulse|p1a: Basculegion\n|-resisted|p1a: Basculegion|1\n|-damage|p1a: Basculegion|39/100\n|-start|p1a: Basculegion|confusion\n|\n|-start|p2b: Farigiraf|perish0\n|-start|p2a: Blastoise|perish0\n|faint|p2b: Farigiraf\n|faint|p2a: Blastoise\n|upkeep\n|\n|t:|1776213437\n|switch|p2b: Golurk|Golurk, L50|100/100\n|switch|p2a: Sinistcha|Sinistcha-Masterpiece, L50|100/100\n|turn|5\n|\n|t:|1776213462\n|move|p1b: Whimsicott|Protect|p1b: Whimsicott\n|-singleturn|p1b: Whimsicott|Protect\n|-activate|p1a: Basculegion|confusion\n|-damage|p1a: Basculegion|22/100|[from] confusion\n|move|p2b: Golurk|Poltergeist|p1b: Whimsicott\n|-activate|p1b: Whimsicott|move: Protect\n|move|p2a: Sinistcha|Matcha Gotcha|p1b: Whimsicott|[spread] p1a\n|-activate|p1b: Whimsicott|move: Protect\n|-supereffective|p1a: Basculegion|1\n|-crit|p1a: Basculegion\n|-damage|p1a: Basculegion|0 fnt\n|faint|p1a: Basculegion\n|\n|-fieldend|move: Trick Room\n|upkeep\n|\n|t:|1776213480\n|switch|p1a: Gengar|Gengar-Mega, L50, M, shiny|29/100\n|turn|6\n|\n|t:|1776213497\n|move|p2b: Golurk|Protect|p2b: Golurk\n|-singleturn|p2b: Golurk|Protect\n|move|p1b: Whimsicott|Encore|p2a: Sinistcha\n|-start|p2a: Sinistcha|Encore\n|move|p1a: Gengar|Disable|p2a: Sinistcha\n|-start|p2a: Sinistcha|Disable|Matcha Gotcha\n|cant|p2a: Sinistcha|Disable|Matcha Gotcha\n|\n|upkeep\n|turn|7\n|\n|t:|1776213510\n|move|p1b: Whimsicott|Encore|p2b: Golurk\n|-start|p2b: Golurk|Encore\n|move|p2b: Golurk|Protect||[still]\n|-fail|p2b: Golurk\n|move|p1a: Gengar|Disable|p2b: Golurk\n|-start|p2b: Golurk|Disable|Protect\n|-activate|p2a: Sinistcha|move: Struggle\n|move|p2a: Sinistcha|Struggle|p1b: Whimsicott\n|-damage|p1b: Whimsicott|58/100\n|-damage|p2a: Sinistcha|75/100|[from] recoil\n|\n|-sideend|p1: Pevar_8|move: Tailwind\n|upkeep\n|turn|8\n|-message|geuxsage forfeited.\n|\n|win|Pevar_8\n|raw|Pevar_8's rating: 1044 &rarr; <strong>1080</strong><br />(+36 for winning)\n|raw|geuxsage's rating: 1066 &rarr; <strong>1045</strong><br />(-21 for losing)\n|l|\u2606geuxsage\n|player|p2|\n",
  "uploadtime": 1776213527,
  "views": 16,
  "formatid": "gen9championsvgc2026regma",
  "rating": 1045,
  "private": 0,
  "password": null
}