{
  "id": "gen9championsvgc2026regma-2585929000",
  "format": "[Gen 9 Champions] VGC 2026 Reg M-A",
  "players": [
    "roaringnether0",
    "loklastaji"
  ],
  "log": "|j|\u2606roaringnether0\n|j|\u2606loklastaji\n|t:|1776382347\n|gametype|doubles\n|player|p1|roaringnether0|cynthia-gen4|1138\n|player|p2|loklastaji|265|1208\n|gen|9\n|tier|[Gen 9 Champions] VGC 2026 Reg M-A\n|rated|\n|rule|Species Clause: Limit one of each Pok\u00e9mon\n|rule|Item Clause: Limit 1 of each item\n|clearpoke\n|poke|p1|Hydreigon, L50, M|\n|poke|p1|Gengar, L50, F|\n|poke|p1|Incineroar, L50, M|\n|poke|p1|Pelipper, L50, F|\n|poke|p1|Milotic, L50, M|\n|poke|p1|Maushold-Four, L50|\n|poke|p2|Samurott-Hisui, L50, M|\n|poke|p2|Delphox, L50, F|\n|poke|p2|Tinkaton, L50, F|\n|poke|p2|Decidueye-Hisui, L50, F|\n|poke|p2|Dragonite, L50, F|\n|poke|p2|Farigiraf, L50, M|\n|teampreview|4\n|inactive|Battle timer is ON: inactive players will automatically lose when time's up. (requested by roaringnether0)\n|inactive|roaringnether0 has 60 seconds left.\n|\n|t:|1776382382\n|teamsize|p1|4\n|teamsize|p2|4\n|start\n|switch|p1a: Gengar|Gengar, L50, F|100/100\n|switch|p1b: Incineroar|Incineroar, L50, M|100/100\n|switch|p2a: Tinkaton|Tinkaton, L50, F|100/100\n|switch|p2b: Decidueye|Decidueye-Hisui, L50, F|100/100\n|-ability|p1b: Incineroar|Intimidate|boost\n|-fail|p2a: Tinkaton|unboost|Attack|[from] ability: Own Tempo|[of] p2a: Tinkaton\n|-fail|p2b: Decidueye|unboost|Attack|[from] ability: Scrappy|[of] p2b: Decidueye\n|turn|1\n|inactive|loklastaji has 30 seconds left.\n|\n|t:|1776382412\n|detailschange|p1a: Gengar|Gengar-Mega, L50, F\n|-mega|p1a: Gengar|Gengar|Gengarite\n|move|p2a: Tinkaton|Fake Out|p1b: Incineroar\n|-damage|p1b: Incineroar|91/100\n|cant|p1b: Incineroar|flinch\n|move|p1a: Gengar|Perish Song|p1a: Gengar\n|-start|p1a: Gengar|perish3|[silent]\n|-start|p1b: Incineroar|perish3|[silent]\n|-start|p2a: Tinkaton|perish3|[silent]\n|-start|p2b: Decidueye|perish3|[silent]\n|-fieldactivate|move: Perish Song\n|move|p2b: Decidueye|U-turn|p1a: Gengar\n|-resisted|p1a: Gengar|2\n|-damage|p1a: Gengar|93/100\n|\n|t:|1776382423\n|switch|p2b: Samurott|Samurott-Hisui, L50, M|100/100|[from] U-turn\n|\n|-start|p1a: Gengar|perish3\n|-start|p2a: Tinkaton|perish3\n|-start|p1b: Incineroar|perish3\n|upkeep\n|turn|2\n|inactive|loklastaji has 30 seconds left.\n|\n|t:|1776382452\n|move|p1a: Gengar|Protect|p1a: Gengar\n|-singleturn|p1a: Gengar|Protect\n|move|p2a: Tinkaton|Protect|p2a: Tinkaton\n|-singleturn|p2a: Tinkaton|Protect\n|move|p1b: Incineroar|Protect|p1b: Incineroar\n|-singleturn|p1b: Incineroar|Protect\n|move|p2b: Samurott|Ceaseless Edge|p1a: Gengar\n|-activate|p1a: Gengar|move: Protect\n|\n|-start|p1a: Gengar|perish2\n|-start|p2a: Tinkaton|perish2\n|-start|p1b: Incineroar|perish2\n|upkeep\n|turn|3\n|inactive|loklastaji has 30 seconds left.\n|inactive|loklastaji has 20 seconds left.\n|\n|t:|1776382491\n|switch|p1a: Maushold|Maushold-Four, L50|100/100\n|move|p2a: Tinkaton|Gigaton Hammer|p1a: Maushold\n|-damage|p1a: Maushold|29/100\n|move|p2b: Samurott|Sacred Sword|p1b: Incineroar\n|-supereffective|p1b: Incineroar|1\n|-damage|p1b: Incineroar|28/100\n|-enditem|p1b: Incineroar|Sitrus Berry|[eat]\n|-heal|p1b: Incineroar|52/100|[from] item: Sitrus Berry\n|move|p1b: Incineroar|Parting Shot|p2a: Tinkaton\n|-unboost|p2a: Tinkaton|atk|1\n|-unboost|p2a: Tinkaton|spa|1\n|\n|t:|1776382506\n|switch|p1b: Gengar|Gengar-Mega, L50, F|93/100|[from] Parting Shot\n|\n|-start|p2a: Tinkaton|perish1\n|upkeep\n|turn|4\n|\n|t:|1776382527\n|move|p1b: Gengar|Protect|p1b: Gengar\n|-singleturn|p1b: Gengar|Protect\n|move|p1a: Maushold|Protect|p1a: Maushold\n|-singleturn|p1a: Maushold|Protect\n|move|p2a: Tinkaton|Play Rough|p1a: Maushold\n|-activate|p1a: Maushold|move: Protect\n|move|p2b: Samurott|Ceaseless Edge|p1b: Gengar\n|-activate|p1b: Gengar|move: Protect\n|\n|-start|p2a: Tinkaton|perish0\n|faint|p2a: Tinkaton\n|upkeep\n|\n|t:|1776382548\n|switch|p2a: Dragonite|Dragonite, L50, F|100/100\n|turn|5\n|inactive|roaringnether0 has 30 seconds left.\n|\n|t:|1776382574\n|detailschange|p2a: Dragonite|Dragonite-Mega, L50, F\n|-mega|p2a: Dragonite|Dragonite|Dragoninite\n|move|p1a: Maushold|Follow Me|p1a: Maushold\n|-singleturn|p1a: Maushold|move: Follow Me\n|move|p1b: Gengar|Perish Song|p1b: Gengar\n|-start|p1a: Maushold|perish3|[silent]\n|-start|p1b: Gengar|perish3|[silent]\n|-start|p2a: Dragonite|perish3|[silent]\n|-start|p2b: Samurott|perish3|[silent]\n|-fieldactivate|move: Perish Song\n|move|p2a: Dragonite|Tailwind|p2a: Dragonite\n|-sidestart|p2: loklastaji|move: Tailwind\n|move|p2b: Samurott|Ceaseless Edge|p1a: Maushold\n|-damage|p1a: Maushold|0 fnt\n|-sidestart|p1: roaringnether0|Spikes\n|faint|p1a: Maushold\n|\n|-start|p2a: Dragonite|perish3\n|-start|p2b: Samurott|perish3\n|-start|p1b: Gengar|perish3\n|upkeep\n|\n|t:|1776382588\n|switch|p1a: Incineroar|Incineroar, L50, M|52/100\n|-damage|p1a: Incineroar|40/100|[from] Spikes\n|-ability|p1a: Incineroar|Intimidate|boost\n|-unboost|p2a: Dragonite|atk|1\n|-unboost|p2b: Samurott|atk|1\n|-enditem|p2b: Samurott|White Herb\n|-clearnegativeboost|p2b: Samurott|[silent]\n|turn|6\n|\n|t:|1776382611\n|move|p1b: Gengar|Protect|p1b: Gengar\n|-singleturn|p1b: Gengar|Protect\n|move|p1a: Incineroar|Protect|p1a: Incineroar\n|-singleturn|p1a: Incineroar|Protect\n|move|p2a: Dragonite|Air Slash|p1a: Incineroar\n|-activate|p1a: Incineroar|move: Protect\n|move|p2b: Samurott|Aqua Cutter|p1a: Incineroar\n|-activate|p1a: Incineroar|move: Protect\n|\n|-start|p2a: Dragonite|perish2\n|-start|p2b: Samurott|perish2\n|-start|p1b: Gengar|perish2\n|upkeep\n|turn|7\n|\n|t:|1776382631\n|switch|p1b: Pelipper|Pelipper, L50, F|100/100\n|-weather|RainDance|[from] ability: Drizzle|[of] p1b: Pelipper\n|move|p2a: Dragonite|Air Slash|p1a: Incineroar\n|-damage|p1a: Incineroar|8/100\n|move|p2b: Samurott|Aqua Cutter|p1a: Incineroar\n|-supereffective|p1a: Incineroar|1\n|-damage|p1a: Incineroar|0 fnt\n|faint|p1a: Incineroar\n|\n|-weather|RainDance|[upkeep]\n|-start|p2a: Dragonite|perish1\n|-start|p2b: Samurott|perish1\n|upkeep\n|\n|t:|1776382641\n|switch|p1a: Gengar|Gengar-Mega, L50, F|93/100\n|-damage|p1a: Gengar|81/100|[from] Spikes\n|turn|8\n|\n|t:|1776382663\n|move|p1a: Gengar|Protect|p1a: Gengar\n|-singleturn|p1a: Gengar|Protect\n|move|p2a: Dragonite|Air Slash|p1b: Pelipper\n|-damage|p1b: Pelipper|49/100\n|move|p2b: Samurott|Ceaseless Edge|p1b: Pelipper\n|-damage|p1b: Pelipper|0 fnt\n|-sidestart|p1: roaringnether0|Spikes\n|faint|p1b: Pelipper\n|\n|-weather|RainDance|[upkeep]\n|-start|p2a: Dragonite|perish0\n|-start|p2b: Samurott|perish0\n|-sideend|p2: loklastaji|move: Tailwind\n|faint|p2a: Dragonite\n|faint|p2b: Samurott\n|upkeep\n|\n|t:|1776382678\n|switch|p2b: Decidueye|Decidueye-Hisui, L50, F|100/100\n|turn|9\n|\n|t:|1776382686\n|move|p1a: Gengar|Sludge Bomb|p2b: Decidueye\n|-supereffective|p2b: Decidueye|1\n|-damage|p2b: Decidueye|0 fnt\n|faint|p2b: Decidueye\n|\n|win|roaringnether0\n|raw|roaringnether0's rating: 1138 &rarr; <strong>1168</strong><br />(+30 for winning)\n|raw|loklastaji's rating: 1208 &rarr; <strong>1178</strong><br />(-30 for losing)\n",
  "uploadtime": 1776382692,
  "views": 15,
  "formatid": "gen9championsvgc2026regma",
  "rating": 1168,
  "private": 0,
  "password": null
}