{
  "id": "gen9championsvgc2026regma-2586028293",
  "format": "[Gen 9 Champions] VGC 2026 Reg M-A",
  "players": [
    "thedoverboys",
    "sereu"
  ],
  "log": "|j|\u2606thedoverboys\n|j|\u2606sereu\n|t:|1776391700\n|gametype|doubles\n|player|p1|thedoverboys|266|1247\n|player|p2|sereu|collector|1221\n|gen|9\n|tier|[Gen 9 Champions] VGC 2026 Reg M-A\n|rated|\n|rule|Species Clause: Limit one of each Pok\u00e9mon\n|rule|Item Clause: Limit 1 of each item\n|clearpoke\n|poke|p1|Hatterene, L50, F|\n|poke|p1|Farigiraf, L50, F|\n|poke|p1|Gallade, L50, M|\n|poke|p1|Camerupt, L50, M|\n|poke|p1|Incineroar, L50, M|\n|poke|p1|Rotom-Wash, L50|\n|poke|p2|Whimsicott, L50, M|\n|poke|p2|Zoroark-Hisui, L50, F|\n|poke|p2|Lucario, L50, M|\n|poke|p2|Gyarados, L50, M|\n|poke|p2|Delphox, L50, F|\n|poke|p2|Garchomp, L50, M|\n|teampreview|4\n|\n|t:|1776391761\n|teamsize|p1|4\n|teamsize|p2|4\n|start\n|switch|p1a: Farigirf|Farigiraf, L50, F, shiny|100/100\n|switch|p1b: AllOrNothing|Incineroar, L50, M|100/100\n|switch|p2a: Saci|Whimsicott, L50, M, shiny|100/100\n|switch|p2b: Lobisomem|Lucario, L50, M|100/100\n|-ability|p1b: AllOrNothing|Intimidate|boost\n|-unboost|p2a: Saci|atk|1\n|-fail|p2b: Lobisomem|unboost|Attack|[from] ability: Inner Focus|[of] p2b: Lobisomem\n|turn|1\n|\n|t:|1776391791\n|move|p1b: AllOrNothing|Fake Out|p2a: Saci\n|-immune|p2a: Saci\n|move|p2a: Saci|Hyper Voice|p1b: AllOrNothing|[spread] p1a,p1b\n|-damage|p1a: Farigirf|63/100\n|-damage|p1b: AllOrNothing|63/100\n|move|p2b: Lobisomem|Close Combat|p1a: Farigirf\n|-crit|p1a: Farigirf\n|-damage|p1a: Farigirf|0 fnt\n|-unboost|p2b: Lobisomem|def|1\n|-unboost|p2b: Lobisomem|spd|1\n|faint|p1a: Farigirf\n|-enditem|p2b: Lobisomem|White Herb\n|-clearnegativeboost|p2b: Lobisomem|[silent]\n|\n|upkeep\n|\n|t:|1776391830\n|switch|p1a: KRAKKATOA|Camerupt, L50, M, shiny|100/100\n|turn|2\n|\n|t:|1776391855\n|detailschange|p1a: KRAKKATOA|Camerupt-Mega, L50, M, shiny\n|-mega|p1a: KRAKKATOA|Camerupt|Cameruptite\n|move|p2a: Saci|Hyper Voice|p1b: AllOrNothing|[spread] p1a,p1b\n|-damage|p1a: KRAKKATOA|64/100\n|-damage|p1b: AllOrNothing|26/100\n|move|p2b: Lobisomem|Close Combat|p1b: AllOrNothing\n|-supereffective|p1b: AllOrNothing|1\n|-damage|p1b: AllOrNothing|0 fnt\n|-unboost|p2b: Lobisomem|def|1\n|-unboost|p2b: Lobisomem|spd|1\n|faint|p1b: AllOrNothing\n|move|p1a: KRAKKATOA|Heat Wave|p2b: Lobisomem|[spread] p2a,p2b\n|-supereffective|p2b: Lobisomem|1\n|-damage|p2a: Saci|0 fnt\n|-damage|p2b: Lobisomem|0 fnt\n|replace|p2a: Cuca|Zoroark-Hisui, L50, F, shiny\n|-end|p2a: Cuca|Illusion\n|faint|p2a: Cuca\n|faint|p2b: Lobisomem\n|\n|upkeep\n|\n|t:|1776391870\n|switch|p2a: Boitat\u00e1|Gyarados, L50, M, shiny|100/100\n|switch|p2b: Saci|Whimsicott, L50, M, shiny|100/100\n|switch|p1b: RetraSoft|Rotom-Wash, L50|100/100\n|-ability|p2a: Boitat\u00e1|Intimidate|boost\n|-unboost|p1a: KRAKKATOA|atk|1\n|-unboost|p1b: RetraSoft|atk|1\n|turn|3\n|inactive|Battle timer is ON: inactive players will automatically lose when time's up. (requested by sereu)\n|\n|t:|1776391928\n|move|p2b: Saci|Protect|p2b: Saci\n|-singleturn|p2b: Saci|Protect\n|move|p2a: Boitat\u00e1|Protect|p2a: Boitat\u00e1\n|-singleturn|p2a: Boitat\u00e1|Protect\n|move|p1a: KRAKKATOA|Protect|p1a: KRAKKATOA\n|-singleturn|p1a: KRAKKATOA|Protect\n|move|p1b: RetraSoft|Thunderbolt|p2a: Boitat\u00e1\n|-activate|p2a: Boitat\u00e1|move: Protect\n|\n|upkeep\n|turn|4\n|\n|t:|1776391950\n|detailschange|p2a: Boitat\u00e1|Gyarados-Mega, L50, M, shiny\n|-mega|p2a: Boitat\u00e1|Gyarados|Gyaradosite\n|-ability|p2a: Boitat\u00e1|Mold Breaker\n|move|p1a: KRAKKATOA|Protect||[still]\n|-fail|p1a: KRAKKATOA\n|move|p2b: Saci|Encore|p1a: KRAKKATOA\n|-start|p1a: KRAKKATOA|Encore\n|move|p2a: Boitat\u00e1|Crunch|p1b: RetraSoft\n|-damage|p1b: RetraSoft|46/100\n|move|p1b: RetraSoft|Thunderbolt|p2a: Boitat\u00e1\n|-supereffective|p2a: Boitat\u00e1|1\n|-damage|p2a: Boitat\u00e1|40/100\n|-status|p2a: Boitat\u00e1|par\n|\n|upkeep\n|turn|5\n|\n|t:|1776391973\n|move|p1a: KRAKKATOA|Protect|p1a: KRAKKATOA\n|-singleturn|p1a: KRAKKATOA|Protect\n|move|p2b: Saci|Moonblast|p1b: RetraSoft\n|-damage|p1b: RetraSoft|4/100\n|move|p1b: RetraSoft|Thunderbolt|p2a: Boitat\u00e1\n|-supereffective|p2a: Boitat\u00e1|1\n|-damage|p2a: Boitat\u00e1|0 fnt\n|faint|p2a: Boitat\u00e1\n|\n|upkeep\n|turn|6\n|\n|t:|1776391995\n|move|p1a: KRAKKATOA|Protect|p1a: KRAKKATOA\n|-singleturn|p1a: KRAKKATOA|Protect\n|move|p2b: Saci|Moonblast|p1b: RetraSoft\n|-damage|p1b: RetraSoft|0 fnt\n|faint|p1b: RetraSoft\n|\n|upkeep\n|turn|7\n|\n|t:|1776392002\n|move|p1a: KRAKKATOA|Protect||[still]\n|-fail|p1a: KRAKKATOA\n|move|p2b: Saci|Moonblast|p1a: KRAKKATOA\n|-resisted|p1a: KRAKKATOA|1\n|-damage|p1a: KRAKKATOA|46/100\n|-unboost|p1a: KRAKKATOA|spa|1\n|\n|-end|p1a: KRAKKATOA|Encore\n|upkeep\n|turn|8\n|\n|t:|1776392013\n|move|p2b: Saci|Encore|p1a: KRAKKATOA\n|-start|p1a: KRAKKATOA|Encore\n|move|p1a: KRAKKATOA|Protect||[still]\n|-fail|p1a: KRAKKATOA\n|\n|upkeep\n|turn|9\n|\n|t:|1776392018\n|move|p1a: KRAKKATOA|Protect|p1a: KRAKKATOA\n|-singleturn|p1a: KRAKKATOA|Protect\n|move|p2b: Saci|Moonblast|p1a: KRAKKATOA\n|-activate|p1a: KRAKKATOA|move: Protect\n|\n|upkeep\n|turn|10\n|\n|t:|1776392024\n|move|p1a: KRAKKATOA|Protect||[still]\n|-fail|p1a: KRAKKATOA\n|move|p2b: Saci|Moonblast|p1a: KRAKKATOA\n|-resisted|p1a: KRAKKATOA|1\n|-damage|p1a: KRAKKATOA|28/100\n|-unboost|p1a: KRAKKATOA|spa|1\n|\n|-end|p1a: KRAKKATOA|Encore\n|upkeep\n|turn|11\n|\n|t:|1776392035\n|move|p2b: Saci|Encore||[still]\n|-fail|p2b: Saci\n|move|p1a: KRAKKATOA|Heat Wave|p2b: Saci|[miss]\n|-miss|p1a: KRAKKATOA|p2b: Saci\n|\n|upkeep\n|turn|12\n|\n|t:|1776392047\n|move|p2b: Saci|Protect|p2b: Saci\n|-singleturn|p2b: Saci|Protect\n|move|p1a: KRAKKATOA|Heat Wave|p2b: Saci\n|-activate|p2b: Saci|move: Protect\n|\n|upkeep\n|turn|13\n|\n|t:|1776392053\n|move|p2b: Saci|Moonblast|p1a: KRAKKATOA\n|-resisted|p1a: KRAKKATOA|1\n|-damage|p1a: KRAKKATOA|10/100\n|-unboost|p1a: KRAKKATOA|spa|1\n|move|p1a: KRAKKATOA|Heat Wave|p2b: Saci\n|-supereffective|p2b: Saci|1\n|-damage|p2b: Saci|0 fnt\n|faint|p2b: Saci\n|\n|win|thedoverboys\n|raw|thedoverboys's rating: 1247 &rarr; <strong>1270</strong><br />(+23 for winning)\n|raw|sereu's rating: 1221 &rarr; <strong>1198</strong><br />(-23 for losing)\n",
  "uploadtime": 1776392065,
  "views": 28,
  "formatid": "gen9championsvgc2026regma",
  "rating": 1198,
  "private": 0,
  "password": null
}