{
  "id": "gen9championsvgc2026regma-2588697508",
  "format": "[Gen 9 Champions] VGC 2026 Reg M-A",
  "players": [
    "Luk21",
    "magato123"
  ],
  "log": "|j|\u2606Luk21\n|j|\u2606magato123\n|t:|1776658964\n|gametype|doubles\n|player|p1|Luk21|hilbert|1051\n|player|p2|magato123|turo-ai|1043\n|gen|9\n|tier|[Gen 9 Champions] VGC 2026 Reg M-A\n|rated|\n|rule|Species Clause: Limit one of each Pok\u00e9mon\n|rule|Item Clause: Limit 1 of each item\n|clearpoke\n|poke|p1|Corviknight, L50, M|\n|poke|p1|Skeledirge, L50, M|\n|poke|p1|Abomasnow, L50, M|\n|poke|p1|Mudsdale, L50, M|\n|poke|p1|Samurott-Hisui, L50, M|\n|poke|p1|Audino, L50, F|\n|poke|p2|Gengar, L50, M|\n|poke|p2|Garchomp, L50, F|\n|poke|p2|Basculegion, L50, M|\n|poke|p2|Clefable, L50, F|\n|poke|p2|Sneasler, L50, M|\n|poke|p2|Sableye, L50, F|\n|teampreview|4\n|inactive|Battle timer is ON: inactive players will automatically lose when time's up. (requested by magato123)\nmagato123 rejected open team sheets.\n|\n|t:|1776658973\n|teamsize|p1|4\n|teamsize|p2|4\n|start\n|switch|p1a: Audino|Audino, L50, F|100/100\n|switch|p1b: Abomasnow|Abomasnow, L50, M|100/100\n|switch|p2a: Clefable|Clefable, L50, F|100/100\n|switch|p2b: Garchomp|Garchomp, L50, F|100/100\n|-weather|Snowscape|[from] ability: Snow Warning|[of] p1b: Abomasnow\n|turn|1\n|\n|t:|1776658979\n|detailschange|p2b: Garchomp|Garchomp-Mega, L50, F\n|-mega|p2b: Garchomp|Garchomp|Garchompite\n|move|p2b: Garchomp|Rock Slide|p1a: Audino|[spread] p1a,p1b\n|-supereffective|p1b: Abomasnow|1\n|-damage|p1a: Audino|81/100\n|-damage|p1b: Abomasnow|66/100\n|move|p2a: Clefable|Icy Wind|p1a: Audino|[spread] p1a,p1b\n|-damage|p1a: Audino|73/100\n|-damage|p1b: Abomasnow|55/100\n|-unboost|p1a: Audino|spe|1\n|-unboost|p1b: Abomasnow|spe|1\n|move|p1b: Abomasnow|Aurora Veil|p1b: Abomasnow\n|-sidestart|p1: Luk21|move: Aurora Veil\n|move|p1a: Audino|Trick Room|p1a: Audino\n|-fieldstart|move: Trick Room|[of] p1a: Audino\n|\n|-weather|Snowscape|[upkeep]\n|upkeep\n|turn|2\n|\n|t:|1776658995\n|move|p2a: Clefable|Follow Me|p2a: Clefable\n|-singleturn|p2a: Clefable|move: Follow Me\n|move|p1a: Audino|Life Dew|p1a: Audino|[spread] p1a,p1b\n|-heal|p1a: Audino|98/100\n|-heal|p1b: Abomasnow|80/100\n|move|p1b: Abomasnow|Blizzard|p2b: Garchomp|[spread] p2a,p2b\n|-supereffective|p2b: Garchomp|2\n|-damage|p2a: Clefable|64/100\n|-damage|p2b: Garchomp|0 fnt\n|faint|p2b: Garchomp\n|\n|-weather|Snowscape|[upkeep]\n|-heal|p2a: Clefable|70/100|[from] item: Leftovers\n|upkeep\n|\n|t:|1776658995\n|switch|p2b: Basculegion|Basculegion, L50, M|100/100\n|turn|3\n|\n|t:|1776659015\n|move|p1a: Audino|Life Dew|p1a: Audino|[spread] p1a,p1b\n|-heal|p1a: Audino|100/100\n|-heal|p1b: Abomasnow|100/100\n|move|p1b: Abomasnow|Giga Drain|p2b: Basculegion\n|-supereffective|p2b: Basculegion|1\n|-damage|p2b: Basculegion|16/100\n|move|p2a: Clefable|Icy Wind|p1a: Audino|[spread] p1a,p1b\n|-damage|p1a: Audino|95/100\n|-damage|p1b: Abomasnow|94/100\n|-unboost|p1a: Audino|spe|1\n|-unboost|p1b: Abomasnow|spe|1\n|move|p2b: Basculegion|Last Respects|p1a: Audino\n|-immune|p1a: Audino\n|\n|-weather|Snowscape|[upkeep]\n|-heal|p2a: Clefable|76/100|[from] item: Leftovers\n|upkeep\n|turn|4\n|\n|t:|1776659033\n|move|p1a: Audino|Ally Switch|p1a: Audino\n|swap|p1a: Audino|1|[from] move: Ally Switch\n|move|p1a: Abomasnow|Blizzard|p2a: Clefable|[spread] p2a,p2b\n|-resisted|p2b: Basculegion|1\n|-damage|p2a: Clefable|40/100\n|-damage|p2b: Basculegion|0 fnt\n|faint|p2b: Basculegion\n|move|p2a: Clefable|Icy Wind|p1b: Audino|[spread] p1a,p1b\n|-crit|p1a: Abomasnow\n|-damage|p1a: Abomasnow|79/100\n|-damage|p1b: Audino|90/100\n|-unboost|p1a: Abomasnow|spe|1\n|-unboost|p1b: Audino|spe|1\n|\n|-weather|Snowscape|[upkeep]\n|-heal|p2a: Clefable|46/100|[from] item: Leftovers\n|upkeep\n|\n|t:|1776659033\n|switch|p2b: Sneasler|Sneasler, L50, M|100/100\n|turn|5\n|j| SADATO69\n|\n|t:|1776659050\n|move|p1b: Audino|Protect|p1b: Audino\n|-singleturn|p1b: Audino|Protect\n|move|p1a: Abomasnow|Blizzard|p2b: Sneasler|[spread] p2a,p2b\n|-damage|p2a: Clefable|12/100\n|-damage|p2b: Sneasler|37/100\n|move|p2a: Clefable|Icy Wind|p1b: Audino|[spread] p1a\n|-activate|p1b: Audino|move: Protect\n|-damage|p1a: Abomasnow|72/100\n|-unboost|p1a: Abomasnow|spe|1\n|move|p2b: Sneasler|Close Combat|p1b: Audino\n|-activate|p1b: Audino|move: Protect\n|\n|-weather|none\n|-heal|p2a: Clefable|18/100|[from] item: Leftovers\n|-sideend|p1: Luk21|move: Aurora Veil\n|-fieldend|move: Trick Room\n|upkeep\n|turn|6\n|\n|t:|1776659067\n|detailschange|p1b: Audino|Audino-Mega, L50, F\n|-mega|p1b: Audino|Audino|Audinite\n|move|p1a: Abomasnow|Protect|p1a: Abomasnow\n|-singleturn|p1a: Abomasnow|Protect\n|move|p2b: Sneasler|Close Combat|p1a: Abomasnow\n|-activate|p1a: Abomasnow|move: Protect\n|move|p2a: Clefable|Reflect|p2a: Clefable\n|-sidestart|p2: magato123|Reflect\n|move|p1b: Audino|Trick Room|p1b: Audino\n|-fieldstart|move: Trick Room|[of] p1b: Audino\n|\n|-heal|p2a: Clefable|24/100|[from] item: Leftovers\n|upkeep\n|turn|7\n|\n|t:|1776659082\n|switch|p1a: Mudsdale|Mudsdale, L50, M|100/100\n|move|p1b: Audino|Life Dew||[still]|[spread] p1a,p1b\n|-fail|p1a: Mudsdale|heal\n|-heal|p1b: Audino|100/100\n|move|p2a: Clefable|Icy Wind|p1a: Mudsdale|[spread] p1a,p1b\n|-supereffective|p1a: Mudsdale|1\n|-damage|p1a: Mudsdale|80/100\n|-damage|p1b: Audino|95/100\n|-unboost|p1a: Mudsdale|spe|1\n|-unboost|p1b: Audino|spe|1\n|move|p2b: Sneasler|Close Combat|p1a: Mudsdale\n|-damage|p1a: Mudsdale|30/100\n|-unboost|p2b: Sneasler|def|1\n|-unboost|p2b: Sneasler|spd|1\n|-enditem|p1a: Mudsdale|Sitrus Berry|[eat]\n|-heal|p1a: Mudsdale|55/100|[from] item: Sitrus Berry\n|\n|-heal|p2a: Clefable|30/100|[from] item: Leftovers\n|upkeep\n|turn|8\n|\n|t:|1776659099\n|move|p2a: Clefable|Follow Me|p2a: Clefable\n|-singleturn|p2a: Clefable|move: Follow Me\n|move|p1b: Audino|Life Dew|p1b: Audino|[spread] p1a,p1b\n|-heal|p1a: Mudsdale|80/100\n|-heal|p1b: Audino|100/100\n|move|p1a: Mudsdale|High Horsepower|p2a: Clefable\n|-damage|p2a: Clefable|0 fnt\n|faint|p2a: Clefable\n|move|p2b: Sneasler|Close Combat|p1a: Mudsdale\n|-damage|p1a: Mudsdale|24/100\n|-unboost|p2b: Sneasler|def|1\n|-unboost|p2b: Sneasler|spd|1\n|\n|upkeep\n|turn|9\n|\n|t:|1776659104\n|move|p1b: Audino|Life Dew||[still]|[spread] p1a,p1b\n|-heal|p1a: Mudsdale|49/100\n|-fail|p1b: Audino|heal\n|move|p1a: Mudsdale|High Horsepower|p2b: Sneasler\n|-supereffective|p2b: Sneasler|1\n|-damage|p2b: Sneasler|0 fnt\n|faint|p2b: Sneasler\n|\n|win|Luk21\n|raw|Luk21's rating: 1051 &rarr; <strong>1080</strong><br />(+29 for winning)\n|raw|magato123's rating: 1014 &rarr; <strong>1003</strong><br />(-11 for losing)\n|l|\u2606magato123\n|player|p2|\n",
  "uploadtime": 1776659104,
  "views": 5,
  "formatid": "gen9championsvgc2026regma",
  "rating": 1003,
  "private": 0,
  "password": null
}