{
  "id": "gen9championsvgc2026regma-2587210137",
  "format": "[Gen 9 Champions] VGC 2026 Reg M-A",
  "players": [
    "taobeo",
    "Steeledanenjoyer"
  ],
  "log": "|j|\u2606taobeo\n|j|\u2606Steeledanenjoyer\n|t:|1776509349\n|gametype|doubles\n|player|p1|taobeo|2|1244\n|player|p2|Steeledanenjoyer|musician|1244\n|gen|9\n|tier|[Gen 9 Champions] VGC 2026 Reg M-A\n|rated|\n|rule|Species Clause: Limit one of each Pok\u00e9mon\n|rule|Item Clause: Limit 1 of each item\n|clearpoke\n|poke|p1|Meganium, L50, F|\n|poke|p1|Pelipper, L50, M|\n|poke|p1|Archaludon, L50, M|\n|poke|p1|Aerodactyl, L50, F|\n|poke|p1|Garchomp, L50, M|\n|poke|p1|Froslass, L50, F|\n|poke|p2|Tyranitar, L50, F|\n|poke|p2|Excadrill, L50, M|\n|poke|p2|Corviknight, L50, F|\n|poke|p2|Primarina, L50, F|\n|poke|p2|Sinistcha, L50|\n|poke|p2|Incineroar, L50, M|\n|teampreview|4\n|inactive|Battle timer is ON: inactive players will automatically lose when time's up. (requested by taobeo)\n|\n|t:|1776509394\n|teamsize|p1|4\n|teamsize|p2|4\n|start\n|switch|p1a: Meganium|Meganium, L50, F|100/100\n|switch|p1b: Aerodactyl|Aerodactyl, L50, F|100/100\n|switch|p2a: Primarina|Primarina, L50, F|100/100\n|switch|p2b: Sinistcha|Sinistcha, L50|100/100\n|-ability|p1b: Aerodactyl|Unnerve\n|turn|1\n|\n|t:|1776509413\n|detailschange|p1a: Meganium|Meganium-Mega, L50, F\n|-mega|p1a: Meganium|Meganium|Meganiumite\n|move|p1b: Aerodactyl|Dual Wingbeat|p2b: Sinistcha\n|-supereffective|p2b: Sinistcha|1\n|-damage|p2b: Sinistcha|62/100\n|-supereffective|p2b: Sinistcha|1\n|-damage|p2b: Sinistcha|24/100\n|-hitcount|p2b: Sinistcha|2\n|move|p1a: Meganium|Solar Beam||[still]\n|-prepare|p1a: Meganium|Solar Beam\n|-activate|p1a: Meganium|ability: Mega Sol\n|-anim|p1a: Meganium|Solar Beam|p2a: Primarina\n|-supereffective|p2a: Primarina|1\n|-damage|p2a: Primarina|0 fnt\n|faint|p2a: Primarina\n|move|p2b: Sinistcha|Trick Room|p2b: Sinistcha\n|-fieldstart|move: Trick Room|[of] p2b: Sinistcha\n|\n|upkeep\n|\n|t:|1776509426\n|switch|p2a: Tyranitar|Tyranitar, L50, F|100/100\n|-weather|Sandstorm|[from] ability: Sand Stream|[of] p2a: Tyranitar\n|turn|2\n|inactive|taobeo has 30 seconds left.\n|inactive|taobeo has 20 seconds left.\n|inactive|taobeo has 15 seconds left.\n|inactive|taobeo has 10 seconds left.\n|\n|t:|1776509471\n|switch|p1b: Pelipper|Pelipper, L50, M|100/100\n|-weather|RainDance|[from] ability: Drizzle|[of] p1b: Pelipper\n|detailschange|p2a: Tyranitar|Tyranitar-Mega, L50, F\n|-mega|p2a: Tyranitar|Tyranitar|Tyranitarite\n|-weather|Sandstorm|[from] ability: Sand Stream|[of] p2a: Tyranitar\n|move|p2b: Sinistcha|Matcha Gotcha|p1a: Meganium|[spread] p1b\n|-miss|p2b: Sinistcha|p1a: Meganium\n|-damage|p1b: Pelipper|61/100\n|-heal|p2b: Sinistcha|43/100|[from] drain|[of] p1b: Pelipper\n|-status|p1b: Pelipper|brn\n|move|p2a: Tyranitar|Ice Punch|p1a: Meganium\n|-supereffective|p1a: Meganium|1\n|-damage|p1a: Meganium|26/100\n|move|p1a: Meganium|Solar Beam||[still]\n|-prepare|p1a: Meganium|Solar Beam\n|-activate|p1a: Meganium|ability: Mega Sol\n|-anim|p1a: Meganium|Solar Beam|p2a: Tyranitar\n|-supereffective|p2a: Tyranitar|1\n|-damage|p2a: Tyranitar|0 fnt\n|faint|p2a: Tyranitar\n|\n|-weather|Sandstorm|[upkeep]\n|-damage|p2b: Sinistcha|37/100|[from] Sandstorm\n|-damage|p1b: Pelipper|55/100 brn|[from] Sandstorm\n|-damage|p1a: Meganium|20/100|[from] Sandstorm\n|-damage|p1b: Pelipper|49/100 brn|[from] brn\n|upkeep\n|\n|t:|1776509494\n|switch|p2a: Excadrill|Excadrill, L50, M|100/100\n|turn|3\n|inactive|taobeo has 30 seconds left.\n|\n|t:|1776509522\n|move|p2a: Excadrill|Protect|p2a: Excadrill\n|-singleturn|p2a: Excadrill|Protect\n|move|p1b: Pelipper|Hurricane|p2b: Sinistcha\n|-supereffective|p2b: Sinistcha|1\n|-damage|p2b: Sinistcha|0 fnt\n|faint|p2b: Sinistcha\n|move|p1a: Meganium|Weather Ball|p2a: Excadrill\n|-activate|p2a: Excadrill|move: Protect\n|\n|-weather|Sandstorm|[upkeep]\n|-damage|p1b: Pelipper|43/100 brn|[from] Sandstorm\n|-damage|p1a: Meganium|14/100|[from] Sandstorm\n|-damage|p1b: Pelipper|37/100 brn|[from] brn\n|upkeep\n|turn|4\n|inactive|taobeo has 30 seconds left.\n|\n|t:|1776509549\n|move|p1b: Pelipper|Surf|p2a: Excadrill|[spread] p1a,p2a\n|-resisted|p1a: Meganium|1\n|-supereffective|p2a: Excadrill|1\n|-damage|p1a: Meganium|0 fnt\n|-damage|p2a: Excadrill|20/100\n|faint|p1a: Meganium\n|move|p2a: Excadrill|Rock Slide|p1b: Pelipper|[miss]\n|-miss|p2a: Excadrill|p1b: Pelipper\n|\n|-weather|Sandstorm|[upkeep]\n|-damage|p1b: Pelipper|31/100 brn|[from] Sandstorm\n|-damage|p1b: Pelipper|25/100 brn|[from] brn\n|upkeep\n|\n|t:|1776509565\n|switch|p1a: Aerodactyl|Aerodactyl, L50, F|100/100\n|-ability|p1a: Aerodactyl|Unnerve\n|turn|5\n|\n|t:|1776509574\n|move|p2a: Excadrill|Protect|p2a: Excadrill\n|-singleturn|p2a: Excadrill|Protect\n|move|p1b: Pelipper|Hydro Pump|p2a: Excadrill\n|-activate|p2a: Excadrill|move: Protect\n|move|p1a: Aerodactyl|Tailwind|p1a: Aerodactyl\n|-sidestart|p1: taobeo|move: Tailwind\n|\n|-weather|Sandstorm|[upkeep]\n|-damage|p1b: Pelipper|19/100 brn|[from] Sandstorm\n|-damage|p1b: Pelipper|13/100 brn|[from] brn\n|-fieldend|move: Trick Room\n|upkeep\n|turn|6\n|\n|t:|1776509592\n|move|p1a: Aerodactyl|Protect|p1a: Aerodactyl\n|-singleturn|p1a: Aerodactyl|Protect\n|move|p2a: Excadrill|Rock Slide|p1b: Pelipper|[spread] p1b\n|-activate|p1a: Aerodactyl|move: Protect\n|-supereffective|p1b: Pelipper|1\n|-damage|p1b: Pelipper|0 fnt\n|faint|p1b: Pelipper\n|\n|-weather|none\n|upkeep\n|\n|t:|1776509603\n|switch|p1b: Garchomp|Garchomp, L50, M|100/100\n|turn|7\n|\n|t:|1776509616\n|move|p1a: Aerodactyl|Dual Wingbeat|p2a: Excadrill|[miss]\n|-miss|p1a: Aerodactyl|p2a: Excadrill\n|move|p1b: Garchomp|Earthquake|p2a: Excadrill|[spread] p2a\n|-immune|p1a: Aerodactyl\n|-supereffective|p2a: Excadrill|1\n|-damage|p2a: Excadrill|0 fnt\n|faint|p2a: Excadrill\n|\n|win|taobeo\n|raw|taobeo's rating: 1244 &rarr; <strong>1269</strong><br />(+25 for winning)\n|raw|Steeledanenjoyer's rating: 1244 &rarr; <strong>1219</strong><br />(-25 for losing)\n",
  "uploadtime": 1776509621,
  "views": 18,
  "formatid": "gen9championsvgc2026regma",
  "rating": 1219,
  "private": 0,
  "password": null
}