{
  "id": "gen9championsvgc2026regma-2585819505",
  "format": "[Gen 9 Champions] VGC 2026 Reg M-A",
  "players": [
    "sebtct",
    "Crene"
  ],
  "log": "|j|\u2606sebtct\n|j|\u2606Crene\n|t:|1776372993\n|gametype|doubles\n|player|p1|sebtct|2|\n|player|p2|Crene|erika|\n|gen|9\n|tier|[Gen 9 Champions] VGC 2026 Reg M-A\n|rule|Species Clause: Limit one of each Pok\u00e9mon\n|rule|Item Clause: Limit 1 of each item\n|clearpoke\n|poke|p1|Sinistcha-Masterpiece, L50|\n|poke|p1|Aggron, L50, F|\n|poke|p1|Blastoise, L50, M|\n|poke|p1|Pelipper, L50, F|\n|poke|p1|Incineroar, L50, F|\n|poke|p1|Sneasler, L50, M|\n|poke|p2|Banette, L50, M|\n|poke|p2|Basculegion, L50, M|\n|poke|p2|Sneasler, L50, F|\n|poke|p2|Pelipper, L50, F|\n|poke|p2|Archaludon, L50, M|\n|poke|p2|Sinistcha-Masterpiece, L50|\n|teampreview|4\n|inactive|Battle timer is ON: inactive players will automatically lose when time's up. (requested by Crene)\n|inactiveoff|Battle timer is now OFF.\n|c|\u2606sebtct|ots or nah\n|c|\u2606Crene|wait for the fans\n|c|\u2606Crene|sure\nCrene has agreed to open team sheets.\n|j| Bio_Hazz\nsebtct has agreed to open team sheets.\n|showteam|p1|Sinistcha-Masterpiece||OccaBerry|Hospitality|MatchaGotcha,RagePowder,ShadowBall,TrickRoom||||||50|]Aggron||Aggronite|Sturdy|HeavySlam,BodyPress,IronDefense,MetalBurst|||F|||50|]Blastoise||Blastoisinite|Torrent|WaterSpout,IceBeam,AuraSphere,Protect|||M|||50|]Pelipper||FocusSash|Drizzle|WeatherBall,Hurricane,Tailwind,Protect|||F|||50|]Incineroar||SitrusBerry|Intimidate|FakeOut,FlareBlitz,DarkestLariat,PartingShot|||F|||50|]Sneasler||WhiteHerb|Unburden|FakeOut,CloseCombat,DireClaw,Protect|||M|||50|\n|showteam|p2|Banette||Banettite|Frisk|Encore,ShadowSneak,Poltergeist,RainDance|||M|||50|]Basculegion||MysticWater|SwiftSwim|LastRespects,WaveCrash,FlipTurn,AquaJet|||M|||50|]Sneasler||WhiteHerb|Unburden|FakeOut,DireClaw,CloseCombat,Protect|||F|||50|]Pelipper||FocusSash|Drizzle|WideGuard,WeatherBall,Hurricane,Tailwind|||F|||50|]Archaludon||Leftovers|Stamina|DracoMeteor,FlashCannon,ElectroShot,Protect|||M|||50|]Sinistcha-Masterpiece||SitrusBerry|Hospitality|MatchaGotcha,RagePowder,StunSpore,LifeDew||||||50|\n|c|\u2606Crene|let me get my yt video\n|j| darumaka maracas\n|j| iamqc\n|c|\u2606Crene|okay I got it\n|c|\u2606Crene|lets see\n|\n|t:|1776373106\n|teamsize|p1|4\n|teamsize|p2|4\n|start\n|switch|p1a: Aggron|Aggron, L50, F|100/100\n|switch|p1b: Sneasler|Sneasler, L50, M|100/100\n|switch|p2a: Bill Cosby|Banette, L50, M|100/100\n|switch|p2b: mistake 2|Basculegion, L50, M|100/100\n|-item|p1a: Aggron|Aggronite|[from] ability: Frisk|[of] p2a: Bill Cosby\n|-item|p1b: Sneasler|White Herb|[from] ability: Frisk|[of] p2a: Bill Cosby\n|turn|1\n|c|\u2606Crene|seb i will say\n|c|\u2606Crene|I am hungry\n|j| Charizard=trash\n|c|\u2606Crene|so will ask if this game can go quickly\n|\n|t:|1776373160\n|switch|p1b: Sinistcha|Sinistcha-Masterpiece, L50|100/100\n|detailschange|p2a: Bill Cosby|Banette-Mega, L50, M\n|-mega|p2a: Bill Cosby|Banette|Banettite\n|detailschange|p1a: Aggron|Aggron-Mega, L50, F\n|-mega|p1a: Aggron|Aggron|Aggronite\n|move|p2a: Bill Cosby|Rain Dance|p2a: Bill Cosby\n|-weather|RainDance\n|move|p2b: mistake 2|Wave Crash|p1b: Sinistcha\n|-resisted|p1b: Sinistcha|1\n|-damage|p1b: Sinistcha|53/100\n|-damage|p2b: mistake 2|86/100|[from] Recoil\n|move|p1a: Aggron|Metal Burst||[still]\n|-fail|p1a: Aggron\n|\n|-weather|RainDance|[upkeep]\n|upkeep\n|turn|2\n|\n|t:|1776373181\n|move|p1b: Sinistcha|Rage Powder|p1b: Sinistcha\n|-singleturn|p1b: Sinistcha|move: Rage Powder\n|move|p2a: Bill Cosby|Encore|p1b: Sinistcha\n|-start|p1b: Sinistcha|Encore\n|move|p2b: mistake 2|Wave Crash|p1b: Sinistcha\n|-resisted|p1b: Sinistcha|1\n|-damage|p1b: Sinistcha|3/100\n|-damage|p2b: mistake 2|71/100|[from] Recoil\n|move|p1a: Aggron|Heavy Slam|p2a: Bill Cosby\n|-damage|p2a: Bill Cosby|25/100\n|\n|-weather|RainDance|[upkeep]\n|upkeep\n|turn|3\n|c|\u2606Crene|im looking up what metal burst does\n|\n|t:|1776373205\n|move|p1b: Sinistcha|Rage Powder|p1b: Sinistcha\n|-singleturn|p1b: Sinistcha|move: Rage Powder\n|move|p2a: Bill Cosby|Shadow Sneak|p1b: Sinistcha\n|-supereffective|p1b: Sinistcha|1\n|-damage|p1b: Sinistcha|0 fnt\n|faint|p1b: Sinistcha\n|move|p2b: mistake 2|Wave Crash|p1a: Aggron\n|-damage|p1a: Aggron|50/100\n|-damage|p2b: mistake 2|56/100|[from] Recoil\n|move|p1a: Aggron|Heavy Slam|p2a: Bill Cosby\n|-damage|p2a: Bill Cosby|0 fnt\n|faint|p2a: Bill Cosby\n|\n|-weather|RainDance|[upkeep]\n|upkeep\n|\n|t:|1776373218\n|switch|p2a: mistake 6|Sinistcha-Masterpiece, L50|100/100\n|switch|p1b: Pelipper|Pelipper, L50, F|100/100\n|-heal|p2b: mistake 2|80/100|[from] ability: Hospitality|[of] p2a: mistake 6\n|turn|4\n|c|\u2606Crene|pill cosby\n|c| iamqc|girl you can type /dt (thing) and itll give you what it does\n|c|\u2606Crene|oh\n|c|\u2606Crene|mmmmm\n|c|\u2606Crene|cheeky cheeky cheeky\n|\n|t:|1776373259\n|move|p2b: mistake 2|Wave Crash|p1b: Pelipper\n|-resisted|p1b: Pelipper|1\n|-damage|p1b: Pelipper|28/100\n|-damage|p2b: mistake 2|64/100|[from] Recoil\n|move|p1b: Pelipper|Hurricane|p2a: mistake 6\n|-supereffective|p2a: mistake 6|1\n|-damage|p2a: mistake 6|22/100\n|-enditem|p2a: mistake 6|Sitrus Berry|[eat]\n|-heal|p2a: mistake 6|47/100|[from] item: Sitrus Berry\n|move|p2a: mistake 6|Matcha Gotcha|p1a: Aggron|[spread] p1a,p1b\n|-resisted|p1a: Aggron|1\n|-damage|p1a: Aggron|40/100\n|-heal|p2a: mistake 6|52/100|[from] drain|[of] p1a: Aggron\n|-damage|p1b: Pelipper|0 fnt\n|-heal|p2a: mistake 6|62/100|[from] drain|[of] p1b: Pelipper\n|faint|p1b: Pelipper\n|move|p1a: Aggron|Metal Burst|p2a: mistake 6\n|-damage|p2a: mistake 6|48/100\n|\n|-weather|RainDance|[upkeep]\n|upkeep\n|c|\u2606Crene|cheeky cheeky cheeky\n|\n|t:|1776373268\n|switch|p1b: Sneasler|Sneasler, L50, M|100/100\n|turn|5\n|\n|t:|1776373294\n|move|p1b: Sneasler|Protect|p1b: Sneasler\n|-singleturn|p1b: Sneasler|Protect\n|move|p2b: mistake 2|Wave Crash|p1b: Sneasler\n|-activate|p1b: Sneasler|move: Protect\n|move|p2a: mistake 6|Life Dew|p2a: mistake 6|[spread] p2a,p2b\n|-heal|p2a: mistake 6|74/100\n|-heal|p2b: mistake 2|89/100\n|move|p1a: Aggron|Heavy Slam|p2a: mistake 6\n|-damage|p2a: mistake 6|18/100\n|\n|-weather|none\n|upkeep\n|turn|6\n|\n|t:|1776373315\n|move|p1b: Sneasler|Dire Claw|p2a: mistake 6\n|-damage|p2a: mistake 6|0 fnt\n|faint|p2a: mistake 6\n|move|p2b: mistake 2|Wave Crash|p1b: Sneasler\n|-damage|p1b: Sneasler|0 fnt\n|faint|p1b: Sneasler\n|-damage|p2b: mistake 2|62/100|[from] Recoil\n|move|p1a: Aggron|Iron Defense|p1a: Aggron\n|-boost|p1a: Aggron|def|2\n|\n|upkeep\n|\n|t:|1776373317\n|switch|p2a: mistake 3|Sneasler, L50, F|100/100\n|turn|7\n|c|\u2606Crene|seb.\n|\n|t:|1776373332\n|move|p2a: mistake 3|Fake Out|p1a: Aggron\n|-resisted|p1a: Aggron|1\n|-damage|p1a: Aggron|38/100\n|move|p2b: mistake 2|Last Respects|p1a: Aggron\n|-damage|p1a: Aggron|18/100\n|cant|p1a: Aggron|flinch\n|\n|upkeep\n|turn|8\n|\n|t:|1776373338\n|move|p2a: mistake 3|Close Combat|p1a: Aggron\n|-supereffective|p1a: Aggron|1\n|-damage|p1a: Aggron|0 fnt\n|-unboost|p2a: mistake 3|def|1\n|-unboost|p2a: mistake 3|spd|1\n|faint|p1a: Aggron\n|\n|win|Crene\n|c|\u2606Crene|PUT SOME RESPECT ON MY NAME\n|c|\u2606Crene|see\n|c|\u2606Crene|seb\n|c|\u2606sebtct|i wanted to use metal burst :(\n|c|\u2606Crene|is a nice guy\n|c|\u2606Crene|freestyle\n|c|\u2606Crene|freetle\n|c|\u2606Crene|no\n|c|\u2606Crene|see keeps him name\n|l| iamqc\n|l|\u2606sebtct\n|player|p1|\n",
  "uploadtime": 1776373369,
  "views": 18,
  "formatid": "gen9championsvgc2026regma",
  "rating": null,
  "private": 0,
  "password": null
}