{
  "id": "gen9championsvgc2026regma-2582177494",
  "format": "[Gen 9 Champions] VGC 2026 Reg M-A",
  "players": [
    "wkoumei",
    "AdriFD"
  ],
  "log": "|j|\u203dwkoumei\n|j|\u2606AdriFD\n|t:|1776067801\n|gametype|doubles\n|player|p1|wkoumei|iris-gen5bw2|1098\n|player|p2|AdriFD|170|1148\n|gen|9\n|tier|[Gen 9 Champions] VGC 2026 Reg M-A\n|rated|\n|rule|Species Clause: Limit one of each Pok\u00e9mon\n|rule|Item Clause: Limit 1 of each item\n|clearpoke\n|poke|p1|Delphox, L50, F|\n|poke|p1|Whimsicott, L50, M|\n|poke|p1|Garchomp, L50, M|\n|poke|p1|Sinistcha, L50|\n|poke|p1|Rotom-Wash, L50|\n|poke|p1|Sneasler, L50, F|\n|poke|p2|Charizard, L50, F|\n|poke|p2|Venusaur, L50, M|\n|poke|p2|Milotic, L50, M|\n|poke|p2|Incineroar, L50, M|\n|poke|p2|Gardevoir, L50, F|\n|poke|p2|Garchomp, L50, M|\n|teampreview|4\nAdriFD rejected open team sheets.\n|inactive|Battle timer is ON: inactive players will automatically lose when time's up. (requested by AdriFD)\n|inactive|AdriFD has 60 seconds left.\n|\n|t:|1776067856\n|teamsize|p1|4\n|teamsize|p2|4\n|start\n|switch|p1a: Whimsicott|Whimsicott, L50, M|100/100\n|switch|p1b: Sneasler|Sneasler, L50, F|100/100\n|switch|p2a: Incineroar|Incineroar, L50, M|100/100\n|switch|p2b: Milotic|Milotic, L50, M|100/100\n|-ability|p2a: Incineroar|Intimidate|boost\n|-unboost|p1a: Whimsicott|atk|1\n|-unboost|p1b: Sneasler|atk|1\n|-enditem|p1b: Sneasler|White Herb\n|-clearnegativeboost|p1b: Sneasler|[silent]\n|turn|1\n|\n|t:|1776067874\n|move|p1b: Sneasler|Fake Out|p2a: Incineroar\n|-damage|p2a: Incineroar|88/100\n|cant|p2a: Incineroar|flinch\n|move|p1a: Whimsicott|Tailwind|p1a: Whimsicott\n|-sidestart|p1: wkoumei|move: Tailwind\n|move|p2b: Milotic|Ice Beam|p1a: Whimsicott\n|-supereffective|p1a: Whimsicott|1\n|-damage|p1a: Whimsicott|3/100\n|-status|p1a: Whimsicott|frz\n|\n|upkeep\n|turn|2\n|inactive|AdriFD has 30 seconds left.\n|\n|t:|1776067905\n|switch|p2a: Charizard|Charizard, L50, F, shiny|100/100\n|move|p1b: Sneasler|Close Combat|p2a: Charizard\n|-resisted|p2a: Charizard|1\n|-damage|p2a: Charizard|56/100\n|-unboost|p1b: Sneasler|def|1\n|-unboost|p1b: Sneasler|spd|1\n|cant|p1a: Whimsicott|frz\n|move|p2b: Milotic|Icy Wind|p1b: Sneasler|[spread] p1a,p1b\n|-supereffective|p1a: Whimsicott|1\n|-damage|p1a: Whimsicott|0 fnt\n|-damage|p1b: Sneasler|76/100\n|-unboost|p1b: Sneasler|spe|1\n|faint|p1a: Whimsicott\n|\n|upkeep\n|\n|t:|1776067917\n|switch|p1a: Garchomp|Garchomp, L50, M|100/100\n|turn|3\n|\n|t:|1776067938\n|switch|p2b: Incineroar|Incineroar, L50, M|88/100\n|-ability|p2b: Incineroar|Intimidate|boost\n|-unboost|p1a: Garchomp|atk|1\n|-unboost|p1b: Sneasler|atk|1\n|detailschange|p2a: Charizard|Charizard-Mega-Y, L50, F, shiny\n|-mega|p2a: Charizard|Charizard|Charizardite Y\n|-weather|SunnyDay|[from] ability: Drought|[of] p2a: Charizard\n|move|p1a: Garchomp|Rock Slide|p2a: Charizard|[spread] p2a,p2b\n|-supereffective|p2a: Charizard|2\n|-supereffective|p2b: Incineroar|1\n|-damage|p2a: Charizard|0 fnt\n|-damage|p2b: Incineroar|64/100\n|faint|p2a: Charizard\n|move|p1b: Sneasler|Dire Claw|p2b: Incineroar\n|-damage|p2b: Incineroar|40/100\n|-enditem|p2b: Incineroar|Sitrus Berry|[eat]\n|-heal|p2b: Incineroar|64/100|[from] item: Sitrus Berry\n|\n|-weather|SunnyDay|[upkeep]\n|upkeep\n|\n|t:|1776067956\n|switch|p2a: Milotic|Milotic, L50, M|100/100\n|turn|4\n|\n|t:|1776067965\n|switch|p1a: Delphox|Delphox, L50, F|100/100\n|switch|p2b: Venusaur|Venusaur, L50, M, shiny|100/100\n|move|p1b: Sneasler|Close Combat|p2b: Venusaur\n|-resisted|p2b: Venusaur|1\n|-damage|p2b: Venusaur|72/100\n|-unboost|p1b: Sneasler|def|1\n|-unboost|p1b: Sneasler|spd|1\n|move|p2a: Milotic|Ice Beam|p1a: Delphox\n|-resisted|p1a: Delphox|1\n|-damage|p1a: Delphox|84/100\n|\n|-weather|SunnyDay|[upkeep]\n|-sideend|p1: wkoumei|move: Tailwind\n|upkeep\n|turn|5\n|inactive|wkoumei has 30 seconds left.\n|inactive|AdriFD has 30 seconds left.\n|inactive|AdriFD has 20 seconds left.\n|inactive|wkoumei has 20 seconds left.\n|inactive|AdriFD has 15 seconds left.\n|\n|t:|1776068010\n|detailschange|p1a: Delphox|Delphox-Mega, L50, F\n|-mega|p1a: Delphox|Delphox|Delphoxite\n|move|p1a: Delphox|Protect|p1a: Delphox\n|-singleturn|p1a: Delphox|Protect\n|move|p2b: Venusaur|Sludge Bomb|p1a: Delphox\n|-activate|p1a: Delphox|move: Protect\n|move|p1b: Sneasler|Dire Claw|p2a: Milotic\n|-damage|p2a: Milotic|64/100\n|move|p2a: Milotic|Scald|p1a: Delphox\n|-activate|p1a: Delphox|move: Protect\n|\n|-weather|SunnyDay|[upkeep]\n|-heal|p2a: Milotic|70/100|[from] item: Leftovers\n|upkeep\n|turn|6\n|\n|t:|1776068029\n|move|p2b: Venusaur|Sludge Bomb|p1a: Delphox\n|-damage|p1a: Delphox|48/100\n|-status|p1a: Delphox|psn\n|move|p1b: Sneasler|Dire Claw|p2a: Milotic\n|-damage|p2a: Milotic|29/100\n|move|p1a: Delphox|Heat Wave|p2b: Venusaur|[spread] p2a,p2b\n|-resisted|p2a: Milotic|1\n|-supereffective|p2b: Venusaur|1\n|-damage|p2a: Milotic|5/100\n|-damage|p2b: Venusaur|0 fnt\n|faint|p2b: Venusaur\n|move|p2a: Milotic|Ice Beam|p1a: Delphox\n|-resisted|p1a: Delphox|1\n|-damage|p1a: Delphox|33/100 psn\n|\n|-weather|SunnyDay|[upkeep]\n|-heal|p2a: Milotic|10/100|[from] item: Leftovers\n|-damage|p1a: Delphox|21/100 psn|[from] psn\n|upkeep\n|-message|AdriFD forfeited.\n|\n|win|wkoumei\n|raw|wkoumei's rating: 1098 &rarr; <strong>1127</strong><br />(+29 for winning)\n|raw|AdriFD's rating: 1148 &rarr; <strong>1119</strong><br />(-29 for losing)\n|l|\u2606AdriFD\n|player|p2|\n",
  "uploadtime": 1776068059,
  "views": 15,
  "formatid": "gen9championsvgc2026regma",
  "rating": 1119,
  "private": 0,
  "password": null
}