{
  "id": "gen9championsvgc2026regma-2588447140",
  "format": "[Gen 9 Champions] VGC 2026 Reg M-A",
  "players": [
    "pacoloco1394",
    "Twishts"
  ],
  "log": "|j|\u2606pacoloco1394\n|j|\u2606Twishts\n|t:|1776634326\n|gametype|doubles\n|player|p1|pacoloco1394|pokemonranger-gen4|1288\n|player|p2|Twishts|policeman-gen4|1370\n|gen|9\n|tier|[Gen 9 Champions] VGC 2026 Reg M-A\n|rated|\n|rule|Species Clause: Limit one of each Pok\u00e9mon\n|rule|Item Clause: Limit 1 of each item\n|clearpoke\n|poke|p1|Blastoise, L50, M|\n|poke|p1|Sinistcha, L50|\n|poke|p1|Aerodactyl, L50, M|\n|poke|p1|Whimsicott, L50, M|\n|poke|p1|Basculegion, L50, M|\n|poke|p1|Sneasler, L50, F|\n|poke|p2|Aerodactyl, L50, F|\n|poke|p2|Garchomp, L50, M|\n|poke|p2|Milotic, L50, M|\n|poke|p2|Floette-Eternal, L50, F|\n|poke|p2|Incineroar, L50, F|\n|poke|p2|Scizor, L50, F|\n|teampreview|4\n|\n|t:|1776634357\n|teamsize|p1|4\n|teamsize|p2|4\n|start\n|switch|p1a: Aerodactyl|Aerodactyl, L50, M|100/100\n|switch|p1b: Sneasler|Sneasler, L50, F|100/100\n|switch|p2a: Aerodactyl|Aerodactyl, L50, F|100/100\n|switch|p2b: Floette|Floette-Eternal, L50, F|100/100\n|-ability|p2a: Aerodactyl|Unnerve\n|-ability|p1a: Aerodactyl|Unnerve\n|turn|1\n|inactive|Battle timer is ON: inactive players will automatically lose when time's up. (requested by Twishts)\n|\n|t:|1776634375\n|detailschange|p2b: Floette|Floette-Mega, L50, F\n|-mega|p2b: Floette|Floette|Floettite\n|-ability|p2b: Floette|Fairy Aura\n|move|p1b: Sneasler|Fake Out|p2a: Aerodactyl\n|-resisted|p2a: Aerodactyl|1\n|-damage|p2a: Aerodactyl|89/100\n|cant|p2a: Aerodactyl|flinch\n|move|p1a: Aerodactyl|Tailwind|p1a: Aerodactyl\n|-sidestart|p1: pacoloco1394|move: Tailwind\n|move|p2b: Floette|Moonblast|p1b: Sneasler\n|-damage|p1b: Sneasler|0 fnt\n|faint|p1b: Sneasler\n|\n|upkeep\n|\n|t:|1776634384\n|switch|p1b: Basculegion|Basculegion, L50, M|100/100\n|turn|2\n|\n|t:|1776634401\n|move|p1a: Aerodactyl|Rock Slide|p2b: Floette|[spread] p2b\n|-miss|p1a: Aerodactyl|p2a: Aerodactyl\n|-damage|p2b: Floette|73/100\n|move|p1b: Basculegion|Flip Turn|p2b: Floette\n|-damage|p2b: Floette|24/100\n|\n|t:|1776634408\n|switch|p1b: Blastoise|Blastoise, L50, M|100/100|[from] Flip Turn\n|move|p2a: Aerodactyl|Tailwind|p2a: Aerodactyl\n|-sidestart|p2: Twishts|move: Tailwind\n|move|p2b: Floette|Dazzling Gleam|p1a: Aerodactyl|[spread] p1a,p1b\n|-damage|p1a: Aerodactyl|30/100\n|-damage|p1b: Blastoise|60/100\n|\n|-heal|p1a: Aerodactyl|36/100|[from] item: Leftovers\n|upkeep\n|turn|3\n|\n|t:|1776634420\n|detailschange|p1b: Blastoise|Blastoise-Mega, L50, M\n|-mega|p1b: Blastoise|Blastoise|Blastoisinite\n|move|p2a: Aerodactyl|Protect|p2a: Aerodactyl\n|-singleturn|p2a: Aerodactyl|Protect\n|move|p2b: Floette|Protect|p2b: Floette\n|-singleturn|p2b: Floette|Protect\n|move|p1b: Blastoise|Protect|p1b: Blastoise\n|-singleturn|p1b: Blastoise|Protect\n|move|p1a: Aerodactyl|Rock Slide|p2b: Floette|[spread] \n|-activate|p2a: Aerodactyl|move: Protect\n|-activate|p2b: Floette|move: Protect\n|\n|-heal|p1a: Aerodactyl|41/100|[from] item: Leftovers\n|upkeep\n|turn|4\n|\n|t:|1776634442\n|switch|p2a: Milotic|Milotic, L50, M|100/100\n|move|p1a: Aerodactyl|Rock Slide|p2a: Milotic|[spread] p2a,p2b\n|-crit|p2b: Floette\n|-damage|p2a: Milotic|78/100\n|-damage|p2b: Floette|0 fnt\n|faint|p2b: Floette\n|move|p1b: Blastoise|Ice Beam|p2a: Milotic\n|-resisted|p2a: Milotic|1\n|-damage|p2a: Milotic|68/100\n|\n|-heal|p1a: Aerodactyl|47/100|[from] item: Leftovers\n|-heal|p2a: Milotic|74/100|[from] item: Leftovers\n|-sideend|p1: pacoloco1394|move: Tailwind\n|upkeep\n|\n|t:|1776634459\n|switch|p2b: Garchomp|Garchomp, L50, M|100/100\n|turn|5\n|\n|t:|1776634472\n|move|p2b: Garchomp|Dragon Claw|p1b: Blastoise\n|-damage|p1b: Blastoise|25/100\n|move|p2a: Milotic|Muddy Water|p1b: Blastoise|[spread] p1b\n|-miss|p2a: Milotic|p1a: Aerodactyl\n|-resisted|p1b: Blastoise|1\n|-damage|p1b: Blastoise|15/100\n|-unboost|p1b: Blastoise|accuracy|1\n|move|p1a: Aerodactyl|Rock Slide|p2b: Garchomp|[spread] p2b\n|-miss|p1a: Aerodactyl|p2a: Milotic\n|-resisted|p2b: Garchomp|1\n|-damage|p2b: Garchomp|89/100\n|move|p1b: Blastoise|Aura Sphere|p2a: Milotic\n|-damage|p2a: Milotic|45/100\n|\n|-heal|p2a: Milotic|50/100|[from] item: Leftovers\n|-heal|p1a: Aerodactyl|53/100|[from] item: Leftovers\n|-sideend|p2: Twishts|move: Tailwind\n|upkeep\n|turn|6\n|\n|t:|1776634490\n|move|p1a: Aerodactyl|Tailwind|p1a: Aerodactyl\n|-sidestart|p1: pacoloco1394|move: Tailwind\n|move|p1b: Blastoise|Ice Beam|p2b: Garchomp\n|-supereffective|p2b: Garchomp|2\n|-damage|p2b: Garchomp|0 fnt\n|faint|p2b: Garchomp\n|move|p2a: Milotic|Muddy Water|p1a: Aerodactyl|[spread] p1a,p1b\n|-supereffective|p1a: Aerodactyl|1\n|-resisted|p1b: Blastoise|1\n|-damage|p1a: Aerodactyl|0 fnt\n|-damage|p1b: Blastoise|5/100\n|faint|p1a: Aerodactyl\n|\n|-heal|p2a: Milotic|56/100|[from] item: Leftovers\n|upkeep\n|\n|t:|1776634498\n|switch|p1a: Basculegion|Basculegion, L50, M|100/100\n|switch|p2b: Aerodactyl|Aerodactyl, L50, F|89/100\n|-ability|p2b: Aerodactyl|Unnerve\n|turn|7\n|\n|t:|1776634505\n|move|p2b: Aerodactyl|Protect|p2b: Aerodactyl\n|-singleturn|p2b: Aerodactyl|Protect\n|move|p1a: Basculegion|Last Respects|p2a: Milotic\n|-damage|p2a: Milotic|0 fnt\n|faint|p2a: Milotic\n|move|p1b: Blastoise|Ice Beam|p2b: Aerodactyl\n|-activate|p2b: Aerodactyl|move: Protect\n|\n|upkeep\n|turn|8\n|\n|t:|1776634515\n|move|p1a: Basculegion|Last Respects|p2b: Aerodactyl\n|-damage|p2b: Aerodactyl|0 fnt\n|faint|p2b: Aerodactyl\n|\n|win|pacoloco1394\n|raw|pacoloco1394's rating: 1288 &rarr; <strong>1319</strong><br />(+31 for winning)\n|raw|Twishts's rating: 1370 &rarr; <strong>1345</strong><br />(-25 for losing)\n|l|\u2606Twishts\n|player|p2|\n",
  "uploadtime": 1776634529,
  "views": 16,
  "formatid": "gen9championsvgc2026regma",
  "rating": 1319,
  "private": 0,
  "password": null
}