{
  "id": "gen9championsvgc2026regma-2585143150",
  "format": "[Gen 9 Champions] VGC 2026 Reg M-A",
  "players": [
    "wontooni",
    "RaidPterosaur"
  ],
  "log": "|j|\u2606wontooni\n|j|\u2606RaidPterosaur\n|t:|1776317013\n|gametype|doubles\n|player|p1|wontooni|pokemonrangerf-gen4|1058\n|player|p2|RaidPterosaur|marshal|1057\n|gen|9\n|tier|[Gen 9 Champions] VGC 2026 Reg M-A\n|rated|\n|rule|Species Clause: Limit one of each Pok\u00e9mon\n|rule|Item Clause: Limit 1 of each item\n|clearpoke\n|poke|p1|Maushold, L50|\n|poke|p1|Garchomp, L50, F|\n|poke|p1|Rotom-Wash, L50|\n|poke|p1|Floette-Eternal, L50, F|\n|poke|p1|Talonflame, L50, F|\n|poke|p1|Aegislash, L50, F|\n|poke|p2|Scovillain, L50, M|\n|poke|p2|Dragapult, L50, M|\n|poke|p2|Sinistcha, L50|\n|poke|p2|Incineroar, L50, F|\n|poke|p2|Milotic, L50, M|\n|poke|p2|Sneasler, L50, F|\n|teampreview|4\n|inactive|Battle timer is ON: inactive players will automatically lose when time's up. (requested by wontooni)\n|\n|t:|1776317037\n|teamsize|p1|4\n|teamsize|p2|4\n|start\n|switch|p1a: Maushold|Maushold, L50|100/100\n|switch|p1b: Floette|Floette-Eternal, L50, F|100/100\n|switch|p2a: Scovillain|Scovillain, L50, M|100/100\n|switch|p2b: Incineroar|Incineroar, L50, F|100/100\n|-ability|p2b: Incineroar|Intimidate|boost\n|-unboost|p1a: Maushold|atk|1\n|-unboost|p1b: Floette|atk|1\n|turn|1\n|\n|t:|1776317055\n|detailschange|p1b: Floette|Floette-Mega, L50, F\n|-mega|p1b: Floette|Floette|Floettite\n|-ability|p1b: Floette|Fairy Aura\n|detailschange|p2a: Scovillain|Scovillain-Mega, L50, M\n|-mega|p2a: Scovillain|Scovillain|Scovillainite\n|move|p1a: Maushold|Protect|p1a: Maushold\n|-singleturn|p1a: Maushold|Protect\n|move|p1b: Floette|Protect|p1b: Floette\n|-singleturn|p1b: Floette|Protect\n|move|p2b: Incineroar|Fake Out|p1a: Maushold\n|-activate|p1a: Maushold|move: Protect\n|move|p2a: Scovillain|Leech Seed|p1b: Floette\n|-activate|p1b: Floette|move: Protect\n|\n|upkeep\n|turn|2\n|\n|t:|1776317073\n|move|p1a: Maushold|Follow Me|p1a: Maushold\n|-singleturn|p1a: Maushold|move: Follow Me\n|move|p1b: Floette|Calm Mind|p1b: Floette\n|-boost|p1b: Floette|spa|1\n|-boost|p1b: Floette|spd|1\n|move|p2a: Scovillain|Leech Seed|p1a: Maushold\n|-start|p1a: Maushold|move: Leech Seed\n|move|p2b: Incineroar|Parting Shot|p1a: Maushold\n|-unboost|p1a: Maushold|atk|1\n|-unboost|p1a: Maushold|spa|1\n|\n|t:|1776317083\n|switch|p2b: Sinistcha|Sinistcha, L50|100/100|[from] Parting Shot\n|\n|-damage|p1a: Maushold|88/100|[from] Leech Seed|[of] p2a: Scovillain\n|upkeep\n|turn|3\n|\n|t:|1776317096\n|move|p1a: Maushold|Follow Me|p1a: Maushold\n|-singleturn|p1a: Maushold|move: Follow Me\n|move|p1b: Floette|Calm Mind|p1b: Floette\n|-boost|p1b: Floette|spa|1\n|-boost|p1b: Floette|spd|1\n|move|p2a: Scovillain|Giga Drain|p1a: Maushold\n|-damage|p1a: Maushold|48/100\n|move|p2b: Sinistcha|Matcha Gotcha|p1b: Floette|[spread] p1a,p1b\n|-damage|p1a: Maushold|15/100\n|-damage|p1b: Floette|93/100\n|\n|-damage|p1a: Maushold|3/100|[from] Leech Seed|[of] p2a: Scovillain\n|upkeep\n|turn|4\n|inactive|RaidPterosaur has 30 seconds left.\n|\n|t:|1776317131\n|switch|p2b: Incineroar|Incineroar, L50, F|100/100\n|-ability|p2b: Incineroar|Intimidate|boost\n|-unboost|p1a: Maushold|atk|1\n|-unboost|p1b: Floette|atk|1\n|move|p1a: Maushold|Follow Me|p1a: Maushold\n|-singleturn|p1a: Maushold|move: Follow Me\n|move|p1b: Floette|Dazzling Gleam|p2b: Incineroar|[spread] p2a,p2b\n|-resisted|p2a: Scovillain|1\n|-damage|p2a: Scovillain|55/100\n|-damage|p2b: Incineroar|22/100\n|-status|p1b: Floette|brn|[from] ability: Spicy Spray|[of] p2a: Scovillain\n|-enditem|p2b: Incineroar|Sitrus Berry|[eat]\n|-heal|p2b: Incineroar|47/100|[from] item: Sitrus Berry\n|move|p2a: Scovillain|Giga Drain|p1a: Maushold\n|-damage|p1a: Maushold|0 fnt\n|-heal|p2a: Scovillain|56/100|[from] drain|[of] p1a: Maushold\n|faint|p1a: Maushold\n|\n|-damage|p1b: Floette|87/100 brn|[from] brn\n|upkeep\n|\n|t:|1776317139\n|switch|p1a: Talonflame|Talonflame, L50, F|100/100\n|turn|5\n|\n|t:|1776317150\n|move|p1a: Talonflame|Protect|p1a: Talonflame\n|-singleturn|p1a: Talonflame|Protect\n|move|p1b: Floette|Protect|p1b: Floette\n|-singleturn|p1b: Floette|Protect\n|move|p2b: Incineroar|Fake Out|p1a: Talonflame\n|-activate|p1a: Talonflame|move: Protect\n|move|p2a: Scovillain|Leech Seed|p1b: Floette\n|-activate|p1b: Floette|move: Protect\n|\n|-damage|p1b: Floette|81/100 brn|[from] brn\n|upkeep\n|turn|6\n|\n|t:|1776317157\n|move|p1a: Talonflame|Tailwind|p1a: Talonflame\n|-sidestart|p1: wontooni|move: Tailwind\n|move|p1b: Floette|Dazzling Gleam|p2a: Scovillain|[spread] p2a,p2b\n|-resisted|p2a: Scovillain|1\n|-damage|p2a: Scovillain|5/100\n|-damage|p2b: Incineroar|0 fnt\n|faint|p2b: Incineroar\n|move|p2a: Scovillain|Leech Seed|p1b: Floette\n|-start|p1b: Floette|move: Leech Seed\n|\n|-damage|p1b: Floette|69/100 brn|[from] Leech Seed|[of] p2a: Scovillain\n|-heal|p2a: Scovillain|17/100|[silent]\n|-damage|p1b: Floette|63/100 brn|[from] brn\n|upkeep\n|\n|t:|1776317171\n|switch|p2b: Sinistcha|Sinistcha, L50|100/100\n|-heal|p2a: Scovillain|42/100|[from] ability: Hospitality|[of] p2b: Sinistcha\n|turn|7\n|\n|t:|1776317181\n|move|p2b: Sinistcha|Rage Powder|p2b: Sinistcha\n|-singleturn|p2b: Sinistcha|move: Rage Powder\n|move|p1a: Talonflame|Acrobatics|p2b: Sinistcha\n|-supereffective|p2b: Sinistcha|1\n|-damage|p2b: Sinistcha|26/100\n|move|p1b: Floette|Dazzling Gleam|p2a: Scovillain|[spread] p2a,p2b\n|-resisted|p2a: Scovillain|1\n|-damage|p2a: Scovillain|0 fnt\n|-damage|p2b: Sinistcha|0 fnt\n|faint|p2a: Scovillain\n|faint|p2b: Sinistcha\n|\n|-damage|p1b: Floette|57/100 brn|[from] brn\n|upkeep\n|\n|t:|1776317188\n|switch|p2a: Dragapult|Dragapult, L50, M|100/100\n|turn|8\n|\n|t:|1776317196\n|move|p1a: Talonflame|Acrobatics|p2a: Dragapult\n|-damage|p2a: Dragapult|44/100\n|move|p1b: Floette|Moonblast|p2a: Dragapult\n|-supereffective|p2a: Dragapult|1\n|-crit|p2a: Dragapult\n|-damage|p2a: Dragapult|0 fnt\n|faint|p2a: Dragapult\n|\n|win|wontooni\n|raw|wontooni's rating: 1058 &rarr; <strong>1089</strong><br />(+31 for winning)\n|raw|RaidPterosaur's rating: 1057 &rarr; <strong>1039</strong><br />(-18 for losing)\n|l|\u2606RaidPterosaur\n|player|p2|\n",
  "uploadtime": 1776317200,
  "views": 45,
  "formatid": "gen9championsvgc2026regma",
  "rating": 1039,
  "private": 0,
  "password": null
}