{
  "id": "gen9championsvgc2026regma-2582038062",
  "format": "[Gen 9 Champions] VGC 2026 Reg M-A",
  "players": [
    "Chronostorm21",
    "Shwammy2"
  ],
  "log": "|j|\u2606Chronostorm21\n|j|\u2606Shwammy2\n|t:|1776050759\n|gametype|doubles\n|player|p1|Chronostorm21|102|1099\n|player|p2|Shwammy2|acetrainer-gen4dp|1179\n|gen|9\n|tier|[Gen 9 Champions] VGC 2026 Reg M-A\n|rated|\n|rule|Species Clause: Limit one of each Pok\u00e9mon\n|rule|Item Clause: Limit 1 of each item\n|clearpoke\n|poke|p1|Dragonite, L50, M|\n|poke|p1|Politoed, L50, M|\n|poke|p1|Archaludon, L50, F|\n|poke|p1|Sneasler, L50, F|\n|poke|p1|Basculegion, L50, M|\n|poke|p1|Heliolisk, L50, M|\n|poke|p2|Decidueye-Hisui, L50, F|\n|poke|p2|Charizard, L50, M|\n|poke|p2|Dragapult, L50, M|\n|poke|p2|Incineroar, L50, M|\n|poke|p2|Whimsicott, L50, M|\n|poke|p2|Rotom-Wash, L50|\n|teampreview|4\n|inactive|Battle timer is ON: inactive players will automatically lose when time's up. (requested by Shwammy2)\n|inactive|Chronostorm21 has 60 seconds left.\n|inactive|Shwammy2 has 60 seconds left.\nShwammy2 has agreed to open team sheets.\n|c|\u2606Shwammy2|glhf\n|\n|t:|1776050809\n|teamsize|p1|4\n|teamsize|p2|4\n|start\n|switch|p1a: Sneasler|Sneasler, L50, F|100/100\n|switch|p1b: Dragonite|Dragonite, L50, M, shiny|100/100\n|switch|p2a: Charizard|Charizard, L50, M|100/100\n|switch|p2b: Decidueye|Decidueye-Hisui, L50, F|100/100\n|turn|1\n|\n|t:|1776050828\n|switch|p2b: Rotom|Rotom-Wash, L50|100/100\n|detailschange|p1b: Dragonite|Dragonite-Mega, L50, M, shiny\n|-mega|p1b: Dragonite|Dragonite|Dragoninite\n|move|p2a: Charizard|Protect|p2a: Charizard\n|-singleturn|p2a: Charizard|Protect\n|move|p1a: Sneasler|Fake Out|p2a: Charizard\n|-activate|p2a: Charizard|move: Protect\n|move|p1b: Dragonite|Weather Ball|p2b: Rotom\n|-damage|p2b: Rotom|82/100\n|\n|-heal|p2b: Rotom|88/100|[from] item: Leftovers\n|upkeep\n|turn|2\n|inactive|Chronostorm21 has 30 seconds left.\n|\n|t:|1776050857\n|detailschange|p2a: Charizard|Charizard-Mega-Y, L50, M\n|-mega|p2a: Charizard|Charizard|Charizardite Y\n|-weather|SunnyDay|[from] ability: Drought|[of] p2a: Charizard\n|move|p1a: Sneasler|U-turn|p2b: Rotom\n|-damage|p2b: Rotom|69/100\n|-status|p2b: Rotom|psn|[from] ability: Poison Touch|[of] p1a: Sneasler\n|\n|t:|1776050864\n|switch|p1a: Politoed|Politoed, L50, M|100/100|[from] U-turn\n|-weather|RainDance|[from] ability: Drizzle|[of] p1a: Politoed\n|move|p1b: Dragonite|Weather Ball|p2a: Charizard\n|-supereffective|p2a: Charizard|1\n|-damage|p2a: Charizard|0 fnt\n|faint|p2a: Charizard\n|move|p2b: Rotom|Electroweb|p1b: Dragonite|[spread] p1a,p1b\n|-supereffective|p1a: Politoed|1\n|-damage|p1a: Politoed|81/100\n|-damage|p1b: Dragonite|94/100\n|-unboost|p1a: Politoed|spe|1\n|-unboost|p1b: Dragonite|spe|1\n|\n|-weather|RainDance|[upkeep]\n|-heal|p2b: Rotom|74/100 psn|[from] item: Leftovers\n|-heal|p1a: Politoed|87/100|[from] item: Leftovers\n|-damage|p2b: Rotom|62/100 psn|[from] psn\n|upkeep\n|\n|t:|1776050868\n|switch|p2a: B-2|Dragapult, L50, M, shiny|100/100\n|turn|3\n|inactive|Chronostorm21 has 30 seconds left.\n|\n|t:|1776050893\n|switch|p1b: Sneasler|Sneasler, L50, F|100/100\n|move|p2a: B-2|Dragon Darts|p1b: Sneasler\n|-damage|p1b: Sneasler|56/100\n|-anim|p2a: B-2|Dragon Darts|p1a: Politoed\n|-damage|p1a: Politoed|58/100\n|move|p2b: Rotom|Electroweb|p1b: Sneasler|[spread] p1a,p1b\n|-supereffective|p1a: Politoed|1\n|-damage|p1a: Politoed|39/100\n|-damage|p1b: Sneasler|37/100\n|-unboost|p1a: Politoed|spe|1\n|-unboost|p1b: Sneasler|spe|1\n|move|p1a: Politoed|Icy Wind|p2b: Rotom|[spread] p2a,p2b\n|-supereffective|p2a: B-2|1\n|-resisted|p2b: Rotom|1\n|-damage|p2a: B-2|74/100\n|-damage|p2b: Rotom|58/100 psn\n|-unboost|p2b: Rotom|spe|1\n|\n|-weather|RainDance|[upkeep]\n|-heal|p2b: Rotom|64/100 psn|[from] item: Leftovers\n|-heal|p1a: Politoed|45/100|[from] item: Leftovers\n|-damage|p2b: Rotom|51/100 psn|[from] psn\n|upkeep\n|turn|4\n|inactive|Chronostorm21 has 30 seconds left.\n|\n|t:|1776050924\n|move|p1b: Sneasler|Fake Out|p2b: Rotom\n|-damage|p2b: Rotom|39/100 psn\n|move|p2a: B-2|Phantom Force||[still]\n|-prepare|p2a: B-2|Phantom Force\n|cant|p2b: Rotom|flinch\n|move|p1a: Politoed|Weather Ball|p2a: B-2|[miss]\n|-miss|p1a: Politoed|p2a: B-2\n|\n|-weather|RainDance|[upkeep]\n|-heal|p2b: Rotom|45/100 psn|[from] item: Leftovers\n|-heal|p1a: Politoed|51/100|[from] item: Leftovers\n|-damage|p2b: Rotom|33/100 psn|[from] psn\n|upkeep\n|turn|5\n|inactive|Chronostorm21 has 30 seconds left.\n|inactive|Chronostorm21 has 20 seconds left.\n|inactive|Chronostorm21 has 15 seconds left.\n|\n|t:|1776050967\n|move|p2a: B-2|Phantom Force|p1a: Politoed|[from] lockedmove\n|-damage|p1a: Politoed|2/100\n|move|p1b: Sneasler|U-turn|p2a: B-2\n|-resisted|p2a: B-2|1\n|-damage|p2a: B-2|57/100\n|\n|t:|1776050979\n|switch|p1b: Dragonite|Dragonite-Mega, L50, M, shiny|94/100|[from] U-turn\n|move|p2b: Rotom|Electroweb|p1a: Politoed|[spread] p1a,p1b\n|-supereffective|p1a: Politoed|1\n|-damage|p1a: Politoed|0 fnt\n|-damage|p1b: Dragonite|80/100\n|-unboost|p1b: Dragonite|spe|1\n|faint|p1a: Politoed\n|\n|-weather|RainDance|[upkeep]\n|-heal|p2b: Rotom|39/100 psn|[from] item: Leftovers\n|-damage|p2b: Rotom|27/100 psn|[from] psn\n|upkeep\n|\n|t:|1776050985\n|switch|p1a: Basculegion|Basculegion, L50, M|100/100\n|turn|6\n|\n|t:|1776050997\n|move|p2a: B-2|Sucker Punch|p1a: Basculegion\n|-supereffective|p1a: Basculegion|1\n|-damage|p1a: Basculegion|41/100\n|move|p1a: Basculegion|Last Respects|p2a: B-2\n|-supereffective|p2a: B-2|1\n|-damage|p2a: B-2|0 fnt\n|faint|p2a: B-2\n|move|p1b: Dragonite|Hurricane|p2b: Rotom\n|-resisted|p2b: Rotom|1\n|-damage|p2b: Rotom|0 fnt\n|faint|p2b: Rotom\n|\n|-weather|none\n|upkeep\n|\n|t:|1776051003\n|switch|p2b: Decidueye|Decidueye-Hisui, L50, F|100/100\n|turn|7\n|-message|Shwammy2 forfeited.\n|\n|win|Chronostorm21\n|raw|Chronostorm21's rating: 1099 &rarr; <strong>1130</strong><br />(+31 for winning)\n|raw|Shwammy2's rating: 1179 &rarr; <strong>1148</strong><br />(-31 for losing)\n|l|\u2606Shwammy2\n|player|p2|\n",
  "uploadtime": 1776051056,
  "views": 21,
  "formatid": "gen9championsvgc2026regma",
  "rating": 1130,
  "private": 0,
  "password": null
}