{
  "id": "gen9championsvgc2026regma-2586528027",
  "format": "[Gen 9 Champions] VGC 2026 Reg M-A",
  "players": [
    "mkugmrs_guest",
    "Fumpko"
  ],
  "log": "|j|\u2606mkugmrs_guest\n|j|\u2606Fumpko\n|t:|1776440795\n|gametype|doubles\n|player|p1|mkugmrs_guest|iono-masters2|1034\n|player|p2|Fumpko|swimmer-gen4|1018\n|gen|9\n|tier|[Gen 9 Champions] VGC 2026 Reg M-A\n|rated|\n|rule|Species Clause: Limit one of each Pok\u00e9mon\n|rule|Item Clause: Limit 1 of each item\n|clearpoke\n|poke|p1|Floette-Eternal, L50, F|\n|poke|p1|Torkoal, L50, M|\n|poke|p1|Farigiraf, L50, F|\n|poke|p1|Aerodactyl, L50, M|\n|poke|p1|Chimecho, L50, M|\n|poke|p1|Gallade, L50, M|\n|poke|p2|Sneasler, L50, M|\n|poke|p2|Hydreigon, L50, F|\n|poke|p2|Garchomp, L50, F|\n|poke|p2|Dragonite, L50, F|\n|poke|p2|Glimmora, L50, F|\n|poke|p2|Ceruledge, L50, M|\n|teampreview|4\nmkugmrs_guest rejected open team sheets.\n|c|\u2606Fumpko|Glhf\n|c|\u2606mkugmrs_guest|gl\n|\n|t:|1776440832\n|teamsize|p1|4\n|teamsize|p2|4\n|start\n|switch|p1a: Torkoal|Torkoal, L50, M|100/100\n|switch|p1b: Gallade|Gallade, L50, M|100/100\n|switch|p2a: Ted Tom and Tim|Hydreigon, L50, F, shiny|100/100\n|switch|p2b: Brian Look Out!|Glimmora, L50, F|100/100\n|-weather|SunnyDay|[from] ability: Drought|[of] p1a: Torkoal\n|turn|1\n|\n|t:|1776440860\n|detailschange|p2b: Brian Look Out!|Glimmora-Mega, L50, F\n|-mega|p2b: Brian Look Out!|Glimmora|Glimmoranite\n|move|p2a: Ted Tom and Tim|Dark Pulse|p1b: Gallade\n|-damage|p1b: Gallade|56/100\n|move|p2b: Brian Look Out!|Earth Power|p1a: Torkoal\n|-supereffective|p1a: Torkoal|1\n|-damage|p1a: Torkoal|21/100\n|cant|p1b: Gallade|flinch\n|move|p1a: Torkoal|Yawn|p2b: Brian Look Out!\n|-start|p2b: Brian Look Out!|move: Yawn|[of] p1a: Torkoal\n|\n|-weather|SunnyDay|[upkeep]\n|-heal|p1a: Torkoal|28/100|[from] item: Leftovers\n|upkeep\n|turn|2\n|\n|t:|1776440882\n|switch|p2b: Legalize Nukes|Garchomp, L50, F|100/100\n|move|p1a: Torkoal|Protect|p1a: Torkoal\n|-singleturn|p1a: Torkoal|Protect\n|move|p2a: Ted Tom and Tim|Dark Pulse|p1b: Gallade\n|-damage|p1b: Gallade|17/100\n|move|p1b: Gallade|Agility|p1b: Gallade\n|-boost|p1b: Gallade|spe|2\n|\n|-weather|SunnyDay|[upkeep]\n|-heal|p1a: Torkoal|34/100|[from] item: Leftovers\n|upkeep\n|turn|3\n|\n|t:|1776440897\n|move|p1b: Gallade|Sacred Sword|p2a: Ted Tom and Tim\n|-supereffective|p2a: Ted Tom and Tim|1\n|-damage|p2a: Ted Tom and Tim|0 fnt\n|faint|p2a: Ted Tom and Tim\n|move|p2b: Legalize Nukes|Earthquake|p1b: Gallade|[spread] p1a,p1b\n|-supereffective|p1a: Torkoal|1\n|-crit|p1a: Torkoal\n|-damage|p1a: Torkoal|0 fnt\n|-damage|p1b: Gallade|0 fnt\n|faint|p1a: Torkoal\n|faint|p1b: Gallade\n|\n|-weather|SunnyDay|[upkeep]\n|upkeep\n|\n|t:|1776440909\n|switch|p2a: Brian Look Out!|Glimmora-Mega, L50, F|100/100\n|switch|p1b: Farigiraf|Farigiraf, L50, F|100/100\n|switch|p1a: Chimecho|Chimecho, L50, M|100/100\n|turn|4\n|\n|t:|1776440958\n|detailschange|p1a: Chimecho|Chimecho-Mega, L50, M\n|-mega|p1a: Chimecho|Chimecho|Chimechite\n|move|p2a: Brian Look Out!|Spiky Shield|p2a: Brian Look Out!\n|-singleturn|p2a: Brian Look Out!|move: Protect\n|move|p2b: Legalize Nukes|Earthquake|p1a: Chimecho|[spread] p1b\n|-activate|p2a: Brian Look Out!|move: Protect\n|-immune|p1a: Chimecho|[from] ability: Levitate\n|-damage|p1b: Farigiraf|60/100\n|move|p1a: Chimecho|Calm Mind|p1a: Chimecho\n|-boost|p1a: Chimecho|spa|1\n|-boost|p1a: Chimecho|spd|1\n|move|p1b: Farigiraf|Trick Room|p1b: Farigiraf\n|-fieldstart|move: Trick Room|[of] p1b: Farigiraf\n|\n|-weather|SunnyDay|[upkeep]\n|upkeep\n|turn|5\n|\n|t:|1776440987\n|switch|p2b: FurryFury|Sneasler, L50, M|100/100\n|move|p1b: Farigiraf|Protect|p1b: Farigiraf\n|-singleturn|p1b: Farigiraf|Protect\n|move|p1a: Chimecho|Psychic|p2a: Brian Look Out!\n|-supereffective|p2a: Brian Look Out!|1\n|-damage|p2a: Brian Look Out!|0 fnt\n|faint|p2a: Brian Look Out!\n|\n|-weather|none\n|upkeep\n|\n|t:|1776441012\n|switch|p2a: Legalize Nukes|Garchomp, L50, F|100/100\n|turn|6\n|\n|t:|1776441025\n|move|p1b: Farigiraf|Psychic Noise|p2b: FurryFury\n|-supereffective|p2b: FurryFury|2\n|-enditem|p2b: FurryFury|Focus Sash\n|-damage|p2b: FurryFury|1/100\n|-start|p2b: FurryFury|move: Heal Block\n|move|p1a: Chimecho|Psychic|p2b: FurryFury\n|-supereffective|p2b: FurryFury|2\n|-damage|p2b: FurryFury|0 fnt\n|faint|p2b: FurryFury\n|move|p2a: Legalize Nukes|Outrage|p1b: Farigiraf\n|-damage|p1b: Farigiraf|0 fnt\n|faint|p1b: Farigiraf\n|\n|upkeep\n|turn|7\n|\n|t:|1776441040\n|move|p1a: Chimecho|Psychic|p2a: Legalize Nukes\n|-crit|p2a: Legalize Nukes\n|-damage|p2a: Legalize Nukes|0 fnt\n|faint|p2a: Legalize Nukes\n|\n|win|mkugmrs_guest\n|raw|mkugmrs_guest's rating: 1034 &rarr; <strong>1067</strong><br />(+33 for winning)\n|raw|Fumpko's rating: 1018 &rarr; <strong>1006</strong><br />(-12 for losing)\n|c|\u2606mkugmrs_guest|gg\n|c|\u2606Fumpko|Gg\n",
  "uploadtime": 1776441063,
  "views": 17,
  "formatid": "gen9championsvgc2026regma",
  "rating": 1006,
  "private": 0,
  "password": null
}