{
  "id": "gen9championsvgc2026regma-2588752932",
  "format": "[Gen 9 Champions] VGC 2026 Reg M-A",
  "players": [
    "True Jimmy",
    "raghavendarv"
  ],
  "log": "|j|\u2606True Jimmy\n|j|\u2606raghavendarv\n|t:|1776666236\n|gametype|doubles\n|player|p1|True Jimmy|youngster-gen4dp|1087\n|player|p2|raghavendarv|riley|1113\n|gen|9\n|tier|[Gen 9 Champions] VGC 2026 Reg M-A\n|rated|\n|rule|Species Clause: Limit one of each Pok\u00e9mon\n|rule|Item Clause: Limit 1 of each item\n|clearpoke\n|poke|p1|Pelipper, L50, F|\n|poke|p1|Dragonite, L50, M|\n|poke|p1|Basculegion, L50, M|\n|poke|p1|Archaludon, L50, M|\n|poke|p1|Sinistcha, L50|\n|poke|p1|Altaria, L50, M|\n|poke|p2|Pelipper, L50, M|\n|poke|p2|Archaludon, L50, F|\n|poke|p2|Starmie, L50|\n|poke|p2|Decidueye-Hisui, L50, F|\n|poke|p2|Aegislash, L50, M|\n|poke|p2|Heliolisk, L50, F|\n|teampreview|4\nraghavendarv rejected open team sheets.\n|inactive|Battle timer is ON: inactive players will automatically lose when time's up. (requested by raghavendarv)\n|inactive|True Jimmy also wants the timer to be on.\n|inactive|True Jimmy has 60 seconds left.\n|\n|t:|1776666287\n|teamsize|p1|4\n|teamsize|p2|4\n|start\n|switch|p1a: Dragonite|Dragonite, L50, M|100/100\n|switch|p1b: Altaria|Altaria, L50, M|100/100\n|switch|p2a: Aegislash|Aegislash, L50, M|100/100\n|switch|p2b: Heliolisk|Heliolisk, L50, F|100/100\n|turn|1\n|inactive|True Jimmy has 30 seconds left.\n|inactive|True Jimmy has 20 seconds left.\n|inactive|True Jimmy has 15 seconds left.\n|\n|t:|1776666331\n|detailschange|p1a: Dragonite|Dragonite-Mega, L50, M\n|-mega|p1a: Dragonite|Dragonite|Dragoninite\n|move|p2a: Aegislash|Wide Guard|p2a: Aegislash\n|-singleturn|p2a: Aegislash|Wide Guard\n|move|p2b: Heliolisk|Volt Switch|p1b: Altaria\n|-damage|p1b: Altaria|66/100\n|\n|t:|1776666339\n|switch|p2b: Pelipper|Pelipper, L50, M|100/100|[from] Volt Switch\n|-weather|RainDance|[from] ability: Drizzle|[of] p2b: Pelipper\n|move|p1a: Dragonite|Dragon Pulse|p2b: Pelipper\n|-damage|p2b: Pelipper|10/100\n|move|p1b: Altaria|Tailwind|p1b: Altaria\n|-sidestart|p1: True Jimmy|move: Tailwind\n|\n|-weather|RainDance|[upkeep]\n|upkeep\n|turn|2\n|inactive|True Jimmy has 30 seconds left.\n|\n|t:|1776666372\n|switch|p1b: Archaludon|Archaludon, L50, M|100/100\n|move|p1a: Dragonite|Extreme Speed|p2b: Pelipper\n|-damage|p2b: Pelipper|0 fnt\n|faint|p2b: Pelipper\n|-formechange|p2a: Aegislash|Aegislash-Blade|\n|move|p2a: Aegislash|Flash Cannon|p1b: Archaludon\n|-resisted|p1b: Archaludon|1\n|-damage|p1b: Archaludon|75/100\n|-ability|p1b: Archaludon|Stamina|boost\n|-boost|p1b: Archaludon|def|1\n|\n|-weather|RainDance|[upkeep]\n|-heal|p1b: Archaludon|81/100|[from] item: Leftovers\n|upkeep\n|\n|t:|1776666385\n|switch|p2b: Heliolisk|Heliolisk, L50, F|100/100\n|turn|3\n|inactive|True Jimmy has 30 seconds left.\n|\n|t:|1776666418\n|move|p1b: Archaludon|Protect|p1b: Archaludon\n|-singleturn|p1b: Archaludon|Protect\n|-formechange|p2a: Aegislash|Aegislash|\n|move|p2a: Aegislash|King's Shield|p2a: Aegislash\n|-singleturn|p2a: Aegislash|Protect\n|move|p1a: Dragonite|Dragon Pulse|p2b: Heliolisk\n|-damage|p2b: Heliolisk|35/100\n|move|p2b: Heliolisk|Thunder|p1a: Dragonite\n|-damage|p1a: Dragonite|75/100\n|\n|-weather|RainDance|[upkeep]\n|-heal|p2b: Heliolisk|47/100|[from] ability: Dry Skin\n|-heal|p1b: Archaludon|87/100|[from] item: Leftovers\n|upkeep\n|turn|4\n|inactive|raghavendarv has 30 seconds left.\n|\n|t:|1776666449\n|switch|p1b: Sinistcha|Sinistcha, L50|100/100\n|-heal|p1a: Dragonite|100/100|[from] ability: Hospitality|[of] p1b: Sinistcha\n|move|p2b: Heliolisk|Protect|p2b: Heliolisk\n|-singleturn|p2b: Heliolisk|Protect\n|move|p1a: Dragonite|Dragon Pulse|p2b: Heliolisk\n|-activate|p2b: Heliolisk|move: Protect\n|-formechange|p2a: Aegislash|Aegislash-Blade|\n|move|p2a: Aegislash|Shadow Ball|p1a: Dragonite\n|-damage|p1a: Dragonite|80/100\n|\n|-weather|RainDance|[upkeep]\n|-heal|p2b: Heliolisk|59/100|[from] ability: Dry Skin\n|-sideend|p1: True Jimmy|move: Tailwind\n|upkeep\n|turn|5\n|inactive|raghavendarv has 30 seconds left.\n|\n|t:|1776666482\n|move|p2b: Heliolisk|Volt Switch|p1a: Dragonite\n|-damage|p1a: Dragonite|45/100\n|\n|t:|1776666487\n|switch|p2b: Starmie|Starmie, L50|100/100|[from] Volt Switch\n|move|p1a: Dragonite|Dragon Pulse|p2b: Starmie\n|-damage|p2b: Starmie|17/100\n|move|p1b: Sinistcha|Life Dew||[still]|[spread] p1a,p1b\n|-heal|p1a: Dragonite|70/100\n|-fail|p1b: Sinistcha|heal\n|move|p2a: Aegislash|Shadow Ball|p1b: Sinistcha\n|-supereffective|p1b: Sinistcha|1\n|-damage|p1b: Sinistcha|0 fnt\n|faint|p1b: Sinistcha\n|\n|-weather|none\n|upkeep\n|\n|t:|1776666501\n|switch|p1b: Altaria|Altaria, L50, M|66/100\n|turn|6\n|\n|t:|1776666516\n|detailschange|p2b: Starmie|Starmie-Mega, L50\n|-mega|p2b: Starmie|Starmie|Starminite\n|-formechange|p2a: Aegislash|Aegislash|\n|move|p2a: Aegislash|King's Shield|p2a: Aegislash\n|-singleturn|p2a: Aegislash|Protect\n|move|p1a: Dragonite|Extreme Speed|p2b: Starmie\n|-damage|p2b: Starmie|0 fnt\n|faint|p2b: Starmie\n|move|p1b: Altaria|Dragon Claw|p2a: Aegislash\n|-activate|p2a: Aegislash|move: Protect\n|-unboost|p1b: Altaria|atk|1\n|\n|upkeep\n|\n|t:|1776666525\n|switch|p2b: Heliolisk|Heliolisk, L50, F|59/100\n|turn|7\n|\n|t:|1776666543\n|switch|p1b: Archaludon|Archaludon, L50, M|87/100\n|move|p1a: Dragonite|Protect|p1a: Dragonite\n|-singleturn|p1a: Dragonite|Protect\n|move|p2b: Heliolisk|Volt Switch|p1a: Dragonite\n|-activate|p1a: Dragonite|move: Protect\n|-formechange|p2a: Aegislash|Aegislash-Blade|\n|move|p2a: Aegislash|Shadow Ball|p1b: Archaludon\n|-damage|p1b: Archaludon|36/100\n|-ability|p1b: Archaludon|Stamina|boost\n|-boost|p1b: Archaludon|def|1\n|\n|-heal|p1b: Archaludon|42/100|[from] item: Leftovers\n|upkeep\n|turn|8\n|\n|t:|1776666568\n|move|p2b: Heliolisk|Volt Switch|p1a: Dragonite\n|-damage|p1a: Dragonite|40/100\n|move|p1a: Dragonite|Dragon Pulse|p2b: Heliolisk\n|-damage|p2b: Heliolisk|0 fnt\n|faint|p2b: Heliolisk\n|move|p1b: Archaludon|Draco Meteor|p2a: Aegislash\n|-resisted|p2a: Aegislash|1\n|-damage|p2a: Aegislash|34/100\n|-unboost|p1b: Archaludon|spa|2\n|move|p2a: Aegislash|Shadow Ball|p1b: Archaludon\n|-damage|p1b: Archaludon|0 fnt\n|faint|p1b: Archaludon\n|\n|-heal|p2a: Aegislash|40/100|[from] item: Leftovers\n|upkeep\n|c|\u2606True Jimmy|gg\n|\n|t:|1776666585\n|switch|p1b: Altaria|Altaria, L50, M|66/100\n|turn|9\n|\n|t:|1776666596\n|move|p1a: Dragonite|Protect|p1a: Dragonite\n|-singleturn|p1a: Dragonite|Protect\n|-formechange|p2a: Aegislash|Aegislash|\n|move|p2a: Aegislash|King's Shield|p2a: Aegislash\n|-singleturn|p2a: Aegislash|Protect\n|move|p1b: Altaria|Rain Dance|p1b: Altaria\n|-weather|RainDance\n|\n|-weather|RainDance|[upkeep]\n|-heal|p2a: Aegislash|46/100|[from] item: Leftovers\n|upkeep\n|turn|10\n|inactive|True Jimmy has 30 seconds left.\n|\n|t:|1776666625\n|move|p1a: Dragonite|Hurricane|p2a: Aegislash\n|-resisted|p2a: Aegislash|1\n|-damage|p2a: Aegislash|19/100\n|move|p1b: Altaria|Dragon Claw|p2a: Aegislash\n|-resisted|p2a: Aegislash|1\n|-damage|p2a: Aegislash|8/100\n|-formechange|p2a: Aegislash|Aegislash-Blade|\n|move|p2a: Aegislash|Shadow Ball|p1a: Dragonite\n|-damage|p1a: Dragonite|0 fnt\n|faint|p1a: Dragonite\n|\n|-weather|RainDance|[upkeep]\n|-heal|p2a: Aegislash|14/100|[from] item: Leftovers\n|upkeep\n|turn|11\n|inactive|True Jimmy has 30 seconds left.\n|\n|t:|1776666651\n|-formechange|p2a: Aegislash|Aegislash|\n|move|p2a: Aegislash|King's Shield|p2a: Aegislash\n|-singleturn|p2a: Aegislash|Protect\n|move|p1b: Altaria|Tailwind|p1b: Altaria\n|-sidestart|p1: True Jimmy|move: Tailwind\n|\n|-weather|RainDance|[upkeep]\n|-heal|p2a: Aegislash|20/100|[from] item: Leftovers\n|upkeep\n|turn|12\n|\n|t:|1776666662\n|move|p1b: Altaria|Dragon Claw|p2a: Aegislash\n|-resisted|p2a: Aegislash|1\n|-damage|p2a: Aegislash|6/100\n|-formechange|p2a: Aegislash|Aegislash-Blade|\n|move|p2a: Aegislash|Shadow Ball|p1b: Altaria\n|-damage|p1b: Altaria|16/100\n|\n|-weather|RainDance|[upkeep]\n|-heal|p2a: Aegislash|12/100|[from] item: Leftovers\n|upkeep\n|turn|13\n|\n|t:|1776666679\n|-formechange|p2a: Aegislash|Aegislash|\n|move|p2a: Aegislash|King's Shield|p2a: Aegislash\n|-singleturn|p2a: Aegislash|Protect\n|move|p1b: Altaria|Tailwind||[still]\n|-fail|p1b: Altaria\n|\n|-weather|none\n|-heal|p2a: Aegislash|18/100|[from] item: Leftovers\n|upkeep\n|turn|14\n|\n|t:|1776666687\n|move|p1b: Altaria|Double-Edge|p2a: Aegislash\n|-immune|p2a: Aegislash\n|-formechange|p2a: Aegislash|Aegislash-Blade|\n|move|p2a: Aegislash|Shadow Ball|p1b: Altaria\n|-damage|p1b: Altaria|0 fnt\n|faint|p1b: Altaria\n|\n|win|raghavendarv\n|raw|True Jimmy's rating: 1087 &rarr; <strong>1066</strong><br />(-21 for losing)\n|raw|raghavendarv's rating: 1113 &rarr; <strong>1136</strong><br />(+23 for winning)\n|l|\u2606True Jimmy\n|player|p1|\n",
  "uploadtime": 1776667035,
  "views": 10,
  "formatid": "gen9championsvgc2026regma",
  "rating": 1066,
  "private": 0,
  "password": null
}