{
  "id": "gen9championsvgc2026regma-2588699159",
  "format": "[Gen 9 Champions] VGC 2026 Reg M-A",
  "players": [
    "hqnabi",
    "NaiveDragon3000"
  ],
  "log": "|j|\u2606hqnabi\n|j|\u2606NaiveDragon3000\n|t:|1776659162\n|gametype|doubles\n|player|p1|hqnabi|266|1105\n|player|p2|NaiveDragon3000|169|1139\n|gen|9\n|tier|[Gen 9 Champions] VGC 2026 Reg M-A\n|rated|\n|rule|Species Clause: Limit one of each Pok\u00e9mon\n|rule|Item Clause: Limit 1 of each item\n|clearpoke\n|poke|p1|Politoed, L50, F|\n|poke|p1|Gengar, L50, M, shiny|\n|poke|p1|Incineroar, L50, M|\n|poke|p1|Palafin, L50, M|\n|poke|p1|Whimsicott, L50, M|\n|poke|p1|Kommo-o, L50, M|\n|poke|p2|Greninja, L50, M, shiny|\n|poke|p2|Meowstic, L50, M, shiny|\n|poke|p2|Pelipper, L50, M|\n|poke|p2|Incineroar, L50, M, shiny|\n|poke|p2|Gengar, L50, M|\n|poke|p2|Aerodactyl, L50, F|\n|teampreview|4\n|\n|t:|1776659223\n|teamsize|p1|4\n|teamsize|p2|4\n|start\n|switch|p1a: Gengar|Gengar, L50, M, shiny|100/100\n|switch|p1b: Palafin|Palafin, L50, M|100/100\n|switch|p2a: Meowstic|Meowstic, L50, M, shiny|100/100\n|switch|p2b: Incineroar|Incineroar, L50, M, shiny|100/100\n|-ability|p2b: Incineroar|Intimidate|boost\n|-unboost|p1a: Gengar|atk|1\n|-unboost|p1b: Palafin|atk|1\n|turn|1\n|\n|t:|1776659243\n|detailschange|p1b: Palafin|Palafin-Hero, L50, M\n|switch|p1b: Whimsicott|Whimsicott, L50, M|100/100\n|detailschange|p1a: Gengar|Gengar-Mega, L50, M, shiny\n|-mega|p1a: Gengar|Gengar|Gengarite\n|move|p2a: Meowstic|Nasty Plot|p2a: Meowstic\n|-boost|p2a: Meowstic|spa|2\n|move|p1a: Gengar|Shadow Ball|p2a: Meowstic\n|-supereffective|p2a: Meowstic|1\n|-enditem|p2a: Meowstic|Focus Sash\n|-damage|p2a: Meowstic|1/100\n|move|p2b: Incineroar|Parting Shot|p1a: Gengar\n|-unboost|p1a: Gengar|atk|1\n|-unboost|p1a: Gengar|spa|1\n|\n|t:|1776659253\n|switch|p2b: Pelipper|Pelipper, L50, M|100/100|[from] Parting Shot\n|-weather|RainDance|[from] ability: Drizzle|[of] p2b: Pelipper\n|\n|-weather|RainDance|[upkeep]\n|upkeep\n|turn|2\n|\n|t:|1776659266\n|move|p1a: Gengar|Protect|p1a: Gengar\n|-singleturn|p1a: Gengar|Protect\n|move|p1b: Whimsicott|Encore|p2a: Meowstic\n|-start|p2a: Meowstic|Encore\n|move|p2a: Meowstic|Nasty Plot|p2a: Meowstic\n|-boost|p2a: Meowstic|spa|2\n|move|p2b: Pelipper|Hurricane|p1a: Gengar\n|-activate|p1a: Gengar|move: Protect\n|\n|-weather|RainDance|[upkeep]\n|upkeep\n|turn|3\n|\n|t:|1776659306\n|move|p1b: Whimsicott|Encore|p2b: Pelipper\n|-start|p2b: Pelipper|Encore\n|-enditem|p2b: Pelipper|Mental Herb\n|-end|p2b: Pelipper|Encore\n|move|p2a: Meowstic|Nasty Plot|p2a: Meowstic\n|-boost|p2a: Meowstic|spa|2\n|move|p1a: Gengar|Disable|p2b: Pelipper\n|-start|p2b: Pelipper|Disable|Hurricane\n|cant|p2b: Pelipper|Disable|Hurricane\n|\n|-weather|RainDance|[upkeep]\n|upkeep\n|turn|4\n|\n|t:|1776659326\n|move|p1b: Whimsicott|Encore|p2b: Pelipper\n|-start|p2b: Pelipper|Encore\n|move|p2a: Meowstic|Nasty Plot|p2a: Meowstic\n|-boost|p2a: Meowstic|spa|0\n|move|p1a: Gengar|Shadow Ball|p2b: Pelipper\n|-damage|p2b: Pelipper|46/100\n|cant|p2b: Pelipper|Disable|Hurricane\n|\n|-weather|RainDance|[upkeep]\n|-end|p2a: Meowstic|Encore\n|upkeep\n|turn|5\n|\n|t:|1776659353\n|move|p2a: Meowstic|Baton Pass|p2a: Meowstic\n|\n|t:|1776659356\n|switch|p2a: Greninja|Greninja, L50, M, shiny|100/100|[from] Baton Pass\n|move|p1a: Gengar|Shadow Ball|p2a: Greninja\n|-resisted|p2a: Greninja|1\n|-damage|p2a: Greninja|72/100\n|move|p1b: Whimsicott|Moonblast|p2b: Pelipper\n|-damage|p2b: Pelipper|0 fnt\n|faint|p2b: Pelipper\n|\n|-weather|none\n|upkeep\n|\n|t:|1776659361\n|switch|p2b: Incineroar|Incineroar, L50, M, shiny|100/100\n|-ability|p2b: Incineroar|Intimidate|boost\n|-unboost|p1a: Gengar|atk|1\n|-unboost|p1b: Whimsicott|atk|1\n|turn|6\n|n|!NaiveDragon3000|naivedragon3000\n|\n|t:|1776659388\n|detailschange|p2a: Greninja|Greninja-Mega, L50, M, shiny\n|-mega|p2a: Greninja|Greninja|Greninjite\n|move|p1b: Whimsicott|Protect|p1b: Whimsicott\n|-singleturn|p1b: Whimsicott|Protect\n|move|p1a: Gengar|Protect|p1a: Gengar\n|-singleturn|p1a: Gengar|Protect\n|move|p2b: Incineroar|Fake Out|p1b: Whimsicott\n|-activate|p1b: Whimsicott|move: Protect\n|move|p2a: Greninja|Water Shuriken|p1a: Gengar\n|-start|p2a: Greninja|typechange|Water|[from] ability: Protean\n|-activate|p1a: Gengar|move: Protect\n|\n|upkeep\n|turn|7\n|\n|t:|1776659439\n|switch|p1a: Palafin|Palafin-Hero, L50, M|100/100\n|-activate|p1a: Palafin|ability: Zero to Hero\n|move|p2a: Greninja|Water Shuriken|p1a: Palafin\n|-resisted|p1a: Palafin|1\n|-damage|p1a: Palafin|81/100\n|-resisted|p1a: Palafin|1\n|-damage|p1a: Palafin|64/100\n|-hitcount|p1a: Palafin|2\n|move|p1b: Whimsicott|Moonblast|p2a: Greninja\n|-damage|p2a: Greninja|23/100\n|move|p2b: Incineroar|Flare Blitz|p1b: Whimsicott\n|-supereffective|p1b: Whimsicott|1\n|-enditem|p1b: Whimsicott|Focus Sash\n|-damage|p1b: Whimsicott|1/100\n|-damage|p2b: Incineroar|79/100|[from] Recoil\n|\n|upkeep\n|turn|8\n|\n|t:|1776659487\n|move|p2a: Greninja|Water Shuriken|p1b: Whimsicott\n|-resisted|p1b: Whimsicott|1\n|-damage|p1b: Whimsicott|0 fnt\n|faint|p1b: Whimsicott\n|-hitcount|p1: Whimsicott|1\n|move|p1a: Palafin|Jet Punch|p2a: Greninja\n|-resisted|p2a: Greninja|1\n|-damage|p2a: Greninja|0 fnt\n|faint|p2a: Greninja\n|move|p2b: Incineroar|Darkest Lariat|p1a: Palafin\n|-damage|p1a: Palafin|28/100\n|\n|upkeep\n|-message|NaiveDragon3000 forfeited.\n|\n|win|hqnabi\n",
  "uploadtime": 1776659381,
  "views": 6,
  "formatid": "gen9championsvgc2026regma",
  "rating": null,
  "private": 0,
  "password": null
}