{
  "id": "gen9championsvgc2026regma-2582582095",
  "format": "[Gen 9 Champions] VGC 2026 Reg M-A",
  "players": [
    "zane121",
    "cevlloz"
  ],
  "log": "|j|\u2606zane121\n|j|\u203dcevlloz\n|t:|1776100752\n|gametype|doubles\n|player|p1|zane121|swimmerf-gen4dp|1118\n|player|p2|cevlloz|swimmer-gen4dp|1149\n|gen|9\n|tier|[Gen 9 Champions] VGC 2026 Reg M-A\n|rated|\n|rule|Species Clause: Limit one of each Pok\u00e9mon\n|rule|Item Clause: Limit 1 of each item\n|clearpoke\n|poke|p1|Kleavor, L50, M|\n|poke|p1|Scizor, L50, M|\n|poke|p1|Pinsir, L50, F|\n|poke|p1|Meganium, L50, F|\n|poke|p1|Pelipper, L50, M|\n|poke|p1|Basculegion, L50, M|\n|poke|p2|Crabominable, L50, F|\n|poke|p2|Basculegion, L50, M|\n|poke|p2|Incineroar, L50, M|\n|poke|p2|Sinistcha, L50|\n|poke|p2|Archaludon, L50, F|\n|poke|p2|Pelipper, L50, F|\n|teampreview|4\n|inactive|Battle timer is ON: inactive players will automatically lose when time's up. (requested by cevlloz)\n|inactive|zane121 has 60 seconds left.\n|inactive|zane121 has 30 seconds left.\n|\n|t:|1776100815\n|teamsize|p1|4\n|teamsize|p2|4\n|start\n|switch|p1a: Pinsir|Pinsir, L50, F|100/100\n|switch|p1b: Meganium|Meganium, L50, F|100/100\n|switch|p2a: Incineroar|Incineroar, L50, M|100/100\n|switch|p2b: Basculegion|Basculegion, L50, M|100/100\n|-ability|p2a: Incineroar|Intimidate|boost\n|-fail|p1a: Pinsir|unboost|Attack|[from] ability: Hyper Cutter|[of] p1a: Pinsir\n|-unboost|p1b: Meganium|atk|1\n|turn|1\n|inactive|zane121 has 30 seconds left.\n|\n|t:|1776100844\n|detailschange|p1a: Pinsir|Pinsir-Mega, L50, F\n|-mega|p1a: Pinsir|Pinsir|Pinsirite\n|move|p1b: Meganium|Protect|p1b: Meganium\n|-singleturn|p1b: Meganium|Protect\n|move|p2b: Basculegion|Flip Turn|p1a: Pinsir\n|-damage|p1a: Pinsir|64/100\n|\n|t:|1776100857\n|switch|p2b: Sinistcha|Sinistcha, L50|100/100|[from] Flip Turn\n|move|p1a: Pinsir|Body Slam|p2b: Sinistcha\n|-supereffective|p2b: Sinistcha|1\n|-damage|p2b: Sinistcha|0 fnt\n|faint|p2b: Sinistcha\n|move|p2a: Incineroar|Flare Blitz|p1b: Meganium\n|-activate|p1b: Meganium|move: Protect\n|\n|upkeep\n|\n|t:|1776100867\n|switch|p2b: Basculegion|Basculegion, L50, M|100/100\n|turn|2\n|inactive|zane121 has 30 seconds left.\n|\n|t:|1776100895\n|move|p2b: Basculegion|Wave Crash|p1a: Pinsir\n|-damage|p1a: Pinsir|0 fnt\n|faint|p1a: Pinsir\n|-damage|p2b: Basculegion|82/100|[from] Recoil\n|move|p2a: Incineroar|Flare Blitz|p1b: Meganium\n|-supereffective|p1b: Meganium|1\n|-damage|p1b: Meganium|11/100\n|-damage|p2a: Incineroar|73/100|[from] Recoil\n|move|p1b: Meganium|Dazzling Gleam|p2a: Incineroar|[spread] p2a,p2b\n|-damage|p2a: Incineroar|58/100\n|-damage|p2b: Basculegion|64/100\n|\n|upkeep\n|\n|t:|1776100912\n|switch|p1a: Basculegion|Basculegion, L50, M|100/100\n|turn|3\n|inactive|zane121 has 30 seconds left.\n|inactive|zane121 has 20 seconds left.\n|inactive|zane121 has 15 seconds left.\n|\n|t:|1776100954\n|move|p2b: Basculegion|Wave Crash|p1b: Meganium\n|-resisted|p1b: Meganium|1\n|-damage|p1b: Meganium|0 fnt\n|faint|p1b: Meganium\n|-damage|p2b: Basculegion|61/100|[from] Recoil\n|move|p1a: Basculegion|Last Respects|p2b: Basculegion\n|-supereffective|p2b: Basculegion|1\n|-crit|p2b: Basculegion\n|-damage|p2b: Basculegion|0 fnt\n|faint|p2b: Basculegion\n|move|p2a: Incineroar|Parting Shot|p1a: Basculegion\n|-unboost|p1a: Basculegion|atk|1\n|-unboost|p1a: Basculegion|spa|1\n|\n|t:|1776100965\n|switch|p2a: Crabominable|Crabominable, L50, F|100/100|[from] Parting Shot\n|\n|upkeep\n|\n|t:|1776100968\n|switch|p2b: Incineroar|Incineroar, L50, M|58/100\n|switch|p1b: Scizor|Scizor, L50, M|100/100\n|-ability|p2b: Incineroar|Intimidate|boost\n|-unboost|p1a: Basculegion|atk|1\n|-unboost|p1b: Scizor|atk|1\n|-enditem|p1b: Scizor|White Herb\n|-clearnegativeboost|p1b: Scizor|[silent]\n|turn|4\n|inactive|cevlloz has 30 seconds left.\n|inactive|cevlloz has 20 seconds left.\n|inactive|cevlloz has 15 seconds left.\n|inactive|cevlloz has 10 seconds left.\n|\n|t:|1776101017\n|detailschange|p2a: Crabominable|Crabominable-Mega, L50, F\n|-mega|p2a: Crabominable|Crabominable|Crabominite\n|move|p1a: Basculegion|Wave Crash|p2b: Incineroar\n|-supereffective|p2b: Incineroar|1\n|-damage|p2b: Incineroar|0 fnt\n|faint|p2b: Incineroar\n|-damage|p1a: Basculegion|81/100|[from] Recoil\n|move|p1b: Scizor|Close Combat|p2a: Crabominable\n|-supereffective|p2a: Crabominable|1\n|-damage|p2a: Crabominable|36/100\n|-unboost|p1b: Scizor|def|1\n|-unboost|p1b: Scizor|spd|1\n|move|p2a: Crabominable|Drain Punch|p1b: Scizor\n|-damage|p1b: Scizor|3/100\n|-heal|p2a: Crabominable|71/100|[from] drain|[of] p1b: Scizor\n|\n|upkeep\n|turn|5\n|inactive|zane121 has 30 seconds left.\n|inactive|zane121 has 20 seconds left.\n|inactive|zane121 has 15 seconds left.\n|inactive|cevlloz has 30 seconds left.\n|inactive|zane121 has 10 seconds left.\n|inactive|zane121 has 5 seconds left.\n|\n|t:|1776101069\n|move|p2a: Crabominable|Mach Punch|p1b: Scizor\n|-damage|p1b: Scizor|0 fnt\n|faint|p1b: Scizor\n|move|p1a: Basculegion|Last Respects|p2a: Crabominable\n|-damage|p2a: Crabominable|31/100\n|\n|upkeep\n|turn|6\n|\n|t:|1776101084\n|move|p1a: Basculegion|Last Respects|p2a: Crabominable\n|-damage|p2a: Crabominable|0 fnt\n|faint|p2a: Crabominable\n|\n|win|zane121\n|raw|zane121's rating: 1118 &rarr; <strong>1145</strong><br />(+27 for winning)\n|raw|cevlloz's rating: 1149 &rarr; <strong>1122</strong><br />(-27 for losing)\n|c|\u2606zane121|ggs\n|l|\u203dcevlloz\n|player|p2|\n",
  "uploadtime": 1776101101,
  "views": 15,
  "formatid": "gen9championsvgc2026regma",
  "rating": 1122,
  "private": 0,
  "password": null
}