{
  "id": "gen9championsvgc2026regma-2581255122",
  "format": "[Gen 9 Champions] VGC 2026 Reg M-A",
  "players": [
    "fusesrt",
    "Tindall64"
  ],
  "log": "|j|\u2606fusesrt\n|j|\u2606Tindall64\n|t:|1775976982\n|gametype|doubles\n|player|p1|fusesrt|266|1159\n|player|p2|Tindall64|ranmaru-conquest|1187\n|gen|9\n|tier|[Gen 9 Champions] VGC 2026 Reg M-A\n|rated|\n|rule|Species Clause: Limit one of each Pok\u00e9mon\n|rule|Item Clause: Limit 1 of each item\n|clearpoke\n|poke|p1|Kingambit, L50, M|\n|poke|p1|Froslass, L50, F|\n|poke|p1|Glimmora, L50, M|\n|poke|p1|Sinistcha-Masterpiece, L50|\n|poke|p1|Garchomp, L50, F|\n|poke|p1|Rotom-Frost, L50|\n|poke|p2|Noivern, L50, M|\n|poke|p2|Farigiraf, L50, F|\n|poke|p2|Glimmora, L50, F|\n|poke|p2|Kingambit, L50, F|\n|poke|p2|Garchomp, L50, F|\n|poke|p2|Incineroar, L50, F|\n|teampreview|4\n|inactive|Battle timer is ON: inactive players will automatically lose when time's up. (requested by fusesrt)\n|inactive|fusesrt has 60 seconds left.\n|\n|t:|1775977022\n|teamsize|p1|4\n|teamsize|p2|4\n|start\n|switch|p1a: Glimmora|Glimmora, L50, M|100/100\n|switch|p1b: Kingambit|Kingambit, L50, M|100/100\n|switch|p2a: Noivern|Noivern, L50, M|100/100\n|switch|p2b: Garchomp|Garchomp, L50, F|100/100\n|turn|1\n|\n|t:|1775977032\n|move|p1b: Kingambit|Protect|p1b: Kingambit\n|-singleturn|p1b: Kingambit|Protect\n|move|p2a: Noivern|Tailwind|p2a: Noivern\n|-sidestart|p2: Tindall64|move: Tailwind\n|move|p2b: Garchomp|Earthquake|p1a: Glimmora|[spread] p1a\n|-activate|p1b: Kingambit|move: Protect\n|-activate|p2a: Noivern|ability: Telepathy\n|-supereffective|p1a: Glimmora|2\n|-enditem|p1a: Glimmora|Focus Sash\n|-damage|p1a: Glimmora|1/100\n|-activate|p1a: Glimmora|ability: Toxic Debris\n|-sidestart|p2: Tindall64|move: Toxic Spikes\n|move|p1a: Glimmora|Power Gem|p2a: Noivern\n|-supereffective|p2a: Noivern|1\n|-enditem|p2a: Noivern|Focus Sash\n|-damage|p2a: Noivern|1/100\n|\n|upkeep\n|turn|2\n|\n|t:|1775977053\n|move|p2a: Noivern|Super Fang|p1b: Kingambit\n|-damage|p1b: Kingambit|51/100\n|move|p2b: Garchomp|Earthquake|p1a: Glimmora|[spread] p1a,p1b\n|-activate|p2a: Noivern|ability: Telepathy\n|-supereffective|p1a: Glimmora|2\n|-supereffective|p1b: Kingambit|1\n|-damage|p1a: Glimmora|0 fnt\n|-damage|p1b: Kingambit|0 fnt\n|-activate|p1a: Glimmora|ability: Toxic Debris\n|-sidestart|p2: Tindall64|move: Toxic Spikes\n|faint|p1a: Glimmora\n|faint|p1b: Kingambit\n|\n|upkeep\n|\n|t:|1775977058\n|switch|p1a: Froslass|Froslass, L50, F|100/100\n|switch|p1b: Garchomp|Garchomp, L50, F|100/100\n|turn|3\n|\n|t:|1775977072\n|detailschange|p1a: Froslass|Froslass-Mega, L50, F\n|-mega|p1a: Froslass|Froslass|Froslassite\n|-weather|Snowscape|[from] ability: Snow Warning|[of] p1a: Froslass\n|move|p2a: Noivern|Air Slash|p1b: Garchomp\n|-damage|p1b: Garchomp|73/100\n|move|p2b: Garchomp|Dragon Claw|p1b: Garchomp\n|-supereffective|p1b: Garchomp|1\n|-damage|p1b: Garchomp|0 fnt\n|-damage|p2b: Garchomp|88/100|[from] ability: Rough Skin|[of] p1b: Garchomp\n|faint|p1b: Garchomp\n|move|p1a: Froslass|Aurora Veil|p1a: Froslass\n|-sidestart|p1: fusesrt|move: Aurora Veil\n|\n|-weather|Snowscape|[upkeep]\n|upkeep\n|turn|4\n|\n|t:|1775977084\n|move|p2a: Noivern|Air Slash|p1a: Froslass\n|-damage|p1a: Froslass|76/100\n|move|p2b: Garchomp|Dragon Claw|p1a: Froslass\n|-damage|p1a: Froslass|45/100\n|move|p1a: Froslass|Blizzard|p2b: Garchomp|[spread] p2a,p2b\n|-supereffective|p2a: Noivern|2\n|-supereffective|p2b: Garchomp|2\n|-damage|p2a: Noivern|0 fnt\n|-damage|p2b: Garchomp|0 fnt\n|faint|p2a: Noivern\n|faint|p2b: Garchomp\n|\n|-weather|Snowscape|[upkeep]\n|-sideend|p2: Tindall64|move: Tailwind\n|upkeep\n|\n|t:|1775977090\n|switch|p2a: Kingambit|Kingambit, L50, F|100/100\n|switch|p2b: Glimmora|Glimmora, L50, F|100/100\n|-sideend|p2: Tindall64|move: Toxic Spikes|[of] p2b: Glimmora\n|turn|5\n|-message|fusesrt forfeited.\n|\n|win|Tindall64\n|raw|fusesrt's rating: 1159 &rarr; <strong>1136</strong><br />(-23 for losing)\n|raw|Tindall64's rating: 1187 &rarr; <strong>1210</strong><br />(+23 for winning)\n|l|\u2606fusesrt\n|player|p1|\n",
  "uploadtime": 1775977096,
  "views": 11,
  "formatid": "gen9championsvgc2026regma",
  "rating": 1136,
  "private": 0,
  "password": null
}