{
  "id": "gen9championsvgc2026regma-2585171943",
  "format": "[Gen 9 Champions] VGC 2026 Reg M-A",
  "players": [
    "Phillip Blevin",
    "AppleWalrus1"
  ],
  "log": "|j|\u2606Phillip Blevin\n|j|\u2606AppleWalrus1\n|t:|1776320748\n|gametype|doubles\n|player|p1|Phillip Blevin|cynthia-masters4|1235\n|player|p2|AppleWalrus1|caitlin|1261\n|gen|9\n|tier|[Gen 9 Champions] VGC 2026 Reg M-A\n|rated|\n|rule|Species Clause: Limit one of each Pok\u00e9mon\n|rule|Item Clause: Limit 1 of each item\n|clearpoke\n|poke|p1|Ceruledge, L50, F|\n|poke|p1|Corviknight, L50, M|\n|poke|p1|Garchomp, L50, M|\n|poke|p1|Arcanine-Hisui, L50, F|\n|poke|p1|Froslass, L50, F|\n|poke|p1|Rotom-Wash, L50|\n|poke|p2|Incineroar, L50, F|\n|poke|p2|Gardevoir, L50, M|\n|poke|p2|Goodra-Hisui, L50, M|\n|poke|p2|Sinistcha-Masterpiece, L50|\n|poke|p2|Basculegion, L50, M|\n|poke|p2|Kingambit, L50, M|\n|teampreview|4\n|inactive|Battle timer is ON: inactive players will automatically lose when time's up. (requested by AppleWalrus1)\n|inactive|Phillip Blevin also wants the timer to be on.\nPhillip Blevin has agreed to open team sheets.\n|inactive|Phillip Blevin has 60 seconds left.\n|inactive|AppleWalrus1 has 60 seconds left.\n|\n|t:|1776320799\n|teamsize|p1|4\n|teamsize|p2|4\n|start\n|switch|p1a: Ceruledge|Ceruledge, L50, F|100/100\n|switch|p1b: Garchomp|Garchomp, L50, M|100/100\n|switch|p2a: Basculegion|Basculegion, L50, M|100/100\n|switch|p2b: Goodra|Goodra-Hisui, L50, M|100/100\n|turn|1\n|\n|t:|1776320818\n|move|p1a: Ceruledge|Protect|p1a: Ceruledge\n|-singleturn|p1a: Ceruledge|Protect\n|move|p2a: Basculegion|Flip Turn|p1b: Garchomp\n|-damage|p1b: Garchomp|64/100\n|-damage|p2a: Basculegion|88/100|[from] ability: Rough Skin|[of] p1b: Garchomp\n|\n|t:|1776320824\n|switch|p2a: Incineroar|Incineroar, L50, F|100/100|[from] Flip Turn\n|-ability|p2a: Incineroar|Intimidate|boost\n|-unboost|p1a: Ceruledge|atk|1\n|-unboost|p1b: Garchomp|atk|1\n|move|p1b: Garchomp|Earthquake|p2a: Incineroar|[spread] p2a,p2b\n|-activate|p1a: Ceruledge|move: Protect\n|-supereffective|p2a: Incineroar|1\n|-supereffective|p2b: Goodra|1\n|-damage|p2a: Incineroar|53/100\n|-damage|p2b: Goodra|59/100\n|move|p2b: Goodra|Shelter|p2b: Goodra\n|-boost|p2b: Goodra|def|2\n|\n|-heal|p2b: Goodra|65/100|[from] item: Leftovers\n|upkeep\n|turn|2\n|\n|t:|1776320846\n|switch|p1a: Rotom|Rotom-Wash, L50|100/100\n|move|p2a: Incineroar|Fake Out|p1b: Garchomp\n|-damage|p1b: Garchomp|53/100\n|-damage|p2a: Incineroar|41/100|[from] ability: Rough Skin|[of] p1b: Garchomp\n|cant|p1b: Garchomp|flinch\n|move|p2b: Goodra|Life Dew|p2b: Goodra|[spread] p2a,p2b\n|-heal|p2a: Incineroar|66/100\n|-heal|p2b: Goodra|90/100\n|\n|-heal|p2b: Goodra|96/100|[from] item: Leftovers\n|upkeep\n|turn|3\n|\n|t:|1776320870\n|switch|p2a: Basculegion|Basculegion, L50, M|88/100\n|move|p1a: Rotom|Trick|p2b: Goodra\n|-activate|p1a: Rotom|move: Trick|[of] p2b: Goodra\n|-item|p2b: Goodra|Choice Scarf|[from] move: Trick\n|-item|p1a: Rotom|Leftovers|[from] move: Trick\n|move|p1b: Garchomp|Earthquake|p2b: Goodra|[spread] p2a,p2b\n|-immune|p1a: Rotom|[from] ability: Levitate\n|-supereffective|p2b: Goodra|1\n|-damage|p2a: Basculegion|45/100\n|-damage|p2b: Goodra|72/100\n|move|p2b: Goodra|Dragon Pulse|p1b: Garchomp\n|-supereffective|p1b: Garchomp|1\n|-damage|p1b: Garchomp|0 fnt\n|faint|p1b: Garchomp\n|\n|upkeep\n|\n|t:|1776320886\n|switch|p1b: Corviknight|Corviknight, L50, M|100/100\n|turn|4\n|\n|t:|1776320906\n|move|p2a: Basculegion|Flip Turn|p1a: Rotom\n|-resisted|p1a: Rotom|1\n|-damage|p1a: Rotom|78/100\n|\n|t:|1776320909\n|switch|p2a: Incineroar|Incineroar, L50, F|66/100|[from] Flip Turn\n|-ability|p2a: Incineroar|Intimidate|boost\n|-unboost|p1a: Rotom|atk|1\n|-ability|p1b: Corviknight|Mirror Armor\n|-unboost|p2a: Incineroar|atk|1\n|move|p1a: Rotom|Volt Switch|p2b: Goodra\n|-resisted|p2b: Goodra|1\n|-damage|p2b: Goodra|63/100\n|\n|t:|1776320918\n|switch|p1a: Ceruledge|Ceruledge, L50, F|100/100|[from] Volt Switch\n|move|p2b: Goodra|Dragon Pulse|p1a: Ceruledge\n|-damage|p1a: Ceruledge|60/100\n|move|p1b: Corviknight|Bulk Up|p1b: Corviknight\n|-boost|p1b: Corviknight|atk|1\n|-boost|p1b: Corviknight|def|1\n|\n|upkeep\n|turn|5\n|inactive|AppleWalrus1 has 30 seconds left.\n|\n|t:|1776320947\n|move|p1a: Ceruledge|Protect|p1a: Ceruledge\n|-singleturn|p1a: Ceruledge|Protect\n|move|p2b: Goodra|Dragon Pulse|p1b: Corviknight\n|-resisted|p1b: Corviknight|1\n|-damage|p1b: Corviknight|84/100\n|move|p1b: Corviknight|Body Press|p2a: Incineroar\n|-supereffective|p2a: Incineroar|1\n|-damage|p2a: Incineroar|5/100\n|move|p2a: Incineroar|Darkest Lariat|p1a: Ceruledge\n|-activate|p1a: Ceruledge|move: Protect\n|\n|upkeep\n|turn|6\n|inactive|AppleWalrus1 has 30 seconds left.\n|\n|t:|1776320980\n|move|p1a: Ceruledge|Poltergeist|p2b: Goodra\n|-activate|p2b: Goodra|move: Poltergeist|Choice Scarf\n|-damage|p2b: Goodra|40/100\n|move|p2b: Goodra|Dragon Pulse|p1b: Corviknight\n|-resisted|p1b: Corviknight|1\n|-damage|p1b: Corviknight|66/100\n|move|p1b: Corviknight|Body Press|p2a: Incineroar\n|-supereffective|p2a: Incineroar|1\n|-damage|p2a: Incineroar|0 fnt\n|faint|p2a: Incineroar\n|\n|upkeep\n|inactive|AppleWalrus1 has 30 seconds left.\n|\n|t:|1776321008\n|switch|p2a: Basculegion|Basculegion, L50, M|45/100\n|turn|7\n|\n|t:|1776321032\n|move|p1a: Ceruledge|Shadow Sneak|p2a: Basculegion\n|-supereffective|p2a: Basculegion|1\n|-damage|p2a: Basculegion|0 fnt\n|faint|p2a: Basculegion\n|move|p2b: Goodra|Dragon Pulse|p1b: Corviknight\n|-resisted|p1b: Corviknight|1\n|-damage|p1b: Corviknight|51/100\n|move|p1b: Corviknight|Roost|p1b: Corviknight\n|-heal|p1b: Corviknight|100/100\n|-singleturn|p1b: Corviknight|move: Roost\n|\n|upkeep\n|\n|t:|1776321035\n|switch|p2a: Gardevoir|Gardevoir, L50, M, shiny|100/100\n|turn|8\n|\n|t:|1776321050\n|detailschange|p2a: Gardevoir|Gardevoir-Mega, L50, M, shiny\n|-mega|p2a: Gardevoir|Gardevoir|Gardevoirite\n|move|p1a: Ceruledge|Protect|p1a: Ceruledge\n|-singleturn|p1a: Ceruledge|Protect\n|move|p2a: Gardevoir|Hyper Voice|p1b: Corviknight|[spread] p1b\n|-activate|p1a: Ceruledge|move: Protect\n|-resisted|p1b: Corviknight|1\n|-damage|p1b: Corviknight|74/100\n|move|p2b: Goodra|Dragon Pulse|p1a: Ceruledge\n|-activate|p1a: Ceruledge|move: Protect\n|move|p1b: Corviknight|Brave Bird|p2a: Gardevoir\n|-damage|p2a: Gardevoir|14/100\n|-damage|p1b: Corviknight|49/100|[from] Recoil\n|-enditem|p1b: Corviknight|Sitrus Berry|[eat]\n|-heal|p1b: Corviknight|74/100|[from] item: Sitrus Berry\n|\n|upkeep\n|turn|9\n|\n|t:|1776321065\n|move|p2a: Gardevoir|Protect|p2a: Gardevoir\n|-singleturn|p2a: Gardevoir|Protect\n|move|p1a: Ceruledge|Shadow Sneak|p2a: Gardevoir\n|-activate|p2a: Gardevoir|move: Protect\n|move|p2b: Goodra|Dragon Pulse|p1a: Ceruledge\n|-damage|p1a: Ceruledge|25/100\n|move|p1b: Corviknight|Body Press|p2b: Goodra\n|-supereffective|p2b: Goodra|1\n|-damage|p2b: Goodra|11/100\n|\n|upkeep\n|turn|10\n|\n|t:|1776321077\n|move|p1a: Ceruledge|Shadow Sneak|p2a: Gardevoir\n|-supereffective|p2a: Gardevoir|1\n|-damage|p2a: Gardevoir|0 fnt\n|faint|p2a: Gardevoir\n|move|p2b: Goodra|Dragon Pulse|p1a: Ceruledge\n|-crit|p1a: Ceruledge\n|-damage|p1a: Ceruledge|0 fnt\n|faint|p1a: Ceruledge\n|move|p1b: Corviknight|Body Press|p2b: Goodra\n|-supereffective|p2b: Goodra|1\n|-damage|p2b: Goodra|0 fnt\n|faint|p2b: Goodra\n|\n|win|Phillip Blevin\n|raw|Phillip Blevin's rating: 1235 &rarr; <strong>1262</strong><br />(+27 for winning)\n|raw|AppleWalrus1's rating: 1261 &rarr; <strong>1234</strong><br />(-27 for losing)\n",
  "uploadtime": 1776321077,
  "views": 37,
  "formatid": "gen9championsvgc2026regma",
  "rating": 1234,
  "private": 0,
  "password": null
}