{
  "id": "gen9championsvgc2026regma-2584149500",
  "format": "[Gen 9 Champions] VGC 2026 Reg M-A",
  "players": [
    "newnamessss",
    "GREY1212"
  ],
  "log": "|j|\u2606newnamessss\n|j|\u2606GREY1212\n|t:|1776230970\n|gametype|doubles\n|player|p1|newnamessss|169|1000\n|player|p2|GREY1212|ash-kalos|1047\n|gen|9\n|tier|[Gen 9 Champions] VGC 2026 Reg M-A\n|rated|\n|rule|Species Clause: Limit one of each Pok\u00e9mon\n|rule|Item Clause: Limit 1 of each item\n|clearpoke\n|poke|p1|Houndoom, L50, F|\n|poke|p1|Basculegion, L50, M|\n|poke|p1|Whimsicott, L50, M|\n|poke|p1|Crabominable, L50, M|\n|poke|p1|Aegislash, L50, M|\n|poke|p1|Toxapex, L50, F|\n|poke|p2|Charizard, L50, M|\n|poke|p2|Garchomp, L50, M|\n|poke|p2|Basculegion, L50, M|\n|poke|p2|Sneasler, L50, M|\n|poke|p2|Incineroar, L50, M|\n|poke|p2|Venusaur, L50, M|\n|teampreview|4\n|\n|t:|1776231012\n|teamsize|p1|4\n|teamsize|p2|4\n|start\n|switch|p1a: Whimsicott|Whimsicott, L50, M|100/100\n|switch|p1b: Crabominable|Crabominable, L50, M|100/100\n|switch|p2a: Azazel scapegoat|Incineroar, L50, M, shiny|100/100\n|switch|p2b: Ragnaros flame god|Charizard, L50, M, shiny|100/100\n|-ability|p2a: Azazel scapegoat|Intimidate|boost\n|-unboost|p1a: Whimsicott|atk|1\n|-fail|p1b: Crabominable|unboost|Attack|[from] ability: Hyper Cutter|[of] p1b: Crabominable\n|turn|1\n|\n|t:|1776231052\n|detailschange|p2b: Ragnaros flame god|Charizard-Mega-Y, L50, M, shiny\n|-mega|p2b: Ragnaros flame god|Charizard|Charizardite Y\n|-weather|SunnyDay|[from] ability: Drought|[of] p2b: Ragnaros flame god\n|move|p1b: Crabominable|Protect|p1b: Crabominable\n|-singleturn|p1b: Crabominable|Protect\n|move|p2a: Azazel scapegoat|Fake Out|p1b: Crabominable\n|-activate|p1b: Crabominable|move: Protect\n|move|p2b: Ragnaros flame god|Heat Wave|p1a: Whimsicott|[spread] p1a\n|-activate|p1b: Crabominable|move: Protect\n|-supereffective|p1a: Whimsicott|1\n|-damage|p1a: Whimsicott|0 fnt\n|faint|p1a: Whimsicott\n|\n|-weather|SunnyDay|[upkeep]\n|upkeep\n|\n|t:|1776231068\n|switch|p1a: Toxapex|Toxapex, L50, F|100/100\n|turn|2\n|\n|t:|1776231092\n|detailschange|p1b: Crabominable|Crabominable-Mega, L50, M\n|-mega|p1b: Crabominable|Crabominable|Crabominite\n|move|p2b: Ragnaros flame god|Heat Wave|p1a: Toxapex|[spread] p1a,p1b\n|-resisted|p1a: Toxapex|1\n|-supereffective|p1b: Crabominable|1\n|-damage|p1a: Toxapex|74/100\n|-damage|p1b: Crabominable|0 fnt\n|faint|p1b: Crabominable\n|move|p2a: Azazel scapegoat|Parting Shot|p1a: Toxapex\n|-unboost|p1a: Toxapex|atk|1\n|-unboost|p1a: Toxapex|spa|1\n|\n|t:|1776231102\n|switch|p2a: Onyx abyssal|Venusaur, L50, M, shiny|100/100|[from] Parting Shot\n|move|p1a: Toxapex|Liquidation|p2b: Ragnaros flame god\n|-supereffective|p2b: Ragnaros flame god|1\n|-damage|p2b: Ragnaros flame god|77/100\n|\n|-weather|SunnyDay|[upkeep]\n|-heal|p1a: Toxapex|80/100|[from] item: Leftovers\n|upkeep\n|\n|t:|1776231110\n|switch|p1b: Houndoom|Houndoom, L50, F|100/100\n|turn|3\n|\n|t:|1776231125\n|move|p2a: Onyx abyssal|Energy Ball|p1a: Toxapex\n|-damage|p1a: Toxapex|41/100\n|move|p2b: Ragnaros flame god|Heat Wave|p1b: Houndoom|[spread] p1a,p1b\n|-resisted|p1a: Toxapex|1\n|-resisted|p1b: Houndoom|1\n|-damage|p1a: Toxapex|17/100\n|-damage|p1b: Houndoom|64/100\n|move|p1b: Houndoom|Flamethrower|p2a: Onyx abyssal\n|-supereffective|p2a: Onyx abyssal|1\n|-crit|p2a: Onyx abyssal\n|-enditem|p2a: Onyx abyssal|Focus Sash\n|-damage|p2a: Onyx abyssal|1/100\n|move|p1a: Toxapex|Toxic Spikes|p2b: Ragnaros flame god\n|-sidestart|p2: GREY1212|move: Toxic Spikes\n|\n|-weather|SunnyDay|[upkeep]\n|-heal|p1a: Toxapex|23/100|[from] item: Leftovers\n|upkeep\n|turn|4\n|\n|t:|1776231144\n|move|p1b: Houndoom|Protect|p1b: Houndoom\n|-singleturn|p1b: Houndoom|Protect\n|move|p1a: Toxapex|Baneful Bunker|p1a: Toxapex\n|-singleturn|p1a: Toxapex|move: Protect\n|move|p2a: Onyx abyssal|Earth Power|p1b: Houndoom\n|-activate|p1b: Houndoom|move: Protect\n|move|p2b: Ragnaros flame god|Heat Wave|p1b: Houndoom|[spread] \n|-activate|p1a: Toxapex|move: Protect\n|-activate|p1b: Houndoom|move: Protect\n|\n|-weather|SunnyDay|[upkeep]\n|-heal|p1a: Toxapex|29/100|[from] item: Leftovers\n|upkeep\n|turn|5\n|\n|t:|1776231166\n|move|p2a: Onyx abyssal|Earth Power|p1b: Houndoom\n|-supereffective|p1b: Houndoom|1\n|-damage|p1b: Houndoom|0 fnt\n|faint|p1b: Houndoom\n|move|p2b: Ragnaros flame god|Heat Wave|p1a: Toxapex\n|-resisted|p1a: Toxapex|1\n|-damage|p1a: Toxapex|0 fnt\n|faint|p1a: Toxapex\n|\n|win|GREY1212\n|raw|newnamessss's rating: 1000 &rarr; <strong>1000</strong><br />(+0 for losing)\n|raw|GREY1212's rating: 1047 &rarr; <strong>1076</strong><br />(+29 for winning)\n|l|\u2606newnamessss\n|player|p1|\n",
  "uploadtime": 1776231176,
  "views": 20,
  "formatid": "gen9championsvgc2026regma",
  "rating": 1000,
  "private": 0,
  "password": null
}