{
  "id": "gen9championsvgc2026regma-2580881188",
  "format": "[Gen 9 Champions] VGC 2026 Reg M-A",
  "players": [
    "GiancarlSX",
    "xoata"
  ],
  "log": "|j|\u2606GiancarlSX\n|j|\u2606xoata\n|t:|1775940140\n|gametype|doubles\n|player|p1|GiancarlSX|2|1050\n|player|p2|xoata|hiker-gen4|1000\n|gen|9\n|tier|[Gen 9 Champions] VGC 2026 Reg M-A\n|rated|\n|rule|Species Clause: Limit one of each Pok\u00e9mon\n|rule|Item Clause: Limit 1 of each item\n|clearpoke\n|poke|p1|Gengar, L50, F|\n|poke|p1|Feraligatr, L50, F|\n|poke|p1|Incineroar, L50, M|\n|poke|p1|Whimsicott, L50, F|\n|poke|p1|Kingambit, L50, F|\n|poke|p1|Aegislash, L50, M|\n|poke|p2|Gengar, L50, M|\n|poke|p2|Umbreon, L50, F|\n|poke|p2|Sinistcha, L50|\n|poke|p2|Incineroar, L50, F|\n|poke|p2|Aerodactyl, L50, M|\n|poke|p2|Whimsicott, L50, F|\n|teampreview|4\n|inactive|Battle timer is ON: inactive players will automatically lose when time's up. (requested by xoata)\nxoata rejected open team sheets.\n|inactive|GiancarlSX has 60 seconds left.\n|\n|t:|1775940171\n|teamsize|p1|4\n|teamsize|p2|4\n|start\n|switch|p1a: Incineroar|Incineroar, L50, M|100/100\n|switch|p1b: Whimsicott|Whimsicott, L50, F|100/100\n|switch|p2a: song|Gengar, L50, M, shiny|100/100\n|switch|p2b: jailer|Umbreon, L50, F, shiny|100/100\n|-ability|p1a: Incineroar|Intimidate|boost\n|-unboost|p2a: song|atk|1\n|-fail|p2b: jailer|unboost|Attack|[from] ability: Inner Focus|[of] p2b: jailer\n|turn|1\n|inactive|GiancarlSX has 30 seconds left.\n|inactive|GiancarlSX has 20 seconds left.\n|\n|t:|1775940206\n|detailschange|p2a: song|Gengar-Mega, L50, M, shiny\n|-mega|p2a: song|Gengar|Gengarite\n|move|p1b: Whimsicott|Tailwind|p1b: Whimsicott\n|-sidestart|p1: GiancarlSX|move: Tailwind\n|move|p2a: song|Perish Song|p2a: song\n|-start|p1a: Incineroar|perish3|[silent]\n|-start|p1b: Whimsicott|perish3|[silent]\n|-start|p2a: song|perish3|[silent]\n|-start|p2b: jailer|perish3|[silent]\n|-fieldactivate|move: Perish Song\n|move|p1a: Incineroar|Flare Blitz|p2a: song\n|-damage|p2a: song|28/100\n|-status|p2a: song|brn\n|-damage|p1a: Incineroar|77/100|[from] Recoil\n|move|p2b: jailer|Skill Swap|p2a: song\n|-activate|p2b: jailer|Skill Swap|||[of] p2a: song\n|\n|-damage|p2a: song|22/100 brn|[from] brn\n|-start|p1b: Whimsicott|perish3\n|-start|p2a: song|perish3\n|-start|p1a: Incineroar|perish3\n|-start|p2b: jailer|perish3\n|upkeep\n|turn|2\n|inactive|GiancarlSX has 30 seconds left.\n|inactive|xoata has 30 seconds left.\n|\n|t:|1775940232\n|switch|p2a: metacuck|Incineroar, L50, F|100/100\n|-ability|p2a: metacuck|Intimidate|boost\n|-unboost|p1a: Incineroar|atk|1\n|-unboost|p1b: Whimsicott|atk|1\n|move|p2b: jailer|Protect|p2b: jailer\n|-singleturn|p2b: jailer|Protect\n|move|p1b: Whimsicott|Moonblast|p2b: jailer\n|-activate|p2b: jailer|move: Protect\n|move|p1a: Incineroar|Flare Blitz|p2a: metacuck\n|-resisted|p2a: metacuck|1\n|-damage|p2a: metacuck|81/100\n|-damage|p1a: Incineroar|69/100|[from] Recoil\n|\n|-start|p1b: Whimsicott|perish2\n|-start|p1a: Incineroar|perish2\n|-start|p2b: jailer|perish2\n|upkeep\n|turn|3\n|\n|t:|1775940255\n|move|p1b: Whimsicott|Protect|p1b: Whimsicott\n|-singleturn|p1b: Whimsicott|Protect\n|move|p2a: metacuck|Fake Out|p1b: Whimsicott\n|-activate|p1b: Whimsicott|move: Protect\n|move|p1a: Incineroar|Flare Blitz|p2b: jailer\n|-damage|p2b: jailer|72/100\n|-status|p2b: jailer|brn\n|-enditem|p2b: jailer|Lum Berry|[eat]\n|-curestatus|p2b: jailer|brn|[msg]\n|-damage|p1a: Incineroar|59/100|[from] Recoil\n|move|p2b: jailer|Snarl|p1b: Whimsicott|[spread] p1a\n|-activate|p1b: Whimsicott|move: Protect\n|-resisted|p1a: Incineroar|1\n|-damage|p1a: Incineroar|54/100\n|-unboost|p1a: Incineroar|spa|1\n|\n|-start|p1b: Whimsicott|perish1\n|-start|p1a: Incineroar|perish1\n|-start|p2b: jailer|perish1\n|upkeep\n|turn|4\n|inactive|GiancarlSX has 30 seconds left.\n|inactive|xoata has 30 seconds left.\n|inactive|GiancarlSX has 20 seconds left.\n|inactive|xoata has 20 seconds left.\n|inactive|xoata has 15 seconds left.\n|\n|t:|1775940297\n|switch|p2b: medic|Sinistcha, L50|100/100\n|-heal|p2a: metacuck|100/100|[from] ability: Hospitality|[of] p2b: medic\n|move|p1b: Whimsicott|Moonblast|p2a: metacuck\n|-damage|p2a: metacuck|66/100\n|move|p1a: Incineroar|Parting Shot|p2a: metacuck\n|-unboost|p2a: metacuck|atk|1\n|-unboost|p2a: metacuck|spa|1\n|\n|t:|1775940315\n|switch|p1a: Gengar|Gengar, L50, F|100/100|[from] Parting Shot\n|move|p2a: metacuck|Parting Shot|p1b: Whimsicott\n|-unboost|p1b: Whimsicott|atk|1\n|-unboost|p1b: Whimsicott|spa|1\n|\n|t:|1775940322\n|switch|p2a: song|Gengar-Mega, L50, M, shiny|22/100 brn|[from] Parting Shot\n|\n|-damage|p2a: song|16/100 brn|[from] brn\n|-start|p1b: Whimsicott|perish0\n|-sideend|p1: GiancarlSX|move: Tailwind\n|upkeep\n|faint|p1b: Whimsicott\n|\n|t:|1775940329\n|switch|p1b: Kingambit|Kingambit, L50, F|100/100\n|turn|5\n|\n|t:|1775940349\n|detailschange|p1a: Gengar|Gengar-Mega, L50, F\n|-mega|p1a: Gengar|Gengar|Gengarite\n|move|p2a: song|Protect|p2a: song\n|-singleturn|p2a: song|Protect\n|move|p1b: Kingambit|Sucker Punch||[still]\n|-fail|p1b: Kingambit\n|move|p1a: Gengar|Icy Wind|p2a: song|[spread] p2b\n|-activate|p2a: song|move: Protect\n|-supereffective|p2b: medic|1\n|-damage|p2b: medic|68/100\n|-unboost|p2b: medic|spe|1\n|move|p2b: medic|Life Dew|p2b: medic|[spread] p2a,p2b\n|-heal|p2a: song|41/100 brn\n|-heal|p2b: medic|93/100\n|\n|-damage|p2a: song|35/100 brn|[from] brn\n|upkeep\n|turn|6\n|inactive|GiancarlSX has 30 seconds left.\n|inactive|xoata has 30 seconds left.\n|\n|t:|1775940382\n|switch|p2b: jailer|Umbreon, L50, F, shiny|72/100\n|move|p1b: Kingambit|Sucker Punch||[still]\n|-fail|p1b: Kingambit\n|move|p2a: song|Perish Song|p2a: song\n|-start|p1a: Gengar|perish3|[silent]\n|-start|p1b: Kingambit|perish3|[silent]\n|-start|p2a: song|perish3|[silent]\n|-start|p2b: jailer|perish3|[silent]\n|-fieldactivate|move: Perish Song\n|move|p1a: Gengar|Shadow Ball|p2b: jailer\n|-resisted|p2b: jailer|1\n|-damage|p2b: jailer|58/100\n|\n|-damage|p2a: song|29/100 brn|[from] brn\n|-start|p2a: song|perish3\n|-start|p1a: Gengar|perish3\n|-start|p2b: jailer|perish3\n|-start|p1b: Kingambit|perish3\n|upkeep\n|turn|7\n|inactive|GiancarlSX has 30 seconds left.\n|\n|t:|1775940408\n|switch|p2a: medic|Sinistcha, L50|93/100\n|-heal|p2b: jailer|83/100|[from] ability: Hospitality|[of] p2a: medic\n|move|p1b: Kingambit|Sucker Punch||[still]\n|-fail|p1b: Kingambit\n|move|p1a: Gengar|Icy Wind|p2b: jailer|[spread] p2a,p2b\n|-supereffective|p2a: medic|1\n|-damage|p2a: medic|59/100\n|-damage|p2b: jailer|72/100\n|-unboost|p2a: medic|spe|1\n|-unboost|p2b: jailer|spe|1\n|move|p2b: jailer|Skill Swap|p1a: Gengar\n|-activate|p2b: jailer|Skill Swap|Shadow Tag|Inner Focus|[of] p1a: Gengar\n|\n|-start|p1a: Gengar|perish2\n|-start|p1b: Kingambit|perish2\n|-start|p2b: jailer|perish2\n|upkeep\n|turn|8\n|inactive|GiancarlSX has 30 seconds left.\n|\n|t:|1775940434\n|move|p2b: jailer|Protect|p2b: jailer\n|-singleturn|p2b: jailer|Protect\n|move|p1a: Gengar|Shadow Ball|p2a: medic\n|-supereffective|p2a: medic|1\n|-damage|p2a: medic|0 fnt\n|faint|p2a: medic\n|move|p1b: Kingambit|Low Kick|p2b: jailer\n|-activate|p2b: jailer|move: Protect\n|\n|-start|p1a: Gengar|perish1\n|-start|p1b: Kingambit|perish1\n|-start|p2b: jailer|perish1\n|upkeep\n|\n|t:|1775940457\n|switch|p2a: song|Gengar-Mega, L50, M, shiny|29/100 brn\n|turn|9\n|inactive|GiancarlSX has 30 seconds left.\n|\n|t:|1775940488\n|switch|p1a: Incineroar|Incineroar, L50, M|54/100\n|-ability|p1a: Incineroar|Intimidate|boost\n|-unboost|p2a: song|atk|1\n|-unboost|p2b: jailer|atk|1\n|switch|p2b: metacuck|Incineroar, L50, F|66/100\n|-ability|p2b: metacuck|Intimidate|boost\n|-unboost|p1a: Incineroar|atk|1\n|-unboost|p1b: Kingambit|atk|1\n|-ability|p1b: Kingambit|Defiant|boost\n|-boost|p1b: Kingambit|atk|2\n|move|p2a: song|Protect|p2a: song\n|-singleturn|p2a: song|Protect\n|move|p1b: Kingambit|Sucker Punch||[still]\n|-fail|p1b: Kingambit\n|\n|-damage|p2a: song|23/100 brn|[from] brn\n|-start|p1b: Kingambit|perish0\n|faint|p1b: Kingambit\n|upkeep\n|\n|t:|1775940503\n|switch|p1b: Gengar|Gengar-Mega, L50, F|100/100\n|turn|10\n|\n|t:|1775940515\n|move|p2b: metacuck|Fake Out|p1a: Incineroar\n|-damage|p1a: Incineroar|41/100\n|-enditem|p1a: Incineroar|Sitrus Berry|[eat]\n|-heal|p1a: Incineroar|66/100|[from] item: Sitrus Berry\n|cant|p1a: Incineroar|flinch\n|move|p2a: song|Shadow Ball|p1b: Gengar\n|-supereffective|p1b: Gengar|1\n|-crit|p1b: Gengar\n|-damage|p1b: Gengar|0 fnt\n|faint|p1b: Gengar\n|\n|-damage|p2a: song|17/100 brn|[from] brn\n|upkeep\n|turn|11\n|-message|GiancarlSX forfeited.\n|\n|win|xoata\n|raw|GiancarlSX's rating: 1050 &rarr; <strong>1030</strong><br />(-20 for losing)\n|raw|xoata's rating: 1000 &rarr; <strong>1046</strong><br />(+46 for winning)\n|l|\u2606GiancarlSX\n|player|p1|\n",
  "uploadtime": 1775940566,
  "views": 39,
  "formatid": "gen9championsvgc2026regma",
  "rating": 1030,
  "private": 0,
  "password": null
}