{
  "id": "gen9championsvgc2026regma-2587860840",
  "format": "[Gen 9 Champions] VGC 2026 Reg M-A",
  "players": [
    "Anicredible",
    "mrlbi18"
  ],
  "log": "|j|\u2606Anicredible\n|j|\u2606mrlbi18\n|t:|1776571674\n|gametype|doubles\n|player|p1|Anicredible|schoolkid-gen4|1096\n|player|p2|mrlbi18|265|1000\n|gen|9\n|tier|[Gen 9 Champions] VGC 2026 Reg M-A\n|rated|\n|rule|Species Clause: Limit one of each Pok\u00e9mon\n|rule|Item Clause: Limit 1 of each item\n|clearpoke\n|poke|p1|Kangaskhan, L50, F|\n|poke|p1|Sinistcha, L50|\n|poke|p1|Sneasler, L50, M|\n|poke|p1|Whimsicott, L50, F|\n|poke|p1|Corviknight, L50, M|\n|poke|p1|Primarina, L50, F|\n|poke|p2|Tyranitar, L50, F|\n|poke|p2|Sinistcha, L50|\n|poke|p2|Klefki, L50, M|\n|poke|p2|Golurk, L50|\n|poke|p2|Azumarill, L50, M|\n|poke|p2|Incineroar, L50, F|\n|teampreview|4\n|inactive|Battle timer is ON: inactive players will automatically lose when time's up. (requested by Anicredible)\nAnicredible rejected open team sheets.\n|inactive|Anicredible has 60 seconds left.\n|inactive|Anicredible has 30 seconds left.\n|\n|t:|1776571742\n|teamsize|p1|4\n|teamsize|p2|4\n|start\n|switch|p1a: Whimsicott|Whimsicott, L50, F|100/100\n|switch|p1b: Sneasler|Sneasler, L50, M|100/100\n|switch|p2a: Incineroar|Incineroar, L50, F|100/100\n|switch|p2b: Azumarill|Azumarill, L50, M|100/100\n|-ability|p2a: Incineroar|Intimidate|boost\n|-unboost|p1a: Whimsicott|atk|1\n|-unboost|p1b: Sneasler|atk|1\n|-enditem|p1b: Sneasler|White Herb\n|-clearnegativeboost|p1b: Sneasler|[silent]\n|turn|1\n|\n|t:|1776571762\n|move|p2a: Incineroar|Fake Out|p1b: Sneasler\n|-damage|p1b: Sneasler|83/100\n|move|p1a: Whimsicott|Taunt|p2b: Azumarill\n|-start|p2b: Azumarill|move: Taunt\n|cant|p1b: Sneasler|flinch\n|cant|p2b: Azumarill|move: Taunt|Belly Drum\n|\n|upkeep\n|turn|2\n|\n|t:|1776571776\n|move|p1b: Sneasler|Close Combat|p2a: Incineroar\n|-supereffective|p2a: Incineroar|1\n|-damage|p2a: Incineroar|0 fnt\n|-unboost|p1b: Sneasler|def|1\n|-unboost|p1b: Sneasler|spd|1\n|faint|p2a: Incineroar\n|move|p1a: Whimsicott|Moonblast|p2b: Azumarill\n|-damage|p2b: Azumarill|72/100\n|move|p2b: Azumarill|Play Rough|p1b: Sneasler\n|-damage|p1b: Sneasler|0 fnt\n|faint|p1b: Sneasler\n|\n|upkeep\n|\n|t:|1776571789\n|switch|p1b: Primarina|Primarina, L50, F|100/100\n|switch|p2a: Sinistcha|Sinistcha, L50|100/100\n|-heal|p2b: Azumarill|97/100|[from] ability: Hospitality|[of] p2a: Sinistcha\n|turn|3\n|\n|t:|1776571803\n|move|p1a: Whimsicott|Moonblast|p2b: Azumarill\n|-damage|p2b: Azumarill|67/100\n|move|p1b: Primarina|Calm Mind|p1b: Primarina\n|-boost|p1b: Primarina|spa|1\n|-boost|p1b: Primarina|spd|1\n|move|p2a: Sinistcha|Calm Mind|p2a: Sinistcha\n|-boost|p2a: Sinistcha|spa|1\n|-boost|p2a: Sinistcha|spd|1\n|move|p2b: Azumarill|Play Rough|p1a: Whimsicott\n|-damage|p1a: Whimsicott|46/100\n|-unboost|p1a: Whimsicott|atk|1\n|\n|-end|p2b: Azumarill|move: Taunt\n|upkeep\n|turn|4\n|\n|t:|1776571824\n|move|p1a: Whimsicott|Taunt|p2a: Sinistcha\n|-start|p2a: Sinistcha|move: Taunt\n|move|p1b: Primarina|Moonblast|p2b: Azumarill\n|-damage|p2b: Azumarill|16/100\n|-unboost|p2b: Azumarill|spa|1\n|-enditem|p2b: Azumarill|Sitrus Berry|[eat]\n|-heal|p2b: Azumarill|41/100|[from] item: Sitrus Berry\n|cant|p2a: Sinistcha|move: Taunt|Life Dew\n|move|p2b: Azumarill|Play Rough|p1a: Whimsicott|[miss]\n|-miss|p2b: Azumarill|p1a: Whimsicott\n|\n|upkeep\n|turn|5\n|inactive|Anicredible has 30 seconds left.\n|-activate|p2a: Sinistcha|item: Quick Claw\n|\n|t:|1776571852\n|move|p2b: Azumarill|Protect|p2b: Azumarill\n|-singleturn|p2b: Azumarill|Protect\n|move|p2a: Sinistcha|Matcha Gotcha|p1b: Primarina|[spread] p1a,p1b\n|-resisted|p1a: Whimsicott|1\n|-supereffective|p1b: Primarina|1\n|-damage|p1a: Whimsicott|17/100\n|-damage|p1b: Primarina|59/100\n|move|p1a: Whimsicott|Moonblast|p2b: Azumarill\n|-activate|p2b: Azumarill|move: Protect\n|move|p1b: Primarina|Hyper Voice|p2a: Sinistcha|[spread] p2a\n|-activate|p2b: Azumarill|move: Protect\n|-resisted|p2a: Sinistcha|1\n|-damage|p2a: Sinistcha|80/100\n|\n|upkeep\n|turn|6\n|\n|t:|1776571878\n|move|p2b: Azumarill|Aqua Jet|p1a: Whimsicott\n|-resisted|p1a: Whimsicott|1\n|-damage|p1a: Whimsicott|6/100\n|move|p1a: Whimsicott|Moonblast|p2b: Azumarill\n|-damage|p2b: Azumarill|13/100\n|move|p1b: Primarina|Hyper Voice|p2a: Sinistcha|[spread] p2a,p2b\n|-resisted|p2a: Sinistcha|1\n|-resisted|p2b: Azumarill|1\n|-damage|p2a: Sinistcha|60/100\n|-damage|p2b: Azumarill|0 fnt\n|faint|p2b: Azumarill\n|move|p2a: Sinistcha|Matcha Gotcha|p1a: Whimsicott|[spread] p1a,p1b\n|-resisted|p1a: Whimsicott|1\n|-supereffective|p1b: Primarina|1\n|-damage|p1a: Whimsicott|0 fnt\n|-heal|p2a: Sinistcha|62/100|[from] drain|[of] p1a: Whimsicott\n|-damage|p1b: Primarina|20/100\n|-heal|p2a: Sinistcha|83/100|[from] drain|[of] p1b: Primarina\n|faint|p1a: Whimsicott\n|\n|-end|p2a: Sinistcha|move: Taunt\n|upkeep\n|\n|t:|1776571896\n|switch|p1a: Sinistcha|Sinistcha, L50|100/100\n|switch|p2b: Golurk|Golurk, L50|100/100\n|-heal|p1b: Primarina|45/100|[from] ability: Hospitality|[of] p1a: Sinistcha\n|turn|7\n|inactive|Anicredible has 30 seconds left.\n|\n|t:|1776571925\n|detailschange|p2b: Golurk|Golurk-Mega, L50\n|-mega|p2b: Golurk|Golurk|Golurkite\n|move|p1b: Primarina|Hyper Voice|p2b: Golurk|[spread] p2a,p2b\n|-resisted|p2a: Sinistcha|1\n|-supereffective|p2b: Golurk|1\n|-damage|p2a: Sinistcha|62/100\n|-damage|p2b: Golurk|3/100\n|move|p2a: Sinistcha|Matcha Gotcha|p1a: Sinistcha|[spread] p1a,p1b\n|-resisted|p1a: Sinistcha|1\n|-supereffective|p1b: Primarina|1\n|-damage|p1a: Sinistcha|84/100\n|-heal|p2a: Sinistcha|71/100|[from] drain|[of] p1a: Sinistcha\n|-damage|p1b: Primarina|6/100\n|-heal|p2a: Sinistcha|91/100|[from] drain|[of] p1b: Primarina\n|move|p1a: Sinistcha|Matcha Gotcha|p2a: Sinistcha|[spread] p2a,p2b\n|-resisted|p2a: Sinistcha|1\n|-supereffective|p2b: Golurk|1\n|-damage|p2a: Sinistcha|81/100\n|-heal|p1a: Sinistcha|89/100|[from] drain|[of] p2a: Sinistcha\n|-damage|p2b: Golurk|0 fnt\n|-heal|p1a: Sinistcha|90/100|[from] drain|[of] p2b: Golurk\n|-status|p2a: Sinistcha|brn\n|faint|p2b: Golurk\n|\n|-damage|p2a: Sinistcha|75/100 brn|[from] brn\n|upkeep\n|turn|8\n|inactive|Anicredible has 30 seconds left.\n|inactive|Anicredible has 20 seconds left.\n|\n|t:|1776571961\n|move|p1b: Primarina|Moonblast|p2a: Sinistcha\n|-crit|p2a: Sinistcha\n|-damage|p2a: Sinistcha|0 fnt\n|faint|p2a: Sinistcha\n|\n|win|Anicredible\n|raw|Anicredible's rating: 1096 &rarr; <strong>1115</strong><br />(+19 for winning)\n|raw|mrlbi18's rating: 1000 &rarr; <strong>1000</strong><br />(+0 for losing)\n|l|\u2606mrlbi18\n|player|p2|\n|c|\u2606Anicredible|gg\n",
  "uploadtime": 1776571967,
  "views": 7,
  "formatid": "gen9championsvgc2026regma",
  "rating": 1000,
  "private": 0,
  "password": null
}