{
  "id": "gen9championsvgc2026regma-2586767425",
  "format": "[Gen 9 Champions] VGC 2026 Reg M-A",
  "players": [
    "guzzlordstrainer",
    "Jester0Joker"
  ],
  "log": "|j|\u2606guzzlordstrainer\n|j|\u2606Jester0Joker\n|t:|1776458309\n|gametype|doubles\n|player|p1|guzzlordstrainer|brycen|1033\n|player|p2|Jester0Joker|102|1085\n|gen|9\n|tier|[Gen 9 Champions] VGC 2026 Reg M-A\n|rated|\n|rule|Species Clause: Limit one of each Pok\u00e9mon\n|rule|Item Clause: Limit 1 of each item\n|clearpoke\n|poke|p1|Milotic, L50, M|\n|poke|p1|Incineroar, L50, F|\n|poke|p1|Clefable, L50, F|\n|poke|p1|Wyrdeer, L50, M|\n|poke|p1|Froslass, L50, F|\n|poke|p1|Maushold, L50|\n|poke|p2|Typhlosion-Hisui, L50, M|\n|poke|p2|Whimsicott, L50, F|\n|poke|p2|Tyranitar, L50, M|\n|poke|p2|Dragapult, L50, F|\n|poke|p2|Primarina, L50, M|\n|poke|p2|Farigiraf, L50, F|\n|teampreview|4\n|\n|t:|1776458331\n|teamsize|p1|4\n|teamsize|p2|4\n|start\n|switch|p1a: Milotic|Milotic, L50, M|100/100\n|switch|p1b: Clefable|Clefable, L50, F|100/100\n|switch|p2a: Typhlosion|Typhlosion-Hisui, L50, M|100/100\n|switch|p2b: Whimsicott|Whimsicott, L50, F, shiny|100/100\n|-item|p1a: Milotic|Leftovers|[from] ability: Frisk|[of] p2a: Typhlosion\n|-item|p1b: Clefable|Clefablite|[from] ability: Frisk|[of] p2a: Typhlosion\n|turn|1\n|\n|t:|1776458351\n|move|p1a: Milotic|Protect|p1a: Milotic\n|-singleturn|p1a: Milotic|Protect\n|move|p1b: Clefable|Protect|p1b: Clefable\n|-singleturn|p1b: Clefable|Protect\n|move|p2b: Whimsicott|Taunt|p1b: Clefable\n|-activate|p1b: Clefable|move: Protect\n|move|p2a: Typhlosion|Eruption|p1a: Milotic|[spread] \n|-activate|p1a: Milotic|move: Protect\n|-activate|p1b: Clefable|move: Protect\n|\n|upkeep\n|turn|2\n|\n|t:|1776458373\n|switch|p2a: Dragapult|Dragapult, L50, F, shiny|100/100\n|detailschange|p1b: Clefable|Clefable-Mega, L50, F\n|-mega|p1b: Clefable|Clefable|Clefablite\n|move|p2b: Whimsicott|Tailwind|p2b: Whimsicott\n|-sidestart|p2: Jester0Joker|move: Tailwind\n|move|p1a: Milotic|Hydro Pump|p2a: Dragapult\n|-resisted|p2a: Dragapult|1\n|-damage|p2a: Dragapult|69/100\n|move|p1b: Clefable|Moonblast|p2b: Whimsicott\n|-damage|p2b: Whimsicott|44/100\n|\n|upkeep\n|turn|3\n|\n|t:|1776458413\n|switch|p2a: Typhlosion|Typhlosion-Hisui, L50, M|100/100\n|-item|p1a: Milotic|Leftovers|[from] ability: Frisk|[of] p2a: Typhlosion\n|-item|p1b: Clefable|Clefablite|[from] ability: Frisk|[of] p2a: Typhlosion\n|switch|p2b: Tyranitar|Tyranitar, L50, M, shiny|100/100\n|-weather|Sandstorm|[from] ability: Sand Stream|[of] p2b: Tyranitar\n|move|p1b: Clefable|Follow Me|p1b: Clefable\n|-singleturn|p1b: Clefable|move: Follow Me\n|move|p1a: Milotic|Blizzard|p2b: Tyranitar|[spread] p2a\n|-miss|p1a: Milotic|p2b: Tyranitar\n|-resisted|p2a: Typhlosion|1\n|-damage|p2a: Typhlosion|85/100\n|\n|-weather|Sandstorm|[upkeep]\n|-damage|p2a: Typhlosion|79/100|[from] Sandstorm\n|-damage|p1a: Milotic|95/100|[from] Sandstorm\n|-damage|p1b: Clefable|94/100|[from] Sandstorm\n|-heal|p1a: Milotic|100/100|[from] item: Leftovers\n|upkeep\n|turn|4\n|\n|t:|1776458451\n|detailschange|p2b: Tyranitar|Tyranitar-Mega, L50, M, shiny\n|-mega|p2b: Tyranitar|Tyranitar|Tyranitarite\n|move|p2a: Typhlosion|Shadow Ball|p1b: Clefable\n|-damage|p1b: Clefable|61/100\n|move|p2b: Tyranitar|Iron Head|p1b: Clefable\n|-supereffective|p1b: Clefable|1\n|-damage|p1b: Clefable|5/100\n|move|p1a: Milotic|Hydro Pump|p2a: Typhlosion|[miss]\n|-miss|p1a: Milotic|p2a: Typhlosion\n|move|p1b: Clefable|Moonblast|p2b: Tyranitar\n|-supereffective|p2b: Tyranitar|1\n|-damage|p2b: Tyranitar|54/100\n|\n|-weather|Sandstorm|[upkeep]\n|-damage|p2a: Typhlosion|73/100|[from] Sandstorm\n|-damage|p1a: Milotic|95/100|[from] Sandstorm\n|-damage|p1b: Clefable|0 fnt|[from] Sandstorm\n|faint|p1b: Clefable\n|-heal|p1a: Milotic|100/100|[from] item: Leftovers\n|upkeep\n|\n|t:|1776458472\n|switch|p1b: Wyrdeer|Wyrdeer, L50, M|100/100\n|-ability|p1b: Wyrdeer|Intimidate|boost\n|-unboost|p2a: Typhlosion|atk|1\n|-unboost|p2b: Tyranitar|atk|1\n|turn|5\n|\n|t:|1776458500\n|switch|p2b: Whimsicott|Whimsicott, L50, F, shiny|44/100\n|move|p1b: Wyrdeer|Protect|p1b: Wyrdeer\n|-singleturn|p1b: Wyrdeer|Protect\n|move|p2a: Typhlosion|Shadow Ball|p1a: Milotic\n|-damage|p1a: Milotic|73/100\n|move|p1a: Milotic|Hydro Pump|p2a: Typhlosion\n|-supereffective|p2a: Typhlosion|1\n|-damage|p2a: Typhlosion|0 fnt\n|faint|p2a: Typhlosion\n|\n|-weather|Sandstorm|[upkeep]\n|-damage|p2b: Whimsicott|38/100|[from] Sandstorm\n|-damage|p1a: Milotic|67/100|[from] Sandstorm\n|-damage|p1b: Wyrdeer|95/100|[from] Sandstorm\n|-heal|p1a: Milotic|73/100|[from] item: Leftovers\n|-sideend|p2: Jester0Joker|move: Tailwind\n|upkeep\n|\n|t:|1776458517\n|switch|p2a: Tyranitar|Tyranitar-Mega, L50, M, shiny|54/100\n|turn|6\n|\n|t:|1776458536\n|move|p2b: Whimsicott|Tailwind|p2b: Whimsicott\n|-sidestart|p2: Jester0Joker|move: Tailwind\n|move|p2a: Tyranitar|Knock Off|p1a: Milotic\n|-damage|p1a: Milotic|11/100\n|-enditem|p1a: Milotic|Leftovers|[from] move: Knock Off|[of] p2a: Tyranitar\n|move|p1a: Milotic|Hydro Pump|p2a: Tyranitar|[miss]\n|-miss|p1a: Milotic|p2a: Tyranitar\n|move|p1b: Wyrdeer|Trick Room|p1b: Wyrdeer\n|-fieldstart|move: Trick Room|[of] p1b: Wyrdeer\n|\n|-weather|Sandstorm|[upkeep]\n|-damage|p1b: Wyrdeer|89/100|[from] Sandstorm\n|-damage|p1a: Milotic|5/100|[from] Sandstorm\n|-damage|p2b: Whimsicott|32/100|[from] Sandstorm\n|upkeep\n|turn|7\n|\n|t:|1776458559\n|switch|p1b: Maushold|Maushold, L50|100/100\n|move|p2b: Whimsicott|Encore||[still]\n|-fail|p2b: Whimsicott\n|move|p1a: Milotic|Hydro Pump|p2a: Tyranitar\n|-supereffective|p2a: Tyranitar|1\n|-damage|p2a: Tyranitar|5/100\n|move|p2a: Tyranitar|Knock Off|p1a: Milotic\n|-damage|p1a: Milotic|0 fnt\n|faint|p1a: Milotic\n|\n|-weather|none\n|upkeep\n|\n|t:|1776458574\n|switch|p1a: Wyrdeer|Wyrdeer, L50, M|89/100\n|-ability|p1a: Wyrdeer|Intimidate|boost\n|-unboost|p2a: Tyranitar|atk|1\n|-unboost|p2b: Whimsicott|atk|1\n|turn|8\n|\n|t:|1776458611\n|switch|p2a: Dragapult|Dragapult, L50, F, shiny|69/100\n|move|p2b: Whimsicott|Taunt|p1a: Wyrdeer\n|-start|p1a: Wyrdeer|move: Taunt\n|move|p1a: Wyrdeer|Psyshield Bash|p2b: Whimsicott\n|-damage|p2b: Whimsicott|0 fnt\n|-boost|p1a: Wyrdeer|def|1\n|faint|p2b: Whimsicott\n|move|p1b: Maushold|U-turn|p2a: Dragapult\n|-resisted|p2a: Dragapult|1\n|-damage|p2a: Dragapult|56/100\n|\n|upkeep\n|\n|t:|1776458620\n|switch|p2b: Tyranitar|Tyranitar-Mega, L50, M, shiny|5/100\n|-weather|Sandstorm|[from] ability: Sand Stream|[of] p2b: Tyranitar\n|turn|9\n|\n|t:|1776458641\n|move|p2a: Dragapult|Helping Hand|p2b: Tyranitar\n|-singleturn|p2b: Tyranitar|Helping Hand|[of] p2a: Dragapult\n|move|p1a: Wyrdeer|Psyshield Bash|p2a: Dragapult\n|-damage|p2a: Dragapult|0 fnt\n|-boost|p1a: Wyrdeer|def|1\n|faint|p2a: Dragapult\n|move|p2b: Tyranitar|Knock Off|p1a: Wyrdeer\n|-supereffective|p1a: Wyrdeer|1\n|-damage|p1a: Wyrdeer|8/100\n|-enditem|p1a: Wyrdeer|Bright Powder|[from] move: Knock Off|[of] p2b: Tyranitar\n|move|p1b: Maushold|U-turn|p2b: Tyranitar\n|-supereffective|p2b: Tyranitar|1\n|-damage|p2b: Tyranitar|0 fnt\n|faint|p2b: Tyranitar\n|\n|win|guzzlordstrainer\n|raw|guzzlordstrainer's rating: 1033 &rarr; <strong>1073</strong><br />(+40 for winning)\n|raw|Jester0Joker's rating: 1085 &rarr; <strong>1059</strong><br />(-26 for losing)\n|l|\u2606Jester0Joker\n|player|p2|\n",
  "uploadtime": 1776458659,
  "views": 26,
  "formatid": "gen9championsvgc2026regma",
  "rating": 1059,
  "private": 0,
  "password": null
}