{
  "id": "gen9championsvgc2026regma-2580857380",
  "format": "[Gen 9 Champions] VGC 2026 Reg M-A",
  "players": [
    "itsbearhere",
    "SleepyPumpk1n"
  ],
  "log": "|j|\u2606itsbearhere\n|j|\u2606SleepyPumpk1n\n|t:|1775938191\n|gametype|doubles\n|player|p1|itsbearhere|170|1071\n|player|p2|SleepyPumpk1n|red-masters3|1050\n|gen|9\n|tier|[Gen 9 Champions] VGC 2026 Reg M-A\n|rated|\n|rule|Species Clause: Limit one of each Pok\u00e9mon\n|rule|Item Clause: Limit 1 of each item\n|clearpoke\n|poke|p1|Houndoom, L50, M|\n|poke|p1|Whimsicott, L50, F|\n|poke|p1|Ninetales, L50, F|\n|poke|p1|Venusaur, L50, M|\n|poke|p1|Sneasler, L50, F|\n|poke|p1|Incineroar, L50, M|\n|poke|p2|Tyranitar, L50, F|\n|poke|p2|Aerodactyl, L50, M|\n|poke|p2|Sinistcha-Masterpiece, L50|\n|poke|p2|Garchomp, L50, M|\n|poke|p2|Incineroar, L50, M|\n|poke|p2|Sneasler, L50, F|\n|teampreview|4\n|inactive|Battle timer is ON: inactive players will automatically lose when time's up. (requested by SleepyPumpk1n)\n|\n|t:|1775938216\n|teamsize|p1|4\n|teamsize|p2|4\n|start\n|switch|p1a: Houndoom|Houndoom, L50, M|100/100\n|switch|p1b: Whimsicott|Whimsicott, L50, F|100/100\n|switch|p2a: Aerodactyl|Aerodactyl, L50, M|100/100\n|switch|p2b: Sneasler|Sneasler, L50, F|100/100\n|turn|1\n|inactive|SleepyPumpk1n has 30 seconds left.\n|\n|t:|1775938249\n|detailschange|p2a: Aerodactyl|Aerodactyl-Mega, L50, M\n|-mega|p2a: Aerodactyl|Aerodactyl|Aerodactylite\n|move|p1b: Whimsicott|Protect|p1b: Whimsicott\n|-singleturn|p1b: Whimsicott|Protect\n|move|p1a: Houndoom|Protect|p1a: Houndoom\n|-singleturn|p1a: Houndoom|Protect\n|move|p2b: Sneasler|Fake Out|p1b: Whimsicott\n|-activate|p1b: Whimsicott|move: Protect\n|move|p2a: Aerodactyl|Rock Slide|p1b: Whimsicott|[spread] \n|-activate|p1a: Houndoom|move: Protect\n|-activate|p1b: Whimsicott|move: Protect\n|\n|upkeep\n|turn|2\n|\n|t:|1775938271\n|switch|p2b: Incineroar|Incineroar, L50, M|100/100\n|-ability|p2b: Incineroar|Intimidate|boost\n|-unboost|p1a: Houndoom|atk|1\n|-unboost|p1b: Whimsicott|atk|1\n|switch|p1a: Incineroar|Incineroar, L50, M|100/100\n|-ability|p1a: Incineroar|Intimidate|boost\n|-unboost|p2a: Aerodactyl|atk|1\n|-unboost|p2b: Incineroar|atk|1\n|move|p1b: Whimsicott|Tailwind|p1b: Whimsicott\n|-sidestart|p1: itsbearhere|move: Tailwind\n|move|p2a: Aerodactyl|Tailwind|p2a: Aerodactyl\n|-sidestart|p2: SleepyPumpk1n|move: Tailwind\n|\n|upkeep\n|turn|3\n|inactive|itsbearhere has 30 seconds left.\n|inactive|SleepyPumpk1n has 30 seconds left.\n|\n|t:|1775938300\n|switch|p2b: Sneasler|Sneasler, L50, F|100/100\n|move|p1b: Whimsicott|Protect|p1b: Whimsicott\n|-singleturn|p1b: Whimsicott|Protect\n|move|p2a: Aerodactyl|Protect|p2a: Aerodactyl\n|-singleturn|p2a: Aerodactyl|Protect\n|move|p1a: Incineroar|Parting Shot|p2a: Aerodactyl\n|-activate|p2a: Aerodactyl|move: Protect\n|\n|upkeep\n|turn|4\n|inactive|itsbearhere has 30 seconds left.\n|\n|t:|1775938331\n|switch|p1a: Ninetales|Ninetales, L50, F|100/100\n|-weather|SunnyDay|[from] ability: Drought|[of] p1a: Ninetales\n|move|p2a: Aerodactyl|Dual Wingbeat|p1b: Whimsicott|[miss]\n|-miss|p2a: Aerodactyl|p1b: Whimsicott\n|move|p2b: Sneasler|Coaching|p2a: Aerodactyl\n|-boost|p2a: Aerodactyl|atk|1\n|-boost|p2a: Aerodactyl|def|1\n|move|p1b: Whimsicott|Moonblast|p2b: Sneasler\n|-damage|p2b: Sneasler|62/100\n|\n|-weather|SunnyDay|[upkeep]\n|upkeep\n|turn|5\n|\n|t:|1775938355\n|switch|p1b: Incineroar|Incineroar, L50, M|100/100\n|-ability|p1b: Incineroar|Intimidate|boost\n|-unboost|p2a: Aerodactyl|atk|1\n|-unboost|p2b: Sneasler|atk|1\n|-enditem|p2b: Sneasler|White Herb\n|-clearnegativeboost|p2b: Sneasler|[silent]\n|move|p2b: Sneasler|Dire Claw|p1a: Ninetales\n|-damage|p1a: Ninetales|42/100\n|move|p2a: Aerodactyl|Rock Slide|p1b: Incineroar|[spread] p1a,p1b\n|-supereffective|p1a: Ninetales|1\n|-supereffective|p1b: Incineroar|1\n|-damage|p1a: Ninetales|0 fnt\n|-damage|p1b: Incineroar|64/100\n|faint|p1a: Ninetales\n|\n|-weather|SunnyDay|[upkeep]\n|-sideend|p1: itsbearhere|move: Tailwind\n|-sideend|p2: SleepyPumpk1n|move: Tailwind\n|upkeep\n|\n|t:|1775938372\n|switch|p1a: Whimsicott|Whimsicott, L50, F|100/100\n|turn|6\n|\n|t:|1775938385\n|switch|p2a: Incineroar|Incineroar, L50, M|100/100\n|-ability|p2a: Incineroar|Intimidate|boost\n|-unboost|p1a: Whimsicott|atk|1\n|-unboost|p1b: Incineroar|atk|1\n|move|p1a: Whimsicott|Tailwind|p1a: Whimsicott\n|-sidestart|p1: itsbearhere|move: Tailwind\n|move|p2b: Sneasler|Dire Claw|p1a: Whimsicott\n|-supereffective|p1a: Whimsicott|2\n|-enditem|p1a: Whimsicott|Focus Sash\n|-damage|p1a: Whimsicott|1/100\n|move|p1b: Incineroar|Flare Blitz|p2a: Incineroar\n|-resisted|p2a: Incineroar|1\n|-damage|p2a: Incineroar|76/100\n|-damage|p1b: Incineroar|55/100|[from] Recoil\n|\n|-weather|SunnyDay|[upkeep]\n|upkeep\n|turn|7\n|\n|t:|1775938403\n|move|p1a: Whimsicott|Protect|p1a: Whimsicott\n|-singleturn|p1a: Whimsicott|Protect\n|move|p2a: Incineroar|Fake Out|p1b: Incineroar\n|-damage|p1b: Incineroar|46/100\n|-enditem|p1b: Incineroar|Sitrus Berry|[eat]\n|-heal|p1b: Incineroar|71/100|[from] item: Sitrus Berry\n|move|p2b: Sneasler|Coaching|p2a: Incineroar\n|-boost|p2a: Incineroar|atk|1\n|-boost|p2a: Incineroar|def|1\n|cant|p1b: Incineroar|flinch\n|\n|-weather|SunnyDay|[upkeep]\n|upkeep\n|turn|8\n|inactive|itsbearhere has 30 seconds left.\n|\n|t:|1775938432\n|move|p2b: Sneasler|Close Combat|p1b: Incineroar\n|-supereffective|p1b: Incineroar|1\n|-damage|p1b: Incineroar|0 fnt\n|-unboost|p2b: Sneasler|def|1\n|-unboost|p2b: Sneasler|spd|1\n|faint|p1b: Incineroar\n|move|p1a: Whimsicott|Moonblast|p2a: Incineroar\n|-damage|p2a: Incineroar|53/100\n|move|p2a: Incineroar|Throat Chop|p1a: Whimsicott\n|-resisted|p1a: Whimsicott|1\n|-damage|p1a: Whimsicott|0 fnt\n|faint|p1a: Whimsicott\n|\n|-weather|none\n|upkeep\n|inactive|itsbearhere has 30 seconds left.\n|inactive|itsbearhere has 20 seconds left.\n|inactive|itsbearhere has 15 seconds left.\n|inactive|itsbearhere has 10 seconds left.\n|inactive|itsbearhere has 5 seconds left.\n|c|\u2606itsbearhere|Wont let me quit so\n|\n|t:|1775938487\n|switch|p1a: Houndoom|Houndoom, L50, M|100/100\n|turn|9\n|-message|itsbearhere forfeited.\n|\n|win|SleepyPumpk1n\n|raw|itsbearhere's rating: 1071 &rarr; <strong>1049</strong><br />(-22 for losing)\n|raw|SleepyPumpk1n's rating: 1050 &rarr; <strong>1084</strong><br />(+34 for winning)\n|l|\u2606itsbearhere\n|player|p1|\n|c|\u2606SleepyPumpk1n|ggs\n",
  "uploadtime": 1775938497,
  "views": 18,
  "formatid": "gen9championsvgc2026regma",
  "rating": 1049,
  "private": 0,
  "password": null
}