{
  "id": "gen9championsvgc2026regma-2587410523",
  "format": "[Gen 9 Champions] VGC 2026 Reg M-A",
  "players": [
    "skarmoryplays",
    "Snagret"
  ],
  "log": "|j|\u2606skarmoryplays\n|j|\u2606Snagret\n|t:|1776529514\n|gametype|doubles\n|player|p1|skarmoryplays|1|1049\n|player|p2|Snagret|1|1097\n|gen|9\n|tier|[Gen 9 Champions] VGC 2026 Reg M-A\n|rated|\n|rule|Species Clause: Limit one of each Pok\u00e9mon\n|rule|Item Clause: Limit 1 of each item\n|clearpoke\n|poke|p1|Crabominable, L50, F|\n|poke|p1|Slowking-Galar, L50, M|\n|poke|p1|Kingambit, L50, M|\n|poke|p1|Primarina, L50, M|\n|poke|p1|Incineroar, L50, F|\n|poke|p1|Sinistcha, L50|\n|poke|p2|Starmie, L50|\n|poke|p2|Arcanine-Hisui, L50, M|\n|poke|p2|Sinistcha, L50|\n|poke|p2|Garchomp, L50, F|\n|poke|p2|Aerodactyl, L50, M|\n|poke|p2|Dragapult, L50, M|\n|teampreview|4\n|inactive|Battle timer is ON: inactive players will automatically lose when time's up. (requested by skarmoryplays)\n|inactive|skarmoryplays has 60 seconds left.\n|inactive|Snagret has 60 seconds left.\n|inactive|skarmoryplays has 30 seconds left.\n|\n|t:|1776529589\n|teamsize|p1|4\n|teamsize|p2|4\n|start\n|switch|p1a: Crabominable|Crabominable, L50, F|100/100\n|switch|p1b: Slowking|Slowking-Galar, L50, M|100/100\n|switch|p2a: Arcanine|Arcanine-Hisui, L50, M|100/100\n|switch|p2b: Starmie|Starmie, L50|100/100\n|-ability|p2a: Arcanine|Intimidate|boost\n|-fail|p1a: Crabominable|unboost|Attack|[from] ability: Hyper Cutter|[of] p1a: Crabominable\n|-unboost|p1b: Slowking|atk|1\n|turn|1\n|inactive|skarmoryplays has 30 seconds left.\n|inactive|Snagret has 30 seconds left.\n|\n|t:|1776529620\n|detailschange|p2b: Starmie|Starmie-Mega, L50\n|-mega|p2b: Starmie|Starmie|Starminite\n|move|p1a: Crabominable|Protect|p1a: Crabominable\n|-singleturn|p1a: Crabominable|Protect\n|move|p2b: Starmie|Skill Swap|p2a: Arcanine\n|-activate|p2b: Starmie|Skill Swap|||[of] p2a: Arcanine\n|-ability|p2b: Starmie|Intimidate|boost\n|-fail|p1a: Crabominable|unboost|Attack|[from] ability: Hyper Cutter|[of] p1a: Crabominable\n|-unboost|p1b: Slowking|atk|1\n|move|p2a: Arcanine|Rock Slide|p1a: Crabominable|[spread] p1b\n|-activate|p1a: Crabominable|move: Protect\n|-damage|p1b: Slowking|47/100\n|move|p1b: Slowking|Trick Room|p1b: Slowking\n|-fieldstart|move: Trick Room|[of] p1b: Slowking\n|\n|upkeep\n|turn|2\n|inactive|skarmoryplays has 30 seconds left.\n|\n|t:|1776529652\n|detailschange|p1a: Crabominable|Crabominable-Mega, L50, F\n|-mega|p1a: Crabominable|Crabominable|Crabominite\n|move|p2a: Arcanine|Protect|p2a: Arcanine\n|-singleturn|p2a: Arcanine|Protect\n|-prepare|p1b: Slowking|Chilly Reception|[premajor]\n|move|p1b: Slowking|Chilly Reception|p1b: Slowking\n|-weather|Snowscape\n|\n|t:|1776529664\n|switch|p1b: Kingambit|Kingambit, L50, M|100/100|[from] Chilly Reception\n|move|p1a: Crabominable|Drain Punch|p2a: Arcanine\n|-activate|p2a: Arcanine|move: Protect\n|move|p2b: Starmie|Psychic|p1a: Crabominable\n|-supereffective|p1a: Crabominable|1\n|-damage|p1a: Crabominable|30/100\n|\n|-weather|Snowscape|[upkeep]\n|upkeep\n|turn|3\n|\n|t:|1776529683\n|move|p2a: Arcanine|Extreme Speed|p1a: Crabominable\n|-damage|p1a: Crabominable|3/100\n|move|p1b: Kingambit|Sucker Punch|p2b: Starmie\n|-supereffective|p2b: Starmie|1\n|-damage|p2b: Starmie|20/100\n|move|p1a: Crabominable|Drain Punch|p2a: Arcanine\n|-supereffective|p2a: Arcanine|1\n|-crit|p2a: Arcanine\n|-damage|p2a: Arcanine|0 fnt\n|-heal|p1a: Crabominable|45/100|[from] drain|[of] p2a: Arcanine\n|faint|p2a: Arcanine\n|move|p2b: Starmie|Hydro Pump|p1b: Kingambit\n|-damage|p1b: Kingambit|57/100\n|\n|-weather|Snowscape|[upkeep]\n|upkeep\n|inactive|Snagret has 30 seconds left.\n|\n|t:|1776529712\n|switch|p2a: Sinistcha|Sinistcha, L50|100/100\n|-heal|p2b: Starmie|45/100|[from] ability: Hospitality|[of] p2a: Sinistcha\n|turn|4\n|\n|t:|1776529729\n|move|p2a: Sinistcha|Protect|p2a: Sinistcha\n|-singleturn|p2a: Sinistcha|Protect\n|move|p2b: Starmie|Protect|p2b: Starmie\n|-singleturn|p2b: Starmie|Protect\n|move|p1a: Crabominable|Ice Hammer|p2b: Starmie\n|-activate|p2b: Starmie|move: Protect\n|move|p1b: Kingambit|Iron Head|p2b: Starmie\n|-activate|p2b: Starmie|move: Protect\n|\n|-weather|Snowscape|[upkeep]\n|upkeep\n|turn|5\n|\n|t:|1776529751\n|move|p1b: Kingambit|Sucker Punch|p2b: Starmie\n|-supereffective|p2b: Starmie|1\n|-damage|p2b: Starmie|0 fnt\n|faint|p2b: Starmie\n|move|p1a: Crabominable|Ice Hammer|p2a: Sinistcha\n|-supereffective|p2a: Sinistcha|1\n|-damage|p2a: Sinistcha|0 fnt\n|-unboost|p1a: Crabominable|spe|1\n|faint|p2a: Sinistcha\n|\n|-weather|Snowscape|[upkeep]\n|-fieldend|move: Trick Room\n|upkeep\n|\n|t:|1776529761\n|switch|p2b: Garchomp|Garchomp, L50, F|100/100\n|turn|6\n|\n|t:|1776529773\n|move|p1b: Kingambit|Protect|p1b: Kingambit\n|-singleturn|p1b: Kingambit|Protect\n|move|p2b: Garchomp|Earthquake|p1b: Kingambit|[spread] p1a\n|-activate|p1b: Kingambit|move: Protect\n|-damage|p1a: Crabominable|24/100\n|move|p1a: Crabominable|Ice Hammer|p2b: Garchomp\n|-supereffective|p2b: Garchomp|2\n|-enditem|p2b: Garchomp|Yache Berry|[eat]\n|-enditem|p2b: Garchomp|Yache Berry|[weaken]\n|-damage|p2b: Garchomp|0 fnt\n|-unboost|p1a: Crabominable|spe|1\n|-damage|p1a: Crabominable|12/100|[from] ability: Rough Skin|[of] p2b: Garchomp\n|faint|p2b: Garchomp\n|\n|win|skarmoryplays\n|raw|skarmoryplays's rating: 1049 &rarr; <strong>1086</strong><br />(+37 for winning)\n|raw|Snagret's rating: 1097 &rarr; <strong>1069</strong><br />(-28 for losing)\n",
  "uploadtime": 1776529776,
  "views": 15,
  "formatid": "gen9championsvgc2026regma",
  "rating": 1069,
  "private": 0,
  "password": null
}