{
  "id": "gen9championsvgc2026regma-2584823210",
  "format": "[Gen 9 Champions] VGC 2026 Reg M-A",
  "players": [
    "tpgame1100",
    "Tilsch"
  ],
  "log": "|j|\u2606tpgame1100\n|j|\u2606Tilsch\n|t:|1776286358\n|gametype|doubles\n|player|p1|tpgame1100|102|1076\n|player|p2|Tilsch|169|1108\n|gen|9\n|tier|[Gen 9 Champions] VGC 2026 Reg M-A\n|rated|\n|rule|Species Clause: Limit one of each Pok\u00e9mon\n|rule|Item Clause: Limit 1 of each item\n|clearpoke\n|poke|p1|Froslass, L50, F|\n|poke|p1|Palafin, L50, M|\n|poke|p1|Maushold, L50|\n|poke|p1|Kommo-o, L50, M|\n|poke|p1|Arcanine-Hisui, L50, M|\n|poke|p1|Aerodactyl, L50, F|\n|poke|p2|Crabominable, L50, F|\n|poke|p2|Golurk, L50|\n|poke|p2|Rotom-Wash, L50|\n|poke|p2|Slowbro, L50, M|\n|poke|p2|Politoed, L50, F|\n|poke|p2|Incineroar, L50, F|\n|teampreview|4\n|\n|t:|1776286398\n|teamsize|p1|4\n|teamsize|p2|4\n|start\n|switch|p1a: Maushold|Maushold, L50|100/100\n|switch|p1b: Palafin|Palafin, L50, M|100/100\n|switch|p2a: Crabominable|Crabominable, L50, F|100/100\n|switch|p2b: Slowbro|Slowbro, L50, M|100/100\n|turn|1\n|\n|t:|1776286416\n|detailschange|p1b: Palafin|Palafin-Hero, L50, M\n|switch|p1b: Froslass|Froslass, L50, F|100/100\n|detailschange|p2a: Crabominable|Crabominable-Mega, L50, F\n|-mega|p2a: Crabominable|Crabominable|Crabominite\n|move|p1a: Maushold|Population Bomb|p2b: Slowbro\n|-damage|p2b: Slowbro|93/100\n|-damage|p2b: Slowbro|87/100\n|-damage|p2b: Slowbro|80/100\n|-damage|p2b: Slowbro|73/100\n|-damage|p2b: Slowbro|66/100\n|-damage|p2b: Slowbro|58/100\n|-damage|p2b: Slowbro|51/100\n|-damage|p2b: Slowbro|44/100\n|-damage|p2b: Slowbro|38/100\n|-crit|p2b: Slowbro\n|-damage|p2b: Slowbro|28/100\n|-hitcount|p2b: Slowbro|10\n|move|p2a: Crabominable|Drain Punch|p1a: Maushold\n|-supereffective|p1a: Maushold|1\n|-damage|p1a: Maushold|0 fnt\n|faint|p1a: Maushold\n|move|p2b: Slowbro|Trick Room|p2b: Slowbro\n|-fieldstart|move: Trick Room|[of] p2b: Slowbro\n|\n|upkeep\n|\n|t:|1776286441\n|switch|p1a: Palafin|Palafin-Hero, L50, M|100/100\n|-activate|p1a: Palafin|ability: Zero to Hero\n|turn|2\n|\n|t:|1776286452\n|switch|p2b: Rotom|Rotom-Wash, L50|100/100\n|detailschange|p1b: Froslass|Froslass-Mega, L50, F\n|-mega|p1b: Froslass|Froslass|Froslassite\n|-weather|Snowscape|[from] ability: Snow Warning|[of] p1b: Froslass\n|move|p2a: Crabominable|Drain Punch|p1a: Palafin\n|-damage|p1a: Palafin|54/100\n|move|p1a: Palafin|Bulk Up|p1a: Palafin\n|-boost|p1a: Palafin|atk|1\n|-boost|p1a: Palafin|def|1\n|move|p1b: Froslass|Aurora Veil|p1b: Froslass\n|-sidestart|p1: tpgame1100|move: Aurora Veil\n|\n|-weather|Snowscape|[upkeep]\n|upkeep\n|turn|3\n|\n|t:|1776286474\n|switch|p2a: Politoed|Politoed, L50, F|100/100\n|-weather|RainDance|[from] ability: Drizzle|[of] p2a: Politoed\n|move|p1a: Palafin|Drain Punch|p2a: Politoed\n|-damage|p2a: Politoed|42/100\n|-heal|p1a: Palafin|80/100|[from] drain|[of] p2a: Politoed\n|move|p2b: Rotom|Thunder|p1a: Palafin\n|-supereffective|p1a: Palafin|1\n|-damage|p1a: Palafin|16/100\n|move|p1b: Froslass|Shadow Ball|p2a: Politoed\n|-damage|p2a: Politoed|14/100\n|\n|-weather|RainDance|[upkeep]\n|-heal|p2a: Politoed|20/100|[from] item: Leftovers\n|upkeep\n|turn|4\n|\n|t:|1776286511\n|move|p1a: Palafin|Jet Punch|p2a: Politoed\n|-resisted|p2a: Politoed|1\n|-damage|p2a: Politoed|0 fnt\n|faint|p2a: Politoed\n|move|p2b: Rotom|Thunder|p1b: Froslass\n|-damage|p1b: Froslass|67/100\n|-status|p1b: Froslass|par\n|move|p1b: Froslass|Shadow Ball|p2b: Rotom\n|-damage|p2b: Rotom|53/100\n|\n|-weather|RainDance|[upkeep]\n|upkeep\n|\n|t:|1776286522\n|switch|p2a: Crabominable|Crabominable-Mega, L50, F|100/100\n|turn|5\n|\n|t:|1776286535\n|switch|p2b: Slowbro|Slowbro, L50, M|61/100\n|move|p2a: Crabominable|Mach Punch|p1a: Palafin\n|-damage|p1a: Palafin|4/100\n|move|p1a: Palafin|Jet Punch|p2a: Crabominable\n|-crit|p2a: Crabominable\n|-damage|p2a: Crabominable|0 fnt\n|faint|p2a: Crabominable\n|move|p1b: Froslass|Shadow Ball|p2b: Slowbro\n|-supereffective|p2b: Slowbro|1\n|-damage|p2b: Slowbro|0 fnt\n|faint|p2b: Slowbro\n|\n|-weather|RainDance|[upkeep]\n|-fieldend|move: Trick Room\n|upkeep\n|-message|Tilsch forfeited.\n|\n|win|tpgame1100\n|raw|tpgame1100's rating: 1076 &rarr; <strong>1107</strong><br />(+31 for winning)\n|raw|Tilsch's rating: 1108 &rarr; <strong>1081</strong><br />(-27 for losing)\n|l|\u2606Tilsch\n|player|p2|\n",
  "uploadtime": 1776286558,
  "views": 19,
  "formatid": "gen9championsvgc2026regma",
  "rating": 1081,
  "private": 0,
  "password": null
}