{
  "id": "gen9championsvgc2026regma-2583297878",
  "format": "[Gen 9 Champions] VGC 2026 Reg M-A",
  "players": [
    "sjysjysjy6",
    "bminer1397"
  ],
  "log": "|j|\u2606sjysjysjy6\n|j|\u2606bminer1397\n|t:|1776164441\n|gametype|doubles\n|player|p1|sjysjysjy6|102|1338\n|player|p2|bminer1397|266|1287\n|gen|9\n|tier|[Gen 9 Champions] VGC 2026 Reg M-A\n|rated|\n|rule|Species Clause: Limit one of each Pok\u00e9mon\n|rule|Item Clause: Limit 1 of each item\n|clearpoke\n|poke|p1|Gengar, L50, F|\n|poke|p1|Garchomp, L50, M|\n|poke|p1|Whimsicott, L50, M|\n|poke|p1|Kingambit, L50, M|\n|poke|p1|Rotom-Wash, L50|\n|poke|p1|Delphox, L50, F|\n|poke|p2|Blastoise, L50, F|\n|poke|p2|Meowstic, L50, M|\n|poke|p2|Sinistcha, L50|\n|poke|p2|Incineroar, L50, F|\n|poke|p2|Aegislash, L50, F|\n|poke|p2|Meowscarada, L50, M|\n|teampreview|4\n|inactive|Battle timer is ON: inactive players will automatically lose when time's up. (requested by bminer1397)\n|inactive|bminer1397 has 60 seconds left.\n|\n|t:|1776164473\n|teamsize|p1|4\n|teamsize|p2|4\n|start\n|switch|p1a: Whimsicott|Whimsicott, L50, M|100/100\n|switch|p1b: Delphox|Delphox, L50, F|100/100\n|switch|p2a: Blastoise|Blastoise, L50, F|100/100\n|switch|p2b: Meowstic|Meowstic, L50, M|100/100\n|turn|1\n|\n|t:|1776164485\n|detailschange|p1b: Delphox|Delphox-Mega, L50, F\n|-mega|p1b: Delphox|Delphox|Delphoxite\n|detailschange|p2a: Blastoise|Blastoise-Mega, L50, F\n|-mega|p2a: Blastoise|Blastoise|Blastoisinite\n|move|p1b: Delphox|Protect|p1b: Delphox\n|-singleturn|p1b: Delphox|Protect\n|move|p2b: Meowstic|Fake Out|p1a: Whimsicott\n|-damage|p1a: Whimsicott|94/100\n|cant|p1a: Whimsicott|flinch\n|move|p2a: Blastoise|Shell Smash|p2a: Blastoise\n|-unboost|p2a: Blastoise|def|1\n|-unboost|p2a: Blastoise|spd|1\n|-boost|p2a: Blastoise|atk|2\n|-boost|p2a: Blastoise|spa|2\n|-boost|p2a: Blastoise|spe|2\n|\n|upkeep\n|turn|2\n|\n|t:|1776164501\n|move|p2b: Meowstic|Quick Guard|p2b: Meowstic\n|-singleturn|p2b: Meowstic|Quick Guard\n|move|p1a: Whimsicott|Encore|p2a: Blastoise\n|-activate|p2a: Blastoise|move: Quick Guard\n|move|p2a: Blastoise|Water Spout|p1b: Delphox|[spread] p1a,p1b\n|-resisted|p1a: Whimsicott|1\n|-supereffective|p1b: Delphox|1\n|-damage|p1a: Whimsicott|0 fnt\n|-damage|p1b: Delphox|0 fnt\n|faint|p1a: Whimsicott\n|faint|p1b: Delphox\n|\n|upkeep\n|\n|t:|1776164508\n|switch|p1b: Rotom|Rotom-Wash, L50|100/100\n|switch|p1a: Kingambit|Kingambit, L50, M|100/100\n|turn|3\n|c|\u2606bminer1397|seen it to maany times lol\n|c|\u2606sjysjysjy6|666\n|inactive|sjysjysjy6 has 30 seconds left.\n|inactive|bminer1397 has 30 seconds left.\n|\n|t:|1776164535\n|switch|p2b: Sinistcha|Sinistcha, L50|100/100\n|move|p2a: Blastoise|Protect|p2a: Blastoise\n|-singleturn|p2a: Blastoise|Protect\n|move|p1a: Kingambit|Protect|p1a: Kingambit\n|-singleturn|p1a: Kingambit|Protect\n|move|p1b: Rotom|Thunderbolt|p2a: Blastoise\n|-activate|p2a: Blastoise|move: Protect\n|\n|upkeep\n|turn|4\n|\n|t:|1776164548\n|move|p2b: Sinistcha|Rage Powder|p2b: Sinistcha\n|-singleturn|p2b: Sinistcha|move: Rage Powder\n|move|p2a: Blastoise|Water Spout|p1b: Rotom|[spread] p1a,p1b\n|-resisted|p1b: Rotom|1\n|-damage|p1a: Kingambit|0 fnt\n|-damage|p1b: Rotom|40/100\n|-enditem|p1b: Rotom|Sitrus Berry|[eat]\n|-heal|p1b: Rotom|65/100|[from] item: Sitrus Berry\n|faint|p1a: Kingambit\n|move|p1b: Rotom|Thunderbolt|p2b: Sinistcha\n|-resisted|p2b: Sinistcha|1\n|-damage|p2b: Sinistcha|87/100\n|\n|upkeep\n|turn|5\n|\n|t:|1776164560\n|move|p2b: Sinistcha|Rage Powder|p2b: Sinistcha\n|-singleturn|p2b: Sinistcha|move: Rage Powder\n|move|p2a: Blastoise|Water Spout|p1b: Rotom\n|-resisted|p1b: Rotom|1\n|-damage|p1b: Rotom|0 fnt\n|faint|p1b: Rotom\n|\n|win|bminer1397\n|raw|sjysjysjy6's rating: 1338 &rarr; <strong>1315</strong><br />(-23 for losing)\n|raw|bminer1397's rating: 1287 &rarr; <strong>1316</strong><br />(+29 for winning)\n",
  "uploadtime": 1776164564,
  "views": 33,
  "formatid": "gen9championsvgc2026regma",
  "rating": 1315,
  "private": 0,
  "password": null
}