{
  "id": "gen9championsvgc2026regma-2588356052",
  "format": "[Gen 9 Champions] VGC 2026 Reg M-A",
  "players": [
    "testingtesting101",
    "teamvaro"
  ],
  "log": "|j|\u2606testingtesting101\n|j|\u2606teamvaro\n|t:|1776626733\n|gametype|doubles\n|player|p1|testingtesting101|buck|1384\n|player|p2|teamvaro|265|1372\n|gen|9\n|tier|[Gen 9 Champions] VGC 2026 Reg M-A\n|rated|\n|rule|Species Clause: Limit one of each Pok\u00e9mon\n|rule|Item Clause: Limit 1 of each item\n|clearpoke\n|poke|p1|Glimmora, L50, F|\n|poke|p1|Chesnaught, L50, M|\n|poke|p1|Alakazam, L50, M|\n|poke|p1|Noivern, L50, M|\n|poke|p1|Cofagrigus, L50, M|\n|poke|p1|Heliolisk, L50, M|\n|poke|p2|Tyranitar, L50, F|\n|poke|p2|Excadrill, L50, F|\n|poke|p2|Aerodactyl, L50, M|\n|poke|p2|Goodra-Hisui, L50, F|\n|poke|p2|Sinistcha, L50|\n|poke|p2|Rotom-Wash, L50|\n|teampreview|4\ntestingtesting101 rejected open team sheets.\n|j| rxhdtcfjvhg\n|l|\u2606teamvaro\n|player|p2|\n|\n|t:|1776626783\n|teamsize|p1|4\n|teamsize|p2|4\n|start\n|switch|p1a: Chesnaught|Chesnaught, L50, M|100/100\n|switch|p1b: Cofagrigus|Cofagrigus, L50, M|100/100\n|switch|p2a: Aerodactyl|Aerodactyl, L50, M|100/100\n|switch|p2b: Rotom|Rotom-Wash, L50|100/100\n|-ability|p2a: Aerodactyl|Unnerve\n|turn|1\n|j|\u2606teamvaro\n|player|p2|teamvaro|265|\n|\n|t:|1776626799\n|detailschange|p1a: Chesnaught|Chesnaught-Mega, L50, M\n|-mega|p1a: Chesnaught|Chesnaught|Chesnaughtite\n|move|p1a: Chesnaught|Spiky Shield|p1a: Chesnaught\n|-singleturn|p1a: Chesnaught|move: Protect\n|move|p2a: Aerodactyl|Rock Slide|p1b: Cofagrigus|[spread] \n|-activate|p1a: Chesnaught|move: Protect\n|-miss|p2a: Aerodactyl|p1b: Cofagrigus\n|move|p2b: Rotom|Will-O-Wisp|p1a: Chesnaught\n|-activate|p1a: Chesnaught|move: Protect\n|move|p1b: Cofagrigus|Trick Room|p1b: Cofagrigus\n|-fieldstart|move: Trick Room|[of] p1b: Cofagrigus\n|\n|upkeep\n|turn|2\n|\n|t:|1776626832\n|move|p1b: Cofagrigus|Will-O-Wisp|p2a: Aerodactyl\n|-status|p2a: Aerodactyl|brn\n|move|p1a: Chesnaught|Wood Hammer|p2b: Rotom\n|-supereffective|p2b: Rotom|1\n|-damage|p2b: Rotom|0 fnt\n|faint|p2b: Rotom\n|-damage|p1a: Chesnaught|72/100|[from] Recoil\n|move|p2a: Aerodactyl|Dual Wingbeat|p1a: Chesnaught\n|-supereffective|p1a: Chesnaught|2\n|-damage|p1a: Chesnaught|52/100\n|-supereffective|p1a: Chesnaught|2\n|-damage|p1a: Chesnaught|32/100\n|-hitcount|p1a: Chesnaught|2\n|\n|-damage|p2a: Aerodactyl|95/100 brn|[from] brn\n|upkeep\n|\n|t:|1776626849\n|switch|p2b: Goodra|Goodra-Hisui, L50, F|100/100\n|turn|3\n|\n|t:|1776626859\n|move|p1a: Chesnaught|Spiky Shield|p1a: Chesnaught\n|-singleturn|p1a: Chesnaught|move: Protect\n|move|p1b: Cofagrigus|Will-O-Wisp|p2b: Goodra\n|-status|p2b: Goodra|brn\n|move|p2b: Goodra|Shelter|p2b: Goodra\n|-boost|p2b: Goodra|def|2\n|move|p2a: Aerodactyl|Dual Wingbeat|p1a: Chesnaught\n|-activate|p1a: Chesnaught|move: Protect\n|-damage|p2a: Aerodactyl|82/100 brn|[from] Spiky Shield|[of] p1a: Chesnaught\n|\n|-damage|p2b: Goodra|95/100 brn|[from] brn\n|-damage|p2a: Aerodactyl|77/100 brn|[from] brn\n|upkeep\n|turn|4\n|\n|t:|1776626873\n|switch|p1a: Heliolisk|Heliolisk, L50, M|100/100\n|move|p1b: Cofagrigus|Night Shade|p2b: Goodra\n|-damage|p2b: Goodra|68/100 brn\n|move|p2b: Goodra|Shelter|p2b: Goodra\n|-boost|p2b: Goodra|def|2\n|move|p2a: Aerodactyl|Dual Wingbeat|p1a: Heliolisk\n|-resisted|p1a: Heliolisk|1\n|-damage|p1a: Heliolisk|91/100\n|-resisted|p1a: Heliolisk|1\n|-damage|p1a: Heliolisk|82/100\n|-hitcount|p1a: Heliolisk|2\n|\n|-heal|p2b: Goodra|74/100 brn|[from] item: Leftovers\n|-damage|p2b: Goodra|68/100 brn|[from] brn\n|-damage|p2a: Aerodactyl|71/100 brn|[from] brn\n|upkeep\n|turn|5\n|\n|t:|1776626896\n|move|p1a: Heliolisk|Protect|p1a: Heliolisk\n|-singleturn|p1a: Heliolisk|Protect\n|move|p2a: Aerodactyl|Protect|p2a: Aerodactyl\n|-singleturn|p2a: Aerodactyl|Protect\n|move|p1b: Cofagrigus|Night Shade|p2b: Goodra\n|-damage|p2b: Goodra|41/100 brn\n|move|p2b: Goodra|Body Press|p1a: Heliolisk\n|-activate|p1a: Heliolisk|move: Protect\n|\n|-heal|p2b: Goodra|47/100 brn|[from] item: Leftovers\n|-damage|p2b: Goodra|41/100 brn|[from] brn\n|-damage|p2a: Aerodactyl|65/100 brn|[from] brn\n|-fieldend|move: Trick Room\n|upkeep\n|turn|6\n|\n|t:|1776626955\n|move|p1a: Heliolisk|Ally Switch|p1a: Heliolisk\n|swap|p1a: Heliolisk|1|[from] move: Ally Switch\n|move|p2a: Aerodactyl|Rock Slide|p1b: Heliolisk|[spread] p1a,p1b\n|-crit|p1a: Cofagrigus\n|-damage|p1a: Cofagrigus|87/100\n|-damage|p1b: Heliolisk|56/100\n|move|p2b: Goodra|Body Press|p1a: Cofagrigus\n|-immune|p1a: Cofagrigus\n|cant|p1a: Cofagrigus|flinch\n|\n|-heal|p2b: Goodra|47/100 brn|[from] item: Leftovers\n|-heal|p1a: Cofagrigus|93/100|[from] item: Leftovers\n|-damage|p2a: Aerodactyl|59/100 brn|[from] brn\n|-damage|p2b: Goodra|41/100 brn|[from] brn\n|upkeep\n|turn|7\n|\n|t:|1776626976\n|switch|p1b: Chesnaught|Chesnaught-Mega, L50, M|32/100\n|move|p2a: Aerodactyl|Rock Slide|p1b: Chesnaught|[spread] p1a\n|-miss|p2a: Aerodactyl|p1b: Chesnaught\n|-damage|p1a: Cofagrigus|85/100\n|move|p2b: Goodra|Body Press|p1a: Cofagrigus\n|-immune|p1a: Cofagrigus\n|move|p1a: Cofagrigus|Night Shade|p2b: Goodra\n|-damage|p2b: Goodra|14/100 brn\n|\n|-heal|p2b: Goodra|20/100 brn|[from] item: Leftovers\n|-heal|p1a: Cofagrigus|91/100|[from] item: Leftovers\n|-damage|p2a: Aerodactyl|53/100 brn|[from] brn\n|-damage|p2b: Goodra|14/100 brn|[from] brn\n|upkeep\n|turn|8\n|\n|t:|1776626990\n|move|p1b: Chesnaught|Spiky Shield|p1b: Chesnaught\n|-singleturn|p1b: Chesnaught|move: Protect\n|move|p2a: Aerodactyl|Rock Slide|p1b: Chesnaught|[spread] p1a\n|-activate|p1b: Chesnaught|move: Protect\n|-damage|p1a: Cofagrigus|83/100\n|move|p2b: Goodra|Body Press|p1b: Chesnaught\n|-activate|p1b: Chesnaught|move: Protect\n|-damage|p2b: Goodra|2/100 brn|[from] Spiky Shield|[of] p1b: Chesnaught\n|move|p1a: Cofagrigus|Trick Room|p1a: Cofagrigus\n|-fieldstart|move: Trick Room|[of] p1a: Cofagrigus\n|\n|-heal|p1a: Cofagrigus|89/100|[from] item: Leftovers\n|-heal|p2b: Goodra|8/100 brn|[from] item: Leftovers\n|-damage|p2b: Goodra|2/100 brn|[from] brn\n|-damage|p2a: Aerodactyl|48/100 brn|[from] brn\n|upkeep\n|turn|9\n|\n|t:|1776627015\n|move|p2a: Aerodactyl|Protect|p2a: Aerodactyl\n|-singleturn|p2a: Aerodactyl|Protect\n|move|p1a: Cofagrigus|Night Shade|p2b: Goodra\n|-damage|p2b: Goodra|0 fnt\n|faint|p2b: Goodra\n|move|p1b: Chesnaught|Wood Hammer|p2a: Aerodactyl\n|-activate|p2a: Aerodactyl|move: Protect\n|\n|-heal|p1a: Cofagrigus|95/100|[from] item: Leftovers\n|-damage|p2a: Aerodactyl|42/100 brn|[from] brn\n|upkeep\n|c|\u2606testingtesting101|Gg\n|\n|t:|1776627020\n|switch|p2b: Tyranitar|Tyranitar, L50, F|100/100\n|-weather|Sandstorm|[from] ability: Sand Stream|[of] p2b: Tyranitar\n|turn|10\n|\n|t:|1776627037\n|detailschange|p2b: Tyranitar|Tyranitar-Mega, L50, F\n|-mega|p2b: Tyranitar|Tyranitar|Tyranitarite\n|move|p2b: Tyranitar|Protect|p2b: Tyranitar\n|-singleturn|p2b: Tyranitar|Protect\n|move|p1a: Cofagrigus|Night Shade|p2a: Aerodactyl\n|-damage|p2a: Aerodactyl|10/100 brn\n|move|p1b: Chesnaught|Body Press|p2b: Tyranitar\n|-activate|p2b: Tyranitar|move: Protect\n|move|p2a: Aerodactyl|Rock Slide|p1a: Cofagrigus|[spread] p1b\n|-miss|p2a: Aerodactyl|p1a: Cofagrigus\n|-resisted|p1b: Chesnaught|1\n|-damage|p1b: Chesnaught|29/100\n|\n|-weather|Sandstorm|[upkeep]\n|-damage|p1a: Cofagrigus|89/100|[from] Sandstorm\n|-damage|p1b: Chesnaught|23/100|[from] Sandstorm\n|-heal|p1a: Cofagrigus|95/100|[from] item: Leftovers\n|-damage|p2a: Aerodactyl|4/100 brn|[from] brn\n|upkeep\n|turn|11\n|\n|t:|1776627062\n|move|p1a: Cofagrigus|Night Shade|p2b: Tyranitar\n|-damage|p2b: Tyranitar|76/100\n|move|p1b: Chesnaught|Body Press|p2b: Tyranitar\n|-supereffective|p2b: Tyranitar|2\n|-damage|p2b: Tyranitar|0 fnt\n|faint|p2b: Tyranitar\n|move|p2a: Aerodactyl|Dual Wingbeat|p1b: Chesnaught\n|-supereffective|p1b: Chesnaught|2\n|-damage|p1b: Chesnaught|5/100\n|-supereffective|p1b: Chesnaught|2\n|-damage|p1b: Chesnaught|0 fnt\n|faint|p1b: Chesnaught\n|-hitcount|p1: Chesnaught|2\n|\n|-weather|Sandstorm|[upkeep]\n|-damage|p1a: Cofagrigus|89/100|[from] Sandstorm\n|-heal|p1a: Cofagrigus|95/100|[from] item: Leftovers\n|-damage|p2a: Aerodactyl|0 fnt|[from] brn\n|faint|p2a: Aerodactyl\n|\n|win|testingtesting101\n|raw|testingtesting101's rating: 1384 &rarr; <strong>1403</strong><br />(+19 for winning)\n|raw|teamvaro's rating: 1372 &rarr; <strong>1353</strong><br />(-19 for losing)\n",
  "uploadtime": 1776627069,
  "views": 13,
  "formatid": "gen9championsvgc2026regma",
  "rating": 1353,
  "private": 0,
  "password": null
}