{
  "id": "gen9championsvgc2026regma-2589515213",
  "format": "[Gen 9 Champions] VGC 2026 Reg M-A",
  "players": [
    "WanderdRoad",
    "Turnip7"
  ],
  "log": "|j|\u2606WanderdRoad\n|j|\u2606Turnip7\n|t:|1776729984\n|gametype|doubles\n|player|p1|WanderdRoad|169|1044\n|player|p2|Turnip7|janitor|1146\n|gen|9\n|tier|[Gen 9 Champions] VGC 2026 Reg M-A\n|rated|\n|rule|Species Clause: Limit one of each Pok\u00e9mon\n|rule|Item Clause: Limit 1 of each item\n|clearpoke\n|poke|p1|Aggron, L50, F|\n|poke|p1|Tyranitar, L50, F|\n|poke|p1|Garchomp, L50, M|\n|poke|p1|Incineroar, L50, M|\n|poke|p1|Primarina, L50, F, shiny|\n|poke|p1|Sinistcha, L50|\n|poke|p2|Skarmory, L50, M|\n|poke|p2|Sneasler, L50, M, shiny|\n|poke|p2|Rhyperior, L50, M|\n|poke|p2|Gyarados, L50, F, shiny|\n|poke|p2|Sinistcha, L50|\n|poke|p2|Maushold-Four, L50|\n|teampreview|4\n|inactive|Battle timer is ON: inactive players will automatically lose when time's up. (requested by Turnip7)\n|\n|t:|1776730035\n|teamsize|p1|4\n|teamsize|p2|4\n|start\n|switch|p1a: Garchomp|Garchomp, L50, M|100/100\n|switch|p1b: Aggron|Aggron, L50, F|100/100\n|switch|p2a: Yuji Itadori|Skarmory, L50, M|100/100\n|switch|p2b: Aoi Todo|Sneasler, L50, M, shiny|100/100\n|turn|1\n|\n|t:|1776730055\n|detailschange|p1b: Aggron|Aggron-Mega, L50, F\n|-mega|p1b: Aggron|Aggron|Aggronite\n|move|p2b: Aoi Todo|Fake Out|p1b: Aggron\n|-resisted|p1b: Aggron|1\n|-damage|p1b: Aggron|98/100\n|move|p1a: Garchomp|Stomping Tantrum|p2b: Aoi Todo\n|-supereffective|p2b: Aoi Todo|1\n|-enditem|p2b: Aoi Todo|Focus Sash\n|-damage|p2b: Aoi Todo|1/100\n|move|p2a: Yuji Itadori|Tailwind|p2a: Yuji Itadori\n|-sidestart|p2: Turnip7|move: Tailwind\n|cant|p1b: Aggron|flinch\n|\n|upkeep\n|turn|2\n|\n|t:|1776730077\n|detailschange|p2a: Yuji Itadori|Skarmory-Mega, L50, M\n|-mega|p2a: Yuji Itadori|Skarmory|Skarmorite\n|move|p1b: Aggron|Protect|p1b: Aggron\n|-singleturn|p1b: Aggron|Protect\n|move|p2b: Aoi Todo|Close Combat|p1b: Aggron\n|-activate|p1b: Aggron|move: Protect\n|move|p2a: Yuji Itadori|Iron Head|p1a: Garchomp\n|-damage|p1a: Garchomp|58/100\n|-damage|p2a: Yuji Itadori|89/100|[from] ability: Rough Skin|[of] p1a: Garchomp\n|move|p1a: Garchomp|Earthquake|p2a: Yuji Itadori|[spread] p2b\n|-activate|p1b: Aggron|move: Protect\n|-immune|p2a: Yuji Itadori\n|-supereffective|p2b: Aoi Todo|1\n|-damage|p2b: Aoi Todo|0 fnt\n|faint|p2b: Aoi Todo\n|\n|upkeep\n|\n|t:|1776730092\n|switch|p2b: Gyarados|Gyarados, L50, F, shiny|100/100\n|-ability|p2b: Gyarados|Intimidate|boost\n|-unboost|p1a: Garchomp|atk|1\n|-unboost|p1b: Aggron|atk|1\n|turn|3\n|\n|t:|1776730111\n|move|p2a: Yuji Itadori|Iron Head|p1a: Garchomp\n|-damage|p1a: Garchomp|14/100\n|-damage|p2a: Yuji Itadori|77/100|[from] ability: Rough Skin|[of] p1a: Garchomp\n|move|p2b: Gyarados|Dragon Dance|p2b: Gyarados\n|-boost|p2b: Gyarados|atk|1\n|-boost|p2b: Gyarados|spe|1\n|move|p1a: Garchomp|Dragon Claw|p2b: Gyarados\n|-damage|p2b: Gyarados|67/100\n|move|p1b: Aggron|Body Press|p2a: Yuji Itadori\n|-damage|p2a: Yuji Itadori|21/100\n|\n|upkeep\n|turn|4\n|\n|t:|1776730133\n|move|p2a: Yuji Itadori|Protect|p2a: Yuji Itadori\n|-singleturn|p2a: Yuji Itadori|Protect\n|move|p1a: Garchomp|Protect|p1a: Garchomp\n|-singleturn|p1a: Garchomp|Protect\n|move|p2b: Gyarados|Waterfall|p1a: Garchomp\n|-activate|p1a: Garchomp|move: Protect\n|move|p1b: Aggron|Body Press|p2a: Yuji Itadori\n|-activate|p2a: Yuji Itadori|move: Protect\n|\n|-sideend|p2: Turnip7|move: Tailwind\n|upkeep\n|turn|5\n|inactive|WanderdRoad has 30 seconds left.\n|\n|t:|1776730165\n|switch|p2a: Sinistcha|Sinistcha, L50|100/100\n|-heal|p2b: Gyarados|91/100|[from] ability: Hospitality|[of] p2a: Sinistcha\n|switch|p1a: Primarina|Primarina, L50, F, shiny|100/100\n|move|p2b: Gyarados|Waterfall|p1a: Primarina\n|-resisted|p1a: Primarina|1\n|-damage|p1a: Primarina|60/100\n|move|p1b: Aggron|Body Press|p2a: Sinistcha\n|-immune|p2a: Sinistcha\n|\n|-heal|p1a: Primarina|66/100|[from] item: Leftovers\n|upkeep\n|turn|6\n|\n|t:|1776730190\n|switch|p1b: Sinistcha|Sinistcha, L50|100/100\n|-heal|p1a: Primarina|91/100|[from] ability: Hospitality|[of] p1b: Sinistcha\n|move|p2b: Gyarados|Waterfall|p1b: Sinistcha\n|-resisted|p1b: Sinistcha|1\n|-damage|p1b: Sinistcha|74/100\n|move|p1a: Primarina|Moonblast|p2a: Sinistcha\n|-damage|p2a: Sinistcha|46/100\n|-enditem|p2a: Sinistcha|Sitrus Berry|[eat]\n|-heal|p2a: Sinistcha|71/100|[from] item: Sitrus Berry\n|move|p2a: Sinistcha|Matcha Gotcha|p1a: Primarina|[spread] p1a,p1b\n|-supereffective|p1a: Primarina|1\n|-resisted|p1b: Sinistcha|1\n|-damage|p1a: Primarina|48/100\n|-heal|p2a: Sinistcha|93/100|[from] drain|[of] p1a: Primarina\n|-damage|p1b: Sinistcha|62/100\n|-heal|p2a: Sinistcha|99/100|[from] drain|[of] p1b: Sinistcha\n|-status|p1a: Primarina|brn\n|\n|-heal|p1a: Primarina|54/100 brn|[from] item: Leftovers\n|-damage|p1a: Primarina|48/100 brn|[from] brn\n|upkeep\n|turn|7\n|inactive|WanderdRoad has 30 seconds left.\n|inactive|Turnip7 has 30 seconds left.\n|\n|t:|1776730220\n|move|p1b: Sinistcha|Rage Powder|p1b: Sinistcha\n|-singleturn|p1b: Sinistcha|move: Rage Powder\n|move|p2b: Gyarados|Stone Edge|p1b: Sinistcha\n|-damage|p1b: Sinistcha|20/100\n|move|p1a: Primarina|Moonblast|p2b: Gyarados\n|-damage|p2b: Gyarados|38/100\n|-unboost|p2b: Gyarados|spa|1\n|move|p2a: Sinistcha|Matcha Gotcha|p1a: Primarina|[spread] p1a,p1b\n|-supereffective|p1a: Primarina|1\n|-resisted|p1b: Sinistcha|1\n|-damage|p1a: Primarina|9/100 brn\n|-heal|p2a: Sinistcha|100/100|[from] drain|[of] p1a: Primarina\n|-damage|p1b: Sinistcha|10/100\n|\n|-heal|p1a: Primarina|14/100 brn|[from] item: Leftovers\n|-damage|p1a: Primarina|9/100 brn|[from] brn\n|upkeep\n|turn|8\n|\n|t:|1776730241\n|move|p2b: Gyarados|Protect|p2b: Gyarados\n|-singleturn|p2b: Gyarados|Protect\n|move|p1a: Primarina|Moonblast|p2b: Gyarados\n|-activate|p2b: Gyarados|move: Protect\n|move|p2a: Sinistcha|Matcha Gotcha|p1a: Primarina|[spread] p1b\n|-miss|p2a: Sinistcha|p1a: Primarina\n|-resisted|p1b: Sinistcha|1\n|-damage|p1b: Sinistcha|0 fnt\n|faint|p1b: Sinistcha\n|\n|-heal|p1a: Primarina|14/100 brn|[from] item: Leftovers\n|-damage|p1a: Primarina|9/100 brn|[from] brn\n|upkeep\n|\n|t:|1776730260\n|switch|p1b: Aggron|Aggron-Mega, L50, F|98/100\n|turn|9\n|\n|t:|1776730273\n|move|p2b: Gyarados|Waterfall|p1a: Primarina\n|-resisted|p1a: Primarina|1\n|-crit|p1a: Primarina\n|-damage|p1a: Primarina|0 fnt\n|faint|p1a: Primarina\n|move|p2a: Sinistcha|Matcha Gotcha|p1b: Aggron\n|-resisted|p1b: Aggron|1\n|-damage|p1b: Aggron|79/100\n|move|p1b: Aggron|Body Press|p2b: Gyarados\n|-resisted|p2b: Gyarados|1\n|-crit|p2b: Gyarados\n|-damage|p2b: Gyarados|0 fnt\n|faint|p2b: Gyarados\n|\n|upkeep\n|\n|t:|1776730285\n|switch|p2b: Yuji Itadori|Skarmory-Mega, L50, M|21/100\n|switch|p1a: Garchomp|Garchomp, L50, M|14/100\n|turn|10\n|\n|t:|1776730300\n|move|p2b: Yuji Itadori|Protect|p2b: Yuji Itadori\n|-singleturn|p2b: Yuji Itadori|Protect\n|move|p1a: Garchomp|Protect|p1a: Garchomp\n|-singleturn|p1a: Garchomp|Protect\n|move|p2a: Sinistcha|Life Dew||[still]|[spread] p2a,p2b\n|-fail|p2a: Sinistcha|heal\n|-heal|p2b: Yuji Itadori|46/100\n|move|p1b: Aggron|Heavy Slam|p2a: Sinistcha\n|-damage|p2a: Sinistcha|65/100\n|\n|upkeep\n|turn|11\n|\n|t:|1776730321\n|move|p2b: Yuji Itadori|Iron Head|p1a: Garchomp\n|-damage|p1a: Garchomp|0 fnt\n|-damage|p2b: Yuji Itadori|34/100|[from] ability: Rough Skin|[of] p1a: Garchomp\n|faint|p1a: Garchomp\n|move|p2a: Sinistcha|Life Dew|p2a: Sinistcha|[spread] p2a,p2b\n|-heal|p2a: Sinistcha|90/100\n|-heal|p2b: Yuji Itadori|60/100\n|move|p1b: Aggron|Body Press|p2b: Yuji Itadori\n|-damage|p2b: Yuji Itadori|10/100\n|\n|upkeep\n|turn|12\n|\n|t:|1776730340\n|move|p2a: Sinistcha|Rage Powder|p2a: Sinistcha\n|-singleturn|p2a: Sinistcha|move: Rage Powder\n|move|p2b: Yuji Itadori|Iron Head|p1b: Aggron\n|-resisted|p1b: Aggron|1\n|-damage|p1b: Aggron|71/100\n|move|p1b: Aggron|Body Press|p2a: Sinistcha\n|-immune|p2a: Sinistcha\n|\n|upkeep\n|turn|13\n|\n|t:|1776730349\n|move|p2a: Sinistcha|Rage Powder|p2a: Sinistcha\n|-singleturn|p2a: Sinistcha|move: Rage Powder\n|move|p2b: Yuji Itadori|Iron Head|p1b: Aggron\n|-resisted|p1b: Aggron|1\n|-damage|p1b: Aggron|62/100\n|move|p1b: Aggron|Heavy Slam|p2a: Sinistcha\n|-damage|p2a: Sinistcha|49/100\n|\n|upkeep\n|turn|14\n|\n|t:|1776730367\n|move|p2b: Yuji Itadori|Iron Head|p1b: Aggron\n|-resisted|p1b: Aggron|1\n|-damage|p1b: Aggron|53/100\n|move|p2a: Sinistcha|Matcha Gotcha|p1b: Aggron\n|-resisted|p1b: Aggron|1\n|-damage|p1b: Aggron|36/100\n|-heal|p2a: Sinistcha|58/100|[from] drain|[of] p1b: Aggron\n|-status|p1b: Aggron|brn\n|move|p1b: Aggron|Heavy Slam|p2a: Sinistcha\n|-damage|p2a: Sinistcha|39/100\n|\n|-damage|p1b: Aggron|30/100 brn|[from] brn\n|upkeep\n|turn|15\n|\n|t:|1776730385\n|move|p2b: Yuji Itadori|Protect|p2b: Yuji Itadori\n|-singleturn|p2b: Yuji Itadori|Protect\n|move|p2a: Sinistcha|Life Dew|p2a: Sinistcha|[spread] p2a,p2b\n|-heal|p2a: Sinistcha|65/100\n|-heal|p2b: Yuji Itadori|35/100\n|move|p1b: Aggron|Heavy Slam|p2a: Sinistcha\n|-damage|p2a: Sinistcha|43/100\n|\n|-damage|p1b: Aggron|24/100 brn|[from] brn\n|upkeep\n|turn|16\n|\n|t:|1776730397\n|move|p2b: Yuji Itadori|Iron Head|p1b: Aggron\n|-resisted|p1b: Aggron|1\n|-damage|p1b: Aggron|15/100 brn\n|move|p2a: Sinistcha|Life Dew|p2a: Sinistcha|[spread] p2a,p2b\n|-heal|p2a: Sinistcha|68/100\n|-heal|p2b: Yuji Itadori|60/100\n|move|p1b: Aggron|Heavy Slam|p2a: Sinistcha\n|-damage|p2a: Sinistcha|50/100\n|\n|-damage|p1b: Aggron|9/100 brn|[from] brn\n|upkeep\n|turn|17\n|\n|t:|1776730410\n|move|p2b: Yuji Itadori|Brave Bird|p1b: Aggron\n|-resisted|p1b: Aggron|1\n|-damage|p1b: Aggron|0 fnt\n|faint|p1b: Aggron\n|-damage|p2b: Yuji Itadori|57/100|[from] Recoil\n|\n|win|Turnip7\n|raw|WanderdRoad's rating: 1044 &rarr; <strong>1032</strong><br />(-12 for losing)\n|raw|Turnip7's rating: 1146 &rarr; <strong>1164</strong><br />(+18 for winning)\n|l|\u2606WanderdRoad\n|player|p1|\n",
  "uploadtime": 1776730420,
  "views": 8,
  "formatid": "gen9championsvgc2026regma",
  "rating": 1032,
  "private": 0,
  "password": null
}