{
  "id": "gen9championsvgc2026regma-2583128200",
  "format": "[Gen 9 Champions] VGC 2026 Reg M-A",
  "players": [
    "RealJCubed",
    "adaaaaaad"
  ],
  "log": "|j|\u2606RealJCubed\n|j|\u2606adaaaaaad\n|t:|1776145389\n|gametype|doubles\n|player|p1|RealJCubed|gentleman|1062\n|player|p2|adaaaaaad|102|1091\n|gen|9\n|tier|[Gen 9 Champions] VGC 2026 Reg M-A\n|rated|\n|rule|Species Clause: Limit one of each Pok\u00e9mon\n|rule|Item Clause: Limit 1 of each item\n|clearpoke\n|poke|p1|Araquanid, L50, M|\n|poke|p1|Greninja-*, L50, F|\n|poke|p1|Pelipper, L50, M|\n|poke|p1|Sneasler, L50, M|\n|poke|p1|Klefki, L50, M|\n|poke|p1|Kleavor, L50, F|\n|poke|p2|Zoroark-Hisui, L50, M|\n|poke|p2|Incineroar, L50, F|\n|poke|p2|Sneasler, L50, F|\n|poke|p2|Milotic, L50, F|\n|poke|p2|Camerupt, L50, M|\n|poke|p2|Charizard, L50, M|\n|teampreview|4\n|\n|t:|1776145418\n|teamsize|p1|4\n|teamsize|p2|4\n|start\n|switch|p1a: Araquanid|Araquanid, L50, M|100/100\n|switch|p1b: Greninja|Greninja, L50, F|100/100\n|switch|p2a: Sneasler|Sneasler, L50, F|100/100\n|switch|p2b: Charizard|Charizard, L50, M, shiny|100/100\n|turn|1\n|\n|t:|1776145447\n|move|p1b: Greninja|Protect|p1b: Greninja\n|-start|p1b: Greninja|typechange|Normal|[from] ability: Protean\n|-singleturn|p1b: Greninja|Protect\n|move|p2b: Charizard|Protect|p2b: Charizard\n|-singleturn|p2b: Charizard|Protect\n|move|p2a: Sneasler|Close Combat|p1b: Greninja\n|-activate|p1b: Greninja|move: Protect\n|move|p1a: Araquanid|Liquidation|p2b: Charizard\n|-activate|p2b: Charizard|move: Protect\n|\n|upkeep\n|turn|2\n|\n|t:|1776145480\n|switch|p1b: Pelipper|Pelipper, L50, M|100/100\n|-weather|RainDance|[from] ability: Drizzle|[of] p1b: Pelipper\n|move|p2a: Sneasler|Close Combat|p1b: Pelipper\n|-resisted|p1b: Pelipper|1\n|-crit|p1b: Pelipper\n|-damage|p1b: Pelipper|59/100\n|-unboost|p2a: Sneasler|def|1\n|-unboost|p2a: Sneasler|spd|1\n|move|p2b: Charizard|Will-O-Wisp|p1b: Pelipper\n|-status|p1b: Pelipper|brn\n|move|p1a: Araquanid|Liquidation|p2b: Charizard\n|-damage|p2b: Charizard|0 fnt\n|replace|p2b: Zoroark|Zoroark-Hisui, L50, M, shiny\n|-end|p2b: Zoroark|Illusion\n|faint|p2b: Zoroark\n|\n|-weather|RainDance|[upkeep]\n|-damage|p1b: Pelipper|53/100 brn|[from] brn\n|upkeep\n|\n|t:|1776145497\n|switch|p2b: Charizard|Charizard, L50, M, shiny|100/100\n|turn|3\n|\n|t:|1776145519\n|switch|p2a: Milotic|Milotic, L50, F, shiny|100/100\n|switch|p1b: Kleavor|Kleavor, L50, F|100/100\n|detailschange|p2b: Charizard|Charizard-Mega-Y, L50, M, shiny\n|-mega|p2b: Charizard|Charizard|Charizardite Y\n|-weather|SunnyDay|[from] ability: Drought|[of] p2b: Charizard\n|move|p2b: Charizard|Heat Wave|p1a: Araquanid|[spread] p1a,p1b\n|-damage|p1a: Araquanid|78/100\n|-damage|p1b: Kleavor|0 fnt\n|faint|p1b: Kleavor\n|move|p1a: Araquanid|Liquidation|p2b: Charizard\n|-supereffective|p2b: Charizard|1\n|-crit|p2b: Charizard\n|-damage|p2b: Charizard|15/100\n|\n|-weather|SunnyDay|[upkeep]\n|-heal|p1a: Araquanid|84/100|[from] item: Leftovers\n|upkeep\n|\n|t:|1776145535\n|switch|p1b: Greninja|Greninja, L50, F|100/100\n|turn|4\n|\n|t:|1776145549\n|detailschange|p1b: Greninja|Greninja-Mega, L50, F\n|-mega|p1b: Greninja|Greninja|Greninjite\n|move|p1b: Greninja|Hydro Pump|p2b: Charizard\n|-start|p1b: Greninja|typechange|Water|[from] ability: Protean\n|-supereffective|p2b: Charizard|1\n|-damage|p2b: Charizard|0 fnt\n|faint|p2b: Charizard\n|move|p2a: Milotic|Alluring Voice|p1b: Greninja\n|-damage|p1b: Greninja|66/100\n|move|p1a: Araquanid|Entrainment|p1b: Greninja\n|-ability|p1b: Greninja|Water Bubble|Protean|[from] move: Entrainment|[of] p1a: Araquanid\n|\n|-weather|SunnyDay|[upkeep]\n|-heal|p1a: Araquanid|90/100|[from] item: Leftovers\n|upkeep\n|\n|t:|1776145562\n|switch|p2b: Sneasler|Sneasler, L50, F|100/100\n|turn|5\n|\n|t:|1776145574\n|switch|p1a: Pelipper|Pelipper, L50, M|53/100 brn\n|-weather|RainDance|[from] ability: Drizzle|[of] p1a: Pelipper\n|move|p1b: Greninja|Protect|p1b: Greninja\n|-singleturn|p1b: Greninja|Protect\n|move|p2b: Sneasler|Fake Out|p1b: Greninja\n|-activate|p1b: Greninja|move: Protect\n|move|p2a: Milotic|Alluring Voice|p1b: Greninja\n|-activate|p1b: Greninja|move: Protect\n|\n|-weather|RainDance|[upkeep]\n|-damage|p1a: Pelipper|47/100 brn|[from] brn\n|upkeep\n|turn|6\n|\n|t:|1776145604\n|move|p1b: Greninja|Hydro Pump|p2b: Sneasler\n|-enditem|p2b: Sneasler|Focus Sash\n|-damage|p2b: Sneasler|1/100\n|move|p2b: Sneasler|Dire Claw|p1b: Greninja\n|-damage|p1b: Greninja|0 fnt\n|faint|p1b: Greninja\n|move|p2a: Milotic|Alluring Voice|p1a: Pelipper\n|-damage|p1a: Pelipper|12/100 brn\n|move|p1a: Pelipper|Hurricane|p2b: Sneasler\n|-supereffective|p2b: Sneasler|1\n|-damage|p2b: Sneasler|0 fnt\n|faint|p2b: Sneasler\n|\n|-weather|RainDance|[upkeep]\n|-damage|p1a: Pelipper|6/100 brn|[from] brn\n|upkeep\n|\n|t:|1776145615\n|switch|p1b: Araquanid|Araquanid, L50, M|90/100\n|turn|7\n|-activate|p1a: Pelipper|item: Quick Claw\n|\n|t:|1776145623\n|move|p1a: Pelipper|Hurricane|p2a: Milotic\n|-damage|p2a: Milotic|76/100\n|move|p2a: Milotic|Alluring Voice|p1b: Araquanid\n|-damage|p1b: Araquanid|72/100\n|move|p1b: Araquanid|Liquidation|p2a: Milotic\n|-resisted|p2a: Milotic|1\n|-damage|p2a: Milotic|37/100\n|\n|-weather|RainDance|[upkeep]\n|-heal|p2a: Milotic|43/100|[from] item: Leftovers\n|-heal|p1b: Araquanid|78/100|[from] item: Leftovers\n|-damage|p1a: Pelipper|0 fnt|[from] brn\n|faint|p1a: Pelipper\n|upkeep\n|turn|8\n|\n|t:|1776145636\n|move|p2a: Milotic|Protect|p2a: Milotic\n|-singleturn|p2a: Milotic|Protect\n|move|p1b: Araquanid|Liquidation|p2a: Milotic\n|-activate|p2a: Milotic|move: Protect\n|\n|-weather|RainDance|[upkeep]\n|-heal|p2a: Milotic|49/100|[from] item: Leftovers\n|-heal|p1b: Araquanid|83/100|[from] item: Leftovers\n|upkeep\n|turn|9\n|\n|t:|1776145644\n|move|p2a: Milotic|Recover|p2a: Milotic\n|-heal|p2a: Milotic|99/100\n|move|p1b: Araquanid|Liquidation|p2a: Milotic\n|-resisted|p2a: Milotic|1\n|-damage|p2a: Milotic|56/100\n|\n|-weather|none\n|-heal|p2a: Milotic|62/100|[from] item: Leftovers\n|-heal|p1b: Araquanid|89/100|[from] item: Leftovers\n|upkeep\n|turn|10\n|\n|t:|1776145672\n|move|p2a: Milotic|Alluring Voice|p1b: Araquanid\n|-crit|p1b: Araquanid\n|-damage|p1b: Araquanid|62/100\n|move|p1b: Araquanid|Entrainment|p2a: Milotic\n|-ability|p2a: Milotic|Water Bubble|Marvel Scale|[from] move: Entrainment|[of] p1b: Araquanid\n|\n|-heal|p2a: Milotic|68/100|[from] item: Leftovers\n|-heal|p1b: Araquanid|68/100|[from] item: Leftovers\n|upkeep\n|turn|11\n|\n|t:|1776145681\n|move|p2a: Milotic|Alluring Voice|p1b: Araquanid\n|-damage|p1b: Araquanid|51/100\n|move|p1b: Araquanid|Skitter Smack|p2a: Milotic\n|-damage|p2a: Milotic|45/100\n|-unboost|p2a: Milotic|spa|1\n|\n|-heal|p2a: Milotic|51/100|[from] item: Leftovers\n|-heal|p1b: Araquanid|57/100|[from] item: Leftovers\n|upkeep\n|turn|12\n|\n|t:|1776145691\n|move|p2a: Milotic|Recover|p2a: Milotic\n|-heal|p2a: Milotic|100/100\n|move|p1b: Araquanid|Skitter Smack|p2a: Milotic\n|-damage|p2a: Milotic|75/100\n|-unboost|p2a: Milotic|spa|1\n|\n|-heal|p2a: Milotic|81/100|[from] item: Leftovers\n|-heal|p1b: Araquanid|63/100|[from] item: Leftovers\n|upkeep\n|turn|13\n|\n|t:|1776145702\n|move|p2a: Milotic|Alluring Voice|p1b: Araquanid\n|-damage|p1b: Araquanid|54/100\n|move|p1b: Araquanid|Skitter Smack|p2a: Milotic\n|-damage|p2a: Milotic|59/100\n|-unboost|p2a: Milotic|spa|1\n|\n|-heal|p2a: Milotic|65/100|[from] item: Leftovers\n|-heal|p1b: Araquanid|60/100|[from] item: Leftovers\n|upkeep\n|turn|14\n|\n|t:|1776145710\n|move|p2a: Milotic|Muddy Water|p1b: Araquanid\n|-resisted|p1b: Araquanid|1\n|-damage|p1b: Araquanid|48/100\n|move|p1b: Araquanid|Skitter Smack|p2a: Milotic|[miss]\n|-miss|p1b: Araquanid|p2a: Milotic\n|\n|-heal|p2a: Milotic|71/100|[from] item: Leftovers\n|-heal|p1b: Araquanid|54/100|[from] item: Leftovers\n|upkeep\n|turn|15\n|\n|t:|1776145717\n|move|p2a: Milotic|Muddy Water|p1b: Araquanid\n|-resisted|p1b: Araquanid|1\n|-damage|p1b: Araquanid|43/100\n|move|p1b: Araquanid|Skitter Smack|p2a: Milotic\n|-damage|p2a: Milotic|48/100\n|-unboost|p2a: Milotic|spa|1\n|\n|-heal|p2a: Milotic|54/100|[from] item: Leftovers\n|-heal|p1b: Araquanid|48/100|[from] item: Leftovers\n|upkeep\n|turn|16\n|\n|t:|1776145725\n|move|p2a: Milotic|Muddy Water|p1b: Araquanid\n|-resisted|p1b: Araquanid|1\n|-damage|p1b: Araquanid|40/100\n|move|p1b: Araquanid|Skitter Smack|p2a: Milotic\n|-damage|p2a: Milotic|33/100\n|-unboost|p2a: Milotic|spa|1\n|\n|-heal|p2a: Milotic|39/100|[from] item: Leftovers\n|-heal|p1b: Araquanid|46/100|[from] item: Leftovers\n|upkeep\n|turn|17\n|\n|t:|1776145734\n|move|p2a: Milotic|Muddy Water|p1b: Araquanid\n|-resisted|p1b: Araquanid|1\n|-damage|p1b: Araquanid|37/100\n|move|p1b: Araquanid|Liquidation|p2a: Milotic\n|-resisted|p2a: Milotic|1\n|-damage|p2a: Milotic|10/100\n|\n|-heal|p2a: Milotic|16/100|[from] item: Leftovers\n|-heal|p1b: Araquanid|43/100|[from] item: Leftovers\n|upkeep\n|turn|18\n|\n|t:|1776145742\n|move|p2a: Milotic|Recover|p2a: Milotic\n|-heal|p2a: Milotic|66/100\n|move|p1b: Araquanid|Skitter Smack|p2a: Milotic\n|-damage|p2a: Milotic|43/100\n|-unboost|p2a: Milotic|spa|1\n|\n|-heal|p2a: Milotic|49/100|[from] item: Leftovers\n|-heal|p1b: Araquanid|48/100|[from] item: Leftovers\n|upkeep\n|turn|19\n|\n|t:|1776145750\n|move|p2a: Milotic|Muddy Water|p1b: Araquanid\n|-resisted|p1b: Araquanid|1\n|-damage|p1b: Araquanid|41/100\n|move|p1b: Araquanid|Skitter Smack|p2a: Milotic|[miss]\n|-miss|p1b: Araquanid|p2a: Milotic\n|\n|-heal|p2a: Milotic|55/100|[from] item: Leftovers\n|-heal|p1b: Araquanid|47/100|[from] item: Leftovers\n|upkeep\n|turn|20\n|\n|t:|1776145759\n|move|p2a: Milotic|Muddy Water|p1b: Araquanid\n|-resisted|p1b: Araquanid|1\n|-damage|p1b: Araquanid|40/100\n|-unboost|p1b: Araquanid|accuracy|1\n|move|p1b: Araquanid|Skitter Smack|p2a: Milotic|[miss]\n|-miss|p1b: Araquanid|p2a: Milotic\n|\n|-heal|p2a: Milotic|61/100|[from] item: Leftovers\n|-heal|p1b: Araquanid|46/100|[from] item: Leftovers\n|upkeep\n|turn|21\n|c|\u2606RealJCubed|this is funny\n|\n|t:|1776145773\n|move|p2a: Milotic|Muddy Water|p1b: Araquanid\n|-resisted|p1b: Araquanid|1\n|-damage|p1b: Araquanid|39/100\n|move|p1b: Araquanid|Liquidation|p2a: Milotic\n|-resisted|p2a: Milotic|1\n|-damage|p2a: Milotic|31/100\n|-unboost|p2a: Milotic|def|1\n|\n|-heal|p2a: Milotic|37/100|[from] item: Leftovers\n|-heal|p1b: Araquanid|44/100|[from] item: Leftovers\n|upkeep\n|turn|22\n|\n|t:|1776145790\n|move|p2a: Milotic|Muddy Water|p1b: Araquanid\n|-resisted|p1b: Araquanid|1\n|-damage|p1b: Araquanid|37/100\n|move|p1b: Araquanid|Liquidation|p2a: Milotic|[miss]\n|-miss|p1b: Araquanid|p2a: Milotic\n|\n|-heal|p2a: Milotic|43/100|[from] item: Leftovers\n|-heal|p1b: Araquanid|43/100|[from] item: Leftovers\n|upkeep\n|turn|23\n|\n|t:|1776145803\n|move|p2a: Milotic|Recover|p2a: Milotic\n|-heal|p2a: Milotic|93/100\n|move|p1b: Araquanid|Lunge|p2a: Milotic\n|-damage|p2a: Milotic|54/100\n|-unboost|p2a: Milotic|atk|1\n|\n|-heal|p2a: Milotic|60/100|[from] item: Leftovers\n|-heal|p1b: Araquanid|48/100|[from] item: Leftovers\n|upkeep\n|turn|24\n|\n|t:|1776145812\n|move|p2a: Milotic|Muddy Water|p1b: Araquanid|[miss]\n|-miss|p2a: Milotic|p1b: Araquanid\n|move|p1b: Araquanid|Skitter Smack|p2a: Milotic\n|-damage|p2a: Milotic|28/100\n|\n|-heal|p2a: Milotic|34/100|[from] item: Leftovers\n|-heal|p1b: Araquanid|54/100|[from] item: Leftovers\n|upkeep\n|turn|25\n|-message|adaaaaaad forfeited.\n|\n|win|RealJCubed\n|raw|RealJCubed's rating: 1062 &rarr; <strong>1095</strong><br />(+33 for winning)\n|raw|adaaaaaad's rating: 1091 &rarr; <strong>1065</strong><br />(-26 for losing)\n|l|\u2606adaaaaaad\n|player|p2|\n",
  "uploadtime": 1776145819,
  "views": 42,
  "formatid": "gen9championsvgc2026regma",
  "rating": 1065,
  "private": 0,
  "password": null
}