{
  "id": "gen9championsvgc2026regma-2587537496",
  "format": "[Gen 9 Champions] VGC 2026 Reg M-A",
  "players": [
    "idkupick1",
    "mrsyrup13"
  ],
  "log": "|j|\u2606idkupick1\n|j|\u2606mrsyrup13\n|t:|1776540344\n|gametype|doubles\n|player|p1|idkupick1|170|1077\n|player|p2|mrsyrup13|n|1052\n|gen|9\n|tier|[Gen 9 Champions] VGC 2026 Reg M-A\n|rated|\n|rule|Species Clause: Limit one of each Pok\u00e9mon\n|rule|Item Clause: Limit 1 of each item\n|clearpoke\n|poke|p1|Meowscarada, L50, M|\n|poke|p1|Tauros-Paldea-Blaze, L50, M|\n|poke|p1|Maushold-Four, L50|\n|poke|p1|Dragapult, L50, M|\n|poke|p1|Whimsicott, L50, M|\n|poke|p1|Hydrapple, L50, M|\n|poke|p2|Aggron, L50, M, shiny|\n|poke|p2|Oranguru, L50, M, shiny|\n|poke|p2|Aerodactyl, L50, F|\n|poke|p2|Floette-Eternal, L50, F|\n|poke|p2|Sinistcha-Masterpiece, L50|\n|poke|p2|Primarina, L50, M, shiny|\n|teampreview|4\n|\n|t:|1776540374\n|teamsize|p1|4\n|teamsize|p2|4\n|start\n|switch|p1a: Meowscarada|Meowscarada, L50, M|100/100\n|switch|p1b: Tauros|Tauros-Paldea-Blaze, L50, M|100/100\n|switch|p2a: Aerodactyl|Aerodactyl, L50, F|100/100\n|switch|p2b: Primarina|Primarina, L50, M, shiny|100/100\n|-ability|p2a: Aerodactyl|Unnerve\n|turn|1\n|\n|t:|1776540395\n|move|p1b: Tauros|Protect|p1b: Tauros\n|-singleturn|p1b: Tauros|Protect\n|move|p1a: Meowscarada|Flower Trick|p2b: Primarina\n|-supereffective|p2b: Primarina|1\n|-crit|p2b: Primarina\n|-damage|p2b: Primarina|19/100\n|move|p2a: Aerodactyl|Tailwind|p2a: Aerodactyl\n|-sidestart|p2: mrsyrup13|move: Tailwind\n|move|p2b: Primarina|Moonblast|p1a: Meowscarada\n|-supereffective|p1a: Meowscarada|1\n|-enditem|p1a: Meowscarada|Focus Sash\n|-damage|p1a: Meowscarada|1/100\n|\n|upkeep\n|turn|2\n|\n|t:|1776540425\n|move|p2a: Aerodactyl|Rock Slide|p1b: Tauros|[spread] p1a,p1b\n|-damage|p1a: Meowscarada|0 fnt\n|-damage|p1b: Tauros|73/100\n|faint|p1a: Meowscarada\n|move|p2b: Primarina|Hyper Voice|p1b: Tauros\n|-supereffective|p1b: Tauros|1\n|-damage|p1b: Tauros|0 fnt\n|faint|p1b: Tauros\n|\n|upkeep\n|\n|t:|1776540429\n|switch|p1a: Maushold|Maushold-Four, L50|100/100\n|switch|p1b: Dragapult|Dragapult, L50, M|100/100\n|turn|3\n|\n|t:|1776540463\n|move|p2a: Aerodactyl|Dual Wingbeat|p1a: Maushold\n|-damage|p1a: Maushold|73/100\n|-damage|p1a: Maushold|47/100\n|-hitcount|p1a: Maushold|2\n|move|p1b: Dragapult|Phantom Force||[still]\n|-prepare|p1b: Dragapult|Phantom Force\n|move|p1a: Maushold|Population Bomb|p2b: Primarina\n|-damage|p2b: Primarina|11/100\n|-damage|p2b: Primarina|4/100\n|-damage|p2b: Primarina|0 fnt\n|faint|p2b: Primarina\n|-hitcount|p2: Primarina|3\n|\n|upkeep\n|\n|t:|1776540485\n|switch|p2b: Floette|Floette-Eternal, L50, F|100/100\n|turn|4\n|\n|t:|1776540497\n|detailschange|p2b: Floette|Floette-Mega, L50, F\n|-mega|p2b: Floette|Floette|Floettite\n|-ability|p2b: Floette|Fairy Aura\n|move|p1a: Maushold|Follow Me|p1a: Maushold\n|-singleturn|p1a: Maushold|move: Follow Me\n|move|p2a: Aerodactyl|Rock Slide|p1a: Maushold|[spread] \n|-miss|p2a: Aerodactyl|p1b: Dragapult\n|-miss|p2a: Aerodactyl|p1a: Maushold\n|move|p2b: Floette|Dazzling Gleam|p1b: Dragapult|[spread] \n|-miss|p2b: Floette|p1b: Dragapult\n|-miss|p2b: Floette|p1a: Maushold\n|move|p1b: Dragapult|Phantom Force|p2a: Aerodactyl|[from] lockedmove\n|-damage|p2a: Aerodactyl|41/100\n|\n|-sideend|p2: mrsyrup13|move: Tailwind\n|upkeep\n|turn|5\n|c|\u2606mrsyrup13|how did dazzling glema miss\n|\n|t:|1776540537\n|move|p1a: Maushold|Follow Me|p1a: Maushold\n|-singleturn|p1a: Maushold|move: Follow Me\n|move|p1b: Dragapult|Curse|p2b: Floette\n|-start|p2b: Floette|Curse|[of] p1b: Dragapult\n|-damage|p1b: Dragapult|51/100\n|move|p2a: Aerodactyl|Tailwind|p2a: Aerodactyl\n|-sidestart|p2: mrsyrup13|move: Tailwind\n|move|p2b: Floette|Dazzling Gleam|p1b: Dragapult|[spread] p1a,p1b\n|-supereffective|p1b: Dragapult|1\n|-damage|p1a: Maushold|0 fnt\n|-damage|p1b: Dragapult|0 fnt\n|faint|p1a: Maushold\n|faint|p1b: Dragapult\n|\n|win|mrsyrup13\n|raw|idkupick1's rating: 1077 &rarr; <strong>1054</strong><br />(-23 for losing)\n|raw|mrsyrup13's rating: 1052 &rarr; <strong>1087</strong><br />(+35 for winning)\n|l|\u2606idkupick1\n|player|p1|\n",
  "uploadtime": 1776540550,
  "views": 28,
  "formatid": "gen9championsvgc2026regma",
  "rating": 1054,
  "private": 0,
  "password": null
}