{
  "id": "gen9championsvgc2026regma-2588401692",
  "format": "[Gen 9 Champions] VGC 2026 Reg M-A",
  "players": [
    "Cayde6ix",
    "Dr. Elite"
  ],
  "log": "|j|\u2606Cayde6ix\n|j|\u2606Dr. Elite\n|t:|1776630449\n|gametype|doubles\n|player|p1|Cayde6ix|red|1102\n|player|p2|Dr. Elite|#drelite|1173\n|gen|9\n|tier|[Gen 9 Champions] VGC 2026 Reg M-A\n|rated|\n|rule|Species Clause: Limit one of each Pok\u00e9mon\n|rule|Item Clause: Limit 1 of each item\n|clearpoke\n|poke|p1|Tyranitar, L50, M, shiny|\n|poke|p1|Steelix, L50, M, shiny|\n|poke|p1|Sneasler, L50, F, shiny|\n|poke|p1|Milotic, L50, M, shiny|\n|poke|p1|Sinistcha, L50, shiny|\n|poke|p1|Arcanine-Hisui, L50, F|\n|poke|p2|Hatterene, L50, F, shiny|\n|poke|p2|Gardevoir, L50, F, shiny|\n|poke|p2|Slowking-Galar, L50, M, shiny|\n|poke|p2|Farigiraf, L50, F, shiny|\n|poke|p2|Slowbro, L50, M, shiny|\n|poke|p2|Armarouge, L50, M, shiny|\n|teampreview|4\n|inactive|Battle timer is ON: inactive players will automatically lose when time's up. (requested by Cayde6ix)\n|inactive|Cayde6ix has 60 seconds left.\n|inactive|Dr. Elite has 60 seconds left.\n|inactive|Cayde6ix has 30 seconds left.\n|inactive|Cayde6ix has 20 seconds left.\n|inactive|Cayde6ix has 15 seconds left.\n|inactive|Cayde6ix has 10 seconds left.\n|\n|t:|1776630534\n|teamsize|p1|4\n|teamsize|p2|4\n|start\n|switch|p1a: Sinistcha|Sinistcha, L50, shiny|100/100\n|switch|p1b: Milotic|Milotic, L50, M, shiny|100/100\n|switch|p2a: Clozapine|Slowbro, L50, M, shiny|100/100\n|switch|p2b: Hatterene|Hatterene, L50, F, shiny|100/100\n|turn|1\n|inactive|Cayde6ix has 30 seconds left.\n|\n|t:|1776630560\n|detailschange|p2a: Clozapine|Slowbro-Mega, L50, M, shiny\n|-mega|p2a: Clozapine|Slowbro|Slowbronite\n|move|p1b: Milotic|Scald|p2b: Hatterene\n|-damage|p2b: Hatterene|66/100\n|move|p2a: Clozapine|Calm Mind|p2a: Clozapine\n|-boost|p2a: Clozapine|spa|1\n|-boost|p2a: Clozapine|spd|1\n|move|p1a: Sinistcha|Trick Room|p1a: Sinistcha\n|-fieldstart|move: Trick Room|[of] p1a: Sinistcha\n|move|p2b: Hatterene|Trick Room|p2b: Hatterene\n|-fieldend|move: Trick Room\n|\n|upkeep\n|turn|2\n|\n|t:|1776630576\n|move|p1b: Milotic|Haze|p1b: Milotic\n|-clearallboost\n|move|p2a: Clozapine|Calm Mind|p2a: Clozapine\n|-boost|p2a: Clozapine|spa|1\n|-boost|p2a: Clozapine|spd|1\n|move|p1a: Sinistcha|Trick Room|p1a: Sinistcha\n|-fieldstart|move: Trick Room|[of] p1a: Sinistcha\n|move|p2b: Hatterene|Trick Room|p2b: Hatterene\n|-fieldend|move: Trick Room\n|\n|upkeep\n|turn|3\n|\n|t:|1776630592\n|move|p1b: Milotic|Haze|p1b: Milotic\n|-clearallboost\n|move|p1a: Sinistcha|Giga Drain|p2a: Clozapine\n|-supereffective|p2a: Clozapine|1\n|-damage|p2a: Clozapine|37/100\n|move|p2a: Clozapine|Calm Mind|p2a: Clozapine\n|-boost|p2a: Clozapine|spa|1\n|-boost|p2a: Clozapine|spd|1\n|move|p2b: Hatterene|Trick Room|p2b: Hatterene\n|-fieldstart|move: Trick Room|[of] p2b: Hatterene\n|\n|upkeep\n|turn|4\n|\n|t:|1776630606\n|move|p2b: Hatterene|Mystical Fire|p1a: Sinistcha\n|-supereffective|p1a: Sinistcha|1\n|-damage|p1a: Sinistcha|29/100\n|-unboost|p1a: Sinistcha|spa|1\n|move|p2a: Clozapine|Slack Off|p2a: Clozapine\n|-heal|p2a: Clozapine|87/100\n|move|p1b: Milotic|Haze|p1b: Milotic\n|-clearallboost\n|move|p1a: Sinistcha|Trick Room|p1a: Sinistcha\n|-fieldend|move: Trick Room\n|\n|upkeep\n|turn|5\n|\n|t:|1776630623\n|move|p1b: Milotic|Scald|p2a: Clozapine\n|-resisted|p2a: Clozapine|1\n|-damage|p2a: Clozapine|75/100\n|-status|p2a: Clozapine|brn\n|move|p1a: Sinistcha|Giga Drain|p2a: Clozapine\n|-supereffective|p2a: Clozapine|1\n|-damage|p2a: Clozapine|9/100 brn\n|-heal|p1a: Sinistcha|73/100|[from] drain|[of] p2a: Clozapine\n|move|p2a: Clozapine|Calm Mind|p2a: Clozapine\n|-boost|p2a: Clozapine|spa|1\n|-boost|p2a: Clozapine|spd|1\n|move|p2b: Hatterene|Trick Room|p2b: Hatterene\n|-fieldstart|move: Trick Room|[of] p2b: Hatterene\n|\n|-damage|p2a: Clozapine|3/100 brn|[from] brn\n|upkeep\n|turn|6\n|\n|t:|1776630644\n|move|p2b: Hatterene|Mystical Fire|p1a: Sinistcha\n|-supereffective|p1a: Sinistcha|1\n|-damage|p1a: Sinistcha|4/100\n|-unboost|p1a: Sinistcha|spa|1\n|move|p2a: Clozapine|Slack Off|p2a: Clozapine\n|-heal|p2a: Clozapine|53/100 brn\n|move|p1a: Sinistcha|Giga Drain|p2a: Clozapine\n|-supereffective|p2a: Clozapine|1\n|-damage|p2a: Clozapine|26/100 brn\n|-heal|p1a: Sinistcha|21/100|[from] drain|[of] p2a: Clozapine\n|move|p1b: Milotic|Scald|p2b: Hatterene\n|-damage|p2b: Hatterene|27/100\n|\n|-damage|p2a: Clozapine|20/100 brn|[from] brn\n|upkeep\n|turn|7\n|inactive|Cayde6ix has 30 seconds left.\n|\n|t:|1776630674\n|move|p2b: Hatterene|Psychic|p1a: Sinistcha\n|-damage|p1a: Sinistcha|0 fnt\n|faint|p1a: Sinistcha\n|move|p2a: Clozapine|Slack Off|p2a: Clozapine\n|-heal|p2a: Clozapine|70/100 brn\n|move|p1b: Milotic|Scald|p2b: Hatterene\n|-damage|p2b: Hatterene|0 fnt\n|faint|p2b: Hatterene\n|\n|-damage|p2a: Clozapine|64/100 brn|[from] brn\n|upkeep\n|\n|t:|1776630682\n|switch|p2b: Lorazepam|Slowking-Galar, L50, M, shiny|100/100\n|switch|p1a: Tyranitar|Tyranitar, L50, M, shiny|100/100\n|-weather|Sandstorm|[from] ability: Sand Stream|[of] p1a: Tyranitar\n|turn|8\n|\n|t:|1776630692\n|move|p2a: Clozapine|Scald|p1a: Tyranitar\n|-supereffective|p1a: Tyranitar|1\n|-damage|p1a: Tyranitar|50/100\n|move|p2b: Lorazepam|Flamethrower|p1a: Tyranitar\n|-resisted|p1a: Tyranitar|1\n|-damage|p1a: Tyranitar|45/100\n|move|p1a: Tyranitar|Crunch|p2a: Clozapine\n|-supereffective|p2a: Clozapine|1\n|-damage|p2a: Clozapine|29/100 brn\n|move|p1b: Milotic|Haze|p1b: Milotic\n|-clearallboost\n|\n|-weather|Sandstorm|[upkeep]\n|-damage|p2a: Clozapine|23/100 brn|[from] Sandstorm\n|-damage|p2b: Lorazepam|95/100|[from] Sandstorm\n|-damage|p1b: Milotic|95/100|[from] Sandstorm\n|-heal|p1b: Milotic|100/100|[from] item: Leftovers\n|-damage|p2a: Clozapine|17/100 brn|[from] brn\n|upkeep\n|turn|9\n|inactive|Cayde6ix has 30 seconds left.\n|inactive|Cayde6ix has 20 seconds left.\n|\n|t:|1776630730\n|move|p2b: Lorazepam|Flamethrower|p1a: Tyranitar\n|-resisted|p1a: Tyranitar|1\n|-damage|p1a: Tyranitar|40/100\n|move|p2a: Clozapine|Scald|p1a: Tyranitar\n|-supereffective|p1a: Tyranitar|1\n|-damage|p1a: Tyranitar|5/100\n|move|p1a: Tyranitar|Crunch|p2a: Clozapine\n|-supereffective|p2a: Clozapine|1\n|-damage|p2a: Clozapine|0 fnt\n|faint|p2a: Clozapine\n|move|p1b: Milotic|Scald|p2b: Lorazepam\n|-damage|p2b: Lorazepam|66/100\n|\n|-weather|Sandstorm|[upkeep]\n|-damage|p2b: Lorazepam|60/100|[from] Sandstorm\n|-damage|p1b: Milotic|95/100|[from] Sandstorm\n|-heal|p1b: Milotic|100/100|[from] item: Leftovers\n|-fieldend|move: Trick Room\n|upkeep\n|\n|t:|1776630738\n|switch|p2a: Escitalopram|Farigiraf, L50, F, shiny|100/100\n|turn|10\n|\n|t:|1776630755\n|switch|p1a: Steelix|Steelix, L50, M, shiny|100/100\n|move|p1b: Milotic|Icy Wind|p2b: Lorazepam|[spread] p2a,p2b\n|-damage|p2a: Escitalopram|89/100\n|-damage|p2b: Lorazepam|50/100\n|-unboost|p2a: Escitalopram|spe|1\n|-unboost|p2b: Lorazepam|spe|1\n|move|p2b: Lorazepam|Sludge Bomb|p1a: Steelix\n|-immune|p1a: Steelix\n|move|p2a: Escitalopram|Trick Room|p2a: Escitalopram\n|-fieldstart|move: Trick Room|[of] p2a: Escitalopram\n|\n|-weather|Sandstorm|[upkeep]\n|-damage|p2b: Lorazepam|44/100|[from] Sandstorm\n|-damage|p2a: Escitalopram|83/100|[from] Sandstorm\n|-damage|p1b: Milotic|95/100|[from] Sandstorm\n|-heal|p1b: Milotic|100/100|[from] item: Leftovers\n|upkeep\n|turn|11\n|inactive|Cayde6ix has 30 seconds left.\n|inactive|Cayde6ix has 20 seconds left.\n|inactive|Cayde6ix has 15 seconds left.\n|inactive|Cayde6ix has 10 seconds left.\n|inactive|Cayde6ix has 5 seconds left.\n|\n|t:|1776630810\n|move|p2b: Lorazepam|Flamethrower|p1a: Steelix\n|-supereffective|p1a: Steelix|1\n|-damage|p1a: Steelix|59/100\n|move|p1a: Steelix|Earthquake|p2a: Escitalopram|[spread] p1b,p2a,p2b\n|-supereffective|p2b: Lorazepam|1\n|-damage|p1b: Milotic|82/100\n|-damage|p2a: Escitalopram|57/100\n|-damage|p2b: Lorazepam|8/100\n|move|p2a: Escitalopram|Nasty Plot|p2a: Escitalopram\n|-boost|p2a: Escitalopram|spa|2\n|move|p1b: Milotic|Scald|p2a: Escitalopram\n|-damage|p2a: Escitalopram|19/100\n|\n|-weather|Sandstorm|[upkeep]\n|-damage|p2b: Lorazepam|2/100|[from] Sandstorm\n|-damage|p2a: Escitalopram|12/100|[from] Sandstorm\n|-damage|p1b: Milotic|77/100|[from] Sandstorm\n|-heal|p1b: Milotic|82/100|[from] item: Leftovers\n|upkeep\n|turn|12\n|\n|t:|1776630830\n|detailschange|p1a: Steelix|Steelix-Mega, L50, M, shiny\n|-mega|p1a: Steelix|Steelix|Steelixite\n|move|p2b: Lorazepam|Flamethrower|p1a: Steelix\n|-supereffective|p1a: Steelix|1\n|-crit|p1a: Steelix\n|-damage|p1a: Steelix|13/100\n|move|p1a: Steelix|Earthquake|p2a: Escitalopram|[spread] p1b,p2a,p2b\n|-supereffective|p2b: Lorazepam|1\n|-damage|p1b: Milotic|49/100\n|-damage|p2a: Escitalopram|0 fnt\n|-damage|p2b: Lorazepam|0 fnt\n|faint|p2a: Escitalopram\n|faint|p2b: Lorazepam\n|\n|win|Cayde6ix\n|raw|Cayde6ix's rating: 1102 &rarr; <strong>1132</strong><br />(+30 for winning)\n|raw|Dr. Elite's rating: 1173 &rarr; <strong>1143</strong><br />(-30 for losing)\n",
  "uploadtime": 1776630839,
  "views": 10,
  "formatid": "gen9championsvgc2026regma",
  "rating": 1132,
  "private": 0,
  "password": null
}