{
  "id": "gen9championsvgc2026regma-2581881369",
  "format": "[Gen 9 Champions] VGC 2026 Reg M-A",
  "players": [
    "johnkharkiv",
    "coscu fan"
  ],
  "log": "|j|\u2606johnkharkiv\n|j|\u2606coscu fan\n|t:|1776036325\n|gametype|doubles\n|player|p1|johnkharkiv|swimmerf-gen4dp|1113\n|player|p2|coscu fan|rosa-masters3|1055\n|gen|9\n|tier|[Gen 9 Champions] VGC 2026 Reg M-A\n|rated|\n|rule|Species Clause: Limit one of each Pok\u00e9mon\n|rule|Item Clause: Limit 1 of each item\n|clearpoke\n|poke|p1|Politoed, L50, F|\n|poke|p1|Chesnaught, L50, M|\n|poke|p1|Sinistcha-Masterpiece, L50|\n|poke|p1|Slowbro, L50, M|\n|poke|p1|Incineroar, L50, M|\n|poke|p1|Aromatisse, L50, F|\n|poke|p2|Incineroar, L50, F|\n|poke|p2|Armarouge, L50, F|\n|poke|p2|Kingambit, L50, M|\n|poke|p2|Sinistcha, L50|\n|poke|p2|Torkoal, L50, M|\n|poke|p2|Feraligatr, L50, M|\n|teampreview|4\n|inactive|Battle timer is ON: inactive players will automatically lose when time's up. (requested by coscu fan)\n|\n|t:|1776036359\n|teamsize|p1|4\n|teamsize|p2|4\n|start\n|switch|p1a: Chesnutty|Chesnaught, L50, M|100/100\n|switch|p1b: Psycho Killer|Slowbro, L50, M, shiny|100/100\n|switch|p2a: Kingambit|Kingambit, L50, M|100/100\n|switch|p2b: Sinistcha|Sinistcha, L50|100/100\n|turn|1\n|\n|t:|1776036383\n|move|p2b: Sinistcha|Rage Powder|p2b: Sinistcha\n|-singleturn|p2b: Sinistcha|move: Rage Powder\n|move|p1a: Chesnutty|Drain Punch|p2a: Kingambit\n|-supereffective|p2a: Kingambit|2\n|-enditem|p2a: Kingambit|Focus Sash\n|-damage|p2a: Kingambit|1/100\n|move|p2a: Kingambit|Night Slash|p1b: Psycho Killer\n|-supereffective|p1b: Psycho Killer|1\n|-enditem|p1b: Psycho Killer|Colbur Berry|[eat]\n|-enditem|p1b: Psycho Killer|Colbur Berry|[weaken]\n|-damage|p1b: Psycho Killer|67/100\n|move|p1b: Psycho Killer|Trick Room|p1b: Psycho Killer\n|-fieldstart|move: Trick Room|[of] p1b: Psycho Killer\n|\n|upkeep\n|turn|2\n|inactive|johnkharkiv has 30 seconds left.\n|inactive|coscu fan has 30 seconds left.\n|inactive|johnkharkiv has 20 seconds left.\n|inactive|coscu fan has 20 seconds left.\n|inactive|johnkharkiv has 15 seconds left.\n|inactive|johnkharkiv has 10 seconds left.\n|inactive|coscu fan has 15 seconds left.\n|\n|t:|1776036429\n|switch|p1b: Tea Girl|Sinistcha-Masterpiece, L50|100/100\n|move|p2b: Sinistcha|Rage Powder|p2b: Sinistcha\n|-singleturn|p2b: Sinistcha|move: Rage Powder\n|move|p2a: Kingambit|Night Slash|p1b: Tea Girl\n|-supereffective|p1b: Tea Girl|1\n|-damage|p1b: Tea Girl|24/100\n|-enditem|p1b: Tea Girl|Sitrus Berry|[eat]\n|-heal|p1b: Tea Girl|49/100|[from] item: Sitrus Berry\n|move|p1a: Chesnutty|Belly Drum|p1a: Chesnutty\n|-damage|p1a: Chesnutty|51/100\n|-setboost|p1a: Chesnutty|atk|6|[from] move: Belly Drum\n|\n|upkeep\n|turn|3\n|\n|t:|1776036452\n|move|p2b: Sinistcha|Rage Powder|p2b: Sinistcha\n|-singleturn|p2b: Sinistcha|move: Rage Powder\n|move|p2a: Kingambit|Night Slash|p1b: Tea Girl\n|-supereffective|p1b: Tea Girl|1\n|-crit|p1b: Tea Girl\n|-damage|p1b: Tea Girl|0 fnt\n|faint|p1b: Tea Girl\n|move|p1a: Chesnutty|Grassy Glide|p2a: Kingambit\n|-resisted|p2a: Kingambit|1\n|-damage|p2a: Kingambit|0 fnt\n|faint|p2a: Kingambit\n|-end|p2a: Kingambit|fallenundefined|[silent]\n|\n|upkeep\n|\n|t:|1776036464\n|switch|p2a: Torkoal|Torkoal, L50, M|100/100\n|switch|p1b: Psycho Killer|Slowbro, L50, M, shiny|67/100\n|-weather|SunnyDay|[from] ability: Drought|[of] p2a: Torkoal\n|turn|4\n|\n|t:|1776036481\n|switch|p1b: The OG Pelipper|Politoed, L50, F, shiny|100/100\n|-weather|RainDance|[from] ability: Drizzle|[of] p1b: The OG Pelipper\n|move|p1a: Chesnutty|Spiky Shield|p1a: Chesnutty\n|-singleturn|p1a: Chesnutty|move: Protect\n|move|p2a: Torkoal|Eruption|p1a: Chesnutty|[spread] p1b\n|-activate|p1a: Chesnutty|move: Protect\n|-resisted|p1b: The OG Pelipper|1\n|-damage|p1b: The OG Pelipper|86/100\n|move|p2b: Sinistcha|Matcha Gotcha|p1b: The OG Pelipper|[spread] p1b\n|-activate|p1a: Chesnutty|move: Protect\n|-supereffective|p1b: The OG Pelipper|1\n|-damage|p1b: The OG Pelipper|39/100\n|\n|-weather|RainDance|[upkeep]\n|upkeep\n|turn|5\n|\n|t:|1776036504\n|switch|p1b: Psycho Killer|Slowbro, L50, M, shiny|67/100\n|detailschange|p1a: Chesnutty|Chesnaught-Mega, L50, M\n|-mega|p1a: Chesnutty|Chesnaught|Chesnaughtite\n|move|p2a: Torkoal|Eruption|p1b: Psycho Killer|[spread] p1a,p1b\n|-supereffective|p1a: Chesnutty|1\n|-resisted|p1b: Psycho Killer|1\n|-damage|p1a: Chesnutty|10/100\n|-damage|p1b: Psycho Killer|56/100\n|move|p1a: Chesnutty|Drain Punch|p2a: Torkoal\n|-damage|p2a: Torkoal|0 fnt\n|-heal|p1a: Chesnutty|54/100|[from] drain|[of] p2a: Torkoal\n|faint|p2a: Torkoal\n|move|p2b: Sinistcha|Matcha Gotcha|p1b: Psycho Killer|[spread] p1a,p1b\n|-resisted|p1a: Chesnutty|1\n|-supereffective|p1b: Psycho Killer|1\n|-damage|p1a: Chesnutty|45/100\n|-damage|p1b: Psycho Killer|12/100\n|\n|-weather|RainDance|[upkeep]\n|-fieldend|move: Trick Room\n|upkeep\n|\n|t:|1776036513\n|switch|p2a: Feraligatr|Feraligatr, L50, M|100/100\n|turn|6\n|\n|t:|1776036536\n|detailschange|p2a: Feraligatr|Feraligatr-Mega, L50, M\n|-mega|p2a: Feraligatr|Feraligatr|Feraligite\n|move|p2a: Feraligatr|Protect|p2a: Feraligatr\n|-singleturn|p2a: Feraligatr|Protect\n|move|p1a: Chesnutty|Drain Punch|p2a: Feraligatr\n|-activate|p2a: Feraligatr|move: Protect\n|move|p2b: Sinistcha|Trick Room|p2b: Sinistcha\n|-fieldstart|move: Trick Room|[of] p2b: Sinistcha\n|move|p1b: Psycho Killer|Trick Room|p1b: Psycho Killer\n|-fieldend|move: Trick Room\n|\n|-weather|RainDance|[upkeep]\n|upkeep\n|turn|7\n|\n|t:|1776036561\n|move|p2a: Feraligatr|Protect||[still]\n|-fail|p2a: Feraligatr\n|move|p2b: Sinistcha|Strength Sap|p1a: Chesnutty\n|-unboost|p1a: Chesnutty|atk|1\n|move|p1a: Chesnutty|Drain Punch|p2a: Feraligatr\n|-damage|p2a: Feraligatr|0 fnt\n|-heal|p1a: Chesnutty|100/100|[from] drain|[of] p2a: Feraligatr\n|faint|p2a: Feraligatr\n|move|p1b: Psycho Killer|Trick Room|p1b: Psycho Killer\n|-fieldstart|move: Trick Room|[of] p1b: Psycho Killer\n|\n|-weather|RainDance|[upkeep]\n|upkeep\n|turn|8\n|\n|t:|1776036579\n|move|p1b: Psycho Killer|Psych Up|p1a: Chesnutty\n|-copyboost|p1b: Psycho Killer|p1a: Chesnutty|[from] move: Psych Up\n|move|p1a: Chesnutty|Grassy Glide|p2b: Sinistcha\n|-resisted|p2b: Sinistcha|1\n|-damage|p2b: Sinistcha|59/100\n|move|p2b: Sinistcha|Matcha Gotcha|p1b: Psycho Killer|[spread] p1a\n|-miss|p2b: Sinistcha|p1b: Psycho Killer\n|-resisted|p1a: Chesnutty|1\n|-damage|p1a: Chesnutty|92/100\n|-heal|p2b: Sinistcha|63/100|[from] drain|[of] p1a: Chesnutty\n|\n|-weather|none\n|upkeep\n|turn|9\n|\n|t:|1776036598\n|move|p1b: Psycho Killer|Liquidation|p2b: Sinistcha\n|-resisted|p2b: Sinistcha|1\n|-damage|p2b: Sinistcha|25/100\n|-enditem|p2b: Sinistcha|Sitrus Berry|[eat]\n|-heal|p2b: Sinistcha|49/100|[from] item: Sitrus Berry\n|move|p1a: Chesnutty|Grassy Glide|p2b: Sinistcha\n|-resisted|p2b: Sinistcha|1\n|-crit|p2b: Sinistcha\n|-damage|p2b: Sinistcha|0 fnt\n|faint|p2b: Sinistcha\n|\n|win|johnkharkiv\n|raw|johnkharkiv's rating: 1113 &rarr; <strong>1134</strong><br />(+21 for winning)\n|raw|coscu fan's rating: 1055 &rarr; <strong>1040</strong><br />(-15 for losing)\n|l|\u2606coscu fan\n|player|p2|\n",
  "uploadtime": 1776036797,
  "views": 18,
  "formatid": "gen9championsvgc2026regma",
  "rating": 1040,
  "private": 0,
  "password": null
}