{
  "id": "gen9championsvgc2026regma-2585951738",
  "format": "[Gen 9 Champions] VGC 2026 Reg M-A",
  "players": [
    "mestreguto",
    "dune's kitchen"
  ],
  "log": "|j|\u2606mestreguto\n|j|\u2606dune's kitchen\n|t:|1776384484\n|gametype|doubles\n|player|p1|mestreguto|2|1054\n|player|p2|dune's kitchen|baker|1052\n|gen|9\n|tier|[Gen 9 Champions] VGC 2026 Reg M-A\n|rated|\n|rule|Species Clause: Limit one of each Pok\u00e9mon\n|rule|Item Clause: Limit 1 of each item\n|clearpoke\n|poke|p1|Rotom-Wash, L50|\n|poke|p1|Garchomp, L50, M|\n|poke|p1|Incineroar, L50, M|\n|poke|p1|Floette-Eternal, L50, F|\n|poke|p1|Aerodactyl, L50, M|\n|poke|p1|Sneasler, L50, M|\n|poke|p2|Passimian, L50, F|\n|poke|p2|Scovillain, L50, M|\n|poke|p2|Torkoal, L50, F|\n|poke|p2|Hatterene, L50, F|\n|poke|p2|Maushold, L50|\n|poke|p2|Goodra-Hisui, L50, M|\n|teampreview|4\n|\n|t:|1776384507\n|teamsize|p1|4\n|teamsize|p2|4\n|start\n|switch|p1a: Garchomp|Garchomp, L50, M|100/100\n|switch|p1b: Aerodactyl|Aerodactyl, L50, M|100/100\n|switch|p2a: Scovillain|Scovillain, L50, M|100/100\n|switch|p2b: Passimian|Passimian, L50, F|100/100\n|-ability|p1b: Aerodactyl|Unnerve\n|turn|1\n|\n|t:|1776384536\n|detailschange|p2a: Scovillain|Scovillain-Mega, L50, M\n|-mega|p2a: Scovillain|Scovillain|Scovillainite\n|move|p2a: Scovillain|Rage Powder|p2a: Scovillain\n|-singleturn|p2a: Scovillain|move: Rage Powder\n|move|p1a: Garchomp|Earthquake|p2b: Passimian|[spread] p2a,p2b\n|-immune|p1b: Aerodactyl\n|-damage|p2a: Scovillain|46/100\n|-damage|p2b: Passimian|57/100\n|-status|p1a: Garchomp|brn|[from] ability: Spicy Spray|[of] p2a: Scovillain\n|move|p1b: Aerodactyl|Dual Wingbeat|p2a: Scovillain\n|-supereffective|p2a: Scovillain|1\n|-damage|p2a: Scovillain|3/100\n|-status|p1b: Aerodactyl|brn|[from] ability: Spicy Spray|[of] p2a: Scovillain\n|-supereffective|p2a: Scovillain|1\n|-damage|p2a: Scovillain|0 fnt\n|faint|p2a: Scovillain\n|-ability|p2b: Passimian|Spicy Spray|Receiver|[from] ability: Receiver|[of] p2a: Scovillain\n|-hitcount|p2: Scovillain|2\n|move|p2b: Passimian|Rock Slide|p1b: Aerodactyl|[spread] p1b\n|-miss|p2b: Passimian|p1a: Garchomp\n|-supereffective|p1b: Aerodactyl|1\n|-damage|p1b: Aerodactyl|37/100 brn\n|\n|-damage|p1a: Garchomp|94/100 brn|[from] brn\n|-damage|p1b: Aerodactyl|31/100 brn|[from] brn\n|upkeep\n|\n|t:|1776384539\n|switch|p2a: Hatterene|Hatterene, L50, F|100/100\n|turn|2\n|\n|t:|1776384579\n|move|p2b: Passimian|Protect|p2b: Passimian\n|-singleturn|p2b: Passimian|Protect\n|move|p1a: Garchomp|Earthquake|p2a: Hatterene|[spread] p2a\n|-activate|p2b: Passimian|move: Protect\n|-immune|p1b: Aerodactyl\n|-damage|p2a: Hatterene|79/100\n|move|p1b: Aerodactyl|Dual Wingbeat|p2b: Passimian\n|-activate|p2b: Passimian|move: Protect\n|move|p2a: Hatterene|Trick Room|p2a: Hatterene\n|-fieldstart|move: Trick Room|[of] p2a: Hatterene\n|\n|-damage|p1b: Aerodactyl|26/100 brn|[from] brn\n|-damage|p1a: Garchomp|88/100 brn|[from] brn\n|upkeep\n|turn|3\n|\n|t:|1776384600\n|switch|p1a: Floette|Floette-Eternal, L50, F|100/100\n|move|p2a: Hatterene|Calm Mind|p2a: Hatterene\n|-boost|p2a: Hatterene|spa|1\n|-boost|p2a: Hatterene|spd|1\n|move|p2b: Passimian|Rock Slide|p1b: Aerodactyl|[spread] p1a,p1b\n|-supereffective|p1b: Aerodactyl|1\n|-damage|p1a: Floette|72/100\n|-damage|p1b: Aerodactyl|0 fnt\n|faint|p1b: Aerodactyl\n|\n|upkeep\n|\n|t:|1776384608\n|switch|p1b: Sneasler|Sneasler, L50, M|100/100\n|turn|4\n|\n|t:|1776384640\n|detailschange|p1a: Floette|Floette-Mega, L50, F\n|-mega|p1a: Floette|Floette|Floettite\n|-ability|p1a: Floette|Fairy Aura\n|move|p1a: Floette|Protect|p1a: Floette\n|-singleturn|p1a: Floette|Protect\n|move|p2b: Passimian|Upper Hand|p1b: Sneasler\n|-resisted|p1b: Sneasler|1\n|-damage|p1b: Sneasler|75/100\n|cant|p1b: Sneasler|flinch\n|move|p2a: Hatterene|Draining Kiss|p1a: Floette\n|-activate|p1a: Floette|move: Protect\n|\n|upkeep\n|turn|5\n|\n|t:|1776384672\n|switch|p2a: Torkoal|Torkoal, L50, F|100/100\n|-weather|SunnyDay|[from] ability: Drought|[of] p2a: Torkoal\n|switch|p1a: Garchomp|Garchomp, L50, M|88/100 brn\n|move|p2b: Passimian|Close Combat|p1b: Sneasler\n|-resisted|p1b: Sneasler|1\n|-damage|p1b: Sneasler|22/100\n|-unboost|p2b: Passimian|def|1\n|-unboost|p2b: Passimian|spd|1\n|-enditem|p2b: Passimian|White Herb\n|-clearnegativeboost|p2b: Passimian|[silent]\n|move|p1b: Sneasler|Dire Claw|p2a: Torkoal\n|-damage|p2a: Torkoal|69/100\n|\n|-weather|SunnyDay|[upkeep]\n|-damage|p1a: Garchomp|82/100 brn|[from] brn\n|upkeep\n|turn|6\n|\n|t:|1776384724\n|move|p2a: Torkoal|Protect|p2a: Torkoal\n|-singleturn|p2a: Torkoal|Protect\n|move|p2b: Passimian|Protect|p2b: Passimian\n|-singleturn|p2b: Passimian|Protect\n|move|p1b: Sneasler|Protect|p1b: Sneasler\n|-singleturn|p1b: Sneasler|Protect\n|move|p1a: Garchomp|Earthquake|p2a: Torkoal|[spread] \n|-activate|p1b: Sneasler|move: Protect\n|-activate|p2a: Torkoal|move: Protect\n|-activate|p2b: Passimian|move: Protect\n|\n|-weather|SunnyDay|[upkeep]\n|-damage|p1a: Garchomp|76/100 brn|[from] brn\n|-fieldend|move: Trick Room\n|upkeep\n|turn|7\n|\n|t:|1776384746\n|move|p1a: Garchomp|Earthquake|p2a: Torkoal|[spread] p1b,p2a,p2b\n|-supereffective|p1b: Sneasler|1\n|-supereffective|p2a: Torkoal|1\n|-damage|p1b: Sneasler|0 fnt\n|-damage|p2a: Torkoal|38/100\n|-damage|p2b: Passimian|35/100\n|faint|p1b: Sneasler\n|move|p2b: Passimian|Close Combat|p1a: Garchomp\n|-damage|p1a: Garchomp|14/100 brn\n|-unboost|p2b: Passimian|def|1\n|-unboost|p2b: Passimian|spd|1\n|move|p2a: Torkoal|Heat Wave|p1a: Garchomp\n|-resisted|p1a: Garchomp|1\n|-damage|p1a: Garchomp|0 fnt\n|faint|p1a: Garchomp\n|\n|-weather|SunnyDay|[upkeep]\n|upkeep\n|\n|t:|1776384755\n|switch|p1a: Floette|Floette-Mega, L50, F|72/100\n|-ability|p1a: Floette|Fairy Aura\n|turn|8\n|\n|t:|1776384765\n|move|p1a: Floette|Dazzling Gleam|p2b: Passimian|[spread] p2a,p2b\n|-resisted|p2a: Torkoal|1\n|-supereffective|p2b: Passimian|1\n|-damage|p2a: Torkoal|17/100\n|-damage|p2b: Passimian|0 fnt\n|-status|p1a: Floette|brn|[from] ability: Spicy Spray|[of] p2b: Passimian\n|faint|p2b: Passimian\n|move|p2a: Torkoal|Heat Wave|p1a: Floette\n|-damage|p1a: Floette|6/100 brn\n|\n|-weather|SunnyDay|[upkeep]\n|-damage|p1a: Floette|0 fnt|[from] brn\n|faint|p1a: Floette\n|\n|win|dune's kitchen\n|raw|mestreguto's rating: 1054 &rarr; <strong>1036</strong><br />(-18 for losing)\n|raw|dune&apos;s kitchen's rating: 1052 &rarr; <strong>1084</strong><br />(+32 for winning)\n|l|\u2606mestreguto\n|player|p1|\n",
  "uploadtime": 1776384773,
  "views": 28,
  "formatid": "gen9championsvgc2026regma",
  "rating": 1036,
  "private": 0,
  "password": null
}