{
  "id": "gen9championsvgc2026regma-2585989548",
  "format": "[Gen 9 Champions] VGC 2026 Reg M-A",
  "players": [
    "supjut",
    "medic445"
  ],
  "log": "|j|\u2606supjut\n|j|\u2606medic445\n|t:|1776388032\n|gametype|doubles\n|player|p1|supjut|101|1073\n|player|p2|medic445|cheryl|1000\n|gen|9\n|tier|[Gen 9 Champions] VGC 2026 Reg M-A\n|rated|\n|rule|Species Clause: Limit one of each Pok\u00e9mon\n|rule|Item Clause: Limit 1 of each item\n|clearpoke\n|poke|p1|Ninetales-Alola, L50, F|\n|poke|p1|Gliscor, L50, F|\n|poke|p1|Rotom-Frost, L50|\n|poke|p1|Incineroar, L50, F|\n|poke|p1|Aggron, L50, M|\n|poke|p1|Palafin, L50, F|\n|poke|p2|Aggron, L50, F|\n|poke|p2|Aerodactyl, L50, F|\n|poke|p2|Arcanine-Hisui, L50, M|\n|poke|p2|Gardevoir, L50, F|\n|poke|p2|Garchomp, L50, F|\n|poke|p2|Sinistcha, L50|\n|teampreview|4\n|\n|t:|1776388067\n|teamsize|p1|4\n|teamsize|p2|4\n|start\n|switch|p1a: Ninetales|Ninetales-Alola, L50, F|100/100\n|switch|p1b: Gliscor|Gliscor, L50, F|100/100\n|switch|p2a: Garchomp|Garchomp, L50, F|100/100\n|switch|p2b: Aerodactyl|Aerodactyl, L50, F|100/100\n|-ability|p2b: Aerodactyl|Unnerve\n|-weather|Snowscape|[from] ability: Snow Warning|[of] p1a: Ninetales\n|turn|1\n|inactive|Battle timer is ON: inactive players will automatically lose when time's up. (requested by supjut)\n|\n|t:|1776388091\n|move|p2a: Garchomp|Poison Jab|p1a: Ninetales\n|-supereffective|p1a: Ninetales|1\n|-damage|p1a: Ninetales|46/100\n|move|p2b: Aerodactyl|Tailwind|p2b: Aerodactyl\n|-sidestart|p2: medic445|move: Tailwind\n|move|p1a: Ninetales|Blizzard|p2b: Aerodactyl|[spread] p2a,p2b\n|-supereffective|p2a: Garchomp|2\n|-supereffective|p2b: Aerodactyl|1\n|-damage|p2a: Garchomp|0 fnt\n|-damage|p2b: Aerodactyl|25/100\n|faint|p2a: Garchomp\n|move|p1b: Gliscor|Rock Slide|p2b: Aerodactyl\n|-supereffective|p2b: Aerodactyl|1\n|-damage|p2b: Aerodactyl|0 fnt\n|faint|p2b: Aerodactyl\n|\n|-weather|Snowscape|[upkeep]\n|upkeep\n|\n|t:|1776388102\n|switch|p2b: Sinistcha|Sinistcha, L50|100/100\n|switch|p2a: Aggron|Aggron, L50, F, shiny|100/100\n|turn|2\n|\n|t:|1776388119\n|switch|p1b: Rotom|Rotom-Frost, L50|100/100\n|detailschange|p2a: Aggron|Aggron-Mega, L50, F, shiny\n|-mega|p2a: Aggron|Aggron|Aggronite\n|move|p2b: Sinistcha|Stun Spore|p1a: Ninetales\n|-status|p1a: Ninetales|par\n|move|p2a: Aggron|Body Press|p1b: Rotom\n|-supereffective|p1b: Rotom|1\n|-damage|p1b: Rotom|44/100\n|cant|p1a: Ninetales|par\n|\n|-weather|Snowscape|[upkeep]\n|upkeep\n|turn|3\n|inactive|medic445 has 30 seconds left.\n|\n|t:|1776388147\n|move|p2b: Sinistcha|Stun Spore|p1b: Rotom\n|-immune|p1b: Rotom\n|move|p2a: Aggron|Heavy Slam|p1a: Ninetales\n|-supereffective|p1a: Ninetales|2\n|-damage|p1a: Ninetales|0 fnt\n|faint|p1a: Ninetales\n|move|p1b: Rotom|Blizzard|p2a: Aggron|[spread] p2a,p2b\n|-resisted|p2a: Aggron|1\n|-crit|p2a: Aggron\n|-supereffective|p2b: Sinistcha|1\n|-damage|p2a: Aggron|56/100\n|-damage|p2b: Sinistcha|23/100\n|\n|-weather|Snowscape|[upkeep]\n|-heal|p2b: Sinistcha|29/100|[from] item: Leftovers\n|upkeep\n|\n|t:|1776388161\n|switch|p1a: Gliscor|Gliscor, L50, F|100/100\n|turn|4\n|\n|t:|1776388180\n|switch|p1b: Aggron|Aggron, L50, M|100/100\n|move|p2b: Sinistcha|Matcha Gotcha|p1a: Gliscor|[spread] p1a,p1b\n|-damage|p1a: Gliscor|62/100\n|-heal|p2b: Sinistcha|46/100|[from] drain|[of] p1a: Gliscor\n|-damage|p1b: Aggron|75/100\n|-heal|p2b: Sinistcha|59/100|[from] drain|[of] p1b: Aggron\n|move|p1a: Gliscor|Dual Wingbeat|p2b: Sinistcha\n|-supereffective|p2b: Sinistcha|1\n|-damage|p2b: Sinistcha|28/100\n|-supereffective|p2b: Sinistcha|1\n|-crit|p2b: Sinistcha\n|-damage|p2b: Sinistcha|0 fnt\n|faint|p2b: Sinistcha\n|-hitcount|p2: Sinistcha|2\n|move|p2a: Aggron|Heavy Slam|p1a: Gliscor\n|-damage|p1a: Gliscor|3/100\n|\n|-weather|Snowscape|[upkeep]\n|-heal|p1a: Gliscor|9/100|[from] item: Leftovers\n|-sideend|p2: medic445|move: Tailwind\n|upkeep\n|turn|5\n|inactive|supjut has 30 seconds left.\n|\n|t:|1776388208\n|switch|p1a: Rotom|Rotom-Frost, L50|44/100\n|detailschange|p1b: Aggron|Aggron-Mega, L50, M\n|-mega|p1b: Aggron|Aggron|Aggronite\n|move|p2a: Aggron|Body Press|p1b: Aggron\n|-supereffective|p1b: Aggron|1\n|-damage|p1b: Aggron|46/100\n|move|p1b: Aggron|Iron Defense|p1b: Aggron\n|-boost|p1b: Aggron|def|2\n|\n|-weather|none\n|upkeep\n|turn|6\n|\n|t:|1776388224\n|move|p1a: Rotom|Helping Hand|p1b: Aggron\n|-singleturn|p1b: Aggron|Helping Hand|[of] p1a: Rotom\n|move|p2a: Aggron|Thunder Wave|p1b: Aggron\n|-status|p1b: Aggron|par\n|move|p1b: Aggron|Body Press|p2a: Aggron\n|-supereffective|p2a: Aggron|1\n|-damage|p2a: Aggron|0 fnt\n|faint|p2a: Aggron\n|\n|win|supjut\n|raw|supjut's rating: 1073 &rarr; <strong>1096</strong><br />(+23 for winning)\n|raw|medic445's rating: 1000 &rarr; <strong>1000</strong><br />(+0 for losing)\n|l|\u2606medic445\n|player|p2|\n",
  "uploadtime": 1776388235,
  "views": 34,
  "formatid": "gen9championsvgc2026regma",
  "rating": 1000,
  "private": 0,
  "password": null
}