{
  "id": "gen9championsvgc2026regma-2583403612",
  "format": "[Gen 9 Champions] VGC 2026 Reg M-A",
  "players": [
    "ronjansje",
    "Ongalabong"
  ],
  "log": "|j|\u2606ronjansje\n|j|\u2606Ongalabong\n|t:|1776173319\n|gametype|doubles\n|player|p1|ronjansje|ninjaboy|1141\n|player|p2|Ongalabong|266|1195\n|gen|9\n|tier|[Gen 9 Champions] VGC 2026 Reg M-A\n|rated|\n|rule|Species Clause: Limit one of each Pok\u00e9mon\n|rule|Item Clause: Limit 1 of each item\n|clearpoke\n|poke|p1|Golurk, L50|\n|poke|p1|Farigiraf, L50, M|\n|poke|p1|Incineroar, L50, F|\n|poke|p1|Torkoal, L50, M|\n|poke|p1|Sneasler, L50, F|\n|poke|p1|Venusaur, L50, M|\n|poke|p2|Scovillain, L50, F|\n|poke|p2|Tyranitar, L50, F|\n|poke|p2|Sneasler, L50, F|\n|poke|p2|Lycanroc, L50, F|\n|poke|p2|Incineroar, L50, M|\n|poke|p2|Primarina, L50, M|\n|teampreview|4\n|inactive|Battle timer is ON: inactive players will automatically lose when time's up. (requested by ronjansje)\nronjansje rejected open team sheets.\n|inactive|ronjansje has 60 seconds left.\n|\n|t:|1776173363\n|teamsize|p1|4\n|teamsize|p2|4\n|start\n|switch|p1a: Farigiraf|Farigiraf, L50, M, shiny|100/100\n|switch|p1b: Venusaur|Venusaur, L50, M, shiny|100/100\n|switch|p2a: Primarina|Primarina, L50, M|100/100\n|switch|p2b: Scovillain|Scovillain, L50, F|100/100\n|turn|1\n|\n|t:|1776173377\n|detailschange|p2b: Scovillain|Scovillain-Mega, L50, F\n|-mega|p2b: Scovillain|Scovillain|Scovillainite\n|move|p1a: Farigiraf|Helping Hand|p1b: Venusaur\n|-singleturn|p1b: Venusaur|Helping Hand|[of] p1a: Farigiraf\n|move|p1b: Venusaur|Sludge Bomb|p2b: Scovillain\n|-supereffective|p2b: Scovillain|1\n|-damage|p2b: Scovillain|0 fnt\n|-status|p1b: Venusaur|brn|[from] ability: Spicy Spray|[of] p2b: Scovillain\n|faint|p2b: Scovillain\n|move|p2a: Primarina|Calm Mind|p2a: Primarina\n|-boost|p2a: Primarina|spa|1\n|-boost|p2a: Primarina|spd|1\n|\n|-damage|p1b: Venusaur|95/100 brn|[from] brn\n|upkeep\n|\n|t:|1776173387\n|switch|p2b: Incineroar|Incineroar, L50, M|100/100\n|-ability|p2b: Incineroar|Intimidate|boost\n|-unboost|p1a: Farigiraf|atk|1\n|-unboost|p1b: Venusaur|atk|1\n|turn|2\n|\n|t:|1776173414\n|move|p1b: Venusaur|Sleep Powder|p2a: Primarina|[miss]\n|-miss|p1b: Venusaur|p2a: Primarina\n|move|p2a: Primarina|Hyper Voice|p1a: Farigiraf|[spread] p1a,p1b\n|-resisted|p1b: Venusaur|1\n|-damage|p1a: Farigiraf|55/100\n|-damage|p1b: Venusaur|65/100 brn\n|move|p2b: Incineroar|Throat Chop|p1a: Farigiraf\n|-supereffective|p1a: Farigiraf|1\n|-damage|p1a: Farigiraf|1/100\n|-start|p1a: Farigiraf|Throat Chop|[silent]\n|-enditem|p1a: Farigiraf|Sitrus Berry|[eat]\n|-heal|p1a: Farigiraf|26/100|[from] item: Sitrus Berry\n|move|p1a: Farigiraf|Trick Room|p1a: Farigiraf\n|-fieldstart|move: Trick Room|[of] p1a: Farigiraf\n|\n|-damage|p1b: Venusaur|59/100 brn|[from] brn\n|upkeep\n|turn|3\n|inactive|ronjansje has 30 seconds left.\n|\n|t:|1776173446\n|move|p1a: Farigiraf|Helping Hand|p1b: Venusaur\n|-singleturn|p1b: Venusaur|Helping Hand|[of] p1a: Farigiraf\n|move|p2a: Primarina|Hyper Voice|p1b: Venusaur|[spread] p1a,p1b\n|-resisted|p1b: Venusaur|1\n|-damage|p1a: Farigiraf|0 fnt\n|-damage|p1b: Venusaur|31/100 brn\n|faint|p1a: Farigiraf\n|move|p2b: Incineroar|Parting Shot|p1b: Venusaur\n|-unboost|p1b: Venusaur|atk|1\n|-unboost|p1b: Venusaur|spa|1\n|\n|t:|1776173454\n|switch|p2b: Tyranitar|Tyranitar, L50, F|100/100|[from] Parting Shot\n|-weather|Sandstorm|[from] ability: Sand Stream|[of] p2b: Tyranitar\n|move|p1b: Venusaur|Leaf Storm|p2a: Primarina\n|-supereffective|p2a: Primarina|1\n|-damage|p2a: Primarina|26/100\n|-unboost|p1b: Venusaur|spa|2\n|\n|-weather|Sandstorm|[upkeep]\n|-damage|p2a: Primarina|20/100|[from] Sandstorm\n|-damage|p1b: Venusaur|25/100 brn|[from] Sandstorm\n|-heal|p2a: Primarina|26/100|[from] item: Leftovers\n|-damage|p1b: Venusaur|19/100 brn|[from] brn\n|upkeep\n|\n|t:|1776173461\n|switch|p1a: Sneasler|Sneasler, L50, F, shiny|100/100\n|turn|4\n|\n|t:|1776173471\n|move|p1a: Sneasler|Fake Out|p2a: Primarina\n|-damage|p2a: Primarina|12/100\n|cant|p2a: Primarina|flinch\n|move|p2b: Tyranitar|Knock Off|p1a: Sneasler\n|-resisted|p1a: Sneasler|1\n|-damage|p1a: Sneasler|50/100\n|-enditem|p1a: Sneasler|White Herb|[from] move: Knock Off|[of] p2b: Tyranitar\n|move|p1b: Venusaur|Sludge Bomb|p2a: Primarina\n|-supereffective|p2a: Primarina|1\n|-damage|p2a: Primarina|0 fnt\n|faint|p2a: Primarina\n|\n|-weather|Sandstorm|[upkeep]\n|-damage|p1b: Venusaur|13/100 brn|[from] Sandstorm\n|-damage|p1a: Sneasler|45/100|[from] Sandstorm\n|-damage|p1b: Venusaur|8/100 brn|[from] brn\n|upkeep\n|\n|t:|1776173477\n|switch|p2a: Incineroar|Incineroar, L50, M|100/100\n|-ability|p2a: Incineroar|Intimidate|boost\n|-unboost|p1a: Sneasler|atk|1\n|-unboost|p1b: Venusaur|atk|1\n|turn|5\n|\n|t:|1776173486\n|switch|p1a: Golurk|Golurk, L50|100/100\n|move|p2a: Incineroar|Flare Blitz|p1a: Golurk\n|-damage|p1a: Golurk|37/100\n|-damage|p2a: Incineroar|81/100|[from] Recoil\n|move|p2b: Tyranitar|Rock Slide|p1b: Venusaur|[spread] p1a,p1b\n|-resisted|p1a: Golurk|1\n|-damage|p1a: Golurk|18/100\n|-damage|p1b: Venusaur|0 fnt\n|faint|p1b: Venusaur\n|\n|-weather|Sandstorm|[upkeep]\n|-damage|p2a: Incineroar|75/100|[from] Sandstorm\n|upkeep\n|\n|t:|1776173495\n|switch|p1b: Sneasler|Sneasler, L50, F, shiny|45/100\n|turn|6\n|\n|t:|1776173519\n|detailschange|p1a: Golurk|Golurk-Mega, L50\n|-mega|p1a: Golurk|Golurk|Golurkite\n|move|p1b: Sneasler|Fake Out|p2a: Incineroar\n|-damage|p2a: Incineroar|60/100\n|move|p1a: Golurk|Headlong Rush|p2b: Tyranitar\n|-supereffective|p2b: Tyranitar|1\n|-damage|p2b: Tyranitar|0 fnt\n|-unboost|p1a: Golurk|def|1\n|-unboost|p1a: Golurk|spd|1\n|faint|p2b: Tyranitar\n|cant|p2a: Incineroar|flinch\n|\n|-weather|Sandstorm|[upkeep]\n|-damage|p2a: Incineroar|54/100|[from] Sandstorm\n|-damage|p1b: Sneasler|39/100|[from] Sandstorm\n|-fieldend|move: Trick Room\n|upkeep\n|turn|7\n|\n|t:|1776173532\n|move|p1b: Sneasler|Close Combat|p2a: Incineroar\n|-supereffective|p2a: Incineroar|1\n|-damage|p2a: Incineroar|0 fnt\n|-unboost|p1b: Sneasler|def|1\n|-unboost|p1b: Sneasler|spd|1\n|faint|p2a: Incineroar\n|\n|win|ronjansje\n|raw|ronjansje's rating: 1141 &rarr; <strong>1170</strong><br />(+29 for winning)\n|raw|Ongalabong's rating: 1195 &rarr; <strong>1166</strong><br />(-29 for losing)\n|l|\u2606Ongalabong\n|player|p2|\n",
  "uploadtime": 1776173548,
  "views": 12,
  "formatid": "gen9championsvgc2026regma",
  "rating": 1166,
  "private": 0,
  "password": null
}