{
  "id": "gen9championsvgc2026regma-2581181593",
  "format": "[Gen 9 Champions] VGC 2026 Reg M-A",
  "players": [
    "lilanhuo",
    "Fabtax"
  ],
  "log": "|j|\u2606lilanhuo\n|j|\u2606Fabtax\n|t:|1775967950\n|gametype|doubles\n|player|p1|lilanhuo|dawn-masters3|1090\n|player|p2|Fabtax|burgh|1022\n|gen|9\n|tier|[Gen 9 Champions] VGC 2026 Reg M-A\n|rated|\n|rule|Species Clause: Limit one of each Pok\u00e9mon\n|rule|Item Clause: Limit 1 of each item\n|clearpoke\n|poke|p1|Gengar, L50, F|\n|poke|p1|Incineroar, L50, M|\n|poke|p1|Tyranitar, L50, M|\n|poke|p1|Kingambit, L50, F|\n|poke|p1|Sinistcha-Masterpiece, L50|\n|poke|p1|Kommo-o, L50, F|\n|poke|p2|Gengar, L50, F|\n|poke|p2|Politoed, L50, F|\n|poke|p2|Incineroar, L50, F|\n|poke|p2|Charizard, L50, M|\n|poke|p2|Sinistcha, L50|\n|poke|p2|Heliolisk, L50, M|\n|teampreview|4\n|\n|t:|1775967978\n|teamsize|p1|4\n|teamsize|p2|4\n|start\n|switch|p1a: Kingambit|Kingambit, L50, F|100/100\n|switch|p1b: Incineroar|Incineroar, L50, M|100/100\n|switch|p2a: Incineroar|Incineroar, L50, F|100/100\n|switch|p2b: Charizard|Charizard, L50, M|100/100\n|-ability|p1b: Incineroar|Intimidate|boost\n|-unboost|p2a: Incineroar|atk|1\n|-unboost|p2b: Charizard|atk|1\n|-ability|p2a: Incineroar|Intimidate|boost\n|-unboost|p1a: Kingambit|atk|1\n|-ability|p1a: Kingambit|Defiant|boost\n|-boost|p1a: Kingambit|atk|2\n|-unboost|p1b: Incineroar|atk|1\n|turn|1\n|inactive|Battle timer is ON: inactive players will automatically lose when time's up. (requested by lilanhuo)\n|inactive|lilanhuo has 60 seconds left.\n|\n|t:|1775968021\n|move|p2b: Charizard|Protect|p2b: Charizard\n|-singleturn|p2b: Charizard|Protect\n|move|p1a: Kingambit|Protect|p1a: Kingambit\n|-singleturn|p1a: Kingambit|Protect\n|move|p2a: Incineroar|Fake Out|p1a: Kingambit\n|-activate|p1a: Kingambit|move: Protect\n|move|p1b: Incineroar|Parting Shot|p2b: Charizard\n|-activate|p2b: Charizard|move: Protect\n|\n|upkeep\n|turn|2\n|inactive|lilanhuo has 30 seconds left.\n|\n|t:|1775968047\n|detailschange|p2b: Charizard|Charizard-Mega-Y, L50, M\n|-mega|p2b: Charizard|Charizard|Charizardite Y\n|-weather|SunnyDay|[from] ability: Drought|[of] p2b: Charizard\n|move|p1a: Kingambit|Sucker Punch|p2b: Charizard\n|-damage|p2b: Charizard|11/100\n|move|p2b: Charizard|Heat Wave|p1a: Kingambit|[spread] p1a,p1b\n|-supereffective|p1a: Kingambit|1\n|-resisted|p1b: Incineroar|1\n|-enditem|p1a: Kingambit|Focus Sash\n|-damage|p1a: Kingambit|1/100\n|-damage|p1b: Incineroar|73/100\n|move|p1b: Incineroar|Parting Shot|p2b: Charizard\n|-unboost|p2b: Charizard|atk|1\n|-unboost|p2b: Charizard|spa|1\n|\n|t:|1775968060\n|switch|p1b: Tyranitar|Tyranitar, L50, M|100/100|[from] Parting Shot\n|-weather|Sandstorm|[from] ability: Sand Stream|[of] p1b: Tyranitar\n|move|p2a: Incineroar|Flare Blitz|p1a: Kingambit\n|-supereffective|p1a: Kingambit|1\n|-damage|p1a: Kingambit|0 fnt\n|faint|p1a: Kingambit\n|-damage|p2a: Incineroar|99/100|[from] Recoil\n|\n|-weather|Sandstorm|[upkeep]\n|-damage|p2b: Charizard|5/100|[from] Sandstorm\n|-damage|p2a: Incineroar|94/100|[from] Sandstorm\n|upkeep\n|\n|t:|1775968068\n|switch|p1a: Incineroar|Incineroar, L50, M|73/100\n|-ability|p1a: Incineroar|Intimidate|boost\n|-unboost|p2a: Incineroar|atk|1\n|-unboost|p2b: Charizard|atk|1\n|turn|3\n|\n|t:|1775968085\n|switch|p2b: Politoed|Politoed, L50, F|100/100\n|-weather|RainDance|[from] ability: Drizzle|[of] p2b: Politoed\n|move|p1b: Tyranitar|Rock Slide|p2a: Incineroar|[spread] p2a,p2b\n|-supereffective|p2a: Incineroar|1\n|-damage|p2a: Incineroar|54/100\n|-damage|p2b: Politoed|77/100\n|move|p1a: Incineroar|Parting Shot|p2b: Politoed\n|-unboost|p2b: Politoed|atk|1\n|-unboost|p2b: Politoed|spa|1\n|\n|t:|1775968097\n|switch|p1a: Gengar|Gengar, L50, F|100/100|[from] Parting Shot\n|move|p2a: Incineroar|Parting Shot|p1b: Tyranitar\n|-unboost|p1b: Tyranitar|atk|1\n|-unboost|p1b: Tyranitar|spa|1\n|\n|t:|1775968104\n|switch|p2a: Sinistcha|Sinistcha, L50|100/100|[from] Parting Shot\n|-heal|p2b: Politoed|100/100|[from] ability: Hospitality|[of] p2a: Sinistcha\n|\n|-weather|RainDance|[upkeep]\n|upkeep\n|turn|4\n|\n|t:|1775968117\n|switch|p1b: Incineroar|Incineroar, L50, M|73/100\n|-ability|p1b: Incineroar|Intimidate|boost\n|-unboost|p2a: Sinistcha|atk|1\n|-unboost|p2b: Politoed|atk|1\n|switch|p2a: Incineroar|Incineroar, L50, F|54/100\n|-ability|p2a: Incineroar|Intimidate|boost\n|-unboost|p1a: Gengar|atk|1\n|-unboost|p1b: Incineroar|atk|1\n|detailschange|p1a: Gengar|Gengar-Mega, L50, F\n|-mega|p1a: Gengar|Gengar|Gengarite\n|move|p1a: Gengar|Protect|p1a: Gengar\n|-singleturn|p1a: Gengar|Protect\n|move|p2b: Politoed|Weather Ball|p1b: Incineroar\n|-supereffective|p1b: Incineroar|1\n|-damage|p1b: Incineroar|17/100\n|\n|-weather|RainDance|[upkeep]\n|upkeep\n|turn|5\n|inactive|lilanhuo has 30 seconds left.\n|\n|t:|1775968143\n|move|p1b: Incineroar|Fake Out|p2b: Politoed\n|-damage|p2b: Politoed|93/100\n|move|p2a: Incineroar|Fake Out|p1b: Incineroar\n|-damage|p1b: Incineroar|7/100\n|move|p1a: Gengar|Substitute|p1a: Gengar\n|-start|p1a: Gengar|Substitute\n|-damage|p1a: Gengar|76/100\n|cant|p2b: Politoed|flinch\n|\n|-weather|RainDance|[upkeep]\n|upkeep\n|turn|6\n|inactive|lilanhuo has 30 seconds left.\n|\n|t:|1775968178\n|move|p1b: Incineroar|Protect|p1b: Incineroar\n|-singleturn|p1b: Incineroar|Protect\n|move|p1a: Gengar|Perish Song|p1a: Gengar\n|-start|p1a: Gengar|perish3|[silent]\n|-start|p1b: Incineroar|perish3|[silent]\n|-start|p2a: Incineroar|perish3|[silent]\n|-start|p2b: Politoed|perish3|[silent]\n|-fieldactivate|move: Perish Song\n|move|p2b: Politoed|Weather Ball|p1b: Incineroar\n|-activate|p1b: Incineroar|move: Protect\n|move|p2a: Incineroar|Parting Shot|p1a: Gengar\n|-unboost|p1a: Gengar|atk|1\n|-unboost|p1a: Gengar|spa|1\n|\n|t:|1775968187\n|switch|p2a: Charizard|Charizard-Mega-Y, L50, M|5/100|[from] Parting Shot\n|-weather|SunnyDay|[from] ability: Drought|[of] p2a: Charizard\n|\n|-weather|SunnyDay|[upkeep]\n|-start|p1a: Gengar|perish3\n|-start|p2b: Politoed|perish3\n|-start|p1b: Incineroar|perish3\n|upkeep\n|turn|7\n|inactive|lilanhuo has 30 seconds left.\n|\n|t:|1775968219\n|switch|p1b: Tyranitar|Tyranitar, L50, M|100/100\n|-weather|Sandstorm|[from] ability: Sand Stream|[of] p1b: Tyranitar\n|move|p2a: Charizard|Protect|p2a: Charizard\n|-singleturn|p2a: Charizard|Protect\n|move|p1a: Gengar|Shadow Ball|p2a: Charizard\n|-activate|p2a: Charizard|move: Protect\n|move|p2b: Politoed|Weather Ball|p1b: Tyranitar\n|-crit|p1b: Tyranitar\n|-damage|p1b: Tyranitar|80/100\n|\n|-weather|Sandstorm|[upkeep]\n|-damage|p1a: Gengar|70/100|[from] Sandstorm\n|-damage|p2a: Charizard|0 fnt|[from] Sandstorm\n|-damage|p2b: Politoed|87/100|[from] Sandstorm\n|faint|p2a: Charizard\n|-start|p1a: Gengar|perish2\n|-start|p2b: Politoed|perish2\n|upkeep\n|\n|t:|1775968238\n|switch|p2a: Sinistcha|Sinistcha, L50|100/100\n|-heal|p2b: Politoed|100/100|[from] ability: Hospitality|[of] p2a: Sinistcha\n|turn|8\n|\n|t:|1775968258\n|move|p2b: Politoed|Protect|p2b: Politoed\n|-singleturn|p2b: Politoed|Protect\n|move|p2a: Sinistcha|Protect|p2a: Sinistcha\n|-singleturn|p2a: Sinistcha|Protect\n|move|p1a: Gengar|Shadow Ball|p2a: Sinistcha\n|-activate|p2a: Sinistcha|move: Protect\n|move|p1b: Tyranitar|Stone Edge|p2b: Politoed\n|-activate|p2b: Politoed|move: Protect\n|\n|-weather|Sandstorm|[upkeep]\n|-damage|p1a: Gengar|64/100|[from] Sandstorm\n|-damage|p2b: Politoed|94/100|[from] Sandstorm\n|-damage|p2a: Sinistcha|94/100|[from] Sandstorm\n|-heal|p2a: Sinistcha|100/100|[from] item: Leftovers\n|-start|p1a: Gengar|perish1\n|-start|p2b: Politoed|perish1\n|upkeep\n|turn|9\n|\n|t:|1775968276\n|switch|p1a: Incineroar|Incineroar, L50, M|7/100\n|-ability|p1a: Incineroar|Intimidate|boost\n|-unboost|p2a: Sinistcha|atk|1\n|-unboost|p2b: Politoed|atk|1\n|move|p1b: Tyranitar|Stone Edge|p2a: Sinistcha\n|-crit|p2a: Sinistcha\n|-damage|p2a: Sinistcha|38/100\n|move|p2b: Politoed|Perish Song|p2b: Politoed\n|-start|p1a: Incineroar|perish3|[silent]\n|-start|p1b: Tyranitar|perish3|[silent]\n|-start|p2a: Sinistcha|perish3|[silent]\n|-fieldactivate|move: Perish Song\n|move|p2a: Sinistcha|Strength Sap|p1b: Tyranitar\n|-unboost|p1b: Tyranitar|atk|1\n|-heal|p2a: Sinistcha|100/100\n|\n|-weather|Sandstorm|[upkeep]\n|-damage|p2b: Politoed|88/100|[from] Sandstorm\n|-damage|p2a: Sinistcha|94/100|[from] Sandstorm\n|-damage|p1a: Incineroar|1/100|[from] Sandstorm\n|-heal|p2a: Sinistcha|100/100|[from] item: Leftovers\n|-start|p1b: Tyranitar|perish3\n|-start|p2b: Politoed|perish0\n|-start|p2a: Sinistcha|perish3\n|faint|p2b: Politoed\n|-start|p1a: Incineroar|perish3\n|upkeep\n|\n|t:|1775968286\n|switch|p2b: Incineroar|Incineroar, L50, F|54/100\n|-ability|p2b: Incineroar|Intimidate|boost\n|-unboost|p1a: Incineroar|atk|1\n|-unboost|p1b: Tyranitar|atk|1\n|turn|10\n|inactive|lilanhuo has 30 seconds left.\n|inactive|lilanhuo has 20 seconds left.\n|\n|t:|1775968322\n|move|p1a: Incineroar|Fake Out|p2b: Incineroar\n|-damage|p2b: Incineroar|48/100\n|cant|p2b: Incineroar|flinch\n|move|p1b: Tyranitar|Stone Edge|p2b: Incineroar\n|-supereffective|p2b: Incineroar|1\n|-damage|p2b: Incineroar|8/100\n|move|p2a: Sinistcha|Matcha Gotcha|p1b: Tyranitar|[spread] p1a,p1b\n|-resisted|p1a: Incineroar|1\n|-supereffective|p1b: Tyranitar|1\n|-damage|p1a: Incineroar|0 fnt\n|-damage|p1b: Tyranitar|51/100\n|faint|p1a: Incineroar\n|\n|-weather|Sandstorm|[upkeep]\n|-damage|p2a: Sinistcha|94/100|[from] Sandstorm\n|-damage|p2b: Incineroar|2/100|[from] Sandstorm\n|-heal|p2a: Sinistcha|100/100|[from] item: Leftovers\n|-start|p1b: Tyranitar|perish2\n|-start|p2a: Sinistcha|perish2\n|upkeep\n|\n|t:|1775968333\n|switch|p1a: Gengar|Gengar-Mega, L50, F|64/100\n|turn|11\n|\n|t:|1775968343\n|move|p1a: Gengar|Protect|p1a: Gengar\n|-singleturn|p1a: Gengar|Protect\n|move|p2a: Sinistcha|Rage Powder|p2a: Sinistcha\n|-singleturn|p2a: Sinistcha|move: Rage Powder\n|move|p1b: Tyranitar|Stone Edge|p2a: Sinistcha|[miss]\n|-miss|p1b: Tyranitar|p2a: Sinistcha\n|move|p2b: Incineroar|Throat Chop|p1a: Gengar\n|-activate|p1a: Gengar|move: Protect\n|\n|-weather|none\n|-start|p1b: Tyranitar|perish1\n|-start|p2a: Sinistcha|perish1\n|upkeep\n|turn|12\n|\n|t:|1775968361\n|move|p2a: Sinistcha|Rage Powder|p2a: Sinistcha\n|-singleturn|p2a: Sinistcha|move: Rage Powder\n|move|p1a: Gengar|Shadow Ball|p2a: Sinistcha\n|-supereffective|p2a: Sinistcha|1\n|-damage|p2a: Sinistcha|5/100\n|move|p1b: Tyranitar|Stone Edge|p2a: Sinistcha\n|-damage|p2a: Sinistcha|0 fnt\n|faint|p2a: Sinistcha\n|move|p2b: Incineroar|Throat Chop|p1a: Gengar\n|-supereffective|p1a: Gengar|1\n|-damage|p1a: Gengar|0 fnt\n|faint|p1a: Gengar\n|\n|-start|p1b: Tyranitar|perish0\n|upkeep\n|faint|p1b: Tyranitar\n|\n|win|Fabtax\n|raw|lilanhuo's rating: 1090 &rarr; <strong>1062</strong><br />(-28 for losing)\n|raw|Fabtax's rating: 1022 &rarr; <strong>1066</strong><br />(+44 for winning)\n|c|\u2606Fabtax|gg\n",
  "uploadtime": 1775968374,
  "views": 17,
  "formatid": "gen9championsvgc2026regma",
  "rating": 1062,
  "private": 0,
  "password": null
}