{
  "id": "gen9championsvgc2026regma-2583185953",
  "format": "[Gen 9 Champions] VGC 2026 Reg M-A",
  "players": [
    "irkenn",
    "Smokin Koffin"
  ],
  "log": "|j|\u2606irkenn\n|j|\u2606Smokin Koffin\n|t:|1776152364\n|gametype|doubles\n|player|p1|irkenn|265|1000\n|player|p2|Smokin Koffin|2|1055\n|gen|9\n|tier|[Gen 9 Champions] VGC 2026 Reg M-A\n|rated|\n|rule|Species Clause: Limit one of each Pok\u00e9mon\n|rule|Item Clause: Limit 1 of each item\n|clearpoke\n|poke|p1|Hawlucha, L50, F|\n|poke|p1|Dragapult, L50, F|\n|poke|p1|Ninetales-Alola, L50, F|\n|poke|p1|Meowscarada, L50, F|\n|poke|p1|Volcarona, L50, M|\n|poke|p1|Arcanine-Hisui, L50, F|\n|poke|p2|Altaria, L50, M|\n|poke|p2|Gengar, L50, F|\n|poke|p2|Incineroar, L50, F|\n|poke|p2|Sneasler, L50, M|\n|poke|p2|Sinistcha, L50|\n|poke|p2|Lucario, L50, M|\n|teampreview|4\n|\n|t:|1776152405\n|teamsize|p1|4\n|teamsize|p2|4\n|start\n|switch|p1a: Hawlucha|Hawlucha, L50, F, shiny|100/100\n|switch|p1b: Ninetales|Ninetales-Alola, L50, F|100/100\n|switch|p2a: Gengar|Gengar, L50, F|100/100\n|switch|p2b: Altaria|Altaria, L50, M|100/100\n|-weather|Snowscape|[from] ability: Snow Warning|[of] p1b: Ninetales\n|-ability|p2b: Altaria|Cloud Nine\n|turn|1\n|\n|t:|1776152448\n|switch|p1a: Arcanine|Arcanine-Hisui, L50, F|100/100\n|detailschange|p2a: Gengar|Gengar-Mega, L50, F\n|-mega|p2a: Gengar|Gengar|Gengarite\n|move|p2a: Gengar|Shadow Ball|p1a: Arcanine\n|-damage|p1a: Arcanine|48/100\n|-unboost|p1a: Arcanine|spd|1\n|move|p1b: Ninetales|Aurora Veil||[still]\n|-fail|p1b: Ninetales\n|move|p2b: Altaria|Perish Song|p2b: Altaria\n|-start|p1a: Arcanine|perish3|[silent]\n|-start|p1b: Ninetales|perish3|[silent]\n|-start|p2a: Gengar|perish3|[silent]\n|-start|p2b: Altaria|perish3|[silent]\n|-fieldactivate|move: Perish Song\n|\n|-weather|Snowscape|[upkeep]\n|-start|p1a: Arcanine|perish3\n|-start|p2a: Gengar|perish3\n|-start|p1b: Ninetales|perish3\n|-start|p2b: Altaria|perish3\n|upkeep\n|turn|2\n|\n|t:|1776152496\n|switch|p2b: Incineroar|Incineroar, L50, F|100/100\n|-ability|p2b: Incineroar|Intimidate|boost\n|-unboost|p1a: Arcanine|atk|1\n|-unboost|p1b: Ninetales|atk|1\n|move|p1a: Arcanine|Rock Slide|p2a: Gengar|[spread] p2a,p2b\n|-supereffective|p2b: Incineroar|1\n|-damage|p2a: Gengar|79/100\n|-damage|p2b: Incineroar|76/100\n|cant|p2a: Gengar|flinch\n|move|p1b: Ninetales|Dazzling Gleam|p2b: Incineroar|[spread] p2a,p2b\n|-resisted|p2a: Gengar|1\n|-damage|p2a: Gengar|70/100\n|-damage|p2b: Incineroar|62/100\n|\n|-weather|Snowscape|[upkeep]\n|-start|p1a: Arcanine|perish2\n|-start|p2a: Gengar|perish2\n|-start|p1b: Ninetales|perish2\n|upkeep\n|turn|3\n|\n|t:|1776152519\n|move|p2b: Incineroar|Fake Out|p1b: Ninetales\n|-damage|p1b: Ninetales|92/100\n|move|p1a: Arcanine|Rock Slide|p2a: Gengar|[spread] p2a,p2b\n|-supereffective|p2b: Incineroar|1\n|-damage|p2a: Gengar|46/100\n|-damage|p2b: Incineroar|35/100\n|move|p2a: Gengar|Shadow Ball|p1a: Arcanine\n|-damage|p1a: Arcanine|0 fnt\n|faint|p1a: Arcanine\n|cant|p1b: Ninetales|flinch\n|\n|-weather|Snowscape|[upkeep]\n|-start|p2a: Gengar|perish1\n|-start|p1b: Ninetales|perish1\n|upkeep\n|\n|t:|1776152537\n|switch|p1a: Volcarona|Volcarona, L50, M|100/100\n|turn|4\n|\n|t:|1776152552\n|switch|p2a: Altaria|Altaria, L50, M|100/100\n|-ability|p2a: Altaria|Cloud Nine\n|move|p1a: Volcarona|Tailwind|p1a: Volcarona\n|-sidestart|p1: irkenn|move: Tailwind\n|move|p1b: Ninetales|Dazzling Gleam|p2a: Altaria|[spread] p2a,p2b\n|-supereffective|p2a: Altaria|1\n|-damage|p2a: Altaria|70/100\n|-damage|p2b: Incineroar|21/100\n|move|p2b: Incineroar|Parting Shot|p1a: Volcarona\n|-unboost|p1a: Volcarona|atk|1\n|-unboost|p1a: Volcarona|spa|1\n|\n|t:|1776152568\n|switch|p2b: Sneasler|Sneasler, L50, M|100/100|[from] Parting Shot\n|\n|-weather|Snowscape|[upkeep]\n|-start|p1b: Ninetales|perish0\n|faint|p1b: Ninetales\n|upkeep\n|\n|t:|1776152577\n|switch|p1b: Hawlucha|Hawlucha, L50, F, shiny|100/100\n|turn|5\n|\n|t:|1776152593\n|detailschange|p1b: Hawlucha|Hawlucha-Mega, L50, F, shiny\n|-mega|p1b: Hawlucha|Hawlucha|Hawluchanite\n|move|p1b: Hawlucha|Upper Hand|p2b: Sneasler\n|-resisted|p2b: Sneasler|1\n|-damage|p2b: Sneasler|76/100\n|cant|p2b: Sneasler|flinch\n|move|p1a: Volcarona|Rage Powder|p1a: Volcarona\n|-singleturn|p1a: Volcarona|move: Rage Powder\n|move|p2a: Altaria|Perish Song|p2a: Altaria\n|-start|p1a: Volcarona|perish3|[silent]\n|-start|p1b: Hawlucha|perish3|[silent]\n|-start|p2a: Altaria|perish3|[silent]\n|-start|p2b: Sneasler|perish3|[silent]\n|-fieldactivate|move: Perish Song\n|\n|-weather|none\n|-start|p1b: Hawlucha|perish3\n|-start|p1a: Volcarona|perish3\n|-start|p2b: Sneasler|perish3\n|-start|p2a: Altaria|perish3\n|upkeep\n|turn|6\n|\n|t:|1776152615\n|move|p2b: Sneasler|Protect|p2b: Sneasler\n|-singleturn|p2b: Sneasler|Protect\n|move|p1b: Hawlucha|Zen Headbutt|p2b: Sneasler\n|-activate|p2b: Sneasler|move: Protect\n|move|p1a: Volcarona|Heat Wave|p2b: Sneasler|[spread] p2a\n|-activate|p2b: Sneasler|move: Protect\n|-resisted|p2a: Altaria|1\n|-crit|p2a: Altaria\n|-damage|p2a: Altaria|48/100\n|-status|p2a: Altaria|brn\n|-enditem|p2a: Altaria|Sitrus Berry|[eat]\n|-heal|p2a: Altaria|73/100 brn|[from] item: Sitrus Berry\n|move|p2a: Altaria|Roost|p2a: Altaria\n|-heal|p2a: Altaria|100/100 brn\n|-singleturn|p2a: Altaria|move: Roost\n|\n|-damage|p2a: Altaria|94/100 brn|[from] brn\n|-start|p1b: Hawlucha|perish2\n|-start|p1a: Volcarona|perish2\n|-start|p2b: Sneasler|perish2\n|-start|p2a: Altaria|perish2\n|upkeep\n|turn|7\n|\n|t:|1776152639\n|switch|p2b: Incineroar|Incineroar, L50, F|21/100\n|-ability|p2b: Incineroar|Intimidate|boost\n|-unboost|p1a: Volcarona|atk|1\n|-unboost|p1b: Hawlucha|atk|1\n|move|p1a: Volcarona|Rage Powder|p1a: Volcarona\n|-singleturn|p1a: Volcarona|move: Rage Powder\n|move|p1b: Hawlucha|Zen Headbutt|p2b: Incineroar\n|-immune|p2b: Incineroar\n|move|p2a: Altaria|Breaking Swipe|p1a: Volcarona|[spread] p1a,p1b\n|-damage|p1a: Volcarona|94/100\n|-damage|p1b: Hawlucha|95/100\n|-unboost|p1a: Volcarona|atk|1\n|-unboost|p1b: Hawlucha|atk|1\n|\n|-damage|p2a: Altaria|88/100 brn|[from] brn\n|-start|p1b: Hawlucha|perish1\n|-start|p1a: Volcarona|perish1\n|-start|p2a: Altaria|perish1\n|-sideend|p1: irkenn|move: Tailwind\n|upkeep\n|turn|8\n|c|\u2606irkenn|gg\n|\n|t:|1776152654\n|switch|p2a: Sneasler|Sneasler, L50, M|76/100\n|move|p1b: Hawlucha|Upper Hand|p2b: Incineroar\n|-supereffective|p2b: Incineroar|1\n|-enditem|p2b: Incineroar|Chople Berry|[eat]\n|-enditem|p2b: Incineroar|Chople Berry|[weaken]\n|-damage|p2b: Incineroar|9/100\n|cant|p2b: Incineroar|flinch\n|move|p1a: Volcarona|Rage Powder|p1a: Volcarona\n|-singleturn|p1a: Volcarona|move: Rage Powder\n|\n|-start|p1b: Hawlucha|perish0\n|-start|p1a: Volcarona|perish0\n|upkeep\n|faint|p1b: Hawlucha\n|faint|p1a: Volcarona\n|\n|win|Smokin Koffin\n|raw|irkenn's rating: 1000 &rarr; <strong>1000</strong><br />(+0 for losing)\n|raw|Smokin Koffin's rating: 1055 &rarr; <strong>1082</strong><br />(+27 for winning)\n|l|\u2606irkenn\n|player|p1|\n",
  "uploadtime": 1776152801,
  "views": 24,
  "formatid": "gen9championsvgc2026regma",
  "rating": 1000,
  "private": 0,
  "password": null
}