{
  "id": "gen9championsvgc2026regma-2583611155",
  "format": "[Gen 9 Champions] VGC 2026 Reg M-A",
  "players": [
    "jingming",
    "ansdasd"
  ],
  "log": "|j|\u2606jingming\n|j|\u2606ansdasd\n|t:|1776186440\n|gametype|doubles\n|player|p1|jingming|nate|1058\n|player|p2|ansdasd|2|1086\n|gen|9\n|tier|[Gen 9 Champions] VGC 2026 Reg M-A\n|rated|\n|rule|Species Clause: Limit one of each Pok\u00e9mon\n|rule|Item Clause: Limit 1 of each item\n|clearpoke\n|poke|p1|Sneasler, L50, M|\n|poke|p1|Incineroar, L50, M|\n|poke|p1|Corviknight, L50, M|\n|poke|p1|Dragonite, L50, F|\n|poke|p1|Garchomp, L50, M|\n|poke|p1|Greninja-*, L50, M|\n|poke|p2|Kleavor, L50, F|\n|poke|p2|Gyarados, L50, M|\n|poke|p2|Altaria, L50, M|\n|poke|p2|Meowscarada, L50, F|\n|poke|p2|Raichu, L50, M|\n|poke|p2|Ceruledge, L50, F|\n|teampreview|4\n|inactive|Battle timer is ON: inactive players will automatically lose when time's up. (requested by jingming)\nansdasd rejected open team sheets.\n|\n|t:|1776186467\n|teamsize|p1|4\n|teamsize|p2|4\n|start\n|switch|p1a: Incineroar|Incineroar, L50, M|100/100\n|switch|p1b: Dragonite|Dragonite, L50, F|100/100\n|switch|p2a: Kleavor|Kleavor, L50, F|100/100\n|switch|p2b: Raichu|Raichu, L50, M|100/100\n|-ability|p1a: Incineroar|Intimidate|boost\n|-unboost|p2a: Kleavor|atk|1\n|-unboost|p2b: Raichu|atk|1\n|turn|1\n|\n|t:|1776186483\n|detailschange|p1b: Dragonite|Dragonite-Mega, L50, F\n|-mega|p1b: Dragonite|Dragonite|Dragoninite\n|move|p2b: Raichu|Fake Out|p1a: Incineroar\n|-damage|p1a: Incineroar|96/100\n|cant|p1a: Incineroar|flinch\n|move|p2a: Kleavor|Stone Axe|p1b: Dragonite\n|-supereffective|p1b: Dragonite|1\n|-damage|p1b: Dragonite|77/100\n|-sidestart|p1: jingming|move: Stealth Rock\n|move|p1b: Dragonite|Draco Meteor|p2a: Kleavor\n|-damage|p2a: Kleavor|14/100\n|-unboost|p1b: Dragonite|spa|2\n|\n|upkeep\n|turn|2\n|\n|t:|1776186502\n|move|p2b: Raichu|Alluring Voice|p1b: Dragonite\n|-supereffective|p1b: Dragonite|1\n|-damage|p1b: Dragonite|46/100\n|move|p2a: Kleavor|Tailwind|p2a: Kleavor\n|-sidestart|p2: ansdasd|move: Tailwind\n|move|p1b: Dragonite|Draco Meteor|p2a: Kleavor|[miss]\n|-miss|p1b: Dragonite|p2a: Kleavor\n|move|p1a: Incineroar|Snarl|p2b: Raichu|[spread] p2a,p2b\n|-damage|p2a: Kleavor|0 fnt\n|-damage|p2b: Raichu|82/100\n|-unboost|p2b: Raichu|spa|1\n|faint|p2a: Kleavor\n|\n|upkeep\n|\n|t:|1776186518\n|switch|p2a: Gyarados|Gyarados, L50, M|100/100\n|-ability|p2a: Gyarados|Intimidate|boost\n|-unboost|p1a: Incineroar|atk|1\n|-unboost|p1b: Dragonite|atk|1\n|turn|3\n|\n|t:|1776186534\n|switch|p1b: Garchomp|Garchomp, L50, M|100/100\n|-damage|p1b: Garchomp|94/100|[from] Stealth Rock\n|move|p2b: Raichu|Alluring Voice|p1b: Garchomp\n|-supereffective|p1b: Garchomp|1\n|-damage|p1b: Garchomp|64/100\n|move|p2a: Gyarados|Waterfall|p1a: Incineroar\n|-supereffective|p1a: Incineroar|1\n|-damage|p1a: Incineroar|37/100\n|move|p1a: Incineroar|Parting Shot|p2a: Gyarados\n|-unboost|p2a: Gyarados|atk|1\n|-unboost|p2a: Gyarados|spa|1\n|\n|t:|1776186548\n|switch|p1a: Corviknight|Corviknight, L50, M|100/100|[from] Parting Shot\n|-damage|p1a: Corviknight|88/100|[from] Stealth Rock\n|\n|-heal|p1a: Corviknight|94/100|[from] item: Leftovers\n|upkeep\n|turn|4\n|\n|t:|1776186557\n|move|p2b: Raichu|Volt Switch|p1a: Corviknight\n|-supereffective|p1a: Corviknight|1\n|-damage|p1a: Corviknight|70/100\n|\n|t:|1776186561\n|switch|p2b: Altaria|Altaria, L50, M|100/100|[from] Volt Switch\n|-ability|p2b: Altaria|Cloud Nine\n|move|p2a: Gyarados|Dragon Dance|p2a: Gyarados\n|-boost|p2a: Gyarados|atk|1\n|-boost|p2a: Gyarados|spe|1\n|move|p1b: Garchomp|Rock Slide|p2b: Altaria|[spread] p2a,p2b\n|-supereffective|p2a: Gyarados|1\n|-supereffective|p2b: Altaria|1\n|-damage|p2a: Gyarados|50/100\n|-damage|p2b: Altaria|57/100\n|move|p1a: Corviknight|Iron Defense|p1a: Corviknight\n|-boost|p1a: Corviknight|def|2\n|\n|-heal|p1a: Corviknight|76/100|[from] item: Leftovers\n|upkeep\n|turn|5\n|inactive|ansdasd has 30 seconds left.\n|\n|t:|1776186589\n|switch|p1b: Dragonite|Dragonite-Mega, L50, F|46/100\n|-damage|p1b: Dragonite|22/100|[from] Stealth Rock\n|detailschange|p2b: Altaria|Altaria-Mega, L50, M\n|-mega|p2b: Altaria|Altaria|Altarianite\n|move|p2a: Gyarados|Waterfall|p1b: Dragonite\n|-resisted|p1b: Dragonite|1\n|-damage|p1b: Dragonite|8/100\n|move|p2b: Altaria|Cotton Guard|p2b: Altaria\n|-boost|p2b: Altaria|def|3\n|move|p1a: Corviknight|Roost|p1a: Corviknight\n|-heal|p1a: Corviknight|100/100\n|-singleturn|p1a: Corviknight|move: Roost\n|\n|-sideend|p2: ansdasd|move: Tailwind\n|upkeep\n|turn|6\n|\n|t:|1776186612\n|move|p2a: Gyarados|Waterfall|p1b: Dragonite\n|-resisted|p1b: Dragonite|1\n|-damage|p1b: Dragonite|0 fnt\n|faint|p1b: Dragonite\n|move|p2b: Altaria|Cotton Guard|p2b: Altaria\n|-boost|p2b: Altaria|def|3\n|move|p1a: Corviknight|Iron Defense|p1a: Corviknight\n|-boost|p1a: Corviknight|def|2\n|\n|upkeep\n|\n|t:|1776186617\n|switch|p1b: Garchomp|Garchomp, L50, M|64/100\n|-damage|p1b: Garchomp|58/100|[from] Stealth Rock\n|turn|7\n|\n|t:|1776186630\n|move|p1b: Garchomp|Iron Head|p2b: Altaria\n|-supereffective|p2b: Altaria|1\n|-damage|p2b: Altaria|43/100\n|move|p2a: Gyarados|Waterfall|p1b: Garchomp\n|-damage|p1b: Garchomp|12/100\n|-damage|p2a: Gyarados|38/100|[from] ability: Rough Skin|[of] p1b: Garchomp\n|move|p2b: Altaria|Fire Spin|p1a: Corviknight\n|-supereffective|p1a: Corviknight|1\n|-damage|p1a: Corviknight|89/100\n|-activate|p1a: Corviknight|move: Fire Spin|[of] p2b: Altaria\n|move|p1a: Corviknight|Iron Defense|p1a: Corviknight\n|-boost|p1a: Corviknight|def|2\n|\n|-heal|p1a: Corviknight|95/100|[from] item: Leftovers\n|-damage|p1a: Corviknight|82/100|[from] move: Fire Spin|[partiallytrapped]\n|upkeep\n|turn|8\n|\n|t:|1776186647\n|switch|p1b: Incineroar|Incineroar, L50, M|37/100\n|-damage|p1b: Incineroar|12/100|[from] Stealth Rock\n|-ability|p1b: Incineroar|Intimidate|boost\n|-unboost|p2a: Gyarados|atk|1\n|-unboost|p2b: Altaria|atk|1\n|move|p2a: Gyarados|Waterfall|p1b: Incineroar\n|-supereffective|p1b: Incineroar|1\n|-damage|p1b: Incineroar|0 fnt\n|faint|p1b: Incineroar\n|move|p2b: Altaria|Roost|p2b: Altaria\n|-heal|p2b: Altaria|93/100\n|-singleturn|p2b: Altaria|move: Roost\n|move|p1a: Corviknight|Body Press|p2a: Gyarados\n|-resisted|p2a: Gyarados|1\n|-damage|p2a: Gyarados|0 fnt\n|faint|p2a: Gyarados\n|\n|-heal|p1a: Corviknight|88/100|[from] item: Leftovers\n|-damage|p1a: Corviknight|76/100|[from] move: Fire Spin|[partiallytrapped]\n|upkeep\n|\n|t:|1776186665\n|switch|p2a: Raichu|Raichu, L50, M|82/100\n|switch|p1b: Garchomp|Garchomp, L50, M|12/100\n|-damage|p1b: Garchomp|6/100|[from] Stealth Rock\n|turn|9\n|\n|t:|1776186679\n|move|p2a: Raichu|Fake Out|p1b: Garchomp\n|-damage|p1b: Garchomp|0 fnt\n|-damage|p2a: Raichu|70/100|[from] ability: Rough Skin|[of] p1b: Garchomp\n|faint|p1b: Garchomp\n|move|p2b: Altaria|Body Slam|p1a: Corviknight\n|-resisted|p1a: Corviknight|1\n|-damage|p1a: Corviknight|73/100\n|-status|p1a: Corviknight|par\n|move|p1a: Corviknight|Body Press|p2a: Raichu\n|-damage|p2a: Raichu|0 fnt\n|faint|p2a: Raichu\n|\n|-heal|p1a: Corviknight|79/100 par|[from] item: Leftovers\n|-damage|p1a: Corviknight|66/100 par|[from] move: Fire Spin|[partiallytrapped]\n|upkeep\n|turn|10\n|\n|t:|1776186698\n|move|p2b: Altaria|Fire Spin|p1a: Corviknight\n|-supereffective|p1a: Corviknight|1\n|-damage|p1a: Corviknight|55/100 par\n|move|p1a: Corviknight|Body Press|p2b: Altaria\n|-resisted|p2b: Altaria|1\n|-damage|p2b: Altaria|85/100\n|\n|-heal|p1a: Corviknight|60/100 par|[from] item: Leftovers\n|-damage|p1a: Corviknight|48/100 par|[from] move: Fire Spin|[partiallytrapped]\n|upkeep\n|turn|11\n|\n|t:|1776186711\n|move|p2b: Altaria|Fire Spin|p1a: Corviknight\n|-supereffective|p1a: Corviknight|1\n|-damage|p1a: Corviknight|36/100 par\n|cant|p1a: Corviknight|par\n|\n|-heal|p1a: Corviknight|41/100 par|[from] item: Leftovers\n|-end|p1a: Corviknight|Fire Spin|[partiallytrapped]\n|upkeep\n|turn|12\n|\n|t:|1776186719\n|move|p2b: Altaria|Fire Spin|p1a: Corviknight\n|-supereffective|p1a: Corviknight|1\n|-damage|p1a: Corviknight|30/100 par\n|-activate|p1a: Corviknight|move: Fire Spin|[of] p2b: Altaria\n|cant|p1a: Corviknight|par\n|\n|-heal|p1a: Corviknight|36/100 par|[from] item: Leftovers\n|-damage|p1a: Corviknight|23/100 par|[from] move: Fire Spin|[partiallytrapped]\n|upkeep\n|turn|13\n|\n|t:|1776186729\n|move|p2b: Altaria|Fire Spin|p1a: Corviknight\n|-supereffective|p1a: Corviknight|1\n|-damage|p1a: Corviknight|11/100 par\n|move|p1a: Corviknight|Roost|p1a: Corviknight\n|-heal|p1a: Corviknight|61/100 par\n|-singleturn|p1a: Corviknight|move: Roost\n|\n|-heal|p1a: Corviknight|67/100 par|[from] item: Leftovers\n|-damage|p1a: Corviknight|55/100 par|[from] move: Fire Spin|[partiallytrapped]\n|upkeep\n|turn|14\n|\n|t:|1776186743\n|move|p2b: Altaria|Fire Spin|p1a: Corviknight\n|-supereffective|p1a: Corviknight|1\n|-crit|p1a: Corviknight\n|-damage|p1a: Corviknight|34/100 par\n|move|p1a: Corviknight|Roost|p1a: Corviknight\n|-heal|p1a: Corviknight|84/100 par\n|-singleturn|p1a: Corviknight|move: Roost\n|\n|-heal|p1a: Corviknight|90/100 par|[from] item: Leftovers\n|-damage|p1a: Corviknight|78/100 par|[from] move: Fire Spin|[partiallytrapped]\n|upkeep\n|turn|15\n|\n|t:|1776186754\n|move|p2b: Altaria|Fire Spin|p1a: Corviknight\n|-supereffective|p1a: Corviknight|1\n|-damage|p1a: Corviknight|65/100 par\n|move|p1a: Corviknight|Body Press|p2b: Altaria\n|-resisted|p2b: Altaria|1\n|-damage|p2b: Altaria|76/100\n|\n|-heal|p1a: Corviknight|71/100 par|[from] item: Leftovers\n|-damage|p1a: Corviknight|59/100 par|[from] move: Fire Spin|[partiallytrapped]\n|upkeep\n|turn|16\n|\n|t:|1776186767\n|move|p2b: Altaria|Fire Spin|p1a: Corviknight\n|-supereffective|p1a: Corviknight|1\n|-damage|p1a: Corviknight|46/100 par\n|move|p1a: Corviknight|Roost|p1a: Corviknight\n|-heal|p1a: Corviknight|97/100 par\n|-singleturn|p1a: Corviknight|move: Roost\n|\n|-heal|p1a: Corviknight|100/100 par|[from] item: Leftovers\n|-end|p1a: Corviknight|Fire Spin|[partiallytrapped]\n|upkeep\n|turn|17\n|\n|t:|1776186778\n|move|p2b: Altaria|Fire Spin|p1a: Corviknight\n|-supereffective|p1a: Corviknight|1\n|-damage|p1a: Corviknight|89/100 par\n|-activate|p1a: Corviknight|move: Fire Spin|[of] p2b: Altaria\n|move|p1a: Corviknight|Body Press|p2b: Altaria\n|-resisted|p2b: Altaria|1\n|-damage|p2b: Altaria|66/100\n|\n|-heal|p1a: Corviknight|95/100 par|[from] item: Leftovers\n|-damage|p1a: Corviknight|82/100 par|[from] move: Fire Spin|[partiallytrapped]\n|upkeep\n|turn|18\n|\n|t:|1776186792\n|move|p2b: Altaria|Roost|p2b: Altaria\n|-heal|p2b: Altaria|100/100\n|-singleturn|p2b: Altaria|move: Roost\n|move|p1a: Corviknight|Body Press|p2b: Altaria\n|-resisted|p2b: Altaria|1\n|-damage|p2b: Altaria|92/100\n|\n|-heal|p1a: Corviknight|88/100 par|[from] item: Leftovers\n|-damage|p1a: Corviknight|76/100 par|[from] move: Fire Spin|[partiallytrapped]\n|upkeep\n|turn|19\n|inactive|jingming has 30 seconds left.\n|\n|t:|1776186819\n|move|p2b: Altaria|Fire Spin|p1a: Corviknight\n|-supereffective|p1a: Corviknight|1\n|-damage|p1a: Corviknight|63/100 par\n|cant|p1a: Corviknight|par\n|\n|-heal|p1a: Corviknight|69/100 par|[from] item: Leftovers\n|-damage|p1a: Corviknight|57/100 par|[from] move: Fire Spin|[partiallytrapped]\n|upkeep\n|turn|20\n|\n|t:|1776186828\n|move|p2b: Altaria|Body Slam|p1a: Corviknight\n|-resisted|p1a: Corviknight|1\n|-damage|p1a: Corviknight|54/100 par\n|move|p1a: Corviknight|Body Press|p2b: Altaria\n|-resisted|p2b: Altaria|1\n|-damage|p2b: Altaria|83/100\n|\n|-heal|p1a: Corviknight|60/100 par|[from] item: Leftovers\n|-damage|p1a: Corviknight|47/100 par|[from] move: Fire Spin|[partiallytrapped]\n|upkeep\n|turn|21\n|\n|t:|1776186840\n|move|p2b: Altaria|Body Slam|p1a: Corviknight\n|-resisted|p1a: Corviknight|1\n|-damage|p1a: Corviknight|43/100 par\n|cant|p1a: Corviknight|par\n|\n|-heal|p1a: Corviknight|49/100 par|[from] item: Leftovers\n|-end|p1a: Corviknight|Fire Spin|[partiallytrapped]\n|upkeep\n|turn|22\n|\n|t:|1776186849\n|move|p2b: Altaria|Fire Spin|p1a: Corviknight\n|-supereffective|p1a: Corviknight|1\n|-damage|p1a: Corviknight|37/100 par\n|-activate|p1a: Corviknight|move: Fire Spin|[of] p2b: Altaria\n|move|p1a: Corviknight|Roost|p1a: Corviknight\n|-heal|p1a: Corviknight|87/100 par\n|-singleturn|p1a: Corviknight|move: Roost\n|\n|-heal|p1a: Corviknight|93/100 par|[from] item: Leftovers\n|-damage|p1a: Corviknight|80/100 par|[from] move: Fire Spin|[partiallytrapped]\n|upkeep\n|turn|23\n|\n|t:|1776186872\n|move|p2b: Altaria|Body Slam|p1a: Corviknight\n|-resisted|p1a: Corviknight|1\n|-damage|p1a: Corviknight|77/100 par\n|move|p1a: Corviknight|Body Press|p2b: Altaria\n|-resisted|p2b: Altaria|1\n|-damage|p2b: Altaria|74/100\n|\n|-heal|p1a: Corviknight|83/100 par|[from] item: Leftovers\n|-damage|p1a: Corviknight|71/100 par|[from] move: Fire Spin|[partiallytrapped]\n|upkeep\n|turn|24\n|\n|t:|1776186885\n|move|p2b: Altaria|Cotton Guard|p2b: Altaria\n|-boost|p2b: Altaria|def|0\n|move|p1a: Corviknight|Body Press|p2b: Altaria\n|-resisted|p2b: Altaria|1\n|-damage|p2b: Altaria|66/100\n|\n|-heal|p1a: Corviknight|77/100 par|[from] item: Leftovers\n|-damage|p1a: Corviknight|64/100 par|[from] move: Fire Spin|[partiallytrapped]\n|upkeep\n|turn|25\n|\n|t:|1776186897\n|move|p2b: Altaria|Roost|p2b: Altaria\n|-heal|p2b: Altaria|100/100\n|-singleturn|p2b: Altaria|move: Roost\n|cant|p1a: Corviknight|par\n|\n|-heal|p1a: Corviknight|70/100 par|[from] item: Leftovers\n|-damage|p1a: Corviknight|58/100 par|[from] move: Fire Spin|[partiallytrapped]\n|upkeep\n|turn|26\n|\n|t:|1776186916\n|move|p2b: Altaria|Fire Spin|p1a: Corviknight\n|-supereffective|p1a: Corviknight|1\n|-damage|p1a: Corviknight|45/100 par\n|move|p1a: Corviknight|Iron Defense|p1a: Corviknight\n|-boost|p1a: Corviknight|def|0\n|\n|-heal|p1a: Corviknight|51/100 par|[from] item: Leftovers\n|-end|p1a: Corviknight|Fire Spin|[partiallytrapped]\n|upkeep\n|turn|27\n|\n|t:|1776186930\n|move|p2b: Altaria|Fire Spin|p1a: Corviknight\n|-supereffective|p1a: Corviknight|1\n|-damage|p1a: Corviknight|40/100 par\n|-activate|p1a: Corviknight|move: Fire Spin|[of] p2b: Altaria\n|move|p1a: Corviknight|Roost|p1a: Corviknight\n|-heal|p1a: Corviknight|90/100 par\n|-singleturn|p1a: Corviknight|move: Roost\n|\n|-heal|p1a: Corviknight|96/100 par|[from] item: Leftovers\n|-damage|p1a: Corviknight|83/100 par|[from] move: Fire Spin|[partiallytrapped]\n|upkeep\n|turn|28\n|\n|t:|1776186943\n|move|p2b: Altaria|Cotton Guard|p2b: Altaria\n|-boost|p2b: Altaria|def|0\n|cant|p1a: Corviknight|par\n|\n|-heal|p1a: Corviknight|89/100 par|[from] item: Leftovers\n|-damage|p1a: Corviknight|77/100 par|[from] move: Fire Spin|[partiallytrapped]\n|upkeep\n|turn|29\n|\n|t:|1776186953\n|move|p2b: Altaria|Body Slam|p1a: Corviknight\n|-resisted|p1a: Corviknight|1\n|-damage|p1a: Corviknight|74/100 par\n|move|p1a: Corviknight|Body Press|p2b: Altaria\n|-resisted|p2b: Altaria|1\n|-damage|p2b: Altaria|92/100\n|\n|-heal|p1a: Corviknight|80/100 par|[from] item: Leftovers\n|-damage|p1a: Corviknight|67/100 par|[from] move: Fire Spin|[partiallytrapped]\n|upkeep\n|turn|30\n|\n|t:|1776186966\n|move|p2b: Altaria|Body Slam|p1a: Corviknight\n|-resisted|p1a: Corviknight|1\n|-damage|p1a: Corviknight|64/100 par\n|move|p1a: Corviknight|Body Press|p2b: Altaria\n|-resisted|p2b: Altaria|1\n|-damage|p2b: Altaria|83/100\n|\n|-heal|p1a: Corviknight|70/100 par|[from] item: Leftovers\n|-damage|p1a: Corviknight|58/100 par|[from] move: Fire Spin|[partiallytrapped]\n|upkeep\n|turn|31\n|\n|t:|1776186977\n|move|p2b: Altaria|Cotton Guard|p2b: Altaria\n|-boost|p2b: Altaria|def|0\n|move|p1a: Corviknight|Iron Defense|p1a: Corviknight\n|-boost|p1a: Corviknight|def|0\n|\n|-heal|p1a: Corviknight|63/100 par|[from] item: Leftovers\n|-damage|p1a: Corviknight|51/100 par|[from] move: Fire Spin|[partiallytrapped]\n|upkeep\n|turn|32\n|\n|t:|1776186992\n|move|p2b: Altaria|Body Slam|p1a: Corviknight\n|-resisted|p1a: Corviknight|1\n|-damage|p1a: Corviknight|48/100 par\n|move|p1a: Corviknight|Roost|p1a: Corviknight\n|-heal|p1a: Corviknight|98/100 par\n|-singleturn|p1a: Corviknight|move: Roost\n|\n|-heal|p1a: Corviknight|100/100 par|[from] item: Leftovers\n|-end|p1a: Corviknight|Fire Spin|[partiallytrapped]\n|upkeep\n|turn|33\n|\n|t:|1776187004\n|move|p2b: Altaria|Fire Spin|p1a: Corviknight\n|-supereffective|p1a: Corviknight|1\n|-damage|p1a: Corviknight|88/100 par\n|-activate|p1a: Corviknight|move: Fire Spin|[of] p2b: Altaria\n|move|p1a: Corviknight|Iron Defense|p1a: Corviknight\n|-boost|p1a: Corviknight|def|0\n|\n|-heal|p1a: Corviknight|94/100 par|[from] item: Leftovers\n|-damage|p1a: Corviknight|81/100 par|[from] move: Fire Spin|[partiallytrapped]\n|upkeep\n|turn|34\n|\n|t:|1776187016\n|move|p2b: Altaria|Cotton Guard|p2b: Altaria\n|-boost|p2b: Altaria|def|0\n|move|p1a: Corviknight|Iron Defense|p1a: Corviknight\n|-boost|p1a: Corviknight|def|0\n|\n|-heal|p1a: Corviknight|87/100 par|[from] item: Leftovers\n|-damage|p1a: Corviknight|75/100 par|[from] move: Fire Spin|[partiallytrapped]\n|upkeep\n|turn|35\n|\n|t:|1776187028\n|move|p2b: Altaria|Body Slam|p1a: Corviknight\n|-resisted|p1a: Corviknight|1\n|-damage|p1a: Corviknight|72/100 par\n|move|p1a: Corviknight|Iron Defense|p1a: Corviknight\n|-boost|p1a: Corviknight|def|0\n|\n|-heal|p1a: Corviknight|78/100 par|[from] item: Leftovers\n|-damage|p1a: Corviknight|65/100 par|[from] move: Fire Spin|[partiallytrapped]\n|upkeep\n|turn|36\n|\n|t:|1776187038\n|move|p2b: Altaria|Cotton Guard|p2b: Altaria\n|-boost|p2b: Altaria|def|0\n|move|p1a: Corviknight|Body Press|p2b: Altaria\n|-resisted|p2b: Altaria|1\n|-damage|p2b: Altaria|75/100\n|\n|-heal|p1a: Corviknight|71/100 par|[from] item: Leftovers\n|-damage|p1a: Corviknight|59/100 par|[from] move: Fire Spin|[partiallytrapped]\n|upkeep\n|turn|37\n|\n|t:|1776187052\n|move|p2b: Altaria|Body Slam|p1a: Corviknight\n|-resisted|p1a: Corviknight|1\n|-damage|p1a: Corviknight|56/100 par\n|move|p1a: Corviknight|Iron Defense|p1a: Corviknight\n|-boost|p1a: Corviknight|def|0\n|\n|-heal|p1a: Corviknight|62/100 par|[from] item: Leftovers\n|-damage|p1a: Corviknight|50/100 par|[from] move: Fire Spin|[partiallytrapped]\n|upkeep\n|turn|38\n|\n|t:|1776187063\n|move|p2b: Altaria|Fire Spin|p1a: Corviknight\n|-supereffective|p1a: Corviknight|1\n|-damage|p1a: Corviknight|36/100 par\n|move|p1a: Corviknight|Iron Defense|p1a: Corviknight\n|-boost|p1a: Corviknight|def|0\n|\n|-heal|p1a: Corviknight|42/100 par|[from] item: Leftovers\n|-end|p1a: Corviknight|Fire Spin|[partiallytrapped]\n|upkeep\n|turn|39\n|inactive|ansdasd has 30 seconds left.\n|\n|t:|1776187072\n|move|p2b: Altaria|Fire Spin|p1a: Corviknight\n|-supereffective|p1a: Corviknight|1\n|-damage|p1a: Corviknight|30/100 par\n|-activate|p1a: Corviknight|move: Fire Spin|[of] p2b: Altaria\n|move|p1a: Corviknight|Roost|p1a: Corviknight\n|-heal|p1a: Corviknight|80/100 par\n|-singleturn|p1a: Corviknight|move: Roost\n|\n|-heal|p1a: Corviknight|86/100 par|[from] item: Leftovers\n|-damage|p1a: Corviknight|74/100 par|[from] move: Fire Spin|[partiallytrapped]\n|upkeep\n|turn|40\n|inactive|ansdasd has 30 seconds left this turn.\n|inactive|ansdasd has 20 seconds left.\n|\n|t:|1776187084\n|move|p2b: Altaria|Roost|p2b: Altaria\n|-heal|p2b: Altaria|100/100\n|-singleturn|p2b: Altaria|move: Roost\n|move|p1a: Corviknight|Iron Defense|p1a: Corviknight\n|-boost|p1a: Corviknight|def|0\n|\n|-heal|p1a: Corviknight|80/100 par|[from] item: Leftovers\n|-damage|p1a: Corviknight|68/100 par|[from] move: Fire Spin|[partiallytrapped]\n|upkeep\n|turn|41\n|inactive|ansdasd has 20 seconds left this turn.\n|inactive|ansdasd has 15 seconds left.\n|\n|t:|1776187093\n|move|p2b: Altaria|Body Slam|p1a: Corviknight\n|-resisted|p1a: Corviknight|1\n|-damage|p1a: Corviknight|64/100 par\n|move|p1a: Corviknight|Iron Defense|p1a: Corviknight\n|-boost|p1a: Corviknight|def|0\n|\n|-heal|p1a: Corviknight|70/100 par|[from] item: Leftovers\n|-damage|p1a: Corviknight|58/100 par|[from] move: Fire Spin|[partiallytrapped]\n|upkeep\n|turn|42\n|inactive|ansdasd has 15 seconds left this turn.\n|inactive|ansdasd has 10 seconds left.\n|\n|t:|1776187102\n|move|p2b: Altaria|Body Slam|p1a: Corviknight\n|-resisted|p1a: Corviknight|1\n|-damage|p1a: Corviknight|54/100 par\n|move|p1a: Corviknight|Iron Defense|p1a: Corviknight\n|-boost|p1a: Corviknight|def|0\n|\n|-heal|p1a: Corviknight|60/100 par|[from] item: Leftovers\n|-damage|p1a: Corviknight|48/100 par|[from] move: Fire Spin|[partiallytrapped]\n|upkeep\n|turn|43\n|inactive|ansdasd has 10 seconds left this turn.\n|\n|t:|1776187106\n|move|p2b: Altaria|Body Slam|p1a: Corviknight\n|-resisted|p1a: Corviknight|1\n|-damage|p1a: Corviknight|44/100 par\n|move|p1a: Corviknight|Iron Defense|p1a: Corviknight\n|-boost|p1a: Corviknight|def|0\n|\n|-heal|p1a: Corviknight|50/100 par|[from] item: Leftovers\n|-damage|p1a: Corviknight|38/100 par|[from] move: Fire Spin|[partiallytrapped]\n|upkeep\n|turn|44\n|inactive|ansdasd has 10 seconds left this turn.\n|inactive|jingming has 30 seconds left.\n|\n|t:|1776187112\n|move|p2b: Altaria|Body Slam|p1a: Corviknight\n|-resisted|p1a: Corviknight|1\n|-damage|p1a: Corviknight|35/100 par\n|move|p1a: Corviknight|Iron Defense|p1a: Corviknight\n|-boost|p1a: Corviknight|def|0\n|\n|-heal|p1a: Corviknight|40/100 par|[from] item: Leftovers\n|-end|p1a: Corviknight|Fire Spin|[partiallytrapped]\n|upkeep\n|turn|45\n|inactive|jingming has 30 seconds left this turn.\n|inactive|ansdasd has 10 seconds left this turn.\n|\n|t:|1776187122\n|move|p2b: Altaria|Body Slam|p1a: Corviknight\n|-resisted|p1a: Corviknight|1\n|-damage|p1a: Corviknight|37/100 par\n|move|p1a: Corviknight|Brave Bird|p2b: Altaria\n|-damage|p2b: Altaria|92/100\n|-damage|p1a: Corviknight|35/100 par|[from] Recoil\n|\n|-heal|p1a: Corviknight|40/100 par|[from] item: Leftovers\n|upkeep\n|turn|46\n|inactive|jingming has 25 seconds left this turn.\n|inactive|ansdasd has 10 seconds left this turn.\n|\n|t:|1776187125\n|move|p2b: Altaria|Cotton Guard|p2b: Altaria\n|-boost|p2b: Altaria|def|0\n|move|p1a: Corviknight|Brave Bird|p1: Garchomp|[notarget]\n|-fail|p1a: Corviknight\n|\n|-heal|p1a: Corviknight|46/100 par|[from] item: Leftovers\n|upkeep\n|turn|47\n|inactive|jingming has 25 seconds left this turn.\n|inactive|ansdasd has 10 seconds left this turn.\n|inactive|jingming has 20 seconds left.\n|\n|t:|1776187134\n|move|p2b: Altaria|Cotton Guard|p2b: Altaria\n|-boost|p2b: Altaria|def|0\n|move|p1a: Corviknight|Brave Bird|p1: Garchomp|[notarget]\n|-fail|p1a: Corviknight\n|\n|-heal|p1a: Corviknight|52/100 par|[from] item: Leftovers\n|upkeep\n|turn|48\n|inactive|jingming has 20 seconds left this turn.\n|inactive|ansdasd has 10 seconds left this turn.\n|inactive|jingming has 15 seconds left.\n|\n|t:|1776187141\n|move|p2b: Altaria|Cotton Guard|p2b: Altaria\n|-boost|p2b: Altaria|def|0\n|move|p1a: Corviknight|Brave Bird|p1: Garchomp|[notarget]\n|-fail|p1a: Corviknight\n|\n|-heal|p1a: Corviknight|58/100 par|[from] item: Leftovers\n|upkeep\n|turn|49\n|inactive|jingming has 15 seconds left this turn.\n|inactive|ansdasd has 10 seconds left this turn.\n|\n|t:|1776187146\n|move|p2b: Altaria|Body Slam|p1a: Corviknight\n|-resisted|p1a: Corviknight|1\n|-damage|p1a: Corviknight|55/100 par\n|cant|p1a: Corviknight|par\n|\n|-heal|p1a: Corviknight|61/100 par|[from] item: Leftovers\n|upkeep\n|turn|50\n|inactive|jingming has 15 seconds left this turn.\n|inactive|ansdasd has 10 seconds left this turn.\n|\n|t:|1776187149\n|move|p2b: Altaria|Cotton Guard|p2b: Altaria\n|-boost|p2b: Altaria|def|0\n|move|p1a: Corviknight|Brave Bird|p1: Garchomp|[notarget]\n|-fail|p1a: Corviknight\n|\n|-heal|p1a: Corviknight|67/100 par|[from] item: Leftovers\n|upkeep\n|turn|51\n|inactive|jingming has 15 seconds left this turn.\n|inactive|ansdasd has 10 seconds left this turn.\n|\n|t:|1776187154\n|move|p2b: Altaria|Body Slam|p1a: Corviknight\n|-resisted|p1a: Corviknight|1\n|-damage|p1a: Corviknight|64/100 par\n|move|p1a: Corviknight|Brave Bird|p1: Garchomp|[notarget]\n|-fail|p1a: Corviknight\n|\n|-heal|p1a: Corviknight|70/100 par|[from] item: Leftovers\n|upkeep\n|turn|52\n|inactive|jingming has 15 seconds left this turn.\n|inactive|ansdasd has 10 seconds left this turn.\n|\n|t:|1776187158\n|move|p2b: Altaria|Cotton Guard|p2b: Altaria\n|-boost|p2b: Altaria|def|0\n|cant|p1a: Corviknight|par\n|\n|-heal|p1a: Corviknight|76/100 par|[from] item: Leftovers\n|upkeep\n|turn|53\n|inactive|jingming has 15 seconds left this turn.\n|inactive|ansdasd has 10 seconds left this turn.\n|inactive|ansdasd has 5 seconds left.\n|\n|t:|1776187164\n|move|p2b: Altaria|Roost|p2b: Altaria\n|-heal|p2b: Altaria|100/100\n|-singleturn|p2b: Altaria|move: Roost\n|move|p1a: Corviknight|Brave Bird|p1: Garchomp|[notarget]\n|-fail|p1a: Corviknight\n|\n|-heal|p1a: Corviknight|81/100 par|[from] item: Leftovers\n|upkeep\n|turn|54\n|inactive|jingming has 15 seconds left this turn.\n|inactive|ansdasd has 5 seconds left this turn.\n|\n|t:|1776187168\n|move|p2b: Altaria|Roost||[still]\n|-fail|p2b: Altaria|heal\n|move|p1a: Corviknight|Brave Bird|p1: Garchomp|[notarget]\n|-fail|p1a: Corviknight\n|\n|-heal|p1a: Corviknight|87/100 par|[from] item: Leftovers\n|upkeep\n|turn|55\n|inactive|jingming has 15 seconds left this turn.\n|inactive|ansdasd has 5 seconds left this turn.\n|inactive|jingming has 10 seconds left.\n|\n|t:|1776187175\n|move|p2b: Altaria|Roost||[still]\n|-fail|p2b: Altaria|heal\n|move|p1a: Corviknight|Brave Bird|p1: Garchomp|[notarget]\n|-fail|p1a: Corviknight\n|\n|-heal|p1a: Corviknight|93/100 par|[from] item: Leftovers\n|upkeep\n|turn|56\n|inactive|jingming has 10 seconds left this turn.\n|inactive|ansdasd has 5 seconds left this turn.\n|\n|t:|1776187178\n|move|p2b: Altaria|Roost||[still]\n|-fail|p2b: Altaria|heal\n|move|p1a: Corviknight|Brave Bird|p1: Garchomp|[notarget]\n|-fail|p1a: Corviknight\n|\n|-heal|p1a: Corviknight|99/100 par|[from] item: Leftovers\n|upkeep\n|turn|57\n|inactive|jingming has 10 seconds left this turn.\n|inactive|ansdasd has 5 seconds left this turn.\n|\n|t:|1776187181\n|-activate|p2b: Altaria|move: Struggle\n|move|p2b: Altaria|Struggle|p1a: Corviknight\n|-damage|p1a: Corviknight|97/100 par\n|-damage|p2b: Altaria|75/100|[from] recoil\n|move|p1a: Corviknight|Brave Bird|p1: Garchomp|[notarget]\n|-fail|p1a: Corviknight\n|\n|-heal|p1a: Corviknight|100/100 par|[from] item: Leftovers\n|upkeep\n|turn|58\n|inactive|jingming has 10 seconds left this turn.\n|inactive|ansdasd has 5 seconds left this turn.\n|\n|t:|1776187186\n|-activate|p2b: Altaria|move: Struggle\n|move|p2b: Altaria|Struggle|p1a: Corviknight\n|-damage|p1a: Corviknight|98/100 par\n|-damage|p2b: Altaria|50/100|[from] recoil\n|cant|p1a: Corviknight|par\n|\n|-heal|p1a: Corviknight|100/100 par|[from] item: Leftovers\n|upkeep\n|turn|59\n|inactive|jingming has 10 seconds left this turn.\n|inactive|ansdasd has 5 seconds left this turn.\n|\n|t:|1776187188\n|-activate|p2b: Altaria|move: Struggle\n|move|p2b: Altaria|Struggle|p1a: Corviknight\n|-damage|p1a: Corviknight|98/100 par\n|-damage|p2b: Altaria|25/100|[from] recoil\n|move|p1a: Corviknight|Brave Bird|p1: Garchomp|[notarget]\n|-fail|p1a: Corviknight\n|\n|-heal|p1a: Corviknight|100/100 par|[from] item: Leftovers\n|upkeep\n|turn|60\n|inactive|jingming has 10 seconds left this turn.\n|inactive|ansdasd has 5 seconds left this turn.\n|\n|t:|1776187191\n|-activate|p2b: Altaria|move: Struggle\n|move|p2b: Altaria|Struggle|p1a: Corviknight\n|-damage|p1a: Corviknight|98/100 par\n|-damage|p2b: Altaria|0 fnt|[from] recoil\n|faint|p2b: Altaria\n|\n|win|jingming\n|raw|jingming's rating: 1058 &rarr; <strong>1092</strong><br />(+34 for winning)\n|raw|ansdasd's rating: 1086 &rarr; <strong>1061</strong><br />(-25 for losing)\n",
  "uploadtime": 1776187199,
  "views": 18,
  "formatid": "gen9championsvgc2026regma",
  "rating": 1061,
  "private": 0,
  "password": null
}