{
  "id": "gen9championsvgc2026regma-2584833915",
  "format": "[Gen 9 Champions] VGC 2026 Reg M-A",
  "players": [
    "WaluigiVGC",
    "ZestyNolan"
  ],
  "log": "|j|\u2606WaluigiVGC\n|j|\u2606ZestyNolan\n|t:|1776287234\n|gametype|doubles\n|player|p1|WaluigiVGC|101|1199\n|player|p2|ZestyNolan|265|1196\n|gen|9\n|tier|[Gen 9 Champions] VGC 2026 Reg M-A\n|rated|\n|rule|Species Clause: Limit one of each Pok\u00e9mon\n|rule|Item Clause: Limit 1 of each item\n|clearpoke\n|poke|p1|Sneasler, L50, F|\n|poke|p1|Aerodactyl, L50, M|\n|poke|p1|Basculegion, L50, M|\n|poke|p1|Incineroar, L50, M|\n|poke|p1|Floette-Eternal, L50, F|\n|poke|p1|Sinistcha, L50|\n|poke|p2|Aerodactyl, L50, M|\n|poke|p2|Meganium, L50, M|\n|poke|p2|Tyranitar, L50, F|\n|poke|p2|Garchomp, L50, F|\n|poke|p2|Delphox, L50, M|\n|poke|p2|Tauros-Paldea-Aqua, L50, M|\n|teampreview|4\n|inactive|Battle timer is ON: inactive players will automatically lose when time's up. (requested by ZestyNolan)\n|inactive|ZestyNolan has 60 seconds left.\n|\n|t:|1776287291\n|teamsize|p1|4\n|teamsize|p2|4\n|start\n|switch|p1a: Aerodactyl|Aerodactyl, L50, M|100/100\n|switch|p1b: Floette|Floette-Eternal, L50, F|100/100\n|switch|p2a: Aerodactyl|Aerodactyl, L50, M|100/100\n|switch|p2b: Meganium|Meganium, L50, M|100/100\n|-ability|p1a: Aerodactyl|Unnerve\n|-ability|p2a: Aerodactyl|Unnerve\n|turn|1\n|\n|t:|1776287316\n|detailschange|p2b: Meganium|Meganium-Mega, L50, M\n|-mega|p2b: Meganium|Meganium|Meganiumite\n|move|p1b: Floette|Protect|p1b: Floette\n|-singleturn|p1b: Floette|Protect\n|move|p1a: Aerodactyl|Tailwind|p1a: Aerodactyl\n|-sidestart|p1: WaluigiVGC|move: Tailwind\n|move|p2a: Aerodactyl|Tailwind|p2a: Aerodactyl\n|-sidestart|p2: ZestyNolan|move: Tailwind\n|move|p2b: Meganium|Solar Beam||[still]\n|-prepare|p2b: Meganium|Solar Beam\n|-activate|p2b: Meganium|ability: Mega Sol\n|-anim|p2b: Meganium|Solar Beam|p1b: Floette\n|-activate|p1b: Floette|move: Protect\n|\n|upkeep\n|turn|2\n|inactive|ZestyNolan has 30 seconds left.\n|\n|t:|1776287349\n|detailschange|p1b: Floette|Floette-Mega, L50, F\n|-mega|p1b: Floette|Floette|Floettite\n|-ability|p1b: Floette|Fairy Aura\n|move|p1a: Aerodactyl|Rock Slide|p2a: Aerodactyl|[spread] p2a\n|-miss|p1a: Aerodactyl|p2b: Meganium\n|-supereffective|p2a: Aerodactyl|1\n|-damage|p2a: Aerodactyl|27/100\n|move|p2a: Aerodactyl|Rock Slide|p1a: Aerodactyl|[spread] p1a,p1b\n|-supereffective|p1a: Aerodactyl|1\n|-damage|p1a: Aerodactyl|19/100\n|-damage|p1b: Floette|69/100\n|cant|p1b: Floette|flinch\n|move|p2b: Meganium|Solar Beam||[still]\n|-prepare|p2b: Meganium|Solar Beam\n|-activate|p2b: Meganium|ability: Mega Sol\n|-anim|p2b: Meganium|Solar Beam|p1b: Floette\n|-damage|p1b: Floette|19/100\n|\n|upkeep\n|turn|3\n|inactive|WaluigiVGC has 30 seconds left.\n|inactive|ZestyNolan has 30 seconds left.\n|\n|t:|1776287383\n|switch|p1a: Sinistcha|Sinistcha, L50|100/100\n|-heal|p1b: Floette|44/100|[from] ability: Hospitality|[of] p1a: Sinistcha\n|move|p2a: Aerodactyl|Dual Wingbeat|p1b: Floette\n|-damage|p1b: Floette|23/100\n|-crit|p1b: Floette\n|-damage|p1b: Floette|0 fnt\n|faint|p1b: Floette\n|-hitcount|p1: Floette|2\n|move|p2b: Meganium|Dazzling Gleam|p1a: Sinistcha\n|-damage|p1a: Sinistcha|44/100\n|\n|upkeep\n|\n|t:|1776287397\n|switch|p1b: Basculegion|Basculegion, L50, M|100/100\n|turn|4\n|\n|t:|1776287422\n|move|p1b: Basculegion|Wave Crash|p2b: Meganium\n|-resisted|p2b: Meganium|1\n|-damage|p2b: Meganium|67/100\n|-damage|p1b: Basculegion|90/100|[from] Recoil\n|move|p2a: Aerodactyl|Dual Wingbeat|p1a: Sinistcha\n|-supereffective|p1a: Sinistcha|1\n|-damage|p1a: Sinistcha|19/100\n|-supereffective|p1a: Sinistcha|1\n|-crit|p1a: Sinistcha\n|-damage|p1a: Sinistcha|0 fnt\n|faint|p1a: Sinistcha\n|-hitcount|p1: Sinistcha|2\n|move|p2b: Meganium|Solar Beam||[still]\n|-prepare|p2b: Meganium|Solar Beam\n|-activate|p2b: Meganium|ability: Mega Sol\n|-anim|p2b: Meganium|Solar Beam|p1b: Basculegion\n|-supereffective|p1b: Basculegion|1\n|-damage|p1b: Basculegion|0 fnt\n|faint|p1b: Basculegion\n|\n|-sideend|p2: ZestyNolan|move: Tailwind\n|-sideend|p1: WaluigiVGC|move: Tailwind\n|upkeep\n|\n|t:|1776287443\n|switch|p1b: Aerodactyl|Aerodactyl, L50, M|19/100\n|-ability|p1b: Aerodactyl|Unnerve\n|turn|5\n|\n|t:|1776287452\n|move|p1b: Aerodactyl|Rock Slide|p2a: Aerodactyl|[spread] p2b\n|-miss|p1b: Aerodactyl|p2a: Aerodactyl\n|-damage|p2b: Meganium|44/100\n|move|p2a: Aerodactyl|Rock Slide|p1b: Aerodactyl\n|-supereffective|p1b: Aerodactyl|1\n|-damage|p1b: Aerodactyl|0 fnt\n|faint|p1b: Aerodactyl\n|\n|win|ZestyNolan\n|raw|WaluigiVGC's rating: 1199 &rarr; <strong>1174</strong><br />(-25 for losing)\n|raw|ZestyNolan's rating: 1196 &rarr; <strong>1221</strong><br />(+25 for winning)\n",
  "uploadtime": 1776287462,
  "views": 24,
  "formatid": "gen9championsvgc2026regma",
  "rating": 1174,
  "private": 0,
  "password": null
}