{
  "id": "gen9championsvgc2026regma-2583665514",
  "format": "[Gen 9 Champions] VGC 2026 Reg M-A",
  "players": [
    "Gaby Glytxii",
    "SkibidiGooner2"
  ],
  "log": "|j|\u2606Gaby Glytxii\n|j|\u2606SkibidiGooner2\n|t:|1776189712\n|gametype|doubles\n|player|p1|Gaby Glytxii|169|1055\n|player|p2|SkibidiGooner2|1|1117\n|gen|9\n|tier|[Gen 9 Champions] VGC 2026 Reg M-A\n|rated|\n|rule|Species Clause: Limit one of each Pok\u00e9mon\n|rule|Item Clause: Limit 1 of each item\n|clearpoke\n|poke|p1|Gallade, L50, M|\n|poke|p1|Volcarona, L50, M|\n|poke|p1|Zoroark-Hisui, L50, M|\n|poke|p1|Dragonite, L50, M|\n|poke|p1|Altaria, L50, F|\n|poke|p2|Aegislash, L50, M|\n|poke|p2|Farigiraf, L50, F|\n|poke|p2|Sinistcha-Masterpiece, L50|\n|poke|p2|Drampa, L50, F|\n|poke|p2|Basculegion-F, L50, F|\n|poke|p2|Golurk, L50|\n|teampreview|4\n|\n|t:|1776189739\n|teamsize|p1|4\n|teamsize|p2|4\n|start\n|switch|p1a: Gallade|Gallade, L50, M|100/100\n|switch|p1b: Altaria|Altaria, L50, F|100/100\n|switch|p2a: Aegislash|Aegislash, L50, M, shiny|100/100\n|switch|p2b: Farigiraf|Farigiraf, L50, F|100/100\n|-ability|p1b: Altaria|Cloud Nine\n|turn|1\n|\n|t:|1776189755\n|move|p1a: Gallade|Nasty Plot|p1a: Gallade\n|-boost|p1a: Gallade|spa|2\n|-formechange|p2a: Aegislash|Aegislash-Blade|\n|move|p2a: Aegislash|Flash Cannon|p1b: Altaria\n|-damage|p1b: Altaria|50/100\n|move|p1b: Altaria|Roar|p2b: Farigiraf\n|drag|p2b: Drampa|Drampa, L50, F|100/100\n|-ability|p2b: Drampa|Cloud Nine\n|\n|-heal|p1b: Altaria|57/100|[from] item: Leftovers\n|upkeep\n|turn|2\n|\n|t:|1776189773\n|move|p2b: Drampa|Protect|p2b: Drampa\n|-singleturn|p2b: Drampa|Protect\n|move|p2a: Aegislash|Shadow Sneak|p1a: Gallade\n|-immune|p1a: Gallade\n|move|p1a: Gallade|Sludge Bomb|p2b: Drampa\n|-activate|p2b: Drampa|move: Protect\n|move|p1b: Altaria|Will-O-Wisp|p2a: Aegislash\n|-status|p2a: Aegislash|brn\n|\n|-heal|p1b: Altaria|63/100|[from] item: Leftovers\n|-damage|p2a: Aegislash|95/100 brn|[from] brn\n|upkeep\n|turn|3\n|\n|t:|1776189796\n|detailschange|p2b: Drampa|Drampa-Mega, L50, F\n|-mega|p2b: Drampa|Drampa|Drampanite\n|move|p1a: Gallade|Sludge Bomb|p2b: Drampa\n|-damage|p2b: Drampa|49/100\n|-ability|p2b: Drampa|Berserk|boost\n|-boost|p2b: Drampa|spa|1\n|move|p1b: Altaria|Tailwind|p1b: Altaria\n|-sidestart|p1: Gaby Glytxii|move: Tailwind\n|move|p2a: Aegislash|Flash Cannon|p1b: Altaria\n|-damage|p1b: Altaria|15/100\n|move|p2b: Drampa|Hyper Voice|p1b: Altaria|[spread] p1b\n|-immune|p1a: Gallade\n|-damage|p1b: Altaria|0 fnt\n|faint|p1b: Altaria\n|\n|-damage|p2a: Aegislash|89/100 brn|[from] brn\n|upkeep\n|\n|t:|1776189811\n|switch|p1b: Dragonite|Dragonite, L50, M|100/100\n|turn|4\n|l|\u2606SkibidiGooner2\n|player|p2|\n|inactive|Battle timer is ON: inactive players will automatically lose when time's up. (requested by Gaby Glytxii)\n|j|\u2606SkibidiGooner2\n|inactive|SkibidiGooner2 reconnected and has 80 seconds left.\n|player|p2|SkibidiGooner2|1|\n|inactive|SkibidiGooner2 has 60 seconds left.\n|\n|t:|1776189868\n|move|p2b: Drampa|Protect|p2b: Drampa\n|-singleturn|p2b: Drampa|Protect\n|move|p2a: Aegislash|Shadow Sneak|p1a: Gallade\n|-immune|p1a: Gallade\n|move|p1a: Gallade|Shadow Ball|p2a: Aegislash\n|-supereffective|p2a: Aegislash|1\n|-damage|p2a: Aegislash|0 fnt\n|faint|p2a: Aegislash\n|move|p1b: Dragonite|Dragon Dance|p1b: Dragonite\n|-boost|p1b: Dragonite|atk|1\n|-boost|p1b: Dragonite|spe|1\n|\n|upkeep\n|\n|t:|1776189881\n|switch|p2a: Farigiraf|Farigiraf, L50, F|100/100\n|turn|5\n|\n|t:|1776189895\n|move|p1b: Dragonite|Iron Head|p2a: Farigiraf\n|-damage|p2a: Farigiraf|65/100\n|move|p1a: Gallade|Sludge Bomb|p2a: Farigiraf\n|-damage|p2a: Farigiraf|3/100\n|-status|p2a: Farigiraf|psn\n|move|p2b: Drampa|Hyper Voice|p1b: Dragonite|[spread] p1b\n|-immune|p1a: Gallade\n|-damage|p1b: Dragonite|27/100\n|-enditem|p1b: Dragonite|Sitrus Berry|[eat]\n|-heal|p1b: Dragonite|52/100|[from] item: Sitrus Berry\n|move|p2a: Farigiraf|Trick Room|p2a: Farigiraf\n|-fieldstart|move: Trick Room|[of] p2a: Farigiraf\n|\n|-heal|p2a: Farigiraf|9/100 psn|[from] item: Leftovers\n|-damage|p2a: Farigiraf|0 fnt|[from] psn\n|faint|p2a: Farigiraf\n|upkeep\n|\n|t:|1776189914\n|switch|p2a: Basculegion|Basculegion-F, L50, F, shiny|100/100\n|turn|6\n|\n|t:|1776189931\n|move|p2b: Drampa|Hyper Voice|p1a: Gallade|[spread] p1b\n|-immune|p1a: Gallade\n|-damage|p1b: Dragonite|0 fnt\n|faint|p1b: Dragonite\n|move|p2a: Basculegion|Ice Beam|p1a: Gallade\n|-damage|p1a: Gallade|42/100\n|replace|p1a: Zoroark|Zoroark-Hisui, L50, M\n|-end|p1a: Zoroark|Illusion\n|move|p1a: Zoroark|Shadow Ball|p2a: Basculegion\n|-supereffective|p2a: Basculegion|1\n|-damage|p2a: Basculegion|0 fnt\n|faint|p2a: Basculegion\n|\n|-sideend|p1: Gaby Glytxii|move: Tailwind\n|upkeep\n|\n|t:|1776189947\n|switch|p1b: Gallade|Gallade, L50, M|100/100\n|turn|7\n|l|\u2606SkibidiGooner2\n|inactive|SkibidiGooner2 disconnected and has a minute to reconnect!\n|player|p2|\n|j|\u2606SkibidiGooner2\n|inactive|SkibidiGooner2 reconnected and has 45 seconds left.\n|player|p2|SkibidiGooner2|1|\n|inactive|SkibidiGooner2 has 30 seconds left.\n|\n|t:|1776189972\n|detailschange|p1b: Gallade|Gallade-Mega, L50, M\n|-mega|p1b: Gallade|Gallade|Galladite\n|move|p2b: Drampa|Fire Blast|p1b: Gallade\n|-damage|p1b: Gallade|14/100\n|move|p1a: Zoroark|Sludge Bomb|p2b: Drampa\n|-damage|p2b: Drampa|0 fnt\n|faint|p2b: Drampa\n|\n|win|Gaby Glytxii\n|raw|Gaby Glytxii's rating: 1055 &rarr; <strong>1092</strong><br />(+37 for winning)\n|raw|SkibidiGooner2's rating: 1117 &rarr; <strong>1088</strong><br />(-29 for losing)\n|c|\u2606SkibidiGooner2|gg\n",
  "uploadtime": 1776189984,
  "views": 16,
  "formatid": "gen9championsvgc2026regma",
  "rating": 1088,
  "private": 0,
  "password": null
}