{
  "id": "gen9championsvgc2026regma-2588400493",
  "format": "[Gen 9 Champions] VGC 2026 Reg M-A",
  "players": [
    "Ay.lucian",
    "theMonti_123"
  ],
  "log": "|j|\u2606Ay.lucian\n|j|\u2606theMonti_123\n|t:|1776630348\n|gametype|doubles\n|player|p1|Ay.lucian|hiker-gen4|1134\n|player|p2|theMonti_123|blue|1090\n|gen|9\n|tier|[Gen 9 Champions] VGC 2026 Reg M-A\n|rated|\n|rule|Species Clause: Limit one of each Pok\u00e9mon\n|rule|Item Clause: Limit 1 of each item\n|clearpoke\n|poke|p1|Primarina, L50, M|\n|poke|p1|Politoed, L50, F|\n|poke|p1|Meganium, L50, F|\n|poke|p1|Tyranitar, L50, M|\n|poke|p1|Ninetales-Alola, L50, F|\n|poke|p1|Milotic, L50, F|\n|poke|p2|Starmie, L50|\n|poke|p2|Klefki, L50, M, shiny|\n|poke|p2|Maushold, L50|\n|poke|p2|Dragonite, L50, F|\n|poke|p2|Aegislash, L50, M, shiny|\n|poke|p2|Tyranitar, L50, F|\n|teampreview|4\n|inactive|Battle timer is ON: inactive players will automatically lose when time's up. (requested by Ay.lucian)\n|inactive|Ay.lucian has 60 seconds left.\n|inactive|theMonti_123 has 60 seconds left.\n|\n|t:|1776630397\n|teamsize|p1|4\n|teamsize|p2|4\n|start\n|switch|p1a: Primarina|Primarina, L50, M|100/100\n|switch|p1b: Politoed|Politoed, L50, F|100/100\n|switch|p2a: Maushold|Maushold, L50|100/100\n|switch|p2b: Dragonite|Dragonite, L50, F|100/100\n|-weather|RainDance|[from] ability: Drizzle|[of] p1b: Politoed\n|turn|1\n|\n|t:|1776630418\n|switch|p1b: Ninetales|Ninetales-Alola, L50, F|100/100\n|-weather|Snowscape|[from] ability: Snow Warning|[of] p1b: Ninetales\n|move|p2a: Maushold|Population Bomb|p1a: Primarina\n|-damage|p1a: Primarina|93/100\n|-damage|p1a: Primarina|85/100\n|-damage|p1a: Primarina|77/100\n|-hitcount|p1a: Primarina|3\n|move|p2b: Dragonite|Tailwind|p2b: Dragonite\n|-sidestart|p2: theMonti_123|move: Tailwind\n|cant|p1a: Primarina|flinch\n|\n|-weather|Snowscape|[upkeep]\n|upkeep\n|turn|2\n|inactive|theMonti_123 has 30 seconds left.\n|\n|t:|1776630448\n|move|p2a: Maushold|Population Bomb|p1a: Primarina\n|-damage|p1a: Primarina|69/100\n|-damage|p1a: Primarina|60/100\n|-damage|p1a: Primarina|52/100\n|-damage|p1a: Primarina|44/100\n|-damage|p1a: Primarina|35/100\n|-damage|p1a: Primarina|27/100\n|-damage|p1a: Primarina|19/100\n|-damage|p1a: Primarina|10/100\n|-damage|p1a: Primarina|2/100\n|-damage|p1a: Primarina|0 fnt\n|faint|p1a: Primarina\n|-hitcount|p1: Primarina|10\n|move|p2b: Dragonite|Flamethrower|p1b: Ninetales\n|-supereffective|p1b: Ninetales|1\n|-damage|p1b: Ninetales|55/100\n|move|p1b: Ninetales|Aurora Veil|p1b: Ninetales\n|-sidestart|p1: Ay.lucian|move: Aurora Veil\n|\n|-weather|Snowscape|[upkeep]\n|upkeep\n|\n|t:|1776630469\n|switch|p1a: Meganium|Meganium, L50, F|100/100\n|turn|3\n|\n|t:|1776630480\n|detailschange|p1a: Meganium|Meganium-Mega, L50, F\n|-mega|p1a: Meganium|Meganium|Meganiumite\n|move|p2a: Maushold|Helping Hand|p2b: Dragonite\n|-singleturn|p2b: Dragonite|Helping Hand|[of] p2a: Maushold\n|move|p2b: Dragonite|Flamethrower|p1a: Meganium\n|-supereffective|p1a: Meganium|1\n|-damage|p1a: Meganium|64/100\n|move|p1b: Ninetales|Blizzard|p2b: Dragonite|[spread] p2a,p2b\n|-supereffective|p2b: Dragonite|2\n|-damage|p2a: Maushold|47/100\n|-damage|p2b: Dragonite|64/100\n|move|p1a: Meganium|Solar Beam||[still]\n|-prepare|p1a: Meganium|Solar Beam\n|-activate|p1a: Meganium|ability: Mega Sol\n|-anim|p1a: Meganium|Solar Beam|p2a: Maushold\n|-damage|p2a: Maushold|0 fnt\n|faint|p2a: Maushold\n|\n|-weather|Snowscape|[upkeep]\n|-heal|p2b: Dragonite|70/100|[from] item: Leftovers\n|upkeep\n|\n|t:|1776630498\n|switch|p2a: Aegislash|Aegislash, L50, M, shiny|100/100\n|turn|4\n|\n|t:|1776630519\n|move|p2b: Dragonite|Flamethrower|p1a: Meganium\n|-supereffective|p1a: Meganium|1\n|-damage|p1a: Meganium|38/100\n|move|p1b: Ninetales|Blizzard|p2b: Dragonite|[spread] p2a,p2b\n|-resisted|p2a: Aegislash|1\n|-supereffective|p2b: Dragonite|2\n|-damage|p2a: Aegislash|85/100\n|-damage|p2b: Dragonite|0 fnt\n|faint|p2b: Dragonite\n|-formechange|p2a: Aegislash|Aegislash-Blade|\n|move|p2a: Aegislash|Iron Head|p1b: Ninetales\n|-supereffective|p1b: Ninetales|2\n|-damage|p1b: Ninetales|0 fnt\n|faint|p1b: Ninetales\n|move|p1a: Meganium|Weather Ball|p2a: Aegislash\n|-supereffective|p2a: Aegislash|1\n|-damage|p2a: Aegislash|0 fnt\n|faint|p2a: Aegislash\n|\n|-weather|Snowscape|[upkeep]\n|-sideend|p2: theMonti_123|move: Tailwind\n|upkeep\n|\n|t:|1776630539\n|switch|p1b: Politoed|Politoed, L50, F|100/100\n|switch|p2b: Starmie|Starmie, L50|100/100\n|-weather|RainDance|[from] ability: Drizzle|[of] p1b: Politoed\n|turn|5\n|\n|t:|1776630553\n|detailschange|p2b: Starmie|Starmie-Mega, L50\n|-mega|p2b: Starmie|Starmie|Starminite\n|move|p1b: Politoed|Weather Ball|p2b: Starmie\n|-resisted|p2b: Starmie|1\n|-damage|p2b: Starmie|58/100\n|move|p2b: Starmie|Ice Spinner|p1a: Meganium\n|-supereffective|p1a: Meganium|1\n|-crit|p1a: Meganium\n|-damage|p1a: Meganium|0 fnt\n|faint|p1a: Meganium\n|\n|-weather|RainDance|[upkeep]\n|upkeep\n|turn|6\n|\n|t:|1776630566\n|move|p1b: Politoed|Weather Ball|p2b: Starmie\n|-resisted|p2b: Starmie|1\n|-damage|p2b: Starmie|19/100\n|move|p2b: Starmie|Thunderbolt|p1b: Politoed\n|-supereffective|p1b: Politoed|1\n|-damage|p1b: Politoed|69/100\n|\n|-weather|RainDance|[upkeep]\n|-sideend|p1: Ay.lucian|move: Aurora Veil\n|upkeep\n|turn|7\n|\n|t:|1776630580\n|move|p1b: Politoed|Weather Ball|p2b: Starmie\n|-resisted|p2b: Starmie|1\n|-damage|p2b: Starmie|0 fnt\n|faint|p2b: Starmie\n|\n|win|Ay.lucian\n|raw|Ay.lucian's rating: 1134 &rarr; <strong>1156</strong><br />(+22 for winning)\n|raw|theMonti_123's rating: 1090 &rarr; <strong>1069</strong><br />(-21 for losing)\n|l|\u2606theMonti_123\n|player|p2|\n",
  "uploadtime": 1776630646,
  "views": 16,
  "formatid": "gen9championsvgc2026regma",
  "rating": 1069,
  "private": 0,
  "password": null
}