{
  "id": "gen9championsvgc2026regma-2584136073",
  "format": "[Gen 9 Champions] VGC 2026 Reg M-A",
  "players": [
    "Triplo su Presenza",
    "ScribbleScribble"
  ],
  "log": "|j|\u2606Triplo su Presenza\n|j|\u2606ScribbleScribble\n|t:|1776229229\n|gametype|doubles\n|player|p1|Triplo su Presenza|101|1440\n|player|p2|ScribbleScribble|mina-lgpe|1630\n|gen|9\n|tier|[Gen 9 Champions] VGC 2026 Reg M-A\n|rated|\n|rule|Species Clause: Limit one of each Pok\u00e9mon\n|rule|Item Clause: Limit 1 of each item\n|clearpoke\n|poke|p1|Excadrill, L50, F|\n|poke|p1|Tyranitar, L50, M|\n|poke|p1|Incineroar, L50, F|\n|poke|p1|Floette-Eternal, L50, F|\n|poke|p1|Corviknight, L50, M|\n|poke|p1|Rotom-Wash, L50|\n|poke|p2|Floette-Eternal, L50, F|\n|poke|p2|Sneasler, L50, M|\n|poke|p2|Aerodactyl, L50, M|\n|poke|p2|Kingambit, L50, M|\n|poke|p2|Basculegion, L50, M|\n|poke|p2|Farigiraf, L50, M|\n|teampreview|4\n|inactive|Battle timer is ON: inactive players will automatically lose when time's up. (requested by ScribbleScribble)\n|j| suibiandajiba\n|\n|t:|1776229258\n|teamsize|p1|4\n|teamsize|p2|4\n|start\n|switch|p1a: Rotom|Rotom-Wash, L50|100/100\n|switch|p1b: Corviknight|Corviknight, L50, M|100/100\n|switch|p2a: Aerodactyl|Aerodactyl, L50, M|100/100\n|switch|p2b: Kingambit|Kingambit, L50, M|100/100\n|-ability|p2a: Aerodactyl|Unnerve\n|turn|1\n|\n|t:|1776229270\n|move|p1a: Rotom|Thunderbolt|p2a: Aerodactyl\n|-supereffective|p2a: Aerodactyl|1\n|-enditem|p2a: Aerodactyl|Focus Sash\n|-damage|p2a: Aerodactyl|1/100\n|move|p2a: Aerodactyl|Tailwind|p2a: Aerodactyl\n|-sidestart|p2: ScribbleScribble|move: Tailwind\n|move|p2b: Kingambit|Kowtow Cleave|p1b: Corviknight\n|-damage|p1b: Corviknight|50/100\n|move|p1b: Corviknight|Bulk Up|p1b: Corviknight\n|-boost|p1b: Corviknight|atk|1\n|-boost|p1b: Corviknight|def|1\n|\n|-heal|p1b: Corviknight|56/100|[from] item: Leftovers\n|upkeep\n|turn|2\n|j| newmegasbad\n|l| newmegasbad\n|\n|t:|1776229292\n|move|p2a: Aerodactyl|Rock Slide|p1a: Rotom|[spread] p1a,p1b\n|-damage|p1a: Rotom|67/100\n|-damage|p1b: Corviknight|43/100\n|cant|p1a: Rotom|flinch\n|move|p2b: Kingambit|Kowtow Cleave|p1b: Corviknight\n|-damage|p1b: Corviknight|11/100\n|cant|p1b: Corviknight|flinch\n|\n|-heal|p1b: Corviknight|17/100|[from] item: Leftovers\n|upkeep\n|turn|3\n|j| tsetse\n|l| tsetse\n|\n|t:|1776229309\n|move|p1b: Corviknight|Protect|p1b: Corviknight\n|-singleturn|p1b: Corviknight|Protect\n|move|p2a: Aerodactyl|Rock Slide|p1a: Rotom|[spread] p1a\n|-activate|p1b: Corviknight|move: Protect\n|-damage|p1a: Rotom|35/100\n|move|p1a: Rotom|Thunderbolt|p2a: Aerodactyl\n|-supereffective|p2a: Aerodactyl|1\n|-damage|p2a: Aerodactyl|0 fnt\n|faint|p2a: Aerodactyl\n|move|p2b: Kingambit|Kowtow Cleave|p1b: Corviknight\n|-activate|p1b: Corviknight|move: Protect\n|\n|-heal|p1b: Corviknight|23/100|[from] item: Leftovers\n|upkeep\n|\n|t:|1776229314\n|switch|p2a: Sneasler|Sneasler, L50, M|100/100\n|turn|4\n|inactive|Triplo su Presenza has 30 seconds left.\n|inactive|Triplo su Presenza has 20 seconds left.\n|inactive|Triplo su Presenza has 15 seconds left.\n|inactive|Triplo su Presenza has 10 seconds left.\n|\n|t:|1776229363\n|switch|p1a: Incineroar|Incineroar, L50, F|100/100\n|-ability|p1a: Incineroar|Intimidate|boost\n|-unboost|p2a: Sneasler|atk|1\n|-unboost|p2b: Kingambit|atk|1\n|-ability|p2b: Kingambit|Defiant|boost\n|-boost|p2b: Kingambit|atk|2\n|-enditem|p2a: Sneasler|White Herb\n|-clearnegativeboost|p2a: Sneasler|[silent]\n|move|p1b: Corviknight|Protect|p1b: Corviknight\n|-singleturn|p1b: Corviknight|Protect\n|move|p2b: Kingambit|Sucker Punch||[still]\n|-fail|p2b: Kingambit\n|move|p2a: Sneasler|Close Combat|p1b: Corviknight\n|-activate|p1b: Corviknight|move: Protect\n|\n|-heal|p1b: Corviknight|29/100|[from] item: Leftovers\n|-sideend|p2: ScribbleScribble|move: Tailwind\n|upkeep\n|turn|5\n|j| Winieska Rambulera\n|inactive|ScribbleScribble has 30 seconds left.\n|\n|t:|1776229390\n|move|p1a: Incineroar|Fake Out|p2b: Kingambit\n|-resisted|p2b: Kingambit|1\n|-damage|p2b: Kingambit|97/100\n|move|p2a: Sneasler|Close Combat|p1b: Corviknight\n|-damage|p1b: Corviknight|0 fnt\n|-unboost|p2a: Sneasler|def|1\n|-unboost|p2a: Sneasler|spd|1\n|faint|p1b: Corviknight\n|cant|p2b: Kingambit|flinch\n|\n|upkeep\n|\n|t:|1776229399\n|switch|p1b: Floette|Floette-Eternal, L50, F|100/100\n|turn|6\n|\n|t:|1776229409\n|detailschange|p1b: Floette|Floette-Mega, L50, F\n|-mega|p1b: Floette|Floette|Floettite\n|-ability|p1b: Floette|Fairy Aura\n|move|p2a: Sneasler|Protect|p2a: Sneasler\n|-singleturn|p2a: Sneasler|Protect\n|move|p1b: Floette|Protect|p1b: Floette\n|-singleturn|p1b: Floette|Protect\n|move|p1a: Incineroar|Flare Blitz|p2a: Sneasler\n|-activate|p2a: Sneasler|move: Protect\n|move|p2b: Kingambit|Low Kick|p1a: Incineroar\n|-supereffective|p1a: Incineroar|1\n|-enditem|p1a: Incineroar|Chople Berry|[eat]\n|-enditem|p1a: Incineroar|Chople Berry|[weaken]\n|-damage|p1a: Incineroar|61/100\n|\n|upkeep\n|turn|7\n|\n|t:|1776229427\n|switch|p1b: Rotom|Rotom-Wash, L50|35/100\n|move|p2a: Sneasler|Dire Claw|p1b: Rotom\n|-damage|p1b: Rotom|0 fnt\n|faint|p1b: Rotom\n|move|p1a: Incineroar|Flare Blitz|p2a: Sneasler\n|-damage|p2a: Sneasler|0 fnt\n|faint|p2a: Sneasler\n|-damage|p1a: Incineroar|35/100|[from] Recoil\n|move|p2b: Kingambit|Low Kick|p1a: Incineroar\n|-supereffective|p1a: Incineroar|1\n|-damage|p1a: Incineroar|0 fnt\n|faint|p1a: Incineroar\n|\n|upkeep\n|j| trisew\n|\n|t:|1776229441\n|switch|p2a: Floette|Floette-Eternal, L50, F|100/100\n|switch|p1b: Floette|Floette-Mega, L50, F|100/100\n|-ability|p1b: Floette|Fairy Aura\n|turn|8\n|\n|t:|1776229446\n|detailschange|p2a: Floette|Floette-Mega, L50, F\n|-mega|p2a: Floette|Floette|Floettite\n|-ability|p2a: Floette|Fairy Aura\n|move|p1b: Floette|Light of Ruin|p2b: Kingambit\n|-damage|p2b: Kingambit|0 fnt\n|faint|p2b: Kingambit\n|-damage|p1b: Floette|34/100|[from] Recoil\n|move|p2a: Floette|Moonblast|p1b: Floette\n|-damage|p1b: Floette|0 fnt\n|faint|p1b: Floette\n|\n|win|ScribbleScribble\n|raw|Triplo su Presenza's rating: 1440 &rarr; <strong>1430</strong><br />(-10 for losing)\n|raw|ScribbleScribble's rating: 1630 &rarr; <strong>1640</strong><br />(+10 for winning)\n|l|\u2606ScribbleScribble\n|player|p2|\n|l| trisew\n|l|\u2606Triplo su Presenza\n|player|p1|\n",
  "uploadtime": 1776230128,
  "views": 77,
  "formatid": "gen9championsvgc2026regma",
  "rating": 1430,
  "private": 0,
  "password": null
}