{
  "id": "gen9championsvgc2026regma-2581169337",
  "format": "[Gen 9 Champions] VGC 2026 Reg M-A",
  "players": [
    "scrambledegg6",
    "MyOreocookie"
  ],
  "log": "|j|\u2606scrambledegg6\n|j|\u2606MyOreocookie\n|t:|1775966657\n|gametype|doubles\n|player|p1|scrambledegg6|lance|1000\n|player|p2|MyOreocookie|101|1000\n|gen|9\n|tier|[Gen 9 Champions] VGC 2026 Reg M-A\n|rated|\n|rule|Species Clause: Limit one of each Pok\u00e9mon\n|rule|Item Clause: Limit 1 of each item\n|clearpoke\n|poke|p1|Aerodactyl, L50, M|\n|poke|p1|Sneasler, L50, M|\n|poke|p1|Floette-Eternal, L50, F|\n|poke|p1|Kingambit, L50, F|\n|poke|p1|Maushold-Four, L50|\n|poke|p1|Basculegion, L50, M|\n|poke|p2|Blastoise, L50, F|\n|poke|p2|Heliolisk, L50, F|\n|poke|p2|Hawlucha, L50, M|\n|poke|p2|Garchomp, L50, F|\n|poke|p2|Delphox, L50, F|\n|poke|p2|Tinkaton, L50, F|\n|teampreview|4\n|inactive|Battle timer is ON: inactive players will automatically lose when time's up. (requested by scrambledegg6)\nscrambledegg6 has agreed to open team sheets.\n|\n|t:|1775966675\n|teamsize|p1|4\n|teamsize|p2|4\n|start\n|switch|p1a: Aerodactyl|Aerodactyl, L50, M, shiny|100/100\n|switch|p1b: Sneasler|Sneasler, L50, M|100/100\n|switch|p2a: Heliolisk|Heliolisk, L50, F|100/100\n|switch|p2b: Tinkaton|Tinkaton, L50, F|100/100\n|-ability|p1a: Aerodactyl|Unnerve\n|turn|1\n|-activate|p2b: Tinkaton|item: Quick Claw\n|\n|t:|1775966692\n|move|p2a: Heliolisk|Protect|p2a: Heliolisk\n|-singleturn|p2a: Heliolisk|Protect\n|move|p2b: Tinkaton|Fake Out|p1a: Aerodactyl\n|-resisted|p1a: Aerodactyl|1\n|-damage|p1a: Aerodactyl|95/100\n|move|p1b: Sneasler|Fake Out|p2b: Tinkaton\n|-resisted|p2b: Tinkaton|1\n|-damage|p2b: Tinkaton|95/100\n|cant|p1a: Aerodactyl|flinch\n|\n|upkeep\n|turn|2\n|\n|t:|1775966713\n|move|p1a: Aerodactyl|Tailwind|p1a: Aerodactyl\n|-sidestart|p1: scrambledegg6|move: Tailwind\n|move|p1b: Sneasler|Close Combat|p2a: Heliolisk\n|-supereffective|p2a: Heliolisk|1\n|-damage|p2a: Heliolisk|0 fnt\n|-unboost|p1b: Sneasler|def|1\n|-unboost|p1b: Sneasler|spd|1\n|faint|p2a: Heliolisk\n|-enditem|p1b: Sneasler|White Herb\n|-clearnegativeboost|p1b: Sneasler|[silent]\n|move|p2b: Tinkaton|Gigaton Hammer|p1b: Sneasler\n|-damage|p1b: Sneasler|29/100\n|\n|upkeep\n|\n|t:|1775966723\n|switch|p2a: Blastoise|Blastoise, L50, F|100/100\n|turn|3\n|inactive|scrambledegg6 has 30 seconds left.\n|\n|t:|1775966751\n|detailschange|p2a: Blastoise|Blastoise-Mega, L50, F\n|-mega|p2a: Blastoise|Blastoise|Blastoisinite\n|move|p2a: Blastoise|Fake Out|p1b: Sneasler\n|-damage|p1b: Sneasler|13/100\n|cant|p1b: Sneasler|flinch\n|move|p1a: Aerodactyl|Rock Slide|p2b: Tinkaton|[spread] p2a\n|-miss|p1a: Aerodactyl|p2b: Tinkaton\n|-damage|p2a: Blastoise|83/100\n|move|p2b: Tinkaton|Encore|p1a: Aerodactyl\n|-start|p1a: Aerodactyl|Encore\n|\n|upkeep\n|turn|4\n|\n|t:|1775966773\n|move|p2a: Blastoise|Protect|p2a: Blastoise\n|-singleturn|p2a: Blastoise|Protect\n|move|p2b: Tinkaton|Feint|p1b: Sneasler\n|-damage|p1b: Sneasler|3/100\n|move|p1b: Sneasler|Close Combat|p2a: Blastoise\n|-activate|p2a: Blastoise|move: Protect\n|move|p1a: Aerodactyl|Rock Slide|p2b: Tinkaton|[spread] p2b\n|-activate|p2a: Blastoise|move: Protect\n|-resisted|p2b: Tinkaton|1\n|-damage|p2b: Tinkaton|85/100\n|\n|upkeep\n|turn|5\n|\n|t:|1775966791\n|move|p1b: Sneasler|Close Combat|p2a: Blastoise\n|-damage|p2a: Blastoise|38/100\n|-unboost|p1b: Sneasler|def|1\n|-unboost|p1b: Sneasler|spd|1\n|move|p1a: Aerodactyl|Rock Slide|p2a: Blastoise|[spread] p2a,p2b\n|-resisted|p2b: Tinkaton|1\n|-damage|p2a: Blastoise|20/100\n|-damage|p2b: Tinkaton|74/100\n|move|p2b: Tinkaton|Gigaton Hammer|p1a: Aerodactyl\n|-supereffective|p1a: Aerodactyl|1\n|-damage|p1a: Aerodactyl|0 fnt\n|faint|p1a: Aerodactyl\n|move|p2a: Blastoise|Water Pulse|p1b: Sneasler\n|-damage|p1b: Sneasler|0 fnt\n|faint|p1b: Sneasler\n|\n|-sideend|p1: scrambledegg6|move: Tailwind\n|upkeep\n|\n|t:|1775966804\n|switch|p1a: Floette|Floette-Eternal, L50, F|100/100\n|switch|p1b: Basculegion|Basculegion, L50, M|100/100\n|turn|6\n|inactive|scrambledegg6 has 30 seconds left.\n|inactive|MyOreocookie has 30 seconds left.\n|inactive|MyOreocookie has 20 seconds left.\n|\n|t:|1775966840\n|switch|p2b: Hawlucha|Hawlucha, L50, M|100/100\n|detailschange|p1a: Floette|Floette-Mega, L50, F\n|-mega|p1a: Floette|Floette|Floettite\n|-ability|p1a: Floette|Fairy Aura\n|move|p1b: Basculegion|Last Respects|p2b: Hawlucha\n|-damage|p2b: Hawlucha|0 fnt\n|faint|p2b: Hawlucha\n|move|p1a: Floette|Moonblast|p2a: Blastoise\n|-damage|p2a: Blastoise|0 fnt\n|faint|p2a: Blastoise\n|\n|upkeep\n|\n|t:|1775966850\n|switch|p2b: Tinkaton|Tinkaton, L50, F|74/100\n|turn|7\n|-activate|p2b: Tinkaton|item: Quick Claw\n|\n|t:|1775966862\n|move|p2b: Tinkaton|Gigaton Hammer|p1a: Floette\n|-supereffective|p1a: Floette|1\n|-damage|p1a: Floette|0 fnt\n|faint|p1a: Floette\n|move|p1b: Basculegion|Last Respects|p2b: Tinkaton\n|-damage|p2b: Tinkaton|0 fnt\n|faint|p2b: Tinkaton\n|\n|win|scrambledegg6\n|raw|scrambledegg6's rating: 1000 &rarr; <strong>1040</strong><br />(+40 for winning)\n|raw|MyOreocookie's rating: 1000 &rarr; <strong>1000</strong><br />(+0 for losing)\n",
  "uploadtime": 1775966863,
  "views": 14,
  "formatid": "gen9championsvgc2026regma",
  "rating": 1000,
  "private": 0,
  "password": null
}