{
  "id": "gen9championsvgc2026regma-2587559223",
  "format": "[Gen 9 Champions] VGC 2026 Reg M-A",
  "players": [
    "suibiandajiba",
    "Wolfe Flick"
  ],
  "log": "|j|\u2606suibiandajiba\n|j|\u2606Wolfe Flick\n|t:|1776542233\n|gametype|doubles\n|player|p1|suibiandajiba|hilbert-wonderlauncher|1614\n|player|p2|Wolfe Flick|leon-tower|1623\n|gen|9\n|tier|[Gen 9 Champions] VGC 2026 Reg M-A\n|rated|\n|rule|Species Clause: Limit one of each Pok\u00e9mon\n|rule|Item Clause: Limit 1 of each item\n|clearpoke\n|poke|p1|Gardevoir, L50, F, shiny|\n|poke|p1|Incineroar, L50, F|\n|poke|p1|Rotom-Wash, L50|\n|poke|p1|Garchomp, L50, F|\n|poke|p1|Corviknight, L50, F|\n|poke|p1|Sinistcha, L50|\n|poke|p2|Scizor, L50, M|\n|poke|p2|Politoed, L50, M|\n|poke|p2|Sinistcha, L50, shiny|\n|poke|p2|Incineroar, L50, M|\n|poke|p2|Archaludon, L50, F|\n|poke|p2|Dragonite, L50, F|\n|teampreview|4\n|inactive|Battle timer is ON: inactive players will automatically lose when time's up. (requested by suibiandajiba)\n|\n|t:|1776542310\n|teamsize|p1|4\n|teamsize|p2|4\n|start\n|switch|p1a: Incineroar|Incineroar, L50, F|100/100\n|switch|p1b: Forever Queen|Gardevoir, L50, F, shiny|100/100\n|switch|p2a: Scizor|Scizor, L50, M|100/100\n|switch|p2b: Archaludon|Archaludon, L50, F|100/100\n|-ability|p1b: Forever Queen|Technician|Trace|[from] ability: Trace|[of] p2a: Scizor\n|-ability|p1a: Incineroar|Intimidate|boost\n|-unboost|p2a: Scizor|atk|1\n|-unboost|p2b: Archaludon|atk|1\n|turn|1\n|j| Garderoar\n|\n|t:|1776542332\n|switch|p2b: Incineroar|Incineroar, L50, M|100/100\n|-ability|p2b: Incineroar|Intimidate|boost\n|-unboost|p1a: Incineroar|atk|1\n|-unboost|p1b: Forever Queen|atk|1\n|detailschange|p1b: Forever Queen|Gardevoir-Mega, L50, F, shiny\n|-mega|p1b: Forever Queen|Gardevoir|Gardevoirite\n|move|p2a: Scizor|Protect|p2a: Scizor\n|-singleturn|p2a: Scizor|Protect\n|move|p1a: Incineroar|Fake Out|p2b: Incineroar\n|-damage|p2b: Incineroar|95/100\n|move|p1b: Forever Queen|Calm Mind|p1b: Forever Queen\n|-boost|p1b: Forever Queen|spa|1\n|-boost|p1b: Forever Queen|spd|1\n|\n|upkeep\n|turn|2\n|inactive|suibiandajiba has 30 seconds left.\n|\n|t:|1776542360\n|detailschange|p2a: Scizor|Scizor-Mega, L50, M\n|-mega|p2a: Scizor|Scizor|Scizorite\n|move|p2b: Incineroar|Fake Out|p1a: Incineroar\n|-damage|p1a: Incineroar|91/100\n|move|p1b: Forever Queen|Hyper Voice|p2b: Incineroar|[spread] p2a,p2b\n|-resisted|p2a: Scizor|1\n|-damage|p2a: Scizor|59/100\n|-damage|p2b: Incineroar|18/100\n|move|p2a: Scizor|Swords Dance|p2a: Scizor\n|-boost|p2a: Scizor|atk|2\n|cant|p1a: Incineroar|flinch\n|\n|upkeep\n|turn|3\n|inactive|suibiandajiba has 30 seconds left.\n|inactive|suibiandajiba has 20 seconds left.\n|\n|t:|1776542397\n|switch|p1a: Sinistcha|Sinistcha, L50|100/100\n|move|p1b: Forever Queen|Protect|p1b: Forever Queen\n|-singleturn|p1b: Forever Queen|Protect\n|move|p2a: Scizor|Protect|p2a: Scizor\n|-singleturn|p2a: Scizor|Protect\n|move|p2b: Incineroar|Parting Shot|p1a: Sinistcha\n|-unboost|p1a: Sinistcha|atk|1\n|-unboost|p1a: Sinistcha|spa|1\n|\n|t:|1776542410\n|switch|p2b: Politoed|Politoed, L50, M|100/100|[from] Parting Shot\n|-weather|RainDance|[from] ability: Drizzle|[of] p2b: Politoed\n|\n|-weather|RainDance|[upkeep]\n|upkeep\n|turn|4\n|\n|t:|1776542426\n|move|p2b: Politoed|Helping Hand|p2a: Scizor\n|-singleturn|p2a: Scizor|Helping Hand|[of] p2b: Politoed\n|move|p1a: Sinistcha|Rage Powder|p1a: Sinistcha\n|-singleturn|p1a: Sinistcha|move: Rage Powder\n|move|p1b: Forever Queen|Calm Mind|p1b: Forever Queen\n|-boost|p1b: Forever Queen|spa|1\n|-boost|p1b: Forever Queen|spd|1\n|move|p2a: Scizor|Bug Bite|p1a: Sinistcha\n|-damage|p1a: Sinistcha|7/100\n|-enditem|p1a: Sinistcha|Kasib Berry|[from] stealeat|[move] Bug Bite|[of] p2a: Scizor\n|\n|-weather|RainDance|[upkeep]\n|upkeep\n|turn|5\n|\n|t:|1776542443\n|move|p2a: Scizor|Protect|p2a: Scizor\n|-singleturn|p2a: Scizor|Protect\n|move|p1a: Sinistcha|Rage Powder|p1a: Sinistcha\n|-singleturn|p1a: Sinistcha|move: Rage Powder\n|move|p1b: Forever Queen|Hyper Voice|p2b: Politoed|[spread] p2b\n|-activate|p2a: Scizor|move: Protect\n|-damage|p2b: Politoed|13/100\n|-enditem|p2b: Politoed|Sitrus Berry|[eat]\n|-heal|p2b: Politoed|38/100|[from] item: Sitrus Berry\n|move|p2b: Politoed|Ice Beam|p1a: Sinistcha\n|-supereffective|p1a: Sinistcha|1\n|-damage|p1a: Sinistcha|0 fnt\n|faint|p1a: Sinistcha\n|\n|-weather|RainDance|[upkeep]\n|upkeep\n|\n|t:|1776542446\n|switch|p1a: Incineroar|Incineroar, L50, F|91/100\n|-ability|p1a: Incineroar|Intimidate|boost\n|-unboost|p2a: Scizor|atk|1\n|-unboost|p2b: Politoed|atk|1\n|turn|6\n|\n|t:|1776542466\n|switch|p2a: Archaludon|Archaludon, L50, F|100/100\n|move|p2b: Politoed|Protect|p2b: Politoed\n|-singleturn|p2b: Politoed|Protect\n|move|p1a: Incineroar|Fake Out|p2a: Archaludon\n|-resisted|p2a: Archaludon|1\n|-damage|p2a: Archaludon|96/100\n|-ability|p2a: Archaludon|Stamina|boost\n|-boost|p2a: Archaludon|def|1\n|move|p1b: Forever Queen|Hyper Voice|p2a: Archaludon|[spread] p2a\n|-activate|p2b: Politoed|move: Protect\n|-damage|p2a: Archaludon|0 fnt\n|faint|p2a: Archaludon\n|\n|-weather|RainDance|[upkeep]\n|upkeep\n|\n|t:|1776542478\n|switch|p2a: Scizor|Scizor-Mega, L50, M|59/100\n|turn|7\n|inactive|suibiandajiba has 30 seconds left.\n|inactive|suibiandajiba has 20 seconds left.\n|inactive|suibiandajiba has 15 seconds left.\n|\n|t:|1776542520\n|move|p1b: Forever Queen|Hyper Voice|p2b: Politoed|[spread] p2a,p2b\n|-resisted|p2a: Scizor|1\n|-damage|p2a: Scizor|1/100\n|-damage|p2b: Politoed|0 fnt\n|faint|p2b: Politoed\n|move|p2a: Scizor|Bug Bite|p1a: Incineroar\n|-damage|p1a: Incineroar|34/100\n|-enditem|p1a: Incineroar|Passho Berry|[from] stealeat|[move] Bug Bite|[of] p2a: Scizor\n|move|p1a: Incineroar|Flare Blitz|p2a: Scizor\n|-supereffective|p2a: Scizor|2\n|-damage|p2a: Scizor|0 fnt\n|faint|p2a: Scizor\n|-damage|p1a: Incineroar|33/100|[from] Recoil\n|\n|-weather|none\n|upkeep\n|-message|Wolfe Flick forfeited.\n|\n|win|suibiandajiba\n|raw|suibiandajiba's rating: 1614 &rarr; <strong>1635</strong><br />(+21 for winning)\n|raw|Wolfe Flick's rating: 1623 &rarr; <strong>1602</strong><br />(-21 for losing)\n|l|\u2606Wolfe Flick\n|player|p2|\n|l| Garderoar\n",
  "uploadtime": 1776542644,
  "views": 51,
  "formatid": "gen9championsvgc2026regma",
  "rating": 1602,
  "private": 0,
  "password": null
}