{
  "id": "gen9championsvgc2026regma-2587611744",
  "format": "[Gen 9 Champions] VGC 2026 Reg M-A",
  "players": [
    "bondageofthewill",
    "Pokeventurer"
  ],
  "log": "|j|\u2606bondageofthewill\n|j|\u2606Pokeventurer\n|t:|1776546870\n|gametype|doubles\n|player|p1|bondageofthewill|169|1464\n|player|p2|Pokeventurer|170|1506\n|gen|9\n|tier|[Gen 9 Champions] VGC 2026 Reg M-A\n|rated|\n|rule|Species Clause: Limit one of each Pok\u00e9mon\n|rule|Item Clause: Limit 1 of each item\n|clearpoke\n|poke|p1|Incineroar, L50, F|\n|poke|p1|Farigiraf, L50, F|\n|poke|p1|Blastoise, L50, M|\n|poke|p1|Sinistcha, L50|\n|poke|p1|Sneasler, L50, M|\n|poke|p1|Raichu, L50, F|\n|poke|p2|Talonflame, L50, M|\n|poke|p2|Kingambit, L50, F|\n|poke|p2|Garchomp, L50, M|\n|poke|p2|Basculegion, L50, M|\n|poke|p2|Floette-Eternal, L50, F|\n|poke|p2|Pelipper, L50, F|\n|teampreview|4\n|inactive|Battle timer is ON: inactive players will automatically lose when time's up. (requested by Pokeventurer)\n|j| 1#MiraidonHater\n|\n|t:|1776546904\n|teamsize|p1|4\n|teamsize|p2|4\n|start\n|switch|p1a: Incineroar|Incineroar, L50, F|100/100\n|switch|p1b: Farigiraf|Farigiraf, L50, F|100/100\n|switch|p2a: Kingambit|Kingambit, L50, F|100/100\n|switch|p2b: Floette|Floette-Eternal, L50, F|100/100\n|-ability|p1a: Incineroar|Intimidate|boost\n|-unboost|p2a: Kingambit|atk|1\n|-ability|p2a: Kingambit|Defiant|boost\n|-boost|p2a: Kingambit|atk|2\n|-unboost|p2b: Floette|atk|1\n|turn|1\n|inactive|Pokeventurer has 30 seconds left.\n|\n|t:|1776546936\n|detailschange|p2b: Floette|Floette-Mega, L50, F\n|-mega|p2b: Floette|Floette|Floettite\n|-ability|p2b: Floette|Fairy Aura\n|move|p2b: Floette|Moonblast|p1a: Incineroar\n|-damage|p1a: Incineroar|39/100\n|-unboost|p1a: Incineroar|spa|1\n|-enditem|p1a: Incineroar|Sitrus Berry|[eat]\n|-heal|p1a: Incineroar|64/100|[from] item: Sitrus Berry\n|move|p1a: Incineroar|Flare Blitz|p2a: Kingambit\n|-supereffective|p2a: Kingambit|1\n|-damage|p2a: Kingambit|22/100\n|-damage|p1a: Incineroar|38/100|[from] Recoil\n|move|p2a: Kingambit|Kowtow Cleave|p1b: Farigiraf\n|-supereffective|p1b: Farigiraf|1\n|-enditem|p1b: Farigiraf|Colbur Berry|[eat]\n|-enditem|p1b: Farigiraf|Colbur Berry|[weaken]\n|-damage|p1b: Farigiraf|23/100\n|move|p1b: Farigiraf|Trick Room|p1b: Farigiraf\n|-fieldstart|move: Trick Room|[of] p1b: Farigiraf\n|\n|upkeep\n|turn|2\n|inactive|bondageofthewill has 30 seconds left.\n|inactive|bondageofthewill has 20 seconds left.\n|inactive|bondageofthewill has 15 seconds left.\n|\n|t:|1776546977\n|switch|p1b: Sinistcha|Sinistcha, L50|100/100\n|-heal|p1a: Incineroar|62/100|[from] ability: Hospitality|[of] p1b: Sinistcha\n|move|p2a: Kingambit|Kowtow Cleave|p1a: Incineroar\n|-resisted|p1a: Incineroar|1\n|-damage|p1a: Incineroar|28/100\n|move|p1a: Incineroar|Flare Blitz|p2b: Floette\n|-damage|p2b: Floette|42/100\n|-damage|p1a: Incineroar|11/100|[from] Recoil\n|move|p2b: Floette|Dazzling Gleam|p1b: Sinistcha|[spread] p1a,p1b\n|-damage|p1a: Incineroar|0 fnt\n|-damage|p1b: Sinistcha|47/100\n|faint|p1a: Incineroar\n|\n|-heal|p1b: Sinistcha|53/100|[from] item: Leftovers\n|upkeep\n|inactive|bondageofthewill has 30 seconds left.\n|\n|t:|1776547005\n|switch|p1a: Blastoise|Blastoise, L50, M|100/100\n|turn|3\n|\n|t:|1776547029\n|detailschange|p1a: Blastoise|Blastoise-Mega, L50, M\n|-mega|p1a: Blastoise|Blastoise|Blastoisinite\n|move|p1b: Sinistcha|Rage Powder|p1b: Sinistcha\n|-singleturn|p1b: Sinistcha|move: Rage Powder\n|move|p2a: Kingambit|Sucker Punch||[still]\n|-fail|p2a: Kingambit\n|move|p1a: Blastoise|Water Pulse|p2a: Kingambit\n|-damage|p2a: Kingambit|0 fnt\n|faint|p2a: Kingambit\n|move|p2b: Floette|Moonblast|p1b: Sinistcha\n|-damage|p1b: Sinistcha|0 fnt\n|faint|p1b: Sinistcha\n|\n|upkeep\n|\n|t:|1776547043\n|switch|p2a: Basculegion|Basculegion, L50, M|100/100\n|switch|p1b: Farigiraf|Farigiraf, L50, F|23/100\n|turn|4\n|j| fairytailrpg\n|inactive|bondageofthewill has 30 seconds left.\n|\n|t:|1776547073\n|move|p2b: Floette|Protect|p2b: Floette\n|-singleturn|p2b: Floette|Protect\n|move|p1b: Farigiraf|Psychic|p2b: Floette\n|-activate|p2b: Floette|move: Protect\n|move|p1a: Blastoise|Dark Pulse|p2a: Basculegion\n|-supereffective|p2a: Basculegion|1\n|-damage|p2a: Basculegion|1/100\n|move|p2a: Basculegion|Flip Turn|p1b: Farigiraf\n|-damage|p1b: Farigiraf|0 fnt\n|faint|p1b: Farigiraf\n|\n|t:|1776547084\n|switch|p2a: Garchomp|Garchomp, L50, M|100/100|[from] Flip Turn\n|\n|upkeep\n|turn|5\n|\n|t:|1776547100\n|move|p2a: Garchomp|Protect|p2a: Garchomp\n|-singleturn|p2a: Garchomp|Protect\n|move|p1a: Blastoise|Water Pulse|p2b: Floette\n|-crit|p2b: Floette\n|-damage|p2b: Floette|0 fnt\n|faint|p2b: Floette\n|\n|-fieldend|move: Trick Room\n|upkeep\n|\n|t:|1776547107\n|switch|p2b: Basculegion|Basculegion, L50, M|1/100\n|turn|6\n|\n|t:|1776547117\n|move|p2b: Basculegion|Last Respects|p1a: Blastoise\n|-damage|p1a: Blastoise|25/100\n|move|p2a: Garchomp|Dragon Claw|p1a: Blastoise\n|-damage|p1a: Blastoise|0 fnt\n|faint|p1a: Blastoise\n|\n|win|Pokeventurer\n|raw|bondageofthewill's rating: 1464 &rarr; <strong>1446</strong><br />(-18 for losing)\n|raw|Pokeventurer's rating: 1506 &rarr; <strong>1524</strong><br />(+18 for winning)\n|l|\u2606bondageofthewill\n|player|p1|\n|l|\u2606Pokeventurer\n|player|p2|\n|j| porygon-epilepz\n|l| porygon-epilepz\n|l| fairytailrpg\n",
  "uploadtime": 1776546877,
  "views": 24,
  "formatid": "gen9championsvgc2026regma",
  "rating": 1446,
  "private": 0,
  "password": null
}