{
  "id": "gen9championsvgc2026regma-2585897803",
  "format": "[Gen 9 Champions] VGC 2026 Reg M-A",
  "players": [
    "MakeItRain30%",
    "inxplotch"
  ],
  "log": "|j|\u203dMakeItRain30%\n|j|\u2606inxplotch\n|t:|1776379482\n|gametype|doubles\n|player|p1|MakeItRain30%|lucas|1303\n|player|p2|inxplotch|acetrainerf-gen4dp|1217\n|gen|9\n|tier|[Gen 9 Champions] VGC 2026 Reg M-A\n|rated|\n|rule|Species Clause: Limit one of each Pok\u00e9mon\n|rule|Item Clause: Limit 1 of each item\n|clearpoke\n|poke|p1|Glimmora, L50, M|\n|poke|p1|Froslass, L50, F|\n|poke|p1|Basculegion, L50, M|\n|poke|p1|Garchomp, L50, F|\n|poke|p1|Sneasler, L50, M|\n|poke|p1|Talonflame, L50, F|\n|poke|p2|Floette-Eternal, L50, F|\n|poke|p2|Corviknight, L50, M|\n|poke|p2|Incineroar, L50, F|\n|poke|p2|Garchomp, L50, F|\n|poke|p2|Gengar, L50, M|\n|poke|p2|Sinistcha, L50|\n|teampreview|4\n|inactive|Battle timer is ON: inactive players will automatically lose when time's up. (requested by MakeItRain30%)\n|inactive|MakeItRain30% has 60 seconds left.\n|\n|t:|1776379519\n|teamsize|p1|4\n|teamsize|p2|4\n|start\n|switch|p1a: Basculegion|Basculegion, L50, M|100/100\n|switch|p1b: Sneasler|Sneasler, L50, M|100/100\n|switch|p2a: Garchomp|Garchomp, L50, F|100/100\n|switch|p2b: Corviknight|Corviknight, L50, M|100/100\n|turn|1\n|\n|t:|1776379535\n|move|p1b: Sneasler|Fake Out|p2a: Garchomp\n|-damage|p2a: Garchomp|87/100\n|-damage|p1b: Sneasler|88/100|[from] ability: Rough Skin|[of] p2a: Garchomp\n|cant|p2a: Garchomp|flinch\n|move|p1a: Basculegion|Flip Turn|p2b: Corviknight\n|-damage|p2b: Corviknight|77/100\n|\n|t:|1776379539\n|switch|p1a: Garchomp|Garchomp, L50, F|100/100|[from] Flip Turn\n|move|p2b: Corviknight|Tailwind|p2b: Corviknight\n|-sidestart|p2: inxplotch|move: Tailwind\n|\n|upkeep\n|turn|2\n|\n|t:|1776379547\n|move|p1b: Sneasler|Protect|p1b: Sneasler\n|-singleturn|p1b: Sneasler|Protect\n|move|p2a: Garchomp|Earthquake|p1b: Sneasler|[spread] p1a\n|-activate|p1b: Sneasler|move: Protect\n|-immune|p2b: Corviknight\n|-damage|p1a: Garchomp|67/100\n|move|p2b: Corviknight|Brave Bird|p1b: Sneasler\n|-activate|p1b: Sneasler|move: Protect\n|move|p1a: Garchomp|Dragon Claw|p2a: Garchomp\n|-supereffective|p2a: Garchomp|1\n|-damage|p2a: Garchomp|0 fnt\n|-damage|p1a: Garchomp|55/100|[from] ability: Rough Skin|[of] p2a: Garchomp\n|faint|p2a: Garchomp\n|\n|upkeep\n|\n|t:|1776379555\n|switch|p2a: Floette|Floette-Eternal, L50, F|100/100\n|turn|3\n|\n|t:|1776379571\n|switch|p1b: Glimmora|Glimmora, L50, M|100/100\n|detailschange|p2a: Floette|Floette-Mega, L50, F\n|-mega|p2a: Floette|Floette|Floettite\n|-ability|p2a: Floette|Fairy Aura\n|move|p2a: Floette|Dazzling Gleam|p1b: Glimmora|[spread] p1a,p1b\n|-supereffective|p1a: Garchomp|1\n|-resisted|p1b: Glimmora|1\n|-damage|p1a: Garchomp|0 fnt\n|-damage|p1b: Glimmora|74/100\n|faint|p1a: Garchomp\n|move|p2b: Corviknight|Brave Bird|p1b: Glimmora\n|-resisted|p1b: Glimmora|1\n|-damage|p1b: Glimmora|51/100\n|-activate|p1b: Glimmora|ability: Toxic Debris\n|-sidestart|p2: inxplotch|move: Toxic Spikes\n|-damage|p2b: Corviknight|71/100|[from] Recoil\n|\n|upkeep\n|\n|t:|1776379574\n|switch|p1a: Sneasler|Sneasler, L50, M|88/100\n|turn|4\n|\n|t:|1776379586\n|detailschange|p1b: Glimmora|Glimmora-Mega, L50, M\n|-mega|p1b: Glimmora|Glimmora|Glimmoranite\n|move|p2a: Floette|Protect|p2a: Floette\n|-singleturn|p2a: Floette|Protect\n|move|p1a: Sneasler|Fake Out|p2b: Corviknight\n|-resisted|p2b: Corviknight|1\n|-damage|p2b: Corviknight|67/100\n|cant|p2b: Corviknight|flinch\n|move|p1b: Glimmora|Sludge Bomb|p2a: Floette\n|-activate|p2a: Floette|move: Protect\n|\n|-sideend|p2: inxplotch|move: Tailwind\n|upkeep\n|turn|5\n|\n|t:|1776379603\n|move|p1a: Sneasler|Dire Claw|p2a: Floette\n|-supereffective|p2a: Floette|1\n|-damage|p2a: Floette|0 fnt\n|faint|p2a: Floette\n|move|p1b: Glimmora|Sludge Bomb|p2b: Corviknight\n|-immune|p2b: Corviknight\n|move|p2b: Corviknight|Iron Head|p1b: Glimmora\n|-supereffective|p1b: Glimmora|1\n|-damage|p1b: Glimmora|0 fnt\n|faint|p1b: Glimmora\n|\n|upkeep\n|\n|t:|1776379607\n|switch|p2a: Sinistcha|Sinistcha, L50|100/100\n|switch|p1b: Basculegion|Basculegion, L50, M|100/100\n|-status|p2a: Sinistcha|psn\n|-heal|p2b: Corviknight|92/100|[from] ability: Hospitality|[of] p2a: Sinistcha\n|turn|6\n|\n|t:|1776379621\n|move|p1b: Basculegion|Last Respects|p2a: Sinistcha\n|-supereffective|p2a: Sinistcha|1\n|-damage|p2a: Sinistcha|0 fnt\n|faint|p2a: Sinistcha\n|move|p1a: Sneasler|Close Combat|p2b: Corviknight\n|-crit|p2b: Corviknight\n|-damage|p2b: Corviknight|37/100\n|-unboost|p1a: Sneasler|def|1\n|-unboost|p1a: Sneasler|spd|1\n|-enditem|p2b: Corviknight|Sitrus Berry|[eat]\n|-heal|p2b: Corviknight|62/100|[from] item: Sitrus Berry\n|-enditem|p1a: Sneasler|White Herb\n|-clearnegativeboost|p1a: Sneasler|[silent]\n|move|p2b: Corviknight|Brave Bird|p1a: Sneasler\n|-supereffective|p1a: Sneasler|1\n|-damage|p1a: Sneasler|0 fnt\n|faint|p1a: Sneasler\n|-damage|p2b: Corviknight|40/100|[from] Recoil\n|\n|upkeep\n|turn|7\n|\n|t:|1776379630\n|move|p1b: Basculegion|Last Respects|p2b: Corviknight\n|-damage|p2b: Corviknight|0 fnt\n|faint|p2b: Corviknight\n|\n|win|MakeItRain30%\n|raw|MakeItRain30%'s rating: 1303 &rarr; <strong>1318</strong><br />(+15 for winning)\n|raw|inxplotch's rating: 1217 &rarr; <strong>1198</strong><br />(-19 for losing)\n|c|\u2606inxplotch|gg\n",
  "uploadtime": 1776379634,
  "views": 19,
  "formatid": "gen9championsvgc2026regma",
  "rating": 1198,
  "private": 0,
  "password": null
}