{
  "id": "gen9championsvgc2026regma-2582069858",
  "format": "[Gen 9 Champions] VGC 2026 Reg M-A",
  "players": [
    "DragonairJordan23",
    "willhoop"
  ],
  "log": "|j|\u2606DragonairJordan23\n|j|\u2606willhoop\n|t:|1776054163\n|gametype|doubles\n|player|p1|DragonairJordan23|dancer|1179\n|player|p2|willhoop|169|1176\n|gen|9\n|tier|[Gen 9 Champions] VGC 2026 Reg M-A\n|rated|\n|rule|Species Clause: Limit one of each Pok\u00e9mon\n|rule|Item Clause: Limit 1 of each item\n|clearpoke\n|poke|p1|Incineroar, L50, F|\n|poke|p1|Farigiraf, L50, F|\n|poke|p1|Torkoal, L50, M|\n|poke|p1|Venusaur, L50, F|\n|poke|p1|Floette-Eternal, L50, F|\n|poke|p1|Garchomp, L50, M|\n|poke|p2|Tyranitar, L50, M|\n|poke|p2|Excadrill, L50, F|\n|poke|p2|Scizor, L50, M|\n|poke|p2|Incineroar, L50, F|\n|poke|p2|Kingambit, L50, M|\n|poke|p2|Archaludon, L50, M|\n|teampreview|4\n|\n|t:|1776054193\n|teamsize|p1|4\n|teamsize|p2|4\n|start\n|switch|p1a: Incineroar|Incineroar, L50, F|100/100\n|switch|p1b: Farigiraf|Farigiraf, L50, F|100/100\n|switch|p2a: Archaludon|Archaludon, L50, M|100/100\n|switch|p2b: Tyranitar|Tyranitar, L50, M|100/100\n|-ability|p1a: Incineroar|Intimidate|boost\n|-unboost|p2a: Archaludon|atk|1\n|-unboost|p2b: Tyranitar|atk|1\n|-weather|Sandstorm|[from] ability: Sand Stream|[of] p2b: Tyranitar\n|turn|1\n|\n|t:|1776054232\n|move|p2a: Archaludon|Dragon Pulse|p1a: Incineroar\n|-damage|p1a: Incineroar|61/100\n|move|p2b: Tyranitar|Rock Slide|p1b: Farigiraf|[spread] p1a,p1b\n|-supereffective|p1a: Incineroar|1\n|-damage|p1a: Incineroar|29/100\n|-damage|p1b: Farigiraf|84/100\n|-enditem|p1a: Incineroar|Sitrus Berry|[eat]\n|-heal|p1a: Incineroar|53/100|[from] item: Sitrus Berry\n|move|p1a: Incineroar|Parting Shot|p2a: Archaludon\n|-unboost|p2a: Archaludon|atk|1\n|-unboost|p2a: Archaludon|spa|1\n|\n|t:|1776054246\n|switch|p1a: Floette|Floette-Eternal, L50, F|100/100|[from] Parting Shot\n|cant|p1b: Farigiraf|flinch\n|\n|-weather|Sandstorm|[upkeep]\n|-damage|p1a: Floette|94/100|[from] Sandstorm\n|-damage|p1b: Farigiraf|78/100|[from] Sandstorm\n|upkeep\n|turn|2\n|\n|t:|1776054270\n|switch|p2a: Scizor|Scizor, L50, M|100/100\n|switch|p1b: Incineroar|Incineroar, L50, F|53/100\n|-ability|p1b: Incineroar|Intimidate|boost\n|-unboost|p2a: Scizor|atk|1\n|-unboost|p2b: Tyranitar|atk|1\n|switch|p2b: Kingambit|Kingambit, L50, M|100/100\n|detailschange|p1a: Floette|Floette-Mega, L50, F\n|-mega|p1a: Floette|Floette|Floettite\n|-ability|p1a: Floette|Fairy Aura\n|move|p1a: Floette|Calm Mind|p1a: Floette\n|-boost|p1a: Floette|spa|1\n|-boost|p1a: Floette|spd|1\n|\n|-weather|Sandstorm|[upkeep]\n|-damage|p1a: Floette|88/100|[from] Sandstorm\n|-damage|p1b: Incineroar|48/100|[from] Sandstorm\n|upkeep\n|turn|3\n|\n|t:|1776054304\n|move|p1a: Floette|Protect|p1a: Floette\n|-singleturn|p1a: Floette|Protect\n|move|p2a: Scizor|Bullet Punch|p1a: Floette\n|-activate|p1a: Floette|move: Protect\n|move|p1b: Incineroar|Parting Shot|p2a: Scizor\n|-unboost|p2a: Scizor|atk|1\n|-unboost|p2a: Scizor|spa|1\n|\n|t:|1776054313\n|switch|p1b: Torkoal|Torkoal, L50, M|100/100|[from] Parting Shot\n|-weather|SunnyDay|[from] ability: Drought|[of] p1b: Torkoal\n|move|p2b: Kingambit|Iron Head|p1a: Floette\n|-activate|p1a: Floette|move: Protect\n|\n|-weather|SunnyDay|[upkeep]\n|upkeep\n|turn|4\n|\n|t:|1776054328\n|switch|p2b: Tyranitar|Tyranitar, L50, M|100/100\n|-weather|Sandstorm|[from] ability: Sand Stream|[of] p2b: Tyranitar\n|switch|p1b: Farigiraf|Farigiraf, L50, F|78/100\n|move|p2a: Scizor|U-turn|p1a: Floette\n|-resisted|p1a: Floette|1\n|-damage|p1a: Floette|80/100\n|\n|t:|1776054342\n|switch|p2a: Archaludon|Archaludon, L50, M|100/100|[from] U-turn\n|move|p1a: Floette|Dazzling Gleam|p2a: Archaludon|[spread] p2a,p2b\n|-supereffective|p2b: Tyranitar|1\n|-crit|p2b: Tyranitar\n|-damage|p2a: Archaludon|20/100\n|-damage|p2b: Tyranitar|0 fnt\n|-ability|p2a: Archaludon|Stamina|boost\n|-boost|p2a: Archaludon|def|1\n|faint|p2b: Tyranitar\n|\n|-weather|Sandstorm|[upkeep]\n|-damage|p1a: Floette|74/100|[from] Sandstorm\n|-damage|p1b: Farigiraf|72/100|[from] Sandstorm\n|upkeep\n|\n|t:|1776054361\n|switch|p2b: Kingambit|Kingambit, L50, M|100/100\n|turn|5\n|\n|t:|1776054374\n|move|p1a: Floette|Dazzling Gleam|p2b: Kingambit|[spread] p2a,p2b\n|-damage|p2a: Archaludon|0 fnt\n|-damage|p2b: Kingambit|29/100\n|faint|p2a: Archaludon\n|move|p2b: Kingambit|Iron Head|p1a: Floette\n|-supereffective|p1a: Floette|1\n|-damage|p1a: Floette|0 fnt\n|faint|p1a: Floette\n|move|p1b: Farigiraf|Trick Room|p1b: Farigiraf\n|-fieldstart|move: Trick Room|[of] p1b: Farigiraf\n|\n|-weather|Sandstorm|[upkeep]\n|-damage|p1b: Farigiraf|66/100|[from] Sandstorm\n|-heal|p2b: Kingambit|35/100|[from] item: Leftovers\n|upkeep\n|\n|t:|1776054384\n|switch|p2a: Scizor|Scizor, L50, M|100/100\n|switch|p1a: Torkoal|Torkoal, L50, M|100/100\n|-weather|SunnyDay|[from] ability: Drought|[of] p1a: Torkoal\n|turn|6\n|\n|t:|1776054397\n|move|p2b: Kingambit|Sucker Punch||[still]\n|cant|p1b: Farigiraf|ability: Armor Tail|Sucker Punch|[of] p2b: Kingambit\n|move|p1a: Torkoal|Eruption|p2a: Scizor|[spread] p2a,p2b\n|-supereffective|p2a: Scizor|2\n|-enditem|p2a: Scizor|Occa Berry|[eat]\n|-enditem|p2a: Scizor|Occa Berry|[weaken]\n|-supereffective|p2b: Kingambit|1\n|-damage|p2a: Scizor|0 fnt\n|-damage|p2b: Kingambit|0 fnt\n|faint|p2a: Scizor\n|faint|p2b: Kingambit\n|\n|win|DragonairJordan23\n|raw|DragonairJordan23's rating: 1179 &rarr; <strong>1204</strong><br />(+25 for winning)\n|raw|willhoop's rating: 1176 &rarr; <strong>1151</strong><br />(-25 for losing)\n",
  "uploadtime": 1776054397,
  "views": 11,
  "formatid": "gen9championsvgc2026regma",
  "rating": 1151,
  "private": 0,
  "password": null
}