{
  "id": "gen9championsvgc2026regma-2583155668",
  "format": "[Gen 9 Champions] VGC 2026 Reg M-A",
  "players": [
    "Axell88",
    "qianjiu"
  ],
  "log": "|j|\u2606Axell88\n|j|\u2606qianjiu\n|t:|1776148793\n|gametype|doubles\n|player|p1|Axell88|pokemaniac|1104\n|player|p2|qianjiu|cynthia-masters4|1153\n|gen|9\n|tier|[Gen 9 Champions] VGC 2026 Reg M-A\n|rated|\n|rule|Species Clause: Limit one of each Pok\u00e9mon\n|rule|Item Clause: Limit 1 of each item\n|clearpoke\n|poke|p1|Goodra, L50, F|\n|poke|p1|Primarina, L50, F|\n|poke|p1|Sneasler, L50, M|\n|poke|p1|Pelipper, L50, F|\n|poke|p1|Basculegion, L50, M|\n|poke|p1|Kingambit, L50, F|\n|poke|p2|Froslass, L50, F|\n|poke|p2|Kommo-o, L50, F|\n|poke|p2|Kingambit, L50, F|\n|poke|p2|Armarouge, L50, F|\n|poke|p2|Gyarados, L50, F|\n|poke|p2|Chandelure, L50, F|\n|teampreview|4\n|inactive|Battle timer is ON: inactive players will automatically lose when time's up. (requested by qianjiu)\n|\n|t:|1776148828\n|teamsize|p1|4\n|teamsize|p2|4\n|start\n|switch|p1a: Primarina|Primarina, L50, F|100/100\n|switch|p1b: Sneasler|Sneasler, L50, M|100/100\n|switch|p2a: Froslass|Froslass, L50, F|100/100\n|switch|p2b: Chandelure|Chandelure, L50, F|100/100\n|turn|1\n|inactive|qianjiu has 30 seconds left.\n|inactive|qianjiu has 20 seconds left.\n|\n|t:|1776148866\n|switch|p2b: Gyarados|Gyarados, L50, F|100/100\n|-ability|p2b: Gyarados|Intimidate|boost\n|-unboost|p1a: Primarina|atk|1\n|-unboost|p1b: Sneasler|atk|1\n|detailschange|p2a: Froslass|Froslass-Mega, L50, F\n|-mega|p2a: Froslass|Froslass|Froslassite\n|-weather|Snowscape|[from] ability: Snow Warning|[of] p2a: Froslass\n|move|p2a: Froslass|Icy Wind|p1a: Primarina|[spread] p1a,p1b\n|-resisted|p1a: Primarina|1\n|-damage|p1a: Primarina|90/100\n|-damage|p1b: Sneasler|70/100\n|-unboost|p1a: Primarina|spe|1\n|-unboost|p1b: Sneasler|spe|1\n|move|p1b: Sneasler|Taunt|p2a: Froslass\n|-start|p2a: Froslass|move: Taunt\n|move|p1a: Primarina|Hyper Voice|p2a: Froslass|[spread] p2a,p2b\n|-resisted|p2b: Gyarados|1\n|-damage|p2a: Froslass|58/100\n|-damage|p2b: Gyarados|89/100\n|\n|-weather|Snowscape|[upkeep]\n|upkeep\n|turn|2\n|inactive|qianjiu has 30 seconds left.\n|\n|t:|1776148892\n|switch|p1b: Pelipper|Pelipper, L50, F|100/100\n|-weather|RainDance|[from] ability: Drizzle|[of] p1b: Pelipper\n|move|p2a: Froslass|Blizzard|p1b: Pelipper|[spread] p1b\n|-miss|p2a: Froslass|p1a: Primarina\n|-damage|p1b: Pelipper|19/100\n|move|p2b: Gyarados|Thunder Wave|p1a: Primarina|[miss]\n|-miss|p2b: Gyarados|p1a: Primarina\n|move|p1a: Primarina|Hyper Voice|p2a: Froslass|[spread] p2a,p2b\n|-resisted|p2b: Gyarados|1\n|-damage|p2a: Froslass|0 fnt\n|-damage|p2b: Gyarados|68/100\n|faint|p2a: Froslass\n|\n|-weather|RainDance|[upkeep]\n|upkeep\n|\n|t:|1776148909\n|switch|p2a: Chandelure|Chandelure, L50, F|100/100\n|turn|3\n|\n|t:|1776148920\n|switch|p2b: Kommo-o|Kommo-o, L50, F|100/100\n|move|p1b: Pelipper|Wide Guard|p1b: Pelipper\n|-singleturn|p1b: Pelipper|Wide Guard\n|move|p2a: Chandelure|Shadow Ball|p1a: Primarina\n|-damage|p1a: Primarina|46/100\n|-enditem|p1a: Primarina|Sitrus Berry|[eat]\n|-heal|p1a: Primarina|71/100|[from] item: Sitrus Berry\n|move|p1a: Primarina|Hyper Voice|p2b: Kommo-o|[spread] p2a\n|-immune|p2b: Kommo-o|[from] ability: Soundproof\n|-supereffective|p2a: Chandelure|1\n|-damage|p2a: Chandelure|0 fnt\n|faint|p2a: Chandelure\n|\n|-weather|RainDance|[upkeep]\n|upkeep\n|\n|t:|1776148935\n|switch|p2a: Gyarados|Gyarados, L50, F|68/100\n|-ability|p2a: Gyarados|Intimidate|boost\n|-unboost|p1a: Primarina|atk|1\n|-unboost|p1b: Pelipper|atk|1\n|turn|4\n|\n|t:|1776148945\n|move|p2b: Kommo-o|Dragon Dance|p2b: Kommo-o\n|-boost|p2b: Kommo-o|atk|1\n|-boost|p2b: Kommo-o|spe|1\n|move|p1b: Pelipper|Hurricane|p2b: Kommo-o\n|-supereffective|p2b: Kommo-o|1\n|-crit|p2b: Kommo-o\n|-damage|p2b: Kommo-o|0 fnt\n|faint|p2b: Kommo-o\n|move|p2a: Gyarados|Thunder Wave|p1a: Primarina|[miss]\n|-miss|p2a: Gyarados|p1a: Primarina\n|move|p1a: Primarina|Dazzling Gleam|p2a: Gyarados\n|-damage|p2a: Gyarados|34/100\n|-enditem|p2a: Gyarados|Sitrus Berry|[eat]\n|-heal|p2a: Gyarados|58/100|[from] item: Sitrus Berry\n|\n|-weather|RainDance|[upkeep]\n|upkeep\n|turn|5\n|\n|t:|1776148961\n|move|p1b: Pelipper|Tailwind|p1b: Pelipper\n|-sidestart|p1: Axell88|move: Tailwind\n|move|p1a: Primarina|Calm Mind|p1a: Primarina\n|-boost|p1a: Primarina|spa|1\n|-boost|p1a: Primarina|spd|1\n|move|p2a: Gyarados|Thunder Wave|p1a: Primarina\n|-status|p1a: Primarina|par\n|\n|-weather|RainDance|[upkeep]\n|upkeep\n|turn|6\n|\n|t:|1776148973\n|move|p1b: Pelipper|Hurricane|p2a: Gyarados\n|-damage|p2a: Gyarados|18/100\n|move|p2a: Gyarados|Waterfall|p1a: Primarina\n|-resisted|p1a: Primarina|1\n|-damage|p1a: Primarina|39/100 par\n|move|p1a: Primarina|Dazzling Gleam|p2a: Gyarados\n|-damage|p2a: Gyarados|0 fnt\n|faint|p2a: Gyarados\n|\n|win|Axell88\n|raw|Axell88's rating: 1104 &rarr; <strong>1133</strong><br />(+29 for winning)\n|raw|qianjiu's rating: 1153 &rarr; <strong>1124</strong><br />(-29 for losing)\n",
  "uploadtime": 1776148984,
  "views": 20,
  "formatid": "gen9championsvgc2026regma",
  "rating": 1124,
  "private": 0,
  "password": null
}