{
  "id": "gen9championsvgc2026regma-2587094195",
  "format": "[Gen 9 Champions] VGC 2026 Reg M-A",
  "players": [
    "kipli1121",
    "Loudflamingo"
  ],
  "log": "|j|\u2606kipli1121\n|j|\u2606Loudflamingo\n|t:|1776492536\n|gametype|doubles\n|player|p1|kipli1121|1|1242\n|player|p2|Loudflamingo|1|1180\n|gen|9\n|tier|[Gen 9 Champions] VGC 2026 Reg M-A\n|rated|\n|rule|Species Clause: Limit one of each Pok\u00e9mon\n|rule|Item Clause: Limit 1 of each item\n|clearpoke\n|poke|p1|Pelipper, L50, F|\n|poke|p1|Basculegion, L50, M|\n|poke|p1|Archaludon, L50, M|\n|poke|p1|Dragonite, L50, M|\n|poke|p1|Sneasler, L50, F, shiny|\n|poke|p1|Rotom-Heat, L50|\n|poke|p2|Sableye, L50, F|\n|poke|p2|Espathra, L50, F|\n|poke|p2|Milotic, L50, F|\n|poke|p2|Mimikyu, L50, M|\n|poke|p2|Garchomp, L50, F|\n|poke|p2|Maushold-Four, L50|\n|teampreview|4\n|inactive|Battle timer is ON: inactive players will automatically lose when time's up. (requested by kipli1121)\n|inactive|kipli1121 has 60 seconds left.\n|inactive|Loudflamingo has 60 seconds left.\n|\n|t:|1776492592\n|teamsize|p1|4\n|teamsize|p2|4\n|start\n|switch|p1a: Pelipper|Pelipper, L50, F|100/100\n|switch|p1b: Basculegion|Basculegion, L50, M|100/100\n|switch|p2a: Sableye|Sableye, L50, F|100/100\n|switch|p2b: Espathra|Espathra, L50, F|100/100\n|-weather|RainDance|[from] ability: Drizzle|[of] p1a: Pelipper\n|turn|1\n|\n|t:|1776492604\n|move|p2b: Espathra|Protect|p2b: Espathra\n|-singleturn|p2b: Espathra|Protect\n|move|p2a: Sableye|Gravity|p2a: Sableye\n|-fieldstart|move: Gravity\n|move|p1b: Basculegion|Last Respects|p2b: Espathra\n|-activate|p2b: Espathra|move: Protect\n|move|p1a: Pelipper|Tailwind|p1a: Pelipper\n|-sidestart|p1: kipli1121|move: Tailwind\n|\n|-weather|RainDance|[upkeep]\n|-ability|p2b: Espathra|Speed Boost|boost\n|-boost|p2b: Espathra|spe|1\n|upkeep\n|turn|2\n|\n|t:|1776492628\n|switch|p2b: Mimikyu|Mimikyu, L50, M|100/100\n|move|p1b: Basculegion|Last Respects|p2b: Mimikyu\n|-activate|p2b: Mimikyu|ability: Disguise\n|-damage|p2b: Mimikyu|100/100\n|detailschange|p2b: Mimikyu|Mimikyu-Busted, L50, M\n|-damage|p2b: Mimikyu|88/100|[from] pokemon: Mimikyu-Busted\n|move|p1a: Pelipper|Hurricane|p2b: Mimikyu\n|-damage|p2b: Mimikyu|17/100\n|-start|p2b: Mimikyu|confusion\n|move|p2a: Sableye|Foul Play|p1b: Basculegion\n|-supereffective|p1b: Basculegion|1\n|-damage|p1b: Basculegion|0 fnt\n|faint|p1b: Basculegion\n|\n|-weather|RainDance|[upkeep]\n|upkeep\n|\n|t:|1776492647\n|switch|p1b: Dragonite|Dragonite, L50, M|100/100\n|turn|3\n|\n|t:|1776492666\n|detailschange|p1b: Dragonite|Dragonite-Mega, L50, M\n|-mega|p1b: Dragonite|Dragonite|Dragoninite\n|move|p1b: Dragonite|Hurricane|p2b: Mimikyu\n|-damage|p2b: Mimikyu|0 fnt\n|faint|p2b: Mimikyu\n|move|p1a: Pelipper|Weather Ball|p2a: Sableye\n|-damage|p2a: Sableye|0 fnt\n|faint|p2a: Sableye\n|\n|-weather|RainDance|[upkeep]\n|upkeep\n|\n|t:|1776492678\n|switch|p2b: Espathra|Espathra, L50, F|100/100\n|switch|p2a: Garchomp|Garchomp, L50, F|100/100\n|turn|4\n|\n|t:|1776492695\n|move|p2a: Garchomp|Protect|p2a: Garchomp\n|-singleturn|p2a: Garchomp|Protect\n|move|p2b: Espathra|Protect|p2b: Espathra\n|-singleturn|p2b: Espathra|Protect\n|move|p1b: Dragonite|Draco Meteor|p2a: Garchomp\n|-activate|p2a: Garchomp|move: Protect\n|move|p1a: Pelipper|Hurricane|p2b: Espathra\n|-activate|p2b: Espathra|move: Protect\n|\n|-weather|RainDance|[upkeep]\n|-sideend|p1: kipli1121|move: Tailwind\n|-ability|p2b: Espathra|Speed Boost|boost\n|-boost|p2b: Espathra|spe|1\n|upkeep\n|turn|5\n|\n|t:|1776492714\n|move|p2b: Espathra|Hypnosis|p1b: Dragonite\n|-status|p1b: Dragonite|slp|[from] move: Hypnosis\n|move|p2a: Garchomp|Scale Shot|p1b: Dragonite\n|-supereffective|p1b: Dragonite|1\n|-damage|p1b: Dragonite|87/100 slp\n|-supereffective|p1b: Dragonite|1\n|-damage|p1b: Dragonite|60/100 slp\n|-hitcount|p1b: Dragonite|2\n|-unboost|p2a: Garchomp|def|1\n|-boost|p2a: Garchomp|spe|1\n|cant|p1b: Dragonite|slp\n|move|p1a: Pelipper|Weather Ball|p2b: Espathra\n|-damage|p2b: Espathra|24/100\n|\n|-weather|none\n|-fieldend|move: Gravity\n|-ability|p2b: Espathra|Speed Boost|boost\n|-boost|p2b: Espathra|spe|1\n|upkeep\n|turn|6\n|inactive|kipli1121 has 30 seconds left.\n|inactive|Loudflamingo has 30 seconds left.\n|\n|t:|1776492742\n|switch|p1a: Sneasler|Sneasler, L50, F, shiny|100/100\n|move|p2a: Garchomp|Scale Shot|p1b: Dragonite\n|-supereffective|p1b: Dragonite|1\n|-damage|p1b: Dragonite|34/100 slp\n|-supereffective|p1b: Dragonite|1\n|-damage|p1b: Dragonite|7/100 slp\n|-supereffective|p1b: Dragonite|1\n|-damage|p1b: Dragonite|0 fnt\n|faint|p1b: Dragonite\n|-hitcount|p1: Dragonite|3\n|-unboost|p2a: Garchomp|def|1\n|-boost|p2a: Garchomp|spe|1\n|move|p2b: Espathra|Hypnosis|p1a: Sneasler|[miss]\n|-miss|p2b: Espathra|p1a: Sneasler\n|\n|-ability|p2b: Espathra|Speed Boost|boost\n|-boost|p2b: Espathra|spe|1\n|upkeep\n|\n|t:|1776492748\n|switch|p1b: Pelipper|Pelipper, L50, F|100/100\n|-weather|RainDance|[from] ability: Drizzle|[of] p1b: Pelipper\n|turn|7\n|\n|t:|1776492769\n|move|p2a: Garchomp|Stomping Tantrum|p1a: Sneasler\n|-supereffective|p1a: Sneasler|1\n|-damage|p1a: Sneasler|0 fnt\n|faint|p1a: Sneasler\n|move|p2b: Espathra|Lumina Crash|p1b: Pelipper\n|-damage|p1b: Pelipper|49/100\n|-unboost|p1b: Pelipper|spd|2\n|move|p1b: Pelipper|Weather Ball|p2b: Espathra\n|-damage|p2b: Espathra|0 fnt\n|faint|p2b: Espathra\n|\n|-weather|RainDance|[upkeep]\n|upkeep\n|turn|8\n|\n|t:|1776492784\n|move|p2a: Garchomp|Scale Shot|p1b: Pelipper\n|-damage|p1b: Pelipper|28/100\n|-crit|p1b: Pelipper\n|-damage|p1b: Pelipper|0 fnt\n|faint|p1b: Pelipper\n|-hitcount|p1: Pelipper|2\n|\n|win|Loudflamingo\n|raw|kipli1121's rating: 1242 &rarr; <strong>1213</strong><br />(-29 for losing)\n|raw|Loudflamingo's rating: 1180 &rarr; <strong>1209</strong><br />(+29 for winning)\n|l|\u2606kipli1121\n|player|p1|\n",
  "uploadtime": 1776492795,
  "views": 35,
  "formatid": "gen9championsvgc2026regma",
  "rating": 1209,
  "private": 0,
  "password": null
}