{
  "id": "gen9championsvgc2026regma-2582816043",
  "format": "[Gen 9 Champions] VGC 2026 Reg M-A",
  "players": [
    "corek",
    "UnseenWaldo"
  ],
  "log": "|j|\u2606corek\n|j|\u2606UnseenWaldo\n|t:|1776116266\n|gametype|doubles\n|player|p1|corek|lucas|1078\n|player|p2|UnseenWaldo|preschooler|1091\n|gen|9\n|tier|[Gen 9 Champions] VGC 2026 Reg M-A\n|rated|\n|rule|Species Clause: Limit one of each Pok\u00e9mon\n|rule|Item Clause: Limit 1 of each item\n|clearpoke\n|poke|p1|Armarouge, L50, M|\n|poke|p1|Starmie, L50|\n|poke|p1|Scizor, L50, M|\n|poke|p1|Lucario, L50, M|\n|poke|p1|Meowscarada, L50, F|\n|poke|p1|Infernape, L50, M|\n|poke|p2|Starmie, L50|\n|poke|p2|Pelipper, L50, M|\n|poke|p2|Archaludon, L50, F|\n|poke|p2|Sinistcha, L50|\n|poke|p2|Kleavor, L50, F|\n|poke|p2|Incineroar, L50, F|\n|teampreview|4\n|\n|t:|1776116293\n|teamsize|p1|4\n|teamsize|p2|4\n|start\n|switch|p1a: Meowscarada|Meowscarada, L50, F|100/100\n|switch|p1b: Starmie|Starmie, L50|100/100\n|switch|p2a: Starmie|Starmie, L50|100/100\n|switch|p2b: Pelipper|Pelipper, L50, M|100/100\n|-weather|RainDance|[from] ability: Drizzle|[of] p2b: Pelipper\n|turn|1\n|inactive|Battle timer is ON: inactive players will automatically lose when time's up. (requested by corek)\n|c|\u2606UnseenWaldo|Damn, I got full on counter led\n|c|\u2606UnseenWaldo|good on you\n|\n|t:|1776116322\n|switch|p2a: Incineroar|Incineroar, L50, F|100/100\n|-ability|p2a: Incineroar|Intimidate|boost\n|-unboost|p1a: Meowscarada|atk|1\n|-unboost|p1b: Starmie|atk|1\n|-enditem|p1a: Meowscarada|White Herb\n|-clearnegativeboost|p1a: Meowscarada|[silent]\n|detailschange|p1b: Starmie|Starmie-Mega, L50\n|-mega|p1b: Starmie|Starmie|Starminite\n|move|p1b: Starmie|Skill Swap|p1a: Meowscarada\n|-activate|p1b: Starmie|Skill Swap|||[of] p1a: Meowscarada\n|move|p1a: Meowscarada|Flower Trick|p2a: Incineroar\n|-resisted|p2a: Incineroar|1\n|-crit|p2a: Incineroar\n|-damage|p2a: Incineroar|54/100\n|move|p2b: Pelipper|Hurricane|p1a: Meowscarada\n|-supereffective|p1a: Meowscarada|1\n|-damage|p1a: Meowscarada|0 fnt\n|faint|p1a: Meowscarada\n|\n|-weather|RainDance|[upkeep]\n|upkeep\n|\n|t:|1776116341\n|switch|p1a: Lucario|Lucario, L50, M|100/100\n|turn|2\n|\n|t:|1776116357\n|switch|p2a: Sinistcha|Sinistcha, L50|100/100\n|move|p1b: Starmie|Flip Turn|p2a: Sinistcha\n|-start|p1b: Starmie|typechange|Water|[from] ability: Protean\n|-resisted|p2a: Sinistcha|1\n|-damage|p2a: Sinistcha|89/100\n|\n|t:|1776116366\n|switch|p1b: Infernape|Infernape, L50, M|100/100|[from] Flip Turn\n|move|p1a: Lucario|Thunder Punch|p2b: Pelipper\n|-supereffective|p2b: Pelipper|2\n|-damage|p2b: Pelipper|7/100\n|-enditem|p2b: Pelipper|Sitrus Berry|[eat]\n|-heal|p2b: Pelipper|32/100|[from] item: Sitrus Berry\n|move|p2b: Pelipper|Tailwind|p2b: Pelipper\n|-sidestart|p2: UnseenWaldo|move: Tailwind\n|\n|-weather|RainDance|[upkeep]\n|-heal|p2a: Sinistcha|95/100|[from] item: Leftovers\n|upkeep\n|turn|3\n|inactive|corek has 30 seconds left.\n|\n|t:|1776116401\n|switch|p2b: Starmie|Starmie, L50|100/100\n|switch|p2a: Incineroar|Incineroar, L50, F|54/100\n|-ability|p2a: Incineroar|Intimidate|boost\n|-fail|p1a: Lucario|unboost|Attack|[from] ability: Inner Focus|[of] p1a: Lucario\n|-unboost|p1b: Infernape|atk|1\n|move|p1b: Infernape|Throat Chop|p2b: Starmie\n|-supereffective|p2b: Starmie|1\n|-damage|p2b: Starmie|57/100\n|-start|p2b: Starmie|Throat Chop|[silent]\n|move|p1a: Lucario|Ice Punch|p2a: Incineroar\n|-resisted|p2a: Incineroar|1\n|-damage|p2a: Incineroar|45/100\n|\n|-weather|RainDance|[upkeep]\n|upkeep\n|turn|4\n|inactive|corek has 30 seconds left.\n|inactive|UnseenWaldo has 30 seconds left.\n|\n|t:|1776116431\n|switch|p1b: Starmie|Starmie-Mega, L50|100/100\n|detailschange|p2b: Starmie|Starmie-Mega, L50\n|-mega|p2b: Starmie|Starmie|Starminite\n|move|p2b: Starmie|Liquidation|p1b: Starmie\n|-resisted|p1b: Starmie|1\n|-damage|p1b: Starmie|30/100\n|move|p1a: Lucario|Close Combat|p2a: Incineroar\n|-supereffective|p2a: Incineroar|1\n|-damage|p2a: Incineroar|0 fnt\n|-unboost|p1a: Lucario|def|1\n|-unboost|p1a: Lucario|spd|1\n|faint|p2a: Incineroar\n|\n|-weather|RainDance|[upkeep]\n|-end|p2b: Starmie|Throat Chop|[silent]\n|upkeep\n|\n|t:|1776116444\n|switch|p2a: Sinistcha|Sinistcha, L50|95/100\n|-heal|p2b: Starmie|82/100|[from] ability: Hospitality|[of] p2a: Sinistcha\n|turn|5\n|\n|t:|1776116468\n|move|p2b: Starmie|Liquidation|p1a: Lucario\n|-enditem|p1a: Lucario|Focus Sash\n|-damage|p1a: Lucario|1/100\n|-unboost|p1a: Lucario|def|1\n|move|p1b: Starmie|Skill Swap|p1a: Lucario\n|-activate|p1b: Starmie|Skill Swap|||[of] p1a: Lucario\n|move|p2a: Sinistcha|Foul Play|p1b: Starmie\n|-supereffective|p1b: Starmie|1\n|-damage|p1b: Starmie|0 fnt\n|faint|p1b: Starmie\n|move|p1a: Lucario|Thunder Punch|p2b: Starmie\n|-supereffective|p2b: Starmie|1\n|-damage|p2b: Starmie|0 fnt\n|faint|p2b: Starmie\n|\n|-weather|none\n|-heal|p2a: Sinistcha|100/100|[from] item: Leftovers\n|-sideend|p2: UnseenWaldo|move: Tailwind\n|upkeep\n|\n|t:|1776116485\n|switch|p1b: Infernape|Infernape, L50, M|100/100\n|switch|p2b: Pelipper|Pelipper, L50, M|32/100\n|-weather|RainDance|[from] ability: Drizzle|[of] p2b: Pelipper\n|turn|6\n|\n|t:|1776116502\n|move|p2b: Pelipper|Protect|p2b: Pelipper\n|-singleturn|p2b: Pelipper|Protect\n|move|p1b: Infernape|Flare Blitz|p2a: Sinistcha\n|-supereffective|p2a: Sinistcha|1\n|-damage|p2a: Sinistcha|57/100\n|-damage|p1b: Infernape|83/100|[from] Recoil\n|move|p1a: Lucario|Thunder Punch|p2b: Pelipper\n|-activate|p2b: Pelipper|move: Protect\n|move|p2a: Sinistcha|Matcha Gotcha|p1b: Infernape|[spread] p1a\n|-miss|p2a: Sinistcha|p1b: Infernape\n|-resisted|p1a: Lucario|1\n|-damage|p1a: Lucario|0 fnt\n|-heal|p2a: Sinistcha|57/100|[from] drain|[of] p1a: Lucario\n|faint|p1a: Lucario\n|\n|-weather|RainDance|[upkeep]\n|-heal|p2a: Sinistcha|63/100|[from] item: Leftovers\n|upkeep\n|turn|7\n|\n|t:|1776116521\n|move|p2a: Sinistcha|Rage Powder|p2a: Sinistcha\n|-singleturn|p2a: Sinistcha|move: Rage Powder\n|move|p1b: Infernape|Flare Blitz|p2a: Sinistcha\n|-supereffective|p2a: Sinistcha|1\n|-damage|p2a: Sinistcha|22/100\n|-damage|p1b: Infernape|67/100|[from] Recoil\n|move|p2b: Pelipper|Tailwind|p2b: Pelipper\n|-sidestart|p2: UnseenWaldo|move: Tailwind\n|\n|-weather|RainDance|[upkeep]\n|-heal|p2a: Sinistcha|28/100|[from] item: Leftovers\n|upkeep\n|turn|8\n|\n|t:|1776116536\n|move|p1b: Infernape|Flare Blitz|p2b: Pelipper\n|-resisted|p2b: Pelipper|1\n|-crit|p2b: Pelipper\n|-damage|p2b: Pelipper|10/100\n|-damage|p1b: Infernape|59/100|[from] Recoil\n|move|p2b: Pelipper|Hurricane|p1b: Infernape\n|-supereffective|p1b: Infernape|1\n|-damage|p1b: Infernape|0 fnt\n|faint|p1b: Infernape\n|\n|win|UnseenWaldo\n|raw|corek's rating: 1078 &rarr; <strong>1057</strong><br />(-21 for losing)\n|raw|UnseenWaldo's rating: 1091 &rarr; <strong>1116</strong><br />(+25 for winning)\n|l|\u2606corek\n|player|p1|\n",
  "uploadtime": 1776116557,
  "views": 27,
  "formatid": "gen9championsvgc2026regma",
  "rating": 1057,
  "private": 0,
  "password": null
}