{
  "id": "gen9championsvgc2026regma-2582267084",
  "format": "[Gen 9 Champions] VGC 2026 Reg M-A",
  "players": [
    "SCPRafael",
    "Wooper2988"
  ],
  "log": "|j|\u2606SCPRafael\n|j|\u2606Wooper2988\n|t:|1776077935\n|gametype|doubles\n|player|p1|SCPRafael|170|1191\n|player|p2|Wooper2988|sage|1191\n|gen|9\n|tier|[Gen 9 Champions] VGC 2026 Reg M-A\n|rated|\n|rule|Species Clause: Limit one of each Pok\u00e9mon\n|rule|Item Clause: Limit 1 of each item\n|clearpoke\n|poke|p1|Aegislash, L50, M|\n|poke|p1|Sneasler, L50, F|\n|poke|p1|Froslass, L50, F|\n|poke|p1|Volcarona, L50, F|\n|poke|p1|Araquanid, L50, M|\n|poke|p1|Garchomp, L50, M|\n|poke|p2|Incineroar, L50, M|\n|poke|p2|Orthworm, L50, M|\n|poke|p2|Tyranitar, L50, M|\n|poke|p2|Garchomp, L50, F|\n|poke|p2|Sneasler, L50, M|\n|poke|p2|Empoleon, L50, F|\n|teampreview|4\n|inactive|Battle timer is ON: inactive players will automatically lose when time's up. (requested by SCPRafael)\n|\n|t:|1776077977\n|teamsize|p1|4\n|teamsize|p2|4\n|start\n|switch|p1a: Sneasler|Sneasler, L50, F, shiny|100/100\n|switch|p1b: Froslass|Froslass, L50, F, shiny|100/100\n|switch|p2a: Empoleon|Empoleon, L50, F|100/100\n|switch|p2b: Orthworm|Orthworm, L50, M|100/100\n|turn|1\n|\n|t:|1776077996\n|switch|p1b: Garchomp|Garchomp, L50, M, shiny|100/100\n|move|p1a: Sneasler|Fake Out|p2b: Orthworm\n|-resisted|p2b: Orthworm|1\n|-damage|p2b: Orthworm|97/100\n|move|p2a: Empoleon|Flash Cannon|p1b: Garchomp\n|-damage|p1b: Garchomp|61/100\n|cant|p2b: Orthworm|flinch\n|\n|-heal|p2b: Orthworm|100/100|[from] item: Leftovers\n|upkeep\n|turn|2\n|inactive|Wooper2988 has 30 seconds left.\n|\n|t:|1776078022\n|move|p1b: Garchomp|Earthquake|p2a: Empoleon|[spread] p1a,p2a\n|-immune|p2b: Orthworm|[from] ability: Earth Eater\n|-supereffective|p1a: Sneasler|1\n|-supereffective|p2a: Empoleon|1\n|-enditem|p1a: Sneasler|Focus Sash\n|-damage|p1a: Sneasler|1/100\n|-damage|p2a: Empoleon|0 fnt\n|faint|p2a: Empoleon\n|move|p1a: Sneasler|Close Combat|p2b: Orthworm\n|-supereffective|p2b: Orthworm|1\n|-damage|p2b: Orthworm|33/100\n|-unboost|p1a: Sneasler|def|1\n|-unboost|p1a: Sneasler|spd|1\n|move|p2b: Orthworm|Shed Tail|p2b: Orthworm\n|-fail|p2b: Orthworm|move: Shed Tail|[weak]\n|\n|-heal|p2b: Orthworm|39/100|[from] item: Leftovers\n|upkeep\n|\n|t:|1776078036\n|switch|p2a: Tyranitar|Tyranitar, L50, M|100/100\n|-weather|Sandstorm|[from] ability: Sand Stream|[of] p2a: Tyranitar\n|turn|3\n|\n|t:|1776078053\n|move|p1a: Sneasler|Protect|p1a: Sneasler\n|-singleturn|p1a: Sneasler|Protect\n|move|p2b: Orthworm|Protect|p2b: Orthworm\n|-singleturn|p2b: Orthworm|Protect\n|move|p1b: Garchomp|Earthquake|p2a: Tyranitar|[spread] p2a\n|-activate|p1a: Sneasler|move: Protect\n|-activate|p2b: Orthworm|move: Protect\n|-supereffective|p2a: Tyranitar|1\n|-damage|p2a: Tyranitar|33/100\n|move|p2a: Tyranitar|Rock Slide|p1a: Sneasler|[spread] p1b\n|-activate|p1a: Sneasler|move: Protect\n|-resisted|p1b: Garchomp|1\n|-damage|p1b: Garchomp|46/100\n|\n|-weather|Sandstorm|[upkeep]\n|-damage|p1a: Sneasler|0 fnt|[from] Sandstorm\n|faint|p1a: Sneasler\n|-heal|p2b: Orthworm|45/100|[from] item: Leftovers\n|upkeep\n|\n|t:|1776078067\n|switch|p1a: Froslass|Froslass, L50, F, shiny|100/100\n|turn|4\n|\n|t:|1776078082\n|switch|p1b: Araquanid|Araquanid, L50, M, shiny|100/100\n|detailschange|p1a: Froslass|Froslass-Mega, L50, F, shiny\n|-mega|p1a: Froslass|Froslass|Froslassite\n|-weather|Snowscape|[from] ability: Snow Warning|[of] p1a: Froslass\n|move|p2a: Tyranitar|Protect|p2a: Tyranitar\n|-singleturn|p2a: Tyranitar|Protect\n|move|p1a: Froslass|Blizzard|p2b: Orthworm|[spread] p2b\n|-activate|p2a: Tyranitar|move: Protect\n|-resisted|p2b: Orthworm|1\n|-damage|p2b: Orthworm|8/100\n|move|p2b: Orthworm|Heavy Slam|p1a: Froslass\n|-supereffective|p1a: Froslass|1\n|-damage|p1a: Froslass|24/100\n|\n|-weather|Snowscape|[upkeep]\n|-heal|p2b: Orthworm|15/100|[from] item: Leftovers\n|upkeep\n|turn|5\n|inactive|Wooper2988 has 30 seconds left.\n|\n|t:|1776078109\n|detailschange|p2a: Tyranitar|Tyranitar-Mega, L50, M\n|-mega|p2a: Tyranitar|Tyranitar|Tyranitarite\n|-weather|Sandstorm|[from] ability: Sand Stream|[of] p2a: Tyranitar\n|move|p1a: Froslass|Blizzard|p2a: Tyranitar|[spread] p2a,p2b\n|-resisted|p2b: Orthworm|1\n|-damage|p2a: Tyranitar|14/100\n|-damage|p2b: Orthworm|0 fnt\n|faint|p2b: Orthworm\n|move|p2a: Tyranitar|Rock Slide|p1a: Froslass|[spread] p1a,p1b\n|-supereffective|p1a: Froslass|1\n|-supereffective|p1b: Araquanid|1\n|-damage|p1a: Froslass|0 fnt\n|-damage|p1b: Araquanid|34/100\n|faint|p1a: Froslass\n|move|p1b: Araquanid|Liquidation|p2a: Tyranitar\n|-supereffective|p2a: Tyranitar|1\n|-damage|p2a: Tyranitar|0 fnt\n|faint|p2a: Tyranitar\n|\n|-weather|Sandstorm|[upkeep]\n|-damage|p1b: Araquanid|28/100|[from] Sandstorm\n|upkeep\n|inactive|Wooper2988 has 30 seconds left.\n|inactive|Wooper2988 has 20 seconds left.\n|inactive|Wooper2988 has 15 seconds left.\n|\n|t:|1776078152\n|switch|p1a: Garchomp|Garchomp, L50, M, shiny|46/100\n|switch|p2b: Garchomp|Garchomp, L50, F|100/100\n|turn|6\n|inactive|SCPRafael has 30 seconds left.\n|\n|t:|1776078179\n|move|p1b: Araquanid|Wide Guard|p1b: Araquanid\n|-singleturn|p1b: Araquanid|Wide Guard\n|move|p1a: Garchomp|Dragon Claw|p2b: Garchomp\n|-supereffective|p2b: Garchomp|1\n|-damage|p2b: Garchomp|5/100\n|move|p2b: Garchomp|Dragon Claw|p1a: Garchomp\n|-supereffective|p1a: Garchomp|1\n|-damage|p1a: Garchomp|0 fnt\n|-damage|p2b: Garchomp|0 fnt|[from] ability: Rough Skin|[of] p1a: Garchomp\n|faint|p1a: Garchomp\n|faint|p2b: Garchomp\n|\n|win|SCPRafael\n|raw|SCPRafael's rating: 1191 &rarr; <strong>1216</strong><br />(+25 for winning)\n|raw|Wooper2988's rating: 1191 &rarr; <strong>1166</strong><br />(-25 for losing)\n|l|\u2606Wooper2988\n|player|p2|\n",
  "uploadtime": 1776078199,
  "views": 31,
  "formatid": "gen9championsvgc2026regma",
  "rating": 1166,
  "private": 0,
  "password": null
}