{
  "id": "gen9championsvgc2026regma-2586853954",
  "format": "[Gen 9 Champions] VGC 2026 Reg M-A",
  "players": [
    "ManOnCorks",
    "Cozmo18"
  ],
  "log": "|j|\u2606ManOnCorks\n|j|\u2606Cozmo18\n|t:|1776465552\n|gametype|doubles\n|player|p1|ManOnCorks|cynthia-gen4|1115\n|player|p2|Cozmo18|hilbert|1138\n|gen|9\n|tier|[Gen 9 Champions] VGC 2026 Reg M-A\n|rated|\n|rule|Species Clause: Limit one of each Pok\u00e9mon\n|rule|Item Clause: Limit 1 of each item\n|clearpoke\n|poke|p1|Chimecho, L50, M|\n|poke|p1|Maushold-Four, L50|\n|poke|p1|Sinistcha, L50|\n|poke|p1|Archaludon, L50, F|\n|poke|p1|Pelipper, L50, M|\n|poke|p1|Incineroar, L50, F|\n|poke|p2|Floette-Eternal, L50, F|\n|poke|p2|Incineroar, L50, M|\n|poke|p2|Sneasler, L50, F|\n|poke|p2|Kingambit, L50, M|\n|poke|p2|Garchomp, L50, M|\n|poke|p2|Sinistcha, L50|\n|teampreview|4\n|inactive|Battle timer is ON: inactive players will automatically lose when time's up. (requested by Cozmo18)\n|\n|t:|1776465563\n|teamsize|p1|4\n|teamsize|p2|4\n|start\n|switch|p1a: Chimecho|Chimecho, L50, M|100/100\n|switch|p1b: Maushold|Maushold-Four, L50|100/100\n|switch|p2a: Floette|Floette-Eternal, L50, F|100/100\n|switch|p2b: Sneasler|Sneasler, L50, F|100/100\n|turn|1\n|\n|t:|1776465571\n|detailschange|p2a: Floette|Floette-Mega, L50, F\n|-mega|p2a: Floette|Floette|Floettite\n|-ability|p2a: Floette|Fairy Aura\n|detailschange|p1a: Chimecho|Chimecho-Mega, L50, M\n|-mega|p1a: Chimecho|Chimecho|Chimechite\n|move|p2b: Sneasler|Fake Out|p1b: Maushold\n|-damage|p1b: Maushold|76/100\n|cant|p1b: Maushold|flinch\n|move|p2a: Floette|Calm Mind|p2a: Floette\n|-boost|p2a: Floette|spa|1\n|-boost|p2a: Floette|spd|1\n|move|p1a: Chimecho|Calm Mind|p1a: Chimecho\n|-boost|p1a: Chimecho|spa|1\n|-boost|p1a: Chimecho|spd|1\n|\n|upkeep\n|turn|2\n|inactive|Cozmo18 has 30 seconds left.\n|\n|t:|1776465598\n|move|p1b: Maushold|Population Bomb|p2a: Floette\n|-damage|p2a: Floette|92/100\n|-damage|p2a: Floette|86/100\n|-damage|p2a: Floette|78/100\n|-damage|p2a: Floette|70/100\n|-damage|p2a: Floette|63/100\n|-damage|p2a: Floette|56/100\n|-damage|p2a: Floette|49/100\n|-hitcount|p2a: Floette|7\n|move|p2b: Sneasler|Dire Claw|p1a: Chimecho\n|-immune|p1a: Chimecho\n|move|p2a: Floette|Calm Mind|p2a: Floette\n|-boost|p2a: Floette|spa|1\n|-boost|p2a: Floette|spd|1\n|move|p1a: Chimecho|Calm Mind|p1a: Chimecho\n|-boost|p1a: Chimecho|spa|1\n|-boost|p1a: Chimecho|spd|1\n|\n|upkeep\n|turn|3\n|inactive|Cozmo18 has 30 seconds left.\n|\n|t:|1776465628\n|move|p2a: Floette|Protect|p2a: Floette\n|-singleturn|p2a: Floette|Protect\n|move|p1b: Maushold|Population Bomb|p2a: Floette\n|-activate|p2a: Floette|move: Protect\n|move|p2b: Sneasler|Dire Claw|p1a: Chimecho\n|-immune|p1a: Chimecho\n|move|p1a: Chimecho|Calm Mind|p1a: Chimecho\n|-boost|p1a: Chimecho|spa|1\n|-boost|p1a: Chimecho|spd|1\n|\n|upkeep\n|turn|4\n|\n|t:|1776465648\n|move|p1b: Maushold|Population Bomb|p2a: Floette\n|-damage|p2a: Floette|42/100\n|-damage|p2a: Floette|35/100\n|-damage|p2a: Floette|28/100\n|-damage|p2a: Floette|21/100\n|-hitcount|p2a: Floette|4\n|move|p2b: Sneasler|Dire Claw|p1b: Maushold\n|-damage|p1b: Maushold|0 fnt\n|faint|p1b: Maushold\n|move|p2a: Floette|Draining Kiss|p1a: Chimecho\n|-resisted|p1a: Chimecho|1\n|-damage|p1a: Chimecho|87/100\n|-heal|p2a: Floette|30/100|[from] drain|[of] p1a: Chimecho\n|move|p1a: Chimecho|Calm Mind|p1a: Chimecho\n|-boost|p1a: Chimecho|spa|1\n|-boost|p1a: Chimecho|spd|1\n|\n|upkeep\n|\n|t:|1776465660\n|switch|p1b: Incineroar|Incineroar, L50, F|100/100\n|-ability|p1b: Incineroar|Intimidate|boost\n|-unboost|p2a: Floette|atk|1\n|-unboost|p2b: Sneasler|atk|1\n|turn|5\n|\n|t:|1776465675\n|switch|p2b: Sinistcha|Sinistcha, L50|100/100\n|-heal|p2a: Floette|55/100|[from] ability: Hospitality|[of] p2b: Sinistcha\n|move|p2a: Floette|Protect|p2a: Floette\n|-singleturn|p2a: Floette|Protect\n|move|p1b: Incineroar|Fake Out|p2a: Floette\n|-activate|p2a: Floette|move: Protect\n|move|p1a: Chimecho|Calm Mind|p1a: Chimecho\n|-boost|p1a: Chimecho|spa|1\n|-boost|p1a: Chimecho|spd|1\n|\n|upkeep\n|turn|6\n|\n|t:|1776465686\n|switch|p1b: Sinistcha|Sinistcha, L50|100/100\n|-heal|p1a: Chimecho|100/100|[from] ability: Hospitality|[of] p1b: Sinistcha\n|move|p2a: Floette|Draining Kiss|p1b: Sinistcha\n|-damage|p1b: Sinistcha|31/100\n|-heal|p2a: Floette|100/100|[from] drain|[of] p1b: Sinistcha\n|move|p2b: Sinistcha|Shadow Ball|p1a: Chimecho\n|-supereffective|p1a: Chimecho|1\n|-damage|p1a: Chimecho|78/100\n|move|p1a: Chimecho|Boomburst|p2a: Floette|[spread] p2a\n|-immune|p1b: Sinistcha\n|-immune|p2b: Sinistcha\n|-damage|p2a: Floette|60/100\n|\n|-heal|p1b: Sinistcha|37/100|[from] item: Leftovers\n|upkeep\n|turn|7\n|\n|t:|1776465707\n|move|p2b: Sinistcha|Rage Powder|p2b: Sinistcha\n|-singleturn|p2b: Sinistcha|move: Rage Powder\n|move|p2a: Floette|Calm Mind|p2a: Floette\n|-boost|p2a: Floette|spa|1\n|-boost|p2a: Floette|spd|1\n|move|p1b: Sinistcha|Life Dew|p1b: Sinistcha|[spread] p1a,p1b\n|-heal|p1a: Chimecho|100/100\n|-heal|p1b: Sinistcha|62/100\n|move|p1a: Chimecho|Shadow Ball|p2b: Sinistcha\n|-supereffective|p2b: Sinistcha|1\n|-damage|p2b: Sinistcha|0 fnt\n|faint|p2b: Sinistcha\n|\n|-heal|p1b: Sinistcha|68/100|[from] item: Leftovers\n|upkeep\n|\n|t:|1776465718\n|switch|p2b: Garchomp|Garchomp, L50, M|100/100\n|turn|8\n|\n|t:|1776465729\n|move|p2a: Floette|Protect|p2a: Floette\n|-singleturn|p2a: Floette|Protect\n|move|p2b: Garchomp|Earthquake|p1a: Chimecho|[spread] p1b\n|-activate|p2a: Floette|move: Protect\n|-immune|p1a: Chimecho|[from] ability: Levitate\n|-resisted|p1b: Sinistcha|1\n|-damage|p1b: Sinistcha|51/100\n|move|p1b: Sinistcha|Life Dew||[still]|[spread] p1a,p1b\n|-fail|p1a: Chimecho|heal\n|-heal|p1b: Sinistcha|76/100\n|move|p1a: Chimecho|Boomburst|p2b: Garchomp|[spread] p2b\n|-activate|p2a: Floette|move: Protect\n|-immune|p1b: Sinistcha\n|-damage|p2b: Garchomp|0 fnt\n|faint|p2b: Garchomp\n|\n|-heal|p1b: Sinistcha|82/100|[from] item: Leftovers\n|upkeep\n|\n|t:|1776465735\n|switch|p2b: Sneasler|Sneasler, L50, F|100/100\n|turn|9\n|\n|t:|1776465743\n|move|p2b: Sneasler|Fake Out|p1a: Chimecho\n|-resisted|p1a: Chimecho|1\n|-damage|p1a: Chimecho|96/100\n|move|p1b: Sinistcha|Rage Powder|p1b: Sinistcha\n|-singleturn|p1b: Sinistcha|move: Rage Powder\n|move|p2a: Floette|Draining Kiss|p1b: Sinistcha\n|-damage|p1b: Sinistcha|0 fnt\n|-heal|p2a: Floette|100/100|[from] drain|[of] p1b: Sinistcha\n|faint|p1b: Sinistcha\n|cant|p1a: Chimecho|flinch\n|\n|upkeep\n|\n|t:|1776465749\n|switch|p1b: Incineroar|Incineroar, L50, F|100/100\n|-ability|p1b: Incineroar|Intimidate|boost\n|-unboost|p2a: Floette|atk|1\n|-unboost|p2b: Sneasler|atk|1\n|turn|10\n|\n|t:|1776465755\n|move|p2b: Sneasler|Protect|p2b: Sneasler\n|-singleturn|p2b: Sneasler|Protect\n|move|p2a: Floette|Protect|p2a: Floette\n|-singleturn|p2a: Floette|Protect\n|move|p1b: Incineroar|Fake Out|p2a: Floette\n|-activate|p2a: Floette|move: Protect\n|move|p1a: Chimecho|Calm Mind|p1a: Chimecho\n|-boost|p1a: Chimecho|spa|1\n|-boost|p1a: Chimecho|spd|1\n|\n|upkeep\n|turn|11\n|\n|t:|1776465769\n|move|p1a: Chimecho|Protect|p1a: Chimecho\n|-singleturn|p1a: Chimecho|Protect\n|move|p2b: Sneasler|Rock Slide|p1b: Incineroar|[spread] p1b\n|-activate|p1a: Chimecho|move: Protect\n|-supereffective|p1b: Incineroar|1\n|-damage|p1b: Incineroar|70/100\n|move|p2a: Floette|Draining Kiss|p1b: Incineroar\n|-damage|p1b: Incineroar|0 fnt\n|faint|p1b: Incineroar\n|\n|upkeep\n|turn|12\n|\n|t:|1776465794\n|move|p2b: Sneasler|Rock Slide|p1a: Chimecho\n|-resisted|p1a: Chimecho|1\n|-damage|p1a: Chimecho|89/100\n|move|p2a: Floette|Moonblast|p1a: Chimecho\n|-resisted|p1a: Chimecho|1\n|-damage|p1a: Chimecho|72/100\n|-unboost|p1a: Chimecho|spa|1\n|move|p1a: Chimecho|Boomburst|p2a: Floette|[spread] p2a,p2b\n|-damage|p2a: Floette|63/100\n|-enditem|p2b: Sneasler|Focus Sash\n|-damage|p2b: Sneasler|1/100\n|\n|upkeep\n|turn|13\n|\n|t:|1776465810\n|move|p2b: Sneasler|Rock Slide|p1a: Chimecho\n|-resisted|p1a: Chimecho|1\n|-damage|p1a: Chimecho|64/100\n|move|p2a: Floette|Calm Mind|p2a: Floette\n|-boost|p2a: Floette|spa|1\n|-boost|p2a: Floette|spd|1\n|cant|p1a: Chimecho|flinch\n|\n|upkeep\n|turn|14\n|\n|t:|1776465818\n|move|p2b: Sneasler|Rock Slide|p1a: Chimecho\n|-resisted|p1a: Chimecho|1\n|-damage|p1a: Chimecho|57/100\n|move|p2a: Floette|Calm Mind|p2a: Floette\n|-boost|p2a: Floette|spa|1\n|-boost|p2a: Floette|spd|1\n|move|p1a: Chimecho|Boomburst|p2b: Sneasler|[spread] p2a,p2b\n|-damage|p2a: Floette|38/100\n|-damage|p2b: Sneasler|0 fnt\n|faint|p2b: Sneasler\n|\n|upkeep\n|turn|15\n|\n|t:|1776465824\n|move|p2a: Floette|Draining Kiss|p1a: Chimecho\n|-resisted|p1a: Chimecho|1\n|-damage|p1a: Chimecho|43/100\n|-heal|p2a: Floette|47/100|[from] drain|[of] p1a: Chimecho\n|move|p1a: Chimecho|Boomburst|p2a: Floette\n|-damage|p2a: Floette|12/100\n|\n|upkeep\n|turn|16\n|\n|t:|1776465830\n|move|p2a: Floette|Protect|p2a: Floette\n|-singleturn|p2a: Floette|Protect\n|move|p1a: Chimecho|Boomburst|p2a: Floette\n|-activate|p2a: Floette|move: Protect\n|\n|upkeep\n|turn|17\n|\n|t:|1776465840\n|move|p2a: Floette|Draining Kiss|p1a: Chimecho\n|-resisted|p1a: Chimecho|1\n|-damage|p1a: Chimecho|28/100\n|-heal|p2a: Floette|22/100|[from] drain|[of] p1a: Chimecho\n|move|p1a: Chimecho|Boomburst|p2a: Floette\n|-damage|p2a: Floette|0 fnt\n|faint|p2a: Floette\n|\n|win|ManOnCorks\n|raw|ManOnCorks's rating: 1115 &rarr; <strong>1142</strong><br />(+27 for winning)\n|raw|Cozmo18's rating: 1138 &rarr; <strong>1111</strong><br />(-27 for losing)\n|l|\u2606Cozmo18\n|player|p2|\n",
  "uploadtime": 1776465847,
  "views": 27,
  "formatid": "gen9championsvgc2026regma",
  "rating": 1111,
  "private": 0,
  "password": null
}