{
  "id": "gen9championsvgc2026regma-2587694227",
  "format": "[Gen 9 Champions] VGC 2026 Reg M-A",
  "players": [
    "MistysBikiniB0tt0m",
    "glorpshit"
  ],
  "log": "|j|\u2606MistysBikiniB0tt0m\n|j|\u2606glorpshit\n|t:|1776554635\n|gametype|doubles\n|player|p1|MistysBikiniB0tt0m|265|1039\n|player|p2|glorpshit|harlequin|1137\n|gen|9\n|tier|[Gen 9 Champions] VGC 2026 Reg M-A\n|rated|\n|rule|Species Clause: Limit one of each Pok\u00e9mon\n|rule|Item Clause: Limit 1 of each item\n|clearpoke\n|poke|p1|Delphox, L50, M|\n|poke|p1|Garchomp, L50, F|\n|poke|p1|Gengar, L50, M|\n|poke|p1|Clefable, L50, F|\n|poke|p1|Corviknight, L50, F|\n|poke|p1|Rotom-Wash, L50|\n|poke|p2|Farigiraf, L50, F|\n|poke|p2|Pelipper, L50, F|\n|poke|p2|Araquanid, L50, F|\n|poke|p2|Slowbro-Galar, L50, F|\n|poke|p2|Blastoise, L50, M|\n|poke|p2|Crabominable, L50, F|\n|teampreview|4\nglorpshit has agreed to open team sheets.\n|\n|t:|1776554680\n|teamsize|p1|4\n|teamsize|p2|4\n|start\n|switch|p1a: Corviknight|Corviknight, L50, F|100/100\n|switch|p1b: Gengar|Gengar, L50, M|100/100\n|switch|p2a: Funny|Farigiraf, L50, F|100/100\n|switch|p2b: Birdy|Pelipper, L50, F|100/100\n|-weather|RainDance|[from] ability: Drizzle|[of] p2b: Birdy\n|turn|1\n|\n|t:|1776554697\n|move|p1b: Gengar|Sludge Wave|p2b: Birdy|[spread] p2a,p2b\n|-immune|p1a: Corviknight\n|-damage|p2a: Funny|69/100\n|-damage|p2b: Birdy|57/100\n|move|p1a: Corviknight|Iron Defense|p1a: Corviknight\n|-boost|p1a: Corviknight|def|2\n|move|p2b: Birdy|Hurricane|p1b: Gengar\n|-damage|p1b: Gengar|14/100\n|-start|p1b: Gengar|confusion\n|move|p2a: Funny|Trick Room|p2a: Funny\n|-fieldstart|move: Trick Room|[of] p2a: Funny\n|\n|-weather|RainDance|[upkeep]\n|upkeep\n|turn|2\n|\n|t:|1776554715\n|move|p2a: Funny|Twin Beam|p1b: Gengar\n|-supereffective|p1b: Gengar|1\n|-damage|p1b: Gengar|0 fnt\n|faint|p1b: Gengar\n|-hitcount|p1: Gengar|1\n|move|p2b: Birdy|Weather Ball|p1a: Corviknight\n|-damage|p1a: Corviknight|42/100\n|-enditem|p1a: Corviknight|Sitrus Berry|[eat]\n|-heal|p1a: Corviknight|67/100|[from] item: Sitrus Berry\n|move|p1a: Corviknight|Body Press|p2a: Funny\n|-damage|p2a: Funny|36/100\n|-enditem|p2a: Funny|Sitrus Berry|[eat]\n|-heal|p2a: Funny|61/100|[from] item: Sitrus Berry\n|\n|-weather|RainDance|[upkeep]\n|upkeep\n|\n|t:|1776554729\n|switch|p1b: Rotom|Rotom-Wash, L50|100/100\n|turn|3\n|\n|t:|1776554752\n|move|p1a: Corviknight|Protect|p1a: Corviknight\n|-singleturn|p1a: Corviknight|Protect\n|move|p2a: Funny|Hyper Voice|p1b: Rotom|[spread] p1b\n|-activate|p1a: Corviknight|move: Protect\n|-damage|p1b: Rotom|74/100\n|move|p2b: Birdy|Weather Ball|p1a: Corviknight\n|-activate|p1a: Corviknight|move: Protect\n|move|p1b: Rotom|Volt Switch|p2b: Birdy\n|-supereffective|p2b: Birdy|2\n|-damage|p2b: Birdy|0 fnt\n|faint|p2b: Birdy\n|\n|t:|1776554764\n|switch|p1b: Delphox|Delphox, L50, M|100/100|[from] Volt Switch\n|\n|-weather|RainDance|[upkeep]\n|upkeep\n|\n|t:|1776554769\n|switch|p2b: Shelly|Blastoise, L50, M|100/100\n|turn|4\n|\n|t:|1776554777\n|detailschange|p2b: Shelly|Blastoise-Mega, L50, M\n|-mega|p2b: Shelly|Blastoise|Blastoisinite\n|move|p1b: Delphox|Protect|p1b: Delphox\n|-singleturn|p1b: Delphox|Protect\n|move|p2a: Funny|Hyper Voice|p1b: Delphox|[spread] p1a\n|-activate|p1b: Delphox|move: Protect\n|-resisted|p1a: Corviknight|1\n|-damage|p1a: Corviknight|55/100\n|move|p2b: Shelly|Water Spout|p1b: Delphox|[spread] p1a\n|-activate|p1b: Delphox|move: Protect\n|-damage|p1a: Corviknight|0 fnt\n|faint|p1a: Corviknight\n|\n|-weather|RainDance|[upkeep]\n|upkeep\n|\n|t:|1776554789\n|switch|p1a: Rotom|Rotom-Wash, L50|74/100\n|turn|5\n|\n|t:|1776554804\n|move|p1b: Delphox|Protect|p1b: Delphox\n|-singleturn|p1b: Delphox|Protect\n|move|p2a: Funny|Hyper Voice|p1b: Delphox|[spread] p1a\n|-activate|p1b: Delphox|move: Protect\n|-damage|p1a: Rotom|44/100\n|move|p2b: Shelly|Dark Pulse|p1b: Delphox\n|-activate|p1b: Delphox|move: Protect\n|move|p1a: Rotom|Volt Switch|p2b: Shelly\n|-supereffective|p2b: Shelly|1\n|-damage|p2b: Shelly|59/100\n|\n|-weather|none\n|-fieldend|move: Trick Room\n|upkeep\n|turn|6\n|\n|t:|1776554823\n|detailschange|p1b: Delphox|Delphox-Mega, L50, M\n|-mega|p1b: Delphox|Delphox|Delphoxite\n|move|p1a: Rotom|Volt Switch|p2b: Shelly\n|-supereffective|p2b: Shelly|1\n|-damage|p2b: Shelly|13/100\n|move|p1b: Delphox|Flamethrower|p2a: Funny\n|-damage|p2a: Funny|2/100\n|move|p2b: Shelly|Dark Pulse|p1b: Delphox\n|-supereffective|p1b: Delphox|1\n|-damage|p1b: Delphox|12/100\n|move|p2a: Funny|Hyper Voice|p1a: Rotom|[spread] p1a,p1b\n|-damage|p1a: Rotom|18/100\n|-damage|p1b: Delphox|0 fnt\n|faint|p1b: Delphox\n|\n|upkeep\n|turn|7\n|c|\u2606MistysBikiniB0tt0m|GG\n|\n|t:|1776554849\n|move|p1a: Rotom|Volt Switch|p2b: Shelly\n|-supereffective|p2b: Shelly|1\n|-damage|p2b: Shelly|0 fnt\n|faint|p2b: Shelly\n|move|p2a: Funny|Trick Room|p2a: Funny\n|-fieldstart|move: Trick Room|[of] p2a: Funny\n|\n|upkeep\n|\n|t:|1776554854\n|switch|p2b: Stinky|Slowbro-Galar, L50, F|100/100\n|turn|8\n|\n|t:|1776554862\n|move|p2b: Stinky|Shell Side Arm|p1a: Rotom|[anim] Shell Side Arm Physical\n|-damage|p1a: Rotom|0 fnt\n|-hint|Physical Shell Side Arm\n|faint|p1a: Rotom\n|\n|win|glorpshit\n|raw|MistysBikiniB0tt0m's rating: 1039 &rarr; <strong>1028</strong><br />(-11 for losing)\n|raw|glorpshit's rating: 1137 &rarr; <strong>1155</strong><br />(+18 for winning)\n|l|\u2606glorpshit\n|player|p2|\n|c|\u2606MistysBikiniB0tt0m|GG\n",
  "uploadtime": 1776554881,
  "views": 12,
  "formatid": "gen9championsvgc2026regma",
  "rating": 1028,
  "private": 0,
  "password": null
}