{
  "id": "gen9championsvgc2026regma-2588606779",
  "format": "[Gen 9 Champions] VGC 2026 Reg M-A",
  "players": [
    "RyStarlium",
    "Blaine1221"
  ],
  "log": "|j|\u2606RyStarlium\n|j|\u2606Blaine1221\n|t:|1776649525\n|gametype|doubles\n|player|p1|RyStarlium|pokemaniac|1058\n|player|p2|Blaine1221|ltsurge|1000\n|gen|9\n|tier|[Gen 9 Champions] VGC 2026 Reg M-A\n|rated|\n|rule|Species Clause: Limit one of each Pok\u00e9mon\n|rule|Item Clause: Limit 1 of each item\n|clearpoke\n|poke|p1|Floette-Eternal, L50, F|\n|poke|p1|Whimsicott, L50, M|\n|poke|p1|Sneasler, L50, M|\n|poke|p1|Corviknight, L50, M, shiny|\n|poke|p1|Rotom-Wash, L50|\n|poke|p1|Bellibolt, L50, M|\n|poke|p2|Starmie, L50|\n|poke|p2|Pelipper, L50, F|\n|poke|p2|Palafin, L50, F|\n|poke|p2|Raichu, L50, F|\n|poke|p2|Incineroar, L50, F|\n|poke|p2|Corviknight, L50, F|\n|teampreview|4\n|inactive|Battle timer is ON: inactive players will automatically lose when time's up. (requested by Blaine1221)\n|inactive|Blaine1221 has 60 seconds left.\n|\n|t:|1776649582\n|teamsize|p1|4\n|teamsize|p2|4\n|start\n|switch|p1a: Bellibolt|Bellibolt, L50, M|100/100\n|switch|p1b: Corviknight|Corviknight, L50, M, shiny|100/100\n|switch|p2a: Pelipper|Pelipper, L50, F|100/100\n|switch|p2b: Palafin|Palafin, L50, F|100/100\n|-weather|RainDance|[from] ability: Drizzle|[of] p2a: Pelipper\n|turn|1\n|inactive|RyStarlium has 30 seconds left.\n|\n|t:|1776649609\n|move|p2b: Palafin|Flip Turn|p1b: Corviknight\n|-damage|p1b: Corviknight|76/100\n|c|\u2606Blaine1221|this is the first team ive made in so long so dont judge to hard lol\n|\n|t:|1776649626\n|detailschange|p2b: Palafin|Palafin-Hero, L50, F\n|switch|p2b: Incineroar|Incineroar, L50, F|100/100|[from] Flip Turn\n|-ability|p2b: Incineroar|Intimidate|boost\n|-unboost|p1a: Bellibolt|atk|1\n|-ability|p1b: Corviknight|Mirror Armor\n|-unboost|p2b: Incineroar|atk|1\n|move|p1b: Corviknight|Iron Defense|p1b: Corviknight\n|-boost|p1b: Corviknight|def|2\n|move|p2a: Pelipper|Tailwind|p2a: Pelipper\n|-sidestart|p2: Blaine1221|move: Tailwind\n|move|p1a: Bellibolt|Thunderbolt|p2b: Incineroar\n|-damage|p2b: Incineroar|70/100\n|\n|-weather|RainDance|[upkeep]\n|-heal|p1b: Corviknight|81/100|[from] item: Leftovers\n|upkeep\n|turn|2\n|inactive|Blaine1221 has 30 seconds left.\n|\n|t:|1776649657\n|move|p2b: Incineroar|Fake Out|p1a: Bellibolt\n|-damage|p1a: Bellibolt|93/100\n|-start|p1a: Bellibolt|Charge|Fake Out|[from] ability: Electromorphosis\n|move|p2a: Pelipper|Weather Ball|p1b: Corviknight\n|-damage|p1b: Corviknight|29/100\n|move|p1b: Corviknight|Body Press|p2b: Incineroar\n|-supereffective|p2b: Incineroar|1\n|-damage|p2b: Incineroar|0 fnt\n|faint|p2b: Incineroar\n|cant|p1a: Bellibolt|flinch\n|\n|-weather|RainDance|[upkeep]\n|-heal|p1b: Corviknight|35/100|[from] item: Leftovers\n|upkeep\n|\n|t:|1776649671\n|switch|p2b: Starmie|Starmie, L50|100/100\n|turn|3\n|\n|t:|1776649680\n|switch|p2a: Palafin|Palafin-Hero, L50, F|100/100\n|-activate|p2a: Palafin|ability: Zero to Hero\n|detailschange|p2b: Starmie|Starmie-Mega, L50\n|-mega|p2b: Starmie|Starmie|Starminite\n|move|p2b: Starmie|Skill Swap||[still]\n|-fail|p2b: Starmie\n|move|p1b: Corviknight|Roost|p1b: Corviknight\n|-heal|p1b: Corviknight|85/100\n|-singleturn|p1b: Corviknight|move: Roost\n|move|p1a: Bellibolt|Thunderbolt|p2b: Starmie\n|-supereffective|p2b: Starmie|1\n|-damage|p2b: Starmie|0 fnt\n|faint|p2b: Starmie\n|-end|p1a: Bellibolt|Charge|[silent]\n|\n|-weather|RainDance|[upkeep]\n|-heal|p1b: Corviknight|91/100|[from] item: Leftovers\n|upkeep\n|c|\u2606Blaine1221|well that was a bust\n|\n|t:|1776649699\n|switch|p2b: Pelipper|Pelipper, L50, F|100/100\n|turn|4\n|\n|t:|1776649715\n|move|p2b: Pelipper|Protect|p2b: Pelipper\n|-singleturn|p2b: Pelipper|Protect\n|move|p2a: Palafin|Liquidation|p1b: Corviknight\n|-damage|p1b: Corviknight|63/100\n|move|p1b: Corviknight|Body Press|p2a: Palafin\n|-damage|p2a: Palafin|42/100\n|move|p1a: Bellibolt|Toxic|p2a: Palafin\n|-status|p2a: Palafin|tox\n|\n|-weather|RainDance|[upkeep]\n|-heal|p1b: Corviknight|69/100|[from] item: Leftovers\n|-damage|p2a: Palafin|36/100 tox|[from] psn\n|-sideend|p2: Blaine1221|move: Tailwind\n|upkeep\n|turn|5\n|\n|t:|1776649738\n|move|p2a: Palafin|Drain Punch|p1b: Corviknight\n|-damage|p1b: Corviknight|58/100\n|-heal|p2a: Palafin|42/100 tox|[from] drain|[of] p1b: Corviknight\n|move|p2b: Pelipper|Weather Ball|p1b: Corviknight\n|-damage|p1b: Corviknight|8/100\n|move|p1b: Corviknight|Tailwind|p1b: Corviknight\n|-sidestart|p1: RyStarlium|move: Tailwind\n|move|p1a: Bellibolt|Thunderbolt|p2b: Pelipper\n|-supereffective|p2b: Pelipper|2\n|-enditem|p2b: Pelipper|Focus Sash\n|-damage|p2b: Pelipper|1/100\n|\n|-weather|none\n|-heal|p1b: Corviknight|14/100|[from] item: Leftovers\n|-damage|p2a: Palafin|30/100 tox|[from] psn\n|upkeep\n|turn|6\n|inactive|RyStarlium has 30 seconds left.\n|inactive|Blaine1221 has 30 seconds left.\n|\n|t:|1776649773\n|move|p2b: Pelipper|Protect|p2b: Pelipper\n|-singleturn|p2b: Pelipper|Protect\n|move|p1b: Corviknight|Roost|p1b: Corviknight\n|-heal|p1b: Corviknight|64/100\n|-singleturn|p1b: Corviknight|move: Roost\n|move|p2a: Palafin|Liquidation|p1b: Corviknight\n|-damage|p1b: Corviknight|46/100\n|move|p1a: Bellibolt|Thunderbolt|p2b: Pelipper\n|-activate|p2b: Pelipper|move: Protect\n|\n|-heal|p1b: Corviknight|52/100|[from] item: Leftovers\n|-damage|p2a: Palafin|11/100 tox|[from] psn\n|upkeep\n|turn|7\n|\n|t:|1776649796\n|move|p1b: Corviknight|Roost|p1b: Corviknight\n|-heal|p1b: Corviknight|100/100\n|-singleturn|p1b: Corviknight|move: Roost\n|move|p2a: Palafin|Drain Punch|p1b: Corviknight\n|-supereffective|p1b: Corviknight|1\n|-damage|p1b: Corviknight|82/100\n|-heal|p2a: Palafin|22/100 tox|[from] drain|[of] p1b: Corviknight\n|move|p1a: Bellibolt|Thunderbolt|p2a: Palafin\n|-supereffective|p2a: Palafin|1\n|-damage|p2a: Palafin|0 fnt\n|faint|p2a: Palafin\n|move|p2b: Pelipper|Weather Ball|p1a: Bellibolt\n|-damage|p1a: Bellibolt|83/100\n|-start|p1a: Bellibolt|Charge|Weather Ball|[from] ability: Electromorphosis\n|\n|-heal|p1b: Corviknight|88/100|[from] item: Leftovers\n|upkeep\n|turn|8\n|c|\u2606Blaine1221|gg\n|\n|t:|1776649820\n|move|p1b: Corviknight|Body Press|p2b: Pelipper\n|-resisted|p2b: Pelipper|1\n|-damage|p2b: Pelipper|0 fnt\n|faint|p2b: Pelipper\n|\n|win|RyStarlium\n|raw|RyStarlium's rating: 1058 &rarr; <strong>1084</strong><br />(+26 for winning)\n|raw|Blaine1221's rating: 1000 &rarr; <strong>1000</strong><br />(+0 for losing)\n",
  "uploadtime": 1776649825,
  "views": 6,
  "formatid": "gen9championsvgc2026regma",
  "rating": 1000,
  "private": 0,
  "password": null
}