{
  "id": "gen9championsvgc2026regma-2586832212",
  "format": "[Gen 9 Champions] VGC 2026 Reg M-A",
  "players": [
    "Kalaphant",
    "Jaipesu"
  ],
  "log": "|j|\u2606Kalaphant\n|j|\u2606Jaipesu\n|t:|1776463633\n|gametype|doubles\n|player|p1|Kalaphant|1|1094\n|player|p2|Jaipesu|266|1000\n|gen|9\n|tier|[Gen 9 Champions] VGC 2026 Reg M-A\n|rated|\n|rule|Species Clause: Limit one of each Pok\u00e9mon\n|rule|Item Clause: Limit 1 of each item\n|clearpoke\n|poke|p1|Floette-Eternal, L50, F|\n|poke|p1|Incineroar, L50, F|\n|poke|p1|Charizard, L50, M|\n|poke|p1|Sneasler, L50, F|\n|poke|p1|Sinistcha, L50|\n|poke|p1|Garchomp, L50, M|\n|poke|p2|Sneasler, L50, M|\n|poke|p2|Milotic, L50, M|\n|poke|p2|Floette-Eternal, L50, F|\n|poke|p2|Garchomp, L50, F|\n|poke|p2|Kingambit, L50, F|\n|poke|p2|Incineroar, L50, F|\n|teampreview|4\n|inactive|Battle timer is ON: inactive players will automatically lose when time's up. (requested by Kalaphant)\n|c|\u2606Kalaphant|glhf\nKalaphant has agreed to open team sheets.\n|\n|t:|1776463656\n|teamsize|p1|4\n|teamsize|p2|4\n|start\n|switch|p1a: Floette|Floette-Eternal, L50, F|100/100\n|switch|p1b: Incineroar|Incineroar, L50, F|100/100\n|switch|p2a: Sneasler|Sneasler, L50, M|100/100\n|switch|p2b: Milotic|Milotic, L50, M|100/100\n|-ability|p1b: Incineroar|Intimidate|boost\n|-unboost|p2a: Sneasler|atk|1\n|-unboost|p2b: Milotic|atk|1\n|-ability|p2b: Milotic|Competitive|boost\n|-boost|p2b: Milotic|spa|2\n|turn|1\n|inactive|Kalaphant has 30 seconds left.\n|\n|t:|1776463686\n|detailschange|p1a: Floette|Floette-Mega, L50, F\n|-mega|p1a: Floette|Floette|Floettite\n|-ability|p1a: Floette|Fairy Aura\n|move|p2a: Sneasler|Upper Hand||[still]\n|-fail|p2a: Sneasler\n|move|p1a: Floette|Light of Ruin|p2b: Milotic\n|-damage|p2b: Milotic|15/100\n|-damage|p1a: Floette|43/100|[from] Recoil\n|move|p2b: Milotic|Muddy Water|p1a: Floette|[spread] p1a,p1b\n|-supereffective|p1b: Incineroar|1\n|-damage|p1a: Floette|0 fnt\n|-damage|p1b: Incineroar|10/100\n|faint|p1a: Floette\n|move|p1b: Incineroar|Parting Shot|p2a: Sneasler\n|-unboost|p2a: Sneasler|atk|1\n|-unboost|p2a: Sneasler|spa|1\n|\n|t:|1776463702\n|switch|p1b: Garchomp|Garchomp, L50, M|100/100|[from] Parting Shot\n|\n|-heal|p2b: Milotic|21/100|[from] item: Leftovers\n|upkeep\n|\n|t:|1776463705\n|switch|p1a: Sinistcha|Sinistcha, L50|100/100\n|turn|2\n|inactive|Jaipesu has 30 seconds left.\n|inactive|Jaipesu has 20 seconds left.\n|\n|t:|1776463745\n|switch|p2a: Floette|Floette-Eternal, L50, F|100/100\n|move|p1b: Garchomp|Earthquake|p2b: Milotic|[spread] p1a,p2a,p2b\n|-resisted|p1a: Sinistcha|1\n|-damage|p1a: Sinistcha|82/100\n|-damage|p2a: Floette|30/100\n|-damage|p2b: Milotic|0 fnt\n|faint|p2b: Milotic\n|move|p1a: Sinistcha|Matcha Gotcha|p2a: Floette\n|-damage|p2a: Floette|0 fnt\n|-heal|p1a: Sinistcha|95/100|[from] drain|[of] p2a: Floette\n|faint|p2a: Floette\n|\n|upkeep\n|\n|t:|1776463760\n|switch|p2a: Garchomp|Garchomp, L50, F|100/100\n|switch|p2b: Sneasler|Sneasler, L50, M|100/100\n|turn|3\n|\n|t:|1776463775\n|move|p2b: Sneasler|Fake Out|p1b: Garchomp\n|-damage|p1b: Garchomp|86/100\n|-damage|p2b: Sneasler|88/100|[from] ability: Rough Skin|[of] p1b: Garchomp\n|-status|p1b: Garchomp|psn|[from] ability: Poison Touch|[of] p2b: Sneasler\n|move|p2a: Garchomp|Dragon Claw|p1b: Garchomp\n|-supereffective|p1b: Garchomp|1\n|-damage|p1b: Garchomp|4/100 psn\n|-damage|p2a: Garchomp|88/100|[from] ability: Rough Skin|[of] p1b: Garchomp\n|cant|p1b: Garchomp|flinch\n|move|p1a: Sinistcha|Matcha Gotcha|p2b: Sneasler|[spread] p2b\n|-miss|p1a: Sinistcha|p2a: Garchomp\n|-resisted|p2b: Sneasler|1\n|-damage|p2b: Sneasler|71/100\n|-heal|p1a: Sinistcha|100/100|[from] drain|[of] p2b: Sneasler\n|\n|-damage|p1b: Garchomp|0 fnt|[from] psn\n|faint|p1b: Garchomp\n|upkeep\n|\n|t:|1776463792\n|switch|p1b: Incineroar|Incineroar, L50, F|10/100\n|-ability|p1b: Incineroar|Intimidate|boost\n|-unboost|p2a: Garchomp|atk|1\n|-unboost|p2b: Sneasler|atk|1\n|turn|4\n|\n|t:|1776463802\n|move|p1b: Incineroar|Fake Out|p2b: Sneasler\n|-damage|p2b: Sneasler|52/100\n|move|p2a: Garchomp|Dragon Claw|p1b: Incineroar\n|-damage|p1b: Incineroar|0 fnt\n|faint|p1b: Incineroar\n|cant|p2b: Sneasler|flinch\n|move|p1a: Sinistcha|Life Dew||[still]\n|-fail|p1a: Sinistcha|heal\n|\n|upkeep\n|turn|5\n|\n|t:|1776463814\n|move|p2a: Garchomp|Dragon Claw|p1a: Sinistcha\n|-damage|p1a: Sinistcha|79/100\n|move|p2b: Sneasler|Dire Claw|p1a: Sinistcha\n|-damage|p1a: Sinistcha|56/100\n|-status|p1a: Sinistcha|slp\n|cant|p1a: Sinistcha|slp\n|\n|upkeep\n|turn|6\n|\n|t:|1776463824\n|move|p2a: Garchomp|Dragon Claw|p1a: Sinistcha\n|-damage|p1a: Sinistcha|32/100 slp\n|-enditem|p1a: Sinistcha|Sitrus Berry|[eat]\n|-heal|p1a: Sinistcha|57/100 slp|[from] item: Sitrus Berry\n|move|p2b: Sneasler|Dire Claw|p1a: Sinistcha\n|-damage|p1a: Sinistcha|33/100 slp\n|cant|p1a: Sinistcha|slp\n|\n|upkeep\n|turn|7\n|\n|t:|1776463834\n|move|p2a: Garchomp|Dragon Claw|p1a: Sinistcha\n|-damage|p1a: Sinistcha|11/100 slp\n|move|p2b: Sneasler|Dire Claw|p1a: Sinistcha\n|-damage|p1a: Sinistcha|0 fnt\n|faint|p1a: Sinistcha\n|\n|win|Jaipesu\n|raw|Kalaphant's rating: 1094 &rarr; <strong>1064</strong><br />(-30 for losing)\n|raw|Jaipesu's rating: 1000 &rarr; <strong>1051</strong><br />(+51 for winning)\n",
  "uploadtime": 1776463834,
  "views": 21,
  "formatid": "gen9championsvgc2026regma",
  "rating": 1051,
  "private": 0,
  "password": null
}