{
  "id": "gen9championsvgc2026regma-2580289030",
  "format": "[Gen 9 Champions] VGC 2026 Reg M-A",
  "players": [
    "mxi50",
    "skymin<3"
  ],
  "log": "|j|\u2606mxi50\n|j|\u2606skymin<3\n|t:|1775876247\n|gametype|doubles\n|player|p1|mxi50|pokemonranger-gen4|\n|player|p2|skymin<3|#skymin3|\n|gen|9\n|tier|[Gen 9 Champions] VGC 2026 Reg M-A\n|rated|Tournament battle\n|rule|Species Clause: Limit one of each Pok\u00e9mon\n|rule|Item Clause: Limit 1 of each item\n|clearpoke\n|poke|p1|Kingambit, L50, F|\n|poke|p1|Toxapex, L50, M|\n|poke|p1|Gallade, L50, M|\n|poke|p1|Crabominable, L50, F|\n|poke|p1|Incineroar, L50, F|\n|poke|p1|Aggron, L50, F|\n|poke|p2|Excadrill, L50, M|\n|poke|p2|Tyranitar, L50, F|\n|poke|p2|Delphox, L50, M|\n|poke|p2|Rotom-Wash, L50|\n|poke|p2|Corviknight, L50, M|\n|poke|p2|Primarina, L50, F|\n|teampreview|4\nskymin<3 has agreed to open team sheets.\n|j|+ScribbleScribble\n|j|~Karthik\n|l|~Karthik\n|j| redshoes7\n|l| redshoes7\n|\n|t:|1775876321\n|teamsize|p1|4\n|teamsize|p2|4\n|start\n|switch|p1a: Gallade|Gallade, L50, M|100/100\n|switch|p1b: Incineroar|Incineroar, L50, F|100/100\n|switch|p2a: Kushala Daora|Corviknight, L50, M, shiny|100/100\n|switch|p2b: Primarina|Primarina, L50, F|100/100\n|-ability|p1b: Incineroar|Intimidate|boost\n|-ability|p2a: Kushala Daora|Mirror Armor\n|-unboost|p1b: Incineroar|atk|1\n|-unboost|p2b: Primarina|atk|1\n|turn|1\n|j| Staje\n|\n|t:|1775876344\n|move|p1b: Incineroar|Fake Out|p2b: Primarina\n|-damage|p2b: Primarina|91/100\n|move|p2a: Kushala Daora|Brave Bird|p1a: Gallade\n|-supereffective|p1a: Gallade|1\n|-damage|p1a: Gallade|14/100\n|-damage|p2a: Kushala Daora|76/100|[from] Recoil\n|cant|p2b: Primarina|flinch\n|move|p1a: Gallade|Trick Room|p1a: Gallade\n|-fieldstart|move: Trick Room|[of] p1a: Gallade\n|\n|upkeep\n|turn|2\n|l| Staje\n|j| 123a123a1\n|j|@verbatim\n|l|@verbatim\n|l| 123a123a1\n|j|+crystalninetales\n|\n|t:|1775876381\n|switch|p2a: Rotom|Rotom-Wash, L50, shiny|100/100\n|move|p1b: Incineroar|Flare Blitz|p2a: Rotom\n|-resisted|p2a: Rotom|1\n|-damage|p2a: Rotom|88/100\n|-damage|p1b: Incineroar|97/100|[from] Recoil\n|move|p2b: Primarina|Hyper Voice|p1a: Gallade|[spread] p1a,p1b\n|-supereffective|p1b: Incineroar|1\n|-damage|p1a: Gallade|0 fnt\n|-damage|p1b: Incineroar|32/100\n|-enditem|p1b: Incineroar|Sitrus Berry|[eat]\n|-heal|p1b: Incineroar|57/100|[from] item: Sitrus Berry\n|faint|p1a: Gallade\n|\n|-heal|p2a: Rotom|93/100|[from] item: Leftovers\n|upkeep\n|\n|t:|1775876399\n|switch|p1a: Crabominable|Crabominable, L50, F|100/100\n|turn|3\n|\n|t:|1775876429\n|detailschange|p1a: Crabominable|Crabominable-Mega, L50, F\n|-mega|p1a: Crabominable|Crabominable|Crabominite\n|move|p1a: Crabominable|Ice Hammer|p2b: Primarina\n|-resisted|p2b: Primarina|1\n|-damage|p2b: Primarina|51/100\n|-unboost|p1a: Crabominable|spe|1\n|move|p1b: Incineroar|Parting Shot|p2a: Rotom\n|-unboost|p2a: Rotom|atk|1\n|-unboost|p2a: Rotom|spa|1\n|j| ebbsxzy\n|\n|t:|1775876438\n|switch|p1b: Kingambit|Kingambit, L50, F|100/100|[from] Parting Shot\n|move|p2b: Primarina|Moonblast|p1a: Crabominable\n|-supereffective|p1a: Crabominable|1\n|-damage|p1a: Crabominable|29/100\n|move|p2a: Rotom|Will-O-Wisp|p1a: Crabominable\n|-status|p1a: Crabominable|brn\n|\n|-heal|p2a: Rotom|99/100|[from] item: Leftovers\n|-damage|p1a: Crabominable|23/100 brn|[from] brn\n|upkeep\n|turn|4\n|l| ebbsxzy\n|\n|t:|1775876457\n|move|p2b: Primarina|Protect|p2b: Primarina\n|-singleturn|p2b: Primarina|Protect\n|move|p1a: Crabominable|Ice Hammer|p2a: Rotom\n|-resisted|p2a: Rotom|1\n|-damage|p2a: Rotom|81/100\n|-unboost|p1a: Crabominable|spe|1\n|move|p1b: Kingambit|Kowtow Cleave|p2b: Primarina\n|-activate|p2b: Primarina|move: Protect\n|move|p2a: Rotom|Will-O-Wisp|p1b: Kingambit\n|-status|p1b: Kingambit|brn\n|\n|-heal|p2a: Rotom|87/100|[from] item: Leftovers\n|-damage|p1a: Crabominable|17/100 brn|[from] brn\n|-damage|p1b: Kingambit|95/100 brn|[from] brn\n|upkeep\n|turn|5\n|c|\u2606skymin<3|gg\n|l|+crystalninetales\n|\n|t:|1775876470\n|switch|p2b: Kushala Daora|Corviknight, L50, M, shiny|76/100\n|move|p1a: Crabominable|Protect|p1a: Crabominable\n|-singleturn|p1a: Crabominable|Protect\n|move|p1b: Kingambit|Kowtow Cleave|p2b: Kushala Daora\n|-damage|p2b: Kushala Daora|50/100\n|-enditem|p2b: Kushala Daora|Sitrus Berry|[eat]\n|-heal|p2b: Kushala Daora|75/100|[from] item: Sitrus Berry\n|move|p2a: Rotom|Thunderbolt|p1b: Kingambit\n|-crit|p1b: Kingambit\n|-damage|p1b: Kingambit|37/100 brn\n|\n|-heal|p2a: Rotom|93/100|[from] item: Leftovers\n|-damage|p1a: Crabominable|10/100 brn|[from] brn\n|-damage|p1b: Kingambit|32/100 brn|[from] brn\n|-fieldend|move: Trick Room\n|upkeep\n|turn|6\n|-message|mxi50 forfeited.\n|\n|win|skymin<3\n|n|\u2606mxi50|mxi50\n|n|\u2606skymin<3|skymin3\n|n| ScribbleScribble|scribblescribble\n|l|\u2606mxi50\n|player|p1|\n",
  "uploadtime": 1775876481,
  "views": 24,
  "formatid": "gen9championsvgc2026regma",
  "rating": null,
  "private": 0,
  "password": null
}