{
  "id": "gen9championsvgc2026regma-2581180739",
  "format": "[Gen 9 Champions] VGC 2026 Reg M-A",
  "players": [
    "fimmm",
    "bahahahahahahhh"
  ],
  "log": "|j|\u2606fimmm\n|j|\u2606bahahahahahahhh\n|t:|1775967860\n|gametype|doubles\n|player|p1|fimmm|whitney|1102\n|player|p2|bahahahahahahhh|101|1204\n|gen|9\n|tier|[Gen 9 Champions] VGC 2026 Reg M-A\n|rated|\n|rule|Species Clause: Limit one of each Pok\u00e9mon\n|rule|Item Clause: Limit 1 of each item\n|clearpoke\n|poke|p1|Slurpuff, L50, M|\n|poke|p1|Liepard, L50, M|\n|poke|p1|Aerodactyl, L50, M|\n|poke|p1|Scovillain, L50, F|\n|poke|p1|Drampa, L50, M|\n|poke|p1|Crabominable, L50, M|\n|poke|p2|Froslass, L50, F|\n|poke|p2|Orthworm, L50, M|\n|poke|p2|Incineroar, L50, M|\n|poke|p2|Basculegion, L50, M|\n|poke|p2|Garchomp, L50, F|\n|poke|p2|Rotom-Frost, L50|\n|teampreview|4\n|inactive|Battle timer is ON: inactive players will automatically lose when time's up. (requested by fimmm)\n|\n|t:|1775967884\n|teamsize|p1|4\n|teamsize|p2|4\n|start\n|switch|p1a: Scovillain|Scovillain, L50, F|100/100\n|switch|p1b: Liepard|Liepard, L50, M|100/100\n|switch|p2a: Orthworm|Orthworm, L50, M|100/100\n|switch|p2b: Incineroar|Incineroar, L50, M|100/100\n|-ability|p2b: Incineroar|Intimidate|boost\n|-unboost|p1a: Scovillain|atk|1\n|-unboost|p1b: Liepard|atk|1\n|turn|1\n|\n|t:|1775967902\n|move|p2b: Incineroar|Fake Out|p1a: Scovillain\n|-damage|p1a: Scovillain|81/100\n|move|p1b: Liepard|Swagger|p2a: Orthworm|[miss]\n|-miss|p1b: Liepard|p2a: Orthworm\n|cant|p1a: Scovillain|flinch\n|move|p2a: Orthworm|Shed Tail|p2a: Orthworm\n|-start|p2a: Orthworm|Substitute|[from] move: Shed Tail\n|-damage|p2a: Orthworm|50/100\n|-enditem|p2a: Orthworm|Sitrus Berry|[eat]\n|-heal|p2a: Orthworm|75/100|[from] item: Sitrus Berry\n|\n|t:|1775967913\n|switch|p2a: Froslass|Froslass, L50, F|100/100|[from] Shed Tail\n|\n|upkeep\n|turn|2\n|\n|t:|1775967924\n|move|p1a: Scovillain|Burning Jealousy|p2a: Froslass|[spread] p2a,p2b\n|-supereffective|p2a: Froslass|1\n|-end|p2a: Froslass|Substitute\n|-resisted|p2b: Incineroar|1\n|-damage|p2b: Incineroar|88/100\n|move|p1b: Liepard|Foul Play|p2a: Froslass\n|-supereffective|p2a: Froslass|1\n|-damage|p2a: Froslass|27/100\n|-start|p1b: Liepard|Disable|Foul Play|[from] ability: Cursed Body|[of] p2a: Froslass\n|move|p2a: Froslass|Nasty Plot|p2a: Froslass\n|-boost|p2a: Froslass|spa|2\n|move|p2b: Incineroar|Parting Shot|p1a: Scovillain\n|-unboost|p1a: Scovillain|atk|1\n|-unboost|p1a: Scovillain|spa|1\n|\n|t:|1775967947\n|switch|p2b: Basculegion|Basculegion, L50, M|100/100|[from] Parting Shot\n|\n|upkeep\n|turn|3\n|\n|t:|1775967964\n|move|p2a: Froslass|Protect|p2a: Froslass\n|-singleturn|p2a: Froslass|Protect\n|move|p1b: Liepard|Thunder Wave|p2b: Basculegion\n|-status|p2b: Basculegion|par\n|move|p1a: Scovillain|Burning Jealousy|p2a: Froslass|[spread] p2b\n|-activate|p2a: Froslass|move: Protect\n|-resisted|p2b: Basculegion|1\n|-damage|p2b: Basculegion|91/100 par\n|move|p2b: Basculegion|Wave Crash|p1a: Scovillain\n|-damage|p1a: Scovillain|0 fnt\n|faint|p1a: Scovillain\n|-damage|p2b: Basculegion|73/100 par|[from] Recoil\n|\n|upkeep\n|\n|t:|1775967970\n|switch|p1a: Slurpuff|Slurpuff, L50, M|100/100\n|turn|4\n|\n|t:|1775967985\n|detailschange|p2a: Froslass|Froslass-Mega, L50, F\n|-mega|p2a: Froslass|Froslass|Froslassite\n|-weather|Snowscape|[from] ability: Snow Warning|[of] p2a: Froslass\n|move|p1b: Liepard|Swagger|p1a: Slurpuff\n|-boost|p1a: Slurpuff|atk|2\n|-start|p1a: Slurpuff|confusion\n|-enditem|p1a: Slurpuff|Persim Berry|[eat]\n|-end|p1a: Slurpuff|confusion\n|move|p1a: Slurpuff|Play Rough|p2a: Froslass\n|-damage|p2a: Froslass|0 fnt\n|faint|p2a: Froslass\n|move|p2b: Basculegion|Wave Crash|p1a: Slurpuff\n|-damage|p1a: Slurpuff|24/100\n|-damage|p2b: Basculegion|52/100 par|[from] Recoil\n|\n|-weather|Snowscape|[upkeep]\n|upkeep\n|\n|t:|1775968000\n|switch|p2a: Incineroar|Incineroar, L50, M|88/100\n|-ability|p2a: Incineroar|Intimidate|boost\n|-unboost|p1a: Slurpuff|atk|1\n|-unboost|p1b: Liepard|atk|1\n|turn|5\n|\n|t:|1775968020\n|move|p1a: Slurpuff|Protect|p1a: Slurpuff\n|-singleturn|p1a: Slurpuff|Protect\n|move|p2a: Incineroar|Fake Out|p1a: Slurpuff\n|-activate|p1a: Slurpuff|move: Protect\n|move|p1b: Liepard|Swagger|p2b: Basculegion\n|-boost|p2b: Basculegion|atk|2\n|-start|p2b: Basculegion|confusion\n|-activate|p2b: Basculegion|confusion\n|move|p2b: Basculegion|Wave Crash|p1a: Slurpuff\n|-activate|p1a: Slurpuff|move: Protect\n|\n|-weather|Snowscape|[upkeep]\n|-end|p1b: Liepard|Disable\n|upkeep\n|turn|6\n|inactive|bahahahahahahhh has 30 seconds left.\n|inactive|bahahahahahahhh has 20 seconds left.\n|\n|t:|1775968060\n|move|p1a: Slurpuff|Drain Punch|p2a: Incineroar\n|-supereffective|p2a: Incineroar|1\n|-damage|p2a: Incineroar|26/100\n|-heal|p1a: Slurpuff|58/100|[from] drain|[of] p2a: Incineroar\n|move|p1b: Liepard|Foul Play|p2b: Basculegion\n|-supereffective|p2b: Basculegion|1\n|-damage|p2b: Basculegion|0 fnt\n|faint|p2b: Basculegion\n|move|p2a: Incineroar|Flare Blitz|p1a: Slurpuff\n|-damage|p1a: Slurpuff|0 fnt\n|faint|p1a: Slurpuff\n|-damage|p2a: Incineroar|9/100|[from] Recoil\n|\n|-weather|Snowscape|[upkeep]\n|upkeep\n|\n|t:|1775968073\n|switch|p2b: Orthworm|Orthworm, L50, M|75/100\n|switch|p1a: Crabominable|Crabominable, L50, M|100/100\n|turn|7\n|\n|t:|1775968084\n|detailschange|p1a: Crabominable|Crabominable-Mega, L50, M\n|-mega|p1a: Crabominable|Crabominable|Crabominite\n|-singleturn|p1a: Crabominable|move: Focus Punch\n|move|p1b: Liepard|Foul Play|p2a: Incineroar\n|-resisted|p2a: Incineroar|1\n|-damage|p2a: Incineroar|0 fnt\n|faint|p2a: Incineroar\n|move|p2b: Orthworm|Iron Defense|p2b: Orthworm\n|-boost|p2b: Orthworm|def|2\n|move|p1a: Crabominable|Focus Punch|p2b: Orthworm\n|-supereffective|p2b: Orthworm|1\n|-damage|p2b: Orthworm|0 fnt\n|faint|p2b: Orthworm\n|\n|win|fimmm\n|raw|fimmm's rating: 1102 &rarr; <strong>1134</strong><br />(+32 for winning)\n|raw|bahahahahahahhh's rating: 1204 &rarr; <strong>1172</strong><br />(-32 for losing)\n",
  "uploadtime": 1775968096,
  "views": 24,
  "formatid": "gen9championsvgc2026regma",
  "rating": 1134,
  "private": 0,
  "password": null
}