{
  "id": "gen9championsvgc2026regma-2580388705",
  "format": "[Gen 9 Champions] VGC 2026 Reg M-A",
  "players": [
    "SmurfingInProgress",
    "Buy my book azul"
  ],
  "log": "|j|\u2606SmurfingInProgress\n|j|\u2606Buy my book azul\n|t:|1775889119\n|gametype|doubles\n|player|p1|SmurfingInProgress|2|1028\n|player|p2|Buy my book azul|diantha-masters|1000\n|gen|9\n|tier|[Gen 9 Champions] VGC 2026 Reg M-A\n|rated|\n|rule|Species Clause: Limit one of each Pok\u00e9mon\n|rule|Item Clause: Limit 1 of each item\n|clearpoke\n|poke|p1|Charizard, L50, F|\n|poke|p1|Dragapult, L50, F|\n|poke|p1|Sneasler, L50, M|\n|poke|p1|Incineroar, L50, M|\n|poke|p1|Torkoal, L50, F|\n|poke|p1|Rotom-Wash, L50|\n|poke|p2|Aegislash, L50, M|\n|poke|p2|Spiritomb, L50, F|\n|poke|p2|Charizard, L50, M|\n|poke|p2|Drampa, L50, F|\n|poke|p2|Garchomp, L50, F|\n|poke|p2|Kingambit, L50, F|\n|teampreview|4\nBuy my book azul has agreed to open team sheets.\nSmurfingInProgress has agreed to open team sheets.\n|showteam|p1|Charizard||CharizarditeY|Blaze|HeatWave,SolarBeam,AirSlash,Protect|||F|||50|]Dragapult||DragonFang|ClearBody|DragonDarts,PhantomForce,DragonDance,Protect|||F|||50|]Sneasler||WhiteHerb|Unburden|DireClaw,CloseCombat,FakeOut,Protect|||M|||50|]Incineroar||SitrusBerry|Intimidate|FlareBlitz,FakeOut,Taunt,PartingShot|||M|||50|]Torkoal||Charcoal|Drought|Eruption,HeatWave,EarthPower,Protect|||F|||50|]Rotom-Wash||Leftovers|Levitate|HydroPump,Thunderbolt,WillOWisp,Protect||||||50|\n|showteam|p2|Aegislash||ColburBerry|StanceChange|CloseCombat,KingsShield,GyroBall,Poltergeist|||M|||50|]Spiritomb||MentalHerb|Infiltrator|TrickRoom,PainSplit,WillOWisp,DarkPulse|||F|||50|]Charizard||CharizarditeY|Blaze|HeatWave,Protect,ScorchingSands,SolarBeam|||M|||50|]Drampa||Drampanite|CloudNine|DracoMeteor,HeatWave,Hurricane,Blizzard|||F|||50|]Garchomp||BrightPowder|SandVeil|Earthquake,DragonClaw,RockSlide,Substitute|||F|||50|]Kingambit||BlackGlasses|Defiant|SuckerPunch,IronHead,LowKick,KowtowCleave|||F|||50|\n|\n|t:|1775889191\n|teamsize|p1|4\n|teamsize|p2|4\n|start\n|switch|p1a: Charizard|Charizard, L50, F, shiny|100/100\n|switch|p1b: Incineroar|Incineroar, L50, M, shiny|100/100\n|switch|p2a: Spiritomb|Spiritomb, L50, F|100/100\n|switch|p2b: Drampa|Drampa, L50, F|100/100\n|-ability|p1b: Incineroar|Intimidate|boost\n|-unboost|p2a: Spiritomb|atk|1\n|-unboost|p2b: Drampa|atk|1\n|-ability|p2b: Drampa|Cloud Nine\n|turn|1\n|\n|t:|1775889222\n|detailschange|p1a: Charizard|Charizard-Mega-Y, L50, F, shiny\n|-mega|p1a: Charizard|Charizard|Charizardite Y\n|-weather|SunnyDay|[from] ability: Drought|[of] p1a: Charizard\n|detailschange|p2b: Drampa|Drampa-Mega, L50, F\n|-mega|p2b: Drampa|Drampa|Drampanite\n|move|p1b: Incineroar|Fake Out|p2b: Drampa\n|-damage|p2b: Drampa|89/100\n|move|p1a: Charizard|Heat Wave|p2a: Spiritomb|[spread] p2a,p2b\n|-resisted|p2b: Drampa|1\n|-damage|p2a: Spiritomb|33/100\n|-damage|p2b: Drampa|59/100\n|cant|p2b: Drampa|flinch\n|move|p2a: Spiritomb|Trick Room|p2a: Spiritomb\n|-fieldstart|move: Trick Room|[of] p2a: Spiritomb\n|\n|-weather|SunnyDay|[upkeep]\n|upkeep\n|turn|2\n|\n|t:|1775889284\n|move|p2a: Spiritomb|Pain Split|p1b: Incineroar\n|-sethp|p1b: Incineroar|63/100|[from] move: Pain Split|[silent]\n|-sethp|p2a: Spiritomb|81/100|[from] move: Pain Split\n|move|p2b: Drampa|Draco Meteor|p1a: Charizard\n|-damage|p1a: Charizard|8/100\n|-unboost|p2b: Drampa|spa|2\n|move|p1b: Incineroar|Flare Blitz|p2b: Drampa\n|-resisted|p2b: Drampa|1\n|-damage|p2b: Drampa|20/100\n|-damage|p1b: Incineroar|52/100|[from] Recoil\n|-ability|p2b: Drampa|Berserk|boost\n|-boost|p2b: Drampa|spa|1\n|move|p1a: Charizard|Heat Wave|p2a: Spiritomb|[spread] p2a,p2b\n|-resisted|p2b: Drampa|1\n|-crit|p2b: Drampa\n|-damage|p2a: Spiritomb|17/100\n|-damage|p2b: Drampa|0 fnt\n|faint|p2b: Drampa\n|\n|-weather|SunnyDay|[upkeep]\n|upkeep\n|\n|t:|1775889300\n|switch|p2b: Kingambit|Kingambit, L50, F|100/100\n|turn|3\n|\n|t:|1775889323\n|move|p1a: Charizard|Protect|p1a: Charizard\n|-singleturn|p1a: Charizard|Protect\n|move|p2a: Spiritomb|Dark Pulse|p1a: Charizard\n|-activate|p1a: Charizard|move: Protect\n|move|p2b: Kingambit|Low Kick|p1b: Incineroar\n|-supereffective|p1b: Incineroar|1\n|-damage|p1b: Incineroar|0 fnt\n|faint|p1b: Incineroar\n|\n|-weather|SunnyDay|[upkeep]\n|upkeep\n|\n|t:|1775889336\n|switch|p1b: Rotom|Rotom-Wash, L50, shiny|100/100\n|turn|4\n|\n|t:|1775889384\n|move|p2a: Spiritomb|Dark Pulse|p1a: Charizard\n|-damage|p1a: Charizard|0 fnt\n|faint|p1a: Charizard\n|move|p2b: Kingambit|Kowtow Cleave|p1b: Rotom\n|-damage|p1b: Rotom|51/100\n|move|p1b: Rotom|Will-O-Wisp|p2b: Kingambit\n|-status|p2b: Kingambit|brn\n|\n|-weather|SunnyDay|[upkeep]\n|-heal|p1b: Rotom|57/100|[from] item: Leftovers\n|-damage|p2b: Kingambit|95/100 brn|[from] brn\n|upkeep\n|\n|t:|1775889395\n|switch|p1a: Dragapult|Dragapult, L50, F, shiny|100/100\n|turn|5\n|\n|t:|1775889435\n|move|p1a: Dragapult|Protect|p1a: Dragapult\n|-singleturn|p1a: Dragapult|Protect\n|move|p2a: Spiritomb|Pain Split|p1b: Rotom\n|-sethp|p1b: Rotom|37/100|[from] move: Pain Split|[silent]\n|-sethp|p2a: Spiritomb|37/100|[from] move: Pain Split\n|move|p2b: Kingambit|Kowtow Cleave|p1a: Dragapult\n|-activate|p1a: Dragapult|move: Protect\n|move|p1b: Rotom|Hydro Pump|p2b: Kingambit\n|-damage|p2b: Kingambit|78/100 brn\n|\n|-weather|none\n|-heal|p1b: Rotom|43/100|[from] item: Leftovers\n|-damage|p2b: Kingambit|72/100 brn|[from] brn\n|-fieldend|move: Trick Room\n|upkeep\n|turn|6\n|\n|t:|1775889459\n|move|p2b: Kingambit|Sucker Punch|p1a: Dragapult\n|-supereffective|p1a: Dragapult|1\n|-damage|p1a: Dragapult|43/100\n|move|p1a: Dragapult|Dragon Darts|p2a: Spiritomb\n|-damage|p2a: Spiritomb|8/100\n|-anim|p1a: Dragapult|Dragon Darts|p2b: Kingambit\n|-resisted|p2b: Kingambit|1\n|-damage|p2b: Kingambit|62/100 brn\n|move|p1b: Rotom|Hydro Pump|p2b: Kingambit\n|-damage|p2b: Kingambit|30/100 brn\n|move|p2a: Spiritomb|Trick Room|p2a: Spiritomb\n|-fieldstart|move: Trick Room|[of] p2a: Spiritomb\n|\n|-heal|p1b: Rotom|48/100|[from] item: Leftovers\n|-damage|p2b: Kingambit|24/100 brn|[from] brn\n|upkeep\n|turn|7\n|\n|t:|1775889477\n|move|p1a: Dragapult|Protect|p1a: Dragapult\n|-singleturn|p1a: Dragapult|Protect\n|move|p2a: Spiritomb|Will-O-Wisp|p1a: Dragapult\n|-activate|p1a: Dragapult|move: Protect\n|move|p2b: Kingambit|Kowtow Cleave|p1b: Rotom\n|-damage|p1b: Rotom|24/100\n|move|p1b: Rotom|Thunderbolt|p2a: Spiritomb\n|-damage|p2a: Spiritomb|0 fnt\n|faint|p2a: Spiritomb\n|\n|-heal|p1b: Rotom|30/100|[from] item: Leftovers\n|-damage|p2b: Kingambit|18/100 brn|[from] brn\n|upkeep\n|\n|t:|1775889486\n|switch|p2a: Aegislash|Aegislash, L50, M, shiny|100/100\n|turn|8\n|\n|t:|1775889501\n|move|p2b: Kingambit|Kowtow Cleave|p1b: Rotom\n|-damage|p1b: Rotom|6/100\n|-formechange|p2a: Aegislash|Aegislash-Blade|\n|move|p2a: Aegislash|Poltergeist|p1b: Rotom\n|-activate|p1b: Rotom|move: Poltergeist|Leftovers\n|-damage|p1b: Rotom|0 fnt\n|faint|p1b: Rotom\n|move|p1a: Dragapult|Phantom Force||[still]\n|-prepare|p1a: Dragapult|Phantom Force\n|\n|-damage|p2b: Kingambit|13/100 brn|[from] brn\n|upkeep\n|turn|9\n|\n|t:|1775889523\n|-formechange|p2a: Aegislash|Aegislash|\n|move|p2a: Aegislash|King's Shield|p2a: Aegislash\n|-singleturn|p2a: Aegislash|Protect\n|move|p2b: Kingambit|Low Kick|p1a: Dragapult|[miss]\n|-miss|p2b: Kingambit|p1a: Dragapult\n|move|p1a: Dragapult|Phantom Force|p2a: Aegislash|[from] lockedmove\n|-activate|p2a: Aegislash|move: Phantom Force|[broken]\n|-supereffective|p2a: Aegislash|1\n|-damage|p2a: Aegislash|31/100\n|\n|-damage|p2b: Kingambit|7/100 brn|[from] brn\n|upkeep\n|turn|10\n|\n|t:|1775889538\n|move|p2b: Kingambit|Kowtow Cleave|p1a: Dragapult\n|-supereffective|p1a: Dragapult|1\n|-damage|p1a: Dragapult|0 fnt\n|faint|p1a: Dragapult\n|\n|win|Buy my book azul\n|raw|SmurfingInProgress's rating: 1028 &rarr; <strong>1013</strong><br />(-15 for losing)\n|raw|Buy my book azul's rating: 1000 &rarr; <strong>1043</strong><br />(+43 for winning)\n",
  "uploadtime": 1775889542,
  "views": 22,
  "formatid": "gen9championsvgc2026regma",
  "rating": 1013,
  "private": 0,
  "password": null
}