{
  "id": "gen9championsvgc2026regma-2585980077",
  "format": "[Gen 9 Champions] VGC 2026 Reg M-A",
  "players": [
    "StronkBocchi",
    "noRNGplz"
  ],
  "log": "|j|\u2606StronkBocchi\n|j|\u2606noRNGplz\n|t:|1776387134\n|gametype|doubles\n|player|p1|StronkBocchi|dawn-gen4pt|1313\n|player|p2|noRNGplz|169|1365\n|gen|9\n|tier|[Gen 9 Champions] VGC 2026 Reg M-A\n|rated|\n|rule|Species Clause: Limit one of each Pok\u00e9mon\n|rule|Item Clause: Limit 1 of each item\n|clearpoke\n|poke|p1|Sneasler, L50, F|\n|poke|p1|Floette-Eternal, L50, F|\n|poke|p1|Garchomp, L50, F|\n|poke|p1|Basculegion, L50, M|\n|poke|p1|Kingambit, L50, M|\n|poke|p1|Froslass, L50, F|\n|poke|p2|Pidgeot, L50, M|\n|poke|p2|Goodra-Hisui, L50, M|\n|poke|p2|Sneasler, L50, F|\n|poke|p2|Basculegion, L50, M|\n|poke|p2|Tyranitar, L50, M|\n|poke|p2|Delphox, L50, M|\n|teampreview|4\n|\n|t:|1776387161\n|teamsize|p1|4\n|teamsize|p2|4\n|start\n|switch|p1a: Garchomp|Garchomp, L50, F|100/100\n|switch|p1b: Sneasler|Sneasler, L50, F|100/100\n|switch|p2a: Delphox|Delphox, L50, M|100/100\n|switch|p2b: Goodra|Goodra-Hisui, L50, M|100/100\n|turn|1\n|\n|t:|1776387186\n|move|p2a: Delphox|Protect|p2a: Delphox\n|-singleturn|p2a: Delphox|Protect\n|move|p2b: Goodra|Protect|p2b: Goodra\n|-singleturn|p2b: Goodra|Protect\n|move|p1b: Sneasler|Fake Out|p2a: Delphox\n|-activate|p2a: Delphox|move: Protect\n|move|p1a: Garchomp|Rock Slide|p2a: Delphox|[spread] \n|-activate|p2a: Delphox|move: Protect\n|-activate|p2b: Goodra|move: Protect\n|\n|upkeep\n|turn|2\n|\n|t:|1776387199\n|detailschange|p2a: Delphox|Delphox-Mega, L50, M\n|-mega|p2a: Delphox|Delphox|Delphoxite\n|move|p1b: Sneasler|Protect|p1b: Sneasler\n|-singleturn|p1b: Sneasler|Protect\n|move|p2a: Delphox|Psychic|p1b: Sneasler\n|-activate|p1b: Sneasler|move: Protect\n|move|p1a: Garchomp|Earthquake|p2b: Goodra|[spread] p2b\n|-activate|p1b: Sneasler|move: Protect\n|-immune|p2a: Delphox|[from] ability: Levitate\n|-supereffective|p2b: Goodra|1\n|-damage|p2b: Goodra|51/100\n|move|p2b: Goodra|Shelter|p2b: Goodra\n|-boost|p2b: Goodra|def|2\n|\n|-heal|p2b: Goodra|57/100|[from] item: Leftovers\n|upkeep\n|turn|3\n|\n|t:|1776387227\n|switch|p1b: Basculegion|Basculegion, L50, M|100/100\n|move|p2b: Goodra|Protect|p2b: Goodra\n|-singleturn|p2b: Goodra|Protect\n|move|p2a: Delphox|Psychic|p1b: Basculegion\n|-damage|p1b: Basculegion|39/100\n|-enditem|p1b: Basculegion|Sitrus Berry|[eat]\n|-heal|p1b: Basculegion|63/100|[from] item: Sitrus Berry\n|move|p1a: Garchomp|Rock Slide|p2a: Delphox|[spread] \n|-activate|p2b: Goodra|move: Protect\n|-miss|p1a: Garchomp|p2a: Delphox\n|\n|-heal|p2b: Goodra|63/100|[from] item: Leftovers\n|upkeep\n|turn|4\n|\n|t:|1776387262\n|move|p2a: Delphox|Protect|p2a: Delphox\n|-singleturn|p2a: Delphox|Protect\n|move|p1b: Basculegion|Aqua Jet|p2a: Delphox\n|-activate|p2a: Delphox|move: Protect\n|move|p1a: Garchomp|Rock Slide|p2b: Goodra|[spread] p2b\n|-activate|p2a: Delphox|move: Protect\n|-resisted|p2b: Goodra|1\n|-damage|p2b: Goodra|60/100\n|move|p2b: Goodra|Heavy Slam|p1b: Basculegion\n|-resisted|p1b: Basculegion|1\n|-damage|p1b: Basculegion|48/100\n|\n|-heal|p2b: Goodra|66/100|[from] item: Leftovers\n|upkeep\n|turn|5\n|\n|t:|1776387297\n|move|p1b: Basculegion|Aqua Jet|p2a: Delphox\n|-supereffective|p2a: Delphox|1\n|-crit|p2a: Delphox\n|-damage|p2a: Delphox|0 fnt\n|faint|p2a: Delphox\n|move|p1a: Garchomp|Rock Slide|p2b: Goodra\n|-resisted|p2b: Goodra|1\n|-damage|p2b: Goodra|62/100\n|move|p2b: Goodra|Shelter|p2b: Goodra\n|-boost|p2b: Goodra|def|2\n|\n|-heal|p2b: Goodra|68/100|[from] item: Leftovers\n|upkeep\n|\n|t:|1776387305\n|switch|p2a: Basculegion|Basculegion, L50, M|100/100\n|turn|6\n|\n|t:|1776387327\n|switch|p1a: Floette|Floette-Eternal, L50, F|100/100\n|move|p2a: Basculegion|Last Respects|p1b: Basculegion\n|-supereffective|p1b: Basculegion|1\n|-damage|p1b: Basculegion|0 fnt\n|faint|p1b: Basculegion\n|move|p2b: Goodra|Body Press|p1a: Floette\n|-resisted|p1a: Floette|1\n|-damage|p1a: Floette|43/100\n|\n|-heal|p2b: Goodra|74/100|[from] item: Leftovers\n|upkeep\n|\n|t:|1776387344\n|switch|p1b: Sneasler|Sneasler, L50, F|100/100\n|turn|7\n|\n|t:|1776387370\n|detailschange|p1a: Floette|Floette-Mega, L50, F\n|-mega|p1a: Floette|Floette|Floettite\n|-ability|p1a: Floette|Fairy Aura\n|move|p1b: Sneasler|Fake Out|p2b: Goodra\n|-resisted|p2b: Goodra|1\n|-damage|p2b: Goodra|72/100\n|move|p2a: Basculegion|Last Respects|p1a: Floette\n|-damage|p1a: Floette|0 fnt\n|faint|p1a: Floette\n|cant|p2b: Goodra|flinch\n|\n|-heal|p2b: Goodra|78/100|[from] item: Leftovers\n|upkeep\n|\n|t:|1776387383\n|switch|p1a: Garchomp|Garchomp, L50, F|100/100\n|turn|8\n|-message|StronkBocchi forfeited.\n|\n|win|noRNGplz\n|raw|StronkBocchi's rating: 1313 &rarr; <strong>1296</strong><br />(-17 for losing)\n|raw|noRNGplz's rating: 1365 &rarr; <strong>1382</strong><br />(+17 for winning)\n|l|\u2606StronkBocchi\n|player|p1|\n",
  "uploadtime": 1776387401,
  "views": 30,
  "formatid": "gen9championsvgc2026regma",
  "rating": 1296,
  "private": 0,
  "password": null
}