{
  "id": "gen9championsvgc2026regma-2586074982",
  "format": "[Gen 9 Champions] VGC 2026 Reg M-A",
  "players": [
    "jeazoal",
    "Skitz777"
  ],
  "log": "|j|\u2606jeazoal\n|j|\u2606Skitz777\n|t:|1776396288\n|gametype|doubles\n|player|p1|jeazoal|steven|1088\n|player|p2|Skitz777|birdkeeper-gen4dp|1120\n|gen|9\n|tier|[Gen 9 Champions] VGC 2026 Reg M-A\n|rated|\n|rule|Species Clause: Limit one of each Pok\u00e9mon\n|rule|Item Clause: Limit 1 of each item\n|clearpoke\n|poke|p1|Archaludon, L50, M|\n|poke|p1|Rotom-Heat, L50|\n|poke|p1|Basculegion, L50, M|\n|poke|p1|Dragonite, L50, M|\n|poke|p1|Pelipper, L50, M|\n|poke|p1|Sneasler, L50, M|\n|poke|p2|Beedrill, L50, F|\n|poke|p2|Whimsicott, L50, M|\n|poke|p2|Ninetales-Alola, L50, F|\n|poke|p2|Aerodactyl, L50, F|\n|poke|p2|Kingambit, L50, M|\n|poke|p2|Garchomp, L50, F|\n|teampreview|4\nSkitz777 rejected open team sheets.\n|\n|t:|1776396310\n|teamsize|p1|4\n|teamsize|p2|4\n|start\n|switch|p1a: Archaludon|Archaludon, L50, M|100/100\n|switch|p1b: Pelipper|Pelipper, L50, M|100/100\n|switch|p2a: Whimsicott|Whimsicott, L50, M|100/100\n|switch|p2b: Beedrill|Beedrill, L50, F|100/100\n|-weather|RainDance|[from] ability: Drizzle|[of] p1b: Pelipper\n|turn|1\n|\n|t:|1776396349\n|detailschange|p2b: Beedrill|Beedrill-Mega, L50, F\n|-mega|p2b: Beedrill|Beedrill|Beedrillite\n|move|p2a: Whimsicott|Tailwind|p2a: Whimsicott\n|-sidestart|p2: Skitz777|move: Tailwind\n|move|p2b: Beedrill|Drill Run|p1a: Archaludon\n|-supereffective|p1a: Archaludon|1\n|-damage|p1a: Archaludon|56/100\n|-ability|p1a: Archaludon|Stamina|boost\n|-boost|p1a: Archaludon|def|1\n|move|p1a: Archaludon|Electro Shot||[still]\n|-prepare|p1a: Archaludon|Electro Shot\n|-boost|p1a: Archaludon|spa|1\n|-anim|p1a: Archaludon|Electro Shot|p2b: Beedrill\n|-damage|p2b: Beedrill|13/100\n|move|p1b: Pelipper|Hurricane|p2a: Whimsicott\n|-supereffective|p2a: Whimsicott|1\n|-enditem|p2a: Whimsicott|Focus Sash\n|-damage|p2a: Whimsicott|1/100\n|-start|p2a: Whimsicott|confusion\n|\n|-weather|RainDance|[upkeep]\n|-heal|p1a: Archaludon|62/100|[from] item: Leftovers\n|upkeep\n|turn|2\n|\n|t:|1776396402\n|move|p1a: Archaludon|Protect|p1a: Archaludon\n|-singleturn|p1a: Archaludon|Protect\n|move|p2b: Beedrill|Drill Run|p1a: Archaludon\n|-activate|p1a: Archaludon|move: Protect\n|-activate|p2a: Whimsicott|confusion\n|move|p2a: Whimsicott|Moonblast|p1a: Archaludon\n|-activate|p1a: Archaludon|move: Protect\n|move|p1b: Pelipper|Hurricane|p2b: Beedrill\n|-supereffective|p2b: Beedrill|1\n|-damage|p2b: Beedrill|0 fnt\n|faint|p2b: Beedrill\n|\n|-weather|RainDance|[upkeep]\n|-heal|p1a: Archaludon|68/100|[from] item: Leftovers\n|upkeep\n|\n|t:|1776396415\n|switch|p2b: Ninetales|Ninetales-Alola, L50, F|100/100\n|-weather|Snowscape|[from] ability: Snow Warning|[of] p2b: Ninetales\n|turn|3\n|\n|t:|1776396447\n|switch|p1a: Basculegion|Basculegion, L50, M|100/100\n|move|p2b: Ninetales|Protect|p2b: Ninetales\n|-singleturn|p2b: Ninetales|Protect\n|move|p1b: Pelipper|Protect|p1b: Pelipper\n|-singleturn|p1b: Pelipper|Protect\n|-activate|p2a: Whimsicott|confusion\n|-damage|p2a: Whimsicott|0 fnt|[from] confusion\n|faint|p2a: Whimsicott\n|\n|-weather|Snowscape|[upkeep]\n|upkeep\n|\n|t:|1776396458\n|switch|p2a: Aerodactyl|Aerodactyl, L50, F|100/100\n|-ability|p2a: Aerodactyl|Pressure\n|turn|4\n|\n|t:|1776396475\n|switch|p1b: Dragonite|Dragonite, L50, M|100/100\n|move|p1a: Basculegion|Aqua Jet|p2a: Aerodactyl\n|-supereffective|p2a: Aerodactyl|1\n|-crit|p2a: Aerodactyl\n|-damage|p2a: Aerodactyl|0 fnt\n|faint|p2a: Aerodactyl\n|move|p2b: Ninetales|Aurora Veil|p2b: Ninetales\n|-sidestart|p2: Skitz777|move: Aurora Veil\n|\n|-weather|Snowscape|[upkeep]\n|-sideend|p2: Skitz777|move: Tailwind\n|upkeep\n|turn|5\n|\n|t:|1776396508\n|detailschange|p1b: Dragonite|Dragonite-Mega, L50, M\n|-mega|p1b: Dragonite|Dragonite|Dragoninite\n|move|p1a: Basculegion|Aqua Jet|p2b: Ninetales\n|-damage|p2b: Ninetales|82/100\n|move|p2b: Ninetales|Dazzling Gleam|p1a: Basculegion|[spread] p1a,p1b\n|-supereffective|p1b: Dragonite|1\n|-damage|p1a: Basculegion|74/100\n|-damage|p1b: Dragonite|82/100\n|move|p1b: Dragonite|Thunder|p2b: Ninetales\n|-damage|p2b: Ninetales|48/100\n|\n|-weather|Snowscape|[upkeep]\n|upkeep\n|turn|6\n|\n|t:|1776396530\n|move|p1a: Basculegion|Aqua Jet|p2b: Ninetales\n|-damage|p2b: Ninetales|30/100\n|move|p2b: Ninetales|Blizzard|p1a: Basculegion|[spread] p1a,p1b\n|-resisted|p1a: Basculegion|1\n|-supereffective|p1b: Dragonite|2\n|-damage|p1a: Basculegion|56/100\n|-damage|p1b: Dragonite|0 fnt\n|faint|p1b: Dragonite\n|\n|-weather|Snowscape|[upkeep]\n|upkeep\n|\n|t:|1776396541\n|switch|p1b: Archaludon|Archaludon, L50, M|68/100\n|turn|7\n|\n|t:|1776396557\n|move|p1a: Basculegion|Aqua Jet|p2b: Ninetales\n|-damage|p2b: Ninetales|14/100\n|move|p2b: Ninetales|Dazzling Gleam|p1a: Basculegion|[spread] p1a,p1b\n|-damage|p1a: Basculegion|31/100\n|-damage|p1b: Archaludon|40/100\n|-ability|p1b: Archaludon|Stamina|boost\n|-boost|p1b: Archaludon|def|1\n|move|p1b: Archaludon|Flash Cannon|p2b: Ninetales\n|-supereffective|p2b: Ninetales|2\n|-damage|p2b: Ninetales|0 fnt\n|faint|p2b: Ninetales\n|\n|win|jeazoal\n|raw|jeazoal's rating: 1088 &rarr; <strong>1117</strong><br />(+29 for winning)\n|raw|Skitz777's rating: 1120 &rarr; <strong>1093</strong><br />(-27 for losing)\n|l|\u2606Skitz777\n|player|p2|\n",
  "uploadtime": 1776396576,
  "views": 21,
  "formatid": "gen9championsvgc2026regma",
  "rating": 1093,
  "private": 0,
  "password": null
}