{
  "id": "gen9championsvgc2026regma-2581411204",
  "format": "[Gen 9 Champions] VGC 2026 Reg M-A",
  "players": [
    "Flakenz",
    "VerySpethal"
  ],
  "log": "|j|\u2606Flakenz\n|j|\u2606VerySpethal\n|t:|1775997664\n|gametype|doubles\n|player|p1|Flakenz|boarder|1137\n|player|p2|VerySpethal|102|1178\n|gen|9\n|tier|[Gen 9 Champions] VGC 2026 Reg M-A\n|rated|\n|rule|Species Clause: Limit one of each Pok\u00e9mon\n|rule|Item Clause: Limit 1 of each item\n|clearpoke\n|poke|p1|Zoroark-Hisui, L50, F|\n|poke|p1|Sneasler, L50, M|\n|poke|p1|Incineroar, L50, F|\n|poke|p1|Floette-Eternal, L50, F|\n|poke|p1|Gyarados, L50, F|\n|poke|p1|Kingambit, L50, F|\n|poke|p2|Sneasler, L50, M|\n|poke|p2|Scizor, L50, M|\n|poke|p2|Sinistcha, L50|\n|poke|p2|Tyranitar, L50, F|\n|poke|p2|Corviknight, L50, M|\n|poke|p2|Aerodactyl, L50, F|\n|teampreview|4\n|inactive|Battle timer is ON: inactive players will automatically lose when time's up. (requested by VerySpethal)\n|inactive|Flakenz has 60 seconds left.\n|\n|t:|1775997706\n|teamsize|p1|4\n|teamsize|p2|4\n|start\n|switch|p1a: Kingambit|Kingambit, L50, F|100/100\n|switch|p1b: Incineroar|Incineroar, L50, F|100/100\n|switch|p2a: Sneasler|Sneasler, L50, M|100/100\n|switch|p2b: Corviknight|Corviknight, L50, M|100/100\n|-ability|p1b: Incineroar|Intimidate|boost\n|-unboost|p2a: Sneasler|atk|1\n|-ability|p2b: Corviknight|Mirror Armor\n|-unboost|p1b: Incineroar|atk|1\n|-enditem|p2a: Sneasler|White Herb\n|-clearnegativeboost|p2a: Sneasler|[silent]\n|turn|1\n|inactive|VerySpethal has 30 seconds left.\n|inactive|VerySpethal has 20 seconds left.\n|inactive|VerySpethal has 15 seconds left.\n|\n|t:|1775997751\n|move|p2a: Sneasler|Fake Out|p1b: Incineroar\n|-damage|p1b: Incineroar|88/100\n|cant|p1b: Incineroar|flinch\n|move|p1a: Kingambit|Will-O-Wisp|p2a: Sneasler\n|-status|p2a: Sneasler|brn\n|move|p2b: Corviknight|Bulk Up|p2b: Corviknight\n|-boost|p2b: Corviknight|atk|1\n|-boost|p2b: Corviknight|def|1\n|\n|-damage|p2a: Sneasler|95/100 brn|[from] brn\n|upkeep\n|turn|2\n|\n|t:|1775997775\n|move|p2a: Sneasler|Close Combat|p1b: Incineroar\n|-supereffective|p1b: Incineroar|1\n|-damage|p1b: Incineroar|39/100\n|-unboost|p2a: Sneasler|def|1\n|-unboost|p2a: Sneasler|spd|1\n|-enditem|p1b: Incineroar|Sitrus Berry|[eat]\n|-heal|p1b: Incineroar|64/100|[from] item: Sitrus Berry\n|move|p1a: Kingambit|Will-O-Wisp|p2b: Corviknight\n|-status|p2b: Corviknight|brn\n|move|p2b: Corviknight|Brave Bird|p1b: Incineroar\n|-damage|p1b: Incineroar|42/100\n|-damage|p2b: Corviknight|94/100 brn|[from] Recoil\n|move|p1b: Incineroar|Parting Shot|p2a: Sneasler\n|-unboost|p2a: Sneasler|atk|1\n|-unboost|p2a: Sneasler|spa|1\n|\n|t:|1775997795\n|switch|p1b: Kingambit|Kingambit, L50, F|100/100|[from] Parting Shot\n|\n|-heal|p2b: Corviknight|99/100 brn|[from] item: Leftovers\n|-damage|p2a: Sneasler|89/100 brn|[from] brn\n|-damage|p2b: Corviknight|94/100 brn|[from] brn\n|upkeep\n|turn|3\n|\n|t:|1775997819\n|switch|p1b: Sneasler|Sneasler, L50, M|100/100\n|move|p2a: Sneasler|U-turn|p1a: Kingambit\n|-resisted|p1a: Kingambit|1\n|-damage|p1a: Kingambit|92/100\n|replace|p1a: Zoroark|Zoroark-Hisui, L50, F\n|-end|p1a: Zoroark|Illusion\n|\n|t:|1775997827\n|switch|p2a: Scizor|Scizor, L50, M|100/100|[from] U-turn\n|move|p1a: Zoroark|Bitter Malice|p2b: Corviknight\n|-damage|p2b: Corviknight|69/100 brn\n|-ability|p2b: Corviknight|Mirror Armor\n|-unboost|p1a: Zoroark|atk|1\n|move|p2b: Corviknight|Tailwind|p2b: Corviknight\n|-sidestart|p2: VerySpethal|move: Tailwind\n|\n|-heal|p2b: Corviknight|75/100 brn|[from] item: Leftovers\n|-damage|p2b: Corviknight|69/100 brn|[from] brn\n|upkeep\n|turn|4\n|inactive|Flakenz has 30 seconds left.\n|\n|t:|1775997860\n|switch|p1b: Kingambit|Kingambit, L50, F|100/100\n|detailschange|p2a: Scizor|Scizor-Mega, L50, M\n|-mega|p2a: Scizor|Scizor|Scizorite\n|move|p2a: Scizor|Protect|p2a: Scizor\n|-singleturn|p2a: Scizor|Protect\n|move|p1a: Zoroark|Will-O-Wisp|p2a: Scizor\n|-activate|p2a: Scizor|move: Protect\n|move|p2b: Corviknight|Bulk Up|p2b: Corviknight\n|-boost|p2b: Corviknight|atk|1\n|-boost|p2b: Corviknight|def|1\n|\n|-heal|p2b: Corviknight|75/100 brn|[from] item: Leftovers\n|-damage|p2b: Corviknight|69/100 brn|[from] brn\n|upkeep\n|turn|5\n|inactive|VerySpethal has 30 seconds left.\n|inactive|Flakenz has 30 seconds left.\n|inactive|VerySpethal has 20 seconds left.\n|inactive|VerySpethal has 15 seconds left.\n|inactive|VerySpethal has 10 seconds left.\n|inactive|VerySpethal has 5 seconds left.\n|\n|t:|1775997910\n|move|p2a: Scizor|Bullet Punch|p1a: Zoroark\n|-damage|p1a: Zoroark|17/100\n|move|p1b: Kingambit|Sucker Punch|p2b: Corviknight\n|-damage|p2b: Corviknight|48/100 brn\n|move|p1a: Zoroark|Will-O-Wisp|p2a: Scizor|[miss]\n|-miss|p1a: Zoroark|p2a: Scizor\n|move|p2b: Corviknight|Brave Bird|p1a: Zoroark\n|-damage|p1a: Zoroark|0 fnt\n|faint|p1a: Zoroark\n|-damage|p2b: Corviknight|44/100 brn|[from] Recoil\n|\n|-heal|p2b: Corviknight|50/100 brn|[from] item: Leftovers\n|-damage|p2b: Corviknight|44/100 brn|[from] brn\n|upkeep\n|\n|t:|1775997924\n|switch|p1a: Incineroar|Incineroar, L50, F|42/100\n|-ability|p1a: Incineroar|Intimidate|boost\n|-unboost|p2a: Scizor|atk|1\n|-ability|p2b: Corviknight|Mirror Armor\n|-unboost|p1a: Incineroar|atk|1\n|turn|6\n|\n|t:|1775997940\n|switch|p2a: Sinistcha|Sinistcha, L50|100/100\n|-heal|p2b: Corviknight|69/100 brn|[from] ability: Hospitality|[of] p2a: Sinistcha\n|move|p1a: Incineroar|Fake Out|p2b: Corviknight\n|-resisted|p2b: Corviknight|1\n|-damage|p2b: Corviknight|67/100 brn\n|cant|p2b: Corviknight|flinch\n|move|p1b: Kingambit|Swords Dance|p1b: Kingambit\n|-boost|p1b: Kingambit|atk|2\n|\n|-heal|p2b: Corviknight|73/100 brn|[from] item: Leftovers\n|-damage|p2b: Corviknight|67/100 brn|[from] brn\n|-sideend|p2: VerySpethal|move: Tailwind\n|upkeep\n|turn|7\n|\n|t:|1775997956\n|move|p2a: Sinistcha|Protect|p2a: Sinistcha\n|-singleturn|p2a: Sinistcha|Protect\n|move|p2b: Corviknight|Brave Bird|p1a: Incineroar\n|-damage|p1a: Incineroar|12/100\n|-damage|p2b: Corviknight|58/100 brn|[from] Recoil\n|move|p1a: Incineroar|Flare Blitz|p2b: Corviknight\n|-supereffective|p2b: Corviknight|1\n|-damage|p2b: Corviknight|27/100 brn\n|-damage|p1a: Incineroar|2/100|[from] Recoil\n|move|p1b: Kingambit|Kowtow Cleave|p2b: Corviknight\n|-damage|p2b: Corviknight|0 fnt\n|faint|p2b: Corviknight\n|\n|upkeep\n|\n|t:|1775997971\n|switch|p2b: Sneasler|Sneasler, L50, M|89/100 brn\n|turn|8\n|\n|t:|1775997987\n|move|p2b: Sneasler|Fake Out|p1b: Kingambit\n|-resisted|p1b: Kingambit|1\n|-damage|p1b: Kingambit|98/100\n|move|p2a: Sinistcha|Matcha Gotcha|p1b: Kingambit|[spread] p1a,p1b\n|-resisted|p1a: Incineroar|1\n|-resisted|p1b: Kingambit|1\n|-damage|p1a: Incineroar|0 fnt\n|-damage|p1b: Kingambit|85/100\n|-status|p1b: Kingambit|brn\n|faint|p1a: Incineroar\n|cant|p1b: Kingambit|flinch\n|\n|-damage|p2b: Sneasler|83/100 brn|[from] brn\n|-damage|p1b: Kingambit|79/100 brn|[from] brn\n|upkeep\n|\n|t:|1775998000\n|switch|p1a: Sneasler|Sneasler, L50, M|100/100\n|turn|9\n|\n|t:|1775998019\n|switch|p2b: Scizor|Scizor-Mega, L50, M|100/100\n|move|p2a: Sinistcha|Protect|p2a: Sinistcha\n|-singleturn|p2a: Sinistcha|Protect\n|move|p1a: Sneasler|Dire Claw|p2a: Sinistcha\n|-activate|p2a: Sinistcha|move: Protect\n|move|p1b: Kingambit|Kowtow Cleave|p2b: Scizor\n|-damage|p2b: Scizor|53/100\n|\n|-damage|p1b: Kingambit|73/100 brn|[from] brn\n|upkeep\n|turn|10\n|inactive|Flakenz has 30 seconds left.\n|inactive|Flakenz has 20 seconds left.\n|\n|t:|1775998054\n|move|p1a: Sneasler|Rock Tomb|p2b: Scizor\n|-damage|p2b: Scizor|36/100\n|-unboost|p2b: Scizor|spe|1\n|move|p2a: Sinistcha|Life Dew||[still]|[spread] p2a,p2b\n|-fail|p2a: Sinistcha|heal\n|-heal|p2b: Scizor|61/100\n|move|p1b: Kingambit|Kowtow Cleave|p2b: Scizor\n|-damage|p2b: Scizor|16/100\n|move|p2b: Scizor|Swords Dance|p2b: Scizor\n|-boost|p2b: Scizor|atk|2\n|\n|-damage|p1b: Kingambit|67/100 brn|[from] brn\n|upkeep\n|turn|11\n|inactive|Flakenz has 30 seconds left.\n|\n|t:|1775998084\n|move|p2b: Scizor|Protect|p2b: Scizor\n|-singleturn|p2b: Scizor|Protect\n|move|p1a: Sneasler|Rock Tomb|p2b: Scizor\n|-activate|p2b: Scizor|move: Protect\n|move|p2a: Sinistcha|Life Dew||[still]|[spread] p2a,p2b\n|-fail|p2a: Sinistcha|heal\n|-heal|p2b: Scizor|41/100\n|move|p1b: Kingambit|Kowtow Cleave|p2a: Sinistcha\n|-supereffective|p2a: Sinistcha|1\n|-damage|p2a: Sinistcha|3/100\n|-enditem|p2a: Sinistcha|Sitrus Berry|[eat]\n|-heal|p2a: Sinistcha|27/100|[from] item: Sitrus Berry\n|\n|-damage|p1b: Kingambit|61/100 brn|[from] brn\n|upkeep\n|turn|12\n|inactive|Flakenz has 30 seconds left.\n|\n|t:|1775998111\n|move|p1a: Sneasler|Protect|p1a: Sneasler\n|-singleturn|p1a: Sneasler|Protect\n|move|p2b: Scizor|Bullet Punch|p1a: Sneasler\n|-activate|p1a: Sneasler|move: Protect\n|move|p2a: Sinistcha|Life Dew|p2a: Sinistcha|[spread] p2a,p2b\n|-heal|p2a: Sinistcha|53/100\n|-heal|p2b: Scizor|65/100\n|move|p1b: Kingambit|Kowtow Cleave|p2b: Scizor\n|-damage|p2b: Scizor|21/100\n|\n|-damage|p1b: Kingambit|56/100 brn|[from] brn\n|upkeep\n|turn|13\n|\n|t:|1775998134\n|move|p2b: Scizor|Bullet Punch|p1a: Sneasler\n|-damage|p1a: Sneasler|0 fnt\n|faint|p1a: Sneasler\n|move|p2a: Sinistcha|Life Dew|p2a: Sinistcha|[spread] p2a,p2b\n|-heal|p2a: Sinistcha|78/100\n|-heal|p2b: Scizor|46/100\n|move|p1b: Kingambit|Kowtow Cleave|p2b: Scizor\n|-damage|p2b: Scizor|0 fnt\n|faint|p2b: Scizor\n|\n|-damage|p1b: Kingambit|50/100 brn|[from] brn\n|upkeep\n|c|\u2606VerySpethal|damn\n|\n|t:|1775998146\n|switch|p2b: Sneasler|Sneasler, L50, M|83/100 brn\n|turn|14\n|c|\u2606VerySpethal|gg\n|c|\u2606Flakenz|gg\n|c|\u2606Flakenz|wp\n|\n|t:|1775998161\n|move|p2b: Sneasler|Fake Out|p1b: Kingambit\n|-resisted|p1b: Kingambit|1\n|-damage|p1b: Kingambit|47/100 brn\n|move|p2a: Sinistcha|Matcha Gotcha|p1b: Kingambit|[miss]\n|-miss|p2a: Sinistcha|p1b: Kingambit\n|cant|p1b: Kingambit|flinch\n|\n|-damage|p2b: Sneasler|78/100 brn|[from] brn\n|-damage|p1b: Kingambit|41/100 brn|[from] brn\n|upkeep\n|turn|15\n|\n|t:|1775998179\n|move|p2a: Sinistcha|Protect|p2a: Sinistcha\n|-singleturn|p2a: Sinistcha|Protect\n|move|p2b: Sneasler|Close Combat|p1b: Kingambit\n|-supereffective|p1b: Kingambit|2\n|-damage|p1b: Kingambit|0 fnt\n|-unboost|p2b: Sneasler|def|1\n|-unboost|p2b: Sneasler|spd|1\n|faint|p1b: Kingambit\n|\n|win|VerySpethal\n|raw|Flakenz's rating: 1137 &rarr; <strong>1115</strong><br />(-22 for losing)\n|raw|VerySpethal's rating: 1178 &rarr; <strong>1200</strong><br />(+22 for winning)\n",
  "uploadtime": 1775998179,
  "views": 23,
  "formatid": "gen9championsvgc2026regma",
  "rating": 1115,
  "private": 0,
  "password": null
}