{
  "id": "gen9championsvgc2026regma-2587915498",
  "format": "[Gen 9 Champions] VGC 2026 Reg M-A",
  "players": [
    "Billlmads",
    "Flakenz"
  ],
  "log": "|j|\u2606Billlmads\n|j|\u2606Flakenz\n|t:|1776578526\n|gametype|doubles\n|player|p1|Billlmads|red|1460\n|player|p2|Flakenz|boarder|1508\n|gen|9\n|tier|[Gen 9 Champions] VGC 2026 Reg M-A\n|rated|\n|rule|Species Clause: Limit one of each Pok\u00e9mon\n|rule|Item Clause: Limit 1 of each item\n|clearpoke\n|poke|p1|Gengar, L50, M|\n|poke|p1|Whimsicott, L50, F, shiny|\n|poke|p1|Sneasler, L50, M|\n|poke|p1|Kingambit, L50, M, shiny|\n|poke|p1|Incineroar, L50, M, shiny|\n|poke|p1|Basculegion, L50, M|\n|poke|p2|Gengar, L50, M|\n|poke|p2|Kingambit, L50, M|\n|poke|p2|Talonflame, L50, F, shiny|\n|poke|p2|Blastoise, L50, F|\n|poke|p2|Sinistcha, L50|\n|poke|p2|Arcanine-Hisui, L50, M|\n|teampreview|4\n|inactive|Battle timer is ON: inactive players will automatically lose when time's up. (requested by Billlmads)\n|\n|t:|1776578553\n|teamsize|p1|4\n|teamsize|p2|4\n|start\n|switch|p1a: Gengar|Gengar, L50, M|100/100\n|switch|p1b: Whimsicott|Whimsicott, L50, F, shiny|100/100\n|switch|p2a: Gengar|Gengar, L50, M|100/100\n|switch|p2b: Blastoise|Blastoise, L50, F|100/100\n|turn|1\n|\n|t:|1776578571\n|detailschange|p1a: Gengar|Gengar-Mega, L50, M\n|-mega|p1a: Gengar|Gengar|Gengarite\n|detailschange|p2b: Blastoise|Blastoise-Mega, L50, F\n|-mega|p2b: Blastoise|Blastoise|Blastoisinite\n|move|p1a: Gengar|Protect|p1a: Gengar\n|-singleturn|p1a: Gengar|Protect\n|move|p1b: Whimsicott|Tailwind|p1b: Whimsicott\n|-sidestart|p1: Billlmads|move: Tailwind\n|move|p2a: Gengar|Shadow Ball|p1a: Gengar\n|-activate|p1a: Gengar|move: Protect\n|move|p2b: Blastoise|Water Spout|p1b: Whimsicott|[spread] p1b\n|-activate|p1a: Gengar|move: Protect\n|-resisted|p1b: Whimsicott|1\n|-damage|p1b: Whimsicott|46/100\n|\n|upkeep\n|turn|2\n|inactive|Billlmads has 30 seconds left.\n|inactive|Flakenz has 30 seconds left.\n|\n|t:|1776578601\n|move|p1b: Whimsicott|Encore|p2b: Blastoise\n|-start|p2b: Blastoise|Encore\n|move|p1a: Gengar|Disable|p2b: Blastoise\n|-start|p2b: Blastoise|Disable|Water Spout\n|move|p2a: Gengar|Shadow Ball|p1a: Gengar\n|-supereffective|p1a: Gengar|1\n|-damage|p1a: Gengar|0 fnt\n|faint|p1a: Gengar\n|cant|p2b: Blastoise|Disable|Water Spout\n|\n|upkeep\n|\n|t:|1776578608\n|switch|p1a: Basculegion|Basculegion, L50, M|100/100\n|turn|3\n|inactive|Flakenz has 30 seconds left.\n|\n|t:|1776578633\n|switch|p1b: Sneasler|Sneasler, L50, M|100/100\n|switch|p2b: Kingambit|Kingambit, L50, M|100/100\n|move|p1a: Basculegion|Last Respects|p2a: Gengar\n|-supereffective|p2a: Gengar|1\n|-damage|p2a: Gengar|0 fnt\n|faint|p2a: Gengar\n|\n|upkeep\n|\n|t:|1776578653\n|switch|p2a: Blastoise|Blastoise-Mega, L50, F|100/100\n|turn|4\n|\n|t:|1776578677\n|move|p2a: Blastoise|Protect|p2a: Blastoise\n|-singleturn|p2a: Blastoise|Protect\n|move|p2b: Kingambit|Protect|p2b: Kingambit\n|-singleturn|p2b: Kingambit|Protect\n|move|p1b: Sneasler|Fake Out|p2b: Kingambit\n|-activate|p2b: Kingambit|move: Protect\n|move|p1a: Basculegion|Last Respects|p2a: Blastoise\n|-activate|p2a: Blastoise|move: Protect\n|\n|-sideend|p1: Billlmads|move: Tailwind\n|upkeep\n|turn|5\n|\n|t:|1776578700\n|switch|p1a: Whimsicott|Whimsicott, L50, F, shiny|46/100\n|move|p2b: Kingambit|Sucker Punch||[still]\n|-fail|p2b: Kingambit\n|move|p1b: Sneasler|Close Combat|p2b: Kingambit\n|-supereffective|p2b: Kingambit|2\n|-enditem|p2b: Kingambit|Focus Sash\n|-damage|p2b: Kingambit|1/100\n|-unboost|p1b: Sneasler|def|1\n|-unboost|p1b: Sneasler|spd|1\n|-enditem|p1b: Sneasler|White Herb\n|-clearnegativeboost|p1b: Sneasler|[silent]\n|move|p2a: Blastoise|Water Spout|p1b: Sneasler|[spread] p1a,p1b\n|-resisted|p1a: Whimsicott|1\n|-damage|p1a: Whimsicott|0 fnt\n|-damage|p1b: Sneasler|3/100\n|faint|p1a: Whimsicott\n|\n|upkeep\n|\n|t:|1776578707\n|switch|p1a: Basculegion|Basculegion, L50, M|100/100\n|turn|6\n|\n|t:|1776578720\n|move|p2a: Blastoise|Protect|p2a: Blastoise\n|-singleturn|p2a: Blastoise|Protect\n|move|p2b: Kingambit|Protect|p2b: Kingambit\n|-singleturn|p2b: Kingambit|Protect\n|move|p1a: Basculegion|Aqua Jet|p2b: Kingambit\n|-activate|p2b: Kingambit|move: Protect\n|move|p1b: Sneasler|Close Combat|p2a: Blastoise\n|-activate|p2a: Blastoise|move: Protect\n|\n|upkeep\n|turn|7\n|inactive|Flakenz has 30 seconds left.\n|\n|t:|1776578752\n|switch|p2b: Sinistcha|Sinistcha, L50|100/100\n|move|p1a: Basculegion|Aqua Jet|p2b: Sinistcha\n|-resisted|p2b: Sinistcha|1\n|-crit|p2b: Sinistcha\n|-damage|p2b: Sinistcha|84/100\n|move|p1b: Sneasler|Close Combat|p2a: Blastoise\n|-damage|p2a: Blastoise|35/100\n|-unboost|p1b: Sneasler|def|1\n|-unboost|p1b: Sneasler|spd|1\n|move|p2a: Blastoise|Dark Pulse|p1b: Sneasler\n|-resisted|p1b: Sneasler|1\n|-damage|p1b: Sneasler|0 fnt\n|faint|p1b: Sneasler\n|\n|upkeep\n|turn|8\n|inactive|Billlmads has 30 seconds left.\n|-message|Billlmads forfeited.\n|\n|win|Flakenz\n|raw|Billlmads's rating: 1460 &rarr; <strong>1443</strong><br />(-17 for losing)\n|raw|Flakenz's rating: 1508 &rarr; <strong>1525</strong><br />(+17 for winning)\n",
  "uploadtime": 1776578781,
  "views": 26,
  "formatid": "gen9championsvgc2026regma",
  "rating": 1443,
  "private": 0,
  "password": null
}