{
  "id": "gen9championsvgc2026regma-2583510049",
  "format": "[Gen 9 Champions] VGC 2026 Reg M-A",
  "players": [
    "RealKungullu",
    "cartilagetheeevee"
  ],
  "log": "|j|\u2606RealKungullu\n|j|\u2606cartilagetheeevee\n|t:|1776180193\n|gametype|doubles\n|player|p1|RealKungullu|harlequin|1097\n|player|p2|cartilagetheeevee|101|1135\n|gen|9\n|tier|[Gen 9 Champions] VGC 2026 Reg M-A\n|rated|\n|rule|Species Clause: Limit one of each Pok\u00e9mon\n|rule|Item Clause: Limit 1 of each item\n|clearpoke\n|poke|p1|Maushold, L50|\n|poke|p1|Sharpedo, L50, M|\n|poke|p1|Gallade, L50, M|\n|poke|p1|Vivillon, L50, M|\n|poke|p1|Floette-Eternal, L50, F|\n|poke|p1|Pelipper, L50, F|\n|poke|p2|Farigiraf, L50, M|\n|poke|p2|Archaludon, L50, M|\n|poke|p2|Palafin, L50, M|\n|poke|p2|Incineroar, L50, M|\n|poke|p2|Pelipper, L50, M|\n|poke|p2|Meganium, L50, M|\n|teampreview|4\n|inactive|Battle timer is ON: inactive players will automatically lose when time's up. (requested by RealKungullu)\n|\n|t:|1776180232\n|teamsize|p1|4\n|teamsize|p2|4\n|start\n|switch|p1a: Sharpedo|Sharpedo, L50, M|100/100\n|switch|p1b: Maushold|Maushold, L50|100/100\n|switch|p2a: Archaludon|Archaludon, L50, M|100/100\n|switch|p2b: Pelipper|Pelipper, L50, M|100/100\n|-weather|RainDance|[from] ability: Drizzle|[of] p2b: Pelipper\n|turn|1\n|\n|t:|1776180245\n|move|p1b: Maushold|Follow Me|p1b: Maushold\n|-singleturn|p1b: Maushold|move: Follow Me\n|move|p1a: Sharpedo|Ice Fang|p2b: Pelipper\n|-damage|p2b: Pelipper|74/100\n|move|p2a: Archaludon|Electro Shot||[still]\n|-prepare|p2a: Archaludon|Electro Shot\n|-boost|p2a: Archaludon|spa|1\n|-anim|p2a: Archaludon|Electro Shot|p1b: Maushold\n|-damage|p1b: Maushold|18/100\n|move|p2b: Pelipper|Tailwind|p2b: Pelipper\n|-sidestart|p2: cartilagetheeevee|move: Tailwind\n|\n|-weather|RainDance|[upkeep]\n|-ability|p1a: Sharpedo|Speed Boost|boost\n|-boost|p1a: Sharpedo|spe|1\n|upkeep\n|turn|2\n|inactive|cartilagetheeevee has 30 seconds left.\n|\n|t:|1776180270\n|move|p1a: Sharpedo|Protect|p1a: Sharpedo\n|-singleturn|p1a: Sharpedo|Protect\n|move|p2a: Archaludon|Electro Shot||[still]\n|-prepare|p2a: Archaludon|Electro Shot\n|-boost|p2a: Archaludon|spa|1\n|-anim|p2a: Archaludon|Electro Shot|p1a: Sharpedo\n|-activate|p1a: Sharpedo|move: Protect\n|move|p1b: Maushold|Super Fang|p2a: Archaludon\n|-damage|p2a: Archaludon|51/100\n|-ability|p2a: Archaludon|Stamina|boost\n|-boost|p2a: Archaludon|def|1\n|move|p2b: Pelipper|Weather Ball|p1b: Maushold\n|-damage|p1b: Maushold|0 fnt\n|faint|p1b: Maushold\n|\n|-weather|RainDance|[upkeep]\n|-heal|p2a: Archaludon|57/100|[from] item: Leftovers\n|-ability|p1a: Sharpedo|Speed Boost|boost\n|-boost|p1a: Sharpedo|spe|1\n|upkeep\n|\n|t:|1776180285\n|switch|p1b: Gallade|Gallade, L50, M|100/100\n|turn|3\n|\n|t:|1776180300\n|switch|p2b: Palafin|Palafin, L50, M|100/100\n|detailschange|p1a: Sharpedo|Sharpedo-Mega, L50, M\n|-mega|p1a: Sharpedo|Sharpedo|Sharpedonite\n|move|p1a: Sharpedo|Ice Fang|p2a: Archaludon\n|-damage|p2a: Archaludon|33/100\n|-ability|p2a: Archaludon|Stamina|boost\n|-boost|p2a: Archaludon|def|1\n|move|p2a: Archaludon|Dragon Pulse|p1b: Gallade\n|-damage|p1b: Gallade|15/100\n|-enditem|p1b: Gallade|Sitrus Berry|[eat]\n|-heal|p1b: Gallade|39/100|[from] item: Sitrus Berry\n|move|p1b: Gallade|Sacred Sword|p2a: Archaludon\n|-supereffective|p2a: Archaludon|1\n|-damage|p2a: Archaludon|0 fnt\n|faint|p2a: Archaludon\n|\n|-weather|RainDance|[upkeep]\n|upkeep\n|\n|t:|1776180313\n|switch|p2a: Meganium|Meganium, L50, M|100/100\n|turn|4\n|\n|t:|1776180325\n|detailschange|p2a: Meganium|Meganium-Mega, L50, M\n|-mega|p2a: Meganium|Meganium|Meganiumite\n|move|p2a: Meganium|Protect|p2a: Meganium\n|-singleturn|p2a: Meganium|Protect\n|move|p2b: Palafin|Flip Turn|p1b: Gallade\n|-damage|p1b: Gallade|0 fnt\n|faint|p1b: Gallade\n|\n|t:|1776180332\n|detailschange|p2b: Palafin|Palafin-Hero, L50, M\n|switch|p2b: Pelipper|Pelipper, L50, M|74/100|[from] Flip Turn\n|move|p1a: Sharpedo|Ice Fang|p2a: Meganium\n|-activate|p2a: Meganium|move: Protect\n|\n|-weather|RainDance|[upkeep]\n|-sideend|p2: cartilagetheeevee|move: Tailwind\n|upkeep\n|\n|t:|1776180335\n|switch|p1b: Vivillon|Vivillon, L50, M|100/100\n|turn|5\n|\n|t:|1776180347\n|move|p1a: Sharpedo|Ice Fang|p2a: Meganium\n|-supereffective|p2a: Meganium|1\n|-damage|p2a: Meganium|37/100\n|move|p1b: Vivillon|Air Cutter|p2a: Meganium|[spread] p2a,p2b\n|-supereffective|p2a: Meganium|1\n|-crit|p2a: Meganium\n|-damage|p2a: Meganium|0 fnt\n|-damage|p2b: Pelipper|57/100\n|faint|p2a: Meganium\n|move|p2b: Pelipper|Weather Ball|p1a: Sharpedo\n|-resisted|p1a: Sharpedo|1\n|-damage|p1a: Sharpedo|67/100\n|\n|-weather|none\n|upkeep\n|\n|t:|1776180355\n|switch|p2a: Palafin|Palafin-Hero, L50, M|100/100\n|-activate|p2a: Palafin|ability: Zero to Hero\n|turn|6\n|\n|t:|1776180375\n|move|p1b: Vivillon|Rage Powder|p1b: Vivillon\n|-singleturn|p1b: Vivillon|move: Rage Powder\n|move|p1a: Sharpedo|Crunch|p2a: Palafin\n|-damage|p2a: Palafin|21/100\n|move|p2a: Palafin|Close Combat|p1b: Vivillon\n|-resisted|p1b: Vivillon|2\n|-damage|p1b: Vivillon|81/100\n|-unboost|p2a: Palafin|def|1\n|-unboost|p2a: Palafin|spd|1\n|move|p2b: Pelipper|Weather Ball|p1b: Vivillon\n|-damage|p1b: Vivillon|60/100\n|\n|upkeep\n|turn|7\n|-message|cartilagetheeevee forfeited.\n|\n|win|RealKungullu\n|raw|RealKungullu's rating: 1097 &rarr; <strong>1125</strong><br />(+28 for winning)\n|raw|cartilagetheeevee's rating: 1135 &rarr; <strong>1107</strong><br />(-28 for losing)\n|l|\u2606cartilagetheeevee\n|player|p2|\n",
  "uploadtime": 1776180392,
  "views": 19,
  "formatid": "gen9championsvgc2026regma",
  "rating": 1107,
  "private": 0,
  "password": null
}