{
  "id": "gen9championsvgc2026regma-2584984117",
  "format": "[Gen 9 Champions] VGC 2026 Reg M-A",
  "players": [
    "yarexp",
    "finessermable"
  ],
  "log": "|j|\u2606yarexp\n|j|\u2606finessermable\n|t:|1776300589\n|gametype|doubles\n|player|p1|yarexp|policeman-gen4|1025\n|player|p2|finessermable|mars|1054\n|gen|9\n|tier|[Gen 9 Champions] VGC 2026 Reg M-A\n|rated|\n|rule|Species Clause: Limit one of each Pok\u00e9mon\n|rule|Item Clause: Limit 1 of each item\n|clearpoke\n|poke|p1|Aggron, L50, M|\n|poke|p1|Alakazam, L50, F|\n|poke|p1|Politoed, L50, M|\n|poke|p1|Farigiraf, L50, M|\n|poke|p1|Sinistcha, L50|\n|poke|p1|Aerodactyl, L50, M|\n|poke|p2|Clefable, L50, F|\n|poke|p2|Kingambit, L50, M|\n|poke|p2|Incineroar, L50, F|\n|poke|p2|Dragonite, L50, M|\n|poke|p2|Sinistcha, L50|\n|poke|p2|Starmie, L50|\n|teampreview|4\n|inactive|Battle timer is ON: inactive players will automatically lose when time's up. (requested by finessermable)\n|\n|t:|1776300613\n|teamsize|p1|4\n|teamsize|p2|4\n|start\n|switch|p1a: Aerodactyl|Aerodactyl, L50, M|100/100\n|switch|p1b: Farigiraf|Farigiraf, L50, M|100/100\n|switch|p2a: Incineroar|Incineroar, L50, F|100/100\n|switch|p2b: Dragonite|Dragonite, L50, M|100/100\n|-ability|p1a: Aerodactyl|Unnerve\n|-ability|p2a: Incineroar|Intimidate|boost\n|-unboost|p1a: Aerodactyl|atk|1\n|-unboost|p1b: Farigiraf|atk|1\n|turn|1\n|\n|t:|1776300633\n|move|p1a: Aerodactyl|Tailwind|p1a: Aerodactyl\n|-sidestart|p1: yarexp|move: Tailwind\n|move|p1b: Farigiraf|Reflect|p1b: Farigiraf\n|-sidestart|p1: yarexp|Reflect\n|move|p2b: Dragonite|Tailwind|p2b: Dragonite\n|-sidestart|p2: finessermable|move: Tailwind\n|move|p2a: Incineroar|Throat Chop|p1b: Farigiraf\n|-supereffective|p1b: Farigiraf|1\n|-damage|p1b: Farigiraf|60/100\n|-start|p1b: Farigiraf|Throat Chop|[silent]\n|\n|upkeep\n|turn|2\n|inactive|finessermable has 30 seconds left.\n|inactive|finessermable has 20 seconds left.\n|\n|t:|1776300670\n|switch|p2b: Starmie|Starmie, L50|100/100\n|switch|p1b: Politoed|Politoed, L50, M|100/100\n|-weather|RainDance|[from] ability: Drizzle|[of] p1b: Politoed\n|move|p1a: Aerodactyl|Rock Slide|p2a: Incineroar|[spread] p2a,p2b\n|-supereffective|p2a: Incineroar|1\n|-crit|p2a: Incineroar\n|-damage|p2a: Incineroar|40/100\n|-damage|p2b: Starmie|84/100\n|move|p2a: Incineroar|Throat Chop|p1b: Politoed\n|-damage|p1b: Politoed|67/100\n|-start|p1b: Politoed|Throat Chop|[silent]\n|\n|-weather|RainDance|[upkeep]\n|-heal|p1b: Politoed|73/100|[from] item: Leftovers\n|upkeep\n|turn|3\n|inactive|yarexp has 30 seconds left.\n|inactive|yarexp has 20 seconds left.\n|\n|t:|1776300706\n|switch|p1b: Farigiraf|Farigiraf, L50, M|60/100\n|detailschange|p2b: Starmie|Starmie-Mega, L50\n|-mega|p2b: Starmie|Starmie|Starminite\n|move|p1a: Aerodactyl|Rock Slide|p2b: Starmie|[spread] p2a,p2b\n|-supereffective|p2a: Incineroar|1\n|-crit|p2b: Starmie\n|-damage|p2a: Incineroar|16/100\n|-damage|p2b: Starmie|55/100\n|move|p2b: Starmie|Liquidation|p1a: Aerodactyl\n|-supereffective|p1a: Aerodactyl|1\n|-damage|p1a: Aerodactyl|0 fnt\n|faint|p1a: Aerodactyl\n|move|p2a: Incineroar|Parting Shot|p1b: Farigiraf\n|-unboost|p1b: Farigiraf|atk|1\n|-unboost|p1b: Farigiraf|spa|1\n|\n|t:|1776300723\n|switch|p2a: Sinistcha|Sinistcha, L50|100/100|[from] Parting Shot\n|-heal|p2b: Starmie|80/100|[from] ability: Hospitality|[of] p2a: Sinistcha\n|\n|-weather|RainDance|[upkeep]\n|upkeep\n|\n|t:|1776300727\n|switch|p1a: Aggron|Aggron, L50, M|100/100\n|turn|4\n|\n|t:|1776300738\n|switch|p1b: Politoed|Politoed, L50, M|73/100\n|detailschange|p1a: Aggron|Aggron-Mega, L50, M\n|-mega|p1a: Aggron|Aggron|Aggronite\n|move|p2b: Starmie|Liquidation|p1a: Aggron\n|-damage|p1a: Aggron|62/100\n|move|p2a: Sinistcha|Matcha Gotcha|p1b: Politoed|[spread] p1a\n|-miss|p2a: Sinistcha|p1b: Politoed\n|-resisted|p1a: Aggron|1\n|-damage|p1a: Aggron|50/100\n|move|p1a: Aggron|Iron Defense|p1a: Aggron\n|-boost|p1a: Aggron|def|2\n|\n|-weather|RainDance|[upkeep]\n|-heal|p1b: Politoed|79/100|[from] item: Leftovers\n|-sideend|p2: finessermable|move: Tailwind\n|-sideend|p1: yarexp|move: Tailwind\n|upkeep\n|turn|5\n|inactive|yarexp has 30 seconds left.\n|\n|t:|1776300764\n|switch|p1b: Farigiraf|Farigiraf, L50, M|60/100\n|move|p2b: Starmie|Liquidation|p1a: Aggron\n|-damage|p1a: Aggron|28/100\n|move|p2a: Sinistcha|Matcha Gotcha|p1a: Aggron|[spread] \n|-miss|p2a: Sinistcha|p1a: Aggron\n|-miss|p2a: Sinistcha|p1b: Farigiraf\n|move|p1a: Aggron|Iron Defense|p1a: Aggron\n|-boost|p1a: Aggron|def|2\n|\n|-weather|RainDance|[upkeep]\n|-sideend|p1: yarexp|Reflect\n|upkeep\n|turn|6\n|inactive|finessermable has 30 seconds left.\n|inactive|finessermable has 20 seconds left.\n|\n|t:|1776300799\n|move|p2b: Starmie|Liquidation|p1a: Aggron\n|-damage|p1a: Aggron|6/100\n|move|p2a: Sinistcha|Matcha Gotcha|p1b: Farigiraf|[spread] p1a,p1b\n|-resisted|p1a: Aggron|1\n|-crit|p1a: Aggron\n|-damage|p1a: Aggron|0 fnt\n|-damage|p1b: Farigiraf|30/100\n|-enditem|p1b: Farigiraf|Sitrus Berry|[eat]\n|-heal|p1b: Farigiraf|55/100|[from] item: Sitrus Berry\n|faint|p1a: Aggron\n|move|p1b: Farigiraf|Reflect|p1b: Farigiraf\n|-sidestart|p1: yarexp|Reflect\n|\n|-weather|none\n|upkeep\n|-message|yarexp forfeited.\n|\n|win|finessermable\n|raw|yarexp's rating: 1025 &rarr; <strong>1012</strong><br />(-13 for losing)\n|raw|finessermable's rating: 1036 &rarr; <strong>1070</strong><br />(+34 for winning)\n|l|\u2606yarexp\n|player|p1|\n",
  "uploadtime": 1776300809,
  "views": 17,
  "formatid": "gen9championsvgc2026regma",
  "rating": 1012,
  "private": 0,
  "password": null
}