{
  "id": "gen9championsvgc2026regma-2580385783",
  "format": "[Gen 9 Champions] VGC 2026 Reg M-A",
  "players": [
    "Mega Blaziken fan",
    "not a 3"
  ],
  "log": "|j|\u2606Mega Blaziken fan\n|j|\u2606not a 3\n|t:|1775888700\n|gametype|doubles\n|player|p1|Mega Blaziken fan|lucas|1008\n|player|p2|not a 3|1|1000\n|gen|9\n|tier|[Gen 9 Champions] VGC 2026 Reg M-A\n|rated|\n|rule|Species Clause: Limit one of each Pok\u00e9mon\n|rule|Item Clause: Limit 1 of each item\n|clearpoke\n|poke|p1|Typhlosion-Hisui, L50, M|\n|poke|p1|Charizard, L50, M|\n|poke|p1|Venusaur, L50, F|\n|poke|p1|Garchomp, L50, F|\n|poke|p1|Rotom-Heat, L50|\n|poke|p1|Sneasler, L50, M|\n|poke|p2|Alcremie, L50, F|\n|poke|p2|Delphox, L50, F|\n|poke|p2|Garchomp, L50, F|\n|poke|p2|Rotom-Wash, L50|\n|poke|p2|Sinistcha, L50|\n|poke|p2|Sneasler, L50, F|\n|teampreview|4\n|inactive|Battle timer is ON: inactive players will automatically lose when time's up. (requested by not a 3)\nnot a 3 has agreed to open team sheets.\nMega Blaziken fan rejected open team sheets.\n|\n|t:|1775888735\n|teamsize|p1|4\n|teamsize|p2|4\n|start\n|switch|p1a: Charizard|Charizard, L50, M|100/100\n|switch|p1b: Typhlosion|Typhlosion-Hisui, L50, M|100/100\n|switch|p2a: Delphox|Delphox, L50, F|100/100\n|switch|p2b: Alcremie|Alcremie, L50, F|100/100\n|turn|1\n|\n|t:|1775888757\n|detailschange|p2a: Delphox|Delphox-Mega, L50, F\n|-mega|p2a: Delphox|Delphox|Delphoxite\n|detailschange|p1a: Charizard|Charizard-Mega-Y, L50, M\n|-mega|p1a: Charizard|Charizard|Charizardite Y\n|-weather|SunnyDay|[from] ability: Drought|[of] p1a: Charizard\n|move|p2a: Delphox|Protect|p2a: Delphox\n|-singleturn|p2a: Delphox|Protect\n|move|p1b: Typhlosion|Shadow Ball|p2a: Delphox\n|-activate|p2a: Delphox|move: Protect\n|move|p1a: Charizard|Air Slash|p2b: Alcremie\n|-damage|p2b: Alcremie|53/100\n|cant|p2b: Alcremie|flinch\n|\n|-weather|SunnyDay|[upkeep]\n|upkeep\n|turn|2\n|\n|t:|1775888781\n|move|p2b: Alcremie|Helping Hand|p2a: Delphox\n|-singleturn|p2a: Delphox|Helping Hand|[of] p2b: Alcremie\n|move|p1b: Typhlosion|Shadow Ball|p2a: Delphox\n|-supereffective|p2a: Delphox|1\n|-damage|p2a: Delphox|18/100\n|-unboost|p2a: Delphox|spd|1\n|move|p2a: Delphox|Heat Wave|p1a: Charizard|[spread] p1a,p1b\n|-resisted|p1a: Charizard|1\n|-resisted|p1b: Typhlosion|1\n|-damage|p1a: Charizard|48/100\n|-damage|p1b: Typhlosion|32/100\n|move|p1a: Charizard|Air Slash|p2b: Alcremie\n|-damage|p2b: Alcremie|10/100\n|\n|-weather|SunnyDay|[upkeep]\n|upkeep\n|turn|3\n|\n|t:|1775888798\n|move|p2b: Alcremie|Protect|p2b: Alcremie\n|-singleturn|p2b: Alcremie|Protect\n|move|p1b: Typhlosion|Shadow Ball|p2a: Delphox\n|-supereffective|p2a: Delphox|1\n|-damage|p2a: Delphox|0 fnt\n|faint|p2a: Delphox\n|move|p1a: Charizard|Heat Wave|p2b: Alcremie\n|-activate|p2b: Alcremie|move: Protect\n|\n|-weather|SunnyDay|[upkeep]\n|upkeep\n|\n|t:|1775888802\n|switch|p2a: Garchomp|Garchomp, L50, F|100/100\n|turn|4\n|\n|t:|1775888809\n|move|p2a: Garchomp|Rock Slide|p1b: Typhlosion|[spread] p1a\n|-miss|p2a: Garchomp|p1b: Typhlosion\n|-supereffective|p1a: Charizard|2\n|-damage|p1a: Charizard|0 fnt\n|faint|p1a: Charizard\n|move|p1b: Typhlosion|Shadow Ball|p2b: Alcremie\n|-damage|p2b: Alcremie|0 fnt\n|faint|p2b: Alcremie\n|\n|-weather|SunnyDay|[upkeep]\n|upkeep\n|\n|t:|1775888817\n|switch|p1a: Garchomp|Garchomp, L50, F|100/100\n|switch|p2b: Sinistcha|Sinistcha, L50|100/100\n|turn|5\n|\n|t:|1775888824\n|move|p2a: Garchomp|Rock Slide|p1b: Typhlosion|[spread] p1a,p1b\n|-resisted|p1a: Garchomp|1\n|-supereffective|p1b: Typhlosion|1\n|-damage|p1a: Garchomp|91/100\n|-damage|p1b: Typhlosion|0 fnt\n|faint|p1b: Typhlosion\n|move|p1a: Garchomp|Scale Shot|p2a: Garchomp|[miss]\n|-miss|p1a: Garchomp|p2a: Garchomp\n|move|p2b: Sinistcha|Life Dew||[still]|[still]|[spread] \n|-fail|p2a: Garchomp|heal\n|-fail|p2b: Sinistcha|heal\n|\n|-weather|none\n|upkeep\n|\n|t:|1775888827\n|switch|p1b: Rotom|Rotom-Heat, L50|100/100\n|turn|6\n|\n|t:|1775888834\n|move|p2b: Sinistcha|Protect|p2b: Sinistcha\n|-singleturn|p2b: Sinistcha|Protect\n|move|p2a: Garchomp|Rock Slide|p1b: Rotom|[spread] p1a,p1b\n|-resisted|p1a: Garchomp|1\n|-supereffective|p1b: Rotom|1\n|-damage|p1a: Garchomp|80/100\n|-damage|p1b: Rotom|50/100\n|move|p1a: Garchomp|Scale Shot|p2a: Garchomp\n|-supereffective|p2a: Garchomp|1\n|-damage|p2a: Garchomp|73/100\n|-supereffective|p2a: Garchomp|1\n|-damage|p2a: Garchomp|46/100\n|-supereffective|p2a: Garchomp|1\n|-damage|p2a: Garchomp|20/100\n|-hitcount|p2a: Garchomp|3\n|-unboost|p1a: Garchomp|def|1\n|-boost|p1a: Garchomp|spe|1\n|move|p1b: Rotom|Will-O-Wisp|p2a: Garchomp\n|-status|p2a: Garchomp|brn\n|\n|-damage|p2a: Garchomp|14/100 brn|[from] brn\n|upkeep\n|turn|7\n|\n|t:|1775888857\n|move|p1a: Garchomp|Earthquake|p2a: Garchomp|[spread] p2a,p2b\n|-immune|p1b: Rotom|[from] ability: Levitate\n|-resisted|p2b: Sinistcha|1\n|-crit|p2b: Sinistcha\n|-damage|p2a: Garchomp|0 fnt\n|-damage|p2b: Sinistcha|74/100\n|faint|p2a: Garchomp\n|move|p1b: Rotom|Will-O-Wisp|p2b: Sinistcha\n|-status|p2b: Sinistcha|brn\n|move|p2b: Sinistcha|Matcha Gotcha|p1b: Rotom|[spread] p1a,p1b\n|-resisted|p1b: Rotom|1\n|-damage|p1a: Garchomp|56/100\n|-heal|p2b: Sinistcha|86/100 brn|[from] drain|[of] p1a: Garchomp\n|-damage|p1b: Rotom|34/100\n|-heal|p2b: Sinistcha|93/100 brn|[from] drain|[of] p1b: Rotom\n|\n|-heal|p2b: Sinistcha|99/100 brn|[from] item: Leftovers\n|-damage|p2b: Sinistcha|93/100 brn|[from] brn\n|upkeep\n|turn|8\n|-message|not a 3 forfeited.\n|\n|win|Mega Blaziken fan\n|raw|Mega Blaziken fan's rating: 1008 &rarr; <strong>1046</strong><br />(+38 for winning)\n|raw|not a 3's rating: 1000 &rarr; <strong>1000</strong><br />(+0 for losing)\n|l|\u2606not a 3\n|player|p2|\n",
  "uploadtime": 1775888873,
  "views": 23,
  "formatid": "gen9championsvgc2026regma",
  "rating": 1000,
  "private": 0,
  "password": null
}