{
  "id": "gen9championsvgc2026regma-2585529467",
  "format": "[Gen 9 Champions] VGC 2026 Reg M-A",
  "players": [
    "M4bomboclat",
    "64t"
  ],
  "log": "|j|\u2606M4bomboclat\n|j|\u260664t\n|t:|1776353604\n|gametype|doubles\n|player|p1|M4bomboclat|170|1000\n|player|p2|64t|266|1040\n|gen|9\n|tier|[Gen 9 Champions] VGC 2026 Reg M-A\n|rated|\n|rule|Species Clause: Limit one of each Pok\u00e9mon\n|rule|Item Clause: Limit 1 of each item\n|clearpoke\n|poke|p1|Beedrill, L50, M|\n|poke|p1|Sneasler, L50, M|\n|poke|p1|Lycanroc-Dusk, L50, M|\n|poke|p1|Weavile, L50, M|\n|poke|p1|Scovillain, L50, M|\n|poke|p1|Vivillon, L50, F|\n|poke|p2|Froslass, L50, F|\n|poke|p2|Orthworm, L50, M|\n|poke|p2|Basculegion, L50, M|\n|poke|p2|Incineroar, L50, F|\n|poke|p2|Rotom-Frost, L50|\n|poke|p2|Garchomp, L50, F|\n|teampreview|4\n|\n|t:|1776353645\n|teamsize|p1|4\n|teamsize|p2|4\n|start\n|switch|p1a: Weavile|Weavile, L50, M|100/100\n|switch|p1b: Sneasler|Sneasler, L50, M|100/100\n|switch|p2a: Orthworm|Orthworm, L50, M|100/100\n|switch|p2b: Incineroar|Incineroar, L50, F, shiny|100/100\n|-ability|p2b: Incineroar|Intimidate|boost\n|-unboost|p1a: Weavile|atk|1\n|-unboost|p1b: Sneasler|atk|1\n|-enditem|p1b: Sneasler|White Herb\n|-clearnegativeboost|p1b: Sneasler|[silent]\n|turn|1\n|\n|t:|1776353662\n|move|p1a: Weavile|Fake Out|p2b: Incineroar\n|-damage|p2b: Incineroar|93/100\n|cant|p2b: Incineroar|flinch\n|move|p1b: Sneasler|Close Combat|p2a: Orthworm\n|-supereffective|p2a: Orthworm|1\n|-damage|p2a: Orthworm|35/100\n|-unboost|p1b: Sneasler|def|1\n|-unboost|p1b: Sneasler|spd|1\n|-enditem|p2a: Orthworm|Sitrus Berry|[eat]\n|-heal|p2a: Orthworm|60/100|[from] item: Sitrus Berry\n|move|p2a: Orthworm|Shed Tail|p2a: Orthworm\n|-start|p2a: Orthworm|Substitute|[from] move: Shed Tail\n|-damage|p2a: Orthworm|10/100\n|\n|t:|1776353673\n|switch|p2a: Froslass|Froslass, L50, F|100/100|[from] Shed Tail\n|\n|upkeep\n|turn|2\n|\n|t:|1776353700\n|detailschange|p2a: Froslass|Froslass-Mega, L50, F\n|-mega|p2a: Froslass|Froslass|Froslassite\n|-weather|Snowscape|[from] ability: Snow Warning|[of] p2a: Froslass\n|move|p1b: Sneasler|Close Combat|p2b: Incineroar\n|-supereffective|p2b: Incineroar|1\n|-damage|p2b: Incineroar|0 fnt\n|-unboost|p1b: Sneasler|def|1\n|-unboost|p1b: Sneasler|spd|1\n|faint|p2b: Incineroar\n|move|p1a: Weavile|Knock Off|p2a: Froslass\n|-supereffective|p2a: Froslass|1\n|-end|p2a: Froslass|Substitute\n|move|p2a: Froslass|Nasty Plot|p2a: Froslass\n|-boost|p2a: Froslass|spa|2\n|\n|-weather|Snowscape|[upkeep]\n|upkeep\n|\n|t:|1776353714\n|switch|p2b: Basculegion|Basculegion, L50, M|100/100\n|turn|3\n|\n|t:|1776353726\n|switch|p1b: Scovillain|Scovillain, L50, M|100/100\n|move|p2a: Froslass|Protect|p2a: Froslass\n|-singleturn|p2a: Froslass|Protect\n|move|p2b: Basculegion|Wave Crash|p1a: Weavile\n|-damage|p1a: Weavile|19/100\n|-damage|p2b: Basculegion|81/100|[from] Recoil\n|move|p1a: Weavile|Knock Off|p2a: Froslass\n|-activate|p2a: Froslass|move: Protect\n|\n|-weather|Snowscape|[upkeep]\n|upkeep\n|turn|4\n|\n|t:|1776353742\n|detailschange|p1b: Scovillain|Scovillain-Mega, L50, M\n|-mega|p1b: Scovillain|Scovillain|Scovillainite\n|move|p1b: Scovillain|Rage Powder|p1b: Scovillain\n|-singleturn|p1b: Scovillain|move: Rage Powder\n|move|p2b: Basculegion|Wave Crash|p1b: Scovillain\n|-damage|p1b: Scovillain|24/100\n|-status|p2b: Basculegion|brn|[from] ability: Spicy Spray|[of] p1b: Scovillain\n|-damage|p2b: Basculegion|58/100 brn|[from] Recoil\n|move|p1a: Weavile|Knock Off|p2a: Froslass\n|-supereffective|p2a: Froslass|1\n|-damage|p2a: Froslass|51/100\n|move|p2a: Froslass|Blizzard|p1a: Weavile|[spread] p1a,p1b\n|-resisted|p1a: Weavile|1\n|-damage|p1a: Weavile|0 fnt\n|-damage|p1b: Scovillain|0 fnt\n|-status|p2a: Froslass|brn|[from] ability: Spicy Spray|[of] p1b: Scovillain\n|faint|p1a: Weavile\n|faint|p1b: Scovillain\n|\n|-weather|Snowscape|[upkeep]\n|-damage|p2b: Basculegion|52/100 brn|[from] brn\n|-damage|p2a: Froslass|45/100 brn|[from] brn\n|upkeep\n|\n|t:|1776353760\n|switch|p1a: Sneasler|Sneasler, L50, M|100/100\n|switch|p1b: Lycanroc|Lycanroc-Dusk, L50, M|100/100\n|turn|5\n|\n|t:|1776353772\n|move|p2a: Froslass|Protect|p2a: Froslass\n|-singleturn|p2a: Froslass|Protect\n|move|p1b: Lycanroc|Accelerock|p2a: Froslass\n|-activate|p2a: Froslass|move: Protect\n|move|p2b: Basculegion|Wave Crash|p1b: Lycanroc\n|-supereffective|p1b: Lycanroc|1\n|-damage|p1b: Lycanroc|0 fnt\n|faint|p1b: Lycanroc\n|-damage|p2b: Basculegion|27/100 brn|[from] Recoil\n|move|p1a: Sneasler|Dire Claw|p2b: Basculegion\n|-resisted|p2b: Basculegion|1\n|-damage|p2b: Basculegion|2/100 brn\n|\n|-weather|Snowscape|[upkeep]\n|-damage|p2b: Basculegion|0 fnt|[from] brn\n|faint|p2b: Basculegion\n|-damage|p2a: Froslass|38/100 brn|[from] brn\n|upkeep\n|\n|t:|1776353785\n|switch|p2b: Orthworm|Orthworm, L50, M|10/100\n|turn|6\n|inactive|Battle timer is ON: inactive players will automatically lose when time's up. (requested by M4bomboclat)\n|\n|t:|1776353851\n|move|p1a: Sneasler|Dire Claw|p2a: Froslass\n|-resisted|p2a: Froslass|1\n|-damage|p2a: Froslass|15/100 brn\n|move|p2a: Froslass|Blizzard|p1a: Sneasler\n|-damage|p1a: Sneasler|0 fnt\n|faint|p1a: Sneasler\n|\n|win|64t\n|raw|M4bomboclat's rating: 1000 &rarr; <strong>1000</strong><br />(+0 for losing)\n|raw|64t's rating: 1040 &rarr; <strong>1070</strong><br />(+30 for winning)\n",
  "uploadtime": 1776353860,
  "views": 27,
  "formatid": "gen9championsvgc2026regma",
  "rating": 1000,
  "private": 0,
  "password": null
}