{
  "id": "gen9championsvgc2026regma-2582205327",
  "format": "[Gen 9 Champions] VGC 2026 Reg M-A",
  "players": [
    "consumer of pasta",
    "Shifty38"
  ],
  "log": "|j|\u2606consumer of pasta\n|j|\u2606Shifty38\n|t:|1776071092\n|gametype|doubles\n|player|p1|consumer of pasta|2|1095\n|player|p2|Shifty38|blaine|1165\n|gen|9\n|tier|[Gen 9 Champions] VGC 2026 Reg M-A\n|rated|\n|rule|Species Clause: Limit one of each Pok\u00e9mon\n|rule|Item Clause: Limit 1 of each item\n|clearpoke\n|poke|p1|Charizard, L50, M|\n|poke|p1|Venusaur, L50, M|\n|poke|p1|Arcanine-Hisui, L50, F|\n|poke|p1|Typhlosion-Hisui, L50, M|\n|poke|p1|Serperior, L50, M|\n|poke|p1|Heliolisk, L50, M|\n|poke|p2|Slowking, L50, F|\n|poke|p2|Incineroar, L50, F|\n|poke|p2|Camerupt, L50, M|\n|poke|p2|Crabominable, L50, F|\n|poke|p2|Hatterene, L50, F|\n|poke|p2|Whimsicott, L50, F|\n|teampreview|4\n|inactive|Battle timer is ON: inactive players will automatically lose when time's up. (requested by consumer of pasta)\n|\n|t:|1776071119\n|teamsize|p1|4\n|teamsize|p2|4\n|start\n|switch|p1a: Serperior|Serperior, L50, M, shiny|100/100\n|switch|p1b: Heliolisk|Heliolisk, L50, M|100/100\n|switch|p2a: Slowking|Slowking, L50, F|100/100\n|switch|p2b: Incineroar|Incineroar, L50, F|100/100\n|-ability|p2b: Incineroar|Intimidate|boost\n|-boost|p1a: Serperior|atk|1\n|-unboost|p1b: Heliolisk|atk|1\n|turn|1\n|\n|t:|1776071136\n|move|p2b: Incineroar|Fake Out|p1a: Serperior\n|-damage|p1a: Serperior|87/100\n|cant|p1a: Serperior|flinch\n|move|p1b: Heliolisk|Thunderbolt|p2a: Slowking\n|-supereffective|p2a: Slowking|1\n|-damage|p2a: Slowking|28/100\n|move|p2a: Slowking|Trick Room|p2a: Slowking\n|-fieldstart|move: Trick Room|[of] p2a: Slowking\n|\n|upkeep\n|turn|2\n|\n|t:|1776071161\n|-prepare|p2a: Slowking|Chilly Reception|[premajor]\n|move|p2a: Slowking|Chilly Reception|p2a: Slowking\n|-weather|Snowscape\n|\n|t:|1776071164\n|switch|p2a: Camerupt|Camerupt, L50, M|100/100|[from] Chilly Reception\n|move|p2b: Incineroar|Flare Blitz|p1a: Serperior\n|-supereffective|p1a: Serperior|1\n|-damage|p1a: Serperior|0 fnt\n|faint|p1a: Serperior\n|-damage|p2b: Incineroar|79/100|[from] Recoil\n|move|p1b: Heliolisk|Volt Switch|p2b: Incineroar\n|-damage|p2b: Incineroar|57/100\n|\n|t:|1776071178\n|switch|p1b: Charizard|Charizard, L50, M, shiny|100/100|[from] Volt Switch\n|\n|-weather|Snowscape|[upkeep]\n|upkeep\n|\n|t:|1776071185\n|switch|p1a: Heliolisk|Heliolisk, L50, M|100/100\n|turn|3\n|inactive|consumer of pasta has 30 seconds left.\n|\n|t:|1776071220\n|detailschange|p2a: Camerupt|Camerupt-Mega, L50, M\n|-mega|p2a: Camerupt|Camerupt|Cameruptite\n|detailschange|p1b: Charizard|Charizard-Mega-Y, L50, M, shiny\n|-mega|p1b: Charizard|Charizard|Charizardite Y\n|-weather|SunnyDay|[from] ability: Drought|[of] p1b: Charizard\n|move|p1b: Charizard|Protect|p1b: Charizard\n|-singleturn|p1b: Charizard|Protect\n|move|p2a: Camerupt|Ancient Power|p1b: Charizard\n|-activate|p1b: Charizard|move: Protect\n|move|p2b: Incineroar|Flare Blitz|p1a: Heliolisk\n|-damage|p1a: Heliolisk|0 fnt\n|faint|p1a: Heliolisk\n|-damage|p2b: Incineroar|35/100|[from] Recoil\n|-enditem|p2b: Incineroar|Sitrus Berry|[eat]\n|-heal|p2b: Incineroar|59/100|[from] item: Sitrus Berry\n|\n|-weather|SunnyDay|[upkeep]\n|upkeep\n|\n|t:|1776071230\n|switch|p1a: Typhlosion|Typhlosion-Hisui, L50, M, shiny|100/100\n|turn|4\n|\n|t:|1776071250\n|move|p2a: Camerupt|Ancient Power|p1b: Charizard\n|-supereffective|p1b: Charizard|2\n|-damage|p1b: Charizard|0 fnt\n|faint|p1b: Charizard\n|move|p2b: Incineroar|Darkest Lariat|p1a: Typhlosion\n|-supereffective|p1a: Typhlosion|1\n|-damage|p1a: Typhlosion|7/100\n|move|p1a: Typhlosion|Heat Wave|p2a: Camerupt|[spread] p2a,p2b\n|-resisted|p2a: Camerupt|1\n|-resisted|p2b: Incineroar|1\n|-damage|p2a: Camerupt|59/100\n|-damage|p2b: Incineroar|27/100\n|\n|-weather|SunnyDay|[upkeep]\n|upkeep\n|turn|5\n|-message|consumer of pasta forfeited.\n|\n|win|Shifty38\n|raw|consumer of pasta's rating: 1095 &rarr; <strong>1076</strong><br />(-19 for losing)\n|raw|Shifty38's rating: 1165 &rarr; <strong>1185</strong><br />(+20 for winning)\n|l|\u2606consumer of pasta\n|player|p1|\n",
  "uploadtime": 1776071305,
  "views": 12,
  "formatid": "gen9championsvgc2026regma",
  "rating": 1076,
  "private": 0,
  "password": null
}