{
  "id": "gen9championsvgc2026regma-2588363939",
  "format": "[Gen 9 Champions] VGC 2026 Reg M-A",
  "players": [
    "GodzDance",
    "MetalDark31"
  ],
  "log": "|j|\u2606GodzDance\n|j|\u2606MetalDark31\n|t:|1776627360\n|gametype|doubles\n|player|p1|GodzDance|266|1140\n|player|p2|MetalDark31|steven|1241\n|gen|9\n|tier|[Gen 9 Champions] VGC 2026 Reg M-A\n|rated|\n|rule|Species Clause: Limit one of each Pok\u00e9mon\n|rule|Item Clause: Limit 1 of each item\n|clearpoke\n|poke|p1|Milotic, L50, M|\n|poke|p1|Garchomp, L50, M|\n|poke|p1|Incineroar, L50, M|\n|poke|p1|Gengar, L50, M|\n|poke|p1|Whimsicott, L50, F|\n|poke|p1|Rotom-Heat, L50|\n|poke|p2|Floette-Eternal, L50, F|\n|poke|p2|Basculegion, L50, M|\n|poke|p2|Sinistcha, L50|\n|poke|p2|Pelipper, L50, F|\n|poke|p2|Incineroar, L50, M|\n|poke|p2|Garchomp, L50, F|\n|teampreview|4\n|inactive|Battle timer is ON: inactive players will automatically lose when time's up. (requested by GodzDance)\n|\n|t:|1776627382\n|teamsize|p1|4\n|teamsize|p2|4\n|start\n|switch|p1a: Whimsicott|Whimsicott, L50, F|100/100\n|switch|p1b: Gengar|Gengar, L50, M|100/100\n|switch|p2a: Floette|Floette-Eternal, L50, F|100/100\n|switch|p2b: Incineroar|Incineroar, L50, M|100/100\n|-ability|p2b: Incineroar|Intimidate|boost\n|-unboost|p1a: Whimsicott|atk|1\n|-unboost|p1b: Gengar|atk|1\n|turn|1\n|\n|t:|1776627403\n|switch|p1a: Incineroar|Incineroar, L50, M|100/100\n|-ability|p1a: Incineroar|Intimidate|boost\n|-unboost|p2a: Floette|atk|1\n|-unboost|p2b: Incineroar|atk|1\n|switch|p2a: Pelipper|Pelipper, L50, F|100/100\n|-weather|RainDance|[from] ability: Drizzle|[of] p2a: Pelipper\n|detailschange|p1b: Gengar|Gengar-Mega, L50, M\n|-mega|p1b: Gengar|Gengar|Gengarite\n|move|p1b: Gengar|Sludge Bomb|p2a: Pelipper\n|-crit|p2a: Pelipper\n|-enditem|p2a: Pelipper|Focus Sash\n|-damage|p2a: Pelipper|1/100\n|move|p2b: Incineroar|Throat Chop|p1b: Gengar\n|-supereffective|p1b: Gengar|1\n|-crit|p1b: Gengar\n|-damage|p1b: Gengar|0 fnt\n|faint|p1b: Gengar\n|\n|-weather|RainDance|[upkeep]\n|upkeep\n|\n|t:|1776627423\n|switch|p1b: Milotic|Milotic, L50, M|100/100\n|turn|2\n|\n|t:|1776627445\n|switch|p2a: Floette|Floette-Eternal, L50, F|100/100\n|move|p1a: Incineroar|Fake Out|p2b: Incineroar\n|-damage|p2b: Incineroar|90/100\n|move|p1b: Milotic|Coil|p1b: Milotic\n|-boost|p1b: Milotic|atk|1\n|-boost|p1b: Milotic|def|1\n|-boost|p1b: Milotic|accuracy|1\n|cant|p2b: Incineroar|flinch\n|\n|-weather|RainDance|[upkeep]\n|upkeep\n|turn|3\n|inactive|MetalDark31 has 30 seconds left.\n|\n|t:|1776627471\n|detailschange|p2a: Floette|Floette-Mega, L50, F\n|-mega|p2a: Floette|Floette|Floettite\n|-ability|p2a: Floette|Fairy Aura\n|move|p2a: Floette|Moonblast|p1b: Milotic\n|-damage|p1b: Milotic|66/100\n|move|p1b: Milotic|Coil|p1b: Milotic\n|-boost|p1b: Milotic|atk|1\n|-boost|p1b: Milotic|def|1\n|-boost|p1b: Milotic|accuracy|1\n|move|p1a: Incineroar|Parting Shot|p2a: Floette\n|-unboost|p2a: Floette|atk|1\n|-unboost|p2a: Floette|spa|1\n|\n|t:|1776627484\n|switch|p1a: Whimsicott|Whimsicott, L50, F|100/100|[from] Parting Shot\n|move|p2b: Incineroar|Throat Chop|p1b: Milotic\n|-damage|p1b: Milotic|53/100\n|-start|p1b: Milotic|Throat Chop|[silent]\n|\n|-weather|RainDance|[upkeep]\n|-heal|p1b: Milotic|59/100|[from] item: Leftovers\n|upkeep\n|turn|4\n|\n|t:|1776627500\n|switch|p2b: Pelipper|Pelipper, L50, F|1/100\n|move|p2a: Floette|Protect|p2a: Floette\n|-singleturn|p2a: Floette|Protect\n|move|p1a: Whimsicott|Tailwind|p1a: Whimsicott\n|-sidestart|p1: GodzDance|move: Tailwind\n|move|p1b: Milotic|Muddy Water|p2b: Pelipper|[spread] p2b\n|-activate|p2a: Floette|move: Protect\n|-resisted|p2b: Pelipper|1\n|-damage|p2b: Pelipper|0 fnt\n|faint|p2b: Pelipper\n|\n|-weather|RainDance|[upkeep]\n|-heal|p1b: Milotic|65/100|[from] item: Leftovers\n|-end|p1b: Milotic|Throat Chop|[silent]\n|upkeep\n|\n|t:|1776627513\n|switch|p2b: Sinistcha|Sinistcha, L50|100/100\n|turn|5\n|\n|t:|1776627533\n|switch|p2a: Incineroar|Incineroar, L50, M|90/100\n|-ability|p2a: Incineroar|Intimidate|boost\n|-unboost|p1a: Whimsicott|atk|1\n|-unboost|p1b: Milotic|atk|1\n|-ability|p1b: Milotic|Competitive|boost\n|-boost|p1b: Milotic|spa|2\n|move|p1a: Whimsicott|Encore|p2a: Incineroar\n|-hint|Since gen 7, Dark is immune to Prankster moves.\n|-immune|p2a: Incineroar\n|move|p1b: Milotic|Hypnosis|p2b: Sinistcha\n|-status|p2b: Sinistcha|slp|[from] move: Hypnosis\n|cant|p2b: Sinistcha|slp\n|\n|-weather|none\n|-heal|p1b: Milotic|71/100|[from] item: Leftovers\n|upkeep\n|turn|6\n|\n|t:|1776627554\n|switch|p1a: Incineroar|Incineroar, L50, M|100/100\n|-ability|p1a: Incineroar|Intimidate|boost\n|-unboost|p2a: Incineroar|atk|1\n|-unboost|p2b: Sinistcha|atk|1\n|switch|p2b: Floette|Floette-Mega, L50, F|100/100\n|-ability|p2b: Floette|Fairy Aura\n|move|p2a: Incineroar|Fake Out|p1b: Milotic\n|-damage|p1b: Milotic|67/100\n|cant|p1b: Milotic|flinch\n|\n|-heal|p1b: Milotic|73/100|[from] item: Leftovers\n|upkeep\n|turn|7\n|\n|t:|1776627577\n|move|p1a: Incineroar|Fake Out|p2a: Incineroar\n|-damage|p2a: Incineroar|82/100\n|move|p1b: Milotic|Hypnosis|p2b: Floette\n|-status|p2b: Floette|slp|[from] move: Hypnosis\n|cant|p2b: Floette|slp\n|cant|p2a: Incineroar|flinch\n|\n|-heal|p1b: Milotic|79/100|[from] item: Leftovers\n|-sideend|p1: GodzDance|move: Tailwind\n|upkeep\n|turn|8\n|\n|t:|1776627596\n|cant|p2b: Floette|slp\n|move|p1b: Milotic|Muddy Water|p2a: Incineroar|[spread] p2a,p2b\n|-supereffective|p2a: Incineroar|1\n|-damage|p2a: Incineroar|6/100\n|-damage|p2b: Floette|60/100 slp\n|-unboost|p2b: Floette|accuracy|1\n|move|p1a: Incineroar|Parting Shot|p2b: Floette\n|-unboost|p2b: Floette|atk|1\n|-unboost|p2b: Floette|spa|1\n|\n|t:|1776627605\n|switch|p1a: Whimsicott|Whimsicott, L50, F|100/100|[from] Parting Shot\n|move|p2a: Incineroar|Throat Chop|p1a: Whimsicott\n|-resisted|p1a: Whimsicott|1\n|-damage|p1a: Whimsicott|84/100\n|-start|p1a: Whimsicott|Throat Chop|[silent]\n|\n|-heal|p1b: Milotic|85/100|[from] item: Leftovers\n|upkeep\n|turn|9\n|\n|t:|1776627620\n|switch|p2b: Sinistcha|Sinistcha, L50|100/100 slp\n|-heal|p2a: Incineroar|31/100|[from] ability: Hospitality|[of] p2b: Sinistcha\n|move|p1a: Whimsicott|Tailwind|p1a: Whimsicott\n|-sidestart|p1: GodzDance|move: Tailwind\n|move|p1b: Milotic|Coil|p1b: Milotic\n|-boost|p1b: Milotic|atk|1\n|-boost|p1b: Milotic|def|1\n|-boost|p1b: Milotic|accuracy|1\n|move|p2a: Incineroar|Will-O-Wisp|p1a: Whimsicott\n|-status|p1a: Whimsicott|brn\n|\n|-heal|p1b: Milotic|91/100|[from] item: Leftovers\n|-damage|p1a: Whimsicott|78/100 brn|[from] brn\n|-end|p1a: Whimsicott|Throat Chop|[silent]\n|upkeep\n|turn|10\n|-message|MetalDark31 forfeited.\n|\n|win|GodzDance\n|raw|GodzDance's rating: 1140 &rarr; <strong>1172</strong><br />(+32 for winning)\n|raw|MetalDark31's rating: 1241 &rarr; <strong>1209</strong><br />(-32 for losing)\n|l|\u2606MetalDark31\n|player|p2|\n",
  "uploadtime": 1776627671,
  "views": 18,
  "formatid": "gen9championsvgc2026regma",
  "rating": 1172,
  "private": 0,
  "password": null
}