{
  "id": "gen9championsvgc2026regma-2581446702",
  "format": "[Gen 9 Champions] VGC 2026 Reg M-A",
  "players": [
    "Jeremykhoo",
    "Hsjaj"
  ],
  "log": "|j|\u2606Jeremykhoo\n|j|\u2606Hsjaj\n|t:|1776001265\n|gametype|doubles\n|player|p1|Jeremykhoo|266|1061\n|player|p2|Hsjaj|265|1075\n|gen|9\n|tier|[Gen 9 Champions] VGC 2026 Reg M-A\n|rated|\n|rule|Species Clause: Limit one of each Pok\u00e9mon\n|rule|Item Clause: Limit 1 of each item\n|clearpoke\n|poke|p1|Tyranitar, L50, F|\n|poke|p1|Whimsicott, L50, M|\n|poke|p1|Aggron, L50, F|\n|poke|p1|Drampa, L50, M|\n|poke|p1|Sylveon, L50, F|\n|poke|p1|Arcanine, L50, F|\n|poke|p2|Whimsicott, L50, F|\n|poke|p2|Incineroar, L50, M|\n|poke|p2|Zoroark-Hisui, L50, F|\n|poke|p2|Charizard, L50, F|\n|poke|p2|Sinistcha, L50|\n|teampreview|4\n|inactive|Battle timer is ON: inactive players will automatically lose when time's up. (requested by Hsjaj)\n|inactive|Jeremykhoo has 60 seconds left.\n|\n|t:|1776001323\n|teamsize|p1|4\n|teamsize|p2|4\n|start\n|switch|p1a: Whimsicott|Whimsicott, L50, M|100/100\n|switch|p1b: Arcanine|Arcanine, L50, F|100/100\n|switch|p2a: Whimsicott|Whimsicott, L50, F|100/100\n|switch|p2b: Charizard|Charizard, L50, F|100/100\n|-ability|p1b: Arcanine|Intimidate|boost\n|-unboost|p2a: Whimsicott|atk|1\n|-unboost|p2b: Charizard|atk|1\n|turn|1\n|\n|t:|1776001346\n|detailschange|p2b: Charizard|Charizard-Mega-X, L50, F\n|-mega|p2b: Charizard|Charizard|Charizardite X\n|move|p2a: Whimsicott|Tailwind|p2a: Whimsicott\n|-sidestart|p2: Hsjaj|move: Tailwind\n|move|p1a: Whimsicott|Tailwind|p1a: Whimsicott\n|-sidestart|p1: Jeremykhoo|move: Tailwind\n|move|p1b: Arcanine|Flare Blitz|p2a: Whimsicott\n|-supereffective|p2a: Whimsicott|1\n|-enditem|p2a: Whimsicott|Focus Sash\n|-damage|p2a: Whimsicott|1/100\n|-damage|p1b: Arcanine|78/100|[from] Recoil\n|move|p2b: Charizard|Dragon Dance|p2b: Charizard\n|-boost|p2b: Charizard|atk|1\n|-boost|p2b: Charizard|spe|1\n|\n|upkeep\n|turn|2\n|inactive|Jeremykhoo has 30 seconds left.\n|inactive|Hsjaj has 30 seconds left.\n|inactive|Jeremykhoo has 20 seconds left.\n|\n|t:|1776001383\n|switch|p1b: Aggron|Aggron, L50, F|100/100\n|move|p2b: Charizard|Dragon Claw|p1b: Aggron\n|-resisted|p1b: Aggron|1\n|-damage|p1b: Aggron|85/100\n|move|p2a: Whimsicott|Endeavor|p1b: Aggron\n|-damage|p1b: Aggron|1/100\n|move|p1a: Whimsicott|Moonblast|p2b: Charizard\n|-damage|p2b: Charizard|70/100\n|\n|upkeep\n|turn|3\n|inactive|Jeremykhoo has 30 seconds left.\n|inactive|Jeremykhoo has 20 seconds left.\n|\n|t:|1776001420\n|move|p1b: Aggron|Protect|p1b: Aggron\n|-singleturn|p1b: Aggron|Protect\n|move|p1a: Whimsicott|Encore|p2a: Whimsicott\n|-start|p2a: Whimsicott|Encore\n|move|p2b: Charizard|Dragon Dance|p2b: Charizard\n|-boost|p2b: Charizard|atk|1\n|-boost|p2b: Charizard|spe|1\n|move|p2a: Whimsicott|Endeavor|p1b: Aggron\n|-activate|p1b: Aggron|move: Protect\n|\n|upkeep\n|turn|4\n|\n|t:|1776001434\n|switch|p1b: Arcanine|Arcanine, L50, F|78/100\n|-ability|p1b: Arcanine|Intimidate|boost\n|-unboost|p2a: Whimsicott|atk|1\n|-unboost|p2b: Charizard|atk|1\n|move|p2b: Charizard|Dragon Claw|p1b: Arcanine\n|-damage|p1b: Arcanine|26/100\n|move|p2a: Whimsicott|Endeavor|p1a: Whimsicott\n|-damage|p1a: Whimsicott|1/100\n|move|p1a: Whimsicott|Moonblast|p2a: Whimsicott\n|-damage|p2a: Whimsicott|0 fnt\n|faint|p2a: Whimsicott\n|\n|-sideend|p2: Hsjaj|move: Tailwind\n|-sideend|p1: Jeremykhoo|move: Tailwind\n|upkeep\n|\n|t:|1776001449\n|switch|p2a: Sinistcha|Sinistcha, L50|100/100\n|-heal|p2b: Charizard|95/100|[from] ability: Hospitality|[of] p2a: Sinistcha\n|turn|5\n|\n|t:|1776001463\n|switch|p2a: Incineroar|Incineroar, L50, M|100/100\n|-ability|p2a: Incineroar|Intimidate|boost\n|-unboost|p1a: Whimsicott|atk|1\n|-unboost|p1b: Arcanine|atk|1\n|move|p1a: Whimsicott|Tailwind|p1a: Whimsicott\n|-sidestart|p1: Jeremykhoo|move: Tailwind\n|move|p1b: Arcanine|Flare Blitz|p2a: Incineroar\n|-resisted|p2a: Incineroar|1\n|-damage|p2a: Incineroar|85/100\n|-damage|p1b: Arcanine|21/100|[from] Recoil\n|move|p2b: Charizard|Dragon Claw|p1b: Arcanine\n|-damage|p1b: Arcanine|0 fnt\n|faint|p1b: Arcanine\n|\n|upkeep\n|\n|t:|1776001478\n|switch|p1b: Aggron|Aggron, L50, F|1/100\n|turn|6\n|\n|t:|1776001485\n|move|p1b: Aggron|Protect|p1b: Aggron\n|-singleturn|p1b: Aggron|Protect\n|move|p2a: Incineroar|Fake Out|p1a: Whimsicott\n|-damage|p1a: Whimsicott|0 fnt\n|faint|p1a: Whimsicott\n|move|p2b: Charizard|Dragon Claw|p1b: Aggron\n|-activate|p1b: Aggron|move: Protect\n|\n|upkeep\n|\n|t:|1776001494\n|switch|p1a: Tyranitar|Tyranitar, L50, F|100/100\n|-weather|Sandstorm|[from] ability: Sand Stream|[of] p1a: Tyranitar\n|turn|7\n|\n|t:|1776001508\n|move|p1a: Tyranitar|Rock Slide|p2a: Incineroar|[spread] p2a\n|-miss|p1a: Tyranitar|p2b: Charizard\n|-supereffective|p2a: Incineroar|1\n|-damage|p2a: Incineroar|28/100\n|move|p2b: Charizard|Dragon Dance|p2b: Charizard\n|-boost|p2b: Charizard|atk|1\n|-boost|p2b: Charizard|spe|1\n|move|p1b: Aggron|Body Press|p2a: Incineroar\n|-supereffective|p2a: Incineroar|1\n|-damage|p2a: Incineroar|0 fnt\n|faint|p2a: Incineroar\n|\n|-weather|Sandstorm|[upkeep]\n|-damage|p2b: Charizard|89/100|[from] Sandstorm\n|upkeep\n|\n|t:|1776001518\n|switch|p2a: Sinistcha|Sinistcha, L50|100/100\n|-heal|p2b: Charizard|100/100|[from] ability: Hospitality|[of] p2a: Sinistcha\n|turn|8\n|\n|t:|1776001531\n|move|p1a: Tyranitar|Rock Slide|p2b: Charizard|[spread] p2a,p2b\n|-supereffective|p2b: Charizard|1\n|-damage|p2a: Sinistcha|75/100\n|-damage|p2b: Charizard|48/100\n|cant|p2b: Charizard|flinch\n|move|p1b: Aggron|Body Press|p2b: Charizard\n|-damage|p2b: Charizard|20/100\n|move|p2a: Sinistcha|Matcha Gotcha|p1b: Aggron|[spread] p1a,p1b\n|-supereffective|p1a: Tyranitar|1\n|-crit|p1b: Aggron\n|-damage|p1a: Tyranitar|67/100\n|-heal|p2a: Sinistcha|92/100|[from] drain|[of] p1a: Tyranitar\n|-damage|p1b: Aggron|0 fnt\n|-heal|p2a: Sinistcha|92/100|[from] drain|[of] p1b: Aggron\n|faint|p1b: Aggron\n|\n|-weather|Sandstorm|[upkeep]\n|-damage|p2b: Charizard|14/100|[from] Sandstorm\n|-damage|p2a: Sinistcha|86/100|[from] Sandstorm\n|-heal|p2a: Sinistcha|92/100|[from] item: Leftovers\n|-sideend|p1: Jeremykhoo|move: Tailwind\n|upkeep\n|turn|9\n|\n|t:|1776001553\n|move|p2b: Charizard|Dragon Claw|p1a: Tyranitar\n|-damage|p1a: Tyranitar|0 fnt\n|faint|p1a: Tyranitar\n|\n|win|Hsjaj\n|raw|Jeremykhoo's rating: 1061 &rarr; <strong>1043</strong><br />(-18 for losing)\n|raw|Hsjaj's rating: 1075 &rarr; <strong>1103</strong><br />(+28 for winning)\n",
  "uploadtime": 1776001558,
  "views": 18,
  "formatid": "gen9championsvgc2026regma",
  "rating": 1043,
  "private": 0,
  "password": null
}