{
  "id": "gen9championsvgc2026regma-2581879301",
  "format": "[Gen 9 Champions] VGC 2026 Reg M-A",
  "players": [
    "M4rto",
    "IcarusIsBestGirl"
  ],
  "log": "|j|\u2606M4rto\n|j|\u2606IcarusIsBestGirl\n|t:|1776036143\n|gametype|doubles\n|player|p1|M4rto|ghetsis|1122\n|player|p2|IcarusIsBestGirl|yellow|1134\n|gen|9\n|tier|[Gen 9 Champions] VGC 2026 Reg M-A\n|rated|\n|rule|Species Clause: Limit one of each Pok\u00e9mon\n|rule|Item Clause: Limit 1 of each item\n|clearpoke\n|poke|p1|Farigiraf, L50, M|\n|poke|p1|Armarouge, L50, F|\n|poke|p1|Sinistcha, L50|\n|poke|p1|Kingambit, L50, F|\n|poke|p1|Milotic, L50, F|\n|poke|p1|Abomasnow, L50, M|\n|poke|p2|Froslass, L50, F|\n|poke|p2|Kingambit, L50, M|\n|poke|p2|Clefable, L50, F|\n|poke|p2|Sneasler, L50, M|\n|poke|p2|Rotom-Wash, L50|\n|poke|p2|Garchomp, L50, M|\n|teampreview|4\nIcarusIsBestGirl rejected open team sheets.\n|inactive|Battle timer is ON: inactive players will automatically lose when time's up. (requested by M4rto)\n|\n|t:|1776036218\n|teamsize|p1|4\n|teamsize|p2|4\n|start\n|switch|p1a: Farigiraf|Farigiraf, L50, M, shiny|100/100\n|switch|p1b: Armarouge|Armarouge, L50, F|100/100\n|switch|p2a: The Drink|Rotom-Wash, L50|100/100\n|switch|p2b: thing japan|Froslass, L50, F, shiny|100/100\n|turn|1\n|inactive|M4rto has 30 seconds left.\n|inactive|IcarusIsBestGirl has 30 seconds left.\n|inactive|M4rto has 20 seconds left.\n|\n|t:|1776036255\n|switch|p1b: Abomasnow|Abomasnow, L50, M|100/100\n|-weather|Snowscape|[from] ability: Snow Warning|[of] p1b: Abomasnow\n|detailschange|p2b: thing japan|Froslass-Mega, L50, F, shiny\n|-mega|p2b: thing japan|Froslass|Froslassite\n|move|p2b: thing japan|Aurora Veil|p2b: thing japan\n|-sidestart|p2: IcarusIsBestGirl|move: Aurora Veil\n|move|p2a: The Drink|Hydro Pump|p1b: Abomasnow\n|-resisted|p1b: Abomasnow|1\n|-damage|p1b: Abomasnow|82/100\n|move|p1a: Farigiraf|Trick Room|p1a: Farigiraf\n|-fieldstart|move: Trick Room|[of] p1a: Farigiraf\n|\n|-weather|Snowscape|[upkeep]\n|upkeep\n|turn|2\n|\n|t:|1776036276\n|switch|p1a: Kingambit|Kingambit, L50, F, shiny|100/100\n|detailschange|p1b: Abomasnow|Abomasnow-Mega, L50, M\n|-mega|p1b: Abomasnow|Abomasnow|Abomasite\n|move|p2b: thing japan|Protect|p2b: thing japan\n|-singleturn|p2b: thing japan|Protect\n|move|p1b: Abomasnow|Aurora Veil|p1b: Abomasnow\n|-sidestart|p1: M4rto|move: Aurora Veil\n|move|p2a: The Drink|Will-O-Wisp|p1b: Abomasnow\n|-status|p1b: Abomasnow|brn\n|\n|-weather|Snowscape|[upkeep]\n|-damage|p1b: Abomasnow|76/100 brn|[from] brn\n|upkeep\n|turn|3\n|\n|t:|1776036293\n|switch|p2b: Dark Blue Moon|Kingambit, L50, M, shiny|100/100\n|move|p2a: The Drink|Protect|p2a: The Drink\n|-singleturn|p2a: The Drink|Protect\n|move|p1b: Abomasnow|Rock Slide|p2a: The Drink|[spread] \n|-activate|p2a: The Drink|move: Protect\n|-miss|p1b: Abomasnow|p2b: Dark Blue Moon\n|move|p1a: Kingambit|Iron Head|p2b: Dark Blue Moon\n|-resisted|p2b: Dark Blue Moon|1\n|-damage|p2b: Dark Blue Moon|91/100\n|\n|-weather|Snowscape|[upkeep]\n|-damage|p1b: Abomasnow|70/100 brn|[from] brn\n|upkeep\n|turn|4\n|\n|t:|1776036312\n|move|p1a: Kingambit|Protect|p1a: Kingambit\n|-singleturn|p1a: Kingambit|Protect\n|move|p1b: Abomasnow|Wood Hammer|p2a: The Drink\n|-supereffective|p2a: The Drink|1\n|-damage|p2a: The Drink|56/100\n|-damage|p1b: Abomasnow|57/100 brn|[from] Recoil\n|move|p2b: Dark Blue Moon|Swords Dance|p2b: Dark Blue Moon\n|-boost|p2b: Dark Blue Moon|atk|2\n|move|p2a: The Drink|Will-O-Wisp|p1a: Kingambit\n|-activate|p1a: Kingambit|move: Protect\n|\n|-weather|Snowscape|[upkeep]\n|-heal|p2a: The Drink|62/100|[from] item: Leftovers\n|-damage|p1b: Abomasnow|51/100 brn|[from] brn\n|upkeep\n|turn|5\n|\n|t:|1776036331\n|move|p1b: Abomasnow|Wood Hammer|p2a: The Drink\n|-supereffective|p2a: The Drink|1\n|-crit|p2a: The Drink\n|-damage|p2a: The Drink|0 fnt\n|faint|p2a: The Drink\n|-damage|p1b: Abomasnow|33/100 brn|[from] Recoil\n|move|p1a: Kingambit|Stone Edge|p2b: Dark Blue Moon|[miss]\n|-miss|p1a: Kingambit|p2b: Dark Blue Moon\n|move|p2b: Dark Blue Moon|Swords Dance|p2b: Dark Blue Moon\n|-boost|p2b: Dark Blue Moon|atk|2\n|\n|-weather|none\n|-damage|p1b: Abomasnow|27/100 brn|[from] brn\n|-sideend|p2: IcarusIsBestGirl|move: Aurora Veil\n|-fieldend|move: Trick Room\n|upkeep\n|\n|t:|1776036343\n|switch|p2a: thing japan|Froslass-Mega, L50, F, shiny|100/100\n|-weather|Snowscape|[from] ability: Snow Warning|[of] p2a: thing japan\n|turn|6\n|\n|t:|1776036354\n|move|p1a: Kingambit|Protect|p1a: Kingambit\n|-singleturn|p1a: Kingambit|Protect\n|move|p2b: Dark Blue Moon|Sucker Punch|p1b: Abomasnow\n|-damage|p1b: Abomasnow|0 fnt\n|faint|p1b: Abomasnow\n|move|p2a: thing japan|Aurora Veil|p2a: thing japan\n|-sidestart|p2: IcarusIsBestGirl|move: Aurora Veil\n|\n|-weather|Snowscape|[upkeep]\n|-sideend|p1: M4rto|move: Aurora Veil\n|upkeep\n|\n|t:|1776036364\n|switch|p1b: Farigiraf|Farigiraf, L50, M, shiny|100/100\n|turn|7\n|\n|t:|1776036375\n|move|p2a: thing japan|Blizzard|p1a: Kingambit|[spread] p1a,p1b\n|-resisted|p1a: Kingambit|1\n|-damage|p1a: Kingambit|80/100\n|-damage|p1b: Farigiraf|68/100\n|move|p2b: Dark Blue Moon|Kowtow Cleave|p1b: Farigiraf\n|-supereffective|p1b: Farigiraf|1\n|-damage|p1b: Farigiraf|0 fnt\n|faint|p1b: Farigiraf\n|move|p1a: Kingambit|Stone Edge|p2a: thing japan\n|-supereffective|p2a: thing japan|1\n|-damage|p2a: thing japan|56/100\n|\n|-weather|Snowscape|[upkeep]\n|upkeep\n|\n|t:|1776036385\n|switch|p1b: Armarouge|Armarouge, L50, F|100/100\n|turn|8\n|inactive|M4rto has 30 seconds left.\n|\n|t:|1776036411\n|move|p1b: Armarouge|Wide Guard|p1b: Armarouge\n|-singleturn|p1b: Armarouge|Wide Guard\n|move|p2a: thing japan|Shadow Ball|p1b: Armarouge\n|-supereffective|p1b: Armarouge|1\n|-damage|p1b: Armarouge|21/100\n|move|p2b: Dark Blue Moon|Kowtow Cleave|p1b: Armarouge\n|-supereffective|p1b: Armarouge|1\n|-damage|p1b: Armarouge|0 fnt\n|faint|p1b: Armarouge\n|move|p1a: Kingambit|Stone Edge|p2a: thing japan\n|-supereffective|p2a: thing japan|1\n|-damage|p2a: thing japan|8/100\n|\n|-weather|Snowscape|[upkeep]\n|upkeep\n|turn|9\n|\n|t:|1776036429\n|move|p2a: thing japan|Protect|p2a: thing japan\n|-singleturn|p2a: thing japan|Protect\n|move|p2b: Dark Blue Moon|Kowtow Cleave|p1a: Kingambit\n|-resisted|p1a: Kingambit|1\n|-damage|p1a: Kingambit|32/100\n|move|p1a: Kingambit|Kowtow Cleave|p2a: thing japan\n|-activate|p2a: thing japan|move: Protect\n|\n|-weather|Snowscape|[upkeep]\n|upkeep\n|turn|10\n|\n|t:|1776036439\n|switch|p2a: Claw of Hermos|Sneasler, L50, M, shiny|100/100\n|move|p2b: Dark Blue Moon|Kowtow Cleave|p1a: Kingambit\n|-resisted|p1a: Kingambit|1\n|-damage|p1a: Kingambit|0 fnt\n|faint|p1a: Kingambit\n|\n|win|IcarusIsBestGirl\n|raw|M4rto's rating: 1122 &rarr; <strong>1098</strong><br />(-24 for losing)\n|raw|IcarusIsBestGirl's rating: 1134 &rarr; <strong>1158</strong><br />(+24 for winning)\n|l|\u2606M4rto\n|player|p1|\n",
  "uploadtime": 1776036495,
  "views": 36,
  "formatid": "gen9championsvgc2026regma",
  "rating": 1098,
  "private": 0,
  "password": null
}