{
  "id": "gen9championsvgc2026regma-2582924971",
  "format": "[Gen 9 Champions] VGC 2026 Reg M-A",
  "players": [
    "bonser",
    "BlackDasein"
  ],
  "log": "|j|\u2606bonser\n|j|\u2606BlackDasein\n|t:|1776125486\n|gametype|doubles\n|player|p1|bonser|170|1109\n|player|p2|BlackDasein|265|1185\n|gen|9\n|tier|[Gen 9 Champions] VGC 2026 Reg M-A\n|rated|\n|rule|Species Clause: Limit one of each Pok\u00e9mon\n|rule|Item Clause: Limit 1 of each item\n|clearpoke\n|poke|p1|Scovillain, L50, M|\n|poke|p1|Ninetales-Alola, L50, F|\n|poke|p1|Rotom-Wash, L50|\n|poke|p1|Garchomp, L50, M|\n|poke|p1|Incineroar, L50, F|\n|poke|p1|Sneasler, L50, F|\n|poke|p2|Sinistcha, L50|\n|poke|p2|Basculegion, L50, M|\n|poke|p2|Pelipper, L50, F|\n|poke|p2|Kangaskhan, L50, F|\n|poke|p2|Archaludon, L50, F|\n|poke|p2|Arcanine, L50, M|\n|teampreview|4\n|\n|t:|1776125526\n|teamsize|p1|4\n|teamsize|p2|4\n|start\n|switch|p1a: Scovillain|Scovillain, L50, M|100/100\n|switch|p1b: Rotom|Rotom-Wash, L50|100/100\n|switch|p2a: Arcanine|Arcanine, L50, M|100/100\n|switch|p2b: Kangaskhan|Kangaskhan, L50, F|100/100\n|-ability|p2a: Arcanine|Intimidate|boost\n|-unboost|p1a: Scovillain|atk|1\n|-unboost|p1b: Rotom|atk|1\n|turn|1\n|inactive|Battle timer is ON: inactive players will automatically lose when time's up. (requested by BlackDasein)\n|\n|t:|1776125544\n|switch|p2a: Archaludon|Archaludon, L50, F|100/100\n|detailschange|p2b: Kangaskhan|Kangaskhan-Mega, L50, F\n|-mega|p2b: Kangaskhan|Kangaskhan|Kangaskhanite\n|move|p1b: Rotom|Protect|p1b: Rotom\n|-singleturn|p1b: Rotom|Protect\n|move|p1a: Scovillain|Protect|p1a: Scovillain\n|-singleturn|p1a: Scovillain|Protect\n|move|p2b: Kangaskhan|Fake Out|p1a: Scovillain\n|-activate|p1a: Scovillain|move: Protect\n|\n|upkeep\n|turn|2\n|\n|t:|1776125569\n|detailschange|p1a: Scovillain|Scovillain-Mega, L50, M\n|-mega|p1a: Scovillain|Scovillain|Scovillainite\n|move|p2b: Kangaskhan|Double-Edge|p1a: Scovillain\n|-damage|p1a: Scovillain|14/100\n|-status|p2b: Kangaskhan|brn|[from] ability: Spicy Spray|[of] p1a: Scovillain\n|-damage|p1a: Scovillain|5/100\n|-hitcount|p1a: Scovillain|2\n|-damage|p2b: Kangaskhan|75/100 brn|[from] Recoil\n|move|p1b: Rotom|Volt Switch|p2a: Archaludon\n|-resisted|p2a: Archaludon|1\n|-damage|p2a: Archaludon|84/100\n|-ability|p2a: Archaludon|Stamina|boost\n|-boost|p2a: Archaludon|def|1\n|\n|t:|1776125582\n|switch|p1b: Ninetales|Ninetales-Alola, L50, F|100/100|[from] Volt Switch\n|-weather|Snowscape|[from] ability: Snow Warning|[of] p1b: Ninetales\n|move|p2a: Archaludon|Draco Meteor|p1b: Ninetales\n|-immune|p1b: Ninetales\n|move|p1a: Scovillain|Flamethrower|p2a: Archaludon\n|-damage|p2a: Archaludon|34/100\n|-ability|p2a: Archaludon|Stamina|boost\n|-boost|p2a: Archaludon|def|1\n|\n|-weather|Snowscape|[upkeep]\n|-heal|p2a: Archaludon|40/100|[from] item: Leftovers\n|-damage|p2b: Kangaskhan|69/100 brn|[from] brn\n|upkeep\n|turn|3\n|inactive|BlackDasein has 30 seconds left.\n|\n|t:|1776125609\n|move|p2a: Archaludon|Protect|p2a: Archaludon\n|-singleturn|p2a: Archaludon|Protect\n|move|p1a: Scovillain|Rage Powder|p1a: Scovillain\n|-singleturn|p1a: Scovillain|move: Rage Powder\n|move|p1b: Ninetales|Blizzard|p2b: Kangaskhan|[spread] p2b\n|-activate|p2a: Archaludon|move: Protect\n|-damage|p2b: Kangaskhan|41/100 brn\n|move|p2b: Kangaskhan|Facade|p1a: Scovillain\n|-damage|p1a: Scovillain|0 fnt\n|faint|p1a: Scovillain\n|-hitcount|p1: Scovillain|1\n|\n|-weather|Snowscape|[upkeep]\n|-heal|p2a: Archaludon|46/100|[from] item: Leftovers\n|-damage|p2b: Kangaskhan|34/100 brn|[from] brn\n|upkeep\n|c|\u2606bonser|wtf\ud83d\ude02\n|inactive|bonser has 30 seconds left.\n|\n|t:|1776125636\n|switch|p1a: Garchomp|Garchomp, L50, M|100/100\n|turn|4\n|\n|t:|1776125646\n|switch|p2b: Sinistcha|Sinistcha, L50|100/100\n|-heal|p2a: Archaludon|71/100|[from] ability: Hospitality|[of] p2b: Sinistcha\n|move|p1a: Garchomp|Dragon Claw|p2a: Archaludon\n|-damage|p2a: Archaludon|48/100\n|-ability|p2a: Archaludon|Stamina|boost\n|-boost|p2a: Archaludon|def|1\n|move|p1b: Ninetales|Blizzard|p2b: Sinistcha|[spread] p2a,p2b\n|-supereffective|p2b: Sinistcha|1\n|-damage|p2a: Archaludon|12/100\n|-damage|p2b: Sinistcha|42/100\n|-ability|p2a: Archaludon|Stamina|boost\n|-boost|p2a: Archaludon|def|1\n|move|p2a: Archaludon|Draco Meteor|p1a: Garchomp|[miss]\n|-miss|p2a: Archaludon|p1a: Garchomp\n|\n|-weather|Snowscape|[upkeep]\n|-heal|p2a: Archaludon|18/100|[from] item: Leftovers\n|upkeep\n|turn|5\n|\n|t:|1776125669\n|switch|p2b: Arcanine|Arcanine, L50, M|100/100\n|-ability|p2b: Arcanine|Intimidate|boost\n|-unboost|p1a: Garchomp|atk|1\n|-unboost|p1b: Ninetales|atk|1\n|move|p2a: Archaludon|Protect|p2a: Archaludon\n|-singleturn|p2a: Archaludon|Protect\n|move|p1a: Garchomp|Dragon Claw|p2a: Archaludon\n|-activate|p2a: Archaludon|move: Protect\n|move|p1b: Ninetales|Blizzard|p2b: Arcanine|[spread] p2b\n|-activate|p2a: Archaludon|move: Protect\n|-resisted|p2b: Arcanine|1\n|-damage|p2b: Arcanine|87/100\n|\n|-weather|Snowscape|[upkeep]\n|-heal|p2a: Archaludon|24/100|[from] item: Leftovers\n|upkeep\n|turn|6\n|\n|t:|1776125692\n|switch|p1a: Rotom|Rotom-Wash, L50|100/100\n|switch|p2b: Sinistcha|Sinistcha, L50|42/100\n|-heal|p2a: Archaludon|48/100|[from] ability: Hospitality|[of] p2b: Sinistcha\n|move|p1b: Ninetales|Encore|p2a: Archaludon\n|-start|p2a: Archaludon|Encore\n|move|p2a: Archaludon|Protect||[still]\n|-fail|p2a: Archaludon\n|\n|-weather|none\n|-heal|p2a: Archaludon|54/100|[from] item: Leftovers\n|upkeep\n|turn|7\n|\n|t:|1776125715\n|move|p2a: Archaludon|Protect|p2a: Archaludon\n|-singleturn|p2a: Archaludon|Protect\n|move|p1b: Ninetales|Moonblast|p2b: Sinistcha\n|-damage|p2b: Sinistcha|10/100\n|move|p1a: Rotom|Volt Switch|p2b: Sinistcha\n|-resisted|p2b: Sinistcha|1\n|-damage|p2b: Sinistcha|0 fnt\n|faint|p2b: Sinistcha\n|\n|t:|1776125726\n|switch|p1a: Garchomp|Garchomp, L50, M|100/100|[from] Volt Switch\n|\n|-heal|p2a: Archaludon|60/100|[from] item: Leftovers\n|upkeep\n|\n|t:|1776125731\n|switch|p2b: Arcanine|Arcanine, L50, M|87/100\n|-ability|p2b: Arcanine|Intimidate|boost\n|-unboost|p1a: Garchomp|atk|1\n|-unboost|p1b: Ninetales|atk|1\n|turn|8\n|\n|t:|1776125742\n|switch|p1b: Rotom|Rotom-Wash, L50|100/100\n|move|p2a: Archaludon|Protect||[still]\n|-fail|p2a: Archaludon\n|move|p1a: Garchomp|Earthquake|p2a: Archaludon|[spread] p2a,p2b\n|-immune|p1b: Rotom|[from] ability: Levitate\n|-supereffective|p2a: Archaludon|1\n|-crit|p2a: Archaludon\n|-supereffective|p2b: Arcanine|1\n|-damage|p2a: Archaludon|0 fnt\n|-damage|p2b: Arcanine|31/100\n|-enditem|p2b: Arcanine|Sitrus Berry|[eat]\n|-heal|p2b: Arcanine|56/100|[from] item: Sitrus Berry\n|faint|p2a: Archaludon\n|move|p2b: Arcanine|Flare Blitz|p1b: Rotom\n|-resisted|p1b: Rotom|1\n|-damage|p1b: Rotom|75/100\n|-damage|p2b: Arcanine|50/100|[from] Recoil\n|\n|-heal|p1b: Rotom|81/100|[from] item: Leftovers\n|upkeep\n|\n|t:|1776125758\n|switch|p2a: Kangaskhan|Kangaskhan-Mega, L50, F|34/100 brn\n|turn|9\n|\n|t:|1776125768\n|switch|p1a: Ninetales|Ninetales-Alola, L50, F|100/100\n|-weather|Snowscape|[from] ability: Snow Warning|[of] p1a: Ninetales\n|move|p2a: Kangaskhan|Fake Out|p1a: Ninetales\n|-damage|p1a: Ninetales|90/100\n|-damage|p1a: Ninetales|88/100\n|-hitcount|p1a: Ninetales|2\n|move|p1b: Rotom|Volt Switch|p2b: Arcanine\n|-damage|p2b: Arcanine|25/100\n|\n|t:|1776125778\n|switch|p1b: Garchomp|Garchomp, L50, M|100/100|[from] Volt Switch\n|move|p2b: Arcanine|Snarl|p1a: Ninetales|[spread] p1a,p1b\n|-resisted|p1a: Ninetales|1\n|-damage|p1a: Ninetales|83/100\n|-damage|p1b: Garchomp|92/100\n|-unboost|p1a: Ninetales|spa|1\n|-unboost|p1b: Garchomp|spa|1\n|\n|-weather|Snowscape|[upkeep]\n|-damage|p2a: Kangaskhan|28/100 brn|[from] brn\n|upkeep\n|turn|10\n|\n|t:|1776125792\n|switch|p1a: Rotom|Rotom-Wash, L50|81/100\n|move|p1b: Garchomp|Earthquake|p2a: Kangaskhan|[spread] p2a,p2b\n|-immune|p1a: Rotom|[from] ability: Levitate\n|-supereffective|p2b: Arcanine|1\n|-damage|p2a: Kangaskhan|0 fnt\n|-damage|p2b: Arcanine|0 fnt\n|faint|p2a: Kangaskhan\n|faint|p2b: Arcanine\n|\n|win|bonser\n|raw|bonser's rating: 1109 &rarr; <strong>1139</strong><br />(+30 for winning)\n|raw|BlackDasein's rating: 1185 &rarr; <strong>1155</strong><br />(-30 for losing)\n",
  "uploadtime": 1776125804,
  "views": 13,
  "formatid": "gen9championsvgc2026regma",
  "rating": 1139,
  "private": 0,
  "password": null
}