{
  "id": "gen9championsvgc2026regma-2585214164",
  "format": "[Gen 9 Champions] VGC 2026 Reg M-A",
  "players": [
    "orionsayshi",
    "cenyzo"
  ],
  "log": "|j|\u2606orionsayshi\n|j|\u2606cenyzo\n|t:|1776325822\n|gametype|doubles\n|player|p1|orionsayshi|elesa|1096\n|player|p2|cenyzo|265|1120\n|gen|9\n|tier|[Gen 9 Champions] VGC 2026 Reg M-A\n|rated|\n|rule|Species Clause: Limit one of each Pok\u00e9mon\n|rule|Item Clause: Limit 1 of each item\n|clearpoke\n|poke|p1|Incineroar, L50, F|\n|poke|p1|Gengar, L50, F|\n|poke|p1|Sableye, L50, M|\n|poke|p1|Arcanine-Hisui, L50, F|\n|poke|p1|Bellibolt, L50, F|\n|poke|p1|Sinistcha, L50|\n|poke|p2|Pelipper, L50, M|\n|poke|p2|Archaludon, L50, M|\n|poke|p2|Dragonite, L50, F|\n|poke|p2|Sinistcha-Masterpiece, L50|\n|poke|p2|Incineroar, L50, F|\n|poke|p2|Basculegion, L50, M|\n|teampreview|4\ncenyzo rejected open team sheets.\n|inactive|Battle timer is ON: inactive players will automatically lose when time's up. (requested by orionsayshi)\n|\n|t:|1776325872\n|teamsize|p1|4\n|teamsize|p2|4\n|start\n|switch|p1a: Bellibolt|Bellibolt, L50, F|100/100\n|switch|p1b: Arcanine|Arcanine-Hisui, L50, F|100/100\n|switch|p2a: Misardina|Basculegion, L50, M|100/100\n|switch|p2b: gustavp|Pelipper, L50, M|100/100\n|-ability|p1b: Arcanine|Intimidate|boost\n|-unboost|p2a: Misardina|atk|1\n|-unboost|p2b: gustavp|atk|1\n|-weather|RainDance|[from] ability: Drizzle|[of] p2b: gustavp\n|turn|1\n|inactive|orionsayshi has 30 seconds left.\n|inactive|cenyzo has 30 seconds left.\n|\n|t:|1776325899\n|move|p2a: Misardina|Flip Turn|p1b: Arcanine\n|-supereffective|p1b: Arcanine|2\n|-damage|p1b: Arcanine|0 fnt\n|faint|p1b: Arcanine\n|\n|t:|1776325907\n|switch|p2a: Binladen|Archaludon, L50, M|100/100|[from] Flip Turn\n|move|p2b: gustavp|Tailwind|p2b: gustavp\n|-sidestart|p2: cenyzo|move: Tailwind\n|move|p1a: Bellibolt|Parabolic Charge|p2b: gustavp|[spread] p2a,p2b\n|-resisted|p2a: Binladen|1\n|-supereffective|p2b: gustavp|2\n|-damage|p2a: Binladen|89/100\n|-enditem|p2b: gustavp|Focus Sash\n|-damage|p2b: gustavp|1/100\n|-ability|p2a: Binladen|Stamina|boost\n|-boost|p2a: Binladen|def|1\n|\n|-weather|RainDance|[upkeep]\n|-heal|p2a: Binladen|95/100|[from] item: Leftovers\n|upkeep\n|\n|t:|1776325914\n|switch|p1b: Incineroar|Incineroar, L50, F|100/100\n|-ability|p1b: Incineroar|Intimidate|boost\n|-unboost|p2a: Binladen|atk|1\n|-unboost|p2b: gustavp|atk|1\n|turn|2\n|\n|t:|1776325932\n|move|p2b: gustavp|Wide Guard|p2b: gustavp\n|-singleturn|p2b: gustavp|Wide Guard\n|move|p1b: Incineroar|Fake Out|p2b: gustavp\n|-damage|p2b: gustavp|0 fnt\n|faint|p2b: gustavp\n|move|p2a: Binladen|Electro Shot||[still]\n|-prepare|p2a: Binladen|Electro Shot\n|-boost|p2a: Binladen|spa|1\n|-anim|p2a: Binladen|Electro Shot|p1b: Incineroar\n|-damage|p1b: Incineroar|53/100\n|move|p1a: Bellibolt|Eerie Impulse|p2a: Binladen\n|-unboost|p2a: Binladen|spa|2\n|\n|-weather|RainDance|[upkeep]\n|-heal|p2a: Binladen|100/100|[from] item: Leftovers\n|upkeep\n|inactive|cenyzo has 30 seconds left.\n|\n|t:|1776325962\n|switch|p2b: Misardina|Basculegion, L50, M|100/100\n|turn|3\n|\n|t:|1776325975\n|move|p2b: Misardina|Last Respects|p1a: Bellibolt\n|-damage|p1a: Bellibolt|59/100\n|-start|p1a: Bellibolt|Charge|Last Respects|[from] ability: Electromorphosis\n|move|p2a: Binladen|Electro Shot||[still]\n|-prepare|p2a: Binladen|Electro Shot\n|-boost|p2a: Binladen|spa|1\n|-anim|p2a: Binladen|Electro Shot|p1a: Bellibolt\n|-resisted|p1a: Bellibolt|1\n|-damage|p1a: Bellibolt|44/100\n|-start|p1a: Bellibolt|Charge|Electro Shot|[from] ability: Electromorphosis\n|move|p1b: Incineroar|Parting Shot|p2a: Binladen\n|-unboost|p2a: Binladen|atk|1\n|-unboost|p2a: Binladen|spa|1\n|\n|t:|1776325988\n|switch|p1b: Gengar|Gengar, L50, F|100/100|[from] Parting Shot\n|move|p1a: Bellibolt|Parabolic Charge|p2b: Misardina|[spread] p1b,p2a,p2b\n|-resisted|p2a: Binladen|1\n|-supereffective|p2b: Misardina|1\n|-damage|p1b: Gengar|33/100\n|-heal|p1a: Bellibolt|69/100|[from] drain|[of] p1b: Gengar\n|-damage|p2a: Binladen|78/100\n|-heal|p1a: Bellibolt|79/100|[from] drain|[of] p2a: Binladen\n|-damage|p2b: Misardina|0 fnt\n|-heal|p1a: Bellibolt|100/100|[from] drain|[of] p2b: Misardina\n|-ability|p2a: Binladen|Stamina|boost\n|-boost|p2a: Binladen|def|1\n|faint|p2b: Misardina\n|-end|p1a: Bellibolt|Charge|[silent]\n|\n|-weather|RainDance|[upkeep]\n|-heal|p2a: Binladen|84/100|[from] item: Leftovers\n|upkeep\n|c|\u2606orionsayshi|bellibolt\n|\n|t:|1776326004\n|switch|p2b: manolo|Dragonite, L50, F|100/100\n|turn|4\n|\n|t:|1776326023\n|detailschange|p2b: manolo|Dragonite-Mega, L50, F\n|-mega|p2b: manolo|Dragonite|Dragoninite\n|detailschange|p1b: Gengar|Gengar-Mega, L50, F\n|-mega|p1b: Gengar|Gengar|Gengarite\n|move|p2b: manolo|Dragon Pulse|p1a: Bellibolt\n|-damage|p1a: Bellibolt|56/100\n|-start|p1a: Bellibolt|Charge|Dragon Pulse|[from] ability: Electromorphosis\n|move|p2a: Binladen|Electro Shot||[still]\n|-prepare|p2a: Binladen|Electro Shot\n|-boost|p2a: Binladen|spa|1\n|-anim|p2a: Binladen|Electro Shot|p1b: Gengar\n|-damage|p1b: Gengar|0 fnt\n|faint|p1b: Gengar\n|move|p1a: Bellibolt|Eerie Impulse|p2b: manolo\n|-unboost|p2b: manolo|spa|2\n|-end|p1a: Bellibolt|Charge|[silent]\n|\n|-weather|RainDance|[upkeep]\n|-heal|p2a: Binladen|91/100|[from] item: Leftovers\n|-heal|p1a: Bellibolt|62/100|[from] item: Leftovers\n|-sideend|p2: cenyzo|move: Tailwind\n|upkeep\n|\n|t:|1776326039\n|switch|p1b: Incineroar|Incineroar, L50, F|53/100\n|-ability|p1b: Incineroar|Intimidate|boost\n|-unboost|p2a: Binladen|atk|1\n|-unboost|p2b: manolo|atk|1\n|turn|5\n|\n|t:|1776326062\n|move|p2b: manolo|Protect|p2b: manolo\n|-singleturn|p2b: manolo|Protect\n|move|p1b: Incineroar|Fake Out|p2a: Binladen\n|-resisted|p2a: Binladen|1\n|-damage|p2a: Binladen|88/100\n|-ability|p2a: Binladen|Stamina|boost\n|-boost|p2a: Binladen|def|1\n|cant|p2a: Binladen|flinch\n|move|p1a: Bellibolt|Parabolic Charge|p2b: manolo|[spread] p1b,p2a\n|-activate|p2b: manolo|move: Protect\n|-resisted|p2a: Binladen|1\n|-crit|p2a: Binladen\n|-damage|p1b: Incineroar|31/100\n|-heal|p1a: Bellibolt|73/100|[from] drain|[of] p1b: Incineroar\n|-damage|p2a: Binladen|70/100\n|-heal|p1a: Bellibolt|81/100|[from] drain|[of] p2a: Binladen\n|-ability|p2a: Binladen|Stamina|boost\n|-boost|p2a: Binladen|def|1\n|\n|-weather|none\n|-heal|p2a: Binladen|76/100|[from] item: Leftovers\n|-heal|p1a: Bellibolt|87/100|[from] item: Leftovers\n|upkeep\n|turn|6\n|inactive|cenyzo has 30 seconds left.\n|\n|t:|1776326097\n|move|p2a: Binladen|Protect|p2a: Binladen\n|-singleturn|p2a: Binladen|Protect\n|move|p2b: manolo|Dragon Pulse|p1b: Incineroar\n|-damage|p1b: Incineroar|8/100\n|move|p1b: Incineroar|Parting Shot|p2a: Binladen\n|-activate|p2a: Binladen|move: Protect\n|move|p1a: Bellibolt|Parabolic Charge|p2b: manolo|[spread] p1b,p2b\n|-activate|p2a: Binladen|move: Protect\n|-damage|p1b: Incineroar|0 fnt\n|-heal|p1a: Bellibolt|90/100|[from] drain|[of] p1b: Incineroar\n|-damage|p2b: manolo|91/100\n|-heal|p1a: Bellibolt|94/100|[from] drain|[of] p2b: manolo\n|faint|p1b: Incineroar\n|\n|-heal|p2a: Binladen|82/100|[from] item: Leftovers\n|-heal|p1a: Bellibolt|99/100|[from] item: Leftovers\n|upkeep\n|turn|7\n|inactive|orionsayshi has 30 seconds left.\n|inactive|cenyzo has 30 seconds left.\n|\n|t:|1776326124\n|move|p2b: manolo|Dragon Pulse|p1a: Bellibolt\n|-damage|p1a: Bellibolt|79/100\n|-start|p1a: Bellibolt|Charge|Dragon Pulse|[from] ability: Electromorphosis\n|move|p2a: Binladen|Aura Sphere|p1a: Bellibolt\n|-damage|p1a: Bellibolt|59/100\n|-start|p1a: Bellibolt|Charge|Aura Sphere|[from] ability: Electromorphosis\n|move|p1a: Bellibolt|Parabolic Charge|p2b: manolo|[spread] p2a,p2b\n|-resisted|p2a: Binladen|1\n|-damage|p2a: Binladen|61/100\n|-heal|p1a: Bellibolt|69/100|[from] drain|[of] p2a: Binladen\n|-damage|p2b: manolo|52/100\n|-heal|p1a: Bellibolt|84/100|[from] drain|[of] p2b: manolo\n|-ability|p2a: Binladen|Stamina|boost\n|-boost|p2a: Binladen|def|1\n|-end|p1a: Bellibolt|Charge|[silent]\n|\n|-heal|p2a: Binladen|67/100|[from] item: Leftovers\n|-heal|p1a: Bellibolt|90/100|[from] item: Leftovers\n|upkeep\n|turn|8\n|\n|t:|1776326148\n|move|p2b: manolo|Protect|p2b: manolo\n|-singleturn|p2b: manolo|Protect\n|move|p2a: Binladen|Aura Sphere|p1a: Bellibolt\n|-damage|p1a: Bellibolt|71/100\n|-start|p1a: Bellibolt|Charge|Aura Sphere|[from] ability: Electromorphosis\n|move|p1a: Bellibolt|Eerie Impulse|p2a: Binladen\n|-unboost|p2a: Binladen|spa|2\n|-end|p1a: Bellibolt|Charge|[silent]\n|\n|-heal|p2a: Binladen|73/100|[from] item: Leftovers\n|-heal|p1a: Bellibolt|77/100|[from] item: Leftovers\n|upkeep\n|turn|9\n|c|\u2606cenyzo|why is bellibolt so strong?\n|\n|t:|1776326163\n|move|p2a: Binladen|Protect|p2a: Binladen\n|-singleturn|p2a: Binladen|Protect\n|move|p2b: manolo|Dragon Pulse|p1a: Bellibolt\n|-damage|p1a: Bellibolt|53/100\n|-start|p1a: Bellibolt|Charge|Dragon Pulse|[from] ability: Electromorphosis\n|move|p1a: Bellibolt|Parabolic Charge|p2b: manolo|[spread] p2b\n|-activate|p2a: Binladen|move: Protect\n|-damage|p2b: manolo|12/100\n|-heal|p1a: Bellibolt|69/100|[from] drain|[of] p2b: manolo\n|-end|p1a: Bellibolt|Charge|[silent]\n|\n|-heal|p2a: Binladen|79/100|[from] item: Leftovers\n|-heal|p1a: Bellibolt|75/100|[from] item: Leftovers\n|upkeep\n|turn|10\n|c|\u2606orionsayshi|ill be honest i dont know\n|\n|t:|1776326179\n|move|p2b: manolo|Dragon Pulse|p1a: Bellibolt\n|-damage|p1a: Bellibolt|52/100\n|-start|p1a: Bellibolt|Charge|Dragon Pulse|[from] ability: Electromorphosis\n|move|p2a: Binladen|Aura Sphere|p1a: Bellibolt\n|-damage|p1a: Bellibolt|43/100\n|-start|p1a: Bellibolt|Charge|Aura Sphere|[from] ability: Electromorphosis\n|move|p1a: Bellibolt|Parabolic Charge|p2b: manolo|[spread] p2a,p2b\n|-resisted|p2a: Binladen|1\n|-damage|p2a: Binladen|54/100\n|-heal|p1a: Bellibolt|53/100|[from] drain|[of] p2a: Binladen\n|-damage|p2b: manolo|0 fnt\n|-heal|p1a: Bellibolt|58/100|[from] drain|[of] p2b: manolo\n|-ability|p2a: Binladen|Stamina|boost\n|-boost|p2a: Binladen|def|1\n|faint|p2b: manolo\n|-end|p1a: Bellibolt|Charge|[silent]\n|\n|-heal|p2a: Binladen|60/100|[from] item: Leftovers\n|-heal|p1a: Bellibolt|64/100|[from] item: Leftovers\n|upkeep\n|turn|11\n|\n|t:|1776326198\n|move|p2a: Binladen|Aura Sphere|p1a: Bellibolt\n|-damage|p1a: Bellibolt|54/100\n|-start|p1a: Bellibolt|Charge|Aura Sphere|[from] ability: Electromorphosis\n|move|p1a: Bellibolt|Eerie Impulse|p2a: Binladen\n|-unboost|p2a: Binladen|spa|2\n|-end|p1a: Bellibolt|Charge|[silent]\n|\n|-heal|p2a: Binladen|66/100|[from] item: Leftovers\n|-heal|p1a: Bellibolt|60/100|[from] item: Leftovers\n|upkeep\n|turn|12\n|c|\u2606orionsayshi|i almost dont even use the rest of my team i just use bellibolt now\n|c|\u2606cenyzo|please give bodypress back to archaludon\n|inactive|cenyzo has 30 seconds left.\n|c|\u2606cenyzo|I woould to\n|\n|t:|1776326232\n|move|p2a: Binladen|Aura Sphere|p1a: Bellibolt\n|-damage|p1a: Bellibolt|53/100\n|-start|p1a: Bellibolt|Charge|Aura Sphere|[from] ability: Electromorphosis\n|move|p1a: Bellibolt|Parabolic Charge|p2a: Binladen\n|-resisted|p2a: Binladen|1\n|-damage|p2a: Binladen|34/100\n|-heal|p1a: Bellibolt|67/100|[from] drain|[of] p2a: Binladen\n|-end|p1a: Bellibolt|Charge|[silent]\n|\n|-heal|p2a: Binladen|40/100|[from] item: Leftovers\n|-heal|p1a: Bellibolt|73/100|[from] item: Leftovers\n|upkeep\n|turn|13\n|\n|t:|1776326245\n|move|p2a: Binladen|Aura Sphere|p1a: Bellibolt\n|-damage|p1a: Bellibolt|67/100\n|-start|p1a: Bellibolt|Charge|Aura Sphere|[from] ability: Electromorphosis\n|move|p1a: Bellibolt|Parabolic Charge|p2a: Binladen\n|-resisted|p2a: Binladen|1\n|-damage|p2a: Binladen|12/100\n|-heal|p1a: Bellibolt|79/100|[from] drain|[of] p2a: Binladen\n|-end|p1a: Bellibolt|Charge|[silent]\n|\n|-heal|p2a: Binladen|18/100|[from] item: Leftovers\n|-heal|p1a: Bellibolt|85/100|[from] item: Leftovers\n|upkeep\n|turn|14\n|c|\u2606orionsayshi|it does >50% to mega aggron\n|\n|t:|1776326261\n|move|p2a: Binladen|Flash Cannon|p1a: Bellibolt\n|-resisted|p1a: Bellibolt|1\n|-damage|p1a: Bellibolt|80/100\n|-start|p1a: Bellibolt|Charge|Flash Cannon|[from] ability: Electromorphosis\n|move|p1a: Bellibolt|Parabolic Charge|p2a: Binladen\n|-resisted|p2a: Binladen|1\n|-damage|p2a: Binladen|0 fnt\n|-heal|p1a: Bellibolt|87/100|[from] drain|[of] p2a: Binladen\n|faint|p2a: Binladen\n|-end|p1a: Bellibolt|Charge|[silent]\n|\n|win|orionsayshi\n|raw|orionsayshi's rating: 1096 &rarr; <strong>1123</strong><br />(+27 for winning)\n|raw|cenyzo's rating: 1120 &rarr; <strong>1093</strong><br />(-27 for losing)\n",
  "uploadtime": 1776326268,
  "views": 58,
  "formatid": "gen9championsvgc2026regma",
  "rating": 1093,
  "private": 0,
  "password": null
}