{
  "id": "gen9championsvgc2026regma-2584410428",
  "format": "[Gen 9 Champions] VGC 2026 Reg M-A",
  "players": [
    "ljudd",
    "RandumbDragoon"
  ],
  "log": "|j|\u2606ljudd\n|j|\u2606RandumbDragoon\n|t:|1776258885\n|gametype|doubles\n|player|p1|ljudd|2|1032\n|player|p2|RandumbDragoon|caitlin|1065\n|gen|9\n|tier|[Gen 9 Champions] VGC 2026 Reg M-A\n|rated|\n|rule|Species Clause: Limit one of each Pok\u00e9mon\n|rule|Item Clause: Limit 1 of each item\n|clearpoke\n|poke|p1|Feraligatr, L50, M|\n|poke|p1|Whimsicott, L50, F|\n|poke|p1|Excadrill, L50, M|\n|poke|p1|Froslass, L50, F|\n|poke|p1|Volcarona, L50, F|\n|poke|p1|Zoroark-Hisui, L50, M|\n|poke|p2|Gengar, L50, F|\n|poke|p2|Sinistcha, L50|\n|poke|p2|Incineroar, L50, M|\n|poke|p2|Sneasler, L50, F|\n|poke|p2|Blastoise, L50, M|\n|poke|p2|Orthworm, L50, M|\n|teampreview|4\n|\n|t:|1776258908\n|teamsize|p1|4\n|teamsize|p2|4\n|start\n|switch|p1a: Whimsicott|Whimsicott, L50, F|100/100\n|switch|p1b: Gummigoo|Feraligatr, L50, M|100/100\n|switch|p2a: mass murderer|Orthworm, L50, M|100/100\n|switch|p2b: ze cat|Incineroar, L50, M|100/100\n|-ability|p2b: ze cat|Intimidate|boost\n|-unboost|p1a: Whimsicott|atk|1\n|-unboost|p1b: Gummigoo|atk|1\n|turn|1\n|\n|t:|1776258934\n|detailschange|p1b: Gummigoo|Feraligatr-Mega, L50, M\n|-mega|p1b: Gummigoo|Feraligatr|Feraligite\n|move|p2b: ze cat|Fake Out|p1b: Gummigoo\n|-damage|p1b: Gummigoo|91/100\n|move|p1a: Whimsicott|Tailwind|p1a: Whimsicott\n|-sidestart|p1: ljudd|move: Tailwind\n|cant|p1b: Gummigoo|flinch\n|move|p2a: mass murderer|Shed Tail|p2a: mass murderer\n|-start|p2a: mass murderer|Substitute|[from] move: Shed Tail\n|-damage|p2a: mass murderer|50/100\n|-enditem|p2a: mass murderer|Sitrus Berry|[eat]\n|-heal|p2a: mass murderer|75/100|[from] item: Sitrus Berry\n|\n|t:|1776258944\n|switch|p2a: shellgun man|Blastoise, L50, M|100/100|[from] Shed Tail\n|\n|upkeep\n|turn|2\n|\n|t:|1776258952\n|move|p2a: shellgun man|Protect|p2a: shellgun man\n|-singleturn|p2a: shellgun man|Protect\n|move|p1a: Whimsicott|Dazzling Gleam|p2a: shellgun man|[spread] p2b\n|-activate|p2a: shellgun man|move: Protect\n|-damage|p2b: ze cat|83/100\n|move|p1b: Gummigoo|Double-Edge|p2a: shellgun man\n|-activate|p2a: shellgun man|move: Protect\n|move|p2b: ze cat|Parting Shot|p1b: Gummigoo\n|-unboost|p1b: Gummigoo|atk|1\n|-unboost|p1b: Gummigoo|spa|1\n|\n|t:|1776258960\n|switch|p2b: wabisabi|Sinistcha, L50|100/100|[from] Parting Shot\n|\n|upkeep\n|turn|3\n|\n|t:|1776258973\n|switch|p1b: Volcarona|Volcarona, L50, F|100/100\n|detailschange|p2a: shellgun man|Blastoise-Mega, L50, M\n|-mega|p2a: shellgun man|Blastoise|Blastoisinite\n|move|p2b: wabisabi|Rage Powder|p2b: wabisabi\n|-singleturn|p2b: wabisabi|move: Rage Powder\n|move|p1a: Whimsicott|Dazzling Gleam|p2b: wabisabi|[spread] p2a,p2b\n|-activate|p2a: shellgun man|move: Substitute|[damage]\n|-damage|p2b: wabisabi|74/100\n|move|p2a: shellgun man|Shell Smash|p2a: shellgun man\n|-unboost|p2a: shellgun man|def|1\n|-unboost|p2a: shellgun man|spd|1\n|-boost|p2a: shellgun man|atk|2\n|-boost|p2a: shellgun man|spa|2\n|-boost|p2a: shellgun man|spe|2\n|\n|upkeep\n|turn|4\n|\n|t:|1776259002\n|move|p2b: wabisabi|Rage Powder|p2b: wabisabi\n|-singleturn|p2b: wabisabi|move: Rage Powder\n|move|p1b: Volcarona|Dark Pulse|p2b: wabisabi\n|-supereffective|p2b: wabisabi|1\n|-damage|p2b: wabisabi|20/100\n|move|p1a: Whimsicott|Dazzling Gleam|p2b: wabisabi|[spread] p2a,p2b\n|-end|p2a: shellgun man|Substitute\n|-damage|p2b: wabisabi|0 fnt\n|faint|p2b: wabisabi\n|move|p2a: shellgun man|Shell Smash|p2a: shellgun man\n|-unboost|p2a: shellgun man|def|1\n|-unboost|p2a: shellgun man|spd|1\n|-boost|p2a: shellgun man|atk|2\n|-boost|p2a: shellgun man|spa|2\n|-boost|p2a: shellgun man|spe|2\n|\n|-sideend|p1: ljudd|move: Tailwind\n|upkeep\n|\n|t:|1776259013\n|switch|p2b: ze cat|Incineroar, L50, M|83/100\n|-ability|p2b: ze cat|Intimidate|boost\n|-unboost|p1a: Whimsicott|atk|1\n|-unboost|p1b: Volcarona|atk|1\n|turn|5\n|l|\u2606ljudd\n|player|p1|\n|inactive|Battle timer is ON: inactive players will automatically lose when time's up. (requested by RandumbDragoon)\n|inactive|ljudd has 30 seconds to reconnect!\n|inactive|ljudd has 20 seconds to reconnect!\n|inactive|ljudd has 15 seconds to reconnect!\n|inactive|ljudd has 10 seconds to reconnect!\n|inactive|ljudd has 5 seconds to reconnect!\n|-message|ljudd lost due to inactivity.\n|\n|win|RandumbDragoon\n|raw|ljudd's rating: 1032 &rarr; <strong>1019</strong><br />(-13 for losing)\n|raw|RandumbDragoon's rating: 1065 &rarr; <strong>1092</strong><br />(+27 for winning)\n|c|\u2606RandumbDragoon|that's all folks!\n",
  "uploadtime": 1776259099,
  "views": 25,
  "formatid": "gen9championsvgc2026regma",
  "rating": 1019,
  "private": 0,
  "password": null
}