{
  "id": "gen9championsvgc2026regma-2582895200",
  "format": "[Gen 9 Champions] VGC 2026 Reg M-A",
  "players": [
    "It'sJustKen VGC",
    "nermalmal12"
  ],
  "log": "|j|\u2606It'sJustKen VGC\n|j|\u2606nermalmal12\n|t:|1776122846\n|gametype|doubles\n|player|p1|It'sJustKen VGC|169|1078\n|player|p2|nermalmal12|101|1070\n|gen|9\n|tier|[Gen 9 Champions] VGC 2026 Reg M-A\n|rated|\n|rule|Species Clause: Limit one of each Pok\u00e9mon\n|rule|Item Clause: Limit 1 of each item\n|clearpoke\n|poke|p1|Kingambit, L50, M|\n|poke|p1|Clefable, L50, F|\n|poke|p1|Chimecho, L50, F|\n|poke|p1|Golurk, L50|\n|poke|p1|Rotom-Wash, L50|\n|poke|p1|Hawlucha, L50, F|\n|poke|p2|Houndoom, L50, M|\n|poke|p2|Venusaur, L50, F|\n|poke|p2|Talonflame, L50, M|\n|poke|p2|Rotom-Wash, L50|\n|poke|p2|Toxapex, L50, M|\n|poke|p2|Ninetales, L50, F|\n|teampreview|4\n|inactive|Battle timer is ON: inactive players will automatically lose when time's up. (requested by It'sJustKen VGC)\n|\n|t:|1776122861\n|teamsize|p1|4\n|teamsize|p2|4\n|start\n|switch|p1a: Supportive Friend|Hawlucha, L50, F|100/100\n|switch|p1b: Pet|Rotom-Wash, L50|100/100\n|switch|p2a: Houndoom|Houndoom, L50, M|100/100\n|switch|p2b: Rotom|Rotom-Wash, L50|100/100\n|-ability|p1a: Supportive Friend|Mold Breaker\n|turn|1\n|\n|t:|1776122877\n|detailschange|p1a: Supportive Friend|Hawlucha-Mega, L50, F\n|-mega|p1a: Supportive Friend|Hawlucha|Hawluchanite\n|detailschange|p2a: Houndoom|Houndoom-Mega, L50, M\n|-mega|p2a: Houndoom|Houndoom|Houndoominite\n|move|p2a: Houndoom|Protect|p2a: Houndoom\n|-singleturn|p2a: Houndoom|Protect\n|move|p1b: Pet|Volt Switch|p2a: Houndoom\n|-activate|p2a: Houndoom|move: Protect\n|move|p1a: Supportive Friend|Entrainment|p1b: Pet\n|-ability|p1b: Pet|No Guard|Levitate|[from] move: Entrainment|[of] p1a: Supportive Friend\n|move|p2b: Rotom|Electroweb|p1a: Supportive Friend|[spread] p1a,p1b\n|-supereffective|p1a: Supportive Friend|1\n|-damage|p1a: Supportive Friend|64/100\n|-damage|p1b: Pet|82/100\n|-unboost|p1a: Supportive Friend|spe|1\n|-unboost|p1b: Pet|spe|1\n|\n|upkeep\n|turn|2\n|\n|t:|1776122895\n|switch|p1a: Main Character|Clefable, L50, F, shiny|100/100\n|move|p2a: Houndoom|Heat Wave|p1a: Main Character|[spread] p1a,p1b\n|-resisted|p1b: Pet|1\n|-damage|p1a: Main Character|63/100\n|-damage|p1b: Pet|56/100\n|move|p1b: Pet|Volt Switch|p2a: Houndoom\n|-damage|p2a: Houndoom|60/100\n|\n|t:|1776122901\n|switch|p1b: Supportive Friend|Hawlucha-Mega, L50, F|64/100|[from] Volt Switch\n|move|p2b: Rotom|Electroweb|p1a: Main Character|[spread] p1a,p1b\n|-supereffective|p1b: Supportive Friend|1\n|-damage|p1a: Main Character|51/100\n|-damage|p1b: Supportive Friend|28/100\n|-unboost|p1a: Main Character|spe|1\n|-unboost|p1b: Supportive Friend|spe|1\n|\n|-heal|p1a: Main Character|57/100|[from] item: Leftovers\n|upkeep\n|turn|3\n|\n|t:|1776122913\n|switch|p1b: Pet|Rotom-Wash, L50|56/100\n|move|p1a: Main Character|Protect|p1a: Main Character\n|-singleturn|p1a: Main Character|Protect\n|move|p2a: Houndoom|Heat Wave|p1b: Pet|[spread] p1b\n|-activate|p1a: Main Character|move: Protect\n|-resisted|p1b: Pet|1\n|-damage|p1b: Pet|28/100\n|-status|p1b: Pet|brn\n|move|p2b: Rotom|Hydro Pump|p1a: Main Character\n|-activate|p1a: Main Character|move: Protect\n|\n|-heal|p1a: Main Character|63/100|[from] item: Leftovers\n|-damage|p1b: Pet|23/100 brn|[from] brn\n|upkeep\n|turn|4\n|\n|t:|1776122924\n|move|p2a: Houndoom|Protect|p2a: Houndoom\n|-singleturn|p2a: Houndoom|Protect\n|move|p1b: Pet|Hydro Pump|p2a: Houndoom\n|-activate|p2a: Houndoom|move: Protect\n|move|p2b: Rotom|Electroweb|p1b: Pet|[spread] p1a,p1b\n|-damage|p1a: Main Character|51/100\n|-damage|p1b: Pet|1/100 brn\n|-unboost|p1a: Main Character|spe|1\n|-unboost|p1b: Pet|spe|1\n|move|p1a: Main Character|Life Dew|p1a: Main Character|[spread] p1a,p1b\n|-heal|p1a: Main Character|76/100\n|-heal|p1b: Pet|26/100 brn\n|\n|-heal|p1a: Main Character|82/100|[from] item: Leftovers\n|-damage|p1b: Pet|21/100 brn|[from] brn\n|upkeep\n|turn|5\n|\n|t:|1776122942\n|move|p2a: Houndoom|Heat Wave|p1a: Main Character|[spread] p1a,p1b\n|-resisted|p1b: Pet|1\n|-damage|p1a: Main Character|45/100\n|-damage|p1b: Pet|0 fnt\n|-status|p1a: Main Character|brn\n|faint|p1b: Pet\n|move|p2b: Rotom|Hydro Pump|p1a: Main Character\n|-damage|p1a: Main Character|13/100 brn\n|move|p1a: Main Character|Life Dew|p1a: Main Character\n|-heal|p1a: Main Character|39/100 brn\n|\n|-heal|p1a: Main Character|45/100 brn|[from] item: Leftovers\n|-damage|p1a: Main Character|39/100 brn|[from] brn\n|upkeep\n|\n|t:|1776122948\n|switch|p1b: Supportive Friend|Hawlucha-Mega, L50, F|28/100\n|turn|6\n|\n|t:|1776122957\n|switch|p1a: The Final Boss|Kingambit, L50, M|100/100\n|move|p2a: Houndoom|Protect|p2a: Houndoom\n|-singleturn|p2a: Houndoom|Protect\n|move|p1b: Supportive Friend|Entrainment|p1a: The Final Boss\n|-ability|p1a: The Final Boss|No Guard|Defiant|[from] move: Entrainment|[of] p1b: Supportive Friend\n|move|p2b: Rotom|Electroweb|p1b: Supportive Friend|[spread] p1a,p1b\n|-supereffective|p1b: Supportive Friend|1\n|-crit|p1b: Supportive Friend\n|-damage|p1a: The Final Boss|89/100\n|-damage|p1b: Supportive Friend|0 fnt\n|-unboost|p1a: The Final Boss|spe|1\n|faint|p1b: Supportive Friend\n|\n|upkeep\n|\n|t:|1776122961\n|switch|p1b: Main Character|Clefable, L50, F, shiny|39/100 brn\n|turn|7\n|\n|t:|1776122971\n|move|p2a: Houndoom|Protect||[still]\n|-fail|p2a: Houndoom\n|move|p2b: Rotom|Will-O-Wisp|p1a: The Final Boss\n|-status|p1a: The Final Boss|brn\n|move|p1b: Main Character|Life Dew|p1b: Main Character|[spread] p1a,p1b\n|-heal|p1a: The Final Boss|100/100 brn\n|-heal|p1b: Main Character|64/100 brn\n|move|p1a: The Final Boss|Guillotine|p2a: Houndoom\n|-damage|p2a: Houndoom|0 fnt\n|faint|p2a: Houndoom\n|-ohko\n|\n|-heal|p1b: Main Character|70/100 brn|[from] item: Leftovers\n|-damage|p1b: Main Character|64/100 brn|[from] brn\n|-damage|p1a: The Final Boss|94/100 brn|[from] brn\n|upkeep\n|\n|t:|1776122982\n|switch|p2a: Ninetales|Ninetales, L50, F|100/100\n|-weather|SunnyDay|[from] ability: Drought|[of] p2a: Ninetales\n|turn|8\n|\n|t:|1776123003\n|move|p2a: Ninetales|Heat Wave|p1b: Main Character|[spread] p1a,p1b\n|-supereffective|p1a: The Final Boss|1\n|-damage|p1a: The Final Boss|31/100 brn\n|-damage|p1b: Main Character|28/100 brn\n|-enditem|p1a: The Final Boss|Sitrus Berry|[eat]\n|-heal|p1a: The Final Boss|56/100 brn|[from] item: Sitrus Berry\n|move|p2b: Rotom|Electroweb|p1b: Main Character|[spread] p1a,p1b\n|-damage|p1a: The Final Boss|44/100 brn\n|-damage|p1b: Main Character|16/100 brn\n|-unboost|p1a: The Final Boss|spe|1\n|-unboost|p1b: Main Character|spe|1\n|move|p1b: Main Character|Life Dew|p1b: Main Character|[spread] p1a,p1b\n|-heal|p1a: The Final Boss|69/100 brn\n|-heal|p1b: Main Character|42/100 brn\n|move|p1a: The Final Boss|Guillotine|p2a: Ninetales\n|-enditem|p2a: Ninetales|Focus Sash\n|-damage|p2a: Ninetales|1/100\n|\n|-weather|SunnyDay|[upkeep]\n|-heal|p1b: Main Character|48/100 brn|[from] item: Leftovers\n|-damage|p1b: Main Character|42/100 brn|[from] brn\n|-damage|p1a: The Final Boss|63/100 brn|[from] brn\n|upkeep\n|turn|9\n|\n|t:|1776123021\n|move|p1a: The Final Boss|Sucker Punch|p2a: Ninetales\n|-damage|p2a: Ninetales|0 fnt\n|faint|p2a: Ninetales\n|move|p2b: Rotom|Electroweb|p1a: The Final Boss|[spread] p1a,p1b\n|-damage|p1a: The Final Boss|51/100 brn\n|-damage|p1b: Main Character|28/100 brn\n|-unboost|p1a: The Final Boss|spe|1\n|-unboost|p1b: Main Character|spe|1\n|move|p1b: Main Character|Life Dew|p1b: Main Character|[spread] p1a,p1b\n|-heal|p1a: The Final Boss|76/100 brn\n|-heal|p1b: Main Character|53/100 brn\n|\n|-weather|SunnyDay|[upkeep]\n|-heal|p1b: Main Character|59/100 brn|[from] item: Leftovers\n|-damage|p1b: Main Character|53/100 brn|[from] brn\n|-damage|p1a: The Final Boss|70/100 brn|[from] brn\n|upkeep\n|\n|t:|1776123023\n|switch|p2a: Venusaur|Venusaur, L50, F|100/100\n|turn|10\n|\n|t:|1776123033\n|move|p1b: Main Character|Protect|p1b: Main Character\n|-singleturn|p1b: Main Character|Protect\n|move|p2a: Venusaur|Weather Ball|p1a: The Final Boss\n|-supereffective|p1a: The Final Boss|1\n|-damage|p1a: The Final Boss|0 fnt\n|faint|p1a: The Final Boss\n|move|p2b: Rotom|Hydro Pump|p1b: Main Character\n|-activate|p1b: Main Character|move: Protect\n|\n|-weather|SunnyDay|[upkeep]\n|-heal|p1b: Main Character|59/100 brn|[from] item: Leftovers\n|-damage|p1b: Main Character|53/100 brn|[from] brn\n|upkeep\n|turn|11\n|-message|It'sJustKen VGC forfeited.\n|\n|win|nermalmal12\n|raw|It&apos;sJustKen VGC's rating: 1078 &rarr; <strong>1056</strong><br />(-22 for losing)\n|raw|nermalmal12's rating: 1070 &rarr; <strong>1100</strong><br />(+30 for winning)\n",
  "uploadtime": 1776123041,
  "views": 11,
  "formatid": "gen9championsvgc2026regma",
  "rating": 1056,
  "private": 0,
  "password": null
}