{
  "id": "gen9championsvgc2026regma-2584311200",
  "format": "[Gen 9 Champions] VGC 2026 Reg M-A",
  "players": [
    "dylvgc",
    "Merky9999"
  ],
  "log": "|j|\u2606dylvgc\n|j|\u2606Merky9999\n|t:|1776249950\n|gametype|doubles\n|player|p1|dylvgc|lida|1136\n|player|p2|Merky9999|169|1056\n|gen|9\n|tier|[Gen 9 Champions] VGC 2026 Reg M-A\n|rated|\n|rule|Species Clause: Limit one of each Pok\u00e9mon\n|rule|Item Clause: Limit 1 of each item\n|clearpoke\n|poke|p1|Clefable, L50, F|\n|poke|p1|Garchomp, L50, F|\n|poke|p1|Delphox, L50, F|\n|poke|p1|Rotom-Wash, L50|\n|poke|p1|Sneasler, L50, F|\n|poke|p1|Kleavor, L50, F|\n|poke|p2|Kingambit, L50, F|\n|poke|p2|Sneasler, L50, F|\n|poke|p2|Incineroar, L50, F|\n|poke|p2|Dragonite, L50, M|\n|poke|p2|Venusaur, L50, F|\n|poke|p2|Basculegion, L50, M|\n|teampreview|4\n|inactive|Battle timer is ON: inactive players will automatically lose when time's up. (requested by Merky9999)\n|inactive|dylvgc has 60 seconds left.\n|inactive|Merky9999 has 60 seconds left.\n|\n|t:|1776250010\n|teamsize|p1|4\n|teamsize|p2|4\n|start\n|switch|p1a: Rotom|Rotom-Wash, L50, shiny|100/100\n|switch|p1b: Kleavor|Kleavor, L50, F, shiny|100/100\n|switch|p2a: Incineroar|Incineroar, L50, F|100/100\n|switch|p2b: Basculegion|Basculegion, L50, M|100/100\n|-ability|p2a: Incineroar|Intimidate|boost\n|-unboost|p1a: Rotom|atk|1\n|-unboost|p1b: Kleavor|atk|1\n|turn|1\n|inactive|dylvgc has 30 seconds left.\n|\n|t:|1776250036\n|move|p2a: Incineroar|Fake Out|p1a: Rotom\n|-damage|p1a: Rotom|90/100\n|move|p2b: Basculegion|Flip Turn|p1b: Kleavor\n|-supereffective|p1b: Kleavor|1\n|-damage|p1b: Kleavor|31/100\n|\n|t:|1776250043\n|switch|p2b: Venusaur|Venusaur, L50, F|100/100|[from] Flip Turn\n|move|p1b: Kleavor|Stone Axe|p2b: Venusaur\n|-damage|p2b: Venusaur|63/100\n|-sidestart|p2: Merky9999|move: Stealth Rock\n|cant|p1a: Rotom|flinch\n|\n|upkeep\n|turn|2\n|\n|t:|1776250065\n|detailschange|p2b: Venusaur|Venusaur-Mega, L50, F\n|-mega|p2b: Venusaur|Venusaur|Venusaurite\n|move|p1b: Kleavor|Stone Axe|p2a: Incineroar\n|-supereffective|p2a: Incineroar|1\n|-damage|p2a: Incineroar|47/100\n|move|p1a: Rotom|Hydro Pump|p2a: Incineroar\n|-supereffective|p2a: Incineroar|1\n|-damage|p2a: Incineroar|0 fnt\n|faint|p2a: Incineroar\n|move|p2b: Venusaur|Leech Seed|p1a: Rotom|[miss]\n|-miss|p2b: Venusaur|p1a: Rotom\n|\n|upkeep\n|\n|t:|1776250077\n|switch|p2a: Basculegion|Basculegion, L50, M|100/100\n|-damage|p2a: Basculegion|88/100|[from] Stealth Rock\n|turn|3\n|\n|t:|1776250096\n|move|p2a: Basculegion|Flip Turn|p1b: Kleavor\n|-supereffective|p1b: Kleavor|1\n|-damage|p1b: Kleavor|0 fnt\n|faint|p1b: Kleavor\n|\n|t:|1776250100\n|switch|p2a: Kingambit|Kingambit, L50, F|100/100|[from] Flip Turn\n|-damage|p2a: Kingambit|95/100|[from] Stealth Rock\n|move|p1a: Rotom|Will-O-Wisp|p2a: Kingambit\n|-status|p2a: Kingambit|brn\n|move|p2b: Venusaur|Sludge Bomb|p1a: Rotom\n|-damage|p1a: Rotom|45/100\n|-enditem|p1a: Rotom|Sitrus Berry|[eat]\n|-heal|p1a: Rotom|70/100|[from] item: Sitrus Berry\n|\n|-damage|p2a: Kingambit|89/100 brn|[from] brn\n|upkeep\n|\n|t:|1776250112\n|switch|p1b: Clefable|Clefable, L50, F, shiny|100/100\n|turn|4\n|\n|t:|1776250127\n|detailschange|p1b: Clefable|Clefable-Mega, L50, F, shiny\n|-mega|p1b: Clefable|Clefable|Clefablite\n|move|p1a: Rotom|Hydro Pump|p2a: Kingambit\n|-crit|p2a: Kingambit\n|-damage|p2a: Kingambit|20/100 brn\n|move|p2b: Venusaur|Leech Seed|p1b: Clefable\n|move|p1b: Clefable|Leech Seed|p2b: Venusaur|[from] ability: Magic Bounce\n|-immune|p2b: Venusaur\n|move|p1b: Clefable|Air Slash|p2b: Venusaur\n|-supereffective|p2b: Venusaur|1\n|-damage|p2b: Venusaur|0 fnt\n|faint|p2b: Venusaur\n|move|p2a: Kingambit|Swords Dance|p2a: Kingambit\n|-boost|p2a: Kingambit|atk|2\n|\n|-damage|p2a: Kingambit|14/100 brn|[from] brn\n|upkeep\n|\n|t:|1776250142\n|switch|p2b: Basculegion|Basculegion, L50, M|88/100\n|-damage|p2b: Basculegion|76/100|[from] Stealth Rock\n|turn|5\n|\n|t:|1776250160\n|move|p1b: Clefable|Follow Me|p1b: Clefable\n|-singleturn|p1b: Clefable|move: Follow Me\n|move|p2a: Kingambit|Sucker Punch||[still]\n|-fail|p2a: Kingambit\n|move|p2b: Basculegion|Last Respects|p1b: Clefable\n|-damage|p1b: Clefable|41/100\n|move|p1a: Rotom|Discharge|p2a: Kingambit|[spread] p1b,p2a,p2b\n|-supereffective|p1b: Clefable|1\n|-supereffective|p2b: Basculegion|1\n|-damage|p1b: Clefable|1/100\n|-damage|p2a: Kingambit|0 fnt\n|-damage|p2b: Basculegion|14/100\n|-status|p2b: Basculegion|par\n|faint|p2a: Kingambit\n|\n|upkeep\n|turn|6\n|\n|t:|1776250178\n|move|p1b: Clefable|Follow Me|p1b: Clefable\n|-singleturn|p1b: Clefable|move: Follow Me\n|move|p1a: Rotom|Discharge|p2b: Basculegion|[spread] p1b,p2b\n|-supereffective|p1b: Clefable|1\n|-supereffective|p2b: Basculegion|1\n|-damage|p1b: Clefable|0 fnt\n|-damage|p2b: Basculegion|0 fnt\n|faint|p1b: Clefable\n|faint|p2b: Basculegion\n|\n|win|dylvgc\n|raw|dylvgc's rating: 1136 &rarr; <strong>1155</strong><br />(+19 for winning)\n|raw|Merky9999's rating: 1056 &rarr; <strong>1042</strong><br />(-14 for losing)\n",
  "uploadtime": 1776250187,
  "views": 27,
  "formatid": "gen9championsvgc2026regma",
  "rating": 1042,
  "private": 0,
  "password": null
}