{
  "id": "gen9championsvgc2026regma-2583258503",
  "format": "[Gen 9 Champions] VGC 2026 Reg M-A",
  "players": [
    "Danielson god",
    "Hawk117"
  ],
  "log": "|j|\u2606Danielson god\n|j|\u2606Hawk117\n|t:|1776160372\n|gametype|doubles\n|player|p1|Danielson god|265|1043\n|player|p2|Hawk117|170|1000\n|gen|9\n|tier|[Gen 9 Champions] VGC 2026 Reg M-A\n|rated|\n|rule|Species Clause: Limit one of each Pok\u00e9mon\n|rule|Item Clause: Limit 1 of each item\n|clearpoke\n|poke|p1|Gengar, L50, F|\n|poke|p1|Dragapult, L50, M|\n|poke|p1|Politoed, L50, M|\n|poke|p1|Incineroar, L50, F|\n|poke|p1|Sinistcha, L50|\n|poke|p1|Whimsicott, L50, M|\n|poke|p2|Garchomp, L50, F|\n|poke|p2|Arcanine, L50, F|\n|poke|p2|Clefable, L50, M|\n|poke|p2|Tyranitar, L50, M|\n|poke|p2|Corviknight, L50, M|\n|poke|p2|Goodra-Hisui, L50, M|\n|teampreview|4\nHawk117 rejected open team sheets.\n|inactive|Battle timer is ON: inactive players will automatically lose when time's up. (requested by Hawk117)\n|\n|t:|1776160400\n|teamsize|p1|4\n|teamsize|p2|4\n|start\n|switch|p1a: Pepo|Politoed, L50, M|100/100\n|switch|p1b: 9/11|Dragapult, L50, M, shiny|100/100\n|switch|p2a: Fritz|Garchomp, L50, F, shiny|100/100\n|switch|p2b: Golden Reteriever|Arcanine, L50, F, shiny|100/100\n|-ability|p2b: Golden Reteriever|Intimidate|boost\n|-unboost|p1a: Pepo|atk|1\n|-fail|p1b: 9/11|unboost|[from] ability: Clear Body|[of] p1b: 9/11\n|-weather|RainDance|[from] ability: Drizzle|[of] p1a: Pepo\n|turn|1\n|inactive|Hawk117 has 30 seconds left.\n|\n|t:|1776160428\n|switch|p2b: Mushy|Clefable, L50, M|100/100\n|move|p1b: 9/11|Protect|p1b: 9/11\n|-singleturn|p1b: 9/11|Protect\n|move|p2a: Fritz|Protect|p2a: Fritz\n|-singleturn|p2a: Fritz|Protect\n|move|p1a: Pepo|Muddy Water|p2a: Fritz|[spread] p2b\n|-activate|p2a: Fritz|move: Protect\n|-damage|p2b: Mushy|56/100\n|\n|-weather|RainDance|[upkeep]\n|-heal|p2b: Mushy|62/100|[from] item: Leftovers\n|upkeep\n|turn|2\n|inactive|Danielson god has 30 seconds left.\n|inactive|Danielson god has 20 seconds left.\n|\n|t:|1776160465\n|switch|p1b: S\u00e1nchez|Incineroar, L50, F|100/100\n|-ability|p1b: S\u00e1nchez|Intimidate|boost\n|-unboost|p2a: Fritz|atk|1\n|-unboost|p2b: Mushy|atk|1\n|move|p2b: Mushy|Follow Me|p2b: Mushy\n|-singleturn|p2b: Mushy|move: Follow Me\n|move|p2a: Fritz|Scale Shot|p1b: S\u00e1nchez\n|-damage|p1b: S\u00e1nchez|90/100\n|-damage|p1b: S\u00e1nchez|79/100\n|-hitcount|p1b: S\u00e1nchez|2\n|-unboost|p2a: Fritz|def|1\n|-boost|p2a: Fritz|spe|1\n|move|p1a: Pepo|Muddy Water|p2a: Fritz|[spread] p2a\n|-miss|p1a: Pepo|p2b: Mushy\n|-damage|p2a: Fritz|46/100\n|\n|-weather|RainDance|[upkeep]\n|-heal|p2b: Mushy|68/100|[from] item: Leftovers\n|upkeep\n|turn|3\n|inactive|Danielson god has 30 seconds left.\n|inactive|Hawk117 has 30 seconds left.\n|\n|t:|1776160493\n|move|p2a: Fritz|Earthquake|p1a: Pepo|[spread] p2b,p1a,p1b\n|-supereffective|p1b: S\u00e1nchez|1\n|-damage|p2b: Mushy|44/100\n|-damage|p1a: Pepo|64/100\n|-damage|p1b: S\u00e1nchez|28/100\n|-enditem|p1b: S\u00e1nchez|Sitrus Berry|[eat]\n|-heal|p1b: S\u00e1nchez|52/100|[from] item: Sitrus Berry\n|move|p1a: Pepo|Muddy Water|p2a: Fritz|[spread] p2a,p2b\n|-damage|p2a: Fritz|0 fnt\n|-damage|p2b: Mushy|0 fnt\n|faint|p2a: Fritz\n|faint|p2b: Mushy\n|move|p1b: S\u00e1nchez|Parting Shot|p2: Fritz|[notarget]\n|-fail|p1b: S\u00e1nchez\n|\n|-weather|RainDance|[upkeep]\n|upkeep\n|\n|t:|1776160505\n|switch|p2a: Golden Reteriever|Arcanine, L50, F, shiny|100/100\n|switch|p2b: Dimitri|Tyranitar, L50, M, shiny|100/100\n|-ability|p2a: Golden Reteriever|Intimidate|boost\n|-unboost|p1a: Pepo|atk|1\n|-unboost|p1b: S\u00e1nchez|atk|1\n|-weather|Sandstorm|[from] ability: Sand Stream|[of] p2b: Dimitri\n|turn|4\n|inactive|Hawk117 has 30 seconds left.\n|\n|t:|1776160534\n|switch|p1a: Sinistcha|Sinistcha, L50|100/100\n|-heal|p1b: S\u00e1nchez|77/100|[from] ability: Hospitality|[of] p1a: Sinistcha\n|detailschange|p2b: Dimitri|Tyranitar-Mega, L50, M, shiny\n|-mega|p2b: Dimitri|Tyranitar|Tyranitarite\n|move|p2a: Golden Reteriever|Play Rough|p1b: S\u00e1nchez\n|-damage|p1b: S\u00e1nchez|51/100\n|-unboost|p1b: S\u00e1nchez|atk|1\n|move|p2b: Dimitri|Dragon Dance|p2b: Dimitri\n|-boost|p2b: Dimitri|atk|1\n|-boost|p2b: Dimitri|spe|1\n|move|p1b: S\u00e1nchez|Parting Shot|p2b: Dimitri\n|-unboost|p2b: Dimitri|atk|1\n|-unboost|p2b: Dimitri|spa|1\n|\n|t:|1776160549\n|switch|p1b: Pepo|Politoed, L50, M|64/100|[from] Parting Shot\n|-weather|RainDance|[from] ability: Drizzle|[of] p1b: Pepo\n|\n|-weather|RainDance|[upkeep]\n|upkeep\n|turn|5\n|\n|t:|1776160569\n|move|p1b: Pepo|Protect|p1b: Pepo\n|-singleturn|p1b: Pepo|Protect\n|move|p2b: Dimitri|Rock Slide|p1b: Pepo|[spread] \n|-activate|p1b: Pepo|move: Protect\n|-miss|p2b: Dimitri|p1a: Sinistcha\n|move|p2a: Golden Reteriever|Close Combat|p1b: Pepo\n|-activate|p1b: Pepo|move: Protect\n|move|p1a: Sinistcha|Life Dew||[still]|[spread] p1a,p1b\n|-fail|p1a: Sinistcha|heal\n|-heal|p1b: Pepo|89/100\n|\n|-weather|RainDance|[upkeep]\n|upkeep\n|turn|6\n|\n|t:|1776160588\n|move|p1a: Sinistcha|Rage Powder|p1a: Sinistcha\n|-singleturn|p1a: Sinistcha|move: Rage Powder\n|move|p2b: Dimitri|Rock Slide|p1b: Pepo|[spread] p1a,p1b\n|-damage|p1a: Sinistcha|63/100\n|-damage|p1b: Pepo|41/100\n|move|p2a: Golden Reteriever|Close Combat|p1a: Sinistcha\n|-immune|p1a: Sinistcha\n|cant|p1b: Pepo|flinch\n|\n|-weather|RainDance|[upkeep]\n|-heal|p1a: Sinistcha|69/100|[from] item: Leftovers\n|upkeep\n|turn|7\n|c|\u2606Danielson god|man\n|n|!Danielson god|danielsongod\n|\n|t:|1776160612\n|move|p1b: Pepo|Protect|p1b: Pepo\n|-singleturn|p1b: Pepo|Protect\n|move|p2b: Dimitri|Rock Slide|p1b: Pepo|[spread] \n|-activate|p1b: Pepo|move: Protect\n|-miss|p2b: Dimitri|p1a: Sinistcha\n|move|p2a: Golden Reteriever|Play Rough|p1b: Pepo\n|-activate|p1b: Pepo|move: Protect\n|move|p1a: Sinistcha|Life Dew|p1a: Sinistcha|[spread] p1a,p1b\n|-heal|p1a: Sinistcha|94/100\n|-heal|p1b: Pepo|66/100\n|\n|-weather|RainDance|[upkeep]\n|-heal|p1a: Sinistcha|100/100|[from] item: Leftovers\n|upkeep\n|turn|8\n|\n|t:|1776160630\n|move|p1a: Sinistcha|Rage Powder|p1a: Sinistcha\n|-singleturn|p1a: Sinistcha|move: Rage Powder\n|move|p2b: Dimitri|Rock Slide|p1b: Pepo|[spread] p1a,p1b\n|-damage|p1a: Sinistcha|63/100\n|-damage|p1b: Pepo|11/100\n|move|p2a: Golden Reteriever|Play Rough|p1a: Sinistcha\n|-crit|p1a: Sinistcha\n|-damage|p1a: Sinistcha|18/100\n|-unboost|p1a: Sinistcha|atk|1\n|move|p1b: Pepo|Muddy Water|p2a: Golden Reteriever|[spread] p2a,p2b\n|-supereffective|p2a: Golden Reteriever|1\n|-supereffective|p2b: Dimitri|1\n|-damage|p2a: Golden Reteriever|0 fnt\n|-damage|p2b: Dimitri|22/100\n|faint|p2a: Golden Reteriever\n|\n|-weather|none\n|-heal|p1a: Sinistcha|25/100|[from] item: Leftovers\n|upkeep\n|turn|9\n|inactive|Danielson god has 30 seconds left.\n|\n|t:|1776160661\n|switch|p1b: S\u00e1nchez|Incineroar, L50, F|51/100\n|-ability|p1b: S\u00e1nchez|Intimidate|boost\n|-unboost|p2b: Dimitri|atk|1\n|move|p2b: Dimitri|Dragon Dance|p2b: Dimitri\n|-boost|p2b: Dimitri|atk|1\n|-boost|p2b: Dimitri|spe|1\n|move|p1a: Sinistcha|Matcha Gotcha|p2b: Dimitri\n|-supereffective|p2b: Dimitri|1\n|-damage|p2b: Dimitri|0 fnt\n|-heal|p1a: Sinistcha|35/100|[from] drain|[of] p2b: Dimitri\n|faint|p2b: Dimitri\n|\n|win|Danielson god\n",
  "uploadtime": 1776160611,
  "views": 16,
  "formatid": "gen9championsvgc2026regma",
  "rating": null,
  "private": 0,
  "password": null
}