{
  "id": "gen9championsvgc2026regma-2588151006",
  "format": "[Gen 9 Champions] VGC 2026 Reg M-A",
  "players": [
    "raulleao",
    "shar0makai"
  ],
  "log": "|j|\u2606raulleao\n|j|\u2606shar0makai\n|t:|1776609409\n|gametype|doubles\n|player|p1|raulleao|266|1131\n|player|p2|shar0makai|wicke|1193\n|gen|9\n|tier|[Gen 9 Champions] VGC 2026 Reg M-A\n|rated|\n|rule|Species Clause: Limit one of each Pok\u00e9mon\n|rule|Item Clause: Limit 1 of each item\n|clearpoke\n|poke|p1|Charizard, L50, M|\n|poke|p1|Basculegion, L50, M|\n|poke|p1|Sneasler, L50, F|\n|poke|p1|Rotom-Frost, L50|\n|poke|p1|Vivillon, L50, M|\n|poke|p1|Whimsicott, L50, F|\n|poke|p2|Whimsicott, L50, F, shiny|\n|poke|p2|Froslass, L50, F|\n|poke|p2|Milotic, L50, F|\n|poke|p2|Ninetales-Alola, L50, F|\n|poke|p2|Sneasler, L50, M|\n|poke|p2|Incineroar, L50, M|\n|teampreview|4\n|\n|t:|1776609429\n|teamsize|p1|4\n|teamsize|p2|4\n|start\n|switch|p1a: Vivillon|Vivillon, L50, M|100/100\n|switch|p1b: Whimsicott|Whimsicott, L50, F|100/100\n|switch|p2a: Tall Man|Sneasler, L50, M|100/100\n|switch|p2b: Tall Woman|Froslass, L50, F|100/100\n|turn|1\n|\n|t:|1776609457\n|detailschange|p2b: Tall Woman|Froslass-Mega, L50, F\n|-mega|p2b: Tall Woman|Froslass|Froslassite\n|-weather|Snowscape|[from] ability: Snow Warning|[of] p2b: Tall Woman\n|move|p1b: Whimsicott|Protect|p1b: Whimsicott\n|-singleturn|p1b: Whimsicott|Protect\n|move|p2a: Tall Man|Dire Claw|p1b: Whimsicott\n|-activate|p1b: Whimsicott|move: Protect\n|move|p2b: Tall Woman|Blizzard|p1b: Whimsicott|[spread] p1a\n|-activate|p1b: Whimsicott|move: Protect\n|-supereffective|p1a: Vivillon|1\n|-enditem|p1a: Vivillon|Focus Sash\n|-damage|p1a: Vivillon|1/100\n|move|p1a: Vivillon|Sleep Powder|p2a: Tall Man\n|-status|p2a: Tall Man|slp|[from] move: Sleep Powder\n|\n|-weather|Snowscape|[upkeep]\n|upkeep\n|turn|2\n|\n|t:|1776609477\n|switch|p2b: Cotton|Whimsicott, L50, F, shiny|100/100\n|move|p1b: Whimsicott|Tailwind|p1b: Whimsicott\n|-sidestart|p1: raulleao|move: Tailwind\n|move|p1a: Vivillon|Sleep Powder|p2b: Cotton\n|-immune|p2b: Cotton\n|cant|p2a: Tall Man|slp\n|\n|-weather|Snowscape|[upkeep]\n|upkeep\n|turn|3\n|\n|t:|1776609515\n|switch|p1a: Sneasler|Sneasler, L50, F|100/100\n|move|p2b: Cotton|Encore|p1b: Whimsicott\n|-start|p1b: Whimsicott|Encore\n|move|p1b: Whimsicott|Tailwind||[still]\n|-fail|p1b: Whimsicott\n|cant|p2a: Tall Man|slp\n|\n|-weather|Snowscape|[upkeep]\n|upkeep\n|turn|4\n|\n|t:|1776609531\n|switch|p1b: Charizard|Charizard, L50, M|100/100\n|move|p2b: Cotton|Tailwind|p2b: Cotton\n|-sidestart|p2: shar0makai|move: Tailwind\n|move|p1a: Sneasler|Dire Claw|p2b: Cotton\n|-supereffective|p2b: Cotton|2\n|-enditem|p2b: Cotton|Focus Sash\n|-damage|p2b: Cotton|1/100\n|-curestatus|p2a: Tall Man|slp|[msg]\n|move|p2a: Tall Man|Dire Claw|p1b: Charizard\n|-damage|p1b: Charizard|46/100\n|\n|-weather|Snowscape|[upkeep]\n|upkeep\n|turn|5\n|\n|t:|1776609563\n|detailschange|p1b: Charizard|Charizard-Mega-Y, L50, M\n|-mega|p1b: Charizard|Charizard|Charizardite Y\n|-weather|SunnyDay|[from] ability: Drought|[of] p1b: Charizard\n|move|p1b: Charizard|Protect|p1b: Charizard\n|-singleturn|p1b: Charizard|Protect\n|move|p1a: Sneasler|Close Combat|p2a: Tall Man\n|-resisted|p2a: Tall Man|1\n|-damage|p2a: Tall Man|48/100\n|-unboost|p1a: Sneasler|def|1\n|-unboost|p1a: Sneasler|spd|1\n|-enditem|p1a: Sneasler|White Herb\n|-clearnegativeboost|p1a: Sneasler|[silent]\n|move|p2a: Tall Man|Dire Claw|p1b: Charizard\n|-activate|p1b: Charizard|move: Protect\n|move|p2b: Cotton|Dazzling Gleam|p1b: Charizard|[spread] p1a\n|-activate|p1b: Charizard|move: Protect\n|-damage|p1a: Sneasler|70/100\n|\n|-weather|SunnyDay|[upkeep]\n|-sideend|p1: raulleao|move: Tailwind\n|upkeep\n|turn|6\n|\n|t:|1776609606\n|switch|p1b: Whimsicott|Whimsicott, L50, F|100/100\n|move|p1a: Sneasler|Dire Claw|p2b: Cotton\n|-supereffective|p2b: Cotton|2\n|-damage|p2b: Cotton|0 fnt\n|faint|p2b: Cotton\n|move|p2a: Tall Man|Dire Claw|p1b: Whimsicott\n|-supereffective|p1b: Whimsicott|2\n|-damage|p1b: Whimsicott|0 fnt\n|faint|p1b: Whimsicott\n|\n|-weather|SunnyDay|[upkeep]\n|upkeep\n|\n|t:|1776609618\n|switch|p2b: F.O. then P.S.|Incineroar, L50, M|100/100\n|switch|p1b: Charizard|Charizard-Mega-Y, L50, M|46/100\n|-ability|p2b: F.O. then P.S.|Intimidate|boost\n|-unboost|p1a: Sneasler|atk|1\n|-unboost|p1b: Charizard|atk|1\n|turn|7\n|l|\u2606raulleao\n|player|p1|\n|\n|t:|1776609655\n|move|p2b: F.O. then P.S.|Fake Out|p1b: Charizard\n|-damage|p1b: Charizard|28/100\n|move|p1a: Sneasler|Close Combat|p2b: F.O. then P.S.\n|-supereffective|p2b: F.O. then P.S.|1\n|-damage|p2b: F.O. then P.S.|9/100\n|-unboost|p1a: Sneasler|def|1\n|-unboost|p1a: Sneasler|spd|1\n|-enditem|p2b: F.O. then P.S.|Sitrus Berry|[eat]\n|-heal|p2b: F.O. then P.S.|34/100|[from] item: Sitrus Berry\n|move|p2a: Tall Man|Close Combat|p1a: Sneasler\n|-resisted|p1a: Sneasler|1\n|-damage|p1a: Sneasler|0 fnt\n|-unboost|p2a: Tall Man|def|1\n|-unboost|p2a: Tall Man|spd|1\n|faint|p1a: Sneasler\n|-enditem|p2a: Tall Man|White Herb\n|-clearnegativeboost|p2a: Tall Man|[silent]\n|cant|p1b: Charizard|flinch\n|\n|-weather|SunnyDay|[upkeep]\n|-sideend|p2: shar0makai|move: Tailwind\n|upkeep\n|inactive|Battle timer is ON: inactive players will automatically lose when time's up. (requested by shar0makai)\n|inactive|raulleao has 30 seconds to reconnect!\n|inactive|raulleao has 20 seconds to reconnect!\n|inactive|raulleao has 15 seconds to reconnect!\n|inactive|raulleao has 10 seconds to reconnect!\n|inactive|raulleao has 5 seconds to reconnect!\n|-message|raulleao lost due to inactivity.\n|\n|win|shar0makai\n|raw|raulleao's rating: 1131 &rarr; <strong>1110</strong><br />(-21 for losing)\n|raw|shar0makai's rating: 1193 &rarr; <strong>1214</strong><br />(+21 for winning)\n",
  "uploadtime": 1776609773,
  "views": 7,
  "formatid": "gen9championsvgc2026regma",
  "rating": 1110,
  "private": 0,
  "password": null
}