{
  "id": "gen9championsvgc2026regma-2584034255",
  "format": "[Gen 9 Champions] VGC 2026 Reg M-A",
  "players": [
    "Joe Sheboygan",
    "Obamna4"
  ],
  "log": "|j|\u2606Joe Sheboygan\n|j|\u2606Obamna4\n|t:|1776218698\n|gametype|doubles\n|player|p1|Joe Sheboygan|steven|1345\n|player|p2|Obamna4|102|1268\n|gen|9\n|tier|[Gen 9 Champions] VGC 2026 Reg M-A\n|rated|\n|rule|Species Clause: Limit one of each Pok\u00e9mon\n|rule|Item Clause: Limit 1 of each item\n|clearpoke\n|poke|p1|Gardevoir, L50, M|\n|poke|p1|Primarina, L50, M|\n|poke|p1|Zoroark-Hisui, L50, F|\n|poke|p1|Farigiraf, L50, F|\n|poke|p1|Torkoal, L50, F|\n|poke|p1|Incineroar, L50, M|\n|poke|p2|Charizard, L50, M|\n|poke|p2|Venusaur, L50, M|\n|poke|p2|Rotom-Wash, L50|\n|poke|p2|Garchomp, L50, F|\n|poke|p2|Whimsicott, L50, M|\n|poke|p2|Sneasler, L50, M|\n|teampreview|4\n|\n|t:|1776218726\n|teamsize|p1|4\n|teamsize|p2|4\n|start\n|switch|p1a: Farigiraf|Farigiraf, L50, F|100/100\n|switch|p1b: Incineroar|Incineroar, L50, M|100/100\n|switch|p2a: Sneasler|Sneasler, L50, M|100/100\n|switch|p2b: Venusaur|Venusaur, L50, M|100/100\n|-ability|p1b: Incineroar|Intimidate|boost\n|-unboost|p2a: Sneasler|atk|1\n|-unboost|p2b: Venusaur|atk|1\n|turn|1\n|inactive|Battle timer is ON: inactive players will automatically lose when time's up. (requested by Obamna4)\n|\n|t:|1776218764\n|move|p1b: Incineroar|Fake Out|p2b: Venusaur\n|-damage|p2b: Venusaur|82/100\n|move|p2a: Sneasler|Dire Claw|p1a: Farigiraf\n|-damage|p1a: Farigiraf|70/100\n|-status|p1a: Farigiraf|par\n|cant|p2b: Venusaur|flinch\n|move|p1a: Farigiraf|Trick Room|p1a: Farigiraf\n|-fieldstart|move: Trick Room|[of] p1a: Farigiraf\n|\n|-heal|p2b: Venusaur|88/100|[from] item: Leftovers\n|upkeep\n|turn|2\n|\n|t:|1776218785\n|switch|p2a: Rotom|Rotom-Wash, L50|100/100\n|move|p1a: Farigiraf|Twin Beam|p2a: Rotom\n|-damage|p2a: Rotom|79/100\n|-damage|p2a: Rotom|58/100\n|-hitcount|p2a: Rotom|2\n|move|p1b: Incineroar|Flare Blitz|p2b: Venusaur\n|-supereffective|p2b: Venusaur|1\n|-damage|p2b: Venusaur|0 fnt\n|faint|p2b: Venusaur\n|-damage|p1b: Incineroar|78/100|[from] Recoil\n|\n|upkeep\n|\n|t:|1776218797\n|switch|p2b: Charizard|Charizard, L50, M|100/100\n|turn|3\n|inactive|Joe Sheboygan has 30 seconds left.\n|\n|t:|1776218824\n|detailschange|p2b: Charizard|Charizard-Mega-Y, L50, M\n|-mega|p2b: Charizard|Charizard|Charizardite Y\n|-weather|SunnyDay|[from] ability: Drought|[of] p2b: Charizard\n|cant|p1a: Farigiraf|par\n|move|p1b: Incineroar|Parting Shot|p2a: Rotom\n|-unboost|p2a: Rotom|atk|1\n|-unboost|p2a: Rotom|spa|1\n|\n|t:|1776218831\n|switch|p1b: Primarina|Primarina, L50, M|100/100|[from] Parting Shot\n|move|p2a: Rotom|Hydro Pump|p1b: Primarina|[miss]\n|-miss|p2a: Rotom|p1b: Primarina\n|move|p2b: Charizard|Heat Wave|p1a: Farigiraf|[spread] p1a\n|-miss|p2b: Charizard|p1b: Primarina\n|-damage|p1a: Farigiraf|13/100 par\n|\n|-weather|SunnyDay|[upkeep]\n|upkeep\n|turn|4\n|\n|t:|1776218846\n|cant|p1a: Farigiraf|par\n|move|p1b: Primarina|Moonblast|p2a: Rotom\n|-damage|p2a: Rotom|2/100\n|-enditem|p2a: Rotom|Sitrus Berry|[eat]\n|-heal|p2a: Rotom|27/100|[from] item: Sitrus Berry\n|move|p2a: Rotom|Volt Switch|p1b: Primarina\n|-supereffective|p1b: Primarina|1\n|-damage|p1b: Primarina|62/100\n|\n|t:|1776218856\n|switch|p2a: Sneasler|Sneasler, L50, M|100/100|[from] Volt Switch\n|move|p2b: Charizard|Solar Beam||[still]\n|-prepare|p2b: Charizard|Solar Beam\n|-anim|p2b: Charizard|Solar Beam|p1b: Primarina\n|-supereffective|p1b: Primarina|1\n|-damage|p1b: Primarina|0 fnt\n|faint|p1b: Primarina\n|\n|-weather|SunnyDay|[upkeep]\n|upkeep\n|\n|t:|1776218862\n|switch|p1b: Torkoal|Torkoal, L50, F|100/100\n|turn|5\n|\n|t:|1776218870\n|switch|p1a: Incineroar|Incineroar, L50, M|78/100\n|-ability|p1a: Incineroar|Intimidate|boost\n|-unboost|p2a: Sneasler|atk|1\n|-unboost|p2b: Charizard|atk|1\n|move|p2b: Charizard|Protect|p2b: Charizard\n|-singleturn|p2b: Charizard|Protect\n|move|p2a: Sneasler|Protect|p2a: Sneasler\n|-singleturn|p2a: Sneasler|Protect\n|move|p1b: Torkoal|Eruption|p2b: Charizard|[spread] \n|-activate|p2a: Sneasler|move: Protect\n|-activate|p2b: Charizard|move: Protect\n|\n|-weather|SunnyDay|[upkeep]\n|-fieldend|move: Trick Room\n|upkeep\n|turn|6\n|\n|t:|1776218891\n|switch|p2a: Rotom|Rotom-Wash, L50|27/100\n|move|p1a: Incineroar|Fake Out|p2b: Charizard\n|-damage|p2b: Charizard|79/100\n|cant|p2b: Charizard|flinch\n|move|p1b: Torkoal|Eruption|p2a: Rotom|[spread] p2a,p2b\n|-resisted|p2a: Rotom|1\n|-resisted|p2b: Charizard|1\n|-damage|p2a: Rotom|0 fnt\n|-damage|p2b: Charizard|32/100\n|faint|p2a: Rotom\n|\n|-weather|SunnyDay|[upkeep]\n|upkeep\n|\n|t:|1776218898\n|switch|p2a: Sneasler|Sneasler, L50, M|100/100\n|turn|7\n|\n|t:|1776218906\n|switch|p1a: Farigiraf|Farigiraf, L50, F|13/100 par\n|move|p1b: Torkoal|Protect|p1b: Torkoal\n|-singleturn|p1b: Torkoal|Protect\n|move|p2a: Sneasler|Close Combat|p1a: Farigiraf\n|-crit|p1a: Farigiraf\n|-damage|p1a: Farigiraf|0 fnt\n|-unboost|p2a: Sneasler|def|1\n|-unboost|p2a: Sneasler|spd|1\n|faint|p1a: Farigiraf\n|move|p2b: Charizard|Overheat|p1b: Torkoal\n|-activate|p1b: Torkoal|move: Protect\n|\n|-weather|none\n|upkeep\n|\n|t:|1776218914\n|switch|p1a: Incineroar|Incineroar, L50, M|78/100\n|-ability|p1a: Incineroar|Intimidate|boost\n|-unboost|p2a: Sneasler|atk|1\n|-unboost|p2b: Charizard|atk|1\n|turn|8\n|\n|t:|1776218927\n|move|p2a: Sneasler|Protect|p2a: Sneasler\n|-singleturn|p2a: Sneasler|Protect\n|move|p2b: Charizard|Protect|p2b: Charizard\n|-singleturn|p2b: Charizard|Protect\n|move|p1a: Incineroar|Fake Out|p2a: Sneasler\n|-activate|p2a: Sneasler|move: Protect\n|move|p1b: Torkoal|Eruption|p2b: Charizard|[spread] \n|-activate|p2a: Sneasler|move: Protect\n|-activate|p2b: Charizard|move: Protect\n|\n|upkeep\n|turn|9\n|\n|t:|1776218944\n|move|p2a: Sneasler|Close Combat|p1a: Incineroar\n|-supereffective|p1a: Incineroar|1\n|-enditem|p1a: Incineroar|Chople Berry|[eat]\n|-enditem|p1a: Incineroar|Chople Berry|[weaken]\n|-damage|p1a: Incineroar|36/100\n|-unboost|p2a: Sneasler|def|1\n|-unboost|p2a: Sneasler|spd|1\n|-status|p1a: Incineroar|psn|[from] ability: Poison Touch|[of] p2a: Sneasler\n|move|p2b: Charizard|Heat Wave|p1b: Torkoal|[spread] p1a,p1b\n|-resisted|p1a: Incineroar|1\n|-resisted|p1b: Torkoal|1\n|-damage|p1a: Incineroar|15/100 psn\n|-damage|p1b: Torkoal|73/100\n|move|p1a: Incineroar|Flare Blitz|p2a: Sneasler\n|-enditem|p2a: Sneasler|Focus Sash\n|-damage|p2a: Sneasler|1/100\n|-status|p2a: Sneasler|brn\n|-damage|p1a: Incineroar|0 fnt|[from] Recoil\n|faint|p1a: Incineroar\n|move|p1b: Torkoal|Eruption|p2b: Charizard|[spread] p2a,p2b\n|-resisted|p2b: Charizard|1\n|-damage|p2a: Sneasler|0 fnt\n|-damage|p2b: Charizard|9/100\n|faint|p2a: Sneasler\n|\n|upkeep\n|turn|10\n|\n|t:|1776218961\n|move|p2b: Charizard|Overheat|p1b: Torkoal\n|-resisted|p1b: Torkoal|1\n|-damage|p1b: Torkoal|19/100\n|-unboost|p2b: Charizard|spa|2\n|move|p1b: Torkoal|Round|p2b: Charizard\n|-damage|p2b: Charizard|0 fnt\n|faint|p2b: Charizard\n|\n|win|Joe Sheboygan\n|raw|Joe Sheboygan's rating: 1345 &rarr; <strong>1361</strong><br />(+16 for winning)\n|raw|Obamna4's rating: 1268 &rarr; <strong>1248</strong><br />(-20 for losing)\n",
  "uploadtime": 1776218965,
  "views": 40,
  "formatid": "gen9championsvgc2026regma",
  "rating": 1248,
  "private": 0,
  "password": null
}