{
  "id": "gen9championsvgc2026regma-2586326249",
  "format": "[Gen 9 Champions] VGC 2026 Reg M-A",
  "players": [
    "WorshiPizza",
    "randomn1ck"
  ],
  "log": "|j|\u2606WorshiPizza\n|j|\u2606randomn1ck\n|t:|1776425544\n|gametype|doubles\n|player|p1|WorshiPizza|1|1328\n|player|p2|randomn1ck|1|1309\n|gen|9\n|tier|[Gen 9 Champions] VGC 2026 Reg M-A\n|rated|\n|rule|Species Clause: Limit one of each Pok\u00e9mon\n|rule|Item Clause: Limit 1 of each item\n|clearpoke\n|poke|p1|Delphox, L50, M|\n|poke|p1|Sneasler, L50, F|\n|poke|p1|Maushold, L50|\n|poke|p1|Floette-Eternal, L50, F|\n|poke|p1|Aerodactyl, L50, F|\n|poke|p1|Kingambit, L50, M|\n|poke|p2|Charizard, L50, M|\n|poke|p2|Garchomp, L50, F|\n|poke|p2|Venusaur, L50, F|\n|poke|p2|Sneasler, L50, M|\n|poke|p2|Basculegion, L50, M|\n|poke|p2|Incineroar, L50, M|\n|teampreview|4\n|inactive|Battle timer is ON: inactive players will automatically lose when time's up. (requested by randomn1ck)\n|\n|t:|1776425568\n|teamsize|p1|4\n|teamsize|p2|4\n|start\n|switch|p1a: Aerodactyl|Aerodactyl, L50, F|100/100\n|switch|p1b: Sneasler|Sneasler, L50, F|100/100\n|switch|p2a: Basculegion|Basculegion, L50, M|100/100\n|switch|p2b: Garchomp|Garchomp, L50, F|100/100\n|turn|1\n|\n|t:|1776425585\n|move|p2b: Garchomp|Protect|p2b: Garchomp\n|-singleturn|p2b: Garchomp|Protect\n|move|p1b: Sneasler|Fake Out|p2b: Garchomp\n|-activate|p2b: Garchomp|move: Protect\n|move|p2a: Basculegion|Flip Turn|p1a: Aerodactyl\n|-supereffective|p1a: Aerodactyl|1\n|-enditem|p1a: Aerodactyl|Focus Sash\n|-damage|p1a: Aerodactyl|1/100\n|\n|t:|1776425596\n|switch|p2a: Sneasler|Sneasler, L50, M|100/100|[from] Flip Turn\n|move|p1a: Aerodactyl|Tailwind|p1a: Aerodactyl\n|-sidestart|p1: WorshiPizza|move: Tailwind\n|\n|upkeep\n|turn|2\n|\n|t:|1776425610\n|switch|p1b: Delphox|Delphox, L50, M|100/100\n|move|p1a: Aerodactyl|Protect|p1a: Aerodactyl\n|-singleturn|p1a: Aerodactyl|Protect\n|move|p2a: Sneasler|Fake Out|p1b: Delphox\n|-damage|p1b: Delphox|75/100\n|move|p2b: Garchomp|Rock Slide|p1a: Aerodactyl|[spread] p1b\n|-activate|p1a: Aerodactyl|move: Protect\n|-supereffective|p1b: Delphox|1\n|-damage|p1b: Delphox|17/100\n|\n|upkeep\n|turn|3\n|\n|t:|1776425632\n|detailschange|p1b: Delphox|Delphox-Mega, L50, M\n|-mega|p1b: Delphox|Delphox|Delphoxite\n|move|p2a: Sneasler|Protect|p2a: Sneasler\n|-singleturn|p2a: Sneasler|Protect\n|move|p1b: Delphox|Psychic|p2b: Garchomp\n|-damage|p2b: Garchomp|39/100\n|-unboost|p2b: Garchomp|spd|1\n|move|p1a: Aerodactyl|Dual Wingbeat|p2a: Sneasler\n|-activate|p2a: Sneasler|move: Protect\n|move|p2b: Garchomp|Rock Slide|p1b: Delphox|[spread] p1a,p1b\n|-supereffective|p1a: Aerodactyl|1\n|-supereffective|p1b: Delphox|1\n|-damage|p1a: Aerodactyl|0 fnt\n|-damage|p1b: Delphox|0 fnt\n|faint|p1a: Aerodactyl\n|faint|p1b: Delphox\n|\n|upkeep\n|\n|t:|1776425640\n|switch|p1b: Maushold|Maushold, L50|100/100\n|switch|p1a: Sneasler|Sneasler, L50, F|100/100\n|turn|4\n|\n|t:|1776425650\n|switch|p2a: Basculegion|Basculegion, L50, M|100/100\n|move|p2b: Garchomp|Protect|p2b: Garchomp\n|-singleturn|p2b: Garchomp|Protect\n|move|p1a: Sneasler|Close Combat|p2a: Basculegion\n|-immune|p2a: Basculegion\n|move|p1b: Maushold|Super Fang|p2a: Basculegion\n|-immune|p2a: Basculegion\n|\n|-sideend|p1: WorshiPizza|move: Tailwind\n|upkeep\n|turn|5\n|-message|WorshiPizza forfeited.\n|\n|win|randomn1ck\n|raw|WorshiPizza's rating: 1328 &rarr; <strong>1307</strong><br />(-21 for losing)\n|raw|randomn1ck's rating: 1309 &rarr; <strong>1330</strong><br />(+21 for winning)\n|l|\u2606WorshiPizza\n|player|p1|\n",
  "uploadtime": 1776425658,
  "views": 55,
  "formatid": "gen9championsvgc2026regma",
  "rating": 1307,
  "private": 0,
  "password": null
}