{
  "id": "gen9championsvgc2026regma-2580853546",
  "format": "[Gen 9 Champions] VGC 2026 Reg M-A",
  "players": [
    "bruno_oli_",
    "Filosomimus"
  ],
  "log": "|j|\u2606bruno_oli_\n|j|\u2606Filosomimus\n|t:|1775937867\n|gametype|doubles\n|player|p1|bruno_oli_|acetrainerf|1106\n|player|p2|Filosomimus|101|1033\n|gen|9\n|tier|[Gen 9 Champions] VGC 2026 Reg M-A\n|rated|\n|rule|Species Clause: Limit one of each Pok\u00e9mon\n|rule|Item Clause: Limit 1 of each item\n|clearpoke\n|poke|p1|Floette-Eternal, L50, F|\n|poke|p1|Hawlucha, L50, M|\n|poke|p1|Snorlax, L50, F|\n|poke|p1|Sinistcha, L50|\n|poke|p1|Incineroar, L50, M|\n|poke|p1|Rotom-Wash, L50|\n|poke|p2|Meowstic, L50, M|\n|poke|p2|Gardevoir, L50, F|\n|poke|p2|Incineroar, L50, F|\n|poke|p2|Milotic, L50, F|\n|poke|p2|Garchomp, L50, F|\n|poke|p2|Rotom-Mow, L50|\n|teampreview|4\n|\n|t:|1775937895\n|teamsize|p1|4\n|teamsize|p2|4\n|start\n|switch|p1a: Hawlucha|Hawlucha, L50, M|100/100\n|switch|p1b: Snorlax|Snorlax, L50, F|100/100\n|switch|p2a: Meowstic|Meowstic, L50, M|100/100\n|switch|p2b: Gardevoir|Gardevoir, L50, F|100/100\n|turn|1\n|\n|t:|1775937911\n|detailschange|p1a: Hawlucha|Hawlucha-Mega, L50, M\n|-mega|p1a: Hawlucha|Hawlucha|Hawluchanite\n|detailschange|p2b: Gardevoir|Gardevoir-Mega, L50, F\n|-mega|p2b: Gardevoir|Gardevoir|Gardevoirite\n|move|p2a: Meowstic|Fake Out|p1a: Hawlucha\n|-damage|p1a: Hawlucha|96/100\n|cant|p1a: Hawlucha|flinch\n|move|p2b: Gardevoir|Hyper Voice|p1b: Snorlax|[spread] p1a,p1b\n|-supereffective|p1a: Hawlucha|1\n|-damage|p1a: Hawlucha|0 fnt\n|-damage|p1b: Snorlax|69/100\n|faint|p1a: Hawlucha\n|move|p1b: Snorlax|Fissure|p2b: Gardevoir|[miss]\n|-miss|p1b: Snorlax|p2b: Gardevoir\n|\n|-heal|p1b: Snorlax|75/100|[from] item: Leftovers\n|upkeep\n|\n|t:|1775937924\n|switch|p1a: Sinistcha|Sinistcha, L50|100/100\n|-heal|p1b: Snorlax|99/100|[from] ability: Hospitality|[of] p1a: Sinistcha\n|turn|2\n|\n|t:|1775937938\n|move|p2a: Meowstic|Reflect|p2a: Meowstic\n|-sidestart|p2: Filosomimus|Reflect\n|move|p2b: Gardevoir|Moonblast|p1b: Snorlax\n|-damage|p1b: Snorlax|63/100\n|move|p1b: Snorlax|Body Slam|p2b: Gardevoir\n|-damage|p2b: Gardevoir|65/100\n|move|p1a: Sinistcha|Trick Room|p1a: Sinistcha\n|-fieldstart|move: Trick Room|[of] p1a: Sinistcha\n|\n|-heal|p1b: Snorlax|69/100|[from] item: Leftovers\n|upkeep\n|turn|3\n|\n|t:|1775937958\n|switch|p2b: Incineroar|Incineroar, L50, F|100/100\n|-ability|p2b: Incineroar|Intimidate|boost\n|-unboost|p1a: Sinistcha|atk|1\n|-unboost|p1b: Snorlax|atk|1\n|move|p1a: Sinistcha|Rage Powder|p1a: Sinistcha\n|-singleturn|p1a: Sinistcha|move: Rage Powder\n|move|p1b: Snorlax|Body Slam|p2b: Incineroar\n|-damage|p2b: Incineroar|89/100\n|move|p2a: Meowstic|Psychic|p1a: Sinistcha\n|-damage|p1a: Sinistcha|72/100\n|\n|-heal|p1b: Snorlax|75/100|[from] item: Leftovers\n|upkeep\n|turn|4\n|\n|t:|1775937973\n|switch|p1a: Incineroar|Incineroar, L50, M|100/100\n|-ability|p1a: Incineroar|Intimidate|boost\n|-unboost|p2a: Meowstic|atk|1\n|-unboost|p2b: Incineroar|atk|1\n|move|p1b: Snorlax|Fissure|p2b: Incineroar\n|-damage|p2b: Incineroar|0 fnt\n|faint|p2b: Incineroar\n|-ohko\n|move|p2a: Meowstic|Psychic|p1b: Snorlax\n|-damage|p1b: Snorlax|58/100\n|\n|-heal|p1b: Snorlax|65/100|[from] item: Leftovers\n|upkeep\n|\n|t:|1775937986\n|switch|p2b: Gardevoir|Gardevoir-Mega, L50, F|65/100\n|turn|5\n|\n|t:|1775938003\n|move|p2b: Gardevoir|Protect|p2b: Gardevoir\n|-singleturn|p2b: Gardevoir|Protect\n|move|p1a: Incineroar|Fake Out|p2b: Gardevoir\n|-activate|p2b: Gardevoir|move: Protect\n|move|p1b: Snorlax|Fissure|p2b: Gardevoir\n|-activate|p2b: Gardevoir|move: Protect\n|move|p2a: Meowstic|Psychic|p1b: Snorlax\n|-crit|p1b: Snorlax\n|-damage|p1b: Snorlax|36/100\n|\n|-heal|p1b: Snorlax|42/100|[from] item: Leftovers\n|upkeep\n|turn|6\n|\n|t:|1775938023\n|switch|p2b: Rotom|Rotom-Mow, L50|100/100\n|move|p1b: Snorlax|Fissure|p2b: Rotom\n|-immune|p2b: Rotom|[from] ability: Levitate\n|move|p1a: Incineroar|Flare Blitz|p2b: Rotom\n|-supereffective|p2b: Rotom|1\n|-damage|p2b: Rotom|27/100\n|-damage|p1a: Incineroar|83/100|[from] Recoil\n|move|p2a: Meowstic|Psychic|p1b: Snorlax\n|-damage|p1b: Snorlax|25/100\n|-unboost|p1b: Snorlax|spd|1\n|\n|-heal|p1b: Snorlax|31/100|[from] item: Leftovers\n|-sideend|p2: Filosomimus|Reflect\n|-fieldend|move: Trick Room\n|upkeep\n|turn|7\n|\n|t:|1775938058\n|switch|p1b: Sinistcha|Sinistcha, L50|72/100\n|-heal|p1a: Incineroar|100/100|[from] ability: Hospitality|[of] p1b: Sinistcha\n|move|p2a: Meowstic|Reflect|p2a: Meowstic\n|-sidestart|p2: Filosomimus|Reflect\n|move|p2b: Rotom|Trick|p1a: Incineroar\n|-activate|p2b: Rotom|move: Trick|[of] p1a: Incineroar\n|-item|p1a: Incineroar|Choice Scarf|[from] move: Trick\n|-item|p2b: Rotom|Lum Berry|[from] move: Trick\n|move|p1a: Incineroar|Flare Blitz|p2b: Rotom\n|-supereffective|p2b: Rotom|1\n|-damage|p2b: Rotom|0 fnt\n|faint|p2b: Rotom\n|-damage|p1a: Incineroar|95/100|[from] Recoil\n|\n|upkeep\n|\n|t:|1775938071\n|switch|p2b: Gardevoir|Gardevoir-Mega, L50, F|65/100\n|turn|8\n|\n|t:|1775938080\n|move|p2a: Meowstic|Psychic|p1b: Sinistcha\n|-damage|p1b: Sinistcha|44/100\n|-enditem|p1b: Sinistcha|Sitrus Berry|[eat]\n|-heal|p1b: Sinistcha|69/100|[from] item: Sitrus Berry\n|move|p2b: Gardevoir|Moonblast|p1b: Sinistcha\n|-damage|p1b: Sinistcha|11/100\n|move|p1a: Incineroar|Flare Blitz|p2b: Gardevoir\n|-damage|p2b: Gardevoir|9/100\n|-damage|p1a: Incineroar|82/100|[from] Recoil\n|move|p1b: Sinistcha|Trick Room|p1b: Sinistcha\n|-fieldstart|move: Trick Room|[of] p1b: Sinistcha\n|\n|upkeep\n|turn|9\n|\n|t:|1775938095\n|move|p1b: Sinistcha|Matcha Gotcha|p2a: Meowstic|[spread] p2a,p2b\n|-damage|p2a: Meowstic|69/100\n|-heal|p1b: Sinistcha|26/100|[from] drain|[of] p2a: Meowstic\n|-damage|p2b: Gardevoir|0 fnt\n|-heal|p1b: Sinistcha|30/100|[from] drain|[of] p2b: Gardevoir\n|faint|p2b: Gardevoir\n|move|p1a: Incineroar|Flare Blitz|p2a: Meowstic\n|-damage|p2a: Meowstic|31/100\n|-damage|p1a: Incineroar|71/100|[from] Recoil\n|move|p2a: Meowstic|Psychic|p1b: Sinistcha\n|-damage|p1b: Sinistcha|4/100\n|-unboost|p1b: Sinistcha|spd|1\n|\n|upkeep\n|turn|10\n|\n|t:|1775938112\n|move|p1b: Sinistcha|Matcha Gotcha|p2a: Meowstic\n|-damage|p2a: Meowstic|0 fnt\n|-heal|p1b: Sinistcha|20/100|[from] drain|[of] p2a: Meowstic\n|faint|p2a: Meowstic\n|\n|win|bruno_oli_\n|raw|bruno_oli_'s rating: 1106 &rarr; <strong>1126</strong><br />(+20 for winning)\n|raw|Filosomimus's rating: 1033 &rarr; <strong>1021</strong><br />(-12 for losing)\n|l|\u2606Filosomimus\n|player|p2|\n",
  "uploadtime": 1775938119,
  "views": 16,
  "formatid": "gen9championsvgc2026regma",
  "rating": 1021,
  "private": 0,
  "password": null
}