{
  "id": "gen9championsvgc2026regma-2581075189",
  "format": "[Gen 9 Champions] VGC 2026 Reg M-A",
  "players": [
    "All Hail Ogerpon",
    "Walmart999"
  ],
  "log": "|j|\u2606All Hail Ogerpon\n|j|\u203dWalmart999\n|t:|1775957504\n|gametype|doubles\n|player|p1|All Hail Ogerpon|raihan|\n|player|p2|Walmart999|red|\n|gen|9\n|tier|[Gen 9 Champions] VGC 2026 Reg M-A\n|rated|Tournament battle\n|rule|Species Clause: Limit one of each Pok\u00e9mon\n|rule|Item Clause: Limit 1 of each item\n|raw|<div class=\"infobox\"><details class=\"readmore\" open><summary><strong>1 custom rule:</strong></summary> Force Open Team Sheets</details></div>\n|clearpoke\n|poke|p1|Dragonite, L50, M|\n|poke|p1|Whimsicott, L50, F|\n|poke|p1|Garchomp, L50, M|\n|poke|p1|Sneasler, L50, M|\n|poke|p1|Rotom-Wash, L50|\n|poke|p1|Kingambit, L50, M|\n|poke|p2|Charizard, L50, M|\n|poke|p2|Venusaur, L50, F|\n|poke|p2|Incineroar, L50, F|\n|poke|p2|Garchomp, L50, M|\n|poke|p2|Whimsicott, L50, F|\n|poke|p2|Sneasler, L50, M|\n|teampreview|4\n|showteam|p1|Dragonite||Dragoninite|Multiscale|Tailwind,Protect,AirSlash,DracoMeteor|||M|||50|]Whimsicott||FocusSash|Prankster|Tailwind,Moonblast,Encore,Endeavor|||F|||50|]Garchomp||SoftSand|RoughSkin|Protect,Earthquake,RockSlide,StompingTantrum|||M|||50|]Sneasler||WhiteHerb|Unburden|Protect,FakeOut,CloseCombat,DireClaw|||M|||50|]Rotom-Wash||Magnet|Levitate|Thunderbolt,VoltSwitch,HydroPump,Protect||||||50|]Kingambit||BlackGlasses|Defiant|SwordsDance,KowtowCleave,SuckerPunch,IronHead|||M|||50|\n|showteam|p2|Charizard||CharizarditeY|Blaze|Protect,AirSlash,HeatWave,WeatherBall|||M|||50|]Venusaur||FocusSash|Chlorophyll|Protect,SleepPowder,EnergyBall,SludgeBomb|||F|||50|]Incineroar||SitrusBerry|Intimidate|FakeOut,DarkestLariat,FlareBlitz,PartingShot|||F|||50|]Garchomp||ChoiceScarf|RoughSkin|Earthquake,StompingTantrum,DragonClaw,RockSlide|||M|||50|]Whimsicott||MentalHerb|Prankster|Tailwind,Encore,Moonblast,HelpingHand|||F|||50|]Sneasler||WhiteHerb|Unburden|CloseCombat,Protect,DireClaw,SwordsDance|||M|||50|\n|inactive|Battle timer is ON: inactive players will automatically lose when time's up. (requested by Walmart999)\n|j| maxijuegas\n|c|\u2606All Hail Ogerpon|glhf\n|l| maxijuegas\n|inactive|All Hail Ogerpon has 60 seconds left.\n|inactive|All Hail Ogerpon has 30 seconds left.\n|\n|t:|1775957565\n|teamsize|p1|4\n|teamsize|p2|4\n|start\n|switch|p1a: Whimsicott|Whimsicott, L50, F, shiny|100/100\n|switch|p1b: Dragonite|Dragonite, L50, M, shiny|100/100\n|switch|p2a: Whimsicott|Whimsicott, L50, F, shiny|100/100\n|switch|p2b: Sneasler|Sneasler, L50, M, shiny|100/100\n|turn|1\n|inactive|Walmart999 has 30 seconds left.\n|inactive|Walmart999 has 20 seconds left.\n|\n|t:|1775957604\n|detailschange|p1b: Dragonite|Dragonite-Mega, L50, M, shiny\n|-mega|p1b: Dragonite|Dragonite|Dragoninite\n|move|p2a: Whimsicott|Tailwind|p2a: Whimsicott\n|-sidestart|p2: Walmart999|move: Tailwind\n|move|p2b: Sneasler|Swords Dance|p2b: Sneasler\n|-boost|p2b: Sneasler|atk|2\n|move|p1a: Whimsicott|Moonblast|p2b: Sneasler\n|-crit|p2b: Sneasler\n|-damage|p2b: Sneasler|35/100\n|move|p1b: Dragonite|Air Slash|p2a: Whimsicott\n|-supereffective|p2a: Whimsicott|1\n|-damage|p2a: Whimsicott|3/100\n|\n|upkeep\n|turn|2\n|inactive|Walmart999 has 30 seconds left.\n|\n|t:|1775957632\n|move|p2a: Whimsicott|Helping Hand|p2b: Sneasler\n|-singleturn|p2b: Sneasler|Helping Hand|[of] p2a: Whimsicott\n|move|p1a: Whimsicott|Encore|p2b: Sneasler\n|-start|p2b: Sneasler|Encore\n|move|p2b: Sneasler|Swords Dance|p2b: Sneasler\n|-boost|p2b: Sneasler|atk|2\n|move|p1b: Dragonite|Air Slash|p2a: Whimsicott\n|-supereffective|p2a: Whimsicott|1\n|-damage|p2a: Whimsicott|0 fnt\n|faint|p2a: Whimsicott\n|\n|upkeep\n|j| ghostvein\n|\n|t:|1775957643\n|switch|p2a: Charizard|Charizard, L50, M, shiny|100/100\n|turn|3\n|\n|t:|1775957650\n|detailschange|p2a: Charizard|Charizard-Mega-Y, L50, M, shiny\n|-mega|p2a: Charizard|Charizard|Charizardite Y\n|-weather|SunnyDay|[from] ability: Drought|[of] p2a: Charizard\n|move|p1a: Whimsicott|Tailwind|p1a: Whimsicott\n|-sidestart|p1: All Hail Ogerpon|move: Tailwind\n|move|p2b: Sneasler|Swords Dance|p2b: Sneasler\n|-boost|p2b: Sneasler|atk|2\n|move|p2a: Charizard|Heat Wave|p1b: Dragonite|[spread] p1b\n|-miss|p2a: Charizard|p1a: Whimsicott\n|-resisted|p1b: Dragonite|1\n|-damage|p1b: Dragonite|86/100\n|move|p1b: Dragonite|Air Slash|p2b: Sneasler\n|-supereffective|p2b: Sneasler|1\n|-damage|p2b: Sneasler|0 fnt\n|faint|p2b: Sneasler\n|\n|-weather|SunnyDay|[upkeep]\n|upkeep\n|\n|t:|1775957671\n|switch|p2b: Garchomp|Garchomp, L50, M, shiny|100/100\n|turn|4\n|\n|t:|1775957679\n|move|p1b: Dragonite|Protect|p1b: Dragonite\n|-singleturn|p1b: Dragonite|Protect\n|move|p2b: Garchomp|Dragon Claw|p1b: Dragonite\n|-activate|p1b: Dragonite|move: Protect\n|move|p1a: Whimsicott|Moonblast|p2b: Garchomp\n|-supereffective|p2b: Garchomp|1\n|-damage|p2b: Garchomp|23/100\n|move|p2a: Charizard|Heat Wave|p1b: Dragonite|[spread] p1a\n|-activate|p1b: Dragonite|move: Protect\n|-supereffective|p1a: Whimsicott|1\n|-enditem|p1a: Whimsicott|Focus Sash\n|-damage|p1a: Whimsicott|1/100\n|\n|-weather|SunnyDay|[upkeep]\n|-sideend|p2: Walmart999|move: Tailwind\n|upkeep\n|turn|5\n|\n|t:|1775957690\n|move|p1a: Whimsicott|Endeavor|p2a: Charizard\n|-damage|p2a: Charizard|1/100\n|move|p1b: Dragonite|Air Slash|p2b: Garchomp\n|-damage|p2b: Garchomp|0 fnt\n|faint|p2b: Garchomp\n|move|p2a: Charizard|Heat Wave|p1b: Dragonite|[spread] p1b\n|-miss|p2a: Charizard|p1a: Whimsicott\n|-resisted|p1b: Dragonite|1\n|-damage|p1b: Dragonite|53/100\n|\n|-weather|SunnyDay|[upkeep]\n|upkeep\n|turn|6\n|c|\u2606All Hail Ogerpon|gg\n|\n|t:|1775957699\n|move|p1a: Whimsicott|Moonblast|p2a: Charizard\n|-resisted|p2a: Charizard|1\n|-damage|p2a: Charizard|0 fnt\n|faint|p2a: Charizard\n|\n|win|All Hail Ogerpon\n|n|\u2606All Hail Ogerpon|allhailogerpon\n|n|\u203dWalmart999|walmart999\n|n| ghostvein|ghostvein\n",
  "uploadtime": 1775957701,
  "views": 52,
  "formatid": "gen9championsvgc2026regma",
  "rating": null,
  "private": 0,
  "password": null
}