{
  "id": "gen9championsvgc2026regma-2585158026",
  "format": "[Gen 9 Champions] VGC 2026 Reg M-A",
  "players": [
    "Leuloch",
    "MMMMMMMMM FOOD"
  ],
  "log": "|j|\u2606Leuloch\n|j|\u2606MMMMMMMMM FOOD\n|t:|1776318967\n|gametype|doubles\n|player|p1|Leuloch|1|1104\n|player|p2|MMMMMMMMM FOOD|cynthia-gen4|1123\n|gen|9\n|tier|[Gen 9 Champions] VGC 2026 Reg M-A\n|rated|\n|rule|Species Clause: Limit one of each Pok\u00e9mon\n|rule|Item Clause: Limit 1 of each item\n|clearpoke\n|poke|p1|Incineroar, L50, F|\n|poke|p1|Primarina, L50, M|\n|poke|p1|Venusaur, L50, F|\n|poke|p1|Dragonite, L50, F|\n|poke|p1|Oranguru, L50, M|\n|poke|p1|Mudsdale, L50, M|\n|poke|p2|Archaludon, L50, M|\n|poke|p2|Politoed, L50, M|\n|poke|p2|Incineroar, L50, M|\n|poke|p2|Basculegion, L50, M|\n|poke|p2|Farigiraf, L50, F|\n|poke|p2|Toxicroak, L50, M|\n|teampreview|4\n|inactive|Battle timer is ON: inactive players will automatically lose when time's up. (requested by MMMMMMMMM FOOD)\n|\n|t:|1776318997\n|teamsize|p1|4\n|teamsize|p2|4\n|start\n|switch|p1a: Venusaur|Venusaur, L50, F|100/100\n|switch|p1b: Mudsdale|Mudsdale, L50, M|100/100\n|switch|p2a: Politoed|Politoed, L50, M|100/100\n|switch|p2b: Archaludon|Archaludon, L50, M|100/100\n|-weather|RainDance|[from] ability: Drizzle|[of] p2a: Politoed\n|turn|1\n|inactive|Leuloch has 30 seconds left.\n|\n|t:|1776319027\n|switch|p1b: Oranguru|Oranguru, L50, M|100/100\n|detailschange|p1a: Venusaur|Venusaur-Mega, L50, F\n|-mega|p1a: Venusaur|Venusaur|Venusaurite\n|move|p2b: Archaludon|Protect|p2b: Archaludon\n|-singleturn|p2b: Archaludon|Protect\n|move|p1a: Venusaur|Sleep Powder|p2b: Archaludon\n|-activate|p2b: Archaludon|move: Protect\n|move|p2a: Politoed|Weather Ball|p1b: Oranguru\n|-damage|p1b: Oranguru|57/100\n|\n|-weather|RainDance|[upkeep]\n|upkeep\n|turn|2\n|\n|t:|1776319042\n|switch|p2b: Toxicroak|Toxicroak, L50, M|100/100\n|move|p1a: Venusaur|Sleep Powder|p2b: Toxicroak\n|-status|p2b: Toxicroak|slp|[from] move: Sleep Powder\n|move|p2a: Politoed|Icy Wind|p1a: Venusaur|[spread] p1a,p1b\n|-supereffective|p1a: Venusaur|1\n|-damage|p1a: Venusaur|92/100\n|-damage|p1b: Oranguru|51/100\n|-unboost|p1a: Venusaur|spe|1\n|-unboost|p1b: Oranguru|spe|1\n|move|p1b: Oranguru|Trick Room|p1b: Oranguru\n|-fieldstart|move: Trick Room|[of] p1b: Oranguru\n|\n|-weather|RainDance|[upkeep]\n|upkeep\n|turn|3\n|inactive|Leuloch has 30 seconds left.\n|\n|t:|1776319071\n|cant|p2b: Toxicroak|slp\n|move|p1b: Oranguru|Foul Play|p2a: Politoed\n|-damage|p2a: Politoed|86/100\n|move|p1a: Venusaur|Giga Drain|p2a: Politoed\n|-supereffective|p2a: Politoed|1\n|-damage|p2a: Politoed|34/100\n|-heal|p1a: Venusaur|100/100|[from] drain|[of] p2a: Politoed\n|move|p2a: Politoed|Encore|p1b: Oranguru\n|-start|p1b: Oranguru|Encore\n|\n|-weather|RainDance|[upkeep]\n|upkeep\n|turn|4\n|inactive|MMMMMMMMM FOOD has 30 seconds left.\n|\n|t:|1776319097\n|switch|p1b: Primarina|Primarina, L50, M|100/100\n|switch|p2a: Archaludon|Archaludon, L50, M|100/100\n|move|p1a: Venusaur|Giga Drain|p2a: Archaludon\n|-resisted|p2a: Archaludon|2\n|-damage|p2a: Archaludon|91/100\n|-ability|p2a: Archaludon|Stamina|boost\n|-boost|p2a: Archaludon|def|1\n|cant|p2b: Toxicroak|slp\n|\n|-weather|RainDance|[upkeep]\n|-heal|p2a: Archaludon|97/100|[from] item: Leftovers\n|upkeep\n|turn|5\n|\n|t:|1776319116\n|switch|p1a: Mudsdale|Mudsdale, L50, M|100/100\n|move|p1b: Primarina|Moonblast|p2b: Toxicroak\n|-damage|p2b: Toxicroak|39/100 slp\n|move|p2a: Archaludon|Electro Shot||[still]\n|-prepare|p2a: Archaludon|Electro Shot\n|-boost|p2a: Archaludon|spa|1\n|-anim|p2a: Archaludon|Electro Shot|p1a: Mudsdale\n|-immune|p1a: Mudsdale\n|-curestatus|p2b: Toxicroak|slp|[msg]\n|move|p2b: Toxicroak|Poison Jab|p1b: Primarina\n|-supereffective|p1b: Primarina|1\n|-damage|p1b: Primarina|17/100\n|\n|-weather|none\n|-heal|p2a: Archaludon|100/100|[from] item: Leftovers\n|upkeep\n|turn|6\n|\n|t:|1776319136\n|switch|p2b: Politoed|Politoed, L50, M|34/100\n|-weather|RainDance|[from] ability: Drizzle|[of] p2b: Politoed\n|move|p2a: Archaludon|Protect|p2a: Archaludon\n|-singleturn|p2a: Archaludon|Protect\n|move|p1a: Mudsdale|High Horsepower|p2a: Archaludon\n|-activate|p2a: Archaludon|move: Protect\n|move|p1b: Primarina|Moonblast|p2b: Politoed\n|-damage|p2b: Politoed|0 fnt\n|faint|p2b: Politoed\n|\n|-weather|RainDance|[upkeep]\n|-fieldend|move: Trick Room\n|upkeep\n|\n|t:|1776319142\n|switch|p2b: Basculegion|Basculegion, L50, M|100/100\n|turn|7\n|\n|t:|1776319155\n|move|p1a: Mudsdale|Protect|p1a: Mudsdale\n|-singleturn|p1a: Mudsdale|Protect\n|move|p2b: Basculegion|Liquidation|p1a: Mudsdale\n|-activate|p1a: Mudsdale|move: Protect\n|move|p2a: Archaludon|Electro Shot||[still]\n|-prepare|p2a: Archaludon|Electro Shot\n|-boost|p2a: Archaludon|spa|1\n|-anim|p2a: Archaludon|Electro Shot|p1b: Primarina\n|-supereffective|p1b: Primarina|1\n|-damage|p1b: Primarina|0 fnt\n|faint|p1b: Primarina\n|\n|-weather|RainDance|[upkeep]\n|upkeep\n|\n|t:|1776319167\n|switch|p1b: Oranguru|Oranguru, L50, M|51/100\n|turn|8\n|\n|t:|1776319174\n|switch|p1a: Venusaur|Venusaur-Mega, L50, F|100/100\n|move|p2b: Basculegion|Liquidation|p1a: Venusaur\n|-resisted|p1a: Venusaur|1\n|-damage|p1a: Venusaur|82/100\n|move|p2a: Archaludon|Electro Shot||[still]\n|-prepare|p2a: Archaludon|Electro Shot\n|-boost|p2a: Archaludon|spa|1\n|-anim|p2a: Archaludon|Electro Shot|p1b: Oranguru\n|-damage|p1b: Oranguru|0 fnt\n|faint|p1b: Oranguru\n|\n|-weather|RainDance|[upkeep]\n|upkeep\n|\n|t:|1776319184\n|switch|p1b: Mudsdale|Mudsdale, L50, M|100/100\n|turn|9\n|\n|t:|1776319191\n|move|p2b: Basculegion|Liquidation|p1b: Mudsdale\n|-supereffective|p1b: Mudsdale|1\n|-damage|p1b: Mudsdale|0 fnt\n|faint|p1b: Mudsdale\n|move|p1a: Venusaur|Giga Drain|p2b: Basculegion\n|-supereffective|p2b: Basculegion|1\n|-damage|p2b: Basculegion|46/100\n|-heal|p1a: Venusaur|100/100|[from] drain|[of] p2b: Basculegion\n|move|p2a: Archaludon|Electro Shot||[still]\n|-prepare|p2a: Archaludon|Electro Shot\n|-boost|p2a: Archaludon|spa|1\n|-anim|p2a: Archaludon|Electro Shot|p1a: Venusaur\n|-resisted|p1a: Venusaur|1\n|-damage|p1a: Venusaur|44/100\n|\n|-weather|RainDance|[upkeep]\n|upkeep\n|turn|10\n|\n|t:|1776319205\n|move|p2b: Basculegion|Last Respects|p1a: Venusaur\n|-damage|p1a: Venusaur|13/100\n|move|p1a: Venusaur|Giga Drain|p2b: Basculegion\n|-supereffective|p2b: Basculegion|1\n|-damage|p2b: Basculegion|0 fnt\n|-heal|p1a: Venusaur|38/100|[from] drain|[of] p2b: Basculegion\n|faint|p2b: Basculegion\n|move|p2a: Archaludon|Electro Shot||[still]\n|-prepare|p2a: Archaludon|Electro Shot\n|-boost|p2a: Archaludon|spa|1\n|-anim|p2a: Archaludon|Electro Shot|p1a: Venusaur\n|-resisted|p1a: Venusaur|1\n|-damage|p1a: Venusaur|0 fnt\n|faint|p1a: Venusaur\n|\n|win|MMMMMMMMM FOOD\n|raw|Leuloch's rating: 1104 &rarr; <strong>1080</strong><br />(-24 for losing)\n|raw|MMMMMMMMM FOOD's rating: 1123 &rarr; <strong>1147</strong><br />(+24 for winning)\n|l|\u2606Leuloch\n|player|p1|\n",
  "uploadtime": 1776319221,
  "views": 20,
  "formatid": "gen9championsvgc2026regma",
  "rating": 1080,
  "private": 0,
  "password": null
}