{
  "id": "gen9championsvgc2026regma-2588745270",
  "format": "[Gen 9 Champions] VGC 2026 Reg M-A",
  "players": [
    "GeekedAF",
    "Gaby Glytxii"
  ],
  "log": "|j|\u2606GeekedAF\n|j|\u2606Gaby Glytxii\n|t:|1776665155\n|gametype|doubles\n|player|p1|GeekedAF|170|1046\n|player|p2|Gaby Glytxii|iris|1101\n|gen|9\n|tier|[Gen 9 Champions] VGC 2026 Reg M-A\n|rated|\n|rule|Species Clause: Limit one of each Pok\u00e9mon\n|rule|Item Clause: Limit 1 of each item\n|clearpoke\n|poke|p1|Sableye, L50, M|\n|poke|p1|Houndoom, L50, M|\n|poke|p1|Aerodactyl, L50, F|\n|poke|p1|Leafeon, L50, M|\n|poke|p1|Incineroar, L50, M|\n|poke|p1|Ninetales, L50, F|\n|poke|p2|Tyranitar, L50, M|\n|poke|p2|Spiritomb, L50, F|\n|poke|p2|Tsareena, L50, F|\n|poke|p2|Goodra-Hisui, L50, M|\n|poke|p2|Empoleon, L50, M|\n|poke|p2|Hippowdon, L50, F, shiny|\n|teampreview|4\n|inactive|Battle timer is ON: inactive players will automatically lose when time's up. (requested by GeekedAF)\n|inactive|GeekedAF has 60 seconds left.\n|\n|t:|1776665190\n|teamsize|p1|4\n|teamsize|p2|4\n|start\n|switch|p1a: Sableye|Sableye, L50, M|100/100\n|switch|p1b: Leafeon|Leafeon, L50, M|100/100\n|switch|p2a: Empoleon|Empoleon, L50, M|100/100\n|switch|p2b: Spiritomb|Spiritomb, L50, F|100/100\n|turn|1\n|inactive|GeekedAF has 30 seconds left.\n|inactive|GeekedAF has 20 seconds left.\n|\n|t:|1776665225\n|move|p1a: Sableye|Sunny Day|p1a: Sableye\n|-weather|SunnyDay\n|move|p1b: Leafeon|Solar Blade||[still]\n|-prepare|p1b: Leafeon|Solar Blade\n|-anim|p1b: Leafeon|Solar Blade|p2a: Empoleon\n|-damage|p2a: Empoleon|28/100\n|move|p2a: Empoleon|Weather Ball|p1b: Leafeon\n|-supereffective|p1b: Leafeon|1\n|-damage|p1b: Leafeon|0 fnt\n|faint|p1b: Leafeon\n|move|p2b: Spiritomb|Trick Room|p2b: Spiritomb\n|-fieldstart|move: Trick Room|[of] p2b: Spiritomb\n|\n|-weather|SunnyDay|[upkeep]\n|upkeep\n|\n|t:|1776665240\n|switch|p1b: Houndoom|Houndoom, L50, M|100/100\n|turn|2\n|\n|t:|1776665253\n|switch|p2b: Tyranitar|Tyranitar, L50, M|100/100\n|-weather|Sandstorm|[from] ability: Sand Stream|[of] p2b: Tyranitar\n|detailschange|p1b: Houndoom|Houndoom-Mega, L50, M\n|-mega|p1b: Houndoom|Houndoom|Houndoominite\n|move|p1a: Sableye|Foul Play|p2b: Tyranitar\n|-resisted|p2b: Tyranitar|1\n|-damage|p2b: Tyranitar|78/100\n|move|p2a: Empoleon|Weather Ball|p1b: Houndoom\n|-supereffective|p1b: Houndoom|1\n|-damage|p1b: Houndoom|7/100\n|move|p1b: Houndoom|Heat Wave|p2a: Empoleon|[spread] p2b\n|-miss|p1b: Houndoom|p2a: Empoleon\n|-resisted|p2b: Tyranitar|1\n|-damage|p2b: Tyranitar|67/100\n|\n|-weather|Sandstorm|[upkeep]\n|-damage|p1a: Sableye|95/100|[from] Sandstorm\n|-damage|p1b: Houndoom|1/100|[from] Sandstorm\n|upkeep\n|turn|3\n|\n|t:|1776665277\n|move|p2a: Empoleon|Protect|p2a: Empoleon\n|-singleturn|p2a: Empoleon|Protect\n|move|p1a: Sableye|Sunny Day|p1a: Sableye\n|-weather|SunnyDay\n|move|p2b: Tyranitar|Rock Slide|p1b: Houndoom|[spread] p1a,p1b\n|-supereffective|p1b: Houndoom|1\n|-damage|p1a: Sableye|57/100\n|-damage|p1b: Houndoom|0 fnt\n|faint|p1b: Houndoom\n|\n|-weather|SunnyDay|[upkeep]\n|upkeep\n|\n|t:|1776665288\n|switch|p1b: Aerodactyl|Aerodactyl, L50, F|100/100\n|-ability|p1b: Aerodactyl|Unnerve\n|turn|4\n|inactive|GeekedAF has 30 seconds left.\n|\n|t:|1776665314\n|detailschange|p2b: Tyranitar|Tyranitar-Mega, L50, M\n|-mega|p2b: Tyranitar|Tyranitar|Tyranitarite\n|-weather|Sandstorm|[from] ability: Sand Stream|[of] p2b: Tyranitar\n|move|p1b: Aerodactyl|Wide Guard|p1b: Aerodactyl\n|-singleturn|p1b: Aerodactyl|Wide Guard\n|move|p1a: Sableye|Foul Play|p2a: Empoleon\n|-damage|p2a: Empoleon|0 fnt\n|faint|p2a: Empoleon\n|move|p2b: Tyranitar|Rock Slide|p1b: Aerodactyl|[spread] \n|-activate|p1a: Sableye|move: Wide Guard\n|-activate|p1b: Aerodactyl|move: Wide Guard\n|\n|-weather|Sandstorm|[upkeep]\n|-damage|p1a: Sableye|51/100|[from] Sandstorm\n|upkeep\n|\n|t:|1776665327\n|switch|p2a: Tsareena|Tsareena, L50, F|100/100\n|turn|5\n|inactive|GeekedAF has 30 seconds left.\n|\n|t:|1776665360\n|move|p1a: Sableye|Foul Play|p2b: Tyranitar\n|-resisted|p2b: Tyranitar|1\n|-damage|p2b: Tyranitar|48/100\n|move|p2b: Tyranitar|Knock Off|p1b: Aerodactyl\n|-crit|p1b: Aerodactyl\n|-damage|p1b: Aerodactyl|0 fnt\n|-enditem|p1b: Aerodactyl|Babiri Berry|[from] move: Knock Off|[of] p2b: Tyranitar\n|faint|p1b: Aerodactyl\n|move|p2a: Tsareena|Triple Axel|p1a: Sableye\n|-damage|p1a: Sableye|43/100\n|-damage|p1a: Sableye|25/100\n|-damage|p1a: Sableye|1/100\n|-hitcount|p1a: Sableye|3\n|\n|-weather|Sandstorm|[upkeep]\n|-damage|p1a: Sableye|0 fnt|[from] Sandstorm\n|-damage|p2a: Tsareena|94/100|[from] Sandstorm\n|faint|p1a: Sableye\n|\n|win|Gaby Glytxii\n|raw|GeekedAF's rating: 1046 &rarr; <strong>1032</strong><br />(-14 for losing)\n|raw|Gaby Glytxii's rating: 1101 &rarr; <strong>1122</strong><br />(+21 for winning)\n|l|\u2606GeekedAF\n|player|p1|\n",
  "uploadtime": 1776665484,
  "views": 19,
  "formatid": "gen9championsvgc2026regma",
  "rating": 1032,
  "private": 0,
  "password": null
}