{
  "id": "gen9championsvgc2026regma-2587858155",
  "format": "[Gen 9 Champions] VGC 2026 Reg M-A",
  "players": [
    "Tokimeki Heart",
    "wzzlr"
  ],
  "log": "|j|\u2606Tokimeki Heart\n|j|\u2606wzzlr\n|t:|1776571369\n|gametype|doubles\n|player|p1|Tokimeki Heart|169|1289\n|player|p2|wzzlr|rancher|1320\n|gen|9\n|tier|[Gen 9 Champions] VGC 2026 Reg M-A\n|rated|\n|rule|Species Clause: Limit one of each Pok\u00e9mon\n|rule|Item Clause: Limit 1 of each item\n|clearpoke\n|poke|p1|Gardevoir, L50, F, shiny|\n|poke|p1|Sinistcha, L50|\n|poke|p1|Pelipper, L50, F|\n|poke|p1|Aggron, L50, M|\n|poke|p1|Palafin, L50, F|\n|poke|p1|Archaludon, L50, M|\n|poke|p2|Sinistcha, L50|\n|poke|p2|Clefable, L50, F|\n|poke|p2|Tyranitar, L50, M|\n|poke|p2|Kommo-o, L50, M|\n|poke|p2|Farigiraf, L50, F, shiny|\n|poke|p2|Steelix, L50, M, shiny|\n|teampreview|4\n|inactive|Battle timer is ON: inactive players will automatically lose when time's up. (requested by wzzlr)\n|\n|t:|1776571391\n|teamsize|p1|4\n|teamsize|p2|4\n|start\n|switch|p1a: Aggron|Aggron, L50, M|100/100\n|switch|p1b: Palafin|Palafin, L50, F|100/100\n|switch|p2a: Sinistcha|Sinistcha, L50|100/100\n|switch|p2b: Steelix|Steelix, L50, M, shiny|100/100\n|turn|1\n|\n|t:|1776571410\n|detailschange|p1a: Aggron|Aggron-Mega, L50, M\n|-mega|p1a: Aggron|Aggron|Aggronite\n|detailschange|p2b: Steelix|Steelix-Mega, L50, M, shiny\n|-mega|p2b: Steelix|Steelix|Steelixite\n|move|p2b: Steelix|Protect|p2b: Steelix\n|-singleturn|p2b: Steelix|Protect\n|move|p1b: Palafin|Flip Turn|p2b: Steelix\n|-activate|p2b: Steelix|move: Protect\n|move|p1a: Aggron|Body Press|p2b: Steelix\n|-activate|p2b: Steelix|move: Protect\n|move|p2a: Sinistcha|Trick Room|p2a: Sinistcha\n|-fieldstart|move: Trick Room|[of] p2a: Sinistcha\n|\n|upkeep\n|turn|2\n|\n|t:|1776571429\n|switch|p1a: Sinistcha|Sinistcha, L50|100/100\n|move|p2a: Sinistcha|Rage Powder|p2a: Sinistcha\n|-singleturn|p2a: Sinistcha|move: Rage Powder\n|move|p2b: Steelix|Iron Defense|p2b: Steelix\n|-boost|p2b: Steelix|def|2\n|move|p1b: Palafin|Flip Turn|p2a: Sinistcha\n|-resisted|p2a: Sinistcha|1\n|-damage|p2a: Sinistcha|90/100\n|\n|t:|1776571441\n|detailschange|p1b: Palafin|Palafin-Hero, L50, F\n|switch|p1b: Aggron|Aggron-Mega, L50, M|100/100|[from] Flip Turn\n|\n|upkeep\n|turn|3\n|\n|t:|1776571465\n|move|p2a: Sinistcha|Rage Powder|p2a: Sinistcha\n|-singleturn|p2a: Sinistcha|move: Rage Powder\n|move|p2b: Steelix|Iron Defense|p2b: Steelix\n|-boost|p2b: Steelix|def|2\n|move|p1b: Aggron|Body Press|p2a: Sinistcha\n|-immune|p2a: Sinistcha\n|move|p1a: Sinistcha|Shadow Ball|p2a: Sinistcha\n|-supereffective|p2a: Sinistcha|1\n|-crit|p2a: Sinistcha\n|-damage|p2a: Sinistcha|0 fnt\n|faint|p2a: Sinistcha\n|\n|upkeep\n|\n|t:|1776571471\n|switch|p2a: Kommo-o|Kommo-o, L50, M|100/100\n|turn|4\n|\n|t:|1776571493\n|switch|p1b: Pelipper|Pelipper, L50, F|100/100\n|-weather|RainDance|[from] ability: Drizzle|[of] p1b: Pelipper\n|move|p2b: Steelix|Heavy Slam|p1a: Sinistcha\n|-damage|p1a: Sinistcha|51/100\n|move|p2a: Kommo-o|Clangorous Soul|p2a: Kommo-o\n|-boost|p2a: Kommo-o|atk|1\n|-boost|p2a: Kommo-o|def|1\n|-boost|p2a: Kommo-o|spa|1\n|-boost|p2a: Kommo-o|spd|1\n|-boost|p2a: Kommo-o|spe|1\n|-damage|p2a: Kommo-o|68/100\n|move|p1a: Sinistcha|Trick Room|p1a: Sinistcha\n|-fieldend|move: Trick Room\n|\n|-weather|RainDance|[upkeep]\n|-heal|p2a: Kommo-o|74/100|[from] item: Leftovers\n|upkeep\n|turn|5\n|inactive|Tokimeki Heart has 30 seconds left.\n|inactive|wzzlr has 30 seconds left.\n|inactive|Tokimeki Heart has 20 seconds left.\n|\n|t:|1776571532\n|move|p2b: Steelix|Protect|p2b: Steelix\n|-singleturn|p2b: Steelix|Protect\n|move|p2a: Kommo-o|Clanging Scales|p1a: Sinistcha|[spread] p1a,p1b\n|-damage|p1a: Sinistcha|0 fnt\n|-damage|p1b: Pelipper|34/100\n|faint|p1a: Sinistcha\n|-unboost|p2a: Kommo-o|def|1\n|move|p1b: Pelipper|Hurricane|p2a: Kommo-o\n|-supereffective|p2a: Kommo-o|1\n|-damage|p2a: Kommo-o|10/100\n|\n|-weather|RainDance|[upkeep]\n|-heal|p2a: Kommo-o|16/100|[from] item: Leftovers\n|upkeep\n|\n|t:|1776571547\n|switch|p1a: Palafin|Palafin-Hero, L50, F|100/100\n|-activate|p1a: Palafin|ability: Zero to Hero\n|turn|6\n|\n|t:|1776571567\n|move|p1a: Palafin|Wave Crash|p2b: Steelix\n|-supereffective|p2b: Steelix|1\n|-damage|p2b: Steelix|61/100\n|-damage|p1a: Palafin|87/100|[from] Recoil\n|move|p2a: Kommo-o|Clanging Scales|p1b: Pelipper|[spread] p1a,p1b\n|-damage|p1a: Palafin|24/100\n|-damage|p1b: Pelipper|0 fnt\n|faint|p1b: Pelipper\n|-unboost|p2a: Kommo-o|def|1\n|move|p2b: Steelix|Body Press|p1a: Palafin\n|-damage|p1a: Palafin|0 fnt\n|faint|p1a: Palafin\n|\n|-weather|RainDance|[upkeep]\n|-heal|p2a: Kommo-o|22/100|[from] item: Leftovers\n|upkeep\n|c|\u2606wzzlr|yum\n|\n|t:|1776571586\n|switch|p1a: Aggron|Aggron-Mega, L50, M|100/100\n|turn|7\n|\n|t:|1776571592\n|move|p2a: Kommo-o|Aura Sphere|p1a: Aggron\n|-supereffective|p1a: Aggron|1\n|-damage|p1a: Aggron|0 fnt\n|faint|p1a: Aggron\n|\n|win|wzzlr\n|raw|Tokimeki Heart's rating: 1289 &rarr; <strong>1266</strong><br />(-23 for losing)\n|raw|wzzlr's rating: 1320 &rarr; <strong>1338</strong><br />(+18 for winning)\n",
  "uploadtime": 1776571596,
  "views": 26,
  "formatid": "gen9championsvgc2026regma",
  "rating": 1266,
  "private": 0,
  "password": null
}