{
  "id": "gen9championsvgc2026regma-2585801642",
  "format": "[Gen 9 Champions] VGC 2026 Reg M-A",
  "players": [
    "DrakeLong",
    "don arza"
  ],
  "log": "|j|\u2606DrakeLong\n|j|\u2606don arza\n|t:|1776371652\n|gametype|doubles\n|player|p1|DrakeLong|265|1117\n|player|p2|don arza|169|1121\n|gen|9\n|tier|[Gen 9 Champions] VGC 2026 Reg M-A\n|rated|\n|rule|Species Clause: Limit one of each Pok\u00e9mon\n|rule|Item Clause: Limit 1 of each item\n|clearpoke\n|poke|p1|Blastoise, L50, F|\n|poke|p1|Vivillon-Pokeball, L50, F|\n|poke|p1|Incineroar, L50, F|\n|poke|p1|Kommo-o, L50, F|\n|poke|p1|Lucario, L50, F|\n|poke|p1|Basculegion, L50, M|\n|poke|p2|Pelipper, L50, M|\n|poke|p2|Basculegion-F, L50, F|\n|poke|p2|Dragonite, L50, M|\n|poke|p2|Sinistcha, L50|\n|poke|p2|Archaludon, L50, M|\n|poke|p2|Incineroar, L50, F|\n|teampreview|4\n|inactive|Battle timer is ON: inactive players will automatically lose when time's up. (requested by DrakeLong)\n|\n|t:|1776371699\n|teamsize|p1|4\n|teamsize|p2|4\n|start\n|switch|p1a: Vivillon|Vivillon-Pokeball, L50, F|100/100\n|switch|p1b: Kommo-o|Kommo-o, L50, F|100/100\n|switch|p2a: Pelipper|Pelipper, L50, M|100/100\n|switch|p2b: Dragonite|Dragonite, L50, M|100/100\n|-weather|RainDance|[from] ability: Drizzle|[of] p2a: Pelipper\n|turn|1\n|inactive|DrakeLong has 30 seconds left.\n|inactive|DrakeLong has 20 seconds left.\n|\n|t:|1776371737\n|detailschange|p2b: Dragonite|Dragonite-Mega, L50, M\n|-mega|p2b: Dragonite|Dragonite|Dragoninite\n|move|p1a: Vivillon|Sleep Powder|p2a: Pelipper\n|-status|p2a: Pelipper|slp|[from] move: Sleep Powder\n|move|p2b: Dragonite|Hurricane|p1b: Kommo-o\n|-supereffective|p1b: Kommo-o|1\n|-damage|p1b: Kommo-o|9/100\n|-enditem|p1b: Kommo-o|Sitrus Berry|[eat]\n|-heal|p1b: Kommo-o|34/100|[from] item: Sitrus Berry\n|move|p1b: Kommo-o|Clangorous Soul|p1b: Kommo-o\n|-boost|p1b: Kommo-o|atk|1\n|-boost|p1b: Kommo-o|def|1\n|-boost|p1b: Kommo-o|spa|1\n|-boost|p1b: Kommo-o|spd|1\n|-boost|p1b: Kommo-o|spe|1\n|-damage|p1b: Kommo-o|1/100\n|cant|p2a: Pelipper|slp\n|\n|-weather|RainDance|[upkeep]\n|upkeep\n|turn|2\n|inactive|DrakeLong has 30 seconds left.\n|inactive|don arza has 30 seconds left.\n|inactive|don arza has 20 seconds left.\n|inactive|don arza has 15 seconds left.\n|\n|t:|1776371782\n|move|p2b: Dragonite|Protect|p2b: Dragonite\n|-singleturn|p2b: Dragonite|Protect\n|move|p1a: Vivillon|Rage Powder|p1a: Vivillon\n|-singleturn|p1a: Vivillon|move: Rage Powder\n|move|p1b: Kommo-o|Clanging Scales|p2a: Pelipper|[spread] p2a\n|-activate|p2b: Dragonite|move: Protect\n|-damage|p2a: Pelipper|10/100 slp\n|-unboost|p1b: Kommo-o|def|1\n|-curestatus|p2a: Pelipper|slp|[msg]\n|move|p2a: Pelipper|Tailwind|p2a: Pelipper\n|-sidestart|p2: don arza|move: Tailwind\n|\n|-weather|RainDance|[upkeep]\n|upkeep\n|turn|3\n|inactive|don arza has 30 seconds left.\n|\n|t:|1776371813\n|move|p1a: Vivillon|Rage Powder|p1a: Vivillon\n|-singleturn|p1a: Vivillon|move: Rage Powder\n|move|p2b: Dragonite|Hurricane|p1a: Vivillon\n|-supereffective|p1a: Vivillon|1\n|-enditem|p1a: Vivillon|Focus Sash\n|-damage|p1a: Vivillon|1/100\n|move|p2a: Pelipper|Weather Ball|p1a: Vivillon\n|-damage|p1a: Vivillon|0 fnt\n|faint|p1a: Vivillon\n|move|p1b: Kommo-o|Clanging Scales|p2a: Pelipper|[spread] p2a,p2b\n|-supereffective|p2b: Dragonite|1\n|-damage|p2a: Pelipper|0 fnt\n|-damage|p2b: Dragonite|55/100\n|faint|p2a: Pelipper\n|-unboost|p1b: Kommo-o|def|1\n|\n|-weather|RainDance|[upkeep]\n|upkeep\n|inactive|DrakeLong has 30 seconds left.\n|\n|t:|1776371843\n|switch|p1a: Incineroar|Incineroar, L50, F|100/100\n|switch|p2a: Archaludon|Archaludon, L50, M|100/100\n|-ability|p1a: Incineroar|Intimidate|boost\n|-unboost|p2a: Archaludon|atk|1\n|-unboost|p2b: Dragonite|atk|1\n|turn|4\n|inactive|DrakeLong has 30 seconds left.\n|inactive|don arza has 30 seconds left.\n|\n|t:|1776371878\n|move|p1b: Kommo-o|Protect|p1b: Kommo-o\n|-singleturn|p1b: Kommo-o|Protect\n|move|p1a: Incineroar|Fake Out|p2b: Dragonite\n|-crit|p2b: Dragonite\n|-damage|p2b: Dragonite|40/100\n|cant|p2b: Dragonite|flinch\n|move|p2a: Archaludon|Electro Shot||[still]\n|-prepare|p2a: Archaludon|Electro Shot\n|-boost|p2a: Archaludon|spa|1\n|-anim|p2a: Archaludon|Electro Shot|p1b: Kommo-o\n|-activate|p1b: Kommo-o|move: Protect\n|\n|-weather|RainDance|[upkeep]\n|upkeep\n|turn|5\n|\n|t:|1776371901\n|move|p1b: Kommo-o|Protect||[still]\n|-fail|p1b: Kommo-o\n|move|p2b: Dragonite|Hurricane|p1a: Incineroar\n|-damage|p1a: Incineroar|37/100\n|-start|p1a: Incineroar|confusion\n|move|p2a: Archaludon|Electro Shot||[still]\n|-prepare|p2a: Archaludon|Electro Shot\n|-boost|p2a: Archaludon|spa|1\n|-anim|p2a: Archaludon|Electro Shot|p1b: Kommo-o\n|-resisted|p1b: Kommo-o|1\n|-damage|p1b: Kommo-o|0 fnt\n|faint|p1b: Kommo-o\n|-activate|p1a: Incineroar|confusion\n|-damage|p1a: Incineroar|25/100|[from] confusion\n|\n|-weather|none\n|-heal|p1a: Incineroar|31/100|[from] item: Leftovers\n|-sideend|p2: don arza|move: Tailwind\n|upkeep\n|\n|t:|1776371919\n|switch|p1b: Lucario|Lucario, L50, F|100/100\n|turn|6\n|inactive|don arza has 30 seconds left.\n|inactive|DrakeLong has 30 seconds left.\n|inactive|don arza has 20 seconds left.\n|inactive|don arza has 15 seconds left.\n|inactive|don arza has 10 seconds left.\n|\n|t:|1776371965\n|detailschange|p1b: Lucario|Lucario-Mega, L50, F\n|-mega|p1b: Lucario|Lucario|Lucarionite\n|move|p2b: Dragonite|Protect|p2b: Dragonite\n|-singleturn|p2b: Dragonite|Protect\n|move|p1b: Lucario|Extreme Speed|p2b: Dragonite\n|-activate|p2b: Dragonite|move: Protect\n|move|p2a: Archaludon|Draco Meteor|p1a: Incineroar\n|-damage|p1a: Incineroar|0 fnt\n|-unboost|p2a: Archaludon|spa|2\n|faint|p1a: Incineroar\n|\n|upkeep\n|turn|7\n|c|\u2606DrakeLong|?\n|c|\u2606DrakeLong|that was the worst move u couldve made\n|inactive|DrakeLong has 30 seconds left.\n|inactive|don arza has 30 seconds left.\n|inactive|don arza has 20 seconds left.\n|\n|t:|1776372002\n|move|p1b: Lucario|Close Combat|p2a: Archaludon\n|-supereffective|p2a: Archaludon|1\n|-damage|p2a: Archaludon|0 fnt\n|-unboost|p1b: Lucario|def|1\n|-unboost|p1b: Lucario|spd|1\n|faint|p2a: Archaludon\n|move|p2b: Dragonite|Hurricane|p1b: Lucario|[miss]\n|-miss|p2b: Dragonite|p1b: Lucario\n|\n|upkeep\n|\n|t:|1776372008\n|switch|p2a: Basculegion|Basculegion-F, L50, F|100/100\n|turn|8\n|-message|DrakeLong forfeited.\n|\n|win|don arza\n|raw|DrakeLong's rating: 1117 &rarr; <strong>1092</strong><br />(-25 for losing)\n|raw|don arza's rating: 1121 &rarr; <strong>1146</strong><br />(+25 for winning)\n|l|\u2606DrakeLong\n|player|p1|\n",
  "uploadtime": 1776372025,
  "views": 14,
  "formatid": "gen9championsvgc2026regma",
  "rating": 1092,
  "private": 0,
  "password": null
}