{
  "id": "gen9championsvgc2026regma-2582878333",
  "format": "[Gen 9 Champions] VGC 2026 Reg M-A",
  "players": [
    "forecas",
    "b(r)2"
  ],
  "log": "|j|\u2606forecas\n|j|\u2606b(r)2\n|t:|1776121393\n|gametype|doubles\n|player|p1|forecas|lance|1046\n|player|p2|b(r)2|pryce|1030\n|gen|9\n|tier|[Gen 9 Champions] VGC 2026 Reg M-A\n|rated|\n|rule|Species Clause: Limit one of each Pok\u00e9mon\n|rule|Item Clause: Limit 1 of each item\n|clearpoke\n|poke|p1|Pelipper, L50, F|\n|poke|p1|Palafin, L50, F|\n|poke|p1|Dragonite, L50, M|\n|poke|p1|Sinistcha, L50|\n|poke|p1|Archaludon, L50, M|\n|poke|p1|Basculegion, L50, M|\n|poke|p2|Scovillain, L50, F|\n|poke|p2|Basculegion-F, L50, F|\n|poke|p2|Sableye, L50, F|\n|poke|p2|Sylveon, L50, M|\n|poke|p2|Kingambit, L50, M|\n|poke|p2|Sneasler, L50, M|\n|teampreview|4\n|inactive|Battle timer is ON: inactive players will automatically lose when time's up. (requested by forecas)\n|inactive|forecas has 60 seconds left.\n|inactive|b(r)2 has 60 seconds left.\n|\n|t:|1776121429\n|teamsize|p1|4\n|teamsize|p2|4\n|start\n|switch|p1a: Pelipper|Pelipper, L50, F|100/100\n|switch|p1b: Palafin|Palafin, L50, F|100/100\n|switch|p2a: Sableye|Sableye, L50, F|100/100\n|switch|p2b: Scovillain|Scovillain, L50, F|100/100\n|-weather|RainDance|[from] ability: Drizzle|[of] p1a: Pelipper\n|turn|1\n|\n|t:|1776121446\n|move|p2b: Scovillain|Protect|p2b: Scovillain\n|-singleturn|p2b: Scovillain|Protect\n|move|p2a: Sableye|Thunder Wave|p1b: Palafin\n|-status|p1b: Palafin|par\n|move|p1a: Pelipper|Hurricane|p2b: Scovillain\n|-activate|p2b: Scovillain|move: Protect\n|move|p1b: Palafin|Flip Turn|p2b: Scovillain\n|-activate|p2b: Scovillain|move: Protect\n|\n|-weather|RainDance|[upkeep]\n|-ability|p2b: Scovillain|Moody|boost\n|-boost|p2b: Scovillain|spa|2\n|-unboost|p2b: Scovillain|def|1\n|upkeep\n|turn|2\n|inactive|b(r)2 has 30 seconds left.\n|inactive|b(r)2 has 20 seconds left.\n|inactive|b(r)2 has 15 seconds left.\n|\n|t:|1776121487\n|switch|p2b: Sylveon|Sylveon, L50, M|100/100\n|move|p2a: Sableye|Encore|p1a: Pelipper\n|-start|p1a: Pelipper|Encore\n|move|p1a: Pelipper|Hurricane|p2a: Sableye\n|-damage|p2a: Sableye|60/100\n|move|p1b: Palafin|Flip Turn|p2a: Sableye\n|-damage|p2a: Sableye|2/100\n|\n|t:|1776121498\n|detailschange|p1b: Palafin|Palafin-Hero, L50, F\n|switch|p1b: Archaludon|Archaludon, L50, M|100/100|[from] Flip Turn\n|\n|-weather|RainDance|[upkeep]\n|upkeep\n|turn|3\n|\n|t:|1776121512\n|move|p2a: Sableye|Thunder Wave|p1b: Archaludon\n|-status|p1b: Archaludon|par\n|move|p1a: Pelipper|Hurricane|p2a: Sableye\n|-damage|p2a: Sableye|0 fnt\n|faint|p2a: Sableye\n|move|p2b: Sylveon|Hyper Voice|p1a: Pelipper|[spread] p1a,p1b\n|-damage|p1a: Pelipper|40/100\n|-damage|p1b: Archaludon|41/100 par\n|-ability|p1b: Archaludon|Stamina|boost\n|-boost|p1b: Archaludon|def|1\n|cant|p1b: Archaludon|par\n|\n|-weather|RainDance|[upkeep]\n|-heal|p1a: Pelipper|46/100|[from] item: Leftovers\n|upkeep\n|\n|t:|1776121523\n|switch|p2a: Basculegion|Basculegion-F, L50, F|100/100\n|turn|4\n|\n|t:|1776121532\n|switch|p1a: Palafin|Palafin-Hero, L50, F|100/100 par\n|-activate|p1a: Palafin|ability: Zero to Hero\n|move|p2a: Basculegion|Hex|p1b: Archaludon\n|-damage|p1b: Archaludon|0 fnt\n|faint|p1b: Archaludon\n|move|p2b: Sylveon|Hyper Voice|p1a: Palafin\n|-damage|p1a: Palafin|19/100 par\n|\n|-weather|RainDance|[upkeep]\n|upkeep\n|\n|t:|1776121544\n|switch|p1b: Dragonite|Dragonite, L50, M, shiny|100/100\n|turn|5\n|\n|t:|1776121558\n|detailschange|p1b: Dragonite|Dragonite-Mega, L50, M, shiny\n|-mega|p1b: Dragonite|Dragonite|Dragoninite\n|move|p1a: Palafin|Jet Punch|p2b: Sylveon\n|-damage|p2b: Sylveon|5/100\n|move|p2a: Basculegion|Hex|p1a: Palafin\n|-damage|p1a: Palafin|0 fnt\n|faint|p1a: Palafin\n|move|p1b: Dragonite|Thunder|p2a: Basculegion\n|-supereffective|p2a: Basculegion|1\n|-damage|p2a: Basculegion|0 fnt\n|faint|p2a: Basculegion\n|move|p2b: Sylveon|Hyper Voice|p1b: Dragonite\n|-supereffective|p1b: Dragonite|1\n|-crit|p1b: Dragonite\n|-damage|p1b: Dragonite|16/100\n|\n|-weather|none\n|upkeep\n|\n|t:|1776121572\n|switch|p1a: Pelipper|Pelipper, L50, F|46/100\n|switch|p2a: Scovillain|Scovillain, L50, F|100/100\n|-weather|RainDance|[from] ability: Drizzle|[of] p1a: Pelipper\n|turn|6\n|\n|t:|1776121584\n|move|p2a: Scovillain|Protect|p2a: Scovillain\n|-singleturn|p2a: Scovillain|Protect\n|move|p2b: Sylveon|Detect|p2b: Sylveon\n|-singleturn|p2b: Sylveon|Protect\n|move|p1b: Dragonite|Extreme Speed|p2b: Sylveon\n|-activate|p2b: Sylveon|move: Protect\n|move|p1a: Pelipper|Hurricane|p2a: Scovillain\n|-activate|p2a: Scovillain|move: Protect\n|\n|-weather|RainDance|[upkeep]\n|-heal|p1a: Pelipper|52/100|[from] item: Leftovers\n|-ability|p2a: Scovillain|Moody|boost\n|-boost|p2a: Scovillain|spe|2\n|-unboost|p2a: Scovillain|def|1\n|upkeep\n|turn|7\n|\n|t:|1776121608\n|detailschange|p2a: Scovillain|Scovillain-Mega, L50, F\n|-mega|p2a: Scovillain|Scovillain|Scovillainite\n|move|p1a: Pelipper|Wide Guard|p1a: Pelipper\n|-singleturn|p1a: Pelipper|Wide Guard\n|move|p2a: Scovillain|Rage Powder|p2a: Scovillain\n|-singleturn|p2a: Scovillain|move: Rage Powder\n|move|p1b: Dragonite|Extreme Speed|p2a: Scovillain\n|-damage|p2a: Scovillain|75/100\n|-status|p1b: Dragonite|brn|[from] ability: Spicy Spray|[of] p2a: Scovillain\n|move|p2b: Sylveon|Quick Attack|p1b: Dragonite\n|-supereffective|p1b: Dragonite|1\n|-damage|p1b: Dragonite|0 fnt\n|faint|p1b: Dragonite\n|\n|-weather|RainDance|[upkeep]\n|-heal|p1a: Pelipper|58/100|[from] item: Leftovers\n|upkeep\n|turn|8\n|\n|t:|1776121633\n|move|p2a: Scovillain|Leech Seed|p1a: Pelipper\n|-start|p1a: Pelipper|move: Leech Seed\n|move|p1a: Pelipper|Hurricane|p2a: Scovillain\n|-supereffective|p2a: Scovillain|1\n|-damage|p2a: Scovillain|1/100\n|-start|p2a: Scovillain|confusion\n|-status|p1a: Pelipper|brn|[from] ability: Spicy Spray|[of] p2a: Scovillain\n|move|p2b: Sylveon|Hyper Voice|p1a: Pelipper\n|-damage|p1a: Pelipper|0 fnt\n|faint|p1a: Pelipper\n|\n|win|b(r)2\n|raw|forecas's rating: 1046 &rarr; <strong>1028</strong><br />(-18 for losing)\n|raw|b(r)2's rating: 1030 &rarr; <strong>1067</strong><br />(+37 for winning)\n|l|\u2606forecas\n|player|p1|\n",
  "uploadtime": 1776121644,
  "views": 18,
  "formatid": "gen9championsvgc2026regma",
  "rating": 1028,
  "private": 0,
  "password": null
}