{
  "id": "gen9championsvgc2026regma-2588638917",
  "format": "[Gen 9 Champions] VGC 2026 Reg M-A",
  "players": [
    "Miles_ath",
    "hurahh"
  ],
  "log": "|j|\u2606Miles_ath\n|j|\u2606hurahh\n|t:|1776652668\n|gametype|doubles\n|player|p1|Miles_ath|169|1222\n|player|p2|hurahh|169|1123\n|gen|9\n|tier|[Gen 9 Champions] VGC 2026 Reg M-A\n|rated|\n|rule|Species Clause: Limit one of each Pok\u00e9mon\n|rule|Item Clause: Limit 1 of each item\n|clearpoke\n|poke|p1|Aegislash, L50, M|\n|poke|p1|Scovillain, L50, F|\n|poke|p1|Sinistcha-Masterpiece, L50|\n|poke|p1|Gyarados, L50, F|\n|poke|p1|Ninetales-Alola, L50, M|\n|poke|p1|Aerodactyl, L50, F|\n|poke|p2|Gengar, L50, M|\n|poke|p2|Aerodactyl, L50, M|\n|poke|p2|Sinistcha-Masterpiece, L50|\n|poke|p2|Milotic, L50, M|\n|poke|p2|Delphox, L50, M|\n|poke|p2|Incineroar, L50, F|\n|teampreview|4\nhurahh rejected open team sheets.\n|\n|t:|1776652712\n|teamsize|p1|4\n|teamsize|p2|4\n|start\n|switch|p1a: Ninetales|Ninetales-Alola, L50, M|100/100\n|switch|p1b: Aerodactyl|Aerodactyl, L50, F|100/100\n|switch|p2a: Aerodactyl|Aerodactyl, L50, M|100/100\n|switch|p2b: Milotic|Milotic, L50, M|100/100\n|-ability|p2a: Aerodactyl|Unnerve\n|-ability|p1b: Aerodactyl|Pressure\n|-weather|Snowscape|[from] ability: Snow Warning|[of] p1a: Ninetales\n|turn|1\n|\n|t:|1776652729\n|move|p2a: Aerodactyl|Tailwind|p2a: Aerodactyl\n|-sidestart|p2: hurahh|move: Tailwind\n|move|p2b: Milotic|Scald|p1b: Aerodactyl\n|-supereffective|p1b: Aerodactyl|1\n|-enditem|p1b: Aerodactyl|Focus Sash\n|-damage|p1b: Aerodactyl|1/100\n|-status|p1b: Aerodactyl|brn\n|move|p1b: Aerodactyl|Rock Slide|p2b: Milotic|[spread] p2a,p2b\n|-supereffective|p2a: Aerodactyl|1\n|-damage|p2a: Aerodactyl|68/100\n|-damage|p2b: Milotic|90/100\n|move|p1a: Ninetales|Blizzard|p2a: Aerodactyl|[spread] p2a,p2b\n|-supereffective|p2a: Aerodactyl|1\n|-resisted|p2b: Milotic|1\n|-damage|p2a: Aerodactyl|0 fnt\n|-damage|p2b: Milotic|80/100\n|faint|p2a: Aerodactyl\n|\n|-weather|Snowscape|[upkeep]\n|-heal|p2b: Milotic|86/100|[from] item: Leftovers\n|-damage|p1b: Aerodactyl|0 fnt|[from] brn\n|faint|p1b: Aerodactyl\n|upkeep\n|\n|t:|1776652748\n|switch|p2a: Delphox|Delphox, L50, M|100/100\n|switch|p1b: Aegislash|Aegislash, L50, M|100/100\n|turn|2\n|\n|t:|1776652769\n|detailschange|p2a: Delphox|Delphox-Mega, L50, M\n|-mega|p2a: Delphox|Delphox|Delphoxite\n|move|p2a: Delphox|Heat Wave|p1a: Ninetales|[spread] \n|-miss|p2a: Delphox|p1a: Ninetales\n|-miss|p2a: Delphox|p1b: Aegislash\n|move|p2b: Milotic|Scald|p1a: Ninetales\n|-damage|p1a: Ninetales|64/100\n|move|p1a: Ninetales|Aurora Veil|p1a: Ninetales\n|-sidestart|p1: Miles_ath|move: Aurora Veil\n|move|p1b: Aegislash|Substitute|p1b: Aegislash\n|-start|p1b: Aegislash|Substitute\n|-damage|p1b: Aegislash|76/100\n|\n|-weather|Snowscape|[upkeep]\n|-heal|p2b: Milotic|92/100|[from] item: Leftovers\n|-heal|p1b: Aegislash|82/100|[from] item: Leftovers\n|upkeep\n|turn|3\n|\n|t:|1776652791\n|-formechange|p1b: Aegislash|Aegislash-Blade|\n|move|p1b: Aegislash|Shadow Sneak|p2a: Delphox\n|-supereffective|p2a: Delphox|1\n|-damage|p2a: Delphox|37/100\n|move|p2a: Delphox|Heat Wave|p1b: Aegislash|[spread] p1a,p1b\n|-supereffective|p1b: Aegislash|1\n|-end|p1b: Aegislash|Substitute\n|-supereffective|p1a: Ninetales|1\n|-damage|p1a: Ninetales|0 fnt\n|faint|p1a: Ninetales\n|move|p2b: Milotic|Scald|p1b: Aegislash\n|-damage|p1b: Aegislash|46/100\n|\n|-weather|Snowscape|[upkeep]\n|-heal|p2b: Milotic|98/100|[from] item: Leftovers\n|-heal|p1b: Aegislash|52/100|[from] item: Leftovers\n|upkeep\n|\n|t:|1776652804\n|switch|p1a: Gyarados|Gyarados, L50, F|100/100\n|-ability|p1a: Gyarados|Intimidate|boost\n|-unboost|p2a: Delphox|atk|1\n|-unboost|p2b: Milotic|atk|1\n|turn|4\n|\n|t:|1776652816\n|detailschange|p1a: Gyarados|Gyarados-Mega, L50, F\n|-mega|p1a: Gyarados|Gyarados|Gyaradosite\n|-ability|p1a: Gyarados|Mold Breaker\n|move|p1b: Aegislash|Shadow Sneak|p2a: Delphox\n|-supereffective|p2a: Delphox|1\n|-damage|p2a: Delphox|0 fnt\n|faint|p2a: Delphox\n|move|p2b: Milotic|Scald|p1a: Gyarados\n|-resisted|p1a: Gyarados|1\n|-damage|p1a: Gyarados|91/100\n|move|p1a: Gyarados|Dragon Dance|p1a: Gyarados\n|-boost|p1a: Gyarados|atk|1\n|-boost|p1a: Gyarados|spe|1\n|\n|-weather|Snowscape|[upkeep]\n|-heal|p2b: Milotic|100/100|[from] item: Leftovers\n|-heal|p1b: Aegislash|58/100|[from] item: Leftovers\n|-sideend|p2: hurahh|move: Tailwind\n|upkeep\n|\n|t:|1776652830\n|switch|p2a: Incineroar|Incineroar, L50, F|100/100\n|-ability|p2a: Incineroar|Intimidate|boost\n|-unboost|p1a: Gyarados|atk|1\n|-unboost|p1b: Aegislash|atk|1\n|turn|5\n|\n|t:|1776652860\n|move|p1a: Gyarados|Protect|p1a: Gyarados\n|-singleturn|p1a: Gyarados|Protect\n|move|p2a: Incineroar|Fake Out|p1a: Gyarados\n|-activate|p1a: Gyarados|move: Protect\n|move|p2b: Milotic|Scald|p1b: Aegislash\n|-damage|p1b: Aegislash|20/100\n|move|p1b: Aegislash|Substitute|p1b: Aegislash\n|-fail|p1b: Aegislash|move: Substitute|[weak]\n|\n|-weather|none\n|-heal|p1b: Aegislash|26/100|[from] item: Leftovers\n|upkeep\n|turn|6\n|\n|t:|1776652883\n|-formechange|p1b: Aegislash|Aegislash|\n|move|p1b: Aegislash|King's Shield|p1b: Aegislash\n|-singleturn|p1b: Aegislash|Protect\n|move|p2a: Incineroar|Protect|p2a: Incineroar\n|-singleturn|p2a: Incineroar|Protect\n|move|p1a: Gyarados|Crunch|p2b: Milotic\n|-damage|p2b: Milotic|43/100\n|-unboost|p2b: Milotic|def|1\n|move|p2b: Milotic|Scald|p1b: Aegislash\n|-activate|p1b: Aegislash|move: Protect\n|\n|-heal|p2b: Milotic|49/100|[from] item: Leftovers\n|-heal|p1b: Aegislash|32/100|[from] item: Leftovers\n|-sideend|p1: Miles_ath|move: Aurora Veil\n|upkeep\n|turn|7\n|\n|t:|1776652901\n|move|p1a: Gyarados|Crunch|p2b: Milotic\n|-damage|p2b: Milotic|0 fnt\n|faint|p2b: Milotic\n|move|p1b: Aegislash|Substitute|p1b: Aegislash\n|-start|p1b: Aegislash|Substitute\n|-damage|p1b: Aegislash|7/100\n|move|p2a: Incineroar|Flare Blitz|p1b: Aegislash\n|-supereffective|p1b: Aegislash|1\n|-end|p1b: Aegislash|Substitute\n|-damage|p2a: Incineroar|95/100|[from] Recoil|[of] p1b: Aegislash\n|\n|-heal|p1b: Aegislash|13/100|[from] item: Leftovers\n|upkeep\n|turn|8\n|\n|t:|1776652914\n|move|p1b: Aegislash|King's Shield|p1b: Aegislash\n|-singleturn|p1b: Aegislash|Protect\n|move|p1a: Gyarados|Waterfall|p2a: Incineroar\n|-supereffective|p2a: Incineroar|1\n|-damage|p2a: Incineroar|0 fnt\n|faint|p2a: Incineroar\n|\n|win|Miles_ath\n|raw|Miles_ath's rating: 1222 &rarr; <strong>1240</strong><br />(+18 for winning)\n|raw|hurahh's rating: 1123 &rarr; <strong>1105</strong><br />(-18 for losing)\n|l|\u2606hurahh\n|player|p2|\n",
  "uploadtime": 1776652924,
  "views": 3,
  "formatid": "gen9championsvgc2026regma",
  "rating": 1105,
  "private": 0,
  "password": null
}