{
  "id": "gen9championsvgc2026regma-2588551273",
  "format": "[Gen 9 Champions] VGC 2026 Reg M-A",
  "players": [
    "Drumcat",
    "OJ32"
  ],
  "log": "|j|\u2606Drumcat\n|j|\u2606OJ32\n|t:|1776644139\n|gametype|doubles\n|player|p1|Drumcat|2|1049\n|player|p2|OJ32|1|1129\n|gen|9\n|tier|[Gen 9 Champions] VGC 2026 Reg M-A\n|rated|\n|rule|Species Clause: Limit one of each Pok\u00e9mon\n|rule|Item Clause: Limit 1 of each item\n|clearpoke\n|poke|p1|Lopunny, L50, F|\n|poke|p1|Kommo-o, L50, F|\n|poke|p1|Whimsicott, L50, F|\n|poke|p1|Zoroark-Hisui, L50, M|\n|poke|p1|Sableye, L50, M|\n|poke|p1|Weavile, L50, M|\n|poke|p2|Sneasler, L50, F|\n|poke|p2|Garchomp, L50, F|\n|poke|p2|Sinistcha, L50|\n|poke|p2|Floette-Eternal, L50, F|\n|poke|p2|Aerodactyl, L50, F|\n|poke|p2|Milotic, L50, M|\n|teampreview|4\n|inactive|Battle timer is ON: inactive players will automatically lose when time's up. (requested by OJ32)\nDrumcat rejected open team sheets.\n|\n|t:|1776644164\n|teamsize|p1|4\n|teamsize|p2|4\n|start\n|switch|p1a: Weavile|Weavile, L50, M|100/100\n|switch|p1b: Lopunny|Lopunny, L50, F|100/100\n|switch|p2a: Aerodactyl|Aerodactyl, L50, F|100/100\n|switch|p2b: Sneasler|Sneasler, L50, F|100/100\n|-ability|p2a: Aerodactyl|Unnerve\n|turn|1\n|\n|t:|1776644182\n|move|p2a: Aerodactyl|Protect|p2a: Aerodactyl\n|-singleturn|p2a: Aerodactyl|Protect\n|move|p2b: Sneasler|Protect|p2b: Sneasler\n|-singleturn|p2b: Sneasler|Protect\n|move|p1a: Weavile|Fake Out|p2a: Aerodactyl\n|-activate|p2a: Aerodactyl|move: Protect\n|move|p1b: Lopunny|Hyper Voice|p2a: Aerodactyl|[spread] \n|-activate|p2a: Aerodactyl|move: Protect\n|-activate|p2b: Sneasler|move: Protect\n|\n|upkeep\n|turn|2\n|\n|t:|1776644196\n|move|p2a: Aerodactyl|Tailwind|p2a: Aerodactyl\n|-sidestart|p2: OJ32|move: Tailwind\n|move|p2b: Sneasler|Dire Claw|p1b: Lopunny\n|-resisted|p1b: Lopunny|1\n|-damage|p1b: Lopunny|60/100\n|-status|p1b: Lopunny|psn\n|replace|p1b: Zoroark|Zoroark-Hisui, L50, M\n|-end|p1b: Zoroark|Illusion\n|move|p1a: Weavile|Triple Axel|p2a: Aerodactyl\n|-supereffective|p2a: Aerodactyl|1\n|-damage|p2a: Aerodactyl|66/100\n|-supereffective|p2a: Aerodactyl|1\n|-damage|p2a: Aerodactyl|5/100\n|-hitcount|p2a: Aerodactyl|2\n|move|p1b: Zoroark|Hyper Voice|p2a: Aerodactyl|[spread] p2a,p2b\n|-resisted|p2a: Aerodactyl|1\n|-damage|p2a: Aerodactyl|0 fnt\n|-damage|p2b: Sneasler|48/100\n|faint|p2a: Aerodactyl\n|\n|-damage|p1b: Zoroark|47/100 psn|[from] psn\n|upkeep\n|\n|t:|1776644201\n|switch|p2a: Floette|Floette-Eternal, L50, F|100/100\n|turn|3\n|inactive|Drumcat has 30 seconds left.\n|\n|t:|1776644231\n|switch|p1a: Sableye|Sableye, L50, M|100/100\n|detailschange|p2a: Floette|Floette-Mega, L50, F\n|-mega|p2a: Floette|Floette|Floettite\n|-ability|p2a: Floette|Fairy Aura\n|move|p2b: Sneasler|Close Combat|p1a: Sableye\n|-immune|p1a: Sableye\n|move|p2a: Floette|Dazzling Gleam|p1b: Zoroark|[spread] p1a,p1b\n|-supereffective|p1a: Sableye|1\n|-damage|p1a: Sableye|0 fnt\n|-damage|p1b: Zoroark|0 fnt\n|faint|p1a: Sableye\n|faint|p1b: Zoroark\n|\n|upkeep\n|\n|t:|1776644241\n|switch|p1b: Lopunny|Lopunny, L50, F|100/100\n|switch|p1a: Weavile|Weavile, L50, M|100/100\n|turn|4\n|inactive|Drumcat has 30 seconds left.\n|\n|t:|1776644270\n|detailschange|p1b: Lopunny|Lopunny-Mega, L50, F\n|-mega|p1b: Lopunny|Lopunny|Lopunnite\n|move|p2b: Sneasler|Protect|p2b: Sneasler\n|-singleturn|p2b: Sneasler|Protect\n|move|p2a: Floette|Protect|p2a: Floette\n|-singleturn|p2a: Floette|Protect\n|move|p1a: Weavile|Fake Out|p2b: Sneasler\n|-activate|p2b: Sneasler|move: Protect\n|move|p1b: Lopunny|Mega Kick|p2a: Floette\n|-activate|p2a: Floette|move: Protect\n|\n|upkeep\n|turn|5\n|-message|Drumcat forfeited.\n|\n|win|OJ32\n|raw|Drumcat's rating: 1049 &rarr; <strong>1036</strong><br />(-13 for losing)\n|raw|OJ32's rating: 1129 &rarr; <strong>1148</strong><br />(+19 for winning)\n",
  "uploadtime": 1776644284,
  "views": 5,
  "formatid": "gen9championsvgc2026regma",
  "rating": 1036,
  "private": 0,
  "password": null
}