{
  "id": "gen9championsvgc2026regma-2584478070",
  "format": "[Gen 9 Champions] VGC 2026 Reg M-A",
  "players": [
    "soulo333",
    "Hypersonicly\u2714\ufe0f"
  ],
  "log": "|j|\u2606soulo333\n|j|\u203dHypersonicly\u2714\ufe0f\n|t:|1776263531\n|gametype|doubles\n|player|p1|soulo333|169|1222\n|player|p2|Hypersonicly\u2714\ufe0f|siebold|1258\n|gen|9\n|tier|[Gen 9 Champions] VGC 2026 Reg M-A\n|rated|\n|rule|Species Clause: Limit one of each Pok\u00e9mon\n|rule|Item Clause: Limit 1 of each item\n|clearpoke\n|poke|p1|Charizard, L50, F|\n|poke|p1|Sneasler, L50, M|\n|poke|p1|Sinistcha, L50|\n|poke|p1|Incineroar, L50, F|\n|poke|p1|Milotic, L50, F|\n|poke|p1|Tyranitar, L50, F|\n|poke|p2|Floette-Eternal, L50, F|\n|poke|p2|Sinistcha, L50|\n|poke|p2|Aegislash, L50, M|\n|poke|p2|Incineroar, L50, M|\n|poke|p2|Basculegion, L50, M|\n|poke|p2|Pelipper, L50, M|\n|teampreview|4\n|inactive|Battle timer is ON: inactive players will automatically lose when time's up. (requested by Hypersonicly\u2714\ufe0f)\n|inactive|Hypersonicly\u2714\ufe0f has 60 seconds left.\n|\n|t:|1776263574\n|teamsize|p1|4\n|teamsize|p2|4\n|start\n|switch|p1a: Milotic|Milotic, L50, F|100/100\n|switch|p1b: Incineroar|Incineroar, L50, F|100/100\n|switch|p2a: Basculegion|Basculegion, L50, M|100/100\n|switch|p2b: Pelipper|Pelipper, L50, M|100/100\n|-weather|RainDance|[from] ability: Drizzle|[of] p2b: Pelipper\n|-ability|p1b: Incineroar|Intimidate|boost\n|-unboost|p2a: Basculegion|atk|1\n|-unboost|p2b: Pelipper|atk|1\n|turn|1\n|\n|t:|1776263589\n|switch|p1b: Tyranitar|Tyranitar, L50, F|100/100\n|-weather|Sandstorm|[from] ability: Sand Stream|[of] p1b: Tyranitar\n|move|p2b: Pelipper|Protect|p2b: Pelipper\n|-singleturn|p2b: Pelipper|Protect\n|move|p2a: Basculegion|Wave Crash|p1b: Tyranitar\n|-supereffective|p1b: Tyranitar|1\n|-damage|p1b: Tyranitar|31/100\n|-damage|p2a: Basculegion|76/100|[from] Recoil\n|move|p1a: Milotic|Icy Wind|p2b: Pelipper|[spread] p2a\n|-activate|p2b: Pelipper|move: Protect\n|-resisted|p2a: Basculegion|1\n|-damage|p2a: Basculegion|71/100\n|-unboost|p2a: Basculegion|spe|1\n|\n|-weather|Sandstorm|[upkeep]\n|-damage|p2a: Basculegion|65/100|[from] Sandstorm\n|-damage|p2b: Pelipper|95/100|[from] Sandstorm\n|-damage|p1a: Milotic|95/100|[from] Sandstorm\n|-heal|p1a: Milotic|100/100|[from] item: Leftovers\n|upkeep\n|turn|2\n|\n|t:|1776263608\n|detailschange|p1b: Tyranitar|Tyranitar-Mega, L50, F\n|-mega|p1b: Tyranitar|Tyranitar|Tyranitarite\n|move|p2a: Basculegion|Wave Crash|p1b: Tyranitar\n|-supereffective|p1b: Tyranitar|1\n|-damage|p1b: Tyranitar|0 fnt\n|faint|p1b: Tyranitar\n|-damage|p2a: Basculegion|54/100|[from] Recoil\n|move|p2b: Pelipper|Tailwind|p2b: Pelipper\n|-sidestart|p2: Hypersonicly\u2714\ufe0f|move: Tailwind\n|move|p1a: Milotic|Icy Wind|p2a: Basculegion|[spread] p2a,p2b\n|-resisted|p2a: Basculegion|1\n|-damage|p2a: Basculegion|49/100\n|-damage|p2b: Pelipper|79/100\n|-unboost|p2a: Basculegion|spe|1\n|-unboost|p2b: Pelipper|spe|1\n|\n|-weather|Sandstorm|[upkeep]\n|-damage|p2a: Basculegion|43/100|[from] Sandstorm\n|-damage|p2b: Pelipper|73/100|[from] Sandstorm\n|-damage|p1a: Milotic|95/100|[from] Sandstorm\n|-heal|p1a: Milotic|100/100|[from] item: Leftovers\n|upkeep\n|\n|t:|1776263612\n|switch|p1b: Incineroar|Incineroar, L50, F|100/100\n|-ability|p1b: Incineroar|Intimidate|boost\n|-unboost|p2a: Basculegion|atk|1\n|-unboost|p2b: Pelipper|atk|1\n|turn|3\n|\n|t:|1776263620\n|switch|p2b: Sinistcha|Sinistcha, L50|100/100\n|-heal|p2a: Basculegion|68/100|[from] ability: Hospitality|[of] p2b: Sinistcha\n|move|p2a: Basculegion|Wave Crash|p1b: Incineroar\n|-supereffective|p1b: Incineroar|1\n|-damage|p1b: Incineroar|46/100\n|-enditem|p1b: Incineroar|Sitrus Berry|[eat]\n|-heal|p1b: Incineroar|71/100|[from] item: Sitrus Berry\n|-damage|p2a: Basculegion|49/100|[from] Recoil\n|move|p1a: Milotic|Icy Wind|p2b: Sinistcha|[spread] p2a,p2b\n|-resisted|p2a: Basculegion|1\n|-supereffective|p2b: Sinistcha|1\n|-damage|p2a: Basculegion|44/100\n|-damage|p2b: Sinistcha|78/100\n|-unboost|p2a: Basculegion|spe|1\n|-unboost|p2b: Sinistcha|spe|1\n|move|p1b: Incineroar|Throat Chop|p2a: Basculegion\n|-supereffective|p2a: Basculegion|1\n|-damage|p2a: Basculegion|0 fnt\n|faint|p2a: Basculegion\n|\n|-weather|Sandstorm|[upkeep]\n|-damage|p2b: Sinistcha|72/100|[from] Sandstorm\n|-damage|p1a: Milotic|95/100|[from] Sandstorm\n|-damage|p1b: Incineroar|65/100|[from] Sandstorm\n|-heal|p2b: Sinistcha|78/100|[from] item: Leftovers\n|-heal|p1a: Milotic|100/100|[from] item: Leftovers\n|upkeep\n|\n|t:|1776263629\n|switch|p2a: Pelipper|Pelipper, L50, M|73/100\n|-weather|RainDance|[from] ability: Drizzle|[of] p2a: Pelipper\n|turn|4\n|\n|t:|1776263640\n|move|p2a: Pelipper|Weather Ball|p1b: Incineroar\n|-supereffective|p1b: Incineroar|1\n|-damage|p1b: Incineroar|0 fnt\n|faint|p1b: Incineroar\n|move|p2b: Sinistcha|Matcha Gotcha|p1a: Milotic\n|-supereffective|p1a: Milotic|1\n|-damage|p1a: Milotic|56/100\n|-heal|p2b: Sinistcha|100/100|[from] drain|[of] p1a: Milotic\n|-status|p1a: Milotic|brn\n|move|p1a: Milotic|Icy Wind|p2a: Pelipper|[spread] p2a,p2b\n|-supereffective|p2b: Sinistcha|1\n|-damage|p2a: Pelipper|57/100\n|-damage|p2b: Sinistcha|80/100\n|-unboost|p2a: Pelipper|spe|1\n|-unboost|p2b: Sinistcha|spe|1\n|\n|-weather|RainDance|[upkeep]\n|-heal|p1a: Milotic|62/100 brn|[from] item: Leftovers\n|-heal|p2b: Sinistcha|86/100|[from] item: Leftovers\n|-damage|p1a: Milotic|56/100 brn|[from] brn\n|upkeep\n|\n|t:|1776263643\n|switch|p1b: Sneasler|Sneasler, L50, M|100/100\n|turn|5\n|\n|t:|1776263663\n|move|p2a: Pelipper|Protect|p2a: Pelipper\n|-singleturn|p2a: Pelipper|Protect\n|move|p1b: Sneasler|Dire Claw|p2b: Sinistcha\n|-damage|p2b: Sinistcha|52/100\n|move|p1a: Milotic|Icy Wind|p2b: Sinistcha|[spread] p2b\n|-activate|p2a: Pelipper|move: Protect\n|-supereffective|p2b: Sinistcha|1\n|-damage|p2b: Sinistcha|30/100\n|-unboost|p2b: Sinistcha|spe|1\n|move|p2b: Sinistcha|Matcha Gotcha|p1b: Sneasler|[spread] p1a,p1b\n|-supereffective|p1a: Milotic|1\n|-resisted|p1b: Sneasler|1\n|-damage|p1a: Milotic|25/100 brn\n|-heal|p2b: Sinistcha|47/100|[from] drain|[of] p1a: Milotic\n|-damage|p1b: Sneasler|84/100\n|-heal|p2b: Sinistcha|55/100|[from] drain|[of] p1b: Sneasler\n|\n|-weather|RainDance|[upkeep]\n|-heal|p1a: Milotic|31/100 brn|[from] item: Leftovers\n|-heal|p2b: Sinistcha|61/100|[from] item: Leftovers\n|-damage|p1a: Milotic|25/100 brn|[from] brn\n|-sideend|p2: Hypersonicly\u2714\ufe0f|move: Tailwind\n|upkeep\n|turn|6\n|inactive|soulo333 has 30 seconds left.\n|\n|t:|1776263689\n|move|p2b: Sinistcha|Rage Powder|p2b: Sinistcha\n|-singleturn|p2b: Sinistcha|move: Rage Powder\n|move|p1b: Sneasler|Dire Claw|p2b: Sinistcha\n|-damage|p2b: Sinistcha|32/100\n|-status|p2b: Sinistcha|par\n|move|p1a: Milotic|Icy Wind|p2b: Sinistcha|[spread] p2a,p2b\n|-supereffective|p2b: Sinistcha|1\n|-damage|p2a: Pelipper|40/100\n|-damage|p2b: Sinistcha|9/100 par\n|-unboost|p2a: Pelipper|spe|1\n|-unboost|p2b: Sinistcha|spe|1\n|move|p2a: Pelipper|Hurricane|p1b: Sneasler\n|-supereffective|p1b: Sneasler|1\n|-damage|p1b: Sneasler|0 fnt\n|faint|p1b: Sneasler\n|\n|-weather|RainDance|[upkeep]\n|-heal|p1a: Milotic|31/100 brn|[from] item: Leftovers\n|-heal|p2b: Sinistcha|15/100 par|[from] item: Leftovers\n|-damage|p1a: Milotic|25/100 brn|[from] brn\n|upkeep\n|turn|7\n|\n|t:|1776263701\n|move|p1a: Milotic|Icy Wind|p2a: Pelipper|[spread] p2a,p2b\n|-supereffective|p2b: Sinistcha|1\n|-damage|p2a: Pelipper|22/100\n|-damage|p2b: Sinistcha|0 fnt\n|-unboost|p2a: Pelipper|spe|1\n|faint|p2b: Sinistcha\n|move|p2a: Pelipper|Hurricane|p1a: Milotic\n|-damage|p1a: Milotic|0 fnt\n|faint|p1a: Milotic\n|\n|win|Hypersonicly\u2714\ufe0f\n|raw|soulo333's rating: 1222 &rarr; <strong>1200</strong><br />(-22 for losing)\n|raw|Hypersonicly\u2714\ufe0f's rating: 1258 &rarr; <strong>1280</strong><br />(+22 for winning)\n",
  "uploadtime": 1776263701,
  "views": 25,
  "formatid": "gen9championsvgc2026regma",
  "rating": 1200,
  "private": 0,
  "password": null
}