{
  "id": "gen9championsvgc2026regma-2583973957",
  "format": "[Gen 9 Champions] VGC 2026 Reg M-A",
  "players": [
    "Witlix",
    "thc_byakugan"
  ],
  "log": "|j|\u2606Witlix\n|j|\u2606thc_byakugan\n|t:|1776213227\n|gametype|doubles\n|player|p1|Witlix|benga|1055\n|player|p2|thc_byakugan|dancer|1066\n|gen|9\n|tier|[Gen 9 Champions] VGC 2026 Reg M-A\n|rated|\n|rule|Species Clause: Limit one of each Pok\u00e9mon\n|rule|Item Clause: Limit 1 of each item\n|clearpoke\n|poke|p1|Incineroar, L50, M|\n|poke|p1|Sneasler, L50, F|\n|poke|p1|Kommo-o, L50, M|\n|poke|p1|Basculegion, L50, M|\n|poke|p1|Ninetales-Alola, L50, F|\n|poke|p1|Scizor, L50, M|\n|poke|p2|Florges, L50, F|\n|poke|p2|Aggron, L50, F|\n|poke|p2|Sneasler, L50, F|\n|poke|p2|Reuniclus, L50, M|\n|poke|p2|Hydrapple, L50, M|\n|poke|p2|Audino, L50, M|\n|teampreview|4\n|inactive|Battle timer is ON: inactive players will automatically lose when time's up. (requested by Witlix)\n|inactive|Witlix has 60 seconds left.\n|inactive|thc_byakugan has 60 seconds left.\n|\n|t:|1776213279\n|teamsize|p1|4\n|teamsize|p2|4\n|start\n|switch|p1a: Incineroar|Incineroar, L50, M, shiny|100/100\n|switch|p1b: Ninetales|Ninetales-Alola, L50, F, shiny|100/100\n|switch|p2a: Reuniclus|Reuniclus, L50, M|100/100\n|switch|p2b: Hydrapple|Hydrapple, L50, M|100/100\n|-weather|Snowscape|[from] ability: Snow Warning|[of] p1b: Ninetales\n|-ability|p1a: Incineroar|Intimidate|boost\n|-unboost|p2a: Reuniclus|atk|1\n|-unboost|p2b: Hydrapple|atk|1\n|turn|1\n|inactive|thc_byakugan has 30 seconds left.\n|\n|t:|1776213309\n|switch|p2b: Audino|Audino, L50, M|100/100\n|move|p1a: Incineroar|Fake Out|p2a: Reuniclus\n|-damage|p2a: Reuniclus|91/100\n|move|p1b: Ninetales|Blizzard|p2a: Reuniclus|[spread] p2a,p2b\n|-crit|p2a: Reuniclus\n|-damage|p2a: Reuniclus|51/100\n|-damage|p2b: Audino|77/100\n|cant|p2a: Reuniclus|flinch\n|\n|-weather|Snowscape|[upkeep]\n|upkeep\n|turn|2\n|inactive|thc_byakugan has 30 seconds left.\n|inactive|Witlix has 30 seconds left.\n|\n|t:|1776213348\n|switch|p2a: Aggron|Aggron, L50, F|100/100\n|move|p1b: Ninetales|Freeze-Dry|p2b: Audino\n|-damage|p2b: Audino|58/100\n|move|p1a: Incineroar|Throat Chop|p2a: Aggron\n|-damage|p2a: Aggron|76/100\n|-start|p2a: Aggron|Throat Chop|[silent]\n|move|p2b: Audino|Light Screen|p2b: Audino\n|-sidestart|p2: thc_byakugan|move: Light Screen\n|\n|-weather|Snowscape|[upkeep]\n|upkeep\n|turn|3\n|\n|t:|1776213372\n|detailschange|p2a: Aggron|Aggron-Mega, L50, F\n|-mega|p2a: Aggron|Aggron|Aggronite\n|move|p1b: Ninetales|Protect|p1b: Ninetales\n|-singleturn|p1b: Ninetales|Protect\n|move|p1a: Incineroar|Parting Shot|p2a: Aggron\n|-unboost|p2a: Aggron|atk|1\n|-unboost|p2a: Aggron|spa|1\n|\n|t:|1776213379\n|switch|p1a: Kommo-o|Kommo-o, L50, M, shiny|100/100|[from] Parting Shot\n|move|p2b: Audino|Reflect|p2b: Audino\n|-sidestart|p2: thc_byakugan|Reflect\n|move|p2a: Aggron|Rock Slide|p1b: Ninetales|[spread] p1a\n|-activate|p1b: Ninetales|move: Protect\n|-resisted|p1a: Kommo-o|1\n|-damage|p1a: Kommo-o|95/100\n|\n|-weather|Snowscape|[upkeep]\n|-heal|p1a: Kommo-o|100/100|[from] item: Leftovers\n|-end|p2a: Aggron|Throat Chop|[silent]\n|upkeep\n|turn|4\n|\n|t:|1776213401\n|switch|p2a: Reuniclus|Reuniclus, L50, M|84/100\n|move|p1b: Ninetales|Encore||[still]\n|-fail|p1b: Ninetales\n|move|p1a: Kommo-o|Clangorous Soul|p1a: Kommo-o\n|-boost|p1a: Kommo-o|atk|1\n|-boost|p1a: Kommo-o|def|1\n|-boost|p1a: Kommo-o|spa|1\n|-boost|p1a: Kommo-o|spd|1\n|-boost|p1a: Kommo-o|spe|1\n|-damage|p1a: Kommo-o|68/100\n|move|p2b: Audino|Life Dew|p2b: Audino|[spread] p2a,p2b\n|-heal|p2a: Reuniclus|100/100\n|-heal|p2b: Audino|83/100\n|\n|-weather|Snowscape|[upkeep]\n|-heal|p1a: Kommo-o|74/100|[from] item: Leftovers\n|upkeep\n|turn|5\n|inactive|Witlix has 30 seconds left.\n|\n|t:|1776213429\n|move|p1a: Kommo-o|Clanging Scales|p2a: Reuniclus|[spread] p2a,p2b\n|-damage|p2a: Reuniclus|67/100\n|-damage|p2b: Audino|59/100\n|-unboost|p1a: Kommo-o|def|1\n|move|p1b: Ninetales|Blizzard|p2b: Audino|[spread] p2a,p2b\n|-damage|p2a: Reuniclus|47/100\n|-damage|p2b: Audino|44/100\n|-enditem|p2a: Reuniclus|Sitrus Berry|[eat]\n|-heal|p2a: Reuniclus|71/100|[from] item: Sitrus Berry\n|move|p2b: Audino|Hyper Voice|p1b: Ninetales|[spread] p1a,p1b\n|-damage|p1a: Kommo-o|61/100\n|-damage|p1b: Ninetales|78/100\n|move|p2a: Reuniclus|Psychic|p1a: Kommo-o\n|-supereffective|p1a: Kommo-o|1\n|-damage|p1a: Kommo-o|11/100\n|\n|-weather|none\n|-heal|p1a: Kommo-o|17/100|[from] item: Leftovers\n|upkeep\n|turn|6\n|inactive|thc_byakugan has 30 seconds left.\n|\n|t:|1776213461\n|switch|p1b: Incineroar|Incineroar, L50, M, shiny|100/100\n|-ability|p1b: Incineroar|Intimidate|boost\n|-unboost|p2a: Reuniclus|atk|1\n|-unboost|p2b: Audino|atk|1\n|move|p1a: Kommo-o|Protect|p1a: Kommo-o\n|-singleturn|p1a: Kommo-o|Protect\n|move|p2b: Audino|Life Dew|p2b: Audino|[spread] p2a,p2b\n|-heal|p2a: Reuniclus|96/100\n|-heal|p2b: Audino|69/100\n|move|p2a: Reuniclus|Psychic|p1a: Kommo-o\n|-activate|p1a: Kommo-o|move: Protect\n|\n|-heal|p1a: Kommo-o|23/100|[from] item: Leftovers\n|-sideend|p2: thc_byakugan|move: Light Screen\n|upkeep\n|turn|7\n|inactive|thc_byakugan has 30 seconds left.\n|\n|t:|1776213489\n|move|p1b: Incineroar|Fake Out|p2a: Reuniclus\n|-damage|p2a: Reuniclus|90/100\n|move|p1a: Kommo-o|Aura Sphere|p2b: Audino\n|-supereffective|p2b: Audino|1\n|-damage|p2b: Audino|0 fnt\n|faint|p2b: Audino\n|cant|p2a: Reuniclus|flinch\n|\n|-heal|p1a: Kommo-o|30/100|[from] item: Leftovers\n|-sideend|p2: thc_byakugan|Reflect\n|upkeep\n|\n|t:|1776213508\n|switch|p2b: Aggron|Aggron-Mega, L50, F|76/100\n|turn|8\n|\n|t:|1776213528\n|move|p1a: Kommo-o|Protect|p1a: Kommo-o\n|-singleturn|p1a: Kommo-o|Protect\n|move|p1b: Incineroar|Throat Chop|p2a: Reuniclus\n|-supereffective|p2a: Reuniclus|1\n|-damage|p2a: Reuniclus|31/100\n|-start|p2a: Reuniclus|Throat Chop|[silent]\n|move|p2b: Aggron|Rock Slide|p1b: Incineroar|[spread] p1b\n|-activate|p1a: Kommo-o|move: Protect\n|-supereffective|p1b: Incineroar|1\n|-damage|p1b: Incineroar|68/100\n|move|p2a: Reuniclus|Shadow Ball|p1b: Incineroar\n|-resisted|p1b: Incineroar|1\n|-damage|p1b: Incineroar|57/100\n|\n|-heal|p1a: Kommo-o|36/100|[from] item: Leftovers\n|upkeep\n|turn|9\n|\n|t:|1776213551\n|switch|p2a: Hydrapple|Hydrapple, L50, M|100/100\n|move|p1a: Kommo-o|Aura Sphere|p2b: Aggron\n|-supereffective|p2b: Aggron|1\n|-damage|p2b: Aggron|10/100\n|move|p1b: Incineroar|Throat Chop|p2a: Hydrapple\n|-damage|p2a: Hydrapple|72/100\n|-start|p2a: Hydrapple|Throat Chop|[silent]\n|move|p2b: Aggron|Heavy Slam|p1a: Kommo-o\n|-damage|p1a: Kommo-o|0 fnt\n|faint|p1a: Kommo-o\n|\n|-heal|p2a: Hydrapple|78/100|[from] item: Leftovers\n|upkeep\n|\n|t:|1776213565\n|switch|p1a: Ninetales|Ninetales-Alola, L50, F, shiny|78/100\n|-weather|Snowscape|[from] ability: Snow Warning|[of] p1a: Ninetales\n|turn|10\n|inactive|thc_byakugan has 30 seconds left.\n|\n|t:|1776213599\n|move|p1a: Ninetales|Blizzard|p2b: Aggron|[spread] p2a,p2b\n|-supereffective|p2a: Hydrapple|2\n|-resisted|p2b: Aggron|1\n|-damage|p2a: Hydrapple|0 fnt\n|-damage|p2b: Aggron|0 fnt\n|faint|p2a: Hydrapple\n|faint|p2b: Aggron\n|move|p1b: Incineroar|Throat Chop|p2: Hydrapple|[notarget]\n|-fail|p1b: Incineroar\n|\n|-weather|Snowscape|[upkeep]\n|upkeep\n|\n|t:|1776213610\n|switch|p2b: Reuniclus|Reuniclus, L50, M|65/100\n|turn|11\n|\n|t:|1776213626\n|move|p1a: Ninetales|Blizzard|p2b: Reuniclus\n|-damage|p2b: Reuniclus|21/100\n|move|p1b: Incineroar|Throat Chop|p2b: Reuniclus\n|-supereffective|p2b: Reuniclus|1\n|-damage|p2b: Reuniclus|0 fnt\n|faint|p2b: Reuniclus\n|\n|win|Witlix\n|raw|Witlix's rating: 1038 &rarr; <strong>1075</strong><br />(+37 for winning)\n|raw|thc_byakugan's rating: 1066 &rarr; <strong>1044</strong><br />(-22 for losing)\n|l|\u2606thc_byakugan\n|player|p2|\n",
  "uploadtime": 1776213729,
  "views": 23,
  "formatid": "gen9championsvgc2026regma",
  "rating": 1044,
  "private": 0,
  "password": null
}