{
  "id": "gen9championsvgc2026regma-2580582833",
  "format": "[Gen 9 Champions] VGC 2026 Reg M-A",
  "players": [
    "Jen N9ne",
    "KeyKanon"
  ],
  "log": "|j|\u2606Jen N9ne\n|j|\u2606KeyKanon\n|t:|1775915238\n|gametype|doubles\n|player|p1|Jen N9ne|linebacker|1076\n|player|p2|KeyKanon|guitarist|1095\n|gen|9\n|tier|[Gen 9 Champions] VGC 2026 Reg M-A\n|rated|\n|rule|Species Clause: Limit one of each Pok\u00e9mon\n|rule|Item Clause: Limit 1 of each item\n|clearpoke\n|poke|p1|Floette-Eternal, L50, F|\n|poke|p1|Talonflame, L50, M|\n|poke|p1|Scizor, L50, F|\n|poke|p1|Kleavor, L50, F|\n|poke|p1|Farigiraf, L50, F|\n|poke|p1|Jolteon, L50, M|\n|poke|p2|Crabominable, L50, F|\n|poke|p2|Chandelure, L50, F|\n|poke|p2|Sinistcha, L50|\n|poke|p2|Kingambit, L50, M|\n|poke|p2|Tinkaton, L50, F|\n|poke|p2|Tyranitar, L50, M|\n|teampreview|4\n|inactive|Battle timer is ON: inactive players will automatically lose when time's up. (requested by Jen N9ne)\n|inactive|Jen N9ne has 60 seconds left.\n|\n|t:|1775915278\n|teamsize|p1|4\n|teamsize|p2|4\n|start\n|switch|p1a: Floette|Floette-Eternal, L50, F|100/100\n|switch|p1b: Jolteon|Jolteon, L50, M|100/100\n|switch|p2a: Chandelure|Chandelure, L50, F|100/100\n|switch|p2b: Tinkaton|Tinkaton, L50, F|100/100\n|-ability|p2b: Tinkaton|Mold Breaker\n|turn|1\n|\n|t:|1775915298\n|switch|p1b: Farigiraf|Farigiraf, L50, F|100/100\n|detailschange|p1a: Floette|Floette-Mega, L50, F\n|-mega|p1a: Floette|Floette|Floettite\n|-ability|p1a: Floette|Fairy Aura\n|move|p2b: Tinkaton|Fake Out|p1b: Farigiraf\n|-damage|p1b: Farigiraf|94/100\n|move|p1a: Floette|Light of Ruin|p2a: Chandelure\n|-resisted|p2a: Chandelure|1\n|-damage|p2a: Chandelure|49/100\n|-damage|p1a: Floette|72/100|[from] Recoil\n|move|p2a: Chandelure|Trick Room|p2a: Chandelure\n|-fieldstart|move: Trick Room|[of] p2a: Chandelure\n|\n|upkeep\n|turn|2\n|inactive|KeyKanon has 30 seconds left.\n|inactive|KeyKanon has 20 seconds left.\n|\n|t:|1775915338\n|move|p1a: Floette|Protect|p1a: Floette\n|-singleturn|p1a: Floette|Protect\n|move|p2b: Tinkaton|Gigaton Hammer|p1a: Floette\n|-activate|p1a: Floette|move: Protect\n|move|p1b: Farigiraf|Trick Room|p1b: Farigiraf\n|-fieldend|move: Trick Room\n|move|p2a: Chandelure|Trick Room|p2a: Chandelure\n|-fieldstart|move: Trick Room|[of] p2a: Chandelure\n|\n|upkeep\n|turn|3\n|\n|t:|1775915353\n|switch|p1a: Jolteon|Jolteon, L50, M|100/100\n|move|p2a: Chandelure|Heat Wave|p1b: Farigiraf|[spread] p1a,p1b\n|-damage|p1a: Jolteon|50/100\n|-damage|p1b: Farigiraf|56/100\n|move|p2b: Tinkaton|Encore||[still]\n|-fail|p2b: Tinkaton\n|move|p1b: Farigiraf|Trick Room|p1b: Farigiraf\n|-fieldend|move: Trick Room\n|\n|upkeep\n|turn|4\n|\n|t:|1775915372\n|move|p1a: Jolteon|Volt Switch|p2a: Chandelure\n|-crit|p2a: Chandelure\n|-damage|p2a: Chandelure|2/100\n|\n|t:|1775915377\n|switch|p1a: Kleavor|Kleavor, L50, F|100/100|[from] Volt Switch\n|move|p2b: Tinkaton|Encore|p1b: Farigiraf\n|-start|p1b: Farigiraf|Encore\n|move|p2a: Chandelure|Heat Wave|p1a: Kleavor|[spread] p1b\n|-miss|p2a: Chandelure|p1a: Kleavor\n|-damage|p1b: Farigiraf|21/100\n|move|p1b: Farigiraf|Trick Room|p1b: Farigiraf\n|-fieldstart|move: Trick Room|[of] p1b: Farigiraf\n|\n|upkeep\n|turn|5\n|\n|t:|1775915392\n|move|p1a: Kleavor|Protect|p1a: Kleavor\n|-singleturn|p1a: Kleavor|Protect\n|move|p2a: Chandelure|Heat Wave|p1a: Kleavor|[spread] p1b\n|-activate|p1a: Kleavor|move: Protect\n|-damage|p1b: Farigiraf|0 fnt\n|faint|p1b: Farigiraf\n|move|p2b: Tinkaton|Gigaton Hammer|p1a: Kleavor\n|-activate|p1a: Kleavor|move: Protect\n|\n|upkeep\n|\n|t:|1775915397\n|switch|p1b: Floette|Floette-Mega, L50, F|72/100\n|-ability|p1b: Floette|Fairy Aura\n|turn|6\n|\n|t:|1775915422\n|move|p1b: Floette|Protect|p1b: Floette\n|-singleturn|p1b: Floette|Protect\n|move|p2a: Chandelure|Will-O-Wisp|p1a: Kleavor\n|-status|p1a: Kleavor|brn\n|move|p1a: Kleavor|Stone Axe|p2a: Chandelure\n|-supereffective|p2a: Chandelure|1\n|-damage|p2a: Chandelure|0 fnt\n|-sidestart|p2: KeyKanon|move: Stealth Rock\n|faint|p2a: Chandelure\n|move|p2b: Tinkaton|Encore|p1a: Kleavor\n|-start|p1a: Kleavor|Encore\n|\n|-damage|p1a: Kleavor|95/100 brn|[from] brn\n|upkeep\n|-message|Jen N9ne forfeited.\n|\n|win|KeyKanon\n|raw|Jen N9ne's rating: 1076 &rarr; <strong>1056</strong><br />(-20 for losing)\n|raw|KeyKanon's rating: 1095 &rarr; <strong>1119</strong><br />(+24 for winning)\n|l|\u2606Jen N9ne\n|player|p1|\n",
  "uploadtime": 1775915436,
  "views": 15,
  "formatid": "gen9championsvgc2026regma",
  "rating": 1056,
  "private": 0,
  "password": null
}