{
  "id": "gen9championsvgc2026regma-2584997544",
  "format": "[Gen 9 Champions] VGC 2026 Reg M-A",
  "players": [
    "ippsy_436",
    "pokemonyoyoplayer"
  ],
  "log": "|j|\u2606ippsy_436\n|j|\u2606pokemonyoyoplayer\n|t:|1776301853\n|gametype|doubles\n|player|p1|ippsy_436|bugcatcher-gen4dp|1416\n|player|p2|pokemonyoyoplayer|101|1418\n|gen|9\n|tier|[Gen 9 Champions] VGC 2026 Reg M-A\n|rated|\n|rule|Species Clause: Limit one of each Pok\u00e9mon\n|rule|Item Clause: Limit 1 of each item\n|clearpoke\n|poke|p1|Milotic, L50, F|\n|poke|p1|Sinistcha, L50|\n|poke|p1|Incineroar, L50, M|\n|poke|p1|Aerodactyl, L50, M|\n|poke|p1|Floette-Eternal, L50, F|\n|poke|p1|Garchomp, L50, F|\n|poke|p2|Sneasler, L50, M|\n|poke|p2|Kingambit, L50, F|\n|poke|p2|Aerodactyl, L50, F|\n|poke|p2|Gardevoir, L50, M|\n|poke|p2|Incineroar, L50, M|\n|poke|p2|Sinistcha, L50|\n|teampreview|4\n|inactive|Battle timer is ON: inactive players will automatically lose when time's up. (requested by ippsy_436)\n|inactive|ippsy_436 has 60 seconds left.\n|inactive|pokemonyoyoplayer has 60 seconds left.\n|inactive|ippsy_436 has 30 seconds left.\n|inactive|ippsy_436 has 20 seconds left.\n|\n|t:|1776301925\n|teamsize|p1|4\n|teamsize|p2|4\n|start\n|switch|p1a: Aerodactyl|Aerodactyl, L50, M|100/100\n|switch|p1b: Incineroar|Incineroar, L50, M|100/100\n|switch|p2a: Sneasler|Sneasler, L50, M|100/100\n|switch|p2b: Aerodactyl|Aerodactyl, L50, F|100/100\n|-ability|p2b: Aerodactyl|Unnerve\n|-ability|p1a: Aerodactyl|Unnerve\n|-ability|p1b: Incineroar|Intimidate|boost\n|-unboost|p2a: Sneasler|atk|1\n|-unboost|p2b: Aerodactyl|atk|1\n|-enditem|p2a: Sneasler|White Herb\n|-clearnegativeboost|p2a: Sneasler|[silent]\n|turn|1\n|inactive|pokemonyoyoplayer has 30 seconds left.\n|inactive|ippsy_436 has 30 seconds left.\n|inactive|pokemonyoyoplayer has 20 seconds left.\n|\n|t:|1776301963\n|move|p1b: Incineroar|Fake Out|p2b: Aerodactyl\n|-resisted|p2b: Aerodactyl|1\n|-damage|p2b: Aerodactyl|92/100\n|move|p2a: Sneasler|Close Combat|p1b: Incineroar\n|-supereffective|p1b: Incineroar|1\n|-damage|p1b: Incineroar|0 fnt\n|-unboost|p2a: Sneasler|def|1\n|-unboost|p2a: Sneasler|spd|1\n|faint|p1b: Incineroar\n|cant|p2b: Aerodactyl|flinch\n|move|p1a: Aerodactyl|Tailwind|p1a: Aerodactyl\n|-sidestart|p1: ippsy_436|move: Tailwind\n|\n|upkeep\n|\n|t:|1776301969\n|switch|p1b: Floette|Floette-Eternal, L50, F|100/100\n|turn|2\n|\n|t:|1776301986\n|detailschange|p1b: Floette|Floette-Mega, L50, F\n|-mega|p1b: Floette|Floette|Floettite\n|-ability|p1b: Floette|Fairy Aura\n|move|p1b: Floette|Protect|p1b: Floette\n|-singleturn|p1b: Floette|Protect\n|move|p1a: Aerodactyl|Dual Wingbeat|p2a: Sneasler\n|-supereffective|p2a: Sneasler|1\n|-damage|p2a: Sneasler|4/100\n|-supereffective|p2a: Sneasler|1\n|-damage|p2a: Sneasler|0 fnt\n|faint|p2a: Sneasler\n|-hitcount|p2: Sneasler|2\n|move|p2b: Aerodactyl|Tailwind|p2b: Aerodactyl\n|-sidestart|p2: pokemonyoyoplayer|move: Tailwind\n|\n|upkeep\n|inactive|pokemonyoyoplayer has 30 seconds left.\n|\n|t:|1776302015\n|switch|p2a: Kingambit|Kingambit, L50, F|100/100\n|turn|3\n|\n|t:|1776302027\n|switch|p2b: Gardevoir|Gardevoir, L50, M|100/100\n|-ability|p2b: Gardevoir|Unnerve|Trace|[from] ability: Trace|[of] p1a: Aerodactyl\n|-ability|p2b: Gardevoir|Unnerve\n|move|p1a: Aerodactyl|Rock Slide|p2b: Gardevoir|[spread] p2a,p2b\n|-resisted|p2a: Kingambit|1\n|-damage|p2a: Kingambit|92/100\n|-damage|p2b: Gardevoir|64/100\n|move|p1b: Floette|Dazzling Gleam|p2a: Kingambit|[spread] p2a,p2b\n|-damage|p2a: Kingambit|42/100\n|-damage|p2b: Gardevoir|17/100\n|cant|p2a: Kingambit|flinch\n|\n|upkeep\n|turn|4\n|inactive|pokemonyoyoplayer has 30 seconds left.\n|inactive|pokemonyoyoplayer has 20 seconds left.\n|inactive|pokemonyoyoplayer has 15 seconds left.\n|\n|t:|1776302072\n|detailschange|p2b: Gardevoir|Gardevoir-Mega, L50, M\n|-mega|p2b: Gardevoir|Gardevoir|Gardevoirite\n|move|p2b: Gardevoir|Protect|p2b: Gardevoir\n|-singleturn|p2b: Gardevoir|Protect\n|move|p2a: Kingambit|Protect|p2a: Kingambit\n|-singleturn|p2a: Kingambit|Protect\n|move|p1a: Aerodactyl|Rock Slide|p2a: Kingambit|[spread] \n|-activate|p2a: Kingambit|move: Protect\n|-activate|p2b: Gardevoir|move: Protect\n|move|p1b: Floette|Dazzling Gleam|p2a: Kingambit|[spread] \n|-activate|p2a: Kingambit|move: Protect\n|-activate|p2b: Gardevoir|move: Protect\n|\n|-sideend|p1: ippsy_436|move: Tailwind\n|upkeep\n|turn|5\n|inactive|pokemonyoyoplayer has 30 seconds left.\n|\n|t:|1776302098\n|switch|p1b: Sinistcha|Sinistcha, L50|100/100\n|move|p1a: Aerodactyl|Protect|p1a: Aerodactyl\n|-singleturn|p1a: Aerodactyl|Protect\n|move|p2a: Kingambit|Iron Head|p1a: Aerodactyl\n|-activate|p1a: Aerodactyl|move: Protect\n|move|p2b: Gardevoir|Trick Room|p2b: Gardevoir\n|-fieldstart|move: Trick Room|[of] p2b: Gardevoir\n|\n|-sideend|p2: pokemonyoyoplayer|move: Tailwind\n|upkeep\n|turn|6\n|\n|t:|1776302122\n|move|p2a: Kingambit|Kowtow Cleave|p1b: Sinistcha\n|-supereffective|p1b: Sinistcha|1\n|-damage|p1b: Sinistcha|0 fnt\n|faint|p1b: Sinistcha\n|move|p2b: Gardevoir|Hyper Voice|p1a: Aerodactyl\n|-enditem|p1a: Aerodactyl|Focus Sash\n|-damage|p1a: Aerodactyl|1/100\n|move|p1a: Aerodactyl|Rock Slide|p2b: Gardevoir|[spread] p2a,p2b\n|-resisted|p2a: Kingambit|1\n|-damage|p2a: Kingambit|32/100\n|-damage|p2b: Gardevoir|0 fnt\n|faint|p2b: Gardevoir\n|\n|upkeep\n|\n|t:|1776302144\n|switch|p1b: Floette|Floette-Mega, L50, F|100/100\n|switch|p2b: Aerodactyl|Aerodactyl, L50, F|92/100\n|-ability|p2b: Aerodactyl|Unnerve\n|-ability|p1b: Floette|Fairy Aura\n|turn|7\n|\n|t:|1776302160\n|move|p1b: Floette|Protect|p1b: Floette\n|-singleturn|p1b: Floette|Protect\n|move|p2a: Kingambit|Iron Head|p1b: Floette\n|-activate|p1b: Floette|move: Protect\n|move|p1a: Aerodactyl|Rock Slide|p2a: Kingambit|[spread] p2b\n|-miss|p1a: Aerodactyl|p2a: Kingambit\n|-supereffective|p2b: Aerodactyl|1\n|-damage|p2b: Aerodactyl|6/100\n|move|p2b: Aerodactyl|Rock Slide|p1b: Floette|[spread] p1a\n|-activate|p1b: Floette|move: Protect\n|-supereffective|p1a: Aerodactyl|1\n|-damage|p1a: Aerodactyl|0 fnt\n|faint|p1a: Aerodactyl\n|\n|upkeep\n|turn|8\n|\n|t:|1776302182\n|move|p1b: Floette|Protect||[still]\n|-fail|p1b: Floette\n|move|p2a: Kingambit|Iron Head|p1b: Floette\n|-supereffective|p1b: Floette|1\n|-damage|p1b: Floette|0 fnt\n|faint|p1b: Floette\n|\n|win|pokemonyoyoplayer\n|raw|ippsy_436's rating: 1416 &rarr; <strong>1396</strong><br />(-20 for losing)\n|raw|pokemonyoyoplayer's rating: 1418 &rarr; <strong>1438</strong><br />(+20 for winning)\n",
  "uploadtime": 1776302190,
  "views": 32,
  "formatid": "gen9championsvgc2026regma",
  "rating": 1396,
  "private": 0,
  "password": null
}