{
  "id": "gen9championsvgc2026regma-2585052641",
  "format": "[Gen 9 Champions] VGC 2026 Reg M-A",
  "players": [
    "poisonzk",
    "siunhanech"
  ],
  "log": "|j|\u2606poisonzk\n|j|\u2606siunhanech\n|t:|1776307006\n|gametype|doubles\n|player|p1|poisonzk|dexio|1353\n|player|p2|siunhanech|cynthia-gen4|1410\n|gen|9\n|tier|[Gen 9 Champions] VGC 2026 Reg M-A\n|rated|\n|rule|Species Clause: Limit one of each Pok\u00e9mon\n|rule|Item Clause: Limit 1 of each item\n|clearpoke\n|poke|p1|Sneasler, L50, F|\n|poke|p1|Pelipper, L50, F|\n|poke|p1|Starmie, L50|\n|poke|p1|Manectric, L50, F|\n|poke|p1|Garchomp, L50, M|\n|poke|p1|Gyarados, L50, M|\n|poke|p2|Blastoise, L50, M|\n|poke|p2|Sableye, L50, F|\n|poke|p2|Sneasler, L50, M|\n|poke|p2|Sinistcha, L50|\n|poke|p2|Rotom-Wash, L50|\n|poke|p2|Farigiraf, L50, F|\n|teampreview|4\n|inactive|Battle timer is ON: inactive players will automatically lose when time's up. (requested by siunhanech)\n|inactive|poisonzk has 60 seconds left.\n|\n|t:|1776307058\n|teamsize|p1|4\n|teamsize|p2|4\n|start\n|switch|p1a: Sneasler|Sneasler, L50, F|100/100\n|switch|p1b: Gyarados|Gyarados, L50, M|100/100\n|switch|p2a: Sinh vi\u00ean|Sableye, L50, F|100/100\n|switch|p2b: Tr\u00e0 t\u1eeb tay|Sinistcha, L50|100/100\n|-ability|p1b: Gyarados|Intimidate|boost\n|-unboost|p2a: Sinh vi\u00ean|atk|1\n|-unboost|p2b: Tr\u00e0 t\u1eeb tay|atk|1\n|turn|1\n|inactive|poisonzk has 30 seconds left.\n|\n|t:|1776307093\n|move|p2a: Sinh vi\u00ean|Fake Out|p1b: Gyarados\n|-damage|p1b: Gyarados|95/100\n|move|p1a: Sneasler|Rock Slide|p2a: Sinh vi\u00ean|[spread] p2a,p2b\n|-damage|p2a: Sinh vi\u00ean|80/100\n|-damage|p2b: Tr\u00e0 t\u1eeb tay|81/100\n|cant|p1b: Gyarados|flinch\n|move|p2b: Tr\u00e0 t\u1eeb tay|Trick Room|p2b: Tr\u00e0 t\u1eeb tay\n|-fieldstart|move: Trick Room|[of] p2b: Tr\u00e0 t\u1eeb tay\n|\n|upkeep\n|turn|2\n|\n|t:|1776307116\n|switch|p2a: B\u1eafn t\u00f9m lum|Blastoise, L50, M|100/100\n|move|p1b: Gyarados|Protect|p1b: Gyarados\n|-singleturn|p1b: Gyarados|Protect\n|move|p2b: Tr\u00e0 t\u1eeb tay|Matcha Gotcha|p1a: Sneasler|[spread] p1a\n|-activate|p1b: Gyarados|move: Protect\n|-resisted|p1a: Sneasler|1\n|-damage|p1a: Sneasler|85/100\n|-heal|p2b: Tr\u00e0 t\u1eeb tay|88/100|[from] drain|[of] p1a: Sneasler\n|-status|p1a: Sneasler|brn\n|move|p1a: Sneasler|Dire Claw|p2a: B\u1eafn t\u00f9m lum\n|-damage|p2a: B\u1eafn t\u00f9m lum|82/100\n|\n|-damage|p1a: Sneasler|79/100 brn|[from] brn\n|upkeep\n|turn|3\n|\n|t:|1776307137\n|detailschange|p2a: B\u1eafn t\u00f9m lum|Blastoise-Mega, L50, M\n|-mega|p2a: B\u1eafn t\u00f9m lum|Blastoise|Blastoisinite\n|move|p2b: Tr\u00e0 t\u1eeb tay|Life Dew|p2b: Tr\u00e0 t\u1eeb tay|[spread] p2a,p2b\n|-heal|p2a: B\u1eafn t\u00f9m lum|100/100\n|-heal|p2b: Tr\u00e0 t\u1eeb tay|100/100\n|move|p2a: B\u1eafn t\u00f9m lum|Water Spout|p1a: Sneasler|[spread] p1a,p1b\n|-resisted|p1b: Gyarados|1\n|-damage|p1a: Sneasler|0 fnt\n|-damage|p1b: Gyarados|64/100\n|faint|p1a: Sneasler\n|move|p1b: Gyarados|Ice Fang|p2b: Tr\u00e0 t\u1eeb tay\n|-supereffective|p2b: Tr\u00e0 t\u1eeb tay|1\n|-damage|p2b: Tr\u00e0 t\u1eeb tay|58/100\n|\n|upkeep\n|\n|t:|1776307152\n|switch|p1a: Garchomp|Garchomp, L50, M|100/100\n|turn|4\n|\n|t:|1776307170\n|move|p1a: Garchomp|Protect|p1a: Garchomp\n|-singleturn|p1a: Garchomp|Protect\n|move|p2b: Tr\u00e0 t\u1eeb tay|Matcha Gotcha|p1a: Garchomp|[spread] p1b\n|-activate|p1a: Garchomp|move: Protect\n|-damage|p1b: Gyarados|39/100\n|-heal|p2b: Tr\u00e0 t\u1eeb tay|70/100|[from] drain|[of] p1b: Gyarados\n|move|p2a: B\u1eafn t\u00f9m lum|Ice Beam|p1a: Garchomp\n|-activate|p1a: Garchomp|move: Protect\n|move|p1b: Gyarados|Ice Fang|p2b: Tr\u00e0 t\u1eeb tay\n|-supereffective|p2b: Tr\u00e0 t\u1eeb tay|1\n|-damage|p2b: Tr\u00e0 t\u1eeb tay|31/100\n|-enditem|p2b: Tr\u00e0 t\u1eeb tay|Sitrus Berry|[eat]\n|-heal|p2b: Tr\u00e0 t\u1eeb tay|56/100|[from] item: Sitrus Berry\n|\n|upkeep\n|turn|5\n|\n|t:|1776307189\n|switch|p1a: Manectric|Manectric, L50, F|100/100\n|move|p2b: Tr\u00e0 t\u1eeb tay|Matcha Gotcha|p1b: Gyarados|[spread] p1a,p1b\n|-damage|p1a: Manectric|55/100\n|-heal|p2b: Tr\u00e0 t\u1eeb tay|75/100|[from] drain|[of] p1a: Manectric\n|-damage|p1b: Gyarados|16/100\n|-heal|p2b: Tr\u00e0 t\u1eeb tay|86/100|[from] drain|[of] p1b: Gyarados\n|move|p2a: B\u1eafn t\u00f9m lum|Water Spout|p1b: Gyarados|[spread] p1a,p1b\n|-resisted|p1b: Gyarados|1\n|-damage|p1a: Manectric|0 fnt\n|-damage|p1b: Gyarados|0 fnt\n|faint|p1a: Manectric\n|faint|p1b: Gyarados\n|\n|-fieldend|move: Trick Room\n|upkeep\n|-message|poisonzk forfeited.\n|\n|win|siunhanech\n|raw|poisonzk's rating: 1353 &rarr; <strong>1336</strong><br />(-17 for losing)\n|raw|siunhanech's rating: 1410 &rarr; <strong>1427</strong><br />(+17 for winning)\n|l|\u2606poisonzk\n|player|p1|\n|l|\u2606siunhanech\n|player|p2|\n",
  "uploadtime": 1776307207,
  "views": 66,
  "formatid": "gen9championsvgc2026regma",
  "rating": 1336,
  "private": 0,
  "password": null
}