{
  "id": "gen9championsvgc2026regma-2584444456",
  "format": "[Gen 9 Champions] VGC 2026 Reg M-A",
  "players": [
    "jokmah123",
    "ilmotrce"
  ],
  "log": "|j|\u2606jokmah123\n|j|\u2606ilmotrce\n|t:|1776261314\n|gametype|doubles\n|player|p1|jokmah123|102|1178\n|player|p2|ilmotrce|170|1095\n|gen|9\n|tier|[Gen 9 Champions] VGC 2026 Reg M-A\n|rated|\n|rule|Species Clause: Limit one of each Pok\u00e9mon\n|rule|Item Clause: Limit 1 of each item\n|clearpoke\n|poke|p1|Sneasler, L50, M|\n|poke|p1|Kingambit, L50, F|\n|poke|p1|Dragapult, L50, M|\n|poke|p1|Charizard, L50, F|\n|poke|p1|Maushold-Four, L50|\n|poke|p1|Garchomp, L50, F|\n|poke|p2|Altaria, L50, F|\n|poke|p2|Incineroar, L50, M|\n|poke|p2|Garchomp, L50, F|\n|poke|p2|Dragapult, L50, F|\n|poke|p2|Tinkaton, L50, F|\n|poke|p2|Volcarona, L50, M|\n|teampreview|4\nilmotrce rejected open team sheets.\n|\n|t:|1776261370\n|teamsize|p1|4\n|teamsize|p2|4\n|start\n|switch|p1a: Garchomp|Garchomp, L50, F|100/100\n|switch|p1b: Sneasler|Sneasler, L50, M|100/100\n|switch|p2a: Incineroar|Incineroar, L50, M|100/100\n|switch|p2b: Garchomp|Garchomp, L50, F|100/100\n|-ability|p2a: Incineroar|Intimidate|boost\n|-unboost|p1a: Garchomp|atk|1\n|-unboost|p1b: Sneasler|atk|1\n|turn|1\n|inactive|Battle timer is ON: inactive players will automatically lose when time's up. (requested by jokmah123)\n|\n|t:|1776261384\n|detailschange|p2b: Garchomp|Garchomp-Mega, L50, F\n|-mega|p2b: Garchomp|Garchomp|Garchompite\n|move|p1b: Sneasler|Fake Out|p2a: Incineroar\n|-damage|p2a: Incineroar|92/100\n|cant|p2a: Incineroar|flinch\n|move|p1a: Garchomp|Dragon Claw|p2b: Garchomp\n|-supereffective|p2b: Garchomp|1\n|-damage|p2b: Garchomp|53/100\n|move|p2b: Garchomp|Swords Dance|p2b: Garchomp\n|-boost|p2b: Garchomp|atk|2\n|\n|upkeep\n|turn|2\n|\n|t:|1776261406\n|switch|p2a: Volcarona|Volcarona, L50, M|100/100\n|move|p2b: Garchomp|Protect|p2b: Garchomp\n|-singleturn|p2b: Garchomp|Protect\n|move|p1b: Sneasler|Feint|p2b: Garchomp\n|-activate|p2b: Garchomp|move: Feint\n|-damage|p2b: Garchomp|48/100\n|move|p1a: Garchomp|Dragon Claw|p2b: Garchomp\n|-supereffective|p2b: Garchomp|1\n|-crit|p2b: Garchomp\n|-damage|p2b: Garchomp|0 fnt\n|faint|p2b: Garchomp\n|\n|upkeep\n|\n|t:|1776261419\n|switch|p2b: Incineroar|Incineroar, L50, M|92/100\n|-ability|p2b: Incineroar|Intimidate|boost\n|-unboost|p1a: Garchomp|atk|1\n|-unboost|p1b: Sneasler|atk|1\n|turn|3\n|\n|t:|1776261430\n|move|p2b: Incineroar|Fake Out|p1b: Sneasler\n|-damage|p1b: Sneasler|74/100\n|move|p1a: Garchomp|Dragon Claw|p2a: Volcarona\n|-damage|p2a: Volcarona|75/100\n|cant|p1b: Sneasler|flinch\n|move|p2a: Volcarona|Fiery Dance|p1b: Sneasler\n|-damage|p1b: Sneasler|22/100\n|-boost|p2a: Volcarona|spa|1\n|\n|upkeep\n|turn|4\n|\n|t:|1776261445\n|move|p1a: Garchomp|Dragon Claw|p2a: Volcarona\n|-damage|p2a: Volcarona|48/100\n|move|p1b: Sneasler|Close Combat|p2b: Incineroar\n|-supereffective|p2b: Incineroar|1\n|-damage|p2b: Incineroar|35/100\n|-unboost|p1b: Sneasler|def|1\n|-unboost|p1b: Sneasler|spd|1\n|-enditem|p2b: Incineroar|Sitrus Berry|[eat]\n|-heal|p2b: Incineroar|60/100|[from] item: Sitrus Berry\n|move|p2a: Volcarona|Giga Drain|p1a: Garchomp\n|-damage|p1a: Garchomp|58/100\n|-heal|p2a: Volcarona|69/100|[from] drain|[of] p1a: Garchomp\n|move|p2b: Incineroar|Flare Blitz|p1b: Sneasler\n|-damage|p1b: Sneasler|0 fnt\n|faint|p1b: Sneasler\n|-damage|p2b: Incineroar|54/100|[from] Recoil\n|\n|upkeep\n|\n|t:|1776261454\n|switch|p1b: Charizard|Charizard, L50, F|100/100\n|turn|5\n|\n|t:|1776261466\n|switch|p1a: Kingambit|Kingambit, L50, F|100/100\n|switch|p2b: Altaria|Altaria, L50, F|100/100\n|-ability|p2b: Altaria|Cloud Nine\n|detailschange|p1b: Charizard|Charizard-Mega-Y, L50, F\n|-mega|p1b: Charizard|Charizard|Charizardite Y\n|-weather|SunnyDay|[from] ability: Drought|[of] p1b: Charizard\n|move|p1b: Charizard|Heat Wave|p2a: Volcarona|[spread] p2a\n|-miss|p1b: Charizard|p2b: Altaria\n|-damage|p2a: Volcarona|33/100\n|move|p2a: Volcarona|Giga Drain|p1a: Kingambit\n|-resisted|p1a: Kingambit|1\n|-damage|p1a: Kingambit|81/100\n|-heal|p2a: Volcarona|43/100|[from] drain|[of] p1a: Kingambit\n|\n|-weather|SunnyDay|[upkeep]\n|upkeep\n|turn|6\n|\n|t:|1776261484\n|move|p2a: Volcarona|Protect|p2a: Volcarona\n|-singleturn|p2a: Volcarona|Protect\n|move|p1a: Kingambit|Sucker Punch||[still]\n|-fail|p1a: Kingambit\n|move|p1b: Charizard|Heat Wave|p2b: Altaria|[spread] p2b\n|-activate|p2a: Volcarona|move: Protect\n|-resisted|p2b: Altaria|1\n|-crit|p2b: Altaria\n|-damage|p2b: Altaria|76/100\n|-status|p2b: Altaria|brn\n|move|p2b: Altaria|Tailwind|p2b: Altaria\n|-sidestart|p2: ilmotrce|move: Tailwind\n|\n|-weather|SunnyDay|[upkeep]\n|-heal|p2b: Altaria|82/100 brn|[from] item: Leftovers\n|-damage|p2b: Altaria|76/100 brn|[from] brn\n|upkeep\n|turn|7\n|\n|t:|1776261507\n|move|p1a: Kingambit|Sucker Punch|p2a: Volcarona\n|-damage|p2a: Volcarona|0 fnt\n|faint|p2a: Volcarona\n|move|p2b: Altaria|Brave Bird|p1b: Charizard\n|-damage|p1b: Charizard|82/100\n|-damage|p2b: Altaria|70/100 brn|[from] Recoil\n|move|p1b: Charizard|Heat Wave|p2b: Altaria\n|-resisted|p2b: Altaria|1\n|-damage|p2b: Altaria|46/100 brn\n|\n|-weather|SunnyDay|[upkeep]\n|-heal|p2b: Altaria|52/100 brn|[from] item: Leftovers\n|-damage|p2b: Altaria|46/100 brn|[from] brn\n|upkeep\n|\n|t:|1776261514\n|switch|p2a: Incineroar|Incineroar, L50, M|54/100\n|-ability|p2a: Incineroar|Intimidate|boost\n|-unboost|p1a: Kingambit|atk|1\n|-ability|p1a: Kingambit|Defiant|boost\n|-boost|p1a: Kingambit|atk|2\n|-unboost|p1b: Charizard|atk|1\n|turn|8\n|inactive|jokmah123 has 30 seconds left.\n|\n|t:|1776261539\n|move|p1a: Kingambit|Protect|p1a: Kingambit\n|-singleturn|p1a: Kingambit|Protect\n|move|p2b: Altaria|Haze|p2b: Altaria\n|-clearallboost\n|move|p2a: Incineroar|Flare Blitz|p1a: Kingambit\n|-activate|p1a: Kingambit|move: Protect\n|move|p1b: Charizard|Heat Wave|p2b: Altaria|[spread] p2a\n|-miss|p1b: Charizard|p2b: Altaria\n|-resisted|p2a: Incineroar|1\n|-damage|p2a: Incineroar|34/100\n|\n|-weather|SunnyDay|[upkeep]\n|-heal|p2b: Altaria|52/100 brn|[from] item: Leftovers\n|-damage|p2b: Altaria|46/100 brn|[from] brn\n|upkeep\n|turn|9\n|\n|t:|1776261556\n|move|p1a: Kingambit|Sucker Punch|p2b: Altaria\n|-damage|p2b: Altaria|0 fnt\n|faint|p2b: Altaria\n|move|p2a: Incineroar|Flare Blitz|p1a: Kingambit\n|-supereffective|p1a: Kingambit|1\n|-damage|p1a: Kingambit|0 fnt\n|faint|p1a: Kingambit\n|-damage|p2a: Incineroar|7/100|[from] Recoil\n|move|p1b: Charizard|Heat Wave|p2a: Incineroar\n|-resisted|p2a: Incineroar|1\n|-damage|p2a: Incineroar|0 fnt\n|faint|p2a: Incineroar\n|\n|win|jokmah123\n|raw|jokmah123's rating: 1178 &rarr; <strong>1197</strong><br />(+19 for winning)\n|raw|ilmotrce's rating: 1095 &rarr; <strong>1076</strong><br />(-19 for losing)\n|l|\u2606ilmotrce\n|player|p2|\n",
  "uploadtime": 1776261577,
  "views": 29,
  "formatid": "gen9championsvgc2026regma",
  "rating": 1076,
  "private": 0,
  "password": null
}