{
  "id": "gen9championsvgc2026regma-2586767294",
  "format": "[Gen 9 Champions] VGC 2026 Reg M-A",
  "players": [
    "AceDracoSlayer97",
    "itsjustsomni"
  ],
  "log": "|j|\u2606AceDracoSlayer97\n|j|\u2606itsjustsomni\n|t:|1776458297\n|gametype|doubles\n|player|p1|AceDracoSlayer97|169|1071\n|player|p2|itsjustsomni|cyrus|1157\n|gen|9\n|tier|[Gen 9 Champions] VGC 2026 Reg M-A\n|rated|\n|rule|Species Clause: Limit one of each Pok\u00e9mon\n|rule|Item Clause: Limit 1 of each item\n|clearpoke\n|poke|p1|Scovillain, L50, F|\n|poke|p1|Gyarados, L50, F|\n|poke|p1|Slowking, L50, M|\n|poke|p1|Kingambit, L50, M|\n|poke|p1|Crabominable, L50, M|\n|poke|p1|Ninetales-Alola, L50, M|\n|poke|p2|Aggron, L50, M|\n|poke|p2|Sinistcha, L50|\n|poke|p2|Hydreigon, L50, M|\n|poke|p2|Rotom-Wash, L50|\n|poke|p2|Incineroar, L50, F|\n|poke|p2|Aerodactyl, L50, F|\n|teampreview|4\n|inactive|Battle timer is ON: inactive players will automatically lose when time's up. (requested by itsjustsomni)\n|inactive|AceDracoSlayer97 has 60 seconds left.\nitsjustsomni has agreed to open team sheets.\n|\n|t:|1776458341\n|teamsize|p1|4\n|teamsize|p2|4\n|start\n|switch|p1a: Ninetales|Ninetales-Alola, L50, M, shiny|100/100\n|switch|p1b: Crabominable|Crabominable, L50, M|100/100\n|switch|p2a: Hydreigon|Hydreigon, L50, M|100/100\n|switch|p2b: Aggron|Aggron, L50, M|100/100\n|turn|1\n|inactive|AceDracoSlayer97 has 30 seconds left.\n|inactive|AceDracoSlayer97 has 20 seconds left.\n|\n|t:|1776458377\n|detailschange|p2b: Aggron|Aggron-Mega, L50, M\n|-mega|p2b: Aggron|Aggron|Aggronite\n|detailschange|p1b: Crabominable|Crabominable-Mega, L50, M\n|-mega|p1b: Crabominable|Crabominable|Crabominite\n|move|p1a: Ninetales|Protect|p1a: Ninetales\n|-singleturn|p1a: Ninetales|Protect\n|move|p2a: Hydreigon|Flamethrower|p1a: Ninetales\n|-activate|p1a: Ninetales|move: Protect\n|move|p2b: Aggron|Body Press|p1b: Crabominable\n|-supereffective|p1b: Crabominable|1\n|-damage|p1b: Crabominable|43/100\n|move|p1b: Crabominable|Drain Punch|p2b: Aggron\n|-supereffective|p2b: Aggron|1\n|-damage|p2b: Aggron|56/100\n|-heal|p1b: Crabominable|60/100|[from] drain|[of] p2b: Aggron\n|\n|upkeep\n|turn|2\n|inactive|AceDracoSlayer97 has 30 seconds left.\n|inactive|itsjustsomni has 30 seconds left.\n|inactive|AceDracoSlayer97 has 20 seconds left.\n|inactive|itsjustsomni has 20 seconds left.\n|\n|t:|1776458417\n|move|p2b: Aggron|Protect|p2b: Aggron\n|-singleturn|p2b: Aggron|Protect\n|move|p1b: Crabominable|Protect|p1b: Crabominable\n|-singleturn|p1b: Crabominable|Protect\n|move|p1a: Ninetales|Dazzling Gleam|p2b: Aggron|[spread] p2a\n|-activate|p2b: Aggron|move: Protect\n|-supereffective|p2a: Hydreigon|2\n|-enditem|p2a: Hydreigon|Focus Sash\n|-damage|p2a: Hydreigon|1/100\n|move|p2a: Hydreigon|Flamethrower|p1b: Crabominable\n|-activate|p1b: Crabominable|move: Protect\n|\n|upkeep\n|turn|3\n|inactive|itsjustsomni has 30 seconds left.\n|\n|t:|1776458450\n|switch|p1b: Gyarados|Gyarados, L50, F, shiny|100/100\n|-ability|p1b: Gyarados|Intimidate|boost\n|-unboost|p2a: Hydreigon|atk|1\n|-unboost|p2b: Aggron|atk|1\n|move|p1a: Ninetales|Dazzling Gleam|p2a: Hydreigon|[spread] p2a,p2b\n|-supereffective|p2a: Hydreigon|2\n|-resisted|p2b: Aggron|1\n|-damage|p2a: Hydreigon|0 fnt\n|-damage|p2b: Aggron|47/100\n|faint|p2a: Hydreigon\n|move|p2b: Aggron|Heavy Slam|p1a: Ninetales\n|-supereffective|p1a: Ninetales|2\n|-enditem|p1a: Ninetales|Focus Sash\n|-damage|p1a: Ninetales|1/100\n|\n|upkeep\n|\n|t:|1776458464\n|switch|p2a: Sinistcha|Sinistcha, L50|100/100\n|-heal|p2b: Aggron|71/100|[from] ability: Hospitality|[of] p2a: Sinistcha\n|turn|4\n|\n|t:|1776458476\n|move|p2b: Aggron|Protect|p2b: Aggron\n|-singleturn|p2b: Aggron|Protect\n|move|p1a: Ninetales|Blizzard|p2a: Sinistcha|[spread] p2a\n|-activate|p2b: Aggron|move: Protect\n|-supereffective|p2a: Sinistcha|1\n|-damage|p2a: Sinistcha|43/100\n|move|p1b: Gyarados|Ice Fang|p2a: Sinistcha\n|-supereffective|p2a: Sinistcha|1\n|-damage|p2a: Sinistcha|0 fnt\n|faint|p2a: Sinistcha\n|\n|upkeep\n|\n|t:|1776458488\n|switch|p2a: Rotom|Rotom-Wash, L50|100/100\n|turn|5\n|\n|t:|1776458510\n|move|p1a: Ninetales|Protect|p1a: Ninetales\n|-singleturn|p1a: Ninetales|Protect\n|move|p2a: Rotom|Thunderbolt|p1b: Gyarados\n|-supereffective|p1b: Gyarados|2\n|-crit|p1b: Gyarados\n|-damage|p1b: Gyarados|0 fnt\n|faint|p1b: Gyarados\n|move|p2b: Aggron|Heavy Slam|p1a: Ninetales\n|-activate|p1a: Ninetales|move: Protect\n|\n|upkeep\n|\n|t:|1776458522\n|switch|p1b: Kingambit|Kingambit, L50, M|100/100\n|turn|6\n|inactive|AceDracoSlayer97 has 30 seconds left.\n|\n|t:|1776458554\n|move|p1a: Ninetales|Blizzard|p2b: Aggron|[spread] p2b\n|-miss|p1a: Ninetales|p2a: Rotom\n|-resisted|p2b: Aggron|1\n|-damage|p2b: Aggron|56/100\n|move|p2a: Rotom|Thunderbolt|p1a: Ninetales\n|-damage|p1a: Ninetales|0 fnt\n|faint|p1a: Ninetales\n|move|p1b: Kingambit|Kowtow Cleave|p2b: Aggron\n|-damage|p2b: Aggron|31/100\n|move|p2b: Aggron|Body Press|p1b: Kingambit\n|-supereffective|p1b: Kingambit|2\n|-crit|p1b: Kingambit\n|-damage|p1b: Kingambit|0 fnt\n|faint|p1b: Kingambit\n|\n|upkeep\n|\n|t:|1776458571\n|switch|p1a: Crabominable|Crabominable-Mega, L50, M|60/100\n|turn|7\n|\n|t:|1776458582\n|move|p2b: Aggron|Protect|p2b: Aggron\n|-singleturn|p2b: Aggron|Protect\n|move|p2a: Rotom|Thunderbolt|p1a: Crabominable\n|-damage|p1a: Crabominable|26/100\n|-status|p1a: Crabominable|par\n|move|p1a: Crabominable|Drain Punch|p2b: Aggron\n|-activate|p2b: Aggron|move: Protect\n|\n|upkeep\n|turn|8\n|-message|AceDracoSlayer97 forfeited.\n|\n|win|itsjustsomni\n|raw|AceDracoSlayer97's rating: 1071 &rarr; <strong>1055</strong><br />(-16 for losing)\n|raw|itsjustsomni's rating: 1157 &rarr; <strong>1176</strong><br />(+19 for winning)\n|l|\u2606AceDracoSlayer97\n|player|p1|\n",
  "uploadtime": 1776458590,
  "views": 24,
  "formatid": "gen9championsvgc2026regma",
  "rating": 1055,
  "private": 0,
  "password": null
}