{
  "id": "gen9championsvgc2026regma-2586872677",
  "format": "[Gen 9 Champions] VGC 2026 Reg M-A",
  "players": [
    "DEATHxxENIGMA",
    "SAGOTO2006"
  ],
  "log": "|j|\u2606DEATHxxENIGMA\n|j|\u2606SAGOTO2006\n|t:|1776467277\n|gametype|doubles\n|player|p1|DEATHxxENIGMA|102|1103\n|player|p2|SAGOTO2006|giovanni|1136\n|gen|9\n|tier|[Gen 9 Champions] VGC 2026 Reg M-A\n|rated|\n|rule|Species Clause: Limit one of each Pok\u00e9mon\n|rule|Item Clause: Limit 1 of each item\n|clearpoke\n|poke|p1|Altaria, L50, M|\n|poke|p1|Noivern, L50, F|\n|poke|p1|Appletun, L50, F|\n|poke|p1|Garchomp, L50, F|\n|poke|p1|Dragapult, L50, M|\n|poke|p1|Kommo-o, L50, M|\n|poke|p2|Rhyperior, L50, M|\n|poke|p2|Clefable, L50, F|\n|poke|p2|Snorlax, L50, M|\n|poke|p2|Sneasler, L50, F|\n|poke|p2|Arcanine-Hisui, L50, M|\n|poke|p2|Aggron, L50, M|\n|teampreview|4\n|inactive|Battle timer is ON: inactive players will automatically lose when time's up. (requested by DEATHxxENIGMA)\n|c|\u2606SAGOTO2006|Hello have fun\n|inactive|DEATHxxENIGMA has 60 seconds left.\n|inactive|DEATHxxENIGMA has 30 seconds left.\n|inactive|DEATHxxENIGMA has 20 seconds left.\n|inactive|DEATHxxENIGMA has 15 seconds left.\n|inactive|DEATHxxENIGMA has 10 seconds left.\n|\n|t:|1776467360\n|teamsize|p1|4\n|teamsize|p2|4\n|start\n|switch|p1a: Garchomp|Garchomp, L50, F|100/100\n|switch|p1b: Kommo-o|Kommo-o, L50, M|100/100\n|switch|p2a: Sneasler|Sneasler, L50, F|100/100\n|switch|p2b: Arcanine|Arcanine-Hisui, L50, M|100/100\n|turn|1\n|inactive|SAGOTO2006 has 30 seconds left.\n|\n|t:|1776467388\n|move|p1b: Kommo-o|Upper Hand||[still]\n|-fail|p1b: Kommo-o\n|move|p1a: Garchomp|Earthquake|p2a: Sneasler|[spread] p1b,p2a,p2b\n|-supereffective|p2a: Sneasler|1\n|-supereffective|p2b: Arcanine|2\n|-damage|p1b: Kommo-o|71/100\n|-enditem|p2a: Sneasler|Focus Sash\n|-damage|p2a: Sneasler|1/100\n|-damage|p2b: Arcanine|0 fnt\n|faint|p2b: Arcanine\n|move|p2a: Sneasler|Swords Dance|p2a: Sneasler\n|-boost|p2a: Sneasler|atk|2\n|\n|-heal|p1b: Kommo-o|77/100|[from] item: Leftovers\n|upkeep\n|\n|t:|1776467403\n|switch|p2b: Clefable|Clefable, L50, F|100/100\n|turn|2\n|inactive|DEATHxxENIGMA has 30 seconds left.\n|\n|t:|1776467433\n|move|p1b: Kommo-o|Protect|p1b: Kommo-o\n|-singleturn|p1b: Kommo-o|Protect\n|move|p1a: Garchomp|Earthquake|p2a: Sneasler|[spread] p2a,p2b\n|-activate|p1b: Kommo-o|move: Protect\n|-supereffective|p2a: Sneasler|1\n|-damage|p2a: Sneasler|0 fnt\n|-damage|p2b: Clefable|64/100\n|faint|p2a: Sneasler\n|move|p2b: Clefable|Moonblast|p1a: Garchomp\n|-supereffective|p1a: Garchomp|1\n|-damage|p1a: Garchomp|31/100\n|\n|-heal|p1b: Kommo-o|82/100|[from] item: Leftovers\n|upkeep\n|\n|t:|1776467443\n|switch|p2a: Aggron|Aggron, L50, M|100/100\n|turn|3\n|\n|t:|1776467455\n|detailschange|p2a: Aggron|Aggron-Mega, L50, M\n|-mega|p2a: Aggron|Aggron|Aggronite\n|move|p2b: Clefable|Follow Me|p2b: Clefable\n|-singleturn|p2b: Clefable|move: Follow Me\n|move|p1a: Garchomp|Earthquake|p2a: Aggron|[spread] p1b,p2a,p2b\n|-supereffective|p2a: Aggron|1\n|-damage|p1b: Kommo-o|55/100\n|-damage|p2a: Aggron|73/100\n|-damage|p2b: Clefable|27/100\n|-enditem|p2b: Clefable|Sitrus Berry|[eat]\n|-heal|p2b: Clefable|51/100|[from] item: Sitrus Berry\n|move|p1b: Kommo-o|Body Press|p2b: Clefable\n|-resisted|p2b: Clefable|1\n|-damage|p2b: Clefable|35/100\n|move|p2a: Aggron|Curse|p2a: Aggron\n|-unboost|p2a: Aggron|spe|1\n|-boost|p2a: Aggron|atk|1\n|-boost|p2a: Aggron|def|1\n|\n|-heal|p1b: Kommo-o|60/100|[from] item: Leftovers\n|upkeep\n|turn|4\n|\n|t:|1776467476\n|move|p2b: Clefable|Follow Me|p2b: Clefable\n|-singleturn|p2b: Clefable|move: Follow Me\n|move|p1a: Garchomp|Earthquake|p2a: Aggron|[spread] p1b,p2a,p2b\n|-supereffective|p2a: Aggron|1\n|-damage|p1b: Kommo-o|32/100\n|-damage|p2a: Aggron|52/100\n|-damage|p2b: Clefable|0 fnt\n|faint|p2b: Clefable\n|move|p1b: Kommo-o|Body Press|p2a: Aggron\n|-supereffective|p2a: Aggron|1\n|-damage|p2a: Aggron|32/100\n|move|p2a: Aggron|Curse|p2a: Aggron\n|-unboost|p2a: Aggron|spe|1\n|-boost|p2a: Aggron|atk|1\n|-boost|p2a: Aggron|def|1\n|\n|-heal|p1b: Kommo-o|38/100|[from] item: Leftovers\n|upkeep\n|turn|5\n|\n|t:|1776467485\n|move|p1b: Kommo-o|Protect|p1b: Kommo-o\n|-singleturn|p1b: Kommo-o|Protect\n|move|p1a: Garchomp|Earthquake|p2a: Aggron|[spread] p2a\n|-activate|p1b: Kommo-o|move: Protect\n|-supereffective|p2a: Aggron|1\n|-damage|p2a: Aggron|16/100\n|move|p2a: Aggron|Rest|p2a: Aggron\n|-status|p2a: Aggron|slp|[from] move: Rest\n|-heal|p2a: Aggron|100/100 slp|[silent]\n|\n|-heal|p1b: Kommo-o|44/100|[from] item: Leftovers\n|upkeep\n|turn|6\n|\n|t:|1776467498\n|switch|p1a: Appletun|Appletun, L50, F, shiny|100/100\n|move|p1b: Kommo-o|Iron Defense|p1b: Kommo-o\n|-boost|p1b: Kommo-o|def|2\n|cant|p2a: Aggron|slp\n|\n|-heal|p1b: Kommo-o|49/100|[from] item: Leftovers\n|upkeep\n|turn|7\n|\n|t:|1776467505\n|move|p1b: Kommo-o|Iron Defense|p1b: Kommo-o\n|-boost|p1b: Kommo-o|def|2\n|move|p1a: Appletun|Leech Seed|p2a: Aggron\n|-start|p2a: Aggron|move: Leech Seed\n|cant|p2a: Aggron|slp\n|\n|-heal|p1b: Kommo-o|55/100|[from] item: Leftovers\n|-damage|p2a: Aggron|88/100 slp|[from] Leech Seed|[of] p1a: Appletun\n|upkeep\n|turn|8\n|-message|SAGOTO2006 forfeited.\n|\n|win|DEATHxxENIGMA\n|raw|DEATHxxENIGMA's rating: 1103 &rarr; <strong>1130</strong><br />(+27 for winning)\n|raw|SAGOTO2006's rating: 1136 &rarr; <strong>1109</strong><br />(-27 for losing)\n|l|\u2606SAGOTO2006\n|player|p2|\n",
  "uploadtime": 1776467526,
  "views": 27,
  "formatid": "gen9championsvgc2026regma",
  "rating": 1109,
  "private": 0,
  "password": null
}