{
  "id": "gen9championsvgc2026regma-2585236589",
  "format": "[Gen 9 Champions] VGC 2026 Reg M-A",
  "players": [
    "TheWonderfulGirl",
    "Sharkhy_"
  ],
  "log": "|j|\u2606TheWonderfulGirl\n|j|\u2606Sharkhy_\n|t:|1776328420\n|gametype|doubles\n|player|p1|TheWonderfulGirl|pokekid|1124\n|player|p2|Sharkhy_|170|1064\n|gen|9\n|tier|[Gen 9 Champions] VGC 2026 Reg M-A\n|rated|\n|rule|Species Clause: Limit one of each Pok\u00e9mon\n|rule|Item Clause: Limit 1 of each item\n|clearpoke\n|poke|p1|Froslass, L50, F|\n|poke|p1|Garchomp, L50, M|\n|poke|p1|Rotom-Frost, L50|\n|poke|p1|Empoleon, L50, F|\n|poke|p1|Incineroar, L50, M|\n|poke|p1|Kingambit, L50, F|\n|poke|p2|Charizard, L50, M|\n|poke|p2|Maushold-Four, L50|\n|poke|p2|Sneasler, L50, F|\n|poke|p2|Dragapult, L50, F|\n|poke|p2|Kingambit, L50, F|\n|poke|p2|Garchomp, L50, M|\n|teampreview|4\n|inactive|Battle timer is ON: inactive players will automatically lose when time's up. (requested by TheWonderfulGirl)\n|inactive|TheWonderfulGirl has 60 seconds left.\n|j| TheBergentruck1\n|l| TheBergentruck1\n|\n|t:|1776328459\n|teamsize|p1|4\n|teamsize|p2|4\n|start\n|switch|p1a: Rotom|Rotom-Frost, L50|100/100\n|switch|p1b: Garchomp|Garchomp, L50, M|100/100\n|switch|p2a: Sneasler|Sneasler, L50, F|100/100\n|switch|p2b: Kingambit|Kingambit, L50, F|100/100\n|turn|1\n|inactive|TheWonderfulGirl has 30 seconds left.\n|inactive|Sharkhy_ has 30 seconds left.\n|\n|t:|1776328492\n|move|p2a: Sneasler|Fake Out|p1b: Garchomp\n|-damage|p1b: Garchomp|86/100\n|-damage|p2a: Sneasler|88/100|[from] ability: Rough Skin|[of] p1b: Garchomp\n|move|p1a: Rotom|Blizzard|p2a: Sneasler|[spread] p2a,p2b\n|-resisted|p2b: Kingambit|1\n|-damage|p2a: Sneasler|34/100\n|-damage|p2b: Kingambit|83/100\n|cant|p1b: Garchomp|flinch\n|move|p2b: Kingambit|Iron Head|p1a: Rotom\n|-damage|p1a: Rotom|34/100\n|\n|upkeep\n|turn|2\n|inactive|Sharkhy_ has 30 seconds left.\n|\n|t:|1776328520\n|move|p2b: Kingambit|Protect|p2b: Kingambit\n|-singleturn|p2b: Kingambit|Protect\n|move|p1a: Rotom|Blizzard|p2b: Kingambit|[spread] p2a\n|-activate|p2b: Kingambit|move: Protect\n|-damage|p2a: Sneasler|0 fnt\n|faint|p2a: Sneasler\n|move|p1b: Garchomp|Earthquake|p2b: Kingambit|[spread] \n|-activate|p2b: Kingambit|move: Protect\n|-immune|p1a: Rotom|[from] ability: Levitate\n|\n|upkeep\n|\n|t:|1776328533\n|switch|p2a: Maushold|Maushold-Four, L50|100/100\n|turn|3\n|\n|t:|1776328556\n|move|p2a: Maushold|Protect|p2a: Maushold\n|-singleturn|p2a: Maushold|Protect\n|move|p1a: Rotom|Blizzard|p2a: Maushold|[spread] p2b\n|-activate|p2a: Maushold|move: Protect\n|-resisted|p2b: Kingambit|1\n|-damage|p2b: Kingambit|70/100\n|move|p1b: Garchomp|Earthquake|p2a: Maushold|[spread] p2b\n|-activate|p2a: Maushold|move: Protect\n|-immune|p1a: Rotom|[from] ability: Levitate\n|-supereffective|p2b: Kingambit|1\n|-damage|p2b: Kingambit|29/100\n|move|p2b: Kingambit|Kowtow Cleave|p1a: Rotom\n|-damage|p1a: Rotom|0 fnt\n|faint|p1a: Rotom\n|\n|upkeep\n|\n|t:|1776328576\n|switch|p1a: Kingambit|Kingambit, L50, F|100/100\n|turn|4\n|inactive|TheWonderfulGirl has 30 seconds left.\n|\n|t:|1776328608\n|switch|p1b: Froslass|Froslass, L50, F|100/100\n|move|p2b: Kingambit|Protect|p2b: Kingambit\n|-singleturn|p2b: Kingambit|Protect\n|move|p2a: Maushold|Super Fang|p1a: Kingambit\n|-damage|p1a: Kingambit|51/100\n|move|p1a: Kingambit|Low Kick|p2b: Kingambit\n|-activate|p2b: Kingambit|move: Protect\n|\n|upkeep\n|turn|5\n|\n|t:|1776328628\n|detailschange|p1b: Froslass|Froslass-Mega, L50, F\n|-mega|p1b: Froslass|Froslass|Froslassite\n|-weather|Snowscape|[from] ability: Snow Warning|[of] p1b: Froslass\n|move|p2a: Maushold|Follow Me|p2a: Maushold\n|-singleturn|p2a: Maushold|move: Follow Me\n|move|p1b: Froslass|Blizzard|p2a: Maushold|[spread] p2a,p2b\n|-resisted|p2b: Kingambit|1\n|-damage|p2a: Maushold|38/100\n|-damage|p2b: Kingambit|11/100\n|-status|p2b: Kingambit|frz\n|move|p1a: Kingambit|Low Kick|p2a: Maushold\n|-supereffective|p2a: Maushold|1\n|-crit|p2a: Maushold\n|-enditem|p2a: Maushold|Chople Berry|[eat]\n|-enditem|p2a: Maushold|Chople Berry|[weaken]\n|-damage|p2a: Maushold|23/100\n|cant|p2b: Kingambit|frz\n|\n|-weather|Snowscape|[upkeep]\n|upkeep\n|turn|6\n|inactive|TheWonderfulGirl has 30 seconds left.\n|inactive|Sharkhy_ has 30 seconds left.\n|\n|t:|1776328666\n|move|p2a: Maushold|Protect|p2a: Maushold\n|-singleturn|p2a: Maushold|Protect\n|move|p1b: Froslass|Blizzard|p2b: Kingambit|[spread] p2b\n|-activate|p2a: Maushold|move: Protect\n|-resisted|p2b: Kingambit|1\n|-damage|p2b: Kingambit|0 fnt\n|faint|p2b: Kingambit\n|move|p1a: Kingambit|Iron Head|p2a: Maushold\n|-activate|p2a: Maushold|move: Protect\n|\n|-weather|Snowscape|[upkeep]\n|upkeep\n|\n|t:|1776328675\n|switch|p2b: Charizard|Charizard, L50, M|100/100\n|turn|7\n|\n|t:|1776328689\n|switch|p1b: Garchomp|Garchomp, L50, M|86/100\n|detailschange|p2b: Charizard|Charizard-Mega-Y, L50, M\n|-mega|p2b: Charizard|Charizard|Charizardite Y\n|-weather|SunnyDay|[from] ability: Drought|[of] p2b: Charizard\n|move|p2a: Maushold|Encore|p1a: Kingambit\n|-start|p1a: Kingambit|Encore\n|move|p2b: Charizard|Heat Wave|p1a: Kingambit|[spread] p1a\n|-miss|p2b: Charizard|p1b: Garchomp\n|-supereffective|p1a: Kingambit|1\n|-damage|p1a: Kingambit|0 fnt\n|faint|p1a: Kingambit\n|\n|-weather|SunnyDay|[upkeep]\n|upkeep\n|\n|t:|1776328704\n|switch|p1a: Froslass|Froslass-Mega, L50, F|100/100\n|-weather|Snowscape|[from] ability: Snow Warning|[of] p1a: Froslass\n|turn|8\n|\n|t:|1776328723\n|move|p2a: Maushold|Super Fang|p1b: Garchomp\n|-damage|p1b: Garchomp|43/100\n|-damage|p2a: Maushold|11/100|[from] ability: Rough Skin|[of] p1b: Garchomp\n|move|p1a: Froslass|Blizzard|p2b: Charizard|[spread] p2a,p2b\n|-damage|p2a: Maushold|0 fnt\n|-damage|p2b: Charizard|70/100\n|faint|p2a: Maushold\n|move|p1b: Garchomp|Rock Slide|p2b: Charizard|[miss]\n|-miss|p1b: Garchomp|p2b: Charizard\n|move|p2b: Charizard|Heat Wave|p1a: Froslass|[spread] p1a,p1b\n|-supereffective|p1a: Froslass|1\n|-resisted|p1b: Garchomp|1\n|-damage|p1a: Froslass|0 fnt\n|-damage|p1b: Garchomp|19/100\n|faint|p1a: Froslass\n|\n|-weather|Snowscape|[upkeep]\n|upkeep\n|turn|9\n|\n|t:|1776328746\n|move|p1b: Garchomp|Rock Slide|p2b: Charizard\n|-supereffective|p2b: Charizard|2\n|-damage|p2b: Charizard|0 fnt\n|faint|p2b: Charizard\n|\n|win|TheWonderfulGirl\n|raw|TheWonderfulGirl's rating: 1124 &rarr; <strong>1145</strong><br />(+21 for winning)\n|raw|Sharkhy_'s rating: 1064 &rarr; <strong>1048</strong><br />(-16 for losing)\n",
  "uploadtime": 1776328752,
  "views": 24,
  "formatid": "gen9championsvgc2026regma",
  "rating": 1048,
  "private": 0,
  "password": null
}