{
  "id": "gen9championsvgc2026regma-2584891533",
  "format": "[Gen 9 Champions] VGC 2026 Reg M-A",
  "players": [
    "squirreliscooler",
    "Jah_08"
  ],
  "log": "|j|\u2606squirreliscooler\n|j|\u2606Jah_08\n|t:|1776292032\n|gametype|doubles\n|player|p1|squirreliscooler|giovanni|1145\n|player|p2|Jah_08|alder|1228\n|gen|9\n|tier|[Gen 9 Champions] VGC 2026 Reg M-A\n|rated|\n|rule|Species Clause: Limit one of each Pok\u00e9mon\n|rule|Item Clause: Limit 1 of each item\n|clearpoke\n|poke|p1|Floette-Eternal, L50, F|\n|poke|p1|Incineroar, L50, F|\n|poke|p1|Sinistcha, L50|\n|poke|p1|Rotom-Wash, L50|\n|poke|p1|Garchomp, L50, F|\n|poke|p1|Talonflame, L50, F|\n|poke|p2|Excadrill, L50, M|\n|poke|p2|Whimsicott, L50, M|\n|poke|p2|Chandelure, L50, F|\n|poke|p2|Zoroark-Hisui, L50, M|\n|poke|p2|Basculegion, L50, M|\n|poke|p2|Hydreigon, L50, M|\n|teampreview|4\n|inactive|Battle timer is ON: inactive players will automatically lose when time's up. (requested by squirreliscooler)\n|\n|t:|1776292073\n|teamsize|p1|4\n|teamsize|p2|4\n|start\n|switch|p1a: Talonflame|Talonflame, L50, F|100/100\n|switch|p1b: Floette|Floette-Eternal, L50, F|100/100\n|switch|p2a: Whimsicott|Whimsicott, L50, M, shiny|100/100\n|switch|p2b: Basculegion|Basculegion, L50, M|100/100\n|turn|1\n|\n|t:|1776292098\n|detailschange|p1b: Floette|Floette-Mega, L50, F\n|-mega|p1b: Floette|Floette|Floettite\n|-ability|p1b: Floette|Fairy Aura\n|move|p2a: Whimsicott|Protect|p2a: Whimsicott\n|-singleturn|p2a: Whimsicott|Protect\n|move|p1a: Talonflame|Tailwind|p1a: Talonflame\n|-sidestart|p1: squirreliscooler|move: Tailwind\n|move|p1b: Floette|Dazzling Gleam|p2b: Basculegion|[spread] p2b\n|-activate|p2a: Whimsicott|move: Protect\n|-damage|p2b: Basculegion|38/100\n|move|p2b: Basculegion|Flip Turn|p1a: Talonflame\n|-supereffective|p1a: Talonflame|1\n|-damage|p1a: Talonflame|0 fnt\n|faint|p1a: Talonflame\n|\n|t:|1776292115\n|switch|p2b: Excadrill|Excadrill, L50, M|100/100|[from] Flip Turn\n|-ability|p2b: Excadrill|Mold Breaker\n|\n|upkeep\n|\n|t:|1776292119\n|switch|p1a: Incineroar|Incineroar, L50, F|100/100\n|-ability|p1a: Incineroar|Intimidate|boost\n|-unboost|p2a: Whimsicott|atk|1\n|-unboost|p2b: Excadrill|atk|1\n|turn|2\n|\n|t:|1776292134\n|move|p1a: Incineroar|Fake Out|p2a: Whimsicott\n|-damage|p2a: Whimsicott|88/100\n|cant|p2a: Whimsicott|flinch\n|move|p1b: Floette|Calm Mind|p1b: Floette\n|-boost|p1b: Floette|spa|1\n|-boost|p1b: Floette|spd|1\n|move|p2b: Excadrill|Iron Head|p1b: Floette\n|-supereffective|p1b: Floette|1\n|-damage|p1b: Floette|41/100\n|\n|upkeep\n|turn|3\n|\n|t:|1776292154\n|move|p2a: Whimsicott|Encore|p1b: Floette\n|-start|p1b: Floette|Encore\n|move|p1b: Floette|Calm Mind|p1b: Floette\n|-boost|p1b: Floette|spa|1\n|-boost|p1b: Floette|spd|1\n|move|p1a: Incineroar|Flare Blitz|p2b: Excadrill\n|-supereffective|p2b: Excadrill|1\n|-enditem|p2b: Excadrill|Focus Sash\n|-damage|p2b: Excadrill|1/100\n|-damage|p1a: Incineroar|70/100|[from] Recoil\n|move|p2b: Excadrill|High Horsepower|p1a: Incineroar\n|-supereffective|p1a: Incineroar|1\n|-damage|p1a: Incineroar|2/100\n|\n|upkeep\n|turn|4\n|\n|t:|1776292176\n|move|p1b: Floette|Calm Mind|p1b: Floette\n|-boost|p1b: Floette|spa|1\n|-boost|p1b: Floette|spd|1\n|move|p1a: Incineroar|Throat Chop|p2b: Excadrill\n|-damage|p2b: Excadrill|0 fnt\n|faint|p2b: Excadrill\n|move|p2a: Whimsicott|Moonblast|p1a: Incineroar\n|-damage|p1a: Incineroar|0 fnt\n|faint|p1a: Incineroar\n|\n|-sideend|p1: squirreliscooler|move: Tailwind\n|upkeep\n|\n|t:|1776292188\n|switch|p2b: Basculegion|Basculegion, L50, M|38/100\n|switch|p1a: Rotom|Rotom-Wash, L50|100/100\n|turn|5\n|inactive|Jah_08 has 30 seconds left.\n|\n|t:|1776292215\n|move|p2b: Basculegion|Last Respects|p1a: Rotom\n|-damage|p1a: Rotom|38/100\n|move|p2a: Whimsicott|Moonblast|p1a: Rotom\n|-damage|p1a: Rotom|0 fnt\n|faint|p1a: Rotom\n|move|p1b: Floette|Calm Mind|p1b: Floette\n|-boost|p1b: Floette|spa|1\n|-boost|p1b: Floette|spd|1\n|\n|-end|p1b: Floette|Encore\n|upkeep\n|turn|6\n|\n|t:|1776292228\n|move|p2a: Whimsicott|Encore|p1b: Floette\n|-start|p1b: Floette|Encore\n|move|p2b: Basculegion|Last Respects|p1b: Floette\n|-damage|p1b: Floette|0 fnt\n|faint|p1b: Floette\n|\n|win|Jah_08\n|raw|squirreliscooler's rating: 1145 &rarr; <strong>1126</strong><br />(-19 for losing)\n|raw|Jah_08's rating: 1228 &rarr; <strong>1247</strong><br />(+19 for winning)\n|l|\u2606squirreliscooler\n|player|p1|\n",
  "uploadtime": 1776292234,
  "views": 20,
  "formatid": "gen9championsvgc2026regma",
  "rating": 1126,
  "private": 0,
  "password": null
}