{
  "id": "gen9championsvgc2026regma-2583927438",
  "format": "[Gen 9 Champions] VGC 2026 Reg M-A",
  "players": [
    "Astral Legionis",
    "chabezoid"
  ],
  "log": "|j|\u2606Astral Legionis\n|j|\u2606chabezoid\n|t:|1776209024\n|gametype|doubles\n|player|p1|Astral Legionis|1|1223\n|player|p2|chabezoid|medium|1178\n|gen|9\n|tier|[Gen 9 Champions] VGC 2026 Reg M-A\n|rated|\n|rule|Species Clause: Limit one of each Pok\u00e9mon\n|rule|Item Clause: Limit 1 of each item\n|clearpoke\n|poke|p1|Reuniclus, L50, F|\n|poke|p1|Archaludon, L50, F|\n|poke|p1|Pelipper, L50, M|\n|poke|p1|Sinistcha, L50|\n|poke|p1|Meganium, L50, F|\n|poke|p1|Incineroar, L50, F|\n|poke|p2|Delphox, L50, M|\n|poke|p2|Kingambit, L50, F|\n|poke|p2|Rotom-Wash, L50|\n|poke|p2|Sinistcha, L50|\n|poke|p2|Sneasler, L50, M|\n|poke|p2|Garchomp, L50, M|\n|teampreview|4\n|\n|t:|1776209073\n|teamsize|p1|4\n|teamsize|p2|4\n|start\n|switch|p1a: nowhere to go|Sinistcha, L50|100/100\n|switch|p1b: roots pulled up|Meganium, L50, F|100/100\n|switch|p2a: Kingambit|Kingambit, L50, F|100/100\n|switch|p2b: Sneasler|Sneasler, L50, M|100/100\n|turn|1\n|\n|t:|1776209107\n|detailschange|p1b: roots pulled up|Meganium-Mega, L50, F\n|-mega|p1b: roots pulled up|Meganium|Meganiumite\n|move|p1b: roots pulled up|Protect|p1b: roots pulled up\n|-singleturn|p1b: roots pulled up|Protect\n|move|p2b: Sneasler|Fake Out|p1b: roots pulled up\n|-activate|p1b: roots pulled up|move: Protect\n|move|p1a: nowhere to go|Matcha Gotcha|p2a: Kingambit|[spread] p2b\n|-miss|p1a: nowhere to go|p2a: Kingambit\n|-resisted|p2b: Sneasler|1\n|-damage|p2b: Sneasler|83/100\n|move|p2a: Kingambit|Kowtow Cleave|p1a: nowhere to go\n|-supereffective|p1a: nowhere to go|1\n|-enditem|p1a: nowhere to go|Colbur Berry|[eat]\n|-enditem|p1a: nowhere to go|Colbur Berry|[weaken]\n|-damage|p1a: nowhere to go|49/100\n|\n|upkeep\n|turn|2\n|\n|t:|1776209130\n|move|p1a: nowhere to go|Rage Powder|p1a: nowhere to go\n|-singleturn|p1a: nowhere to go|move: Rage Powder\n|move|p2a: Kingambit|Sucker Punch||[still]\n|-fail|p2a: Kingambit\n|move|p2b: Sneasler|Dire Claw|p1a: nowhere to go\n|-crit|p1a: nowhere to go\n|-damage|p1a: nowhere to go|0 fnt\n|faint|p1a: nowhere to go\n|move|p1b: roots pulled up|Weather Ball|p2a: Kingambit\n|-supereffective|p2a: Kingambit|1\n|-damage|p2a: Kingambit|0 fnt\n|faint|p2a: Kingambit\n|\n|upkeep\n|\n|t:|1776209149\n|switch|p1a: dripping tears|Pelipper, L50, M|100/100\n|switch|p2a: Rotom|Rotom-Wash, L50|100/100\n|-weather|RainDance|[from] ability: Drizzle|[of] p1a: dripping tears\n|turn|3\n|\n|t:|1776209173\n|switch|p1b: golden bell|Archaludon, L50, F|100/100\n|move|p2b: Sneasler|Protect|p2b: Sneasler\n|-singleturn|p2b: Sneasler|Protect\n|move|p1a: dripping tears|Protect|p1a: dripping tears\n|-singleturn|p1a: dripping tears|Protect\n|move|p2a: Rotom|Thunderbolt|p1a: dripping tears\n|-activate|p1a: dripping tears|move: Protect\n|\n|-weather|RainDance|[upkeep]\n|upkeep\n|turn|4\n|\n|t:|1776209200\n|switch|p1a: roots pulled up|Meganium-Mega, L50, F|100/100\n|move|p2b: Sneasler|Close Combat|p1b: golden bell\n|-supereffective|p1b: golden bell|1\n|-damage|p1b: golden bell|3/100\n|-unboost|p2b: Sneasler|def|1\n|-unboost|p2b: Sneasler|spd|1\n|-ability|p1b: golden bell|Stamina|boost\n|-boost|p1b: golden bell|def|1\n|-enditem|p1b: golden bell|Sitrus Berry|[eat]\n|-heal|p1b: golden bell|28/100|[from] item: Sitrus Berry\n|move|p2a: Rotom|Volt Switch|p1a: roots pulled up\n|-resisted|p1a: roots pulled up|1\n|-damage|p1a: roots pulled up|89/100\n|\n|t:|1776209214\n|switch|p2a: Delphox|Delphox, L50, M|100/100|[from] Volt Switch\n|move|p1b: golden bell|Electro Shot||[still]\n|-prepare|p1b: golden bell|Electro Shot\n|-boost|p1b: golden bell|spa|1\n|-anim|p1b: golden bell|Electro Shot|p2b: Sneasler\n|-damage|p2b: Sneasler|0 fnt\n|faint|p2b: Sneasler\n|\n|-weather|RainDance|[upkeep]\n|upkeep\n|\n|t:|1776209225\n|switch|p2b: Rotom|Rotom-Wash, L50|100/100\n|turn|5\n|\n|t:|1776209258\n|detailschange|p2a: Delphox|Delphox-Mega, L50, M\n|-mega|p2a: Delphox|Delphox|Delphoxite\n|move|p1b: golden bell|Protect|p1b: golden bell\n|-singleturn|p1b: golden bell|Protect\n|move|p2a: Delphox|Heat Wave|p1b: golden bell|[spread] p1a\n|-activate|p1b: golden bell|move: Protect\n|-supereffective|p1a: roots pulled up|1\n|-damage|p1a: roots pulled up|57/100\n|move|p2b: Rotom|Hydro Pump|p1a: roots pulled up\n|-resisted|p1a: roots pulled up|1\n|-damage|p1a: roots pulled up|29/100\n|move|p1a: roots pulled up|Solar Beam||[still]\n|-prepare|p1a: roots pulled up|Solar Beam\n|-activate|p1a: roots pulled up|ability: Mega Sol\n|-anim|p1a: roots pulled up|Solar Beam|p2b: Rotom\n|-supereffective|p2b: Rotom|1\n|-damage|p2b: Rotom|0 fnt\n|faint|p2b: Rotom\n|\n|-weather|RainDance|[upkeep]\n|upkeep\n|turn|6\n|\n|t:|1776209285\n|switch|p1b: dripping tears|Pelipper, L50, M|100/100\n|move|p1a: roots pulled up|Protect|p1a: roots pulled up\n|-singleturn|p1a: roots pulled up|Protect\n|move|p2a: Delphox|Heat Wave|p1b: dripping tears|[spread] \n|-activate|p1a: roots pulled up|move: Protect\n|-miss|p2a: Delphox|p1b: dripping tears\n|\n|-weather|RainDance|[upkeep]\n|upkeep\n|turn|7\n|\n|t:|1776209305\n|move|p2a: Delphox|Protect|p2a: Delphox\n|-singleturn|p2a: Delphox|Protect\n|move|p1b: dripping tears|Wide Guard|p1b: dripping tears\n|-singleturn|p1b: dripping tears|Wide Guard\n|move|p1a: roots pulled up|Solar Beam||[still]\n|-prepare|p1a: roots pulled up|Solar Beam\n|-activate|p1a: roots pulled up|ability: Mega Sol\n|-anim|p1a: roots pulled up|Solar Beam|p2a: Delphox\n|-activate|p2a: Delphox|move: Protect\n|\n|-weather|none\n|upkeep\n|turn|8\n|\n|t:|1776209323\n|switch|p1b: golden bell|Archaludon, L50, F|28/100\n|move|p1a: roots pulled up|Protect|p1a: roots pulled up\n|-singleturn|p1a: roots pulled up|Protect\n|move|p2a: Delphox|Psychic|p1a: roots pulled up\n|-activate|p1a: roots pulled up|move: Protect\n|\n|upkeep\n|turn|9\n|\n|t:|1776209345\n|switch|p1a: dripping tears|Pelipper, L50, M|100/100\n|-weather|RainDance|[from] ability: Drizzle|[of] p1a: dripping tears\n|move|p1b: golden bell|Protect|p1b: golden bell\n|-singleturn|p1b: golden bell|Protect\n|move|p2a: Delphox|Heat Wave|p1a: dripping tears|[spread] \n|-activate|p1b: golden bell|move: Protect\n|-miss|p2a: Delphox|p1a: dripping tears\n|\n|-weather|RainDance|[upkeep]\n|upkeep\n|turn|10\n|c|\u2606chabezoid|:)))))\n|\n|t:|1776209375\n|move|p2a: Delphox|Psychic|p1a: dripping tears\n|-damage|p1a: dripping tears|24/100\n|move|p1b: golden bell|Electro Shot||[still]\n|-prepare|p1b: golden bell|Electro Shot\n|-boost|p1b: golden bell|spa|1\n|-anim|p1b: golden bell|Electro Shot|p2a: Delphox\n|-damage|p2a: Delphox|34/100\n|move|p1a: dripping tears|Weather Ball|p2a: Delphox\n|-supereffective|p2a: Delphox|1\n|-damage|p2a: Delphox|0 fnt\n|faint|p2a: Delphox\n|\n|win|Astral Legionis\n|raw|Astral Legionis's rating: 1223 &rarr; <strong>1245</strong><br />(+22 for winning)\n|raw|chabezoid's rating: 1178 &rarr; <strong>1156</strong><br />(-22 for losing)\n",
  "uploadtime": 1776209382,
  "views": 17,
  "formatid": "gen9championsvgc2026regma",
  "rating": 1156,
  "private": 0,
  "password": null
}