{
  "id": "gen9championsvgc2026regma-2584163652",
  "format": "[Gen 9 Champions] VGC 2026 Reg M-A",
  "players": [
    "speedyturtle87",
    "freshh to death"
  ],
  "log": "|j|\u2606speedyturtle87\n|j|\u2606freshh to death\n|t:|1776232855\n|gametype|doubles\n|player|p1|speedyturtle87|canari|\n|player|p2|freshh to death|miku-fairy|\n|gen|9\n|tier|[Gen 9 Champions] VGC 2026 Reg M-A\n|rated|Tournament battle\n|rule|Species Clause: Limit one of each Pok\u00e9mon\n|rule|Item Clause: Limit 1 of each item\n|raw|<div class=\"infobox\"><details class=\"readmore\" open><summary><strong>1 custom rule:</strong></summary> Force Open Team Sheets</details></div>\n|clearpoke\n|poke|p1|Aerodactyl, L50, F|\n|poke|p1|Meganium, L50, F|\n|poke|p1|Diggersby, L50, M|\n|poke|p1|Kingambit, L50, M|\n|poke|p1|Milotic, L50, F|\n|poke|p1|Sneasler, L50, M|\n|poke|p2|Meganium, L50, F|\n|poke|p2|Dragonite, L50, F|\n|poke|p2|Archaludon, L50, F|\n|poke|p2|Pelipper, L50, F|\n|poke|p2|Basculegion, L50, M|\n|poke|p2|Sneasler, L50, F|\n|teampreview|4\n|showteam|p1|Aerodactyl||FocusSash|Unnerve|RockSlide,DualWingbeat,Tailwind,Protect|||F|||50|]Meganium||Meganiumite|Overgrow|SolarBeam,DazzlingGleam,WeatherBall,Protect|||F|||50|]Diggersby||ChoiceScarf|HugePower|BodySlam,HighHorsepower,IcePunch,Uturn|||M|||50|]Kingambit||BlackGlasses|Defiant|SuckerPunch,KowtowCleave,IronHead,Protect|||M|||50|]Milotic||Leftovers|Competitive|IceBeam,MuddyWater,Scald,Protect|||F|||50|]Sneasler||WhiteHerb|Unburden|FakeOut,CloseCombat,DireClaw,Protect|||M|||50|\n|showteam|p2|Meganium||Meganiumite|LeafGuard|SolarBeam,WeatherBall,DazzlingGleam,Protect|||F|||50|]Dragonite||Dragoninite|Multiscale|DracoMeteor,Tailwind,Hurricane,Protect|||F|||50|]Archaludon||Leftovers|Sturdy|ElectroShot,DragonPulse,FlashCannon,Protect|||F|||50|]Pelipper||FocusSash|Drizzle|WeatherBall,Hurricane,Tailwind,Protect|||F|||50|]Basculegion||ChoiceScarf|Adaptability|WaveCrash,LastRespects,FlipTurn,AquaJet|||M|||50|]Sneasler||WhiteHerb|Unburden|FakeOut,DireClaw,Protect,CloseCombat|||F|||50|\n|inactive|Battle timer is ON: inactive players will automatically lose when time's up. (requested by speedyturtle87)\n|inactive|freshh to death also wants the timer to be on.\n|j| OnToTheOther\n|j| Jamstiffer\n|c|\u2606speedyturtle87|glhf\n|j| crimson_requiem5\n|c|\u2606freshh to death|glhf\n|j| Speedholes\n|j| DreamPrince\n|inactive|speedyturtle87 has 60 seconds left.\n|inactive|freshh to death has 60 seconds left.\n|\n|t:|1776232894\n|teamsize|p1|4\n|teamsize|p2|4\n|start\n|switch|p1a: Aerodactyl|Aerodactyl, L50, F|100/100\n|switch|p1b: Kingambit|Kingambit, L50, M|100/100\n|switch|p2a: Pelipper|Pelipper, L50, F|100/100\n|switch|p2b: Archaludon|Archaludon, L50, F|100/100\n|-ability|p1a: Aerodactyl|Unnerve\n|-weather|RainDance|[from] ability: Drizzle|[of] p2a: Pelipper\n|turn|1\n|j| Daffarkfth\n|\n|t:|1776232909\n|move|p1a: Aerodactyl|Tailwind|p1a: Aerodactyl\n|-sidestart|p1: speedyturtle87|move: Tailwind\n|move|p1b: Kingambit|Kowtow Cleave|p2a: Pelipper\n|-damage|p2a: Pelipper|50/100\n|move|p2b: Archaludon|Electro Shot||[still]\n|-prepare|p2b: Archaludon|Electro Shot\n|-boost|p2b: Archaludon|spa|1\n|-anim|p2b: Archaludon|Electro Shot|p1a: Aerodactyl\n|-supereffective|p1a: Aerodactyl|1\n|-enditem|p1a: Aerodactyl|Focus Sash\n|-damage|p1a: Aerodactyl|1/100\n|move|p2a: Pelipper|Tailwind|p2a: Pelipper\n|-sidestart|p2: freshh to death|move: Tailwind\n|\n|-weather|RainDance|[upkeep]\n|upkeep\n|turn|2\n|j| turtle100000000\n|c| Jamstiffer|holy cringegambit moment\n|inactive|speedyturtle87 has 30 seconds left.\n|\n|t:|1776232942\n|move|p2a: Pelipper|Protect|p2a: Pelipper\n|-singleturn|p2a: Pelipper|Protect\n|move|p1a: Aerodactyl|Rock Slide|p2b: Archaludon|[spread] p2b\n|-activate|p2a: Pelipper|move: Protect\n|-resisted|p2b: Archaludon|1\n|-damage|p2b: Archaludon|90/100\n|move|p2b: Archaludon|Electro Shot||[still]\n|-prepare|p2b: Archaludon|Electro Shot\n|-boost|p2b: Archaludon|spa|1\n|-anim|p2b: Archaludon|Electro Shot|p1b: Kingambit\n|-damage|p1b: Kingambit|23/100\n|move|p1b: Kingambit|Kowtow Cleave|p2b: Archaludon\n|-damage|p2b: Archaludon|46/100\n|\n|-weather|RainDance|[upkeep]\n|-heal|p2b: Archaludon|52/100|[from] item: Leftovers\n|upkeep\n|turn|3\n|\n|t:|1776232965\n|switch|p2a: Basculegion|Basculegion, L50, M|100/100\n|move|p1a: Aerodactyl|Protect|p1a: Aerodactyl\n|-singleturn|p1a: Aerodactyl|Protect\n|move|p1b: Kingambit|Sucker Punch||[still]\n|-fail|p1b: Kingambit\n|move|p2b: Archaludon|Electro Shot||[still]\n|-prepare|p2b: Archaludon|Electro Shot\n|-boost|p2b: Archaludon|spa|1\n|-anim|p2b: Archaludon|Electro Shot|p1b: Kingambit\n|-damage|p1b: Kingambit|0 fnt\n|faint|p1b: Kingambit\n|\n|-weather|RainDance|[upkeep]\n|-heal|p2b: Archaludon|58/100|[from] item: Leftovers\n|upkeep\n|\n|t:|1776232969\n|switch|p1b: Meganium|Meganium, L50, F|100/100\n|turn|4\n|inactive|freshh to death has 30 seconds left.\n|j| dagrzekrom\n|inactive|freshh to death has 20 seconds left.\n|\n|t:|1776233005\n|switch|p1a: Sneasler|Sneasler, L50, M|100/100\n|detailschange|p1b: Meganium|Meganium-Mega, L50, F\n|-mega|p1b: Meganium|Meganium|Meganiumite\n|move|p2b: Archaludon|Protect|p2b: Archaludon\n|-singleturn|p2b: Archaludon|Protect\n|move|p2a: Basculegion|Aqua Jet|p1a: Sneasler\n|-damage|p1a: Sneasler|23/100\n|move|p1b: Meganium|Weather Ball|p2b: Archaludon\n|-activate|p2b: Archaludon|move: Protect\n|\n|-weather|RainDance|[upkeep]\n|-heal|p2b: Archaludon|64/100|[from] item: Leftovers\n|-sideend|p2: freshh to death|move: Tailwind\n|-sideend|p1: speedyturtle87|move: Tailwind\n|upkeep\n|turn|5\n|l| dagrzekrom\n|\n|t:|1776233028\n|switch|p2b: Pelipper|Pelipper, L50, F|50/100\n|move|p1a: Sneasler|Fake Out|p2b: Pelipper\n|-damage|p2b: Pelipper|36/100\n|move|p2a: Basculegion|Aqua Jet|p1a: Sneasler\n|-crit|p1a: Sneasler\n|-damage|p1a: Sneasler|0 fnt\n|faint|p1a: Sneasler\n|move|p1b: Meganium|Solar Beam||[still]\n|-prepare|p1b: Meganium|Solar Beam\n|-activate|p1b: Meganium|ability: Mega Sol\n|-anim|p1b: Meganium|Solar Beam|p2a: Basculegion\n|-supereffective|p2a: Basculegion|1\n|-damage|p2a: Basculegion|0 fnt\n|faint|p2a: Basculegion\n|\n|-weather|none\n|upkeep\n|\n|t:|1776233042\n|switch|p1a: Aerodactyl|Aerodactyl, L50, F|1/100\n|switch|p2a: Meganium|Meganium, L50, F|100/100\n|-ability|p1a: Aerodactyl|Unnerve\n|turn|6\n|j| PhantomzTK\n|inactive|speedyturtle87 has 30 seconds left.\n|\n|t:|1776233074\n|detailschange|p2a: Meganium|Meganium-Mega, L50, F\n|-mega|p2a: Meganium|Meganium|Meganiumite\n|move|p2a: Meganium|Protect|p2a: Meganium\n|-singleturn|p2a: Meganium|Protect\n|move|p1a: Aerodactyl|Rock Slide|p2a: Meganium|[spread] p2b\n|-activate|p2a: Meganium|move: Protect\n|-supereffective|p2b: Pelipper|1\n|-damage|p2b: Pelipper|0 fnt\n|faint|p2b: Pelipper\n|move|p1b: Meganium|Weather Ball|p2a: Meganium\n|-activate|p2a: Meganium|move: Protect\n|\n|upkeep\n|\n|t:|1776233083\n|switch|p2b: Archaludon|Archaludon, L50, F|64/100\n|turn|7\n|\n|t:|1776233092\n|move|p1a: Aerodactyl|Tailwind|p1a: Aerodactyl\n|-sidestart|p1: speedyturtle87|move: Tailwind\n|move|p1b: Meganium|Weather Ball|p2b: Archaludon\n|-damage|p2b: Archaludon|0 fnt\n|faint|p2b: Archaludon\n|move|p2a: Meganium|Weather Ball|p1b: Meganium\n|-supereffective|p1b: Meganium|1\n|-damage|p1b: Meganium|0 fnt\n|faint|p1b: Meganium\n|\n|upkeep\n|turn|8\n|\n|t:|1776233100\n|move|p1a: Aerodactyl|Dual Wingbeat|p2a: Meganium\n|-supereffective|p2a: Meganium|1\n|-damage|p2a: Meganium|67/100\n|-supereffective|p2a: Meganium|1\n|-damage|p2a: Meganium|35/100\n|-hitcount|p2a: Meganium|2\n|move|p2a: Meganium|Dazzling Gleam|p1a: Aerodactyl\n|-damage|p1a: Aerodactyl|0 fnt\n|faint|p1a: Aerodactyl\n|\n|win|freshh to death\n|n|\u2606speedyturtle87|speedyturtle87\n|n|\u2606freshh to death|freshhtodeath\n|n| OnToTheOther|ontotheother\n|n| Jamstiffer|jamstiffer\n|n| crimson_requiem5|crimsonrequiem5\n|n| Speedholes|speedholes\n|n| DreamPrince|dreamprince\n|n| Daffarkfth|daffarkfth\n|n| turtle100000000|turtle100000000\n|n| PhantomzTK|phantomztk\n|c|\u2606freshh to death|gg\n|c|\u2606speedyturtle87|ggwp\n|l| PhantomzTK\n|l|\u2606freshh to death\n|player|p2|\n|l| Daffarkfth\n|l|\u2606speedyturtle87\n|player|p1|\n|l| Speedholes\n|l| DreamPrince\n|l| turtle100000000\n|l| OnToTheOther\n|j|\u2606freshh to death\n|player|p2|freshh to death|miku-fairy|\n",
  "uploadtime": 1776233109,
  "views": 28,
  "formatid": "gen9championsvgc2026regma",
  "rating": null,
  "private": 0,
  "password": null
}