{
  "id": "gen9championsvgc2026regma-2586030951",
  "format": "[Gen 9 Champions] VGC 2026 Reg M-A",
  "players": [
    "kuanyou",
    "Sores"
  ],
  "log": "|j|\u2606kuanyou\n|j|\u2606Sores\n|t:|1776391956\n|gametype|doubles\n|player|p1|kuanyou|266|1296\n|player|p2|Sores|veteran|1323\n|gen|9\n|tier|[Gen 9 Champions] VGC 2026 Reg M-A\n|rated|\n|rule|Species Clause: Limit one of each Pok\u00e9mon\n|rule|Item Clause: Limit 1 of each item\n|clearpoke\n|poke|p1|Sneasler, L50, M|\n|poke|p1|Scovillain, L50, F|\n|poke|p1|Primarina, L50, M|\n|poke|p1|Kingambit, L50, M|\n|poke|p1|Aerodactyl, L50, M|\n|poke|p1|Garchomp, L50, M|\n|poke|p2|Meganium, L50, M|\n|poke|p2|Pelipper, L50, M|\n|poke|p2|Basculegion, L50, M|\n|poke|p2|Scizor, L50, M|\n|poke|p2|Farigiraf, L50, M|\n|poke|p2|Dragonite, L50, M|\n|teampreview|4\n|\n|t:|1776392021\n|teamsize|p1|4\n|teamsize|p2|4\n|start\n|switch|p1a: Primarina|Primarina, L50, M|100/100\n|switch|p1b: Scovillain|Scovillain, L50, F|100/100\n|switch|p2a: Basculegion|Basculegion, L50, M|100/100\n|switch|p2b: Meganium|Meganium, L50, M|100/100\n|turn|1\n|\n|t:|1776392058\n|detailschange|p2b: Meganium|Meganium-Mega, L50, M\n|-mega|p2b: Meganium|Meganium|Meganiumite\n|detailschange|p1b: Scovillain|Scovillain-Mega, L50, F\n|-mega|p1b: Scovillain|Scovillain|Scovillainite\n|move|p1a: Primarina|Protect|p1a: Primarina\n|-singleturn|p1a: Primarina|Protect\n|move|p2a: Basculegion|Wave Crash|p1b: Scovillain\n|-damage|p1b: Scovillain|20/100\n|-status|p2a: Basculegion|brn|[from] ability: Spicy Spray|[of] p1b: Scovillain\n|-damage|p2a: Basculegion|77/100 brn|[from] Recoil\n|move|p2b: Meganium|Solar Beam||[still]\n|-prepare|p2b: Meganium|Solar Beam\n|-activate|p2b: Meganium|ability: Mega Sol\n|-anim|p2b: Meganium|Solar Beam|p1a: Primarina\n|-activate|p1a: Primarina|move: Protect\n|move|p1b: Scovillain|Flamethrower|p2b: Meganium\n|-supereffective|p2b: Meganium|1\n|-damage|p2b: Meganium|28/100\n|\n|-damage|p2a: Basculegion|71/100 brn|[from] brn\n|upkeep\n|turn|2\n|\n|t:|1776392087\n|switch|p1a: Kingambit|Kingambit, L50, M|100/100\n|move|p1b: Scovillain|Protect|p1b: Scovillain\n|-singleturn|p1b: Scovillain|Protect\n|move|p2a: Basculegion|Wave Crash|p1b: Scovillain\n|-activate|p1b: Scovillain|move: Protect\n|move|p2b: Meganium|Solar Beam||[still]\n|-prepare|p2b: Meganium|Solar Beam\n|-activate|p2b: Meganium|ability: Mega Sol\n|-anim|p2b: Meganium|Solar Beam|p1a: Kingambit\n|-resisted|p1a: Kingambit|1\n|-damage|p1a: Kingambit|67/100\n|\n|-damage|p2a: Basculegion|65/100 brn|[from] brn\n|upkeep\n|turn|3\n|\n|t:|1776392117\n|switch|p2b: Farigiraf|Farigiraf, L50, M|100/100\n|move|p1a: Kingambit|Sucker Punch||[still]\n|cant|p2b: Farigiraf|ability: Armor Tail|Sucker Punch|[of] p1a: Kingambit\n|move|p2a: Basculegion|Wave Crash|p1b: Scovillain\n|-damage|p1b: Scovillain|0 fnt\n|faint|p1b: Scovillain\n|-damage|p2a: Basculegion|59/100 brn|[from] Recoil\n|\n|-damage|p2a: Basculegion|53/100 brn|[from] brn\n|upkeep\n|\n|t:|1776392128\n|switch|p1b: Primarina|Primarina, L50, M|100/100\n|turn|4\n|\n|t:|1776392145\n|move|p2b: Farigiraf|Helping Hand|p2a: Basculegion\n|-singleturn|p2a: Basculegion|Helping Hand|[of] p2b: Farigiraf\n|move|p2a: Basculegion|Wave Crash|p1a: Kingambit\n|-damage|p1a: Kingambit|24/100\n|-damage|p2a: Basculegion|39/100 brn|[from] Recoil\n|move|p1b: Primarina|Calm Mind|p1b: Primarina\n|-boost|p1b: Primarina|spa|1\n|-boost|p1b: Primarina|spd|1\n|move|p1a: Kingambit|Swords Dance|p1a: Kingambit\n|-boost|p1a: Kingambit|atk|2\n|\n|-damage|p2a: Basculegion|32/100 brn|[from] brn\n|upkeep\n|turn|5\n|\n|t:|1776392174\n|move|p1a: Kingambit|Protect|p1a: Kingambit\n|-singleturn|p1a: Kingambit|Protect\n|move|p2a: Basculegion|Wave Crash|p1b: Primarina\n|-resisted|p1b: Primarina|1\n|-damage|p1b: Primarina|79/100\n|-damage|p2a: Basculegion|26/100 brn|[from] Recoil\n|move|p1b: Primarina|Moonblast|p2a: Basculegion\n|-damage|p2a: Basculegion|0 fnt\n|faint|p2a: Basculegion\n|move|p2b: Farigiraf|Roar|p1a: Kingambit\n|drag|p1a: Sneasler|Sneasler, L50, M|100/100\n|\n|-heal|p1b: Primarina|85/100|[from] item: Leftovers\n|upkeep\n|\n|t:|1776392184\n|switch|p2a: Scizor|Scizor, L50, M|100/100\n|turn|6\n|\n|t:|1776392199\n|move|p1a: Sneasler|Close Combat|p2a: Scizor\n|-damage|p2a: Scizor|27/100\n|-unboost|p1a: Sneasler|def|1\n|-unboost|p1a: Sneasler|spd|1\n|-enditem|p1a: Sneasler|White Herb\n|-clearnegativeboost|p1a: Sneasler|[silent]\n|move|p2a: Scizor|Swords Dance|p2a: Scizor\n|-boost|p2a: Scizor|atk|2\n|move|p1b: Primarina|Hyper Voice|p2b: Farigiraf|[spread] p2a,p2b\n|-damage|p2a: Scizor|0 fnt\n|-damage|p2b: Farigiraf|61/100\n|faint|p2a: Scizor\n|move|p2b: Farigiraf|Trick Room|p2b: Farigiraf\n|-fieldstart|move: Trick Room|[of] p2b: Farigiraf\n|\n|-heal|p1b: Primarina|91/100|[from] item: Leftovers\n|upkeep\n|\n|t:|1776392205\n|switch|p2a: Meganium|Meganium-Mega, L50, M|28/100\n|turn|7\n|\n|t:|1776392226\n|move|p2b: Farigiraf|Psychic Noise|p1a: Sneasler\n|-supereffective|p1a: Sneasler|2\n|-damage|p1a: Sneasler|0 fnt\n|faint|p1a: Sneasler\n|move|p1b: Primarina|Moonblast|p2a: Meganium\n|-damage|p2a: Meganium|0 fnt\n|faint|p2a: Meganium\n|\n|-heal|p1b: Primarina|97/100|[from] item: Leftovers\n|upkeep\n|-message|Sores forfeited.\n|\n|win|kuanyou\n|raw|kuanyou's rating: 1296 &rarr; <strong>1323</strong><br />(+27 for winning)\n|raw|Sores's rating: 1323 &rarr; <strong>1301</strong><br />(-22 for losing)\n",
  "uploadtime": 1776392233,
  "views": 24,
  "formatid": "gen9championsvgc2026regma",
  "rating": 1301,
  "private": 0,
  "password": null
}