{
  "id": "gen9championsvgc2026regma-2583914186",
  "format": "[Gen 9 Champions] VGC 2026 Reg M-A",
  "players": [
    "ramasaru",
    "savemelivie"
  ],
  "log": "|j|\u2606ramasaru\n|j|\u2606savemelivie\n|t:|1776207847\n|gametype|doubles\n|player|p1|ramasaru|fantina|1012\n|player|p2|savemelivie|swimmerf-gen4|1047\n|gen|9\n|tier|[Gen 9 Champions] VGC 2026 Reg M-A\n|rated|\n|rule|Species Clause: Limit one of each Pok\u00e9mon\n|rule|Item Clause: Limit 1 of each item\n|clearpoke\n|poke|p1|Meganium, L50, M|\n|poke|p1|Aerodactyl, L50, M|\n|poke|p1|Tauros-Paldea-Aqua, L50, M|\n|poke|p1|Archaludon, L50, F|\n|poke|p1|Typhlosion-Hisui, L50, M|\n|poke|p1|Kangaskhan, L50, F|\n|poke|p2|Greninja-*, L50, F|\n|poke|p2|Araquanid, L50, M|\n|poke|p2|Pelipper, L50, M|\n|poke|p2|Raichu, L50, F|\n|poke|p2|Sinistcha, L50|\n|teampreview|4\n|\n|t:|1776207887\n|teamsize|p1|4\n|teamsize|p2|4\n|start\n|switch|p1a: Meganium|Meganium, L50, M|100/100\n|switch|p1b: Aerodactyl|Aerodactyl, L50, M|100/100\n|switch|p2a: Greninja|Greninja, L50, F|100/100\n|switch|p2b: Araquanid|Araquanid, L50, M|100/100\n|turn|1\n|\n|t:|1776207927\n|detailschange|p2a: Greninja|Greninja-Mega, L50, F\n|-mega|p2a: Greninja|Greninja|Greninjite\n|move|p2a: Greninja|Role Play|p2b: Araquanid\n|-start|p2a: Greninja|typechange|Psychic|[from] ability: Protean\n|-ability|p2a: Greninja|Water Bubble|Protean|[from] move: Role Play|[of] p2b: Araquanid\n|move|p1b: Aerodactyl|Dual Wingbeat|p2b: Araquanid\n|-supereffective|p2b: Araquanid|1\n|-damage|p2b: Araquanid|68/100\n|-supereffective|p2b: Araquanid|1\n|-damage|p2b: Araquanid|33/100\n|-hitcount|p2b: Araquanid|2\n|move|p1a: Meganium|Solar Beam||[still]\n|-prepare|p1a: Meganium|Solar Beam\n|move|p2b: Araquanid|Liquidation|p1b: Aerodactyl\n|-supereffective|p1b: Aerodactyl|1\n|-enditem|p1b: Aerodactyl|Focus Sash\n|-damage|p1b: Aerodactyl|1/100\n|\n|-heal|p2b: Araquanid|39/100|[from] item: Leftovers\n|upkeep\n|turn|2\n|\n|t:|1776207961\n|move|p1b: Aerodactyl|Protect|p1b: Aerodactyl\n|-singleturn|p1b: Aerodactyl|Protect\n|move|p2b: Araquanid|Wide Guard|p2b: Araquanid\n|-singleturn|p2b: Araquanid|Wide Guard\n|move|p2a: Greninja|Sludge Wave|p1a: Meganium|[spread] p1a\n|-activate|p2b: Araquanid|move: Wide Guard\n|-activate|p1b: Aerodactyl|move: Protect\n|-supereffective|p1a: Meganium|1\n|-damage|p1a: Meganium|42/100\n|-status|p1a: Meganium|psn\n|move|p1a: Meganium|Solar Beam|p2a: Greninja|[from] lockedmove\n|-damage|p2a: Greninja|45/100\n|\n|-heal|p2b: Araquanid|44/100|[from] item: Leftovers\n|-damage|p1a: Meganium|29/100 psn|[from] psn\n|upkeep\n|turn|3\n|\n|t:|1776207995\n|detailschange|p1a: Meganium|Meganium-Mega, L50, M\n|-mega|p1a: Meganium|Meganium|Meganiumite\n|move|p1a: Meganium|Protect|p1a: Meganium\n|-singleturn|p1a: Meganium|Protect\n|move|p2b: Araquanid|Wide Guard|p2b: Araquanid\n|-singleturn|p2b: Araquanid|Wide Guard\n|move|p2a: Greninja|Surf|p1b: Aerodactyl|[spread] p1b\n|-activate|p2b: Araquanid|move: Wide Guard\n|-activate|p1a: Meganium|move: Protect\n|-supereffective|p1b: Aerodactyl|1\n|-damage|p1b: Aerodactyl|0 fnt\n|faint|p1b: Aerodactyl\n|\n|-heal|p2b: Araquanid|50/100|[from] item: Leftovers\n|-damage|p1a: Meganium|17/100 psn|[from] psn\n|upkeep\n|\n|t:|1776208010\n|switch|p1b: Tauros|Tauros-Paldea-Aqua, L50, M|100/100\n|-ability|p1b: Tauros|Intimidate|boost\n|-unboost|p2a: Greninja|atk|1\n|-unboost|p2b: Araquanid|atk|1\n|turn|4\n|\n|t:|1776208028\n|switch|p1a: Archaludon|Archaludon, L50, F|100/100\n|switch|p2b: Pelipper|Pelipper, L50, M|100/100\n|-weather|RainDance|[from] ability: Drizzle|[of] p2b: Pelipper\n|move|p1b: Tauros|Aqua Jet|p2a: Greninja\n|-damage|p2a: Greninja|13/100\n|move|p2a: Greninja|Surf|p1b: Tauros|[spread] p2b,p1a,p1b\n|-resisted|p2b: Pelipper|1\n|-resisted|p1a: Archaludon|1\n|-resisted|p1b: Tauros|1\n|-damage|p2b: Pelipper|28/100\n|-damage|p1a: Archaludon|40/100\n|-damage|p1b: Tauros|42/100\n|\n|-weather|RainDance|[upkeep]\n|upkeep\n|turn|5\n|\n|t:|1776208056\n|switch|p2b: Sinistcha|Sinistcha, L50|100/100\n|-heal|p2a: Greninja|37/100|[from] ability: Hospitality|[of] p2b: Sinistcha\n|move|p1a: Archaludon|Protect|p1a: Archaludon\n|-singleturn|p1a: Archaludon|Protect\n|move|p1b: Tauros|Aqua Jet|p2a: Greninja\n|-damage|p2a: Greninja|3/100\n|move|p2a: Greninja|Surf|p1a: Archaludon|[spread] p2b,p1b\n|-activate|p1a: Archaludon|move: Protect\n|-resisted|p2b: Sinistcha|1\n|-resisted|p1b: Tauros|1\n|-damage|p2b: Sinistcha|58/100\n|-damage|p1b: Tauros|0 fnt\n|faint|p1b: Tauros\n|\n|-weather|RainDance|[upkeep]\n|upkeep\n|\n|t:|1776208067\n|switch|p1b: Meganium|Meganium-Mega, L50, M|17/100 psn\n|turn|6\n|\n|t:|1776208083\n|move|p2b: Sinistcha|Rage Powder|p2b: Sinistcha\n|-singleturn|p2b: Sinistcha|move: Rage Powder\n|move|p2a: Greninja|Surf|p1a: Archaludon|[spread] p2b,p1a,p1b\n|-resisted|p2b: Sinistcha|1\n|-resisted|p1a: Archaludon|1\n|-resisted|p1b: Meganium|1\n|-damage|p2b: Sinistcha|21/100\n|-damage|p1a: Archaludon|0 fnt\n|-damage|p1b: Meganium|0 fnt\n|faint|p1a: Archaludon\n|faint|p1b: Meganium\n|\n|win|savemelivie\n|raw|ramasaru's rating: 1012 &rarr; <strong>1001</strong><br />(-11 for losing)\n|raw|savemelivie's rating: 1047 &rarr; <strong>1077</strong><br />(+30 for winning)\n|l|\u2606ramasaru\n|player|p1|\n",
  "uploadtime": 1776208092,
  "views": 22,
  "formatid": "gen9championsvgc2026regma",
  "rating": 1001,
  "private": 0,
  "password": null
}