{
  "id": "gen9championsvgc2026regma-2582922593",
  "format": "[Gen 9 Champions] VGC 2026 Reg M-A",
  "players": [
    "Pedimgg",
    "Bobby_b4847"
  ],
  "log": "|j|\u2606Pedimgg\n|j|\u2606Bobby_b4847\n|t:|1776125278\n|gametype|doubles\n|player|p1|Pedimgg|2|1075\n|player|p2|Bobby_b4847|hilbert|1128\n|gen|9\n|tier|[Gen 9 Champions] VGC 2026 Reg M-A\n|rated|\n|rule|Species Clause: Limit one of each Pok\u00e9mon\n|rule|Item Clause: Limit 1 of each item\n|clearpoke\n|poke|p1|Gallade, L50, M|\n|poke|p1|Oranguru, L50, F|\n|poke|p1|Ampharos, L50, M|\n|poke|p1|Clefable, L50, M|\n|poke|p1|Incineroar, L50, F|\n|poke|p1|Pangoro, L50, M|\n|poke|p2|Typhlosion-Hisui, L50, M|\n|poke|p2|Sinistcha, L50|\n|poke|p2|Sneasler, L50, M|\n|poke|p2|Whimsicott, L50, M|\n|poke|p2|Rotom-Wash, L50|\n|poke|p2|Garchomp, L50, F|\n|teampreview|4\n|inactive|Battle timer is ON: inactive players will automatically lose when time's up. (requested by Pedimgg)\n|\n|t:|1776125316\n|teamsize|p1|4\n|teamsize|p2|4\n|start\n|switch|p1a: Oranguru|Oranguru, L50, F|100/100\n|switch|p1b: Pangoro|Pangoro, L50, M|100/100\n|switch|p2a: Whimsicott|Whimsicott, L50, M|100/100\n|switch|p2b: Typhlosion|Typhlosion-Hisui, L50, M|100/100\n|-ability|p1b: Pangoro|Mold Breaker\n|turn|1\n|\n|t:|1776125331\n|move|p2a: Whimsicott|Tailwind|p2a: Whimsicott\n|-sidestart|p2: Bobby_b4847|move: Tailwind\n|move|p2b: Typhlosion|Eruption|p1b: Pangoro|[spread] p1a,p1b\n|-damage|p1a: Oranguru|57/100\n|-damage|p1b: Pangoro|37/100\n|move|p1b: Pangoro|Earthquake|p2a: Whimsicott|[spread] p1a,p2a,p2b\n|-resisted|p2a: Whimsicott|1\n|-supereffective|p2b: Typhlosion|1\n|-damage|p1a: Oranguru|33/100\n|-damage|p2a: Whimsicott|80/100\n|-damage|p2b: Typhlosion|36/100\n|-enditem|p1a: Oranguru|Sitrus Berry|[eat]\n|-heal|p1a: Oranguru|58/100|[from] item: Sitrus Berry\n|move|p1a: Oranguru|Trick Room|p1a: Oranguru\n|-fieldstart|move: Trick Room|[of] p1a: Oranguru\n|\n|upkeep\n|turn|2\n|inactive|Pedimgg has 30 seconds left.\n|inactive|Bobby_b4847 has 30 seconds left.\n|inactive|Bobby_b4847 has 20 seconds left.\n|\n|t:|1776125367\n|switch|p2b: Sinistcha|Sinistcha, L50|100/100\n|-heal|p2a: Whimsicott|100/100|[from] ability: Hospitality|[of] p2b: Sinistcha\n|move|p2a: Whimsicott|Encore|p1a: Oranguru\n|-start|p1a: Oranguru|Encore\n|move|p1b: Pangoro|Close Combat|p2a: Whimsicott\n|-resisted|p2a: Whimsicott|1\n|-damage|p2a: Whimsicott|44/100\n|-unboost|p1b: Pangoro|def|1\n|-unboost|p1b: Pangoro|spd|1\n|move|p1a: Oranguru|Trick Room|p1a: Oranguru\n|-fieldend|move: Trick Room\n|\n|upkeep\n|turn|3\n|inactive|Pedimgg has 30 seconds left.\n|\n|t:|1776125393\n|move|p2a: Whimsicott|Dazzling Gleam|p1a: Oranguru|[spread] p1a,p1b\n|-supereffective|p1b: Pangoro|2\n|-damage|p1a: Oranguru|41/100\n|-damage|p1b: Pangoro|0 fnt\n|faint|p1b: Pangoro\n|move|p2b: Sinistcha|Matcha Gotcha|p1a: Oranguru\n|-damage|p1a: Oranguru|12/100\n|-status|p1a: Oranguru|brn\n|move|p1a: Oranguru|Trick Room|p1a: Oranguru\n|-fieldstart|move: Trick Room|[of] p1a: Oranguru\n|\n|-damage|p1a: Oranguru|6/100 brn|[from] brn\n|upkeep\n|\n|t:|1776125406\n|switch|p1b: Ampharos|Ampharos, L50, M|100/100\n|turn|4\n|\n|t:|1776125416\n|switch|p1a: Gallade|Gallade, L50, M|100/100\n|detailschange|p1b: Ampharos|Ampharos-Mega, L50, M\n|-mega|p1b: Ampharos|Ampharos|Ampharosite\n|-ability|p1b: Ampharos|Mold Breaker\n|move|p2b: Sinistcha|Protect|p2b: Sinistcha\n|-singleturn|p2b: Sinistcha|Protect\n|move|p2a: Whimsicott|Light Screen|p2a: Whimsicott\n|-sidestart|p2: Bobby_b4847|move: Light Screen\n|move|p1b: Ampharos|Dazzling Gleam|p2a: Whimsicott|[spread] p2a\n|-activate|p2b: Sinistcha|move: Protect\n|-damage|p2a: Whimsicott|13/100\n|\n|-sideend|p2: Bobby_b4847|move: Tailwind\n|upkeep\n|turn|5\n|inactive|Bobby_b4847 has 30 seconds left.\n|\n|t:|1776125441\n|switch|p2b: Sneasler|Sneasler, L50, M|100/100\n|move|p1b: Ampharos|Dazzling Gleam|p2b: Sneasler|[spread] p2a,p2b\n|-crit|p2a: Whimsicott\n|-damage|p2a: Whimsicott|0 fnt\n|-damage|p2b: Sneasler|76/100\n|faint|p2a: Whimsicott\n|move|p1a: Gallade|Psycho Cut|p2b: Sneasler\n|-supereffective|p2b: Sneasler|2\n|-damage|p2b: Sneasler|0 fnt\n|faint|p2b: Sneasler\n|\n|upkeep\n|\n|t:|1776125444\n|switch|p2a: Typhlosion|Typhlosion-Hisui, L50, M|36/100\n|switch|p2b: Sinistcha|Sinistcha, L50|100/100\n|-heal|p2a: Typhlosion|61/100|[from] ability: Hospitality|[of] p2b: Sinistcha\n|turn|6\n|inactive|Pedimgg has 30 seconds left.\n|\n|t:|1776125472\n|move|p1b: Ampharos|Power Gem|p2b: Sinistcha\n|-damage|p2b: Sinistcha|68/100\n|move|p1a: Gallade|Aqua Cutter|p2a: Typhlosion\n|-supereffective|p2a: Typhlosion|1\n|-damage|p2a: Typhlosion|0 fnt\n|faint|p2a: Typhlosion\n|move|p2b: Sinistcha|Life Dew|p2b: Sinistcha\n|-heal|p2b: Sinistcha|93/100\n|\n|upkeep\n|turn|7\n|\n|t:|1776125491\n|move|p1b: Ampharos|Thunderbolt|p2b: Sinistcha\n|-resisted|p2b: Sinistcha|1\n|-damage|p2b: Sinistcha|63/100\n|move|p1a: Gallade|Psycho Cut|p2b: Sinistcha\n|-damage|p2b: Sinistcha|0 fnt\n|faint|p2b: Sinistcha\n|\n|win|Pedimgg\n|raw|Pedimgg's rating: 1075 &rarr; <strong>1108</strong><br />(+33 for winning)\n|raw|Bobby_b4847's rating: 1128 &rarr; <strong>1099</strong><br />(-29 for losing)\n|l|\u2606Bobby_b4847\n|player|p2|\n",
  "uploadtime": 1776125500,
  "views": 16,
  "formatid": "gen9championsvgc2026regma",
  "rating": 1099,
  "private": 0,
  "password": null
}