{
  "id": "gen9championsvgc2026regma-2585787796",
  "format": "[Gen 9 Champions] VGC 2026 Reg M-A",
  "players": [
    "xMagi",
    "Phillip Blevin"
  ],
  "log": "|j|\u2606xMagi\n|j|\u2606Phillip Blevin\n|t:|1776370648\n|gametype|doubles\n|player|p1|xMagi|burglar|1136\n|player|p2|Phillip Blevin|cynthia-masters4|1230\n|gen|9\n|tier|[Gen 9 Champions] VGC 2026 Reg M-A\n|rated|\n|rule|Species Clause: Limit one of each Pok\u00e9mon\n|rule|Item Clause: Limit 1 of each item\n|clearpoke\n|poke|p1|Incineroar, L50, M|\n|poke|p1|Medicham, L50, M|\n|poke|p1|Tyranitar, L50, M|\n|poke|p1|Rotom-Wash, L50|\n|poke|p1|Empoleon, L50, M|\n|poke|p1|Decidueye, L50, M|\n|poke|p2|Zoroark-Hisui, L50, M|\n|poke|p2|Corviknight, L50, M|\n|poke|p2|Garchomp, L50, F|\n|poke|p2|Arcanine-Hisui, L50, M|\n|poke|p2|Froslass, L50, F|\n|poke|p2|Rotom-Wash, L50|\n|teampreview|4\n|inactive|Battle timer is ON: inactive players will automatically lose when time's up. (requested by Phillip Blevin)\nPhillip Blevin has agreed to open team sheets.\n|inactive|xMagi has 60 seconds left.\n|inactive|xMagi has 30 seconds left.\n|inactive|xMagi has 20 seconds left.\n|inactive|xMagi has 15 seconds left.\n|inactive|xMagi has 10 seconds left.\n|\n|t:|1776370731\n|teamsize|p1|4\n|teamsize|p2|4\n|start\n|switch|p1a: Rotom|Rotom-Wash, L50|100/100\n|switch|p1b: Empoleon|Empoleon, L50, M|100/100\n|switch|p2a: Garchomp|Garchomp, L50, F|100/100\n|switch|p2b: Rotom|Rotom-Wash, L50|100/100\n|turn|1\n|inactive|Phillip Blevin has 30 seconds left.\n|\n|t:|1776370758\n|detailschange|p2a: Garchomp|Garchomp-Mega, L50, F\n|-mega|p2a: Garchomp|Garchomp|Garchompite\n|move|p1b: Empoleon|Protect|p1b: Empoleon\n|-singleturn|p1b: Empoleon|Protect\n|move|p2b: Rotom|Electroweb|p1a: Rotom|[spread] p1a\n|-activate|p1b: Empoleon|move: Protect\n|-damage|p1a: Rotom|85/100\n|-unboost|p1a: Rotom|spe|1\n|move|p2a: Garchomp|Earthquake|p1a: Rotom|[spread] \n|-activate|p1b: Empoleon|move: Protect\n|-immune|p2b: Rotom|[from] ability: Levitate\n|-immune|p1a: Rotom|[from] ability: Levitate\n|move|p1a: Rotom|Will-O-Wisp|p2a: Garchomp\n|-status|p2a: Garchomp|brn\n|\n|-damage|p2a: Garchomp|94/100 brn|[from] brn\n|upkeep\n|turn|2\n|inactive|xMagi has 30 seconds left.\n|\n|t:|1776370792\n|switch|p1a: Decidueye|Decidueye, L50, M|100/100\n|move|p2a: Garchomp|Protect|p2a: Garchomp\n|-singleturn|p2a: Garchomp|Protect\n|move|p2b: Rotom|Electroweb|p1a: Decidueye|[spread] p1a,p1b\n|-resisted|p1a: Decidueye|1\n|-supereffective|p1b: Empoleon|1\n|-damage|p1a: Decidueye|93/100\n|-damage|p1b: Empoleon|75/100\n|-unboost|p1a: Decidueye|spe|1\n|-unboost|p1b: Empoleon|spe|1\n|-ability|p1b: Empoleon|Competitive|boost\n|-boost|p1b: Empoleon|spa|2\n|move|p1b: Empoleon|Knock Off|p2b: Rotom\n|-damage|p2b: Rotom|82/100\n|-enditem|p2b: Rotom|Choice Scarf|[from] move: Knock Off|[of] p1b: Empoleon\n|\n|-heal|p1b: Empoleon|81/100|[from] item: Leftovers\n|-damage|p2a: Garchomp|88/100 brn|[from] brn\n|upkeep\n|turn|3\n|\n|t:|1776370810\n|move|p1b: Empoleon|Protect|p1b: Empoleon\n|-singleturn|p1b: Empoleon|Protect\n|move|p2a: Garchomp|Earthquake|p1a: Decidueye|[spread] p1a\n|-activate|p1b: Empoleon|move: Protect\n|-immune|p2b: Rotom|[from] ability: Levitate\n|-resisted|p1a: Decidueye|1\n|-damage|p1a: Decidueye|83/100\n|move|p2b: Rotom|Electroweb|p1a: Decidueye|[spread] p1a\n|-activate|p1b: Empoleon|move: Protect\n|-resisted|p1a: Decidueye|1\n|-damage|p1a: Decidueye|77/100\n|-unboost|p1a: Decidueye|spe|1\n|move|p1a: Decidueye|Tailwind|p1a: Decidueye\n|-sidestart|p1: xMagi|move: Tailwind\n|\n|-heal|p1b: Empoleon|87/100|[from] item: Leftovers\n|-damage|p2a: Garchomp|82/100 brn|[from] brn\n|upkeep\n|turn|4\n|inactive|xMagi has 30 seconds left.\n|\n|t:|1776370842\n|move|p2a: Garchomp|Protect|p2a: Garchomp\n|-singleturn|p2a: Garchomp|Protect\n|move|p2b: Rotom|Electroweb|p1b: Empoleon|[spread] p1b\n|-miss|p2b: Rotom|p1a: Decidueye\n|-supereffective|p1b: Empoleon|1\n|-damage|p1b: Empoleon|62/100\n|-unboost|p1b: Empoleon|spe|1\n|-ability|p1b: Empoleon|Competitive|boost\n|-boost|p1b: Empoleon|spa|2\n|move|p1a: Decidueye|Spirit Shackle|p2b: Rotom\n|-damage|p2b: Rotom|50/100\n|-activate|p2b: Rotom|trapped\n|move|p1b: Empoleon|Chilling Water|p2a: Garchomp\n|-activate|p2a: Garchomp|move: Protect\n|\n|-heal|p1b: Empoleon|68/100|[from] item: Leftovers\n|-damage|p2a: Garchomp|76/100 brn|[from] brn\n|upkeep\n|turn|5\n|\n|t:|1776370865\n|move|p1b: Empoleon|Protect|p1b: Empoleon\n|-singleturn|p1b: Empoleon|Protect\n|move|p2a: Garchomp|Draco Meteor|p1a: Decidueye\n|-damage|p1a: Decidueye|30/100\n|-unboost|p2a: Garchomp|spa|2\n|move|p2b: Rotom|Electroweb|p1b: Empoleon|[spread] p1a\n|-activate|p1b: Empoleon|move: Protect\n|-resisted|p1a: Decidueye|1\n|-damage|p1a: Decidueye|23/100\n|-unboost|p1a: Decidueye|spe|1\n|move|p1a: Decidueye|Spirit Shackle|p2b: Rotom\n|-damage|p2b: Rotom|16/100\n|\n|-heal|p1b: Empoleon|73/100|[from] item: Leftovers\n|-damage|p2a: Garchomp|70/100 brn|[from] brn\n|upkeep\n|turn|6\n|\n|t:|1776370881\n|move|p2a: Garchomp|Earthquake|p1a: Decidueye|[spread] p1a,p1b\n|-immune|p2b: Rotom|[from] ability: Levitate\n|-resisted|p1a: Decidueye|1\n|-supereffective|p1b: Empoleon|1\n|-damage|p1a: Decidueye|13/100\n|-damage|p1b: Empoleon|27/100\n|move|p2b: Rotom|Electroweb|p1a: Decidueye|[spread] p1a,p1b\n|-resisted|p1a: Decidueye|1\n|-crit|p1a: Decidueye\n|-supereffective|p1b: Empoleon|1\n|-damage|p1a: Decidueye|3/100\n|-damage|p1b: Empoleon|2/100\n|-unboost|p1a: Decidueye|spe|1\n|-unboost|p1b: Empoleon|spe|1\n|-ability|p1b: Empoleon|Competitive|boost\n|-boost|p1b: Empoleon|spa|2\n|move|p1b: Empoleon|Chilling Water|p2a: Garchomp\n|-damage|p2a: Garchomp|0 fnt\n|faint|p2a: Garchomp\n|move|p1a: Decidueye|Roost|p1a: Decidueye\n|-heal|p1a: Decidueye|53/100\n|-singleturn|p1a: Decidueye|move: Roost\n|\n|-heal|p1b: Empoleon|8/100|[from] item: Leftovers\n|-sideend|p1: xMagi|move: Tailwind\n|upkeep\n|\n|t:|1776370889\n|switch|p2a: Arcanine|Arcanine-Hisui, L50, M|100/100\n|-ability|p2a: Arcanine|Intimidate|boost\n|-unboost|p1a: Decidueye|atk|1\n|-unboost|p1b: Empoleon|atk|1\n|-boost|p1b: Empoleon|spa|0\n|turn|7\n|inactive|xMagi has 30 seconds left.\n|\n|t:|1776370916\n|switch|p1a: Rotom|Rotom-Wash, L50|85/100\n|move|p2a: Arcanine|Flare Blitz|p1a: Rotom\n|-resisted|p1a: Rotom|1\n|-damage|p1a: Rotom|55/100\n|-damage|p2a: Arcanine|91/100|[from] Recoil\n|move|p2b: Rotom|Volt Switch|p1b: Empoleon\n|-supereffective|p1b: Empoleon|1\n|-damage|p1b: Empoleon|0 fnt\n|faint|p1b: Empoleon\n|\n|t:|1776370921\n|switch|p2b: Corviknight|Corviknight, L50, M|100/100|[from] Volt Switch\n|\n|upkeep\n|\n|t:|1776370927\n|switch|p1b: Medicham|Medicham, L50, M|100/100\n|turn|8\n|\n|t:|1776370946\n|detailschange|p1b: Medicham|Medicham-Mega, L50, M\n|-mega|p1b: Medicham|Medicham|Medichamite\n|move|p2a: Arcanine|Protect|p2a: Arcanine\n|-singleturn|p2a: Arcanine|Protect\n|move|p1b: Medicham|Fake Out|p2b: Corviknight\n|-resisted|p2b: Corviknight|1\n|-damage|p2b: Corviknight|93/100\n|move|p1a: Rotom|Hydro Pump|p2a: Arcanine\n|-activate|p2a: Arcanine|move: Protect\n|cant|p2b: Corviknight|flinch\n|\n|-heal|p2b: Corviknight|99/100|[from] item: Leftovers\n|upkeep\n|turn|9\n|\n|t:|1776370959\n|switch|p2a: Rotom|Rotom-Wash, L50|16/100\n|move|p1a: Rotom|Hydro Pump|p2b: Corviknight|[miss]\n|-miss|p1a: Rotom|p2b: Corviknight\n|move|p1b: Medicham|Close Combat|p2a: Rotom\n|-damage|p2a: Rotom|0 fnt\n|-unboost|p1b: Medicham|def|1\n|-unboost|p1b: Medicham|spd|1\n|faint|p2a: Rotom\n|move|p2b: Corviknight|Brave Bird|p1b: Medicham\n|-supereffective|p1b: Medicham|1\n|-damage|p1b: Medicham|0 fnt\n|faint|p1b: Medicham\n|-damage|p2b: Corviknight|77/100|[from] Recoil\n|\n|-heal|p2b: Corviknight|82/100|[from] item: Leftovers\n|upkeep\n|\n|t:|1776370972\n|switch|p1b: Decidueye|Decidueye, L50, M|53/100\n|switch|p2a: Arcanine|Arcanine-Hisui, L50, M|91/100\n|-ability|p2a: Arcanine|Intimidate|boost\n|-unboost|p1a: Rotom|atk|1\n|-unboost|p1b: Decidueye|atk|1\n|turn|10\n|\n|t:|1776370991\n|move|p1a: Rotom|Hydro Pump|p2a: Arcanine\n|-supereffective|p2a: Arcanine|2\n|-damage|p2a: Arcanine|0 fnt\n|faint|p2a: Arcanine\n|move|p1b: Decidueye|Roost|p1b: Decidueye\n|-heal|p1b: Decidueye|100/100\n|-singleturn|p1b: Decidueye|move: Roost\n|move|p2b: Corviknight|Body Press|p1a: Rotom\n|-damage|p1a: Rotom|27/100\n|\n|-heal|p2b: Corviknight|88/100|[from] item: Leftovers\n|upkeep\n|turn|11\n|\n|t:|1776371001\n|move|p1a: Rotom|Hydro Pump|p2b: Corviknight\n|-damage|p2b: Corviknight|33/100\n|move|p1b: Decidueye|Spirit Shackle|p2b: Corviknight\n|-damage|p2b: Corviknight|19/100\n|-activate|p2b: Corviknight|trapped\n|move|p2b: Corviknight|Bulk Up|p2b: Corviknight\n|-boost|p2b: Corviknight|atk|1\n|-boost|p2b: Corviknight|def|1\n|\n|-heal|p2b: Corviknight|25/100|[from] item: Leftovers\n|upkeep\n|turn|12\n|\n|t:|1776371011\n|move|p1a: Rotom|Hydro Pump|p2b: Corviknight\n|-damage|p2b: Corviknight|0 fnt\n|faint|p2b: Corviknight\n|\n|win|xMagi\n|raw|xMagi's rating: 1136 &rarr; <strong>1168</strong><br />(+32 for winning)\n|raw|Phillip Blevin's rating: 1230 &rarr; <strong>1198</strong><br />(-32 for losing)\n",
  "uploadtime": 1776371012,
  "views": 16,
  "formatid": "gen9championsvgc2026regma",
  "rating": 1168,
  "private": 0,
  "password": null
}