{
  "id": "gen9championsvgc2026regma-2588030343",
  "format": "[Gen 9 Champions] VGC 2026 Reg M-A",
  "players": [
    "Viophire",
    "Mikitrash"
  ],
  "log": "|j|\u2606Viophire\n|j|\u2606Mikitrash\n|html|<table width=\"100%\"><tr><td align=\"left\">Viophire</td><td align=\"right\">Mikitrash</tr><tr><td align=\"left\"><i class=\"fa fa-circle\"></i> <i class=\"fa fa-circle-o\"></i> </td><td align=\"right\"><i class=\"fa fa-circle-o\"></i> <i class=\"fa fa-circle-o\"></i> </tr></table>\n|uhtml|bestof|<h2><strong>Game 2</strong> of <a href=\"/game-bestof3-gen9championsvgc2026regma-2588028251\">a best-of-3</a></h2>\n|t:|1776595351\n|gametype|doubles\n|player|p1|Viophire|rosa|\n|player|p2|Mikitrash|tourist|\n|gen|9\n|tier|[Gen 9 Champions] VGC 2026 Reg M-A\n|rated|Tournament battle\n|rule|Species Clause: Limit one of each Pok\u00e9mon\n|rule|Item Clause: Limit 1 of each item\n|raw|<div class=\"infobox\"><details class=\"readmore\" open><summary><strong>2 custom rules:</strong></summary> Force Open Team Sheets, Best of = 3</details></div>\n|clearpoke\n|poke|p1|Charizard, L50, M|\n|poke|p1|Primarina, L50, M, shiny|\n|poke|p1|Sneasler, L50, F|\n|poke|p1|Sinistcha, L50, shiny|\n|poke|p1|Ninetales-Alola, L50, M, shiny|\n|poke|p1|Aerodactyl, L50, M|\n|poke|p2|Chandelure, L50, F, shiny|\n|poke|p2|Hydreigon, L50, M|\n|poke|p2|Whimsicott, L50, M|\n|poke|p2|Primarina, L50, M|\n|poke|p2|Tsareena, L50, F|\n|poke|p2|Excadrill, L50, F, shiny|\n|teampreview|4\n|showteam|p1|Charizard||CharizarditeX|Blaze|FlareBlitz,DragonClaw,DragonDance,Protect|||M|||50|]Primarina||Leftovers|LiquidVoice|HyperVoice,Moonblast,CalmMind,Protect|||M|||50|]Sneasler||WhiteHerb|Unburden|FakeOut,DireClaw,CloseCombat,Coaching|||F|||50|]Sinistcha||OccaBerry|Hospitality|MatchaGotcha,StrengthSap,RagePowder,TrickRoom||||||50|]Ninetales-Alola||NeverMeltIce|SnowWarning|Blizzard,IcyWind,AuroraVeil,Protect|||M|||50|]Aerodactyl||FocusSash|Unnerve|RockSlide,DualWingbeat,Tailwind,Protect|||M|||50|\n|showteam|p2|Chandelure||Chandelurite|FlashFire|HeatWave,Overheat,Protect,ShadowBall|||F|||50|]Hydreigon||SitrusBerry|Levitate|Tailwind,Snarl,DracoMeteor,BreakingSwipe|||M|||50|]Whimsicott||FocusSash|Prankster|FakeTears,Moonblast,Tailwind,Taunt|||M|||50|]Primarina||MysticWater|LiquidVoice|HyperVoice,Moonblast,HydroPump,Protect|||M|||50|]Tsareena||YacheBerry|QueenlyMajesty|HighJumpKick,TropKick,Uturn,TripleAxel|||F|||50|]Excadrill||ChoiceScarf|MoldBreaker|Earthquake,RockSlide,IronHead,HighHorsepower|||F|||50|\n|\n|t:|1776595390\n|teamsize|p1|4\n|teamsize|p2|4\n|start\n|switch|p1a: Curren Chan|Sneasler, L50, F|100/100\n|switch|p1b: Gold City|Primarina, L50, M, shiny|100/100\n|switch|p2a: Whimsicott|Whimsicott, L50, M|100/100\n|switch|p2b: Chandelure|Chandelure, L50, F, shiny|100/100\n|turn|1\n|\n|t:|1776595406\n|move|p2b: Chandelure|Protect|p2b: Chandelure\n|-singleturn|p2b: Chandelure|Protect\n|move|p1a: Curren Chan|Fake Out|p2a: Whimsicott\n|-damage|p2a: Whimsicott|86/100\n|cant|p2a: Whimsicott|flinch\n|move|p1b: Gold City|Calm Mind|p1b: Gold City\n|-boost|p1b: Gold City|spa|1\n|-boost|p1b: Gold City|spd|1\n|\n|upkeep\n|turn|2\n|\n|t:|1776595422\n|detailschange|p2b: Chandelure|Chandelure-Mega, L50, F, shiny\n|-mega|p2b: Chandelure|Chandelure|Chandelurite\n|move|p1b: Gold City|Protect|p1b: Gold City\n|-singleturn|p1b: Gold City|Protect\n|move|p2a: Whimsicott|Tailwind|p2a: Whimsicott\n|-sidestart|p2: Mikitrash|move: Tailwind\n|move|p2b: Chandelure|Overheat|p1a: Curren Chan\n|-damage|p1a: Curren Chan|0 fnt\n|-unboost|p2b: Chandelure|spa|2\n|faint|p1a: Curren Chan\n|\n|upkeep\n|\n|t:|1776595432\n|switch|p1a: Maruzensky|Aerodactyl, L50, M|100/100\n|-ability|p1a: Maruzensky|Unnerve\n|turn|3\n|\n|t:|1776595452\n|move|p2b: Chandelure|Protect|p2b: Chandelure\n|-singleturn|p2b: Chandelure|Protect\n|move|p2a: Whimsicott|Taunt|p1a: Maruzensky\n|-start|p1a: Maruzensky|move: Taunt\n|cant|p1a: Maruzensky|move: Taunt|Tailwind\n|move|p1b: Gold City|Calm Mind|p1b: Gold City\n|-boost|p1b: Gold City|spa|1\n|-boost|p1b: Gold City|spd|1\n|\n|upkeep\n|turn|4\n|\n|t:|1776595478\n|switch|p2b: Hydreigon|Hydreigon, L50, M|100/100\n|move|p2a: Whimsicott|Fake Tears|p1b: Gold City\n|-unboost|p1b: Gold City|spd|2\n|move|p1a: Maruzensky|Dual Wingbeat|p2a: Whimsicott\n|-supereffective|p2a: Whimsicott|1\n|-damage|p2a: Whimsicott|46/100\n|-supereffective|p2a: Whimsicott|1\n|-damage|p2a: Whimsicott|6/100\n|-hitcount|p2a: Whimsicott|2\n|move|p1b: Gold City|Hyper Voice|p2a: Whimsicott|[spread] p2a,p2b\n|-resisted|p2a: Whimsicott|1\n|-resisted|p2b: Hydreigon|1\n|-damage|p2a: Whimsicott|0 fnt\n|-damage|p2b: Hydreigon|69/100\n|faint|p2a: Whimsicott\n|\n|upkeep\n|\n|t:|1776595481\n|switch|p2a: Excadrill|Excadrill, L50, F, shiny|100/100\n|-ability|p2a: Excadrill|Mold Breaker\n|turn|5\n|\n|t:|1776595504\n|switch|p1a: Mejiro Ardan|Charizard, L50, M|100/100\n|move|p2a: Excadrill|Iron Head|p1b: Gold City\n|-damage|p1b: Gold City|52/100\n|move|p2b: Hydreigon|Snarl|p1a: Mejiro Ardan|[spread] p1a,p1b\n|-resisted|p1b: Gold City|1\n|-damage|p1a: Mejiro Ardan|80/100\n|-damage|p1b: Gold City|45/100\n|-unboost|p1a: Mejiro Ardan|spa|1\n|-unboost|p1b: Gold City|spa|1\n|move|p1b: Gold City|Hyper Voice|p2b: Hydreigon|[spread] p2a,p2b\n|-supereffective|p2a: Excadrill|1\n|-resisted|p2b: Hydreigon|1\n|-damage|p2a: Excadrill|0 fnt\n|-damage|p2b: Hydreigon|45/100\n|-enditem|p2b: Hydreigon|Sitrus Berry|[eat]\n|-heal|p2b: Hydreigon|69/100|[from] item: Sitrus Berry\n|faint|p2a: Excadrill\n|\n|-heal|p1b: Gold City|51/100|[from] item: Leftovers\n|-sideend|p2: Mikitrash|move: Tailwind\n|upkeep\n|j| minmyatkywe1242007\n|\n|t:|1776595514\n|switch|p2a: Chandelure|Chandelure-Mega, L50, F, shiny|100/100\n|turn|6\n|\n|t:|1776595532\n|detailschange|p1a: Mejiro Ardan|Charizard-Mega-X, L50, M\n|-mega|p1a: Mejiro Ardan|Charizard|Charizardite X\n|move|p1a: Mejiro Ardan|Protect|p1a: Mejiro Ardan\n|-singleturn|p1a: Mejiro Ardan|Protect\n|move|p2b: Hydreigon|Tailwind|p2b: Hydreigon\n|-sidestart|p2: Mikitrash|move: Tailwind\n|move|p2a: Chandelure|Shadow Ball|p1b: Gold City\n|-damage|p1b: Gold City|6/100\n|move|p1b: Gold City|Moonblast|p2b: Hydreigon\n|-supereffective|p2b: Hydreigon|2\n|-crit|p2b: Hydreigon\n|-damage|p2b: Hydreigon|0 fnt\n|faint|p2b: Hydreigon\n|\n|-heal|p1b: Gold City|12/100|[from] item: Leftovers\n|upkeep\n|turn|7\n|\n|t:|1776595552\n|move|p1b: Gold City|Protect|p1b: Gold City\n|-singleturn|p1b: Gold City|Protect\n|move|p2a: Chandelure|Heat Wave|p1b: Gold City|[spread] p1a\n|-activate|p1b: Gold City|move: Protect\n|-resisted|p1a: Mejiro Ardan|2\n|-damage|p1a: Mejiro Ardan|67/100\n|move|p1a: Mejiro Ardan|Dragon Dance|p1a: Mejiro Ardan\n|-boost|p1a: Mejiro Ardan|atk|1\n|-boost|p1a: Mejiro Ardan|spe|1\n|\n|-heal|p1b: Gold City|18/100|[from] item: Leftovers\n|upkeep\n|turn|8\n|\n|t:|1776595566\n|move|p2a: Chandelure|Heat Wave|p1a: Mejiro Ardan|[spread] p1a,p1b\n|-resisted|p1a: Mejiro Ardan|2\n|-resisted|p1b: Gold City|1\n|-damage|p1a: Mejiro Ardan|54/100\n|-damage|p1b: Gold City|0 fnt\n|faint|p1b: Gold City\n|move|p1a: Mejiro Ardan|Dragon Claw|p2a: Chandelure\n|-damage|p2a: Chandelure|14/100\n|\n|upkeep\n|\n|t:|1776595573\n|switch|p1b: Maruzensky|Aerodactyl, L50, M|100/100\n|-ability|p1b: Maruzensky|Unnerve\n|turn|9\n|\n|t:|1776595578\n|move|p1a: Mejiro Ardan|Protect|p1a: Mejiro Ardan\n|-singleturn|p1a: Mejiro Ardan|Protect\n|move|p1b: Maruzensky|Protect|p1b: Maruzensky\n|-singleturn|p1b: Maruzensky|Protect\n|move|p2a: Chandelure|Shadow Ball|p1b: Maruzensky\n|-activate|p1b: Maruzensky|move: Protect\n|\n|-sideend|p2: Mikitrash|move: Tailwind\n|upkeep\n|turn|10\n|\n|t:|1776595584\n|move|p1a: Mejiro Ardan|Flare Blitz|p2a: Chandelure\n|-resisted|p2a: Chandelure|1\n|-damage|p2a: Chandelure|0 fnt\n|faint|p2a: Chandelure\n|-damage|p1a: Mejiro Ardan|51/100|[from] Recoil\n|\n|win|Viophire\n|c|\u2606Mikitrash|gg wp\n|l|\u2606Mikitrash\n|player|p2|\n",
  "uploadtime": 1776595592,
  "views": 7,
  "formatid": "gen9championsvgc2026regma",
  "rating": null,
  "private": 0,
  "password": null
}