{
  "id": "gen9championsvgc2026regma-2580453755",
  "format": "[Gen 9 Champions] VGC 2026 Reg M-A",
  "players": [
    "lolgz",
    "daanimorenoo"
  ],
  "log": "|j|\u2606lolgz\n|j|\u2606daanimorenoo\n|t:|1775898920\n|gametype|doubles\n|player|p1|lolgz|266|\n|player|p2|daanimorenoo|nate|\n|gen|9\n|tier|[Gen 9 Champions] VGC 2026 Reg M-A\n|rated|Tournament battle\n|rule|Species Clause: Limit one of each Pok\u00e9mon\n|rule|Item Clause: Limit 1 of each item\n|clearpoke\n|poke|p1|Charizard, L50, M|\n|poke|p1|Whimsicott, L50, F|\n|poke|p1|Basculegion, L50, M|\n|poke|p1|Farigiraf, L50, M|\n|poke|p1|Sneasler, L50, M|\n|poke|p1|Floette-Eternal, L50, F|\n|poke|p2|Charizard, L50, M|\n|poke|p2|Garchomp, L50, M|\n|poke|p2|Dragapult, L50, F|\n|poke|p2|Kingambit, L50, M|\n|poke|p2|Incineroar, L50, M|\n|poke|p2|Sneasler, L50, F|\n|teampreview|4\n|inactive|Battle timer is ON: inactive players will automatically lose when time's up. (requested by daanimorenoo)\n|inactive|lolgz has 60 seconds left.\n|inactive|daanimorenoo has 60 seconds left.\n|inactive|daanimorenoo has 30 seconds left.\n|inactive|daanimorenoo has 20 seconds left.\n|\n|t:|1775898995\n|teamsize|p1|4\n|teamsize|p2|4\n|start\n|switch|p1a: Whimsicott|Whimsicott, L50, F|100/100\n|switch|p1b: Basculegion|Basculegion, L50, M|100/100\n|switch|p2a: Sneasler|Sneasler, L50, F|100/100\n|switch|p2b: Dragapult|Dragapult, L50, F|100/100\n|turn|1\n|inactive|lolgz has 30 seconds left.\n|inactive|daanimorenoo has 30 seconds left.\n|inactive|lolgz has 20 seconds left.\n|inactive|daanimorenoo has 20 seconds left.\n|inactive|lolgz has 15 seconds left.\n|inactive|daanimorenoo has 15 seconds left.\n|inactive|lolgz has 10 seconds left.\n|\n|t:|1775899043\n|move|p2a: Sneasler|Fake Out|p1a: Whimsicott\n|-crit|p1a: Whimsicott\n|-damage|p1a: Whimsicott|71/100\n|cant|p1a: Whimsicott|flinch\n|move|p2b: Dragapult|Will-O-Wisp|p1b: Basculegion\n|-status|p1b: Basculegion|brn\n|move|p1b: Basculegion|Wave Crash|p2a: Sneasler\n|-damage|p2a: Sneasler|33/100\n|-damage|p1b: Basculegion|83/100 brn|[from] Recoil\n|\n|-damage|p1b: Basculegion|76/100 brn|[from] brn\n|upkeep\n|turn|2\n|inactive|daanimorenoo has 30 seconds left.\n|\n|t:|1775899073\n|move|p1a: Whimsicott|Tailwind|p1a: Whimsicott\n|-sidestart|p1: lolgz|move: Tailwind\n|move|p1b: Basculegion|Wave Crash|p2a: Sneasler\n|-damage|p2a: Sneasler|0 fnt\n|faint|p2a: Sneasler\n|-damage|p1b: Basculegion|68/100 brn|[from] Recoil\n|move|p2b: Dragapult|Shadow Ball|p1b: Basculegion\n|-supereffective|p1b: Basculegion|1\n|-damage|p1b: Basculegion|0 fnt\n|faint|p1b: Basculegion\n|\n|upkeep\n|\n|t:|1775899091\n|switch|p2a: Kingambit|Kingambit, L50, M|100/100\n|switch|p1b: Floette|Floette-Eternal, L50, F|100/100\n|turn|3\n|\n|t:|1775899111\n|switch|p2b: Charizard|Charizard, L50, M|100/100\n|detailschange|p1b: Floette|Floette-Mega, L50, F\n|-mega|p1b: Floette|Floette|Floettite\n|-ability|p1b: Floette|Fairy Aura\n|move|p1a: Whimsicott|Moonblast|p2a: Kingambit\n|-damage|p2a: Kingambit|57/100\n|move|p1b: Floette|Dazzling Gleam|p2b: Charizard|[spread] p2a,p2b\n|-resisted|p2b: Charizard|1\n|-damage|p2a: Kingambit|10/100\n|-damage|p2b: Charizard|76/100\n|move|p2a: Kingambit|Iron Head|p1a: Whimsicott\n|-supereffective|p1a: Whimsicott|1\n|-damage|p1a: Whimsicott|0 fnt\n|faint|p1a: Whimsicott\n|\n|upkeep\n|\n|t:|1775899122\n|switch|p1a: Sneasler|Sneasler, L50, M|100/100\n|turn|4\n|\n|t:|1775899132\n|move|p2b: Charizard|Protect|p2b: Charizard\n|-singleturn|p2b: Charizard|Protect\n|move|p2a: Kingambit|Protect|p2a: Kingambit\n|-singleturn|p2a: Kingambit|Protect\n|move|p1a: Sneasler|Fake Out|p2b: Charizard\n|-activate|p2b: Charizard|move: Protect\n|move|p1b: Floette|Dazzling Gleam|p2a: Kingambit|[spread] \n|-activate|p2a: Kingambit|move: Protect\n|-activate|p2b: Charizard|move: Protect\n|\n|upkeep\n|turn|5\n|inactive|daanimorenoo has 30 seconds left.\n|\n|t:|1775899163\n|detailschange|p2b: Charizard|Charizard-Mega-Y, L50, M\n|-mega|p2b: Charizard|Charizard|Charizardite Y\n|-weather|SunnyDay|[from] ability: Drought|[of] p2b: Charizard\n|move|p2a: Kingambit|Sucker Punch|p1a: Sneasler\n|-resisted|p1a: Sneasler|1\n|-damage|p1a: Sneasler|57/100\n|move|p1a: Sneasler|Close Combat|p2b: Charizard\n|-resisted|p2b: Charizard|1\n|-damage|p2b: Charizard|38/100\n|-unboost|p1a: Sneasler|def|1\n|-unboost|p1a: Sneasler|spd|1\n|-enditem|p1a: Sneasler|White Herb\n|-clearnegativeboost|p1a: Sneasler|[silent]\n|move|p1b: Floette|Dazzling Gleam|p2b: Charizard|[spread] p2a,p2b\n|-resisted|p2b: Charizard|1\n|-damage|p2a: Kingambit|0 fnt\n|-damage|p2b: Charizard|17/100\n|faint|p2a: Kingambit\n|move|p2b: Charizard|Heat Wave|p1b: Floette|[spread] p1b\n|-miss|p2b: Charizard|p1a: Sneasler\n|-damage|p1b: Floette|42/100\n|\n|-weather|SunnyDay|[upkeep]\n|-sideend|p1: lolgz|move: Tailwind\n|upkeep\n|\n|t:|1775899182\n|switch|p2a: Dragapult|Dragapult, L50, F|100/100\n|turn|6\n|inactive|daanimorenoo has 30 seconds left.\n|\n|t:|1775899220\n|move|p1a: Sneasler|Dire Claw|p2a: Dragapult\n|-resisted|p2a: Dragapult|1\n|-damage|p2a: Dragapult|70/100\n|move|p2a: Dragapult|Shadow Ball|p1a: Sneasler\n|-damage|p1a: Sneasler|12/100\n|-unboost|p1a: Sneasler|spd|1\n|move|p1b: Floette|Dazzling Gleam|p2b: Charizard|[spread] p2a,p2b\n|-supereffective|p2a: Dragapult|1\n|-resisted|p2b: Charizard|1\n|-damage|p2a: Dragapult|0 fnt\n|-damage|p2b: Charizard|0 fnt\n|faint|p2a: Dragapult\n|faint|p2b: Charizard\n|\n|win|lolgz\n|n|\u2606lolgz|lolgz\n|n|\u2606daanimorenoo|daanimorenoo\n",
  "uploadtime": 1775899220,
  "views": 21,
  "formatid": "gen9championsvgc2026regma",
  "rating": null,
  "private": 0,
  "password": null
}