{
  "id": "gen9championsvgc2026regma-2581429225",
  "format": "[Gen 9 Champions] VGC 2026 Reg M-A",
  "players": [
    "Jay Jingles",
    "sabbytak"
  ],
  "log": "|j|\u2606Jay Jingles\n|j|\u2606sabbytak\n|t:|1775999518\n|gametype|doubles\n|player|p1|Jay Jingles|170|1070\n|player|p2|sabbytak|steven|1124\n|gen|9\n|tier|[Gen 9 Champions] VGC 2026 Reg M-A\n|rated|\n|rule|Species Clause: Limit one of each Pok\u00e9mon\n|rule|Item Clause: Limit 1 of each item\n|clearpoke\n|poke|p1|Dragapult, L50, F|\n|poke|p1|Gardevoir, L50, F|\n|poke|p1|Primarina, L50, M|\n|poke|p1|Tsareena, L50, F|\n|poke|p1|Talonflame, L50, M|\n|poke|p1|Drampa, L50, M|\n|poke|p2|Glimmora, L50, M|\n|poke|p2|Talonflame, L50, F|\n|poke|p2|Garchomp, L50, M|\n|poke|p2|Aegislash, L50, M|\n|poke|p2|Milotic, L50, M|\n|poke|p2|Farigiraf, L50, F|\n|teampreview|4\n|inactive|Battle timer is ON: inactive players will automatically lose when time's up. (requested by sabbytak)\n|\n|t:|1775999588\n|teamsize|p1|4\n|teamsize|p2|4\n|start\n|switch|p1a: Talonflame|Talonflame, L50, M|100/100\n|switch|p1b: Dragapult|Dragapult, L50, F|100/100\n|switch|p2a: Farigiraf|Farigiraf, L50, F|100/100\n|switch|p2b: Glimmora|Glimmora, L50, M|100/100\n|turn|1\n|inactive|Jay Jingles has 30 seconds left.\n|inactive|sabbytak has 30 seconds left.\n|inactive|Jay Jingles has 20 seconds left.\n|\n|t:|1775999631\n|switch|p1a: Primarina|Primarina, L50, M|100/100\n|detailschange|p2b: Glimmora|Glimmora-Mega, L50, M\n|-mega|p2b: Glimmora|Glimmora|Glimmoranite\n|move|p1b: Dragapult|Thunder Wave|p2b: Glimmora\n|-status|p2b: Glimmora|par\n|move|p2b: Glimmora|Power Gem|p1a: Primarina\n|-damage|p1a: Primarina|51/100\n|move|p2a: Farigiraf|Trick Room|p2a: Farigiraf\n|-fieldstart|move: Trick Room|[of] p2a: Farigiraf\n|\n|upkeep\n|turn|2\n|\n|t:|1775999654\n|move|p1b: Dragapult|Helping Hand|p1a: Primarina\n|-singleturn|p1a: Primarina|Helping Hand|[of] p1b: Dragapult\n|move|p1a: Primarina|Round|p2b: Glimmora\n|-supereffective|p2b: Glimmora|1\n|-damage|p2b: Glimmora|0 fnt\n|faint|p2b: Glimmora\n|move|p2a: Farigiraf|Psychic|p1b: Dragapult\n|-damage|p1b: Dragapult|38/100\n|\n|upkeep\n|\n|t:|1775999665\n|switch|p2b: Talonflame|Talonflame, L50, F|100/100\n|turn|3\n|\n|t:|1775999680\n|switch|p1b: Gardevoir|Gardevoir, L50, F|100/100\n|move|p1a: Primarina|Protect|p1a: Primarina\n|-singleturn|p1a: Primarina|Protect\n|move|p2b: Talonflame|Brave Bird|p1a: Primarina\n|-activate|p1a: Primarina|move: Protect\n|move|p2a: Farigiraf|Psychic|p1b: Gardevoir\n|-resisted|p1b: Gardevoir|1\n|-damage|p1b: Gardevoir|79/100\n|\n|upkeep\n|turn|4\n|inactive|Jay Jingles has 30 seconds left.\n|inactive|Jay Jingles has 20 seconds left.\n|inactive|Jay Jingles has 15 seconds left.\n|inactive|Jay Jingles has 10 seconds left.\n|\n|t:|1775999727\n|switch|p1a: Dragapult|Dragapult, L50, F|38/100\n|move|p1b: Gardevoir|Protect|p1b: Gardevoir\n|-singleturn|p1b: Gardevoir|Protect\n|move|p2b: Talonflame|Brave Bird|p1a: Dragapult\n|-damage|p1a: Dragapult|0 fnt\n|faint|p1a: Dragapult\n|-damage|p2b: Talonflame|88/100|[from] Recoil\n|move|p2a: Farigiraf|Imprison|p2a: Farigiraf\n|-start|p2a: Farigiraf|move: Imprison\n|\n|upkeep\n|\n|t:|1775999737\n|switch|p1a: Talonflame|Talonflame, L50, M|100/100\n|turn|5\n|inactive|Jay Jingles has 30 seconds left.\n|\n|t:|1775999767\n|detailschange|p1b: Gardevoir|Gardevoir-Mega, L50, F\n|-mega|p1b: Gardevoir|Gardevoir|Gardevoirite\n|move|p2b: Talonflame|Protect|p2b: Talonflame\n|-singleturn|p2b: Talonflame|Protect\n|move|p1a: Talonflame|Tailwind|p1a: Talonflame\n|-sidestart|p1: Jay Jingles|move: Tailwind\n|move|p2a: Farigiraf|Hyper Voice|p1a: Talonflame|[spread] p1a,p1b\n|-damage|p1a: Talonflame|46/100\n|-damage|p1b: Gardevoir|51/100\n|move|p1b: Gardevoir|Round|p2a: Farigiraf\n|-damage|p2a: Farigiraf|53/100\n|\n|-fieldend|move: Trick Room\n|upkeep\n|turn|6\n|inactive|Jay Jingles has 30 seconds left.\n|inactive|Jay Jingles has 20 seconds left.\n|\n|t:|1775999802\n|move|p1a: Talonflame|Dual Wingbeat|p2b: Talonflame\n|-damage|p2b: Talonflame|58/100\n|-damage|p2b: Talonflame|31/100\n|-hitcount|p2b: Talonflame|2\n|move|p1b: Gardevoir|Round|p2b: Talonflame\n|-resisted|p2b: Talonflame|1\n|-damage|p2b: Talonflame|0 fnt\n|faint|p2b: Talonflame\n|move|p2a: Farigiraf|Hyper Voice|p1a: Talonflame|[spread] p1a,p1b\n|-damage|p1a: Talonflame|0 fnt\n|-damage|p1b: Gardevoir|21/100\n|faint|p1a: Talonflame\n|\n|upkeep\n|\n|t:|1775999811\n|switch|p2b: Garchomp|Garchomp, L50, M|100/100\n|switch|p1a: Primarina|Primarina, L50, M|51/100\n|turn|7\n|\n|t:|1775999832\n|move|p1b: Gardevoir|Round|p2b: Garchomp\n|-supereffective|p2b: Garchomp|1\n|-damage|p2b: Garchomp|0 fnt\n|faint|p2b: Garchomp\n|move|p1a: Primarina|Moonblast|p2a: Farigiraf\n|-damage|p2a: Farigiraf|0 fnt\n|faint|p2a: Farigiraf\n|\n|win|Jay Jingles\n|raw|Jay Jingles's rating: 1070 &rarr; <strong>1104</strong><br />(+34 for winning)\n|raw|sabbytak's rating: 1124 &rarr; <strong>1095</strong><br />(-29 for losing)\n|l|\u2606sabbytak\n|player|p2|\n",
  "uploadtime": 1775999840,
  "views": 19,
  "formatid": "gen9championsvgc2026regma",
  "rating": 1095,
  "private": 0,
  "password": null
}