{
  "id": "gen9championsvgc2026regma-2586475982",
  "format": "[Gen 9 Champions] VGC 2026 Reg M-A",
  "players": [
    "jukasinjakudo",
    "wapin"
  ],
  "log": "|j|\u2606jukasinjakudo\n|j|\u2606wapin\n|t:|1776437284\n|gametype|doubles\n|player|p1|jukasinjakudo|n|1149\n|player|p2|wapin|aromalady|1059\n|gen|9\n|tier|[Gen 9 Champions] VGC 2026 Reg M-A\n|rated|\n|rule|Species Clause: Limit one of each Pok\u00e9mon\n|rule|Item Clause: Limit 1 of each item\n|clearpoke\n|poke|p1|Greninja-*, L50, M|\n|poke|p1|Ninetales-Alola, L50, M|\n|poke|p1|Aegislash, L50, M|\n|poke|p1|Talonflame, L50, M|\n|poke|p1|Mamoswine, L50, M|\n|poke|p1|Milotic, L50, F|\n|poke|p2|Aggron, L50, M|\n|poke|p2|Sinistcha, L50|\n|poke|p2|Alakazam, L50, M|\n|poke|p2|Incineroar, L50, M|\n|poke|p2|Clawitzer, L50, M|\n|poke|p2|Gyarados, L50, F|\n|teampreview|4\n|inactive|Battle timer is ON: inactive players will automatically lose when time's up. (requested by wapin)\n|inactive|wapin has 60 seconds left.\n|\n|t:|1776437314\n|teamsize|p1|4\n|teamsize|p2|4\n|start\n|switch|p1a: Milotic|Milotic, L50, F|100/100\n|switch|p1b: Talonflame|Talonflame, L50, M|100/100\n|switch|p2a: Kaiju|Aggron, L50, M|100/100\n|switch|p2b: I Am Speed|Alakazam, L50, M|100/100\n|turn|1\n|inactive|jukasinjakudo has 30 seconds left.\n|c|\u2606wapin|gl hf\n|\n|t:|1776437349\n|move|p2a: Kaiju|Protect|p2a: Kaiju\n|-singleturn|p2a: Kaiju|Protect\n|move|p1b: Talonflame|Dual Wingbeat|p2b: I Am Speed\n|-damage|p2b: I Am Speed|67/100\n|-damage|p2b: I Am Speed|38/100\n|-hitcount|p2b: I Am Speed|2\n|move|p2b: I Am Speed|Light Screen|p2b: I Am Speed\n|-sidestart|p2: wapin|move: Light Screen\n|move|p1a: Milotic|Coil|p1a: Milotic\n|-boost|p1a: Milotic|atk|1\n|-boost|p1a: Milotic|def|1\n|-boost|p1a: Milotic|accuracy|1\n|\n|upkeep\n|turn|2\n|\n|t:|1776437367\n|switch|p2b: Ryu Ishigori|Clawitzer, L50, M, shiny|100/100\n|detailschange|p2a: Kaiju|Aggron-Mega, L50, M\n|-mega|p2a: Kaiju|Aggron|Aggronite\n|move|p1b: Talonflame|Dual Wingbeat|p2b: Ryu Ishigori\n|-damage|p2b: Ryu Ishigori|81/100\n|-damage|p2b: Ryu Ishigori|66/100\n|-hitcount|p2b: Ryu Ishigori|2\n|move|p1a: Milotic|Coil|p1a: Milotic\n|-boost|p1a: Milotic|atk|1\n|-boost|p1a: Milotic|def|1\n|-boost|p1a: Milotic|accuracy|1\n|move|p2a: Kaiju|Iron Defense|p2a: Kaiju\n|-boost|p2a: Kaiju|def|2\n|\n|upkeep\n|turn|3\n|\n|t:|1776437385\n|move|p1b: Talonflame|Dual Wingbeat|p2b: Ryu Ishigori\n|-damage|p2b: Ryu Ishigori|49/100\n|-damage|p2b: Ryu Ishigori|30/100\n|-hitcount|p2b: Ryu Ishigori|2\n|move|p1a: Milotic|Hypnosis|p2a: Kaiju\n|-status|p2a: Kaiju|slp|[from] move: Hypnosis\n|move|p2b: Ryu Ishigori|Water Pulse|p1b: Talonflame\n|-supereffective|p1b: Talonflame|1\n|-enditem|p1b: Talonflame|Focus Sash\n|-damage|p1b: Talonflame|1/100\n|cant|p2a: Kaiju|slp\n|\n|upkeep\n|turn|4\n|\n|t:|1776437408\n|move|p1b: Talonflame|Dual Wingbeat|p2b: Ryu Ishigori\n|-damage|p2b: Ryu Ishigori|13/100\n|-damage|p2b: Ryu Ishigori|0 fnt\n|faint|p2b: Ryu Ishigori\n|-hitcount|p2: Ryu Ishigori|2\n|move|p1a: Milotic|Muddy Water|p2a: Kaiju\n|-damage|p2a: Kaiju|82/100 slp\n|cant|p2a: Kaiju|slp\n|\n|upkeep\n|\n|t:|1776437421\n|switch|p2b: H. Bl. D\u00e9construit|Sinistcha, L50|100/100\n|-heal|p2a: Kaiju|100/100 slp|[from] ability: Hospitality|[of] p2b: H. Bl. D\u00e9construit\n|turn|5\n|\n|t:|1776437443\n|move|p1b: Talonflame|Flare Blitz|p2b: H. Bl. D\u00e9construit\n|-supereffective|p2b: H. Bl. D\u00e9construit|1\n|-damage|p2b: H. Bl. D\u00e9construit|39/100\n|-status|p2b: H. Bl. D\u00e9construit|brn\n|-enditem|p2b: H. Bl. D\u00e9construit|Sitrus Berry|[eat]\n|-heal|p2b: H. Bl. D\u00e9construit|63/100 brn|[from] item: Sitrus Berry\n|-damage|p1b: Talonflame|0 fnt|[from] Recoil\n|faint|p1b: Talonflame\n|move|p1a: Milotic|Muddy Water|p2a: Kaiju|[spread] p2a,p2b\n|-resisted|p2b: H. Bl. D\u00e9construit|1\n|-damage|p2a: Kaiju|85/100 slp\n|-damage|p2b: H. Bl. D\u00e9construit|54/100 brn\n|move|p2b: H. Bl. D\u00e9construit|Matcha Gotcha|p1a: Milotic\n|-supereffective|p1a: Milotic|1\n|-damage|p1a: Milotic|58/100\n|-heal|p2b: H. Bl. D\u00e9construit|78/100 brn|[from] drain|[of] p1a: Milotic\n|-curestatus|p2a: Kaiju|slp|[msg]\n|move|p2a: Kaiju|Body Press|p1a: Milotic\n|-damage|p1a: Milotic|24/100\n|\n|-heal|p1a: Milotic|30/100|[from] item: Leftovers\n|-damage|p2b: H. Bl. D\u00e9construit|72/100 brn|[from] brn\n|-sideend|p2: wapin|move: Light Screen\n|upkeep\n|\n|t:|1776437459\n|switch|p1b: Aegislash|Aegislash, L50, M|100/100\n|turn|6\n|\n|t:|1776437480\n|move|p1a: Milotic|Protect|p1a: Milotic\n|-singleturn|p1a: Milotic|Protect\n|-formechange|p1b: Aegislash|Aegislash-Blade|\n|move|p1b: Aegislash|Shadow Ball|p2b: H. Bl. D\u00e9construit\n|-supereffective|p2b: H. Bl. D\u00e9construit|1\n|-damage|p2b: H. Bl. D\u00e9construit|0 fnt\n|faint|p2b: H. Bl. D\u00e9construit\n|move|p2a: Kaiju|Body Press|p1a: Milotic\n|-activate|p1a: Milotic|move: Protect\n|\n|-heal|p1a: Milotic|36/100|[from] item: Leftovers\n|upkeep\n|\n|t:|1776437492\n|switch|p2b: I Am Speed|Alakazam, L50, M|38/100\n|turn|7\n|\n|t:|1776437500\n|move|p2b: I Am Speed|Light Screen|p2b: I Am Speed\n|-sidestart|p2: wapin|move: Light Screen\n|move|p1a: Milotic|Hypnosis|p2a: Kaiju\n|-status|p2a: Kaiju|slp|[from] move: Hypnosis\n|move|p1b: Aegislash|Shadow Ball|p2b: I Am Speed\n|-supereffective|p2b: I Am Speed|1\n|-damage|p2b: I Am Speed|0 fnt\n|faint|p2b: I Am Speed\n|cant|p2a: Kaiju|slp\n|\n|-heal|p1a: Milotic|42/100|[from] item: Leftovers\n|upkeep\n|turn|8\n|\n|t:|1776437512\n|move|p1a: Milotic|Muddy Water|p2a: Kaiju\n|-damage|p2a: Kaiju|66/100 slp\n|-unboost|p2a: Kaiju|accuracy|1\n|move|p1b: Aegislash|Shadow Ball|p2a: Kaiju\n|-damage|p2a: Kaiju|35/100 slp\n|-unboost|p2a: Kaiju|spd|1\n|cant|p2a: Kaiju|slp\n|\n|-heal|p1a: Milotic|48/100|[from] item: Leftovers\n|upkeep\n|turn|9\n|\n|t:|1776437523\n|move|p1a: Milotic|Muddy Water|p2a: Kaiju\n|-damage|p2a: Kaiju|6/100 slp\n|move|p1b: Aegislash|Shadow Ball|p2a: Kaiju\n|-damage|p2a: Kaiju|0 fnt\n|faint|p2a: Kaiju\n|\n|win|jukasinjakudo\n|raw|jukasinjakudo's rating: 1149 &rarr; <strong>1168</strong><br />(+19 for winning)\n|raw|wapin's rating: 1059 &rarr; <strong>1045</strong><br />(-14 for losing)\n|c|\u2606wapin|gg\n|c|\u2606jukasinjakudo|gg\n|l|\u2606wapin\n|player|p2|\n",
  "uploadtime": 1776437535,
  "views": 16,
  "formatid": "gen9championsvgc2026regma",
  "rating": 1045,
  "private": 0,
  "password": null
}