{
  "id": "gen9championsvgc2026regma-2581060257",
  "format": "[Gen 9 Champions] VGC 2026 Reg M-A",
  "players": [
    "Kailzer",
    "wester7"
  ],
  "log": "|j|\u2606Kailzer\n|j|\u2606wester7\n|t:|1775956097\n|gametype|doubles\n|player|p1|Kailzer|morty|1334\n|player|p2|wester7|266|1271\n|gen|9\n|tier|[Gen 9 Champions] VGC 2026 Reg M-A\n|rated|\n|rule|Species Clause: Limit one of each Pok\u00e9mon\n|rule|Item Clause: Limit 1 of each item\n|clearpoke\n|poke|p1|Dragonite, L50, F|\n|poke|p1|Tyranitar, L50, F|\n|poke|p1|Aerodactyl, L50, M|\n|poke|p1|Sneasler, L50, M|\n|poke|p1|Rotom-Wash, L50|\n|poke|p1|Sylveon, L50, M|\n|poke|p2|Emboar, L50, M|\n|poke|p2|Clefable, L50, M|\n|poke|p2|Rotom-Wash, L50|\n|poke|p2|Garchomp, L50, F|\n|poke|p2|Slowbro, L50, M|\n|poke|p2|Weavile, L50, M|\n|teampreview|4\n|inactive|Battle timer is ON: inactive players will automatically lose when time's up. (requested by Kailzer)\n|inactive|wester7 has 60 seconds left.\n|inactive|wester7 has 30 seconds left.\n|inactive|wester7 has 20 seconds left.\n|inactive|wester7 has 15 seconds left.\n|inactive|wester7 has 10 seconds left.\n|inactive|wester7 has 5 seconds left.\n|\n|t:|1775956186\n|teamsize|p1|4\n|teamsize|p2|4\n|start\n|switch|p1a: Aerodactyl|Aerodactyl, L50, M|100/100\n|switch|p1b: Rotom|Rotom-Wash, L50|100/100\n|switch|p2a: Garchomp|Garchomp, L50, F|100/100\n|switch|p2b: Rotom|Rotom-Wash, L50|100/100\n|-ability|p1a: Aerodactyl|Unnerve\n|turn|1\n|\n|t:|1775956206\n|move|p1b: Rotom|Volt Switch|p2b: Rotom\n|-damage|p2b: Rotom|60/100\n|\n|t:|1775956210\n|switch|p1b: Sylveon|Sylveon, L50, M|100/100|[from] Volt Switch\n|move|p1a: Aerodactyl|Tailwind|p1a: Aerodactyl\n|-sidestart|p1: Kailzer|move: Tailwind\n|move|p2a: Garchomp|Dragon Claw|p1b: Sylveon\n|-immune|p1b: Sylveon\n|move|p2b: Rotom|Thunderbolt|p1a: Aerodactyl\n|-supereffective|p1a: Aerodactyl|1\n|-enditem|p1a: Aerodactyl|Focus Sash\n|-damage|p1a: Aerodactyl|1/100\n|\n|upkeep\n|turn|2\n|\n|t:|1775956234\n|move|p1a: Aerodactyl|Rock Slide|p2b: Rotom|[spread] p2b\n|-miss|p1a: Aerodactyl|p2a: Garchomp\n|-damage|p2b: Rotom|32/100\n|move|p1b: Sylveon|Hyper Voice|p2a: Garchomp|[spread] p2a,p2b\n|-supereffective|p2a: Garchomp|1\n|-damage|p2a: Garchomp|0 fnt\n|-damage|p2b: Rotom|0 fnt\n|faint|p2a: Garchomp\n|faint|p2b: Rotom\n|\n|upkeep\n|\n|t:|1775956249\n|switch|p2a: Emboar|Emboar, L50, M|100/100\n|switch|p2b: Slowbro|Slowbro, L50, M|100/100\n|turn|3\n|\n|t:|1775956264\n|detailschange|p2a: Emboar|Emboar-Mega, L50, M\n|-mega|p2a: Emboar|Emboar|Emboarite\n|-ability|p2a: Emboar|Mold Breaker\n|move|p1a: Aerodactyl|Rock Slide|p2b: Slowbro|[spread] p2a,p2b\n|-damage|p2a: Emboar|76/100\n|-damage|p2b: Slowbro|81/100\n|move|p1b: Sylveon|Hyper Voice|p2a: Emboar|[spread] p2a,p2b\n|-damage|p2a: Emboar|36/100\n|-damage|p2b: Slowbro|29/100\n|move|p2a: Emboar|Bulk Up|p2a: Emboar\n|-boost|p2a: Emboar|atk|1\n|-boost|p2a: Emboar|def|1\n|move|p2b: Slowbro|Trick Room|p2b: Slowbro\n|-fieldstart|move: Trick Room|[of] p2b: Slowbro\n|\n|upkeep\n|turn|4\n|c|\u2606Kailzer|wow\n|c|\u2606Kailzer|that typing\n|inactive|Kailzer has 30 seconds left.\n|inactive|wester7 has 30 seconds left.\n|\n|t:|1775956298\n|move|p1b: Sylveon|Protect|p1b: Sylveon\n|-singleturn|p1b: Sylveon|Protect\n|move|p1a: Aerodactyl|Protect|p1a: Aerodactyl\n|-singleturn|p1a: Aerodactyl|Protect\n|move|p2b: Slowbro|Calm Mind|p2b: Slowbro\n|-boost|p2b: Slowbro|spa|1\n|-boost|p2b: Slowbro|spd|1\n|move|p2a: Emboar|Flare Blitz|p1b: Sylveon\n|-activate|p1b: Sylveon|move: Protect\n|\n|-sideend|p1: Kailzer|move: Tailwind\n|upkeep\n|turn|5\n|inactive|wester7 has 30 seconds left.\n|j| itastelikeiron\n|\n|t:|1775956330\n|move|p2b: Slowbro|Psychic|p1a: Aerodactyl\n|-damage|p1a: Aerodactyl|0 fnt\n|faint|p1a: Aerodactyl\n|move|p2a: Emboar|Flare Blitz|p1b: Sylveon\n|-crit|p1b: Sylveon\n|-damage|p1b: Sylveon|0 fnt\n|faint|p1b: Sylveon\n|-damage|p2a: Emboar|10/100|[from] Recoil\n|\n|upkeep\n|\n|t:|1775956339\n|switch|p1b: Tyranitar|Tyranitar, L50, F|100/100\n|switch|p1a: Rotom|Rotom-Wash, L50|100/100\n|-weather|Sandstorm|[from] ability: Sand Stream|[of] p1b: Tyranitar\n|turn|6\n|\n|t:|1775956357\n|move|p1b: Tyranitar|Protect|p1b: Tyranitar\n|-singleturn|p1b: Tyranitar|Protect\n|move|p2b: Slowbro|Psychic|p1a: Rotom\n|-damage|p1a: Rotom|17/100\n|move|p2a: Emboar|Drain Punch|p1a: Rotom\n|-damage|p1a: Rotom|0 fnt\n|-heal|p2a: Emboar|15/100|[from] drain|[of] p1a: Rotom\n|faint|p1a: Rotom\n|\n|-weather|Sandstorm|[upkeep]\n|-damage|p2b: Slowbro|23/100|[from] Sandstorm\n|-damage|p2a: Emboar|9/100|[from] Sandstorm\n|upkeep\n|turn|7\n|\n|t:|1775956376\n|detailschange|p1b: Tyranitar|Tyranitar-Mega, L50, F\n|-mega|p1b: Tyranitar|Tyranitar|Tyranitarite\n|move|p2b: Slowbro|Scald|p1b: Tyranitar\n|-supereffective|p1b: Tyranitar|1\n|-damage|p1b: Tyranitar|39/100\n|-status|p1b: Tyranitar|brn\n|move|p2a: Emboar|Drain Punch|p1b: Tyranitar\n|-supereffective|p1b: Tyranitar|2\n|-damage|p1b: Tyranitar|0 fnt\n|-heal|p2a: Emboar|25/100|[from] drain|[of] p1b: Tyranitar\n|faint|p1b: Tyranitar\n|\n|win|wester7\n|raw|Kailzer's rating: 1334 &rarr; <strong>1310</strong><br />(-24 for losing)\n|raw|wester7's rating: 1271 &rarr; <strong>1300</strong><br />(+29 for winning)\n|l| itastelikeiron\n|l|\u2606Kailzer\n|player|p1|\n",
  "uploadtime": 1775956515,
  "views": 37,
  "formatid": "gen9championsvgc2026regma",
  "rating": 1300,
  "private": 0,
  "password": null
}