{
  "id": "gen9championsvgc2026regma-2583229890",
  "format": "[Gen 9 Champions] VGC 2026 Reg M-A",
  "players": [
    "xiaoxuedi233",
    "Calentao"
  ],
  "log": "|j|\u2606xiaoxuedi233\n|j|\u2606Calentao\n|t:|1776157274\n|gametype|doubles\n|player|p1|xiaoxuedi233|2|1136\n|player|p2|Calentao|backpacker|1073\n|gen|9\n|tier|[Gen 9 Champions] VGC 2026 Reg M-A\n|rated|\n|rule|Species Clause: Limit one of each Pok\u00e9mon\n|rule|Item Clause: Limit 1 of each item\n|clearpoke\n|poke|p1|Charizard, L50, M|\n|poke|p1|Garchomp, L50, F|\n|poke|p1|Incineroar, L50, M|\n|poke|p1|Sneasler, L50, M|\n|poke|p1|Whimsicott, L50, F|\n|poke|p1|Gardevoir, L50, F|\n|poke|p2|Delphox, L50, M|\n|poke|p2|Basculegion, L50, M|\n|poke|p2|Clefable, L50, F|\n|poke|p2|Kingambit, L50, F|\n|poke|p2|Dragonite, L50, F|\n|poke|p2|Sneasler, L50, M|\n|teampreview|4\n|\n|t:|1776157303\n|teamsize|p1|4\n|teamsize|p2|4\n|start\n|switch|p1a: Charizard|Charizard, L50, M, shiny|100/100\n|switch|p1b: Garchomp|Garchomp, L50, F|100/100\n|switch|p2a: Basculegion|Basculegion, L50, M|100/100\n|switch|p2b: Delphox|Delphox, L50, M|100/100\n|turn|1\n|\n|t:|1776157329\n|detailschange|p2b: Delphox|Delphox-Mega, L50, M\n|-mega|p2b: Delphox|Delphox|Delphoxite\n|detailschange|p1a: Charizard|Charizard-Mega-Y, L50, M, shiny\n|-mega|p1a: Charizard|Charizard|Charizardite Y\n|-weather|SunnyDay|[from] ability: Drought|[of] p1a: Charizard\n|move|p1b: Garchomp|Earthquake|p2b: Delphox|[spread] p2a\n|-immune|p1a: Charizard\n|-immune|p2b: Delphox|[from] ability: Levitate\n|-crit|p2a: Basculegion\n|-damage|p2a: Basculegion|25/100\n|move|p2b: Delphox|Heat Wave|p1a: Charizard|[spread] p1a,p1b\n|-resisted|p1a: Charizard|1\n|-crit|p1a: Charizard\n|-resisted|p1b: Garchomp|1\n|-damage|p1a: Charizard|53/100\n|-damage|p1b: Garchomp|62/100\n|move|p2a: Basculegion|Flip Turn|p1a: Charizard\n|-supereffective|p1a: Charizard|1\n|-damage|p1a: Charizard|7/100\n|\n|t:|1776157346\n|switch|p2a: Clefable|Clefable, L50, F|100/100|[from] Flip Turn\n|move|p1a: Charizard|Solar Beam||[still]\n|-prepare|p1a: Charizard|Solar Beam\n|-anim|p1a: Charizard|Solar Beam|p2a: Clefable\n|-damage|p2a: Clefable|53/100\n|\n|-weather|SunnyDay|[upkeep]\n|upkeep\n|turn|2\n|\n|t:|1776157361\n|switch|p1b: Incineroar|Incineroar, L50, M|100/100\n|-ability|p1b: Incineroar|Intimidate|boost\n|-unboost|p2a: Clefable|atk|1\n|-unboost|p2b: Delphox|atk|1\n|move|p2a: Clefable|Helping Hand|p2b: Delphox\n|-singleturn|p2b: Delphox|Helping Hand|[of] p2a: Clefable\n|move|p1a: Charizard|Protect|p1a: Charizard\n|-singleturn|p1a: Charizard|Protect\n|move|p2b: Delphox|Heat Wave|p1a: Charizard|[spread] p1b\n|-activate|p1a: Charizard|move: Protect\n|-resisted|p1b: Incineroar|1\n|-crit|p1b: Incineroar\n|-damage|p1b: Incineroar|44/100\n|-enditem|p1b: Incineroar|Sitrus Berry|[eat]\n|-heal|p1b: Incineroar|69/100|[from] item: Sitrus Berry\n|\n|-weather|SunnyDay|[upkeep]\n|upkeep\n|turn|3\n|\n|t:|1776157379\n|move|p1b: Incineroar|Fake Out|p2b: Delphox\n|-damage|p2b: Delphox|82/100\n|move|p2a: Clefable|Follow Me|p2a: Clefable\n|-singleturn|p2a: Clefable|move: Follow Me\n|cant|p2b: Delphox|flinch\n|move|p1a: Charizard|Heat Wave|p2a: Clefable|[spread] p2a,p2b\n|-resisted|p2b: Delphox|1\n|-damage|p2a: Clefable|0 fnt\n|-damage|p2b: Delphox|48/100\n|faint|p2a: Clefable\n|\n|-weather|SunnyDay|[upkeep]\n|upkeep\n|\n|t:|1776157390\n|switch|p2a: Basculegion|Basculegion, L50, M|25/100\n|turn|4\n|\n|t:|1776157403\n|move|p1a: Charizard|Protect|p1a: Charizard\n|-singleturn|p1a: Charizard|Protect\n|move|p2b: Delphox|Heat Wave|p1b: Incineroar|[spread] p1b\n|-activate|p1a: Charizard|move: Protect\n|-resisted|p1b: Incineroar|1\n|-damage|p1b: Incineroar|44/100\n|move|p2a: Basculegion|Wave Crash|p1b: Incineroar\n|-supereffective|p1b: Incineroar|1\n|-damage|p1b: Incineroar|0 fnt\n|faint|p1b: Incineroar\n|-damage|p2a: Basculegion|10/100|[from] Recoil\n|\n|-weather|SunnyDay|[upkeep]\n|upkeep\n|\n|t:|1776157415\n|switch|p1b: Garchomp|Garchomp, L50, F|62/100\n|turn|5\n|\n|t:|1776157422\n|move|p1b: Garchomp|Rock Slide|p2b: Delphox|[spread] p2b\n|-miss|p1b: Garchomp|p2a: Basculegion\n|-supereffective|p2b: Delphox|1\n|-damage|p2b: Delphox|0 fnt\n|faint|p2b: Delphox\n|move|p2a: Basculegion|Wave Crash|p1b: Garchomp\n|-damage|p1b: Garchomp|18/100\n|-damage|p2a: Basculegion|0 fnt|[from] ability: Rough Skin|[of] p1b: Garchomp\n|faint|p2a: Basculegion\n|move|p1a: Charizard|Heat Wave|p2: Basculegion|[notarget]\n|-fail|p1a: Charizard\n|\n|-weather|none\n|upkeep\n|\n|t:|1776157436\n|switch|p2a: Sneasler|Sneasler, L50, M|100/100\n|turn|6\n|\n|t:|1776157449\n|switch|p1b: Sneasler|Sneasler, L50, M|100/100\n|move|p2a: Sneasler|Fake Out|p1a: Charizard\n|-damage|p1a: Charizard|0 fnt\n|faint|p1a: Charizard\n|\n|upkeep\n|\n|t:|1776157454\n|switch|p1a: Garchomp|Garchomp, L50, F|18/100\n|turn|7\n|\n|t:|1776157458\n|move|p2a: Sneasler|Protect|p2a: Sneasler\n|-singleturn|p2a: Sneasler|Protect\n|move|p1b: Sneasler|Fake Out|p2a: Sneasler\n|-activate|p2a: Sneasler|move: Protect\n|move|p1a: Garchomp|Earthquake|p2a: Sneasler|[spread] p1b\n|-activate|p2a: Sneasler|move: Protect\n|-supereffective|p1b: Sneasler|1\n|-damage|p1b: Sneasler|0 fnt\n|faint|p1b: Sneasler\n|\n|upkeep\n|turn|8\n|\n|t:|1776157471\n|move|p1a: Garchomp|Earthquake|p2a: Sneasler\n|-supereffective|p2a: Sneasler|1\n|-enditem|p2a: Sneasler|Focus Sash\n|-damage|p2a: Sneasler|1/100\n|move|p2a: Sneasler|Close Combat|p1a: Garchomp\n|-damage|p1a: Garchomp|0 fnt\n|-unboost|p2a: Sneasler|def|1\n|-unboost|p2a: Sneasler|spd|1\n|-damage|p2a: Sneasler|0 fnt|[from] ability: Rough Skin|[of] p1a: Garchomp\n|faint|p1a: Garchomp\n|faint|p2a: Sneasler\n|\n|win|Calentao\n|raw|xiaoxuedi233's rating: 1136 &rarr; <strong>1107</strong><br />(-29 for losing)\n|raw|Calentao's rating: 1073 &rarr; <strong>1107</strong><br />(+34 for winning)\n|l|\u2606xiaoxuedi233\n|player|p1|\n|c|\u2606Calentao|lol\n",
  "uploadtime": 1776157494,
  "views": 19,
  "formatid": "gen9championsvgc2026regma",
  "rating": 1107,
  "private": 0,
  "password": null
}