{
  "id": "gen9championsvgc2026regma-2584830638",
  "format": "[Gen 9 Champions] VGC 2026 Reg M-A",
  "players": [
    "angemorgs",
    "ToniToniChoppr"
  ],
  "log": "|j|\u2606angemorgs\n|j|\u2606ToniToniChoppr\n|t:|1776286970\n|gametype|doubles\n|player|p1|angemorgs|backersf|1144\n|player|p2|ToniToniChoppr|dawn|1154\n|gen|9\n|tier|[Gen 9 Champions] VGC 2026 Reg M-A\n|rated|\n|rule|Species Clause: Limit one of each Pok\u00e9mon\n|rule|Item Clause: Limit 1 of each item\n|clearpoke\n|poke|p1|Floette-Eternal, L50, F|\n|poke|p1|Garchomp, L50, F|\n|poke|p1|Sneasler, L50, M|\n|poke|p1|Rotom-Wash, L50|\n|poke|p1|Aerodactyl, L50, M|\n|poke|p1|Incineroar, L50, M|\n|poke|p2|Meganium, L50, M|\n|poke|p2|Feraligatr, L50, F|\n|poke|p2|Typhlosion, L50, F|\n|poke|p2|Tyranitar, L50, F|\n|poke|p2|Gliscor, L50, M|\n|poke|p2|Farigiraf, L50, F|\n|teampreview|4\n|c|\u2606angemorgs|w team\n|inactive|Battle timer is ON: inactive players will automatically lose when time's up. (requested by angemorgs)\n|inactive|ToniToniChoppr has 60 seconds left.\n|\n|t:|1776287067\n|teamsize|p1|4\n|teamsize|p2|4\n|start\n|switch|p1a: Sneasler|Sneasler, L50, M|100/100\n|switch|p1b: Rotom|Rotom-Wash, L50|100/100\n|switch|p2a: Farigiraf|Farigiraf, L50, F, shiny|100/100\n|switch|p2b: Feraligatr|Feraligatr, L50, F|100/100\n|turn|1\n|\n|t:|1776287086\n|detailschange|p2b: Feraligatr|Feraligatr-Mega, L50, F\n|-mega|p2b: Feraligatr|Feraligatr|Feraligite\n|move|p1b: Rotom|Volt Switch|p2b: Feraligatr\n|-damage|p2b: Feraligatr|65/100\n|\n|t:|1776287091\n|switch|p1b: Incineroar|Incineroar, L50, M|100/100|[from] Volt Switch\n|-ability|p1b: Incineroar|Intimidate|boost\n|-unboost|p2a: Farigiraf|atk|1\n|-unboost|p2b: Feraligatr|atk|1\n|move|p1a: Sneasler|Dire Claw|p2a: Farigiraf\n|-damage|p2a: Farigiraf|58/100\n|-status|p2a: Farigiraf|psn\n|move|p2b: Feraligatr|Dragon Dance|p2b: Feraligatr\n|-boost|p2b: Feraligatr|atk|1\n|-boost|p2b: Feraligatr|spe|1\n|move|p2a: Farigiraf|Calm Mind|p2a: Farigiraf\n|-boost|p2a: Farigiraf|spa|1\n|-boost|p2a: Farigiraf|spd|1\n|\n|-damage|p2a: Farigiraf|46/100 psn|[from] psn\n|upkeep\n|turn|2\n|c|\u2606ToniToniChoppr|Thanks :)\n|inactive|angemorgs has 30 seconds left.\n|inactive|ToniToniChoppr has 30 seconds left.\n|\n|t:|1776287125\n|move|p2b: Feraligatr|Liquidation|p1b: Incineroar\n|-supereffective|p1b: Incineroar|1\n|-damage|p1b: Incineroar|19/100\n|-unboost|p1b: Incineroar|def|1\n|-enditem|p1b: Incineroar|Sitrus Berry|[eat]\n|-heal|p1b: Incineroar|44/100|[from] item: Sitrus Berry\n|move|p1a: Sneasler|Close Combat|p2b: Feraligatr\n|-damage|p2b: Feraligatr|9/100\n|-unboost|p1a: Sneasler|def|1\n|-unboost|p1a: Sneasler|spd|1\n|-enditem|p1a: Sneasler|White Herb\n|-clearnegativeboost|p1a: Sneasler|[silent]\n|move|p2a: Farigiraf|Twin Beam|p1a: Sneasler\n|-supereffective|p1a: Sneasler|2\n|-damage|p1a: Sneasler|0 fnt\n|faint|p1a: Sneasler\n|-hitcount|p1: Sneasler|1\n|move|p1b: Incineroar|Throat Chop|p2a: Farigiraf\n|-supereffective|p2a: Farigiraf|1\n|-enditem|p2a: Farigiraf|Colbur Berry|[eat]\n|-enditem|p2a: Farigiraf|Colbur Berry|[weaken]\n|-damage|p2a: Farigiraf|13/100 psn\n|-start|p2a: Farigiraf|Throat Chop|[silent]\n|\n|-damage|p2a: Farigiraf|1/100 psn|[from] psn\n|upkeep\n|\n|t:|1776287146\n|switch|p1a: Rotom|Rotom-Wash, L50|100/100\n|turn|3\n|inactive|ToniToniChoppr has 30 seconds left.\n|inactive|ToniToniChoppr has 20 seconds left.\n|inactive|ToniToniChoppr has 15 seconds left.\n|inactive|ToniToniChoppr has 10 seconds left.\n|inactive|ToniToniChoppr has 5 seconds left.\n|\n|t:|1776287197\n|move|p1a: Rotom|Volt Switch|p2b: Feraligatr\n|-damage|p2b: Feraligatr|0 fnt\n|faint|p2b: Feraligatr\n|\n|t:|1776287201\n|switch|p1a: Floette|Floette-Eternal, L50, F|100/100|[from] Volt Switch\n|move|p2a: Farigiraf|Twin Beam|p1a: Floette\n|-damage|p1a: Floette|77/100\n|-damage|p1a: Floette|54/100\n|-hitcount|p1a: Floette|2\n|move|p1b: Incineroar|Throat Chop|p2a: Farigiraf\n|-supereffective|p2a: Farigiraf|1\n|-damage|p2a: Farigiraf|0 fnt\n|faint|p2a: Farigiraf\n|\n|upkeep\n|\n|t:|1776287205\n|switch|p2b: Tyranitar|Tyranitar, L50, F|100/100\n|switch|p2a: Typhlosion|Typhlosion, L50, F, shiny|100/100\n|-weather|Sandstorm|[from] ability: Sand Stream|[of] p2b: Tyranitar\n|turn|4\n|inactive|ToniToniChoppr has 30 seconds left.\n|\n|t:|1776287237\n|switch|p1b: Rotom|Rotom-Wash, L50|100/100\n|detailschange|p1a: Floette|Floette-Mega, L50, F\n|-mega|p1a: Floette|Floette|Floettite\n|-ability|p1a: Floette|Fairy Aura\n|move|p2a: Typhlosion|Eruption|p1b: Rotom|[spread] p1a,p1b\n|-resisted|p1b: Rotom|1\n|-damage|p1a: Floette|19/100\n|-damage|p1b: Rotom|71/100\n|move|p1a: Floette|Moonblast|p2b: Tyranitar\n|-supereffective|p2b: Tyranitar|1\n|-damage|p2b: Tyranitar|0 fnt\n|faint|p2b: Tyranitar\n|\n|-weather|Sandstorm|[upkeep]\n|-damage|p2a: Typhlosion|95/100|[from] Sandstorm\n|-damage|p1b: Rotom|65/100|[from] Sandstorm\n|-damage|p1a: Floette|13/100|[from] Sandstorm\n|upkeep\n|turn|5\n|-message|ToniToniChoppr forfeited.\n|\n|win|angemorgs\n",
  "uploadtime": 1776286972,
  "views": 20,
  "formatid": "gen9championsvgc2026regma",
  "rating": null,
  "private": 0,
  "password": null
}