{
  "id": "gen9championsvgc2026regma-2585686463",
  "format": "[Gen 9 Champions] VGC 2026 Reg M-A",
  "players": [
    "Poke Unc",
    "Bona1718"
  ],
  "log": "|j|\u2606Poke Unc\n|j|\u2606Bona1718\n|t:|1776363719\n|gametype|doubles\n|player|p1|Poke Unc|palmer|1085\n|player|p2|Bona1718|2|1112\n|gen|9\n|tier|[Gen 9 Champions] VGC 2026 Reg M-A\n|rated|\n|rule|Species Clause: Limit one of each Pok\u00e9mon\n|rule|Item Clause: Limit 1 of each item\n|clearpoke\n|poke|p1|Meowstic, L50, M|\n|poke|p1|Farigiraf, L50, F|\n|poke|p1|Sneasler, L50, M|\n|poke|p1|Tyranitar, L50, M|\n|poke|p1|Excadrill, L50, F|\n|poke|p1|Corviknight, L50, M|\n|poke|p2|Glimmora, L50, M|\n|poke|p2|Corviknight, L50, F|\n|poke|p2|Basculegion, L50, M|\n|poke|p2|Whimsicott, L50, F|\n|poke|p2|Ninetales-Alola, L50, F|\n|poke|p2|Kommo-o, L50, M|\n|teampreview|4\n|\n|t:|1776363773\n|teamsize|p1|4\n|teamsize|p2|4\n|start\n|switch|p1a: Corviknight|Corviknight, L50, M|100/100\n|switch|p1b: Sneasler|Sneasler, L50, M|100/100\n|switch|p2a: Whimsicott|Whimsicott, L50, F|100/100\n|switch|p2b: Basculegion|Basculegion, L50, M|100/100\n|-ability|p1a: Corviknight|Unnerve\n|turn|1\n|inactive|Battle timer is ON: inactive players will automatically lose when time's up. (requested by Poke Unc)\n|\n|t:|1776363817\n|move|p2a: Whimsicott|Protect|p2a: Whimsicott\n|-singleturn|p2a: Whimsicott|Protect\n|move|p1b: Sneasler|Fake Out|p2a: Whimsicott\n|-activate|p2a: Whimsicott|move: Protect\n|move|p2b: Basculegion|Wave Crash|p1b: Sneasler\n|-enditem|p1b: Sneasler|Focus Sash\n|-damage|p1b: Sneasler|1/100\n|-damage|p2b: Basculegion|75/100|[from] Recoil\n|move|p1a: Corviknight|Brave Bird|p2a: Whimsicott\n|-activate|p2a: Whimsicott|move: Protect\n|\n|upkeep\n|turn|2\n|\n|t:|1776363837\n|move|p2a: Whimsicott|Tailwind|p2a: Whimsicott\n|-sidestart|p2: Bona1718|move: Tailwind\n|move|p2b: Basculegion|Wave Crash|p1a: Corviknight\n|-damage|p1a: Corviknight|51/100\n|-damage|p2b: Basculegion|58/100|[from] Recoil\n|move|p1b: Sneasler|Dire Claw|p2a: Whimsicott\n|-supereffective|p2a: Whimsicott|2\n|-enditem|p2a: Whimsicott|Focus Sash\n|-damage|p2a: Whimsicott|1/100\n|move|p1a: Corviknight|Tailwind|p1a: Corviknight\n|-sidestart|p1: Poke Unc|move: Tailwind\n|\n|-heal|p1a: Corviknight|57/100|[from] item: Leftovers\n|upkeep\n|turn|3\n|inactive|Poke Unc has 30 seconds left.\n|inactive|Poke Unc has 20 seconds left.\n|inactive|Poke Unc has 15 seconds left.\n|inactive|Poke Unc has 10 seconds left.\n|\n|t:|1776363886\n|switch|p1b: Farigiraf|Farigiraf, L50, F|100/100\n|move|p2a: Whimsicott|Encore||[still]\n|cant|p1b: Farigiraf|ability: Armor Tail|Encore|[of] p2a: Whimsicott\n|move|p2b: Basculegion|Wave Crash|p1b: Farigiraf\n|-damage|p1b: Farigiraf|24/100\n|-damage|p2b: Basculegion|29/100|[from] Recoil\n|move|p1a: Corviknight|Brave Bird|p2b: Basculegion\n|-damage|p2b: Basculegion|0 fnt\n|faint|p2b: Basculegion\n|-damage|p1a: Corviknight|48/100|[from] Recoil\n|\n|-heal|p1a: Corviknight|54/100|[from] item: Leftovers\n|upkeep\n|inactive|Bona1718 has 30 seconds left.\n|\n|t:|1776363917\n|switch|p2b: Ninetales|Ninetales-Alola, L50, F|100/100\n|-weather|Snowscape|[from] ability: Snow Warning|[of] p2b: Ninetales\n|turn|4\n|\n|t:|1776363938\n|move|p2a: Whimsicott|Tailwind||[still]\n|-fail|p2a: Whimsicott\n|move|p2b: Ninetales|Blizzard|p1b: Farigiraf|[spread] p1a,p1b\n|-damage|p1a: Corviknight|23/100\n|-damage|p1b: Farigiraf|1/100\n|-status|p1b: Farigiraf|frz\n|move|p1a: Corviknight|Brave Bird|p2a: Whimsicott\n|-supereffective|p2a: Whimsicott|1\n|-damage|p2a: Whimsicott|0 fnt\n|faint|p2a: Whimsicott\n|-damage|p1a: Corviknight|23/100|[from] Recoil\n|cant|p1b: Farigiraf|frz\n|\n|-weather|Snowscape|[upkeep]\n|-heal|p1a: Corviknight|29/100|[from] item: Leftovers\n|upkeep\n|c|\u2606Poke Unc|omgggggggggggggg\n|\n|t:|1776363955\n|switch|p2a: Glimmora|Glimmora, L50, M|100/100\n|turn|5\n|\n|t:|1776363971\n|detailschange|p2a: Glimmora|Glimmora-Mega, L50, M\n|-mega|p2a: Glimmora|Glimmora|Glimmoranite\n|cant|p1b: Farigiraf|frz\n|move|p2b: Ninetales|Blizzard|p1b: Farigiraf|[spread] p1a,p1b\n|-damage|p1a: Corviknight|0 fnt\n|-damage|p1b: Farigiraf|0 fnt\n|faint|p1a: Corviknight\n|faint|p1b: Farigiraf\n|move|p2a: Glimmora|Power Gem|p1: Corviknight|[notarget]\n|-fail|p2a: Glimmora\n|\n|-weather|Snowscape|[upkeep]\n|-sideend|p1: Poke Unc|move: Tailwind\n|-sideend|p2: Bona1718|move: Tailwind\n|upkeep\n|\n|t:|1776363975\n|switch|p1a: Sneasler|Sneasler, L50, M|1/100\n|switch|p1b: Meowstic|Meowstic, L50, M|100/100\n|turn|6\n|inactive|Poke Unc has 30 seconds left.\n|inactive|Bona1718 has 30 seconds left.\n|\n|t:|1776364010\n|detailschange|p1b: Meowstic|Meowstic-M-Mega, L50, M\n|-mega|p1b: Meowstic|Meowstic|Meowsticite\n|-ability|p1b: Meowstic|Adaptability|Trace|[from] ability: Trace|[of] p2a: Glimmora\n|move|p2a: Glimmora|Spiky Shield|p2a: Glimmora\n|-singleturn|p2a: Glimmora|move: Protect\n|move|p1b: Meowstic|Fake Out|p2a: Glimmora\n|-activate|p2a: Glimmora|move: Protect\n|-damage|p1b: Meowstic|89/100|[from] Spiky Shield|[of] p2a: Glimmora\n|move|p1a: Sneasler|Fake Out|p2b: Ninetales\n|-damage|p2b: Ninetales|87/100\n|cant|p2b: Ninetales|flinch\n|\n|-weather|Snowscape|[upkeep]\n|upkeep\n|turn|7\n|\n|t:|1776364030\n|move|p1b: Meowstic|Expanding Force|p2a: Glimmora\n|-supereffective|p2a: Glimmora|1\n|-crit|p2a: Glimmora\n|-damage|p2a: Glimmora|0 fnt\n|faint|p2a: Glimmora\n|move|p1a: Sneasler|Dire Claw|p2b: Ninetales\n|-supereffective|p2b: Ninetales|1\n|-damage|p2b: Ninetales|11/100\n|move|p2b: Ninetales|Blizzard|p1a: Sneasler|[spread] p1a,p1b\n|-damage|p1a: Sneasler|0 fnt\n|-damage|p1b: Meowstic|51/100\n|faint|p1a: Sneasler\n|\n|-weather|Snowscape|[upkeep]\n|upkeep\n|turn|8\n|inactive|Bona1718 has 30 seconds left.\n|\n|t:|1776364057\n|move|p1b: Meowstic|Expanding Force|p2b: Ninetales\n|-damage|p2b: Ninetales|0 fnt\n|faint|p2b: Ninetales\n|\n|win|Poke Unc\n|raw|Poke Unc's rating: 1085 &rarr; <strong>1114</strong><br />(+29 for winning)\n|raw|Bona1718's rating: 1112 &rarr; <strong>1085</strong><br />(-27 for losing)\n|l|\u2606Bona1718\n|player|p2|\n",
  "uploadtime": 1776364097,
  "views": 25,
  "formatid": "gen9championsvgc2026regma",
  "rating": 1085,
  "private": 0,
  "password": null
}