{
  "id": "gen9championsvgc2026regma-2585241580",
  "format": "[Gen 9 Champions] VGC 2026 Reg M-A",
  "players": [
    "rgeee",
    "causjsh"
  ],
  "log": "|j|\u2606rgeee\n|j|\u2606causjsh\n|t:|1776328975\n|gametype|doubles\n|player|p1|rgeee|266|1047\n|player|p2|causjsh|1|1013\n|gen|9\n|tier|[Gen 9 Champions] VGC 2026 Reg M-A\n|rated|\n|rule|Species Clause: Limit one of each Pok\u00e9mon\n|rule|Item Clause: Limit 1 of each item\n|clearpoke\n|poke|p1|Zoroark-Hisui, L50, M|\n|poke|p1|Torkoal, L50, F|\n|poke|p1|Incineroar, L50, F|\n|poke|p1|Farigiraf, L50, M|\n|poke|p1|Kommo-o, L50, M|\n|poke|p1|Starmie, L50|\n|poke|p2|Delphox, L50, F|\n|poke|p2|Kangaskhan, L50, F|\n|poke|p2|Sneasler, L50, F|\n|poke|p2|Kingambit, L50, M|\n|poke|p2|Clefable, L50, F|\n|poke|p2|Basculegion, L50, M|\n|teampreview|4\n|\n|t:|1776329023\n|teamsize|p1|4\n|teamsize|p2|4\n|start\n|switch|p1a: Kommo-o|Kommo-o, L50, M|100/100\n|switch|p1b: Starmie|Starmie, L50|100/100\n|switch|p2a: Basculegion|Basculegion, L50, M|100/100\n|switch|p2b: Delphox|Delphox, L50, F|100/100\n|turn|1\n|\n|t:|1776329060\n|detailschange|p1b: Starmie|Starmie-Mega, L50\n|-mega|p1b: Starmie|Starmie|Starminite\n|detailschange|p2b: Delphox|Delphox-Mega, L50, F\n|-mega|p2b: Delphox|Delphox|Delphoxite\n|move|p2b: Delphox|Psyshock|p1a: Kommo-o\n|-damage|p1a: Kommo-o|5/100\n|replace|p1a: Zoroark|Zoroark-Hisui, L50, M\n|-end|p1a: Zoroark|Illusion\n|move|p2a: Basculegion|Wave Crash|p1b: Starmie\n|-resisted|p1b: Starmie|1\n|-crit|p1b: Starmie\n|-damage|p1b: Starmie|17/100\n|-damage|p2a: Basculegion|81/100|[from] Recoil\n|move|p1b: Starmie|Liquidation|p2b: Delphox\n|-supereffective|p2b: Delphox|1\n|-damage|p2b: Delphox|0 fnt\n|faint|p2b: Delphox\n|move|p1a: Zoroark|Shadow Ball|p2a: Basculegion\n|-supereffective|p2a: Basculegion|1\n|-damage|p2a: Basculegion|0 fnt\n|faint|p2a: Basculegion\n|\n|upkeep\n|\n|t:|1776329082\n|switch|p2b: Kingambit|Kingambit, L50, M|100/100\n|switch|p2a: Clefable|Clefable, L50, F|100/100\n|turn|2\n|\n|t:|1776329094\n|move|p2a: Clefable|Follow Me|p2a: Clefable\n|-singleturn|p2a: Clefable|move: Follow Me\n|move|p1b: Starmie|Liquidation|p2a: Clefable\n|-damage|p2a: Clefable|46/100\n|-enditem|p2a: Clefable|Sitrus Berry|[eat]\n|-heal|p2a: Clefable|71/100|[from] item: Sitrus Berry\n|move|p1a: Zoroark|Will-O-Wisp|p2a: Clefable\n|-status|p2a: Clefable|brn\n|move|p2b: Kingambit|Swords Dance|p2b: Kingambit\n|-boost|p2b: Kingambit|atk|2\n|\n|-damage|p2a: Clefable|65/100 brn|[from] brn\n|upkeep\n|turn|3\n|\n|t:|1776329112\n|switch|p1a: Farigiraf|Farigiraf, L50, M|100/100\n|move|p2a: Clefable|Follow Me|p2a: Clefable\n|-singleturn|p2a: Clefable|move: Follow Me\n|move|p2b: Kingambit|Sucker Punch||[still]\n|cant|p1a: Farigiraf|ability: Armor Tail|Sucker Punch|[of] p2b: Kingambit\n|move|p1b: Starmie|Liquidation|p2a: Clefable\n|-damage|p2a: Clefable|16/100 brn\n|\n|-damage|p2a: Clefable|10/100 brn|[from] brn\n|upkeep\n|turn|4\n|\n|t:|1776329140\n|switch|p1a: Kommo-o|Kommo-o, L50, M|5/100\n|move|p2a: Clefable|Helping Hand|p2b: Kingambit\n|-singleturn|p2b: Kingambit|Helping Hand|[of] p2a: Clefable\n|move|p1b: Starmie|Liquidation|p2a: Clefable\n|-damage|p2a: Clefable|0 fnt\n|faint|p2a: Clefable\n|move|p2b: Kingambit|Kowtow Cleave|p1a: Kommo-o\n|-supereffective|p1a: Kommo-o|1\n|-damage|p1a: Kommo-o|0 fnt\n|replace|p1a: Zoroark|Zoroark-Hisui, L50, M\n|-end|p1a: Zoroark|Illusion\n|faint|p1a: Zoroark\n|\n|upkeep\n|\n|t:|1776329150\n|switch|p1a: Farigiraf|Farigiraf, L50, M|100/100\n|turn|5\n|\n|t:|1776329159\n|move|p1b: Starmie|Liquidation|p2b: Kingambit\n|-damage|p2b: Kingambit|46/100\n|move|p2b: Kingambit|Kowtow Cleave|p1a: Farigiraf\n|-supereffective|p1a: Farigiraf|1\n|-damage|p1a: Farigiraf|0 fnt\n|faint|p1a: Farigiraf\n|\n|upkeep\n|\n|t:|1776329163\n|switch|p1a: Kommo-o|Kommo-o, L50, M|100/100\n|turn|6\n|\n|t:|1776329175\n|move|p2b: Kingambit|Sucker Punch|p1b: Starmie\n|-supereffective|p1b: Starmie|1\n|-damage|p1b: Starmie|0 fnt\n|faint|p1b: Starmie\n|move|p1a: Kommo-o|Aura Sphere|p2b: Kingambit\n|-supereffective|p2b: Kingambit|2\n|-damage|p2b: Kingambit|0 fnt\n|faint|p2b: Kingambit\n|\n|win|rgeee\n|raw|rgeee's rating: 1047 &rarr; <strong>1077</strong><br />(+30 for winning)\n|raw|causjsh's rating: 1013 &rarr; <strong>1002</strong><br />(-11 for losing)\n",
  "uploadtime": 1776329197,
  "views": 23,
  "formatid": "gen9championsvgc2026regma",
  "rating": 1002,
  "private": 0,
  "password": null
}