{
  "id": "gen9championsvgc2026regma-2583604734",
  "format": "[Gen 9 Champions] VGC 2026 Reg M-A",
  "players": [
    "Chillley",
    "Slayer2239"
  ],
  "log": "|j|\u2606Chillley\n|j|\u2606Slayer2239\n|t:|1776186046\n|gametype|doubles\n|player|p1|Chillley|rancher|1170\n|player|p2|Slayer2239|101|1253\n|gen|9\n|tier|[Gen 9 Champions] VGC 2026 Reg M-A\n|rated|\n|rule|Species Clause: Limit one of each Pok\u00e9mon\n|rule|Item Clause: Limit 1 of each item\n|clearpoke\n|poke|p1|Tyranitar, L50, M|\n|poke|p1|Excadrill, L50, F|\n|poke|p1|Sylveon, L50, F|\n|poke|p1|Sneasler, L50, F|\n|poke|p1|Heliolisk, L50, M|\n|poke|p1|Slowking-Galar, L50, F|\n|poke|p2|Torkoal, L50, M|\n|poke|p2|Tyranitar, L50, F|\n|poke|p2|Incineroar, L50, F|\n|poke|p2|Farigiraf, L50, M|\n|poke|p2|Sinistcha, L50|\n|poke|p2|Basculegion, L50, M|\n|teampreview|4\n|inactive|Battle timer is ON: inactive players will automatically lose when time's up. (requested by Slayer2239)\n|\n|t:|1776186076\n|teamsize|p1|4\n|teamsize|p2|4\n|start\n|switch|p1a: Sneasler|Sneasler, L50, F|100/100\n|switch|p1b: Sylveon|Sylveon, L50, F|100/100\n|switch|p2a: Incineroar|Incineroar, L50, F|100/100\n|switch|p2b: Basculegion|Basculegion, L50, M|100/100\n|-ability|p2a: Incineroar|Intimidate|boost\n|-unboost|p1a: Sneasler|atk|1\n|-unboost|p1b: Sylveon|atk|1\n|-enditem|p1a: Sneasler|White Herb\n|-clearnegativeboost|p1a: Sneasler|[silent]\n|turn|1\n|inactive|Chillley has 30 seconds left.\n|inactive|Slayer2239 has 30 seconds left.\n|inactive|Slayer2239 has 20 seconds left.\n|\n|t:|1776186114\n|move|p1a: Sneasler|Fake Out|p2a: Incineroar\n|-crit|p2a: Incineroar\n|-damage|p2a: Incineroar|81/100\n|cant|p2a: Incineroar|flinch\n|move|p2b: Basculegion|Wave Crash|p1a: Sneasler\n|-damage|p1a: Sneasler|0 fnt\n|faint|p1a: Sneasler\n|-damage|p2b: Basculegion|74/100|[from] Recoil\n|move|p1b: Sylveon|Hyper Voice|p2b: Basculegion|[spread] p2a,p2b\n|-damage|p2a: Incineroar|41/100\n|-damage|p2b: Basculegion|28/100\n|-enditem|p2a: Incineroar|Sitrus Berry|[eat]\n|-heal|p2a: Incineroar|66/100|[from] item: Sitrus Berry\n|\n|upkeep\n|\n|t:|1776186124\n|switch|p1a: Heliolisk|Heliolisk, L50, M|100/100\n|turn|2\n|\n|t:|1776186147\n|move|p1b: Sylveon|Protect|p1b: Sylveon\n|-singleturn|p1b: Sylveon|Protect\n|move|p2b: Basculegion|Wave Crash|p1b: Sylveon\n|-activate|p1b: Sylveon|move: Protect\n|move|p1a: Heliolisk|Volt Switch|p2b: Basculegion\n|-supereffective|p2b: Basculegion|1\n|-damage|p2b: Basculegion|0 fnt\n|faint|p2b: Basculegion\n|\n|t:|1776186156\n|switch|p1a: Tyranitar|Tyranitar, L50, M|100/100|[from] Volt Switch\n|-weather|Sandstorm|[from] ability: Sand Stream|[of] p1a: Tyranitar\n|move|p2a: Incineroar|Flare Blitz|p1b: Sylveon\n|-activate|p1b: Sylveon|move: Protect\n|\n|-weather|Sandstorm|[upkeep]\n|-damage|p2a: Incineroar|60/100|[from] Sandstorm\n|-damage|p1b: Sylveon|95/100|[from] Sandstorm\n|upkeep\n|\n|t:|1776186161\n|switch|p2b: Tyranitar|Tyranitar, L50, F|100/100\n|turn|3\n|c|\u2606Chillley|damn\n|\n|t:|1776186172\n|detailschange|p2b: Tyranitar|Tyranitar-Mega, L50, F\n|-mega|p2b: Tyranitar|Tyranitar|Tyranitarite\n|move|p1a: Tyranitar|Protect|p1a: Tyranitar\n|-singleturn|p1a: Tyranitar|Protect\n|move|p2b: Tyranitar|Dragon Dance|p2b: Tyranitar\n|-boost|p2b: Tyranitar|atk|1\n|-boost|p2b: Tyranitar|spe|1\n|move|p2a: Incineroar|Parting Shot|p1a: Tyranitar\n|-activate|p1a: Tyranitar|move: Protect\n|move|p1b: Sylveon|Hyper Voice|p2b: Tyranitar|[spread] p2a,p2b\n|-supereffective|p2b: Tyranitar|1\n|-damage|p2a: Incineroar|24/100\n|-damage|p2b: Tyranitar|60/100\n|\n|-weather|Sandstorm|[upkeep]\n|-damage|p2a: Incineroar|18/100|[from] Sandstorm\n|-damage|p1b: Sylveon|89/100|[from] Sandstorm\n|upkeep\n|turn|4\n|inactive|Chillley has 30 seconds left.\n|\n|t:|1776186207\n|detailschange|p1a: Tyranitar|Tyranitar-Mega, L50, M\n|-mega|p1a: Tyranitar|Tyranitar|Tyranitarite\n|move|p1b: Sylveon|Protect|p1b: Sylveon\n|-singleturn|p1b: Sylveon|Protect\n|move|p2b: Tyranitar|Rock Slide|p1b: Sylveon|[spread] p1a\n|-activate|p1b: Sylveon|move: Protect\n|-damage|p1a: Tyranitar|68/100\n|move|p1a: Tyranitar|Low Kick|p2b: Tyranitar\n|-supereffective|p2b: Tyranitar|2\n|-damage|p2b: Tyranitar|0 fnt\n|faint|p2b: Tyranitar\n|move|p2a: Incineroar|Flare Blitz|p1b: Sylveon\n|-activate|p1b: Sylveon|move: Protect\n|\n|-weather|Sandstorm|[upkeep]\n|-damage|p2a: Incineroar|12/100|[from] Sandstorm\n|-damage|p1b: Sylveon|83/100|[from] Sandstorm\n|upkeep\n|\n|t:|1776186219\n|switch|p2b: Torkoal|Torkoal, L50, M|100/100\n|-weather|SunnyDay|[from] ability: Drought|[of] p2b: Torkoal\n|turn|5\n|\n|t:|1776186236\n|move|p1a: Tyranitar|Rock Slide|p2a: Incineroar|[spread] p2a,p2b\n|-supereffective|p2a: Incineroar|1\n|-supereffective|p2b: Torkoal|1\n|-damage|p2a: Incineroar|0 fnt\n|-damage|p2b: Torkoal|45/100\n|faint|p2a: Incineroar\n|move|p1b: Sylveon|Mystical Fire|p2b: Torkoal\n|-resisted|p2b: Torkoal|1\n|-damage|p2b: Torkoal|21/100\n|-unboost|p2b: Torkoal|spa|1\n|move|p2b: Torkoal|Earth Power|p1a: Tyranitar\n|-supereffective|p1a: Tyranitar|1\n|-damage|p1a: Tyranitar|41/100\n|\n|-weather|SunnyDay|[upkeep]\n|upkeep\n|turn|6\n|\n|t:|1776186248\n|switch|p1b: Heliolisk|Heliolisk, L50, M|100/100\n|move|p1a: Tyranitar|Knock Off|p2b: Torkoal\n|-damage|p2b: Torkoal|0 fnt\n|-enditem|p2b: Torkoal|Charcoal|[from] move: Knock Off|[of] p1a: Tyranitar\n|faint|p2b: Torkoal\n|\n|win|Chillley\n|raw|Chillley's rating: 1170 &rarr; <strong>1201</strong><br />(+31 for winning)\n|raw|Slayer2239's rating: 1253 &rarr; <strong>1222</strong><br />(-31 for losing)\n|l|\u2606Slayer2239\n|player|p2|\n|c|\u2606Chillley|ggs\n",
  "uploadtime": 1776186275,
  "views": 24,
  "formatid": "gen9championsvgc2026regma",
  "rating": 1201,
  "private": 0,
  "password": null
}