{
  "id": "gen9championsvgc2026regma-2582118383",
  "format": "[Gen 9 Champions] VGC 2026 Reg M-A",
  "players": [
    "gardenboi",
    "Novicebest"
  ],
  "log": "|j|\u2606gardenboi\n|j|\u2606Novicebest\n|t:|1776060264\n|gametype|doubles\n|player|p1|gardenboi|bugcatcher-gen4dp|1163\n|player|p2|Novicebest|dawn|1260\n|gen|9\n|tier|[Gen 9 Champions] VGC 2026 Reg M-A\n|rated|\n|rule|Species Clause: Limit one of each Pok\u00e9mon\n|rule|Item Clause: Limit 1 of each item\n|clearpoke\n|poke|p1|Froslass, L50, F|\n|poke|p1|Oranguru, L50, F|\n|poke|p1|Garchomp, L50, M|\n|poke|p1|Conkeldurr, L50, M|\n|poke|p1|Rotom-Wash, L50|\n|poke|p1|Aerodactyl, L50, F|\n|poke|p2|Charizard, L50, M|\n|poke|p2|Whimsicott, L50, F|\n|poke|p2|Farigiraf, L50, F|\n|poke|p2|Sneasler, L50, F|\n|poke|p2|Rotom-Wash, L50|\n|poke|p2|Incineroar, L50, F|\n|teampreview|4\n|inactive|Battle timer is ON: inactive players will automatically lose when time's up. (requested by Novicebest)\n|\n|t:|1776060299\n|teamsize|p1|4\n|teamsize|p2|4\n|start\n|switch|p1a: Rotom|Rotom-Wash, L50|100/100\n|switch|p1b: Aerodactyl|Aerodactyl, L50, F|100/100\n|switch|p2a: Rotom|Rotom-Wash, L50|100/100\n|switch|p2b: Farigiraf|Farigiraf, L50, F|100/100\n|-ability|p1b: Aerodactyl|Unnerve\n|turn|1\n|\n|t:|1776060324\n|switch|p1b: Garchomp|Garchomp, L50, M|100/100\n|move|p2a: Rotom|Protect|p2a: Rotom\n|-singleturn|p2a: Rotom|Protect\n|move|p1a: Rotom|Volt Switch|p2b: Farigiraf\n|-damage|p2b: Farigiraf|71/100\n|\n|t:|1776060332\n|switch|p1a: Froslass|Froslass, L50, F|100/100|[from] Volt Switch\n|move|p2b: Farigiraf|Hyper Voice|p1a: Froslass|[spread] p1b\n|-immune|p1a: Froslass\n|-damage|p1b: Garchomp|66/100\n|\n|upkeep\n|turn|2\n|\n|t:|1776060351\n|detailschange|p1a: Froslass|Froslass-Mega, L50, F\n|-mega|p1a: Froslass|Froslass|Froslassite\n|-weather|Snowscape|[from] ability: Snow Warning|[of] p1a: Froslass\n|move|p1a: Froslass|Blizzard|p2b: Farigiraf|[spread] p2a,p2b\n|-resisted|p2a: Rotom|1\n|-damage|p2a: Rotom|83/100\n|-damage|p2b: Farigiraf|35/100\n|-status|p2a: Rotom|frz\n|move|p1b: Garchomp|Stomping Tantrum|p2b: Farigiraf\n|-damage|p2b: Farigiraf|0 fnt\n|faint|p2b: Farigiraf\n|cant|p2a: Rotom|frz\n|\n|-weather|Snowscape|[upkeep]\n|-heal|p2a: Rotom|89/100 frz|[from] item: Leftovers\n|upkeep\n|\n|t:|1776060367\n|switch|p2b: Charizard|Charizard, L50, M|100/100\n|turn|3\n|\n|t:|1776060387\n|switch|p1a: Aerodactyl|Aerodactyl, L50, F|100/100\n|-ability|p1a: Aerodactyl|Unnerve\n|switch|p2a: Incineroar|Incineroar, L50, F|100/100\n|-ability|p2a: Incineroar|Intimidate|boost\n|-unboost|p1a: Aerodactyl|atk|1\n|-unboost|p1b: Garchomp|atk|1\n|detailschange|p2b: Charizard|Charizard-Mega-Y, L50, M\n|-mega|p2b: Charizard|Charizard|Charizardite Y\n|-weather|SunnyDay|[from] ability: Drought|[of] p2b: Charizard\n|move|p1b: Garchomp|Dragon Claw|p2b: Charizard\n|-damage|p2b: Charizard|69/100\n|move|p2b: Charizard|Heat Wave|p1a: Aerodactyl|[spread] p1a,p1b\n|-resisted|p1a: Aerodactyl|1\n|-resisted|p1b: Garchomp|1\n|-damage|p1a: Aerodactyl|53/100\n|-damage|p1b: Garchomp|31/100\n|\n|-weather|SunnyDay|[upkeep]\n|upkeep\n|turn|4\n|inactive|Novicebest has 30 seconds left.\n|\n|t:|1776060417\n|move|p1a: Aerodactyl|Protect|p1a: Aerodactyl\n|-singleturn|p1a: Aerodactyl|Protect\n|move|p1b: Garchomp|Protect|p1b: Garchomp\n|-singleturn|p1b: Garchomp|Protect\n|move|p2a: Incineroar|Fake Out|p1a: Aerodactyl\n|-activate|p1a: Aerodactyl|move: Protect\n|move|p2b: Charizard|Heat Wave|p1a: Aerodactyl|[spread] \n|-activate|p1a: Aerodactyl|move: Protect\n|-activate|p1b: Garchomp|move: Protect\n|\n|-weather|SunnyDay|[upkeep]\n|upkeep\n|turn|5\n|\n|t:|1776060432\n|switch|p1b: Rotom|Rotom-Wash, L50|100/100\n|switch|p2b: Rotom|Rotom-Wash, L50|89/100 frz\n|move|p1a: Aerodactyl|Tailwind|p1a: Aerodactyl\n|-sidestart|p1: gardenboi|move: Tailwind\n|move|p2a: Incineroar|Throat Chop|p1b: Rotom\n|-damage|p1b: Rotom|66/100\n|-start|p1b: Rotom|Throat Chop|[silent]\n|\n|-weather|SunnyDay|[upkeep]\n|-heal|p2b: Rotom|95/100 frz|[from] item: Leftovers\n|upkeep\n|turn|6\n|inactive|gardenboi has 30 seconds left.\n|\n|t:|1776060459\n|switch|p1a: Garchomp|Garchomp, L50, M|31/100\n|move|p1b: Rotom|Electroweb|p2b: Rotom|[spread] p2a,p2b\n|-damage|p2a: Incineroar|86/100\n|-damage|p2b: Rotom|79/100 frz\n|-unboost|p2a: Incineroar|spe|1\n|-unboost|p2b: Rotom|spe|1\n|cant|p2b: Rotom|frz\n|move|p2a: Incineroar|Parting Shot|p1b: Rotom\n|-unboost|p1b: Rotom|atk|1\n|-unboost|p1b: Rotom|spa|1\n|\n|t:|1776060471\n|switch|p2a: Charizard|Charizard-Mega-Y, L50, M|69/100|[from] Parting Shot\n|\n|-weather|SunnyDay|[upkeep]\n|-heal|p2b: Rotom|85/100 frz|[from] item: Leftovers\n|-end|p1b: Rotom|Throat Chop|[silent]\n|upkeep\n|turn|7\n|\n|t:|1776060488\n|move|p2a: Charizard|Protect|p2a: Charizard\n|-singleturn|p2a: Charizard|Protect\n|move|p1a: Garchomp|Earthquake|p2b: Rotom|[spread] \n|-activate|p2a: Charizard|move: Protect\n|-immune|p1b: Rotom|[from] ability: Levitate\n|-immune|p2b: Rotom|[from] ability: Levitate\n|move|p1b: Rotom|Electroweb|p2a: Charizard|[spread] p2b\n|-activate|p2a: Charizard|move: Protect\n|-damage|p2b: Rotom|73/100 frz\n|-unboost|p2b: Rotom|spe|1\n|-curestatus|p2b: Rotom|frz|[msg]\n|move|p2b: Rotom|Nasty Plot|p2b: Rotom\n|-boost|p2b: Rotom|spa|2\n|\n|-weather|none\n|-heal|p2b: Rotom|79/100|[from] item: Leftovers\n|upkeep\n|turn|8\n|inactive|gardenboi has 30 seconds left.\n|inactive|gardenboi has 20 seconds left.\n|\n|t:|1776060524\n|switch|p2a: Incineroar|Incineroar, L50, F|86/100\n|-ability|p2a: Incineroar|Intimidate|boost\n|-unboost|p1a: Garchomp|atk|1\n|-unboost|p1b: Rotom|atk|1\n|move|p1b: Rotom|Helping Hand|p1a: Garchomp\n|-singleturn|p1a: Garchomp|Helping Hand|[of] p1b: Rotom\n|move|p1a: Garchomp|Stomping Tantrum|p2a: Incineroar\n|-supereffective|p2a: Incineroar|1\n|-damage|p2a: Incineroar|0 fnt\n|faint|p2a: Incineroar\n|move|p2b: Rotom|Thunderbolt|p1b: Rotom\n|-crit|p1b: Rotom\n|-damage|p1b: Rotom|0 fnt\n|faint|p1b: Rotom\n|\n|-heal|p2b: Rotom|85/100|[from] item: Leftovers\n|-sideend|p1: gardenboi|move: Tailwind\n|upkeep\n|\n|t:|1776060542\n|switch|p1b: Aerodactyl|Aerodactyl, L50, F|53/100\n|switch|p2a: Charizard|Charizard-Mega-Y, L50, M|69/100\n|-ability|p1b: Aerodactyl|Unnerve\n|-weather|SunnyDay|[from] ability: Drought|[of] p2a: Charizard\n|turn|9\n|inactive|gardenboi has 30 seconds left.\n|\n|t:|1776060570\n|move|p2a: Charizard|Protect|p2a: Charizard\n|-singleturn|p2a: Charizard|Protect\n|move|p1b: Aerodactyl|Rock Slide|p2b: Rotom|[spread] p2b\n|-activate|p2a: Charizard|move: Protect\n|-damage|p2b: Rotom|59/100\n|move|p1a: Garchomp|Dragon Claw|p2b: Rotom\n|-damage|p2b: Rotom|34/100\n|cant|p2b: Rotom|flinch\n|\n|-weather|SunnyDay|[upkeep]\n|-heal|p2b: Rotom|40/100|[from] item: Leftovers\n|upkeep\n|turn|10\n|\n|t:|1776060589\n|move|p1b: Aerodactyl|Rock Slide|p2a: Charizard|[spread] p2a,p2b\n|-supereffective|p2a: Charizard|2\n|-crit|p2b: Rotom\n|-damage|p2a: Charizard|0 fnt\n|-damage|p2b: Rotom|0 fnt\n|faint|p2a: Charizard\n|faint|p2b: Rotom\n|\n|win|gardenboi\n|raw|gardenboi's rating: 1163 &rarr; <strong>1195</strong><br />(+32 for winning)\n|raw|Novicebest's rating: 1260 &rarr; <strong>1228</strong><br />(-32 for losing)\n",
  "uploadtime": 1776060593,
  "views": 19,
  "formatid": "gen9championsvgc2026regma",
  "rating": 1195,
  "private": 0,
  "password": null
}