{
  "id": "gen9championsvgc2026regma-2588067170",
  "format": "[Gen 9 Champions] VGC 2026 Reg M-A",
  "players": [
    "Teddy_pogo",
    "yuriimon"
  ],
  "log": "|j|\u2606Teddy_pogo\n|j|\u2606yuriimon\n|t:|1776600349\n|gametype|doubles\n|player|p1|Teddy_pogo|102|1112\n|player|p2|yuriimon|waitress-gen4|1144\n|gen|9\n|tier|[Gen 9 Champions] VGC 2026 Reg M-A\n|rated|\n|rule|Species Clause: Limit one of each Pok\u00e9mon\n|rule|Item Clause: Limit 1 of each item\n|clearpoke\n|poke|p1|Froslass, L50, F, shiny|\n|poke|p1|Orthworm, L50, F, shiny|\n|poke|p1|Tauros-Paldea-Aqua, L50, M, shiny|\n|poke|p1|Garchomp, L50, F, shiny|\n|poke|p1|Espathra, L50, F, shiny|\n|poke|p1|Rotom-Frost, L50, shiny|\n|poke|p2|Glimmora, L50, F|\n|poke|p2|Incineroar, L50, M|\n|poke|p2|Politoed, L50, M|\n|poke|p2|Basculegion, L50, M|\n|poke|p2|Chesnaught, L50, F|\n|poke|p2|Dragapult, L50, F|\n|teampreview|4\n|inactive|Battle timer is ON: inactive players will automatically lose when time's up. (requested by yuriimon)\n|\n|t:|1776600374\n|teamsize|p1|4\n|teamsize|p2|4\n|start\n|switch|p1a: Orthworm|Orthworm, L50, F, shiny|100/100\n|switch|p1b: Garchomp|Garchomp, L50, F, shiny|100/100\n|switch|p2a: Chesnaught|Chesnaught, L50, F|100/100\n|switch|p2b: Dragapult|Dragapult, L50, F|100/100\n|turn|1\n|c|\u2606Teddy_pogo|Good luckk\n|c|\u2606yuriimon|u2\n|\n|t:|1776600395\n|detailschange|p2a: Chesnaught|Chesnaught-Mega, L50, F\n|-mega|p2a: Chesnaught|Chesnaught|Chesnaughtite\n|move|p1b: Garchomp|Earthquake|p2a: Chesnaught|[spread] p2a,p2b\n|-immune|p1a: Orthworm|[from] ability: Earth Eater\n|-resisted|p2a: Chesnaught|1\n|-damage|p2a: Chesnaught|90/100\n|-damage|p2b: Dragapult|43/100\n|move|p2b: Dragapult|Will-O-Wisp|p1b: Garchomp|[miss]\n|-miss|p2b: Dragapult|p1b: Garchomp\n|move|p1a: Orthworm|Shed Tail|p1a: Orthworm\n|-start|p1a: Orthworm|Substitute|[from] move: Shed Tail\n|-damage|p1a: Orthworm|50/100\n|\n|t:|1776600405\n|switch|p1a: Froslass|Froslass, L50, F, shiny|100/100|[from] Shed Tail\n|move|p2a: Chesnaught|Iron Defense|p2a: Chesnaught\n|-boost|p2a: Chesnaught|def|2\n|\n|upkeep\n|turn|2\n|\n|t:|1776600416\n|detailschange|p1a: Froslass|Froslass-Mega, L50, F, shiny\n|-mega|p1a: Froslass|Froslass|Froslassite\n|-weather|Snowscape|[from] ability: Snow Warning|[of] p1a: Froslass\n|move|p2a: Chesnaught|Protect|p2a: Chesnaught\n|-singleturn|p2a: Chesnaught|Protect\n|move|p1b: Garchomp|Earthquake|p2a: Chesnaught|[spread] p1a,p2b\n|-activate|p2a: Chesnaught|move: Protect\n|-end|p1a: Froslass|Substitute\n|-damage|p2b: Dragapult|0 fnt\n|faint|p2b: Dragapult\n|move|p1a: Froslass|Blizzard|p2a: Chesnaught\n|-activate|p2a: Chesnaught|move: Protect\n|\n|-weather|Snowscape|[upkeep]\n|upkeep\n|\n|t:|1776600429\n|switch|p2b: Basculegion|Basculegion, L50, M|100/100\n|turn|3\n|\n|t:|1776600441\n|switch|p1b: Rotom|Rotom-Frost, L50, shiny|100/100\n|switch|p2a: Politoed|Politoed, L50, M|100/100\n|-weather|RainDance|[from] ability: Drizzle|[of] p2a: Politoed\n|move|p2b: Basculegion|Last Respects|p1a: Froslass\n|-supereffective|p1a: Froslass|1\n|-damage|p1a: Froslass|0 fnt\n|faint|p1a: Froslass\n|\n|-weather|RainDance|[upkeep]\n|upkeep\n|c|\u2606Teddy_pogo|ERMM\n|\n|t:|1776600455\n|switch|p1a: Garchomp|Garchomp, L50, F, shiny|100/100\n|turn|4\n|\n|t:|1776600470\n|move|p2b: Basculegion|Wave Crash|p1b: Rotom\n|-damage|p1b: Rotom|16/100\n|-enditem|p1b: Rotom|Sitrus Berry|[eat]\n|-heal|p1b: Rotom|41/100|[from] item: Sitrus Berry\n|-damage|p2b: Basculegion|78/100|[from] Recoil\n|move|p1a: Garchomp|Earthquake|p2a: Politoed|[spread] p2a,p2b\n|-immune|p1b: Rotom|[from] ability: Levitate\n|-damage|p2a: Politoed|68/100\n|-damage|p2b: Basculegion|26/100\n|move|p1b: Rotom|Thunderbolt|p2b: Basculegion\n|-supereffective|p2b: Basculegion|1\n|-damage|p2b: Basculegion|0 fnt\n|faint|p2b: Basculegion\n|move|p2a: Politoed|Weather Ball|p1a: Garchomp\n|-damage|p1a: Garchomp|43/100\n|\n|-weather|RainDance|[upkeep]\n|upkeep\n|\n|t:|1776600481\n|switch|p2b: Chesnaught|Chesnaught-Mega, L50, F|90/100\n|turn|5\n|c|\u2606Teddy_pogo|GET THAT THING OUT OF HERE\n|\n|t:|1776600490\n|move|p2a: Politoed|Protect|p2a: Politoed\n|-singleturn|p2a: Politoed|Protect\n|move|p1a: Garchomp|Earthquake|p2b: Chesnaught|[spread] p2b\n|-activate|p2a: Politoed|move: Protect\n|-immune|p1b: Rotom|[from] ability: Levitate\n|-resisted|p2b: Chesnaught|1\n|-damage|p2b: Chesnaught|79/100\n|move|p1b: Rotom|Blizzard|p2b: Chesnaught|[spread] \n|-activate|p2a: Politoed|move: Protect\n|-miss|p1b: Rotom|p2b: Chesnaught\n|move|p2b: Chesnaught|Iron Defense|p2b: Chesnaught\n|-boost|p2b: Chesnaught|def|2\n|\n|-weather|RainDance|[upkeep]\n|upkeep\n|turn|6\n|\n|t:|1776600508\n|move|p2b: Chesnaught|Protect|p2b: Chesnaught\n|-singleturn|p2b: Chesnaught|Protect\n|move|p1a: Garchomp|Earthquake|p2a: Politoed|[spread] p2a\n|-activate|p2b: Chesnaught|move: Protect\n|-immune|p1b: Rotom|[from] ability: Levitate\n|-damage|p2a: Politoed|31/100\n|move|p1b: Rotom|Thunderbolt|p2a: Politoed\n|-supereffective|p2a: Politoed|1\n|-enditem|p2a: Politoed|Wacan Berry|[eat]\n|-enditem|p2a: Politoed|Wacan Berry|[weaken]\n|-damage|p2a: Politoed|3/100\n|move|p2a: Politoed|Weather Ball|p1b: Rotom\n|-damage|p1b: Rotom|0 fnt\n|faint|p1b: Rotom\n|\n|-weather|RainDance|[upkeep]\n|upkeep\n|\n|t:|1776600522\n|switch|p1b: Orthworm|Orthworm, L50, F, shiny|50/100\n|turn|7\n|\n|t:|1776600535\n|move|p2a: Politoed|Protect|p2a: Politoed\n|-singleturn|p2a: Politoed|Protect\n|move|p1a: Garchomp|Earthquake|p2a: Politoed|[spread] p2b\n|-activate|p2a: Politoed|move: Protect\n|-heal|p1b: Orthworm|75/100|[from] ability: Earth Eater|[of] p1a: Garchomp\n|-resisted|p2b: Chesnaught|1\n|-crit|p2b: Chesnaught\n|-damage|p2b: Chesnaught|64/100\n|move|p1b: Orthworm|Iron Defense|p1b: Orthworm\n|-boost|p1b: Orthworm|def|2\n|move|p2b: Chesnaught|Body Press|p1a: Garchomp\n|-damage|p1a: Garchomp|0 fnt\n|-damage|p2b: Chesnaught|51/100|[from] ability: Rough Skin|[of] p1a: Garchomp\n|faint|p1a: Garchomp\n|\n|-weather|none\n|-heal|p1b: Orthworm|81/100|[from] item: Leftovers\n|upkeep\n|turn|8\n|\n|t:|1776600556\n|move|p2a: Politoed|Helping Hand|p2b: Chesnaught\n|-singleturn|p2b: Chesnaught|Helping Hand|[of] p2a: Politoed\n|move|p1b: Orthworm|Body Press|p2b: Chesnaught\n|-damage|p2b: Chesnaught|32/100\n|move|p2b: Chesnaught|Body Press|p1b: Orthworm\n|-supereffective|p1b: Orthworm|1\n|-damage|p1b: Orthworm|0 fnt\n|faint|p1b: Orthworm\n|\n|win|yuriimon\n|raw|Teddy_pogo's rating: 1112 &rarr; <strong>1089</strong><br />(-23 for losing)\n|raw|yuriimon's rating: 1144 &rarr; <strong>1167</strong><br />(+23 for winning)\n|l|\u2606Teddy_pogo\n|player|p1|\n|c|\u2606yuriimon|ggwp\n",
  "uploadtime": 1776600567,
  "views": 8,
  "formatid": "gen9championsvgc2026regma",
  "rating": 1089,
  "private": 0,
  "password": null
}