{
  "id": "gen9championsvgc2026regma-2585060182",
  "format": "[Gen 9 Champions] VGC 2026 Reg M-A",
  "players": [
    "HornetXxPvP",
    "cloudyday1222"
  ],
  "log": "|j|\u2606HornetXxPvP\n|j|\u2606cloudyday1222\n|t:|1776307715\n|gametype|doubles\n|player|p1|HornetXxPvP|bellelba|1006\n|player|p2|cloudyday1222|169|1103\n|gen|9\n|tier|[Gen 9 Champions] VGC 2026 Reg M-A\n|rated|\n|rule|Species Clause: Limit one of each Pok\u00e9mon\n|rule|Item Clause: Limit 1 of each item\n|clearpoke\n|poke|p1|Delphox, L50, M|\n|poke|p1|Rotom-Wash, L50|\n|poke|p1|Incineroar, L50, F|\n|poke|p1|Corviknight, L50, F|\n|poke|p1|Sneasler, L50, M|\n|poke|p1|Hatterene, L50, F|\n|poke|p2|Emboar, L50, M|\n|poke|p2|Krookodile, L50, F|\n|poke|p2|Tsareena, L50, F|\n|poke|p2|Talonflame, L50, M|\n|poke|p2|Kangaskhan, L50, F|\n|poke|p2|Rotom-Wash, L50|\n|teampreview|4\n|inactive|Battle timer is ON: inactive players will automatically lose when time's up. (requested by cloudyday1222)\ncloudyday1222 rejected open team sheets.\n|\n|t:|1776307735\n|teamsize|p1|4\n|teamsize|p2|4\n|start\n|switch|p1a: Corviknight|Corviknight, L50, F|100/100\n|switch|p1b: Sneasler|Sneasler, L50, M|100/100\n|switch|p2a: Emboar|Emboar, L50, M|100/100\n|switch|p2b: Talonflame|Talonflame, L50, M|100/100\n|turn|1\n|\n|t:|1776307749\n|switch|p2b: Tsareena|Tsareena, L50, F|100/100\n|detailschange|p2a: Emboar|Emboar-Mega, L50, M\n|-mega|p2a: Emboar|Emboar|Emboarite\n|-ability|p2a: Emboar|Mold Breaker\n|move|p1b: Sneasler|Fake Out||[still]\n|cant|p2b: Tsareena|ability: Queenly Majesty|Fake Out|[of] p1b: Sneasler\n|move|p2a: Emboar|Flare Blitz|p1a: Corviknight\n|-supereffective|p1a: Corviknight|1\n|-damage|p1a: Corviknight|11/100\n|-damage|p2a: Emboar|75/100|[from] Recoil\n|move|p1a: Corviknight|Tailwind|p1a: Corviknight\n|-sidestart|p1: HornetXxPvP|move: Tailwind\n|\n|-heal|p1a: Corviknight|17/100|[from] item: Leftovers\n|upkeep\n|turn|2\n|inactive|HornetXxPvP has 30 seconds left.\n|inactive|cloudyday1222 has 30 seconds left.\n|\n|t:|1776307781\n|switch|p1a: Delphox|Delphox, L50, M|100/100\n|move|p1b: Sneasler|Dire Claw|p2b: Tsareena\n|-supereffective|p2b: Tsareena|1\n|-enditem|p2b: Tsareena|Focus Sash\n|-damage|p2b: Tsareena|1/100\n|move|p2b: Tsareena|Triple Axel|p1b: Sneasler\n|-damage|p1b: Sneasler|90/100\n|-crit|p1b: Sneasler\n|-damage|p1b: Sneasler|55/100\n|-damage|p1b: Sneasler|22/100\n|-hitcount|p1b: Sneasler|3\n|move|p2a: Emboar|Flare Blitz|p1b: Sneasler\n|-damage|p1b: Sneasler|0 fnt\n|faint|p1b: Sneasler\n|-damage|p2a: Emboar|70/100|[from] Recoil\n|\n|upkeep\n|\n|t:|1776307798\n|switch|p1b: Rotom|Rotom-Wash, L50|100/100\n|turn|3\n|\n|t:|1776307814\n|switch|p2a: Krookodile|Krookodile, L50, F|100/100\n|-ability|p2a: Krookodile|Intimidate|boost\n|-unboost|p1a: Delphox|atk|1\n|-unboost|p1b: Rotom|atk|1\n|detailschange|p1a: Delphox|Delphox-Mega, L50, M\n|-mega|p1a: Delphox|Delphox|Delphoxite\n|move|p2b: Tsareena|Protect|p2b: Tsareena\n|-singleturn|p2b: Tsareena|Protect\n|move|p1a: Delphox|Psychic|p2a: Krookodile\n|-immune|p2a: Krookodile\n|move|p1b: Rotom|Thunderbolt|p2b: Tsareena\n|-activate|p2b: Tsareena|move: Protect\n|\n|upkeep\n|turn|4\n|\n|t:|1776307831\n|move|p1a: Delphox|Heat Wave|p2b: Tsareena|[spread] p2a,p2b\n|-supereffective|p2b: Tsareena|1\n|-damage|p2a: Krookodile|41/100\n|-damage|p2b: Tsareena|0 fnt\n|faint|p2b: Tsareena\n|move|p2a: Krookodile|Rock Slide|p1b: Rotom|[spread] p1b\n|-miss|p2a: Krookodile|p1a: Delphox\n|-damage|p1b: Rotom|82/100\n|move|p1b: Rotom|Hydro Pump|p2a: Krookodile\n|-supereffective|p2a: Krookodile|1\n|-damage|p2a: Krookodile|0 fnt\n|faint|p2a: Krookodile\n|\n|-sideend|p1: HornetXxPvP|move: Tailwind\n|upkeep\n|\n|t:|1776307838\n|switch|p2a: Emboar|Emboar-Mega, L50, M|70/100\n|switch|p2b: Talonflame|Talonflame, L50, M|100/100\n|-ability|p2a: Emboar|Mold Breaker\n|turn|5\n|\n|t:|1776307856\n|move|p2b: Talonflame|Tailwind|p2b: Talonflame\n|-sidestart|p2: cloudyday1222|move: Tailwind\n|move|p2a: Emboar|Rock Slide|p1a: Delphox|[spread] p1a,p1b\n|-supereffective|p1a: Delphox|1\n|-damage|p1a: Delphox|32/100\n|-damage|p1b: Rotom|62/100\n|move|p1a: Delphox|Psychic|p2a: Emboar\n|-supereffective|p2a: Emboar|1\n|-damage|p2a: Emboar|0 fnt\n|faint|p2a: Emboar\n|cant|p1b: Rotom|flinch\n|\n|upkeep\n|turn|6\n|\n|t:|1776307870\n|move|p1a: Delphox|Protect|p1a: Delphox\n|-singleturn|p1a: Delphox|Protect\n|move|p2b: Talonflame|Acrobatics|p1b: Rotom\n|-resisted|p1b: Rotom|1\n|-damage|p1b: Rotom|41/100\n|move|p1b: Rotom|Hydro Pump|p2b: Talonflame\n|-supereffective|p2b: Talonflame|1\n|-damage|p2b: Talonflame|0 fnt\n|faint|p2b: Talonflame\n|\n|win|HornetXxPvP\n|raw|HornetXxPvP's rating: 1006 &rarr; <strong>1056</strong><br />(+50 for winning)\n|raw|cloudyday1222's rating: 1103 &rarr; <strong>1071</strong><br />(-32 for losing)\n|l|\u2606cloudyday1222\n|player|p2|\n",
  "uploadtime": 1776307881,
  "views": 39,
  "formatid": "gen9championsvgc2026regma",
  "rating": 1056,
  "private": 0,
  "password": null
}