{
  "id": "gen9championsvgc2026regma-2584455337",
  "format": "[Gen 9 Champions] VGC 2026 Reg M-A",
  "players": [
    "Chocokoala VGC",
    "Elm22"
  ],
  "log": "|j|\u2606Chocokoala VGC\n|j|\u2606Elm22\n|t:|1776262058\n|gametype|doubles\n|player|p1|Chocokoala VGC|aaron|1000\n|player|p2|Elm22|2|1076\n|gen|9\n|tier|[Gen 9 Champions] VGC 2026 Reg M-A\n|rated|\n|rule|Species Clause: Limit one of each Pok\u00e9mon\n|rule|Item Clause: Limit 1 of each item\n|clearpoke\n|poke|p1|Glimmora, L50, F|\n|poke|p1|Whimsicott, L50, M|\n|poke|p1|Aegislash, L50, M|\n|poke|p1|Hydreigon, L50, M|\n|poke|p1|Pikachu, L50, M|\n|poke|p1|Sableye, L50, F|\n|poke|p2|Lucario, L50, F|\n|poke|p2|Aerodactyl, L50, M|\n|poke|p2|Incineroar, L50, M|\n|poke|p2|Rotom-Wash, L50|\n|poke|p2|Sinistcha, L50|\n|poke|p2|Garchomp, L50, F|\n|teampreview|4\n|inactive|Battle timer is ON: inactive players will automatically lose when time's up. (requested by Chocokoala VGC)\n|inactive|Elm22 has 60 seconds left.\n|c|\u2606Chocokoala VGC|glhf\n|inactive|Elm22 has 30 seconds left.\n|\n|t:|1776262120\n|teamsize|p1|4\n|teamsize|p2|4\n|start\n|switch|p1a: Whimsicott|Whimsicott, L50, M|100/100\n|switch|p1b: Glimmora|Glimmora, L50, F|100/100\n|switch|p2a: Aerodactyl|Aerodactyl, L50, M|100/100\n|switch|p2b: Garchomp|Garchomp, L50, F|100/100\n|-ability|p2a: Aerodactyl|Unnerve\n|turn|1\n|\n|t:|1776262135\n|switch|p1b: Hydreigon|Hydreigon, L50, M|100/100\n|move|p1a: Whimsicott|Tailwind|p1a: Whimsicott\n|-sidestart|p1: Chocokoala VGC|move: Tailwind\n|move|p2a: Aerodactyl|Tailwind|p2a: Aerodactyl\n|-sidestart|p2: Elm22|move: Tailwind\n|move|p2b: Garchomp|Earthquake|p1a: Whimsicott|[spread] p1a\n|-immune|p2a: Aerodactyl\n|-immune|p1b: Hydreigon|[from] ability: Levitate\n|-resisted|p1a: Whimsicott|1\n|-damage|p1a: Whimsicott|71/100\n|\n|upkeep\n|turn|2\n|inactive|Elm22 has 30 seconds left.\n|inactive|Elm22 has 20 seconds left.\n|\n|t:|1776262171\n|switch|p2b: Sinistcha|Sinistcha, L50|100/100\n|move|p1a: Whimsicott|Encore||[still]\n|-fail|p1a: Whimsicott\n|move|p2a: Aerodactyl|Dual Wingbeat|p1a: Whimsicott\n|-supereffective|p1a: Whimsicott|1\n|-damage|p1a: Whimsicott|19/100\n|-supereffective|p1a: Whimsicott|1\n|-damage|p1a: Whimsicott|0 fnt\n|faint|p1a: Whimsicott\n|-hitcount|p1: Whimsicott|2\n|move|p1b: Hydreigon|Focus Energy|p1b: Hydreigon\n|-start|p1b: Hydreigon|move: Focus Energy\n|\n|upkeep\n|\n|t:|1776262187\n|switch|p1a: Aegislash|Aegislash, L50, M|100/100\n|turn|3\n|\n|t:|1776262206\n|move|p2b: Sinistcha|Rage Powder|p2b: Sinistcha\n|-singleturn|p2b: Sinistcha|move: Rage Powder\n|move|p2a: Aerodactyl|Dual Wingbeat|p1b: Hydreigon\n|-damage|p1b: Hydreigon|77/100\n|-damage|p1b: Hydreigon|57/100\n|-hitcount|p1b: Hydreigon|2\n|move|p1b: Hydreigon|Dark Pulse|p2b: Sinistcha\n|-supereffective|p2b: Sinistcha|1\n|-crit|p2b: Sinistcha\n|-damage|p2b: Sinistcha|0 fnt\n|faint|p2b: Sinistcha\n|-formechange|p1a: Aegislash|Aegislash-Blade|\n|move|p1a: Aegislash|Flash Cannon|p2a: Aerodactyl\n|-supereffective|p2a: Aerodactyl|1\n|-enditem|p2a: Aerodactyl|Focus Sash\n|-damage|p2a: Aerodactyl|1/100\n|\n|upkeep\n|\n|t:|1776262228\n|switch|p2b: Garchomp|Garchomp, L50, F|100/100\n|turn|4\n|inactive|Chocokoala VGC has 30 seconds left.\n|\n|t:|1776262256\n|move|p2a: Aerodactyl|Protect|p2a: Aerodactyl\n|-singleturn|p2a: Aerodactyl|Protect\n|move|p2b: Garchomp|Protect|p2b: Garchomp\n|-singleturn|p2b: Garchomp|Protect\n|move|p1b: Hydreigon|Draco Meteor|p2b: Garchomp\n|-activate|p2b: Garchomp|move: Protect\n|move|p1a: Aegislash|Flash Cannon|p2b: Garchomp\n|-activate|p2b: Garchomp|move: Protect\n|\n|-sideend|p2: Elm22|move: Tailwind\n|-sideend|p1: Chocokoala VGC|move: Tailwind\n|upkeep\n|turn|5\n|inactive|Elm22 has 30 seconds left.\n|\n|t:|1776262281\n|move|p2a: Aerodactyl|Tailwind|p2a: Aerodactyl\n|-sidestart|p2: Elm22|move: Tailwind\n|move|p2b: Garchomp|Earthquake|p1a: Aegislash|[spread] p1a\n|-immune|p2a: Aerodactyl\n|-immune|p1b: Hydreigon|[from] ability: Levitate\n|-supereffective|p1a: Aegislash|1\n|-damage|p1a: Aegislash|0 fnt\n|faint|p1a: Aegislash\n|move|p1b: Hydreigon|Draco Meteor|p2b: Garchomp\n|-supereffective|p2b: Garchomp|1\n|-crit|p2b: Garchomp\n|-damage|p2b: Garchomp|0 fnt\n|-unboost|p1b: Hydreigon|spa|2\n|faint|p2b: Garchomp\n|\n|upkeep\n|\n|t:|1776262296\n|switch|p2b: Lucario|Lucario, L50, F|100/100\n|switch|p1a: Glimmora|Glimmora, L50, F|100/100\n|turn|6\n|\n|t:|1776262319\n|detailschange|p2b: Lucario|Lucario-Mega, L50, F\n|-mega|p2b: Lucario|Lucario|Lucarionite\n|detailschange|p1a: Glimmora|Glimmora-Mega, L50, F\n|-mega|p1a: Glimmora|Glimmora|Glimmoranite\n|move|p2b: Lucario|Bullet Punch|p1b: Hydreigon\n|-damage|p1b: Hydreigon|21/100\n|move|p2a: Aerodactyl|Rock Slide|p1a: Glimmora|[spread] p1a,p1b\n|-damage|p1a: Glimmora|75/100\n|-damage|p1b: Hydreigon|0 fnt\n|faint|p1b: Hydreigon\n|move|p1a: Glimmora|Earth Power|p2b: Lucario\n|-supereffective|p2b: Lucario|1\n|-damage|p2b: Lucario|0 fnt\n|faint|p2b: Lucario\n|\n|upkeep\n|turn|7\n|\n|t:|1776262334\n|move|p2a: Aerodactyl|Rock Slide|p1a: Glimmora\n|-damage|p1a: Glimmora|41/100\n|move|p1a: Glimmora|Sludge Bomb|p2a: Aerodactyl\n|-resisted|p2a: Aerodactyl|1\n|-damage|p2a: Aerodactyl|0 fnt\n|faint|p2a: Aerodactyl\n|\n|win|Chocokoala VGC\n|raw|Chocokoala VGC's rating: 1000 &rarr; <strong>1049</strong><br />(+49 for winning)\n|raw|Elm22's rating: 1076 &rarr; <strong>1050</strong><br />(-26 for losing)\n",
  "uploadtime": 1776262335,
  "views": 20,
  "formatid": "gen9championsvgc2026regma",
  "rating": 1049,
  "private": 0,
  "password": null
}