{
  "id": "gen9championsvgc2026regma-2584352542",
  "format": "[Gen 9 Champions] VGC 2026 Reg M-A",
  "players": [
    "tho0o",
    "jetrinchamp"
  ],
  "log": "|j|\u2606tho0o\n|j|\u2606jetrinchamp\n|t:|1776254077\n|gametype|doubles\n|player|p1|tho0o|102|1239\n|player|p2|jetrinchamp|pilot|1237\n|gen|9\n|tier|[Gen 9 Champions] VGC 2026 Reg M-A\n|rated|\n|rule|Species Clause: Limit one of each Pok\u00e9mon\n|rule|Item Clause: Limit 1 of each item\n|clearpoke\n|poke|p1|Meganium, L50, F|\n|poke|p1|Tyranitar, L50, M|\n|poke|p1|Excadrill, L50, F|\n|poke|p1|Milotic, L50, F|\n|poke|p1|Luxray, L50, M|\n|poke|p1|Sneasler, L50, F|\n|poke|p2|Dragapult, L50, F|\n|poke|p2|Floette-Eternal, L50, F|\n|poke|p2|Weavile, L50, M|\n|poke|p2|Incineroar, L50, M|\n|poke|p2|Kommo-o, L50, F|\n|poke|p2|Scizor, L50, M|\n|teampreview|4\n|inactive|Battle timer is ON: inactive players will automatically lose when time's up. (requested by tho0o)\n|inactive|jetrinchamp has 60 seconds left.\n|inactive|jetrinchamp has 30 seconds left.\n|\n|t:|1776254146\n|teamsize|p1|4\n|teamsize|p2|4\n|start\n|switch|p1a: Tyranitar|Tyranitar, L50, M|100/100\n|switch|p1b: Excadrill|Excadrill, L50, F|100/100\n|switch|p2a: Weavile|Weavile, L50, M|100/100\n|switch|p2b: Kommo-o|Kommo-o, L50, F|100/100\n|-weather|Sandstorm|[from] ability: Sand Stream|[of] p1a: Tyranitar\n|turn|1\n|inactive|jetrinchamp has 30 seconds left.\n|inactive|jetrinchamp has 20 seconds left.\n|inactive|jetrinchamp has 15 seconds left.\n|\n|t:|1776254189\n|switch|p2b: Scizor|Scizor, L50, M|100/100\n|move|p1a: Tyranitar|Protect|p1a: Tyranitar\n|-singleturn|p1a: Tyranitar|Protect\n|move|p2a: Weavile|Fake Out|p1b: Excadrill\n|-resisted|p1b: Excadrill|1\n|-damage|p1b: Excadrill|91/100\n|cant|p1b: Excadrill|flinch\n|\n|-weather|Sandstorm|[upkeep]\n|-damage|p2a: Weavile|94/100|[from] Sandstorm\n|upkeep\n|turn|2\n|inactive|jetrinchamp has 30 seconds left.\n|inactive|jetrinchamp has 20 seconds left.\n|inactive|jetrinchamp has 15 seconds left.\n|\n|t:|1776254229\n|move|p1b: Excadrill|Iron Head|p2a: Weavile\n|-supereffective|p2a: Weavile|1\n|-crit|p2a: Weavile\n|-damage|p2a: Weavile|0 fnt\n|faint|p2a: Weavile\n|move|p2b: Scizor|U-turn|p1a: Tyranitar\n|-supereffective|p1a: Tyranitar|1\n|-damage|p1a: Tyranitar|34/100\n|\n|t:|1776254241\n|switch|p2b: Floette|Floette-Eternal, L50, F|100/100|[from] U-turn\n|move|p1a: Tyranitar|Rock Slide|p2b: Floette\n|-damage|p2b: Floette|45/100\n|\n|-weather|Sandstorm|[upkeep]\n|-damage|p2b: Floette|39/100|[from] Sandstorm\n|upkeep\n|\n|t:|1776254258\n|switch|p2a: Scizor|Scizor, L50, M|100/100\n|turn|3\n|\n|t:|1776254279\n|switch|p1a: Milotic|Milotic, L50, F|100/100\n|move|p2b: Floette|Protect|p2b: Floette\n|-singleturn|p2b: Floette|Protect\n|move|p1b: Excadrill|Earthquake|p2a: Scizor|[spread] p1a,p2a\n|-activate|p2b: Floette|move: Protect\n|-damage|p1a: Milotic|63/100\n|-damage|p2a: Scizor|47/100\n|move|p2a: Scizor|U-turn|p1a: Milotic\n|-damage|p1a: Milotic|28/100\n|\n|t:|1776254289\n|switch|p2a: Kommo-o|Kommo-o, L50, F|100/100|[from] U-turn\n|\n|-weather|Sandstorm|[upkeep]\n|-damage|p2a: Kommo-o|95/100|[from] Sandstorm\n|-damage|p1a: Milotic|22/100|[from] Sandstorm\n|-damage|p2b: Floette|33/100|[from] Sandstorm\n|upkeep\n|turn|4\n|inactive|jetrinchamp has 30 seconds left.\n|inactive|jetrinchamp has 20 seconds left.\n|\n|t:|1776254327\n|move|p2b: Floette|Protect||[still]\n|-fail|p2b: Floette\n|move|p1b: Excadrill|Iron Head|p2b: Floette\n|-supereffective|p2b: Floette|1\n|-damage|p2b: Floette|0 fnt\n|faint|p2b: Floette\n|move|p2a: Kommo-o|Aura Sphere|p1b: Excadrill\n|-supereffective|p1b: Excadrill|1\n|-damage|p1b: Excadrill|0 fnt\n|faint|p1b: Excadrill\n|move|p1a: Milotic|Icy Wind|p2a: Kommo-o\n|-supereffective|p2a: Kommo-o|1\n|-damage|p2a: Kommo-o|66/100\n|-unboost|p2a: Kommo-o|spe|1\n|\n|-weather|Sandstorm|[upkeep]\n|-damage|p1a: Milotic|16/100|[from] Sandstorm\n|-damage|p2a: Kommo-o|60/100|[from] Sandstorm\n|upkeep\n|\n|t:|1776254342\n|switch|p1b: Sneasler|Sneasler, L50, F|100/100\n|switch|p2b: Scizor|Scizor, L50, M|47/100\n|-ability|p1b: Sneasler|Pressure\n|turn|5\n|\n|t:|1776254366\n|detailschange|p2b: Scizor|Scizor-Mega, L50, M\n|-mega|p2b: Scizor|Scizor|Scizorite\n|move|p1b: Sneasler|Fake Out|p2b: Scizor\n|-resisted|p2b: Scizor|1\n|-damage|p2b: Scizor|40/100\n|cant|p2b: Scizor|flinch\n|move|p2a: Kommo-o|Vacuum Wave|p1a: Milotic\n|-damage|p1a: Milotic|0 fnt\n|faint|p1a: Milotic\n|\n|-weather|none\n|upkeep\n|\n|t:|1776254376\n|switch|p1a: Tyranitar|Tyranitar, L50, M|34/100\n|-weather|Sandstorm|[from] ability: Sand Stream|[of] p1a: Tyranitar\n|turn|6\n|\n|t:|1776254386\n|detailschange|p1a: Tyranitar|Tyranitar-Mega, L50, M\n|-mega|p1a: Tyranitar|Tyranitar|Tyranitarite\n|move|p1a: Tyranitar|Protect|p1a: Tyranitar\n|-singleturn|p1a: Tyranitar|Protect\n|move|p2b: Scizor|Bullet Punch|p1b: Sneasler\n|-damage|p1b: Sneasler|37/100\n|move|p2a: Kommo-o|Vacuum Wave|p1a: Tyranitar\n|-activate|p1a: Tyranitar|move: Protect\n|move|p1b: Sneasler|Close Combat|p2b: Scizor\n|-damage|p2b: Scizor|0 fnt\n|-unboost|p1b: Sneasler|def|1\n|-unboost|p1b: Sneasler|spd|1\n|faint|p2b: Scizor\n|-enditem|p1b: Sneasler|White Herb\n|-clearnegativeboost|p1b: Sneasler|[silent]\n|\n|-weather|Sandstorm|[upkeep]\n|-damage|p1b: Sneasler|32/100|[from] Sandstorm\n|-damage|p2a: Kommo-o|54/100|[from] Sandstorm\n|upkeep\n|turn|7\n|inactive|jetrinchamp has 30 seconds left.\n|\n|t:|1776254416\n|move|p2a: Kommo-o|Vacuum Wave|p1a: Tyranitar\n|-supereffective|p1a: Tyranitar|2\n|-damage|p1a: Tyranitar|0 fnt\n|faint|p1a: Tyranitar\n|move|p1b: Sneasler|Dire Claw|p2a: Kommo-o\n|-damage|p2a: Kommo-o|11/100\n|-status|p2a: Kommo-o|psn\n|\n|-weather|Sandstorm|[upkeep]\n|-damage|p1b: Sneasler|26/100|[from] Sandstorm\n|-damage|p2a: Kommo-o|5/100 psn|[from] Sandstorm\n|-damage|p2a: Kommo-o|0 fnt|[from] psn\n|faint|p2a: Kommo-o\n|\n|win|tho0o\n|raw|tho0o's rating: 1239 &rarr; <strong>1264</strong><br />(+25 for winning)\n|raw|jetrinchamp's rating: 1237 &rarr; <strong>1212</strong><br />(-25 for losing)\n|c|\u2606jetrinchamp|ggg\n|c|\u2606jetrinchamp|so closeee\n|c|\u2606tho0o|gg\n|c|\u2606jetrinchamp|poison\n|c|\u2606jetrinchamp|clucthh\n",
  "uploadtime": 1776254449,
  "views": 38,
  "formatid": "gen9championsvgc2026regma",
  "rating": 1212,
  "private": 0,
  "password": null
}