{
  "id": "gen9championsvgc2026regma-2583829807",
  "format": "[Gen 9 Champions] VGC 2026 Reg M-A",
  "players": [
    "AYFGUY",
    "statusqo"
  ],
  "log": "|j|\u2606AYFGUY\n|j|\u2606statusqo\n|t:|1776201007\n|gametype|doubles\n|player|p1|AYFGUY|1|1109\n|player|p2|statusqo|1|1078\n|gen|9\n|tier|[Gen 9 Champions] VGC 2026 Reg M-A\n|rated|\n|rule|Species Clause: Limit one of each Pok\u00e9mon\n|rule|Item Clause: Limit 1 of each item\n|clearpoke\n|poke|p1|Glimmora, L50, M|\n|poke|p1|Rotom-Wash, L50|\n|poke|p1|Farigiraf, L50, F|\n|poke|p1|Tyranitar, L50, F|\n|poke|p1|Aerodactyl, L50, F|\n|poke|p1|Golurk, L50|\n|poke|p2|Pelipper, L50, M|\n|poke|p2|Palafin, L50, M|\n|poke|p2|Scizor, L50, M|\n|poke|p2|Dragonite, L50, M|\n|poke|p2|Sneasler, L50, M|\n|poke|p2|Sableye, L50, F|\n|teampreview|4\n|\n|t:|1776201044\n|teamsize|p1|4\n|teamsize|p2|4\n|start\n|switch|p1a: Aerodactyl|Aerodactyl, L50, F|100/100\n|switch|p1b: Farigiraf|Farigiraf, L50, F|100/100\n|switch|p2a: Palafin|Palafin, L50, M|100/100\n|switch|p2b: Sneasler|Sneasler, L50, M|100/100\n|-ability|p1a: Aerodactyl|Unnerve\n|turn|1\n|\n|t:|1776201077\n|move|p2a: Palafin|Flip Turn|p1b: Farigiraf\n|-damage|p1b: Farigiraf|82/100\n|\n|t:|1776201081\n|detailschange|p2a: Palafin|Palafin-Hero, L50, M\n|switch|p2a: Pelipper|Pelipper, L50, M|100/100|[from] Flip Turn\n|-weather|RainDance|[from] ability: Drizzle|[of] p2a: Pelipper\n|move|p1a: Aerodactyl|Dual Wingbeat|p2b: Sneasler\n|-supereffective|p2b: Sneasler|1\n|-damage|p2b: Sneasler|57/100\n|-supereffective|p2b: Sneasler|1\n|-damage|p2b: Sneasler|5/100\n|-hitcount|p2b: Sneasler|2\n|move|p2b: Sneasler|Dire Claw|p1b: Farigiraf\n|-damage|p1b: Farigiraf|46/100\n|-enditem|p1b: Farigiraf|Sitrus Berry|[eat]\n|-heal|p1b: Farigiraf|71/100|[from] item: Sitrus Berry\n|move|p1b: Farigiraf|Trick Room|p1b: Farigiraf\n|-fieldstart|move: Trick Room|[of] p1b: Farigiraf\n|\n|-weather|RainDance|[upkeep]\n|upkeep\n|turn|2\n|\n|t:|1776201111\n|switch|p1a: Tyranitar|Tyranitar, L50, F|100/100\n|-weather|Sandstorm|[from] ability: Sand Stream|[of] p1a: Tyranitar\n|move|p2b: Sneasler|Protect|p2b: Sneasler\n|-singleturn|p2b: Sneasler|Protect\n|move|p1b: Farigiraf|Psychic|p2b: Sneasler\n|-activate|p2b: Sneasler|move: Protect\n|move|p2a: Pelipper|Weather Ball|p1a: Tyranitar\n|-damage|p1a: Tyranitar|88/100\n|\n|-weather|Sandstorm|[upkeep]\n|-damage|p1b: Farigiraf|65/100|[from] Sandstorm\n|-damage|p2a: Pelipper|95/100|[from] Sandstorm\n|-damage|p2b: Sneasler|0 fnt|[from] Sandstorm\n|faint|p2b: Sneasler\n|-heal|p1a: Tyranitar|94/100|[from] item: Leftovers\n|upkeep\n|\n|t:|1776201133\n|switch|p2b: Scizor|Scizor, L50, M|100/100\n|turn|3\n|\n|t:|1776201146\n|switch|p1b: Golurk|Golurk, L50|100/100\n|switch|p2a: Palafin|Palafin-Hero, L50, M|100/100\n|-activate|p2a: Palafin|ability: Zero to Hero\n|detailschange|p2b: Scizor|Scizor-Mega, L50, M\n|-mega|p2b: Scizor|Scizor|Scizorite\n|move|p1a: Tyranitar|Rock Slide|p2b: Scizor|[spread] p2a,p2b\n|-damage|p2a: Palafin|68/100\n|-damage|p2b: Scizor|75/100\n|move|p2b: Scizor|Bug Bite|p1b: Golurk\n|-resisted|p1b: Golurk|1\n|-damage|p1b: Golurk|68/100\n|\n|-weather|Sandstorm|[upkeep]\n|-damage|p2a: Palafin|62/100|[from] Sandstorm\n|-heal|p1a: Tyranitar|99/100|[from] item: Leftovers\n|upkeep\n|turn|4\n|\n|t:|1776201171\n|switch|p2a: Pelipper|Pelipper, L50, M|95/100\n|-weather|RainDance|[from] ability: Drizzle|[of] p2a: Pelipper\n|detailschange|p1b: Golurk|Golurk-Mega, L50\n|-mega|p1b: Golurk|Golurk|Golurkite\n|move|p2b: Scizor|Bullet Punch|p1a: Tyranitar\n|-supereffective|p1a: Tyranitar|1\n|-damage|p1a: Tyranitar|39/100\n|move|p1b: Golurk|Heat Crash|p2b: Scizor\n|-supereffective|p2b: Scizor|2\n|-damage|p2b: Scizor|29/100\n|move|p1a: Tyranitar|Knock Off|p2a: Pelipper\n|-damage|p2a: Pelipper|53/100\n|-enditem|p2a: Pelipper|Sitrus Berry|[from] move: Knock Off|[of] p1a: Tyranitar\n|\n|-weather|RainDance|[upkeep]\n|-heal|p1a: Tyranitar|44/100|[from] item: Leftovers\n|upkeep\n|turn|5\n|\n|t:|1776201202\n|move|p2b: Scizor|Protect|p2b: Scizor\n|-singleturn|p2b: Scizor|Protect\n|move|p1b: Golurk|Heat Crash|p2b: Scizor\n|-supereffective|p2b: Scizor|2\n|-ability|p1b: Golurk|Unseen Fist\n|-zbroken|p2b: Scizor\n|-damage|p2b: Scizor|18/100\n|move|p1a: Tyranitar|Rock Slide|p2b: Scizor|[spread] p2a\n|-activate|p2b: Scizor|move: Protect\n|-supereffective|p2a: Pelipper|1\n|-damage|p2a: Pelipper|10/100\n|move|p2a: Pelipper|Weather Ball|p1b: Golurk\n|-supereffective|p1b: Golurk|1\n|-damage|p1b: Golurk|0 fnt\n|faint|p1b: Golurk\n|\n|-weather|RainDance|[upkeep]\n|-heal|p1a: Tyranitar|50/100|[from] item: Leftovers\n|-fieldend|move: Trick Room\n|upkeep\n|\n|t:|1776201219\n|switch|p1b: Farigiraf|Farigiraf, L50, F|65/100\n|turn|6\n|\n|t:|1776201252\n|move|p1a: Tyranitar|Protect|p1a: Tyranitar\n|-singleturn|p1a: Tyranitar|Protect\n|move|p2b: Scizor|Bug Bite|p1b: Farigiraf\n|-supereffective|p1b: Farigiraf|1\n|-damage|p1b: Farigiraf|0 fnt\n|faint|p1b: Farigiraf\n|move|p2a: Pelipper|Weather Ball|p1a: Tyranitar\n|-activate|p1a: Tyranitar|move: Protect\n|\n|-weather|RainDance|[upkeep]\n|-heal|p1a: Tyranitar|56/100|[from] item: Leftovers\n|upkeep\n|\n|t:|1776201255\n|switch|p1b: Aerodactyl|Aerodactyl, L50, F|100/100\n|-ability|p1b: Aerodactyl|Unnerve\n|turn|7\n|\n|t:|1776201273\n|move|p2b: Scizor|Bullet Punch|p1a: Tyranitar\n|-supereffective|p1a: Tyranitar|1\n|-damage|p1a: Tyranitar|0 fnt\n|faint|p1a: Tyranitar\n|move|p1b: Aerodactyl|Tailwind|p1b: Aerodactyl\n|-sidestart|p1: AYFGUY|move: Tailwind\n|move|p2a: Pelipper|Tailwind|p2a: Pelipper\n|-sidestart|p2: statusqo|move: Tailwind\n|\n|-weather|RainDance|[upkeep]\n|upkeep\n|turn|8\n|\n|t:|1776201288\n|move|p2b: Scizor|Bullet Punch|p1b: Aerodactyl\n|-supereffective|p1b: Aerodactyl|1\n|-enditem|p1b: Aerodactyl|Focus Sash\n|-damage|p1b: Aerodactyl|1/100\n|move|p1b: Aerodactyl|Rock Slide|p2a: Pelipper|[spread] p2a,p2b\n|-supereffective|p2a: Pelipper|1\n|-damage|p2a: Pelipper|0 fnt\n|-damage|p2b: Scizor|0 fnt\n|faint|p2a: Pelipper\n|faint|p2b: Scizor\n|\n|-weather|none\n|upkeep\n|\n|t:|1776201301\n|switch|p2b: Palafin|Palafin-Hero, L50, M|62/100\n|turn|9\n|\n|t:|1776201310\n|move|p2b: Palafin|Flip Turn|p1b: Aerodactyl\n|-supereffective|p1b: Aerodactyl|1\n|-damage|p1b: Aerodactyl|0 fnt\n|faint|p1b: Aerodactyl\n|\n|win|statusqo\n|raw|AYFGUY's rating: 1109 &rarr; <strong>1082</strong><br />(-27 for losing)\n|raw|statusqo's rating: 1078 &rarr; <strong>1109</strong><br />(+31 for winning)\n|l|\u2606AYFGUY\n|player|p1|\n",
  "uploadtime": 1776201321,
  "views": 27,
  "formatid": "gen9championsvgc2026regma",
  "rating": 1082,
  "private": 0,
  "password": null
}