{
  "id": "gen9championsvgc2026regma-2581134481",
  "format": "[Gen 9 Champions] VGC 2026 Reg M-A",
  "players": [
    "Screeb1921",
    "Scrubby009"
  ],
  "log": "|j|\u2606Screeb1921\n|j|\u2606Scrubby009\n|t:|1775963183\n|gametype|doubles\n|player|p1|Screeb1921|2|1135\n|player|p2|Scrubby009|skyla|1169\n|gen|9\n|tier|[Gen 9 Champions] VGC 2026 Reg M-A\n|rated|\n|rule|Species Clause: Limit one of each Pok\u00e9mon\n|rule|Item Clause: Limit 1 of each item\n|clearpoke\n|poke|p1|Orthworm, L50, M|\n|poke|p1|Basculegion, L50, M|\n|poke|p1|Incineroar, L50, M|\n|poke|p1|Rotom-Frost, L50|\n|poke|p1|Froslass, L50, F|\n|poke|p1|Garchomp, L50, M|\n|poke|p2|Lopunny, L50, F|\n|poke|p2|Gengar, L50, M|\n|poke|p2|Incineroar, L50, M|\n|poke|p2|Sinistcha, L50|\n|poke|p2|Glimmora, L50, F|\n|poke|p2|Dragonite, L50, F|\n|teampreview|4\n|\n|t:|1775963215\n|teamsize|p1|4\n|teamsize|p2|4\n|start\n|switch|p1a: Incineroar|Incineroar, L50, M|100/100\n|switch|p1b: Orthworm|Orthworm, L50, M, shiny|100/100\n|switch|p2a: B-Girl Kelly|Lopunny, L50, F, shiny|100/100\n|switch|p2b: Smash Mouth|Gengar, L50, M|100/100\n|-ability|p1a: Incineroar|Intimidate|boost\n|-unboost|p2a: B-Girl Kelly|atk|1\n|-unboost|p2b: Smash Mouth|atk|1\n|turn|1\n|\n|t:|1775963240\n|detailschange|p2a: B-Girl Kelly|Lopunny-Mega, L50, F, shiny\n|-mega|p2a: B-Girl Kelly|Lopunny|Lopunnite\n|move|p2a: B-Girl Kelly|Protect|p2a: B-Girl Kelly\n|-singleturn|p2a: B-Girl Kelly|Protect\n|move|p1a: Incineroar|Fake Out|p2a: B-Girl Kelly\n|-activate|p2a: B-Girl Kelly|move: Protect\n|move|p2b: Smash Mouth|Will-O-Wisp|p1b: Orthworm\n|-status|p1b: Orthworm|brn\n|move|p1b: Orthworm|Iron Defense|p1b: Orthworm\n|-boost|p1b: Orthworm|def|2\n|\n|-damage|p1b: Orthworm|94/100 brn|[from] brn\n|upkeep\n|turn|2\n|\n|t:|1775963269\n|switch|p2b: The Cat in the Hat|Incineroar, L50, M|100/100\n|-ability|p2b: The Cat in the Hat|Intimidate|boost\n|-unboost|p1a: Incineroar|atk|1\n|-unboost|p1b: Orthworm|atk|1\n|switch|p1b: Froslass|Froslass, L50, F, shiny|100/100\n|move|p2a: B-Girl Kelly|U-turn|p1a: Incineroar\n|-damage|p1a: Incineroar|83/100\n|\n|t:|1775963281\n|switch|p2a: Smash Mouth|Gengar, L50, M|100/100|[from] U-turn\n|move|p1a: Incineroar|Parting Shot|p2a: Smash Mouth\n|-unboost|p2a: Smash Mouth|atk|1\n|-unboost|p2a: Smash Mouth|spa|1\n|\n|t:|1775963291\n|switch|p1a: Orthworm|Orthworm, L50, M, shiny|94/100 brn|[from] Parting Shot\n|\n|-damage|p1a: Orthworm|88/100 brn|[from] brn\n|upkeep\n|turn|3\n|\n|t:|1775963316\n|detailschange|p1b: Froslass|Froslass-Mega, L50, F, shiny\n|-mega|p1b: Froslass|Froslass|Froslassite\n|-weather|Snowscape|[from] ability: Snow Warning|[of] p1b: Froslass\n|move|p2b: The Cat in the Hat|Fake Out|p1a: Orthworm\n|-resisted|p1a: Orthworm|1\n|-damage|p1a: Orthworm|85/100 brn\n|move|p1b: Froslass|Shadow Ball|p2a: Smash Mouth\n|-supereffective|p2a: Smash Mouth|1\n|-enditem|p2a: Smash Mouth|Focus Sash\n|-damage|p2a: Smash Mouth|1/100\n|move|p2a: Smash Mouth|Shadow Ball|p1b: Froslass\n|-supereffective|p1b: Froslass|1\n|-crit|p1b: Froslass\n|-damage|p1b: Froslass|0 fnt\n|faint|p1b: Froslass\n|cant|p1a: Orthworm|flinch\n|\n|-weather|Snowscape|[upkeep]\n|-damage|p1a: Orthworm|78/100 brn|[from] brn\n|upkeep\n|\n|t:|1775963333\n|switch|p1b: Garchomp|Garchomp, L50, M|100/100\n|turn|4\n|\n|t:|1775963338\n|switch|p2b: Tea Time|Sinistcha, L50|100/100\n|-heal|p2a: Smash Mouth|26/100|[from] ability: Hospitality|[of] p2b: Tea Time\n|move|p2a: Smash Mouth|Will-O-Wisp|p1b: Garchomp\n|-status|p1b: Garchomp|brn\n|move|p1b: Garchomp|Earthquake|p2b: Tea Time|[spread] p2a,p2b\n|-heal|p1a: Orthworm|100/100 brn|[from] ability: Earth Eater|[of] p1b: Garchomp\n|-supereffective|p2a: Smash Mouth|1\n|-resisted|p2b: Tea Time|1\n|-damage|p2a: Smash Mouth|0 fnt\n|-damage|p2b: Tea Time|93/100\n|faint|p2a: Smash Mouth\n|move|p1a: Orthworm|Body Press|p2b: Tea Time\n|-immune|p2b: Tea Time\n|\n|-weather|Snowscape|[upkeep]\n|-damage|p1b: Garchomp|94/100 brn|[from] brn\n|-damage|p1a: Orthworm|94/100 brn|[from] brn\n|upkeep\n|\n|t:|1775963347\n|switch|p2a: The Cat in the Hat|Incineroar, L50, M|100/100\n|-ability|p2a: The Cat in the Hat|Intimidate|boost\n|-unboost|p1a: Orthworm|atk|1\n|-unboost|p1b: Garchomp|atk|1\n|turn|5\n|\n|t:|1775963370\n|move|p1b: Garchomp|Rock Slide|p2b: Tea Time|[spread] p2a,p2b\n|-supereffective|p2a: The Cat in the Hat|1\n|-damage|p2a: The Cat in the Hat|90/100\n|-damage|p2b: Tea Time|86/100\n|cant|p2b: Tea Time|flinch\n|move|p2a: The Cat in the Hat|Parting Shot|p1b: Garchomp\n|-unboost|p1b: Garchomp|atk|1\n|-unboost|p1b: Garchomp|spa|1\n|\n|t:|1775963377\n|switch|p2a: B-Girl Kelly|Lopunny-Mega, L50, F, shiny|100/100|[from] Parting Shot\n|move|p1a: Orthworm|Shed Tail|p1a: Orthworm\n|-start|p1a: Orthworm|Substitute|[from] move: Shed Tail\n|-damage|p1a: Orthworm|44/100 brn\n|-enditem|p1a: Orthworm|Sitrus Berry|[eat]\n|-heal|p1a: Orthworm|69/100 brn|[from] item: Sitrus Berry\n|\n|t:|1775963385\n|switch|p1a: Incineroar|Incineroar, L50, M|83/100|[from] Shed Tail\n|-ability|p1a: Incineroar|Intimidate|boost\n|-fail|p2a: B-Girl Kelly|unboost|Attack|[from] ability: Scrappy|[of] p2a: B-Girl Kelly\n|-unboost|p2b: Tea Time|atk|1\n|\n|-weather|Snowscape|[upkeep]\n|-damage|p1b: Garchomp|88/100 brn|[from] brn\n|upkeep\n|turn|6\n|\n|t:|1775963411\n|switch|p1b: Orthworm|Orthworm, L50, M, shiny|69/100 brn\n|move|p1a: Incineroar|Fake Out|p2a: B-Girl Kelly\n|-damage|p2a: B-Girl Kelly|80/100\n|cant|p2a: B-Girl Kelly|flinch\n|move|p2b: Tea Time|Life Dew|p2b: Tea Time|[spread] p2a,p2b\n|-heal|p2a: B-Girl Kelly|100/100\n|-heal|p2b: Tea Time|100/100\n|\n|-weather|Snowscape|[upkeep]\n|-damage|p1b: Orthworm|63/100 brn|[from] brn\n|upkeep\n|turn|7\n|\n|t:|1775963435\n|switch|p2b: The Cat in the Hat|Incineroar, L50, M|90/100\n|-ability|p2b: The Cat in the Hat|Intimidate|boost\n|-immune|p1a: Incineroar\n|-unboost|p1b: Orthworm|atk|1\n|move|p2a: B-Girl Kelly|U-turn|p1a: Incineroar\n|-end|p1a: Incineroar|Substitute\n|\n|t:|1775963441\n|switch|p2a: Tea Time|Sinistcha, L50|100/100|[from] U-turn\n|-heal|p2b: The Cat in the Hat|100/100|[from] ability: Hospitality|[of] p2a: Tea Time\n|move|p1b: Orthworm|Body Press|p2a: Tea Time\n|-immune|p2a: Tea Time\n|move|p1a: Incineroar|Darkest Lariat|p2b: The Cat in the Hat\n|-resisted|p2b: The Cat in the Hat|1\n|-damage|p2b: The Cat in the Hat|84/100\n|\n|-weather|none\n|-damage|p1b: Orthworm|56/100 brn|[from] brn\n|upkeep\n|turn|8\n|\n|t:|1775963460\n|move|p2a: Tea Time|Life Dew||[still]|[spread] p2a,p2b\n|-fail|p2a: Tea Time|heal\n|-heal|p2b: The Cat in the Hat|100/100\n|move|p2b: The Cat in the Hat|Parting Shot|p1b: Orthworm\n|-unboost|p1b: Orthworm|atk|1\n|-unboost|p1b: Orthworm|spa|1\n|\n|t:|1775963466\n|switch|p2b: B-Girl Kelly|Lopunny-Mega, L50, F, shiny|100/100|[from] Parting Shot\n|move|p1b: Orthworm|Body Press|p2b: B-Girl Kelly\n|-supereffective|p2b: B-Girl Kelly|1\n|-damage|p2b: B-Girl Kelly|65/100\n|move|p1a: Incineroar|Flare Blitz|p2a: Tea Time\n|-supereffective|p2a: Tea Time|1\n|-enditem|p2a: Tea Time|Occa Berry|[eat]\n|-enditem|p2a: Tea Time|Occa Berry|[weaken]\n|-damage|p2a: Tea Time|45/100\n|-damage|p1a: Incineroar|67/100|[from] Recoil\n|\n|-damage|p1b: Orthworm|50/100 brn|[from] brn\n|upkeep\n|turn|9\n|\n|t:|1775963494\n|move|p2b: B-Girl Kelly|Close Combat|p1a: Incineroar\n|-supereffective|p1a: Incineroar|1\n|-damage|p1a: Incineroar|0 fnt\n|-unboost|p2b: B-Girl Kelly|def|1\n|-unboost|p2b: B-Girl Kelly|spd|1\n|faint|p1a: Incineroar\n|move|p2a: Tea Time|Life Dew|p2a: Tea Time|[spread] p2a,p2b\n|-heal|p2a: Tea Time|70/100\n|-heal|p2b: B-Girl Kelly|90/100\n|move|p1b: Orthworm|Body Press|p2b: B-Girl Kelly\n|-supereffective|p2b: B-Girl Kelly|1\n|-damage|p2b: B-Girl Kelly|35/100\n|\n|-damage|p1b: Orthworm|44/100 brn|[from] brn\n|upkeep\n|\n|t:|1775963507\n|switch|p1a: Garchomp|Garchomp, L50, M|88/100 brn\n|turn|10\n|\n|t:|1775963530\n|switch|p2a: The Cat in the Hat|Incineroar, L50, M|100/100\n|-ability|p2a: The Cat in the Hat|Intimidate|boost\n|-unboost|p1a: Garchomp|atk|1\n|-unboost|p1b: Orthworm|atk|1\n|move|p2b: B-Girl Kelly|Protect|p2b: B-Girl Kelly\n|-singleturn|p2b: B-Girl Kelly|Protect\n|move|p1a: Garchomp|Earthquake|p2b: B-Girl Kelly|[spread] p2a\n|-activate|p2b: B-Girl Kelly|move: Protect\n|-heal|p1b: Orthworm|69/100 brn|[from] ability: Earth Eater|[of] p1a: Garchomp\n|-supereffective|p2a: The Cat in the Hat|1\n|-damage|p2a: The Cat in the Hat|82/100\n|move|p1b: Orthworm|Heavy Slam|p2a: The Cat in the Hat\n|-resisted|p2a: The Cat in the Hat|1\n|-damage|p2a: The Cat in the Hat|80/100\n|\n|-damage|p1a: Garchomp|82/100 brn|[from] brn\n|-damage|p1b: Orthworm|63/100 brn|[from] brn\n|upkeep\n|turn|11\n|\n|t:|1775963567\n|switch|p2b: Tea Time|Sinistcha, L50|70/100\n|-heal|p2a: The Cat in the Hat|100/100|[from] ability: Hospitality|[of] p2b: Tea Time\n|move|p2a: The Cat in the Hat|Fake Out|p1a: Garchomp\n|-damage|p1a: Garchomp|71/100 brn\n|-damage|p2a: The Cat in the Hat|88/100|[from] ability: Rough Skin|[of] p1a: Garchomp\n|cant|p1a: Garchomp|flinch\n|move|p1b: Orthworm|Body Press|p2b: Tea Time\n|-immune|p2b: Tea Time\n|\n|-damage|p1a: Garchomp|65/100 brn|[from] brn\n|-damage|p1b: Orthworm|56/100 brn|[from] brn\n|upkeep\n|turn|12\n|\n|t:|1775963585\n|move|p1a: Garchomp|Earthquake|p2a: The Cat in the Hat|[spread] p2a,p2b\n|-heal|p1b: Orthworm|81/100 brn|[from] ability: Earth Eater|[of] p1a: Garchomp\n|-supereffective|p2a: The Cat in the Hat|1\n|-resisted|p2b: Tea Time|1\n|-damage|p2a: The Cat in the Hat|69/100\n|-damage|p2b: Tea Time|65/100\n|move|p2b: Tea Time|Life Dew|p2b: Tea Time|[spread] p2a,p2b\n|-heal|p2a: The Cat in the Hat|94/100\n|-heal|p2b: Tea Time|90/100\n|move|p1b: Orthworm|Body Press|p2a: The Cat in the Hat\n|-supereffective|p2a: The Cat in the Hat|1\n|-damage|p2a: The Cat in the Hat|75/100\n|move|p2a: The Cat in the Hat|Throat Chop|p1a: Garchomp\n|-damage|p1a: Garchomp|35/100 brn\n|-start|p1a: Garchomp|Throat Chop|[silent]\n|-damage|p2a: The Cat in the Hat|62/100|[from] ability: Rough Skin|[of] p1a: Garchomp\n|\n|-damage|p1a: Garchomp|29/100 brn|[from] brn\n|-damage|p1b: Orthworm|75/100 brn|[from] brn\n|upkeep\n|turn|13\n|\n|t:|1775963607\n|move|p1a: Garchomp|Earthquake|p2a: The Cat in the Hat|[spread] p2a,p2b\n|-heal|p1b: Orthworm|99/100 brn|[from] ability: Earth Eater|[of] p1a: Garchomp\n|-supereffective|p2a: The Cat in the Hat|1\n|-resisted|p2b: Tea Time|1\n|-damage|p2a: The Cat in the Hat|43/100\n|-damage|p2b: Tea Time|85/100\n|-enditem|p2a: The Cat in the Hat|Sitrus Berry|[eat]\n|-heal|p2a: The Cat in the Hat|67/100|[from] item: Sitrus Berry\n|move|p2b: Tea Time|Life Dew|p2b: Tea Time|[spread] p2a,p2b\n|-heal|p2a: The Cat in the Hat|93/100\n|-heal|p2b: Tea Time|100/100\n|move|p1b: Orthworm|Body Press|p2a: The Cat in the Hat\n|-supereffective|p2a: The Cat in the Hat|1\n|-damage|p2a: The Cat in the Hat|72/100\n|move|p2a: The Cat in the Hat|Parting Shot|p1a: Garchomp\n|-unboost|p1a: Garchomp|atk|1\n|-unboost|p1a: Garchomp|spa|1\n|-message|Screeb1921 forfeited.\n|\n|win|Scrubby009\n|raw|Screeb1921's rating: 1135 &rarr; <strong>1112</strong><br />(-23 for losing)\n|raw|Scrubby009's rating: 1169 &rarr; <strong>1192</strong><br />(+23 for winning)\n|l|\u2606Screeb1921\n|player|p1|\n",
  "uploadtime": 1775963620,
  "views": 17,
  "formatid": "gen9championsvgc2026regma",
  "rating": 1112,
  "private": 0,
  "password": null
}