{
  "id": "gen9championsvgc2026regma-2587773933",
  "format": "[Gen 9 Champions] VGC 2026 Reg M-A",
  "players": [
    "Strin",
    "pikafenn"
  ],
  "log": "|j|\u2606Strin\n|j|\u2606pikafenn\n|t:|1776562618\n|gametype|doubles\n|player|p1|Strin|169|1057\n|player|p2|pikafenn|101|1142\n|gen|9\n|tier|[Gen 9 Champions] VGC 2026 Reg M-A\n|rated|\n|rule|Species Clause: Limit one of each Pok\u00e9mon\n|rule|Item Clause: Limit 1 of each item\n|clearpoke\n|poke|p1|Jolteon, L50, F|\n|poke|p1|Arcanine-Hisui, L50, M|\n|poke|p1|Froslass, L50, F|\n|poke|p1|Garchomp, L50, M|\n|poke|p1|Sneasler, L50, M|\n|poke|p1|Mr. Rime, L50, M|\n|poke|p2|Chesnaught, L50, M|\n|poke|p2|Hatterene, L50, F|\n|poke|p2|Empoleon, L50, M|\n|poke|p2|Sableye, L50, F|\n|poke|p2|Rotom-Heat, L50|\n|poke|p2|Sinistcha, L50|\n|teampreview|4\n|inactive|Battle timer is ON: inactive players will automatically lose when time's up. (requested by Strin)\npikafenn rejected open team sheets.\n|inactive|pikafenn has 60 seconds left.\n|inactive|pikafenn has 30 seconds left.\n|\n|t:|1776562685\n|teamsize|p1|4\n|teamsize|p2|4\n|start\n|switch|p1a: Arcanine|Arcanine-Hisui, L50, M|100/100\n|switch|p1b: Garchomp|Garchomp, L50, M|100/100\n|switch|p2a: Sinistcha|Sinistcha, L50|100/100\n|switch|p2b: Empoleon|Empoleon, L50, M|100/100\n|-ability|p1a: Arcanine|Intimidate|boost\n|-unboost|p2a: Sinistcha|atk|1\n|-unboost|p2b: Empoleon|atk|1\n|-ability|p2b: Empoleon|Competitive|boost\n|-boost|p2b: Empoleon|spa|2\n|turn|1\n|inactive|pikafenn has 30 seconds left.\n|inactive|pikafenn has 20 seconds left.\n|inactive|pikafenn has 15 seconds left.\n|inactive|pikafenn has 10 seconds left.\n|\n|t:|1776562733\n|move|p1b: Garchomp|Stomping Tantrum|p2b: Empoleon\n|-supereffective|p2b: Empoleon|1\n|-damage|p2b: Empoleon|8/100\n|move|p1a: Arcanine|Flare Blitz|p2b: Empoleon\n|-damage|p2b: Empoleon|0 fnt\n|faint|p2b: Empoleon\n|-damage|p1a: Arcanine|98/100|[from] Recoil\n|move|p2a: Sinistcha|Trick Room|p2a: Sinistcha\n|-fieldstart|move: Trick Room|[of] p2a: Sinistcha\n|\n|upkeep\n|\n|t:|1776562744\n|switch|p2b: Hatterene|Hatterene, L50, F|100/100\n|turn|2\n|inactive|pikafenn has 30 seconds left.\n|\n|t:|1776562771\n|switch|p1b: Mr. Rime|Mr. Rime, L50, M|100/100\n|move|p2b: Hatterene|Dazzling Gleam|p1a: Arcanine|[spread] p1a,p1b\n|-resisted|p1a: Arcanine|1\n|-damage|p1a: Arcanine|76/100\n|-damage|p1b: Mr. Rime|74/100\n|move|p2a: Sinistcha|Matcha Gotcha|p1b: Mr. Rime|[spread] p1a,p1b\n|-damage|p1a: Arcanine|46/100\n|-damage|p1b: Mr. Rime|55/100\n|-status|p1b: Mr. Rime|brn\n|move|p1a: Arcanine|Flare Blitz|p2a: Sinistcha\n|-supereffective|p2a: Sinistcha|1\n|-damage|p2a: Sinistcha|6/100\n|-damage|p1a: Arcanine|15/100|[from] Recoil\n|\n|-heal|p1b: Mr. Rime|60/100 brn|[from] item: Leftovers\n|-damage|p1b: Mr. Rime|55/100 brn|[from] brn\n|upkeep\n|turn|3\n|inactive|pikafenn has 30 seconds left.\n|\n|t:|1776562803\n|move|p1a: Arcanine|Protect|p1a: Arcanine\n|-singleturn|p1a: Arcanine|Protect\n|move|p2b: Hatterene|Dazzling Gleam|p1a: Arcanine|[spread] p1b\n|-activate|p1a: Arcanine|move: Protect\n|-damage|p1b: Mr. Rime|27/100 brn\n|move|p2a: Sinistcha|Matcha Gotcha|p1b: Mr. Rime|[spread] p1b\n|-activate|p1a: Arcanine|move: Protect\n|-damage|p1b: Mr. Rime|9/100 brn\n|-heal|p2a: Sinistcha|16/100|[from] drain|[of] p1b: Mr. Rime\n|move|p1b: Mr. Rime|Trick Room|p1b: Mr. Rime\n|-fieldend|move: Trick Room\n|\n|-heal|p1b: Mr. Rime|14/100 brn|[from] item: Leftovers\n|-damage|p1b: Mr. Rime|9/100 brn|[from] brn\n|upkeep\n|turn|4\n|inactive|pikafenn has 30 seconds left.\n|inactive|pikafenn has 20 seconds left.\n|\n|t:|1776562842\n|move|p2a: Sinistcha|Rage Powder|p2a: Sinistcha\n|-singleturn|p2a: Sinistcha|move: Rage Powder\n|move|p1a: Arcanine|Rock Slide|p2a: Sinistcha|[spread] p2a,p2b\n|-damage|p2a: Sinistcha|0 fnt\n|-damage|p2b: Hatterene|69/100\n|faint|p2a: Sinistcha\n|move|p1b: Mr. Rime|Blizzard|p2b: Hatterene|[miss]\n|-miss|p1b: Mr. Rime|p2b: Hatterene\n|cant|p2b: Hatterene|flinch\n|\n|-heal|p1b: Mr. Rime|14/100 brn|[from] item: Leftovers\n|-heal|p2b: Hatterene|75/100|[from] item: Leftovers\n|-damage|p1b: Mr. Rime|9/100 brn|[from] brn\n|upkeep\n|\n|t:|1776562853\n|switch|p2a: Sableye|Sableye, L50, F|100/100\n|turn|5\n|\n|t:|1776562861\n|move|p2a: Sableye|Encore|p1a: Arcanine\n|-start|p1a: Arcanine|Encore\n|move|p1a: Arcanine|Rock Slide|p2b: Hatterene|[spread] p2a,p2b\n|-damage|p2a: Sableye|55/100\n|-damage|p2b: Hatterene|39/100\n|move|p1b: Mr. Rime|Trick Room|p1b: Mr. Rime\n|-fieldstart|move: Trick Room|[of] p1b: Mr. Rime\n|move|p2b: Hatterene|Trick Room|p2b: Hatterene\n|-fieldend|move: Trick Room\n|\n|-heal|p1b: Mr. Rime|14/100 brn|[from] item: Leftovers\n|-heal|p2b: Hatterene|45/100|[from] item: Leftovers\n|-damage|p1b: Mr. Rime|9/100 brn|[from] brn\n|upkeep\n|turn|6\n|inactive|pikafenn has 30 seconds left.\n|\n|t:|1776562895\n|move|p2a: Sableye|Encore|p1b: Mr. Rime\n|-start|p1b: Mr. Rime|Encore\n|move|p1a: Arcanine|Rock Slide|p2a: Sableye|[spread] p2a\n|-miss|p1a: Arcanine|p2b: Hatterene\n|-damage|p2a: Sableye|12/100\n|move|p2b: Hatterene|Dazzling Gleam|p1b: Mr. Rime|[spread] p1a,p1b\n|-resisted|p1a: Arcanine|1\n|-damage|p1a: Arcanine|0 fnt\n|-damage|p1b: Mr. Rime|0 fnt\n|faint|p1a: Arcanine\n|faint|p1b: Mr. Rime\n|\n|-heal|p2b: Hatterene|51/100|[from] item: Leftovers\n|upkeep\n|\n|t:|1776562900\n|switch|p1a: Garchomp|Garchomp, L50, M|100/100\n|switch|p1b: Froslass|Froslass, L50, F|100/100\n|turn|7\n|inactive|pikafenn has 30 seconds left.\n|\n|t:|1776562932\n|move|p1b: Froslass|Protect|p1b: Froslass\n|-singleturn|p1b: Froslass|Protect\n|move|p2a: Sableye|Light Screen|p2a: Sableye\n|-sidestart|p2: pikafenn|move: Light Screen\n|move|p1a: Garchomp|Earthquake|p2a: Sableye|[spread] p2a,p2b\n|-activate|p1b: Froslass|move: Protect\n|-damage|p2a: Sableye|0 fnt\n|-damage|p2b: Hatterene|5/100\n|faint|p2a: Sableye\n|move|p2b: Hatterene|Trick Room|p2b: Hatterene\n|-fieldstart|move: Trick Room|[of] p2b: Hatterene\n|\n|-heal|p2b: Hatterene|11/100|[from] item: Leftovers\n|upkeep\n|turn|8\n|\n|t:|1776562946\n|detailschange|p1b: Froslass|Froslass-Mega, L50, F\n|-mega|p1b: Froslass|Froslass|Froslassite\n|-weather|Snowscape|[from] ability: Snow Warning|[of] p1b: Froslass\n|move|p2b: Hatterene|Dazzling Gleam|p1a: Garchomp|[spread] p1a,p1b\n|-supereffective|p1a: Garchomp|1\n|-damage|p1a: Garchomp|27/100\n|-damage|p1b: Froslass|54/100\n|move|p1b: Froslass|Blizzard|p2b: Hatterene\n|-damage|p2b: Hatterene|0 fnt\n|faint|p2b: Hatterene\n|\n|win|Strin\n|raw|Strin's rating: 1057 &rarr; <strong>1096</strong><br />(+39 for winning)\n|raw|pikafenn's rating: 1142 &rarr; <strong>1111</strong><br />(-31 for losing)\n|l|\u2606pikafenn\n|player|p2|\n",
  "uploadtime": 1776562958,
  "views": 27,
  "formatid": "gen9championsvgc2026regma",
  "rating": 1096,
  "private": 0,
  "password": null
}