{
  "id": "gen9championsvgc2026regma-2583844668",
  "format": "[Gen 9 Champions] VGC 2026 Reg M-A",
  "players": [
    "piedi nei piedi",
    "policho98"
  ],
  "log": "|j|\u2606piedi nei piedi\n|j|\u2606policho98\n|t:|1776202152\n|gametype|doubles\n|player|p1|piedi nei piedi|zinnia|1515\n|player|p2|policho98|pokemonranger|1472\n|gen|9\n|tier|[Gen 9 Champions] VGC 2026 Reg M-A\n|rated|\n|rule|Species Clause: Limit one of each Pok\u00e9mon\n|rule|Item Clause: Limit 1 of each item\n|clearpoke\n|poke|p1|Maushold, L50|\n|poke|p1|Sneasler, L50, F|\n|poke|p1|Froslass, L50, F|\n|poke|p1|Samurott-Hisui, L50, F|\n|poke|p1|Arcanine-Hisui, L50, F|\n|poke|p1|Milotic, L50, M|\n|poke|p2|Garchomp, L50, F|\n|poke|p2|Kingambit, L50, M|\n|poke|p2|Charizard, L50, M|\n|poke|p2|Sneasler, L50, F|\n|poke|p2|Maushold, L50|\n|poke|p2|Dragapult, L50, M|\n|teampreview|4\n|j| Redcafka98\n|\n|t:|1776202179\n|teamsize|p1|4\n|teamsize|p2|4\n|start\n|switch|p1a: Samurottium|Samurott-Hisui, L50, F|100/100\n|switch|p1b: Froslasso|Froslass, L50, F|100/100\n|switch|p2a: Sneasler|Sneasler, L50, F|100/100\n|switch|p2b: Garchomp|Garchomp, L50, F|100/100\n|turn|1\n|\n|t:|1776202208\n|detailschange|p1b: Froslasso|Froslass-Mega, L50, F\n|-mega|p1b: Froslasso|Froslass|Froslassite\n|-weather|Snowscape|[from] ability: Snow Warning|[of] p1b: Froslasso\n|move|p1a: Samurottium|Protect|p1a: Samurottium\n|-singleturn|p1a: Samurottium|Protect\n|move|p2a: Sneasler|Fake Out|p1a: Samurottium\n|-activate|p1a: Samurottium|move: Protect\n|move|p2b: Garchomp|Rock Slide|p1a: Samurottium|[spread] p1b\n|-activate|p1a: Samurottium|move: Protect\n|-supereffective|p1b: Froslasso|1\n|-damage|p1b: Froslasso|59/100\n|cant|p1b: Froslasso|flinch\n|\n|-weather|Snowscape|[upkeep]\n|upkeep\n|turn|2\n|\n|t:|1776202229\n|switch|p1a: Maushold|Maushold, L50|100/100\n|move|p2b: Garchomp|Rock Slide|p1a: Maushold|[spread] p1a,p1b\n|-supereffective|p1b: Froslasso|1\n|-damage|p1a: Maushold|81/100\n|-damage|p1b: Froslasso|29/100\n|move|p2a: Sneasler|Close Combat|p1a: Maushold\n|-supereffective|p1a: Maushold|1\n|-enditem|p1a: Maushold|Chople Berry|[eat]\n|-enditem|p1a: Maushold|Chople Berry|[weaken]\n|-damage|p1a: Maushold|15/100\n|-unboost|p2a: Sneasler|def|1\n|-unboost|p2a: Sneasler|spd|1\n|move|p1b: Froslasso|Blizzard|p2b: Garchomp|[spread] p2a,p2b\n|-supereffective|p2b: Garchomp|2\n|-damage|p2a: Sneasler|14/100\n|-damage|p2b: Garchomp|0 fnt\n|faint|p2b: Garchomp\n|\n|-weather|Snowscape|[upkeep]\n|upkeep\n|l| Redcafka98\n|\n|t:|1776202256\n|switch|p2b: Kingambit|Kingambit, L50, M|100/100\n|turn|3\n|\n|t:|1776202272\n|move|p1a: Maushold|Feint|p2a: Sneasler\n|-damage|p2a: Sneasler|0 fnt\n|faint|p2a: Sneasler\n|move|p1b: Froslasso|Aurora Veil|p1b: Froslasso\n|-sidestart|p1: piedi nei piedi|move: Aurora Veil\n|move|p2b: Kingambit|Kowtow Cleave|p1b: Froslasso\n|-supereffective|p1b: Froslasso|1\n|-damage|p1b: Froslasso|0 fnt\n|faint|p1b: Froslasso\n|\n|-weather|Snowscape|[upkeep]\n|upkeep\n|\n|t:|1776202291\n|switch|p2a: Charizard|Charizard, L50, M|100/100\n|switch|p1b: Samurottium|Samurott-Hisui, L50, F|100/100\n|turn|4\n|\n|t:|1776202303\n|detailschange|p2a: Charizard|Charizard-Mega-Y, L50, M\n|-mega|p2a: Charizard|Charizard|Charizardite Y\n|-weather|SunnyDay|[from] ability: Drought|[of] p2a: Charizard\n|move|p1a: Maushold|Follow Me|p1a: Maushold\n|-singleturn|p1a: Maushold|move: Follow Me\n|move|p2a: Charizard|Solar Beam||[still]\n|-prepare|p2a: Charizard|Solar Beam\n|-anim|p2a: Charizard|Solar Beam|p1a: Maushold\n|-damage|p1a: Maushold|0 fnt\n|faint|p1a: Maushold\n|move|p1b: Samurottium|Sacred Sword|p2b: Kingambit\n|-supereffective|p2b: Kingambit|2\n|-damage|p2b: Kingambit|0 fnt\n|faint|p2b: Kingambit\n|\n|-weather|SunnyDay|[upkeep]\n|upkeep\n|\n|t:|1776202319\n|switch|p1a: Sneaslerux|Sneasler, L50, F|100/100\n|turn|5\n|\n|t:|1776202324\n|move|p2a: Charizard|Protect|p2a: Charizard\n|-singleturn|p2a: Charizard|Protect\n|move|p1a: Sneaslerux|Fake Out|p2a: Charizard\n|-activate|p2a: Charizard|move: Protect\n|move|p1b: Samurottium|Ceaseless Edge|p2a: Charizard\n|-activate|p2a: Charizard|move: Protect\n|\n|-weather|SunnyDay|[upkeep]\n|upkeep\n|turn|6\n|\n|t:|1776202335\n|move|p1b: Samurottium|Sucker Punch|p2a: Charizard\n|-crit|p2a: Charizard\n|-damage|p2a: Charizard|33/100\n|move|p1a: Sneaslerux|Dire Claw|p2a: Charizard\n|-damage|p2a: Charizard|0 fnt\n|faint|p2a: Charizard\n|\n|win|piedi nei piedi\n|raw|piedi nei piedi's rating: 1515 &rarr; <strong>1533</strong><br />(+18 for winning)\n|raw|policho98's rating: 1472 &rarr; <strong>1454</strong><br />(-18 for losing)\n|l|\u2606policho98\n|player|p2|\n",
  "uploadtime": 1776202354,
  "views": 36,
  "formatid": "gen9championsvgc2026regma",
  "rating": 1454,
  "private": 0,
  "password": null
}