{
  "id": "gen9championsvgc2026regma-2587911823",
  "format": "[Gen 9 Champions] VGC 2026 Reg M-A",
  "players": [
    "JLFalcon",
    "lemond"
  ],
  "log": "|j|\u2606JLFalcon\n|j|\u2606lemond\n|t:|1776578019\n|gametype|doubles\n|player|p1|JLFalcon|brycen|1374\n|player|p2|lemond|170|1398\n|gen|9\n|tier|[Gen 9 Champions] VGC 2026 Reg M-A\n|rated|\n|rule|Species Clause: Limit one of each Pok\u00e9mon\n|rule|Item Clause: Limit 1 of each item\n|clearpoke\n|poke|p1|Skarmory, L50, F|\n|poke|p1|Sneasler, L50, M|\n|poke|p1|Milotic, L50, F|\n|poke|p1|Tyranitar, L50, F|\n|poke|p1|Excadrill, L50, F|\n|poke|p1|Sinistcha, L50|\n|poke|p2|Tyranitar, L50, F|\n|poke|p2|Excadrill, L50, F|\n|poke|p2|Gyarados, L50, F|\n|poke|p2|Gardevoir, L50, F|\n|poke|p2|Sinistcha, L50|\n|poke|p2|Rotom-Heat, L50|\n|teampreview|4\n|inactive|Battle timer is ON: inactive players will automatically lose when time's up. (requested by lemond)\n|c|\u2606JLFalcon|Glhf\n|\n|t:|1776578046\n|teamsize|p1|4\n|teamsize|p2|4\n|start\n|switch|p1a: Milotic|Milotic, L50, F|100/100\n|switch|p1b: Sneasler|Sneasler, L50, M|100/100\n|switch|p2a: Tyranitar|Tyranitar, L50, F|100/100\n|switch|p2b: Excadrill|Excadrill, L50, F|100/100\n|-weather|Sandstorm|[from] ability: Sand Stream|[of] p2a: Tyranitar\n|turn|1\n|c|\u2606lemond|o/\n|\n|t:|1776578056\n|move|p2b: Excadrill|Protect|p2b: Excadrill\n|-singleturn|p2b: Excadrill|Protect\n|move|p2a: Tyranitar|Protect|p2a: Tyranitar\n|-singleturn|p2a: Tyranitar|Protect\n|move|p1b: Sneasler|Fake Out|p2b: Excadrill\n|-activate|p2b: Excadrill|move: Protect\n|move|p1a: Milotic|Coil|p1a: Milotic\n|-boost|p1a: Milotic|atk|1\n|-boost|p1a: Milotic|def|1\n|-boost|p1a: Milotic|accuracy|1\n|\n|-weather|Sandstorm|[upkeep]\n|-damage|p1b: Sneasler|94/100|[from] Sandstorm\n|-damage|p1a: Milotic|94/100|[from] Sandstorm\n|-heal|p1a: Milotic|100/100|[from] item: Leftovers\n|upkeep\n|turn|2\n|inactive|lemond has 30 seconds left.\n|\n|t:|1776578083\n|switch|p2a: Sinistcha|Sinistcha, L50|100/100\n|move|p1b: Sneasler|Protect|p1b: Sneasler\n|-singleturn|p1b: Sneasler|Protect\n|move|p2b: Excadrill|Earthquake|p1b: Sneasler|[spread] p2a,p1a\n|-activate|p1b: Sneasler|move: Protect\n|-resisted|p2a: Sinistcha|1\n|-damage|p2a: Sinistcha|84/100\n|-damage|p1a: Milotic|73/100\n|move|p1a: Milotic|Hypnosis|p2b: Excadrill\n|-status|p2b: Excadrill|slp|[from] move: Hypnosis\n|\n|-weather|Sandstorm|[upkeep]\n|-damage|p1b: Sneasler|88/100|[from] Sandstorm\n|-damage|p1a: Milotic|67/100|[from] Sandstorm\n|-damage|p2a: Sinistcha|77/100|[from] Sandstorm\n|-heal|p1a: Milotic|73/100|[from] item: Leftovers\n|upkeep\n|turn|3\n|inactive|lemond has 30 seconds left.\n|\n|t:|1776578116\n|cant|p2b: Excadrill|slp\n|move|p1b: Sneasler|Close Combat|p2b: Excadrill\n|-supereffective|p2b: Excadrill|1\n|-enditem|p2b: Excadrill|Focus Sash\n|-damage|p2b: Excadrill|1/100 slp\n|-unboost|p1b: Sneasler|def|1\n|-unboost|p1b: Sneasler|spd|1\n|-enditem|p1b: Sneasler|White Herb\n|-clearnegativeboost|p1b: Sneasler|[silent]\n|move|p1a: Milotic|Hypnosis|p2a: Sinistcha\n|-status|p2a: Sinistcha|slp|[from] move: Hypnosis\n|cant|p2a: Sinistcha|slp\n|\n|-weather|Sandstorm|[upkeep]\n|-damage|p1b: Sneasler|82/100|[from] Sandstorm\n|-damage|p1a: Milotic|67/100|[from] Sandstorm\n|-damage|p2a: Sinistcha|71/100 slp|[from] Sandstorm\n|-heal|p1a: Milotic|73/100|[from] item: Leftovers\n|upkeep\n|turn|4\n|\n|t:|1776578136\n|cant|p2b: Excadrill|slp\n|cant|p2a: Sinistcha|slp\n|move|p1b: Sneasler|Coaching|p1a: Milotic\n|-boost|p1a: Milotic|atk|1\n|-boost|p1a: Milotic|def|1\n|move|p1a: Milotic|Muddy Water|p2b: Excadrill|[spread] p2a,p2b\n|-resisted|p2a: Sinistcha|1\n|-supereffective|p2b: Excadrill|1\n|-damage|p2a: Sinistcha|59/100 slp\n|-damage|p2b: Excadrill|0 fnt\n|faint|p2b: Excadrill\n|\n|-weather|Sandstorm|[upkeep]\n|-damage|p1b: Sneasler|76/100|[from] Sandstorm\n|-damage|p1a: Milotic|67/100|[from] Sandstorm\n|-damage|p2a: Sinistcha|53/100 slp|[from] Sandstorm\n|-heal|p1a: Milotic|73/100|[from] item: Leftovers\n|upkeep\n|\n|t:|1776578149\n|switch|p2b: Tyranitar|Tyranitar, L50, F|100/100\n|turn|5\n|\n|t:|1776578161\n|detailschange|p2b: Tyranitar|Tyranitar-Mega, L50, F\n|-mega|p2b: Tyranitar|Tyranitar|Tyranitarite\n|move|p1a: Milotic|Protect|p1a: Milotic\n|-singleturn|p1a: Milotic|Protect\n|-curestatus|p2a: Sinistcha|slp|[msg]\n|move|p2a: Sinistcha|Rage Powder|p2a: Sinistcha\n|-singleturn|p2a: Sinistcha|move: Rage Powder\n|move|p1b: Sneasler|Close Combat|p2a: Sinistcha\n|-immune|p2a: Sinistcha\n|move|p2b: Tyranitar|Dragon Dance|p2b: Tyranitar\n|-boost|p2b: Tyranitar|atk|1\n|-boost|p2b: Tyranitar|spe|1\n|\n|-weather|none\n|-heal|p1a: Milotic|80/100|[from] item: Leftovers\n|upkeep\n|turn|6\n|\n|t:|1776578181\n|move|p2a: Sinistcha|Rage Powder|p2a: Sinistcha\n|-singleturn|p2a: Sinistcha|move: Rage Powder\n|move|p1b: Sneasler|Coaching|p1a: Milotic\n|-boost|p1a: Milotic|atk|1\n|-boost|p1a: Milotic|def|1\n|move|p2b: Tyranitar|Rock Slide|p1a: Milotic|[spread] p1a,p1b\n|-resisted|p1b: Sneasler|1\n|-damage|p1a: Milotic|59/100\n|-damage|p1b: Sneasler|39/100\n|move|p1a: Milotic|Hypnosis|p2a: Sinistcha\n|-status|p2a: Sinistcha|slp|[from] move: Hypnosis\n|\n|-heal|p1a: Milotic|65/100|[from] item: Leftovers\n|upkeep\n|turn|7\n|\n|t:|1776578201\n|switch|p1b: Tyranitar|Tyranitar, L50, F|100/100\n|-weather|Sandstorm|[from] ability: Sand Stream|[of] p1b: Tyranitar\n|move|p2b: Tyranitar|Protect|p2b: Tyranitar\n|-singleturn|p2b: Tyranitar|Protect\n|cant|p2a: Sinistcha|slp\n|move|p1a: Milotic|Muddy Water|p2b: Tyranitar|[spread] p2a\n|-activate|p2b: Tyranitar|move: Protect\n|-resisted|p2a: Sinistcha|1\n|-damage|p2a: Sinistcha|41/100 slp\n|-enditem|p2a: Sinistcha|Sitrus Berry|[eat]\n|-heal|p2a: Sinistcha|66/100 slp|[from] item: Sitrus Berry\n|\n|-weather|Sandstorm|[upkeep]\n|-damage|p1a: Milotic|59/100|[from] Sandstorm\n|-damage|p2a: Sinistcha|59/100 slp|[from] Sandstorm\n|-heal|p1a: Milotic|65/100|[from] item: Leftovers\n|upkeep\n|turn|8\n|\n|t:|1776578218\n|detailschange|p1b: Tyranitar|Tyranitar-Mega, L50, F\n|-mega|p1b: Tyranitar|Tyranitar|Tyranitarite\n|move|p2b: Tyranitar|Rock Slide|p1b: Tyranitar|[spread] p1a,p1b\n|-damage|p1a: Milotic|43/100\n|-damage|p1b: Tyranitar|70/100\n|move|p1a: Milotic|Hypnosis|p2b: Tyranitar\n|-status|p2b: Tyranitar|slp|[from] move: Hypnosis\n|move|p1b: Tyranitar|Knock Off|p2a: Sinistcha\n|-supereffective|p2a: Sinistcha|1\n|-damage|p2a: Sinistcha|0 fnt\n|faint|p2a: Sinistcha\n|\n|-weather|Sandstorm|[upkeep]\n|-damage|p1a: Milotic|37/100|[from] Sandstorm\n|-heal|p1a: Milotic|43/100|[from] item: Leftovers\n|upkeep\n|\n|t:|1776578231\n|switch|p2a: Rotom|Rotom-Heat, L50|100/100\n|turn|9\n|\n|t:|1776578243\n|move|p2a: Rotom|Thunderbolt|p1b: Tyranitar\n|-damage|p1b: Tyranitar|51/100\n|-status|p1b: Tyranitar|par\n|cant|p2b: Tyranitar|slp\n|move|p1a: Milotic|Muddy Water|p2a: Rotom|[spread] p2a,p2b\n|-supereffective|p2a: Rotom|1\n|-supereffective|p2b: Tyranitar|1\n|-damage|p2a: Rotom|41/100\n|-damage|p2b: Tyranitar|73/100 slp\n|move|p1b: Tyranitar|Rock Slide|p2a: Rotom|[spread] p2a,p2b\n|-supereffective|p2a: Rotom|1\n|-damage|p2a: Rotom|0 fnt\n|-damage|p2b: Tyranitar|48/100 slp\n|faint|p2a: Rotom\n|\n|-weather|Sandstorm|[upkeep]\n|-damage|p1a: Milotic|37/100|[from] Sandstorm\n|-heal|p1a: Milotic|43/100|[from] item: Leftovers\n|upkeep\n|turn|10\n|\n|t:|1776578260\n|switch|p1b: Sneasler|Sneasler, L50, M|39/100\n|cant|p2b: Tyranitar|slp\n|move|p1a: Milotic|Muddy Water|p2b: Tyranitar\n|-supereffective|p2b: Tyranitar|1\n|-damage|p2b: Tyranitar|13/100 slp\n|\n|-weather|Sandstorm|[upkeep]\n|-damage|p1b: Sneasler|33/100|[from] Sandstorm\n|-damage|p1a: Milotic|37/100|[from] Sandstorm\n|-heal|p1a: Milotic|43/100|[from] item: Leftovers\n|upkeep\n|turn|11\n|-message|lemond forfeited.\n|\n|win|JLFalcon\n|raw|JLFalcon's rating: 1374 &rarr; <strong>1395</strong><br />(+21 for winning)\n|raw|lemond's rating: 1398 &rarr; <strong>1377</strong><br />(-21 for losing)\n|l|\u2606lemond\n|player|p2|\n",
  "uploadtime": 1776578272,
  "views": 53,
  "formatid": "gen9championsvgc2026regma",
  "rating": 1377,
  "private": 0,
  "password": null
}