{
  "id": "gen9championsvgc2026regma-2588231138",
  "format": "[Gen 9 Champions] VGC 2026 Reg M-A",
  "players": [
    "sucudifrutaz",
    "sethsety"
  ],
  "log": "|j|\u2606sucudifrutaz\n|j|\u2606sethsety\n|t:|1776616458\n|gametype|doubles\n|player|p1|sucudifrutaz|dancer|1108\n|player|p2|sethsety|102|1099\n|gen|9\n|tier|[Gen 9 Champions] VGC 2026 Reg M-A\n|rated|\n|rule|Species Clause: Limit one of each Pok\u00e9mon\n|rule|Item Clause: Limit 1 of each item\n|clearpoke\n|poke|p1|Dragapult, L50, M|\n|poke|p1|Pelipper, L50, F|\n|poke|p1|Basculegion, L50, M|\n|poke|p1|Archaludon, L50, F|\n|poke|p1|Incineroar, L50, F|\n|poke|p1|Dragonite, L50, F|\n|poke|p2|Archaludon, L50, M, shiny|\n|poke|p2|Pelipper, L50, M, shiny|\n|poke|p2|Sinistcha, L50, shiny|\n|poke|p2|Floette-Eternal, L50, F|\n|poke|p2|Hawlucha, L50, M, shiny|\n|poke|p2|Kingambit, L50, M, shiny|\n|teampreview|4\n|\n|t:|1776616473\n|teamsize|p1|4\n|teamsize|p2|4\n|start\n|switch|p1a: Pelipper|Pelipper, L50, F|100/100\n|switch|p1b: Archaludon|Archaludon, L50, F|100/100\n|switch|p2a: Hawlucha|Hawlucha, L50, M, shiny|100/100\n|switch|p2b: Kingambit|Kingambit, L50, M, shiny|100/100\n|-weather|RainDance|[from] ability: Drizzle|[of] p1a: Pelipper\n|turn|1\n|\n|t:|1776616495\n|detailschange|p2a: Hawlucha|Hawlucha-Mega, L50, M, shiny\n|-mega|p2a: Hawlucha|Hawlucha|Hawluchanite\n|move|p2a: Hawlucha|Entrainment|p2b: Kingambit\n|-ability|p2b: Kingambit|No Guard|Defiant|[from] move: Entrainment|[of] p2a: Hawlucha\n|move|p1a: Pelipper|Tailwind|p1a: Pelipper\n|-sidestart|p1: sucudifrutaz|move: Tailwind\n|move|p1b: Archaludon|Electro Shot||[still]\n|-prepare|p1b: Archaludon|Electro Shot\n|-boost|p1b: Archaludon|spa|1\n|-anim|p1b: Archaludon|Electro Shot|p2a: Hawlucha\n|-supereffective|p2a: Hawlucha|1\n|-damage|p2a: Hawlucha|0 fnt\n|faint|p2a: Hawlucha\n|move|p2b: Kingambit|Guillotine|p1b: Archaludon\n|-damage|p1b: Archaludon|0 fnt\n|faint|p1b: Archaludon\n|-ohko\n|\n|-weather|RainDance|[upkeep]\n|upkeep\n|\n|t:|1776616515\n|switch|p2a: Archaludon|Archaludon, L50, M, shiny|100/100\n|switch|p1b: Incineroar|Incineroar, L50, F|100/100\n|-ability|p1b: Incineroar|Intimidate|boost\n|-unboost|p2a: Archaludon|atk|1\n|-unboost|p2b: Kingambit|atk|1\n|turn|2\n|\n|t:|1776616542\n|move|p1b: Incineroar|Fake Out|p2a: Archaludon\n|-resisted|p2a: Archaludon|1\n|-damage|p2a: Archaludon|96/100\n|-ability|p2a: Archaludon|Stamina|boost\n|-boost|p2a: Archaludon|def|1\n|move|p1a: Pelipper|Weather Ball|p2b: Kingambit\n|-damage|p2b: Kingambit|24/100\n|cant|p2a: Archaludon|flinch\n|move|p2b: Kingambit|Guillotine|p1b: Incineroar\n|-damage|p1b: Incineroar|0 fnt\n|faint|p1b: Incineroar\n|-ohko\n|\n|-weather|RainDance|[upkeep]\n|upkeep\n|\n|t:|1776616558\n|switch|p1b: Dragonite|Dragonite, L50, F|100/100\n|turn|3\n|\n|t:|1776616579\n|detailschange|p1b: Dragonite|Dragonite-Mega, L50, F\n|-mega|p1b: Dragonite|Dragonite|Dragoninite\n|move|p1a: Pelipper|Protect|p1a: Pelipper\n|-singleturn|p1a: Pelipper|Protect\n|move|p1b: Dragonite|Thunder|p2b: Kingambit\n|-damage|p2b: Kingambit|0 fnt\n|faint|p2b: Kingambit\n|move|p2a: Archaludon|Electro Shot||[still]\n|-prepare|p2a: Archaludon|Electro Shot\n|-boost|p2a: Archaludon|spa|1\n|-anim|p2a: Archaludon|Electro Shot|p1a: Pelipper\n|-activate|p1a: Pelipper|move: Protect\n|\n|-weather|RainDance|[upkeep]\n|upkeep\n|\n|t:|1776616592\n|switch|p2b: Pelipper|Pelipper, L50, M, shiny|100/100\n|turn|4\n|\n|t:|1776616610\n|move|p1b: Dragonite|Dragon Claw|p2a: Archaludon\n|-damage|p2a: Archaludon|73/100\n|-ability|p2a: Archaludon|Stamina|boost\n|-boost|p2a: Archaludon|def|1\n|move|p1a: Pelipper|Weather Ball|p2a: Archaludon\n|-resisted|p2a: Archaludon|1\n|-damage|p2a: Archaludon|31/100\n|-ability|p2a: Archaludon|Stamina|boost\n|-boost|p2a: Archaludon|def|1\n|move|p2b: Pelipper|Tailwind|p2b: Pelipper\n|-sidestart|p2: sethsety|move: Tailwind\n|move|p2a: Archaludon|Draco Meteor|p1b: Dragonite\n|-supereffective|p1b: Dragonite|1\n|-damage|p1b: Dragonite|13/100\n|-unboost|p2a: Archaludon|spa|2\n|\n|-weather|RainDance|[upkeep]\n|-sideend|p1: sucudifrutaz|move: Tailwind\n|upkeep\n|turn|5\n|\n|t:|1776616641\n|move|p2b: Pelipper|Hurricane|p1b: Dragonite\n|-damage|p1b: Dragonite|0 fnt\n|faint|p1b: Dragonite\n|move|p2a: Archaludon|Electro Shot||[still]\n|-prepare|p2a: Archaludon|Electro Shot\n|-boost|p2a: Archaludon|spa|1\n|-anim|p2a: Archaludon|Electro Shot|p1a: Pelipper\n|-supereffective|p1a: Pelipper|2\n|-enditem|p1a: Pelipper|Focus Sash\n|-damage|p1a: Pelipper|1/100\n|move|p1a: Pelipper|Weather Ball|p2a: Archaludon\n|-resisted|p2a: Archaludon|1\n|-crit|p2a: Archaludon\n|-damage|p2a: Archaludon|0 fnt\n|faint|p2a: Archaludon\n|\n|-weather|none\n|upkeep\n|turn|6\n|\n|t:|1776616658\n|move|p2b: Pelipper|Weather Ball|p1a: Pelipper\n|-damage|p1a: Pelipper|0 fnt\n|faint|p1a: Pelipper\n|\n|win|sethsety\n|raw|sucudifrutaz's rating: 1108 &rarr; <strong>1082</strong><br />(-26 for losing)\n|raw|sethsety's rating: 1099 &rarr; <strong>1125</strong><br />(+26 for winning)\n|l|\u2606sucudifrutaz\n|player|p1|\n",
  "uploadtime": 1776616682,
  "views": 11,
  "formatid": "gen9championsvgc2026regma",
  "rating": 1082,
  "private": 0,
  "password": null
}