{
  "id": "gen9championsvgc2026regma-2586315602",
  "format": "[Gen 9 Champions] VGC 2026 Reg M-A",
  "players": [
    "Mozilla Fennekin",
    "so_bruno"
  ],
  "log": "|j|\u2606Mozilla Fennekin\n|j|\u2606so_bruno\n|t:|1776424487\n|gametype|doubles\n|player|p1|Mozilla Fennekin|marnie-masters3|1087\n|player|p2|so_bruno|wattson|1086\n|gen|9\n|tier|[Gen 9 Champions] VGC 2026 Reg M-A\n|rated|\n|rule|Species Clause: Limit one of each Pok\u00e9mon\n|rule|Item Clause: Limit 1 of each item\n|clearpoke\n|poke|p1|Gyarados, L50, F|\n|poke|p1|Starmie, L50|\n|poke|p1|Ninetales-Alola, L50, M|\n|poke|p1|Oranguru, L50, M|\n|poke|p1|Aerodactyl, L50, F|\n|poke|p1|Hydreigon, L50, F|\n|poke|p2|Jolteon, L50, F|\n|poke|p2|Gyarados, L50, F|\n|poke|p2|Lopunny, L50, F|\n|poke|p2|Kingambit, L50, M|\n|poke|p2|Farigiraf, L50, F|\n|poke|p2|Whimsicott, L50, F|\n|teampreview|4\nso_bruno rejected open team sheets.\n|c|\u2606so_bruno|have a good day bri\n|c|\u2606so_bruno|bro\n|c|\u2606Mozilla Fennekin|thanks bud\n|c|\u2606Mozilla Fennekin|you too\n|\n|t:|1776424557\n|teamsize|p1|4\n|teamsize|p2|4\n|start\n|switch|p1a: Aerodactyl|Aerodactyl, L50, F|100/100\n|switch|p1b: Ninetales|Ninetales-Alola, L50, M|100/100\n|switch|p2a: V\u00f4te|Jolteon, L50, F|100/100\n|switch|p2b: Marvina|Lopunny, L50, F|100/100\n|-ability|p1a: Aerodactyl|Unnerve\n|-weather|Snowscape|[from] ability: Snow Warning|[of] p1b: Ninetales\n|turn|1\n|\n|t:|1776424587\n|switch|p1a: Hydreigon|Hydreigon, L50, F|100/100\n|detailschange|p2b: Marvina|Lopunny-Mega, L50, F\n|-mega|p2b: Marvina|Lopunny|Lopunnite\n|move|p2b: Marvina|Close Combat|p1b: Ninetales\n|-damage|p1b: Ninetales|36/100\n|-unboost|p2b: Marvina|def|1\n|-unboost|p2b: Marvina|spd|1\n|move|p2a: V\u00f4te|Volt Switch|p1a: Hydreigon\n|-resisted|p1a: Hydreigon|1\n|-damage|p1a: Hydreigon|77/100\n|\n|t:|1776424600\n|switch|p2a: Haku|Farigiraf, L50, F|100/100|[from] Volt Switch\n|move|p1b: Ninetales|Aurora Veil|p1b: Ninetales\n|-sidestart|p1: Mozilla Fennekin|move: Aurora Veil\n|\n|-weather|Snowscape|[upkeep]\n|upkeep\n|turn|2\n|\n|t:|1776424609\n|move|p1a: Hydreigon|Dark Pulse|p2a: Haku\n|-supereffective|p2a: Haku|1\n|-damage|p2a: Haku|14/100\n|-enditem|p2a: Haku|Sitrus Berry|[eat]\n|-heal|p2a: Haku|39/100|[from] item: Sitrus Berry\n|move|p2b: Marvina|U-turn|p1a: Hydreigon\n|-supereffective|p1a: Hydreigon|1\n|-damage|p1a: Hydreigon|38/100\n|\n|t:|1776424618\n|switch|p2b: V\u00f4te|Jolteon, L50, F|100/100|[from] U-turn\n|move|p1b: Ninetales|Nasty Plot|p1b: Ninetales\n|-boost|p1b: Ninetales|spa|2\n|move|p2a: Haku|Hyper Voice|p1a: Hydreigon|[spread] p1a,p1b\n|-damage|p1a: Hydreigon|11/100\n|-damage|p1b: Ninetales|14/100\n|\n|-weather|Snowscape|[upkeep]\n|upkeep\n|turn|3\n|\n|t:|1776424635\n|move|p1a: Hydreigon|Dark Pulse|p2a: Haku\n|-supereffective|p2a: Haku|1\n|-damage|p2a: Haku|0 fnt\n|faint|p2a: Haku\n|move|p2b: V\u00f4te|Electroweb|p1b: Ninetales|[spread] p1a,p1b\n|-resisted|p1a: Hydreigon|1\n|-damage|p1a: Hydreigon|0 fnt\n|-damage|p1b: Ninetales|0 fnt\n|faint|p1a: Hydreigon\n|faint|p1b: Ninetales\n|\n|-weather|Snowscape|[upkeep]\n|upkeep\n|\n|t:|1776424644\n|switch|p1b: Aerodactyl|Aerodactyl, L50, F|100/100\n|switch|p1a: Starmie|Starmie, L50|100/100\n|switch|p2a: Marinho|Gyarados, L50, F|100/100\n|-ability|p1b: Aerodactyl|Unnerve\n|-ability|p2a: Marinho|Intimidate|boost\n|-unboost|p1a: Starmie|atk|1\n|-unboost|p1b: Aerodactyl|atk|1\n|turn|4\n|\n|t:|1776424656\n|detailschange|p1a: Starmie|Starmie-Mega, L50\n|-mega|p1a: Starmie|Starmie|Starminite\n|move|p1b: Aerodactyl|Tailwind|p1b: Aerodactyl\n|-sidestart|p1: Mozilla Fennekin|move: Tailwind\n|move|p1a: Starmie|Thunderbolt|p2a: Marinho\n|-supereffective|p2a: Marinho|2\n|-damage|p2a: Marinho|0 fnt\n|faint|p2a: Marinho\n|move|p2b: V\u00f4te|Electroweb|p1b: Aerodactyl|[spread] p1a,p1b\n|-supereffective|p1a: Starmie|1\n|-supereffective|p1b: Aerodactyl|1\n|-damage|p1a: Starmie|58/100\n|-damage|p1b: Aerodactyl|58/100\n|-unboost|p1a: Starmie|spe|1\n|-unboost|p1b: Aerodactyl|spe|1\n|\n|-weather|Snowscape|[upkeep]\n|upkeep\n|\n|t:|1776424666\n|switch|p2a: Marvina|Lopunny-Mega, L50, F|100/100\n|turn|5\n|\n|t:|1776424675\n|move|p1a: Starmie|Protect|p1a: Starmie\n|-singleturn|p1a: Starmie|Protect\n|move|p1b: Aerodactyl|Dual Wingbeat|p2a: Marvina\n|-supereffective|p2a: Marvina|1\n|-damage|p2a: Marvina|76/100\n|-supereffective|p2a: Marvina|1\n|-damage|p2a: Marvina|51/100\n|-hitcount|p2a: Marvina|2\n|move|p2a: Marvina|Facade|p1a: Starmie\n|-activate|p1a: Starmie|move: Protect\n|move|p2b: V\u00f4te|Electroweb|p1a: Starmie|[spread] p1b\n|-activate|p1a: Starmie|move: Protect\n|-supereffective|p1b: Aerodactyl|1\n|-damage|p1b: Aerodactyl|19/100\n|-unboost|p1b: Aerodactyl|spe|1\n|\n|-weather|none\n|-sideend|p1: Mozilla Fennekin|move: Aurora Veil\n|upkeep\n|turn|6\n|\n|t:|1776424704\n|move|p1a: Starmie|Liquidation|p2b: V\u00f4te\n|-damage|p2b: V\u00f4te|15/100\n|move|p1b: Aerodactyl|Rock Slide|p2a: Marvina|[spread] p2a,p2b\n|-resisted|p2a: Marvina|1\n|-damage|p2a: Marvina|43/100\n|-damage|p2b: V\u00f4te|0 fnt\n|faint|p2b: V\u00f4te\n|move|p2a: Marvina|Close Combat|p1b: Aerodactyl\n|-damage|p1b: Aerodactyl|0 fnt\n|-unboost|p2a: Marvina|def|1\n|-unboost|p2a: Marvina|spd|1\n|faint|p1b: Aerodactyl\n|\n|upkeep\n|turn|7\n|\n|t:|1776424717\n|move|p1a: Starmie|Liquidation|p2a: Marvina\n|-damage|p2a: Marvina|0 fnt\n|faint|p2a: Marvina\n|\n|win|Mozilla Fennekin\n|raw|Mozilla Fennekin's rating: 1087 &rarr; <strong>1114</strong><br />(+27 for winning)\n|raw|so_bruno's rating: 1086 &rarr; <strong>1063</strong><br />(-23 for losing)\n|c|\u2606Mozilla Fennekin|gg\n|c|\u2606so_bruno|gg\n",
  "uploadtime": 1776424722,
  "views": 28,
  "formatid": "gen9championsvgc2026regma",
  "rating": 1063,
  "private": 0,
  "password": null
}