{
  "id": "gen9championsvgc2026regma-2585991892",
  "format": "[Gen 9 Champions] VGC 2026 Reg M-A",
  "players": [
    "Cube492",
    "Moxiemencefan21"
  ],
  "log": "|j|\u2606Cube492\n|j|\u2606Moxiemencefan21\n|t:|1776388249\n|gametype|doubles\n|player|p1|Cube492|az-lza|1045\n|player|p2|Moxiemencefan21|1|1117\n|gen|9\n|tier|[Gen 9 Champions] VGC 2026 Reg M-A\n|rated|\n|rule|Species Clause: Limit one of each Pok\u00e9mon\n|rule|Item Clause: Limit 1 of each item\n|clearpoke\n|poke|p1|Zoroark-Hisui, L50, M|\n|poke|p1|Starmie, L50|\n|poke|p1|Ditto, L50|\n|poke|p1|Dragapult, L50, F|\n|poke|p1|Excadrill, L50, F|\n|poke|p1|Glalie, L50, F|\n|poke|p2|Manectric, L50, F|\n|poke|p2|Tauros-Paldea-Aqua, L50, M|\n|poke|p2|Sinistcha-Masterpiece, L50|\n|poke|p2|Aerodactyl, L50, F|\n|poke|p2|Volcarona, L50, M|\n|poke|p2|Dragapult, L50, M|\n|teampreview|4\n|\n|t:|1776388273\n|teamsize|p1|4\n|teamsize|p2|4\n|start\n|switch|p1a: Dragapult|Dragapult, L50, F|100/100\n|switch|p1b: Glalie|Glalie, L50, F|100/100\n|switch|p2a: Manectric|Manectric, L50, F|100/100\n|switch|p2b: Volcarona|Volcarona, L50, M|100/100\n|turn|1\n|\n|t:|1776388294\n|detailschange|p2a: Manectric|Manectric-Mega, L50, F\n|-mega|p2a: Manectric|Manectric|Manectite\n|-ability|p2a: Manectric|Intimidate|boost\n|-unboost|p1a: Dragapult|atk|1\n|-unboost|p1b: Glalie|atk|1\n|move|p2a: Manectric|Protect|p2a: Manectric\n|-singleturn|p2a: Manectric|Protect\n|move|p1b: Glalie|Protect|p1b: Glalie\n|-singleturn|p1b: Glalie|Protect\n|move|p2b: Volcarona|Protect|p2b: Volcarona\n|-singleturn|p2b: Volcarona|Protect\n|move|p1a: Dragapult|Nasty Plot|p1a: Dragapult\n|-boost|p1a: Dragapult|spa|2\n|\n|-ability|p1b: Glalie|Moody|boost\n|-boost|p1b: Glalie|spa|2\n|-unboost|p1b: Glalie|atk|1\n|upkeep\n|turn|2\n|\n|t:|1776388316\n|switch|p1b: Duper|Ditto, L50|100/100\n|-transform|p1b: Duper|p2a: Manectric|[from] ability: Imposter\n|-ability|p1b: Duper|Intimidate|boost\n|-unboost|p2a: Manectric|atk|1\n|-unboost|p2b: Volcarona|atk|1\n|move|p2a: Manectric|Snarl|p1a: Dragapult|[spread] p1a,p1b\n|-supereffective|p1a: Dragapult|1\n|-damage|p1a: Dragapult|43/100\n|-damage|p1b: Duper|80/100\n|-unboost|p1a: Dragapult|spa|1\n|-unboost|p1b: Duper|spa|1\n|replace|p1a: Super|Zoroark-Hisui, L50, M\n|-end|p1a: Super|Illusion\n|move|p1a: Super|Hyper Voice|p2a: Manectric|[spread] p2a,p2b\n|-damage|p2a: Manectric|27/100\n|-damage|p2b: Volcarona|50/100\n|move|p2b: Volcarona|Quiver Dance|p2b: Volcarona\n|-boost|p2b: Volcarona|spa|1\n|-boost|p2b: Volcarona|spd|1\n|-boost|p2b: Volcarona|spe|1\n|\n|-heal|p2b: Volcarona|57/100|[from] item: Leftovers\n|upkeep\n|turn|3\n|\n|t:|1776388355\n|switch|p2a: Sinistcha|Sinistcha-Masterpiece, L50|100/100\n|-heal|p2b: Volcarona|82/100|[from] ability: Hospitality|[of] p2a: Sinistcha\n|move|p1a: Super|Protect|p1a: Super\n|-singleturn|p1a: Super|Protect\n|move|p1b: Duper|Snarl|p2a: Sinistcha|[spread] p2a,p2b\n|-supereffective|p2a: Sinistcha|1\n|-damage|p2a: Sinistcha|83/100\n|-damage|p2b: Volcarona|75/100\n|-unboost|p2a: Sinistcha|spa|1\n|-unboost|p2b: Volcarona|spa|1\n|move|p2b: Volcarona|Quiver Dance|p2b: Volcarona\n|-boost|p2b: Volcarona|spa|1\n|-boost|p2b: Volcarona|spd|1\n|-boost|p2b: Volcarona|spe|1\n|\n|-heal|p2b: Volcarona|82/100|[from] item: Leftovers\n|upkeep\n|turn|4\n|\n|t:|1776388398\n|switch|p1b: Dragapult|Dragapult, L50, F|100/100\n|switch|p2a: Manectric|Manectric-Mega, L50, F|27/100\n|-ability|p2a: Manectric|Intimidate|boost\n|-unboost|p1a: Super|atk|1\n|-fail|p1b: Dragapult|unboost|[from] ability: Clear Body|[of] p1b: Dragapult\n|move|p2b: Volcarona|Heat Wave|p1b: Dragapult|[spread] p1b\n|-miss|p2b: Volcarona|p1a: Super\n|-resisted|p1b: Dragapult|1\n|-damage|p1b: Dragapult|62/100\n|move|p1a: Super|Bitter Malice|p2a: Manectric\n|-damage|p2a: Manectric|0 fnt\n|faint|p2a: Manectric\n|\n|-heal|p2b: Volcarona|88/100|[from] item: Leftovers\n|upkeep\n|\n|t:|1776388428\n|switch|p2a: Tauros|Tauros-Paldea-Aqua, L50, M|100/100\n|-ability|p2a: Tauros|Intimidate|boost\n|-unboost|p1a: Super|atk|1\n|-fail|p1b: Dragapult|unboost|[from] ability: Clear Body|[of] p1b: Dragapult\n|turn|5\n|\n|t:|1776388460\n|switch|p1a: Duper|Ditto, L50|80/100\n|-transform|p1a: Duper|p2b: Volcarona|[from] ability: Imposter\n|move|p1b: Dragapult|Sucker Punch|p2b: Volcarona\n|-damage|p2b: Volcarona|64/100\n|-status|p1b: Dragapult|brn|[from] ability: Flame Body|[of] p2b: Volcarona\n|move|p2b: Volcarona|Heat Wave|p1b: Dragapult|[spread] p1a,p1b\n|-resisted|p1b: Dragapult|1\n|-damage|p1a: Duper|50/100\n|-damage|p1b: Dragapult|22/100 brn\n|-enditem|p1b: Dragapult|Sitrus Berry|[eat]\n|-heal|p1b: Dragapult|47/100 brn|[from] item: Sitrus Berry\n|move|p2a: Tauros|Rock Slide|p1a: Duper|[spread] p1a,p1b\n|-supereffective|p1a: Duper|2\n|-damage|p1a: Duper|0 fnt\n|-damage|p1b: Dragapult|25/100 brn\n|faint|p1a: Duper\n|\n|-heal|p2b: Volcarona|70/100|[from] item: Leftovers\n|-damage|p1b: Dragapult|19/100 brn|[from] brn\n|upkeep\n|\n|t:|1776388479\n|switch|p1a: Glalie|Glalie, L50, F|100/100\n|turn|6\n|\n|t:|1776388494\n|detailschange|p1a: Glalie|Glalie-Mega, L50, F\n|-mega|p1a: Glalie|Glalie|Glalitite\n|move|p2a: Tauros|Protect|p2a: Tauros\n|-singleturn|p2a: Tauros|Protect\n|move|p2b: Volcarona|Heat Wave|p1b: Dragapult|[spread] p1a,p1b\n|-supereffective|p1a: Glalie|1\n|-resisted|p1b: Dragapult|1\n|-damage|p1a: Glalie|0 fnt\n|-damage|p1b: Dragapult|0 fnt\n|faint|p1a: Glalie\n|faint|p1b: Dragapult\n|\n|-heal|p2b: Volcarona|77/100|[from] item: Leftovers\n|upkeep\n|\n|t:|1776388502\n|switch|p1b: Super|Zoroark-Hisui, L50, M|43/100\n|turn|7\n|\n|t:|1776388513\n|move|p2b: Volcarona|Heat Wave|p1b: Super|[miss]\n|-miss|p2b: Volcarona|p1b: Super\n|move|p1b: Super|Hyper Voice|p2b: Volcarona|[spread] p2a,p2b\n|-damage|p2a: Tauros|54/100\n|-damage|p2b: Volcarona|59/100\n|move|p2a: Tauros|Raging Bull|p1b: Super\n|-damage|p1b: Super|0 fnt\n|faint|p1b: Super\n|\n|win|Moxiemencefan21\n|raw|Cube492's rating: 1045 &rarr; <strong>1032</strong><br />(-13 for losing)\n|raw|Moxiemencefan21's rating: 1117 &rarr; <strong>1137</strong><br />(+20 for winning)\n",
  "uploadtime": 1776388519,
  "views": 15,
  "formatid": "gen9championsvgc2026regma",
  "rating": 1032,
  "private": 0,
  "password": null
}