{
  "id": "gen9championsvgc2026regma-2588366473",
  "format": "[Gen 9 Champions] VGC 2026 Reg M-A",
  "players": [
    "tikini",
    "poyolo33"
  ],
  "log": "|j|\u2606tikini\n|j|\u2606poyolo33\n|t:|1776627562\n|gametype|doubles\n|player|p1|tikini|swimmerf-gen4|\n|player|p2|poyolo33|brycenman|\n|gen|9\n|tier|[Gen 9 Champions] VGC 2026 Reg M-A\n|rated|Tournament battle\n|rule|Species Clause: Limit one of each Pok\u00e9mon\n|rule|Item Clause: Limit 1 of each item\n|clearpoke\n|poke|p1|Floette-Eternal, L50, F|\n|poke|p1|Tinkaton, L50, F|\n|poke|p1|Sinistcha-Masterpiece, L50|\n|poke|p1|Incineroar, L50, M|\n|poke|p1|Garchomp, L50, M|\n|poke|p1|Rotom-Wash, L50|\n|poke|p2|Charizard, L50, M|\n|poke|p2|Whimsicott, L50, M|\n|poke|p2|Incineroar, L50, F|\n|poke|p2|Rotom-Wash, L50|\n|poke|p2|Sneasler, L50, F|\n|poke|p2|Ninetales-Alola, L50, F|\n|teampreview|4\n|j| porygon-epilepz\ntikini has agreed to open team sheets.\n|l| porygon-epilepz\npoyolo33 has agreed to open team sheets.\n|showteam|p1|Floette-Eternal||Floettite|FlowerVeil|Moonblast,DazzlingGleam,CalmMind,Protect|||F|||50|]Tinkaton||OccaBerry|OwnTempo|GigatonHammer,PlayRough,FakeOut,Encore|||F|||50|]Sinistcha-Masterpiece||Leftovers|Hospitality|MatchaGotcha,Protect,RagePowder,TrickRoom||||||50|]Incineroar||SitrusBerry|Intimidate|FlareBlitz,DarkestLariat,PartingShot,FakeOut|||M|||50|]Garchomp||SoftSand|RoughSkin|StompingTantrum,Earthquake,RockTomb,Protect|||M|||50|]Rotom-Wash||ChoiceScarf|Levitate|VoltSwitch,Electroweb,WillOWisp,HydroPump||||||50|\n|showteam|p2|Charizard||CharizarditeX|Blaze|DragonClaw,DragonDance,FlareBlitz,Protect|||M|||50|]Whimsicott||FocusSash|Prankster|Tailwind,Moonblast,Encore,SunnyDay|||M|||50|]Incineroar||ChopleBerry|Intimidate|FlareBlitz,DarkestLariat,FakeOut,PartingShot|||F|||50|]Rotom-Wash||SitrusBerry|Levitate|HydroPump,VoltSwitch,WillOWisp,Protect||||||50|]Sneasler||WhiteHerb|Unburden|FakeOut,DireClaw,Coaching,CloseCombat|||F|||50|]Ninetales-Alola||LumBerry|SnowWarning|AuroraVeil,Blizzard,Protect,Encore|||F|||50|\n|j| Echidona1\n|\n|t:|1776627632\n|teamsize|p1|4\n|teamsize|p2|4\n|start\n|switch|p1a: Floette|Floette-Eternal, L50, F|100/100\n|switch|p1b: Incineroar|Incineroar, L50, M|100/100\n|switch|p2a: Incineroar|Incineroar, L50, F|100/100\n|switch|p2b: Charizard|Charizard, L50, M|100/100\n|-ability|p1b: Incineroar|Intimidate|boost\n|-unboost|p2a: Incineroar|atk|1\n|-unboost|p2b: Charizard|atk|1\n|-ability|p2a: Incineroar|Intimidate|boost\n|-unboost|p1a: Floette|atk|1\n|-unboost|p1b: Incineroar|atk|1\n|turn|1\n|j|@radio free c-side\n|\n|t:|1776627675\n|switch|p2b: Whimsicott|Whimsicott, L50, M|100/100\n|move|p1b: Incineroar|Fake Out|p2a: Incineroar\n|-damage|p2a: Incineroar|93/100\n|cant|p2a: Incineroar|flinch\n|move|p1a: Floette|Calm Mind|p1a: Floette\n|-boost|p1a: Floette|spa|1\n|-boost|p1a: Floette|spd|1\n|\n|upkeep\n|turn|2\n|j|+Hasayo\n|\n|t:|1776627696\n|move|p1a: Floette|Protect|p1a: Floette\n|-singleturn|p1a: Floette|Protect\n|move|p2b: Whimsicott|Encore|p1a: Floette\n|-activate|p1a: Floette|move: Protect\n|move|p1b: Incineroar|Parting Shot|p2a: Incineroar\n|-unboost|p2a: Incineroar|atk|1\n|-unboost|p2a: Incineroar|spa|1\n|\n|t:|1776627704\n|switch|p1b: Tinkaton|Tinkaton, L50, F|100/100|[from] Parting Shot\n|move|p2a: Incineroar|Flare Blitz|p1a: Floette\n|-activate|p1a: Floette|move: Protect\n|\n|upkeep\n|turn|3\n|\n|t:|1776627732\n|detailschange|p1a: Floette|Floette-Mega, L50, F\n|-mega|p1a: Floette|Floette|Floettite\n|-ability|p1a: Floette|Fairy Aura\n|move|p1b: Tinkaton|Fake Out|p2b: Whimsicott\n|-damage|p2b: Whimsicott|88/100\n|cant|p2b: Whimsicott|flinch\n|move|p1a: Floette|Moonblast|p2a: Incineroar\n|-damage|p2a: Incineroar|0 fnt\n|faint|p2a: Incineroar\n|\n|upkeep\n|j| Brolamog\n|\n|t:|1776627746\n|switch|p2a: Sneasler|Sneasler, L50, F|100/100\n|turn|4\n|\n|t:|1776627768\n|switch|p1b: Incineroar|Incineroar, L50, M|100/100\n|-ability|p1b: Incineroar|Intimidate|boost\n|-unboost|p2a: Sneasler|atk|1\n|-unboost|p2b: Whimsicott|atk|1\n|-enditem|p2a: Sneasler|White Herb\n|-clearnegativeboost|p2a: Sneasler|[silent]\n|move|p1a: Floette|Protect|p1a: Floette\n|-singleturn|p1a: Floette|Protect\n|move|p2a: Sneasler|Fake Out|p1a: Floette\n|-activate|p1a: Floette|move: Protect\n|move|p2b: Whimsicott|Tailwind|p2b: Whimsicott\n|-sidestart|p2: poyolo33|move: Tailwind\n|\n|upkeep\n|turn|5\n|\n|t:|1776627791\n|switch|p1a: Tinkaton|Tinkaton, L50, F|100/100\n|move|p1b: Incineroar|Fake Out|p2a: Sneasler\n|-damage|p2a: Sneasler|82/100\n|move|p2b: Whimsicott|Encore||[still]\n|-fail|p2b: Whimsicott\n|cant|p2a: Sneasler|flinch\n|\n|upkeep\n|turn|6\n|\n|t:|1776627823\n|switch|p2b: Charizard|Charizard, L50, M|100/100\n|move|p1a: Tinkaton|Fake Out|p2a: Sneasler\n|-damage|p2a: Sneasler|68/100\n|cant|p2a: Sneasler|flinch\n|move|p1b: Incineroar|Parting Shot|p2a: Sneasler\n|-unboost|p2a: Sneasler|atk|1\n|-unboost|p2a: Sneasler|spa|1\n|\n|t:|1776627836\n|switch|p1b: Floette|Floette-Mega, L50, F|100/100|[from] Parting Shot\n|-ability|p1b: Floette|Fairy Aura\n|\n|upkeep\n|turn|7\n|inactive|Battle timer is ON: inactive players will automatically lose when time's up. (requested by tikini)\n|\n|t:|1776627850\n|switch|p1a: Incineroar|Incineroar, L50, M|100/100\n|-ability|p1a: Incineroar|Intimidate|boost\n|-unboost|p2a: Sneasler|atk|1\n|-unboost|p2b: Charizard|atk|1\n|detailschange|p2b: Charizard|Charizard-Mega-X, L50, M\n|-mega|p2b: Charizard|Charizard|Charizardite X\n|move|p2b: Charizard|Protect|p2b: Charizard\n|-singleturn|p2b: Charizard|Protect\n|move|p1b: Floette|Protect|p1b: Floette\n|-singleturn|p1b: Floette|Protect\n|move|p2a: Sneasler|Coaching|p2b: Charizard\n|-boost|p2b: Charizard|atk|1\n|-boost|p2b: Charizard|def|1\n|\n|-sideend|p2: poyolo33|move: Tailwind\n|upkeep\n|turn|8\n|inactive|tikini has 30 seconds left.\n|\n|t:|1776627882\n|move|p1a: Incineroar|Fake Out|p2b: Charizard\n|-damage|p2b: Charizard|93/100\n|move|p2a: Sneasler|Coaching|p2b: Charizard\n|-boost|p2b: Charizard|atk|1\n|-boost|p2b: Charizard|def|1\n|cant|p2b: Charizard|flinch\n|move|p1b: Floette|Dazzling Gleam|p2a: Sneasler|[spread] p2a,p2b\n|-damage|p2a: Sneasler|0 fnt\n|-damage|p2b: Charizard|32/100\n|faint|p2a: Sneasler\n|\n|upkeep\n|\n|t:|1776627893\n|switch|p2a: Whimsicott|Whimsicott, L50, M|88/100\n|turn|9\n|\n|t:|1776627908\n|switch|p1b: Tinkaton|Tinkaton, L50, F|100/100\n|move|p2a: Whimsicott|Tailwind|p2a: Whimsicott\n|-sidestart|p2: poyolo33|move: Tailwind\n|move|p2b: Charizard|Flare Blitz|p1a: Incineroar\n|-resisted|p1a: Incineroar|1\n|-damage|p1a: Incineroar|48/100\n|-enditem|p1a: Incineroar|Sitrus Berry|[eat]\n|-heal|p1a: Incineroar|73/100|[from] item: Sitrus Berry\n|-damage|p2b: Charizard|12/100|[from] Recoil\n|move|p1a: Incineroar|Parting Shot|p2b: Charizard\n|-unboost|p2b: Charizard|atk|1\n|-unboost|p2b: Charizard|spa|1\n|\n|t:|1776627930\n|switch|p1a: Floette|Floette-Mega, L50, F|100/100|[from] Parting Shot\n|-ability|p1a: Floette|Fairy Aura\n|\n|upkeep\n|turn|10\n|j| stinkyton\n|\n|t:|1776627940\n|move|p2b: Charizard|Protect|p2b: Charizard\n|-singleturn|p2b: Charizard|Protect\n|move|p1b: Tinkaton|Fake Out|p2b: Charizard\n|-activate|p2b: Charizard|move: Protect\n|move|p2a: Whimsicott|Sunny Day|p2a: Whimsicott\n|-weather|SunnyDay\n|move|p1a: Floette|Moonblast|p2a: Whimsicott\n|-damage|p2a: Whimsicott|0 fnt\n|faint|p2a: Whimsicott\n|\n|-weather|SunnyDay|[upkeep]\n|upkeep\n|turn|11\n|\n|t:|1776627953\n|move|p2b: Charizard|Flare Blitz|p1b: Tinkaton\n|-supereffective|p1b: Tinkaton|1\n|-enditem|p1b: Tinkaton|Occa Berry|[eat]\n|-enditem|p1b: Tinkaton|Occa Berry|[weaken]\n|-damage|p1b: Tinkaton|0 fnt\n|faint|p1b: Tinkaton\n|-damage|p2b: Charizard|0 fnt|[from] Recoil\n|faint|p2b: Charizard\n|\n|win|tikini\n|n|\u2606tikini|tikini\n|n|\u2606poyolo33|poyolo33\n|n| Echidona1|echidona1\n|n|+radio free c-side|radiofreecside\n|n| Hasayo|hasayo\n|n| Brolamog|brolamog\n|n| stinkyton|stinkyton\n|c|\u2606poyolo33|GG\n|l|\u2606poyolo33\n|player|p2|\n|l| Brolamog\n|l| Hasayo\n",
  "uploadtime": 1776627567,
  "views": 7,
  "formatid": "gen9championsvgc2026regma",
  "rating": null,
  "private": 0,
  "password": null
}