{
  "id": "gen9championsvgc2026regma-2580980138",
  "format": "[Gen 9 Champions] VGC 2026 Reg M-A",
  "players": [
    "tavinn_n",
    "L234S"
  ],
  "log": "|j|\u2606tavinn_n\n|j|\u2606L234S\n|t:|1775948647\n|gametype|doubles\n|player|p1|tavinn_n|ghetsis|1271\n|player|p2|L234S|101|1296\n|gen|9\n|tier|[Gen 9 Champions] VGC 2026 Reg M-A\n|rated|\n|rule|Species Clause: Limit one of each Pok\u00e9mon\n|rule|Item Clause: Limit 1 of each item\n|clearpoke\n|poke|p1|Aggron, L50, M|\n|poke|p1|Tyranitar, L50, M|\n|poke|p1|Sinistcha, L50|\n|poke|p1|Rotom-Wash, L50|\n|poke|p1|Arcanine-Hisui, L50, M|\n|poke|p1|Primarina, L50, M|\n|poke|p2|Floette-Eternal, L50, F|\n|poke|p2|Aerodactyl, L50, F|\n|poke|p2|Incineroar, L50, M|\n|poke|p2|Milotic, L50, M|\n|poke|p2|Sinistcha, L50|\n|poke|p2|Garchomp, L50, M|\n|teampreview|4\n|inactive|Battle timer is ON: inactive players will automatically lose when time's up. (requested by tavinn_n)\n|j| gE1xjZRtuhW2DdT0AK\n|inactive|L234S has 60 seconds left.\n|\n|t:|1775948684\n|teamsize|p1|4\n|teamsize|p2|4\n|start\n|switch|p1a: Aggron|Aggron, L50, M|100/100\n|switch|p1b: Sinistcha|Sinistcha, L50|100/100\n|switch|p2a: Milotic|Milotic, L50, M|100/100\n|switch|p2b: Sinistcha|Sinistcha, L50|100/100\n|turn|1\n|\n|t:|1775948699\n|switch|p2a: Floette|Floette-Eternal, L50, F|100/100\n|detailschange|p1a: Aggron|Aggron-Mega, L50, M\n|-mega|p1a: Aggron|Aggron|Aggronite\n|move|p2b: Sinistcha|Matcha Gotcha|p1b: Sinistcha|[spread] p1a,p1b\n|-resisted|p1a: Aggron|1\n|-resisted|p1b: Sinistcha|1\n|-damage|p1a: Aggron|90/100\n|-damage|p1b: Sinistcha|90/100\n|move|p1b: Sinistcha|Matcha Gotcha|p2a: Floette|[spread] p2a,p2b\n|-resisted|p2b: Sinistcha|1\n|-damage|p2a: Floette|82/100\n|-heal|p1b: Sinistcha|99/100|[from] drain|[of] p2a: Floette\n|-damage|p2b: Sinistcha|88/100\n|-heal|p1b: Sinistcha|100/100|[from] drain|[of] p2b: Sinistcha\n|move|p1a: Aggron|Heavy Slam|p2b: Sinistcha\n|-damage|p2b: Sinistcha|44/100\n|\n|upkeep\n|turn|2\n|\n|t:|1775948722\n|detailschange|p2a: Floette|Floette-Mega, L50, F\n|-mega|p2a: Floette|Floette|Floettite\n|-ability|p2a: Floette|Fairy Aura\n|move|p2a: Floette|Protect|p2a: Floette\n|-singleturn|p2a: Floette|Protect\n|move|p2b: Sinistcha|Strength Sap|p1a: Aggron\n|-unboost|p1a: Aggron|atk|1\n|-heal|p2b: Sinistcha|100/100\n|move|p1a: Aggron|Heavy Slam|p2a: Floette\n|-activate|p2a: Floette|move: Protect\n|move|p1b: Sinistcha|Trick Room|p1b: Sinistcha\n|-fieldstart|move: Trick Room|[of] p1b: Sinistcha\n|\n|upkeep\n|turn|3\n|\n|t:|1775948736\n|switch|p1a: Primarina|Primarina, L50, M|100/100\n|move|p2b: Sinistcha|Rage Powder|p2b: Sinistcha\n|-singleturn|p2b: Sinistcha|move: Rage Powder\n|move|p1b: Sinistcha|Matcha Gotcha|p2a: Floette|[spread] p2a,p2b\n|-resisted|p2b: Sinistcha|1\n|-damage|p2a: Floette|66/100\n|-damage|p2b: Sinistcha|86/100\n|move|p2a: Floette|Calm Mind|p2a: Floette\n|-boost|p2a: Floette|spa|1\n|-boost|p2a: Floette|spd|1\n|\n|upkeep\n|turn|4\n|\n|t:|1775948756\n|move|p2a: Floette|Protect|p2a: Floette\n|-singleturn|p2a: Floette|Protect\n|move|p1a: Primarina|Ice Beam|p2b: Sinistcha\n|-supereffective|p2b: Sinistcha|1\n|-damage|p2b: Sinistcha|15/100\n|move|p1b: Sinistcha|Matcha Gotcha|p2b: Sinistcha|[spread] p2b\n|-activate|p2a: Floette|move: Protect\n|-resisted|p2b: Sinistcha|1\n|-damage|p2b: Sinistcha|2/100\n|move|p2b: Sinistcha|Matcha Gotcha|p1a: Primarina|[spread] p1a,p1b\n|-supereffective|p1a: Primarina|1\n|-crit|p1a: Primarina\n|-resisted|p1b: Sinistcha|1\n|-damage|p1a: Primarina|32/100\n|-heal|p2b: Sinistcha|39/100|[from] drain|[of] p1a: Primarina\n|-damage|p1b: Sinistcha|90/100\n|-heal|p2b: Sinistcha|44/100|[from] drain|[of] p1b: Sinistcha\n|\n|-heal|p1a: Primarina|38/100|[from] item: Leftovers\n|upkeep\n|turn|5\n|\n|t:|1775948781\n|switch|p2b: Milotic|Milotic, L50, M|100/100\n|move|p1a: Primarina|Protect|p1a: Primarina\n|-singleturn|p1a: Primarina|Protect\n|move|p1b: Sinistcha|Life Dew|p1b: Sinistcha|[spread] p1a,p1b\n|-heal|p1a: Primarina|63/100\n|-heal|p1b: Sinistcha|100/100\n|move|p2a: Floette|Moonblast|p1b: Sinistcha\n|-damage|p1b: Sinistcha|0 fnt\n|faint|p1b: Sinistcha\n|\n|-heal|p1a: Primarina|69/100|[from] item: Leftovers\n|upkeep\n|\n|t:|1775948791\n|switch|p1b: Aggron|Aggron-Mega, L50, M|90/100\n|turn|6\n|\n|t:|1775948809\n|move|p2a: Floette|Protect|p2a: Floette\n|-singleturn|p2a: Floette|Protect\n|move|p1b: Aggron|Heavy Slam|p2a: Floette\n|-activate|p2a: Floette|move: Protect\n|move|p1a: Primarina|Moonblast|p2b: Milotic\n|-damage|p2b: Milotic|54/100\n|move|p2b: Milotic|Scald|p1b: Aggron\n|-damage|p1b: Aggron|63/100\n|\n|-heal|p1a: Primarina|75/100|[from] item: Leftovers\n|-heal|p2b: Milotic|60/100|[from] item: Leftovers\n|-fieldend|move: Trick Room\n|upkeep\n|turn|7\n|inactive|L234S has 30 seconds left.\n|\n|t:|1775948836\n|move|p2a: Floette|Moonblast|p1b: Aggron\n|-resisted|p1b: Aggron|1\n|-damage|p1b: Aggron|11/100\n|move|p2b: Milotic|Scald|p1b: Aggron\n|-damage|p1b: Aggron|0 fnt\n|faint|p1b: Aggron\n|move|p1a: Primarina|Moonblast|p2b: Milotic\n|-damage|p2b: Milotic|9/100\n|\n|-heal|p2b: Milotic|15/100|[from] item: Leftovers\n|-heal|p1a: Primarina|81/100|[from] item: Leftovers\n|upkeep\n|\n|t:|1775948841\n|switch|p1b: Arcanine|Arcanine-Hisui, L50, M|100/100\n|turn|8\n|\n|t:|1775948855\n|move|p2a: Floette|Protect|p2a: Floette\n|-singleturn|p2a: Floette|Protect\n|move|p1b: Arcanine|Extreme Speed|p2b: Milotic\n|-damage|p2b: Milotic|0 fnt\n|faint|p2b: Milotic\n|move|p1a: Primarina|Moonblast|p2a: Floette\n|-activate|p2a: Floette|move: Protect\n|\n|-heal|p1a: Primarina|87/100|[from] item: Leftovers\n|upkeep\n|\n|t:|1775948861\n|switch|p2b: Sinistcha|Sinistcha, L50|44/100\n|-heal|p2a: Floette|91/100|[from] ability: Hospitality|[of] p2b: Sinistcha\n|turn|9\n|\n|t:|1775948873\n|move|p1b: Arcanine|Protect|p1b: Arcanine\n|-singleturn|p1b: Arcanine|Protect\n|move|p2b: Sinistcha|Rage Powder|p2b: Sinistcha\n|-singleturn|p2b: Sinistcha|move: Rage Powder\n|move|p2a: Floette|Moonblast|p1b: Arcanine\n|-activate|p1b: Arcanine|move: Protect\n|move|p1a: Primarina|Ice Beam|p2b: Sinistcha\n|-supereffective|p2b: Sinistcha|1\n|-damage|p2b: Sinistcha|0 fnt\n|faint|p2b: Sinistcha\n|\n|-heal|p1a: Primarina|93/100|[from] item: Leftovers\n|upkeep\n|\n|t:|1775948875\n|switch|p2b: Garchomp|Garchomp, L50, M|100/100\n|turn|10\n|\n|t:|1775948889\n|move|p2b: Garchomp|Stomping Tantrum|p1b: Arcanine\n|-supereffective|p1b: Arcanine|2\n|-damage|p1b: Arcanine|0 fnt\n|faint|p1b: Arcanine\n|move|p2a: Floette|Moonblast|p1a: Primarina\n|-damage|p1a: Primarina|0 fnt\n|faint|p1a: Primarina\n|\n|win|L234S\n|raw|tavinn_n's rating: 1271 &rarr; <strong>1248</strong><br />(-23 for losing)\n|raw|L234S's rating: 1296 &rarr; <strong>1319</strong><br />(+23 for winning)\n|l|\u2606tavinn_n\n|player|p1|\n|l|\u2606L234S\n|player|p2|\n",
  "uploadtime": 1775948913,
  "views": 20,
  "formatid": "gen9championsvgc2026regma",
  "rating": 1248,
  "private": 0,
  "password": null
}