{
  "id": "gen9championsvgc2026regma-2583984094",
  "format": "[Gen 9 Champions] VGC 2026 Reg M-A",
  "players": [
    "CLOVER_!56",
    "dragalgg"
  ],
  "log": "|j|\u2606CLOVER_!56\n|j|\u2606dragalgg\n|t:|1776214135\n|gametype|doubles\n|player|p1|CLOVER_!56|169|1065\n|player|p2|dragalgg|102|1116\n|gen|9\n|tier|[Gen 9 Champions] VGC 2026 Reg M-A\n|rated|\n|rule|Species Clause: Limit one of each Pok\u00e9mon\n|rule|Item Clause: Limit 1 of each item\n|clearpoke\n|poke|p1|Charizard, L50, F|\n|poke|p1|Venusaur, L50, F|\n|poke|p1|Incineroar, L50, F|\n|poke|p1|Sneasler, L50, F|\n|poke|p1|Farigiraf, L50, F|\n|poke|p1|Kingambit, L50, F|\n|poke|p2|Froslass, L50, F|\n|poke|p2|Clefable, L50, F|\n|poke|p2|Beartic, L50, M|\n|poke|p2|Incineroar, L50, F|\n|poke|p2|Avalugg, L50, M|\n|poke|p2|Milotic, L50, M|\n|teampreview|4\n|\n|t:|1776214180\n|teamsize|p1|4\n|teamsize|p2|4\n|start\n|switch|p1a: Sneasler|Sneasler, L50, F|100/100\n|switch|p1b: Kingambit|Kingambit, L50, F|100/100\n|switch|p2a: Froslass|Froslass, L50, F|100/100\n|switch|p2b: Milotic|Milotic, L50, M|100/100\n|turn|1\n|\n|t:|1776214196\n|detailschange|p2a: Froslass|Froslass-Mega, L50, F\n|-mega|p2a: Froslass|Froslass|Froslassite\n|-weather|Snowscape|[from] ability: Snow Warning|[of] p2a: Froslass\n|move|p1a: Sneasler|Fake Out|p2b: Milotic\n|-damage|p2b: Milotic|85/100\n|move|p2a: Froslass|Aurora Veil|p2a: Froslass\n|-sidestart|p2: dragalgg|move: Aurora Veil\n|cant|p2b: Milotic|flinch\n|move|p1b: Kingambit|Swords Dance|p1b: Kingambit\n|-boost|p1b: Kingambit|atk|2\n|\n|-weather|Snowscape|[upkeep]\n|upkeep\n|turn|2\n|\n|t:|1776214227\n|move|p1a: Sneasler|Fake Out||[still]\n|-hint|Fake Out only works on your first turn out.\n|-fail|p1a: Sneasler\n|move|p1b: Kingambit|Sucker Punch|p2a: Froslass\n|-supereffective|p2a: Froslass|1\n|-damage|p2a: Froslass|0 fnt\n|faint|p2a: Froslass\n|move|p2b: Milotic|Muddy Water|p1b: Kingambit|[spread] p1a,p1b\n|-damage|p1a: Sneasler|52/100\n|-damage|p1b: Kingambit|65/100\n|\n|-weather|Snowscape|[upkeep]\n|upkeep\n|\n|t:|1776214237\n|switch|p2a: Beartic|Beartic, L50, M|100/100\n|turn|3\n|\n|t:|1776214246\n|move|p1b: Kingambit|Sucker Punch|p2b: Milotic\n|-damage|p2b: Milotic|15/100\n|move|p2a: Beartic|Bulk Up|p2a: Beartic\n|-boost|p2a: Beartic|atk|1\n|-boost|p2a: Beartic|def|1\n|move|p1a: Sneasler|Close Combat|p2a: Beartic\n|-supereffective|p2a: Beartic|1\n|-damage|p2a: Beartic|56/100\n|-unboost|p1a: Sneasler|def|1\n|-unboost|p1a: Sneasler|spd|1\n|-enditem|p1a: Sneasler|White Herb\n|-clearnegativeboost|p1a: Sneasler|[silent]\n|move|p2b: Milotic|Muddy Water|p1a: Sneasler|[spread] p1a,p1b\n|-damage|p1a: Sneasler|0 fnt\n|-damage|p1b: Kingambit|30/100\n|faint|p1a: Sneasler\n|\n|-weather|Snowscape|[upkeep]\n|upkeep\n|\n|t:|1776214267\n|switch|p1a: Venusaur|Venusaur, L50, F|100/100\n|turn|4\n|\n|t:|1776214283\n|move|p1b: Kingambit|Sucker Punch||[still]\n|-fail|p1b: Kingambit\n|move|p2a: Beartic|Icicle Crash|p1b: Kingambit\n|-resisted|p1b: Kingambit|1\n|-damage|p1b: Kingambit|5/100\n|move|p1a: Venusaur|Sleep Powder|p2a: Beartic|[miss]\n|-miss|p1a: Venusaur|p2a: Beartic\n|move|p2b: Milotic|Recover|p2b: Milotic\n|-heal|p2b: Milotic|65/100\n|\n|-weather|Snowscape|[upkeep]\n|upkeep\n|turn|5\n|\n|t:|1776214307\n|move|p1b: Kingambit|Sucker Punch|p2a: Beartic\n|-damage|p2a: Beartic|18/100\n|move|p2a: Beartic|Rock Slide|p1a: Venusaur|[spread] p1a,p1b\n|-crit|p1a: Venusaur\n|-resisted|p1b: Kingambit|1\n|-damage|p1a: Venusaur|42/100\n|-damage|p1b: Kingambit|0 fnt\n|faint|p1b: Kingambit\n|move|p1a: Venusaur|Sleep Powder|p2b: Milotic|[miss]\n|-miss|p1a: Venusaur|p2b: Milotic\n|move|p2b: Milotic|Ice Beam|p1a: Venusaur\n|-supereffective|p1a: Venusaur|1\n|-crit|p1a: Venusaur\n|-damage|p1a: Venusaur|0 fnt\n|faint|p1a: Venusaur\n|\n|-weather|none\n|-sideend|p2: dragalgg|move: Aurora Veil\n|upkeep\n|\n|t:|1776214324\n|switch|p1b: Charizard|Charizard, L50, F|100/100\n|turn|6\n|\n|t:|1776214332\n|detailschange|p1b: Charizard|Charizard-Mega-Y, L50, F\n|-mega|p1b: Charizard|Charizard|Charizardite Y\n|-weather|SunnyDay|[from] ability: Drought|[of] p1b: Charizard\n|move|p1b: Charizard|Heat Wave|p2b: Milotic|[spread] p2a,p2b\n|-supereffective|p2a: Beartic|1\n|-resisted|p2b: Milotic|1\n|-damage|p2a: Beartic|0 fnt\n|-damage|p2b: Milotic|43/100\n|faint|p2a: Beartic\n|move|p2b: Milotic|Muddy Water|p1b: Charizard\n|-supereffective|p1b: Charizard|1\n|-damage|p1b: Charizard|46/100\n|-unboost|p1b: Charizard|accuracy|1\n|\n|-weather|SunnyDay|[upkeep]\n|upkeep\n|\n|t:|1776214341\n|switch|p2a: Incineroar|Incineroar, L50, F|100/100\n|-ability|p2a: Incineroar|Intimidate|boost\n|-unboost|p1b: Charizard|atk|1\n|turn|7\n|\n|t:|1776214353\n|move|p1b: Charizard|Air Slash|p2b: Milotic\n|-damage|p2b: Milotic|11/100\n|move|p2a: Incineroar|Darkest Lariat|p1b: Charizard\n|-damage|p1b: Charizard|0 fnt\n|faint|p1b: Charizard\n|\n|win|dragalgg\n|raw|CLOVER_!56's rating: 1065 &rarr; <strong>1048</strong><br />(-17 for losing)\n|raw|dragalgg's rating: 1116 &rarr; <strong>1137</strong><br />(+21 for winning)\n|l|\u2606CLOVER_!56\n|player|p1|\n",
  "uploadtime": 1776214361,
  "views": 19,
  "formatid": "gen9championsvgc2026regma",
  "rating": 1048,
  "private": 0,
  "password": null
}