{
  "id": "gen9championsvgc2026regma-2585957632",
  "format": "[Gen 9 Champions] VGC 2026 Reg M-A",
  "players": [
    "drududrudtjudtjdtj",
    "boysenorange"
  ],
  "log": "|j|\u2606drududrudtjudtjdtj\n|j|\u2606boysenorange\n|t:|1776385038\n|gametype|doubles\n|player|p1|drududrudtjudtjdtj|giovanni|1294\n|player|p2|boysenorange|turo|1286\n|gen|9\n|tier|[Gen 9 Champions] VGC 2026 Reg M-A\n|rated|\n|rule|Species Clause: Limit one of each Pok\u00e9mon\n|rule|Item Clause: Limit 1 of each item\n|clearpoke\n|poke|p1|Blastoise, L50, M|\n|poke|p1|Farigiraf, L50, F|\n|poke|p1|Incineroar, L50, M|\n|poke|p1|Hatterene, L50, F|\n|poke|p1|Torkoal, L50, F|\n|poke|p1|Kangaskhan, L50, F|\n|poke|p2|Farigiraf, L50, F|\n|poke|p2|Gardevoir, L50, F|\n|poke|p2|Kangaskhan, L50, F|\n|poke|p2|Camerupt, L50, M|\n|poke|p2|Conkeldurr, L50, F|\n|poke|p2|Tinkaton, L50, F|\n|teampreview|4\n|inactive|Battle timer is ON: inactive players will automatically lose when time's up. (requested by drududrudtjudtjdtj)\ndrududrudtjudtjdtj rejected open team sheets.\n|\n|t:|1776385059\n|teamsize|p1|4\n|teamsize|p2|4\n|start\n|switch|p1a: Farigiraf|Farigiraf, L50, F, shiny|100/100\n|switch|p1b: Kangaskhan|Kangaskhan, L50, F|100/100\n|switch|p2a: Tinkaton|Tinkaton, L50, F|100/100\n|switch|p2b: Gardevoir|Gardevoir, L50, F|100/100\n|-ability|p2a: Tinkaton|Mold Breaker\n|turn|1\n|inactive|drududrudtjudtjdtj has 30 seconds left.\n|\n|t:|1776385092\n|move|p2a: Tinkaton|Fake Out|p1b: Kangaskhan\n|-damage|p1b: Kangaskhan|90/100\n|cant|p1b: Kangaskhan|flinch\n|move|p2b: Gardevoir|Calm Mind|p2b: Gardevoir\n|-boost|p2b: Gardevoir|spa|1\n|-boost|p2b: Gardevoir|spd|1\n|move|p1a: Farigiraf|Trick Room|p1a: Farigiraf\n|-fieldstart|move: Trick Room|[of] p1a: Farigiraf\n|\n|upkeep\n|turn|2\n|\n|t:|1776385107\n|switch|p2a: Camerupt|Camerupt, L50, M|100/100\n|move|p1a: Farigiraf|Psychic Terrain|p1a: Farigiraf\n|-fieldstart|move: Psychic Terrain\n|move|p2b: Gardevoir|Hyper Voice|p1b: Kangaskhan|[spread] p1a,p1b\n|-damage|p1a: Farigiraf|61/100\n|-damage|p1b: Kangaskhan|53/100\n|move|p1b: Kangaskhan|Giga Impact|p2b: Gardevoir\n|-damage|p2b: Gardevoir|0 fnt\n|-mustrecharge|p1b: Kangaskhan\n|faint|p2b: Gardevoir\n|\n|upkeep\n|\n|t:|1776385119\n|switch|p2b: Conkeldurr|Conkeldurr, L50, F|100/100\n|turn|3\n|\n|t:|1776385134\n|detailschange|p2a: Camerupt|Camerupt-Mega, L50, M\n|-mega|p2a: Camerupt|Camerupt|Cameruptite\n|move|p1a: Farigiraf|Protect|p1a: Farigiraf\n|-singleturn|p1a: Farigiraf|Protect\n|move|p2a: Camerupt|Eruption|p1b: Kangaskhan|[spread] p1b\n|-activate|p1a: Farigiraf|move: Protect\n|-damage|p1b: Kangaskhan|0 fnt\n|faint|p1b: Kangaskhan\n|move|p2b: Conkeldurr|Thunder Punch|p1a: Farigiraf\n|-activate|p1a: Farigiraf|move: Protect\n|\n|upkeep\n|\n|t:|1776385145\n|switch|p1b: Blastoise|Blastoise, L50, M, shiny|100/100\n|turn|4\n|\n|t:|1776385162\n|detailschange|p1b: Blastoise|Blastoise-Mega, L50, M, shiny\n|-mega|p1b: Blastoise|Blastoise|Blastoisinite\n|move|p2a: Camerupt|Eruption|p1a: Farigiraf|[spread] p1a,p1b\n|-crit|p1a: Farigiraf\n|-resisted|p1b: Blastoise|1\n|-damage|p1a: Farigiraf|0 fnt\n|-damage|p1b: Blastoise|73/100\n|faint|p1a: Farigiraf\n|move|p2b: Conkeldurr|Thunder Punch|p1b: Blastoise\n|-supereffective|p1b: Blastoise|1\n|-damage|p1b: Blastoise|18/100\n|move|p1b: Blastoise|Aura Sphere|p2b: Conkeldurr\n|-damage|p2b: Conkeldurr|46/100\n|\n|upkeep\n|\n|t:|1776385171\n|switch|p1a: Hatterene|Hatterene, L50, F, shiny|100/100\n|turn|5\n|\n|t:|1776385187\n|move|p2a: Camerupt|Eruption|p1b: Blastoise|[spread] p1a,p1b\n|-resisted|p1b: Blastoise|1\n|-damage|p1a: Hatterene|25/100\n|-damage|p1b: Blastoise|0 fnt\n|-enditem|p1a: Hatterene|Sitrus Berry|[eat]\n|-heal|p1a: Hatterene|50/100|[from] item: Sitrus Berry\n|faint|p1b: Blastoise\n|move|p1a: Hatterene|Expanding Force|p2b: Conkeldurr|[spread] p2a,p2b\n|-crit|p2a: Camerupt\n|-supereffective|p2b: Conkeldurr|1\n|-damage|p2a: Camerupt|0 fnt\n|-damage|p2b: Conkeldurr|0 fnt\n|faint|p2a: Camerupt\n|faint|p2b: Conkeldurr\n|\n|-fieldend|move: Trick Room\n|upkeep\n|\n|t:|1776385197\n|switch|p2b: Tinkaton|Tinkaton, L50, F|100/100\n|-ability|p2b: Tinkaton|Mold Breaker\n|turn|6\n|c|\u2606boysenorange|ggwp\n|\n|t:|1776385205\n|move|p2b: Tinkaton|Gigaton Hammer|p1a: Hatterene\n|-supereffective|p1a: Hatterene|1\n|-damage|p1a: Hatterene|0 fnt\n|faint|p1a: Hatterene\n|\n|win|boysenorange\n|raw|drududrudtjudtjdtj's rating: 1294 &rarr; <strong>1268</strong><br />(-26 for losing)\n|raw|boysenorange's rating: 1286 &rarr; <strong>1312</strong><br />(+26 for winning)\n",
  "uploadtime": 1776385211,
  "views": 24,
  "formatid": "gen9championsvgc2026regma",
  "rating": 1268,
  "private": 0,
  "password": null
}