{
  "id": "gen9championsvgc2026regma-2583380934",
  "format": "[Gen 9 Champions] VGC 2026 Reg M-A",
  "players": [
    "daikenhc",
    "Pa7mmm"
  ],
  "log": "|j|\u2606daikenhc\n|j|\u2606Pa7mmm\n|t:|1776171658\n|gametype|doubles\n|player|p1|daikenhc|101|1222\n|player|p2|Pa7mmm|101|1302\n|gen|9\n|tier|[Gen 9 Champions] VGC 2026 Reg M-A\n|rated|\n|rule|Species Clause: Limit one of each Pok\u00e9mon\n|rule|Item Clause: Limit 1 of each item\n|clearpoke\n|poke|p1|Chandelure, L50, F|\n|poke|p1|Torkoal, L50, F|\n|poke|p1|Hatterene, L50, F|\n|poke|p1|Incineroar, L50, M|\n|poke|p1|Farigiraf, L50, M|\n|poke|p1|Milotic, L50, M|\n|poke|p2|Garchomp, L50, M|\n|poke|p2|Corviknight, L50, F|\n|poke|p2|Meowstic, L50, M|\n|poke|p2|Typhlosion-Hisui, L50, M|\n|poke|p2|Whimsicott, L50, M|\n|poke|p2|Gardevoir, L50, M|\n|teampreview|4\n|inactive|Battle timer is ON: inactive players will automatically lose when time's up. (requested by Pa7mmm)\n|inactive|daikenhc has 60 seconds left.\n|inactive|Pa7mmm has 60 seconds left.\n|\n|t:|1776171703\n|teamsize|p1|4\n|teamsize|p2|4\n|start\n|switch|p1a: Farigiraf|Farigiraf, L50, M|100/100\n|switch|p1b: Incineroar|Incineroar, L50, M|100/100\n|switch|p2a: Typhlosion|Typhlosion-Hisui, L50, M|100/100\n|switch|p2b: Gardevoir|Gardevoir, L50, M|100/100\n|-item|p1a: Farigiraf|Silk Scarf|[from] ability: Frisk|[of] p2a: Typhlosion\n|-item|p1b: Incineroar|Black Glasses|[from] ability: Frisk|[of] p2a: Typhlosion\n|-ability|p2b: Gardevoir|Intimidate|Trace|[from] ability: Trace|[of] p1b: Incineroar\n|-ability|p2b: Gardevoir|Intimidate|boost\n|-unboost|p1a: Farigiraf|atk|1\n|-unboost|p1b: Incineroar|atk|1\n|-ability|p1b: Incineroar|Intimidate|boost\n|-unboost|p2a: Typhlosion|atk|1\n|-unboost|p2b: Gardevoir|atk|1\n|turn|1\n|inactive|daikenhc has 30 seconds left.\n|inactive|Pa7mmm has 30 seconds left.\n|inactive|Pa7mmm has 20 seconds left.\n|inactive|Pa7mmm has 15 seconds left.\n|\n|t:|1776171744\n|switch|p2b: Garchomp|Garchomp, L50, M|100/100\n|move|p1b: Incineroar|Fake Out|p2b: Garchomp\n|-damage|p2b: Garchomp|91/100\n|-damage|p1b: Incineroar|88/100|[from] ability: Rough Skin|[of] p2b: Garchomp\n|move|p2a: Typhlosion|Eruption|p1b: Incineroar|[spread] p1a,p1b\n|-resisted|p1b: Incineroar|1\n|-damage|p1a: Farigiraf|21/100\n|-damage|p1b: Incineroar|54/100\n|move|p1a: Farigiraf|Trick Room|p1a: Farigiraf\n|-fieldstart|move: Trick Room|[of] p1a: Farigiraf\n|\n|upkeep\n|turn|2\n|inactive|daikenhc has 30 seconds left.\n|inactive|daikenhc has 20 seconds left.\n|\n|t:|1776171781\n|move|p2a: Typhlosion|Protect|p2a: Typhlosion\n|-singleturn|p2a: Typhlosion|Protect\n|move|p1b: Incineroar|Parting Shot|p2b: Garchomp\n|-unboost|p2b: Garchomp|atk|1\n|-unboost|p2b: Garchomp|spa|1\n|\n|t:|1776171788\n|switch|p1b: Torkoal|Torkoal, L50, F|100/100|[from] Parting Shot\n|-enditem|p2b: Garchomp|White Herb\n|-clearnegativeboost|p2b: Garchomp|[silent]\n|-weather|SunnyDay|[from] ability: Drought|[of] p1b: Torkoal\n|move|p1a: Farigiraf|Thunderbolt|p2a: Typhlosion\n|-activate|p2a: Typhlosion|move: Protect\n|move|p2b: Garchomp|Earthquake|p1a: Farigiraf|[spread] p1a,p1b\n|-activate|p2a: Typhlosion|move: Protect\n|-supereffective|p1b: Torkoal|1\n|-damage|p1a: Farigiraf|0 fnt\n|-damage|p1b: Torkoal|45/100\n|faint|p1a: Farigiraf\n|\n|-weather|SunnyDay|[upkeep]\n|upkeep\n|\n|t:|1776171806\n|switch|p1a: Chandelure|Chandelure, L50, F|100/100\n|turn|3\n|\n|t:|1776171821\n|detailschange|p1a: Chandelure|Chandelure-Mega, L50, F\n|-mega|p1a: Chandelure|Chandelure|Chandelurite\n|move|p1b: Torkoal|Will-O-Wisp|p2b: Garchomp\n|-status|p2b: Garchomp|brn\n|move|p1a: Chandelure|Shadow Ball|p2a: Typhlosion\n|-supereffective|p2a: Typhlosion|1\n|-damage|p2a: Typhlosion|0 fnt\n|faint|p2a: Typhlosion\n|move|p2b: Garchomp|Stomping Tantrum|p1b: Torkoal\n|-supereffective|p1b: Torkoal|1\n|-damage|p1b: Torkoal|15/100\n|\n|-weather|SunnyDay|[upkeep]\n|-damage|p2b: Garchomp|85/100 brn|[from] brn\n|upkeep\n|\n|t:|1776171840\n|switch|p2a: Gardevoir|Gardevoir, L50, M|100/100\n|-ability|p2a: Gardevoir|Drought|Trace|[from] ability: Trace|[of] p1b: Torkoal\n|turn|4\n|\n|t:|1776171865\n|move|p2a: Gardevoir|Protect|p2a: Gardevoir\n|-singleturn|p2a: Gardevoir|Protect\n|move|p1b: Torkoal|Overheat|p2b: Garchomp\n|-resisted|p2b: Garchomp|1\n|-damage|p2b: Garchomp|38/100 brn\n|-unboost|p1b: Torkoal|spa|2\n|-enditem|p1b: Torkoal|White Herb\n|-clearnegativeboost|p1b: Torkoal|[silent]\n|move|p1a: Chandelure|Shadow Ball|p2a: Gardevoir\n|-activate|p2a: Gardevoir|move: Protect\n|move|p2b: Garchomp|Earthquake|p1a: Chandelure|[spread] p1a,p1b\n|-activate|p2a: Gardevoir|move: Protect\n|-supereffective|p1a: Chandelure|1\n|-supereffective|p1b: Torkoal|1\n|-damage|p1a: Chandelure|66/100\n|-damage|p1b: Torkoal|0 fnt\n|faint|p1b: Torkoal\n|\n|-weather|SunnyDay|[upkeep]\n|-damage|p2b: Garchomp|32/100 brn|[from] brn\n|upkeep\n|\n|t:|1776171885\n|switch|p1b: Incineroar|Incineroar, L50, M|54/100\n|-ability|p1b: Incineroar|Intimidate|boost\n|-unboost|p2a: Gardevoir|atk|1\n|-unboost|p2b: Garchomp|atk|1\n|turn|5\n|\n|t:|1776171899\n|switch|p2a: Whimsicott|Whimsicott, L50, M|100/100\n|move|p2b: Garchomp|Protect|p2b: Garchomp\n|-singleturn|p2b: Garchomp|Protect\n|move|p1b: Incineroar|Darkest Lariat|p2b: Garchomp\n|-activate|p2b: Garchomp|move: Protect\n|move|p1a: Chandelure|Shadow Ball|p2a: Whimsicott\n|-damage|p2a: Whimsicott|5/100\n|\n|-weather|SunnyDay|[upkeep]\n|-damage|p2b: Garchomp|26/100 brn|[from] brn\n|-fieldend|move: Trick Room\n|upkeep\n|turn|6\n|\n|t:|1776171917\n|move|p2b: Garchomp|Stomping Tantrum|p1b: Incineroar\n|-supereffective|p1b: Incineroar|1\n|-damage|p1b: Incineroar|30/100\n|move|p2a: Whimsicott|Moonblast|p1b: Incineroar\n|-damage|p1b: Incineroar|0 fnt\n|faint|p1b: Incineroar\n|move|p1a: Chandelure|Heat Wave|p2a: Whimsicott|[spread] p2a,p2b\n|-supereffective|p2a: Whimsicott|1\n|-resisted|p2b: Garchomp|1\n|-damage|p2a: Whimsicott|0 fnt\n|-damage|p2b: Garchomp|0 fnt\n|faint|p2a: Whimsicott\n|faint|p2b: Garchomp\n|\n|-weather|none\n|upkeep\n|\n|t:|1776171926\n|switch|p2b: Gardevoir|Gardevoir, L50, M|100/100\n|-ability|p2b: Gardevoir|Infiltrator|Trace|[from] ability: Trace|[of] p1a: Chandelure\n|turn|7\n|inactive|Pa7mmm has 30 seconds left.\n|\n|t:|1776171957\n|detailschange|p2b: Gardevoir|Gardevoir-Mega, L50, M\n|-mega|p2b: Gardevoir|Gardevoir|Gardevoirite\n|move|p2b: Gardevoir|Expanding Force|p1a: Chandelure\n|-damage|p1a: Chandelure|10/100\n|move|p1a: Chandelure|Shadow Ball|p2b: Gardevoir\n|-supereffective|p2b: Gardevoir|1\n|-damage|p2b: Gardevoir|0 fnt\n|faint|p2b: Gardevoir\n|\n|win|daikenhc\n|raw|daikenhc's rating: 1222 &rarr; <strong>1253</strong><br />(+31 for winning)\n|raw|Pa7mmm's rating: 1302 &rarr; <strong>1277</strong><br />(-25 for losing)\n|l|\u2606Pa7mmm\n|player|p2|\n",
  "uploadtime": 1776171978,
  "views": 23,
  "formatid": "gen9championsvgc2026regma",
  "rating": 1253,
  "private": 0,
  "password": null
}