{
  "id": "gen9championsvgc2026regma-2584812837",
  "format": "[Gen 9 Champions] VGC 2026 Reg M-A",
  "players": [
    "wachawachawacha",
    "SunTufo"
  ],
  "log": "|j|\u2606wachawachawacha\n|j|\u2606SunTufo\n|t:|1776285541\n|gametype|doubles\n|player|p1|wachawachawacha|169|1418\n|player|p2|SunTufo|li|1416\n|gen|9\n|tier|[Gen 9 Champions] VGC 2026 Reg M-A\n|rated|\n|rule|Species Clause: Limit one of each Pok\u00e9mon\n|rule|Item Clause: Limit 1 of each item\n|clearpoke\n|poke|p1|Excadrill, L50, F|\n|poke|p1|Tyranitar, L50, F|\n|poke|p1|Blastoise, L50, F|\n|poke|p1|Farigiraf, L50, M|\n|poke|p1|Gyarados, L50, M|\n|poke|p1|Aegislash, L50, F|\n|poke|p2|Floette-Eternal, L50, F|\n|poke|p2|Incineroar, L50, M|\n|poke|p2|Sinistcha-Masterpiece, L50|\n|poke|p2|Skarmory, L50, F|\n|poke|p2|Sneasler, L50, M|\n|poke|p2|Milotic, L50, M|\n|teampreview|4\n|inactive|Battle timer is ON: inactive players will automatically lose when time's up. (requested by SunTufo)\n|inactive|SunTufo has 60 seconds left.\n|\n|t:|1776285578\n|teamsize|p1|4\n|teamsize|p2|4\n|start\n|switch|p1a: Blastoise|Blastoise, L50, F|100/100\n|switch|p1b: Farigiraf|Farigiraf, L50, M|100/100\n|switch|p2a: Floette|Floette-Eternal, L50, F|100/100\n|switch|p2b: Incineroar|Incineroar, L50, M|100/100\n|-ability|p2b: Incineroar|Intimidate|boost\n|-unboost|p1a: Blastoise|atk|1\n|-unboost|p1b: Farigiraf|atk|1\n|turn|1\n|inactive|wachawachawacha has 30 seconds left.\n|\n|t:|1776285611\n|detailschange|p2a: Floette|Floette-Mega, L50, F\n|-mega|p2a: Floette|Floette|Floettite\n|-ability|p2a: Floette|Fairy Aura\n|detailschange|p1a: Blastoise|Blastoise-Mega, L50, F\n|-mega|p1a: Blastoise|Blastoise|Blastoisinite\n|move|p1a: Blastoise|Fake Out|p2a: Floette\n|-damage|p2a: Floette|95/100\n|cant|p2a: Floette|flinch\n|move|p2b: Incineroar|Taunt|p1b: Farigiraf\n|-start|p1b: Farigiraf|move: Taunt\n|cant|p1b: Farigiraf|move: Taunt|Trick Room\n|\n|upkeep\n|turn|2\n|\n|t:|1776285633\n|switch|p1b: Aegislash|Aegislash, L50, F|100/100\n|move|p2a: Floette|Calm Mind|p2a: Floette\n|-boost|p2a: Floette|spa|1\n|-boost|p2a: Floette|spd|1\n|move|p1a: Blastoise|Water Spout|p2a: Floette|[spread] p2a,p2b\n|-supereffective|p2b: Incineroar|1\n|-damage|p2a: Floette|59/100\n|-damage|p2b: Incineroar|0 fnt\n|faint|p2b: Incineroar\n|\n|upkeep\n|\n|t:|1776285644\n|switch|p2b: Sinistcha|Sinistcha-Masterpiece, L50|100/100\n|-heal|p2a: Floette|84/100|[from] ability: Hospitality|[of] p2b: Sinistcha\n|turn|3\n|\n|t:|1776285665\n|move|p2a: Floette|Protect|p2a: Floette\n|-singleturn|p2a: Floette|Protect\n|move|p1a: Blastoise|Dark Pulse|p2b: Sinistcha\n|-supereffective|p2b: Sinistcha|1\n|-enditem|p2b: Sinistcha|Colbur Berry|[eat]\n|-enditem|p2b: Sinistcha|Colbur Berry|[weaken]\n|-damage|p2b: Sinistcha|56/100\n|cant|p2b: Sinistcha|flinch\n|-formechange|p1b: Aegislash|Aegislash-Blade|\n|move|p1b: Aegislash|Flash Cannon|p2a: Floette\n|-activate|p2a: Floette|move: Protect\n|\n|upkeep\n|turn|4\n|\n|t:|1776285690\n|-formechange|p1b: Aegislash|Aegislash|\n|move|p1b: Aegislash|King's Shield|p1b: Aegislash\n|-singleturn|p1b: Aegislash|Protect\n|move|p2a: Floette|Moonblast|p1b: Aegislash\n|-activate|p1b: Aegislash|move: Protect\n|move|p1a: Blastoise|Dark Pulse|p2b: Sinistcha\n|-supereffective|p2b: Sinistcha|1\n|-damage|p2b: Sinistcha|0 fnt\n|faint|p2b: Sinistcha\n|\n|upkeep\n|\n|t:|1776285693\n|switch|p2b: Skarmory|Skarmory, L50, F|100/100\n|turn|5\n|inactive|wachawachawacha has 30 seconds left.\n|\n|t:|1776285721\n|move|p2b: Skarmory|Iron Head|p1b: Aegislash\n|-resisted|p1b: Aegislash|1\n|-damage|p1b: Aegislash|87/100\n|move|p2a: Floette|Moonblast|p1a: Blastoise\n|-damage|p1a: Blastoise|3/100\n|move|p1a: Blastoise|Water Spout|p2a: Floette|[spread] p2a,p2b\n|-damage|p2a: Floette|83/100\n|-damage|p2b: Skarmory|98/100\n|-formechange|p1b: Aegislash|Aegislash-Blade|\n|move|p1b: Aegislash|Flash Cannon|p2a: Floette\n|-supereffective|p2a: Floette|1\n|-damage|p2a: Floette|37/100\n|-unboost|p2a: Floette|spd|1\n|\n|upkeep\n|turn|6\n|\n|t:|1776285743\n|-formechange|p1b: Aegislash|Aegislash|\n|move|p1b: Aegislash|King's Shield|p1b: Aegislash\n|-singleturn|p1b: Aegislash|Protect\n|move|p2b: Skarmory|Iron Head|p1a: Blastoise\n|-resisted|p1a: Blastoise|1\n|-damage|p1a: Blastoise|0 fnt\n|faint|p1a: Blastoise\n|move|p2a: Floette|Draining Kiss|p2b: Skarmory\n|-resisted|p2b: Skarmory|1\n|-damage|p2b: Skarmory|48/100\n|-heal|p2a: Floette|68/100|[from] drain|[of] p2b: Skarmory\n|\n|upkeep\n|inactive|wachawachawacha has 30 seconds left.\n|\n|t:|1776285772\n|switch|p1a: Farigiraf|Farigiraf, L50, M|100/100\n|turn|7\n|\n|t:|1776285779\n|move|p2b: Skarmory|Iron Head|p1a: Farigiraf\n|-damage|p1a: Farigiraf|71/100\n|move|p2a: Floette|Draining Kiss|p1a: Farigiraf\n|-damage|p1a: Farigiraf|19/100\n|-heal|p2a: Floette|100/100|[from] drain|[of] p1a: Farigiraf\n|-formechange|p1b: Aegislash|Aegislash-Blade|\n|move|p1b: Aegislash|Flash Cannon|p2a: Floette\n|-supereffective|p2a: Floette|1\n|-damage|p2a: Floette|33/100\n|-unboost|p2a: Floette|spd|1\n|move|p1a: Farigiraf|Trick Room|p1a: Farigiraf\n|-fieldstart|move: Trick Room|[of] p1a: Farigiraf\n|\n|upkeep\n|turn|8\n|-message|SunTufo forfeited.\n|\n|win|wachawachawacha\n|raw|wachawachawacha's rating: 1418 &rarr; <strong>1438</strong><br />(+20 for winning)\n|raw|SunTufo's rating: 1416 &rarr; <strong>1396</strong><br />(-20 for losing)\n",
  "uploadtime": 1776285790,
  "views": 34,
  "formatid": "gen9championsvgc2026regma",
  "rating": 1396,
  "private": 0,
  "password": null
}