{
  "id": "gen9championsvgc2026regma-2580621185",
  "format": "[Gen 9 Champions] VGC 2026 Reg M-A",
  "players": [
    "joymaxxing",
    "DimensionalFool"
  ],
  "log": "|j|\u2606joymaxxing\n|j|\u2606DimensionalFool\n|t:|1775918826\n|gametype|doubles\n|player|p1|joymaxxing|elesa|1243\n|player|p2|DimensionalFool|169|1381\n|gen|9\n|tier|[Gen 9 Champions] VGC 2026 Reg M-A\n|rated|\n|rule|Species Clause: Limit one of each Pok\u00e9mon\n|rule|Item Clause: Limit 1 of each item\n|clearpoke\n|poke|p1|Lopunny, L50, F|\n|poke|p1|Milotic, L50, F|\n|poke|p1|Tsareena, L50, F|\n|poke|p1|Incineroar, L50, M|\n|poke|p1|Dragapult, L50, M|\n|poke|p1|Farigiraf, L50, F|\n|poke|p2|Pelipper, L50, F|\n|poke|p2|Garchomp, L50, M|\n|poke|p2|Corviknight, L50, F|\n|poke|p2|Meganium, L50, M|\n|poke|p2|Sneasler, L50, M|\n|poke|p2|Basculegion, L50, M|\n|teampreview|4\n|inactive|Battle timer is ON: inactive players will automatically lose when time's up. (requested by DimensionalFool)\nDimensionalFool rejected open team sheets.\n|\n|t:|1775918851\n|teamsize|p1|4\n|teamsize|p2|4\n|start\n|switch|p1a: Lopunny|Lopunny, L50, F|100/100\n|switch|p1b: Dragapult|Dragapult, L50, M, shiny|100/100\n|switch|p2a: Sneasler|Sneasler, L50, M|100/100\n|switch|p2b: Basculegion|Basculegion, L50, M|100/100\n|turn|1\n|\n|t:|1775918870\n|detailschange|p1a: Lopunny|Lopunny-Mega, L50, F\n|-mega|p1a: Lopunny|Lopunny|Lopunnite\n|move|p1a: Lopunny|Fake Out|p2a: Sneasler\n|-damage|p2a: Sneasler|63/100\n|cant|p2a: Sneasler|flinch\n|move|p2b: Basculegion|Last Respects|p1b: Dragapult\n|-supereffective|p1b: Dragapult|1\n|-enditem|p1b: Dragapult|Kasib Berry|[eat]\n|-enditem|p1b: Dragapult|Kasib Berry|[weaken]\n|-damage|p1b: Dragapult|56/100\n|move|p1b: Dragapult|Shadow Ball|p2b: Basculegion\n|-supereffective|p2b: Basculegion|1\n|-damage|p2b: Basculegion|15/100\n|\n|upkeep\n|turn|2\n|inactive|DimensionalFool has 30 seconds left.\n|\n|t:|1775918897\n|switch|p2b: Corviknight|Corviknight, L50, F|100/100\n|move|p1b: Dragapult|Shadow Ball|p2b: Corviknight\n|-damage|p2b: Corviknight|65/100\n|move|p1a: Lopunny|Giga Impact|p2a: Sneasler\n|-damage|p2a: Sneasler|0 fnt\n|-mustrecharge|p1a: Lopunny\n|faint|p2a: Sneasler\n|\n|-heal|p2b: Corviknight|71/100|[from] item: Leftovers\n|upkeep\n|\n|t:|1775918909\n|switch|p2a: Pelipper|Pelipper, L50, F|100/100\n|-weather|RainDance|[from] ability: Drizzle|[of] p2a: Pelipper\n|turn|3\n|\n|t:|1775918931\n|move|p1b: Dragapult|Shadow Ball|p2a: Pelipper\n|-damage|p2a: Pelipper|36/100\n|-unboost|p2a: Pelipper|spd|1\n|cant|p1a: Lopunny|recharge\n|move|p2a: Pelipper|Tailwind|p2a: Pelipper\n|-sidestart|p2: DimensionalFool|move: Tailwind\n|move|p2b: Corviknight|Brave Bird|p1a: Lopunny\n|-supereffective|p1a: Lopunny|1\n|-damage|p1a: Lopunny|3/100\n|-damage|p2b: Corviknight|49/100|[from] Recoil\n|\n|-weather|RainDance|[upkeep]\n|-heal|p2b: Corviknight|55/100|[from] item: Leftovers\n|upkeep\n|turn|4\n|\n|t:|1775918944\n|move|p2a: Pelipper|Hurricane|p1b: Dragapult\n|-damage|p1b: Dragapult|0 fnt\n|faint|p1b: Dragapult\n|move|p1a: Lopunny|Close Combat|p2b: Corviknight\n|-damage|p2b: Corviknight|15/100\n|-unboost|p1a: Lopunny|def|1\n|-unboost|p1a: Lopunny|spd|1\n|move|p2b: Corviknight|Roost|p2b: Corviknight\n|-heal|p2b: Corviknight|65/100\n|-singleturn|p2b: Corviknight|move: Roost\n|\n|-weather|RainDance|[upkeep]\n|-heal|p2b: Corviknight|71/100|[from] item: Leftovers\n|upkeep\n|\n|t:|1775918953\n|switch|p1b: Milotic|Milotic, L50, F|100/100\n|turn|5\n|\n|t:|1775918973\n|move|p2a: Pelipper|Hurricane|p1b: Milotic\n|-damage|p1b: Milotic|52/100\n|move|p1a: Lopunny|Giga Impact|p2a: Pelipper\n|-damage|p2a: Pelipper|0 fnt\n|-mustrecharge|p1a: Lopunny\n|faint|p2a: Pelipper\n|move|p2b: Corviknight|Brave Bird|p1b: Milotic\n|-damage|p1b: Milotic|25/100\n|-damage|p2b: Corviknight|62/100|[from] Recoil\n|move|p1b: Milotic|Scald|p2b: Corviknight\n|-damage|p2b: Corviknight|20/100\n|\n|-weather|RainDance|[upkeep]\n|-heal|p2b: Corviknight|26/100|[from] item: Leftovers\n|-heal|p1b: Milotic|31/100|[from] item: Leftovers\n|upkeep\n|\n|t:|1775918978\n|switch|p2a: Basculegion|Basculegion, L50, M|15/100\n|turn|6\n|\n|t:|1775918989\n|move|p1b: Milotic|Protect|p1b: Milotic\n|-singleturn|p1b: Milotic|Protect\n|move|p2a: Basculegion|Last Respects|p1b: Milotic\n|-activate|p1b: Milotic|move: Protect\n|cant|p1a: Lopunny|recharge\n|move|p2b: Corviknight|Body Press|p1a: Lopunny\n|-supereffective|p1a: Lopunny|1\n|-damage|p1a: Lopunny|0 fnt\n|faint|p1a: Lopunny\n|\n|-weather|RainDance|[upkeep]\n|-heal|p2b: Corviknight|32/100|[from] item: Leftovers\n|-heal|p1b: Milotic|37/100|[from] item: Leftovers\n|-sideend|p2: DimensionalFool|move: Tailwind\n|upkeep\n|\n|t:|1775918996\n|switch|p1a: Tsareena|Tsareena, L50, F|100/100\n|turn|7\n|\n|t:|1775919005\n|move|p2a: Basculegion|Last Respects|p1b: Milotic\n|-damage|p1b: Milotic|0 fnt\n|faint|p1b: Milotic\n|move|p1a: Tsareena|Trop Kick|p2a: Basculegion\n|-supereffective|p2a: Basculegion|1\n|-damage|p2a: Basculegion|0 fnt\n|faint|p2a: Basculegion\n|move|p2b: Corviknight|Roost|p2b: Corviknight\n|-heal|p2b: Corviknight|82/100\n|-singleturn|p2b: Corviknight|move: Roost\n|\n|-weather|none\n|-heal|p2b: Corviknight|88/100|[from] item: Leftovers\n|upkeep\n|turn|8\n|\n|t:|1775919016\n|move|p1a: Tsareena|Low Kick|p2b: Corviknight\n|-damage|p2b: Corviknight|70/100\n|move|p2b: Corviknight|Brave Bird|p1a: Tsareena\n|-supereffective|p1a: Tsareena|1\n|-damage|p1a: Tsareena|11/100\n|-damage|p2b: Corviknight|49/100|[from] Recoil\n|\n|-heal|p2b: Corviknight|55/100|[from] item: Leftovers\n|upkeep\n|turn|9\n|\n|t:|1775919022\n|move|p1a: Tsareena|Low Kick|p2b: Corviknight\n|-damage|p2b: Corviknight|36/100\n|move|p2b: Corviknight|Body Press|p1a: Tsareena\n|-damage|p1a: Tsareena|0 fnt\n|faint|p1a: Tsareena\n|\n|win|DimensionalFool\n|raw|joymaxxing's rating: 1243 &rarr; <strong>1227</strong><br />(-16 for losing)\n|raw|DimensionalFool's rating: 1381 &rarr; <strong>1393</strong><br />(+12 for winning)\n|c|\u2606joymaxxing|Gg\n|l|\u2606DimensionalFool\n|player|p2|\n",
  "uploadtime": 1775919036,
  "views": 55,
  "formatid": "gen9championsvgc2026regma",
  "rating": 1227,
  "private": 0,
  "password": null
}