{
  "id": "gen9championsvgc2026regma-2582310521",
  "format": "[Gen 9 Champions] VGC 2026 Reg M-A",
  "players": [
    "lostttt",
    "Whale100x"
  ],
  "log": "|j|\u2606lostttt\n|j|\u2606Whale100x\n|t:|1776082182\n|gametype|doubles\n|player|p1|lostttt|101|1000\n|player|p2|Whale100x|wallace|1073\n|gen|9\n|tier|[Gen 9 Champions] VGC 2026 Reg M-A\n|rated|\n|rule|Species Clause: Limit one of each Pok\u00e9mon\n|rule|Item Clause: Limit 1 of each item\n|clearpoke\n|poke|p1|Basculegion, L50, M|\n|poke|p1|Politoed, L50, M|\n|poke|p1|Floette-Eternal, L50, F|\n|poke|p1|Aerodactyl, L50, M|\n|poke|p1|Maushold-Four, L50|\n|poke|p1|Incineroar, L50, M|\n|poke|p2|Sharpedo, L50, F|\n|poke|p2|Pelipper, L50, F|\n|poke|p2|Aegislash, L50, M|\n|poke|p2|Archaludon, L50, M|\n|poke|p2|Tsareena, L50, F|\n|poke|p2|Basculegion, L50, M|\n|teampreview|4\n|inactive|Battle timer is ON: inactive players will automatically lose when time's up. (requested by lostttt)\n|inactive|Whale100x also wants the timer to be on.\n|inactive|lostttt has 60 seconds left.\n|inactive|Whale100x has 60 seconds left.\n|\n|t:|1776082217\n|teamsize|p1|4\n|teamsize|p2|4\n|start\n|switch|p1a: Incineroar|Incineroar, L50, M|100/100\n|switch|p1b: Basculegion|Basculegion, L50, M|100/100\n|switch|p2a: Nigel|Pelipper, L50, F|100/100\n|switch|p2b: Bonnie Green|Tsareena, L50, F|100/100\n|-weather|RainDance|[from] ability: Drizzle|[of] p2a: Nigel\n|-ability|p1a: Incineroar|Intimidate|boost\n|-unboost|p2a: Nigel|atk|1\n|-unboost|p2b: Bonnie Green|atk|1\n|turn|1\n|inactive|lostttt has 30 seconds left.\n|\n|t:|1776082251\n|move|p1b: Basculegion|Protect|p1b: Basculegion\n|-singleturn|p1b: Basculegion|Protect\n|move|p1a: Incineroar|Fake Out||[still]\n|cant|p2b: Bonnie Green|ability: Queenly Majesty|Fake Out|[of] p1a: Incineroar\n|move|p2a: Nigel|Tailwind|p2a: Nigel\n|-sidestart|p2: Whale100x|move: Tailwind\n|move|p2b: Bonnie Green|Light Screen|p2b: Bonnie Green\n|-sidestart|p2: Whale100x|move: Light Screen\n|\n|-weather|RainDance|[upkeep]\n|upkeep\n|turn|2\n|\n|t:|1776082271\n|switch|p1b: Floette|Floette-Eternal, L50, F|100/100\n|move|p2a: Nigel|U-turn|p1a: Incineroar\n|-damage|p1a: Incineroar|95/100\n|\n|t:|1776082276\n|switch|p2a: MEG|Sharpedo, L50, F|100/100|[from] U-turn\n|move|p2b: Bonnie Green|Power Whip|p1b: Floette\n|-damage|p1b: Floette|44/100\n|move|p1a: Incineroar|Parting Shot|p2b: Bonnie Green\n|-unboost|p2b: Bonnie Green|atk|1\n|-unboost|p2b: Bonnie Green|spa|1\n|\n|t:|1776082284\n|switch|p1a: Aerodactyl|Aerodactyl, L50, M|100/100|[from] Parting Shot\n|-ability|p1a: Aerodactyl|Unnerve\n|\n|-weather|RainDance|[upkeep]\n|upkeep\n|turn|3\n|inactive|Whale100x has 30 seconds left.\n|\n|t:|1776082318\n|switch|p2b: THE MECH|Archaludon, L50, M|100/100\n|detailschange|p1b: Floette|Floette-Mega, L50, F\n|-mega|p1b: Floette|Floette|Floettite\n|-ability|p1b: Floette|Fairy Aura\n|move|p2a: MEG|Protect|p2a: MEG\n|-singleturn|p2a: MEG|Protect\n|move|p1b: Floette|Protect|p1b: Floette\n|-singleturn|p1b: Floette|Protect\n|move|p1a: Aerodactyl|Tailwind|p1a: Aerodactyl\n|-sidestart|p1: lostttt|move: Tailwind\n|\n|-weather|RainDance|[upkeep]\n|-ability|p2a: MEG|Speed Boost|boost\n|-boost|p2a: MEG|spe|1\n|upkeep\n|turn|4\n|\n|t:|1776082340\n|detailschange|p2a: MEG|Sharpedo-Mega, L50, F\n|-mega|p2a: MEG|Sharpedo|Sharpedonite\n|move|p2a: MEG|Hydro Pump|p1b: Floette\n|-damage|p1b: Floette|0 fnt\n|faint|p1b: Floette\n|move|p1a: Aerodactyl|Rock Slide|p2b: THE MECH|[spread] p2a\n|-miss|p1a: Aerodactyl|p2b: THE MECH\n|-damage|p2a: MEG|50/100\n|move|p2b: THE MECH|Electro Shot||[still]\n|-prepare|p2b: THE MECH|Electro Shot\n|-boost|p2b: THE MECH|spa|1\n|-anim|p2b: THE MECH|Electro Shot|p1a: Aerodactyl\n|-supereffective|p1a: Aerodactyl|1\n|-enditem|p1a: Aerodactyl|Focus Sash\n|-damage|p1a: Aerodactyl|1/100\n|\n|-weather|RainDance|[upkeep]\n|-sideend|p2: Whale100x|move: Tailwind\n|upkeep\n|\n|t:|1776082345\n|switch|p1b: Incineroar|Incineroar, L50, M|95/100\n|-ability|p1b: Incineroar|Intimidate|boost\n|-unboost|p2a: MEG|atk|1\n|-unboost|p2b: THE MECH|atk|1\n|turn|5\n|inactive|Whale100x has 30 seconds left.\n|\n|t:|1776082375\n|move|p1b: Incineroar|Fake Out|p2a: MEG\n|-damage|p2a: MEG|25/100\n|move|p1a: Aerodactyl|Rock Slide|p2a: MEG|[spread] p2a,p2b\n|-resisted|p2b: THE MECH|1\n|-damage|p2a: MEG|0 fnt\n|-damage|p2b: THE MECH|90/100\n|-ability|p2b: THE MECH|Stamina|boost\n|-boost|p2b: THE MECH|def|1\n|faint|p2a: MEG\n|move|p2b: THE MECH|Electro Shot||[still]\n|-prepare|p2b: THE MECH|Electro Shot\n|-boost|p2b: THE MECH|spa|1\n|-anim|p2b: THE MECH|Electro Shot|p1a: Aerodactyl\n|-supereffective|p1a: Aerodactyl|1\n|-damage|p1a: Aerodactyl|0 fnt\n|faint|p1a: Aerodactyl\n|\n|-weather|none\n|-sideend|p2: Whale100x|move: Light Screen\n|upkeep\n|\n|t:|1776082390\n|switch|p1a: Basculegion|Basculegion, L50, M|100/100\n|switch|p2a: Nigel|Pelipper, L50, F|100/100\n|-weather|RainDance|[from] ability: Drizzle|[of] p2a: Nigel\n|turn|6\n|inactive|Whale100x has 30 seconds left.\n|\n|t:|1776082416\n|move|p1a: Basculegion|Last Respects|p2a: Nigel\n|-enditem|p2a: Nigel|Focus Sash\n|-damage|p2a: Nigel|1/100\n|move|p1b: Incineroar|Flare Blitz|p2b: THE MECH\n|-damage|p2b: THE MECH|71/100\n|-ability|p2b: THE MECH|Stamina|boost\n|-boost|p2b: THE MECH|def|1\n|-damage|p1b: Incineroar|90/100|[from] Recoil\n|move|p2b: THE MECH|Iron Defense|p2b: THE MECH\n|-boost|p2b: THE MECH|def|2\n|move|p2a: Nigel|Tailwind|p2a: Nigel\n|-sidestart|p2: Whale100x|move: Tailwind\n|\n|-weather|RainDance|[upkeep]\n|-sideend|p1: lostttt|move: Tailwind\n|upkeep\n|turn|7\n|\n|t:|1776082436\n|move|p1a: Basculegion|Aqua Jet|p2a: Nigel\n|-resisted|p2a: Nigel|1\n|-damage|p2a: Nigel|0 fnt\n|faint|p2a: Nigel\n|move|p2b: THE MECH|Electro Shot||[still]\n|-prepare|p2b: THE MECH|Electro Shot\n|-boost|p2b: THE MECH|spa|1\n|-anim|p2b: THE MECH|Electro Shot|p1a: Basculegion\n|-supereffective|p1a: Basculegion|1\n|-damage|p1a: Basculegion|0 fnt\n|faint|p1a: Basculegion\n|move|p1b: Incineroar|Flare Blitz|p2b: THE MECH\n|-damage|p2b: THE MECH|64/100\n|-ability|p2b: THE MECH|Stamina|boost\n|-boost|p2b: THE MECH|def|1\n|-damage|p1b: Incineroar|88/100|[from] Recoil\n|\n|-weather|RainDance|[upkeep]\n|upkeep\n|\n|t:|1776082451\n|switch|p2a: Bonnie Green|Tsareena, L50, F|100/100\n|turn|8\n|\n|t:|1776082469\n|move|p2b: THE MECH|Thunder Wave|p1b: Incineroar\n|-status|p1b: Incineroar|par\n|move|p2a: Bonnie Green|Light Screen|p2a: Bonnie Green\n|-sidestart|p2: Whale100x|move: Light Screen\n|move|p1b: Incineroar|Flare Blitz|p2a: Bonnie Green\n|-supereffective|p2a: Bonnie Green|1\n|-damage|p2a: Bonnie Green|23/100\n|-enditem|p2a: Bonnie Green|Sitrus Berry|[eat]\n|-heal|p2a: Bonnie Green|47/100|[from] item: Sitrus Berry\n|-damage|p1b: Incineroar|69/100 par|[from] Recoil\n|\n|-weather|RainDance|[upkeep]\n|upkeep\n|turn|9\n|\n|t:|1776082492\n|move|p2b: THE MECH|Electro Shot||[still]\n|-prepare|p2b: THE MECH|Electro Shot\n|-boost|p2b: THE MECH|spa|1\n|-anim|p2b: THE MECH|Electro Shot|p1b: Incineroar\n|-crit|p1b: Incineroar\n|-damage|p1b: Incineroar|0 fnt\n|faint|p1b: Incineroar\n|\n|win|Whale100x\n|raw|lostttt's rating: 1000 &rarr; <strong>1000</strong><br />(+0 for losing)\n|raw|Whale100x's rating: 1073 &rarr; <strong>1096</strong><br />(+23 for winning)\n|l|\u2606lostttt\n|player|p1|\n",
  "uploadtime": 1776082510,
  "views": 9,
  "formatid": "gen9championsvgc2026regma",
  "rating": 1000,
  "private": 0,
  "password": null
}