{
  "id": "gen9championsvgc2026regma-2584195014",
  "format": "[Gen 9 Champions] VGC 2026 Reg M-A",
  "players": [
    "AMD_T75",
    "jainahilda"
  ],
  "log": "|j|\u2606AMD_T75\n|j|\u2606jainahilda\n|t:|1776236790\n|gametype|doubles\n|player|p1|AMD_T75|2|1084\n|player|p2|jainahilda|hilda-wonderlauncher|1078\n|gen|9\n|tier|[Gen 9 Champions] VGC 2026 Reg M-A\n|rated|\n|rule|Species Clause: Limit one of each Pok\u00e9mon\n|rule|Item Clause: Limit 1 of each item\n|clearpoke\n|poke|p1|Charizard, L50, M|\n|poke|p1|Rotom-Wash, L50|\n|poke|p1|Venusaur, L50, F|\n|poke|p1|Incineroar, L50, F|\n|poke|p1|Garchomp, L50, F|\n|poke|p1|Sneasler, L50, F|\n|poke|p2|Sneasler, L50, F|\n|poke|p2|Froslass, L50, F|\n|poke|p2|Sylveon, L50, M|\n|poke|p2|Sinistcha-Masterpiece, L50|\n|poke|p2|Palafin, L50, M|\n|poke|p2|Incineroar, L50, F|\n|teampreview|4\n|\n|t:|1776236844\n|teamsize|p1|4\n|teamsize|p2|4\n|start\n|switch|p1a: Charizard|Charizard, L50, M|100/100\n|switch|p1b: Garchomp|Garchomp, L50, F|100/100\n|switch|p2a: Naoya|Sneasler, L50, F|100/100\n|switch|p2b: Mahito|Incineroar, L50, F|100/100\n|-ability|p2b: Mahito|Intimidate|boost\n|-unboost|p1a: Charizard|atk|1\n|-unboost|p1b: Garchomp|atk|1\n|turn|1\n|\n|t:|1776236863\n|switch|p1b: Incineroar|Incineroar, L50, F|100/100\n|-ability|p1b: Incineroar|Intimidate|boost\n|-unboost|p2a: Naoya|atk|1\n|-unboost|p2b: Mahito|atk|1\n|-enditem|p2a: Naoya|White Herb\n|-clearnegativeboost|p2a: Naoya|[silent]\n|move|p1a: Charizard|Protect|p1a: Charizard\n|-singleturn|p1a: Charizard|Protect\n|move|p2a: Naoya|Fake Out|p1a: Charizard\n|-activate|p1a: Charizard|move: Protect\n|move|p2b: Mahito|Fake Out|p1b: Incineroar\n|-crit|p1b: Incineroar\n|-damage|p1b: Incineroar|85/100\n|\n|upkeep\n|turn|2\n|\n|t:|1776236889\n|move|p2a: Naoya|Protect|p2a: Naoya\n|-singleturn|p2a: Naoya|Protect\n|move|p1b: Incineroar|Fake Out|p2a: Naoya\n|-activate|p2a: Naoya|move: Protect\n|move|p1a: Charizard|Air Slash|p2a: Naoya\n|-activate|p2a: Naoya|move: Protect\n|move|p2b: Mahito|Parting Shot|p1a: Charizard\n|-unboost|p1a: Charizard|atk|1\n|-unboost|p1a: Charizard|spa|1\n|\n|t:|1776236904\n|switch|p2b: Inumaki|Sylveon, L50, M|100/100|[from] Parting Shot\n|\n|upkeep\n|turn|3\n|\n|t:|1776236921\n|switch|p1a: Garchomp|Garchomp, L50, F|100/100\n|move|p2a: Naoya|Close Combat|p1b: Incineroar\n|-supereffective|p1b: Incineroar|1\n|-damage|p1b: Incineroar|0 fnt\n|-unboost|p2a: Naoya|def|1\n|-unboost|p2a: Naoya|spd|1\n|faint|p1b: Incineroar\n|move|p2b: Inumaki|Hyper Voice|p1a: Garchomp\n|-supereffective|p1a: Garchomp|1\n|-damage|p1a: Garchomp|0 fnt\n|faint|p1a: Garchomp\n|\n|upkeep\n|\n|t:|1776236928\n|switch|p1a: Charizard|Charizard, L50, M|100/100\n|switch|p1b: Venusaur|Venusaur, L50, F|100/100\n|turn|4\n|\n|t:|1776236953\n|move|p2a: Naoya|Dire Claw|p1a: Charizard\n|-crit|p1a: Charizard\n|-damage|p1a: Charizard|15/100\n|move|p1a: Charizard|Air Slash|p2b: Inumaki\n|-damage|p2b: Inumaki|67/100\n|move|p1b: Venusaur|Sleep Powder|p2b: Inumaki\n|-status|p2b: Inumaki|slp|[from] move: Sleep Powder\n|cant|p2b: Inumaki|slp\n|\n|upkeep\n|turn|5\n|\n|t:|1776236989\n|switch|p2b: Mahito|Incineroar, L50, F|100/100\n|-ability|p2b: Mahito|Intimidate|boost\n|-unboost|p1a: Charizard|atk|1\n|-unboost|p1b: Venusaur|atk|1\n|detailschange|p1a: Charizard|Charizard-Mega-Y, L50, M\n|-mega|p1a: Charizard|Charizard|Charizardite Y\n|-weather|SunnyDay|[from] ability: Drought|[of] p1a: Charizard\n|move|p2a: Naoya|Dire Claw|p1b: Venusaur\n|-damage|p1b: Venusaur|46/100\n|move|p1b: Venusaur|Sleep Powder|p2a: Naoya\n|-status|p2a: Naoya|slp|[from] move: Sleep Powder\n|move|p1a: Charizard|Heat Wave|p2a: Naoya|[spread] p2a,p2b\n|-resisted|p2b: Mahito|1\n|-damage|p2a: Naoya|0 fnt\n|-damage|p2b: Mahito|75/100\n|faint|p2a: Naoya\n|\n|-weather|SunnyDay|[upkeep]\n|upkeep\n|\n|t:|1776237004\n|switch|p2a: Tengen|Froslass, L50, F|100/100\n|turn|6\n|\n|t:|1776237019\n|detailschange|p2a: Tengen|Froslass-Mega, L50, F\n|-mega|p2a: Tengen|Froslass|Froslassite\n|-weather|Snowscape|[from] ability: Snow Warning|[of] p2a: Tengen\n|move|p1a: Charizard|Protect|p1a: Charizard\n|-singleturn|p1a: Charizard|Protect\n|move|p2a: Tengen|Blizzard|p1b: Venusaur|[spread] p1b\n|-activate|p1a: Charizard|move: Protect\n|-supereffective|p1b: Venusaur|1\n|-damage|p1b: Venusaur|0 fnt\n|faint|p1b: Venusaur\n|move|p2b: Mahito|Flare Blitz|p1a: Charizard\n|-activate|p1a: Charizard|move: Protect\n|\n|-weather|Snowscape|[upkeep]\n|upkeep\n|turn|7\n|\n|t:|1776237046\n|switch|p2a: Inumaki|Sylveon, L50, M|67/100 slp\n|move|p1a: Charizard|Air Slash|p2b: Mahito\n|-damage|p2b: Mahito|38/100\n|move|p2b: Mahito|Throat Chop|p1a: Charizard\n|-damage|p1a: Charizard|0 fnt\n|faint|p1a: Charizard\n|\n|win|jainahilda\n|raw|AMD_T75's rating: 1084 &rarr; <strong>1061</strong><br />(-23 for losing)\n|raw|jainahilda's rating: 1078 &rarr; <strong>1107</strong><br />(+29 for winning)\n|l|\u2606AMD_T75\n|player|p1|\n",
  "uploadtime": 1776237058,
  "views": 25,
  "formatid": "gen9championsvgc2026regma",
  "rating": 1061,
  "private": 0,
  "password": null
}