{
  "id": "gen9championsvgc2026regma-2582067605",
  "format": "[Gen 9 Champions] VGC 2026 Reg M-A",
  "players": [
    "Skrillfury21",
    "BigPurplePops"
  ],
  "log": "|j|\u2606Skrillfury21\n|j|\u2606BigPurplePops\n|t:|1776053907\n|gametype|doubles\n|player|p1|Skrillfury21|265|1032\n|player|p2|BigPurplePops|marshal|1000\n|gen|9\n|tier|[Gen 9 Champions] VGC 2026 Reg M-A\n|rated|\n|rule|Species Clause: Limit one of each Pok\u00e9mon\n|rule|Item Clause: Limit 1 of each item\n|clearpoke\n|poke|p1|Kangaskhan, L50, F|\n|poke|p1|Incineroar, L50, M|\n|poke|p1|Sinistcha, L50|\n|poke|p1|Volcarona, L50, F|\n|poke|p1|Kommo-o, L50, M|\n|poke|p1|Milotic, L50, M|\n|poke|p2|Crabominable, L50, M|\n|poke|p2|Slowking, L50, F|\n|poke|p2|Incineroar, L50, F|\n|poke|p2|Krookodile, L50, M|\n|poke|p2|Clefable, L50, M|\n|poke|p2|Glimmora, L50, F|\n|teampreview|4\n|c|\u2606BigPurplePops|glhf\n|c|\u2606Skrillfury21|And you.\nSkrillfury21 has agreed to open team sheets.\nBigPurplePops has agreed to open team sheets.\n|showteam|p1|Kangaskhan||Kangaskhanite|Scrappy|DoubleEdge,SuckerPunch,FakeOut,Bite|||F|||50|]Incineroar||ChopleBerry|Intimidate|FlareBlitz,ThroatChop,PartingShot,FakeOut|||M|||50|]Sinistcha||SitrusBerry|Hospitality|MatchaGotcha,LifeDew,RagePowder,Protect||||||50|]Volcarona||ChartiBerry|FlameBody|Overheat,StruggleBug,RagePowder,Tailwind|||F|||50|]Kommo-o||Leftovers|Soundproof|ClangingScales,AuraSphere,ClangorousSoul,Protect|||M|||50|]Milotic||LumBerry|Competitive|IcyWind,Scald,LifeDew,HelpingHand|||M|||50|\n|showteam|p2|Crabominable||Crabominite|IronFist|DrainPunch,IceHammer,RockSlide,GunkShot|||M|||50|]Slowking||MentalHerb|Regenerator|ChillyReception,TrickRoom,Scald,Disable|||F|||50|]Incineroar||Leftovers|Intimidate|PartingShot,FakeOut,FlareBlitz,BrickBreak|||F|||50|]Krookodile||ChoiceScarf|Intimidate|Crunch,Earthquake,RockSlide,GunkShot|||M|||50|]Clefable||SitrusBerry|Unaware|Moonblast,Moonlight,FollowMe,Encore|||M|||50|]Glimmora||Glimmoranite|ToxicDebris|PowerGem,SludgeBomb,EarthPower,SpikyShield|||F|||50|\n|\n|t:|1776053990\n|teamsize|p1|4\n|teamsize|p2|4\n|start\n|switch|p1a: Dschingis Khan|Kangaskhan, L50, F|100/100\n|switch|p1b: El Fray del Fuego|Incineroar, L50, M|100/100\n|switch|p2a: Slowking|Slowking, L50, F|100/100\n|switch|p2b: Incineroar|Incineroar, L50, F|100/100\n|-ability|p1b: El Fray del Fuego|Intimidate|boost\n|-unboost|p2a: Slowking|atk|1\n|-unboost|p2b: Incineroar|atk|1\n|-ability|p2b: Incineroar|Intimidate|boost\n|-fail|p1a: Dschingis Khan|unboost|Attack|[from] ability: Scrappy|[of] p1a: Dschingis Khan\n|-unboost|p1b: El Fray del Fuego|atk|1\n|turn|1\n|\n|t:|1776054007\n|switch|p2a: Glimmora|Glimmora, L50, F|100/100\n|detailschange|p1a: Dschingis Khan|Kangaskhan-Mega, L50, F\n|-mega|p1a: Dschingis Khan|Kangaskhan|Kangaskhanite\n|move|p1b: El Fray del Fuego|Fake Out|p2b: Incineroar\n|-damage|p2b: Incineroar|92/100\n|move|p1a: Dschingis Khan|Bite|p2a: Glimmora\n|-damage|p2a: Glimmora|71/100\n|-activate|p2a: Glimmora|ability: Toxic Debris\n|-sidestart|p1: Skrillfury21|move: Toxic Spikes\n|-damage|p2a: Glimmora|64/100\n|-activate|p2a: Glimmora|ability: Toxic Debris\n|-sidestart|p1: Skrillfury21|move: Toxic Spikes\n|-hitcount|p2a: Glimmora|2\n|cant|p2b: Incineroar|flinch\n|\n|-heal|p2b: Incineroar|98/100|[from] item: Leftovers\n|upkeep\n|turn|2\n|\n|t:|1776054045\n|move|p1a: Dschingis Khan|Double-Edge|p2a: Glimmora\n|-resisted|p2a: Glimmora|1\n|-damage|p2a: Glimmora|26/100\n|-resisted|p2a: Glimmora|1\n|-damage|p2a: Glimmora|16/100\n|-hitcount|p2a: Glimmora|2\n|-damage|p1a: Dschingis Khan|87/100|[from] Recoil\n|move|p2a: Glimmora|Power Gem|p1b: El Fray del Fuego\n|-supereffective|p1b: El Fray del Fuego|1\n|-damage|p1b: El Fray del Fuego|20/100\n|move|p1b: El Fray del Fuego|Parting Shot|p2b: Incineroar\n|-unboost|p2b: Incineroar|atk|1\n|-unboost|p2b: Incineroar|spa|1\n|\n|t:|1776054058\n|switch|p1b: Sirenia|Milotic, L50, M|100/100|[from] Parting Shot\n|-status|p1b: Sirenia|tox\n|-enditem|p1b: Sirenia|Lum Berry|[eat]\n|-curestatus|p1b: Sirenia|tox|[msg]\n|move|p2b: Incineroar|Parting Shot|p1a: Dschingis Khan\n|-unboost|p1a: Dschingis Khan|atk|1\n|-unboost|p1a: Dschingis Khan|spa|1\n|\n|t:|1776054066\n|switch|p2b: Slowking|Slowking, L50, F|100/100|[from] Parting Shot\n|\n|upkeep\n|turn|3\n|\n|t:|1776054089\n|switch|p2b: Incineroar|Incineroar, L50, F|98/100\n|-ability|p2b: Incineroar|Intimidate|boost\n|-unboost|p1a: Dschingis Khan|atk|1\n|-unboost|p1b: Sirenia|atk|1\n|-ability|p1b: Sirenia|Competitive|boost\n|-boost|p1b: Sirenia|spa|2\n|move|p1a: Dschingis Khan|Bite|p2a: Glimmora\n|-damage|p2a: Glimmora|1/100\n|-damage|p2a: Glimmora|0 fnt\n|faint|p2a: Glimmora\n|-hitcount|p2: Glimmora|2\n|move|p1b: Sirenia|Scald|p2b: Incineroar\n|-supereffective|p2b: Incineroar|1\n|-damage|p2b: Incineroar|17/100\n|\n|-heal|p2b: Incineroar|23/100|[from] item: Leftovers\n|upkeep\n|\n|t:|1776054097\n|switch|p2a: Slowking|Slowking, L50, F|100/100\n|turn|4\n|\n|t:|1776054117\n|move|p1a: Dschingis Khan|Sucker Punch||[still]\n|-fail|p1a: Dschingis Khan\n|move|p1b: Sirenia|Scald|p2b: Incineroar\n|-supereffective|p2b: Incineroar|1\n|-damage|p2b: Incineroar|0 fnt\n|faint|p2b: Incineroar\n|move|p2a: Slowking|Trick Room|p2a: Slowking\n|-fieldstart|move: Trick Room|[of] p2a: Slowking\n|\n|upkeep\n|\n|t:|1776054122\n|switch|p2b: Crabominable|Crabominable, L50, M|100/100\n|turn|5\n|\n|t:|1776054136\n|switch|p1a: El Fray del Fuego|Incineroar, L50, M|20/100\n|-status|p1a: El Fray del Fuego|tox\n|-ability|p1a: El Fray del Fuego|Intimidate|boost\n|-unboost|p2a: Slowking|atk|1\n|-unboost|p2b: Crabominable|atk|1\n|detailschange|p2b: Crabominable|Crabominable-Mega, L50, M\n|-mega|p2b: Crabominable|Crabominable|Crabominite\n|move|p2a: Slowking|Disable|p1b: Sirenia\n|-start|p1b: Sirenia|Disable|Scald\n|move|p2b: Crabominable|Drain Punch|p1a: El Fray del Fuego\n|-supereffective|p1a: El Fray del Fuego|1\n|-enditem|p1a: El Fray del Fuego|Chople Berry|[eat]\n|-enditem|p1a: El Fray del Fuego|Chople Berry|[weaken]\n|-damage|p1a: El Fray del Fuego|0 fnt\n|faint|p1a: El Fray del Fuego\n|cant|p1b: Sirenia|Disable|Scald\n|\n|upkeep\n|\n|t:|1776054151\n|switch|p1a: Dschingis Khan|Kangaskhan-Mega, L50, F|87/100\n|-status|p1a: Dschingis Khan|tox\n|turn|6\n|\n|t:|1776054182\n|move|p1b: Sirenia|Helping Hand|p1a: Dschingis Khan\n|-singleturn|p1a: Dschingis Khan|Helping Hand|[of] p1b: Sirenia\n|move|p1a: Dschingis Khan|Fake Out|p2b: Crabominable\n|-damage|p2b: Crabominable|75/100\n|-damage|p2b: Crabominable|69/100\n|-hitcount|p2b: Crabominable|2\n|-prepare|p2a: Slowking|Chilly Reception|[premajor]\n|move|p2a: Slowking|Chilly Reception|p2a: Slowking\n|-weather|Snowscape\n|cant|p2b: Crabominable|flinch\n|\n|-weather|Snowscape|[upkeep]\n|-damage|p1a: Dschingis Khan|81/100 tox|[from] psn\n|upkeep\n|turn|7\n|\n|t:|1776054202\n|move|p1b: Sirenia|Helping Hand|p1a: Dschingis Khan\n|-singleturn|p1a: Dschingis Khan|Helping Hand|[of] p1b: Sirenia\n|move|p1a: Dschingis Khan|Sucker Punch|p2b: Crabominable\n|-resisted|p2b: Crabominable|1\n|-damage|p2b: Crabominable|59/100\n|-resisted|p2b: Crabominable|1\n|-damage|p2b: Crabominable|57/100\n|-hitcount|p2b: Crabominable|2\n|move|p2a: Slowking|Scald|p1a: Dschingis Khan\n|-damage|p1a: Dschingis Khan|54/100 tox\n|move|p2b: Crabominable|Drain Punch|p1a: Dschingis Khan\n|-supereffective|p1a: Dschingis Khan|1\n|-damage|p1a: Dschingis Khan|0 fnt\n|-heal|p2b: Crabominable|81/100|[from] drain|[of] p1a: Dschingis Khan\n|faint|p1a: Dschingis Khan\n|\n|-weather|Snowscape|[upkeep]\n|upkeep\n|\n|t:|1776054217\n|switch|p1a: Crumpets|Sinistcha, L50|100/100\n|-status|p1a: Crumpets|tox\n|turn|8\n|-message|Skrillfury21 forfeited.\n|\n|win|BigPurplePops\n|raw|Skrillfury21's rating: 1032 &rarr; <strong>1016</strong><br />(-16 for losing)\n|raw|BigPurplePops's rating: 1000 &rarr; <strong>1044</strong><br />(+44 for winning)\n|l|\u2606Skrillfury21\n|player|p1|\n",
  "uploadtime": 1776054224,
  "views": 12,
  "formatid": "gen9championsvgc2026regma",
  "rating": 1016,
  "private": 0,
  "password": null
}