{
  "id": "gen9championsvgc2026regma-2583405619",
  "format": "[Gen 9 Champions] VGC 2026 Reg M-A",
  "players": [
    "DarthPug03",
    "Niko highway"
  ],
  "log": "|j|\u2606DarthPug03\n|j|\u2606Niko highway\n|t:|1776173460\n|gametype|doubles\n|player|p1|DarthPug03|morty|1404\n|player|p2|Niko highway|169|1438\n|gen|9\n|tier|[Gen 9 Champions] VGC 2026 Reg M-A\n|rated|\n|rule|Species Clause: Limit one of each Pok\u00e9mon\n|rule|Item Clause: Limit 1 of each item\n|clearpoke\n|poke|p1|Tyranitar, L50, M|\n|poke|p1|Garchomp, L50, M|\n|poke|p1|Corviknight, L50, M|\n|poke|p1|Rotom-Wash, L50|\n|poke|p1|Sneasler, L50, F|\n|poke|p1|Sinistcha, L50|\n|poke|p2|Incineroar, L50, F|\n|poke|p2|Conkeldurr, L50, M|\n|poke|p2|Sinistcha, L50|\n|poke|p2|Cofagrigus, L50, F|\n|poke|p2|Drampa, L50, M|\n|poke|p2|Aegislash, L50, F|\n|teampreview|4\n|inactive|Battle timer is ON: inactive players will automatically lose when time's up. (requested by DarthPug03)\n|inactive|DarthPug03 has 60 seconds left.\n|\n|t:|1776173502\n|teamsize|p1|4\n|teamsize|p2|4\n|start\n|switch|p1a: Sneasler|Sneasler, L50, F|100/100\n|switch|p1b: Tyranitar|Tyranitar, L50, M|100/100\n|switch|p2a: Incineroar|Incineroar, L50, F|100/100\n|switch|p2b: Cofagrigus|Cofagrigus, L50, F|100/100\n|-weather|Sandstorm|[from] ability: Sand Stream|[of] p1b: Tyranitar\n|-ability|p2a: Incineroar|Intimidate|boost\n|-unboost|p1a: Sneasler|atk|1\n|-unboost|p1b: Tyranitar|atk|1\n|-enditem|p1a: Sneasler|White Herb\n|-clearnegativeboost|p1a: Sneasler|[silent]\n|turn|1\n|\n|t:|1776173513\n|switch|p2a: Conkeldurr|Conkeldurr, L50, M|100/100\n|detailschange|p1b: Tyranitar|Tyranitar-Mega, L50, M\n|-mega|p1b: Tyranitar|Tyranitar|Tyranitarite\n|move|p1a: Sneasler|Close Combat|p2a: Conkeldurr\n|-damage|p2a: Conkeldurr|48/100\n|-unboost|p1a: Sneasler|def|1\n|-unboost|p1a: Sneasler|spd|1\n|move|p1b: Tyranitar|Knock Off|p2b: Cofagrigus\n|-supereffective|p2b: Cofagrigus|1\n|-damage|p2b: Cofagrigus|50/100\n|-activate|p2b: Cofagrigus|ability: Mummy|p1b: Tyranitar|[ability] Sand Stream\n|-enditem|p2b: Cofagrigus|Leftovers|[from] move: Knock Off|[of] p1b: Tyranitar\n|move|p2b: Cofagrigus|Trick Room|p2b: Cofagrigus\n|-fieldstart|move: Trick Room|[of] p2b: Cofagrigus\n|\n|-weather|Sandstorm|[upkeep]\n|-damage|p2b: Cofagrigus|44/100|[from] Sandstorm\n|-damage|p2a: Conkeldurr|42/100|[from] Sandstorm\n|-damage|p1a: Sneasler|95/100|[from] Sandstorm\n|upkeep\n|turn|2\n|\n|t:|1776173537\n|switch|p1b: Sinistcha|Sinistcha, L50|100/100\n|-heal|p1a: Sneasler|100/100|[from] ability: Hospitality|[of] p1b: Sinistcha\n|move|p2b: Cofagrigus|Will-O-Wisp|p1a: Sneasler\n|-status|p1a: Sneasler|brn\n|move|p2a: Conkeldurr|Drain Punch|p1b: Sinistcha\n|-immune|p1b: Sinistcha\n|move|p1a: Sneasler|Close Combat|p2a: Conkeldurr\n|-damage|p2a: Conkeldurr|15/100\n|-unboost|p1a: Sneasler|def|1\n|-unboost|p1a: Sneasler|spd|1\n|\n|-weather|Sandstorm|[upkeep]\n|-damage|p2b: Cofagrigus|38/100|[from] Sandstorm\n|-damage|p2a: Conkeldurr|9/100|[from] Sandstorm\n|-damage|p1b: Sinistcha|94/100|[from] Sandstorm\n|-damage|p1a: Sneasler|95/100 brn|[from] Sandstorm\n|-damage|p1a: Sneasler|89/100 brn|[from] brn\n|upkeep\n|turn|3\n|j| sileshar\n|\n|t:|1776173561\n|switch|p1a: Corviknight|Corviknight, L50, M|100/100\n|move|p2b: Cofagrigus|Shadow Ball|p1b: Sinistcha\n|-supereffective|p1b: Sinistcha|1\n|-damage|p1b: Sinistcha|40/100\n|-enditem|p1b: Sinistcha|Sitrus Berry|[eat]\n|-heal|p1b: Sinistcha|65/100|[from] item: Sitrus Berry\n|move|p2a: Conkeldurr|Knock Off|p1b: Sinistcha\n|-supereffective|p1b: Sinistcha|1\n|-damage|p1b: Sinistcha|21/100\n|move|p1b: Sinistcha|Matcha Gotcha|p2b: Cofagrigus|[spread] p2a,p2b\n|-damage|p2a: Conkeldurr|0 fnt\n|-heal|p1b: Sinistcha|26/100|[from] drain|[of] p2a: Conkeldurr\n|-damage|p2b: Cofagrigus|13/100\n|-heal|p1b: Sinistcha|38/100|[from] drain|[of] p2b: Cofagrigus\n|faint|p2a: Conkeldurr\n|\n|-weather|Sandstorm|[upkeep]\n|-damage|p2b: Cofagrigus|7/100|[from] Sandstorm\n|-damage|p1b: Sinistcha|31/100|[from] Sandstorm\n|upkeep\n|\n|t:|1776173568\n|switch|p2a: Incineroar|Incineroar, L50, F|100/100\n|-ability|p2a: Incineroar|Intimidate|boost\n|-ability|p1a: Corviknight|Mirror Armor\n|-unboost|p2a: Incineroar|atk|1\n|-unboost|p1b: Sinistcha|atk|1\n|turn|4\n|inactive|Niko highway has 30 seconds left.\n|\n|t:|1776173596\n|switch|p2b: Sinistcha|Sinistcha, L50|100/100\n|switch|p1b: Sneasler|Sneasler, L50, F|89/100 brn\n|move|p2a: Incineroar|Flare Blitz|p1a: Corviknight\n|-supereffective|p1a: Corviknight|1\n|-enditem|p1a: Corviknight|Occa Berry|[eat]\n|-enditem|p1a: Corviknight|Occa Berry|[weaken]\n|-damage|p1a: Corviknight|65/100\n|-damage|p2a: Incineroar|89/100|[from] Recoil\n|move|p1a: Corviknight|Iron Head|p2b: Sinistcha\n|-damage|p2b: Sinistcha|70/100\n|\n|-weather|Sandstorm|[upkeep]\n|-damage|p2a: Incineroar|83/100|[from] Sandstorm\n|-damage|p2b: Sinistcha|63/100|[from] Sandstorm\n|-damage|p1b: Sneasler|83/100 brn|[from] Sandstorm\n|-damage|p1b: Sneasler|77/100 brn|[from] brn\n|upkeep\n|turn|5\n|inactive|DarthPug03 has 30 seconds left.\n|\n|t:|1776173622\n|switch|p2a: Cofagrigus|Cofagrigus, L50, F|7/100\n|switch|p1a: Tyranitar|Tyranitar-Mega, L50, M|100/100\n|move|p2b: Sinistcha|Shadow Ball|p1a: Tyranitar\n|-resisted|p1a: Tyranitar|1\n|-damage|p1a: Tyranitar|88/100\n|-unboost|p1a: Tyranitar|spd|1\n|move|p1b: Sneasler|Close Combat|p2a: Cofagrigus\n|-immune|p2a: Cofagrigus\n|\n|-weather|none\n|-damage|p1b: Sneasler|71/100 brn|[from] brn\n|-fieldend|move: Trick Room\n|upkeep\n|turn|6\n|j| jollyb\n|\n|t:|1776173642\n|switch|p2a: Incineroar|Incineroar, L50, F|83/100\n|-ability|p2a: Incineroar|Intimidate|boost\n|-unboost|p1a: Tyranitar|atk|1\n|-unboost|p1b: Sneasler|atk|1\n|move|p1b: Sneasler|Dire Claw|p2a: Incineroar\n|-damage|p2a: Incineroar|71/100\n|move|p1a: Tyranitar|Knock Off|p2b: Sinistcha\n|-supereffective|p2b: Sinistcha|1\n|-enditem|p2b: Sinistcha|Colbur Berry|[eat]\n|-enditem|p2b: Sinistcha|Colbur Berry|[weaken]\n|-damage|p2b: Sinistcha|27/100\n|move|p2b: Sinistcha|Matcha Gotcha|p1a: Tyranitar|[spread] p1a,p1b\n|-supereffective|p1a: Tyranitar|1\n|-resisted|p1b: Sneasler|1\n|-damage|p1a: Tyranitar|3/100\n|-heal|p2b: Sinistcha|72/100|[from] drain|[of] p1a: Tyranitar\n|-damage|p1b: Sneasler|53/100 brn\n|-heal|p2b: Sinistcha|81/100|[from] drain|[of] p1b: Sneasler\n|\n|-damage|p1b: Sneasler|48/100 brn|[from] brn\n|upkeep\n|turn|7\n|\n|t:|1776173662\n|switch|p1a: Sinistcha|Sinistcha, L50|31/100\n|-heal|p1b: Sneasler|72/100 brn|[from] ability: Hospitality|[of] p1a: Sinistcha\n|move|p2a: Incineroar|Fake Out|p1a: Sinistcha\n|-immune|p1a: Sinistcha\n|move|p1b: Sneasler|Close Combat|p2a: Incineroar\n|-supereffective|p2a: Incineroar|1\n|-damage|p2a: Incineroar|34/100\n|-unboost|p1b: Sneasler|def|1\n|-unboost|p1b: Sneasler|spd|1\n|-enditem|p2a: Incineroar|Sitrus Berry|[eat]\n|-heal|p2a: Incineroar|58/100|[from] item: Sitrus Berry\n|move|p2b: Sinistcha|Trick Room|p2b: Sinistcha\n|-fieldstart|move: Trick Room|[of] p2b: Sinistcha\n|\n|-damage|p1b: Sneasler|66/100 brn|[from] brn\n|upkeep\n|turn|8\n|\n|t:|1776173683\n|move|p2a: Incineroar|Flare Blitz|p1a: Sinistcha\n|-supereffective|p1a: Sinistcha|1\n|-damage|p1a: Sinistcha|0 fnt\n|faint|p1a: Sinistcha\n|-damage|p2a: Incineroar|50/100|[from] Recoil\n|move|p2b: Sinistcha|Shadow Ball|p1b: Sneasler\n|-damage|p1b: Sneasler|0 fnt\n|faint|p1b: Sneasler\n|\n|upkeep\n|\n|t:|1776173686\n|switch|p1a: Corviknight|Corviknight, L50, M|65/100\n|switch|p1b: Tyranitar|Tyranitar-Mega, L50, M|3/100\n|-weather|Sandstorm|[from] ability: Sand Stream|[of] p1b: Tyranitar\n|turn|9\n|\n|t:|1776173694\n|move|p1b: Tyranitar|Protect|p1b: Tyranitar\n|-singleturn|p1b: Tyranitar|Protect\n|move|p2a: Incineroar|Flare Blitz|p1a: Corviknight\n|-supereffective|p1a: Corviknight|1\n|-damage|p1a: Corviknight|0 fnt\n|faint|p1a: Corviknight\n|-damage|p2a: Incineroar|29/100|[from] Recoil\n|move|p2b: Sinistcha|Shadow Ball|p1b: Tyranitar\n|-activate|p1b: Tyranitar|move: Protect\n|\n|-weather|Sandstorm|[upkeep]\n|-damage|p2a: Incineroar|23/100|[from] Sandstorm\n|-damage|p2b: Sinistcha|75/100|[from] Sandstorm\n|upkeep\n|turn|10\n|c|\u2606Niko highway|gg\n|-message|DarthPug03 forfeited.\n|\n|win|Niko highway\n|raw|DarthPug03's rating: 1404 &rarr; <strong>1386</strong><br />(-18 for losing)\n|raw|Niko highway's rating: 1438 &rarr; <strong>1456</strong><br />(+18 for winning)\n|l|\u2606DarthPug03\n|player|p1|\n",
  "uploadtime": 1776173705,
  "views": 52,
  "formatid": "gen9championsvgc2026regma",
  "rating": 1386,
  "private": 0,
  "password": null
}