{
  "id": "gen9championsvgc2026regma-2586465017",
  "format": "[Gen 9 Champions] VGC 2026 Reg M-A",
  "players": [
    "Azure Resolution",
    "Orkestra"
  ],
  "log": "|j|\u2606Azure Resolution\n|j|\u2606Orkestra\n|t:|1776436557\n|gametype|doubles\n|player|p1|Azure Resolution|gentleman-gen4dp|1184\n|player|p2|Orkestra|benga|1259\n|gen|9\n|tier|[Gen 9 Champions] VGC 2026 Reg M-A\n|rated|\n|rule|Species Clause: Limit one of each Pok\u00e9mon\n|rule|Item Clause: Limit 1 of each item\n|clearpoke\n|poke|p1|Altaria, L50, F|\n|poke|p1|Delphox, L50, M|\n|poke|p1|Kingambit, L50, F|\n|poke|p1|Basculegion, L50, M|\n|poke|p1|Sneasler, L50, M|\n|poke|p1|Sableye, L50, F|\n|poke|p2|Chimecho, L50, M|\n|poke|p2|Farigiraf, L50, M|\n|poke|p2|Milotic, L50, F|\n|poke|p2|Pelipper, L50, F|\n|poke|p2|Archaludon, L50, F|\n|poke|p2|Sinistcha, L50|\n|teampreview|4\n|inactive|Battle timer is ON: inactive players will automatically lose when time's up. (requested by Orkestra)\n|\n|t:|1776436624\n|teamsize|p1|4\n|teamsize|p2|4\n|start\n|switch|p1a: Sableye|Sableye, L50, F|100/100\n|switch|p1b: Sneasler|Sneasler, L50, M|100/100\n|switch|p2a: Milotic|Milotic, L50, F|100/100\n|switch|p2b: Archaludon|Archaludon, L50, F|100/100\n|turn|1\n|inactive|Orkestra has 30 seconds left.\n|\n|t:|1776436651\n|switch|p2b: Farigiraf|Farigiraf, L50, M|100/100\n|move|p1b: Sneasler|Fake Out||[still]\n|cant|p2b: Farigiraf|ability: Armor Tail|Fake Out|[of] p1b: Sneasler\n|move|p1a: Sableye|Fake Out||[still]\n|cant|p2b: Farigiraf|ability: Armor Tail|Fake Out|[of] p1a: Sableye\n|move|p2a: Milotic|Scald|p1b: Sneasler\n|-damage|p1b: Sneasler|44/100\n|\n|upkeep\n|turn|2\n|inactive|Azure Resolution has 30 seconds left.\n|inactive|Orkestra has 30 seconds left.\n|\n|t:|1776436682\n|switch|p2a: Pelipper|Pelipper, L50, F, shiny|100/100\n|-weather|RainDance|[from] ability: Drizzle|[of] p2a: Pelipper\n|move|p1b: Sneasler|Protect|p1b: Sneasler\n|-singleturn|p1b: Sneasler|Protect\n|move|p1a: Sableye|Foul Play|p2b: Farigiraf\n|-supereffective|p2b: Farigiraf|1\n|-enditem|p2b: Farigiraf|Colbur Berry|[eat]\n|-enditem|p2b: Farigiraf|Colbur Berry|[weaken]\n|-damage|p2b: Farigiraf|77/100\n|move|p2b: Farigiraf|Trick Room|p2b: Farigiraf\n|-fieldstart|move: Trick Room|[of] p2b: Farigiraf\n|\n|-weather|RainDance|[upkeep]\n|upkeep\n|turn|3\n|inactive|Azure Resolution has 30 seconds left.\n|inactive|Azure Resolution has 20 seconds left.\n|\n|t:|1776436719\n|move|p1a: Sableye|Foul Play|p2b: Farigiraf\n|-supereffective|p2b: Farigiraf|1\n|-damage|p2b: Farigiraf|33/100\n|move|p2b: Farigiraf|Psychic Noise|p1b: Sneasler\n|-supereffective|p1b: Sneasler|2\n|-damage|p1b: Sneasler|0 fnt\n|faint|p1b: Sneasler\n|move|p2a: Pelipper|Weather Ball|p1a: Sableye\n|-damage|p1a: Sableye|34/100\n|\n|-weather|RainDance|[upkeep]\n|upkeep\n|\n|t:|1776436732\n|switch|p1b: Basculegion|Basculegion, L50, M|100/100\n|turn|4\n|\n|t:|1776436745\n|move|p2b: Farigiraf|Protect|p2b: Farigiraf\n|-singleturn|p2b: Farigiraf|Protect\n|move|p1a: Sableye|Foul Play|p2b: Farigiraf\n|-activate|p2b: Farigiraf|move: Protect\n|move|p2a: Pelipper|Hurricane|p1b: Basculegion\n|-damage|p1b: Basculegion|53/100\n|-start|p1b: Basculegion|confusion\n|-activate|p1b: Basculegion|confusion\n|move|p1b: Basculegion|Last Respects|p2a: Pelipper\n|-damage|p2a: Pelipper|27/100\n|\n|-weather|RainDance|[upkeep]\n|upkeep\n|turn|5\n|\n|t:|1776436764\n|switch|p2b: Archaludon|Archaludon, L50, F|100/100\n|move|p1a: Sableye|Foul Play|p2b: Archaludon\n|-damage|p2b: Archaludon|75/100\n|-ability|p2b: Archaludon|Stamina|boost\n|-boost|p2b: Archaludon|def|1\n|move|p2a: Pelipper|Weather Ball|p1a: Sableye\n|-damage|p1a: Sableye|0 fnt\n|faint|p1a: Sableye\n|-activate|p1b: Basculegion|confusion\n|move|p1b: Basculegion|Last Respects|p2a: Pelipper\n|-damage|p2a: Pelipper|0 fnt\n|faint|p2a: Pelipper\n|\n|-weather|RainDance|[upkeep]\n|upkeep\n|\n|t:|1776436778\n|switch|p1a: Delphox|Delphox, L50, M|100/100\n|switch|p2a: Milotic|Milotic, L50, F|100/100\n|turn|6\n|\n|t:|1776436799\n|detailschange|p1a: Delphox|Delphox-Mega, L50, M\n|-mega|p1a: Delphox|Delphox|Delphoxite\n|move|p1a: Delphox|Protect|p1a: Delphox\n|-singleturn|p1a: Delphox|Protect\n|move|p2a: Milotic|Scald|p1a: Delphox\n|-activate|p1a: Delphox|move: Protect\n|move|p2b: Archaludon|Electro Shot||[still]\n|-prepare|p2b: Archaludon|Electro Shot\n|-boost|p2b: Archaludon|spa|1\n|-anim|p2b: Archaludon|Electro Shot|p1b: Basculegion\n|-supereffective|p1b: Basculegion|1\n|-damage|p1b: Basculegion|0 fnt\n|faint|p1b: Basculegion\n|\n|-weather|none\n|-fieldend|move: Trick Room\n|upkeep\n|turn|7\n|\n|t:|1776436821\n|move|p1a: Delphox|Heat Wave|p2a: Milotic|[spread] p2a,p2b\n|-resisted|p2a: Milotic|1\n|-damage|p2a: Milotic|82/100\n|-damage|p2b: Archaludon|22/100\n|-ability|p2b: Archaludon|Stamina|boost\n|-boost|p2b: Archaludon|def|1\n|move|p2b: Archaludon|Electro Shot||[still]\n|-prepare|p2b: Archaludon|Electro Shot\n|-boost|p2b: Archaludon|spa|1\n|move|p2a: Milotic|Scald|p1a: Delphox\n|-supereffective|p1a: Delphox|1\n|-damage|p1a: Delphox|18/100\n|\n|-heal|p2a: Milotic|88/100|[from] item: Leftovers\n|upkeep\n|turn|8\n|\n|t:|1776436835\n|move|p1a: Delphox|Protect|p1a: Delphox\n|-singleturn|p1a: Delphox|Protect\n|move|p2b: Archaludon|Electro Shot|p1a: Delphox|[from] lockedmove\n|-activate|p1a: Delphox|move: Protect\n|move|p2a: Milotic|Scald|p1a: Delphox\n|-activate|p1a: Delphox|move: Protect\n|\n|-heal|p2a: Milotic|94/100|[from] item: Leftovers\n|upkeep\n|turn|9\n|\n|t:|1776436846\n|move|p1a: Delphox|Psychic|p2a: Milotic\n|-damage|p2a: Milotic|52/100\n|move|p2b: Archaludon|Flash Cannon|p1a: Delphox\n|-resisted|p1a: Delphox|1\n|-damage|p1a: Delphox|0 fnt\n|faint|p1a: Delphox\n|\n|win|Orkestra\n|raw|Azure Resolution's rating: 1184 &rarr; <strong>1164</strong><br />(-20 for losing)\n|raw|Orkestra's rating: 1259 &rarr; <strong>1279</strong><br />(+20 for winning)\n",
  "uploadtime": 1776436853,
  "views": 26,
  "formatid": "gen9championsvgc2026regma",
  "rating": 1164,
  "private": 0,
  "password": null
}