{
  "id": "gen9championsvgc2026regma-2583601036",
  "format": "[Gen 9 Champions] VGC 2026 Reg M-A",
  "players": [
    "Awarren1996",
    "michelleobomber"
  ],
  "log": "|j|\u2606Awarren1996\n|j|\u2606michelleobomber\n|t:|1776185821\n|gametype|doubles\n|player|p1|Awarren1996|101|1056\n|player|p2|michelleobomber|preschooler|1051\n|gen|9\n|tier|[Gen 9 Champions] VGC 2026 Reg M-A\n|rated|\n|rule|Species Clause: Limit one of each Pok\u00e9mon\n|rule|Item Clause: Limit 1 of each item\n|clearpoke\n|poke|p1|Meganium, L50, F|\n|poke|p1|Pelipper, L50, M|\n|poke|p1|Basculegion, L50, M|\n|poke|p1|Whimsicott, L50, M|\n|poke|p1|Rotom-Wash, L50|\n|poke|p1|Aerodactyl, L50, F|\n|poke|p2|Absol, L50, F|\n|poke|p2|Whimsicott, L50, M|\n|poke|p2|Ninetales-Alola, L50, M|\n|poke|p2|Gengar, L50, F|\n|poke|p2|Maushold, L50|\n|poke|p2|Glimmora, L50, F|\n|teampreview|4\n|\n|t:|1776185852\n|teamsize|p1|4\n|teamsize|p2|4\n|start\n|switch|p1a: Aerodactyl|Aerodactyl, L50, F|100/100\n|switch|p1b: Basculegion|Basculegion, L50, M|100/100\n|switch|p2a: Whimsicott|Whimsicott, L50, M, shiny|100/100\n|switch|p2b: Gengar|Gengar, L50, F|100/100\n|-ability|p1a: Aerodactyl|Unnerve\n|turn|1\n|\n|t:|1776185879\n|detailschange|p1a: Aerodactyl|Aerodactyl-Mega, L50, F\n|-mega|p1a: Aerodactyl|Aerodactyl|Aerodactylite\n|move|p2a: Whimsicott|Encore||[still]\n|-fail|p2a: Whimsicott\n|move|p2b: Gengar|Shadow Ball|p1b: Basculegion\n|-supereffective|p1b: Basculegion|1\n|-damage|p1b: Basculegion|12/100\n|move|p1b: Basculegion|Flip Turn|p2a: Whimsicott\n|-resisted|p2a: Whimsicott|1\n|-damage|p2a: Whimsicott|76/100\n|c|\u2606michelleobomber|fuck my horrible life i opressed taunt\n|\n|t:|1776185895\n|switch|p1b: Pelipper|Pelipper, L50, M|100/100|[from] Flip Turn\n|-weather|RainDance|[from] ability: Drizzle|[of] p1b: Pelipper\n|move|p1a: Aerodactyl|Dual Wingbeat|p2b: Gengar\n|-damage|p2b: Gengar|41/100\n|-crit|p2b: Gengar\n|-damage|p2b: Gengar|0 fnt\n|faint|p2b: Gengar\n|-hitcount|p2: Gengar|2\n|\n|-weather|RainDance|[upkeep]\n|upkeep\n|\n|t:|1776185910\n|switch|p2b: Glimmora|Glimmora, L50, F|100/100\n|turn|2\n|c|\u2606Awarren1996|Misclick didn\u2019t matter\n|c|\u2606michelleobomber|it means no tailwind thisd turn if you wanted it\n|\n|t:|1776185941\n|switch|p2b: Ninetales|Ninetales-Alola, L50, M|100/100\n|-weather|Snowscape|[from] ability: Snow Warning|[of] p2b: Ninetales\n|move|p2a: Whimsicott|Tailwind|p2a: Whimsicott\n|-sidestart|p2: michelleobomber|move: Tailwind\n|move|p1a: Aerodactyl|Dual Wingbeat|p2a: Whimsicott\n|-supereffective|p2a: Whimsicott|1\n|-damage|p2a: Whimsicott|0 fnt\n|faint|p2a: Whimsicott\n|-hitcount|p2: Whimsicott|1\n|move|p1b: Pelipper|Weather Ball|p2b: Ninetales|[miss]\n|-miss|p1b: Pelipper|p2b: Ninetales\n|\n|-weather|Snowscape|[upkeep]\n|upkeep\n|\n|t:|1776185954\n|switch|p2a: Glimmora|Glimmora, L50, F|100/100\n|turn|3\n|c|\u2606Awarren1996|I didn\u2019t click it since you misclicked\n|\n|t:|1776185977\n|move|p1b: Pelipper|Wide Guard|p1b: Pelipper\n|-singleturn|p1b: Pelipper|Wide Guard\n|move|p2a: Glimmora|Power Gem|p1b: Pelipper\n|-supereffective|p1b: Pelipper|1\n|-enditem|p1b: Pelipper|Focus Sash\n|-damage|p1b: Pelipper|1/100\n|move|p2b: Ninetales|Aurora Veil|p2b: Ninetales\n|-sidestart|p2: michelleobomber|move: Aurora Veil\n|move|p1a: Aerodactyl|Rock Slide|p2b: Ninetales|[spread] p2a,p2b\n|-supereffective|p2b: Ninetales|1\n|-damage|p2a: Glimmora|74/100\n|-damage|p2b: Ninetales|60/100\n|-activate|p2a: Glimmora|ability: Toxic Debris\n|-sidestart|p1: Awarren1996|move: Toxic Spikes\n|\n|-weather|Snowscape|[upkeep]\n|upkeep\n|turn|4\n|\n|t:|1776186009\n|move|p1b: Pelipper|Wide Guard|p1b: Pelipper\n|-singleturn|p1b: Pelipper|Wide Guard\n|move|p2a: Glimmora|Power Gem|p1b: Pelipper\n|-supereffective|p1b: Pelipper|1\n|-damage|p1b: Pelipper|0 fnt\n|faint|p1b: Pelipper\n|move|p2b: Ninetales|Weather Ball|p1a: Aerodactyl\n|-supereffective|p1a: Aerodactyl|1\n|-damage|p1a: Aerodactyl|23/100\n|move|p1a: Aerodactyl|Tailwind|p1a: Aerodactyl\n|-sidestart|p1: Awarren1996|move: Tailwind\n|\n|-weather|Snowscape|[upkeep]\n|upkeep\n|\n|t:|1776186016\n|switch|p1b: Basculegion|Basculegion, L50, M|12/100\n|-status|p1b: Basculegion|psn\n|turn|5\n|\n|t:|1776186044\n|move|p2a: Glimmora|Protect|p2a: Glimmora\n|-singleturn|p2a: Glimmora|Protect\n|move|p1b: Basculegion|Flip Turn|p2a: Glimmora\n|-activate|p2a: Glimmora|move: Protect\n|move|p1a: Aerodactyl|Rock Slide|p2b: Ninetales|[spread] p2b\n|-activate|p2a: Glimmora|move: Protect\n|-supereffective|p2b: Ninetales|1\n|-damage|p2b: Ninetales|19/100\n|move|p2b: Ninetales|Blizzard|p1b: Basculegion|[spread] p1a,p1b\n|-supereffective|p1a: Aerodactyl|1\n|-resisted|p1b: Basculegion|1\n|-damage|p1a: Aerodactyl|0 fnt\n|-damage|p1b: Basculegion|0 fnt\n|faint|p1a: Aerodactyl\n|faint|p1b: Basculegion\n|\n|-weather|Snowscape|[upkeep]\n|-sideend|p2: michelleobomber|move: Tailwind\n|upkeep\n|\n|t:|1776186050\n|switch|p1b: Meganium|Meganium, L50, F|100/100\n|-status|p1b: Meganium|psn\n|turn|6\n|\n|t:|1776186072\n|move|p1b: Meganium|Dazzling Gleam|p2b: Ninetales|[spread] p2a,p2b\n|-resisted|p2a: Glimmora|1\n|-damage|p2a: Glimmora|65/100\n|-damage|p2b: Ninetales|9/100\n|move|p2a: Glimmora|Acid Spray|p1b: Meganium\n|-supereffective|p1b: Meganium|1\n|-damage|p1b: Meganium|50/100 psn\n|-unboost|p1b: Meganium|spd|2\n|move|p2b: Ninetales|Weather Ball|p1b: Meganium\n|-supereffective|p1b: Meganium|1\n|-damage|p1b: Meganium|0 fnt\n|faint|p1b: Meganium\n|\n|win|michelleobomber\n",
  "uploadtime": 1776185891,
  "views": 18,
  "formatid": "gen9championsvgc2026regma",
  "rating": null,
  "private": 0,
  "password": null
}