{
  "id": "gen9championsvgc2026regma-2588562056",
  "format": "[Gen 9 Champions] VGC 2026 Reg M-A",
  "players": [
    "sdlt 2krl spin",
    "firjiwater"
  ],
  "log": "|raw|<div class=\"broadcast-blue\"><strong>This battle is required to be public due to a player having a name starting with 'sdlt'.</div>\n|j|\u2606sdlt 2krl spin\n|j|\u2606firjiwater\n|t:|1776645204\n|gametype|doubles\n|player|p1|sdlt 2krl spin|#tppviisnoms|1040\n|player|p2|firjiwater|cheryl|1084\n|gen|9\n|tier|[Gen 9 Champions] VGC 2026 Reg M-A\n|rated|\n|rule|Species Clause: Limit one of each Pok\u00e9mon\n|rule|Item Clause: Limit 1 of each item\n|clearpoke\n|poke|p1|Delphox, L50, F|\n|poke|p1|Basculegion, L50, M|\n|poke|p1|Aerodactyl, L50, M|\n|poke|p1|Sneasler, L50, M|\n|poke|p1|Garchomp, L50, M|\n|poke|p1|Kingambit, L50, F|\n|poke|p2|Primarina, L50, M|\n|poke|p2|Garchomp, L50, F|\n|poke|p2|Aerodactyl, L50, M|\n|poke|p2|Rotom-Wash, L50|\n|poke|p2|Incineroar, L50, F|\n|poke|p2|Sinistcha, L50|\n|teampreview|4\n|inactive|Battle timer is ON: inactive players will automatically lose when time's up. (requested by firjiwater)\nsdlt 2krl spin rejected open team sheets.\n|inactive|sdlt 2krl spin has 60 seconds left.\n|\n|t:|1776645251\n|teamsize|p1|4\n|teamsize|p2|4\n|start\n|switch|p1a: Sneasler|Sneasler, L50, M|100/100\n|switch|p1b: Delphox|Delphox, L50, F|100/100\n|switch|p2a: Water Nation|Primarina, L50, M|100/100\n|switch|p2b: Katara|Rotom-Wash, L50|100/100\n|turn|1\n|\n|t:|1776645273\n|detailschange|p1b: Delphox|Delphox-Mega, L50, F\n|-mega|p1b: Delphox|Delphox|Delphoxite\n|move|p2a: Water Nation|Protect|p2a: Water Nation\n|-singleturn|p2a: Water Nation|Protect\n|move|p1b: Delphox|Psyshock|p2b: Katara\n|-damage|p2b: Katara|53/100\n|move|p1a: Sneasler|Dire Claw|p2a: Water Nation\n|-activate|p2a: Water Nation|move: Protect\n|move|p2b: Katara|Electroweb|p1b: Delphox|[spread] p1a,p1b\n|-damage|p1a: Sneasler|83/100\n|-damage|p1b: Delphox|86/100\n|-unboost|p1a: Sneasler|spe|1\n|-unboost|p1b: Delphox|spe|1\n|-enditem|p1a: Sneasler|White Herb\n|-clearnegativeboost|p1a: Sneasler|[silent]\n|\n|-heal|p2b: Katara|58/100|[from] item: Leftovers\n|upkeep\n|turn|2\n|inactive|firjiwater has 30 seconds left.\n|inactive|sdlt 2krl spin has 30 seconds left.\n|\n|t:|1776645307\n|switch|p2a: Fire Nation|Incineroar, L50, F|100/100\n|-ability|p2a: Fire Nation|Intimidate|boost\n|-unboost|p1a: Sneasler|atk|1\n|-unboost|p1b: Delphox|atk|1\n|move|p1a: Sneasler|Dire Claw|p2a: Fire Nation\n|-damage|p2a: Fire Nation|72/100\n|-status|p2a: Fire Nation|slp\n|move|p2b: Katara|Hydro Pump|p1b: Delphox\n|-supereffective|p1b: Delphox|1\n|-damage|p1b: Delphox|15/100\n|move|p1b: Delphox|Psyshock|p2b: Katara\n|-damage|p2b: Katara|13/100\n|\n|-heal|p2b: Katara|18/100|[from] item: Leftovers\n|upkeep\n|turn|3\n|inactive|firjiwater has 30 seconds left.\n|\n|t:|1776645333\n|switch|p1b: Aerodactyl|Aerodactyl, L50, M|100/100\n|-ability|p1b: Aerodactyl|Unnerve\n|cant|p2a: Fire Nation|slp\n|move|p1a: Sneasler|Dire Claw|p2b: Katara\n|-damage|p2b: Katara|0 fnt\n|faint|p2b: Katara\n|\n|upkeep\n|\n|t:|1776645344\n|switch|p2b: Iroh|Sinistcha, L50|100/100\n|-heal|p2a: Fire Nation|97/100 slp|[from] ability: Hospitality|[of] p2b: Iroh\n|turn|4\n|inactive|firjiwater has 30 seconds left.\n|\n|t:|1776645371\n|move|p2b: Iroh|Protect|p2b: Iroh\n|-singleturn|p2b: Iroh|Protect\n|move|p1a: Sneasler|Close Combat|p2a: Fire Nation\n|-supereffective|p2a: Fire Nation|1\n|-damage|p2a: Fire Nation|13/100 slp\n|-unboost|p1a: Sneasler|def|1\n|-unboost|p1a: Sneasler|spd|1\n|move|p1b: Aerodactyl|Dual Wingbeat|p2b: Iroh\n|-activate|p2b: Iroh|move: Protect\n|cant|p2a: Fire Nation|slp\n|\n|upkeep\n|turn|5\n|\n|t:|1776645395\n|move|p1a: Sneasler|Close Combat|p2a: Fire Nation\n|-supereffective|p2a: Fire Nation|1\n|-damage|p2a: Fire Nation|0 fnt\n|-unboost|p1a: Sneasler|def|1\n|-unboost|p1a: Sneasler|spd|1\n|faint|p2a: Fire Nation\n|move|p1b: Aerodactyl|Dual Wingbeat|p2b: Iroh\n|-supereffective|p2b: Iroh|1\n|-damage|p2b: Iroh|74/100\n|-supereffective|p2b: Iroh|1\n|-damage|p2b: Iroh|45/100\n|-hitcount|p2b: Iroh|2\n|move|p2b: Iroh|Strength Sap|p1b: Aerodactyl\n|-unboost|p1b: Aerodactyl|atk|1\n|-heal|p2b: Iroh|100/100\n|\n|upkeep\n|\n|t:|1776645409\n|switch|p2a: Water Nation|Primarina, L50, M|100/100\n|turn|6\n|\n|t:|1776645420\n|move|p2b: Iroh|Rage Powder|p2b: Iroh\n|-singleturn|p2b: Iroh|move: Rage Powder\n|move|p1a: Sneasler|Dire Claw|p2b: Iroh\n|-damage|p2b: Iroh|79/100\n|-status|p2b: Iroh|par\n|move|p1b: Aerodactyl|Rock Slide|p2b: Iroh|[spread] p2a,p2b\n|-damage|p2a: Water Nation|79/100\n|-damage|p2b: Iroh|66/100 par\n|cant|p2a: Water Nation|flinch\n|\n|upkeep\n|turn|7\n|\n|t:|1776645435\n|move|p2b: Iroh|Rage Powder|p2b: Iroh\n|-singleturn|p2b: Iroh|move: Rage Powder\n|move|p1a: Sneasler|Dire Claw|p2b: Iroh\n|-damage|p2b: Iroh|43/100 par\n|move|p1b: Aerodactyl|Rock Slide|p2b: Iroh|[spread] p2a,p2b\n|-damage|p2a: Water Nation|61/100\n|-damage|p2b: Iroh|30/100 par\n|move|p2a: Water Nation|Hyper Voice|p1b: Aerodactyl|[spread] p1a,p1b\n|-supereffective|p1b: Aerodactyl|1\n|-damage|p1a: Sneasler|0 fnt\n|-enditem|p1b: Aerodactyl|Focus Sash\n|-damage|p1b: Aerodactyl|1/100\n|faint|p1a: Sneasler\n|\n|upkeep\n|\n|t:|1776645450\n|switch|p1a: Basculegion|Basculegion, L50, M|100/100\n|turn|8\n|\n|t:|1776645465\n|move|p2b: Iroh|Protect|p2b: Iroh\n|-singleturn|p2b: Iroh|Protect\n|move|p1a: Basculegion|Last Respects|p2b: Iroh\n|-activate|p2b: Iroh|move: Protect\n|move|p1b: Aerodactyl|Rock Slide|p2a: Water Nation|[spread] p2a\n|-activate|p2b: Iroh|move: Protect\n|-damage|p2a: Water Nation|41/100\n|move|p2a: Water Nation|Moonblast|p1a: Basculegion\n|-damage|p1a: Basculegion|38/100\n|-unboost|p1a: Basculegion|spa|1\n|\n|upkeep\n|turn|9\n|\n|t:|1776645486\n|move|p2b: Iroh|Rage Powder|p2b: Iroh\n|-singleturn|p2b: Iroh|move: Rage Powder\n|move|p1a: Basculegion|Last Respects|p2b: Iroh\n|-supereffective|p2b: Iroh|1\n|-damage|p2b: Iroh|0 fnt\n|faint|p2b: Iroh\n|move|p1b: Aerodactyl|Rock Slide|p2a: Water Nation\n|-damage|p2a: Water Nation|14/100\n|move|p2a: Water Nation|Moonblast|p1a: Basculegion\n|-damage|p1a: Basculegion|0 fnt\n|faint|p1a: Basculegion\n|\n|upkeep\n|\n|t:|1776645491\n|switch|p1a: Delphox|Delphox-Mega, L50, F|15/100\n|turn|10\n|\n|t:|1776645500\n|move|p1a: Delphox|Psyshock|p2a: Water Nation\n|-damage|p2a: Water Nation|0 fnt\n|faint|p2a: Water Nation\n|\n|win|sdlt 2krl spin\n|raw|sdlt 2krl spin's rating: 1040 &rarr; <strong>1078</strong><br />(+38 for winning)\n|raw|firjiwater's rating: 1084 &rarr; <strong>1059</strong><br />(-25 for losing)\n|c|\u2606firjiwater|gg\n",
  "uploadtime": 1776645508,
  "views": 10,
  "formatid": "gen9championsvgc2026regma",
  "rating": 1059,
  "private": 0,
  "password": null
}