{
  "id": "gen9championsvgc2026regma-2586708423",
  "format": "[Gen 9 Champions] VGC 2026 Reg M-A",
  "players": [
    "agent_x001",
    "fertq228"
  ],
  "log": "|j|\u2606agent_x001\n|j|\u2606fertq228\n|t:|1776453805\n|gametype|doubles\n|player|p1|agent_x001|265|1150\n|player|p2|fertq228|hooligans|1049\n|gen|9\n|tier|[Gen 9 Champions] VGC 2026 Reg M-A\n|rated|\n|rule|Species Clause: Limit one of each Pok\u00e9mon\n|rule|Item Clause: Limit 1 of each item\n|clearpoke\n|poke|p1|Whimsicott, L50, M|\n|poke|p1|Venusaur, L50, M|\n|poke|p1|Typhlosion-Hisui, L50, F|\n|poke|p1|Milotic, L50, M|\n|poke|p1|Dragonite, L50, M|\n|poke|p1|Lucario, L50, M|\n|poke|p2|Basculegion, L50, M|\n|poke|p2|Pelipper, L50, M|\n|poke|p2|Archaludon, L50, M|\n|poke|p2|Kangaskhan, L50, F|\n|poke|p2|Farigiraf, L50, M|\n|poke|p2|Jolteon, L50, M|\n|teampreview|4\n|\n|t:|1776453841\n|teamsize|p1|4\n|teamsize|p2|4\n|start\n|switch|p1a: Milotic|Milotic, L50, M|100/100\n|switch|p1b: Dragonite|Dragonite, L50, M|100/100\n|switch|p2a: Basculegion|Basculegion, L50, M|100/100\n|switch|p2b: Kangaskhan|Kangaskhan, L50, F|100/100\n|turn|1\n|\n|t:|1776453864\n|detailschange|p2b: Kangaskhan|Kangaskhan-Mega, L50, F\n|-mega|p2b: Kangaskhan|Kangaskhan|Kangaskhanite\n|detailschange|p1b: Dragonite|Dragonite-Mega, L50, M\n|-mega|p1b: Dragonite|Dragonite|Dragoninite\n|move|p2b: Kangaskhan|Fake Out|p1b: Dragonite\n|-damage|p1b: Dragonite|93/100\n|-damage|p1b: Dragonite|89/100\n|-hitcount|p1b: Dragonite|2\n|move|p2a: Basculegion|Flip Turn|p1b: Dragonite\n|-resisted|p1b: Dragonite|1\n|-damage|p1b: Dragonite|72/100\n|\n|t:|1776453877\n|switch|p2a: Pelipper|Pelipper, L50, M|100/100|[from] Flip Turn\n|-weather|RainDance|[from] ability: Drizzle|[of] p2a: Pelipper\n|cant|p1b: Dragonite|flinch\n|move|p1a: Milotic|Icy Wind|p2b: Kangaskhan|[spread] p2a,p2b\n|-damage|p2a: Pelipper|84/100\n|-damage|p2b: Kangaskhan|93/100\n|-unboost|p2a: Pelipper|spe|1\n|-unboost|p2b: Kangaskhan|spe|1\n|\n|-weather|RainDance|[upkeep]\n|upkeep\n|turn|2\n|\n|t:|1776453900\n|move|p1b: Dragonite|Thunderbolt|p2a: Pelipper\n|-supereffective|p2a: Pelipper|2\n|-damage|p2a: Pelipper|0 fnt\n|faint|p2a: Pelipper\n|move|p1a: Milotic|Icy Wind|p2b: Kangaskhan\n|-damage|p2b: Kangaskhan|82/100\n|-unboost|p2b: Kangaskhan|spe|1\n|move|p2b: Kangaskhan|Low Kick|p1a: Milotic\n|-damage|p1a: Milotic|63/100\n|-damage|p1a: Milotic|55/100\n|-hitcount|p1a: Milotic|2\n|\n|-weather|RainDance|[upkeep]\n|-heal|p1a: Milotic|61/100|[from] item: Leftovers\n|upkeep\n|\n|t:|1776453916\n|switch|p2a: Archaludon|Archaludon, L50, M|100/100\n|turn|3\n|\n|t:|1776453936\n|move|p1b: Dragonite|Thunderbolt|p2a: Archaludon\n|-resisted|p2a: Archaludon|1\n|-damage|p2a: Archaludon|78/100\n|-ability|p2a: Archaludon|Stamina|boost\n|-boost|p2a: Archaludon|def|1\n|move|p2a: Archaludon|Electro Shot||[still]\n|-prepare|p2a: Archaludon|Electro Shot\n|-boost|p2a: Archaludon|spa|1\n|-anim|p2a: Archaludon|Electro Shot|p1b: Dragonite\n|-damage|p1b: Dragonite|26/100\n|move|p1a: Milotic|Life Dew|p1a: Milotic|[spread] p1a,p1b\n|-heal|p1a: Milotic|87/100\n|-heal|p1b: Dragonite|51/100\n|move|p2b: Kangaskhan|Body Slam|p1a: Milotic\n|-damage|p1a: Milotic|42/100\n|-damage|p1a: Milotic|30/100\n|-hitcount|p1a: Milotic|2\n|\n|-weather|RainDance|[upkeep]\n|-heal|p2a: Archaludon|84/100|[from] item: Leftovers\n|-heal|p1a: Milotic|36/100|[from] item: Leftovers\n|upkeep\n|turn|4\n|\n|t:|1776453970\n|move|p1b: Dragonite|Thunderbolt|p2a: Archaludon\n|-resisted|p2a: Archaludon|1\n|-damage|p2a: Archaludon|62/100\n|-ability|p2a: Archaludon|Stamina|boost\n|-boost|p2a: Archaludon|def|1\n|move|p2a: Archaludon|Dragon Pulse|p1b: Dragonite\n|-supereffective|p1b: Dragonite|1\n|-damage|p1b: Dragonite|0 fnt\n|faint|p1b: Dragonite\n|move|p1a: Milotic|Scald|p2a: Archaludon\n|-resisted|p2a: Archaludon|1\n|-damage|p2a: Archaludon|38/100\n|-ability|p2a: Archaludon|Stamina|boost\n|-boost|p2a: Archaludon|def|1\n|move|p2b: Kangaskhan|Body Slam|p1a: Milotic\n|-damage|p1a: Milotic|0 fnt\n|faint|p1a: Milotic\n|-hitcount|p1: Milotic|1\n|\n|-weather|RainDance|[upkeep]\n|-heal|p2a: Archaludon|44/100|[from] item: Leftovers\n|upkeep\n|\n|t:|1776453993\n|switch|p1b: Lucario|Lucario, L50, M|100/100\n|switch|p1a: Whimsicott|Whimsicott, L50, M|100/100\n|turn|5\n|\n|t:|1776454016\n|move|p1a: Whimsicott|Sunny Day|p1a: Whimsicott\n|-weather|SunnyDay\n|move|p1b: Lucario|Close Combat|p2a: Archaludon\n|-supereffective|p2a: Archaludon|1\n|-damage|p2a: Archaludon|7/100\n|-unboost|p1b: Lucario|def|1\n|-unboost|p1b: Lucario|spd|1\n|-ability|p2a: Archaludon|Stamina|boost\n|-boost|p2a: Archaludon|def|1\n|move|p2a: Archaludon|Electro Shot||[still]\n|-prepare|p2a: Archaludon|Electro Shot\n|-boost|p2a: Archaludon|spa|1\n|move|p2b: Kangaskhan|Body Slam|p1a: Whimsicott\n|-damage|p1a: Whimsicott|43/100\n|-damage|p1a: Whimsicott|29/100\n|-hitcount|p1a: Whimsicott|2\n|\n|-weather|SunnyDay|[upkeep]\n|-heal|p2a: Archaludon|13/100|[from] item: Leftovers\n|upkeep\n|turn|6\n|\n|t:|1776454038\n|move|p1a: Whimsicott|Moonblast|p2a: Archaludon\n|-damage|p2a: Archaludon|0 fnt\n|faint|p2a: Archaludon\n|move|p1b: Lucario|Close Combat|p2b: Kangaskhan\n|-supereffective|p2b: Kangaskhan|1\n|-damage|p2b: Kangaskhan|0 fnt\n|-unboost|p1b: Lucario|def|1\n|-unboost|p1b: Lucario|spd|1\n|faint|p2b: Kangaskhan\n|\n|-weather|SunnyDay|[upkeep]\n|upkeep\n|\n|t:|1776454048\n|switch|p2b: Basculegion|Basculegion, L50, M|100/100\n|turn|7\n|\n|t:|1776454074\n|move|p1a: Whimsicott|Tailwind|p1a: Whimsicott\n|-sidestart|p1: agent_x001|move: Tailwind\n|move|p1b: Lucario|Bullet Punch|p2b: Basculegion\n|-resisted|p2b: Basculegion|1\n|-damage|p2b: Basculegion|87/100\n|move|p2b: Basculegion|Last Respects|p1b: Lucario\n|-damage|p1b: Lucario|0 fnt\n|faint|p1b: Lucario\n|\n|-weather|SunnyDay|[upkeep]\n|upkeep\n|turn|8\n|\n|t:|1776454090\n|move|p1a: Whimsicott|Moonblast|p2b: Basculegion\n|-damage|p2b: Basculegion|48/100\n|move|p2b: Basculegion|Last Respects|p1a: Whimsicott\n|-damage|p1a: Whimsicott|0 fnt\n|faint|p1a: Whimsicott\n|\n|win|fertq228\n|raw|agent_x001's rating: 1150 &rarr; <strong>1118</strong><br />(-32 for losing)\n|raw|fertq228's rating: 1049 &rarr; <strong>1091</strong><br />(+42 for winning)\n|l|\u2606agent_x001\n|player|p1|\n",
  "uploadtime": 1776454104,
  "views": 30,
  "formatid": "gen9championsvgc2026regma",
  "rating": 1091,
  "private": 0,
  "password": null
}