{
  "id": "gen9championsvgc2026regma-2587435069",
  "format": "[Gen 9 Champions] VGC 2026 Reg M-A",
  "players": [
    "menoinnn",
    "JZ21"
  ],
  "log": "|j|\u2606menoinnn\n|j|\u2606JZ21\n|t:|1776531550\n|gametype|doubles\n|player|p1|menoinnn|flint|1215\n|player|p2|JZ21|brendan-e|1172\n|gen|9\n|tier|[Gen 9 Champions] VGC 2026 Reg M-A\n|rated|\n|rule|Species Clause: Limit one of each Pok\u00e9mon\n|rule|Item Clause: Limit 1 of each item\n|clearpoke\n|poke|p1|Kangaskhan, L50, F|\n|poke|p1|Incineroar, L50, M|\n|poke|p1|Aerodactyl, L50, M|\n|poke|p1|Garchomp, L50, M|\n|poke|p1|Basculegion, L50, M|\n|poke|p1|Sylveon, L50, F|\n|poke|p2|Froslass, L50, F, shiny|\n|poke|p2|Sneasler, L50, M, shiny|\n|poke|p2|Kingambit, L50, M, shiny|\n|poke|p2|Aerodactyl, L50, M, shiny|\n|poke|p2|Sinistcha, L50, shiny|\n|poke|p2|Blastoise, L50, M|\n|teampreview|4\n|inactive|Battle timer is ON: inactive players will automatically lose when time's up. (requested by menoinnn)\nmenoinnn rejected open team sheets.\n|inactive|JZ21 has 60 seconds left.\n|\n|t:|1776531621\n|teamsize|p1|4\n|teamsize|p2|4\n|start\n|switch|p1a: Kangaskhan|Kangaskhan, L50, F|100/100\n|switch|p1b: Aerodactyl|Aerodactyl, L50, M|100/100\n|switch|p2a: Blastoise|Blastoise, L50, M|100/100\n|switch|p2b: Aeroduck|Aerodactyl, L50, M, shiny|100/100\n|-ability|p2b: Aeroduck|Unnerve\n|-ability|p1b: Aerodactyl|Unnerve\n|turn|1\n|\n|t:|1776531640\n|detailschange|p2a: Blastoise|Blastoise-Mega, L50, M\n|-mega|p2a: Blastoise|Blastoise|Blastoisinite\n|detailschange|p1a: Kangaskhan|Kangaskhan-Mega, L50, F\n|-mega|p1a: Kangaskhan|Kangaskhan|Kangaskhanite\n|move|p1a: Kangaskhan|Fake Out|p2a: Blastoise\n|-damage|p2a: Blastoise|81/100\n|-damage|p2a: Blastoise|77/100\n|-hitcount|p2a: Blastoise|2\n|move|p1b: Aerodactyl|Rock Slide|p2b: Aeroduck|[spread] p2a,p2b\n|-supereffective|p2b: Aeroduck|1\n|-damage|p2a: Blastoise|58/100\n|-damage|p2b: Aeroduck|22/100\n|cant|p2b: Aeroduck|flinch\n|cant|p2a: Blastoise|flinch\n|\n|upkeep\n|turn|2\n|\n|t:|1776531657\n|switch|p2b: Sinistcha|Sinistcha, L50, shiny|100/100\n|-heal|p2a: Blastoise|83/100|[from] ability: Hospitality|[of] p2b: Sinistcha\n|move|p1a: Kangaskhan|Sucker Punch|p2a: Blastoise\n|-damage|p2a: Blastoise|60/100\n|-damage|p2a: Blastoise|55/100\n|-hitcount|p2a: Blastoise|2\n|move|p1b: Aerodactyl|Rock Slide|p2a: Blastoise|[spread] p2a,p2b\n|-damage|p2a: Blastoise|32/100\n|-damage|p2b: Sinistcha|80/100\n|move|p2a: Blastoise|Water Spout|p1b: Aerodactyl|[spread] p1a,p1b\n|-supereffective|p1b: Aerodactyl|1\n|-damage|p1a: Kangaskhan|82/100\n|-damage|p1b: Aerodactyl|36/100\n|\n|upkeep\n|turn|3\n|\n|t:|1776531679\n|switch|p1a: Basculegion|Basculegion, L50, M|100/100\n|move|p2a: Blastoise|Protect|p2a: Blastoise\n|-singleturn|p2a: Blastoise|Protect\n|move|p1b: Aerodactyl|Rock Slide|p2b: Sinistcha|[spread] p2b\n|-activate|p2a: Blastoise|move: Protect\n|-damage|p2b: Sinistcha|62/100\n|move|p2b: Sinistcha|Life Dew|p2b: Sinistcha|[spread] p2a,p2b\n|-heal|p2a: Blastoise|57/100\n|-heal|p2b: Sinistcha|87/100\n|\n|upkeep\n|turn|4\n|inactive|JZ21 has 30 seconds left.\n|inactive|JZ21 has 20 seconds left.\n|inactive|JZ21 has 15 seconds left.\n|inactive|JZ21 has 10 seconds left.\n|inactive|JZ21 has 5 seconds left.\n|\n|t:|1776531731\n|switch|p2b: yesKing|Kingambit, L50, M, shiny|100/100\n|move|p1a: Basculegion|Last Respects|p2a: Blastoise\n|-damage|p2a: Blastoise|30/100\n|move|p1b: Aerodactyl|Dual Wingbeat|p2b: yesKing\n|-resisted|p2b: yesKing|1\n|-damage|p2b: yesKing|94/100\n|-resisted|p2b: yesKing|1\n|-damage|p2b: yesKing|87/100\n|-hitcount|p2b: yesKing|2\n|move|p2a: Blastoise|Water Pulse|p1b: Aerodactyl\n|-supereffective|p1b: Aerodactyl|1\n|-damage|p1b: Aerodactyl|0 fnt\n|faint|p1b: Aerodactyl\n|\n|upkeep\n|\n|t:|1776531743\n|switch|p1b: Kangaskhan|Kangaskhan-Mega, L50, F|82/100\n|turn|5\n|\n|t:|1776531753\n|switch|p1a: Garchomp|Garchomp, L50, M|100/100\n|move|p2a: Blastoise|Protect|p2a: Blastoise\n|-singleturn|p2a: Blastoise|Protect\n|move|p2b: yesKing|Protect|p2b: yesKing\n|-singleturn|p2b: yesKing|Protect\n|move|p1b: Kangaskhan|Fake Out|p2a: Blastoise\n|-activate|p2a: Blastoise|move: Protect\n|\n|upkeep\n|turn|6\n|inactive|menoinnn has 30 seconds left.\n|inactive|JZ21 has 30 seconds left.\n|inactive|JZ21 has 20 seconds left.\n|\n|t:|1776531792\n|switch|p2b: Sinistcha|Sinistcha, L50, shiny|87/100\n|-heal|p2a: Blastoise|55/100|[from] ability: Hospitality|[of] p2b: Sinistcha\n|move|p1b: Kangaskhan|Sucker Punch|p2a: Blastoise\n|-damage|p2a: Blastoise|32/100\n|-damage|p2a: Blastoise|27/100\n|-hitcount|p2a: Blastoise|2\n|move|p1a: Garchomp|Stomping Tantrum|p2b: Sinistcha\n|-resisted|p2b: Sinistcha|1\n|-damage|p2b: Sinistcha|72/100\n|move|p2a: Blastoise|Water Pulse|p1b: Kangaskhan\n|-damage|p1b: Kangaskhan|36/100\n|\n|upkeep\n|turn|7\n|\n|t:|1776531815\n|switch|p1b: Basculegion|Basculegion, L50, M|100/100\n|move|p2a: Blastoise|Protect|p2a: Blastoise\n|-singleturn|p2a: Blastoise|Protect\n|move|p1a: Garchomp|Dragon Claw|p2b: Sinistcha\n|-damage|p2b: Sinistcha|36/100\n|-enditem|p2b: Sinistcha|Sitrus Berry|[eat]\n|-heal|p2b: Sinistcha|61/100|[from] item: Sitrus Berry\n|move|p2b: Sinistcha|Trick Room|p2b: Sinistcha\n|-fieldstart|move: Trick Room|[of] p2b: Sinistcha\n|\n|upkeep\n|turn|8\n|inactive|JZ21 has 30 seconds left.\n|inactive|JZ21 has 20 seconds left.\n|inactive|JZ21 has 15 seconds left.\n|inactive|JZ21 has 10 seconds left.\n|inactive|JZ21 has 5 seconds left.\n|\n|t:|1776531866\n|move|p2b: Sinistcha|Matcha Gotcha|p1b: Basculegion|[spread] p1a,p1b\n|-crit|p1a: Garchomp\n|-supereffective|p1b: Basculegion|1\n|-damage|p1a: Garchomp|61/100\n|-heal|p2b: Sinistcha|83/100|[from] drain|[of] p1a: Garchomp\n|-damage|p1b: Basculegion|48/100\n|-heal|p2b: Sinistcha|100/100|[from] drain|[of] p1b: Basculegion\n|move|p2a: Blastoise|Dragon Pulse|p1a: Garchomp\n|-supereffective|p1a: Garchomp|1\n|-damage|p1a: Garchomp|0 fnt\n|faint|p1a: Garchomp\n|move|p1b: Basculegion|Last Respects|p2a: Blastoise\n|-damage|p2a: Blastoise|0 fnt\n|faint|p2a: Blastoise\n|\n|upkeep\n|\n|t:|1776531882\n|switch|p2a: yesKing|Kingambit, L50, M, shiny|87/100\n|switch|p1a: Kangaskhan|Kangaskhan-Mega, L50, F|36/100\n|turn|9\n|\n|t:|1776531903\n|move|p2a: yesKing|Protect|p2a: yesKing\n|-singleturn|p2a: yesKing|Protect\n|move|p1a: Kangaskhan|Sucker Punch|p2b: Sinistcha\n|-supereffective|p2b: Sinistcha|1\n|-damage|p2b: Sinistcha|58/100\n|-supereffective|p2b: Sinistcha|1\n|-damage|p2b: Sinistcha|48/100\n|-hitcount|p2b: Sinistcha|2\n|move|p2b: Sinistcha|Matcha Gotcha|p1b: Basculegion|[spread] p1a,p1b\n|-supereffective|p1b: Basculegion|1\n|-damage|p1a: Kangaskhan|16/100\n|-heal|p2b: Sinistcha|60/100|[from] drain|[of] p1a: Kangaskhan\n|-damage|p1b: Basculegion|0 fnt\n|-heal|p2b: Sinistcha|86/100|[from] drain|[of] p1b: Basculegion\n|faint|p1b: Basculegion\n|\n|upkeep\n|turn|10\n|-message|menoinnn forfeited.\n|\n|win|JZ21\n|raw|menoinnn's rating: 1215 &rarr; <strong>1187</strong><br />(-28 for losing)\n|raw|JZ21's rating: 1172 &rarr; <strong>1200</strong><br />(+28 for winning)\n|l|\u2606menoinnn\n|player|p1|\n",
  "uploadtime": 1776531921,
  "views": 23,
  "formatid": "gen9championsvgc2026regma",
  "rating": 1187,
  "private": 0,
  "password": null
}