{
  "id": "gen9championsvgc2026regma-2580411864",
  "format": "[Gen 9 Champions] VGC 2026 Reg M-A",
  "players": [
    "kenrou",
    "johandk"
  ],
  "log": "|j|\u2606kenrou\n|j|\u2606johandk\n|t:|1775892522\n|gametype|doubles\n|player|p1|kenrou|101|1040\n|player|p2|johandk|nate|1040\n|gen|9\n|tier|[Gen 9 Champions] VGC 2026 Reg M-A\n|rated|\n|rule|Species Clause: Limit one of each Pok\u00e9mon\n|rule|Item Clause: Limit 1 of each item\n|clearpoke\n|poke|p1|Audino, L50, F|\n|poke|p1|Garchomp, L50, M|\n|poke|p1|Milotic, L50, F|\n|poke|p1|Chandelure, L50, F|\n|poke|p1|Kingambit, L50, M|\n|poke|p1|Tauros, L50, M|\n|poke|p2|Aerodactyl, L50, M|\n|poke|p2|Sinistcha-Masterpiece, L50|\n|poke|p2|Milotic, L50, M|\n|poke|p2|Incineroar, L50, M|\n|poke|p2|Garchomp, L50, M|\n|poke|p2|Charizard, L50, F|\n|teampreview|4\n|\n|t:|1775892555\n|teamsize|p1|4\n|teamsize|p2|4\n|start\n|switch|p1a: Audino|Audino, L50, F|100/100\n|switch|p1b: Garchomp|Garchomp, L50, M|100/100\n|switch|p2a: Garchomp|Garchomp, L50, M|100/100\n|switch|p2b: Milotic|Milotic, L50, M|100/100\n|turn|1\n|\n|t:|1775892577\n|detailschange|p1a: Audino|Audino-Mega, L50, F\n|-mega|p1a: Audino|Audino|Audinite\n|move|p2a: Garchomp|Protect|p2a: Garchomp\n|-singleturn|p2a: Garchomp|Protect\n|move|p1b: Garchomp|Dragon Claw|p2a: Garchomp\n|-activate|p2a: Garchomp|move: Protect\n|move|p2b: Milotic|Ice Beam|p1b: Garchomp\n|-supereffective|p1b: Garchomp|2\n|-enditem|p1b: Garchomp|Yache Berry|[eat]\n|-enditem|p1b: Garchomp|Yache Berry|[weaken]\n|-damage|p1b: Garchomp|46/100\n|move|p1a: Audino|Reflect|p1a: Audino\n|-sidestart|p1: kenrou|Reflect\n|\n|upkeep\n|turn|2\n|\n|t:|1775892609\n|move|p1b: Garchomp|Dragon Claw|p2b: Milotic\n|-damage|p2b: Milotic|65/100\n|move|p2a: Garchomp|Dragon Claw|p1b: Garchomp\n|-supereffective|p1b: Garchomp|1\n|-damage|p1b: Garchomp|0 fnt\n|-damage|p2a: Garchomp|88/100|[from] ability: Rough Skin|[of] p1b: Garchomp\n|faint|p1b: Garchomp\n|move|p2b: Milotic|Scald|p1a: Audino\n|-damage|p1a: Audino|80/100\n|move|p1a: Audino|Dazzling Gleam|p2a: Garchomp|[spread] p2a,p2b\n|-supereffective|p2a: Garchomp|1\n|-damage|p2a: Garchomp|43/100\n|-damage|p2b: Milotic|50/100\n|\n|-heal|p2b: Milotic|55/100|[from] item: Leftovers\n|upkeep\n|\n|t:|1775892627\n|switch|p1b: Kingambit|Kingambit, L50, M|100/100\n|turn|3\n|\n|t:|1775892634\n|move|p2a: Garchomp|Stomping Tantrum|p1b: Kingambit\n|-supereffective|p1b: Kingambit|1\n|-crit|p1b: Kingambit\n|-damage|p1b: Kingambit|0 fnt\n|faint|p1b: Kingambit\n|move|p2b: Milotic|Life Dew|p2b: Milotic|[spread] p2a,p2b\n|-heal|p2a: Garchomp|68/100\n|-heal|p2b: Milotic|81/100\n|move|p1a: Audino|Calm Mind|p1a: Audino\n|-boost|p1a: Audino|spa|1\n|-boost|p1a: Audino|spd|1\n|\n|-heal|p2b: Milotic|87/100|[from] item: Leftovers\n|upkeep\n|\n|t:|1775892647\n|switch|p1b: Milotic|Milotic, L50, F|100/100\n|turn|4\n|\n|t:|1775892653\n|move|p2a: Garchomp|Dragon Claw|p1b: Milotic\n|-damage|p1b: Milotic|63/100\n|move|p2b: Milotic|Haze|p2b: Milotic\n|-clearallboost\n|move|p1b: Milotic|Ice Beam|p2a: Garchomp\n|-supereffective|p2a: Garchomp|2\n|-damage|p2a: Garchomp|0 fnt\n|faint|p2a: Garchomp\n|move|p1a: Audino|Calm Mind|p1a: Audino\n|-boost|p1a: Audino|spa|1\n|-boost|p1a: Audino|spd|1\n|\n|-heal|p2b: Milotic|93/100|[from] item: Leftovers\n|-heal|p1b: Milotic|69/100|[from] item: Leftovers\n|upkeep\n|\n|t:|1775892668\n|switch|p2a: Charizard|Charizard, L50, F|100/100\n|turn|5\n|\n|t:|1775892677\n|detailschange|p2a: Charizard|Charizard-Mega-Y, L50, F\n|-mega|p2a: Charizard|Charizard|Charizardite Y\n|-weather|SunnyDay|[from] ability: Drought|[of] p2a: Charizard\n|move|p2a: Charizard|Solar Beam||[still]\n|-prepare|p2a: Charizard|Solar Beam\n|-anim|p2a: Charizard|Solar Beam|p1b: Milotic\n|-supereffective|p1b: Milotic|1\n|-damage|p1b: Milotic|2/100\n|move|p2b: Milotic|Haze|p2b: Milotic\n|-clearallboost\n|move|p1b: Milotic|Hydro Pump|p2a: Charizard\n|-supereffective|p2a: Charizard|1\n|-damage|p2a: Charizard|50/100\n|move|p1a: Audino|Dazzling Gleam|p2b: Milotic|[spread] p2a,p2b\n|-resisted|p2a: Charizard|1\n|-damage|p2a: Charizard|40/100\n|-damage|p2b: Milotic|78/100\n|\n|-weather|SunnyDay|[upkeep]\n|-heal|p2b: Milotic|84/100|[from] item: Leftovers\n|-heal|p1b: Milotic|8/100|[from] item: Leftovers\n|-sideend|p1: kenrou|Reflect\n|upkeep\n|turn|6\n|\n|t:|1775892702\n|move|p1b: Milotic|Protect|p1b: Milotic\n|-singleturn|p1b: Milotic|Protect\n|move|p1a: Audino|Protect|p1a: Audino\n|-singleturn|p1a: Audino|Protect\n|move|p2a: Charizard|Heat Wave|p1b: Milotic|[spread] \n|-activate|p1a: Audino|move: Protect\n|-activate|p1b: Milotic|move: Protect\n|move|p2b: Milotic|Life Dew|p2b: Milotic|[spread] p2a,p2b\n|-heal|p2a: Charizard|65/100\n|-heal|p2b: Milotic|100/100\n|\n|-weather|SunnyDay|[upkeep]\n|-heal|p1b: Milotic|14/100|[from] item: Leftovers\n|upkeep\n|turn|7\n|-message|kenrou forfeited.\n|\n|win|johandk\n|raw|kenrou's rating: 1040 &rarr; <strong>1024</strong><br />(-16 for losing)\n|raw|johandk's rating: 1040 &rarr; <strong>1074</strong><br />(+34 for winning)\n|l|\u2606kenrou\n|player|p1|\n|l|\u2606johandk\n|player|p2|\n|j|\u2606johandk\n|player|p2|johandk|nate|\n",
  "uploadtime": 1775892740,
  "views": 13,
  "formatid": "gen9championsvgc2026regma",
  "rating": 1024,
  "private": 0,
  "password": null
}