{
  "id": "gen9championsvgc2026regma-2589461579",
  "format": "[Gen 9 Champions] VGC 2026 Reg M-A",
  "players": [
    "lluhh_",
    "tubbatub"
  ],
  "log": "|j|\u2606lluhh_\n|j|\u203dtubbatub\n|t:|1776725041\n|gametype|doubles\n|player|p1|lluhh_|2|1076\n|player|p2|tubbatub|fantina|1122\n|gen|9\n|tier|[Gen 9 Champions] VGC 2026 Reg M-A\n|rated|\n|rule|Species Clause: Limit one of each Pok\u00e9mon\n|rule|Item Clause: Limit 1 of each item\n|clearpoke\n|poke|p1|Charizard, L50, M|\n|poke|p1|Clefable, L50, F|\n|poke|p1|Emboar, L50, M|\n|poke|p1|Excadrill, L50, M|\n|poke|p1|Absol, L50, M|\n|poke|p1|Hawlucha, L50, F|\n|poke|p2|Garchomp, L50, M|\n|poke|p2|Froslass, L50, F|\n|poke|p2|Incineroar, L50, F|\n|poke|p2|Palafin, L50, F|\n|poke|p2|Kingambit, L50, M|\n|poke|p2|Charizard, L50, F|\n|teampreview|4\n|inactive|Battle timer is ON: inactive players will automatically lose when time's up. (requested by tubbatub)\n|inactive|lluhh_ has 60 seconds left.\n|inactive|tubbatub has 60 seconds left.\n|\n|t:|1776725089\n|teamsize|p1|4\n|teamsize|p2|4\n|start\n|switch|p1a: Clefable|Clefable, L50, F|100/100\n|switch|p1b: Hawlucha|Hawlucha, L50, F|100/100\n|switch|p2a: Garchomp|Garchomp, L50, M|100/100\n|switch|p2b: Charizard|Charizard, L50, F|100/100\n|-ability|p1b: Hawlucha|Mold Breaker\n|turn|1\n|\n|t:|1776725104\n|switch|p1b: Charizard|Charizard, L50, M|100/100\n|detailschange|p2b: Charizard|Charizard-Mega-X, L50, F\n|-mega|p2b: Charizard|Charizard|Charizardite X\n|move|p2a: Garchomp|Rock Slide|p1a: Clefable|[spread] p1a\n|-miss|p2a: Garchomp|p1b: Charizard\n|-damage|p1a: Clefable|85/100\n|move|p2b: Charizard|Flare Blitz|p1b: Charizard\n|-resisted|p1b: Charizard|1\n|-damage|p1b: Charizard|46/100\n|-damage|p2b: Charizard|85/100|[from] Recoil\n|cant|p1a: Clefable|flinch\n|\n|upkeep\n|turn|2\n|\n|t:|1776725121\n|move|p2a: Garchomp|Rock Slide|p1a: Clefable|[spread] p1a\n|-miss|p2a: Garchomp|p1b: Charizard\n|-damage|p1a: Clefable|70/100\n|move|p1b: Charizard|Dragon Claw|p2b: Charizard\n|-supereffective|p2b: Charizard|1\n|-damage|p2b: Charizard|46/100\n|move|p2b: Charizard|Flare Blitz|p1a: Clefable\n|-damage|p1a: Clefable|13/100\n|-damage|p2b: Charizard|26/100|[from] Recoil\n|move|p1a: Clefable|Wish|p1a: Clefable\n|\n|upkeep\n|turn|3\n|inactive|lluhh_ has 30 seconds left.\n|\n|t:|1776725148\n|detailschange|p1b: Charizard|Charizard-Mega-X, L50, M\n|-mega|p1b: Charizard|Charizard|Charizardite X\n|move|p2b: Charizard|Protect|p2b: Charizard\n|-singleturn|p2b: Charizard|Protect\n|move|p1a: Clefable|Protect|p1a: Clefable\n|-singleturn|p1a: Clefable|Protect\n|move|p2a: Garchomp|Rock Slide|p1a: Clefable|[spread] \n|-activate|p1a: Clefable|move: Protect\n|-miss|p2a: Garchomp|p1b: Charizard\n|move|p1b: Charizard|Dragon Claw|p2b: Charizard\n|-activate|p2b: Charizard|move: Protect\n|\n|-heal|p1a: Clefable|63/100|[from] move: Wish|[wisher] Clefable\n|upkeep\n|turn|4\n|\n|t:|1776725165\n|switch|p2b: Incineroar|Incineroar, L50, F|100/100\n|-ability|p2b: Incineroar|Intimidate|boost\n|-unboost|p1a: Clefable|atk|1\n|-unboost|p1b: Charizard|atk|1\n|move|p2a: Garchomp|Rock Slide|p1a: Clefable|[spread] p1a,p1b\n|-supereffective|p1b: Charizard|1\n|-damage|p1a: Clefable|49/100\n|-damage|p1b: Charizard|5/100\n|cant|p1b: Charizard|flinch\n|cant|p1a: Clefable|flinch\n|\n|upkeep\n|turn|5\n|\n|t:|1776725180\n|switch|p1b: Hawlucha|Hawlucha, L50, F|100/100\n|-ability|p1b: Hawlucha|Mold Breaker\n|move|p2a: Garchomp|Rock Slide|p1b: Hawlucha|[spread] p1a,p1b\n|-damage|p1a: Clefable|33/100\n|-damage|p1b: Hawlucha|73/100\n|move|p1a: Clefable|Wish|p1a: Clefable\n|move|p2b: Incineroar|Parting Shot|p1a: Clefable\n|-unboost|p1a: Clefable|atk|1\n|-unboost|p1a: Clefable|spa|1\n|\n|t:|1776725191\n|switch|p2b: Palafin|Palafin, L50, F|100/100|[from] Parting Shot\n|\n|upkeep\n|turn|6\n|\n|t:|1776725207\n|move|p1a: Clefable|Protect|p1a: Clefable\n|-singleturn|p1a: Clefable|Protect\n|move|p2b: Palafin|Jet Punch|p1a: Clefable\n|-activate|p1a: Clefable|move: Protect\n|move|p2a: Garchomp|Rock Slide|p1a: Clefable|[spread] p1b\n|-activate|p1a: Clefable|move: Protect\n|-damage|p1b: Hawlucha|45/100\n|cant|p1b: Hawlucha|flinch\n|\n|-heal|p1a: Clefable|83/100|[from] move: Wish|[wisher] Clefable\n|upkeep\n|turn|7\n|\n|t:|1776725227\n|move|p2a: Garchomp|Rock Slide|p1a: Clefable|[spread] p1b\n|-miss|p2a: Garchomp|p1a: Clefable\n|-damage|p1b: Hawlucha|17/100\n|cant|p1b: Hawlucha|flinch\n|move|p2b: Palafin|Flip Turn|p1a: Clefable\n|-crit|p1a: Clefable\n|-damage|p1a: Clefable|55/100\n|\n|t:|1776725237\n|detailschange|p2b: Palafin|Palafin-Hero, L50, F\n|switch|p2b: Incineroar|Incineroar, L50, F|100/100|[from] Flip Turn\n|-ability|p2b: Incineroar|Intimidate|boost\n|-unboost|p1a: Clefable|atk|1\n|-unboost|p1b: Hawlucha|atk|1\n|move|p1a: Clefable|Moonblast|p2a: Garchomp\n|-supereffective|p2a: Garchomp|1\n|-damage|p2a: Garchomp|57/100\n|\n|upkeep\n|turn|8\n|\n|t:|1776725249\n|move|p1b: Hawlucha|Protect|p1b: Hawlucha\n|-singleturn|p1b: Hawlucha|Protect\n|move|p1a: Clefable|Protect|p1a: Clefable\n|-singleturn|p1a: Clefable|Protect\n|move|p2b: Incineroar|Fake Out|p1b: Hawlucha\n|-activate|p1b: Hawlucha|move: Protect\n|move|p2a: Garchomp|Rock Slide|p1a: Clefable|[spread] \n|-activate|p1a: Clefable|move: Protect\n|-activate|p1b: Hawlucha|move: Protect\n|\n|upkeep\n|turn|9\n|\n|t:|1776725265\n|switch|p1b: Charizard|Charizard-Mega-X, L50, M|5/100\n|move|p2a: Garchomp|Rock Slide|p1a: Clefable|[spread] p1a,p1b\n|-supereffective|p1b: Charizard|1\n|-damage|p1a: Clefable|40/100\n|-damage|p1b: Charizard|0 fnt\n|faint|p1b: Charizard\n|move|p2b: Incineroar|Flare Blitz|p1a: Clefable\n|-damage|p1a: Clefable|0 fnt\n|faint|p1a: Clefable\n|-damage|p2b: Incineroar|87/100|[from] Recoil\n|\n|upkeep\n|\n|t:|1776725275\n|switch|p1b: Absol|Absol, L50, M|100/100\n|switch|p1a: Hawlucha|Hawlucha, L50, F|17/100\n|-ability|p1a: Hawlucha|Mold Breaker\n|-ability|p1b: Absol|Pressure\n|turn|10\n|-message|lluhh_ forfeited.\n|\n|win|tubbatub\n|raw|lluhh_'s rating: 1076 &rarr; <strong>1057</strong><br />(-19 for losing)\n|raw|tubbatub's rating: 1122 &rarr; <strong>1144</strong><br />(+22 for winning)\n|l|\u2606lluhh_\n|player|p1|\n",
  "uploadtime": 1776725286,
  "views": 6,
  "formatid": "gen9championsvgc2026regma",
  "rating": 1057,
  "private": 0,
  "password": null
}