{
  "id": "gen9championsvgc2026regma-2588028430",
  "format": "[Gen 9 Champions] VGC 2026 Reg M-A",
  "players": [
    "zordjegk",
    "campeondelfitness"
  ],
  "log": "|j|\u2606zordjegk\n|j|\u2606campeondelfitness\n|t:|1776595080\n|gametype|doubles\n|player|p1|zordjegk|169|1246\n|player|p2|campeondelfitness|swimmer|1241\n|gen|9\n|tier|[Gen 9 Champions] VGC 2026 Reg M-A\n|rated|\n|rule|Species Clause: Limit one of each Pok\u00e9mon\n|rule|Item Clause: Limit 1 of each item\n|clearpoke\n|poke|p1|Charizard, L50, F|\n|poke|p1|Typhlosion-Hisui, L50, M|\n|poke|p1|Floette-Eternal, L50, F|\n|poke|p1|Tauros-Paldea-Aqua, L50, M|\n|poke|p1|Corviknight, L50, M|\n|poke|p1|Sinistcha, L50|\n|poke|p2|Tyranitar, L50, M|\n|poke|p2|Garchomp, L50, F|\n|poke|p2|Heliolisk, L50, F|\n|poke|p2|Rotom-Heat, L50|\n|poke|p2|Orthworm, L50, F|\n|poke|p2|Aerodactyl, L50, M|\n|teampreview|4\n|inactive|Battle timer is ON: inactive players will automatically lose when time's up. (requested by campeondelfitness)\n|inactive|campeondelfitness has 60 seconds left.\n|\n|t:|1776595116\n|teamsize|p1|4\n|teamsize|p2|4\n|start\n|switch|p1a: Corviknight|Corviknight, L50, M|100/100\n|switch|p1b: Tauros|Tauros-Paldea-Aqua, L50, M|100/100\n|switch|p2a: Rotom|Rotom-Heat, L50|100/100\n|switch|p2b: Heliolisk|Heliolisk, L50, F|100/100\n|-ability|p1b: Tauros|Intimidate|boost\n|-unboost|p2a: Rotom|atk|1\n|-unboost|p2b: Heliolisk|atk|1\n|turn|1\n|inactive|zordjegk has 30 seconds left.\n|\n|t:|1776595143\n|move|p1b: Tauros|Protect|p1b: Tauros\n|-singleturn|p1b: Tauros|Protect\n|move|p1a: Corviknight|Protect|p1a: Corviknight\n|-singleturn|p1a: Corviknight|Protect\n|move|p2b: Heliolisk|Discharge|p1b: Tauros|[spread] p2a\n|-activate|p1a: Corviknight|move: Protect\n|-activate|p1b: Tauros|move: Protect\n|-resisted|p2a: Rotom|1\n|-damage|p2a: Rotom|86/100\n|move|p2a: Rotom|Volt Switch|p1b: Tauros\n|-activate|p1b: Tauros|move: Protect\n|\n|upkeep\n|turn|2\n|inactive|zordjegk has 30 seconds left.\n|\n|t:|1776595177\n|move|p2b: Heliolisk|Discharge|p1b: Tauros|[spread] p2a,p1a,p1b\n|-resisted|p2a: Rotom|1\n|-supereffective|p1a: Corviknight|1\n|-supereffective|p1b: Tauros|1\n|-damage|p2a: Rotom|73/100\n|-damage|p1a: Corviknight|40/100\n|-damage|p1b: Tauros|7/100\n|-status|p1a: Corviknight|par\n|-status|p1b: Tauros|par\n|move|p2a: Rotom|Volt Switch|p1b: Tauros\n|-supereffective|p1b: Tauros|1\n|-damage|p1b: Tauros|0 fnt\n|faint|p1b: Tauros\n|c|\u2606zordjegk|2 para\n|inactive|campeondelfitness has 30 seconds left.\n|\n|t:|1776595202\n|switch|p2a: Tyranitar|Tyranitar, L50, M|100/100|[from] Volt Switch\n|-weather|Sandstorm|[from] ability: Sand Stream|[of] p2a: Tyranitar\n|move|p1a: Corviknight|Body Press|p2b: Heliolisk|[miss]\n|-miss|p1a: Corviknight|p2b: Heliolisk\n|\n|-weather|Sandstorm|[upkeep]\n|-heal|p1a: Corviknight|46/100 par|[from] item: Leftovers\n|upkeep\n|\n|t:|1776595219\n|switch|p1b: Charizard|Charizard, L50, F|100/100\n|turn|3\n|\n|t:|1776595234\n|switch|p2a: Garchomp|Garchomp, L50, F|100/100\n|detailschange|p1b: Charizard|Charizard-Mega-Y, L50, F\n|-mega|p1b: Charizard|Charizard|Charizardite Y\n|-weather|SunnyDay|[from] ability: Drought|[of] p1b: Charizard\n|move|p1b: Charizard|Protect|p1b: Charizard\n|-singleturn|p1b: Charizard|Protect\n|move|p2b: Heliolisk|Discharge|p1a: Corviknight|[spread] p1a\n|-activate|p1b: Charizard|move: Protect\n|-immune|p2a: Garchomp\n|-supereffective|p1a: Corviknight|1\n|-damage|p1a: Corviknight|0 fnt\n|faint|p1a: Corviknight\n|\n|-weather|SunnyDay|[upkeep]\n|upkeep\n|\n|t:|1776595247\n|switch|p1a: Typhlosion|Typhlosion-Hisui, L50, M|100/100\n|-item|p2a: Garchomp|Garchompite|[from] ability: Frisk|[of] p1a: Typhlosion\n|-item|p2b: Heliolisk|Bright Powder|[from] ability: Frisk|[of] p1a: Typhlosion\n|turn|4\n|inactive|campeondelfitness has 30 seconds left.\n|inactive|campeondelfitness has 20 seconds left.\n|inactive|campeondelfitness has 15 seconds left.\n|inactive|campeondelfitness has 10 seconds left.\n|\n|t:|1776595295\n|move|p2a: Garchomp|Protect|p2a: Garchomp\n|-singleturn|p2a: Garchomp|Protect\n|move|p1a: Typhlosion|Eruption|p2b: Heliolisk|[spread] p2b\n|-activate|p2a: Garchomp|move: Protect\n|-crit|p2b: Heliolisk\n|-damage|p2b: Heliolisk|0 fnt\n|faint|p2b: Heliolisk\n|move|p1b: Charizard|Dragon Pulse|p2a: Garchomp\n|-activate|p2a: Garchomp|move: Protect\n|\n|-weather|SunnyDay|[upkeep]\n|upkeep\n|\n|t:|1776595305\n|switch|p2b: Tyranitar|Tyranitar, L50, M|100/100\n|-weather|Sandstorm|[from] ability: Sand Stream|[of] p2b: Tyranitar\n|turn|5\n|\n|t:|1776595314\n|detailschange|p2a: Garchomp|Garchomp-Mega, L50, F\n|-mega|p2a: Garchomp|Garchomp|Garchompite\n|move|p2b: Tyranitar|Helping Hand|p2a: Garchomp\n|-singleturn|p2a: Garchomp|Helping Hand|[of] p2b: Tyranitar\n|move|p1a: Typhlosion|Eruption|p2a: Garchomp|[spread] p2a,p2b\n|-resisted|p2a: Garchomp|1\n|-resisted|p2b: Tyranitar|1\n|-damage|p2a: Garchomp|75/100\n|-damage|p2b: Tyranitar|86/100\n|move|p2a: Garchomp|Dragon Claw|p1b: Charizard\n|-damage|p1b: Charizard|0 fnt\n|faint|p1b: Charizard\n|\n|-weather|Sandstorm|[upkeep]\n|-damage|p1a: Typhlosion|94/100|[from] Sandstorm\n|upkeep\n|turn|6\n|\n|t:|1776595330\n|move|p2b: Tyranitar|Protect|p2b: Tyranitar\n|-singleturn|p2b: Tyranitar|Protect\n|move|p1a: Typhlosion|Eruption|p2a: Garchomp|[spread] p2a\n|-activate|p2b: Tyranitar|move: Protect\n|-resisted|p2a: Garchomp|1\n|-damage|p2a: Garchomp|50/100\n|move|p2a: Garchomp|Earthquake|p1a: Typhlosion|[spread] p1a\n|-activate|p2b: Tyranitar|move: Protect\n|-supereffective|p1a: Typhlosion|1\n|-damage|p1a: Typhlosion|0 fnt\n|faint|p1a: Typhlosion\n|\n|win|campeondelfitness\n|raw|zordjegk's rating: 1246 &rarr; <strong>1221</strong><br />(-25 for losing)\n|raw|campeondelfitness's rating: 1241 &rarr; <strong>1266</strong><br />(+25 for winning)\n|l|\u2606zordjegk\n|player|p1|\n",
  "uploadtime": 1776595345,
  "views": 15,
  "formatid": "gen9championsvgc2026regma",
  "rating": 1221,
  "private": 0,
  "password": null
}