{
  "id": "gen9championsvgc2026regma-2587346549",
  "format": "[Gen 9 Champions] VGC 2026 Reg M-A",
  "players": [
    "glowinglagfish",
    "LorallingLoralling"
  ],
  "log": "|j|\u2606glowinglagfish\n|j|\u2606LorallingLoralling\n|t:|1776524062\n|gametype|doubles\n|player|p1|glowinglagfish|169|1159\n|player|p2|LorallingLoralling|whitney|1203\n|gen|9\n|tier|[Gen 9 Champions] VGC 2026 Reg M-A\n|rated|\n|rule|Species Clause: Limit one of each Pok\u00e9mon\n|rule|Item Clause: Limit 1 of each item\n|clearpoke\n|poke|p1|Dragonite, L50, F|\n|poke|p1|Rotom-Wash, L50|\n|poke|p1|Sinistcha, L50|\n|poke|p1|Scizor, L50, M|\n|poke|p1|Tyranitar, L50, M|\n|poke|p1|Gardevoir, L50, F|\n|poke|p2|Gyarados, L50, M|\n|poke|p2|Skarmory, L50, F|\n|poke|p2|Incineroar, L50, F|\n|poke|p2|Excadrill, L50, F|\n|poke|p2|Whimsicott, L50, F|\n|poke|p2|Sylveon, L50, M|\n|teampreview|4\n|\n|t:|1776524106\n|teamsize|p1|4\n|teamsize|p2|4\n|start\n|switch|p1a: Dragonite|Dragonite, L50, F|100/100\n|switch|p1b: Rotom|Rotom-Wash, L50|100/100\n|switch|p2a: gvmtdrone2|Skarmory, L50, F|100/100\n|switch|p2b: tomthejerry3|Incineroar, L50, F|100/100\n|-ability|p2b: tomthejerry3|Intimidate|boost\n|-fail|p1a: Dragonite|unboost|Attack|[from] ability: Inner Focus|[of] p1a: Dragonite\n|-unboost|p1b: Rotom|atk|1\n|turn|1\n|inactive|Battle timer is ON: inactive players will automatically lose when time's up. (requested by glowinglagfish)\n|\n|t:|1776524129\n|move|p1b: Rotom|Protect|p1b: Rotom\n|-singleturn|p1b: Rotom|Protect\n|move|p2b: tomthejerry3|Fake Out|p1b: Rotom\n|-activate|p1b: Rotom|move: Protect\n|move|p1a: Dragonite|Tailwind|p1a: Dragonite\n|-sidestart|p1: glowinglagfish|move: Tailwind\n|move|p2a: gvmtdrone2|Swords Dance|p2a: gvmtdrone2\n|-boost|p2a: gvmtdrone2|atk|2\n|\n|upkeep\n|turn|2\n|\n|t:|1776524148\n|move|p2a: gvmtdrone2|Protect|p2a: gvmtdrone2\n|-singleturn|p2a: gvmtdrone2|Protect\n|move|p1a: Dragonite|Fire Punch|p2a: gvmtdrone2\n|-activate|p2a: gvmtdrone2|move: Protect\n|move|p1b: Rotom|Thunderbolt|p2a: gvmtdrone2\n|-activate|p2a: gvmtdrone2|move: Protect\n|move|p2b: tomthejerry3|Parting Shot|p1b: Rotom\n|-unboost|p1b: Rotom|atk|1\n|-unboost|p1b: Rotom|spa|1\n|\n|t:|1776524158\n|switch|p2b: Gyarados|Gyarados, L50, M|100/100|[from] Parting Shot\n|-ability|p2b: Gyarados|Intimidate|boost\n|-fail|p1a: Dragonite|unboost|Attack|[from] ability: Inner Focus|[of] p1a: Dragonite\n|-unboost|p1b: Rotom|atk|1\n|\n|upkeep\n|turn|3\n|\n|t:|1776524177\n|switch|p2b: tomthejerry3|Incineroar, L50, F|100/100\n|-ability|p2b: tomthejerry3|Intimidate|boost\n|-fail|p1a: Dragonite|unboost|Attack|[from] ability: Inner Focus|[of] p1a: Dragonite\n|-unboost|p1b: Rotom|atk|1\n|detailschange|p2a: gvmtdrone2|Skarmory-Mega, L50, F\n|-mega|p2a: gvmtdrone2|Skarmory|Skarmorite\n|move|p1a: Dragonite|Fire Punch|p2a: gvmtdrone2\n|-supereffective|p2a: gvmtdrone2|1\n|-damage|p2a: gvmtdrone2|40/100\n|move|p1b: Rotom|Will-O-Wisp|p2a: gvmtdrone2\n|-status|p2a: gvmtdrone2|brn\n|move|p2a: gvmtdrone2|Iron Head|p1a: Dragonite\n|-damage|p1a: Dragonite|51/100\n|\n|-damage|p2a: gvmtdrone2|34/100 brn|[from] brn\n|upkeep\n|turn|4\n|inactive|LorallingLoralling has 30 seconds left.\n|\n|t:|1776524203\n|move|p2a: gvmtdrone2|Protect|p2a: gvmtdrone2\n|-singleturn|p2a: gvmtdrone2|Protect\n|move|p1a: Dragonite|Fire Punch|p2a: gvmtdrone2\n|-activate|p2a: gvmtdrone2|move: Protect\n|move|p1b: Rotom|Hydro Pump|p2b: tomthejerry3\n|-supereffective|p2b: tomthejerry3|1\n|-damage|p2b: tomthejerry3|55/100\n|move|p2b: tomthejerry3|Parting Shot|p1a: Dragonite\n|-unboost|p1a: Dragonite|atk|1\n|-unboost|p1a: Dragonite|spa|1\n|\n|t:|1776524221\n|switch|p2b: escaRRRREAL4|Excadrill, L50, F|100/100|[from] Parting Shot\n|-ability|p2b: escaRRRREAL4|Mold Breaker\n|\n|-damage|p2a: gvmtdrone2|28/100 brn|[from] brn\n|-sideend|p1: glowinglagfish|move: Tailwind\n|upkeep\n|turn|5\n|\n|t:|1776524239\n|move|p2b: escaRRRREAL4|Protect|p2b: escaRRRREAL4\n|-singleturn|p2b: escaRRRREAL4|Protect\n|move|p2a: gvmtdrone2|Brave Bird|p1a: Dragonite\n|-damage|p1a: Dragonite|0 fnt\n|faint|p1a: Dragonite\n|-damage|p2a: gvmtdrone2|9/100 brn|[from] Recoil\n|move|p1b: Rotom|Will-O-Wisp|p2b: escaRRRREAL4\n|-activate|p2b: escaRRRREAL4|move: Protect\n|\n|-damage|p2a: gvmtdrone2|3/100 brn|[from] brn\n|upkeep\n|\n|t:|1776524254\n|switch|p1a: Scizor|Scizor, L50, M|100/100\n|turn|6\n|\n|t:|1776524266\n|switch|p2b: tomthejerry3|Incineroar, L50, F|55/100\n|-ability|p2b: tomthejerry3|Intimidate|boost\n|-unboost|p1a: Scizor|atk|1\n|-unboost|p1b: Rotom|atk|1\n|detailschange|p1a: Scizor|Scizor-Mega, L50, M\n|-mega|p1a: Scizor|Scizor|Scizorite\n|move|p2a: gvmtdrone2|Brave Bird|p1a: Scizor\n|-crit|p1a: Scizor\n|-damage|p1a: Scizor|25/100\n|-damage|p2a: gvmtdrone2|0 fnt|[from] Recoil\n|faint|p2a: gvmtdrone2\n|move|p1b: Rotom|Hydro Pump|p2b: tomthejerry3|[miss]\n|-miss|p1b: Rotom|p2b: tomthejerry3\n|move|p1a: Scizor|Swords Dance|p1a: Scizor\n|-boost|p1a: Scizor|atk|2\n|\n|upkeep\n|\n|t:|1776524286\n|switch|p2a: escaRRRREAL4|Excadrill, L50, F|100/100\n|-ability|p2a: escaRRRREAL4|Mold Breaker\n|turn|7\n|\n|t:|1776524301\n|move|p2b: tomthejerry3|Fake Out|p1b: Rotom\n|-damage|p1b: Rotom|89/100\n|move|p2a: escaRRRREAL4|Rock Slide|p1a: Scizor|[spread] p1a,p1b\n|-damage|p1a: Scizor|9/100\n|-damage|p1b: Rotom|65/100\n|cant|p1b: Rotom|flinch\n|cant|p1a: Scizor|flinch\n|\n|-heal|p1b: Rotom|71/100|[from] item: Leftovers\n|upkeep\n|turn|8\n|c|\u2606glowinglagfish|lol\n|c|\u2606LorallingLoralling|well thats somethin aint it\n|inactive|LorallingLoralling has 30 seconds left.\n|c|\u2606LorallingLoralling|do not get tilted, prioritize ur mental :]\n|inactive|LorallingLoralling has 20 seconds left.\n|inactive|LorallingLoralling has 15 seconds left.\n|\n|t:|1776524341\n|move|p1a: Scizor|Bullet Punch|p2b: tomthejerry3\n|-resisted|p2b: tomthejerry3|1\n|-damage|p2b: tomthejerry3|30/100\n|move|p2a: escaRRRREAL4|Rock Slide|p1a: Scizor|[spread] p1a,p1b\n|-crit|p1b: Rotom\n|-damage|p1a: Scizor|0 fnt\n|-damage|p1b: Rotom|37/100\n|faint|p1a: Scizor\n|move|p1b: Rotom|Will-O-Wisp|p2a: escaRRRREAL4\n|-status|p2a: escaRRRREAL4|brn\n|move|p2b: tomthejerry3|Parting Shot|p1b: Rotom\n|-unboost|p1b: Rotom|atk|1\n|-unboost|p1b: Rotom|spa|1\n|\n|t:|1776524353\n|switch|p2b: Gyarados|Gyarados, L50, M|100/100|[from] Parting Shot\n|-ability|p2b: Gyarados|Intimidate|boost\n|-unboost|p1b: Rotom|atk|0\n|\n|-heal|p1b: Rotom|43/100|[from] item: Leftovers\n|-damage|p2a: escaRRRREAL4|95/100 brn|[from] brn\n|upkeep\n|c|\u2606glowinglagfish|i have been out skilled by crit, into miss into flinch clearly\n|\n|t:|1776524361\n|switch|p1a: Gardevoir|Gardevoir, L50, F|100/100\n|-ability|p1a: Gardevoir|Mold Breaker|Trace|[from] ability: Trace|[of] p2a: escaRRRREAL4\n|-ability|p1a: Gardevoir|Mold Breaker\n|turn|9\n|\n|t:|1776524378\n|move|p1a: Gardevoir|Aura Sphere|p2a: escaRRRREAL4\n|-supereffective|p2a: escaRRRREAL4|1\n|-damage|p2a: escaRRRREAL4|20/100 brn\n|move|p2a: escaRRRREAL4|Earthquake|p1a: Gardevoir|[spread] p1a,p1b\n|-immune|p2b: Gyarados\n|-supereffective|p1b: Rotom|1\n|-damage|p1a: Gardevoir|63/100\n|-damage|p1b: Rotom|0 fnt\n|faint|p1b: Rotom\n|move|p2b: Gyarados|Dragon Dance|p2b: Gyarados\n|-boost|p2b: Gyarados|atk|1\n|-boost|p2b: Gyarados|spe|1\n|\n|-damage|p2a: escaRRRREAL4|14/100 brn|[from] brn\n|upkeep\n|turn|10\n|c|\u2606LorallingLoralling|do not worry, twas a stint of bad luck\n|inactive|LorallingLoralling has 30 seconds left.\n|c|\u2606LorallingLoralling|happens to the best of us\n|\n|t:|1776524413\n|move|p2b: Gyarados|Waterfall|p1a: Gardevoir\n|-damage|p1a: Gardevoir|0 fnt\n|faint|p1a: Gardevoir\n|\n|win|LorallingLoralling\n|raw|glowinglagfish's rating: 1159 &rarr; <strong>1137</strong><br />(-22 for losing)\n|raw|LorallingLoralling's rating: 1203 &rarr; <strong>1225</strong><br />(+22 for winning)\n|c|\u2606glowinglagfish|luck like that will take your bad team far keep it up\n|l|\u2606glowinglagfish\n|player|p1|\n|c|\u2606LorallingLoralling|ok now ur mad LOL\n",
  "uploadtime": 1776524582,
  "views": 26,
  "formatid": "gen9championsvgc2026regma",
  "rating": 1137,
  "private": 0,
  "password": null
}