{
  "id": "gen9championsvgc2026regma-2582843957",
  "format": "[Gen 9 Champions] VGC 2026 Reg M-A",
  "players": [
    "gorpstink",
    "StosMac33"
  ],
  "log": "|j|\u2606gorpstink\n|j|\u2606StosMac33\n|t:|1776118488\n|gametype|doubles\n|player|p1|gorpstink|rika|1117\n|player|p2|StosMac33|dawn|1069\n|gen|9\n|tier|[Gen 9 Champions] VGC 2026 Reg M-A\n|rated|\n|rule|Species Clause: Limit one of each Pok\u00e9mon\n|rule|Item Clause: Limit 1 of each item\n|clearpoke\n|poke|p1|Hawlucha, L50, F|\n|poke|p1|Vanilluxe, L50, M|\n|poke|p1|Incineroar, L50, F|\n|poke|p1|Whimsicott, L50, F|\n|poke|p1|Sneasler, L50, F|\n|poke|p1|Glaceon, L50, M|\n|poke|p2|Espathra, L50, F|\n|poke|p2|Armarouge, L50, F|\n|poke|p2|Hatterene, L50, F|\n|poke|p2|Farigiraf, L50, M|\n|poke|p2|Gardevoir, L50, M|\n|poke|p2|Slowbro, L50, M|\n|teampreview|4\n|inactive|Battle timer is ON: inactive players will automatically lose when time's up. (requested by StosMac33)\n|inactive|gorpstink has 60 seconds left.\n|inactive|StosMac33 has 60 seconds left.\n|\n|t:|1776118536\n|teamsize|p1|4\n|teamsize|p2|4\n|start\n|switch|p1a: Vanilluxe|Vanilluxe, L50, M|100/100\n|switch|p1b: Glaceon|Glaceon, L50, M|100/100\n|switch|p2a: Espathra|Espathra, L50, F|100/100\n|switch|p2b: Gardevoir|Gardevoir, L50, M|100/100\n|-weather|Snowscape|[from] ability: Snow Warning|[of] p1a: Vanilluxe\n|-ability|p2b: Gardevoir|Snow Warning|Trace|[from] ability: Trace|[of] p1a: Vanilluxe\n|turn|1\n|inactive|gorpstink has 30 seconds left.\n|inactive|StosMac33 has 30 seconds left.\n|inactive|StosMac33 has 20 seconds left.\n|\n|t:|1776118573\n|detailschange|p2b: Gardevoir|Gardevoir-Mega, L50, M\n|-mega|p2b: Gardevoir|Gardevoir|Gardevoirite\n|move|p1a: Vanilluxe|Blizzard|p2a: Espathra|[spread] p2a,p2b\n|-damage|p2a: Espathra|41/100\n|-damage|p2b: Gardevoir|70/100\n|move|p2a: Espathra|Psychic Terrain|p2a: Espathra\n|-fieldstart|move: Psychic Terrain\n|move|p2b: Gardevoir|Expanding Force|p1a: Vanilluxe|[spread] p1a\n|-miss|p2b: Gardevoir|p1b: Glaceon\n|-damage|p1a: Vanilluxe|23/100\n|move|p1b: Glaceon|Calm Mind|p1b: Glaceon\n|-boost|p1b: Glaceon|spa|1\n|-boost|p1b: Glaceon|spd|1\n|\n|-weather|Snowscape|[upkeep]\n|-ability|p2a: Espathra|Speed Boost|boost\n|-boost|p2a: Espathra|spe|1\n|upkeep\n|turn|2\n|inactive|StosMac33 has 30 seconds left.\n|\n|t:|1776118599\n|switch|p1a: Incineroar|Incineroar, L50, F|100/100\n|-ability|p1a: Incineroar|Intimidate|boost\n|-unboost|p2a: Espathra|atk|1\n|-unboost|p2b: Gardevoir|atk|1\n|move|p2a: Espathra|Expanding Force|p1a: Incineroar|[spread] p1b\n|-immune|p1a: Incineroar\n|-damage|p1b: Glaceon|60/100\n|move|p2b: Gardevoir|Expanding Force|p1a: Incineroar|[spread] p1b\n|-immune|p1a: Incineroar\n|-damage|p1b: Glaceon|13/100\n|move|p1b: Glaceon|Blizzard|p2a: Espathra|[spread] p2a,p2b\n|-damage|p2a: Espathra|0 fnt\n|-damage|p2b: Gardevoir|19/100\n|faint|p2a: Espathra\n|\n|-weather|Snowscape|[upkeep]\n|-heal|p1b: Glaceon|19/100|[from] item: Leftovers\n|upkeep\n|\n|t:|1776118620\n|switch|p2a: Slowbro|Slowbro, L50, M|100/100\n|turn|3\n|\n|t:|1776118639\n|move|p2b: Gardevoir|Protect|p2b: Gardevoir\n|-singleturn|p2b: Gardevoir|Protect\n|move|p1b: Glaceon|Freeze-Dry|p2a: Slowbro\n|-supereffective|p2a: Slowbro|1\n|-damage|p2a: Slowbro|23/100\n|move|p1a: Incineroar|Throat Chop|p2b: Gardevoir\n|-activate|p2b: Gardevoir|move: Protect\n|move|p2a: Slowbro|Body Press|p1a: Incineroar\n|-supereffective|p1a: Incineroar|1\n|-damage|p1a: Incineroar|54/100\n|\n|-weather|Snowscape|[upkeep]\n|-heal|p1b: Glaceon|25/100|[from] item: Leftovers\n|upkeep\n|turn|4\n|inactive|StosMac33 has 30 seconds left.\n|\n|t:|1776118669\n|move|p2b: Gardevoir|Dazzling Gleam|p1a: Incineroar|[spread] p1a,p1b\n|-damage|p1a: Incineroar|26/100\n|-damage|p1b: Glaceon|2/100\n|move|p1b: Glaceon|Blizzard|p2b: Gardevoir|[spread] p2a,p2b\n|-resisted|p2a: Slowbro|1\n|-damage|p2a: Slowbro|1/100\n|-damage|p2b: Gardevoir|0 fnt\n|-status|p2a: Slowbro|frz\n|faint|p2b: Gardevoir\n|move|p1a: Incineroar|Throat Chop|p2a: Slowbro\n|-supereffective|p2a: Slowbro|1\n|-damage|p2a: Slowbro|0 fnt\n|faint|p2a: Slowbro\n|\n|-weather|Snowscape|[upkeep]\n|-heal|p1b: Glaceon|8/100|[from] item: Leftovers\n|upkeep\n|\n|t:|1776118686\n|switch|p2b: Hatterene|Hatterene, L50, F|100/100\n|turn|5\n|\n|t:|1776118696\n|move|p1b: Glaceon|Blizzard|p2b: Hatterene\n|-damage|p2b: Hatterene|19/100\n|move|p1a: Incineroar|Throat Chop|p2b: Hatterene\n|-damage|p2b: Hatterene|0 fnt\n|faint|p2b: Hatterene\n|\n|win|gorpstink\n|raw|gorpstink's rating: 1117 &rarr; <strong>1139</strong><br />(+22 for winning)\n|raw|StosMac33's rating: 1069 &rarr; <strong>1051</strong><br />(-18 for losing)\n",
  "uploadtime": 1776118701,
  "views": 13,
  "formatid": "gen9championsvgc2026regma",
  "rating": 1051,
  "private": 0,
  "password": null
}