{
  "id": "gen9championsvgc2026regma-2582926309",
  "format": "[Gen 9 Champions] VGC 2026 Reg M-A",
  "players": [
    "Bman311",
    "canadamans15"
  ],
  "log": "|j|\u2606Bman311\n|j|\u2606canadamans15\n|t:|1776125605\n|gametype|doubles\n|player|p1|Bman311|1|1408\n|player|p2|canadamans15|101|1349\n|gen|9\n|tier|[Gen 9 Champions] VGC 2026 Reg M-A\n|rated|\n|rule|Species Clause: Limit one of each Pok\u00e9mon\n|rule|Item Clause: Limit 1 of each item\n|clearpoke\n|poke|p1|Aegislash, L50, F|\n|poke|p1|Garchomp, L50, M|\n|poke|p1|Delphox, L50, F|\n|poke|p1|Floette-Eternal, L50, F|\n|poke|p1|Maushold-Four, L50|\n|poke|p1|Talonflame, L50, M|\n|poke|p2|Delphox, L50, M|\n|poke|p2|Floette-Eternal, L50, F|\n|poke|p2|Sneasler, L50, M|\n|poke|p2|Garchomp, L50, M|\n|poke|p2|Kingambit, L50, M|\n|poke|p2|Maushold, L50|\n|teampreview|4\n|inactive|Battle timer is ON: inactive players will automatically lose when time's up. (requested by Bman311)\nBman311 has agreed to open team sheets.\n|c|\u2606canadamans15|this team seems kinda familiar\n|j| nibabazhenduo\n|c|\u2606canadamans15|I wonder why\n|c|\u2606Bman311|yea urs too\n|inactive|Bman311 has 60 seconds left.\n|inactive|canadamans15 has 60 seconds left.\n|\n|t:|1776125652\n|teamsize|p1|4\n|teamsize|p2|4\n|start\n|switch|p1a: Talonflame|Talonflame, L50, M|100/100\n|switch|p1b: Garchomp|Garchomp, L50, M|100/100\n|switch|p2a: Maushold|Maushold, L50|100/100\n|switch|p2b: Floette|Floette-Eternal, L50, F|100/100\n|turn|1\n|\n|t:|1776125670\n|detailschange|p2b: Floette|Floette-Mega, L50, F\n|-mega|p2b: Floette|Floette|Floettite\n|-ability|p2b: Floette|Fairy Aura\n|move|p1a: Talonflame|Tailwind|p1a: Talonflame\n|-sidestart|p1: Bman311|move: Tailwind\n|move|p1b: Garchomp|Earthquake|p2b: Floette|[spread] p2a,p2b\n|-immune|p1a: Talonflame\n|-damage|p2a: Maushold|46/100\n|-damage|p2b: Floette|73/100\n|move|p2a: Maushold|Encore|p1a: Talonflame\n|-start|p1a: Talonflame|Encore\n|move|p2b: Floette|Draining Kiss|p1b: Garchomp\n|-supereffective|p1b: Garchomp|1\n|-damage|p1b: Garchomp|21/100\n|-heal|p2b: Floette|100/100|[from] drain|[of] p1b: Garchomp\n|-damage|p2b: Floette|88/100|[from] ability: Rough Skin|[of] p1b: Garchomp\n|-enditem|p1b: Garchomp|Sitrus Berry|[eat]\n|-heal|p1b: Garchomp|46/100|[from] item: Sitrus Berry\n|\n|upkeep\n|turn|2\n|\n|t:|1776125693\n|switch|p1a: Delphox|Delphox, L50, F|100/100\n|move|p1b: Garchomp|Rock Slide|p2a: Maushold|[spread] p2a,p2b\n|-damage|p2a: Maushold|20/100\n|-damage|p2b: Floette|73/100\n|move|p2a: Maushold|Thunder Wave|p1a: Delphox\n|-status|p1a: Delphox|par\n|move|p2b: Floette|Calm Mind|p2b: Floette\n|-boost|p2b: Floette|spa|1\n|-boost|p2b: Floette|spd|1\n|\n|upkeep\n|turn|3\n|\n|t:|1776125713\n|detailschange|p1a: Delphox|Delphox-Mega, L50, F\n|-mega|p1a: Delphox|Delphox|Delphoxite\n|move|p1b: Garchomp|Earthquake|p2b: Floette|[spread] p2a,p2b\n|-immune|p1a: Delphox|[from] ability: Levitate\n|-damage|p2a: Maushold|0 fnt\n|-damage|p2b: Floette|42/100\n|faint|p2a: Maushold\n|cant|p1a: Delphox|par\n|move|p2b: Floette|Dazzling Gleam|p1b: Garchomp|[spread] p1a,p1b\n|-resisted|p1a: Delphox|1\n|-supereffective|p1b: Garchomp|1\n|-damage|p1a: Delphox|68/100 par\n|-damage|p1b: Garchomp|0 fnt\n|faint|p1b: Garchomp\n|\n|upkeep\n|\n|t:|1776125724\n|switch|p2a: Kingambit|Kingambit, L50, M|100/100\n|switch|p1b: Maushold|Maushold-Four, L50|100/100\n|turn|4\n|\n|t:|1776125730\n|move|p2a: Kingambit|Protect|p2a: Kingambit\n|-singleturn|p2a: Kingambit|Protect\n|move|p1b: Maushold|Follow Me|p1b: Maushold\n|-singleturn|p1b: Maushold|move: Follow Me\n|cant|p1a: Delphox|par\n|move|p2b: Floette|Draining Kiss|p1b: Maushold\n|-damage|p1b: Maushold|24/100\n|-heal|p2b: Floette|99/100|[from] drain|[of] p1b: Maushold\n|\n|-sideend|p1: Bman311|move: Tailwind\n|upkeep\n|turn|5\n|c|\u2606canadamans15|sorry for double full para\n|\n|t:|1776125748\n|move|p1b: Maushold|Follow Me|p1b: Maushold\n|-singleturn|p1b: Maushold|move: Follow Me\n|move|p2b: Floette|Dazzling Gleam|p1a: Delphox|[spread] p1a,p1b\n|-resisted|p1a: Delphox|1\n|-damage|p1a: Delphox|43/100 par\n|-damage|p1b: Maushold|0 fnt\n|faint|p1b: Maushold\n|move|p1a: Delphox|Heat Wave|p2a: Kingambit|[spread] p2a,p2b\n|-supereffective|p2a: Kingambit|1\n|-damage|p2a: Kingambit|16/100\n|-damage|p2b: Floette|80/100\n|move|p2a: Kingambit|Kowtow Cleave|p1a: Delphox\n|-supereffective|p1a: Delphox|1\n|-damage|p1a: Delphox|0 fnt\n|faint|p1a: Delphox\n|\n|upkeep\n|c|\u2606canadamans15|that kinda sucks ass\n|-message|Bman311 forfeited.\n|\n|win|canadamans15\n|raw|Bman311's rating: 1408 &rarr; <strong>1385</strong><br />(-23 for losing)\n|raw|canadamans15's rating: 1349 &rarr; <strong>1372</strong><br />(+23 for winning)\n|l|\u2606Bman311\n|player|p1|\n|l|\u2606canadamans15\n|player|p2|\n|l| nibabazhenduo\n",
  "uploadtime": 1776125767,
  "views": 22,
  "formatid": "gen9championsvgc2026regma",
  "rating": 1372,
  "private": 0,
  "password": null
}