{
  "id": "gen9championsvgc2026regma-2585420453",
  "format": "[Gen 9 Champions] VGC 2026 Reg M-A",
  "players": [
    "PsyRath_Axios",
    "bilsonia"
  ],
  "log": "|j|\u2606PsyRath_Axios\n|j|\u2606bilsonia\n|t:|1776346064\n|gametype|doubles\n|player|p1|PsyRath_Axios|266|1025\n|player|p2|bilsonia|266|1000\n|gen|9\n|tier|[Gen 9 Champions] VGC 2026 Reg M-A\n|rated|\n|rule|Species Clause: Limit one of each Pok\u00e9mon\n|rule|Item Clause: Limit 1 of each item\n|clearpoke\n|poke|p1|Sableye, L50, F|\n|poke|p1|Espathra, L50, M|\n|poke|p1|Garchomp, L50, F|\n|poke|p1|Whimsicott, L50, F|\n|poke|p1|Meowstic, L50, M|\n|poke|p1|Milotic, L50, F|\n|poke|p2|Golurk, L50|\n|poke|p2|Farigiraf, L50, M|\n|poke|p2|Torkoal, L50, M|\n|poke|p2|Conkeldurr, L50, M|\n|poke|p2|Sableye, L50, M|\n|poke|p2|Mimikyu, L50, M|\n|teampreview|4\n|inactive|Battle timer is ON: inactive players will automatically lose when time's up. (requested by PsyRath_Axios)\n|\n|t:|1776346091\n|teamsize|p1|4\n|teamsize|p2|4\n|start\n|switch|p1a: Sableye|Sableye, L50, F|100/100\n|switch|p1b: Espathra|Espathra, L50, M|100/100\n|switch|p2a: Golurk|Golurk, L50|100/100\n|switch|p2b: Mimikyu|Mimikyu, L50, M|100/100\n|turn|1\n|\n|t:|1776346106\n|detailschange|p2a: Golurk|Golurk-Mega, L50\n|-mega|p2a: Golurk|Golurk|Golurkite\n|move|p1b: Espathra|Protect|p1b: Espathra\n|-singleturn|p1b: Espathra|Protect\n|move|p2a: Golurk|Protect|p2a: Golurk\n|-singleturn|p2a: Golurk|Protect\n|move|p1a: Sableye|Gravity|p1a: Sableye\n|-fieldstart|move: Gravity\n|move|p2b: Mimikyu|Trick Room|p2b: Mimikyu\n|-fieldstart|move: Trick Room|[of] p2b: Mimikyu\n|\n|-ability|p1b: Espathra|Speed Boost|boost\n|-boost|p1b: Espathra|spe|1\n|upkeep\n|turn|2\n|\n|t:|1776346123\n|move|p1a: Sableye|Encore|p2b: Mimikyu\n|-start|p2b: Mimikyu|Encore\n|move|p2a: Golurk|Poltergeist|p1b: Espathra\n|-activate|p1b: Espathra|move: Poltergeist|Focus Sash\n|-supereffective|p1b: Espathra|1\n|-enditem|p1b: Espathra|Focus Sash\n|-damage|p1b: Espathra|1/100\n|move|p1b: Espathra|Psychic Terrain|p1b: Espathra\n|-fieldstart|move: Psychic Terrain\n|move|p2b: Mimikyu|Trick Room|p2b: Mimikyu\n|-fieldend|move: Trick Room\n|\n|-ability|p1b: Espathra|Speed Boost|boost\n|-boost|p1b: Espathra|spe|1\n|upkeep\n|turn|3\n|\n|t:|1776346145\n|move|p2a: Golurk|Protect|p2a: Golurk\n|-singleturn|p2a: Golurk|Protect\n|move|p1b: Espathra|Hypnosis|p2b: Mimikyu\n|-status|p2b: Mimikyu|slp|[from] move: Hypnosis\n|move|p1a: Sableye|Foul Play|p2a: Golurk\n|-activate|p2a: Golurk|move: Protect\n|cant|p2b: Mimikyu|slp\n|\n|-ability|p1b: Espathra|Speed Boost|boost\n|-boost|p1b: Espathra|spe|1\n|upkeep\n|turn|4\n|\n|t:|1776346165\n|switch|p2b: Torkoal|Torkoal, L50, M|100/100\n|-weather|SunnyDay|[from] ability: Drought|[of] p2b: Torkoal\n|move|p1b: Espathra|Lumina Crash|p2a: Golurk\n|-crit|p2a: Golurk\n|-damage|p2a: Golurk|44/100\n|-unboost|p2a: Golurk|spd|2\n|move|p1a: Sableye|Foul Play|p2a: Golurk\n|-supereffective|p2a: Golurk|1\n|-damage|p2a: Golurk|0 fnt\n|faint|p2a: Golurk\n|\n|-weather|SunnyDay|[upkeep]\n|-ability|p1b: Espathra|Speed Boost|boost\n|-boost|p1b: Espathra|spe|1\n|upkeep\n|\n|t:|1776346182\n|switch|p2a: Conkeldurr|Conkeldurr, L50, M|100/100\n|turn|5\n|\n|t:|1776346203\n|move|p2b: Torkoal|Protect|p2b: Torkoal\n|-singleturn|p2b: Torkoal|Protect\n|move|p2a: Conkeldurr|Mach Punch|p1b: Espathra\n|-activate|p1b: Espathra|move: Psychic Terrain\n|move|p1b: Espathra|Hypnosis|p2b: Torkoal\n|-activate|p2b: Torkoal|move: Protect\n|move|p1a: Sableye|Foul Play|p2a: Conkeldurr\n|-resisted|p2a: Conkeldurr|1\n|-damage|p2a: Conkeldurr|68/100\n|\n|-weather|SunnyDay|[upkeep]\n|-fieldend|move: Gravity\n|-ability|p1b: Espathra|Speed Boost|boost\n|-boost|p1b: Espathra|spe|1\n|upkeep\n|turn|6\n|inactive|PsyRath_Axios has 30 seconds left.\n|\n|t:|1776346230\n|move|p1a: Sableye|Gravity|p1a: Sableye\n|-fieldstart|move: Gravity\n|move|p1b: Espathra|Hypnosis|p2b: Torkoal\n|-status|p2b: Torkoal|slp|[from] move: Hypnosis\n|move|p2a: Conkeldurr|Ice Punch|p1a: Sableye\n|-damage|p1a: Sableye|51/100\n|cant|p2b: Torkoal|slp\n|\n|-weather|SunnyDay|[upkeep]\n|-fieldend|move: Psychic Terrain\n|-ability|p1b: Espathra|Speed Boost|boost\n|-boost|p1b: Espathra|spe|1\n|upkeep\n|turn|7\n|-message|bilsonia forfeited.\n|\n|win|PsyRath_Axios\n|raw|PsyRath_Axios's rating: 1025 &rarr; <strong>1059</strong><br />(+34 for winning)\n|raw|bilsonia's rating: 1000 &rarr; <strong>1000</strong><br />(+0 for losing)\n|l|\u2606bilsonia\n|player|p2|\n",
  "uploadtime": 1776346245,
  "views": 38,
  "formatid": "gen9championsvgc2026regma",
  "rating": 1000,
  "private": 0,
  "password": null
}