{
  "id": "gen9championsvgc2026regma-2583580381",
  "format": "[Gen 9 Champions] VGC 2026 Reg M-A",
  "players": [
    "g4114n734n",
    "vnunesp12"
  ],
  "log": "|j|\u2606g4114n734n\n|j|\u2606vnunesp12\n|t:|1776184577\n|gametype|doubles\n|player|p1|g4114n734n|lance|1083\n|player|p2|vnunesp12|red|1135\n|gen|9\n|tier|[Gen 9 Champions] VGC 2026 Reg M-A\n|rated|\n|rule|Species Clause: Limit one of each Pok\u00e9mon\n|rule|Item Clause: Limit 1 of each item\n|clearpoke\n|poke|p1|Altaria, L50, M|\n|poke|p1|Alcremie, L50, F|\n|poke|p1|Incineroar, L50, M|\n|poke|p1|Sneasler, L50, M|\n|poke|p1|Milotic, L50, F|\n|poke|p1|Klefki, L50, M|\n|poke|p2|Froslass, L50, F|\n|poke|p2|Ninetales-Alola, L50, M|\n|poke|p2|Sneasler, L50, F|\n|poke|p2|Kingambit, L50, F|\n|poke|p2|Garchomp, L50, F|\n|poke|p2|Talonflame, L50, M|\n|teampreview|4\n|inactive|Battle timer is ON: inactive players will automatically lose when time's up. (requested by vnunesp12)\n|inactive|vnunesp12 has 60 seconds left.\n|\n|t:|1776184619\n|teamsize|p1|4\n|teamsize|p2|4\n|start\n|switch|p1a: Sneasler|Sneasler, L50, M|100/100\n|switch|p1b: Altaria|Altaria, L50, M|100/100\n|switch|p2a: Pulga|Sneasler, L50, F|100/100\n|switch|p2b: Erick|Kingambit, L50, F|100/100\n|-ability|p1b: Altaria|Cloud Nine\n|turn|1\n|\n|t:|1776184642\n|switch|p1b: Milotic|Milotic, L50, F|100/100\n|move|p1a: Sneasler|Protect|p1a: Sneasler\n|-singleturn|p1a: Sneasler|Protect\n|move|p2a: Pulga|Fake Out|p1a: Sneasler\n|-activate|p1a: Sneasler|move: Protect\n|move|p2b: Erick|Iron Head|p1b: Milotic\n|-resisted|p1b: Milotic|1\n|-damage|p1b: Milotic|82/100\n|\n|upkeep\n|turn|2\n|\n|t:|1776184659\n|switch|p2b: Everaldo|Froslass, L50, F|100/100\n|move|p2a: Pulga|Protect|p2a: Pulga\n|-singleturn|p2a: Pulga|Protect\n|move|p1a: Sneasler|Close Combat|p2b: Everaldo\n|-immune|p2b: Everaldo\n|move|p1b: Milotic|Scald|p2a: Pulga\n|-activate|p2a: Pulga|move: Protect\n|\n|upkeep\n|turn|3\n|inactive|vnunesp12 has 30 seconds left.\n|\n|t:|1776184684\n|detailschange|p2b: Everaldo|Froslass-Mega, L50, F\n|-mega|p2b: Everaldo|Froslass|Froslassite\n|-weather|Snowscape|[from] ability: Snow Warning|[of] p2b: Everaldo\n|move|p1a: Sneasler|Protect|p1a: Sneasler\n|-singleturn|p1a: Sneasler|Protect\n|move|p2a: Pulga|Close Combat|p1b: Milotic\n|-damage|p1b: Milotic|35/100\n|-unboost|p2a: Pulga|def|1\n|-unboost|p2a: Pulga|spd|1\n|-enditem|p2a: Pulga|White Herb\n|-clearnegativeboost|p2a: Pulga|[silent]\n|move|p2b: Everaldo|Blizzard|p1b: Milotic|[spread] p1b\n|-activate|p1a: Sneasler|move: Protect\n|-resisted|p1b: Milotic|1\n|-damage|p1b: Milotic|19/100\n|move|p1b: Milotic|Icy Wind|p2b: Everaldo|[spread] p2b\n|-miss|p1b: Milotic|p2a: Pulga\n|-resisted|p2b: Everaldo|1\n|-damage|p2b: Everaldo|95/100\n|-unboost|p2b: Everaldo|spe|1\n|\n|-weather|Snowscape|[upkeep]\n|upkeep\n|turn|4\n|inactive|vnunesp12 has 30 seconds left.\n|\n|t:|1776184712\n|switch|p1b: Altaria|Altaria, L50, M|100/100\n|-ability|p1b: Altaria|Cloud Nine\n|move|p2a: Pulga|Close Combat|p1a: Sneasler\n|-resisted|p1a: Sneasler|1\n|-damage|p1a: Sneasler|49/100\n|-unboost|p2a: Pulga|def|1\n|-unboost|p2a: Pulga|spd|1\n|move|p1a: Sneasler|Dire Claw|p2b: Everaldo\n|-resisted|p2b: Everaldo|1\n|-damage|p2b: Everaldo|59/100\n|move|p2b: Everaldo|Shadow Ball|p1b: Altaria\n|-damage|p1b: Altaria|50/100\n|\n|-weather|Snowscape|[upkeep]\n|upkeep\n|turn|5\n|inactive|g4114n734n has 30 seconds left.\n|inactive|vnunesp12 has 30 seconds left.\n|inactive|g4114n734n has 20 seconds left.\n|inactive|g4114n734n has 15 seconds left.\n|\n|t:|1776184752\n|switch|p1b: Milotic|Milotic, L50, F|19/100\n|switch|p2b: Erick|Kingambit, L50, F|100/100\n|move|p2a: Pulga|Close Combat|p1a: Sneasler\n|-resisted|p1a: Sneasler|1\n|-damage|p1a: Sneasler|0 fnt\n|-unboost|p2a: Pulga|def|1\n|-unboost|p2a: Pulga|spd|1\n|faint|p1a: Sneasler\n|\n|-weather|Snowscape|[upkeep]\n|upkeep\n|\n|t:|1776184764\n|switch|p1a: Altaria|Altaria, L50, M|50/100\n|-ability|p1a: Altaria|Cloud Nine\n|turn|6\n|\n|t:|1776184786\n|switch|p1a: Alcremie|Alcremie, L50, F|100/100\n|move|p2a: Pulga|Close Combat|p1b: Milotic\n|-damage|p1b: Milotic|0 fnt\n|-unboost|p2a: Pulga|def|1\n|-unboost|p2a: Pulga|spd|1\n|faint|p1b: Milotic\n|move|p2b: Erick|Kowtow Cleave|p1a: Alcremie\n|-resisted|p1a: Alcremie|1\n|-damage|p1a: Alcremie|75/100\n|\n|-weather|Snowscape|[upkeep]\n|-heal|p1a: Alcremie|81/100|[from] item: Leftovers\n|upkeep\n|\n|t:|1776184798\n|switch|p1b: Altaria|Altaria, L50, M|50/100\n|-ability|p1b: Altaria|Cloud Nine\n|turn|7\n|inactive|g4114n734n has 30 seconds left.\n|\n|t:|1776184827\n|detailschange|p1b: Altaria|Altaria-Mega, L50, M\n|-mega|p1b: Altaria|Altaria|Altarianite\n|move|p2a: Pulga|Close Combat|p1b: Altaria\n|-resisted|p1b: Altaria|1\n|-damage|p1b: Altaria|14/100\n|-unboost|p2a: Pulga|def|1\n|-unboost|p2a: Pulga|spd|1\n|move|p1b: Altaria|Earthquake|p2b: Erick|[spread] p1a,p2a,p2b\n|-supereffective|p2a: Pulga|1\n|-supereffective|p2b: Erick|1\n|-damage|p1a: Alcremie|64/100\n|-damage|p2a: Pulga|0 fnt\n|-damage|p2b: Erick|73/100\n|faint|p2a: Pulga\n|move|p1a: Alcremie|Decorate|p1b: Altaria\n|-boost|p1b: Altaria|atk|2\n|-boost|p1b: Altaria|spa|2\n|move|p2b: Erick|Iron Head|p1a: Alcremie\n|-supereffective|p1a: Alcremie|1\n|-damage|p1a: Alcremie|0 fnt\n|faint|p1a: Alcremie\n|\n|-weather|none\n|upkeep\n|\n|t:|1776184852\n|switch|p2a: Willian Jos\u00e9|Garchomp, L50, F|100/100\n|turn|8\n|\n|t:|1776184862\n|move|p2b: Erick|Sucker Punch|p1b: Altaria\n|-resisted|p1b: Altaria|1\n|-damage|p1b: Altaria|0 fnt\n|faint|p1b: Altaria\n|\n|win|vnunesp12\n|raw|g4114n734n's rating: 1083 &rarr; <strong>1064</strong><br />(-19 for losing)\n|raw|vnunesp12's rating: 1135 &rarr; <strong>1156</strong><br />(+21 for winning)\n|l|\u2606g4114n734n\n|player|p1|\n",
  "uploadtime": 1776184876,
  "views": 18,
  "formatid": "gen9championsvgc2026regma",
  "rating": 1064,
  "private": 0,
  "password": null
}