{
  "id": "gen9championsvgc2026regma-2584919260",
  "format": "[Gen 9 Champions] VGC 2026 Reg M-A",
  "players": [
    "angemorgs",
    "toadic6"
  ],
  "log": "|j|\u2606angemorgs\n|j|\u2606toadic6\n|t:|1776294515\n|gametype|doubles\n|player|p1|angemorgs|backersf|1200\n|player|p2|toadic6|102|1240\n|gen|9\n|tier|[Gen 9 Champions] VGC 2026 Reg M-A\n|rated|\n|rule|Species Clause: Limit one of each Pok\u00e9mon\n|rule|Item Clause: Limit 1 of each item\n|clearpoke\n|poke|p1|Floette-Eternal, L50, F|\n|poke|p1|Garchomp, L50, M|\n|poke|p1|Sneasler, L50, M|\n|poke|p1|Rotom-Wash, L50|\n|poke|p1|Aerodactyl, L50, F|\n|poke|p1|Incineroar, L50, F|\n|poke|p2|Slowking-Galar, L50, F|\n|poke|p2|Incineroar, L50, M|\n|poke|p2|Crabominable, L50, M|\n|poke|p2|Hatterene, L50, F|\n|poke|p2|Tsareena, L50, F|\n|poke|p2|Camerupt, L50, F|\n|teampreview|4\n|\n|t:|1776294546\n|teamsize|p1|4\n|teamsize|p2|4\n|start\n|switch|p1a: Rotom|Rotom-Wash, L50|100/100\n|switch|p1b: Incineroar|Incineroar, L50, F|100/100\n|switch|p2a: Slowking|Slowking-Galar, L50, F|100/100\n|switch|p2b: Incineroar|Incineroar, L50, M|100/100\n|-ability|p1b: Incineroar|Intimidate|boost\n|-unboost|p2a: Slowking|atk|1\n|-unboost|p2b: Incineroar|atk|1\n|-ability|p2b: Incineroar|Intimidate|boost\n|-unboost|p1a: Rotom|atk|1\n|-unboost|p1b: Incineroar|atk|1\n|turn|1\n|inactive|Battle timer is ON: inactive players will automatically lose when time's up. (requested by angemorgs)\n|\n|t:|1776294559\n|move|p1b: Incineroar|Fake Out|p2b: Incineroar\n|-damage|p2b: Incineroar|94/100\n|cant|p2b: Incineroar|flinch\n|move|p1a: Rotom|Volt Switch|p2a: Slowking\n|-damage|p2a: Slowking|77/100\n|\n|t:|1776294570\n|switch|p1a: Garchomp|Garchomp, L50, M|100/100|[from] Volt Switch\n|move|p2a: Slowking|Trick Room|p2a: Slowking\n|-fieldstart|move: Trick Room|[of] p2a: Slowking\n|\n|upkeep\n|turn|2\n|\n|t:|1776294587\n|switch|p1b: Rotom|Rotom-Wash, L50|100/100\n|-prepare|p2a: Slowking|Chilly Reception|[premajor]\n|move|p2a: Slowking|Chilly Reception|p2a: Slowking\n|-weather|Snowscape\n|\n|t:|1776294595\n|switch|p2a: Crabominable|Crabominable, L50, M|100/100|[from] Chilly Reception\n|move|p2b: Incineroar|Parting Shot|p1a: Garchomp\n|-unboost|p1a: Garchomp|atk|1\n|-unboost|p1a: Garchomp|spa|1\n|\n|t:|1776294608\n|switch|p2b: Slowking|Slowking-Galar, L50, F|100/100|[from] Parting Shot\n|move|p1a: Garchomp|Earthquake|p2b: Slowking|[spread] p2a,p2b\n|-immune|p1b: Rotom|[from] ability: Levitate\n|-supereffective|p2b: Slowking|1\n|-damage|p2a: Crabominable|78/100\n|-damage|p2b: Slowking|37/100\n|\n|-weather|Snowscape|[upkeep]\n|upkeep\n|turn|3\n|inactive|angemorgs has 30 seconds left.\n|\n|t:|1776294639\n|switch|p1a: Incineroar|Incineroar, L50, F|100/100\n|-ability|p1a: Incineroar|Intimidate|boost\n|-fail|p2a: Crabominable|unboost|Attack|[from] ability: Hyper Cutter|[of] p2a: Crabominable\n|-unboost|p2b: Slowking|atk|1\n|detailschange|p2a: Crabominable|Crabominable-Mega, L50, M\n|-mega|p2a: Crabominable|Crabominable|Crabominite\n|move|p2b: Slowking|Blizzard|p1b: Rotom|[spread] p1a,p1b\n|-resisted|p1a: Incineroar|1\n|-resisted|p1b: Rotom|1\n|-damage|p1a: Incineroar|88/100\n|-damage|p1b: Rotom|84/100\n|-status|p1b: Rotom|frz\n|move|p2a: Crabominable|Drain Punch|p1b: Rotom\n|-damage|p1b: Rotom|24/100 frz\n|-heal|p2a: Crabominable|100/100|[from] drain|[of] p1b: Rotom\n|cant|p1b: Rotom|frz\n|\n|-weather|Snowscape|[upkeep]\n|upkeep\n|turn|4\n|inactive|toadic6 has 30 seconds left.\n|\n|t:|1776294672\n|switch|p2b: Incineroar|Incineroar, L50, M|94/100\n|-ability|p2b: Incineroar|Intimidate|boost\n|-unboost|p1a: Incineroar|atk|1\n|-unboost|p1b: Rotom|atk|1\n|move|p2a: Crabominable|Drain Punch|p1a: Incineroar\n|-supereffective|p1a: Incineroar|1\n|-damage|p1a: Incineroar|4/100\n|-enditem|p1a: Incineroar|Sitrus Berry|[eat]\n|-heal|p1a: Incineroar|29/100|[from] item: Sitrus Berry\n|move|p1a: Incineroar|Flare Blitz|p2a: Crabominable\n|-supereffective|p2a: Crabominable|1\n|-damage|p2a: Crabominable|70/100\n|-status|p2a: Crabominable|brn\n|-damage|p1a: Incineroar|19/100|[from] Recoil\n|-curestatus|p1b: Rotom|frz|[msg]\n|move|p1b: Rotom|Will-O-Wisp|p2a: Crabominable|[miss]\n|-miss|p1b: Rotom|p2a: Crabominable\n|\n|-weather|Snowscape|[upkeep]\n|-damage|p2a: Crabominable|64/100 brn|[from] brn\n|upkeep\n|turn|5\n|inactive|angemorgs has 30 seconds left.\n|inactive|toadic6 has 30 seconds left.\n|inactive|toadic6 has 20 seconds left.\n|inactive|toadic6 has 15 seconds left.\n|inactive|toadic6 has 10 seconds left.\n|\n|t:|1776294722\n|switch|p1b: Garchomp|Garchomp, L50, M|100/100\n|move|p2b: Incineroar|Fake Out|p1b: Garchomp\n|-damage|p1b: Garchomp|88/100\n|-damage|p2b: Incineroar|82/100|[from] ability: Rough Skin|[of] p1b: Garchomp\n|move|p2a: Crabominable|Drain Punch|p1a: Incineroar\n|-supereffective|p1a: Incineroar|1\n|-damage|p1a: Incineroar|0 fnt\n|-heal|p2a: Crabominable|74/100 brn|[from] drain|[of] p1a: Incineroar\n|faint|p1a: Incineroar\n|\n|-weather|Snowscape|[upkeep]\n|-damage|p2a: Crabominable|68/100 brn|[from] brn\n|-fieldend|move: Trick Room\n|upkeep\n|\n|t:|1776294733\n|switch|p1a: Floette|Floette-Eternal, L50, F|100/100\n|turn|6\n|\n|t:|1776294745\n|detailschange|p1a: Floette|Floette-Mega, L50, F\n|-mega|p1a: Floette|Floette|Floettite\n|-ability|p1a: Floette|Fairy Aura\n|move|p2a: Crabominable|Protect|p2a: Crabominable\n|-singleturn|p2a: Crabominable|Protect\n|move|p1b: Garchomp|Stomping Tantrum|p2b: Incineroar\n|-supereffective|p2b: Incineroar|1\n|-damage|p2b: Incineroar|0 fnt\n|faint|p2b: Incineroar\n|move|p1a: Floette|Dazzling Gleam|p2a: Crabominable\n|-activate|p2a: Crabominable|move: Protect\n|\n|-weather|none\n|-damage|p2a: Crabominable|62/100 brn|[from] brn\n|upkeep\n|\n|t:|1776294759\n|switch|p2b: Slowking|Slowking-Galar, L50, F|70/100\n|turn|7\n|\n|t:|1776294777\n|move|p1b: Garchomp|Stomping Tantrum|p2b: Slowking\n|-supereffective|p2b: Slowking|1\n|-damage|p2b: Slowking|0 fnt\n|faint|p2b: Slowking\n|move|p1a: Floette|Dazzling Gleam|p2a: Crabominable\n|-supereffective|p2a: Crabominable|1\n|-damage|p2a: Crabominable|0 fnt\n|faint|p2a: Crabominable\n|\n|upkeep\n|\n|t:|1776294790\n|switch|p2b: Hatterene|Hatterene, L50, F|100/100\n|turn|8\n|\n|t:|1776294800\n|move|p1b: Garchomp|Stomping Tantrum|p2b: Hatterene\n|-damage|p2b: Hatterene|49/100\n|move|p1a: Floette|Moonblast|p2b: Hatterene\n|-damage|p2b: Hatterene|0 fnt\n|faint|p2b: Hatterene\n|\n|win|angemorgs\n",
  "uploadtime": 1776294517,
  "views": 21,
  "formatid": "gen9championsvgc2026regma",
  "rating": null,
  "private": 0,
  "password": null
}