{
  "id": "gen9championsvgc2026regma-2583103724",
  "format": "[Gen 9 Champions] VGC 2026 Reg M-A",
  "players": [
    "cremess",
    "Jah_08"
  ],
  "log": "|j|\u2606cremess\n|j|\u2606Jah_08\n|t:|1776142401\n|gametype|doubles\n|player|p1|cremess|ghetsis-gen5bw|1278\n|player|p2|Jah_08|alder|1350\n|gen|9\n|tier|[Gen 9 Champions] VGC 2026 Reg M-A\n|rated|\n|rule|Species Clause: Limit one of each Pok\u00e9mon\n|rule|Item Clause: Limit 1 of each item\n|clearpoke\n|poke|p1|Gardevoir, L50, M|\n|poke|p1|Machamp, L50, F|\n|poke|p1|Sinistcha, L50|\n|poke|p1|Palafin, L50, F|\n|poke|p1|Excadrill, L50, F|\n|poke|p1|Incineroar, L50, F|\n|poke|p2|Excadrill, L50, M|\n|poke|p2|Whimsicott, L50, F|\n|poke|p2|Chandelure, L50, F|\n|poke|p2|Zoroark-Hisui, L50, F|\n|poke|p2|Basculegion, L50, M|\n|poke|p2|Conkeldurr, L50, F|\n|teampreview|4\nJah_08 rejected open team sheets.\n|inactive|Battle timer is ON: inactive players will automatically lose when time's up. (requested by cremess)\n|\n|t:|1776142446\n|teamsize|p1|4\n|teamsize|p2|4\n|start\n|switch|p1a: Palafin|Palafin, L50, F|100/100\n|switch|p1b: Incineroar|Incineroar, L50, F|100/100\n|switch|p2a: Basculegion|Basculegion, L50, M|100/100\n|switch|p2b: Conkeldurr|Conkeldurr, L50, F, shiny|100/100\n|-ability|p1b: Incineroar|Intimidate|boost\n|-unboost|p2a: Basculegion|atk|1\n|-unboost|p2b: Conkeldurr|atk|1\n|turn|1\n|inactive|cremess has 30 seconds left.\n|inactive|cremess has 20 seconds left.\n|inactive|cremess has 15 seconds left.\n|\n|t:|1776142490\n|detailschange|p1a: Palafin|Palafin-Hero, L50, F\n|switch|p1a: Sinistcha|Sinistcha, L50|100/100\n|move|p1b: Incineroar|Fake Out|p2b: Conkeldurr\n|-immune|p2b: Conkeldurr\n|move|p2a: Basculegion|Flip Turn|p1b: Incineroar\n|-supereffective|p1b: Incineroar|1\n|-damage|p1b: Incineroar|46/100\n|-enditem|p1b: Incineroar|Sitrus Berry|[eat]\n|-heal|p1b: Incineroar|71/100|[from] item: Sitrus Berry\n|\n|t:|1776142509\n|switch|p2a: Excadrill|Excadrill, L50, M|100/100|[from] Flip Turn\n|-ability|p2a: Excadrill|Mold Breaker\n|move|p2b: Conkeldurr|Icy Wind|p1b: Incineroar|[spread] p1a,p1b\n|-supereffective|p1a: Sinistcha|1\n|-resisted|p1b: Incineroar|1\n|-damage|p1a: Sinistcha|65/100\n|-damage|p1b: Incineroar|65/100\n|-unboost|p1a: Sinistcha|spe|1\n|-unboost|p1b: Incineroar|spe|1\n|\n|upkeep\n|turn|2\n|\n|t:|1776142533\n|move|p1a: Sinistcha|Protect|p1a: Sinistcha\n|-singleturn|p1a: Sinistcha|Protect\n|move|p2b: Conkeldurr|Shadow Ball|p1a: Sinistcha\n|-activate|p1a: Sinistcha|move: Protect\n|move|p2a: Excadrill|High Horsepower|p1b: Incineroar\n|-supereffective|p1b: Incineroar|1\n|-damage|p1b: Incineroar|0 fnt\n|faint|p1b: Incineroar\n|\n|upkeep\n|\n|t:|1776142545\n|switch|p1b: Gardevoir|Gardevoir, L50, M, shiny|100/100\n|-ability|p1b: Gardevoir|Mold Breaker|Trace|[from] ability: Trace|[of] p2a: Excadrill\n|-ability|p1b: Gardevoir|Mold Breaker\n|turn|3\n|\n|t:|1776142560\n|detailschange|p1b: Gardevoir|Gardevoir-Mega, L50, M, shiny\n|-mega|p1b: Gardevoir|Gardevoir|Gardevoirite\n|move|p1a: Sinistcha|Rage Powder|p1a: Sinistcha\n|-singleturn|p1a: Sinistcha|move: Rage Powder\n|move|p1b: Gardevoir|Hyper Voice|p2a: Excadrill|[spread] p2a,p2b\n|-resisted|p2a: Excadrill|1\n|-damage|p2a: Excadrill|65/100\n|-damage|p2b: Conkeldurr|0 fnt\n|replace|p2b: Zoroark|Zoroark-Hisui, L50, F\n|-end|p2b: Zoroark|Illusion\n|faint|p2b: Zoroark\n|move|p2a: Excadrill|Iron Head|p1a: Sinistcha\n|-damage|p1a: Sinistcha|26/100\n|\n|upkeep\n|\n|t:|1776142577\n|switch|p2b: Conkeldurr|Conkeldurr, L50, F, shiny|100/100\n|turn|4\n|inactive|Jah_08 has 30 seconds left.\n|\n|t:|1776142610\n|move|p2b: Conkeldurr|Wide Guard|p2b: Conkeldurr\n|-singleturn|p2b: Conkeldurr|Wide Guard\n|move|p1a: Sinistcha|Rage Powder|p1a: Sinistcha\n|-singleturn|p1a: Sinistcha|move: Rage Powder\n|move|p1b: Gardevoir|Hyper Voice|p2a: Excadrill|[spread] \n|-activate|p2a: Excadrill|move: Wide Guard\n|-activate|p2b: Conkeldurr|move: Wide Guard\n|move|p2a: Excadrill|Iron Head|p1a: Sinistcha\n|-damage|p1a: Sinistcha|0 fnt\n|faint|p1a: Sinistcha\n|\n|upkeep\n|\n|t:|1776142629\n|switch|p1a: Palafin|Palafin-Hero, L50, F|100/100\n|-activate|p1a: Palafin|ability: Zero to Hero\n|turn|5\n|\n|t:|1776142646\n|move|p1a: Palafin|Jet Punch|p2a: Excadrill\n|-supereffective|p2a: Excadrill|1\n|-damage|p2a: Excadrill|0 fnt\n|faint|p2a: Excadrill\n|move|p1b: Gardevoir|Psyshock|p2b: Conkeldurr\n|-supereffective|p2b: Conkeldurr|1\n|-damage|p2b: Conkeldurr|0 fnt\n|faint|p2b: Conkeldurr\n|\n|upkeep\n|\n|t:|1776142655\n|switch|p2a: Basculegion|Basculegion, L50, M|100/100\n|turn|6\n|\n|t:|1776142664\n|move|p2a: Basculegion|Last Respects|p1b: Gardevoir\n|-supereffective|p1b: Gardevoir|1\n|-damage|p1b: Gardevoir|0 fnt\n|faint|p1b: Gardevoir\n|move|p1a: Palafin|Bulk Up|p1a: Palafin\n|-boost|p1a: Palafin|atk|1\n|-boost|p1a: Palafin|def|1\n|\n|upkeep\n|turn|7\n|\n|t:|1776142684\n|move|p2a: Basculegion|Last Respects|p1a: Palafin\n|-damage|p1a: Palafin|28/100\n|move|p1a: Palafin|Bulk Up|p1a: Palafin\n|-boost|p1a: Palafin|atk|1\n|-boost|p1a: Palafin|def|1\n|\n|-heal|p1a: Palafin|34/100|[from] item: Leftovers\n|upkeep\n|turn|8\n|\n|t:|1776142695\n|move|p1a: Palafin|Jet Punch|p2a: Basculegion\n|-resisted|p2a: Basculegion|1\n|-damage|p2a: Basculegion|58/100\n|move|p2a: Basculegion|Last Respects|p1a: Palafin\n|-damage|p1a: Palafin|0 fnt\n|faint|p1a: Palafin\n|\n|win|Jah_08\n|raw|cremess's rating: 1278 &rarr; <strong>1258</strong><br />(-20 for losing)\n|raw|Jah_08's rating: 1350 &rarr; <strong>1366</strong><br />(+16 for winning)\n|c|\u2606cremess|gg\n|l|\u2606cremess\n|player|p1|\n|c|\u2606Jah_08|gg well played\n",
  "uploadtime": 1776142711,
  "views": 36,
  "formatid": "gen9championsvgc2026regma",
  "rating": 1258,
  "private": 0,
  "password": null
}