{
  "id": "gen9championsvgc2026regma-2582762244",
  "format": "[Gen 9 Champions] VGC 2026 Reg M-A",
  "players": [
    "IanIsBored",
    "DrigerSPirit Kei"
  ],
  "log": "|j|\u2606IanIsBored\n|j|\u2606DrigerSPirit Kei\n|t:|1776112323\n|gametype|doubles\n|player|p1|IanIsBored|ethan|1109\n|player|p2|DrigerSPirit Kei|drayden|1162\n|gen|9\n|tier|[Gen 9 Champions] VGC 2026 Reg M-A\n|rated|\n|rule|Species Clause: Limit one of each Pok\u00e9mon\n|rule|Item Clause: Limit 1 of each item\n|clearpoke\n|poke|p1|Farigiraf, L50, F|\n|poke|p1|Kingambit, L50, M|\n|poke|p1|Hatterene, L50, F|\n|poke|p1|Sinistcha, L50|\n|poke|p1|Incineroar, L50, F|\n|poke|p1|Golurk, L50|\n|poke|p2|Arcanine, L50, F|\n|poke|p2|Venusaur, L50, F|\n|poke|p2|Rotom-Wash, L50|\n|poke|p2|Garchomp, L50, M|\n|poke|p2|Corviknight, L50, M|\n|poke|p2|Sneasler, L50, M|\n|teampreview|4\n|inactive|Battle timer is ON: inactive players will automatically lose when time's up. (requested by IanIsBored)\n|inactive|IanIsBored has 60 seconds left.\n|inactive|DrigerSPirit Kei has 60 seconds left.\nIanIsBored has agreed to open team sheets.\n|c|\u2606IanIsBored|glhf\n|\n|t:|1776112384\n|teamsize|p1|4\n|teamsize|p2|4\n|start\n|switch|p1a: Long Boi Slim|Farigiraf, L50, F|100/100\n|switch|p1b: Greeny :D|Sinistcha, L50|100/100\n|switch|p2a: Sneasler|Sneasler, L50, M|100/100\n|switch|p2b: Rotom|Rotom-Wash, L50|100/100\n|-ability|p2a: Sneasler|Pressure\n|turn|1\n|\n|t:|1776112409\n|move|p2a: Sneasler|Fake Out||[still]\n|cant|p1a: Long Boi Slim|ability: Armor Tail|Fake Out|[of] p2a: Sneasler\n|move|p1b: Greeny :D|Rage Powder|p1b: Greeny :D\n|-singleturn|p1b: Greeny :D|move: Rage Powder\n|move|p2b: Rotom|Volt Switch|p1b: Greeny :D\n|-resisted|p1b: Greeny :D|1\n|-damage|p1b: Greeny :D|82/100\n|\n|t:|1776112417\n|switch|p2b: Corviknight|Corviknight, L50, M|100/100|[from] Volt Switch\n|move|p1a: Long Boi Slim|Trick Room|p1a: Long Boi Slim\n|-fieldstart|move: Trick Room|[of] p1a: Long Boi Slim\n|\n|-heal|p1b: Greeny :D|88/100|[from] item: Leftovers\n|upkeep\n|turn|2\n|inactive|IanIsBored has 30 seconds left.\n|inactive|IanIsBored has 20 seconds left.\n|\n|t:|1776112456\n|switch|p1b: Incineroar|Incineroar, L50, F|100/100\n|-ability|p1b: Incineroar|Intimidate|boost\n|-unboost|p2a: Sneasler|atk|1\n|-ability|p2b: Corviknight|Mirror Armor\n|-unboost|p1b: Incineroar|atk|1\n|move|p1a: Long Boi Slim|Psychic|p2a: Sneasler\n|-supereffective|p2a: Sneasler|2\n|-enditem|p2a: Sneasler|Focus Sash\n|-damage|p2a: Sneasler|1/100\n|move|p2b: Corviknight|Brave Bird|p1b: Incineroar\n|-damage|p1b: Incineroar|63/100\n|-damage|p2b: Corviknight|90/100|[from] Recoil\n|move|p2a: Sneasler|Coaching|p2b: Corviknight\n|-boost|p2b: Corviknight|atk|1\n|-boost|p2b: Corviknight|def|1\n|\n|-heal|p2b: Corviknight|96/100|[from] item: Leftovers\n|upkeep\n|turn|3\n|inactive|DrigerSPirit Kei has 30 seconds left.\n|\n|t:|1776112486\n|move|p1a: Long Boi Slim|Hyper Voice|p2b: Corviknight|[spread] p2a,p2b\n|-resisted|p2b: Corviknight|1\n|-damage|p2a: Sneasler|0 fnt\n|-damage|p2b: Corviknight|79/100\n|faint|p2a: Sneasler\n|move|p1b: Incineroar|Flare Blitz|p2b: Corviknight\n|-supereffective|p2b: Corviknight|1\n|-damage|p2b: Corviknight|38/100\n|-damage|p1b: Incineroar|46/100|[from] Recoil\n|move|p2b: Corviknight|Brave Bird|p1b: Incineroar\n|-damage|p1b: Incineroar|0 fnt\n|faint|p1b: Incineroar\n|-damage|p2b: Corviknight|25/100|[from] Recoil\n|\n|-heal|p2b: Corviknight|31/100|[from] item: Leftovers\n|upkeep\n|\n|t:|1776112501\n|switch|p1b: Superman|Golurk, L50|100/100\n|switch|p2a: Rotom|Rotom-Wash, L50|100/100\n|turn|4\n|inactive|IanIsBored has 30 seconds left.\n|inactive|IanIsBored has 20 seconds left.\n|\n|t:|1776112537\n|detailschange|p1b: Superman|Golurk-Mega, L50\n|-mega|p1b: Superman|Golurk|Golurkite\n|move|p2b: Corviknight|Protect|p2b: Corviknight\n|-singleturn|p2b: Corviknight|Protect\n|move|p1a: Long Boi Slim|Psychic|p2a: Rotom\n|-damage|p2a: Rotom|41/100\n|move|p1b: Superman|Thunder Punch|p2b: Corviknight\n|-supereffective|p2b: Corviknight|1\n|-ability|p1b: Superman|Unseen Fist\n|-zbroken|p2b: Corviknight\n|-damage|p2b: Corviknight|23/100\n|move|p2a: Rotom|Hydro Pump|p1b: Superman\n|-supereffective|p1b: Superman|1\n|-crit|p1b: Superman\n|-damage|p1b: Superman|0 fnt\n|faint|p1b: Superman\n|\n|-heal|p2b: Corviknight|29/100|[from] item: Leftovers\n|upkeep\n|\n|t:|1776112543\n|switch|p1b: Greeny :D|Sinistcha, L50|88/100\n|turn|5\n|\n|t:|1776112557\n|move|p1a: Long Boi Slim|Dazzling Gleam|p2b: Corviknight|[spread] p2a,p2b\n|-resisted|p2b: Corviknight|1\n|-damage|p2a: Rotom|14/100\n|-damage|p2b: Corviknight|20/100\n|move|p1b: Greeny :D|Matcha Gotcha|p2a: Rotom|[spread] p2a,p2b\n|-supereffective|p2a: Rotom|1\n|-resisted|p2b: Corviknight|2\n|-damage|p2a: Rotom|0 fnt\n|-heal|p1b: Greeny :D|94/100|[from] drain|[of] p2a: Rotom\n|-damage|p2b: Corviknight|14/100\n|-heal|p1b: Greeny :D|98/100|[from] drain|[of] p2b: Corviknight\n|faint|p2a: Rotom\n|move|p2b: Corviknight|Brave Bird|p1b: Greeny :D\n|-supereffective|p1b: Greeny :D|1\n|-damage|p1b: Greeny :D|0 fnt\n|faint|p1b: Greeny :D\n|-damage|p2b: Corviknight|0 fnt|[from] Recoil\n|faint|p2b: Corviknight\n|\n|-fieldend|move: Trick Room\n|upkeep\n|inactive|DrigerSPirit Kei has 30 seconds left.\n|inactive|DrigerSPirit Kei has 20 seconds left.\n|\n|t:|1776112597\n|switch|p2a: Venusaur|Venusaur, L50, F|100/100\n|turn|6\n|\n|t:|1776112607\n|detailschange|p2a: Venusaur|Venusaur-Mega, L50, F\n|-mega|p2a: Venusaur|Venusaur|Venusaurite\n|move|p2a: Venusaur|Leech Seed|p1a: Long Boi Slim\n|-start|p1a: Long Boi Slim|move: Leech Seed\n|move|p1a: Long Boi Slim|Psychic|p2a: Venusaur\n|-supereffective|p2a: Venusaur|1\n|-damage|p2a: Venusaur|30/100\n|\n|-damage|p1a: Long Boi Slim|88/100|[from] Leech Seed|[of] p2a: Venusaur\n|-heal|p2a: Venusaur|45/100|[silent]\n|upkeep\n|turn|7\n|\n|t:|1776112616\n|move|p2a: Venusaur|Protect|p2a: Venusaur\n|-singleturn|p2a: Venusaur|Protect\n|move|p1a: Long Boi Slim|Psychic|p2a: Venusaur\n|-activate|p2a: Venusaur|move: Protect\n|\n|-damage|p1a: Long Boi Slim|76/100|[from] Leech Seed|[of] p2a: Venusaur\n|-heal|p2a: Venusaur|60/100|[silent]\n|upkeep\n|turn|8\n|\n|t:|1776112626\n|move|p2a: Venusaur|Giga Drain|p1a: Long Boi Slim\n|-damage|p1a: Long Boi Slim|38/100\n|-heal|p2a: Venusaur|83/100|[from] drain|[of] p1a: Long Boi Slim\n|move|p1a: Long Boi Slim|Trick Room|p1a: Long Boi Slim\n|-fieldstart|move: Trick Room|[of] p1a: Long Boi Slim\n|\n|-damage|p1a: Long Boi Slim|25/100|[from] Leech Seed|[of] p2a: Venusaur\n|-heal|p2a: Venusaur|98/100|[silent]\n|upkeep\n|turn|9\n|\n|t:|1776112635\n|move|p2a: Venusaur|Protect|p2a: Venusaur\n|-singleturn|p2a: Venusaur|Protect\n|move|p1a: Long Boi Slim|Psychic|p2a: Venusaur\n|-activate|p2a: Venusaur|move: Protect\n|\n|-damage|p1a: Long Boi Slim|13/100|[from] Leech Seed|[of] p2a: Venusaur\n|-heal|p2a: Venusaur|100/100|[silent]\n|upkeep\n|turn|10\n|\n|t:|1776112643\n|move|p1a: Long Boi Slim|Psychic|p2a: Venusaur\n|-supereffective|p2a: Venusaur|1\n|-damage|p2a: Venusaur|36/100\n|move|p2a: Venusaur|Giga Drain|p1a: Long Boi Slim\n|-damage|p1a: Long Boi Slim|0 fnt\n|-heal|p2a: Venusaur|44/100|[from] drain|[of] p1a: Long Boi Slim\n|faint|p1a: Long Boi Slim\n|\n|win|DrigerSPirit Kei\n|raw|IanIsBored's rating: 1109 &rarr; <strong>1088</strong><br />(-21 for losing)\n|raw|DrigerSPirit Kei's rating: 1162 &rarr; <strong>1183</strong><br />(+21 for winning)\n",
  "uploadtime": 1776112648,
  "views": 17,
  "formatid": "gen9championsvgc2026regma",
  "rating": 1088,
  "private": 0,
  "password": null
}