{
  "id": "gen9championsvgc2026regma-2580559660",
  "format": "[Gen 9 Champions] VGC 2026 Reg M-A",
  "players": [
    "WhiteBoySharia",
    "El Badapple"
  ],
  "log": "|j|\u2606WhiteBoySharia\n|j|\u2606El Badapple\n|t:|1775912839\n|gametype|doubles\n|player|p1|WhiteBoySharia|kieran|1074\n|player|p2|El Badapple|cheryl|1000\n|gen|9\n|tier|[Gen 9 Champions] VGC 2026 Reg M-A\n|rated|\n|rule|Species Clause: Limit one of each Pok\u00e9mon\n|rule|Item Clause: Limit 1 of each item\n|clearpoke\n|poke|p1|Floette-Eternal, L50, F|\n|poke|p1|Archaludon, L50, M|\n|poke|p1|Whimsicott, L50, M|\n|poke|p1|Incineroar, L50, F|\n|poke|p1|Palafin, L50, M|\n|poke|p1|Sneasler, L50, F|\n|poke|p2|Froslass, L50, F|\n|poke|p2|Incineroar, L50, F|\n|poke|p2|Basculegion, L50, M|\n|poke|p2|Orthworm, L50, F|\n|poke|p2|Garchomp, L50, F|\n|poke|p2|Rotom-Frost, L50|\n|teampreview|4\n|inactive|Battle timer is ON: inactive players will automatically lose when time's up. (requested by WhiteBoySharia)\n|inactive|WhiteBoySharia has 60 seconds left.\n|\n|t:|1775912886\n|teamsize|p1|4\n|teamsize|p2|4\n|start\n|switch|p1a: Palafin|Palafin, L50, M|100/100\n|switch|p1b: Whimsicott|Whimsicott, L50, M|100/100\n|switch|p2a: My cat|Incineroar, L50, F, shiny|100/100\n|switch|p2b: My worm|Orthworm, L50, F, shiny|100/100\n|-ability|p2a: My cat|Intimidate|boost\n|-unboost|p1a: Palafin|atk|1\n|-unboost|p1b: Whimsicott|atk|1\n|turn|1\n|inactive|WhiteBoySharia has 30 seconds left.\n|\n|t:|1775912912\n|detailschange|p1a: Palafin|Palafin-Hero, L50, M\n|switch|p1a: Archaludon|Archaludon, L50, M|100/100\n|move|p2a: My cat|Fake Out|p1b: Whimsicott\n|-damage|p1b: Whimsicott|87/100\n|cant|p1b: Whimsicott|flinch\n|move|p2b: My worm|Shed Tail|p2b: My worm\n|-start|p2b: My worm|Substitute|[from] move: Shed Tail\n|-damage|p2b: My worm|50/100\n|\n|t:|1775912922\n|switch|p2b: My snow woman|Froslass, L50, F, shiny|100/100|[from] Shed Tail\n|\n|upkeep\n|turn|2\n|\n|t:|1775912935\n|move|p1b: Whimsicott|Tailwind|p1b: Whimsicott\n|-sidestart|p1: WhiteBoySharia|move: Tailwind\n|move|p1a: Archaludon|Snarl|p2b: My snow woman|[spread] p2a,p2b\n|-resisted|p2a: My cat|1\n|-supereffective|p2b: My snow woman|1\n|-damage|p2a: My cat|94/100\n|-damage|p2b: My snow woman|62/100\n|-unboost|p2a: My cat|spa|1\n|-unboost|p2b: My snow woman|spa|1\n|move|p2b: My snow woman|Nasty Plot|p2b: My snow woman\n|-boost|p2b: My snow woman|spa|2\n|move|p2a: My cat|Parting Shot|p1a: Archaludon\n|-unboost|p1a: Archaludon|atk|1\n|-unboost|p1a: Archaludon|spa|1\n|\n|t:|1775912948\n|switch|p2a: My fish|Basculegion, L50, M, shiny|100/100|[from] Parting Shot\n|\n|upkeep\n|turn|3\n|\n|t:|1775912964\n|detailschange|p2b: My snow woman|Froslass-Mega, L50, F, shiny\n|-mega|p2b: My snow woman|Froslass|Froslassite\n|-weather|Snowscape|[from] ability: Snow Warning|[of] p2b: My snow woman\n|move|p1b: Whimsicott|Encore|p2b: My snow woman\n|-start|p2b: My snow woman|Encore\n|move|p1a: Archaludon|Snarl|p2b: My snow woman|[spread] p2a,p2b\n|-supereffective|p2a: My fish|1\n|-supereffective|p2b: My snow woman|1\n|-crit|p2b: My snow woman\n|-damage|p2a: My fish|84/100\n|-damage|p2b: My snow woman|24/100\n|-unboost|p2a: My fish|spa|1\n|-unboost|p2b: My snow woman|spa|1\n|move|p2a: My fish|Wave Crash|p1a: Archaludon\n|-resisted|p1a: Archaludon|1\n|-damage|p1a: Archaludon|71/100\n|-ability|p1a: Archaludon|Stamina|boost\n|-boost|p1a: Archaludon|def|1\n|-damage|p2a: My fish|74/100|[from] Recoil\n|move|p2b: My snow woman|Nasty Plot|p2b: My snow woman\n|-boost|p2b: My snow woman|spa|2\n|\n|-weather|Snowscape|[upkeep]\n|-heal|p1a: Archaludon|77/100|[from] item: Leftovers\n|upkeep\n|turn|4\n|inactive|El Badapple has 30 seconds left.\n|\n|t:|1775912989\n|switch|p2b: My worm|Orthworm, L50, F, shiny|50/100\n|move|p1b: Whimsicott|Encore|p2a: My fish\n|-start|p2a: My fish|Encore\n|move|p1a: Archaludon|Snarl|p2b: My worm|[spread] p2a,p2b\n|-supereffective|p2a: My fish|1\n|-damage|p2a: My fish|59/100\n|-damage|p2b: My worm|38/100\n|-unboost|p2a: My fish|spa|1\n|-unboost|p2b: My worm|spa|1\n|move|p2a: My fish|Wave Crash|p1a: Archaludon\n|-resisted|p1a: Archaludon|1\n|-damage|p1a: Archaludon|56/100\n|-ability|p1a: Archaludon|Stamina|boost\n|-boost|p1a: Archaludon|def|1\n|-damage|p2a: My fish|52/100|[from] Recoil\n|\n|-weather|Snowscape|[upkeep]\n|-heal|p1a: Archaludon|62/100|[from] item: Leftovers\n|-heal|p2b: My worm|44/100|[from] item: Leftovers\n|upkeep\n|turn|5\n|inactive|WhiteBoySharia has 30 seconds left.\n|\n|t:|1775913024\n|switch|p1b: Floette|Floette-Eternal, L50, F|100/100\n|move|p1a: Archaludon|Electro Shot||[still]\n|-prepare|p1a: Archaludon|Electro Shot\n|-boost|p1a: Archaludon|spa|1\n|move|p2a: My fish|Wave Crash|p1a: Archaludon\n|-resisted|p1a: Archaludon|1\n|-damage|p1a: Archaludon|48/100\n|-ability|p1a: Archaludon|Stamina|boost\n|-boost|p1a: Archaludon|def|1\n|-damage|p2a: My fish|47/100|[from] Recoil\n|move|p2b: My worm|Body Press|p1a: Archaludon\n|-supereffective|p1a: Archaludon|1\n|-damage|p1a: Archaludon|26/100\n|-ability|p1a: Archaludon|Stamina|boost\n|-boost|p1a: Archaludon|def|1\n|\n|-weather|Snowscape|[upkeep]\n|-heal|p1a: Archaludon|32/100|[from] item: Leftovers\n|-heal|p2b: My worm|50/100|[from] item: Leftovers\n|-sideend|p1: WhiteBoySharia|move: Tailwind\n|upkeep\n|turn|6\n|inactive|El Badapple has 30 seconds left.\n|\n|t:|1775913050\n|detailschange|p1b: Floette|Floette-Mega, L50, F\n|-mega|p1b: Floette|Floette|Floettite\n|-ability|p1b: Floette|Fairy Aura\n|move|p2a: My fish|Wave Crash|p1a: Archaludon\n|-resisted|p1a: Archaludon|1\n|-damage|p1a: Archaludon|22/100\n|-ability|p1a: Archaludon|Stamina|boost\n|-boost|p1a: Archaludon|def|1\n|-damage|p2a: My fish|44/100|[from] Recoil\n|move|p1b: Floette|Dazzling Gleam|p2a: My fish|[spread] p2a,p2b\n|-resisted|p2b: My worm|1\n|-damage|p2a: My fish|0 fnt\n|-damage|p2b: My worm|11/100\n|faint|p2a: My fish\n|move|p1a: Archaludon|Electro Shot|p2b: My worm|[from] lockedmove\n|-damage|p2b: My worm|0 fnt\n|faint|p2b: My worm\n|\n|-weather|Snowscape|[upkeep]\n|-heal|p1a: Archaludon|28/100|[from] item: Leftovers\n|upkeep\n|\n|t:|1775913071\n|switch|p2a: My snow woman|Froslass-Mega, L50, F, shiny|24/100\n|switch|p2b: My cat|Incineroar, L50, F, shiny|94/100\n|-ability|p2b: My cat|Intimidate|boost\n|-unboost|p1a: Archaludon|atk|1\n|-unboost|p1b: Floette|atk|1\n|turn|7\n|\n|t:|1775913083\n|move|p1b: Floette|Protect|p1b: Floette\n|-singleturn|p1b: Floette|Protect\n|move|p1a: Archaludon|Protect|p1a: Archaludon\n|-singleturn|p1a: Archaludon|Protect\n|move|p2b: My cat|Fake Out|p1b: Floette\n|-activate|p1b: Floette|move: Protect\n|move|p2a: My snow woman|Blizzard|p1b: Floette|[spread] \n|-activate|p1a: Archaludon|move: Protect\n|-activate|p1b: Floette|move: Protect\n|\n|-weather|none\n|-heal|p1a: Archaludon|35/100|[from] item: Leftovers\n|upkeep\n|turn|8\n|\n|t:|1775913097\n|move|p2a: My snow woman|Protect|p2a: My snow woman\n|-singleturn|p2a: My snow woman|Protect\n|move|p1b: Floette|Light of Ruin|p2b: My cat\n|-damage|p2b: My cat|0 fnt\n|faint|p2b: My cat\n|-damage|p1b: Floette|41/100|[from] Recoil\n|move|p1a: Archaludon|Snarl|p2a: My snow woman\n|-activate|p2a: My snow woman|move: Protect\n|\n|-heal|p1a: Archaludon|41/100|[from] item: Leftovers\n|upkeep\n|turn|9\n|-message|El Badapple forfeited.\n|\n|win|WhiteBoySharia\n|raw|WhiteBoySharia's rating: 1074 &rarr; <strong>1097</strong><br />(+23 for winning)\n|raw|El Badapple's rating: 1000 &rarr; <strong>1000</strong><br />(+0 for losing)\n|l|\u2606El Badapple\n|player|p2|\n",
  "uploadtime": 1775913107,
  "views": 9,
  "formatid": "gen9championsvgc2026regma",
  "rating": 1000,
  "private": 0,
  "password": null
}