{
  "id": "gen9championsvgc2026regma-2586971605",
  "format": "[Gen 9 Champions] VGC 2026 Reg M-A",
  "players": [
    "epicurus001",
    "MegaAuraMaxxing"
  ],
  "log": "|j|\u2606epicurus001\n|j|\u2606MegaAuraMaxxing\n|t:|1776476969\n|gametype|doubles\n|player|p1|epicurus001|265|1382\n|player|p2|MegaAuraMaxxing|red|1292\n|gen|9\n|tier|[Gen 9 Champions] VGC 2026 Reg M-A\n|rated|\n|rule|Species Clause: Limit one of each Pok\u00e9mon\n|rule|Item Clause: Limit 1 of each item\n|clearpoke\n|poke|p1|Incineroar, L50, F|\n|poke|p1|Floette-Eternal, L50, F|\n|poke|p1|Kommo-o, L50, F|\n|poke|p1|Sinistcha-Masterpiece, L50|\n|poke|p1|Basculegion, L50, M|\n|poke|p1|Gengar, L50, M|\n|poke|p2|Gengar, L50, F|\n|poke|p2|Lucario, L50, F|\n|poke|p2|Tyranitar, L50, M|\n|poke|p2|Rotom-Wash, L50|\n|poke|p2|Corviknight, L50, F|\n|poke|p2|Clefable, L50, F|\n|teampreview|4\n|inactive|Battle timer is ON: inactive players will automatically lose when time's up. (requested by epicurus001)\n|inactive|epicurus001 has 60 seconds left.\n|\n|t:|1776477014\n|teamsize|p1|4\n|teamsize|p2|4\n|start\n|switch|p1a: Kommo-o|Kommo-o, L50, F|100/100\n|switch|p1b: Incineroar|Incineroar, L50, F|100/100\n|switch|p2a: Gengar|Gengar, L50, F|100/100\n|switch|p2b: Rotom|Rotom-Wash, L50|100/100\n|-ability|p1b: Incineroar|Intimidate|boost\n|-unboost|p2a: Gengar|atk|1\n|-unboost|p2b: Rotom|atk|1\n|turn|1\n|\n|t:|1776477032\n|detailschange|p2a: Gengar|Gengar-Mega, L50, F\n|-mega|p2a: Gengar|Gengar|Gengarite\n|move|p1b: Incineroar|Fake Out|p2b: Rotom\n|-damage|p2b: Rotom|86/100\n|cant|p2b: Rotom|flinch\n|move|p2a: Gengar|Icy Wind|p1b: Incineroar|[spread] p1a,p1b\n|-supereffective|p1a: Kommo-o|1\n|-resisted|p1b: Incineroar|1\n|-damage|p1a: Kommo-o|64/100\n|-damage|p1b: Incineroar|93/100\n|-unboost|p1a: Kommo-o|spe|1\n|-unboost|p1b: Incineroar|spe|1\n|move|p1a: Kommo-o|Clangorous Soul|p1a: Kommo-o\n|-boost|p1a: Kommo-o|atk|1\n|-boost|p1a: Kommo-o|def|1\n|-boost|p1a: Kommo-o|spa|1\n|-boost|p1a: Kommo-o|spd|1\n|-boost|p1a: Kommo-o|spe|1\n|-damage|p1a: Kommo-o|31/100\n|\n|-heal|p1a: Kommo-o|37/100|[from] item: Leftovers\n|upkeep\n|turn|2\n|inactive|MegaAuraMaxxing has 30 seconds left.\n|\n|t:|1776477063\n|move|p2b: Rotom|Hydro Pump|p1b: Incineroar\n|-supereffective|p1b: Incineroar|1\n|-damage|p1b: Incineroar|0 fnt\n|faint|p1b: Incineroar\n|move|p2a: Gengar|Sludge Bomb|p1a: Kommo-o\n|-damage|p1a: Kommo-o|0 fnt\n|faint|p1a: Kommo-o\n|\n|upkeep\n|\n|t:|1776477072\n|switch|p1a: Gengar|Gengar, L50, M|100/100\n|switch|p1b: Basculegion|Basculegion, L50, M|100/100\n|turn|3\n|\n|t:|1776477083\n|switch|p2b: Clefable|Clefable, L50, F|100/100\n|detailschange|p1a: Gengar|Gengar-Mega, L50, M\n|-mega|p1a: Gengar|Gengar|Gengarite\n|move|p2a: Gengar|Protect|p2a: Gengar\n|-singleturn|p2a: Gengar|Protect\n|move|p1b: Basculegion|Last Respects|p2a: Gengar\n|-activate|p2a: Gengar|move: Protect\n|move|p1a: Gengar|Shadow Ball|p2b: Clefable\n|-damage|p2b: Clefable|58/100\n|\n|upkeep\n|turn|4\n|\n|t:|1776477100\n|move|p2b: Clefable|Follow Me|p2b: Clefable\n|-singleturn|p2b: Clefable|move: Follow Me\n|move|p1b: Basculegion|Last Respects|p2b: Clefable\n|-crit|p2b: Clefable\n|-damage|p2b: Clefable|0 fnt\n|faint|p2b: Clefable\n|move|p2a: Gengar|Shadow Ball|p1b: Basculegion\n|-supereffective|p1b: Basculegion|1\n|-damage|p1b: Basculegion|0 fnt\n|faint|p1b: Basculegion\n|move|p1a: Gengar|Sludge Bomb|p2a: Gengar\n|-resisted|p2a: Gengar|2\n|-damage|p2a: Gengar|84/100\n|\n|upkeep\n|\n|t:|1776477113\n|switch|p2b: Rotom|Rotom-Wash, L50|86/100\n|turn|5\n|\n|t:|1776477122\n|move|p2a: Gengar|Protect|p2a: Gengar\n|-singleturn|p2a: Gengar|Protect\n|move|p1a: Gengar|Protect|p1a: Gengar\n|-singleturn|p1a: Gengar|Protect\n|move|p2b: Rotom|Thunderbolt|p1a: Gengar\n|-activate|p1a: Gengar|move: Protect\n|\n|upkeep\n|turn|6\n|\n|t:|1776477136\n|switch|p2a: Corviknight|Corviknight, L50, F|100/100\n|move|p2b: Rotom|Thunderbolt|p1a: Gengar\n|-damage|p1a: Gengar|48/100\n|move|p1a: Gengar|Shadow Ball|p2a: Corviknight\n|-damage|p2a: Corviknight|68/100\n|\n|-heal|p2a: Corviknight|74/100|[from] item: Leftovers\n|upkeep\n|turn|7\n|\n|t:|1776477150\n|move|p2b: Rotom|Thunderbolt|p1a: Gengar\n|-damage|p1a: Gengar|0 fnt\n|faint|p1a: Gengar\n|\n|win|MegaAuraMaxxing\n|raw|epicurus001's rating: 1382 &rarr; <strong>1357</strong><br />(-25 for losing)\n|raw|MegaAuraMaxxing's rating: 1292 &rarr; <strong>1323</strong><br />(+31 for winning)\n|l|\u2606epicurus001\n|player|p1|\n",
  "uploadtime": 1776477152,
  "views": 28,
  "formatid": "gen9championsvgc2026regma",
  "rating": 1323,
  "private": 0,
  "password": null
}