{
  "id": "gen9championsvgc2026regma-2581278230",
  "format": "[Gen 9 Champions] VGC 2026 Reg M-A",
  "players": [
    "yamede\u86c7\u5982",
    "greeencross"
  ],
  "log": "|j|\u2606yamede\u86c7\u5982\n|j|\u2606greeencross\n|t:|1775980341\n|gametype|doubles\n|player|p1|yamede\u86c7\u5982|265|1434\n|player|p2|greeencross|170|1344\n|gen|9\n|tier|[Gen 9 Champions] VGC 2026 Reg M-A\n|rated|\n|rule|Species Clause: Limit one of each Pok\u00e9mon\n|rule|Item Clause: Limit 1 of each item\n|clearpoke\n|poke|p1|Tyranitar, L50, M|\n|poke|p1|Milotic, L50, F|\n|poke|p1|Excadrill, L50, M|\n|poke|p1|Gardevoir, L50, F|\n|poke|p1|Incineroar, L50, F|\n|poke|p1|Sinistcha, L50|\n|poke|p2|Tyranitar, L50, M|\n|poke|p2|Rotom-Wash, L50|\n|poke|p2|Garchomp, L50, F|\n|poke|p2|Aerodactyl, L50, F|\n|poke|p2|Sinistcha, L50|\n|poke|p2|Sneasler, L50, M|\n|teampreview|4\n|inactive|Battle timer is ON: inactive players will automatically lose when time's up. (requested by greeencross)\n|j| gE1xjZRtuhW2DdT0AK\n|j| Jackie67890\n|inactive|greeencross has 60 seconds left.\n|j| jungro\n|\n|t:|1775980389\n|teamsize|p1|4\n|teamsize|p2|4\n|start\n|switch|p1a: Gardevoir|Gardevoir, L50, F|100/100\n|switch|p1b: Milotic|Milotic, L50, F, shiny|100/100\n|switch|p2a: Sneasler|Sneasler, L50, M|100/100\n|switch|p2b: Sinistcha|Sinistcha, L50|100/100\n|-ability|p1a: Gardevoir|Hospitality|Trace|[from] ability: Trace|[of] p2b: Sinistcha\n|turn|1\n|inactive|yamede\u86c7\u5982 has 30 seconds left.\n|inactive|yamede\u86c7\u5982 has 20 seconds left.\n|inactive|yamede\u86c7\u5982 has 15 seconds left.\n|\n|t:|1775980432\n|switch|p1b: Incineroar|Incineroar, L50, F|100/100\n|-ability|p1b: Incineroar|Intimidate|boost\n|-unboost|p2a: Sneasler|atk|1\n|-unboost|p2b: Sinistcha|atk|1\n|-enditem|p2a: Sneasler|White Herb\n|-clearnegativeboost|p2a: Sneasler|[silent]\n|move|p1a: Gardevoir|Protect|p1a: Gardevoir\n|-singleturn|p1a: Gardevoir|Protect\n|move|p2a: Sneasler|Dire Claw|p1a: Gardevoir\n|-activate|p1a: Gardevoir|move: Protect\n|move|p2b: Sinistcha|Matcha Gotcha|p1a: Gardevoir|[spread] p1b\n|-activate|p1a: Gardevoir|move: Protect\n|-resisted|p1b: Incineroar|1\n|-damage|p1b: Incineroar|86/100\n|\n|upkeep\n|turn|2\n|inactive|yamede\u86c7\u5982 has 30 seconds left.\n|inactive|yamede\u86c7\u5982 has 20 seconds left.\n|\n|t:|1775980469\n|detailschange|p1a: Gardevoir|Gardevoir-Mega, L50, F\n|-mega|p1a: Gardevoir|Gardevoir|Gardevoirite\n|move|p2a: Sneasler|Protect|p2a: Sneasler\n|-singleturn|p2a: Sneasler|Protect\n|move|p1a: Gardevoir|Hyper Voice|p2a: Sneasler|[spread] p2b\n|-activate|p2a: Sneasler|move: Protect\n|-damage|p2b: Sinistcha|42/100\n|move|p2b: Sinistcha|Matcha Gotcha|p1a: Gardevoir|[spread] p1a,p1b\n|-resisted|p1b: Incineroar|1\n|-damage|p1a: Gardevoir|73/100\n|-heal|p2b: Sinistcha|53/100|[from] drain|[of] p1a: Gardevoir\n|-damage|p1b: Incineroar|73/100\n|-heal|p2b: Sinistcha|60/100|[from] drain|[of] p1b: Incineroar\n|move|p1b: Incineroar|Flare Blitz|p2b: Sinistcha\n|-supereffective|p2b: Sinistcha|1\n|-damage|p2b: Sinistcha|0 fnt\n|faint|p2b: Sinistcha\n|-damage|p1b: Incineroar|56/100|[from] Recoil\n|\n|upkeep\n|\n|t:|1775980493\n|switch|p2b: Rotom|Rotom-Wash, L50|100/100\n|turn|3\n|\n|t:|1775980517\n|switch|p1b: Sinistcha|Sinistcha, L50|100/100\n|-heal|p1a: Gardevoir|98/100|[from] ability: Hospitality|[of] p1b: Sinistcha\n|move|p1a: Gardevoir|Protect|p1a: Gardevoir\n|-singleturn|p1a: Gardevoir|Protect\n|move|p2a: Sneasler|Dire Claw|p1a: Gardevoir\n|-activate|p1a: Gardevoir|move: Protect\n|move|p2b: Rotom|Hydro Pump|p1b: Sinistcha\n|-resisted|p1b: Sinistcha|1\n|-damage|p1b: Sinistcha|76/100\n|\n|upkeep\n|turn|4\n|\n|t:|1775980534\n|move|p1b: Sinistcha|Rage Powder|p1b: Sinistcha\n|-singleturn|p1b: Sinistcha|move: Rage Powder\n|move|p2a: Sneasler|Dire Claw|p1b: Sinistcha\n|-crit|p1b: Sinistcha\n|-damage|p1b: Sinistcha|23/100\n|-enditem|p1b: Sinistcha|Sitrus Berry|[eat]\n|-heal|p1b: Sinistcha|48/100|[from] item: Sitrus Berry\n|move|p2b: Rotom|Hydro Pump|p1b: Sinistcha\n|-resisted|p1b: Sinistcha|1\n|-crit|p1b: Sinistcha\n|-damage|p1b: Sinistcha|14/100\n|move|p1a: Gardevoir|Hyper Voice|p2a: Sneasler|[spread] p2a,p2b\n|-damage|p2a: Sneasler|33/100\n|-damage|p2b: Rotom|37/100\n|\n|upkeep\n|turn|5\n|inactive|yamede\u86c7\u5982 has 30 seconds left.\n|\n|t:|1775980564\n|switch|p1b: Incineroar|Incineroar, L50, F|56/100\n|-ability|p1b: Incineroar|Intimidate|boost\n|-unboost|p2a: Sneasler|atk|1\n|-unboost|p2b: Rotom|atk|1\n|move|p2a: Sneasler|Protect|p2a: Sneasler\n|-singleturn|p2a: Sneasler|Protect\n|move|p2b: Rotom|Hydro Pump|p1b: Incineroar\n|-supereffective|p1b: Incineroar|1\n|-damage|p1b: Incineroar|0 fnt\n|faint|p1b: Incineroar\n|move|p1a: Gardevoir|Hyper Voice|p2b: Rotom|[spread] p2b\n|-activate|p2a: Sneasler|move: Protect\n|-damage|p2b: Rotom|0 fnt\n|faint|p2b: Rotom\n|\n|upkeep\n|\n|t:|1775980578\n|switch|p2b: Garchomp|Garchomp, L50, F|100/100\n|switch|p1b: Sinistcha|Sinistcha, L50|14/100\n|-heal|p1a: Gardevoir|100/100|[from] ability: Hospitality|[of] p1b: Sinistcha\n|turn|6\n|\n|t:|1775980596\n|move|p1b: Sinistcha|Rage Powder|p1b: Sinistcha\n|-singleturn|p1b: Sinistcha|move: Rage Powder\n|move|p2a: Sneasler|Dire Claw|p1b: Sinistcha\n|-damage|p1b: Sinistcha|0 fnt\n|faint|p1b: Sinistcha\n|move|p2b: Garchomp|Poison Jab|p1a: Gardevoir\n|-supereffective|p1a: Gardevoir|1\n|-damage|p1a: Gardevoir|0 fnt\n|faint|p1a: Gardevoir\n|\n|upkeep\n|\n|t:|1775980605\n|switch|p1b: Milotic|Milotic, L50, F, shiny|100/100\n|turn|7\n|j| wqewerert\n|\n|t:|1775980626\n|move|p2a: Sneasler|Protect|p2a: Sneasler\n|-singleturn|p2a: Sneasler|Protect\n|move|p2b: Garchomp|Protect|p2b: Garchomp\n|-singleturn|p2b: Garchomp|Protect\n|move|p1b: Milotic|Muddy Water|p2b: Garchomp|[spread] \n|-activate|p2a: Sneasler|move: Protect\n|-activate|p2b: Garchomp|move: Protect\n|\n|upkeep\n|turn|8\n|\n|t:|1775980642\n|move|p2a: Sneasler|Close Combat|p1b: Milotic\n|-damage|p1b: Milotic|58/100\n|-unboost|p2a: Sneasler|def|1\n|-unboost|p2a: Sneasler|spd|1\n|move|p2b: Garchomp|Dragon Claw|p1b: Milotic\n|-damage|p1b: Milotic|22/100\n|move|p1b: Milotic|Muddy Water|p2a: Sneasler|[spread] p2a,p2b\n|-damage|p2a: Sneasler|0 fnt\n|-damage|p2b: Garchomp|75/100\n|faint|p2a: Sneasler\n|\n|-heal|p1b: Milotic|28/100|[from] item: Leftovers\n|upkeep\n|turn|9\n|\n|t:|1775980655\n|move|p2b: Garchomp|Dragon Claw|p1b: Milotic\n|-damage|p1b: Milotic|0 fnt\n|faint|p1b: Milotic\n|\n|win|greeencross\n|raw|yamede\u86c7\u5982's rating: 1434 &rarr; <strong>1409</strong><br />(-25 for losing)\n|raw|greeencross's rating: 1344 &rarr; <strong>1369</strong><br />(+25 for winning)\n|l|\u2606yamede\u86c7\u5982\n|player|p1|\n|l|\u2606greeencross\n|player|p2|\n|l| jungro\n",
  "uploadtime": 1775980662,
  "views": 48,
  "formatid": "gen9championsvgc2026regma",
  "rating": 1369,
  "private": 0,
  "password": null
}