{
  "id": "gen9championsvgc2026regma-2580386415",
  "format": "[Gen 9 Champions] VGC 2026 Reg M-A",
  "players": [
    "undeadmilkman",
    "yamzinyobooty"
  ],
  "log": "|j|\u2606undeadmilkman\n|j|\u2606yamzinyobooty\n|t:|1775888790\n|gametype|doubles\n|player|p1|undeadmilkman|lady|1058\n|player|p2|yamzinyobooty|170|1154\n|gen|9\n|tier|[Gen 9 Champions] VGC 2026 Reg M-A\n|rated|\n|rule|Species Clause: Limit one of each Pok\u00e9mon\n|rule|Item Clause: Limit 1 of each item\n|clearpoke\n|poke|p1|Glimmora, L50, M|\n|poke|p1|Corviknight, L50, M|\n|poke|p1|Dragapult, L50, F|\n|poke|p1|Sylveon, L50, M|\n|poke|p1|Rotom-Heat, L50|\n|poke|p1|Garchomp, L50, M|\n|poke|p2|Tyranitar, L50, M|\n|poke|p2|Excadrill, L50, M|\n|poke|p2|Rotom-Wash, L50|\n|poke|p2|Basculegion, L50, M|\n|poke|p2|Meganium, L50, F|\n|poke|p2|Talonflame, L50, F|\n|teampreview|4\n|inactive|Battle timer is ON: inactive players will automatically lose when time's up. (requested by yamzinyobooty)\n|inactive|undeadmilkman also wants the timer to be on.\n|\n|t:|1775888820\n|teamsize|p1|4\n|teamsize|p2|4\n|start\n|switch|p1a: Sylveon|Sylveon, L50, M|100/100\n|switch|p1b: Garchomp|Garchomp, L50, M|100/100\n|switch|p2a: Rotom|Rotom-Wash, L50, shiny|100/100\n|switch|p2b: Meganium|Meganium, L50, F|100/100\n|turn|1\n|\n|t:|1775888833\n|switch|p1b: Rotom|Rotom-Heat, L50|100/100\n|detailschange|p2b: Meganium|Meganium-Mega, L50, F\n|-mega|p2b: Meganium|Meganium|Meganiumite\n|move|p2a: Rotom|Volt Switch|p1a: Sylveon\n|-damage|p1a: Sylveon|84/100\n|\n|t:|1775888837\n|switch|p2a: Basculegion|Basculegion, L50, M|100/100|[from] Volt Switch\n|move|p2b: Meganium|Dazzling Gleam|p1b: Rotom|[spread] p1a,p1b\n|-resisted|p1b: Rotom|1\n|-damage|p1a: Sylveon|55/100\n|-damage|p1b: Rotom|79/100\n|move|p1a: Sylveon|Hyper Voice|p2b: Meganium|[spread] p2a,p2b\n|-damage|p2a: Basculegion|46/100\n|-damage|p2b: Meganium|60/100\n|\n|upkeep\n|turn|2\n|\n|t:|1775888843\n|move|p2b: Meganium|Protect|p2b: Meganium\n|-singleturn|p2b: Meganium|Protect\n|move|p1a: Sylveon|Protect|p1a: Sylveon\n|-singleturn|p1a: Sylveon|Protect\n|move|p2a: Basculegion|Flip Turn|p1a: Sylveon\n|-activate|p1a: Sylveon|move: Protect\n|move|p1b: Rotom|Volt Switch|p2a: Basculegion\n|-supereffective|p2a: Basculegion|1\n|-damage|p2a: Basculegion|0 fnt\n|faint|p2a: Basculegion\n|\n|t:|1775888848\n|switch|p1b: Dragapult|Dragapult, L50, F|100/100|[from] Volt Switch\n|\n|upkeep\n|\n|t:|1775888856\n|switch|p2a: Excadrill|Excadrill, L50, M|100/100\n|turn|3\n|\n|t:|1775888863\n|switch|p1a: Rotom|Rotom-Heat, L50|79/100\n|move|p1b: Dragapult|Shadow Ball|p2a: Excadrill\n|-damage|p2a: Excadrill|59/100\n|move|p2a: Excadrill|Iron Head|p1a: Rotom\n|-resisted|p1a: Rotom|2\n|-damage|p1a: Rotom|71/100\n|move|p2b: Meganium|Dazzling Gleam|p1a: Rotom|[spread] p1a,p1b\n|-resisted|p1a: Rotom|1\n|-supereffective|p1b: Dragapult|1\n|-damage|p1a: Rotom|51/100\n|-damage|p1b: Dragapult|9/100\n|\n|upkeep\n|turn|4\n|\n|t:|1775888881\n|move|p2a: Excadrill|Protect|p2a: Excadrill\n|-singleturn|p2a: Excadrill|Protect\n|move|p1a: Rotom|Protect|p1a: Rotom\n|-singleturn|p1a: Rotom|Protect\n|move|p2b: Meganium|Protect|p2b: Meganium\n|-singleturn|p2b: Meganium|Protect\n|move|p1b: Dragapult|Shadow Ball|p2a: Excadrill\n|-activate|p2a: Excadrill|move: Protect\n|\n|upkeep\n|turn|5\n|\n|t:|1775888895\n|move|p1b: Dragapult|Shadow Ball|p2a: Excadrill\n|-damage|p2a: Excadrill|17/100\n|move|p2a: Excadrill|Rock Slide|p1b: Dragapult|[spread] p1a,p1b\n|-supereffective|p1a: Rotom|1\n|-damage|p1a: Rotom|18/100\n|-damage|p1b: Dragapult|0 fnt\n|-enditem|p1a: Rotom|Sitrus Berry|[eat]\n|-heal|p1a: Rotom|43/100|[from] item: Sitrus Berry\n|faint|p1b: Dragapult\n|move|p1a: Rotom|Overheat|p2b: Meganium\n|-supereffective|p2b: Meganium|1\n|-damage|p2b: Meganium|0 fnt\n|-unboost|p1a: Rotom|spa|2\n|faint|p2b: Meganium\n|\n|upkeep\n|\n|t:|1775888902\n|switch|p1b: Garchomp|Garchomp, L50, M|100/100\n|switch|p2b: Rotom|Rotom-Wash, L50, shiny|100/100\n|turn|6\n|\n|t:|1775888909\n|move|p1b: Garchomp|Stomping Tantrum|p2a: Excadrill\n|-supereffective|p2a: Excadrill|1\n|-damage|p2a: Excadrill|0 fnt\n|faint|p2a: Excadrill\n|move|p2b: Rotom|Hydro Pump|p1b: Garchomp|[miss]\n|-miss|p2b: Rotom|p1b: Garchomp\n|move|p1a: Rotom|Volt Switch|p2b: Rotom\n|-damage|p2b: Rotom|87/100\n|\n|t:|1775888912\n|switch|p1a: Sylveon|Sylveon, L50, M|55/100|[from] Volt Switch\n|\n|upkeep\n|turn|7\n|-message|yamzinyobooty forfeited.\n|\n|win|undeadmilkman\n|raw|undeadmilkman's rating: 1058 &rarr; <strong>1098</strong><br />(+40 for winning)\n|raw|yamzinyobooty's rating: 1154 &rarr; <strong>1122</strong><br />(-32 for losing)\n",
  "uploadtime": 1775888918,
  "views": 11,
  "formatid": "gen9championsvgc2026regma",
  "rating": 1098,
  "private": 0,
  "password": null
}