{
  "id": "gen9championsvgc2026regma-2582830631",
  "format": "[Gen 9 Champions] VGC 2026 Reg M-A",
  "players": [
    "nklp",
    "KOTONOHOUSE"
  ],
  "log": "|j|\u2606nklp\n|j|\u2606KOTONOHOUSE\n|t:|1776117404\n|gametype|doubles\n|player|p1|nklp|skyla|1208\n|player|p2|KOTONOHOUSE|emmet|1113\n|gen|9\n|tier|[Gen 9 Champions] VGC 2026 Reg M-A\n|rated|\n|rule|Species Clause: Limit one of each Pok\u00e9mon\n|rule|Item Clause: Limit 1 of each item\n|clearpoke\n|poke|p1|Sinistcha, L50|\n|poke|p1|Sneasler, L50, M|\n|poke|p1|Milotic, L50, F|\n|poke|p1|Incineroar, L50, F|\n|poke|p1|Tyranitar, L50, F|\n|poke|p1|Zoroark-Hisui, L50, F|\n|poke|p2|Whimsicott, L50, F|\n|poke|p2|Incineroar, L50, M|\n|poke|p2|Kingambit, L50, F|\n|poke|p2|Arcanine-Hisui, L50, M|\n|poke|p2|Floette-Eternal, L50, F|\n|poke|p2|Garchomp, L50, F|\n|teampreview|4\n|inactive|Battle timer is ON: inactive players will automatically lose when time's up. (requested by KOTONOHOUSE)\n|inactive|nklp also wants the timer to be on.\n|inactive|nklp has 60 seconds left.\n|inactive|KOTONOHOUSE has 60 seconds left.\n|\n|t:|1776117452\n|teamsize|p1|4\n|teamsize|p2|4\n|start\n|switch|p1a: Incineroar|Incineroar, L50, F|100/100\n|switch|p1b: Milotic|Milotic, L50, F|100/100\n|switch|p2a: Floette|Floette-Eternal, L50, F|100/100\n|switch|p2b: Garchomp|Garchomp, L50, F|100/100\n|-ability|p1a: Incineroar|Intimidate|boost\n|-unboost|p2a: Floette|atk|1\n|-unboost|p2b: Garchomp|atk|1\n|turn|1\n|\n|t:|1776117473\n|switch|p2b: Kingambit|Kingambit, L50, F|100/100\n|detailschange|p2a: Floette|Floette-Mega, L50, F\n|-mega|p2a: Floette|Floette|Floettite\n|-ability|p2a: Floette|Fairy Aura\n|move|p2a: Floette|Protect|p2a: Floette\n|-singleturn|p2a: Floette|Protect\n|move|p1a: Incineroar|Fake Out|p2b: Kingambit\n|-resisted|p2b: Kingambit|1\n|-damage|p2b: Kingambit|96/100\n|move|p1b: Milotic|Bitter Malice|p2b: Kingambit\n|-resisted|p2b: Kingambit|1\n|-damage|p2b: Kingambit|74/100\n|-unboost|p2b: Kingambit|atk|1\n|-ability|p2b: Kingambit|Defiant|boost\n|-boost|p2b: Kingambit|atk|2\n|\n|upkeep\n|turn|2\n|\n|t:|1776117491\n|move|p1b: Milotic|Bitter Malice|p2a: Floette\n|-damage|p2a: Floette|64/100\n|-unboost|p2a: Floette|atk|1\n|move|p2a: Floette|Dazzling Gleam|p1a: Incineroar|[spread] p1a,p1b\n|-damage|p1a: Incineroar|58/100\n|-damage|p1b: Milotic|0 fnt\n|replace|p1b: Zoroark|Zoroark-Hisui, L50, F\n|-end|p1b: Zoroark|Illusion\n|faint|p1b: Zoroark\n|move|p1a: Incineroar|Drain Punch|p2b: Kingambit\n|-supereffective|p2b: Kingambit|2\n|-crit|p2b: Kingambit\n|-damage|p2b: Kingambit|0 fnt\n|-heal|p1a: Incineroar|100/100|[from] drain|[of] p2b: Kingambit\n|faint|p2b: Kingambit\n|\n|upkeep\n|\n|t:|1776117510\n|switch|p1b: Tyranitar|Tyranitar, L50, F|100/100\n|switch|p2b: Arcanine|Arcanine-Hisui, L50, M|100/100\n|-ability|p2b: Arcanine|Intimidate|boost\n|-unboost|p1a: Incineroar|atk|1\n|-unboost|p1b: Tyranitar|atk|1\n|-weather|Sandstorm|[from] ability: Sand Stream|[of] p1b: Tyranitar\n|turn|3\n|\n|t:|1776117523\n|move|p1b: Tyranitar|Protect|p1b: Tyranitar\n|-singleturn|p1b: Tyranitar|Protect\n|move|p2b: Arcanine|Rock Slide|p1a: Incineroar|[spread] \n|-activate|p1b: Tyranitar|move: Protect\n|-miss|p2b: Arcanine|p1a: Incineroar\n|move|p2a: Floette|Dazzling Gleam|p1b: Tyranitar|[spread] p1a\n|-activate|p1b: Tyranitar|move: Protect\n|-damage|p1a: Incineroar|62/100\n|move|p1a: Incineroar|Parting Shot|p2a: Floette\n|-unboost|p2a: Floette|atk|1\n|-unboost|p2a: Floette|spa|1\n|\n|t:|1776117532\n|switch|p1a: Milotic|Milotic, L50, F|100/100|[from] Parting Shot\n|\n|-weather|Sandstorm|[upkeep]\n|-damage|p2a: Floette|58/100|[from] Sandstorm\n|-damage|p1a: Milotic|94/100|[from] Sandstorm\n|-heal|p1a: Milotic|100/100|[from] item: Leftovers\n|upkeep\n|turn|4\n|\n|t:|1776117555\n|switch|p2a: Garchomp|Garchomp, L50, F|100/100\n|detailschange|p1b: Tyranitar|Tyranitar-Mega, L50, F\n|-mega|p1b: Tyranitar|Tyranitar|Tyranitarite\n|move|p2b: Arcanine|Rock Slide|p1a: Milotic|[spread] p1a,p1b\n|-damage|p1a: Milotic|68/100\n|-damage|p1b: Tyranitar|82/100\n|move|p1b: Tyranitar|Heavy Slam|p2a: Garchomp\n|-crit|p2a: Garchomp\n|-damage|p2a: Garchomp|67/100\n|-damage|p1b: Tyranitar|70/100|[from] ability: Rough Skin|[of] p2a: Garchomp\n|cant|p1a: Milotic|flinch\n|\n|-weather|Sandstorm|[upkeep]\n|-damage|p1a: Milotic|62/100|[from] Sandstorm\n|-heal|p1a: Milotic|68/100|[from] item: Leftovers\n|upkeep\n|turn|5\n|\n|t:|1776117578\n|switch|p1b: Incineroar|Incineroar, L50, F|62/100\n|-ability|p1b: Incineroar|Intimidate|boost\n|-unboost|p2a: Garchomp|atk|1\n|-unboost|p2b: Arcanine|atk|1\n|move|p2b: Arcanine|Rock Slide|p1a: Milotic|[spread] p1b\n|-miss|p2b: Arcanine|p1a: Milotic\n|-supereffective|p1b: Incineroar|1\n|-damage|p1b: Incineroar|24/100\n|move|p2a: Garchomp|Stomping Tantrum|p1b: Incineroar\n|-supereffective|p1b: Incineroar|1\n|-damage|p1b: Incineroar|0 fnt\n|faint|p1b: Incineroar\n|move|p1a: Milotic|Ice Beam|p2a: Garchomp\n|-supereffective|p2a: Garchomp|2\n|-enditem|p2a: Garchomp|Yache Berry|[eat]\n|-enditem|p2a: Garchomp|Yache Berry|[weaken]\n|-damage|p2a: Garchomp|7/100\n|\n|-weather|Sandstorm|[upkeep]\n|-damage|p1a: Milotic|62/100|[from] Sandstorm\n|-heal|p1a: Milotic|68/100|[from] item: Leftovers\n|upkeep\n|\n|t:|1776117594\n|switch|p1b: Tyranitar|Tyranitar-Mega, L50, F|70/100\n|turn|6\n|\n|t:|1776117603\n|move|p2a: Garchomp|Protect|p2a: Garchomp\n|-singleturn|p2a: Garchomp|Protect\n|move|p1b: Tyranitar|Protect|p1b: Tyranitar\n|-singleturn|p1b: Tyranitar|Protect\n|move|p2b: Arcanine|Rock Slide|p1b: Tyranitar|[spread] p1a\n|-activate|p1b: Tyranitar|move: Protect\n|-damage|p1a: Milotic|49/100\n|cant|p1a: Milotic|flinch\n|\n|-weather|Sandstorm|[upkeep]\n|-damage|p1a: Milotic|43/100|[from] Sandstorm\n|-heal|p1a: Milotic|49/100|[from] item: Leftovers\n|upkeep\n|turn|7\n|c|\u2606nklp|the flinches are crazy...\n|\n|t:|1776117627\n|move|p1b: Tyranitar|Protect||[still]\n|-fail|p1b: Tyranitar\n|move|p2b: Arcanine|Rock Slide|p1b: Tyranitar|[spread] p1a,p1b\n|-damage|p1a: Milotic|28/100\n|-damage|p1b: Tyranitar|58/100\n|move|p2a: Garchomp|Stomping Tantrum|p1b: Tyranitar\n|-supereffective|p1b: Tyranitar|1\n|-damage|p1b: Tyranitar|18/100\n|move|p1a: Milotic|Recover|p1a: Milotic\n|-heal|p1a: Milotic|78/100\n|\n|-weather|none\n|-heal|p1a: Milotic|84/100|[from] item: Leftovers\n|upkeep\n|turn|8\n|\n|t:|1776117643\n|move|p2b: Arcanine|Rock Slide|p1a: Milotic|[spread] p1b\n|-miss|p2b: Arcanine|p1a: Milotic\n|-damage|p1b: Tyranitar|7/100\n|move|p2a: Garchomp|Stomping Tantrum|p1b: Tyranitar\n|-supereffective|p1b: Tyranitar|1\n|-damage|p1b: Tyranitar|0 fnt\n|faint|p1b: Tyranitar\n|move|p1a: Milotic|Scald|p2b: Arcanine\n|-supereffective|p2b: Arcanine|2\n|-damage|p2b: Arcanine|0 fnt\n|faint|p2b: Arcanine\n|\n|-heal|p1a: Milotic|90/100|[from] item: Leftovers\n|upkeep\n|\n|t:|1776117646\n|switch|p2b: Floette|Floette-Mega, L50, F|58/100\n|-ability|p2b: Floette|Fairy Aura\n|turn|9\n|\n|t:|1776117657\n|move|p2b: Floette|Light of Ruin|p1a: Milotic\n|-damage|p1a: Milotic|15/100\n|-damage|p2b: Floette|13/100|[from] Recoil\n|move|p2a: Garchomp|Dragon Claw|p1a: Milotic\n|-damage|p1a: Milotic|0 fnt\n|faint|p1a: Milotic\n|\n|win|KOTONOHOUSE\n|raw|nklp's rating: 1208 &rarr; <strong>1176</strong><br />(-32 for losing)\n|raw|KOTONOHOUSE's rating: 1113 &rarr; <strong>1145</strong><br />(+32 for winning)\n|l|\u2606nklp\n|player|p1|\n|c|\u2606KOTONOHOUSE|gg\n",
  "uploadtime": 1776117670,
  "views": 15,
  "formatid": "gen9championsvgc2026regma",
  "rating": 1145,
  "private": 0,
  "password": null
}