{
  "id": "gen9championsvgc2026regma-2586912393",
  "format": "[Gen 9 Champions] VGC 2026 Reg M-A",
  "players": [
    "NovaGuy",
    "Macnum97"
  ],
  "log": "|j|\u2606NovaGuy\n|j|\u2606Macnum97\n|t:|1776471125\n|gametype|doubles\n|player|p1|NovaGuy|ethan|1130\n|player|p2|Macnum97|pryce|1230\n|gen|9\n|tier|[Gen 9 Champions] VGC 2026 Reg M-A\n|rated|\n|rule|Species Clause: Limit one of each Pok\u00e9mon\n|rule|Item Clause: Limit 1 of each item\n|clearpoke\n|poke|p1|Charizard, L50, M|\n|poke|p1|Venusaur, L50, M|\n|poke|p1|Whimsicott, L50, M|\n|poke|p1|Milotic, L50, F|\n|poke|p1|Aegislash, L50, F|\n|poke|p1|Incineroar, L50, M|\n|poke|p2|Scizor, L50, F|\n|poke|p2|Talonflame, L50, M|\n|poke|p2|Starmie, L50|\n|poke|p2|Pelipper, L50, F|\n|poke|p2|Garchomp, L50, F|\n|poke|p2|Sneasler, L50, F|\n|teampreview|4\n|inactive|Battle timer is ON: inactive players will automatically lose when time's up. (requested by Macnum97)\n|inactive|NovaGuy has 60 seconds left.\n|\n|t:|1776471171\n|teamsize|p1|4\n|teamsize|p2|4\n|start\n|switch|p1a: Incineroar|Incineroar, L50, M|100/100\n|switch|p1b: Whimsicott|Whimsicott, L50, M|100/100\n|switch|p2a: Naranja|Garchomp, L50, F|100/100\n|switch|p2b: Mega pls|Talonflame, L50, M|100/100\n|-ability|p1a: Incineroar|Intimidate|boost\n|-unboost|p2a: Naranja|atk|1\n|-unboost|p2b: Mega pls|atk|1\n|turn|1\n|\n|t:|1776471186\n|move|p1a: Incineroar|Fake Out|p2b: Mega pls\n|-damage|p2b: Mega pls|85/100\n|move|p1b: Whimsicott|Tailwind|p1b: Whimsicott\n|-sidestart|p1: NovaGuy|move: Tailwind\n|cant|p2b: Mega pls|flinch\n|move|p2a: Naranja|Rock Slide|p1a: Incineroar|[spread] p1a,p1b\n|-supereffective|p1a: Incineroar|1\n|-damage|p1a: Incineroar|74/100\n|-damage|p1b: Whimsicott|80/100\n|\n|upkeep\n|turn|2\n|\n|t:|1776471207\n|move|p1b: Whimsicott|Moonblast|p2a: Naranja\n|-supereffective|p2a: Naranja|1\n|-damage|p2a: Naranja|22/100\n|-unboost|p2a: Naranja|spa|1\n|move|p2b: Mega pls|Tailwind|p2b: Mega pls\n|-sidestart|p2: Macnum97|move: Tailwind\n|move|p2a: Naranja|Rock Slide|p1b: Whimsicott|[spread] p1a,p1b\n|-supereffective|p1a: Incineroar|1\n|-damage|p1a: Incineroar|48/100\n|-damage|p1b: Whimsicott|59/100\n|-enditem|p1a: Incineroar|Sitrus Berry|[eat]\n|-heal|p1a: Incineroar|73/100|[from] item: Sitrus Berry\n|cant|p1a: Incineroar|flinch\n|\n|upkeep\n|turn|3\n|inactive|NovaGuy has 30 seconds left.\n|inactive|NovaGuy has 20 seconds left.\n|inactive|NovaGuy has 15 seconds left.\n|\n|t:|1776471250\n|move|p1b: Whimsicott|Encore|p2b: Mega pls\n|-start|p2b: Mega pls|Encore\n|move|p2b: Mega pls|Tailwind||[still]\n|-fail|p2b: Mega pls\n|move|p2a: Naranja|Rock Slide|p1a: Incineroar|[spread] p1a,p1b\n|-supereffective|p1a: Incineroar|1\n|-damage|p1a: Incineroar|49/100\n|-damage|p1b: Whimsicott|38/100\n|move|p1a: Incineroar|Parting Shot|p2a: Naranja\n|-unboost|p2a: Naranja|atk|1\n|-unboost|p2a: Naranja|spa|1\n|\n|t:|1776471265\n|switch|p1a: Charizard|Charizard, L50, M|100/100|[from] Parting Shot\n|\n|upkeep\n|turn|4\n|\n|t:|1776471278\n|switch|p2b: RainTime|Pelipper, L50, F|100/100\n|-weather|RainDance|[from] ability: Drizzle|[of] p2b: RainTime\n|switch|p2a: Capuzon|Starmie, L50|100/100\n|detailschange|p1a: Charizard|Charizard-Mega-X, L50, M\n|-mega|p1a: Charizard|Charizard|Charizardite X\n|move|p1b: Whimsicott|Moonblast|p2a: Capuzon\n|-damage|p2a: Capuzon|57/100\n|move|p1a: Charizard|Dragon Dance|p1a: Charizard\n|-boost|p1a: Charizard|atk|1\n|-boost|p1a: Charizard|spe|1\n|\n|-weather|RainDance|[upkeep]\n|-sideend|p1: NovaGuy|move: Tailwind\n|upkeep\n|turn|5\n|inactive|NovaGuy has 30 seconds left.\n|\n|t:|1776471308\n|detailschange|p2a: Capuzon|Starmie-Mega, L50\n|-mega|p2a: Capuzon|Starmie|Starminite\n|move|p1b: Whimsicott|Tailwind|p1b: Whimsicott\n|-sidestart|p1: NovaGuy|move: Tailwind\n|move|p1a: Charizard|Dragon Dance|p1a: Charizard\n|-boost|p1a: Charizard|atk|1\n|-boost|p1a: Charizard|spe|1\n|move|p2a: Capuzon|Liquidation|p1a: Charizard\n|-damage|p1a: Charizard|0 fnt\n|faint|p1a: Charizard\n|move|p2b: RainTime|Hurricane|p1b: Whimsicott\n|-supereffective|p1b: Whimsicott|1\n|-damage|p1b: Whimsicott|0 fnt\n|faint|p1b: Whimsicott\n|\n|-weather|RainDance|[upkeep]\n|-sideend|p2: Macnum97|move: Tailwind\n|upkeep\n|\n|t:|1776471328\n|switch|p1b: Aegislash|Aegislash, L50, F|100/100\n|switch|p1a: Incineroar|Incineroar, L50, M|49/100\n|-ability|p1a: Incineroar|Intimidate|boost\n|-unboost|p2a: Capuzon|atk|1\n|-unboost|p2b: RainTime|atk|1\n|turn|6\n|\n|t:|1776471349\n|move|p1a: Incineroar|Fake Out|p2a: Capuzon\n|-damage|p2a: Capuzon|45/100\n|cant|p2a: Capuzon|flinch\n|move|p1b: Aegislash|Swords Dance|p1b: Aegislash\n|-boost|p1b: Aegislash|atk|2\n|move|p2b: RainTime|Tailwind|p2b: RainTime\n|-sidestart|p2: Macnum97|move: Tailwind\n|\n|-weather|RainDance|[upkeep]\n|upkeep\n|turn|7\n|\n|t:|1776471373\n|move|p1b: Aegislash|King's Shield|p1b: Aegislash\n|-singleturn|p1b: Aegislash|Protect\n|move|p2a: Capuzon|Liquidation|p1a: Incineroar\n|-supereffective|p1a: Incineroar|1\n|-crit|p1a: Incineroar\n|-damage|p1a: Incineroar|0 fnt\n|faint|p1a: Incineroar\n|move|p2b: RainTime|Weather Ball|p1b: Aegislash\n|-activate|p1b: Aegislash|move: Protect\n|\n|-weather|RainDance|[upkeep]\n|upkeep\n|turn|8\n|\n|t:|1776471388\n|move|p2a: Capuzon|Liquidation|p1b: Aegislash\n|-damage|p1b: Aegislash|39/100\n|-unboost|p1b: Aegislash|def|1\n|move|p2b: RainTime|Weather Ball|p1b: Aegislash\n|-damage|p1b: Aegislash|0 fnt\n|faint|p1b: Aegislash\n|\n|win|Macnum97\n|raw|NovaGuy's rating: 1130 &rarr; <strong>1112</strong><br />(-18 for losing)\n|raw|Macnum97's rating: 1230 &rarr; <strong>1248</strong><br />(+18 for winning)\n|l|\u2606Macnum97\n|player|p2|\n",
  "uploadtime": 1776471401,
  "views": 22,
  "formatid": "gen9championsvgc2026regma",
  "rating": 1112,
  "private": 0,
  "password": null
}