{
  "id": "gen9championsvgc2026regma-2584278600",
  "format": "[Gen 9 Champions] VGC 2026 Reg M-A",
  "players": [
    "defiantvgc",
    "LamestAmos"
  ],
  "log": "|j|\u2606defiantvgc\n|j|\u2606LamestAmos\n|t:|1776246400\n|gametype|doubles\n|player|p1|defiantvgc|spark-casual|\n|player|p2|LamestAmos|veteran|\n|gen|9\n|tier|[Gen 9 Champions] VGC 2026 Reg M-A\n|rated|Tournament battle\n|rule|Species Clause: Limit one of each Pok\u00e9mon\n|rule|Item Clause: Limit 1 of each item\n|raw|<div class=\"infobox\"><details class=\"readmore\" open><summary><strong>1 custom rule:</strong></summary> Force Open Team Sheets</details></div>\n|clearpoke\n|poke|p1|Delphox, L50, F|\n|poke|p1|Kingambit, L50, F|\n|poke|p1|Sneasler, L50, M|\n|poke|p1|Clefable, L50, M|\n|poke|p1|Incineroar, L50, M|\n|poke|p1|Garchomp, L50, M|\n|poke|p2|Palafin, L50, M|\n|poke|p2|Orthworm, L50, M|\n|poke|p2|Garchomp, L50, F|\n|poke|p2|Delphox, L50, F|\n|poke|p2|Whimsicott, L50, M|\n|poke|p2|Sneasler, L50, M|\n|teampreview|4\n|showteam|p1|Delphox||Delphoxite|Blaze|NastyPlot,Psyshock,HeatWave,Protect|||F|||50|]Kingambit||ChopleBerry|Defiant|SuckerPunch,LowKick,IronHead,Protect|||F|||50|]Sneasler||WhiteHerb|Unburden|CloseCombat,DireClaw,FakeOut,Protect|||M|||50|]Clefable||Leftovers|Unaware|Moonblast,FollowMe,HelpingHand,Protect|||M|||50|]Incineroar||SitrusBerry|Intimidate|FlareBlitz,ThroatChop,PartingShot,FakeOut|||M|||50|]Garchomp||HabanBerry|RoughSkin|Protect,StompingTantrum,RockSlide,ScaleShot|||M|||50|\n|showteam|p2|Palafin||MysticWater|ZerotoHero|Protect,JetPunch,FlipTurn,WaveCrash|||M|||50|]Orthworm||SitrusBerry|EarthEater|Protect,ShedTail,HeavySlam,BodyPress|||M|||50|]Garchomp||SoftSand|RoughSkin|Protect,RockSlide,DragonClaw,Earthquake|||F|||50|]Delphox||Delphoxite|Blaze|Protect,NastyPlot,Psychic,HeatWave|||F|||50|]Whimsicott||FocusSash|Prankster|Protect,Moonblast,Tailwind,SunnyDay|||M|||50|]Sneasler||WhiteHerb|Unburden|Protect,DireClaw,CloseCombat,FakeOut|||M|||50|\n|j| showxshow\n|c|\u2606LamestAmos|glhf\n|c|\u2606defiantvgc|glhf\n|c|\u2606LamestAmos|battle of fire wizards\n|c|\u2606LamestAmos|or witches actually\n|j| Alejop88\n|j| Cewa\n|l| Cewa\n|l| showxshow\n|\n|t:|1776246550\n|teamsize|p1|4\n|teamsize|p2|4\n|start\n|switch|p1a: Sneasler|Sneasler, L50, M|100/100\n|switch|p1b: Incineroar|Incineroar, L50, M|100/100\n|switch|p2a: Palafin|Palafin, L50, M|100/100\n|switch|p2b: Garchomp|Garchomp, L50, F|100/100\n|-ability|p1b: Incineroar|Intimidate|boost\n|-unboost|p2a: Palafin|atk|1\n|-unboost|p2b: Garchomp|atk|1\n|turn|1\n|j| showxshow\n|j| ScaryQwQ\n|j| voidmaxom vgc\n|l| voidmaxom vgc\n|\n|t:|1776246586\n|move|p2b: Garchomp|Protect|p2b: Garchomp\n|-singleturn|p2b: Garchomp|Protect\n|move|p2a: Palafin|Protect|p2a: Palafin\n|-singleturn|p2a: Palafin|Protect\n|move|p1b: Incineroar|Fake Out|p2b: Garchomp\n|-activate|p2b: Garchomp|move: Protect\n|move|p1a: Sneasler|Close Combat|p2a: Palafin\n|-activate|p2a: Palafin|move: Protect\n|\n|upkeep\n|turn|2\n|\n|t:|1776246612\n|move|p1a: Sneasler|Protect|p1a: Sneasler\n|-singleturn|p1a: Sneasler|Protect\n|move|p2b: Garchomp|Dragon Claw|p1a: Sneasler\n|-activate|p1a: Sneasler|move: Protect\n|move|p2a: Palafin|Flip Turn|p1b: Incineroar\n|-supereffective|p1b: Incineroar|1\n|-damage|p1b: Incineroar|71/100\n|\n|t:|1776246623\n|detailschange|p2a: Palafin|Palafin-Hero, L50, M\n|switch|p2a: Whimsicott|Whimsicott, L50, M|100/100|[from] Flip Turn\n|move|p1b: Incineroar|Parting Shot|p2a: Whimsicott\n|-unboost|p2a: Whimsicott|atk|1\n|-unboost|p2a: Whimsicott|spa|1\n|\n|t:|1776246649\n|switch|p1b: Delphox|Delphox, L50, F|100/100|[from] Parting Shot\n|\n|upkeep\n|turn|3\n|j| A Regu1ar Guy\n|c| A Regu1ar Guy|Called Defiant vgc. Uses defiant mon. Makes sense\n|l| showxshow\n|\n|t:|1776246725\n|switch|p1a: Incineroar|Incineroar, L50, M|71/100\n|-ability|p1a: Incineroar|Intimidate|boost\n|-unboost|p2a: Whimsicott|atk|1\n|-unboost|p2b: Garchomp|atk|1\n|detailschange|p1b: Delphox|Delphox-Mega, L50, F\n|-mega|p1b: Delphox|Delphox|Delphoxite\n|move|p2a: Whimsicott|Tailwind|p2a: Whimsicott\n|-sidestart|p2: LamestAmos|move: Tailwind\n|move|p2b: Garchomp|Rock Slide|p1a: Incineroar|[spread] p1a,p1b\n|-supereffective|p1a: Incineroar|1\n|-supereffective|p1b: Delphox|1\n|-damage|p1a: Incineroar|56/100\n|-damage|p1b: Delphox|74/100\n|move|p1b: Delphox|Heat Wave|p2a: Whimsicott|[spread] p2a,p2b\n|-supereffective|p2a: Whimsicott|1\n|-resisted|p2b: Garchomp|1\n|-enditem|p2a: Whimsicott|Focus Sash\n|-damage|p2a: Whimsicott|1/100\n|-damage|p2b: Garchomp|78/100\n|\n|upkeep\n|turn|4\n|l| A Regu1ar Guy\n|\n|t:|1776246774\n|switch|p2a: Palafin|Palafin-Hero, L50, M|100/100\n|-activate|p2a: Palafin|ability: Zero to Hero\n|switch|p1a: Garchomp|Garchomp, L50, M|100/100\n|move|p2b: Garchomp|Protect|p2b: Garchomp\n|-singleturn|p2b: Garchomp|Protect\n|move|p1b: Delphox|Psyshock|p2b: Garchomp\n|-activate|p2b: Garchomp|move: Protect\n|\n|upkeep\n|turn|5\n|\n|t:|1776246798\n|switch|p2b: I Cast Fireball!|Delphox, L50, F|100/100\n|move|p1b: Delphox|Protect|p1b: Delphox\n|-singleturn|p1b: Delphox|Protect\n|move|p2a: Palafin|Wave Crash|p1a: Garchomp\n|-damage|p1a: Garchomp|12/100\n|-damage|p2a: Palafin|88/100|[from] ability: Rough Skin|[of] p1a: Garchomp\n|-damage|p2a: Palafin|58/100|[from] Recoil\n|move|p1a: Garchomp|Stomping Tantrum|p2a: Palafin\n|-damage|p2a: Palafin|21/100\n|\n|upkeep\n|turn|6\n|\n|t:|1776246826\n|switch|p1b: Incineroar|Incineroar, L50, M|56/100\n|-ability|p1b: Incineroar|Intimidate|boost\n|-unboost|p2a: Palafin|atk|1\n|-unboost|p2b: I Cast Fireball!|atk|1\n|detailschange|p2b: I Cast Fireball!|Delphox-Mega, L50, F\n|-mega|p2b: I Cast Fireball!|Delphox|Delphoxite\n|move|p1a: Garchomp|Protect|p1a: Garchomp\n|-singleturn|p1a: Garchomp|Protect\n|move|p2b: I Cast Fireball!|Heat Wave|p1b: Incineroar|[spread] p1b\n|-activate|p1a: Garchomp|move: Protect\n|-resisted|p1b: Incineroar|1\n|-crit|p1b: Incineroar\n|-damage|p1b: Incineroar|23/100\n|-enditem|p1b: Incineroar|Sitrus Berry|[eat]\n|-heal|p1b: Incineroar|48/100|[from] item: Sitrus Berry\n|move|p2a: Palafin|Flip Turn|p1b: Incineroar\n|-supereffective|p1b: Incineroar|1\n|-damage|p1b: Incineroar|2/100\n|j| pr.iyanshu768500\n|\n|t:|1776246843\n|switch|p2a: Garchomp|Garchomp, L50, F|78/100|[from] Flip Turn\n|\n|-sideend|p2: LamestAmos|move: Tailwind\n|upkeep\n|turn|7\n|l| pr.iyanshu768500\n|\n|t:|1776246910\n|move|p2b: I Cast Fireball!|Protect|p2b: I Cast Fireball!\n|-singleturn|p2b: I Cast Fireball!|Protect\n|move|p1b: Incineroar|Fake Out|p2b: I Cast Fireball!\n|-activate|p2b: I Cast Fireball!|move: Protect\n|move|p2a: Garchomp|Earthquake|p1a: Garchomp|[spread] p1a,p1b\n|-activate|p2b: I Cast Fireball!|move: Protect\n|-supereffective|p1b: Incineroar|1\n|-damage|p1a: Garchomp|0 fnt\n|-damage|p1b: Incineroar|0 fnt\n|faint|p1a: Garchomp\n|faint|p1b: Incineroar\n|\n|upkeep\n|j| nephele_13\n|\n|t:|1776246916\n|switch|p1a: Sneasler|Sneasler, L50, M|100/100\n|switch|p1b: Delphox|Delphox-Mega, L50, F|74/100\n|turn|8\n|\n|t:|1776246931\n|switch|p2b: Whimsicott|Whimsicott, L50, M|1/100\n|move|p1a: Sneasler|Fake Out|p2b: Whimsicott\n|-damage|p2b: Whimsicott|0 fnt\n|faint|p2b: Whimsicott\n|move|p1b: Delphox|Nasty Plot|p1b: Delphox\n|-boost|p1b: Delphox|spa|2\n|move|p2a: Garchomp|Earthquake|p1a: Sneasler|[spread] p1a\n|-immune|p1b: Delphox|[from] ability: Levitate\n|-supereffective|p1a: Sneasler|1\n|-damage|p1a: Sneasler|0 fnt\n|faint|p1a: Sneasler\n|\n|upkeep\n|\n|t:|1776246943\n|switch|p2b: Palafin|Palafin-Hero, L50, M|21/100\n|turn|9\n|j| A Regu1ar Guy\n|\n|t:|1776246949\n|move|p1b: Delphox|Protect|p1b: Delphox\n|-singleturn|p1b: Delphox|Protect\n|move|p2b: Palafin|Jet Punch|p1b: Delphox\n|-activate|p1b: Delphox|move: Protect\n|move|p2a: Garchomp|Dragon Claw|p1b: Delphox\n|-activate|p1b: Delphox|move: Protect\n|\n|upkeep\n|turn|10\n|l| A Regu1ar Guy\n|\n|t:|1776246985\n|move|p2b: Palafin|Jet Punch|p1b: Delphox\n|-supereffective|p1b: Delphox|1\n|-damage|p1b: Delphox|0 fnt\n|faint|p1b: Delphox\n|\n|win|LamestAmos\n|n|\u2606defiantvgc|defiantvgc\n|n|\u2606LamestAmos|lamestamos\n|n| Alejop88|alejop88\n|n| ScaryQwQ|scaryqwq\n|n| nephele_13|nephele13\n",
  "uploadtime": 1776246985,
  "views": 23,
  "formatid": "gen9championsvgc2026regma",
  "rating": null,
  "private": 0,
  "password": null
}