{
  "id": "gen9championsvgc2026regma-2584622854",
  "format": "[Gen 9 Champions] VGC 2026 Reg M-A",
  "players": [
    "Kodora",
    "the_sawzie"
  ],
  "log": "|j|\u2606Kodora\n|j|\u2606the_sawzie\n|t:|1776272743\n|gametype|doubles\n|player|p1|Kodora|266|1008\n|player|p2|the_sawzie|hilda|1015\n|gen|9\n|tier|[Gen 9 Champions] VGC 2026 Reg M-A\n|rated|\n|rule|Species Clause: Limit one of each Pok\u00e9mon\n|rule|Item Clause: Limit 1 of each item\n|clearpoke\n|poke|p1|Aggron, L50, F|\n|poke|p1|Pelipper, L50, F|\n|poke|p1|Incineroar, L50, M|\n|poke|p1|Basculegion, L50, M|\n|poke|p1|Sinistcha-Masterpiece, L50|\n|poke|p1|Rotom-Wash, L50|\n|poke|p2|Chesnaught, L50, F|\n|poke|p2|Goodra-Hisui, L50, F|\n|poke|p2|Farigiraf, L50, F|\n|poke|p2|Ceruledge, L50, F|\n|poke|p2|Cofagrigus, L50, F|\n|poke|p2|Glimmora, L50, F|\n|teampreview|4\n|\n|t:|1776272763\n|teamsize|p1|4\n|teamsize|p2|4\n|start\n|switch|p1a: Pelipper|Pelipper, L50, F|100/100\n|switch|p1b: Aggron|Aggron, L50, F|100/100\n|switch|p2a: Farigiraf|Farigiraf, L50, F|100/100\n|switch|p2b: Goodra|Goodra-Hisui, L50, F|100/100\n|-weather|RainDance|[from] ability: Drizzle|[of] p1a: Pelipper\n|turn|1\n|\n|t:|1776272799\n|detailschange|p1b: Aggron|Aggron-Mega, L50, F\n|-mega|p1b: Aggron|Aggron|Aggronite\n|move|p1a: Pelipper|Hurricane|p2a: Farigiraf\n|-damage|p2a: Farigiraf|60/100\n|move|p2a: Farigiraf|Thunderbolt|p1a: Pelipper\n|-supereffective|p1a: Pelipper|2\n|-enditem|p1a: Pelipper|Focus Sash\n|-damage|p1a: Pelipper|1/100\n|move|p2b: Goodra|Muddy Water|p1a: Pelipper|[spread] p1b\n|-miss|p2b: Goodra|p1a: Pelipper\n|-damage|p1b: Aggron|63/100\n|-unboost|p1b: Aggron|accuracy|1\n|move|p1b: Aggron|Iron Defense|p1b: Aggron\n|-boost|p1b: Aggron|def|2\n|\n|-weather|RainDance|[upkeep]\n|upkeep\n|turn|2\n|\n|t:|1776272824\n|move|p1a: Pelipper|Tailwind|p1a: Pelipper\n|-sidestart|p1: Kodora|move: Tailwind\n|move|p1b: Aggron|Body Press|p2b: Goodra|[miss]\n|-miss|p1b: Aggron|p2b: Goodra\n|move|p2b: Goodra|Muddy Water|p1b: Aggron|[spread] p1a,p1b\n|-resisted|p1a: Pelipper|1\n|-damage|p1a: Pelipper|0 fnt\n|-damage|p1b: Aggron|23/100\n|-unboost|p1b: Aggron|accuracy|1\n|faint|p1a: Pelipper\n|move|p2a: Farigiraf|Trick Room|p2a: Farigiraf\n|-fieldstart|move: Trick Room|[of] p2a: Farigiraf\n|\n|-weather|RainDance|[upkeep]\n|upkeep\n|\n|t:|1776272831\n|switch|p1a: Sinistcha|Sinistcha-Masterpiece, L50|100/100\n|-heal|p1b: Aggron|47/100|[from] ability: Hospitality|[of] p1a: Sinistcha\n|turn|3\n|\n|t:|1776272850\n|switch|p2a: Chesnaught|Chesnaught, L50, F|100/100\n|move|p2b: Goodra|Flash Cannon|p1a: Sinistcha\n|-damage|p1a: Sinistcha|53/100\n|move|p1b: Aggron|Body Press|p2b: Goodra|[miss]\n|-miss|p1b: Aggron|p2b: Goodra\n|move|p1a: Sinistcha|Matcha Gotcha|p2b: Goodra|[spread] p2a\n|-ability|p2b: Goodra|Sap Sipper|boost\n|-boost|p2b: Goodra|atk|1\n|-resisted|p2a: Chesnaught|1\n|-damage|p2a: Chesnaught|87/100\n|-heal|p1a: Sinistcha|60/100|[from] drain|[of] p2a: Chesnaught\n|-status|p2a: Chesnaught|brn\n|\n|-weather|RainDance|[upkeep]\n|-heal|p1a: Sinistcha|66/100|[from] item: Leftovers\n|-damage|p2a: Chesnaught|81/100 brn|[from] brn\n|upkeep\n|turn|4\n|\n|t:|1776272875\n|detailschange|p2a: Chesnaught|Chesnaught-Mega, L50, F\n|-mega|p2a: Chesnaught|Chesnaught|Chesnaughtite\n|move|p1a: Sinistcha|Rage Powder|p1a: Sinistcha\n|-singleturn|p1a: Sinistcha|move: Rage Powder\n|move|p2a: Chesnaught|Body Press|p1b: Aggron\n|-supereffective|p1b: Aggron|1\n|-damage|p1b: Aggron|39/100\n|move|p2b: Goodra|Life Dew||[still]|[spread] p2a,p2b\n|-heal|p2a: Chesnaught|100/100 brn\n|-fail|p2b: Goodra|heal\n|move|p1b: Aggron|Body Press|p2b: Goodra\n|-supereffective|p2b: Goodra|1\n|-damage|p2b: Goodra|0 fnt\n|faint|p2b: Goodra\n|\n|-weather|RainDance|[upkeep]\n|-heal|p1a: Sinistcha|72/100|[from] item: Leftovers\n|-damage|p2a: Chesnaught|94/100 brn|[from] brn\n|upkeep\n|\n|t:|1776272893\n|switch|p2b: Cofagrigus|Cofagrigus, L50, F|100/100\n|turn|5\n|inactive|Battle timer is ON: inactive players will automatically lose when time's up. (requested by Kodora)\n|\n|t:|1776272913\n|move|p2a: Chesnaught|Spiky Shield|p2a: Chesnaught\n|-singleturn|p2a: Chesnaught|move: Protect\n|move|p1b: Aggron|Protect|p1b: Aggron\n|-singleturn|p1b: Aggron|Protect\n|move|p2b: Cofagrigus|Shadow Ball|p1a: Sinistcha\n|-supereffective|p1a: Sinistcha|1\n|-damage|p1a: Sinistcha|7/100\n|move|p1a: Sinistcha|Strength Sap|p2a: Chesnaught\n|-activate|p2a: Chesnaught|move: Protect\n|\n|-weather|none\n|-heal|p1a: Sinistcha|13/100|[from] item: Leftovers\n|-damage|p2a: Chesnaught|88/100 brn|[from] brn\n|-sideend|p1: Kodora|move: Tailwind\n|upkeep\n|turn|6\n|\n|t:|1776272933\n|move|p2b: Cofagrigus|Shadow Ball|p1a: Sinistcha\n|-supereffective|p1a: Sinistcha|1\n|-damage|p1a: Sinistcha|0 fnt\n|faint|p1a: Sinistcha\n|move|p2a: Chesnaught|Body Press|p1b: Aggron\n|-supereffective|p1b: Aggron|1\n|-damage|p1b: Aggron|30/100\n|move|p1b: Aggron|Body Press|p2a: Chesnaught|[miss]\n|-miss|p1b: Aggron|p2a: Chesnaught\n|\n|-damage|p2a: Chesnaught|82/100 brn|[from] brn\n|-fieldend|move: Trick Room\n|upkeep\n|\n|t:|1776272936\n|switch|p1a: Basculegion|Basculegion, L50, M|100/100\n|turn|7\n|\n|t:|1776272949\n|move|p1a: Basculegion|Last Respects|p2b: Cofagrigus\n|-supereffective|p2b: Cofagrigus|1\n|-damage|p2b: Cofagrigus|0 fnt\n|faint|p2b: Cofagrigus\n|move|p1b: Aggron|Iron Defense|p1b: Aggron\n|-boost|p1b: Aggron|def|2\n|move|p2a: Chesnaught|Seed Bomb|p1a: Basculegion\n|-supereffective|p1a: Basculegion|1\n|-damage|p1a: Basculegion|55/100\n|\n|-damage|p2a: Chesnaught|76/100 brn|[from] brn\n|upkeep\n|\n|t:|1776272959\n|switch|p2b: Farigiraf|Farigiraf, L50, F|60/100\n|turn|8\n|\n|t:|1776272976\n|move|p2a: Chesnaught|Spiky Shield|p2a: Chesnaught\n|-singleturn|p2a: Chesnaught|move: Protect\n|move|p1a: Basculegion|Last Respects|p2a: Chesnaught\n|-activate|p2a: Chesnaught|move: Protect\n|move|p2b: Farigiraf|Thunderbolt|p1a: Basculegion\n|-supereffective|p1a: Basculegion|1\n|-damage|p1a: Basculegion|0 fnt\n|faint|p1a: Basculegion\n|move|p1b: Aggron|Body Press|p2b: Farigiraf|[miss]\n|-miss|p1b: Aggron|p2b: Farigiraf\n|\n|-damage|p2a: Chesnaught|70/100 brn|[from] brn\n|upkeep\n|turn|9\n|\n|t:|1776272996\n|move|p2b: Farigiraf|Thunderbolt|p1b: Aggron\n|-damage|p1b: Aggron|0 fnt\n|faint|p1b: Aggron\n|\n|win|the_sawzie\n|raw|Kodora's rating: 1008 &rarr; <strong>1000</strong><br />(-8 for losing)\n|raw|the_sawzie's rating: 1015 &rarr; <strong>1052</strong><br />(+37 for winning)\n|l|\u2606Kodora\n|player|p1|\n",
  "uploadtime": 1776273001,
  "views": 18,
  "formatid": "gen9championsvgc2026regma",
  "rating": 1000,
  "private": 0,
  "password": null
}