{
  "id": "gen9championsvgc2026regma-2580687395",
  "format": "[Gen 9 Champions] VGC 2026 Reg M-A",
  "players": [
    "bosstyrenm",
    "TheGynoZz"
  ],
  "log": "|j|\u2606bosstyrenm\n|j|\u2606TheGynoZz\n|t:|1775924313\n|gametype|doubles\n|player|p1|bosstyrenm|102|1040\n|player|p2|TheGynoZz|266|1039\n|gen|9\n|tier|[Gen 9 Champions] VGC 2026 Reg M-A\n|rated|\n|rule|Species Clause: Limit one of each Pok\u00e9mon\n|rule|Item Clause: Limit 1 of each item\n|clearpoke\n|poke|p1|Froslass, L50, F|\n|poke|p1|Incineroar, L50, M|\n|poke|p1|Farigiraf, L50, M|\n|poke|p1|Sneasler, L50, M|\n|poke|p1|Garchomp, L50, F|\n|poke|p1|Kingambit, L50, M|\n|poke|p2|Floette-Eternal, L50, F|\n|poke|p2|Incineroar, L50, F|\n|poke|p2|Sinistcha, L50|\n|poke|p2|Rotom-Wash, L50|\n|poke|p2|Corviknight, L50, M|\n|poke|p2|Sneasler, L50, F|\n|teampreview|4\n|\n|t:|1775924335\n|teamsize|p1|4\n|teamsize|p2|4\n|start\n|switch|p1a: Froslass|Froslass, L50, F|100/100\n|switch|p1b: Sneasler|Sneasler, L50, M|100/100\n|switch|p2a: Sneasler|Sneasler, L50, F|100/100\n|switch|p2b: Floette|Floette-Eternal, L50, F|100/100\n|turn|1\n|\n|t:|1775924355\n|switch|p2a: Incineroar|Incineroar, L50, F|100/100\n|-ability|p2a: Incineroar|Intimidate|boost\n|-unboost|p1a: Froslass|atk|1\n|-unboost|p1b: Sneasler|atk|1\n|-enditem|p1b: Sneasler|White Herb\n|-clearnegativeboost|p1b: Sneasler|[silent]\n|detailschange|p1a: Froslass|Froslass-Mega, L50, F\n|-mega|p1a: Froslass|Froslass|Froslassite\n|-weather|Snowscape|[from] ability: Snow Warning|[of] p1a: Froslass\n|detailschange|p2b: Floette|Floette-Mega, L50, F\n|-mega|p2b: Floette|Floette|Floettite\n|-ability|p2b: Floette|Fairy Aura\n|move|p2b: Floette|Protect|p2b: Floette\n|-singleturn|p2b: Floette|Protect\n|move|p1b: Sneasler|Gunk Shot|p2b: Floette\n|-activate|p2b: Floette|move: Protect\n|move|p1a: Froslass|Blizzard|p2a: Incineroar|[spread] p2a\n|-activate|p2b: Floette|move: Protect\n|-resisted|p2a: Incineroar|1\n|-crit|p2a: Incineroar\n|-damage|p2a: Incineroar|72/100\n|\n|-weather|Snowscape|[upkeep]\n|upkeep\n|turn|2\n|\n|t:|1775924388\n|switch|p2b: Sneasler|Sneasler, L50, F|100/100\n|switch|p2a: Sinistcha|Sinistcha, L50|100/100\n|move|p1a: Froslass|Protect|p1a: Froslass\n|-singleturn|p1a: Froslass|Protect\n|move|p1b: Sneasler|Gunk Shot|p2b: Sneasler|[miss]\n|-miss|p1b: Sneasler|p2b: Sneasler\n|\n|-weather|Snowscape|[upkeep]\n|upkeep\n|turn|3\n|\n|t:|1775924420\n|switch|p1b: Incineroar|Incineroar, L50, M|100/100\n|-ability|p1b: Incineroar|Intimidate|boost\n|-unboost|p2a: Sinistcha|atk|1\n|-unboost|p2b: Sneasler|atk|1\n|-enditem|p2b: Sneasler|White Herb\n|-clearnegativeboost|p2b: Sneasler|[silent]\n|switch|p2a: Incineroar|Incineroar, L50, F|72/100\n|-ability|p2a: Incineroar|Intimidate|boost\n|-unboost|p1a: Froslass|atk|1\n|-unboost|p1b: Incineroar|atk|1\n|move|p2b: Sneasler|Dire Claw|p1a: Froslass\n|-resisted|p1a: Froslass|1\n|-damage|p1a: Froslass|78/100\n|-status|p1a: Froslass|slp\n|cant|p1a: Froslass|slp\n|\n|-weather|Snowscape|[upkeep]\n|upkeep\n|turn|4\n|\n|t:|1775924448\n|switch|p1a: Garchomp|Garchomp, L50, F|100/100\n|move|p1b: Incineroar|Fake Out|p2b: Sneasler\n|-damage|p2b: Sneasler|88/100\n|cant|p2b: Sneasler|flinch\n|move|p2a: Incineroar|Flare Blitz|p1a: Garchomp\n|-resisted|p1a: Garchomp|1\n|-crit|p1a: Garchomp\n|-damage|p1a: Garchomp|67/100\n|-damage|p2a: Incineroar|59/100|[from] ability: Rough Skin|[of] p1a: Garchomp\n|-damage|p2a: Incineroar|49/100|[from] Recoil\n|\n|-weather|Snowscape|[upkeep]\n|upkeep\n|turn|5\n|\n|t:|1775924475\n|switch|p2b: Sinistcha|Sinistcha, L50|100/100\n|-heal|p2a: Incineroar|74/100|[from] ability: Hospitality|[of] p2b: Sinistcha\n|move|p1a: Garchomp|Stomping Tantrum|p2a: Incineroar\n|-supereffective|p2a: Incineroar|1\n|-damage|p2a: Incineroar|2/100\n|move|p2a: Incineroar|Parting Shot|p1a: Garchomp\n|-unboost|p1a: Garchomp|atk|1\n|-unboost|p1a: Garchomp|spa|1\n|\n|t:|1775924486\n|switch|p2a: Floette|Floette-Mega, L50, F|100/100|[from] Parting Shot\n|-ability|p2a: Floette|Fairy Aura\n|move|p1b: Incineroar|Parting Shot|p2b: Sinistcha\n|-unboost|p2b: Sinistcha|atk|1\n|-unboost|p2b: Sinistcha|spa|1\n|\n|t:|1775924492\n|switch|p1b: Sneasler|Sneasler, L50, M|100/100|[from] Parting Shot\n|\n|-weather|none\n|upkeep\n|turn|6\n|\n|t:|1775924521\n|switch|p1a: Froslass|Froslass-Mega, L50, F|78/100 slp\n|-weather|Snowscape|[from] ability: Snow Warning|[of] p1a: Froslass\n|switch|p2a: Sneasler|Sneasler, L50, F|88/100\n|switch|p2b: Incineroar|Incineroar, L50, F|2/100\n|-ability|p2b: Incineroar|Intimidate|boost\n|-unboost|p1a: Froslass|atk|1\n|-unboost|p1b: Sneasler|atk|1\n|move|p1b: Sneasler|Gunk Shot|p2a: Sneasler\n|-resisted|p2a: Sneasler|1\n|-damage|p2a: Sneasler|52/100\n|\n|-weather|Snowscape|[upkeep]\n|upkeep\n|turn|7\n|\n|t:|1775924549\n|move|p2a: Sneasler|Fake Out|p1b: Sneasler\n|-damage|p1b: Sneasler|76/100\n|cant|p1a: Froslass|slp\n|cant|p1b: Sneasler|flinch\n|move|p2b: Incineroar|Parting Shot|p1a: Froslass\n|-unboost|p1a: Froslass|atk|1\n|-unboost|p1a: Froslass|spa|1\n|\n|t:|1775924560\n|switch|p2b: Floette|Floette-Mega, L50, F|100/100|[from] Parting Shot\n|-ability|p2b: Floette|Fairy Aura\n|\n|-weather|Snowscape|[upkeep]\n|upkeep\n|turn|8\n|\n|t:|1775924572\n|switch|p2a: Sinistcha|Sinistcha, L50|100/100\n|move|p2b: Floette|Protect|p2b: Floette\n|-singleturn|p2b: Floette|Protect\n|-curestatus|p1a: Froslass|slp|[msg]\n|move|p1a: Froslass|Blizzard|p2b: Floette|[spread] p2a\n|-activate|p2b: Floette|move: Protect\n|-supereffective|p2a: Sinistcha|1\n|-damage|p2a: Sinistcha|35/100\n|-enditem|p2a: Sinistcha|Sitrus Berry|[eat]\n|-heal|p2a: Sinistcha|60/100|[from] item: Sitrus Berry\n|move|p1b: Sneasler|Gunk Shot|p2b: Floette\n|-activate|p2b: Floette|move: Protect\n|\n|-weather|Snowscape|[upkeep]\n|upkeep\n|turn|9\n|\n|t:|1775924601\n|move|p2a: Sinistcha|Rage Powder|p2a: Sinistcha\n|-singleturn|p2a: Sinistcha|move: Rage Powder\n|move|p1a: Froslass|Blizzard|p2b: Floette|[spread] p2a,p2b\n|-supereffective|p2a: Sinistcha|1\n|-damage|p2a: Sinistcha|0 fnt\n|-damage|p2b: Floette|76/100\n|faint|p2a: Sinistcha\n|move|p1b: Sneasler|Gunk Shot|p2b: Floette|[miss]\n|-miss|p1b: Sneasler|p2b: Floette\n|move|p2b: Floette|Calm Mind|p2b: Floette\n|-boost|p2b: Floette|spa|1\n|-boost|p2b: Floette|spd|1\n|\n|-weather|Snowscape|[upkeep]\n|upkeep\n|\n|t:|1775924614\n|switch|p2a: Sneasler|Sneasler, L50, F|52/100\n|turn|10\n|\n|t:|1775924628\n|move|p1a: Froslass|Protect|p1a: Froslass\n|-singleturn|p1a: Froslass|Protect\n|move|p1b: Sneasler|Protect|p1b: Sneasler\n|-singleturn|p1b: Sneasler|Protect\n|move|p2a: Sneasler|Fake Out|p1b: Sneasler\n|-activate|p1b: Sneasler|move: Protect\n|move|p2b: Floette|Draining Kiss|p1a: Froslass\n|-activate|p1a: Froslass|move: Protect\n|\n|-weather|none\n|upkeep\n|turn|11\n|\n|t:|1775924646\n|switch|p1a: Incineroar|Incineroar, L50, M|100/100\n|-ability|p1a: Incineroar|Intimidate|boost\n|-unboost|p2a: Sneasler|atk|1\n|-unboost|p2b: Floette|atk|1\n|switch|p2a: Incineroar|Incineroar, L50, F|2/100\n|-ability|p2a: Incineroar|Intimidate|boost\n|-unboost|p1a: Incineroar|atk|1\n|-unboost|p1b: Sneasler|atk|1\n|move|p2b: Floette|Protect|p2b: Floette\n|-singleturn|p2b: Floette|Protect\n|move|p1b: Sneasler|Gunk Shot|p2b: Floette\n|-activate|p2b: Floette|move: Protect\n|\n|upkeep\n|turn|12\n|\n|t:|1775924684\n|switch|p1b: Garchomp|Garchomp, L50, F|67/100\n|move|p2a: Incineroar|Fake Out|p1b: Garchomp\n|-damage|p1b: Garchomp|57/100\n|-damage|p2a: Incineroar|0 fnt|[from] ability: Rough Skin|[of] p1b: Garchomp\n|faint|p2a: Incineroar\n|move|p1a: Incineroar|Fake Out|p2b: Floette\n|-damage|p2b: Floette|68/100\n|cant|p2b: Floette|flinch\n|\n|upkeep\n|\n|t:|1775924693\n|switch|p2a: Sneasler|Sneasler, L50, F|52/100\n|turn|13\n|\n|t:|1775924706\n|move|p1b: Garchomp|Earthquake|p2b: Floette|[spread] p1a,p2a,p2b\n|-supereffective|p1a: Incineroar|1\n|-supereffective|p2a: Sneasler|1\n|-damage|p1a: Incineroar|28/100\n|-damage|p2a: Sneasler|0 fnt\n|-damage|p2b: Floette|23/100\n|-enditem|p1a: Incineroar|Sitrus Berry|[eat]\n|-heal|p1a: Incineroar|53/100|[from] item: Sitrus Berry\n|faint|p2a: Sneasler\n|move|p2b: Floette|Draining Kiss|p1b: Garchomp\n|-supereffective|p1b: Garchomp|1\n|-damage|p1b: Garchomp|0 fnt\n|-heal|p2b: Floette|71/100|[from] drain|[of] p1b: Garchomp\n|-damage|p2b: Floette|59/100|[from] ability: Rough Skin|[of] p1b: Garchomp\n|faint|p1b: Garchomp\n|move|p1a: Incineroar|Flare Blitz|p2b: Floette\n|-damage|p2b: Floette|26/100\n|-damage|p1a: Incineroar|45/100|[from] Recoil\n|\n|upkeep\n|\n|t:|1775924715\n|switch|p1b: Sneasler|Sneasler, L50, M|76/100\n|turn|14\n|\n|t:|1775924724\n|move|p2b: Floette|Protect|p2b: Floette\n|-singleturn|p2b: Floette|Protect\n|move|p1b: Sneasler|Fake Out|p2b: Floette\n|-activate|p2b: Floette|move: Protect\n|move|p1a: Incineroar|Flare Blitz|p2b: Floette\n|-activate|p2b: Floette|move: Protect\n|\n|upkeep\n|turn|15\n|\n|t:|1775924742\n|move|p1b: Sneasler|Gunk Shot|p2b: Floette\n|-supereffective|p2b: Floette|1\n|-damage|p2b: Floette|0 fnt\n|faint|p2b: Floette\n|\n|win|bosstyrenm\n|raw|bosstyrenm's rating: 1040 &rarr; <strong>1074</strong><br />(+34 for winning)\n|raw|TheGynoZz's rating: 1039 &rarr; <strong>1023</strong><br />(-16 for losing)\n",
  "uploadtime": 1775924886,
  "views": 12,
  "formatid": "gen9championsvgc2026regma",
  "rating": 1023,
  "private": 0,
  "password": null
}