{
  "id": "gen9championsvgc2026regma-2584213805",
  "format": "[Gen 9 Champions] VGC 2026 Reg M-A",
  "players": [
    "fireapething",
    "Guiding Quem"
  ],
  "log": "|j|\u2606fireapething\n|j|\u2606Guiding Quem\n|t:|1776239013\n|gametype|doubles\n|player|p1|fireapething|266|1339\n|player|p2|Guiding Quem|cynthia-masters4|1411\n|gen|9\n|tier|[Gen 9 Champions] VGC 2026 Reg M-A\n|rated|\n|rule|Species Clause: Limit one of each Pok\u00e9mon\n|rule|Item Clause: Limit 1 of each item\n|clearpoke\n|poke|p1|Vivillon, L50, M|\n|poke|p1|Skarmory, L50, F|\n|poke|p1|Garchomp, L50, M|\n|poke|p1|Rotom-Wash, L50|\n|poke|p1|Chesnaught, L50, F|\n|poke|p1|Incineroar, L50, M|\n|poke|p2|Floette-Eternal, L50, F|\n|poke|p2|Maushold, L50|\n|poke|p2|Garchomp, L50, F|\n|poke|p2|Talonflame, L50, M|\n|poke|p2|Rotom-Wash, L50|\n|poke|p2|Aegislash, L50, M|\n|teampreview|4\n|\n|t:|1776239046\n|teamsize|p1|4\n|teamsize|p2|4\n|start\n|switch|p1a: Skarmory|Skarmory, L50, F|100/100\n|switch|p1b: Rotom|Rotom-Wash, L50|100/100\n|switch|p2a: Rotom|Rotom-Wash, L50, shiny|100/100\n|switch|p2b: Garchomp|Garchomp, L50, F, shiny|100/100\n|turn|1\n|\n|t:|1776239065\n|switch|p1a: Garchomp|Garchomp, L50, M|100/100\n|move|p1b: Rotom|Volt Switch|p2a: Rotom\n|-damage|p2a: Rotom|62/100\n|\n|t:|1776239070\n|switch|p1b: Incineroar|Incineroar, L50, M|100/100|[from] Volt Switch\n|-ability|p1b: Incineroar|Intimidate|boost\n|-unboost|p2a: Rotom|atk|1\n|-unboost|p2b: Garchomp|atk|1\n|move|p2b: Garchomp|Stone Edge|p1b: Incineroar\n|-supereffective|p1b: Incineroar|1\n|-damage|p1b: Incineroar|60/100\n|move|p2a: Rotom|Volt Switch|p1a: Garchomp\n|-immune|p1a: Garchomp\n|\n|upkeep\n|turn|2\n|\n|t:|1776239083\n|switch|p1b: Skarmory|Skarmory, L50, F|100/100\n|move|p1a: Garchomp|Earthquake|p2a: Rotom|[spread] p2b\n|-immune|p1b: Skarmory\n|-immune|p2a: Rotom|[from] ability: Levitate\n|-damage|p2b: Garchomp|57/100\n|move|p2b: Garchomp|Earthquake|p1a: Garchomp|[spread] p1a\n|-immune|p2a: Rotom|[from] ability: Levitate\n|-immune|p1b: Skarmory\n|-damage|p1a: Garchomp|68/100\n|move|p2a: Rotom|Hydro Pump|p1b: Skarmory\n|-damage|p1b: Skarmory|8/100\n|\n|upkeep\n|turn|3\n|\n|t:|1776239106\n|detailschange|p1b: Skarmory|Skarmory-Mega, L50, F\n|-mega|p1b: Skarmory|Skarmory|Skarmorite\n|move|p1b: Skarmory|Brave Bird|p2b: Garchomp\n|-damage|p2b: Garchomp|0 fnt\n|-damage|p1b: Skarmory|0 fnt|[from] ability: Rough Skin|[of] p2b: Garchomp\n|faint|p2b: Garchomp\n|faint|p1b: Skarmory\n|move|p1a: Garchomp|Rock Slide|p2a: Rotom\n|-damage|p2a: Rotom|32/100\n|-enditem|p2a: Rotom|Sitrus Berry|[eat]\n|-heal|p2a: Rotom|57/100|[from] item: Sitrus Berry\n|move|p2a: Rotom|Volt Switch|p1a: Garchomp\n|-immune|p1a: Garchomp\n|\n|upkeep\n|\n|t:|1776239118\n|switch|p1b: Incineroar|Incineroar, L50, M|60/100\n|switch|p2b: Floette|Floette-Eternal, L50, F|100/100\n|-ability|p1b: Incineroar|Intimidate|boost\n|-unboost|p2a: Rotom|atk|1\n|-unboost|p2b: Floette|atk|1\n|turn|4\n|\n|t:|1776239128\n|detailschange|p2b: Floette|Floette-Mega, L50, F\n|-mega|p2b: Floette|Floette|Floettite\n|-ability|p2b: Floette|Fairy Aura\n|move|p2b: Floette|Protect|p2b: Floette\n|-singleturn|p2b: Floette|Protect\n|move|p1b: Incineroar|Fake Out|p2a: Rotom\n|-damage|p2a: Rotom|44/100\n|move|p1a: Garchomp|Rock Slide|p2a: Rotom|[spread] p2a\n|-activate|p2b: Floette|move: Protect\n|-crit|p2a: Rotom\n|-damage|p2a: Rotom|11/100\n|cant|p2a: Rotom|flinch\n|\n|upkeep\n|turn|5\n|\n|t:|1776239142\n|move|p1a: Garchomp|Rock Slide|p2a: Rotom|[spread] p2a\n|-miss|p1a: Garchomp|p2b: Floette\n|-damage|p2a: Rotom|0 fnt\n|faint|p2a: Rotom\n|move|p2b: Floette|Dazzling Gleam|p1b: Incineroar|[spread] p1a,p1b\n|-supereffective|p1a: Garchomp|1\n|-damage|p1a: Garchomp|0 fnt\n|-damage|p1b: Incineroar|20/100\n|-enditem|p1b: Incineroar|Sitrus Berry|[eat]\n|-heal|p1b: Incineroar|45/100|[from] item: Sitrus Berry\n|faint|p1a: Garchomp\n|move|p1b: Incineroar|Flare Blitz|p2b: Floette\n|-damage|p2b: Floette|47/100\n|-damage|p1b: Incineroar|29/100|[from] Recoil\n|\n|upkeep\n|\n|t:|1776239153\n|switch|p1a: Rotom|Rotom-Wash, L50|100/100\n|switch|p2a: Talonflame|Talonflame, L50, M, shiny|100/100\n|turn|6\n|\n|t:|1776239170\n|move|p1a: Rotom|Electroweb|p2a: Talonflame|[spread] p2a,p2b\n|-supereffective|p2a: Talonflame|1\n|-crit|p2b: Floette\n|-damage|p2a: Talonflame|46/100\n|-damage|p2b: Floette|26/100\n|-unboost|p2a: Talonflame|spe|1\n|-unboost|p2b: Floette|spe|1\n|move|p2a: Talonflame|Flare Blitz|p1a: Rotom\n|-resisted|p1a: Rotom|1\n|-damage|p1a: Rotom|68/100\n|-damage|p2a: Talonflame|37/100|[from] Recoil\n|move|p1b: Incineroar|Flare Blitz|p2b: Floette\n|-damage|p2b: Floette|0 fnt\n|faint|p2b: Floette\n|-damage|p1b: Incineroar|21/100|[from] Recoil\n|\n|upkeep\n|turn|7\n|l|\u2606Guiding Quem\n|player|p2|\n|inactive|Battle timer is ON: inactive players will automatically lose when time's up. (requested by fireapething)\n|inactive|Guiding Quem has 30 seconds to reconnect!\n|inactive|Guiding Quem has 20 seconds to reconnect!\n|inactive|Guiding Quem has 15 seconds to reconnect!\n|inactive|Guiding Quem has 10 seconds to reconnect!\n|inactive|Guiding Quem has 5 seconds to reconnect!\n|-message|Guiding Quem lost due to inactivity.\n|\n|win|fireapething\n|raw|fireapething's rating: 1339 &rarr; <strong>1363</strong><br />(+24 for winning)\n|raw|Guiding Quem's rating: 1411 &rarr; <strong>1387</strong><br />(-24 for losing)\n",
  "uploadtime": 1776239302,
  "views": 42,
  "formatid": "gen9championsvgc2026regma",
  "rating": 1363,
  "private": 0,
  "password": null
}