{
  "id": "gen9championsvgc2026regma-2583056442",
  "format": "[Gen 9 Champions] VGC 2026 Reg M-A",
  "players": [
    "Froth OClock",
    "Sprite T"
  ],
  "log": "|j|\u2606Froth OClock\n|j|\u2606Sprite T\n|t:|1776137311\n|gametype|doubles\n|player|p1|Froth OClock|crasherwake|1495\n|player|p2|Sprite T|1|1582\n|gen|9\n|tier|[Gen 9 Champions] VGC 2026 Reg M-A\n|rated|\n|rule|Species Clause: Limit one of each Pok\u00e9mon\n|rule|Item Clause: Limit 1 of each item\n|clearpoke\n|poke|p1|Delphox, L50, F|\n|poke|p1|Garchomp, L50, F|\n|poke|p1|Primarina, L50, F|\n|poke|p1|Sneasler, L50, M|\n|poke|p1|Ninetales-Alola, L50, M|\n|poke|p1|Dragonite, L50, M|\n|poke|p2|Gengar, L50, F|\n|poke|p2|Incineroar, L50, M|\n|poke|p2|Blastoise, L50, F|\n|poke|p2|Sinistcha, L50|\n|poke|p2|Drampa, L50, M|\n|poke|p2|Kommo-o, L50, F|\n|teampreview|4\n|inactive|Battle timer is ON: inactive players will automatically lose when time's up. (requested by Sprite T)\nSprite T has agreed to open team sheets.\n|inactive|Froth OClock has 60 seconds left.\n|\n|t:|1776137361\n|teamsize|p1|4\n|teamsize|p2|4\n|start\n|switch|p1a: The Sneas|Sneasler, L50, M|100/100\n|switch|p1b: The Phox|Delphox, L50, F|100/100\n|switch|p2a: Gengar|Gengar, L50, F, shiny|100/100\n|switch|p2b: Blastoise|Blastoise, L50, F|100/100\n|turn|1\n|inactive|Froth OClock has 30 seconds left.\n|j| Rainbow Chrome\n|inactive|Froth OClock has 20 seconds left.\n|\n|t:|1776137404\n|switch|p1b: The Prim|Primarina, L50, F|100/100\n|detailschange|p2a: Gengar|Gengar-Mega, L50, F, shiny\n|-mega|p2a: Gengar|Gengar|Gengarite\n|move|p2a: Gengar|Protect|p2a: Gengar\n|-singleturn|p2a: Gengar|Protect\n|move|p2b: Blastoise|Protect|p2b: Blastoise\n|-singleturn|p2b: Blastoise|Protect\n|move|p1a: The Sneas|Fake Out|p2b: Blastoise\n|-activate|p2b: Blastoise|move: Protect\n|\n|upkeep\n|turn|2\n|j| tsetse\n|\n|t:|1776137423\n|move|p2a: Gengar|Sludge Bomb|p1b: The Prim\n|-supereffective|p1b: The Prim|1\n|-damage|p1b: The Prim|20/100\n|move|p1a: The Sneas|Dire Claw|p2a: Gengar\n|-resisted|p2a: Gengar|2\n|-damage|p2a: Gengar|86/100\n|move|p2b: Blastoise|Flip Turn|p1b: The Prim\n|-resisted|p1b: The Prim|1\n|-damage|p1b: The Prim|10/100\n|\n|t:|1776137434\n|switch|p2b: Sinistcha|Sinistcha, L50|100/100|[from] Flip Turn\n|-heal|p2a: Gengar|100/100|[from] ability: Hospitality|[of] p2b: Sinistcha\n|move|p1b: The Prim|Calm Mind|p1b: The Prim\n|-boost|p1b: The Prim|spa|1\n|-boost|p1b: The Prim|spd|1\n|\n|-heal|p1b: The Prim|15/100|[from] item: Leftovers\n|upkeep\n|turn|3\n|\n|t:|1776137454\n|move|p2a: Gengar|Shadow Ball|p1a: The Sneas\n|-damage|p1a: The Sneas|44/100\n|move|p1a: The Sneas|Dire Claw|p2b: Sinistcha\n|-damage|p2b: Sinistcha|64/100\n|move|p2b: Sinistcha|Matcha Gotcha|p1b: The Prim|[spread] p1a\n|-miss|p2b: Sinistcha|p1b: The Prim\n|-resisted|p1a: The Sneas|1\n|-damage|p1a: The Sneas|29/100\n|-heal|p2b: Sinistcha|72/100|[from] drain|[of] p1a: The Sneas\n|move|p1b: The Prim|Hyper Voice|p2a: Gengar|[spread] p2a,p2b\n|-resisted|p2b: Sinistcha|1\n|-damage|p2a: Gengar|50/100\n|-damage|p2b: Sinistcha|50/100\n|\n|-heal|p1b: The Prim|21/100|[from] item: Leftovers\n|upkeep\n|turn|4\n|\n|t:|1776137474\n|move|p1b: The Prim|Protect|p1b: The Prim\n|-singleturn|p1b: The Prim|Protect\n|move|p2a: Gengar|Sludge Bomb|p1b: The Prim\n|-activate|p1b: The Prim|move: Protect\n|move|p1a: The Sneas|Dire Claw|p2b: Sinistcha\n|-damage|p2b: Sinistcha|16/100\n|move|p2b: Sinistcha|Life Dew|p2b: Sinistcha|[spread] p2a,p2b\n|-heal|p2a: Gengar|75/100\n|-heal|p2b: Sinistcha|41/100\n|\n|-heal|p1b: The Prim|27/100|[from] item: Leftovers\n|upkeep\n|turn|5\n|j| sorzee\n|l| sorzee\n|j| sorzee\n|\n|t:|1776137494\n|move|p1b: The Prim|Protect||[still]\n|-fail|p1b: The Prim\n|move|p2a: Gengar|Shadow Ball|p1a: The Sneas\n|-damage|p1a: The Sneas|0 fnt\n|faint|p1a: The Sneas\n|move|p2b: Sinistcha|Matcha Gotcha|p1b: The Prim\n|-supereffective|p1b: The Prim|1\n|-damage|p1b: The Prim|0 fnt\n|-heal|p2b: Sinistcha|55/100|[from] drain|[of] p1b: The Prim\n|faint|p1b: The Prim\n|\n|upkeep\n|\n|t:|1776137500\n|switch|p1a: The Phox|Delphox, L50, F|100/100\n|switch|p1b: The Nite|Dragonite, L50, M|100/100\n|turn|6\n|\n|t:|1776137516\n|switch|p2b: Incineroar|Incineroar, L50, M|100/100\n|-ability|p2b: Incineroar|Intimidate|boost\n|-unboost|p1a: The Phox|atk|1\n|-fail|p1b: The Nite|unboost|Attack|[from] ability: Inner Focus|[of] p1b: The Nite\n|move|p2a: Gengar|Protect|p2a: Gengar\n|-singleturn|p2a: Gengar|Protect\n|move|p1a: The Phox|Protect|p1a: The Phox\n|-singleturn|p1a: The Phox|Protect\n|move|p1b: The Nite|Tailwind|p1b: The Nite\n|-sidestart|p1: Froth OClock|move: Tailwind\n|\n|upkeep\n|turn|7\n|\n|t:|1776137539\n|switch|p2a: Sinistcha|Sinistcha, L50|55/100\n|detailschange|p1a: The Phox|Delphox-Mega, L50, F\n|-mega|p1a: The Phox|Delphox|Delphoxite\n|move|p1a: The Phox|Protect||[still]\n|-fail|p1a: The Phox\n|move|p1b: The Nite|Dragon Claw|p2a: Sinistcha\n|-damage|p2a: Sinistcha|18/100\n|move|p2b: Incineroar|Parting Shot|p1b: The Nite\n|-unboost|p1b: The Nite|atk|1\n|-unboost|p1b: The Nite|spa|1\n|\n|t:|1776137544\n|switch|p2b: Blastoise|Blastoise, L50, F|100/100|[from] Parting Shot\n|\n|upkeep\n|turn|8\n|\n|t:|1776137562\n|move|p1a: The Phox|Protect|p1a: The Phox\n|-singleturn|p1a: The Phox|Protect\n|move|p2a: Sinistcha|Rage Powder|p2a: Sinistcha\n|-singleturn|p2a: Sinistcha|move: Rage Powder\n|move|p1b: The Nite|Dragon Claw|p2a: Sinistcha\n|-damage|p2a: Sinistcha|0 fnt\n|faint|p2a: Sinistcha\n|move|p2b: Blastoise|Wave Crash|p1a: The Phox\n|-activate|p1a: The Phox|move: Protect\n|\n|upkeep\n|\n|t:|1776137564\n|switch|p2a: Gengar|Gengar-Mega, L50, F, shiny|75/100\n|turn|9\n|\n|t:|1776137581\n|switch|p2a: Incineroar|Incineroar, L50, M|100/100\n|-ability|p2a: Incineroar|Intimidate|boost\n|-unboost|p1a: The Phox|atk|1\n|-fail|p1b: The Nite|unboost|Attack|[from] ability: Inner Focus|[of] p1b: The Nite\n|move|p1a: The Phox|Psychic|p2b: Blastoise\n|-damage|p2b: Blastoise|54/100\n|move|p1b: The Nite|Dragon Claw|p2b: Blastoise\n|-damage|p2b: Blastoise|28/100\n|move|p2b: Blastoise|Wave Crash|p1a: The Phox\n|-supereffective|p1a: The Phox|1\n|-damage|p1a: The Phox|0 fnt\n|faint|p1a: The Phox\n|-damage|p2b: Blastoise|1/100|[from] Recoil\n|\n|-sideend|p1: Froth OClock|move: Tailwind\n|upkeep\n|turn|10\n|\n|t:|1776137595\n|switch|p2b: Gengar|Gengar-Mega, L50, F, shiny|75/100\n|move|p1b: The Nite|Protect|p1b: The Nite\n|-singleturn|p1b: The Nite|Protect\n|move|p2a: Incineroar|Parting Shot|p1b: The Nite\n|-activate|p1b: The Nite|move: Protect\n|\n|upkeep\n|turn|11\n|-message|Froth OClock forfeited.\n|\n|win|Sprite T\n|raw|Froth OClock's rating: 1495 &rarr; <strong>1480</strong><br />(-15 for losing)\n|raw|Sprite T's rating: 1582 &rarr; <strong>1597</strong><br />(+15 for winning)\n|l|\u2606Froth OClock\n|player|p1|\n|l|\u2606Sprite T\n|player|p2|\n|l| tsetse\n",
  "uploadtime": 1776137682,
  "views": 72,
  "formatid": "gen9championsvgc2026regma",
  "rating": 1480,
  "private": 0,
  "password": null
}