{
  "id": "gen9championsvgc2026regma-2585035456",
  "format": "[Gen 9 Champions] VGC 2026 Reg M-A",
  "players": [
    "BettyWhipe",
    "coberdt"
  ],
  "log": "|j|\u2606BettyWhipe\n|j|\u2606coberdt\n|t:|1776305401\n|gametype|doubles\n|player|p1|BettyWhipe|chuck|1157\n|player|p2|coberdt|lebanne|1199\n|gen|9\n|tier|[Gen 9 Champions] VGC 2026 Reg M-A\n|rated|\n|rule|Species Clause: Limit one of each Pok\u00e9mon\n|rule|Item Clause: Limit 1 of each item\n|clearpoke\n|poke|p1|Sneasler, L50, F|\n|poke|p1|Delphox, L50, F|\n|poke|p1|Milotic, L50, M|\n|poke|p1|Heracross, L50, F|\n|poke|p1|Corviknight, L50, M|\n|poke|p1|Ninetales-Alola, L50, F|\n|poke|p2|Pelipper, L50, F|\n|poke|p2|Archaludon, L50, M|\n|poke|p2|Incineroar, L50, M|\n|poke|p2|Sinistcha, L50|\n|poke|p2|Palafin, L50, M|\n|poke|p2|Gengar, L50, M|\n|teampreview|4\n|inactive|Battle timer is ON: inactive players will automatically lose when time's up. (requested by BettyWhipe)\ncoberdt has agreed to open team sheets.\n|inactive|coberdt has 60 seconds left.\n|\n|t:|1776305435\n|teamsize|p1|4\n|teamsize|p2|4\n|start\n|switch|p1a: Corviknight|Corviknight, L50, M|100/100\n|switch|p1b: Milotic|Milotic, L50, M|100/100\n|switch|p2a: Palafin|Palafin, L50, M|100/100\n|switch|p2b: Archaludon|Archaludon, L50, M|100/100\n|turn|1\n|\n|t:|1776305452\n|detailschange|p2a: Palafin|Palafin-Hero, L50, M\n|switch|p2a: Pelipper|Pelipper, L50, F|100/100\n|-weather|RainDance|[from] ability: Drizzle|[of] p2a: Pelipper\n|move|p2b: Archaludon|Electro Shot||[still]\n|-prepare|p2b: Archaludon|Electro Shot\n|-boost|p2b: Archaludon|spa|1\n|-anim|p2b: Archaludon|Electro Shot|p1a: Corviknight\n|-supereffective|p1a: Corviknight|1\n|-damage|p1a: Corviknight|0 fnt\n|faint|p1a: Corviknight\n|move|p1b: Milotic|Ice Beam|p2b: Archaludon\n|-damage|p2b: Archaludon|59/100\n|\n|-weather|RainDance|[upkeep]\n|upkeep\n|\n|t:|1776305462\n|switch|p1a: Ninetales|Ninetales-Alola, L50, F|100/100\n|-weather|Snowscape|[from] ability: Snow Warning|[of] p1a: Ninetales\n|turn|2\n|\n|t:|1776305473\n|switch|p2a: Palafin|Palafin-Hero, L50, M|100/100\n|-activate|p2a: Palafin|ability: Zero to Hero\n|move|p2b: Archaludon|Protect|p2b: Archaludon\n|-singleturn|p2b: Archaludon|Protect\n|move|p1a: Ninetales|Blizzard|p2a: Palafin|[spread] p2a\n|-activate|p2b: Archaludon|move: Protect\n|-resisted|p2a: Palafin|1\n|-damage|p2a: Palafin|81/100\n|move|p1b: Milotic|Ice Beam|p2a: Palafin\n|-resisted|p2a: Palafin|1\n|-damage|p2a: Palafin|65/100\n|\n|-weather|Snowscape|[upkeep]\n|upkeep\n|turn|3\n|inactive|BettyWhipe has 30 seconds left.\n|inactive|BettyWhipe has 20 seconds left.\n|\n|t:|1776305509\n|switch|p2a: Pelipper|Pelipper, L50, F|100/100\n|-weather|RainDance|[from] ability: Drizzle|[of] p2a: Pelipper\n|switch|p1b: Delphox|Delphox, L50, F|100/100\n|move|p1a: Ninetales|Icy Wind|p2a: Pelipper|[spread] p2a,p2b\n|-damage|p2a: Pelipper|69/100\n|-damage|p2b: Archaludon|32/100\n|-unboost|p2a: Pelipper|spe|1\n|-unboost|p2b: Archaludon|spe|1\n|move|p2b: Archaludon|Electro Shot||[still]\n|-prepare|p2b: Archaludon|Electro Shot\n|-boost|p2b: Archaludon|spa|1\n|-anim|p2b: Archaludon|Electro Shot|p1b: Delphox\n|-damage|p1b: Delphox|0 fnt\n|faint|p1b: Delphox\n|\n|-weather|RainDance|[upkeep]\n|upkeep\n|\n|t:|1776305525\n|switch|p1b: Milotic|Milotic, L50, M|100/100\n|turn|4\n|\n|t:|1776305549\n|move|p2a: Pelipper|Wide Guard|p2a: Pelipper\n|-singleturn|p2a: Pelipper|Wide Guard\n|move|p1a: Ninetales|Icy Wind|p2a: Pelipper|[spread] \n|-activate|p2a: Pelipper|move: Wide Guard\n|-activate|p2b: Archaludon|move: Wide Guard\n|move|p1b: Milotic|Ice Beam|p2a: Pelipper\n|-damage|p2a: Pelipper|28/100\n|move|p2b: Archaludon|Electro Shot||[still]\n|-prepare|p2b: Archaludon|Electro Shot\n|-boost|p2b: Archaludon|spa|1\n|-anim|p2b: Archaludon|Electro Shot|p1b: Milotic\n|-supereffective|p1b: Milotic|1\n|-damage|p1b: Milotic|0 fnt\n|faint|p1b: Milotic\n|\n|-weather|RainDance|[upkeep]\n|upkeep\n|turn|5\n|-message|BettyWhipe forfeited.\n|\n|win|coberdt\n|raw|BettyWhipe's rating: 1157 &rarr; <strong>1135</strong><br />(-22 for losing)\n|raw|coberdt's rating: 1199 &rarr; <strong>1221</strong><br />(+22 for winning)\n|l|\u2606BettyWhipe\n|player|p1|\n",
  "uploadtime": 1776305573,
  "views": 94,
  "formatid": "gen9championsvgc2026regma",
  "rating": 1135,
  "private": 0,
  "password": null
}