{
  "id": "gen9championsvgc2026regma-2586152983",
  "format": "[Gen 9 Champions] VGC 2026 Reg M-A",
  "players": [
    "Grade a type b",
    "s!dd_1"
  ],
  "log": "|j|\u2606Grade a type b\n|j|\u2606s!dd_1\n|t:|1776405721\n|gametype|doubles\n|player|p1|Grade a type b|102|1497\n|player|p2|s!dd_1|cynthia-gen4|1548\n|gen|9\n|tier|[Gen 9 Champions] VGC 2026 Reg M-A\n|rated|\n|rule|Species Clause: Limit one of each Pok\u00e9mon\n|rule|Item Clause: Limit 1 of each item\n|clearpoke\n|poke|p1|Garchomp, L50, M|\n|poke|p1|Sneasler, L50, M|\n|poke|p1|Whimsicott, L50, M|\n|poke|p1|Basculegion, L50, M|\n|poke|p1|Kingambit, L50, M|\n|poke|p1|Delphox, L50, F|\n|poke|p2|Ampharos, L50, F|\n|poke|p2|Sneasler, L50, M|\n|poke|p2|Tyranitar, L50, M|\n|poke|p2|Milotic, L50, F|\n|poke|p2|Sinistcha, L50|\n|poke|p2|Charizard, L50, F|\n|teampreview|4\n|inactive|Battle timer is ON: inactive players will automatically lose when time's up. (requested by s!dd_1)\n|inactive|Grade a type b also wants the timer to be on.\n|\n|t:|1776405746\n|teamsize|p1|4\n|teamsize|p2|4\n|start\n|switch|p1a: Basculegion|Basculegion, L50, M|100/100\n|switch|p1b: Sneasler|Sneasler, L50, M|100/100\n|switch|p2a: Zhe|Sneasler, L50, M|100/100\n|switch|p2b: Do|Sinistcha, L50|100/100\n|turn|1\n|inactive|Grade a type b has 30 seconds left.\n|\n|t:|1776405779\n|switch|p2a: Ek|Ampharos, L50, F|100/100\n|move|p1a: Basculegion|Flip Turn|p2a: Ek\n|-damage|p2a: Ek|61/100\n|\n|t:|1776405782\n|switch|p1a: Kingambit|Kingambit, L50, M|100/100|[from] Flip Turn\n|move|p1b: Sneasler|Dire Claw|p2b: Do\n|-damage|p2b: Do|70/100\n|move|p2b: Do|Trick Room|p2b: Do\n|-fieldstart|move: Trick Room|[of] p2b: Do\n|\n|upkeep\n|turn|2\n|\n|t:|1776405799\n|switch|p1b: Garchomp|Garchomp, L50, M|100/100\n|detailschange|p2a: Ek|Ampharos-Mega, L50, F\n|-mega|p2a: Ek|Ampharos|Ampharosite\n|-ability|p2a: Ek|Mold Breaker\n|move|p2b: Do|Protect|p2b: Do\n|-singleturn|p2b: Do|Protect\n|move|p2a: Ek|Parabolic Charge|p1b: Garchomp|[spread] p1a\n|-activate|p2b: Do|move: Protect\n|-immune|p1b: Garchomp\n|-damage|p1a: Kingambit|68/100\n|-heal|p2a: Ek|78/100|[from] drain|[of] p1a: Kingambit\n|move|p1a: Kingambit|Kowtow Cleave|p2b: Do\n|-activate|p2b: Do|move: Protect\n|\n|upkeep\n|turn|3\n|inactive|Grade a type b has 30 seconds left.\n|inactive|Grade a type b has 20 seconds left.\n|\n|t:|1776405836\n|switch|p2b: Zhe|Sneasler, L50, M|100/100\n|move|p1b: Garchomp|Protect|p1b: Garchomp\n|-singleturn|p1b: Garchomp|Protect\n|move|p2a: Ek|Thunderbolt|p1a: Kingambit\n|-damage|p1a: Kingambit|10/100\n|-status|p1a: Kingambit|par\n|move|p1a: Kingambit|Kowtow Cleave|p2a: Ek\n|-damage|p2a: Ek|29/100\n|\n|upkeep\n|turn|4\n|\n|t:|1776405849\n|switch|p1b: Sneasler|Sneasler, L50, M|100/100\n|move|p2b: Zhe|Fake Out|p1a: Kingambit\n|-resisted|p1a: Kingambit|1\n|-damage|p1a: Kingambit|4/100 par\n|cant|p1a: Kingambit|flinch\n|move|p2a: Ek|Dragon Pulse|p1b: Sneasler\n|-damage|p1b: Sneasler|24/100\n|\n|upkeep\n|turn|5\n|\n|t:|1776405862\n|move|p2a: Ek|Protect|p2a: Ek\n|-singleturn|p2a: Ek|Protect\n|move|p1b: Sneasler|Fake Out|p2b: Zhe\n|-damage|p2b: Zhe|78/100\n|move|p1a: Kingambit|Kowtow Cleave|p2a: Ek\n|-activate|p2a: Ek|move: Protect\n|cant|p2b: Zhe|flinch\n|\n|-fieldend|move: Trick Room\n|upkeep\n|turn|6\n|\n|t:|1776405872\n|cant|p1a: Kingambit|par\n|move|p1b: Sneasler|Close Combat|p2b: Zhe\n|-resisted|p2b: Zhe|1\n|-damage|p2b: Zhe|27/100\n|-unboost|p1b: Sneasler|def|1\n|-unboost|p1b: Sneasler|spd|1\n|-enditem|p1b: Sneasler|White Herb\n|-clearnegativeboost|p1b: Sneasler|[silent]\n|move|p2b: Zhe|Close Combat|p1a: Kingambit\n|-supereffective|p1a: Kingambit|2\n|-damage|p1a: Kingambit|0 fnt\n|-unboost|p2b: Zhe|def|1\n|-unboost|p2b: Zhe|spd|1\n|faint|p1a: Kingambit\n|-enditem|p2b: Zhe|White Herb\n|-clearnegativeboost|p2b: Zhe|[silent]\n|move|p2a: Ek|Thunderbolt|p1b: Sneasler\n|-damage|p1b: Sneasler|0 fnt\n|faint|p1b: Sneasler\n|\n|upkeep\n|\n|t:|1776405888\n|switch|p1b: Basculegion|Basculegion, L50, M|100/100\n|switch|p1a: Garchomp|Garchomp, L50, M|100/100\n|turn|7\n|\n|t:|1776405895\n|move|p1b: Basculegion|Aqua Jet|p2b: Zhe\n|-damage|p2b: Zhe|0 fnt\n|faint|p2b: Zhe\n|move|p1a: Garchomp|Dragon Claw|p2a: Ek\n|-supereffective|p2a: Ek|1\n|-damage|p2a: Ek|0 fnt\n|faint|p2a: Ek\n|\n|upkeep\n|\n|t:|1776405899\n|switch|p2b: Panch|Milotic, L50, F|100/100\n|switch|p2a: Do|Sinistcha, L50|70/100\n|turn|8\n|\n|t:|1776405912\n|move|p2a: Do|Rage Powder|p2a: Do\n|-singleturn|p2a: Do|move: Rage Powder\n|move|p1b: Basculegion|Aqua Jet|p2a: Do\n|-resisted|p2a: Do|1\n|-damage|p2a: Do|61/100\n|move|p1a: Garchomp|Rock Slide|p2a: Do|[spread] p2a,p2b\n|-damage|p2a: Do|45/100\n|-damage|p2b: Panch|84/100\n|-enditem|p2a: Do|Sitrus Berry|[eat]\n|-heal|p2a: Do|70/100|[from] item: Sitrus Berry\n|move|p2b: Panch|Ice Beam|p1a: Garchomp\n|-supereffective|p1a: Garchomp|2\n|-damage|p1a: Garchomp|0 fnt\n|faint|p1a: Garchomp\n|\n|-heal|p2b: Panch|90/100|[from] item: Leftovers\n|upkeep\n|turn|9\n|-message|Grade a type b forfeited.\n|\n|win|s!dd_1\n|raw|Grade a type b's rating: 1497 &rarr; <strong>1480</strong><br />(-17 for losing)\n|raw|s!dd_1's rating: 1548 &rarr; <strong>1565</strong><br />(+17 for winning)\n|l|\u2606Grade a type b\n|player|p1|\n|j| Duelyst II\n",
  "uploadtime": 1776405926,
  "views": 55,
  "formatid": "gen9championsvgc2026regma",
  "rating": 1480,
  "private": 0,
  "password": null
}