{
  "id": "gen9championsvgc2026regma-2588354751",
  "format": "[Gen 9 Champions] VGC 2026 Reg M-A",
  "players": [
    "luisetex",
    "ozavic"
  ],
  "log": "|j|\u2606luisetex\n|j|\u2606ozavic\n|t:|1776626627\n|gametype|doubles\n|player|p1|luisetex|102|1000\n|player|p2|ozavic|biker-gen4|1022\n|gen|9\n|tier|[Gen 9 Champions] VGC 2026 Reg M-A\n|rated|\n|rule|Species Clause: Limit one of each Pok\u00e9mon\n|rule|Item Clause: Limit 1 of each item\n|clearpoke\n|poke|p1|Gengar, L50, M|\n|poke|p1|Politoed, L50, M|\n|poke|p1|Blastoise, L50, F|\n|poke|p1|Incineroar, L50, M|\n|poke|p1|Snorlax, L50, F|\n|poke|p1|Scizor, L50, F|\n|poke|p2|Emboar, L50, F|\n|poke|p2|Sinistcha, L50|\n|poke|p2|Corviknight, L50, M|\n|poke|p2|Clefable, L50, F|\n|poke|p2|Slowking, L50, F|\n|poke|p2|Gengar, L50, M|\n|teampreview|4\nluisetex rejected open team sheets.\n|inactive|Battle timer is ON: inactive players will automatically lose when time's up. (requested by luisetex)\n|\n|t:|1776626676\n|teamsize|p1|4\n|teamsize|p2|4\n|start\n|switch|p1a: Gengar|Gengar, L50, M|100/100\n|switch|p1b: Incineroar|Incineroar, L50, M|100/100\n|switch|p2a: Corviknight|Corviknight, L50, M|100/100\n|switch|p2b: Slowking|Slowking, L50, F|100/100\n|-ability|p1b: Incineroar|Intimidate|boost\n|-ability|p2a: Corviknight|Mirror Armor\n|-unboost|p1b: Incineroar|atk|1\n|-unboost|p2b: Slowking|atk|1\n|turn|1\n|\n|t:|1776626695\n|detailschange|p1a: Gengar|Gengar-Mega, L50, M\n|-mega|p1a: Gengar|Gengar|Gengarite\n|move|p1b: Incineroar|Fake Out|p2b: Slowking\n|-damage|p2b: Slowking|93/100\n|move|p1a: Gengar|Perish Song|p1a: Gengar\n|-start|p1a: Gengar|perish3|[silent]\n|-start|p1b: Incineroar|perish3|[silent]\n|-start|p2a: Corviknight|perish3|[silent]\n|-start|p2b: Slowking|perish3|[silent]\n|-fieldactivate|move: Perish Song\n|move|p2a: Corviknight|Tailwind|p2a: Corviknight\n|-sidestart|p2: ozavic|move: Tailwind\n|cant|p2b: Slowking|flinch\n|\n|-start|p2a: Corviknight|perish3\n|-start|p1a: Gengar|perish3\n|-start|p2b: Slowking|perish3\n|-start|p1b: Incineroar|perish3\n|upkeep\n|turn|2\n|\n|t:|1776626719\n|move|p1a: Gengar|Protect|p1a: Gengar\n|-singleturn|p1a: Gengar|Protect\n|move|p1b: Incineroar|Protect|p1b: Incineroar\n|-singleturn|p1b: Incineroar|Protect\n|move|p2a: Corviknight|Iron Head|p1a: Gengar\n|-activate|p1a: Gengar|move: Protect\n|move|p2b: Slowking|Thunder Wave|p1a: Gengar\n|-activate|p1a: Gengar|move: Protect\n|\n|-start|p2a: Corviknight|perish2\n|-start|p1a: Gengar|perish2\n|-start|p2b: Slowking|perish2\n|-start|p1b: Incineroar|perish2\n|upkeep\n|turn|3\n|inactive|luisetex has 30 seconds left.\n|\n|t:|1776626749\n|switch|p1a: Blastoise|Blastoise, L50, F|100/100\n|move|p2a: Corviknight|Iron Head|p1a: Blastoise\n|-resisted|p1a: Blastoise|1\n|-damage|p1a: Blastoise|91/100\n|move|p2b: Slowking|Muddy Water|p1b: Incineroar|[spread] p1a,p1b\n|-resisted|p1a: Blastoise|1\n|-supereffective|p1b: Incineroar|1\n|-damage|p1a: Blastoise|81/100\n|-damage|p1b: Incineroar|59/100\n|-unboost|p1a: Blastoise|accuracy|1\n|move|p1b: Incineroar|Parting Shot|p2b: Slowking\n|-unboost|p2b: Slowking|atk|1\n|-unboost|p2b: Slowking|spa|1\n|\n|t:|1776626761\n|switch|p1b: Gengar|Gengar-Mega, L50, M|100/100|[from] Parting Shot\n|\n|-heal|p1a: Blastoise|87/100|[from] item: Leftovers\n|-start|p2a: Corviknight|perish1\n|-start|p2b: Slowking|perish1\n|upkeep\n|turn|4\n|\n|t:|1776626781\n|move|p1b: Gengar|Protect|p1b: Gengar\n|-singleturn|p1b: Gengar|Protect\n|move|p1a: Blastoise|Protect|p1a: Blastoise\n|-singleturn|p1a: Blastoise|Protect\n|move|p2a: Corviknight|Iron Head|p1b: Gengar\n|-activate|p1b: Gengar|move: Protect\n|move|p2b: Slowking|Thunder Wave|p1a: Blastoise\n|-activate|p1a: Blastoise|move: Protect\n|\n|-heal|p1a: Blastoise|93/100|[from] item: Leftovers\n|-start|p2a: Corviknight|perish0\n|-start|p2b: Slowking|perish0\n|-sideend|p2: ozavic|move: Tailwind\n|faint|p2a: Corviknight\n|faint|p2b: Slowking\n|upkeep\n|\n|t:|1776626786\n|switch|p2a: Gengar|Gengar, L50, M|100/100\n|switch|p2b: Sinistcha|Sinistcha, L50|100/100\n|turn|5\n|inactive|luisetex has 30 seconds left.\n|\n|t:|1776626812\n|switch|p1b: Snorlax|Snorlax, L50, F|100/100\n|detailschange|p2a: Gengar|Gengar-Mega, L50, M\n|-mega|p2a: Gengar|Gengar|Gengarite\n|move|p2b: Sinistcha|Rage Powder|p2b: Sinistcha\n|-singleturn|p2b: Sinistcha|move: Rage Powder\n|move|p2a: Gengar|Shadow Ball|p1b: Snorlax\n|-immune|p1b: Snorlax\n|move|p1a: Blastoise|Yawn|p2b: Sinistcha\n|-start|p2b: Sinistcha|move: Yawn|[of] p1a: Blastoise\n|\n|-heal|p1a: Blastoise|99/100|[from] item: Leftovers\n|upkeep\n|turn|6\n|-message|ozavic forfeited.\n|\n|win|luisetex\n|raw|luisetex's rating: 1000 &rarr; <strong>1043</strong><br />(+43 for winning)\n|raw|ozavic's rating: 1022 &rarr; <strong>1008</strong><br />(-14 for losing)\n|l|\u2606ozavic\n|player|p2|\n",
  "uploadtime": 1776626838,
  "views": 16,
  "formatid": "gen9championsvgc2026regma",
  "rating": 1008,
  "private": 0,
  "password": null
}