{
  "id": "gen9championsvgc2026regma-2581987096",
  "format": "[Gen 9 Champions] VGC 2026 Reg M-A",
  "players": [
    "A5h3r",
    "ihausduihahsiud"
  ],
  "log": "|j|\u2606A5h3r\n|j|\u2606ihausduihahsiud\n|t:|1776045859\n|gametype|doubles\n|player|p1|A5h3r|alder|1081\n|player|p2|ihausduihahsiud|ruinmaniac|1050\n|gen|9\n|tier|[Gen 9 Champions] VGC 2026 Reg M-A\n|rated|\n|rule|Species Clause: Limit one of each Pok\u00e9mon\n|rule|Item Clause: Limit 1 of each item\n|clearpoke\n|poke|p1|Pelipper, L50, M|\n|poke|p1|Starmie, L50|\n|poke|p1|Archaludon, L50, M|\n|poke|p1|Meganium, L50, F|\n|poke|p1|Basculegion, L50, M|\n|poke|p1|Sneasler, L50, F|\n|poke|p2|Lucario, L50, M|\n|poke|p2|Aerodactyl, L50, F|\n|poke|p2|Tyranitar, L50, M|\n|poke|p2|Gyarados, L50, F|\n|poke|p2|Incineroar, L50, F|\n|poke|p2|Aggron, L50, F|\n|teampreview|4\n|inactive|Battle timer is ON: inactive players will automatically lose when time's up. (requested by ihausduihahsiud)\n|c|\u2606A5h3r|glhf\n|inactive|A5h3r has 60 seconds left.\n|inactive|A5h3r has 30 seconds left.\n|inactive|A5h3r has 20 seconds left.\n|inactive|A5h3r has 15 seconds left.\n|\n|t:|1776045942\n|teamsize|p1|4\n|teamsize|p2|4\n|start\n|switch|p1a: Pelipper|Pelipper, L50, M|100/100\n|switch|p1b: Archaludon|Archaludon, L50, M|100/100\n|switch|p2a: Gyarados|Gyarados, L50, F|100/100\n|switch|p2b: Aerodactyl|Aerodactyl, L50, F|100/100\n|-ability|p2b: Aerodactyl|Unnerve\n|-ability|p2a: Gyarados|Intimidate|boost\n|-unboost|p1a: Pelipper|atk|1\n|-unboost|p1b: Archaludon|atk|1\n|-weather|RainDance|[from] ability: Drizzle|[of] p1a: Pelipper\n|turn|1\n|\n|t:|1776045965\n|switch|p2a: Lucario|Lucario, L50, M, shiny|100/100\n|move|p1b: Archaludon|Electro Shot||[still]\n|-prepare|p1b: Archaludon|Electro Shot\n|-boost|p1b: Archaludon|spa|1\n|-anim|p1b: Archaludon|Electro Shot|p2a: Lucario\n|-damage|p2a: Lucario|1/100\n|move|p2b: Aerodactyl|Tailwind|p2b: Aerodactyl\n|-sidestart|p2: ihausduihahsiud|move: Tailwind\n|move|p1a: Pelipper|Tailwind|p1a: Pelipper\n|-sidestart|p1: A5h3r|move: Tailwind\n|\n|-weather|RainDance|[upkeep]\n|upkeep\n|turn|2\n|inactive|ihausduihahsiud has 30 seconds left.\n|\n|t:|1776045992\n|detailschange|p2a: Lucario|Lucario-Mega, L50, M, shiny\n|-mega|p2a: Lucario|Lucario|Lucarionite\n|move|p2b: Aerodactyl|Protect|p2b: Aerodactyl\n|-singleturn|p2b: Aerodactyl|Protect\n|move|p2a: Lucario|Protect|p2a: Lucario\n|-singleturn|p2a: Lucario|Protect\n|move|p1b: Archaludon|Electro Shot||[still]\n|-prepare|p1b: Archaludon|Electro Shot\n|-boost|p1b: Archaludon|spa|1\n|-anim|p1b: Archaludon|Electro Shot|p2b: Aerodactyl\n|-activate|p2b: Aerodactyl|move: Protect\n|move|p1a: Pelipper|Weather Ball|p2b: Aerodactyl\n|-activate|p2b: Aerodactyl|move: Protect\n|\n|-weather|RainDance|[upkeep]\n|upkeep\n|turn|3\n|inactive|ihausduihahsiud has 30 seconds left.\n|\n|t:|1776046018\n|move|p1b: Archaludon|Electro Shot||[still]\n|-prepare|p1b: Archaludon|Electro Shot\n|-boost|p1b: Archaludon|spa|1\n|-anim|p1b: Archaludon|Electro Shot|p2a: Lucario\n|-damage|p2a: Lucario|0 fnt\n|faint|p2a: Lucario\n|move|p2b: Aerodactyl|Dual Wingbeat|p1a: Pelipper\n|-damage|p1a: Pelipper|72/100\n|-damage|p1a: Pelipper|47/100\n|-hitcount|p1a: Pelipper|2\n|move|p1a: Pelipper|Weather Ball|p2b: Aerodactyl\n|-supereffective|p2b: Aerodactyl|1\n|-enditem|p2b: Aerodactyl|Focus Sash\n|-damage|p2b: Aerodactyl|1/100\n|\n|-weather|RainDance|[upkeep]\n|upkeep\n|\n|t:|1776046036\n|switch|p2a: Tyranitar|Tyranitar, L50, M|100/100\n|-weather|Sandstorm|[from] ability: Sand Stream|[of] p2a: Tyranitar\n|turn|4\n|inactive|A5h3r has 30 seconds left.\n|inactive|A5h3r has 20 seconds left.\n|inactive|A5h3r has 15 seconds left.\n|inactive|A5h3r has 10 seconds left.\n|inactive|A5h3r has 5 seconds left.\n|\n|t:|1776046091\n|switch|p1a: Basculegion|Basculegion, L50, M|100/100\n|move|p1b: Archaludon|Electro Shot||[still]\n|-prepare|p1b: Archaludon|Electro Shot\n|-boost|p1b: Archaludon|spa|1\n|move|p2b: Aerodactyl|Dual Wingbeat|p1a: Basculegion\n|-damage|p1a: Basculegion|73/100\n|-damage|p1a: Basculegion|48/100\n|-hitcount|p1a: Basculegion|2\n|move|p2a: Tyranitar|Earthquake|p1a: Basculegion|[spread] p1a,p1b\n|-immune|p2b: Aerodactyl\n|-supereffective|p1b: Archaludon|1\n|-damage|p1a: Basculegion|8/100\n|-damage|p1b: Archaludon|52/100\n|\n|-weather|Sandstorm|[upkeep]\n|-damage|p1a: Basculegion|2/100|[from] Sandstorm\n|-sideend|p1: A5h3r|move: Tailwind\n|-sideend|p2: ihausduihahsiud|move: Tailwind\n|upkeep\n|turn|5\n|inactive|ihausduihahsiud has 30 seconds left.\n|inactive|ihausduihahsiud has 20 seconds left.\n|inactive|ihausduihahsiud has 15 seconds left.\n|inactive|ihausduihahsiud has 10 seconds left.\n|\n|t:|1776046137\n|move|p2a: Tyranitar|Protect|p2a: Tyranitar\n|-singleturn|p2a: Tyranitar|Protect\n|move|p1a: Basculegion|Aqua Jet|p2b: Aerodactyl\n|-supereffective|p2b: Aerodactyl|1\n|-damage|p2b: Aerodactyl|0 fnt\n|faint|p2b: Aerodactyl\n|move|p1b: Archaludon|Electro Shot|p2a: Tyranitar|[from] lockedmove\n|-activate|p2a: Tyranitar|move: Protect\n|\n|-weather|Sandstorm|[upkeep]\n|-damage|p1a: Basculegion|0 fnt|[from] Sandstorm\n|faint|p1a: Basculegion\n|upkeep\n|\n|t:|1776046149\n|switch|p2b: Gyarados|Gyarados, L50, F|100/100\n|switch|p1a: Pelipper|Pelipper, L50, M|47/100\n|-ability|p2b: Gyarados|Intimidate|boost\n|-unboost|p1a: Pelipper|atk|1\n|-unboost|p1b: Archaludon|atk|1\n|-weather|RainDance|[from] ability: Drizzle|[of] p1a: Pelipper\n|turn|6\n|\n|t:|1776046173\n|move|p2b: Gyarados|Protect|p2b: Gyarados\n|-singleturn|p2b: Gyarados|Protect\n|move|p1b: Archaludon|Electro Shot||[still]\n|-prepare|p1b: Archaludon|Electro Shot\n|-boost|p1b: Archaludon|spa|1\n|-anim|p1b: Archaludon|Electro Shot|p2b: Gyarados\n|-activate|p2b: Gyarados|move: Protect\n|move|p1a: Pelipper|Weather Ball|p2a: Tyranitar\n|-supereffective|p2a: Tyranitar|1\n|-damage|p2a: Tyranitar|0 fnt\n|faint|p2a: Tyranitar\n|\n|-weather|RainDance|[upkeep]\n|upkeep\n|turn|7\n|-message|ihausduihahsiud forfeited.\n|\n|win|A5h3r\n|raw|A5h3r's rating: 1081 &rarr; <strong>1106</strong><br />(+25 for winning)\n|raw|ihausduihahsiud's rating: 1050 &rarr; <strong>1034</strong><br />(-16 for losing)\n|l|\u2606ihausduihahsiud\n|player|p2|\n",
  "uploadtime": 1776046192,
  "views": 23,
  "formatid": "gen9championsvgc2026regma",
  "rating": 1034,
  "private": 0,
  "password": null
}