{
  "id": "gen9championsvgc2026regma-2583087011",
  "format": "[Gen 9 Champions] VGC 2026 Reg M-A",
  "players": [
    "originalwinner",
    "orionsayshi"
  ],
  "log": "|j|\u2606originalwinner\n|j|\u2606orionsayshi\n|t:|1776140479\n|gametype|doubles\n|player|p1|originalwinner|169|1140\n|player|p2|orionsayshi|elesa|1172\n|gen|9\n|tier|[Gen 9 Champions] VGC 2026 Reg M-A\n|rated|\n|rule|Species Clause: Limit one of each Pok\u00e9mon\n|rule|Item Clause: Limit 1 of each item\n|clearpoke\n|poke|p1|Talonflame, L50, M|\n|poke|p1|Garchomp, L50, F|\n|poke|p1|Gardevoir, L50, F|\n|poke|p1|Pelipper, L50, M|\n|poke|p1|Rotom-Mow, L50|\n|poke|p1|Archaludon, L50, F|\n|poke|p2|Gengar, L50, M|\n|poke|p2|Sinistcha, L50|\n|poke|p2|Palafin, L50, M|\n|poke|p2|Sableye, L50, M|\n|poke|p2|Kommo-o, L50, F|\n|poke|p2|Heliolisk, L50, M|\n|teampreview|4\n|inactive|Battle timer is ON: inactive players will automatically lose when time's up. (requested by originalwinner)\n|\n|t:|1776140498\n|teamsize|p1|4\n|teamsize|p2|4\n|start\n|switch|p1a: Talonflame|Talonflame, L50, M|100/100\n|switch|p1b: Gardevoir|Gardevoir, L50, F|100/100\n|switch|p2a: Gengar|Gengar, L50, M|100/100\n|switch|p2b: Sableye|Sableye, L50, M|100/100\n|turn|1\n|\n|t:|1776140514\n|detailschange|p1b: Gardevoir|Gardevoir-Mega, L50, F\n|-mega|p1b: Gardevoir|Gardevoir|Gardevoirite\n|move|p2a: Gengar|Protect|p2a: Gengar\n|-singleturn|p2a: Gengar|Protect\n|move|p2b: Sableye|Fake Out|p1a: Talonflame\n|-damage|p1a: Talonflame|88/100\n|cant|p1a: Talonflame|flinch\n|move|p1b: Gardevoir|Psychic|p2a: Gengar\n|-activate|p2a: Gengar|move: Protect\n|\n|upkeep\n|turn|2\n|\n|t:|1776140535\n|detailschange|p2a: Gengar|Gengar-Mega, L50, M\n|-mega|p2a: Gengar|Gengar|Gengarite\n|move|p1b: Gardevoir|Protect|p1b: Gardevoir\n|-singleturn|p1b: Gardevoir|Protect\n|move|p2b: Sableye|Disable|p1b: Gardevoir\n|-activate|p1b: Gardevoir|move: Protect\n|move|p2a: Gengar|Perish Song|p2a: Gengar\n|-start|p1a: Talonflame|perish3|[silent]\n|-start|p1b: Gardevoir|perish3|[silent]\n|-start|p2a: Gengar|perish3|[silent]\n|-start|p2b: Sableye|perish3|[silent]\n|-fieldactivate|move: Perish Song\n|move|p1a: Talonflame|Tailwind|p1a: Talonflame\n|-sidestart|p1: originalwinner|move: Tailwind\n|\n|-start|p1a: Talonflame|perish3\n|-start|p1b: Gardevoir|perish3\n|-start|p2a: Gengar|perish3\n|-start|p2b: Sableye|perish3\n|upkeep\n|turn|3\n|\n|t:|1776140551\n|move|p2a: Gengar|Protect|p2a: Gengar\n|-singleturn|p2a: Gengar|Protect\n|move|p2b: Sableye|Encore|p1b: Gardevoir\n|-start|p1b: Gardevoir|Encore\n|move|p1b: Gardevoir|Protect||[still]\n|-fail|p1b: Gardevoir\n|move|p1a: Talonflame|Brave Bird|p2a: Gengar\n|-activate|p2a: Gengar|move: Protect\n|\n|-start|p1a: Talonflame|perish2\n|-start|p1b: Gardevoir|perish2\n|-start|p2a: Gengar|perish2\n|-start|p2b: Sableye|perish2\n|upkeep\n|turn|4\n|inactive|orionsayshi has 30 seconds left.\n|\n|t:|1776140582\n|move|p1b: Gardevoir|Protect|p1b: Gardevoir\n|-singleturn|p1b: Gardevoir|Protect\n|move|p2a: Gengar|Protect||[still]\n|-fail|p2a: Gengar\n|move|p2b: Sableye|Disable|p1a: Talonflame\n|-start|p1a: Talonflame|Disable|Brave Bird\n|cant|p1a: Talonflame|Disable|Brave Bird\n|\n|-start|p1a: Talonflame|perish1\n|-start|p1b: Gardevoir|perish1\n|-start|p2a: Gengar|perish1\n|-start|p2b: Sableye|perish1\n|upkeep\n|turn|5\n|\n|t:|1776140597\n|switch|p2a: Kommo-o|Kommo-o, L50, F|100/100\n|switch|p2b: Sinistcha|Sinistcha, L50|100/100\n|move|p1b: Gardevoir|Protect||[still]\n|-fail|p1b: Gardevoir\n|move|p1a: Talonflame|Overheat|p2a: Kommo-o\n|-resisted|p2a: Kommo-o|1\n|-damage|p2a: Kommo-o|84/100\n|-unboost|p1a: Talonflame|spa|2\n|\n|-end|p1b: Gardevoir|Encore\n|-start|p1a: Talonflame|perish0\n|-start|p1b: Gardevoir|perish0\n|-sideend|p1: originalwinner|move: Tailwind\n|upkeep\n|faint|p1a: Talonflame\n|faint|p1b: Gardevoir\n|\n|t:|1776140599\n|switch|p1a: Garchomp|Garchomp, L50, F|100/100\n|switch|p1b: Pelipper|Pelipper, L50, M|100/100\n|-weather|RainDance|[from] ability: Drizzle|[of] p1b: Pelipper\n|turn|6\n|\n|t:|1776140622\n|move|p1b: Pelipper|Hurricane|p2b: Sinistcha\n|-supereffective|p2b: Sinistcha|1\n|-damage|p2b: Sinistcha|21/100\n|-enditem|p2b: Sinistcha|Sitrus Berry|[eat]\n|-heal|p2b: Sinistcha|46/100|[from] item: Sitrus Berry\n|move|p1a: Garchomp|Dragon Claw|p2a: Kommo-o\n|-supereffective|p2a: Kommo-o|1\n|-damage|p2a: Kommo-o|30/100\n|move|p2a: Kommo-o|Iron Defense|p2a: Kommo-o\n|-boost|p2a: Kommo-o|def|2\n|move|p2b: Sinistcha|Strength Sap|p1a: Garchomp\n|-unboost|p1a: Garchomp|atk|1\n|-heal|p2b: Sinistcha|100/100\n|-enditem|p1a: Garchomp|White Herb\n|-clearnegativeboost|p1a: Garchomp|[silent]\n|\n|-weather|RainDance|[upkeep]\n|upkeep\n|turn|7\n|\n|t:|1776140645\n|move|p2a: Kommo-o|Protect|p2a: Kommo-o\n|-singleturn|p2a: Kommo-o|Protect\n|move|p1b: Pelipper|Hurricane|p2b: Sinistcha\n|-supereffective|p2b: Sinistcha|1\n|-damage|p2b: Sinistcha|19/100\n|move|p1a: Garchomp|Dragon Claw|p2b: Sinistcha\n|-damage|p2b: Sinistcha|0 fnt\n|faint|p2b: Sinistcha\n|\n|-weather|RainDance|[upkeep]\n|upkeep\n|\n|t:|1776140654\n|switch|p2b: Gengar|Gengar-Mega, L50, M|100/100\n|turn|8\n|\n|t:|1776140668\n|move|p2a: Kommo-o|Protect||[still]\n|-fail|p2a: Kommo-o\n|move|p2b: Gengar|Perish Song|p2b: Gengar\n|-start|p1a: Garchomp|perish3|[silent]\n|-start|p1b: Pelipper|perish3|[silent]\n|-immune|p2a: Kommo-o|[from] ability: Soundproof\n|-start|p2b: Gengar|perish3|[silent]\n|-fieldactivate|move: Perish Song\n|move|p1b: Pelipper|Hurricane|p2a: Kommo-o\n|-supereffective|p2a: Kommo-o|1\n|-crit|p2a: Kommo-o\n|-damage|p2a: Kommo-o|0 fnt\n|faint|p2a: Kommo-o\n|move|p1a: Garchomp|Earthquake|p2b: Gengar|[spread] p2b\n|-immune|p1b: Pelipper\n|-supereffective|p2b: Gengar|1\n|-crit|p2b: Gengar\n|-damage|p2b: Gengar|0 fnt\n|faint|p2b: Gengar\n|\n|-weather|RainDance|[upkeep]\n|-start|p1b: Pelipper|perish3\n|-start|p1a: Garchomp|perish3\n|upkeep\n|\n|t:|1776140682\n|switch|p2a: Sableye|Sableye, L50, M|100/100\n|turn|9\n|\n|t:|1776140698\n|move|p2a: Sableye|Protect|p2a: Sableye\n|-singleturn|p2a: Sableye|Protect\n|move|p1b: Pelipper|Hurricane|p2a: Sableye\n|-activate|p2a: Sableye|move: Protect\n|move|p1a: Garchomp|Dragon Claw|p2a: Sableye\n|-activate|p2a: Sableye|move: Protect\n|\n|-weather|RainDance|[upkeep]\n|-start|p1b: Pelipper|perish2\n|-start|p1a: Garchomp|perish2\n|upkeep\n|turn|10\n|\n|t:|1776140709\n|move|p2a: Sableye|Disable|p1b: Pelipper\n|-start|p1b: Pelipper|Disable|Hurricane\n|cant|p1b: Pelipper|Disable|Hurricane\n|move|p1a: Garchomp|Earthquake|p2a: Sableye|[spread] p2a\n|-immune|p1b: Pelipper\n|-damage|p2a: Sableye|46/100\n|\n|-weather|none\n|-start|p1b: Pelipper|perish1\n|-start|p1a: Garchomp|perish1\n|upkeep\n|turn|11\n|\n|t:|1776140719\n|move|p2a: Sableye|Protect|p2a: Sableye\n|-singleturn|p2a: Sableye|Protect\n|move|p1a: Garchomp|Protect|p1a: Garchomp\n|-singleturn|p1a: Garchomp|Protect\n|-activate|p1b: Pelipper|move: Struggle\n|move|p1b: Pelipper|Struggle|p2a: Sableye\n|-activate|p2a: Sableye|move: Protect\n|\n|-start|p1b: Pelipper|perish0\n|-start|p1a: Garchomp|perish0\n|faint|p1b: Pelipper\n|faint|p1a: Garchomp\n|\n|win|orionsayshi\n|raw|originalwinner's rating: 1140 &rarr; <strong>1117</strong><br />(-23 for losing)\n|raw|orionsayshi's rating: 1172 &rarr; <strong>1195</strong><br />(+23 for winning)\n|c|\u2606originalwinner|Gg wp\n|c|\u2606originalwinner|Perish is fun\n",
  "uploadtime": 1776140741,
  "views": 21,
  "formatid": "gen9championsvgc2026regma",
  "rating": 1117,
  "private": 0,
  "password": null
}