{
  "id": "gen9championsvgc2026regma-2580885202",
  "format": "[Gen 9 Champions] VGC 2026 Reg M-A",
  "players": [
    "Everest_Eternal",
    "Speyeke"
  ],
  "log": "|j|\u2606Everest_Eternal\n|j|\u2606Speyeke\n|t:|1775940464\n|gametype|doubles\n|player|p1|Everest_Eternal|n|1041\n|player|p2|Speyeke|veteran|1000\n|gen|9\n|tier|[Gen 9 Champions] VGC 2026 Reg M-A\n|rated|\n|rule|Species Clause: Limit one of each Pok\u00e9mon\n|rule|Item Clause: Limit 1 of each item\n|clearpoke\n|poke|p1|Meowscarada, L50, M|\n|poke|p1|Zoroark-Hisui, L50, F|\n|poke|p1|Delphox, L50, F|\n|poke|p1|Incineroar, L50, F|\n|poke|p1|Froslass, L50, F|\n|poke|p1|Lucario, L50, F|\n|poke|p2|Charizard, L50, M|\n|poke|p2|Venusaur, L50, F|\n|poke|p2|Incineroar, L50, F|\n|poke|p2|Kingambit, L50, M|\n|poke|p2|Floette-Eternal, L50, F|\n|poke|p2|Garchomp, L50, M|\n|teampreview|4\n|inactive|Battle timer is ON: inactive players will automatically lose when time's up. (requested by Speyeke)\nSpeyeke has agreed to open team sheets.\nEverest_Eternal rejected open team sheets.\n|inactive|Speyeke has 60 seconds left.\n|\n|t:|1775940514\n|teamsize|p1|4\n|teamsize|p2|4\n|start\n|switch|p1a: Delphox|Delphox, L50, F|100/100\n|switch|p1b: Incineroar|Incineroar, L50, F|100/100\n|switch|p2a: Floette|Floette-Eternal, L50, F|100/100\n|switch|p2b: Incineroar|Incineroar, L50, F|100/100\n|-ability|p2b: Incineroar|Intimidate|boost\n|-unboost|p1a: Delphox|atk|1\n|-unboost|p1b: Incineroar|atk|1\n|-ability|p1b: Incineroar|Intimidate|boost\n|-unboost|p2a: Floette|atk|1\n|-unboost|p2b: Incineroar|atk|1\n|turn|1\n|inactive|Everest_Eternal has 30 seconds left.\n|inactive|Speyeke has 30 seconds left.\n|inactive|Speyeke has 20 seconds left.\n|inactive|Speyeke has 15 seconds left.\n|\n|t:|1775940557\n|detailschange|p1a: Delphox|Delphox-Mega, L50, F\n|-mega|p1a: Delphox|Delphox|Delphoxite\n|move|p2a: Floette|Protect|p2a: Floette\n|-singleturn|p2a: Floette|Protect\n|move|p1a: Delphox|Flame Charge|p2a: Floette\n|-activate|p2a: Floette|move: Protect\n|move|p1b: Incineroar|Earthquake|p2b: Incineroar|[spread] p2b\n|-activate|p2a: Floette|move: Protect\n|-immune|p1a: Delphox|[from] ability: Levitate\n|-supereffective|p2b: Incineroar|1\n|-damage|p2b: Incineroar|71/100\n|move|p2b: Incineroar|Throat Chop|p1a: Delphox\n|-supereffective|p1a: Delphox|1\n|-damage|p1a: Delphox|38/100\n|-start|p1a: Delphox|Throat Chop|[silent]\n|\n|upkeep\n|turn|2\n|inactive|Everest_Eternal has 30 seconds left.\n|inactive|Speyeke has 30 seconds left.\n|inactive|Speyeke has 20 seconds left.\n|inactive|Speyeke has 15 seconds left.\n|\n|t:|1775940600\n|detailschange|p2a: Floette|Floette-Mega, L50, F\n|-mega|p2a: Floette|Floette|Floettite\n|-ability|p2a: Floette|Fairy Aura\n|move|p1a: Delphox|Dazzling Gleam|p2b: Incineroar|[spread] p2a,p2b\n|-damage|p2a: Floette|79/100\n|-damage|p2b: Incineroar|46/100\n|-enditem|p2b: Incineroar|Sitrus Berry|[eat]\n|-heal|p2b: Incineroar|70/100|[from] item: Sitrus Berry\n|move|p2a: Floette|Light of Ruin|p1b: Incineroar\n|-damage|p1b: Incineroar|8/100\n|-damage|p2a: Floette|28/100|[from] Recoil\n|move|p2b: Incineroar|Throat Chop|p1a: Delphox\n|-supereffective|p1a: Delphox|1\n|-damage|p1a: Delphox|0 fnt\n|faint|p1a: Delphox\n|move|p1b: Incineroar|Earthquake|p2b: Incineroar|[spread] p2a,p2b\n|-supereffective|p2b: Incineroar|1\n|-damage|p2a: Floette|9/100\n|-damage|p2b: Incineroar|42/100\n|\n|upkeep\n|\n|t:|1775940619\n|switch|p1a: Lucario|Lucario, L50, F|100/100\n|turn|3\n|inactive|Speyeke has 30 seconds left.\n|\n|t:|1775940650\n|move|p1a: Lucario|Icy Wind|p2b: Incineroar|[spread] p2a,p2b\n|-crit|p2a: Floette\n|-resisted|p2b: Incineroar|1\n|-damage|p2a: Floette|0 fnt\n|-damage|p2b: Incineroar|36/100\n|-unboost|p2b: Incineroar|spe|1\n|faint|p2a: Floette\n|move|p1b: Incineroar|Parting Shot|p2b: Incineroar\n|-unboost|p2b: Incineroar|atk|1\n|-unboost|p2b: Incineroar|spa|1\n|\n|t:|1775940660\n|switch|p1b: Lucario|Lucario, L50, F|100/100|[from] Parting Shot\n|move|p2b: Incineroar|Flare Blitz|p1b: Lucario\n|-supereffective|p1b: Lucario|1\n|-damage|p1b: Lucario|39/100\n|-damage|p2b: Incineroar|19/100|[from] Recoil\n|\n|upkeep\n|\n|t:|1775940668\n|switch|p2a: Garchomp|Garchomp, L50, M|100/100\n|turn|4\n|\n|t:|1775940690\n|move|p1a: Lucario|Icy Wind|p2b: Incineroar|[spread] p2a,p2b\n|-supereffective|p2a: Garchomp|2\n|-resisted|p2b: Incineroar|1\n|-crit|p2b: Incineroar\n|-damage|p2a: Garchomp|42/100\n|-damage|p2b: Incineroar|10/100\n|-unboost|p2a: Garchomp|spe|1\n|-unboost|p2b: Incineroar|spe|1\n|move|p1b: Lucario|Rock Slide|p2a: Garchomp|[spread] p2a,p2b\n|-resisted|p2a: Garchomp|1\n|-supereffective|p2b: Incineroar|1\n|-damage|p2a: Garchomp|34/100\n|-damage|p2b: Incineroar|0 fnt\n|faint|p2b: Incineroar\n|move|p2a: Garchomp|Earthquake|p1b: Lucario|[spread] p1a,p1b\n|-supereffective|p1b: Lucario|1\n|-damage|p1a: Lucario|18/100\n|-damage|p1b: Lucario|0 fnt\n|replace|p1a: Zoroark|Zoroark-Hisui, L50, F\n|-end|p1a: Zoroark|Illusion\n|faint|p1b: Lucario\n|\n|upkeep\n|\n|t:|1775940706\n|switch|p1b: Incineroar|Incineroar, L50, F|8/100\n|switch|p2b: Charizard|Charizard, L50, M|100/100\n|-ability|p1b: Incineroar|Intimidate|boost\n|-unboost|p2a: Garchomp|atk|1\n|-unboost|p2b: Charizard|atk|1\n|turn|5\n|\n|t:|1775940730\n|move|p1b: Incineroar|Fake Out|p2b: Charizard\n|-damage|p2b: Charizard|82/100\n|move|p1a: Zoroark|Icy Wind|p2a: Garchomp|[spread] p2a,p2b\n|-supereffective|p2a: Garchomp|2\n|-damage|p2a: Garchomp|0 fnt\n|-damage|p2b: Charizard|64/100\n|-unboost|p2b: Charizard|spe|1\n|faint|p2a: Garchomp\n|cant|p2b: Charizard|flinch\n|\n|upkeep\n|turn|6\n|\n|t:|1775940755\n|move|p1a: Zoroark|Knock Off|p2b: Charizard\n|-damage|p2b: Charizard|41/100\n|move|p2b: Charizard|Heat Wave|p1a: Zoroark|[spread] p1a,p1b\n|-resisted|p1b: Incineroar|1\n|-damage|p1a: Zoroark|0 fnt\n|-damage|p1b: Incineroar|0 fnt\n|faint|p1a: Zoroark\n|faint|p1b: Incineroar\n|\n|win|Speyeke\n|raw|Everest_Eternal's rating: 1041 &rarr; <strong>1023</strong><br />(-18 for losing)\n|raw|Speyeke's rating: 1000 &rarr; <strong>1045</strong><br />(+45 for winning)\n|c|\u2606Everest_Eternal|gg\n|c|\u2606Speyeke|gg\n",
  "uploadtime": 1775940763,
  "views": 12,
  "formatid": "gen9championsvgc2026regma",
  "rating": 1023,
  "private": 0,
  "password": null
}