{
  "id": "gen9championsvgc2026regma-2582249140",
  "format": "[Gen 9 Champions] VGC 2026 Reg M-A",
  "players": [
    "Schraiber",
    "colfox"
  ],
  "log": "|j|\u2606Schraiber\n|j|\u2606colfox\n|t:|1776076007\n|gametype|doubles\n|player|p1|Schraiber|blue|1007\n|player|p2|colfox|1|1000\n|gen|9\n|tier|[Gen 9 Champions] VGC 2026 Reg M-A\n|rated|\n|rule|Species Clause: Limit one of each Pok\u00e9mon\n|rule|Item Clause: Limit 1 of each item\n|clearpoke\n|poke|p1|Talonflame, L50, M|\n|poke|p1|Tyranitar, L50, M|\n|poke|p1|Lycanroc, L50, M|\n|poke|p1|Milotic, L50, F|\n|poke|p1|Sinistcha-Masterpiece, L50|\n|poke|p1|Incineroar, L50, F|\n|poke|p2|Ninetales, L50, F|\n|poke|p2|Dragonite, L50, M|\n|poke|p2|Sylveon, L50, F|\n|poke|p2|Milotic, L50, F|\n|poke|p2|Delphox, L50, M|\n|poke|p2|Garchomp, L50, M|\n|teampreview|4\n|inactive|Battle timer is ON: inactive players will automatically lose when time's up. (requested by Schraiber)\n|inactive|Schraiber has 60 seconds left.\n|inactive|colfox has 60 seconds left.\n|inactive|Schraiber has 30 seconds left.\n|inactive|Schraiber has 20 seconds left.\n|inactive|Schraiber has 15 seconds left.\n|inactive|Schraiber has 10 seconds left.\n|\n|t:|1776076089\n|teamsize|p1|4\n|teamsize|p2|4\n|start\n|switch|p1a: Talonflame|Talonflame, L50, M, shiny|100/100\n|switch|p1b: Tyranitar|Tyranitar, L50, M|100/100\n|switch|p2a: Milotic|Milotic, L50, F|100/100\n|switch|p2b: Delphox|Delphox, L50, M|100/100\n|-weather|Sandstorm|[from] ability: Sand Stream|[of] p1b: Tyranitar\n|turn|1\n|\n|t:|1776076107\n|detailschange|p2b: Delphox|Delphox-Mega, L50, M\n|-mega|p2b: Delphox|Delphox|Delphoxite\n|move|p2b: Delphox|Protect|p2b: Delphox\n|-singleturn|p2b: Delphox|Protect\n|move|p1b: Tyranitar|Protect|p1b: Tyranitar\n|-singleturn|p1b: Tyranitar|Protect\n|move|p1a: Talonflame|Tailwind|p1a: Talonflame\n|-sidestart|p1: Schraiber|move: Tailwind\n|move|p2a: Milotic|Icy Wind|p1a: Talonflame|[spread] p1a\n|-activate|p1b: Tyranitar|move: Protect\n|-damage|p1a: Talonflame|78/100\n|-unboost|p1a: Talonflame|spe|1\n|\n|-weather|Sandstorm|[upkeep]\n|-damage|p1a: Talonflame|72/100|[from] Sandstorm\n|-damage|p2b: Delphox|94/100|[from] Sandstorm\n|-damage|p2a: Milotic|95/100|[from] Sandstorm\n|-heal|p2a: Milotic|100/100|[from] item: Leftovers\n|upkeep\n|turn|2\n|inactive|Schraiber has 30 seconds left.\n|inactive|colfox has 30 seconds left.\n|\n|t:|1776076136\n|switch|p2b: Sylveon|Sylveon, L50, F|100/100\n|move|p1a: Talonflame|Acrobatics|p2a: Milotic\n|-damage|p2a: Milotic|51/100\n|move|p1b: Tyranitar|Rock Slide|p2a: Milotic|[spread] p2a,p2b\n|-damage|p2a: Milotic|15/100\n|-damage|p2b: Sylveon|63/100\n|cant|p2a: Milotic|flinch\n|\n|-weather|Sandstorm|[upkeep]\n|-damage|p1a: Talonflame|66/100|[from] Sandstorm\n|-damage|p2a: Milotic|9/100|[from] Sandstorm\n|-damage|p2b: Sylveon|57/100|[from] Sandstorm\n|-heal|p2a: Milotic|15/100|[from] item: Leftovers\n|upkeep\n|turn|3\n|\n|t:|1776076160\n|move|p2a: Milotic|Protect|p2a: Milotic\n|-singleturn|p2a: Milotic|Protect\n|move|p1a: Talonflame|Acrobatics|p2b: Sylveon\n|-damage|p2b: Sylveon|8/100\n|move|p1b: Tyranitar|Rock Slide|p2b: Sylveon|[spread] p2b\n|-activate|p2a: Milotic|move: Protect\n|-damage|p2b: Sylveon|0 fnt\n|faint|p2b: Sylveon\n|\n|-weather|Sandstorm|[upkeep]\n|-damage|p1a: Talonflame|60/100|[from] Sandstorm\n|-damage|p2a: Milotic|9/100|[from] Sandstorm\n|-heal|p2a: Milotic|15/100|[from] item: Leftovers\n|upkeep\n|\n|t:|1776076176\n|switch|p2b: Ninetales|Ninetales, L50, F|100/100\n|-weather|SunnyDay|[from] ability: Drought|[of] p2b: Ninetales\n|turn|4\n|\n|t:|1776076193\n|move|p1a: Talonflame|Protect|p1a: Talonflame\n|-singleturn|p1a: Talonflame|Protect\n|move|p1b: Tyranitar|Rock Slide|p2b: Ninetales|[spread] p2a\n|-miss|p1b: Tyranitar|p2b: Ninetales\n|-damage|p2a: Milotic|0 fnt\n|faint|p2a: Milotic\n|move|p2b: Ninetales|Will-O-Wisp|p1b: Tyranitar\n|-status|p1b: Tyranitar|brn\n|\n|-weather|SunnyDay|[upkeep]\n|-damage|p1b: Tyranitar|94/100 brn|[from] brn\n|-sideend|p1: Schraiber|move: Tailwind\n|upkeep\n|\n|t:|1776076207\n|switch|p2a: Delphox|Delphox-Mega, L50, M|94/100\n|turn|5\n|\n|t:|1776076226\n|detailschange|p1b: Tyranitar|Tyranitar-Mega, L50, M\n|-mega|p1b: Tyranitar|Tyranitar|Tyranitarite\n|-weather|Sandstorm|[from] ability: Sand Stream|[of] p1b: Tyranitar\n|move|p2a: Delphox|Shadow Ball|p1a: Talonflame\n|-damage|p1a: Talonflame|8/100\n|move|p2b: Ninetales|Heat Wave|p1b: Tyranitar|[spread] p1a\n|-miss|p2b: Ninetales|p1b: Tyranitar\n|-resisted|p1a: Talonflame|1\n|-damage|p1a: Talonflame|0 fnt\n|faint|p1a: Talonflame\n|move|p1b: Tyranitar|Rock Slide|p2b: Ninetales|[spread] p2a\n|-miss|p1b: Tyranitar|p2b: Ninetales\n|-supereffective|p2a: Delphox|1\n|-damage|p2a: Delphox|32/100\n|\n|-weather|Sandstorm|[upkeep]\n|-damage|p2a: Delphox|26/100|[from] Sandstorm\n|-damage|p2b: Ninetales|94/100|[from] Sandstorm\n|-damage|p1b: Tyranitar|88/100 brn|[from] brn\n|upkeep\n|\n|t:|1776076236\n|switch|p1a: Lycanroc|Lycanroc, L50, M|100/100\n|turn|6\n|\n|t:|1776076253\n|switch|p1b: Milotic|Milotic, L50, F, shiny|100/100\n|move|p1a: Lycanroc|Rock Slide|p2a: Delphox|[spread] p2a,p2b\n|-supereffective|p2a: Delphox|1\n|-supereffective|p2b: Ninetales|1\n|-damage|p2a: Delphox|0 fnt\n|-damage|p2b: Ninetales|17/100\n|faint|p2a: Delphox\n|move|p2b: Ninetales|Heat Wave|p1a: Lycanroc|[spread] p1a,p1b\n|-resisted|p1a: Lycanroc|1\n|-resisted|p1b: Milotic|1\n|-damage|p1a: Lycanroc|86/100\n|-damage|p1b: Milotic|92/100\n|\n|-weather|Sandstorm|[upkeep]\n|-damage|p2b: Ninetales|10/100|[from] Sandstorm\n|-damage|p1b: Milotic|86/100|[from] Sandstorm\n|-heal|p1b: Milotic|92/100|[from] item: Leftovers\n|upkeep\n|turn|7\n|\n|t:|1776076272\n|move|p1a: Lycanroc|Psychic Fangs|p2b: Ninetales\n|-damage|p2b: Ninetales|0 fnt\n|faint|p2b: Ninetales\n|\n|win|Schraiber\n|raw|Schraiber's rating: 1007 &rarr; <strong>1045</strong><br />(+38 for winning)\n|raw|colfox's rating: 1000 &rarr; <strong>1000</strong><br />(+0 for losing)\n|l|\u2606Schraiber\n|player|p1|\n",
  "uploadtime": 1776076298,
  "views": 26,
  "formatid": "gen9championsvgc2026regma",
  "rating": 1000,
  "private": 0,
  "password": null
}