{
  "id": "gen9championsvgc2026regma-2588457078",
  "format": "[Gen 9 Champions] VGC 2026 Reg M-A",
  "players": [
    "Pever3ll",
    "Dr.Bejan"
  ],
  "log": "|j|\u2606Pever3ll\n|j|\u2606Dr.Bejan\n|t:|1776635189\n|gametype|doubles\n|player|p1|Pever3ll|miku-flying|\n|player|p2|Dr.Bejan|benga|\n|gen|9\n|tier|[Gen 9 Champions] VGC 2026 Reg M-A\n|rated|Tournament battle\n|rule|Species Clause: Limit one of each Pok\u00e9mon\n|rule|Item Clause: Limit 1 of each item\n|raw|<div class=\"infobox\"><details class=\"readmore\" open><summary><strong>1 custom rule:</strong></summary> Force Open Team Sheets</details></div>\n|clearpoke\n|poke|p1|Zoroark-Hisui, L50, M|\n|poke|p1|Whimsicott, L50, F|\n|poke|p1|Chandelure, L50, M|\n|poke|p1|Floette-Eternal, L50, F|\n|poke|p1|Basculegion, L50, M|\n|poke|p1|Kingambit, L50, M|\n|poke|p2|Charizard, L50, F, shiny|\n|poke|p2|Milotic, L50, F|\n|poke|p2|Tsareena, L50, F|\n|poke|p2|Aerodactyl, L50, F|\n|poke|p2|Archaludon, L50, F, shiny|\n|poke|p2|Sneasler, L50, M, shiny|\n|teampreview|4\n|showteam|p1|Zoroark-Hisui||FocusSash|Illusion|BitterMalice,IcyWind,Protect,HyperVoice|||M|||50|]Whimsicott||MentalHerb|Prankster|FakeTears,Tailwind,Moonblast,Encore|||F|||50|]Chandelure||Chandelurite|FlashFire|ShadowBall,HeatWave,Protect,Substitute|||M|||50|]Floette-Eternal||Floettite|FlowerVeil|Protect,DazzlingGleam,LightofRuin,SunnyDay|||F|||50|]Basculegion||ChoiceScarf|Adaptability|FlipTurn,AquaJet,LastRespects,WaveCrash|||M|||50|]Kingambit||ChopleBerry|Defiant|KowtowCleave,SuckerPunch,LowKick,Protect|||M|||50|\n|showteam|p2|Charizard||CharizarditeX|Blaze|FlareBlitz,DragonClaw,DragonDance,Protect|||F|||50|]Milotic||Leftovers|Competitive|Scald,IcyWind,LifeDew,Protect|||F|||50|]Tsareena||KebiaBerry|QueenlyMajesty|TropKick,TripleAxel,LowKick,Taunt|||F|||50|]Aerodactyl||FocusSash|Unnerve|RockSlide,DualWingbeat,Tailwind,Protect|||F|||50|]Archaludon||DragonFang|Sturdy|DracoMeteor,FlashCannon,Thunderbolt,Protect|||F|||50|]Sneasler||WhiteHerb|Unburden|DireClaw,CloseCombat,FakeOut,Protect|||M|||50|\n|inactive|Battle timer is ON: inactive players will automatically lose when time's up. (requested by Dr.Bejan)\n|c|\u2606Pever3ll|gl\n|j| stinkyton\n|j| ZYLEXXX\n|j| bl00dm4fia banker\n|j| Luigi Magnezone\n|j| 138mysx\n|l| Luigi Magnezone\n|inactive|Pever3ll has 60 seconds left.\n|\n|t:|1776635229\n|teamsize|p1|4\n|teamsize|p2|4\n|start\n|switch|p1a: Whimsicott|Whimsicott, L50, F|100/100\n|switch|p1b: Basculegion|Basculegion, L50, M|100/100\n|switch|p2a: Charizard|Charizard, L50, F, shiny|100/100\n|switch|p2b: Aerodactyl|Aerodactyl, L50, F|100/100\n|-ability|p2b: Aerodactyl|Unnerve\n|turn|1\n|\n|t:|1776635246\n|switch|p2a: Tsareena|Tsareena, L50, F|100/100\n|move|p1a: Whimsicott|Tailwind|p1a: Whimsicott\n|-sidestart|p1: Pever3ll|move: Tailwind\n|move|p1b: Basculegion|Flip Turn|p2b: Aerodactyl\n|-supereffective|p2b: Aerodactyl|1\n|-crit|p2b: Aerodactyl\n|-enditem|p2b: Aerodactyl|Focus Sash\n|-damage|p2b: Aerodactyl|1/100\n|\n|t:|1776635253\n|switch|p1b: Kingambit|Kingambit, L50, M|100/100|[from] Flip Turn\n|move|p2b: Aerodactyl|Tailwind|p2b: Aerodactyl\n|-sidestart|p2: Dr.Bejan|move: Tailwind\n|\n|upkeep\n|turn|2\n|j| H4irashi\n|l| H4irashi\n|j| LanternComic\n|j| VaatiMan92\n|l| VaatiMan92\n|inactive|Dr.Bejan has 30 seconds left.\n|inactive|Pever3ll has 30 seconds left.\n|\n|t:|1776635288\n|switch|p2b: Charizard|Charizard, L50, F, shiny|100/100\n|switch|p1b: Basculegion|Basculegion, L50, M|100/100\n|move|p1a: Whimsicott|Moonblast|p2b: Charizard\n|-resisted|p2b: Charizard|1\n|-damage|p2b: Charizard|82/100\n|move|p2a: Tsareena|Triple Axel|p1a: Whimsicott\n|-supereffective|p1a: Whimsicott|1\n|-damage|p1a: Whimsicott|80/100\n|-supereffective|p1a: Whimsicott|1\n|-damage|p1a: Whimsicott|38/100\n|-supereffective|p1a: Whimsicott|1\n|-damage|p1a: Whimsicott|0 fnt\n|faint|p1a: Whimsicott\n|-hitcount|p1: Whimsicott|3\n|\n|upkeep\n|\n|t:|1776635291\n|switch|p1a: Chandelure|Chandelure, L50, M|100/100\n|turn|3\n|j| UGCL WE MISH U\n|\n|t:|1776635313\n|detailschange|p2b: Charizard|Charizard-Mega-X, L50, F, shiny\n|-mega|p2b: Charizard|Charizard|Charizardite X\n|move|p1b: Basculegion|Flip Turn|p2a: Tsareena\n|-resisted|p2a: Tsareena|1\n|-damage|p2a: Tsareena|81/100\n|j| AFRRB\n|\n|t:|1776635317\n|switch|p1b: Kingambit|Kingambit, L50, M|100/100|[from] Flip Turn\n|move|p2b: Charizard|Dragon Claw|p1a: Chandelure\n|-damage|p1a: Chandelure|45/100\n|move|p1a: Chandelure|Heat Wave|p2b: Charizard|[spread] p2a,p2b\n|-supereffective|p2a: Tsareena|1\n|-resisted|p2b: Charizard|2\n|-damage|p2a: Tsareena|0 fnt\n|-damage|p2b: Charizard|70/100\n|faint|p2a: Tsareena\n|\n|upkeep\n|\n|t:|1776635330\n|switch|p2a: Sneasler|Sneasler, L50, M, shiny|100/100\n|turn|4\n|\n|t:|1776635343\n|move|p1a: Chandelure|Protect|p1a: Chandelure\n|-singleturn|p1a: Chandelure|Protect\n|move|p1b: Kingambit|Sucker Punch|p2b: Charizard\n|-damage|p2b: Charizard|35/100\n|move|p2a: Sneasler|Close Combat|p1b: Kingambit\n|-supereffective|p1b: Kingambit|2\n|-enditem|p1b: Kingambit|Chople Berry|[eat]\n|-enditem|p1b: Kingambit|Chople Berry|[weaken]\n|-damage|p1b: Kingambit|12/100\n|-unboost|p2a: Sneasler|def|1\n|-unboost|p2a: Sneasler|spd|1\n|-enditem|p2a: Sneasler|White Herb\n|-clearnegativeboost|p2a: Sneasler|[silent]\n|move|p2b: Charizard|Dragon Claw|p1a: Chandelure\n|-activate|p1a: Chandelure|move: Protect\n|\n|-sideend|p1: Pever3ll|move: Tailwind\n|-sideend|p2: Dr.Bejan|move: Tailwind\n|upkeep\n|turn|5\n|inactive|Dr.Bejan has 30 seconds left.\n|inactive|Pever3ll has 30 seconds left.\n|\n|t:|1776635381\n|detailschange|p1a: Chandelure|Chandelure-Mega, L50, M\n|-mega|p1a: Chandelure|Chandelure|Chandelurite\n|move|p2b: Charizard|Protect|p2b: Charizard\n|-singleturn|p2b: Charizard|Protect\n|move|p2a: Sneasler|Close Combat|p1b: Kingambit\n|-supereffective|p1b: Kingambit|2\n|-damage|p1b: Kingambit|0 fnt\n|-unboost|p2a: Sneasler|def|1\n|-unboost|p2a: Sneasler|spd|1\n|faint|p1b: Kingambit\n|move|p1a: Chandelure|Shadow Ball|p2a: Sneasler\n|-damage|p2a: Sneasler|0 fnt\n|faint|p2a: Sneasler\n|\n|upkeep\n|\n|t:|1776635386\n|switch|p2a: Aerodactyl|Aerodactyl, L50, F|1/100\n|switch|p1b: Basculegion|Basculegion, L50, M|100/100\n|-ability|p2a: Aerodactyl|Unnerve\n|turn|6\n|\n|t:|1776635401\n|move|p2a: Aerodactyl|Protect|p2a: Aerodactyl\n|-singleturn|p2a: Aerodactyl|Protect\n|move|p1b: Basculegion|Last Respects|p2b: Charizard\n|-damage|p2b: Charizard|0 fnt\n|faint|p2b: Charizard\n|move|p1a: Chandelure|Shadow Ball|p2a: Aerodactyl\n|-activate|p2a: Aerodactyl|move: Protect\n|\n|upkeep\n|turn|7\n|\n|t:|1776635408\n|move|p2a: Aerodactyl|Rock Slide|p1a: Chandelure|[spread] p1a,p1b\n|-supereffective|p1a: Chandelure|1\n|-damage|p1a: Chandelure|0 fnt\n|-damage|p1b: Basculegion|69/100\n|faint|p1a: Chandelure\n|move|p1b: Basculegion|Last Respects|p2a: Aerodactyl\n|-damage|p2a: Aerodactyl|0 fnt\n|faint|p2a: Aerodactyl\n|\n|win|Pever3ll\n|n|\u2606Pever3ll|pever3ll\n|n|\u2606Dr.Bejan|drbejan\n|n| stinkyton|stinkyton\n|n| ZYLEXXX|zylexxx\n|n| bl00dm4fia banker|bl00dm4fiabanker\n|n| 138mysx|138mysx\n|n| LanternComic|lanterncomic\n|n| UGCL WE MISH U|ugclwemishu\n|n| AFRRB|afrrb\n",
  "uploadtime": 1776635408,
  "views": 7,
  "formatid": "gen9championsvgc2026regma",
  "rating": null,
  "private": 0,
  "password": null
}