{
  "id": "gen9championsvgc2026regma-2585615117",
  "format": "[Gen 9 Champions] VGC 2026 Reg M-A",
  "players": [
    "kreb14",
    "edo ghira"
  ],
  "log": "|j|\u2606kreb14\n|j|\u2606edo ghira\n|t:|1776359035\n|gametype|doubles\n|player|p1|kreb14|striker|1067\n|player|p2|edo ghira|lance|1083\n|gen|9\n|tier|[Gen 9 Champions] VGC 2026 Reg M-A\n|rated|\n|rule|Species Clause: Limit one of each Pok\u00e9mon\n|rule|Item Clause: Limit 1 of each item\n|clearpoke\n|poke|p1|Floette-Eternal, L50, F|\n|poke|p1|Whimsicott, L50, F|\n|poke|p1|Pelipper, L50, F|\n|poke|p1|Archaludon, L50, F|\n|poke|p1|Incineroar, L50, M|\n|poke|p1|Basculegion, L50, M|\n|poke|p2|Oranguru, L50, M|\n|poke|p2|Golurk, L50|\n|poke|p2|Incineroar, L50, F|\n|poke|p2|Conkeldurr, L50, F|\n|poke|p2|Maushold-Four, L50|\n|poke|p2|Empoleon, L50, F|\n|teampreview|4\n|\n|t:|1776359079\n|teamsize|p1|4\n|teamsize|p2|4\n|start\n|switch|p1a: Floette|Floette-Eternal, L50, F|100/100\n|switch|p1b: Whimsicott|Whimsicott, L50, F|100/100\n|switch|p2a: Oranguru|Oranguru, L50, M|100/100\n|switch|p2b: Empoleon|Empoleon, L50, F|100/100\n|turn|1\n|\n|t:|1776359113\n|detailschange|p1a: Floette|Floette-Mega, L50, F\n|-mega|p1a: Floette|Floette|Floettite\n|-ability|p1a: Floette|Fairy Aura\n|move|p1a: Floette|Protect|p1a: Floette\n|-singleturn|p1a: Floette|Protect\n|move|p1b: Whimsicott|Tailwind|p1b: Whimsicott\n|-sidestart|p1: kreb14|move: Tailwind\n|move|p2b: Empoleon|Flash Cannon|p1b: Whimsicott\n|-supereffective|p1b: Whimsicott|1\n|-damage|p1b: Whimsicott|8/100\n|move|p2a: Oranguru|Trick Room|p2a: Oranguru\n|-fieldstart|move: Trick Room|[of] p2a: Oranguru\n|\n|upkeep\n|turn|2\n|\n|t:|1776359135\n|switch|p2a: Golurk|Golurk, L50|100/100\n|move|p1b: Whimsicott|Taunt|p2a: Golurk\n|-start|p2a: Golurk|move: Taunt\n|move|p2b: Empoleon|Flash Cannon|p1a: Floette\n|-supereffective|p1a: Floette|1\n|-damage|p1a: Floette|33/100\n|move|p1a: Floette|Light of Ruin|p2b: Empoleon\n|-resisted|p2b: Empoleon|1\n|-damage|p2b: Empoleon|49/100\n|-damage|p1a: Floette|1/100|[from] Recoil\n|\n|upkeep\n|turn|3\n|\n|t:|1776359152\n|switch|p1a: Pelipper|Pelipper, L50, F|100/100\n|-weather|RainDance|[from] ability: Drizzle|[of] p1a: Pelipper\n|switch|p1b: Basculegion|Basculegion, L50, M|100/100\n|detailschange|p2a: Golurk|Golurk-Mega, L50\n|-mega|p2a: Golurk|Golurk|Golurkite\n|move|p2a: Golurk|Headlong Rush|p1a: Pelipper\n|-immune|p1a: Pelipper\n|move|p2b: Empoleon|Flash Cannon|p1b: Basculegion\n|-resisted|p1b: Basculegion|1\n|-damage|p1b: Basculegion|81/100\n|\n|-weather|RainDance|[upkeep]\n|upkeep\n|turn|4\n|\n|t:|1776359188\n|move|p2a: Golurk|Poltergeist|p1b: Basculegion\n|-activate|p1b: Basculegion|move: Poltergeist|Choice Scarf\n|-supereffective|p1b: Basculegion|1\n|-damage|p1b: Basculegion|0 fnt\n|faint|p1b: Basculegion\n|move|p2b: Empoleon|Hydro Pump|p1a: Pelipper\n|-resisted|p1a: Pelipper|1\n|-damage|p1a: Pelipper|53/100\n|move|p1a: Pelipper|Weather Ball|p2a: Golurk\n|-supereffective|p2a: Golurk|1\n|-damage|p2a: Golurk|3/100\n|\n|-weather|RainDance|[upkeep]\n|-heal|p1a: Pelipper|59/100|[from] item: Leftovers\n|-end|p2a: Golurk|move: Taunt\n|-sideend|p1: kreb14|move: Tailwind\n|upkeep\n|\n|t:|1776359201\n|switch|p1b: Whimsicott|Whimsicott, L50, F|8/100\n|turn|5\n|\n|t:|1776359213\n|move|p1a: Pelipper|Protect|p1a: Pelipper\n|-singleturn|p1a: Pelipper|Protect\n|move|p1b: Whimsicott|Tailwind|p1b: Whimsicott\n|-sidestart|p1: kreb14|move: Tailwind\n|move|p2a: Golurk|Ice Punch|p1b: Whimsicott\n|-supereffective|p1b: Whimsicott|1\n|-damage|p1b: Whimsicott|0 fnt\n|faint|p1b: Whimsicott\n|move|p2b: Empoleon|Hydro Pump|p1a: Pelipper\n|-activate|p1a: Pelipper|move: Protect\n|\n|-weather|RainDance|[upkeep]\n|-heal|p1a: Pelipper|64/100|[from] item: Leftovers\n|-fieldend|move: Trick Room\n|upkeep\n|\n|t:|1776359221\n|switch|p1b: Floette|Floette-Mega, L50, F|1/100\n|-ability|p1b: Floette|Fairy Aura\n|turn|6\n|\n|t:|1776359233\n|move|p1b: Floette|Protect|p1b: Floette\n|-singleturn|p1b: Floette|Protect\n|move|p2b: Empoleon|Protect|p2b: Empoleon\n|-singleturn|p2b: Empoleon|Protect\n|move|p1a: Pelipper|Weather Ball|p2b: Empoleon\n|-activate|p2b: Empoleon|move: Protect\n|move|p2a: Golurk|Ice Punch|p1b: Floette\n|-ability|p2a: Golurk|Unseen Fist\n|-zbroken|p1b: Floette\n|-damage|p1b: Floette|0 fnt\n|faint|p1b: Floette\n|\n|-weather|RainDance|[upkeep]\n|-heal|p1a: Pelipper|70/100|[from] item: Leftovers\n|upkeep\n|turn|7\n|-message|kreb14 forfeited.\n|\n|win|edo ghira\n|raw|kreb14's rating: 1067 &rarr; <strong>1048</strong><br />(-19 for losing)\n|raw|edo ghira's rating: 1083 &rarr; <strong>1109</strong><br />(+26 for winning)\n|l|\u2606kreb14\n|player|p1|\n",
  "uploadtime": 1776359271,
  "views": 25,
  "formatid": "gen9championsvgc2026regma",
  "rating": 1048,
  "private": 0,
  "password": null
}