{
  "id": "gen9championsvgc2026regma-2589479945",
  "format": "[Gen 9 Champions] VGC 2026 Reg M-A",
  "players": [
    "duvay",
    "sneedjak"
  ],
  "log": "|j|\u2606duvay\n|j|\u2606sneedjak\n|t:|1776726730\n|gametype|doubles\n|player|p1|duvay|102|1101\n|player|p2|sneedjak|170|1137\n|gen|9\n|tier|[Gen 9 Champions] VGC 2026 Reg M-A\n|rated|\n|rule|Species Clause: Limit one of each Pok\u00e9mon\n|rule|Item Clause: Limit 1 of each item\n|clearpoke\n|poke|p1|Tyrantrum, L50, M|\n|poke|p1|Talonflame, L50, F|\n|poke|p1|Sinistcha, L50|\n|poke|p1|Gyarados, L50, F|\n|poke|p1|Gardevoir, L50, F|\n|poke|p1|Sneasler, L50, F|\n|poke|p2|Incineroar, L50, M|\n|poke|p2|Sinistcha, L50|\n|poke|p2|Basculegion, L50, M|\n|poke|p2|Floette-Eternal, L50, F|\n|poke|p2|Whimsicott, L50, F|\n|poke|p2|Liepard, L50, F, shiny|\n|teampreview|4\n|inactive|Battle timer is ON: inactive players will automatically lose when time's up. (requested by duvay)\nduvay rejected open team sheets.\n|inactive|duvay has 60 seconds left.\n|\n|t:|1776726778\n|teamsize|p1|4\n|teamsize|p2|4\n|start\n|switch|p1a: Tyrantrum|Tyrantrum, L50, M|100/100\n|switch|p1b: Sneasler|Sneasler, L50, F|100/100\n|switch|p2a: Liepard|Liepard, L50, F, shiny|100/100\n|switch|p2b: Floette|Floette-Eternal, L50, F|100/100\n|turn|1\n|\n|t:|1776726799\n|detailschange|p2b: Floette|Floette-Mega, L50, F\n|-mega|p2b: Floette|Floette|Floettite\n|-ability|p2b: Floette|Fairy Aura\n|move|p2a: Liepard|Fake Out|p1b: Sneasler\n|-damage|p1b: Sneasler|86/100\n|cant|p1b: Sneasler|flinch\n|move|p2b: Floette|Dazzling Gleam|p1a: Tyrantrum|[spread] p1a,p1b\n|-supereffective|p1a: Tyrantrum|1\n|-damage|p1a: Tyrantrum|0 fnt\n|-damage|p1b: Sneasler|18/100\n|faint|p1a: Tyrantrum\n|\n|upkeep\n|inactive|duvay has 30 seconds left.\n|\n|t:|1776726828\n|switch|p1a: Gardevoir|Gardevoir, L50, F|100/100\n|-ability|p1a: Gardevoir|Fairy Aura|Trace|[from] ability: Trace|[of] p2b: Floette\n|-ability|p1a: Gardevoir|Fairy Aura\n|turn|2\n|\n|t:|1776726848\n|switch|p2a: Incineroar|Incineroar, L50, M|100/100\n|-ability|p2a: Incineroar|Intimidate|boost\n|-unboost|p1a: Gardevoir|atk|1\n|-unboost|p1b: Sneasler|atk|1\n|detailschange|p1a: Gardevoir|Gardevoir-Mega, L50, F\n|-mega|p1a: Gardevoir|Gardevoir|Gardevoirite\n|move|p1b: Sneasler|Dire Claw|p2b: Floette\n|-supereffective|p2b: Floette|1\n|-damage|p2b: Floette|19/100\n|-status|p2b: Floette|slp\n|cant|p2b: Floette|slp\n|move|p1a: Gardevoir|Hyper Voice|p2b: Floette|[spread] p2a,p2b\n|-damage|p2a: Incineroar|27/100\n|-damage|p2b: Floette|0 fnt\n|-enditem|p2a: Incineroar|Sitrus Berry|[eat]\n|-heal|p2a: Incineroar|52/100|[from] item: Sitrus Berry\n|faint|p2b: Floette\n|\n|upkeep\n|\n|t:|1776726859\n|switch|p2b: Liepard|Liepard, L50, F, shiny|100/100\n|turn|3\n|\n|t:|1776726870\n|switch|p1b: Sinistcha|Sinistcha, L50|100/100\n|move|p2b: Liepard|Fake Out|p1a: Gardevoir\n|-damage|p1a: Gardevoir|89/100\n|move|p2a: Incineroar|Fake Out|p1b: Sinistcha\n|-immune|p1b: Sinistcha\n|cant|p1a: Gardevoir|flinch\n|\n|upkeep\n|turn|4\n|\n|t:|1776726892\n|move|p2b: Liepard|Fake Tears|p1a: Gardevoir\n|-unboost|p1a: Gardevoir|spd|2\n|move|p1a: Gardevoir|Hyper Voice|p2b: Liepard|[spread] p2a,p2b\n|-supereffective|p2b: Liepard|1\n|-damage|p2a: Incineroar|1/100\n|-enditem|p2b: Liepard|Focus Sash\n|-damage|p2b: Liepard|1/100\n|move|p1b: Sinistcha|Matcha Gotcha|p2a: Incineroar|[spread] p2a,p2b\n|-resisted|p2a: Incineroar|1\n|-damage|p2a: Incineroar|0 fnt\n|-damage|p2b: Liepard|0 fnt\n|faint|p2a: Incineroar\n|faint|p2b: Liepard\n|\n|upkeep\n|\n|t:|1776726902\n|switch|p2b: Sinistcha|Sinistcha, L50|100/100\n|turn|5\n|\n|t:|1776726917\n|move|p1a: Gardevoir|Hyper Voice|p2b: Sinistcha\n|-damage|p2b: Sinistcha|0 fnt\n|faint|p2b: Sinistcha\n|\n|win|duvay\n|raw|duvay's rating: 1101 &rarr; <strong>1129</strong><br />(+28 for winning)\n|raw|sneedjak's rating: 1137 &rarr; <strong>1109</strong><br />(-28 for losing)\n",
  "uploadtime": 1776726920,
  "views": 8,
  "formatid": "gen9championsvgc2026regma",
  "rating": 1109,
  "private": 0,
  "password": null
}