{
  "id": "gen9championsvgc2026regma-2582810933",
  "format": "[Gen 9 Champions] VGC 2026 Reg M-A",
  "players": [
    "sudthemudbud",
    "lufox2.0"
  ],
  "log": "|j|\u2606sudthemudbud\n|j|\u2606lufox2.0\n|t:|1776115875\n|gametype|doubles\n|player|p1|sudthemudbud|palmer|1057\n|player|p2|lufox2.0|n|1103\n|gen|9\n|tier|[Gen 9 Champions] VGC 2026 Reg M-A\n|rated|\n|rule|Species Clause: Limit one of each Pok\u00e9mon\n|rule|Item Clause: Limit 1 of each item\n|clearpoke\n|poke|p1|Glimmora, L50, M|\n|poke|p1|Whimsicott, L50, F|\n|poke|p1|Pelipper, L50, M|\n|poke|p1|Basculegion, L50, M|\n|poke|p1|Archaludon, L50, M|\n|poke|p1|Incineroar, L50, M|\n|poke|p2|Sharpedo, L50, F|\n|poke|p2|Pelipper, L50, M|\n|poke|p2|Rotom-Mow, L50|\n|poke|p2|Lucario, L50, M|\n|poke|p2|Liepard, L50, M|\n|poke|p2|Tyrantrum, L50, M|\n|teampreview|4\n|inactive|Battle timer is ON: inactive players will automatically lose when time's up. (requested by lufox2.0)\n|inactive|lufox2.0 has 60 seconds left.\n|\n|t:|1776115906\n|teamsize|p1|4\n|teamsize|p2|4\n|start\n|switch|p1a: Glimmora|Glimmora, L50, M|100/100\n|switch|p1b: Whimsicott|Whimsicott, L50, F|100/100\n|switch|p2a: Pelipper|Pelipper, L50, M|100/100\n|switch|p2b: Liepard|Liepard, L50, M|100/100\n|-weather|RainDance|[from] ability: Drizzle|[of] p2a: Pelipper\n|turn|1\n|\n|t:|1776115923\n|detailschange|p1a: Glimmora|Glimmora-Mega, L50, M\n|-mega|p1a: Glimmora|Glimmora|Glimmoranite\n|move|p1b: Whimsicott|Protect|p1b: Whimsicott\n|-singleturn|p1b: Whimsicott|Protect\n|move|p1a: Glimmora|Spiky Shield|p1a: Glimmora\n|-singleturn|p1a: Glimmora|move: Protect\n|move|p2b: Liepard|Fake Out|p1b: Whimsicott\n|-activate|p1b: Whimsicott|move: Protect\n|move|p2a: Pelipper|Hydro Pump|p1a: Glimmora\n|-activate|p1a: Glimmora|move: Protect\n|\n|-weather|RainDance|[upkeep]\n|upkeep\n|turn|2\n|\n|t:|1776115943\n|move|p1b: Whimsicott|Tailwind|p1b: Whimsicott\n|-sidestart|p1: sudthemudbud|move: Tailwind\n|move|p2b: Liepard|Encore|p1a: Glimmora\n|-start|p1a: Glimmora|Encore\n|move|p1a: Glimmora|Spiky Shield||[still]\n|-fail|p1a: Glimmora\n|move|p2a: Pelipper|Hydro Pump|p1a: Glimmora|[miss]\n|-miss|p2a: Pelipper|p1a: Glimmora\n|\n|-weather|RainDance|[upkeep]\n|upkeep\n|turn|3\n|\n|t:|1776115960\n|switch|p1a: Pelipper|Pelipper, L50, M|100/100\n|move|p2b: Liepard|Encore|p1b: Whimsicott\n|-start|p1b: Whimsicott|Encore\n|-enditem|p1b: Whimsicott|Mental Herb\n|-end|p1b: Whimsicott|Encore\n|move|p1b: Whimsicott|Moonblast|p2b: Liepard\n|-supereffective|p2b: Liepard|1\n|-damage|p2b: Liepard|0 fnt\n|faint|p2b: Liepard\n|move|p2a: Pelipper|Hydro Pump|p1a: Pelipper\n|-resisted|p1a: Pelipper|1\n|-damage|p1a: Pelipper|44/100\n|\n|-weather|RainDance|[upkeep]\n|upkeep\n|\n|t:|1776115977\n|switch|p2b: Lucario|Lucario, L50, M|100/100\n|turn|4\n|\n|t:|1776115994\n|move|p2b: Lucario|Bullet Punch|p1b: Whimsicott\n|-supereffective|p1b: Whimsicott|1\n|-damage|p1b: Whimsicott|35/100\n|move|p1a: Pelipper|Hurricane|p2b: Lucario\n|-damage|p2b: Lucario|28/100\n|move|p1b: Whimsicott|Moonblast|p2a: Pelipper\n|-crit|p2a: Pelipper\n|-damage|p2a: Pelipper|31/100\n|move|p2a: Pelipper|Tailwind|p2a: Pelipper\n|-sidestart|p2: lufox2.0|move: Tailwind\n|\n|-weather|RainDance|[upkeep]\n|upkeep\n|turn|5\n|\n|t:|1776116014\n|move|p1b: Whimsicott|Protect|p1b: Whimsicott\n|-singleturn|p1b: Whimsicott|Protect\n|move|p2b: Lucario|Bullet Punch|p1b: Whimsicott\n|-activate|p1b: Whimsicott|move: Protect\n|move|p1a: Pelipper|Hurricane|p2b: Lucario\n|-damage|p2b: Lucario|0 fnt\n|faint|p2b: Lucario\n|move|p2a: Pelipper|Hurricane|p1a: Pelipper\n|-damage|p1a: Pelipper|0 fnt\n|faint|p1a: Pelipper\n|\n|-weather|none\n|-sideend|p1: sudthemudbud|move: Tailwind\n|upkeep\n|\n|t:|1776116033\n|switch|p2b: Sharpedo|Sharpedo, L50, F|100/100\n|switch|p1a: Glimmora|Glimmora-Mega, L50, M|100/100\n|turn|6\n|\n|t:|1776116056\n|detailschange|p2b: Sharpedo|Sharpedo-Mega, L50, F\n|-mega|p2b: Sharpedo|Sharpedo|Sharpedonite\n|move|p1b: Whimsicott|Tailwind|p1b: Whimsicott\n|-sidestart|p1: sudthemudbud|move: Tailwind\n|move|p2b: Sharpedo|Liquidation|p1a: Glimmora\n|-supereffective|p1a: Glimmora|1\n|-damage|p1a: Glimmora|0 fnt\n|faint|p1a: Glimmora\n|move|p2a: Pelipper|Hurricane|p1b: Whimsicott\n|-supereffective|p1b: Whimsicott|1\n|-damage|p1b: Whimsicott|0 fnt\n|faint|p1b: Whimsicott\n|\n|upkeep\n|\n|t:|1776116068\n|switch|p1a: Basculegion|Basculegion, L50, M|100/100\n|turn|7\n|\n|t:|1776116083\n|move|p2b: Sharpedo|Crunch|p1a: Basculegion\n|-supereffective|p1a: Basculegion|1\n|-enditem|p1a: Basculegion|Focus Sash\n|-damage|p1a: Basculegion|1/100\n|move|p1a: Basculegion|Last Respects|p2a: Pelipper\n|-damage|p2a: Pelipper|0 fnt\n|faint|p2a: Pelipper\n|\n|-sideend|p2: lufox2.0|move: Tailwind\n|upkeep\n|turn|8\n|inactive|sudthemudbud has 30 seconds left.\n|inactive|sudthemudbud has 20 seconds left.\n|\n|t:|1776116119\n|move|p1a: Basculegion|Last Respects|p2b: Sharpedo\n|-resisted|p2b: Sharpedo|1\n|-damage|p2b: Sharpedo|0 fnt\n|faint|p2b: Sharpedo\n|\n|win|sudthemudbud\n|raw|sudthemudbud's rating: 1057 &rarr; <strong>1093</strong><br />(+36 for winning)\n|raw|lufox2.0's rating: 1103 &rarr; <strong>1075</strong><br />(-28 for losing)\n|c|\u2606sudthemudbud|w speed\n|c|\u2606lufox2.0|last respects should be baned\n",
  "uploadtime": 1776116155,
  "views": 14,
  "formatid": "gen9championsvgc2026regma",
  "rating": 1075,
  "private": 0,
  "password": null
}