{
  "id": "gen9championsvgc2026regma-2588815160",
  "format": "[Gen 9 Champions] VGC 2026 Reg M-A",
  "players": [
    "VocaBeat",
    "antontest"
  ],
  "log": "|j|\u2606VocaBeat\n|j|\u2606antontest\n|t:|1776674243\n|gametype|doubles\n|player|p1|VocaBeat|miku-water|1110\n|player|p2|antontest|265|1049\n|gen|9\n|tier|[Gen 9 Champions] VGC 2026 Reg M-A\n|rated|\n|rule|Species Clause: Limit one of each Pok\u00e9mon\n|rule|Item Clause: Limit 1 of each item\n|clearpoke\n|poke|p1|Skarmory, L50, M|\n|poke|p1|Garchomp, L50, M|\n|poke|p1|Sneasler, L50, M|\n|poke|p1|Milotic, L50, F|\n|poke|p1|Sinistcha-Masterpiece, L50|\n|poke|p1|Talonflame, L50, M|\n|poke|p2|Sneasler, L50, M|\n|poke|p2|Sinistcha, L50|\n|poke|p2|Feraligatr, L50, M|\n|poke|p2|Kingambit, L50, M|\n|poke|p2|Talonflame, L50, F|\n|poke|p2|Gardevoir, L50, F|\n|teampreview|4\n|inactive|Battle timer is ON: inactive players will automatically lose when time's up. (requested by VocaBeat)\n|inactive|VocaBeat has 60 seconds left.\n|inactive|antontest has 60 seconds left.\n|inactive|antontest has 30 seconds left.\n|\n|t:|1776674308\n|teamsize|p1|4\n|teamsize|p2|4\n|start\n|switch|p1a: Garchomp|Garchomp, L50, M|100/100\n|switch|p1b: Milotic|Milotic, L50, F|100/100\n|switch|p2a: Talonflame|Talonflame, L50, F|100/100\n|switch|p2b: Kingambit|Kingambit, L50, M|100/100\n|turn|1\n|inactive|VocaBeat has 30 seconds left.\n|inactive|antontest has 30 seconds left.\n|inactive|VocaBeat has 20 seconds left.\n|inactive|VocaBeat has 15 seconds left.\n|inactive|VocaBeat has 10 seconds left.\n|\n|t:|1776674355\n|move|p2a: Talonflame|Protect|p2a: Talonflame\n|-singleturn|p2a: Talonflame|Protect\n|move|p1a: Garchomp|Rock Slide|p2a: Talonflame|[spread] p2b\n|-activate|p2a: Talonflame|move: Protect\n|-resisted|p2b: Kingambit|1\n|-damage|p2b: Kingambit|93/100\n|move|p1b: Milotic|Scald|p2b: Kingambit\n|-damage|p2b: Kingambit|65/100\n|move|p2b: Kingambit|Kowtow Cleave|p1b: Milotic\n|-damage|p1b: Milotic|65/100\n|\n|-heal|p1b: Milotic|71/100|[from] item: Leftovers\n|upkeep\n|turn|2\n|inactive|antontest has 30 seconds left.\n|inactive|antontest has 20 seconds left.\n|\n|t:|1776674395\n|switch|p2a: Sneasler|Sneasler, L50, M|100/100\n|move|p1a: Garchomp|Rock Slide|p2a: Sneasler|[spread] p2a,p2b\n|-resisted|p2a: Sneasler|1\n|-resisted|p2b: Kingambit|1\n|-damage|p2a: Sneasler|85/100\n|-damage|p2b: Kingambit|58/100\n|move|p1b: Milotic|Scald|p2b: Kingambit\n|-damage|p2b: Kingambit|34/100\n|-status|p2b: Kingambit|brn\n|-enditem|p2b: Kingambit|Lum Berry|[eat]\n|-curestatus|p2b: Kingambit|brn|[msg]\n|cant|p2b: Kingambit|flinch\n|\n|-heal|p1b: Milotic|77/100|[from] item: Leftovers\n|upkeep\n|turn|3\n|inactive|antontest has 30 seconds left.\n|inactive|antontest has 20 seconds left.\n|inactive|antontest has 15 seconds left.\n|\n|t:|1776674436\n|switch|p1a: Talonflame|Talonflame, L50, M|100/100\n|switch|p2b: Gardevoir|Gardevoir, L50, F|100/100\n|-ability|p2b: Gardevoir|Competitive|Trace|[from] ability: Trace|[of] p1b: Milotic\n|move|p1b: Milotic|Protect|p1b: Milotic\n|-singleturn|p1b: Milotic|Protect\n|move|p2a: Sneasler|Fake Out|p1a: Talonflame\n|-damage|p1a: Talonflame|83/100\n|\n|-heal|p1b: Milotic|83/100|[from] item: Leftovers\n|upkeep\n|turn|4\n|inactive|VocaBeat has 30 seconds left.\n|inactive|antontest has 30 seconds left.\n|\n|t:|1776674469\n|switch|p2a: Talonflame|Talonflame, L50, F|100/100\n|detailschange|p2b: Gardevoir|Gardevoir-Mega, L50, F\n|-mega|p2b: Gardevoir|Gardevoir|Gardevoirite\n|move|p1a: Talonflame|Dual Wingbeat|p2a: Talonflame\n|-damage|p2a: Talonflame|75/100\n|-damage|p2a: Talonflame|51/100\n|-hitcount|p2a: Talonflame|2\n|move|p2b: Gardevoir|Hyper Voice|p1b: Milotic|[spread] p1a,p1b\n|-resisted|p1a: Talonflame|1\n|-damage|p1a: Talonflame|51/100\n|-damage|p1b: Milotic|43/100\n|move|p1b: Milotic|Icy Wind|p2a: Talonflame|[spread] p2a,p2b\n|-damage|p2a: Talonflame|36/100\n|-damage|p2b: Gardevoir|94/100\n|-unboost|p2a: Talonflame|spe|1\n|-unboost|p2b: Gardevoir|spe|1\n|\n|-heal|p1b: Milotic|49/100|[from] item: Leftovers\n|upkeep\n|turn|5\n|\n|t:|1776674487\n|move|p2a: Talonflame|Protect|p2a: Talonflame\n|-singleturn|p2a: Talonflame|Protect\n|move|p1a: Talonflame|Dual Wingbeat|p2a: Talonflame\n|-activate|p2a: Talonflame|move: Protect\n|move|p1b: Milotic|Recover|p1b: Milotic\n|-heal|p1b: Milotic|99/100\n|move|p2b: Gardevoir|Trick Room|p2b: Gardevoir\n|-fieldstart|move: Trick Room|[of] p2b: Gardevoir\n|\n|-heal|p1b: Milotic|100/100|[from] item: Leftovers\n|upkeep\n|turn|6\n|\n|t:|1776674505\n|move|p1a: Talonflame|Protect|p1a: Talonflame\n|-singleturn|p1a: Talonflame|Protect\n|move|p2b: Gardevoir|Hyper Voice|p1b: Milotic|[spread] p1b\n|-activate|p1a: Talonflame|move: Protect\n|-damage|p1b: Milotic|66/100\n|move|p1b: Milotic|Scald|p2a: Talonflame\n|-supereffective|p2a: Talonflame|1\n|-damage|p2a: Talonflame|0 fnt\n|faint|p2a: Talonflame\n|\n|-heal|p1b: Milotic|72/100|[from] item: Leftovers\n|upkeep\n|\n|t:|1776674518\n|switch|p2a: Sneasler|Sneasler, L50, M|85/100\n|turn|7\n|\n|t:|1776674527\n|move|p2b: Gardevoir|Hyper Voice|p1b: Milotic|[spread] p1a,p1b\n|-resisted|p1a: Talonflame|1\n|-damage|p1a: Talonflame|22/100\n|-damage|p1b: Milotic|34/100\n|move|p1b: Milotic|Recover|p1b: Milotic\n|-heal|p1b: Milotic|84/100\n|move|p1a: Talonflame|Dual Wingbeat|p2a: Sneasler\n|-supereffective|p2a: Sneasler|1\n|-damage|p2a: Sneasler|34/100\n|-supereffective|p2a: Sneasler|1\n|-damage|p2a: Sneasler|0 fnt\n|faint|p2a: Sneasler\n|-hitcount|p2: Sneasler|2\n|\n|-heal|p1b: Milotic|90/100|[from] item: Leftovers\n|upkeep\n|\n|t:|1776674539\n|switch|p2a: Kingambit|Kingambit, L50, M|34/100\n|turn|8\n|\n|t:|1776674553\n|move|p1b: Milotic|Protect|p1b: Milotic\n|-singleturn|p1b: Milotic|Protect\n|move|p1a: Talonflame|Protect|p1a: Talonflame\n|-singleturn|p1a: Talonflame|Protect\n|move|p2a: Kingambit|Kowtow Cleave|p1b: Milotic\n|-activate|p1b: Milotic|move: Protect\n|move|p2b: Gardevoir|Hyper Voice|p1a: Talonflame|[spread] \n|-activate|p1a: Talonflame|move: Protect\n|-activate|p1b: Milotic|move: Protect\n|\n|-heal|p1b: Milotic|96/100|[from] item: Leftovers\n|upkeep\n|turn|9\n|\n|t:|1776674568\n|move|p2a: Kingambit|Kowtow Cleave|p1b: Milotic\n|-damage|p1b: Milotic|54/100\n|move|p2b: Gardevoir|Hyper Voice|p1b: Milotic|[spread] p1a,p1b\n|-resisted|p1a: Talonflame|1\n|-damage|p1a: Talonflame|0 fnt\n|-damage|p1b: Milotic|18/100\n|faint|p1a: Talonflame\n|move|p1b: Milotic|Recover|p1b: Milotic\n|-heal|p1b: Milotic|68/100\n|\n|-heal|p1b: Milotic|74/100|[from] item: Leftovers\n|-fieldend|move: Trick Room\n|upkeep\n|\n|t:|1776674578\n|switch|p1a: Skarmory|Skarmory, L50, M|100/100\n|turn|10\n|\n|t:|1776674583\n|detailschange|p1a: Skarmory|Skarmory-Mega, L50, M\n|-mega|p1a: Skarmory|Skarmory|Skarmorite\n|move|p2a: Kingambit|Protect|p2a: Kingambit\n|-singleturn|p2a: Kingambit|Protect\n|move|p1a: Skarmory|Iron Head|p2b: Gardevoir\n|-supereffective|p2b: Gardevoir|1\n|-damage|p2b: Gardevoir|0 fnt\n|faint|p2b: Gardevoir\n|move|p1b: Milotic|Scald|p2a: Kingambit\n|-activate|p2a: Kingambit|move: Protect\n|\n|-heal|p1b: Milotic|80/100|[from] item: Leftovers\n|upkeep\n|turn|11\n|-message|antontest forfeited.\n|\n|win|VocaBeat\n|raw|VocaBeat's rating: 1110 &rarr; <strong>1131</strong><br />(+21 for winning)\n|raw|antontest's rating: 1049 &rarr; <strong>1035</strong><br />(-14 for losing)\n|l|\u2606antontest\n|player|p2|\n",
  "uploadtime": 1776674596,
  "views": 11,
  "formatid": "gen9championsvgc2026regma",
  "rating": 1035,
  "private": 0,
  "password": null
}