{
  "id": "gen9championsvgc2026regma-2586946670",
  "format": "[Gen 9 Champions] VGC 2026 Reg M-A",
  "players": [
    "PhatBabyShane",
    "Strider755"
  ],
  "log": "|j|\u2606PhatBabyShane\n|j|\u2606Strider755\n|t:|1776474472\n|gametype|doubles\n|player|p1|PhatBabyShane|flannery|1217\n|player|p2|Strider755|265|1190\n|gen|9\n|tier|[Gen 9 Champions] VGC 2026 Reg M-A\n|rated|\n|rule|Species Clause: Limit one of each Pok\u00e9mon\n|rule|Item Clause: Limit 1 of each item\n|clearpoke\n|poke|p1|Gyarados, L50, M|\n|poke|p1|Incineroar, L50, F|\n|poke|p1|Corviknight, L50, M|\n|poke|p1|Garchomp, L50, M|\n|poke|p1|Aerodactyl, L50, F|\n|poke|p1|Sinistcha-Masterpiece, L50|\n|poke|p2|Rotom-Wash, L50|\n|poke|p2|Sneasler, L50, F|\n|poke|p2|Charizard, L50, M|\n|poke|p2|Venusaur, L50, M|\n|poke|p2|Garchomp, L50, F|\n|poke|p2|Incineroar, L50, M|\n|teampreview|4\n|inactive|Battle timer is ON: inactive players will automatically lose when time's up. (requested by PhatBabyShane)\nPhatBabyShane rejected open team sheets.\n|inactive|Strider755 has 60 seconds left.\n|\n|t:|1776474526\n|teamsize|p1|4\n|teamsize|p2|4\n|start\n|switch|p1a: Garchomp|Garchomp, L50, M|100/100\n|switch|p1b: Aerodactyl|Aerodactyl, L50, F|100/100\n|switch|p2a: Charizard|Charizard, L50, M|100/100\n|switch|p2b: Rotom|Rotom-Wash, L50|100/100\n|-ability|p1b: Aerodactyl|Unnerve\n|turn|1\n|inactive|PhatBabyShane has 30 seconds left.\n|\n|t:|1776474555\n|detailschange|p2a: Charizard|Charizard-Mega-Y, L50, M\n|-mega|p2a: Charizard|Charizard|Charizardite Y\n|-weather|SunnyDay|[from] ability: Drought|[of] p2a: Charizard\n|move|p2a: Charizard|Protect|p2a: Charizard\n|-singleturn|p2a: Charizard|Protect\n|move|p1a: Garchomp|Rock Slide|p2a: Charizard|[spread] p2b\n|-activate|p2a: Charizard|move: Protect\n|-damage|p2b: Rotom|78/100\n|move|p1b: Aerodactyl|Tailwind|p1b: Aerodactyl\n|-sidestart|p1: PhatBabyShane|move: Tailwind\n|move|p2b: Rotom|Will-O-Wisp|p1b: Aerodactyl\n|-status|p1b: Aerodactyl|brn\n|\n|-weather|SunnyDay|[upkeep]\n|-heal|p2b: Rotom|84/100|[from] item: Leftovers\n|-damage|p1b: Aerodactyl|95/100 brn|[from] brn\n|upkeep\n|turn|2\n|\n|t:|1776474579\n|switch|p2a: Incineroar|Incineroar, L50, M|100/100\n|-ability|p2a: Incineroar|Intimidate|boost\n|-unboost|p1a: Garchomp|atk|1\n|-unboost|p1b: Aerodactyl|atk|1\n|move|p1a: Garchomp|Rock Slide|p2a: Incineroar|[spread] p2a,p2b\n|-supereffective|p2a: Incineroar|1\n|-damage|p2a: Incineroar|77/100\n|-damage|p2b: Rotom|67/100\n|move|p1b: Aerodactyl|Rock Slide|p2a: Incineroar|[spread] p2a,p2b\n|-supereffective|p2a: Incineroar|1\n|-damage|p2a: Incineroar|64/100\n|-damage|p2b: Rotom|59/100\n|move|p2b: Rotom|Will-O-Wisp|p1a: Garchomp\n|-status|p1a: Garchomp|brn\n|\n|-weather|SunnyDay|[upkeep]\n|-heal|p2b: Rotom|64/100|[from] item: Leftovers\n|-damage|p1a: Garchomp|95/100 brn|[from] brn\n|-damage|p1b: Aerodactyl|89/100 brn|[from] brn\n|upkeep\n|turn|3\n|inactive|Strider755 has 30 seconds left.\n|inactive|Strider755 has 20 seconds left.\n|\n|t:|1776474618\n|switch|p1b: Incineroar|Incineroar, L50, F|100/100\n|-ability|p1b: Incineroar|Intimidate|boost\n|-unboost|p2a: Incineroar|atk|1\n|-unboost|p2b: Rotom|atk|1\n|move|p1a: Garchomp|Rock Slide|p2a: Incineroar|[spread] p2a,p2b\n|-supereffective|p2a: Incineroar|1\n|-damage|p2a: Incineroar|52/100\n|-damage|p2b: Rotom|56/100\n|cant|p2b: Rotom|flinch\n|cant|p2a: Incineroar|flinch\n|\n|-weather|SunnyDay|[upkeep]\n|-heal|p2b: Rotom|61/100|[from] item: Leftovers\n|-damage|p1a: Garchomp|89/100 brn|[from] brn\n|upkeep\n|turn|4\n|inactive|PhatBabyShane has 30 seconds left.\n|inactive|Strider755 has 30 seconds left.\n|\n|t:|1776474645\n|switch|p2a: Sneasler|Sneasler, L50, F|100/100\n|move|p1b: Incineroar|Fake Out|p2b: Rotom\n|-damage|p2b: Rotom|49/100\n|move|p1a: Garchomp|Rock Slide|p2b: Rotom|[spread] p2a,p2b\n|-resisted|p2a: Sneasler|1\n|-damage|p2a: Sneasler|95/100\n|-damage|p2b: Rotom|42/100\n|cant|p2b: Rotom|flinch\n|\n|-weather|SunnyDay|[upkeep]\n|-heal|p2b: Rotom|47/100|[from] item: Leftovers\n|-damage|p1a: Garchomp|83/100 brn|[from] brn\n|-sideend|p1: PhatBabyShane|move: Tailwind\n|upkeep\n|turn|5\n|\n|t:|1776474666\n|move|p1a: Garchomp|Rock Slide|p2a: Sneasler|[spread] p2a,p2b\n|-resisted|p2a: Sneasler|1\n|-damage|p2a: Sneasler|90/100\n|-damage|p2b: Rotom|40/100\n|move|p2a: Sneasler|Close Combat|p1b: Incineroar\n|-supereffective|p1b: Incineroar|1\n|-damage|p1b: Incineroar|17/100\n|-unboost|p2a: Sneasler|def|1\n|-unboost|p2a: Sneasler|spd|1\n|-enditem|p1b: Incineroar|Sitrus Berry|[eat]\n|-heal|p1b: Incineroar|42/100|[from] item: Sitrus Berry\n|-enditem|p2a: Sneasler|White Herb\n|-clearnegativeboost|p2a: Sneasler|[silent]\n|move|p2b: Rotom|Thunderbolt|p1b: Incineroar\n|-damage|p1b: Incineroar|2/100\n|move|p1b: Incineroar|Flare Blitz|p2a: Sneasler\n|-damage|p2a: Sneasler|0 fnt\n|faint|p2a: Sneasler\n|-damage|p1b: Incineroar|0 fnt|[from] Recoil\n|faint|p1b: Incineroar\n|\n|-weather|none\n|-heal|p2b: Rotom|45/100|[from] item: Leftovers\n|-damage|p1a: Garchomp|77/100 brn|[from] brn\n|upkeep\n|inactive|PhatBabyShane has 30 seconds left.\n|\n|t:|1776474696\n|switch|p2a: Incineroar|Incineroar, L50, M|52/100\n|switch|p1b: Aerodactyl|Aerodactyl, L50, F|89/100 brn\n|-ability|p1b: Aerodactyl|Unnerve\n|-ability|p2a: Incineroar|Intimidate|boost\n|-unboost|p1a: Garchomp|atk|1\n|-unboost|p1b: Aerodactyl|atk|1\n|turn|6\n|\n|t:|1776474712\n|switch|p1a: Gyarados|Gyarados, L50, M|100/100\n|-ability|p1a: Gyarados|Intimidate|boost\n|-unboost|p2a: Incineroar|atk|1\n|-unboost|p2b: Rotom|atk|1\n|move|p2a: Incineroar|Fake Out|p1b: Aerodactyl\n|-resisted|p1b: Aerodactyl|1\n|-damage|p1b: Aerodactyl|82/100 brn\n|cant|p1b: Aerodactyl|flinch\n|move|p2b: Rotom|Thunderbolt|p1b: Aerodactyl\n|-supereffective|p1b: Aerodactyl|1\n|-damage|p1b: Aerodactyl|0 fnt\n|faint|p1b: Aerodactyl\n|\n|-heal|p2b: Rotom|51/100|[from] item: Leftovers\n|upkeep\n|\n|t:|1776474725\n|switch|p1b: Garchomp|Garchomp, L50, M|77/100 brn\n|turn|7\n|\n|t:|1776474749\n|detailschange|p1a: Gyarados|Gyarados-Mega, L50, M\n|-mega|p1a: Gyarados|Gyarados|Gyaradosite\n|-ability|p1a: Gyarados|Mold Breaker\n|move|p2b: Rotom|Protect|p2b: Rotom\n|-singleturn|p2b: Rotom|Protect\n|move|p1b: Garchomp|Rock Slide|p2b: Rotom|[spread] p2a\n|-activate|p2b: Rotom|move: Protect\n|-supereffective|p2a: Incineroar|1\n|-damage|p2a: Incineroar|32/100\n|-enditem|p2a: Incineroar|Sitrus Berry|[eat]\n|-heal|p2a: Incineroar|57/100|[from] item: Sitrus Berry\n|move|p1a: Gyarados|Dragon Dance|p1a: Gyarados\n|-boost|p1a: Gyarados|atk|1\n|-boost|p1a: Gyarados|spe|1\n|move|p2a: Incineroar|Parting Shot|p1a: Gyarados\n|-unboost|p1a: Gyarados|atk|1\n|-unboost|p1a: Gyarados|spa|1\n|\n|t:|1776474760\n|switch|p2a: Charizard|Charizard-Mega-Y, L50, M|100/100|[from] Parting Shot\n|-weather|SunnyDay|[from] ability: Drought|[of] p2a: Charizard\n|\n|-weather|SunnyDay|[upkeep]\n|-heal|p2b: Rotom|56/100|[from] item: Leftovers\n|-damage|p1b: Garchomp|71/100 brn|[from] brn\n|upkeep\n|turn|8\n|\n|t:|1776474780\n|switch|p2a: Incineroar|Incineroar, L50, M|57/100\n|-ability|p2a: Incineroar|Intimidate|boost\n|-unboost|p1a: Gyarados|atk|1\n|-unboost|p1b: Garchomp|atk|1\n|move|p1b: Garchomp|Rock Slide|p2a: Incineroar|[spread] p2a,p2b\n|-supereffective|p2a: Incineroar|1\n|-damage|p2a: Incineroar|44/100\n|-damage|p2b: Rotom|49/100\n|move|p1a: Gyarados|Crunch|p2b: Rotom\n|-damage|p2b: Rotom|7/100\n|move|p2b: Rotom|Thunderbolt|p1a: Gyarados\n|-supereffective|p1a: Gyarados|1\n|-damage|p1a: Gyarados|34/100\n|\n|-weather|SunnyDay|[upkeep]\n|-heal|p2b: Rotom|13/100|[from] item: Leftovers\n|-damage|p1b: Garchomp|65/100 brn|[from] brn\n|upkeep\n|turn|9\n|inactive|Strider755 has 30 seconds left.\n|inactive|Strider755 has 20 seconds left.\n|inactive|PhatBabyShane has 30 seconds left.\n|inactive|Strider755 has 15 seconds left.\n|inactive|Strider755 has 10 seconds left.\n|\n|t:|1776474826\n|move|p1b: Garchomp|Rock Slide|p2a: Incineroar|[spread] p2a,p2b\n|-supereffective|p2a: Incineroar|1\n|-damage|p2a: Incineroar|31/100\n|-damage|p2b: Rotom|5/100\n|move|p1a: Gyarados|Waterfall|p2a: Incineroar\n|-supereffective|p2a: Incineroar|1\n|-damage|p2a: Incineroar|1/100\n|cant|p2b: Rotom|flinch\n|cant|p2a: Incineroar|flinch\n|\n|-weather|SunnyDay|[upkeep]\n|-heal|p2b: Rotom|10/100|[from] item: Leftovers\n|-damage|p1b: Garchomp|59/100 brn|[from] brn\n|upkeep\n|turn|10\n|\n|t:|1776474848\n|switch|p2a: Charizard|Charizard-Mega-Y, L50, M|100/100\n|move|p1b: Garchomp|Rock Slide|p2b: Rotom|[spread] p2a,p2b\n|-supereffective|p2a: Charizard|2\n|-damage|p2a: Charizard|67/100\n|-damage|p2b: Rotom|3/100\n|move|p1a: Gyarados|Dragon Dance|p1a: Gyarados\n|-boost|p1a: Gyarados|atk|1\n|-boost|p1a: Gyarados|spe|1\n|move|p2b: Rotom|Thunderbolt|p1a: Gyarados\n|-supereffective|p1a: Gyarados|1\n|-damage|p1a: Gyarados|0 fnt\n|faint|p1a: Gyarados\n|\n|-weather|SunnyDay|[upkeep]\n|-heal|p2b: Rotom|8/100|[from] item: Leftovers\n|-damage|p1b: Garchomp|53/100 brn|[from] brn\n|upkeep\n|turn|11\n|\n|t:|1776474863\n|switch|p2a: Incineroar|Incineroar, L50, M|1/100\n|-ability|p2a: Incineroar|Intimidate|boost\n|-unboost|p1b: Garchomp|atk|1\n|move|p1b: Garchomp|Rock Slide|p2a: Incineroar|[spread] p2a,p2b\n|-supereffective|p2a: Incineroar|1\n|-damage|p2a: Incineroar|0 fnt\n|-damage|p2b: Rotom|2/100\n|faint|p2a: Incineroar\n|move|p2b: Rotom|Hydro Pump|p1b: Garchomp\n|-damage|p1b: Garchomp|25/100 brn\n|\n|-weather|none\n|-heal|p2b: Rotom|7/100|[from] item: Leftovers\n|-damage|p1b: Garchomp|19/100 brn|[from] brn\n|upkeep\n|\n|t:|1776474874\n|switch|p2a: Charizard|Charizard-Mega-Y, L50, M|67/100\n|-weather|SunnyDay|[from] ability: Drought|[of] p2a: Charizard\n|turn|12\n|\n|t:|1776474894\n|move|p1b: Garchomp|Rock Slide|p2b: Rotom|[spread] p2a,p2b\n|-supereffective|p2a: Charizard|2\n|-damage|p2a: Charizard|38/100\n|-damage|p2b: Rotom|1/100\n|move|p2a: Charizard|Weather Ball|p1b: Garchomp\n|-resisted|p1b: Garchomp|1\n|-damage|p1b: Garchomp|0 fnt\n|faint|p1b: Garchomp\n|\n|win|Strider755\n|raw|PhatBabyShane's rating: 1217 &rarr; <strong>1190</strong><br />(-27 for losing)\n|raw|Strider755's rating: 1190 &rarr; <strong>1217</strong><br />(+27 for winning)\n|l|\u2606PhatBabyShane\n|player|p1|\n|c|\u2606Strider755|Gg\n",
  "uploadtime": 1776474934,
  "views": 19,
  "formatid": "gen9championsvgc2026regma",
  "rating": 1190,
  "private": 0,
  "password": null
}