{
  "id": "gen9championsvgc2026regma-2582559703",
  "format": "[Gen 9 Champions] VGC 2026 Reg M-A",
  "players": [
    "DavidTIS",
    "Yofavewhiteboy"
  ],
  "log": "|j|\u2606DavidTIS\n|j|\u2606Yofavewhiteboy\n|t:|1776099364\n|gametype|doubles\n|player|p1|DavidTIS|volkner|1093\n|player|p2|Yofavewhiteboy|265|1007\n|gen|9\n|tier|[Gen 9 Champions] VGC 2026 Reg M-A\n|rated|\n|rule|Species Clause: Limit one of each Pok\u00e9mon\n|rule|Item Clause: Limit 1 of each item\n|clearpoke\n|poke|p1|Starmie, L50|\n|poke|p1|Lucario, L50, M|\n|poke|p1|Lycanroc-Dusk, L50, M|\n|poke|p1|Hydreigon, L50, F|\n|poke|p1|Slowbro-Galar, L50, M|\n|poke|p1|Charizard, L50, M|\n|poke|p2|Gengar, L50, M|\n|poke|p2|Whimsicott, L50, M|\n|poke|p2|Incineroar, L50, F|\n|poke|p2|Abomasnow, L50, F|\n|poke|p2|Aerodactyl, L50, F|\n|poke|p2|Sneasler, L50, M|\n|teampreview|4\n|\n|t:|1776099397\n|teamsize|p1|4\n|teamsize|p2|4\n|start\n|switch|p1a: Starmie|Starmie, L50|100/100\n|switch|p1b: Hydreigon|Hydreigon, L50, F|100/100\n|switch|p2a: Abomasnow|Abomasnow, L50, F|100/100\n|switch|p2b: Incineroar|Incineroar, L50, F|100/100\n|-ability|p2b: Incineroar|Intimidate|boost\n|-unboost|p1a: Starmie|atk|1\n|-unboost|p1b: Hydreigon|atk|1\n|-weather|Snowscape|[from] ability: Snow Warning|[of] p2a: Abomasnow\n|-enditem|p1b: Hydreigon|White Herb\n|-clearnegativeboost|p1b: Hydreigon|[silent]\n|turn|1\n|inactive|Battle timer is ON: inactive players will automatically lose when time's up. (requested by Yofavewhiteboy)\n|\n|t:|1776099418\n|move|p1a: Starmie|Protect|p1a: Starmie\n|-singleturn|p1a: Starmie|Protect\n|move|p2b: Incineroar|Fake Out|p1b: Hydreigon\n|-damage|p1b: Hydreigon|87/100\n|cant|p1b: Hydreigon|flinch\n|move|p2a: Abomasnow|Aurora Veil|p2a: Abomasnow\n|-sidestart|p2: Yofavewhiteboy|move: Aurora Veil\n|\n|-weather|Snowscape|[upkeep]\n|upkeep\n|turn|2\n|\n|t:|1776099434\n|detailschange|p1a: Starmie|Starmie-Mega, L50\n|-mega|p1a: Starmie|Starmie|Starminite\n|move|p1a: Starmie|Liquidation|p2b: Incineroar\n|-supereffective|p2b: Incineroar|1\n|-damage|p2b: Incineroar|37/100\n|move|p1b: Hydreigon|Tailwind|p1b: Hydreigon\n|-sidestart|p1: DavidTIS|move: Tailwind\n|move|p2b: Incineroar|Parting Shot|p1a: Starmie\n|-unboost|p1a: Starmie|atk|1\n|-unboost|p1a: Starmie|spa|1\n|inactive|Yofavewhiteboy has 30 seconds left.\n|inactive|Yofavewhiteboy has 20 seconds left.\n|\n|t:|1776099472\n|switch|p2b: Sneasler|Sneasler, L50, M|100/100|[from] Parting Shot\n|move|p2a: Abomasnow|Blizzard|p1b: Hydreigon|[spread] p1a,p1b\n|-resisted|p1a: Starmie|1\n|-supereffective|p1b: Hydreigon|1\n|-damage|p1a: Starmie|72/100\n|-damage|p1b: Hydreigon|0 fnt\n|faint|p1b: Hydreigon\n|\n|-weather|Snowscape|[upkeep]\n|upkeep\n|\n|t:|1776099484\n|switch|p1b: Slowbro|Slowbro-Galar, L50, M|100/100\n|turn|3\n|\n|t:|1776099508\n|move|p1a: Starmie|Protect|p1a: Starmie\n|-singleturn|p1a: Starmie|Protect\n|move|p2b: Sneasler|Fake Out|p1a: Starmie\n|-activate|p1a: Starmie|move: Protect\n|move|p1b: Slowbro|Psychic|p2b: Sneasler\n|-supereffective|p2b: Sneasler|2\n|-damage|p2b: Sneasler|0 fnt\n|faint|p2b: Sneasler\n|move|p2a: Abomasnow|Blizzard|p1b: Slowbro|[spread] p1b\n|-activate|p1a: Starmie|move: Protect\n|-damage|p1b: Slowbro|49/100\n|\n|-weather|Snowscape|[upkeep]\n|-heal|p1b: Slowbro|55/100|[from] item: Leftovers\n|upkeep\n|\n|t:|1776099512\n|switch|p2b: Gengar|Gengar, L50, M|100/100\n|turn|4\n|inactive|Yofavewhiteboy has 30 seconds left.\n|inactive|Yofavewhiteboy has 20 seconds left.\n|inactive|Yofavewhiteboy has 15 seconds left.\n|inactive|Yofavewhiteboy has 10 seconds left.\n|\n|t:|1776099559\n|move|p1a: Starmie|Psycho Cut|p2b: Gengar\n|-supereffective|p2b: Gengar|1\n|-damage|p2b: Gengar|38/100\n|-start|p1a: Starmie|Disable|Psycho Cut|[from] ability: Cursed Body|[of] p2b: Gengar\n|move|p2b: Gengar|Shadow Ball|p1a: Starmie\n|-supereffective|p1a: Starmie|1\n|-damage|p1a: Starmie|0 fnt\n|faint|p1a: Starmie\n|move|p1b: Slowbro|Shell Side Arm|p2a: Abomasnow|[anim] Shell Side Arm Physical\n|-supereffective|p2a: Abomasnow|1\n|-damage|p2a: Abomasnow|55/100\n|-hint|Physical Shell Side Arm\n|move|p2a: Abomasnow|Earth Power|p1b: Slowbro\n|-supereffective|p1b: Slowbro|1\n|-crit|p1b: Slowbro\n|-damage|p1b: Slowbro|0 fnt\n|faint|p1b: Slowbro\n|\n|-weather|Snowscape|[upkeep]\n|upkeep\n|\n|t:|1776099576\n|switch|p1a: Lycanroc|Lycanroc-Dusk, L50, M|100/100\n|turn|5\n|\n|t:|1776099592\n|detailschange|p2b: Gengar|Gengar-Mega, L50, M\n|-mega|p2b: Gengar|Gengar|Gengarite\n|move|p1a: Lycanroc|Rock Slide|p2b: Gengar|[spread] p2a,p2b\n|-supereffective|p2a: Abomasnow|1\n|-damage|p2a: Abomasnow|26/100\n|-damage|p2b: Gengar|12/100\n|cant|p2b: Gengar|flinch\n|cant|p2a: Abomasnow|flinch\n|\n|-weather|none\n|-sideend|p1: DavidTIS|move: Tailwind\n|-sideend|p2: Yofavewhiteboy|move: Aurora Veil\n|upkeep\n|turn|6\n|\n|t:|1776099611\n|switch|p2a: Incineroar|Incineroar, L50, F|37/100\n|-ability|p2a: Incineroar|Intimidate|boost\n|-unboost|p1a: Lycanroc|atk|1\n|move|p2b: Gengar|Protect|p2b: Gengar\n|-singleturn|p2b: Gengar|Protect\n|move|p1a: Lycanroc|Rock Slide|p2b: Gengar|[spread] p2a\n|-activate|p2b: Gengar|move: Protect\n|-supereffective|p2a: Incineroar|1\n|-damage|p2a: Incineroar|0 fnt\n|faint|p2a: Incineroar\n|\n|upkeep\n|\n|t:|1776099614\n|switch|p2a: Abomasnow|Abomasnow, L50, F|26/100\n|-weather|Snowscape|[from] ability: Snow Warning|[of] p2a: Abomasnow\n|turn|7\n|\n|t:|1776099630\n|move|p2b: Gengar|Shadow Ball|p1a: Lycanroc\n|-damage|p1a: Lycanroc|22/100\n|move|p1a: Lycanroc|Rock Slide|p2b: Gengar|[spread] p2a,p2b\n|-supereffective|p2a: Abomasnow|1\n|-damage|p2a: Abomasnow|0 fnt\n|-damage|p2b: Gengar|0 fnt\n|faint|p2a: Abomasnow\n|faint|p2b: Gengar\n|\n|win|DavidTIS\n|raw|DavidTIS's rating: 1093 &rarr; <strong>1113</strong><br />(+20 for winning)\n|raw|Yofavewhiteboy's rating: 1007 &rarr; <strong>1000</strong><br />(-7 for losing)\n|l|\u2606Yofavewhiteboy\n|player|p2|\n",
  "uploadtime": 1776099641,
  "views": 31,
  "formatid": "gen9championsvgc2026regma",
  "rating": 1000,
  "private": 0,
  "password": null
}