{
  "id": "gen9championsvgc2026regma-2587560534",
  "format": "[Gen 9 Champions] VGC 2026 Reg M-A",
  "players": [
    "nitrium2",
    "HawaiiCookieCo"
  ],
  "log": "|j|\u2606nitrium2\n|j|\u2606HawaiiCookieCo\n|t:|1776542347\n|gametype|doubles\n|player|p1|nitrium2|170|1082\n|player|p2|HawaiiCookieCo|swimmer-gen4dp|1107\n|gen|9\n|tier|[Gen 9 Champions] VGC 2026 Reg M-A\n|rated|\n|rule|Species Clause: Limit one of each Pok\u00e9mon\n|rule|Item Clause: Limit 1 of each item\n|clearpoke\n|poke|p1|Chimecho, L50, F|\n|poke|p1|Snorlax, L50, M|\n|poke|p1|Abomasnow, L50, F|\n|poke|p1|Absol, L50, M|\n|poke|p1|Aegislash, L50, M|\n|poke|p1|Aerodactyl, L50, F|\n|poke|p2|Delphox, L50, F|\n|poke|p2|Maushold, L50|\n|poke|p2|Tsareena, L50, F|\n|poke|p2|Basculegion, L50, M|\n|poke|p2|Dragonite, L50, M|\n|poke|p2|Tinkaton, L50, F|\n|teampreview|4\n|inactive|Battle timer is ON: inactive players will automatically lose when time's up. (requested by HawaiiCookieCo)\n|inactive|HawaiiCookieCo has 60 seconds left.\n|\n|t:|1776542385\n|teamsize|p1|4\n|teamsize|p2|4\n|start\n|switch|p1a: Chimecho|Chimecho, L50, F|100/100\n|switch|p1b: Snorlax|Snorlax, L50, M|100/100\n|switch|p2a: Delphox|Delphox, L50, F|100/100\n|switch|p2b: Maushold|Maushold, L50|100/100\n|turn|1\n|\n|t:|1776542402\n|detailschange|p2a: Delphox|Delphox-Mega, L50, F\n|-mega|p2a: Delphox|Delphox|Delphoxite\n|detailschange|p1a: Chimecho|Chimecho-Mega, L50, F\n|-mega|p1a: Chimecho|Chimecho|Chimechite\n|move|p1b: Snorlax|Protect|p1b: Snorlax\n|-singleturn|p1b: Snorlax|Protect\n|move|p2a: Delphox|Heat Wave|p1a: Chimecho|[spread] p1a\n|-activate|p1b: Snorlax|move: Protect\n|-supereffective|p1a: Chimecho|1\n|-damage|p1a: Chimecho|30/100\n|move|p2b: Maushold|Super Fang|p1b: Snorlax\n|-activate|p1b: Snorlax|move: Protect\n|move|p1a: Chimecho|Trick Room|p1a: Chimecho\n|-fieldstart|move: Trick Room|[of] p1a: Chimecho\n|\n|upkeep\n|turn|2\n|inactive|nitrium2 has 30 seconds left.\n|inactive|HawaiiCookieCo has 30 seconds left.\n|\n|t:|1776542433\n|move|p1a: Chimecho|Protect|p1a: Chimecho\n|-singleturn|p1a: Chimecho|Protect\n|move|p2b: Maushold|Follow Me|p2b: Maushold\n|-singleturn|p2b: Maushold|move: Follow Me\n|move|p1b: Snorlax|Supercell Slam|p2b: Maushold\n|-damage|p2b: Maushold|68/100\n|move|p2a: Delphox|Psychic|p1b: Snorlax\n|-damage|p1b: Snorlax|66/100\n|\n|-heal|p1b: Snorlax|72/100|[from] item: Leftovers\n|upkeep\n|turn|3\n|\n|t:|1776542453\n|move|p2b: Maushold|Feint|p1b: Snorlax\n|-damage|p1b: Snorlax|64/100\n|move|p1b: Snorlax|Earthquake|p2a: Delphox|[spread] p2b\n|-immune|p1a: Chimecho|[from] ability: Levitate\n|-immune|p2a: Delphox|[from] ability: Levitate\n|-damage|p2b: Maushold|42/100\n|move|p1a: Chimecho|Dazzling Gleam|p2a: Delphox|[spread] p2a,p2b\n|-resisted|p2a: Delphox|1\n|-damage|p2a: Delphox|92/100\n|-damage|p2b: Maushold|17/100\n|move|p2a: Delphox|Psychic|p1b: Snorlax\n|-damage|p1b: Snorlax|30/100\n|\n|-heal|p1b: Snorlax|36/100|[from] item: Leftovers\n|upkeep\n|turn|4\n|\n|t:|1776542471\n|move|p2b: Maushold|Protect|p2b: Maushold\n|-singleturn|p2b: Maushold|Protect\n|move|p1b: Snorlax|Supercell Slam|p2a: Delphox\n|-damage|p2a: Delphox|49/100\n|move|p1a: Chimecho|Dazzling Gleam|p2b: Maushold|[spread] p2a\n|-activate|p2b: Maushold|move: Protect\n|-resisted|p2a: Delphox|1\n|-damage|p2a: Delphox|41/100\n|move|p2a: Delphox|Heat Wave|p1a: Chimecho|[spread] p1a,p1b\n|-supereffective|p1a: Chimecho|1\n|-damage|p1a: Chimecho|0 fnt\n|-damage|p1b: Snorlax|12/100\n|faint|p1a: Chimecho\n|\n|-heal|p1b: Snorlax|18/100|[from] item: Leftovers\n|upkeep\n|\n|t:|1776542474\n|switch|p1a: Abomasnow|Abomasnow, L50, F|100/100\n|-weather|Snowscape|[from] ability: Snow Warning|[of] p1a: Abomasnow\n|turn|5\n|-message|nitrium2 forfeited.\n|\n|win|HawaiiCookieCo\n|raw|nitrium2's rating: 1082 &rarr; <strong>1061</strong><br />(-21 for losing)\n|raw|HawaiiCookieCo's rating: 1107 &rarr; <strong>1130</strong><br />(+23 for winning)\n|l|\u2606nitrium2\n|player|p1|\n",
  "uploadtime": 1776542489,
  "views": 21,
  "formatid": "gen9championsvgc2026regma",
  "rating": 1061,
  "private": 0,
  "password": null
}