{
  "id": "gen9championsvgc2026regma-2583814591",
  "format": "[Gen 9 Champions] VGC 2026 Reg M-A",
  "players": [
    "Kashorts",
    "darthbear1976"
  ],
  "log": "|j|\u2606Kashorts\n|j|\u2606darthbear1976\n|t:|1776199786\n|gametype|doubles\n|player|p1|Kashorts|roxie|1083\n|player|p2|darthbear1976|pokemonranger-gen4|1113\n|gen|9\n|tier|[Gen 9 Champions] VGC 2026 Reg M-A\n|rated|\n|rule|Species Clause: Limit one of each Pok\u00e9mon\n|rule|Item Clause: Limit 1 of each item\n|clearpoke\n|poke|p1|Froslass, L50, F|\n|poke|p1|Ninetales-Alola, L50, F|\n|poke|p1|Basculegion, L50, M|\n|poke|p1|Arcanine-Hisui, L50, F|\n|poke|p1|Aerodactyl, L50, M|\n|poke|p1|Aegislash, L50, F|\n|poke|p2|Crabominable, L50, M|\n|poke|p2|Slowking, L50, F|\n|poke|p2|Araquanid, L50, M|\n|poke|p2|Aromatisse, L50, F|\n|poke|p2|Incineroar, L50, M|\n|poke|p2|Rhyperior, L50, F|\n|teampreview|4\n|inactive|Battle timer is ON: inactive players will automatically lose when time's up. (requested by darthbear1976)\n|inactive|Kashorts has 60 seconds left.\n|inactive|darthbear1976 has 60 seconds left.\n|\n|t:|1776199827\n|teamsize|p1|4\n|teamsize|p2|4\n|start\n|switch|p1a: Froslass|Froslass, L50, F|100/100\n|switch|p1b: Ninetales|Ninetales-Alola, L50, F|100/100\n|switch|p2a: Slowking|Slowking, L50, F|100/100\n|switch|p2b: Araquanid|Araquanid, L50, M, shiny|100/100\n|turn|1\n|\n|t:|1776199842\n|detailschange|p1a: Froslass|Froslass-Mega, L50, F\n|-mega|p1a: Froslass|Froslass|Froslassite\n|-weather|Snowscape|[from] ability: Snow Warning|[of] p1a: Froslass\n|move|p2b: Araquanid|Wide Guard|p2b: Araquanid\n|-singleturn|p2b: Araquanid|Wide Guard\n|move|p1a: Froslass|Shadow Ball|p2a: Slowking\n|-supereffective|p2a: Slowking|1\n|-damage|p2a: Slowking|31/100\n|-unboost|p2a: Slowking|spd|1\n|move|p1b: Ninetales|Aurora Veil|p1b: Ninetales\n|-sidestart|p1: Kashorts|move: Aurora Veil\n|move|p2a: Slowking|Trick Room|p2a: Slowking\n|-fieldstart|move: Trick Room|[of] p2a: Slowking\n|\n|-weather|Snowscape|[upkeep]\n|upkeep\n|turn|2\n|inactive|Kashorts has 30 seconds left.\n|inactive|darthbear1976 has 30 seconds left.\n|\n|t:|1776199869\n|switch|p2a: Incineroar|Incineroar, L50, M|100/100\n|-ability|p2a: Incineroar|Intimidate|boost\n|-unboost|p1a: Froslass|atk|1\n|-unboost|p1b: Ninetales|atk|1\n|move|p2b: Araquanid|Liquidation|p1a: Froslass\n|-damage|p1a: Froslass|45/100\n|move|p1b: Ninetales|Freeze-Dry|p2b: Araquanid\n|-supereffective|p2b: Araquanid|1\n|-damage|p2b: Araquanid|59/100\n|move|p1a: Froslass|Shadow Ball|p2a: Incineroar\n|-resisted|p2a: Incineroar|1\n|-damage|p2a: Incineroar|79/100\n|\n|-weather|Snowscape|[upkeep]\n|upkeep\n|turn|3\n|inactive|Kashorts has 30 seconds left.\n|\n|t:|1776199899\n|switch|p1b: Aerodactyl|Aerodactyl, L50, M|100/100\n|-ability|p1b: Aerodactyl|Unnerve\n|move|p1a: Froslass|Protect|p1a: Froslass\n|-singleturn|p1a: Froslass|Protect\n|move|p2a: Incineroar|Fake Out|p1b: Aerodactyl\n|-resisted|p1b: Aerodactyl|1\n|-damage|p1b: Aerodactyl|95/100\n|move|p2b: Araquanid|Liquidation|p1b: Aerodactyl\n|-supereffective|p1b: Aerodactyl|1\n|-damage|p1b: Aerodactyl|0 fnt\n|faint|p1b: Aerodactyl\n|\n|-weather|Snowscape|[upkeep]\n|upkeep\n|\n|t:|1776199913\n|switch|p1b: Arcanine|Arcanine-Hisui, L50, F|100/100\n|-ability|p1b: Arcanine|Intimidate|boost\n|-unboost|p2a: Incineroar|atk|1\n|-unboost|p2b: Araquanid|atk|1\n|turn|4\n|\n|t:|1776199926\n|move|p2b: Araquanid|Liquidation|p1b: Arcanine\n|-supereffective|p1b: Arcanine|2\n|-damage|p1b: Arcanine|0 fnt\n|faint|p1b: Arcanine\n|move|p2a: Incineroar|Darkest Lariat|p1a: Froslass\n|-supereffective|p1a: Froslass|1\n|-damage|p1a: Froslass|12/100\n|move|p1a: Froslass|Thunderbolt|p2b: Araquanid\n|-supereffective|p2b: Araquanid|1\n|-damage|p2b: Araquanid|2/100\n|\n|-weather|Snowscape|[upkeep]\n|upkeep\n|\n|t:|1776199937\n|switch|p1b: Ninetales|Ninetales-Alola, L50, F|100/100\n|turn|5\n|inactive|Kashorts has 30 seconds left.\n|\n|t:|1776199962\n|move|p1a: Froslass|Protect|p1a: Froslass\n|-singleturn|p1a: Froslass|Protect\n|move|p2b: Araquanid|Liquidation|p1a: Froslass\n|-activate|p1a: Froslass|move: Protect\n|move|p2a: Incineroar|Flare Blitz|p1b: Ninetales\n|-supereffective|p1b: Ninetales|1\n|-damage|p1b: Ninetales|54/100\n|-status|p1b: Ninetales|brn\n|-damage|p2a: Incineroar|68/100|[from] Recoil\n|move|p1b: Ninetales|Dazzling Gleam|p2a: Incineroar|[spread] p2a,p2b\n|-damage|p2a: Incineroar|45/100\n|-damage|p2b: Araquanid|0 fnt\n|-enditem|p2a: Incineroar|Sitrus Berry|[eat]\n|-heal|p2a: Incineroar|70/100|[from] item: Sitrus Berry\n|faint|p2b: Araquanid\n|\n|-weather|none\n|-damage|p1b: Ninetales|48/100 brn|[from] brn\n|-sideend|p1: Kashorts|move: Aurora Veil\n|-fieldend|move: Trick Room\n|upkeep\n|\n|t:|1776199983\n|switch|p2b: Slowking|Slowking, L50, F|31/100\n|turn|6\n|-message|Kashorts forfeited.\n|\n|win|darthbear1976\n|raw|Kashorts's rating: 1083 &rarr; <strong>1062</strong><br />(-21 for losing)\n|raw|darthbear1976's rating: 1113 &rarr; <strong>1136</strong><br />(+23 for winning)\n|l|\u2606Kashorts\n|player|p1|\n",
  "uploadtime": 1776200005,
  "views": 25,
  "formatid": "gen9championsvgc2026regma",
  "rating": 1062,
  "private": 0,
  "password": null
}