{
  "id": "gen9championsvgc2026regma-2588087698",
  "format": "[Gen 9 Champions] VGC 2026 Reg M-A",
  "players": [
    "Iliasdelm",
    "Melonnolem"
  ],
  "log": "|j|\u2606Iliasdelm\n|j|\u2606Melonnolem\n|t:|1776602845\n|gametype|doubles\n|player|p1|Iliasdelm|2|1374\n|player|p2|Melonnolem|arven-s|1471\n|gen|9\n|tier|[Gen 9 Champions] VGC 2026 Reg M-A\n|rated|\n|rule|Species Clause: Limit one of each Pok\u00e9mon\n|rule|Item Clause: Limit 1 of each item\n|clearpoke\n|poke|p1|Heracross, L50, F|\n|poke|p1|Pelipper, L50, M|\n|poke|p1|Archaludon, L50, F|\n|poke|p1|Sneasler, L50, F|\n|poke|p1|Basculegion, L50, M|\n|poke|p1|Incineroar, L50, M, shiny|\n|poke|p2|Crabominable, L50, M, shiny|\n|poke|p2|Incineroar, L50, M|\n|poke|p2|Slowking-Galar, L50, M|\n|poke|p2|Kingambit, L50, M, shiny|\n|poke|p2|Primarina, L50, F|\n|poke|p2|Sinistcha-Masterpiece, L50|\n|teampreview|4\n|inactive|Battle timer is ON: inactive players will automatically lose when time's up. (requested by Melonnolem)\n|\n|t:|1776602867\n|teamsize|p1|4\n|teamsize|p2|4\n|start\n|switch|p1a: Incineroar|Incineroar, L50, M, shiny|100/100\n|switch|p1b: Archaludon|Archaludon, L50, F|100/100\n|switch|p2a: Sinistcha|Sinistcha-Masterpiece, L50|100/100\n|switch|p2b: Incineroar|Incineroar, L50, M|100/100\n|-ability|p1a: Incineroar|Intimidate|boost\n|-unboost|p2a: Sinistcha|atk|1\n|-unboost|p2b: Incineroar|atk|1\n|-ability|p2b: Incineroar|Intimidate|boost\n|-unboost|p1a: Incineroar|atk|1\n|-unboost|p1b: Archaludon|atk|1\n|turn|1\n|\n|t:|1776602876\n|move|p1b: Archaludon|Protect|p1b: Archaludon\n|-singleturn|p1b: Archaludon|Protect\n|move|p2b: Incineroar|Fake Out|p1a: Incineroar\n|-damage|p1a: Incineroar|94/100\n|cant|p1a: Incineroar|flinch\n|move|p2a: Sinistcha|Trick Room|p2a: Sinistcha\n|-fieldstart|move: Trick Room|[of] p2a: Sinistcha\n|\n|-heal|p1a: Incineroar|100/100|[from] item: Leftovers\n|upkeep\n|turn|2\n|\n|t:|1776602890\n|switch|p1a: Pelipper|Pelipper, L50, M|100/100\n|-weather|RainDance|[from] ability: Drizzle|[of] p1a: Pelipper\n|move|p2a: Sinistcha|Protect|p2a: Sinistcha\n|-singleturn|p2a: Sinistcha|Protect\n|move|p2b: Incineroar|Parting Shot|p1b: Archaludon\n|-unboost|p1b: Archaludon|atk|1\n|-unboost|p1b: Archaludon|spa|1\n|\n|t:|1776602898\n|switch|p2b: Primarina|Primarina, L50, F|100/100|[from] Parting Shot\n|move|p1b: Archaludon|Electro Shot||[still]\n|-prepare|p1b: Archaludon|Electro Shot\n|-boost|p1b: Archaludon|spa|1\n|-anim|p1b: Archaludon|Electro Shot|p2b: Primarina\n|-supereffective|p2b: Primarina|1\n|-damage|p2b: Primarina|49/100\n|\n|-weather|RainDance|[upkeep]\n|-heal|p2b: Primarina|55/100|[from] item: Leftovers\n|upkeep\n|turn|3\n|\n|t:|1776602904\n|move|p2a: Sinistcha|Rage Powder|p2a: Sinistcha\n|-singleturn|p2a: Sinistcha|move: Rage Powder\n|move|p2b: Primarina|Calm Mind|p2b: Primarina\n|-boost|p2b: Primarina|spa|1\n|-boost|p2b: Primarina|spd|1\n|move|p1a: Pelipper|Hurricane|p2a: Sinistcha\n|-supereffective|p2a: Sinistcha|1\n|-damage|p2a: Sinistcha|18/100\n|-enditem|p2a: Sinistcha|Sitrus Berry|[eat]\n|-heal|p2a: Sinistcha|43/100|[from] item: Sitrus Berry\n|move|p1b: Archaludon|Electro Shot||[still]\n|-prepare|p1b: Archaludon|Electro Shot\n|-boost|p1b: Archaludon|spa|1\n|-anim|p1b: Archaludon|Electro Shot|p2a: Sinistcha\n|-resisted|p2a: Sinistcha|1\n|-damage|p2a: Sinistcha|13/100\n|\n|-weather|RainDance|[upkeep]\n|-heal|p2b: Primarina|61/100|[from] item: Leftovers\n|upkeep\n|turn|4\n|inactive|Iliasdelm has 30 seconds left.\n|\n|t:|1776602933\n|switch|p2a: Incineroar|Incineroar, L50, M|100/100\n|-ability|p2a: Incineroar|Intimidate|boost\n|-unboost|p1a: Pelipper|atk|1\n|-unboost|p1b: Archaludon|atk|1\n|move|p2b: Primarina|Moonblast|p1b: Archaludon\n|-damage|p1b: Archaludon|33/100\n|-ability|p1b: Archaludon|Stamina|boost\n|-boost|p1b: Archaludon|def|1\n|-enditem|p1b: Archaludon|Sitrus Berry|[eat]\n|-heal|p1b: Archaludon|58/100|[from] item: Sitrus Berry\n|move|p1a: Pelipper|Hurricane|p2a: Incineroar\n|-damage|p2a: Incineroar|73/100\n|move|p1b: Archaludon|Electro Shot||[still]\n|-prepare|p1b: Archaludon|Electro Shot\n|-boost|p1b: Archaludon|spa|1\n|-anim|p1b: Archaludon|Electro Shot|p2b: Primarina\n|-supereffective|p2b: Primarina|1\n|-damage|p2b: Primarina|0 fnt\n|faint|p2b: Primarina\n|\n|-weather|RainDance|[upkeep]\n|upkeep\n|\n|t:|1776602940\n|switch|p2b: Crabominable|Crabominable, L50, M, shiny|100/100\n|turn|5\n|\n|t:|1776602949\n|move|p1a: Pelipper|Protect|p1a: Pelipper\n|-singleturn|p1a: Pelipper|Protect\n|move|p1b: Archaludon|Protect|p1b: Archaludon\n|-singleturn|p1b: Archaludon|Protect\n|move|p2b: Crabominable|Ice Hammer|p1a: Pelipper\n|-activate|p1a: Pelipper|move: Protect\n|move|p2a: Incineroar|Darkest Lariat|p1a: Pelipper\n|-activate|p1a: Pelipper|move: Protect\n|\n|-weather|RainDance|[upkeep]\n|-fieldend|move: Trick Room\n|upkeep\n|turn|6\n|\n|t:|1776602957\n|detailschange|p2b: Crabominable|Crabominable-Mega, L50, M, shiny\n|-mega|p2b: Crabominable|Crabominable|Crabominite\n|move|p1b: Archaludon|Electro Shot||[still]\n|-prepare|p1b: Archaludon|Electro Shot\n|-boost|p1b: Archaludon|spa|1\n|-anim|p1b: Archaludon|Electro Shot|p2a: Incineroar\n|-damage|p2a: Incineroar|11/100\n|move|p1a: Pelipper|Hurricane|p2b: Crabominable\n|-supereffective|p2b: Crabominable|1\n|-damage|p2b: Crabominable|40/100\n|move|p2a: Incineroar|Parting Shot|p1b: Archaludon\n|-unboost|p1b: Archaludon|atk|1\n|-unboost|p1b: Archaludon|spa|1\n|\n|t:|1776602970\n|switch|p2a: Sinistcha|Sinistcha-Masterpiece, L50|13/100|[from] Parting Shot\n|-heal|p2b: Crabominable|65/100|[from] ability: Hospitality|[of] p2a: Sinistcha\n|move|p2b: Crabominable|Drain Punch|p1b: Archaludon\n|-supereffective|p1b: Archaludon|1\n|-damage|p1b: Archaludon|0 fnt\n|-heal|p2b: Crabominable|98/100|[from] drain|[of] p1b: Archaludon\n|faint|p1b: Archaludon\n|\n|-weather|none\n|upkeep\n|\n|t:|1776602978\n|switch|p1b: Incineroar|Incineroar, L50, M, shiny|100/100\n|-ability|p1b: Incineroar|Intimidate|boost\n|-unboost|p2a: Sinistcha|atk|1\n|-unboost|p2b: Crabominable|atk|1\n|turn|7\n|\n|t:|1776602986\n|move|p2a: Sinistcha|Protect|p2a: Sinistcha\n|-singleturn|p2a: Sinistcha|Protect\n|move|p2b: Crabominable|Protect|p2b: Crabominable\n|-singleturn|p2b: Crabominable|Protect\n|move|p1b: Incineroar|Fake Out|p2b: Crabominable\n|-activate|p2b: Crabominable|move: Protect\n|move|p1a: Pelipper|Icy Wind|p2a: Sinistcha|[spread] \n|-activate|p2a: Sinistcha|move: Protect\n|-activate|p2b: Crabominable|move: Protect\n|\n|upkeep\n|turn|8\n|\n|t:|1776602995\n|switch|p2a: Incineroar|Incineroar, L50, M|11/100\n|-ability|p2a: Incineroar|Intimidate|boost\n|-unboost|p1a: Pelipper|atk|1\n|-unboost|p1b: Incineroar|atk|1\n|move|p1a: Pelipper|Icy Wind|p2b: Crabominable|[spread] p2a,p2b\n|-resisted|p2a: Incineroar|1\n|-resisted|p2b: Crabominable|1\n|-damage|p2a: Incineroar|8/100\n|-damage|p2b: Crabominable|94/100\n|-unboost|p2a: Incineroar|spe|1\n|-unboost|p2b: Crabominable|spe|1\n|move|p1b: Incineroar|Flare Blitz|p2b: Crabominable\n|-supereffective|p2b: Crabominable|1\n|-damage|p2b: Crabominable|42/100\n|-damage|p1b: Incineroar|85/100|[from] Recoil\n|move|p2b: Crabominable|Drain Punch|p1b: Incineroar\n|-supereffective|p1b: Incineroar|1\n|-damage|p1b: Incineroar|24/100\n|-heal|p2b: Crabominable|77/100|[from] drain|[of] p1b: Incineroar\n|\n|-heal|p1b: Incineroar|30/100|[from] item: Leftovers\n|upkeep\n|turn|9\n|\n|t:|1776603018\n|move|p2b: Crabominable|Mach Punch|p1b: Incineroar\n|-supereffective|p1b: Incineroar|1\n|-crit|p1b: Incineroar\n|-damage|p1b: Incineroar|0 fnt\n|faint|p1b: Incineroar\n|move|p1a: Pelipper|Hurricane|p2a: Incineroar|[miss]\n|-miss|p1a: Pelipper|p2a: Incineroar\n|move|p2a: Incineroar|Parting Shot|p1a: Pelipper\n|-unboost|p1a: Pelipper|atk|1\n|-unboost|p1a: Pelipper|spa|1\n|\n|t:|1776603025\n|switch|p2a: Sinistcha|Sinistcha-Masterpiece, L50|13/100|[from] Parting Shot\n|-heal|p2b: Crabominable|100/100|[from] ability: Hospitality|[of] p2a: Sinistcha\n|\n|upkeep\n|\n|t:|1776603028\n|switch|p1b: Heracross|Heracross, L50, F|100/100\n|turn|10\n|j| Abandoned12345\n|\n|t:|1776603041\n|switch|p2b: Incineroar|Incineroar, L50, M|8/100\n|-ability|p2b: Incineroar|Intimidate|boost\n|-unboost|p1a: Pelipper|atk|1\n|-unboost|p1b: Heracross|atk|1\n|detailschange|p1b: Heracross|Heracross-Mega, L50, F\n|-mega|p1b: Heracross|Heracross|Heracronite\n|move|p2a: Sinistcha|Protect|p2a: Sinistcha\n|-singleturn|p2a: Sinistcha|Protect\n|move|p1b: Heracross|Close Combat|p2b: Incineroar\n|-supereffective|p2b: Incineroar|1\n|-enditem|p2b: Incineroar|Chople Berry|[eat]\n|-enditem|p2b: Incineroar|Chople Berry|[weaken]\n|-damage|p2b: Incineroar|0 fnt\n|-unboost|p1b: Heracross|def|1\n|-unboost|p1b: Heracross|spd|1\n|faint|p2b: Incineroar\n|move|p1a: Pelipper|Icy Wind|p2a: Sinistcha\n|-activate|p2a: Sinistcha|move: Protect\n|\n|upkeep\n|\n|t:|1776603049\n|switch|p2b: Crabominable|Crabominable-Mega, L50, M, shiny|100/100\n|turn|11\n|\n|t:|1776603059\n|move|p2a: Sinistcha|Rage Powder|p2a: Sinistcha\n|-singleturn|p2a: Sinistcha|move: Rage Powder\n|move|p1b: Heracross|Close Combat|p2a: Sinistcha\n|-immune|p2a: Sinistcha\n|move|p1a: Pelipper|Icy Wind|p2b: Crabominable|[spread] p2a,p2b\n|-supereffective|p2a: Sinistcha|1\n|-resisted|p2b: Crabominable|1\n|-damage|p2a: Sinistcha|1/100\n|-damage|p2b: Crabominable|98/100\n|-unboost|p2a: Sinistcha|spe|1\n|-unboost|p2b: Crabominable|spe|1\n|move|p2b: Crabominable|Ice Hammer|p1b: Heracross\n|-damage|p1b: Heracross|0 fnt\n|-unboost|p2b: Crabominable|spe|1\n|faint|p1b: Heracross\n|\n|upkeep\n|turn|12\n|-message|Iliasdelm forfeited.\n|\n|win|Melonnolem\n|raw|Iliasdelm's rating: 1374 &rarr; <strong>1359</strong><br />(-15 for losing)\n|raw|Melonnolem's rating: 1471 &rarr; <strong>1486</strong><br />(+15 for winning)\n",
  "uploadtime": 1776603077,
  "views": 20,
  "formatid": "gen9championsvgc2026regma",
  "rating": 1359,
  "private": 0,
  "password": null
}