{
  "id": "gen9championsvgc2026regma-2585872238",
  "format": "[Gen 9 Champions] VGC 2026 Reg M-A",
  "players": [
    "Jerry Judewong",
    "Brgl"
  ],
  "log": "|j|\u2606Jerry Judewong\n|j|\u2606Brgl\n|t:|1776377246\n|gametype|doubles\n|player|p1|Jerry Judewong|hilbert|1221\n|player|p2|Brgl|pryce|1130\n|gen|9\n|tier|[Gen 9 Champions] VGC 2026 Reg M-A\n|rated|\n|rule|Species Clause: Limit one of each Pok\u00e9mon\n|rule|Item Clause: Limit 1 of each item\n|clearpoke\n|poke|p1|Incineroar, L50, M|\n|poke|p1|Kommo-o, L50, F|\n|poke|p1|Sinistcha, L50|\n|poke|p1|Chimecho, L50, F|\n|poke|p1|Oranguru, L50, M|\n|poke|p1|Aerodactyl, L50, F|\n|poke|p2|Altaria, L50, F|\n|poke|p2|Krookodile, L50, M|\n|poke|p2|Scizor, L50, M|\n|poke|p2|Rotom-Heat, L50|\n|poke|p2|Mimikyu, L50, M|\n|poke|p2|Rhyperior, L50, M|\n|teampreview|4\n|inactive|Battle timer is ON: inactive players will automatically lose when time's up. (requested by Brgl)\n|inactive|Brgl has 60 seconds left.\n|\n|t:|1776377291\n|teamsize|p1|4\n|teamsize|p2|4\n|start\n|switch|p1a: Kommo-o|Kommo-o, L50, F|100/100\n|switch|p1b: Oranguru|Oranguru, L50, M|100/100\n|switch|p2a: Krookodile|Krookodile, L50, M|100/100\n|switch|p2b: Rotom|Rotom-Heat, L50|100/100\n|-ability|p2a: Krookodile|Intimidate|boost\n|-unboost|p1a: Kommo-o|atk|1\n|-unboost|p1b: Oranguru|atk|1\n|turn|1\n|\n|t:|1776377308\n|move|p2a: Krookodile|Dragon Claw|p1a: Kommo-o\n|-supereffective|p1a: Kommo-o|1\n|-damage|p1a: Kommo-o|47/100\n|-enditem|p1a: Kommo-o|Sitrus Berry|[eat]\n|-heal|p1a: Kommo-o|72/100|[from] item: Sitrus Berry\n|-activate|p1b: Oranguru|ability: Symbiosis|Dragon Fang|[of] p1a: Kommo-o\n|move|p2b: Rotom|Volt Switch|p1a: Kommo-o\n|-resisted|p1a: Kommo-o|1\n|-damage|p1a: Kommo-o|57/100\n|\n|t:|1776377312\n|switch|p2b: Altaria|Altaria, L50, F|100/100|[from] Volt Switch\n|-ability|p2b: Altaria|Cloud Nine\n|move|p1a: Kommo-o|Clangorous Soul|p1a: Kommo-o\n|-boost|p1a: Kommo-o|atk|1\n|-boost|p1a: Kommo-o|def|1\n|-boost|p1a: Kommo-o|spa|1\n|-boost|p1a: Kommo-o|spd|1\n|-boost|p1a: Kommo-o|spe|1\n|-damage|p1a: Kommo-o|24/100\n|move|p1b: Oranguru|Instruct|p1a: Kommo-o\n|-singleturn|p1a: Kommo-o|move: Instruct|[of] p1b: Oranguru\n|move|p1a: Kommo-o|Clangorous Soul||[still]\n|-fail|p1a: Kommo-o\n|\n|upkeep\n|turn|2\n|inactive|Jerry Judewong has 30 seconds left.\n|\n|t:|1776377345\n|switch|p1b: Incineroar|Incineroar, L50, M|100/100\n|-ability|p1b: Incineroar|Intimidate|boost\n|-unboost|p2a: Krookodile|atk|1\n|-unboost|p2b: Altaria|atk|1\n|detailschange|p2b: Altaria|Altaria-Mega, L50, F\n|-mega|p2b: Altaria|Altaria|Altarianite\n|move|p2a: Krookodile|Dragon Claw|p1a: Kommo-o\n|-supereffective|p1a: Kommo-o|1\n|-damage|p1a: Kommo-o|2/100\n|move|p1a: Kommo-o|Flash Cannon|p2b: Altaria\n|-supereffective|p2b: Altaria|1\n|-damage|p2b: Altaria|30/100\n|move|p2b: Altaria|Hyper Voice|p1b: Incineroar|[spread] p1b\n|-immune|p1a: Kommo-o|[from] ability: Soundproof\n|-damage|p1b: Incineroar|72/100\n|\n|upkeep\n|turn|3\n|\n|t:|1776377368\n|move|p1b: Incineroar|Fake Out|p2a: Krookodile\n|-damage|p2a: Krookodile|86/100\n|cant|p2a: Krookodile|flinch\n|move|p1a: Kommo-o|Flash Cannon|p2b: Altaria\n|-supereffective|p2b: Altaria|1\n|-damage|p2b: Altaria|0 fnt\n|faint|p2b: Altaria\n|\n|upkeep\n|\n|t:|1776377376\n|switch|p2b: Rhyperior|Rhyperior, L50, M|100/100\n|turn|4\n|\n|t:|1776377387\n|move|p1a: Kommo-o|Protect|p1a: Kommo-o\n|-singleturn|p1a: Kommo-o|Protect\n|move|p2a: Krookodile|Dragon Claw|p1a: Kommo-o\n|-activate|p1a: Kommo-o|move: Protect\n|move|p1b: Incineroar|Parting Shot|p2b: Rhyperior\n|-unboost|p2b: Rhyperior|atk|1\n|-unboost|p2b: Rhyperior|spa|1\n|\n|t:|1776377396\n|switch|p1b: Oranguru|Oranguru, L50, M|100/100|[from] Parting Shot\n|move|p2b: Rhyperior|Stone Edge|p1b: Oranguru\n|-damage|p1b: Oranguru|76/100\n|\n|upkeep\n|turn|5\n|\n|t:|1776377407\n|switch|p2a: Rotom|Rotom-Heat, L50|100/100\n|move|p1a: Kommo-o|Clanging Scales|p2b: Rhyperior|[spread] p2a,p2b\n|-damage|p2a: Rotom|23/100\n|-damage|p2b: Rhyperior|38/100\n|-enditem|p2b: Rhyperior|Sitrus Berry|[eat]\n|-heal|p2b: Rhyperior|63/100|[from] item: Sitrus Berry\n|-unboost|p1a: Kommo-o|def|1\n|move|p2b: Rhyperior|Earthquake|p1a: Kommo-o|[spread] p1a,p1b\n|-immune|p2a: Rotom|[from] ability: Levitate\n|-damage|p1a: Kommo-o|0 fnt\n|-damage|p1b: Oranguru|56/100\n|faint|p1a: Kommo-o\n|move|p1b: Oranguru|Trick Room|p1b: Oranguru\n|-fieldstart|move: Trick Room|[of] p1b: Oranguru\n|\n|upkeep\n|\n|t:|1776377423\n|switch|p1a: Chimecho|Chimecho, L50, F|100/100\n|turn|6\n|\n|t:|1776377437\n|detailschange|p1a: Chimecho|Chimecho-Mega, L50, F\n|-mega|p1a: Chimecho|Chimecho|Chimechite\n|move|p2b: Rhyperior|Stealth Rock|p1a: Chimecho\n|-sidestart|p1: Jerry Judewong|move: Stealth Rock\n|move|p1a: Chimecho|Psychic|p2a: Rotom\n|-damage|p2a: Rotom|0 fnt\n|faint|p2a: Rotom\n|move|p1b: Oranguru|Imprison|p1b: Oranguru\n|-start|p1b: Oranguru|move: Imprison\n|\n|upkeep\n|\n|t:|1776377440\n|switch|p2a: Krookodile|Krookodile, L50, M|86/100\n|-ability|p2a: Krookodile|Intimidate|boost\n|-unboost|p1a: Chimecho|atk|1\n|-unboost|p1b: Oranguru|atk|1\n|turn|7\n|inactive|Jerry Judewong has 30 seconds left.\n|inactive|Brgl has 30 seconds left.\n|inactive|Jerry Judewong has 20 seconds left.\n|inactive|Jerry Judewong has 15 seconds left.\n|inactive|Jerry Judewong has 10 seconds left.\n|\n|t:|1776377486\n|switch|p1b: Incineroar|Incineroar, L50, M|72/100\n|-damage|p1b: Incineroar|47/100|[from] Stealth Rock\n|-ability|p1b: Incineroar|Intimidate|boost\n|-unboost|p2a: Krookodile|atk|1\n|-unboost|p2b: Rhyperior|atk|1\n|move|p1a: Chimecho|Protect|p1a: Chimecho\n|-singleturn|p1a: Chimecho|Protect\n|move|p2b: Rhyperior|Stone Edge|p1b: Incineroar\n|-supereffective|p1b: Incineroar|1\n|-enditem|p1b: Incineroar|Charti Berry|[eat]\n|-enditem|p1b: Incineroar|Charti Berry|[weaken]\n|-damage|p1b: Incineroar|27/100\n|move|p2a: Krookodile|Knock Off|p1b: Incineroar\n|-resisted|p1b: Incineroar|1\n|-damage|p1b: Incineroar|19/100\n|\n|upkeep\n|turn|8\n|\n|t:|1776377505\n|move|p1b: Incineroar|Fake Out|p2a: Krookodile\n|-damage|p2a: Krookodile|73/100\n|move|p2b: Rhyperior|Stone Edge|p1b: Incineroar\n|-supereffective|p1b: Incineroar|1\n|-damage|p1b: Incineroar|0 fnt\n|faint|p1b: Incineroar\n|move|p1a: Chimecho|Calm Mind|p1a: Chimecho\n|-boost|p1a: Chimecho|spa|1\n|-boost|p1a: Chimecho|spd|1\n|cant|p2a: Krookodile|flinch\n|\n|upkeep\n|\n|t:|1776377517\n|switch|p1b: Oranguru|Oranguru, L50, M|56/100\n|-damage|p1b: Oranguru|44/100|[from] Stealth Rock\n|turn|9\n|\n|t:|1776377523\n|move|p2b: Rhyperior|Stone Edge|p1b: Oranguru\n|-damage|p1b: Oranguru|22/100\n|move|p1a: Chimecho|Flash Cannon|p2a: Krookodile\n|-crit|p2a: Krookodile\n|-damage|p2a: Krookodile|0 fnt\n|faint|p2a: Krookodile\n|move|p1b: Oranguru|Instruct|p1a: Chimecho\n|-singleturn|p1a: Chimecho|move: Instruct|[of] p1b: Oranguru\n|move|p1a: Chimecho|Flash Cannon|p2b: Rhyperior\n|-supereffective|p2b: Rhyperior|1\n|-crit|p2b: Rhyperior\n|-damage|p2b: Rhyperior|0 fnt\n|faint|p2b: Rhyperior\n|\n|win|Jerry Judewong\n|raw|Jerry Judewong's rating: 1221 &rarr; <strong>1240</strong><br />(+19 for winning)\n|raw|Brgl's rating: 1130 &rarr; <strong>1111</strong><br />(-19 for losing)\n|l|\u2606Brgl\n|player|p2|\n",
  "uploadtime": 1776377542,
  "views": 16,
  "formatid": "gen9championsvgc2026regma",
  "rating": 1111,
  "private": 0,
  "password": null
}