{
  "id": "gen9championsvgc2026regma-2582107509",
  "format": "[Gen 9 Champions] VGC 2026 Reg M-A",
  "players": [
    "glonkus",
    "StosMac33"
  ],
  "log": "|j|\u2606glonkus\n|j|\u2606StosMac33\n|t:|1776058818\n|gametype|doubles\n|player|p1|glonkus|ingo|1045\n|player|p2|StosMac33|dawn|1029\n|gen|9\n|tier|[Gen 9 Champions] VGC 2026 Reg M-A\n|rated|\n|rule|Species Clause: Limit one of each Pok\u00e9mon\n|rule|Item Clause: Limit 1 of each item\n|clearpoke\n|poke|p1|Blastoise, L50, M|\n|poke|p1|Aggron, L50, F|\n|poke|p1|Sinistcha, L50|\n|poke|p1|Pelipper, L50, M|\n|poke|p1|Incineroar, L50, F|\n|poke|p1|Floette-Eternal, L50, F|\n|poke|p2|Venusaur, L50, M|\n|poke|p2|Incineroar, L50, F|\n|poke|p2|Clefable, L50, F|\n|poke|p2|Sinistcha, L50|\n|poke|p2|Sneasler, L50, M|\n|poke|p2|Charizard, L50, F|\n|teampreview|4\n|inactive|Battle timer is ON: inactive players will automatically lose when time's up. (requested by StosMac33)\n|inactive|glonkus also wants the timer to be on.\n|inactive|glonkus has 60 seconds left.\n|inactive|StosMac33 has 60 seconds left.\n|inactive|StosMac33 has 30 seconds left.\n|\n|t:|1776058881\n|teamsize|p1|4\n|teamsize|p2|4\n|start\n|switch|p1a: red judas|Incineroar, L50, F|100/100\n|switch|p1b: culvers green|Sinistcha, L50|100/100\n|switch|p2a: Clefable|Clefable, L50, F|100/100\n|switch|p2b: Sneasler|Sneasler, L50, M|100/100\n|-ability|p1a: red judas|Intimidate|boost\n|-unboost|p2a: Clefable|atk|1\n|-unboost|p2b: Sneasler|atk|1\n|turn|1\n|inactive|glonkus has 30 seconds left.\n|inactive|StosMac33 has 30 seconds left.\n|inactive|glonkus has 20 seconds left.\n|inactive|glonkus has 15 seconds left.\n|\n|t:|1776058922\n|move|p2b: Sneasler|Fake Out|p1a: red judas\n|-damage|p1a: red judas|93/100\n|move|p1b: culvers green|Matcha Gotcha|p2b: Sneasler|[spread] p2a,p2b\n|-resisted|p2b: Sneasler|1\n|-damage|p2a: Clefable|79/100\n|-damage|p2b: Sneasler|84/100\n|-status|p2a: Clefable|brn\n|cant|p1a: red judas|flinch\n|move|p2a: Clefable|Cosmic Power|p2a: Clefable\n|-boost|p2a: Clefable|def|1\n|-boost|p2a: Clefable|spd|1\n|\n|-damage|p2a: Clefable|73/100 brn|[from] brn\n|upkeep\n|turn|2\n|inactive|StosMac33 has 30 seconds left.\n|\n|t:|1776058950\n|switch|p1b: biggest bird|Pelipper, L50, M|100/100\n|-weather|RainDance|[from] ability: Drizzle|[of] p1b: biggest bird\n|move|p2b: Sneasler|Coaching|p2a: Clefable\n|-boost|p2a: Clefable|atk|1\n|-boost|p2a: Clefable|def|1\n|move|p1a: red judas|Parting Shot|p2a: Clefable\n|-unboost|p2a: Clefable|atk|1\n|-unboost|p2a: Clefable|spa|1\n|\n|t:|1776058960\n|switch|p1a: Hello-Juliete|Blastoise, L50, M|100/100|[from] Parting Shot\n|move|p2a: Clefable|Cosmic Power|p2a: Clefable\n|-boost|p2a: Clefable|def|1\n|-boost|p2a: Clefable|spd|1\n|\n|-weather|RainDance|[upkeep]\n|-damage|p2a: Clefable|67/100 brn|[from] brn\n|upkeep\n|turn|3\n|\n|t:|1776058977\n|detailschange|p1a: Hello-Juliete|Blastoise-Mega, L50, M\n|-mega|p1a: Hello-Juliete|Blastoise|Blastoisinite\n|move|p1a: Hello-Juliete|Fake Out|p2b: Sneasler\n|-crit|p2b: Sneasler\n|-damage|p2b: Sneasler|60/100\n|cant|p2b: Sneasler|flinch\n|move|p1b: biggest bird|Tailwind|p1b: biggest bird\n|-sidestart|p1: glonkus|move: Tailwind\n|move|p2a: Clefable|Cosmic Power|p2a: Clefable\n|-boost|p2a: Clefable|def|1\n|-boost|p2a: Clefable|spd|1\n|\n|-weather|RainDance|[upkeep]\n|-damage|p2a: Clefable|62/100 brn|[from] brn\n|upkeep\n|turn|4\n|\n|t:|1776058996\n|move|p1a: Hello-Juliete|Water Spout|p2b: Sneasler|[spread] p2a,p2b\n|-damage|p2a: Clefable|28/100 brn\n|-damage|p2b: Sneasler|0 fnt\n|-enditem|p2a: Clefable|Sitrus Berry|[eat]\n|-heal|p2a: Clefable|53/100 brn|[from] item: Sitrus Berry\n|faint|p2b: Sneasler\n|move|p1b: biggest bird|Weather Ball|p2a: Clefable\n|-damage|p2a: Clefable|30/100 brn\n|move|p2a: Clefable|Cosmic Power|p2a: Clefable\n|-boost|p2a: Clefable|def|1\n|-boost|p2a: Clefable|spd|1\n|\n|-weather|RainDance|[upkeep]\n|-damage|p2a: Clefable|24/100 brn|[from] brn\n|upkeep\n|\n|t:|1776059013\n|switch|p2b: Venusaur|Venusaur, L50, M|100/100\n|turn|5\n|inactive|StosMac33 has 30 seconds left.\n|\n|t:|1776059047\n|move|p2b: Venusaur|Protect|p2b: Venusaur\n|-singleturn|p2b: Venusaur|Protect\n|move|p1a: Hello-Juliete|Water Spout|p2a: Clefable|[spread] p2a\n|-activate|p2b: Venusaur|move: Protect\n|-damage|p2a: Clefable|0 fnt\n|faint|p2a: Clefable\n|move|p1b: biggest bird|Hurricane|p2b: Venusaur\n|-activate|p2b: Venusaur|move: Protect\n|\n|-weather|RainDance|[upkeep]\n|upkeep\n|\n|t:|1776059059\n|switch|p2a: Charizard|Charizard, L50, F|100/100\n|turn|6\n|\n|t:|1776059071\n|switch|p1a: red judas|Incineroar, L50, F|93/100\n|-ability|p1a: red judas|Intimidate|boost\n|-unboost|p2a: Charizard|atk|1\n|-unboost|p2b: Venusaur|atk|1\n|switch|p1b: culvers green|Sinistcha, L50|100/100\n|-heal|p1a: red judas|100/100|[from] ability: Hospitality|[of] p1b: culvers green\n|detailschange|p2a: Charizard|Charizard-Mega-Y, L50, F\n|-mega|p2a: Charizard|Charizard|Charizardite Y\n|-weather|SunnyDay|[from] ability: Drought|[of] p2a: Charizard\n|move|p2b: Venusaur|Energy Ball|p1b: culvers green\n|-resisted|p1b: culvers green|1\n|-damage|p1b: culvers green|88/100\n|move|p2a: Charizard|Solar Beam||[still]\n|-prepare|p2a: Charizard|Solar Beam\n|-anim|p2a: Charizard|Solar Beam|p1a: red judas\n|-resisted|p1a: red judas|1\n|-damage|p1a: red judas|82/100\n|\n|-weather|SunnyDay|[upkeep]\n|-sideend|p1: glonkus|move: Tailwind\n|upkeep\n|turn|7\n|inactive|StosMac33 has 30 seconds left.\n|\n|t:|1776059105\n|move|p2a: Charizard|Protect|p2a: Charizard\n|-singleturn|p2a: Charizard|Protect\n|move|p1a: red judas|Fake Out|p2a: Charizard\n|-activate|p2a: Charizard|move: Protect\n|move|p2b: Venusaur|Sleep Powder|p1a: red judas\n|-status|p1a: red judas|slp|[from] move: Sleep Powder\n|move|p1b: culvers green|Trick Room|p1b: culvers green\n|-fieldstart|move: Trick Room|[of] p1b: culvers green\n|\n|-weather|SunnyDay|[upkeep]\n|upkeep\n|turn|8\n|inactive|glonkus has 30 seconds left.\n|inactive|StosMac33 has 30 seconds left.\n|\n|t:|1776059138\n|cant|p1a: red judas|slp\n|move|p1b: culvers green|Shadow Ball|p2a: Charizard\n|-damage|p2a: Charizard|66/100\n|move|p2a: Charizard|Solar Beam||[still]\n|-prepare|p2a: Charizard|Solar Beam\n|-anim|p2a: Charizard|Solar Beam|p1a: red judas\n|-resisted|p1a: red judas|1\n|-damage|p1a: red judas|64/100 slp\n|move|p2b: Venusaur|Sunny Day||[still]\n|-fail|p2b: Venusaur\n|\n|-weather|SunnyDay|[upkeep]\n|upkeep\n|turn|9\n|\n|t:|1776059158\n|cant|p1a: red judas|slp\n|move|p1b: culvers green|Shadow Ball|p2a: Charizard\n|-damage|p2a: Charizard|31/100\n|move|p2a: Charizard|Focus Blast|p1a: red judas|[miss]\n|-miss|p2a: Charizard|p1a: red judas\n|move|p2b: Venusaur|Energy Ball|p1b: culvers green\n|-resisted|p1b: culvers green|1\n|-damage|p1b: culvers green|72/100\n|\n|-weather|SunnyDay|[upkeep]\n|upkeep\n|turn|10\n|\n|t:|1776059176\n|move|p2a: Charizard|Protect|p2a: Charizard\n|-singleturn|p2a: Charizard|Protect\n|-curestatus|p1a: red judas|slp|[msg]\n|move|p1a: red judas|Flare Blitz|p2b: Venusaur\n|-supereffective|p2b: Venusaur|1\n|-damage|p2b: Venusaur|0 fnt\n|faint|p2b: Venusaur\n|-damage|p1a: red judas|33/100|[from] Recoil\n|move|p1b: culvers green|Shadow Ball|p2a: Charizard\n|-activate|p2a: Charizard|move: Protect\n|\n|-weather|none\n|upkeep\n|turn|11\n|\n|t:|1776059190\n|move|p2a: Charizard|Protect|p2a: Charizard\n|-singleturn|p2a: Charizard|Protect\n|move|p1a: red judas|Darkest Lariat|p2a: Charizard\n|-activate|p2a: Charizard|move: Protect\n|move|p1b: culvers green|Shadow Ball|p2a: Charizard\n|-activate|p2a: Charizard|move: Protect\n|\n|-fieldend|move: Trick Room\n|upkeep\n|turn|12\n|\n|t:|1776059210\n|switch|p1b: biggest bird|Pelipper, L50, M|100/100\n|-weather|RainDance|[from] ability: Drizzle|[of] p1b: biggest bird\n|move|p2a: Charizard|Heat Wave|p1b: biggest bird|[spread] p1a,p1b\n|-resisted|p1a: red judas|1\n|-resisted|p1b: biggest bird|1\n|-damage|p1a: red judas|26/100\n|-damage|p1b: biggest bird|89/100\n|move|p1a: red judas|Parting Shot|p2a: Charizard\n|-unboost|p2a: Charizard|atk|1\n|-unboost|p2a: Charizard|spa|1\n|c|\u2606glonkus|something something desert, lets go all out\n|inactive|StosMac33 no longer wants the timer on, but the timer is staying on because glonkus still does.\n|\n|t:|1776059221\n|switch|p1a: Hello-Juliete|Blastoise-Mega, L50, M|100/100|[from] Parting Shot\n|\n|-weather|RainDance|[upkeep]\n|upkeep\n|turn|13\n|inactive|StosMac33 has 30 seconds left.\n|inactive|StosMac33 has 20 seconds left.\n|inactive|StosMac33 has 15 seconds left.\n|inactive|StosMac33 has 10 seconds left.\n|inactive|StosMac33 has 5 seconds left.\n|\n|t:|1776059276\n|move|p2a: Charizard|Heat Wave|p1b: biggest bird|[spread] p1a,p1b\n|-resisted|p1a: Hello-Juliete|1\n|-resisted|p1b: biggest bird|1\n|-damage|p1a: Hello-Juliete|95/100\n|-damage|p1b: biggest bird|80/100\n|-status|p1a: Hello-Juliete|brn\n|move|p1a: Hello-Juliete|Water Spout|p2a: Charizard\n|-supereffective|p2a: Charizard|1\n|-damage|p2a: Charizard|0 fnt\n|faint|p2a: Charizard\n|\n|win|glonkus\n|raw|glonkus's rating: 1045 &rarr; <strong>1077</strong><br />(+32 for winning)\n|raw|StosMac33's rating: 1029 &rarr; <strong>1015</strong><br />(-14 for losing)\n",
  "uploadtime": 1776059317,
  "views": 12,
  "formatid": "gen9championsvgc2026regma",
  "rating": 1015,
  "private": 0,
  "password": null
}