{
  "id": "gen9championsvgc2026regma-2588682837",
  "format": "[Gen 9 Champions] VGC 2026 Reg M-A",
  "players": [
    "Nanndemoiidesu",
    "adalove"
  ],
  "log": "|j|\u2606Nanndemoiidesu\n|j|\u2606adalove\n|t:|1776657288\n|gametype|doubles\n|player|p1|Nanndemoiidesu|twins-gen4dp|1351\n|player|p2|adalove|dragontamer|1243\n|gen|9\n|tier|[Gen 9 Champions] VGC 2026 Reg M-A\n|rated|\n|rule|Species Clause: Limit one of each Pok\u00e9mon\n|rule|Item Clause: Limit 1 of each item\n|clearpoke\n|poke|p1|Gengar, L50, F|\n|poke|p1|Sneasler, L50, F|\n|poke|p1|Mudsdale, L50, F|\n|poke|p1|Gyarados, L50, M|\n|poke|p1|Gallade, L50, M|\n|poke|p1|Vivillon-Fancy, L50, M|\n|poke|p2|Tyranitar, L50, F|\n|poke|p2|Excadrill, L50, M|\n|poke|p2|Corviknight, L50, F|\n|poke|p2|Garchomp, L50, M|\n|poke|p2|Primarina, L50, F|\n|poke|p2|Sinistcha, L50|\n|teampreview|4\n|inactive|Battle timer is ON: inactive players will automatically lose when time's up. (requested by adalove)\n|inactive|Nanndemoiidesu also wants the timer to be on.\n|inactive|adalove has 60 seconds left.\n|\n|t:|1776657336\n|teamsize|p1|4\n|teamsize|p2|4\n|start\n|switch|p1a: Mudsdale|Mudsdale, L50, F|100/100\n|switch|p1b: Gengar|Gengar, L50, F|100/100\n|switch|p2a: Bandwidth|Sinistcha, L50|100/100\n|switch|p2b: The-Catalyst|Tyranitar, L50, F|100/100\n|-weather|Sandstorm|[from] ability: Sand Stream|[of] p2b: The-Catalyst\n|turn|1\n|inactive|Nanndemoiidesu has 30 seconds left.\n|inactive|adalove has 30 seconds left.\n|inactive|Nanndemoiidesu has 20 seconds left.\n|inactive|adalove has 20 seconds left.\n|inactive|adalove has 15 seconds left.\n|\n|t:|1776657380\n|detailschange|p1b: Gengar|Gengar-Mega, L50, F\n|-mega|p1b: Gengar|Gengar|Gengarite\n|detailschange|p2b: The-Catalyst|Tyranitar-Mega, L50, F\n|-mega|p2b: The-Catalyst|Tyranitar|Tyranitarite\n|move|p1b: Gengar|Shadow Ball|p2a: Bandwidth\n|-supereffective|p2a: Bandwidth|1\n|-damage|p2a: Bandwidth|0 fnt\n|faint|p2a: Bandwidth\n|move|p2b: The-Catalyst|Knock Off|p1b: Gengar\n|-supereffective|p1b: Gengar|1\n|-damage|p1b: Gengar|0 fnt\n|faint|p1b: Gengar\n|move|p1a: Mudsdale|High Horsepower|p2b: The-Catalyst\n|-supereffective|p2b: The-Catalyst|1\n|-damage|p2b: The-Catalyst|53/100\n|\n|-weather|Sandstorm|[upkeep]\n|upkeep\n|\n|t:|1776657398\n|switch|p1b: Gallade|Gallade, L50, M|100/100\n|switch|p2a: Outbound|Primarina, L50, F|100/100\n|turn|2\n|inactive|adalove has 30 seconds left.\n|\n|t:|1776657431\n|switch|p2b: Defensive-Moat|Corviknight, L50, F|100/100\n|move|p1a: Mudsdale|Protect|p1a: Mudsdale\n|-singleturn|p1a: Mudsdale|Protect\n|move|p1b: Gallade|Psycho Cut|p2a: Outbound\n|-damage|p2a: Outbound|23/100\n|move|p2a: Outbound|Hyper Voice|p1a: Mudsdale|[spread] p1b\n|-activate|p1a: Mudsdale|move: Protect\n|-damage|p1b: Gallade|58/100\n|\n|-weather|Sandstorm|[upkeep]\n|-damage|p1b: Gallade|52/100|[from] Sandstorm\n|-damage|p2a: Outbound|17/100|[from] Sandstorm\n|upkeep\n|turn|3\n|inactive|Nanndemoiidesu has 30 seconds left.\n|\n|t:|1776657456\n|move|p2a: Outbound|Protect|p2a: Outbound\n|-singleturn|p2a: Outbound|Protect\n|move|p1b: Gallade|Psycho Cut|p2a: Outbound\n|-activate|p2a: Outbound|move: Protect\n|move|p2b: Defensive-Moat|Brave Bird|p1b: Gallade\n|-supereffective|p1b: Gallade|1\n|-damage|p1b: Gallade|0 fnt\n|faint|p1b: Gallade\n|-damage|p2b: Defensive-Moat|87/100|[from] Recoil\n|move|p1a: Mudsdale|Body Press|p2a: Outbound\n|-activate|p2a: Outbound|move: Protect\n|\n|-weather|Sandstorm|[upkeep]\n|-damage|p2a: Outbound|11/100|[from] Sandstorm\n|-heal|p2b: Defensive-Moat|94/100|[from] item: Leftovers\n|upkeep\n|\n|t:|1776657462\n|switch|p1b: Sneasler|Sneasler, L50, F|100/100\n|turn|4\n|inactive|adalove has 30 seconds left.\n|\n|t:|1776657491\n|switch|p2a: The-Catalyst|Tyranitar-Mega, L50, F|53/100\n|move|p1b: Sneasler|Protect|p1b: Sneasler\n|-singleturn|p1b: Sneasler|Protect\n|move|p2b: Defensive-Moat|Brave Bird|p1b: Sneasler\n|-activate|p1b: Sneasler|move: Protect\n|move|p1a: Mudsdale|Body Press|p2a: The-Catalyst\n|-supereffective|p2a: The-Catalyst|2\n|-crit|p2a: The-Catalyst\n|-damage|p2a: The-Catalyst|0 fnt\n|faint|p2a: The-Catalyst\n|\n|-weather|Sandstorm|[upkeep]\n|-damage|p1b: Sneasler|95/100|[from] Sandstorm\n|-heal|p2b: Defensive-Moat|99/100|[from] item: Leftovers\n|upkeep\n|\n|t:|1776657501\n|switch|p2a: Outbound|Primarina, L50, F|11/100\n|turn|5\n|inactive|Nanndemoiidesu has 30 seconds left.\n|\n|t:|1776657527\n|move|p1b: Sneasler|Close Combat|p2b: Defensive-Moat\n|-damage|p2b: Defensive-Moat|62/100\n|-unboost|p1b: Sneasler|def|1\n|-unboost|p1b: Sneasler|spd|1\n|-enditem|p1b: Sneasler|White Herb\n|-clearnegativeboost|p1b: Sneasler|[silent]\n|move|p2a: Outbound|Ice Beam|p1a: Mudsdale\n|-supereffective|p1a: Mudsdale|1\n|-damage|p1a: Mudsdale|44/100\n|-status|p1a: Mudsdale|frz\n|-ability|p1a: Mudsdale|Stamina|boost\n|-boost|p1a: Mudsdale|def|1\n|move|p2b: Defensive-Moat|Brave Bird|p1b: Sneasler\n|-supereffective|p1b: Sneasler|1\n|-damage|p1b: Sneasler|0 fnt\n|faint|p1b: Sneasler\n|-damage|p2b: Defensive-Moat|32/100|[from] Recoil\n|cant|p1a: Mudsdale|frz\n|\n|-weather|none\n|-heal|p2b: Defensive-Moat|38/100|[from] item: Leftovers\n|-heal|p1a: Mudsdale|50/100 frz|[from] item: Leftovers\n|upkeep\n|turn|6\n|inactive|adalove has 30 seconds left.\n|inactive|adalove has 20 seconds left.\n|inactive|Nanndemoiidesu has 30 seconds left.\n|\n|t:|1776657583\n|move|p2a: Outbound|Ice Beam|p1a: Mudsdale\n|-supereffective|p1a: Mudsdale|1\n|-damage|p1a: Mudsdale|0 fnt\n|faint|p1a: Mudsdale\n|\n|win|adalove\n|raw|Nanndemoiidesu's rating: 1351 &rarr; <strong>1325</strong><br />(-26 for losing)\n|raw|adalove's rating: 1243 &rarr; <strong>1276</strong><br />(+33 for winning)\n",
  "uploadtime": 1776657583,
  "views": 7,
  "formatid": "gen9championsvgc2026regma",
  "rating": 1276,
  "private": 0,
  "password": null
}