{
  "id": "gen9championsvgc2026regma-2582127069",
  "format": "[Gen 9 Champions] VGC 2026 Reg M-A",
  "players": [
    "rhicu",
    "Yodaslayer"
  ],
  "log": "|j|\u2606rhicu\n|j|\u2606Yodaslayer\n|t:|1776061447\n|gametype|doubles\n|player|p1|rhicu|169|1151\n|player|p2|Yodaslayer|2|1084\n|gen|9\n|tier|[Gen 9 Champions] VGC 2026 Reg M-A\n|rated|\n|rule|Species Clause: Limit one of each Pok\u00e9mon\n|rule|Item Clause: Limit 1 of each item\n|clearpoke\n|poke|p1|Floette-Eternal, L50, F|\n|poke|p1|Whimsicott, L50, M|\n|poke|p1|Aerodactyl, L50, M|\n|poke|p1|Arcanine, L50, M|\n|poke|p1|Milotic, L50, F|\n|poke|p1|Sinistcha, L50|\n|poke|p2|Manectric, L50, M|\n|poke|p2|Gyarados, L50, M|\n|poke|p2|Incineroar, L50, F|\n|poke|p2|Conkeldurr, L50, F|\n|poke|p2|Farigiraf, L50, F|\n|poke|p2|Hydrapple, L50, F|\n|teampreview|4\n|\n|t:|1776061505\n|teamsize|p1|4\n|teamsize|p2|4\n|start\n|switch|p1a: Milotic|Milotic, L50, F|100/100\n|switch|p1b: Aerodactyl|Aerodactyl, L50, M|100/100\n|switch|p2a: Farigiraf|Farigiraf, L50, F|100/100\n|switch|p2b: Manectric|Manectric, L50, M|100/100\n|-ability|p1b: Aerodactyl|Unnerve\n|turn|1\n|\n|t:|1776061527\n|detailschange|p2b: Manectric|Manectric-Mega, L50, M\n|-mega|p2b: Manectric|Manectric|Manectite\n|-ability|p2b: Manectric|Intimidate|boost\n|-unboost|p1a: Milotic|atk|1\n|-ability|p1a: Milotic|Competitive|boost\n|-boost|p1a: Milotic|spa|2\n|-unboost|p1b: Aerodactyl|atk|1\n|move|p1a: Milotic|Protect|p1a: Milotic\n|-singleturn|p1a: Milotic|Protect\n|move|p2b: Manectric|Volt Switch|p1b: Aerodactyl\n|-supereffective|p1b: Aerodactyl|1\n|-enditem|p1b: Aerodactyl|Focus Sash\n|-damage|p1b: Aerodactyl|1/100\n|\n|t:|1776061540\n|switch|p2b: Hydrapple|Hydrapple, L50, F|100/100|[from] Volt Switch\n|move|p1b: Aerodactyl|Rock Slide|p2a: Farigiraf|[spread] p2a,p2b\n|-damage|p2a: Farigiraf|87/100\n|-damage|p2b: Hydrapple|87/100\n|move|p2a: Farigiraf|Trick Room|p2a: Farigiraf\n|-fieldstart|move: Trick Room|[of] p2a: Farigiraf\n|\n|upkeep\n|turn|2\n|\n|t:|1776061562\n|move|p1b: Aerodactyl|Protect|p1b: Aerodactyl\n|-singleturn|p1b: Aerodactyl|Protect\n|move|p2b: Hydrapple|Energy Ball|p1a: Milotic\n|-supereffective|p1a: Milotic|1\n|-damage|p1a: Milotic|26/100\n|move|p2a: Farigiraf|Hyper Voice|p1b: Aerodactyl|[spread] p1a\n|-activate|p1b: Aerodactyl|move: Protect\n|-damage|p1a: Milotic|2/100\n|move|p1a: Milotic|Dragon Pulse|p2b: Hydrapple\n|-supereffective|p2b: Hydrapple|1\n|-damage|p2b: Hydrapple|0 fnt\n|faint|p2b: Hydrapple\n|\n|-heal|p1a: Milotic|8/100|[from] item: Leftovers\n|upkeep\n|\n|t:|1776061576\n|switch|p2b: Conkeldurr|Conkeldurr, L50, F|100/100\n|turn|3\n|\n|t:|1776061592\n|switch|p1b: Sinistcha|Sinistcha, L50|100/100\n|-heal|p1a: Milotic|33/100|[from] ability: Hospitality|[of] p1b: Sinistcha\n|move|p1a: Milotic|Protect|p1a: Milotic\n|-singleturn|p1a: Milotic|Protect\n|move|p2b: Conkeldurr|Drain Punch|p1a: Milotic\n|-activate|p1a: Milotic|move: Protect\n|move|p2a: Farigiraf|Hyper Voice|p1a: Milotic|[spread] \n|-activate|p1a: Milotic|move: Protect\n|-immune|p1b: Sinistcha\n|\n|-heal|p1a: Milotic|39/100|[from] item: Leftovers\n|upkeep\n|turn|4\n|\n|t:|1776061623\n|move|p1b: Sinistcha|Rage Powder|p1b: Sinistcha\n|-singleturn|p1b: Sinistcha|move: Rage Powder\n|move|p2b: Conkeldurr|Drain Punch|p1b: Sinistcha\n|-immune|p1b: Sinistcha\n|move|p2a: Farigiraf|Psychic|p1b: Sinistcha\n|-damage|p1b: Sinistcha|53/100\n|move|p1a: Milotic|Scald|p2b: Conkeldurr\n|-damage|p2b: Conkeldurr|23/100\n|\n|-heal|p2b: Conkeldurr|29/100|[from] item: Leftovers\n|-heal|p1a: Milotic|45/100|[from] item: Leftovers\n|upkeep\n|turn|5\n|\n|t:|1776061640\n|move|p1a: Milotic|Protect|p1a: Milotic\n|-singleturn|p1a: Milotic|Protect\n|move|p2b: Conkeldurr|Ice Punch|p1b: Sinistcha\n|-supereffective|p1b: Sinistcha|1\n|-damage|p1b: Sinistcha|0 fnt\n|faint|p1b: Sinistcha\n|move|p2a: Farigiraf|Psychic|p1a: Milotic\n|-activate|p1a: Milotic|move: Protect\n|\n|-heal|p2b: Conkeldurr|35/100|[from] item: Leftovers\n|-heal|p1a: Milotic|52/100|[from] item: Leftovers\n|-fieldend|move: Trick Room\n|upkeep\n|\n|t:|1776061652\n|switch|p1b: Floette|Floette-Eternal, L50, F|100/100\n|turn|6\n|\n|t:|1776061666\n|detailschange|p1b: Floette|Floette-Mega, L50, F\n|-mega|p1b: Floette|Floette|Floettite\n|-ability|p1b: Floette|Fairy Aura\n|move|p2b: Conkeldurr|Mach Punch|p1a: Milotic\n|-damage|p1a: Milotic|28/100\n|move|p1b: Floette|Dazzling Gleam|p2a: Farigiraf|[spread] p2a,p2b\n|-supereffective|p2b: Conkeldurr|1\n|-damage|p2a: Farigiraf|41/100\n|-damage|p2b: Conkeldurr|0 fnt\n|faint|p2b: Conkeldurr\n|move|p1a: Milotic|Scald|p2a: Farigiraf\n|-damage|p2a: Farigiraf|0 fnt\n|faint|p2a: Farigiraf\n|\n|-heal|p1a: Milotic|34/100|[from] item: Leftovers\n|upkeep\n|\n|t:|1776061677\n|switch|p2b: Manectric|Manectric-Mega, L50, M|100/100\n|-ability|p2b: Manectric|Intimidate|boost\n|-unboost|p1a: Milotic|atk|1\n|-ability|p1a: Milotic|Competitive|boost\n|-boost|p1a: Milotic|spa|2\n|-unboost|p1b: Floette|atk|1\n|turn|7\n|\n|t:|1776061687\n|move|p1a: Milotic|Protect|p1a: Milotic\n|-singleturn|p1a: Milotic|Protect\n|move|p2b: Manectric|Electro Ball|p1b: Floette\n|-damage|p1b: Floette|72/100\n|move|p1b: Floette|Moonblast|p2b: Manectric\n|-damage|p2b: Manectric|0 fnt\n|faint|p2b: Manectric\n|\n|win|rhicu\n|raw|rhicu's rating: 1151 &rarr; <strong>1171</strong><br />(+20 for winning)\n|raw|Yodaslayer's rating: 1084 &rarr; <strong>1066</strong><br />(-18 for losing)\n|l|\u2606Yodaslayer\n|player|p2|\n",
  "uploadtime": 1776061711,
  "views": 9,
  "formatid": "gen9championsvgc2026regma",
  "rating": 1066,
  "private": 0,
  "password": null
}