{
  "id": "gen9championsvgc2026regma-2581265650",
  "format": "[Gen 9 Champions] VGC 2026 Reg M-A",
  "players": [
    "chiumma",
    "guvn"
  ],
  "log": "|j|\u2606chiumma\n|j|\u2606guvn\n|t:|1775978493\n|gametype|doubles\n|player|p1|chiumma|102|1312\n|player|p2|guvn|hilda-wonderlauncher|1320\n|gen|9\n|tier|[Gen 9 Champions] VGC 2026 Reg M-A\n|rated|\n|rule|Species Clause: Limit one of each Pok\u00e9mon\n|rule|Item Clause: Limit 1 of each item\n|clearpoke\n|poke|p1|Pelipper, L50, M|\n|poke|p1|Basculegion, L50, M|\n|poke|p1|Archaludon, L50, M|\n|poke|p1|Sneasler, L50, M|\n|poke|p1|Dragonite, L50, F|\n|poke|p1|Sylveon, L50, F|\n|poke|p2|Charizard, L50, F|\n|poke|p2|Incineroar, L50, M|\n|poke|p2|Whimsicott, L50, M|\n|poke|p2|Garchomp, L50, M|\n|poke|p2|Rotom-Wash, L50|\n|poke|p2|Sneasler, L50, F|\n|teampreview|4\n|inactive|Battle timer is ON: inactive players will automatically lose when time's up. (requested by guvn)\n|\n|t:|1775978514\n|teamsize|p1|4\n|teamsize|p2|4\n|start\n|switch|p1a: Sneasler|Sneasler, L50, M|100/100\n|switch|p1b: Dragonite|Dragonite, L50, F|100/100\n|switch|p2a: Charizard|Charizard, L50, F, shiny|100/100\n|switch|p2b: Garchomp|Garchomp, L50, M, shiny|100/100\n|turn|1\n|\n|t:|1775978529\n|detailschange|p1b: Dragonite|Dragonite-Mega, L50, F\n|-mega|p1b: Dragonite|Dragonite|Dragoninite\n|detailschange|p2a: Charizard|Charizard-Mega-Y, L50, F, shiny\n|-mega|p2a: Charizard|Charizard|Charizardite Y\n|-weather|SunnyDay|[from] ability: Drought|[of] p2a: Charizard\n|move|p1a: Sneasler|Fake Out|p2a: Charizard\n|-damage|p2a: Charizard|84/100\n|move|p2b: Garchomp|Rock Slide|p1b: Dragonite|[spread] p1a,p1b\n|-resisted|p1a: Sneasler|1\n|-supereffective|p1b: Dragonite|1\n|-damage|p1a: Sneasler|84/100\n|-damage|p1b: Dragonite|80/100\n|cant|p1b: Dragonite|flinch\n|cant|p2a: Charizard|flinch\n|\n|-weather|SunnyDay|[upkeep]\n|upkeep\n|turn|2\n|j| Azuiir\n|l| Azuiir\n|\n|t:|1775978553\n|move|p2a: Charizard|Protect|p2a: Charizard\n|-singleturn|p2a: Charizard|Protect\n|move|p2b: Garchomp|Rock Slide|p1b: Dragonite|[spread] p1a,p1b\n|-resisted|p1a: Sneasler|1\n|-supereffective|p1b: Dragonite|1\n|-damage|p1a: Sneasler|65/100\n|-damage|p1b: Dragonite|38/100\n|move|p1a: Sneasler|Close Combat|p2b: Garchomp\n|-damage|p2b: Garchomp|42/100\n|-unboost|p1a: Sneasler|def|1\n|-unboost|p1a: Sneasler|spd|1\n|-damage|p1a: Sneasler|53/100|[from] ability: Rough Skin|[of] p2b: Garchomp\n|-enditem|p1a: Sneasler|White Herb\n|-clearnegativeboost|p1a: Sneasler|[silent]\n|move|p1b: Dragonite|Ice Beam|p2b: Garchomp\n|-supereffective|p2b: Garchomp|2\n|-damage|p2b: Garchomp|0 fnt\n|faint|p2b: Garchomp\n|\n|-weather|SunnyDay|[upkeep]\n|upkeep\n|\n|t:|1775978571\n|switch|p2b: Whimsicott|Whimsicott, L50, M, shiny|100/100\n|turn|3\n|\n|t:|1775978592\n|switch|p1b: Basculegion|Basculegion, L50, M|100/100\n|move|p2b: Whimsicott|Tailwind|p2b: Whimsicott\n|-sidestart|p2: guvn|move: Tailwind\n|move|p1a: Sneasler|Dire Claw|p2a: Charizard\n|-damage|p2a: Charizard|38/100\n|move|p2a: Charizard|Heat Wave|p1b: Basculegion|[spread] p1b\n|-miss|p2a: Charizard|p1a: Sneasler\n|-resisted|p1b: Basculegion|1\n|-damage|p1b: Basculegion|69/100\n|\n|-weather|SunnyDay|[upkeep]\n|upkeep\n|turn|4\n|\n|t:|1775978617\n|move|p2a: Charizard|Protect|p2a: Charizard\n|-singleturn|p2a: Charizard|Protect\n|move|p1a: Sneasler|Dire Claw|p2b: Whimsicott\n|-supereffective|p2b: Whimsicott|2\n|-enditem|p2b: Whimsicott|Focus Sash\n|-damage|p2b: Whimsicott|1/100\n|move|p2b: Whimsicott|Moonblast|p1a: Sneasler\n|-damage|p1a: Sneasler|5/100\n|move|p1b: Basculegion|Liquidation|p2a: Charizard\n|-activate|p2a: Charizard|move: Protect\n|\n|-weather|SunnyDay|[upkeep]\n|upkeep\n|turn|5\n|inactive|guvn has 30 seconds left.\n|\n|t:|1775978648\n|switch|p1a: Pelipper|Pelipper, L50, M|100/100\n|-weather|RainDance|[from] ability: Drizzle|[of] p1a: Pelipper\n|switch|p2a: Rotom|Rotom-Wash, L50, shiny|100/100\n|move|p1b: Basculegion|Aqua Jet|p2a: Rotom\n|-resisted|p2a: Rotom|1\n|-damage|p2a: Rotom|81/100\n|move|p2b: Whimsicott|Moonblast|p1a: Pelipper\n|-damage|p1a: Pelipper|51/100\n|-unboost|p1a: Pelipper|spa|1\n|\n|-weather|RainDance|[upkeep]\n|-heal|p2a: Rotom|87/100|[from] item: Leftovers\n|upkeep\n|turn|6\n|\n|t:|1775978667\n|switch|p1b: Sneasler|Sneasler, L50, M|5/100\n|move|p2b: Whimsicott|Sunny Day|p2b: Whimsicott\n|-weather|SunnyDay\n|move|p2a: Rotom|Thunderbolt|p1b: Sneasler\n|-damage|p1b: Sneasler|0 fnt\n|faint|p1b: Sneasler\n|move|p1a: Pelipper|Tailwind|p1a: Pelipper\n|-sidestart|p1: chiumma|move: Tailwind\n|\n|-weather|SunnyDay|[upkeep]\n|-heal|p2a: Rotom|93/100|[from] item: Leftovers\n|-sideend|p2: guvn|move: Tailwind\n|upkeep\n|\n|t:|1775978675\n|switch|p1b: Dragonite|Dragonite-Mega, L50, F|38/100\n|turn|7\n|j| gE1xjZRtuhW2DdT0AK\n|\n|t:|1775978688\n|move|p1a: Pelipper|Protect|p1a: Pelipper\n|-singleturn|p1a: Pelipper|Protect\n|move|p2b: Whimsicott|Tailwind|p2b: Whimsicott\n|-sidestart|p2: guvn|move: Tailwind\n|move|p1b: Dragonite|Dragon Pulse|p2a: Rotom\n|-damage|p2a: Rotom|39/100\n|move|p2a: Rotom|Thunderbolt|p1b: Dragonite\n|-damage|p1b: Dragonite|0 fnt\n|faint|p1b: Dragonite\n|\n|-weather|SunnyDay|[upkeep]\n|-heal|p2a: Rotom|44/100|[from] item: Leftovers\n|upkeep\n|\n|t:|1775978712\n|switch|p1b: Basculegion|Basculegion, L50, M|69/100\n|turn|8\n|\n|t:|1775978725\n|move|p2b: Whimsicott|Encore|p1a: Pelipper\n|-start|p1a: Pelipper|Encore\n|move|p1a: Pelipper|Protect||[still]\n|-fail|p1a: Pelipper\n|move|p1b: Basculegion|Last Respects|p2a: Rotom\n|-damage|p2a: Rotom|0 fnt\n|faint|p2a: Rotom\n|\n|-weather|SunnyDay|[upkeep]\n|upkeep\n|\n|t:|1775978734\n|switch|p2a: Charizard|Charizard-Mega-Y, L50, F, shiny|38/100\n|turn|9\n|\n|t:|1775978743\n|move|p2a: Charizard|Protect|p2a: Charizard\n|-singleturn|p2a: Charizard|Protect\n|move|p1a: Pelipper|Protect|p1a: Pelipper\n|-singleturn|p1a: Pelipper|Protect\n|move|p2b: Whimsicott|Moonblast|p1b: Basculegion\n|-damage|p1b: Basculegion|34/100\n|move|p1b: Basculegion|Last Respects|p2a: Charizard\n|-activate|p2a: Charizard|move: Protect\n|\n|-weather|SunnyDay|[upkeep]\n|-sideend|p1: chiumma|move: Tailwind\n|upkeep\n|turn|10\n|\n|t:|1775978756\n|move|p1a: Pelipper|Protect||[still]\n|-fail|p1a: Pelipper\n|move|p2b: Whimsicott|Moonblast|p1b: Basculegion\n|-damage|p1b: Basculegion|0 fnt\n|faint|p1b: Basculegion\n|move|p2a: Charizard|Heat Wave|p1a: Pelipper\n|-resisted|p1a: Pelipper|1\n|-damage|p1a: Pelipper|0 fnt\n|faint|p1a: Pelipper\n|\n|win|guvn\n|raw|chiumma's rating: 1312 &rarr; <strong>1292</strong><br />(-20 for losing)\n|raw|guvn's rating: 1320 &rarr; <strong>1340</strong><br />(+20 for winning)\n|l|\u2606chiumma\n|player|p1|\n|l|\u2606guvn\n|player|p2|\n",
  "uploadtime": 1775978850,
  "views": 18,
  "formatid": "gen9championsvgc2026regma",
  "rating": 1292,
  "private": 0,
  "password": null
}