{
  "id": "gen9championsvgc2026regma-2587721028",
  "format": "[Gen 9 Champions] VGC 2026 Reg M-A",
  "players": [
    "yandero",
    "tejolo"
  ],
  "log": "|j|\u2606yandero\n|j|\u2606tejolo\n|t:|1776557294\n|gametype|doubles\n|player|p1|yandero|102|1123\n|player|p2|tejolo|ethan|1109\n|gen|9\n|tier|[Gen 9 Champions] VGC 2026 Reg M-A\n|rated|\n|rule|Species Clause: Limit one of each Pok\u00e9mon\n|rule|Item Clause: Limit 1 of each item\n|clearpoke\n|poke|p1|Archaludon, L50, F|\n|poke|p1|Pelipper, L50, M|\n|poke|p1|Dragonite, L50, M|\n|poke|p1|Basculegion, L50, M|\n|poke|p1|Sinistcha, L50|\n|poke|p1|Sneasler, L50, F|\n|poke|p2|Farigiraf, L50, F|\n|poke|p2|Sinistcha, L50|\n|poke|p2|Kingambit, L50, F|\n|poke|p2|Sneasler, L50, M|\n|poke|p2|Golurk, L50, shiny|\n|poke|p2|Armarouge, L50, F|\n|teampreview|4\n|inactive|Battle timer is ON: inactive players will automatically lose when time's up. (requested by yandero)\n|inactive|tejolo has 60 seconds left.\n|\n|t:|1776557358\n|teamsize|p1|4\n|teamsize|p2|4\n|start\n|switch|p1a: Archaludon|Archaludon, L50, F|100/100\n|switch|p1b: Dragonite|Dragonite, L50, M|100/100\n|switch|p2a: Farigiraf|Farigiraf, L50, F|100/100\n|switch|p2b: Sneasler|Sneasler, L50, M|100/100\n|turn|1\n|\n|t:|1776557381\n|move|p2b: Sneasler|Fake Out|p1b: Dragonite\n|-damage|p1b: Dragonite|83/100\n|move|p1b: Dragonite|Dragon Pulse|p2a: Farigiraf\n|-damage|p2a: Farigiraf|69/100\n|move|p1a: Archaludon|Aura Sphere|p2a: Farigiraf\n|-damage|p2a: Farigiraf|46/100\n|-enditem|p2a: Farigiraf|Sitrus Berry|[eat]\n|-heal|p2a: Farigiraf|71/100|[from] item: Sitrus Berry\n|move|p2a: Farigiraf|Trick Room|p2a: Farigiraf\n|-fieldstart|move: Trick Room|[of] p2a: Farigiraf\n|\n|upkeep\n|turn|2\n|inactive|yandero has 30 seconds left.\n|inactive|tejolo has 30 seconds left.\n|\n|t:|1776557410\n|switch|p1a: Pelipper|Pelipper, L50, M|100/100\n|-weather|RainDance|[from] ability: Drizzle|[of] p1a: Pelipper\n|switch|p2b: Golurk|Golurk, L50, shiny|100/100\n|detailschange|p1b: Dragonite|Dragonite-Mega, L50, M\n|-mega|p1b: Dragonite|Dragonite|Dragoninite\n|move|p2a: Farigiraf|Psychic|p1a: Pelipper\n|-damage|p1a: Pelipper|70/100\n|move|p1b: Dragonite|Hurricane|p2a: Farigiraf\n|-damage|p2a: Farigiraf|20/100\n|\n|-weather|RainDance|[upkeep]\n|upkeep\n|turn|3\n|inactive|tejolo has 30 seconds left.\n|\n|t:|1776557443\n|switch|p2b: Sneasler|Sneasler, L50, M|100/100\n|switch|p2a: Kingambit|Kingambit, L50, F|100/100\n|move|p1a: Pelipper|Weather Ball|p2b: Sneasler\n|-damage|p2b: Sneasler|29/100\n|move|p1b: Dragonite|Hurricane|p2a: Kingambit\n|-resisted|p2a: Kingambit|1\n|-damage|p2a: Kingambit|68/100\n|\n|-weather|RainDance|[upkeep]\n|upkeep\n|turn|4\n|inactive|tejolo has 30 seconds left.\n|\n|t:|1776557469\n|move|p2b: Sneasler|Fake Out|p1b: Dragonite\n|-damage|p1b: Dragonite|69/100\n|move|p2a: Kingambit|Kowtow Cleave|p1b: Dragonite\n|-damage|p1b: Dragonite|15/100\n|move|p1a: Pelipper|Weather Ball|p2b: Sneasler\n|-damage|p2b: Sneasler|0 fnt\n|faint|p2b: Sneasler\n|cant|p1b: Dragonite|flinch\n|\n|-weather|RainDance|[upkeep]\n|upkeep\n|\n|t:|1776557485\n|switch|p2b: Farigiraf|Farigiraf, L50, F|20/100\n|turn|5\n|\n|t:|1776557504\n|switch|p1b: Archaludon|Archaludon, L50, F|100/100\n|move|p2b: Farigiraf|Protect|p2b: Farigiraf\n|-singleturn|p2b: Farigiraf|Protect\n|move|p2a: Kingambit|Sucker Punch||[still]\n|-fail|p2a: Kingambit\n|move|p1a: Pelipper|Tailwind|p1a: Pelipper\n|-sidestart|p1: yandero|move: Tailwind\n|\n|-weather|RainDance|[upkeep]\n|-fieldend|move: Trick Room\n|upkeep\n|turn|6\n|\n|t:|1776557521\n|move|p1b: Archaludon|Aura Sphere|p2a: Kingambit\n|-supereffective|p2a: Kingambit|2\n|-damage|p2a: Kingambit|0 fnt\n|faint|p2a: Kingambit\n|move|p1a: Pelipper|Weather Ball|p2b: Farigiraf\n|-damage|p2b: Farigiraf|0 fnt\n|faint|p2b: Farigiraf\n|\n|-weather|none\n|upkeep\n|-message|tejolo forfeited.\n|\n|win|yandero\n|raw|yandero's rating: 1123 &rarr; <strong>1147</strong><br />(+24 for winning)\n|raw|tejolo's rating: 1109 &rarr; <strong>1085</strong><br />(-24 for losing)\n|l|\u2606tejolo\n|player|p2|\n",
  "uploadtime": 1776558438,
  "views": 10,
  "formatid": "gen9championsvgc2026regma",
  "rating": 1085,
  "private": 0,
  "password": null
}