{
  "id": "gen9championsvgc2026regma-2588240982",
  "format": "[Gen 9 Champions] VGC 2026 Reg M-A",
  "players": [
    "LightningGodLuxray",
    "Eternal prisoner"
  ],
  "log": "|j|\u2606LightningGodLuxray\n|j|\u2606Eternal prisoner\n|t:|1776617289\n|gametype|doubles\n|player|p1|LightningGodLuxray|volkner|1052\n|player|p2|Eternal prisoner|az|1102\n|gen|9\n|tier|[Gen 9 Champions] VGC 2026 Reg M-A\n|rated|\n|rule|Species Clause: Limit one of each Pok\u00e9mon\n|rule|Item Clause: Limit 1 of each item\n|clearpoke\n|poke|p1|Luxray, L50, M, shiny|\n|poke|p1|Meowscarada, L50, F|\n|poke|p1|Pelipper, L50, F|\n|poke|p1|Aggron, L50, F, shiny|\n|poke|p1|Incineroar, L50, M, shiny|\n|poke|p1|Sinistcha, L50|\n|poke|p2|Delphox, L50, F|\n|poke|p2|Sneasler, L50, F|\n|poke|p2|Palafin, L50, M|\n|poke|p2|Kingambit, L50, M|\n|poke|p2|Sinistcha, L50|\n|poke|p2|Ninetales-Alola, L50, F|\n|teampreview|4\n|inactive|Battle timer is ON: inactive players will automatically lose when time's up. (requested by LightningGodLuxray)\n|inactive|Eternal prisoner has 60 seconds left.\n|inactive|Eternal prisoner has 30 seconds left.\n|\n|t:|1776617352\n|teamsize|p1|4\n|teamsize|p2|4\n|start\n|switch|p1a: Ironside|Aggron, L50, F, shiny|100/100\n|switch|p1b: Pelipper|Pelipper, L50, F|100/100\n|switch|p2a: Palafin|Palafin, L50, M|100/100\n|switch|p2b: Kingambit|Kingambit, L50, M|100/100\n|-weather|RainDance|[from] ability: Drizzle|[of] p1b: Pelipper\n|turn|1\n|\n|t:|1776617369\n|detailschange|p1a: Ironside|Aggron-Mega, L50, F, shiny\n|-mega|p1a: Ironside|Aggron|Aggronite\n|move|p2b: Kingambit|Sucker Punch||[still]\n|-fail|p2b: Kingambit\n|move|p1b: Pelipper|Hurricane|p2a: Palafin\n|-damage|p2a: Palafin|38/100\n|move|p2a: Palafin|Close Combat|p1a: Ironside\n|-supereffective|p1a: Ironside|1\n|-crit|p1a: Ironside\n|-damage|p1a: Ironside|73/100\n|-unboost|p2a: Palafin|def|1\n|-unboost|p2a: Palafin|spd|1\n|move|p1a: Ironside|Iron Defense|p1a: Ironside\n|-boost|p1a: Ironside|def|2\n|\n|-weather|RainDance|[upkeep]\n|upkeep\n|turn|2\n|\n|t:|1776617390\n|detailschange|p2a: Palafin|Palafin-Hero, L50, M\n|switch|p2a: Ceroba|Delphox, L50, F|100/100\n|switch|p2b: Sinistcha|Sinistcha, L50|100/100\n|move|p1b: Pelipper|Hurricane|p2a: Ceroba\n|-damage|p2a: Ceroba|44/100\n|move|p1a: Ironside|Body Press|p2b: Sinistcha\n|-immune|p2b: Sinistcha\n|\n|-weather|RainDance|[upkeep]\n|upkeep\n|turn|3\n|\n|t:|1776617409\n|detailschange|p2a: Ceroba|Delphox-Mega, L50, F\n|-mega|p2a: Ceroba|Delphox|Delphoxite\n|move|p1a: Ironside|Protect|p1a: Ironside\n|-singleturn|p1a: Ironside|Protect\n|move|p2a: Ceroba|Substitute|p2a: Ceroba\n|-start|p2a: Ceroba|Substitute\n|-damage|p2a: Ceroba|19/100\n|move|p1b: Pelipper|Hurricane|p2a: Ceroba\n|-end|p2a: Ceroba|Substitute\n|move|p2b: Sinistcha|Life Dew||[still]|[spread] p2a,p2b\n|-heal|p2a: Ceroba|45/100\n|-fail|p2b: Sinistcha|heal\n|\n|-weather|RainDance|[upkeep]\n|upkeep\n|turn|4\n|inactive|LightningGodLuxray has 30 seconds left.\n|\n|t:|1776617436\n|move|p2a: Ceroba|Substitute|p2a: Ceroba\n|-start|p2a: Ceroba|Substitute\n|-damage|p2a: Ceroba|20/100\n|move|p1b: Pelipper|Hurricane|p2a: Ceroba\n|-end|p2a: Ceroba|Substitute\n|move|p2b: Sinistcha|Life Dew||[still]|[spread] p2a,p2b\n|-heal|p2a: Ceroba|45/100\n|-fail|p2b: Sinistcha|heal\n|move|p1a: Ironside|Body Press|p2a: Ceroba\n|-resisted|p2a: Ceroba|1\n|-crit|p2a: Ceroba\n|-damage|p2a: Ceroba|0 fnt\n|faint|p2a: Ceroba\n|\n|-weather|RainDance|[upkeep]\n|upkeep\n|\n|t:|1776617447\n|switch|p2a: Palafin|Palafin-Hero, L50, M|38/100\n|-activate|p2a: Palafin|ability: Zero to Hero\n|turn|5\n|-message|Eternal prisoner forfeited.\n|\n|win|LightningGodLuxray\n",
  "uploadtime": 1776617291,
  "views": 7,
  "formatid": "gen9championsvgc2026regma",
  "rating": null,
  "private": 0,
  "password": null
}