{
  "id": "gen9championsvgc2026regma-2584782791",
  "format": "[Gen 9 Champions] VGC 2026 Reg M-A",
  "players": [
    "th3_ph4nt0m",
    "Staryu Shuriken"
  ],
  "log": "|j|\u2606th3_ph4nt0m\n|j|\u2606Staryu Shuriken\n|t:|1776283314\n|gametype|doubles\n|player|p1|th3_ph4nt0m|fisherman-gen4|1226\n|player|p2|Staryu Shuriken|worker|1254\n|gen|9\n|tier|[Gen 9 Champions] VGC 2026 Reg M-A\n|rated|\n|rule|Species Clause: Limit one of each Pok\u00e9mon\n|rule|Item Clause: Limit 1 of each item\n|clearpoke\n|poke|p1|Crabominable, L50, F|\n|poke|p1|Sinistcha, L50|\n|poke|p1|Mimikyu, L50, M|\n|poke|p1|Garchomp, L50, M|\n|poke|p1|Torkoal, L50, M|\n|poke|p1|Victreebel, L50, M|\n|poke|p2|Kingambit, L50, F|\n|poke|p2|Garchomp, L50, F|\n|poke|p2|Rotom-Wash, L50|\n|poke|p2|Weavile, L50, F|\n|poke|p2|Chandelure, L50, M|\n|poke|p2|Clefable, L50, F|\n|teampreview|4\nth3_ph4nt0m has agreed to open team sheets.\n|\n|t:|1776283363\n|teamsize|p1|4\n|teamsize|p2|4\n|start\n|switch|p1a: Victreebel|Victreebel, L50, M|100/100\n|switch|p1b: Mimikyu|Mimikyu, L50, M|100/100\n|switch|p2a: Chandelure|Chandelure, L50, M, shiny|100/100\n|switch|p2b: Weavile|Weavile, L50, F|100/100\n|turn|1\n|inactive|Battle timer is ON: inactive players will automatically lose when time's up. (requested by th3_ph4nt0m)\n|\n|t:|1776283381\n|detailschange|p1a: Victreebel|Victreebel-Mega, L50, M\n|-mega|p1a: Victreebel|Victreebel|Victreebelite\n|move|p1b: Mimikyu|Protect|p1b: Mimikyu\n|-singleturn|p1b: Mimikyu|Protect\n|move|p2b: Weavile|Knock Off|p1b: Mimikyu\n|-activate|p1b: Mimikyu|move: Protect\n|move|p2a: Chandelure|Shadow Ball|p1b: Mimikyu\n|-activate|p1b: Mimikyu|move: Protect\n|move|p1a: Victreebel|Wrap|p2b: Weavile\n|-damage|p2b: Weavile|92/100\n|-activate|p2b: Weavile|move: Wrap|[of] p1a: Victreebel\n|\n|-damage|p2b: Weavile|80/100|[from] move: Wrap|[partiallytrapped]\n|upkeep\n|turn|2\n|inactive|th3_ph4nt0m has 30 seconds left.\n|inactive|th3_ph4nt0m has 20 seconds left.\n|inactive|th3_ph4nt0m has 15 seconds left.\n|inactive|th3_ph4nt0m has 10 seconds left.\n|\n|t:|1776283429\n|switch|p1b: Garchomp|Garchomp, L50, M|100/100\n|move|p2b: Weavile|Knock Off|p1b: Garchomp\n|-damage|p1b: Garchomp|52/100\n|-damage|p2b: Weavile|68/100|[from] ability: Rough Skin|[of] p1b: Garchomp\n|-enditem|p1b: Garchomp|White Herb|[from] move: Knock Off|[of] p2b: Weavile\n|move|p2a: Chandelure|Shadow Ball|p1b: Garchomp\n|-damage|p1b: Garchomp|7/100\n|move|p1a: Victreebel|Strength Sap|p2b: Weavile\n|-unboost|p2b: Weavile|atk|1\n|\n|-damage|p2b: Weavile|56/100|[from] move: Wrap|[partiallytrapped]\n|upkeep\n|turn|3\n|inactive|th3_ph4nt0m has 30 seconds left.\n|inactive|Staryu Shuriken has 30 seconds left.\n|\n|t:|1776283461\n|switch|p1b: Mimikyu|Mimikyu, L50, M|100/100\n|move|p2b: Weavile|Knock Off|p1b: Mimikyu\n|-activate|p1b: Mimikyu|ability: Disguise\n|-damage|p1b: Mimikyu|100/100\n|-enditem|p1b: Mimikyu|Sitrus Berry|[from] move: Knock Off|[of] p2b: Weavile\n|detailschange|p1b: Mimikyu|Mimikyu-Busted, L50, M\n|-damage|p1b: Mimikyu|88/100|[from] pokemon: Mimikyu-Busted\n|move|p2a: Chandelure|Calm Mind|p2a: Chandelure\n|-boost|p2a: Chandelure|spa|1\n|-boost|p2a: Chandelure|spd|1\n|move|p1a: Victreebel|Sleep Powder|p2a: Chandelure\n|-status|p2a: Chandelure|slp|[from] move: Sleep Powder\n|\n|-damage|p2b: Weavile|43/100|[from] move: Wrap|[partiallytrapped]\n|upkeep\n|turn|4\n|\n|t:|1776283484\n|cant|p2a: Chandelure|slp\n|move|p1b: Mimikyu|Protect|p1b: Mimikyu\n|-singleturn|p1b: Mimikyu|Protect\n|move|p2b: Weavile|Icicle Crash|p1a: Victreebel\n|-supereffective|p1a: Victreebel|1\n|-damage|p1a: Victreebel|41/100\n|move|p1a: Victreebel|Sludge Bomb|p2b: Weavile\n|-damage|p2b: Weavile|0 fnt\n|faint|p2b: Weavile\n|\n|upkeep\n|\n|t:|1776283498\n|switch|p2b: Kingambit|Kingambit, L50, F|100/100\n|turn|5\n|\n|t:|1776283517\n|cant|p2a: Chandelure|slp\n|move|p1a: Victreebel|Strength Sap|p2b: Kingambit\n|-unboost|p2b: Kingambit|atk|1\n|-ability|p2b: Kingambit|Defiant|boost\n|-boost|p2b: Kingambit|atk|2\n|-heal|p1a: Victreebel|100/100\n|move|p2b: Kingambit|Iron Head|p1b: Mimikyu\n|-supereffective|p1b: Mimikyu|1\n|-damage|p1b: Mimikyu|0 fnt\n|faint|p1b: Mimikyu\n|\n|upkeep\n|\n|t:|1776283529\n|switch|p1b: Garchomp|Garchomp, L50, M|7/100\n|turn|6\n|\n|t:|1776283542\n|move|p2b: Kingambit|Sucker Punch|p1b: Garchomp\n|-damage|p1b: Garchomp|0 fnt\n|-damage|p2b: Kingambit|88/100|[from] ability: Rough Skin|[of] p1b: Garchomp\n|faint|p1b: Garchomp\n|-curestatus|p2a: Chandelure|slp|[msg]\n|move|p2a: Chandelure|Shadow Ball|p1a: Victreebel\n|-damage|p1a: Victreebel|33/100\n|-unboost|p1a: Victreebel|spd|1\n|move|p1a: Victreebel|Wrap|p2b: Kingambit\n|-resisted|p2b: Kingambit|1\n|-damage|p2b: Kingambit|87/100\n|-activate|p2b: Kingambit|move: Wrap|[of] p1a: Victreebel\n|\n|-damage|p2b: Kingambit|75/100|[from] move: Wrap|[partiallytrapped]\n|upkeep\n|\n|t:|1776283544\n|switch|p1b: Torkoal|Torkoal, L50, M|100/100\n|-weather|SunnyDay|[from] ability: Drought|[of] p1b: Torkoal\n|turn|7\n|inactive|Staryu Shuriken has 30 seconds left.\n|\n|t:|1776283574\n|detailschange|p2a: Chandelure|Chandelure-Mega, L50, M, shiny\n|-mega|p2a: Chandelure|Chandelure|Chandelurite\n|move|p2a: Chandelure|Shadow Ball|p1b: Torkoal\n|-damage|p1b: Torkoal|6/100\n|move|p1a: Victreebel|Sludge Bomb|p2a: Chandelure\n|-resisted|p2a: Chandelure|1\n|-damage|p2a: Chandelure|84/100\n|-status|p2a: Chandelure|psn\n|move|p2b: Kingambit|Kowtow Cleave|p1a: Victreebel\n|-damage|p1a: Victreebel|0 fnt\n|-damage|p2b: Kingambit|51/100|[from] ability: Innards Out|[of] p1a: Victreebel\n|faint|p1a: Victreebel\n|move|p1b: Torkoal|Heat Wave|p2b: Kingambit|[spread] p2a,p2b\n|-resisted|p2a: Chandelure|1\n|-supereffective|p2b: Kingambit|1\n|-damage|p2a: Chandelure|66/100 psn\n|-damage|p2b: Kingambit|0 fnt\n|faint|p2b: Kingambit\n|\n|-weather|SunnyDay|[upkeep]\n|-damage|p2a: Chandelure|54/100 psn|[from] psn\n|upkeep\n|\n|t:|1776283585\n|switch|p2b: Clefable|Clefable, L50, F|100/100\n|turn|8\n|\n|t:|1776283592\n|move|p2a: Chandelure|Shadow Ball|p1b: Torkoal\n|-damage|p1b: Torkoal|0 fnt\n|faint|p1b: Torkoal\n|\n|win|Staryu Shuriken\n|raw|th3_ph4nt0m's rating: 1226 &rarr; <strong>1203</strong><br />(-23 for losing)\n|raw|Staryu Shuriken's rating: 1254 &rarr; <strong>1277</strong><br />(+23 for winning)\n|l|\u2606th3_ph4nt0m\n|player|p1|\n",
  "uploadtime": 1776283628,
  "views": 33,
  "formatid": "gen9championsvgc2026regma",
  "rating": 1203,
  "private": 0,
  "password": null
}