{
  "id": "gen9championsvgc2026regma-2586701558",
  "format": "[Gen 9 Champions] VGC 2026 Reg M-A",
  "players": [
    "Mameon",
    "Osmiumfish"
  ],
  "log": "|j|\u2606Mameon\n|j|\u2606Osmiumfish\n|t:|1776453293\n|gametype|doubles\n|player|p1|Mameon|102|1231\n|player|p2|Osmiumfish|101|1139\n|gen|9\n|tier|[Gen 9 Champions] VGC 2026 Reg M-A\n|rated|\n|rule|Species Clause: Limit one of each Pok\u00e9mon\n|rule|Item Clause: Limit 1 of each item\n|clearpoke\n|poke|p1|Charizard, L50, M|\n|poke|p1|Kingambit, L50, M|\n|poke|p1|Incineroar, L50, M|\n|poke|p1|Aerodactyl, L50, M|\n|poke|p1|Floette-Eternal, L50, F|\n|poke|p1|Sneasler, L50, F|\n|poke|p2|Aggron, L50, M|\n|poke|p2|Dragonite, L50, M|\n|poke|p2|Basculegion, L50, M|\n|poke|p2|Pelipper, L50, F|\n|poke|p2|Incineroar, L50, F|\n|poke|p2|Sinistcha, L50|\n|teampreview|4\n|\n|t:|1776453341\n|teamsize|p1|4\n|teamsize|p2|4\n|start\n|switch|p1a: Charizard|Charizard, L50, M|100/100\n|switch|p1b: Sneasler|Sneasler, L50, F|100/100\n|switch|p2a: Pelipper|Pelipper, L50, F|100/100\n|switch|p2b: Dragonite|Dragonite, L50, M|100/100\n|-weather|RainDance|[from] ability: Drizzle|[of] p2a: Pelipper\n|turn|1\n|\n|t:|1776453378\n|detailschange|p1a: Charizard|Charizard-Mega-Y, L50, M\n|-mega|p1a: Charizard|Charizard|Charizardite Y\n|-weather|SunnyDay|[from] ability: Drought|[of] p1a: Charizard\n|detailschange|p2b: Dragonite|Dragonite-Mega, L50, M\n|-mega|p2b: Dragonite|Dragonite|Dragoninite\n|move|p1b: Sneasler|Fake Out|p2b: Dragonite\n|-damage|p2b: Dragonite|94/100\n|move|p1a: Charizard|Solar Beam||[still]\n|-prepare|p1a: Charizard|Solar Beam\n|-anim|p1a: Charizard|Solar Beam|p2a: Pelipper\n|-damage|p2a: Pelipper|14/100\n|cant|p2b: Dragonite|flinch\n|move|p2a: Pelipper|Hurricane|p1b: Sneasler\n|-supereffective|p1b: Sneasler|1\n|-damage|p1b: Sneasler|0 fnt\n|faint|p1b: Sneasler\n|\n|-weather|SunnyDay|[upkeep]\n|upkeep\n|\n|t:|1776453399\n|switch|p1b: Aerodactyl|Aerodactyl, L50, M|100/100\n|-ability|p1b: Aerodactyl|Unnerve\n|turn|2\n|\n|t:|1776453430\n|switch|p2a: Basculegion|Basculegion, L50, M|100/100\n|move|p2b: Dragonite|Protect|p2b: Dragonite\n|-singleturn|p2b: Dragonite|Protect\n|move|p1b: Aerodactyl|Rock Slide|p2a: Basculegion|[spread] p2a\n|-activate|p2b: Dragonite|move: Protect\n|-damage|p2a: Basculegion|66/100\n|move|p1a: Charizard|Weather Ball|p2a: Basculegion\n|-resisted|p2a: Basculegion|1\n|-damage|p2a: Basculegion|14/100\n|\n|-weather|SunnyDay|[upkeep]\n|upkeep\n|turn|3\n|\n|t:|1776453466\n|move|p1a: Charizard|Protect|p1a: Charizard\n|-singleturn|p1a: Charizard|Protect\n|move|p1b: Aerodactyl|Rock Slide|p2a: Basculegion|[spread] p2a,p2b\n|-supereffective|p2b: Dragonite|1\n|-damage|p2a: Basculegion|0 fnt\n|-damage|p2b: Dragonite|51/100\n|faint|p2a: Basculegion\n|move|p2b: Dragonite|Dragon Pulse|p1a: Charizard\n|-activate|p1a: Charizard|move: Protect\n|\n|-weather|SunnyDay|[upkeep]\n|upkeep\n|\n|t:|1776453479\n|switch|p2a: Pelipper|Pelipper, L50, F|14/100\n|-weather|RainDance|[from] ability: Drizzle|[of] p2a: Pelipper\n|turn|4\n|\n|t:|1776453497\n|move|p1b: Aerodactyl|Rock Slide|p2a: Pelipper|[spread] p2a,p2b\n|-supereffective|p2a: Pelipper|1\n|-supereffective|p2b: Dragonite|1\n|-damage|p2a: Pelipper|0 fnt\n|-damage|p2b: Dragonite|8/100\n|faint|p2a: Pelipper\n|move|p2b: Dragonite|Dragon Pulse|p1a: Charizard\n|-damage|p1a: Charizard|50/100\n|move|p1a: Charizard|Weather Ball|p2b: Dragonite\n|-resisted|p2b: Dragonite|1\n|-damage|p2b: Dragonite|0 fnt\n|faint|p2b: Dragonite\n|\n|-weather|RainDance|[upkeep]\n|upkeep\n|\n|t:|1776453515\n|switch|p2b: Sinistcha|Sinistcha, L50|100/100\n|turn|5\n|\n|t:|1776453523\n|switch|p1a: Kingambit|Kingambit, L50, M|100/100\n|move|p1b: Aerodactyl|Dual Wingbeat|p2b: Sinistcha\n|-supereffective|p2b: Sinistcha|1\n|-damage|p2b: Sinistcha|70/100\n|-supereffective|p2b: Sinistcha|1\n|-damage|p2b: Sinistcha|38/100\n|-hitcount|p2b: Sinistcha|2\n|move|p2b: Sinistcha|Matcha Gotcha|p1b: Aerodactyl|[spread] p1a\n|-miss|p2b: Sinistcha|p1b: Aerodactyl\n|-resisted|p1a: Kingambit|1\n|-damage|p1a: Kingambit|86/100\n|-heal|p2b: Sinistcha|46/100|[from] drain|[of] p1a: Kingambit\n|\n|-weather|RainDance|[upkeep]\n|upkeep\n|turn|6\n|\n|t:|1776453540\n|move|p1b: Aerodactyl|Dual Wingbeat|p2b: Sinistcha\n|-supereffective|p2b: Sinistcha|1\n|-damage|p2b: Sinistcha|12/100\n|-supereffective|p2b: Sinistcha|1\n|-damage|p2b: Sinistcha|0 fnt\n|faint|p2b: Sinistcha\n|-hitcount|p2: Sinistcha|2\n|\n|win|Mameon\n|raw|Mameon's rating: 1231 &rarr; <strong>1250</strong><br />(+19 for winning)\n|raw|Osmiumfish's rating: 1139 &rarr; <strong>1120</strong><br />(-19 for losing)\n|l|\u2606Osmiumfish\n|player|p2|\n",
  "uploadtime": 1776453548,
  "views": 51,
  "formatid": "gen9championsvgc2026regma",
  "rating": 1120,
  "private": 0,
  "password": null
}