{
  "id": "gen9championsvgc2026regma-2588371879",
  "format": "[Gen 9 Champions] VGC 2026 Reg M-A",
  "players": [
    "WHERE IS MY EYE",
    "icecreamtail"
  ],
  "log": "|j|\u2606WHERE IS MY EYE\n|j|\u2606icecreamtail\n|t:|1776628000\n|gametype|doubles\n|player|p1|WHERE IS MY EYE|hilbert|1056\n|player|p2|icecreamtail|266|1113\n|gen|9\n|tier|[Gen 9 Champions] VGC 2026 Reg M-A\n|rated|\n|rule|Species Clause: Limit one of each Pok\u00e9mon\n|rule|Item Clause: Limit 1 of each item\n|clearpoke\n|poke|p1|Incineroar, L50, M|\n|poke|p1|Gengar, L50, M|\n|poke|p1|Sinistcha-Masterpiece, L50|\n|poke|p1|Kingambit, L50, M|\n|poke|p1|Tyranitar, L50, F|\n|poke|p1|Kommo-o, L50, F|\n|poke|p2|Glaceon, L50, F, shiny|\n|poke|p2|Froslass, L50, F|\n|poke|p2|Sinistcha, L50|\n|poke|p2|Conkeldurr, L50, F|\n|poke|p2|Incineroar, L50, F|\n|poke|p2|Empoleon, L50, M|\n|teampreview|4\n|\n|t:|1776628072\n|teamsize|p1|4\n|teamsize|p2|4\n|start\n|switch|p1a: Gengar|Gengar, L50, M|100/100\n|switch|p1b: Kingambit|Kingambit, L50, M|100/100\n|switch|p2a: Conkeldurr|Conkeldurr, L50, F|100/100\n|switch|p2b: Froslass|Froslass, L50, F|100/100\n|turn|1\n|\n|t:|1776628116\n|detailschange|p1a: Gengar|Gengar-Mega, L50, M\n|-mega|p1a: Gengar|Gengar|Gengarite\n|detailschange|p2b: Froslass|Froslass-Mega, L50, F\n|-mega|p2b: Froslass|Froslass|Froslassite\n|-weather|Snowscape|[from] ability: Snow Warning|[of] p2b: Froslass\n|move|p1b: Kingambit|Protect|p1b: Kingambit\n|-singleturn|p1b: Kingambit|Protect\n|move|p1a: Gengar|Shadow Ball|p2b: Froslass\n|-supereffective|p2b: Froslass|1\n|-damage|p2b: Froslass|13/100\n|move|p2b: Froslass|Aurora Veil|p2b: Froslass\n|-sidestart|p2: icecreamtail|move: Aurora Veil\n|move|p2a: Conkeldurr|Bulk Up|p2a: Conkeldurr\n|-boost|p2a: Conkeldurr|atk|1\n|-boost|p2a: Conkeldurr|def|1\n|\n|-weather|Snowscape|[upkeep]\n|upkeep\n|turn|2\n|\n|t:|1776628151\n|switch|p1b: Incineroar|Incineroar, L50, M|100/100\n|-ability|p1b: Incineroar|Intimidate|boost\n|-unboost|p2a: Conkeldurr|atk|1\n|-unboost|p2b: Froslass|atk|1\n|move|p2b: Froslass|Protect|p2b: Froslass\n|-singleturn|p2b: Froslass|Protect\n|move|p1a: Gengar|Substitute|p1a: Gengar\n|-start|p1a: Gengar|Substitute\n|-damage|p1a: Gengar|76/100\n|move|p2a: Conkeldurr|Knock Off|p1a: Gengar\n|-supereffective|p1a: Gengar|1\n|-end|p1a: Gengar|Substitute\n|\n|-weather|Snowscape|[upkeep]\n|upkeep\n|turn|3\n|\n|t:|1776628191\n|move|p1b: Incineroar|Fake Out|p2a: Conkeldurr\n|-damage|p2a: Conkeldurr|96/100\n|move|p1a: Gengar|Shadow Ball|p2b: Froslass\n|-supereffective|p2b: Froslass|1\n|-damage|p2b: Froslass|0 fnt\n|faint|p2b: Froslass\n|cant|p2a: Conkeldurr|flinch\n|\n|-weather|Snowscape|[upkeep]\n|upkeep\n|\n|t:|1776628199\n|switch|p2b: Incineroar|Incineroar, L50, F|100/100\n|-ability|p2b: Incineroar|Intimidate|boost\n|-unboost|p1a: Gengar|atk|1\n|-unboost|p1b: Incineroar|atk|1\n|turn|4\n|\n|t:|1776628240\n|move|p1a: Gengar|Protect|p1a: Gengar\n|-singleturn|p1a: Gengar|Protect\n|move|p1b: Incineroar|Parting Shot|p2a: Conkeldurr\n|-unboost|p2a: Conkeldurr|atk|1\n|-unboost|p2a: Conkeldurr|spa|1\n|\n|t:|1776628248\n|switch|p1b: Kingambit|Kingambit, L50, M|100/100|[from] Parting Shot\n|move|p2b: Incineroar|Throat Chop|p1a: Gengar\n|-activate|p1a: Gengar|move: Protect\n|move|p2a: Conkeldurr|Drain Punch|p1b: Kingambit\n|-supereffective|p1b: Kingambit|2\n|-enditem|p1b: Kingambit|Chople Berry|[eat]\n|-enditem|p1b: Kingambit|Chople Berry|[weaken]\n|-damage|p1b: Kingambit|47/100\n|-heal|p2a: Conkeldurr|100/100|[from] drain|[of] p1b: Kingambit\n|\n|-weather|Snowscape|[upkeep]\n|upkeep\n|turn|5\n|\n|t:|1776628290\n|move|p2a: Conkeldurr|Mach Punch|p1b: Kingambit\n|-supereffective|p1b: Kingambit|2\n|-damage|p1b: Kingambit|0 fnt\n|faint|p1b: Kingambit\n|move|p1a: Gengar|Substitute|p1a: Gengar\n|-start|p1a: Gengar|Substitute\n|-damage|p1a: Gengar|51/100\n|move|p2b: Incineroar|Throat Chop|p1a: Gengar\n|-supereffective|p1a: Gengar|1\n|-end|p1a: Gengar|Substitute\n|\n|-weather|none\n|-sideend|p2: icecreamtail|move: Aurora Veil\n|upkeep\n|\n|t:|1776628301\n|switch|p1b: Incineroar|Incineroar, L50, M|100/100\n|-ability|p1b: Incineroar|Intimidate|boost\n|-unboost|p2a: Conkeldurr|atk|1\n|-unboost|p2b: Incineroar|atk|1\n|turn|6\n|\n|t:|1776628328\n|move|p1b: Incineroar|Fake Out|p2b: Incineroar\n|-damage|p2b: Incineroar|90/100\n|move|p1a: Gengar|Perish Song|p1a: Gengar\n|-start|p1a: Gengar|perish3|[silent]\n|-start|p1b: Incineroar|perish3|[silent]\n|-start|p2a: Conkeldurr|perish3|[silent]\n|-start|p2b: Incineroar|perish3|[silent]\n|-fieldactivate|move: Perish Song\n|cant|p2b: Incineroar|flinch\n|move|p2a: Conkeldurr|Bulk Up|p2a: Conkeldurr\n|-boost|p2a: Conkeldurr|atk|1\n|-boost|p2a: Conkeldurr|def|1\n|\n|-start|p1a: Gengar|perish3\n|-start|p1b: Incineroar|perish3\n|-start|p2b: Incineroar|perish3\n|-start|p2a: Conkeldurr|perish3\n|upkeep\n|turn|7\n|\n|t:|1776628350\n|move|p1a: Gengar|Protect|p1a: Gengar\n|-singleturn|p1a: Gengar|Protect\n|move|p1b: Incineroar|Protect|p1b: Incineroar\n|-singleturn|p1b: Incineroar|Protect\n|move|p2b: Incineroar|Parting Shot|p1b: Incineroar\n|-activate|p1b: Incineroar|move: Protect\n|move|p2a: Conkeldurr|Drain Punch|p1b: Incineroar\n|-activate|p1b: Incineroar|move: Protect\n|\n|-start|p1a: Gengar|perish2\n|-start|p1b: Incineroar|perish2\n|-start|p2b: Incineroar|perish2\n|-start|p2a: Conkeldurr|perish2\n|upkeep\n|turn|8\n|\n|t:|1776628393\n|move|p1a: Gengar|Substitute|p1a: Gengar\n|-start|p1a: Gengar|Substitute\n|-damage|p1a: Gengar|27/100\n|move|p1b: Incineroar|Parting Shot|p2b: Incineroar\n|-unboost|p2b: Incineroar|atk|1\n|-unboost|p2b: Incineroar|spa|1\n|\n|t:|1776628400\n|switch|p1b: Tyranitar|Tyranitar, L50, F|100/100|[from] Parting Shot\n|-weather|Sandstorm|[from] ability: Sand Stream|[of] p1b: Tyranitar\n|move|p2b: Incineroar|Throat Chop|p1b: Tyranitar\n|-resisted|p1b: Tyranitar|1\n|-damage|p1b: Tyranitar|90/100\n|-start|p1b: Tyranitar|Throat Chop|[silent]\n|move|p2a: Conkeldurr|Knock Off|p1b: Tyranitar\n|-resisted|p1b: Tyranitar|1\n|-damage|p1b: Tyranitar|81/100\n|-enditem|p1b: Tyranitar|Choice Scarf|[from] move: Knock Off|[of] p2a: Conkeldurr\n|\n|-weather|Sandstorm|[upkeep]\n|-damage|p1a: Gengar|21/100|[from] Sandstorm\n|-damage|p2b: Incineroar|84/100|[from] Sandstorm\n|-damage|p2a: Conkeldurr|94/100|[from] Sandstorm\n|-start|p1a: Gengar|perish1\n|-start|p2b: Incineroar|perish1\n|-start|p2a: Conkeldurr|perish1\n|upkeep\n|turn|9\n|\n|t:|1776628425\n|switch|p1a: Incineroar|Incineroar, L50, M|100/100\n|-ability|p1a: Incineroar|Intimidate|boost\n|-unboost|p2a: Conkeldurr|atk|1\n|-unboost|p2b: Incineroar|atk|1\n|move|p1b: Tyranitar|Rock Slide|p2b: Incineroar|[spread] p2b\n|-miss|p1b: Tyranitar|p2a: Conkeldurr\n|-supereffective|p2b: Incineroar|1\n|-crit|p2b: Incineroar\n|-damage|p2b: Incineroar|0 fnt\n|faint|p2b: Incineroar\n|move|p2a: Conkeldurr|Knock Off|p1b: Tyranitar\n|-resisted|p1b: Tyranitar|1\n|-damage|p1b: Tyranitar|76/100\n|\n|-weather|Sandstorm|[upkeep]\n|-damage|p1a: Incineroar|95/100|[from] Sandstorm\n|-damage|p2a: Conkeldurr|88/100|[from] Sandstorm\n|-end|p1b: Tyranitar|Throat Chop|[silent]\n|-start|p2a: Conkeldurr|perish0\n|upkeep\n|faint|p2a: Conkeldurr\n|-message|icecreamtail forfeited.\n|\n|win|WHERE IS MY EYE\n|raw|WHERE IS MY EYE's rating: 1056 &rarr; <strong>1093</strong><br />(+37 for winning)\n|raw|icecreamtail's rating: 1113 &rarr; <strong>1084</strong><br />(-29 for losing)\n|l|\u2606icecreamtail\n|player|p2|\n",
  "uploadtime": 1776628572,
  "views": 13,
  "formatid": "gen9championsvgc2026regma",
  "rating": 1084,
  "private": 0,
  "password": null
}