{
  "id": "gen9championsvgc2026regma-2585164792",
  "format": "[Gen 9 Champions] VGC 2026 Reg M-A",
  "players": [
    "AquaticPanic",
    "ziosteven"
  ],
  "log": "|j|\u2606AquaticPanic\n|j|\u2606ziosteven\n|t:|1776319837\n|gametype|doubles\n|player|p1|AquaticPanic|169|1282\n|player|p2|ziosteven|2|1287\n|gen|9\n|tier|[Gen 9 Champions] VGC 2026 Reg M-A\n|rated|\n|rule|Species Clause: Limit one of each Pok\u00e9mon\n|rule|Item Clause: Limit 1 of each item\n|clearpoke\n|poke|p1|Gengar, L50, F|\n|poke|p1|Whimsicott, L50, F|\n|poke|p1|Sneasler, L50, F|\n|poke|p1|Rotom-Wash, L50|\n|poke|p1|Kingambit, L50, F|\n|poke|p1|Palafin, L50, M|\n|poke|p2|Meganium, L50, M|\n|poke|p2|Rotom-Wash, L50|\n|poke|p2|Pelipper, L50, M|\n|poke|p2|Kingambit, L50, M|\n|poke|p2|Basculegion, L50, M|\n|poke|p2|Sneasler, L50, F|\n|teampreview|4\n|inactive|Battle timer is ON: inactive players will automatically lose when time's up. (requested by ziosteven)\n|inactive|AquaticPanic has 60 seconds left.\n|\n|t:|1776319877\n|teamsize|p1|4\n|teamsize|p2|4\n|start\n|switch|p1a: Rotom|Rotom-Wash, L50|100/100\n|switch|p1b: Palafin|Palafin, L50, M|100/100\n|switch|p2a: Sneasler|Sneasler, L50, F|100/100\n|switch|p2b: Rotom|Rotom-Wash, L50|100/100\n|turn|1\n|\n|t:|1776319894\n|detailschange|p1b: Palafin|Palafin-Hero, L50, M\n|switch|p1b: Sneasler|Sneasler, L50, F|100/100\n|move|p2a: Sneasler|Fake Out|p1b: Sneasler\n|-damage|p1b: Sneasler|75/100\n|move|p1a: Rotom|Volt Switch|p2b: Rotom\n|-damage|p2b: Rotom|56/100\n|\n|t:|1776319902\n|switch|p1a: Palafin|Palafin-Hero, L50, M|100/100|[from] Volt Switch\n|-activate|p1a: Palafin|ability: Zero to Hero\n|move|p2b: Rotom|Volt Switch|p1b: Sneasler\n|-damage|p1b: Sneasler|32/100\n|\n|t:|1776319911\n|switch|p2b: Kingambit|Kingambit, L50, M, shiny|100/100|[from] Volt Switch\n|\n|upkeep\n|turn|2\n|\n|t:|1776319926\n|move|p2b: Kingambit|Protect|p2b: Kingambit\n|-singleturn|p2b: Kingambit|Protect\n|move|p1b: Sneasler|Fake Out|p2a: Sneasler\n|-damage|p2a: Sneasler|74/100\n|cant|p2a: Sneasler|flinch\n|move|p1a: Palafin|Bulk Up|p1a: Palafin\n|-boost|p1a: Palafin|atk|1\n|-boost|p1a: Palafin|def|1\n|\n|upkeep\n|turn|3\n|\n|t:|1776319942\n|switch|p2a: Rotom|Rotom-Wash, L50|56/100\n|switch|p1b: Rotom|Rotom-Wash, L50|100/100\n|switch|p2b: Basculegion|Basculegion, L50, M|100/100\n|move|p1a: Palafin|Jet Punch|p2a: Rotom\n|-resisted|p2a: Rotom|1\n|-damage|p2a: Rotom|12/100\n|-enditem|p2a: Rotom|Sitrus Berry|[eat]\n|-heal|p2a: Rotom|36/100|[from] item: Sitrus Berry\n|\n|upkeep\n|turn|4\n|\n|t:|1776319958\n|switch|p2b: Sneasler|Sneasler, L50, F|74/100\n|move|p1a: Palafin|Jet Punch|p2a: Rotom\n|-resisted|p2a: Rotom|1\n|-damage|p2a: Rotom|0 fnt\n|faint|p2a: Rotom\n|move|p1b: Rotom|Volt Switch|p2b: Sneasler\n|-damage|p2b: Sneasler|30/100\n|\n|t:|1776319966\n|switch|p1b: Gengar|Gengar, L50, F|100/100|[from] Volt Switch\n|\n|upkeep\n|\n|t:|1776319973\n|switch|p2a: Kingambit|Kingambit, L50, M, shiny|100/100\n|turn|5\n|\n|t:|1776319978\n|detailschange|p1b: Gengar|Gengar-Mega, L50, F\n|-mega|p1b: Gengar|Gengar|Gengarite\n|move|p1b: Gengar|Protect|p1b: Gengar\n|-singleturn|p1b: Gengar|Protect\n|move|p2b: Sneasler|Fake Out|p1a: Palafin\n|-damage|p1a: Palafin|91/100\n|cant|p1a: Palafin|flinch\n|move|p2a: Kingambit|Sucker Punch||[still]\n|-fail|p2a: Kingambit\n|\n|upkeep\n|turn|6\n|\n|t:|1776319990\n|move|p1b: Gengar|Disable|p2a: Kingambit\n|-start|p2a: Kingambit|Disable|Sucker Punch\n|move|p2b: Sneasler|Close Combat|p1a: Palafin\n|-damage|p1a: Palafin|53/100\n|-unboost|p2b: Sneasler|def|1\n|-unboost|p2b: Sneasler|spd|1\n|-enditem|p2b: Sneasler|White Herb\n|-clearnegativeboost|p2b: Sneasler|[silent]\n|move|p1a: Palafin|Close Combat|p2a: Kingambit\n|-supereffective|p2a: Kingambit|2\n|-damage|p2a: Kingambit|0 fnt\n|-unboost|p1a: Palafin|def|1\n|-unboost|p1a: Palafin|spd|1\n|faint|p2a: Kingambit\n|\n|upkeep\n|\n|t:|1776320002\n|switch|p2a: Basculegion|Basculegion, L50, M|100/100\n|turn|7\n|\n|t:|1776320014\n|move|p1b: Gengar|Protect|p1b: Gengar\n|-singleturn|p1b: Gengar|Protect\n|move|p1a: Palafin|Jet Punch|p2b: Sneasler\n|-damage|p2b: Sneasler|0 fnt\n|faint|p2b: Sneasler\n|move|p2a: Basculegion|Last Respects|p1b: Gengar\n|-activate|p1b: Gengar|move: Protect\n|\n|upkeep\n|turn|8\n|\n|t:|1776320030\n|move|p1a: Palafin|Jet Punch|p2a: Basculegion\n|-resisted|p2a: Basculegion|1\n|-damage|p2a: Basculegion|52/100\n|move|p1b: Gengar|Disable|p2a: Basculegion\n|-start|p2a: Basculegion|Disable|Last Respects\n|cant|p2a: Basculegion|Disable|Last Respects\n|\n|upkeep\n|turn|9\n|-message|ziosteven forfeited.\n|\n|win|AquaticPanic\n|raw|AquaticPanic's rating: 1282 &rarr; <strong>1307</strong><br />(+25 for winning)\n|raw|ziosteven's rating: 1287 &rarr; <strong>1262</strong><br />(-25 for losing)\n|l|\u2606ziosteven\n|player|p2|\n",
  "uploadtime": 1776320077,
  "views": 55,
  "formatid": "gen9championsvgc2026regma",
  "rating": 1262,
  "private": 0,
  "password": null
}