{
  "id": "gen9championsvgc2026regma-2583182740",
  "format": "[Gen 9 Champions] VGC 2026 Reg M-A",
  "players": [
    "COIK125",
    "Snail Fan"
  ],
  "log": "|j|\u2606COIK125\n|j|\u2606Snail Fan\n|t:|1776151997\n|gametype|doubles\n|player|p1|COIK125|266|1076\n|player|p2|Snail Fan|colress|1000\n|gen|9\n|tier|[Gen 9 Champions] VGC 2026 Reg M-A\n|rated|\n|rule|Species Clause: Limit one of each Pok\u00e9mon\n|rule|Item Clause: Limit 1 of each item\n|clearpoke\n|poke|p1|Pelipper, L50, M|\n|poke|p1|Basculegion, L50, M|\n|poke|p1|Archaludon, L50, M|\n|poke|p1|Sinistcha, L50|\n|poke|p1|Dragonite, L50, M|\n|poke|p1|Sneasler, L50, F|\n|poke|p2|Tyranitar, L50, F|\n|poke|p2|Sandaconda, L50, F|\n|poke|p2|Aerodactyl, L50, F|\n|poke|p2|Sneasler, L50, F|\n|poke|p2|Sinistcha, L50|\n|poke|p2|Bellibolt, L50, F|\n|teampreview|4\n|inactive|Battle timer is ON: inactive players will automatically lose when time's up. (requested by COIK125)\n|\n|t:|1776152046\n|teamsize|p1|4\n|teamsize|p2|4\n|start\n|switch|p1a: Pelipper|Pelipper, L50, M, shiny|100/100\n|switch|p1b: Sneasler|Sneasler, L50, F|100/100\n|switch|p2a: Tyranitar|Tyranitar, L50, F, shiny|100/100\n|switch|p2b: Sandaconda|Sandaconda, L50, F, shiny|100/100\n|-weather|RainDance|[from] ability: Drizzle|[of] p1a: Pelipper\n|-weather|Sandstorm|[from] ability: Sand Stream|[of] p2a: Tyranitar\n|turn|1\n|\n|t:|1776152068\n|switch|p1a: Archaludon|Archaludon, L50, M|100/100\n|move|p2a: Tyranitar|Protect|p2a: Tyranitar\n|-singleturn|p2a: Tyranitar|Protect\n|move|p1b: Sneasler|Close Combat|p2a: Tyranitar\n|-activate|p2a: Tyranitar|move: Protect\n|move|p2b: Sandaconda|Minimize|p2b: Sandaconda\n|-boost|p2b: Sandaconda|evasion|2\n|\n|-weather|Sandstorm|[upkeep]\n|-damage|p1b: Sneasler|95/100|[from] Sandstorm\n|upkeep\n|turn|2\n|inactive|Snail Fan has 30 seconds left.\n|\n|t:|1776152102\n|switch|p1a: Pelipper|Pelipper, L50, M, shiny|100/100\n|-weather|RainDance|[from] ability: Drizzle|[of] p1a: Pelipper\n|switch|p2a: Sinistcha|Sinistcha, L50, shiny|100/100\n|move|p1b: Sneasler|Close Combat|p2a: Sinistcha\n|-immune|p2a: Sinistcha\n|move|p2b: Sandaconda|Minimize|p2b: Sandaconda\n|-boost|p2b: Sandaconda|evasion|2\n|\n|-weather|RainDance|[upkeep]\n|upkeep\n|turn|3\n|\n|t:|1776152126\n|switch|p2a: Tyranitar|Tyranitar, L50, F, shiny|100/100\n|-weather|Sandstorm|[from] ability: Sand Stream|[of] p2a: Tyranitar\n|move|p1b: Sneasler|Throat Chop|p2a: Tyranitar\n|-resisted|p2a: Tyranitar|1\n|-damage|p2a: Tyranitar|89/100\n|-start|p2a: Tyranitar|Throat Chop|[silent]\n|move|p2b: Sandaconda|Minimize|p2b: Sandaconda\n|-boost|p2b: Sandaconda|evasion|2\n|move|p1a: Pelipper|Weather Ball|p2b: Sandaconda|[miss]\n|-miss|p1a: Pelipper|p2b: Sandaconda\n|\n|-weather|Sandstorm|[upkeep]\n|-damage|p1b: Sneasler|89/100|[from] Sandstorm\n|-damage|p1a: Pelipper|95/100|[from] Sandstorm\n|upkeep\n|turn|4\n|\n|t:|1776152147\n|move|p1a: Pelipper|Protect|p1a: Pelipper\n|-singleturn|p1a: Pelipper|Protect\n|move|p2a: Tyranitar|Protect|p2a: Tyranitar\n|-singleturn|p2a: Tyranitar|Protect\n|move|p1b: Sneasler|Dire Claw|p2b: Sandaconda|[miss]\n|-miss|p1b: Sneasler|p2b: Sandaconda\n|move|p2b: Sandaconda|Coil|p2b: Sandaconda\n|-boost|p2b: Sandaconda|atk|1\n|-boost|p2b: Sandaconda|def|1\n|-boost|p2b: Sandaconda|accuracy|1\n|\n|-weather|Sandstorm|[upkeep]\n|-damage|p1b: Sneasler|83/100|[from] Sandstorm\n|-damage|p1a: Pelipper|89/100|[from] Sandstorm\n|-end|p2a: Tyranitar|Throat Chop|[silent]\n|upkeep\n|turn|5\n|inactive|Snail Fan has 30 seconds left.\n|\n|t:|1776152174\n|switch|p1a: Basculegion|Basculegion, L50, M|100/100\n|switch|p2a: Sinistcha|Sinistcha, L50, shiny|100/100\n|move|p1b: Sneasler|Dire Claw|p2a: Sinistcha\n|-damage|p2a: Sinistcha|66/100\n|move|p2b: Sandaconda|Coil|p2b: Sandaconda\n|-boost|p2b: Sandaconda|atk|1\n|-boost|p2b: Sandaconda|def|1\n|-boost|p2b: Sandaconda|accuracy|1\n|\n|-weather|Sandstorm|[upkeep]\n|-damage|p1b: Sneasler|77/100|[from] Sandstorm\n|-damage|p1a: Basculegion|94/100|[from] Sandstorm\n|-damage|p2a: Sinistcha|60/100|[from] Sandstorm\n|upkeep\n|turn|6\n|\n|t:|1776152198\n|switch|p1b: Pelipper|Pelipper, L50, M, shiny|89/100\n|-weather|RainDance|[from] ability: Drizzle|[of] p1b: Pelipper\n|move|p1a: Basculegion|Protect|p1a: Basculegion\n|-singleturn|p1a: Basculegion|Protect\n|move|p2a: Sinistcha|Matcha Gotcha|p1a: Basculegion|[spread] p1b\n|-activate|p1a: Basculegion|move: Protect\n|-damage|p1b: Pelipper|58/100\n|-heal|p2a: Sinistcha|72/100|[from] drain|[of] p1b: Pelipper\n|move|p2b: Sandaconda|Coil|p2b: Sandaconda\n|-boost|p2b: Sandaconda|atk|1\n|-boost|p2b: Sandaconda|def|1\n|-boost|p2b: Sandaconda|accuracy|1\n|\n|-weather|RainDance|[upkeep]\n|upkeep\n|turn|7\n|\n|t:|1776152217\n|switch|p2a: Tyranitar|Tyranitar, L50, F, shiny|89/100\n|-weather|Sandstorm|[from] ability: Sand Stream|[of] p2a: Tyranitar\n|move|p1b: Pelipper|Wide Guard|p1b: Pelipper\n|-singleturn|p1b: Pelipper|Wide Guard\n|move|p1a: Basculegion|Wave Crash|p2b: Sandaconda|[miss]\n|-miss|p1a: Basculegion|p2b: Sandaconda\n|move|p2b: Sandaconda|Rock Slide|p1a: Basculegion|[spread] \n|-activate|p1a: Basculegion|move: Wide Guard\n|-activate|p1b: Pelipper|move: Wide Guard\n|\n|-weather|Sandstorm|[upkeep]\n|-damage|p1a: Basculegion|88/100|[from] Sandstorm\n|-damage|p1b: Pelipper|52/100|[from] Sandstorm\n|upkeep\n|turn|8\n|\n|t:|1776152237\n|switch|p1b: Sneasler|Sneasler, L50, F|77/100\n|move|p2a: Tyranitar|Protect|p2a: Tyranitar\n|-singleturn|p2a: Tyranitar|Protect\n|move|p1a: Basculegion|Wave Crash|p2b: Sandaconda|[miss]\n|-miss|p1a: Basculegion|p2b: Sandaconda\n|move|p2b: Sandaconda|Glare|p1b: Sneasler\n|-status|p1b: Sneasler|par\n|\n|-weather|Sandstorm|[upkeep]\n|-damage|p1a: Basculegion|82/100|[from] Sandstorm\n|-damage|p1b: Sneasler|72/100 par|[from] Sandstorm\n|upkeep\n|turn|9\n|\n|t:|1776152253\n|switch|p2a: Sinistcha|Sinistcha, L50, shiny|72/100\n|move|p1b: Sneasler|Fake Out|p2b: Sandaconda|[miss]\n|-miss|p1b: Sneasler|p2b: Sandaconda\n|move|p1a: Basculegion|Wave Crash|p2b: Sandaconda|[miss]\n|-miss|p1a: Basculegion|p2b: Sandaconda\n|move|p2b: Sandaconda|Rock Slide|p1b: Sneasler|[spread] p1a,p1b\n|-resisted|p1b: Sneasler|1\n|-damage|p1a: Basculegion|47/100\n|-damage|p1b: Sneasler|47/100 par\n|\n|-weather|Sandstorm|[upkeep]\n|-damage|p1a: Basculegion|41/100|[from] Sandstorm\n|-damage|p2a: Sinistcha|66/100|[from] Sandstorm\n|-damage|p1b: Sneasler|41/100 par|[from] Sandstorm\n|upkeep\n|turn|10\n|inactive|Snail Fan has 30 seconds left.\n|inactive|Snail Fan has 20 seconds left.\n|inactive|Snail Fan has 15 seconds left.\n|inactive|Snail Fan has 10 seconds left.\n|\n|t:|1776152300\n|switch|p2a: Sneasler|Sneasler, L50, F, shiny|100/100\n|switch|p1b: Pelipper|Pelipper, L50, M, shiny|52/100\n|-weather|RainDance|[from] ability: Drizzle|[of] p1b: Pelipper\n|move|p1a: Basculegion|Wave Crash|p2b: Sandaconda|[miss]\n|-miss|p1a: Basculegion|p2b: Sandaconda\n|move|p2b: Sandaconda|Glare|p1a: Basculegion\n|-status|p1a: Basculegion|par\n|\n|-weather|RainDance|[upkeep]\n|upkeep\n|turn|11\n|-message|COIK125 forfeited.\n|\n|win|Snail Fan\n|raw|COIK125's rating: 1076 &rarr; <strong>1050</strong><br />(-26 for losing)\n|raw|Snail Fan's rating: 1000 &rarr; <strong>1049</strong><br />(+49 for winning)\n|l|\u2606COIK125\n|player|p1|\n",
  "uploadtime": 1776152321,
  "views": 16,
  "formatid": "gen9championsvgc2026regma",
  "rating": 1049,
  "private": 0,
  "password": null
}