{
  "id": "gen9championsvgc2026regma-2587157271",
  "format": "[Gen 9 Champions] VGC 2026 Reg M-A",
  "players": [
    "Danie2294",
    "Frededede"
  ],
  "log": "|j|\u2606Danie2294\n|j|\u2606Frededede\n|t:|1776501827\n|gametype|doubles\n|player|p1|Danie2294|marlon|1087\n|player|p2|Frededede|1|1000\n|gen|9\n|tier|[Gen 9 Champions] VGC 2026 Reg M-A\n|rated|\n|rule|Species Clause: Limit one of each Pok\u00e9mon\n|rule|Item Clause: Limit 1 of each item\n|clearpoke\n|poke|p1|Aerodactyl, L50, M|\n|poke|p1|Garchomp, L50, F|\n|poke|p1|Farigiraf, L50, M|\n|poke|p1|Tyranitar, L50, F|\n|poke|p1|Incineroar, L50, M|\n|poke|p1|Corviknight, L50, F|\n|poke|p2|Dragonite, L50, F, shiny|\n|poke|p2|Oranguru, L50, M, shiny|\n|poke|p2|Pelipper, L50, M, shiny|\n|poke|p2|Meowstic-F, L50, F, shiny|\n|poke|p2|Beartic, L50, F, shiny|\n|poke|p2|Aegislash, L50, F|\n|teampreview|4\n|inactive|Battle timer is ON: inactive players will automatically lose when time's up. (requested by Danie2294)\n|inactive|Danie2294 has 60 seconds left.\n|inactive|Frededede has 60 seconds left.\n|\n|t:|1776501866\n|teamsize|p1|4\n|teamsize|p2|4\n|start\n|switch|p1a: Aerodactyl|Aerodactyl, L50, M|100/100\n|switch|p1b: Incineroar|Incineroar, L50, M|100/100\n|switch|p2a: Oranguru|Oranguru, L50, M, shiny|100/100\n|switch|p2b: Meowstic|Meowstic-F, L50, F, shiny|100/100\n|-ability|p1a: Aerodactyl|Unnerve\n|-ability|p1b: Incineroar|Intimidate|boost\n|-fail|p2a: Oranguru|unboost|Attack|[from] ability: Inner Focus|[of] p2a: Oranguru\n|-unboost|p2b: Meowstic|atk|1\n|-ability|p2b: Meowstic|Competitive|boost\n|-boost|p2b: Meowstic|spa|2\n|turn|1\n|\n|t:|1776501882\n|detailschange|p1a: Aerodactyl|Aerodactyl-Mega, L50, M\n|-mega|p1a: Aerodactyl|Aerodactyl|Aerodactylite\n|detailschange|p2b: Meowstic|Meowstic-F-Mega, L50, F, shiny\n|-mega|p2b: Meowstic|Meowstic|Meowsticite\n|-ability|p2b: Meowstic|Intimidate|Trace|[from] ability: Trace|[of] p1b: Incineroar\n|-ability|p2b: Meowstic|Intimidate|boost\n|-unboost|p1a: Aerodactyl|atk|1\n|-unboost|p1b: Incineroar|atk|1\n|move|p2b: Meowstic|Protect|p2b: Meowstic\n|-singleturn|p2b: Meowstic|Protect\n|move|p1b: Incineroar|Fake Out|p2b: Meowstic\n|-activate|p2b: Meowstic|move: Protect\n|move|p1a: Aerodactyl|Dual Wingbeat|p2b: Meowstic\n|-activate|p2b: Meowstic|move: Protect\n|move|p2a: Oranguru|Psychic Terrain|p2a: Oranguru\n|-fieldstart|move: Psychic Terrain\n|\n|upkeep\n|turn|2\n|inactive|Frededede has 30 seconds left.\n|\n|t:|1776501911\n|switch|p1a: Farigiraf|Farigiraf, L50, M|100/100\n|switch|p2a: Pelipper|Pelipper, L50, M, shiny|100/100\n|-weather|RainDance|[from] ability: Drizzle|[of] p2a: Pelipper\n|move|p1b: Incineroar|Protect|p1b: Incineroar\n|-singleturn|p1b: Incineroar|Protect\n|move|p2b: Meowstic|Expanding Force|p1a: Farigiraf|[spread] p1a\n|-activate|p1b: Incineroar|move: Protect\n|-resisted|p1a: Farigiraf|1\n|-damage|p1a: Farigiraf|38/100\n|-enditem|p1a: Farigiraf|Sitrus Berry|[eat]\n|-heal|p1a: Farigiraf|63/100|[from] item: Sitrus Berry\n|\n|-weather|RainDance|[upkeep]\n|upkeep\n|turn|3\n|inactive|Danie2294 has 30 seconds left.\n|inactive|Frededede has 30 seconds left.\n|\n|t:|1776501945\n|switch|p1b: Tyranitar|Tyranitar, L50, F|100/100\n|-weather|Sandstorm|[from] ability: Sand Stream|[of] p1b: Tyranitar\n|move|p2b: Meowstic|Expanding Force|p1b: Tyranitar|[spread] p1a\n|-immune|p1b: Tyranitar\n|-resisted|p1a: Farigiraf|1\n|-damage|p1a: Farigiraf|0 fnt\n|faint|p1a: Farigiraf\n|move|p2a: Pelipper|Weather Ball|p1b: Tyranitar\n|-damage|p1b: Tyranitar|84/100\n|\n|-weather|Sandstorm|[upkeep]\n|-damage|p2b: Meowstic|95/100|[from] Sandstorm\n|-damage|p2a: Pelipper|95/100|[from] Sandstorm\n|upkeep\n|\n|t:|1776501959\n|switch|p1a: Aerodactyl|Aerodactyl-Mega, L50, M|100/100\n|turn|4\n|\n|t:|1776501971\n|switch|p2a: Oranguru|Oranguru, L50, M, shiny|100/100\n|move|p2b: Meowstic|Protect|p2b: Meowstic\n|-singleturn|p2b: Meowstic|Protect\n|move|p1a: Aerodactyl|Dual Wingbeat|p2b: Meowstic\n|-activate|p2b: Meowstic|move: Protect\n|move|p1b: Tyranitar|Knock Off|p2b: Meowstic\n|-activate|p2b: Meowstic|move: Protect\n|\n|-weather|Sandstorm|[upkeep]\n|-damage|p2b: Meowstic|89/100|[from] Sandstorm\n|-damage|p2a: Oranguru|94/100|[from] Sandstorm\n|upkeep\n|turn|5\n|\n|t:|1776501993\n|switch|p1b: Incineroar|Incineroar, L50, M|100/100\n|-ability|p1b: Incineroar|Intimidate|boost\n|-fail|p2a: Oranguru|unboost|Attack|[from] ability: Inner Focus|[of] p2a: Oranguru\n|-unboost|p2b: Meowstic|atk|1\n|move|p1a: Aerodactyl|Dual Wingbeat|p2b: Meowstic\n|-damage|p2b: Meowstic|48/100\n|-damage|p2b: Meowstic|2/100\n|-hitcount|p2b: Meowstic|2\n|move|p2b: Meowstic|Alluring Voice|p1b: Incineroar\n|-damage|p1b: Incineroar|57/100\n|move|p2a: Oranguru|Foul Play|p1a: Aerodactyl\n|-damage|p1a: Aerodactyl|58/100\n|\n|-weather|Sandstorm|[upkeep]\n|-damage|p2b: Meowstic|0 fnt|[from] Sandstorm\n|-damage|p1b: Incineroar|51/100|[from] Sandstorm\n|-damage|p2a: Oranguru|88/100|[from] Sandstorm\n|faint|p2b: Meowstic\n|-heal|p1b: Incineroar|57/100|[from] item: Leftovers\n|-fieldend|move: Psychic Terrain\n|upkeep\n|\n|t:|1776502013\n|switch|p2b: Beartic|Beartic, L50, F, shiny|100/100\n|turn|6\n|\n|t:|1776502035\n|switch|p2a: Pelipper|Pelipper, L50, M, shiny|95/100\n|-weather|RainDance|[from] ability: Drizzle|[of] p2a: Pelipper\n|move|p1b: Incineroar|Fake Out|p2b: Beartic\n|-damage|p2b: Beartic|86/100\n|move|p1a: Aerodactyl|Iron Head|p2b: Beartic\n|-supereffective|p2b: Beartic|1\n|-damage|p2b: Beartic|0 fnt\n|faint|p2b: Beartic\n|\n|-weather|RainDance|[upkeep]\n|-heal|p1b: Incineroar|63/100|[from] item: Leftovers\n|upkeep\n|\n|t:|1776502046\n|switch|p2b: Oranguru|Oranguru, L50, M, shiny|88/100\n|turn|7\n|\n|t:|1776502065\n|switch|p1b: Tyranitar|Tyranitar, L50, F|84/100\n|-weather|Sandstorm|[from] ability: Sand Stream|[of] p1b: Tyranitar\n|move|p1a: Aerodactyl|Rock Slide|p2a: Pelipper|[spread] p2a,p2b\n|-supereffective|p2a: Pelipper|1\n|-damage|p2a: Pelipper|20/100\n|-damage|p2b: Oranguru|62/100\n|cant|p2a: Pelipper|flinch\n|move|p2b: Oranguru|Instruct||[still]\n|-fail|p2b: Oranguru\n|\n|-weather|Sandstorm|[upkeep]\n|-damage|p2a: Pelipper|14/100|[from] Sandstorm\n|-damage|p2b: Oranguru|56/100|[from] Sandstorm\n|upkeep\n|turn|8\n|-message|Frededede forfeited.\n|\n|win|Danie2294\n|raw|Danie2294's rating: 1087 &rarr; <strong>1107</strong><br />(+20 for winning)\n|raw|Frededede's rating: 1000 &rarr; <strong>1000</strong><br />(+0 for losing)\n|l|\u2606Frededede\n|player|p2|\n",
  "uploadtime": 1776502084,
  "views": 14,
  "formatid": "gen9championsvgc2026regma",
  "rating": 1000,
  "private": 0,
  "password": null
}