{
  "id": "gen9championsvgc2026regma-2582859876",
  "format": "[Gen 9 Champions] VGC 2026 Reg M-A",
  "players": [
    "rng go brrr",
    "nez123"
  ],
  "log": "|j|\u2606rng go brrr\n|j|\u2606nez123\n|t:|1776119808\n|gametype|doubles\n|player|p1|rng go brrr|lucian|1136\n|player|p2|nez123|2|1208\n|gen|9\n|tier|[Gen 9 Champions] VGC 2026 Reg M-A\n|rated|\n|rule|Species Clause: Limit one of each Pok\u00e9mon\n|rule|Item Clause: Limit 1 of each item\n|clearpoke\n|poke|p1|Gallade, L50, M|\n|poke|p1|Torkoal, L50, F|\n|poke|p1|Hydrapple, L50, F|\n|poke|p1|Farigiraf, L50, M|\n|poke|p1|Incineroar, L50, M|\n|poke|p1|Camerupt, L50, F|\n|poke|p2|Gengar, L50, F|\n|poke|p2|Incineroar, L50, M|\n|poke|p2|Politoed, L50, M|\n|poke|p2|Basculegion, L50, M|\n|poke|p2|Whimsicott, L50, F|\n|poke|p2|Kingambit, L50, M|\n|teampreview|4\nrng go brrr has agreed to open team sheets.\n|\n|t:|1776119826\n|teamsize|p1|4\n|teamsize|p2|4\n|start\n|switch|p1a: Farigiraf|Farigiraf, L50, M|100/100\n|switch|p1b: Gallade|Gallade, L50, M|100/100\n|switch|p2a: Gengar|Gengar, L50, F|100/100\n|switch|p2b: Incineroar|Incineroar, L50, M|100/100\n|-ability|p2b: Incineroar|Intimidate|boost\n|-unboost|p1a: Farigiraf|atk|1\n|-unboost|p1b: Gallade|atk|1\n|turn|1\n|\n|t:|1776119844\n|detailschange|p2a: Gengar|Gengar-Mega, L50, F\n|-mega|p2a: Gengar|Gengar|Gengarite\n|move|p2a: Gengar|Shadow Ball|p1b: Gallade\n|-supereffective|p1b: Gallade|1\n|-damage|p1b: Gallade|15/100\n|-unboost|p1b: Gallade|spd|1\n|move|p2b: Incineroar|Darkest Lariat|p1a: Farigiraf\n|-supereffective|p1a: Farigiraf|1\n|-damage|p1a: Farigiraf|28/100\n|move|p1b: Gallade|Psycho Cut|p2a: Gengar\n|-supereffective|p2a: Gengar|1\n|-damage|p2a: Gengar|0 fnt\n|faint|p2a: Gengar\n|move|p1a: Farigiraf|Trick Room|p1a: Farigiraf\n|-fieldstart|move: Trick Room|[of] p1a: Farigiraf\n|\n|upkeep\n|c|\u2606nez123|NAH JAJAJAJA\n|\n|t:|1776119860\n|switch|p2a: Basculegion|Basculegion, L50, M, shiny|100/100\n|turn|2\n|\n|t:|1776119871\n|switch|p1a: Torkoal|Torkoal, L50, F|100/100\n|-weather|SunnyDay|[from] ability: Drought|[of] p1a: Torkoal\n|move|p2a: Basculegion|Aqua Jet|p1b: Gallade\n|-damage|p1b: Gallade|2/100\n|move|p1b: Gallade|Solar Blade||[still]\n|-prepare|p1b: Gallade|Solar Blade\n|-anim|p1b: Gallade|Solar Blade|p2a: Basculegion\n|-supereffective|p2a: Basculegion|1\n|-damage|p2a: Basculegion|0 fnt\n|faint|p2a: Basculegion\n|move|p2b: Incineroar|Darkest Lariat|p1a: Torkoal\n|-damage|p1a: Torkoal|68/100\n|\n|-weather|SunnyDay|[upkeep]\n|upkeep\n|c|\u2606nez123|NAHHHHHHHHHHHHHHHHHHHHH\n|c|\u2606rng go brrr|yo\n|c|\u2606nez123|what you gave that gallade to eat like man AJJAJA\n|\n|t:|1776119893\n|switch|p2a: Politoed|Politoed, L50, M, shiny|100/100\n|-weather|RainDance|[from] ability: Drizzle|[of] p2a: Politoed\n|turn|3\n|\n|t:|1776119909\n|switch|p1a: Farigiraf|Farigiraf, L50, M|28/100\n|move|p1b: Gallade|Sacred Sword|p2b: Incineroar\n|-supereffective|p2b: Incineroar|1\n|-damage|p2b: Incineroar|6/100\n|move|p2b: Incineroar|Darkest Lariat|p1b: Gallade\n|-damage|p1b: Gallade|0 fnt\n|faint|p1b: Gallade\n|move|p2a: Politoed|Weather Ball|p1a: Farigiraf\n|-damage|p1a: Farigiraf|0 fnt\n|faint|p1a: Farigiraf\n|\n|-weather|RainDance|[upkeep]\n|upkeep\n|\n|t:|1776119919\n|switch|p1a: Torkoal|Torkoal, L50, F|68/100\n|switch|p1b: Camerupt|Camerupt, L50, F|100/100\n|-weather|SunnyDay|[from] ability: Drought|[of] p1a: Torkoal\n|turn|4\n|\n|t:|1776119933\n|detailschange|p1b: Camerupt|Camerupt-Mega, L50, F\n|-mega|p1b: Camerupt|Camerupt|Cameruptite\n|move|p2a: Politoed|Helping Hand|p2b: Incineroar\n|-singleturn|p2b: Incineroar|Helping Hand|[of] p2a: Politoed\n|move|p1b: Camerupt|Solar Beam||[still]\n|-prepare|p1b: Camerupt|Solar Beam\n|-anim|p1b: Camerupt|Solar Beam|p2a: Politoed\n|-supereffective|p2a: Politoed|1\n|-damage|p2a: Politoed|13/100\n|move|p1a: Torkoal|Earth Power|p2b: Incineroar\n|-supereffective|p2b: Incineroar|1\n|-enditem|p2b: Incineroar|Shuca Berry|[eat]\n|-enditem|p2b: Incineroar|Shuca Berry|[weaken]\n|-damage|p2b: Incineroar|0 fnt\n|faint|p2b: Incineroar\n|\n|-weather|SunnyDay|[upkeep]\n|-heal|p2a: Politoed|19/100|[from] item: Leftovers\n|upkeep\n|turn|5\n|c|\u2606nez123|gg xD\n|c|\u2606rng go brrr|gg\n|\n|t:|1776119958\n|move|p2a: Politoed|Helping Hand|p2: Incineroar|[notarget]\n|-fail|p2a: Politoed\n|move|p1b: Camerupt|Solar Beam||[still]\n|-prepare|p1b: Camerupt|Solar Beam\n|-anim|p1b: Camerupt|Solar Beam|p2a: Politoed\n|-supereffective|p2a: Politoed|1\n|-crit|p2a: Politoed\n|-damage|p2a: Politoed|0 fnt\n|faint|p2a: Politoed\n|\n|win|rng go brrr\n|raw|rng go brrr's rating: 1136 &rarr; <strong>1166</strong><br />(+30 for winning)\n|raw|nez123's rating: 1208 &rarr; <strong>1178</strong><br />(-30 for losing)\n|l|\u2606nez123\n|player|p2|\n",
  "uploadtime": 1776119984,
  "views": 15,
  "formatid": "gen9championsvgc2026regma",
  "rating": 1166,
  "private": 0,
  "password": null
}