{
  "id": "gen9championsvgc2026regma-2586933945",
  "format": "[Gen 9 Champions] VGC 2026 Reg M-A",
  "players": [
    "Azul911381069",
    "ZzSaj"
  ],
  "log": "|j|\u2606Azul911381069\n|j|\u2606ZzSaj\n|t:|1776473231\n|gametype|doubles\n|player|p1|Azul911381069|blue|1092\n|player|p2|ZzSaj|2|1007\n|gen|9\n|tier|[Gen 9 Champions] VGC 2026 Reg M-A\n|rated|\n|rule|Species Clause: Limit one of each Pok\u00e9mon\n|rule|Item Clause: Limit 1 of each item\n|clearpoke\n|poke|p1|Whimsicott, L50, M|\n|poke|p1|Sneasler, L50, M|\n|poke|p1|Milotic, L50, F|\n|poke|p1|Garchomp, L50, M|\n|poke|p1|Kingambit, L50, F|\n|poke|p1|Charizard, L50, M|\n|poke|p2|Volcarona, L50, M|\n|poke|p2|Kingambit, L50, M|\n|poke|p2|Sneasler, L50, F|\n|poke|p2|Garchomp, L50, F|\n|poke|p2|Dragapult, L50, F|\n|poke|p2|Maushold, L50|\n|teampreview|4\nAzul911381069 has agreed to open team sheets.\n|\n|t:|1776473275\n|teamsize|p1|4\n|teamsize|p2|4\n|start\n|switch|p1a: Milotic|Milotic, L50, F|100/100\n|switch|p1b: Sneasler|Sneasler, L50, M|100/100\n|switch|p2a: Sneasler|Sneasler, L50, F|100/100\n|switch|p2b: Garchomp|Garchomp, L50, F|100/100\n|turn|1\n|\n|t:|1776473299\n|move|p2a: Sneasler|Fake Out|p1a: Milotic\n|-damage|p1a: Milotic|86/100\n|move|p1b: Sneasler|Fake Out|p2b: Garchomp\n|-damage|p2b: Garchomp|85/100\n|-damage|p1b: Sneasler|88/100|[from] ability: Rough Skin|[of] p2b: Garchomp\n|cant|p2b: Garchomp|flinch\n|cant|p1a: Milotic|flinch\n|\n|-heal|p1a: Milotic|92/100|[from] item: Leftovers\n|upkeep\n|turn|2\n|\n|t:|1776473330\n|switch|p2a: Maushold|Maushold, L50|100/100\n|move|p1b: Sneasler|Protect|p1b: Sneasler\n|-singleturn|p1b: Sneasler|Protect\n|move|p2b: Garchomp|Stomping Tantrum|p1b: Sneasler\n|-activate|p1b: Sneasler|move: Protect\n|move|p1a: Milotic|Ice Beam|p2b: Garchomp\n|-supereffective|p2b: Garchomp|2\n|-damage|p2b: Garchomp|1/100\n|\n|-heal|p1a: Milotic|98/100|[from] item: Leftovers\n|upkeep\n|turn|3\n|\n|t:|1776473354\n|move|p2a: Maushold|Follow Me|p2a: Maushold\n|-singleturn|p2a: Maushold|move: Follow Me\n|move|p2b: Garchomp|Stomping Tantrum|p1b: Sneasler\n|-supereffective|p1b: Sneasler|1\n|-crit|p1b: Sneasler\n|-damage|p1b: Sneasler|0 fnt\n|faint|p1b: Sneasler\n|move|p1a: Milotic|Scald|p2a: Maushold\n|-damage|p2a: Maushold|58/100\n|\n|-heal|p1a: Milotic|100/100|[from] item: Leftovers\n|upkeep\n|\n|t:|1776473372\n|switch|p1b: Kingambit|Kingambit, L50, F|100/100\n|-activate|p1b: Kingambit|ability: Supreme Overlord\n|-start|p1b: Kingambit|fallen1|[silent]\n|turn|4\n|\n|t:|1776473382\n|switch|p2b: Sneasler|Sneasler, L50, F|100/100\n|move|p2a: Maushold|Protect|p2a: Maushold\n|-singleturn|p2a: Maushold|Protect\n|move|p1b: Kingambit|Sucker Punch||[still]\n|-fail|p1b: Kingambit\n|move|p1a: Milotic|Scald|p2a: Maushold\n|-activate|p2a: Maushold|move: Protect\n|\n|upkeep\n|turn|5\n|\n|t:|1776473402\n|move|p1a: Milotic|Protect|p1a: Milotic\n|-singleturn|p1a: Milotic|Protect\n|move|p1b: Kingambit|Protect|p1b: Kingambit\n|-singleturn|p1b: Kingambit|Protect\n|move|p2b: Sneasler|Close Combat|p1b: Kingambit\n|-activate|p1b: Kingambit|move: Protect\n|move|p2a: Maushold|Super Fang|p1a: Milotic\n|-activate|p1a: Milotic|move: Protect\n|\n|upkeep\n|turn|6\n|\n|t:|1776473423\n|-end|p1b: Kingambit|fallen1|[silent]\n|switch|p1b: Charizard|Charizard, L50, M|100/100\n|move|p2b: Sneasler|Close Combat|p1b: Charizard\n|-resisted|p1b: Charizard|1\n|-damage|p1b: Charizard|54/100\n|-unboost|p2b: Sneasler|def|1\n|-unboost|p2b: Sneasler|spd|1\n|move|p2a: Maushold|Encore|p1a: Milotic\n|-start|p1a: Milotic|Encore\n|move|p1a: Milotic|Protect||[still]\n|-fail|p1a: Milotic\n|\n|upkeep\n|turn|7\n|\n|t:|1776473471\n|switch|p1a: Kingambit|Kingambit, L50, F|100/100\n|-activate|p1a: Kingambit|ability: Supreme Overlord\n|-start|p1a: Kingambit|fallen1|[silent]\n|detailschange|p1b: Charizard|Charizard-Mega-Y, L50, M\n|-mega|p1b: Charizard|Charizard|Charizardite Y\n|-weather|SunnyDay|[from] ability: Drought|[of] p1b: Charizard\n|move|p2a: Maushold|Follow Me|p2a: Maushold\n|-singleturn|p2a: Maushold|move: Follow Me\n|move|p2b: Sneasler|Dire Claw|p1b: Charizard\n|-damage|p1b: Charizard|0 fnt\n|faint|p1b: Charizard\n|\n|-weather|SunnyDay|[upkeep]\n|upkeep\n|\n|t:|1776473483\n|switch|p1b: Milotic|Milotic, L50, F|100/100\n|turn|8\n|\n|t:|1776473519\n|move|p1a: Kingambit|Protect|p1a: Kingambit\n|-singleturn|p1a: Kingambit|Protect\n|move|p2a: Maushold|Follow Me|p2a: Maushold\n|-singleturn|p2a: Maushold|move: Follow Me\n|move|p2b: Sneasler|Close Combat|p1a: Kingambit\n|-activate|p1a: Kingambit|move: Protect\n|move|p1b: Milotic|Scald|p2a: Maushold\n|-damage|p2a: Maushold|39/100\n|\n|-weather|SunnyDay|[upkeep]\n|upkeep\n|turn|9\n|\n|t:|1776473547\n|move|p1a: Kingambit|Sucker Punch|p2b: Sneasler\n|-resisted|p2b: Sneasler|1\n|-damage|p2b: Sneasler|52/100\n|move|p2b: Sneasler|Dire Claw|p1b: Milotic\n|-damage|p1b: Milotic|54/100\n|-status|p1b: Milotic|psn\n|move|p2a: Maushold|Encore|p1a: Kingambit\n|-start|p1a: Kingambit|Encore\n|move|p1b: Milotic|Scald|p2a: Maushold\n|-damage|p2a: Maushold|17/100\n|\n|-weather|SunnyDay|[upkeep]\n|-heal|p1b: Milotic|60/100 psn|[from] item: Leftovers\n|-damage|p1b: Milotic|48/100 psn|[from] psn\n|upkeep\n|turn|10\n|\n|t:|1776473593\n|switch|p2b: Kingambit|Kingambit, L50, M|100/100\n|move|p2a: Maushold|Protect|p2a: Maushold\n|-singleturn|p2a: Maushold|Protect\n|move|p1a: Kingambit|Sucker Punch||[still]\n|-fail|p1a: Kingambit\n|move|p1b: Milotic|Scald|p2b: Kingambit\n|-damage|p2b: Kingambit|86/100\n|\n|-weather|SunnyDay|[upkeep]\n|-heal|p1b: Milotic|53/100 psn|[from] item: Leftovers\n|-damage|p1b: Milotic|41/100 psn|[from] psn\n|upkeep\n|turn|11\n|\n|t:|1776473640\n|move|p2b: Kingambit|Protect|p2b: Kingambit\n|-singleturn|p2b: Kingambit|Protect\n|move|p1a: Kingambit|Sucker Punch||[still]\n|-fail|p1a: Kingambit\n|move|p2a: Maushold|Encore|p1b: Milotic\n|-start|p1b: Milotic|Encore\n|move|p1b: Milotic|Scald|p2a: Maushold\n|-damage|p2a: Maushold|0 fnt\n|faint|p2a: Maushold\n|\n|-weather|none\n|-heal|p1b: Milotic|47/100 psn|[from] item: Leftovers\n|-damage|p1b: Milotic|35/100 psn|[from] psn\n|upkeep\n|\n|t:|1776473662\n|switch|p2a: Sneasler|Sneasler, L50, F|52/100\n|turn|12\n|\n|t:|1776473710\n|move|p2b: Kingambit|Sucker Punch|p1b: Milotic\n|-damage|p1b: Milotic|0 fnt\n|faint|p1b: Milotic\n|move|p1a: Kingambit|Sucker Punch|p2a: Sneasler\n|-resisted|p2a: Sneasler|1\n|-damage|p2a: Sneasler|5/100\n|move|p2a: Sneasler|Close Combat|p1a: Kingambit\n|-supereffective|p1a: Kingambit|2\n|-damage|p1a: Kingambit|0 fnt\n|-unboost|p2a: Sneasler|def|1\n|-unboost|p2a: Sneasler|spd|1\n|faint|p1a: Kingambit\n|-end|p1a: Kingambit|fallen1|[silent]\n|\n|win|ZzSaj\n|raw|Azul911381069's rating: 1092 &rarr; <strong>1062</strong><br />(-30 for losing)\n|raw|ZzSaj's rating: 1007 &rarr; <strong>1055</strong><br />(+48 for winning)\n|l|\u2606Azul911381069\n|player|p1|\n",
  "uploadtime": 1776473737,
  "views": 29,
  "formatid": "gen9championsvgc2026regma",
  "rating": 1055,
  "private": 0,
  "password": null
}