{
  "id": "gen9championsvgc2026regma-2586558918",
  "format": "[Gen 9 Champions] VGC 2026 Reg M-A",
  "players": [
    "YingsungOoh",
    "Loecki"
  ],
  "log": "|j|\u2606YingsungOoh\n|j|\u2606Loecki\n|t:|1776442981\n|gametype|doubles\n|player|p1|YingsungOoh|101|1059\n|player|p2|Loecki|crasherwake|1097\n|gen|9\n|tier|[Gen 9 Champions] VGC 2026 Reg M-A\n|rated|\n|rule|Species Clause: Limit one of each Pok\u00e9mon\n|rule|Item Clause: Limit 1 of each item\n|clearpoke\n|poke|p1|Basculegion, L50, M|\n|poke|p1|Froslass, L50, F|\n|poke|p1|Orthworm, L50, F|\n|poke|p1|Sinistcha, L50|\n|poke|p1|Garchomp, L50, M|\n|poke|p1|Rotom-Heat, L50|\n|poke|p2|Delphox, L50, M|\n|poke|p2|Garchomp, L50, M|\n|poke|p2|Kingambit, L50, F|\n|poke|p2|Sneasler, L50, M|\n|poke|p2|Basculegion, L50, M|\n|poke|p2|Clefable, L50, F|\n|teampreview|4\nYingsungOoh rejected open team sheets.\n|inactive|Battle timer is ON: inactive players will automatically lose when time's up. (requested by Loecki)\n|\n|t:|1776443051\n|teamsize|p1|4\n|teamsize|p2|4\n|start\n|switch|p1a: Orthworm|Orthworm, L50, F|100/100\n|switch|p1b: Garchomp|Garchomp, L50, M|100/100\n|switch|p2a: Delphox|Delphox, L50, M|100/100\n|switch|p2b: Clefable|Clefable, L50, F|100/100\n|turn|1\n|\n|t:|1776443073\n|detailschange|p2a: Delphox|Delphox-Mega, L50, M\n|-mega|p2a: Delphox|Delphox|Delphoxite\n|move|p2a: Delphox|Heat Wave|p1a: Orthworm|[spread] p1b\n|-miss|p2a: Delphox|p1a: Orthworm\n|-resisted|p1b: Garchomp|1\n|-damage|p1b: Garchomp|81/100\n|move|p1b: Garchomp|Earthquake|p2b: Clefable|[spread] p2b\n|-immune|p1a: Orthworm|[from] ability: Earth Eater\n|-immune|p2a: Delphox|[from] ability: Levitate\n|-damage|p2b: Clefable|57/100\n|move|p1a: Orthworm|Shed Tail|p1a: Orthworm\n|-start|p1a: Orthworm|Substitute|[from] move: Shed Tail\n|-damage|p1a: Orthworm|50/100\n|inactive|YingsungOoh has 30 seconds left.\n|inactive|YingsungOoh has 20 seconds left.\n|\n|t:|1776443109\n|switch|p1a: Froslass|Froslass, L50, F|100/100|[from] Shed Tail\n|move|p2b: Clefable|Icy Wind|p1b: Garchomp|[spread] p1a,p1b\n|-resisted|p1a: Froslass|1\n|-activate|p1a: Froslass|move: Substitute|[damage]\n|-supereffective|p1b: Garchomp|2\n|-damage|p1b: Garchomp|48/100\n|-unboost|p1b: Garchomp|spe|1\n|\n|upkeep\n|turn|2\n|inactive|YingsungOoh has 30 seconds left.\n|inactive|Loecki has 30 seconds left.\n|\n|t:|1776443141\n|detailschange|p1a: Froslass|Froslass-Mega, L50, F\n|-mega|p1a: Froslass|Froslass|Froslassite\n|-weather|Snowscape|[from] ability: Snow Warning|[of] p1a: Froslass\n|move|p2a: Delphox|Protect|p2a: Delphox\n|-singleturn|p2a: Delphox|Protect\n|move|p1a: Froslass|Aurora Veil|p1a: Froslass\n|-sidestart|p1: YingsungOoh|move: Aurora Veil\n|move|p1b: Garchomp|Dragon Claw|p2a: Delphox\n|-activate|p2a: Delphox|move: Protect\n|move|p2b: Clefable|Moonblast|p1a: Froslass\n|-end|p1a: Froslass|Substitute\n|\n|-weather|Snowscape|[upkeep]\n|upkeep\n|turn|3\n|inactive|Loecki has 30 seconds left.\n|\n|t:|1776443172\n|move|p1b: Garchomp|Protect|p1b: Garchomp\n|-singleturn|p1b: Garchomp|Protect\n|move|p2a: Delphox|Heat Wave|p1a: Froslass|[spread] p1a\n|-activate|p1b: Garchomp|move: Protect\n|-supereffective|p1a: Froslass|1\n|-damage|p1a: Froslass|50/100\n|move|p1a: Froslass|Shadow Ball|p2a: Delphox\n|-supereffective|p2a: Delphox|1\n|-damage|p2a: Delphox|27/100\n|move|p2b: Clefable|Icy Wind|p1a: Froslass|[spread] p1a\n|-activate|p1b: Garchomp|move: Protect\n|-resisted|p1a: Froslass|1\n|-damage|p1a: Froslass|47/100\n|-unboost|p1a: Froslass|spe|1\n|\n|-weather|Snowscape|[upkeep]\n|upkeep\n|turn|4\n|inactive|YingsungOoh has 30 seconds left.\n|inactive|Loecki has 30 seconds left.\n|inactive|YingsungOoh has 20 seconds left.\n|\n|t:|1776443211\n|switch|p1b: Sinistcha|Sinistcha, L50|100/100\n|-heal|p1a: Froslass|72/100|[from] ability: Hospitality|[of] p1b: Sinistcha\n|move|p2b: Clefable|Follow Me|p2b: Clefable\n|-singleturn|p2b: Clefable|move: Follow Me\n|move|p2a: Delphox|Heat Wave|p1a: Froslass|[spread] p1b\n|-miss|p2a: Delphox|p1a: Froslass\n|-supereffective|p1b: Sinistcha|1\n|-damage|p1b: Sinistcha|37/100\n|-enditem|p1b: Sinistcha|Sitrus Berry|[eat]\n|-heal|p1b: Sinistcha|62/100|[from] item: Sitrus Berry\n|move|p1a: Froslass|Nasty Plot|p1a: Froslass\n|-boost|p1a: Froslass|spa|2\n|\n|-weather|Snowscape|[upkeep]\n|upkeep\n|turn|5\n|\n|t:|1776443231\n|move|p1b: Sinistcha|Rage Powder|p1b: Sinistcha\n|-singleturn|p1b: Sinistcha|move: Rage Powder\n|move|p2b: Clefable|Follow Me|p2b: Clefable\n|-singleturn|p2b: Clefable|move: Follow Me\n|move|p2a: Delphox|Heat Wave|p1a: Froslass|[spread] p1a,p1b\n|-supereffective|p1a: Froslass|1\n|-supereffective|p1b: Sinistcha|1\n|-damage|p1a: Froslass|21/100\n|-damage|p1b: Sinistcha|0 fnt\n|faint|p1b: Sinistcha\n|move|p1a: Froslass|Blizzard|p2b: Clefable|[spread] p2a,p2b\n|-resisted|p2a: Delphox|1\n|-crit|p2a: Delphox\n|-damage|p2a: Delphox|0 fnt\n|-damage|p2b: Clefable|20/100\n|-enditem|p2b: Clefable|Sitrus Berry|[eat]\n|-heal|p2b: Clefable|45/100|[from] item: Sitrus Berry\n|faint|p2a: Delphox\n|\n|-weather|Snowscape|[upkeep]\n|upkeep\n|\n|t:|1776443251\n|switch|p2a: Basculegion|Basculegion, L50, M|100/100\n|switch|p1b: Garchomp|Garchomp, L50, M|48/100\n|turn|6\n|\n|t:|1776443268\n|move|p1b: Garchomp|Protect|p1b: Garchomp\n|-singleturn|p1b: Garchomp|Protect\n|move|p2a: Basculegion|Last Respects|p1a: Froslass\n|-supereffective|p1a: Froslass|1\n|-damage|p1a: Froslass|0 fnt\n|faint|p1a: Froslass\n|move|p2b: Clefable|Moonblast|p1b: Garchomp\n|-activate|p1b: Garchomp|move: Protect\n|\n|-weather|none\n|-sideend|p1: YingsungOoh|move: Aurora Veil\n|upkeep\n|\n|t:|1776443278\n|switch|p1a: Orthworm|Orthworm, L50, F|50/100\n|turn|7\n|\n|t:|1776443290\n|move|p2a: Basculegion|Last Respects|p1b: Garchomp\n|-damage|p1b: Garchomp|0 fnt\n|faint|p1b: Garchomp\n|move|p1a: Orthworm|Flash Cannon|p2b: Clefable\n|-supereffective|p2b: Clefable|1\n|-damage|p2b: Clefable|12/100\n|move|p2b: Clefable|Icy Wind|p1a: Orthworm\n|-resisted|p1a: Orthworm|1\n|-damage|p1a: Orthworm|39/100\n|-unboost|p1a: Orthworm|spe|1\n|\n|upkeep\n|turn|8\n|\n|t:|1776443302\n|move|p2a: Basculegion|Last Respects|p1a: Orthworm\n|-damage|p1a: Orthworm|0 fnt\n|faint|p1a: Orthworm\n|\n|win|Loecki\n|raw|YingsungOoh's rating: 1107 &rarr; <strong>1081</strong><br />(-26 for losing)\n|raw|Loecki's rating: 1097 &rarr; <strong>1123</strong><br />(+26 for winning)\n",
  "uploadtime": 1776443302,
  "views": 57,
  "formatid": "gen9championsvgc2026regma",
  "rating": 1081,
  "private": 0,
  "password": null
}