{
  "id": "gen9championsvgc2026regma-2580292723",
  "format": "[Gen 9 Champions] VGC 2026 Reg M-A",
  "players": [
    "vapzitar",
    "ChereYumi"
  ],
  "log": "|j|\u2606vapzitar\n|j|\u2606ChereYumi\n|t:|1775876739\n|gametype|doubles\n|player|p1|vapzitar|265|1040\n|player|p2|ChereYumi|miku-psychic|1000\n|gen|9\n|tier|[Gen 9 Champions] VGC 2026 Reg M-A\n|rated|\n|rule|Species Clause: Limit one of each Pok\u00e9mon\n|rule|Item Clause: Limit 1 of each item\n|clearpoke\n|poke|p1|Aromatisse, L50, F|\n|poke|p1|Gengar, L50, M|\n|poke|p1|Politoed, L50, M|\n|poke|p1|Aegislash, L50, M|\n|poke|p1|Azumarill, L50, M|\n|poke|p1|Gardevoir, L50, M|\n|poke|p2|Floette-Eternal, L50, F|\n|poke|p2|Incineroar, L50, M|\n|poke|p2|Whimsicott, L50, F|\n|poke|p2|Garchomp, L50, M|\n|poke|p2|Sneasler, L50, M|\n|poke|p2|Maushold, L50|\n|teampreview|4\n|inactive|Battle timer is ON: inactive players will automatically lose when time's up. (requested by ChereYumi)\nChereYumi has agreed to open team sheets.\nvapzitar rejected open team sheets.\n|inactive|ChereYumi has 60 seconds left.\n|\n|t:|1775876770\n|teamsize|p1|4\n|teamsize|p2|4\n|start\n|switch|p1a: Gengar|Gengar, L50, M|100/100\n|switch|p1b: Aegislash|Aegislash, L50, M|100/100\n|switch|p2a: Floette|Floette-Eternal, L50, F|100/100\n|switch|p2b: Garchomp|Garchomp, L50, M|100/100\n|turn|1\n|\n|t:|1775876784\n|detailschange|p1a: Gengar|Gengar-Mega, L50, M\n|-mega|p1a: Gengar|Gengar|Gengarite\n|detailschange|p2a: Floette|Floette-Mega, L50, F\n|-mega|p2a: Floette|Floette|Floettite\n|-ability|p2a: Floette|Fairy Aura\n|move|p1a: Gengar|Protect|p1a: Gengar\n|-singleturn|p1a: Gengar|Protect\n|move|p2a: Floette|Protect|p2a: Floette\n|-singleturn|p2a: Floette|Protect\n|move|p1b: Aegislash|King's Shield|p1b: Aegislash\n|-singleturn|p1b: Aegislash|Protect\n|move|p2b: Garchomp|Earthquake|p1b: Aegislash|[spread] \n|-activate|p2a: Floette|move: Protect\n|-activate|p1a: Gengar|move: Protect\n|-activate|p1b: Aegislash|move: Protect\n|\n|upkeep\n|turn|2\n|\n|t:|1775876806\n|move|p2b: Garchomp|Earthquake|p1b: Aegislash|[spread] p2a,p1a,p1b\n|-supereffective|p1a: Gengar|1\n|-supereffective|p1b: Aegislash|1\n|-damage|p2a: Floette|47/100\n|-damage|p1a: Gengar|7/100\n|-damage|p1b: Aegislash|38/100\n|move|p1a: Gengar|Disable|p2b: Garchomp\n|-start|p2b: Garchomp|Disable|Earthquake\n|move|p2a: Floette|Calm Mind|p2a: Floette\n|-boost|p2a: Floette|spa|1\n|-boost|p2a: Floette|spd|1\n|-formechange|p1b: Aegislash|Aegislash-Blade|\n|move|p1b: Aegislash|Iron Head|p2a: Floette\n|-supereffective|p2a: Floette|1\n|-damage|p2a: Floette|0 fnt\n|faint|p2a: Floette\n|\n|-heal|p1b: Aegislash|44/100|[from] item: Leftovers\n|upkeep\n|\n|t:|1775876820\n|switch|p2a: Incineroar|Incineroar, L50, M|100/100\n|-ability|p2a: Incineroar|Intimidate|boost\n|-unboost|p1a: Gengar|atk|1\n|-unboost|p1b: Aegislash|atk|1\n|turn|3\n|\n|t:|1775876840\n|switch|p1b: Aromatisse|Aromatisse, L50, F|100/100\n|move|p1a: Gengar|Protect|p1a: Gengar\n|-singleturn|p1a: Gengar|Protect\n|move|p2a: Incineroar|Fake Out|p1b: Aromatisse\n|-damage|p1b: Aromatisse|92/100\n|-activate|p2b: Garchomp|move: Struggle\n|move|p2b: Garchomp|Struggle|p1b: Aromatisse\n|-damage|p1b: Aromatisse|77/100\n|-damage|p2b: Garchomp|76/100|[from] recoil\n|\n|upkeep\n|turn|4\n|\n|t:|1775876864\n|-activate|p2b: Garchomp|move: Struggle\n|move|p2b: Garchomp|Struggle|p1b: Aromatisse\n|-damage|p1b: Aromatisse|63/100\n|-damage|p2b: Garchomp|51/100|[from] recoil\n|move|p1a: Gengar|Pain Split|p2a: Incineroar\n|-sethp|p2a: Incineroar|53/100|[from] move: Pain Split|[silent]\n|-sethp|p1a: Gengar|64/100|[from] move: Pain Split\n|move|p2a: Incineroar|Flare Blitz|p1a: Gengar\n|-damage|p1a: Gengar|6/100\n|-damage|p2a: Incineroar|37/100|[from] Recoil\n|move|p1b: Aromatisse|Heal Pulse|p1a: Gengar\n|-heal|p1a: Gengar|57/100\n|\n|-heal|p2a: Incineroar|43/100|[from] item: Leftovers\n|upkeep\n|turn|5\n|inactive|vapzitar has 30 seconds left.\n|inactive|vapzitar has 20 seconds left.\n|\n|t:|1775876902\n|switch|p1b: Aegislash|Aegislash, L50, M|44/100\n|-activate|p2b: Garchomp|move: Struggle\n|move|p2b: Garchomp|Struggle|p1a: Gengar\n|-damage|p1a: Gengar|36/100\n|-damage|p2b: Garchomp|26/100|[from] recoil\n|move|p1a: Gengar|Disable|p2a: Incineroar\n|-start|p2a: Incineroar|Disable|Flare Blitz\n|move|p2a: Incineroar|Parting Shot|p1a: Gengar\n|-unboost|p1a: Gengar|atk|1\n|-unboost|p1a: Gengar|spa|1\n|\n|t:|1775876908\n|switch|p2a: Whimsicott|Whimsicott, L50, F|100/100|[from] Parting Shot\n|\n|-heal|p1b: Aegislash|50/100|[from] item: Leftovers\n|upkeep\n|turn|6\n|\n|t:|1775876932\n|move|p2a: Whimsicott|Encore|p1a: Gengar\n|-start|p1a: Gengar|Encore\n|-activate|p2b: Garchomp|move: Struggle\n|move|p2b: Garchomp|Struggle|p1b: Aegislash\n|-damage|p1b: Aegislash|36/100\n|-damage|p2b: Garchomp|1/100|[from] recoil\n|move|p1a: Gengar|Disable||[still]\n|-fail|p1a: Gengar\n|-formechange|p1b: Aegislash|Aegislash-Blade|\n|move|p1b: Aegislash|Iron Head|p2a: Whimsicott\n|-supereffective|p2a: Whimsicott|1\n|-damage|p2a: Whimsicott|20/100\n|\n|-heal|p1b: Aegislash|42/100|[from] item: Leftovers\n|-end|p2b: Garchomp|Disable\n|upkeep\n|turn|7\n|\n|t:|1775876956\n|move|p1b: Aegislash|Wide Guard|p1b: Aegislash\n|-singleturn|p1b: Aegislash|Wide Guard\n|move|p2a: Whimsicott|Tailwind|p2a: Whimsicott\n|-sidestart|p2: ChereYumi|move: Tailwind\n|move|p2b: Garchomp|Earthquake|p1a: Gengar|[spread] p2a\n|-activate|p1a: Gengar|move: Wide Guard\n|-activate|p1b: Aegislash|move: Wide Guard\n|-resisted|p2a: Whimsicott|1\n|-damage|p2a: Whimsicott|0 fnt\n|faint|p2a: Whimsicott\n|move|p1a: Gengar|Disable|p2b: Garchomp\n|-start|p2b: Garchomp|Disable|Earthquake\n|\n|-heal|p1b: Aegislash|48/100|[from] item: Leftovers\n|upkeep\n|\n|t:|1775876964\n|switch|p2a: Incineroar|Incineroar, L50, M|43/100\n|-ability|p2a: Incineroar|Intimidate|boost\n|-unboost|p1a: Gengar|atk|1\n|-unboost|p1b: Aegislash|atk|1\n|turn|8\n|\n|t:|1775876980\n|-activate|p2b: Garchomp|move: Struggle\n|move|p2b: Garchomp|Struggle|p1b: Aegislash\n|-damage|p1b: Aegislash|19/100\n|-damage|p2b: Garchomp|0 fnt|[from] recoil\n|faint|p2b: Garchomp\n|move|p1a: Gengar|Disable||[still]\n|-fail|p1a: Gengar\n|move|p2a: Incineroar|Flare Blitz|p1a: Gengar\n|-damage|p1a: Gengar|0 fnt\n|faint|p1a: Gengar\n|-damage|p2a: Incineroar|34/100|[from] Recoil\n|move|p1b: Aegislash|Close Combat|p2a: Incineroar\n|-supereffective|p2a: Incineroar|1\n|-damage|p2a: Incineroar|0 fnt\n|-unboost|p1b: Aegislash|def|1\n|-unboost|p1b: Aegislash|spd|1\n|faint|p2a: Incineroar\n|\n|win|vapzitar\n|raw|vapzitar's rating: 1040 &rarr; <strong>1070</strong><br />(+30 for winning)\n|raw|ChereYumi's rating: 1000 &rarr; <strong>1000</strong><br />(+0 for losing)\n|l|\u2606ChereYumi\n|player|p2|\n",
  "uploadtime": 1775877246,
  "views": 17,
  "formatid": "gen9championsvgc2026regma",
  "rating": 1000,
  "private": 0,
  "password": null
}