{
  "id": "gen9championsvgc2026regma-2582887186",
  "format": "[Gen 9 Champions] VGC 2026 Reg M-A",
  "players": [
    "PokeHys2",
    "Eon_Edge"
  ],
  "log": "|j|\u2606PokeHys2\n|j|\u2606Eon_Edge\n|t:|1776122153\n|gametype|doubles\n|player|p1|PokeHys2|blackbelt-gen4dp|1399\n|player|p2|Eon_Edge|coin|1321\n|gen|9\n|tier|[Gen 9 Champions] VGC 2026 Reg M-A\n|rated|\n|rule|Species Clause: Limit one of each Pok\u00e9mon\n|rule|Item Clause: Limit 1 of each item\n|clearpoke\n|poke|p1|Tyranitar, L50, M|\n|poke|p1|Farigiraf, L50, M|\n|poke|p1|Blastoise, L50, F|\n|poke|p1|Incineroar, L50, M|\n|poke|p1|Excadrill, L50, F|\n|poke|p1|Sinistcha-Masterpiece, L50|\n|poke|p2|Banette, L50, M|\n|poke|p2|Aerodactyl, L50, F|\n|poke|p2|Empoleon, L50, M|\n|poke|p2|Garchomp, L50, M|\n|poke|p2|Charizard, L50, F|\n|poke|p2|Maushold, L50|\n|teampreview|4\n|inactive|Battle timer is ON: inactive players will automatically lose when time's up. (requested by PokeHys2)\n|inactive|Eon_Edge has 60 seconds left.\n|\n|t:|1776122189\n|teamsize|p1|4\n|teamsize|p2|4\n|start\n|switch|p1a: Farigiraf|Farigiraf, L50, M|100/100\n|switch|p1b: Incineroar|Incineroar, L50, M|100/100\n|switch|p2a: Empoleon|Empoleon, L50, M|100/100\n|switch|p2b: Garchomp|Garchomp, L50, M|100/100\n|-ability|p1b: Incineroar|Intimidate|boost\n|-unboost|p2a: Empoleon|atk|1\n|-ability|p2a: Empoleon|Competitive|boost\n|-boost|p2a: Empoleon|spa|2\n|-unboost|p2b: Garchomp|atk|1\n|-enditem|p2b: Garchomp|White Herb\n|-clearnegativeboost|p2b: Garchomp|[silent]\n|turn|1\n|j| omps404\n|l| omps404\n|\n|t:|1776122199\n|move|p1b: Incineroar|Fake Out|p2a: Empoleon\n|-resisted|p2a: Empoleon|1\n|-damage|p2a: Empoleon|94/100\n|move|p2b: Garchomp|Stomping Tantrum|p1b: Incineroar\n|-supereffective|p1b: Incineroar|1\n|-damage|p1b: Incineroar|22/100\n|cant|p2a: Empoleon|flinch\n|move|p1a: Farigiraf|Trick Room|p1a: Farigiraf\n|-fieldstart|move: Trick Room|[of] p1a: Farigiraf\n|\n|-heal|p2a: Empoleon|99/100|[from] item: Leftovers\n|upkeep\n|turn|2\n|\n|t:|1776122222\n|move|p2a: Empoleon|Protect|p2a: Empoleon\n|-singleturn|p2a: Empoleon|Protect\n|move|p1a: Farigiraf|Hyper Voice|p2a: Empoleon|[spread] p2b\n|-activate|p2a: Empoleon|move: Protect\n|-damage|p2b: Garchomp|60/100\n|move|p1b: Incineroar|Close Combat|p2a: Empoleon\n|-activate|p2a: Empoleon|move: Protect\n|move|p2b: Garchomp|Earthquake|p1a: Farigiraf|[spread] p1a,p1b\n|-activate|p2a: Empoleon|move: Protect\n|-supereffective|p1b: Incineroar|1\n|-damage|p1a: Farigiraf|62/100\n|-damage|p1b: Incineroar|0 fnt\n|faint|p1b: Incineroar\n|\n|-heal|p2a: Empoleon|100/100|[from] item: Leftovers\n|upkeep\n|\n|t:|1776122239\n|switch|p1b: Tyranitar|Tyranitar, L50, M|100/100\n|-weather|Sandstorm|[from] ability: Sand Stream|[of] p1b: Tyranitar\n|turn|3\n|\n|t:|1776122259\n|switch|p2b: Maushold|Maushold, L50|100/100\n|move|p1b: Tyranitar|Low Kick|p2a: Empoleon\n|-supereffective|p2a: Empoleon|1\n|-damage|p2a: Empoleon|61/100\n|move|p1a: Farigiraf|Hyper Voice|p2b: Maushold|[spread] p2a,p2b\n|-resisted|p2a: Empoleon|1\n|-damage|p2a: Empoleon|48/100\n|-damage|p2b: Maushold|50/100\n|move|p2a: Empoleon|Flash Cannon|p1a: Farigiraf\n|-damage|p1a: Farigiraf|0 fnt\n|faint|p1a: Farigiraf\n|\n|-weather|Sandstorm|[upkeep]\n|-damage|p2b: Maushold|44/100|[from] Sandstorm\n|-heal|p2a: Empoleon|53/100|[from] item: Leftovers\n|upkeep\n|\n|t:|1776122262\n|switch|p1a: Blastoise|Blastoise, L50, F|100/100\n|turn|4\n|\n|t:|1776122277\n|detailschange|p1a: Blastoise|Blastoise-Mega, L50, F\n|-mega|p1a: Blastoise|Blastoise|Blastoisinite\n|move|p2a: Empoleon|Protect|p2a: Empoleon\n|-singleturn|p2a: Empoleon|Protect\n|move|p2b: Maushold|Protect|p2b: Maushold\n|-singleturn|p2b: Maushold|Protect\n|move|p1b: Tyranitar|Rock Slide|p2a: Empoleon|[spread] \n|-activate|p2a: Empoleon|move: Protect\n|-activate|p2b: Maushold|move: Protect\n|move|p1a: Blastoise|Dark Pulse|p2a: Empoleon\n|-activate|p2a: Empoleon|move: Protect\n|\n|-weather|Sandstorm|[upkeep]\n|-damage|p1a: Blastoise|95/100|[from] Sandstorm\n|-damage|p2b: Maushold|38/100|[from] Sandstorm\n|-heal|p2a: Empoleon|59/100|[from] item: Leftovers\n|upkeep\n|turn|5\n|\n|t:|1776122285\n|move|p2b: Maushold|Follow Me|p2b: Maushold\n|-singleturn|p2b: Maushold|move: Follow Me\n|move|p1b: Tyranitar|Rock Slide|p2a: Empoleon|[spread] p2a,p2b\n|-resisted|p2a: Empoleon|1\n|-damage|p2a: Empoleon|49/100\n|-damage|p2b: Maushold|0 fnt\n|faint|p2b: Maushold\n|move|p2a: Empoleon|Flash Cannon|p1b: Tyranitar\n|-supereffective|p1b: Tyranitar|1\n|-damage|p1b: Tyranitar|24/100\n|move|p1a: Blastoise|Dark Pulse|p2a: Empoleon\n|-damage|p2a: Empoleon|2/100\n|\n|-weather|Sandstorm|[upkeep]\n|-damage|p1a: Blastoise|89/100|[from] Sandstorm\n|-heal|p2a: Empoleon|7/100|[from] item: Leftovers\n|-fieldend|move: Trick Room\n|upkeep\n|\n|t:|1776122293\n|switch|p2b: Garchomp|Garchomp, L50, M|60/100\n|turn|6\n|\n|t:|1776122298\n|move|p2a: Empoleon|Protect|p2a: Empoleon\n|-singleturn|p2a: Empoleon|Protect\n|move|p2b: Garchomp|Earthquake|p1a: Blastoise|[spread] p1a,p1b\n|-activate|p2a: Empoleon|move: Protect\n|-crit|p1a: Blastoise\n|-supereffective|p1b: Tyranitar|1\n|-damage|p1a: Blastoise|39/100\n|-damage|p1b: Tyranitar|0 fnt\n|faint|p1b: Tyranitar\n|move|p1a: Blastoise|Water Spout|p2a: Empoleon|[spread] p2b\n|-activate|p2a: Empoleon|move: Protect\n|-damage|p2b: Garchomp|33/100\n|\n|-weather|Sandstorm|[upkeep]\n|-damage|p1a: Blastoise|33/100|[from] Sandstorm\n|-heal|p2a: Empoleon|13/100|[from] item: Leftovers\n|upkeep\n|turn|7\n|-message|PokeHys2 forfeited.\n|\n|win|Eon_Edge\n|raw|PokeHys2's rating: 1399 &rarr; <strong>1375</strong><br />(-24 for losing)\n|raw|Eon_Edge's rating: 1321 &rarr; <strong>1345</strong><br />(+24 for winning)\n|l|\u2606PokeHys2\n|player|p1|\n",
  "uploadtime": 1776122319,
  "views": 35,
  "formatid": "gen9championsvgc2026regma",
  "rating": 1345,
  "private": 0,
  "password": null
}