{
  "id": "gen9championsvgc2026regma-2585712084",
  "format": "[Gen 9 Champions] VGC 2026 Reg M-A",
  "players": [
    "EpicToxie",
    "Supernovakush"
  ],
  "log": "|j|\u2606EpicToxie\n|j|\u2606Supernovakush\n|t:|1776365395\n|gametype|doubles\n|player|p1|EpicToxie|caitlin|1188\n|player|p2|Supernovakush|iris-gen5bw2|1223\n|gen|9\n|tier|[Gen 9 Champions] VGC 2026 Reg M-A\n|rated|\n|rule|Species Clause: Limit one of each Pok\u00e9mon\n|rule|Item Clause: Limit 1 of each item\n|clearpoke\n|poke|p1|Floette-Eternal, L50, F|\n|poke|p1|Tyranitar, L50, M|\n|poke|p1|Maushold, L50|\n|poke|p1|Incineroar, L50, F|\n|poke|p1|Sneasler, L50, M|\n|poke|p1|Aerodactyl, L50, M|\n|poke|p2|Floette-Eternal, L50, F|\n|poke|p2|Garchomp, L50, F|\n|poke|p2|Sneasler, L50, F|\n|poke|p2|Rotom-Wash, L50|\n|poke|p2|Aerodactyl, L50, M|\n|poke|p2|Incineroar, L50, F|\n|teampreview|4\n|inactive|Battle timer is ON: inactive players will automatically lose when time's up. (requested by EpicToxie)\n|\n|t:|1776365439\n|teamsize|p1|4\n|teamsize|p2|4\n|start\n|switch|p1a: Sneasler|Sneasler, L50, M|100/100\n|switch|p1b: Aerodactyl|Aerodactyl, L50, M|100/100\n|switch|p2a: Aerodactyl|Aerodactyl, L50, M|100/100\n|switch|p2b: Incineroar|Incineroar, L50, F|100/100\n|-ability|p2a: Aerodactyl|Unnerve\n|-ability|p1b: Aerodactyl|Unnerve\n|-ability|p2b: Incineroar|Intimidate|boost\n|-unboost|p1a: Sneasler|atk|1\n|-unboost|p1b: Aerodactyl|atk|1\n|-enditem|p1a: Sneasler|White Herb\n|-clearnegativeboost|p1a: Sneasler|[silent]\n|turn|1\n|inactive|Supernovakush has 30 seconds left.\n|\n|t:|1776365473\n|move|p2a: Aerodactyl|Protect|p2a: Aerodactyl\n|-singleturn|p2a: Aerodactyl|Protect\n|move|p1a: Sneasler|Fake Out|p2a: Aerodactyl\n|-activate|p2a: Aerodactyl|move: Protect\n|move|p2b: Incineroar|Fake Out|p1b: Aerodactyl\n|-resisted|p1b: Aerodactyl|1\n|-damage|p1b: Aerodactyl|91/100\n|cant|p1b: Aerodactyl|flinch\n|\n|upkeep\n|turn|2\n|\n|t:|1776365489\n|move|p1a: Sneasler|Close Combat|p2b: Incineroar\n|-supereffective|p2b: Incineroar|1\n|-damage|p2b: Incineroar|0 fnt\n|-unboost|p1a: Sneasler|def|1\n|-unboost|p1a: Sneasler|spd|1\n|faint|p2b: Incineroar\n|move|p1b: Aerodactyl|Rock Slide|p2a: Aerodactyl|[miss]\n|-miss|p1b: Aerodactyl|p2a: Aerodactyl\n|move|p2a: Aerodactyl|Tailwind|p2a: Aerodactyl\n|-sidestart|p2: Supernovakush|move: Tailwind\n|\n|upkeep\n|\n|t:|1776365500\n|switch|p2b: Sneasler|Sneasler, L50, F|100/100\n|turn|3\n|\n|t:|1776365510\n|move|p1a: Sneasler|Protect|p1a: Sneasler\n|-singleturn|p1a: Sneasler|Protect\n|move|p2a: Aerodactyl|Dual Wingbeat|p1a: Sneasler\n|-activate|p1a: Sneasler|move: Protect\n|move|p2b: Sneasler|Close Combat|p1b: Aerodactyl\n|-damage|p1b: Aerodactyl|0 fnt\n|-unboost|p2b: Sneasler|def|1\n|-unboost|p2b: Sneasler|spd|1\n|faint|p1b: Aerodactyl\n|-enditem|p2b: Sneasler|White Herb\n|-clearnegativeboost|p2b: Sneasler|[silent]\n|\n|upkeep\n|\n|t:|1776365534\n|switch|p1b: Floette|Floette-Eternal, L50, F|100/100\n|turn|4\n|\n|t:|1776365541\n|switch|p1a: Maushold|Maushold, L50|100/100\n|detailschange|p1b: Floette|Floette-Mega, L50, F\n|-mega|p1b: Floette|Floette|Floettite\n|-ability|p1b: Floette|Fairy Aura\n|move|p2b: Sneasler|Dire Claw|p1b: Floette\n|-supereffective|p1b: Floette|1\n|-damage|p1b: Floette|25/100\n|move|p2a: Aerodactyl|Dual Wingbeat|p1a: Maushold\n|-damage|p1a: Maushold|75/100\n|-damage|p1a: Maushold|51/100\n|-hitcount|p1a: Maushold|2\n|move|p1b: Floette|Moonblast|p2b: Sneasler\n|-damage|p2b: Sneasler|10/100\n|\n|upkeep\n|turn|5\n|\n|t:|1776365562\n|move|p1a: Maushold|Follow Me|p1a: Maushold\n|-singleturn|p1a: Maushold|move: Follow Me\n|move|p2b: Sneasler|Close Combat|p1a: Maushold\n|-supereffective|p1a: Maushold|1\n|-damage|p1a: Maushold|0 fnt\n|-unboost|p2b: Sneasler|def|1\n|-unboost|p2b: Sneasler|spd|1\n|faint|p1a: Maushold\n|move|p2a: Aerodactyl|Rock Slide|p1b: Floette\n|-crit|p1b: Floette\n|-damage|p1b: Floette|0 fnt\n|faint|p1b: Floette\n|\n|-sideend|p2: Supernovakush|move: Tailwind\n|upkeep\n|\n|t:|1776365569\n|switch|p1b: Sneasler|Sneasler, L50, M|100/100\n|turn|6\n|inactive|Supernovakush has 30 seconds left.\n|\n|t:|1776365601\n|move|p2b: Sneasler|Protect|p2b: Sneasler\n|-singleturn|p2b: Sneasler|Protect\n|move|p2a: Aerodactyl|Protect|p2a: Aerodactyl\n|-singleturn|p2a: Aerodactyl|Protect\n|move|p1b: Sneasler|Fake Out|p2a: Aerodactyl\n|-activate|p2a: Aerodactyl|move: Protect\n|\n|upkeep\n|turn|7\n|\n|t:|1776365615\n|move|p2b: Sneasler|Close Combat|p1b: Sneasler\n|-resisted|p1b: Sneasler|1\n|-damage|p1b: Sneasler|46/100\n|-unboost|p2b: Sneasler|def|1\n|-unboost|p2b: Sneasler|spd|1\n|move|p2a: Aerodactyl|Dual Wingbeat|p1b: Sneasler\n|-supereffective|p1b: Sneasler|1\n|-damage|p1b: Sneasler|0 fnt\n|faint|p1b: Sneasler\n|-hitcount|p1: Sneasler|1\n|\n|win|Supernovakush\n|raw|EpicToxie's rating: 1188 &rarr; <strong>1166</strong><br />(-22 for losing)\n|raw|Supernovakush's rating: 1223 &rarr; <strong>1245</strong><br />(+22 for winning)\n|c|\u2606Supernovakush|ggs\n",
  "uploadtime": 1776365630,
  "views": 27,
  "formatid": "gen9championsvgc2026regma",
  "rating": 1166,
  "private": 0,
  "password": null
}