{
  "id": "gen9championsvgc2026regma-2582667713",
  "format": "[Gen 9 Champions] VGC 2026 Reg M-A",
  "players": [
    "Gujssnsb",
    "Ivanchur"
  ],
  "log": "|j|\u2606Gujssnsb\n|j|\u2606Ivanchur\n|t:|1776106055\n|gametype|doubles\n|player|p1|Gujssnsb|265|1000\n|player|p2|Ivanchur|170|1048\n|gen|9\n|tier|[Gen 9 Champions] VGC 2026 Reg M-A\n|rated|\n|rule|Species Clause: Limit one of each Pok\u00e9mon\n|rule|Item Clause: Limit 1 of each item\n|clearpoke\n|poke|p1|Kingambit, L50, M|\n|poke|p1|Sneasler, L50, M|\n|poke|p1|Farigiraf, L50, M|\n|poke|p1|Meganium, L50, M|\n|poke|p1|Starmie, L50|\n|poke|p1|Sinistcha, L50|\n|poke|p2|Aegislash, L50, F|\n|poke|p2|Blastoise, L50, F|\n|poke|p2|Pelipper, L50, F|\n|poke|p2|Sableye, L50, M|\n|poke|p2|Sinistcha, L50|\n|poke|p2|Kingambit, L50, M|\n|teampreview|4\n|inactive|Battle timer is ON: inactive players will automatically lose when time's up. (requested by Gujssnsb)\n|\n|t:|1776106099\n|teamsize|p1|4\n|teamsize|p2|4\n|start\n|switch|p1a: Meganium|Meganium, L50, M|100/100\n|switch|p1b: Farigiraf|Farigiraf, L50, M|100/100\n|switch|p2a: Blastoise|Blastoise, L50, F|100/100\n|switch|p2b: Aegislash|Aegislash, L50, F|100/100\n|turn|1\n|inactive|Gujssnsb has 30 seconds left.\n|\n|t:|1776106132\n|detailschange|p2a: Blastoise|Blastoise-Mega, L50, F\n|-mega|p2a: Blastoise|Blastoise|Blastoisinite\n|detailschange|p1a: Meganium|Meganium-Mega, L50, M\n|-mega|p1a: Meganium|Meganium|Meganiumite\n|move|p2a: Blastoise|Water Spout|p1a: Meganium|[spread] p1a,p1b\n|-resisted|p1a: Meganium|1\n|-damage|p1a: Meganium|73/100\n|-damage|p1b: Farigiraf|45/100\n|move|p1a: Meganium|Solar Beam||[still]\n|-prepare|p1a: Meganium|Solar Beam\n|-activate|p1a: Meganium|ability: Mega Sol\n|-anim|p1a: Meganium|Solar Beam|p2a: Blastoise\n|-supereffective|p2a: Blastoise|1\n|-damage|p2a: Blastoise|0 fnt\n|faint|p2a: Blastoise\n|-formechange|p2b: Aegislash|Aegislash-Blade|\n|move|p2b: Aegislash|Poltergeist|p1a: Meganium\n|-activate|p1a: Meganium|move: Poltergeist|Meganiumite\n|-damage|p1a: Meganium|13/100\n|move|p1b: Farigiraf|Reflect|p1b: Farigiraf\n|-sidestart|p1: Gujssnsb|Reflect\n|\n|upkeep\n|inactive|Ivanchur has 30 seconds left.\n|\n|t:|1776106157\n|switch|p2a: Kingambit|Kingambit, L50, M|100/100\n|turn|2\n|\n|t:|1776106180\n|switch|p1b: Sinistcha|Sinistcha, L50|100/100\n|-heal|p1a: Meganium|38/100|[from] ability: Hospitality|[of] p1b: Sinistcha\n|-formechange|p2b: Aegislash|Aegislash|\n|move|p2b: Aegislash|King's Shield|p2b: Aegislash\n|-singleturn|p2b: Aegislash|Protect\n|move|p1a: Meganium|Synthesis|p1a: Meganium\n|-heal|p1a: Meganium|100/100\n|move|p2a: Kingambit|Swords Dance|p2a: Kingambit\n|-boost|p2a: Kingambit|atk|2\n|\n|upkeep\n|turn|3\n|inactive|Ivanchur has 30 seconds left.\n|\n|t:|1776106209\n|move|p1b: Sinistcha|Rage Powder|p1b: Sinistcha\n|-singleturn|p1b: Sinistcha|move: Rage Powder\n|move|p1a: Meganium|Weather Ball|p2a: Kingambit\n|-supereffective|p2a: Kingambit|1\n|-damage|p2a: Kingambit|0 fnt\n|faint|p2a: Kingambit\n|-formechange|p2b: Aegislash|Aegislash-Blade|\n|move|p2b: Aegislash|Poltergeist|p1b: Sinistcha\n|-activate|p1b: Sinistcha|move: Poltergeist|Miracle Seed\n|-supereffective|p1b: Sinistcha|1\n|-damage|p1b: Sinistcha|38/100\n|\n|upkeep\n|\n|t:|1776106224\n|switch|p2a: Sinistcha|Sinistcha, L50|100/100\n|turn|4\n|\n|t:|1776106247\n|move|p2a: Sinistcha|Rage Powder|p2a: Sinistcha\n|-singleturn|p2a: Sinistcha|move: Rage Powder\n|move|p1a: Meganium|Weather Ball|p2b: Aegislash\n|-supereffective|p2b: Aegislash|1\n|-damage|p2b: Aegislash|0 fnt\n|faint|p2b: Aegislash\n|move|p1b: Sinistcha|Shadow Ball|p2a: Sinistcha\n|-supereffective|p2a: Sinistcha|1\n|-damage|p2a: Sinistcha|18/100\n|-enditem|p2a: Sinistcha|Sitrus Berry|[eat]\n|-heal|p2a: Sinistcha|43/100|[from] item: Sitrus Berry\n|\n|upkeep\n|turn|5\n|-message|Ivanchur forfeited.\n|\n|win|Gujssnsb\n|raw|Gujssnsb's rating: 1000 &rarr; <strong>1045</strong><br />(+45 for winning)\n|raw|Ivanchur's rating: 1048 &rarr; <strong>1028</strong><br />(-20 for losing)\n|l|\u2606Ivanchur\n|player|p2|\n",
  "uploadtime": 1776106263,
  "views": 21,
  "formatid": "gen9championsvgc2026regma",
  "rating": 1028,
  "private": 0,
  "password": null
}