{
  "id": "gen9championsvgc2026regma-2583008550",
  "format": "[Gen 9 Champions] VGC 2026 Reg M-A",
  "players": [
    "kroomfy",
    "dawg0fwar"
  ],
  "log": "|j|\u2606kroomfy\n|j|\u2606dawg0fwar\n|t:|1776132914\n|gametype|doubles\n|player|p1|kroomfy|miku-ice|1000\n|player|p2|dawg0fwar|wallace|1015\n|gen|9\n|tier|[Gen 9 Champions] VGC 2026 Reg M-A\n|rated|\n|rule|Species Clause: Limit one of each Pok\u00e9mon\n|rule|Item Clause: Limit 1 of each item\n|clearpoke\n|poke|p1|Meganium, L50, M|\n|poke|p1|Pelipper, L50, F|\n|poke|p1|Basculegion, L50, M|\n|poke|p1|Archaludon, L50, F|\n|poke|p1|Dragonite, L50, F|\n|poke|p1|Incineroar, L50, M|\n|poke|p2|Drampa, L50, M|\n|poke|p2|Farigiraf, L50, F|\n|poke|p2|Sneasler, L50, F|\n|poke|p2|Incineroar, L50, M|\n|poke|p2|Kingambit, L50, M|\n|poke|p2|Sinistcha, L50|\n|teampreview|4\n|inactive|Battle timer is ON: inactive players will automatically lose when time's up. (requested by kroomfy)\n|inactive|kroomfy has 60 seconds left.\n|\n|t:|1776132944\n|teamsize|p1|4\n|teamsize|p2|4\n|start\n|switch|p1a: Pelipper|Pelipper, L50, F|100/100\n|switch|p1b: Incineroar|Incineroar, L50, M|100/100\n|switch|p2a: Farigiraf|Farigiraf, L50, F, shiny|100/100\n|switch|p2b: Sneasler|Sneasler, L50, F, shiny|100/100\n|-weather|RainDance|[from] ability: Drizzle|[of] p1a: Pelipper\n|-ability|p1b: Incineroar|Intimidate|boost\n|-unboost|p2a: Farigiraf|atk|1\n|-unboost|p2b: Sneasler|atk|1\n|-enditem|p2b: Sneasler|White Herb\n|-clearnegativeboost|p2b: Sneasler|[silent]\n|turn|1\n|\n|t:|1776132966\n|switch|p1b: Basculegion|Basculegion, L50, M|100/100\n|move|p2b: Sneasler|Fake Out|p1b: Basculegion\n|-immune|p1b: Basculegion\n|move|p1a: Pelipper|Tailwind|p1a: Pelipper\n|-sidestart|p1: kroomfy|move: Tailwind\n|move|p2a: Farigiraf|Trick Room|p2a: Farigiraf\n|-fieldstart|move: Trick Room|[of] p2a: Farigiraf\n|\n|-weather|RainDance|[upkeep]\n|upkeep\n|turn|2\n|inactive|kroomfy has 30 seconds left.\n|inactive|dawg0fwar has 30 seconds left.\n|\n|t:|1776132997\n|move|p1a: Pelipper|Protect|p1a: Pelipper\n|-singleturn|p1a: Pelipper|Protect\n|move|p2a: Farigiraf|Psychic|p1b: Basculegion\n|-damage|p1b: Basculegion|56/100\n|move|p2b: Sneasler|Dire Claw|p1b: Basculegion\n|-resisted|p1b: Basculegion|1\n|-crit|p1b: Basculegion\n|-damage|p1b: Basculegion|14/100\n|-status|p1b: Basculegion|par\n|cant|p1b: Basculegion|par\n|\n|-weather|RainDance|[upkeep]\n|upkeep\n|turn|3\n|inactive|dawg0fwar has 30 seconds left.\n|inactive|dawg0fwar has 20 seconds left.\n|\n|t:|1776133037\n|switch|p1a: Incineroar|Incineroar, L50, M|100/100\n|-ability|p1a: Incineroar|Intimidate|boost\n|-unboost|p2a: Farigiraf|atk|1\n|-unboost|p2b: Sneasler|atk|1\n|move|p2a: Farigiraf|Hyper Voice|p1a: Incineroar|[spread] p1a\n|-immune|p1b: Basculegion\n|-damage|p1a: Incineroar|74/100\n|move|p1b: Basculegion|Last Respects|p2b: Sneasler\n|-damage|p2b: Sneasler|55/100\n|move|p2b: Sneasler|Dire Claw|p1a: Incineroar\n|-damage|p1a: Incineroar|45/100\n|\n|-weather|RainDance|[upkeep]\n|upkeep\n|turn|4\n|inactive|kroomfy has 30 seconds left.\n|inactive|dawg0fwar has 30 seconds left.\n|inactive|kroomfy has 20 seconds left.\n|inactive|dawg0fwar has 20 seconds left.\n|\n|t:|1776133076\n|switch|p2a: Sinistcha|Sinistcha, L50, shiny|100/100\n|-heal|p2b: Sneasler|79/100|[from] ability: Hospitality|[of] p2a: Sinistcha\n|move|p1a: Incineroar|Protect|p1a: Incineroar\n|-singleturn|p1a: Incineroar|Protect\n|move|p1b: Basculegion|Last Respects|p2b: Sneasler\n|-damage|p2b: Sneasler|37/100\n|move|p2b: Sneasler|Dire Claw|p1b: Basculegion\n|-resisted|p1b: Basculegion|1\n|-damage|p1b: Basculegion|0 fnt\n|faint|p1b: Basculegion\n|\n|-weather|RainDance|[upkeep]\n|-sideend|p1: kroomfy|move: Tailwind\n|upkeep\n|\n|t:|1776133091\n|switch|p1b: Meganium|Meganium, L50, M|100/100\n|turn|5\n|inactive|dawg0fwar has 30 seconds left.\n|inactive|dawg0fwar has 20 seconds left.\n|\n|t:|1776133131\n|switch|p2a: Drampa|Drampa, L50, M, shiny|100/100\n|-ability|p2a: Drampa|Cloud Nine\n|move|p1b: Meganium|Protect|p1b: Meganium\n|-singleturn|p1b: Meganium|Protect\n|move|p1a: Incineroar|Flare Blitz|p2b: Sneasler\n|-damage|p2b: Sneasler|0 fnt\n|faint|p2b: Sneasler\n|-damage|p1a: Incineroar|36/100|[from] Recoil\n|\n|-weather|none\n|-fieldend|move: Trick Room\n|upkeep\n|\n|t:|1776133146\n|switch|p2b: Farigiraf|Farigiraf, L50, F, shiny|100/100\n|turn|6\n|\n|t:|1776133169\n|detailschange|p1b: Meganium|Meganium-Mega, L50, M\n|-mega|p1b: Meganium|Meganium|Meganiumite\n|detailschange|p2a: Drampa|Drampa-Mega, L50, M, shiny\n|-mega|p2a: Drampa|Drampa|Drampanite\n|move|p1b: Meganium|Dazzling Gleam|p2b: Farigiraf|[spread] p2a,p2b\n|-supereffective|p2a: Drampa|1\n|-damage|p2a: Drampa|48/100\n|-damage|p2b: Farigiraf|73/100\n|-ability|p2a: Drampa|Berserk|boost\n|-boost|p2a: Drampa|spa|1\n|move|p1a: Incineroar|Parting Shot|p2a: Drampa\n|-unboost|p2a: Drampa|atk|1\n|-unboost|p2a: Drampa|spa|1\n|\n|t:|1776133190\n|switch|p1a: Pelipper|Pelipper, L50, F|100/100|[from] Parting Shot\n|-weather|RainDance|[from] ability: Drizzle|[of] p1a: Pelipper\n|move|p2b: Farigiraf|Hyper Voice|p1b: Meganium|[spread] p1a,p1b\n|-damage|p1a: Pelipper|63/100\n|-damage|p1b: Meganium|74/100\n|move|p2a: Drampa|Earth Power|p1b: Meganium\n|-resisted|p1b: Meganium|1\n|-damage|p1b: Meganium|57/100\n|\n|-weather|RainDance|[upkeep]\n|-heal|p2b: Farigiraf|79/100|[from] item: Leftovers\n|upkeep\n|turn|7\n|inactive|kroomfy has 30 seconds left.\n|inactive|kroomfy has 20 seconds left.\n|\n|t:|1776133225\n|move|p2a: Drampa|Protect|p2a: Drampa\n|-singleturn|p2a: Drampa|Protect\n|move|p1b: Meganium|Solar Beam||[still]\n|-prepare|p1b: Meganium|Solar Beam\n|-activate|p1b: Meganium|ability: Mega Sol\n|-anim|p1b: Meganium|Solar Beam|p2b: Farigiraf\n|-damage|p2b: Farigiraf|21/100\n|move|p1a: Pelipper|Hurricane|p2b: Farigiraf\n|-damage|p2b: Farigiraf|0 fnt\n|faint|p2b: Farigiraf\n|\n|-weather|RainDance|[upkeep]\n|upkeep\n|\n|t:|1776133239\n|switch|p2b: Sinistcha|Sinistcha, L50, shiny|100/100\n|-heal|p2a: Drampa|72/100|[from] ability: Hospitality|[of] p2b: Sinistcha\n|turn|8\n|\n|t:|1776133256\n|move|p1b: Meganium|Protect|p1b: Meganium\n|-singleturn|p1b: Meganium|Protect\n|move|p1a: Pelipper|Hurricane|p2b: Sinistcha\n|-supereffective|p2b: Sinistcha|1\n|-damage|p2b: Sinistcha|12/100\n|-enditem|p2b: Sinistcha|Sitrus Berry|[eat]\n|-heal|p2b: Sinistcha|36/100|[from] item: Sitrus Berry\n|move|p2b: Sinistcha|Matcha Gotcha|p1b: Meganium|[spread] p1a\n|-activate|p1b: Meganium|move: Protect\n|-damage|p1a: Pelipper|25/100\n|-heal|p2b: Sinistcha|53/100|[from] drain|[of] p1a: Pelipper\n|move|p2a: Drampa|Draco Meteor|p1b: Meganium\n|-activate|p1b: Meganium|move: Protect\n|\n|-weather|RainDance|[upkeep]\n|upkeep\n|turn|9\n|inactive|dawg0fwar has 30 seconds left.\n|\n|t:|1776133286\n|move|p2a: Drampa|Protect|p2a: Drampa\n|-singleturn|p2a: Drampa|Protect\n|move|p1b: Meganium|Dazzling Gleam|p2b: Sinistcha|[spread] p2b\n|-activate|p2a: Drampa|move: Protect\n|-damage|p2b: Sinistcha|16/100\n|move|p1a: Pelipper|Tailwind|p1a: Pelipper\n|-sidestart|p1: kroomfy|move: Tailwind\n|move|p2b: Sinistcha|Hex|p1b: Meganium\n|-damage|p1b: Meganium|25/100\n|\n|-weather|RainDance|[upkeep]\n|upkeep\n|turn|10\n|\n|t:|1776133311\n|move|p1b: Meganium|Dazzling Gleam|p2a: Drampa|[spread] p2a,p2b\n|-supereffective|p2a: Drampa|1\n|-crit|p2b: Sinistcha\n|-damage|p2a: Drampa|13/100\n|-damage|p2b: Sinistcha|0 fnt\n|faint|p2b: Sinistcha\n|-ability|p2a: Drampa|Berserk|boost\n|-boost|p2a: Drampa|spa|1\n|move|p1a: Pelipper|Hurricane|p2a: Drampa\n|-damage|p2a: Drampa|0 fnt\n|faint|p2a: Drampa\n|\n|win|kroomfy\n|raw|kroomfy's rating: 1000 &rarr; <strong>1042</strong><br />(+42 for winning)\n|raw|dawg0fwar's rating: 1015 &rarr; <strong>1002</strong><br />(-13 for losing)\n|c|\u2606kroomfy|gg\n|l|\u2606dawg0fwar\n|player|p2|\n",
  "uploadtime": 1776133328,
  "views": 20,
  "formatid": "gen9championsvgc2026regma",
  "rating": 1002,
  "private": 0,
  "password": null
}