{
  "id": "gen9championsvgc2026regma-2583000883",
  "format": "[Gen 9 Champions] VGC 2026 Reg M-A",
  "players": [
    "goku s0los",
    "vegemite360"
  ],
  "log": "|j|\u2606goku s0los\n|j|\u2606vegemite360\n|t:|1776132234\n|gametype|doubles\n|player|p1|goku s0los|2|1227\n|player|p2|vegemite360|bugcatcher-gen4dp|1285\n|gen|9\n|tier|[Gen 9 Champions] VGC 2026 Reg M-A\n|rated|\n|rule|Species Clause: Limit one of each Pok\u00e9mon\n|rule|Item Clause: Limit 1 of each item\n|clearpoke\n|poke|p1|Charizard, L50, F|\n|poke|p1|Typhlosion-Hisui, L50, F|\n|poke|p1|Venusaur, L50, M|\n|poke|p1|Farigiraf, L50, M|\n|poke|p1|Froslass, L50, F|\n|poke|p1|Kommo-o, L50, F|\n|poke|p2|Crabominable, L50, F|\n|poke|p2|Primarina, L50, F|\n|poke|p2|Armarouge, L50, F|\n|poke|p2|Drampa, L50, F|\n|poke|p2|Sinistcha, L50|\n|poke|p2|Incineroar, L50, M|\n|teampreview|4\n|inactive|Battle timer is ON: inactive players will automatically lose when time's up. (requested by vegemite360)\n|inactive|goku s0los has 60 seconds left.\n|inactive|vegemite360 has 60 seconds left.\n|\n|t:|1776132286\n|teamsize|p1|4\n|teamsize|p2|4\n|start\n|switch|p1a: Charizard|Charizard, L50, F, shiny|100/100\n|switch|p1b: Typhlosion|Typhlosion-Hisui, L50, F|100/100\n|switch|p2a: Incineroar|Incineroar, L50, M|100/100\n|switch|p2b: Armarouge|Armarouge, L50, F|100/100\n|-ability|p2a: Incineroar|Intimidate|boost\n|-unboost|p1a: Charizard|atk|1\n|-unboost|p1b: Typhlosion|atk|1\n|turn|1\n|\n|t:|1776132308\n|detailschange|p1a: Charizard|Charizard-Mega-Y, L50, F, shiny\n|-mega|p1a: Charizard|Charizard|Charizardite Y\n|-weather|SunnyDay|[from] ability: Drought|[of] p1a: Charizard\n|move|p1a: Charizard|Protect|p1a: Charizard\n|-singleturn|p1a: Charizard|Protect\n|move|p2a: Incineroar|Fake Out|p1a: Charizard\n|-activate|p1a: Charizard|move: Protect\n|move|p1b: Typhlosion|Shadow Ball|p2b: Armarouge\n|-supereffective|p2b: Armarouge|1\n|-damage|p2b: Armarouge|16/100\n|move|p2b: Armarouge|Trick Room|p2b: Armarouge\n|-fieldstart|move: Trick Room|[of] p2b: Armarouge\n|\n|-weather|SunnyDay|[upkeep]\n|upkeep\n|turn|2\n|inactive|goku s0los has 30 seconds left.\n|inactive|vegemite360 has 30 seconds left.\n|inactive|goku s0los has 20 seconds left.\n|inactive|vegemite360 has 20 seconds left.\n|\n|t:|1776132346\n|switch|p1b: Farigiraf|Farigiraf, L50, M|100/100\n|move|p2a: Incineroar|Parting Shot|p1a: Charizard\n|-unboost|p1a: Charizard|atk|1\n|-unboost|p1a: Charizard|spa|1\n|\n|t:|1776132351\n|switch|p2a: Crabominable|Crabominable, L50, F|100/100|[from] Parting Shot\n|move|p2b: Armarouge|Armor Cannon|p1a: Charizard\n|-resisted|p1a: Charizard|1\n|-damage|p1a: Charizard|52/100\n|-unboost|p2b: Armarouge|def|1\n|-unboost|p2b: Armarouge|spd|1\n|-enditem|p2b: Armarouge|White Herb\n|-clearnegativeboost|p2b: Armarouge|[silent]\n|move|p1a: Charizard|Focus Blast|p2a: Crabominable\n|-supereffective|p2a: Crabominable|1\n|-damage|p2a: Crabominable|23/100\n|\n|-weather|SunnyDay|[upkeep]\n|upkeep\n|turn|3\n|inactive|goku s0los has 30 seconds left.\n|inactive|vegemite360 has 30 seconds left.\n|\n|t:|1776132386\n|detailschange|p2a: Crabominable|Crabominable-Mega, L50, F\n|-mega|p2a: Crabominable|Crabominable|Crabominite\n|move|p1a: Charizard|Protect|p1a: Charizard\n|-singleturn|p1a: Charizard|Protect\n|move|p2a: Crabominable|Ice Hammer|p1b: Farigiraf\n|-damage|p1b: Farigiraf|8/100\n|-unboost|p2a: Crabominable|spe|1\n|move|p2b: Armarouge|Armor Cannon|p1b: Farigiraf\n|-crit|p1b: Farigiraf\n|-damage|p1b: Farigiraf|0 fnt\n|-unboost|p2b: Armarouge|def|1\n|-unboost|p2b: Armarouge|spd|1\n|faint|p1b: Farigiraf\n|\n|-weather|SunnyDay|[upkeep]\n|upkeep\n|\n|t:|1776132405\n|switch|p1b: Venusaur|Venusaur, L50, M|100/100\n|turn|4\n|\n|t:|1776132416\n|move|p2a: Crabominable|Ice Hammer|p1a: Charizard|[miss]\n|-miss|p2a: Crabominable|p1a: Charizard\n|move|p2b: Armarouge|Armor Cannon|p1b: Venusaur\n|-supereffective|p1b: Venusaur|1\n|-damage|p1b: Venusaur|0 fnt\n|-unboost|p2b: Armarouge|def|1\n|-unboost|p2b: Armarouge|spd|1\n|faint|p1b: Venusaur\n|move|p1a: Charizard|Focus Blast|p2a: Crabominable\n|-supereffective|p2a: Crabominable|1\n|-damage|p2a: Crabominable|0 fnt\n|faint|p2a: Crabominable\n|\n|-weather|SunnyDay|[upkeep]\n|upkeep\n|\n|t:|1776132428\n|switch|p2a: Drampa|Drampa, L50, F|100/100\n|switch|p1b: Typhlosion|Typhlosion-Hisui, L50, F|100/100\n|-ability|p2a: Drampa|Cloud Nine\n|turn|5\n|inactive|goku s0los has 30 seconds left.\n|\n|t:|1776132455\n|move|p2a: Drampa|Earth Power|p1b: Typhlosion\n|-supereffective|p1b: Typhlosion|1\n|-damage|p1b: Typhlosion|11/100\n|move|p2b: Armarouge|Psyshock|p1b: Typhlosion\n|-damage|p1b: Typhlosion|0 fnt\n|faint|p1b: Typhlosion\n|move|p1a: Charizard|Focus Blast|p2a: Drampa\n|-supereffective|p2a: Drampa|1\n|-damage|p2a: Drampa|30/100\n|\n|-weather|none\n|-fieldend|move: Trick Room\n|upkeep\n|turn|6\n|\n|t:|1776132479\n|move|p1a: Charizard|Focus Blast|p2a: Drampa|[miss]\n|-miss|p1a: Charizard|p2a: Drampa\n|move|p2a: Drampa|Hyper Voice|p1a: Charizard\n|-damage|p1a: Charizard|0 fnt\n|faint|p1a: Charizard\n|\n|win|vegemite360\n|raw|goku s0los's rating: 1227 &rarr; <strong>1206</strong><br />(-21 for losing)\n|raw|vegemite360's rating: 1285 &rarr; <strong>1306</strong><br />(+21 for winning)\n",
  "uploadtime": 1776132485,
  "views": 20,
  "formatid": "gen9championsvgc2026regma",
  "rating": 1206,
  "private": 0,
  "password": null
}