{
  "id": "gen9championsvgc2026regma-2588195181",
  "format": "[Gen 9 Champions] VGC 2026 Reg M-A",
  "players": [
    "Soniimarx",
    "Vortex-invisible"
  ],
  "log": "|j|\u2606Soniimarx\n|j|\u2606Vortex-invisible\n|t:|1776613361\n|gametype|doubles\n|player|p1|Soniimarx|265|1135\n|player|p2|Vortex-invisible|marnie-league|1157\n|gen|9\n|tier|[Gen 9 Champions] VGC 2026 Reg M-A\n|rated|\n|rule|Species Clause: Limit one of each Pok\u00e9mon\n|rule|Item Clause: Limit 1 of each item\n|clearpoke\n|poke|p1|Farigiraf, L50, M|\n|poke|p1|Delphox, L50, M|\n|poke|p1|Kingambit, L50, F|\n|poke|p1|Arcanine-Hisui, L50, M|\n|poke|p1|Aerodactyl, L50, F|\n|poke|p1|Palafin, L50, M|\n|poke|p2|Charizard, L50, F|\n|poke|p2|Heliolisk, L50, M|\n|poke|p2|Venusaur, L50, F|\n|poke|p2|Garchomp, L50, F|\n|poke|p2|Typhlosion-Hisui, L50, F|\n|poke|p2|Whimsicott, L50, M|\n|teampreview|4\n|inactive|Battle timer is ON: inactive players will automatically lose when time's up. (requested by Soniimarx)\n|inactive|Vortex-invisible also wants the timer to be on.\n|\n|t:|1776613381\n|teamsize|p1|4\n|teamsize|p2|4\n|start\n|switch|p1a: Farigiraf|Farigiraf, L50, M|100/100\n|switch|p1b: Palafin|Palafin, L50, M|100/100\n|switch|p2a: Charizard|Charizard, L50, F|100/100\n|switch|p2b: Heliolisk|Heliolisk, L50, M|100/100\n|turn|1\n|\n|t:|1776613395\n|detailschange|p2a: Charizard|Charizard-Mega-Y, L50, F\n|-mega|p2a: Charizard|Charizard|Charizardite Y\n|-weather|SunnyDay|[from] ability: Drought|[of] p2a: Charizard\n|move|p2b: Heliolisk|Thunderbolt|p1a: Farigiraf\n|-damage|p1a: Farigiraf|30/100\n|-enditem|p1a: Farigiraf|Sitrus Berry|[eat]\n|-heal|p1a: Farigiraf|55/100|[from] item: Sitrus Berry\n|move|p2a: Charizard|Overheat|p1a: Farigiraf\n|-damage|p1a: Farigiraf|0 fnt\n|-unboost|p2a: Charizard|spa|2\n|faint|p1a: Farigiraf\n|move|p1b: Palafin|Flip Turn|p2a: Charizard\n|-supereffective|p2a: Charizard|1\n|-damage|p2a: Charizard|60/100\n|\n|t:|1776613413\n|detailschange|p1b: Palafin|Palafin-Hero, L50, M\n|switch|p1b: Arcanine|Arcanine-Hisui, L50, M|100/100|[from] Flip Turn\n|\n|-weather|SunnyDay|[upkeep]\n|-damage|p2b: Heliolisk|88/100|[from] ability: Solar Power|[of] p2b: Heliolisk\n|upkeep\n|\n|t:|1776613420\n|switch|p1a: Palafin|Palafin-Hero, L50, M|100/100\n|-activate|p1a: Palafin|ability: Zero to Hero\n|turn|2\n|\n|t:|1776613441\n|switch|p2a: Garchomp|Garchomp, L50, F|100/100\n|move|p1a: Palafin|Jet Punch|p2a: Garchomp\n|-damage|p2a: Garchomp|74/100\n|-damage|p1a: Palafin|88/100|[from] ability: Rough Skin|[of] p2a: Garchomp\n|move|p2b: Heliolisk|Thunderbolt|p1a: Palafin\n|-supereffective|p1a: Palafin|1\n|-damage|p1a: Palafin|0 fnt\n|faint|p1a: Palafin\n|move|p1b: Arcanine|Head Smash|p2a: Garchomp\n|-resisted|p2a: Garchomp|1\n|-damage|p2a: Garchomp|38/100\n|-damage|p1b: Arcanine|88/100|[from] ability: Rough Skin|[of] p2a: Garchomp\n|\n|-weather|SunnyDay|[upkeep]\n|-damage|p2b: Heliolisk|76/100|[from] ability: Solar Power|[of] p2b: Heliolisk\n|upkeep\n|\n|t:|1776613458\n|switch|p1a: Delphox|Delphox, L50, M|100/100\n|turn|3\n|inactive|Vortex-invisible has 30 seconds left.\n|\n|t:|1776613486\n|detailschange|p1a: Delphox|Delphox-Mega, L50, M\n|-mega|p1a: Delphox|Delphox|Delphoxite\n|move|p2b: Heliolisk|Thunderbolt|p1a: Delphox\n|-damage|p1a: Delphox|35/100\n|move|p1a: Delphox|Fire Blast|p2a: Garchomp\n|-resisted|p2a: Garchomp|1\n|-damage|p2a: Garchomp|0 fnt\n|faint|p2a: Garchomp\n|move|p1b: Arcanine|Close Combat|p2b: Heliolisk\n|-supereffective|p2b: Heliolisk|1\n|-damage|p2b: Heliolisk|0 fnt\n|-unboost|p1b: Arcanine|def|1\n|-unboost|p1b: Arcanine|spd|1\n|faint|p2b: Heliolisk\n|\n|-weather|SunnyDay|[upkeep]\n|upkeep\n|\n|t:|1776613494\n|switch|p2a: Venusaur|Venusaur, L50, F|100/100\n|switch|p2b: Charizard|Charizard-Mega-Y, L50, F|60/100\n|turn|4\n|inactive|Soniimarx has 30 seconds left.\n|\n|t:|1776613522\n|move|p1b: Arcanine|Extreme Speed|p2b: Charizard\n|-damage|p2b: Charizard|22/100\n|move|p2a: Venusaur|Sleep Powder|p1a: Delphox\n|-status|p1a: Delphox|slp|[from] move: Sleep Powder\n|cant|p1a: Delphox|slp\n|move|p2b: Charizard|Solar Beam||[still]\n|-prepare|p2b: Charizard|Solar Beam\n|-anim|p2b: Charizard|Solar Beam|p1b: Arcanine\n|-damage|p1b: Arcanine|2/100\n|\n|-weather|SunnyDay|[upkeep]\n|upkeep\n|turn|5\n|inactive|Soniimarx has 30 seconds left.\n|\n|t:|1776613550\n|move|p1b: Arcanine|Extreme Speed|p2b: Charizard\n|-damage|p2b: Charizard|0 fnt\n|faint|p2b: Charizard\n|move|p2a: Venusaur|Sludge Bomb|p1a: Delphox\n|-damage|p1a: Delphox|0 fnt\n|faint|p1a: Delphox\n|\n|-weather|none\n|upkeep\n|turn|6\n|\n|t:|1776613561\n|move|p2a: Venusaur|Sludge Bomb|p1b: Arcanine\n|-resisted|p1b: Arcanine|1\n|-damage|p1b: Arcanine|0 fnt\n|faint|p1b: Arcanine\n|\n|win|Vortex-invisible\n|raw|Soniimarx's rating: 1135 &rarr; <strong>1112</strong><br />(-23 for losing)\n|raw|Vortex-invisible's rating: 1157 &rarr; <strong>1180</strong><br />(+23 for winning)\n|l|\u2606Soniimarx\n|player|p1|\n",
  "uploadtime": 1776613630,
  "views": 16,
  "formatid": "gen9championsvgc2026regma",
  "rating": 1112,
  "private": 0,
  "password": null
}