{
  "id": "gen9championsvgc2026regma-2586589542",
  "format": "[Gen 9 Champions] VGC 2026 Reg M-A",
  "players": [
    "Maaaaple",
    "farigiraptor"
  ],
  "log": "|j|\u2606Maaaaple\n|j|\u203dfarigiraptor\n|t:|1776445205\n|gametype|doubles\n|player|p1|Maaaaple|266|1085\n|player|p2|farigiraptor|170|1086\n|gen|9\n|tier|[Gen 9 Champions] VGC 2026 Reg M-A\n|rated|\n|rule|Species Clause: Limit one of each Pok\u00e9mon\n|rule|Item Clause: Limit 1 of each item\n|clearpoke\n|poke|p1|Garchomp, L50, F|\n|poke|p1|Basculegion, L50, M|\n|poke|p1|Sneasler, L50, F|\n|poke|p1|Kingambit, L50, M|\n|poke|p1|Froslass, L50, F|\n|poke|p1|Floette-Eternal, L50, F|\n|poke|p2|Charizard, L50, M|\n|poke|p2|Venusaur, L50, F|\n|poke|p2|Garchomp, L50, F|\n|poke|p2|Torkoal, L50, M|\n|poke|p2|Armarouge, L50, M|\n|poke|p2|Farigiraf, L50, F|\n|teampreview|4\n|\n|t:|1776445257\n|teamsize|p1|4\n|teamsize|p2|4\n|start\n|switch|p1a: Sneasler|Sneasler, L50, F|100/100\n|switch|p1b: Froslass|Froslass, L50, F|100/100\n|switch|p2a: Charizard|Charizard, L50, M, shiny|100/100\n|switch|p2b: Garchomp|Garchomp, L50, F|100/100\n|turn|1\n|\n|t:|1776445282\n|switch|p2b: Farigiraf|Farigiraf, L50, F, shiny|100/100\n|detailschange|p1b: Froslass|Froslass-Mega, L50, F\n|-mega|p1b: Froslass|Froslass|Froslassite\n|-weather|Snowscape|[from] ability: Snow Warning|[of] p1b: Froslass\n|detailschange|p2a: Charizard|Charizard-Mega-Y, L50, M, shiny\n|-mega|p2a: Charizard|Charizard|Charizardite Y\n|-weather|SunnyDay|[from] ability: Drought|[of] p2a: Charizard\n|move|p1a: Sneasler|Fake Out||[still]\n|cant|p2b: Farigiraf|ability: Armor Tail|Fake Out|[of] p1a: Sneasler\n|move|p1b: Froslass|Blizzard|p2b: Farigiraf|[spread] p2b\n|-miss|p1b: Froslass|p2a: Charizard\n|-damage|p2b: Farigiraf|63/100\n|move|p2a: Charizard|Heat Wave|p1b: Froslass|[spread] p1a,p1b\n|-supereffective|p1b: Froslass|1\n|-crit|p1b: Froslass\n|-damage|p1a: Sneasler|8/100\n|-damage|p1b: Froslass|0 fnt\n|faint|p1b: Froslass\n|\n|-weather|SunnyDay|[upkeep]\n|upkeep\n|\n|t:|1776445307\n|switch|p1b: Basculegion|Basculegion, L50, M|100/100\n|turn|2\n|\n|t:|1776445328\n|move|p2a: Charizard|Protect|p2a: Charizard\n|-singleturn|p2a: Charizard|Protect\n|move|p1a: Sneasler|Dire Claw|p2a: Charizard\n|-activate|p2a: Charizard|move: Protect\n|move|p1b: Basculegion|Liquidation|p2a: Charizard\n|-activate|p2a: Charizard|move: Protect\n|move|p2b: Farigiraf|Psychic|p1a: Sneasler\n|-supereffective|p1a: Sneasler|2\n|-damage|p1a: Sneasler|0 fnt\n|faint|p1a: Sneasler\n|\n|-weather|SunnyDay|[upkeep]\n|upkeep\n|\n|t:|1776445331\n|switch|p1a: Garchomp|Garchomp, L50, F|100/100\n|turn|3\n|\n|t:|1776445340\n|move|p2b: Farigiraf|Helping Hand|p2a: Charizard\n|-singleturn|p2a: Charizard|Helping Hand|[of] p2b: Farigiraf\n|move|p1a: Garchomp|Rock Slide|p2b: Farigiraf|[spread] p2a,p2b\n|-supereffective|p2a: Charizard|2\n|-damage|p2a: Charizard|0 fnt\n|-damage|p2b: Farigiraf|46/100\n|-enditem|p2b: Farigiraf|Sitrus Berry|[eat]\n|-heal|p2b: Farigiraf|71/100|[from] item: Sitrus Berry\n|faint|p2a: Charizard\n|move|p1b: Basculegion|Liquidation|p2b: Farigiraf\n|-damage|p2b: Farigiraf|46/100\n|\n|-weather|SunnyDay|[upkeep]\n|upkeep\n|\n|t:|1776445346\n|switch|p2a: Venusaur|Venusaur, L50, F|100/100\n|turn|4\n|\n|t:|1776445352\n|move|p2b: Farigiraf|Helping Hand|p2a: Venusaur\n|-singleturn|p2a: Venusaur|Helping Hand|[of] p2b: Farigiraf\n|move|p2a: Venusaur|Solar Beam||[still]\n|-prepare|p2a: Venusaur|Solar Beam\n|-anim|p2a: Venusaur|Solar Beam|p1b: Basculegion\n|-supereffective|p1b: Basculegion|1\n|-enditem|p1b: Basculegion|Focus Sash\n|-damage|p1b: Basculegion|1/100\n|move|p1a: Garchomp|Rock Slide|p2a: Venusaur|[spread] p2b\n|-miss|p1a: Garchomp|p2a: Venusaur\n|-damage|p2b: Farigiraf|29/100\n|move|p1b: Basculegion|Last Respects|p2a: Venusaur\n|-damage|p2a: Venusaur|0 fnt\n|faint|p2a: Venusaur\n|\n|-weather|SunnyDay|[upkeep]\n|upkeep\n|\n|t:|1776445355\n|switch|p2a: Garchomp|Garchomp, L50, F|100/100\n|turn|5\n|\n|t:|1776445378\n|move|p2b: Farigiraf|Protect|p2b: Farigiraf\n|-singleturn|p2b: Farigiraf|Protect\n|move|p2a: Garchomp|Earthquake|p1b: Basculegion|[spread] p1a,p1b\n|-activate|p2b: Farigiraf|move: Protect\n|-damage|p1a: Garchomp|64/100\n|-damage|p1b: Basculegion|0 fnt\n|faint|p1b: Basculegion\n|move|p1a: Garchomp|Dragon Claw|p2a: Garchomp\n|-supereffective|p2a: Garchomp|1\n|-damage|p2a: Garchomp|18/100\n|-damage|p1a: Garchomp|52/100|[from] ability: Rough Skin|[of] p2a: Garchomp\n|\n|-weather|none\n|upkeep\n|turn|6\n|\n|t:|1776445397\n|move|p2b: Farigiraf|Helping Hand|p2a: Garchomp\n|-singleturn|p2a: Garchomp|Helping Hand|[of] p2b: Farigiraf\n|move|p1a: Garchomp|Protect|p1a: Garchomp\n|-singleturn|p1a: Garchomp|Protect\n|move|p2a: Garchomp|Earthquake|p1a: Garchomp|[spread] p2b\n|-activate|p1a: Garchomp|move: Protect\n|-damage|p2b: Farigiraf|0 fnt\n|faint|p2b: Farigiraf\n|\n|upkeep\n|turn|7\n|\n|t:|1776445408\n|move|p2a: Garchomp|Earthquake|p1a: Garchomp\n|-damage|p1a: Garchomp|8/100\n|-enditem|p1a: Garchomp|Sitrus Berry|[eat]\n|-heal|p1a: Garchomp|32/100|[from] item: Sitrus Berry\n|move|p1a: Garchomp|Dragon Claw|p2a: Garchomp\n|-supereffective|p2a: Garchomp|1\n|-damage|p2a: Garchomp|0 fnt\n|-damage|p1a: Garchomp|20/100|[from] ability: Rough Skin|[of] p2a: Garchomp\n|faint|p2a: Garchomp\n|\n|win|Maaaaple\n|raw|Maaaaple's rating: 1085 &rarr; <strong>1112</strong><br />(+27 for winning)\n|raw|farigiraptor's rating: 1086 &rarr; <strong>1063</strong><br />(-23 for losing)\n|l|\u203dfarigiraptor\n|player|p2|\n",
  "uploadtime": 1776445420,
  "views": 22,
  "formatid": "gen9championsvgc2026regma",
  "rating": 1063,
  "private": 0,
  "password": null
}