{
  "id": "gen9championsvgc2026regma-2588868298",
  "format": "[Gen 9 Champions] VGC 2026 Reg M-A",
  "players": [
    "Idkanygoodteams1",
    "CTGLDOISBACKW"
  ],
  "log": "|j|\u2606Idkanygoodteams1\n|j|\u2606CTGLDOISBACKW\n|html|<table width=\"100%\"><tr><td align=\"left\">Idkanygoodteams1</td><td align=\"right\">CTGLDOISBACKW</tr><tr><td align=\"left\"><i class=\"fa fa-circle-o\"></i> <i class=\"fa fa-circle-o\"></i> </td><td align=\"right\"><i class=\"fa fa-circle-o\"></i> <i class=\"fa fa-circle-o\"></i> </tr></table>\n|uhtml|bestof|<h2><strong>Game 1</strong> of <a href=\"/game-bestof3-gen9championsvgc2026regma-2588868297\">a best-of-3</a></h2>\n|t:|1776680489\n|gametype|doubles\n|player|p1|Idkanygoodteams1|unknown|\n|player|p2|CTGLDOISBACKW|101|\n|gen|9\n|tier|[Gen 9 Champions] VGC 2026 Reg M-A\n|rule|Species Clause: Limit one of each Pok\u00e9mon\n|rule|Item Clause: Limit 1 of each item\n|raw|<div class=\"infobox\"><details class=\"readmore\" open><summary><strong>1 custom rule:</strong></summary> Best of = 3</details></div>\n|clearpoke\n|poke|p1|Tyranitar, L50, F|\n|poke|p1|Excadrill, L50, F|\n|poke|p1|Meganium, L50, F|\n|poke|p1|Arcanine, L50, M|\n|poke|p1|Gengar, L50, F|\n|poke|p1|Whimsicott, L50, M|\n|poke|p2|Meganium, L50, F|\n|poke|p2|Kingambit, L50, M|\n|poke|p2|Kangaskhan, L50, F|\n|poke|p2|Torkoal, L50, M|\n|poke|p2|Farigiraf, L50, F|\n|poke|p2|Machamp, L50, M|\n|teampreview|4\n|inactive|Battle timer is ON: inactive players will automatically lose when time's up. (requested by Idkanygoodteams1)\nIdkanygoodteams1 has agreed to open team sheets.\n|\n|t:|1776680515\n|teamsize|p1|4\n|teamsize|p2|4\n|start\n|switch|p1a: Whimsicott|Whimsicott, L50, M|100/100\n|switch|p1b: Tyranitar|Tyranitar, L50, F|100/100\n|switch|p2a: Machamp|Machamp, L50, M|100/100\n|switch|p2b: Torkoal|Torkoal, L50, M|100/100\n|-weather|Sandstorm|[from] ability: Sand Stream|[of] p1b: Tyranitar\n|-weather|SunnyDay|[from] ability: Drought|[of] p2b: Torkoal\n|turn|1\n|inactive|CTGLDOISBACKW has 30 seconds left.\n|\n|t:|1776680549\n|move|p1a: Whimsicott|Tailwind|p1a: Whimsicott\n|-sidestart|p1: Idkanygoodteams1|move: Tailwind\n|move|p1b: Tyranitar|Stone Edge|p2b: Torkoal\n|-supereffective|p2b: Torkoal|1\n|-damage|p2b: Torkoal|18/100\n|move|p2a: Machamp|Ice Punch|p1a: Whimsicott\n|-supereffective|p1a: Whimsicott|1\n|-damage|p1a: Whimsicott|22/100\n|move|p2b: Torkoal|Fissure|p1b: Tyranitar|[miss]\n|-miss|p2b: Torkoal|p1b: Tyranitar\n|\n|-weather|SunnyDay|[upkeep]\n|upkeep\n|turn|2\n|inactive|Idkanygoodteams1 has 30 seconds left.\n|\n|t:|1776680581\n|switch|p1b: Excadrill|Excadrill, L50, F|100/100\n|move|p1a: Whimsicott|Encore|p2b: Torkoal\n|-start|p2b: Torkoal|Encore\n|move|p2a: Machamp|Bullet Punch|p1a: Whimsicott\n|-supereffective|p1a: Whimsicott|1\n|-damage|p1a: Whimsicott|0 fnt\n|faint|p1a: Whimsicott\n|move|p2b: Torkoal|Fissure|p1b: Excadrill\n|-damage|p1b: Excadrill|0 fnt\n|faint|p1b: Excadrill\n|-ohko\n|\n|-weather|SunnyDay|[upkeep]\n|upkeep\n|\n|t:|1776680592\n|switch|p1a: Tyranitar|Tyranitar, L50, F|100/100\n|switch|p1b: Gengar|Gengar, L50, F|100/100\n|-weather|Sandstorm|[from] ability: Sand Stream|[of] p1a: Tyranitar\n|turn|3\n|c|\u2606Idkanygoodteams1|ofc\n|\n|t:|1776680614\n|detailschange|p1b: Gengar|Gengar-Mega, L50, F\n|-mega|p1b: Gengar|Gengar|Gengarite\n|move|p1a: Tyranitar|Protect|p1a: Tyranitar\n|-singleturn|p1a: Tyranitar|Protect\n|move|p2a: Machamp|Bullet Punch|p1a: Tyranitar\n|-activate|p1a: Tyranitar|move: Protect\n|move|p1b: Gengar|Shadow Ball|p2a: Machamp\n|-damage|p2a: Machamp|46/100\n|-unboost|p2a: Machamp|spd|1\n|move|p2b: Torkoal|Fissure|p1b: Gengar|[miss]\n|-miss|p2b: Torkoal|p1b: Gengar\n|\n|-weather|Sandstorm|[upkeep]\n|-damage|p1b: Gengar|95/100|[from] Sandstorm\n|-damage|p2a: Machamp|40/100|[from] Sandstorm\n|-damage|p2b: Torkoal|12/100|[from] Sandstorm\n|-heal|p2a: Machamp|46/100|[from] item: Leftovers\n|upkeep\n|turn|4\n|\n|t:|1776680638\n|move|p2a: Machamp|Bullet Punch|p1a: Tyranitar\n|-supereffective|p1a: Tyranitar|1\n|-damage|p1a: Tyranitar|72/100\n|move|p1b: Gengar|Shadow Ball|p2a: Machamp\n|-damage|p2a: Machamp|0 fnt\n|faint|p2a: Machamp\n|move|p1a: Tyranitar|Stomping Tantrum|p2b: Torkoal\n|-supereffective|p2b: Torkoal|1\n|-damage|p2b: Torkoal|0 fnt\n|faint|p2b: Torkoal\n|\n|-weather|Sandstorm|[upkeep]\n|-damage|p1b: Gengar|89/100|[from] Sandstorm\n|-heal|p1a: Tyranitar|78/100|[from] item: Leftovers\n|-sideend|p1: Idkanygoodteams1|move: Tailwind\n|upkeep\n|\n|t:|1776680657\n|switch|p2a: Farigiraf|Farigiraf, L50, F|100/100\n|switch|p2b: Kangaskhan|Kangaskhan, L50, F|100/100\n|turn|5\n|\n|t:|1776680674\n|move|p2b: Kangaskhan|Sucker Punch|p1b: Gengar\n|-supereffective|p1b: Gengar|1\n|-damage|p1b: Gengar|26/100\n|move|p1b: Gengar|Sludge Wave|p2b: Kangaskhan|[spread] p1a,p2a,p2b\n|-resisted|p1a: Tyranitar|1\n|-damage|p1a: Tyranitar|63/100\n|-damage|p2a: Farigiraf|50/100\n|-damage|p2b: Kangaskhan|58/100\n|move|p1a: Tyranitar|Knock Off|p2a: Farigiraf\n|-supereffective|p2a: Farigiraf|1\n|-damage|p2a: Farigiraf|0 fnt\n|-enditem|p2a: Farigiraf|Silk Scarf|[from] move: Knock Off|[of] p1a: Tyranitar\n|faint|p2a: Farigiraf\n|\n|-weather|Sandstorm|[upkeep]\n|-damage|p1b: Gengar|20/100|[from] Sandstorm\n|-damage|p2b: Kangaskhan|52/100|[from] Sandstorm\n|-heal|p1a: Tyranitar|69/100|[from] item: Leftovers\n|upkeep\n|turn|6\n|\n|t:|1776680690\n|move|p1b: Gengar|Protect|p1b: Gengar\n|-singleturn|p1b: Gengar|Protect\n|move|p2b: Kangaskhan|Double-Edge|p1a: Tyranitar\n|-resisted|p1a: Tyranitar|1\n|-damage|p1a: Tyranitar|48/100\n|-damage|p2b: Kangaskhan|46/100|[from] Recoil\n|move|p1a: Tyranitar|Stone Edge|p2b: Kangaskhan\n|-damage|p2b: Kangaskhan|0 fnt\n|faint|p2b: Kangaskhan\n|\n|win|Idkanygoodteams1\n|inactive|Idkanygoodteams1 has 30 seconds to confirm battle start!\n|inactive|CTGLDOISBACKW has 30 seconds to confirm battle start!\n||Idkanygoodteams1 is ready for game 2.\n||CTGLDOISBACKW is ready for game 2.\n|uhtml|next|Next: <a href=\"/battle-gen9championsvgc2026regma-2588870265\"><strong>Game 2 of 3</strong></a>\n|l|\u2606CTGLDOISBACKW\n|player|p2|\n|l|\u2606Idkanygoodteams1\n|player|p1|\n|j|\u2606Idkanygoodteams1\n|player|p1|Idkanygoodteams1|unknown|\n",
  "uploadtime": 1776680954,
  "views": 9,
  "formatid": "gen9championsvgc2026regma",
  "rating": null,
  "private": 0,
  "password": null
}