{
  "id": "gen9championsvgc2026regma-2582114167",
  "format": "[Gen 9 Champions] VGC 2026 Reg M-A",
  "players": [
    "sahabatgomba^_^",
    "ChilemRaen"
  ],
  "log": "|j|\u2606sahabatgomba^_^\n|j|\u2606ChilemRaen\n|t:|1776059696\n|gametype|doubles\n|player|p1|sahabatgomba^_^|1|1299\n|player|p2|ChilemRaen|265|1242\n|gen|9\n|tier|[Gen 9 Champions] VGC 2026 Reg M-A\n|rated|\n|rule|Species Clause: Limit one of each Pok\u00e9mon\n|rule|Item Clause: Limit 1 of each item\n|clearpoke\n|poke|p1|Floette-Eternal, L50, F|\n|poke|p1|Delphox, L50, M|\n|poke|p1|Aerodactyl, L50, M|\n|poke|p1|Incineroar, L50, M|\n|poke|p1|Milotic, L50, F|\n|poke|p1|Garchomp, L50, F|\n|poke|p2|Sneasler, L50, M|\n|poke|p2|Pangoro, L50, F|\n|poke|p2|Sinistcha-Masterpiece, L50|\n|poke|p2|Floette-Eternal, L50, F|\n|poke|p2|Whimsicott, L50, F|\n|poke|p2|Aerodactyl, L50, M|\n|teampreview|4\n|inactive|Battle timer is ON: inactive players will automatically lose when time's up. (requested by sahabatgomba^_^)\n|\n|t:|1776059742\n|teamsize|p1|4\n|teamsize|p2|4\n|start\n|switch|p1a: Aerodactyl|Aerodactyl, L50, M|100/100\n|switch|p1b: Milotic|Milotic, L50, F|100/100\n|switch|p2a: Aerodactyl|Aerodactyl, L50, M|100/100\n|switch|p2b: Pangoro|Pangoro, L50, F|100/100\n|-ability|p1a: Aerodactyl|Unnerve\n|-ability|p2a: Aerodactyl|Unnerve\n|turn|1\n|\n|t:|1776059756\n|move|p2b: Pangoro|Protect|p2b: Pangoro\n|-singleturn|p2b: Pangoro|Protect\n|move|p1a: Aerodactyl|Dual Wingbeat|p2b: Pangoro\n|-activate|p2b: Pangoro|move: Protect\n|move|p2a: Aerodactyl|Rock Slide|p1b: Milotic|[spread] p1a,p1b\n|-supereffective|p1a: Aerodactyl|1\n|-damage|p1a: Aerodactyl|23/100\n|-damage|p1b: Milotic|73/100\n|move|p1b: Milotic|Icy Wind|p2a: Aerodactyl|[spread] p2a\n|-activate|p2b: Pangoro|move: Protect\n|-supereffective|p2a: Aerodactyl|1\n|-damage|p2a: Aerodactyl|73/100\n|-unboost|p2a: Aerodactyl|spe|1\n|\n|upkeep\n|turn|2\n|inactive|sahabatgomba^_^ has 30 seconds left.\n|\n|t:|1776059781\n|switch|p2b: Whimsicott|Whimsicott, L50, F|100/100\n|move|p1a: Aerodactyl|Tailwind|p1a: Aerodactyl\n|-sidestart|p1: sahabatgomba^_^|move: Tailwind\n|move|p1b: Milotic|Scald|p2a: Aerodactyl\n|-supereffective|p2a: Aerodactyl|1\n|-damage|p2a: Aerodactyl|0 fnt\n|faint|p2a: Aerodactyl\n|\n|upkeep\n|\n|t:|1776059788\n|switch|p2a: Floette|Floette-Eternal, L50, F|100/100\n|turn|3\n|\n|t:|1776059799\n|detailschange|p2a: Floette|Floette-Mega, L50, F\n|-mega|p2a: Floette|Floette|Floettite\n|-ability|p2a: Floette|Fairy Aura\n|move|p2b: Whimsicott|Encore|p1a: Aerodactyl\n|-start|p1a: Aerodactyl|Encore\n|move|p1a: Aerodactyl|Tailwind||[still]\n|-fail|p1a: Aerodactyl\n|move|p1b: Milotic|Icy Wind|p2b: Whimsicott|[spread] p2a,p2b\n|-supereffective|p2b: Whimsicott|1\n|-damage|p2a: Floette|93/100\n|-damage|p2b: Whimsicott|77/100\n|-unboost|p2a: Floette|spe|1\n|-unboost|p2b: Whimsicott|spe|1\n|move|p2a: Floette|Dazzling Gleam|p1a: Aerodactyl|[spread] p1a,p1b\n|-damage|p1a: Aerodactyl|0 fnt\n|-damage|p1b: Milotic|44/100\n|faint|p1a: Aerodactyl\n|\n|upkeep\n|\n|t:|1776059816\n|switch|p1a: Floette|Floette-Eternal, L50, F|100/100\n|turn|4\n|inactive|ChilemRaen has 30 seconds left.\n|inactive|ChilemRaen has 20 seconds left.\n|\n|t:|1776059852\n|detailschange|p1a: Floette|Floette-Mega, L50, F\n|-mega|p1a: Floette|Floette|Floettite\n|-ability|p1a: Floette|Fairy Aura\n|move|p2b: Whimsicott|Tailwind|p2b: Whimsicott\n|-sidestart|p2: ChilemRaen|move: Tailwind\n|move|p1a: Floette|Calm Mind|p1a: Floette\n|-boost|p1a: Floette|spa|1\n|-boost|p1a: Floette|spd|1\n|move|p1b: Milotic|Recover|p1b: Milotic\n|-heal|p1b: Milotic|94/100\n|move|p2a: Floette|Moonblast|p1a: Floette\n|-damage|p1a: Floette|63/100\n|\n|upkeep\n|turn|5\n|inactive|sahabatgomba^_^ has 30 seconds left.\n|inactive|sahabatgomba^_^ has 20 seconds left.\n|inactive|sahabatgomba^_^ has 15 seconds left.\n|inactive|sahabatgomba^_^ has 10 seconds left.\n|\n|t:|1776059898\n|move|p2b: Whimsicott|Encore|p1a: Floette\n|-start|p1a: Floette|Encore\n|move|p1a: Floette|Calm Mind|p1a: Floette\n|-boost|p1a: Floette|spa|1\n|-boost|p1a: Floette|spd|1\n|move|p1b: Milotic|Scald|p2a: Floette\n|-damage|p2a: Floette|71/100\n|move|p2a: Floette|Moonblast|p1b: Milotic\n|-damage|p1b: Milotic|48/100\n|\n|-sideend|p1: sahabatgomba^_^|move: Tailwind\n|upkeep\n|turn|6\n|\n|t:|1776059912\n|move|p2b: Whimsicott|Moonblast|p1b: Milotic\n|-damage|p1b: Milotic|25/100\n|move|p2a: Floette|Moonblast|p1b: Milotic\n|-damage|p1b: Milotic|0 fnt\n|faint|p1b: Milotic\n|move|p1a: Floette|Calm Mind|p1a: Floette\n|-boost|p1a: Floette|spa|1\n|-boost|p1a: Floette|spd|1\n|\n|upkeep\n|\n|t:|1776059919\n|switch|p1b: Garchomp|Garchomp, L50, F|100/100\n|turn|7\n|\n|t:|1776059928\n|move|p1b: Garchomp|Rock Slide|p2a: Floette|[spread] p2a,p2b\n|-damage|p2a: Floette|43/100\n|-damage|p2b: Whimsicott|52/100\n|move|p2b: Whimsicott|Moonblast|p1b: Garchomp\n|-supereffective|p1b: Garchomp|1\n|-damage|p1b: Garchomp|25/100\n|move|p2a: Floette|Dazzling Gleam|p1b: Garchomp|[spread] p1a,p1b\n|-supereffective|p1b: Garchomp|1\n|-damage|p1a: Floette|50/100\n|-damage|p1b: Garchomp|0 fnt\n|faint|p1b: Garchomp\n|move|p1a: Floette|Calm Mind|p1a: Floette\n|-boost|p1a: Floette|spa|1\n|-boost|p1a: Floette|spd|1\n|\n|-end|p1a: Floette|Encore\n|-sideend|p2: ChilemRaen|move: Tailwind\n|upkeep\n|turn|8\n|\n|t:|1776059938\n|move|p2b: Whimsicott|Encore|p1a: Floette\n|-start|p1a: Floette|Encore\n|move|p1a: Floette|Calm Mind|p1a: Floette\n|-boost|p1a: Floette|spa|1\n|-boost|p1a: Floette|spd|1\n|move|p2a: Floette|Moonblast|p1a: Floette\n|-damage|p1a: Floette|35/100\n|\n|upkeep\n|turn|9\n|\n|t:|1776059945\n|move|p1a: Floette|Calm Mind|p1a: Floette\n|-boost|p1a: Floette|spa|1\n|-boost|p1a: Floette|spd|1\n|move|p2b: Whimsicott|Moonblast|p1a: Floette\n|-damage|p1a: Floette|28/100\n|move|p2a: Floette|Moonblast|p1a: Floette\n|-damage|p1a: Floette|13/100\n|\n|upkeep\n|turn|10\n|-message|sahabatgomba^_^ forfeited.\n|\n|win|ChilemRaen\n|raw|sahabatgomba^_^'s rating: 1299 &rarr; <strong>1268</strong><br />(-31 for losing)\n|raw|ChilemRaen's rating: 1211 &rarr; <strong>1242</strong><br />(+31 for winning)\n|l|\u2606sahabatgomba^_^\n|player|p1|\n",
  "uploadtime": 1776059952,
  "views": 21,
  "formatid": "gen9championsvgc2026regma",
  "rating": 1242,
  "private": 0,
  "password": null
}