{
  "id": "gen9championsvgc2026regma-2586696990",
  "format": "[Gen 9 Champions] VGC 2026 Reg M-A",
  "players": [
    "Zenakuss17",
    "CharlieMagic"
  ],
  "log": "|j|\u2606Zenakuss17\n|j|\u2606CharlieMagic\n|t:|1776452945\n|gametype|doubles\n|player|p1|Zenakuss17|benga|1101\n|player|p2|CharlieMagic|102|1135\n|gen|9\n|tier|[Gen 9 Champions] VGC 2026 Reg M-A\n|rated|\n|rule|Species Clause: Limit one of each Pok\u00e9mon\n|rule|Item Clause: Limit 1 of each item\n|clearpoke\n|poke|p1|Pelipper, L50, M|\n|poke|p1|Sneasler, L50, F|\n|poke|p1|Palafin, L50, M|\n|poke|p1|Sinistcha, L50|\n|poke|p1|Archaludon, L50, M|\n|poke|p1|Dragonite, L50, M|\n|poke|p2|Scovillain, L50, F|\n|poke|p2|Garchomp, L50, F|\n|poke|p2|Maushold-Four, L50|\n|poke|p2|Primarina, L50, M|\n|poke|p2|Aerodactyl, L50, M|\n|poke|p2|Sneasler, L50, M|\n|teampreview|4\n|\n|t:|1776452989\n|teamsize|p1|4\n|teamsize|p2|4\n|start\n|switch|p1a: Pelipper|Pelipper, L50, M|100/100\n|switch|p1b: Palafin|Palafin, L50, M, shiny|100/100\n|switch|p2a: Scovillain|Scovillain, L50, F, shiny|100/100\n|switch|p2b: Maushold|Maushold-Four, L50, shiny|100/100\n|-weather|RainDance|[from] ability: Drizzle|[of] p1a: Pelipper\n|turn|1\n|\n|t:|1776453013\n|detailschange|p1b: Palafin|Palafin-Hero, L50, M, shiny\n|switch|p1b: Sneasler|Sneasler, L50, F|100/100\n|move|p2b: Maushold|Follow Me|p2b: Maushold\n|-singleturn|p2b: Maushold|move: Follow Me\n|move|p2a: Scovillain|Leech Seed|p1a: Pelipper\n|-start|p1a: Pelipper|move: Leech Seed\n|move|p1a: Pelipper|Hurricane|p2b: Maushold\n|-damage|p2b: Maushold|44/100\n|\n|-weather|RainDance|[upkeep]\n|-damage|p1a: Pelipper|89/100|[from] Leech Seed|[of] p2a: Scovillain\n|upkeep\n|turn|2\n|\n|t:|1776453029\n|detailschange|p2a: Scovillain|Scovillain-Mega, L50, F, shiny\n|-mega|p2a: Scovillain|Scovillain|Scovillainite\n|move|p1b: Sneasler|Fake Out|p2b: Maushold\n|-damage|p2b: Maushold|25/100\n|move|p2a: Scovillain|Rage Powder|p2a: Scovillain\n|-singleturn|p2a: Scovillain|move: Rage Powder\n|cant|p2b: Maushold|flinch\n|move|p1a: Pelipper|Hurricane|p2a: Scovillain\n|-supereffective|p2a: Scovillain|1\n|-damage|p2a: Scovillain|30/100\n|-status|p1a: Pelipper|brn|[from] ability: Spicy Spray|[of] p2a: Scovillain\n|\n|-weather|RainDance|[upkeep]\n|-damage|p1a: Pelipper|77/100 brn|[from] Leech Seed|[of] p2a: Scovillain\n|-heal|p2a: Scovillain|42/100|[silent]\n|-damage|p1a: Pelipper|71/100 brn|[from] brn\n|upkeep\n|turn|3\n|\n|t:|1776453053\n|switch|p1b: Archaludon|Archaludon, L50, M|100/100\n|move|p2a: Scovillain|Rage Powder|p2a: Scovillain\n|-singleturn|p2a: Scovillain|move: Rage Powder\n|move|p2b: Maushold|Population Bomb|p1a: Pelipper\n|-damage|p1a: Pelipper|65/100 brn\n|-hitcount|p1a: Pelipper|1\n|move|p1a: Pelipper|Hurricane|p2a: Scovillain\n|-supereffective|p2a: Scovillain|1\n|-damage|p2a: Scovillain|0 fnt\n|faint|p2a: Scovillain\n|\n|-weather|RainDance|[upkeep]\n|-damage|p1a: Pelipper|59/100 brn|[from] brn\n|upkeep\n|\n|t:|1776453070\n|switch|p2a: Aerodactyl|Aerodactyl, L50, M, shiny|100/100\n|-ability|p2a: Aerodactyl|Unnerve\n|turn|4\n|\n|t:|1776453082\n|move|p1a: Pelipper|Wide Guard|p1a: Pelipper\n|-singleturn|p1a: Pelipper|Wide Guard\n|move|p2b: Maushold|Follow Me|p2b: Maushold\n|-singleturn|p2b: Maushold|move: Follow Me\n|move|p2a: Aerodactyl|Earthquake|p1a: Pelipper|[spread] p2b\n|-activate|p1a: Pelipper|move: Wide Guard\n|-activate|p1b: Archaludon|move: Wide Guard\n|-damage|p2b: Maushold|0 fnt\n|faint|p2b: Maushold\n|move|p1b: Archaludon|Electro Shot||[still]\n|-prepare|p1b: Archaludon|Electro Shot\n|-boost|p1b: Archaludon|spa|1\n|-anim|p1b: Archaludon|Electro Shot|p2a: Aerodactyl\n|-supereffective|p2a: Aerodactyl|1\n|-damage|p2a: Aerodactyl|0 fnt\n|faint|p2a: Aerodactyl\n|\n|-weather|RainDance|[upkeep]\n|-damage|p1a: Pelipper|53/100 brn|[from] brn\n|upkeep\n|\n|t:|1776453093\n|switch|p2b: Primarina|Primarina, L50, M|100/100\n|turn|5\n|\n|t:|1776453109\n|switch|p1a: Sneasler|Sneasler, L50, F|100/100\n|move|p1b: Archaludon|Electro Shot||[still]\n|-prepare|p1b: Archaludon|Electro Shot\n|-boost|p1b: Archaludon|spa|1\n|-anim|p1b: Archaludon|Electro Shot|p2b: Primarina\n|-supereffective|p2b: Primarina|1\n|-damage|p2b: Primarina|0 fnt\n|faint|p2b: Primarina\n|\n|win|Zenakuss17\n|raw|Zenakuss17's rating: 1101 &rarr; <strong>1128</strong><br />(+27 for winning)\n|raw|CharlieMagic's rating: 1135 &rarr; <strong>1108</strong><br />(-27 for losing)\n|l|\u2606CharlieMagic\n|player|p2|\n",
  "uploadtime": 1776453212,
  "views": 33,
  "formatid": "gen9championsvgc2026regma",
  "rating": 1108,
  "private": 0,
  "password": null
}