{
  "id": "gen9championsvgc2026regma-2582397950",
  "format": "[Gen 9 Champions] VGC 2026 Reg M-A",
  "players": [
    "bungoukaisen",
    "jasonrfry"
  ],
  "log": "|j|\u2606bungoukaisen\n|j|\u2606jasonrfry\n|t:|1776089030\n|gametype|doubles\n|player|p1|bungoukaisen|169|1191\n|player|p2|jasonrfry|169|1237\n|gen|9\n|tier|[Gen 9 Champions] VGC 2026 Reg M-A\n|rated|\n|rule|Species Clause: Limit one of each Pok\u00e9mon\n|rule|Item Clause: Limit 1 of each item\n|clearpoke\n|poke|p1|Froslass, L50, F|\n|poke|p1|Orthworm, L50, M|\n|poke|p1|Incineroar, L50, F|\n|poke|p1|Basculegion, L50, M|\n|poke|p1|Rotom-Frost, L50|\n|poke|p1|Garchomp, L50, F|\n|poke|p2|Mimikyu, L50, M|\n|poke|p2|Meganium, L50, F|\n|poke|p2|Primarina, L50, M|\n|poke|p2|Sneasler, L50, M|\n|poke|p2|Torkoal, L50, F|\n|poke|p2|Kingambit, L50, M|\n|teampreview|4\n|\n|t:|1776089055\n|teamsize|p1|4\n|teamsize|p2|4\n|start\n|switch|p1a: Froslass|Froslass, L50, F|100/100\n|switch|p1b: Basculegion|Basculegion, L50, M|100/100\n|switch|p2a: Mimikyu|Mimikyu, L50, M, shiny|100/100\n|switch|p2b: Sneasler|Sneasler, L50, M|100/100\n|turn|1\n|inactive|Battle timer is ON: inactive players will automatically lose when time's up. (requested by jasonrfry)\n|\n|t:|1776089084\n|move|p1a: Froslass|Protect|p1a: Froslass\n|-singleturn|p1a: Froslass|Protect\n|move|p1b: Basculegion|Aqua Jet|p2a: Mimikyu\n|-activate|p2a: Mimikyu|ability: Disguise\n|-damage|p2a: Mimikyu|100/100\n|detailschange|p2a: Mimikyu|Mimikyu-Busted, L50, M, shiny\n|-damage|p2a: Mimikyu|88/100|[from] pokemon: Mimikyu-Busted\n|move|p2b: Sneasler|Dire Claw|p1a: Froslass\n|-activate|p1a: Froslass|move: Protect\n|move|p2a: Mimikyu|Trick Room|p2a: Mimikyu\n|-fieldstart|move: Trick Room|[of] p2a: Mimikyu\n|\n|upkeep\n|turn|2\n|inactive|bungoukaisen has 30 seconds left.\n|\n|t:|1776089109\n|switch|p1a: Incineroar|Incineroar, L50, F|100/100\n|-ability|p1a: Incineroar|Intimidate|boost\n|-unboost|p2a: Mimikyu|atk|1\n|-unboost|p2b: Sneasler|atk|1\n|-enditem|p2b: Sneasler|White Herb\n|-clearnegativeboost|p2b: Sneasler|[silent]\n|move|p1b: Basculegion|Aqua Jet|p2a: Mimikyu\n|-damage|p2a: Mimikyu|57/100\n|move|p2a: Mimikyu|Will-O-Wisp|p1b: Basculegion|[miss]\n|-miss|p2a: Mimikyu|p1b: Basculegion\n|move|p2b: Sneasler|Close Combat|p1a: Incineroar\n|-supereffective|p1a: Incineroar|1\n|-damage|p1a: Incineroar|0 fnt\n|-unboost|p2b: Sneasler|def|1\n|-unboost|p2b: Sneasler|spd|1\n|faint|p1a: Incineroar\n|\n|upkeep\n|\n|t:|1776089125\n|switch|p1a: Garchomp|Garchomp, L50, F|100/100\n|turn|3\n|\n|t:|1776089138\n|move|p1b: Basculegion|Aqua Jet|p2a: Mimikyu\n|-damage|p2a: Mimikyu|26/100\n|move|p2a: Mimikyu|Curse|p1a: Garchomp\n|-start|p1a: Garchomp|Curse|[of] p2a: Mimikyu\n|-damage|p2a: Mimikyu|0 fnt\n|faint|p2a: Mimikyu\n|move|p1a: Garchomp|Rock Slide|p2b: Sneasler\n|-resisted|p2b: Sneasler|1\n|-damage|p2b: Sneasler|68/100\n|cant|p2b: Sneasler|flinch\n|\n|-damage|p1a: Garchomp|76/100|[from] Curse\n|upkeep\n|\n|t:|1776089147\n|switch|p2a: Meganium|Meganium, L50, F|100/100\n|turn|4\n|inactive|bungoukaisen has 30 seconds left.\n|\n|t:|1776089173\n|detailschange|p2a: Meganium|Meganium-Mega, L50, F\n|-mega|p2a: Meganium|Meganium|Meganiumite\n|move|p1b: Basculegion|Aqua Jet|p2b: Sneasler\n|-damage|p2b: Sneasler|0 fnt\n|faint|p2b: Sneasler\n|move|p2a: Meganium|Solar Beam||[still]\n|-prepare|p2a: Meganium|Solar Beam\n|-activate|p2a: Meganium|ability: Mega Sol\n|-anim|p2a: Meganium|Solar Beam|p1b: Basculegion\n|-supereffective|p1b: Basculegion|1\n|-damage|p1b: Basculegion|0 fnt\n|faint|p1b: Basculegion\n|move|p1a: Garchomp|Earthquake|p2a: Meganium\n|-resisted|p2a: Meganium|1\n|-damage|p2a: Meganium|76/100\n|\n|-damage|p1a: Garchomp|51/100|[from] Curse\n|upkeep\n|\n|t:|1776089188\n|switch|p1b: Froslass|Froslass, L50, F|100/100\n|switch|p2b: Torkoal|Torkoal, L50, F|100/100\n|-weather|SunnyDay|[from] ability: Drought|[of] p2b: Torkoal\n|turn|5\n|\n|t:|1776089204\n|move|p1a: Garchomp|Protect|p1a: Garchomp\n|-singleturn|p1a: Garchomp|Protect\n|move|p1b: Froslass|Protect|p1b: Froslass\n|-singleturn|p1b: Froslass|Protect\n|move|p2b: Torkoal|Eruption|p1a: Garchomp|[spread] \n|-activate|p1a: Garchomp|move: Protect\n|-activate|p1b: Froslass|move: Protect\n|move|p2a: Meganium|Weather Ball|p1a: Garchomp\n|-activate|p1a: Garchomp|move: Protect\n|\n|-weather|SunnyDay|[upkeep]\n|-damage|p1a: Garchomp|26/100|[from] Curse\n|-fieldend|move: Trick Room\n|upkeep\n|turn|6\n|\n|t:|1776089228\n|detailschange|p1b: Froslass|Froslass-Mega, L50, F\n|-mega|p1b: Froslass|Froslass|Froslassite\n|-weather|Snowscape|[from] ability: Snow Warning|[of] p1b: Froslass\n|move|p2a: Meganium|Protect|p2a: Meganium\n|-singleturn|p2a: Meganium|Protect\n|move|p1b: Froslass|Blizzard|p2b: Torkoal|[spread] p2b\n|-activate|p2a: Meganium|move: Protect\n|-resisted|p2b: Torkoal|1\n|-damage|p2b: Torkoal|68/100\n|move|p1a: Garchomp|Rock Slide|p2a: Meganium|[spread] p2b\n|-activate|p2a: Meganium|move: Protect\n|-supereffective|p2b: Torkoal|1\n|-damage|p2b: Torkoal|38/100\n|cant|p2b: Torkoal|flinch\n|\n|-weather|Snowscape|[upkeep]\n|-damage|p1a: Garchomp|1/100|[from] Curse\n|upkeep\n|turn|7\n|\n|t:|1776089249\n|move|p2b: Torkoal|Protect|p2b: Torkoal\n|-singleturn|p2b: Torkoal|Protect\n|move|p1b: Froslass|Blizzard|p2a: Meganium|[spread] p2a\n|-activate|p2b: Torkoal|move: Protect\n|-supereffective|p2a: Meganium|1\n|-damage|p2a: Meganium|0 fnt\n|faint|p2a: Meganium\n|move|p1a: Garchomp|Rock Slide|p2b: Torkoal\n|-activate|p2b: Torkoal|move: Protect\n|\n|-weather|Snowscape|[upkeep]\n|-damage|p1a: Garchomp|0 fnt|[from] Curse\n|faint|p1a: Garchomp\n|upkeep\n|turn|8\n|\n|t:|1776089263\n|move|p1b: Froslass|Shadow Ball|p2b: Torkoal\n|-damage|p2b: Torkoal|0 fnt\n|faint|p2b: Torkoal\n|\n|win|bungoukaisen\n|raw|bungoukaisen's rating: 1191 &rarr; <strong>1219</strong><br />(+28 for winning)\n|raw|jasonrfry's rating: 1237 &rarr; <strong>1209</strong><br />(-28 for losing)\n|l|\u2606jasonrfry\n|player|p2|\n",
  "uploadtime": 1776089270,
  "views": 21,
  "formatid": "gen9championsvgc2026regma",
  "rating": 1209,
  "private": 0,
  "password": null
}