{
  "id": "gen9championsvgc2026regma-2584485609",
  "format": "[Gen 9 Champions] VGC 2026 Reg M-A",
  "players": [
    "joshawott14",
    "CoffeeMoffee"
  ],
  "log": "|j|\u2606joshawott14\n|j|\u2606CoffeeMoffee\n|t:|1776264017\n|gametype|doubles\n|player|p1|joshawott14|170|1142\n|player|p2|CoffeeMoffee|scientist|1104\n|gen|9\n|tier|[Gen 9 Champions] VGC 2026 Reg M-A\n|rated|\n|rule|Species Clause: Limit one of each Pok\u00e9mon\n|rule|Item Clause: Limit 1 of each item\n|clearpoke\n|poke|p1|Meganium, L50, M|\n|poke|p1|Incineroar, L50, M|\n|poke|p1|Aegislash, L50, F|\n|poke|p1|Pelipper, L50, F|\n|poke|p1|Primarina, L50, F|\n|poke|p1|Basculegion, L50, M|\n|poke|p2|Floette-Eternal, L50, F|\n|poke|p2|Kingambit, L50, M|\n|poke|p2|Garchomp, L50, F|\n|poke|p2|Incineroar, L50, M|\n|poke|p2|Rotom-Wash, L50|\n|poke|p2|Sinistcha, L50|\n|teampreview|4\n|inactive|Battle timer is ON: inactive players will automatically lose when time's up. (requested by CoffeeMoffee)\n|inactive|joshawott14 also wants the timer to be on.\njoshawott14 has agreed to open team sheets.\n|inactive|joshawott14 has 60 seconds left.\n|inactive|CoffeeMoffee has 60 seconds left.\n|inactive|joshawott14 has 30 seconds left.\n|inactive|CoffeeMoffee has 30 seconds left.\n|\n|t:|1776264082\n|teamsize|p1|4\n|teamsize|p2|4\n|start\n|switch|p1a: Pelipper|Pelipper, L50, F|100/100\n|switch|p1b: Primarina|Primarina, L50, F|100/100\n|switch|p2a: Rotom|Rotom-Wash, L50, shiny|100/100\n|switch|p2b: Incineroar|Incineroar, L50, M, shiny|100/100\n|-weather|RainDance|[from] ability: Drizzle|[of] p1a: Pelipper\n|-ability|p2b: Incineroar|Intimidate|boost\n|-unboost|p1a: Pelipper|atk|1\n|-unboost|p1b: Primarina|atk|1\n|turn|1\n|inactive|joshawott14 has 30 seconds left.\n|inactive|CoffeeMoffee has 30 seconds left.\n|inactive|joshawott14 has 20 seconds left.\n|inactive|joshawott14 has 15 seconds left.\n|\n|t:|1776264123\n|switch|p1b: Meganium|Meganium, L50, M|100/100\n|move|p1a: Pelipper|Protect|p1a: Pelipper\n|-singleturn|p1a: Pelipper|Protect\n|move|p2b: Incineroar|Fake Out|p1a: Pelipper\n|-activate|p1a: Pelipper|move: Protect\n|move|p2a: Rotom|Electroweb|p1b: Meganium|[spread] p1b\n|-activate|p1a: Pelipper|move: Protect\n|-resisted|p1b: Meganium|1\n|-damage|p1b: Meganium|91/100\n|-unboost|p1b: Meganium|spe|1\n|\n|-weather|RainDance|[upkeep]\n|upkeep\n|turn|2\n|inactive|joshawott14 has 30 seconds left.\n|inactive|CoffeeMoffee has 30 seconds left.\n|\n|t:|1776264153\n|detailschange|p1b: Meganium|Meganium-Mega, L50, M\n|-mega|p1b: Meganium|Meganium|Meganiumite\n|move|p2a: Rotom|Electroweb|p1a: Pelipper|[spread] p1a,p1b\n|-supereffective|p1a: Pelipper|2\n|-resisted|p1b: Meganium|1\n|-enditem|p1a: Pelipper|Focus Sash\n|-damage|p1a: Pelipper|1/100\n|-damage|p1b: Meganium|82/100\n|-unboost|p1a: Pelipper|spe|1\n|-unboost|p1b: Meganium|spe|1\n|move|p2b: Incineroar|Parting Shot|p1b: Meganium\n|-unboost|p1b: Meganium|atk|1\n|-unboost|p1b: Meganium|spa|1\n|\n|t:|1776264167\n|switch|p2b: Floette|Floette-Eternal, L50, F|100/100|[from] Parting Shot\n|move|p1a: Pelipper|Tailwind|p1a: Pelipper\n|-sidestart|p1: joshawott14|move: Tailwind\n|move|p1b: Meganium|Solar Beam||[still]\n|-prepare|p1b: Meganium|Solar Beam\n|-activate|p1b: Meganium|ability: Mega Sol\n|-anim|p1b: Meganium|Solar Beam|p2a: Rotom\n|-supereffective|p2a: Rotom|1\n|-damage|p2a: Rotom|0 fnt\n|faint|p2a: Rotom\n|\n|-weather|RainDance|[upkeep]\n|upkeep\n|\n|t:|1776264184\n|switch|p2a: Incineroar|Incineroar, L50, M, shiny|100/100\n|-ability|p2a: Incineroar|Intimidate|boost\n|-unboost|p1a: Pelipper|atk|1\n|-unboost|p1b: Meganium|atk|1\n|turn|3\n|inactive|CoffeeMoffee has 30 seconds left.\n|\n|t:|1776264218\n|switch|p1a: Aegislash|Aegislash, L50, F, shiny|100/100\n|switch|p1b: Primarina|Primarina, L50, F|100/100\n|detailschange|p2b: Floette|Floette-Mega, L50, F\n|-mega|p2b: Floette|Floette|Floettite\n|-ability|p2b: Floette|Fairy Aura\n|move|p2a: Incineroar|Fake Out|p1b: Primarina\n|-damage|p1b: Primarina|81/100\n|move|p2b: Floette|Calm Mind|p2b: Floette\n|-boost|p2b: Floette|spa|1\n|-boost|p2b: Floette|spd|1\n|\n|-weather|RainDance|[upkeep]\n|-heal|p1b: Primarina|87/100|[from] item: Leftovers\n|upkeep\n|turn|4\n|inactive|joshawott14 has 30 seconds left.\n|inactive|CoffeeMoffee has 30 seconds left.\n|inactive|CoffeeMoffee has 20 seconds left.\n|inactive|CoffeeMoffee has 15 seconds left.\n|inactive|CoffeeMoffee has 10 seconds left.\n|\n|t:|1776264267\n|move|p2b: Floette|Protect|p2b: Floette\n|-singleturn|p2b: Floette|Protect\n|move|p1b: Primarina|Calm Mind|p1b: Primarina\n|-boost|p1b: Primarina|spa|1\n|-boost|p1b: Primarina|spd|1\n|-formechange|p1a: Aegislash|Aegislash-Blade|\n|move|p1a: Aegislash|Iron Head|p2b: Floette\n|-activate|p2b: Floette|move: Protect\n|move|p2a: Incineroar|Parting Shot|p1a: Aegislash\n|-unboost|p1a: Aegislash|atk|1\n|-unboost|p1a: Aegislash|spa|1\n|\n|t:|1776264279\n|switch|p2a: Kingambit|Kingambit, L50, M, shiny|100/100|[from] Parting Shot\n|\n|-weather|RainDance|[upkeep]\n|-heal|p1b: Primarina|93/100|[from] item: Leftovers\n|upkeep\n|turn|5\n|inactive|joshawott14 has 30 seconds left.\n|inactive|CoffeeMoffee has 30 seconds left.\n|\n|t:|1776264308\n|switch|p1b: Meganium|Meganium-Mega, L50, M|82/100\n|move|p2a: Kingambit|Sucker Punch|p1a: Aegislash\n|-supereffective|p1a: Aegislash|1\n|-damage|p1a: Aegislash|0 fnt\n|faint|p1a: Aegislash\n|move|p2b: Floette|Moonblast|p1b: Meganium\n|-damage|p1b: Meganium|0 fnt\n|faint|p1b: Meganium\n|\n|-weather|none\n|-sideend|p1: joshawott14|move: Tailwind\n|upkeep\n|c|\u2606joshawott14|oh\n|\n|t:|1776264320\n|switch|p1b: Primarina|Primarina, L50, F|93/100\n|switch|p1a: Pelipper|Pelipper, L50, F|1/100\n|-weather|RainDance|[from] ability: Drizzle|[of] p1a: Pelipper\n|turn|6\n|inactive|CoffeeMoffee has 30 seconds left.\n|\n|t:|1776264352\n|move|p2a: Kingambit|Sucker Punch|p1b: Primarina\n|-resisted|p1b: Primarina|1\n|-damage|p1b: Primarina|59/100\n|move|p2b: Floette|Moonblast|p1a: Pelipper\n|-damage|p1a: Pelipper|0 fnt\n|faint|p1a: Pelipper\n|move|p1b: Primarina|Hyper Voice|p2b: Floette|[spread] p2a,p2b\n|-damage|p2a: Kingambit|41/100\n|-damage|p2b: Floette|72/100\n|\n|-weather|RainDance|[upkeep]\n|-heal|p1b: Primarina|65/100|[from] item: Leftovers\n|upkeep\n|turn|7\n|\n|t:|1776264369\n|move|p2a: Kingambit|Sucker Punch|p1b: Primarina\n|-resisted|p1b: Primarina|1\n|-damage|p1b: Primarina|30/100\n|move|p2b: Floette|Moonblast|p1b: Primarina\n|-damage|p1b: Primarina|0 fnt\n|faint|p1b: Primarina\n|\n|win|CoffeeMoffee\n|raw|joshawott14's rating: 1142 &rarr; <strong>1114</strong><br />(-28 for losing)\n|raw|CoffeeMoffee's rating: 1104 &rarr; <strong>1132</strong><br />(+28 for winning)\n|c|\u2606joshawott14|gg\n|c|\u2606CoffeeMoffee|gg\n",
  "uploadtime": 1776264382,
  "views": 34,
  "formatid": "gen9championsvgc2026regma",
  "rating": 1114,
  "private": 0,
  "password": null
}