{
  "id": "gen9championsvgc2026regma-2581526370",
  "format": "[Gen 9 Champions] VGC 2026 Reg M-A",
  "players": [
    "RijdendeRechter",
    "Yanecc"
  ],
  "log": "|j|\u2606RijdendeRechter\n|j|\u2606Yanecc\n|t:|1776008271\n|gametype|doubles\n|player|p1|RijdendeRechter|roughneck-gen4|1070\n|player|p2|Yanecc|burglar|1082\n|gen|9\n|tier|[Gen 9 Champions] VGC 2026 Reg M-A\n|rated|\n|rule|Species Clause: Limit one of each Pok\u00e9mon\n|rule|Item Clause: Limit 1 of each item\n|clearpoke\n|poke|p1|Chesnaught, L50, F|\n|poke|p1|Slowking-Galar, L50, F|\n|poke|p1|Incineroar, L50, F|\n|poke|p1|Ninetales-Alola, L50, F|\n|poke|p1|Garchomp, L50, F|\n|poke|p1|Aegislash, L50, F|\n|poke|p2|Torkoal, L50, M|\n|poke|p2|Venusaur, L50, M|\n|poke|p2|Golurk, L50|\n|poke|p2|Sneasler, L50, M|\n|poke|p2|Farigiraf, L50, F|\n|poke|p2|Incineroar, L50, M|\n|teampreview|4\n|inactive|Battle timer is ON: inactive players will automatically lose when time's up. (requested by Yanecc)\n|l|\u2606RijdendeRechter\n|inactive|RijdendeRechter disconnected and has a minute to reconnect!\n|player|p1|\n|j|\u2606RijdendeRechter\n|inactive|RijdendeRechter reconnected and has 70 seconds left.\n|player|p1|RijdendeRechter|roughneck-gen4|\n|inactive|RijdendeRechter has 60 seconds left.\n|\n|t:|1776008312\n|teamsize|p1|4\n|teamsize|p2|4\n|start\n|switch|p1a: Ninetales|Ninetales-Alola, L50, F|100/100\n|switch|p1b: Incineroar|Incineroar, L50, F|100/100\n|switch|p2a: Farigiraf|Farigiraf, L50, F, shiny|100/100\n|switch|p2b: Incineroar|Incineroar, L50, M, shiny|100/100\n|-weather|Snowscape|[from] ability: Snow Warning|[of] p1a: Ninetales\n|-ability|p1b: Incineroar|Intimidate|boost\n|-unboost|p2a: Farigiraf|atk|1\n|-unboost|p2b: Incineroar|atk|1\n|-ability|p2b: Incineroar|Intimidate|boost\n|-unboost|p1a: Ninetales|atk|1\n|-unboost|p1b: Incineroar|atk|1\n|turn|1\n|\n|t:|1776008323\n|move|p2b: Incineroar|Fake Out|p1a: Ninetales\n|-damage|p1a: Ninetales|92/100\n|cant|p1a: Ninetales|flinch\n|move|p1b: Incineroar|Darkest Lariat|p2a: Farigiraf\n|-supereffective|p2a: Farigiraf|1\n|-damage|p2a: Farigiraf|63/100\n|move|p2a: Farigiraf|Trick Room|p2a: Farigiraf\n|-fieldstart|move: Trick Room|[of] p2a: Farigiraf\n|\n|-weather|Snowscape|[upkeep]\n|upkeep\n|turn|2\n|\n|t:|1776008334\n|switch|p2b: Torkoal|Torkoal, L50, M, shiny|100/100\n|-weather|SunnyDay|[from] ability: Drought|[of] p2b: Torkoal\n|move|p2a: Farigiraf|Hyper Voice|p1b: Incineroar|[spread] p1a,p1b\n|-damage|p1a: Ninetales|64/100\n|-damage|p1b: Incineroar|81/100\n|move|p1b: Incineroar|Parting Shot|p2b: Torkoal\n|-unboost|p2b: Torkoal|atk|1\n|-unboost|p2b: Torkoal|spa|1\n|\n|t:|1776008345\n|switch|p1b: Chesnaught|Chesnaught, L50, F|100/100|[from] Parting Shot\n|move|p1a: Ninetales|Aurora Veil||[still]\n|-fail|p1a: Ninetales\n|\n|-weather|SunnyDay|[upkeep]\n|upkeep\n|turn|3\n|\n|t:|1776008352\n|switch|p1a: Incineroar|Incineroar, L50, F|81/100\n|-ability|p1a: Incineroar|Intimidate|boost\n|-unboost|p2a: Farigiraf|atk|1\n|-unboost|p2b: Torkoal|atk|1\n|move|p2a: Farigiraf|Helping Hand|p2b: Torkoal\n|-singleturn|p2b: Torkoal|Helping Hand|[of] p2a: Farigiraf\n|move|p1b: Chesnaught|Spiky Shield|p1b: Chesnaught\n|-singleturn|p1b: Chesnaught|move: Protect\n|move|p2b: Torkoal|Eruption|p1a: Incineroar|[spread] p1a\n|-activate|p1b: Chesnaught|move: Protect\n|-resisted|p1a: Incineroar|1\n|-damage|p1a: Incineroar|52/100\n|\n|-weather|SunnyDay|[upkeep]\n|upkeep\n|turn|4\n|inactive|Yanecc has 30 seconds left.\n|\n|t:|1776008384\n|switch|p1b: Garchomp|Garchomp, L50, F|100/100\n|move|p2a: Farigiraf|Helping Hand|p2b: Torkoal\n|-singleturn|p2b: Torkoal|Helping Hand|[of] p2a: Farigiraf\n|move|p2b: Torkoal|Eruption|p1a: Incineroar|[spread] p1a,p1b\n|-resisted|p1a: Incineroar|1\n|-resisted|p1b: Garchomp|1\n|-damage|p1a: Incineroar|23/100\n|-damage|p1b: Garchomp|48/100\n|-enditem|p1a: Incineroar|Sitrus Berry|[eat]\n|-heal|p1a: Incineroar|48/100|[from] item: Sitrus Berry\n|move|p1a: Incineroar|Parting Shot|p2b: Torkoal\n|-unboost|p2b: Torkoal|atk|1\n|-unboost|p2b: Torkoal|spa|1\n|\n|t:|1776008398\n|switch|p1a: Ninetales|Ninetales-Alola, L50, F|64/100|[from] Parting Shot\n|-weather|Snowscape|[from] ability: Snow Warning|[of] p1a: Ninetales\n|\n|-weather|Snowscape|[upkeep]\n|upkeep\n|turn|5\n|\n|t:|1776008419\n|move|p1a: Ninetales|Protect|p1a: Ninetales\n|-singleturn|p1a: Ninetales|Protect\n|move|p2b: Torkoal|Eruption|p1b: Garchomp|[spread] p1b\n|-activate|p1a: Ninetales|move: Protect\n|-resisted|p1b: Garchomp|1\n|-damage|p1b: Garchomp|33/100\n|move|p2a: Farigiraf|Psychic|p1a: Ninetales\n|-activate|p1a: Ninetales|move: Protect\n|move|p1b: Garchomp|Earthquake|p2b: Torkoal|[spread] p2a,p2b\n|-activate|p1a: Ninetales|move: Protect\n|-supereffective|p2b: Torkoal|1\n|-damage|p2a: Farigiraf|34/100\n|-damage|p2b: Torkoal|38/100\n|\n|-weather|Snowscape|[upkeep]\n|-fieldend|move: Trick Room\n|upkeep\n|turn|6\n|\n|t:|1776008441\n|switch|p1b: Incineroar|Incineroar, L50, F|48/100\n|-ability|p1b: Incineroar|Intimidate|boost\n|-unboost|p2a: Farigiraf|atk|1\n|-unboost|p2b: Torkoal|atk|1\n|switch|p2b: Incineroar|Incineroar, L50, M, shiny|100/100\n|-ability|p2b: Incineroar|Intimidate|boost\n|-unboost|p1a: Ninetales|atk|1\n|-unboost|p1b: Incineroar|atk|1\n|move|p1a: Ninetales|Blizzard|p2a: Farigiraf|[spread] p2a,p2b\n|-resisted|p2b: Incineroar|1\n|-damage|p2a: Farigiraf|7/100\n|-damage|p2b: Incineroar|88/100\n|move|p2a: Farigiraf|Psychic|p1b: Incineroar\n|-immune|p1b: Incineroar\n|\n|-weather|Snowscape|[upkeep]\n|upkeep\n|turn|7\n|inactive|Yanecc has 30 seconds left.\n|\n|t:|1776008467\n|move|p2b: Incineroar|Fake Out|p1b: Incineroar\n|-damage|p1b: Incineroar|36/100\n|move|p1a: Ninetales|Blizzard|p2b: Incineroar|[spread] p2a,p2b\n|-resisted|p2b: Incineroar|1\n|-damage|p2a: Farigiraf|0 fnt\n|-damage|p2b: Incineroar|75/100\n|faint|p2a: Farigiraf\n|cant|p1b: Incineroar|flinch\n|\n|-weather|Snowscape|[upkeep]\n|upkeep\n|\n|t:|1776008477\n|switch|p2a: Torkoal|Torkoal, L50, M, shiny|38/100\n|-weather|SunnyDay|[from] ability: Drought|[of] p2a: Torkoal\n|turn|8\n|\n|t:|1776008492\n|switch|p2a: Golurk|Golurk, L50, shiny|100/100\n|move|p1a: Ninetales|Freeze-Dry|p2a: Golurk\n|-supereffective|p2a: Golurk|1\n|-crit|p2a: Golurk\n|-damage|p2a: Golurk|14/100\n|move|p1b: Incineroar|Darkest Lariat|p2a: Golurk\n|-supereffective|p2a: Golurk|1\n|-damage|p2a: Golurk|0 fnt\n|faint|p2a: Golurk\n|move|p2b: Incineroar|Parting Shot|p1a: Ninetales\n|-unboost|p1a: Ninetales|atk|1\n|-unboost|p1a: Ninetales|spa|1\n|\n|t:|1776008497\n|switch|p2b: Torkoal|Torkoal, L50, M, shiny|38/100|[from] Parting Shot\n|\n|-weather|SunnyDay|[upkeep]\n|upkeep\n|\n|t:|1776008498\n|switch|p2a: Incineroar|Incineroar, L50, M, shiny|75/100\n|-ability|p2a: Incineroar|Intimidate|boost\n|-unboost|p1a: Ninetales|atk|1\n|-unboost|p1b: Incineroar|atk|1\n|turn|9\n|\n|t:|1776008512\n|move|p2a: Incineroar|Fake Out|p1a: Ninetales\n|-damage|p1a: Ninetales|46/100\n|cant|p1a: Ninetales|flinch\n|move|p1b: Incineroar|Parting Shot|p2a: Incineroar\n|-unboost|p2a: Incineroar|atk|1\n|-unboost|p2a: Incineroar|spa|1\n|\n|t:|1776008516\n|switch|p1b: Chesnaught|Chesnaught, L50, F|100/100|[from] Parting Shot\n|move|p2b: Torkoal|Heat Wave|p1a: Ninetales|[spread] p1b\n|-miss|p2b: Torkoal|p1a: Ninetales\n|-supereffective|p1b: Chesnaught|1\n|-damage|p1b: Chesnaught|0 fnt\n|faint|p1b: Chesnaught\n|\n|-weather|SunnyDay|[upkeep]\n|upkeep\n|\n|t:|1776008523\n|switch|p1b: Garchomp|Garchomp, L50, F|33/100\n|turn|10\n|\n|t:|1776008535\n|move|p2b: Torkoal|Protect|p2b: Torkoal\n|-singleturn|p2b: Torkoal|Protect\n|move|p1b: Garchomp|Earthquake|p2a: Incineroar|[spread] p1a,p2a\n|-activate|p2b: Torkoal|move: Protect\n|-supereffective|p2a: Incineroar|1\n|-crit|p2a: Incineroar\n|-damage|p1a: Ninetales|0 fnt\n|-damage|p2a: Incineroar|0 fnt\n|faint|p1a: Ninetales\n|faint|p2a: Incineroar\n|\n|-weather|SunnyDay|[upkeep]\n|upkeep\n|\n|t:|1776008539\n|switch|p1a: Incineroar|Incineroar, L50, F|36/100\n|-ability|p1a: Incineroar|Intimidate|boost\n|-unboost|p2b: Torkoal|atk|1\n|turn|11\n|\n|t:|1776008541\n|move|p1a: Incineroar|Fake Out|p2b: Torkoal\n|-crit|p2b: Torkoal\n|-damage|p2b: Torkoal|26/100\n|move|p1b: Garchomp|Earthquake|p2b: Torkoal|[spread] p1a,p2b\n|-supereffective|p1a: Incineroar|1\n|-supereffective|p2b: Torkoal|1\n|-damage|p1a: Incineroar|0 fnt\n|-damage|p2b: Torkoal|0 fnt\n|faint|p1a: Incineroar\n|faint|p2b: Torkoal\n|\n|win|RijdendeRechter\n|raw|RijdendeRechter's rating: 1070 &rarr; <strong>1101</strong><br />(+31 for winning)\n|raw|Yanecc's rating: 1082 &rarr; <strong>1059</strong><br />(-23 for losing)\n|l|\u2606Yanecc\n|player|p2|\n|l|\u2606RijdendeRechter\n|player|p1|\n|j|\u2606RijdendeRechter\n|player|p1|RijdendeRechter|roughneck-gen4|\n",
  "uploadtime": 1776008576,
  "views": 20,
  "formatid": "gen9championsvgc2026regma",
  "rating": 1059,
  "private": 0,
  "password": null
}