{
  "id": "gen9championsvgc2026regma-2586027755",
  "format": "[Gen 9 Champions] VGC 2026 Reg M-A",
  "players": [
    "Lclown",
    "PixiBoy"
  ],
  "log": "|j|\u2606Lclown\n|j|\u2606PixiBoy\n|t:|1776391647\n|gametype|doubles\n|player|p1|Lclown|169|1000\n|player|p2|PixiBoy|1|1055\n|gen|9\n|tier|[Gen 9 Champions] VGC 2026 Reg M-A\n|rated|\n|rule|Species Clause: Limit one of each Pok\u00e9mon\n|rule|Item Clause: Limit 1 of each item\n|clearpoke\n|poke|p1|Starmie, L50|\n|poke|p1|Maushold-Four, L50|\n|poke|p1|Abomasnow, L50, M|\n|poke|p1|Froslass, L50, F|\n|poke|p1|Aerodactyl, L50, F|\n|poke|p1|Whimsicott, L50, F|\n|poke|p2|Aerodactyl, L50, M|\n|poke|p2|Sneasler, L50, F|\n|poke|p2|Pelipper, L50, F|\n|poke|p2|Sinistcha, L50|\n|poke|p2|Floette-Eternal, L50, F|\n|poke|p2|Maushold-Four, L50|\n|teampreview|4\n|inactive|Battle timer is ON: inactive players will automatically lose when time's up. (requested by Lclown)\n|inactive|PixiBoy has 60 seconds left.\n|\n|t:|1776391698\n|teamsize|p1|4\n|teamsize|p2|4\n|start\n|switch|p1a: Whimsicott|Whimsicott, L50, F|100/100\n|switch|p1b: Aerodactyl|Aerodactyl, L50, F|100/100\n|switch|p2a: Aerodactyl|Aerodactyl, L50, M|100/100\n|switch|p2b: Sneasler|Sneasler, L50, F|100/100\n|-ability|p2a: Aerodactyl|Unnerve\n|-ability|p1b: Aerodactyl|Unnerve\n|turn|1\n|\n|t:|1776391706\n|move|p1b: Aerodactyl|Protect|p1b: Aerodactyl\n|-singleturn|p1b: Aerodactyl|Protect\n|move|p1a: Whimsicott|Tailwind|p1a: Whimsicott\n|-sidestart|p1: Lclown|move: Tailwind\n|move|p2a: Aerodactyl|Tailwind|p2a: Aerodactyl\n|-sidestart|p2: PixiBoy|move: Tailwind\n|move|p2b: Sneasler|Swords Dance|p2b: Sneasler\n|-boost|p2b: Sneasler|atk|2\n|\n|upkeep\n|turn|2\n|\n|t:|1776391730\n|move|p1a: Whimsicott|Leech Seed|p2b: Sneasler\n|-start|p2b: Sneasler|move: Leech Seed\n|move|p1b: Aerodactyl|Rock Slide|p2b: Sneasler|[spread] p2a,p2b\n|-supereffective|p2a: Aerodactyl|1\n|-resisted|p2b: Sneasler|1\n|-damage|p2a: Aerodactyl|13/100\n|-damage|p2b: Sneasler|78/100\n|move|p2a: Aerodactyl|Rock Slide|p1a: Whimsicott|[spread] p1a,p1b\n|-supereffective|p1b: Aerodactyl|1\n|-damage|p1a: Whimsicott|77/100\n|-damage|p1b: Aerodactyl|23/100\n|move|p2b: Sneasler|Dire Claw|p1a: Whimsicott\n|-supereffective|p1a: Whimsicott|2\n|-damage|p1a: Whimsicott|0 fnt\n|faint|p1a: Whimsicott\n|\n|upkeep\n|\n|t:|1776391742\n|switch|p1a: Abomasnow|Abomasnow, L50, M|100/100\n|-weather|Snowscape|[from] ability: Snow Warning|[of] p1a: Abomasnow\n|turn|3\n|\n|t:|1776391759\n|switch|p2a: Pelipper|Pelipper, L50, F|100/100\n|-weather|RainDance|[from] ability: Drizzle|[of] p2a: Pelipper\n|move|p1b: Aerodactyl|Rock Slide|p2b: Sneasler|[spread] p2a\n|-miss|p1b: Aerodactyl|p2b: Sneasler\n|-supereffective|p2a: Pelipper|1\n|-damage|p2a: Pelipper|40/100\n|move|p2b: Sneasler|Dire Claw|p1a: Abomasnow\n|-supereffective|p1a: Abomasnow|1\n|-damage|p1a: Abomasnow|0 fnt\n|faint|p1a: Abomasnow\n|\n|-weather|RainDance|[upkeep]\n|upkeep\n|\n|t:|1776391764\n|switch|p1a: Froslass|Froslass, L50, F|100/100\n|turn|4\n|\n|t:|1776391784\n|switch|p2a: Aerodactyl|Aerodactyl, L50, M|13/100\n|-ability|p2a: Aerodactyl|Unnerve\n|move|p1b: Aerodactyl|Rock Slide|p2a: Aerodactyl|[spread] p2a,p2b\n|-supereffective|p2a: Aerodactyl|1\n|-resisted|p2b: Sneasler|1\n|-crit|p2b: Sneasler\n|-damage|p2a: Aerodactyl|0 fnt\n|-damage|p2b: Sneasler|48/100\n|faint|p2a: Aerodactyl\n|move|p1a: Froslass|Blizzard|p2b: Sneasler\n|-damage|p2b: Sneasler|0 fnt\n|faint|p2b: Sneasler\n|\n|-weather|RainDance|[upkeep]\n|-sideend|p1: Lclown|move: Tailwind\n|-sideend|p2: PixiBoy|move: Tailwind\n|upkeep\n|\n|t:|1776391792\n|switch|p2a: Floette|Floette-Eternal, L50, F|100/100\n|switch|p2b: Pelipper|Pelipper, L50, F|40/100\n|turn|5\n|\n|t:|1776391802\n|detailschange|p2a: Floette|Floette-Mega, L50, F\n|-mega|p2a: Floette|Floette|Floettite\n|-ability|p2a: Floette|Fairy Aura\n|move|p2b: Pelipper|Wide Guard|p2b: Pelipper\n|-singleturn|p2b: Pelipper|Wide Guard\n|move|p1b: Aerodactyl|Rock Slide|p2a: Floette|[spread] \n|-activate|p2a: Floette|move: Wide Guard\n|-activate|p2b: Pelipper|move: Wide Guard\n|move|p1a: Froslass|Blizzard|p2b: Pelipper|[spread] \n|-activate|p2a: Floette|move: Wide Guard\n|-activate|p2b: Pelipper|move: Wide Guard\n|move|p2a: Floette|Light of Ruin|p1a: Froslass|[miss]\n|-miss|p2a: Floette|p1a: Froslass\n|\n|-weather|RainDance|[upkeep]\n|upkeep\n|turn|6\n|\n|t:|1776391825\n|move|p1b: Aerodactyl|Rock Slide|p2b: Pelipper|[spread] p2a,p2b\n|-supereffective|p2b: Pelipper|1\n|-damage|p2a: Floette|72/100\n|-damage|p2b: Pelipper|0 fnt\n|faint|p2b: Pelipper\n|move|p1a: Froslass|Blizzard|p2a: Floette\n|-damage|p2a: Floette|38/100\n|move|p2a: Floette|Light of Ruin|p1a: Froslass\n|-damage|p1a: Froslass|0 fnt\n|faint|p1a: Froslass\n|-damage|p2a: Floette|0 fnt|[from] Recoil\n|faint|p2a: Floette\n|\n|win|Lclown\n|raw|Lclown's rating: 1000 &rarr; <strong>1046</strong><br />(+46 for winning)\n|raw|PixiBoy's rating: 1055 &rarr; <strong>1034</strong><br />(-21 for losing)\n|l|\u2606PixiBoy\n|player|p2|\n",
  "uploadtime": 1776391842,
  "views": 19,
  "formatid": "gen9championsvgc2026regma",
  "rating": 1034,
  "private": 0,
  "password": null
}