{
  "id": "gen9championsvgc2026regma-2587842966",
  "format": "[Gen 9 Champions] VGC 2026 Reg M-A",
  "players": [
    "kaishiyoku",
    "eshark03"
  ],
  "log": "|j|\u2606kaishiyoku\n|j|\u2606eshark03\n|t:|1776569711\n|gametype|doubles\n|player|p1|kaishiyoku|102|1085\n|player|p2|eshark03|169|1064\n|gen|9\n|tier|[Gen 9 Champions] VGC 2026 Reg M-A\n|rated|\n|rule|Species Clause: Limit one of each Pok\u00e9mon\n|rule|Item Clause: Limit 1 of each item\n|clearpoke\n|poke|p1|Sneasler, L50, F|\n|poke|p1|Gardevoir, L50, F|\n|poke|p1|Maushold-Four, L50|\n|poke|p1|Kingambit, L50, F|\n|poke|p1|Aerodactyl, L50, M|\n|poke|p1|Incineroar, L50, F|\n|poke|p2|Aggron, L50, F|\n|poke|p2|Spiritomb, L50, M|\n|poke|p2|Whimsicott, L50, F|\n|poke|p2|Camerupt, L50, M|\n|poke|p2|Drampa, L50, M|\n|poke|p2|Rampardos, L50, F|\n|teampreview|4\n|inactive|Battle timer is ON: inactive players will automatically lose when time's up. (requested by kaishiyoku)\n|j| ChampionModric\n|l| ChampionModric\n|\n|t:|1776569743\n|teamsize|p1|4\n|teamsize|p2|4\n|start\n|switch|p1a: Gardevoir|Gardevoir, L50, F|100/100\n|switch|p1b: Maushold|Maushold-Four, L50|100/100\n|switch|p2a: Aggron|Aggron, L50, F|100/100\n|switch|p2b: Camerupt|Camerupt, L50, M|100/100\n|-ability|p1a: Gardevoir|Heavy Metal|Trace|[from] ability: Trace|[of] p2a: Aggron\n|turn|1\n|\n|t:|1776569764\n|switch|p2b: Whimsicott|Whimsicott, L50, F|100/100\n|detailschange|p1a: Gardevoir|Gardevoir-Mega, L50, F\n|-mega|p1a: Gardevoir|Gardevoir|Gardevoirite\n|move|p1a: Gardevoir|Protect|p1a: Gardevoir\n|-singleturn|p1a: Gardevoir|Protect\n|move|p1b: Maushold|Super Fang|p2a: Aggron\n|-damage|p2a: Aggron|50/100\n|move|p2a: Aggron|Heavy Slam|p1a: Gardevoir\n|-activate|p1a: Gardevoir|move: Protect\n|\n|upkeep\n|turn|2\n|\n|t:|1776569780\n|move|p2a: Aggron|Protect|p2a: Aggron\n|-singleturn|p2a: Aggron|Protect\n|move|p1b: Maushold|Taunt|p2b: Whimsicott\n|-start|p2b: Whimsicott|move: Taunt\n|move|p1a: Gardevoir|Hyper Voice|p2a: Aggron|[spread] p2b\n|-activate|p2a: Aggron|move: Protect\n|-damage|p2b: Whimsicott|36/100\n|cant|p2b: Whimsicott|move: Taunt|Trick Room\n|\n|upkeep\n|turn|3\n|inactive|eshark03 has 30 seconds left.\n|\n|t:|1776569810\n|switch|p2b: Rampardos|Rampardos, L50, F|100/100\n|move|p1b: Maushold|Super Fang|p2a: Aggron\n|-damage|p2a: Aggron|25/100\n|move|p1a: Gardevoir|Hyper Voice|p2b: Rampardos|[spread] p2a,p2b\n|-resisted|p2a: Aggron|1\n|-damage|p2a: Aggron|0 fnt\n|-damage|p2b: Rampardos|24/100\n|faint|p2a: Aggron\n|\n|-heal|p2b: Rampardos|30/100|[from] item: Leftovers\n|upkeep\n|\n|t:|1776569821\n|switch|p2a: Whimsicott|Whimsicott, L50, F|36/100\n|turn|4\n|\n|t:|1776569841\n|move|p2a: Whimsicott|Taunt|p1b: Maushold\n|-start|p1b: Maushold|move: Taunt\n|cant|p1b: Maushold|move: Taunt|Taunt\n|move|p1a: Gardevoir|Hyper Voice|p2a: Whimsicott|[spread] p2a,p2b\n|-damage|p2a: Whimsicott|0 fnt\n|-damage|p2b: Rampardos|0 fnt\n|faint|p2a: Whimsicott\n|faint|p2b: Rampardos\n|\n|upkeep\n|\n|t:|1776569852\n|switch|p2b: Camerupt|Camerupt, L50, M|100/100\n|turn|5\n|\n|t:|1776569869\n|detailschange|p2b: Camerupt|Camerupt-Mega, L50, M\n|-mega|p2b: Camerupt|Camerupt|Cameruptite\n|move|p1b: Maushold|Super Fang|p2b: Camerupt\n|-damage|p2b: Camerupt|51/100\n|move|p1a: Gardevoir|Hyper Voice|p2b: Camerupt\n|-resisted|p2b: Camerupt|1\n|-damage|p2b: Camerupt|18/100\n|move|p2b: Camerupt|Eruption|p1a: Gardevoir|[spread] p1a,p1b\n|-damage|p1a: Gardevoir|93/100\n|-damage|p1b: Maushold|85/100\n|\n|upkeep\n|turn|6\n|-message|eshark03 forfeited.\n|\n|win|kaishiyoku\n|raw|kaishiyoku's rating: 1085 &rarr; <strong>1111</strong><br />(+26 for winning)\n|raw|eshark03's rating: 1064 &rarr; <strong>1046</strong><br />(-18 for losing)\n|l|\u2606eshark03\n|player|p2|\n",
  "uploadtime": 1776569882,
  "views": 8,
  "formatid": "gen9championsvgc2026regma",
  "rating": 1046,
  "private": 0,
  "password": null
}