{
  "id": "gen9championsvgc2026regma-2581346066",
  "format": "[Gen 9 Champions] VGC 2026 Reg M-A",
  "players": [
    "injuryreserv3",
    "Lukappa_k117"
  ],
  "log": "|j|\u2606injuryreserv3\n|j|\u2606Lukappa_k117\n|t:|1775989707\n|gametype|doubles\n|player|p1|injuryreserv3|sabrina|1103\n|player|p2|Lukappa_k117|turo-ai|1040\n|gen|9\n|tier|[Gen 9 Champions] VGC 2026 Reg M-A\n|rated|\n|rule|Species Clause: Limit one of each Pok\u00e9mon\n|rule|Item Clause: Limit 1 of each item\n|clearpoke\n|poke|p1|Charizard, L50, F|\n|poke|p1|Whimsicott, L50, M|\n|poke|p1|Venusaur, L50, M|\n|poke|p1|Incineroar, L50, F|\n|poke|p1|Garchomp, L50, F|\n|poke|p1|Sneasler, L50, M|\n|poke|p2|Charizard, L50, F|\n|poke|p2|Venusaur, L50, M|\n|poke|p2|Umbreon, L50, M|\n|poke|p2|Whimsicott, L50, M|\n|poke|p2|Arcanine-Hisui, L50, F|\n|poke|p2|Aegislash, L50, F|\n|teampreview|4\n|inactive|Battle timer is ON: inactive players will automatically lose when time's up. (requested by Lukappa_k117)\n|inactive|injuryreserv3 has 60 seconds left.\n|\n|t:|1775989751\n|teamsize|p1|4\n|teamsize|p2|4\n|start\n|switch|p1a: Charizard|Charizard, L50, F|100/100\n|switch|p1b: Whimsicott|Whimsicott, L50, M|100/100\n|switch|p2a: Arcanine|Arcanine-Hisui, L50, F|100/100\n|switch|p2b: Whimsicott|Whimsicott, L50, M|100/100\n|-ability|p2a: Arcanine|Intimidate|boost\n|-unboost|p1a: Charizard|atk|1\n|-unboost|p1b: Whimsicott|atk|1\n|turn|1\n|\n|t:|1775989766\n|detailschange|p1a: Charizard|Charizard-Mega-Y, L50, F\n|-mega|p1a: Charizard|Charizard|Charizardite Y\n|-weather|SunnyDay|[from] ability: Drought|[of] p1a: Charizard\n|move|p2b: Whimsicott|Tailwind|p2b: Whimsicott\n|-sidestart|p2: Lukappa_k117|move: Tailwind\n|move|p1b: Whimsicott|Tailwind|p1b: Whimsicott\n|-sidestart|p1: injuryreserv3|move: Tailwind\n|move|p2a: Arcanine|Rock Slide|p1a: Charizard|[spread] p1a,p1b\n|-supereffective|p1a: Charizard|2\n|-damage|p1a: Charizard|0 fnt\n|-damage|p1b: Whimsicott|60/100\n|faint|p1a: Charizard\n|\n|-weather|SunnyDay|[upkeep]\n|upkeep\n|\n|t:|1775989781\n|switch|p1a: Sneasler|Sneasler, L50, M|100/100\n|turn|2\n|\n|t:|1775989791\n|switch|p2a: Venusaur|Venusaur, L50, M|100/100\n|move|p1b: Whimsicott|Protect|p1b: Whimsicott\n|-singleturn|p1b: Whimsicott|Protect\n|move|p2b: Whimsicott|Encore|p1b: Whimsicott\n|-activate|p1b: Whimsicott|move: Protect\n|move|p1a: Sneasler|Dire Claw|p2b: Whimsicott\n|-supereffective|p2b: Whimsicott|2\n|-enditem|p2b: Whimsicott|Focus Sash\n|-damage|p2b: Whimsicott|1/100\n|\n|-weather|SunnyDay|[upkeep]\n|upkeep\n|turn|3\n|inactive|injuryreserv3 has 30 seconds left.\n|\n|t:|1775989817\n|switch|p1b: Incineroar|Incineroar, L50, F|100/100\n|-ability|p1b: Incineroar|Intimidate|boost\n|-unboost|p2a: Venusaur|atk|1\n|-unboost|p2b: Whimsicott|atk|1\n|move|p2b: Whimsicott|Encore|p1b: Incineroar\n|-hint|Since gen 7, Dark is immune to Prankster moves.\n|-immune|p1b: Incineroar\n|move|p2a: Venusaur|Earth Power|p1a: Sneasler\n|-supereffective|p1a: Sneasler|1\n|-damage|p1a: Sneasler|25/100\n|move|p1a: Sneasler|Dire Claw|p2a: Venusaur\n|-damage|p2a: Venusaur|35/100\n|\n|-weather|SunnyDay|[upkeep]\n|upkeep\n|turn|4\n|\n|t:|1775989841\n|switch|p2b: Arcanine|Arcanine-Hisui, L50, F|100/100\n|-ability|p2b: Arcanine|Intimidate|boost\n|-unboost|p1a: Sneasler|atk|1\n|-unboost|p1b: Incineroar|atk|1\n|-enditem|p1a: Sneasler|White Herb\n|-clearnegativeboost|p1a: Sneasler|[silent]\n|move|p1b: Incineroar|Fake Out|p2a: Venusaur\n|-damage|p2a: Venusaur|25/100\n|move|p1a: Sneasler|U-turn|p2b: Arcanine\n|-resisted|p2b: Arcanine|1\n|-damage|p2b: Arcanine|84/100\n|\n|t:|1775989853\n|switch|p1a: Whimsicott|Whimsicott, L50, M|60/100|[from] U-turn\n|cant|p2a: Venusaur|flinch\n|\n|-weather|SunnyDay|[upkeep]\n|-sideend|p1: injuryreserv3|move: Tailwind\n|-sideend|p2: Lukappa_k117|move: Tailwind\n|upkeep\n|turn|5\n|\n|t:|1775989876\n|move|p1a: Whimsicott|Protect|p1a: Whimsicott\n|-singleturn|p1a: Whimsicott|Protect\n|move|p2a: Venusaur|Sleep Powder|p1b: Incineroar\n|-status|p1b: Incineroar|slp|[from] move: Sleep Powder\n|move|p2b: Arcanine|Flare Blitz|p1a: Whimsicott\n|-activate|p1a: Whimsicott|move: Protect\n|cant|p1b: Incineroar|slp\n|\n|-weather|none\n|upkeep\n|turn|6\n|inactive|injuryreserv3 has 30 seconds left.\n|inactive|injuryreserv3 has 20 seconds left.\n|inactive|injuryreserv3 has 15 seconds left.\n|\n|t:|1775989918\n|move|p1a: Whimsicott|Moonblast|p2a: Venusaur\n|-resisted|p2a: Venusaur|1\n|-damage|p2a: Venusaur|0 fnt\n|faint|p2a: Venusaur\n|move|p2b: Arcanine|Flare Blitz|p1a: Whimsicott\n|-supereffective|p1a: Whimsicott|1\n|-crit|p1a: Whimsicott\n|-damage|p1a: Whimsicott|0 fnt\n|faint|p1a: Whimsicott\n|-damage|p2b: Arcanine|69/100|[from] Recoil\n|cant|p1b: Incineroar|slp\n|\n|upkeep\n|\n|t:|1775989928\n|switch|p1a: Sneasler|Sneasler, L50, M|25/100\n|switch|p2a: Charizard|Charizard, L50, F|100/100\n|turn|7\n|inactive|injuryreserv3 has 30 seconds left.\n|inactive|injuryreserv3 has 20 seconds left.\n|inactive|injuryreserv3 has 15 seconds left.\n|inactive|injuryreserv3 has 10 seconds left.\n|inactive|injuryreserv3 has 5 seconds left.\n|\n|t:|1775989982\n|detailschange|p2a: Charizard|Charizard-Mega-Y, L50, F\n|-mega|p2a: Charizard|Charizard|Charizardite Y\n|-weather|SunnyDay|[from] ability: Drought|[of] p2a: Charizard\n|move|p2b: Arcanine|Extreme Speed|p1a: Sneasler\n|-damage|p1a: Sneasler|0 fnt\n|faint|p1a: Sneasler\n|move|p2a: Charizard|Heat Wave|p1b: Incineroar\n|-resisted|p1b: Incineroar|1\n|-damage|p1b: Incineroar|64/100 slp\n|-curestatus|p1b: Incineroar|slp|[msg]\n|move|p1b: Incineroar|Flare Blitz|p2a: Charizard\n|-resisted|p2a: Charizard|1\n|-damage|p2a: Charizard|68/100\n|-damage|p1b: Incineroar|56/100|[from] Recoil\n|\n|-weather|SunnyDay|[upkeep]\n|-heal|p1b: Incineroar|62/100|[from] item: Leftovers\n|upkeep\n|turn|8\n|\n|t:|1775990006\n|move|p2a: Charizard|Protect|p2a: Charizard\n|-singleturn|p2a: Charizard|Protect\n|move|p2b: Arcanine|Rock Slide|p1b: Incineroar\n|-supereffective|p1b: Incineroar|1\n|-damage|p1b: Incineroar|0 fnt\n|faint|p1b: Incineroar\n|\n|win|Lukappa_k117\n|raw|injuryreserv3's rating: 1103 &rarr; <strong>1074</strong><br />(-29 for losing)\n|raw|Lukappa_k117's rating: 1040 &rarr; <strong>1080</strong><br />(+40 for winning)\n|c|\u2606injuryreserv3|gg\n|l|\u2606injuryreserv3\n|player|p1|\n",
  "uploadtime": 1775990031,
  "views": 42,
  "formatid": "gen9championsvgc2026regma",
  "rating": 1074,
  "private": 0,
  "password": null
}