{
  "id": "gen9championsvgc2026regma-2587003907",
  "format": "[Gen 9 Champions] VGC 2026 Reg M-A",
  "players": [
    "Hydrator16",
    "Piggy369"
  ],
  "log": "|j|\u2606Hydrator16\n|j|\u2606Piggy369\n|t:|1776480251\n|gametype|doubles\n|player|p1|Hydrator16|pokemonbreeder-gen4|1044\n|player|p2|Piggy369|cynthia-gen4|1063\n|gen|9\n|tier|[Gen 9 Champions] VGC 2026 Reg M-A\n|rated|\n|rule|Species Clause: Limit one of each Pok\u00e9mon\n|rule|Item Clause: Limit 1 of each item\n|clearpoke\n|poke|p1|Scovillain, L50, F|\n|poke|p1|Appletun, L50, F|\n|poke|p1|Vanilluxe, L50, M|\n|poke|p1|Rotom-Frost, L50|\n|poke|p1|Sinistcha, L50|\n|poke|p1|Slurpuff, L50, M|\n|poke|p2|Archaludon, L50, F|\n|poke|p2|Pelipper, L50, M|\n|poke|p2|Sneasler, L50, F|\n|poke|p2|Incineroar, L50, M|\n|poke|p2|Basculegion, L50, M|\n|poke|p2|Gengar, L50, F|\n|teampreview|4\n|inactive|Battle timer is ON: inactive players will automatically lose when time's up. (requested by Piggy369)\n|inactive|Hydrator16 has 60 seconds left.\n|\n|t:|1776480301\n|teamsize|p1|4\n|teamsize|p2|4\n|start\n|switch|p1a: Vanilluxe|Vanilluxe, L50, M|100/100\n|switch|p1b: Rotom|Rotom-Frost, L50|100/100\n|switch|p2a: Sneasler|Sneasler, L50, F|100/100\n|switch|p2b: Basculegion|Basculegion, L50, M|100/100\n|-weather|Snowscape|[from] ability: Snow Warning|[of] p1a: Vanilluxe\n|turn|1\n|inactive|Hydrator16 has 30 seconds left.\n|inactive|Hydrator16 has 20 seconds left.\n|inactive|Hydrator16 has 15 seconds left.\n|\n|t:|1776480344\n|switch|p1b: Sinistcha|Sinistcha, L50|100/100\n|switch|p2a: Pelipper|Pelipper, L50, M|100/100\n|-weather|RainDance|[from] ability: Drizzle|[of] p2a: Pelipper\n|move|p2b: Basculegion|Wave Crash|p1a: Vanilluxe\n|-damage|p1a: Vanilluxe|0 fnt\n|faint|p1a: Vanilluxe\n|-damage|p2b: Basculegion|71/100|[from] Recoil\n|\n|-weather|RainDance|[upkeep]\n|upkeep\n|\n|t:|1776480356\n|switch|p1a: Rotom|Rotom-Frost, L50|100/100\n|turn|2\n|\n|t:|1776480366\n|switch|p2b: Archaludon|Archaludon, L50, F|100/100\n|move|p2a: Pelipper|Protect|p2a: Pelipper\n|-singleturn|p2a: Pelipper|Protect\n|move|p1b: Sinistcha|Rage Powder|p1b: Sinistcha\n|-singleturn|p1b: Sinistcha|move: Rage Powder\n|move|p1a: Rotom|Volt Switch|p2a: Pelipper\n|-activate|p2a: Pelipper|move: Protect\n|\n|-weather|RainDance|[upkeep]\n|upkeep\n|turn|3\n|\n|t:|1776480385\n|switch|p2a: Sneasler|Sneasler, L50, F|100/100\n|move|p1a: Rotom|Volt Switch|p2a: Sneasler\n|-damage|p2a: Sneasler|58/100\n|\n|t:|1776480392\n|switch|p1a: Scovillain|Scovillain, L50, F|100/100|[from] Volt Switch\n|move|p2b: Archaludon|Electro Shot||[still]\n|-prepare|p2b: Archaludon|Electro Shot\n|-boost|p2b: Archaludon|spa|1\n|-anim|p2b: Archaludon|Electro Shot|p1a: Scovillain\n|-resisted|p1a: Scovillain|1\n|-damage|p1a: Scovillain|67/100\n|move|p1b: Sinistcha|Matcha Gotcha|p2b: Archaludon|[spread] p2b\n|-miss|p1b: Sinistcha|p2a: Sneasler\n|-resisted|p2b: Archaludon|2\n|-damage|p2b: Archaludon|94/100\n|-status|p2b: Archaludon|brn\n|-ability|p2b: Archaludon|Stamina|boost\n|-boost|p2b: Archaludon|def|1\n|\n|-weather|RainDance|[upkeep]\n|-heal|p2b: Archaludon|100/100 brn|[from] item: Leftovers\n|-damage|p2b: Archaludon|94/100 brn|[from] brn\n|-ability|p1a: Scovillain|Moody|boost\n|-boost|p1a: Scovillain|def|2\n|-unboost|p1a: Scovillain|spa|1\n|upkeep\n|turn|4\n|inactive|Hydrator16 has 30 seconds left.\n|inactive|Piggy369 has 30 seconds left.\n|\n|t:|1776480420\n|switch|p2a: Pelipper|Pelipper, L50, M|100/100\n|move|p2b: Archaludon|Protect|p2b: Archaludon\n|-singleturn|p2b: Archaludon|Protect\n|move|p1a: Scovillain|Protect|p1a: Scovillain\n|-singleturn|p1a: Scovillain|Protect\n|move|p1b: Sinistcha|Trick Room|p1b: Sinistcha\n|-fieldstart|move: Trick Room|[of] p1b: Sinistcha\n|\n|-weather|RainDance|[upkeep]\n|-heal|p2b: Archaludon|100/100 brn|[from] item: Leftovers\n|-damage|p2b: Archaludon|94/100 brn|[from] brn\n|-ability|p1a: Scovillain|Moody|boost\n|-boost|p1a: Scovillain|def|2\n|-unboost|p1a: Scovillain|spa|1\n|upkeep\n|turn|5\n|inactive|Hydrator16 has 30 seconds left.\n|inactive|Piggy369 has 30 seconds left.\n|\n|t:|1776480448\n|switch|p1b: Rotom|Rotom-Frost, L50|100/100\n|detailschange|p1a: Scovillain|Scovillain-Mega, L50, F\n|-mega|p1a: Scovillain|Scovillain|Scovillainite\n|move|p1a: Scovillain|Leech Seed|p2b: Archaludon\n|-start|p2b: Archaludon|move: Leech Seed\n|move|p2b: Archaludon|Draco Meteor|p1a: Scovillain\n|-damage|p1a: Scovillain|0 fnt\n|-unboost|p2b: Archaludon|spa|2\n|faint|p1a: Scovillain\n|move|p2a: Pelipper|Hurricane|p1b: Rotom\n|-resisted|p1b: Rotom|1\n|-damage|p1b: Rotom|68/100\n|\n|-weather|none\n|-heal|p2b: Archaludon|100/100 brn|[from] item: Leftovers\n|-damage|p2b: Archaludon|94/100 brn|[from] brn\n|upkeep\n|\n|t:|1776480463\n|switch|p1a: Sinistcha|Sinistcha, L50|100/100\n|-heal|p1b: Rotom|92/100|[from] ability: Hospitality|[of] p1a: Sinistcha\n|turn|6\n|inactive|Hydrator16 has 30 seconds left.\n|\n|t:|1776480494\n|switch|p2b: Sneasler|Sneasler, L50, F|58/100\n|switch|p2a: Basculegion|Basculegion, L50, M|71/100\n|move|p1a: Sinistcha|Matcha Gotcha|p2a: Basculegion|[spread] p2a,p2b\n|-supereffective|p2a: Basculegion|1\n|-resisted|p2b: Sneasler|1\n|-damage|p2a: Basculegion|18/100\n|-damage|p2b: Sneasler|43/100\n|move|p1b: Rotom|Trick|p2b: Sneasler\n|-activate|p1b: Rotom|move: Trick|[of] p2b: Sneasler\n|-item|p2b: Sneasler|Choice Scarf|[from] move: Trick\n|-item|p1b: Rotom|White Herb|[from] move: Trick\n|\n|upkeep\n|turn|7\n|inactive|Hydrator16 has 30 seconds left.\n|inactive|Hydrator16 has 20 seconds left.\n|\n|t:|1776480530\n|move|p2a: Basculegion|Protect|p2a: Basculegion\n|-singleturn|p2a: Basculegion|Protect\n|move|p1a: Sinistcha|Rage Powder|p1a: Sinistcha\n|-singleturn|p1a: Sinistcha|move: Rage Powder\n|move|p1b: Rotom|Volt Switch|p2b: Sneasler\n|-damage|p2b: Sneasler|2/100\n|move|p2b: Sneasler|Close Combat|p1a: Sinistcha\n|-immune|p1a: Sinistcha\n|\n|upkeep\n|turn|8\n|\n|t:|1776480554\n|switch|p2a: Archaludon|Archaludon, L50, F|94/100 brn\n|switch|p2b: Pelipper|Pelipper, L50, M|100/100\n|-weather|RainDance|[from] ability: Drizzle|[of] p2b: Pelipper\n|move|p1a: Sinistcha|Matcha Gotcha|p2b: Pelipper|[spread] p2a,p2b\n|-resisted|p2a: Archaludon|2\n|-damage|p2a: Archaludon|89/100 brn\n|-damage|p2b: Pelipper|55/100\n|-ability|p2a: Archaludon|Stamina|boost\n|-boost|p2a: Archaludon|def|1\n|move|p1b: Rotom|Trick|p2a: Archaludon\n|-activate|p1b: Rotom|move: Trick|[of] p2a: Archaludon\n|-item|p2a: Archaludon|White Herb|[from] move: Trick\n|-item|p1b: Rotom|Leftovers|[from] move: Trick\n|\n|-weather|RainDance|[upkeep]\n|-heal|p1b: Rotom|98/100|[from] item: Leftovers\n|-damage|p2a: Archaludon|83/100 brn|[from] brn\n|-fieldend|move: Trick Room\n|upkeep\n|turn|9\n|inactive|Hydrator16 has 30 seconds left.\n|inactive|Piggy369 has 30 seconds left.\n|inactive|Piggy369 has 20 seconds left.\n|\n|t:|1776480589\n|move|p1b: Rotom|Volt Switch|p2b: Pelipper\n|-supereffective|p2b: Pelipper|2\n|-damage|p2b: Pelipper|0 fnt\n|faint|p2b: Pelipper\n|move|p2a: Archaludon|Draco Meteor|p1a: Sinistcha|[miss]\n|-miss|p2a: Archaludon|p1a: Sinistcha\n|move|p1a: Sinistcha|Trick Room|p1a: Sinistcha\n|-fieldstart|move: Trick Room|[of] p1a: Sinistcha\n|\n|-weather|RainDance|[upkeep]\n|-heal|p1b: Rotom|100/100|[from] item: Leftovers\n|-damage|p2a: Archaludon|77/100 brn|[from] brn\n|upkeep\n|\n|t:|1776480592\n|switch|p2b: Basculegion|Basculegion, L50, M|18/100\n|turn|10\n|\n|t:|1776480609\n|move|p2b: Basculegion|Protect|p2b: Basculegion\n|-singleturn|p2b: Basculegion|Protect\n|move|p1a: Sinistcha|Matcha Gotcha|p2a: Archaludon|[spread] \n|-activate|p2b: Basculegion|move: Protect\n|-miss|p1a: Sinistcha|p2a: Archaludon\n|move|p2a: Archaludon|Draco Meteor|p1a: Sinistcha\n|-damage|p1a: Sinistcha|26/100\n|-unboost|p2a: Archaludon|spa|2\n|-enditem|p2a: Archaludon|White Herb\n|-clearnegativeboost|p2a: Archaludon|[silent]\n|move|p1b: Rotom|Hex|p2a: Archaludon\n|-damage|p2a: Archaludon|40/100 brn\n|-ability|p2a: Archaludon|Stamina|boost\n|-boost|p2a: Archaludon|def|1\n|\n|-weather|RainDance|[upkeep]\n|-heal|p1a: Sinistcha|32/100|[from] item: Leftovers\n|-damage|p2a: Archaludon|34/100 brn|[from] brn\n|upkeep\n|turn|11\n|inactive|Piggy369 has 30 seconds left.\n|\n|t:|1776480634\n|move|p2a: Archaludon|Protect|p2a: Archaludon\n|-singleturn|p2a: Archaludon|Protect\n|move|p2b: Basculegion|Aqua Jet|p1a: Sinistcha\n|-resisted|p1a: Sinistcha|1\n|-crit|p1a: Sinistcha\n|-damage|p1a: Sinistcha|12/100\n|move|p1a: Sinistcha|Matcha Gotcha|p2a: Archaludon|[spread] p2b\n|-activate|p2a: Archaludon|move: Protect\n|-supereffective|p2b: Basculegion|1\n|-crit|p2b: Basculegion\n|-damage|p2b: Basculegion|0 fnt\n|-heal|p1a: Sinistcha|21/100|[from] drain|[of] p2b: Basculegion\n|faint|p2b: Basculegion\n|move|p1b: Rotom|Hex|p2a: Archaludon\n|-activate|p2a: Archaludon|move: Protect\n|\n|-weather|RainDance|[upkeep]\n|-heal|p1a: Sinistcha|27/100|[from] item: Leftovers\n|-damage|p2a: Archaludon|28/100 brn|[from] brn\n|upkeep\n|\n|t:|1776480642\n|switch|p2b: Sneasler|Sneasler, L50, F|2/100\n|turn|12\n|inactive|Hydrator16 has 30 seconds left.\n|inactive|Piggy369 has 30 seconds left.\n|\n|t:|1776480670\n|move|p2b: Sneasler|Protect|p2b: Sneasler\n|-singleturn|p2b: Sneasler|Protect\n|move|p1a: Sinistcha|Rage Powder|p1a: Sinistcha\n|-singleturn|p1a: Sinistcha|move: Rage Powder\n|move|p2a: Archaludon|Draco Meteor|p1a: Sinistcha\n|-damage|p1a: Sinistcha|0 fnt\n|-unboost|p2a: Archaludon|spa|2\n|faint|p1a: Sinistcha\n|move|p1b: Rotom|Hex|p2a: Archaludon\n|-damage|p2a: Archaludon|0 fnt\n|faint|p2a: Archaludon\n|\n|-weather|none\n|upkeep\n|turn|13\n|-message|Piggy369 forfeited.\n|\n|win|Hydrator16\n|raw|Hydrator16's rating: 1044 &rarr; <strong>1079</strong><br />(+35 for winning)\n|raw|Piggy369's rating: 1063 &rarr; <strong>1042</strong><br />(-21 for losing)\n|l|\u2606Piggy369\n|player|p2|\n",
  "uploadtime": 1776480696,
  "views": 22,
  "formatid": "gen9championsvgc2026regma",
  "rating": 1042,
  "private": 0,
  "password": null
}