{
  "id": "gen9championsvgc2026regma-2587388446",
  "format": "[Gen 9 Champions] VGC 2026 Reg M-A",
  "players": [
    "AWOLxSick",
    "brojonski"
  ],
  "log": "|j|\u2606AWOLxSick\n|j|\u2606brojonski\n|t:|1776527680\n|gametype|doubles\n|player|p1|AWOLxSick|unknown|1310\n|player|p2|brojonski|brock|1406\n|gen|9\n|tier|[Gen 9 Champions] VGC 2026 Reg M-A\n|rated|\n|rule|Species Clause: Limit one of each Pok\u00e9mon\n|rule|Item Clause: Limit 1 of each item\n|clearpoke\n|poke|p1|Tyranitar, L50, M|\n|poke|p1|Excadrill, L50, M|\n|poke|p1|Rotom-Heat, L50|\n|poke|p1|Sinistcha, L50|\n|poke|p1|Zoroark-Hisui, L50, M|\n|poke|p1|Aerodactyl, L50, F|\n|poke|p2|Tyranitar, L50, M|\n|poke|p2|Zoroark-Hisui, L50, F|\n|poke|p2|Primarina, L50, M|\n|poke|p2|Garchomp, L50, M|\n|poke|p2|Hawlucha, L50, M|\n|poke|p2|Excadrill, L50, F|\n|teampreview|4\n|inactive|Battle timer is ON: inactive players will automatically lose when time's up. (requested by brojonski)\n|inactive|AWOLxSick has 60 seconds left.\n|inactive|brojonski has 60 seconds left.\n|\n|t:|1776527739\n|teamsize|p1|4\n|teamsize|p2|4\n|start\n|switch|p1a: Aerodactyl|Aerodactyl, L50, F|100/100\n|switch|p1b: Excadrill|Excadrill, L50, M|100/100\n|switch|p2a: Tyranitar|Tyranitar, L50, M|100/100\n|switch|p2b: Excadrill|Excadrill, L50, F|100/100\n|-ability|p1a: Aerodactyl|Unnerve\n|-weather|Sandstorm|[from] ability: Sand Stream|[of] p2a: Tyranitar\n|turn|1\n|inactive|AWOLxSick has 30 seconds left.\n|inactive|brojonski has 30 seconds left.\n|\n|t:|1776527778\n|move|p1a: Aerodactyl|Protect|p1a: Aerodactyl\n|-singleturn|p1a: Aerodactyl|Protect\n|move|p2b: Excadrill|Iron Head|p1b: Excadrill\n|-damage|p1b: Excadrill|24/100\n|replace|p1b: Zoroark|Zoroark-Hisui, L50, M\n|-end|p1b: Zoroark|Illusion\n|move|p1b: Zoroark|Shadow Ball|p2b: Excadrill\n|-damage|p2b: Excadrill|40/100\n|-unboost|p2b: Excadrill|spd|1\n|move|p2a: Tyranitar|Crunch|p1b: Zoroark\n|-supereffective|p1b: Zoroark|1\n|-damage|p1b: Zoroark|0 fnt\n|faint|p1b: Zoroark\n|\n|-weather|Sandstorm|[upkeep]\n|upkeep\n|\n|t:|1776527792\n|switch|p1b: Excadrill|Excadrill, L50, M|100/100\n|turn|2\n|inactive|brojonski has 30 seconds left.\n|\n|t:|1776527828\n|move|p1b: Excadrill|Protect|p1b: Excadrill\n|-singleturn|p1b: Excadrill|Protect\n|move|p2b: Excadrill|Iron Head|p1a: Aerodactyl\n|-supereffective|p1a: Aerodactyl|1\n|-damage|p1a: Aerodactyl|0 fnt\n|faint|p1a: Aerodactyl\n|move|p2a: Tyranitar|Rock Slide|p1b: Excadrill\n|-activate|p1b: Excadrill|move: Protect\n|\n|-weather|Sandstorm|[upkeep]\n|upkeep\n|\n|t:|1776527839\n|switch|p1a: Tyranitar|Tyranitar, L50, M|100/100\n|turn|3\n|\n|t:|1776527853\n|move|p1a: Tyranitar|Protect|p1a: Tyranitar\n|-singleturn|p1a: Tyranitar|Protect\n|move|p2a: Tyranitar|Protect|p2a: Tyranitar\n|-singleturn|p2a: Tyranitar|Protect\n|move|p2b: Excadrill|Earthquake|p1a: Tyranitar|[spread] p1b\n|-activate|p2a: Tyranitar|move: Protect\n|-activate|p1a: Tyranitar|move: Protect\n|-supereffective|p1b: Excadrill|1\n|-enditem|p1b: Excadrill|Focus Sash\n|-damage|p1b: Excadrill|1/100\n|move|p1b: Excadrill|Earthquake|p2b: Excadrill|[spread] p2b\n|-activate|p1a: Tyranitar|move: Protect\n|-activate|p2a: Tyranitar|move: Protect\n|-supereffective|p2b: Excadrill|1\n|-damage|p2b: Excadrill|0 fnt\n|faint|p2b: Excadrill\n|\n|-weather|Sandstorm|[upkeep]\n|upkeep\n|\n|t:|1776527870\n|switch|p2b: Hawlucha|Hawlucha, L50, M|100/100\n|turn|4\n|\n|t:|1776527889\n|detailschange|p2b: Hawlucha|Hawlucha-Mega, L50, M\n|-mega|p2b: Hawlucha|Hawlucha|Hawluchanite\n|detailschange|p1a: Tyranitar|Tyranitar-Mega, L50, M\n|-mega|p1a: Tyranitar|Tyranitar|Tyranitarite\n|move|p1b: Excadrill|Rock Slide|p2a: Tyranitar|[spread] p2a,p2b\n|-damage|p2a: Tyranitar|81/100\n|-damage|p2b: Hawlucha|77/100\n|move|p2b: Hawlucha|Flying Press|p1a: Tyranitar\n|-supereffective|p1a: Tyranitar|1\n|-damage|p1a: Tyranitar|23/100\n|move|p1a: Tyranitar|Rock Slide|p2a: Tyranitar|[spread] p2a,p2b\n|-damage|p2a: Tyranitar|54/100\n|-damage|p2b: Hawlucha|31/100\n|cant|p2a: Tyranitar|flinch\n|\n|-weather|Sandstorm|[upkeep]\n|-damage|p2b: Hawlucha|25/100|[from] Sandstorm\n|upkeep\n|turn|5\n|\n|t:|1776527913\n|move|p2b: Hawlucha|Protect|p2b: Hawlucha\n|-singleturn|p2b: Hawlucha|Protect\n|move|p1a: Tyranitar|Protect|p1a: Tyranitar\n|-singleturn|p1a: Tyranitar|Protect\n|move|p1b: Excadrill|Rock Slide|p2b: Hawlucha|[spread] p2a\n|-activate|p2b: Hawlucha|move: Protect\n|-damage|p2a: Tyranitar|36/100\n|move|p2a: Tyranitar|Low Kick|p1b: Excadrill\n|-supereffective|p1b: Excadrill|1\n|-damage|p1b: Excadrill|0 fnt\n|faint|p1b: Excadrill\n|\n|-weather|none\n|upkeep\n|turn|6\n|\n|t:|1776527928\n|move|p2b: Hawlucha|Flying Press|p1a: Tyranitar\n|-supereffective|p1a: Tyranitar|1\n|-damage|p1a: Tyranitar|0 fnt\n|faint|p1a: Tyranitar\n|\n|win|brojonski\n|raw|AWOLxSick's rating: 1310 &rarr; <strong>1295</strong><br />(-15 for losing)\n|raw|brojonski's rating: 1406 &rarr; <strong>1421</strong><br />(+15 for winning)\n|l|\u2606AWOLxSick\n|player|p1|\n",
  "uploadtime": 1776527933,
  "views": 22,
  "formatid": "gen9championsvgc2026regma",
  "rating": 1295,
  "private": 0,
  "password": null
}