{
  "id": "gen9championsvgc2026regma-2583802129",
  "format": "[Gen 9 Champions] VGC 2026 Reg M-A",
  "players": [
    "BonkandGleepus",
    "acutookphotowithme"
  ],
  "log": "|j|\u2606BonkandGleepus\n|j|\u2606acutookphotowithme\n|t:|1776198757\n|gametype|doubles\n|player|p1|BonkandGleepus|dawn|1097\n|player|p2|acutookphotowithme|1|1005\n|gen|9\n|tier|[Gen 9 Champions] VGC 2026 Reg M-A\n|rated|\n|rule|Species Clause: Limit one of each Pok\u00e9mon\n|rule|Item Clause: Limit 1 of each item\n|clearpoke\n|poke|p1|Lopunny, L50, F|\n|poke|p1|Sneasler, L50, M|\n|poke|p1|Kingambit, L50, M|\n|poke|p1|Rotom-Wash, L50|\n|poke|p1|Aerodactyl, L50, M|\n|poke|p1|Zoroark-Hisui, L50, F|\n|poke|p2|Incineroar, L50, M|\n|poke|p2|Sinistcha, L50|\n|poke|p2|Froslass, L50, F|\n|poke|p2|Aegislash, L50, M|\n|poke|p2|Whimsicott, L50, F|\n|poke|p2|Feraligatr, L50, F|\n|teampreview|4\n|inactive|Battle timer is ON: inactive players will automatically lose when time's up. (requested by acutookphotowithme)\n|inactive|acutookphotowithme has 60 seconds left.\n|\n|t:|1776198789\n|teamsize|p1|4\n|teamsize|p2|4\n|start\n|switch|p1a: Sneasler|Sneasler, L50, M|100/100\n|switch|p1b: Rotom|Rotom-Wash, L50|100/100\n|switch|p2a: Froslass|Froslass, L50, F|100/100\n|switch|p2b: Whimsicott|Whimsicott, L50, F|100/100\n|turn|1\n|inactive|acutookphotowithme has 30 seconds left.\n|inactive|acutookphotowithme has 20 seconds left.\n|\n|t:|1776198828\n|detailschange|p2a: Froslass|Froslass-Mega, L50, F\n|-mega|p2a: Froslass|Froslass|Froslassite\n|-weather|Snowscape|[from] ability: Snow Warning|[of] p2a: Froslass\n|move|p1a: Sneasler|Fake Out|p2b: Whimsicott\n|-damage|p2b: Whimsicott|82/100\n|cant|p2b: Whimsicott|flinch\n|move|p1b: Rotom|Taunt|p2b: Whimsicott\n|-start|p2b: Whimsicott|move: Taunt\n|move|p2a: Froslass|Blizzard|p1b: Rotom|[spread] p1a,p1b\n|-damage|p1a: Sneasler|29/100\n|-damage|p1b: Rotom|3/100\n|replace|p1b: Zoroark|Zoroark-Hisui, L50, F\n|-end|p1b: Zoroark|Illusion\n|\n|-weather|Snowscape|[upkeep]\n|upkeep\n|turn|2\n|\n|t:|1776198853\n|switch|p2b: Feraligatr|Feraligatr, L50, F|100/100\n|move|p2a: Froslass|Protect|p2a: Froslass\n|-singleturn|p2a: Froslass|Protect\n|move|p1b: Zoroark|Shadow Ball|p2a: Froslass\n|-activate|p2a: Froslass|move: Protect\n|move|p1a: Sneasler|Dire Claw|p2b: Feraligatr\n|-damage|p2b: Feraligatr|56/100\n|\n|-weather|Snowscape|[upkeep]\n|upkeep\n|turn|3\n|\n|t:|1776198868\n|switch|p2a: Whimsicott|Whimsicott, L50, F|82/100\n|move|p1b: Zoroark|Shadow Ball|p2a: Whimsicott\n|-damage|p2a: Whimsicott|1/100\n|move|p1a: Sneasler|Dire Claw|p2b: Feraligatr\n|-damage|p2b: Feraligatr|12/100\n|-status|p2b: Feraligatr|slp\n|cant|p2b: Feraligatr|slp\n|\n|-weather|Snowscape|[upkeep]\n|upkeep\n|turn|4\n|inactive|acutookphotowithme has 30 seconds left.\n|inactive|acutookphotowithme has 20 seconds left.\n|\n|t:|1776198903\n|switch|p1a: Lopunny|Lopunny, L50, F|100/100\n|move|p2a: Whimsicott|Tailwind|p2a: Whimsicott\n|-sidestart|p2: acutookphotowithme|move: Tailwind\n|cant|p2b: Feraligatr|slp\n|move|p1b: Zoroark|Hyper Voice|p2a: Whimsicott|[spread] p2a,p2b\n|-damage|p2a: Whimsicott|0 fnt\n|-damage|p2b: Feraligatr|0 fnt\n|faint|p2a: Whimsicott\n|faint|p2b: Feraligatr\n|\n|-weather|Snowscape|[upkeep]\n|upkeep\n|\n|t:|1776198912\n|switch|p2a: Froslass|Froslass-Mega, L50, F|100/100\n|switch|p2b: Aegislash|Aegislash, L50, M|100/100\n|turn|5\n|inactive|BonkandGleepus has 30 seconds left.\n|\n|t:|1776198941\n|detailschange|p1a: Lopunny|Lopunny-Mega, L50, F\n|-mega|p1a: Lopunny|Lopunny|Lopunnite\n|move|p1a: Lopunny|Fake Out|p2a: Froslass\n|-damage|p2a: Froslass|76/100\n|cant|p2a: Froslass|flinch\n|move|p1b: Zoroark|Shadow Ball|p2a: Froslass\n|-supereffective|p2a: Froslass|1\n|-damage|p2a: Froslass|0 fnt\n|faint|p2a: Froslass\n|-formechange|p2b: Aegislash|Aegislash-Blade|\n|move|p2b: Aegislash|Sacred Sword|p1a: Lopunny\n|-supereffective|p1a: Lopunny|1\n|-damage|p1a: Lopunny|8/100\n|\n|-weather|none\n|upkeep\n|turn|6\n|inactive|BonkandGleepus has 30 seconds left.\n|-message|acutookphotowithme forfeited.\n|\n|win|BonkandGleepus\n|raw|BonkandGleepus's rating: 1097 &rarr; <strong>1116</strong><br />(+19 for winning)\n|raw|acutookphotowithme's rating: 1005 &rarr; <strong>1000</strong><br />(-5 for losing)\n|l|\u2606acutookphotowithme\n|player|p2|\n",
  "uploadtime": 1776199003,
  "views": 26,
  "formatid": "gen9championsvgc2026regma",
  "rating": 1000,
  "private": 0,
  "password": null
}