{
  "id": "gen9championsvgc2026regma-2586127364",
  "format": "[Gen 9 Champions] VGC 2026 Reg M-A",
  "players": [
    "Ramicane",
    "docilezard"
  ],
  "log": "|j|\u2606Ramicane\n|j|\u2606docilezard\n|t:|1776402321\n|gametype|doubles\n|player|p1|Ramicane|veteran|1030\n|player|p2|docilezard|170|1107\n|gen|9\n|tier|[Gen 9 Champions] VGC 2026 Reg M-A\n|rated|\n|rule|Species Clause: Limit one of each Pok\u00e9mon\n|rule|Item Clause: Limit 1 of each item\n|clearpoke\n|poke|p1|Umbreon, L50, F|\n|poke|p1|Torkoal, L50, M|\n|poke|p1|Slowking-Galar, L50, M|\n|poke|p1|Camerupt, L50, F|\n|poke|p1|Reuniclus, L50, F|\n|poke|p1|Araquanid, L50, M|\n|poke|p2|Archaludon, L50, F|\n|poke|p2|Basculegion, L50, M|\n|poke|p2|Pelipper, L50, M|\n|poke|p2|Meganium, L50, M|\n|poke|p2|Maushold, L50|\n|poke|p2|Tauros-Paldea-Aqua, L50, M|\n|teampreview|4\n|\n|t:|1776402383\n|teamsize|p1|4\n|teamsize|p2|4\n|start\n|switch|p1a: Umbreon|Umbreon, L50, F|100/100\n|switch|p1b: Reuniclus|Reuniclus, L50, F|100/100\n|switch|p2a: Basculegion|Basculegion, L50, M|100/100\n|switch|p2b: Maushold|Maushold, L50|100/100\n|turn|1\n|\n|t:|1776402418\n|move|p2a: Basculegion|Last Respects|p1b: Reuniclus\n|-supereffective|p1b: Reuniclus|1\n|-damage|p1b: Reuniclus|48/100\n|move|p2b: Maushold|Population Bomb|p1b: Reuniclus\n|-damage|p1b: Reuniclus|39/100\n|-damage|p1b: Reuniclus|31/100\n|-damage|p1b: Reuniclus|23/100\n|-damage|p1b: Reuniclus|15/100\n|-damage|p1b: Reuniclus|8/100\n|-damage|p1b: Reuniclus|1/100\n|-hitcount|p1b: Reuniclus|6\n|move|p1a: Umbreon|Curse|p1a: Umbreon\n|-unboost|p1a: Umbreon|spe|1\n|-boost|p1a: Umbreon|atk|1\n|-boost|p1a: Umbreon|def|1\n|move|p1b: Reuniclus|Focus Blast|p2b: Maushold|[miss]\n|-miss|p1b: Reuniclus|p2b: Maushold\n|\n|-heal|p1b: Reuniclus|7/100|[from] item: Leftovers\n|upkeep\n|turn|2\n|inactive|Battle timer is ON: inactive players will automatically lose when time's up. (requested by Ramicane)\n|\n|t:|1776402495\n|move|p1b: Reuniclus|Protect|p1b: Reuniclus\n|-singleturn|p1b: Reuniclus|Protect\n|move|p2b: Maushold|Follow Me|p2b: Maushold\n|-singleturn|p2b: Maushold|move: Follow Me\n|move|p2a: Basculegion|Last Respects|p1b: Reuniclus\n|-activate|p1b: Reuniclus|move: Protect\n|move|p1a: Umbreon|Crunch|p2b: Maushold\n|-damage|p2b: Maushold|32/100\n|-unboost|p2b: Maushold|def|1\n|\n|-heal|p1b: Reuniclus|13/100|[from] item: Leftovers\n|upkeep\n|turn|3\n|inactive|Ramicane has 30 seconds left.\n|inactive|docilezard has 30 seconds left.\n|\n|t:|1776402529\n|switch|p1b: Araquanid|Araquanid, L50, M|100/100\n|move|p2b: Maushold|Follow Me|p2b: Maushold\n|-singleturn|p2b: Maushold|move: Follow Me\n|move|p2a: Basculegion|Last Respects|p1b: Araquanid\n|-crit|p1b: Araquanid\n|-damage|p1b: Araquanid|50/100\n|move|p1a: Umbreon|Crunch|p2b: Maushold\n|-damage|p2b: Maushold|0 fnt\n|faint|p2b: Maushold\n|\n|upkeep\n|inactive|docilezard has 30 seconds left.\n|\n|t:|1776402557\n|switch|p2b: Archaludon|Archaludon, L50, F|100/100\n|turn|4\n|\n|t:|1776402575\n|switch|p2a: Pelipper|Pelipper, L50, M|100/100\n|-weather|RainDance|[from] ability: Drizzle|[of] p2a: Pelipper\n|move|p1b: Araquanid|Protect|p1b: Araquanid\n|-singleturn|p1b: Araquanid|Protect\n|move|p2b: Archaludon|Electro Shot||[still]\n|-prepare|p2b: Archaludon|Electro Shot\n|-boost|p2b: Archaludon|spa|1\n|-anim|p2b: Archaludon|Electro Shot|p1b: Araquanid\n|-activate|p1b: Araquanid|move: Protect\n|move|p1a: Umbreon|Crunch|p2a: Pelipper\n|-damage|p2a: Pelipper|29/100\n|\n|-weather|RainDance|[upkeep]\n|upkeep\n|turn|5\n|inactive|Ramicane has 30 seconds left.\n|inactive|docilezard has 30 seconds left.\n|inactive|docilezard has 20 seconds left.\n|inactive|docilezard has 15 seconds left.\n|\n|t:|1776402618\n|switch|p1b: Torkoal|Torkoal, L50, M|100/100\n|-weather|SunnyDay|[from] ability: Drought|[of] p1b: Torkoal\n|move|p2b: Archaludon|Electro Shot||[still]\n|-prepare|p2b: Archaludon|Electro Shot\n|-boost|p2b: Archaludon|spa|1\n|move|p2a: Pelipper|Tailwind|p2a: Pelipper\n|-sidestart|p2: docilezard|move: Tailwind\n|move|p1a: Umbreon|Crunch|p2a: Pelipper\n|-damage|p2a: Pelipper|0 fnt\n|faint|p2a: Pelipper\n|\n|-weather|SunnyDay|[upkeep]\n|upkeep\n|\n|t:|1776402634\n|switch|p2a: Basculegion|Basculegion, L50, M|100/100\n|turn|6\n|\n|t:|1776402646\n|move|p1b: Torkoal|Protect|p1b: Torkoal\n|-singleturn|p1b: Torkoal|Protect\n|move|p2a: Basculegion|Last Respects|p1b: Torkoal\n|-activate|p1b: Torkoal|move: Protect\n|move|p2b: Archaludon|Electro Shot|p1b: Torkoal|[from] lockedmove\n|-activate|p1b: Torkoal|move: Protect\n|move|p1a: Umbreon|Crunch|p2a: Basculegion\n|-supereffective|p2a: Basculegion|1\n|-damage|p2a: Basculegion|0 fnt\n|faint|p2a: Basculegion\n|\n|-weather|SunnyDay|[upkeep]\n|upkeep\n|turn|7\n|-message|docilezard forfeited.\n|\n|win|Ramicane\n|raw|Ramicane's rating: 1030 &rarr; <strong>1073</strong><br />(+43 for winning)\n|raw|docilezard's rating: 1107 &rarr; <strong>1077</strong><br />(-30 for losing)\n|l|\u2606docilezard\n|player|p2|\n|c|\u2606Ramicane|gg\n",
  "uploadtime": 1776402667,
  "views": 22,
  "formatid": "gen9championsvgc2026regma",
  "rating": 1073,
  "private": 0,
  "password": null
}