{
  "id": "gen9championsvgc2026regma-2581943885",
  "format": "[Gen 9 Champions] VGC 2026 Reg M-A",
  "players": [
    "DarthPug03",
    "Boogiepop4"
  ],
  "log": "|j|\u2606DarthPug03\n|j|\u2606Boogiepop4\n|t:|1776041959\n|gametype|doubles\n|player|p1|DarthPug03|morty|1164\n|player|p2|Boogiepop4|101|1178\n|gen|9\n|tier|[Gen 9 Champions] VGC 2026 Reg M-A\n|rated|\n|rule|Species Clause: Limit one of each Pok\u00e9mon\n|rule|Item Clause: Limit 1 of each item\n|clearpoke\n|poke|p1|Charizard, L50, F|\n|poke|p1|Garchomp, L50, M|\n|poke|p1|Whimsicott, L50, M|\n|poke|p1|Kingambit, L50, F|\n|poke|p1|Sneasler, L50, F|\n|poke|p1|Rotom-Wash, L50|\n|poke|p2|Venusaur, L50, M|\n|poke|p2|Excadrill, L50, M|\n|poke|p2|Tyranitar, L50, M|\n|poke|p2|Talonflame, L50, F|\n|poke|p2|Rotom-Wash, L50|\n|poke|p2|Decidueye-Hisui, L50, M|\n|teampreview|4\n|inactive|Battle timer is ON: inactive players will automatically lose when time's up. (requested by Boogiepop4)\n|inactive|DarthPug03 also wants the timer to be on.\n|\n|t:|1776041986\n|teamsize|p1|4\n|teamsize|p2|4\n|start\n|switch|p1a: Garchomp|Garchomp, L50, M|100/100\n|switch|p1b: Whimsicott|Whimsicott, L50, M|100/100\n|switch|p2a: Talonflame|Talonflame, L50, F|100/100\n|switch|p2b: Rotom|Rotom-Wash, L50|100/100\n|turn|1\n|\n|t:|1776042005\n|move|p2a: Talonflame|Protect|p2a: Talonflame\n|-singleturn|p2a: Talonflame|Protect\n|move|p1a: Garchomp|Protect|p1a: Garchomp\n|-singleturn|p1a: Garchomp|Protect\n|move|p1b: Whimsicott|Tailwind|p1b: Whimsicott\n|-sidestart|p1: DarthPug03|move: Tailwind\n|move|p2b: Rotom|Will-O-Wisp|p1a: Garchomp\n|-activate|p1a: Garchomp|move: Protect\n|\n|upkeep\n|turn|2\n|\n|t:|1776042024\n|switch|p1a: Charizard|Charizard, L50, F|100/100\n|move|p1b: Whimsicott|Encore|p2a: Talonflame\n|-start|p2a: Talonflame|Encore\n|move|p2a: Talonflame|Protect||[still]\n|-fail|p2a: Talonflame\n|move|p2b: Rotom|Will-O-Wisp|p1a: Charizard\n|-immune|p1a: Charizard\n|\n|upkeep\n|turn|3\n|\n|t:|1776042041\n|detailschange|p1a: Charizard|Charizard-Mega-Y, L50, F\n|-mega|p1a: Charizard|Charizard|Charizardite Y\n|-weather|SunnyDay|[from] ability: Drought|[of] p1a: Charizard\n|move|p2a: Talonflame|Protect|p2a: Talonflame\n|-singleturn|p2a: Talonflame|Protect\n|move|p1b: Whimsicott|Moonblast|p2b: Rotom\n|-damage|p2b: Rotom|65/100\n|move|p1a: Charizard|Solar Beam||[still]\n|-prepare|p1a: Charizard|Solar Beam\n|-anim|p1a: Charizard|Solar Beam|p2b: Rotom\n|-supereffective|p2b: Rotom|1\n|-damage|p2b: Rotom|0 fnt\n|faint|p2b: Rotom\n|\n|-weather|SunnyDay|[upkeep]\n|upkeep\n|\n|t:|1776042053\n|switch|p2b: Tyranitar|Tyranitar, L50, M|100/100\n|-weather|Sandstorm|[from] ability: Sand Stream|[of] p2b: Tyranitar\n|turn|4\n|\n|t:|1776042061\n|switch|p1a: Garchomp|Garchomp, L50, M|100/100\n|switch|p2a: Excadrill|Excadrill, L50, M|100/100\n|move|p1b: Whimsicott|Moonblast|p2b: Tyranitar\n|-supereffective|p2b: Tyranitar|1\n|-damage|p2b: Tyranitar|59/100\n|move|p2b: Tyranitar|Ice Punch|p1a: Garchomp\n|-supereffective|p1a: Garchomp|2\n|-damage|p1a: Garchomp|0 fnt\n|-damage|p2b: Tyranitar|47/100|[from] ability: Rough Skin|[of] p1a: Garchomp\n|-enditem|p2b: Tyranitar|Sitrus Berry|[eat]\n|-heal|p2b: Tyranitar|71/100|[from] item: Sitrus Berry\n|faint|p1a: Garchomp\n|\n|-weather|Sandstorm|[upkeep]\n|-damage|p1b: Whimsicott|95/100|[from] Sandstorm\n|-sideend|p1: DarthPug03|move: Tailwind\n|upkeep\n|\n|t:|1776042072\n|switch|p1a: Charizard|Charizard-Mega-Y, L50, F|100/100\n|-weather|SunnyDay|[from] ability: Drought|[of] p1a: Charizard\n|turn|5\n|\n|t:|1776042082\n|switch|p2b: Talonflame|Talonflame, L50, F|100/100\n|move|p2a: Excadrill|Protect|p2a: Excadrill\n|-singleturn|p2a: Excadrill|Protect\n|move|p1b: Whimsicott|Moonblast|p2b: Talonflame\n|-resisted|p2b: Talonflame|1\n|-damage|p2b: Talonflame|72/100\n|move|p1a: Charizard|Solar Beam||[still]\n|-prepare|p1a: Charizard|Solar Beam\n|-anim|p1a: Charizard|Solar Beam|p2b: Talonflame\n|-resisted|p2b: Talonflame|2\n|-damage|p2b: Talonflame|52/100\n|\n|-weather|SunnyDay|[upkeep]\n|upkeep\n|turn|6\n|\n|t:|1776042102\n|switch|p2b: Tyranitar|Tyranitar, L50, M|71/100\n|-weather|Sandstorm|[from] ability: Sand Stream|[of] p2b: Tyranitar\n|move|p1b: Whimsicott|Encore|p2a: Excadrill\n|-start|p2a: Excadrill|Encore\n|move|p2a: Excadrill|Protect||[still]\n|-fail|p2a: Excadrill\n|move|p1a: Charizard|Weather Ball|p2b: Tyranitar\n|-damage|p2b: Tyranitar|46/100\n|\n|-weather|Sandstorm|[upkeep]\n|-damage|p1b: Whimsicott|89/100|[from] Sandstorm\n|-damage|p1a: Charizard|95/100|[from] Sandstorm\n|upkeep\n|turn|7\n|\n|t:|1776042114\n|switch|p2a: Talonflame|Talonflame, L50, F|52/100\n|switch|p1a: Sneasler|Sneasler, L50, F|100/100\n|move|p1b: Whimsicott|Moonblast|p2b: Tyranitar\n|-supereffective|p2b: Tyranitar|1\n|-damage|p2b: Tyranitar|3/100\n|move|p2b: Tyranitar|Rock Slide|p1b: Whimsicott|[spread] p1a,p1b\n|-resisted|p1a: Sneasler|1\n|-damage|p1a: Sneasler|76/100\n|-damage|p1b: Whimsicott|41/100\n|\n|-weather|Sandstorm|[upkeep]\n|-damage|p2a: Talonflame|46/100|[from] Sandstorm\n|-damage|p1b: Whimsicott|35/100|[from] Sandstorm\n|-damage|p1a: Sneasler|70/100|[from] Sandstorm\n|upkeep\n|turn|8\n|\n|t:|1776042128\n|switch|p2b: Excadrill|Excadrill, L50, M|100/100\n|move|p1a: Sneasler|Fake Out|p2a: Talonflame\n|-damage|p2a: Talonflame|24/100\n|cant|p2a: Talonflame|flinch\n|move|p1b: Whimsicott|Moonblast|p2b: Excadrill\n|-resisted|p2b: Excadrill|1\n|-damage|p2b: Excadrill|78/100\n|\n|-weather|Sandstorm|[upkeep]\n|-damage|p2a: Talonflame|18/100|[from] Sandstorm\n|-damage|p1b: Whimsicott|29/100|[from] Sandstorm\n|-damage|p1a: Sneasler|64/100|[from] Sandstorm\n|upkeep\n|turn|9\n|\n|t:|1776042140\n|move|p1b: Whimsicott|Tailwind|p1b: Whimsicott\n|-sidestart|p1: DarthPug03|move: Tailwind\n|move|p1a: Sneasler|Close Combat|p2b: Excadrill\n|-supereffective|p2b: Excadrill|1\n|-damage|p2b: Excadrill|0 fnt\n|-unboost|p1a: Sneasler|def|1\n|-unboost|p1a: Sneasler|spd|1\n|faint|p2b: Excadrill\n|-enditem|p1a: Sneasler|White Herb\n|-clearnegativeboost|p1a: Sneasler|[silent]\n|move|p2a: Talonflame|Dual Wingbeat|p1a: Sneasler|[miss]\n|-miss|p2a: Talonflame|p1a: Sneasler\n|\n|-weather|Sandstorm|[upkeep]\n|-damage|p1a: Sneasler|58/100|[from] Sandstorm\n|-damage|p1b: Whimsicott|23/100|[from] Sandstorm\n|-damage|p2a: Talonflame|12/100|[from] Sandstorm\n|upkeep\n|\n|t:|1776042150\n|switch|p2b: Tyranitar|Tyranitar, L50, M|3/100\n|turn|10\n|-message|Boogiepop4 forfeited.\n|\n|win|DarthPug03\n|raw|DarthPug03's rating: 1164 &rarr; <strong>1190</strong><br />(+26 for winning)\n|raw|Boogiepop4's rating: 1178 &rarr; <strong>1152</strong><br />(-26 for losing)\n|l|\u2606Boogiepop4\n|player|p2|\n",
  "uploadtime": 1776042155,
  "views": 12,
  "formatid": "gen9championsvgc2026regma",
  "rating": 1152,
  "private": 0,
  "password": null
}