{
  "id": "gen9championsvgc2026regma-2588282428",
  "format": "[Gen 9 Champions] VGC 2026 Reg M-A",
  "players": [
    "MimiIners",
    "Braute"
  ],
  "log": "|j|\u2606MimiIners\n|j|\u2606Braute\n|t:|1776620755\n|gametype|doubles\n|player|p1|MimiIners|169|1204\n|player|p2|Braute|miku-fire|1302\n|gen|9\n|tier|[Gen 9 Champions] VGC 2026 Reg M-A\n|rated|\n|rule|Species Clause: Limit one of each Pok\u00e9mon\n|rule|Item Clause: Limit 1 of each item\n|clearpoke\n|poke|p1|Floette-Eternal, L50, F|\n|poke|p1|Basculegion, L50, M|\n|poke|p1|Aerodactyl, L50, M|\n|poke|p1|Sinistcha-Masterpiece, L50|\n|poke|p1|Sneasler, L50, M|\n|poke|p1|Incineroar, L50, F|\n|poke|p2|Scizor, L50, M|\n|poke|p2|Sneasler, L50, F|\n|poke|p2|Pelipper, L50, F|\n|poke|p2|Basculegion, L50, M|\n|poke|p2|Archaludon, L50, F|\n|poke|p2|Meganium, L50, M|\n|teampreview|4\n|inactive|Battle timer is ON: inactive players will automatically lose when time's up. (requested by Braute)\nMimiIners has agreed to open team sheets.\n|\n|t:|1776620780\n|teamsize|p1|4\n|teamsize|p2|4\n|start\n|switch|p1a: Aerodactyl|Aerodactyl, L50, M|100/100\n|switch|p1b: Sneasler|Sneasler, L50, M|100/100\n|switch|p2a: Sneasler|Sneasler, L50, F|100/100\n|switch|p2b: Scizor|Scizor, L50, M|100/100\n|-ability|p1a: Aerodactyl|Unnerve\n|turn|1\n|inactive|Braute has 30 seconds left.\n|\n|t:|1776620807\n|detailschange|p2b: Scizor|Scizor-Mega, L50, M\n|-mega|p2b: Scizor|Scizor|Scizorite\n|move|p1b: Sneasler|Upper Hand||[still]\n|-fail|p1b: Sneasler\n|move|p2b: Scizor|Bullet Punch|p1a: Aerodactyl\n|-supereffective|p1a: Aerodactyl|1\n|-enditem|p1a: Aerodactyl|Focus Sash\n|-damage|p1a: Aerodactyl|1/100\n|move|p1a: Aerodactyl|Tailwind|p1a: Aerodactyl\n|-sidestart|p1: MimiIners|move: Tailwind\n|move|p2a: Sneasler|Coaching|p2b: Scizor\n|-boost|p2b: Scizor|atk|1\n|-boost|p2b: Scizor|def|1\n|\n|upkeep\n|turn|2\n|inactive|MimiIners has 30 seconds left.\n|inactive|Braute has 30 seconds left.\n|\n|t:|1776620835\n|move|p2b: Scizor|Bullet Punch|p1a: Aerodactyl\n|-supereffective|p1a: Aerodactyl|1\n|-damage|p1a: Aerodactyl|0 fnt\n|faint|p1a: Aerodactyl\n|move|p1b: Sneasler|Close Combat|p2b: Scizor\n|-damage|p2b: Scizor|64/100\n|-unboost|p1b: Sneasler|def|1\n|-unboost|p1b: Sneasler|spd|1\n|-enditem|p1b: Sneasler|White Herb\n|-clearnegativeboost|p1b: Sneasler|[silent]\n|move|p2a: Sneasler|Close Combat|p1b: Sneasler\n|-resisted|p1b: Sneasler|1\n|-damage|p1b: Sneasler|48/100\n|-unboost|p2a: Sneasler|def|1\n|-unboost|p2a: Sneasler|spd|1\n|-enditem|p2a: Sneasler|White Herb\n|-clearnegativeboost|p2a: Sneasler|[silent]\n|\n|upkeep\n|\n|t:|1776620841\n|switch|p1a: Basculegion|Basculegion, L50, M|100/100\n|turn|3\n|inactive|Braute has 30 seconds left.\n|\n|t:|1776620870\n|move|p1b: Sneasler|Upper Hand|p2b: Scizor\n|-damage|p2b: Scizor|46/100\n|cant|p2b: Scizor|flinch\n|move|p2a: Sneasler|Coaching|p2b: Scizor\n|-boost|p2b: Scizor|atk|1\n|-boost|p2b: Scizor|def|1\n|move|p1a: Basculegion|Waterfall|p2a: Sneasler\n|-damage|p2a: Sneasler|0 fnt\n|faint|p2a: Sneasler\n|\n|upkeep\n|\n|t:|1776620877\n|switch|p2a: Pelipper|Pelipper, L50, F|100/100\n|-weather|RainDance|[from] ability: Drizzle|[of] p2a: Pelipper\n|turn|4\n|\n|t:|1776620898\n|move|p1b: Sneasler|Upper Hand|p2b: Scizor\n|-damage|p2b: Scizor|32/100\n|cant|p2b: Scizor|flinch\n|move|p1a: Basculegion|Waterfall|p2b: Scizor\n|-damage|p2b: Scizor|0 fnt\n|faint|p2b: Scizor\n|move|p2a: Pelipper|Hurricane|p1a: Basculegion\n|-damage|p1a: Basculegion|58/100\n|-start|p1a: Basculegion|confusion\n|\n|-weather|RainDance|[upkeep]\n|-sideend|p1: MimiIners|move: Tailwind\n|upkeep\n|\n|t:|1776620899\n|switch|p2b: Basculegion|Basculegion, L50, M|100/100\n|turn|5\n|\n|t:|1776620919\n|move|p1b: Sneasler|Dire Claw|p2a: Pelipper\n|-damage|p2a: Pelipper|36/100\n|move|p2b: Basculegion|Last Respects|p1a: Basculegion\n|-supereffective|p1a: Basculegion|1\n|-damage|p1a: Basculegion|0 fnt\n|faint|p1a: Basculegion\n|move|p2a: Pelipper|Hurricane|p1b: Sneasler\n|-supereffective|p1b: Sneasler|1\n|-damage|p1b: Sneasler|0 fnt\n|faint|p1b: Sneasler\n|\n|-weather|RainDance|[upkeep]\n|upkeep\n|\n|t:|1776620927\n|switch|p1b: Floette|Floette-Eternal, L50, F|100/100\n|turn|6\n|\n|t:|1776620935\n|detailschange|p1b: Floette|Floette-Mega, L50, F\n|-mega|p1b: Floette|Floette|Floettite\n|-ability|p1b: Floette|Fairy Aura\n|move|p2b: Basculegion|Liquidation|p1b: Floette\n|-damage|p1b: Floette|7/100\n|move|p2a: Pelipper|Hurricane|p1b: Floette\n|-damage|p1b: Floette|0 fnt\n|faint|p1b: Floette\n|\n|win|Braute\n|raw|MimiIners's rating: 1204 &rarr; <strong>1186</strong><br />(-18 for losing)\n|raw|Braute's rating: 1302 &rarr; <strong>1317</strong><br />(+15 for winning)\n",
  "uploadtime": 1776620935,
  "views": 9,
  "formatid": "gen9championsvgc2026regma",
  "rating": 1186,
  "private": 0,
  "password": null
}