{
  "id": "gen9championsvgc2026regma-2580517598",
  "format": "[Gen 9 Champions] VGC 2026 Reg M-A",
  "players": [
    "Bradzinho",
    "vnunesp12"
  ],
  "log": "|j|\u2606Bradzinho\n|j|\u2606vnunesp12\n|t:|1775907770\n|gametype|doubles\n|player|p1|Bradzinho|youngster-gen4dp|1096\n|player|p2|vnunesp12|red|1000\n|gen|9\n|tier|[Gen 9 Champions] VGC 2026 Reg M-A\n|rated|\n|rule|Species Clause: Limit one of each Pok\u00e9mon\n|rule|Item Clause: Limit 1 of each item\n|clearpoke\n|poke|p1|Charizard, L50, M|\n|poke|p1|Farigiraf, L50, M|\n|poke|p1|Whimsicott, L50, M|\n|poke|p1|Kangaskhan, L50, F|\n|poke|p1|Sneasler, L50, M|\n|poke|p1|Basculegion, L50, M|\n|poke|p2|Manectric, L50, F|\n|poke|p2|Pelipper, L50, M|\n|poke|p2|Sinistcha, L50|\n|poke|p2|Incineroar, L50, M|\n|poke|p2|Dragonite, L50, M|\n|poke|p2|Basculegion, L50, M|\n|teampreview|4\n|inactive|Battle timer is ON: inactive players will automatically lose when time's up. (requested by vnunesp12)\n|inactive|vnunesp12 has 60 seconds left.\n|\n|t:|1775907811\n|teamsize|p1|4\n|teamsize|p2|4\n|start\n|switch|p1a: Kangaskhan|Kangaskhan, L50, F, shiny|100/100\n|switch|p1b: Farigiraf|Farigiraf, L50, M, shiny|100/100\n|switch|p2a: Incineroar|Incineroar, L50, M|100/100\n|switch|p2b: Sinistcha|Sinistcha, L50|100/100\n|-ability|p2a: Incineroar|Intimidate|boost\n|-fail|p1a: Kangaskhan|unboost|Attack|[from] ability: Scrappy|[of] p1a: Kangaskhan\n|-unboost|p1b: Farigiraf|atk|1\n|turn|1\n|inactive|Bradzinho has 30 seconds left.\n|inactive|Bradzinho has 20 seconds left.\n|inactive|Bradzinho has 15 seconds left.\n|\n|t:|1775907853\n|detailschange|p1a: Kangaskhan|Kangaskhan-Mega, L50, F, shiny\n|-mega|p1a: Kangaskhan|Kangaskhan|Kangaskhanite\n|move|p1b: Farigiraf|Helping Hand|p1a: Kangaskhan\n|-singleturn|p1a: Kangaskhan|Helping Hand|[of] p1b: Farigiraf\n|move|p1a: Kangaskhan|Drain Punch|p2a: Incineroar\n|-supereffective|p2a: Incineroar|1\n|-damage|p2a: Incineroar|32/100\n|-enditem|p2a: Incineroar|Sitrus Berry|[eat]\n|-heal|p2a: Incineroar|57/100|[from] item: Sitrus Berry\n|-supereffective|p2a: Incineroar|1\n|-crit|p2a: Incineroar\n|-damage|p2a: Incineroar|30/100\n|-hitcount|p2a: Incineroar|2\n|move|p2b: Sinistcha|Matcha Gotcha|p1b: Farigiraf|[spread] p1a,p1b\n|-damage|p1a: Kangaskhan|77/100\n|-damage|p1b: Farigiraf|78/100\n|move|p2a: Incineroar|Darkest Lariat|p1b: Farigiraf\n|-supereffective|p1b: Farigiraf|1\n|-damage|p1b: Farigiraf|19/100\n|-enditem|p1b: Farigiraf|Sitrus Berry|[eat]\n|-heal|p1b: Farigiraf|44/100|[from] item: Sitrus Berry\n|\n|upkeep\n|turn|2\n|inactive|Bradzinho has 30 seconds left.\n|inactive|vnunesp12 has 30 seconds left.\n|inactive|Bradzinho has 20 seconds left.\n|inactive|Bradzinho has 15 seconds left.\n|inactive|Bradzinho has 10 seconds left.\n|\n|t:|1775907900\n|move|p1a: Kangaskhan|Sucker Punch|p2b: Sinistcha\n|-supereffective|p2b: Sinistcha|1\n|-damage|p2b: Sinistcha|54/100\n|-supereffective|p2b: Sinistcha|1\n|-damage|p2b: Sinistcha|43/100\n|-hitcount|p2b: Sinistcha|2\n|move|p2b: Sinistcha|Giga Drain|p1a: Kangaskhan\n|-damage|p1a: Kangaskhan|42/100\n|-heal|p2b: Sinistcha|65/100|[from] drain|[of] p1a: Kangaskhan\n|move|p2a: Incineroar|Darkest Lariat|p1b: Farigiraf\n|-supereffective|p1b: Farigiraf|1\n|-damage|p1b: Farigiraf|0 fnt\n|faint|p1b: Farigiraf\n|\n|upkeep\n|\n|t:|1775907920\n|switch|p1b: Sneasler|Sneasler, L50, M, shiny|100/100\n|turn|3\n|inactive|vnunesp12 has 30 seconds left.\n|\n|t:|1775907950\n|switch|p2a: Manectric|Manectric, L50, F|100/100\n|move|p1b: Sneasler|Dire Claw|p2b: Sinistcha\n|-damage|p2b: Sinistcha|18/100\n|move|p1a: Kangaskhan|Drain Punch|p2a: Manectric\n|-damage|p2a: Manectric|52/100\n|-heal|p1a: Kangaskhan|61/100|[from] drain|[of] p2a: Manectric\n|-damage|p2a: Manectric|41/100\n|-heal|p1a: Kangaskhan|65/100|[from] drain|[of] p2a: Manectric\n|-hitcount|p2a: Manectric|2\n|move|p2b: Sinistcha|Giga Drain|p1a: Kangaskhan\n|-damage|p1a: Kangaskhan|29/100\n|-heal|p2b: Sinistcha|41/100|[from] drain|[of] p1a: Kangaskhan\n|\n|upkeep\n|turn|4\n|inactive|Bradzinho has 30 seconds left.\n|inactive|vnunesp12 has 30 seconds left.\n|\n|t:|1775907982\n|detailschange|p2a: Manectric|Manectric-Mega, L50, F\n|-mega|p2a: Manectric|Manectric|Manectite\n|-ability|p2a: Manectric|Intimidate|boost\n|-unboost|p1a: Kangaskhan|atk|1\n|-unboost|p1b: Sneasler|atk|1\n|-enditem|p1b: Sneasler|White Herb\n|-clearnegativeboost|p1b: Sneasler|[silent]\n|move|p2b: Sinistcha|Protect|p2b: Sinistcha\n|-singleturn|p2b: Sinistcha|Protect\n|move|p1b: Sneasler|Dire Claw|p2b: Sinistcha\n|-activate|p2b: Sinistcha|move: Protect\n|move|p2a: Manectric|Volt Switch|p1a: Kangaskhan\n|-damage|p1a: Kangaskhan|0 fnt\n|faint|p1a: Kangaskhan\n|\n|t:|1775907997\n|switch|p2a: Incineroar|Incineroar, L50, M|30/100|[from] Volt Switch\n|-ability|p2a: Incineroar|Intimidate|boost\n|-unboost|p1b: Sneasler|atk|1\n|\n|upkeep\n|\n|t:|1775908002\n|switch|p1a: Basculegion|Basculegion, L50, M, shiny|100/100\n|turn|5\n|inactive|Bradzinho has 30 seconds left.\n|\n|t:|1775908032\n|move|p2a: Incineroar|Fake Out|p1b: Sneasler\n|-damage|p1b: Sneasler|81/100\n|cant|p1b: Sneasler|flinch\n|move|p1a: Basculegion|Last Respects|p2a: Incineroar\n|-resisted|p2a: Incineroar|1\n|-damage|p2a: Incineroar|0 fnt\n|faint|p2a: Incineroar\n|move|p2b: Sinistcha|Shadow Ball|p1a: Basculegion\n|-supereffective|p1a: Basculegion|1\n|-damage|p1a: Basculegion|21/100\n|\n|upkeep\n|\n|t:|1775908049\n|switch|p2a: Pelipper|Pelipper, L50, M|100/100\n|-weather|RainDance|[from] ability: Drizzle|[of] p2a: Pelipper\n|turn|6\n|inactive|Bradzinho has 30 seconds left.\n|\n|t:|1775908075\n|move|p2b: Sinistcha|Protect|p2b: Sinistcha\n|-singleturn|p2b: Sinistcha|Protect\n|move|p1b: Sneasler|Dire Claw|p2b: Sinistcha\n|-activate|p2b: Sinistcha|move: Protect\n|move|p1a: Basculegion|Last Respects|p2a: Pelipper\n|-enditem|p2a: Pelipper|Focus Sash\n|-damage|p2a: Pelipper|1/100\n|move|p2a: Pelipper|Tailwind|p2a: Pelipper\n|-sidestart|p2: vnunesp12|move: Tailwind\n|\n|-weather|RainDance|[upkeep]\n|upkeep\n|turn|7\n|inactive|Bradzinho has 30 seconds left.\n|\n|t:|1775908106\n|move|p1b: Sneasler|Close Combat|p2a: Pelipper\n|-resisted|p2a: Pelipper|1\n|-damage|p2a: Pelipper|0 fnt\n|-unboost|p1b: Sneasler|def|1\n|-unboost|p1b: Sneasler|spd|1\n|faint|p2a: Pelipper\n|move|p2b: Sinistcha|Giga Drain|p1a: Basculegion\n|-supereffective|p1a: Basculegion|1\n|-damage|p1a: Basculegion|0 fnt\n|-heal|p2b: Sinistcha|55/100|[from] drain|[of] p1a: Basculegion\n|faint|p1a: Basculegion\n|\n|-weather|RainDance|[upkeep]\n|upkeep\n|\n|t:|1775908119\n|switch|p2a: Manectric|Manectric-Mega, L50, F|41/100\n|-ability|p2a: Manectric|Intimidate|boost\n|-unboost|p1b: Sneasler|atk|1\n|turn|8\n|\n|t:|1775908129\n|move|p2a: Manectric|Thunder|p1b: Sneasler\n|-damage|p1b: Sneasler|0 fnt\n|faint|p1b: Sneasler\n|\n|win|vnunesp12\n|raw|Bradzinho's rating: 1096 &rarr; <strong>1065</strong><br />(-31 for losing)\n|raw|vnunesp12's rating: 1000 &rarr; <strong>1051</strong><br />(+51 for winning)\n|l|\u2606Bradzinho\n|player|p1|\n",
  "uploadtime": 1775908136,
  "views": 38,
  "formatid": "gen9championsvgc2026regma",
  "rating": 1051,
  "private": 0,
  "password": null
}