{
  "id": "gen9championsvgc2026regma-2586917617",
  "format": "[Gen 9 Champions] VGC 2026 Reg M-A",
  "players": [
    "alkdfe",
    "riubven"
  ],
  "log": "|j|\u2606alkdfe\n|j|\u2606riubven\n|t:|1776471641\n|gametype|doubles\n|player|p1|alkdfe|101|1110\n|player|p2|riubven|1|1100\n|gen|9\n|tier|[Gen 9 Champions] VGC 2026 Reg M-A\n|rated|\n|rule|Species Clause: Limit one of each Pok\u00e9mon\n|rule|Item Clause: Limit 1 of each item\n|clearpoke\n|poke|p1|Floette-Eternal, L50, F|\n|poke|p1|Garchomp, L50, F|\n|poke|p1|Sinistcha, L50|\n|poke|p1|Talonflame, L50, M|\n|poke|p1|Kingambit, L50, M|\n|poke|p1|Delphox, L50, F|\n|poke|p2|Dragonite, L50, F|\n|poke|p2|Basculegion, L50, M|\n|poke|p2|Kangaskhan, L50, F|\n|poke|p2|Meganium, L50, F|\n|poke|p2|Aerodactyl, L50, M|\n|poke|p2|Sableye, L50, M|\n|teampreview|4\n|\n|t:|1776471677\n|teamsize|p1|4\n|teamsize|p2|4\n|start\n|switch|p1a: Floette|Floette-Eternal, L50, F|100/100\n|switch|p1b: Talonflame|Talonflame, L50, M|100/100\n|switch|p2a: Sableye|Sableye, L50, M|100/100\n|switch|p2b: Basculegion|Basculegion, L50, M|100/100\n|turn|1\n|inactive|Battle timer is ON: inactive players will automatically lose when time's up. (requested by riubven)\n|\n|t:|1776471701\n|switch|p1a: Kingambit|Kingambit, L50, M|100/100\n|move|p2a: Sableye|Fake Out|p1a: Kingambit\n|-resisted|p1a: Kingambit|1\n|-damage|p1a: Kingambit|98/100\n|move|p1b: Talonflame|Tailwind|p1b: Talonflame\n|-sidestart|p1: alkdfe|move: Tailwind\n|move|p2b: Basculegion|Wave Crash|p1b: Talonflame\n|-supereffective|p1b: Talonflame|1\n|-damage|p1b: Talonflame|0 fnt\n|faint|p1b: Talonflame\n|-damage|p2b: Basculegion|69/100|[from] Recoil\n|\n|upkeep\n|\n|t:|1776471716\n|switch|p1b: Floette|Floette-Eternal, L50, F|100/100\n|turn|2\n|inactive|riubven has 30 seconds left.\n|\n|t:|1776471744\n|switch|p2b: Kangaskhan|Kangaskhan, L50, F|100/100\n|detailschange|p1b: Floette|Floette-Mega, L50, F\n|-mega|p1b: Floette|Floette|Floettite\n|-ability|p1b: Floette|Fairy Aura\n|move|p1a: Kingambit|Sucker Punch||[still]\n|-fail|p1a: Kingambit\n|move|p2a: Sableye|Rain Dance|p2a: Sableye\n|-weather|RainDance\n|move|p1b: Floette|Dazzling Gleam|p2a: Sableye|[spread] p2a,p2b\n|-supereffective|p2a: Sableye|1\n|-damage|p2a: Sableye|0 fnt\n|-damage|p2b: Kangaskhan|44/100\n|faint|p2a: Sableye\n|\n|-weather|RainDance|[upkeep]\n|upkeep\n|\n|t:|1776471769\n|switch|p2a: Basculegion|Basculegion, L50, M|69/100\n|turn|3\n|\n|t:|1776471787\n|detailschange|p2b: Kangaskhan|Kangaskhan-Mega, L50, F\n|-mega|p2b: Kangaskhan|Kangaskhan|Kangaskhanite\n|move|p1b: Floette|Protect|p1b: Floette\n|-singleturn|p1b: Floette|Protect\n|move|p1a: Kingambit|Protect|p1a: Kingambit\n|-singleturn|p1a: Kingambit|Protect\n|move|p2a: Basculegion|Wave Crash|p1b: Floette\n|-activate|p1b: Floette|move: Protect\n|move|p2b: Kangaskhan|Drain Punch|p1a: Kingambit\n|-activate|p1a: Kingambit|move: Protect\n|\n|-weather|RainDance|[upkeep]\n|upkeep\n|turn|4\n|\n|t:|1776471805\n|move|p1a: Kingambit|Sucker Punch|p2a: Basculegion\n|-supereffective|p2a: Basculegion|1\n|-damage|p2a: Basculegion|0 fnt\n|faint|p2a: Basculegion\n|move|p1b: Floette|Dazzling Gleam|p2b: Kangaskhan\n|-damage|p2b: Kangaskhan|0 fnt\n|faint|p2b: Kangaskhan\n|\n|-weather|RainDance|[upkeep]\n|-sideend|p1: alkdfe|move: Tailwind\n|upkeep\n|\n|t:|1776471811\n|switch|p2a: Dragonite|Dragonite, L50, F|100/100\n|turn|5\n|\n|t:|1776471822\n|move|p1a: Kingambit|Sucker Punch|p2a: Dragonite\n|-damage|p2a: Dragonite|81/100\n|move|p1b: Floette|Moonblast|p2a: Dragonite\n|-supereffective|p2a: Dragonite|1\n|-damage|p2a: Dragonite|0 fnt\n|faint|p2a: Dragonite\n|\n|win|alkdfe\n|raw|alkdfe's rating: 1110 &rarr; <strong>1134</strong><br />(+24 for winning)\n|raw|riubven's rating: 1100 &rarr; <strong>1076</strong><br />(-24 for losing)\n|l|\u2606riubven\n|player|p2|\n",
  "uploadtime": 1776471830,
  "views": 48,
  "formatid": "gen9championsvgc2026regma",
  "rating": 1076,
  "private": 0,
  "password": null
}