{
  "id": "gen9championsvgc2026regma-2586471907",
  "format": "[Gen 9 Champions] VGC 2026 Reg M-A",
  "players": [
    "BenGetsWeird",
    "FCinco"
  ],
  "log": "|j|\u2606BenGetsWeird\n|j|\u2606FCinco\n|t:|1776437013\n|gametype|doubles\n|player|p1|BenGetsWeird|n|1071\n|player|p2|FCinco|janitor|1116\n|gen|9\n|tier|[Gen 9 Champions] VGC 2026 Reg M-A\n|rated|\n|rule|Species Clause: Limit one of each Pok\u00e9mon\n|rule|Item Clause: Limit 1 of each item\n|clearpoke\n|poke|p1|Floette-Eternal, L50, F|\n|poke|p1|Sableye, L50, F|\n|poke|p1|Aerodactyl, L50, F|\n|poke|p1|Tauros-Paldea-Aqua, L50, M|\n|poke|p1|Incineroar, L50, M|\n|poke|p1|Froslass, L50, F|\n|poke|p2|Froslass, L50, F|\n|poke|p2|Sneasler, L50, M|\n|poke|p2|Whimsicott, L50, F|\n|poke|p2|Kingambit, L50, F|\n|poke|p2|Garchomp, L50, F|\n|poke|p2|Dragonite, L50, M|\n|teampreview|4\n|inactive|Battle timer is ON: inactive players will automatically lose when time's up. (requested by BenGetsWeird)\n|inactive|BenGetsWeird has 60 seconds left.\n|\n|t:|1776437086\n|teamsize|p1|4\n|teamsize|p2|4\n|start\n|switch|p1a: Floette|Floette-Eternal, L50, F|100/100\n|switch|p1b: Aerodactyl|Aerodactyl, L50, F|100/100\n|switch|p2a: Sneasler|Sneasler, L50, M|100/100\n|switch|p2b: Whimsicott|Whimsicott, L50, F|100/100\n|-ability|p1b: Aerodactyl|Unnerve\n|turn|1\n|inactive|BenGetsWeird has 30 seconds left.\n|inactive|BenGetsWeird has 20 seconds left.\n|\n|t:|1776437123\n|switch|p1a: Incineroar|Incineroar, L50, M, shiny|100/100\n|-ability|p1a: Incineroar|Intimidate|boost\n|-unboost|p2a: Sneasler|atk|1\n|-unboost|p2b: Whimsicott|atk|1\n|-enditem|p2a: Sneasler|White Herb\n|-clearnegativeboost|p2a: Sneasler|[silent]\n|move|p2a: Sneasler|Fake Out|p1a: Incineroar\n|-damage|p1a: Incineroar|87/100\n|move|p2b: Whimsicott|Tailwind|p2b: Whimsicott\n|-sidestart|p2: FCinco|move: Tailwind\n|move|p1b: Aerodactyl|Dual Wingbeat|p2a: Sneasler\n|-supereffective|p2a: Sneasler|1\n|-damage|p2a: Sneasler|42/100\n|-supereffective|p2a: Sneasler|1\n|-damage|p2a: Sneasler|0 fnt\n|faint|p2a: Sneasler\n|-hitcount|p2: Sneasler|2\n|\n|upkeep\n|\n|t:|1776437140\n|switch|p2a: Garchomp|Garchomp, L50, F|100/100\n|turn|2\n|\n|t:|1776437156\n|move|p2a: Garchomp|Protect|p2a: Garchomp\n|-singleturn|p2a: Garchomp|Protect\n|move|p1a: Incineroar|Fake Out|p2a: Garchomp\n|-activate|p2a: Garchomp|move: Protect\n|move|p2b: Whimsicott|Moonblast|p1b: Aerodactyl\n|-damage|p1b: Aerodactyl|62/100\n|move|p1b: Aerodactyl|Dual Wingbeat|p2b: Whimsicott\n|-supereffective|p2b: Whimsicott|1\n|-damage|p2b: Whimsicott|63/100\n|-supereffective|p2b: Whimsicott|1\n|-damage|p2b: Whimsicott|27/100\n|-hitcount|p2b: Whimsicott|2\n|\n|upkeep\n|turn|3\n|inactive|BenGetsWeird has 30 seconds left.\n|\n|t:|1776437187\n|switch|p1a: Tauros|Tauros-Paldea-Aqua, L50, M|100/100\n|-ability|p1a: Tauros|Intimidate|boost\n|-unboost|p2a: Garchomp|atk|1\n|-unboost|p2b: Whimsicott|atk|1\n|move|p2b: Whimsicott|Helping Hand|p2a: Garchomp\n|-singleturn|p2a: Garchomp|Helping Hand|[of] p2b: Whimsicott\n|move|p2a: Garchomp|Rock Slide|p1b: Aerodactyl|[spread] p1b\n|-miss|p2a: Garchomp|p1a: Tauros\n|-supereffective|p1b: Aerodactyl|1\n|-damage|p1b: Aerodactyl|4/100\n|move|p1b: Aerodactyl|Tailwind|p1b: Aerodactyl\n|-sidestart|p1: BenGetsWeird|move: Tailwind\n|\n|upkeep\n|turn|4\n|inactive|BenGetsWeird has 30 seconds left.\n|inactive|FCinco has 30 seconds left.\n|\n|t:|1776437215\n|switch|p2a: Froslass|Froslass, L50, F|100/100\n|switch|p1a: Incineroar|Incineroar, L50, M, shiny|87/100\n|-ability|p1a: Incineroar|Intimidate|boost\n|-unboost|p2a: Froslass|atk|1\n|-unboost|p2b: Whimsicott|atk|1\n|move|p2b: Whimsicott|Encore|p1b: Aerodactyl\n|-start|p1b: Aerodactyl|Encore\n|move|p1b: Aerodactyl|Tailwind||[still]\n|-fail|p1b: Aerodactyl\n|\n|-sideend|p2: FCinco|move: Tailwind\n|upkeep\n|turn|5\n|inactive|BenGetsWeird has 30 seconds left.\n|\n|t:|1776437250\n|switch|p1b: Tauros|Tauros-Paldea-Aqua, L50, M|100/100\n|-ability|p1b: Tauros|Intimidate|boost\n|-unboost|p2a: Froslass|atk|1\n|-unboost|p2b: Whimsicott|atk|1\n|switch|p2b: Garchomp|Garchomp, L50, F|100/100\n|move|p2a: Froslass|Protect|p2a: Froslass\n|-singleturn|p2a: Froslass|Protect\n|move|p1a: Incineroar|Flare Blitz|p2a: Froslass\n|-activate|p2a: Froslass|move: Protect\n|\n|upkeep\n|turn|6\n|\n|t:|1776437275\n|switch|p1b: Aerodactyl|Aerodactyl, L50, F|4/100\n|-ability|p1b: Aerodactyl|Unnerve\n|switch|p2a: Whimsicott|Whimsicott, L50, F|27/100\n|move|p2b: Garchomp|Earthquake|p1a: Incineroar|[spread] p2a,p1a\n|-immune|p1b: Aerodactyl\n|-resisted|p2a: Whimsicott|1\n|-supereffective|p1a: Incineroar|1\n|-damage|p2a: Whimsicott|7/100\n|-damage|p1a: Incineroar|23/100\n|-enditem|p1a: Incineroar|Sitrus Berry|[eat]\n|-heal|p1a: Incineroar|48/100|[from] item: Sitrus Berry\n|move|p1a: Incineroar|Flare Blitz|p2a: Whimsicott\n|-supereffective|p2a: Whimsicott|1\n|-damage|p2a: Whimsicott|0 fnt\n|faint|p2a: Whimsicott\n|-damage|p1a: Incineroar|46/100|[from] Recoil\n|\n|-sideend|p1: BenGetsWeird|move: Tailwind\n|upkeep\n|\n|t:|1776437289\n|switch|p2a: Froslass|Froslass, L50, F|100/100\n|turn|7\n|\n|t:|1776437307\n|switch|p1a: Tauros|Tauros-Paldea-Aqua, L50, M|100/100\n|-ability|p1a: Tauros|Intimidate|boost\n|-unboost|p2a: Froslass|atk|1\n|-unboost|p2b: Garchomp|atk|1\n|detailschange|p2a: Froslass|Froslass-Mega, L50, F\n|-mega|p2a: Froslass|Froslass|Froslassite\n|-weather|Snowscape|[from] ability: Snow Warning|[of] p2a: Froslass\n|move|p2a: Froslass|Protect|p2a: Froslass\n|-singleturn|p2a: Froslass|Protect\n|move|p1b: Aerodactyl|Tailwind|p1b: Aerodactyl\n|-sidestart|p1: BenGetsWeird|move: Tailwind\n|move|p2b: Garchomp|Rock Slide|p1a: Tauros|[spread] p1a,p1b\n|-resisted|p1a: Tauros|1\n|-supereffective|p1b: Aerodactyl|1\n|-damage|p1a: Tauros|94/100\n|-damage|p1b: Aerodactyl|0 fnt\n|faint|p1b: Aerodactyl\n|\n|-weather|Snowscape|[upkeep]\n|upkeep\n|\n|t:|1776437327\n|switch|p1b: Floette|Floette-Eternal, L50, F|100/100\n|turn|8\n|\n|t:|1776437339\n|detailschange|p1b: Floette|Floette-Mega, L50, F\n|-mega|p1b: Floette|Floette|Floettite\n|-ability|p1b: Floette|Fairy Aura\n|move|p2b: Garchomp|Protect|p2b: Garchomp\n|-singleturn|p2b: Garchomp|Protect\n|move|p1b: Floette|Dazzling Gleam|p2a: Froslass|[spread] p2a\n|-activate|p2b: Garchomp|move: Protect\n|-damage|p2a: Froslass|49/100\n|move|p1a: Tauros|Wave Crash|p2a: Froslass\n|-damage|p2a: Froslass|0 fnt\n|faint|p2a: Froslass\n|-damage|p1a: Tauros|80/100|[from] Recoil\n|\n|-weather|Snowscape|[upkeep]\n|upkeep\n|turn|9\n|\n|t:|1776437355\n|move|p1b: Floette|Moonblast|p2b: Garchomp\n|-supereffective|p2b: Garchomp|1\n|-damage|p2b: Garchomp|0 fnt\n|faint|p2b: Garchomp\n|\n|win|BenGetsWeird\n|raw|BenGetsWeird's rating: 1071 &rarr; <strong>1104</strong><br />(+33 for winning)\n|raw|FCinco's rating: 1116 &rarr; <strong>1088</strong><br />(-28 for losing)\n|l|\u2606FCinco\n|player|p2|\n",
  "uploadtime": 1776437358,
  "views": 18,
  "formatid": "gen9championsvgc2026regma",
  "rating": 1088,
  "private": 0,
  "password": null
}