{
  "id": "gen9championsvgc2026regma-2587541074",
  "format": "[Gen 9 Champions] VGC 2026 Reg M-A",
  "players": [
    "Moxiemencefan21",
    "mamvaza"
  ],
  "log": "|j|\u2606Moxiemencefan21\n|j|\u2606mamvaza\n|t:|1776540652\n|gametype|doubles\n|player|p1|Moxiemencefan21|1|1180\n|player|p2|mamvaza|2|1090\n|gen|9\n|tier|[Gen 9 Champions] VGC 2026 Reg M-A\n|rated|\n|rule|Species Clause: Limit one of each Pok\u00e9mon\n|rule|Item Clause: Limit 1 of each item\n|clearpoke\n|poke|p1|Kangaskhan, L50, F|\n|poke|p1|Volcarona, L50, F|\n|poke|p1|Tauros-Paldea-Aqua, L50, M|\n|poke|p1|Sinistcha, L50|\n|poke|p1|Aerodactyl, L50, M|\n|poke|p1|Garchomp, L50, F|\n|poke|p2|Tyranitar, L50, M, shiny|\n|poke|p2|Excadrill, L50, F|\n|poke|p2|Sinistcha-Masterpiece, L50, shiny|\n|poke|p2|Garchomp, L50, M|\n|poke|p2|Kommo-o, L50, F|\n|poke|p2|Aggron, L50, M, shiny|\n|teampreview|4\nmamvaza rejected open team sheets.\n|\n|t:|1776540702\n|teamsize|p1|4\n|teamsize|p2|4\n|start\n|switch|p1a: Kangaskhan|Kangaskhan, L50, F|100/100\n|switch|p1b: Garchomp|Garchomp, L50, F|100/100\n|switch|p2a: Tyranitar|Tyranitar, L50, M, shiny|100/100\n|switch|p2b: Excadrill|Excadrill, L50, F|100/100\n|-weather|Sandstorm|[from] ability: Sand Stream|[of] p2a: Tyranitar\n|turn|1\n|\n|t:|1776540731\n|switch|p1b: Tauros|Tauros-Paldea-Aqua, L50, M|100/100\n|-ability|p1b: Tauros|Intimidate|boost\n|-unboost|p2a: Tyranitar|atk|1\n|-unboost|p2b: Excadrill|atk|1\n|detailschange|p1a: Kangaskhan|Kangaskhan-Mega, L50, F\n|-mega|p1a: Kangaskhan|Kangaskhan|Kangaskhanite\n|move|p2b: Excadrill|Protect|p2b: Excadrill\n|-singleturn|p2b: Excadrill|Protect\n|move|p2a: Tyranitar|Protect|p2a: Tyranitar\n|-singleturn|p2a: Tyranitar|Protect\n|move|p1a: Kangaskhan|Drain Punch|p2a: Tyranitar\n|-activate|p2a: Tyranitar|move: Protect\n|\n|-weather|Sandstorm|[upkeep]\n|-damage|p1b: Tauros|94/100|[from] Sandstorm\n|-damage|p1a: Kangaskhan|94/100|[from] Sandstorm\n|upkeep\n|turn|2\n|\n|t:|1776540765\n|switch|p2a: Sinistcha|Sinistcha-Masterpiece, L50, shiny|100/100\n|move|p2b: Excadrill|Rock Slide|p1b: Tauros|[spread] p1a,p1b\n|-resisted|p1b: Tauros|1\n|-damage|p1a: Kangaskhan|83/100\n|-damage|p1b: Tauros|87/100\n|cant|p1b: Tauros|flinch\n|move|p1a: Kangaskhan|Drain Punch|p2b: Excadrill\n|-supereffective|p2b: Excadrill|1\n|-damage|p2b: Excadrill|17/100\n|-heal|p1a: Kangaskhan|100/100|[from] drain|[of] p2b: Excadrill\n|-supereffective|p2b: Excadrill|1\n|-damage|p2b: Excadrill|0 fnt\n|faint|p2b: Excadrill\n|-hitcount|p2: Excadrill|2\n|\n|-weather|Sandstorm|[upkeep]\n|-damage|p1b: Tauros|81/100|[from] Sandstorm\n|-damage|p1a: Kangaskhan|94/100|[from] Sandstorm\n|-damage|p2a: Sinistcha|94/100|[from] Sandstorm\n|-heal|p2a: Sinistcha|100/100|[from] item: Leftovers\n|upkeep\n|\n|t:|1776540783\n|switch|p2b: Aggron|Aggron, L50, M, shiny|100/100\n|turn|3\n|\n|t:|1776540805\n|switch|p1a: Garchomp|Garchomp, L50, F|100/100\n|detailschange|p2b: Aggron|Aggron-Mega, L50, M, shiny\n|-mega|p2b: Aggron|Aggron|Aggronite\n|move|p1b: Tauros|Close Combat|p2b: Aggron\n|-supereffective|p2b: Aggron|1\n|-damage|p2b: Aggron|67/100\n|-unboost|p1b: Tauros|def|1\n|-unboost|p1b: Tauros|spd|1\n|move|p2b: Aggron|Body Press|p1a: Garchomp\n|-damage|p1a: Garchomp|61/100\n|-damage|p2b: Aggron|54/100|[from] ability: Rough Skin|[of] p1a: Garchomp\n|move|p2a: Sinistcha|Trick Room|p2a: Sinistcha\n|-fieldstart|move: Trick Room|[of] p2a: Sinistcha\n|\n|-weather|Sandstorm|[upkeep]\n|-damage|p2a: Sinistcha|94/100|[from] Sandstorm\n|-damage|p1b: Tauros|75/100|[from] Sandstorm\n|-heal|p2a: Sinistcha|100/100|[from] item: Leftovers\n|upkeep\n|turn|4\n|\n|t:|1776540830\n|switch|p1b: Sinistcha|Sinistcha, L50|100/100\n|-heal|p1a: Garchomp|86/100|[from] ability: Hospitality|[of] p1b: Sinistcha\n|move|p2a: Sinistcha|Rage Powder|p2a: Sinistcha\n|-singleturn|p2a: Sinistcha|move: Rage Powder\n|move|p2b: Aggron|Body Press|p1b: Sinistcha\n|-immune|p1b: Sinistcha\n|move|p1a: Garchomp|Earthquake|p2a: Sinistcha|[spread] p1b,p2a,p2b\n|-resisted|p1b: Sinistcha|1\n|-resisted|p2a: Sinistcha|1\n|-supereffective|p2b: Aggron|1\n|-damage|p1b: Sinistcha|82/100\n|-damage|p2a: Sinistcha|88/100\n|-damage|p2b: Aggron|32/100\n|\n|-weather|Sandstorm|[upkeep]\n|-damage|p1b: Sinistcha|76/100|[from] Sandstorm\n|-damage|p2a: Sinistcha|81/100|[from] Sandstorm\n|-heal|p2a: Sinistcha|88/100|[from] item: Leftovers\n|upkeep\n|turn|5\n|\n|t:|1776540859\n|move|p1a: Garchomp|Protect|p1a: Garchomp\n|-singleturn|p1a: Garchomp|Protect\n|move|p2b: Aggron|Sleep Talk||[still]\n|-fail|p2b: Aggron\n|move|p1b: Sinistcha|Shadow Ball|p2a: Sinistcha\n|-supereffective|p2a: Sinistcha|1\n|-damage|p2a: Sinistcha|0 fnt\n|faint|p2a: Sinistcha\n|\n|-weather|none\n|upkeep\n|\n|t:|1776540868\n|switch|p2a: Tyranitar|Tyranitar, L50, M, shiny|100/100\n|-weather|Sandstorm|[from] ability: Sand Stream|[of] p2a: Tyranitar\n|turn|6\n|l|\u2606mamvaza\n|player|p2|\n|inactive|Battle timer is ON: inactive players will automatically lose when time's up. (requested by Moxiemencefan21)\n|inactive|mamvaza has 30 seconds to reconnect!\n|inactive|mamvaza has 20 seconds to reconnect!\n|inactive|mamvaza has 15 seconds to reconnect!\n|inactive|mamvaza has 10 seconds to reconnect!\n|inactive|mamvaza has 5 seconds to reconnect!\n|-message|mamvaza lost due to inactivity.\n|\n|win|Moxiemencefan21\n|raw|Moxiemencefan21's rating: 1180 &rarr; <strong>1199</strong><br />(+19 for winning)\n|raw|mamvaza's rating: 1090 &rarr; <strong>1072</strong><br />(-18 for losing)\n",
  "uploadtime": 1776541020,
  "views": 20,
  "formatid": "gen9championsvgc2026regma",
  "rating": 1072,
  "private": 0,
  "password": null
}