{
  "id": "gen9championsvgc2026regma-2584214110",
  "format": "[Gen 9 Champions] VGC 2026 Reg M-A",
  "players": [
    "Mdjfbd",
    "noncompy"
  ],
  "log": "|j|\u2606Mdjfbd\n|j|\u2606noncompy\n|t:|1776239048\n|gametype|doubles\n|player|p1|Mdjfbd|266|1014\n|player|p2|noncompy|ninjaboy|1028\n|gen|9\n|tier|[Gen 9 Champions] VGC 2026 Reg M-A\n|rated|\n|rule|Species Clause: Limit one of each Pok\u00e9mon\n|rule|Item Clause: Limit 1 of each item\n|clearpoke\n|poke|p1|Delphox, L50, F|\n|poke|p1|Whimsicott, L50, F|\n|poke|p1|Rotom-Wash, L50|\n|poke|p1|Mamoswine, L50, F|\n|poke|p1|Dragonite, L50, F|\n|poke|p1|Incineroar, L50, M|\n|poke|p2|Tinkaton, L50, F|\n|poke|p2|Mr. Rime, L50, M|\n|poke|p2|Tsareena, L50, F|\n|poke|p2|Mudsdale, L50, M|\n|poke|p2|Incineroar, L50, F|\n|poke|p2|Feraligatr, L50, F|\n|teampreview|4\n|inactive|Battle timer is ON: inactive players will automatically lose when time's up. (requested by Mdjfbd)\n|l|\u2606noncompy\n|inactive|noncompy disconnected and has a minute to reconnect!\n|player|p2|\n|j|\u2606noncompy\n|inactive|noncompy reconnected and has 70 seconds left.\n|player|p2|noncompy|ninjaboy|\n|inactive|noncompy has 60 seconds left.\n|\n|t:|1776239094\n|teamsize|p1|4\n|teamsize|p2|4\n|start\n|switch|p1a: Incineroar|Incineroar, L50, M|100/100\n|switch|p1b: Mamoswine|Mamoswine, L50, F|100/100\n|switch|p2a: Tinkaton|Tinkaton, L50, F|100/100\n|switch|p2b: Mr. Rime|Mr. Rime, L50, M|100/100\n|-ability|p1a: Incineroar|Intimidate|boost\n|-fail|p2a: Tinkaton|unboost|Attack|[from] ability: Own Tempo|[of] p2a: Tinkaton\n|-unboost|p2b: Mr. Rime|atk|1\n|turn|1\n|inactive|noncompy has 30 seconds left.\n|\n|t:|1776239125\n|move|p1b: Mamoswine|Protect|p1b: Mamoswine\n|-singleturn|p1b: Mamoswine|Protect\n|move|p2a: Tinkaton|Fake Out|p1a: Incineroar\n|-damage|p1a: Incineroar|91/100\n|cant|p1a: Incineroar|flinch\n|move|p2b: Mr. Rime|Teeter Dance|p1b: Mamoswine|[spread] p2a,p1a\n|-activate|p1b: Mamoswine|move: Protect\n|-immune|p2a: Tinkaton|confusion|[from] ability: Own Tempo\n|-start|p1a: Incineroar|confusion\n|\n|upkeep\n|turn|2\n|inactive|noncompy has 30 seconds left.\n|\n|t:|1776239153\n|switch|p2b: Feraligatr|Feraligatr, L50, F|100/100\n|switch|p1a: Whimsicott|Whimsicott, L50, F|100/100\n|move|p1b: Mamoswine|Earthquake|p2a: Tinkaton|[spread] p1a,p2a,p2b\n|-resisted|p1a: Whimsicott|1\n|-supereffective|p2a: Tinkaton|1\n|-crit|p2a: Tinkaton\n|-damage|p1a: Whimsicott|65/100\n|-damage|p2a: Tinkaton|0 fnt\n|-damage|p2b: Feraligatr|54/100\n|faint|p2a: Tinkaton\n|\n|upkeep\n|\n|t:|1776239167\n|switch|p2a: Tsareena|Tsareena, L50, F|100/100\n|turn|3\n|\n|t:|1776239188\n|move|p1b: Mamoswine|Protect|p1b: Mamoswine\n|-singleturn|p1b: Mamoswine|Protect\n|move|p1a: Whimsicott|Tailwind|p1a: Whimsicott\n|-sidestart|p1: Mdjfbd|move: Tailwind\n|move|p2a: Tsareena|Power Whip|p1b: Mamoswine\n|-activate|p1b: Mamoswine|move: Protect\n|move|p2b: Feraligatr|Thrash|p1b: Mamoswine\n|-activate|p1b: Mamoswine|move: Protect\n|\n|upkeep\n|turn|4\n|inactive|noncompy has 30 seconds left.\n|inactive|noncompy has 20 seconds left.\n|\n|t:|1776239223\n|switch|p1b: Incineroar|Incineroar, L50, M|91/100\n|-ability|p1b: Incineroar|Intimidate|boost\n|-unboost|p2a: Tsareena|atk|1\n|-unboost|p2b: Feraligatr|atk|1\n|move|p1a: Whimsicott|Moonblast|p2b: Feraligatr\n|-damage|p2b: Feraligatr|15/100\n|move|p2a: Tsareena|Teeter Dance|p1b: Incineroar|[spread] p2b,p1a,p1b\n|-start|p2b: Feraligatr|confusion\n|-start|p1a: Whimsicott|confusion\n|-start|p1b: Incineroar|confusion\n|-activate|p2b: Feraligatr|confusion\n|move|p2b: Feraligatr|Thrash|p1b: Incineroar\n|-damage|p1b: Incineroar|69/100\n|\n|upkeep\n|turn|5\n|inactive|noncompy has 30 seconds left.\n|\n|t:|1776239258\n|-activate|p1a: Whimsicott|confusion\n|move|p1a: Whimsicott|Moonblast|p2b: Feraligatr\n|-damage|p2b: Feraligatr|0 fnt\n|faint|p2b: Feraligatr\n|-activate|p1b: Incineroar|confusion\n|move|p1b: Incineroar|Flare Blitz|p2a: Tsareena\n|-supereffective|p2a: Tsareena|1\n|-damage|p2a: Tsareena|3/100\n|-damage|p1b: Incineroar|45/100|[from] Recoil\n|-enditem|p1b: Incineroar|Sitrus Berry|[eat]\n|-heal|p1b: Incineroar|69/100|[from] item: Sitrus Berry\n|move|p2a: Tsareena|High Jump Kick|p1b: Incineroar\n|-supereffective|p1b: Incineroar|1\n|-damage|p1b: Incineroar|18/100\n|\n|upkeep\n|\n|t:|1776239271\n|switch|p2b: Mr. Rime|Mr. Rime, L50, M|100/100\n|turn|6\n|\n|t:|1776239295\n|-end|p1a: Whimsicott|confusion\n|move|p1a: Whimsicott|Protect|p1a: Whimsicott\n|-singleturn|p1a: Whimsicott|Protect\n|-activate|p1b: Incineroar|confusion\n|move|p1b: Incineroar|Flare Blitz|p2b: Mr. Rime\n|-supereffective|p2b: Mr. Rime|1\n|-enditem|p2b: Mr. Rime|Focus Sash\n|-damage|p2b: Mr. Rime|1/100\n|-damage|p1b: Incineroar|0 fnt|[from] Recoil\n|faint|p1b: Incineroar\n|move|p2a: Tsareena|High Jump Kick|p1a: Whimsicott\n|-activate|p1a: Whimsicott|move: Protect\n|-damage|p2a: Tsareena|0 fnt|[from] highjumpkick\n|faint|p2a: Tsareena\n|move|p2b: Mr. Rime|Ice Beam|p1a: Whimsicott\n|-activate|p1a: Whimsicott|move: Protect\n|\n|-sideend|p1: Mdjfbd|move: Tailwind\n|upkeep\n|\n|t:|1776239312\n|switch|p1b: Mamoswine|Mamoswine, L50, F|100/100\n|turn|7\n|\n|t:|1776239319\n|move|p1a: Whimsicott|Fake Tears|p2b: Mr. Rime\n|-unboost|p2b: Mr. Rime|spd|2\n|move|p1b: Mamoswine|Ice Shard|p2b: Mr. Rime\n|-resisted|p2b: Mr. Rime|1\n|-damage|p2b: Mr. Rime|0 fnt\n|faint|p2b: Mr. Rime\n|\n|win|Mdjfbd\n|raw|Mdjfbd's rating: 1014 &rarr; <strong>1053</strong><br />(+39 for winning)\n|raw|noncompy's rating: 1028 &rarr; <strong>1013</strong><br />(-15 for losing)\n",
  "uploadtime": 1776239324,
  "views": 26,
  "formatid": "gen9championsvgc2026regma",
  "rating": 1013,
  "private": 0,
  "password": null
}