{
  "id": "gen9championsvgc2026regma-2584617485",
  "format": "[Gen 9 Champions] VGC 2026 Reg M-A",
  "players": [
    "etrdyfyiu",
    "bamdoot"
  ],
  "log": "|j|\u2606etrdyfyiu\n|j|\u2606bamdoot\n|t:|1776272405\n|gametype|doubles\n|player|p1|etrdyfyiu|266|1246\n|player|p2|bamdoot|266|1332\n|gen|9\n|tier|[Gen 9 Champions] VGC 2026 Reg M-A\n|rated|\n|rule|Species Clause: Limit one of each Pok\u00e9mon\n|rule|Item Clause: Limit 1 of each item\n|clearpoke\n|poke|p1|Palafin, L50, F|\n|poke|p1|Arcanine, L50, F|\n|poke|p1|Scizor, L50, F|\n|poke|p1|Tyranitar, L50, M|\n|poke|p1|Sneasler, L50, M|\n|poke|p1|Sinistcha, L50|\n|poke|p2|Whimsicott, L50, M|\n|poke|p2|Chandelure, L50, F|\n|poke|p2|Charizard, L50, F|\n|poke|p2|Garchomp, L50, F|\n|poke|p2|Rotom-Wash, L50|\n|poke|p2|Aegislash, L50, M|\n|teampreview|4\netrdyfyiu has agreed to open team sheets.\n|\n|t:|1776272448\n|teamsize|p1|4\n|teamsize|p2|4\n|start\n|switch|p1a: Tyranitar|Tyranitar, L50, M, shiny|100/100\n|switch|p1b: Sneasler|Sneasler, L50, M, shiny|100/100\n|switch|p2a: Whimsicott|Whimsicott, L50, M|100/100\n|switch|p2b: Charizard|Charizard, L50, F|100/100\n|-weather|Sandstorm|[from] ability: Sand Stream|[of] p1a: Tyranitar\n|turn|1\n|inactive|Battle timer is ON: inactive players will automatically lose when time's up. (requested by bamdoot)\n|\n|t:|1776272489\n|switch|p2b: Garchomp|Garchomp, L50, F|100/100\n|detailschange|p1a: Tyranitar|Tyranitar-Mega, L50, M, shiny\n|-mega|p1a: Tyranitar|Tyranitar|Tyranitarite\n|move|p2a: Whimsicott|Protect|p2a: Whimsicott\n|-singleturn|p2a: Whimsicott|Protect\n|move|p1b: Sneasler|Fake Out|p2a: Whimsicott\n|-activate|p2a: Whimsicott|move: Protect\n|move|p1a: Tyranitar|Rock Slide|p2b: Garchomp|[spread] \n|-activate|p2a: Whimsicott|move: Protect\n|-miss|p1a: Tyranitar|p2b: Garchomp\n|\n|-weather|Sandstorm|[upkeep]\n|-damage|p1b: Sneasler|95/100|[from] Sandstorm\n|-damage|p2a: Whimsicott|95/100|[from] Sandstorm\n|upkeep\n|turn|2\n|\n|t:|1776272512\n|move|p2a: Whimsicott|Tailwind|p2a: Whimsicott\n|-sidestart|p2: bamdoot|move: Tailwind\n|move|p2b: Garchomp|Earthquake|p1a: Tyranitar|[spread] p2a,p1a,p1b\n|-resisted|p2a: Whimsicott|1\n|-supereffective|p1a: Tyranitar|1\n|-supereffective|p1b: Sneasler|1\n|-damage|p2a: Whimsicott|78/100\n|-damage|p1a: Tyranitar|56/100\n|-damage|p1b: Sneasler|0 fnt\n|faint|p1b: Sneasler\n|move|p1a: Tyranitar|Knock Off|p2b: Garchomp\n|-damage|p2b: Garchomp|33/100\n|-enditem|p2b: Garchomp|White Herb|[from] move: Knock Off|[of] p1a: Tyranitar\n|\n|-weather|Sandstorm|[upkeep]\n|-damage|p2a: Whimsicott|72/100|[from] Sandstorm\n|upkeep\n|\n|t:|1776272522\n|switch|p1b: Sinistcha|Sinistcha, L50|100/100\n|-heal|p1a: Tyranitar|81/100|[from] ability: Hospitality|[of] p1b: Sinistcha\n|turn|3\n|inactive|bamdoot has 30 seconds left.\n|inactive|bamdoot has 20 seconds left.\n|inactive|bamdoot has 15 seconds left.\n|\n|t:|1776272566\n|move|p1a: Tyranitar|Protect|p1a: Tyranitar\n|-singleturn|p1a: Tyranitar|Protect\n|move|p2a: Whimsicott|Sunny Day|p2a: Whimsicott\n|-weather|SunnyDay\n|move|p2b: Garchomp|Earthquake|p1b: Sinistcha|[spread] p2a,p1b\n|-activate|p1a: Tyranitar|move: Protect\n|-resisted|p2a: Whimsicott|1\n|-resisted|p1b: Sinistcha|1\n|-damage|p2a: Whimsicott|56/100\n|-damage|p1b: Sinistcha|82/100\n|move|p1b: Sinistcha|Matcha Gotcha|p2b: Garchomp|[spread] p2a,p2b\n|-resisted|p2a: Whimsicott|1\n|-damage|p2a: Whimsicott|38/100\n|-heal|p1b: Sinistcha|90/100|[from] drain|[of] p2a: Whimsicott\n|-damage|p2b: Garchomp|2/100\n|-heal|p1b: Sinistcha|100/100|[from] drain|[of] p2b: Garchomp\n|\n|-weather|SunnyDay|[upkeep]\n|upkeep\n|turn|4\n|inactive|etrdyfyiu has 30 seconds left.\n|\n|t:|1776272591\n|move|p2b: Garchomp|Crunch|p1b: Sinistcha\n|-supereffective|p1b: Sinistcha|1\n|-damage|p1b: Sinistcha|50/100\n|-enditem|p1b: Sinistcha|Sitrus Berry|[eat]\n|-heal|p1b: Sinistcha|75/100|[from] item: Sitrus Berry\n|move|p2a: Whimsicott|Moonblast|p1a: Tyranitar\n|-supereffective|p1a: Tyranitar|1\n|-damage|p1a: Tyranitar|39/100\n|move|p1a: Tyranitar|Rock Slide|p2a: Whimsicott|[spread] p2a,p2b\n|-resisted|p2b: Garchomp|1\n|-damage|p2a: Whimsicott|7/100\n|-damage|p2b: Garchomp|0 fnt\n|faint|p2b: Garchomp\n|move|p1b: Sinistcha|Trick Room|p1b: Sinistcha\n|-fieldstart|move: Trick Room|[of] p1b: Sinistcha\n|\n|-weather|SunnyDay|[upkeep]\n|upkeep\n|\n|t:|1776272605\n|switch|p2b: Charizard|Charizard, L50, F|100/100\n|turn|5\n|-message|bamdoot forfeited.\n|\n|win|etrdyfyiu\n|raw|etrdyfyiu's rating: 1246 &rarr; <strong>1277</strong><br />(+31 for winning)\n|raw|bamdoot's rating: 1332 &rarr; <strong>1307</strong><br />(-25 for losing)\n|l|\u2606bamdoot\n|player|p2|\n",
  "uploadtime": 1776272626,
  "views": 35,
  "formatid": "gen9championsvgc2026regma",
  "rating": 1277,
  "private": 0,
  "password": null
}