{
  "id": "gen9championsvgc2026regma-2583706319",
  "format": "[Gen 9 Champions] VGC 2026 Reg M-A",
  "players": [
    "counterbash",
    "Sneasler33"
  ],
  "log": "|j|\u2606counterbash\n|j|\u2606Sneasler33\n|t:|1776192236\n|gametype|doubles\n|player|p1|counterbash|klara|1236\n|player|p2|Sneasler33|dawn-gen4pt|1300\n|gen|9\n|tier|[Gen 9 Champions] VGC 2026 Reg M-A\n|rated|\n|rule|Species Clause: Limit one of each Pok\u00e9mon\n|rule|Item Clause: Limit 1 of each item\n|clearpoke\n|poke|p1|Scizor, L50, M|\n|poke|p1|Sinistcha, L50|\n|poke|p1|Primarina, L50, F|\n|poke|p1|Froslass, L50, F|\n|poke|p1|Incineroar, L50, M|\n|poke|p1|Aerodactyl, L50, F|\n|poke|p2|Corviknight, L50, M|\n|poke|p2|Incineroar, L50, M|\n|poke|p2|Tyranitar, L50, M|\n|poke|p2|Excadrill, L50, M|\n|poke|p2|Sinistcha, L50|\n|poke|p2|Floette-Eternal, L50, F|\n|teampreview|4\n|\n|t:|1776192284\n|teamsize|p1|4\n|teamsize|p2|4\n|start\n|switch|p1a: Maralen|Primarina, L50, F|100/100\n|switch|p1b: McGuirk|Scizor, L50, M|100/100\n|switch|p2a: Incineroar|Incineroar, L50, M|100/100\n|switch|p2b: Corviknight|Corviknight, L50, M|100/100\n|-ability|p2a: Incineroar|Intimidate|boost\n|-unboost|p1a: Maralen|atk|1\n|-unboost|p1b: McGuirk|atk|1\n|turn|1\n|inactive|Battle timer is ON: inactive players will automatically lose when time's up. (requested by Sneasler33)\n|\n|t:|1776192299\n|move|p2a: Incineroar|Fake Out|p1a: Maralen\n|-damage|p1a: Maralen|86/100\n|move|p1b: McGuirk|Swords Dance|p1b: McGuirk\n|-boost|p1b: McGuirk|atk|2\n|move|p2b: Corviknight|Tailwind|p2b: Corviknight\n|-sidestart|p2: Sneasler33|move: Tailwind\n|cant|p1a: Maralen|flinch\n|\n|-heal|p1a: Maralen|92/100|[from] item: Leftovers\n|upkeep\n|turn|2\n|\n|t:|1776192309\n|switch|p2b: Floette|Floette-Eternal, L50, F|100/100\n|switch|p1a: Mr. Mostly Mittens|Incineroar, L50, M|100/100\n|-ability|p1a: Mr. Mostly Mittens|Intimidate|boost\n|-unboost|p2a: Incineroar|atk|1\n|-unboost|p2b: Floette|atk|1\n|move|p1b: McGuirk|Protect|p1b: McGuirk\n|-singleturn|p1b: McGuirk|Protect\n|move|p2a: Incineroar|Flare Blitz|p1b: McGuirk\n|-activate|p1b: McGuirk|move: Protect\n|\n|upkeep\n|turn|3\n|\n|t:|1776192328\n|switch|p2b: Corviknight|Corviknight, L50, M|100/100\n|move|p1a: Mr. Mostly Mittens|Fake Out|p2a: Incineroar\n|-damage|p2a: Incineroar|90/100\n|cant|p2a: Incineroar|flinch\n|move|p1b: McGuirk|Swords Dance|p1b: McGuirk\n|-boost|p1b: McGuirk|atk|2\n|\n|upkeep\n|turn|4\n|\n|t:|1776192340\n|move|p1b: McGuirk|Protect|p1b: McGuirk\n|-singleturn|p1b: McGuirk|Protect\n|move|p2b: Corviknight|Iron Defense|p2b: Corviknight\n|-boost|p2b: Corviknight|def|2\n|move|p2a: Incineroar|Flare Blitz|p1b: McGuirk\n|-activate|p1b: McGuirk|move: Protect\n|move|p1a: Mr. Mostly Mittens|Parting Shot|p2a: Incineroar\n|-unboost|p2a: Incineroar|atk|1\n|-unboost|p2a: Incineroar|spa|1\n|\n|t:|1776192348\n|switch|p1a: Maralen|Primarina, L50, F|92/100|[from] Parting Shot\n|\n|-heal|p1a: Maralen|98/100|[from] item: Leftovers\n|-sideend|p2: Sneasler33|move: Tailwind\n|upkeep\n|turn|5\n|\n|t:|1776192356\n|move|p1b: McGuirk|Bug Bite|p2b: Corviknight\n|-resisted|p2b: Corviknight|2\n|-damage|p2b: Corviknight|91/100\n|-enditem|p2b: Corviknight|Occa Berry|[from] stealeat|[move] Bug Bite|[of] p1b: McGuirk\n|move|p2b: Corviknight|Tailwind|p2b: Corviknight\n|-sidestart|p2: Sneasler33|move: Tailwind\n|move|p2a: Incineroar|Flare Blitz|p1b: McGuirk\n|-supereffective|p1b: McGuirk|2\n|-enditem|p1b: McGuirk|Occa Berry|[eat]\n|-enditem|p1b: McGuirk|Occa Berry|[weaken]\n|-damage|p1b: McGuirk|47/100\n|-damage|p2a: Incineroar|75/100|[from] Recoil\n|move|p1a: Maralen|Hyper Voice|p2b: Corviknight|[spread] p2a,p2b\n|-supereffective|p2a: Incineroar|1\n|-damage|p2a: Incineroar|16/100\n|-damage|p2b: Corviknight|54/100\n|\n|-heal|p1a: Maralen|100/100|[from] item: Leftovers\n|upkeep\n|turn|6\n|\n|t:|1776192378\n|move|p1b: McGuirk|Bullet Punch|p2a: Incineroar\n|-resisted|p2a: Incineroar|1\n|-damage|p2a: Incineroar|0 fnt\n|faint|p2a: Incineroar\n|move|p2b: Corviknight|Brave Bird|p1b: McGuirk\n|-damage|p1b: McGuirk|9/100\n|-damage|p2b: Corviknight|43/100|[from] Recoil\n|move|p1a: Maralen|Hyper Voice|p2b: Corviknight\n|-crit|p2b: Corviknight\n|-damage|p2b: Corviknight|0 fnt\n|faint|p2b: Corviknight\n|\n|upkeep\n|\n|t:|1776192381\n|switch|p2b: Sinistcha|Sinistcha, L50|100/100\n|switch|p2a: Floette|Floette-Eternal, L50, F|100/100\n|turn|7\n|\n|t:|1776192397\n|switch|p1a: More Bounce|Sinistcha, L50|100/100\n|-heal|p1b: McGuirk|33/100|[from] ability: Hospitality|[of] p1a: More Bounce\n|detailschange|p2a: Floette|Floette-Mega, L50, F\n|-mega|p2a: Floette|Floette|Floettite\n|-ability|p2a: Floette|Fairy Aura\n|move|p1b: McGuirk|Protect|p1b: McGuirk\n|-singleturn|p1b: McGuirk|Protect\n|move|p2b: Sinistcha|Rage Powder|p2b: Sinistcha\n|-singleturn|p2b: Sinistcha|move: Rage Powder\n|move|p2a: Floette|Calm Mind|p2a: Floette\n|-boost|p2a: Floette|spa|1\n|-boost|p2a: Floette|spd|1\n|\n|upkeep\n|turn|8\n|inactive|counterbash has 30 seconds left.\n|\n|t:|1776192422\n|move|p2b: Sinistcha|Rage Powder|p2b: Sinistcha\n|-singleturn|p2b: Sinistcha|move: Rage Powder\n|move|p1a: More Bounce|Rage Powder|p1a: More Bounce\n|-singleturn|p1a: More Bounce|move: Rage Powder\n|move|p1b: McGuirk|Bullet Punch|p2b: Sinistcha\n|-damage|p2b: Sinistcha|26/100\n|-enditem|p2b: Sinistcha|Sitrus Berry|[eat]\n|-heal|p2b: Sinistcha|51/100|[from] item: Sitrus Berry\n|move|p2a: Floette|Dazzling Gleam|p1a: More Bounce|[spread] p1a,p1b\n|-resisted|p1b: McGuirk|1\n|-damage|p1a: More Bounce|34/100\n|-damage|p1b: McGuirk|0 fnt\n|faint|p1b: McGuirk\n|\n|-sideend|p2: Sneasler33|move: Tailwind\n|upkeep\n|\n|t:|1776192431\n|switch|p1b: Maralen|Primarina, L50, F|100/100\n|turn|9\n|\n|t:|1776192440\n|switch|p1a: Mr. Mostly Mittens|Incineroar, L50, M|100/100\n|-ability|p1a: Mr. Mostly Mittens|Intimidate|boost\n|-unboost|p2a: Floette|atk|1\n|-unboost|p2b: Sinistcha|atk|1\n|move|p2a: Floette|Dazzling Gleam|p1b: Maralen|[spread] p1a,p1b\n|-damage|p1a: Mr. Mostly Mittens|36/100\n|-damage|p1b: Maralen|40/100\n|-enditem|p1a: Mr. Mostly Mittens|Sitrus Berry|[eat]\n|-heal|p1a: Mr. Mostly Mittens|61/100|[from] item: Sitrus Berry\n|move|p2b: Sinistcha|Strength Sap|p1b: Maralen\n|-unboost|p1b: Maralen|atk|1\n|-heal|p2b: Sinistcha|98/100\n|move|p1b: Maralen|Hyper Voice|p2b: Sinistcha|[spread] p2a,p2b\n|-resisted|p2b: Sinistcha|1\n|-damage|p2a: Floette|78/100\n|-damage|p2b: Sinistcha|83/100\n|\n|-heal|p1b: Maralen|45/100|[from] item: Leftovers\n|upkeep\n|turn|10\n|\n|t:|1776192464\n|switch|p1b: More Bounce|Sinistcha, L50|34/100\n|-heal|p1a: Mr. Mostly Mittens|86/100|[from] ability: Hospitality|[of] p1b: More Bounce\n|move|p2a: Floette|Dazzling Gleam|p1b: More Bounce|[spread] p1a,p1b\n|-damage|p1a: Mr. Mostly Mittens|26/100\n|-damage|p1b: More Bounce|0 fnt\n|faint|p1b: More Bounce\n|move|p2b: Sinistcha|Strength Sap|p1a: Mr. Mostly Mittens\n|-unboost|p1a: Mr. Mostly Mittens|atk|1\n|-heal|p2b: Sinistcha|100/100\n|move|p1a: Mr. Mostly Mittens|Flare Blitz|p2b: Sinistcha\n|-supereffective|p2b: Sinistcha|1\n|-crit|p2b: Sinistcha\n|-damage|p2b: Sinistcha|0 fnt\n|faint|p2b: Sinistcha\n|-damage|p1a: Mr. Mostly Mittens|0 fnt|[from] Recoil\n|faint|p1a: Mr. Mostly Mittens\n|\n|upkeep\n|\n|t:|1776192472\n|switch|p1b: Maralen|Primarina, L50, F|45/100\n|turn|11\n|c|\u2606counterbash|gg\n|-message|counterbash forfeited.\n|\n|win|Sneasler33\n|raw|counterbash's rating: 1236 &rarr; <strong>1216</strong><br />(-20 for losing)\n|raw|Sneasler33's rating: 1300 &rarr; <strong>1320</strong><br />(+20 for winning)\n|l|\u2606counterbash\n|player|p1|\n",
  "uploadtime": 1776192488,
  "views": 34,
  "formatid": "gen9championsvgc2026regma",
  "rating": 1216,
  "private": 0,
  "password": null
}