{
  "id": "gen9championsvgc2026regma-2580427400",
  "format": "[Gen 9 Champions] VGC 2026 Reg M-A",
  "players": [
    "didd0s",
    "TopTierMortal"
  ],
  "log": "|j|\u2606didd0s\n|j|\u2606TopTierMortal\n|t:|1775894898\n|gametype|doubles\n|player|p1|didd0s|psychic-gen2|1000\n|player|p2|TopTierMortal|blue|1030\n|gen|9\n|tier|[Gen 9 Champions] VGC 2026 Reg M-A\n|rated|\n|rule|Species Clause: Limit one of each Pok\u00e9mon\n|rule|Item Clause: Limit 1 of each item\n|clearpoke\n|poke|p1|Floette-Eternal, L50, F|\n|poke|p1|Sneasler, L50, M|\n|poke|p1|Whimsicott, L50, F|\n|poke|p1|Incineroar, L50, M|\n|poke|p1|Delphox, L50, F|\n|poke|p1|Sinistcha, L50|\n|poke|p2|Glimmora, L50, M|\n|poke|p2|Tyranitar, L50, F|\n|poke|p2|Milotic, L50, F|\n|poke|p2|Sinistcha, L50|\n|poke|p2|Maushold, L50|\n|poke|p2|Excadrill, L50, F|\n|teampreview|4\n|inactive|Battle timer is ON: inactive players will automatically lose when time's up. (requested by didd0s)\n|j| collete\n|inactive|didd0s has 60 seconds left.\n|\n|t:|1775894944\n|teamsize|p1|4\n|teamsize|p2|4\n|start\n|switch|p1a: Sneasler|Sneasler, L50, M|100/100\n|switch|p1b: Sinistcha|Sinistcha, L50|100/100\n|switch|p2a: Tyranitar|Tyranitar, L50, F|100/100\n|switch|p2b: Excadrill|Excadrill, L50, F|100/100\n|-weather|Sandstorm|[from] ability: Sand Stream|[of] p2a: Tyranitar\n|turn|1\n|\n|t:|1775894970\n|switch|p2a: Sinistcha|Sinistcha, L50|100/100\n|move|p1a: Sneasler|Fake Out|p2b: Excadrill\n|-resisted|p2b: Excadrill|1\n|-damage|p2b: Excadrill|89/100\n|cant|p2b: Excadrill|flinch\n|move|p1b: Sinistcha|Trick Room|p1b: Sinistcha\n|-fieldstart|move: Trick Room|[of] p1b: Sinistcha\n|\n|-weather|Sandstorm|[upkeep]\n|-damage|p1b: Sinistcha|94/100|[from] Sandstorm\n|-damage|p2a: Sinistcha|94/100|[from] Sandstorm\n|-damage|p1a: Sneasler|95/100|[from] Sandstorm\n|upkeep\n|turn|2\n|\n|t:|1775894994\n|move|p2b: Excadrill|Protect|p2b: Excadrill\n|-singleturn|p2b: Excadrill|Protect\n|move|p2a: Sinistcha|Shadow Ball|p1b: Sinistcha\n|-supereffective|p1b: Sinistcha|1\n|-damage|p1b: Sinistcha|20/100\n|move|p1b: Sinistcha|Shadow Ball|p2a: Sinistcha\n|-supereffective|p2a: Sinistcha|1\n|-damage|p2a: Sinistcha|3/100\n|-enditem|p2a: Sinistcha|Sitrus Berry|[eat]\n|-heal|p2a: Sinistcha|27/100|[from] item: Sitrus Berry\n|move|p1a: Sneasler|Close Combat|p2b: Excadrill\n|-activate|p2b: Excadrill|move: Protect\n|\n|-weather|Sandstorm|[upkeep]\n|-damage|p1b: Sinistcha|14/100|[from] Sandstorm\n|-damage|p2a: Sinistcha|21/100|[from] Sandstorm\n|-damage|p1a: Sneasler|89/100|[from] Sandstorm\n|upkeep\n|turn|3\n|\n|t:|1775895012\n|switch|p1b: Incineroar|Incineroar, L50, M|100/100\n|-ability|p1b: Incineroar|Intimidate|boost\n|-unboost|p2a: Sinistcha|atk|1\n|-unboost|p2b: Excadrill|atk|1\n|switch|p2b: Tyranitar|Tyranitar, L50, F|100/100\n|move|p2a: Sinistcha|Shadow Ball|p1b: Incineroar\n|-resisted|p1b: Incineroar|1\n|-damage|p1b: Incineroar|86/100\n|-unboost|p1b: Incineroar|spd|1\n|move|p1a: Sneasler|Close Combat|p2b: Tyranitar\n|-supereffective|p2b: Tyranitar|2\n|-enditem|p2b: Tyranitar|Focus Sash\n|-damage|p2b: Tyranitar|1/100\n|-unboost|p1a: Sneasler|def|1\n|-unboost|p1a: Sneasler|spd|1\n|-enditem|p1a: Sneasler|White Herb\n|-clearnegativeboost|p1a: Sneasler|[silent]\n|\n|-weather|Sandstorm|[upkeep]\n|-damage|p1b: Incineroar|80/100|[from] Sandstorm\n|-damage|p2a: Sinistcha|15/100|[from] Sandstorm\n|-damage|p1a: Sneasler|83/100|[from] Sandstorm\n|upkeep\n|turn|4\n|inactive|didd0s has 30 seconds left.\n|inactive|didd0s has 20 seconds left.\n|\n|t:|1775895051\n|move|p2b: Tyranitar|Protect|p2b: Tyranitar\n|-singleturn|p2b: Tyranitar|Protect\n|move|p1b: Incineroar|Darkest Lariat|p2a: Sinistcha\n|-supereffective|p2a: Sinistcha|1\n|-crit|p2a: Sinistcha\n|-damage|p2a: Sinistcha|0 fnt\n|faint|p2a: Sinistcha\n|move|p1a: Sneasler|Dire Claw|p2b: Tyranitar\n|-activate|p2b: Tyranitar|move: Protect\n|\n|-weather|Sandstorm|[upkeep]\n|-damage|p1b: Incineroar|74/100|[from] Sandstorm\n|-damage|p1a: Sneasler|77/100|[from] Sandstorm\n|upkeep\n|\n|t:|1775895060\n|switch|p2a: Excadrill|Excadrill, L50, F|89/100\n|turn|5\n|\n|t:|1775895070\n|move|p2a: Excadrill|Protect|p2a: Excadrill\n|-singleturn|p2a: Excadrill|Protect\n|move|p1b: Incineroar|Parting Shot|p2b: Tyranitar\n|-unboost|p2b: Tyranitar|atk|1\n|-unboost|p2b: Tyranitar|spa|1\n|\n|t:|1775895082\n|switch|p1b: Floette|Floette-Eternal, L50, F|100/100|[from] Parting Shot\n|move|p2b: Tyranitar|Rock Slide|p1b: Floette|[spread] p1b\n|-miss|p2b: Tyranitar|p1a: Sneasler\n|-damage|p1b: Floette|64/100\n|move|p1a: Sneasler|Close Combat|p2a: Excadrill\n|-activate|p2a: Excadrill|move: Protect\n|\n|-weather|none\n|-fieldend|move: Trick Room\n|upkeep\n|turn|6\n|inactive|TopTierMortal has 30 seconds left.\n|\n|t:|1775895113\n|detailschange|p1b: Floette|Floette-Mega, L50, F\n|-mega|p1b: Floette|Floette|Floettite\n|-ability|p1b: Floette|Fairy Aura\n|move|p1a: Sneasler|Close Combat|p2a: Excadrill\n|-supereffective|p2a: Excadrill|1\n|-damage|p2a: Excadrill|0 fnt\n|-unboost|p1a: Sneasler|def|1\n|-unboost|p1a: Sneasler|spd|1\n|faint|p2a: Excadrill\n|move|p1b: Floette|Moonblast|p2b: Tyranitar\n|-supereffective|p2b: Tyranitar|1\n|-damage|p2b: Tyranitar|0 fnt\n|faint|p2b: Tyranitar\n|\n|upkeep\n|\n|t:|1775895123\n|switch|p2b: Glimmora|Glimmora, L50, M|100/100\n|turn|7\n|\n|t:|1775895128\n|detailschange|p2b: Glimmora|Glimmora-Mega, L50, M\n|-mega|p2b: Glimmora|Glimmora|Glimmoranite\n|move|p2b: Glimmora|Spiky Shield|p2b: Glimmora\n|-singleturn|p2b: Glimmora|move: Protect\n|move|p1a: Sneasler|Close Combat|p2b: Glimmora\n|-activate|p2b: Glimmora|move: Protect\n|-damage|p1a: Sneasler|65/100|[from] Spiky Shield|[of] p2b: Glimmora\n|move|p1b: Floette|Dazzling Gleam|p2b: Glimmora\n|-activate|p2b: Glimmora|move: Protect\n|\n|upkeep\n|turn|8\n|\n|t:|1775895142\n|move|p1a: Sneasler|Close Combat|p2b: Glimmora\n|-damage|p2b: Glimmora|30/100\n|-unboost|p1a: Sneasler|def|1\n|-unboost|p1a: Sneasler|spd|1\n|move|p1b: Floette|Moonblast|p2b: Glimmora\n|-resisted|p2b: Glimmora|1\n|-damage|p2b: Glimmora|0 fnt\n|faint|p2b: Glimmora\n|\n|win|didd0s\n|raw|didd0s's rating: 1000 &rarr; <strong>1043</strong><br />(+43 for winning)\n|raw|TopTierMortal's rating: 1030 &rarr; <strong>1014</strong><br />(-16 for losing)\n|l| collete\n",
  "uploadtime": 1775895177,
  "views": 16,
  "formatid": "gen9championsvgc2026regma",
  "rating": 1014,
  "private": 0,
  "password": null
}