{
  "id": "gen9championsvgc2026regma-2586373829",
  "format": "[Gen 9 Champions] VGC 2026 Reg M-A",
  "players": [
    "clpb",
    "hstrrrrrrrrrr"
  ],
  "log": "|j|\u2606clpb\n|j|\u2606hstrrrrrrrrrr\n|t:|1776429858\n|gametype|doubles\n|player|p1|clpb|170|1077\n|player|p2|hstrrrrrrrrrr|266|1000\n|gen|9\n|tier|[Gen 9 Champions] VGC 2026 Reg M-A\n|rated|\n|rule|Species Clause: Limit one of each Pok\u00e9mon\n|rule|Item Clause: Limit 1 of each item\n|clearpoke\n|poke|p1|Tinkaton, L50, F|\n|poke|p1|Altaria, L50, M|\n|poke|p1|Excadrill, L50, M|\n|poke|p1|Rotom-Wash, L50|\n|poke|p1|Primarina, L50, M|\n|poke|p1|Bellibolt, L50, F|\n|poke|p2|Krookodile, L50, F|\n|poke|p2|Hawlucha, L50, M|\n|poke|p2|Ampharos, L50, M|\n|poke|p2|Aggron, L50, M|\n|poke|p2|Meowstic, L50, M|\n|poke|p2|Aegislash, L50, F|\n|teampreview|4\n|inactive|Battle timer is ON: inactive players will automatically lose when time's up. (requested by clpb)\n|\n|t:|1776429880\n|teamsize|p1|4\n|teamsize|p2|4\n|start\n|switch|p1a: Altaria|Altaria, L50, M|100/100\n|switch|p1b: Tinkaton|Tinkaton, L50, F|100/100\n|switch|p2a: Hawlucha|Hawlucha, L50, M|100/100\n|switch|p2b: Krookodile|Krookodile, L50, F|100/100\n|-ability|p2b: Krookodile|Intimidate|boost\n|-unboost|p1a: Altaria|atk|1\n|-fail|p1b: Tinkaton|unboost|Attack|[from] ability: Own Tempo|[of] p1b: Tinkaton\n|-ability|p1a: Altaria|Cloud Nine\n|turn|1\n|\n|t:|1776429900\n|detailschange|p2a: Hawlucha|Hawlucha-Mega, L50, M\n|-mega|p2a: Hawlucha|Hawlucha|Hawluchanite\n|move|p1b: Tinkaton|Fake Out|p2a: Hawlucha\n|-damage|p2a: Hawlucha|91/100\n|cant|p2a: Hawlucha|flinch\n|move|p2b: Krookodile|Fissure|p1b: Tinkaton|[miss]\n|-miss|p2b: Krookodile|p1b: Tinkaton\n|move|p1a: Altaria|Tailwind|p1a: Altaria\n|-sidestart|p1: clpb|move: Tailwind\n|\n|upkeep\n|turn|2\n|\n|t:|1776429919\n|move|p1b: Tinkaton|Gigaton Hammer|p2a: Hawlucha\n|-damage|p2a: Hawlucha|26/100\n|move|p1a: Altaria|Draco Meteor|p2a: Hawlucha\n|-damage|p2a: Hawlucha|0 fnt\n|-unboost|p1a: Altaria|spa|2\n|faint|p2a: Hawlucha\n|move|p2b: Krookodile|Fissure|p1b: Tinkaton|[miss]\n|-miss|p2b: Krookodile|p1b: Tinkaton\n|\n|upkeep\n|\n|t:|1776429930\n|switch|p2a: Aegislash|Aegislash, L50, F|100/100\n|turn|3\n|\n|t:|1776429949\n|switch|p1a: Excadrill|Excadrill, L50, M|100/100\n|move|p2a: Aegislash|Wide Guard|p2a: Aegislash\n|-singleturn|p2a: Aegislash|Wide Guard\n|move|p1b: Tinkaton|Knock Off|p2a: Aegislash\n|-supereffective|p2a: Aegislash|1\n|-damage|p2a: Aegislash|65/100\n|-enditem|p2a: Aegislash|Leftovers|[from] move: Knock Off|[of] p1b: Tinkaton\n|move|p2b: Krookodile|Fissure|p1b: Tinkaton\n|-damage|p1b: Tinkaton|0 fnt\n|faint|p1b: Tinkaton\n|-ohko\n|\n|upkeep\n|\n|t:|1776429966\n|switch|p1b: Rotom|Rotom-Wash, L50|100/100\n|turn|4\n|\n|t:|1776429974\n|detailschange|p1a: Excadrill|Excadrill-Mega, L50, M\n|-mega|p1a: Excadrill|Excadrill|Excadrite\n|move|p2a: Aegislash|Wide Guard|p2a: Aegislash\n|-singleturn|p2a: Aegislash|Wide Guard\n|move|p1a: Excadrill|Earthquake|p2b: Krookodile|[spread] \n|-activate|p2a: Aegislash|move: Wide Guard\n|-activate|p2b: Krookodile|move: Wide Guard\n|-immune|p1b: Rotom|[from] ability: Levitate\n|move|p1b: Rotom|Hydro Pump|p2b: Krookodile\n|-supereffective|p2b: Krookodile|1\n|-damage|p2b: Krookodile|0 fnt\n|faint|p2b: Krookodile\n|\n|-sideend|p1: clpb|move: Tailwind\n|upkeep\n|\n|t:|1776429990\n|switch|p2b: Meowstic|Meowstic, L50, M|100/100\n|turn|5\n|\n|t:|1776430003\n|move|p2b: Meowstic|Gravity|p2b: Meowstic\n|-fieldstart|move: Gravity\n|move|p1a: Excadrill|Megahorn|p2b: Meowstic\n|-supereffective|p2b: Meowstic|1\n|-damage|p2b: Meowstic|0 fnt\n|faint|p2b: Meowstic\n|move|p1b: Rotom|Volt Switch|p2a: Aegislash\n|-damage|p2a: Aegislash|38/100\n|\n|t:|1776430012\n|switch|p1b: Altaria|Altaria, L50, M|100/100|[from] Volt Switch\n|-ability|p1b: Altaria|Cloud Nine\n|move|p2a: Aegislash|Destiny Bond|p2a: Aegislash\n|-singlemove|p2a: Aegislash|Destiny Bond\n|\n|upkeep\n|turn|6\n|inactive|clpb has 30 seconds left.\n|\n|t:|1776430041\n|move|p2a: Aegislash|Wide Guard|p2a: Aegislash\n|-singleturn|p2a: Aegislash|Wide Guard\n|move|p1a: Excadrill|Iron Head|p2a: Aegislash\n|-resisted|p2a: Aegislash|1\n|-damage|p2a: Aegislash|15/100\n|move|p1b: Altaria|Tailwind|p1b: Altaria\n|-sidestart|p1: clpb|move: Tailwind\n|\n|upkeep\n|turn|7\n|\n|t:|1776430052\n|move|p1a: Excadrill|Earthquake|p2a: Aegislash|[spread] p1b,p2a\n|-supereffective|p2a: Aegislash|1\n|-damage|p1b: Altaria|38/100\n|-damage|p2a: Aegislash|0 fnt\n|faint|p2a: Aegislash\n|\n|win|clpb\n|raw|clpb's rating: 1077 &rarr; <strong>1099</strong><br />(+22 for winning)\n|raw|hstrrrrrrrrrr's rating: 1000 &rarr; <strong>1000</strong><br />(+0 for losing)\n|l|\u2606hstrrrrrrrrrr\n|player|p2|\n",
  "uploadtime": 1776430059,
  "views": 27,
  "formatid": "gen9championsvgc2026regma",
  "rating": 1000,
  "private": 0,
  "password": null
}