{
  "id": "gen9championsvgc2026regma-2582677209",
  "format": "[Gen 9 Champions] VGC 2026 Reg M-A",
  "players": [
    "Loyola Lafuente",
    "jackoek11"
  ],
  "log": "|j|\u2606Loyola Lafuente\n|j|\u2606jackoek11\n|t:|1776106654\n|gametype|doubles\n|player|p1|Loyola Lafuente|102|1365\n|player|p2|jackoek11|170|1401\n|gen|9\n|tier|[Gen 9 Champions] VGC 2026 Reg M-A\n|rated|\n|rule|Species Clause: Limit one of each Pok\u00e9mon\n|rule|Item Clause: Limit 1 of each item\n|clearpoke\n|poke|p1|Sinistcha, L50|\n|poke|p1|Dragonite, L50, F|\n|poke|p1|Archaludon, L50, M|\n|poke|p1|Pelipper, L50, M|\n|poke|p1|Basculegion, L50, M|\n|poke|p1|Sneasler, L50, F|\n|poke|p2|Floette-Eternal, L50, F|\n|poke|p2|Kingambit, L50, M|\n|poke|p2|Garchomp, L50, F|\n|poke|p2|Incineroar, L50, M|\n|poke|p2|Sinistcha, L50|\n|poke|p2|Corviknight, L50, F|\n|teampreview|4\n|\n|t:|1776106670\n|teamsize|p1|4\n|teamsize|p2|4\n|start\n|switch|p1a: Sneasler|Sneasler, L50, F|100/100\n|switch|p1b: Dragonite|Dragonite, L50, F|100/100\n|switch|p2a: Garchomp|Garchomp, L50, F, shiny|100/100\n|switch|p2b: Corviknight|Corviknight, L50, F, shiny|100/100\n|turn|1\n|\n|t:|1776106682\n|switch|p1a: Pelipper|Pelipper, L50, M|100/100\n|-weather|RainDance|[from] ability: Drizzle|[of] p1a: Pelipper\n|detailschange|p1b: Dragonite|Dragonite-Mega, L50, F\n|-mega|p1b: Dragonite|Dragonite|Dragoninite\n|move|p2a: Garchomp|Earthquake|p1b: Dragonite|[spread] \n|-immune|p2b: Corviknight\n|-immune|p1a: Pelipper\n|-immune|p1b: Dragonite\n|move|p1b: Dragonite|Draco Meteor|p2a: Garchomp|[miss]\n|-miss|p1b: Dragonite|p2a: Garchomp\n|move|p2b: Corviknight|Tailwind|p2b: Corviknight\n|-sidestart|p2: jackoek11|move: Tailwind\n|\n|-weather|RainDance|[upkeep]\n|upkeep\n|turn|2\n|\n|t:|1776106701\n|move|p2a: Garchomp|Rock Slide|p1a: Pelipper|[spread] p1a,p1b\n|-supereffective|p1a: Pelipper|1\n|-supereffective|p1b: Dragonite|1\n|-damage|p1a: Pelipper|68/100\n|-damage|p1b: Dragonite|83/100\n|move|p2b: Corviknight|Brave Bird|p1a: Pelipper\n|-damage|p1a: Pelipper|38/100\n|-damage|p2b: Corviknight|92/100|[from] Recoil\n|cant|p1b: Dragonite|flinch\n|cant|p1a: Pelipper|flinch\n|\n|-weather|RainDance|[upkeep]\n|-heal|p2b: Corviknight|98/100|[from] item: Leftovers\n|upkeep\n|turn|3\n|c|\u2606jackoek11|damn dude\n|c|\u2606Loyola Lafuente|Hahahaha\n|c|\u2606Loyola Lafuente|Man\n|j| KiluSicarius\n|c|\u2606Loyola Lafuente|I did perfect first turn to kill garchomp\n|c|\u2606Loyola Lafuente|And now double flinch\n|c|\u2606Loyola Lafuente|Wtf\n|c|\u2606Loyola Lafuente|U should forfeit\n|c|\u2606Loyola Lafuente|Not your fault\n|c|\u2606Loyola Lafuente|But its embarrasing\n|\n|t:|1776106751\n|move|p1b: Dragonite|Protect|p1b: Dragonite\n|-singleturn|p1b: Dragonite|Protect\n|move|p2a: Garchomp|Rock Slide|p1a: Pelipper|[spread] p1a\n|-activate|p1b: Dragonite|move: Protect\n|-supereffective|p1a: Pelipper|1\n|-damage|p1a: Pelipper|0 fnt\n|faint|p1a: Pelipper\n|move|p2b: Corviknight|Brave Bird|p1b: Dragonite\n|-activate|p1b: Dragonite|move: Protect\n|\n|-weather|RainDance|[upkeep]\n|-heal|p2b: Corviknight|100/100|[from] item: Leftovers\n|upkeep\n|c|\u2606jackoek11|unfortunately i will not forfeit\n|\n|t:|1776106761\n|switch|p1a: Archaludon|Archaludon, L50, M|100/100\n|turn|4\n|\n|t:|1776106774\n|move|p2a: Garchomp|Stomping Tantrum|p1a: Archaludon\n|-supereffective|p1a: Archaludon|1\n|-damage|p1a: Archaludon|20/100\n|move|p2b: Corviknight|Brave Bird|p1b: Dragonite\n|-damage|p1b: Dragonite|47/100\n|-damage|p2b: Corviknight|91/100|[from] Recoil\n|move|p1b: Dragonite|Tailwind|p1b: Dragonite\n|-sidestart|p1: Loyola Lafuente|move: Tailwind\n|move|p1a: Archaludon|Electro Shot||[still]\n|-prepare|p1a: Archaludon|Electro Shot\n|-boost|p1a: Archaludon|spa|1\n|-anim|p1a: Archaludon|Electro Shot|p2b: Corviknight\n|-supereffective|p2b: Corviknight|1\n|-damage|p2b: Corviknight|0 fnt\n|faint|p2b: Corviknight\n|\n|-weather|RainDance|[upkeep]\n|-heal|p1a: Archaludon|25/100|[from] item: Leftovers\n|-sideend|p2: jackoek11|move: Tailwind\n|upkeep\n|c|\u2606Loyola Lafuente|U wouldnt\n|c|\u2606Loyola Lafuente|Butunderstand me\n|c|\u2606Loyola Lafuente|Hahaha\n|\n|t:|1776106797\n|switch|p2b: Floette|Floette-Eternal, L50, F|100/100\n|turn|5\n|c|\u2606Loyola Lafuente|I wouldnt*\n|\n|t:|1776106807\n|detailschange|p2b: Floette|Floette-Mega, L50, F\n|-mega|p2b: Floette|Floette|Floettite\n|-ability|p2b: Floette|Fairy Aura\n|move|p2b: Floette|Protect|p2b: Floette\n|-singleturn|p2b: Floette|Protect\n|move|p1b: Dragonite|Draco Meteor|p2a: Garchomp\n|-supereffective|p2a: Garchomp|1\n|-damage|p2a: Garchomp|0 fnt\n|-unboost|p1b: Dragonite|spa|2\n|faint|p2a: Garchomp\n|move|p1a: Archaludon|Flash Cannon|p2b: Floette\n|-activate|p2b: Floette|move: Protect\n|\n|-weather|none\n|-heal|p1a: Archaludon|31/100|[from] item: Leftovers\n|upkeep\n|c|\u2606jackoek11|i think you win anyways\n|\n|t:|1776106816\n|switch|p2a: Sinistcha|Sinistcha, L50|100/100\n|turn|6\n|\n|t:|1776106831\n|move|p2a: Sinistcha|Rage Powder|p2a: Sinistcha\n|-singleturn|p2a: Sinistcha|move: Rage Powder\n|move|p1b: Dragonite|Hurricane|p2a: Sinistcha\n|-supereffective|p2a: Sinistcha|1\n|-damage|p2a: Sinistcha|32/100\n|-enditem|p2a: Sinistcha|Sitrus Berry|[eat]\n|-heal|p2a: Sinistcha|57/100|[from] item: Sitrus Berry\n|move|p1a: Archaludon|Dragon Pulse|p2a: Sinistcha\n|-damage|p2a: Sinistcha|0 fnt\n|faint|p2a: Sinistcha\n|move|p2b: Floette|Dazzling Gleam|p1b: Dragonite|[spread] p1a,p1b\n|-supereffective|p1b: Dragonite|1\n|-damage|p1a: Archaludon|0 fnt\n|-damage|p1b: Dragonite|0 fnt\n|faint|p1a: Archaludon\n|faint|p1b: Dragonite\n|\n|upkeep\n|\n|t:|1776106842\n|switch|p1a: Sneasler|Sneasler, L50, F|100/100\n|turn|7\n|\n|t:|1776106848\n|move|p2b: Floette|Protect|p2b: Floette\n|-singleturn|p2b: Floette|Protect\n|move|p1a: Sneasler|Fake Out|p2b: Floette\n|-activate|p2b: Floette|move: Protect\n|\n|-sideend|p1: Loyola Lafuente|move: Tailwind\n|upkeep\n|turn|8\n|\n|t:|1776106851\n|move|p1a: Sneasler|Dire Claw|p2b: Floette\n|-supereffective|p2b: Floette|1\n|-damage|p2b: Floette|18/100\n|move|p2b: Floette|Draining Kiss|p1a: Sneasler\n|-damage|p1a: Sneasler|44/100\n|-heal|p2b: Floette|54/100|[from] drain|[of] p1a: Sneasler\n|\n|upkeep\n|turn|9\n|c|\u2606jackoek11|gg\n|\n|t:|1776106857\n|move|p1a: Sneasler|Dire Claw|p2b: Floette\n|-supereffective|p2b: Floette|1\n|-damage|p2b: Floette|0 fnt\n|faint|p2b: Floette\n|\n|win|Loyola Lafuente\n|raw|Loyola Lafuente's rating: 1365 &rarr; <strong>1387</strong><br />(+22 for winning)\n|raw|jackoek11's rating: 1401 &rarr; <strong>1379</strong><br />(-22 for losing)\n|c|\u2606Loyola Lafuente|Loool\n|l|\u2606jackoek11\n|player|p2|\n|c|\u2606Loyola Lafuente|How can u loose this\n|l| KiluSicarius\n",
  "uploadtime": 1776106882,
  "views": 28,
  "formatid": "gen9championsvgc2026regma",
  "rating": 1379,
  "private": 0,
  "password": null
}