{
  "id": "gen9championsvgc2026regma-2586772016",
  "format": "[Gen 9 Champions] VGC 2026 Reg M-A",
  "players": [
    "guzzlordstrainer",
    "UltraDark21"
  ],
  "log": "|j|\u2606guzzlordstrainer\n|j|\u2606UltraDark21\n|t:|1776458670\n|gametype|doubles\n|player|p1|guzzlordstrainer|brycen|1073\n|player|p2|UltraDark21|266|1096\n|gen|9\n|tier|[Gen 9 Champions] VGC 2026 Reg M-A\n|rated|\n|rule|Species Clause: Limit one of each Pok\u00e9mon\n|rule|Item Clause: Limit 1 of each item\n|clearpoke\n|poke|p1|Milotic, L50, M|\n|poke|p1|Incineroar, L50, F|\n|poke|p1|Clefable, L50, M|\n|poke|p1|Wyrdeer, L50, M|\n|poke|p1|Froslass, L50, F|\n|poke|p1|Maushold, L50|\n|poke|p2|Kingambit, L50, F|\n|poke|p2|Sneasler, L50, M|\n|poke|p2|Charizard, L50, M|\n|poke|p2|Whimsicott, L50, M|\n|poke|p2|Maushold, L50|\n|poke|p2|Garchomp, L50, F|\n|teampreview|4\n|\n|t:|1776458701\n|teamsize|p1|4\n|teamsize|p2|4\n|start\n|switch|p1a: Maushold|Maushold, L50|100/100\n|switch|p1b: Milotic|Milotic, L50, M|100/100\n|switch|p2a: Sneasler|Sneasler, L50, M|100/100\n|switch|p2b: Garchomp|Garchomp, L50, F|100/100\n|turn|1\n|\n|t:|1776458723\n|move|p2b: Garchomp|Protect|p2b: Garchomp\n|-singleturn|p2b: Garchomp|Protect\n|move|p1a: Maushold|Protect|p1a: Maushold\n|-singleturn|p1a: Maushold|Protect\n|move|p2a: Sneasler|Close Combat|p1a: Maushold\n|-activate|p1a: Maushold|move: Protect\n|move|p1b: Milotic|Blizzard|p2a: Sneasler|[spread] p2a\n|-activate|p2b: Garchomp|move: Protect\n|-damage|p2a: Sneasler|72/100\n|\n|upkeep\n|turn|2\n|\n|t:|1776458757\n|switch|p2a: Charizard|Charizard, L50, M, shiny|100/100\n|switch|p1a: Incineroar|Incineroar, L50, F|100/100\n|-ability|p1a: Incineroar|Intimidate|boost\n|-unboost|p2a: Charizard|atk|1\n|-unboost|p2b: Garchomp|atk|1\n|move|p2b: Garchomp|Rock Slide|p1b: Milotic|[spread] p1a,p1b\n|-supereffective|p1a: Incineroar|1\n|-damage|p1a: Incineroar|74/100\n|-damage|p1b: Milotic|89/100\n|move|p1b: Milotic|Blizzard|p2a: Charizard|[spread] p2a,p2b\n|-supereffective|p2b: Garchomp|2\n|-damage|p2a: Charizard|76/100\n|-damage|p2b: Garchomp|1/100\n|-status|p2b: Garchomp|frz\n|\n|-heal|p1b: Milotic|95/100|[from] item: Leftovers\n|upkeep\n|turn|3\n|\n|t:|1776458794\n|detailschange|p2a: Charizard|Charizard-Mega-Y, L50, M, shiny\n|-mega|p2a: Charizard|Charizard|Charizardite Y\n|-weather|SunnyDay|[from] ability: Drought|[of] p2a: Charizard\n|move|p1a: Incineroar|Fake Out|p2a: Charizard\n|-damage|p2a: Charizard|60/100\n|-curestatus|p2b: Garchomp|frz|[msg]\n|move|p2b: Garchomp|Earthquake|p1a: Incineroar|[spread] p1a,p1b\n|-immune|p2a: Charizard\n|-supereffective|p1a: Incineroar|1\n|-damage|p1a: Incineroar|23/100\n|-damage|p1b: Milotic|71/100\n|cant|p2a: Charizard|flinch\n|move|p1b: Milotic|Hydro Pump|p2a: Charizard\n|-supereffective|p2a: Charizard|1\n|-damage|p2a: Charizard|20/100\n|\n|-weather|SunnyDay|[upkeep]\n|-heal|p1b: Milotic|77/100|[from] item: Leftovers\n|upkeep\n|turn|4\n|c|\u2606guzzlordstrainer|Uh oh\n|\n|t:|1776458851\n|move|p1b: Milotic|Protect|p1b: Milotic\n|-singleturn|p1b: Milotic|Protect\n|move|p2b: Garchomp|Earthquake|p1a: Incineroar|[spread] p1a\n|-activate|p1b: Milotic|move: Protect\n|-immune|p2a: Charizard\n|-supereffective|p1a: Incineroar|1\n|-damage|p1a: Incineroar|0 fnt\n|faint|p1a: Incineroar\n|move|p2a: Charizard|Overheat|p1b: Milotic\n|-activate|p1b: Milotic|move: Protect\n|\n|-weather|SunnyDay|[upkeep]\n|-heal|p1b: Milotic|83/100|[from] item: Leftovers\n|upkeep\n|\n|t:|1776458870\n|switch|p1a: Clefable|Clefable, L50, M|100/100\n|turn|5\n|\n|t:|1776458894\n|detailschange|p1a: Clefable|Clefable-Mega, L50, M\n|-mega|p1a: Clefable|Clefable|Clefablite\n|move|p2a: Charizard|Protect|p2a: Charizard\n|-singleturn|p2a: Charizard|Protect\n|move|p1a: Clefable|Follow Me|p1a: Clefable\n|-singleturn|p1a: Clefable|move: Follow Me\n|move|p2b: Garchomp|Earthquake|p1b: Milotic|[spread] p1b\n|-activate|p2a: Charizard|move: Protect\n|-immune|p1a: Clefable\n|-damage|p1b: Milotic|59/100\n|move|p1b: Milotic|Blizzard|p2b: Garchomp|[spread] p2b\n|-activate|p2a: Charizard|move: Protect\n|-supereffective|p2b: Garchomp|2\n|-damage|p2b: Garchomp|0 fnt\n|faint|p2b: Garchomp\n|\n|-weather|SunnyDay|[upkeep]\n|-heal|p1b: Milotic|65/100|[from] item: Leftovers\n|upkeep\n|inactive|Battle timer is ON: inactive players will automatically lose when time's up. (requested by guzzlordstrainer)\n|\n|t:|1776458910\n|switch|p2b: Whimsicott|Whimsicott, L50, M, shiny|100/100\n|turn|6\n|\n|t:|1776458930\n|move|p1a: Clefable|Follow Me|p1a: Clefable\n|-singleturn|p1a: Clefable|move: Follow Me\n|move|p2b: Whimsicott|Tailwind|p2b: Whimsicott\n|-sidestart|p2: UltraDark21|move: Tailwind\n|move|p2a: Charizard|Solar Beam||[still]\n|-prepare|p2a: Charizard|Solar Beam\n|-anim|p2a: Charizard|Solar Beam|p1a: Clefable\n|-resisted|p1a: Clefable|1\n|-damage|p1a: Clefable|83/100\n|move|p1b: Milotic|Blizzard|p2b: Whimsicott|[spread] p2a\n|-miss|p1b: Milotic|p2b: Whimsicott\n|-damage|p2a: Charizard|0 fnt\n|faint|p2a: Charizard\n|\n|-weather|SunnyDay|[upkeep]\n|-heal|p1b: Milotic|71/100|[from] item: Leftovers\n|upkeep\n|\n|t:|1776458943\n|switch|p2a: Sneasler|Sneasler, L50, M|72/100\n|turn|7\n|\n|t:|1776458957\n|move|p2a: Sneasler|Fake Out|p1b: Milotic\n|-damage|p1b: Milotic|58/100\n|move|p1a: Clefable|Follow Me|p1a: Clefable\n|-singleturn|p1a: Clefable|move: Follow Me\n|move|p2b: Whimsicott|Moonblast|p1a: Clefable\n|-damage|p1a: Clefable|59/100\n|cant|p1b: Milotic|flinch\n|\n|-weather|none\n|-heal|p1b: Milotic|64/100|[from] item: Leftovers\n|upkeep\n|turn|8\n|inactive|UltraDark21 has 30 seconds left.\n|\n|t:|1776458983\n|move|p1a: Clefable|Protect|p1a: Clefable\n|-singleturn|p1a: Clefable|Protect\n|move|p2b: Whimsicott|Sunny Day|p2b: Whimsicott\n|-weather|SunnyDay\n|move|p2a: Sneasler|Dire Claw|p1a: Clefable\n|-activate|p1a: Clefable|move: Protect\n|move|p1b: Milotic|Blizzard|p2a: Sneasler|[spread] p2b\n|-miss|p1b: Milotic|p2a: Sneasler\n|-supereffective|p2b: Whimsicott|1\n|-damage|p2b: Whimsicott|46/100\n|\n|-weather|SunnyDay|[upkeep]\n|-heal|p1b: Milotic|70/100|[from] item: Leftovers\n|upkeep\n|turn|9\n|\n|t:|1776459007\n|switch|p1a: Maushold|Maushold, L50|100/100\n|move|p2b: Whimsicott|Encore||[still]\n|-fail|p2b: Whimsicott\n|move|p2a: Sneasler|Dire Claw|p1a: Maushold\n|-damage|p1a: Maushold|39/100\n|move|p1b: Milotic|Hydro Pump|p2a: Sneasler\n|-damage|p2a: Sneasler|40/100\n|\n|-weather|SunnyDay|[upkeep]\n|-heal|p1b: Milotic|76/100|[from] item: Leftovers\n|-sideend|p2: UltraDark21|move: Tailwind\n|upkeep\n|turn|10\n|inactive|guzzlordstrainer has 30 seconds left.\n|inactive|UltraDark21 has 30 seconds left.\n|\n|t:|1776459041\n|move|p1a: Maushold|Protect|p1a: Maushold\n|-singleturn|p1a: Maushold|Protect\n|move|p2b: Whimsicott|Tailwind|p2b: Whimsicott\n|-sidestart|p2: UltraDark21|move: Tailwind\n|move|p2a: Sneasler|Dire Claw|p1b: Milotic\n|-damage|p1b: Milotic|50/100\n|move|p1b: Milotic|Blizzard|p2a: Sneasler|[spread] p2a,p2b\n|-supereffective|p2b: Whimsicott|1\n|-damage|p2a: Sneasler|11/100\n|-damage|p2b: Whimsicott|0 fnt\n|faint|p2b: Whimsicott\n|\n|-weather|SunnyDay|[upkeep]\n|-heal|p1b: Milotic|56/100|[from] item: Leftovers\n|upkeep\n|turn|11\n|-message|UltraDark21 forfeited.\n|\n|win|guzzlordstrainer\n|raw|guzzlordstrainer's rating: 1073 &rarr; <strong>1104</strong><br />(+31 for winning)\n|raw|UltraDark21's rating: 1096 &rarr; <strong>1070</strong><br />(-26 for losing)\n|l|\u2606UltraDark21\n|player|p2|\n",
  "uploadtime": 1776459058,
  "views": 29,
  "formatid": "gen9championsvgc2026regma",
  "rating": 1070,
  "private": 0,
  "password": null
}