{
  "id": "gen9championsvgc2026regma-2583340599",
  "format": "[Gen 9 Champions] VGC 2026 Reg M-A",
  "players": [
    "tejgr8forev29",
    "KuroiRyu1122"
  ],
  "log": "|j|\u2606tejgr8forev29\n|j|\u2606KuroiRyu1122\n|t:|1776168417\n|gametype|doubles\n|player|p1|tejgr8forev29|lance|1191\n|player|p2|KuroiRyu1122|169|1140\n|gen|9\n|tier|[Gen 9 Champions] VGC 2026 Reg M-A\n|rated|\n|rule|Species Clause: Limit one of each Pok\u00e9mon\n|rule|Item Clause: Limit 1 of each item\n|clearpoke\n|poke|p1|Floette-Eternal, L50, F|\n|poke|p1|Maushold, L50|\n|poke|p1|Garchomp, L50, F|\n|poke|p1|Talonflame, L50, M|\n|poke|p1|Rotom-Wash, L50|\n|poke|p1|Aegislash, L50, F|\n|poke|p2|Gengar, L50, M|\n|poke|p2|Incineroar, L50, M|\n|poke|p2|Aerodactyl, L50, F|\n|poke|p2|Sinistcha, L50|\n|poke|p2|Garchomp, L50, M|\n|poke|p2|Sneasler, L50, F|\n|teampreview|4\n|inactive|Battle timer is ON: inactive players will automatically lose when time's up. (requested by KuroiRyu1122)\n|inactive|tejgr8forev29 has 60 seconds left.\n|\n|t:|1776168448\n|teamsize|p1|4\n|teamsize|p2|4\n|start\n|switch|p1a: Talonflame|Talonflame, L50, M|100/100\n|switch|p1b: Maushold|Maushold, L50|100/100\n|switch|p2a: Garchomp|Garchomp, L50, M, shiny|100/100\n|switch|p2b: Incineroar|Incineroar, L50, M, shiny|100/100\n|-ability|p2b: Incineroar|Intimidate|boost\n|-unboost|p1a: Talonflame|atk|1\n|-unboost|p1b: Maushold|atk|1\n|turn|1\n|\n|t:|1776168472\n|move|p1a: Talonflame|Protect|p1a: Talonflame\n|-singleturn|p1a: Talonflame|Protect\n|move|p2a: Garchomp|Rock Slide|p1a: Talonflame|[spread] p1b\n|-activate|p1a: Talonflame|move: Protect\n|-damage|p1b: Maushold|75/100\n|cant|p1b: Maushold|flinch\n|move|p2b: Incineroar|Parting Shot|p1a: Talonflame\n|-activate|p1a: Talonflame|move: Protect\n|\n|upkeep\n|turn|2\n|\n|t:|1776168489\n|move|p1b: Maushold|Follow Me|p1b: Maushold\n|-singleturn|p1b: Maushold|move: Follow Me\n|move|p1a: Talonflame|Tailwind|p1a: Talonflame\n|-sidestart|p1: tejgr8forev29|move: Tailwind\n|move|p2a: Garchomp|Rock Slide|p1a: Talonflame|[spread] p1a,p1b\n|-supereffective|p1a: Talonflame|2\n|-damage|p1a: Talonflame|11/100\n|-damage|p1b: Maushold|47/100\n|move|p2b: Incineroar|Parting Shot|p1b: Maushold\n|-unboost|p1b: Maushold|atk|1\n|-unboost|p1b: Maushold|spa|1\n|\n|t:|1776168498\n|switch|p2b: Sneasler|Sneasler, L50, F, shiny|100/100|[from] Parting Shot\n|\n|upkeep\n|turn|3\n|\n|t:|1776168511\n|move|p2b: Sneasler|Fake Out|p1b: Maushold\n|-damage|p1b: Maushold|30/100\n|cant|p1b: Maushold|flinch\n|move|p1a: Talonflame|Acrobatics|p2b: Sneasler\n|-supereffective|p2b: Sneasler|1\n|-damage|p2b: Sneasler|11/100\n|move|p2a: Garchomp|Rock Slide|p1a: Talonflame|[spread] p1a,p1b\n|-supereffective|p1a: Talonflame|2\n|-damage|p1a: Talonflame|0 fnt\n|-damage|p1b: Maushold|1/100\n|faint|p1a: Talonflame\n|\n|upkeep\n|c|\u2606KuroiRyu1122|dude\n|\n|t:|1776168522\n|switch|p1a: Garchomp|Garchomp, L50, F|100/100\n|turn|4\n|c|\u2606KuroiRyu1122|what did your feed ur mouse\n|\n|t:|1776168537\n|move|p2b: Sneasler|Protect|p2b: Sneasler\n|-singleturn|p2b: Sneasler|Protect\n|move|p1b: Maushold|Super Fang|p2a: Garchomp|[miss]\n|-miss|p1b: Maushold|p2a: Garchomp\n|move|p1a: Garchomp|Earthquake|p2a: Garchomp|[spread] p1b,p2a\n|-activate|p2b: Sneasler|move: Protect\n|-damage|p1b: Maushold|0 fnt\n|-damage|p2a: Garchomp|55/100\n|faint|p1b: Maushold\n|move|p2a: Garchomp|Rock Slide|p1a: Garchomp|[miss]\n|-miss|p2a: Garchomp|p1a: Garchomp\n|\n|upkeep\n|\n|t:|1776168549\n|switch|p1b: Floette|Floette-Eternal, L50, F|100/100\n|turn|5\n|\n|t:|1776168565\n|switch|p2b: Incineroar|Incineroar, L50, M, shiny|100/100\n|-ability|p2b: Incineroar|Intimidate|boost\n|-unboost|p1a: Garchomp|atk|1\n|-unboost|p1b: Floette|atk|1\n|detailschange|p1b: Floette|Floette-Mega, L50, F\n|-mega|p1b: Floette|Floette|Floettite\n|-ability|p1b: Floette|Fairy Aura\n|move|p1a: Garchomp|Stomping Tantrum|p2b: Incineroar\n|-supereffective|p2b: Incineroar|1\n|-enditem|p2b: Incineroar|Shuca Berry|[eat]\n|-enditem|p2b: Incineroar|Shuca Berry|[weaken]\n|-damage|p2b: Incineroar|76/100\n|move|p1b: Floette|Moonblast|p2a: Garchomp\n|-supereffective|p2a: Garchomp|1\n|-damage|p2a: Garchomp|0 fnt\n|faint|p2a: Garchomp\n|\n|-sideend|p1: tejgr8forev29|move: Tailwind\n|upkeep\n|\n|t:|1776168578\n|switch|p2a: Gengar|Gengar, L50, M, shiny|100/100\n|turn|6\n|\n|t:|1776168588\n|detailschange|p2a: Gengar|Gengar-Mega, L50, M, shiny\n|-mega|p2a: Gengar|Gengar|Gengarite\n|move|p1b: Floette|Protect|p1b: Floette\n|-singleturn|p1b: Floette|Protect\n|move|p2b: Incineroar|Fake Out|p1a: Garchomp\n|-damage|p1a: Garchomp|89/100\n|-damage|p2b: Incineroar|64/100|[from] ability: Rough Skin|[of] p1a: Garchomp\n|move|p2a: Gengar|Sludge Bomb|p1b: Floette\n|-activate|p1b: Floette|move: Protect\n|cant|p1a: Garchomp|flinch\n|\n|upkeep\n|turn|7\n|\n|t:|1776168605\n|move|p1b: Floette|Protect||[still]\n|-fail|p1b: Floette\n|move|p2a: Gengar|Sludge Bomb|p1b: Floette\n|-supereffective|p1b: Floette|1\n|-damage|p1b: Floette|24/100\n|-status|p1b: Floette|psn\n|move|p1a: Garchomp|Earthquake|p2b: Incineroar|[spread] p1b,p2a,p2b\n|-supereffective|p2a: Gengar|1\n|-supereffective|p2b: Incineroar|1\n|-damage|p1b: Floette|0 fnt\n|-damage|p2a: Gengar|0 fnt\n|-damage|p2b: Incineroar|15/100\n|faint|p1b: Floette\n|faint|p2a: Gengar\n|move|p2b: Incineroar|Parting Shot|p1a: Garchomp\n|-unboost|p1a: Garchomp|atk|1\n|-unboost|p1a: Garchomp|spa|1\n|\n|t:|1776168613\n|switch|p2b: Sneasler|Sneasler, L50, F, shiny|11/100|[from] Parting Shot\n|\n|upkeep\n|\n|t:|1776168615\n|switch|p2a: Incineroar|Incineroar, L50, M, shiny|15/100\n|-ability|p2a: Incineroar|Intimidate|boost\n|-unboost|p1a: Garchomp|atk|1\n|turn|8\n|c|\u2606tejgr8forev29|Wow\n|\n|t:|1776168633\n|move|p2a: Incineroar|Fake Out|p1a: Garchomp\n|-damage|p1a: Garchomp|77/100\n|-damage|p2a: Incineroar|3/100|[from] ability: Rough Skin|[of] p1a: Garchomp\n|move|p2b: Sneasler|Close Combat|p1a: Garchomp\n|-damage|p1a: Garchomp|19/100\n|-unboost|p2b: Sneasler|def|1\n|-unboost|p2b: Sneasler|spd|1\n|-damage|p2b: Sneasler|0 fnt|[from] ability: Rough Skin|[of] p1a: Garchomp\n|faint|p2b: Sneasler\n|cant|p1a: Garchomp|flinch\n|\n|upkeep\n|turn|9\n|\n|t:|1776168645\n|move|p1a: Garchomp|Earthquake|p2a: Incineroar\n|-supereffective|p2a: Incineroar|1\n|-damage|p2a: Incineroar|0 fnt\n|faint|p2a: Incineroar\n|\n|win|tejgr8forev29\n|raw|tejgr8forev29's rating: 1191 &rarr; <strong>1212</strong><br />(+21 for winning)\n|raw|KuroiRyu1122's rating: 1140 &rarr; <strong>1119</strong><br />(-21 for losing)\n|c|\u2606KuroiRyu1122|what did you feed your team\n",
  "uploadtime": 1776168658,
  "views": 38,
  "formatid": "gen9championsvgc2026regma",
  "rating": 1119,
  "private": 0,
  "password": null
}