{
  "id": "gen9championsvgc2026regma-2585975280",
  "format": "[Gen 9 Champions] VGC 2026 Reg M-A",
  "players": [
    "Rotomwashlover67",
    "Jmoneyzzzzz"
  ],
  "log": "|j|\u2606Rotomwashlover67\n|j|\u2606Jmoneyzzzzz\n|t:|1776386688\n|gametype|doubles\n|player|p1|Rotomwashlover67|volkner|1270\n|player|p2|Jmoneyzzzzz|265|1173\n|gen|9\n|tier|[Gen 9 Champions] VGC 2026 Reg M-A\n|rated|\n|rule|Species Clause: Limit one of each Pok\u00e9mon\n|rule|Item Clause: Limit 1 of each item\n|clearpoke\n|poke|p1|Aerodactyl, L50, M|\n|poke|p1|Garchomp, L50, M|\n|poke|p1|Aegislash, L50, M|\n|poke|p1|Kangaskhan, L50, F|\n|poke|p1|Milotic, L50, F|\n|poke|p1|Rotom-Heat, L50|\n|poke|p2|Oranguru, L50, F|\n|poke|p2|Araquanid, L50, F|\n|poke|p2|Kingambit, L50, F|\n|poke|p2|Crabominable, L50, F|\n|poke|p2|Sylveon, L50, M|\n|poke|p2|Incineroar, L50, M|\n|teampreview|4\n|inactive|Battle timer is ON: inactive players will automatically lose when time's up. (requested by Rotomwashlover67)\nRotomwashlover67 rejected open team sheets.\n|\n|t:|1776386745\n|teamsize|p1|4\n|teamsize|p2|4\n|start\n|switch|p1a: Aerodactyl|Aerodactyl, L50, M|100/100\n|switch|p1b: Garchomp|Garchomp, L50, M|100/100\n|switch|p2a: Oranguru|Oranguru, L50, F|100/100\n|switch|p2b: Incineroar|Incineroar, L50, M|100/100\n|-ability|p1a: Aerodactyl|Unnerve\n|-ability|p2b: Incineroar|Intimidate|boost\n|-unboost|p1a: Aerodactyl|atk|1\n|-unboost|p1b: Garchomp|atk|1\n|turn|1\n|\n|t:|1776386764\n|move|p1a: Aerodactyl|Rock Slide|p2a: Oranguru|[spread] p2a,p2b\n|-supereffective|p2b: Incineroar|1\n|-damage|p2a: Oranguru|86/100\n|-damage|p2b: Incineroar|77/100\n|move|p1b: Garchomp|Earthquake|p2b: Incineroar|[spread] p2a,p2b\n|-immune|p1a: Aerodactyl\n|-supereffective|p2b: Incineroar|1\n|-damage|p2a: Oranguru|59/100\n|-damage|p2b: Incineroar|31/100\n|move|p2b: Incineroar|Parting Shot|p1b: Garchomp\n|-unboost|p1b: Garchomp|atk|1\n|-unboost|p1b: Garchomp|spa|1\n|\n|t:|1776386774\n|switch|p2b: Araquanid|Araquanid, L50, F|100/100|[from] Parting Shot\n|move|p2a: Oranguru|Trick Room|p2a: Oranguru\n|-fieldstart|move: Trick Room|[of] p2a: Oranguru\n|\n|upkeep\n|turn|2\n|\n|t:|1776386792\n|move|p1b: Garchomp|Protect|p1b: Garchomp\n|-singleturn|p1b: Garchomp|Protect\n|move|p1a: Aerodactyl|Protect|p1a: Aerodactyl\n|-singleturn|p1a: Aerodactyl|Protect\n|move|p2b: Araquanid|Surf|p1b: Garchomp|[spread] \n|-activate|p1a: Aerodactyl|move: Protect\n|-activate|p1b: Garchomp|move: Protect\n|-activate|p2a: Oranguru|ability: Telepathy\n|move|p2a: Oranguru|Instruct|p2b: Araquanid\n|-singleturn|p2b: Araquanid|move: Instruct|[of] p2a: Oranguru\n|move|p2b: Araquanid|Surf|p1a: Aerodactyl|[spread] \n|-activate|p1a: Aerodactyl|move: Protect\n|-activate|p1b: Garchomp|move: Protect\n|-activate|p2a: Oranguru|ability: Telepathy\n|\n|upkeep\n|turn|3\n|\n|t:|1776386812\n|switch|p1b: Aegislash|Aegislash, L50, M|100/100\n|switch|p1a: Kangaskhan|Kangaskhan, L50, F|100/100\n|move|p2b: Araquanid|Surf|p1a: Kangaskhan|[spread] p1a,p1b\n|-activate|p2a: Oranguru|ability: Telepathy\n|-damage|p1a: Kangaskhan|46/100\n|-damage|p1b: Aegislash|59/100\n|move|p2a: Oranguru|Instruct|p2b: Araquanid\n|-singleturn|p2b: Araquanid|move: Instruct|[of] p2a: Oranguru\n|move|p2b: Araquanid|Surf|p1b: Aegislash|[spread] p1a,p1b\n|-activate|p2a: Oranguru|ability: Telepathy\n|-damage|p1a: Kangaskhan|0 fnt\n|-damage|p1b: Aegislash|18/100\n|faint|p1a: Kangaskhan\n|\n|upkeep\n|\n|t:|1776386830\n|switch|p1a: Aerodactyl|Aerodactyl, L50, M|100/100\n|-ability|p1a: Aerodactyl|Unnerve\n|turn|4\n|\n|t:|1776386841\n|move|p1b: Aegislash|King's Shield|p1b: Aegislash\n|-singleturn|p1b: Aegislash|Protect\n|move|p1a: Aerodactyl|Protect|p1a: Aerodactyl\n|-singleturn|p1a: Aerodactyl|Protect\n|move|p2b: Araquanid|Surf|p1b: Aegislash|[spread] \n|-activate|p1a: Aerodactyl|move: Protect\n|-activate|p1b: Aegislash|move: Protect\n|-activate|p2a: Oranguru|ability: Telepathy\n|move|p2a: Oranguru|Instruct|p2b: Araquanid\n|-singleturn|p2b: Araquanid|move: Instruct|[of] p2a: Oranguru\n|move|p2b: Araquanid|Surf|p1b: Aegislash|[spread] \n|-activate|p1a: Aerodactyl|move: Protect\n|-activate|p1b: Aegislash|move: Protect\n|-activate|p2a: Oranguru|ability: Telepathy\n|\n|upkeep\n|turn|5\n|inactive|Rotomwashlover67 has 30 seconds left.\n|\n|t:|1776386871\n|switch|p1b: Garchomp|Garchomp, L50, M|100/100\n|move|p2b: Araquanid|Surf|p1a: Aerodactyl|[spread] p1a,p1b\n|-activate|p2a: Oranguru|ability: Telepathy\n|-supereffective|p1a: Aerodactyl|1\n|-enditem|p1a: Aerodactyl|Focus Sash\n|-damage|p1a: Aerodactyl|1/100\n|-damage|p1b: Garchomp|50/100\n|move|p2a: Oranguru|Instruct|p2b: Araquanid\n|-singleturn|p2b: Araquanid|move: Instruct|[of] p2a: Oranguru\n|move|p2b: Araquanid|Surf|p1a: Aerodactyl|[spread] p1a,p1b\n|-activate|p2a: Oranguru|ability: Telepathy\n|-supereffective|p1a: Aerodactyl|1\n|-damage|p1a: Aerodactyl|0 fnt\n|-damage|p1b: Garchomp|0 fnt\n|faint|p1a: Aerodactyl\n|faint|p1b: Garchomp\n|\n|-fieldend|move: Trick Room\n|upkeep\n|\n|t:|1776386892\n|switch|p1b: Aegislash|Aegislash, L50, M|18/100\n|turn|6\n|\n|t:|1776386901\n|move|p1b: Aegislash|King's Shield|p1b: Aegislash\n|-singleturn|p1b: Aegislash|Protect\n|move|p2b: Araquanid|Surf|p1b: Aegislash|[spread] \n|-activate|p1b: Aegislash|move: Protect\n|-activate|p2a: Oranguru|ability: Telepathy\n|move|p2a: Oranguru|Trick Room|p2a: Oranguru\n|-fieldstart|move: Trick Room|[of] p2a: Oranguru\n|\n|upkeep\n|turn|7\n|\n|t:|1776386910\n|move|p2b: Araquanid|Surf|p1b: Aegislash|[spread] p1b\n|-activate|p2a: Oranguru|ability: Telepathy\n|-damage|p1b: Aegislash|0 fnt\n|faint|p1b: Aegislash\n|\n|win|Jmoneyzzzzz\n|raw|Rotomwashlover67's rating: 1270 &rarr; <strong>1238</strong><br />(-32 for losing)\n|raw|Jmoneyzzzzz's rating: 1173 &rarr; <strong>1205</strong><br />(+32 for winning)\n|l|\u2606Rotomwashlover67\n|player|p1|\n",
  "uploadtime": 1776386921,
  "views": 38,
  "formatid": "gen9championsvgc2026regma",
  "rating": 1205,
  "private": 0,
  "password": null
}