{
  "id": "gen9championsvgc2026regma-2584158994",
  "format": "[Gen 9 Champions] VGC 2026 Reg M-A",
  "players": [
    "Fjdjeyvf",
    "JCMT"
  ],
  "log": "|j|\u203dFjdjeyvf\n|j|\u2606JCMT\n|t:|1776232222\n|gametype|doubles\n|player|p1|Fjdjeyvf|crasherwake|1000\n|player|p2|JCMT|harlequin|1049\n|gen|9\n|tier|[Gen 9 Champions] VGC 2026 Reg M-A\n|rated|\n|rule|Species Clause: Limit one of each Pok\u00e9mon\n|rule|Item Clause: Limit 1 of each item\n|clearpoke\n|poke|p1|Heracross, L50, F|\n|poke|p1|Talonflame, L50, F|\n|poke|p1|Sneasler, L50, M|\n|poke|p1|Garchomp, L50, F|\n|poke|p1|Oranguru, L50, F|\n|poke|p1|Ditto, L50|\n|poke|p2|Glimmora, L50, M|\n|poke|p2|Ditto, L50|\n|poke|p2|Maushold-Four, L50|\n|poke|p2|Aegislash, L50, F|\n|poke|p2|Slowking, L50, M|\n|poke|p2|Rotom-Frost, L50|\n|teampreview|4\n|inactive|Battle timer is ON: inactive players will automatically lose when time's up. (requested by JCMT)\n|c|\u2606JCMT|glhf\nJCMT has agreed to open team sheets.\n|inactive|JCMT has 60 seconds left.\n|inactive|Fjdjeyvf has 60 seconds left.\n|\n|t:|1776232265\n|teamsize|p1|4\n|teamsize|p2|4\n|start\n|switch|p1a: Garchomp|Garchomp, L50, F|100/100\n|switch|p1b: Talonflame|Talonflame, L50, F|100/100\n|switch|p2a: Glimmora|Glimmora, L50, M, shiny|100/100\n|switch|p2b: Aegislash|Aegislash, L50, F|100/100\n|turn|1\n|inactive|JCMT has 30 seconds left.\n|inactive|JCMT has 20 seconds left.\n|\n|t:|1776232300\n|detailschange|p2a: Glimmora|Glimmora-Mega, L50, M, shiny\n|-mega|p2a: Glimmora|Glimmora|Glimmoranite\n|move|p2a: Glimmora|Protect|p2a: Glimmora\n|-singleturn|p2a: Glimmora|Protect\n|move|p2b: Aegislash|King's Shield|p2b: Aegislash\n|-singleturn|p2b: Aegislash|Protect\n|move|p1a: Garchomp|Earthquake|p2a: Glimmora|[spread] \n|-activate|p2a: Glimmora|move: Protect\n|-activate|p2b: Aegislash|move: Protect\n|-immune|p1b: Talonflame\n|move|p1b: Talonflame|Taunt|p2b: Aegislash\n|-start|p2b: Aegislash|move: Taunt\n|\n|upkeep\n|turn|2\n|inactive|Fjdjeyvf has 30 seconds left.\n|inactive|JCMT has 30 seconds left.\n|inactive|Fjdjeyvf has 20 seconds left.\n|inactive|Fjdjeyvf has 15 seconds left.\n|inactive|Fjdjeyvf has 10 seconds left.\n|inactive|Fjdjeyvf has 5 seconds left.\n|\n|t:|1776232355\n|switch|p2a: Slowking|Slowking, L50, M|100/100\n|move|p1b: Talonflame|Tailwind|p1b: Talonflame\n|-sidestart|p1: Fjdjeyvf|move: Tailwind\n|move|p1a: Garchomp|Earthquake|p2a: Slowking|[spread] p2a,p2b\n|-immune|p1b: Talonflame\n|-supereffective|p2b: Aegislash|1\n|-damage|p2a: Slowking|63/100\n|-damage|p2b: Aegislash|32/100\n|-formechange|p2b: Aegislash|Aegislash-Blade|\n|move|p2b: Aegislash|Iron Head|p1a: Garchomp\n|-crit|p1a: Garchomp\n|-damage|p1a: Garchomp|31/100\n|-damage|p2b: Aegislash|20/100|[from] ability: Rough Skin|[of] p1a: Garchomp\n|\n|-heal|p2a: Slowking|69/100|[from] item: Leftovers\n|upkeep\n|turn|3\n|\n|t:|1776232379\n|switch|p2b: Maushold|Maushold-Four, L50|100/100\n|move|p1a: Garchomp|Earthquake|p2b: Maushold|[spread] p2a,p2b\n|-immune|p1b: Talonflame\n|-damage|p2a: Slowking|37/100\n|-damage|p2b: Maushold|47/100\n|move|p1b: Talonflame|Taunt|p2a: Slowking\n|-start|p2a: Slowking|move: Taunt\n|move|p2a: Slowking|Scald|p1a: Garchomp\n|-damage|p1a: Garchomp|0 fnt\n|faint|p1a: Garchomp\n|\n|-heal|p2a: Slowking|43/100|[from] item: Leftovers\n|upkeep\n|\n|t:|1776232400\n|switch|p1a: Heracross|Heracross, L50, F, shiny|100/100\n|turn|4\n|\n|t:|1776232409\n|detailschange|p1a: Heracross|Heracross-Mega, L50, F, shiny\n|-mega|p1a: Heracross|Heracross|Heracronite\n|move|p1b: Talonflame|Brave Bird|p2b: Maushold\n|-damage|p2b: Maushold|0 fnt\n|faint|p2b: Maushold\n|-damage|p1b: Talonflame|82/100|[from] Recoil\n|move|p1a: Heracross|Pin Missile|p2a: Slowking\n|-supereffective|p2a: Slowking|1\n|-damage|p2a: Slowking|3/100\n|-supereffective|p2a: Slowking|1\n|-damage|p2a: Slowking|0 fnt\n|faint|p2a: Slowking\n|-hitcount|p2: Slowking|2\n|\n|upkeep\n|\n|t:|1776232421\n|switch|p2b: Aegislash|Aegislash, L50, F|20/100\n|switch|p2a: Glimmora|Glimmora-Mega, L50, M, shiny|100/100\n|turn|5\n|inactive|Fjdjeyvf has 30 seconds left.\n|inactive|JCMT has 30 seconds left.\n|\n|t:|1776232453\n|switch|p1b: Ditto|Ditto, L50|100/100\n|-transform|p1b: Ditto|p2a: Glimmora|[from] ability: Imposter\n|move|p2b: Aegislash|King's Shield|p2b: Aegislash\n|-singleturn|p2b: Aegislash|Protect\n|move|p1a: Heracross|Rock Blast|p2a: Glimmora\n|-damage|p2a: Glimmora|87/100\n|-damage|p2a: Glimmora|74/100\n|-damage|p2a: Glimmora|60/100\n|-damage|p2a: Glimmora|48/100\n|-damage|p2a: Glimmora|34/100\n|-hitcount|p2a: Glimmora|5\n|move|p2a: Glimmora|Sludge Bomb|p1a: Heracross\n|-damage|p1a: Heracross|25/100\n|\n|-sideend|p1: Fjdjeyvf|move: Tailwind\n|upkeep\n|turn|6\n|inactive|Fjdjeyvf has 30 seconds left.\n|inactive|JCMT has 30 seconds left.\n|\n|t:|1776232487\n|move|p1b: Ditto|Earth Power|p2b: Aegislash\n|-supereffective|p2b: Aegislash|1\n|-damage|p2b: Aegislash|0 fnt\n|faint|p2b: Aegislash\n|move|p2a: Glimmora|Sludge Bomb|p1a: Heracross\n|-damage|p1a: Heracross|0 fnt\n|faint|p1a: Heracross\n|\n|upkeep\n|\n|t:|1776232511\n|switch|p1a: Talonflame|Talonflame, L50, F|82/100\n|turn|7\n|\n|t:|1776232516\n|move|p1a: Talonflame|Tailwind|p1a: Talonflame\n|-sidestart|p1: Fjdjeyvf|move: Tailwind\n|move|p1b: Ditto|Earth Power|p2a: Glimmora\n|-supereffective|p2a: Glimmora|2\n|-damage|p2a: Glimmora|0 fnt\n|faint|p2a: Glimmora\n|\n|win|Fjdjeyvf\n|raw|Fjdjeyvf's rating: 1000 &rarr; <strong>1046</strong><br />(+46 for winning)\n|raw|JCMT's rating: 1049 &rarr; <strong>1029</strong><br />(-20 for losing)\n|c|\u2606JCMT|ggwo\n|c|\u2606JCMT|wp\n",
  "uploadtime": 1776232525,
  "views": 23,
  "formatid": "gen9championsvgc2026regma",
  "rating": 1029,
  "private": 0,
  "password": null
}