{
  "id": "gen9championsvgc2026regma-2586287594",
  "format": "[Gen 9 Champions] VGC 2026 Reg M-A",
  "players": [
    "goldiebird",
    "nanamixd"
  ],
  "log": "|j|\u2606goldiebird\n|j|\u2606nanamixd\n|t:|1776421539\n|gametype|doubles\n|player|p1|goldiebird|265|1196\n|player|p2|nanamixd|102|1120\n|gen|9\n|tier|[Gen 9 Champions] VGC 2026 Reg M-A\n|rated|\n|rule|Species Clause: Limit one of each Pok\u00e9mon\n|rule|Item Clause: Limit 1 of each item\n|clearpoke\n|poke|p1|Garchomp, L50, F|\n|poke|p1|Froslass, L50, F|\n|poke|p1|Aerodactyl, L50, F|\n|poke|p1|Arcanine-Hisui, L50, F|\n|poke|p1|Tauros-Paldea-Aqua, L50, M|\n|poke|p1|Charizard, L50, M|\n|poke|p2|Delphox, L50, M|\n|poke|p2|Froslass, L50, F|\n|poke|p2|Garchomp, L50, M|\n|poke|p2|Sneasler, L50, F|\n|poke|p2|Kingambit, L50, F|\n|poke|p2|Basculegion, L50, M|\n|teampreview|4\n|\n|t:|1776421592\n|teamsize|p1|4\n|teamsize|p2|4\n|start\n|switch|p1a: Aerodactyl|Aerodactyl, L50, F|100/100\n|switch|p1b: Tauros|Tauros-Paldea-Aqua, L50, M|100/100\n|switch|p2a: Froslass|Froslass, L50, F|100/100\n|switch|p2b: Garchomp|Garchomp, L50, M|100/100\n|-ability|p1b: Tauros|Intimidate|boost\n|-unboost|p2a: Froslass|atk|1\n|-unboost|p2b: Garchomp|atk|1\n|turn|1\n|inactive|Battle timer is ON: inactive players will automatically lose when time's up. (requested by nanamixd)\n|inactive|goldiebird has 60 seconds left.\n|\n|t:|1776421624\n|detailschange|p2a: Froslass|Froslass-Mega, L50, F\n|-mega|p2a: Froslass|Froslass|Froslassite\n|-weather|Snowscape|[from] ability: Snow Warning|[of] p2a: Froslass\n|move|p1b: Tauros|Wave Crash|p2a: Froslass\n|-damage|p2a: Froslass|40/100\n|-damage|p1b: Tauros|77/100|[from] Recoil\n|move|p1a: Aerodactyl|Rock Slide|p2a: Froslass|[spread] p2a,p2b\n|-supereffective|p2a: Froslass|1\n|-resisted|p2b: Garchomp|1\n|-damage|p2a: Froslass|0 fnt\n|-damage|p2b: Garchomp|88/100\n|faint|p2a: Froslass\n|move|p2b: Garchomp|Rock Slide|p1b: Tauros|[spread] p1a,p1b\n|-supereffective|p1a: Aerodactyl|1\n|-resisted|p1b: Tauros|1\n|-damage|p1a: Aerodactyl|57/100\n|-damage|p1b: Tauros|71/100\n|\n|-weather|Snowscape|[upkeep]\n|upkeep\n|inactive|nanamixd has 30 seconds left.\n|\n|t:|1776421651\n|switch|p2a: Basculegion|Basculegion, L50, M|100/100\n|turn|2\n|\n|t:|1776421666\n|switch|p2b: Sneasler|Sneasler, L50, F|100/100\n|move|p1b: Tauros|Wave Crash|p2a: Basculegion\n|-resisted|p2a: Basculegion|1\n|-damage|p2a: Basculegion|60/100\n|-damage|p1b: Tauros|54/100|[from] Recoil\n|move|p2a: Basculegion|Flip Turn|p1a: Aerodactyl\n|-supereffective|p1a: Aerodactyl|1\n|-damage|p1a: Aerodactyl|0 fnt\n|faint|p1a: Aerodactyl\n|\n|t:|1776421676\n|switch|p2a: Garchomp|Garchomp, L50, M|88/100|[from] Flip Turn\n|\n|-weather|Snowscape|[upkeep]\n|upkeep\n|\n|t:|1776421683\n|switch|p1a: Froslass|Froslass, L50, F|100/100\n|turn|3\n|\n|t:|1776421693\n|detailschange|p1a: Froslass|Froslass-Mega, L50, F\n|-mega|p1a: Froslass|Froslass|Froslassite\n|move|p2b: Sneasler|Fake Out|p1b: Tauros\n|-damage|p1b: Tauros|36/100\n|cant|p1b: Tauros|flinch\n|move|p1a: Froslass|Blizzard|p2b: Sneasler|[spread] p2a,p2b\n|-supereffective|p2a: Garchomp|2\n|-damage|p2a: Garchomp|0 fnt\n|-damage|p2b: Sneasler|41/100\n|faint|p2a: Garchomp\n|\n|-weather|Snowscape|[upkeep]\n|upkeep\n|\n|t:|1776421704\n|switch|p2a: Basculegion|Basculegion, L50, M|60/100\n|turn|4\n|\n|t:|1776421722\n|move|p1a: Froslass|Protect|p1a: Froslass\n|-singleturn|p1a: Froslass|Protect\n|move|p2b: Sneasler|Protect|p2b: Sneasler\n|-singleturn|p2b: Sneasler|Protect\n|move|p1b: Tauros|Wave Crash|p2a: Basculegion\n|-resisted|p2a: Basculegion|1\n|-damage|p2a: Basculegion|18/100\n|-damage|p1b: Tauros|18/100|[from] Recoil\n|move|p2a: Basculegion|Last Respects|p1a: Froslass\n|-activate|p1a: Froslass|move: Protect\n|\n|-weather|Snowscape|[upkeep]\n|upkeep\n|turn|5\n|\n|t:|1776421739\n|move|p1b: Tauros|Wave Crash|p2a: Basculegion\n|-resisted|p2a: Basculegion|1\n|-damage|p2a: Basculegion|0 fnt\n|faint|p2a: Basculegion\n|-damage|p1b: Tauros|10/100|[from] Recoil\n|move|p1a: Froslass|Shadow Ball|p2b: Sneasler\n|-damage|p2b: Sneasler|0 fnt\n|faint|p2b: Sneasler\n|\n|win|goldiebird\n|raw|goldiebird's rating: 1196 &rarr; <strong>1216</strong><br />(+20 for winning)\n|raw|nanamixd's rating: 1120 &rarr; <strong>1100</strong><br />(-20 for losing)\n",
  "uploadtime": 1776421740,
  "views": 26,
  "formatid": "gen9championsvgc2026regma",
  "rating": 1100,
  "private": 0,
  "password": null
}