{
  "id": "gen9championsvgc2026regma-2588532187",
  "format": "[Gen 9 Champions] VGC 2026 Reg M-A",
  "players": [
    "colfox",
    "Pichirilord"
  ],
  "log": "|j|\u203dcolfox\n|j|\u2606Pichirilord\n|t:|1776642276\n|gametype|doubles\n|player|p1|colfox|101|1169\n|player|p2|Pichirilord|1|1188\n|gen|9\n|tier|[Gen 9 Champions] VGC 2026 Reg M-A\n|rated|\n|rule|Species Clause: Limit one of each Pok\u00e9mon\n|rule|Item Clause: Limit 1 of each item\n|clearpoke\n|poke|p1|Lucario, L50, M|\n|poke|p1|Weavile, L50, M|\n|poke|p1|Pelipper, L50, M|\n|poke|p1|Heliolisk, L50, M|\n|poke|p1|Dragapult, L50, F|\n|poke|p1|Primarina, L50, M|\n|poke|p2|Aerodactyl, L50, F|\n|poke|p2|Archaludon, L50, M|\n|poke|p2|Tauros-Paldea-Aqua, L50, M|\n|poke|p2|Meganium, L50, F|\n|poke|p2|Kangaskhan, L50, F|\n|poke|p2|Typhlosion-Hisui, L50, M|\n|teampreview|4\n|\n|t:|1776642326\n|teamsize|p1|4\n|teamsize|p2|4\n|start\n|switch|p1a: Weavile|Weavile, L50, M|100/100\n|switch|p1b: Dragapult|Dragapult, L50, F|100/100\n|switch|p2a: Meganium|Meganium, L50, F|100/100\n|switch|p2b: Archaludon|Archaludon, L50, M|100/100\n|-ability|p1a: Weavile|Pressure\n|turn|1\n|inactive|Battle timer is ON: inactive players will automatically lose when time's up. (requested by Pichirilord)\n|\n|t:|1776642355\n|detailschange|p2a: Meganium|Meganium-Mega, L50, F\n|-mega|p2a: Meganium|Meganium|Meganiumite\n|move|p2a: Meganium|Protect|p2a: Meganium\n|-singleturn|p2a: Meganium|Protect\n|move|p1a: Weavile|Fake Out|p2b: Archaludon\n|-resisted|p2b: Archaludon|1\n|-damage|p2b: Archaludon|95/100\n|move|p1b: Dragapult|U-turn|p2a: Meganium\n|-activate|p2a: Meganium|move: Protect\n|cant|p2b: Archaludon|flinch\n|\n|-heal|p2b: Archaludon|100/100|[from] item: Leftovers\n|upkeep\n|turn|2\n|inactive|colfox has 30 seconds left.\n|\n|t:|1776642382\n|switch|p1b: Lucario|Lucario, L50, M|100/100\n|switch|p2a: Tauros|Tauros-Paldea-Aqua, L50, M|100/100\n|-ability|p2a: Tauros|Intimidate|boost\n|-unboost|p1a: Weavile|atk|1\n|-fail|p1b: Lucario|unboost|Attack|[from] ability: Inner Focus|[of] p1b: Lucario\n|move|p1a: Weavile|Triple Axel|p2a: Tauros\n|-resisted|p2a: Tauros|1\n|-damage|p2a: Tauros|96/100\n|-resisted|p2a: Tauros|1\n|-damage|p2a: Tauros|88/100\n|-resisted|p2a: Tauros|1\n|-damage|p2a: Tauros|76/100\n|-hitcount|p2a: Tauros|3\n|move|p2b: Archaludon|Flash Cannon|p1a: Weavile\n|-supereffective|p1a: Weavile|1\n|-enditem|p1a: Weavile|Focus Sash\n|-damage|p1a: Weavile|1/100\n|\n|upkeep\n|turn|3\n|inactive|colfox has 30 seconds left.\n|inactive|Pichirilord has 30 seconds left.\n|inactive|colfox has 20 seconds left.\n|\n|t:|1776642420\n|switch|p2b: Aerodactyl|Aerodactyl, L50, F|100/100\n|-ability|p2b: Aerodactyl|Unnerve\n|detailschange|p1b: Lucario|Lucario-Mega, L50, M\n|-mega|p1b: Lucario|Lucario|Lucarionite\n|move|p2a: Tauros|Aqua Jet|p1a: Weavile\n|-damage|p1a: Weavile|0 fnt\n|faint|p1a: Weavile\n|move|p1b: Lucario|Aura Sphere|p2b: Aerodactyl\n|-damage|p2b: Aerodactyl|11/100\n|\n|upkeep\n|\n|t:|1776642435\n|switch|p1a: Dragapult|Dragapult, L50, F|100/100\n|turn|4\n|\n|t:|1776642452\n|switch|p2a: Meganium|Meganium-Mega, L50, F|100/100\n|move|p2b: Aerodactyl|Protect|p2b: Aerodactyl\n|-singleturn|p2b: Aerodactyl|Protect\n|move|p1b: Lucario|Vacuum Wave|p2b: Aerodactyl\n|-activate|p2b: Aerodactyl|move: Protect\n|move|p1a: Dragapult|Dragon Darts|p2a: Meganium\n|-immune|p2a: Meganium\n|\n|upkeep\n|turn|5\n|\n|t:|1776642468\n|move|p1b: Lucario|Vacuum Wave|p2b: Aerodactyl\n|-damage|p2b: Aerodactyl|0 fnt\n|faint|p2b: Aerodactyl\n|move|p1a: Dragapult|U-turn|p2a: Meganium\n|-damage|p2a: Meganium|81/100\n|\n|t:|1776642473\n|switch|p1a: Primarina|Primarina, L50, M|100/100|[from] U-turn\n|move|p2a: Meganium|Weather Ball|p1b: Lucario\n|-supereffective|p1b: Lucario|1\n|-damage|p1b: Lucario|0 fnt\n|faint|p1b: Lucario\n|\n|upkeep\n|\n|t:|1776642482\n|switch|p2b: Archaludon|Archaludon, L50, M|100/100\n|switch|p1b: Dragapult|Dragapult, L50, F|100/100\n|turn|6\n|\n|t:|1776642499\n|move|p1b: Dragapult|Dragon Darts|p2b: Archaludon\n|-damage|p2b: Archaludon|75/100\n|-anim|p1b: Dragapult|Dragon Darts|p2b: Archaludon\n|-damage|p2b: Archaludon|51/100\n|move|p2b: Archaludon|Dragon Pulse|p1b: Dragapult\n|-supereffective|p1b: Dragapult|1\n|-damage|p1b: Dragapult|0 fnt\n|faint|p1b: Dragapult\n|move|p2a: Meganium|Dazzling Gleam|p1a: Primarina\n|-damage|p1a: Primarina|63/100\n|move|p1a: Primarina|Icy Wind|p2a: Meganium|[spread] p2a,p2b\n|-supereffective|p2a: Meganium|1\n|-damage|p2a: Meganium|54/100\n|-damage|p2b: Archaludon|34/100\n|-unboost|p2a: Meganium|spe|1\n|-unboost|p2b: Archaludon|spe|1\n|\n|-heal|p1a: Primarina|69/100|[from] item: Leftovers\n|-heal|p2b: Archaludon|40/100|[from] item: Leftovers\n|upkeep\n|turn|7\n|inactive|colfox has 30 seconds left.\n|\n|t:|1776642532\n|move|p1a: Primarina|Moonblast|p2b: Archaludon\n|-damage|p2b: Archaludon|0 fnt\n|faint|p2b: Archaludon\n|move|p2a: Meganium|Solar Beam||[still]\n|-prepare|p2a: Meganium|Solar Beam\n|-activate|p2a: Meganium|ability: Mega Sol\n|-anim|p2a: Meganium|Solar Beam|p1a: Primarina\n|-supereffective|p1a: Primarina|1\n|-damage|p1a: Primarina|0 fnt\n|faint|p1a: Primarina\n|\n|win|Pichirilord\n|raw|colfox's rating: 1169 &rarr; <strong>1145</strong><br />(-24 for losing)\n|raw|Pichirilord's rating: 1188 &rarr; <strong>1212</strong><br />(+24 for winning)\n",
  "uploadtime": 1776642544,
  "views": 6,
  "formatid": "gen9championsvgc2026regma",
  "rating": 1145,
  "private": 0,
  "password": null
}