{
  "id": "gen9championsvgc2026regma-2582413623",
  "format": "[Gen 9 Champions] VGC 2026 Reg M-A",
  "players": [
    "yuriimon",
    "Evoboosted"
  ],
  "log": "|j|\u2606yuriimon\n|j|\u2606Evoboosted\n|t:|1776090081\n|gametype|doubles\n|player|p1|yuriimon|waitress-gen4|1101\n|player|p2|Evoboosted|101|1172\n|gen|9\n|tier|[Gen 9 Champions] VGC 2026 Reg M-A\n|rated|\n|rule|Species Clause: Limit one of each Pok\u00e9mon\n|rule|Item Clause: Limit 1 of each item\n|clearpoke\n|poke|p1|Feraligatr, L50, M|\n|poke|p1|Aerodactyl, L50, F|\n|poke|p1|Sneasler, L50, F|\n|poke|p1|Mimikyu, L50, F|\n|poke|p1|Camerupt, L50, M|\n|poke|p1|Kingambit, L50, M|\n|poke|p2|Primarina, L50, F|\n|poke|p2|Incineroar, L50, M|\n|poke|p2|Sinistcha, L50|\n|poke|p2|Farigiraf, L50, F|\n|poke|p2|Tyranitar, L50, F|\n|poke|p2|Excadrill, L50, M|\n|teampreview|4\n|inactive|Battle timer is ON: inactive players will automatically lose when time's up. (requested by yuriimon)\n|inactive|yuriimon has 60 seconds left.\n|\n|t:|1776090112\n|teamsize|p1|4\n|teamsize|p2|4\n|start\n|switch|p1a: Sneasler|Sneasler, L50, F|100/100\n|switch|p1b: Kingambit|Kingambit, L50, M|100/100\n|switch|p2a: Tyranitar|Tyranitar, L50, F|100/100\n|switch|p2b: Excadrill|Excadrill, L50, M|100/100\n|-weather|Sandstorm|[from] ability: Sand Stream|[of] p2a: Tyranitar\n|turn|1\n|inactive|Evoboosted has 30 seconds left.\n|inactive|Evoboosted has 20 seconds left.\n|inactive|Evoboosted has 15 seconds left.\n|\n|t:|1776090156\n|switch|p2a: Sinistcha|Sinistcha, L50|100/100\n|switch|p1b: Aerodactyl|Aerodactyl, L50, F|100/100\n|-ability|p1b: Aerodactyl|Unnerve\n|move|p2b: Excadrill|High Horsepower|p1a: Sneasler\n|-supereffective|p1a: Sneasler|1\n|-enditem|p1a: Sneasler|Focus Sash\n|-damage|p1a: Sneasler|1/100\n|move|p1a: Sneasler|Close Combat|p2b: Excadrill\n|-supereffective|p2b: Excadrill|1\n|-enditem|p2b: Excadrill|Focus Sash\n|-damage|p2b: Excadrill|1/100\n|-unboost|p1a: Sneasler|def|1\n|-unboost|p1a: Sneasler|spd|1\n|\n|-weather|Sandstorm|[upkeep]\n|-damage|p1a: Sneasler|0 fnt|[from] Sandstorm\n|-damage|p2a: Sinistcha|94/100|[from] Sandstorm\n|faint|p1a: Sneasler\n|upkeep\n|\n|t:|1776090175\n|switch|p1a: Kingambit|Kingambit, L50, M|100/100\n|turn|2\n|\n|t:|1776090191\n|move|p1a: Kingambit|Sucker Punch|p2b: Excadrill\n|-damage|p2b: Excadrill|0 fnt\n|faint|p2b: Excadrill\n|move|p1b: Aerodactyl|Dual Wingbeat|p2a: Sinistcha\n|-supereffective|p2a: Sinistcha|1\n|-damage|p2a: Sinistcha|61/100\n|-supereffective|p2a: Sinistcha|1\n|-damage|p2a: Sinistcha|30/100\n|-hitcount|p2a: Sinistcha|2\n|move|p2a: Sinistcha|Trick Room|p2a: Sinistcha\n|-fieldstart|move: Trick Room|[of] p2a: Sinistcha\n|\n|-weather|Sandstorm|[upkeep]\n|-damage|p2a: Sinistcha|24/100|[from] Sandstorm\n|upkeep\n|\n|t:|1776090203\n|switch|p2b: Tyranitar|Tyranitar, L50, F|100/100\n|turn|3\n|\n|t:|1776090216\n|switch|p2a: Primarina|Primarina, L50, F|100/100\n|detailschange|p2b: Tyranitar|Tyranitar-Mega, L50, F\n|-mega|p2b: Tyranitar|Tyranitar|Tyranitarite\n|move|p1a: Kingambit|Swords Dance|p1a: Kingambit\n|-boost|p1a: Kingambit|atk|2\n|move|p2b: Tyranitar|Low Kick|p1a: Kingambit\n|-supereffective|p1a: Kingambit|2\n|-enditem|p1a: Kingambit|Chople Berry|[eat]\n|-enditem|p1a: Kingambit|Chople Berry|[weaken]\n|-damage|p1a: Kingambit|36/100\n|move|p1b: Aerodactyl|Dual Wingbeat|p2a: Primarina\n|-damage|p2a: Primarina|73/100\n|-damage|p2a: Primarina|45/100\n|-hitcount|p2a: Primarina|2\n|\n|-weather|Sandstorm|[upkeep]\n|-damage|p2a: Primarina|39/100|[from] Sandstorm\n|upkeep\n|turn|4\n|inactive|yuriimon has 30 seconds left.\n|inactive|yuriimon has 20 seconds left.\n|inactive|yuriimon has 15 seconds left.\n|\n|t:|1776090257\n|move|p1a: Kingambit|Iron Head|p2a: Primarina\n|-damage|p2a: Primarina|0 fnt\n|faint|p2a: Primarina\n|move|p2b: Tyranitar|Low Kick|p1a: Kingambit\n|-supereffective|p1a: Kingambit|2\n|-damage|p1a: Kingambit|0 fnt\n|faint|p1a: Kingambit\n|move|p1b: Aerodactyl|Rock Slide|p2b: Tyranitar|[miss]\n|-miss|p1b: Aerodactyl|p2b: Tyranitar\n|\n|-weather|Sandstorm|[upkeep]\n|upkeep\n|\n|t:|1776090267\n|switch|p1a: Camerupt|Camerupt, L50, M|100/100\n|switch|p2a: Sinistcha|Sinistcha, L50|24/100\n|turn|5\n|\n|t:|1776090286\n|detailschange|p1a: Camerupt|Camerupt-Mega, L50, M\n|-mega|p1a: Camerupt|Camerupt|Cameruptite\n|move|p1b: Aerodactyl|Protect|p1b: Aerodactyl\n|-singleturn|p1b: Aerodactyl|Protect\n|move|p1a: Camerupt|Eruption|p2a: Sinistcha|[spread] p2a,p2b\n|-supereffective|p2a: Sinistcha|1\n|-resisted|p2b: Tyranitar|1\n|-damage|p2a: Sinistcha|0 fnt\n|-damage|p2b: Tyranitar|86/100\n|faint|p2a: Sinistcha\n|move|p2b: Tyranitar|Rock Slide|p1a: Camerupt|[spread] p1a\n|-activate|p1b: Aerodactyl|move: Protect\n|-damage|p1a: Camerupt|63/100\n|\n|-weather|none\n|upkeep\n|turn|6\n|\n|t:|1776090305\n|move|p1a: Camerupt|Earth Power|p2b: Tyranitar\n|-supereffective|p2b: Tyranitar|1\n|-damage|p2b: Tyranitar|0 fnt\n|faint|p2b: Tyranitar\n|\n|win|yuriimon\n|raw|yuriimon's rating: 1101 &rarr; <strong>1131</strong><br />(+30 for winning)\n|raw|Evoboosted's rating: 1172 &rarr; <strong>1142</strong><br />(-30 for losing)\n|l|\u2606Evoboosted\n|player|p2|\n|c|\u2606yuriimon|gg\n",
  "uploadtime": 1776090319,
  "views": 12,
  "formatid": "gen9championsvgc2026regma",
  "rating": 1131,
  "private": 0,
  "password": null
}