{
  "id": "gen9championsvgc2026regma-2582764415",
  "format": "[Gen 9 Champions] VGC 2026 Reg M-A",
  "players": [
    "Professor_J93",
    "ataraxiacg"
  ],
  "log": "|j|\u2606Professor_J93\n|j|\u2606ataraxiacg\n|html|<table width=\"100%\"><tr><td align=\"left\">Professor_J93</td><td align=\"right\">ataraxiacg</tr><tr><td align=\"left\"><i class=\"fa fa-circle-o\"></i> <i class=\"fa fa-circle-o\"></i> </td><td align=\"right\"><i class=\"fa fa-circle-o\"></i> <i class=\"fa fa-circle-o\"></i> </tr></table>\n|uhtml|bestof|<h2><strong>Game 1</strong> of <a href=\"/game-bestof3-gen9championsvgc2026regma-2582764413\">a best-of-3</a></h2>\n|t:|1776112473\n|gametype|doubles\n|player|p1|Professor_J93|n|\n|player|p2|ataraxiacg|169|\n|gen|9\n|tier|[Gen 9 Champions] VGC 2026 Reg M-A\n|rule|Species Clause: Limit one of each Pok\u00e9mon\n|rule|Item Clause: Limit 1 of each item\n|raw|<div class=\"infobox\"><details class=\"readmore\" open><summary><strong>1 custom rule:</strong></summary> Best of = 3</details></div>\n|clearpoke\n|poke|p1|Incineroar, L50, F|\n|poke|p1|Gengar, L50, F|\n|poke|p1|Floette-Eternal, L50, F|\n|poke|p1|Politoed, L50, M|\n|poke|p1|Whimsicott, L50, F|\n|poke|p1|Kommo-o, L50, F|\n|poke|p2|Aerodactyl, L50, M|\n|poke|p2|Meowscarada, L50, F|\n|poke|p2|Floette-Eternal, L50, F|\n|poke|p2|Maushold, L50|\n|poke|p2|Basculegion, L50, M|\n|poke|p2|Sneasler, L50, M|\n|teampreview|4\n|inactive|Battle timer is ON: inactive players will automatically lose when time's up. (requested by Professor_J93)\n|inactiveoff|Battle timer is now OFF.\n|\n|t:|1776112502\n|teamsize|p1|4\n|teamsize|p2|4\n|start\n|switch|p1a: Incineroar|Incineroar, L50, F|100/100\n|switch|p1b: Gengar|Gengar, L50, F|100/100\n|switch|p2a: Aerodactyl|Aerodactyl, L50, M|100/100\n|switch|p2b: Basculegion|Basculegion, L50, M|100/100\n|-ability|p2a: Aerodactyl|Unnerve\n|-ability|p1a: Incineroar|Intimidate|boost\n|-unboost|p2a: Aerodactyl|atk|1\n|-unboost|p2b: Basculegion|atk|1\n|turn|1\n|l|\u2606ataraxiacg\n|player|p2|\n|j|\u2606ataraxiacg\n|player|p2|ataraxiacg|169|\n|\n|t:|1776112553\n|detailschange|p1b: Gengar|Gengar-Mega, L50, F\n|-mega|p1b: Gengar|Gengar|Gengarite\n|move|p2b: Basculegion|Aqua Jet|p1a: Incineroar\n|-supereffective|p1a: Incineroar|1\n|-damage|p1a: Incineroar|73/100\n|move|p1b: Gengar|Perish Song|p1b: Gengar\n|-start|p1a: Incineroar|perish3|[silent]\n|-start|p1b: Gengar|perish3|[silent]\n|-start|p2a: Aerodactyl|perish3|[silent]\n|-start|p2b: Basculegion|perish3|[silent]\n|-fieldactivate|move: Perish Song\n|move|p2a: Aerodactyl|Rock Slide|p1a: Incineroar|[spread] p1a,p1b\n|-supereffective|p1a: Incineroar|1\n|-damage|p1a: Incineroar|43/100\n|-damage|p1b: Gengar|76/100\n|cant|p1a: Incineroar|flinch\n|\n|-start|p2b: Basculegion|perish3\n|-start|p1b: Gengar|perish3\n|-start|p2a: Aerodactyl|perish3\n|-start|p1a: Incineroar|perish3\n|upkeep\n|turn|2\n|c|\u2606ataraxiacg|Does flip turn work here\n|c|\u2606Professor_J93|yes\n|c|\u2606Professor_J93|you can also switch since ghost types dont get trapped by shadow tag\n|c|\u2606ataraxiacg|OH I FORGOT GD CHOICE SCARF\n|\n|t:|1776112615\n|switch|p1a: Kommo-o|Kommo-o, L50, F|100/100\n|move|p1b: Gengar|Protect|p1b: Gengar\n|-singleturn|p1b: Gengar|Protect\n|move|p2b: Basculegion|Aqua Jet|p1a: Kommo-o\n|-resisted|p1a: Kommo-o|1\n|-damage|p1a: Kommo-o|93/100\n|move|p2a: Aerodactyl|Dual Wingbeat|p1a: Kommo-o\n|-supereffective|p1a: Kommo-o|1\n|-damage|p1a: Kommo-o|71/100\n|-supereffective|p1a: Kommo-o|1\n|-damage|p1a: Kommo-o|49/100\n|-hitcount|p1a: Kommo-o|2\n|\n|-start|p2b: Basculegion|perish2\n|-start|p2a: Aerodactyl|perish2\n|-start|p1b: Gengar|perish2\n|upkeep\n|turn|3\n|\n|t:|1776112644\n|move|p1a: Kommo-o|Protect|p1a: Kommo-o\n|-singleturn|p1a: Kommo-o|Protect\n|move|p2b: Basculegion|Aqua Jet|p1b: Gengar\n|-damage|p1b: Gengar|48/100\n|move|p1b: Gengar|Sludge Bomb|p2b: Basculegion\n|-resisted|p2b: Basculegion|1\n|-damage|p2b: Basculegion|66/100\n|move|p2a: Aerodactyl|Rock Slide|p1a: Kommo-o|[spread] p1b\n|-activate|p1a: Kommo-o|move: Protect\n|-damage|p1b: Gengar|20/100\n|\n|-start|p2b: Basculegion|perish1\n|-start|p2a: Aerodactyl|perish1\n|-start|p1b: Gengar|perish1\n|upkeep\n|turn|4\n|\n|t:|1776112671\n|switch|p1b: Incineroar|Incineroar, L50, F|43/100\n|-ability|p1b: Incineroar|Intimidate|boost\n|-unboost|p2a: Aerodactyl|atk|1\n|-unboost|p2b: Basculegion|atk|1\n|move|p2b: Basculegion|Aqua Jet|p1a: Kommo-o\n|-resisted|p1a: Kommo-o|1\n|-damage|p1a: Kommo-o|43/100\n|move|p2a: Aerodactyl|Tailwind|p2a: Aerodactyl\n|-sidestart|p2: ataraxiacg|move: Tailwind\n|move|p1a: Kommo-o|Clanging Scales|p2b: Basculegion|[spread] p2a,p2b\n|-damage|p2a: Aerodactyl|42/100\n|-damage|p2b: Basculegion|19/100\n|-unboost|p1a: Kommo-o|def|1\n|\n|-start|p2b: Basculegion|perish0\n|-start|p2a: Aerodactyl|perish0\n|faint|p2b: Basculegion\n|faint|p2a: Aerodactyl\n|upkeep\n|\n|t:|1776112688\n|switch|p2a: Floette|Floette-Eternal, L50, F|100/100\n|switch|p2b: Sneasler|Sneasler, L50, M|100/100\n|turn|5\n|\n|t:|1776112708\n|detailschange|p2a: Floette|Floette-Mega, L50, F\n|-mega|p2a: Floette|Floette|Floettite\n|-ability|p2a: Floette|Fairy Aura\n|move|p2b: Sneasler|Fake Out|p1b: Incineroar\n|-damage|p1b: Incineroar|31/100\n|move|p2a: Floette|Dazzling Gleam|p1a: Kommo-o|[spread] p1a,p1b\n|-supereffective|p1a: Kommo-o|2\n|-damage|p1a: Kommo-o|0 fnt\n|-damage|p1b: Incineroar|0 fnt\n|faint|p1a: Kommo-o\n|faint|p1b: Incineroar\n|\n|upkeep\n|\n|t:|1776112716\n|switch|p1a: Gengar|Gengar-Mega, L50, F|20/100\n|switch|p1b: Politoed|Politoed, L50, M|100/100\n|-weather|RainDance|[from] ability: Drizzle|[of] p1b: Politoed\n|turn|6\n|\n|t:|1776112739\n|move|p2b: Sneasler|Dire Claw|p1a: Gengar\n|-resisted|p1a: Gengar|2\n|-damage|p1a: Gengar|5/100\n|move|p2a: Floette|Dazzling Gleam|p1a: Gengar|[spread] p1a,p1b\n|-resisted|p1a: Gengar|1\n|-damage|p1a: Gengar|0 fnt\n|-damage|p1b: Politoed|65/100\n|faint|p1a: Gengar\n|move|p1b: Politoed|Perish Song|p1b: Politoed\n|-start|p1b: Politoed|perish3|[silent]\n|-start|p2a: Floette|perish3|[silent]\n|-start|p2b: Sneasler|perish3|[silent]\n|-fieldactivate|move: Perish Song\n|\n|-weather|RainDance|[upkeep]\n|-start|p2b: Sneasler|perish3\n|-start|p2a: Floette|perish3\n|-start|p1b: Politoed|perish3\n|upkeep\n|turn|7\n|\n|t:|1776112761\n|move|p1b: Politoed|Protect|p1b: Politoed\n|-singleturn|p1b: Politoed|Protect\n|move|p2b: Sneasler|Close Combat|p1b: Politoed\n|-activate|p1b: Politoed|move: Protect\n|move|p2a: Floette|Moonblast|p1b: Politoed\n|-activate|p1b: Politoed|move: Protect\n|\n|-weather|RainDance|[upkeep]\n|-start|p2b: Sneasler|perish2\n|-start|p2a: Floette|perish2\n|-start|p1b: Politoed|perish2\n|-sideend|p2: ataraxiacg|move: Tailwind\n|upkeep\n|turn|8\n|j| ParadoxPerry\n|\n|t:|1776112778\n|move|p1b: Politoed|Protect||[still]\n|-fail|p1b: Politoed\n|move|p2b: Sneasler|Close Combat|p1b: Politoed\n|-damage|p1b: Politoed|5/100\n|-unboost|p2b: Sneasler|def|1\n|-unboost|p2b: Sneasler|spd|1\n|-enditem|p1b: Politoed|Sitrus Berry|[eat]\n|-heal|p1b: Politoed|30/100|[from] item: Sitrus Berry\n|-enditem|p2b: Sneasler|White Herb\n|-clearnegativeboost|p2b: Sneasler|[silent]\n|move|p2a: Floette|Moonblast|p1b: Politoed\n|-damage|p1b: Politoed|0 fnt\n|faint|p1b: Politoed\n|\n|win|ataraxiacg\n||Professor_J93 is ready for game 2.\n|inactive|ataraxiacg has 30 seconds to confirm battle start!\n|inactive|ataraxiacg has 20 seconds to confirm battle start!\n||ataraxiacg is ready for game 2.\n|uhtml|next|Next: <a href=\"/battle-gen9championsvgc2026regma-2582769142\"><strong>Game 2 of 3</strong></a>\n",
  "uploadtime": 1776113359,
  "views": 14,
  "formatid": "gen9championsvgc2026regma",
  "rating": null,
  "private": 0,
  "password": null
}