{
  "id": "gen9championsvgc2026regma-2581098803",
  "format": "[Gen 9 Champions] VGC 2026 Reg M-A",
  "players": [
    "SouEuMesmo",
    "Kjndfb"
  ],
  "log": "|j|\u2606SouEuMesmo\n|j|\u2606Kjndfb\n|t:|1775959724\n|gametype|doubles\n|player|p1|SouEuMesmo|101|1000\n|player|p2|Kjndfb|169|1000\n|gen|9\n|tier|[Gen 9 Champions] VGC 2026 Reg M-A\n|rated|\n|rule|Species Clause: Limit one of each Pok\u00e9mon\n|rule|Item Clause: Limit 1 of each item\n|clearpoke\n|poke|p1|Victreebel, L50, F|\n|poke|p1|Talonflame, L50, F|\n|poke|p1|Farigiraf, L50, F|\n|poke|p1|Rotom-Wash, L50|\n|poke|p1|Garchomp, L50, F|\n|poke|p1|Aggron, L50, M|\n|poke|p2|Floette-Eternal, L50, F|\n|poke|p2|Kingambit, L50, M|\n|poke|p2|Garchomp, L50, M|\n|poke|p2|Aerodactyl, L50, M|\n|poke|p2|Gardevoir, L50, M|\n|poke|p2|Incineroar, L50, F|\n|teampreview|4\n|\n|t:|1775959768\n|teamsize|p1|4\n|teamsize|p2|4\n|start\n|switch|p1a: Victreebel|Victreebel, L50, F|100/100\n|switch|p1b: Talonflame|Talonflame, L50, F|100/100\n|switch|p2a: Aerodactyl|Aerodactyl, L50, M|100/100\n|switch|p2b: Kingambit|Kingambit, L50, M|100/100\n|turn|1\n|inactive|Battle timer is ON: inactive players will automatically lose when time's up. (requested by SouEuMesmo)\n|\n|t:|1775959820\n|detailschange|p1a: Victreebel|Victreebel-Mega, L50, F\n|-mega|p1a: Victreebel|Victreebel|Victreebelite\n|move|p2a: Aerodactyl|Tailwind|p2a: Aerodactyl\n|-sidestart|p2: Kjndfb|move: Tailwind\n|move|p1b: Talonflame|U-turn|p2a: Aerodactyl\n|-resisted|p2a: Aerodactyl|1\n|-crit|p2a: Aerodactyl\n|-damage|p2a: Aerodactyl|78/100\n|\n|t:|1775959836\n|switch|p1b: Aggron|Aggron, L50, M|100/100|[from] U-turn\n|move|p2b: Kingambit|Kowtow Cleave|p1b: Aggron\n|-damage|p1b: Aggron|63/100\n|move|p1a: Victreebel|Strength Sap|p2b: Kingambit\n|-unboost|p2b: Kingambit|atk|1\n|-ability|p2b: Kingambit|Defiant|boost\n|-boost|p2b: Kingambit|atk|2\n|\n|upkeep\n|turn|2\n|inactive|Kjndfb has 30 seconds left.\n|\n|t:|1775959863\n|move|p2b: Kingambit|Sucker Punch|p1b: Aggron\n|-damage|p1b: Aggron|15/100\n|move|p2a: Aerodactyl|Rock Slide|p1b: Aggron|[spread] p1a,p1b\n|-crit|p1a: Victreebel\n|-resisted|p1b: Aggron|1\n|-damage|p1a: Victreebel|60/100\n|-damage|p1b: Aggron|7/100\n|move|p1a: Victreebel|Strength Sap|p2a: Aerodactyl\n|-unboost|p2a: Aerodactyl|atk|1\n|-heal|p1a: Victreebel|100/100\n|move|p1b: Aggron|Body Press|p2b: Kingambit\n|-supereffective|p2b: Kingambit|2\n|-damage|p2b: Kingambit|0 fnt\n|faint|p2b: Kingambit\n|\n|upkeep\n|\n|t:|1775959884\n|switch|p2b: Garchomp|Garchomp, L50, M|100/100\n|turn|3\n|\n|t:|1775959895\n|move|p1b: Aggron|Protect|p1b: Aggron\n|-singleturn|p1b: Aggron|Protect\n|move|p2a: Aerodactyl|Rock Slide|p1b: Aggron|[spread] p1a\n|-activate|p1b: Aggron|move: Protect\n|-damage|p1a: Victreebel|83/100\n|move|p2b: Garchomp|Rock Slide|p1b: Aggron|[spread] p1a\n|-activate|p1b: Aggron|move: Protect\n|-damage|p1a: Victreebel|65/100\n|move|p1a: Victreebel|Strength Sap|p2b: Garchomp\n|-unboost|p2b: Garchomp|atk|1\n|-heal|p1a: Victreebel|100/100\n|\n|upkeep\n|turn|4\n|inactive|SouEuMesmo has 30 seconds left.\n|inactive|Kjndfb has 30 seconds left.\n|inactive|SouEuMesmo has 20 seconds left.\n|\n|t:|1775959932\n|switch|p1b: Farigiraf|Farigiraf, L50, F|100/100\n|move|p2a: Aerodactyl|Dual Wingbeat|p1a: Victreebel\n|-supereffective|p1a: Victreebel|1\n|-damage|p1a: Victreebel|74/100\n|-supereffective|p1a: Victreebel|1\n|-damage|p1a: Victreebel|48/100\n|-hitcount|p1a: Victreebel|2\n|move|p2b: Garchomp|Earthquake|p1b: Farigiraf|[spread] p1a,p1b\n|-immune|p2a: Aerodactyl\n|-damage|p1a: Victreebel|22/100\n|-damage|p1b: Farigiraf|82/100\n|move|p1a: Victreebel|Sludge Bomb|p2b: Garchomp\n|-resisted|p2b: Garchomp|1\n|-damage|p2b: Garchomp|83/100\n|-status|p2b: Garchomp|psn\n|\n|-damage|p2b: Garchomp|71/100 psn|[from] psn\n|-sideend|p2: Kjndfb|move: Tailwind\n|upkeep\n|turn|5\n|inactive|Kjndfb has 30 seconds left.\n|\n|t:|1775959967\n|move|p1a: Victreebel|Protect|p1a: Victreebel\n|-singleturn|p1a: Victreebel|Protect\n|move|p2a: Aerodactyl|Tailwind|p2a: Aerodactyl\n|-sidestart|p2: Kjndfb|move: Tailwind\n|move|p2b: Garchomp|Earthquake|p1b: Farigiraf|[spread] p1b\n|-activate|p1a: Victreebel|move: Protect\n|-immune|p2a: Aerodactyl\n|-damage|p1b: Farigiraf|60/100\n|move|p1b: Farigiraf|Trick Room|p1b: Farigiraf\n|-fieldstart|move: Trick Room|[of] p1b: Farigiraf\n|\n|-damage|p2b: Garchomp|59/100 psn|[from] psn\n|upkeep\n|turn|6\n|inactive|SouEuMesmo has 30 seconds left.\n|\n|t:|1775959996\n|move|p1b: Farigiraf|Hyper Voice|p2a: Aerodactyl|[spread] p2a,p2b\n|-resisted|p2a: Aerodactyl|1\n|-damage|p2a: Aerodactyl|57/100\n|-damage|p2b: Garchomp|33/100 psn\n|move|p1a: Victreebel|Sludge Bomb|p2a: Aerodactyl\n|-resisted|p2a: Aerodactyl|1\n|-damage|p2a: Aerodactyl|29/100\n|move|p2b: Garchomp|Earthquake|p1b: Farigiraf|[spread] p1a,p1b\n|-immune|p2a: Aerodactyl\n|-damage|p1a: Victreebel|0 fnt\n|-damage|p1b: Farigiraf|41/100\n|-damage|p2b: Garchomp|12/100 psn|[from] ability: Innards Out|[of] p1a: Victreebel\n|faint|p1a: Victreebel\n|move|p2a: Aerodactyl|Dual Wingbeat|p1b: Farigiraf\n|-damage|p1b: Farigiraf|30/100\n|-damage|p1b: Farigiraf|20/100\n|-hitcount|p1b: Farigiraf|2\n|\n|-damage|p2b: Garchomp|0 fnt|[from] psn\n|faint|p2b: Garchomp\n|upkeep\n|inactive|Kjndfb has 30 seconds left.\n|\n|t:|1775960021\n|switch|p1a: Aggron|Aggron, L50, M|7/100\n|switch|p2b: Floette|Floette-Eternal, L50, F|100/100\n|turn|7\n|\n|t:|1775960034\n|move|p2b: Floette|Protect|p2b: Floette\n|-singleturn|p2b: Floette|Protect\n|move|p1a: Aggron|Heavy Slam|p2b: Floette\n|-activate|p2b: Floette|move: Protect\n|move|p1b: Farigiraf|Hyper Voice|p2b: Floette|[spread] p2a\n|-activate|p2b: Floette|move: Protect\n|-resisted|p2a: Aerodactyl|1\n|-damage|p2a: Aerodactyl|10/100\n|move|p2a: Aerodactyl|Rock Slide|p1b: Farigiraf|[spread] p1a,p1b\n|-resisted|p1a: Aggron|1\n|-damage|p1a: Aggron|2/100\n|-damage|p1b: Farigiraf|6/100\n|\n|upkeep\n|turn|8\n|\n|t:|1775960055\n|move|p2b: Floette|Protect||[still]\n|-fail|p2b: Floette\n|move|p1a: Aggron|Heavy Slam|p2b: Floette\n|-supereffective|p2b: Floette|1\n|-damage|p2b: Floette|0 fnt\n|faint|p2b: Floette\n|move|p1b: Farigiraf|Hyper Voice|p2a: Aerodactyl\n|-resisted|p2a: Aerodactyl|1\n|-damage|p2a: Aerodactyl|0 fnt\n|faint|p2a: Aerodactyl\n|\n|win|SouEuMesmo\n|raw|SouEuMesmo's rating: 1000 &rarr; <strong>1040</strong><br />(+40 for winning)\n|raw|Kjndfb's rating: 1000 &rarr; <strong>1000</strong><br />(+0 for losing)\n|l|\u2606Kjndfb\n|player|p2|\n",
  "uploadtime": 1775960075,
  "views": 16,
  "formatid": "gen9championsvgc2026regma",
  "rating": 1000,
  "private": 0,
  "password": null
}