{
  "id": "gen9championsvgc2026regma-2588305907",
  "format": "[Gen 9 Champions] VGC 2026 Reg M-A",
  "players": [
    "SlogDingleGweelok",
    "renatogbj"
  ],
  "log": "|j|\u2606SlogDingleGweelok\n|j|\u2606renatogbj\n|t:|1776622661\n|gametype|doubles\n|player|p1|SlogDingleGweelok|2|1167\n|player|p2|renatogbj|1|1099\n|gen|9\n|tier|[Gen 9 Champions] VGC 2026 Reg M-A\n|rated|\n|rule|Species Clause: Limit one of each Pok\u00e9mon\n|rule|Item Clause: Limit 1 of each item\n|clearpoke\n|poke|p1|Golurk, L50|\n|poke|p1|Farigiraf, L50, F|\n|poke|p1|Incineroar, L50, M|\n|poke|p1|Torkoal, L50, M|\n|poke|p1|Sneasler, L50, F|\n|poke|p1|Venusaur, L50, F|\n|poke|p2|Charizard, L50, M|\n|poke|p2|Clefable, L50, M|\n|poke|p2|Kingambit, L50, M|\n|poke|p2|Whimsicott, L50, F|\n|poke|p2|Sneasler, L50, M|\n|poke|p2|Dragapult, L50, M|\n|teampreview|4\n|inactive|Battle timer is ON: inactive players will automatically lose when time's up. (requested by renatogbj)\n|inactive|SlogDingleGweelok has 60 seconds left.\n|inactive|renatogbj has 60 seconds left.\n|inactive|SlogDingleGweelok has 30 seconds left.\n|inactive|renatogbj has 30 seconds left.\n|inactive|renatogbj has 20 seconds left.\n|inactive|SlogDingleGweelok has 20 seconds left.\n|inactive|renatogbj has 15 seconds left.\n|\n|t:|1776622739\n|teamsize|p1|4\n|teamsize|p2|4\n|start\n|switch|p1a: Farigiraf|Farigiraf, L50, F|100/100\n|switch|p1b: Sneasler|Sneasler, L50, F|100/100\n|switch|p2a: Dragapult|Dragapult, L50, M|100/100\n|switch|p2b: Charizard|Charizard, L50, M|100/100\n|turn|1\n|inactive|renatogbj has 30 seconds left.\n|inactive|SlogDingleGweelok has 30 seconds left.\n|\n|t:|1776622774\n|switch|p1b: Torkoal|Torkoal, L50, M|100/100\n|-weather|SunnyDay|[from] ability: Drought|[of] p1b: Torkoal\n|detailschange|p2b: Charizard|Charizard-Mega-X, L50, M\n|-mega|p2b: Charizard|Charizard|Charizardite X\n|move|p2a: Dragapult|Reflect|p2a: Dragapult\n|-sidestart|p2: renatogbj|Reflect\n|move|p2b: Charizard|Outrage|p1a: Farigiraf\n|-damage|p1a: Farigiraf|29/100\n|-enditem|p1a: Farigiraf|Sitrus Berry|[eat]\n|-heal|p1a: Farigiraf|54/100|[from] item: Sitrus Berry\n|move|p1a: Farigiraf|Trick Room|p1a: Farigiraf\n|-fieldstart|move: Trick Room|[of] p1a: Farigiraf\n|\n|-weather|SunnyDay|[upkeep]\n|upkeep\n|turn|2\n|inactive|SlogDingleGweelok has 30 seconds left.\n|inactive|SlogDingleGweelok has 20 seconds left.\n|inactive|SlogDingleGweelok has 15 seconds left.\n|\n|t:|1776622815\n|move|p1a: Farigiraf|Helping Hand|p1b: Torkoal\n|-singleturn|p1b: Torkoal|Helping Hand|[of] p1a: Farigiraf\n|move|p1b: Torkoal|Eruption|p2b: Charizard|[spread] p2a,p2b\n|-resisted|p2a: Dragapult|1\n|-resisted|p2b: Charizard|2\n|-damage|p2a: Dragapult|7/100\n|-damage|p2b: Charizard|61/100\n|move|p2b: Charizard|Outrage|p1a: Farigiraf|[from] lockedmove\n|-damage|p1a: Farigiraf|0 fnt\n|faint|p1a: Farigiraf\n|move|p2a: Dragapult|Light Screen|p2a: Dragapult\n|-sidestart|p2: renatogbj|move: Light Screen\n|\n|-weather|SunnyDay|[upkeep]\n|upkeep\n|\n|t:|1776622832\n|switch|p1a: Golurk|Golurk, L50|100/100\n|turn|3\n|\n|t:|1776622851\n|detailschange|p1a: Golurk|Golurk-Mega, L50\n|-mega|p1a: Golurk|Golurk|Golurkite\n|move|p1b: Torkoal|Eruption|p2b: Charizard|[spread] p2a,p2b\n|-resisted|p2a: Dragapult|1\n|-resisted|p2b: Charizard|2\n|-damage|p2a: Dragapult|0 fnt\n|-damage|p2b: Charizard|42/100\n|faint|p2a: Dragapult\n|move|p1a: Golurk|Headlong Rush|p2b: Charizard\n|-supereffective|p2b: Charizard|1\n|-damage|p2b: Charizard|0 fnt\n|-unboost|p1a: Golurk|def|1\n|-unboost|p1a: Golurk|spd|1\n|faint|p2b: Charizard\n|\n|-weather|SunnyDay|[upkeep]\n|upkeep\n|\n|t:|1776622860\n|switch|p2b: Sneasler|Sneasler, L50, M|100/100\n|switch|p2a: Kingambit|Kingambit, L50, M|100/100\n|turn|4\n|\n|t:|1776622882\n|move|p2b: Sneasler|Fake Out|p1b: Torkoal\n|-damage|p1b: Torkoal|87/100\n|cant|p1b: Torkoal|flinch\n|move|p2a: Kingambit|Kowtow Cleave|p1a: Golurk\n|-supereffective|p1a: Golurk|1\n|-damage|p1a: Golurk|0 fnt\n|faint|p1a: Golurk\n|\n|-weather|SunnyDay|[upkeep]\n|upkeep\n|\n|t:|1776622891\n|switch|p1a: Sneasler|Sneasler, L50, F|100/100\n|turn|5\n|\n|t:|1776622913\n|move|p2a: Kingambit|Protect|p2a: Kingambit\n|-singleturn|p2a: Kingambit|Protect\n|move|p2b: Sneasler|Protect|p2b: Sneasler\n|-singleturn|p2b: Sneasler|Protect\n|move|p1b: Torkoal|Eruption|p2a: Kingambit|[spread] \n|-activate|p2a: Kingambit|move: Protect\n|-activate|p2b: Sneasler|move: Protect\n|move|p1a: Sneasler|Close Combat|p2b: Sneasler\n|-activate|p2b: Sneasler|move: Protect\n|\n|-weather|none\n|-sideend|p2: renatogbj|Reflect\n|-fieldend|move: Trick Room\n|upkeep\n|turn|6\n|\n|t:|1776622934\n|move|p2a: Kingambit|Sucker Punch|p1b: Torkoal\n|-damage|p1b: Torkoal|44/100\n|move|p1a: Sneasler|Close Combat|p2b: Sneasler\n|-resisted|p2b: Sneasler|1\n|-damage|p2b: Sneasler|43/100\n|-unboost|p1a: Sneasler|def|1\n|-unboost|p1a: Sneasler|spd|1\n|-enditem|p1a: Sneasler|White Herb\n|-clearnegativeboost|p1a: Sneasler|[silent]\n|move|p2b: Sneasler|Close Combat|p1b: Torkoal\n|-damage|p1b: Torkoal|0 fnt\n|-unboost|p2b: Sneasler|def|1\n|-unboost|p2b: Sneasler|spd|1\n|faint|p1b: Torkoal\n|-enditem|p2b: Sneasler|White Herb\n|-clearnegativeboost|p2b: Sneasler|[silent]\n|\n|-sideend|p2: renatogbj|move: Light Screen\n|upkeep\n|turn|7\n|inactive|renatogbj has 30 seconds left.\n|\n|t:|1776622961\n|move|p2a: Kingambit|Sucker Punch|p1a: Sneasler\n|-resisted|p1a: Sneasler|1\n|-damage|p1a: Sneasler|61/100\n|move|p1a: Sneasler|Close Combat|p2a: Kingambit\n|-supereffective|p2a: Kingambit|2\n|-damage|p2a: Kingambit|0 fnt\n|-unboost|p1a: Sneasler|def|1\n|-unboost|p1a: Sneasler|spd|1\n|faint|p2a: Kingambit\n|move|p2b: Sneasler|Close Combat|p1a: Sneasler\n|-resisted|p1a: Sneasler|1\n|-damage|p1a: Sneasler|0 fnt\n|-unboost|p2b: Sneasler|def|1\n|-unboost|p2b: Sneasler|spd|1\n|faint|p1a: Sneasler\n|\n|win|renatogbj\n|raw|SlogDingleGweelok's rating: 1167 &rarr; <strong>1137</strong><br />(-30 for losing)\n|raw|renatogbj's rating: 1099 &rarr; <strong>1129</strong><br />(+30 for winning)\n|l|\u2606renatogbj\n|player|p2|\n",
  "uploadtime": 1776622989,
  "views": 8,
  "formatid": "gen9championsvgc2026regma",
  "rating": 1129,
  "private": 0,
  "password": null
}