{
  "id": "gen9championsvgc2026regma-2589572698",
  "format": "[Gen 9 Champions] VGC 2026 Reg M-A",
  "players": [
    "Fourway",
    "bluemagezoro6"
  ],
  "log": "|j|\u2606Fourway\n|j|\u2606bluemagezoro6\n|t:|1776735332\n|gametype|doubles\n|player|p1|Fourway|170|1263\n|player|p2|bluemagezoro6|boarder|1226\n|gen|9\n|tier|[Gen 9 Champions] VGC 2026 Reg M-A\n|rated|\n|rule|Species Clause: Limit one of each Pok\u00e9mon\n|rule|Item Clause: Limit 1 of each item\n|clearpoke\n|poke|p1|Ceruledge, L50, F|\n|poke|p1|Milotic, L50, F|\n|poke|p1|Ninetales-Alola, L50, F|\n|poke|p1|Lopunny, L50, F|\n|poke|p1|Corviknight, L50, M|\n|poke|p1|Maushold, L50|\n|poke|p2|Gengar, L50, M|\n|poke|p2|Aerodactyl, L50, F|\n|poke|p2|Milotic, L50, M|\n|poke|p2|Sinistcha, L50|\n|poke|p2|Incineroar, L50, M|\n|poke|p2|Ninetales-Alola, L50, F|\n|teampreview|4\n|\n|t:|1776735384\n|teamsize|p1|4\n|teamsize|p2|4\n|start\n|switch|p1a: Lopunny|Lopunny, L50, F|100/100\n|switch|p1b: Corviknight|Corviknight, L50, M|100/100\n|switch|p2a: Ninetales|Ninetales-Alola, L50, F|100/100\n|switch|p2b: Gengar|Gengar, L50, M|100/100\n|-weather|Snowscape|[from] ability: Snow Warning|[of] p2a: Ninetales\n|turn|1\n|\n|t:|1776735410\n|switch|p2b: Milotic|Milotic, L50, M|100/100\n|detailschange|p1a: Lopunny|Lopunny-Mega, L50, F\n|-mega|p1a: Lopunny|Lopunny|Lopunnite\n|move|p1a: Lopunny|Fake Out|p2b: Milotic\n|-damage|p2b: Milotic|81/100\n|move|p2a: Ninetales|Aurora Veil|p2a: Ninetales\n|-sidestart|p2: bluemagezoro6|move: Aurora Veil\n|move|p1b: Corviknight|Tailwind|p1b: Corviknight\n|-sidestart|p1: Fourway|move: Tailwind\n|\n|-weather|Snowscape|[upkeep]\n|-heal|p2b: Milotic|87/100|[from] item: Leftovers\n|upkeep\n|turn|2\n|\n|t:|1776735436\n|move|p1a: Lopunny|U-turn|p2a: Ninetales\n|-resisted|p2a: Ninetales|1\n|-damage|p2a: Ninetales|92/100\n|\n|t:|1776735439\n|switch|p1a: Ninetales|Ninetales-Alola, L50, F|100/100|[from] U-turn\n|move|p1b: Corviknight|Iron Head|p2a: Ninetales\n|-supereffective|p2a: Ninetales|2\n|-damage|p2a: Ninetales|10/100\n|move|p2a: Ninetales|Blizzard|p1b: Corviknight|[spread] p1a,p1b\n|-resisted|p1a: Ninetales|1\n|-damage|p1a: Ninetales|82/100\n|-damage|p1b: Corviknight|64/100\n|move|p2b: Milotic|Coil|p2b: Milotic\n|-boost|p2b: Milotic|atk|1\n|-boost|p2b: Milotic|def|1\n|-boost|p2b: Milotic|accuracy|1\n|\n|-weather|Snowscape|[upkeep]\n|-heal|p2b: Milotic|93/100|[from] item: Leftovers\n|upkeep\n|turn|3\n|\n|t:|1776735466\n|switch|p2a: Sinistcha|Sinistcha, L50|100/100\n|-heal|p2b: Milotic|100/100|[from] ability: Hospitality|[of] p2a: Sinistcha\n|move|p1a: Ninetales|Encore|p2b: Milotic\n|-start|p2b: Milotic|Encore\n|move|p1b: Corviknight|Iron Head|p2a: Sinistcha\n|-damage|p2a: Sinistcha|83/100\n|move|p2b: Milotic|Coil|p2b: Milotic\n|-boost|p2b: Milotic|atk|1\n|-boost|p2b: Milotic|def|1\n|-boost|p2b: Milotic|accuracy|1\n|\n|-weather|Snowscape|[upkeep]\n|upkeep\n|turn|4\n|\n|t:|1776735483\n|move|p1a: Ninetales|Blizzard|p2a: Sinistcha|[spread] p2a,p2b\n|-supereffective|p2a: Sinistcha|1\n|-resisted|p2b: Milotic|1\n|-damage|p2a: Sinistcha|44/100\n|-damage|p2b: Milotic|94/100\n|-enditem|p2a: Sinistcha|Sitrus Berry|[eat]\n|-heal|p2a: Sinistcha|68/100|[from] item: Sitrus Berry\n|move|p1b: Corviknight|Dual Wingbeat|p2a: Sinistcha\n|-supereffective|p2a: Sinistcha|1\n|-damage|p2a: Sinistcha|50/100\n|-supereffective|p2a: Sinistcha|1\n|-damage|p2a: Sinistcha|33/100\n|-hitcount|p2a: Sinistcha|2\n|move|p2b: Milotic|Coil|p2b: Milotic\n|-boost|p2b: Milotic|atk|1\n|-boost|p2b: Milotic|def|1\n|-boost|p2b: Milotic|accuracy|1\n|move|p2a: Sinistcha|Matcha Gotcha|p1a: Ninetales|[spread] p1b\n|-miss|p2a: Sinistcha|p1a: Ninetales\n|-resisted|p1b: Corviknight|2\n|-damage|p1b: Corviknight|57/100\n|-heal|p2a: Sinistcha|36/100|[from] drain|[of] p1b: Corviknight\n|-status|p1b: Corviknight|brn\n|\n|-weather|Snowscape|[upkeep]\n|-heal|p2b: Milotic|99/100|[from] item: Leftovers\n|-damage|p1b: Corviknight|51/100 brn|[from] brn\n|-sideend|p1: Fourway|move: Tailwind\n|upkeep\n|turn|5\n|\n|t:|1776735530\n|switch|p1b: Ceruledge|Ceruledge, L50, F|100/100\n|switch|p2a: Gengar|Gengar, L50, M|100/100\n|move|p1a: Ninetales|Aurora Veil|p1a: Ninetales\n|-sidestart|p1: Fourway|move: Aurora Veil\n|move|p2b: Milotic|Coil|p2b: Milotic\n|-boost|p2b: Milotic|atk|1\n|-boost|p2b: Milotic|def|1\n|-boost|p2b: Milotic|accuracy|1\n|\n|-weather|none\n|-heal|p2b: Milotic|100/100|[from] item: Leftovers\n|-end|p2b: Milotic|Encore\n|-sideend|p2: bluemagezoro6|move: Aurora Veil\n|upkeep\n|turn|6\n|\n|t:|1776735557\n|detailschange|p2a: Gengar|Gengar-Mega, L50, M\n|-mega|p2a: Gengar|Gengar|Gengarite\n|move|p2a: Gengar|Shadow Ball|p1b: Ceruledge\n|-supereffective|p1b: Ceruledge|1\n|-damage|p1b: Ceruledge|46/100\n|move|p1a: Ninetales|Encore|p2b: Milotic\n|-start|p2b: Milotic|Encore\n|move|p1b: Ceruledge|Swords Dance|p1b: Ceruledge\n|-boost|p1b: Ceruledge|atk|2\n|move|p2b: Milotic|Coil|p2b: Milotic\n|-boost|p2b: Milotic|atk|1\n|-boost|p2b: Milotic|def|1\n|-boost|p2b: Milotic|accuracy|1\n|\n|upkeep\n|turn|7\n|\n|t:|1776735579\n|move|p1b: Ceruledge|Shadow Sneak|p2a: Gengar\n|-supereffective|p2a: Gengar|1\n|-damage|p2a: Gengar|0 fnt\n|faint|p2a: Gengar\n|move|p1a: Ninetales|Blizzard|p2b: Milotic|[miss]\n|-miss|p1a: Ninetales|p2b: Milotic\n|move|p2b: Milotic|Coil|p2b: Milotic\n|-boost|p2b: Milotic|atk|1\n|-boost|p2b: Milotic|def|1\n|-boost|p2b: Milotic|accuracy|1\n|\n|upkeep\n|\n|t:|1776735582\n|switch|p2a: Sinistcha|Sinistcha, L50|36/100\n|turn|8\n|-message|bluemagezoro6 forfeited.\n|\n|win|Fourway\n|raw|Fourway's rating: 1263 &rarr; <strong>1285</strong><br />(+22 for winning)\n|raw|bluemagezoro6's rating: 1226 &rarr; <strong>1204</strong><br />(-22 for losing)\n|l|\u2606bluemagezoro6\n|player|p2|\n",
  "uploadtime": 1776735600,
  "views": 4,
  "formatid": "gen9championsvgc2026regma",
  "rating": 1204,
  "private": 0,
  "password": null
}