{
  "id": "gen9championsvgc2026regma-2585348792",
  "format": "[Gen 9 Champions] VGC 2026 Reg M-A",
  "players": [
    "ones_upon_a_time",
    "Rarere"
  ],
  "log": "|j|\u2606ones_upon_a_time\n|j|\u2606Rarere\n|t:|1776340194\n|gametype|doubles\n|player|p1|ones_upon_a_time|101|1031\n|player|p2|Rarere|cynthia-gen4|1090\n|gen|9\n|tier|[Gen 9 Champions] VGC 2026 Reg M-A\n|rated|\n|rule|Species Clause: Limit one of each Pok\u00e9mon\n|rule|Item Clause: Limit 1 of each item\n|clearpoke\n|poke|p1|Espathra, L50, F|\n|poke|p1|Sneasler, L50, F|\n|poke|p1|Dragonite, L50, F|\n|poke|p1|Pelipper, L50, M|\n|poke|p1|Archaludon, L50, F|\n|poke|p1|Venusaur, L50, M|\n|poke|p2|Rotom-Wash, L50|\n|poke|p2|Talonflame, L50, F|\n|poke|p2|Skarmory, L50, F|\n|poke|p2|Gardevoir, L50, F|\n|poke|p2|Dragonite, L50, F|\n|poke|p2|Politoed, L50, F|\n|teampreview|4\n|\n|t:|1776340206\n|teamsize|p1|4\n|teamsize|p2|4\n|start\n|switch|p1a: Espathra|Espathra, L50, F|100/100\n|switch|p1b: Sneasler|Sneasler, L50, F|100/100\n|switch|p2a: Talonflame|Talonflame, L50, F|100/100\n|switch|p2b: Rotom|Rotom-Wash, L50|100/100\n|turn|1\n|\n|t:|1776340230\n|move|p1a: Espathra|Protect|p1a: Espathra\n|-singleturn|p1a: Espathra|Protect\n|move|p1b: Sneasler|Fake Out|p2a: Talonflame\n|-damage|p2a: Talonflame|77/100\n|cant|p2a: Talonflame|flinch\n|move|p2b: Rotom|Volt Switch|p1a: Espathra\n|-activate|p1a: Espathra|move: Protect\n|\n|-ability|p1a: Espathra|Speed Boost|boost\n|-boost|p1a: Espathra|spe|1\n|upkeep\n|turn|2\n|\n|t:|1776340243\n|switch|p1b: Archaludon|Archaludon, L50, F|100/100\n|move|p1a: Espathra|Calm Mind|p1a: Espathra\n|-boost|p1a: Espathra|spa|1\n|-boost|p1a: Espathra|spd|1\n|move|p2a: Talonflame|Tailwind|p2a: Talonflame\n|-sidestart|p2: Rarere|move: Tailwind\n|move|p2b: Rotom|Volt Switch|p1b: Archaludon\n|-resisted|p1b: Archaludon|1\n|-damage|p1b: Archaludon|82/100\n|-ability|p1b: Archaludon|Stamina|boost\n|-boost|p1b: Archaludon|def|1\n|\n|t:|1776340258\n|switch|p2b: Dragonite|Dragonite, L50, F|100/100|[from] Volt Switch\n|\n|-ability|p1a: Espathra|Speed Boost|boost\n|-boost|p1a: Espathra|spe|1\n|upkeep\n|turn|3\n|\n|t:|1776340271\n|detailschange|p2b: Dragonite|Dragonite-Mega, L50, F\n|-mega|p2b: Dragonite|Dragonite|Dragoninite\n|move|p1a: Espathra|Protect|p1a: Espathra\n|-singleturn|p1a: Espathra|Protect\n|move|p2a: Talonflame|Acrobatics|p1a: Espathra\n|-activate|p1a: Espathra|move: Protect\n|move|p2b: Dragonite|Draco Meteor|p1b: Archaludon\n|-damage|p1b: Archaludon|0 fnt\n|-unboost|p2b: Dragonite|spa|2\n|faint|p1b: Archaludon\n|\n|-ability|p1a: Espathra|Speed Boost|boost\n|-boost|p1a: Espathra|spe|1\n|upkeep\n|\n|t:|1776340281\n|switch|p1b: Sneasler|Sneasler, L50, F|100/100\n|turn|4\n|\n|t:|1776340287\n|move|p2b: Dragonite|Protect|p2b: Dragonite\n|-singleturn|p2b: Dragonite|Protect\n|move|p1b: Sneasler|Fake Out|p2a: Talonflame\n|-damage|p2a: Talonflame|54/100\n|move|p1a: Espathra|Baton Pass|p1a: Espathra\n|\n|t:|1776340293\n|switch|p1a: Dragonite|Dragonite, L50, F|100/100|[from] Baton Pass\n|cant|p2a: Talonflame|flinch\n|\n|upkeep\n|turn|5\n|\n|t:|1776340312\n|switch|p2b: Rotom|Rotom-Wash, L50|100/100\n|switch|p1b: Espathra|Espathra, L50, F|100/100\n|detailschange|p1a: Dragonite|Dragonite-Mega, L50, F\n|-mega|p1a: Dragonite|Dragonite|Dragoninite\n|move|p2a: Talonflame|Acrobatics|p1b: Espathra\n|-damage|p1b: Espathra|42/100\n|move|p1a: Dragonite|Dragon Pulse|p2b: Rotom\n|-damage|p2b: Rotom|20/100\n|-enditem|p2b: Rotom|Sitrus Berry|[eat]\n|-heal|p2b: Rotom|45/100|[from] item: Sitrus Berry\n|\n|-sideend|p2: Rarere|move: Tailwind\n|upkeep\n|turn|6\n|l|\u2606ones_upon_a_time\n|player|p1|\n|j|\u2606ones_upon_a_time\n|player|p1|ones_upon_a_time|101|\n|\n|t:|1776340341\n|move|p1b: Espathra|Protect|p1b: Espathra\n|-singleturn|p1b: Espathra|Protect\n|move|p1a: Dragonite|Dragon Pulse|p2a: Talonflame\n|-damage|p2a: Talonflame|0 fnt\n|faint|p2a: Talonflame\n|move|p2b: Rotom|Volt Switch|p1b: Espathra\n|-activate|p1b: Espathra|move: Protect\n|\n|-ability|p1b: Espathra|Speed Boost|boost\n|-boost|p1b: Espathra|spe|1\n|upkeep\n|\n|t:|1776340347\n|switch|p2a: Politoed|Politoed, L50, F|100/100\n|-weather|RainDance|[from] ability: Drizzle|[of] p2a: Politoed\n|turn|7\n|\n|t:|1776340359\n|move|p1a: Dragonite|Hurricane|p2a: Politoed\n|-enditem|p2a: Politoed|Focus Sash\n|-damage|p2a: Politoed|1/100\n|-start|p2a: Politoed|confusion\n|move|p1b: Espathra|Calm Mind|p1b: Espathra\n|-boost|p1b: Espathra|spa|1\n|-boost|p1b: Espathra|spd|1\n|-activate|p2a: Politoed|confusion\n|move|p2a: Politoed|Haze|p2a: Politoed\n|-clearallboost\n|move|p2b: Rotom|Volt Switch|p1a: Dragonite\n|-damage|p1a: Dragonite|85/100\n|\n|t:|1776340371\n|switch|p2b: Dragonite|Dragonite-Mega, L50, F|100/100|[from] Volt Switch\n|\n|-weather|RainDance|[upkeep]\n|-ability|p1b: Espathra|Speed Boost|boost\n|-boost|p1b: Espathra|spe|1\n|upkeep\n|turn|8\n|\n|t:|1776340383\n|move|p1a: Dragonite|Protect|p1a: Dragonite\n|-singleturn|p1a: Dragonite|Protect\n|-activate|p2a: Politoed|confusion\n|move|p2a: Politoed|Protect|p2a: Politoed\n|-singleturn|p2a: Politoed|Protect\n|move|p1b: Espathra|Lumina Crash|p2b: Dragonite\n|-damage|p2b: Dragonite|83/100\n|-unboost|p2b: Dragonite|spd|2\n|move|p2b: Dragonite|Draco Meteor|p1a: Dragonite\n|-activate|p1a: Dragonite|move: Protect\n|\n|-weather|RainDance|[upkeep]\n|-ability|p1b: Espathra|Speed Boost|boost\n|-boost|p1b: Espathra|spe|1\n|upkeep\n|turn|9\n|\n|t:|1776340406\n|switch|p1a: Sneasler|Sneasler, L50, F|100/100\n|switch|p2a: Rotom|Rotom-Wash, L50|45/100\n|move|p1b: Espathra|Calm Mind|p1b: Espathra\n|-boost|p1b: Espathra|spa|1\n|-boost|p1b: Espathra|spd|1\n|move|p2b: Dragonite|Draco Meteor|p1a: Sneasler\n|-damage|p1a: Sneasler|0 fnt\n|-unboost|p2b: Dragonite|spa|2\n|faint|p1a: Sneasler\n|\n|-weather|RainDance|[upkeep]\n|-ability|p1b: Espathra|Speed Boost|boost\n|-boost|p1b: Espathra|spe|1\n|upkeep\n|\n|t:|1776340417\n|switch|p1a: Dragonite|Dragonite-Mega, L50, F|85/100\n|turn|10\n|\n|t:|1776340430\n|move|p2b: Dragonite|Protect|p2b: Dragonite\n|-singleturn|p2b: Dragonite|Protect\n|move|p1b: Espathra|Lumina Crash|p2a: Rotom\n|-damage|p2a: Rotom|0 fnt\n|faint|p2a: Rotom\n|move|p1a: Dragonite|Dragon Pulse|p2b: Dragonite\n|-activate|p2b: Dragonite|move: Protect\n|\n|-weather|RainDance|[upkeep]\n|-ability|p1b: Espathra|Speed Boost|boost\n|-boost|p1b: Espathra|spe|1\n|upkeep\n|\n|t:|1776340435\n|switch|p2a: Politoed|Politoed, L50, F|1/100\n|turn|11\n|\n|t:|1776340443\n|move|p2a: Politoed|Protect|p2a: Politoed\n|-singleturn|p2a: Politoed|Protect\n|move|p1b: Espathra|Lumina Crash|p2a: Politoed\n|-activate|p2a: Politoed|move: Protect\n|move|p1a: Dragonite|Dragon Pulse|p2b: Dragonite\n|-supereffective|p2b: Dragonite|1\n|-damage|p2b: Dragonite|0 fnt\n|faint|p2b: Dragonite\n|\n|-weather|none\n|-ability|p1b: Espathra|Speed Boost|boost\n|-boost|p1b: Espathra|spe|1\n|upkeep\n|turn|12\n|-message|Rarere forfeited.\n|\n|win|ones_upon_a_time\n|raw|ones_upon_a_time's rating: 1031 &rarr; <strong>1072</strong><br />(+41 for winning)\n|raw|Rarere's rating: 1090 &rarr; <strong>1063</strong><br />(-27 for losing)\n|l|\u2606Rarere\n|player|p2|\n",
  "uploadtime": 1776340461,
  "views": 19,
  "formatid": "gen9championsvgc2026regma",
  "rating": 1063,
  "private": 0,
  "password": null
}