{
  "id": "gen9championsvgc2026regma-2583469010",
  "format": "[Gen 9 Champions] VGC 2026 Reg M-A",
  "players": [
    "leoscerni",
    "yukakopoke"
  ],
  "log": "|j|\u2606leoscerni\n|j|\u2606yukakopoke\n|t:|1776177631\n|gametype|doubles\n|player|p1|leoscerni|1|1356\n|player|p2|yukakopoke|102|1286\n|gen|9\n|tier|[Gen 9 Champions] VGC 2026 Reg M-A\n|rated|\n|rule|Species Clause: Limit one of each Pok\u00e9mon\n|rule|Item Clause: Limit 1 of each item\n|clearpoke\n|poke|p1|Scovillain, L50, M|\n|poke|p1|Dragapult, L50, M|\n|poke|p1|Sneasler, L50, M|\n|poke|p1|Milotic, L50, M|\n|poke|p1|Aerodactyl, L50, F|\n|poke|p1|Incineroar, L50, M|\n|poke|p2|Lopunny, L50, F|\n|poke|p2|Sneasler, L50, F|\n|poke|p2|Kingambit, L50, F|\n|poke|p2|Aegislash, L50, M|\n|poke|p2|Azumarill, L50, F|\n|poke|p2|Kommo-o, L50, F|\n|teampreview|4\n|inactive|Battle timer is ON: inactive players will automatically lose when time's up. (requested by leoscerni)\n|inactive|leoscerni has 60 seconds left.\n|\n|t:|1776177673\n|teamsize|p1|4\n|teamsize|p2|4\n|start\n|switch|p1a: Scovillain|Scovillain, L50, M|100/100\n|switch|p1b: Dragapult|Dragapult, L50, M|100/100\n|switch|p2a: Lopunny|Lopunny, L50, F|100/100\n|switch|p2b: Kommo-o|Kommo-o, L50, F|100/100\n|turn|1\n|inactive|leoscerni has 30 seconds left.\n|\n|t:|1776177704\n|switch|p1b: Sneasler|Sneasler, L50, M|100/100\n|detailschange|p2a: Lopunny|Lopunny-Mega, L50, F\n|-mega|p2a: Lopunny|Lopunny|Lopunnite\n|detailschange|p1a: Scovillain|Scovillain-Mega, L50, M\n|-mega|p1a: Scovillain|Scovillain|Scovillainite\n|move|p2a: Lopunny|Fake Out|p1b: Sneasler\n|-damage|p1b: Sneasler|62/100\n|move|p2b: Kommo-o|Clangorous Soul|p2b: Kommo-o\n|-boost|p2b: Kommo-o|atk|1\n|-boost|p2b: Kommo-o|def|1\n|-boost|p2b: Kommo-o|spa|1\n|-boost|p2b: Kommo-o|spd|1\n|-boost|p2b: Kommo-o|spe|1\n|-damage|p2b: Kommo-o|68/100\n|move|p1a: Scovillain|Spicy Extract|p1b: Sneasler\n|-boost|p1b: Sneasler|atk|2\n|-unboost|p1b: Sneasler|def|2\n|-enditem|p1b: Sneasler|White Herb\n|-clearnegativeboost|p1b: Sneasler|[silent]\n|\n|-heal|p2b: Kommo-o|74/100|[from] item: Leftovers\n|upkeep\n|turn|2\n|inactive|leoscerni has 30 seconds left.\n|inactive|yukakopoke has 30 seconds left.\n|\n|t:|1776177739\n|move|p2b: Kommo-o|Protect|p2b: Kommo-o\n|-singleturn|p2b: Kommo-o|Protect\n|move|p1b: Sneasler|Fake Out|p2b: Kommo-o\n|-activate|p2b: Kommo-o|move: Protect\n|move|p1a: Scovillain|Rage Powder|p1a: Scovillain\n|-singleturn|p1a: Scovillain|move: Rage Powder\n|move|p2a: Lopunny|Encore|p1a: Scovillain\n|-start|p1a: Scovillain|Encore\n|\n|-heal|p2b: Kommo-o|80/100|[from] item: Leftovers\n|upkeep\n|turn|3\n|\n|t:|1776177762\n|move|p1a: Scovillain|Rage Powder|p1a: Scovillain\n|-singleturn|p1a: Scovillain|move: Rage Powder\n|move|p1b: Sneasler|Close Combat|p2b: Kommo-o\n|-damage|p2b: Kommo-o|0 fnt\n|-unboost|p1b: Sneasler|def|1\n|-unboost|p1b: Sneasler|spd|1\n|faint|p2b: Kommo-o\n|move|p2a: Lopunny|Encore||[still]\n|-fail|p2a: Lopunny\n|\n|upkeep\n|\n|t:|1776177775\n|switch|p2b: Aegislash|Aegislash, L50, M|100/100\n|turn|4\n|\n|t:|1776177787\n|move|p2b: Aegislash|King's Shield|p2b: Aegislash\n|-singleturn|p2b: Aegislash|Protect\n|move|p1a: Scovillain|Rage Powder|p1a: Scovillain\n|-singleturn|p1a: Scovillain|move: Rage Powder\n|move|p1b: Sneasler|Close Combat|p2a: Lopunny\n|-supereffective|p2a: Lopunny|1\n|-damage|p2a: Lopunny|0 fnt\n|-unboost|p1b: Sneasler|def|1\n|-unboost|p1b: Sneasler|spd|1\n|faint|p2a: Lopunny\n|\n|upkeep\n|\n|t:|1776177794\n|switch|p2a: Azumarill|Azumarill, L50, F|100/100\n|turn|5\n|\n|t:|1776177807\n|move|p1a: Scovillain|Rage Powder|p1a: Scovillain\n|-singleturn|p1a: Scovillain|move: Rage Powder\n|move|p1b: Sneasler|Dire Claw|p2a: Azumarill\n|-supereffective|p2a: Azumarill|1\n|-damage|p2a: Azumarill|0 fnt\n|faint|p2a: Azumarill\n|-formechange|p2b: Aegislash|Aegislash-Blade|\n|move|p2b: Aegislash|Iron Head|p1a: Scovillain\n|-resisted|p1a: Scovillain|1\n|-damage|p1a: Scovillain|75/100\n|-status|p2b: Aegislash|brn|[from] ability: Spicy Spray|[of] p1a: Scovillain\n|\n|-damage|p2b: Aegislash|95/100 brn|[from] brn\n|-end|p1a: Scovillain|Encore\n|upkeep\n|turn|6\n|-message|yukakopoke forfeited.\n|\n|win|leoscerni\n|raw|leoscerni's rating: 1356 &rarr; <strong>1372</strong><br />(+16 for winning)\n|raw|yukakopoke's rating: 1286 &rarr; <strong>1266</strong><br />(-20 for losing)\n|l|\u2606yukakopoke\n|player|p2|\n",
  "uploadtime": 1776177823,
  "views": 27,
  "formatid": "gen9championsvgc2026regma",
  "rating": 1266,
  "private": 0,
  "password": null
}