{
  "id": "gen9championsvgc2026regma-2583040076",
  "format": "[Gen 9 Champions] VGC 2026 Reg M-A",
  "players": [
    "SilverGrape",
    "greymesa"
  ],
  "log": "|j|\u2606SilverGrape\n|j|\u2606greymesa\n|t:|1776135774\n|gametype|doubles\n|player|p1|SilverGrape|102|1057\n|player|p2|greymesa|falkner-gen2|1000\n|gen|9\n|tier|[Gen 9 Champions] VGC 2026 Reg M-A\n|rated|\n|rule|Species Clause: Limit one of each Pok\u00e9mon\n|rule|Item Clause: Limit 1 of each item\n|clearpoke\n|poke|p1|Heliolisk, L50, M|\n|poke|p1|Snorlax, L50, M|\n|poke|p1|Banette, L50, M|\n|poke|p1|Maushold, L50|\n|poke|p2|Gengar, L50, M|\n|poke|p2|Volcarona, L50, F|\n|poke|p2|Incineroar, L50, F|\n|poke|p2|Sinistcha, L50|\n|poke|p2|Sneasler, L50, F|\n|poke|p2|Garganacl, L50, F|\n|teampreview|4\n|inactive|Battle timer is ON: inactive players will automatically lose when time's up. (requested by greymesa)\n|\n|t:|1776135795\n|teamsize|p1|4\n|teamsize|p2|4\n|start\n|switch|p1a: Heliolisk|Heliolisk, L50, M|100/100\n|switch|p1b: Snorlax|Snorlax, L50, M|100/100\n|switch|p2a: Gengar|Gengar, L50, M, shiny|100/100\n|switch|p2b: Icarus|Volcarona, L50, F, shiny|100/100\n|turn|1\n|inactive|SilverGrape has 30 seconds left.\n|inactive|SilverGrape has 20 seconds left.\n|inactive|greymesa has 30 seconds left.\n|inactive|SilverGrape has 15 seconds left.\n|inactive|SilverGrape has 10 seconds left.\n|\n|t:|1776135842\n|detailschange|p2a: Gengar|Gengar-Mega, L50, M, shiny\n|-mega|p2a: Gengar|Gengar|Gengarite\n|move|p2b: Icarus|Rage Powder|p2b: Icarus\n|-singleturn|p2b: Icarus|move: Rage Powder\n|move|p2a: Gengar|Perish Song|p2a: Gengar\n|-start|p1a: Heliolisk|perish3|[silent]\n|-start|p1b: Snorlax|perish3|[silent]\n|-start|p2a: Gengar|perish3|[silent]\n|-start|p2b: Icarus|perish3|[silent]\n|-fieldactivate|move: Perish Song\n|move|p1a: Heliolisk|Shed Tail|p1a: Heliolisk\n|-start|p1a: Heliolisk|Substitute|[from] move: Shed Tail\n|-damage|p1a: Heliolisk|50/100\n|\n|t:|1776135851\n|switch|p1a: Banette|Banette, L50, M|100/100|[from] Shed Tail\n|move|p1b: Snorlax|Belly Drum|p1b: Snorlax\n|-damage|p1b: Snorlax|51/100\n|-setboost|p1b: Snorlax|atk|6|[from] move: Belly Drum\n|\n|-start|p2a: Gengar|perish3\n|-start|p2b: Icarus|perish3\n|-start|p1b: Snorlax|perish3\n|upkeep\n|turn|2\n|\n|t:|1776135874\n|detailschange|p1a: Banette|Banette-Mega, L50, M\n|-mega|p1a: Banette|Banette|Banettite\n|move|p2b: Icarus|Rage Powder|p2b: Icarus\n|-singleturn|p2b: Icarus|move: Rage Powder\n|move|p1a: Banette|Psych Up|p2b: Icarus\n|-copyboost|p1a: Banette|p2b: Icarus|[from] move: Psych Up\n|move|p2a: Gengar|Shadow Ball|p1a: Banette\n|-supereffective|p1a: Banette|1\n|-end|p1a: Banette|Substitute\n|move|p1b: Snorlax|Crunch|p2b: Icarus\n|-damage|p2b: Icarus|0 fnt\n|-status|p1b: Snorlax|brn|[from] ability: Flame Body|[of] p2b: Icarus\n|faint|p2b: Icarus\n|\n|-damage|p1b: Snorlax|45/100 brn|[from] brn\n|-start|p2a: Gengar|perish2\n|-start|p1b: Snorlax|perish2\n|upkeep\n|inactive|greymesa has 30 seconds left.\n|inactive|greymesa has 20 seconds left.\n|inactive|greymesa has 15 seconds left.\n|inactive|greymesa has 10 seconds left.\n|\n|t:|1776135919\n|switch|p2b: Garganacl|Garganacl, L50, F|100/100\n|turn|3\n|\n|t:|1776135938\n|move|p1a: Banette|Sucker Punch|p2a: Gengar\n|-supereffective|p2a: Gengar|1\n|-damage|p2a: Gengar|26/100\n|move|p2a: Gengar|Shadow Ball|p1a: Banette\n|-supereffective|p1a: Banette|1\n|-damage|p1a: Banette|0 fnt\n|faint|p1a: Banette\n|move|p2b: Garganacl|Salt Cure|p1b: Snorlax\n|-damage|p1b: Snorlax|28/100 brn\n|-start|p1b: Snorlax|Salt Cure\n|move|p1b: Snorlax|Crunch|p2a: Gengar\n|-supereffective|p2a: Gengar|1\n|-damage|p2a: Gengar|0 fnt\n|faint|p2a: Gengar\n|\n|-damage|p1b: Snorlax|22/100 brn|[from] brn\n|-damage|p1b: Snorlax|16/100 brn|[from] Salt Cure\n|-start|p1b: Snorlax|perish1\n|upkeep\n|inactive|SilverGrape has 30 seconds left.\n|inactive|SilverGrape has 20 seconds left.\n|\n|t:|1776135978\n|switch|p2a: Sneasler|Sneasler, L50, F, shiny|100/100\n|switch|p1a: Heliolisk|Heliolisk, L50, M|50/100\n|turn|4\n|\n|t:|1776135999\n|switch|p1b: Maushold|Maushold, L50|100/100\n|move|p2b: Garganacl|Protect|p2b: Garganacl\n|-singleturn|p2b: Garganacl|Protect\n|move|p2a: Sneasler|Fake Out|p1a: Heliolisk\n|-damage|p1a: Heliolisk|31/100\n|cant|p1a: Heliolisk|flinch\n|\n|upkeep\n|turn|5\n|inactive|SilverGrape has 30 seconds left.\n|\n|t:|1776136030\n|move|p1b: Maushold|Protect|p1b: Maushold\n|-singleturn|p1b: Maushold|Protect\n|move|p2a: Sneasler|Close Combat|p1b: Maushold\n|-activate|p1b: Maushold|move: Protect\n|move|p1a: Heliolisk|Glare|p2a: Sneasler\n|-status|p2a: Sneasler|par\n|move|p2b: Garganacl|Rock Slide|p1b: Maushold|[spread] p1a\n|-activate|p1b: Maushold|move: Protect\n|-damage|p1a: Heliolisk|0 fnt\n|faint|p1a: Heliolisk\n|\n|upkeep\n|\n|t:|1776136042\n|switch|p1a: Snorlax|Snorlax, L50, M|16/100 brn\n|turn|6\n|inactive|SilverGrape has 30 seconds left.\n|\n|t:|1776136067\n|move|p2a: Sneasler|Protect|p2a: Sneasler\n|-singleturn|p2a: Sneasler|Protect\n|move|p1b: Maushold|Population Bomb|p2a: Sneasler\n|-activate|p2a: Sneasler|move: Protect\n|move|p2b: Garganacl|Explosion|p1a: Snorlax|[spread] p1a,p1b\n|-activate|p2a: Sneasler|move: Protect\n|-damage|p1a: Snorlax|0 fnt\n|-damage|p1b: Maushold|0 fnt\n|faint|p2b: Garganacl\n|faint|p1a: Snorlax\n|faint|p1b: Maushold\n|\n|win|greymesa\n|raw|SilverGrape's rating: 1057 &rarr; <strong>1035</strong><br />(-22 for losing)\n|raw|greymesa's rating: 1000 &rarr; <strong>1047</strong><br />(+47 for winning)\n|c|\u2606greymesa|ggwp\n",
  "uploadtime": 1776136083,
  "views": 22,
  "formatid": "gen9championsvgc2026regma",
  "rating": 1035,
  "private": 0,
  "password": null
}