{
  "id": "gen9championsvgc2026regma-2586025165",
  "format": "[Gen 9 Champions] VGC 2026 Reg M-A",
  "players": [
    "Lax Machine",
    "Chenkeng"
  ],
  "log": "|j|\u2606Lax Machine\n|j|\u2606Chenkeng\n|t:|1776391403\n|gametype|doubles\n|player|p1|Lax Machine|102|1549\n|player|p2|Chenkeng|dawn-gen4pt|1535\n|gen|9\n|tier|[Gen 9 Champions] VGC 2026 Reg M-A\n|rated|\n|rule|Species Clause: Limit one of each Pok\u00e9mon\n|rule|Item Clause: Limit 1 of each item\n|clearpoke\n|poke|p1|Dragapult, L50, F|\n|poke|p1|Sneasler, L50, F|\n|poke|p1|Incineroar, L50, F|\n|poke|p1|Scovillain, L50, F|\n|poke|p1|Maushold, L50|\n|poke|p1|Espathra, L50, F|\n|poke|p2|Charizard, L50, M|\n|poke|p2|Incineroar, L50, M|\n|poke|p2|Kingambit, L50, M|\n|poke|p2|Garchomp, L50, M|\n|poke|p2|Sneasler, L50, F|\n|poke|p2|Sinistcha, L50|\n|teampreview|4\n|inactive|Battle timer is ON: inactive players will automatically lose when time's up. (requested by Lax Machine)\n|\n|t:|1776391440\n|teamsize|p1|4\n|teamsize|p2|4\n|start\n|switch|p1a: Espathra|Espathra, L50, F|100/100\n|switch|p1b: Dragapult|Dragapult, L50, F|100/100\n|switch|p2a: Garchomp|Garchomp, L50, M|100/100\n|switch|p2b: Sneasler|Sneasler, L50, F|100/100\n|turn|1\n|\n|t:|1776391453\n|move|p1a: Espathra|Protect|p1a: Espathra\n|-singleturn|p1a: Espathra|Protect\n|move|p2b: Sneasler|Fake Out|p1a: Espathra\n|-activate|p1a: Espathra|move: Protect\n|move|p2a: Garchomp|Dragon Claw|p1b: Dragapult\n|-supereffective|p1b: Dragapult|1\n|-enditem|p1b: Dragapult|Focus Sash\n|-damage|p1b: Dragapult|1/100\n|move|p1b: Dragapult|Reflect|p1b: Dragapult\n|-sidestart|p1: Lax Machine|Reflect\n|\n|-ability|p1a: Espathra|Speed Boost|boost\n|-boost|p1a: Espathra|spe|1\n|upkeep\n|turn|2\n|\n|t:|1776391473\n|switch|p2b: Kingambit|Kingambit, L50, M|100/100\n|move|p2a: Garchomp|Dragon Claw|p1b: Dragapult\n|-supereffective|p1b: Dragapult|1\n|-damage|p1b: Dragapult|0 fnt\n|faint|p1b: Dragapult\n|move|p1a: Espathra|Calm Mind|p1a: Espathra\n|-boost|p1a: Espathra|spa|1\n|-boost|p1a: Espathra|spd|1\n|\n|-ability|p1a: Espathra|Speed Boost|boost\n|-boost|p1a: Espathra|spe|1\n|upkeep\n|\n|t:|1776391478\n|switch|p1b: Scovillain|Scovillain, L50, F|100/100\n|turn|3\n|inactive|Chenkeng has 30 seconds left.\n|inactive|Chenkeng has 20 seconds left.\n|\n|t:|1776391514\n|detailschange|p1b: Scovillain|Scovillain-Mega, L50, F\n|-mega|p1b: Scovillain|Scovillain|Scovillainite\n|move|p2b: Kingambit|Protect|p2b: Kingambit\n|-singleturn|p2b: Kingambit|Protect\n|move|p1b: Scovillain|Rage Powder|p1b: Scovillain\n|-singleturn|p1b: Scovillain|move: Rage Powder\n|move|p1a: Espathra|Calm Mind|p1a: Espathra\n|-boost|p1a: Espathra|spa|1\n|-boost|p1a: Espathra|spd|1\n|move|p2a: Garchomp|Dragon Claw|p1b: Scovillain\n|-damage|p1b: Scovillain|72/100\n|-status|p2a: Garchomp|brn|[from] ability: Spicy Spray|[of] p1b: Scovillain\n|\n|-damage|p2a: Garchomp|94/100 brn|[from] brn\n|-ability|p1a: Espathra|Speed Boost|boost\n|-boost|p1a: Espathra|spe|1\n|upkeep\n|turn|4\n|j| sethleander\n|inactive|Lax Machine has 30 seconds left.\n|inactive|Chenkeng has 30 seconds left.\n|\n|t:|1776391546\n|move|p1a: Espathra|Dazzling Gleam|p2b: Kingambit|[spread] p2a,p2b\n|-supereffective|p2a: Garchomp|1\n|-damage|p2a: Garchomp|34/100 brn\n|-damage|p2b: Kingambit|72/100\n|move|p2a: Garchomp|Dragon Claw|p1b: Scovillain\n|-damage|p1b: Scovillain|58/100\n|move|p1b: Scovillain|Flare Blitz|p2b: Kingambit\n|-supereffective|p2b: Kingambit|1\n|-damage|p2b: Kingambit|0 fnt\n|faint|p2b: Kingambit\n|-damage|p1b: Scovillain|30/100|[from] Recoil\n|\n|-damage|p2a: Garchomp|28/100 brn|[from] brn\n|-ability|p1a: Espathra|Speed Boost|boost\n|-boost|p1a: Espathra|spe|1\n|upkeep\n|\n|t:|1776391563\n|switch|p2b: Sneasler|Sneasler, L50, F|100/100\n|turn|5\n|\n|t:|1776391573\n|move|p1a: Espathra|Protect|p1a: Espathra\n|-singleturn|p1a: Espathra|Protect\n|move|p2b: Sneasler|Fake Out|p1a: Espathra\n|-activate|p1a: Espathra|move: Protect\n|move|p2a: Garchomp|Dragon Claw|p1b: Scovillain\n|-damage|p1b: Scovillain|16/100\n|move|p1b: Scovillain|Flare Blitz|p2b: Sneasler\n|-damage|p2b: Sneasler|5/100\n|-damage|p1b: Scovillain|0 fnt|[from] Recoil\n|faint|p1b: Scovillain\n|\n|-damage|p2a: Garchomp|22/100 brn|[from] brn\n|-sideend|p1: Lax Machine|Reflect\n|-ability|p1a: Espathra|Speed Boost|boost\n|-boost|p1a: Espathra|spe|1\n|upkeep\n|\n|t:|1776391578\n|switch|p1b: Maushold|Maushold, L50|100/100\n|turn|6\n|\n|t:|1776391597\n|switch|p2b: Sinistcha|Sinistcha, L50|100/100\n|-heal|p2a: Garchomp|47/100 brn|[from] ability: Hospitality|[of] p2b: Sinistcha\n|move|p1b: Maushold|Helping Hand|p1a: Espathra\n|-singleturn|p1a: Espathra|Helping Hand|[of] p1b: Maushold\n|move|p1a: Espathra|Dazzling Gleam|p2a: Garchomp|[spread] p2a,p2b\n|-supereffective|p2a: Garchomp|1\n|-damage|p2a: Garchomp|0 fnt\n|-damage|p2b: Sinistcha|62/100\n|faint|p2a: Garchomp\n|\n|-heal|p2b: Sinistcha|68/100|[from] item: Leftovers\n|-ability|p1a: Espathra|Speed Boost|boost\n|-boost|p1a: Espathra|spe|1\n|upkeep\n|\n|t:|1776391613\n|switch|p2a: Sneasler|Sneasler, L50, F|5/100\n|turn|7\n|\n|t:|1776391624\n|move|p1b: Maushold|Protect|p1b: Maushold\n|-singleturn|p1b: Maushold|Protect\n|move|p1a: Espathra|Stored Power|p2b: Sinistcha\n|-damage|p2b: Sinistcha|0 fnt\n|faint|p2b: Sinistcha\n|move|p2a: Sneasler|Close Combat|p1b: Maushold\n|-activate|p1b: Maushold|move: Protect\n|\n|upkeep\n|turn|8\n|-message|Chenkeng forfeited.\n|\n|win|Lax Machine\n|raw|Lax Machine's rating: 1549 &rarr; <strong>1568</strong><br />(+19 for winning)\n|raw|Chenkeng's rating: 1535 &rarr; <strong>1516</strong><br />(-19 for losing)\n|l|\u2606Chenkeng\n|player|p2|\n",
  "uploadtime": 1776391640,
  "views": 83,
  "formatid": "gen9championsvgc2026regma",
  "rating": 1516,
  "private": 0,
  "password": null
}