{
  "id": "gen9championsvgc2026regma-2585505522",
  "format": "[Gen 9 Champions] VGC 2026 Reg M-A",
  "players": [
    "Yhit",
    "PurpleSnowyyy"
  ],
  "log": "|j|\u2606Yhit\n|j|\u2606PurpleSnowyyy\n|t:|1776352069\n|gametype|doubles\n|player|p1|Yhit|skyla|1244\n|player|p2|PurpleSnowyyy|rosa-masters|1179\n|gen|9\n|tier|[Gen 9 Champions] VGC 2026 Reg M-A\n|rated|\n|rule|Species Clause: Limit one of each Pok\u00e9mon\n|rule|Item Clause: Limit 1 of each item\n|clearpoke\n|poke|p1|Manectric, L50, M|\n|poke|p1|Incineroar, L50, M|\n|poke|p1|Gyarados, L50, F|\n|poke|p1|Tsareena, L50, F|\n|poke|p1|Corviknight, L50, F|\n|poke|p1|Glimmora, L50, M|\n|poke|p2|Glimmora, L50, M|\n|poke|p2|Samurott-Hisui, L50, F|\n|poke|p2|Espathra, L50, M|\n|poke|p2|Sneasler, L50, F|\n|poke|p2|Maushold-Four, L50|\n|poke|p2|Corviknight, L50, M|\n|teampreview|4\n|\n|t:|1776352133\n|teamsize|p1|4\n|teamsize|p2|4\n|start\n|switch|p1a: Skyjay|Incineroar, L50, M|100/100\n|switch|p1b: Agnes|Corviknight, L50, F|100/100\n|switch|p2a: Corviknight|Corviknight, L50, M|100/100\n|switch|p2b: Espathra|Espathra, L50, M, shiny|100/100\n|-ability|p1a: Skyjay|Intimidate|boost\n|-ability|p2a: Corviknight|Mirror Armor\n|-unboost|p1a: Skyjay|atk|1\n|-unboost|p2b: Espathra|atk|1\n|turn|1\n|\n|t:|1776352150\n|switch|p2b: Glimmora|Glimmora, L50, M|100/100\n|move|p1a: Skyjay|Fake Out|p2a: Corviknight\n|-resisted|p2a: Corviknight|1\n|-damage|p2a: Corviknight|98/100\n|move|p1b: Agnes|Tailwind|p1b: Agnes\n|-sidestart|p1: Yhit|move: Tailwind\n|cant|p2a: Corviknight|flinch\n|\n|-heal|p2a: Corviknight|100/100|[from] item: Leftovers\n|upkeep\n|turn|2\n|\n|t:|1776352177\n|move|p2b: Glimmora|Spiky Shield|p2b: Glimmora\n|-singleturn|p2b: Glimmora|move: Protect\n|move|p1b: Agnes|Body Press|p2b: Glimmora\n|-activate|p2b: Glimmora|move: Protect\n|-damage|p1b: Agnes|88/100|[from] Spiky Shield|[of] p2b: Glimmora\n|move|p1a: Skyjay|Parting Shot|p2b: Glimmora\n|-activate|p2b: Glimmora|move: Protect\n|move|p2a: Corviknight|Tailwind|p2a: Corviknight\n|-sidestart|p2: PurpleSnowyyy|move: Tailwind\n|\n|upkeep\n|turn|3\n|\n|t:|1776352241\n|move|p2b: Glimmora|Power Gem|p1a: Skyjay\n|-supereffective|p1a: Skyjay|1\n|-damage|p1a: Skyjay|37/100\n|-enditem|p1a: Skyjay|Sitrus Berry|[eat]\n|-heal|p1a: Skyjay|62/100|[from] item: Sitrus Berry\n|move|p1b: Agnes|Body Press|p2b: Glimmora\n|-damage|p2b: Glimmora|74/100\n|-activate|p2b: Glimmora|ability: Toxic Debris\n|-sidestart|p1: Yhit|move: Toxic Spikes\n|move|p2a: Corviknight|Iron Defense|p2a: Corviknight\n|-boost|p2a: Corviknight|def|2\n|move|p1a: Skyjay|Parting Shot|p2b: Glimmora\n|-unboost|p2b: Glimmora|atk|1\n|-unboost|p2b: Glimmora|spa|1\n|\n|t:|1776352256\n|switch|p1a: Barrky Allen|Manectric, L50, M|100/100|[from] Parting Shot\n|-status|p1a: Barrky Allen|psn\n|\n|-damage|p1a: Barrky Allen|88/100 psn|[from] psn\n|upkeep\n|turn|4\n|\n|t:|1776352301\n|switch|p2b: Espathra|Espathra, L50, M, shiny|100/100\n|detailschange|p1a: Barrky Allen|Manectric-Mega, L50, M\n|-mega|p1a: Barrky Allen|Manectric|Manectite\n|-ability|p1a: Barrky Allen|Intimidate|boost\n|-ability|p2a: Corviknight|Mirror Armor\n|-unboost|p1a: Barrky Allen|atk|1\n|-unboost|p2b: Espathra|atk|1\n|move|p2a: Corviknight|Protect|p2a: Corviknight\n|-singleturn|p2a: Corviknight|Protect\n|move|p1a: Barrky Allen|Overheat|p2a: Corviknight\n|-activate|p2a: Corviknight|move: Protect\n|move|p1b: Agnes|Body Press|p2b: Espathra\n|-resisted|p2b: Espathra|1\n|-damage|p2b: Espathra|81/100\n|\n|-damage|p1a: Barrky Allen|76/100 psn|[from] psn\n|-sideend|p1: Yhit|move: Tailwind\n|upkeep\n|turn|5\n|\n|t:|1776352330\n|switch|p1b: Skyjay|Incineroar, L50, M|62/100\n|-status|p1b: Skyjay|psn\n|-ability|p1b: Skyjay|Intimidate|boost\n|-ability|p2a: Corviknight|Mirror Armor\n|-unboost|p1b: Skyjay|atk|1\n|-unboost|p2b: Espathra|atk|1\n|move|p1a: Barrky Allen|Protect|p1a: Barrky Allen\n|-singleturn|p1a: Barrky Allen|Protect\n|move|p2b: Espathra|Calm Mind|p2b: Espathra\n|-boost|p2b: Espathra|spa|1\n|-boost|p2b: Espathra|spd|1\n|move|p2a: Corviknight|Body Press|p1a: Barrky Allen\n|-activate|p1a: Barrky Allen|move: Protect\n|\n|-damage|p1a: Barrky Allen|63/100 psn|[from] psn\n|-damage|p1b: Skyjay|50/100 psn|[from] psn\n|-sideend|p2: PurpleSnowyyy|move: Tailwind\n|-ability|p2b: Espathra|Speed Boost|boost\n|-boost|p2b: Espathra|spe|1\n|upkeep\n|turn|6\n|\n|t:|1776352355\n|switch|p2a: Glimmora|Glimmora, L50, M|74/100\n|move|p2b: Espathra|Lumina Crash|p1a: Barrky Allen\n|-damage|p1a: Barrky Allen|0 fnt\n|faint|p1a: Barrky Allen\n|move|p1b: Skyjay|Darkest Lariat|p2b: Espathra\n|-supereffective|p2b: Espathra|1\n|-damage|p2b: Espathra|12/100\n|\n|-damage|p1b: Skyjay|37/100 psn|[from] psn\n|-ability|p2b: Espathra|Speed Boost|boost\n|-boost|p2b: Espathra|spe|1\n|upkeep\n|\n|t:|1776352363\n|switch|p1a: Agnes|Corviknight, L50, F|88/100\n|turn|7\n|\n|t:|1776352379\n|switch|p1b: Fuchsia|Glimmora, L50, M|100/100\n|-sideend|p1: Yhit|move: Toxic Spikes|[of] p1b: Fuchsia\n|move|p2a: Glimmora|Spiky Shield|p2a: Glimmora\n|-singleturn|p2a: Glimmora|move: Protect\n|move|p2b: Espathra|Baton Pass|p2b: Espathra\n|\n|t:|1776352389\n|switch|p2b: Corviknight|Corviknight, L50, M|100/100|[from] Baton Pass\n|move|p1a: Agnes|Tailwind|p1a: Agnes\n|-sidestart|p1: Yhit|move: Tailwind\n|\n|upkeep\n|turn|8\n|\n|t:|1776352421\n|move|p1b: Fuchsia|Earth Power|p2a: Glimmora\n|-supereffective|p2a: Glimmora|2\n|-damage|p2a: Glimmora|0 fnt\n|faint|p2a: Glimmora\n|move|p1a: Agnes|Body Press|p2b: Corviknight\n|-damage|p2b: Corviknight|82/100\n|move|p2b: Corviknight|Tailwind|p2b: Corviknight\n|-sidestart|p2: PurpleSnowyyy|move: Tailwind\n|\n|-heal|p2b: Corviknight|87/100|[from] item: Leftovers\n|upkeep\n|\n|t:|1776352426\n|switch|p2a: Espathra|Espathra, L50, M, shiny|12/100\n|turn|9\n|\n|t:|1776352456\n|move|p2b: Corviknight|Iron Defense|p2b: Corviknight\n|-boost|p2b: Corviknight|def|2\n|move|p2a: Espathra|Lumina Crash|p1b: Fuchsia\n|-supereffective|p1b: Fuchsia|1\n|-damage|p1b: Fuchsia|3/100\n|-unboost|p1b: Fuchsia|spd|2\n|move|p1b: Fuchsia|Power Gem|p2b: Corviknight\n|-damage|p2b: Corviknight|60/100\n|move|p1a: Agnes|Brave Bird|p2a: Espathra\n|-damage|p2a: Espathra|0 fnt\n|faint|p2a: Espathra\n|-damage|p1a: Agnes|85/100|[from] Recoil\n|\n|-heal|p2b: Corviknight|66/100|[from] item: Leftovers\n|upkeep\n|\n|t:|1776352471\n|switch|p2a: Samurott|Samurott-Hisui, L50, F|100/100\n|turn|10\n|\n|t:|1776352491\n|move|p2a: Samurott|Ceaseless Edge|p1b: Fuchsia|[miss]\n|-miss|p2a: Samurott|p1b: Fuchsia\n|move|p2b: Corviknight|Body Press|p1a: Agnes\n|-damage|p1a: Agnes|53/100\n|move|p1b: Fuchsia|Sludge Bomb|p2a: Samurott\n|-damage|p2a: Samurott|26/100\n|move|p1a: Agnes|Body Press|p2b: Corviknight\n|-damage|p2b: Corviknight|55/100\n|\n|-heal|p2b: Corviknight|61/100|[from] item: Leftovers\n|-sideend|p1: Yhit|move: Tailwind\n|upkeep\n|turn|11\n|\n|t:|1776352520\n|move|p1b: Fuchsia|Protect|p1b: Fuchsia\n|-singleturn|p1b: Fuchsia|Protect\n|move|p2a: Samurott|Ceaseless Edge|p1b: Fuchsia\n|-activate|p1b: Fuchsia|move: Protect\n|move|p2b: Corviknight|Body Press|p1a: Agnes\n|-damage|p1a: Agnes|21/100\n|move|p1a: Agnes|Tailwind|p1a: Agnes\n|-sidestart|p1: Yhit|move: Tailwind\n|\n|-heal|p2b: Corviknight|67/100|[from] item: Leftovers\n|-sideend|p2: PurpleSnowyyy|move: Tailwind\n|upkeep\n|turn|12\n|\n|t:|1776352539\n|move|p2b: Corviknight|Protect|p2b: Corviknight\n|-singleturn|p2b: Corviknight|Protect\n|move|p1b: Fuchsia|Power Gem|p2a: Samurott\n|-damage|p2a: Samurott|0 fnt\n|faint|p2a: Samurott\n|move|p1a: Agnes|Body Press|p2b: Corviknight\n|-activate|p2b: Corviknight|move: Protect\n|\n|-heal|p2b: Corviknight|72/100|[from] item: Leftovers\n|upkeep\n|turn|13\n|\n|t:|1776352562\n|move|p1b: Fuchsia|Protect|p1b: Fuchsia\n|-singleturn|p1b: Fuchsia|Protect\n|move|p1a: Agnes|Body Press|p2b: Corviknight\n|-damage|p2b: Corviknight|63/100\n|move|p2b: Corviknight|Body Press|p1b: Fuchsia\n|-activate|p1b: Fuchsia|move: Protect\n|\n|-heal|p2b: Corviknight|68/100|[from] item: Leftovers\n|upkeep\n|turn|14\n|\n|t:|1776352575\n|move|p1b: Fuchsia|Power Gem|p2b: Corviknight\n|-damage|p2b: Corviknight|44/100\n|move|p2b: Corviknight|Body Press|p1b: Fuchsia\n|-damage|p1b: Fuchsia|0 fnt\n|-activate|p1b: Fuchsia|ability: Toxic Debris\n|-sidestart|p2: PurpleSnowyyy|move: Toxic Spikes\n|faint|p1b: Fuchsia\n|move|p1a: Agnes|Body Press|p2b: Corviknight\n|-damage|p2b: Corviknight|34/100\n|\n|-heal|p2b: Corviknight|40/100|[from] item: Leftovers\n|-sideend|p1: Yhit|move: Tailwind\n|upkeep\n|\n|t:|1776352580\n|switch|p1b: Skyjay|Incineroar, L50, M|37/100 psn\n|-ability|p1b: Skyjay|Intimidate|boost\n|-ability|p2b: Corviknight|Mirror Armor\n|-unboost|p1b: Skyjay|atk|1\n|turn|15\n|\n|t:|1776352598\n|move|p2b: Corviknight|Protect|p2b: Corviknight\n|-singleturn|p2b: Corviknight|Protect\n|move|p1b: Skyjay|Fake Out|p2b: Corviknight\n|-activate|p2b: Corviknight|move: Protect\n|move|p1a: Agnes|Tailwind|p1a: Agnes\n|-sidestart|p1: Yhit|move: Tailwind\n|\n|-heal|p2b: Corviknight|46/100|[from] item: Leftovers\n|-damage|p1b: Skyjay|25/100 psn|[from] psn\n|upkeep\n|turn|16\n|\n|t:|1776352608\n|move|p1a: Agnes|Body Press|p2b: Corviknight\n|-damage|p2b: Corviknight|36/100\n|move|p2b: Corviknight|Body Press|p1a: Agnes\n|-damage|p1a: Agnes|0 fnt\n|faint|p1a: Agnes\n|move|p1b: Skyjay|Darkest Lariat|p2b: Corviknight\n|-damage|p2b: Corviknight|20/100\n|\n|-heal|p2b: Corviknight|26/100|[from] item: Leftovers\n|-damage|p1b: Skyjay|12/100 psn|[from] psn\n|upkeep\n|turn|17\n|\n|t:|1776352619\n|move|p2b: Corviknight|Protect|p2b: Corviknight\n|-singleturn|p2b: Corviknight|Protect\n|move|p1b: Skyjay|Darkest Lariat|p2b: Corviknight\n|-activate|p2b: Corviknight|move: Protect\n|\n|-heal|p2b: Corviknight|31/100|[from] item: Leftovers\n|-damage|p1b: Skyjay|0 fnt|[from] psn\n|faint|p1b: Skyjay\n|\n|win|PurpleSnowyyy\n|raw|Yhit's rating: 1244 &rarr; <strong>1214</strong><br />(-30 for losing)\n|raw|PurpleSnowyyy's rating: 1179 &rarr; <strong>1209</strong><br />(+30 for winning)\n|c|\u2606Yhit|Ggwp\n|c|\u2606PurpleSnowyyy|ggwp\n",
  "uploadtime": 1776352636,
  "views": 35,
  "formatid": "gen9championsvgc2026regma",
  "rating": 1209,
  "private": 0,
  "password": null
}