{
  "id": "gen9championsvgc2026regma-2587124062",
  "format": "[Gen 9 Champions] VGC 2026 Reg M-A",
  "players": [
    "blazikenrox",
    "KeckleonKidVGC"
  ],
  "log": "|j|\u2606blazikenrox\n|j|\u2606KeckleonKidVGC\n|t:|1776496830\n|gametype|doubles\n|player|p1|blazikenrox|lisia|1254\n|player|p2|KeckleonKidVGC|2|1328\n|gen|9\n|tier|[Gen 9 Champions] VGC 2026 Reg M-A\n|rated|\n|rule|Species Clause: Limit one of each Pok\u00e9mon\n|rule|Item Clause: Limit 1 of each item\n|clearpoke\n|poke|p1|Floette-Eternal, L50, F|\n|poke|p1|Whimsicott, L50, F|\n|poke|p1|Sinistcha, L50|\n|poke|p1|Kommo-o, L50, M|\n|poke|p1|Gyarados, L50, F|\n|poke|p1|Incineroar, L50, F|\n|poke|p2|Gardevoir, L50, M|\n|poke|p2|Kingambit, L50, F|\n|poke|p2|Ninetales-Alola, L50, M|\n|poke|p2|Arcanine-Hisui, L50, F|\n|poke|p2|Garchomp, L50, M|\n|poke|p2|Palafin, L50, F|\n|teampreview|4\n|inactive|Battle timer is ON: inactive players will automatically lose when time's up. (requested by KeckleonKidVGC)\n|inactive|KeckleonKidVGC has 60 seconds left.\n|\n|t:|1776496865\n|teamsize|p1|4\n|teamsize|p2|4\n|start\n|switch|p1a: Kommo-o|Kommo-o, L50, M|100/100\n|switch|p1b: Incineroar|Incineroar, L50, F|100/100\n|switch|p2a: Kingambit|Kingambit, L50, F|100/100\n|switch|p2b: Ninetales|Ninetales-Alola, L50, M|100/100\n|-weather|Snowscape|[from] ability: Snow Warning|[of] p2b: Ninetales\n|-ability|p1b: Incineroar|Intimidate|boost\n|-unboost|p2a: Kingambit|atk|1\n|-ability|p2a: Kingambit|Defiant|boost\n|-boost|p2a: Kingambit|atk|2\n|-unboost|p2b: Ninetales|atk|1\n|turn|1\n|inactive|blazikenrox has 30 seconds left.\n|inactive|KeckleonKidVGC has 30 seconds left.\n|inactive|KeckleonKidVGC has 20 seconds left.\n|inactive|KeckleonKidVGC has 15 seconds left.\n|inactive|KeckleonKidVGC has 10 seconds left.\n|\n|t:|1776496914\n|move|p1b: Incineroar|Fake Out|p2b: Ninetales\n|-damage|p2b: Ninetales|91/100\n|cant|p2b: Ninetales|flinch\n|move|p1a: Kommo-o|Clangorous Soul|p1a: Kommo-o\n|-boost|p1a: Kommo-o|atk|1\n|-boost|p1a: Kommo-o|def|1\n|-boost|p1a: Kommo-o|spa|1\n|-boost|p1a: Kommo-o|spd|1\n|-boost|p1a: Kommo-o|spe|1\n|-damage|p1a: Kommo-o|68/100\n|move|p2a: Kingambit|Low Kick|p1a: Kommo-o\n|-damage|p1a: Kommo-o|37/100\n|\n|-weather|Snowscape|[upkeep]\n|upkeep\n|turn|2\n|inactive|blazikenrox has 30 seconds left.\n|\n|t:|1776496943\n|switch|p1b: Sinistcha|Sinistcha, L50|100/100\n|-heal|p1a: Kommo-o|62/100|[from] ability: Hospitality|[of] p1b: Sinistcha\n|move|p2a: Kingambit|Sucker Punch|p1a: Kommo-o\n|-resisted|p1a: Kommo-o|1\n|-crit|p1a: Kommo-o\n|-damage|p1a: Kommo-o|21/100\n|move|p1a: Kommo-o|Aura Sphere|p2a: Kingambit\n|-supereffective|p2a: Kingambit|2\n|-damage|p2a: Kingambit|0 fnt\n|faint|p2a: Kingambit\n|move|p2b: Ninetales|Aurora Veil|p2b: Ninetales\n|-sidestart|p2: KeckleonKidVGC|move: Aurora Veil\n|\n|-weather|Snowscape|[upkeep]\n|upkeep\n|\n|t:|1776496958\n|switch|p2a: Gardevoir|Gardevoir, L50, M|100/100\n|-ability|p2a: Gardevoir|Hospitality|Trace|[from] ability: Trace|[of] p1b: Sinistcha\n|-heal|p2b: Ninetales|100/100|[from] ability: Hospitality|[of] p2a: Gardevoir\n|turn|3\n|\n|t:|1776496977\n|switch|p1b: Incineroar|Incineroar, L50, F|100/100\n|-ability|p1b: Incineroar|Intimidate|boost\n|-unboost|p2a: Gardevoir|atk|1\n|-unboost|p2b: Ninetales|atk|1\n|move|p1a: Kommo-o|Protect|p1a: Kommo-o\n|-singleturn|p1a: Kommo-o|Protect\n|move|p2b: Ninetales|Blizzard|p1b: Incineroar|[spread] p1b\n|-activate|p1a: Kommo-o|move: Protect\n|-resisted|p1b: Incineroar|1\n|-damage|p1b: Incineroar|87/100\n|move|p2a: Gardevoir|Calm Mind|p2a: Gardevoir\n|-boost|p2a: Gardevoir|spa|1\n|-boost|p2a: Gardevoir|spd|1\n|\n|-weather|Snowscape|[upkeep]\n|upkeep\n|turn|4\n|\n|t:|1776497001\n|detailschange|p2a: Gardevoir|Gardevoir-Mega, L50, M\n|-mega|p2a: Gardevoir|Gardevoir|Gardevoirite\n|move|p1b: Incineroar|Fake Out|p2a: Gardevoir\n|-damage|p2a: Gardevoir|91/100\n|move|p1a: Kommo-o|Aura Sphere|p2b: Ninetales\n|-damage|p2b: Ninetales|59/100\n|move|p2b: Ninetales|Blizzard|p1a: Kommo-o|[spread] p1a,p1b\n|-supereffective|p1a: Kommo-o|1\n|-resisted|p1b: Incineroar|1\n|-damage|p1a: Kommo-o|0 fnt\n|-damage|p1b: Incineroar|74/100\n|faint|p1a: Kommo-o\n|cant|p2a: Gardevoir|flinch\n|\n|-weather|Snowscape|[upkeep]\n|upkeep\n|\n|t:|1776497009\n|switch|p1a: Gyarados|Gyarados, L50, F|100/100\n|-ability|p1a: Gyarados|Intimidate|boost\n|-unboost|p2a: Gardevoir|atk|1\n|-unboost|p2b: Ninetales|atk|1\n|turn|5\n|\n|t:|1776497019\n|move|p2b: Ninetales|Helping Hand|p2a: Gardevoir\n|-singleturn|p2a: Gardevoir|Helping Hand|[of] p2b: Ninetales\n|move|p1a: Gyarados|Protect|p1a: Gyarados\n|-singleturn|p1a: Gyarados|Protect\n|move|p2a: Gardevoir|Hyper Voice|p1a: Gyarados|[spread] p1b\n|-activate|p1a: Gyarados|move: Protect\n|-damage|p1b: Incineroar|0 fnt\n|faint|p1b: Incineroar\n|\n|-weather|none\n|upkeep\n|-message|blazikenrox forfeited.\n|\n|win|KeckleonKidVGC\n|raw|blazikenrox's rating: 1225 &rarr; <strong>1207</strong><br />(-18 for losing)\n|raw|KeckleonKidVGC's rating: 1328 &rarr; <strong>1342</strong><br />(+14 for winning)\n|l|\u2606blazikenrox\n|player|p1|\n",
  "uploadtime": 1776497048,
  "views": 47,
  "formatid": "gen9championsvgc2026regma",
  "rating": 1207,
  "private": 0,
  "password": null
}