{
  "id": "gen9championsvgc2026regma-2584469561",
  "format": "[Gen 9 Champions] VGC 2026 Reg M-A",
  "players": [
    "strami",
    "siunhanech"
  ],
  "log": "|j|\u2606strami\n|j|\u2606siunhanech\n|t:|1776262986\n|gametype|doubles\n|player|p1|strami|hoopster|1338\n|player|p2|siunhanech|266|1357\n|gen|9\n|tier|[Gen 9 Champions] VGC 2026 Reg M-A\n|rated|\n|rule|Species Clause: Limit one of each Pok\u00e9mon\n|rule|Item Clause: Limit 1 of each item\n|clearpoke\n|poke|p1|Garchomp, L50, M|\n|poke|p1|Orthworm, L50, F|\n|poke|p1|Delphox, L50, M|\n|poke|p1|Rotom-Wash, L50|\n|poke|p1|Incineroar, L50, M|\n|poke|p1|Basculegion, L50, M|\n|poke|p2|Kangaskhan, L50, F|\n|poke|p2|Archaludon, L50, F|\n|poke|p2|Aerodactyl, L50, F|\n|poke|p2|Meganium, L50, F|\n|poke|p2|Tauros-Paldea-Aqua, L50, M|\n|poke|p2|Typhlosion-Hisui, L50, F|\n|teampreview|4\n|inactive|Battle timer is ON: inactive players will automatically lose when time's up. (requested by strami)\n|inactive|strami has 60 seconds left.\n|inactive|siunhanech has 60 seconds left.\n|inactive|siunhanech has 30 seconds left.\n|\n|t:|1776263052\n|teamsize|p1|4\n|teamsize|p2|4\n|start\n|switch|p1a: Incineroar|Incineroar, L50, M|100/100\n|switch|p1b: Rotom|Rotom-Wash, L50|100/100\n|switch|p2a: M\u1eb9 tr\u00f2n con b\u00e9o|Kangaskhan, L50, F|100/100\n|switch|p2b: B\u1eafn tung t\u00f3e|Typhlosion-Hisui, L50, F|100/100\n|-item|p1a: Incineroar|Chople Berry|[from] ability: Frisk|[of] p2b: B\u1eafn tung t\u00f3e\n|-item|p1b: Rotom|Leftovers|[from] ability: Frisk|[of] p2b: B\u1eafn tung t\u00f3e\n|-ability|p1a: Incineroar|Intimidate|boost\n|-fail|p2a: M\u1eb9 tr\u00f2n con b\u00e9o|unboost|Attack|[from] ability: Inner Focus|[of] p2a: M\u1eb9 tr\u00f2n con b\u00e9o\n|-unboost|p2b: B\u1eafn tung t\u00f3e|atk|1\n|turn|1\n|\n|t:|1776263070\n|switch|p2b: C\u1ea7u V\u0129nh Tuy|Archaludon, L50, F|100/100\n|detailschange|p2a: M\u1eb9 tr\u00f2n con b\u00e9o|Kangaskhan-Mega, L50, F\n|-mega|p2a: M\u1eb9 tr\u00f2n con b\u00e9o|Kangaskhan|Kangaskhanite\n|move|p2a: M\u1eb9 tr\u00f2n con b\u00e9o|Fake Out|p1a: Incineroar\n|-damage|p1a: Incineroar|81/100\n|-damage|p1a: Incineroar|77/100\n|-hitcount|p1a: Incineroar|2\n|cant|p1a: Incineroar|flinch\n|move|p1b: Rotom|Electroweb|p2a: M\u1eb9 tr\u00f2n con b\u00e9o|[spread] p2a,p2b\n|-resisted|p2b: C\u1ea7u V\u0129nh Tuy|1\n|-damage|p2a: M\u1eb9 tr\u00f2n con b\u00e9o|87/100\n|-damage|p2b: C\u1ea7u V\u0129nh Tuy|89/100\n|-unboost|p2a: M\u1eb9 tr\u00f2n con b\u00e9o|spe|1\n|-unboost|p2b: C\u1ea7u V\u0129nh Tuy|spe|1\n|\n|-heal|p2b: C\u1ea7u V\u0129nh Tuy|95/100|[from] item: Leftovers\n|upkeep\n|turn|2\n|inactive|strami has 30 seconds left.\n|inactive|siunhanech has 30 seconds left.\n|\n|t:|1776263100\n|move|p1b: Rotom|Protect|p1b: Rotom\n|-singleturn|p1b: Rotom|Protect\n|move|p2b: C\u1ea7u V\u0129nh Tuy|Thunderbolt|p1b: Rotom\n|-activate|p1b: Rotom|move: Protect\n|move|p2a: M\u1eb9 tr\u00f2n con b\u00e9o|Double-Edge|p1b: Rotom\n|-activate|p1b: Rotom|move: Protect\n|move|p1a: Incineroar|Parting Shot|p2b: C\u1ea7u V\u0129nh Tuy\n|-unboost|p2b: C\u1ea7u V\u0129nh Tuy|atk|1\n|-unboost|p2b: C\u1ea7u V\u0129nh Tuy|spa|1\n|\n|t:|1776263110\n|switch|p1a: Orthworm|Orthworm, L50, F|100/100|[from] Parting Shot\n|\n|-heal|p2b: C\u1ea7u V\u0129nh Tuy|100/100|[from] item: Leftovers\n|upkeep\n|turn|3\n|\n|t:|1776263120\n|switch|p1b: Incineroar|Incineroar, L50, M|77/100\n|-ability|p1b: Incineroar|Intimidate|boost\n|-unboost|p2a: M\u1eb9 tr\u00f2n con b\u00e9o|atk|1\n|-unboost|p2b: C\u1ea7u V\u0129nh Tuy|atk|1\n|move|p2b: C\u1ea7u V\u0129nh Tuy|Thunderbolt|p1a: Orthworm\n|-damage|p1a: Orthworm|67/100\n|move|p1a: Orthworm|Iron Defense|p1a: Orthworm\n|-boost|p1a: Orthworm|def|2\n|move|p2a: M\u1eb9 tr\u00f2n con b\u00e9o|Double-Edge|p1a: Orthworm\n|-resisted|p1a: Orthworm|1\n|-crit|p1a: Orthworm\n|-damage|p1a: Orthworm|34/100\n|-enditem|p1a: Orthworm|Sitrus Berry|[eat]\n|-heal|p1a: Orthworm|59/100|[from] item: Sitrus Berry\n|-resisted|p1a: Orthworm|1\n|-damage|p1a: Orthworm|58/100\n|-hitcount|p1a: Orthworm|2\n|-damage|p2a: M\u1eb9 tr\u00f2n con b\u00e9o|78/100|[from] Recoil\n|\n|upkeep\n|turn|4\n|inactive|strami has 30 seconds left.\n|inactive|strami has 20 seconds left.\n|\n|t:|1776263155\n|switch|p2a: B\u1eafn tung t\u00f3e|Typhlosion-Hisui, L50, F|100/100\n|-item|p1b: Incineroar|Chople Berry|[from] ability: Frisk|[of] p2a: B\u1eafn tung t\u00f3e\n|move|p2b: C\u1ea7u V\u0129nh Tuy|Thunderbolt|p1a: Orthworm\n|-damage|p1a: Orthworm|25/100\n|move|p1a: Orthworm|Body Press|p2b: C\u1ea7u V\u0129nh Tuy\n|-supereffective|p2b: C\u1ea7u V\u0129nh Tuy|1\n|-ability|p2b: C\u1ea7u V\u0129nh Tuy|Sturdy\n|-damage|p2b: C\u1ea7u V\u0129nh Tuy|1/100\n|move|p1b: Incineroar|Parting Shot|p2a: B\u1eafn tung t\u00f3e\n|-unboost|p2a: B\u1eafn tung t\u00f3e|atk|1\n|-unboost|p2a: B\u1eafn tung t\u00f3e|spa|1\n|\n|t:|1776263174\n|switch|p1b: Garchomp|Garchomp, L50, M|100/100|[from] Parting Shot\n|\n|-heal|p2b: C\u1ea7u V\u0129nh Tuy|7/100|[from] item: Leftovers\n|upkeep\n|turn|5\n|\n|t:|1776263196\n|switch|p2b: Tr\u00f4n l\u1ea7u|Tauros-Paldea-Aqua, L50, M|100/100\n|-ability|p2b: Tr\u00f4n l\u1ea7u|Intimidate|boost\n|-unboost|p1a: Orthworm|atk|1\n|-unboost|p1b: Garchomp|atk|1\n|switch|p1a: Rotom|Rotom-Wash, L50|100/100\n|move|p2a: B\u1eafn tung t\u00f3e|Eruption|p1a: Rotom|[spread] p1a,p1b\n|-resisted|p1a: Rotom|1\n|-resisted|p1b: Garchomp|1\n|-damage|p1a: Rotom|83/100\n|-damage|p1b: Garchomp|84/100\n|move|p1b: Garchomp|Earthquake|p2b: Tr\u00f4n l\u1ea7u|[spread] p2a,p2b\n|-immune|p1a: Rotom|[from] ability: Levitate\n|-supereffective|p2a: B\u1eafn tung t\u00f3e|1\n|-damage|p2a: B\u1eafn tung t\u00f3e|24/100\n|-damage|p2b: Tr\u00f4n l\u1ea7u|71/100\n|\n|-heal|p1a: Rotom|89/100|[from] item: Leftovers\n|upkeep\n|turn|6\n|\n|t:|1776263219\n|switch|p2a: C\u1ea7u V\u0129nh Tuy|Archaludon, L50, F|7/100\n|move|p1b: Garchomp|Earthquake|p2a: C\u1ea7u V\u0129nh Tuy|[spread] p2a,p2b\n|-immune|p1a: Rotom|[from] ability: Levitate\n|-supereffective|p2a: C\u1ea7u V\u0129nh Tuy|1\n|-crit|p2a: C\u1ea7u V\u0129nh Tuy\n|-crit|p2b: Tr\u00f4n l\u1ea7u\n|-damage|p2a: C\u1ea7u V\u0129nh Tuy|0 fnt\n|-damage|p2b: Tr\u00f4n l\u1ea7u|0 fnt\n|faint|p2a: C\u1ea7u V\u0129nh Tuy\n|faint|p2b: Tr\u00f4n l\u1ea7u\n|move|p1a: Rotom|Electroweb|p2: C\u1ea7u V\u0129nh Tuy|[notarget]\n|-fail|p1a: Rotom\n|\n|-heal|p1a: Rotom|95/100|[from] item: Leftovers\n|upkeep\n|\n|t:|1776263224\n|switch|p2b: M\u1eb9 tr\u00f2n con b\u00e9o|Kangaskhan-Mega, L50, F|78/100\n|switch|p2a: B\u1eafn tung t\u00f3e|Typhlosion-Hisui, L50, F|24/100\n|-item|p1a: Rotom|Leftovers|[from] ability: Frisk|[of] p2a: B\u1eafn tung t\u00f3e\n|-item|p1b: Garchomp|Focus Sash|[from] ability: Frisk|[of] p2a: B\u1eafn tung t\u00f3e\n|turn|7\n|\n|t:|1776263238\n|move|p1b: Garchomp|Protect|p1b: Garchomp\n|-singleturn|p1b: Garchomp|Protect\n|move|p1a: Rotom|Protect|p1a: Rotom\n|-singleturn|p1a: Rotom|Protect\n|move|p2b: M\u1eb9 tr\u00f2n con b\u00e9o|Fake Out|p1b: Garchomp\n|-activate|p1b: Garchomp|move: Protect\n|move|p2a: B\u1eafn tung t\u00f3e|Shadow Ball|p1b: Garchomp\n|-activate|p1b: Garchomp|move: Protect\n|\n|-heal|p1a: Rotom|100/100|[from] item: Leftovers\n|upkeep\n|turn|8\n|\n|t:|1776263259\n|switch|p1b: Incineroar|Incineroar, L50, M|77/100\n|-ability|p1b: Incineroar|Intimidate|boost\n|-unboost|p2a: B\u1eafn tung t\u00f3e|atk|1\n|-unboost|p2b: M\u1eb9 tr\u00f2n con b\u00e9o|atk|1\n|move|p2a: B\u1eafn tung t\u00f3e|Shadow Ball|p1a: Rotom\n|-damage|p1a: Rotom|58/100\n|move|p1a: Rotom|Electroweb|p2b: M\u1eb9 tr\u00f2n con b\u00e9o|[spread] p2a,p2b\n|-damage|p2a: B\u1eafn tung t\u00f3e|4/100\n|-damage|p2b: M\u1eb9 tr\u00f2n con b\u00e9o|65/100\n|-unboost|p2a: B\u1eafn tung t\u00f3e|spe|1\n|-unboost|p2b: M\u1eb9 tr\u00f2n con b\u00e9o|spe|1\n|move|p2b: M\u1eb9 tr\u00f2n con b\u00e9o|Double-Edge|p1a: Rotom\n|-damage|p1a: Rotom|15/100\n|-damage|p1a: Rotom|5/100\n|-hitcount|p1a: Rotom|2\n|-damage|p2b: M\u1eb9 tr\u00f2n con b\u00e9o|51/100|[from] Recoil\n|\n|-heal|p1a: Rotom|11/100|[from] item: Leftovers\n|upkeep\n|turn|9\n|inactive|strami has 30 seconds left.\n|\n|t:|1776263285\n|move|p2b: M\u1eb9 tr\u00f2n con b\u00e9o|Protect|p2b: M\u1eb9 tr\u00f2n con b\u00e9o\n|-singleturn|p2b: M\u1eb9 tr\u00f2n con b\u00e9o|Protect\n|move|p1b: Incineroar|Fake Out|p2b: M\u1eb9 tr\u00f2n con b\u00e9o\n|-activate|p2b: M\u1eb9 tr\u00f2n con b\u00e9o|move: Protect\n|move|p2a: B\u1eafn tung t\u00f3e|Shadow Ball|p1a: Rotom\n|-damage|p1a: Rotom|0 fnt\n|faint|p1a: Rotom\n|\n|upkeep\n|\n|t:|1776263294\n|switch|p1a: Garchomp|Garchomp, L50, M|84/100\n|turn|10\n|\n|t:|1776263316\n|switch|p1b: Orthworm|Orthworm, L50, F|25/100\n|move|p2b: M\u1eb9 tr\u00f2n con b\u00e9o|Sucker Punch|p1a: Garchomp\n|-damage|p1a: Garchomp|66/100\n|-damage|p2b: M\u1eb9 tr\u00f2n con b\u00e9o|39/100|[from] ability: Rough Skin|[of] p1a: Garchomp\n|-damage|p1a: Garchomp|62/100\n|-damage|p2b: M\u1eb9 tr\u00f2n con b\u00e9o|26/100|[from] ability: Rough Skin|[of] p1a: Garchomp\n|-hitcount|p1a: Garchomp|2\n|move|p1a: Garchomp|Earthquake|p2b: M\u1eb9 tr\u00f2n con b\u00e9o|[spread] p2a,p2b\n|-heal|p1b: Orthworm|50/100|[from] ability: Earth Eater|[of] p1a: Garchomp\n|-supereffective|p2a: B\u1eafn tung t\u00f3e|1\n|-damage|p2a: B\u1eafn tung t\u00f3e|0 fnt\n|-damage|p2b: M\u1eb9 tr\u00f2n con b\u00e9o|0 fnt\n|faint|p2a: B\u1eafn tung t\u00f3e\n|faint|p2b: M\u1eb9 tr\u00f2n con b\u00e9o\n|\n|win|strami\n|raw|strami's rating: 1338 &rarr; <strong>1359</strong><br />(+21 for winning)\n|raw|siunhanech's rating: 1357 &rarr; <strong>1336</strong><br />(-21 for losing)\n|l|\u2606siunhanech\n|player|p2|\n",
  "uploadtime": 1776263336,
  "views": 67,
  "formatid": "gen9championsvgc2026regma",
  "rating": 1336,
  "private": 0,
  "password": null
}