{
  "id": "gen9championsvgc2026regma-2588251539",
  "format": "[Gen 9 Champions] VGC 2026 Reg M-A",
  "players": [
    "BeckyTheLesb",
    "Sunshinne"
  ],
  "log": "|j|\u2606BeckyTheLesb\n|j|\u2606Sunshinne\n|t:|1776618170\n|gametype|doubles\n|player|p1|BeckyTheLesb|265|1196\n|player|p2|Sunshinne|darach-caitlin|1247\n|gen|9\n|tier|[Gen 9 Champions] VGC 2026 Reg M-A\n|rated|\n|rule|Species Clause: Limit one of each Pok\u00e9mon\n|rule|Item Clause: Limit 1 of each item\n|clearpoke\n|poke|p1|Aerodactyl, L50, F|\n|poke|p1|Froslass, L50, F|\n|poke|p1|Orthworm, L50, M, shiny|\n|poke|p1|Milotic, L50, F|\n|poke|p1|Beedrill, L50, M|\n|poke|p1|Sinistcha, L50|\n|poke|p2|Aggron, L50, M|\n|poke|p2|Tyranitar, L50, F|\n|poke|p2|Kingambit, L50, F|\n|poke|p2|Milotic, L50, F|\n|poke|p2|Sinistcha, L50|\n|poke|p2|Sneasler, L50, M|\n|teampreview|4\n|inactive|Battle timer is ON: inactive players will automatically lose when time's up. (requested by Sunshinne)\n|j| remy cult24\n|l| remy cult24\n|\n|t:|1776618199\n|teamsize|p1|4\n|teamsize|p2|4\n|start\n|switch|p1a: Aerodactyl|Aerodactyl, L50, F|100/100\n|switch|p1b: Orthworm|Orthworm, L50, M, shiny|100/100\n|switch|p2a: Tyranitar|Tyranitar, L50, F|100/100\n|switch|p2b: Aggron|Aggron, L50, M|100/100\n|-ability|p1a: Aerodactyl|Unnerve\n|-weather|Sandstorm|[from] ability: Sand Stream|[of] p2a: Tyranitar\n|turn|1\n|c|\u2606BeckyTheLesb|good luck bbg ily\n|inactive|BeckyTheLesb has 30 seconds left.\n|\n|t:|1776618233\n|detailschange|p2b: Aggron|Aggron-Mega, L50, M\n|-mega|p2b: Aggron|Aggron|Aggronite\n|move|p1a: Aerodactyl|Tailwind|p1a: Aerodactyl\n|-sidestart|p1: BeckyTheLesb|move: Tailwind\n|move|p1b: Orthworm|Body Press|p2a: Tyranitar\n|-supereffective|p2a: Tyranitar|2\n|-damage|p2a: Tyranitar|0 fnt\n|faint|p2a: Tyranitar\n|move|p2b: Aggron|Iron Defense|p2b: Aggron\n|-boost|p2b: Aggron|def|2\n|\n|-weather|Sandstorm|[upkeep]\n|upkeep\n|\n|t:|1776618239\n|switch|p2a: Sinistcha|Sinistcha, L50|100/100\n|turn|2\n|\n|t:|1776618249\n|move|p2a: Sinistcha|Rage Powder|p2a: Sinistcha\n|-singleturn|p2a: Sinistcha|move: Rage Powder\n|move|p1a: Aerodactyl|Dual Wingbeat|p2a: Sinistcha\n|-supereffective|p2a: Sinistcha|1\n|-damage|p2a: Sinistcha|74/100\n|-supereffective|p2a: Sinistcha|1\n|-damage|p2a: Sinistcha|49/100\n|-hitcount|p2a: Sinistcha|2\n|move|p1b: Orthworm|Body Press|p2a: Sinistcha\n|-immune|p2a: Sinistcha\n|move|p2b: Aggron|Heavy Slam|p1a: Aerodactyl\n|-supereffective|p1a: Aerodactyl|1\n|-enditem|p1a: Aerodactyl|Focus Sash\n|-damage|p1a: Aerodactyl|1/100\n|\n|-weather|Sandstorm|[upkeep]\n|-damage|p2a: Sinistcha|43/100|[from] Sandstorm\n|upkeep\n|turn|3\n|c|\u2606BeckyTheLesb|wow\n|c|\u2606BeckyTheLesb|what a big ass sinistcha\n|\n|t:|1776618270\n|move|p1a: Aerodactyl|Dual Wingbeat|p2a: Sinistcha\n|-supereffective|p2a: Sinistcha|1\n|-damage|p2a: Sinistcha|18/100\n|-supereffective|p2a: Sinistcha|1\n|-damage|p2a: Sinistcha|0 fnt\n|faint|p2a: Sinistcha\n|-hitcount|p2: Sinistcha|2\n|move|p1b: Orthworm|Body Press|p2b: Aggron\n|-supereffective|p2b: Aggron|1\n|-damage|p2b: Aggron|90/100\n|move|p2b: Aggron|Body Press|p1b: Orthworm\n|-supereffective|p1b: Orthworm|1\n|-damage|p1b: Orthworm|0 fnt\n|faint|p1b: Orthworm\n|\n|-weather|Sandstorm|[upkeep]\n|upkeep\n|\n|t:|1776618291\n|switch|p2a: Kingambit|Kingambit, L50, F|100/100\n|switch|p1b: Milotic|Milotic, L50, F|100/100\n|turn|4\n|\n|t:|1776618306\n|move|p1a: Aerodactyl|Protect|p1a: Aerodactyl\n|-singleturn|p1a: Aerodactyl|Protect\n|move|p2a: Kingambit|Sucker Punch||[still]\n|-fail|p2a: Kingambit\n|move|p1b: Milotic|Scald|p2b: Aggron\n|-damage|p2b: Aggron|65/100\n|-status|p2b: Aggron|brn\n|move|p2b: Aggron|Body Press|p1b: Milotic\n|-damage|p1b: Milotic|63/100\n|\n|-weather|Sandstorm|[upkeep]\n|-damage|p1b: Milotic|58/100|[from] Sandstorm\n|-heal|p1b: Milotic|63/100|[from] item: Leftovers\n|-damage|p2b: Aggron|59/100 brn|[from] brn\n|-sideend|p1: BeckyTheLesb|move: Tailwind\n|upkeep\n|turn|5\n|\n|t:|1776618329\n|move|p1a: Aerodactyl|Tailwind|p1a: Aerodactyl\n|-sidestart|p1: BeckyTheLesb|move: Tailwind\n|move|p1b: Milotic|Scald|p2a: Kingambit\n|-damage|p2a: Kingambit|70/100\n|move|p2b: Aggron|Body Press|p1b: Milotic\n|-damage|p1b: Milotic|29/100\n|move|p2a: Kingambit|Kowtow Cleave|p1b: Milotic\n|-damage|p1b: Milotic|0 fnt\n|faint|p1b: Milotic\n|\n|-weather|none\n|-damage|p2b: Aggron|53/100 brn|[from] brn\n|upkeep\n|\n|t:|1776618341\n|switch|p1b: Froslass|Froslass, L50, F|100/100\n|turn|6\n|\n|t:|1776618359\n|detailschange|p1b: Froslass|Froslass-Mega, L50, F\n|-mega|p1b: Froslass|Froslass|Froslassite\n|-weather|Snowscape|[from] ability: Snow Warning|[of] p1b: Froslass\n|move|p2a: Kingambit|Sucker Punch||[still]\n|-fail|p2a: Kingambit\n|move|p1a: Aerodactyl|Rock Slide|p2a: Kingambit|[spread] p2a,p2b\n|-resisted|p2a: Kingambit|1\n|-resisted|p2b: Aggron|1\n|-crit|p2b: Aggron\n|-damage|p2a: Kingambit|61/100\n|-damage|p2b: Aggron|45/100 brn\n|move|p1b: Froslass|Aurora Veil|p1b: Froslass\n|-sidestart|p1: BeckyTheLesb|move: Aurora Veil\n|move|p2b: Aggron|Heavy Slam|p1a: Aerodactyl\n|-supereffective|p1a: Aerodactyl|1\n|-damage|p1a: Aerodactyl|0 fnt\n|faint|p1a: Aerodactyl\n|\n|-weather|Snowscape|[upkeep]\n|-damage|p2b: Aggron|38/100 brn|[from] brn\n|upkeep\n|turn|7\n|inactive|BeckyTheLesb has 30 seconds left.\n|\n|t:|1776618386\n|move|p1b: Froslass|Protect|p1b: Froslass\n|-singleturn|p1b: Froslass|Protect\n|move|p2b: Aggron|Protect|p2b: Aggron\n|-singleturn|p2b: Aggron|Protect\n|move|p2a: Kingambit|Kowtow Cleave|p1b: Froslass\n|-activate|p1b: Froslass|move: Protect\n|\n|-weather|Snowscape|[upkeep]\n|-damage|p2b: Aggron|32/100 brn|[from] brn\n|upkeep\n|turn|8\n|\n|t:|1776618398\n|move|p1b: Froslass|Blizzard|p2a: Kingambit|[spread] p2a,p2b\n|-resisted|p2a: Kingambit|1\n|-resisted|p2b: Aggron|1\n|-damage|p2a: Kingambit|37/100\n|-damage|p2b: Aggron|13/100 brn\n|move|p2a: Kingambit|Kowtow Cleave|p1b: Froslass\n|-supereffective|p1b: Froslass|1\n|-damage|p1b: Froslass|30/100\n|move|p2b: Aggron|Heavy Slam|p1b: Froslass\n|-supereffective|p1b: Froslass|1\n|-damage|p1b: Froslass|0 fnt\n|faint|p1b: Froslass\n|\n|win|Sunshinne\n|raw|BeckyTheLesb's rating: 1196 &rarr; <strong>1175</strong><br />(-21 for losing)\n|raw|Sunshinne's rating: 1247 &rarr; <strong>1268</strong><br />(+21 for winning)\n",
  "uploadtime": 1776618405,
  "views": 22,
  "formatid": "gen9championsvgc2026regma",
  "rating": 1175,
  "private": 0,
  "password": null
}