{
  "id": "gen9championsvgc2026regma-2587061184",
  "format": "[Gen 9 Champions] VGC 2026 Reg M-A",
  "players": [
    "Perhaps Perish?",
    "Warehouse User"
  ],
  "log": "|j|\u2606Perhaps Perish?\n|j|\u2606Warehouse User\n|t:|1776488227\n|gametype|doubles\n|player|p1|Perhaps Perish?|cueball-gen1|1056\n|player|p2|Warehouse User|102|1010\n|gen|9\n|tier|[Gen 9 Champions] VGC 2026 Reg M-A\n|rated|\n|rule|Species Clause: Limit one of each Pok\u00e9mon\n|rule|Item Clause: Limit 1 of each item\n|clearpoke\n|poke|p1|Sneasler, L50, M, shiny|\n|poke|p1|Sableye, L50, M, shiny|\n|poke|p1|Aggron, L50, F, shiny|\n|poke|p1|Sinistcha, L50, shiny|\n|poke|p1|Incineroar, L50, F, shiny|\n|poke|p1|Floette-Eternal, L50, F|\n|poke|p2|Aegislash, L50, F|\n|poke|p2|Maushold-Four, L50|\n|poke|p2|Azumarill, L50, M|\n|poke|p2|Whimsicott, L50, M|\n|poke|p2|Beedrill, L50, F|\n|poke|p2|Castform, L50, F|\n|teampreview|4\n|\n|t:|1776488257\n|teamsize|p1|4\n|teamsize|p2|4\n|start\n|switch|p1a: Aggron|Aggron, L50, F, shiny|100/100\n|switch|p1b: Incineroar|Incineroar, L50, F, shiny|100/100\n|switch|p2a: Aegislash|Aegislash, L50, F|100/100\n|switch|p2b: Maushold|Maushold-Four, L50|100/100\n|-ability|p1b: Incineroar|Intimidate|boost\n|-unboost|p2a: Aegislash|atk|1\n|-unboost|p2b: Maushold|atk|1\n|turn|1\n|\n|t:|1776488271\n|detailschange|p1a: Aggron|Aggron-Mega, L50, F, shiny\n|-mega|p1a: Aggron|Aggron|Aggronite\n|move|p2b: Maushold|Protect|p2b: Maushold\n|-singleturn|p2b: Maushold|Protect\n|move|p1b: Incineroar|Flare Blitz|p2a: Aegislash\n|-supereffective|p2a: Aegislash|1\n|-damage|p2a: Aegislash|43/100\n|-damage|p1b: Incineroar|85/100|[from] Recoil\n|move|p2a: Aegislash|Swords Dance|p2a: Aegislash\n|-boost|p2a: Aegislash|atk|2\n|move|p1a: Aggron|Iron Defense|p1a: Aggron\n|-boost|p1a: Aggron|def|2\n|\n|upkeep\n|turn|2\n|\n|t:|1776488295\n|switch|p1b: Sinistcha|Sinistcha, L50, shiny|100/100\n|move|p2b: Maushold|Follow Me|p2b: Maushold\n|-singleturn|p2b: Maushold|move: Follow Me\n|move|p2a: Aegislash|Swords Dance|p2a: Aegislash\n|-boost|p2a: Aegislash|atk|2\n|move|p1a: Aggron|Body Press|p2b: Maushold\n|-supereffective|p2b: Maushold|1\n|-enditem|p2b: Maushold|Chople Berry|[eat]\n|-enditem|p2b: Maushold|Chople Berry|[weaken]\n|-damage|p2b: Maushold|0 fnt\n|faint|p2b: Maushold\n|\n|upkeep\n|\n|t:|1776488310\n|switch|p2b: Whimsicott|Whimsicott, L50, M|100/100\n|turn|3\n|\n|t:|1776488319\n|move|p2b: Whimsicott|Tailwind|p2b: Whimsicott\n|-sidestart|p2: Warehouse User|move: Tailwind\n|-formechange|p2a: Aegislash|Aegislash-Blade|\n|move|p2a: Aegislash|Shadow Sneak|p1b: Sinistcha\n|-supereffective|p1b: Sinistcha|1\n|-enditem|p1b: Sinistcha|Focus Sash\n|-damage|p1b: Sinistcha|1/100\n|move|p1b: Sinistcha|Strength Sap|p2a: Aegislash\n|-unboost|p2a: Aegislash|atk|1\n|-heal|p1b: Sinistcha|100/100\n|move|p1a: Aggron|Heavy Slam|p2b: Whimsicott\n|-supereffective|p2b: Whimsicott|1\n|-enditem|p2b: Whimsicott|Focus Sash\n|-damage|p2b: Whimsicott|1/100\n|\n|upkeep\n|turn|4\n|\n|t:|1776488349\n|switch|p1b: Incineroar|Incineroar, L50, F, shiny|85/100\n|-ability|p1b: Incineroar|Intimidate|boost\n|-unboost|p2a: Aegislash|atk|1\n|-unboost|p2b: Whimsicott|atk|1\n|move|p2b: Whimsicott|Moonblast|p1b: Incineroar\n|-crit|p1b: Incineroar\n|-damage|p1b: Incineroar|34/100\n|move|p2a: Aegislash|Sacred Sword|p1a: Aggron\n|-supereffective|p1a: Aggron|1\n|-damage|p1a: Aggron|64/100\n|move|p1a: Aggron|Heavy Slam|p2b: Whimsicott\n|-supereffective|p2b: Whimsicott|1\n|-damage|p2b: Whimsicott|0 fnt\n|faint|p2b: Whimsicott\n|\n|upkeep\n|\n|t:|1776488365\n|switch|p2b: Azumarill|Azumarill, L50, M|100/100\n|turn|5\n|\n|t:|1776488376\n|switch|p1b: Sinistcha|Sinistcha, L50, shiny|100/100\n|-heal|p1a: Aggron|89/100|[from] ability: Hospitality|[of] p1b: Sinistcha\n|move|p2a: Aegislash|Shadow Sneak|p1b: Sinistcha\n|-supereffective|p1b: Sinistcha|1\n|-damage|p1b: Sinistcha|29/100\n|move|p2b: Azumarill|Aqua Jet|p1b: Sinistcha\n|-resisted|p1b: Sinistcha|1\n|-damage|p1b: Sinistcha|17/100\n|move|p1a: Aggron|Heavy Slam|p2b: Azumarill\n|-damage|p2b: Azumarill|47/100\n|-enditem|p2b: Azumarill|Sitrus Berry|[eat]\n|-heal|p2b: Azumarill|72/100|[from] item: Sitrus Berry\n|\n|upkeep\n|turn|6\n|\n|t:|1776488405\n|switch|p1b: Sableye|Sableye, L50, M, shiny|100/100\n|move|p2a: Aegislash|Swords Dance|p2a: Aegislash\n|-boost|p2a: Aegislash|atk|2\n|move|p2b: Azumarill|Belly Drum|p2b: Azumarill\n|-damage|p2b: Azumarill|22/100\n|-setboost|p2b: Azumarill|atk|6|[from] move: Belly Drum\n|move|p1a: Aggron|Iron Defense|p1a: Aggron\n|-boost|p1a: Aggron|def|2\n|\n|-sideend|p2: Warehouse User|move: Tailwind\n|upkeep\n|turn|7\n|\n|t:|1776488424\n|move|p2b: Azumarill|Aqua Jet|p1b: Sableye\n|-damage|p1b: Sableye|0 fnt\n|faint|p1b: Sableye\n|move|p2a: Aegislash|Sacred Sword|p1a: Aggron\n|-supereffective|p1a: Aggron|1\n|-damage|p1a: Aggron|25/100\n|move|p1a: Aggron|Heavy Slam|p2b: Azumarill\n|-damage|p2b: Azumarill|0 fnt\n|faint|p2b: Azumarill\n|\n|upkeep\n|\n|t:|1776488431\n|switch|p1b: Incineroar|Incineroar, L50, F, shiny|34/100\n|-ability|p1b: Incineroar|Intimidate|boost\n|-unboost|p2a: Aegislash|atk|1\n|turn|8\n|\n|t:|1776488455\n|switch|p1b: Sinistcha|Sinistcha, L50, shiny|17/100\n|-heal|p1a: Aggron|50/100|[from] ability: Hospitality|[of] p1b: Sinistcha\n|move|p2a: Aegislash|Shadow Sneak|p1a: Aggron\n|-damage|p1a: Aggron|41/100\n|move|p1a: Aggron|Heavy Slam|p2a: Aegislash\n|-resisted|p2a: Aegislash|1\n|-damage|p2a: Aegislash|0 fnt\n|faint|p2a: Aegislash\n|\n|win|Perhaps Perish?\n|raw|Perhaps Perish?'s rating: 1056 &rarr; <strong>1083</strong><br />(+27 for winning)\n|raw|Warehouse User's rating: 1010 &rarr; <strong>1000</strong><br />(-10 for losing)\n",
  "uploadtime": 1776488466,
  "views": 13,
  "formatid": "gen9championsvgc2026regma",
  "rating": 1000,
  "private": 0,
  "password": null
}