{
  "id": "gen9championsvgc2026regma-2586785803",
  "format": "[Gen 9 Champions] VGC 2026 Reg M-A",
  "players": [
    "adityanair212",
    "superzcursed"
  ],
  "log": "|j|\u2606adityanair212\n|j|\u2606superzcursed\n|t:|1776459758\n|gametype|doubles\n|player|p1|adityanair212|ghetsis-gen5bw|1108\n|player|p2|superzcursed|266|1197\n|gen|9\n|tier|[Gen 9 Champions] VGC 2026 Reg M-A\n|rated|\n|rule|Species Clause: Limit one of each Pok\u00e9mon\n|rule|Item Clause: Limit 1 of each item\n|clearpoke\n|poke|p1|Froslass, L50, F|\n|poke|p1|Garchomp, L50, F|\n|poke|p1|Rotom-Frost, L50|\n|poke|p1|Empoleon, L50, F|\n|poke|p1|Incineroar, L50, F|\n|poke|p1|Kingambit, L50, F|\n|poke|p2|Tyranitar, L50, F|\n|poke|p2|Sneasler, L50, M|\n|poke|p2|Lucario, L50, M|\n|poke|p2|Dragapult, L50, F|\n|poke|p2|Sinistcha, L50|\n|poke|p2|Incineroar, L50, F|\n|teampreview|4\n|inactive|Battle timer is ON: inactive players will automatically lose when time's up. (requested by adityanair212)\n|\n|t:|1776459786\n|teamsize|p1|4\n|teamsize|p2|4\n|start\n|switch|p1a: Kingambit|Kingambit, L50, F|100/100\n|switch|p1b: Froslass|Froslass, L50, F|100/100\n|switch|p2a: Dragapult|Dragapult, L50, F|100/100\n|switch|p2b: Sneasler|Sneasler, L50, M|100/100\n|turn|1\n|inactive|superzcursed has 30 seconds left.\n|inactive|superzcursed has 20 seconds left.\n|\n|t:|1776459824\n|switch|p2a: Tyranitar|Tyranitar, L50, F|100/100\n|-weather|Sandstorm|[from] ability: Sand Stream|[of] p2a: Tyranitar\n|detailschange|p1b: Froslass|Froslass-Mega, L50, F\n|-mega|p1b: Froslass|Froslass|Froslassite\n|-weather|Snowscape|[from] ability: Snow Warning|[of] p1b: Froslass\n|move|p1a: Kingambit|Sucker Punch||[still]\n|-fail|p1a: Kingambit\n|move|p2b: Sneasler|Close Combat|p1a: Kingambit\n|-supereffective|p1a: Kingambit|2\n|-enditem|p1a: Kingambit|Focus Sash\n|-damage|p1a: Kingambit|1/100\n|-unboost|p2b: Sneasler|def|1\n|-unboost|p2b: Sneasler|spd|1\n|move|p1b: Froslass|Aurora Veil|p1b: Froslass\n|-sidestart|p1: adityanair212|move: Aurora Veil\n|\n|-weather|Snowscape|[upkeep]\n|upkeep\n|turn|2\n|\n|t:|1776459849\n|detailschange|p2a: Tyranitar|Tyranitar-Mega, L50, F\n|-mega|p2a: Tyranitar|Tyranitar|Tyranitarite\n|-weather|Sandstorm|[from] ability: Sand Stream|[of] p2a: Tyranitar\n|move|p1b: Froslass|Protect|p1b: Froslass\n|-singleturn|p1b: Froslass|Protect\n|move|p2b: Sneasler|Toxic Spikes|p1b: Froslass\n|-sidestart|p1: adityanair212|move: Toxic Spikes\n|move|p1a: Kingambit|Low Kick|p2a: Tyranitar\n|-supereffective|p2a: Tyranitar|2\n|-damage|p2a: Tyranitar|12/100\n|move|p2a: Tyranitar|Rock Slide|p1a: Kingambit|[spread] p1a\n|-activate|p1b: Froslass|move: Protect\n|-resisted|p1a: Kingambit|1\n|-damage|p1a: Kingambit|0 fnt\n|faint|p1a: Kingambit\n|\n|-weather|Sandstorm|[upkeep]\n|-damage|p2b: Sneasler|95/100|[from] Sandstorm\n|-damage|p1b: Froslass|94/100|[from] Sandstorm\n|upkeep\n|\n|t:|1776459860\n|switch|p1a: Rotom|Rotom-Frost, L50|100/100\n|turn|3\n|\n|t:|1776459873\n|move|p1a: Rotom|Electroweb|p2a: Tyranitar|[spread] p2a,p2b\n|-damage|p2a: Tyranitar|3/100\n|-damage|p2b: Sneasler|57/100\n|-unboost|p2a: Tyranitar|spe|1\n|-unboost|p2b: Sneasler|spe|1\n|move|p1b: Froslass|Shadow Ball|p2b: Sneasler\n|-damage|p2b: Sneasler|0 fnt\n|faint|p2b: Sneasler\n|move|p2a: Tyranitar|Rock Slide|p1a: Rotom|[spread] p1a,p1b\n|-supereffective|p1a: Rotom|1\n|-supereffective|p1b: Froslass|1\n|-damage|p1a: Rotom|52/100\n|-damage|p1b: Froslass|32/100\n|\n|-weather|Sandstorm|[upkeep]\n|-damage|p1a: Rotom|47/100|[from] Sandstorm\n|-damage|p1b: Froslass|26/100|[from] Sandstorm\n|upkeep\n|\n|t:|1776459887\n|switch|p2b: Dragapult|Dragapult, L50, F|100/100\n|turn|4\n|\n|t:|1776459899\n|move|p1a: Rotom|Electroweb|p2b: Dragapult|[spread] p2a,p2b\n|-resisted|p2b: Dragapult|1\n|-damage|p2a: Tyranitar|0 fnt\n|-damage|p2b: Dragapult|87/100\n|faint|p2a: Tyranitar\n|move|p2b: Dragapult|Dragon Darts|p1b: Froslass\n|-damage|p1b: Froslass|0 fnt\n|-anim|p2b: Dragapult|Dragon Darts|p1a: Rotom\n|-damage|p1a: Rotom|19/100\n|faint|p1b: Froslass\n|\n|-weather|Sandstorm|[upkeep]\n|-damage|p1a: Rotom|13/100|[from] Sandstorm\n|-damage|p2b: Dragapult|82/100|[from] Sandstorm\n|upkeep\n|\n|t:|1776459910\n|switch|p1b: Garchomp|Garchomp, L50, F|100/100\n|switch|p2a: Sinistcha|Sinistcha, L50|100/100\n|-status|p1b: Garchomp|psn\n|-heal|p2b: Dragapult|100/100|[from] ability: Hospitality|[of] p2a: Sinistcha\n|turn|5\n|\n|t:|1776459929\n|move|p2a: Sinistcha|Rage Powder|p2a: Sinistcha\n|-singleturn|p2a: Sinistcha|move: Rage Powder\n|move|p1a: Rotom|Electroweb|p2a: Sinistcha|[spread] p2a,p2b\n|-resisted|p2a: Sinistcha|1\n|-resisted|p2b: Dragapult|1\n|-damage|p2a: Sinistcha|89/100\n|-damage|p2b: Dragapult|87/100\n|-unboost|p2a: Sinistcha|spe|1\n|move|p2b: Dragapult|Dragon Dance|p2b: Dragapult\n|-boost|p2b: Dragapult|atk|1\n|-boost|p2b: Dragapult|spe|1\n|move|p1b: Garchomp|Dragon Claw|p2a: Sinistcha\n|-damage|p2a: Sinistcha|56/100\n|\n|-weather|Sandstorm|[upkeep]\n|-damage|p2b: Dragapult|81/100|[from] Sandstorm\n|-damage|p1a: Rotom|8/100|[from] Sandstorm\n|-damage|p2a: Sinistcha|50/100|[from] Sandstorm\n|-damage|p1b: Garchomp|88/100 psn|[from] psn\n|-sideend|p1: adityanair212|move: Aurora Veil\n|upkeep\n|turn|6\n|\n|t:|1776459943\n|move|p2b: Dragapult|Dragon Dance|p2b: Dragapult\n|-boost|p2b: Dragapult|atk|1\n|-boost|p2b: Dragapult|spe|1\n|move|p1a: Rotom|Electroweb|p2a: Sinistcha|[spread] p2a,p2b\n|-resisted|p2a: Sinistcha|1\n|-resisted|p2b: Dragapult|1\n|-damage|p2a: Sinistcha|39/100\n|-damage|p2b: Dragapult|69/100\n|-unboost|p2a: Sinistcha|spe|1\n|move|p1b: Garchomp|Rock Slide|p2b: Dragapult|[spread] p2a,p2b\n|-crit|p2a: Sinistcha\n|-damage|p2a: Sinistcha|13/100\n|-damage|p2b: Dragapult|41/100\n|cant|p2a: Sinistcha|flinch\n|\n|-weather|none\n|-damage|p1b: Garchomp|75/100 psn|[from] psn\n|upkeep\n|turn|7\n|\n|t:|1776459967\n|move|p2b: Dragapult|Dragon Darts|p1b: Garchomp\n|-supereffective|p1b: Garchomp|1\n|-damage|p1b: Garchomp|0 fnt\n|-anim|p2b: Dragapult|Dragon Darts|p1a: Rotom\n|-damage|p1a: Rotom|0 fnt\n|faint|p1b: Garchomp\n|faint|p1a: Rotom\n|\n|win|superzcursed\n|raw|adityanair212's rating: 1108 &rarr; <strong>1089</strong><br />(-19 for losing)\n|raw|superzcursed's rating: 1197 &rarr; <strong>1216</strong><br />(+19 for winning)\n",
  "uploadtime": 1776459967,
  "views": 22,
  "formatid": "gen9championsvgc2026regma",
  "rating": 1089,
  "private": 0,
  "password": null
}