{
  "id": "gen9championsvgc2026regma-2583404297",
  "format": "[Gen 9 Champions] VGC 2026 Reg M-A",
  "players": [
    "Max dray",
    "NOTguyfromfortnite"
  ],
  "log": "|j|\u2606Max dray\n|j|\u2606NOTguyfromfortnite\n|t:|1776173367\n|gametype|doubles\n|player|p1|Max dray|265|1035\n|player|p2|NOTguyfromfortnite|101|1002\n|gen|9\n|tier|[Gen 9 Champions] VGC 2026 Reg M-A\n|rated|\n|rule|Species Clause: Limit one of each Pok\u00e9mon\n|rule|Item Clause: Limit 1 of each item\n|clearpoke\n|poke|p1|Tyranitar, L50, M|\n|poke|p1|Garchomp, L50, M|\n|poke|p1|Aggron, L50, M|\n|poke|p1|Scizor, L50, M|\n|poke|p1|Rotom-Frost, L50|\n|poke|p1|Empoleon, L50, F|\n|poke|p2|Torkoal, L50, F|\n|poke|p2|Basculegion, L50, M|\n|poke|p2|Maushold-Four, L50|\n|poke|p2|Garchomp, L50, M|\n|poke|p2|Dragonite, L50, F|\n|poke|p2|Gengar, L50, M|\n|teampreview|4\n|inactive|Battle timer is ON: inactive players will automatically lose when time's up. (requested by Max dray)\n|c|\u2606NOTguyfromfortnite|glhf\n|inactive|Max dray has 60 seconds left.\nNOTguyfromfortnite rejected open team sheets.\n|inactive|Max dray has 30 seconds left.\n|\n|t:|1776173435\n|teamsize|p1|4\n|teamsize|p2|4\n|start\n|switch|p1a: Rotom|Rotom-Frost, L50, shiny|100/100\n|switch|p1b: Aggron|Aggron, L50, M|100/100\n|switch|p2a: Torkoal|Torkoal, L50, F|100/100\n|switch|p2b: Dragonite|Dragonite, L50, F|100/100\n|-weather|SunnyDay|[from] ability: Drought|[of] p2a: Torkoal\n|turn|1\n|inactive|Max dray has 30 seconds left.\n|inactive|Max dray has 20 seconds left.\n|inactive|Max dray has 15 seconds left.\n|\n|t:|1776173475\n|move|p2b: Dragonite|Protect|p2b: Dragonite\n|-singleturn|p2b: Dragonite|Protect\n|move|p1b: Aggron|Protect|p1b: Aggron\n|-singleturn|p1b: Aggron|Protect\n|move|p1a: Rotom|Volt Switch|p2a: Torkoal\n|-crit|p2a: Torkoal\n|-damage|p2a: Torkoal|59/100\n|\n|t:|1776173485\n|switch|p1a: Tyranitar|Tyranitar, L50, M, shiny|100/100|[from] Volt Switch\n|-weather|Sandstorm|[from] ability: Sand Stream|[of] p1a: Tyranitar\n|move|p2a: Torkoal|Eruption|p1a: Tyranitar|[spread] p1a\n|-activate|p1b: Aggron|move: Protect\n|-resisted|p1a: Tyranitar|1\n|-damage|p1a: Tyranitar|91/100\n|\n|-weather|Sandstorm|[upkeep]\n|-damage|p2b: Dragonite|95/100|[from] Sandstorm\n|-damage|p2a: Torkoal|53/100|[from] Sandstorm\n|-heal|p2a: Torkoal|59/100|[from] item: Leftovers\n|upkeep\n|turn|2\n|c|\u2606NOTguyfromfortnite|misread that totally\n|c|\u2606NOTguyfromfortnite|oof\n|inactive|NOTguyfromfortnite has 30 seconds left.\n|\n|t:|1776173510\n|detailschange|p2b: Dragonite|Dragonite-Mega, L50, F\n|-mega|p2b: Dragonite|Dragonite|Dragoninite\n|move|p2a: Torkoal|Protect|p2a: Torkoal\n|-singleturn|p2a: Torkoal|Protect\n|move|p2b: Dragonite|Thunderbolt|p1b: Aggron\n|-damage|p1b: Aggron|65/100\n|move|p1a: Tyranitar|Rock Slide|p2a: Torkoal|[spread] \n|-activate|p2a: Torkoal|move: Protect\n|-miss|p1a: Tyranitar|p2b: Dragonite\n|move|p1b: Aggron|Thunder Wave|p2b: Dragonite\n|-status|p2b: Dragonite|par\n|\n|-weather|Sandstorm|[upkeep]\n|-damage|p2b: Dragonite|89/100 par|[from] Sandstorm\n|-damage|p2a: Torkoal|53/100|[from] Sandstorm\n|-heal|p2a: Torkoal|59/100|[from] item: Leftovers\n|upkeep\n|turn|3\n|inactive|Max dray has 30 seconds left.\n|\n|t:|1776173542\n|move|p2b: Dragonite|Protect|p2b: Dragonite\n|-singleturn|p2b: Dragonite|Protect\n|move|p1a: Tyranitar|Rock Slide|p2b: Dragonite|[spread] p2a\n|-activate|p2b: Dragonite|move: Protect\n|-supereffective|p2a: Torkoal|1\n|-damage|p2a: Torkoal|0 fnt\n|faint|p2a: Torkoal\n|move|p1b: Aggron|Iron Defense|p1b: Aggron\n|-boost|p1b: Aggron|def|2\n|\n|-weather|Sandstorm|[upkeep]\n|-damage|p2b: Dragonite|83/100 par|[from] Sandstorm\n|upkeep\n|\n|t:|1776173550\n|switch|p2a: Basculegion|Basculegion, L50, M|100/100\n|turn|4\n|\n|t:|1776173569\n|move|p1a: Tyranitar|Protect|p1a: Tyranitar\n|-singleturn|p1a: Tyranitar|Protect\n|move|p2a: Basculegion|Liquidation|p1a: Tyranitar\n|-activate|p1a: Tyranitar|move: Protect\n|move|p2b: Dragonite|Thunderbolt|p1b: Aggron\n|-damage|p1b: Aggron|26/100\n|move|p1b: Aggron|Thunder Wave|p2a: Basculegion\n|-status|p2a: Basculegion|par\n|\n|-weather|Sandstorm|[upkeep]\n|-damage|p2a: Basculegion|94/100 par|[from] Sandstorm\n|-damage|p2b: Dragonite|77/100 par|[from] Sandstorm\n|upkeep\n|turn|5\n|inactive|Max dray has 30 seconds left.\n|\n|t:|1776173598\n|switch|p1b: Empoleon|Empoleon, L50, F, shiny|100/100\n|move|p2a: Basculegion|Liquidation|p1a: Tyranitar\n|-supereffective|p1a: Tyranitar|1\n|-damage|p1a: Tyranitar|11/100\n|move|p1a: Tyranitar|Dragon Dance|p1a: Tyranitar\n|-boost|p1a: Tyranitar|atk|1\n|-boost|p1a: Tyranitar|spe|1\n|move|p2b: Dragonite|Thunderbolt|p1b: Empoleon\n|-supereffective|p1b: Empoleon|1\n|-damage|p1b: Empoleon|19/100\n|\n|-weather|none\n|upkeep\n|turn|6\n|\n|t:|1776173622\n|move|p1a: Tyranitar|Rock Slide|p2a: Basculegion|[spread] p2a,p2b\n|-supereffective|p2b: Dragonite|1\n|-damage|p2a: Basculegion|26/100 par\n|-damage|p2b: Dragonite|0 fnt\n|faint|p2b: Dragonite\n|move|p1b: Empoleon|Flip Turn|p2a: Basculegion\n|-resisted|p2a: Basculegion|1\n|-damage|p2a: Basculegion|15/100 par\n|\n|t:|1776173632\n|switch|p1b: Rotom|Rotom-Frost, L50, shiny|100/100|[from] Flip Turn\n|move|p2a: Basculegion|Liquidation|p1a: Tyranitar\n|-supereffective|p1a: Tyranitar|1\n|-crit|p1a: Tyranitar\n|-damage|p1a: Tyranitar|0 fnt\n|faint|p1a: Tyranitar\n|\n|upkeep\n|\n|t:|1776173649\n|switch|p2b: Maushold|Maushold-Four, L50|100/100\n|switch|p1a: Empoleon|Empoleon, L50, F, shiny|19/100\n|turn|7\n|\n|t:|1776173670\n|move|p2b: Maushold|Population Bomb|p1a: Empoleon\n|-resisted|p1a: Empoleon|1\n|-damage|p1a: Empoleon|13/100\n|-resisted|p1a: Empoleon|1\n|-damage|p1a: Empoleon|7/100\n|-resisted|p1a: Empoleon|1\n|-damage|p1a: Empoleon|1/100\n|-resisted|p1a: Empoleon|1\n|-damage|p1a: Empoleon|0 fnt\n|faint|p1a: Empoleon\n|-hitcount|p1: Empoleon|4\n|move|p1b: Rotom|Volt Switch|p2a: Basculegion\n|-supereffective|p2a: Basculegion|1\n|-damage|p2a: Basculegion|0 fnt\n|faint|p2a: Basculegion\n|\n|t:|1776173686\n|switch|p1b: Aggron|Aggron, L50, M|26/100|[from] Volt Switch\n|\n|upkeep\n|\n|t:|1776173691\n|switch|p1a: Rotom|Rotom-Frost, L50, shiny|100/100\n|turn|8\n|-activate|p1b: Aggron|item: Quick Claw\n|\n|t:|1776173700\n|move|p1b: Aggron|Protect|p1b: Aggron\n|-singleturn|p1b: Aggron|Protect\n|move|p2b: Maushold|Population Bomb|p1b: Aggron\n|-activate|p1b: Aggron|move: Protect\n|move|p1a: Rotom|Will-O-Wisp|p2b: Maushold\n|-status|p2b: Maushold|brn\n|\n|-damage|p2b: Maushold|94/100 brn|[from] brn\n|upkeep\n|turn|9\n|\n|t:|1776173722\n|move|p2b: Maushold|Population Bomb|p1b: Aggron\n|-resisted|p1b: Aggron|2\n|-damage|p1b: Aggron|25/100\n|-resisted|p1b: Aggron|2\n|-damage|p1b: Aggron|25/100\n|-resisted|p1b: Aggron|2\n|-damage|p1b: Aggron|24/100\n|-resisted|p1b: Aggron|2\n|-damage|p1b: Aggron|24/100\n|-resisted|p1b: Aggron|2\n|-damage|p1b: Aggron|23/100\n|-resisted|p1b: Aggron|2\n|-damage|p1b: Aggron|23/100\n|-resisted|p1b: Aggron|2\n|-damage|p1b: Aggron|22/100\n|-resisted|p1b: Aggron|2\n|-damage|p1b: Aggron|21/100\n|-resisted|p1b: Aggron|2\n|-damage|p1b: Aggron|21/100\n|-resisted|p1b: Aggron|2\n|-damage|p1b: Aggron|20/100\n|-hitcount|p1b: Aggron|10\n|move|p1a: Rotom|Volt Switch|p2b: Maushold\n|-damage|p2b: Maushold|56/100 brn\n|move|p1b: Aggron|Body Press|p2b: Maushold\n|-supereffective|p2b: Maushold|1\n|-damage|p2b: Maushold|0 fnt\n|faint|p2b: Maushold\n|\n|win|Max dray\n|raw|Max dray's rating: 1035 &rarr; <strong>1066</strong><br />(+31 for winning)\n|raw|NOTguyfromfortnite's rating: 1002 &rarr; <strong>1000</strong><br />(-2 for losing)\n|l|\u2606NOTguyfromfortnite\n|player|p2|\n",
  "uploadtime": 1776173973,
  "views": 13,
  "formatid": "gen9championsvgc2026regma",
  "rating": 1000,
  "private": 0,
  "password": null
}