{
  "id": "gen9championsvgc2026regma-2582561091",
  "format": "[Gen 9 Champions] VGC 2026 Reg M-A",
  "players": [
    "Madamarcy",
    "Plushy65"
  ],
  "log": "|j|\u2606Madamarcy\n|j|\u2606Plushy65\n|html|<table width=\"100%\"><tr><td align=\"left\">Madamarcy</td><td align=\"right\">Plushy65</tr><tr><td align=\"left\"><i class=\"fa fa-circle-o\"></i> <i class=\"fa fa-circle-o\"></i> </td><td align=\"right\"><i class=\"fa fa-circle-o\"></i> <i class=\"fa fa-circle\"></i> </tr></table>\n|uhtml|bestof|<h2><strong>Game 2</strong> of <a href=\"/game-bestof3-gen9championsvgc2026regma-2582555367\">a best-of-3</a></h2>\n|t:|1776099450\n|gametype|doubles\n|player|p1|Madamarcy|jacinthe|\n|player|p2|Plushy65|harlequin|\n|gen|9\n|tier|[Gen 9 Champions] VGC 2026 Reg M-A\n|rule|Species Clause: Limit one of each Pok\u00e9mon\n|rule|Item Clause: Limit 1 of each item\n|raw|<div class=\"infobox\"><details class=\"readmore\" open><summary><strong>1 custom rule:</strong></summary> Best of = 3</details></div>\n|clearpoke\n|poke|p1|Gallade, L50, M|\n|poke|p1|Crabominable, L50, F|\n|poke|p1|Incineroar, L50, M|\n|poke|p1|Farigiraf, L50, M|\n|poke|p1|Clefable, L50, F|\n|poke|p1|Rotom-Wash, L50|\n|poke|p2|Charizard, L50, M|\n|poke|p2|Torkoal, L50, M|\n|poke|p2|Farigiraf, L50, F|\n|poke|p2|Meganium, L50, F|\n|poke|p2|Incineroar, L50, M|\n|poke|p2|Sneasler, L50, M|\n|teampreview|4\nPlushy65 has agreed to open team sheets.\nMadamarcy has agreed to open team sheets.\n|showteam|p1|Gallade||Galladite|Sharpness|LeafBlade,PsychoCut,TrickRoom,SacredSword|||M|||50|]Crabominable||Crabominite|HyperCutter|DrainPunch,IceHammer,MachPunch,Protect|||F|||50|]Incineroar||BrightPowder|Intimidate|DarkestLariat,PartingShot,FakeOut,FlareBlitz|||M|||50|]Farigiraf||SitrusBerry|ArmorTail|TrickRoom,Protect,DazzlingGleam,Psychic|||M|||50|]Clefable||KebiaBerry|MagicGuard|FollowMe,Moonblast,Encore,Psychic|||F|||50|]Rotom-Wash||Magnet|Levitate|HydroPump,Thunderbolt,WillOWisp,Protect||||||50|\n|showteam|p2|Charizard||CharizarditeY|Blaze|AirSlash,HeatWave,SolarBeam,Protect|||M|||50|]Torkoal||ShucaBerry|Drought|Eruption,Protect,EarthPower,Yawn|||M|||50|]Farigiraf||ColburBerry|ArmorTail|Psychic,TrickRoom,Protect,HelpingHand|||F|||50|]Meganium||Meganiumite|Overgrow|SolarBeam,Synthesis,DazzlingGleam,Protect|||F|||50|]Incineroar||SitrusBerry|Intimidate|DarkestLariat,PartingShot,FlareBlitz,FakeOut|||M|||50|]Sneasler||WhiteHerb|Unburden|DireClaw,FakeOut,Protect,CloseCombat|||M|||50|\n|\n|t:|1776099501\n|teamsize|p1|4\n|teamsize|p2|4\n|start\n|switch|p1a: Clefable|Clefable, L50, F|100/100\n|switch|p1b: Gallade|Gallade, L50, M|100/100\n|switch|p2a: Farigiraf|Farigiraf, L50, F|100/100\n|switch|p2b: Torkoal|Torkoal, L50, M|100/100\n|-weather|SunnyDay|[from] ability: Drought|[of] p2b: Torkoal\n|turn|1\n|\n|t:|1776099530\n|move|p2b: Torkoal|Protect|p2b: Torkoal\n|-singleturn|p2b: Torkoal|Protect\n|move|p1a: Clefable|Psychic|p2b: Torkoal\n|-activate|p2b: Torkoal|move: Protect\n|move|p2a: Farigiraf|Psychic|p1b: Gallade\n|-damage|p1b: Gallade|66/100\n|move|p1b: Gallade|Trick Room|p1b: Gallade\n|-fieldstart|move: Trick Room|[of] p1b: Gallade\n|\n|-weather|SunnyDay|[upkeep]\n|upkeep\n|turn|2\n|\n|t:|1776099546\n|switch|p1b: Farigiraf|Farigiraf, L50, M|100/100\n|move|p2a: Farigiraf|Helping Hand|p2b: Torkoal\n|-singleturn|p2b: Torkoal|Helping Hand|[of] p2a: Farigiraf\n|move|p2b: Torkoal|Eruption|p1b: Farigiraf|[spread] p1a,p1b\n|-damage|p1a: Clefable|39/100\n|-damage|p1b: Farigiraf|40/100\n|-enditem|p1b: Farigiraf|Sitrus Berry|[eat]\n|-heal|p1b: Farigiraf|64/100|[from] item: Sitrus Berry\n|move|p1a: Clefable|Encore|p2b: Torkoal\n|-start|p2b: Torkoal|Encore\n|\n|-weather|SunnyDay|[upkeep]\n|upkeep\n|turn|3\n|\n|t:|1776099564\n|move|p2a: Farigiraf|Helping Hand|p2b: Torkoal\n|-singleturn|p2b: Torkoal|Helping Hand|[of] p2a: Farigiraf\n|move|p2b: Torkoal|Eruption|p1b: Farigiraf|[spread] p1a,p1b\n|-damage|p1a: Clefable|0 fnt\n|-damage|p1b: Farigiraf|4/100\n|faint|p1a: Clefable\n|move|p1b: Farigiraf|Trick Room|p1b: Farigiraf\n|-fieldend|move: Trick Room\n|\n|-weather|SunnyDay|[upkeep]\n|upkeep\n|\n|t:|1776099568\n|switch|p1a: Gallade|Gallade, L50, M|66/100\n|turn|4\n|\n|t:|1776099579\n|switch|p2b: Incineroar|Incineroar, L50, M, shiny|100/100\n|-ability|p2b: Incineroar|Intimidate|boost\n|-unboost|p1a: Gallade|atk|1\n|-unboost|p1b: Farigiraf|atk|1\n|detailschange|p1a: Gallade|Gallade-Mega, L50, M\n|-mega|p1a: Gallade|Gallade|Galladite\n|move|p1a: Gallade|Sacred Sword|p2b: Incineroar\n|-supereffective|p2b: Incineroar|1\n|-damage|p2b: Incineroar|19/100\n|-enditem|p2b: Incineroar|Sitrus Berry|[eat]\n|-heal|p2b: Incineroar|44/100|[from] item: Sitrus Berry\n|move|p1b: Farigiraf|Psychic|p2b: Incineroar\n|-immune|p2b: Incineroar\n|move|p2a: Farigiraf|Trick Room|p2a: Farigiraf\n|-fieldstart|move: Trick Room|[of] p2a: Farigiraf\n|\n|-weather|SunnyDay|[upkeep]\n|upkeep\n|turn|5\n|\n|t:|1776099607\n|move|p2b: Incineroar|Darkest Lariat|p1b: Farigiraf\n|-supereffective|p1b: Farigiraf|1\n|-damage|p1b: Farigiraf|0 fnt\n|faint|p1b: Farigiraf\n|move|p2a: Farigiraf|Psychic|p1a: Gallade\n|-damage|p1a: Gallade|33/100\n|move|p1a: Gallade|Sacred Sword|p2b: Incineroar\n|-supereffective|p2b: Incineroar|1\n|-damage|p2b: Incineroar|0 fnt\n|faint|p2b: Incineroar\n|\n|-weather|none\n|upkeep\n|\n|t:|1776099618\n|switch|p1b: Incineroar|Incineroar, L50, M|100/100\n|switch|p2b: Torkoal|Torkoal, L50, M|100/100\n|-weather|SunnyDay|[from] ability: Drought|[of] p2b: Torkoal\n|-ability|p1b: Incineroar|Intimidate|boost\n|-unboost|p2a: Farigiraf|atk|1\n|-unboost|p2b: Torkoal|atk|1\n|turn|6\n|\n|t:|1776099637\n|move|p2a: Farigiraf|Helping Hand|p2b: Torkoal\n|-singleturn|p2b: Torkoal|Helping Hand|[of] p2a: Farigiraf\n|move|p2b: Torkoal|Earth Power|p1b: Incineroar\n|-supereffective|p1b: Incineroar|1\n|-damage|p1b: Incineroar|60/100\n|move|p1b: Incineroar|Darkest Lariat|p2a: Farigiraf\n|-supereffective|p2a: Farigiraf|1\n|-enditem|p2a: Farigiraf|Colbur Berry|[eat]\n|-enditem|p2a: Farigiraf|Colbur Berry|[weaken]\n|-damage|p2a: Farigiraf|79/100\n|move|p1a: Gallade|Trick Room|p1a: Gallade\n|-fieldend|move: Trick Room\n|\n|-weather|SunnyDay|[upkeep]\n|upkeep\n|turn|7\n|\n|t:|1776099660\n|move|p1a: Gallade|Sacred Sword|p2b: Torkoal\n|-damage|p2b: Torkoal|78/100\n|move|p1b: Incineroar|Darkest Lariat|p2b: Torkoal\n|-damage|p2b: Torkoal|58/100\n|move|p2b: Torkoal|Eruption|p1b: Incineroar|[spread] p1a,p1b\n|-resisted|p1b: Incineroar|1\n|-damage|p1a: Gallade|8/100\n|-damage|p1b: Incineroar|49/100\n|move|p2a: Farigiraf|Trick Room|p2a: Farigiraf\n|-fieldstart|move: Trick Room|[of] p2a: Farigiraf\n|\n|-weather|SunnyDay|[upkeep]\n|upkeep\n|turn|8\n|\n|t:|1776099681\n|move|p2b: Torkoal|Yawn|p1b: Incineroar\n|-start|p1b: Incineroar|move: Yawn|[of] p2b: Torkoal\n|move|p2a: Farigiraf|Psychic|p1a: Gallade\n|-damage|p1a: Gallade|0 fnt\n|faint|p1a: Gallade\n|move|p1b: Incineroar|Darkest Lariat|p2a: Farigiraf\n|-supereffective|p2a: Farigiraf|1\n|-damage|p2a: Farigiraf|31/100\n|\n|-weather|SunnyDay|[upkeep]\n|upkeep\n|turn|9\n|-message|Madamarcy forfeited.\n|\n|win|Plushy65\n",
  "uploadtime": 1776099691,
  "views": 12,
  "formatid": "gen9championsvgc2026regma",
  "rating": null,
  "private": 0,
  "password": null
}