{
  "id": "gen9championsvgc2026regma-2581712467",
  "format": "[Gen 9 Champions] VGC 2026 Reg M-A",
  "players": [
    "Sewedi Mibalzoff",
    "LegaLas16"
  ],
  "log": "|j|\u2606Sewedi Mibalzoff\n|j|\u2606LegaLas16\n|t:|1776022658\n|gametype|doubles\n|player|p1|Sewedi Mibalzoff|ghetsis|1107\n|player|p2|LegaLas16|102|1114\n|gen|9\n|tier|[Gen 9 Champions] VGC 2026 Reg M-A\n|rated|\n|rule|Species Clause: Limit one of each Pok\u00e9mon\n|rule|Item Clause: Limit 1 of each item\n|clearpoke\n|poke|p1|Meganium, L50, M|\n|poke|p1|Pelipper, L50, F|\n|poke|p1|Basculegion, L50, M|\n|poke|p1|Dragonite, L50, M|\n|poke|p1|Bellibolt, L50, M|\n|poke|p1|Incineroar, L50, F|\n|poke|p2|Aegislash, L50, F|\n|poke|p2|Dragonite, L50, F|\n|poke|p2|Sneasler, L50, M|\n|poke|p2|Venusaur, L50, F|\n|poke|p2|Incineroar, L50, F|\n|poke|p2|Basculegion, L50, M|\n|teampreview|4\n|inactive|Battle timer is ON: inactive players will automatically lose when time's up. (requested by Sewedi Mibalzoff)\n|inactive|LegaLas16 has 60 seconds left.\n|inactive|Sewedi Mibalzoff has 60 seconds left.\n|inactive|LegaLas16 has 30 seconds left.\n|inactive|LegaLas16 has 20 seconds left.\n|\n|t:|1776022729\n|teamsize|p1|4\n|teamsize|p2|4\n|start\n|switch|p1a: Incineroar|Incineroar, L50, F|100/100\n|switch|p1b: Dragonite|Dragonite, L50, M|100/100\n|switch|p2a: Venusaur|Venusaur, L50, F|100/100\n|switch|p2b: Incineroar|Incineroar, L50, F|100/100\n|-ability|p2b: Incineroar|Intimidate|boost\n|-unboost|p1a: Incineroar|atk|1\n|-unboost|p1b: Dragonite|atk|1\n|-ability|p1a: Incineroar|Intimidate|boost\n|-unboost|p2a: Venusaur|atk|1\n|-unboost|p2b: Incineroar|atk|1\n|turn|1\n|\n|t:|1776022754\n|detailschange|p1b: Dragonite|Dragonite-Mega, L50, M\n|-mega|p1b: Dragonite|Dragonite|Dragoninite\n|move|p2a: Venusaur|Protect|p2a: Venusaur\n|-singleturn|p2a: Venusaur|Protect\n|move|p2b: Incineroar|Fake Out|p1b: Dragonite\n|-damage|p1b: Dragonite|98/100\n|move|p1a: Incineroar|Fake Out|p2a: Venusaur\n|-activate|p2a: Venusaur|move: Protect\n|cant|p1b: Dragonite|flinch\n|\n|upkeep\n|turn|2\n|\n|t:|1776022773\n|move|p1b: Dragonite|Tailwind|p1b: Dragonite\n|-sidestart|p1: Sewedi Mibalzoff|move: Tailwind\n|move|p1a: Incineroar|Parting Shot|p2a: Venusaur\n|-unboost|p2a: Venusaur|atk|1\n|-unboost|p2a: Venusaur|spa|1\n|\n|t:|1776022780\n|switch|p1a: Pelipper|Pelipper, L50, F|100/100|[from] Parting Shot\n|-weather|RainDance|[from] ability: Drizzle|[of] p1a: Pelipper\n|move|p2a: Venusaur|Leech Seed|p1b: Dragonite\n|-start|p1b: Dragonite|move: Leech Seed\n|move|p2b: Incineroar|Parting Shot|p1b: Dragonite\n|-unboost|p1b: Dragonite|atk|1\n|-unboost|p1b: Dragonite|spa|1\n|\n|t:|1776022798\n|switch|p2b: Aegislash|Aegislash, L50, F, shiny|100/100|[from] Parting Shot\n|\n|-weather|RainDance|[upkeep]\n|-damage|p1b: Dragonite|85/100|[from] Leech Seed|[of] p2a: Venusaur\n|upkeep\n|turn|3\n|\n|t:|1776022817\n|switch|p1b: Incineroar|Incineroar, L50, F|100/100\n|-ability|p1b: Incineroar|Intimidate|boost\n|-unboost|p2a: Venusaur|atk|1\n|-unboost|p2b: Aegislash|atk|1\n|move|p2a: Venusaur|Protect|p2a: Venusaur\n|-singleturn|p2a: Venusaur|Protect\n|move|p1a: Pelipper|Hydro Pump|p2b: Aegislash|[miss]\n|-miss|p1a: Pelipper|p2b: Aegislash\n|-formechange|p2b: Aegislash|Aegislash-Blade|\n|move|p2b: Aegislash|Shadow Ball|p1b: Incineroar\n|-resisted|p1b: Incineroar|1\n|-damage|p1b: Incineroar|80/100\n|\n|-weather|RainDance|[upkeep]\n|upkeep\n|turn|4\n|\n|t:|1776022837\n|-formechange|p2b: Aegislash|Aegislash|\n|move|p2b: Aegislash|King's Shield|p2b: Aegislash\n|-singleturn|p2b: Aegislash|Protect\n|move|p1a: Pelipper|Hurricane|p2a: Venusaur\n|-supereffective|p2a: Venusaur|1\n|-damage|p2a: Venusaur|13/100\n|move|p1b: Incineroar|Darkest Lariat|p2b: Aegislash\n|-activate|p2b: Aegislash|move: Protect\n|-unboost|p1b: Incineroar|atk|1\n|move|p2a: Venusaur|Earth Power|p1b: Incineroar\n|-supereffective|p1b: Incineroar|1\n|-damage|p1b: Incineroar|55/100\n|\n|-weather|RainDance|[upkeep]\n|upkeep\n|turn|5\n|inactive|Sewedi Mibalzoff has 30 seconds left.\n|inactive|LegaLas16 has 30 seconds left.\n|inactive|Sewedi Mibalzoff has 20 seconds left.\n|inactive|LegaLas16 has 20 seconds left.\n|inactive|LegaLas16 has 15 seconds left.\n|inactive|LegaLas16 has 10 seconds left.\n|\n|t:|1776022883\n|switch|p2b: Incineroar|Incineroar, L50, F|100/100\n|-ability|p2b: Incineroar|Intimidate|boost\n|-unboost|p1a: Pelipper|atk|1\n|-unboost|p1b: Incineroar|atk|1\n|move|p2a: Venusaur|Protect|p2a: Venusaur\n|-singleturn|p2a: Venusaur|Protect\n|move|p1a: Pelipper|Hydro Pump|p2b: Incineroar\n|-supereffective|p2b: Incineroar|1\n|-damage|p2b: Incineroar|0 fnt\n|faint|p2b: Incineroar\n|move|p1b: Incineroar|Darkest Lariat|p2a: Venusaur\n|-activate|p2a: Venusaur|move: Protect\n|\n|-weather|RainDance|[upkeep]\n|-sideend|p1: Sewedi Mibalzoff|move: Tailwind\n|upkeep\n|\n|t:|1776022904\n|switch|p2b: Dragonite|Dragonite, L50, F|100/100\n|turn|6\n|\n|t:|1776022918\n|detailschange|p2b: Dragonite|Dragonite-Mega, L50, F\n|-mega|p2b: Dragonite|Dragonite|Dragoninite\n|move|p2b: Dragonite|Icy Wind|p1b: Incineroar|[spread] p1a,p1b\n|-resisted|p1b: Incineroar|1\n|-damage|p1a: Pelipper|69/100\n|-damage|p1b: Incineroar|48/100\n|-unboost|p1a: Pelipper|spe|1\n|-unboost|p1b: Incineroar|spe|1\n|-enditem|p1b: Incineroar|Sitrus Berry|[eat]\n|-heal|p1b: Incineroar|72/100|[from] item: Sitrus Berry\n|move|p2a: Venusaur|Earth Power|p1b: Incineroar\n|-supereffective|p1b: Incineroar|1\n|-damage|p1b: Incineroar|45/100\n|-unboost|p1b: Incineroar|spd|1\n|move|p1a: Pelipper|Hurricane|p2a: Venusaur\n|-supereffective|p2a: Venusaur|1\n|-damage|p2a: Venusaur|0 fnt\n|faint|p2a: Venusaur\n|move|p1b: Incineroar|Parting Shot|p2b: Dragonite\n|-unboost|p2b: Dragonite|atk|1\n|-unboost|p2b: Dragonite|spa|1\n|\n|t:|1776022939\n|switch|p1b: Bellibolt|Bellibolt, L50, M|100/100|[from] Parting Shot\n|\n|-weather|none\n|upkeep\n|\n|t:|1776022945\n|switch|p2a: Aegislash|Aegislash, L50, F, shiny|100/100\n|turn|7\n|\n|t:|1776022968\n|switch|p1a: Incineroar|Incineroar, L50, F|45/100\n|-ability|p1a: Incineroar|Intimidate|boost\n|-unboost|p2a: Aegislash|atk|1\n|-unboost|p2b: Dragonite|atk|1\n|move|p2b: Dragonite|Protect|p2b: Dragonite\n|-singleturn|p2b: Dragonite|Protect\n|move|p1b: Bellibolt|Protect|p1b: Bellibolt\n|-singleturn|p1b: Bellibolt|Protect\n|-formechange|p2a: Aegislash|Aegislash-Blade|\n|move|p2a: Aegislash|Shadow Ball|p1b: Bellibolt\n|-activate|p1b: Bellibolt|move: Protect\n|\n|upkeep\n|turn|8\n|inactive|Sewedi Mibalzoff has 30 seconds left.\n|\n|t:|1776022998\n|switch|p1a: Pelipper|Pelipper, L50, F|69/100\n|-weather|RainDance|[from] ability: Drizzle|[of] p1a: Pelipper\n|move|p2b: Dragonite|Dragon Pulse|p1b: Bellibolt\n|-damage|p1b: Bellibolt|70/100\n|-start|p1b: Bellibolt|Charge|Dragon Pulse|[from] ability: Electromorphosis\n|move|p2a: Aegislash|Close Combat|p1a: Pelipper\n|-resisted|p1a: Pelipper|1\n|-damage|p1a: Pelipper|52/100\n|-unboost|p2a: Aegislash|def|1\n|-unboost|p2a: Aegislash|spd|1\n|move|p1b: Bellibolt|Thunder|p2a: Aegislash\n|-damage|p2a: Aegislash|0 fnt\n|faint|p2a: Aegislash\n|-end|p1b: Bellibolt|Charge|[silent]\n|\n|-weather|RainDance|[upkeep]\n|upkeep\n|turn|9\n|inactive|Sewedi Mibalzoff has 30 seconds left.\n|\n|t:|1776023027\n|move|p2b: Dragonite|Dragon Pulse|p1a: Pelipper\n|-damage|p1a: Pelipper|0 fnt\n|faint|p1a: Pelipper\n|move|p1b: Bellibolt|Thunder|p2b: Dragonite\n|-crit|p2b: Dragonite\n|-damage|p2b: Dragonite|66/100\n|-status|p2b: Dragonite|par\n|\n|-weather|RainDance|[upkeep]\n|upkeep\n|\n|t:|1776023034\n|switch|p1a: Dragonite|Dragonite-Mega, L50, M|85/100\n|turn|10\n|\n|t:|1776023038\n|move|p1a: Dragonite|Draco Meteor|p2b: Dragonite\n|-supereffective|p2b: Dragonite|1\n|-damage|p2b: Dragonite|0 fnt\n|-unboost|p1a: Dragonite|spa|2\n|faint|p2b: Dragonite\n|\n|win|Sewedi Mibalzoff\n|raw|Sewedi Mibalzoff's rating: 1107 &rarr; <strong>1133</strong><br />(+26 for winning)\n|raw|LegaLas16's rating: 1114 &rarr; <strong>1088</strong><br />(-26 for losing)\n|l|\u2606LegaLas16\n|player|p2|\n",
  "uploadtime": 1776023067,
  "views": 26,
  "formatid": "gen9championsvgc2026regma",
  "rating": 1088,
  "private": 0,
  "password": null
}