{
  "id": "gen9championsvgc2026regma-2581139383",
  "format": "[Gen 9 Champions] VGC 2026 Reg M-A",
  "players": [
    "HappyW",
    "CrimsonST"
  ],
  "log": "|j|\u2606HappyW\n|j|\u2606CrimsonST\n|t:|1775963667\n|gametype|doubles\n|player|p1|HappyW|akari|1000\n|player|p2|CrimsonST|bruno|1067\n|gen|9\n|tier|[Gen 9 Champions] VGC 2026 Reg M-A\n|rated|\n|rule|Species Clause: Limit one of each Pok\u00e9mon\n|rule|Item Clause: Limit 1 of each item\n|clearpoke\n|poke|p1|Altaria, L50, M|\n|poke|p1|Sneasler, L50, F|\n|poke|p1|Delphox, L50, M|\n|poke|p1|Whimsicott, L50, F|\n|poke|p1|Rotom-Wash, L50|\n|poke|p1|Kingambit, L50, F|\n|poke|p2|Hydreigon, L50, F|\n|poke|p2|Excadrill, L50, F|\n|poke|p2|Orthworm, L50, F|\n|poke|p2|Basculegion, L50, M|\n|poke|p2|Incineroar, L50, F|\n|poke|p2|Sneasler, L50, M|\n|teampreview|4\n|inactive|Battle timer is ON: inactive players will automatically lose when time's up. (requested by HappyW)\n|inactive|HappyW has 60 seconds left.\n|inactive|CrimsonST has 60 seconds left.\n|inactive|HappyW has 30 seconds left.\n|\n|t:|1775963729\n|teamsize|p1|4\n|teamsize|p2|4\n|start\n|switch|p1a: Whimsicott|Whimsicott, L50, F|100/100\n|switch|p1b: Sneasler|Sneasler, L50, F|100/100\n|switch|p2a: Incineroar|Incineroar, L50, F|100/100\n|switch|p2b: Orthworm|Orthworm, L50, F|100/100\n|-ability|p2a: Incineroar|Intimidate|boost\n|-unboost|p1a: Whimsicott|atk|1\n|-unboost|p1b: Sneasler|atk|1\n|-enditem|p1b: Sneasler|White Herb\n|-clearnegativeboost|p1b: Sneasler|[silent]\n|turn|1\n|\n|t:|1775963744\n|move|p1b: Sneasler|Protect|p1b: Sneasler\n|-singleturn|p1b: Sneasler|Protect\n|move|p2a: Incineroar|Protect|p2a: Incineroar\n|-singleturn|p2a: Incineroar|Protect\n|move|p1a: Whimsicott|Tailwind|p1a: Whimsicott\n|-sidestart|p1: HappyW|move: Tailwind\n|move|p2b: Orthworm|Iron Defense|p2b: Orthworm\n|-boost|p2b: Orthworm|def|2\n|\n|upkeep\n|turn|2\n|\n|t:|1775963756\n|move|p2b: Orthworm|Protect|p2b: Orthworm\n|-singleturn|p2b: Orthworm|Protect\n|move|p1a: Whimsicott|Encore|p2b: Orthworm\n|-activate|p2b: Orthworm|move: Protect\n|move|p1b: Sneasler|Close Combat|p2a: Incineroar\n|-supereffective|p2a: Incineroar|1\n|-damage|p2a: Incineroar|0 fnt\n|-unboost|p1b: Sneasler|def|1\n|-unboost|p1b: Sneasler|spd|1\n|faint|p2a: Incineroar\n|\n|upkeep\n|\n|t:|1775963765\n|switch|p2a: Hydreigon|Hydreigon, L50, F|100/100\n|turn|3\n|\n|t:|1775963774\n|move|p2a: Hydreigon|Protect|p2a: Hydreigon\n|-singleturn|p2a: Hydreigon|Protect\n|move|p1a: Whimsicott|Encore|p2b: Orthworm\n|-start|p2b: Orthworm|Encore\n|move|p2b: Orthworm|Protect||[still]\n|-fail|p2b: Orthworm\n|move|p1b: Sneasler|Close Combat|p2a: Hydreigon\n|-activate|p2a: Hydreigon|move: Protect\n|\n|upkeep\n|turn|4\n|\n|t:|1775963788\n|switch|p1b: Delphox|Delphox, L50, M|100/100\n|switch|p2a: Excadrill|Excadrill, L50, F|100/100\n|move|p2b: Orthworm|Protect|p2b: Orthworm\n|-singleturn|p2b: Orthworm|Protect\n|move|p1a: Whimsicott|Moonblast|p2a: Excadrill\n|-resisted|p2a: Excadrill|1\n|-damage|p2a: Excadrill|76/100\n|\n|-sideend|p1: HappyW|move: Tailwind\n|upkeep\n|turn|5\n|\n|t:|1775963800\n|switch|p2b: Hydreigon|Hydreigon, L50, F|100/100\n|detailschange|p1b: Delphox|Delphox-Mega, L50, M\n|-mega|p1b: Delphox|Delphox|Delphoxite\n|detailschange|p2a: Excadrill|Excadrill-Mega, L50, F\n|-mega|p2a: Excadrill|Excadrill|Excadrite\n|move|p1a: Whimsicott|Tailwind|p1a: Whimsicott\n|-sidestart|p1: HappyW|move: Tailwind\n|move|p1b: Delphox|Mystical Fire|p2a: Excadrill\n|-supereffective|p2a: Excadrill|1\n|-damage|p2a: Excadrill|0 fnt\n|faint|p2a: Excadrill\n|\n|upkeep\n|\n|t:|1775963808\n|switch|p2a: Orthworm|Orthworm, L50, F|100/100\n|turn|6\n|\n|t:|1775963830\n|move|p1b: Delphox|Mystical Fire|p2a: Orthworm\n|-supereffective|p2a: Orthworm|1\n|-damage|p2a: Orthworm|1/100\n|-unboost|p2a: Orthworm|spa|1\n|move|p1a: Whimsicott|Moonblast|p2b: Hydreigon\n|-supereffective|p2b: Hydreigon|2\n|-damage|p2b: Hydreigon|0 fnt\n|faint|p2b: Hydreigon\n|move|p2a: Orthworm|Iron Defense|p2a: Orthworm\n|-boost|p2a: Orthworm|def|2\n|\n|-heal|p2a: Orthworm|7/100|[from] item: Leftovers\n|upkeep\n|turn|7\n|-message|CrimsonST forfeited.\n|\n|win|HappyW\n|raw|HappyW's rating: 1000 &rarr; <strong>1048</strong><br />(+48 for winning)\n|raw|CrimsonST's rating: 1067 &rarr; <strong>1043</strong><br />(-24 for losing)\n|l|\u2606CrimsonST\n|player|p2|\n",
  "uploadtime": 1775963840,
  "views": 18,
  "formatid": "gen9championsvgc2026regma",
  "rating": 1043,
  "private": 0,
  "password": null
}