{
  "id": "gen9championsvgc2026regma-2588109592",
  "format": "[Gen 9 Champions] VGC 2026 Reg M-A",
  "players": [
    "Kpro1234",
    "keklorekek"
  ],
  "log": "|j|\u2606Kpro1234\n|j|\u2606keklorekek\n|t:|1776605307\n|gametype|doubles\n|player|p1|Kpro1234|steven|1261\n|player|p2|keklorekek|sailor|1270\n|gen|9\n|tier|[Gen 9 Champions] VGC 2026 Reg M-A\n|rated|\n|rule|Species Clause: Limit one of each Pok\u00e9mon\n|rule|Item Clause: Limit 1 of each item\n|clearpoke\n|poke|p1|Golurk, L50, shiny|\n|poke|p1|Farigiraf, L50, M|\n|poke|p1|Incineroar, L50, M|\n|poke|p1|Torkoal, L50, F|\n|poke|p1|Sneasler, L50, F|\n|poke|p1|Venusaur, L50, F, shiny|\n|poke|p2|Clefable, L50, M|\n|poke|p2|Garchomp, L50, M, shiny|\n|poke|p2|Aerodactyl, L50, M, shiny|\n|poke|p2|Volcarona, L50, F, shiny|\n|poke|p2|Tinkaton, L50, F, shiny|\n|poke|p2|Rotom-Mow, L50|\n|teampreview|4\n|inactive|Battle timer is ON: inactive players will automatically lose when time's up. (requested by Kpro1234)\n|inactive|keklorekek has 60 seconds left.\n|\n|t:|1776605343\n|teamsize|p1|4\n|teamsize|p2|4\n|start\n|switch|p1a: Farigiraf|Farigiraf, L50, M|100/100\n|switch|p1b: Incineroar|Incineroar, L50, M|100/100\n|switch|p2a: Tinkaton|Tinkaton, L50, F, shiny|100/100\n|switch|p2b: Clefable|Clefable, L50, M|100/100\n|-ability|p1b: Incineroar|Intimidate|boost\n|-fail|p2a: Tinkaton|unboost|Attack|[from] ability: Own Tempo|[of] p2a: Tinkaton\n|-unboost|p2b: Clefable|atk|1\n|turn|1\n|\n|t:|1776605357\n|move|p2a: Tinkaton|Fake Out||[still]\n|cant|p1a: Farigiraf|ability: Armor Tail|Fake Out|[of] p2a: Tinkaton\n|move|p2b: Clefable|Calm Mind|p2b: Clefable\n|-boost|p2b: Clefable|spa|1\n|-boost|p2b: Clefable|spd|1\n|move|p1b: Incineroar|Parting Shot|p2a: Tinkaton\n|-unboost|p2a: Tinkaton|atk|1\n|-unboost|p2a: Tinkaton|spa|1\n|\n|t:|1776605370\n|switch|p1b: Golurk|Golurk, L50, shiny|100/100|[from] Parting Shot\n|move|p1a: Farigiraf|Trick Room|p1a: Farigiraf\n|-fieldstart|move: Trick Room|[of] p1a: Farigiraf\n|\n|upkeep\n|turn|2\n|\n|t:|1776605391\n|switch|p1a: Torkoal|Torkoal, L50, F|100/100\n|-weather|SunnyDay|[from] ability: Drought|[of] p1a: Torkoal\n|switch|p2a: Garchomp|Garchomp, L50, M, shiny|100/100\n|detailschange|p1b: Golurk|Golurk-Mega, L50, shiny\n|-mega|p1b: Golurk|Golurk|Golurkite\n|detailschange|p2b: Clefable|Clefable-Mega, L50, M\n|-mega|p2b: Clefable|Clefable|Clefablite\n|move|p1b: Golurk|Headlong Rush|p2b: Clefable\n|-immune|p2b: Clefable\n|move|p2b: Clefable|Moonblast|p1b: Golurk\n|-damage|p1b: Golurk|32/100\n|\n|-weather|SunnyDay|[upkeep]\n|upkeep\n|turn|3\n|\n|t:|1776605417\n|move|p1a: Torkoal|Eruption|p2a: Garchomp|[spread] p2a,p2b\n|-resisted|p2a: Garchomp|1\n|-damage|p2a: Garchomp|56/100\n|-damage|p2b: Clefable|52/100\n|move|p1b: Golurk|Ice Punch|p2a: Garchomp\n|-supereffective|p2a: Garchomp|2\n|-damage|p2a: Garchomp|0 fnt\n|-damage|p1b: Golurk|20/100|[from] ability: Rough Skin|[of] p2a: Garchomp\n|faint|p2a: Garchomp\n|move|p2b: Clefable|Psychic|p1a: Torkoal\n|-damage|p1a: Torkoal|37/100\n|\n|-weather|SunnyDay|[upkeep]\n|upkeep\n|\n|t:|1776605425\n|switch|p2a: Tinkaton|Tinkaton, L50, F, shiny|100/100\n|turn|4\n|\n|t:|1776605449\n|switch|p1b: Farigiraf|Farigiraf, L50, M|100/100\n|move|p2a: Tinkaton|Fake Out||[still]\n|cant|p1b: Farigiraf|ability: Armor Tail|Fake Out|[of] p2a: Tinkaton\n|move|p1a: Torkoal|Weather Ball|p2a: Tinkaton\n|-supereffective|p2a: Tinkaton|1\n|-crit|p2a: Tinkaton\n|-damage|p2a: Tinkaton|0 fnt\n|faint|p2a: Tinkaton\n|move|p2b: Clefable|Moonblast|p1b: Farigiraf\n|-damage|p1b: Farigiraf|29/100\n|-enditem|p1b: Farigiraf|Sitrus Berry|[eat]\n|-heal|p1b: Farigiraf|54/100|[from] item: Sitrus Berry\n|\n|-weather|SunnyDay|[upkeep]\n|upkeep\n|\n|t:|1776605458\n|switch|p2a: Volcarona|Volcarona, L50, F, shiny|100/100\n|turn|5\n|\n|t:|1776605467\n|move|p1b: Farigiraf|Helping Hand|p1a: Torkoal\n|-singleturn|p1a: Torkoal|Helping Hand|[of] p1b: Farigiraf\n|move|p2b: Clefable|Protect|p2b: Clefable\n|-singleturn|p2b: Clefable|Protect\n|move|p1a: Torkoal|Heat Wave|p2a: Volcarona|[spread] p2a\n|-activate|p2b: Clefable|move: Protect\n|-damage|p2a: Volcarona|21/100\n|move|p2a: Volcarona|Quiver Dance|p2a: Volcarona\n|-boost|p2a: Volcarona|spa|1\n|-boost|p2a: Volcarona|spd|1\n|-boost|p2a: Volcarona|spe|1\n|\n|-weather|SunnyDay|[upkeep]\n|-heal|p2a: Volcarona|27/100|[from] item: Leftovers\n|-fieldend|move: Trick Room\n|upkeep\n|turn|6\n|\n|t:|1776605487\n|move|p2a: Volcarona|Heat Wave|p1b: Farigiraf|[spread] p1a,p1b\n|-resisted|p1a: Torkoal|1\n|-damage|p1a: Torkoal|0 fnt\n|-damage|p1b: Farigiraf|0 fnt\n|faint|p1a: Torkoal\n|faint|p1b: Farigiraf\n|move|p2b: Clefable|Psychic|p1: Torkoal|[notarget]\n|-fail|p2b: Clefable\n|\n|-weather|none\n|-heal|p2a: Volcarona|33/100|[from] item: Leftovers\n|upkeep\n|\n|t:|1776605491\n|switch|p1b: Incineroar|Incineroar, L50, M|100/100\n|switch|p1a: Golurk|Golurk-Mega, L50, shiny|20/100\n|-ability|p1b: Incineroar|Intimidate|boost\n|-unboost|p2a: Volcarona|atk|1\n|-unboost|p2b: Clefable|atk|1\n|turn|7\n|\n|t:|1776605497\n|move|p2a: Volcarona|Protect|p2a: Volcarona\n|-singleturn|p2a: Volcarona|Protect\n|move|p2b: Clefable|Protect|p2b: Clefable\n|-singleturn|p2b: Clefable|Protect\n|move|p1b: Incineroar|Fake Out|p2a: Volcarona\n|-activate|p2a: Volcarona|move: Protect\n|move|p1a: Golurk|Ice Punch|p2b: Clefable\n|-supereffective|p2b: Clefable|1\n|-crit|p2b: Clefable\n|-ability|p1a: Golurk|Unseen Fist\n|-zbroken|p2b: Clefable\n|-damage|p2b: Clefable|26/100\n|\n|-heal|p2a: Volcarona|39/100|[from] item: Leftovers\n|upkeep\n|turn|8\n|\n|t:|1776605514\n|move|p1a: Golurk|Protect|p1a: Golurk\n|-singleturn|p1a: Golurk|Protect\n|move|p2a: Volcarona|Heat Wave|p1b: Incineroar|[spread] p1b\n|-activate|p1a: Golurk|move: Protect\n|-resisted|p1b: Incineroar|1\n|-damage|p1b: Incineroar|72/100\n|move|p2b: Clefable|Moonblast|p1b: Incineroar\n|-damage|p1b: Incineroar|2/100\n|-unboost|p1b: Incineroar|spa|1\n|move|p1b: Incineroar|Flare Blitz|p2b: Clefable\n|-damage|p2b: Clefable|0 fnt\n|faint|p2b: Clefable\n|-damage|p1b: Incineroar|0 fnt|[from] Recoil\n|faint|p1b: Incineroar\n|\n|-heal|p2a: Volcarona|45/100|[from] item: Leftovers\n|upkeep\n|turn|9\n|c|\u2606keklorekek|gg ez\n|\n|t:|1776605534\n|move|p2a: Volcarona|Giga Drain|p1a: Golurk\n|-supereffective|p1a: Golurk|1\n|-damage|p1a: Golurk|0 fnt\n|-heal|p2a: Volcarona|55/100|[from] drain|[of] p1a: Golurk\n|faint|p1a: Golurk\n|\n|win|keklorekek\n|raw|Kpro1234's rating: 1261 &rarr; <strong>1237</strong><br />(-24 for losing)\n|raw|keklorekek's rating: 1270 &rarr; <strong>1294</strong><br />(+24 for winning)\n|c|\u2606Kpro1234|made wrong play\n|c|\u2606Kpro1234|I thought you might attk Golurk via Cleafable\n|c|\u2606Kpro1234|also was unaware about mega clefavle\n|c|\u2606keklorekek|jake la furia\n|c|\u2606Kpro1234|many things tp learn from this game\n|l|\u2606keklorekek\n|player|p2|\n",
  "uploadtime": 1776605664,
  "views": 10,
  "formatid": "gen9championsvgc2026regma",
  "rating": 1237,
  "private": 0,
  "password": null
}