{
  "id": "gen9championsvgc2026regma-2581112602",
  "format": "[Gen 9 Champions] VGC 2026 Reg M-A",
  "players": [
    "Megared559",
    "hayniu"
  ],
  "log": "|j|\u2606Megared559\n|j|\u2606hayniu\n|t:|1775961047\n|gametype|doubles\n|player|p1|Megared559|hilbert|1068\n|player|p2|hayniu|101|1159\n|gen|9\n|tier|[Gen 9 Champions] VGC 2026 Reg M-A\n|rated|\n|rule|Species Clause: Limit one of each Pok\u00e9mon\n|rule|Item Clause: Limit 1 of each item\n|clearpoke\n|poke|p1|Incineroar, L50, F|\n|poke|p1|Garchomp, L50, F|\n|poke|p1|Whimsicott, L50, F|\n|poke|p1|Sneasler, L50, M|\n|poke|p1|Charizard, L50, M|\n|poke|p1|Sinistcha-Masterpiece, L50|\n|poke|p2|Aurorus, L50, M|\n|poke|p2|Camerupt, L50, M|\n|poke|p2|Chesnaught, L50, M|\n|poke|p2|Crabominable, L50, M|\n|poke|p2|Greninja-*, L50, M|\n|poke|p2|Reuniclus, L50, M|\n|teampreview|4\n|\n|t:|1775961085\n|teamsize|p1|4\n|teamsize|p2|4\n|start\n|switch|p1a: Incineroar|Incineroar, L50, F|100/100\n|switch|p1b: Sinistcha|Sinistcha-Masterpiece, L50|100/100\n|switch|p2a: Chesnaught|Chesnaught, L50, M|100/100\n|switch|p2b: Reuniclus|Reuniclus, L50, M|100/100\n|-ability|p1a: Incineroar|Intimidate|boost\n|-unboost|p2a: Chesnaught|atk|1\n|-unboost|p2b: Reuniclus|atk|1\n|turn|1\n|\n|t:|1775961117\n|move|p2b: Reuniclus|Protect|p2b: Reuniclus\n|-singleturn|p2b: Reuniclus|Protect\n|move|p1a: Incineroar|Fake Out|p2b: Reuniclus\n|-activate|p2b: Reuniclus|move: Protect\n|move|p1b: Sinistcha|Rage Powder|p1b: Sinistcha\n|-singleturn|p1b: Sinistcha|move: Rage Powder\n|move|p2a: Chesnaught|Body Press|p1a: Incineroar\n|-supereffective|p1a: Incineroar|1\n|-damage|p1a: Incineroar|28/100\n|-enditem|p1a: Incineroar|Sitrus Berry|[eat]\n|-heal|p1a: Incineroar|53/100|[from] item: Sitrus Berry\n|\n|upkeep\n|turn|2\n|\n|t:|1775961143\n|switch|p1b: Garchomp|Garchomp, L50, F|100/100\n|switch|p1a: Charizard|Charizard, L50, M, shiny|100/100\n|move|p2a: Chesnaught|Body Press|p1a: Charizard\n|-resisted|p1a: Charizard|1\n|-damage|p1a: Charizard|72/100\n|move|p2b: Reuniclus|Trick Room|p2b: Reuniclus\n|-fieldstart|move: Trick Room|[of] p2b: Reuniclus\n|\n|upkeep\n|turn|3\n|\n|t:|1775961155\n|move|p1a: Charizard|Protect|p1a: Charizard\n|-singleturn|p1a: Charizard|Protect\n|move|p1b: Garchomp|Protect|p1b: Garchomp\n|-singleturn|p1b: Garchomp|Protect\n|move|p2a: Chesnaught|Wide Guard|p2a: Chesnaught\n|-singleturn|p2a: Chesnaught|Wide Guard\n|move|p2b: Reuniclus|Psychic Noise|p1b: Garchomp\n|-activate|p1b: Garchomp|move: Protect\n|\n|upkeep\n|turn|4\n|\n|t:|1775961171\n|switch|p2a: Crabominable|Crabominable, L50, M|100/100\n|switch|p1a: Incineroar|Incineroar, L50, F|53/100\n|-ability|p1a: Incineroar|Intimidate|boost\n|-fail|p2a: Crabominable|unboost|Attack|[from] ability: Hyper Cutter|[of] p2a: Crabominable\n|-unboost|p2b: Reuniclus|atk|1\n|switch|p1b: Sinistcha|Sinistcha-Masterpiece, L50|100/100\n|-heal|p1a: Incineroar|78/100|[from] ability: Hospitality|[of] p1b: Sinistcha\n|move|p2b: Reuniclus|Encore||[still]\n|-fail|p2b: Reuniclus\n|\n|upkeep\n|turn|5\n|\n|t:|1775961193\n|switch|p2b: Aurorus|Aurorus, L50, M|100/100\n|-weather|Snowscape|[from] ability: Snow Warning|[of] p2b: Aurorus\n|move|p1a: Incineroar|Fake Out|p2a: Crabominable\n|-damage|p2a: Crabominable|92/100\n|cant|p2a: Crabominable|flinch\n|move|p1b: Sinistcha|Trick Room|p1b: Sinistcha\n|-fieldend|move: Trick Room\n|\n|-weather|Snowscape|[upkeep]\n|upkeep\n|turn|6\n|\n|t:|1775961213\n|switch|p1b: Garchomp|Garchomp, L50, F|100/100\n|move|p1a: Incineroar|Flare Blitz|p2a: Crabominable\n|-supereffective|p2a: Crabominable|1\n|-damage|p2a: Crabominable|10/100\n|-damage|p1a: Incineroar|55/100|[from] Recoil\n|move|p2b: Aurorus|Blizzard|p1a: Incineroar|[spread] p1a,p1b\n|-resisted|p1a: Incineroar|1\n|-supereffective|p1b: Garchomp|2\n|-damage|p1a: Incineroar|44/100\n|-damage|p1b: Garchomp|0 fnt\n|faint|p1b: Garchomp\n|move|p2a: Crabominable|Drain Punch|p1a: Incineroar\n|-supereffective|p1a: Incineroar|1\n|-damage|p1a: Incineroar|0 fnt\n|-heal|p2a: Crabominable|36/100|[from] drain|[of] p1a: Incineroar\n|faint|p1a: Incineroar\n|\n|-weather|Snowscape|[upkeep]\n|upkeep\n|\n|t:|1775961223\n|switch|p1b: Sinistcha|Sinistcha-Masterpiece, L50|100/100\n|switch|p1a: Charizard|Charizard, L50, M, shiny|72/100\n|-heal|p1a: Charizard|97/100|[from] ability: Hospitality|[of] p1b: Sinistcha\n|turn|7\n|\n|t:|1775961232\n|detailschange|p1a: Charizard|Charizard-Mega-Y, L50, M, shiny\n|-mega|p1a: Charizard|Charizard|Charizardite Y\n|-weather|SunnyDay|[from] ability: Drought|[of] p1a: Charizard\n|move|p1a: Charizard|Heat Wave|p2b: Aurorus|[spread] p2a,p2b\n|-supereffective|p2a: Crabominable|1\n|-damage|p2a: Crabominable|0 fnt\n|-damage|p2b: Aurorus|52/100\n|faint|p2a: Crabominable\n|move|p1b: Sinistcha|Matcha Gotcha|p2b: Aurorus\n|-supereffective|p2b: Aurorus|1\n|-damage|p2b: Aurorus|8/100\n|move|p2b: Aurorus|Thunder Wave|p1a: Charizard\n|-status|p1a: Charizard|par\n|\n|-weather|SunnyDay|[upkeep]\n|upkeep\n|\n|t:|1775961240\n|switch|p2a: Reuniclus|Reuniclus, L50, M|100/100\n|turn|8\n|\n|t:|1775961253\n|move|p1b: Sinistcha|Matcha Gotcha|p2a: Reuniclus|[spread] p2a,p2b\n|-supereffective|p2b: Aurorus|1\n|-damage|p2a: Reuniclus|80/100\n|-damage|p2b: Aurorus|0 fnt\n|faint|p2b: Aurorus\n|move|p1a: Charizard|Heat Wave|p2a: Reuniclus|[miss]\n|-miss|p1a: Charizard|p2a: Reuniclus\n|move|p2a: Reuniclus|Trick Room|p2a: Reuniclus\n|-fieldstart|move: Trick Room|[of] p2a: Reuniclus\n|\n|-weather|SunnyDay|[upkeep]\n|upkeep\n|\n|t:|1775961255\n|switch|p2b: Chesnaught|Chesnaught, L50, M|100/100\n|turn|9\n|\n|t:|1775961271\n|move|p2b: Chesnaught|Wide Guard|p2b: Chesnaught\n|-singleturn|p2b: Chesnaught|Wide Guard\n|move|p2a: Reuniclus|Psychic Noise|p1b: Sinistcha\n|-damage|p1b: Sinistcha|74/100\n|-start|p1b: Sinistcha|move: Heal Block\n|-enditem|p1b: Sinistcha|Mental Herb\n|-end|p1b: Sinistcha|move: Heal Block\n|move|p1a: Charizard|Heat Wave|p2a: Reuniclus|[spread] \n|-activate|p2a: Reuniclus|move: Wide Guard\n|-activate|p2b: Chesnaught|move: Wide Guard\n|move|p1b: Sinistcha|Life Dew|p1b: Sinistcha|[spread] p1a,p1b\n|-heal|p1a: Charizard|100/100 par\n|-heal|p1b: Sinistcha|99/100\n|\n|-weather|SunnyDay|[upkeep]\n|upkeep\n|turn|10\n|\n|t:|1775961284\n|move|p2b: Chesnaught|Wide Guard|p2b: Chesnaught\n|-singleturn|p2b: Chesnaught|Wide Guard\n|move|p2a: Reuniclus|Encore|p1a: Charizard\n|-start|p1a: Charizard|Encore\n|move|p1a: Charizard|Heat Wave|p2b: Chesnaught|[spread] \n|-activate|p2a: Reuniclus|move: Wide Guard\n|-activate|p2b: Chesnaught|move: Wide Guard\n|move|p1b: Sinistcha|Matcha Gotcha|p2a: Reuniclus|[spread] \n|-activate|p2a: Reuniclus|move: Wide Guard\n|-activate|p2b: Chesnaught|move: Wide Guard\n|\n|-weather|SunnyDay|[upkeep]\n|upkeep\n|turn|11\n|\n|t:|1775961305\n|move|p2b: Chesnaught|Wide Guard|p2b: Chesnaught\n|-singleturn|p2b: Chesnaught|Wide Guard\n|move|p2a: Reuniclus|Psychic Noise|p1a: Charizard\n|-damage|p1a: Charizard|67/100 par\n|-start|p1a: Charizard|move: Heal Block\n|move|p1a: Charizard|Heat Wave|p2a: Reuniclus|[spread] \n|-activate|p2a: Reuniclus|move: Wide Guard\n|-activate|p2b: Chesnaught|move: Wide Guard\n|move|p1b: Sinistcha|Matcha Gotcha|p2b: Chesnaught|[spread] \n|-activate|p2a: Reuniclus|move: Wide Guard\n|-activate|p2b: Chesnaught|move: Wide Guard\n|\n|-weather|none\n|upkeep\n|turn|12\n|\n|t:|1775961318\n|move|p2b: Chesnaught|Wide Guard|p2b: Chesnaught\n|-singleturn|p2b: Chesnaught|Wide Guard\n|move|p2a: Reuniclus|Psychic Noise|p1a: Charizard\n|-damage|p1a: Charizard|32/100 par\n|move|p1a: Charizard|Heat Wave|p2a: Reuniclus|[spread] \n|-activate|p2a: Reuniclus|move: Wide Guard\n|-activate|p2b: Chesnaught|move: Wide Guard\n|move|p1b: Sinistcha|Life Dew||[still]|[spread] p1a,p1b\n|-fail|p1b: Sinistcha\n|-heal|p1b: Sinistcha|100/100\n|\n|-end|p1a: Charizard|Encore\n|-end|p1a: Charizard|move: Heal Block\n|-fieldend|move: Trick Room\n|upkeep\n|turn|13\n|\n|t:|1775961345\n|move|p1a: Charizard|Protect|p1a: Charizard\n|-singleturn|p1a: Charizard|Protect\n|move|p2b: Chesnaught|Wide Guard|p2b: Chesnaught\n|-singleturn|p2b: Chesnaught|Wide Guard\n|move|p1b: Sinistcha|Matcha Gotcha|p2a: Reuniclus|[spread] \n|-activate|p2a: Reuniclus|move: Wide Guard\n|-activate|p2b: Chesnaught|move: Wide Guard\n|move|p2a: Reuniclus|Trick Room|p2a: Reuniclus\n|-fieldstart|move: Trick Room|[of] p2a: Reuniclus\n|\n|upkeep\n|turn|14\n|-message|Megared559 forfeited.\n|\n|win|hayniu\n|raw|Megared559's rating: 1068 &rarr; <strong>1053</strong><br />(-15 for losing)\n|raw|hayniu's rating: 1159 &rarr; <strong>1178</strong><br />(+19 for winning)\n|l|\u2606Megared559\n|player|p1|\n",
  "uploadtime": 1775961372,
  "views": 12,
  "formatid": "gen9championsvgc2026regma",
  "rating": 1053,
  "private": 0,
  "password": null
}