{
  "id": "gen9championsvgc2026regma-2583424204",
  "format": "[Gen 9 Champions] VGC 2026 Reg M-A",
  "players": [
    "Icarus#UPAD",
    "testhan92"
  ],
  "log": "|j|\u2606Icarus#UPAD\n|j|\u2606testhan92\n|t:|1776174730\n|gametype|doubles\n|player|p1|Icarus#UPAD|grimsley|1268\n|player|p2|testhan92|265|1274\n|gen|9\n|tier|[Gen 9 Champions] VGC 2026 Reg M-A\n|rated|\n|rule|Species Clause: Limit one of each Pok\u00e9mon\n|rule|Item Clause: Limit 1 of each item\n|clearpoke\n|poke|p1|Charizard, L50, M|\n|poke|p1|Venusaur, L50, F|\n|poke|p1|Garchomp, L50, M|\n|poke|p1|Rotom-Wash, L50|\n|poke|p1|Sneasler, L50, M|\n|poke|p1|Incineroar, L50, F|\n|poke|p2|Gardevoir, L50, F|\n|poke|p2|Rotom-Wash, L50|\n|poke|p2|Incineroar, L50, M|\n|poke|p2|Aerodactyl, L50, F|\n|poke|p2|Sneasler, L50, M|\n|poke|p2|Garchomp, L50, M|\n|teampreview|4\n|inactive|Battle timer is ON: inactive players will automatically lose when time's up. (requested by Icarus#UPAD)\n|inactive|testhan92 has 60 seconds left.\nIcarus#UPAD rejected open team sheets.\n|inactive|testhan92 has 30 seconds left.\n|j| bitterblade302\n|inactive|testhan92 has 20 seconds left.\n|inactive|Icarus#UPAD has 60 seconds left.\n|\n|t:|1776174824\n|teamsize|p1|4\n|teamsize|p2|4\n|start\n|switch|p1a: Charizard|Charizard, L50, M|100/100\n|switch|p1b: Venusaur|Venusaur, L50, F|100/100\n|switch|p2a: Gardevoir|Gardevoir, L50, F|100/100\n|switch|p2b: Incineroar|Incineroar, L50, M|100/100\n|-ability|p2b: Incineroar|Intimidate|boost\n|-unboost|p1a: Charizard|atk|1\n|-unboost|p1b: Venusaur|atk|1\n|turn|1\n|inactive|Icarus#UPAD has 30 seconds left.\n|\n|t:|1776174859\n|detailschange|p1a: Charizard|Charizard-Mega-Y, L50, M\n|-mega|p1a: Charizard|Charizard|Charizardite Y\n|-weather|SunnyDay|[from] ability: Drought|[of] p1a: Charizard\n|detailschange|p2a: Gardevoir|Gardevoir-Mega, L50, F\n|-mega|p2a: Gardevoir|Gardevoir|Gardevoirite\n|move|p1a: Charizard|Protect|p1a: Charizard\n|-singleturn|p1a: Charizard|Protect\n|move|p2b: Incineroar|Fake Out|p1b: Venusaur\n|-damage|p1b: Venusaur|87/100\n|cant|p1b: Venusaur|flinch\n|move|p2a: Gardevoir|Trick Room|p2a: Gardevoir\n|-fieldstart|move: Trick Room|[of] p2a: Gardevoir\n|\n|-weather|SunnyDay|[upkeep]\n|upkeep\n|turn|2\n|\n|t:|1776174881\n|switch|p1b: Incineroar|Incineroar, L50, F|100/100\n|-ability|p1b: Incineroar|Intimidate|boost\n|-unboost|p2a: Gardevoir|atk|1\n|-unboost|p2b: Incineroar|atk|1\n|move|p2b: Incineroar|Flare Blitz|p1b: Incineroar\n|-resisted|p1b: Incineroar|1\n|-damage|p1b: Incineroar|80/100\n|-damage|p2b: Incineroar|94/100|[from] Recoil\n|move|p2a: Gardevoir|Psyshock|p1a: Charizard\n|-damage|p1a: Charizard|23/100\n|move|p1a: Charizard|Heat Wave|p2b: Incineroar|[spread] p2a,p2b\n|-resisted|p2b: Incineroar|1\n|-damage|p2a: Gardevoir|49/100\n|-damage|p2b: Incineroar|64/100\n|\n|-weather|SunnyDay|[upkeep]\n|upkeep\n|turn|3\n|inactive|Icarus#UPAD has 30 seconds left.\n|inactive|Icarus#UPAD has 20 seconds left.\n|\n|t:|1776174916\n|switch|p2a: Garchomp|Garchomp, L50, M|100/100\n|move|p1a: Charizard|Protect|p1a: Charizard\n|-singleturn|p1a: Charizard|Protect\n|move|p1b: Incineroar|Fake Out|p2a: Garchomp\n|-damage|p2a: Garchomp|87/100\n|-damage|p1b: Incineroar|67/100|[from] ability: Rough Skin|[of] p2a: Garchomp\n|move|p2b: Incineroar|Flare Blitz|p1a: Charizard\n|-activate|p1a: Charizard|move: Protect\n|\n|-weather|SunnyDay|[upkeep]\n|upkeep\n|turn|4\n|\n|t:|1776174932\n|switch|p1a: Rotom|Rotom-Wash, L50|100/100\n|move|p2b: Incineroar|Flare Blitz|p1a: Rotom\n|-resisted|p1a: Rotom|1\n|-damage|p1a: Rotom|79/100\n|-damage|p2b: Incineroar|58/100|[from] Recoil\n|move|p1b: Incineroar|Parting Shot|p2a: Garchomp\n|-unboost|p2a: Garchomp|atk|1\n|-unboost|p2a: Garchomp|spa|1\n|\n|t:|1776174951\n|switch|p1b: Charizard|Charizard-Mega-Y, L50, M|23/100|[from] Parting Shot\n|move|p2a: Garchomp|Stomping Tantrum|p1b: Charizard\n|-immune|p1b: Charizard\n|\n|-weather|SunnyDay|[upkeep]\n|-heal|p1a: Rotom|85/100|[from] item: Leftovers\n|upkeep\n|turn|5\n|\n|t:|1776174969\n|move|p1b: Charizard|Protect|p1b: Charizard\n|-singleturn|p1b: Charizard|Protect\n|move|p2b: Incineroar|Darkest Lariat|p1a: Rotom\n|-damage|p1a: Rotom|64/100\n|move|p1a: Rotom|Will-O-Wisp|p2a: Garchomp\n|-status|p2a: Garchomp|brn\n|move|p2a: Garchomp|Dragon Claw|p1a: Rotom\n|-damage|p1a: Rotom|50/100\n|\n|-weather|none\n|-heal|p1a: Rotom|56/100|[from] item: Leftovers\n|-damage|p2a: Garchomp|81/100 brn|[from] brn\n|-fieldend|move: Trick Room\n|upkeep\n|turn|6\n|\n|t:|1776174987\n|switch|p1b: Incineroar|Incineroar, L50, F|67/100\n|-ability|p1b: Incineroar|Intimidate|boost\n|-unboost|p2a: Garchomp|atk|1\n|-unboost|p2b: Incineroar|atk|1\n|move|p2a: Garchomp|Stomping Tantrum|p1b: Incineroar\n|-supereffective|p1b: Incineroar|1\n|-damage|p1b: Incineroar|45/100\n|-enditem|p1b: Incineroar|Sitrus Berry|[eat]\n|-heal|p1b: Incineroar|69/100|[from] item: Sitrus Berry\n|move|p1a: Rotom|Hydro Pump|p2b: Incineroar\n|-supereffective|p2b: Incineroar|1\n|-damage|p2b: Incineroar|0 fnt\n|faint|p2b: Incineroar\n|\n|-heal|p1a: Rotom|62/100|[from] item: Leftovers\n|-damage|p2a: Garchomp|75/100 brn|[from] brn\n|upkeep\n|\n|t:|1776175004\n|switch|p2b: Gardevoir|Gardevoir-Mega, L50, F|49/100\n|turn|7\n|\n|t:|1776175024\n|switch|p2a: Aerodactyl|Aerodactyl, L50, F|100/100\n|-ability|p2a: Aerodactyl|Unnerve\n|switch|p1a: Venusaur|Venusaur, L50, F|87/100\n|move|p2b: Gardevoir|Protect|p2b: Gardevoir\n|-singleturn|p2b: Gardevoir|Protect\n|move|p1b: Incineroar|Fake Out|p2b: Gardevoir\n|-activate|p2b: Gardevoir|move: Protect\n|\n|upkeep\n|turn|8\n|inactive|Icarus#UPAD has 30 seconds left.\n|\n|t:|1776175057\n|switch|p2b: Garchomp|Garchomp, L50, M|75/100 brn\n|switch|p1b: Charizard|Charizard-Mega-Y, L50, M|23/100\n|-weather|SunnyDay|[from] ability: Drought|[of] p1b: Charizard\n|move|p1a: Venusaur|Sludge Bomb|p2b: Garchomp\n|-resisted|p2b: Garchomp|1\n|-damage|p2b: Garchomp|57/100 brn\n|move|p2a: Aerodactyl|Dual Wingbeat|p1a: Venusaur\n|-supereffective|p1a: Venusaur|1\n|-damage|p1a: Venusaur|37/100\n|-supereffective|p1a: Venusaur|1\n|-crit|p1a: Venusaur\n|-damage|p1a: Venusaur|0 fnt\n|faint|p1a: Venusaur\n|-hitcount|p1: Venusaur|2\n|\n|-weather|SunnyDay|[upkeep]\n|-damage|p2b: Garchomp|51/100 brn|[from] brn\n|upkeep\n|\n|t:|1776175067\n|switch|p1a: Incineroar|Incineroar, L50, F|69/100\n|-ability|p1a: Incineroar|Intimidate|boost\n|-unboost|p2a: Aerodactyl|atk|1\n|-unboost|p2b: Garchomp|atk|1\n|turn|9\n|\n|t:|1776175083\n|move|p1a: Incineroar|Fake Out|p2a: Aerodactyl\n|-resisted|p2a: Aerodactyl|1\n|-damage|p2a: Aerodactyl|89/100\n|cant|p2a: Aerodactyl|flinch\n|move|p1b: Charizard|Solar Beam||[still]\n|-prepare|p1b: Charizard|Solar Beam\n|-anim|p1b: Charizard|Solar Beam|p2a: Aerodactyl\n|-damage|p2a: Aerodactyl|24/100\n|move|p2b: Garchomp|Dragon Claw|p1b: Charizard\n|-damage|p1b: Charizard|0 fnt\n|faint|p1b: Charizard\n|\n|-weather|SunnyDay|[upkeep]\n|-damage|p2b: Garchomp|45/100 brn|[from] brn\n|upkeep\n|\n|t:|1776175093\n|switch|p1b: Rotom|Rotom-Wash, L50|62/100\n|turn|10\n|inactive|testhan92 has 30 seconds left.\n|\n|t:|1776175121\n|move|p2a: Aerodactyl|Tailwind|p2a: Aerodactyl\n|-sidestart|p2: testhan92|move: Tailwind\n|move|p2b: Garchomp|Stomping Tantrum|p1a: Incineroar\n|-supereffective|p1a: Incineroar|1\n|-damage|p1a: Incineroar|41/100\n|move|p1b: Rotom|Hydro Pump|p2b: Garchomp\n|-damage|p2b: Garchomp|23/100 brn\n|move|p1a: Incineroar|Darkest Lariat|p2a: Aerodactyl\n|-damage|p2a: Aerodactyl|0 fnt\n|faint|p2a: Aerodactyl\n|\n|-weather|SunnyDay|[upkeep]\n|-heal|p1b: Rotom|67/100|[from] item: Leftovers\n|-damage|p2b: Garchomp|17/100 brn|[from] brn\n|upkeep\n|\n|t:|1776175136\n|switch|p2a: Gardevoir|Gardevoir-Mega, L50, F|49/100\n|turn|11\n|\n|t:|1776175153\n|move|p2b: Garchomp|Dragon Claw|p1b: Rotom\n|-damage|p1b: Rotom|54/100\n|move|p2a: Gardevoir|Hyper Voice|p1a: Incineroar|[spread] p1a,p1b\n|-damage|p1a: Incineroar|0 fnt\n|-damage|p1b: Rotom|0 fnt\n|faint|p1a: Incineroar\n|faint|p1b: Rotom\n|\n|win|testhan92\n|raw|Icarus#UPAD's rating: 1268 &rarr; <strong>1243</strong><br />(-25 for losing)\n|raw|testhan92's rating: 1274 &rarr; <strong>1299</strong><br />(+25 for winning)\n|l|\u2606Icarus#UPAD\n|player|p1|\n",
  "uploadtime": 1776175163,
  "views": 31,
  "formatid": "gen9championsvgc2026regma",
  "rating": 1243,
  "private": 0,
  "password": null
}