{
  "id": "gen9championsvgc2026regma-2583882959",
  "format": "[Gen 9 Champions] VGC 2026 Reg M-A",
  "players": [
    "B-Nut17",
    "darthbear1976"
  ],
  "log": "|j|\u2606B-Nut17\n|j|\u2606darthbear1976\n|t:|1776205216\n|gametype|doubles\n|player|p1|B-Nut17|dawn|1147\n|player|p2|darthbear1976|pokemonranger-gen4|1114\n|gen|9\n|tier|[Gen 9 Champions] VGC 2026 Reg M-A\n|rated|\n|rule|Species Clause: Limit one of each Pok\u00e9mon\n|rule|Item Clause: Limit 1 of each item\n|clearpoke\n|poke|p1|Starmie, L50|\n|poke|p1|Archaludon, L50, M|\n|poke|p1|Pelipper, L50, M|\n|poke|p1|Sinistcha, L50|\n|poke|p1|Zoroark-Hisui, L50, F|\n|poke|p1|Incineroar, L50, M|\n|poke|p2|Crabominable, L50, M|\n|poke|p2|Slowking, L50, M|\n|poke|p2|Araquanid, L50, M|\n|poke|p2|Aromatisse, L50, F|\n|poke|p2|Incineroar, L50, F|\n|poke|p2|Lycanroc-Dusk, L50, M|\n|teampreview|4\n|inactive|Battle timer is ON: inactive players will automatically lose when time's up. (requested by darthbear1976)\n|inactive|B-Nut17 also wants the timer to be on.\n|\n|t:|1776205244\n|teamsize|p1|4\n|teamsize|p2|4\n|start\n|switch|p1a: Pelipper|Pelipper, L50, M, shiny|100/100\n|switch|p1b: Starmie|Starmie, L50|100/100\n|switch|p2a: Slowking|Slowking, L50, M|100/100\n|switch|p2b: Lycanroc|Lycanroc-Dusk, L50, M, shiny|100/100\n|-weather|RainDance|[from] ability: Drizzle|[of] p1a: Pelipper\n|turn|1\n|inactive|B-Nut17 has 30 seconds left.\n|inactive|darthbear1976 has 30 seconds left.\n|\n|t:|1776205276\n|detailschange|p1b: Starmie|Starmie-Mega, L50\n|-mega|p1b: Starmie|Starmie|Starminite\n|move|p1b: Starmie|Flip Turn|p2b: Lycanroc\n|-supereffective|p2b: Lycanroc|1\n|-enditem|p2b: Lycanroc|Focus Sash\n|-damage|p2b: Lycanroc|1/100\n|\n|t:|1776205283\n|switch|p1b: Starmie|Starmie-Mega, L50|100/100|[from] Flip Turn\n|move|p2b: Lycanroc|Rock Slide|p1a: Pelipper|[spread] p1a,p1b\n|-supereffective|p1a: Pelipper|1\n|-damage|p1a: Pelipper|25/100\n|-damage|p1b: Starmie|47/100\n|replace|p1b: Zoroark|Zoroark-Hisui, L50, F\n|-end|p1b: Zoroark|Illusion\n|move|p1a: Pelipper|Weather Ball|p2b: Lycanroc\n|-supereffective|p2b: Lycanroc|1\n|-damage|p2b: Lycanroc|0 fnt\n|faint|p2b: Lycanroc\n|move|p2a: Slowking|Trick Room|p2a: Slowking\n|-fieldstart|move: Trick Room|[of] p2a: Slowking\n|\n|-weather|RainDance|[upkeep]\n|upkeep\n|\n|t:|1776205299\n|switch|p2b: Araquanid|Araquanid, L50, M, shiny|100/100\n|turn|2\n|\n|t:|1776205312\n|-prepare|p2a: Slowking|Chilly Reception|[premajor]\n|move|p2a: Slowking|Chilly Reception|p2a: Slowking\n|-weather|Snowscape\n|\n|t:|1776205316\n|switch|p2a: Crabominable|Crabominable, L50, M, shiny|100/100|[from] Chilly Reception\n|move|p2b: Araquanid|Liquidation|p1a: Pelipper\n|-resisted|p1a: Pelipper|1\n|-damage|p1a: Pelipper|0 fnt\n|faint|p1a: Pelipper\n|move|p1b: Zoroark|Bitter Malice|p2a: Crabominable\n|-damage|p2a: Crabominable|58/100\n|\n|-weather|Snowscape|[upkeep]\n|upkeep\n|\n|t:|1776205323\n|switch|p1a: Starmie|Starmie-Mega, L50|100/100\n|turn|3\n|\n|t:|1776205343\n|detailschange|p2a: Crabominable|Crabominable-Mega, L50, M, shiny\n|-mega|p2a: Crabominable|Crabominable|Crabominite\n|move|p1a: Starmie|Protect|p1a: Starmie\n|-singleturn|p1a: Starmie|Protect\n|move|p2a: Crabominable|Ice Hammer|p1b: Zoroark\n|-damage|p1b: Zoroark|0 fnt\n|-unboost|p2a: Crabominable|spe|1\n|faint|p1b: Zoroark\n|move|p2b: Araquanid|Leech Life|p1a: Starmie\n|-activate|p1a: Starmie|move: Protect\n|\n|-weather|Snowscape|[upkeep]\n|upkeep\n|\n|t:|1776205350\n|switch|p1b: Incineroar|Incineroar, L50, M|100/100\n|-ability|p1b: Incineroar|Intimidate|boost\n|-unboost|p2a: Crabominable|atk|1\n|-unboost|p2b: Araquanid|atk|1\n|turn|4\n|\n|t:|1776205364\n|switch|p2a: Slowking|Slowking, L50, M|100/100\n|move|p2b: Araquanid|Protect|p2b: Araquanid\n|-singleturn|p2b: Araquanid|Protect\n|move|p1b: Incineroar|Fake Out|p2a: Slowking\n|-damage|p2a: Slowking|90/100\n|move|p1a: Starmie|Zen Headbutt|p2a: Slowking\n|-resisted|p2a: Slowking|1\n|-damage|p2a: Slowking|60/100\n|\n|-weather|Snowscape|[upkeep]\n|upkeep\n|turn|5\n|\n|t:|1776205384\n|move|p1a: Starmie|Protect|p1a: Starmie\n|-singleturn|p1a: Starmie|Protect\n|move|p2a: Slowking|Scald|p1b: Incineroar\n|-supereffective|p1b: Incineroar|1\n|-damage|p1b: Incineroar|50/100\n|move|p2b: Araquanid|Leech Life|p1a: Starmie\n|-activate|p1a: Starmie|move: Protect\n|move|p1b: Incineroar|Darkest Lariat|p2a: Slowking\n|-supereffective|p2a: Slowking|1\n|-enditem|p2a: Slowking|Colbur Berry|[eat]\n|-enditem|p2a: Slowking|Colbur Berry|[weaken]\n|-damage|p2a: Slowking|24/100\n|\n|-weather|Snowscape|[upkeep]\n|-fieldend|move: Trick Room\n|upkeep\n|turn|6\n|\n|t:|1776205404\n|switch|p2a: Crabominable|Crabominable-Mega, L50, M, shiny|58/100\n|move|p1a: Starmie|Zen Headbutt|p2b: Araquanid\n|-damage|p2b: Araquanid|33/100\n|move|p1b: Incineroar|Darkest Lariat|p2a: Crabominable\n|-resisted|p2a: Crabominable|1\n|-damage|p2a: Crabominable|49/100\n|move|p2b: Araquanid|Leech Life|p1a: Starmie\n|-supereffective|p1a: Starmie|1\n|-damage|p1a: Starmie|46/100\n|-heal|p2b: Araquanid|54/100|[from] drain|[of] p1a: Starmie\n|\n|-weather|none\n|upkeep\n|turn|7\n|inactive|B-Nut17 has 30 seconds left.\n|inactive|B-Nut17 has 20 seconds left.\n|inactive|B-Nut17 has 15 seconds left.\n|inactive|B-Nut17 has 10 seconds left.\n|inactive|B-Nut17 has 5 seconds left.\n|l|\u2606B-Nut17\n|inactive|B-Nut17 disconnected and has a minute to reconnect!\n|player|p1|\n|-message|B-Nut17 lost due to inactivity.\n|\n|win|darthbear1976\n|raw|B-Nut17's rating: 1147 &rarr; <strong>1120</strong><br />(-27 for losing)\n|raw|darthbear1976's rating: 1114 &rarr; <strong>1141</strong><br />(+27 for winning)\n",
  "uploadtime": 1776205463,
  "views": 18,
  "formatid": "gen9championsvgc2026regma",
  "rating": 1120,
  "private": 0,
  "password": null
}