{
  "id": "gen9championsvgc2026regma-2587053251",
  "format": "[Gen 9 Champions] VGC 2026 Reg M-A",
  "players": [
    "Chuchumur",
    "hide on whimscott"
  ],
  "log": "|j|\u2606Chuchumur\n|j|\u2606hide on whimscott\n|t:|1776487252\n|gametype|doubles\n|player|p1|Chuchumur|266|1161\n|player|p2|hide on whimscott|artist-gen4|1099\n|gen|9\n|tier|[Gen 9 Champions] VGC 2026 Reg M-A\n|rated|\n|rule|Species Clause: Limit one of each Pok\u00e9mon\n|rule|Item Clause: Limit 1 of each item\n|clearpoke\n|poke|p1|Starmie, L50, shiny|\n|poke|p1|Tyranitar, L50, F|\n|poke|p1|Sinistcha-Masterpiece, L50|\n|poke|p1|Arcanine, L50, M|\n|poke|p1|Hatterene, L50, F|\n|poke|p1|Aegislash, L50, F|\n|poke|p2|Venusaur, L50, M|\n|poke|p2|Sneasler, L50, M|\n|poke|p2|Kingambit, L50, M|\n|poke|p2|Incineroar, L50, M|\n|poke|p2|Basculegion, L50, M|\n|poke|p2|Charizard, L50, M|\n|teampreview|4\nChuchumur rejected open team sheets.\n|inactive|Battle timer is ON: inactive players will automatically lose when time's up. (requested by Chuchumur)\n|inactive|hide on whimscott has 60 seconds left.\n|\n|t:|1776487309\n|teamsize|p1|4\n|teamsize|p2|4\n|start\n|switch|p1a: Starmie|Starmie, L50, shiny|100/100\n|switch|p1b: Tyranitar|Tyranitar, L50, F|100/100\n|switch|p2a: Basculegion|Basculegion, L50, M|100/100\n|switch|p2b: Kingambit|Kingambit, L50, M|100/100\n|-weather|Sandstorm|[from] ability: Sand Stream|[of] p1b: Tyranitar\n|turn|1\n|\n|t:|1776487332\n|detailschange|p1a: Starmie|Starmie-Mega, L50, shiny\n|-mega|p1a: Starmie|Starmie|Starminite\n|move|p2b: Kingambit|Sucker Punch|p1b: Tyranitar\n|-resisted|p1b: Tyranitar|1\n|-damage|p1b: Tyranitar|84/100\n|move|p2a: Basculegion|Wave Crash|p1b: Tyranitar\n|-supereffective|p1b: Tyranitar|1\n|-damage|p1b: Tyranitar|0 fnt\n|faint|p1b: Tyranitar\n|-damage|p2a: Basculegion|75/100|[from] Recoil\n|move|p1a: Starmie|Skill Swap|p1: Tyranitar|[notarget]\n|-fail|p1a: Starmie\n|\n|-weather|Sandstorm|[upkeep]\n|-damage|p2a: Basculegion|69/100|[from] Sandstorm\n|-damage|p1a: Starmie|95/100|[from] Sandstorm\n|upkeep\n|\n|t:|1776487343\n|switch|p1b: Arcanine|Arcanine, L50, M|100/100\n|-ability|p1b: Arcanine|Intimidate|boost\n|-unboost|p2a: Basculegion|atk|1\n|-unboost|p2b: Kingambit|atk|1\n|-ability|p2b: Kingambit|Defiant|boost\n|-boost|p2b: Kingambit|atk|2\n|turn|2\n|\n|t:|1776487354\n|switch|p2a: Incineroar|Incineroar, L50, M|100/100\n|-ability|p2a: Incineroar|Intimidate|boost\n|-unboost|p1a: Starmie|atk|1\n|-unboost|p1b: Arcanine|atk|1\n|move|p2b: Kingambit|Protect|p2b: Kingambit\n|-singleturn|p2b: Kingambit|Protect\n|move|p1b: Arcanine|Extreme Speed|p2a: Incineroar\n|-damage|p2a: Incineroar|86/100\n|move|p1a: Starmie|Zen Headbutt|p2b: Kingambit\n|-activate|p2b: Kingambit|move: Protect\n|\n|-weather|Sandstorm|[upkeep]\n|-damage|p1a: Starmie|89/100|[from] Sandstorm\n|-damage|p1b: Arcanine|94/100|[from] Sandstorm\n|-damage|p2a: Incineroar|80/100|[from] Sandstorm\n|upkeep\n|turn|3\n|\n|t:|1776487369\n|move|p2a: Incineroar|Fake Out|p1b: Arcanine\n|-damage|p1b: Arcanine|83/100\n|move|p1a: Starmie|Flip Turn|p2a: Incineroar\n|-supereffective|p2a: Incineroar|1\n|-crit|p2a: Incineroar\n|-damage|p2a: Incineroar|0 fnt\n|faint|p2a: Incineroar\n|\n|t:|1776487376\n|switch|p1a: Hatterene|Hatterene, L50, F|100/100|[from] Flip Turn\n|move|p2b: Kingambit|Kowtow Cleave|p1a: Hatterene\n|-damage|p1a: Hatterene|25/100\n|cant|p1b: Arcanine|flinch\n|\n|-weather|Sandstorm|[upkeep]\n|-damage|p1b: Arcanine|77/100|[from] Sandstorm\n|-damage|p1a: Hatterene|19/100|[from] Sandstorm\n|upkeep\n|\n|t:|1776487389\n|switch|p2a: Basculegion|Basculegion, L50, M|69/100\n|turn|4\n|\n|t:|1776487401\n|switch|p1a: Starmie|Starmie-Mega, L50, shiny|89/100\n|move|p2a: Basculegion|Wave Crash|p1b: Arcanine\n|-supereffective|p1b: Arcanine|1\n|-damage|p1b: Arcanine|0 fnt\n|faint|p1b: Arcanine\n|-damage|p2a: Basculegion|44/100|[from] Recoil\n|move|p2b: Kingambit|Kowtow Cleave|p1a: Starmie\n|-supereffective|p1a: Starmie|1\n|-damage|p1a: Starmie|0 fnt\n|faint|p1a: Starmie\n|\n|-weather|Sandstorm|[upkeep]\n|-damage|p2a: Basculegion|37/100|[from] Sandstorm\n|upkeep\n|\n|t:|1776487415\n|switch|p1b: Hatterene|Hatterene, L50, F|19/100\n|turn|5\n|-message|Chuchumur forfeited.\n|\n|win|hide on whimscott\n|raw|Chuchumur's rating: 1161 &rarr; <strong>1132</strong><br />(-29 for losing)\n|raw|hide on whimscott's rating: 1099 &rarr; <strong>1129</strong><br />(+30 for winning)\n",
  "uploadtime": 1776487418,
  "views": 13,
  "formatid": "gen9championsvgc2026regma",
  "rating": 1129,
  "private": 0,
  "password": null
}