{
  "id": "gen9championsvgc2026regma-2583412929",
  "format": "[Gen 9 Champions] VGC 2026 Reg M-A",
  "players": [
    "Moto Moto Meme",
    "Hedgehogwarrior"
  ],
  "log": "|j|\u2606Moto Moto Meme\n|j|\u2606Hedgehogwarrior\n|t:|1776173968\n|gametype|doubles\n|player|p1|Moto Moto Meme|265|1051\n|player|p2|Hedgehogwarrior|102|1089\n|gen|9\n|tier|[Gen 9 Champions] VGC 2026 Reg M-A\n|rated|\n|rule|Species Clause: Limit one of each Pok\u00e9mon\n|rule|Item Clause: Limit 1 of each item\n|clearpoke\n|poke|p1|Aggron, L50, F|\n|poke|p1|Tyranitar, L50, M|\n|poke|p1|Farigiraf, L50, F|\n|poke|p1|Mimikyu, L50, F|\n|poke|p1|Tauros-Paldea-Aqua, L50, M|\n|poke|p1|Volcarona, L50, F|\n|poke|p2|Steelix, L50, M|\n|poke|p2|Tyranitar, L50, F|\n|poke|p2|Alakazam, L50, M|\n|poke|p2|Sinistcha, L50|\n|poke|p2|Orthworm, L50, F|\n|poke|p2|Talonflame, L50, M|\n|teampreview|4\n|\n|t:|1776174011\n|teamsize|p1|4\n|teamsize|p2|4\n|start\n|switch|p1a: Mimikyu|Mimikyu, L50, F|100/100\n|switch|p1b: Volcarona|Volcarona, L50, F|100/100\n|switch|p2a: Orthworm|Orthworm, L50, F|100/100\n|switch|p2b: Steelix|Steelix, L50, M|100/100\n|turn|1\n|inactive|Battle timer is ON: inactive players will automatically lose when time's up. (requested by Moto Moto Meme)\n|\n|t:|1776174072\n|detailschange|p2b: Steelix|Steelix-Mega, L50, M\n|-mega|p2b: Steelix|Steelix|Steelixite\n|move|p1b: Volcarona|Fiery Dance|p2b: Steelix\n|-supereffective|p2b: Steelix|1\n|-damage|p2b: Steelix|28/100\n|move|p2a: Orthworm|Stealth Rock|p1a: Mimikyu\n|-sidestart|p1: Moto Moto Meme|move: Stealth Rock\n|move|p2b: Steelix|Rock Slide|p1a: Mimikyu|[spread] p1a,p1b\n|-supereffective|p1b: Volcarona|2\n|-activate|p1a: Mimikyu|ability: Disguise\n|-damage|p1a: Mimikyu|100/100\n|-enditem|p1b: Volcarona|Focus Sash\n|-damage|p1b: Volcarona|1/100\n|detailschange|p1a: Mimikyu|Mimikyu-Busted, L50, F\n|-damage|p1a: Mimikyu|88/100|[from] pokemon: Mimikyu-Busted\n|move|p1a: Mimikyu|Trick Room|p1a: Mimikyu\n|-fieldstart|move: Trick Room|[of] p1a: Mimikyu\n|\n|upkeep\n|turn|2\n|inactive|Moto Moto Meme has 30 seconds left.\n|\n|t:|1776174099\n|switch|p2a: Sinistcha|Sinistcha, L50|100/100\n|-heal|p2b: Steelix|53/100|[from] ability: Hospitality|[of] p2a: Sinistcha\n|move|p2b: Steelix|Rock Slide|p1b: Volcarona|[spread] p1a,p1b\n|-supereffective|p1b: Volcarona|2\n|-damage|p1a: Mimikyu|53/100\n|-damage|p1b: Volcarona|0 fnt\n|faint|p1b: Volcarona\n|move|p1a: Mimikyu|Shadow Claw|p2b: Steelix\n|-damage|p2b: Steelix|33/100\n|\n|upkeep\n|\n|t:|1776174113\n|switch|p1b: Aggron|Aggron, L50, F|100/100\n|-damage|p1b: Aggron|94/100|[from] Stealth Rock\n|turn|3\n|\n|t:|1776174123\n|detailschange|p1b: Aggron|Aggron-Mega, L50, F\n|-mega|p1b: Aggron|Aggron|Aggronite\n|move|p2b: Steelix|Earthquake|p1b: Aggron|[spread] p2a,p1a,p1b\n|-resisted|p2a: Sinistcha|1\n|-crit|p1a: Mimikyu\n|-supereffective|p1b: Aggron|1\n|-damage|p2a: Sinistcha|79/100\n|-damage|p1a: Mimikyu|0 fnt\n|-damage|p1b: Aggron|57/100\n|faint|p1a: Mimikyu\n|move|p1b: Aggron|Iron Defense|p1b: Aggron\n|-boost|p1b: Aggron|def|2\n|move|p2a: Sinistcha|Life Dew|p2a: Sinistcha|[spread] p2a,p2b\n|-heal|p2a: Sinistcha|100/100\n|-heal|p2b: Steelix|58/100\n|\n|upkeep\n|inactive|Moto Moto Meme has 30 seconds left.\n|inactive|Moto Moto Meme has 20 seconds left.\n|inactive|Moto Moto Meme has 15 seconds left.\n|inactive|Moto Moto Meme has 10 seconds left.\n|inactive|Moto Moto Meme has 5 seconds left.\n|\n|t:|1776174178\n|switch|p1a: Farigiraf|Farigiraf, L50, F|100/100\n|-damage|p1a: Farigiraf|88/100|[from] Stealth Rock\n|turn|4\n|inactive|Moto Moto Meme has 30 seconds left.\n|\n|t:|1776174210\n|move|p1b: Aggron|Protect|p1b: Aggron\n|-singleturn|p1b: Aggron|Protect\n|move|p2b: Steelix|Earthquake|p1b: Aggron|[spread] p2a,p1a\n|-activate|p1b: Aggron|move: Protect\n|-resisted|p2a: Sinistcha|1\n|-damage|p2a: Sinistcha|80/100\n|-damage|p1a: Farigiraf|45/100\n|-enditem|p1a: Farigiraf|Sitrus Berry|[eat]\n|-heal|p1a: Farigiraf|69/100|[from] item: Sitrus Berry\n|move|p1a: Farigiraf|Power Swap|p2b: Steelix\n|-swapboost|p1a: Farigiraf|p2b: Steelix|atk, spa|[from] move: Power Swap\n|move|p2a: Sinistcha|Life Dew|p2a: Sinistcha|[spread] p2a,p2b\n|-heal|p2a: Sinistcha|100/100\n|-heal|p2b: Steelix|83/100\n|\n|upkeep\n|turn|5\n|\n|t:|1776174234\n|switch|p2b: Tyranitar|Tyranitar, L50, F|100/100\n|-weather|Sandstorm|[from] ability: Sand Stream|[of] p2b: Tyranitar\n|move|p1b: Aggron|Body Press|p2b: Tyranitar\n|-supereffective|p2b: Tyranitar|2\n|-damage|p2b: Tyranitar|0 fnt\n|faint|p2b: Tyranitar\n|move|p1a: Farigiraf|Hyper Voice|p2a: Sinistcha\n|-immune|p2a: Sinistcha\n|move|p2a: Sinistcha|Matcha Gotcha|p1b: Aggron|[spread] p1b\n|-miss|p2a: Sinistcha|p1a: Farigiraf\n|-resisted|p1b: Aggron|1\n|-damage|p1b: Aggron|45/100\n|\n|-weather|Sandstorm|[upkeep]\n|-damage|p1a: Farigiraf|63/100|[from] Sandstorm\n|-damage|p2a: Sinistcha|94/100|[from] Sandstorm\n|-heal|p2a: Sinistcha|100/100|[from] item: Leftovers\n|-fieldend|move: Trick Room\n|upkeep\n|\n|t:|1776174254\n|switch|p2b: Steelix|Steelix-Mega, L50, M|83/100\n|turn|6\n|\n|t:|1776174281\n|move|p2a: Sinistcha|Matcha Gotcha|p1b: Aggron|[spread] p1a,p1b\n|-resisted|p1b: Aggron|1\n|-damage|p1a: Farigiraf|38/100\n|-damage|p1b: Aggron|32/100\n|move|p1a: Farigiraf|Psychic|p2a: Sinistcha\n|-damage|p2a: Sinistcha|60/100\n|move|p1b: Aggron|Rock Slide|p2a: Sinistcha|[spread] p2a,p2b\n|-resisted|p2b: Steelix|2\n|-damage|p2a: Sinistcha|44/100\n|-damage|p2b: Steelix|81/100\n|move|p2b: Steelix|Earthquake|p1a: Farigiraf|[spread] p2a,p1a,p1b\n|-resisted|p2a: Sinistcha|1\n|-supereffective|p1b: Aggron|1\n|-damage|p2a: Sinistcha|17/100\n|-damage|p1a: Farigiraf|0 fnt\n|-damage|p1b: Aggron|13/100\n|faint|p1a: Farigiraf\n|\n|-weather|Sandstorm|[upkeep]\n|-damage|p2a: Sinistcha|11/100|[from] Sandstorm\n|-heal|p2a: Sinistcha|17/100|[from] item: Leftovers\n|upkeep\n|turn|7\n|\n|t:|1776174306\n|move|p2a: Sinistcha|Strength Sap|p1b: Aggron\n|-unboost|p1b: Aggron|atk|1\n|-heal|p2a: Sinistcha|100/100\n|move|p1b: Aggron|Body Press|p2b: Steelix\n|-supereffective|p2b: Steelix|1\n|-damage|p2b: Steelix|0 fnt\n|faint|p2b: Steelix\n|\n|-weather|Sandstorm|[upkeep]\n|-damage|p2a: Sinistcha|94/100|[from] Sandstorm\n|-heal|p2a: Sinistcha|100/100|[from] item: Leftovers\n|upkeep\n|\n|t:|1776174318\n|switch|p2b: Orthworm|Orthworm, L50, F|100/100\n|turn|8\n|\n|t:|1776174327\n|move|p2a: Sinistcha|Matcha Gotcha|p1b: Aggron\n|-resisted|p1b: Aggron|1\n|-damage|p1b: Aggron|0 fnt\n|faint|p1b: Aggron\n|\n|win|Hedgehogwarrior\n|raw|Moto Moto Meme's rating: 1051 &rarr; <strong>1035</strong><br />(-16 for losing)\n|raw|Hedgehogwarrior's rating: 1089 &rarr; <strong>1113</strong><br />(+24 for winning)\n|l|\u2606Moto Moto Meme\n|player|p1|\n",
  "uploadtime": 1776174345,
  "views": 23,
  "formatid": "gen9championsvgc2026regma",
  "rating": 1035,
  "private": 0,
  "password": null
}