{
  "id": "gen9championsvgc2026regma-2588133115",
  "format": "[Gen 9 Champions] VGC 2026 Reg M-A",
  "players": [
    "Guruhim",
    "Dinz77"
  ],
  "log": "|j|\u2606Guruhim\n|j|\u2606Dinz77\n|t:|1776607732\n|gametype|doubles\n|player|p1|Guruhim|266|1159\n|player|p2|Dinz77|2|1227\n|gen|9\n|tier|[Gen 9 Champions] VGC 2026 Reg M-A\n|rated|\n|rule|Species Clause: Limit one of each Pok\u00e9mon\n|rule|Item Clause: Limit 1 of each item\n|clearpoke\n|poke|p1|Skarmory, L50, M|\n|poke|p1|Sneasler, L50, F|\n|poke|p1|Tyranitar, L50, F|\n|poke|p1|Gallade, L50, M|\n|poke|p1|Sylveon, L50, M|\n|poke|p1|Rotom-Heat, L50|\n|poke|p2|Heracross, L50, M|\n|poke|p2|Whimsicott, L50, M|\n|poke|p2|Politoed, L50, M|\n|poke|p2|Basculegion, L50, M|\n|poke|p2|Incineroar, L50, F|\n|poke|p2|Archaludon, L50, M|\n|teampreview|4\nDinz77 has agreed to open team sheets.\n|inactive|Battle timer is ON: inactive players will automatically lose when time's up. (requested by Guruhim)\n|inactive|Dinz77 has 60 seconds left.\n|\n|t:|1776607810\n|teamsize|p1|4\n|teamsize|p2|4\n|start\n|switch|p1a: Sneasler|Sneasler, L50, F|100/100\n|switch|p1b: Rotom|Rotom-Heat, L50|100/100\n|switch|p2a: Whimsicott|Whimsicott, L50, M|100/100\n|switch|p2b: Basculegion|Basculegion, L50, M|100/100\n|turn|1\n|inactive|Dinz77 has 30 seconds left.\n|inactive|Dinz77 has 20 seconds left.\n|inactive|Dinz77 has 15 seconds left.\n|inactive|Dinz77 has 10 seconds left.\n|\n|t:|1776607856\n|move|p1a: Sneasler|Fake Out|p2a: Whimsicott\n|-damage|p2a: Whimsicott|78/100\n|cant|p2a: Whimsicott|flinch\n|move|p2b: Basculegion|Wave Crash|p1b: Rotom\n|-supereffective|p1b: Rotom|1\n|-damage|p1b: Rotom|0 fnt\n|faint|p1b: Rotom\n|-damage|p2b: Basculegion|79/100|[from] Recoil\n|\n|upkeep\n|\n|t:|1776607879\n|switch|p1b: Skarmory|Skarmory, L50, M|100/100\n|turn|2\n|inactive|Dinz77 has 30 seconds left.\n|inactive|Guruhim has 30 seconds left.\n|\n|t:|1776607918\n|move|p2a: Whimsicott|Taunt|p1b: Skarmory\n|-start|p1b: Skarmory|move: Taunt\n|move|p2b: Basculegion|Wave Crash|p1a: Sneasler\n|-damage|p1a: Sneasler|0 fnt\n|faint|p1a: Sneasler\n|-damage|p2b: Basculegion|53/100|[from] Recoil\n|move|p1b: Skarmory|Brave Bird|p2b: Basculegion\n|-damage|p2b: Basculegion|0 fnt\n|faint|p2b: Basculegion\n|-damage|p1b: Skarmory|76/100|[from] Recoil\n|\n|upkeep\n|\n|t:|1776607931\n|switch|p1a: Sylveon|Sylveon, L50, M|100/100\n|switch|p2b: Archaludon|Archaludon, L50, M|100/100\n|turn|3\n|inactive|Dinz77 has 30 seconds left.\n|inactive|Dinz77 has 20 seconds left.\n|\n|t:|1776607971\n|detailschange|p1b: Skarmory|Skarmory-Mega, L50, M\n|-mega|p1b: Skarmory|Skarmory|Skarmorite\n|move|p2a: Whimsicott|Encore|p1b: Skarmory\n|-start|p1b: Skarmory|Encore\n|move|p1b: Skarmory|Brave Bird|p2a: Whimsicott\n|-supereffective|p2a: Whimsicott|1\n|-damage|p2a: Whimsicott|0 fnt\n|faint|p2a: Whimsicott\n|-damage|p1b: Skarmory|52/100|[from] Recoil\n|move|p2b: Archaludon|Flash Cannon|p1a: Sylveon\n|-supereffective|p1a: Sylveon|1\n|-damage|p1a: Sylveon|29/100\n|move|p1a: Sylveon|Hyper Voice|p2b: Archaludon\n|-damage|p2b: Archaludon|42/100\n|\n|-heal|p1a: Sylveon|35/100|[from] item: Leftovers\n|upkeep\n|\n|t:|1776607973\n|switch|p2a: Politoed|Politoed, L50, M|100/100\n|-weather|RainDance|[from] ability: Drizzle|[of] p2a: Politoed\n|turn|4\n|inactive|Guruhim has 30 seconds left.\n|inactive|Guruhim has 20 seconds left.\n|inactive|Guruhim has 15 seconds left.\n|\n|t:|1776608018\n|move|p2b: Archaludon|Protect|p2b: Archaludon\n|-singleturn|p2b: Archaludon|Protect\n|move|p1b: Skarmory|Brave Bird|p2a: Politoed\n|-damage|p2a: Politoed|44/100\n|-damage|p1b: Skarmory|25/100|[from] Recoil\n|move|p2a: Politoed|Icy Wind|p1a: Sylveon|[spread] p1a,p1b\n|-damage|p1a: Sylveon|29/100\n|-damage|p1b: Skarmory|15/100\n|-unboost|p1a: Sylveon|spe|1\n|-unboost|p1b: Skarmory|spe|1\n|move|p1a: Sylveon|Hyper Voice|p2a: Politoed|[spread] p2a\n|-activate|p2b: Archaludon|move: Protect\n|-damage|p2a: Politoed|19/100\n|\n|-weather|RainDance|[upkeep]\n|-heal|p2a: Politoed|25/100|[from] item: Leftovers\n|-heal|p1a: Sylveon|35/100|[from] item: Leftovers\n|-end|p1b: Skarmory|move: Taunt\n|upkeep\n|turn|5\n|inactive|Dinz77 has 30 seconds left.\n|\n|t:|1776608053\n|move|p2b: Archaludon|Flash Cannon|p1a: Sylveon\n|-supereffective|p1a: Sylveon|1\n|-damage|p1a: Sylveon|0 fnt\n|faint|p1a: Sylveon\n|move|p1b: Skarmory|Brave Bird|p2b: Archaludon\n|-resisted|p2b: Archaludon|1\n|-damage|p2b: Archaludon|12/100\n|-damage|p1b: Skarmory|2/100|[from] Recoil\n|move|p2a: Politoed|Weather Ball|p1b: Skarmory\n|-damage|p1b: Skarmory|0 fnt\n|faint|p1b: Skarmory\n|\n|win|Dinz77\n|raw|Guruhim's rating: 1159 &rarr; <strong>1139</strong><br />(-20 for losing)\n|raw|Dinz77's rating: 1227 &rarr; <strong>1247</strong><br />(+20 for winning)\n|c|\u2606Dinz77|gg\n",
  "uploadtime": 1776608071,
  "views": 15,
  "formatid": "gen9championsvgc2026regma",
  "rating": 1139,
  "private": 0,
  "password": null
}