{
  "id": "gen9championsvgc2026regma-2588752007",
  "format": "[Gen 9 Champions] VGC 2026 Reg M-A",
  "players": [
    "Kokashuu",
    "hollospollosbro38"
  ],
  "log": "|j|\u2606Kokashuu\n|j|\u2606hollospollosbro38\n|t:|1776666109\n|gametype|doubles\n|player|p1|Kokashuu|burglar|\n|player|p2|hollospollosbro38|hilbert|\n|gen|9\n|tier|[Gen 9 Champions] VGC 2026 Reg M-A\n|rule|Species Clause: Limit one of each Pok\u00e9mon\n|rule|Item Clause: Limit 1 of each item\n|clearpoke\n|poke|p1|Froslass, L50, F|\n|poke|p1|Incineroar, L50, F|\n|poke|p1|Orthworm, L50, M|\n|poke|p1|Rotom-Frost, L50|\n|poke|p1|Garchomp, L50, M|\n|poke|p1|Meowscarada, L50, F|\n|poke|p2|Tyrantrum, L50, M|\n|poke|p2|Arcanine, L50, M|\n|poke|p2|Rotom-Wash, L50|\n|poke|p2|Whimsicott, L50, F|\n|poke|p2|Dragonite, L50, F|\n|poke|p2|Tyranitar, L50, F|\n|teampreview|4\n|\n|t:|1776666213\n|teamsize|p1|4\n|teamsize|p2|4\n|start\n|switch|p1a: Incineroar|Incineroar, L50, F|100/100\n|switch|p1b: Garchomp|Garchomp, L50, M|100/100\n|switch|p2a: Arcanine|Arcanine, L50, M|100/100\n|switch|p2b: Whimsicott|Whimsicott, L50, F|100/100\n|-ability|p2a: Arcanine|Intimidate|boost\n|-unboost|p1a: Incineroar|atk|1\n|-unboost|p1b: Garchomp|atk|1\n|-ability|p1a: Incineroar|Intimidate|boost\n|-unboost|p2a: Arcanine|atk|1\n|-unboost|p2b: Whimsicott|atk|1\n|turn|1\n|\n|t:|1776666233\n|move|p2b: Whimsicott|Protect|p2b: Whimsicott\n|-singleturn|p2b: Whimsicott|Protect\n|move|p1b: Garchomp|Swords Dance|p1b: Garchomp\n|-boost|p1b: Garchomp|atk|2\n|move|p2a: Arcanine|Will-O-Wisp|p1b: Garchomp|[miss]\n|-miss|p2a: Arcanine|p1b: Garchomp\n|move|p1a: Incineroar|Flare Blitz|p2b: Whimsicott\n|-activate|p2b: Whimsicott|move: Protect\n|\n|upkeep\n|turn|2\n|\n|t:|1776666247\n|move|p2b: Whimsicott|Tailwind|p2b: Whimsicott\n|-sidestart|p2: hollospollosbro38|move: Tailwind\n|move|p2a: Arcanine|Will-O-Wisp|p1b: Garchomp\n|-status|p1b: Garchomp|brn\n|move|p1b: Garchomp|Swords Dance|p1b: Garchomp\n|-boost|p1b: Garchomp|atk|2\n|move|p1a: Incineroar|Flare Blitz|p2b: Whimsicott\n|-supereffective|p2b: Whimsicott|1\n|-damage|p2b: Whimsicott|1/100\n|-damage|p1a: Incineroar|79/100|[from] Recoil\n|\n|-heal|p1a: Incineroar|85/100|[from] item: Leftovers\n|-damage|p1b: Garchomp|94/100 brn|[from] brn\n|upkeep\n|turn|3\n|\n|t:|1776666270\n|move|p2a: Arcanine|Helping Hand|p2b: Whimsicott\n|-singleturn|p2b: Whimsicott|Helping Hand|[of] p2a: Arcanine\n|move|p2b: Whimsicott|Dazzling Gleam|p1a: Incineroar|[spread] p1a,p1b\n|-supereffective|p1b: Garchomp|1\n|-damage|p1a: Incineroar|51/100\n|-damage|p1b: Garchomp|8/100 brn\n|move|p1b: Garchomp|Earthquake|p2a: Arcanine|[spread] p1a,p2a,p2b\n|-supereffective|p1a: Incineroar|1\n|-supereffective|p2a: Arcanine|1\n|-resisted|p2b: Whimsicott|1\n|-damage|p1a: Incineroar|0 fnt\n|-damage|p2a: Arcanine|0 fnt\n|-damage|p2b: Whimsicott|0 fnt\n|faint|p1a: Incineroar\n|faint|p2a: Arcanine\n|faint|p2b: Whimsicott\n|\n|-damage|p1b: Garchomp|2/100 brn|[from] brn\n|upkeep\n|\n|t:|1776666285\n|switch|p2b: Dragonite|Dragonite, L50, F|100/100\n|switch|p2a: Tyrantrum|Tyrantrum, L50, M|100/100\n|switch|p1a: Orthworm|Orthworm, L50, M|100/100\n|turn|4\n|\n|t:|1776666304\n|switch|p1b: Froslass|Froslass, L50, F|100/100\n|move|p2b: Dragonite|Protect|p2b: Dragonite\n|-singleturn|p2b: Dragonite|Protect\n|move|p2a: Tyrantrum|Earthquake|p1a: Orthworm|[spread] p1b\n|-activate|p2b: Dragonite|move: Protect\n|-immune|p1a: Orthworm|[from] ability: Earth Eater\n|-damage|p1b: Froslass|67/100\n|move|p1a: Orthworm|Heavy Slam|p2a: Tyrantrum\n|-supereffective|p2a: Tyrantrum|1\n|-damage|p2a: Tyrantrum|77/100\n|\n|upkeep\n|turn|5\n|\n|t:|1776666367\n|detailschange|p1b: Froslass|Froslass-Mega, L50, F\n|-mega|p1b: Froslass|Froslass|Froslassite\n|-weather|Snowscape|[from] ability: Snow Warning|[of] p1b: Froslass\n|move|p2a: Tyrantrum|Earthquake|p1b: Froslass|[spread] p1b\n|-immune|p1a: Orthworm|[from] ability: Earth Eater\n|-immune|p2b: Dragonite\n|-damage|p1b: Froslass|45/100\n|move|p2b: Dragonite|Draco Meteor|p1a: Orthworm|[miss]\n|-miss|p2b: Dragonite|p1a: Orthworm\n|move|p1b: Froslass|Blizzard|p2b: Dragonite|[spread] p2a,p2b\n|-supereffective|p2a: Tyrantrum|1\n|-crit|p2a: Tyrantrum\n|-supereffective|p2b: Dragonite|2\n|-damage|p2a: Tyrantrum|0 fnt\n|-damage|p2b: Dragonite|11/100\n|faint|p2a: Tyrantrum\n|move|p1a: Orthworm|Shed Tail|p1a: Orthworm\n|-start|p1a: Orthworm|Substitute|[from] move: Shed Tail\n|-damage|p1a: Orthworm|50/100\n|-enditem|p1a: Orthworm|Sitrus Berry|[eat]\n|-heal|p1a: Orthworm|75/100|[from] item: Sitrus Berry\n|\n|t:|1776666385\n|switch|p1a: Garchomp|Garchomp, L50, M|2/100 brn|[from] Shed Tail\n|\n|-weather|Snowscape|[upkeep]\n|-damage|p1a: Garchomp|0 fnt|[from] brn\n|faint|p1a: Garchomp\n|-sideend|p2: hollospollosbro38|move: Tailwind\n|upkeep\n|\n|t:|1776666391\n|switch|p1a: Orthworm|Orthworm, L50, M|75/100\n|turn|6\n|\n|t:|1776666404\n|detailschange|p2b: Dragonite|Dragonite-Mega, L50, F\n|-mega|p2b: Dragonite|Dragonite|Dragoninite\n|move|p1b: Froslass|Protect|p1b: Froslass\n|-singleturn|p1b: Froslass|Protect\n|move|p2b: Dragonite|Hurricane|p1a: Orthworm\n|-resisted|p1a: Orthworm|1\n|-damage|p1a: Orthworm|38/100\n|move|p1a: Orthworm|Heavy Slam|p2b: Dragonite\n|-damage|p2b: Dragonite|0 fnt\n|faint|p2b: Dragonite\n|\n|win|Kokashuu\n|l|\u2606hollospollosbro38\n|player|p2|\n",
  "uploadtime": 1776666422,
  "views": 12,
  "formatid": "gen9championsvgc2026regma",
  "rating": null,
  "private": 0,
  "password": null
}