{
  "id": "gen9championsvgc2026regma-2582583526",
  "format": "[Gen 9 Champions] VGC 2026 Reg M-A",
  "players": [
    "ChocolateTequila",
    "grynpup"
  ],
  "log": "|j|\u2606ChocolateTequila\n|j|\u2606grynpup\n|t:|1776100844\n|gametype|doubles\n|player|p1|ChocolateTequila|nurse|1397\n|player|p2|grynpup|266|1311\n|gen|9\n|tier|[Gen 9 Champions] VGC 2026 Reg M-A\n|rated|\n|rule|Species Clause: Limit one of each Pok\u00e9mon\n|rule|Item Clause: Limit 1 of each item\n|clearpoke\n|poke|p1|Floette-Eternal, L50, F|\n|poke|p1|Aerodactyl, L50, M|\n|poke|p1|Garchomp, L50, F|\n|poke|p1|Rotom-Wash, L50|\n|poke|p1|Sneasler, L50, M|\n|poke|p1|Incineroar, L50, F|\n|poke|p2|Tyranitar, L50, M|\n|poke|p2|Volcarona, L50, M|\n|poke|p2|Sneasler, L50, F|\n|poke|p2|Basculegion, L50, M|\n|poke|p2|Corviknight, L50, F|\n|poke|p2|Stunfisk, L50, F|\n|teampreview|4\n|inactive|Battle timer is ON: inactive players will automatically lose when time's up. (requested by ChocolateTequila)\n|j| number86\n|l| number86\n|inactive|ChocolateTequila has 60 seconds left.\n|inactive|grynpup has 60 seconds left.\n|j| CARtu348rjf90\n|inactive|grynpup has 30 seconds left.\n|inactive|grynpup has 20 seconds left.\n|inactive|grynpup has 15 seconds left.\n|inactive|grynpup has 10 seconds left.\n|\n|t:|1776100927\n|teamsize|p1|4\n|teamsize|p2|4\n|start\n|switch|p1a: Aerodactyl|Aerodactyl, L50, M|100/100\n|switch|p1b: Rotom|Rotom-Wash, L50|100/100\n|switch|p2a: Tyranitar|Tyranitar, L50, M|100/100\n|switch|p2b: Basculegion|Basculegion, L50, M|100/100\n|-ability|p1a: Aerodactyl|Unnerve\n|-weather|Sandstorm|[from] ability: Sand Stream|[of] p2a: Tyranitar\n|turn|1\n|\n|t:|1776100946\n|detailschange|p2a: Tyranitar|Tyranitar-Mega, L50, M\n|-mega|p2a: Tyranitar|Tyranitar|Tyranitarite\n|move|p1a: Aerodactyl|Protect|p1a: Aerodactyl\n|-singleturn|p1a: Aerodactyl|Protect\n|move|p1b: Rotom|Electroweb|p2b: Basculegion|[spread] p2a,p2b\n|-supereffective|p2b: Basculegion|1\n|-damage|p2a: Tyranitar|91/100\n|-damage|p2b: Basculegion|66/100\n|-unboost|p2a: Tyranitar|spe|1\n|-unboost|p2b: Basculegion|spe|1\n|move|p2b: Basculegion|Wave Crash|p1a: Aerodactyl\n|-activate|p1a: Aerodactyl|move: Protect\n|move|p2a: Tyranitar|Dragon Dance|p2a: Tyranitar\n|-boost|p2a: Tyranitar|atk|1\n|-boost|p2a: Tyranitar|spe|1\n|\n|-weather|Sandstorm|[upkeep]\n|-damage|p1b: Rotom|95/100|[from] Sandstorm\n|-damage|p2b: Basculegion|60/100|[from] Sandstorm\n|upkeep\n|turn|2\n|inactive|grynpup has 30 seconds left.\n|\n|t:|1776100972\n|move|p1b: Rotom|Electroweb|p2a: Tyranitar|[spread] p2a,p2b\n|-supereffective|p2b: Basculegion|1\n|-damage|p2a: Tyranitar|82/100\n|-damage|p2b: Basculegion|28/100\n|-unboost|p2a: Tyranitar|spe|1\n|-unboost|p2b: Basculegion|spe|1\n|move|p1a: Aerodactyl|Tailwind|p1a: Aerodactyl\n|-sidestart|p1: ChocolateTequila|move: Tailwind\n|move|p2b: Basculegion|Wave Crash|p1a: Aerodactyl\n|-supereffective|p1a: Aerodactyl|1\n|-enditem|p1a: Aerodactyl|Focus Sash\n|-damage|p1a: Aerodactyl|1/100\n|-damage|p2b: Basculegion|3/100|[from] Recoil\n|move|p2a: Tyranitar|Knock Off|p1b: Rotom\n|-damage|p1b: Rotom|0 fnt\n|-enditem|p1b: Rotom|Choice Scarf|[from] move: Knock Off|[of] p2a: Tyranitar\n|faint|p1b: Rotom\n|\n|-weather|Sandstorm|[upkeep]\n|-damage|p2b: Basculegion|0 fnt|[from] Sandstorm\n|faint|p2b: Basculegion\n|upkeep\n|c|\u2606grynpup|electroweb and tailwind\n|c|\u2606grynpup|you cut my legs\n|\n|t:|1776100996\n|switch|p1b: Garchomp|Garchomp, L50, F|100/100\n|switch|p2b: Sneasler|Sneasler, L50, F|100/100\n|turn|3\n|\n|t:|1776101014\n|move|p2b: Sneasler|Fake Out|p1b: Garchomp\n|-damage|p1b: Garchomp|86/100\n|move|p1a: Aerodactyl|Dual Wingbeat|p2b: Sneasler\n|-supereffective|p2b: Sneasler|1\n|-damage|p2b: Sneasler|35/100\n|-supereffective|p2b: Sneasler|1\n|-damage|p2b: Sneasler|0 fnt\n|faint|p2b: Sneasler\n|-hitcount|p2: Sneasler|2\n|cant|p1b: Garchomp|flinch\n|move|p2a: Tyranitar|Knock Off|p1b: Garchomp\n|-damage|p1b: Garchomp|0 fnt\n|-enditem|p1b: Garchomp|Soft Sand|[from] move: Knock Off|[of] p2a: Tyranitar\n|faint|p1b: Garchomp\n|\n|-weather|Sandstorm|[upkeep]\n|upkeep\n|\n|t:|1776101020\n|switch|p2b: Corviknight|Corviknight, L50, F|100/100\n|switch|p1b: Floette|Floette-Eternal, L50, F|100/100\n|turn|4\n|\n|t:|1776101041\n|move|p1b: Floette|Protect|p1b: Floette\n|-singleturn|p1b: Floette|Protect\n|move|p1a: Aerodactyl|Rock Slide|p2a: Tyranitar|[spread] p2a,p2b\n|-damage|p2a: Tyranitar|66/100\n|-damage|p2b: Corviknight|82/100\n|move|p2a: Tyranitar|Dragon Dance|p2a: Tyranitar\n|-boost|p2a: Tyranitar|atk|1\n|-boost|p2a: Tyranitar|spe|1\n|move|p2b: Corviknight|Body Press|p1a: Aerodactyl\n|-damage|p1a: Aerodactyl|0 fnt\n|faint|p1a: Aerodactyl\n|\n|-weather|Sandstorm|[upkeep]\n|-damage|p1b: Floette|94/100|[from] Sandstorm\n|-heal|p2b: Corviknight|88/100|[from] item: Leftovers\n|upkeep\n|turn|5\n|c|\u2606ChocolateTequila|damn\n|inactive|grynpup has 30 seconds left.\n|\n|t:|1776101070\n|detailschange|p1b: Floette|Floette-Mega, L50, F\n|-mega|p1b: Floette|Floette|Floettite\n|-ability|p1b: Floette|Fairy Aura\n|move|p1b: Floette|Dazzling Gleam|p2a: Tyranitar|[spread] p2a,p2b\n|-supereffective|p2a: Tyranitar|1\n|-resisted|p2b: Corviknight|1\n|-damage|p2a: Tyranitar|13/100\n|-damage|p2b: Corviknight|63/100\n|move|p2a: Tyranitar|Dragon Dance|p2a: Tyranitar\n|-boost|p2a: Tyranitar|atk|1\n|-boost|p2a: Tyranitar|spe|1\n|move|p2b: Corviknight|Iron Defense|p2b: Corviknight\n|-boost|p2b: Corviknight|def|2\n|\n|-weather|none\n|-heal|p2b: Corviknight|69/100|[from] item: Leftovers\n|-sideend|p1: ChocolateTequila|move: Tailwind\n|upkeep\n|turn|6\n|c|\u2606grynpup|i can mis\n|\n|t:|1776101089\n|move|p2a: Tyranitar|Rock Blast|p1b: Floette\n|-damage|p1b: Floette|55/100\n|-crit|p1b: Floette\n|-damage|p1b: Floette|0 fnt\n|faint|p1b: Floette\n|-hitcount|p1: Floette|2\n|\n|win|grynpup\n|raw|ChocolateTequila's rating: 1397 &rarr; <strong>1372</strong><br />(-25 for losing)\n|raw|grynpup's rating: 1311 &rarr; <strong>1336</strong><br />(+25 for winning)\n|l|\u2606ChocolateTequila\n|player|p1|\n|c|\u2606grynpup|ggs\n|l|\u2606grynpup\n|player|p2|\n",
  "uploadtime": 1776101099,
  "views": 22,
  "formatid": "gen9championsvgc2026regma",
  "rating": 1336,
  "private": 0,
  "password": null
}