{
  "id": "gen9championsvgc2026regma-2588322591",
  "format": "[Gen 9 Champions] VGC 2026 Reg M-A",
  "players": [
    "coummmfpk",
    "emmesg"
  ],
  "log": "|j|\u2606coummmfpk\n|j|\u2606emmesg\n|t:|1776624020\n|gametype|doubles\n|player|p1|coummmfpk|flannery|1430\n|player|p2|emmesg|102|1534\n|gen|9\n|tier|[Gen 9 Champions] VGC 2026 Reg M-A\n|rated|\n|rule|Species Clause: Limit one of each Pok\u00e9mon\n|rule|Item Clause: Limit 1 of each item\n|clearpoke\n|poke|p1|Garchomp, L50, M|\n|poke|p1|Meowscarada, L50, F|\n|poke|p1|Charizard, L50, M|\n|poke|p1|Rotom-Wash, L50|\n|poke|p1|Kommo-o, L50, M|\n|poke|p1|Corviknight, L50, F|\n|poke|p2|Kingambit, L50, M|\n|poke|p2|Gengar, L50, F|\n|poke|p2|Incineroar, L50, F|\n|poke|p2|Palafin, L50, F|\n|poke|p2|Sableye, L50, F|\n|poke|p2|Politoed, L50, F|\n|teampreview|4\n|\n|t:|1776624059\n|teamsize|p1|4\n|teamsize|p2|4\n|start\n|switch|p1a: Meowscarada|Meowscarada, L50, F|100/100\n|switch|p1b: Kommo-o|Kommo-o, L50, M|100/100\n|switch|p2a: Gengar|Gengar, L50, F|100/100\n|switch|p2b: Incineroar|Incineroar, L50, F|100/100\n|-ability|p2b: Incineroar|Intimidate|boost\n|-unboost|p1a: Meowscarada|atk|1\n|-unboost|p1b: Kommo-o|atk|1\n|turn|1\n|\n|t:|1776624073\n|switch|p1a: Garchomp|Garchomp, L50, M|100/100\n|detailschange|p2a: Gengar|Gengar-Mega, L50, F\n|-mega|p2a: Gengar|Gengar|Gengarite\n|move|p2b: Incineroar|Fake Out|p1a: Garchomp\n|-damage|p1a: Garchomp|89/100\n|-damage|p2b: Incineroar|88/100|[from] ability: Rough Skin|[of] p1a: Garchomp\n|move|p2a: Gengar|Perish Song|p2a: Gengar\n|-start|p1a: Garchomp|perish3|[silent]\n|-immune|p1b: Kommo-o|[from] ability: Soundproof\n|-start|p2a: Gengar|perish3|[silent]\n|-start|p2b: Incineroar|perish3|[silent]\n|-fieldactivate|move: Perish Song\n|move|p1b: Kommo-o|Clangorous Soul|p1b: Kommo-o\n|-boost|p1b: Kommo-o|atk|1\n|-boost|p1b: Kommo-o|def|1\n|-boost|p1b: Kommo-o|spa|1\n|-boost|p1b: Kommo-o|spd|1\n|-boost|p1b: Kommo-o|spe|1\n|-damage|p1b: Kommo-o|68/100\n|\n|-heal|p1b: Kommo-o|74/100|[from] item: Leftovers\n|-heal|p2b: Incineroar|94/100|[from] item: Leftovers\n|-start|p1a: Garchomp|perish3\n|-start|p2a: Gengar|perish3\n|-start|p2b: Incineroar|perish3\n|upkeep\n|turn|2\n|\n|t:|1776624097\n|move|p2a: Gengar|Protect|p2a: Gengar\n|-singleturn|p2a: Gengar|Protect\n|move|p2b: Incineroar|Protect|p2b: Incineroar\n|-singleturn|p2b: Incineroar|Protect\n|move|p1a: Garchomp|Stomping Tantrum|p2b: Incineroar\n|-activate|p2b: Incineroar|move: Protect\n|move|p1b: Kommo-o|Aura Sphere|p2b: Incineroar\n|-activate|p2b: Incineroar|move: Protect\n|\n|-heal|p1b: Kommo-o|80/100|[from] item: Leftovers\n|-heal|p2b: Incineroar|99/100|[from] item: Leftovers\n|-start|p1a: Garchomp|perish2\n|-start|p2a: Gengar|perish2\n|-start|p2b: Incineroar|perish2\n|upkeep\n|turn|3\n|\n|t:|1776624136\n|switch|p2a: Sableye|Sableye, L50, F|100/100\n|move|p1a: Garchomp|Stomping Tantrum|p2a: Sableye\n|-damage|p2a: Sableye|52/100\n|move|p1b: Kommo-o|Aura Sphere|p2b: Incineroar\n|-supereffective|p2b: Incineroar|1\n|-damage|p2b: Incineroar|16/100\n|move|p2b: Incineroar|Parting Shot|p1a: Garchomp\n|-unboost|p1a: Garchomp|atk|1\n|-unboost|p1a: Garchomp|spa|1\n|\n|t:|1776624152\n|switch|p2b: Gengar|Gengar-Mega, L50, F|100/100|[from] Parting Shot\n|\n|-heal|p1b: Kommo-o|86/100|[from] item: Leftovers\n|-start|p1a: Garchomp|perish1\n|upkeep\n|turn|4\n|\n|t:|1776624179\n|move|p2b: Gengar|Protect|p2b: Gengar\n|-singleturn|p2b: Gengar|Protect\n|move|p2a: Sableye|Encore|p1b: Kommo-o\n|-start|p1b: Kommo-o|Encore\n|move|p1a: Garchomp|Stomping Tantrum|p2b: Gengar\n|-activate|p2b: Gengar|move: Protect\n|move|p1b: Kommo-o|Aura Sphere|p2a: Sableye\n|-immune|p2a: Sableye\n|\n|-heal|p1b: Kommo-o|92/100|[from] item: Leftovers\n|-start|p1a: Garchomp|perish0\n|faint|p1a: Garchomp\n|upkeep\n|\n|t:|1776624194\n|switch|p1a: Meowscarada|Meowscarada, L50, F|100/100\n|turn|5\n|\n|t:|1776624211\n|switch|p2b: Incineroar|Incineroar, L50, F|16/100\n|-ability|p2b: Incineroar|Intimidate|boost\n|-unboost|p1a: Meowscarada|atk|1\n|-unboost|p1b: Kommo-o|atk|1\n|move|p2a: Sableye|Disable|p1b: Kommo-o\n|-start|p1b: Kommo-o|Disable|Aura Sphere\n|cant|p1b: Kommo-o|Disable|Aura Sphere\n|move|p1a: Meowscarada|Knock Off|p2a: Sableye\n|-damage|p2a: Sableye|21/100\n|-enditem|p2a: Sableye|Roseli Berry|[from] move: Knock Off|[of] p1a: Meowscarada\n|\n|-heal|p1b: Kommo-o|98/100|[from] item: Leftovers\n|-heal|p2b: Incineroar|22/100|[from] item: Leftovers\n|upkeep\n|turn|6\n|\n|t:|1776624240\n|switch|p2a: Gengar|Gengar-Mega, L50, F|100/100\n|-activate|p1b: Kommo-o|move: Struggle\n|move|p1b: Kommo-o|Struggle|p2b: Incineroar\n|-damage|p2b: Incineroar|15/100\n|-damage|p1b: Kommo-o|73/100|[from] recoil\n|move|p1a: Meowscarada|Knock Off|p2a: Gengar\n|-supereffective|p2a: Gengar|1\n|-damage|p2a: Gengar|53/100\n|move|p2b: Incineroar|Parting Shot|p1a: Meowscarada\n|-unboost|p1a: Meowscarada|atk|1\n|-unboost|p1a: Meowscarada|spa|1\n|\n|t:|1776624253\n|switch|p2b: Sableye|Sableye, L50, F|21/100|[from] Parting Shot\n|\n|-heal|p1b: Kommo-o|79/100|[from] item: Leftovers\n|-end|p1b: Kommo-o|Encore\n|upkeep\n|turn|7\n|\n|t:|1776624264\n|move|p1b: Kommo-o|Protect|p1b: Kommo-o\n|-singleturn|p1b: Kommo-o|Protect\n|move|p2b: Sableye|Fake Out|p1a: Meowscarada\n|-damage|p1a: Meowscarada|88/100\n|cant|p1a: Meowscarada|flinch\n|move|p2a: Gengar|Perish Song|p2a: Gengar\n|-start|p1a: Meowscarada|perish3|[silent]\n|-immune|p1b: Kommo-o|[from] ability: Soundproof\n|-start|p2a: Gengar|perish3|[silent]\n|-start|p2b: Sableye|perish3|[silent]\n|-fieldactivate|move: Perish Song\n|\n|-heal|p1b: Kommo-o|85/100|[from] item: Leftovers\n|-start|p1a: Meowscarada|perish3\n|-start|p2a: Gengar|perish3\n|-start|p2b: Sableye|perish3\n|upkeep\n|turn|8\n|\n|t:|1776624298\n|move|p1b: Kommo-o|Protect||[still]\n|-fail|p1b: Kommo-o\n|move|p2a: Gengar|Protect|p2a: Gengar\n|-singleturn|p2a: Gengar|Protect\n|move|p2b: Sableye|Encore|p1b: Kommo-o\n|-start|p1b: Kommo-o|Encore\n|move|p1a: Meowscarada|Flower Trick|p2b: Sableye\n|-crit|p2b: Sableye\n|-damage|p2b: Sableye|0 fnt\n|faint|p2b: Sableye\n|\n|-heal|p1b: Kommo-o|91/100|[from] item: Leftovers\n|-end|p1b: Kommo-o|Disable\n|-start|p1a: Meowscarada|perish2\n|-start|p2a: Gengar|perish2\n|upkeep\n|\n|t:|1776624311\n|switch|p2b: Incineroar|Incineroar, L50, F|15/100\n|-ability|p2b: Incineroar|Intimidate|boost\n|-unboost|p1a: Meowscarada|atk|1\n|-unboost|p1b: Kommo-o|atk|1\n|turn|9\n|\n|t:|1776624332\n|switch|p2a: Politoed|Politoed, L50, F|100/100\n|-weather|RainDance|[from] ability: Drizzle|[of] p2a: Politoed\n|move|p1b: Kommo-o|Protect|p1b: Kommo-o\n|-singleturn|p1b: Kommo-o|Protect\n|move|p1a: Meowscarada|Flower Trick|p2b: Incineroar\n|-resisted|p2b: Incineroar|1\n|-crit|p2b: Incineroar\n|-damage|p2b: Incineroar|0 fnt\n|faint|p2b: Incineroar\n|\n|-weather|RainDance|[upkeep]\n|-heal|p1b: Kommo-o|97/100|[from] item: Leftovers\n|-start|p1a: Meowscarada|perish1\n|upkeep\n|\n|t:|1776624343\n|switch|p2b: Gengar|Gengar-Mega, L50, F|53/100\n|turn|10\n|\n|t:|1776624370\n|move|p1b: Kommo-o|Protect||[still]\n|-fail|p1b: Kommo-o\n|move|p2b: Gengar|Protect|p2b: Gengar\n|-singleturn|p2b: Gengar|Protect\n|move|p2a: Politoed|Protect|p2a: Politoed\n|-singleturn|p2a: Politoed|Protect\n|move|p1a: Meowscarada|Flower Trick|p2a: Politoed\n|-activate|p2a: Politoed|move: Protect\n|\n|-weather|RainDance|[upkeep]\n|-heal|p1b: Kommo-o|100/100|[from] item: Leftovers\n|-start|p1a: Meowscarada|perish0\n|faint|p1a: Meowscarada\n|upkeep\n|\n|t:|1776624376\n|switch|p1a: Rotom|Rotom-Wash, L50|100/100\n|turn|11\n|\n|t:|1776624395\n|move|p1b: Kommo-o|Protect|p1b: Kommo-o\n|-singleturn|p1b: Kommo-o|Protect\n|move|p2b: Gengar|Shadow Ball|p1b: Kommo-o\n|-activate|p1b: Kommo-o|move: Protect\n|move|p1a: Rotom|Thunderbolt|p2a: Politoed\n|-supereffective|p2a: Politoed|1\n|-damage|p2a: Politoed|40/100\n|-status|p2a: Politoed|par\n|-enditem|p2a: Politoed|Sitrus Berry|[eat]\n|-heal|p2a: Politoed|64/100 par|[from] item: Sitrus Berry\n|move|p2a: Politoed|Weather Ball|p1b: Kommo-o\n|-activate|p1b: Kommo-o|move: Protect\n|\n|-weather|RainDance|[upkeep]\n|-end|p1b: Kommo-o|Encore\n|upkeep\n|turn|12\n|-message|emmesg forfeited.\n|\n|win|coummmfpk\n|raw|coummmfpk's rating: 1430 &rarr; <strong>1456</strong><br />(+26 for winning)\n|raw|emmesg's rating: 1534 &rarr; <strong>1508</strong><br />(-26 for losing)\n|l|\u2606emmesg\n|player|p2|\n",
  "uploadtime": 1776624458,
  "views": 13,
  "formatid": "gen9championsvgc2026regma",
  "rating": 1456,
  "private": 0,
  "password": null
}