{
  "id": "gen9championsvgc2026regma-2584845845",
  "format": "[Gen 9 Champions] VGC 2026 Reg M-A",
  "players": [
    "pikol",
    "zanmar"
  ],
  "log": "|j|\u2606pikol\n|j|\u2606zanmar\n|t:|1776288190\n|gametype|doubles\n|player|p1|pikol|skyla|1042\n|player|p2|zanmar|cynthia-gen4|1000\n|gen|9\n|tier|[Gen 9 Champions] VGC 2026 Reg M-A\n|rated|\n|rule|Species Clause: Limit one of each Pok\u00e9mon\n|rule|Item Clause: Limit 1 of each item\n|clearpoke\n|poke|p1|Drampa, L50, F|\n|poke|p1|Scizor, L50, F|\n|poke|p1|Alakazam, L50, F|\n|poke|p1|Basculegion, L50, M|\n|poke|p1|Pelipper, L50, M|\n|poke|p1|Sinistcha-Masterpiece, L50|\n|poke|p2|Gengar, L50, F|\n|poke|p2|Incineroar, L50, F|\n|poke|p2|Archaludon, L50, F|\n|poke|p2|Politoed, L50, M|\n|poke|p2|Basculegion, L50, M|\n|poke|p2|Sinistcha-Masterpiece, L50|\n|teampreview|4\npikol has agreed to open team sheets.\n|inactive|Battle timer is ON: inactive players will automatically lose when time's up. (requested by pikol)\n|inactive|zanmar has 60 seconds left.\n|\n|t:|1776288228\n|teamsize|p1|4\n|teamsize|p2|4\n|start\n|switch|p1a: Drampa|Drampa, L50, F, shiny|100/100\n|switch|p1b: Alakazam|Alakazam, L50, F|100/100\n|switch|p2a: Gengar|Gengar, L50, F|100/100\n|switch|p2b: Politoed|Politoed, L50, M|100/100\n|-weather|RainDance|[from] ability: Drizzle|[of] p2b: Politoed\n|turn|1\n|inactive|zanmar has 30 seconds left.\n|\n|t:|1776288255\n|detailschange|p2a: Gengar|Gengar-Mega, L50, F\n|-mega|p2a: Gengar|Gengar|Gengarite\n|move|p2a: Gengar|Protect|p2a: Gengar\n|-singleturn|p2a: Gengar|Protect\n|move|p2b: Politoed|Protect|p2b: Politoed\n|-singleturn|p2b: Politoed|Protect\n|move|p1a: Drampa|Protect|p1a: Drampa\n|-singleturn|p1a: Drampa|Protect\n|move|p1b: Alakazam|Light Screen|p1b: Alakazam\n|-sidestart|p1: pikol|move: Light Screen\n|\n|-weather|RainDance|[upkeep]\n|upkeep\n|turn|2\n|\n|t:|1776288273\n|detailschange|p1a: Drampa|Drampa-Mega, L50, F, shiny\n|-mega|p1a: Drampa|Drampa|Drampanite\n|move|p2a: Gengar|Perish Song|p2a: Gengar\n|-start|p1a: Drampa|perish3|[silent]\n|-start|p1b: Alakazam|perish3|[silent]\n|-start|p2a: Gengar|perish3|[silent]\n|-start|p2b: Politoed|perish3|[silent]\n|-fieldactivate|move: Perish Song\n|move|p1b: Alakazam|Speed Swap|p1a: Drampa\n|-activate|p1b: Alakazam|move: Speed Swap|[of] p1a: Drampa\n|move|p1a: Drampa|Earth Power|p2a: Gengar\n|-supereffective|p2a: Gengar|1\n|-damage|p2a: Gengar|13/100\n|move|p2b: Politoed|Encore|p1a: Drampa\n|-start|p1a: Drampa|Encore\n|\n|-weather|RainDance|[upkeep]\n|-start|p2a: Gengar|perish3\n|-start|p1a: Drampa|perish3\n|-start|p2b: Politoed|perish3\n|-start|p1b: Alakazam|perish3\n|upkeep\n|turn|3\n|\n|t:|1776288295\n|switch|p2b: Basculegion|Basculegion, L50, M|100/100\n|move|p2a: Gengar|Protect|p2a: Gengar\n|-singleturn|p2a: Gengar|Protect\n|move|p1a: Drampa|Earth Power|p2a: Gengar\n|-activate|p2a: Gengar|move: Protect\n|move|p1b: Alakazam|Speed Swap|p2b: Basculegion\n|-activate|p1b: Alakazam|move: Speed Swap|[of] p2b: Basculegion\n|\n|-weather|RainDance|[upkeep]\n|-start|p2a: Gengar|perish2\n|-start|p1a: Drampa|perish2\n|-start|p1b: Alakazam|perish2\n|upkeep\n|turn|4\n|\n|t:|1776288316\n|switch|p2a: Politoed|Politoed, L50, M|100/100\n|move|p1a: Drampa|Earth Power|p2a: Politoed\n|-damage|p2a: Politoed|71/100\n|move|p1b: Alakazam|Reflect|p1b: Alakazam\n|-sidestart|p1: pikol|Reflect\n|move|p2b: Basculegion|Flip Turn|p1b: Alakazam\n|-damage|p1b: Alakazam|10/100\n|\n|t:|1776288324\n|switch|p2b: Gengar|Gengar-Mega, L50, F|13/100|[from] Flip Turn\n|\n|-weather|RainDance|[upkeep]\n|-start|p1a: Drampa|perish1\n|-start|p1b: Alakazam|perish1\n|upkeep\n|turn|5\n|\n|t:|1776288331\n|move|p2b: Gengar|Protect|p2b: Gengar\n|-singleturn|p2b: Gengar|Protect\n|move|p2a: Politoed|Protect|p2a: Politoed\n|-singleturn|p2a: Politoed|Protect\n|move|p1a: Drampa|Earth Power|p2a: Politoed\n|-activate|p2a: Politoed|move: Protect\n|move|p1b: Alakazam|Psychic|p2a: Politoed\n|-activate|p2a: Politoed|move: Protect\n|\n|-weather|none\n|-end|p1a: Drampa|Encore\n|-start|p1a: Drampa|perish0\n|-start|p1b: Alakazam|perish0\n|faint|p1a: Drampa\n|faint|p1b: Alakazam\n|-sideend|p1: pikol|move: Light Screen\n|upkeep\n|\n|t:|1776288335\n|switch|p1b: Sinistcha|Sinistcha-Masterpiece, L50, shiny|100/100\n|switch|p1a: Pelipper|Pelipper, L50, M, shiny|100/100\n|-weather|RainDance|[from] ability: Drizzle|[of] p1a: Pelipper\n|turn|6\n|\n|t:|1776288358\n|move|p2b: Gengar|Sludge Bomb|p1a: Pelipper\n|-damage|p1a: Pelipper|37/100\n|-status|p1a: Pelipper|psn\n|move|p1a: Pelipper|Hurricane|p2a: Politoed\n|-damage|p2a: Politoed|47/100\n|-enditem|p2a: Politoed|Sitrus Berry|[eat]\n|-heal|p2a: Politoed|72/100|[from] item: Sitrus Berry\n|move|p2a: Politoed|Perish Song|p2a: Politoed\n|-start|p1a: Pelipper|perish3|[silent]\n|-start|p1b: Sinistcha|perish3|[silent]\n|-start|p2a: Politoed|perish3|[silent]\n|-start|p2b: Gengar|perish3|[silent]\n|-fieldactivate|move: Perish Song\n|move|p1b: Sinistcha|Trick Room|p1b: Sinistcha\n|-fieldstart|move: Trick Room|[of] p1b: Sinistcha\n|\n|-weather|RainDance|[upkeep]\n|-damage|p1a: Pelipper|25/100 psn|[from] psn\n|-start|p1b: Sinistcha|perish3\n|-start|p2a: Politoed|perish3\n|-start|p1a: Pelipper|perish3\n|-start|p2b: Gengar|perish3\n|upkeep\n|turn|7\n|\n|t:|1776288373\n|move|p2a: Politoed|Protect|p2a: Politoed\n|-singleturn|p2a: Politoed|Protect\n|move|p2b: Gengar|Protect|p2b: Gengar\n|-singleturn|p2b: Gengar|Protect\n|move|p1b: Sinistcha|Matcha Gotcha|p2b: Gengar|[spread] \n|-activate|p2a: Politoed|move: Protect\n|-activate|p2b: Gengar|move: Protect\n|move|p1a: Pelipper|Hurricane|p2a: Politoed\n|-activate|p2a: Politoed|move: Protect\n|\n|-weather|RainDance|[upkeep]\n|-damage|p1a: Pelipper|12/100 psn|[from] psn\n|-start|p2a: Politoed|perish2\n|-start|p1b: Sinistcha|perish2\n|-start|p1a: Pelipper|perish2\n|-start|p2b: Gengar|perish2\n|upkeep\n|turn|8\n|-message|pikol forfeited.\n|\n|win|zanmar\n|raw|pikol's rating: 1042 &rarr; <strong>1024</strong><br />(-18 for losing)\n|raw|zanmar's rating: 1000 &rarr; <strong>1045</strong><br />(+45 for winning)\n|l|\u2606pikol\n|player|p1|\n",
  "uploadtime": 1776288414,
  "views": 22,
  "formatid": "gen9championsvgc2026regma",
  "rating": 1024,
  "private": 0,
  "password": null
}