{
  "id": "gen9championsvgc2026regma-2587035306",
  "format": "[Gen 9 Champions] VGC 2026 Reg M-A",
  "players": [
    "Jei31416",
    "khanhnguyen11"
  ],
  "log": "|j|\u2606Jei31416\n|j|\u2606khanhnguyen11\n|t:|1776483625\n|gametype|doubles\n|player|p1|Jei31416|266|1065\n|player|p2|khanhnguyen11|lance|1161\n|gen|9\n|tier|[Gen 9 Champions] VGC 2026 Reg M-A\n|rated|\n|rule|Species Clause: Limit one of each Pok\u00e9mon\n|rule|Item Clause: Limit 1 of each item\n|clearpoke\n|poke|p1|Gardevoir, L50, F|\n|poke|p1|Incineroar, L50, M|\n|poke|p1|Sneasler, L50, M|\n|poke|p1|Milotic, L50, F|\n|poke|p1|Archaludon, L50, M|\n|poke|p1|Sylveon, L50, F|\n|poke|p2|Aerodactyl, L50, M|\n|poke|p2|Incineroar, L50, M|\n|poke|p2|Floette-Eternal, L50, F|\n|poke|p2|Basculegion, L50, M|\n|poke|p2|Garchomp, L50, M|\n|poke|p2|Sneasler, L50, F|\n|teampreview|4\n|inactive|Battle timer is ON: inactive players will automatically lose when time's up. (requested by khanhnguyen11)\nkhanhnguyen11 rejected open team sheets.\n|inactive|khanhnguyen11 has 60 seconds left.\n|\n|t:|1776483663\n|teamsize|p1|4\n|teamsize|p2|4\n|start\n|switch|p1a: Archaludon|Archaludon, L50, M|100/100\n|switch|p1b: Milotic|Milotic, L50, F|100/100\n|switch|p2a: Aerodactyl|Aerodactyl, L50, M|100/100\n|switch|p2b: Floette|Floette-Eternal, L50, F|100/100\n|-ability|p2a: Aerodactyl|Unnerve\n|turn|1\n|inactive|khanhnguyen11 has 30 seconds left.\n|inactive|khanhnguyen11 has 20 seconds left.\n|inactive|khanhnguyen11 has 15 seconds left.\n|\n|t:|1776483704\n|detailschange|p2b: Floette|Floette-Mega, L50, F\n|-mega|p2b: Floette|Floette|Floettite\n|-ability|p2b: Floette|Fairy Aura\n|move|p2a: Aerodactyl|Tailwind|p2a: Aerodactyl\n|-sidestart|p2: khanhnguyen11|move: Tailwind\n|move|p2b: Floette|Moonblast|p1a: Archaludon\n|-damage|p1a: Archaludon|0 fnt\n|faint|p1a: Archaludon\n|move|p1b: Milotic|Icy Wind|p2a: Aerodactyl|[spread] p2a,p2b\n|-supereffective|p2a: Aerodactyl|1\n|-damage|p2a: Aerodactyl|71/100\n|-damage|p2b: Floette|91/100\n|-unboost|p2a: Aerodactyl|spe|1\n|-unboost|p2b: Floette|spe|1\n|\n|upkeep\n|\n|t:|1776483719\n|switch|p1a: Incineroar|Incineroar, L50, M|100/100\n|-ability|p1a: Incineroar|Intimidate|boost\n|-unboost|p2a: Aerodactyl|atk|1\n|-unboost|p2b: Floette|atk|1\n|turn|2\n|\n|t:|1776483728\n|move|p2a: Aerodactyl|Protect|p2a: Aerodactyl\n|-singleturn|p2a: Aerodactyl|Protect\n|move|p2b: Floette|Protect|p2b: Floette\n|-singleturn|p2b: Floette|Protect\n|move|p1a: Incineroar|Fake Out|p2b: Floette\n|-activate|p2b: Floette|move: Protect\n|move|p1b: Milotic|Icy Wind|p2a: Aerodactyl|[spread] \n|-activate|p2a: Aerodactyl|move: Protect\n|-activate|p2b: Floette|move: Protect\n|\n|upkeep\n|turn|3\n|inactive|khanhnguyen11 has 30 seconds left.\n|\n|t:|1776483757\n|move|p1a: Incineroar|Protect|p1a: Incineroar\n|-singleturn|p1a: Incineroar|Protect\n|move|p2a: Aerodactyl|Rock Slide|p1a: Incineroar|[spread] p1b\n|-activate|p1a: Incineroar|move: Protect\n|-damage|p1b: Milotic|87/100\n|move|p2b: Floette|Moonblast|p1b: Milotic\n|-damage|p1b: Milotic|24/100\n|move|p1b: Milotic|Icy Wind|p2a: Aerodactyl|[spread] p2a,p2b\n|-supereffective|p2a: Aerodactyl|1\n|-damage|p2a: Aerodactyl|42/100\n|-damage|p2b: Floette|83/100\n|-unboost|p2a: Aerodactyl|spe|1\n|-unboost|p2b: Floette|spe|1\n|\n|upkeep\n|turn|4\n|inactive|khanhnguyen11 has 30 seconds left.\n|\n|t:|1776483787\n|switch|p2a: Sneasler|Sneasler, L50, F|100/100\n|-enditem|p1b: Milotic|Sitrus Berry|[eat]\n|-heal|p1b: Milotic|49/100|[from] item: Sitrus Berry\n|switch|p1a: Gardevoir|Gardevoir, L50, F, shiny|100/100\n|-ability|p1a: Gardevoir|Unburden|Trace|[from] ability: Trace|[of] p2a: Sneasler\n|move|p1b: Milotic|Protect|p1b: Milotic\n|-singleturn|p1b: Milotic|Protect\n|move|p2b: Floette|Dazzling Gleam|p1a: Gardevoir|[spread] p1a\n|-activate|p1b: Milotic|move: Protect\n|-damage|p1a: Gardevoir|48/100\n|\n|-sideend|p2: khanhnguyen11|move: Tailwind\n|upkeep\n|turn|5\n|inactive|khanhnguyen11 has 30 seconds left.\n|\n|t:|1776483820\n|switch|p1a: Incineroar|Incineroar, L50, M|100/100\n|-ability|p1a: Incineroar|Intimidate|boost\n|-unboost|p2a: Sneasler|atk|1\n|-unboost|p2b: Floette|atk|1\n|-enditem|p2a: Sneasler|White Herb\n|-clearnegativeboost|p2a: Sneasler|[silent]\n|move|p2b: Floette|Protect|p2b: Floette\n|-singleturn|p2b: Floette|Protect\n|move|p2a: Sneasler|Dire Claw|p1b: Milotic\n|-damage|p1b: Milotic|15/100\n|move|p1b: Milotic|Recover|p1b: Milotic\n|-heal|p1b: Milotic|65/100\n|\n|upkeep\n|turn|6\n|inactive|khanhnguyen11 has 30 seconds left.\n|inactive|Jei31416 has 30 seconds left.\n|inactive|Jei31416 has 20 seconds left.\n|\n|t:|1776483860\n|switch|p2b: Aerodactyl|Aerodactyl, L50, M|42/100\n|-ability|p2b: Aerodactyl|Unnerve\n|move|p2a: Sneasler|Protect|p2a: Sneasler\n|-singleturn|p2a: Sneasler|Protect\n|move|p1a: Incineroar|Fake Out|p2b: Aerodactyl\n|-resisted|p2b: Aerodactyl|1\n|-damage|p2b: Aerodactyl|32/100\n|move|p1b: Milotic|Scald|p2a: Sneasler\n|-activate|p2a: Sneasler|move: Protect\n|\n|upkeep\n|turn|7\n|inactive|khanhnguyen11 has 30 seconds left.\n|\n|t:|1776483894\n|switch|p1a: Gardevoir|Gardevoir, L50, F, shiny|48/100\n|-ability|p1a: Gardevoir|Unburden|Trace|[from] ability: Trace|[of] p2a: Sneasler\n|move|p2a: Sneasler|Close Combat|p1a: Gardevoir\n|-resisted|p1a: Gardevoir|2\n|-damage|p1a: Gardevoir|23/100\n|-unboost|p2a: Sneasler|def|1\n|-unboost|p2a: Sneasler|spd|1\n|move|p2b: Aerodactyl|Tailwind|p2b: Aerodactyl\n|-sidestart|p2: khanhnguyen11|move: Tailwind\n|move|p1b: Milotic|Icy Wind|p2b: Aerodactyl|[spread] p2a,p2b\n|-supereffective|p2b: Aerodactyl|1\n|-damage|p2a: Sneasler|80/100\n|-damage|p2b: Aerodactyl|2/100\n|-unboost|p2a: Sneasler|spe|1\n|-unboost|p2b: Aerodactyl|spe|1\n|\n|upkeep\n|turn|8\n|inactive|khanhnguyen11 has 30 seconds left.\n|\n|t:|1776483921\n|switch|p1a: Incineroar|Incineroar, L50, M|100/100\n|-ability|p1a: Incineroar|Intimidate|boost\n|-unboost|p2a: Sneasler|atk|1\n|-unboost|p2b: Aerodactyl|atk|1\n|move|p2a: Sneasler|Close Combat|p1a: Incineroar\n|-supereffective|p1a: Incineroar|1\n|-damage|p1a: Incineroar|14/100\n|-unboost|p2a: Sneasler|def|1\n|-unboost|p2a: Sneasler|spd|1\n|move|p2b: Aerodactyl|Rock Slide|p1b: Milotic|[spread] p1a,p1b\n|-supereffective|p1a: Incineroar|1\n|-damage|p1a: Incineroar|0 fnt\n|-damage|p1b: Milotic|52/100\n|faint|p1a: Incineroar\n|cant|p1b: Milotic|flinch\n|\n|upkeep\n|\n|t:|1776483934\n|switch|p1a: Gardevoir|Gardevoir, L50, F, shiny|23/100\n|-ability|p1a: Gardevoir|Unburden|Trace|[from] ability: Trace|[of] p2a: Sneasler\n|turn|9\n|\n|t:|1776483947\n|detailschange|p1a: Gardevoir|Gardevoir-Mega, L50, F, shiny\n|-mega|p1a: Gardevoir|Gardevoir|Gardevoirite\n|move|p1a: Gardevoir|Protect|p1a: Gardevoir\n|-singleturn|p1a: Gardevoir|Protect\n|move|p2a: Sneasler|Rock Tomb|p1b: Milotic\n|-damage|p1b: Milotic|41/100\n|-unboost|p1b: Milotic|spe|1\n|-ability|p1b: Milotic|Competitive|boost\n|-boost|p1b: Milotic|spa|2\n|move|p2b: Aerodactyl|Dual Wingbeat|p1b: Milotic|[miss]\n|-miss|p2b: Aerodactyl|p1b: Milotic\n|move|p1b: Milotic|Icy Wind|p2a: Sneasler|[spread] p2a,p2b\n|-supereffective|p2b: Aerodactyl|1\n|-damage|p2a: Sneasler|30/100\n|-damage|p2b: Aerodactyl|0 fnt\n|-unboost|p2a: Sneasler|spe|1\n|faint|p2b: Aerodactyl\n|\n|upkeep\n|\n|t:|1776483970\n|switch|p2b: Floette|Floette-Mega, L50, F|83/100\n|-ability|p2b: Floette|Fairy Aura\n|turn|10\n|\n|t:|1776483987\n|move|p2a: Sneasler|Dire Claw|p1a: Gardevoir\n|-supereffective|p1a: Gardevoir|1\n|-damage|p1a: Gardevoir|0 fnt\n|faint|p1a: Gardevoir\n|move|p2b: Floette|Dazzling Gleam|p1b: Milotic\n|-damage|p1b: Milotic|0 fnt\n|faint|p1b: Milotic\n|\n|win|khanhnguyen11\n|raw|Jei31416's rating: 1065 &rarr; <strong>1051</strong><br />(-14 for losing)\n|raw|khanhnguyen11's rating: 1161 &rarr; <strong>1179</strong><br />(+18 for winning)\n|l|\u2606Jei31416\n|player|p1|\n",
  "uploadtime": 1776484029,
  "views": 16,
  "formatid": "gen9championsvgc2026regma",
  "rating": 1051,
  "private": 0,
  "password": null
}