{
  "id": "gen9championsvgc2026regma-2583804254",
  "format": "[Gen 9 Champions] VGC 2026 Reg M-A",
  "players": [
    "Zenakuss17",
    "lSuis"
  ],
  "log": "|j|\u2606Zenakuss17\n|j|\u2606lSuis\n|t:|1776198909\n|gametype|doubles\n|player|p1|Zenakuss17|benga|1075\n|player|p2|lSuis|clerk|1048\n|gen|9\n|tier|[Gen 9 Champions] VGC 2026 Reg M-A\n|rated|\n|rule|Species Clause: Limit one of each Pok\u00e9mon\n|rule|Item Clause: Limit 1 of each item\n|clearpoke\n|poke|p1|Pelipper, L50, M|\n|poke|p1|Sneasler, L50, F|\n|poke|p1|Palafin, L50, M|\n|poke|p1|Sinistcha, L50|\n|poke|p1|Archaludon, L50, F|\n|poke|p1|Dragonite, L50, M|\n|poke|p2|Gengar, L50, M|\n|poke|p2|Sableye, L50, M|\n|poke|p2|Garchomp, L50, M|\n|poke|p2|Aerodactyl, L50, M|\n|poke|p2|Sneasler, L50, M|\n|poke|p2|Milotic, L50, F|\n|teampreview|4\n|inactive|Battle timer is ON: inactive players will automatically lose when time's up. (requested by lSuis)\n|\n|t:|1776198931\n|teamsize|p1|4\n|teamsize|p2|4\n|start\n|switch|p1a: Archaludon|Archaludon, L50, F|100/100\n|switch|p1b: Palafin|Palafin, L50, M, shiny|100/100\n|switch|p2a: Aerodactyl|Aerodactyl, L50, M, shiny|100/100\n|switch|p2b: Sneasler|Sneasler, L50, M, shiny|100/100\n|-ability|p2a: Aerodactyl|Unnerve\n|turn|1\n|\n|t:|1776198947\n|detailschange|p1b: Palafin|Palafin-Hero, L50, M, shiny\n|switch|p1b: Pelipper|Pelipper, L50, M|100/100\n|-weather|RainDance|[from] ability: Drizzle|[of] p1b: Pelipper\n|move|p1a: Archaludon|Protect|p1a: Archaludon\n|-singleturn|p1a: Archaludon|Protect\n|move|p2b: Sneasler|Fake Out|p1a: Archaludon\n|-activate|p1a: Archaludon|move: Protect\n|move|p2a: Aerodactyl|Tailwind|p2a: Aerodactyl\n|-sidestart|p2: lSuis|move: Tailwind\n|\n|-weather|RainDance|[upkeep]\n|upkeep\n|turn|2\n|\n|t:|1776198962\n|move|p1b: Pelipper|Wide Guard|p1b: Pelipper\n|-singleturn|p1b: Pelipper|Wide Guard\n|move|p2a: Aerodactyl|Rock Slide|p1b: Pelipper|[spread] \n|-activate|p1a: Archaludon|move: Wide Guard\n|-activate|p1b: Pelipper|move: Wide Guard\n|move|p2b: Sneasler|Close Combat|p1a: Archaludon\n|-supereffective|p1a: Archaludon|1\n|-damage|p1a: Archaludon|27/100\n|-unboost|p2b: Sneasler|def|1\n|-unboost|p2b: Sneasler|spd|1\n|-ability|p1a: Archaludon|Stamina|boost\n|-boost|p1a: Archaludon|def|1\n|-enditem|p2b: Sneasler|White Herb\n|-clearnegativeboost|p2b: Sneasler|[silent]\n|move|p1a: Archaludon|Electro Shot||[still]\n|-prepare|p1a: Archaludon|Electro Shot\n|-boost|p1a: Archaludon|spa|1\n|-anim|p1a: Archaludon|Electro Shot|p2b: Sneasler\n|-damage|p2b: Sneasler|23/100\n|\n|-weather|RainDance|[upkeep]\n|-heal|p1a: Archaludon|33/100|[from] item: Leftovers\n|upkeep\n|turn|3\n|inactive|Zenakuss17 has 30 seconds left.\n|\n|t:|1776198988\n|move|p1a: Archaludon|Protect|p1a: Archaludon\n|-singleturn|p1a: Archaludon|Protect\n|move|p2b: Sneasler|Close Combat|p1a: Archaludon\n|-activate|p1a: Archaludon|move: Protect\n|move|p2a: Aerodactyl|Rock Slide|p1a: Archaludon|[spread] p1b\n|-activate|p1a: Archaludon|move: Protect\n|-supereffective|p1b: Pelipper|1\n|-damage|p1b: Pelipper|49/100\n|move|p1b: Pelipper|Weather Ball|p2a: Aerodactyl\n|-supereffective|p2a: Aerodactyl|1\n|-crit|p2a: Aerodactyl\n|-damage|p2a: Aerodactyl|0 fnt\n|faint|p2a: Aerodactyl\n|\n|-weather|RainDance|[upkeep]\n|-heal|p1a: Archaludon|40/100|[from] item: Leftovers\n|upkeep\n|\n|t:|1776199004\n|switch|p2a: C.R.O|Gengar, L50, M, shiny|100/100\n|turn|4\n|\n|t:|1776199025\n|detailschange|p2a: C.R.O|Gengar-Mega, L50, M, shiny\n|-mega|p2a: C.R.O|Gengar|Gengarite\n|move|p2b: Sneasler|Dire Claw|p1b: Pelipper\n|-damage|p1b: Pelipper|4/100\n|move|p2a: C.R.O|Focus Blast|p1a: Archaludon\n|-supereffective|p1a: Archaludon|1\n|-damage|p1a: Archaludon|0 fnt\n|faint|p1a: Archaludon\n|move|p1b: Pelipper|Hurricane|p2a: C.R.O\n|-damage|p2a: C.R.O|33/100\n|\n|-weather|RainDance|[upkeep]\n|-sideend|p2: lSuis|move: Tailwind\n|upkeep\n|\n|t:|1776199043\n|switch|p1a: Palafin|Palafin-Hero, L50, M, shiny|100/100\n|-activate|p1a: Palafin|ability: Zero to Hero\n|turn|5\n|\n|t:|1776199054\n|switch|p2a: Sableye|Sableye, L50, M, shiny|100/100\n|move|p1a: Palafin|Jet Punch|p2a: Sableye\n|-crit|p2a: Sableye\n|-enditem|p2a: Sableye|Focus Sash\n|-damage|p2a: Sableye|1/100\n|move|p2b: Sneasler|Dire Claw|p1b: Pelipper\n|-damage|p1b: Pelipper|0 fnt\n|faint|p1b: Pelipper\n|\n|-weather|none\n|upkeep\n|\n|t:|1776199063\n|switch|p1b: Sinistcha|Sinistcha, L50|100/100\n|turn|6\n|\n|t:|1776199080\n|move|p1b: Sinistcha|Rage Powder|p1b: Sinistcha\n|-singleturn|p1b: Sinistcha|move: Rage Powder\n|move|p1a: Palafin|Jet Punch|p2a: Sableye\n|-damage|p2a: Sableye|0 fnt\n|faint|p2a: Sableye\n|move|p2b: Sneasler|Dire Claw|p1b: Sinistcha\n|-damage|p1b: Sinistcha|73/100\n|\n|upkeep\n|\n|t:|1776199087\n|switch|p2a: C.R.O|Gengar-Mega, L50, M, shiny|33/100\n|turn|7\n|\n|t:|1776199098\n|move|p1b: Sinistcha|Protect|p1b: Sinistcha\n|-singleturn|p1b: Sinistcha|Protect\n|move|p1a: Palafin|Jet Punch|p2a: C.R.O\n|-damage|p2a: C.R.O|0 fnt\n|faint|p2a: C.R.O\n|move|p2b: Sneasler|Dire Claw|p1b: Sinistcha\n|-activate|p1b: Sinistcha|move: Protect\n|\n|upkeep\n|turn|8\n|-message|lSuis forfeited.\n|\n|win|Zenakuss17\n|raw|Zenakuss17's rating: 1075 &rarr; <strong>1102</strong><br />(+27 for winning)\n|raw|lSuis's rating: 1048 &rarr; <strong>1032</strong><br />(-16 for losing)\n|l|\u2606lSuis\n|player|p2|\n",
  "uploadtime": 1776199126,
  "views": 14,
  "formatid": "gen9championsvgc2026regma",
  "rating": 1032,
  "private": 0,
  "password": null
}