{
  "id": "gen9championsvgc2026regma-2586313358",
  "format": "[Gen 9 Champions] VGC 2026 Reg M-A",
  "players": [
    "EllAkuro",
    "zefhkb505"
  ],
  "log": "|j|\u2606EllAkuro\n|j|\u2606zefhkb505\n|t:|1776424262\n|gametype|doubles\n|player|p1|EllAkuro|265|1333\n|player|p2|zefhkb505|hilbert|1382\n|gen|9\n|tier|[Gen 9 Champions] VGC 2026 Reg M-A\n|rated|\n|rule|Species Clause: Limit one of each Pok\u00e9mon\n|rule|Item Clause: Limit 1 of each item\n|clearpoke\n|poke|p1|Clefable, L50, F|\n|poke|p1|Slowbro, L50, M|\n|poke|p1|Kangaskhan, L50, F|\n|poke|p1|Torterra, L50, F|\n|poke|p1|Rotom-Heat, L50|\n|poke|p1|Sneasler, L50, F|\n|poke|p2|Gengar, L50, F|\n|poke|p2|Garchomp, L50, F|\n|poke|p2|Incineroar, L50, F|\n|poke|p2|Rotom-Wash, L50|\n|poke|p2|Sylveon, L50, M|\n|poke|p2|Sneasler, L50, F|\n|teampreview|4\n|inactive|Battle timer is ON: inactive players will automatically lose when time's up. (requested by zefhkb505)\n|\n|t:|1776424292\n|teamsize|p1|4\n|teamsize|p2|4\n|start\n|switch|p1a: Kangaskhan|Kangaskhan, L50, F|100/100\n|switch|p1b: Rotom|Rotom-Heat, L50|100/100\n|switch|p2a: Incineroar|Incineroar, L50, F|100/100\n|switch|p2b: Sneasler|Sneasler, L50, F|100/100\n|-ability|p2a: Incineroar|Intimidate|boost\n|-fail|p1a: Kangaskhan|unboost|Attack|[from] ability: Scrappy|[of] p1a: Kangaskhan\n|-unboost|p1b: Rotom|atk|1\n|turn|1\n|\n|t:|1776424312\n|switch|p1a: Sneasler|Sneasler, L50, F|100/100\n|move|p2b: Sneasler|Fake Out|p1a: Sneasler\n|-damage|p1a: Sneasler|75/100\n|move|p1b: Rotom|Volt Switch|p2b: Sneasler\n|-damage|p2b: Sneasler|54/100\n|\n|t:|1776424320\n|switch|p1b: Kangaskhan|Kangaskhan, L50, F|100/100|[from] Volt Switch\n|move|p2a: Incineroar|Parting Shot|p1b: Kangaskhan\n|-unboost|p1b: Kangaskhan|atk|1\n|-unboost|p1b: Kangaskhan|spa|1\n|\n|t:|1776424326\n|switch|p2a: Garchomp|Garchomp, L50, F|100/100|[from] Parting Shot\n|\n|upkeep\n|turn|2\n|\n|t:|1776424334\n|detailschange|p1b: Kangaskhan|Kangaskhan-Mega, L50, F\n|-mega|p1b: Kangaskhan|Kangaskhan|Kangaskhanite\n|move|p2b: Sneasler|Protect|p2b: Sneasler\n|-singleturn|p2b: Sneasler|Protect\n|move|p2a: Garchomp|Protect|p2a: Garchomp\n|-singleturn|p2a: Garchomp|Protect\n|move|p1b: Kangaskhan|Fake Out|p2b: Sneasler\n|-activate|p2b: Sneasler|move: Protect\n|move|p1a: Sneasler|Coaching|p1b: Kangaskhan\n|-boost|p1b: Kangaskhan|atk|1\n|-boost|p1b: Kangaskhan|def|1\n|\n|upkeep\n|turn|3\n|\n|t:|1776424347\n|switch|p2b: Rotom|Rotom-Wash, L50|100/100\n|move|p1a: Sneasler|Coaching|p1b: Kangaskhan\n|-boost|p1b: Kangaskhan|atk|1\n|-boost|p1b: Kangaskhan|def|1\n|move|p2a: Garchomp|Earthquake|p1a: Sneasler|[spread] p1a,p1b\n|-immune|p2b: Rotom|[from] ability: Levitate\n|-supereffective|p1a: Sneasler|1\n|-damage|p1a: Sneasler|0 fnt\n|-damage|p1b: Kangaskhan|83/100\n|faint|p1a: Sneasler\n|move|p1b: Kangaskhan|Drain Punch|p2b: Rotom\n|-damage|p2b: Rotom|59/100\n|-heal|p1b: Kangaskhan|98/100|[from] drain|[of] p2b: Rotom\n|-damage|p2b: Rotom|48/100\n|-heal|p1b: Kangaskhan|100/100|[from] drain|[of] p2b: Rotom\n|-hitcount|p2b: Rotom|2\n|\n|-heal|p2b: Rotom|55/100|[from] item: Leftovers\n|upkeep\n|\n|t:|1776424362\n|switch|p1a: Rotom|Rotom-Heat, L50|100/100\n|turn|4\n|\n|t:|1776424370\n|move|p1a: Rotom|Trick|p2a: Garchomp\n|-activate|p1a: Rotom|move: Trick|[of] p2a: Garchomp\n|-item|p2a: Garchomp|Choice Scarf|[from] move: Trick\n|-item|p1a: Rotom|Soft Sand|[from] move: Trick\n|move|p2a: Garchomp|Rock Slide|p1b: Kangaskhan|[spread] p1a,p1b\n|-supereffective|p1a: Rotom|1\n|-damage|p1a: Rotom|43/100\n|-damage|p1b: Kangaskhan|93/100\n|move|p1b: Kangaskhan|Body Slam|p2b: Rotom\n|-damage|p2b: Rotom|0 fnt\n|faint|p2b: Rotom\n|-hitcount|p2: Rotom|1\n|\n|upkeep\n|\n|t:|1776424381\n|switch|p2b: Incineroar|Incineroar, L50, F|100/100\n|-ability|p2b: Incineroar|Intimidate|boost\n|-unboost|p1a: Rotom|atk|1\n|-unboost|p1b: Kangaskhan|atk|1\n|turn|5\n|\n|t:|1776424388\n|switch|p1a: Clefable|Clefable, L50, F|100/100\n|move|p2b: Incineroar|Fake Out|p1b: Kangaskhan\n|-damage|p1b: Kangaskhan|88/100\n|move|p2a: Garchomp|Rock Slide|p1b: Kangaskhan|[spread] p1a\n|-miss|p2a: Garchomp|p1b: Kangaskhan\n|-damage|p1a: Clefable|84/100\n|cant|p1b: Kangaskhan|flinch\n|\n|upkeep\n|turn|6\n|\n|t:|1776424401\n|move|p2a: Garchomp|Rock Slide|p1a: Clefable|[spread] p1a,p1b\n|-damage|p1a: Clefable|65/100\n|-damage|p1b: Kangaskhan|81/100\n|cant|p1b: Kangaskhan|flinch\n|move|p2b: Incineroar|Parting Shot|p1b: Kangaskhan\n|-unboost|p1b: Kangaskhan|atk|1\n|-unboost|p1b: Kangaskhan|spa|1\n|\n|t:|1776424408\n|switch|p2b: Sneasler|Sneasler, L50, F|54/100|[from] Parting Shot\n|move|p1a: Clefable|Life Dew|p1a: Clefable|[spread] p1a,p1b\n|-heal|p1a: Clefable|90/100\n|-heal|p1b: Kangaskhan|100/100\n|\n|upkeep\n|turn|7\n|\n|t:|1776424421\n|switch|p2a: Incineroar|Incineroar, L50, F|100/100\n|-ability|p2a: Incineroar|Intimidate|boost\n|-unboost|p1a: Clefable|atk|1\n|-unboost|p1b: Kangaskhan|atk|1\n|move|p1a: Clefable|Protect|p1a: Clefable\n|-singleturn|p1a: Clefable|Protect\n|move|p2b: Sneasler|Dire Claw|p1a: Clefable\n|-activate|p1a: Clefable|move: Protect\n|move|p1b: Kangaskhan|Body Slam|p2b: Sneasler\n|-damage|p2b: Sneasler|19/100\n|-damage|p2b: Sneasler|9/100\n|-hitcount|p2b: Sneasler|2\n|\n|upkeep\n|turn|8\n|\n|t:|1776424438\n|move|p2a: Incineroar|Fake Out|p1a: Clefable\n|-damage|p1a: Clefable|77/100\n|move|p1b: Kangaskhan|Sucker Punch|p2b: Sneasler\n|-resisted|p2b: Sneasler|1\n|-damage|p2b: Sneasler|0 fnt\n|faint|p2b: Sneasler\n|-hitcount|p2: Sneasler|1\n|cant|p1a: Clefable|flinch\n|\n|upkeep\n|\n|t:|1776424446\n|switch|p2b: Garchomp|Garchomp, L50, F|100/100\n|turn|9\n|\n|t:|1776424453\n|move|p2b: Garchomp|Scale Shot|p1b: Kangaskhan\n|-damage|p1b: Kangaskhan|94/100\n|-damage|p1b: Kangaskhan|89/100\n|-damage|p1b: Kangaskhan|83/100\n|-hitcount|p1b: Kangaskhan|3\n|-unboost|p2b: Garchomp|def|1\n|-boost|p2b: Garchomp|spe|1\n|move|p1b: Kangaskhan|Drain Punch|p2a: Incineroar\n|-supereffective|p2a: Incineroar|1\n|-damage|p2a: Incineroar|79/100\n|-heal|p1b: Kangaskhan|93/100|[from] drain|[of] p2a: Incineroar\n|-supereffective|p2a: Incineroar|1\n|-damage|p2a: Incineroar|74/100\n|-heal|p1b: Kangaskhan|96/100|[from] drain|[of] p2a: Incineroar\n|-hitcount|p2a: Incineroar|2\n|move|p1a: Clefable|Life Dew|p1a: Clefable|[spread] p1a,p1b\n|-heal|p1a: Clefable|100/100\n|-heal|p1b: Kangaskhan|100/100\n|move|p2a: Incineroar|Flare Blitz|p1a: Clefable\n|-crit|p1a: Clefable\n|-damage|p1a: Clefable|12/100\n|-enditem|p1a: Clefable|Sitrus Berry|[eat]\n|-heal|p1a: Clefable|37/100|[from] item: Sitrus Berry\n|-damage|p2a: Incineroar|45/100|[from] Recoil\n|-enditem|p2a: Incineroar|Sitrus Berry|[eat]\n|-heal|p2a: Incineroar|69/100|[from] item: Sitrus Berry\n|\n|upkeep\n|turn|10\n|inactive|zefhkb505 has 30 seconds left.\n|inactive|zefhkb505 has 20 seconds left.\n|\n|t:|1776424489\n|switch|p1b: Rotom|Rotom-Heat, L50|43/100\n|move|p1a: Clefable|Protect|p1a: Clefable\n|-singleturn|p1a: Clefable|Protect\n|move|p2b: Garchomp|Scale Shot|p1b: Rotom\n|-damage|p1b: Rotom|24/100\n|-damage|p1b: Rotom|7/100\n|-damage|p1b: Rotom|0 fnt\n|faint|p1b: Rotom\n|-hitcount|p1: Rotom|3\n|-unboost|p2b: Garchomp|def|1\n|-boost|p2b: Garchomp|spe|1\n|move|p2a: Incineroar|Darkest Lariat|p1a: Clefable\n|-activate|p1a: Clefable|move: Protect\n|\n|upkeep\n|\n|t:|1776424495\n|switch|p1b: Kangaskhan|Kangaskhan-Mega, L50, F|100/100\n|turn|11\n|\n|t:|1776424507\n|move|p1b: Kangaskhan|Fake Out|p2a: Incineroar\n|-damage|p2a: Incineroar|51/100\n|-damage|p2a: Incineroar|47/100\n|-hitcount|p2a: Incineroar|2\n|move|p1a: Clefable|Follow Me|p1a: Clefable\n|-singleturn|p1a: Clefable|move: Follow Me\n|move|p2b: Garchomp|Scale Shot|p1a: Clefable\n|-immune|p1a: Clefable\n|cant|p2a: Incineroar|flinch\n|\n|upkeep\n|turn|12\n|\n|t:|1776424519\n|move|p1a: Clefable|Follow Me|p1a: Clefable\n|-singleturn|p1a: Clefable|move: Follow Me\n|move|p2b: Garchomp|Scale Shot|p1a: Clefable\n|-immune|p1a: Clefable\n|move|p1b: Kangaskhan|Drain Punch|p2a: Incineroar\n|-supereffective|p2a: Incineroar|1\n|-damage|p2a: Incineroar|4/100\n|-supereffective|p2a: Incineroar|1\n|-damage|p2a: Incineroar|0 fnt\n|faint|p2a: Incineroar\n|-hitcount|p2: Incineroar|2\n|\n|upkeep\n|turn|13\n|-message|zefhkb505 forfeited.\n|\n|win|EllAkuro\n|raw|EllAkuro's rating: 1333 &rarr; <strong>1356</strong><br />(+23 for winning)\n|raw|zefhkb505's rating: 1382 &rarr; <strong>1359</strong><br />(-23 for losing)\n|l|\u2606zefhkb505\n|player|p2|\n",
  "uploadtime": 1776424534,
  "views": 57,
  "formatid": "gen9championsvgc2026regma",
  "rating": 1356,
  "private": 0,
  "password": null
}