{
  "id": "gen9championsvgc2026regma-2588165775",
  "format": "[Gen 9 Champions] VGC 2026 Reg M-A",
  "players": [
    "Raynobi",
    "tatsugirl i~"
  ],
  "log": "|j|\u2606Raynobi\n|j|\u2606tatsugirl i~\n|html|<table width=\"100%\"><tr><td align=\"left\">Raynobi</td><td align=\"right\">tatsugirl i~</tr><tr><td align=\"left\"><i class=\"fa fa-circle-o\"></i> <i class=\"fa fa-circle-o\"></i> </td><td align=\"right\"><i class=\"fa fa-circle-o\"></i> <i class=\"fa fa-circle\"></i> </tr></table>\n|uhtml|bestof|<h2><strong>Game 2</strong> of <a href=\"/game-bestof3-gen9championsvgc2026regma-2588163324\">a best-of-3</a></h2>\n|t:|1776610751\n|gametype|doubles\n|player|p1|Raynobi|red|\n|player|p2|tatsugirl i~|erika-gen2|\n|gen|9\n|tier|[Gen 9 Champions] VGC 2026 Reg M-A\n|rated|Tournament battle\n|rule|Species Clause: Limit one of each Pok\u00e9mon\n|rule|Item Clause: Limit 1 of each item\n|raw|<div class=\"infobox\"><details class=\"readmore\" open><summary><strong>2 custom rules:</strong></summary> Force Open Team Sheets, Best of = 3</details></div>\n|clearpoke\n|poke|p1|Charizard, L50, M|\n|poke|p1|Sneasler, L50, M|\n|poke|p1|Garchomp, L50, M|\n|poke|p1|Incineroar, L50, M|\n|poke|p1|Basculegion, L50, M|\n|poke|p1|Venusaur, L50, M|\n|poke|p2|Whimsicott, L50, F|\n|poke|p2|Typhlosion-Hisui, L50, F|\n|poke|p2|Kingambit, L50, F|\n|poke|p2|Lopunny, L50, M|\n|poke|p2|Farigiraf, L50, F|\n|poke|p2|Rotom-Heat, L50|\n|teampreview|4\n|showteam|p1|Charizard||CharizarditeY|Blaze|HeatWave,WeatherBall,AirSlash,Protect|||M|||50|]Sneasler||WhiteHerb|Unburden|DireClaw,CloseCombat,RockSlide,Protect|||M|||50|]Garchomp||HabanBerry|RoughSkin|DragonClaw,Earthquake,RockSlide,Protect|||M|||50|]Incineroar||SitrusBerry|Intimidate|FlareBlitz,DarkestLariat,PartingShot,Protect|||M|||50|]Basculegion||ChoiceScarf|Adaptability|WaveCrash,LastRespects,FlipTurn,AquaJet|||M|||50|]Venusaur||FocusSash|Chlorophyll|SolarBeam,SludgeBomb,SleepPowder,EarthPower|||M|||50|\n|showteam|p2|Whimsicott||FocusSash|Prankster|Moonblast,SunnyDay,Encore,Tailwind|||F|||50|]Typhlosion-Hisui||ChoiceScarf|Blaze|Eruption,HeatWave,ShadowBall,Flamethrower|||F|||50|]Kingambit||ChopleBerry|Defiant|SuckerPunch,IronHead,LowKick,Protect|||F|||50|]Lopunny||Lopunnite|Limber|FakeOut,CloseCombat,Uturn,Protect|||M|||50|]Farigiraf||MentalHerb|ArmorTail|TwinBeam,DazzlingGleam,TrickRoom,HelpingHand|||F|||50|]Rotom-Heat||SitrusBerry|Levitate|Overheat,Thunderbolt,WillOWisp,Protect||||||50|\n|\n|t:|1776610777\n|teamsize|p1|4\n|teamsize|p2|4\n|start\n|switch|p1a: Charizard|Charizard, L50, M|100/100\n|switch|p1b: Garchomp|Garchomp, L50, M|100/100\n|switch|p2a: Kingambit|Kingambit, L50, F|100/100\n|switch|p2b: Lopunny|Lopunny, L50, M|100/100\n|turn|1\n|inactive|Battle timer is ON: inactive players will automatically lose when time's up. (requested by Raynobi)\n|\n|t:|1776610795\n|switch|p2a: Whimsicott|Whimsicott, L50, F|100/100\n|detailschange|p2b: Lopunny|Lopunny-Mega, L50, M\n|-mega|p2b: Lopunny|Lopunny|Lopunnite\n|move|p1b: Garchomp|Protect|p1b: Garchomp\n|-singleturn|p1b: Garchomp|Protect\n|move|p1a: Charizard|Protect|p1a: Charizard\n|-singleturn|p1a: Charizard|Protect\n|move|p2b: Lopunny|Fake Out|p1a: Charizard\n|-activate|p1a: Charizard|move: Protect\n|\n|upkeep\n|turn|2\n|\n|t:|1776610819\n|detailschange|p1a: Charizard|Charizard-Mega-Y, L50, M\n|-mega|p1a: Charizard|Charizard|Charizardite Y\n|-weather|SunnyDay|[from] ability: Drought|[of] p1a: Charizard\n|move|p2a: Whimsicott|Encore|p1a: Charizard\n|-start|p1a: Charizard|Encore\n|move|p1a: Charizard|Protect|p1a: Charizard\n|-singleturn|p1a: Charizard|Protect\n|move|p2b: Lopunny|Close Combat|p1b: Garchomp\n|-damage|p1b: Garchomp|37/100\n|-unboost|p2b: Lopunny|def|1\n|-unboost|p2b: Lopunny|spd|1\n|-damage|p2b: Lopunny|89/100|[from] ability: Rough Skin|[of] p1b: Garchomp\n|move|p1b: Garchomp|Earthquake|p2a: Whimsicott|[spread] p2a,p2b\n|-activate|p1a: Charizard|move: Protect\n|-resisted|p2a: Whimsicott|1\n|-damage|p2a: Whimsicott|69/100\n|-damage|p2b: Lopunny|12/100\n|\n|-weather|SunnyDay|[upkeep]\n|upkeep\n|turn|3\n|inactive|Raynobi has 30 seconds left.\n|inactive|tatsugirl i~ has 30 seconds left.\n|inactive|Raynobi has 20 seconds left.\n|\n|t:|1776610856\n|switch|p1b: Sneasler|Sneasler, L50, M|100/100\n|switch|p1a: Basculegion|Basculegion, L50, M|100/100\n|move|p2b: Lopunny|U-turn|p1a: Basculegion\n|-resisted|p1a: Basculegion|1\n|-crit|p1a: Basculegion\n|-damage|p1a: Basculegion|76/100\n|\n|t:|1776610875\n|switch|p2b: Kingambit|Kingambit, L50, F|100/100|[from] U-turn\n|move|p2a: Whimsicott|Moonblast|p1b: Sneasler\n|-damage|p1b: Sneasler|49/100\n|\n|-weather|SunnyDay|[upkeep]\n|upkeep\n|turn|4\n|\n|t:|1776610898\n|switch|p1a: Garchomp|Garchomp, L50, M|37/100\n|move|p1b: Sneasler|Dire Claw|p2a: Whimsicott\n|-supereffective|p2a: Whimsicott|2\n|-damage|p2a: Whimsicott|0 fnt\n|faint|p2a: Whimsicott\n|move|p2b: Kingambit|Iron Head|p1b: Sneasler\n|-damage|p1b: Sneasler|0 fnt\n|faint|p1b: Sneasler\n|\n|-weather|SunnyDay|[upkeep]\n|upkeep\n|inactive|tatsugirl i~ has 30 seconds left.\n|\n|t:|1776610926\n|switch|p1b: Charizard|Charizard-Mega-Y, L50, M|100/100\n|switch|p2a: Lopunny|Lopunny-Mega, L50, M|12/100\n|turn|5\n|\n|t:|1776610942\n|switch|p2b: Rotom|Rotom-Heat, L50|100/100\n|move|p1a: Garchomp|Protect|p1a: Garchomp\n|-singleturn|p1a: Garchomp|Protect\n|move|p1b: Charizard|Protect|p1b: Charizard\n|-singleturn|p1b: Charizard|Protect\n|move|p2a: Lopunny|Fake Out|p1b: Charizard\n|-activate|p1b: Charizard|move: Protect\n|\n|-weather|SunnyDay|[upkeep]\n|upkeep\n|turn|6\n|inactive|Raynobi has 30 seconds left.\n|\n|t:|1776610972\n|switch|p1a: Basculegion|Basculegion, L50, M|76/100\n|move|p2a: Lopunny|Protect|p2a: Lopunny\n|-singleturn|p2a: Lopunny|Protect\n|move|p1b: Charizard|Air Slash|p2a: Lopunny\n|-activate|p2a: Lopunny|move: Protect\n|move|p2b: Rotom|Thunderbolt|p1b: Charizard\n|-supereffective|p1b: Charizard|1\n|-damage|p1b: Charizard|14/100\n|\n|-weather|none\n|upkeep\n|turn|7\n|\n|t:|1776610996\n|switch|p1b: Garchomp|Garchomp, L50, M|37/100\n|move|p1a: Basculegion|Aqua Jet|p2a: Lopunny\n|-damage|p2a: Lopunny|0 fnt\n|faint|p2a: Lopunny\n|move|p2b: Rotom|Thunderbolt|p1a: Basculegion\n|-supereffective|p1a: Basculegion|1\n|-damage|p1a: Basculegion|0 fnt\n|faint|p1a: Basculegion\n|\n|upkeep\n|\n|t:|1776611007\n|switch|p2a: Kingambit|Kingambit, L50, F|100/100\n|switch|p1a: Charizard|Charizard-Mega-Y, L50, M|14/100\n|-weather|SunnyDay|[from] ability: Drought|[of] p1a: Charizard\n|turn|8\n|\n|t:|1776611025\n|move|p1a: Charizard|Protect|p1a: Charizard\n|-singleturn|p1a: Charizard|Protect\n|move|p2a: Kingambit|Sucker Punch||[still]\n|-fail|p2a: Kingambit\n|move|p1b: Garchomp|Rock Slide|p2b: Rotom|[spread] p2b\n|-miss|p1b: Garchomp|p2a: Kingambit\n|-supereffective|p2b: Rotom|1\n|-damage|p2b: Rotom|58/100\n|cant|p2b: Rotom|flinch\n|\n|-weather|SunnyDay|[upkeep]\n|upkeep\n|turn|9\n|\n|t:|1776611039\n|move|p2a: Kingambit|Sucker Punch|p1a: Charizard\n|-damage|p1a: Charizard|0 fnt\n|faint|p1a: Charizard\n|move|p1b: Garchomp|Rock Slide|p2a: Kingambit|[spread] p2a,p2b\n|-resisted|p2a: Kingambit|1\n|-crit|p2a: Kingambit\n|-supereffective|p2b: Rotom|1\n|-damage|p2a: Kingambit|90/100\n|-damage|p2b: Rotom|16/100\n|-enditem|p2b: Rotom|Sitrus Berry|[eat]\n|-heal|p2b: Rotom|41/100|[from] item: Sitrus Berry\n|move|p2b: Rotom|Will-O-Wisp|p1b: Garchomp\n|-status|p1b: Garchomp|brn\n|\n|-weather|SunnyDay|[upkeep]\n|-damage|p1b: Garchomp|31/100 brn|[from] brn\n|upkeep\n|turn|10\n|-message|Raynobi forfeited.\n|\n|win|tatsugirl i~\n|l|\u2606Raynobi\n|player|p1|\n",
  "uploadtime": 1776611057,
  "views": 9,
  "formatid": "gen9championsvgc2026regma",
  "rating": null,
  "private": 0,
  "password": null
}