{
  "id": "gen9championsvgc2026regma-2588622441",
  "format": "[Gen 9 Champions] VGC 2026 Reg M-A",
  "players": [
    "Tiguh",
    "aroswing"
  ],
  "log": "|j|\u2606Tiguh\n|j|\u2606aroswing\n|t:|1776651038\n|gametype|doubles\n|player|p1|Tiguh|266|1196\n|player|p2|aroswing|marnie|1273\n|gen|9\n|tier|[Gen 9 Champions] VGC 2026 Reg M-A\n|rated|\n|rule|Species Clause: Limit one of each Pok\u00e9mon\n|rule|Item Clause: Limit 1 of each item\n|clearpoke\n|poke|p1|Charizard, L50, F|\n|poke|p1|Scizor, L50, F|\n|poke|p1|Sneasler, L50, F|\n|poke|p1|Incineroar, L50, M|\n|poke|p1|Sinistcha, L50|\n|poke|p1|Milotic, L50, M|\n|poke|p2|Toxicroak, L50, M|\n|poke|p2|Pelipper, L50, M|\n|poke|p2|Blastoise, L50, M|\n|poke|p2|Sinistcha, L50|\n|poke|p2|Archaludon, L50, M|\n|poke|p2|Dragonite, L50, M|\n|teampreview|4\n|inactive|Battle timer is ON: inactive players will automatically lose when time's up. (requested by aroswing)\n|\n|t:|1776651065\n|teamsize|p1|4\n|teamsize|p2|4\n|start\n|switch|p1a: Scizor|Scizor, L50, F|100/100\n|switch|p1b: Sneasler|Sneasler, L50, F|100/100\n|switch|p2a: Dragonite|Dragonite, L50, M|100/100\n|switch|p2b: Toxicroak|Toxicroak, L50, M|100/100\n|turn|1\n|\n|t:|1776651081\n|detailschange|p1a: Scizor|Scizor-Mega, L50, F\n|-mega|p1a: Scizor|Scizor|Scizorite\n|move|p1b: Sneasler|Fake Out|p2a: Dragonite\n|-damage|p2a: Dragonite|82/100\n|move|p2b: Toxicroak|Fake Out|p1a: Scizor\n|-resisted|p1a: Scizor|1\n|-damage|p1a: Scizor|96/100\n|move|p2a: Dragonite|Hurricane|p1b: Sneasler\n|-supereffective|p1b: Sneasler|1\n|-enditem|p1b: Sneasler|Focus Sash\n|-damage|p1b: Sneasler|1/100\n|-start|p1b: Sneasler|confusion\n|cant|p1a: Scizor|flinch\n|\n|upkeep\n|turn|2\n|inactive|Tiguh has 30 seconds left.\n|inactive|aroswing has 30 seconds left.\n|\n|t:|1776651115\n|detailschange|p2a: Dragonite|Dragonite-Mega, L50, M\n|-mega|p2a: Dragonite|Dragonite|Dragoninite\n|-activate|p1b: Sneasler|confusion\n|-damage|p1b: Sneasler|0 fnt|[from] confusion\n|faint|p1b: Sneasler\n|move|p2a: Dragonite|Tailwind|p2a: Dragonite\n|-sidestart|p2: aroswing|move: Tailwind\n|move|p2b: Toxicroak|Close Combat|p1a: Scizor\n|-damage|p1a: Scizor|54/100\n|-unboost|p2b: Toxicroak|def|1\n|-unboost|p2b: Toxicroak|spd|1\n|-enditem|p2b: Toxicroak|White Herb\n|-clearnegativeboost|p2b: Toxicroak|[silent]\n|move|p1a: Scizor|Swords Dance|p1a: Scizor\n|-boost|p1a: Scizor|atk|2\n|\n|upkeep\n|\n|t:|1776651121\n|switch|p1b: Incineroar|Incineroar, L50, M|100/100\n|-ability|p1b: Incineroar|Intimidate|boost\n|-unboost|p2a: Dragonite|atk|1\n|-unboost|p2b: Toxicroak|atk|1\n|turn|3\n|\n|t:|1776651136\n|move|p2a: Dragonite|Protect|p2a: Dragonite\n|-singleturn|p2a: Dragonite|Protect\n|move|p1b: Incineroar|Fake Out|p2b: Toxicroak\n|-damage|p2b: Toxicroak|87/100\n|move|p1a: Scizor|Bullet Punch|p2a: Dragonite\n|-activate|p2a: Dragonite|move: Protect\n|cant|p2b: Toxicroak|flinch\n|\n|upkeep\n|turn|4\n|\n|t:|1776651152\n|switch|p2b: Pelipper|Pelipper, L50, M|100/100\n|-weather|RainDance|[from] ability: Drizzle|[of] p2b: Pelipper\n|move|p1a: Scizor|Bullet Punch|p2a: Dragonite\n|-damage|p2a: Dragonite|15/100\n|move|p2a: Dragonite|Hurricane|p1a: Scizor\n|-damage|p1a: Scizor|0 fnt\n|faint|p1a: Scizor\n|move|p1b: Incineroar|Flare Blitz|p2b: Pelipper\n|-resisted|p2b: Pelipper|1\n|-damage|p2b: Pelipper|85/100\n|-damage|p1b: Incineroar|97/100|[from] Recoil\n|\n|-weather|RainDance|[upkeep]\n|upkeep\n|\n|t:|1776651156\n|switch|p1a: Sinistcha|Sinistcha, L50|100/100\n|-heal|p1b: Incineroar|100/100|[from] ability: Hospitality|[of] p1a: Sinistcha\n|turn|5\n|-message|Tiguh forfeited.\n|\n|win|aroswing\n|raw|Tiguh's rating: 1196 &rarr; <strong>1176</strong><br />(-20 for losing)\n|raw|aroswing's rating: 1273 &rarr; <strong>1293</strong><br />(+20 for winning)\n|l|\u2606Tiguh\n|player|p1|\n",
  "uploadtime": 1776651169,
  "views": 3,
  "formatid": "gen9championsvgc2026regma",
  "rating": 1176,
  "private": 0,
  "password": null
}