{
  "id": "gen9championsvgc2026regma-2584891781",
  "format": "[Gen 9 Champions] VGC 2026 Reg M-A",
  "players": [
    "SunTufo",
    "fhadfgdasdfsdf"
  ],
  "log": "|j|\u2606SunTufo\n|j|\u2606fhadfgdasdfsdf\n|t:|1776292053\n|gametype|doubles\n|player|p1|SunTufo|li|1176\n|player|p2|fhadfgdasdfsdf|gentleman-gen4|1207\n|gen|9\n|tier|[Gen 9 Champions] VGC 2026 Reg M-A\n|rated|\n|rule|Species Clause: Limit one of each Pok\u00e9mon\n|rule|Item Clause: Limit 1 of each item\n|clearpoke\n|poke|p1|Aerodactyl, L50, M|\n|poke|p1|Floette-Eternal, L50, F|\n|poke|p1|Incineroar, L50, M|\n|poke|p1|Sinistcha-Masterpiece, L50|\n|poke|p1|Hawlucha, L50, M|\n|poke|p1|Krookodile, L50, M|\n|poke|p2|Alakazam, L50, F|\n|poke|p2|Meowstic, L50, M|\n|poke|p2|Maushold-Four, L50|\n|poke|p2|Torkoal, L50, M|\n|poke|p2|Venusaur, L50, M|\n|poke|p2|Sneasler, L50, M|\n|teampreview|4\n|inactive|Battle timer is ON: inactive players will automatically lose when time's up. (requested by SunTufo)\n|\n|t:|1776292075\n|teamsize|p1|4\n|teamsize|p2|4\n|start\n|switch|p1a: Aerodactyl|Aerodactyl, L50, M|100/100\n|switch|p1b: Incineroar|Incineroar, L50, M|100/100\n|switch|p2a: Meowstic|Meowstic, L50, M|100/100\n|switch|p2b: Maushold|Maushold-Four, L50|100/100\n|-ability|p1a: Aerodactyl|Unnerve\n|-ability|p1b: Incineroar|Intimidate|boost\n|-unboost|p2a: Meowstic|atk|1\n|-unboost|p2b: Maushold|atk|1\n|turn|1\n|\n|t:|1776292096\n|move|p1a: Aerodactyl|Protect|p1a: Aerodactyl\n|-singleturn|p1a: Aerodactyl|Protect\n|move|p2a: Meowstic|Fake Out|p1a: Aerodactyl\n|-activate|p1a: Aerodactyl|move: Protect\n|move|p2b: Maushold|Population Bomb|p1a: Aerodactyl\n|-activate|p1a: Aerodactyl|move: Protect\n|move|p1b: Incineroar|Parting Shot|p2a: Meowstic\n|-unboost|p2a: Meowstic|atk|1\n|-unboost|p2a: Meowstic|spa|1\n|\n|t:|1776292101\n|switch|p1b: Krookodile|Krookodile, L50, M, shiny|100/100|[from] Parting Shot\n|\n|upkeep\n|turn|2\n|\n|t:|1776292124\n|move|p2a: Meowstic|Gravity|p2a: Meowstic\n|-fieldstart|move: Gravity\n|move|p1a: Aerodactyl|Tailwind|p1a: Aerodactyl\n|-sidestart|p1: SunTufo|move: Tailwind\n|move|p1b: Krookodile|Knock Off|p2a: Meowstic\n|-supereffective|p2a: Meowstic|1\n|-damage|p2a: Meowstic|0 fnt\n|-enditem|p2a: Meowstic|Mental Herb|[from] move: Knock Off|[of] p1b: Krookodile\n|faint|p2a: Meowstic\n|-ability|p1b: Krookodile|Moxie|boost\n|-boost|p1b: Krookodile|atk|1\n|move|p2b: Maushold|Encore|p1a: Aerodactyl\n|-start|p1a: Aerodactyl|Encore\n|\n|upkeep\n|\n|t:|1776292135\n|switch|p2a: Sneasler|Sneasler, L50, M|100/100\n|turn|3\n|\n|t:|1776292145\n|switch|p1a: Hawlucha|Hawlucha, L50, M, shiny|100/100\n|-ability|p1a: Hawlucha|Mold Breaker\n|move|p1b: Krookodile|Protect|p1b: Krookodile\n|-singleturn|p1b: Krookodile|Protect\n|move|p2b: Maushold|Follow Me|p2b: Maushold\n|-singleturn|p2b: Maushold|move: Follow Me\n|move|p2a: Sneasler|Close Combat|p1b: Krookodile\n|-activate|p1b: Krookodile|move: Protect\n|\n|upkeep\n|turn|4\n|\n|t:|1776292165\n|detailschange|p1a: Hawlucha|Hawlucha-Mega, L50, M, shiny\n|-mega|p1a: Hawlucha|Hawlucha|Hawluchanite\n|move|p2b: Maushold|Follow Me|p2b: Maushold\n|-singleturn|p2b: Maushold|move: Follow Me\n|move|p1a: Hawlucha|Entrainment|p2b: Maushold\n|-ability|p2b: Maushold|No Guard|Technician|[from] move: Entrainment|[of] p1a: Hawlucha\n|move|p1b: Krookodile|Fissure|p2b: Maushold\n|-damage|p2b: Maushold|0 fnt\n|faint|p2b: Maushold\n|-ability|p1b: Krookodile|Moxie|boost\n|-boost|p1b: Krookodile|atk|1\n|-ohko\n|move|p2a: Sneasler|Close Combat|p1b: Krookodile\n|-supereffective|p1b: Krookodile|1\n|-enditem|p1b: Krookodile|Chople Berry|[eat]\n|-enditem|p1b: Krookodile|Chople Berry|[weaken]\n|-damage|p1b: Krookodile|19/100\n|-unboost|p2a: Sneasler|def|1\n|-unboost|p2a: Sneasler|spd|1\n|-enditem|p2a: Sneasler|White Herb\n|-clearnegativeboost|p2a: Sneasler|[silent]\n|\n|upkeep\n|\n|t:|1776292183\n|switch|p2b: Alakazam|Alakazam, L50, F|100/100\n|turn|5\n|\n|t:|1776292195\n|switch|p1a: Aerodactyl|Aerodactyl, L50, M|100/100\n|-ability|p1a: Aerodactyl|Unnerve\n|move|p2b: Alakazam|Protect|p2b: Alakazam\n|-singleturn|p2b: Alakazam|Protect\n|move|p2a: Sneasler|Close Combat|p1b: Krookodile\n|-supereffective|p1b: Krookodile|1\n|-damage|p1b: Krookodile|0 fnt\n|-unboost|p2a: Sneasler|def|1\n|-unboost|p2a: Sneasler|spd|1\n|faint|p1b: Krookodile\n|\n|-sideend|p1: SunTufo|move: Tailwind\n|upkeep\n|\n|t:|1776292206\n|switch|p1b: Incineroar|Incineroar, L50, M|100/100\n|-ability|p1b: Incineroar|Intimidate|boost\n|-unboost|p2a: Sneasler|atk|1\n|-fail|p2b: Alakazam|unboost|Attack|[from] ability: Inner Focus|[of] p2b: Alakazam\n|turn|6\n|\n|t:|1776292212\n|detailschange|p2b: Alakazam|Alakazam-Mega, L50, F\n|-mega|p2b: Alakazam|Alakazam|Alakazite\n|-ability|p2b: Alakazam|Intimidate|Trace|[from] ability: Trace|[of] p1b: Incineroar\n|-ability|p2b: Alakazam|Intimidate|boost\n|-unboost|p1a: Aerodactyl|atk|1\n|-unboost|p1b: Incineroar|atk|1\n|move|p1b: Incineroar|Fake Out|p2b: Alakazam\n|-damage|p2b: Alakazam|86/100\n|move|p2a: Sneasler|Close Combat|p1b: Incineroar\n|-supereffective|p1b: Incineroar|1\n|-damage|p1b: Incineroar|36/100\n|-unboost|p2a: Sneasler|def|1\n|-unboost|p2a: Sneasler|spd|1\n|cant|p2b: Alakazam|flinch\n|move|p1a: Aerodactyl|Tailwind|p1a: Aerodactyl\n|-sidestart|p1: SunTufo|move: Tailwind\n|\n|-fieldend|move: Gravity\n|upkeep\n|turn|7\n|\n|t:|1776292230\n|move|p1a: Aerodactyl|Dual Wingbeat|p2a: Sneasler\n|-supereffective|p2a: Sneasler|1\n|-damage|p2a: Sneasler|16/100\n|-supereffective|p2a: Sneasler|1\n|-damage|p2a: Sneasler|0 fnt\n|faint|p2a: Sneasler\n|-hitcount|p2: Sneasler|2\n|move|p2b: Alakazam|Dazzling Gleam|p1b: Incineroar|[spread] p1a,p1b\n|-damage|p1a: Aerodactyl|61/100\n|-damage|p1b: Incineroar|8/100\n|move|p1b: Incineroar|Parting Shot|p2b: Alakazam\n|-unboost|p2b: Alakazam|atk|1\n|-unboost|p2b: Alakazam|spa|1\n|\n|t:|1776292238\n|switch|p1b: Hawlucha|Hawlucha-Mega, L50, M, shiny|100/100|[from] Parting Shot\n|\n|upkeep\n|turn|8\n|\n|t:|1776292245\n|move|p1a: Aerodactyl|Rock Slide|p2b: Alakazam|[miss]\n|-miss|p1a: Aerodactyl|p2b: Alakazam\n|move|p1b: Hawlucha|Dual Wingbeat|p2b: Alakazam\n|-damage|p2b: Alakazam|49/100\n|-damage|p2b: Alakazam|14/100\n|-hitcount|p2b: Alakazam|2\n|move|p2b: Alakazam|Expanding Force|p1b: Hawlucha\n|-supereffective|p1b: Hawlucha|1\n|-damage|p1b: Hawlucha|19/100\n|\n|upkeep\n|turn|9\n|\n|t:|1776292252\n|switch|p1a: Incineroar|Incineroar, L50, M|8/100\n|-ability|p1a: Incineroar|Intimidate|boost\n|-unboost|p2b: Alakazam|atk|1\n|move|p2b: Alakazam|Protect|p2b: Alakazam\n|-singleturn|p2b: Alakazam|Protect\n|move|p1b: Hawlucha|Dual Wingbeat|p2b: Alakazam\n|-activate|p2b: Alakazam|move: Protect\n|\n|-sideend|p1: SunTufo|move: Tailwind\n|upkeep\n|turn|10\n|\n|t:|1776292260\n|move|p2b: Alakazam|Protect||[still]\n|-fail|p2b: Alakazam\n|move|p1a: Incineroar|Fake Out|p2b: Alakazam\n|-damage|p2b: Alakazam|0 fnt\n|faint|p2b: Alakazam\n|\n|win|SunTufo\n|raw|SunTufo's rating: 1176 &rarr; <strong>1203</strong><br />(+27 for winning)\n|raw|fhadfgdasdfsdf's rating: 1207 &rarr; <strong>1180</strong><br />(-27 for losing)\n",
  "uploadtime": 1776292261,
  "views": 17,
  "formatid": "gen9championsvgc2026regma",
  "rating": 1180,
  "private": 0,
  "password": null
}