{
  "id": "gen9championsvgc2026regma-2588530748",
  "format": "[Gen 9 Champions] VGC 2026 Reg M-A",
  "players": [
    "QBkiller55",
    "Neutralzr"
  ],
  "log": "|j|\u2606QBkiller55\n|j|\u2606Neutralzr\n|t:|1776642136\n|gametype|doubles\n|player|p1|QBkiller55|morty|1377\n|player|p2|Neutralzr|lance|1295\n|gen|9\n|tier|[Gen 9 Champions] VGC 2026 Reg M-A\n|rated|\n|rule|Species Clause: Limit one of each Pok\u00e9mon\n|rule|Item Clause: Limit 1 of each item\n|clearpoke\n|poke|p1|Aegislash, L50, F|\n|poke|p1|Tyranitar, L50, F|\n|poke|p1|Garchomp, L50, F|\n|poke|p1|Aerodactyl, L50, M|\n|poke|p1|Kingambit, L50, F|\n|poke|p1|Rotom-Wash, L50|\n|poke|p2|Charizard, L50, M|\n|poke|p2|Sinistcha-Masterpiece, L50|\n|poke|p2|Tyranitar, L50, F, shiny|\n|poke|p2|Incineroar, L50, M|\n|poke|p2|Milotic, L50, F, shiny|\n|poke|p2|Sneasler, L50, F, shiny|\n|teampreview|4\n|inactive|Battle timer is ON: inactive players will automatically lose when time's up. (requested by Neutralzr)\nQBkiller55 rejected open team sheets.\n|inactive|Neutralzr has 60 seconds left.\n|\n|t:|1776642169\n|teamsize|p1|4\n|teamsize|p2|4\n|start\n|switch|p1a: Kingambit|Kingambit, L50, F|100/100\n|switch|p1b: Aerodactyl|Aerodactyl, L50, M|100/100\n|switch|p2a: Charizard|Charizard, L50, M|100/100\n|switch|p2b: Incineroar|Incineroar, L50, M|100/100\n|-ability|p1b: Aerodactyl|Unnerve\n|-ability|p2b: Incineroar|Intimidate|boost\n|-unboost|p1a: Kingambit|atk|1\n|-ability|p1a: Kingambit|Defiant|boost\n|-boost|p1a: Kingambit|atk|2\n|-unboost|p1b: Aerodactyl|atk|1\n|turn|1\n|\n|t:|1776642190\n|switch|p2b: Sneasler|Sneasler, L50, F, shiny|100/100\n|detailschange|p2a: Charizard|Charizard-Mega-X, L50, M\n|-mega|p2a: Charizard|Charizard|Charizardite X\n|move|p1b: Aerodactyl|Protect|p1b: Aerodactyl\n|-singleturn|p1b: Aerodactyl|Protect\n|move|p1a: Kingambit|Protect|p1a: Kingambit\n|-singleturn|p1a: Kingambit|Protect\n|move|p2a: Charizard|Dragon Dance|p2a: Charizard\n|-boost|p2a: Charizard|atk|1\n|-boost|p2a: Charizard|spe|1\n|\n|upkeep\n|turn|2\n|inactive|QBkiller55 has 30 seconds left.\n|inactive|Neutralzr has 30 seconds left.\n|inactive|Neutralzr has 20 seconds left.\n|-activate|p1a: Kingambit|item: Quick Claw\n|\n|t:|1776642230\n|move|p2b: Sneasler|Fake Out|p1b: Aerodactyl\n|-resisted|p1b: Aerodactyl|1\n|-damage|p1b: Aerodactyl|90/100\n|move|p1a: Kingambit|Sucker Punch|p2a: Charizard\n|-damage|p2a: Charizard|44/100\n|move|p2a: Charizard|Flare Blitz|p1a: Kingambit\n|-supereffective|p1a: Kingambit|1\n|-damage|p1a: Kingambit|0 fnt\n|faint|p1a: Kingambit\n|-damage|p2a: Charizard|4/100|[from] Recoil\n|cant|p1b: Aerodactyl|flinch\n|\n|upkeep\n|\n|t:|1776642240\n|switch|p1a: Aegislash|Aegislash, L50, F|100/100\n|turn|3\n|\n|t:|1776642253\n|switch|p2b: Sinistcha|Sinistcha-Masterpiece, L50|100/100\n|-heal|p2a: Charizard|29/100|[from] ability: Hospitality|[of] p2b: Sinistcha\n|move|p2a: Charizard|Dragon Claw|p1b: Aerodactyl\n|-damage|p1b: Aerodactyl|0 fnt\n|faint|p1b: Aerodactyl\n|move|p1a: Aegislash|Swords Dance|p1a: Aegislash\n|-boost|p1a: Aegislash|atk|2\n|\n|upkeep\n|\n|t:|1776642259\n|switch|p1b: Rotom|Rotom-Wash, L50|100/100\n|turn|4\n|inactive|QBkiller55 has 30 seconds left.\n|inactive|Neutralzr has 30 seconds left.\n|\n|t:|1776642288\n|move|p2b: Sinistcha|Rage Powder|p2b: Sinistcha\n|-singleturn|p2b: Sinistcha|move: Rage Powder\n|-formechange|p1a: Aegislash|Aegislash-Blade|\n|move|p1a: Aegislash|Shadow Sneak|p2b: Sinistcha\n|-supereffective|p2b: Sinistcha|1\n|-damage|p2b: Sinistcha|25/100\n|-enditem|p2b: Sinistcha|Sitrus Berry|[eat]\n|-heal|p2b: Sinistcha|50/100|[from] item: Sitrus Berry\n|move|p2a: Charizard|Flare Blitz|p1a: Aegislash\n|-supereffective|p1a: Aegislash|1\n|-damage|p1a: Aegislash|0 fnt\n|faint|p1a: Aegislash\n|-damage|p2a: Charizard|0 fnt|[from] Recoil\n|faint|p2a: Charizard\n|move|p1b: Rotom|Hydro Pump|p2b: Sinistcha\n|-resisted|p2b: Sinistcha|1\n|-damage|p2b: Sinistcha|19/100\n|\n|upkeep\n|inactive|Neutralzr has 30 seconds left.\n|\n|t:|1776642317\n|switch|p2a: Sneasler|Sneasler, L50, F, shiny|100/100\n|turn|5\n|\n|t:|1776642323\n|move|p2a: Sneasler|Fake Out|p1b: Rotom\n|-damage|p1b: Rotom|83/100\n|cant|p1b: Rotom|flinch\n|move|p2b: Sinistcha|Life Dew||[still]|[spread] p2a,p2b\n|-fail|p2a: Sneasler|heal\n|-heal|p2b: Sinistcha|43/100\n|\n|upkeep\n|turn|6\n|\n|t:|1776642336\n|move|p2b: Sinistcha|Rage Powder|p2b: Sinistcha\n|-singleturn|p2b: Sinistcha|move: Rage Powder\n|move|p1b: Rotom|Hydro Pump|p2b: Sinistcha\n|-resisted|p2b: Sinistcha|1\n|-damage|p2b: Sinistcha|12/100\n|move|p2a: Sneasler|Close Combat|p1b: Rotom\n|-damage|p1b: Rotom|9/100\n|-unboost|p2a: Sneasler|def|1\n|-unboost|p2a: Sneasler|spd|1\n|-enditem|p2a: Sneasler|White Herb\n|-clearnegativeboost|p2a: Sneasler|[silent]\n|\n|upkeep\n|turn|7\n|-message|QBkiller55 forfeited.\n|\n|win|Neutralzr\n|raw|QBkiller55's rating: 1377 &rarr; <strong>1352</strong><br />(-25 for losing)\n|raw|Neutralzr's rating: 1295 &rarr; <strong>1326</strong><br />(+31 for winning)\n|l|\u2606QBkiller55\n|player|p1|\n",
  "uploadtime": 1776642353,
  "views": 13,
  "formatid": "gen9championsvgc2026regma",
  "rating": 1326,
  "private": 0,
  "password": null
}