{
  "id": "gen9championsvgc2026regma-2584508640",
  "format": "[Gen 9 Champions] VGC 2026 Reg M-A",
  "players": [
    "shelmerVGC",
    "NobleSeven"
  ],
  "log": "|j|\u2606shelmerVGC\n|j|\u2606NobleSeven\n|t:|1776265506\n|gametype|doubles\n|player|p1|shelmerVGC|170|1400\n|player|p2|NobleSeven|101|1369\n|gen|9\n|tier|[Gen 9 Champions] VGC 2026 Reg M-A\n|rated|\n|rule|Species Clause: Limit one of each Pok\u00e9mon\n|rule|Item Clause: Limit 1 of each item\n|clearpoke\n|poke|p1|Charizard, L50, M|\n|poke|p1|Whimsicott, L50, F|\n|poke|p1|Incineroar, L50, M|\n|poke|p1|Sneasler, L50, M|\n|poke|p1|Basculegion, L50, M|\n|poke|p1|Garchomp, L50, M|\n|poke|p2|Pelipper, L50, M|\n|poke|p2|Archaludon, L50, F|\n|poke|p2|Meganium, L50, F|\n|poke|p2|Sneasler, L50, F|\n|poke|p2|Basculegion, L50, M|\n|poke|p2|Sinistcha, L50|\n|teampreview|4\n|inactive|Battle timer is ON: inactive players will automatically lose when time's up. (requested by shelmerVGC)\n|inactive|shelmerVGC has 60 seconds left.\n|inactive|NobleSeven has 60 seconds left.\n|\n|t:|1776265553\n|teamsize|p1|4\n|teamsize|p2|4\n|start\n|switch|p1a: Charizard|Charizard, L50, M|100/100\n|switch|p1b: Garchomp|Garchomp, L50, M|100/100\n|switch|p2a: Basculegion|Basculegion, L50, M|100/100\n|switch|p2b: Sneasler|Sneasler, L50, F|100/100\n|turn|1\n|inactive|NobleSeven has 30 seconds left.\n|\n|t:|1776265582\n|switch|p1b: Whimsicott|Whimsicott, L50, F|100/100\n|move|p1a: Charizard|Protect|p1a: Charizard\n|-singleturn|p1a: Charizard|Protect\n|move|p2b: Sneasler|Fake Out|p1b: Whimsicott\n|-crit|p1b: Whimsicott\n|-damage|p1b: Whimsicott|68/100\n|move|p2a: Basculegion|Wave Crash|p1a: Charizard\n|-activate|p1a: Charizard|move: Protect\n|\n|upkeep\n|turn|2\n|\n|t:|1776265599\n|switch|p2a: Meganium|Meganium, L50, F|100/100\n|detailschange|p1a: Charizard|Charizard-Mega-Y, L50, M\n|-mega|p1a: Charizard|Charizard|Charizardite Y\n|-weather|SunnyDay|[from] ability: Drought|[of] p1a: Charizard\n|move|p1b: Whimsicott|Encore|p2b: Sneasler\n|-start|p2b: Sneasler|Encore\n|move|p2b: Sneasler|Fake Out||[still]\n|-hint|Fake Out only works on your first turn out.\n|-fail|p2b: Sneasler\n|move|p1a: Charizard|Solar Beam||[still]\n|-prepare|p1a: Charizard|Solar Beam\n|-anim|p1a: Charizard|Solar Beam|p2a: Meganium\n|-resisted|p2a: Meganium|1\n|-damage|p2a: Meganium|77/100\n|\n|-weather|SunnyDay|[upkeep]\n|upkeep\n|turn|3\n|\n|t:|1776265619\n|switch|p2b: Pelipper|Pelipper, L50, M|100/100\n|-weather|RainDance|[from] ability: Drizzle|[of] p2b: Pelipper\n|detailschange|p2a: Meganium|Meganium-Mega, L50, F\n|-mega|p2a: Meganium|Meganium|Meganiumite\n|move|p1b: Whimsicott|Sunny Day|p1b: Whimsicott\n|-weather|SunnyDay\n|move|p1a: Charizard|Heat Wave|p2a: Meganium|[spread] p2b\n|-miss|p1a: Charizard|p2a: Meganium\n|-resisted|p2b: Pelipper|1\n|-damage|p2b: Pelipper|62/100\n|-status|p2b: Pelipper|brn\n|move|p2a: Meganium|Weather Ball|p1b: Whimsicott\n|-supereffective|p1b: Whimsicott|1\n|-damage|p1b: Whimsicott|0 fnt\n|faint|p1b: Whimsicott\n|\n|-weather|SunnyDay|[upkeep]\n|-damage|p2b: Pelipper|56/100 brn|[from] brn\n|upkeep\n|\n|t:|1776265635\n|switch|p1b: Sneasler|Sneasler, L50, M|100/100\n|turn|4\n|\n|t:|1776265644\n|switch|p2b: Basculegion|Basculegion, L50, M|100/100\n|move|p2a: Meganium|Protect|p2a: Meganium\n|-singleturn|p2a: Meganium|Protect\n|move|p1b: Sneasler|Dire Claw|p2a: Meganium\n|-activate|p2a: Meganium|move: Protect\n|move|p1a: Charizard|Solar Beam||[still]\n|-prepare|p1a: Charizard|Solar Beam\n|-anim|p1a: Charizard|Solar Beam|p2b: Basculegion\n|-supereffective|p2b: Basculegion|1\n|-damage|p2b: Basculegion|0 fnt\n|faint|p2b: Basculegion\n|\n|-weather|SunnyDay|[upkeep]\n|upkeep\n|\n|t:|1776265654\n|switch|p2b: Pelipper|Pelipper, L50, M|56/100 brn\n|-weather|RainDance|[from] ability: Drizzle|[of] p2b: Pelipper\n|turn|5\n|\n|t:|1776265678\n|switch|p2a: Sneasler|Sneasler, L50, F|100/100\n|move|p1b: Sneasler|Dire Claw|p2b: Pelipper\n|-damage|p2b: Pelipper|5/100 brn\n|move|p1a: Charizard|Heat Wave|p2a: Sneasler|[spread] p2a,p2b\n|-resisted|p2b: Pelipper|1\n|-damage|p2a: Sneasler|75/100\n|-damage|p2b: Pelipper|0 fnt\n|faint|p2b: Pelipper\n|\n|-weather|RainDance|[upkeep]\n|upkeep\n|\n|t:|1776265698\n|switch|p2b: Meganium|Meganium-Mega, L50, F|77/100\n|turn|6\n|inactive|NobleSeven has 30 seconds left.\n|inactive|NobleSeven has 20 seconds left.\n|-message|NobleSeven forfeited.\n|\n|win|shelmerVGC\n|raw|shelmerVGC's rating: 1400 &rarr; <strong>1418</strong><br />(+18 for winning)\n|raw|NobleSeven's rating: 1369 &rarr; <strong>1351</strong><br />(-18 for losing)\n|l|\u2606NobleSeven\n|player|p2|\n",
  "uploadtime": 1776265759,
  "views": 47,
  "formatid": "gen9championsvgc2026regma",
  "rating": 1351,
  "private": 0,
  "password": null
}