{
  "id": "gen9championsvgc2026regma-2584854981",
  "format": "[Gen 9 Champions] VGC 2026 Reg M-A",
  "players": [
    "sirae",
    "L_Yami_H"
  ],
  "log": "|j|\u2606sirae\n|j|\u2606L_Yami_H\n|t:|1776288942\n|gametype|doubles\n|player|p1|sirae|caitlin|1364\n|player|p2|L_Yami_H|ghetsis|1404\n|gen|9\n|tier|[Gen 9 Champions] VGC 2026 Reg M-A\n|rated|\n|rule|Species Clause: Limit one of each Pok\u00e9mon\n|rule|Item Clause: Limit 1 of each item\n|clearpoke\n|poke|p1|Incineroar, L50, F|\n|poke|p1|Gengar, L50, F|\n|poke|p1|Archaludon, L50, F|\n|poke|p1|Farigiraf, L50, F|\n|poke|p1|Pelipper, L50, F|\n|poke|p1|Dragonite, L50, F|\n|poke|p2|Sableye, L50, M|\n|poke|p2|Victreebel, L50, F|\n|poke|p2|Kingambit, L50, M|\n|poke|p2|Sneasler, L50, F|\n|poke|p2|Araquanid, L50, F|\n|poke|p2|Arcanine, L50, M|\n|teampreview|4\n|inactive|Battle timer is ON: inactive players will automatically lose when time's up. (requested by sirae)\n|inactive|sirae has 60 seconds left.\n|inactive|L_Yami_H has 60 seconds left.\n|\n|t:|1776288979\n|teamsize|p1|4\n|teamsize|p2|4\n|start\n|switch|p1a: Gengar|Gengar, L50, F|100/100\n|switch|p1b: Farigiraf|Farigiraf, L50, F|100/100\n|switch|p2a: Checkers|Kingambit, L50, M, shiny|100/100\n|switch|p2b: Dess|Sneasler, L50, F, shiny|100/100\n|turn|1\n|\n|t:|1776289001\n|detailschange|p1a: Gengar|Gengar-Mega, L50, F\n|-mega|p1a: Gengar|Gengar|Gengarite\n|move|p2b: Dess|Protect|p2b: Dess\n|-singleturn|p2b: Dess|Protect\n|move|p1a: Gengar|Protect|p1a: Gengar\n|-singleturn|p1a: Gengar|Protect\n|move|p2a: Checkers|Kowtow Cleave|p1b: Farigiraf\n|-supereffective|p1b: Farigiraf|1\n|-damage|p1b: Farigiraf|0 fnt\n|faint|p1b: Farigiraf\n|\n|upkeep\n|\n|t:|1776289013\n|switch|p1b: Incineroar|Incineroar, L50, F|100/100\n|-ability|p1b: Incineroar|Intimidate|boost\n|-unboost|p2a: Checkers|atk|1\n|-ability|p2a: Checkers|Defiant|boost\n|-boost|p2a: Checkers|atk|2\n|-unboost|p2b: Dess|atk|1\n|-enditem|p2b: Dess|White Herb\n|-clearnegativeboost|p2b: Dess|[silent]\n|turn|2\n|\n|t:|1776289025\n|move|p1b: Incineroar|Fake Out|p2b: Dess\n|-damage|p2b: Dess|79/100\n|cant|p2b: Dess|flinch\n|move|p1a: Gengar|Disable|p2a: Checkers\n|-start|p2a: Checkers|Disable|Kowtow Cleave\n|cant|p2a: Checkers|Disable|Kowtow Cleave\n|\n|upkeep\n|turn|3\n|inactive|sirae has 30 seconds left.\n|\n|t:|1776289059\n|switch|p1b: Archaludon|Archaludon, L50, F|100/100\n|move|p2b: Dess|Coaching|p2a: Checkers\n|-boost|p2a: Checkers|atk|1\n|-boost|p2a: Checkers|def|1\n|move|p1a: Gengar|Shadow Ball|p2b: Dess\n|-damage|p2b: Dess|23/100\n|move|p2a: Checkers|Low Kick|p1b: Archaludon\n|-supereffective|p1b: Archaludon|1\n|-damage|p1b: Archaludon|5/100\n|-ability|p1b: Archaludon|Stamina|boost\n|-boost|p1b: Archaludon|def|1\n|\n|upkeep\n|turn|4\n|\n|t:|1776289078\n|move|p1b: Archaludon|Protect|p1b: Archaludon\n|-singleturn|p1b: Archaludon|Protect\n|move|p2a: Checkers|Sucker Punch||[still]\n|-fail|p2a: Checkers\n|move|p2b: Dess|Close Combat|p1b: Archaludon\n|-activate|p1b: Archaludon|move: Protect\n|move|p1a: Gengar|Perish Song|p1a: Gengar\n|-start|p1a: Gengar|perish3|[silent]\n|-start|p1b: Archaludon|perish3|[silent]\n|-start|p2a: Checkers|perish3|[silent]\n|-start|p2b: Dess|perish3|[silent]\n|-fieldactivate|move: Perish Song\n|\n|-start|p2b: Dess|perish3\n|-start|p1a: Gengar|perish3\n|-start|p1b: Archaludon|perish3\n|-start|p2a: Checkers|perish3\n|upkeep\n|turn|5\n|inactive|sirae has 30 seconds left.\n|\n|t:|1776289110\n|switch|p1b: Incineroar|Incineroar, L50, F|100/100\n|-ability|p1b: Incineroar|Intimidate|boost\n|-unboost|p2a: Checkers|atk|1\n|-ability|p2a: Checkers|Defiant|boost\n|-boost|p2a: Checkers|atk|2\n|-unboost|p2b: Dess|atk|1\n|move|p1a: Gengar|Protect|p1a: Gengar\n|-singleturn|p1a: Gengar|Protect\n|move|p2a: Checkers|Sucker Punch||[still]\n|-fail|p2a: Checkers\n|move|p2b: Dess|Close Combat|p1b: Incineroar\n|-supereffective|p1b: Incineroar|1\n|-damage|p1b: Incineroar|16/100\n|-unboost|p2b: Dess|def|1\n|-unboost|p2b: Dess|spd|1\n|\n|-end|p2a: Checkers|Disable\n|-start|p2b: Dess|perish2\n|-start|p1a: Gengar|perish2\n|-start|p2a: Checkers|perish2\n|upkeep\n|turn|6\n|inactive|sirae has 30 seconds left.\n|inactive|L_Yami_H has 30 seconds left.\n|inactive|sirae has 20 seconds left.\n|\n|t:|1776289146\n|switch|p1a: Archaludon|Archaludon, L50, F|5/100\n|move|p1b: Incineroar|Fake Out|p2b: Dess\n|-damage|p2b: Dess|0 fnt\n|faint|p2b: Dess\n|move|p2a: Checkers|Kowtow Cleave|p1a: Archaludon\n|-damage|p1a: Archaludon|0 fnt\n|faint|p1a: Archaludon\n|\n|-start|p2a: Checkers|perish1\n|upkeep\n|\n|t:|1776289160\n|switch|p2b: Weeber|Araquanid, L50, F|100/100\n|switch|p1a: Gengar|Gengar-Mega, L50, F|100/100\n|turn|7\n|\n|t:|1776289181\n|move|p1a: Gengar|Protect|p1a: Gengar\n|-singleturn|p1a: Gengar|Protect\n|move|p2a: Checkers|Sucker Punch|p1b: Incineroar\n|-resisted|p1b: Incineroar|1\n|-damage|p1b: Incineroar|0 fnt\n|faint|p1b: Incineroar\n|move|p2b: Weeber|Leech Life|p1a: Gengar\n|-activate|p1a: Gengar|move: Protect\n|\n|-start|p2a: Checkers|perish0\n|faint|p2a: Checkers\n|upkeep\n|\n|t:|1776289186\n|switch|p2a: Baret|Victreebel, L50, F, shiny|100/100\n|turn|8\n|\n|t:|1776289203\n|detailschange|p2a: Baret|Victreebel-Mega, L50, F, shiny\n|-mega|p2a: Baret|Victreebel|Victreebelite\n|move|p1a: Gengar|Shadow Ball|p2a: Baret\n|-damage|p2a: Baret|56/100\n|move|p2a: Baret|Giga Drain|p1a: Gengar\n|-resisted|p1a: Gengar|1\n|-damage|p1a: Gengar|80/100\n|-heal|p2a: Baret|66/100|[from] drain|[of] p1a: Gengar\n|move|p2b: Weeber|Liquidation|p1a: Gengar\n|-damage|p1a: Gengar|9/100\n|\n|upkeep\n|turn|9\n|-message|sirae forfeited.\n|\n|win|L_Yami_H\n|raw|sirae's rating: 1364 &rarr; <strong>1346</strong><br />(-18 for losing)\n|raw|L_Yami_H's rating: 1404 &rarr; <strong>1422</strong><br />(+18 for winning)\n|l|\u2606sirae\n|player|p1|\n",
  "uploadtime": 1776289218,
  "views": 44,
  "formatid": "gen9championsvgc2026regma",
  "rating": 1346,
  "private": 0,
  "password": null
}