{
  "id": "gen9championsvgc2026regma-2585651412",
  "format": "[Gen 9 Champions] VGC 2026 Reg M-A",
  "players": [
    "Veridis Quo Zurau",
    "ThisGonBeBig"
  ],
  "log": "|j|\u2606Veridis Quo Zurau\n|j|\u2606ThisGonBeBig\n|t:|1776361336\n|gametype|doubles\n|player|p1|Veridis Quo Zurau|bellelba|1129\n|player|p2|ThisGonBeBig|169|1121\n|gen|9\n|tier|[Gen 9 Champions] VGC 2026 Reg M-A\n|rated|\n|rule|Species Clause: Limit one of each Pok\u00e9mon\n|rule|Item Clause: Limit 1 of each item\n|clearpoke\n|poke|p1|Gardevoir, L50, F|\n|poke|p1|Typhlosion-Hisui, L50, F|\n|poke|p1|Espathra, L50, F|\n|poke|p1|Aegislash, L50, F|\n|poke|p1|Incineroar, L50, M|\n|poke|p1|Milotic, L50, F|\n|poke|p2|Incineroar, L50, M|\n|poke|p2|Floette-Eternal, L50, F|\n|poke|p2|Aegislash, L50, F|\n|poke|p2|Talonflame, L50, M|\n|poke|p2|Garchomp, L50, F|\n|poke|p2|Rotom-Wash, L50|\n|teampreview|4\n|inactive|Battle timer is ON: inactive players will automatically lose when time's up. (requested by Veridis Quo Zurau)\n|inactive|ThisGonBeBig has 60 seconds left.\n|inactive|ThisGonBeBig has 30 seconds left.\n|inactive|ThisGonBeBig has 20 seconds left.\n|inactive|ThisGonBeBig has 15 seconds left.\n|\n|t:|1776361412\n|teamsize|p1|4\n|teamsize|p2|4\n|start\n|switch|p1a: Espathra|Espathra, L50, F|100/100\n|switch|p1b: Incineroar|Incineroar, L50, M|100/100\n|switch|p2a: Talonflame|Talonflame, L50, M|100/100\n|switch|p2b: Rotom|Rotom-Wash, L50|100/100\n|-ability|p1b: Incineroar|Intimidate|boost\n|-unboost|p2a: Talonflame|atk|1\n|-unboost|p2b: Rotom|atk|1\n|turn|1\n|inactive|Veridis Quo Zurau has 30 seconds left.\n|\n|t:|1776361447\n|move|p1b: Incineroar|Fake Out|p2a: Talonflame\n|-damage|p2a: Talonflame|86/100\n|cant|p2a: Talonflame|flinch\n|move|p1a: Espathra|Calm Mind|p1a: Espathra\n|-boost|p1a: Espathra|spa|1\n|-boost|p1a: Espathra|spd|1\n|move|p2b: Rotom|Hydro Pump|p1b: Incineroar\n|-supereffective|p1b: Incineroar|1\n|-damage|p1b: Incineroar|18/100\n|\n|-ability|p1a: Espathra|Speed Boost|boost\n|-boost|p1a: Espathra|spe|1\n|upkeep\n|turn|2\n|inactive|ThisGonBeBig has 30 seconds left.\n|inactive|ThisGonBeBig has 20 seconds left.\n|inactive|ThisGonBeBig has 15 seconds left.\n|inactive|ThisGonBeBig has 10 seconds left.\n|inactive|ThisGonBeBig has 5 seconds left.\n|\n|t:|1776361499\n|switch|p2b: Garchomp|Garchomp, L50, F|100/100\n|move|p1a: Espathra|Calm Mind|p1a: Espathra\n|-boost|p1a: Espathra|spa|1\n|-boost|p1a: Espathra|spd|1\n|move|p2a: Talonflame|Tailwind|p2a: Talonflame\n|-sidestart|p2: ThisGonBeBig|move: Tailwind\n|move|p1b: Incineroar|Darkest Lariat|p2b: Garchomp\n|-damage|p2b: Garchomp|72/100\n|-damage|p1b: Incineroar|6/100|[from] ability: Rough Skin|[of] p2b: Garchomp\n|\n|-ability|p1a: Espathra|Speed Boost|boost\n|-boost|p1a: Espathra|spe|1\n|upkeep\n|turn|3\n|inactive|ThisGonBeBig has 30 seconds left.\n|\n|t:|1776361529\n|switch|p2a: Rotom|Rotom-Wash, L50|100/100\n|move|p1a: Espathra|Protect|p1a: Espathra\n|-singleturn|p1a: Espathra|Protect\n|move|p2b: Garchomp|Earthquake|p1a: Espathra|[spread] p1b\n|-activate|p1a: Espathra|move: Protect\n|-immune|p2a: Rotom|[from] ability: Levitate\n|-supereffective|p1b: Incineroar|1\n|-damage|p1b: Incineroar|0 fnt\n|faint|p1b: Incineroar\n|\n|-ability|p1a: Espathra|Speed Boost|boost\n|-boost|p1a: Espathra|spe|1\n|upkeep\n|\n|t:|1776361535\n|switch|p1b: Milotic|Milotic, L50, F|100/100\n|turn|4\n|inactive|Veridis Quo Zurau has 30 seconds left.\n|\n|t:|1776361565\n|move|p1a: Espathra|Baton Pass|p1a: Espathra\n|\n|t:|1776361566\n|switch|p1a: Gardevoir|Gardevoir, L50, F|100/100|[from] Baton Pass\n|-ability|p1a: Gardevoir|Levitate|Trace|[from] ability: Trace|[of] p2a: Rotom\n|move|p2b: Garchomp|Earthquake|p1a: Gardevoir|[spread] p1b\n|-immune|p2a: Rotom|[from] ability: Levitate\n|-immune|p1a: Gardevoir|[from] ability: Levitate\n|-damage|p1b: Milotic|68/100\n|move|p2a: Rotom|Thunderbolt|p1b: Milotic\n|-supereffective|p1b: Milotic|1\n|-damage|p1b: Milotic|11/100\n|move|p1b: Milotic|Icy Wind|p2a: Rotom|[spread] p2a,p2b\n|-resisted|p2a: Rotom|1\n|-supereffective|p2b: Garchomp|2\n|-damage|p2a: Rotom|95/100\n|-damage|p2b: Garchomp|29/100\n|-unboost|p2a: Rotom|spe|1\n|-unboost|p2b: Garchomp|spe|1\n|\n|-heal|p1b: Milotic|17/100|[from] item: Leftovers\n|upkeep\n|turn|5\n|inactive|ThisGonBeBig has 30 seconds left.\n|\n|t:|1776361593\n|switch|p2b: Talonflame|Talonflame, L50, M|86/100\n|detailschange|p1a: Gardevoir|Gardevoir-Mega, L50, F\n|-mega|p1a: Gardevoir|Gardevoir|Gardevoirite\n|move|p1a: Gardevoir|Protect|p1a: Gardevoir\n|-singleturn|p1a: Gardevoir|Protect\n|move|p1b: Milotic|Protect|p1b: Milotic\n|-singleturn|p1b: Milotic|Protect\n|move|p2a: Rotom|Thunderbolt|p1b: Milotic\n|-activate|p1b: Milotic|move: Protect\n|\n|-heal|p1b: Milotic|23/100|[from] item: Leftovers\n|-sideend|p2: ThisGonBeBig|move: Tailwind\n|upkeep\n|turn|6\n|inactive|Veridis Quo Zurau has 30 seconds left.\n|\n|t:|1776361627\n|switch|p2a: Floette|Floette-Eternal, L50, F|100/100\n|move|p1a: Gardevoir|Hyper Voice|p2b: Talonflame|[spread] p2a,p2b\n|-resisted|p2b: Talonflame|1\n|-damage|p2a: Floette|8/100\n|-damage|p2b: Talonflame|4/100\n|move|p2b: Talonflame|Tailwind|p2b: Talonflame\n|-sidestart|p2: ThisGonBeBig|move: Tailwind\n|move|p1b: Milotic|Recover|p1b: Milotic\n|-heal|p1b: Milotic|73/100\n|\n|-heal|p1b: Milotic|79/100|[from] item: Leftovers\n|upkeep\n|turn|7\n|inactive|Veridis Quo Zurau has 30 seconds left.\n|inactive|ThisGonBeBig has 30 seconds left.\n|\n|t:|1776361658\n|detailschange|p2a: Floette|Floette-Mega, L50, F\n|-mega|p2a: Floette|Floette|Floettite\n|-ability|p2a: Floette|Fairy Aura\n|move|p2b: Talonflame|Acrobatics|p1a: Gardevoir\n|-damage|p1a: Gardevoir|39/100\n|move|p1a: Gardevoir|Hyper Voice|p2b: Talonflame|[spread] p2a,p2b\n|-resisted|p2b: Talonflame|1\n|-damage|p2a: Floette|0 fnt\n|-damage|p2b: Talonflame|0 fnt\n|faint|p2a: Floette\n|faint|p2b: Talonflame\n|move|p1b: Milotic|Recover|p1b: Milotic\n|-heal|p1b: Milotic|100/100\n|\n|upkeep\n|\n|t:|1776361668\n|switch|p2b: Rotom|Rotom-Wash, L50|95/100\n|switch|p2a: Garchomp|Garchomp, L50, F|29/100\n|turn|8\n|\n|t:|1776361678\n|move|p1a: Gardevoir|Protect|p1a: Gardevoir\n|-singleturn|p1a: Gardevoir|Protect\n|move|p2a: Garchomp|Earthquake|p1a: Gardevoir|[spread] p1b\n|-activate|p1a: Gardevoir|move: Protect\n|-immune|p2b: Rotom|[from] ability: Levitate\n|-damage|p1b: Milotic|66/100\n|move|p2b: Rotom|Thunderbolt|p1b: Milotic\n|-supereffective|p1b: Milotic|1\n|-damage|p1b: Milotic|12/100\n|move|p1b: Milotic|Icy Wind|p2a: Garchomp|[spread] p2a\n|-miss|p1b: Milotic|p2b: Rotom\n|-supereffective|p2a: Garchomp|2\n|-damage|p2a: Garchomp|0 fnt\n|faint|p2a: Garchomp\n|\n|-heal|p1b: Milotic|18/100|[from] item: Leftovers\n|upkeep\n|turn|9\n|\n|t:|1776361697\n|move|p1a: Gardevoir|Hyper Voice|p2b: Rotom\n|-damage|p2b: Rotom|0 fnt\n|faint|p2b: Rotom\n|\n|win|Veridis Quo Zurau\n|raw|Veridis Quo Zurau's rating: 1129 &rarr; <strong>1153</strong><br />(+24 for winning)\n|raw|ThisGonBeBig's rating: 1121 &rarr; <strong>1097</strong><br />(-24 for losing)\n|l|\u2606ThisGonBeBig\n|player|p2|\n",
  "uploadtime": 1776361710,
  "views": 25,
  "formatid": "gen9championsvgc2026regma",
  "rating": 1097,
  "private": 0,
  "password": null
}