{
  "id": "gen9championsvgc2026regma-2582970227",
  "format": "[Gen 9 Champions] VGC 2026 Reg M-A",
  "players": [
    "A5h3r",
    "BetaKore"
  ],
  "log": "|j|\u2606A5h3r\n|j|\u2606BetaKore\n|t:|1776129517\n|gametype|doubles\n|player|p1|A5h3r|alder|1107\n|player|p2|BetaKore|acerola-masters3|1127\n|gen|9\n|tier|[Gen 9 Champions] VGC 2026 Reg M-A\n|rated|\n|rule|Species Clause: Limit one of each Pok\u00e9mon\n|rule|Item Clause: Limit 1 of each item\n|clearpoke\n|poke|p1|Farigiraf, L50, F|\n|poke|p1|Pelipper, L50, F|\n|poke|p1|Feraligatr, L50, M|\n|poke|p1|Sinistcha-Masterpiece, L50|\n|poke|p1|Sneasler, L50, M|\n|poke|p1|Archaludon, L50, F|\n|poke|p2|Floette-Eternal, L50, F|\n|poke|p2|Delphox, L50, M|\n|poke|p2|Aerodactyl, L50, M|\n|poke|p2|Maushold, L50|\n|poke|p2|Garchomp, L50, M|\n|poke|p2|Incineroar, L50, M|\n|teampreview|4\n|inactive|Battle timer is ON: inactive players will automatically lose when time's up. (requested by BetaKore)\n|inactive|BetaKore has 60 seconds left.\n|\n|t:|1776129550\n|teamsize|p1|4\n|teamsize|p2|4\n|start\n|switch|p1a: long necque|Farigiraf, L50, F|100/100\n|switch|p1b: DUMPSTER|Pelipper, L50, F|100/100\n|switch|p2a: Aerodactyl|Aerodactyl, L50, M|100/100\n|switch|p2b: Garchomp|Garchomp, L50, M|100/100\n|-ability|p2a: Aerodactyl|Unnerve\n|-weather|RainDance|[from] ability: Drizzle|[of] p1b: DUMPSTER\n|turn|1\n|c|\u2606A5h3r|glhf\n|\n|t:|1776129573\n|move|p2a: Aerodactyl|Rock Slide|p1a: long necque|[spread] p1a,p1b\n|-supereffective|p1b: DUMPSTER|1\n|-damage|p1a: long necque|76/100\n|-damage|p1b: DUMPSTER|32/100\n|move|p2b: Garchomp|Rock Slide|p1a: long necque|[spread] p1a,p1b\n|-supereffective|p1b: DUMPSTER|1\n|-damage|p1a: long necque|57/100\n|-damage|p1b: DUMPSTER|0 fnt\n|faint|p1b: DUMPSTER\n|cant|p1a: long necque|flinch\n|\n|-weather|RainDance|[upkeep]\n|upkeep\n|\n|t:|1776129596\n|switch|p1b: Driftveil|Archaludon, L50, F|100/100\n|turn|2\n|\n|t:|1776129605\n|move|p2a: Aerodactyl|Tailwind|p2a: Aerodactyl\n|-sidestart|p2: BetaKore|move: Tailwind\n|move|p2b: Garchomp|Earthquake|p1a: long necque|[spread] p1a,p1b\n|-immune|p2a: Aerodactyl\n|-supereffective|p1b: Driftveil|1\n|-damage|p1a: long necque|24/100\n|-damage|p1b: Driftveil|47/100\n|move|p1b: Driftveil|Electro Shot||[still]\n|-prepare|p1b: Driftveil|Electro Shot\n|-boost|p1b: Driftveil|spa|1\n|-anim|p1b: Driftveil|Electro Shot|p2a: Aerodactyl\n|-supereffective|p2a: Aerodactyl|1\n|-enditem|p2a: Aerodactyl|Focus Sash\n|-damage|p2a: Aerodactyl|1/100\n|move|p1a: long necque|Trick Room|p1a: long necque\n|-fieldstart|move: Trick Room|[of] p1a: long necque\n|\n|-weather|RainDance|[upkeep]\n|upkeep\n|turn|3\n|\n|t:|1776129624\n|move|p1a: long necque|Hyper Voice|p2b: Garchomp|[spread] p2a,p2b\n|-resisted|p2a: Aerodactyl|1\n|-damage|p2a: Aerodactyl|0 fnt\n|-damage|p2b: Garchomp|74/100\n|faint|p2a: Aerodactyl\n|move|p1b: Driftveil|Draco Meteor|p2b: Garchomp\n|-supereffective|p2b: Garchomp|1\n|-damage|p2b: Garchomp|0 fnt\n|-unboost|p1b: Driftveil|spa|2\n|faint|p2b: Garchomp\n|\n|-weather|RainDance|[upkeep]\n|upkeep\n|\n|t:|1776129635\n|switch|p2b: Floette|Floette-Eternal, L50, F|100/100\n|switch|p2a: Maushold|Maushold, L50|100/100\n|turn|4\n|\n|t:|1776129656\n|detailschange|p2b: Floette|Floette-Mega, L50, F\n|-mega|p2b: Floette|Floette|Floettite\n|-ability|p2b: Floette|Fairy Aura\n|move|p2b: Floette|Protect|p2b: Floette\n|-singleturn|p2b: Floette|Protect\n|move|p2a: Maushold|Protect|p2a: Maushold\n|-singleturn|p2a: Maushold|Protect\n|move|p1a: long necque|Hyper Voice|p2a: Maushold|[spread] \n|-activate|p2a: Maushold|move: Protect\n|-activate|p2b: Floette|move: Protect\n|move|p1b: Driftveil|Flash Cannon|p2b: Floette\n|-activate|p2b: Floette|move: Protect\n|\n|-weather|RainDance|[upkeep]\n|upkeep\n|turn|5\n|\n|t:|1776129671\n|move|p2a: Maushold|Follow Me|p2a: Maushold\n|-singleturn|p2a: Maushold|move: Follow Me\n|move|p1a: long necque|Hyper Voice|p2a: Maushold|[spread] p2a,p2b\n|-damage|p2a: Maushold|67/100\n|-damage|p2b: Floette|83/100\n|move|p1b: Driftveil|Flash Cannon|p2a: Maushold\n|-damage|p2a: Maushold|31/100\n|move|p2b: Floette|Dazzling Gleam|p1a: long necque|[spread] p1a,p1b\n|-crit|p1a: long necque\n|-damage|p1a: long necque|0 fnt\n|-damage|p1b: Driftveil|0 fnt\n|faint|p1a: long necque\n|faint|p1b: Driftveil\n|\n|-weather|none\n|-sideend|p2: BetaKore|move: Tailwind\n|upkeep\n|\n|t:|1776129689\n|switch|p1b: aussie|Feraligatr, L50, M|100/100\n|turn|6\n|\n|t:|1776129699\n|move|p2b: Floette|Protect|p2b: Floette\n|-singleturn|p2b: Floette|Protect\n|move|p2a: Maushold|Protect|p2a: Maushold\n|-singleturn|p2a: Maushold|Protect\n|move|p1b: aussie|Swords Dance|p1b: aussie\n|-boost|p1b: aussie|atk|2\n|\n|-fieldend|move: Trick Room\n|upkeep\n|turn|7\n|\n|t:|1776129710\n|move|p2a: Maushold|Follow Me|p2a: Maushold\n|-singleturn|p2a: Maushold|move: Follow Me\n|move|p1b: aussie|Aqua Jet|p2a: Maushold\n|-damage|p2a: Maushold|0 fnt\n|faint|p2a: Maushold\n|move|p2b: Floette|Moonblast|p1b: aussie\n|-damage|p1b: aussie|29/100\n|\n|upkeep\n|turn|8\n|\n|t:|1776129716\n|detailschange|p1b: aussie|Feraligatr-Mega, L50, M\n|-mega|p1b: aussie|Feraligatr|Feraligite\n|move|p1b: aussie|Aqua Jet|p2b: Floette\n|-damage|p2b: Floette|29/100\n|move|p2b: Floette|Moonblast|p1b: aussie\n|-supereffective|p1b: aussie|1\n|-damage|p1b: aussie|0 fnt\n|faint|p1b: aussie\n|\n|win|BetaKore\n|raw|A5h3r's rating: 1107 &rarr; <strong>1083</strong><br />(-24 for losing)\n|raw|BetaKore's rating: 1127 &rarr; <strong>1151</strong><br />(+24 for winning)\n|l|\u2606BetaKore\n|player|p2|\n",
  "uploadtime": 1776129771,
  "views": 15,
  "formatid": "gen9championsvgc2026regma",
  "rating": 1083,
  "private": 0,
  "password": null
}