{
  "id": "gen9championsvgc2026regma-2582933977",
  "format": "[Gen 9 Champions] VGC 2026 Reg M-A",
  "players": [
    "CementTheBlock",
    "Uncle Kaze"
  ],
  "log": "|j|\u2606CementTheBlock\n|j|\u2606Uncle Kaze\n|t:|1776126298\n|gametype|doubles\n|player|p1|CementTheBlock|pokefanf|1141\n|player|p2|Uncle Kaze|169|1056\n|gen|9\n|tier|[Gen 9 Champions] VGC 2026 Reg M-A\n|rated|\n|rule|Species Clause: Limit one of each Pok\u00e9mon\n|rule|Item Clause: Limit 1 of each item\n|clearpoke\n|poke|p1|Lopunny, L50, F|\n|poke|p1|Archaludon, L50, M|\n|poke|p1|Pelipper, L50, M|\n|poke|p1|Sneasler, L50, M|\n|poke|p1|Aegislash, L50, M|\n|poke|p1|Primarina, L50, F|\n|poke|p2|Clefable, L50, M|\n|poke|p2|Tinkaton, L50, F|\n|poke|p2|Aerodactyl, L50, M|\n|poke|p2|Banette, L50, M|\n|poke|p2|Drampa, L50, M|\n|poke|p2|Froslass, L50, F|\n|teampreview|4\n|\n|t:|1776126311\n|teamsize|p1|4\n|teamsize|p2|4\n|start\n|switch|p1a: Lopunny|Lopunny, L50, F|100/100\n|switch|p1b: Aegislash|Aegislash, L50, M|100/100\n|switch|p2a: Tinkaton|Tinkaton, L50, F, shiny|100/100\n|switch|p2b: Banette|Banette, L50, M|100/100\n|turn|1\n|\n|t:|1776126337\n|detailschange|p1a: Lopunny|Lopunny-Mega, L50, F\n|-mega|p1a: Lopunny|Lopunny|Lopunnite\n|move|p1a: Lopunny|Fake Out|p2b: Banette\n|-damage|p2b: Banette|79/100\n|move|p2a: Tinkaton|Fake Out|p1a: Lopunny\n|-crit|p1a: Lopunny\n|-damage|p1a: Lopunny|81/100\n|-formechange|p1b: Aegislash|Aegislash-Blade|\n|move|p1b: Aegislash|Iron Head|p2a: Tinkaton\n|-damage|p2a: Tinkaton|35/100\n|cant|p2b: Banette|flinch\n|\n|upkeep\n|turn|2\n|\n|t:|1776126370\n|move|p2a: Tinkaton|Protect|p2a: Tinkaton\n|-singleturn|p2a: Tinkaton|Protect\n|move|p1a: Lopunny|Encore|p2a: Tinkaton\n|-activate|p2a: Tinkaton|move: Protect\n|move|p1b: Aegislash|Iron Head|p2a: Tinkaton\n|-activate|p2a: Tinkaton|move: Protect\n|move|p2b: Banette|Trick Room|p2b: Banette\n|-fieldstart|move: Trick Room|[of] p2b: Banette\n|\n|upkeep\n|turn|3\n|\n|t:|1776126387\n|-formechange|p1b: Aegislash|Aegislash|\n|move|p1b: Aegislash|King's Shield|p1b: Aegislash\n|-singleturn|p1b: Aegislash|Protect\n|move|p2b: Banette|Swagger|p2a: Tinkaton\n|-boost|p2a: Tinkaton|atk|2\n|-immune|p2a: Tinkaton|confusion|[from] ability: Own Tempo\n|move|p2a: Tinkaton|Gigaton Hammer|p1a: Lopunny\n|-damage|p1a: Lopunny|0 fnt\n|faint|p1a: Lopunny\n|\n|upkeep\n|\n|t:|1776126402\n|switch|p1a: Pelipper|Pelipper, L50, M|100/100\n|-weather|RainDance|[from] ability: Drizzle|[of] p1a: Pelipper\n|turn|4\n|\n|t:|1776126415\n|move|p2b: Banette|Encore|p2a: Tinkaton\n|-start|p2a: Tinkaton|Encore\n|move|p1a: Pelipper|Weather Ball|p2a: Tinkaton\n|-damage|p2a: Tinkaton|0 fnt\n|faint|p2a: Tinkaton\n|-formechange|p1b: Aegislash|Aegislash-Blade|\n|move|p1b: Aegislash|Shadow Claw|p2b: Banette\n|-supereffective|p2b: Banette|1\n|-damage|p2b: Banette|0 fnt\n|faint|p2b: Banette\n|\n|-weather|RainDance|[upkeep]\n|upkeep\n|\n|t:|1776126430\n|switch|p2b: Drampa|Drampa, L50, M, shiny|100/100\n|switch|p2a: Clefable|Clefable, L50, M, shiny|100/100\n|turn|5\n|\n|t:|1776126458\n|switch|p1a: Archaludon|Archaludon, L50, M|100/100\n|detailschange|p2b: Drampa|Drampa-Mega, L50, M, shiny\n|-mega|p2b: Drampa|Drampa|Drampanite\n|move|p2a: Clefable|Follow Me|p2a: Clefable\n|-singleturn|p2a: Clefable|move: Follow Me\n|move|p2b: Drampa|Hyper Voice|p1b: Aegislash|[spread] p1a\n|-immune|p1b: Aegislash\n|-resisted|p1a: Archaludon|1\n|-damage|p1a: Archaludon|68/100\n|move|p1b: Aegislash|Iron Head|p2a: Clefable\n|-supereffective|p2a: Clefable|1\n|-damage|p2a: Clefable|16/100\n|\n|-weather|RainDance|[upkeep]\n|-heal|p2a: Clefable|22/100|[from] item: Leftovers\n|upkeep\n|turn|6\n|\n|t:|1776126482\n|-formechange|p1b: Aegislash|Aegislash|\n|move|p1b: Aegislash|King's Shield|p1b: Aegislash\n|-singleturn|p1b: Aegislash|Protect\n|move|p1a: Archaludon|Protect|p1a: Archaludon\n|-singleturn|p1a: Archaludon|Protect\n|move|p2a: Clefable|Follow Me|p2a: Clefable\n|-singleturn|p2a: Clefable|move: Follow Me\n|move|p2b: Drampa|Draco Meteor|p1a: Archaludon\n|-activate|p1a: Archaludon|move: Protect\n|\n|-weather|RainDance|[upkeep]\n|-heal|p2a: Clefable|28/100|[from] item: Leftovers\n|-fieldend|move: Trick Room\n|upkeep\n|turn|7\n|\n|t:|1776126507\n|move|p2a: Clefable|Follow Me|p2a: Clefable\n|-singleturn|p2a: Clefable|move: Follow Me\n|move|p1a: Archaludon|Dragon Pulse|p2b: Drampa\n|-supereffective|p2b: Drampa|1\n|-damage|p2b: Drampa|25/100\n|-ability|p2b: Drampa|Berserk|boost\n|-boost|p2b: Drampa|spa|1\n|-formechange|p1b: Aegislash|Aegislash-Blade|\n|move|p1b: Aegislash|Iron Head|p2a: Clefable\n|-supereffective|p2a: Clefable|1\n|-damage|p2a: Clefable|0 fnt\n|faint|p2a: Clefable\n|move|p2b: Drampa|Draco Meteor|p1a: Archaludon|[miss]\n|-miss|p2b: Drampa|p1a: Archaludon\n|\n|-weather|RainDance|[upkeep]\n|upkeep\n|turn|8\n|-message|Uncle Kaze forfeited.\n|\n|win|CementTheBlock\n|raw|CementTheBlock's rating: 1141 &rarr; <strong>1160</strong><br />(+19 for winning)\n|raw|Uncle Kaze's rating: 1056 &rarr; <strong>1042</strong><br />(-14 for losing)\n|l|\u2606Uncle Kaze\n|player|p2|\n",
  "uploadtime": 1776126528,
  "views": 12,
  "formatid": "gen9championsvgc2026regma",
  "rating": 1042,
  "private": 0,
  "password": null
}