{
  "id": "gen9championsvgc2026regma-2581829238",
  "format": "[Gen 9 Champions] VGC 2026 Reg M-A",
  "players": [
    "AquaticPanic",
    "Braute"
  ],
  "log": "|j|\u2606AquaticPanic\n|j|\u2606Braute\n|t:|1776031807\n|gametype|doubles\n|player|p1|AquaticPanic|265|1207\n|player|p2|Braute|miku-fire|1250\n|gen|9\n|tier|[Gen 9 Champions] VGC 2026 Reg M-A\n|rated|\n|rule|Species Clause: Limit one of each Pok\u00e9mon\n|rule|Item Clause: Limit 1 of each item\n|clearpoke\n|poke|p1|Gengar, L50, M|\n|poke|p1|Whimsicott, L50, F|\n|poke|p1|Incineroar, L50, M|\n|poke|p1|Sinistcha, L50|\n|poke|p1|Sneasler, L50, F|\n|poke|p1|Meowscarada, L50, F|\n|poke|p2|Beedrill, L50, M|\n|poke|p2|Incineroar, L50, F|\n|poke|p2|Talonflame, L50, F|\n|poke|p2|Kingambit, L50, M|\n|poke|p2|Tyranitar, L50, M|\n|poke|p2|Excadrill, L50, M|\n|teampreview|4\n|inactive|Battle timer is ON: inactive players will automatically lose when time's up. (requested by Braute)\n|\n|t:|1776031837\n|teamsize|p1|4\n|teamsize|p2|4\n|start\n|switch|p1a: Meowscarada|Meowscarada, L50, F|100/100\n|switch|p1b: Sneasler|Sneasler, L50, F|100/100\n|switch|p2a: Talonflame|Talonflame, L50, F|100/100\n|switch|p2b: Kingambit|Kingambit, L50, M, shiny|100/100\n|turn|1\n|inactive|AquaticPanic has 30 seconds left.\n|\n|t:|1776031863\n|move|p2a: Talonflame|Protect|p2a: Talonflame\n|-singleturn|p2a: Talonflame|Protect\n|move|p2b: Kingambit|Protect|p2b: Kingambit\n|-singleturn|p2b: Kingambit|Protect\n|move|p1b: Sneasler|Fake Out|p2a: Talonflame\n|-activate|p2a: Talonflame|move: Protect\n|move|p1a: Meowscarada|U-turn|p2b: Kingambit\n|-start|p1a: Meowscarada|typechange|Bug|[from] ability: Protean\n|-activate|p2b: Kingambit|move: Protect\n|\n|upkeep\n|turn|2\n|\n|t:|1776031881\n|switch|p1a: Incineroar|Incineroar, L50, M|100/100\n|-ability|p1a: Incineroar|Intimidate|boost\n|-unboost|p2a: Talonflame|atk|1\n|-unboost|p2b: Kingambit|atk|1\n|-ability|p2b: Kingambit|Defiant|boost\n|-boost|p2b: Kingambit|atk|2\n|move|p2a: Talonflame|Dual Wingbeat|p1b: Sneasler\n|-supereffective|p1b: Sneasler|1\n|-damage|p1b: Sneasler|55/100\n|-supereffective|p1b: Sneasler|1\n|-damage|p1b: Sneasler|13/100\n|-hitcount|p1b: Sneasler|2\n|move|p2b: Kingambit|Sucker Punch||[still]\n|-fail|p2b: Kingambit\n|move|p1b: Sneasler|Close Combat|p2b: Kingambit\n|-supereffective|p2b: Kingambit|2\n|-damage|p2b: Kingambit|0 fnt\n|-unboost|p1b: Sneasler|def|1\n|-unboost|p1b: Sneasler|spd|1\n|faint|p2b: Kingambit\n|-enditem|p1b: Sneasler|White Herb\n|-clearnegativeboost|p1b: Sneasler|[silent]\n|\n|upkeep\n|\n|t:|1776031891\n|switch|p2b: Tyranitar|Tyranitar, L50, M|100/100\n|-weather|Sandstorm|[from] ability: Sand Stream|[of] p2b: Tyranitar\n|turn|3\n|\n|t:|1776031907\n|move|p2a: Talonflame|Protect|p2a: Talonflame\n|-singleturn|p2a: Talonflame|Protect\n|move|p2b: Tyranitar|Protect|p2b: Tyranitar\n|-singleturn|p2b: Tyranitar|Protect\n|move|p1a: Incineroar|Fake Out|p2a: Talonflame\n|-activate|p2a: Talonflame|move: Protect\n|move|p1b: Sneasler|Close Combat|p2b: Tyranitar\n|-activate|p2b: Tyranitar|move: Protect\n|\n|-weather|Sandstorm|[upkeep]\n|-damage|p2a: Talonflame|95/100|[from] Sandstorm\n|-damage|p1b: Sneasler|7/100|[from] Sandstorm\n|-damage|p1a: Incineroar|95/100|[from] Sandstorm\n|upkeep\n|turn|4\n|\n|t:|1776031919\n|switch|p1a: Meowscarada|Meowscarada, L50, F|100/100\n|detailschange|p2b: Tyranitar|Tyranitar-Mega, L50, M\n|-mega|p2b: Tyranitar|Tyranitar|Tyranitarite\n|move|p2a: Talonflame|Tailwind|p2a: Talonflame\n|-sidestart|p2: Braute|move: Tailwind\n|move|p2b: Tyranitar|Rock Slide|p1a: Meowscarada|[spread] p1a\n|-miss|p2b: Tyranitar|p1b: Sneasler\n|-damage|p1a: Meowscarada|47/100\n|move|p1b: Sneasler|Rock Slide|p2b: Tyranitar|[spread] p2a,p2b\n|-supereffective|p2a: Talonflame|2\n|-damage|p2a: Talonflame|0 fnt\n|-damage|p2b: Tyranitar|89/100\n|faint|p2a: Talonflame\n|\n|-weather|Sandstorm|[upkeep]\n|-damage|p1a: Meowscarada|41/100|[from] Sandstorm\n|-damage|p1b: Sneasler|1/100|[from] Sandstorm\n|upkeep\n|\n|t:|1776031931\n|switch|p2a: Excadrill|Excadrill, L50, M|100/100\n|turn|5\n|\n|t:|1776031938\n|switch|p1b: Incineroar|Incineroar, L50, M|95/100\n|-ability|p1b: Incineroar|Intimidate|boost\n|-unboost|p2a: Excadrill|atk|1\n|-unboost|p2b: Tyranitar|atk|1\n|move|p2a: Excadrill|Iron Head|p1a: Meowscarada\n|-damage|p1a: Meowscarada|0 fnt\n|faint|p1a: Meowscarada\n|move|p2b: Tyranitar|Rock Slide|p1b: Incineroar\n|-supereffective|p1b: Incineroar|1\n|-damage|p1b: Incineroar|31/100\n|\n|-weather|Sandstorm|[upkeep]\n|-damage|p1b: Incineroar|25/100|[from] Sandstorm\n|upkeep\n|\n|t:|1776031953\n|switch|p1a: Sneasler|Sneasler, L50, F|1/100\n|turn|6\n|\n|t:|1776031965\n|move|p2a: Excadrill|Protect|p2a: Excadrill\n|-singleturn|p2a: Excadrill|Protect\n|move|p2b: Tyranitar|Protect|p2b: Tyranitar\n|-singleturn|p2b: Tyranitar|Protect\n|move|p1a: Sneasler|Close Combat|p2a: Excadrill\n|-activate|p2a: Excadrill|move: Protect\n|move|p1b: Incineroar|Flare Blitz|p2a: Excadrill\n|-activate|p2a: Excadrill|move: Protect\n|\n|-weather|Sandstorm|[upkeep]\n|-damage|p1a: Sneasler|0 fnt|[from] Sandstorm\n|-damage|p1b: Incineroar|19/100|[from] Sandstorm\n|faint|p1a: Sneasler\n|upkeep\n|\n|t:|1776031967\n|switch|p1a: Gengar|Gengar, L50, M|100/100\n|turn|7\n|\n|t:|1776031973\n|detailschange|p1a: Gengar|Gengar-Mega, L50, M\n|-mega|p1a: Gengar|Gengar|Gengarite\n|move|p1a: Gengar|Protect|p1a: Gengar\n|-singleturn|p1a: Gengar|Protect\n|move|p2a: Excadrill|High Horsepower|p1a: Gengar\n|-activate|p1a: Gengar|move: Protect\n|move|p2b: Tyranitar|Rock Slide|p1b: Incineroar|[spread] p1b\n|-activate|p1a: Gengar|move: Protect\n|-supereffective|p1b: Incineroar|1\n|-damage|p1b: Incineroar|0 fnt\n|faint|p1b: Incineroar\n|\n|-weather|none\n|-sideend|p2: Braute|move: Tailwind\n|upkeep\n|turn|8\n|\n|t:|1776031986\n|move|p1a: Gengar|Disable|p2a: Excadrill\n|-start|p2a: Excadrill|Disable|High Horsepower\n|cant|p2a: Excadrill|Disable|High Horsepower\n|move|p2b: Tyranitar|Knock Off|p1a: Gengar\n|-supereffective|p1a: Gengar|1\n|-damage|p1a: Gengar|18/100\n|\n|upkeep\n|turn|9\n|\n|t:|1776031994\n|move|p1a: Gengar|Shadow Ball|p2a: Excadrill\n|-damage|p2a: Excadrill|44/100\n|move|p2a: Excadrill|Iron Head|p1a: Gengar\n|-damage|p1a: Gengar|0 fnt\n|faint|p1a: Gengar\n|\n|win|Braute\n|raw|AquaticPanic's rating: 1207 &rarr; <strong>1185</strong><br />(-22 for losing)\n|raw|Braute's rating: 1250 &rarr; <strong>1272</strong><br />(+22 for winning)\n",
  "uploadtime": 1776031995,
  "views": 37,
  "formatid": "gen9championsvgc2026regma",
  "rating": 1185,
  "private": 0,
  "password": null
}