{
  "id": "gen9championsvgc2026regma-2583935990",
  "format": "[Gen 9 Champions] VGC 2026 Reg M-A",
  "players": [
    "Kaizer_Ifrit",
    "jwillc"
  ],
  "log": "|j|\u2606Kaizer_Ifrit\n|j|\u203djwillc\n|t:|1776209779\n|gametype|doubles\n|player|p1|Kaizer_Ifrit|caitlin|1287\n|player|p2|jwillc|169|1249\n|gen|9\n|tier|[Gen 9 Champions] VGC 2026 Reg M-A\n|rated|\n|rule|Species Clause: Limit one of each Pok\u00e9mon\n|rule|Item Clause: Limit 1 of each item\n|clearpoke\n|poke|p1|Garchomp, L50, F|\n|poke|p1|Talonflame, L50, M|\n|poke|p1|Rotom-Wash, L50|\n|poke|p1|Infernape, L50, F|\n|poke|p1|Glimmora, L50, F|\n|poke|p1|Ninetales-Alola, L50, F|\n|poke|p2|Charizard, L50, F|\n|poke|p2|Venusaur, L50, M|\n|poke|p2|Typhlosion-Hisui, L50, F|\n|poke|p2|Farigiraf, L50, F|\n|poke|p2|Sneasler, L50, F|\n|poke|p2|Corviknight, L50, M|\n|teampreview|4\n|inactive|Battle timer is ON: inactive players will automatically lose when time's up. (requested by Kaizer_Ifrit)\n|inactive|jwillc has 60 seconds left.\n|inactive|jwillc has 30 seconds left.\n|inactive|jwillc has 20 seconds left.\n|inactive|jwillc has 15 seconds left.\n|inactive|jwillc has 10 seconds left.\n|\n|t:|1776209863\n|teamsize|p1|4\n|teamsize|p2|4\n|start\n|switch|p1a: Kkkrrraaaaaa|Talonflame, L50, M|100/100\n|switch|p1b: 3rd floor|Rotom-Wash, L50|100/100\n|switch|p2a: Sneasler|Sneasler, L50, F|100/100\n|switch|p2b: Corviknight|Corviknight, L50, M|100/100\n|-ability|p2b: Corviknight|Pressure\n|turn|1\n|\n|t:|1776209887\n|move|p1a: Kkkrrraaaaaa|Quick Guard|p1a: Kkkrrraaaaaa\n|-singleturn|p1a: Kkkrrraaaaaa|Quick Guard\n|move|p2a: Sneasler|Fake Out|p1a: Kkkrrraaaaaa\n|-activate|p1a: Kkkrrraaaaaa|move: Quick Guard\n|move|p1b: 3rd floor|Thunderbolt|p2b: Corviknight\n|-supereffective|p2b: Corviknight|1\n|-damage|p2b: Corviknight|20/100\n|-status|p2b: Corviknight|par\n|move|p2b: Corviknight|Tailwind|p2b: Corviknight\n|-sidestart|p2: jwillc|move: Tailwind\n|\n|upkeep\n|turn|2\n|\n|t:|1776209911\n|move|p1a: Kkkrrraaaaaa|Tailwind|p1a: Kkkrrraaaaaa\n|-sidestart|p1: Kaizer_Ifrit|move: Tailwind\n|move|p1b: 3rd floor|Thunderbolt|p2a: Sneasler\n|-damage|p2a: Sneasler|37/100\n|move|p2a: Sneasler|Dire Claw|p1a: Kkkrrraaaaaa\n|-damage|p1a: Kkkrrraaaaaa|43/100\n|move|p2b: Corviknight|Brave Bird|p1a: Kkkrrraaaaaa\n|-crit|p1a: Kkkrrraaaaaa\n|-damage|p1a: Kkkrrraaaaaa|0 fnt\n|faint|p1a: Kkkrrraaaaaa\n|-damage|p2b: Corviknight|6/100 par|[from] Recoil\n|\n|upkeep\n|\n|t:|1776209918\n|switch|p1a: Shirona|Garchomp, L50, F|100/100\n|turn|3\n|\n|t:|1776209937\n|move|p1b: 3rd floor|Thunderbolt|p2a: Sneasler\n|-damage|p2a: Sneasler|0 fnt\n|faint|p2a: Sneasler\n|move|p1a: Shirona|Dragon Claw|p2b: Corviknight\n|-resisted|p2b: Corviknight|1\n|-damage|p2b: Corviknight|0 fnt\n|faint|p2b: Corviknight\n|\n|upkeep\n|\n|t:|1776209943\n|switch|p2a: Charizard|Charizard, L50, F|100/100\n|switch|p2b: Venusaur|Venusaur, L50, M|100/100\n|turn|4\n|inactive|Kaizer_Ifrit has 30 seconds left.\n|inactive|Kaizer_Ifrit has 20 seconds left.\n|\n|t:|1776209980\n|move|p1a: Shirona|Protect|p1a: Shirona\n|-singleturn|p1a: Shirona|Protect\n|move|p2a: Charizard|Protect|p2a: Charizard\n|-singleturn|p2a: Charizard|Protect\n|move|p1b: 3rd floor|Thunderbolt|p2a: Charizard\n|-activate|p2a: Charizard|move: Protect\n|move|p2b: Venusaur|Sleep Powder|p1b: 3rd floor\n|-status|p1b: 3rd floor|slp|[from] move: Sleep Powder\n|\n|-sideend|p2: jwillc|move: Tailwind\n|upkeep\n|turn|5\n|inactive|jwillc has 30 seconds left.\n|\n|t:|1776210007\n|detailschange|p2a: Charizard|Charizard-Mega-Y, L50, F\n|-mega|p2a: Charizard|Charizard|Charizardite Y\n|-weather|SunnyDay|[from] ability: Drought|[of] p2a: Charizard\n|cant|p1b: 3rd floor|slp\n|move|p1a: Shirona|Rock Slide|p2a: Charizard|[spread] p2a,p2b\n|-supereffective|p2a: Charizard|2\n|-damage|p2a: Charizard|0 fnt\n|-damage|p2b: Venusaur|75/100\n|faint|p2a: Charizard\n|move|p2b: Venusaur|Sleep Powder|p1a: Shirona|[miss]\n|-miss|p2b: Venusaur|p1a: Shirona\n|\n|-weather|SunnyDay|[upkeep]\n|-sideend|p1: Kaizer_Ifrit|move: Tailwind\n|upkeep\n|turn|6\n|-message|jwillc forfeited.\n|\n|win|Kaizer_Ifrit\n|raw|Kaizer_Ifrit's rating: 1287 &rarr; <strong>1309</strong><br />(+22 for winning)\n|raw|jwillc's rating: 1249 &rarr; <strong>1227</strong><br />(-22 for losing)\n|l|\u203djwillc\n|player|p2|\n",
  "uploadtime": 1776210050,
  "views": 52,
  "formatid": "gen9championsvgc2026regma",
  "rating": 1227,
  "private": 0,
  "password": null
}