{
  "id": "gen9championsvgc2026regma-2581542561",
  "format": "[Gen 9 Champions] VGC 2026 Reg M-A",
  "players": [
    "LeBlastoise",
    "gonegeb"
  ],
  "log": "|j|\u2606LeBlastoise\n|j|\u2606gonegeb\n|t:|1776009583\n|gametype|doubles\n|player|p1|LeBlastoise|265|1121\n|player|p2|gonegeb|corbeau|1068\n|gen|9\n|tier|[Gen 9 Champions] VGC 2026 Reg M-A\n|rated|\n|rule|Species Clause: Limit one of each Pok\u00e9mon\n|rule|Item Clause: Limit 1 of each item\n|clearpoke\n|poke|p1|Floette-Eternal, L50, F|\n|poke|p1|Meowstic, L50, M|\n|poke|p1|Sinistcha, L50|\n|poke|p1|Orthworm, L50, M|\n|poke|p1|Garchomp, L50, F|\n|poke|p1|Talonflame, L50, M|\n|poke|p2|Lucario, L50, M|\n|poke|p2|Umbreon, L50, M|\n|poke|p2|Arcanine, L50, F|\n|poke|p2|Ceruledge, L50, M|\n|poke|p2|Corviknight, L50, M|\n|poke|p2|Whimsicott, L50, F|\n|teampreview|4\n|j| KNGredpanda\n|\n|t:|1776009622\n|teamsize|p1|4\n|teamsize|p2|4\n|start\n|switch|p1a: Meowstic|Meowstic, L50, M|100/100\n|switch|p1b: Orthworm|Orthworm, L50, M|100/100\n|switch|p2a: Lucario|Lucario, L50, M|100/100\n|switch|p2b: Whimsicott|Whimsicott, L50, F, shiny|100/100\n|turn|1\n|\n|t:|1776009652\n|move|p1a: Meowstic|Fake Out|p2a: Lucario\n|-resisted|p2a: Lucario|1\n|-damage|p2a: Lucario|96/100\n|move|p2b: Whimsicott|Taunt|p1b: Orthworm\n|-start|p1b: Orthworm|move: Taunt\n|move|p2a: Lucario|Swords Dance|p2a: Lucario\n|-boost|p2a: Lucario|atk|2\n|move|p1b: Orthworm|Body Press|p2a: Lucario\n|-supereffective|p2a: Lucario|1\n|-damage|p2a: Lucario|0 fnt\n|faint|p2a: Lucario\n|\n|upkeep\n|\n|t:|1776009663\n|switch|p2a: Ceruledge|Ceruledge, L50, M|100/100\n|turn|2\n|l| KNGredpanda\n|\n|t:|1776009698\n|switch|p1a: Garchomp|Garchomp, L50, F|100/100\n|move|p2b: Whimsicott|Encore||[still]\n|-fail|p2b: Whimsicott\n|move|p2a: Ceruledge|Bulk Up|p2a: Ceruledge\n|-boost|p2a: Ceruledge|atk|1\n|-boost|p2a: Ceruledge|def|1\n|move|p1b: Orthworm|Earthquake|p2a: Ceruledge|[spread] p1a,p2a,p2b\n|-supereffective|p2a: Ceruledge|1\n|-resisted|p2b: Whimsicott|1\n|-damage|p1a: Garchomp|85/100\n|-damage|p2a: Ceruledge|74/100\n|-damage|p2b: Whimsicott|92/100\n|\n|upkeep\n|turn|3\n|\n|t:|1776009730\n|move|p2a: Ceruledge|Protect|p2a: Ceruledge\n|-singleturn|p2a: Ceruledge|Protect\n|move|p1a: Garchomp|Swords Dance|p1a: Garchomp\n|-boost|p1a: Garchomp|atk|2\n|move|p2b: Whimsicott|Moonblast|p1a: Garchomp\n|-supereffective|p1a: Garchomp|1\n|-damage|p1a: Garchomp|0 fnt\n|faint|p1a: Garchomp\n|move|p1b: Orthworm|Earthquake|p2b: Whimsicott|[spread] p2b\n|-activate|p2a: Ceruledge|move: Protect\n|-resisted|p2b: Whimsicott|1\n|-damage|p2b: Whimsicott|81/100\n|\n|-end|p1b: Orthworm|move: Taunt\n|upkeep\n|\n|t:|1776009747\n|switch|p1a: Floette|Floette-Eternal, L50, F|100/100\n|turn|4\n|\n|t:|1776009776\n|switch|p1b: Meowstic|Meowstic, L50, M|100/100\n|detailschange|p1a: Floette|Floette-Mega, L50, F\n|-mega|p1a: Floette|Floette|Floettite\n|-ability|p1a: Floette|Fairy Aura\n|move|p2b: Whimsicott|Tailwind|p2b: Whimsicott\n|-sidestart|p2: gonegeb|move: Tailwind\n|move|p2a: Ceruledge|Bitter Blade|p1b: Meowstic\n|-damage|p1b: Meowstic|32/100\n|-heal|p2a: Ceruledge|100/100|[from] drain|[of] p1b: Meowstic\n|move|p1a: Floette|Moonblast|p2a: Ceruledge\n|-resisted|p2a: Ceruledge|1\n|-damage|p2a: Ceruledge|72/100\n|\n|upkeep\n|turn|5\n|\n|t:|1776009798\n|move|p1b: Meowstic|Fake Out|p2a: Ceruledge\n|-immune|p2a: Ceruledge\n|move|p2b: Whimsicott|Moonblast|p1b: Meowstic\n|-damage|p1b: Meowstic|0 fnt\n|faint|p1b: Meowstic\n|move|p2a: Ceruledge|Bitter Blade|p1a: Floette\n|-damage|p1a: Floette|44/100\n|-heal|p2a: Ceruledge|100/100|[from] drain|[of] p1a: Floette\n|move|p1a: Floette|Moonblast|p2a: Ceruledge\n|-resisted|p2a: Ceruledge|1\n|-damage|p2a: Ceruledge|71/100\n|\n|upkeep\n|c|\u2606gonegeb|...\n|\n|t:|1776009810\n|switch|p1b: Orthworm|Orthworm, L50, M|100/100\n|turn|6\n|\n|t:|1776009833\n|move|p1a: Floette|Protect|p1a: Floette\n|-singleturn|p1a: Floette|Protect\n|move|p2b: Whimsicott|Moonblast|p1a: Floette\n|-activate|p1a: Floette|move: Protect\n|move|p2a: Ceruledge|Bitter Blade|p1b: Orthworm\n|-supereffective|p1b: Orthworm|1\n|-damage|p1b: Orthworm|33/100\n|-heal|p2a: Ceruledge|100/100|[from] drain|[of] p1b: Orthworm\n|-enditem|p1b: Orthworm|Sitrus Berry|[eat]\n|-heal|p1b: Orthworm|58/100|[from] item: Sitrus Berry\n|move|p1b: Orthworm|Earthquake|p2b: Whimsicott|[spread] p2a,p2b\n|-activate|p1a: Floette|move: Protect\n|-supereffective|p2a: Ceruledge|1\n|-resisted|p2b: Whimsicott|1\n|-damage|p2a: Ceruledge|77/100\n|-damage|p2b: Whimsicott|72/100\n|\n|upkeep\n|turn|7\n|\n|t:|1776009859\n|move|p2b: Whimsicott|Encore|p1a: Floette\n|-start|p1a: Floette|Encore\n|move|p1a: Floette|Protect|p1a: Floette\n|-singleturn|p1a: Floette|Protect\n|move|p2a: Ceruledge|Bitter Blade|p1b: Orthworm\n|-supereffective|p1b: Orthworm|1\n|-damage|p1b: Orthworm|0 fnt\n|-heal|p2a: Ceruledge|100/100|[from] drain|[of] p1b: Orthworm\n|faint|p1b: Orthworm\n|\n|-sideend|p2: gonegeb|move: Tailwind\n|upkeep\n|turn|8\n|\n|t:|1776009871\n|move|p1a: Floette|Protect||[still]\n|-fail|p1a: Floette\n|move|p2b: Whimsicott|Taunt|p1a: Floette\n|-start|p1a: Floette|move: Taunt\n|move|p2a: Ceruledge|Bitter Blade|p1a: Floette\n|-damage|p1a: Floette|0 fnt\n|faint|p1a: Floette\n|\n|win|gonegeb\n|raw|LeBlastoise's rating: 1121 &rarr; <strong>1092</strong><br />(-29 for losing)\n|raw|gonegeb's rating: 1068 &rarr; <strong>1102</strong><br />(+34 for winning)\n",
  "uploadtime": 1776009881,
  "views": 26,
  "formatid": "gen9championsvgc2026regma",
  "rating": 1092,
  "private": 0,
  "password": null
}