{
  "id": "gen9championsvgc2026regma-2587650699",
  "format": "[Gen 9 Champions] VGC 2026 Reg M-A",
  "players": [
    "Missing love",
    "SlipqyVGC"
  ],
  "log": "|j|\u2606Missing love\n|j|\u2606SlipqyVGC\n|t:|1776550444\n|gametype|doubles\n|player|p1|Missing love|volo|1430\n|player|p2|SlipqyVGC|miku-ghost|1519\n|gen|9\n|tier|[Gen 9 Champions] VGC 2026 Reg M-A\n|rated|\n|rule|Species Clause: Limit one of each Pok\u00e9mon\n|rule|Item Clause: Limit 1 of each item\n|clearpoke\n|poke|p1|Meganium, L50, F|\n|poke|p1|Tyranitar, L50, F|\n|poke|p1|Garchomp, L50, M|\n|poke|p1|Aegislash, L50, F|\n|poke|p1|Milotic, L50, M|\n|poke|p1|Aerodactyl, L50, M|\n|poke|p2|Sneasler, L50, M|\n|poke|p2|Talonflame, L50, M, shiny|\n|poke|p2|Kingambit, L50, M, shiny|\n|poke|p2|Floette-Eternal, L50, F|\n|poke|p2|Garchomp, L50, F|\n|poke|p2|Basculegion, L50, M, shiny|\n|teampreview|4\n|inactive|Battle timer is ON: inactive players will automatically lose when time's up. (requested by SlipqyVGC)\n|inactive|SlipqyVGC has 60 seconds left.\n|\n|t:|1776550494\n|teamsize|p1|4\n|teamsize|p2|4\n|start\n|switch|p1a: Garchomp|Garchomp, L50, M|100/100\n|switch|p1b: Aerodactyl|Aerodactyl, L50, M|100/100\n|switch|p2a: Talonflame|Talonflame, L50, M, shiny|100/100\n|switch|p2b: Garchomp|Garchomp, L50, F|100/100\n|-ability|p1b: Aerodactyl|Unnerve\n|turn|1\n|j| direc_t10n\n|\n|t:|1776550515\n|move|p2a: Talonflame|Tailwind|p2a: Talonflame\n|-sidestart|p2: SlipqyVGC|move: Tailwind\n|move|p2b: Garchomp|Rock Slide|p1a: Garchomp|[spread] p1a\n|-miss|p2b: Garchomp|p1b: Aerodactyl\n|-resisted|p1a: Garchomp|1\n|-damage|p1a: Garchomp|92/100\n|move|p1a: Garchomp|Dragon Claw|p2b: Garchomp\n|-supereffective|p2b: Garchomp|1\n|-damage|p2b: Garchomp|20/100\n|-damage|p1a: Garchomp|80/100|[from] ability: Rough Skin|[of] p2b: Garchomp\n|move|p1b: Aerodactyl|Tailwind|p1b: Aerodactyl\n|-sidestart|p1: Missing love|move: Tailwind\n|\n|upkeep\n|turn|2\n|inactive|SlipqyVGC has 30 seconds left.\n|\n|t:|1776550547\n|move|p2a: Talonflame|Dual Wingbeat|p1b: Aerodactyl\n|-resisted|p1b: Aerodactyl|1\n|-damage|p1b: Aerodactyl|85/100\n|-resisted|p1b: Aerodactyl|1\n|-damage|p1b: Aerodactyl|70/100\n|-hitcount|p1b: Aerodactyl|2\n|move|p1a: Garchomp|Dragon Claw|p2b: Garchomp\n|-supereffective|p2b: Garchomp|1\n|-damage|p2b: Garchomp|0 fnt\n|-damage|p1a: Garchomp|67/100|[from] ability: Rough Skin|[of] p2b: Garchomp\n|faint|p2b: Garchomp\n|move|p1b: Aerodactyl|Rock Slide|p2a: Talonflame\n|-supereffective|p2a: Talonflame|2\n|-damage|p2a: Talonflame|0 fnt\n|faint|p2a: Talonflame\n|\n|upkeep\n|\n|t:|1776550555\n|switch|p2a: Sneasler|Sneasler, L50, M|100/100\n|switch|p2b: Floette|Floette-Eternal, L50, F|100/100\n|turn|3\n|\n|t:|1776550568\n|switch|p1a: Aegislash|Aegislash, L50, F|100/100\n|detailschange|p2b: Floette|Floette-Mega, L50, F\n|-mega|p2b: Floette|Floette|Floettite\n|-ability|p2b: Floette|Fairy Aura\n|move|p2a: Sneasler|Fake Out|p1b: Aerodactyl\n|-resisted|p1b: Aerodactyl|1\n|-damage|p1b: Aerodactyl|57/100\n|cant|p1b: Aerodactyl|flinch\n|move|p2b: Floette|Dazzling Gleam|p1b: Aerodactyl|[spread] p1a,p1b\n|-resisted|p1a: Aegislash|1\n|-damage|p1a: Aegislash|83/100\n|-damage|p1b: Aerodactyl|0 fnt\n|faint|p1b: Aerodactyl\n|\n|upkeep\n|\n|t:|1776550582\n|switch|p1b: Meganium|Meganium, L50, F|100/100\n|turn|4\n|\n|t:|1776550596\n|detailschange|p1b: Meganium|Meganium-Mega, L50, F\n|-mega|p1b: Meganium|Meganium|Meganiumite\n|move|p1b: Meganium|Protect|p1b: Meganium\n|-singleturn|p1b: Meganium|Protect\n|move|p2a: Sneasler|Dire Claw|p1b: Meganium\n|-activate|p1b: Meganium|move: Protect\n|move|p2b: Floette|Light of Ruin|p1a: Aegislash\n|-resisted|p1a: Aegislash|1\n|-damage|p1a: Aegislash|42/100\n|-damage|p2b: Floette|78/100|[from] Recoil\n|-formechange|p1a: Aegislash|Aegislash-Blade|\n|move|p1a: Aegislash|Poltergeist|p2a: Sneasler\n|-activate|p2a: Sneasler|move: Poltergeist|Focus Sash\n|-enditem|p2a: Sneasler|Focus Sash\n|-damage|p2a: Sneasler|1/100\n|\n|-sideend|p1: Missing love|move: Tailwind\n|-sideend|p2: SlipqyVGC|move: Tailwind\n|upkeep\n|turn|5\n|\n|t:|1776550616\n|move|p2a: Sneasler|Protect|p2a: Sneasler\n|-singleturn|p2a: Sneasler|Protect\n|move|p1a: Aegislash|Shadow Sneak|p2a: Sneasler\n|-activate|p2a: Sneasler|move: Protect\n|move|p2b: Floette|Moonblast|p1a: Aegislash\n|-resisted|p1a: Aegislash|1\n|-damage|p1a: Aegislash|0 fnt\n|faint|p1a: Aegislash\n|move|p1b: Meganium|Solar Beam||[still]\n|-prepare|p1b: Meganium|Solar Beam\n|-activate|p1b: Meganium|ability: Mega Sol\n|-anim|p1b: Meganium|Solar Beam|p2b: Floette\n|-damage|p2b: Floette|20/100\n|\n|upkeep\n|\n|t:|1776550623\n|switch|p1a: Garchomp|Garchomp, L50, M|67/100\n|turn|6\n|\n|t:|1776550642\n|move|p1b: Meganium|Protect|p1b: Meganium\n|-singleturn|p1b: Meganium|Protect\n|move|p2a: Sneasler|Dire Claw|p1b: Meganium\n|-activate|p1b: Meganium|move: Protect\n|move|p1a: Garchomp|Earthquake|p2b: Floette|[spread] p2a,p2b\n|-activate|p1b: Meganium|move: Protect\n|-supereffective|p2a: Sneasler|1\n|-crit|p2b: Floette\n|-damage|p2a: Sneasler|0 fnt\n|-damage|p2b: Floette|0 fnt\n|faint|p2a: Sneasler\n|faint|p2b: Floette\n|\n|win|Missing love\n|raw|Missing love's rating: 1430 &rarr; <strong>1455</strong><br />(+25 for winning)\n|raw|SlipqyVGC's rating: 1519 &rarr; <strong>1494</strong><br />(-25 for losing)\n|l| direc_t10n\n|l|\u2606SlipqyVGC\n|player|p2|\n",
  "uploadtime": 1776550670,
  "views": 30,
  "formatid": "gen9championsvgc2026regma",
  "rating": 1455,
  "private": 0,
  "password": null
}