{
  "id": "gen9championsvgc2026regma-2584805586",
  "format": "[Gen 9 Champions] VGC 2026 Reg M-A",
  "players": [
    "meenawooo",
    "JarlomenVGC"
  ],
  "log": "|j|\u2606meenawooo\n|j|\u2606JarlomenVGC\n|t:|1776284990\n|gametype|doubles\n|player|p1|meenawooo|lady|1031\n|player|p2|JarlomenVGC|hiker-gen4|1124\n|gen|9\n|tier|[Gen 9 Champions] VGC 2026 Reg M-A\n|rated|\n|rule|Species Clause: Limit one of each Pok\u00e9mon\n|rule|Item Clause: Limit 1 of each item\n|clearpoke\n|poke|p1|Sylveon, L50, M|\n|poke|p1|Maushold-Four, L50|\n|poke|p1|Whimsicott, L50, F|\n|poke|p1|Arcanine-Hisui, L50, M|\n|poke|p1|Incineroar, L50, M|\n|poke|p1|Sinistcha, L50|\n|poke|p2|Pinsir, L50, F|\n|poke|p2|Garchomp, L50, M|\n|poke|p2|Orthworm, L50, M|\n|poke|p2|Rotom-Wash, L50|\n|poke|p2|Clefable, L50, F|\n|poke|p2|Sneasler, L50, M|\n|teampreview|4\n|inactive|Battle timer is ON: inactive players will automatically lose when time's up. (requested by JarlomenVGC)\n|inactive|meenawooo has 60 seconds left.\n|\n|t:|1776285022\n|teamsize|p1|4\n|teamsize|p2|4\n|start\n|switch|p1a: Incineroar|Incineroar, L50, M|100/100\n|switch|p1b: babu|Whimsicott, L50, F, shiny|100/100\n|switch|p2a: Garchomp|Garchomp, L50, M|100/100\n|switch|p2b: Sneasler|Sneasler, L50, M|100/100\n|-ability|p1a: Incineroar|Intimidate|boost\n|-unboost|p2a: Garchomp|atk|1\n|-unboost|p2b: Sneasler|atk|1\n|turn|1\n|\n|t:|1776285039\n|move|p2b: Sneasler|Protect|p2b: Sneasler\n|-singleturn|p2b: Sneasler|Protect\n|move|p1a: Incineroar|Fake Out|p2a: Garchomp\n|-damage|p2a: Garchomp|89/100\n|-damage|p1a: Incineroar|88/100|[from] ability: Rough Skin|[of] p2a: Garchomp\n|move|p1b: babu|Tailwind|p1b: babu\n|-sidestart|p1: meenawooo|move: Tailwind\n|cant|p2a: Garchomp|flinch\n|\n|upkeep\n|turn|2\n|\n|t:|1776285058\n|move|p1b: babu|Protect|p1b: babu\n|-singleturn|p1b: babu|Protect\n|move|p1a: Incineroar|Parting Shot|p2a: Garchomp\n|-unboost|p2a: Garchomp|atk|1\n|-unboost|p2a: Garchomp|spa|1\n|\n|t:|1776285063\n|switch|p1a: fluffy|Arcanine-Hisui, L50, M|100/100|[from] Parting Shot\n|move|p2b: Sneasler|Dire Claw|p1b: babu\n|-activate|p1b: babu|move: Protect\n|move|p2a: Garchomp|Rock Slide|p1b: babu|[spread] \n|-activate|p1b: babu|move: Protect\n|-miss|p2a: Garchomp|p1a: fluffy\n|\n|upkeep\n|turn|3\n|\n|t:|1776285088\n|switch|p2a: Clefable|Clefable, L50, F|100/100\n|move|p1b: babu|Dazzling Gleam|p2a: Clefable|[spread] p2a,p2b\n|-damage|p2a: Clefable|85/100\n|-damage|p2b: Sneasler|75/100\n|move|p1a: fluffy|Scorching Sands|p2b: Sneasler\n|-supereffective|p2b: Sneasler|1\n|-damage|p2b: Sneasler|24/100\n|-status|p2b: Sneasler|brn\n|-enditem|p2b: Sneasler|Lum Berry|[eat]\n|-curestatus|p2b: Sneasler|brn|[msg]\n|move|p2b: Sneasler|Close Combat|p1a: fluffy\n|-supereffective|p1a: fluffy|1\n|-damage|p1a: fluffy|0 fnt\n|-unboost|p2b: Sneasler|def|1\n|-unboost|p2b: Sneasler|spd|1\n|faint|p1a: fluffy\n|\n|-heal|p2a: Clefable|91/100|[from] item: Leftovers\n|upkeep\n|\n|t:|1776285107\n|switch|p1a: Incineroar|Incineroar, L50, M|88/100\n|-ability|p1a: Incineroar|Intimidate|boost\n|-unboost|p2a: Clefable|atk|1\n|-unboost|p2b: Sneasler|atk|1\n|turn|4\n|\n|t:|1776285126\n|switch|p2b: Garchomp|Garchomp, L50, M|89/100\n|move|p1b: babu|Dazzling Gleam|p2b: Garchomp|[spread] p2a,p2b\n|-supereffective|p2b: Garchomp|1\n|-damage|p2a: Clefable|76/100\n|-damage|p2b: Garchomp|50/100\n|move|p1a: Incineroar|Flamethrower|p2a: Clefable\n|-damage|p2a: Clefable|54/100\n|move|p2a: Clefable|Life Dew|p2a: Clefable|[spread] p2a,p2b\n|-heal|p2a: Clefable|79/100\n|-heal|p2b: Garchomp|75/100\n|\n|-heal|p2a: Clefable|85/100|[from] item: Leftovers\n|-sideend|p1: meenawooo|move: Tailwind\n|upkeep\n|turn|5\n|inactive|meenawooo has 30 seconds left.\n|inactive|meenawooo has 20 seconds left.\n|\n|t:|1776285165\n|move|p1b: babu|Protect|p1b: babu\n|-singleturn|p1b: babu|Protect\n|move|p2a: Clefable|Follow Me|p2a: Clefable\n|-singleturn|p2a: Clefable|move: Follow Me\n|move|p2b: Garchomp|Rock Slide|p1a: Incineroar|[spread] \n|-activate|p1b: babu|move: Protect\n|-miss|p2b: Garchomp|p1a: Incineroar\n|move|p1a: Incineroar|Flamethrower|p2a: Clefable\n|-damage|p2a: Clefable|65/100\n|\n|-heal|p2a: Clefable|71/100|[from] item: Leftovers\n|upkeep\n|turn|6\n|\n|t:|1776285186\n|move|p1b: babu|Tailwind|p1b: babu\n|-sidestart|p1: meenawooo|move: Tailwind\n|move|p1a: Incineroar|Parting Shot|p2b: Garchomp\n|-unboost|p2b: Garchomp|atk|1\n|-unboost|p2b: Garchomp|spa|1\n|\n|t:|1776285191\n|switch|p1a: Happy|Sinistcha, L50, shiny|100/100|[from] Parting Shot\n|move|p2b: Garchomp|Rock Slide|p1b: babu|[spread] p1a,p1b\n|-damage|p1a: Happy|87/100\n|-damage|p1b: babu|85/100\n|move|p2a: Clefable|Life Dew|p2a: Clefable|[spread] p2a,p2b\n|-heal|p2a: Clefable|97/100\n|-heal|p2b: Garchomp|99/100\n|\n|-heal|p2a: Clefable|100/100|[from] item: Leftovers\n|upkeep\n|turn|7\n|inactive|meenawooo has 30 seconds left.\n|\n|t:|1776285218\n|switch|p2b: Sneasler|Sneasler, L50, M|24/100\n|move|p1b: babu|Misty Terrain|p1b: babu\n|-fieldstart|move: Misty Terrain\n|move|p1a: Happy|Matcha Gotcha|p2b: Sneasler|[spread] p2a,p2b\n|-resisted|p2b: Sneasler|1\n|-damage|p2a: Clefable|78/100\n|-heal|p1a: Happy|100/100|[from] drain|[of] p2a: Clefable\n|-damage|p2b: Sneasler|5/100\n|move|p2a: Clefable|Life Dew|p2a: Clefable|[spread] p2a,p2b\n|-heal|p2a: Clefable|100/100\n|-heal|p2b: Sneasler|30/100\n|\n|upkeep\n|turn|8\n|\n|t:|1776285238\n|switch|p1a: Incineroar|Incineroar, L50, M|88/100\n|-ability|p1a: Incineroar|Intimidate|boost\n|-unboost|p2a: Clefable|atk|1\n|-unboost|p2b: Sneasler|atk|1\n|move|p2a: Clefable|Follow Me|p2a: Clefable\n|-singleturn|p2a: Clefable|move: Follow Me\n|move|p1b: babu|Dazzling Gleam|p2a: Clefable|[spread] p2a,p2b\n|-damage|p2a: Clefable|87/100\n|-damage|p2b: Sneasler|7/100\n|move|p2b: Sneasler|Acrobatics|p1a: Incineroar\n|-damage|p1a: Incineroar|61/100\n|\n|-heal|p2a: Clefable|93/100|[from] item: Leftovers\n|upkeep\n|turn|9\n|\n|t:|1776285257\n|move|p2b: Sneasler|Protect|p2b: Sneasler\n|-singleturn|p2b: Sneasler|Protect\n|move|p1a: Incineroar|Fake Out|p2b: Sneasler\n|-activate|p2b: Sneasler|move: Protect\n|move|p1b: babu|Dazzling Gleam|p2b: Sneasler|[spread] p2a\n|-activate|p2b: Sneasler|move: Protect\n|-damage|p2a: Clefable|77/100\n|move|p2a: Clefable|Life Dew|p2a: Clefable|[spread] p2a,p2b\n|-heal|p2a: Clefable|100/100\n|-heal|p2b: Sneasler|32/100\n|\n|-sideend|p1: meenawooo|move: Tailwind\n|upkeep\n|turn|10\n|inactive|JarlomenVGC has 30 seconds left.\n|\n|t:|1776285285\n|move|p1b: babu|Tailwind|p1b: babu\n|-sidestart|p1: meenawooo|move: Tailwind\n|move|p1a: Incineroar|Flamethrower|p2a: Clefable\n|-damage|p2a: Clefable|81/100\n|move|p2b: Sneasler|Close Combat|p1a: Incineroar\n|-supereffective|p1a: Incineroar|1\n|-damage|p1a: Incineroar|0 fnt\n|-unboost|p2b: Sneasler|def|1\n|-unboost|p2b: Sneasler|spd|1\n|faint|p1a: Incineroar\n|move|p2a: Clefable|Moonblast|p1b: babu\n|-damage|p1b: babu|47/100\n|-unboost|p1b: babu|spa|1\n|\n|-heal|p2a: Clefable|87/100|[from] item: Leftovers\n|upkeep\n|\n|t:|1776285299\n|switch|p1a: Happy|Sinistcha, L50, shiny|100/100\n|-heal|p1b: babu|72/100|[from] ability: Hospitality|[of] p1a: Happy\n|turn|11\n|\n|t:|1776285309\n|move|p2b: Sneasler|Protect|p2b: Sneasler\n|-singleturn|p2b: Sneasler|Protect\n|move|p1b: babu|Dazzling Gleam|p2b: Sneasler|[spread] p2a\n|-activate|p2b: Sneasler|move: Protect\n|-damage|p2a: Clefable|74/100\n|move|p1a: Happy|Matcha Gotcha|p2a: Clefable|[spread] p2a\n|-activate|p2b: Sneasler|move: Protect\n|-damage|p2a: Clefable|49/100\n|move|p2a: Clefable|Life Dew|p2a: Clefable|[spread] p2a,p2b\n|-heal|p2a: Clefable|74/100\n|-heal|p2b: Sneasler|57/100\n|\n|-heal|p2a: Clefable|80/100|[from] item: Leftovers\n|-fieldend|Misty Terrain\n|upkeep\n|turn|12\n|\n|t:|1776285338\n|move|p1b: babu|Dazzling Gleam|p2a: Clefable|[spread] p2a,p2b\n|-damage|p2a: Clefable|65/100\n|-damage|p2b: Sneasler|34/100\n|move|p1a: Happy|Scald|p2a: Clefable\n|-damage|p2a: Clefable|44/100\n|-status|p2a: Clefable|brn\n|move|p2b: Sneasler|Acrobatics|p1a: Happy\n|-supereffective|p1a: Happy|1\n|-damage|p1a: Happy|50/100\n|move|p2a: Clefable|Moonblast|p1b: babu\n|-damage|p1b: babu|32/100\n|\n|-heal|p2a: Clefable|50/100 brn|[from] item: Leftovers\n|-damage|p2a: Clefable|44/100 brn|[from] brn\n|upkeep\n|turn|13\n|\n|t:|1776285361\n|move|p1b: babu|Dazzling Gleam|p2a: Clefable|[spread] p2a,p2b\n|-damage|p2a: Clefable|28/100 brn\n|-damage|p2b: Sneasler|11/100\n|move|p1a: Happy|Matcha Gotcha|p2a: Clefable|[spread] p2a,p2b\n|-resisted|p2b: Sneasler|1\n|-damage|p2a: Clefable|4/100 brn\n|-heal|p1a: Happy|65/100|[from] drain|[of] p2a: Clefable\n|-damage|p2b: Sneasler|0 fnt\n|-heal|p1a: Happy|70/100|[from] drain|[of] p2b: Sneasler\n|faint|p2b: Sneasler\n|move|p2a: Clefable|Life Dew|p2a: Clefable\n|-heal|p2a: Clefable|30/100 brn\n|\n|-heal|p2a: Clefable|36/100 brn|[from] item: Leftovers\n|-damage|p2a: Clefable|30/100 brn|[from] brn\n|-sideend|p1: meenawooo|move: Tailwind\n|upkeep\n|\n|t:|1776285378\n|switch|p2b: Pinsir|Pinsir, L50, F|100/100\n|turn|14\n|\n|t:|1776285395\n|detailschange|p2b: Pinsir|Pinsir-Mega, L50, F\n|-mega|p2b: Pinsir|Pinsir|Pinsirite\n|move|p2b: Pinsir|Feint|p1b: babu\n|-supereffective|p1b: babu|1\n|-damage|p1b: babu|0 fnt\n|faint|p1b: babu\n|move|p1a: Happy|Scald|p2a: Clefable\n|-damage|p2a: Clefable|9/100 brn\n|move|p2a: Clefable|Moonblast|p1a: Happy\n|-damage|p1a: Happy|33/100\n|\n|-heal|p2a: Clefable|15/100 brn|[from] item: Leftovers\n|-damage|p2a: Clefable|9/100 brn|[from] brn\n|upkeep\n|turn|15\n|-message|meenawooo forfeited.\n|\n|win|JarlomenVGC\n|raw|meenawooo's rating: 1031 &rarr; <strong>1020</strong><br />(-11 for losing)\n|raw|JarlomenVGC's rating: 1124 &rarr; <strong>1142</strong><br />(+18 for winning)\n|l|\u2606meenawooo\n|player|p1|\n",
  "uploadtime": 1776285410,
  "views": 23,
  "formatid": "gen9championsvgc2026regma",
  "rating": 1020,
  "private": 0,
  "password": null
}