{
  "id": "gen9championsvgc2026regma-2589565972",
  "format": "[Gen 9 Champions] VGC 2026 Reg M-A",
  "players": [
    "cressythediddler",
    "Unviable Character"
  ],
  "log": "|j|\u2606cressythediddler\n|j|\u2606Unviable Character\n|t:|1776734714\n|gametype|doubles\n|player|p1|cressythediddler|2|1135\n|player|p2|Unviable Character|guzma|1186\n|gen|9\n|tier|[Gen 9 Champions] VGC 2026 Reg M-A\n|rated|\n|rule|Species Clause: Limit one of each Pok\u00e9mon\n|rule|Item Clause: Limit 1 of each item\n|clearpoke\n|poke|p1|Pelipper, L50, F|\n|poke|p1|Feraligatr, L50, F|\n|poke|p1|Garchomp, L50, F|\n|poke|p1|Incineroar, L50, F|\n|poke|p1|Basculegion, L50, M|\n|poke|p1|Sinistcha, L50|\n|poke|p2|Meganium, L50, F|\n|poke|p2|Pelipper, L50, M|\n|poke|p2|Dragonite, L50, F|\n|poke|p2|Kingambit, L50, F|\n|poke|p2|Cofagrigus, L50, M|\n|poke|p2|Scizor, L50, F|\n|teampreview|4\n|inactive|Battle timer is ON: inactive players will automatically lose when time's up. (requested by cressythediddler)\n|\n|t:|1776734737\n|teamsize|p1|4\n|teamsize|p2|4\n|start\n|switch|p1a: Pelipper|Pelipper, L50, F|100/100\n|switch|p1b: Feraligatr|Feraligatr, L50, F|100/100\n|switch|p2a: Kingambit|Kingambit, L50, F|100/100\n|switch|p2b: Cofagrigus|Cofagrigus, L50, M|100/100\n|-weather|RainDance|[from] ability: Drizzle|[of] p1a: Pelipper\n|turn|1\n|inactive|cressythediddler has 30 seconds left.\n|inactive|cressythediddler has 20 seconds left.\n|inactive|cressythediddler has 15 seconds left.\n|\n|t:|1776734778\n|detailschange|p1b: Feraligatr|Feraligatr-Mega, L50, F\n|-mega|p1b: Feraligatr|Feraligatr|Feraligite\n|move|p1b: Feraligatr|Dragon Dance|p1b: Feraligatr\n|-boost|p1b: Feraligatr|atk|1\n|-boost|p1b: Feraligatr|spe|1\n|move|p1a: Pelipper|Tailwind|p1a: Pelipper\n|-sidestart|p1: cressythediddler|move: Tailwind\n|move|p2a: Kingambit|Kowtow Cleave|p1a: Pelipper\n|-damage|p1a: Pelipper|27/100\n|move|p2b: Cofagrigus|Trick Room|p2b: Cofagrigus\n|-fieldstart|move: Trick Room|[of] p2b: Cofagrigus\n|\n|-weather|RainDance|[upkeep]\n|upkeep\n|turn|2\n|\n|t:|1776734802\n|move|p1b: Feraligatr|Protect|p1b: Feraligatr\n|-singleturn|p1b: Feraligatr|Protect\n|move|p2b: Cofagrigus|Will-O-Wisp|p1b: Feraligatr\n|-activate|p1b: Feraligatr|move: Protect\n|move|p2a: Kingambit|Kowtow Cleave|p1a: Pelipper\n|-damage|p1a: Pelipper|0 fnt\n|faint|p1a: Pelipper\n|\n|-weather|RainDance|[upkeep]\n|upkeep\n|\n|t:|1776734811\n|switch|p1a: Sinistcha|Sinistcha, L50|100/100\n|turn|3\n|inactive|Unviable Character has 30 seconds left.\n|\n|t:|1776734838\n|move|p2b: Cofagrigus|Hex|p1b: Feraligatr\n|-damage|p1b: Feraligatr|74/100\n|move|p2a: Kingambit|Kowtow Cleave|p1b: Feraligatr\n|-damage|p1b: Feraligatr|17/100\n|move|p1b: Feraligatr|Liquidation|p2a: Kingambit\n|-damage|p2a: Kingambit|0 fnt\n|faint|p2a: Kingambit\n|move|p1a: Sinistcha|Trick Room|p1a: Sinistcha\n|-fieldend|move: Trick Room\n|\n|-weather|RainDance|[upkeep]\n|upkeep\n|\n|t:|1776734853\n|switch|p2a: Meganium|Meganium, L50, F|100/100\n|turn|4\n|\n|t:|1776734871\n|detailschange|p2a: Meganium|Meganium-Mega, L50, F\n|-mega|p2a: Meganium|Meganium|Meganiumite\n|move|p1b: Feraligatr|Liquidation|p2b: Cofagrigus\n|-damage|p2b: Cofagrigus|2/100\n|-activate|p2b: Cofagrigus|ability: Mummy|p1b: Feraligatr|[ability] Dragonize\n|move|p2a: Meganium|Dazzling Gleam|p1b: Feraligatr|[spread] p1a,p1b\n|-supereffective|p1b: Feraligatr|1\n|-damage|p1a: Sinistcha|66/100\n|-damage|p1b: Feraligatr|0 fnt\n|faint|p1b: Feraligatr\n|move|p1a: Sinistcha|Trick Room|p1a: Sinistcha\n|-fieldstart|move: Trick Room|[of] p1a: Sinistcha\n|move|p2b: Cofagrigus|Trick Room|p2b: Cofagrigus\n|-fieldend|move: Trick Room\n|\n|-weather|RainDance|[upkeep]\n|-sideend|p1: cressythediddler|move: Tailwind\n|upkeep\n|\n|t:|1776734884\n|switch|p1b: Basculegion|Basculegion, L50, M|100/100\n|turn|5\n|\n|t:|1776734894\n|move|p1b: Basculegion|Last Respects|p2a: Meganium\n|-damage|p2a: Meganium|23/100\n|move|p2a: Meganium|Solar Beam||[still]\n|-prepare|p2a: Meganium|Solar Beam\n|-activate|p2a: Meganium|ability: Mega Sol\n|-anim|p2a: Meganium|Solar Beam|p1b: Basculegion\n|-supereffective|p1b: Basculegion|1\n|-damage|p1b: Basculegion|0 fnt\n|faint|p1b: Basculegion\n|move|p1a: Sinistcha|Matcha Gotcha|p2a: Meganium|[spread] p2b\n|-miss|p1a: Sinistcha|p2a: Meganium\n|-damage|p2b: Cofagrigus|0 fnt\n|-heal|p1a: Sinistcha|67/100|[from] drain|[of] p2b: Cofagrigus\n|faint|p2b: Cofagrigus\n|\n|-weather|none\n|upkeep\n|\n|t:|1776734906\n|switch|p2b: Scizor|Scizor, L50, F|100/100\n|turn|6\n|\n|t:|1776734911\n|move|p2a: Meganium|Weather Ball|p1a: Sinistcha\n|-supereffective|p1a: Sinistcha|1\n|-damage|p1a: Sinistcha|0 fnt\n|faint|p1a: Sinistcha\n|\n|win|Unviable Character\n|raw|cressythediddler's rating: 1135 &rarr; <strong>1114</strong><br />(-21 for losing)\n|raw|Unviable Character's rating: 1186 &rarr; <strong>1207</strong><br />(+21 for winning)\n|l|\u2606cressythediddler\n|player|p1|\n",
  "uploadtime": 1776734921,
  "views": 2,
  "formatid": "gen9championsvgc2026regma",
  "rating": 1114,
  "private": 0,
  "password": null
}