{
  "id": "gen9championsvgc2026regma-2583265754",
  "format": "[Gen 9 Champions] VGC 2026 Reg M-A",
  "players": [
    "ppyyy-inertia",
    "ILoveSelma"
  ],
  "log": "|j|\u2606ppyyy-inertia\n|j|\u203dILoveSelma\n|t:|1776161143\n|gametype|doubles\n|player|p1|ppyyy-inertia|elesa-gen5bw2|\n|player|p2|ILoveSelma|101|\n|gen|9\n|tier|[Gen 9 Champions] VGC 2026 Reg M-A\n|rated|Tournament battle\n|rule|Species Clause: Limit one of each Pok\u00e9mon\n|rule|Item Clause: Limit 1 of each item\n|raw|<div class=\"infobox\"><details class=\"readmore\" open><summary><strong>1 custom rule:</strong></summary> Force Open Team Sheets</details></div>\n|clearpoke\n|poke|p1|Aegislash, L50, F|\n|poke|p1|Garchomp, L50, F|\n|poke|p1|Floette-Eternal, L50, F|\n|poke|p1|Tsareena, L50, F|\n|poke|p1|Typhlosion-Hisui, L50, F|\n|poke|p1|Whimsicott, L50, F|\n|poke|p2|Floette-Eternal, L50, F|\n|poke|p2|Sinistcha, L50|\n|poke|p2|Maushold, L50|\n|poke|p2|Garchomp, L50, M|\n|poke|p2|Talonflame, L50, M|\n|poke|p2|Rotom-Wash, L50|\n|teampreview|4\n|showteam|p1|Aegislash||MetalCoat|StanceChange|SacredSword,GyroBall,WideGuard,KingsShield|||F|||50|]Garchomp||SitrusBerry|RoughSkin|Earthquake,DragonClaw,Substitute,Protect|||F|||50|]Floette-Eternal||Floettite|FlowerVeil|Moonblast,DazzlingGleam,LightofRuin,Protect|||F|||50|]Tsareena||KebiaBerry|QueenlyMajesty|TropKick,LowKick,HelpingHand,Protect|||F|||50|]Typhlosion-Hisui||ChoiceScarf|Frisk|Eruption,ShadowBall,HeatWave,WillOWisp|||F|||50|]Whimsicott||FocusSash|Prankster|Moonblast,FakeTears,Tailwind,Protect|||F|||50|\n|showteam|p2|Floette-Eternal||Floettite|FlowerVeil|CalmMind,Moonblast,DazzlingGleam,Protect|||F|||50|]Sinistcha||SitrusBerry|Hospitality|MatchaGotcha,LifeDew,RagePowder,Protect||||||50|]Maushold||FocusSash|FriendGuard|FollowMe,Taunt,SuperFang,Protect||||||50|]Garchomp||Leftovers|RoughSkin|Earthquake,RockSlide,DragonClaw,Protect|||M|||50|]Talonflame|||GaleWings|Acrobatics,FlareBlitz,Tailwind,Protect|||M|||50|]Rotom-Wash||Magnet|Levitate|VoltSwitch,Thunderbolt,HydroPump,Protect||||||50|\n|j| grattacapi\n|l| grattacapi\n|\n|t:|1776161182\n|teamsize|p1|4\n|teamsize|p2|4\n|start\n|switch|p1a: Aegislash|Aegislash, L50, F|100/100\n|switch|p1b: Typhlosion|Typhlosion-Hisui, L50, F|100/100\n|switch|p2a: Garchomp|Garchomp, L50, M|100/100\n|switch|p2b: Talonflame|Talonflame, L50, M|100/100\n|-item|p2a: Garchomp|Leftovers|[from] ability: Frisk|[of] p1b: Typhlosion\n|turn|1\n|j| you'reseafood\n|\n|t:|1776161199\n|move|p1a: Aegislash|Wide Guard|p1a: Aegislash\n|-singleturn|p1a: Aegislash|Wide Guard\n|move|p2b: Talonflame|Tailwind|p2b: Talonflame\n|-sidestart|p2: ILoveSelma|move: Tailwind\n|move|p2a: Garchomp|Earthquake|p1b: Typhlosion|[spread] \n|-activate|p1a: Aegislash|move: Wide Guard\n|-activate|p1b: Typhlosion|move: Wide Guard\n|-immune|p2b: Talonflame\n|move|p1b: Typhlosion|Will-O-Wisp|p2a: Garchomp\n|-status|p2a: Garchomp|brn\n|\n|-damage|p2a: Garchomp|95/100 brn|[from] brn\n|upkeep\n|turn|2\n|l| you'reseafood\n|\n|t:|1776161223\n|switch|p2a: Floette|Floette-Eternal, L50, F|100/100\n|switch|p1b: Floette|Floette-Eternal, L50, F, shiny|100/100\n|move|p1a: Aegislash|King's Shield||[still]\n|-fail|p1a: Aegislash\n|move|p2b: Talonflame|Flare Blitz|p1a: Aegislash\n|-supereffective|p1a: Aegislash|1\n|-damage|p1a: Aegislash|18/100\n|-damage|p2b: Talonflame|76/100|[from] Recoil\n|\n|upkeep\n|turn|3\n|\n|t:|1776161245\n|switch|p2b: Maushold|Maushold, L50|100/100\n|detailschange|p2a: Floette|Floette-Mega, L50, F\n|-mega|p2a: Floette|Floette|Floettite\n|-ability|p2a: Floette|Fairy Aura\n|detailschange|p1b: Floette|Floette-Mega, L50, F, shiny\n|-mega|p1b: Floette|Floette|Floettite\n|-ability|p1b: Floette|Fairy Aura\n|move|p1a: Aegislash|Wide Guard|p1a: Aegislash\n|-singleturn|p1a: Aegislash|Wide Guard\n|move|p2a: Floette|Calm Mind|p2a: Floette\n|-boost|p2a: Floette|spa|1\n|-boost|p2a: Floette|spd|1\n|move|p1b: Floette|Light of Ruin|p2a: Floette\n|-damage|p2a: Floette|66/100\n|-damage|p1b: Floette|82/100|[from] Recoil\n|\n|upkeep\n|turn|4\n|j|@Therazer456\n|\n|t:|1776161268\n|move|p1b: Floette|Protect|p1b: Floette\n|-singleturn|p1b: Floette|Protect\n|move|p2b: Maushold|Super Fang|p1b: Floette\n|-activate|p1b: Floette|move: Protect\n|move|p2a: Floette|Moonblast|p1b: Floette\n|-activate|p1b: Floette|move: Protect\n|-formechange|p1a: Aegislash|Aegislash-Blade|\n|move|p1a: Aegislash|Sacred Sword|p2b: Maushold\n|-supereffective|p2b: Maushold|1\n|-damage|p2b: Maushold|14/100\n|\n|-sideend|p2: ILoveSelma|move: Tailwind\n|upkeep\n|turn|5\n|\n|t:|1776161288\n|switch|p1b: Typhlosion|Typhlosion-Hisui, L50, F|100/100\n|-item|p2a: Floette|Floettite|[from] ability: Frisk|[of] p1b: Typhlosion\n|-item|p2b: Maushold|Focus Sash|[from] ability: Frisk|[of] p1b: Typhlosion\n|move|p2b: Maushold|Follow Me|p2b: Maushold\n|-singleturn|p2b: Maushold|move: Follow Me\n|move|p2a: Floette|Calm Mind|p2a: Floette\n|-boost|p2a: Floette|spa|1\n|-boost|p2a: Floette|spd|1\n|move|p1a: Aegislash|Sacred Sword|p2b: Maushold\n|-supereffective|p2b: Maushold|1\n|-damage|p2b: Maushold|0 fnt\n|faint|p2b: Maushold\n|\n|upkeep\n|\n|t:|1776161308\n|switch|p2b: Talonflame|Talonflame, L50, M|76/100\n|turn|6\n|\n|t:|1776161333\n|move|p1a: Aegislash|Wide Guard|p1a: Aegislash\n|-singleturn|p1a: Aegislash|Wide Guard\n|move|p1b: Typhlosion|Eruption|p2b: Talonflame|[spread] p2a,p2b\n|-resisted|p2b: Talonflame|1\n|-crit|p2b: Talonflame\n|-damage|p2a: Floette|45/100\n|-damage|p2b: Talonflame|20/100\n|move|p2b: Talonflame|Tailwind|p2b: Talonflame\n|-sidestart|p2: ILoveSelma|move: Tailwind\n|move|p2a: Floette|Moonblast|p1b: Typhlosion\n|-resisted|p1b: Typhlosion|1\n|-damage|p1b: Typhlosion|0 fnt\n|faint|p1b: Typhlosion\n|\n|upkeep\n|\n|t:|1776161341\n|switch|p1b: Floette|Floette-Mega, L50, F, shiny|82/100\n|-ability|p1b: Floette|Fairy Aura\n|turn|7\n|\n|t:|1776161360\n|move|p1b: Floette|Protect|p1b: Floette\n|-singleturn|p1b: Floette|Protect\n|move|p2b: Talonflame|Flare Blitz|p1a: Aegislash\n|-supereffective|p1a: Aegislash|1\n|-damage|p1a: Aegislash|0 fnt\n|faint|p1a: Aegislash\n|-damage|p2b: Talonflame|15/100|[from] Recoil\n|move|p2a: Floette|Moonblast|p1b: Floette\n|-activate|p1b: Floette|move: Protect\n|\n|upkeep\n|\n|t:|1776161364\n|switch|p1a: Whimsicott|Whimsicott, L50, F, shiny|100/100\n|turn|8\n|\n|t:|1776161385\n|move|p1a: Whimsicott|Tailwind|p1a: Whimsicott\n|-sidestart|p1: ppyyy-inertia|move: Tailwind\n|move|p1b: Floette|Dazzling Gleam|p2a: Floette|[spread] p2a,p2b\n|-resisted|p2b: Talonflame|1\n|-damage|p2a: Floette|30/100\n|-damage|p2b: Talonflame|0 fnt\n|faint|p2b: Talonflame\n|move|p2a: Floette|Dazzling Gleam|p1a: Whimsicott|[spread] p1a,p1b\n|-enditem|p1a: Whimsicott|Focus Sash\n|-damage|p1a: Whimsicott|1/100\n|-damage|p1b: Floette|11/100\n|\n|upkeep\n|\n|t:|1776161396\n|switch|p2b: Garchomp|Garchomp, L50, M|95/100 brn\n|turn|9\n|\n|t:|1776161419\n|move|p1a: Whimsicott|Protect|p1a: Whimsicott\n|-singleturn|p1a: Whimsicott|Protect\n|move|p1b: Floette|Protect|p1b: Floette\n|-singleturn|p1b: Floette|Protect\n|move|p2b: Garchomp|Rock Slide|p1a: Whimsicott|[spread] \n|-activate|p1a: Whimsicott|move: Protect\n|-activate|p1b: Floette|move: Protect\n|move|p2a: Floette|Dazzling Gleam|p1b: Floette|[spread] \n|-activate|p1a: Whimsicott|move: Protect\n|-activate|p1b: Floette|move: Protect\n|\n|-heal|p2b: Garchomp|100/100 brn|[from] item: Leftovers\n|-damage|p2b: Garchomp|95/100 brn|[from] brn\n|-sideend|p2: ILoveSelma|move: Tailwind\n|upkeep\n|turn|10\n|j| gungelix\n|\n|t:|1776161441\n|move|p1a: Whimsicott|Fake Tears|p2a: Floette\n|-unboost|p2a: Floette|spd|2\n|move|p1b: Floette|Dazzling Gleam|p2b: Garchomp|[spread] p2a,p2b\n|-supereffective|p2b: Garchomp|1\n|-damage|p2a: Floette|2/100\n|-damage|p2b: Garchomp|0 fnt\n|faint|p2b: Garchomp\n|move|p2a: Floette|Dazzling Gleam|p1a: Whimsicott|[spread] p1a,p1b\n|-damage|p1a: Whimsicott|0 fnt\n|-damage|p1b: Floette|0 fnt\n|faint|p1a: Whimsicott\n|faint|p1b: Floette\n|\n|win|ILoveSelma\n|n|\u2606ppyyy-inertia|ppyyyinertia\n|n|\u203dILoveSelma|iloveselma\n|n| Therazer456|therazer456\n|n| gungelix|gungelix\n",
  "uploadtime": 1776161446,
  "views": 17,
  "formatid": "gen9championsvgc2026regma",
  "rating": null,
  "private": 0,
  "password": null
}