{
  "id": "gen9championsvgc2026regma-2581028975",
  "format": "[Gen 9 Champions] VGC 2026 Reg M-A",
  "players": [
    "refed",
    "aaron365"
  ],
  "log": "|j|\u2606refed\n|j|\u2606aaron365\n|t:|1775953193\n|gametype|doubles\n|player|p1|refed|169|1066\n|player|p2|aaron365|cyrus-masters|1000\n|gen|9\n|tier|[Gen 9 Champions] VGC 2026 Reg M-A\n|rated|\n|rule|Species Clause: Limit one of each Pok\u00e9mon\n|rule|Item Clause: Limit 1 of each item\n|clearpoke\n|poke|p1|Glimmora, L50, F|\n|poke|p1|Talonflame, L50, F|\n|poke|p1|Rotom-Mow, L50|\n|poke|p1|Gyarados, L50, F|\n|poke|p1|Maushold, L50|\n|poke|p1|Mamoswine, L50, M|\n|poke|p2|Froslass, L50, F|\n|poke|p2|Rotom-Frost, L50|\n|poke|p2|Garchomp, L50, M|\n|poke|p2|Basculegion, L50, M|\n|poke|p2|Orthworm, L50, F|\n|poke|p2|Incineroar, L50, F|\n|teampreview|4\n|inactive|Battle timer is ON: inactive players will automatically lose when time's up. (requested by aaron365)\n|inactive|refed has 60 seconds left.\naaron365 rejected open team sheets.\n|inactive|refed has 30 seconds left.\n|inactive|refed has 20 seconds left.\n|inactive|refed has 15 seconds left.\n|inactive|refed has 10 seconds left.\n|inactive|refed has 5 seconds left.\n|\n|t:|1775953281\n|teamsize|p1|4\n|teamsize|p2|4\n|start\n|switch|p1a: Glimmora|Glimmora, L50, F|100/100\n|switch|p1b: Talonflame|Talonflame, L50, F|100/100\n|switch|p2a: Orthworm|Orthworm, L50, F|100/100\n|switch|p2b: Garchomp|Garchomp, L50, M|100/100\n|turn|1\n|inactive|refed has 30 seconds left.\n|inactive|refed has 20 seconds left.\n|inactive|refed has 15 seconds left.\n|\n|t:|1775953322\n|switch|p1a: Gyarados|Gyarados, L50, F|100/100\n|-ability|p1a: Gyarados|Intimidate|boost\n|-unboost|p2a: Orthworm|atk|1\n|-unboost|p2b: Garchomp|atk|1\n|move|p1b: Talonflame|Flare Blitz|p2a: Orthworm\n|-supereffective|p2a: Orthworm|1\n|-crit|p2a: Orthworm\n|-damage|p2a: Orthworm|6/100\n|-enditem|p2a: Orthworm|Sitrus Berry|[eat]\n|-heal|p2a: Orthworm|30/100|[from] item: Sitrus Berry\n|-damage|p1b: Talonflame|65/100|[from] Recoil\n|move|p2b: Garchomp|Rock Slide|p1a: Gyarados|[spread] p1a,p1b\n|-supereffective|p1a: Gyarados|1\n|-supereffective|p1b: Talonflame|2\n|-damage|p1a: Gyarados|68/100\n|-damage|p1b: Talonflame|0 fnt\n|faint|p1b: Talonflame\n|move|p2a: Orthworm|Shed Tail|p2a: Orthworm\n|-fail|p2a: Orthworm|move: Shed Tail|[weak]\n|\n|upkeep\n|\n|t:|1775953338\n|switch|p1b: Maushold|Maushold, L50|100/100\n|turn|2\n|inactive|refed has 30 seconds left.\n|\n|t:|1775953372\n|move|p1b: Maushold|Follow Me|p1b: Maushold\n|-singleturn|p1b: Maushold|move: Follow Me\n|move|p2b: Garchomp|Earthquake|p1b: Maushold|[spread] p1b\n|-heal|p2a: Orthworm|55/100|[from] ability: Earth Eater|[of] p2b: Garchomp\n|-immune|p1a: Gyarados\n|-damage|p1b: Maushold|70/100\n|move|p1a: Gyarados|Dragon Dance|p1a: Gyarados\n|-boost|p1a: Gyarados|atk|1\n|-boost|p1a: Gyarados|spe|1\n|move|p2a: Orthworm|Shed Tail|p2a: Orthworm\n|-start|p2a: Orthworm|Substitute|[from] move: Shed Tail\n|-damage|p2a: Orthworm|5/100\n|\n|t:|1775953384\n|switch|p2a: Froslass|Froslass, L50, F|100/100|[from] Shed Tail\n|\n|upkeep\n|turn|3\n|inactive|refed has 30 seconds left.\n|inactive|refed has 20 seconds left.\n|\n|t:|1775953421\n|detailschange|p1a: Gyarados|Gyarados-Mega, L50, F\n|-mega|p1a: Gyarados|Gyarados|Gyaradosite\n|-ability|p1a: Gyarados|Mold Breaker\n|detailschange|p2a: Froslass|Froslass-Mega, L50, F\n|-mega|p2a: Froslass|Froslass|Froslassite\n|-weather|Snowscape|[from] ability: Snow Warning|[of] p2a: Froslass\n|move|p1a: Gyarados|Crunch|p2b: Garchomp\n|-damage|p2b: Garchomp|20/100\n|-damage|p1a: Gyarados|55/100|[from] ability: Rough Skin|[of] p2b: Garchomp\n|move|p1b: Maushold|Encore||[still]\n|-fail|p1b: Maushold\n|move|p2a: Froslass|Nasty Plot|p2a: Froslass\n|-boost|p2a: Froslass|spa|2\n|move|p2b: Garchomp|Rock Slide|p1b: Maushold|[spread] p1a,p1b\n|-damage|p1a: Gyarados|47/100\n|-damage|p1b: Maushold|53/100\n|\n|-weather|Snowscape|[upkeep]\n|upkeep\n|turn|4\n|inactive|aaron365 has 30 seconds left.\n|inactive|aaron365 has 20 seconds left.\n|inactive|aaron365 has 15 seconds left.\n|inactive|refed has 30 seconds left.\n|\n|t:|1775953469\n|move|p1a: Gyarados|Waterfall|p2b: Garchomp\n|-damage|p2b: Garchomp|0 fnt\n|-damage|p1a: Gyarados|34/100|[from] ability: Rough Skin|[of] p2b: Garchomp\n|faint|p2b: Garchomp\n|move|p1b: Maushold|Encore|p2a: Froslass\n|-start|p2a: Froslass|Encore\n|move|p2a: Froslass|Nasty Plot|p2a: Froslass\n|-boost|p2a: Froslass|spa|2\n|\n|-weather|Snowscape|[upkeep]\n|upkeep\n|\n|t:|1775953484\n|switch|p2b: Rotom|Rotom-Frost, L50|100/100\n|turn|5\n|\n|t:|1775953497\n|move|p1b: Maushold|Follow Me|p1b: Maushold\n|-singleturn|p1b: Maushold|move: Follow Me\n|move|p1a: Gyarados|Crunch|p2b: Rotom\n|-damage|p2b: Rotom|32/100\n|move|p2a: Froslass|Nasty Plot|p2a: Froslass\n|-boost|p2a: Froslass|spa|2\n|move|p2b: Rotom|Thunderbolt|p1b: Maushold\n|-damage|p1b: Maushold|2/100\n|\n|-weather|Snowscape|[upkeep]\n|upkeep\n|turn|6\n|\n|t:|1775953516\n|move|p2b: Rotom|Protect|p2b: Rotom\n|-singleturn|p2b: Rotom|Protect\n|move|p1b: Maushold|Feint|p2b: Rotom\n|-activate|p2b: Rotom|move: Feint\n|-damage|p2b: Rotom|24/100\n|move|p1a: Gyarados|Crunch|p2b: Rotom\n|-damage|p2b: Rotom|0 fnt\n|faint|p2b: Rotom\n|move|p2a: Froslass|Nasty Plot|p2a: Froslass\n|-boost|p2a: Froslass|spa|0\n|\n|-weather|Snowscape|[upkeep]\n|-end|p2a: Froslass|Encore\n|upkeep\n|\n|t:|1775953524\n|switch|p2b: Orthworm|Orthworm, L50, F|5/100\n|turn|7\n|\n|t:|1775953535\n|move|p1a: Gyarados|Waterfall|p2b: Orthworm\n|-damage|p2b: Orthworm|0 fnt\n|faint|p2b: Orthworm\n|move|p1b: Maushold|Encore|p2a: Froslass\n|-start|p2a: Froslass|Encore\n|move|p2a: Froslass|Nasty Plot|p2a: Froslass\n|-boost|p2a: Froslass|spa|0\n|\n|-weather|none\n|upkeep\n|turn|8\n|-message|aaron365 forfeited.\n|\n|win|refed\n|raw|refed's rating: 1066 &rarr; <strong>1090</strong><br />(+24 for winning)\n|raw|aaron365's rating: 1000 &rarr; <strong>1000</strong><br />(+0 for losing)\n|l|\u2606aaron365\n|player|p2|\n",
  "uploadtime": 1775953560,
  "views": 23,
  "formatid": "gen9championsvgc2026regma",
  "rating": 1000,
  "private": 0,
  "password": null
}