{
  "id": "gen9championsvgc2026regma-2580731571",
  "format": "[Gen 9 Champions] VGC 2026 Reg M-A",
  "players": [
    "w4toto",
    "Tzucci"
  ],
  "log": "|j|\u2606w4toto\n|j|\u2606Tzucci\n|t:|1775927903\n|gametype|doubles\n|player|p1|w4toto|volkner|\n|player|p2|Tzucci|elesa|\n|gen|9\n|tier|[Gen 9 Champions] VGC 2026 Reg M-A\n|rule|Species Clause: Limit one of each Pok\u00e9mon\n|rule|Item Clause: Limit 1 of each item\n|clearpoke\n|poke|p1|Charizard, L50, F|\n|poke|p1|Venusaur, L50, F|\n|poke|p1|Whimsicott, L50, M|\n|poke|p1|Gengar, L50, F|\n|poke|p1|Alakazam, L50, F|\n|poke|p1|Incineroar, L50, M|\n|poke|p2|Forretress, L50, F|\n|poke|p2|Tyranitar, L50, M|\n|poke|p2|Incineroar, L50, F|\n|poke|p2|Mimikyu, L50, F|\n|poke|p2|Whimsicott, L50, F|\n|poke|p2|Dragapult, L50, F|\n|teampreview|4\n|inactive|Battle timer is ON: inactive players will automatically lose when time's up. (requested by w4toto)\n|\n|t:|1775927927\n|teamsize|p1|4\n|teamsize|p2|4\n|start\n|switch|p1a: Incineroar|Incineroar, L50, M|100/100\n|switch|p1b: Whimsicott|Whimsicott, L50, M|100/100\n|switch|p2a: Forretress|Forretress, L50, F|100/100\n|switch|p2b: GOJIRA|Tyranitar, L50, M|100/100\n|-weather|Sandstorm|[from] ability: Sand Stream|[of] p2b: GOJIRA\n|-ability|p1a: Incineroar|Intimidate|boost\n|-unboost|p2a: Forretress|atk|1\n|-unboost|p2b: GOJIRA|atk|1\n|turn|1\n|\n|t:|1775927944\n|move|p2b: GOJIRA|Protect|p2b: GOJIRA\n|-singleturn|p2b: GOJIRA|Protect\n|move|p1a: Incineroar|Fake Out|p2a: Forretress\n|-resisted|p2a: Forretress|1\n|-damage|p2a: Forretress|98/100\n|move|p1b: Whimsicott|Tailwind|p1b: Whimsicott\n|-sidestart|p1: w4toto|move: Tailwind\n|cant|p2a: Forretress|flinch\n|\n|-weather|Sandstorm|[upkeep]\n|-damage|p1b: Whimsicott|95/100|[from] Sandstorm\n|-damage|p1a: Incineroar|95/100|[from] Sandstorm\n|-heal|p1a: Incineroar|100/100|[from] item: Leftovers\n|-heal|p2a: Forretress|100/100|[from] item: Leftovers\n|upkeep\n|turn|2\n|\n|t:|1775927966\n|switch|p2b: Incineroar|Incineroar, L50, F|100/100\n|-ability|p2b: Incineroar|Intimidate|boost\n|-unboost|p1a: Incineroar|atk|1\n|-unboost|p1b: Whimsicott|atk|1\n|move|p1b: Whimsicott|Taunt|p2a: Forretress\n|-start|p2a: Forretress|move: Taunt\n|move|p1a: Incineroar|Parting Shot|p2b: Incineroar\n|-unboost|p2b: Incineroar|atk|1\n|-unboost|p2b: Incineroar|spa|1\n|\n|t:|1775927983\n|switch|p1a: Gengar|Gengar, L50, F|100/100|[from] Parting Shot\n|move|p2a: Forretress|Body Press|p1a: Gengar\n|-immune|p1a: Gengar\n|\n|-weather|Sandstorm|[upkeep]\n|-damage|p1a: Gengar|95/100|[from] Sandstorm\n|-damage|p1b: Whimsicott|89/100|[from] Sandstorm\n|-damage|p2b: Incineroar|95/100|[from] Sandstorm\n|upkeep\n|turn|3\n|inactive|w4toto has 30 seconds left.\n|inactive|Tzucci has 30 seconds left.\n|inactive|w4toto has 20 seconds left.\n|inactive|w4toto has 15 seconds left.\n|inactive|w4toto has 10 seconds left.\n|\n|t:|1775928029\n|switch|p1b: Incineroar|Incineroar, L50, M|100/100\n|-ability|p1b: Incineroar|Intimidate|boost\n|-unboost|p2a: Forretress|atk|1\n|-unboost|p2b: Incineroar|atk|1\n|detailschange|p1a: Gengar|Gengar-Mega, L50, F\n|-mega|p1a: Gengar|Gengar|Gengarite\n|move|p1a: Gengar|Sludge Bomb|p2b: Incineroar\n|-damage|p2b: Incineroar|46/100\n|-status|p2b: Incineroar|psn\n|move|p2b: Incineroar|Darkest Lariat|p1a: Gengar\n|-supereffective|p1a: Gengar|1\n|-damage|p1a: Gengar|38/100\n|move|p2a: Forretress|Volt Switch|p1a: Gengar\n|-damage|p1a: Gengar|23/100\n|\n|t:|1775928050\n|switch|p2a: Whimsicott|Whimsicott, L50, F, shiny|100/100|[from] Volt Switch\n|\n|-weather|Sandstorm|[upkeep]\n|-damage|p1a: Gengar|17/100|[from] Sandstorm\n|-damage|p1b: Incineroar|95/100|[from] Sandstorm\n|-damage|p2a: Whimsicott|95/100|[from] Sandstorm\n|-damage|p2b: Incineroar|40/100 psn|[from] Sandstorm\n|-heal|p1b: Incineroar|100/100|[from] item: Leftovers\n|-damage|p2b: Incineroar|27/100 psn|[from] psn\n|upkeep\n|turn|4\n|\n|t:|1775928067\n|move|p1b: Incineroar|Fake Out|p2b: Incineroar\n|-damage|p2b: Incineroar|19/100 psn\n|move|p2a: Whimsicott|Tailwind|p2a: Whimsicott\n|-sidestart|p2: Tzucci|move: Tailwind\n|move|p1a: Gengar|Sludge Bomb|p2a: Whimsicott\n|-supereffective|p2a: Whimsicott|2\n|-damage|p2a: Whimsicott|0 fnt\n|faint|p2a: Whimsicott\n|cant|p2b: Incineroar|flinch\n|\n|-weather|Sandstorm|[upkeep]\n|-damage|p1a: Gengar|11/100|[from] Sandstorm\n|-damage|p1b: Incineroar|95/100|[from] Sandstorm\n|-damage|p2b: Incineroar|13/100 psn|[from] Sandstorm\n|-heal|p1b: Incineroar|100/100|[from] item: Leftovers\n|-damage|p2b: Incineroar|1/100 psn|[from] psn\n|-sideend|p1: w4toto|move: Tailwind\n|upkeep\n|\n|t:|1775928082\n|switch|p2a: Forretress|Forretress, L50, F|100/100\n|turn|5\n|\n|t:|1775928099\n|move|p1a: Gengar|Protect|p1a: Gengar\n|-singleturn|p1a: Gengar|Protect\n|move|p2b: Incineroar|Darkest Lariat|p1a: Gengar\n|-activate|p1a: Gengar|move: Protect\n|move|p2a: Forretress|Body Press|p1b: Incineroar\n|-supereffective|p1b: Incineroar|1\n|-damage|p1b: Incineroar|52/100\n|move|p1b: Incineroar|Flare Blitz|p2a: Forretress\n|-supereffective|p2a: Forretress|2\n|-crit|p2a: Forretress\n|-damage|p2a: Forretress|0 fnt\n|faint|p2a: Forretress\n|-damage|p1b: Incineroar|24/100|[from] Recoil\n|\n|-weather|none\n|-heal|p1b: Incineroar|30/100|[from] item: Leftovers\n|-damage|p2b: Incineroar|0 fnt|[from] psn\n|faint|p2b: Incineroar\n|upkeep\n|\n|t:|1775928117\n|switch|p2b: GOJIRA|Tyranitar, L50, M|100/100\n|-weather|Sandstorm|[from] ability: Sand Stream|[of] p2b: GOJIRA\n|turn|6\n|\n|t:|1775928131\n|detailschange|p2b: GOJIRA|Tyranitar-Mega, L50, M\n|-mega|p2b: GOJIRA|Tyranitar|Tyranitarite\n|move|p2b: GOJIRA|Rock Slide|p1a: Gengar|[spread] p1a\n|-miss|p2b: GOJIRA|p1b: Incineroar\n|-damage|p1a: Gengar|0 fnt\n|faint|p1a: Gengar\n|move|p1b: Incineroar|Parting Shot|p2b: GOJIRA\n|-unboost|p2b: GOJIRA|atk|1\n|-unboost|p2b: GOJIRA|spa|1\n|\n|t:|1775928139\n|switch|p1b: Whimsicott|Whimsicott, L50, M|89/100|[from] Parting Shot\n|\n|-weather|Sandstorm|[upkeep]\n|-damage|p1b: Whimsicott|83/100|[from] Sandstorm\n|upkeep\n|\n|t:|1775928142\n|switch|p1a: Incineroar|Incineroar, L50, M|30/100\n|-ability|p1a: Incineroar|Intimidate|boost\n|-unboost|p2b: GOJIRA|atk|1\n|turn|7\n|\n|t:|1775928152\n|move|p1a: Incineroar|Fake Out|p2b: GOJIRA\n|-resisted|p2b: GOJIRA|1\n|-damage|p2b: GOJIRA|98/100\n|move|p1b: Whimsicott|Tailwind|p1b: Whimsicott\n|-sidestart|p1: w4toto|move: Tailwind\n|cant|p2b: GOJIRA|flinch\n|\n|-weather|Sandstorm|[upkeep]\n|-damage|p1b: Whimsicott|77/100|[from] Sandstorm\n|-damage|p1a: Incineroar|24/100|[from] Sandstorm\n|-heal|p1a: Incineroar|30/100|[from] item: Leftovers\n|-sideend|p2: Tzucci|move: Tailwind\n|upkeep\n|turn|8\n|\n|t:|1775928162\n|move|p1b: Whimsicott|Protect|p1b: Whimsicott\n|-singleturn|p1b: Whimsicott|Protect\n|move|p1a: Incineroar|Parting Shot|p2b: GOJIRA\n|-unboost|p2b: GOJIRA|atk|1\n|-unboost|p2b: GOJIRA|spa|1\n|\n|t:|1775928170\n|switch|p1a: Charizard|Charizard, L50, F|100/100|[from] Parting Shot\n|move|p2b: GOJIRA|Rock Slide|p1a: Charizard|[spread] p1a\n|-activate|p1b: Whimsicott|move: Protect\n|-supereffective|p1a: Charizard|2\n|-damage|p1a: Charizard|23/100\n|\n|-weather|Sandstorm|[upkeep]\n|-damage|p1b: Whimsicott|71/100|[from] Sandstorm\n|-damage|p1a: Charizard|17/100|[from] Sandstorm\n|upkeep\n|turn|9\n|\n|t:|1775928189\n|switch|p1a: Incineroar|Incineroar, L50, M|30/100\n|-ability|p1a: Incineroar|Intimidate|boost\n|-unboost|p2b: GOJIRA|atk|1\n|move|p1b: Whimsicott|Taunt|p2b: GOJIRA\n|-hint|Since gen 7, Dark is immune to Prankster moves.\n|-immune|p2b: GOJIRA\n|move|p2b: GOJIRA|Rock Slide|p1a: Incineroar|[spread] p1a\n|-miss|p2b: GOJIRA|p1b: Whimsicott\n|-supereffective|p1a: Incineroar|1\n|-damage|p1a: Incineroar|14/100\n|\n|-weather|Sandstorm|[upkeep]\n|-damage|p1b: Whimsicott|65/100|[from] Sandstorm\n|-damage|p1a: Incineroar|8/100|[from] Sandstorm\n|-heal|p1a: Incineroar|14/100|[from] item: Leftovers\n|upkeep\n|turn|10\n|\n|t:|1775928211\n|move|p1b: Whimsicott|Protect|p1b: Whimsicott\n|-singleturn|p1b: Whimsicott|Protect\n|move|p1a: Incineroar|Fake Out|p2b: GOJIRA\n|-resisted|p2b: GOJIRA|1\n|-damage|p2b: GOJIRA|95/100\n|cant|p2b: GOJIRA|flinch\n|\n|-weather|none\n|-heal|p1a: Incineroar|20/100|[from] item: Leftovers\n|-sideend|p1: w4toto|move: Tailwind\n|upkeep\n|turn|11\n|\n|t:|1775928228\n|move|p1b: Whimsicott|Encore|p2b: GOJIRA\n|-hint|Since gen 7, Dark is immune to Prankster moves.\n|-immune|p2b: GOJIRA\n|move|p2b: GOJIRA|Rock Slide|p1a: Incineroar|[spread] p1b\n|-miss|p2b: GOJIRA|p1a: Incineroar\n|-damage|p1b: Whimsicott|50/100\n|move|p1a: Incineroar|Parting Shot|p2b: GOJIRA\n|-unboost|p2b: GOJIRA|atk|1\n|-unboost|p2b: GOJIRA|spa|1\n|\n|t:|1775928237\n|switch|p1a: Charizard|Charizard, L50, F|17/100|[from] Parting Shot\n|\n|upkeep\n|turn|12\n|\n|t:|1775928246\n|switch|p1a: Incineroar|Incineroar, L50, M|20/100\n|-ability|p1a: Incineroar|Intimidate|boost\n|-unboost|p2b: GOJIRA|atk|1\n|move|p1b: Whimsicott|Tailwind|p1b: Whimsicott\n|-sidestart|p1: w4toto|move: Tailwind\n|move|p2b: GOJIRA|Rock Slide|p1a: Incineroar|[spread] p1b\n|-miss|p2b: GOJIRA|p1a: Incineroar\n|-damage|p1b: Whimsicott|39/100\n|\n|-heal|p1a: Incineroar|26/100|[from] item: Leftovers\n|upkeep\n|turn|13\n|inactive|w4toto has 30 seconds left.\n|\n|t:|1775928275\n|move|p1b: Whimsicott|Protect|p1b: Whimsicott\n|-singleturn|p1b: Whimsicott|Protect\n|move|p1a: Incineroar|Fake Out|p2b: GOJIRA\n|-resisted|p2b: GOJIRA|1\n|-damage|p2b: GOJIRA|92/100\n|cant|p2b: GOJIRA|flinch\n|\n|-heal|p1a: Incineroar|32/100|[from] item: Leftovers\n|upkeep\n|turn|14\n|\n|t:|1775928293\n|move|p1b: Whimsicott|Encore|p2b: GOJIRA\n|-hint|Since gen 7, Dark is immune to Prankster moves.\n|-immune|p2b: GOJIRA\n|move|p1a: Incineroar|Throat Chop|p2b: GOJIRA\n|-resisted|p2b: GOJIRA|1\n|-damage|p2b: GOJIRA|81/100\n|-start|p2b: GOJIRA|Throat Chop|[silent]\n|move|p2b: GOJIRA|Rock Slide|p1a: Incineroar|[spread] p1b\n|-miss|p2b: GOJIRA|p1a: Incineroar\n|-damage|p1b: Whimsicott|29/100\n|\n|-heal|p1a: Incineroar|38/100|[from] item: Leftovers\n|upkeep\n|turn|15\n|inactive|w4toto has 30 seconds left.\n|\n|t:|1775928322\n|move|p1b: Whimsicott|Protect|p1b: Whimsicott\n|-singleturn|p1b: Whimsicott|Protect\n|move|p1a: Incineroar|Throat Chop|p2b: GOJIRA\n|-resisted|p2b: GOJIRA|1\n|-damage|p2b: GOJIRA|73/100\n|move|p2b: GOJIRA|Rock Slide|p1b: Whimsicott|[spread] p1a\n|-activate|p1b: Whimsicott|move: Protect\n|-supereffective|p1a: Incineroar|1\n|-damage|p1a: Incineroar|25/100\n|\n|-heal|p1a: Incineroar|31/100|[from] item: Leftovers\n|-end|p2b: GOJIRA|Throat Chop|[silent]\n|-sideend|p1: w4toto|move: Tailwind\n|upkeep\n|turn|16\n|inactive|w4toto has 30 seconds left.\n|\n|t:|1775928347\n|move|p1b: Whimsicott|Encore|p2b: GOJIRA\n|-hint|Since gen 7, Dark is immune to Prankster moves.\n|-immune|p2b: GOJIRA\n|move|p2b: GOJIRA|Brick Break|p1a: Incineroar\n|-supereffective|p1a: Incineroar|1\n|-damage|p1a: Incineroar|18/100\n|move|p1a: Incineroar|Parting Shot|p2b: GOJIRA\n|-unboost|p2b: GOJIRA|atk|0\n|-unboost|p2b: GOJIRA|spa|1\n|\n|t:|1775928356\n|switch|p1a: Charizard|Charizard, L50, F|17/100|[from] Parting Shot\n|\n|upkeep\n|turn|17\n|\n|t:|1775928370\n|switch|p1a: Incineroar|Incineroar, L50, M|18/100\n|-ability|p1a: Incineroar|Intimidate|boost\n|-unboost|p2b: GOJIRA|atk|0\n|move|p1b: Whimsicott|Tailwind|p1b: Whimsicott\n|-sidestart|p1: w4toto|move: Tailwind\n|move|p2b: GOJIRA|Rock Slide|p1a: Incineroar|[spread] p1b\n|-miss|p2b: GOJIRA|p1a: Incineroar\n|-damage|p1b: Whimsicott|19/100\n|\n|-heal|p1a: Incineroar|24/100|[from] item: Leftovers\n|upkeep\n|turn|18\n|\n|t:|1775928383\n|move|p1b: Whimsicott|Protect|p1b: Whimsicott\n|-singleturn|p1b: Whimsicott|Protect\n|move|p1a: Incineroar|Fake Out|p2b: GOJIRA\n|-resisted|p2b: GOJIRA|1\n|-damage|p2b: GOJIRA|69/100\n|cant|p2b: GOJIRA|flinch\n|\n|-heal|p1a: Incineroar|30/100|[from] item: Leftovers\n|upkeep\n|turn|19\n|inactive|w4toto has 30 seconds left.\n|\n|t:|1775928412\n|move|p1b: Whimsicott|Encore|p2b: GOJIRA\n|-hint|Since gen 7, Dark is immune to Prankster moves.\n|-immune|p2b: GOJIRA\n|move|p1a: Incineroar|Throat Chop|p2b: GOJIRA\n|-resisted|p2b: GOJIRA|1\n|-damage|p2b: GOJIRA|59/100\n|-start|p2b: GOJIRA|Throat Chop|[silent]\n|move|p2b: GOJIRA|Rock Slide|p1b: Whimsicott|[spread] p1a,p1b\n|-supereffective|p1a: Incineroar|1\n|-damage|p1a: Incineroar|17/100\n|-damage|p1b: Whimsicott|8/100\n|\n|-heal|p1a: Incineroar|23/100|[from] item: Leftovers\n|upkeep\n|turn|20\n|\n|t:|1775928427\n|move|p1b: Whimsicott|Protect|p1b: Whimsicott\n|-singleturn|p1b: Whimsicott|Protect\n|move|p1a: Incineroar|Throat Chop|p2b: GOJIRA\n|-resisted|p2b: GOJIRA|1\n|-damage|p2b: GOJIRA|49/100\n|move|p2b: GOJIRA|Brick Break|p1a: Incineroar\n|-supereffective|p1a: Incineroar|1\n|-damage|p1a: Incineroar|10/100\n|\n|-heal|p1a: Incineroar|16/100|[from] item: Leftovers\n|-end|p2b: GOJIRA|Throat Chop|[silent]\n|-sideend|p1: w4toto|move: Tailwind\n|upkeep\n|turn|21\n|\n|t:|1775928440\n|move|p1b: Whimsicott|Tailwind|p1b: Whimsicott\n|-sidestart|p1: w4toto|move: Tailwind\n|move|p1a: Incineroar|Throat Chop|p2b: GOJIRA\n|-resisted|p2b: GOJIRA|1\n|-damage|p2b: GOJIRA|39/100\n|-start|p2b: GOJIRA|Throat Chop|[silent]\n|move|p2b: GOJIRA|Rock Slide|p1b: Whimsicott|[spread] p1a,p1b\n|-supereffective|p1a: Incineroar|1\n|-damage|p1a: Incineroar|3/100\n|-damage|p1b: Whimsicott|0 fnt\n|faint|p1b: Whimsicott\n|\n|-heal|p1a: Incineroar|9/100|[from] item: Leftovers\n|upkeep\n|\n|t:|1775928452\n|switch|p1b: Charizard|Charizard, L50, F|17/100\n|turn|22\n|\n|t:|1775928467\n|move|p1b: Charizard|Air Slash|p2b: GOJIRA\n|-resisted|p2b: GOJIRA|1\n|-damage|p2b: GOJIRA|27/100\n|move|p1a: Incineroar|Throat Chop|p2b: GOJIRA\n|-resisted|p2b: GOJIRA|1\n|-damage|p2b: GOJIRA|18/100\n|move|p2b: GOJIRA|Rock Slide|p1b: Charizard|[spread] p1a,p1b\n|-supereffective|p1a: Incineroar|1\n|-supereffective|p1b: Charizard|2\n|-damage|p1a: Incineroar|0 fnt\n|-damage|p1b: Charizard|0 fnt\n|faint|p1a: Incineroar\n|faint|p1b: Charizard\n|\n|win|Tzucci\n|l|\u2606w4toto\n|player|p1|\n|j|\u2606w4toto\n|player|p1|w4toto|volkner|\n",
  "uploadtime": 1775928486,
  "views": 13,
  "formatid": "gen9championsvgc2026regma",
  "rating": null,
  "private": 0,
  "password": null
}