{
  "id": "gen9championsvgc2026regma-2587874412",
  "format": "[Gen 9 Champions] VGC 2026 Reg M-A",
  "players": [
    "yamede\u86c7\u5982",
    "yumimoto"
  ],
  "log": "|j|\u2606yamede\u86c7\u5982\n|j|\u203dyumimoto\n|t:|1776573260\n|gametype|doubles\n|player|p1|yamede\u86c7\u5982|2|1593\n|player|p2|yumimoto|lucas|1648\n|gen|9\n|tier|[Gen 9 Champions] VGC 2026 Reg M-A\n|rated|\n|rule|Species Clause: Limit one of each Pok\u00e9mon\n|rule|Item Clause: Limit 1 of each item\n|clearpoke\n|poke|p1|Tyranitar, L50, F|\n|poke|p1|Milotic, L50, F, shiny|\n|poke|p1|Excadrill, L50, F|\n|poke|p1|Meganium, L50, F, shiny|\n|poke|p1|Incineroar, L50, M|\n|poke|p1|Sinistcha, L50|\n|poke|p2|Charizard, L50, M|\n|poke|p2|Scovillain, L50, F|\n|poke|p2|Aegislash, L50, F|\n|poke|p2|Kingambit, L50, F|\n|poke|p2|Basculegion-F, L50, F|\n|poke|p2|Sylveon, L50, M|\n|teampreview|4\n|inactive|Battle timer is ON: inactive players will automatically lose when time's up. (requested by yamede\u86c7\u5982)\n|inactive|yamede\u86c7\u5982 has 60 seconds left.\n|inactive|yumimoto has 60 seconds left.\n|\n|t:|1776573323\n|teamsize|p1|4\n|teamsize|p2|4\n|start\n|switch|p1a: Meganium|Meganium, L50, F, shiny|100/100\n|switch|p1b: Incineroar|Incineroar, L50, M|100/100\n|switch|p2a: Scovillain|Scovillain, L50, F|100/100\n|switch|p2b: Basculegion|Basculegion-F, L50, F|100/100\n|-ability|p1b: Incineroar|Intimidate|boost\n|-unboost|p2a: Scovillain|atk|1\n|-unboost|p2b: Basculegion|atk|1\n|turn|1\n|inactive|yamede\u86c7\u5982 has 30 seconds left.\n|\n|t:|1776573349\n|detailschange|p1a: Meganium|Meganium-Mega, L50, F, shiny\n|-mega|p1a: Meganium|Meganium|Meganiumite\n|detailschange|p2a: Scovillain|Scovillain-Mega, L50, F\n|-mega|p2a: Scovillain|Scovillain|Scovillainite\n|move|p1b: Incineroar|Protect|p1b: Incineroar\n|-singleturn|p1b: Incineroar|Protect\n|move|p2b: Basculegion|Hydro Pump|p1b: Incineroar\n|-activate|p1b: Incineroar|move: Protect\n|move|p1a: Meganium|Solar Beam||[still]\n|-prepare|p1a: Meganium|Solar Beam\n|-activate|p1a: Meganium|ability: Mega Sol\n|-anim|p1a: Meganium|Solar Beam|p2b: Basculegion\n|-supereffective|p2b: Basculegion|1\n|-crit|p2b: Basculegion\n|-damage|p2b: Basculegion|0 fnt\n|faint|p2b: Basculegion\n|move|p2a: Scovillain|Overheat|p1a: Meganium|[miss]\n|-miss|p2a: Scovillain|p1a: Meganium\n|\n|upkeep\n|\n|t:|1776573367\n|switch|p2b: Kingambit|Kingambit, L50, F|100/100\n|turn|2\n|inactive|yamede\u86c7\u5982 has 30 seconds left.\n|inactive|yamede\u86c7\u5982 has 20 seconds left.\n|inactive|yamede\u86c7\u5982 has 15 seconds left.\n|inactive|yamede\u86c7\u5982 has 10 seconds left.\n|inactive|yamede\u86c7\u5982 has 5 seconds left.\n|\n|t:|1776573419\n|move|p1a: Meganium|Weather Ball|p2a: Scovillain\n|-damage|p2a: Scovillain|34/100\n|-status|p1a: Meganium|brn|[from] ability: Spicy Spray|[of] p2a: Scovillain\n|move|p2a: Scovillain|Overheat|p1a: Meganium|[miss]\n|-miss|p2a: Scovillain|p1a: Meganium\n|move|p1b: Incineroar|Flare Blitz|p2a: Scovillain\n|-damage|p2a: Scovillain|0 fnt\n|-immune|p1b: Incineroar\n|faint|p2a: Scovillain\n|-damage|p1b: Incineroar|91/100|[from] Recoil\n|move|p2b: Kingambit|Low Kick|p1b: Incineroar\n|-supereffective|p1b: Incineroar|1\n|-crit|p1b: Incineroar\n|-damage|p1b: Incineroar|22/100\n|\n|-damage|p1a: Meganium|95/100 brn|[from] brn\n|upkeep\n|\n|t:|1776573436\n|switch|p2a: Sylveon|Sylveon, L50, M|100/100\n|turn|3\n|inactive|yamede\u86c7\u5982 has 30 seconds left.\n|inactive|yamede\u86c7\u5982 has 20 seconds left.\n|inactive|yamede\u86c7\u5982 has 15 seconds left.\n|inactive|yamede\u86c7\u5982 has 10 seconds left.\n|\n|t:|1776573484\n|switch|p1a: Sinistcha|Sinistcha, L50|100/100\n|-heal|p1b: Incineroar|47/100|[from] ability: Hospitality|[of] p1a: Sinistcha\n|move|p2a: Sylveon|Hyper Voice|p1a: Sinistcha|[spread] p1a,p1b\n|-damage|p1a: Sinistcha|61/100\n|-damage|p1b: Incineroar|4/100\n|move|p1b: Incineroar|Flare Blitz|p2b: Kingambit\n|-supereffective|p2b: Kingambit|1\n|-damage|p2b: Kingambit|17/100\n|-damage|p1b: Incineroar|0 fnt|[from] Recoil\n|faint|p1b: Incineroar\n|move|p2b: Kingambit|Iron Head|p1a: Sinistcha\n|-damage|p1a: Sinistcha|18/100\n|-enditem|p1a: Sinistcha|Sitrus Berry|[eat]\n|-heal|p1a: Sinistcha|43/100|[from] item: Sitrus Berry\n|\n|upkeep\n|\n|t:|1776573498\n|switch|p1b: Meganium|Meganium-Mega, L50, F, shiny|95/100 brn\n|turn|4\n|\n|t:|1776573519\n|switch|p1a: Tyranitar|Tyranitar, L50, F|100/100\n|-weather|Sandstorm|[from] ability: Sand Stream|[of] p1a: Tyranitar\n|move|p1b: Meganium|Dazzling Gleam|p2a: Sylveon|[spread] p2a,p2b\n|-crit|p2b: Kingambit\n|-damage|p2a: Sylveon|77/100\n|-damage|p2b: Kingambit|0 fnt\n|faint|p2b: Kingambit\n|move|p2a: Sylveon|Hyper Voice|p1a: Tyranitar|[spread] p1a,p1b\n|-supereffective|p1a: Tyranitar|1\n|-damage|p1a: Tyranitar|29/100\n|-damage|p1b: Meganium|45/100 brn\n|\n|-weather|Sandstorm|[upkeep]\n|-damage|p1b: Meganium|39/100 brn|[from] Sandstorm\n|-damage|p2a: Sylveon|71/100|[from] Sandstorm\n|-damage|p1b: Meganium|34/100 brn|[from] brn\n|upkeep\n|turn|5\n|-message|yumimoto forfeited.\n|\n|win|yamede\u86c7\u5982\n|raw|yamede\u86c7\u5982's rating: 1593 &rarr; <strong>1616</strong><br />(+23 for winning)\n|raw|yumimoto's rating: 1648 &rarr; <strong>1625</strong><br />(-23 for losing)\n|l|\u203dyumimoto\n|player|p2|\n|l|\u2606yamede\u86c7\u5982\n|player|p1|\n",
  "uploadtime": 1776573643,
  "views": 50,
  "formatid": "gen9championsvgc2026regma",
  "rating": 1616,
  "private": 0,
  "password": null
}