{
  "id": "gen9championsvgc2026regma-2582163968",
  "format": "[Gen 9 Champions] VGC 2026 Reg M-A",
  "players": [
    "DVDGamer19",
    "moth.o"
  ],
  "log": "|j|\u203dDVDGamer19\n|j|\u2606moth.o\n|t:|1776066157\n|gametype|doubles\n|player|p1|DVDGamer19|falkner|1083\n|player|p2|moth.o|roxie|1012\n|gen|9\n|tier|[Gen 9 Champions] VGC 2026 Reg M-A\n|rated|\n|rule|Species Clause: Limit one of each Pok\u00e9mon\n|rule|Item Clause: Limit 1 of each item\n|clearpoke\n|poke|p1|Gengar, L50, M|\n|poke|p1|Politoed, L50, M|\n|poke|p1|Archaludon, L50, M|\n|poke|p1|Incineroar, L50, M|\n|poke|p1|Sinistcha, L50|\n|poke|p1|Kingambit, L50, M|\n|poke|p2|Glimmora, L50, F|\n|poke|p2|Talonflame, L50, F|\n|poke|p2|Chesnaught, L50, F|\n|poke|p2|Garchomp, L50, M|\n|poke|p2|Farigiraf, L50, M|\n|poke|p2|Chandelure, L50, M|\n|teampreview|4\n|\n|t:|1776066206\n|teamsize|p1|4\n|teamsize|p2|4\n|start\n|switch|p1a: Politoed|Politoed, L50, M|100/100\n|switch|p1b: Incineroar|Incineroar, L50, M|100/100\n|switch|p2a: Talonflame|Talonflame, L50, F|100/100\n|switch|p2b: Garchomp|Garchomp, L50, M|100/100\n|-weather|RainDance|[from] ability: Drizzle|[of] p1a: Politoed\n|-ability|p1b: Incineroar|Intimidate|boost\n|-unboost|p2a: Talonflame|atk|1\n|-unboost|p2b: Garchomp|atk|1\n|-enditem|p2b: Garchomp|White Herb\n|-clearnegativeboost|p2b: Garchomp|[silent]\n|turn|1\n|\n|t:|1776066223\n|move|p2a: Talonflame|Quick Guard|p2a: Talonflame\n|-singleturn|p2a: Talonflame|Quick Guard\n|move|p1b: Incineroar|Fake Out|p2a: Talonflame\n|-activate|p2a: Talonflame|move: Quick Guard\n|move|p2b: Garchomp|Earthquake|p1b: Incineroar|[spread] p1a,p1b\n|-immune|p2a: Talonflame\n|-supereffective|p1b: Incineroar|1\n|-damage|p1a: Politoed|47/100\n|-damage|p1b: Incineroar|25/100\n|-enditem|p1b: Incineroar|Sitrus Berry|[eat]\n|-heal|p1b: Incineroar|50/100|[from] item: Sitrus Berry\n|move|p1a: Politoed|Icy Wind|p2b: Garchomp|[spread] p2a,p2b\n|-crit|p2a: Talonflame\n|-supereffective|p2b: Garchomp|2\n|-damage|p2a: Talonflame|74/100\n|-damage|p2b: Garchomp|46/100\n|-unboost|p2a: Talonflame|spe|1\n|-unboost|p2b: Garchomp|spe|1\n|\n|-weather|RainDance|[upkeep]\n|upkeep\n|turn|2\n|\n|t:|1776066244\n|switch|p1b: Sinistcha|Sinistcha, L50|100/100\n|-heal|p1a: Politoed|71/100|[from] ability: Hospitality|[of] p1b: Sinistcha\n|move|p1a: Politoed|Icy Wind|p2b: Garchomp|[spread] p2a,p2b\n|-supereffective|p2b: Garchomp|2\n|-damage|p2a: Talonflame|55/100\n|-damage|p2b: Garchomp|0 fnt\n|-unboost|p2a: Talonflame|spe|1\n|faint|p2b: Garchomp\n|move|p2a: Talonflame|Tailwind|p2a: Talonflame\n|-sidestart|p2: moth.o|move: Tailwind\n|\n|-weather|RainDance|[upkeep]\n|upkeep\n|\n|t:|1776066261\n|switch|p2b: Chesnaught|Chesnaught, L50, F|100/100\n|turn|3\n|\n|t:|1776066273\n|switch|p2a: Chandelure|Chandelure, L50, M|100/100\n|switch|p1b: Gengar|Gengar, L50, M|100/100\n|move|p2b: Chesnaught|Wood Hammer|p1a: Politoed\n|-supereffective|p1a: Politoed|1\n|-damage|p1a: Politoed|0 fnt\n|faint|p1a: Politoed\n|-damage|p2b: Chesnaught|80/100|[from] Recoil\n|\n|-weather|RainDance|[upkeep]\n|-heal|p2b: Chesnaught|87/100|[from] item: Leftovers\n|upkeep\n|\n|t:|1776066281\n|switch|p1a: Incineroar|Incineroar, L50, M|50/100\n|-ability|p1a: Incineroar|Intimidate|boost\n|-unboost|p2a: Chandelure|atk|1\n|-unboost|p2b: Chesnaught|atk|1\n|turn|4\n|\n|t:|1776066302\n|detailschange|p2a: Chandelure|Chandelure-Mega, L50, M\n|-mega|p2a: Chandelure|Chandelure|Chandelurite\n|detailschange|p1b: Gengar|Gengar-Mega, L50, M\n|-mega|p1b: Gengar|Gengar|Gengarite\n|move|p1a: Incineroar|Fake Out|p2b: Chesnaught\n|-damage|p2b: Chesnaught|76/100\n|move|p2a: Chandelure|Shadow Ball|p1b: Gengar\n|-supereffective|p1b: Gengar|1\n|-damage|p1b: Gengar|0 fnt\n|faint|p1b: Gengar\n|cant|p2b: Chesnaught|flinch\n|\n|-weather|RainDance|[upkeep]\n|-heal|p2b: Chesnaught|82/100|[from] item: Leftovers\n|upkeep\n|\n|t:|1776066310\n|switch|p1b: Sinistcha|Sinistcha, L50|100/100\n|-heal|p1a: Incineroar|75/100|[from] ability: Hospitality|[of] p1b: Sinistcha\n|turn|5\n|-message|DVDGamer19 forfeited.\n|\n|win|moth.o\n|raw|DVDGamer19's rating: 1083 &rarr; <strong>1056</strong><br />(-27 for losing)\n|raw|moth.o's rating: 1012 &rarr; <strong>1058</strong><br />(+46 for winning)\n|l|\u203dDVDGamer19\n|player|p1|\n",
  "uploadtime": 1776066449,
  "views": 10,
  "formatid": "gen9championsvgc2026regma",
  "rating": 1056,
  "private": 0,
  "password": null
}