{
  "id": "gen9championsvgc2026regma-2583487049",
  "format": "[Gen 9 Champions] VGC 2026 Reg M-A",
  "players": [
    "jhcfjnnb",
    "yolonunmom"
  ],
  "log": "|j|\u2606jhcfjnnb\n|j|\u2606yolonunmom\n|t:|1776178761\n|gametype|doubles\n|player|p1|jhcfjnnb|1|1261\n|player|p2|yolonunmom|policeman-gen4|1158\n|gen|9\n|tier|[Gen 9 Champions] VGC 2026 Reg M-A\n|rated|\n|rule|Species Clause: Limit one of each Pok\u00e9mon\n|rule|Item Clause: Limit 1 of each item\n|clearpoke\n|poke|p1|Sneasler, L50, F|\n|poke|p1|Skarmory, L50, M|\n|poke|p1|Sinistcha, L50|\n|poke|p1|Incineroar, L50, F|\n|poke|p1|Primarina, L50, F|\n|poke|p1|Tyranitar, L50, M|\n|poke|p2|Sneasler, L50, F|\n|poke|p2|Charizard, L50, M|\n|poke|p2|Venusaur, L50, M|\n|poke|p2|Garchomp, L50, F|\n|poke|p2|Aerodactyl, L50, F|\n|poke|p2|Basculegion, L50, M|\n|teampreview|4\n|\n|t:|1776178809\n|teamsize|p1|4\n|teamsize|p2|4\n|start\n|switch|p1a: Tyranitar|Tyranitar, L50, M, shiny|100/100\n|switch|p1b: Sinistcha|Sinistcha, L50, shiny|100/100\n|switch|p2a: Larry|Sneasler, L50, F|100/100\n|switch|p2b: Sunny|Charizard, L50, M|100/100\n|-weather|Sandstorm|[from] ability: Sand Stream|[of] p1a: Tyranitar\n|turn|1\n|\n|t:|1776178828\n|detailschange|p2b: Sunny|Charizard-Mega-Y, L50, M\n|-mega|p2b: Sunny|Charizard|Charizardite Y\n|-weather|SunnyDay|[from] ability: Drought|[of] p2b: Sunny\n|detailschange|p1a: Tyranitar|Tyranitar-Mega, L50, M, shiny\n|-mega|p1a: Tyranitar|Tyranitar|Tyranitarite\n|-weather|Sandstorm|[from] ability: Sand Stream|[of] p1a: Tyranitar\n|move|p1a: Tyranitar|Protect|p1a: Tyranitar\n|-singleturn|p1a: Tyranitar|Protect\n|move|p2a: Larry|Fake Out|p1a: Tyranitar\n|-activate|p1a: Tyranitar|move: Protect\n|move|p2b: Sunny|Heat Wave|p1a: Tyranitar|[spread] p1b\n|-activate|p1a: Tyranitar|move: Protect\n|-supereffective|p1b: Sinistcha|1\n|-damage|p1b: Sinistcha|6/100\n|-status|p1b: Sinistcha|brn\n|-enditem|p1b: Sinistcha|Sitrus Berry|[eat]\n|-heal|p1b: Sinistcha|31/100 brn|[from] item: Sitrus Berry\n|move|p1b: Sinistcha|Trick Room|p1b: Sinistcha\n|-fieldstart|move: Trick Room|[of] p1b: Sinistcha\n|\n|-weather|Sandstorm|[upkeep]\n|-damage|p1b: Sinistcha|25/100 brn|[from] Sandstorm\n|-damage|p2b: Sunny|95/100|[from] Sandstorm\n|-damage|p2a: Larry|95/100|[from] Sandstorm\n|-damage|p1b: Sinistcha|18/100 brn|[from] brn\n|upkeep\n|turn|2\n|\n|t:|1776178855\n|switch|p1b: Incineroar|Incineroar, L50, F|100/100\n|-ability|p1b: Incineroar|Intimidate|boost\n|-unboost|p2a: Larry|atk|1\n|-unboost|p2b: Sunny|atk|1\n|-enditem|p2a: Larry|White Herb\n|-clearnegativeboost|p2a: Larry|[silent]\n|switch|p1a: Primarina|Primarina, L50, F|100/100\n|switch|p2b: Wha....|Aerodactyl, L50, F|100/100\n|-ability|p2b: Wha....|Unnerve\n|move|p2a: Larry|Close Combat|p1a: Primarina\n|-resisted|p1a: Primarina|1\n|-damage|p1a: Primarina|66/100\n|-unboost|p2a: Larry|def|1\n|-unboost|p2a: Larry|spd|1\n|\n|-weather|Sandstorm|[upkeep]\n|-damage|p1a: Primarina|60/100|[from] Sandstorm\n|-damage|p1b: Incineroar|95/100|[from] Sandstorm\n|-damage|p2a: Larry|89/100|[from] Sandstorm\n|-heal|p1a: Primarina|66/100|[from] item: Leftovers\n|upkeep\n|turn|3\n|\n|t:|1776178882\n|switch|p2a: Sunny|Charizard-Mega-Y, L50, M|95/100\n|-weather|SunnyDay|[from] ability: Drought|[of] p2a: Sunny\n|move|p1a: Primarina|Moonblast|p2a: Sunny\n|-resisted|p2a: Sunny|1\n|-damage|p2a: Sunny|67/100\n|move|p1b: Incineroar|Parting Shot|p2b: Wha....\n|-unboost|p2b: Wha....|atk|1\n|-unboost|p2b: Wha....|spa|1\n|\n|t:|1776178895\n|switch|p1b: Tyranitar|Tyranitar-Mega, L50, M, shiny|100/100|[from] Parting Shot\n|-weather|Sandstorm|[from] ability: Sand Stream|[of] p1b: Tyranitar\n|move|p2b: Wha....|Tailwind|p2b: Wha....\n|-sidestart|p2: yolonunmom|move: Tailwind\n|\n|-weather|Sandstorm|[upkeep]\n|-damage|p1a: Primarina|60/100|[from] Sandstorm\n|-damage|p2a: Sunny|61/100|[from] Sandstorm\n|-heal|p1a: Primarina|66/100|[from] item: Leftovers\n|upkeep\n|turn|4\n|\n|t:|1776178913\n|switch|p2a: Basil|Venusaur, L50, M|100/100\n|move|p1a: Primarina|Hyper Voice|p2b: Wha....|[spread] p2a,p2b\n|-resisted|p2a: Basil|1\n|-supereffective|p2b: Wha....|1\n|-damage|p2a: Basil|79/100\n|-damage|p2b: Wha....|36/100\n|move|p1b: Tyranitar|Rock Slide|p2b: Wha....|[spread] p2a,p2b\n|-supereffective|p2b: Wha....|1\n|-damage|p2a: Basil|31/100\n|-damage|p2b: Wha....|0 fnt\n|-enditem|p2a: Basil|Sitrus Berry|[eat]\n|-heal|p2a: Basil|55/100|[from] item: Sitrus Berry\n|faint|p2b: Wha....\n|\n|-weather|Sandstorm|[upkeep]\n|-damage|p1a: Primarina|60/100|[from] Sandstorm\n|-damage|p2a: Basil|50/100|[from] Sandstorm\n|-heal|p1a: Primarina|66/100|[from] item: Leftovers\n|upkeep\n|\n|t:|1776178928\n|switch|p2b: Sunny|Charizard-Mega-Y, L50, M|61/100\n|-weather|SunnyDay|[from] ability: Drought|[of] p2b: Sunny\n|turn|5\n|\n|t:|1776178957\n|switch|p1b: Incineroar|Incineroar, L50, F|95/100\n|-ability|p1b: Incineroar|Intimidate|boost\n|-unboost|p2a: Basil|atk|1\n|-unboost|p2b: Sunny|atk|1\n|move|p1a: Primarina|Protect|p1a: Primarina\n|-singleturn|p1a: Primarina|Protect\n|move|p2b: Sunny|Heat Wave|p1a: Primarina|[spread] p1b\n|-activate|p1a: Primarina|move: Protect\n|-resisted|p1b: Incineroar|1\n|-damage|p1b: Incineroar|73/100\n|move|p2a: Basil|Sludge Bomb|p1a: Primarina\n|-activate|p1a: Primarina|move: Protect\n|\n|-weather|SunnyDay|[upkeep]\n|-heal|p1a: Primarina|72/100|[from] item: Leftovers\n|-fieldend|move: Trick Room\n|upkeep\n|turn|6\n|\n|t:|1776178989\n|switch|p1a: Sinistcha|Sinistcha, L50, shiny|18/100 brn\n|-heal|p1b: Incineroar|98/100|[from] ability: Hospitality|[of] p1a: Sinistcha\n|move|p2a: Basil|Sludge Bomb|p1b: Incineroar\n|-damage|p1b: Incineroar|66/100\n|move|p2b: Sunny|Heat Wave|p1b: Incineroar|[spread] p1a,p1b\n|-supereffective|p1a: Sinistcha|1\n|-resisted|p1b: Incineroar|1\n|-crit|p1b: Incineroar\n|-damage|p1a: Sinistcha|0 fnt\n|-damage|p1b: Incineroar|35/100\n|faint|p1a: Sinistcha\n|move|p1b: Incineroar|Flare Blitz|p2a: Basil\n|-supereffective|p2a: Basil|1\n|-damage|p2a: Basil|0 fnt\n|faint|p2a: Basil\n|-damage|p1b: Incineroar|22/100|[from] Recoil\n|\n|-weather|SunnyDay|[upkeep]\n|-sideend|p2: yolonunmom|move: Tailwind\n|upkeep\n|\n|t:|1776179024\n|switch|p2a: Larry|Sneasler, L50, F|89/100\n|switch|p1a: Tyranitar|Tyranitar-Mega, L50, M, shiny|100/100\n|-weather|Sandstorm|[from] ability: Sand Stream|[of] p1a: Tyranitar\n|turn|7\n|\n|t:|1776179058\n|move|p1a: Tyranitar|Protect|p1a: Tyranitar\n|-singleturn|p1a: Tyranitar|Protect\n|move|p2a: Larry|Fake Out|p1a: Tyranitar\n|-activate|p1a: Tyranitar|move: Protect\n|move|p2b: Sunny|Weather Ball|p1b: Incineroar\n|-supereffective|p1b: Incineroar|1\n|-damage|p1b: Incineroar|0 fnt\n|faint|p1b: Incineroar\n|\n|-weather|Sandstorm|[upkeep]\n|-damage|p2a: Larry|83/100|[from] Sandstorm\n|-damage|p2b: Sunny|55/100|[from] Sandstorm\n|upkeep\n|\n|t:|1776179065\n|switch|p1b: Primarina|Primarina, L50, F|72/100\n|turn|8\n|\n|t:|1776179084\n|move|p2a: Larry|Dire Claw|p1b: Primarina\n|-supereffective|p1b: Primarina|1\n|-damage|p1b: Primarina|0 fnt\n|faint|p1b: Primarina\n|move|p2b: Sunny|Weather Ball|p1a: Tyranitar\n|-damage|p1a: Tyranitar|80/100\n|move|p1a: Tyranitar|Crunch|p2a: Larry\n|-resisted|p2a: Larry|1\n|-damage|p2a: Larry|43/100\n|\n|-weather|Sandstorm|[upkeep]\n|-damage|p2a: Larry|37/100|[from] Sandstorm\n|-damage|p2b: Sunny|50/100|[from] Sandstorm\n|upkeep\n|turn|9\n|\n|t:|1776179102\n|move|p2a: Larry|Protect|p2a: Larry\n|-singleturn|p2a: Larry|Protect\n|move|p2b: Sunny|Weather Ball|p1a: Tyranitar\n|-damage|p1a: Tyranitar|58/100\n|move|p1a: Tyranitar|Rock Slide|p2b: Sunny|[spread] p2b\n|-activate|p2a: Larry|move: Protect\n|-supereffective|p2b: Sunny|2\n|-damage|p2b: Sunny|0 fnt\n|faint|p2b: Sunny\n|\n|-weather|Sandstorm|[upkeep]\n|-damage|p2a: Larry|32/100|[from] Sandstorm\n|upkeep\n|turn|10\n|\n|t:|1776179115\n|move|p2a: Larry|Close Combat|p1a: Tyranitar\n|-supereffective|p1a: Tyranitar|2\n|-damage|p1a: Tyranitar|0 fnt\n|-unboost|p2a: Larry|def|1\n|-unboost|p2a: Larry|spd|1\n|faint|p1a: Tyranitar\n|\n|win|yolonunmom\n|raw|jhcfjnnb's rating: 1261 &rarr; <strong>1229</strong><br />(-32 for losing)\n|raw|yolonunmom's rating: 1158 &rarr; <strong>1190</strong><br />(+32 for winning)\n|l|\u2606yolonunmom\n|player|p2|\n",
  "uploadtime": 1776179128,
  "views": 16,
  "formatid": "gen9championsvgc2026regma",
  "rating": 1190,
  "private": 0,
  "password": null
}