{
  "id": "gen9championsvgc2026regma-2581265844",
  "format": "[Gen 9 Champions] VGC 2026 Reg M-A",
  "players": [
    "Gaby Glytxii",
    "takaki kusata"
  ],
  "log": "|j|\u2606Gaby Glytxii\n|j|\u2606takaki kusata\n|t:|1775978518\n|gametype|doubles\n|player|p1|Gaby Glytxii|iris|1092\n|player|p2|takaki kusata|nate|1018\n|gen|9\n|tier|[Gen 9 Champions] VGC 2026 Reg M-A\n|rated|\n|rule|Species Clause: Limit one of each Pok\u00e9mon\n|rule|Item Clause: Limit 1 of each item\n|clearpoke\n|poke|p1|Politoed, L50, F|\n|poke|p1|Blastoise, L50, M|\n|poke|p1|Audino, L50, F|\n|poke|p1|Espeon, L50, M|\n|poke|p1|Tsareena, L50, F|\n|poke|p1|Clefable, L50, F|\n|poke|p2|Charizard, L50, M|\n|poke|p2|Incineroar, L50, M|\n|poke|p2|Whimsicott, L50, F|\n|poke|p2|Decidueye-Hisui, L50, M|\n|poke|p2|Sneasler, L50, M|\n|poke|p2|Garchomp, L50, M|\n|teampreview|4\n|\n|t:|1775978578\n|teamsize|p1|4\n|teamsize|p2|4\n|start\n|switch|p1a: Clefable|Clefable, L50, F|100/100\n|switch|p1b: Audino|Audino, L50, F|100/100\n|switch|p2a: Charizard|Charizard, L50, M, shiny|100/100\n|switch|p2b: Whimsicott|Whimsicott, L50, F, shiny|100/100\n|turn|1\n|inactive|Battle timer is ON: inactive players will automatically lose when time's up. (requested by takaki kusata)\n|\n|t:|1775978589\n|detailschange|p2a: Charizard|Charizard-Mega-Y, L50, M, shiny\n|-mega|p2a: Charizard|Charizard|Charizardite Y\n|-weather|SunnyDay|[from] ability: Drought|[of] p2a: Charizard\n|detailschange|p1b: Audino|Audino-Mega, L50, F\n|-mega|p1b: Audino|Audino|Audinite\n|move|p2b: Whimsicott|Tailwind|p2b: Whimsicott\n|-sidestart|p2: takaki kusata|move: Tailwind\n|move|p2a: Charizard|Heat Wave|p1a: Clefable|[spread] p1b\n|-miss|p2a: Charizard|p1a: Clefable\n|-damage|p1b: Audino|53/100\n|move|p1a: Clefable|Cosmic Power|p1a: Clefable\n|-boost|p1a: Clefable|def|1\n|-boost|p1a: Clefable|spd|1\n|move|p1b: Audino|Simple Beam|p1a: Clefable\n|-ability|p1a: Clefable|Simple|Magic Guard|[from] move: Simple Beam\n|\n|-weather|SunnyDay|[upkeep]\n|upkeep\n|turn|2\n|inactive|Gaby Glytxii has 30 seconds left.\n|\n|t:|1775978616\n|move|p2b: Whimsicott|Encore|p1a: Clefable\n|-start|p1a: Clefable|Encore\n|move|p2a: Charizard|Heat Wave|p1a: Clefable|[spread] p1a,p1b\n|-damage|p1a: Clefable|69/100\n|-damage|p1b: Audino|3/100\n|-status|p1b: Audino|brn\n|move|p1a: Clefable|Cosmic Power|p1a: Clefable\n|-boost|p1a: Clefable|def|2\n|-boost|p1a: Clefable|spd|2\n|move|p1b: Audino|Simple Beam|p2b: Whimsicott\n|-ability|p2b: Whimsicott|Simple|Prankster|[from] move: Simple Beam\n|\n|-weather|SunnyDay|[upkeep]\n|-heal|p1a: Clefable|75/100|[from] item: Leftovers\n|-damage|p1b: Audino|0 fnt|[from] brn\n|faint|p1b: Audino\n|upkeep\n|\n|t:|1775978635\n|switch|p1b: Tsareena|Tsareena, L50, F|100/100\n|turn|3\n|\n|t:|1775978650\n|move|p1b: Tsareena|Protect|p1b: Tsareena\n|-singleturn|p1b: Tsareena|Protect\n|move|p2b: Whimsicott|Moonblast|p1a: Clefable\n|-damage|p1a: Clefable|66/100\n|move|p2a: Charizard|Air Slash|p1b: Tsareena\n|-activate|p1b: Tsareena|move: Protect\n|move|p1a: Clefable|Cosmic Power|p1a: Clefable\n|-boost|p1a: Clefable|def|2\n|-boost|p1a: Clefable|spd|2\n|\n|-weather|SunnyDay|[upkeep]\n|-heal|p1a: Clefable|72/100|[from] item: Leftovers\n|upkeep\n|turn|4\n|\n|t:|1775978666\n|move|p2b: Whimsicott|Encore|p1b: Tsareena\n|-start|p1b: Tsareena|Encore\n|move|p1b: Tsareena|Protect||[still]\n|-fail|p1b: Tsareena\n|move|p2a: Charizard|Heat Wave|p1a: Clefable|[spread] p1a,p1b\n|-supereffective|p1b: Tsareena|1\n|-damage|p1a: Clefable|58/100\n|-damage|p1b: Tsareena|0 fnt\n|faint|p1b: Tsareena\n|move|p1a: Clefable|Cosmic Power|p1a: Clefable\n|-boost|p1a: Clefable|def|1\n|-boost|p1a: Clefable|spd|1\n|\n|-weather|SunnyDay|[upkeep]\n|-heal|p1a: Clefable|64/100|[from] item: Leftovers\n|-end|p1a: Clefable|Encore\n|-sideend|p2: takaki kusata|move: Tailwind\n|upkeep\n|\n|t:|1775978675\n|switch|p1b: Blastoise|Blastoise, L50, M|100/100\n|turn|5\n|\n|t:|1775978696\n|move|p1a: Clefable|Follow Me|p1a: Clefable\n|-singleturn|p1a: Clefable|move: Follow Me\n|move|p2b: Whimsicott|Moonblast|p1a: Clefable\n|-damage|p1a: Clefable|58/100\n|move|p2a: Charizard|Solar Beam||[still]\n|-prepare|p2a: Charizard|Solar Beam\n|-anim|p2a: Charizard|Solar Beam|p1a: Clefable\n|-damage|p1a: Clefable|50/100\n|move|p1b: Blastoise|Shell Smash|p1b: Blastoise\n|-unboost|p1b: Blastoise|def|1\n|-unboost|p1b: Blastoise|spd|1\n|-boost|p1b: Blastoise|atk|2\n|-boost|p1b: Blastoise|spa|2\n|-boost|p1b: Blastoise|spe|2\n|-enditem|p1b: Blastoise|White Herb\n|-clearnegativeboost|p1b: Blastoise|[silent]\n|\n|-weather|none\n|-heal|p1a: Clefable|55/100|[from] item: Leftovers\n|upkeep\n|turn|6\n|\n|t:|1775978720\n|move|p1b: Blastoise|Water Spout|p2b: Whimsicott|[spread] p2a,p2b\n|-supereffective|p2a: Charizard|1\n|-resisted|p2b: Whimsicott|1\n|-damage|p2a: Charizard|0 fnt\n|-damage|p2b: Whimsicott|24/100\n|faint|p2a: Charizard\n|move|p2b: Whimsicott|Encore|p1b: Blastoise\n|-start|p1b: Blastoise|Encore\n|move|p1a: Clefable|Stored Power|p2b: Whimsicott\n|-damage|p2b: Whimsicott|0 fnt\n|faint|p2b: Whimsicott\n|\n|-heal|p1a: Clefable|61/100|[from] item: Leftovers\n|upkeep\n|\n|t:|1775978728\n|switch|p2b: Decidueye|Decidueye-Hisui, L50, M|100/100\n|switch|p2a: Sneasler|Sneasler, L50, M, shiny|100/100\n|turn|7\n|\n|t:|1775978740\n|move|p2a: Sneasler|Fake Out|p1b: Blastoise\n|-damage|p1b: Blastoise|88/100\n|move|p1a: Clefable|Follow Me|p1a: Clefable\n|-singleturn|p1a: Clefable|move: Follow Me\n|cant|p1b: Blastoise|flinch\n|move|p2b: Decidueye|Leaf Blade|p1a: Clefable\n|-damage|p1a: Clefable|48/100\n|\n|-heal|p1a: Clefable|53/100|[from] item: Leftovers\n|upkeep\n|turn|8\n|\n|t:|1775978754\n|move|p2a: Sneasler|Protect|p2a: Sneasler\n|-singleturn|p2a: Sneasler|Protect\n|move|p2b: Decidueye|Protect|p2b: Decidueye\n|-singleturn|p2b: Decidueye|Protect\n|move|p1a: Clefable|Follow Me|p1a: Clefable\n|-singleturn|p1a: Clefable|move: Follow Me\n|move|p1b: Blastoise|Water Spout|p2b: Decidueye|[spread] \n|-activate|p2a: Sneasler|move: Protect\n|-activate|p2b: Decidueye|move: Protect\n|\n|-heal|p1a: Clefable|59/100|[from] item: Leftovers\n|upkeep\n|turn|9\n|inactive|takaki kusata has 30 seconds left.\n|\n|t:|1775978781\n|move|p1a: Clefable|Follow Me|p1a: Clefable\n|-singleturn|p1a: Clefable|move: Follow Me\n|move|p1b: Blastoise|Water Spout|p2a: Sneasler|[spread] p2a,p2b\n|-resisted|p2b: Decidueye|1\n|-damage|p2a: Sneasler|0 fnt\n|-damage|p2b: Decidueye|60/100\n|faint|p2a: Sneasler\n|move|p2b: Decidueye|Triple Arrows|p1a: Clefable\n|-resisted|p1a: Clefable|1\n|-damage|p1a: Clefable|51/100\n|-unboost|p1a: Clefable|def|2\n|\n|-heal|p1a: Clefable|57/100|[from] item: Leftovers\n|-end|p1b: Blastoise|Encore\n|upkeep\n|turn|10\n|\n|t:|1775978795\n|move|p1a: Clefable|Follow Me|p1a: Clefable\n|-singleturn|p1a: Clefable|move: Follow Me\n|move|p1b: Blastoise|Water Spout|p2b: Decidueye\n|-resisted|p2b: Decidueye|1\n|-damage|p2b: Decidueye|3/100\n|move|p2b: Decidueye|Triple Arrows|p1a: Clefable\n|-resisted|p1a: Clefable|1\n|-damage|p1a: Clefable|48/100\n|\n|-heal|p1a: Clefable|53/100|[from] item: Leftovers\n|upkeep\n|turn|11\n|\n|t:|1775978806\n|move|p1a: Clefable|Follow Me|p1a: Clefable\n|-singleturn|p1a: Clefable|move: Follow Me\n|move|p2b: Decidueye|Sucker Punch||[still]\n|-fail|p2b: Decidueye\n|move|p1b: Blastoise|Water Spout|p2b: Decidueye\n|-resisted|p2b: Decidueye|1\n|-damage|p2b: Decidueye|0 fnt\n|faint|p2b: Decidueye\n|\n|win|Gaby Glytxii\n|raw|Gaby Glytxii's rating: 1092 &rarr; <strong>1113</strong><br />(+21 for winning)\n|raw|takaki kusata's rating: 1018 &rarr; <strong>1008</strong><br />(-10 for losing)\n|l|\u2606takaki kusata\n|player|p2|\n",
  "uploadtime": 1775978810,
  "views": 14,
  "formatid": "gen9championsvgc2026regma",
  "rating": 1008,
  "private": 0,
  "password": null
}