{
  "id": "gen9championsvgc2026regma-2583972804",
  "format": "[Gen 9 Champions] VGC 2026 Reg M-A",
  "players": [
    "Qloser",
    "Meklin"
  ],
  "log": "|j|\u2606Qloser\n|j|\u2606Meklin\n|t:|1776213123\n|gametype|doubles\n|player|p1|Qloser|norman|1300\n|player|p2|Meklin|worker-gen4|1211\n|gen|9\n|tier|[Gen 9 Champions] VGC 2026 Reg M-A\n|rated|\n|rule|Species Clause: Limit one of each Pok\u00e9mon\n|rule|Item Clause: Limit 1 of each item\n|clearpoke\n|poke|p1|Charizard, L50, F|\n|poke|p1|Kingambit, L50, M|\n|poke|p1|Rotom-Wash, L50|\n|poke|p1|Tyranitar, L50, M|\n|poke|p1|Sinistcha, L50|\n|poke|p1|Excadrill, L50, F|\n|poke|p2|Orthworm, L50, F|\n|poke|p2|Basculegion, L50, M|\n|poke|p2|Incineroar, L50, F|\n|poke|p2|Rotom-Frost, L50|\n|poke|p2|Froslass, L50, F|\n|poke|p2|Garchomp, L50, M|\n|teampreview|4\n|inactive|Battle timer is ON: inactive players will automatically lose when time's up. (requested by Qloser)\n|inactive|Qloser has 60 seconds left.\n|\n|t:|1776213161\n|teamsize|p1|4\n|teamsize|p2|4\n|start\n|switch|p1a: Tyranitar|Tyranitar, L50, M|100/100\n|switch|p1b: Sinistcha|Sinistcha, L50|100/100\n|switch|p2a: Orthworm|Orthworm, L50, F, shiny|100/100\n|switch|p2b: Garchomp|Garchomp, L50, M|100/100\n|-weather|Sandstorm|[from] ability: Sand Stream|[of] p1a: Tyranitar\n|turn|1\n|inactive|Meklin has 30 seconds left.\n|inactive|Meklin has 20 seconds left.\n|inactive|Meklin has 15 seconds left.\n|inactive|Meklin has 10 seconds left.\n|\n|t:|1776213208\n|move|p2b: Garchomp|Protect|p2b: Garchomp\n|-singleturn|p2b: Garchomp|Protect\n|move|p1a: Tyranitar|Ice Punch|p2b: Garchomp\n|-activate|p2b: Garchomp|move: Protect\n|move|p1b: Sinistcha|Matcha Gotcha|p2a: Orthworm|[spread] p2a\n|-activate|p2b: Garchomp|move: Protect\n|-resisted|p2a: Orthworm|1\n|-damage|p2a: Orthworm|80/100\n|move|p2a: Orthworm|Iron Defense|p2a: Orthworm\n|-boost|p2a: Orthworm|def|2\n|\n|-weather|Sandstorm|[upkeep]\n|-damage|p1b: Sinistcha|94/100|[from] Sandstorm\n|-heal|p1b: Sinistcha|100/100|[from] item: Leftovers\n|upkeep\n|turn|2\n|j| bertscai\n|\n|t:|1776213224\n|switch|p2b: Incineroar|Incineroar, L50, F|100/100\n|-ability|p2b: Incineroar|Intimidate|boost\n|-unboost|p1a: Tyranitar|atk|1\n|-unboost|p1b: Sinistcha|atk|1\n|move|p1b: Sinistcha|Rage Powder|p1b: Sinistcha\n|-singleturn|p1b: Sinistcha|move: Rage Powder\n|move|p1a: Tyranitar|Ice Punch|p2b: Incineroar\n|-resisted|p2b: Incineroar|1\n|-damage|p2b: Incineroar|90/100\n|move|p2a: Orthworm|Body Press|p1b: Sinistcha\n|-immune|p1b: Sinistcha\n|\n|-weather|Sandstorm|[upkeep]\n|-damage|p1b: Sinistcha|94/100|[from] Sandstorm\n|-damage|p2b: Incineroar|84/100|[from] Sandstorm\n|-heal|p1b: Sinistcha|100/100|[from] item: Leftovers\n|upkeep\n|turn|3\n|inactive|Meklin has 30 seconds left.\n|\n|t:|1776213252\n|switch|p1a: Charizard|Charizard, L50, F|100/100\n|move|p2b: Incineroar|Fake Out|p1a: Charizard\n|-damage|p1a: Charizard|84/100\n|move|p1b: Sinistcha|Strength Sap|p2b: Incineroar\n|-unboost|p2b: Incineroar|atk|1\n|move|p2a: Orthworm|Heavy Slam|p1b: Sinistcha\n|-damage|p1b: Sinistcha|69/100\n|\n|-weather|Sandstorm|[upkeep]\n|-damage|p1a: Charizard|78/100|[from] Sandstorm\n|-damage|p1b: Sinistcha|63/100|[from] Sandstorm\n|-damage|p2b: Incineroar|78/100|[from] Sandstorm\n|-heal|p1b: Sinistcha|69/100|[from] item: Leftovers\n|upkeep\n|turn|4\n|inactive|Meklin has 30 seconds left.\n|\n|t:|1776213279\n|switch|p2a: Garchomp|Garchomp, L50, M|100/100\n|move|p1b: Sinistcha|Rage Powder|p1b: Sinistcha\n|-singleturn|p1b: Sinistcha|move: Rage Powder\n|move|p1a: Charizard|Dragon Dance|p1a: Charizard\n|-boost|p1a: Charizard|atk|1\n|-boost|p1a: Charizard|spe|1\n|move|p2b: Incineroar|Parting Shot|p1b: Sinistcha\n|-unboost|p1b: Sinistcha|atk|1\n|-unboost|p1b: Sinistcha|spa|1\n|\n|t:|1776213287\n|switch|p2b: Basculegion|Basculegion, L50, M|100/100|[from] Parting Shot\n|\n|-weather|Sandstorm|[upkeep]\n|-damage|p1a: Charizard|72/100|[from] Sandstorm\n|-damage|p2b: Basculegion|94/100|[from] Sandstorm\n|-damage|p1b: Sinistcha|63/100|[from] Sandstorm\n|-heal|p1b: Sinistcha|69/100|[from] item: Leftovers\n|upkeep\n|turn|5\n|\n|t:|1776213303\n|move|p1a: Charizard|Protect|p1a: Charizard\n|-singleturn|p1a: Charizard|Protect\n|move|p2b: Basculegion|Wave Crash|p1a: Charizard\n|-activate|p1a: Charizard|move: Protect\n|move|p2a: Garchomp|Rock Slide|p1b: Sinistcha|[spread] p1b\n|-activate|p1a: Charizard|move: Protect\n|-damage|p1b: Sinistcha|53/100\n|move|p1b: Sinistcha|Matcha Gotcha|p2b: Basculegion|[spread] p2a,p2b\n|-supereffective|p2b: Basculegion|1\n|-damage|p2a: Garchomp|84/100\n|-heal|p1b: Sinistcha|62/100|[from] drain|[of] p2a: Garchomp\n|-damage|p2b: Basculegion|55/100\n|-heal|p1b: Sinistcha|84/100|[from] drain|[of] p2b: Basculegion\n|-status|p2a: Garchomp|brn\n|\n|-weather|none\n|-heal|p1b: Sinistcha|90/100|[from] item: Leftovers\n|-damage|p2a: Garchomp|78/100 brn|[from] brn\n|upkeep\n|turn|6\n|inactive|Qloser has 30 seconds left.\n|\n|t:|1776213329\n|switch|p2b: Incineroar|Incineroar, L50, F|78/100\n|-ability|p2b: Incineroar|Intimidate|boost\n|-unboost|p1a: Charizard|atk|1\n|-unboost|p1b: Sinistcha|atk|1\n|detailschange|p1a: Charizard|Charizard-Mega-X, L50, F\n|-mega|p1a: Charizard|Charizard|Charizardite X\n|move|p1b: Sinistcha|Rage Powder|p1b: Sinistcha\n|-singleturn|p1b: Sinistcha|move: Rage Powder\n|move|p1a: Charizard|Dragon Claw|p2b: Incineroar\n|-damage|p2b: Incineroar|24/100\n|move|p2a: Garchomp|Rock Slide|p1a: Charizard|[spread] p1a,p1b\n|-supereffective|p1a: Charizard|1\n|-damage|p1a: Charizard|55/100\n|-damage|p1b: Sinistcha|82/100\n|\n|-heal|p1b: Sinistcha|89/100|[from] item: Leftovers\n|-damage|p2a: Garchomp|72/100 brn|[from] brn\n|upkeep\n|turn|7\n|\n|t:|1776213349\n|move|p2b: Incineroar|Fake Out|p1a: Charizard\n|-damage|p1a: Charizard|40/100\n|move|p1b: Sinistcha|Rage Powder|p1b: Sinistcha\n|-singleturn|p1b: Sinistcha|move: Rage Powder\n|cant|p1a: Charizard|flinch\n|move|p2a: Garchomp|Earthquake|p1b: Sinistcha|[spread] p2b,p1a,p1b\n|-supereffective|p2b: Incineroar|1\n|-supereffective|p1a: Charizard|1\n|-resisted|p1b: Sinistcha|1\n|-damage|p2b: Incineroar|0 fnt\n|-damage|p1a: Charizard|5/100\n|-damage|p1b: Sinistcha|81/100\n|faint|p2b: Incineroar\n|\n|-heal|p1b: Sinistcha|87/100|[from] item: Leftovers\n|-damage|p2a: Garchomp|66/100 brn|[from] brn\n|upkeep\n|\n|t:|1776213363\n|switch|p2b: Orthworm|Orthworm, L50, F, shiny|80/100\n|turn|8\n|\n|t:|1776213381\n|move|p1a: Charizard|Protect|p1a: Charizard\n|-singleturn|p1a: Charizard|Protect\n|move|p2a: Garchomp|Earthquake|p1a: Charizard|[spread] p1b\n|-activate|p1a: Charizard|move: Protect\n|-heal|p2b: Orthworm|100/100|[from] ability: Earth Eater|[of] p2a: Garchomp\n|-resisted|p1b: Sinistcha|1\n|-damage|p1b: Sinistcha|79/100\n|move|p1b: Sinistcha|Strength Sap|p2a: Garchomp\n|-unboost|p2a: Garchomp|atk|1\n|-heal|p1b: Sinistcha|100/100\n|move|p2b: Orthworm|Shed Tail|p2b: Orthworm\n|-start|p2b: Orthworm|Substitute|[from] move: Shed Tail\n|-damage|p2b: Orthworm|50/100\n|-enditem|p2b: Orthworm|Sitrus Berry|[eat]\n|-heal|p2b: Orthworm|75/100|[from] item: Sitrus Berry\n|\n|t:|1776213392\n|switch|p2b: Basculegion|Basculegion, L50, M|55/100|[from] Shed Tail\n|\n|-damage|p2a: Garchomp|60/100 brn|[from] brn\n|upkeep\n|turn|9\n|inactive|Meklin has 30 seconds left.\n|inactive|Meklin has 20 seconds left.\n|\n|t:|1776213431\n|move|p1b: Sinistcha|Rage Powder|p1b: Sinistcha\n|-singleturn|p1b: Sinistcha|move: Rage Powder\n|move|p1a: Charizard|Dragon Claw|p2a: Garchomp\n|-supereffective|p2a: Garchomp|1\n|-damage|p2a: Garchomp|0 fnt\n|-damage|p1a: Charizard|0 fnt|[from] ability: Rough Skin|[of] p2a: Garchomp\n|faint|p2a: Garchomp\n|faint|p1a: Charizard\n|move|p2b: Basculegion|Wave Crash|p1b: Sinistcha\n|-resisted|p1b: Sinistcha|1\n|-damage|p1b: Sinistcha|69/100\n|-damage|p2b: Basculegion|46/100|[from] Recoil\n|\n|-heal|p1b: Sinistcha|75/100|[from] item: Leftovers\n|upkeep\n|\n|t:|1776213445\n|switch|p2a: Orthworm|Orthworm, L50, F, shiny|75/100\n|switch|p1a: Tyranitar|Tyranitar, L50, M|100/100\n|-weather|Sandstorm|[from] ability: Sand Stream|[of] p1a: Tyranitar\n|turn|10\n|\n|t:|1776213458\n|move|p1b: Sinistcha|Rage Powder|p1b: Sinistcha\n|-singleturn|p1b: Sinistcha|move: Rage Powder\n|move|p2b: Basculegion|Wave Crash|p1b: Sinistcha\n|-resisted|p1b: Sinistcha|1\n|-damage|p1b: Sinistcha|43/100\n|-damage|p2b: Basculegion|37/100|[from] Recoil\n|move|p1a: Tyranitar|Low Kick|p2a: Orthworm\n|-supereffective|p2a: Orthworm|1\n|-damage|p2a: Orthworm|31/100\n|move|p2a: Orthworm|Iron Defense|p2a: Orthworm\n|-boost|p2a: Orthworm|def|2\n|\n|-weather|Sandstorm|[upkeep]\n|-damage|p2b: Basculegion|30/100|[from] Sandstorm\n|-damage|p1b: Sinistcha|37/100|[from] Sandstorm\n|-heal|p1b: Sinistcha|43/100|[from] item: Leftovers\n|upkeep\n|turn|11\n|inactive|Meklin has 30 seconds left.\n|\n|t:|1776213485\n|move|p2b: Basculegion|Wave Crash|p1a: Tyranitar\n|-supereffective|p1a: Tyranitar|1\n|-damage|p1a: Tyranitar|0 fnt\n|faint|p1a: Tyranitar\n|-damage|p2b: Basculegion|1/100|[from] Recoil\n|move|p1b: Sinistcha|Strength Sap||[still]\n|-fail|p1b: Sinistcha\n|move|p2a: Orthworm|Heavy Slam|p1b: Sinistcha\n|-damage|p1b: Sinistcha|14/100\n|\n|-weather|Sandstorm|[upkeep]\n|-damage|p2b: Basculegion|0 fnt|[from] Sandstorm\n|-damage|p1b: Sinistcha|8/100|[from] Sandstorm\n|faint|p2b: Basculegion\n|-heal|p1b: Sinistcha|14/100|[from] item: Leftovers\n|upkeep\n|\n|t:|1776213492\n|switch|p1a: Excadrill|Excadrill, L50, F|100/100\n|turn|12\n|\n|t:|1776213503\n|move|p1a: Excadrill|Iron Head|p2a: Orthworm\n|-resisted|p2a: Orthworm|1\n|-damage|p2a: Orthworm|24/100\n|move|p1b: Sinistcha|Strength Sap|p2a: Orthworm\n|-unboost|p2a: Orthworm|atk|1\n|-heal|p1b: Sinistcha|74/100\n|move|p2a: Orthworm|Body Press|p1a: Excadrill\n|-supereffective|p1a: Excadrill|1\n|-crit|p1a: Excadrill\n|-enditem|p1a: Excadrill|Focus Sash\n|-damage|p1a: Excadrill|1/100\n|\n|-weather|Sandstorm|[upkeep]\n|-damage|p1b: Sinistcha|68/100|[from] Sandstorm\n|-heal|p1b: Sinistcha|74/100|[from] item: Leftovers\n|upkeep\n|turn|13\n|\n|t:|1776213515\n|move|p1a: Excadrill|Protect|p1a: Excadrill\n|-singleturn|p1a: Excadrill|Protect\n|move|p1b: Sinistcha|Matcha Gotcha|p2a: Orthworm\n|-resisted|p2a: Orthworm|1\n|-damage|p2a: Orthworm|9/100\n|-heal|p1b: Sinistcha|82/100|[from] drain|[of] p2a: Orthworm\n|move|p2a: Orthworm|Body Press|p1a: Excadrill\n|-activate|p1a: Excadrill|move: Protect\n|\n|-weather|Sandstorm|[upkeep]\n|-damage|p1b: Sinistcha|75/100|[from] Sandstorm\n|-heal|p1b: Sinistcha|82/100|[from] item: Leftovers\n|upkeep\n|turn|14\n|\n|t:|1776213526\n|move|p1a: Excadrill|Iron Head|p2a: Orthworm\n|-resisted|p2a: Orthworm|1\n|-damage|p2a: Orthworm|2/100\n|move|p1b: Sinistcha|Matcha Gotcha|p2a: Orthworm\n|-resisted|p2a: Orthworm|1\n|-damage|p2a: Orthworm|0 fnt\n|-heal|p1b: Sinistcha|82/100|[from] drain|[of] p2a: Orthworm\n|faint|p2a: Orthworm\n|\n|win|Qloser\n|raw|Qloser's rating: 1300 &rarr; <strong>1319</strong><br />(+19 for winning)\n|raw|Meklin's rating: 1211 &rarr; <strong>1192</strong><br />(-19 for losing)\n",
  "uploadtime": 1776213527,
  "views": 20,
  "formatid": "gen9championsvgc2026regma",
  "rating": 1192,
  "private": 0,
  "password": null
}