{
  "id": "gen9championsvgc2026regma-2583437428",
  "format": "[Gen 9 Champions] VGC 2026 Reg M-A",
  "players": [
    "atanasoff x",
    "vywxiwjxjwk"
  ],
  "log": "|j|\u2606atanasoff x\n|j|\u2606vywxiwjxjwk\n|t:|1776175613\n|gametype|doubles\n|player|p1|atanasoff x|lance|1165\n|player|p2|vywxiwjxjwk|n|1198\n|gen|9\n|tier|[Gen 9 Champions] VGC 2026 Reg M-A\n|rated|\n|rule|Species Clause: Limit one of each Pok\u00e9mon\n|rule|Item Clause: Limit 1 of each item\n|clearpoke\n|poke|p1|Dragapult, L50, M|\n|poke|p1|Pelipper, L50, M|\n|poke|p1|Archaludon, L50, M|\n|poke|p1|Gengar, L50, F|\n|poke|p1|Sneasler, L50, M|\n|poke|p1|Basculegion, L50, M|\n|poke|p2|Sneasler, L50, M|\n|poke|p2|Floette-Eternal, L50, F|\n|poke|p2|Sinistcha, L50|\n|poke|p2|Meowstic, L50, M|\n|poke|p2|Krookodile, L50, M|\n|poke|p2|Farigiraf, L50, M|\n|teampreview|4\n|\n|t:|1776175661\n|teamsize|p1|4\n|teamsize|p2|4\n|start\n|switch|p1a: Basculegion|Basculegion, L50, M|100/100\n|switch|p1b: Pelipper|Pelipper, L50, M|100/100\n|switch|p2a: Sneasler|Sneasler, L50, M|100/100\n|switch|p2b: Krookodile|Krookodile, L50, M|100/100\n|-ability|p2b: Krookodile|Intimidate|boost\n|-unboost|p1a: Basculegion|atk|1\n|-unboost|p1b: Pelipper|atk|1\n|-weather|RainDance|[from] ability: Drizzle|[of] p1b: Pelipper\n|turn|1\n|\n|t:|1776175699\n|move|p2b: Krookodile|Knock Off|p1a: Basculegion\n|-supereffective|p1a: Basculegion|1\n|-damage|p1a: Basculegion|0 fnt\n|-enditem|p1a: Basculegion|Choice Scarf|[from] move: Knock Off|[of] p2b: Krookodile\n|faint|p1a: Basculegion\n|move|p2a: Sneasler|Rock Slide|p1b: Pelipper\n|-supereffective|p1b: Pelipper|1\n|-damage|p1b: Pelipper|28/100\n|move|p1b: Pelipper|Muddy Water|p2b: Krookodile|[spread] p2a,p2b\n|-supereffective|p2b: Krookodile|1\n|-crit|p2b: Krookodile\n|-damage|p2a: Sneasler|27/100\n|-damage|p2b: Krookodile|0 fnt\n|faint|p2b: Krookodile\n|\n|-weather|RainDance|[upkeep]\n|upkeep\n|\n|t:|1776175727\n|switch|p2b: Meowstic|Meowstic, L50, M|100/100\n|switch|p1a: Dragapult|Dragapult, L50, M|100/100\n|turn|2\n|\n|t:|1776175748\n|move|p2b: Meowstic|Thunder Wave|p1a: Dragapult\n|-status|p1a: Dragapult|par\n|move|p2a: Sneasler|Rock Slide|p1a: Dragapult|[spread] p1a,p1b\n|-supereffective|p1b: Pelipper|1\n|-damage|p1a: Dragapult|72/100 par\n|-damage|p1b: Pelipper|0 fnt\n|faint|p1b: Pelipper\n|move|p1a: Dragapult|Dragon Darts|p2a: Sneasler\n|-damage|p2a: Sneasler|0 fnt\n|-anim|p1a: Dragapult|Dragon Darts|p2b: Meowstic\n|-damage|p2b: Meowstic|75/100\n|faint|p2a: Sneasler\n|\n|-weather|RainDance|[upkeep]\n|upkeep\n|\n|t:|1776175753\n|switch|p2a: Floette|Floette-Eternal, L50, F|100/100\n|switch|p1b: Gengar|Gengar, L50, F|100/100\n|turn|3\n|\n|t:|1776175764\n|detailschange|p1b: Gengar|Gengar-Mega, L50, F\n|-mega|p1b: Gengar|Gengar|Gengarite\n|detailschange|p2a: Floette|Floette-Mega, L50, F\n|-mega|p2a: Floette|Floette|Floettite\n|-ability|p2a: Floette|Fairy Aura\n|move|p2a: Floette|Protect|p2a: Floette\n|-singleturn|p2a: Floette|Protect\n|move|p2b: Meowstic|Thunder Wave|p1b: Gengar\n|-status|p1b: Gengar|par\n|move|p1a: Dragapult|Sucker Punch||[still]\n|-fail|p1a: Dragapult\n|move|p1b: Gengar|Sludge Wave|p2a: Floette|[spread] p1a,p2b\n|-activate|p2a: Floette|move: Protect\n|-resisted|p1a: Dragapult|1\n|-damage|p1a: Dragapult|43/100 par\n|-damage|p2b: Meowstic|25/100\n|\n|-weather|RainDance|[upkeep]\n|upkeep\n|turn|4\n|inactive|Battle timer is ON: inactive players will automatically lose when time's up. (requested by vywxiwjxjwk)\n|\n|t:|1776175808\n|move|p2b: Meowstic|Fake Tears|p1b: Gengar\n|-unboost|p1b: Gengar|spd|2\n|cant|p1a: Dragapult|par\n|move|p2a: Floette|Moonblast|p1b: Gengar\n|-resisted|p1b: Gengar|1\n|-damage|p1b: Gengar|2/100 par\n|move|p1b: Gengar|Sludge Wave|p2b: Meowstic|[spread] p1a,p2a,p2b\n|-resisted|p1a: Dragapult|1\n|-supereffective|p2a: Floette|1\n|-damage|p1a: Dragapult|12/100 par\n|-damage|p2a: Floette|28/100\n|-damage|p2b: Meowstic|0 fnt\n|faint|p2b: Meowstic\n|\n|-weather|RainDance|[upkeep]\n|upkeep\n|turn|5\n|\n|t:|1776175817\n|move|p1a: Dragapult|Sucker Punch|p2a: Floette\n|-resisted|p2a: Floette|1\n|-damage|p2a: Floette|14/100\n|move|p2a: Floette|Dazzling Gleam|p1b: Gengar|[spread] p1a,p1b\n|-supereffective|p1a: Dragapult|1\n|-resisted|p1b: Gengar|1\n|-damage|p1a: Dragapult|0 fnt\n|-damage|p1b: Gengar|0 fnt\n|faint|p1a: Dragapult\n|faint|p1b: Gengar\n|\n|win|vywxiwjxjwk\n|raw|atanasoff x's rating: 1165 &rarr; <strong>1142</strong><br />(-23 for losing)\n|raw|vywxiwjxjwk's rating: 1198 &rarr; <strong>1221</strong><br />(+23 for winning)\n|c|\u2606vywxiwjxjwk|gg\n",
  "uploadtime": 1776175822,
  "views": 16,
  "formatid": "gen9championsvgc2026regma",
  "rating": 1142,
  "private": 0,
  "password": null
}