{
  "id": "gen9championsvgc2026regma-2586286523",
  "format": "[Gen 9 Champions] VGC 2026 Reg M-A",
  "players": [
    "RandomGuyInSchool",
    "OGKRAKEN"
  ],
  "log": "|j|\u2606RandomGuyInSchool\n|j|\u2606OGKRAKEN\n|t:|1776421423\n|gametype|doubles\n|player|p1|RandomGuyInSchool|schoolkid-gen4|1101\n|player|p2|OGKRAKEN|1|1000\n|gen|9\n|tier|[Gen 9 Champions] VGC 2026 Reg M-A\n|rated|\n|rule|Species Clause: Limit one of each Pok\u00e9mon\n|rule|Item Clause: Limit 1 of each item\n|clearpoke\n|poke|p1|Kangaskhan, L50, F|\n|poke|p1|Sinistcha, L50|\n|poke|p1|Sneasler, L50, M|\n|poke|p1|Talonflame, L50, M|\n|poke|p1|Corviknight, L50, M|\n|poke|p1|Primarina, L50, M|\n|poke|p2|Orthworm, L50, M|\n|poke|p2|Froslass, L50, F|\n|poke|p2|Incineroar, L50, F|\n|poke|p2|Garchomp, L50, M|\n|poke|p2|Basculegion, L50, M|\n|poke|p2|Rotom-Frost, L50|\n|teampreview|4\n|inactive|Battle timer is ON: inactive players will automatically lose when time's up. (requested by OGKRAKEN)\n|inactive|RandomGuyInSchool also wants the timer to be on.\nRandomGuyInSchool rejected open team sheets.\n|inactive|RandomGuyInSchool has 60 seconds left.\n|\n|t:|1776421475\n|teamsize|p1|4\n|teamsize|p2|4\n|start\n|switch|p1a: Primarina|Primarina, L50, M|100/100\n|switch|p1b: Kangaskhan|Kangaskhan, L50, F|100/100\n|switch|p2a: Orthworm|Orthworm, L50, M|100/100\n|switch|p2b: Garchomp|Garchomp, L50, M|100/100\n|turn|1\n|\n|t:|1776421492\n|detailschange|p1b: Kangaskhan|Kangaskhan-Mega, L50, F\n|-mega|p1b: Kangaskhan|Kangaskhan|Kangaskhanite\n|move|p1b: Kangaskhan|Fake Out|p2b: Garchomp\n|-crit|p2b: Garchomp\n|-damage|p2b: Garchomp|77/100\n|-damage|p1b: Kangaskhan|88/100|[from] ability: Rough Skin|[of] p2b: Garchomp\n|-damage|p2b: Garchomp|74/100\n|-damage|p1b: Kangaskhan|76/100|[from] ability: Rough Skin|[of] p2b: Garchomp\n|-hitcount|p2b: Garchomp|2\n|cant|p2b: Garchomp|flinch\n|move|p2a: Orthworm|Shed Tail|p2a: Orthworm\n|-start|p2a: Orthworm|Substitute|[from] move: Shed Tail\n|-damage|p2a: Orthworm|50/100\n|-enditem|p2a: Orthworm|Sitrus Berry|[eat]\n|-heal|p2a: Orthworm|75/100|[from] item: Sitrus Berry\n|\n|t:|1776421508\n|switch|p2a: Froslass|Froslass, L50, F|100/100|[from] Shed Tail\n|move|p1a: Primarina|Calm Mind|p1a: Primarina\n|-boost|p1a: Primarina|spa|1\n|-boost|p1a: Primarina|spd|1\n|\n|upkeep\n|turn|2\n|\n|t:|1776421529\n|detailschange|p2a: Froslass|Froslass-Mega, L50, F\n|-mega|p2a: Froslass|Froslass|Froslassite\n|-weather|Snowscape|[from] ability: Snow Warning|[of] p2a: Froslass\n|move|p1a: Primarina|Protect|p1a: Primarina\n|-singleturn|p1a: Primarina|Protect\n|move|p1b: Kangaskhan|Double-Edge|p2b: Garchomp\n|-damage|p2b: Garchomp|28/100\n|-damage|p1b: Kangaskhan|64/100|[from] ability: Rough Skin|[of] p2b: Garchomp\n|-damage|p2b: Garchomp|17/100\n|-damage|p1b: Kangaskhan|51/100|[from] ability: Rough Skin|[of] p2b: Garchomp\n|-hitcount|p2b: Garchomp|2\n|-damage|p1b: Kangaskhan|34/100|[from] Recoil\n|move|p2a: Froslass|Nasty Plot|p2a: Froslass\n|-boost|p2a: Froslass|spa|2\n|move|p2b: Garchomp|Dragon Claw|p1b: Kangaskhan\n|-damage|p1b: Kangaskhan|5/100\n|\n|-weather|Snowscape|[upkeep]\n|upkeep\n|turn|3\n|inactive|RandomGuyInSchool has 30 seconds left.\n|inactive|OGKRAKEN has 30 seconds left.\n|\n|t:|1776421559\n|move|p1b: Kangaskhan|Sucker Punch|p2b: Garchomp\n|-damage|p2b: Garchomp|0 fnt\n|-damage|p1b: Kangaskhan|0 fnt|[from] ability: Rough Skin|[of] p2b: Garchomp\n|faint|p2b: Garchomp\n|faint|p1b: Kangaskhan\n|-hitcount|p2: Garchomp|1\n|move|p2a: Froslass|Blizzard|p1a: Primarina\n|-resisted|p1a: Primarina|1\n|-damage|p1a: Primarina|69/100\n|move|p1a: Primarina|Hyper Voice|p2a: Froslass\n|-damage|p2a: Froslass|17/100\n|\n|-weather|Snowscape|[upkeep]\n|upkeep\n|\n|t:|1776421578\n|switch|p1b: Corviknight|Corviknight, L50, M|100/100\n|switch|p2b: Rotom|Rotom-Frost, L50|100/100\n|turn|4\n|inactive|RandomGuyInSchool has 30 seconds left.\n|inactive|RandomGuyInSchool has 20 seconds left.\n|inactive|RandomGuyInSchool has 15 seconds left.\n|\n|t:|1776421619\n|switch|p1b: Sinistcha|Sinistcha, L50|100/100\n|-heal|p1a: Primarina|94/100|[from] ability: Hospitality|[of] p1b: Sinistcha\n|move|p2a: Froslass|Shadow Ball|p1a: Primarina\n|-damage|p1a: Primarina|46/100\n|move|p2b: Rotom|Thunderbolt|p1b: Sinistcha\n|-resisted|p1b: Sinistcha|1\n|-damage|p1b: Sinistcha|85/100\n|move|p1a: Primarina|Hyper Voice|p2a: Froslass|[spread] p2a,p2b\n|-crit|p2a: Froslass\n|-damage|p2a: Froslass|0 fnt\n|-damage|p2b: Rotom|33/100\n|faint|p2a: Froslass\n|\n|-weather|Snowscape|[upkeep]\n|upkeep\n|\n|t:|1776421636\n|switch|p2a: Orthworm|Orthworm, L50, M|75/100\n|turn|5\n|inactive|OGKRAKEN has 30 seconds left.\n|\n|t:|1776421661\n|switch|p1b: Corviknight|Corviknight, L50, M|100/100\n|move|p2b: Rotom|Helping Hand|p2a: Orthworm\n|-singleturn|p2a: Orthworm|Helping Hand|[of] p2b: Rotom\n|move|p1a: Primarina|Protect|p1a: Primarina\n|-singleturn|p1a: Primarina|Protect\n|move|p2a: Orthworm|Heavy Slam|p1a: Primarina\n|-activate|p1a: Primarina|move: Protect\n|\n|-weather|Snowscape|[upkeep]\n|upkeep\n|turn|6\n|\n|t:|1776421685\n|move|p2b: Rotom|Blizzard|p1a: Primarina|[spread] p1a,p1b\n|-resisted|p1a: Primarina|1\n|-damage|p1a: Primarina|34/100\n|-damage|p1b: Corviknight|61/100\n|move|p1b: Corviknight|Body Press|p2b: Rotom\n|-supereffective|p2b: Rotom|1\n|-crit|p2b: Rotom\n|-damage|p2b: Rotom|0 fnt\n|faint|p2b: Rotom\n|move|p2a: Orthworm|Heavy Slam|p1a: Primarina\n|-damage|p1a: Primarina|0 fnt\n|faint|p1a: Primarina\n|\n|-weather|none\n|-heal|p1b: Corviknight|67/100|[from] item: Leftovers\n|upkeep\n|c|\u2606RandomGuyInSchool|ggwp\n|\n|t:|1776421704\n|switch|p1a: Sinistcha|Sinistcha, L50|85/100\n|-heal|p1b: Corviknight|91/100|[from] ability: Hospitality|[of] p1a: Sinistcha\n|turn|7\n|\n|t:|1776421713\n|move|p1b: Corviknight|Body Press|p2a: Orthworm\n|-supereffective|p2a: Orthworm|1\n|-damage|p2a: Orthworm|32/100\n|move|p2a: Orthworm|Body Press|p1b: Corviknight\n|-damage|p1b: Corviknight|71/100\n|move|p1a: Sinistcha|Strength Sap|p2a: Orthworm\n|-unboost|p2a: Orthworm|atk|1\n|-heal|p1a: Sinistcha|100/100\n|\n|-heal|p1b: Corviknight|76/100|[from] item: Leftovers\n|upkeep\n|turn|8\n|\n|t:|1776421731\n|move|p1a: Sinistcha|Rage Powder|p1a: Sinistcha\n|-singleturn|p1a: Sinistcha|move: Rage Powder\n|move|p1b: Corviknight|Body Press|p2a: Orthworm\n|-supereffective|p2a: Orthworm|1\n|-damage|p2a: Orthworm|0 fnt\n|faint|p2a: Orthworm\n|\n|win|RandomGuyInSchool\n|raw|RandomGuyInSchool's rating: 1101 &rarr; <strong>1119</strong><br />(+18 for winning)\n|raw|OGKRAKEN's rating: 1000 &rarr; <strong>1000</strong><br />(+0 for losing)\n",
  "uploadtime": 1776421740,
  "views": 25,
  "formatid": "gen9championsvgc2026regma",
  "rating": 1000,
  "private": 0,
  "password": null
}