{
  "id": "gen9championsvgc2026regma-2584741946",
  "format": "[Gen 9 Champions] VGC 2026 Reg M-A",
  "players": [
    "u9hiu",
    "academic_idiot"
  ],
  "log": "|j|\u2606u9hiu\n|j|\u203dacademic_idiot\n|t:|1776280441\n|gametype|doubles\n|player|p1|u9hiu|266|1043\n|player|p2|academic_idiot|ethan|1096\n|gen|9\n|tier|[Gen 9 Champions] VGC 2026 Reg M-A\n|rated|\n|rule|Species Clause: Limit one of each Pok\u00e9mon\n|rule|Item Clause: Limit 1 of each item\n|clearpoke\n|poke|p1|Golurk, L50|\n|poke|p1|Incineroar, L50, F|\n|poke|p1|Rotom-Wash, L50|\n|poke|p1|Spiritomb, L50, F|\n|poke|p1|Victreebel, L50, F|\n|poke|p1|Charizard, L50, M|\n|poke|p2|Gengar, L50, F|\n|poke|p2|Gyarados, L50, M|\n|poke|p2|Incineroar, L50, M|\n|poke|p2|Sinistcha, L50|\n|poke|p2|Sneasler, L50, F|\n|poke|p2|Kingambit, L50, F|\n|teampreview|4\n|\n|t:|1776280464\n|teamsize|p1|4\n|teamsize|p2|4\n|start\n|switch|p1a: Incineroar|Incineroar, L50, F|100/100\n|switch|p1b: Spiritomb|Spiritomb, L50, F, shiny|100/100\n|switch|p2a: Gyarados|Gyarados, L50, M|100/100\n|switch|p2b: Kingambit|Kingambit, L50, F|100/100\n|-ability|p2a: Gyarados|Intimidate|boost\n|-unboost|p1a: Incineroar|atk|1\n|-unboost|p1b: Spiritomb|atk|1\n|-ability|p1a: Incineroar|Intimidate|boost\n|-unboost|p2a: Gyarados|atk|1\n|-unboost|p2b: Kingambit|atk|1\n|-ability|p2b: Kingambit|Defiant|boost\n|-boost|p2b: Kingambit|atk|2\n|turn|1\n|\n|t:|1776280482\n|move|p2a: Gyarados|Protect|p2a: Gyarados\n|-singleturn|p2a: Gyarados|Protect\n|move|p1a: Incineroar|Fake Out|p2b: Kingambit\n|-resisted|p2b: Kingambit|1\n|-damage|p2b: Kingambit|97/100\n|cant|p2b: Kingambit|flinch\n|move|p1b: Spiritomb|Will-O-Wisp|p2a: Gyarados\n|-activate|p2a: Gyarados|move: Protect\n|\n|upkeep\n|turn|2\n|\n|t:|1776280512\n|detailschange|p2a: Gyarados|Gyarados-Mega, L50, M\n|-mega|p2a: Gyarados|Gyarados|Gyaradosite\n|-ability|p2a: Gyarados|Mold Breaker\n|move|p2a: Gyarados|Waterfall|p1b: Spiritomb\n|-damage|p1b: Spiritomb|71/100\n|move|p1a: Incineroar|Flare Blitz|p2b: Kingambit\n|-supereffective|p2b: Kingambit|1\n|-damage|p2b: Kingambit|36/100\n|-damage|p1a: Incineroar|80/100|[from] Recoil\n|move|p2b: Kingambit|Kowtow Cleave|p1b: Spiritomb\n|-damage|p1b: Spiritomb|0 fnt\n|faint|p1b: Spiritomb\n|\n|upkeep\n|\n|t:|1776280525\n|switch|p1b: Rotom|Rotom-Wash, L50, shiny|100/100\n|turn|3\n|\n|t:|1776280550\n|move|p2a: Gyarados|Protect|p2a: Gyarados\n|-singleturn|p2a: Gyarados|Protect\n|move|p1b: Rotom|Thunderbolt|p2a: Gyarados\n|-activate|p2a: Gyarados|move: Protect\n|move|p1a: Incineroar|Flare Blitz|p2b: Kingambit\n|-supereffective|p2b: Kingambit|1\n|-damage|p2b: Kingambit|0 fnt\n|faint|p2b: Kingambit\n|-damage|p1a: Incineroar|68/100|[from] Recoil\n|\n|upkeep\n|\n|t:|1776280562\n|switch|p2b: Sneasler|Sneasler, L50, F|100/100\n|turn|4\n|\n|t:|1776280583\n|move|p2b: Sneasler|Fake Out|p1b: Rotom\n|-damage|p1b: Rotom|88/100\n|move|p2a: Gyarados|Waterfall|p1a: Incineroar\n|-supereffective|p1a: Incineroar|1\n|-damage|p1a: Incineroar|5/100\n|cant|p1b: Rotom|flinch\n|move|p1a: Incineroar|Parting Shot|p2a: Gyarados\n|-unboost|p2a: Gyarados|atk|1\n|-unboost|p2a: Gyarados|spa|1\n|\n|t:|1776280591\n|switch|p1a: Golurk|Golurk, L50, shiny|100/100|[from] Parting Shot\n|\n|upkeep\n|turn|5\n|\n|t:|1776280608\n|switch|p2a: Sinistcha|Sinistcha, L50|100/100\n|detailschange|p1a: Golurk|Golurk-Mega, L50, shiny\n|-mega|p1a: Golurk|Golurk|Golurkite\n|move|p2b: Sneasler|Dire Claw|p1b: Rotom\n|-damage|p1b: Rotom|53/100\n|-status|p1b: Rotom|psn\n|move|p1b: Rotom|Will-O-Wisp|p2b: Sneasler|[miss]\n|-miss|p1b: Rotom|p2b: Sneasler\n|move|p1a: Golurk|Earthquake|p2b: Sneasler|[spread] p2a,p2b\n|-immune|p1b: Rotom|[from] ability: Levitate\n|-resisted|p2a: Sinistcha|1\n|-supereffective|p2b: Sneasler|1\n|-crit|p2b: Sneasler\n|-damage|p2a: Sinistcha|76/100\n|-enditem|p2b: Sneasler|Focus Sash\n|-damage|p2b: Sneasler|1/100\n|\n|-heal|p2a: Sinistcha|83/100|[from] item: Leftovers\n|-damage|p1b: Rotom|41/100 psn|[from] psn\n|upkeep\n|-enditem|p1b: Rotom|Sitrus Berry|[eat]\n|-heal|p1b: Rotom|66/100 psn|[from] item: Sitrus Berry\n|turn|6\n|\n|t:|1776280639\n|switch|p1b: Incineroar|Incineroar, L50, F|5/100\n|-ability|p1b: Incineroar|Intimidate|boost\n|-unboost|p2a: Sinistcha|atk|1\n|-unboost|p2b: Sneasler|atk|1\n|move|p2b: Sneasler|Protect|p2b: Sneasler\n|-singleturn|p2b: Sneasler|Protect\n|move|p2a: Sinistcha|Strength Sap|p1a: Golurk\n|-unboost|p1a: Golurk|atk|1\n|-heal|p2a: Sinistcha|100/100\n|move|p1a: Golurk|Poltergeist|p2a: Sinistcha\n|-activate|p2a: Sinistcha|move: Poltergeist|Leftovers\n|-supereffective|p2a: Sinistcha|1\n|-damage|p2a: Sinistcha|12/100\n|\n|-heal|p2a: Sinistcha|18/100|[from] item: Leftovers\n|upkeep\n|turn|7\n|\n|t:|1776280666\n|switch|p2b: Gyarados|Gyarados-Mega, L50, M|100/100\n|-ability|p2b: Gyarados|Mold Breaker\n|move|p1a: Golurk|Protect|p1a: Golurk\n|-singleturn|p1a: Golurk|Protect\n|move|p2a: Sinistcha|Matcha Gotcha|p1b: Incineroar|[spread] p1b\n|-activate|p1a: Golurk|move: Protect\n|-resisted|p1b: Incineroar|1\n|-damage|p1b: Incineroar|0 fnt\n|-heal|p2a: Sinistcha|21/100|[from] drain|[of] p1b: Incineroar\n|faint|p1b: Incineroar\n|\n|-heal|p2a: Sinistcha|27/100|[from] item: Leftovers\n|upkeep\n|\n|t:|1776280676\n|switch|p1b: Rotom|Rotom-Wash, L50, shiny|66/100 psn\n|turn|8\n|\n|t:|1776280696\n|switch|p2b: Sneasler|Sneasler, L50, F|1/100\n|move|p1b: Rotom|Thunderbolt|p2b: Sneasler\n|-damage|p2b: Sneasler|0 fnt\n|faint|p2b: Sneasler\n|move|p2a: Sinistcha|Matcha Gotcha|p1b: Rotom|[spread] p1a,p1b\n|-supereffective|p1a: Golurk|1\n|-supereffective|p1b: Rotom|1\n|-damage|p1a: Golurk|57/100\n|-heal|p2a: Sinistcha|51/100|[from] drain|[of] p1a: Golurk\n|-damage|p1b: Rotom|16/100 psn\n|-heal|p2a: Sinistcha|73/100|[from] drain|[of] p1b: Rotom\n|move|p1a: Golurk|Poltergeist|p2a: Sinistcha\n|-activate|p2a: Sinistcha|move: Poltergeist|Leftovers\n|-supereffective|p2a: Sinistcha|1\n|-damage|p2a: Sinistcha|0 fnt\n|faint|p2a: Sinistcha\n|\n|-damage|p1b: Rotom|4/100 psn|[from] psn\n|upkeep\n|\n|t:|1776280719\n|switch|p2b: Gyarados|Gyarados-Mega, L50, M|100/100\n|-ability|p2b: Gyarados|Mold Breaker\n|turn|9\n|\n|t:|1776280730\n|move|p2b: Gyarados|Protect|p2b: Gyarados\n|-singleturn|p2b: Gyarados|Protect\n|move|p1b: Rotom|Will-O-Wisp|p2b: Gyarados\n|-activate|p2b: Gyarados|move: Protect\n|move|p1a: Golurk|Drain Punch|p2b: Gyarados\n|-supereffective|p2b: Gyarados|1\n|-ability|p1a: Golurk|Unseen Fist\n|-zbroken|p2b: Gyarados\n|-damage|p2b: Gyarados|92/100\n|-heal|p1a: Golurk|61/100|[from] drain|[of] p2b: Gyarados\n|\n|-damage|p1b: Rotom|0 fnt|[from] psn\n|faint|p1b: Rotom\n|upkeep\n|turn|10\n|\n|t:|1776280748\n|move|p2b: Gyarados|Waterfall|p1a: Golurk\n|-supereffective|p1a: Golurk|1\n|-crit|p1a: Golurk\n|-damage|p1a: Golurk|0 fnt\n|faint|p1a: Golurk\n|\n|win|academic_idiot\n|raw|u9hiu's rating: 1043 &rarr; <strong>1029</strong><br />(-14 for losing)\n|raw|academic_idiot's rating: 1096 &rarr; <strong>1118</strong><br />(+22 for winning)\n|l|\u2606u9hiu\n|player|p1|\n",
  "uploadtime": 1776280767,
  "views": 25,
  "formatid": "gen9championsvgc2026regma",
  "rating": 1029,
  "private": 0,
  "password": null
}