{
  "id": "gen9championsvgc2026regma-2581776393",
  "format": "[Gen 9 Champions] VGC 2026 Reg M-A",
  "players": [
    "BusyManVGC",
    "Sttuarrt"
  ],
  "log": "|j|\u2606BusyManVGC\n|j|\u2606Sttuarrt\n|t:|1776027520\n|gametype|doubles\n|player|p1|BusyManVGC|backersf|\n|player|p2|Sttuarrt|1|\n|gen|9\n|tier|[Gen 9 Champions] VGC 2026 Reg M-A\n|rated|Tournament battle\n|rule|Species Clause: Limit one of each Pok\u00e9mon\n|rule|Item Clause: Limit 1 of each item\n|raw|<div class=\"infobox\"><details class=\"readmore\" open><summary><strong>1 custom rule:</strong></summary> Force Open Team Sheets</details></div>\n|clearpoke\n|poke|p1|Gengar, L50, F|\n|poke|p1|Primarina, L50, F|\n|poke|p1|Incineroar, L50, F|\n|poke|p1|Sinistcha, L50|\n|poke|p1|Aerodactyl, L50, F|\n|poke|p1|Garchomp, L50, F|\n|poke|p2|Kleavor, L50, F|\n|poke|p2|Farigiraf, L50, M|\n|poke|p2|Starmie, L50|\n|poke|p2|Torkoal, L50, M|\n|poke|p2|Incineroar, L50, M|\n|poke|p2|Camerupt, L50, F|\n|teampreview|4\n|showteam|p1|Gengar||Gengarite|CursedBody|ShadowBall,WillOWisp,Protect,IcyWind|||F|||50|]Primarina|||LiquidVoice|HyperVoice,Moonblast,Protect|||F|||50|]Incineroar||ChopleBerry|Intimidate|FlareBlitz,ThroatChop,FakeOut,PartingShot|||F|||50|]Sinistcha||SitrusBerry|Hospitality|MatchaGotcha,RagePowder,TrickRoom,LifeDew||||||50|]Aerodactyl||FocusSash|Unnerve|RockSlide,DualWingbeat,WideGuard,Tailwind|||F|||50|]Garchomp||LumBerry|RoughSkin|Earthquake,RockSlide,Protect,DragonClaw|||F|||50|\n|showteam|p2|Kleavor||SilverPowder|Sharpness|XScissor,Feint,StoneAxe,Uturn|||F|||50|]Farigiraf||MentalHerb|ArmorTail|TrickRoom,HyperVoice,HelpingHand,Protect|||M|||50|]Starmie||Starminite|Illuminate|AquaJet,Thunderbolt,Liquidation,PsychoCut||||||50|]Torkoal||Charcoal|Drought|Eruption,HeatWave,EarthPower,SolarBeam|||M|||50|]Incineroar||SitrusBerry|Intimidate|FakeOut,DarkestLariat,FlareBlitz,PartingShot|||M|||50|]Camerupt||Cameruptite|MagmaArmor|EarthPower,HeatWave,Flamethrower,Protect|||F|||50|\n|inactive|Battle timer is ON: inactive players will automatically lose when time's up. (requested by Sttuarrt)\n|inactive|BusyManVGC has 60 seconds left.\n|\n|t:|1776027582\n|teamsize|p1|4\n|teamsize|p2|4\n|start\n|switch|p1a: Gengar|Gengar, L50, F|100/100\n|switch|p1b: Aerodactyl|Aerodactyl, L50, F|100/100\n|switch|p2a: Farigiraf|Farigiraf, L50, M|100/100\n|switch|p2b: Incineroar|Incineroar, L50, M|100/100\n|-ability|p1b: Aerodactyl|Unnerve\n|-ability|p2b: Incineroar|Intimidate|boost\n|-unboost|p1a: Gengar|atk|1\n|-unboost|p1b: Aerodactyl|atk|1\n|turn|1\n|\n|t:|1776027601\n|switch|p1b: Incineroar|Incineroar, L50, F|100/100\n|-ability|p1b: Incineroar|Intimidate|boost\n|-unboost|p2a: Farigiraf|atk|1\n|-unboost|p2b: Incineroar|atk|1\n|detailschange|p1a: Gengar|Gengar-Mega, L50, F\n|-mega|p1a: Gengar|Gengar|Gengarite\n|move|p1a: Gengar|Will-O-Wisp|p2a: Farigiraf\n|-status|p2a: Farigiraf|brn\n|move|p2b: Incineroar|Darkest Lariat|p1a: Gengar\n|-supereffective|p1a: Gengar|1\n|-damage|p1a: Gengar|9/100\n|move|p2a: Farigiraf|Trick Room|p2a: Farigiraf\n|-fieldstart|move: Trick Room|[of] p2a: Farigiraf\n|\n|-damage|p2a: Farigiraf|94/100 brn|[from] brn\n|upkeep\n|turn|2\n|inactive|Sttuarrt has 30 seconds left.\n|\n|t:|1776027627\n|switch|p1a: Aerodactyl|Aerodactyl, L50, F|100/100\n|-ability|p1a: Aerodactyl|Unnerve\n|move|p2b: Incineroar|Parting Shot|p1b: Incineroar\n|-unboost|p1b: Incineroar|atk|1\n|-unboost|p1b: Incineroar|spa|1\n|\n|t:|1776027639\n|switch|p2b: Camerupt|Camerupt, L50, F|100/100|[from] Parting Shot\n|move|p2a: Farigiraf|Hyper Voice|p1b: Incineroar|[spread] p1a,p1b\n|-resisted|p1a: Aerodactyl|1\n|-damage|p1a: Aerodactyl|76/100\n|-damage|p1b: Incineroar|66/100\n|move|p1b: Incineroar|Parting Shot|p2b: Camerupt\n|-unboost|p2b: Camerupt|atk|1\n|-unboost|p2b: Camerupt|spa|1\n|\n|t:|1776027643\n|switch|p1b: Garchomp|Garchomp, L50, F|100/100|[from] Parting Shot\n|\n|-damage|p2a: Farigiraf|88/100 brn|[from] brn\n|upkeep\n|turn|3\n|\n|t:|1776027667\n|switch|p2a: Torkoal|Torkoal, L50, M|100/100\n|-weather|SunnyDay|[from] ability: Drought|[of] p2a: Torkoal\n|switch|p1a: Incineroar|Incineroar, L50, F|66/100\n|-ability|p1a: Incineroar|Intimidate|boost\n|-unboost|p2a: Torkoal|atk|1\n|-unboost|p2b: Camerupt|atk|1\n|detailschange|p2b: Camerupt|Camerupt-Mega, L50, F\n|-mega|p2b: Camerupt|Camerupt|Cameruptite\n|move|p1b: Garchomp|Protect|p1b: Garchomp\n|-singleturn|p1b: Garchomp|Protect\n|move|p2b: Camerupt|Heat Wave|p1b: Garchomp|[spread] p1a\n|-activate|p1b: Garchomp|move: Protect\n|-resisted|p1a: Incineroar|1\n|-damage|p1a: Incineroar|38/100\n|\n|-weather|SunnyDay|[upkeep]\n|upkeep\n|turn|4\n|inactive|BusyManVGC has 30 seconds left.\n|\n|t:|1776027695\n|switch|p2b: Farigiraf|Farigiraf, L50, M|88/100 brn\n|switch|p1a: Aerodactyl|Aerodactyl, L50, F|76/100\n|-ability|p1a: Aerodactyl|Unnerve\n|move|p2a: Torkoal|Eruption|p1a: Aerodactyl|[spread] p1a,p1b\n|-resisted|p1a: Aerodactyl|1\n|-resisted|p1b: Garchomp|1\n|-damage|p1a: Aerodactyl|27/100\n|-damage|p1b: Garchomp|62/100\n|move|p1b: Garchomp|Earthquake|p2b: Farigiraf|[spread] p2a,p2b\n|-immune|p1a: Aerodactyl\n|-supereffective|p2a: Torkoal|1\n|-damage|p2a: Torkoal|49/100\n|-damage|p2b: Farigiraf|45/100 brn\n|\n|-weather|SunnyDay|[upkeep]\n|-damage|p2b: Farigiraf|38/100 brn|[from] brn\n|upkeep\n|turn|5\n|inactive|BusyManVGC has 30 seconds left.\n|\n|t:|1776027725\n|switch|p2b: Incineroar|Incineroar, L50, M|100/100\n|-ability|p2b: Incineroar|Intimidate|boost\n|-unboost|p1a: Aerodactyl|atk|1\n|-unboost|p1b: Garchomp|atk|1\n|move|p1b: Garchomp|Protect|p1b: Garchomp\n|-singleturn|p1b: Garchomp|Protect\n|move|p2a: Torkoal|Heat Wave|p1b: Garchomp|[spread] p1a\n|-activate|p1b: Garchomp|move: Protect\n|-resisted|p1a: Aerodactyl|1\n|-damage|p1a: Aerodactyl|0 fnt\n|faint|p1a: Aerodactyl\n|\n|-weather|SunnyDay|[upkeep]\n|-fieldend|move: Trick Room\n|upkeep\n|\n|t:|1776027737\n|switch|p1a: Incineroar|Incineroar, L50, F|38/100\n|-ability|p1a: Incineroar|Intimidate|boost\n|-unboost|p2a: Torkoal|atk|1\n|-unboost|p2b: Incineroar|atk|1\n|turn|6\n|inactive|BusyManVGC has 30 seconds left.\n|\n|t:|1776027762\n|move|p1a: Incineroar|Fake Out|p2b: Incineroar\n|-damage|p2b: Incineroar|90/100\n|cant|p2b: Incineroar|flinch\n|move|p1b: Garchomp|Rock Slide|p2a: Torkoal|[spread] p2a,p2b\n|-supereffective|p2a: Torkoal|1\n|-supereffective|p2b: Incineroar|1\n|-damage|p2a: Torkoal|33/100\n|-damage|p2b: Incineroar|66/100\n|move|p2a: Torkoal|Earth Power|p1a: Incineroar\n|-supereffective|p1a: Incineroar|1\n|-damage|p1a: Incineroar|0 fnt\n|faint|p1a: Incineroar\n|\n|-weather|SunnyDay|[upkeep]\n|upkeep\n|\n|t:|1776027772\n|switch|p1a: Gengar|Gengar-Mega, L50, F|9/100\n|turn|7\n|\n|t:|1776027784\n|move|p1a: Gengar|Protect|p1a: Gengar\n|-singleturn|p1a: Gengar|Protect\n|move|p1b: Garchomp|Earthquake|p2b: Incineroar|[spread] p2a,p2b\n|-activate|p1a: Gengar|move: Protect\n|-supereffective|p2a: Torkoal|1\n|-supereffective|p2b: Incineroar|1\n|-damage|p2a: Torkoal|0 fnt\n|-damage|p2b: Incineroar|17/100\n|-enditem|p2b: Incineroar|Sitrus Berry|[eat]\n|-heal|p2b: Incineroar|42/100|[from] item: Sitrus Berry\n|faint|p2a: Torkoal\n|move|p2b: Incineroar|Parting Shot|p1b: Garchomp\n|-unboost|p1b: Garchomp|atk|1\n|-unboost|p1b: Garchomp|spa|1\n|\n|t:|1776027797\n|switch|p2b: Farigiraf|Farigiraf, L50, M|38/100 brn|[from] Parting Shot\n|\n|-weather|none\n|-damage|p2b: Farigiraf|32/100 brn|[from] brn\n|upkeep\n|\n|t:|1776027802\n|switch|p2a: Incineroar|Incineroar, L50, M|42/100\n|-ability|p2a: Incineroar|Intimidate|boost\n|-unboost|p1a: Gengar|atk|1\n|-unboost|p1b: Garchomp|atk|1\n|turn|8\n|\n|t:|1776027814\n|move|p2a: Incineroar|Fake Out|p1b: Garchomp\n|-damage|p1b: Garchomp|48/100\n|-damage|p2a: Incineroar|30/100|[from] ability: Rough Skin|[of] p1b: Garchomp\n|move|p1a: Gengar|Icy Wind|p2b: Farigiraf|[spread] p2a,p2b\n|-resisted|p2a: Incineroar|1\n|-damage|p2a: Incineroar|22/100\n|-damage|p2b: Farigiraf|13/100 brn\n|-unboost|p2a: Incineroar|spe|1\n|-unboost|p2b: Farigiraf|spe|1\n|cant|p1b: Garchomp|flinch\n|move|p2b: Farigiraf|Trick Room|p2b: Farigiraf\n|-fieldstart|move: Trick Room|[of] p2b: Farigiraf\n|\n|-damage|p2b: Farigiraf|7/100 brn|[from] brn\n|upkeep\n|turn|9\n|\n|t:|1776027839\n|move|p1b: Garchomp|Protect|p1b: Garchomp\n|-singleturn|p1b: Garchomp|Protect\n|move|p2b: Farigiraf|Hyper Voice|p1a: Gengar|[spread] \n|-activate|p1b: Garchomp|move: Protect\n|-immune|p1a: Gengar\n|move|p2a: Incineroar|Darkest Lariat|p1a: Gengar\n|-supereffective|p1a: Gengar|1\n|-damage|p1a: Gengar|0 fnt\n|faint|p1a: Gengar\n|\n|-damage|p2b: Farigiraf|1/100 brn|[from] brn\n|upkeep\n|turn|10\n|\n|t:|1776027855\n|move|p1b: Garchomp|Protect||[still]\n|-fail|p1b: Garchomp\n|move|p2a: Incineroar|Darkest Lariat|p1b: Garchomp\n|-damage|p1b: Garchomp|2/100\n|-damage|p2a: Incineroar|9/100|[from] ability: Rough Skin|[of] p1b: Garchomp\n|move|p2b: Farigiraf|Hyper Voice|p1b: Garchomp\n|-damage|p1b: Garchomp|0 fnt\n|faint|p1b: Garchomp\n|\n|win|Sttuarrt\n|n|\u2606BusyManVGC|busymanvgc\n|n|\u2606Sttuarrt|sttuarrt\n|l|\u2606BusyManVGC\n|player|p1|\n",
  "uploadtime": 1776027868,
  "views": 12,
  "formatid": "gen9championsvgc2026regma",
  "rating": null,
  "private": 0,
  "password": null
}