{
  "id": "gen9championsvgc2026regma-2582475202",
  "format": "[Gen 9 Champions] VGC 2026 Reg M-A",
  "players": [
    "blog2",
    "Dirt_W0man"
  ],
  "log": "|j|\u2606blog2\n|j|\u2606Dirt_W0man\n|t:|1776094084\n|gametype|doubles\n|player|p1|blog2|169|1040\n|player|p2|Dirt_W0man|iris-gen5bw2|1104\n|gen|9\n|tier|[Gen 9 Champions] VGC 2026 Reg M-A\n|rated|\n|rule|Species Clause: Limit one of each Pok\u00e9mon\n|rule|Item Clause: Limit 1 of each item\n|clearpoke\n|poke|p1|Alakazam, L50, M|\n|poke|p1|Meowstic, L50, M|\n|poke|p1|Incineroar, L50, F|\n|poke|p1|Zoroark-Hisui, L50, M|\n|poke|p1|Dragonite, L50, F|\n|poke|p1|Volcarona, L50, M|\n|poke|p2|Volcarona, L50, F|\n|poke|p2|Whimsicott, L50, F|\n|poke|p2|Sneasler, L50, F|\n|poke|p2|Sinistcha, L50|\n|poke|p2|Aerodactyl, L50, F|\n|poke|p2|Rotom-Wash, L50|\n|teampreview|4\n|inactive|Battle timer is ON: inactive players will automatically lose when time's up. (requested by blog2)\n|\n|t:|1776094128\n|teamsize|p1|4\n|teamsize|p2|4\n|start\n|switch|p1a: Meowstic|Meowstic, L50, M|100/100\n|switch|p1b: Alakazam|Alakazam, L50, M|100/100\n|switch|p2a: Volcarona|Volcarona, L50, F, shiny|100/100\n|switch|p2b: Sneasler|Sneasler, L50, F, shiny|100/100\n|turn|1\n|\n|t:|1776094151\n|move|p1a: Meowstic|Psychic Terrain|p1a: Meowstic\n|-fieldstart|move: Psychic Terrain\n|move|p1b: Alakazam|Expanding Force|p2b: Sneasler|[spread] p2a,p2b\n|-supereffective|p2b: Sneasler|2\n|-damage|p2a: Volcarona|29/100\n|-damage|p2b: Sneasler|0 fnt\n|faint|p2b: Sneasler\n|move|p2a: Volcarona|Quiver Dance|p2a: Volcarona\n|-boost|p2a: Volcarona|spa|1\n|-boost|p2a: Volcarona|spd|1\n|-boost|p2a: Volcarona|spe|1\n|\n|upkeep\n|\n|t:|1776094159\n|switch|p2b: Sinistcha|Sinistcha, L50, shiny|100/100\n|-heal|p2a: Volcarona|54/100|[from] ability: Hospitality|[of] p2b: Sinistcha\n|turn|2\n|\n|t:|1776094182\n|detailschange|p1b: Alakazam|Alakazam-Mega, L50, M\n|-mega|p1b: Alakazam|Alakazam|Alakazite\n|-ability|p1b: Alakazam|Hospitality|Trace|[from] ability: Trace|[of] p2b: Sinistcha\n|move|p1b: Alakazam|Protect|p1b: Alakazam\n|-singleturn|p1b: Alakazam|Protect\n|move|p2a: Volcarona|Bug Buzz|p1b: Alakazam\n|-activate|p1b: Alakazam|move: Protect\n|move|p1a: Meowstic|Expanding Force|p2a: Volcarona|[spread] p2a,p2b\n|-damage|p2a: Volcarona|31/100\n|-damage|p2b: Sinistcha|62/100\n|move|p2b: Sinistcha|Matcha Gotcha|p1a: Meowstic|[spread] p1a\n|-activate|p1b: Alakazam|move: Protect\n|-damage|p1a: Meowstic|77/100\n|-heal|p2b: Sinistcha|74/100|[from] drain|[of] p1a: Meowstic\n|\n|-heal|p2b: Sinistcha|80/100|[from] item: Leftovers\n|upkeep\n|turn|3\n|inactive|blog2 has 30 seconds left.\n|\n|t:|1776094212\n|switch|p1b: Dragonite|Dragonite, L50, F|100/100\n|move|p2b: Sinistcha|Rage Powder|p2b: Sinistcha\n|-singleturn|p2b: Sinistcha|move: Rage Powder\n|move|p2a: Volcarona|Bug Buzz|p1b: Dragonite\n|-resisted|p1b: Dragonite|1\n|-damage|p1b: Dragonite|84/100\n|move|p1a: Meowstic|Expanding Force|p2a: Volcarona|[spread] p2a,p2b\n|-damage|p2a: Volcarona|5/100\n|-damage|p2b: Sinistcha|43/100\n|\n|-heal|p2b: Sinistcha|49/100|[from] item: Leftovers\n|upkeep\n|turn|4\n|\n|t:|1776094233\n|switch|p2b: Aerodactyl|Aerodactyl, L50, F, shiny|100/100\n|move|p2a: Volcarona|Protect|p2a: Volcarona\n|-singleturn|p2a: Volcarona|Protect\n|move|p1a: Meowstic|Expanding Force|p2b: Aerodactyl|[spread] p2b\n|-activate|p2a: Volcarona|move: Protect\n|-damage|p2b: Aerodactyl|53/100\n|move|p1b: Dragonite|Dragon Claw|p2b: Aerodactyl\n|-damage|p2b: Aerodactyl|0 fnt\n|faint|p2b: Aerodactyl\n|\n|upkeep\n|\n|t:|1776094244\n|switch|p2b: Sinistcha|Sinistcha, L50, shiny|49/100\n|-heal|p2a: Volcarona|30/100|[from] ability: Hospitality|[of] p2b: Sinistcha\n|turn|5\n|\n|t:|1776094260\n|move|p2b: Sinistcha|Rage Powder|p2b: Sinistcha\n|-singleturn|p2b: Sinistcha|move: Rage Powder\n|move|p2a: Volcarona|Heat Wave|p1a: Meowstic|[spread] p1a,p1b\n|-resisted|p1b: Dragonite|1\n|-damage|p1a: Meowstic|22/100\n|-damage|p1b: Dragonite|56/100\n|move|p1a: Meowstic|Expanding Force|p2a: Volcarona|[spread] p2a,p2b\n|-damage|p2a: Volcarona|4/100\n|-damage|p2b: Sinistcha|6/100\n|move|p1b: Dragonite|Dragon Claw|p2b: Sinistcha\n|-damage|p2b: Sinistcha|0 fnt\n|faint|p2b: Sinistcha\n|\n|-fieldend|move: Psychic Terrain\n|upkeep\n|turn|6\n|\n|t:|1776094273\n|move|p2a: Volcarona|Heat Wave|p1b: Dragonite|[spread] p1b\n|-miss|p2a: Volcarona|p1a: Meowstic\n|-resisted|p1b: Dragonite|1\n|-damage|p1b: Dragonite|29/100\n|move|p1a: Meowstic|Expanding Force|p2a: Volcarona\n|-damage|p2a: Volcarona|0 fnt\n|faint|p2a: Volcarona\n|\n|win|blog2\n|raw|blog2's rating: 1040 &rarr; <strong>1080</strong><br />(+40 for winning)\n|raw|Dirt_W0man's rating: 1104 &rarr; <strong>1074</strong><br />(-30 for losing)\n",
  "uploadtime": 1776094276,
  "views": 17,
  "formatid": "gen9championsvgc2026regma",
  "rating": 1074,
  "private": 0,
  "password": null
}