{
  "id": "gen9championsvgc2026regma-2588085534",
  "format": "[Gen 9 Champions] VGC 2026 Reg M-A",
  "players": [
    "Kloroxy",
    "sillygoosezy"
  ],
  "log": "|j|\u2606Kloroxy\n|j|\u2606sillygoosezy\n|t:|1776602590\n|gametype|doubles\n|player|p1|Kloroxy|gambler|1095\n|player|p2|sillygoosezy|102|1000\n|gen|9\n|tier|[Gen 9 Champions] VGC 2026 Reg M-A\n|rated|\n|rule|Species Clause: Limit one of each Pok\u00e9mon\n|rule|Item Clause: Limit 1 of each item\n|clearpoke\n|poke|p1|Lopunny, L50, F|\n|poke|p1|Milotic, L50, M|\n|poke|p1|Gengar, L50, F|\n|poke|p1|Talonflame, L50, M|\n|poke|p1|Dragonite, L50, F|\n|poke|p1|Charizard, L50, F|\n|poke|p2|Sinistcha, L50, shiny|\n|poke|p2|Incineroar, L50, M|\n|poke|p2|Froslass, L50, F, shiny|\n|poke|p2|Sneasler, L50, F|\n|poke|p2|Basculegion, L50, M|\n|poke|p2|Kingambit, L50, M|\n|teampreview|4\n|\n|t:|1776602631\n|teamsize|p1|4\n|teamsize|p2|4\n|start\n|switch|p1a: Lopunny|Lopunny, L50, F|100/100\n|switch|p1b: Gengar|Gengar, L50, F|100/100\n|switch|p2a: Sneasler|Sneasler, L50, F|100/100\n|switch|p2b: Incineroar|Incineroar, L50, M|100/100\n|-ability|p2b: Incineroar|Intimidate|boost\n|-unboost|p1a: Lopunny|atk|1\n|-unboost|p1b: Gengar|atk|1\n|turn|1\n|\n|t:|1776602661\n|move|p2a: Sneasler|Protect|p2a: Sneasler\n|-singleturn|p2a: Sneasler|Protect\n|move|p1a: Lopunny|Fake Out|p2a: Sneasler\n|-activate|p2a: Sneasler|move: Protect\n|move|p2b: Incineroar|Fake Out|p1a: Lopunny\n|-damage|p1a: Lopunny|87/100\n|move|p1b: Gengar|Thunderbolt|p2b: Incineroar\n|-damage|p2b: Incineroar|79/100\n|\n|-heal|p1a: Lopunny|93/100|[from] item: Leftovers\n|upkeep\n|turn|2\n|\n|t:|1776602684\n|move|p2b: Incineroar|Helping Hand|p2a: Sneasler\n|-singleturn|p2a: Sneasler|Helping Hand|[of] p2b: Incineroar\n|move|p2a: Sneasler|Close Combat|p1a: Lopunny\n|-supereffective|p1a: Lopunny|1\n|-damage|p1a: Lopunny|0 fnt\n|-unboost|p2a: Sneasler|def|1\n|-unboost|p2a: Sneasler|spd|1\n|faint|p1a: Lopunny\n|move|p1b: Gengar|Destiny Bond|p1b: Gengar\n|-singlemove|p1b: Gengar|Destiny Bond\n|\n|upkeep\n|\n|t:|1776602704\n|switch|p1a: Charizard|Charizard, L50, F|100/100\n|turn|3\n|\n|t:|1776602732\n|move|p2a: Sneasler|Protect|p2a: Sneasler\n|-singleturn|p2a: Sneasler|Protect\n|move|p1b: Gengar|Protect|p1b: Gengar\n|-singleturn|p1b: Gengar|Protect\n|move|p1a: Charizard|Earthquake|p2a: Sneasler|[spread] p2b\n|-activate|p1b: Gengar|move: Protect\n|-activate|p2a: Sneasler|move: Protect\n|-supereffective|p2b: Incineroar|1\n|-damage|p2b: Incineroar|53/100\n|move|p2b: Incineroar|Parting Shot|p1a: Charizard\n|-unboost|p1a: Charizard|atk|1\n|-unboost|p1a: Charizard|spa|1\n|\n|t:|1776602757\n|switch|p2b: Froslass|Froslass, L50, F, shiny|100/100|[from] Parting Shot\n|\n|upkeep\n|turn|4\n|\n|t:|1776602779\n|detailschange|p2b: Froslass|Froslass-Mega, L50, F, shiny\n|-mega|p2b: Froslass|Froslass|Froslassite\n|-weather|Snowscape|[from] ability: Snow Warning|[of] p2b: Froslass\n|move|p2a: Sneasler|Coaching|p2b: Froslass\n|-boost|p2b: Froslass|atk|1\n|-boost|p2b: Froslass|def|1\n|move|p2b: Froslass|Aurora Veil|p2b: Froslass\n|-sidestart|p2: sillygoosezy|move: Aurora Veil\n|move|p1b: Gengar|Shadow Ball|p2b: Froslass\n|-supereffective|p2b: Froslass|1\n|-damage|p2b: Froslass|39/100\n|move|p1a: Charizard|Heat Wave|p2a: Sneasler|[spread] p2a,p2b\n|-supereffective|p2b: Froslass|1\n|-damage|p2a: Sneasler|75/100\n|-damage|p2b: Froslass|12/100\n|\n|-weather|Snowscape|[upkeep]\n|upkeep\n|turn|5\n|\n|t:|1776602804\n|detailschange|p1a: Charizard|Charizard-Mega-Y, L50, F\n|-mega|p1a: Charizard|Charizard|Charizardite Y\n|-weather|SunnyDay|[from] ability: Drought|[of] p1a: Charizard\n|move|p1a: Charizard|Protect|p1a: Charizard\n|-singleturn|p1a: Charizard|Protect\n|move|p2a: Sneasler|Dire Claw|p1a: Charizard\n|-activate|p1a: Charizard|move: Protect\n|move|p2b: Froslass|Blizzard|p1b: Gengar|[spread] \n|-activate|p1a: Charizard|move: Protect\n|-miss|p2b: Froslass|p1b: Gengar\n|move|p1b: Gengar|Destiny Bond|p1b: Gengar\n|-singlemove|p1b: Gengar|Destiny Bond\n|\n|-weather|SunnyDay|[upkeep]\n|upkeep\n|turn|6\n|\n|t:|1776602830\n|move|p2b: Froslass|Blizzard|p1a: Charizard|[spread] p1a\n|-miss|p2b: Froslass|p1b: Gengar\n|-damage|p1a: Charizard|57/100\n|move|p2a: Sneasler|Dire Claw|p1a: Charizard\n|-damage|p1a: Charizard|15/100\n|move|p1b: Gengar|Shadow Ball|p2b: Froslass\n|-supereffective|p2b: Froslass|1\n|-damage|p2b: Froslass|0 fnt\n|faint|p2b: Froslass\n|move|p1a: Charizard|Heat Wave|p2a: Sneasler\n|-damage|p2a: Sneasler|10/100\n|\n|-weather|SunnyDay|[upkeep]\n|upkeep\n|\n|t:|1776602846\n|switch|p2b: Incineroar|Incineroar, L50, M|53/100\n|-ability|p2b: Incineroar|Intimidate|boost\n|-unboost|p1a: Charizard|atk|1\n|-unboost|p1b: Gengar|atk|1\n|turn|7\n|\n|t:|1776602871\n|move|p2a: Sneasler|Protect|p2a: Sneasler\n|-singleturn|p2a: Sneasler|Protect\n|move|p1b: Gengar|Protect|p1b: Gengar\n|-singleturn|p1b: Gengar|Protect\n|move|p2b: Incineroar|Fake Out|p1a: Charizard\n|-damage|p1a: Charizard|3/100\n|cant|p1a: Charizard|flinch\n|\n|-weather|SunnyDay|[upkeep]\n|upkeep\n|turn|8\n|\n|t:|1776602890\n|move|p2a: Sneasler|Close Combat|p1a: Charizard\n|-resisted|p1a: Charizard|1\n|-damage|p1a: Charizard|0 fnt\n|-unboost|p2a: Sneasler|def|1\n|-unboost|p2a: Sneasler|spd|1\n|faint|p1a: Charizard\n|move|p1b: Gengar|Thunderbolt|p2b: Incineroar\n|-damage|p2b: Incineroar|39/100\n|move|p2b: Incineroar|Flare Blitz|p1b: Gengar\n|-damage|p1b: Gengar|0 fnt\n|faint|p1b: Gengar\n|-damage|p2b: Incineroar|16/100|[from] Recoil\n|\n|-weather|SunnyDay|[upkeep]\n|-sideend|p2: sillygoosezy|move: Aurora Veil\n|upkeep\n|\n|t:|1776602907\n|switch|p1a: Milotic|Milotic, L50, M|100/100\n|turn|9\n|\n|t:|1776602916\n|move|p2a: Sneasler|Protect|p2a: Sneasler\n|-singleturn|p2a: Sneasler|Protect\n|move|p1a: Milotic|Muddy Water|p2b: Incineroar|[spread] p2b\n|-activate|p2a: Sneasler|move: Protect\n|-supereffective|p2b: Incineroar|1\n|-damage|p2b: Incineroar|0 fnt\n|faint|p2b: Incineroar\n|\n|-weather|none\n|upkeep\n|\n|t:|1776602924\n|switch|p2b: Sinistcha|Sinistcha, L50, shiny|100/100\n|-heal|p2a: Sneasler|34/100|[from] ability: Hospitality|[of] p2b: Sinistcha\n|turn|10\n|\n|t:|1776602936\n|move|p2a: Sneasler|Coaching|p2b: Sinistcha\n|-boost|p2b: Sinistcha|atk|1\n|-boost|p2b: Sinistcha|def|1\n|move|p1a: Milotic|Icy Wind|p2a: Sneasler|[spread] p2a,p2b\n|-supereffective|p2b: Sinistcha|1\n|-damage|p2a: Sneasler|4/100\n|-damage|p2b: Sinistcha|77/100\n|-unboost|p2a: Sneasler|spe|1\n|-unboost|p2b: Sinistcha|spe|1\n|move|p2b: Sinistcha|Matcha Gotcha|p1a: Milotic\n|-supereffective|p1a: Milotic|1\n|-damage|p1a: Milotic|47/100\n|-heal|p2b: Sinistcha|100/100|[from] drain|[of] p1a: Milotic\n|-enditem|p1a: Milotic|Sitrus Berry|[eat]\n|-heal|p1a: Milotic|72/100|[from] item: Sitrus Berry\n|\n|upkeep\n|turn|11\n|\n|t:|1776602962\n|move|p2a: Sneasler|Protect|p2a: Sneasler\n|-singleturn|p2a: Sneasler|Protect\n|move|p1a: Milotic|Icy Wind|p2a: Sneasler|[spread] p2b\n|-activate|p2a: Sneasler|move: Protect\n|-supereffective|p2b: Sinistcha|1\n|-damage|p2b: Sinistcha|78/100\n|-unboost|p2b: Sinistcha|spe|1\n|move|p2b: Sinistcha|Matcha Gotcha|p1a: Milotic\n|-supereffective|p1a: Milotic|1\n|-damage|p1a: Milotic|18/100\n|-heal|p2b: Sinistcha|100/100|[from] drain|[of] p1a: Milotic\n|\n|upkeep\n|turn|12\n|-message|Kloroxy forfeited.\n|\n|win|sillygoosezy\n|raw|Kloroxy's rating: 1095 &rarr; <strong>1064</strong><br />(-31 for losing)\n|raw|sillygoosezy's rating: 1000 &rarr; <strong>1051</strong><br />(+51 for winning)\n|l|\u2606Kloroxy\n|player|p1|\n|n|\u2606sillygoosezy|sillygoosezy\n",
  "uploadtime": 1776603052,
  "views": 10,
  "formatid": "gen9championsvgc2026regma",
  "rating": 1051,
  "private": 0,
  "password": null
}