{
  "id": "gen9championsvgc2026regma-2582250030",
  "format": "[Gen 9 Champions] VGC 2026 Reg M-A",
  "players": [
    "AdriFD",
    "MiraidonGaming"
  ],
  "log": "|j|\u2606AdriFD\n|j|\u2606MiraidonGaming\n|t:|1776076103\n|gametype|doubles\n|player|p1|AdriFD|170|1114\n|player|p2|MiraidonGaming|lucas|1092\n|gen|9\n|tier|[Gen 9 Champions] VGC 2026 Reg M-A\n|rated|\n|rule|Species Clause: Limit one of each Pok\u00e9mon\n|rule|Item Clause: Limit 1 of each item\n|clearpoke\n|poke|p1|Charizard, L50, M|\n|poke|p1|Venusaur, L50, F|\n|poke|p1|Milotic, L50, F|\n|poke|p1|Incineroar, L50, M|\n|poke|p1|Tyranitar, L50, F|\n|poke|p1|Garchomp, L50, F|\n|poke|p2|Typhlosion-Hisui, L50, F|\n|poke|p2|Charizard, L50, M|\n|poke|p2|Liepard, L50, M|\n|poke|p2|Medicham, L50, F|\n|poke|p2|Venusaur, L50, M|\n|poke|p2|Quaquaval, L50, M|\n|teampreview|4\n|\n|t:|1776076112\n|teamsize|p1|4\n|teamsize|p2|4\n|start\n|switch|p1a: Incineroar|Incineroar, L50, M|100/100\n|switch|p1b: Garchomp|Garchomp, L50, F|100/100\n|switch|p2a: Typhlosion|Typhlosion-Hisui, L50, F|100/100\n|switch|p2b: Charizard|Charizard, L50, M|100/100\n|-item|p1a: Incineroar|Sitrus Berry|[from] ability: Frisk|[of] p2a: Typhlosion\n|-item|p1b: Garchomp|Focus Sash|[from] ability: Frisk|[of] p2a: Typhlosion\n|-ability|p1a: Incineroar|Intimidate|boost\n|-unboost|p2a: Typhlosion|atk|1\n|-unboost|p2b: Charizard|atk|1\n|turn|1\n|\n|t:|1776076139\n|detailschange|p2b: Charizard|Charizard-Mega-Y, L50, M\n|-mega|p2b: Charizard|Charizard|Charizardite Y\n|-weather|SunnyDay|[from] ability: Drought|[of] p2b: Charizard\n|move|p2a: Typhlosion|Eruption|p1a: Incineroar|[spread] p1a,p1b\n|-resisted|p1a: Incineroar|1\n|-crit|p1a: Incineroar\n|-resisted|p1b: Garchomp|1\n|-damage|p1a: Incineroar|46/100\n|-damage|p1b: Garchomp|53/100\n|-enditem|p1a: Incineroar|Sitrus Berry|[eat]\n|-heal|p1a: Incineroar|70/100|[from] item: Sitrus Berry\n|move|p1b: Garchomp|Dragon Claw|p2a: Typhlosion\n|-damage|p2a: Typhlosion|43/100\n|move|p2b: Charizard|Weather Ball|p1b: Garchomp\n|-resisted|p1b: Garchomp|1\n|-damage|p1b: Garchomp|1/100\n|move|p1a: Incineroar|Darkest Lariat|p2a: Typhlosion\n|-supereffective|p2a: Typhlosion|1\n|-damage|p2a: Typhlosion|0 fnt\n|faint|p2a: Typhlosion\n|\n|-weather|SunnyDay|[upkeep]\n|upkeep\n|\n|t:|1776076156\n|switch|p2a: Kota|Liepard, L50, M|100/100\n|turn|2\n|\n|t:|1776076164\n|switch|p1a: Tyranitar|Tyranitar, L50, F, shiny|100/100\n|-weather|Sandstorm|[from] ability: Sand Stream|[of] p1a: Tyranitar\n|move|p1b: Garchomp|Protect|p1b: Garchomp\n|-singleturn|p1b: Garchomp|Protect\n|move|p2a: Kota|Fake Out|p1b: Garchomp\n|-activate|p1b: Garchomp|move: Protect\n|move|p2b: Charizard|Weather Ball|p1a: Tyranitar\n|-damage|p1a: Tyranitar|78/100\n|\n|-weather|Sandstorm|[upkeep]\n|-damage|p2a: Kota|95/100|[from] Sandstorm\n|-damage|p2b: Charizard|95/100|[from] Sandstorm\n|upkeep\n|turn|3\n|\n|t:|1776076195\n|switch|p1b: Incineroar|Incineroar, L50, M|70/100\n|-ability|p1b: Incineroar|Intimidate|boost\n|-unboost|p2a: Kota|atk|1\n|-unboost|p2b: Charizard|atk|1\n|switch|p2b: Quaquaval|Quaquaval, L50, M|100/100\n|detailschange|p1a: Tyranitar|Tyranitar-Mega, L50, F, shiny\n|-mega|p1a: Tyranitar|Tyranitar|Tyranitarite\n|move|p2a: Kota|Encore|p1b: Incineroar\n|-hint|Since gen 7, Dark is immune to Prankster moves.\n|-immune|p1b: Incineroar\n|move|p1a: Tyranitar|Dragon Dance|p1a: Tyranitar\n|-boost|p1a: Tyranitar|atk|1\n|-boost|p1a: Tyranitar|spe|1\n|\n|-weather|Sandstorm|[upkeep]\n|-damage|p2a: Kota|89/100|[from] Sandstorm\n|-damage|p2b: Quaquaval|94/100|[from] Sandstorm\n|-damage|p1b: Incineroar|64/100|[from] Sandstorm\n|upkeep\n|turn|4\n|\n|t:|1776076217\n|move|p1b: Incineroar|Fake Out|p2a: Kota\n|-damage|p2a: Kota|67/100\n|cant|p2a: Kota|flinch\n|move|p2b: Quaquaval|Close Combat|p1a: Tyranitar\n|-supereffective|p1a: Tyranitar|2\n|-damage|p1a: Tyranitar|0 fnt\n|-unboost|p2b: Quaquaval|def|1\n|-unboost|p2b: Quaquaval|spd|1\n|faint|p1a: Tyranitar\n|-ability|p2b: Quaquaval|Moxie|boost\n|-boost|p2b: Quaquaval|atk|1\n|\n|-weather|Sandstorm|[upkeep]\n|-damage|p2a: Kota|62/100|[from] Sandstorm\n|-damage|p2b: Quaquaval|88/100|[from] Sandstorm\n|-damage|p1b: Incineroar|58/100|[from] Sandstorm\n|upkeep\n|\n|t:|1776076232\n|switch|p1a: Garchomp|Garchomp, L50, F|1/100\n|turn|5\n|\n|t:|1776076248\n|switch|p1b: Milotic|Milotic, L50, F|100/100\n|move|p2a: Kota|Sucker Punch|p1a: Garchomp|[miss]\n|-miss|p2a: Kota|p1a: Garchomp\n|move|p1a: Garchomp|Dragon Claw|p2a: Kota\n|-damage|p2a: Kota|0 fnt\n|faint|p2a: Kota\n|move|p2b: Quaquaval|Aqua Step|p1b: Milotic\n|-resisted|p1b: Milotic|1\n|-damage|p1b: Milotic|64/100\n|-boost|p2b: Quaquaval|spe|1\n|\n|-weather|Sandstorm|[upkeep]\n|-damage|p2b: Quaquaval|82/100|[from] Sandstorm\n|-damage|p1b: Milotic|59/100|[from] Sandstorm\n|-heal|p1b: Milotic|64/100|[from] item: Leftovers\n|upkeep\n|c|\u2606MiraidonGaming|Wow\n|\n|t:|1776076261\n|switch|p2a: Charizard|Charizard-Mega-Y, L50, M|95/100\n|-weather|SunnyDay|[from] ability: Drought|[of] p2a: Charizard\n|turn|6\n|\n|t:|1776076283\n|switch|p1b: Incineroar|Incineroar, L50, M|58/100\n|-ability|p1b: Incineroar|Intimidate|boost\n|-unboost|p2a: Charizard|atk|1\n|-unboost|p2b: Quaquaval|atk|1\n|move|p2b: Quaquaval|Aqua Step|p1a: Garchomp\n|-damage|p1a: Garchomp|0 fnt\n|-boost|p2b: Quaquaval|spe|1\n|faint|p1a: Garchomp\n|-ability|p2b: Quaquaval|Moxie|boost\n|-boost|p2b: Quaquaval|atk|1\n|move|p2a: Charizard|Solar Beam||[still]\n|-prepare|p2a: Charizard|Solar Beam\n|-anim|p2a: Charizard|Solar Beam|p1b: Incineroar\n|-resisted|p1b: Incineroar|1\n|-damage|p1b: Incineroar|39/100\n|\n|-weather|SunnyDay|[upkeep]\n|upkeep\n|\n|t:|1776076297\n|switch|p1a: Milotic|Milotic, L50, F|64/100\n|turn|7\n|c|\u2606AdriFD|first time on tyranitar and first time vs quaqaval\n|c|\u2606AdriFD|im tired of this game\u00e7\n|\n|t:|1776076348\n|move|p1a: Milotic|Protect|p1a: Milotic\n|-singleturn|p1a: Milotic|Protect\n|move|p2b: Quaquaval|Close Combat|p1a: Milotic\n|-activate|p1a: Milotic|move: Protect\n|move|p2a: Charizard|Solar Beam||[still]\n|-prepare|p2a: Charizard|Solar Beam\n|-anim|p2a: Charizard|Solar Beam|p1a: Milotic\n|-activate|p1a: Milotic|move: Protect\n|move|p1b: Incineroar|Flare Blitz|p2b: Quaquaval\n|-resisted|p2b: Quaquaval|1\n|-damage|p2b: Quaquaval|11/100\n|-enditem|p2b: Quaquaval|Sitrus Berry|[eat]\n|-heal|p2b: Quaquaval|36/100|[from] item: Sitrus Berry\n|-damage|p1b: Incineroar|21/100|[from] Recoil\n|\n|-weather|SunnyDay|[upkeep]\n|-heal|p1a: Milotic|70/100|[from] item: Leftovers\n|upkeep\n|turn|8\n|\n|t:|1776076372\n|move|p2b: Quaquaval|Aqua Step|p1b: Incineroar\n|-supereffective|p1b: Incineroar|1\n|-damage|p1b: Incineroar|0 fnt\n|-boost|p2b: Quaquaval|spe|1\n|faint|p1b: Incineroar\n|-ability|p2b: Quaquaval|Moxie|boost\n|-boost|p2b: Quaquaval|atk|1\n|move|p2a: Charizard|Solar Beam||[still]\n|-prepare|p2a: Charizard|Solar Beam\n|-anim|p2a: Charizard|Solar Beam|p1a: Milotic\n|-supereffective|p1a: Milotic|1\n|-damage|p1a: Milotic|0 fnt\n|faint|p1a: Milotic\n|\n|win|MiraidonGaming\n|raw|AdriFD's rating: 1114 &rarr; <strong>1089</strong><br />(-25 for losing)\n|raw|MiraidonGaming's rating: 1114 &rarr; <strong>1139</strong><br />(+25 for winning)\n|l|\u2606AdriFD\n|player|p1|\n",
  "uploadtime": 1776076388,
  "views": 11,
  "formatid": "gen9championsvgc2026regma",
  "rating": 1089,
  "private": 0,
  "password": null
}