{
  "id": "gen9championsvgc2026regma-2589409832",
  "format": "[Gen 9 Champions] VGC 2026 Reg M-A",
  "players": [
    "Nerox47",
    "DraKaynite"
  ],
  "log": "|j|\u2606Nerox47\n|j|\u2606DraKaynite\n|t:|1776720622\n|gametype|doubles\n|player|p1|Nerox47|burglar|1064\n|player|p2|DraKaynite|caitlin|1035\n|gen|9\n|tier|[Gen 9 Champions] VGC 2026 Reg M-A\n|rated|\n|rule|Species Clause: Limit one of each Pok\u00e9mon\n|rule|Item Clause: Limit 1 of each item\n|clearpoke\n|poke|p1|Gallade, L50, M|\n|poke|p1|Clefable, L50, F|\n|poke|p1|Weavile, L50, F|\n|poke|p1|Typhlosion-Hisui, L50, M|\n|poke|p1|Jolteon, L50, F|\n|poke|p1|Palafin, L50, M|\n|poke|p2|Aerodactyl, L50, F|\n|poke|p2|Tsareena, L50, F|\n|poke|p2|Floette-Eternal, L50, F|\n|poke|p2|Incineroar, L50, F|\n|poke|p2|Gyarados, L50, M|\n|poke|p2|Garchomp, L50, M|\n|teampreview|4\n|inactive|Battle timer is ON: inactive players will automatically lose when time's up. (requested by Nerox47)\nDraKaynite has agreed to open team sheets.\n|inactive|DraKaynite has 60 seconds left.\nNerox47 rejected open team sheets.\n|c|\u2606Nerox47|Gl hf\n|inactive|DraKaynite has 30 seconds left.\n|\n|t:|1776720713\n|teamsize|p1|4\n|teamsize|p2|4\n|start\n|switch|p1a: Palafin|Palafin, L50, M|100/100\n|switch|p1b: Weavile|Weavile, L50, F|100/100\n|switch|p2a: Gyarados|Gyarados, L50, M|100/100\n|switch|p2b: Aerodactyl|Aerodactyl, L50, F|100/100\n|-ability|p2b: Aerodactyl|Unnerve\n|-ability|p1b: Weavile|Pressure\n|-ability|p2a: Gyarados|Intimidate|boost\n|-unboost|p1a: Palafin|atk|1\n|-unboost|p1b: Weavile|atk|1\n|turn|1\n|c|\u2606DraKaynite|glhf!\n|\n|t:|1776720732\n|detailschange|p2a: Gyarados|Gyarados-Mega, L50, M\n|-mega|p2a: Gyarados|Gyarados|Gyaradosite\n|-ability|p2a: Gyarados|Mold Breaker\n|move|p2b: Aerodactyl|Protect|p2b: Aerodactyl\n|-singleturn|p2b: Aerodactyl|Protect\n|move|p1b: Weavile|Fake Out|p2b: Aerodactyl\n|-activate|p2b: Aerodactyl|move: Protect\n|move|p1a: Palafin|Flip Turn|p2b: Aerodactyl\n|-activate|p2b: Aerodactyl|move: Protect\n|move|p2a: Gyarados|Dragon Dance|p2a: Gyarados\n|-boost|p2a: Gyarados|atk|1\n|-boost|p2a: Gyarados|spe|1\n|\n|upkeep\n|turn|2\n|inactive|DraKaynite has 30 seconds left.\n|\n|t:|1776720764\n|switch|p2b: Incineroar|Incineroar, L50, F|100/100\n|-ability|p2b: Incineroar|Intimidate|boost\n|-unboost|p1a: Palafin|atk|1\n|-unboost|p1b: Weavile|atk|1\n|move|p1b: Weavile|Ice Shard|p2b: Incineroar\n|-resisted|p2b: Incineroar|1\n|-damage|p2b: Incineroar|96/100\n|move|p2a: Gyarados|Crunch|p1a: Palafin\n|-damage|p1a: Palafin|7/100\n|move|p1a: Palafin|Flip Turn|p2b: Incineroar\n|-supereffective|p2b: Incineroar|1\n|-damage|p2b: Incineroar|69/100\n|\n|t:|1776720782\n|detailschange|p1a: Palafin|Palafin-Hero, L50, M\n|switch|p1a: Gallade|Gallade, L50, M|100/100|[from] Flip Turn\n|\n|upkeep\n|turn|3\n|inactive|DraKaynite has 30 seconds left.\n|\n|t:|1776720807\n|detailschange|p1a: Gallade|Gallade-Mega, L50, M\n|-mega|p1a: Gallade|Gallade|Galladite\n|move|p1b: Weavile|Upper Hand|p2b: Incineroar\n|-supereffective|p2b: Incineroar|1\n|-damage|p2b: Incineroar|48/100\n|-enditem|p2b: Incineroar|Sitrus Berry|[eat]\n|-heal|p2b: Incineroar|73/100|[from] item: Sitrus Berry\n|cant|p2b: Incineroar|flinch\n|move|p2a: Gyarados|Crunch|p1a: Gallade\n|-damage|p1a: Gallade|17/100\n|move|p1a: Gallade|Sacred Sword|p2a: Gyarados\n|-supereffective|p2a: Gyarados|1\n|-damage|p2a: Gyarados|0 fnt\n|faint|p2a: Gyarados\n|\n|upkeep\n|\n|t:|1776720825\n|switch|p2a: Garchomp|Garchomp, L50, M|100/100\n|turn|4\n|\n|t:|1776720833\n|switch|p2b: Aerodactyl|Aerodactyl, L50, F|100/100\n|-ability|p2b: Aerodactyl|Unnerve\n|move|p1a: Gallade|Protect|p1a: Gallade\n|-singleturn|p1a: Gallade|Protect\n|move|p1b: Weavile|Ice Shard|p2a: Garchomp\n|-supereffective|p2a: Garchomp|2\n|-damage|p2a: Garchomp|65/100\n|move|p2a: Garchomp|Earthquake|p1b: Weavile|[spread] p1b\n|-activate|p1a: Gallade|move: Protect\n|-immune|p2b: Aerodactyl\n|-damage|p1b: Weavile|11/100\n|\n|upkeep\n|turn|5\n|inactive|Nerox47 has 30 seconds left.\n|inactive|Nerox47 has 20 seconds left.\n|\n|t:|1776720869\n|switch|p1a: Typhlosion|Typhlosion-Hisui, L50, M|100/100\n|-item|p2a: Garchomp|Soft Sand|[from] ability: Frisk|[of] p1a: Typhlosion\n|-item|p2b: Aerodactyl|Focus Sash|[from] ability: Frisk|[of] p1a: Typhlosion\n|move|p1b: Weavile|Ice Shard|p2a: Garchomp\n|-supereffective|p2a: Garchomp|2\n|-damage|p2a: Garchomp|32/100\n|move|p2b: Aerodactyl|Tailwind|p2b: Aerodactyl\n|-sidestart|p2: DraKaynite|move: Tailwind\n|move|p2a: Garchomp|Earthquake|p1b: Weavile|[spread] p1a,p1b\n|-immune|p2b: Aerodactyl\n|-supereffective|p1a: Typhlosion|1\n|-damage|p1a: Typhlosion|0 fnt\n|-damage|p1b: Weavile|0 fnt\n|faint|p1a: Typhlosion\n|faint|p1b: Weavile\n|\n|upkeep\n|\n|t:|1776720883\n|switch|p1b: Gallade|Gallade-Mega, L50, M|17/100\n|switch|p1a: Palafin|Palafin-Hero, L50, M|7/100\n|-activate|p1a: Palafin|ability: Zero to Hero\n|turn|6\n|\n|t:|1776720892\n|move|p1b: Gallade|Protect|p1b: Gallade\n|-singleturn|p1b: Gallade|Protect\n|move|p1a: Palafin|Aqua Jet|p2b: Aerodactyl\n|-supereffective|p2b: Aerodactyl|1\n|-damage|p2b: Aerodactyl|14/100\n|move|p2b: Aerodactyl|Rock Slide|p1a: Palafin|[spread] p1a\n|-activate|p1b: Gallade|move: Protect\n|-damage|p1a: Palafin|0 fnt\n|faint|p1a: Palafin\n|move|p2a: Garchomp|Earthquake|p1b: Gallade|[spread] \n|-activate|p1b: Gallade|move: Protect\n|-immune|p2b: Aerodactyl\n|\n|upkeep\n|turn|7\n|\n|t:|1776720908\n|move|p2b: Aerodactyl|Dual Wingbeat|p1b: Gallade\n|-supereffective|p1b: Gallade|1\n|-damage|p1b: Gallade|0 fnt\n|faint|p1b: Gallade\n|-hitcount|p1: Gallade|1\n|\n|win|DraKaynite\n|raw|Nerox47's rating: 1064 &rarr; <strong>1043</strong><br />(-21 for losing)\n|raw|DraKaynite's rating: 1035 &rarr; <strong>1073</strong><br />(+38 for winning)\n|l|\u2606Nerox47\n|player|p1|\n",
  "uploadtime": 1776720911,
  "views": 6,
  "formatid": "gen9championsvgc2026regma",
  "rating": 1043,
  "private": 0,
  "password": null
}