{
  "id": "gen9championsvgc2026regma-2583638204",
  "format": "[Gen 9 Champions] VGC 2026 Reg M-A",
  "players": [
    "strami",
    "Luna90909"
  ],
  "log": "|j|\u2606strami\n|j|\u2606Luna90909\n|t:|1776188047\n|gametype|doubles\n|player|p1|strami|hoopster|1256\n|player|p2|Luna90909|2|1263\n|gen|9\n|tier|[Gen 9 Champions] VGC 2026 Reg M-A\n|rated|\n|rule|Species Clause: Limit one of each Pok\u00e9mon\n|rule|Item Clause: Limit 1 of each item\n|clearpoke\n|poke|p1|Garchomp, L50, M|\n|poke|p1|Orthworm, L50, M|\n|poke|p1|Delphox, L50, M|\n|poke|p1|Rotom-Wash, L50|\n|poke|p1|Incineroar, L50, M|\n|poke|p1|Basculegion, L50, M|\n|poke|p2|Delphox, L50, F|\n|poke|p2|Floette-Eternal, L50, F|\n|poke|p2|Incineroar, L50, M|\n|poke|p2|Kingambit, L50, M|\n|poke|p2|Garchomp, L50, M|\n|poke|p2|Sneasler, L50, F|\n|teampreview|4\n|inactive|Battle timer is ON: inactive players will automatically lose when time's up. (requested by strami)\n|j| ThunderboltRose\n|l| ThunderboltRose\n|inactive|strami has 60 seconds left.\n|inactive|Luna90909 has 60 seconds left.\n|inactive|strami has 30 seconds left.\n|\n|t:|1776188112\n|teamsize|p1|4\n|teamsize|p2|4\n|start\n|switch|p1a: Incineroar|Incineroar, L50, M|100/100\n|switch|p1b: Delphox|Delphox, L50, M|100/100\n|switch|p2a: Floette|Floette-Eternal, L50, F|100/100\n|switch|p2b: Garchomp|Garchomp, L50, M|100/100\n|-ability|p1a: Incineroar|Intimidate|boost\n|-unboost|p2a: Floette|atk|1\n|-unboost|p2b: Garchomp|atk|1\n|turn|1\n|inactive|Luna90909 has 30 seconds left.\n|\n|t:|1776188142\n|detailschange|p1b: Delphox|Delphox-Mega, L50, M\n|-mega|p1b: Delphox|Delphox|Delphoxite\n|move|p2a: Floette|Protect|p2a: Floette\n|-singleturn|p2a: Floette|Protect\n|move|p1a: Incineroar|Fake Out|p2b: Garchomp\n|-damage|p2b: Garchomp|90/100\n|-damage|p1a: Incineroar|88/100|[from] ability: Rough Skin|[of] p2b: Garchomp\n|move|p1b: Delphox|Substitute|p1b: Delphox\n|-start|p1b: Delphox|Substitute\n|-damage|p1b: Delphox|75/100\n|cant|p2b: Garchomp|flinch\n|\n|upkeep\n|turn|2\n|\n|t:|1776188164\n|detailschange|p2a: Floette|Floette-Mega, L50, F\n|-mega|p2a: Floette|Floette|Floettite\n|-ability|p2a: Floette|Fairy Aura\n|move|p1b: Delphox|Protect|p1b: Delphox\n|-singleturn|p1b: Delphox|Protect\n|move|p2b: Garchomp|Rock Slide|p1b: Delphox|[spread] p1a\n|-activate|p1b: Delphox|move: Protect\n|-supereffective|p1a: Incineroar|1\n|-damage|p1a: Incineroar|68/100\n|move|p2a: Floette|Calm Mind|p2a: Floette\n|-boost|p2a: Floette|spa|1\n|-boost|p2a: Floette|spd|1\n|move|p1a: Incineroar|Parting Shot|p2a: Floette\n|-unboost|p2a: Floette|atk|1\n|-unboost|p2a: Floette|spa|1\n|\n|t:|1776188182\n|switch|p1a: Basculegion|Basculegion, L50, M|100/100|[from] Parting Shot\n|\n|upkeep\n|turn|3\n|\n|t:|1776188199\n|switch|p2b: Incineroar|Incineroar, L50, M|100/100\n|-ability|p2b: Incineroar|Intimidate|boost\n|-unboost|p1a: Basculegion|atk|1\n|-immune|p1b: Delphox\n|move|p1b: Delphox|Psychic|p2b: Incineroar\n|-immune|p2b: Incineroar\n|move|p1a: Basculegion|Wave Crash|p2b: Incineroar\n|-supereffective|p2b: Incineroar|1\n|-damage|p2b: Incineroar|23/100\n|-damage|p1a: Basculegion|75/100|[from] Recoil\n|move|p2a: Floette|Calm Mind|p2a: Floette\n|-boost|p2a: Floette|spa|1\n|-boost|p2a: Floette|spd|1\n|\n|-heal|p2b: Incineroar|29/100|[from] item: Leftovers\n|upkeep\n|turn|4\n|\n|t:|1776188219\n|move|p2b: Incineroar|Fake Out|p1b: Delphox\n|-activate|p1b: Delphox|move: Substitute|[damage]\n|move|p1b: Delphox|Heat Wave|p2a: Floette|[spread] p2a,p2b\n|-resisted|p2b: Incineroar|1\n|-damage|p2a: Floette|83/100\n|-damage|p2b: Incineroar|11/100\n|move|p1a: Basculegion|Wave Crash|p2a: Floette\n|-damage|p2a: Floette|31/100\n|-damage|p1a: Basculegion|59/100|[from] Recoil\n|move|p2a: Floette|Dazzling Gleam|p1a: Basculegion|[spread] p1a,p1b\n|-resisted|p1b: Delphox|1\n|-end|p1b: Delphox|Substitute\n|-damage|p1a: Basculegion|0 fnt\n|faint|p1a: Basculegion\n|\n|-heal|p2b: Incineroar|17/100|[from] item: Leftovers\n|upkeep\n|\n|t:|1776188241\n|switch|p1a: Garchomp|Garchomp, L50, M|100/100\n|turn|5\n|\n|t:|1776188252\n|move|p2a: Floette|Protect|p2a: Floette\n|-singleturn|p2a: Floette|Protect\n|move|p1b: Delphox|Heat Wave|p2a: Floette|[spread] p2b\n|-activate|p2a: Floette|move: Protect\n|-resisted|p2b: Incineroar|1\n|-damage|p2b: Incineroar|0 fnt\n|faint|p2b: Incineroar\n|move|p1a: Garchomp|Earthquake|p2a: Floette|[spread] \n|-activate|p2a: Floette|move: Protect\n|-immune|p1b: Delphox|[from] ability: Levitate\n|\n|upkeep\n|\n|t:|1776188264\n|switch|p2b: Kingambit|Kingambit, L50, M|100/100\n|turn|6\n|\n|t:|1776188280\n|move|p2b: Kingambit|Sucker Punch||[still]\n|-fail|p2b: Kingambit\n|move|p1b: Delphox|Substitute|p1b: Delphox\n|-start|p1b: Delphox|Substitute\n|-damage|p1b: Delphox|50/100\n|move|p1a: Garchomp|Earthquake|p2b: Kingambit|[spread] p2a,p2b\n|-immune|p1b: Delphox|[from] ability: Levitate\n|-supereffective|p2b: Kingambit|1\n|-damage|p2a: Floette|0 fnt\n|-damage|p2b: Kingambit|37/100\n|faint|p2a: Floette\n|\n|upkeep\n|-message|Luna90909 forfeited.\n|l|\u2606Luna90909\n|inactive|Luna90909 disconnected and has a minute to reconnect!\n|player|p2|\n|\n|win|strami\n|raw|strami's rating: 1256 &rarr; <strong>1282</strong><br />(+26 for winning)\n|raw|Luna90909's rating: 1263 &rarr; <strong>1237</strong><br />(-26 for losing)\n",
  "uploadtime": 1776188300,
  "views": 38,
  "formatid": "gen9championsvgc2026regma",
  "rating": 1237,
  "private": 0,
  "password": null
}