{
  "id": "gen9championsvgc2026regma-2587679200",
  "format": "[Gen 9 Champions] VGC 2026 Reg M-A",
  "players": [
    "Nuoflan",
    "WumblesNSuch"
  ],
  "log": "|j|\u2606Nuoflan\n|j|\u2606WumblesNSuch\n|t:|1776553134\n|gametype|doubles\n|player|p1|Nuoflan|170|1079\n|player|p2|WumblesNSuch|blue|1066\n|gen|9\n|tier|[Gen 9 Champions] VGC 2026 Reg M-A\n|rated|\n|rule|Species Clause: Limit one of each Pok\u00e9mon\n|rule|Item Clause: Limit 1 of each item\n|clearpoke\n|poke|p1|Garchomp, L50, F|\n|poke|p1|Sneasler, L50, F|\n|poke|p1|Gengar, L50, M, shiny|\n|poke|p1|Kingambit, L50, F|\n|poke|p1|Basculegion, L50, M, shiny|\n|poke|p1|Froslass, L50, F|\n|poke|p2|Azumarill, L50, F|\n|poke|p2|Gengar, L50, F|\n|poke|p2|Pelipper, L50, M|\n|poke|p2|Archaludon, L50, M|\n|poke|p2|Sinistcha, L50|\n|poke|p2|Garchomp, L50, F|\n|teampreview|4\nNuoflan rejected open team sheets.\n|\n|t:|1776553196\n|teamsize|p1|4\n|teamsize|p2|4\n|start\n|switch|p1a: Sneasler|Sneasler, L50, F|100/100\n|switch|p1b: Kingambit|Kingambit, L50, F|100/100\n|switch|p2a: Pelipper|Pelipper, L50, M|100/100\n|switch|p2b: Archaludon|Archaludon, L50, M|100/100\n|-weather|RainDance|[from] ability: Drizzle|[of] p2a: Pelipper\n|turn|1\n|\n|t:|1776553216\n|move|p1a: Sneasler|Fake Out|p2a: Pelipper\n|-damage|p2a: Pelipper|81/100\n|-status|p2a: Pelipper|psn|[from] ability: Poison Touch|[of] p1a: Sneasler\n|cant|p2a: Pelipper|flinch\n|move|p2b: Archaludon|Electro Shot||[still]\n|-prepare|p2b: Archaludon|Electro Shot\n|-boost|p2b: Archaludon|spa|1\n|-anim|p2b: Archaludon|Electro Shot|p1b: Kingambit\n|-damage|p1b: Kingambit|44/100\n|move|p1b: Kingambit|Low Kick|p2b: Archaludon\n|-supereffective|p2b: Archaludon|1\n|-damage|p2b: Archaludon|56/100\n|-ability|p2b: Archaludon|Stamina|boost\n|-boost|p2b: Archaludon|def|1\n|\n|-weather|RainDance|[upkeep]\n|-heal|p2b: Archaludon|63/100|[from] item: Leftovers\n|-damage|p2a: Pelipper|69/100 psn|[from] psn\n|upkeep\n|turn|2\n|\n|t:|1776553238\n|move|p2b: Archaludon|Protect|p2b: Archaludon\n|-singleturn|p2b: Archaludon|Protect\n|move|p1b: Kingambit|Sucker Punch||[still]\n|-fail|p1b: Kingambit\n|move|p2a: Pelipper|Hurricane|p1a: Sneasler\n|-supereffective|p1a: Sneasler|1\n|-enditem|p1a: Sneasler|Focus Sash\n|-damage|p1a: Sneasler|1/100\n|move|p1a: Sneasler|Close Combat|p2b: Archaludon\n|-activate|p2b: Archaludon|move: Protect\n|\n|-weather|RainDance|[upkeep]\n|-heal|p2b: Archaludon|69/100|[from] item: Leftovers\n|-damage|p2a: Pelipper|57/100 psn|[from] psn\n|upkeep\n|turn|3\n|\n|t:|1776553301\n|switch|p2b: Sinistcha|Sinistcha, L50|100/100\n|-heal|p2a: Pelipper|82/100 psn|[from] ability: Hospitality|[of] p2b: Sinistcha\n|move|p1b: Kingambit|Sucker Punch|p2a: Pelipper\n|-damage|p2a: Pelipper|38/100 psn\n|move|p2a: Pelipper|Hurricane|p1a: Sneasler\n|-supereffective|p1a: Sneasler|1\n|-damage|p1a: Sneasler|0 fnt\n|faint|p1a: Sneasler\n|\n|-weather|RainDance|[upkeep]\n|-damage|p2a: Pelipper|26/100 psn|[from] psn\n|upkeep\n|\n|t:|1776553329\n|switch|p1a: Froslass|Froslass, L50, F|100/100\n|turn|4\n|\n|t:|1776553349\n|switch|p2a: Archaludon|Archaludon, L50, M|69/100\n|detailschange|p1a: Froslass|Froslass-Mega, L50, F\n|-mega|p1a: Froslass|Froslass|Froslassite\n|-weather|Snowscape|[from] ability: Snow Warning|[of] p1a: Froslass\n|move|p1b: Kingambit|Sucker Punch||[still]\n|-fail|p1b: Kingambit\n|move|p1a: Froslass|Substitute|p1a: Froslass\n|-start|p1a: Froslass|Substitute\n|-damage|p1a: Froslass|76/100\n|move|p2b: Sinistcha|Life Dew||[still]|[spread] p2a,p2b\n|-heal|p2a: Archaludon|94/100\n|-fail|p2b: Sinistcha|heal\n|\n|-weather|Snowscape|[upkeep]\n|-heal|p2a: Archaludon|99/100|[from] item: Leftovers\n|upkeep\n|turn|5\n|\n|t:|1776553385\n|switch|p2b: Pelipper|Pelipper, L50, M|26/100 psn\n|-weather|RainDance|[from] ability: Drizzle|[of] p2b: Pelipper\n|move|p1b: Kingambit|Protect|p1b: Kingambit\n|-singleturn|p1b: Kingambit|Protect\n|move|p1a: Froslass|Blizzard|p2b: Pelipper|[spread] p2a\n|-miss|p1a: Froslass|p2b: Pelipper\n|-damage|p2a: Archaludon|54/100\n|-ability|p2a: Archaludon|Stamina|boost\n|-boost|p2a: Archaludon|def|1\n|move|p2a: Archaludon|Electro Shot||[still]\n|-prepare|p2a: Archaludon|Electro Shot\n|-boost|p2a: Archaludon|spa|1\n|-anim|p2a: Archaludon|Electro Shot|p1b: Kingambit\n|-activate|p1b: Kingambit|move: Protect\n|\n|-weather|RainDance|[upkeep]\n|-heal|p2a: Archaludon|60/100|[from] item: Leftovers\n|-damage|p2b: Pelipper|14/100 psn|[from] psn\n|upkeep\n|turn|6\n|\n|t:|1776553424\n|switch|p1b: Garchomp|Garchomp, L50, F|100/100\n|move|p2b: Pelipper|Muddy Water|p1b: Garchomp|[spread] p1a,p1b\n|-end|p1a: Froslass|Substitute\n|-damage|p1b: Garchomp|65/100\n|move|p1a: Froslass|Blizzard|p2a: Archaludon|[spread] \n|-miss|p1a: Froslass|p2a: Archaludon\n|-miss|p1a: Froslass|p2b: Pelipper\n|move|p2a: Archaludon|Flash Cannon|p1a: Froslass\n|-supereffective|p1a: Froslass|1\n|-damage|p1a: Froslass|0 fnt\n|faint|p1a: Froslass\n|\n|-weather|RainDance|[upkeep]\n|-heal|p2a: Archaludon|66/100|[from] item: Leftovers\n|-damage|p2b: Pelipper|2/100 psn|[from] psn\n|upkeep\n|\n|t:|1776553440\n|switch|p1a: Kingambit|Kingambit, L50, F|44/100\n|turn|7\n|\n|t:|1776553450\n|move|p2a: Archaludon|Protect|p2a: Archaludon\n|-singleturn|p2a: Archaludon|Protect\n|move|p2b: Pelipper|Muddy Water|p1a: Kingambit|[spread] p1a,p1b\n|-damage|p1a: Kingambit|6/100\n|-damage|p1b: Garchomp|27/100\n|-unboost|p1b: Garchomp|accuracy|1\n|-enditem|p1b: Garchomp|Sitrus Berry|[eat]\n|-heal|p1b: Garchomp|52/100|[from] item: Sitrus Berry\n|move|p1b: Garchomp|Dragon Claw|p2a: Archaludon\n|-activate|p2a: Archaludon|move: Protect\n|move|p1a: Kingambit|Low Kick|p2a: Archaludon\n|-activate|p2a: Archaludon|move: Protect\n|\n|-weather|RainDance|[upkeep]\n|-heal|p2a: Archaludon|72/100|[from] item: Leftovers\n|-damage|p2b: Pelipper|0 fnt|[from] psn\n|faint|p2b: Pelipper\n|upkeep\n|\n|t:|1776553463\n|switch|p2b: Sinistcha|Sinistcha, L50|100/100\n|-heal|p2a: Archaludon|97/100|[from] ability: Hospitality|[of] p2b: Sinistcha\n|turn|8\n|\n|t:|1776553477\n|move|p1b: Garchomp|Earthquake|p2a: Archaludon|[spread] p1a,p2b\n|-miss|p1b: Garchomp|p2a: Archaludon\n|-supereffective|p1a: Kingambit|1\n|-resisted|p2b: Sinistcha|1\n|-damage|p1a: Kingambit|0 fnt\n|-damage|p2b: Sinistcha|82/100\n|faint|p1a: Kingambit\n|move|p2a: Archaludon|Flash Cannon|p1b: Garchomp\n|-damage|p1b: Garchomp|1/100\n|move|p2b: Sinistcha|Life Dew|p2b: Sinistcha|[spread] p2a,p2b\n|-heal|p2a: Archaludon|100/100\n|-heal|p2b: Sinistcha|100/100\n|\n|-weather|RainDance|[upkeep]\n|upkeep\n|turn|9\n|-message|Nuoflan forfeited.\n|\n|win|WumblesNSuch\n|raw|Nuoflan's rating: 1079 &rarr; <strong>1056</strong><br />(-23 for losing)\n|raw|WumblesNSuch's rating: 1066 &rarr; <strong>1097</strong><br />(+31 for winning)\n",
  "uploadtime": 1776553482,
  "views": 10,
  "formatid": "gen9championsvgc2026regma",
  "rating": 1056,
  "private": 0,
  "password": null
}