{
  "id": "gen9championsvgc2026regma-2586375602",
  "format": "[Gen 9 Champions] VGC 2026 Reg M-A",
  "players": [
    "iowhfw",
    "tanberry"
  ],
  "log": "|j|\u2606iowhfw\n|j|\u2606tanberry\n|t:|1776430005\n|gametype|doubles\n|player|p1|iowhfw|170|1051\n|player|p2|tanberry|hilbert|1054\n|gen|9\n|tier|[Gen 9 Champions] VGC 2026 Reg M-A\n|rated|\n|rule|Species Clause: Limit one of each Pok\u00e9mon\n|rule|Item Clause: Limit 1 of each item\n|clearpoke\n|poke|p1|Gengar, L50, F|\n|poke|p1|Tsareena, L50, F|\n|poke|p1|Garchomp, L50, M|\n|poke|p1|Rotom-Wash, L50|\n|poke|p1|Incineroar, L50, M|\n|poke|p1|Aerodactyl, L50, M|\n|poke|p2|Gyarados, L50, M|\n|poke|p2|Armarouge, L50, F|\n|poke|p2|Gallade, L50, M|\n|poke|p2|Meowstic, L50, M|\n|poke|p2|Raichu, L50, M|\n|poke|p2|Garchomp, L50, M|\n|teampreview|4\n|inactive|Battle timer is ON: inactive players will automatically lose when time's up. (requested by tanberry)\n|\n|t:|1776430071\n|teamsize|p1|4\n|teamsize|p2|4\n|start\n|switch|p1a: Garchomp|Garchomp, L50, M|100/100\n|switch|p1b: Incineroar|Incineroar, L50, M, shiny|100/100\n|switch|p2a: Gyarados|Gyarados, L50, M|100/100\n|switch|p2b: Meowstic|Meowstic, L50, M|100/100\n|-ability|p2a: Gyarados|Intimidate|boost\n|-unboost|p1a: Garchomp|atk|1\n|-unboost|p1b: Incineroar|atk|1\n|-ability|p1b: Incineroar|Intimidate|boost\n|-unboost|p2a: Gyarados|atk|1\n|-unboost|p2b: Meowstic|atk|1\n|-enditem|p1a: Garchomp|White Herb\n|-clearnegativeboost|p1a: Garchomp|[silent]\n|turn|1\n|\n|t:|1776430094\n|move|p2b: Meowstic|Fake Out|p1b: Incineroar\n|-damage|p1b: Incineroar|98/100\n|move|p1a: Garchomp|Swords Dance|p1a: Garchomp\n|-boost|p1a: Garchomp|atk|2\n|move|p2a: Gyarados|Waterfall|p1b: Incineroar\n|-supereffective|p1b: Incineroar|1\n|-damage|p1b: Incineroar|53/100\n|cant|p1b: Incineroar|flinch\n|\n|upkeep\n|turn|2\n|\n|t:|1776430114\n|switch|p1b: Rotom|Rotom-Wash, L50|100/100\n|move|p2b: Meowstic|Psychic Terrain|p2b: Meowstic\n|-fieldstart|move: Psychic Terrain\n|move|p1a: Garchomp|Dragon Claw|p2a: Gyarados\n|-damage|p2a: Gyarados|13/100\n|move|p2a: Gyarados|Waterfall|p1b: Rotom\n|-resisted|p1b: Rotom|1\n|-damage|p1b: Rotom|88/100\n|\n|-heal|p1b: Rotom|94/100|[from] item: Leftovers\n|-heal|p2a: Gyarados|19/100|[from] item: Leftovers\n|upkeep\n|turn|3\n|\n|t:|1776430136\n|switch|p2a: Raichu|Raichu, L50, M|100/100\n|detailschange|p2b: Meowstic|Meowstic-M-Mega, L50, M\n|-mega|p2b: Meowstic|Meowstic|Meowsticite\n|-ability|p2b: Meowstic|Rough Skin|Trace|[from] ability: Trace|[of] p1a: Garchomp\n|move|p2b: Meowstic|Expanding Force|p1a: Garchomp|[spread] p1a,p1b\n|-damage|p1a: Garchomp|36/100\n|-damage|p1b: Rotom|25/100\n|move|p1a: Garchomp|Dragon Claw|p2b: Meowstic\n|-damage|p2b: Meowstic|0 fnt\n|-damage|p1a: Garchomp|23/100|[from] ability: Rough Skin|[of] p2b: Meowstic\n|faint|p2b: Meowstic\n|move|p1b: Rotom|Electroweb|p2a: Raichu\n|-ability|p2a: Raichu|Lightning Rod|boost\n|-boost|p2a: Raichu|spa|1\n|\n|-heal|p1b: Rotom|31/100|[from] item: Leftovers\n|upkeep\n|\n|t:|1776430154\n|switch|p2b: Gallade|Gallade, L50, M|100/100\n|turn|4\n|\n|t:|1776430168\n|move|p2b: Gallade|Protect|p2b: Gallade\n|-singleturn|p2b: Gallade|Protect\n|move|p2a: Raichu|Surf|p1b: Rotom|[spread] p1a,p1b\n|-activate|p2b: Gallade|move: Protect\n|-resisted|p1b: Rotom|1\n|-damage|p1a: Garchomp|0 fnt\n|-damage|p1b: Rotom|16/100\n|faint|p1a: Garchomp\n|move|p1b: Rotom|Hydro Pump|p2a: Raichu|[miss]\n|-miss|p1b: Rotom|p2a: Raichu\n|\n|-heal|p1b: Rotom|22/100|[from] item: Leftovers\n|upkeep\n|\n|t:|1776430179\n|switch|p1a: Gengar|Gengar, L50, F, shiny|100/100\n|turn|5\n|\n|t:|1776430197\n|switch|p2b: Gyarados|Gyarados, L50, M|19/100\n|-ability|p2b: Gyarados|Intimidate|boost\n|-unboost|p1a: Gengar|atk|1\n|-unboost|p1b: Rotom|atk|1\n|detailschange|p1a: Gengar|Gengar-Mega, L50, F, shiny\n|-mega|p1a: Gengar|Gengar|Gengarite\n|move|p1a: Gengar|Shadow Ball|p2b: Gyarados\n|-damage|p2b: Gyarados|0 fnt\n|faint|p2b: Gyarados\n|move|p2a: Raichu|Electroweb|p1a: Gengar|[spread] p1a,p1b\n|-damage|p1a: Gengar|67/100\n|-damage|p1b: Rotom|0 fnt\n|-unboost|p1a: Gengar|spe|1\n|faint|p1b: Rotom\n|\n|upkeep\n|\n|t:|1776430211\n|switch|p2b: Gallade|Gallade, L50, M|100/100\n|switch|p1b: Incineroar|Incineroar, L50, M, shiny|53/100\n|-ability|p1b: Incineroar|Intimidate|boost\n|-unboost|p2a: Raichu|atk|1\n|-unboost|p2b: Gallade|atk|1\n|turn|6\n|inactive|tanberry has 30 seconds left.\n|\n|t:|1776430237\n|move|p1b: Incineroar|Fake Out|p2a: Raichu\n|-activate|p2a: Raichu|move: Psychic Terrain\n|move|p2a: Raichu|Electroweb|p1b: Incineroar|[spread] p1a,p1b\n|-damage|p1a: Gengar|36/100\n|-damage|p1b: Incineroar|34/100\n|-unboost|p1a: Gengar|spe|1\n|-unboost|p1b: Incineroar|spe|1\n|-enditem|p1b: Incineroar|Sitrus Berry|[eat]\n|-heal|p1b: Incineroar|58/100|[from] item: Sitrus Berry\n|move|p2b: Gallade|Psycho Cut|p1a: Gengar\n|-supereffective|p1a: Gengar|1\n|-crit|p1a: Gengar\n|-damage|p1a: Gengar|0 fnt\n|faint|p1a: Gengar\n|\n|-fieldend|move: Psychic Terrain\n|upkeep\n|turn|7\n|-message|iowhfw forfeited.\n|\n|win|tanberry\n|raw|iowhfw's rating: 1051 &rarr; <strong>1034</strong><br />(-17 for losing)\n|raw|tanberry's rating: 1054 &rarr; <strong>1086</strong><br />(+32 for winning)\n|l|\u2606iowhfw\n|player|p1|\n",
  "uploadtime": 1776430353,
  "views": 23,
  "formatid": "gen9championsvgc2026regma",
  "rating": 1034,
  "private": 0,
  "password": null
}