{
  "id": "gen9championsvgc2026regma-2586327817",
  "format": "[Gen 9 Champions] VGC 2026 Reg M-A",
  "players": [
    "GamerM1ck149",
    "vnunesp12"
  ],
  "log": "|j|\u2606GamerM1ck149\n|j|\u2606vnunesp12\n|t:|1776425694\n|gametype|doubles\n|player|p1|GamerM1ck149|2|1125\n|player|p2|vnunesp12|red|1115\n|gen|9\n|tier|[Gen 9 Champions] VGC 2026 Reg M-A\n|rated|\n|rule|Species Clause: Limit one of each Pok\u00e9mon\n|rule|Item Clause: Limit 1 of each item\n|clearpoke\n|poke|p1|Dragonite, L50, F|\n|poke|p1|Reuniclus, L50, M|\n|poke|p1|Armarouge, L50, M|\n|poke|p1|Politoed, L50, F|\n|poke|p1|Archaludon, L50, M|\n|poke|p1|Meganium, L50, M|\n|poke|p2|Froslass, L50, F|\n|poke|p2|Sneasler, L50, M|\n|poke|p2|Kingambit, L50, F|\n|poke|p2|Garchomp, L50, F|\n|poke|p2|Talonflame, L50, M|\n|poke|p2|Primarina, L50, M|\n|teampreview|4\n|inactive|Battle timer is ON: inactive players will automatically lose when time's up. (requested by vnunesp12)\n|\n|t:|1776425728\n|teamsize|p1|4\n|teamsize|p2|4\n|start\n|switch|p1a: Politoed|Politoed, L50, F|100/100\n|switch|p1b: Dragonite|Dragonite, L50, F|100/100\n|switch|p2a: Caio Alexandre|Talonflame, L50, M|100/100\n|switch|p2b: Everaldo|Froslass, L50, F|100/100\n|-weather|RainDance|[from] ability: Drizzle|[of] p1a: Politoed\n|turn|1\n|inactive|GamerM1ck149 has 30 seconds left.\n|\n|t:|1776425757\n|switch|p1b: Archaludon|Archaludon, L50, M|100/100\n|detailschange|p2b: Everaldo|Froslass-Mega, L50, F\n|-mega|p2b: Everaldo|Froslass|Froslassite\n|-weather|Snowscape|[from] ability: Snow Warning|[of] p2b: Everaldo\n|move|p2a: Caio Alexandre|Tailwind|p2a: Caio Alexandre\n|-sidestart|p2: vnunesp12|move: Tailwind\n|move|p2b: Everaldo|Blizzard|p1a: Politoed|[spread] p1a,p1b\n|-resisted|p1a: Politoed|1\n|-damage|p1a: Politoed|80/100\n|-damage|p1b: Archaludon|57/100\n|-ability|p1b: Archaludon|Stamina|boost\n|-boost|p1b: Archaludon|def|1\n|move|p1a: Politoed|Weather Ball|p2a: Caio Alexandre\n|-damage|p2a: Caio Alexandre|74/100\n|\n|-weather|Snowscape|[upkeep]\n|-heal|p1b: Archaludon|63/100|[from] item: Leftovers\n|upkeep\n|turn|2\n|inactive|vnunesp12 has 30 seconds left.\n|\n|t:|1776425784\n|move|p1a: Politoed|Helping Hand|p1b: Archaludon\n|-singleturn|p1b: Archaludon|Helping Hand|[of] p1a: Politoed\n|move|p2a: Caio Alexandre|Flare Blitz|p1b: Archaludon\n|-damage|p1b: Archaludon|44/100\n|-ability|p1b: Archaludon|Stamina|boost\n|-boost|p1b: Archaludon|def|1\n|-damage|p2a: Caio Alexandre|68/100|[from] Recoil\n|move|p2b: Everaldo|Blizzard|p1b: Archaludon|[spread] p1a,p1b\n|-resisted|p1a: Politoed|1\n|-damage|p1a: Politoed|60/100\n|-damage|p1b: Archaludon|0 fnt\n|faint|p1b: Archaludon\n|\n|-weather|Snowscape|[upkeep]\n|upkeep\n|\n|t:|1776425798\n|switch|p1b: Reuniclus|Reuniclus, L50, M|100/100\n|turn|3\n|\n|t:|1776425821\n|move|p1a: Politoed|Helping Hand|p1b: Reuniclus\n|-singleturn|p1b: Reuniclus|Helping Hand|[of] p1a: Politoed\n|move|p2a: Caio Alexandre|Brave Bird|p1a: Politoed\n|-damage|p1a: Politoed|31/100\n|-enditem|p1a: Politoed|Sitrus Berry|[eat]\n|-heal|p1a: Politoed|56/100|[from] item: Sitrus Berry\n|-damage|p2a: Caio Alexandre|58/100|[from] Recoil\n|move|p2b: Everaldo|Shadow Ball|p1b: Reuniclus\n|-supereffective|p1b: Reuniclus|1\n|-damage|p1b: Reuniclus|23/100\n|move|p1b: Reuniclus|Thunder|p2b: Everaldo\n|-damage|p2b: Everaldo|24/100\n|\n|-weather|Snowscape|[upkeep]\n|upkeep\n|turn|4\n|inactive|vnunesp12 has 30 seconds left.\n|inactive|vnunesp12 has 20 seconds left.\n|\n|t:|1776425860\n|move|p2a: Caio Alexandre|Protect|p2a: Caio Alexandre\n|-singleturn|p2a: Caio Alexandre|Protect\n|move|p1b: Reuniclus|Protect|p1b: Reuniclus\n|-singleturn|p1b: Reuniclus|Protect\n|move|p2b: Everaldo|Blizzard|p1a: Politoed|[spread] p1a\n|-activate|p1b: Reuniclus|move: Protect\n|-resisted|p1a: Politoed|1\n|-damage|p1a: Politoed|36/100\n|-status|p1a: Politoed|frz\n|cant|p1a: Politoed|frz\n|\n|-weather|Snowscape|[upkeep]\n|-sideend|p2: vnunesp12|move: Tailwind\n|upkeep\n|turn|5\n|inactive|GamerM1ck149 has 30 seconds left.\n|\n|t:|1776425889\n|move|p2a: Caio Alexandre|Tailwind|p2a: Caio Alexandre\n|-sidestart|p2: vnunesp12|move: Tailwind\n|move|p2b: Everaldo|Shadow Ball|p1b: Reuniclus\n|-supereffective|p1b: Reuniclus|1\n|-damage|p1b: Reuniclus|0 fnt\n|faint|p1b: Reuniclus\n|-curestatus|p1a: Politoed|frz|[msg]\n|move|p1a: Politoed|Weather Ball|p2b: Everaldo\n|-resisted|p2b: Everaldo|1\n|-damage|p2b: Everaldo|10/100\n|\n|-weather|none\n|upkeep\n|\n|t:|1776425895\n|switch|p1b: Dragonite|Dragonite, L50, F|100/100\n|turn|6\n|inactive|vnunesp12 has 30 seconds left.\n|\n|t:|1776425929\n|switch|p2b: Sanabria|Primarina, L50, M|100/100\n|detailschange|p1b: Dragonite|Dragonite-Mega, L50, F\n|-mega|p1b: Dragonite|Dragonite|Dragoninite\n|move|p2a: Caio Alexandre|Brave Bird|p1a: Politoed\n|-damage|p1a: Politoed|7/100\n|-damage|p2a: Caio Alexandre|48/100|[from] Recoil\n|move|p1b: Dragonite|Thunder|p2a: Caio Alexandre\n|-supereffective|p2a: Caio Alexandre|1\n|-damage|p2a: Caio Alexandre|0 fnt\n|faint|p2a: Caio Alexandre\n|move|p1a: Politoed|Icy Wind|p2b: Sanabria\n|-resisted|p2b: Sanabria|1\n|-damage|p2b: Sanabria|96/100\n|-unboost|p2b: Sanabria|spe|1\n|\n|-heal|p2b: Sanabria|100/100|[from] item: Leftovers\n|upkeep\n|\n|t:|1776425951\n|switch|p2a: Pulga|Sneasler, L50, M|100/100\n|turn|7\n|inactive|GamerM1ck149 has 30 seconds left.\n|\n|t:|1776425977\n|move|p1a: Politoed|Helping Hand|p1b: Dragonite\n|-singleturn|p1b: Dragonite|Helping Hand|[of] p1a: Politoed\n|move|p2a: Pulga|Fake Out|p1b: Dragonite\n|-damage|p1b: Dragonite|94/100\n|cant|p1b: Dragonite|flinch\n|move|p2b: Sanabria|Moonblast|p1b: Dragonite\n|-supereffective|p1b: Dragonite|1\n|-damage|p1b: Dragonite|21/100\n|\n|upkeep\n|turn|8\n|\n|t:|1776425999\n|move|p2b: Sanabria|Protect|p2b: Sanabria\n|-singleturn|p2b: Sanabria|Protect\n|move|p2a: Pulga|Close Combat|p1a: Politoed\n|-damage|p1a: Politoed|0 fnt\n|-unboost|p2a: Pulga|def|1\n|-unboost|p2a: Pulga|spd|1\n|faint|p1a: Politoed\n|-enditem|p2a: Pulga|White Herb\n|-clearnegativeboost|p2a: Pulga|[silent]\n|move|p1b: Dragonite|Thunder|p2b: Sanabria\n|-activate|p2b: Sanabria|move: Protect\n|\n|-sideend|p2: vnunesp12|move: Tailwind\n|upkeep\n|turn|9\n|inactive|vnunesp12 has 30 seconds left.\n|\n|t:|1776426030\n|move|p2a: Pulga|Close Combat|p1b: Dragonite\n|-resisted|p1b: Dragonite|1\n|-damage|p1b: Dragonite|0 fnt\n|-unboost|p2a: Pulga|def|1\n|-unboost|p2a: Pulga|spd|1\n|faint|p1b: Dragonite\n|\n|win|vnunesp12\n|raw|GamerM1ck149's rating: 1125 &rarr; <strong>1099</strong><br />(-26 for losing)\n|raw|vnunesp12's rating: 1115 &rarr; <strong>1141</strong><br />(+26 for winning)\n",
  "uploadtime": 1776426044,
  "views": 35,
  "formatid": "gen9championsvgc2026regma",
  "rating": 1099,
  "private": 0,
  "password": null
}