{
  "id": "gen9championsvgc2026regma-2588314108",
  "format": "[Gen 9 Champions] VGC 2026 Reg M-A",
  "players": [
    "MvillMpersonality",
    "PerroDog"
  ],
  "log": "|j|\u2606MvillMpersonality\n|j|\u2606PerroDog\n|t:|1776623328\n|gametype|doubles\n|player|p1|MvillMpersonality|169|1138\n|player|p2|PerroDog|169|1040\n|gen|9\n|tier|[Gen 9 Champions] VGC 2026 Reg M-A\n|rated|\n|rule|Species Clause: Limit one of each Pok\u00e9mon\n|rule|Item Clause: Limit 1 of each item\n|clearpoke\n|poke|p1|Scovillain, L50, F|\n|poke|p1|Rhyperior, L50, M|\n|poke|p1|Sinistcha, L50|\n|poke|p1|Azumarill, L50, F|\n|poke|p1|Tyranitar, L50, F|\n|poke|p1|Aegislash, L50, M|\n|poke|p2|Pelipper, L50, M|\n|poke|p2|Archaludon, L50, M, shiny|\n|poke|p2|Sneasler, L50, F|\n|poke|p2|Basculegion, L50, M|\n|poke|p2|Incineroar, L50, M|\n|poke|p2|Meganium, L50, F|\n|teampreview|4\n|inactive|Battle timer is ON: inactive players will automatically lose when time's up. (requested by PerroDog)\n|\n|t:|1776623359\n|teamsize|p1|4\n|teamsize|p2|4\n|start\n|switch|p1a: The Antagonist|Scovillain, L50, F|100/100\n|switch|p1b: The Beef|Rhyperior, L50, M|100/100\n|switch|p2a: Incineroar|Incineroar, L50, M|100/100\n|switch|p2b: Sneasler|Sneasler, L50, F|100/100\n|-ability|p2a: Incineroar|Intimidate|boost\n|-unboost|p1a: The Antagonist|atk|1\n|-unboost|p1b: The Beef|atk|1\n|turn|1\n|\n|t:|1776623377\n|switch|p1b: The Cleric|Sinistcha, L50|100/100\n|detailschange|p1a: The Antagonist|Scovillain-Mega, L50, F\n|-mega|p1a: The Antagonist|Scovillain|Scovillainite\n|move|p1a: The Antagonist|Protect|p1a: The Antagonist\n|-singleturn|p1a: The Antagonist|Protect\n|move|p2b: Sneasler|Fake Out|p1b: The Cleric\n|-immune|p1b: The Cleric\n|move|p2a: Incineroar|Parting Shot|p1a: The Antagonist\n|-activate|p1a: The Antagonist|move: Protect\n|\n|upkeep\n|turn|2\n|\n|t:|1776623390\n|move|p2b: Sneasler|Protect|p2b: Sneasler\n|-singleturn|p2b: Sneasler|Protect\n|move|p1a: The Antagonist|Rage Powder|p1a: The Antagonist\n|-singleturn|p1a: The Antagonist|move: Rage Powder\n|move|p2a: Incineroar|Throat Chop|p1a: The Antagonist\n|-damage|p1a: The Antagonist|72/100\n|-start|p1a: The Antagonist|Throat Chop|[silent]\n|-immune|p2a: Incineroar\n|move|p1b: The Cleric|Trick Room|p1b: The Cleric\n|-fieldstart|move: Trick Room|[of] p1b: The Cleric\n|\n|upkeep\n|turn|3\n|\n|t:|1776623415\n|switch|p1b: Tyranitar|Tyranitar, L50, F|100/100\n|-weather|Sandstorm|[from] ability: Sand Stream|[of] p1b: Tyranitar\n|switch|p1a: The Beef|Rhyperior, L50, M|100/100\n|switch|p2b: Pelipper|Pelipper, L50, M|100/100\n|-weather|RainDance|[from] ability: Drizzle|[of] p2b: Pelipper\n|move|p2a: Incineroar|Throat Chop|p1b: Tyranitar\n|-resisted|p1b: Tyranitar|1\n|-damage|p1b: Tyranitar|89/100\n|-start|p1b: Tyranitar|Throat Chop|[silent]\n|\n|-weather|RainDance|[upkeep]\n|upkeep\n|turn|4\n|inactive|MvillMpersonality has 30 seconds left.\n|inactive|PerroDog has 30 seconds left.\n|inactive|MvillMpersonality has 20 seconds left.\n|\n|t:|1776623455\n|switch|p2a: Meganium|Meganium, L50, F|100/100\n|switch|p2b: Sneasler|Sneasler, L50, F|100/100\n|move|p1a: The Beef|Protect|p1a: The Beef\n|-singleturn|p1a: The Beef|Protect\n|move|p1b: Tyranitar|Rock Slide|p2b: Sneasler|[spread] p2a,p2b\n|-resisted|p2b: Sneasler|1\n|-damage|p2a: Meganium|68/100\n|-damage|p2b: Sneasler|71/100\n|\n|-weather|RainDance|[upkeep]\n|-end|p1b: Tyranitar|Throat Chop|[silent]\n|upkeep\n|turn|5\n|inactive|MvillMpersonality has 30 seconds left.\n|inactive|MvillMpersonality has 20 seconds left.\n|inactive|MvillMpersonality has 15 seconds left.\n|\n|t:|1776623496\n|switch|p1b: The Antagonist|Scovillain-Mega, L50, F|72/100\n|detailschange|p2a: Meganium|Meganium-Mega, L50, F\n|-mega|p2a: Meganium|Meganium|Meganiumite\n|move|p2b: Sneasler|Fake Out|p1b: The Antagonist\n|-damage|p1b: The Antagonist|58/100\n|-status|p2b: Sneasler|brn|[from] ability: Spicy Spray|[of] p1b: The Antagonist\n|move|p1a: The Beef|High Horsepower|p2b: Sneasler\n|-supereffective|p2b: Sneasler|1\n|-damage|p2b: Sneasler|0 fnt\n|faint|p2b: Sneasler\n|move|p2a: Meganium|Solar Beam||[still]\n|-prepare|p2a: Meganium|Solar Beam\n|-activate|p2a: Meganium|ability: Mega Sol\n|-anim|p2a: Meganium|Solar Beam|p1a: The Beef\n|-supereffective|p1a: The Beef|2\n|-damage|p1a: The Beef|0 fnt\n|faint|p1a: The Beef\n|\n|-weather|RainDance|[upkeep]\n|upkeep\n|\n|t:|1776623514\n|switch|p1a: Tyranitar|Tyranitar, L50, F|89/100\n|switch|p2b: Incineroar|Incineroar, L50, M|100/100\n|-weather|Sandstorm|[from] ability: Sand Stream|[of] p1a: Tyranitar\n|-ability|p2b: Incineroar|Intimidate|boost\n|-unboost|p1a: Tyranitar|atk|1\n|-unboost|p1b: The Antagonist|atk|1\n|turn|6\n|\n|t:|1776623524\n|switch|p1a: The Cleric|Sinistcha, L50|100/100\n|-heal|p1b: The Antagonist|83/100|[from] ability: Hospitality|[of] p1a: The Cleric\n|move|p1b: The Antagonist|Protect|p1b: The Antagonist\n|-singleturn|p1b: The Antagonist|Protect\n|move|p2a: Meganium|Protect|p2a: Meganium\n|-singleturn|p2a: Meganium|Protect\n|move|p2b: Incineroar|Fake Out|p1a: The Cleric\n|-immune|p1a: The Cleric\n|\n|-weather|Sandstorm|[upkeep]\n|-damage|p2b: Incineroar|95/100|[from] Sandstorm\n|-damage|p1a: The Cleric|94/100|[from] Sandstorm\n|-damage|p1b: The Antagonist|77/100|[from] Sandstorm\n|-damage|p2a: Meganium|63/100|[from] Sandstorm\n|-fieldend|move: Trick Room\n|upkeep\n|turn|7\n|\n|t:|1776623542\n|move|p1b: The Antagonist|Rage Powder|p1b: The Antagonist\n|-singleturn|p1b: The Antagonist|move: Rage Powder\n|move|p2a: Meganium|Weather Ball|p1a: The Cleric\n|-supereffective|p1a: The Cleric|1\n|-damage|p1a: The Cleric|0 fnt\n|faint|p1a: The Cleric\n|move|p2b: Incineroar|Throat Chop|p1b: The Antagonist\n|-damage|p1b: The Antagonist|47/100\n|-start|p1b: The Antagonist|Throat Chop|[silent]\n|-immune|p2b: Incineroar\n|\n|-weather|Sandstorm|[upkeep]\n|-damage|p2a: Meganium|57/100|[from] Sandstorm\n|-damage|p1b: The Antagonist|41/100|[from] Sandstorm\n|-damage|p2b: Incineroar|89/100|[from] Sandstorm\n|upkeep\n|-message|MvillMpersonality forfeited.\n|\n|win|PerroDog\n|raw|MvillMpersonality's rating: 1138 &rarr; <strong>1106</strong><br />(-32 for losing)\n|raw|PerroDog's rating: 1040 &rarr; <strong>1083</strong><br />(+43 for winning)\n|l|\u2606MvillMpersonality\n|player|p1|\n",
  "uploadtime": 1776623559,
  "views": 17,
  "formatid": "gen9championsvgc2026regma",
  "rating": 1083,
  "private": 0,
  "password": null
}