{
  "id": "gen9championsvgc2026regma-2588760727",
  "format": "[Gen 9 Champions] VGC 2026 Reg M-A",
  "players": [
    "TheGreatAwoo",
    "cammellio"
  ],
  "log": "|j|\u2606TheGreatAwoo\n|j|\u2606cammellio\n|t:|1776667284\n|gametype|doubles\n|player|p1|TheGreatAwoo|gentleman-gen4|1068\n|player|p2|cammellio|170|1078\n|gen|9\n|tier|[Gen 9 Champions] VGC 2026 Reg M-A\n|rated|\n|rule|Species Clause: Limit one of each Pok\u00e9mon\n|rule|Item Clause: Limit 1 of each item\n|clearpoke\n|poke|p1|Araquanid, L50, F|\n|poke|p1|Volcarona, L50, M|\n|poke|p1|Hydrapple, L50, M|\n|poke|p1|Glimmora, L50, M|\n|poke|p1|Aegislash, L50, F|\n|poke|p1|Gliscor, L50, M|\n|poke|p2|Sharpedo, L50, M|\n|poke|p2|Sableye, L50, M|\n|poke|p2|Kingambit, L50, F|\n|poke|p2|Incineroar, L50, F|\n|poke|p2|Weavile, L50, F|\n|poke|p2|Hydreigon, L50, F|\n|teampreview|4\n|inactive|Battle timer is ON: inactive players will automatically lose when time's up. (requested by TheGreatAwoo)\n|\n|t:|1776667333\n|teamsize|p1|4\n|teamsize|p2|4\n|start\n|switch|p1a: Volcarona|Volcarona, L50, M|100/100\n|switch|p1b: Araquanid|Araquanid, L50, F|100/100\n|switch|p2a: Sharpedo|Sharpedo, L50, M|100/100\n|switch|p2b: Weavile|Weavile, L50, F|100/100\n|turn|1\n|inactive|TheGreatAwoo has 30 seconds left.\n|inactive|cammellio has 30 seconds left.\n|inactive|cammellio has 20 seconds left.\n|inactive|cammellio has 15 seconds left.\n|\n|t:|1776667378\n|move|p2a: Sharpedo|Protect|p2a: Sharpedo\n|-singleturn|p2a: Sharpedo|Protect\n|move|p2b: Weavile|Fake Out|p1a: Volcarona\n|-damage|p1a: Volcarona|86/100\n|cant|p1a: Volcarona|flinch\n|move|p1b: Araquanid|Sticky Web|p2a: Sharpedo\n|-sidestart|p2: cammellio|move: Sticky Web\n|\n|-heal|p1a: Volcarona|92/100|[from] item: Leftovers\n|-ability|p2a: Sharpedo|Speed Boost|boost\n|-boost|p2a: Sharpedo|spe|1\n|upkeep\n|turn|2\n|inactive|cammellio has 30 seconds left.\n|\n|t:|1776667409\n|detailschange|p2a: Sharpedo|Sharpedo-Mega, L50, M\n|-mega|p2a: Sharpedo|Sharpedo|Sharpedonite\n|move|p2a: Sharpedo|Liquidation|p1a: Volcarona\n|-supereffective|p1a: Volcarona|1\n|-damage|p1a: Volcarona|0 fnt\n|faint|p1a: Volcarona\n|move|p2b: Weavile|Knock Off|p1b: Araquanid\n|-damage|p1b: Araquanid|40/100\n|-enditem|p1b: Araquanid|Mystic Water|[from] move: Knock Off|[of] p2b: Weavile\n|move|p1b: Araquanid|Liquidation|p2b: Weavile\n|-enditem|p2b: Weavile|Focus Sash\n|-damage|p2b: Weavile|1/100\n|\n|upkeep\n|\n|t:|1776667422\n|switch|p1a: Gliscor|Gliscor, L50, M|100/100\n|turn|3\n|inactive|cammellio has 30 seconds left.\n|\n|t:|1776667452\n|move|p1b: Araquanid|Protect|p1b: Araquanid\n|-singleturn|p1b: Araquanid|Protect\n|move|p2a: Sharpedo|Crunch|p1b: Araquanid\n|-activate|p1b: Araquanid|move: Protect\n|move|p2b: Weavile|Triple Axel|p1a: Gliscor\n|-supereffective|p1a: Gliscor|2\n|-damage|p1a: Gliscor|69/100\n|-supereffective|p1a: Gliscor|2\n|-damage|p1a: Gliscor|6/100\n|-supereffective|p1a: Gliscor|2\n|-damage|p1a: Gliscor|0 fnt\n|faint|p1a: Gliscor\n|-hitcount|p1: Gliscor|3\n|\n|upkeep\n|\n|t:|1776667463\n|switch|p1a: Glimmora|Glimmora, L50, M|100/100\n|turn|4\n|inactive|cammellio has 30 seconds left.\n|\n|t:|1776667489\n|detailschange|p1a: Glimmora|Glimmora-Mega, L50, M\n|-mega|p1a: Glimmora|Glimmora|Glimmoranite\n|move|p1a: Glimmora|Spiky Shield|p1a: Glimmora\n|-singleturn|p1a: Glimmora|move: Protect\n|move|p2a: Sharpedo|Liquidation|p1a: Glimmora\n|-activate|p1a: Glimmora|move: Protect\n|-damage|p2a: Sharpedo|88/100|[from] Spiky Shield|[of] p1a: Glimmora\n|move|p2b: Weavile|Knock Off|p1b: Araquanid\n|-damage|p1b: Araquanid|0 fnt\n|faint|p1b: Araquanid\n|\n|upkeep\n|turn|5\n|-message|TheGreatAwoo forfeited.\n|\n|win|cammellio\n|raw|TheGreatAwoo's rating: 1068 &rarr; <strong>1048</strong><br />(-20 for losing)\n|raw|cammellio's rating: 1078 &rarr; <strong>1105</strong><br />(+27 for winning)\n|l|\u2606TheGreatAwoo\n|player|p1|\n",
  "uploadtime": 1776667525,
  "views": 12,
  "formatid": "gen9championsvgc2026regma",
  "rating": 1048,
  "private": 0,
  "password": null
}