{
  "id": "gen9championsvgc2026regma-2585833923",
  "format": "[Gen 9 Champions] VGC 2026 Reg M-A",
  "players": [
    "judetini",
    "yuriimon"
  ],
  "log": "|j|\u2606judetini\n|j|\u2606yuriimon\n|t:|1776374123\n|gametype|doubles\n|player|p1|judetini|266|1086\n|player|p2|yuriimon|waitress-gen4|1123\n|gen|9\n|tier|[Gen 9 Champions] VGC 2026 Reg M-A\n|rated|\n|rule|Species Clause: Limit one of each Pok\u00e9mon\n|rule|Item Clause: Limit 1 of each item\n|clearpoke\n|poke|p1|Crabominable, L50, M|\n|poke|p1|Farigiraf, L50, M|\n|poke|p1|Incineroar, L50, M|\n|poke|p1|Sinistcha, L50|\n|poke|p1|Aggron, L50, M|\n|poke|p1|Slowking-Galar, L50, M|\n|poke|p2|Glimmora, L50, F|\n|poke|p2|Incineroar, L50, M|\n|poke|p2|Politoed, L50, M|\n|poke|p2|Basculegion, L50, M|\n|poke|p2|Chesnaught, L50, F|\n|poke|p2|Dragapult, L50, F|\n|teampreview|4\n|inactive|Battle timer is ON: inactive players will automatically lose when time's up. (requested by yuriimon)\n|inactive|yuriimon has 60 seconds left.\n|\n|t:|1776374161\n|teamsize|p1|4\n|teamsize|p2|4\n|start\n|switch|p1a: Farigiraf|Farigiraf, L50, M|100/100\n|switch|p1b: Sinistcha|Sinistcha, L50|100/100\n|switch|p2a: Incineroar|Incineroar, L50, M|100/100\n|switch|p2b: Chesnaught|Chesnaught, L50, F|100/100\n|-ability|p2a: Incineroar|Intimidate|boost\n|-unboost|p1a: Farigiraf|atk|1\n|-unboost|p1b: Sinistcha|atk|1\n|turn|1\n|\n|t:|1776374176\n|detailschange|p2b: Chesnaught|Chesnaught-Mega, L50, F\n|-mega|p2b: Chesnaught|Chesnaught|Chesnaughtite\n|move|p1b: Sinistcha|Rage Powder|p1b: Sinistcha\n|-singleturn|p1b: Sinistcha|move: Rage Powder\n|move|p2a: Incineroar|Flare Blitz|p1b: Sinistcha\n|-supereffective|p1b: Sinistcha|1\n|-damage|p1b: Sinistcha|12/100\n|-status|p1b: Sinistcha|brn\n|-damage|p2a: Incineroar|74/100|[from] Recoil\n|move|p2b: Chesnaught|Iron Defense|p2b: Chesnaught\n|-boost|p2b: Chesnaught|def|2\n|move|p1a: Farigiraf|Trick Room|p1a: Farigiraf\n|-fieldstart|move: Trick Room|[of] p1a: Farigiraf\n|\n|-damage|p1b: Sinistcha|6/100 brn|[from] brn\n|upkeep\n|turn|2\n|\n|t:|1776374195\n|move|p2b: Chesnaught|Body Press|p1a: Farigiraf\n|-damage|p1a: Farigiraf|0 fnt\n|faint|p1a: Farigiraf\n|move|p2a: Incineroar|Parting Shot|p1b: Sinistcha\n|-unboost|p1b: Sinistcha|atk|1\n|-unboost|p1b: Sinistcha|spa|1\n|\n|t:|1776374202\n|switch|p2a: Dragapult|Dragapult, L50, F|100/100|[from] Parting Shot\n|move|p1b: Sinistcha|Strength Sap|p2a: Dragapult\n|-fail|p2a: Dragapult|unboost|[from] ability: Clear Body|[of] p2a: Dragapult\n|-heal|p1b: Sinistcha|76/100 brn\n|\n|-damage|p1b: Sinistcha|70/100 brn|[from] brn\n|upkeep\n|\n|t:|1776374214\n|switch|p1a: Slowking|Slowking-Galar, L50, M|100/100\n|turn|3\n|\n|t:|1776374223\n|move|p1a: Slowking|Psyshock|p2b: Chesnaught\n|-supereffective|p2b: Chesnaught|1\n|-damage|p2b: Chesnaught|77/100\n|move|p2b: Chesnaught|Knock Off|p1b: Sinistcha\n|-supereffective|p1b: Sinistcha|1\n|-damage|p1b: Sinistcha|16/100 brn\n|-enditem|p1b: Sinistcha|Focus Sash|[from] move: Knock Off|[of] p2b: Chesnaught\n|move|p1b: Sinistcha|Shadow Ball|p2a: Dragapult\n|-supereffective|p2a: Dragapult|1\n|-damage|p2a: Dragapult|27/100\n|move|p2a: Dragapult|Will-O-Wisp|p1a: Slowking\n|-status|p1a: Slowking|brn\n|\n|-damage|p1a: Slowking|95/100 brn|[from] brn\n|-damage|p1b: Sinistcha|10/100 brn|[from] brn\n|upkeep\n|turn|4\n|inactive|judetini has 30 seconds left.\n|\n|t:|1776374252\n|switch|p2a: Incineroar|Incineroar, L50, M|74/100\n|-ability|p2a: Incineroar|Intimidate|boost\n|-unboost|p1a: Slowking|atk|1\n|-unboost|p1b: Sinistcha|atk|1\n|move|p1a: Slowking|Sludge Bomb|p2a: Incineroar\n|-damage|p2a: Incineroar|30/100\n|-enditem|p2a: Incineroar|Sitrus Berry|[eat]\n|-heal|p2a: Incineroar|55/100|[from] item: Sitrus Berry\n|move|p2b: Chesnaught|Knock Off|p1b: Sinistcha\n|-supereffective|p1b: Sinistcha|1\n|-damage|p1b: Sinistcha|0 fnt\n|faint|p1b: Sinistcha\n|\n|-damage|p1a: Slowking|89/100 brn|[from] brn\n|upkeep\n|\n|t:|1776374265\n|switch|p1b: Aggron|Aggron, L50, M|100/100\n|turn|5\n|\n|t:|1776374281\n|detailschange|p1b: Aggron|Aggron-Mega, L50, M\n|-mega|p1b: Aggron|Aggron|Aggronite\n|move|p2a: Incineroar|Fake Out|p1a: Slowking\n|-damage|p1a: Slowking|76/100 brn\n|cant|p1a: Slowking|flinch\n|move|p2b: Chesnaught|Body Press|p1b: Aggron\n|-supereffective|p1b: Aggron|1\n|-damage|p1b: Aggron|22/100\n|move|p1b: Aggron|Body Press|p2a: Incineroar\n|-supereffective|p2a: Incineroar|1\n|-damage|p2a: Incineroar|0 fnt\n|faint|p2a: Incineroar\n|\n|-damage|p1a: Slowking|70/100 brn|[from] brn\n|-fieldend|move: Trick Room\n|upkeep\n|\n|t:|1776374292\n|switch|p2a: Dragapult|Dragapult, L50, F|27/100\n|turn|6\n|-message|judetini forfeited.\n|\n|win|yuriimon\n|raw|judetini's rating: 1086 &rarr; <strong>1066</strong><br />(-20 for losing)\n|raw|yuriimon's rating: 1123 &rarr; <strong>1145</strong><br />(+22 for winning)\n|l|\u2606judetini\n|player|p1|\n",
  "uploadtime": 1776374304,
  "views": 20,
  "formatid": "gen9championsvgc2026regma",
  "rating": 1066,
  "private": 0,
  "password": null
}