{
  "id": "gen9championsvgc2026regma-2588855164",
  "format": "[Gen 9 Champions] VGC 2026 Reg M-A",
  "players": [
    "JareMase",
    "testhan92"
  ],
  "log": "|j|\u2606JareMase\n|j|\u2606testhan92\n|t:|1776678959\n|gametype|doubles\n|player|p1|JareMase|101|1302\n|player|p2|testhan92|1|1401\n|gen|9\n|tier|[Gen 9 Champions] VGC 2026 Reg M-A\n|rated|\n|rule|Species Clause: Limit one of each Pok\u00e9mon\n|rule|Item Clause: Limit 1 of each item\n|clearpoke\n|poke|p1|Meganium, L50, F|\n|poke|p1|Rotom-Wash, L50|\n|poke|p1|Pelipper, L50, M|\n|poke|p1|Garchomp, L50, F|\n|poke|p1|Farigiraf, L50, M|\n|poke|p1|Basculegion, L50, M|\n|poke|p2|Charizard, L50, F|\n|poke|p2|Sneasler, L50, M|\n|poke|p2|Aegislash, L50, F|\n|poke|p2|Floette-Eternal, L50, F|\n|poke|p2|Sinistcha, L50|\n|poke|p2|Incineroar, L50, M|\n|teampreview|4\nJareMase has agreed to open team sheets.\n|inactive|Battle timer is ON: inactive players will automatically lose when time's up. (requested by testhan92)\ntesthan92 has agreed to open team sheets.\n|showteam|p1|Meganium||Meganiumite|Overgrow|Protect,DazzlingGleam,SolarBeam,WeatherBall|||F|||50|]Rotom-Wash||Leftovers|Levitate|Protect,WillOWisp,HydroPump,Electroweb||||||50|]Pelipper||FocusSash|Drizzle|WideGuard,Tailwind,IcyWind,Hurricane|||M|||50|]Garchomp||YacheBerry|RoughSkin|Protect,SwordsDance,DragonClaw,Earthquake|||F|||50|]Farigiraf||SitrusBerry|ArmorTail|TwinBeam,TrickRoom,HyperVoice,HelpingHand|||M|||50|]Basculegion||ChoiceScarf|Adaptability|LastRespects,WaveCrash,FlipTurn,PsychicFangs|||M|||50|\n|showteam|p2|Charizard||CharizarditeX|Blaze|BreakingSwipe,DragonDance,FlareBlitz,Protect|||F|||50|]Sneasler||WhiteHerb|Unburden|FakeOut,CloseCombat,Coaching,DireClaw|||M|||50|]Aegislash||BlackBelt|StanceChange|ShadowSneak,IronHead,WideGuard,KingsShield|||F|||50|]Floette-Eternal||Floettite|FlowerVeil|DrainingKiss,DazzlingGleam,CalmMind,Protect|||F|||50|]Sinistcha||OccaBerry|Hospitality|LifeDew,TrickRoom,MatchaGotcha,RagePowder||||||50|]Incineroar||SitrusBerry|Intimidate|FlareBlitz,DarkestLariat,PartingShot,FakeOut|||M|||50|\n|\n|t:|1776679006\n|teamsize|p1|4\n|teamsize|p2|4\n|start\n|switch|p1a: Rotom|Rotom-Wash, L50|100/100\n|switch|p1b: Garchomp|Garchomp, L50, F|100/100\n|switch|p2a: Floette|Floette-Eternal, L50, F|100/100\n|switch|p2b: Incineroar|Incineroar, L50, M|100/100\n|-ability|p2b: Incineroar|Intimidate|boost\n|-unboost|p1a: Rotom|atk|1\n|-unboost|p1b: Garchomp|atk|1\n|turn|1\n|\n|t:|1776679024\n|detailschange|p2a: Floette|Floette-Mega, L50, F\n|-mega|p2a: Floette|Floette|Floettite\n|-ability|p2a: Floette|Fairy Aura\n|move|p1b: Garchomp|Protect|p1b: Garchomp\n|-singleturn|p1b: Garchomp|Protect\n|move|p2b: Incineroar|Fake Out|p1b: Garchomp\n|-activate|p1b: Garchomp|move: Protect\n|move|p2a: Floette|Calm Mind|p2a: Floette\n|-boost|p2a: Floette|spa|1\n|-boost|p2a: Floette|spd|1\n|move|p1a: Rotom|Electroweb|p2b: Incineroar|[spread] p2a,p2b\n|-damage|p2a: Floette|91/100\n|-damage|p2b: Incineroar|84/100\n|-unboost|p2a: Floette|spe|1\n|-unboost|p2b: Incineroar|spe|1\n|\n|upkeep\n|turn|2\n|\n|t:|1776679041\n|move|p2a: Floette|Protect|p2a: Floette\n|-singleturn|p2a: Floette|Protect\n|move|p1b: Garchomp|Earthquake|p2a: Floette|[spread] p2b\n|-activate|p2a: Floette|move: Protect\n|-immune|p1a: Rotom|[from] ability: Levitate\n|-supereffective|p2b: Incineroar|1\n|-damage|p2b: Incineroar|50/100\n|-enditem|p2b: Incineroar|Sitrus Berry|[eat]\n|-heal|p2b: Incineroar|75/100|[from] item: Sitrus Berry\n|move|p1a: Rotom|Hydro Pump|p2b: Incineroar\n|-supereffective|p2b: Incineroar|1\n|-damage|p2b: Incineroar|0 fnt\n|faint|p2b: Incineroar\n|\n|upkeep\n|\n|t:|1776679054\n|switch|p2b: Sneasler|Sneasler, L50, M|100/100\n|turn|3\n|\n|t:|1776679066\n|move|p1b: Garchomp|Protect|p1b: Garchomp\n|-singleturn|p1b: Garchomp|Protect\n|move|p2b: Sneasler|Coaching|p2a: Floette\n|-boost|p2a: Floette|atk|1\n|-boost|p2a: Floette|def|1\n|move|p1a: Rotom|Electroweb|p2b: Sneasler|[spread] p2a,p2b\n|-damage|p2a: Floette|81/100\n|-damage|p2b: Sneasler|78/100\n|-unboost|p2a: Floette|spe|1\n|-unboost|p2b: Sneasler|spe|1\n|-enditem|p2b: Sneasler|White Herb\n|-clearnegativeboost|p2b: Sneasler|[silent]\n|move|p2a: Floette|Calm Mind|p2a: Floette\n|-boost|p2a: Floette|spa|1\n|-boost|p2a: Floette|spd|1\n|\n|upkeep\n|turn|4\n|\n|t:|1776679082\n|switch|p2b: Sinistcha|Sinistcha, L50|100/100\n|-heal|p2a: Floette|100/100|[from] ability: Hospitality|[of] p2b: Sinistcha\n|move|p1b: Garchomp|Earthquake|p2a: Floette|[spread] p2a,p2b\n|-immune|p1a: Rotom|[from] ability: Levitate\n|-resisted|p2b: Sinistcha|1\n|-damage|p2a: Floette|89/100\n|-damage|p2b: Sinistcha|91/100\n|move|p1a: Rotom|Electroweb|p2a: Floette|[spread] p2a,p2b\n|-resisted|p2b: Sinistcha|1\n|-crit|p2b: Sinistcha\n|-damage|p2a: Floette|82/100\n|-damage|p2b: Sinistcha|78/100\n|-unboost|p2a: Floette|spe|1\n|-unboost|p2b: Sinistcha|spe|1\n|move|p2a: Floette|Calm Mind|p2a: Floette\n|-boost|p2a: Floette|spa|1\n|-boost|p2a: Floette|spd|1\n|\n|upkeep\n|turn|5\n|inactive|JareMase has 30 seconds left.\n|c|\u2606JareMase|what kind of floette build is that \ud83d\ude2d\n|inactive|JareMase has 20 seconds left.\n|inactive|JareMase has 15 seconds left.\n|\n|t:|1776679125\n|move|p1b: Garchomp|Dragon Claw|p2b: Sinistcha\n|-crit|p2b: Sinistcha\n|-damage|p2b: Sinistcha|29/100\n|move|p1a: Rotom|Will-O-Wisp|p2a: Floette\n|-status|p2a: Floette|brn\n|move|p2a: Floette|Dazzling Gleam|p1b: Garchomp|[spread] p1a,p1b\n|-supereffective|p1b: Garchomp|1\n|-damage|p1a: Rotom|0 fnt\n|-damage|p1b: Garchomp|0 fnt\n|faint|p1a: Rotom\n|faint|p1b: Garchomp\n|move|p2b: Sinistcha|Trick Room|p2b: Sinistcha\n|-fieldstart|move: Trick Room|[of] p2b: Sinistcha\n|\n|-damage|p2a: Floette|76/100 brn|[from] brn\n|upkeep\n|c|\u2606testhan92|bold full hp and def haha\n|\n|t:|1776679130\n|switch|p1a: Pelipper|Pelipper, L50, M|100/100\n|switch|p1b: Basculegion|Basculegion, L50, M|100/100\n|-weather|RainDance|[from] ability: Drizzle|[of] p1a: Pelipper\n|turn|6\n|\n|t:|1776679147\n|move|p1a: Pelipper|Wide Guard|p1a: Pelipper\n|-singleturn|p1a: Pelipper|Wide Guard\n|move|p2a: Floette|Dazzling Gleam|p1b: Basculegion|[spread] \n|-activate|p1a: Pelipper|move: Wide Guard\n|-activate|p1b: Basculegion|move: Wide Guard\n|move|p2b: Sinistcha|Matcha Gotcha|p1a: Pelipper|[spread] \n|-activate|p1a: Pelipper|move: Wide Guard\n|-activate|p1b: Basculegion|move: Wide Guard\n|move|p1b: Basculegion|Last Respects|p2a: Floette\n|-damage|p2a: Floette|27/100 brn\n|\n|-weather|RainDance|[upkeep]\n|-damage|p2a: Floette|21/100 brn|[from] brn\n|upkeep\n|turn|7\n|c|\u2606JareMase|lmao youre insane\n|c|\u2606JareMase|holy\n|c|\u2606JareMase|thats 150 bp adaptability\n|inactive|JareMase has 30 seconds left.\n|\n|t:|1776679177\n|move|p2b: Sinistcha|Rage Powder|p2b: Sinistcha\n|-singleturn|p2b: Sinistcha|move: Rage Powder\n|move|p2a: Floette|Draining Kiss|p1b: Basculegion\n|-damage|p1b: Basculegion|6/100\n|-heal|p2a: Floette|98/100 brn|[from] drain|[of] p1b: Basculegion\n|move|p1a: Pelipper|Hurricane|p2b: Sinistcha\n|-supereffective|p2b: Sinistcha|1\n|-damage|p2b: Sinistcha|0 fnt\n|faint|p2b: Sinistcha\n|move|p1b: Basculegion|Last Respects|p2a: Floette\n|-damage|p2a: Floette|52/100 brn\n|\n|-weather|RainDance|[upkeep]\n|-damage|p2a: Floette|46/100 brn|[from] brn\n|upkeep\n|c|\u2606testhan92|haha yeah\n|\n|t:|1776679189\n|switch|p2b: Sneasler|Sneasler, L50, M|78/100\n|turn|8\n|\n|t:|1776679195\n|move|p2b: Sneasler|Fake Out|p1a: Pelipper\n|-damage|p1a: Pelipper|84/100\n|move|p2a: Floette|Draining Kiss|p1b: Basculegion\n|-damage|p1b: Basculegion|0 fnt\n|-heal|p2a: Floette|50/100 brn|[from] drain|[of] p1b: Basculegion\n|faint|p1b: Basculegion\n|cant|p1a: Pelipper|flinch\n|\n|-weather|RainDance|[upkeep]\n|-damage|p2a: Floette|44/100 brn|[from] brn\n|upkeep\n|turn|9\n|c|\u2606JareMase|how do you even beat that\n|c|\u2606JareMase|the usual counters arent even doing 50% lol\n|inactive|JareMase has 30 seconds left.\n|\n|t:|1776679222\n|move|p2a: Floette|Draining Kiss|p1a: Pelipper\n|-damage|p1a: Pelipper|0 fnt\n|-heal|p2a: Floette|92/100 brn|[from] drain|[of] p1a: Pelipper\n|faint|p1a: Pelipper\n|\n|win|testhan92\n|raw|JareMase's rating: 1302 &rarr; <strong>1288</strong><br />(-14 for losing)\n|raw|testhan92's rating: 1401 &rarr; <strong>1415</strong><br />(+14 for winning)\n|l|\u2606JareMase\n|player|p1|\n|c|\u2606testhan92|ggwp\n",
  "uploadtime": 1776679236,
  "views": 14,
  "formatid": "gen9championsvgc2026regma",
  "rating": 1288,
  "private": 0,
  "password": null
}