{
  "id": "gen9championsvgc2026regma-2585123993",
  "format": "[Gen 9 Champions] VGC 2026 Reg M-A",
  "players": [
    "TheGovestOne",
    "MapleySyrup"
  ],
  "log": "|j|\u2606TheGovestOne\n|j|\u2606MapleySyrup\n|t:|1776314574\n|gametype|doubles\n|player|p1|TheGovestOne|roxanne|1175\n|player|p2|MapleySyrup|hilbert|1177\n|gen|9\n|tier|[Gen 9 Champions] VGC 2026 Reg M-A\n|rated|\n|rule|Species Clause: Limit one of each Pok\u00e9mon\n|rule|Item Clause: Limit 1 of each item\n|clearpoke\n|poke|p1|Empoleon, L50, M|\n|poke|p1|Tyranitar, L50, F|\n|poke|p1|Excadrill, L50, M|\n|poke|p1|Incineroar, L50, M|\n|poke|p1|Scizor, L50, F|\n|poke|p1|Sinistcha, L50|\n|poke|p2|Primarina, L50, F|\n|poke|p2|Farigiraf, L50, M|\n|poke|p2|Drampa, L50, F|\n|poke|p2|Sinistcha, L50|\n|poke|p2|Pelipper, L50, M|\n|poke|p2|Lopunny, L50, F|\n|teampreview|4\n|inactive|Battle timer is ON: inactive players will automatically lose when time's up. (requested by MapleySyrup)\n|inactive|TheGovestOne has 60 seconds left.\n|\n|t:|1776314615\n|teamsize|p1|4\n|teamsize|p2|4\n|start\n|switch|p1a: Tyranitar|Tyranitar, L50, F|100/100\n|switch|p1b: Incineroar|Incineroar, L50, M, shiny|100/100\n|switch|p2a: Primarina|Primarina, L50, F|100/100\n|switch|p2b: Farigiraf|Farigiraf, L50, M|100/100\n|-ability|p1b: Incineroar|Intimidate|boost\n|-unboost|p2a: Primarina|atk|1\n|-unboost|p2b: Farigiraf|atk|1\n|-weather|Sandstorm|[from] ability: Sand Stream|[of] p1a: Tyranitar\n|turn|1\n|inactive|TheGovestOne has 30 seconds left.\n|inactive|MapleySyrup has 30 seconds left.\n|inactive|TheGovestOne has 20 seconds left.\n|inactive|MapleySyrup has 20 seconds left.\n|inactive|TheGovestOne has 15 seconds left.\n|inactive|TheGovestOne has 10 seconds left.\n|\n|t:|1776314660\n|switch|p1a: Sinistcha|Sinistcha, L50|100/100\n|move|p2b: Farigiraf|Helping Hand|p2a: Primarina\n|-singleturn|p2a: Primarina|Helping Hand|[of] p2b: Farigiraf\n|move|p1b: Incineroar|Parting Shot|p2a: Primarina\n|-unboost|p2a: Primarina|atk|1\n|-unboost|p2a: Primarina|spa|1\n|\n|t:|1776314667\n|switch|p1b: Scizor|Scizor, L50, F|100/100|[from] Parting Shot\n|move|p2a: Primarina|Hyper Voice|p1b: Scizor|[spread] p1a,p1b\n|-resisted|p1a: Sinistcha|1\n|-damage|p1a: Sinistcha|76/100\n|-damage|p1b: Scizor|46/100\n|\n|-weather|Sandstorm|[upkeep]\n|-damage|p1a: Sinistcha|70/100|[from] Sandstorm\n|-damage|p2a: Primarina|95/100|[from] Sandstorm\n|-damage|p2b: Farigiraf|94/100|[from] Sandstorm\n|-heal|p1a: Sinistcha|76/100|[from] item: Leftovers\n|upkeep\n|turn|2\n|\n|t:|1776314690\n|switch|p2a: Sinistcha|Sinistcha, L50|100/100\n|-heal|p2b: Farigiraf|100/100|[from] ability: Hospitality|[of] p2a: Sinistcha\n|move|p1b: Scizor|Bullet Punch||[still]\n|cant|p2b: Farigiraf|ability: Armor Tail|Bullet Punch|[of] p1b: Scizor\n|move|p1a: Sinistcha|Matcha Gotcha|p2b: Farigiraf|[spread] p2a,p2b\n|-resisted|p2a: Sinistcha|1\n|-damage|p2a: Sinistcha|82/100\n|-heal|p1a: Sinistcha|85/100|[from] drain|[of] p2a: Sinistcha\n|-damage|p2b: Farigiraf|65/100\n|-heal|p1a: Sinistcha|100/100|[from] drain|[of] p2b: Farigiraf\n|move|p2b: Farigiraf|Trick Room|p2b: Farigiraf\n|-fieldstart|move: Trick Room|[of] p2b: Farigiraf\n|\n|-weather|Sandstorm|[upkeep]\n|-damage|p2b: Farigiraf|59/100|[from] Sandstorm\n|-damage|p2a: Sinistcha|75/100|[from] Sandstorm\n|-damage|p1a: Sinistcha|94/100|[from] Sandstorm\n|-heal|p1a: Sinistcha|100/100|[from] item: Leftovers\n|upkeep\n|turn|3\n|inactive|MapleySyrup has 30 seconds left.\n|inactive|MapleySyrup has 20 seconds left.\n|\n|t:|1776314730\n|switch|p2a: Primarina|Primarina, L50, F|95/100\n|move|p1a: Sinistcha|Rage Powder|p1a: Sinistcha\n|-singleturn|p1a: Sinistcha|move: Rage Powder\n|move|p2b: Farigiraf|Psychic|p1a: Sinistcha\n|-damage|p1a: Sinistcha|62/100\n|move|p1b: Scizor|Bug Bite|p2b: Farigiraf\n|-supereffective|p2b: Farigiraf|1\n|-damage|p2b: Farigiraf|0 fnt\n|-enditem|p2b: Farigiraf|Lum Berry|[from] stealeat|[move] Bug Bite|[of] p1b: Scizor\n|faint|p2b: Farigiraf\n|\n|-weather|Sandstorm|[upkeep]\n|-damage|p2a: Primarina|89/100|[from] Sandstorm\n|-damage|p1a: Sinistcha|55/100|[from] Sandstorm\n|-heal|p1a: Sinistcha|62/100|[from] item: Leftovers\n|upkeep\n|\n|t:|1776314740\n|switch|p2b: Drampa|Drampa, L50, F|100/100\n|turn|4\n|inactive|TheGovestOne has 30 seconds left.\n|\n|t:|1776314768\n|detailschange|p2b: Drampa|Drampa-Mega, L50, F\n|-mega|p2b: Drampa|Drampa|Drampanite\n|move|p2b: Drampa|Hyper Voice|p1b: Scizor|[spread] p1b\n|-immune|p1a: Sinistcha\n|-resisted|p1b: Scizor|1\n|-damage|p1b: Scizor|18/100\n|move|p2a: Primarina|Hyper Voice|p1a: Sinistcha|[spread] p1a,p1b\n|-resisted|p1a: Sinistcha|1\n|-damage|p1a: Sinistcha|36/100\n|-damage|p1b: Scizor|0 fnt\n|faint|p1b: Scizor\n|move|p1a: Sinistcha|Matcha Gotcha|p2b: Drampa|[spread] p2a,p2b\n|-supereffective|p2a: Primarina|1\n|-resisted|p2b: Drampa|1\n|-damage|p2a: Primarina|34/100\n|-heal|p1a: Sinistcha|67/100|[from] drain|[of] p2a: Primarina\n|-damage|p2b: Drampa|87/100\n|-heal|p1a: Sinistcha|75/100|[from] drain|[of] p2b: Drampa\n|-status|p2b: Drampa|brn\n|\n|-weather|Sandstorm|[upkeep]\n|-damage|p2b: Drampa|81/100 brn|[from] Sandstorm\n|-damage|p2a: Primarina|28/100|[from] Sandstorm\n|-damage|p1a: Sinistcha|69/100|[from] Sandstorm\n|-heal|p1a: Sinistcha|75/100|[from] item: Leftovers\n|-damage|p2b: Drampa|75/100 brn|[from] brn\n|upkeep\n|\n|t:|1776314779\n|switch|p1b: Incineroar|Incineroar, L50, M, shiny|100/100\n|-ability|p1b: Incineroar|Intimidate|boost\n|-unboost|p2a: Primarina|atk|1\n|-unboost|p2b: Drampa|atk|1\n|turn|5\n|\n|t:|1776314787\n|move|p2b: Drampa|Protect|p2b: Drampa\n|-singleturn|p2b: Drampa|Protect\n|move|p2a: Primarina|Protect|p2a: Primarina\n|-singleturn|p2a: Primarina|Protect\n|move|p1b: Incineroar|Fake Out|p2b: Drampa\n|-activate|p2b: Drampa|move: Protect\n|move|p1a: Sinistcha|Matcha Gotcha|p2b: Drampa|[spread] \n|-activate|p2a: Primarina|move: Protect\n|-activate|p2b: Drampa|move: Protect\n|\n|-weather|none\n|-heal|p1a: Sinistcha|81/100|[from] item: Leftovers\n|-damage|p2b: Drampa|69/100 brn|[from] brn\n|upkeep\n|turn|6\n|\n|t:|1776314801\n|move|p2b: Drampa|Draco Meteor|p1a: Sinistcha\n|-damage|p1a: Sinistcha|0 fnt\n|-unboost|p2b: Drampa|spa|2\n|faint|p1a: Sinistcha\n|move|p2a: Primarina|Hyper Voice|p1b: Incineroar\n|-supereffective|p1b: Incineroar|1\n|-damage|p1b: Incineroar|0 fnt\n|faint|p1b: Incineroar\n|\n|-damage|p2b: Drampa|63/100 brn|[from] brn\n|-fieldend|move: Trick Room\n|upkeep\n|\n|t:|1776314808\n|switch|p1b: Tyranitar|Tyranitar, L50, F|100/100\n|-weather|Sandstorm|[from] ability: Sand Stream|[of] p1b: Tyranitar\n|turn|7\n|\n|t:|1776314828\n|switch|p2b: Sinistcha|Sinistcha, L50|75/100\n|-heal|p2a: Primarina|53/100|[from] ability: Hospitality|[of] p2b: Sinistcha\n|detailschange|p1b: Tyranitar|Tyranitar-Mega, L50, F\n|-mega|p1b: Tyranitar|Tyranitar|Tyranitarite\n|move|p2a: Primarina|Protect|p2a: Primarina\n|-singleturn|p2a: Primarina|Protect\n|move|p1b: Tyranitar|Rock Slide|p2b: Sinistcha|[spread] p2b\n|-activate|p2a: Primarina|move: Protect\n|-damage|p2b: Sinistcha|43/100\n|-enditem|p2b: Sinistcha|Sitrus Berry|[eat]\n|-heal|p2b: Sinistcha|68/100|[from] item: Sitrus Berry\n|\n|-weather|Sandstorm|[upkeep]\n|-damage|p2b: Sinistcha|62/100|[from] Sandstorm\n|-damage|p2a: Primarina|47/100|[from] Sandstorm\n|upkeep\n|turn|8\n|inactive|MapleySyrup has 30 seconds left.\n|\n|t:|1776314860\n|switch|p2a: Drampa|Drampa-Mega, L50, F|63/100 brn\n|move|p1b: Tyranitar|Rock Slide|p2b: Sinistcha|[spread] p2a\n|-miss|p1b: Tyranitar|p2b: Sinistcha\n|-damage|p2a: Drampa|32/100 brn\n|-ability|p2a: Drampa|Berserk|boost\n|-boost|p2a: Drampa|spa|1\n|move|p2b: Sinistcha|Life Dew|p2b: Sinistcha|[spread] p2a,p2b\n|-heal|p2a: Drampa|57/100 brn\n|-heal|p2b: Sinistcha|87/100\n|\n|-weather|Sandstorm|[upkeep]\n|-damage|p2b: Sinistcha|81/100|[from] Sandstorm\n|-damage|p2a: Drampa|51/100 brn|[from] Sandstorm\n|-damage|p2a: Drampa|45/100 brn|[from] brn\n|upkeep\n|turn|9\n|\n|t:|1776314878\n|move|p2a: Drampa|Protect|p2a: Drampa\n|-singleturn|p2a: Drampa|Protect\n|move|p1b: Tyranitar|Knock Off|p2b: Sinistcha\n|-supereffective|p2b: Sinistcha|1\n|-damage|p2b: Sinistcha|3/100\n|move|p2b: Sinistcha|Trick Room|p2b: Sinistcha\n|-fieldstart|move: Trick Room|[of] p2b: Sinistcha\n|\n|-weather|Sandstorm|[upkeep]\n|-damage|p2a: Drampa|39/100 brn|[from] Sandstorm\n|-damage|p2b: Sinistcha|0 fnt|[from] Sandstorm\n|faint|p2b: Sinistcha\n|-damage|p2a: Drampa|33/100 brn|[from] brn\n|upkeep\n|\n|t:|1776314888\n|switch|p2b: Primarina|Primarina, L50, F|47/100\n|turn|10\n|\n|t:|1776314899\n|move|p1b: Tyranitar|Protect|p1b: Tyranitar\n|-singleturn|p1b: Tyranitar|Protect\n|move|p2a: Drampa|Hyper Voice|p1b: Tyranitar\n|-activate|p1b: Tyranitar|move: Protect\n|move|p2b: Primarina|Hyper Voice|p1b: Tyranitar\n|-activate|p1b: Tyranitar|move: Protect\n|\n|-weather|Sandstorm|[upkeep]\n|-damage|p2a: Drampa|27/100 brn|[from] Sandstorm\n|-damage|p2b: Primarina|41/100|[from] Sandstorm\n|-damage|p2a: Drampa|21/100 brn|[from] brn\n|upkeep\n|turn|11\n|\n|t:|1776314909\n|move|p2a: Drampa|Hyper Voice|p1b: Tyranitar\n|-resisted|p1b: Tyranitar|1\n|-damage|p1b: Tyranitar|79/100\n|move|p2b: Primarina|Hyper Voice|p1b: Tyranitar\n|-supereffective|p1b: Tyranitar|1\n|-damage|p1b: Tyranitar|15/100\n|move|p1b: Tyranitar|Rock Slide|p2b: Primarina|[spread] p2a,p2b\n|-damage|p2a: Drampa|0 fnt\n|-damage|p2b: Primarina|0 fnt\n|faint|p2a: Drampa\n|faint|p2b: Primarina\n|\n|win|TheGovestOne\n|raw|TheGovestOne's rating: 1175 &rarr; <strong>1200</strong><br />(+25 for winning)\n|raw|MapleySyrup's rating: 1177 &rarr; <strong>1152</strong><br />(-25 for losing)\n",
  "uploadtime": 1776314920,
  "views": 29,
  "formatid": "gen9championsvgc2026regma",
  "rating": 1152,
  "private": 0,
  "password": null
}