{
  "id": "gen9championsvgc2026regma-2585471618",
  "format": "[Gen 9 Champions] VGC 2026 Reg M-A",
  "players": [
    "zoverly",
    "ADV169"
  ],
  "log": "|j|\u2606zoverly\n|j|\u2606ADV169\n|t:|1776349518\n|gametype|doubles\n|player|p1|zoverly|brycen|1223\n|player|p2|ADV169|cynthia-gen4|1188\n|gen|9\n|tier|[Gen 9 Champions] VGC 2026 Reg M-A\n|rated|\n|rule|Species Clause: Limit one of each Pok\u00e9mon\n|rule|Item Clause: Limit 1 of each item\n|clearpoke\n|poke|p1|Blastoise, L50, M|\n|poke|p1|Talonflame, L50, F|\n|poke|p1|Sinistcha, L50|\n|poke|p1|Garchomp, L50, F|\n|poke|p1|Weavile, L50, M|\n|poke|p1|Scizor, L50, M|\n|poke|p2|Gardevoir, L50, M|\n|poke|p2|Farigiraf, L50, F|\n|poke|p2|Incineroar, L50, M|\n|poke|p2|Rotom-Wash, L50|\n|poke|p2|Archaludon, L50, F|\n|poke|p2|Sinistcha, L50|\n|teampreview|4\n|inactive|Battle timer is ON: inactive players will automatically lose when time's up. (requested by ADV169)\n|\n|t:|1776349573\n|teamsize|p1|4\n|teamsize|p2|4\n|start\n|switch|p1a: Blastoise|Blastoise, L50, M|100/100\n|switch|p1b: Weavile|Weavile, L50, M|100/100\n|switch|p2a: Carcosa|Farigiraf, L50, F|100/100\n|switch|p2b: El Macho \u2642\ufe0f|Incineroar, L50, M|100/100\n|-ability|p1b: Weavile|Pressure\n|-ability|p2b: El Macho \u2642\ufe0f|Intimidate|boost\n|-unboost|p1a: Blastoise|atk|1\n|-unboost|p1b: Weavile|atk|1\n|turn|1\n|\n|t:|1776349594\n|switch|p1a: Scizor|Scizor, L50, M|100/100\n|move|p2b: El Macho \u2642\ufe0f|Fake Out|p1b: Weavile\n|-damage|p1b: Weavile|83/100\n|cant|p1b: Weavile|flinch\n|move|p2a: Carcosa|Psychic Terrain|p2a: Carcosa\n|-fieldstart|move: Psychic Terrain\n|\n|upkeep\n|turn|2\n|inactive|zoverly has 30 seconds left.\n|inactive|ADV169 has 30 seconds left.\n|\n|t:|1776349625\n|switch|p2b: Babylon|Archaludon, L50, F|100/100\n|move|p2a: Carcosa|Protect|p2a: Carcosa\n|-singleturn|p2a: Carcosa|Protect\n|move|p1a: Scizor|Protect|p1a: Scizor\n|-singleturn|p1a: Scizor|Protect\n|move|p1b: Weavile|Knock Off|p2a: Carcosa\n|-activate|p2a: Carcosa|move: Protect\n|\n|upkeep\n|turn|3\n|\n|t:|1776349645\n|switch|p1b: Sinistcha|Sinistcha, L50|100/100\n|detailschange|p1a: Scizor|Scizor-Mega, L50, M\n|-mega|p1a: Scizor|Scizor|Scizorite\n|move|p1a: Scizor|Bug Bite|p2a: Carcosa\n|-supereffective|p2a: Carcosa|1\n|-damage|p2a: Carcosa|6/100\n|-enditem|p2a: Carcosa|Sitrus Berry|[from] stealeat|[move] Bug Bite|[of] p1a: Scizor\n|move|p2a: Carcosa|Rain Dance|p2a: Carcosa\n|-weather|RainDance\n|move|p2b: Babylon|Aura Sphere|p1b: Sinistcha\n|-immune|p1b: Sinistcha\n|\n|-weather|RainDance|[upkeep]\n|upkeep\n|turn|4\n|inactive|zoverly has 30 seconds left.\n|\n|t:|1776349672\n|move|p1b: Sinistcha|Matcha Gotcha|p2a: Carcosa|[spread] p2a,p2b\n|-resisted|p2b: Babylon|2\n|-damage|p2a: Carcosa|0 fnt\n|-damage|p2b: Babylon|95/100\n|-ability|p2b: Babylon|Stamina|boost\n|-boost|p2b: Babylon|def|1\n|faint|p2a: Carcosa\n|move|p1a: Scizor|Swords Dance|p1a: Scizor\n|-boost|p1a: Scizor|atk|2\n|move|p2b: Babylon|Electro Shot||[still]\n|-prepare|p2b: Babylon|Electro Shot\n|-boost|p2b: Babylon|spa|1\n|-anim|p2b: Babylon|Electro Shot|p1a: Scizor\n|-damage|p1a: Scizor|49/100\n|\n|-weather|RainDance|[upkeep]\n|-heal|p2b: Babylon|100/100|[from] item: Leftovers\n|upkeep\n|\n|t:|1776349693\n|switch|p2a: Sinistcha|Sinistcha, L50|100/100\n|turn|5\n|\n|t:|1776349704\n|move|p1b: Sinistcha|Rage Powder|p1b: Sinistcha\n|-singleturn|p1b: Sinistcha|move: Rage Powder\n|move|p1a: Scizor|Bug Bite|p2a: Sinistcha\n|-damage|p2a: Sinistcha|24/100\n|-enditem|p2a: Sinistcha|Kebia Berry|[from] stealeat|[move] Bug Bite|[of] p1a: Scizor\n|move|p2b: Babylon|Electro Shot||[still]\n|-prepare|p2b: Babylon|Electro Shot\n|-boost|p2b: Babylon|spa|1\n|-anim|p2b: Babylon|Electro Shot|p1b: Sinistcha\n|-resisted|p1b: Sinistcha|1\n|-damage|p1b: Sinistcha|70/100\n|move|p2a: Sinistcha|Trick Room|p2a: Sinistcha\n|-fieldstart|move: Trick Room|[of] p2a: Sinistcha\n|\n|-weather|RainDance|[upkeep]\n|-fieldend|move: Psychic Terrain\n|upkeep\n|turn|6\n|inactive|zoverly has 30 seconds left.\n|inactive|ADV169 has 30 seconds left.\n|\n|t:|1776349731\n|move|p1a: Scizor|Protect|p1a: Scizor\n|-singleturn|p1a: Scizor|Protect\n|move|p2a: Sinistcha|Shadow Ball|p1b: Sinistcha\n|-supereffective|p1b: Sinistcha|1\n|-damage|p1b: Sinistcha|6/100\n|-unboost|p1b: Sinistcha|spd|1\n|-enditem|p1b: Sinistcha|Sitrus Berry|[eat]\n|-heal|p1b: Sinistcha|30/100|[from] item: Sitrus Berry\n|move|p2b: Babylon|Electro Shot||[still]\n|-prepare|p2b: Babylon|Electro Shot\n|-boost|p2b: Babylon|spa|1\n|-anim|p2b: Babylon|Electro Shot|p1a: Scizor\n|-activate|p1a: Scizor|move: Protect\n|move|p1b: Sinistcha|Life Dew|p1b: Sinistcha|[spread] p1a,p1b\n|-heal|p1a: Scizor|73/100\n|-heal|p1b: Sinistcha|56/100\n|\n|-weather|RainDance|[upkeep]\n|upkeep\n|turn|7\n|\n|t:|1776349750\n|move|p1b: Sinistcha|Rage Powder|p1b: Sinistcha\n|-singleturn|p1b: Sinistcha|move: Rage Powder\n|move|p1a: Scizor|Bullet Punch|p2a: Sinistcha\n|-damage|p2a: Sinistcha|0 fnt\n|faint|p2a: Sinistcha\n|move|p2b: Babylon|Electro Shot||[still]\n|-prepare|p2b: Babylon|Electro Shot\n|-boost|p2b: Babylon|spa|1\n|-anim|p2b: Babylon|Electro Shot|p1b: Sinistcha\n|-resisted|p1b: Sinistcha|1\n|-damage|p1b: Sinistcha|0 fnt\n|faint|p1b: Sinistcha\n|\n|-weather|none\n|upkeep\n|\n|t:|1776349872\n|switch|p2a: El Macho \u2642\ufe0f|Incineroar, L50, M|100/100\n|switch|p1b: Weavile|Weavile, L50, M|83/100\n|-ability|p2a: El Macho \u2642\ufe0f|Intimidate|boost\n|-unboost|p1a: Scizor|atk|1\n|-unboost|p1b: Weavile|atk|1\n|-ability|p1b: Weavile|Pressure\n|turn|8\n|inactive|zoverly has 30 seconds left.\n|inactive|ADV169 has 30 seconds left.\n|inactiveoff|Battle timer is now OFF.\n|\n|t:|1776349979\n|move|p2a: El Macho \u2642\ufe0f|Fake Out|p1a: Scizor\n|-resisted|p1a: Scizor|1\n|-damage|p1a: Scizor|69/100\n|move|p1b: Weavile|Fake Out|p2b: Babylon\n|-resisted|p2b: Babylon|1\n|-damage|p2b: Babylon|98/100\n|-ability|p2b: Babylon|Stamina|boost\n|-boost|p2b: Babylon|def|1\n|cant|p2b: Babylon|flinch\n|cant|p1a: Scizor|flinch\n|\n|-heal|p2b: Babylon|100/100|[from] item: Leftovers\n|upkeep\n|turn|9\n|\n|t:|1776349997\n|switch|p1b: Blastoise|Blastoise, L50, M|100/100\n|move|p2a: El Macho \u2642\ufe0f|Protect|p2a: El Macho \u2642\ufe0f\n|-singleturn|p2a: El Macho \u2642\ufe0f|Protect\n|move|p1a: Scizor|Protect|p1a: Scizor\n|-singleturn|p1a: Scizor|Protect\n|move|p2b: Babylon|Aura Sphere|p1b: Blastoise\n|-damage|p1b: Blastoise|23/100\n|\n|-fieldend|move: Trick Room\n|upkeep\n|turn|10\n|\n|t:|1776350014\n|move|p1b: Blastoise|Aura Sphere|p2b: Babylon\n|-supereffective|p2b: Babylon|1\n|-damage|p2b: Babylon|60/100\n|-ability|p2b: Babylon|Stamina|boost\n|-boost|p2b: Babylon|def|1\n|move|p1a: Scizor|Bug Bite|p2a: El Macho \u2642\ufe0f\n|-damage|p2a: El Macho \u2642\ufe0f|47/100\n|move|p2b: Babylon|Aura Sphere|p1a: Scizor\n|-damage|p1a: Scizor|7/100\n|move|p2a: El Macho \u2642\ufe0f|Darkest Lariat|p1b: Blastoise\n|-damage|p1b: Blastoise|0 fnt\n|faint|p1b: Blastoise\n|\n|-heal|p2b: Babylon|66/100|[from] item: Leftovers\n|upkeep\n|\n|t:|1776350025\n|switch|p1b: Weavile|Weavile, L50, M|83/100\n|-ability|p1b: Weavile|Pressure\n|turn|11\n|\n|t:|1776350034\n|move|p1b: Weavile|Fake Out|p2b: Babylon\n|-resisted|p2b: Babylon|1\n|-damage|p2b: Babylon|64/100\n|-ability|p2b: Babylon|Stamina|boost\n|-boost|p2b: Babylon|def|1\n|move|p1a: Scizor|Swords Dance|p1a: Scizor\n|-boost|p1a: Scizor|atk|2\n|cant|p2b: Babylon|flinch\n|move|p2a: El Macho \u2642\ufe0f|Darkest Lariat|p1a: Scizor\n|-damage|p1a: Scizor|0 fnt\n|faint|p1a: Scizor\n|\n|-heal|p2b: Babylon|70/100|[from] item: Leftovers\n|upkeep\n|turn|12\n|c|\u2606ADV169|Gg\n|-message|zoverly forfeited.\n|\n|win|ADV169\n|raw|zoverly's rating: 1223 &rarr; <strong>1195</strong><br />(-28 for losing)\n|raw|ADV169's rating: 1188 &rarr; <strong>1216</strong><br />(+28 for winning)\n|l|\u2606zoverly\n|player|p1|\n||Ladder isn't responding, score probably updated but might not have (<none>).\n",
  "uploadtime": 1776350325,
  "views": 34,
  "formatid": "gen9championsvgc2026regma",
  "rating": 1195,
  "private": 0,
  "password": null
}