{
  "id": "gen9championsvgc2026regma-2588229303",
  "format": "[Gen 9 Champions] VGC 2026 Reg M-A",
  "players": [
    "1NamiGlazer",
    "ZBlackan"
  ],
  "log": "|j|\u26061NamiGlazer\n|j|\u2606ZBlackan\n|t:|1776616306\n|gametype|doubles\n|player|p1|1NamiGlazer|guzma|1161\n|player|p2|ZBlackan|2|1137\n|gen|9\n|tier|[Gen 9 Champions] VGC 2026 Reg M-A\n|rated|\n|rule|Species Clause: Limit one of each Pok\u00e9mon\n|rule|Item Clause: Limit 1 of each item\n|clearpoke\n|poke|p1|Chandelure, L50, F, shiny|\n|poke|p1|Aerodactyl, L50, F, shiny|\n|poke|p1|Ninetales-Alola, L50, F, shiny|\n|poke|p1|Garchomp, L50, M|\n|poke|p1|Kingambit, L50, M, shiny|\n|poke|p1|Milotic, L50, M|\n|poke|p2|Raichu, L50, M, shiny|\n|poke|p2|Archaludon, L50, M|\n|poke|p2|Pelipper, L50, F|\n|poke|p2|Sneasler, L50, M|\n|poke|p2|Blastoise, L50, F|\n|poke|p2|Garchomp, L50, F|\n|teampreview|4\n|inactive|Battle timer is ON: inactive players will automatically lose when time's up. (requested by 1NamiGlazer)\n|\n|t:|1776616329\n|teamsize|p1|4\n|teamsize|p2|4\n|start\n|switch|p1a: Aerodactyl|Aerodactyl, L50, F, shiny|100/100\n|switch|p1b: Garchomp|Garchomp, L50, M|100/100\n|switch|p2a: Pelipper|Pelipper, L50, F|100/100\n|switch|p2b: Raichu|Raichu, L50, M, shiny|100/100\n|-ability|p1a: Aerodactyl|Pressure\n|-weather|RainDance|[from] ability: Drizzle|[of] p2a: Pelipper\n|turn|1\n|\n|t:|1776616350\n|move|p2b: Raichu|Fake Out|p1b: Garchomp\n|-damage|p1b: Garchomp|93/100\n|-damage|p2b: Raichu|89/100|[from] ability: Rough Skin|[of] p1b: Garchomp\n|cant|p1b: Garchomp|flinch\n|move|p1a: Aerodactyl|Tailwind|p1a: Aerodactyl\n|-sidestart|p1: 1NamiGlazer|move: Tailwind\n|move|p2a: Pelipper|Tailwind|p2a: Pelipper\n|-sidestart|p2: ZBlackan|move: Tailwind\n|\n|-weather|RainDance|[upkeep]\n|upkeep\n|turn|2\n|inactive|ZBlackan has 30 seconds left.\n|\n|t:|1776616379\n|move|p1b: Garchomp|Rock Slide|p2b: Raichu|[spread] p2a,p2b\n|-supereffective|p2a: Pelipper|1\n|-damage|p2a: Pelipper|69/100\n|-damage|p2b: Raichu|56/100\n|move|p1a: Aerodactyl|Rock Slide|p2a: Pelipper|[spread] p2a,p2b\n|-supereffective|p2a: Pelipper|1\n|-damage|p2a: Pelipper|32/100\n|-damage|p2b: Raichu|16/100\n|move|p2b: Raichu|Thunder|p1a: Aerodactyl\n|-supereffective|p1a: Aerodactyl|1\n|-enditem|p1a: Aerodactyl|Focus Sash\n|-damage|p1a: Aerodactyl|1/100\n|cant|p2a: Pelipper|flinch\n|\n|-weather|RainDance|[upkeep]\n|upkeep\n|turn|3\n|\n|t:|1776616403\n|move|p2a: Pelipper|Wide Guard|p2a: Pelipper\n|-singleturn|p2a: Pelipper|Wide Guard\n|move|p1b: Garchomp|Rock Slide|p2b: Raichu|[spread] \n|-activate|p2a: Pelipper|move: Wide Guard\n|-activate|p2b: Raichu|move: Wide Guard\n|move|p1a: Aerodactyl|Rock Slide|p2a: Pelipper|[spread] \n|-activate|p2a: Pelipper|move: Wide Guard\n|-activate|p2b: Raichu|move: Wide Guard\n|move|p2b: Raichu|Volt Switch|p1a: Aerodactyl\n|-supereffective|p1a: Aerodactyl|1\n|-damage|p1a: Aerodactyl|0 fnt\n|faint|p1a: Aerodactyl\n|\n|t:|1776616419\n|switch|p2b: Archaludon|Archaludon, L50, M|100/100|[from] Volt Switch\n|\n|-weather|RainDance|[upkeep]\n|upkeep\n|\n|t:|1776616424\n|switch|p1a: Ninetales|Ninetales-Alola, L50, F, shiny|100/100\n|-weather|Snowscape|[from] ability: Snow Warning|[of] p1a: Ninetales\n|turn|4\n|\n|t:|1776616439\n|move|p2a: Pelipper|Wide Guard|p2a: Pelipper\n|-singleturn|p2a: Pelipper|Wide Guard\n|move|p1b: Garchomp|Rock Slide|p2a: Pelipper|[spread] \n|-activate|p2a: Pelipper|move: Wide Guard\n|-activate|p2b: Archaludon|move: Wide Guard\n|move|p1a: Ninetales|Aurora Veil|p1a: Ninetales\n|-sidestart|p1: 1NamiGlazer|move: Aurora Veil\n|move|p2b: Archaludon|Draco Meteor|p1b: Garchomp\n|-supereffective|p1b: Garchomp|1\n|-damage|p1b: Garchomp|0 fnt\n|-unboost|p2b: Archaludon|spa|2\n|faint|p1b: Garchomp\n|\n|-weather|Snowscape|[upkeep]\n|-sideend|p2: ZBlackan|move: Tailwind\n|-sideend|p1: 1NamiGlazer|move: Tailwind\n|upkeep\n|\n|t:|1776616456\n|switch|p1b: Chandelure|Chandelure, L50, F, shiny|100/100\n|turn|5\n|\n|t:|1776616473\n|switch|p2a: Blastoise|Blastoise, L50, F|100/100\n|detailschange|p1b: Chandelure|Chandelure-Mega, L50, F, shiny\n|-mega|p1b: Chandelure|Chandelure|Chandelurite\n|move|p1a: Ninetales|Moonblast|p2b: Archaludon\n|-damage|p2b: Archaludon|62/100\n|-ability|p2b: Archaludon|Stamina|boost\n|-boost|p2b: Archaludon|def|1\n|move|p2b: Archaludon|Draco Meteor|p1b: Chandelure\n|-damage|p1b: Chandelure|77/100\n|-unboost|p2b: Archaludon|spa|2\n|move|p1b: Chandelure|Shadow Ball|p2a: Blastoise\n|-damage|p2a: Blastoise|50/100\n|-unboost|p2a: Blastoise|spd|1\n|\n|-weather|Snowscape|[upkeep]\n|upkeep\n|turn|6\n|\n|t:|1776616497\n|switch|p2b: Pelipper|Pelipper, L50, F|32/100\n|-weather|RainDance|[from] ability: Drizzle|[of] p2b: Pelipper\n|detailschange|p2a: Blastoise|Blastoise-Mega, L50, F\n|-mega|p2a: Blastoise|Blastoise|Blastoisinite\n|move|p1a: Ninetales|Icy Wind|p2a: Blastoise|[spread] p2a,p2b\n|-resisted|p2a: Blastoise|1\n|-crit|p2b: Pelipper\n|-damage|p2a: Blastoise|42/100\n|-damage|p2b: Pelipper|5/100\n|-unboost|p2a: Blastoise|spe|1\n|-unboost|p2b: Pelipper|spe|1\n|move|p1b: Chandelure|Shadow Ball|p2a: Blastoise\n|-damage|p2a: Blastoise|0 fnt\n|faint|p2a: Blastoise\n|\n|-weather|RainDance|[upkeep]\n|upkeep\n|\n|t:|1776616521\n|switch|p2a: Raichu|Raichu, L50, M, shiny|16/100\n|turn|7\n|\n|t:|1776616530\n|move|p1b: Chandelure|Protect|p1b: Chandelure\n|-singleturn|p1b: Chandelure|Protect\n|move|p2a: Raichu|Fake Out|p1b: Chandelure\n|-activate|p1b: Chandelure|move: Protect\n|move|p1a: Ninetales|Icy Wind|p2b: Pelipper|[spread] p2a,p2b\n|-damage|p2a: Raichu|0 fnt\n|-damage|p2b: Pelipper|0 fnt\n|faint|p2a: Raichu\n|faint|p2b: Pelipper\n|\n|-weather|RainDance|[upkeep]\n|upkeep\n|\n|t:|1776616534\n|switch|p2a: Archaludon|Archaludon, L50, M|62/100\n|turn|8\n|\n|t:|1776616548\n|move|p1a: Ninetales|Moonblast|p2a: Archaludon\n|-damage|p2a: Archaludon|24/100\n|-ability|p2a: Archaludon|Stamina|boost\n|-boost|p2a: Archaludon|def|1\n|move|p2a: Archaludon|Earthquake|p1b: Chandelure|[spread] p1a,p1b\n|-supereffective|p1b: Chandelure|1\n|-damage|p1a: Ninetales|86/100\n|-damage|p1b: Chandelure|55/100\n|move|p1b: Chandelure|Shadow Ball|p2a: Archaludon\n|-damage|p2a: Archaludon|0 fnt\n|faint|p2a: Archaludon\n|\n|win|1NamiGlazer\n|raw|1NamiGlazer's rating: 1161 &rarr; <strong>1184</strong><br />(+23 for winning)\n|raw|ZBlackan's rating: 1137 &rarr; <strong>1114</strong><br />(-23 for losing)\n",
  "uploadtime": 1776616560,
  "views": 23,
  "formatid": "gen9championsvgc2026regma",
  "rating": 1114,
  "private": 0,
  "password": null
}