{
  "id": "gen9championsvgc2026regma-2587611124",
  "format": "[Gen 9 Champions] VGC 2026 Reg M-A",
  "players": [
    "sassylime",
    "reggiehedge"
  ],
  "log": "|j|\u2606sassylime\n|j|\u2606reggiehedge\n|t:|1776546817\n|gametype|doubles\n|player|p1|sassylime|pokemonbreeder|1085\n|player|p2|reggiehedge|medium|1102\n|gen|9\n|tier|[Gen 9 Champions] VGC 2026 Reg M-A\n|rated|\n|rule|Species Clause: Limit one of each Pok\u00e9mon\n|rule|Item Clause: Limit 1 of each item\n|clearpoke\n|poke|p1|Froslass, L50, F|\n|poke|p1|Incineroar, L50, F|\n|poke|p1|Primarina, L50, M|\n|poke|p1|Garchomp, L50, M|\n|poke|p1|Rotom-Mow, L50|\n|poke|p1|Lucario, L50, M|\n|poke|p2|Golurk, L50|\n|poke|p2|Farigiraf, L50, M|\n|poke|p2|Sinistcha, L50|\n|poke|p2|Torkoal, L50, F|\n|poke|p2|Lucario, L50, M|\n|poke|p2|Incineroar, L50, M|\n|teampreview|4\n|\n|t:|1776546850\n|teamsize|p1|4\n|teamsize|p2|4\n|start\n|switch|p1a: Froslass|Froslass, L50, F|100/100\n|switch|p1b: Incineroar|Incineroar, L50, F|100/100\n|switch|p2a: Incineroar|Incineroar, L50, M|100/100\n|switch|p2b: Farigiraf|Farigiraf, L50, M|100/100\n|-ability|p1b: Incineroar|Intimidate|boost\n|-unboost|p2a: Incineroar|atk|1\n|-unboost|p2b: Farigiraf|atk|1\n|-ability|p2a: Incineroar|Intimidate|boost\n|-unboost|p1a: Froslass|atk|1\n|-unboost|p1b: Incineroar|atk|1\n|turn|1\n|\n|t:|1776546881\n|detailschange|p1a: Froslass|Froslass-Mega, L50, F\n|-mega|p1a: Froslass|Froslass|Froslassite\n|-weather|Snowscape|[from] ability: Snow Warning|[of] p1a: Froslass\n|move|p1a: Froslass|Aurora Veil|p1a: Froslass\n|-sidestart|p1: sassylime|move: Aurora Veil\n|move|p1b: Incineroar|Snarl|p2b: Farigiraf|[spread] p2a,p2b\n|-resisted|p2a: Incineroar|1\n|-supereffective|p2b: Farigiraf|1\n|-damage|p2a: Incineroar|95/100\n|-damage|p2b: Farigiraf|81/100\n|-unboost|p2a: Incineroar|spa|1\n|-unboost|p2b: Farigiraf|spa|1\n|move|p2a: Incineroar|Parting Shot|p1b: Incineroar\n|-unboost|p1b: Incineroar|atk|1\n|-unboost|p1b: Incineroar|spa|1\n|\n|t:|1776546885\n|switch|p2a: Torkoal|Torkoal, L50, F|100/100|[from] Parting Shot\n|-weather|SunnyDay|[from] ability: Drought|[of] p2a: Torkoal\n|move|p2b: Farigiraf|Trick Room|p2b: Farigiraf\n|-fieldstart|move: Trick Room|[of] p2b: Farigiraf\n|\n|-weather|SunnyDay|[upkeep]\n|upkeep\n|turn|2\n|\n|t:|1776546904\n|switch|p2b: Incineroar|Incineroar, L50, M|95/100\n|-ability|p2b: Incineroar|Intimidate|boost\n|-unboost|p1a: Froslass|atk|1\n|-unboost|p1b: Incineroar|atk|1\n|switch|p1a: Primarina|Primarina, L50, M|100/100\n|move|p2a: Torkoal|Eruption|p1b: Incineroar|[spread] p1a,p1b\n|-resisted|p1a: Primarina|1\n|-resisted|p1b: Incineroar|1\n|-damage|p1a: Primarina|75/100\n|-damage|p1b: Incineroar|70/100\n|move|p1b: Incineroar|Parting Shot|p2a: Torkoal\n|-unboost|p2a: Torkoal|atk|1\n|-unboost|p2a: Torkoal|spa|1\n|\n|t:|1776546930\n|switch|p1b: Garchomp|Garchomp, L50, M|100/100|[from] Parting Shot\n|\n|-weather|SunnyDay|[upkeep]\n|upkeep\n|turn|3\n|\n|t:|1776546948\n|switch|p1a: Froslass|Froslass-Mega, L50, F|100/100\n|-weather|Snowscape|[from] ability: Snow Warning|[of] p1a: Froslass\n|move|p2a: Torkoal|Eruption|p1b: Garchomp|[spread] p1a,p1b\n|-supereffective|p1a: Froslass|1\n|-resisted|p1b: Garchomp|1\n|-damage|p1a: Froslass|39/100\n|-damage|p1b: Garchomp|87/100\n|move|p2b: Incineroar|Parting Shot|p1b: Garchomp\n|-unboost|p1b: Garchomp|atk|1\n|-unboost|p1b: Garchomp|spa|1\n|\n|t:|1776546959\n|switch|p2b: Golurk|Golurk, L50|100/100|[from] Parting Shot\n|move|p1b: Garchomp|Rock Slide|p2a: Torkoal|[spread] p2a,p2b\n|-supereffective|p2a: Torkoal|1\n|-resisted|p2b: Golurk|1\n|-damage|p2a: Torkoal|80/100\n|-damage|p2b: Golurk|94/100\n|\n|-weather|Snowscape|[upkeep]\n|upkeep\n|turn|4\n|\n|t:|1776546972\n|switch|p1b: Incineroar|Incineroar, L50, F|70/100\n|-ability|p1b: Incineroar|Intimidate|boost\n|-unboost|p2a: Torkoal|atk|1\n|-unboost|p2b: Golurk|atk|1\n|detailschange|p2b: Golurk|Golurk-Mega, L50\n|-mega|p2b: Golurk|Golurk|Golurkite\n|move|p1a: Froslass|Protect|p1a: Froslass\n|-singleturn|p1a: Froslass|Protect\n|move|p2a: Torkoal|Weather Ball|p1b: Incineroar\n|-resisted|p1b: Incineroar|1\n|-damage|p1b: Incineroar|64/100\n|move|p2b: Golurk|Headlong Rush|p1a: Froslass\n|-ability|p2b: Golurk|Unseen Fist\n|-zbroken|p1a: Froslass\n|-damage|p1a: Froslass|31/100\n|-unboost|p2b: Golurk|def|1\n|-unboost|p2b: Golurk|spd|1\n|\n|-weather|Snowscape|[upkeep]\n|upkeep\n|turn|5\n|-message|sassylime forfeited.\n|\n|win|reggiehedge\n|raw|sassylime's rating: 1085 &rarr; <strong>1063</strong><br />(-22 for losing)\n|raw|reggiehedge's rating: 1102 &rarr; <strong>1126</strong><br />(+24 for winning)\n",
  "uploadtime": 1776546978,
  "views": 11,
  "formatid": "gen9championsvgc2026regma",
  "rating": 1063,
  "private": 0,
  "password": null
}