{
  "id": "gen9championsvgc2026regma-2584423766",
  "format": "[Gen 9 Champions] VGC 2026 Reg M-A",
  "players": [
    "aethernvs",
    "linhlunh"
  ],
  "log": "|j|\u2606aethernvs\n|j|\u2606linhlunh\n|t:|1776259862\n|gametype|doubles\n|player|p1|aethernvs|101|1000\n|player|p2|linhlunh|cress|1023\n|gen|9\n|tier|[Gen 9 Champions] VGC 2026 Reg M-A\n|rated|\n|rule|Species Clause: Limit one of each Pok\u00e9mon\n|rule|Item Clause: Limit 1 of each item\n|clearpoke\n|poke|p1|Aggron, L50, F|\n|poke|p1|Sinistcha, L50|\n|poke|p1|Incineroar, L50, M|\n|poke|p1|Pelipper, L50, F|\n|poke|p1|Basculegion, L50, M|\n|poke|p1|Farigiraf, L50, M|\n|poke|p2|Heracross, L50, M|\n|poke|p2|Araquanid, L50, M|\n|poke|p2|Volcarona, L50, M|\n|poke|p2|Vivillon, L50, M|\n|poke|p2|Klefki, L50, M|\n|poke|p2|Scizor, L50, F|\n|teampreview|4\n|\n|t:|1776259887\n|teamsize|p1|4\n|teamsize|p2|4\n|start\n|switch|p1a: Pelipper|Pelipper, L50, F|100/100\n|switch|p1b: Aggron|Aggron, L50, F|100/100\n|switch|p2a: Heracross|Heracross, L50, M, shiny|100/100\n|switch|p2b: Klefki|Klefki, L50, M, shiny|100/100\n|-weather|RainDance|[from] ability: Drizzle|[of] p1a: Pelipper\n|turn|1\n|\n|t:|1776259911\n|move|p2a: Heracross|Protect|p2a: Heracross\n|-singleturn|p2a: Heracross|Protect\n|move|p2b: Klefki|Reflect|p2b: Klefki\n|-sidestart|p2: linhlunh|Reflect\n|move|p1a: Pelipper|Tailwind|p1a: Pelipper\n|-sidestart|p1: aethernvs|move: Tailwind\n|move|p1b: Aggron|Iron Defense|p1b: Aggron\n|-boost|p1b: Aggron|def|2\n|\n|-weather|RainDance|[upkeep]\n|upkeep\n|turn|2\n|\n|t:|1776259931\n|move|p2b: Klefki|Thunder Wave|p1b: Aggron\n|-status|p1b: Aggron|par\n|move|p1a: Pelipper|Hurricane|p2a: Heracross\n|-supereffective|p2a: Heracross|2\n|-damage|p2a: Heracross|0 fnt\n|faint|p2a: Heracross\n|move|p1b: Aggron|Iron Defense|p1b: Aggron\n|-boost|p1b: Aggron|def|2\n|\n|-weather|RainDance|[upkeep]\n|upkeep\n|\n|t:|1776259949\n|switch|p2a: Araquanid|Araquanid, L50, M, shiny|100/100\n|turn|3\n|\n|t:|1776259980\n|detailschange|p1b: Aggron|Aggron-Mega, L50, F\n|-mega|p1b: Aggron|Aggron|Aggronite\n|move|p1a: Pelipper|Protect|p1a: Pelipper\n|-singleturn|p1a: Pelipper|Protect\n|move|p2b: Klefki|Light Screen|p2b: Klefki\n|-sidestart|p2: linhlunh|move: Light Screen\n|move|p1b: Aggron|Heavy Slam|p2a: Araquanid\n|-resisted|p2a: Araquanid|1\n|-damage|p2a: Araquanid|85/100\n|move|p2a: Araquanid|Liquidation|p1b: Aggron\n|-damage|p1b: Aggron|88/100 par\n|\n|-weather|RainDance|[upkeep]\n|upkeep\n|turn|4\n|\n|t:|1776260002\n|switch|p1a: Sinistcha|Sinistcha, L50|100/100\n|-heal|p1b: Aggron|100/100 par|[from] ability: Hospitality|[of] p1a: Sinistcha\n|move|p2b: Klefki|Thunder Wave|p1a: Sinistcha\n|-status|p1a: Sinistcha|par\n|move|p1b: Aggron|Body Press|p2b: Klefki\n|-damage|p2b: Klefki|17/100\n|move|p2a: Araquanid|Liquidation|p1b: Aggron\n|-damage|p1b: Aggron|89/100 par\n|-unboost|p1b: Aggron|def|1\n|\n|-weather|RainDance|[upkeep]\n|-sideend|p1: aethernvs|move: Tailwind\n|upkeep\n|turn|5\n|\n|t:|1776260023\n|switch|p2b: Vivillon|Vivillon, L50, M, shiny|100/100\n|switch|p1a: Pelipper|Pelipper, L50, F|100/100\n|move|p2a: Araquanid|Poison Jab|p1a: Pelipper\n|-crit|p1a: Pelipper\n|-damage|p1a: Pelipper|79/100\n|move|p1b: Aggron|Body Press|p2b: Vivillon\n|-resisted|p2b: Vivillon|2\n|-damage|p2b: Vivillon|60/100\n|\n|-weather|none\n|-sideend|p2: linhlunh|Reflect\n|upkeep\n|turn|6\n|\n|t:|1776260045\n|switch|p1a: Sinistcha|Sinistcha, L50|100/100 par\n|-heal|p1b: Aggron|100/100 par|[from] ability: Hospitality|[of] p1a: Sinistcha\n|move|p2b: Vivillon|Sleep Powder||[still]\n|-fail|p2b: Vivillon\n|move|p2a: Araquanid|Liquidation|p1b: Aggron\n|-damage|p1b: Aggron|90/100 par\n|move|p1b: Aggron|Body Press|p2b: Vivillon\n|-resisted|p2b: Vivillon|2\n|-damage|p2b: Vivillon|4/100\n|\n|upkeep\n|turn|7\n|-message|linhlunh forfeited.\n|\n|win|aethernvs\n|raw|aethernvs's rating: 1000 &rarr; <strong>1043</strong><br />(+43 for winning)\n|raw|linhlunh's rating: 1023 &rarr; <strong>1009</strong><br />(-14 for losing)\n|l|\u2606linhlunh\n|player|p2|\n",
  "uploadtime": 1776260080,
  "views": 18,
  "formatid": "gen9championsvgc2026regma",
  "rating": 1009,
  "private": 0,
  "password": null
}