{
  "id": "gen9championsvgc2026regma-2580540198",
  "format": "[Gen 9 Champions] VGC 2026 Reg M-A",
  "players": [
    "yuriimon",
    "Mask4M"
  ],
  "log": "|j|\u2606yuriimon\n|j|\u2606Mask4M\n|t:|1775910612\n|gametype|doubles\n|player|p1|yuriimon|waitress-gen4|1025\n|player|p2|Mask4M|1|1000\n|gen|9\n|tier|[Gen 9 Champions] VGC 2026 Reg M-A\n|rated|\n|rule|Species Clause: Limit one of each Pok\u00e9mon\n|rule|Item Clause: Limit 1 of each item\n|clearpoke\n|poke|p1|Floette-Eternal, L50, F|\n|poke|p1|Maushold-Four, L50|\n|poke|p1|Glimmora, L50, M|\n|poke|p1|Talonflame, L50, M|\n|poke|p1|Garchomp, L50, F|\n|poke|p1|Farigiraf, L50, F|\n|poke|p2|Glimmora, L50, F|\n|poke|p2|Froslass, L50, F|\n|poke|p2|Sneasler, L50, F|\n|poke|p2|Incineroar, L50, M|\n|poke|p2|Whimsicott, L50, M|\n|poke|p2|Gyarados, L50, M|\n|teampreview|4\n|inactive|Battle timer is ON: inactive players will automatically lose when time's up. (requested by yuriimon)\nMask4M has agreed to open team sheets.\n|inactive|Mask4M has 60 seconds left.\n|inactive|Mask4M has 30 seconds left.\n|inactive|Mask4M has 20 seconds left.\n|\n|t:|1775910684\n|teamsize|p1|4\n|teamsize|p2|4\n|start\n|switch|p1a: Farigiraf|Farigiraf, L50, F|100/100\n|switch|p1b: Talonflame|Talonflame, L50, M|100/100\n|switch|p2a: Sneasler|Sneasler, L50, F|100/100\n|switch|p2b: Whimsicott|Whimsicott, L50, M|100/100\n|turn|1\n|inactive|Mask4M has 30 seconds left.\n|\n|t:|1775910716\n|move|p2a: Sneasler|Protect|p2a: Sneasler\n|-singleturn|p2a: Sneasler|Protect\n|move|p1b: Talonflame|Brave Bird|p2a: Sneasler\n|-activate|p2a: Sneasler|move: Protect\n|move|p2b: Whimsicott|Encore||[still]\n|cant|p1a: Farigiraf|ability: Armor Tail|Encore|[of] p2b: Whimsicott\n|move|p1a: Farigiraf|Trick Room|p1a: Farigiraf\n|-fieldstart|move: Trick Room|[of] p1a: Farigiraf\n|\n|upkeep\n|turn|2\n|inactive|Mask4M has 30 seconds left.\n|\n|t:|1775910750\n|switch|p2a: Gyarados|Gyarados, L50, M|100/100\n|-ability|p2a: Gyarados|Intimidate|boost\n|-unboost|p1a: Farigiraf|atk|1\n|-unboost|p1b: Talonflame|atk|1\n|move|p1a: Farigiraf|Psychic|p2a: Gyarados\n|-damage|p2a: Gyarados|75/100\n|move|p2b: Whimsicott|Moonblast|p1a: Farigiraf\n|-damage|p1a: Farigiraf|75/100\n|move|p1b: Talonflame|Flare Blitz|p2b: Whimsicott\n|-supereffective|p2b: Whimsicott|1\n|-damage|p2b: Whimsicott|31/100\n|-damage|p1b: Talonflame|76/100|[from] Recoil\n|\n|upkeep\n|turn|3\n|inactive|yuriimon has 30 seconds left.\n|inactive|Mask4M has 30 seconds left.\n|inactive|Mask4M has 20 seconds left.\n|\n|t:|1775910789\n|move|p1a: Farigiraf|Ally Switch|p1a: Farigiraf\n|swap|p1a: Farigiraf|1|[from] move: Ally Switch\n|move|p2a: Gyarados|Waterfall|p1b: Farigiraf\n|-damage|p1b: Farigiraf|40/100\n|move|p2b: Whimsicott|Moonblast|p1a: Talonflame\n|-resisted|p1a: Talonflame|1\n|-damage|p1a: Talonflame|45/100\n|move|p1a: Talonflame|Flare Blitz|p2b: Whimsicott\n|-supereffective|p2b: Whimsicott|1\n|-damage|p2b: Whimsicott|0 fnt\n|faint|p2b: Whimsicott\n|-damage|p1a: Talonflame|34/100|[from] Recoil\n|\n|upkeep\n|\n|t:|1775910804\n|switch|p2b: Glimmora|Glimmora, L50, F|100/100\n|turn|4\n|\n|t:|1775910815\n|switch|p1a: Glimmora|Glimmora, L50, M|100/100\n|move|p2b: Glimmora|Spiky Shield|p2b: Glimmora\n|-singleturn|p2b: Glimmora|move: Protect\n|move|p1b: Farigiraf|Psychic|p2b: Glimmora\n|-activate|p2b: Glimmora|move: Protect\n|move|p2a: Gyarados|Waterfall|p1a: Glimmora\n|-supereffective|p1a: Glimmora|1\n|-damage|p1a: Glimmora|13/100\n|-activate|p1a: Glimmora|ability: Toxic Debris\n|-sidestart|p2: Mask4M|move: Toxic Spikes\n|\n|upkeep\n|turn|5\n|inactive|Mask4M has 30 seconds left.\n|inactive|Mask4M has 20 seconds left.\n|inactive|Mask4M has 15 seconds left.\n|\n|t:|1775910857\n|switch|p2b: Sneasler|Sneasler, L50, F|100/100\n|-sideend|p2: Mask4M|move: Toxic Spikes|[of] p2b: Sneasler\n|move|p1a: Glimmora|Spiky Shield|p1a: Glimmora\n|-singleturn|p1a: Glimmora|move: Protect\n|move|p1b: Farigiraf|Psychic|p2b: Sneasler\n|-supereffective|p2b: Sneasler|2\n|-damage|p2b: Sneasler|0 fnt\n|faint|p2b: Sneasler\n|move|p2a: Gyarados|Waterfall|p1b: Farigiraf\n|-damage|p1b: Farigiraf|3/100\n|\n|-fieldend|move: Trick Room\n|upkeep\n|\n|t:|1775910868\n|switch|p2b: Glimmora|Glimmora, L50, F|100/100\n|turn|6\n|\n|t:|1775910882\n|move|p2b: Glimmora|Spiky Shield|p2b: Glimmora\n|-singleturn|p2b: Glimmora|move: Protect\n|move|p1b: Farigiraf|Ally Switch|p1b: Farigiraf\n|swap|p1b: Farigiraf|0|[from] move: Ally Switch\n|move|p1b: Glimmora|Power Gem|p2a: Gyarados\n|-supereffective|p2a: Gyarados|1\n|-damage|p2a: Gyarados|18/100\n|move|p2a: Gyarados|Waterfall|p1a: Farigiraf\n|-damage|p1a: Farigiraf|0 fnt\n|faint|p1a: Farigiraf\n|\n|upkeep\n|\n|t:|1775910895\n|switch|p1a: Talonflame|Talonflame, L50, M|34/100\n|turn|7\n|\n|t:|1775910908\n|detailschange|p2b: Glimmora|Glimmora-Mega, L50, F\n|-mega|p2b: Glimmora|Glimmora|Glimmoranite\n|move|p1b: Glimmora|Spiky Shield|p1b: Glimmora\n|-singleturn|p1b: Glimmora|move: Protect\n|move|p2a: Gyarados|Protect|p2a: Gyarados\n|-singleturn|p2a: Gyarados|Protect\n|move|p1a: Talonflame|Tailwind|p1a: Talonflame\n|-sidestart|p1: yuriimon|move: Tailwind\n|move|p2b: Glimmora|Earth Power|p1b: Glimmora\n|-activate|p1b: Glimmora|move: Protect\n|\n|upkeep\n|turn|8\n|inactive|yuriimon has 30 seconds left.\n|inactive|Mask4M has 30 seconds left.\n|\n|t:|1775910939\n|move|p2a: Gyarados|Protect|p2a: Gyarados\n|-singleturn|p2a: Gyarados|Protect\n|move|p1a: Talonflame|Brave Bird|p2a: Gyarados\n|-activate|p2a: Gyarados|move: Protect\n|move|p1b: Glimmora|Earth Power|p2b: Glimmora\n|-supereffective|p2b: Glimmora|2\n|-damage|p2b: Glimmora|0 fnt\n|faint|p2b: Glimmora\n|\n|upkeep\n|turn|9\n|\n|t:|1775910951\n|move|p1a: Talonflame|Brave Bird|p2a: Gyarados\n|-damage|p2a: Gyarados|0 fnt\n|faint|p2a: Gyarados\n|-damage|p1a: Talonflame|26/100|[from] Recoil\n|\n|win|yuriimon\n|raw|yuriimon's rating: 1025 &rarr; <strong>1059</strong><br />(+34 for winning)\n|raw|Mask4M's rating: 1000 &rarr; <strong>1000</strong><br />(+0 for losing)\n|l|\u2606Mask4M\n|player|p2|\n",
  "uploadtime": 1775910958,
  "views": 13,
  "formatid": "gen9championsvgc2026regma",
  "rating": 1000,
  "private": 0,
  "password": null
}