{
  "id": "gen9championsvgc2026regma-2584187731",
  "format": "[Gen 9 Champions] VGC 2026 Reg M-A",
  "players": [
    "peanutworm",
    "raw file bag era"
  ],
  "log": "|j|\u2606peanutworm\n|j|\u2606raw file bag era\n|t:|1776235908\n|gametype|doubles\n|player|p1|peanutworm|zinnia|1169\n|player|p2|raw file bag era|pokekid|1124\n|gen|9\n|tier|[Gen 9 Champions] VGC 2026 Reg M-A\n|rated|\n|rule|Species Clause: Limit one of each Pok\u00e9mon\n|rule|Item Clause: Limit 1 of each item\n|clearpoke\n|poke|p1|Ditto, L50|\n|poke|p1|Beedrill, L50, M|\n|poke|p1|Zoroark-Hisui, L50, F|\n|poke|p1|Incineroar, L50, F|\n|poke|p1|Meganium, L50, M|\n|poke|p1|Clawitzer, L50, M|\n|poke|p2|Glimmora, L50, M|\n|poke|p2|Bellibolt, L50, M|\n|poke|p2|Sylveon, L50, F|\n|poke|p2|Milotic, L50, M|\n|poke|p2|Sneasler, L50, F|\n|poke|p2|Typhlosion-Hisui, L50, F|\n|teampreview|4\n|inactive|Battle timer is ON: inactive players will automatically lose when time's up. (requested by raw file bag era)\n|c|\u2606peanutworm|glhf\n|inactive|peanutworm has 60 seconds left.\n|inactive|raw file bag era has 60 seconds left.\n|c|\u2606raw file bag era|glhf, peanutworm\n|inactive|raw file bag era has 30 seconds left.\n|inactive|raw file bag era has 20 seconds left.\n|inactive|raw file bag era has 15 seconds left.\n|\n|t:|1776235987\n|teamsize|p1|4\n|teamsize|p2|4\n|start\n|switch|p1a: Clawitzer|Clawitzer, L50, M|100/100\n|switch|p1b: Meganium|Meganium, L50, M|100/100\n|switch|p2a: Typhlosion|Typhlosion-Hisui, L50, F|100/100\n|switch|p2b: Milotic|Milotic, L50, M|100/100\n|turn|1\n|inactive|peanutworm has 30 seconds left.\n|inactive|raw file bag era has 30 seconds left.\n|inactive|raw file bag era has 20 seconds left.\n|\n|t:|1776236023\n|switch|p2a: Sneasler|Sneasler, L50, F|100/100\n|move|p1a: Clawitzer|Helping Hand|p1b: Meganium\n|-singleturn|p1b: Meganium|Helping Hand|[of] p1a: Clawitzer\n|move|p1b: Meganium|Shadow Ball|p2a: Sneasler\n|-damage|p2a: Sneasler|12/100\n|move|p2b: Milotic|Scald|p1a: Clawitzer\n|-resisted|p1a: Clawitzer|1\n|-damage|p1a: Clawitzer|81/100\n|\n|upkeep\n|turn|2\n|inactive|raw file bag era has 30 seconds left.\n|inactive|peanutworm has 30 seconds left.\n|inactive|raw file bag era has 20 seconds left.\n|inactive|peanutworm has 20 seconds left.\n|\n|t:|1776236064\n|switch|p2a: Glimmora|Glimmora, L50, M|100/100\n|move|p1b: Meganium|Protect|p1b: Meganium\n|-singleturn|p1b: Meganium|Protect\n|move|p2b: Milotic|Scald|p1b: Meganium\n|-activate|p1b: Meganium|move: Protect\n|move|p1a: Clawitzer|Water Pulse|p2a: Glimmora\n|-supereffective|p2a: Glimmora|1\n|-damage|p2a: Glimmora|0 fnt\n|faint|p2a: Glimmora\n|\n|upkeep\n|\n|t:|1776236076\n|switch|p2a: Typhlosion|Typhlosion-Hisui, L50, F|100/100\n|turn|3\n|inactive|peanutworm has 30 seconds left.\n|\n|t:|1776236105\n|move|p1a: Clawitzer|Helping Hand|p1b: Meganium\n|-singleturn|p1b: Meganium|Helping Hand|[of] p1a: Clawitzer\n|move|p2a: Typhlosion|Eruption|p1a: Clawitzer|[spread] p1a,p1b\n|-resisted|p1a: Clawitzer|1\n|-damage|p1a: Clawitzer|47/100\n|-enditem|p1b: Meganium|Focus Sash\n|-damage|p1b: Meganium|1/100\n|replace|p1b: Zoroark|Zoroark-Hisui, L50, F\n|-end|p1b: Zoroark|Illusion\n|move|p1b: Zoroark|Shadow Ball|p2a: Typhlosion\n|-supereffective|p2a: Typhlosion|1\n|-damage|p2a: Typhlosion|0 fnt\n|faint|p2a: Typhlosion\n|move|p2b: Milotic|Scald|p1b: Zoroark\n|-damage|p1b: Zoroark|0 fnt\n|faint|p1b: Zoroark\n|\n|upkeep\n|c|\u2606peanutworm|gg\n|inactive|raw file bag era has 30 seconds left.\n|inactive|raw file bag era has 20 seconds left.\n|inactive|raw file bag era has 15 seconds left.\n|inactive|raw file bag era has 10 seconds left.\n|\n|t:|1776236154\n|switch|p1b: Incineroar|Incineroar, L50, F|100/100\n|switch|p2a: Sneasler|Sneasler, L50, F|12/100\n|-ability|p1b: Incineroar|Intimidate|boost\n|-unboost|p2a: Sneasler|atk|1\n|-unboost|p2b: Milotic|atk|1\n|-ability|p2b: Milotic|Competitive|boost\n|-boost|p2b: Milotic|spa|2\n|-enditem|p2a: Sneasler|White Herb\n|-clearnegativeboost|p2a: Sneasler|[silent]\n|turn|4\n|\n|t:|1776236162\n|move|p2a: Sneasler|Protect|p2a: Sneasler\n|-singleturn|p2a: Sneasler|Protect\n|move|p1b: Incineroar|Fake Out|p2a: Sneasler\n|-activate|p2a: Sneasler|move: Protect\n|move|p2b: Milotic|Scald|p1b: Incineroar\n|-supereffective|p1b: Incineroar|1\n|-damage|p1b: Incineroar|0 fnt\n|faint|p1b: Incineroar\n|move|p1a: Clawitzer|Aura Sphere|p2b: Milotic\n|-damage|p2b: Milotic|71/100\n|\n|upkeep\n|\n|t:|1776236170\n|switch|p1b: Meganium|Meganium, L50, M|100/100\n|turn|5\n|inactive|peanutworm has 30 seconds left.\n|inactive|peanutworm has 20 seconds left.\n|\n|t:|1776236208\n|move|p2b: Milotic|Helping Hand|p2a: Sneasler\n|-singleturn|p2a: Sneasler|Helping Hand|[of] p2b: Milotic\n|move|p2a: Sneasler|Close Combat|p1a: Clawitzer\n|-damage|p1a: Clawitzer|0 fnt\n|-unboost|p2a: Sneasler|def|1\n|-unboost|p2a: Sneasler|spd|1\n|faint|p1a: Clawitzer\n|move|p1b: Meganium|Dazzling Gleam|p2b: Milotic|[spread] p2a,p2b\n|-damage|p2a: Sneasler|0 fnt\n|-damage|p2b: Milotic|58/100\n|faint|p2a: Sneasler\n|\n|upkeep\n|turn|6\n|\n|t:|1776236217\n|detailschange|p1b: Meganium|Meganium-Mega, L50, M\n|-mega|p1b: Meganium|Meganium|Meganiumite\n|move|p2b: Milotic|Ice Beam|p1b: Meganium\n|-supereffective|p1b: Meganium|1\n|-damage|p1b: Meganium|16/100\n|-status|p1b: Meganium|frz\n|cant|p1b: Meganium|frz\n|\n|upkeep\n|turn|7\n|c|\u2606raw file bag era|gg indeed\n|c|\u2606peanutworm|wow\n|c|\u2606peanutworm|tragic\n|\n|t:|1776236231\n|move|p2b: Milotic|Ice Beam|p1b: Meganium\n|-supereffective|p1b: Meganium|1\n|-damage|p1b: Meganium|0 fnt\n|faint|p1b: Meganium\n|\n|win|raw file bag era\n|raw|peanutworm's rating: 1169 &rarr; <strong>1141</strong><br />(-28 for losing)\n|raw|raw file bag era's rating: 1124 &rarr; <strong>1152</strong><br />(+28 for winning)\n|l|\u2606peanutworm\n|player|p1|\n|c|\u2606raw file bag era|OMFG\n",
  "uploadtime": 1776236239,
  "views": 18,
  "formatid": "gen9championsvgc2026regma",
  "rating": 1141,
  "private": 0,
  "password": null
}