{
  "id": "gen9championsvgc2026regma-2589477559",
  "format": "[Gen 9 Champions] VGC 2026 Reg M-A",
  "players": [
    "seteee",
    "genodragon1"
  ],
  "log": "|j|\u2606seteee\n|j|\u2606genodragon1\n|t:|1776726510\n|gametype|doubles\n|player|p1|seteee|preschooler|1195\n|player|p2|genodragon1|whitney|1154\n|gen|9\n|tier|[Gen 9 Champions] VGC 2026 Reg M-A\n|rated|\n|rule|Species Clause: Limit one of each Pok\u00e9mon\n|rule|Item Clause: Limit 1 of each item\n|clearpoke\n|poke|p1|Aerodactyl, L50, F|\n|poke|p1|Tauros-Paldea-Aqua, L50, M|\n|poke|p1|Incineroar, L50, F|\n|poke|p1|Charizard, L50, F|\n|poke|p1|Milotic, L50, F|\n|poke|p1|Jolteon, L50, F|\n|poke|p2|Bellibolt, L50, M|\n|poke|p2|Sableye, L50, M|\n|poke|p2|Jolteon, L50, M|\n|poke|p2|Gliscor, L50, M|\n|poke|p2|Oranguru, L50, M|\n|poke|p2|Araquanid, L50, F|\n|teampreview|4\ngenodragon1 rejected open team sheets.\n|inactive|Battle timer is ON: inactive players will automatically lose when time's up. (requested by genodragon1)\n|\n|t:|1776726563\n|teamsize|p1|4\n|teamsize|p2|4\n|start\n|switch|p1a: Incineroar|Incineroar, L50, F|100/100\n|switch|p1b: Milotic|Milotic, L50, F|100/100\n|switch|p2a: Oranguru|Oranguru, L50, M|100/100\n|switch|p2b: Bellibolt|Bellibolt, L50, M|100/100\n|-ability|p1a: Incineroar|Intimidate|boost\n|-unboost|p2a: Oranguru|atk|1\n|-unboost|p2b: Bellibolt|atk|1\n|turn|1\n|\n|t:|1776726580\n|move|p1a: Incineroar|Fake Out|p2b: Bellibolt\n|-damage|p2b: Bellibolt|90/100\n|-start|p2b: Bellibolt|Charge|Fake Out|[from] ability: Electromorphosis\n|move|p1b: Milotic|Coil|p1b: Milotic\n|-boost|p1b: Milotic|atk|1\n|-boost|p1b: Milotic|def|1\n|-boost|p1b: Milotic|accuracy|1\n|cant|p2b: Bellibolt|flinch\n|move|p2a: Oranguru|Trick Room|p2a: Oranguru\n|-fieldstart|move: Trick Room|[of] p2a: Oranguru\n|\n|upkeep\n|turn|2\n|inactive|seteee has 30 seconds left.\n|inactive|seteee has 20 seconds left.\n|inactive|seteee has 15 seconds left.\n|\n|t:|1776726622\n|move|p2b: Bellibolt|Parabolic Charge|p1b: Milotic|[spread] p1a,p1b\n|-activate|p2a: Oranguru|ability: Telepathy\n|-supereffective|p1b: Milotic|1\n|-damage|p1a: Incineroar|54/100\n|-heal|p2b: Bellibolt|100/100|[from] drain|[of] p1a: Incineroar\n|-damage|p1b: Milotic|34/100\n|-end|p2b: Bellibolt|Charge|[silent]\n|move|p2a: Oranguru|Charge Beam|p1b: Milotic\n|-supereffective|p1b: Milotic|1\n|-damage|p1b: Milotic|20/100\n|move|p1a: Incineroar|Parting Shot|p2b: Bellibolt\n|-unboost|p2b: Bellibolt|atk|1\n|-unboost|p2b: Bellibolt|spa|1\n|\n|t:|1776726637\n|switch|p1a: Charizard|Charizard, L50, F|100/100|[from] Parting Shot\n|move|p1b: Milotic|Recover|p1b: Milotic\n|-heal|p1b: Milotic|70/100\n|\n|-heal|p1b: Milotic|76/100|[from] item: Leftovers\n|upkeep\n|turn|3\n|inactive|seteee has 30 seconds left.\n|\n|t:|1776726669\n|switch|p1a: Incineroar|Incineroar, L50, F|54/100\n|-ability|p1a: Incineroar|Intimidate|boost\n|-unboost|p2a: Oranguru|atk|1\n|-unboost|p2b: Bellibolt|atk|1\n|move|p2b: Bellibolt|Parabolic Charge|p1a: Incineroar|[spread] p1a,p1b\n|-activate|p2a: Oranguru|ability: Telepathy\n|-supereffective|p1b: Milotic|1\n|-damage|p1a: Incineroar|40/100\n|-damage|p1b: Milotic|52/100\n|-enditem|p1a: Incineroar|Sitrus Berry|[eat]\n|-heal|p1a: Incineroar|64/100|[from] item: Sitrus Berry\n|move|p2a: Oranguru|Instruct|p2b: Bellibolt\n|-singleturn|p2b: Bellibolt|move: Instruct|[of] p2a: Oranguru\n|move|p2b: Bellibolt|Parabolic Charge|p1b: Milotic|[spread] p1a,p1b\n|-activate|p2a: Oranguru|ability: Telepathy\n|-supereffective|p1b: Milotic|1\n|-damage|p1a: Incineroar|49/100\n|-damage|p1b: Milotic|30/100\n|move|p1b: Milotic|Recover|p1b: Milotic\n|-heal|p1b: Milotic|81/100\n|\n|-heal|p1b: Milotic|87/100|[from] item: Leftovers\n|upkeep\n|turn|4\n|inactive|seteee has 30 seconds left.\n|inactive|genodragon1 has 30 seconds left.\n|\n|t:|1776726701\n|switch|p2b: Gliscor|Gliscor, L50, M|100/100\n|move|p1a: Incineroar|Fake Out|p2b: Gliscor\n|-damage|p2b: Gliscor|92/100\n|move|p2a: Oranguru|Charge Beam|p1b: Milotic\n|-supereffective|p1b: Milotic|1\n|-damage|p1b: Milotic|73/100\n|-boost|p2a: Oranguru|spa|1\n|move|p1b: Milotic|Coil|p1b: Milotic\n|-boost|p1b: Milotic|atk|1\n|-boost|p1b: Milotic|def|1\n|-boost|p1b: Milotic|accuracy|1\n|\n|-heal|p1b: Milotic|79/100|[from] item: Leftovers\n|upkeep\n|turn|5\n|inactive|seteee has 30 seconds left.\n|\n|t:|1776726726\n|move|p2a: Oranguru|Charge Beam|p1b: Milotic\n|-supereffective|p1b: Milotic|1\n|-damage|p1b: Milotic|60/100\n|move|p1a: Incineroar|Parting Shot|p2b: Gliscor\n|-fail|p2b: Gliscor|unboost|Attack|[from] ability: Hyper Cutter|[of] p2b: Gliscor\n|-unboost|p2b: Gliscor|spa|1\n|\n|t:|1776726741\n|switch|p1a: Charizard|Charizard, L50, F|100/100|[from] Parting Shot\n|move|p1b: Milotic|Hypnosis|p2a: Oranguru\n|-status|p2a: Oranguru|slp|[from] move: Hypnosis\n|move|p2b: Gliscor|Swords Dance|p2b: Gliscor\n|-boost|p2b: Gliscor|atk|2\n|\n|-heal|p1b: Milotic|66/100|[from] item: Leftovers\n|-fieldend|move: Trick Room\n|upkeep\n|turn|6\n|\n|t:|1776726758\n|detailschange|p1a: Charizard|Charizard-Mega-X, L50, F\n|-mega|p1a: Charizard|Charizard|Charizardite X\n|move|p1a: Charizard|Dragon Dance|p1a: Charizard\n|-boost|p1a: Charizard|atk|1\n|-boost|p1a: Charizard|spe|1\n|move|p2b: Gliscor|Rock Slide|p1a: Charizard|[spread] p1a,p1b\n|-supereffective|p1a: Charizard|1\n|-damage|p1a: Charizard|56/100\n|-damage|p1b: Milotic|53/100\n|cant|p1b: Milotic|flinch\n|cant|p2a: Oranguru|slp\n|\n|-heal|p1b: Milotic|59/100|[from] item: Leftovers\n|upkeep\n|turn|7\n|\n|t:|1776726780\n|move|p1a: Charizard|Dragon Claw|p2b: Gliscor\n|-damage|p2b: Gliscor|19/100\n|move|p2b: Gliscor|Rock Slide|p1a: Charizard|[spread] p1a,p1b\n|-supereffective|p1a: Charizard|1\n|-damage|p1a: Charizard|11/100\n|-damage|p1b: Milotic|47/100\n|cant|p1b: Milotic|flinch\n|-curestatus|p2a: Oranguru|slp|[msg]\n|move|p2a: Oranguru|Trick Room|p2a: Oranguru\n|-fieldstart|move: Trick Room|[of] p2a: Oranguru\n|\n|-heal|p1b: Milotic|53/100|[from] item: Leftovers\n|upkeep\n|turn|8\n|inactive|seteee has 30 seconds left.\n|inactive|seteee has 20 seconds left.\n|\n|t:|1776726815\n|switch|p1a: Incineroar|Incineroar, L50, F|49/100\n|-ability|p1a: Incineroar|Intimidate|boost\n|-unboost|p2a: Oranguru|atk|1\n|-fail|p2b: Gliscor|unboost|Attack|[from] ability: Hyper Cutter|[of] p2b: Gliscor\n|move|p2a: Oranguru|Charge Beam|p1a: Incineroar\n|-damage|p1a: Incineroar|35/100\n|-boost|p2a: Oranguru|spa|1\n|move|p1b: Milotic|Hypnosis|p2a: Oranguru\n|-status|p2a: Oranguru|slp|[from] move: Hypnosis\n|move|p2b: Gliscor|Dual Wingbeat|p1b: Milotic\n|-damage|p1b: Milotic|41/100\n|-damage|p1b: Milotic|28/100\n|-hitcount|p1b: Milotic|2\n|\n|-heal|p1b: Milotic|34/100|[from] item: Leftovers\n|upkeep\n|turn|9\n|inactive|seteee has 30 seconds left.\n|inactive|genodragon1 has 30 seconds left.\n|inactive|genodragon1 has 20 seconds left.\n|\n|t:|1776726854\n|cant|p2a: Oranguru|slp\n|move|p1a: Incineroar|Darkest Lariat|p2a: Oranguru\n|-supereffective|p2a: Oranguru|1\n|-damage|p2a: Oranguru|46/100 slp\n|move|p1b: Milotic|Muddy Water|p2b: Gliscor|[spread] p2a,p2b\n|-supereffective|p2b: Gliscor|1\n|-damage|p2a: Oranguru|24/100 slp\n|-damage|p2b: Gliscor|0 fnt\n|faint|p2b: Gliscor\n|\n|-heal|p1b: Milotic|40/100|[from] item: Leftovers\n|upkeep\n|\n|t:|1776726871\n|switch|p2b: Bellibolt|Bellibolt, L50, M|100/100\n|turn|10\n|inactive|seteee has 30 seconds left.\n|\n|t:|1776726898\n|switch|p1a: Jolteon|Jolteon, L50, F|100/100\n|move|p2b: Bellibolt|Parabolic Charge|p1b: Milotic|[spread] p1b\n|-activate|p2a: Oranguru|ability: Telepathy\n|-immune|p1a: Jolteon|[from] ability: Volt Absorb\n|-supereffective|p1b: Milotic|1\n|-damage|p1b: Milotic|7/100\n|cant|p2a: Oranguru|slp\n|move|p1b: Milotic|Recover|p1b: Milotic\n|-heal|p1b: Milotic|58/100\n|\n|-heal|p1b: Milotic|64/100|[from] item: Leftovers\n|upkeep\n|turn|11\n|inactive|seteee has 30 seconds left.\n|\n|t:|1776726925\n|move|p2b: Bellibolt|Parabolic Charge|p1a: Jolteon|[spread] p1b\n|-activate|p2a: Oranguru|ability: Telepathy\n|-immune|p1a: Jolteon|[from] ability: Volt Absorb\n|-supereffective|p1b: Milotic|1\n|-damage|p1b: Milotic|31/100\n|-curestatus|p2a: Oranguru|slp|[msg]\n|move|p2a: Oranguru|Psychic|p1b: Milotic\n|-damage|p1b: Milotic|0 fnt\n|faint|p1b: Milotic\n|move|p1a: Jolteon|Thunderbolt|p2a: Oranguru\n|-damage|p2a: Oranguru|0 fnt\n|faint|p2a: Oranguru\n|\n|-fieldend|move: Trick Room\n|upkeep\n|inactive|seteee has 30 seconds left.\n|\n|t:|1776726951\n|switch|p1b: Charizard|Charizard-Mega-X, L50, F|11/100\n|switch|p2a: Araquanid|Araquanid, L50, F|100/100\n|turn|12\n|\n|t:|1776726968\n|move|p2b: Bellibolt|Protect|p2b: Bellibolt\n|-singleturn|p2b: Bellibolt|Protect\n|move|p1a: Jolteon|Thunderbolt|p2a: Araquanid\n|-supereffective|p2a: Araquanid|1\n|-damage|p2a: Araquanid|14/100\n|move|p1b: Charizard|Roost|p1b: Charizard\n|-heal|p1b: Charizard|61/100\n|-singleturn|p1b: Charizard|move: Roost\n|move|p2a: Araquanid|Waterfall|p1b: Charizard\n|-damage|p1b: Charizard|3/100\n|\n|upkeep\n|turn|13\n|\n|t:|1776726986\n|move|p2a: Araquanid|Protect|p2a: Araquanid\n|-singleturn|p2a: Araquanid|Protect\n|move|p1a: Jolteon|Electroweb|p2b: Bellibolt|[spread] p2b\n|-activate|p2a: Araquanid|move: Protect\n|-resisted|p2b: Bellibolt|1\n|-damage|p2b: Bellibolt|90/100\n|-unboost|p2b: Bellibolt|spe|1\n|-start|p2b: Bellibolt|Charge|Electroweb|[from] ability: Electromorphosis\n|move|p1b: Charizard|Dragon Claw|p2b: Bellibolt\n|-damage|p2b: Bellibolt|41/100\n|-start|p2b: Bellibolt|Charge|Dragon Claw|[from] ability: Electromorphosis\n|move|p2b: Bellibolt|Parabolic Charge|p1b: Charizard|[spread] p1b\n|-activate|p2a: Araquanid|move: Protect\n|-immune|p1a: Jolteon|[from] ability: Volt Absorb\n|-resisted|p1b: Charizard|1\n|-damage|p1b: Charizard|0 fnt\n|-heal|p2b: Bellibolt|42/100|[from] drain|[of] p1b: Charizard\n|faint|p1b: Charizard\n|-end|p2b: Bellibolt|Charge|[silent]\n|\n|upkeep\n|\n|t:|1776727005\n|switch|p1b: Incineroar|Incineroar, L50, F|35/100\n|-ability|p1b: Incineroar|Intimidate|boost\n|-unboost|p2a: Araquanid|atk|1\n|-unboost|p2b: Bellibolt|atk|1\n|turn|14\n|inactive|seteee has 30 seconds left.\n|\n|t:|1776727020\n|move|p1b: Incineroar|Fake Out|p2b: Bellibolt\n|-damage|p2b: Bellibolt|32/100\n|-start|p2b: Bellibolt|Charge|Fake Out|[from] ability: Electromorphosis\n|move|p1a: Jolteon|Electroweb|p2b: Bellibolt|[spread] p2a,p2b\n|-supereffective|p2a: Araquanid|1\n|-resisted|p2b: Bellibolt|1\n|-damage|p2a: Araquanid|0 fnt\n|-damage|p2b: Bellibolt|23/100\n|-unboost|p2b: Bellibolt|spe|1\n|-start|p2b: Bellibolt|Charge|Electroweb|[from] ability: Electromorphosis\n|faint|p2a: Araquanid\n|cant|p2b: Bellibolt|flinch\n|\n|upkeep\n|turn|15\n|inactive|seteee has 30 seconds left this turn.\n|-message|genodragon1 forfeited.\n|\n|win|seteee\n|raw|seteee's rating: 1195 &rarr; <strong>1217</strong><br />(+22 for winning)\n|raw|genodragon1's rating: 1154 &rarr; <strong>1132</strong><br />(-22 for losing)\n|l|\u2606genodragon1\n|player|p2|\n",
  "uploadtime": 1776727035,
  "views": 4,
  "formatid": "gen9championsvgc2026regma",
  "rating": 1132,
  "private": 0,
  "password": null
}