{
  "id": "gen9championsvgc2026regma-2584215290",
  "format": "[Gen 9 Champions] VGC 2026 Reg M-A",
  "players": [
    "cclap2",
    "ScribbleScribble"
  ],
  "log": "|j|\u2606cclap2\n|j|\u2606ScribbleScribble\n|t:|1776239187\n|gametype|doubles\n|player|p1|cclap2|169|1471\n|player|p2|ScribbleScribble|mina-lgpe|1492\n|gen|9\n|tier|[Gen 9 Champions] VGC 2026 Reg M-A\n|rated|\n|rule|Species Clause: Limit one of each Pok\u00e9mon\n|rule|Item Clause: Limit 1 of each item\n|clearpoke\n|poke|p1|Floette-Eternal, L50, F|\n|poke|p1|Delphox, L50, M|\n|poke|p1|Kingambit, L50, F|\n|poke|p1|Sinistcha, L50|\n|poke|p1|Garchomp, L50, M|\n|poke|p1|Talonflame, L50, M|\n|poke|p2|Floette-Eternal, L50, F|\n|poke|p2|Sneasler, L50, F|\n|poke|p2|Aerodactyl, L50, F|\n|poke|p2|Kingambit, L50, M|\n|poke|p2|Basculegion, L50, M|\n|poke|p2|Farigiraf, L50, M|\n|teampreview|4\n|inactive|Battle timer is ON: inactive players will automatically lose when time's up. (requested by ScribbleScribble)\n|inactive|cclap2 also wants the timer to be on.\n|j| Quagmander\n|\n|t:|1776239209\n|teamsize|p1|4\n|teamsize|p2|4\n|start\n|switch|p1a: Delphox|Delphox, L50, M|100/100\n|switch|p1b: Talonflame|Talonflame, L50, M|100/100\n|switch|p2a: Aerodactyl|Aerodactyl, L50, F|100/100\n|switch|p2b: Basculegion|Basculegion, L50, M|100/100\n|-ability|p2a: Aerodactyl|Unnerve\n|turn|1\n|\n|t:|1776239229\n|detailschange|p1a: Delphox|Delphox-Mega, L50, M\n|-mega|p1a: Delphox|Delphox|Delphoxite\n|move|p1a: Delphox|Protect|p1a: Delphox\n|-singleturn|p1a: Delphox|Protect\n|move|p2b: Basculegion|Aqua Jet|p1b: Talonflame\n|-supereffective|p1b: Talonflame|1\n|-damage|p1b: Talonflame|26/100\n|move|p2a: Aerodactyl|Rock Slide|p1b: Talonflame|[spread] p1b\n|-activate|p1a: Delphox|move: Protect\n|-supereffective|p1b: Talonflame|2\n|-damage|p1b: Talonflame|0 fnt\n|faint|p1b: Talonflame\n|\n|upkeep\n|\n|t:|1776239253\n|switch|p1b: Garchomp|Garchomp, L50, M|100/100\n|turn|2\n|j| fishle\n|j| udonggx\n|\n|t:|1776239265\n|move|p2b: Basculegion|Aqua Jet|p1a: Delphox\n|-supereffective|p1a: Delphox|1\n|-damage|p1a: Delphox|20/100\n|move|p1a: Delphox|Heat Wave|p2b: Basculegion|[spread] p2a,p2b\n|-resisted|p2a: Aerodactyl|1\n|-resisted|p2b: Basculegion|1\n|-crit|p2b: Basculegion\n|-damage|p2a: Aerodactyl|74/100\n|-damage|p2b: Basculegion|69/100\n|move|p2a: Aerodactyl|Tailwind|p2a: Aerodactyl\n|-sidestart|p2: ScribbleScribble|move: Tailwind\n|move|p1b: Garchomp|Rock Slide|p2a: Aerodactyl|[spread] p2a,p2b\n|-supereffective|p2a: Aerodactyl|1\n|-damage|p2a: Aerodactyl|14/100\n|-damage|p2b: Basculegion|41/100\n|\n|upkeep\n|turn|3\n|\n|t:|1776239282\n|switch|p2b: Farigiraf|Farigiraf, L50, M|100/100\n|switch|p1a: Kingambit|Kingambit, L50, F|100/100\n|move|p2a: Aerodactyl|Rock Slide|p1a: Kingambit|[spread] p1a\n|-miss|p2a: Aerodactyl|p1b: Garchomp\n|-resisted|p1a: Kingambit|1\n|-damage|p1a: Kingambit|92/100\n|move|p1b: Garchomp|Rock Slide|p2b: Farigiraf|[spread] p2a,p2b\n|-supereffective|p2a: Aerodactyl|1\n|-damage|p2a: Aerodactyl|0 fnt\n|-damage|p2b: Farigiraf|82/100\n|faint|p2a: Aerodactyl\n|\n|upkeep\n|inactive|ScribbleScribble has 30 seconds left.\n|\n|t:|1776239315\n|switch|p2a: Kingambit|Kingambit, L50, M|100/100\n|turn|4\n|\n|t:|1776239322\n|switch|p1a: Delphox|Delphox-Mega, L50, M|20/100\n|move|p2b: Farigiraf|Hyper Voice|p1a: Delphox|[spread] p1a,p1b\n|-damage|p1a: Delphox|0 fnt\n|-damage|p1b: Garchomp|74/100\n|faint|p1a: Delphox\n|move|p1b: Garchomp|Earthquake|p2a: Kingambit|[spread] p2a,p2b\n|-supereffective|p2a: Kingambit|1\n|-damage|p2a: Kingambit|41/100\n|-damage|p2b: Farigiraf|44/100\n|-enditem|p2b: Farigiraf|Sitrus Berry|[eat]\n|-heal|p2b: Farigiraf|69/100|[from] item: Sitrus Berry\n|move|p2a: Kingambit|Low Kick|p1b: Garchomp\n|-damage|p1b: Garchomp|48/100\n|-damage|p2a: Kingambit|29/100|[from] ability: Rough Skin|[of] p1b: Garchomp\n|\n|upkeep\n|\n|t:|1776239330\n|switch|p1a: Kingambit|Kingambit, L50, F|92/100\n|turn|5\n|\n|t:|1776239336\n|move|p1b: Garchomp|Protect|p1b: Garchomp\n|-singleturn|p1b: Garchomp|Protect\n|move|p1a: Kingambit|Protect|p1a: Kingambit\n|-singleturn|p1a: Kingambit|Protect\n|move|p2a: Kingambit|Sucker Punch||[still]\n|-fail|p2a: Kingambit\n|move|p2b: Farigiraf|Hyper Voice|p1a: Kingambit|[spread] \n|-activate|p1a: Kingambit|move: Protect\n|-activate|p1b: Garchomp|move: Protect\n|\n|-sideend|p2: ScribbleScribble|move: Tailwind\n|upkeep\n|turn|6\n|\n|t:|1776239347\n|move|p2a: Kingambit|Sucker Punch|p1b: Garchomp\n|-damage|p1b: Garchomp|3/100\n|-damage|p2a: Kingambit|17/100|[from] ability: Rough Skin|[of] p1b: Garchomp\n|move|p1b: Garchomp|Dragon Claw|p2b: Farigiraf\n|-damage|p2b: Farigiraf|33/100\n|move|p2b: Farigiraf|Hyper Voice|p1b: Garchomp|[spread] p1a,p1b\n|-resisted|p1a: Kingambit|1\n|-damage|p1a: Kingambit|79/100\n|-damage|p1b: Garchomp|0 fnt\n|faint|p1b: Garchomp\n|move|p1a: Kingambit|Iron Head|p2b: Farigiraf\n|-damage|p2b: Farigiraf|0 fnt\n|faint|p2b: Farigiraf\n|\n|upkeep\n|l|\u2606cclap2\n|inactive|cclap2 disconnected and has a minute to reconnect!\n|player|p1|\n|j| Tilifee\n|j|\u2606cclap2\n|inactive|cclap2 reconnected.\n|player|p1|cclap2|169|\n|l| Tilifee\n|inactive|ScribbleScribble has 30 seconds left.\n|\n|t:|1776239379\n|switch|p2b: Basculegion|Basculegion, L50, M|41/100\n|turn|7\n|l|\u2606cclap2\n|inactive|cclap2 disconnected and has a minute to reconnect!\n|player|p1|\n|j|\u2606cclap2\n|inactive|cclap2 reconnected and has 50 seconds left.\n|player|p1|cclap2|169|\n|\n|t:|1776239403\n|move|p2b: Basculegion|Wave Crash|p1a: Kingambit\n|-damage|p1a: Kingambit|24/100\n|-damage|p2b: Basculegion|22/100|[from] Recoil\n|move|p1a: Kingambit|Low Kick|p2a: Kingambit\n|-supereffective|p2a: Kingambit|2\n|-damage|p2a: Kingambit|0 fnt\n|faint|p2a: Kingambit\n|\n|upkeep\n|turn|8\n|\n|t:|1776239413\n|move|p1a: Kingambit|Sucker Punch|p2b: Basculegion\n|-supereffective|p2b: Basculegion|1\n|-damage|p2b: Basculegion|0 fnt\n|faint|p2b: Basculegion\n|\n|win|cclap2\n|raw|cclap2's rating: 1471 &rarr; <strong>1493</strong><br />(+22 for winning)\n|raw|ScribbleScribble's rating: 1506 &rarr; <strong>1484</strong><br />(-22 for losing)\n|l| fishle\n|l|\u2606ScribbleScribble\n|player|p2|\n|l| Quagmander\n|l|\u2606cclap2\n|player|p1|\n",
  "uploadtime": 1776239425,
  "views": 90,
  "formatid": "gen9championsvgc2026regma",
  "rating": 1484,
  "private": 0,
  "password": null
}