{
  "id": "gen9championsvgc2026regma-2588144599",
  "format": "[Gen 9 Champions] VGC 2026 Reg M-A",
  "players": [
    "Roygrinb",
    "Dinz77"
  ],
  "log": "|j|\u2606Roygrinb\n|j|\u2606Dinz77\n|t:|1776608816\n|gametype|doubles\n|player|p1|Roygrinb|1|1228\n|player|p2|Dinz77|2|1221\n|gen|9\n|tier|[Gen 9 Champions] VGC 2026 Reg M-A\n|rated|\n|rule|Species Clause: Limit one of each Pok\u00e9mon\n|rule|Item Clause: Limit 1 of each item\n|clearpoke\n|poke|p1|Gengar, L50, F|\n|poke|p1|Sinistcha, L50|\n|poke|p1|Primarina, L50, F|\n|poke|p1|Vaporeon, L50, F|\n|poke|p1|Kommo-o, L50, F|\n|poke|p1|Abomasnow, L50, F|\n|poke|p2|Heracross, L50, M|\n|poke|p2|Whimsicott, L50, M|\n|poke|p2|Politoed, L50, F|\n|poke|p2|Basculegion, L50, M|\n|poke|p2|Incineroar, L50, M|\n|poke|p2|Archaludon, L50, M|\n|teampreview|4\nDinz77 has agreed to open team sheets.\nRoygrinb has agreed to open team sheets.\n|showteam|p1|Gengar||Gengarite|CursedBody|PerishSong,Protect,Substitute,SludgeWave|||F|||50|]Sinistcha||KingsRock|Hospitality|RagePowder,MatchaGotcha,Hex,Scald||||||50|]Primarina||QuickClaw|LiquidVoice|PerishSong,Surf,Protect,DrainingKiss|||F|||50|]Vaporeon||MysticWater|WaterAbsorb|Detect,Scald,Wish,Yawn|||F|||50|]Kommo-o||Leftovers|Soundproof|ClangorousSoul,DrainPunch,RockSlide,Protect|||F|||50|]Abomasnow||Abomasite|Soundproof|AuroraVeil,Blizzard,GigaDrain,WeatherBall|||F|||50|\n|showteam|p2|Heracross||Heracronite|Moxie|Detect,CloseCombat,RockBlast,PinMissile|||M|||50|]Whimsicott||FocusSash|Prankster|Tailwind,Moonblast,Encore,Taunt|||M|||50|]Politoed||Leftovers|Drizzle|Protect,WeatherBall,IcyWind,HelpingHand|||F|||50|]Basculegion||ChoiceScarf|Adaptability|WaveCrash,FlipTurn,LastRespects,AquaJet|||M|||50|]Incineroar||SitrusBerry|Intimidate|FakeOut,PartingShot,FlareBlitz,ThroatChop|||M|||50|]Archaludon||MetalCoat|Stalwart|Protect,ElectroShot,FlashCannon,DracoMeteor|||M|||50|\n|c|\u2606Roygrinb|Glhf\n|c|\u2606Dinz77|hf\n|\n|t:|1776608893\n|teamsize|p1|4\n|teamsize|p2|4\n|start\n|switch|p1a: Gengar|Gengar, L50, F|100/100\n|switch|p1b: Kommo-o|Kommo-o, L50, F|100/100\n|switch|p2a: Whimsicott|Whimsicott, L50, M|100/100\n|switch|p2b: Heracross|Heracross, L50, M|100/100\n|turn|1\n|\n|t:|1776608938\n|detailschange|p1a: Gengar|Gengar-Mega, L50, F\n|-mega|p1a: Gengar|Gengar|Gengarite\n|detailschange|p2b: Heracross|Heracross-Mega, L50, M\n|-mega|p2b: Heracross|Heracross|Heracronite\n|move|p2b: Heracross|Detect|p2b: Heracross\n|-singleturn|p2b: Heracross|Protect\n|move|p2a: Whimsicott|Taunt|p1a: Gengar\n|-start|p1a: Gengar|move: Taunt\n|cant|p1a: Gengar|move: Taunt|Perish Song\n|move|p1b: Kommo-o|Clangorous Soul|p1b: Kommo-o\n|-boost|p1b: Kommo-o|atk|1\n|-boost|p1b: Kommo-o|def|1\n|-boost|p1b: Kommo-o|spa|1\n|-boost|p1b: Kommo-o|spd|1\n|-boost|p1b: Kommo-o|spe|1\n|-damage|p1b: Kommo-o|68/100\n|\n|-heal|p1b: Kommo-o|74/100|[from] item: Leftovers\n|upkeep\n|turn|2\n|\n|t:|1776608979\n|move|p2a: Whimsicott|Tailwind|p2a: Whimsicott\n|-sidestart|p2: Dinz77|move: Tailwind\n|move|p2b: Heracross|Rock Blast|p1a: Gengar\n|-damage|p1a: Gengar|85/100\n|-damage|p1a: Gengar|69/100\n|-damage|p1a: Gengar|54/100\n|-damage|p1a: Gengar|38/100\n|-damage|p1a: Gengar|22/100\n|-hitcount|p1a: Gengar|5\n|move|p1a: Gengar|Sludge Wave|p2a: Whimsicott|[spread] p1b,p2a,p2b\n|-supereffective|p2a: Whimsicott|2\n|-damage|p1b: Kommo-o|50/100\n|-enditem|p2a: Whimsicott|Focus Sash\n|-damage|p2a: Whimsicott|1/100\n|-damage|p2b: Heracross|54/100\n|-status|p2b: Heracross|psn\n|move|p1b: Kommo-o|Rock Slide|p2b: Heracross|[spread] p2a,p2b\n|-damage|p2a: Whimsicott|0 fnt\n|-damage|p2b: Heracross|24/100 psn\n|faint|p2a: Whimsicott\n|\n|-heal|p1b: Kommo-o|56/100|[from] item: Leftovers\n|-damage|p2b: Heracross|12/100 psn|[from] psn\n|upkeep\n|\n|t:|1776609000\n|switch|p2a: Incineroar|Incineroar, L50, M|100/100\n|-ability|p2a: Incineroar|Intimidate|boost\n|-unboost|p1a: Gengar|atk|1\n|-unboost|p1b: Kommo-o|atk|1\n|turn|3\n|\n|t:|1776609021\n|move|p1b: Kommo-o|Protect|p1b: Kommo-o\n|-singleturn|p1b: Kommo-o|Protect\n|move|p2a: Incineroar|Fake Out|p1b: Kommo-o\n|-activate|p1b: Kommo-o|move: Protect\n|move|p2b: Heracross|Rock Blast|p1a: Gengar\n|-damage|p1a: Gengar|6/100\n|-damage|p1a: Gengar|0 fnt\n|faint|p1a: Gengar\n|-hitcount|p1: Gengar|2\n|\n|-heal|p1b: Kommo-o|62/100|[from] item: Leftovers\n|-damage|p2b: Heracross|0 fnt|[from] psn\n|faint|p2b: Heracross\n|upkeep\n|\n|t:|1776609032\n|switch|p1a: Primarina|Primarina, L50, F|100/100\n|switch|p2b: Politoed|Politoed, L50, F|100/100\n|-weather|RainDance|[from] ability: Drizzle|[of] p2b: Politoed\n|turn|4\n|\n|t:|1776609053\n|move|p2b: Politoed|Icy Wind|p1a: Primarina|[spread] p1b\n|-miss|p2b: Politoed|p1a: Primarina\n|-supereffective|p1b: Kommo-o|1\n|-damage|p1b: Kommo-o|52/100\n|-unboost|p1b: Kommo-o|spe|1\n|move|p2a: Incineroar|Throat Chop|p1a: Primarina\n|-resisted|p1a: Primarina|1\n|-damage|p1a: Primarina|88/100\n|-start|p1a: Primarina|Throat Chop|[silent]\n|move|p1b: Kommo-o|Drain Punch|p2a: Incineroar\n|-supereffective|p2a: Incineroar|1\n|-damage|p2a: Incineroar|44/100\n|-heal|p1b: Kommo-o|85/100|[from] drain|[of] p2a: Incineroar\n|-enditem|p2a: Incineroar|Sitrus Berry|[eat]\n|-heal|p2a: Incineroar|69/100|[from] item: Sitrus Berry\n|cant|p1a: Primarina|move: Throat Chop\n|\n|-weather|RainDance|[upkeep]\n|-heal|p1b: Kommo-o|91/100|[from] item: Leftovers\n|upkeep\n|turn|5\n|-activate|p1a: Primarina|item: Quick Claw\n|\n|t:|1776609073\n|move|p1a: Primarina|Surf|p2a: Incineroar|[spread] p1b,p2a,p2b\n|-resisted|p1b: Kommo-o|1\n|-supereffective|p2a: Incineroar|1\n|-resisted|p2b: Politoed|1\n|-damage|p1b: Kommo-o|77/100\n|-damage|p2a: Incineroar|0 fnt\n|-damage|p2b: Politoed|82/100\n|faint|p2a: Incineroar\n|move|p2b: Politoed|Icy Wind|p1b: Kommo-o|[spread] p1a,p1b\n|-resisted|p1a: Primarina|1\n|-supereffective|p1b: Kommo-o|1\n|-damage|p1a: Primarina|84/100\n|-damage|p1b: Kommo-o|67/100\n|-unboost|p1a: Primarina|spe|1\n|-unboost|p1b: Kommo-o|spe|1\n|move|p1b: Kommo-o|Rock Slide|p2b: Politoed\n|-damage|p2b: Politoed|63/100\n|\n|-weather|RainDance|[upkeep]\n|-heal|p2b: Politoed|69/100|[from] item: Leftovers\n|-heal|p1b: Kommo-o|73/100|[from] item: Leftovers\n|-end|p1a: Primarina|Throat Chop|[silent]\n|-sideend|p2: Dinz77|move: Tailwind\n|upkeep\n|turn|6\n|c|\u2606Dinz77|gg\n|\n|t:|1776609090\n|move|p2b: Politoed|Weather Ball|p1b: Kommo-o\n|-resisted|p1b: Kommo-o|1\n|-damage|p1b: Kommo-o|60/100\n|move|p1b: Kommo-o|Clangorous Soul|p1b: Kommo-o\n|-boost|p1b: Kommo-o|atk|1\n|-boost|p1b: Kommo-o|def|1\n|-boost|p1b: Kommo-o|spa|1\n|-boost|p1b: Kommo-o|spd|1\n|-boost|p1b: Kommo-o|spe|1\n|-damage|p1b: Kommo-o|27/100\n|move|p1a: Primarina|Perish Song|p1a: Primarina\n|-start|p1a: Primarina|perish3|[silent]\n|-immune|p1b: Kommo-o|[from] ability: Soundproof\n|-start|p2b: Politoed|perish3|[silent]\n|-fieldactivate|move: Perish Song\n|\n|-weather|RainDance|[upkeep]\n|-heal|p1b: Kommo-o|33/100|[from] item: Leftovers\n|-heal|p2b: Politoed|75/100|[from] item: Leftovers\n|-start|p2b: Politoed|perish3\n|-start|p1a: Primarina|perish3\n|upkeep\n|turn|7\n|\n|t:|1776609109\n|move|p1b: Kommo-o|Protect|p1b: Kommo-o\n|-singleturn|p1b: Kommo-o|Protect\n|move|p2b: Politoed|Weather Ball|p1b: Kommo-o\n|-activate|p1b: Kommo-o|move: Protect\n|move|p1a: Primarina|Draining Kiss|p2b: Politoed\n|-damage|p2b: Politoed|56/100\n|-heal|p1a: Primarina|99/100|[from] drain|[of] p2b: Politoed\n|\n|-weather|RainDance|[upkeep]\n|-heal|p1b: Kommo-o|40/100|[from] item: Leftovers\n|-heal|p2b: Politoed|62/100|[from] item: Leftovers\n|-start|p2b: Politoed|perish2\n|-start|p1a: Primarina|perish2\n|upkeep\n|turn|8\n|\n|t:|1776609122\n|move|p1a: Primarina|Protect|p1a: Primarina\n|-singleturn|p1a: Primarina|Protect\n|move|p1b: Kommo-o|Drain Punch|p2b: Politoed\n|-damage|p2b: Politoed|18/100\n|-heal|p1b: Kommo-o|65/100|[from] drain|[of] p2b: Politoed\n|move|p2b: Politoed|Weather Ball|p1b: Kommo-o\n|-resisted|p1b: Kommo-o|1\n|-damage|p1b: Kommo-o|56/100\n|\n|-weather|none\n|-heal|p1b: Kommo-o|62/100|[from] item: Leftovers\n|-heal|p2b: Politoed|24/100|[from] item: Leftovers\n|-start|p2b: Politoed|perish1\n|-start|p1a: Primarina|perish1\n|upkeep\n|turn|9\n|\n|t:|1776609147\n|switch|p1a: Vaporeon|Vaporeon, L50, F|100/100\n|move|p1b: Kommo-o|Drain Punch|p2b: Politoed\n|-damage|p2b: Politoed|0 fnt\n|-heal|p1b: Kommo-o|75/100|[from] drain|[of] p2b: Politoed\n|faint|p2b: Politoed\n|\n|win|Roygrinb\n|raw|Roygrinb's rating: 1228 &rarr; <strong>1252</strong><br />(+24 for winning)\n|raw|Dinz77's rating: 1221 &rarr; <strong>1197</strong><br />(-24 for losing)\n",
  "uploadtime": 1776609156,
  "views": 16,
  "formatid": "gen9championsvgc2026regma",
  "rating": 1197,
  "private": 0,
  "password": null
}