{
  "id": "gen9championsvgc2026regma-2581864095",
  "format": "[Gen 9 Champions] VGC 2026 Reg M-A",
  "players": [
    "Ajax1224",
    "TheTailwindEnjoyer"
  ],
  "log": "|j|\u2606Ajax1224\n|j|\u2606TheTailwindEnjoyer\n|t:|1776034788\n|gametype|doubles\n|player|p1|Ajax1224|101|1027\n|player|p2|TheTailwindEnjoyer|player-go|1107\n|gen|9\n|tier|[Gen 9 Champions] VGC 2026 Reg M-A\n|rated|\n|rule|Species Clause: Limit one of each Pok\u00e9mon\n|rule|Item Clause: Limit 1 of each item\n|clearpoke\n|poke|p1|Skarmory, L50, M|\n|poke|p1|Vaporeon, L50, M|\n|poke|p1|Garchomp, L50, F|\n|poke|p1|Charizard, L50, M|\n|poke|p1|Leafeon, L50, F|\n|poke|p1|Jolteon, L50, M|\n|poke|p2|Gengar, L50, F|\n|poke|p2|Basculegion, L50, M|\n|poke|p2|Typhlosion-Hisui, L50, M|\n|poke|p2|Whimsicott, L50, M|\n|poke|p2|Dragonite, L50, F|\n|poke|p2|Sneasler, L50, F|\n|teampreview|4\n|inactive|Battle timer is ON: inactive players will automatically lose when time's up. (requested by TheTailwindEnjoyer)\n|inactive|Ajax1224 has 60 seconds left.\n|\n|t:|1776034820\n|teamsize|p1|4\n|teamsize|p2|4\n|start\n|switch|p1a: Skarmory|Skarmory, L50, M|100/100\n|switch|p1b: Vaporeon|Vaporeon, L50, M|100/100\n|switch|p2a: Dragonite|Dragonite, L50, F|100/100\n|switch|p2b: Whimsicott|Whimsicott, L50, M|100/100\n|turn|1\n|inactive|TheTailwindEnjoyer has 30 seconds left.\n|inactive|TheTailwindEnjoyer has 20 seconds left.\n|\n|t:|1776034856\n|detailschange|p1a: Skarmory|Skarmory-Mega, L50, M\n|-mega|p1a: Skarmory|Skarmory|Skarmorite\n|move|p2b: Whimsicott|Tailwind|p2b: Whimsicott\n|-sidestart|p2: TheTailwindEnjoyer|move: Tailwind\n|move|p2a: Dragonite|Outrage|p1b: Vaporeon\n|-damage|p1b: Vaporeon|20/100\n|move|p1a: Skarmory|Tailwind|p1a: Skarmory\n|-sidestart|p1: Ajax1224|move: Tailwind\n|move|p1b: Vaporeon|Ice Beam|p2a: Dragonite\n|-supereffective|p2a: Dragonite|2\n|-damage|p2a: Dragonite|0 fnt\n|faint|p2a: Dragonite\n|\n|upkeep\n|\n|t:|1776034859\n|switch|p2a: Typhlosion|Typhlosion-Hisui, L50, M|100/100\n|-item|p1a: Skarmory|Skarmorite|[from] ability: Frisk|[of] p2a: Typhlosion\n|-item|p1b: Vaporeon|Mystic Water|[from] ability: Frisk|[of] p2a: Typhlosion\n|turn|2\n|inactive|Ajax1224 has 30 seconds left.\n|\n|t:|1776034889\n|move|p1b: Vaporeon|Protect|p1b: Vaporeon\n|-singleturn|p1b: Vaporeon|Protect\n|move|p2b: Whimsicott|Fake Tears|p1b: Vaporeon\n|-activate|p1b: Vaporeon|move: Protect\n|move|p2a: Typhlosion|Eruption|p1b: Vaporeon|[spread] p1a\n|-activate|p1b: Vaporeon|move: Protect\n|-supereffective|p1a: Skarmory|1\n|-crit|p1a: Skarmory\n|-damage|p1a: Skarmory|0 fnt\n|faint|p1a: Skarmory\n|\n|upkeep\n|\n|t:|1776034903\n|switch|p1a: Garchomp|Garchomp, L50, F|100/100\n|turn|3\n|\n|t:|1776034913\n|move|p2b: Whimsicott|Fake Tears|p1a: Garchomp\n|-unboost|p1a: Garchomp|spd|2\n|move|p2a: Typhlosion|Eruption|p1b: Vaporeon|[spread] p1a,p1b\n|-resisted|p1a: Garchomp|1\n|-resisted|p1b: Vaporeon|1\n|-damage|p1a: Garchomp|30/100\n|-damage|p1b: Vaporeon|0 fnt\n|faint|p1b: Vaporeon\n|move|p1a: Garchomp|Rock Slide|p2a: Typhlosion|[spread] p2b\n|-miss|p1a: Garchomp|p2a: Typhlosion\n|-damage|p2b: Whimsicott|71/100\n|\n|upkeep\n|\n|t:|1776034924\n|switch|p1b: Jolteon|Jolteon, L50, M|100/100\n|turn|4\n|\n|t:|1776034937\n|move|p1a: Garchomp|Protect|p1a: Garchomp\n|-singleturn|p1a: Garchomp|Protect\n|move|p2b: Whimsicott|Fake Tears|p1b: Jolteon\n|-unboost|p1b: Jolteon|spd|2\n|move|p2a: Typhlosion|Eruption|p1a: Garchomp|[spread] p1b\n|-activate|p1a: Garchomp|move: Protect\n|-damage|p1b: Jolteon|0 fnt\n|faint|p1b: Jolteon\n|\n|-sideend|p2: TheTailwindEnjoyer|move: Tailwind\n|-sideend|p1: Ajax1224|move: Tailwind\n|upkeep\n|turn|5\n|-message|Ajax1224 forfeited.\n|\n|win|TheTailwindEnjoyer\n|raw|Ajax1224's rating: 1027 &rarr; <strong>1016</strong><br />(-11 for losing)\n|raw|TheTailwindEnjoyer's rating: 1107 &rarr; <strong>1126</strong><br />(+19 for winning)\n|l|\u2606Ajax1224\n|player|p1|\n",
  "uploadtime": 1776034948,
  "views": 15,
  "formatid": "gen9championsvgc2026regma",
  "rating": 1016,
  "private": 0,
  "password": null
}