{
  "id": "gen9championsvgc2026regma-2588036868",
  "format": "[Gen 9 Champions] VGC 2026 Reg M-A",
  "players": [
    "horohorovasey",
    "TethysPersevere"
  ],
  "log": "|j|\u2606horohorovasey\n|j|\u2606TethysPersevere\n|t:|1776596276\n|gametype|doubles\n|player|p1|horohorovasey|miku-ghost|1048\n|player|p2|TethysPersevere|lucas-gen4pt|1090\n|gen|9\n|tier|[Gen 9 Champions] VGC 2026 Reg M-A\n|rated|\n|rule|Species Clause: Limit one of each Pok\u00e9mon\n|rule|Item Clause: Limit 1 of each item\n|clearpoke\n|poke|p1|Gourgeist-Super, L50, F, shiny|\n|poke|p1|Crabominable, L50, M|\n|poke|p1|Tyranitar, L50, M|\n|poke|p1|Incineroar, L50, F|\n|poke|p1|Rotom-Wash, L50|\n|poke|p1|Tinkaton, L50, F|\n|poke|p2|Empoleon, L50, F|\n|poke|p2|Sinistcha, L50|\n|poke|p2|Incineroar, L50, F|\n|poke|p2|Chimecho, L50, F|\n|poke|p2|Tyranitar, L50, F|\n|poke|p2|Kommo-o, L50, M|\n|teampreview|4\n|inactive|Battle timer is ON: inactive players will automatically lose when time's up. (requested by horohorovasey)\n|\n|t:|1776596337\n|teamsize|p1|4\n|teamsize|p2|4\n|start\n|switch|p1a: Goo Goo Dolls|Gourgeist-Super, L50, F, shiny|100/100\n|switch|p1b: Incineroar|Incineroar, L50, F|100/100\n|switch|p2a: Kommo-o|Kommo-o, L50, M|100/100\n|switch|p2b: Empoleon|Empoleon, L50, F|100/100\n|-ability|p1b: Incineroar|Intimidate|boost\n|-unboost|p2a: Kommo-o|atk|1\n|-unboost|p2b: Empoleon|atk|1\n|-ability|p2b: Empoleon|Competitive|boost\n|-boost|p2b: Empoleon|spa|2\n|-item|p2a: Kommo-o|Leftovers|[from] ability: Frisk|[of] p1a: Goo Goo Dolls\n|-item|p2b: Empoleon|Mystic Water|[from] ability: Frisk|[of] p1a: Goo Goo Dolls\n|turn|1\n|inactive|TethysPersevere has 30 seconds left.\n|\n|t:|1776596370\n|switch|p2a: Sinistcha|Sinistcha, L50|100/100\n|move|p2b: Empoleon|Protect|p2b: Empoleon\n|-singleturn|p2b: Empoleon|Protect\n|move|p1b: Incineroar|Fake Out|p2b: Empoleon\n|-activate|p2b: Empoleon|move: Protect\n|move|p1a: Goo Goo Dolls|Trick Room|p1a: Goo Goo Dolls\n|-fieldstart|move: Trick Room|[of] p1a: Goo Goo Dolls\n|\n|upkeep\n|turn|2\n|\n|t:|1776596387\n|move|p2a: Sinistcha|Rage Powder|p2a: Sinistcha\n|-singleturn|p2a: Sinistcha|move: Rage Powder\n|move|p1a: Goo Goo Dolls|Poltergeist|p2a: Sinistcha\n|-activate|p2a: Sinistcha|move: Poltergeist|Sitrus Berry\n|-supereffective|p2a: Sinistcha|1\n|-damage|p2a: Sinistcha|36/100\n|-enditem|p2a: Sinistcha|Sitrus Berry|[eat]\n|-heal|p2a: Sinistcha|61/100|[from] item: Sitrus Berry\n|move|p1b: Incineroar|Parting Shot|p2a: Sinistcha\n|-unboost|p2a: Sinistcha|atk|1\n|-unboost|p2a: Sinistcha|spa|1\n|\n|t:|1776596390\n|switch|p1b: Rotom|Rotom-Wash, L50|100/100|[from] Parting Shot\n|move|p2b: Empoleon|Ice Beam|p1a: Goo Goo Dolls\n|-supereffective|p1a: Goo Goo Dolls|1\n|-crit|p1a: Goo Goo Dolls\n|-damage|p1a: Goo Goo Dolls|0 fnt\n|faint|p1a: Goo Goo Dolls\n|\n|upkeep\n|\n|t:|1776596395\n|switch|p1a: Crabominable|Crabominable, L50, M|100/100\n|turn|3\n|\n|t:|1776596414\n|detailschange|p1a: Crabominable|Crabominable-Mega, L50, M\n|-mega|p1a: Crabominable|Crabominable|Crabominite\n|move|p2a: Sinistcha|Rage Powder|p2a: Sinistcha\n|-singleturn|p2a: Sinistcha|move: Rage Powder\n|move|p1a: Crabominable|Ice Hammer|p2a: Sinistcha\n|-supereffective|p2a: Sinistcha|1\n|-damage|p2a: Sinistcha|0 fnt\n|-unboost|p1a: Crabominable|spe|1\n|faint|p2a: Sinistcha\n|move|p2b: Empoleon|Flash Cannon|p1a: Crabominable\n|-supereffective|p1a: Crabominable|1\n|-damage|p1a: Crabominable|0 fnt\n|faint|p1a: Crabominable\n|move|p1b: Rotom|Volt Switch|p2b: Empoleon\n|-supereffective|p2b: Empoleon|1\n|-damage|p2b: Empoleon|40/100\n|\n|t:|1776596418\n|switch|p1b: Incineroar|Incineroar, L50, F|100/100|[from] Volt Switch\n|-ability|p1b: Incineroar|Intimidate|boost\n|-unboost|p2b: Empoleon|atk|1\n|-ability|p2b: Empoleon|Competitive|boost\n|-boost|p2b: Empoleon|spa|2\n|\n|upkeep\n|\n|t:|1776596433\n|switch|p1a: Rotom|Rotom-Wash, L50|100/100\n|switch|p2a: Chimecho|Chimecho, L50, F|100/100\n|turn|4\n|\n|t:|1776596444\n|detailschange|p2a: Chimecho|Chimecho-Mega, L50, F\n|-mega|p2a: Chimecho|Chimecho|Chimechite\n|move|p2a: Chimecho|Protect|p2a: Chimecho\n|-singleturn|p2a: Chimecho|Protect\n|move|p1b: Incineroar|Fake Out|p2a: Chimecho\n|-activate|p2a: Chimecho|move: Protect\n|move|p2b: Empoleon|Surf|p1a: Rotom|[spread] p1a,p1b\n|-activate|p2a: Chimecho|move: Protect\n|-resisted|p1a: Rotom|1\n|-supereffective|p1b: Incineroar|1\n|-damage|p1a: Rotom|36/100\n|-damage|p1b: Incineroar|0 fnt\n|faint|p1b: Incineroar\n|move|p1a: Rotom|Volt Switch|p2b: Empoleon\n|-supereffective|p2b: Empoleon|1\n|-damage|p2b: Empoleon|0 fnt\n|faint|p2b: Empoleon\n|\n|-heal|p1a: Rotom|41/100|[from] item: Leftovers\n|upkeep\n|\n|t:|1776596460\n|switch|p2b: Kommo-o|Kommo-o, L50, M|100/100\n|turn|5\n|\n|t:|1776596468\n|move|p2a: Chimecho|Psychic|p1a: Rotom\n|-damage|p1a: Rotom|0 fnt\n|faint|p1a: Rotom\n|\n|win|TethysPersevere\n|raw|horohorovasey's rating: 1048 &rarr; <strong>1033</strong><br />(-15 for losing)\n|raw|TethysPersevere's rating: 1090 &rarr; <strong>1113</strong><br />(+23 for winning)\n|c|\u2606horohorovasey|ggwp\n|c|\u2606TethysPersevere|ggwp\n|l|\u2606TethysPersevere\n|player|p2|\n",
  "uploadtime": 1776596475,
  "views": 22,
  "formatid": "gen9championsvgc2026regma",
  "rating": 1033,
  "private": 0,
  "password": null
}