{
  "id": "gen9championsvgc2026regma-2587611320",
  "format": "[Gen 9 Champions] VGC 2026 Reg M-A",
  "players": [
    "kiwigal",
    "Panwu"
  ],
  "log": "|j|\u2606kiwigal\n|j|\u2606Panwu\n|t:|1776546835\n|gametype|doubles\n|player|p1|kiwigal|iono|\n|player|p2|Panwu|red|\n|gen|9\n|tier|[Gen 9 Champions] VGC 2026 Reg M-A\n|rated|Tournament battle\n|rule|Species Clause: Limit one of each Pok\u00e9mon\n|rule|Item Clause: Limit 1 of each item\n|clearpoke\n|poke|p1|Sinistcha, L50|\n|poke|p1|Garchomp, L50, F|\n|poke|p1|Incineroar, L50, M|\n|poke|p1|Corviknight, L50, F|\n|poke|p1|Floette-Eternal, L50, F|\n|poke|p1|Sneasler, L50, M|\n|poke|p2|Venusaur, L50, M|\n|poke|p2|Pelipper, L50, F|\n|poke|p2|Glimmora, L50, F, shiny|\n|poke|p2|Tyranitar, L50, M|\n|poke|p2|Incineroar, L50, F|\n|poke|p2|Basculegion-F, L50, F|\n|teampreview|4\n|c|\u2606kiwigal|gl hf\nkiwigal has agreed to open team sheets.\n|j|@Radio Free C-Side\n|c|\u2606Panwu|the same\n|j| porygon-epilepz\n|j|@Therazer456\n|j| juleocesar\n|\n|t:|1776546903\n|teamsize|p1|4\n|teamsize|p2|4\n|start\n|switch|p1a: Sneasler|Sneasler, L50, M|100/100\n|switch|p1b: Garchomp|Garchomp, L50, F|100/100\n|switch|p2a: Basculegion|Basculegion-F, L50, F|100/100\n|switch|p2b: Pelipper|Pelipper, L50, F|100/100\n|-weather|RainDance|[from] ability: Drizzle|[of] p2b: Pelipper\n|turn|1\n|j| Rainpelt103\n|j| ian_yo\n|j| Red Fang X\n|\n|t:|1776546929\n|detailschange|p1b: Garchomp|Garchomp-Mega, L50, F\n|-mega|p1b: Garchomp|Garchomp|Garchompite\n|move|p1a: Sneasler|Fake Out|p2b: Pelipper\n|-damage|p2b: Pelipper|84/100\n|move|p2a: Basculegion|Blizzard|p1a: Sneasler|[spread] p1a,p1b\n|-supereffective|p1b: Garchomp|2\n|-damage|p1a: Sneasler|64/100\n|-damage|p1b: Garchomp|4/100\n|-status|p1b: Garchomp|frz\n|cant|p1b: Garchomp|frz\n|cant|p2b: Pelipper|flinch\n|\n|-weather|RainDance|[upkeep]\n|upkeep\n|turn|2\n|j|+holdingb\n|c| porygon-epilepz|blizzard?!\n|c|@Radio Free C-Side|tragique\n|c|\u2606kiwigal|bruh\n|c| Rainpelt103|unfort\n|l| Red Fang X\n|\n|t:|1776546970\n|switch|p2a: Venusaur|Venusaur, L50, M|100/100\n|switch|p1b: Sinistcha|Sinistcha, L50|100/100\n|-heal|p1a: Sneasler|88/100|[from] ability: Hospitality|[of] p1b: Sinistcha\n|move|p1a: Sneasler|Gunk Shot|p2b: Pelipper\n|-damage|p2b: Pelipper|15/100\n|-status|p2b: Pelipper|psn\n|-enditem|p2b: Pelipper|Sitrus Berry|[eat]\n|-heal|p2b: Pelipper|40/100 psn|[from] item: Sitrus Berry\n|move|p2b: Pelipper|Tailwind|p2b: Pelipper\n|-sidestart|p2: Panwu|move: Tailwind\n|\n|-weather|RainDance|[upkeep]\n|-damage|p2b: Pelipper|28/100 psn|[from] psn\n|upkeep\n|turn|3\n|\n|t:|1776547000\n|detailschange|p2a: Venusaur|Venusaur-Mega, L50, M\n|-mega|p2a: Venusaur|Venusaur|Venusaurite\n|move|p1a: Sneasler|Protect|p1a: Sneasler\n|-singleturn|p1a: Sneasler|Protect\n|move|p1b: Sinistcha|Protect|p1b: Sinistcha\n|-singleturn|p1b: Sinistcha|Protect\n|move|p2a: Venusaur|Sludge Bomb|p1b: Sinistcha\n|-activate|p1b: Sinistcha|move: Protect\n|move|p2b: Pelipper|Hurricane|p1a: Sneasler\n|-activate|p1a: Sneasler|move: Protect\n|\n|-weather|RainDance|[upkeep]\n|-damage|p2b: Pelipper|16/100 psn|[from] psn\n|upkeep\n|turn|4\n|\n|t:|1776547012\n|switch|p2b: Incineroar|Incineroar, L50, F|100/100\n|-ability|p2b: Incineroar|Intimidate|boost\n|-unboost|p1a: Sneasler|atk|1\n|-unboost|p1b: Sinistcha|atk|1\n|-enditem|p1a: Sneasler|White Herb\n|-clearnegativeboost|p1a: Sneasler|[silent]\n|move|p1b: Sinistcha|Rage Powder|p1b: Sinistcha\n|-singleturn|p1b: Sinistcha|move: Rage Powder\n|move|p1a: Sneasler|Close Combat|p2b: Incineroar\n|-supereffective|p2b: Incineroar|1\n|-damage|p2b: Incineroar|0 fnt\n|-unboost|p1a: Sneasler|def|1\n|-unboost|p1a: Sneasler|spd|1\n|faint|p2b: Incineroar\n|move|p2a: Venusaur|Sludge Bomb|p1b: Sinistcha\n|-damage|p1b: Sinistcha|50/100\n|\n|-weather|RainDance|[upkeep]\n|upkeep\n|\n|t:|1776547021\n|switch|p2b: Basculegion|Basculegion-F, L50, F|100/100\n|turn|5\n|\n|t:|1776547035\n|move|p1a: Sneasler|Protect|p1a: Sneasler\n|-singleturn|p1a: Sneasler|Protect\n|move|p2b: Basculegion|Shadow Ball|p1b: Sinistcha\n|-supereffective|p1b: Sinistcha|1\n|-crit|p1b: Sinistcha\n|-damage|p1b: Sinistcha|0 fnt\n|faint|p1b: Sinistcha\n|move|p2a: Venusaur|Weather Ball|p1a: Sneasler\n|-activate|p1a: Sneasler|move: Protect\n|\n|-weather|none\n|-sideend|p2: Panwu|move: Tailwind\n|upkeep\n|\n|t:|1776547044\n|switch|p1b: Corviknight|Corviknight, L50, F|100/100\n|turn|6\n|\n|t:|1776547055\n|switch|p2b: Pelipper|Pelipper, L50, F|16/100 psn\n|-weather|RainDance|[from] ability: Drizzle|[of] p2b: Pelipper\n|move|p1a: Sneasler|Gunk Shot|p2b: Pelipper|[miss]\n|-miss|p1a: Sneasler|p2b: Pelipper\n|move|p2a: Venusaur|Weather Ball|p1b: Corviknight\n|-damage|p1b: Corviknight|53/100\n|move|p1b: Corviknight|Tailwind|p1b: Corviknight\n|-sidestart|p1: kiwigal|move: Tailwind\n|\n|-weather|RainDance|[upkeep]\n|-heal|p1b: Corviknight|60/100|[from] item: Leftovers\n|-damage|p2b: Pelipper|4/100 psn|[from] psn\n|upkeep\n|turn|7\n|\n|t:|1776547084\n|move|p1a: Sneasler|Close Combat|p2b: Pelipper\n|-resisted|p2b: Pelipper|1\n|-damage|p2b: Pelipper|0 fnt\n|-unboost|p1a: Sneasler|def|1\n|-unboost|p1a: Sneasler|spd|1\n|faint|p2b: Pelipper\n|move|p1b: Corviknight|Brave Bird|p2a: Venusaur\n|-supereffective|p2a: Venusaur|1\n|-damage|p2a: Venusaur|6/100\n|-damage|p1b: Corviknight|32/100|[from] Recoil\n|move|p2a: Venusaur|Weather Ball|p1a: Sneasler\n|-damage|p1a: Sneasler|0 fnt\n|faint|p1a: Sneasler\n|\n|-weather|RainDance|[upkeep]\n|-heal|p1b: Corviknight|39/100|[from] item: Leftovers\n|upkeep\n|\n|t:|1776547093\n|switch|p1a: Garchomp|Garchomp-Mega, L50, F|4/100 frz\n|switch|p2b: Basculegion|Basculegion-F, L50, F|100/100\n|turn|8\n|\n|t:|1776547108\n|cant|p1a: Garchomp|frz\n|move|p2b: Basculegion|Muddy Water|p1a: Garchomp|[spread] p1a,p1b\n|-damage|p1a: Garchomp|0 fnt\n|-damage|p1b: Corviknight|0 fnt\n|faint|p1a: Garchomp\n|faint|p1b: Corviknight\n|\n|win|Panwu\n|n|\u2606kiwigal|kiwigal\n|n|\u2606Panwu|panwu\n|n|+Radio Free C-Side|radiofreecside\n|n| porygon-epilepz|porygonepilepz\n|n| Therazer456|therazer456\n|n| juleocesar|juleocesar\n|n| Rainpelt103|rainpelt103\n|n| ian_yo|ianyo\n|n| holdingb|holdingb\n",
  "uploadtime": 1776546848,
  "views": 15,
  "formatid": "gen9championsvgc2026regma",
  "rating": null,
  "private": 0,
  "password": null
}