{
  "id": "gen9championsvgc2026regma-2585295001",
  "format": "[Gen 9 Champions] VGC 2026 Reg M-A",
  "players": [
    "Boline",
    "literallyreuben"
  ],
  "log": "|j|\u2606Boline\n|j|\u2606literallyreuben\n|t:|1776334851\n|gametype|doubles\n|player|p1|Boline|veteran|1089\n|player|p2|literallyreuben|tuber|1051\n|gen|9\n|tier|[Gen 9 Champions] VGC 2026 Reg M-A\n|rated|\n|rule|Species Clause: Limit one of each Pok\u00e9mon\n|rule|Item Clause: Limit 1 of each item\n|clearpoke\n|poke|p1|Venusaur, L50, M|\n|poke|p1|Incineroar, L50, M|\n|poke|p1|Rotom-Wash, L50|\n|poke|p1|Garchomp, L50, M|\n|poke|p1|Sylveon, L50, F|\n|poke|p1|Tyranitar, L50, M|\n|poke|p2|Crabominable, L50, M|\n|poke|p2|Farigiraf, L50, M|\n|poke|p2|Mimikyu, L50, M|\n|poke|p2|Whimsicott, L50, M|\n|poke|p2|Drampa, L50, F|\n|poke|p2|Torkoal, L50, M|\n|teampreview|4\n|inactive|Battle timer is ON: inactive players will automatically lose when time's up. (requested by literallyreuben)\n|inactive|Boline also wants the timer to be on.\n|inactive|Boline has 60 seconds left.\n|inactive|literallyreuben has 60 seconds left.\n|\n|t:|1776334909\n|teamsize|p1|4\n|teamsize|p2|4\n|start\n|switch|p1a: Incineroar|Incineroar, L50, M|100/100\n|switch|p1b: Rotom|Rotom-Wash, L50|100/100\n|switch|p2a: Crabominable|Crabominable, L50, M, shiny|100/100\n|switch|p2b: Mimikyu|Mimikyu, L50, M, shiny|100/100\n|-ability|p1a: Incineroar|Intimidate|boost\n|-fail|p2a: Crabominable|unboost|Attack|[from] ability: Hyper Cutter|[of] p2a: Crabominable\n|-unboost|p2b: Mimikyu|atk|1\n|turn|1\n|\n|t:|1776334928\n|move|p2a: Crabominable|Protect|p2a: Crabominable\n|-singleturn|p2a: Crabominable|Protect\n|move|p1a: Incineroar|Fake Out|p2a: Crabominable\n|-activate|p2a: Crabominable|move: Protect\n|move|p1b: Rotom|Will-O-Wisp|p2a: Crabominable\n|-activate|p2a: Crabominable|move: Protect\n|move|p2b: Mimikyu|Trick Room|p2b: Mimikyu\n|-fieldstart|move: Trick Room|[of] p2b: Mimikyu\n|\n|upkeep\n|turn|2\n|inactive|literallyreuben has 30 seconds left.\n|inactive|literallyreuben has 20 seconds left.\n|inactive|literallyreuben has 15 seconds left.\n|\n|t:|1776334971\n|move|p2a: Crabominable|Drain Punch|p1a: Incineroar\n|-supereffective|p1a: Incineroar|1\n|-damage|p1a: Incineroar|22/100\n|move|p1a: Incineroar|Flare Blitz|p2a: Crabominable\n|-supereffective|p2a: Crabominable|1\n|-damage|p2a: Crabominable|0 fnt\n|faint|p2a: Crabominable\n|-damage|p1a: Incineroar|0 fnt|[from] Recoil\n|faint|p1a: Incineroar\n|move|p1b: Rotom|Will-O-Wisp|p2b: Mimikyu\n|-status|p2b: Mimikyu|brn\n|move|p2b: Mimikyu|Play Rough|p1b: Rotom\n|-crit|p1b: Rotom\n|-damage|p1b: Rotom|72/100\n|\n|-heal|p1b: Rotom|78/100|[from] item: Leftovers\n|-damage|p2b: Mimikyu|94/100 brn|[from] brn\n|upkeep\n|\n|t:|1776334993\n|switch|p2a: Drampa|Drampa, L50, F, shiny|100/100\n|switch|p1a: Venusaur|Venusaur, L50, M|100/100\n|-ability|p2a: Drampa|Cloud Nine\n|turn|3\n|\n|t:|1776335016\n|detailschange|p2a: Drampa|Drampa-Mega, L50, F, shiny\n|-mega|p2a: Drampa|Drampa|Drampanite\n|detailschange|p1a: Venusaur|Venusaur-Mega, L50, M\n|-mega|p1a: Venusaur|Venusaur|Venusaurite\n|move|p2a: Drampa|Flamethrower|p1a: Venusaur\n|-supereffective|p1a: Venusaur|1\n|-damage|p1a: Venusaur|71/100\n|move|p1b: Rotom|Will-O-Wisp|p2a: Drampa\n|-status|p2a: Drampa|brn\n|move|p1a: Venusaur|Sludge Bomb|p2a: Drampa\n|-damage|p2a: Drampa|65/100 brn\n|move|p2b: Mimikyu|Shadow Claw|p1b: Rotom\n|-damage|p1b: Rotom|67/100\n|\n|-heal|p1b: Rotom|73/100|[from] item: Leftovers\n|-damage|p2a: Drampa|59/100 brn|[from] brn\n|-damage|p2b: Mimikyu|88/100 brn|[from] brn\n|upkeep\n|turn|4\n|inactive|Boline has 30 seconds left.\n|inactive|literallyreuben has 30 seconds left.\n|\n|t:|1776335049\n|switch|p2b: Farigiraf|Farigiraf, L50, M, shiny|100/100\n|move|p2a: Drampa|Hyper Voice|p1a: Venusaur|[spread] p1a,p1b\n|-damage|p1a: Venusaur|40/100\n|-damage|p1b: Rotom|40/100\n|move|p1b: Rotom|Hydro Pump|p2a: Drampa\n|-resisted|p2a: Drampa|1\n|-damage|p2a: Drampa|41/100 brn\n|-ability|p2a: Drampa|Berserk|boost\n|-boost|p2a: Drampa|spa|1\n|move|p1a: Venusaur|Sludge Bomb|p2a: Drampa\n|-damage|p2a: Drampa|8/100 brn\n|\n|-heal|p1b: Rotom|46/100|[from] item: Leftovers\n|-damage|p2a: Drampa|2/100 brn|[from] brn\n|upkeep\n|turn|5\n|\n|t:|1776335069\n|move|p1b: Rotom|Protect|p1b: Rotom\n|-singleturn|p1b: Rotom|Protect\n|move|p1a: Venusaur|Protect|p1a: Venusaur\n|-singleturn|p1a: Venusaur|Protect\n|move|p2a: Drampa|Hyper Voice|p1b: Rotom|[spread] \n|-activate|p1a: Venusaur|move: Protect\n|-activate|p1b: Rotom|move: Protect\n|move|p2b: Farigiraf|Psychic|p1a: Venusaur\n|-activate|p1a: Venusaur|move: Protect\n|\n|-heal|p1b: Rotom|51/100|[from] item: Leftovers\n|-damage|p2a: Drampa|0 fnt|[from] brn\n|faint|p2a: Drampa\n|-fieldend|move: Trick Room\n|upkeep\n|\n|t:|1776335075\n|switch|p2a: Mimikyu|Mimikyu, L50, M, shiny|88/100 brn\n|turn|6\n|\n|t:|1776335094\n|switch|p1a: Tyranitar|Tyranitar, L50, M|100/100\n|-weather|Sandstorm|[from] ability: Sand Stream|[of] p1a: Tyranitar\n|move|p2b: Farigiraf|Protect|p2b: Farigiraf\n|-singleturn|p2b: Farigiraf|Protect\n|move|p1b: Rotom|Thunderbolt|p2b: Farigiraf\n|-activate|p2b: Farigiraf|move: Protect\n|move|p2a: Mimikyu|Trick Room|p2a: Mimikyu\n|-fieldstart|move: Trick Room|[of] p2a: Mimikyu\n|\n|-weather|Sandstorm|[upkeep]\n|-damage|p2b: Farigiraf|94/100|[from] Sandstorm\n|-damage|p1b: Rotom|46/100|[from] Sandstorm\n|-damage|p2a: Mimikyu|82/100 brn|[from] Sandstorm\n|-heal|p1b: Rotom|51/100|[from] item: Leftovers\n|-damage|p2a: Mimikyu|76/100 brn|[from] brn\n|upkeep\n|turn|7\n|\n|t:|1776335117\n|move|p2b: Farigiraf|Hyper Voice|p1b: Rotom|[spread] p1a,p1b\n|-resisted|p1a: Tyranitar|1\n|-damage|p1a: Tyranitar|92/100\n|-damage|p1b: Rotom|32/100\n|move|p1b: Rotom|Will-O-Wisp|p2b: Farigiraf\n|-status|p2b: Farigiraf|brn\n|move|p2a: Mimikyu|Play Rough|p1a: Tyranitar\n|-supereffective|p1a: Tyranitar|1\n|-damage|p1a: Tyranitar|56/100\n|move|p1a: Tyranitar|Rock Slide|p2b: Farigiraf|[spread] p2a,p2b\n|-activate|p2a: Mimikyu|ability: Disguise\n|-damage|p2a: Mimikyu|76/100 brn\n|-damage|p2b: Farigiraf|68/100 brn\n|detailschange|p2a: Mimikyu|Mimikyu-Busted, L50, M, shiny\n|-damage|p2a: Mimikyu|63/100 brn|[from] pokemon: Mimikyu-Busted\n|\n|-weather|Sandstorm|[upkeep]\n|-damage|p2b: Farigiraf|62/100 brn|[from] Sandstorm\n|-damage|p1b: Rotom|26/100|[from] Sandstorm\n|-damage|p2a: Mimikyu|57/100 brn|[from] Sandstorm\n|-heal|p1b: Rotom|32/100|[from] item: Leftovers\n|-damage|p2b: Farigiraf|56/100 brn|[from] brn\n|-damage|p2a: Mimikyu|51/100 brn|[from] brn\n|upkeep\n|turn|8\n|inactive|Boline has 30 seconds left.\n|\n|t:|1776335146\n|move|p2b: Farigiraf|Psychic|p1b: Rotom\n|-damage|p1b: Rotom|0 fnt\n|faint|p1b: Rotom\n|move|p2a: Mimikyu|Play Rough|p1a: Tyranitar\n|-supereffective|p1a: Tyranitar|1\n|-damage|p1a: Tyranitar|23/100\n|move|p1a: Tyranitar|Rock Slide|p2a: Mimikyu|[spread] p2b\n|-miss|p1a: Tyranitar|p2a: Mimikyu\n|-damage|p2b: Farigiraf|27/100 brn\n|\n|-weather|Sandstorm|[upkeep]\n|-damage|p2b: Farigiraf|21/100 brn|[from] Sandstorm\n|-damage|p2a: Mimikyu|45/100 brn|[from] Sandstorm\n|-enditem|p2a: Mimikyu|Sitrus Berry|[eat]\n|-heal|p2a: Mimikyu|70/100 brn|[from] item: Sitrus Berry\n|-damage|p2b: Farigiraf|15/100 brn|[from] brn\n|-damage|p2a: Mimikyu|63/100 brn|[from] brn\n|upkeep\n|\n|t:|1776335153\n|switch|p1b: Venusaur|Venusaur-Mega, L50, M|40/100\n|turn|9\n|\n|t:|1776335170\n|move|p1b: Venusaur|Protect|p1b: Venusaur\n|-singleturn|p1b: Venusaur|Protect\n|move|p2b: Farigiraf|Psychic|p1b: Venusaur\n|-activate|p1b: Venusaur|move: Protect\n|move|p2a: Mimikyu|Play Rough|p1a: Tyranitar\n|-supereffective|p1a: Tyranitar|1\n|-damage|p1a: Tyranitar|0 fnt\n|faint|p1a: Tyranitar\n|\n|-weather|Sandstorm|[upkeep]\n|-damage|p2b: Farigiraf|9/100 brn|[from] Sandstorm\n|-damage|p1b: Venusaur|34/100|[from] Sandstorm\n|-damage|p2a: Mimikyu|57/100 brn|[from] Sandstorm\n|-damage|p2b: Farigiraf|3/100 brn|[from] brn\n|-damage|p2a: Mimikyu|51/100 brn|[from] brn\n|upkeep\n|turn|10\n|inactive|Boline has 30 seconds left.\n|\n|t:|1776335199\n|move|p1b: Venusaur|Protect|p1b: Venusaur\n|-singleturn|p1b: Venusaur|Protect\n|move|p2b: Farigiraf|Psychic|p1b: Venusaur\n|-activate|p1b: Venusaur|move: Protect\n|move|p2a: Mimikyu|Shadow Claw|p1b: Venusaur\n|-activate|p1b: Venusaur|move: Protect\n|\n|-weather|none\n|-damage|p2b: Farigiraf|0 fnt|[from] brn\n|faint|p2b: Farigiraf\n|-damage|p2a: Mimikyu|45/100 brn|[from] brn\n|-fieldend|move: Trick Room\n|upkeep\n|turn|11\n|\n|t:|1776335215\n|move|p2a: Mimikyu|Shadow Claw|p1b: Venusaur\n|-damage|p1b: Venusaur|23/100\n|move|p1b: Venusaur|Giga Drain|p2a: Mimikyu\n|-damage|p2a: Mimikyu|12/100 brn\n|-heal|p1b: Venusaur|38/100|[from] drain|[of] p2a: Mimikyu\n|\n|-damage|p2a: Mimikyu|5/100 brn|[from] brn\n|upkeep\n|turn|12\n|\n|t:|1776335222\n|move|p1b: Venusaur|Protect|p1b: Venusaur\n|-singleturn|p1b: Venusaur|Protect\n|move|p2a: Mimikyu|Shadow Claw|p1b: Venusaur\n|-activate|p1b: Venusaur|move: Protect\n|\n|-damage|p2a: Mimikyu|0 fnt|[from] brn\n|faint|p2a: Mimikyu\n|\n|win|Boline\n|raw|Boline's rating: 1089 &rarr; <strong>1113</strong><br />(+24 for winning)\n|raw|literallyreuben's rating: 1051 &rarr; <strong>1035</strong><br />(-16 for losing)\n|l|\u2606literallyreuben\n|player|p2|\n",
  "uploadtime": 1776335268,
  "views": 23,
  "formatid": "gen9championsvgc2026regma",
  "rating": 1035,
  "private": 0,
  "password": null
}