{
  "id": "gen9championsvgc2026regma-2586602118",
  "format": "[Gen 9 Champions] VGC 2026 Reg M-A",
  "players": [
    "SlavMilk",
    "Jirotz"
  ],
  "log": "|j|\u2606SlavMilk\n|j|\u2606Jirotz\n|t:|1776446059\n|gametype|doubles\n|player|p1|SlavMilk|zinzolin|1079\n|player|p2|Jirotz|volkner|1000\n|gen|9\n|tier|[Gen 9 Champions] VGC 2026 Reg M-A\n|rated|\n|rule|Species Clause: Limit one of each Pok\u00e9mon\n|rule|Item Clause: Limit 1 of each item\n|clearpoke\n|poke|p1|Floette-Eternal, L50, F|\n|poke|p1|Maushold-Four, L50|\n|poke|p1|Talonflame, L50, F|\n|poke|p1|Garchomp, L50, F|\n|poke|p1|Rotom-Wash, L50|\n|poke|p1|Aegislash, L50, F|\n|poke|p2|Meganium, L50, M|\n|poke|p2|Incineroar, L50, M|\n|poke|p2|Dragonite, L50, M|\n|poke|p2|Archaludon, L50, F|\n|poke|p2|Pelipper, L50, F|\n|poke|p2|Basculegion, L50, M|\n|teampreview|4\nJirotz rejected open team sheets.\n|c|\u2606SlavMilk|BRUH\n|c|\u2606SlavMilk|hurry up\n|inactive|Battle timer is ON: inactive players will automatically lose when time's up. (requested by Jirotz)\n|c|\u2606SlavMilk|im in class\n|c|\u2606SlavMilk|i have to present soon\n|\n|t:|1776446140\n|teamsize|p1|4\n|teamsize|p2|4\n|start\n|switch|p1a: Talonflame|Talonflame, L50, F, shiny|100/100\n|switch|p1b: Rotom|Rotom-Wash, L50, shiny|100/100\n|switch|p2a: Incineroar|Incineroar, L50, M|100/100\n|switch|p2b: Pelipper|Pelipper, L50, F|100/100\n|-weather|RainDance|[from] ability: Drizzle|[of] p2b: Pelipper\n|-ability|p2a: Incineroar|Intimidate|boost\n|-unboost|p1a: Talonflame|atk|1\n|-unboost|p1b: Rotom|atk|1\n|turn|1\n|inactive|SlavMilk has 30 seconds left.\n|inactive|SlavMilk has 20 seconds left.\n|\n|t:|1776446178\n|switch|p2b: Archaludon|Archaludon, L50, F|100/100\n|move|p2a: Incineroar|Fake Out|p1a: Talonflame\n|-damage|p1a: Talonflame|82/100\n|cant|p1a: Talonflame|flinch\n|move|p1b: Rotom|Thunderbolt|p2b: Archaludon\n|-resisted|p2b: Archaludon|1\n|-damage|p2b: Archaludon|71/100\n|-ability|p2b: Archaludon|Stamina|boost\n|-boost|p2b: Archaludon|def|1\n|\n|-weather|RainDance|[upkeep]\n|upkeep\n|turn|2\n|inactive|SlavMilk has 30 seconds left.\n|inactive|Jirotz has 30 seconds left.\n|\n|t:|1776446212\n|move|p1a: Talonflame|Tailwind|p1a: Talonflame\n|-sidestart|p1: SlavMilk|move: Tailwind\n|move|p1b: Rotom|Hydro Pump|p2a: Incineroar\n|-supereffective|p2a: Incineroar|1\n|-damage|p2a: Incineroar|0 fnt\n|faint|p2a: Incineroar\n|move|p2b: Archaludon|Electro Shot||[still]\n|-prepare|p2b: Archaludon|Electro Shot\n|-boost|p2b: Archaludon|spa|1\n|-anim|p2b: Archaludon|Electro Shot|p1b: Rotom\n|-damage|p1b: Rotom|25/100\n|-enditem|p1b: Rotom|Sitrus Berry|[eat]\n|-heal|p1b: Rotom|50/100|[from] item: Sitrus Berry\n|\n|-weather|RainDance|[upkeep]\n|upkeep\n|\n|t:|1776446224\n|switch|p2a: Meganium|Meganium, L50, M|100/100\n|turn|3\n|\n|t:|1776446245\n|detailschange|p2a: Meganium|Meganium-Mega, L50, M\n|-mega|p2a: Meganium|Meganium|Meganiumite\n|move|p1a: Talonflame|Flare Blitz|p2a: Meganium\n|-supereffective|p2a: Meganium|1\n|-damage|p2a: Meganium|75/100\n|-damage|p1a: Talonflame|72/100|[from] Recoil\n|move|p1b: Rotom|Volt Switch|p2b: Archaludon\n|-resisted|p2b: Archaludon|1\n|-damage|p2b: Archaludon|49/100\n|-ability|p2b: Archaludon|Stamina|boost\n|-boost|p2b: Archaludon|def|1\n|\n|t:|1776446254\n|switch|p1b: Garchomp|Garchomp, L50, F, shiny|100/100|[from] Volt Switch\n|move|p2b: Archaludon|Electro Shot||[still]\n|-prepare|p2b: Archaludon|Electro Shot\n|-boost|p2b: Archaludon|spa|1\n|-anim|p2b: Archaludon|Electro Shot|p1b: Garchomp\n|-immune|p1b: Garchomp\n|move|p2a: Meganium|Dazzling Gleam|p1b: Garchomp|[spread] p1a,p1b\n|-resisted|p1a: Talonflame|1\n|-supereffective|p1b: Garchomp|1\n|-damage|p1a: Talonflame|42/100\n|-damage|p1b: Garchomp|25/100\n|\n|-weather|RainDance|[upkeep]\n|upkeep\n|turn|4\n|inactive|Jirotz has 30 seconds left.\n|\n|t:|1776446281\n|move|p2b: Archaludon|Protect|p2b: Archaludon\n|-singleturn|p2b: Archaludon|Protect\n|move|p1a: Talonflame|Acrobatics|p2a: Meganium\n|-supereffective|p2a: Meganium|1\n|-damage|p2a: Meganium|23/100\n|move|p1b: Garchomp|Earthquake|p2a: Meganium|[spread] p2a\n|-activate|p2b: Archaludon|move: Protect\n|-immune|p1a: Talonflame\n|-resisted|p2a: Meganium|1\n|-damage|p2a: Meganium|4/100\n|move|p2a: Meganium|Dazzling Gleam|p1a: Talonflame|[spread] p1a,p1b\n|-resisted|p1a: Talonflame|1\n|-supereffective|p1b: Garchomp|1\n|-damage|p1a: Talonflame|15/100\n|-damage|p1b: Garchomp|0 fnt\n|faint|p1b: Garchomp\n|\n|-weather|RainDance|[upkeep]\n|upkeep\n|\n|t:|1776446294\n|switch|p1b: Aegislash|Aegislash, L50, F, shiny|100/100\n|turn|5\n|\n|t:|1776446315\n|move|p2a: Meganium|Protect|p2a: Meganium\n|-singleturn|p2a: Meganium|Protect\n|-formechange|p1b: Aegislash|Aegislash-Blade|\n|move|p1b: Aegislash|Shadow Sneak|p2a: Meganium\n|-activate|p2a: Meganium|move: Protect\n|move|p1a: Talonflame|Flare Blitz|p2b: Archaludon\n|-damage|p2b: Archaludon|44/100\n|-ability|p2b: Archaludon|Stamina|boost\n|-boost|p2b: Archaludon|def|1\n|-damage|p1a: Talonflame|13/100|[from] Recoil\n|move|p2b: Archaludon|Draco Meteor|p1b: Aegislash|[miss]\n|-miss|p2b: Archaludon|p1b: Aegislash\n|\n|-weather|none\n|-sideend|p1: SlavMilk|move: Tailwind\n|upkeep\n|turn|6\n|inactive|Jirotz has 30 seconds left.\n|\n|t:|1776446342\n|switch|p2a: Pelipper|Pelipper, L50, F|100/100\n|-weather|RainDance|[from] ability: Drizzle|[of] p2a: Pelipper\n|-formechange|p1b: Aegislash|Aegislash|\n|move|p1b: Aegislash|King's Shield|p1b: Aegislash\n|-singleturn|p1b: Aegislash|Protect\n|move|p1a: Talonflame|Acrobatics|p2a: Pelipper\n|-damage|p2a: Pelipper|67/100\n|move|p2b: Archaludon|Electro Shot||[still]\n|-prepare|p2b: Archaludon|Electro Shot\n|-boost|p2b: Archaludon|spa|1\n|-anim|p2b: Archaludon|Electro Shot|p1b: Aegislash\n|-activate|p1b: Aegislash|move: Protect\n|\n|-weather|RainDance|[upkeep]\n|upkeep\n|turn|7\n|\n|t:|1776446366\n|move|p1a: Talonflame|Tailwind|p1a: Talonflame\n|-sidestart|p1: SlavMilk|move: Tailwind\n|-formechange|p1b: Aegislash|Aegislash-Blade|\n|move|p1b: Aegislash|Poltergeist|p2a: Pelipper\n|-activate|p2a: Pelipper|move: Poltergeist|Focus Sash\n|-damage|p2a: Pelipper|0 fnt\n|faint|p2a: Pelipper\n|move|p2b: Archaludon|Electro Shot||[still]\n|-prepare|p2b: Archaludon|Electro Shot\n|-boost|p2b: Archaludon|spa|1\n|-anim|p2b: Archaludon|Electro Shot|p1b: Aegislash\n|-damage|p1b: Aegislash|0 fnt\n|faint|p1b: Aegislash\n|\n|-weather|RainDance|[upkeep]\n|upkeep\n|\n|t:|1776446380\n|switch|p2a: Meganium|Meganium-Mega, L50, M|4/100\n|switch|p1b: Rotom|Rotom-Wash, L50, shiny|50/100\n|turn|8\n|\n|t:|1776446395\n|move|p2a: Meganium|Protect|p2a: Meganium\n|-singleturn|p2a: Meganium|Protect\n|move|p1a: Talonflame|Acrobatics|p2a: Meganium\n|-activate|p2a: Meganium|move: Protect\n|move|p1b: Rotom|Hydro Pump|p2b: Archaludon|[miss]\n|-miss|p1b: Rotom|p2b: Archaludon\n|move|p2b: Archaludon|Electro Shot||[still]\n|-prepare|p2b: Archaludon|Electro Shot\n|-boost|p2b: Archaludon|spa|1\n|-anim|p2b: Archaludon|Electro Shot|p1b: Rotom\n|-damage|p1b: Rotom|0 fnt\n|faint|p1b: Rotom\n|\n|-weather|RainDance|[upkeep]\n|upkeep\n|turn|9\n|\n|t:|1776446412\n|move|p1a: Talonflame|Acrobatics|p2a: Meganium\n|-supereffective|p2a: Meganium|1\n|-damage|p2a: Meganium|0 fnt\n|faint|p2a: Meganium\n|move|p2b: Archaludon|Electro Shot||[still]\n|-prepare|p2b: Archaludon|Electro Shot\n|-boost|p2b: Archaludon|spa|1\n|-anim|p2b: Archaludon|Electro Shot|p1a: Talonflame\n|-supereffective|p1a: Talonflame|1\n|-damage|p1a: Talonflame|0 fnt\n|faint|p1a: Talonflame\n|\n|win|Jirotz\n|raw|SlavMilk's rating: 1079 &rarr; <strong>1052</strong><br />(-27 for losing)\n|raw|Jirotz's rating: 1000 &rarr; <strong>1049</strong><br />(+49 for winning)\n",
  "uploadtime": 1776446430,
  "views": 23,
  "formatid": "gen9championsvgc2026regma",
  "rating": 1049,
  "private": 0,
  "password": null
}