{
  "id": "gen9championsvgc2026regma-2583245634",
  "format": "[Gen 9 Champions] VGC 2026 Reg M-A",
  "players": [
    "malucy",
    "qbqj"
  ],
  "log": "|j|\u2606malucy\n|j|\u2606qbqj\n|t:|1776159008\n|gametype|doubles\n|player|p1|malucy|266|1043\n|player|p2|qbqj|rosa|1077\n|gen|9\n|tier|[Gen 9 Champions] VGC 2026 Reg M-A\n|rated|\n|rule|Species Clause: Limit one of each Pok\u00e9mon\n|rule|Item Clause: Limit 1 of each item\n|clearpoke\n|poke|p1|Archaludon, L50, F|\n|poke|p1|Blastoise, L50, M|\n|poke|p1|Greninja-*, L50, F|\n|poke|p1|Aerodactyl, L50, M|\n|poke|p1|Ceruledge, L50, M|\n|poke|p1|Whimsicott, L50, M|\n|poke|p2|Gengar, L50, M|\n|poke|p2|Incineroar, L50, F|\n|poke|p2|Aerodactyl, L50, F|\n|poke|p2|Kingambit, L50, F|\n|poke|p2|Sneasler, L50, F|\n|poke|p2|Ditto, L50|\n|teampreview|4\n|inactive|Battle timer is ON: inactive players will automatically lose when time's up. (requested by qbqj)\n|\n|t:|1776159043\n|teamsize|p1|4\n|teamsize|p2|4\n|start\n|switch|p1a: Greninja|Greninja, L50, F|100/100\n|switch|p1b: Ceruledge|Ceruledge, L50, M|100/100\n|switch|p2a: Gengar|Gengar, L50, M, shiny|100/100\n|switch|p2b: Sneasler|Sneasler, L50, F|100/100\n|turn|1\n|\n|t:|1776159068\n|detailschange|p2a: Gengar|Gengar-Mega, L50, M, shiny\n|-mega|p2a: Gengar|Gengar|Gengarite\n|move|p2a: Gengar|Protect|p2a: Gengar\n|-singleturn|p2a: Gengar|Protect\n|move|p1a: Greninja|Protect|p1a: Greninja\n|-start|p1a: Greninja|typechange|Normal|[from] ability: Protean\n|-singleturn|p1a: Greninja|Protect\n|move|p2b: Sneasler|Close Combat|p1a: Greninja\n|-activate|p1a: Greninja|move: Protect\n|move|p1b: Ceruledge|Psycho Cut|p2b: Sneasler\n|-supereffective|p2b: Sneasler|2\n|-crit|p2b: Sneasler\n|-damage|p2b: Sneasler|0 fnt\n|faint|p2b: Sneasler\n|\n|upkeep\n|\n|t:|1776159081\n|switch|p2b: Kingambit|Kingambit, L50, F|100/100\n|turn|2\n|\n|t:|1776159101\n|detailschange|p1a: Greninja|Greninja-Mega, L50, F\n|-mega|p1a: Greninja|Greninja|Greninjite\n|move|p1a: Greninja|Upper Hand|p2b: Kingambit\n|-start|p1a: Greninja|typechange|Fighting|[from] ability: Protean\n|-supereffective|p2b: Kingambit|2\n|-damage|p2b: Kingambit|13/100\n|cant|p2b: Kingambit|flinch\n|move|p2a: Gengar|Shadow Ball|p1b: Ceruledge\n|-supereffective|p1b: Ceruledge|1\n|-damage|p1b: Ceruledge|0 fnt\n|faint|p1b: Ceruledge\n|\n|upkeep\n|\n|t:|1776159113\n|switch|p1b: Aerodactyl|Aerodactyl, L50, M|100/100\n|-ability|p1b: Aerodactyl|Unnerve\n|turn|3\n|\n|t:|1776159128\n|switch|p2b: Ditto|Ditto, L50, shiny|100/100\n|-transform|p2b: Ditto|p1a: Greninja|[from] ability: Imposter\n|move|p1a: Greninja|Upper Hand||[still]\n|-fail|p1a: Greninja\n|move|p1b: Aerodactyl|Tailwind|p1b: Aerodactyl\n|-sidestart|p1: malucy|move: Tailwind\n|move|p2a: Gengar|Perish Song|p2a: Gengar\n|-start|p1a: Greninja|perish3|[silent]\n|-start|p1b: Aerodactyl|perish3|[silent]\n|-start|p2a: Gengar|perish3|[silent]\n|-start|p2b: Ditto|perish3|[silent]\n|-fieldactivate|move: Perish Song\n|\n|-start|p1b: Aerodactyl|perish3\n|-start|p1a: Greninja|perish3\n|-start|p2b: Ditto|perish3\n|-start|p2a: Gengar|perish3\n|upkeep\n|turn|4\n|\n|t:|1776159153\n|move|p2b: Ditto|Upper Hand|p1a: Greninja\n|-damage|p1a: Greninja|65/100\n|cant|p1a: Greninja|flinch\n|move|p1b: Aerodactyl|Dual Wingbeat|p2b: Ditto\n|-supereffective|p2b: Ditto|1\n|-damage|p2b: Ditto|45/100\n|-supereffective|p2b: Ditto|1\n|-crit|p2b: Ditto\n|-damage|p2b: Ditto|0 fnt\n|faint|p2b: Ditto\n|-hitcount|p2: Ditto|2\n|move|p2a: Gengar|Shadow Ball|p1b: Aerodactyl\n|-damage|p1b: Aerodactyl|13/100\n|\n|-start|p1b: Aerodactyl|perish2\n|-start|p1a: Greninja|perish2\n|-start|p2a: Gengar|perish2\n|upkeep\n|\n|t:|1776159158\n|switch|p2b: Kingambit|Kingambit, L50, F|13/100\n|turn|5\n|-message|qbqj forfeited.\n|\n|win|malucy\n|raw|malucy's rating: 1043 &rarr; <strong>1080</strong><br />(+37 for winning)\n|raw|qbqj's rating: 1077 &rarr; <strong>1053</strong><br />(-24 for losing)\n|l|\u2606qbqj\n|player|p2|\n",
  "uploadtime": 1776159173,
  "views": 17,
  "formatid": "gen9championsvgc2026regma",
  "rating": 1053,
  "private": 0,
  "password": null
}