{
  "id": "gen9championsvgc2026regma-2586871485",
  "format": "[Gen 9 Champions] VGC 2026 Reg M-A",
  "players": [
    "zCamii",
    "Danielopi"
  ],
  "log": "|j|\u2606zCamii\n|j|\u2606Danielopi\n|t:|1776467162\n|gametype|doubles\n|player|p1|zCamii|iono-masters|1150\n|player|p2|Danielopi|pokemaniac|1165\n|gen|9\n|tier|[Gen 9 Champions] VGC 2026 Reg M-A\n|rated|\n|rule|Species Clause: Limit one of each Pok\u00e9mon\n|rule|Item Clause: Limit 1 of each item\n|clearpoke\n|poke|p1|Torkoal, L50, M|\n|poke|p1|Typhlosion-Hisui, L50, M|\n|poke|p1|Hydreigon, L50, F|\n|poke|p1|Sneasler, L50, M|\n|poke|p1|Primarina, L50, M|\n|poke|p1|Meganium, L50, F|\n|poke|p2|Whimsicott, L50, F|\n|poke|p2|Incineroar, L50, M|\n|poke|p2|Floette-Eternal, L50, F|\n|poke|p2|Palafin, L50, M|\n|poke|p2|Gengar, L50, M|\n|poke|p2|Politoed, L50, M|\n|teampreview|4\n|inactive|Battle timer is ON: inactive players will automatically lose when time's up. (requested by Danielopi)\n|inactive|zCamii also wants the timer to be on.\n|inactive|Danielopi has 60 seconds left.\n|\n|t:|1776467196\n|teamsize|p1|4\n|teamsize|p2|4\n|start\n|switch|p1a: Hydreigon|Hydreigon, L50, F|100/100\n|switch|p1b: Sneasler|Sneasler, L50, M|100/100\n|switch|p2a: Floette|Floette-Eternal, L50, F|100/100\n|switch|p2b: Gengar|Gengar, L50, M|100/100\n|turn|1\n|\n|t:|1776467215\n|switch|p2b: Whimsicott|Whimsicott, L50, F|100/100\n|move|p1b: Sneasler|Fake Out|p2a: Floette\n|-damage|p2a: Floette|80/100\n|move|p1a: Hydreigon|Tailwind|p1a: Hydreigon\n|-sidestart|p1: zCamii|move: Tailwind\n|cant|p2a: Floette|flinch\n|\n|upkeep\n|turn|2\n|\n|t:|1776467235\n|move|p2b: Whimsicott|Tailwind|p2b: Whimsicott\n|-sidestart|p2: Danielopi|move: Tailwind\n|move|p1b: Sneasler|Dire Claw|p2a: Floette\n|-supereffective|p2a: Floette|1\n|-damage|p2a: Floette|0 fnt\n|faint|p2a: Floette\n|move|p1a: Hydreigon|Heat Wave|p2b: Whimsicott\n|-supereffective|p2b: Whimsicott|1\n|-damage|p2b: Whimsicott|29/100\n|\n|upkeep\n|\n|t:|1776467242\n|switch|p2a: Gengar|Gengar, L50, M|100/100\n|turn|3\n|\n|t:|1776467261\n|switch|p1a: Meganium|Meganium, L50, F|100/100\n|detailschange|p2a: Gengar|Gengar-Mega, L50, M\n|-mega|p2a: Gengar|Gengar|Gengarite\n|move|p2b: Whimsicott|Encore|p1b: Sneasler\n|-start|p1b: Sneasler|Encore\n|move|p2a: Gengar|Psychic|p1b: Sneasler\n|-supereffective|p1b: Sneasler|2\n|-enditem|p1b: Sneasler|Focus Sash\n|-damage|p1b: Sneasler|1/100\n|move|p1b: Sneasler|Dire Claw|p2a: Gengar\n|-resisted|p2a: Gengar|2\n|-damage|p2a: Gengar|86/100\n|\n|upkeep\n|turn|4\n|inactive|Danielopi has 30 seconds left.\n|\n|t:|1776467287\n|switch|p2b: Politoed|Politoed, L50, M|100/100\n|-weather|RainDance|[from] ability: Drizzle|[of] p2b: Politoed\n|detailschange|p1a: Meganium|Meganium-Mega, L50, F\n|-mega|p1a: Meganium|Meganium|Meganiumite\n|move|p1b: Sneasler|Dire Claw|p2b: Politoed\n|-damage|p2b: Politoed|58/100\n|move|p2a: Gengar|Sludge Bomb|p1a: Meganium\n|-supereffective|p1a: Meganium|2\n|-damage|p1a: Meganium|0 fnt\n|faint|p1a: Meganium\n|\n|-weather|RainDance|[upkeep]\n|-heal|p2b: Politoed|64/100|[from] item: Leftovers\n|-sideend|p1: zCamii|move: Tailwind\n|upkeep\n|\n|t:|1776467304\n|switch|p1a: Primarina|Primarina, L50, M, shiny|100/100\n|turn|5\n|\n|t:|1776467317\n|switch|p2a: Whimsicott|Whimsicott, L50, F|29/100\n|move|p1a: Primarina|Protect|p1a: Primarina\n|-singleturn|p1a: Primarina|Protect\n|move|p1b: Sneasler|Dire Claw|p2b: Politoed\n|-crit|p2b: Politoed\n|-damage|p2b: Politoed|2/100\n|move|p2b: Politoed|Weather Ball|p1b: Sneasler\n|-damage|p1b: Sneasler|0 fnt\n|faint|p1b: Sneasler\n|\n|-weather|RainDance|[upkeep]\n|-heal|p2b: Politoed|8/100|[from] item: Leftovers\n|-sideend|p2: Danielopi|move: Tailwind\n|upkeep\n|\n|t:|1776467326\n|switch|p1b: Hydreigon|Hydreigon, L50, F|100/100\n|turn|6\n|\n|t:|1776467338\n|move|p2a: Whimsicott|Tailwind|p2a: Whimsicott\n|-sidestart|p2: Danielopi|move: Tailwind\n|move|p2b: Politoed|Perish Song|p2b: Politoed\n|-start|p1a: Primarina|perish3|[silent]\n|-start|p1b: Hydreigon|perish3|[silent]\n|-start|p2a: Whimsicott|perish3|[silent]\n|-start|p2b: Politoed|perish3|[silent]\n|-fieldactivate|move: Perish Song\n|move|p1b: Hydreigon|Tailwind|p1b: Hydreigon\n|-sidestart|p1: zCamii|move: Tailwind\n|move|p1a: Primarina|Dazzling Gleam|p2a: Whimsicott|[spread] p2a,p2b\n|-damage|p2a: Whimsicott|0 fnt\n|-damage|p2b: Politoed|0 fnt\n|faint|p2a: Whimsicott\n|faint|p2b: Politoed\n|\n|-weather|RainDance|[upkeep]\n|-start|p1b: Hydreigon|perish3\n|-start|p1a: Primarina|perish3\n|upkeep\n|\n|t:|1776467348\n|switch|p2b: Gengar|Gengar-Mega, L50, M|86/100\n|turn|7\n|\n|t:|1776467354\n|move|p2b: Gengar|Protect|p2b: Gengar\n|-singleturn|p2b: Gengar|Protect\n|move|p1b: Hydreigon|Dark Pulse|p2b: Gengar\n|-activate|p2b: Gengar|move: Protect\n|move|p1a: Primarina|Hyper Voice|p2b: Gengar\n|-activate|p2b: Gengar|move: Protect\n|\n|-weather|RainDance|[upkeep]\n|-start|p1b: Hydreigon|perish2\n|-start|p1a: Primarina|perish2\n|upkeep\n|turn|8\n|\n|t:|1776467367\n|move|p2b: Gengar|Sludge Bomb|p1a: Primarina\n|-supereffective|p1a: Primarina|1\n|-damage|p1a: Primarina|17/100\n|move|p1b: Hydreigon|Dark Pulse|p2b: Gengar\n|-supereffective|p2b: Gengar|1\n|-damage|p2b: Gengar|0 fnt\n|faint|p2b: Gengar\n|\n|win|zCamii\n|raw|zCamii's rating: 1150 &rarr; <strong>1176</strong><br />(+26 for winning)\n|raw|Danielopi's rating: 1165 &rarr; <strong>1139</strong><br />(-26 for losing)\n|l|\u2606Danielopi\n|player|p2|\n|j| SakikoPlushie\n",
  "uploadtime": 1776467443,
  "views": 24,
  "formatid": "gen9championsvgc2026regma",
  "rating": 1139,
  "private": 0,
  "password": null
}