{
  "id": "gen9championsvgc2026regma-2585769359",
  "format": "[Gen 9 Champions] VGC 2026 Reg M-A",
  "players": [
    "Draxolotl",
    "Bulaba"
  ],
  "log": "|j|\u2606Draxolotl\n|j|\u2606Bulaba\n|t:|1776369330\n|gametype|doubles\n|player|p1|Draxolotl|pokefanf|\n|player|p2|Bulaba|hilbert|\n|gen|9\n|tier|[Gen 9 Champions] VGC 2026 Reg M-A\n|rated|Tournament battle\n|rule|Species Clause: Limit one of each Pok\u00e9mon\n|rule|Item Clause: Limit 1 of each item\n|raw|<div class=\"infobox\"><details class=\"readmore\" open><summary><strong>1 custom rule:</strong></summary> !open team sheets</details></div>\n|clearpoke\n|poke|p1|Scovillain, L50, M|\n|poke|p1|Farigiraf, L50, M|\n|poke|p1|Torkoal, L50, M|\n|poke|p1|Incineroar, L50, M|\n|poke|p1|Crabominable, L50, M|\n|poke|p1|Gallade, L50, M|\n|poke|p2|Gengar, L50, F|\n|poke|p2|Incineroar, L50, F|\n|poke|p2|Espathra, L50, F|\n|poke|p2|Milotic, L50, M|\n|poke|p2|Sneasler, L50, M|\n|poke|p2|Venusaur, L50, F|\n|teampreview|4\n|inactive|Battle timer is ON: inactive players will automatically lose when time's up. (requested by Bulaba)\n|j| grime wizard\n|j| Kommunikation\n|inactive|Bulaba has 60 seconds left.\n|j| Indigo Crisp\n|inactive|Bulaba has 30 seconds left.\n|\n|t:|1776369401\n|teamsize|p1|4\n|teamsize|p2|4\n|start\n|switch|p1a: Incineroar|Incineroar, L50, M|100/100\n|switch|p1b: Farigiraf|Farigiraf, L50, M|100/100\n|switch|p2a: Gengar|Gengar, L50, F, shiny|100/100\n|switch|p2b: Milotic|Milotic, L50, M|100/100\n|-ability|p1a: Incineroar|Intimidate|boost\n|-unboost|p2a: Gengar|atk|1\n|-unboost|p2b: Milotic|atk|1\n|-ability|p2b: Milotic|Competitive|boost\n|-boost|p2b: Milotic|spa|2\n|turn|1\n|\n|t:|1776369422\n|detailschange|p2a: Gengar|Gengar-Mega, L50, F, shiny\n|-mega|p2a: Gengar|Gengar|Gengarite\n|move|p1a: Incineroar|Fake Out|p2b: Milotic\n|-damage|p2b: Milotic|90/100\n|move|p2a: Gengar|Perish Song|p2a: Gengar\n|-start|p1a: Incineroar|perish3|[silent]\n|-start|p1b: Farigiraf|perish3|[silent]\n|-start|p2a: Gengar|perish3|[silent]\n|-start|p2b: Milotic|perish3|[silent]\n|-fieldactivate|move: Perish Song\n|cant|p2b: Milotic|flinch\n|move|p1b: Farigiraf|Trick Room|p1b: Farigiraf\n|-fieldstart|move: Trick Room|[of] p1b: Farigiraf\n|\n|-heal|p2b: Milotic|96/100|[from] item: Leftovers\n|-start|p1b: Farigiraf|perish3\n|-start|p1a: Incineroar|perish3\n|-start|p2b: Milotic|perish3\n|-start|p2a: Gengar|perish3\n|upkeep\n|turn|2\n|j| porygon-epilepz\n|\n|t:|1776369439\n|move|p2a: Gengar|Protect|p2a: Gengar\n|-singleturn|p2a: Gengar|Protect\n|move|p1b: Farigiraf|Psychic|p2b: Milotic\n|-damage|p2b: Milotic|61/100\n|move|p1a: Incineroar|Darkest Lariat|p2b: Milotic\n|-damage|p2b: Milotic|22/100\n|move|p2b: Milotic|Scald|p1a: Incineroar\n|-supereffective|p1a: Incineroar|1\n|-damage|p1a: Incineroar|0 fnt\n|faint|p1a: Incineroar\n|\n|-heal|p2b: Milotic|28/100|[from] item: Leftovers\n|-start|p1b: Farigiraf|perish2\n|-start|p2b: Milotic|perish2\n|-start|p2a: Gengar|perish2\n|upkeep\n|\n|t:|1776369449\n|switch|p1a: Torkoal|Torkoal, L50, M|100/100\n|-weather|SunnyDay|[from] ability: Drought|[of] p1a: Torkoal\n|turn|3\n|\n|t:|1776369461\n|switch|p2a: Incineroar|Incineroar, L50, F, shiny|100/100\n|-ability|p2a: Incineroar|Intimidate|boost\n|-unboost|p1a: Torkoal|atk|1\n|-unboost|p1b: Farigiraf|atk|1\n|move|p2b: Milotic|Protect|p2b: Milotic\n|-singleturn|p2b: Milotic|Protect\n|move|p1a: Torkoal|Eruption|p2a: Incineroar|[spread] p2a\n|-activate|p2b: Milotic|move: Protect\n|-resisted|p2a: Incineroar|1\n|-damage|p2a: Incineroar|68/100\n|move|p1b: Farigiraf|Psychic|p2a: Incineroar\n|-immune|p2a: Incineroar\n|\n|-weather|SunnyDay|[upkeep]\n|-heal|p2b: Milotic|34/100|[from] item: Leftovers\n|-start|p1b: Farigiraf|perish1\n|-start|p2b: Milotic|perish1\n|upkeep\n|turn|4\n|\n|t:|1776369485\n|switch|p1b: Crabominable|Crabominable, L50, M|100/100\n|switch|p2b: Gengar|Gengar-Mega, L50, F, shiny|100/100\n|move|p1a: Torkoal|Eruption|p2b: Gengar|[spread] p2a,p2b\n|-resisted|p2a: Incineroar|1\n|-damage|p2a: Incineroar|33/100\n|-damage|p2b: Gengar|0 fnt\n|-enditem|p2a: Incineroar|Sitrus Berry|[eat]\n|-heal|p2a: Incineroar|57/100|[from] item: Sitrus Berry\n|faint|p2b: Gengar\n|move|p2a: Incineroar|Parting Shot|p1a: Torkoal\n|-unboost|p1a: Torkoal|atk|1\n|-unboost|p1a: Torkoal|spa|1\n|\n|t:|1776369498\n|switch|p2a: Sneasler|Sneasler, L50, M|100/100|[from] Parting Shot\n|\n|-weather|SunnyDay|[upkeep]\n|upkeep\n|\n|t:|1776369503\n|switch|p2b: Milotic|Milotic, L50, M|34/100\n|turn|5\n|\n|t:|1776369525\n|switch|p1a: Farigiraf|Farigiraf, L50, M|100/100\n|move|p1b: Crabominable|Protect|p1b: Crabominable\n|-singleturn|p1b: Crabominable|Protect\n|move|p2b: Milotic|Recover|p2b: Milotic\n|-heal|p2b: Milotic|84/100\n|move|p2a: Sneasler|Close Combat|p1b: Crabominable\n|-activate|p1b: Crabominable|move: Protect\n|\n|-weather|SunnyDay|[upkeep]\n|-heal|p2b: Milotic|90/100|[from] item: Leftovers\n|-fieldend|move: Trick Room\n|upkeep\n|turn|6\n|\n|t:|1776369546\n|detailschange|p1b: Crabominable|Crabominable-Mega, L50, M\n|-mega|p1b: Crabominable|Crabominable|Crabominite\n|move|p2a: Sneasler|Close Combat|p1b: Crabominable\n|-supereffective|p1b: Crabominable|1\n|-damage|p1b: Crabominable|0 fnt\n|-unboost|p2a: Sneasler|def|1\n|-unboost|p2a: Sneasler|spd|1\n|faint|p1b: Crabominable\n|-enditem|p2a: Sneasler|White Herb\n|-clearnegativeboost|p2a: Sneasler|[silent]\n|move|p2b: Milotic|Scald|p1a: Farigiraf\n|-damage|p1a: Farigiraf|84/100\n|-status|p1a: Farigiraf|brn\n|move|p1a: Farigiraf|Trick Room|p1a: Farigiraf\n|-fieldstart|move: Trick Room|[of] p1a: Farigiraf\n|\n|-weather|SunnyDay|[upkeep]\n|-heal|p2b: Milotic|96/100|[from] item: Leftovers\n|-damage|p1a: Farigiraf|78/100 brn|[from] brn\n|upkeep\n|\n|t:|1776369551\n|switch|p1b: Torkoal|Torkoal, L50, M|100/100\n|turn|7\n|\n|t:|1776369572\n|move|p2a: Sneasler|Protect|p2a: Sneasler\n|-singleturn|p2a: Sneasler|Protect\n|move|p1b: Torkoal|Eruption|p2a: Sneasler|[spread] p2b\n|-activate|p2a: Sneasler|move: Protect\n|-resisted|p2b: Milotic|1\n|-damage|p2b: Milotic|66/100\n|move|p1a: Farigiraf|Psychic|p2b: Milotic\n|-damage|p2b: Milotic|35/100\n|move|p2b: Milotic|Recover|p2b: Milotic\n|-heal|p2b: Milotic|85/100\n|\n|-weather|none\n|-heal|p2b: Milotic|91/100|[from] item: Leftovers\n|-damage|p1a: Farigiraf|72/100 brn|[from] brn\n|upkeep\n|turn|8\n|inactive|Draxolotl has 30 seconds left.\n|\n|t:|1776369597\n|switch|p2a: Incineroar|Incineroar, L50, F, shiny|57/100\n|-ability|p2a: Incineroar|Intimidate|boost\n|-unboost|p1a: Farigiraf|atk|1\n|-unboost|p1b: Torkoal|atk|1\n|move|p2b: Milotic|Protect|p2b: Milotic\n|-singleturn|p2b: Milotic|Protect\n|move|p1b: Torkoal|Eruption|p2a: Incineroar|[spread] p2a\n|-activate|p2b: Milotic|move: Protect\n|-resisted|p2a: Incineroar|1\n|-damage|p2a: Incineroar|36/100\n|move|p1a: Farigiraf|Hyper Voice|p2a: Incineroar|[spread] p2a\n|-activate|p2b: Milotic|move: Protect\n|-damage|p2a: Incineroar|7/100\n|\n|-heal|p2b: Milotic|97/100|[from] item: Leftovers\n|-damage|p1a: Farigiraf|66/100 brn|[from] brn\n|upkeep\n|turn|9\n|\n|t:|1776369617\n|move|p1b: Torkoal|Eruption|p2b: Milotic|[spread] p2a,p2b\n|-resisted|p2a: Incineroar|1\n|-resisted|p2b: Milotic|1\n|-damage|p2a: Incineroar|0 fnt\n|-damage|p2b: Milotic|75/100\n|faint|p2a: Incineroar\n|move|p1a: Farigiraf|Psychic|p2b: Milotic\n|-damage|p2b: Milotic|42/100\n|move|p2b: Milotic|Scald|p1b: Torkoal\n|-supereffective|p1b: Torkoal|1\n|-damage|p1b: Torkoal|16/100\n|\n|-heal|p2b: Milotic|48/100|[from] item: Leftovers\n|-damage|p1a: Farigiraf|60/100 brn|[from] brn\n|upkeep\n|j| AceeeVGC\n|\n|t:|1776369629\n|switch|p2a: Sneasler|Sneasler, L50, M|100/100\n|turn|10\n|j| 1#MiraidonHater\n|c|\u2606Bulaba|Nice but when trick room goes i win\n|j| ido1234567890\n|inactive|Draxolotl has 30 seconds left.\n|\n|t:|1776369656\n|move|p2b: Milotic|Protect|p2b: Milotic\n|-singleturn|p2b: Milotic|Protect\n|move|p2a: Sneasler|Protect|p2a: Sneasler\n|-singleturn|p2a: Sneasler|Protect\n|move|p1b: Torkoal|Earth Power|p2b: Milotic\n|-activate|p2b: Milotic|move: Protect\n|move|p1a: Farigiraf|Psychic|p2b: Milotic\n|-activate|p2b: Milotic|move: Protect\n|\n|-heal|p2b: Milotic|53/100|[from] item: Leftovers\n|-damage|p1a: Farigiraf|53/100 brn|[from] brn\n|-fieldend|move: Trick Room\n|upkeep\n|turn|11\n|\n|t:|1776369671\n|move|p1b: Torkoal|Protect|p1b: Torkoal\n|-singleturn|p1b: Torkoal|Protect\n|move|p2a: Sneasler|Close Combat|p1a: Farigiraf\n|-damage|p1a: Farigiraf|0 fnt\n|-unboost|p2a: Sneasler|def|1\n|-unboost|p2a: Sneasler|spd|1\n|faint|p1a: Farigiraf\n|move|p2b: Milotic|Scald|p1b: Torkoal\n|-activate|p1b: Torkoal|move: Protect\n|\n|-heal|p2b: Milotic|59/100|[from] item: Leftovers\n|upkeep\n|turn|12\n|-message|Draxolotl forfeited.\n|\n|win|Bulaba\n|n|\u2606Draxolotl|draxolotl\n|n|\u2606Bulaba|bulaba\n|n| grime wizard|grimewizard\n|n| Kommunikation|kommunikation\n|n| Indigo Crisp|indigocrisp\n|n| porygon-epilepz|porygonepilepz\n|n| AceeeVGC|aceeevgc\n|n| 1#MiraidonHater|1miraidonhater\n|n| ido1234567890|ido1234567890\n|l|\u2606Draxolotl\n|player|p1|\n|l| Kommunikation\n|l| porygon-epilepz\n|l|\u2606Bulaba\n|player|p2|\n|l| AceeeVGC\n|l| ido1234567890\n|l| grime wizard\n|j| porygon-epilepz\n|l| porygon-epilepz\n",
  "uploadtime": 1776369440,
  "views": 24,
  "formatid": "gen9championsvgc2026regma",
  "rating": null,
  "private": 0,
  "password": null
}