{
  "id": "gen9championsvgc2026regma-2584179618",
  "format": "[Gen 9 Champions] VGC 2026 Reg M-A",
  "players": [
    "xiaoliyunVGC",
    "miseria010"
  ],
  "log": "|j|\u2606xiaoliyunVGC\n|j|\u2606miseria010\n|t:|1776234922\n|gametype|doubles\n|player|p1|xiaoliyunVGC|liko|1222\n|player|p2|miseria010|unknown|1298\n|gen|9\n|tier|[Gen 9 Champions] VGC 2026 Reg M-A\n|rated|\n|rule|Species Clause: Limit one of each Pok\u00e9mon\n|rule|Item Clause: Limit 1 of each item\n|clearpoke\n|poke|p1|Ninetales-Alola, L50, M|\n|poke|p1|Manectric, L50, M|\n|poke|p1|Sneasler, L50, F|\n|poke|p1|Rotom-Wash, L50|\n|poke|p1|Corviknight, L50, M|\n|poke|p1|Dragapult, L50, F|\n|poke|p2|Charizard, L50, M|\n|poke|p2|Venusaur, L50, M|\n|poke|p2|Whimsicott, L50, F|\n|poke|p2|Incineroar, L50, M|\n|poke|p2|Garchomp, L50, M|\n|poke|p2|Conkeldurr, L50, M|\n|teampreview|4\n|inactive|Battle timer is ON: inactive players will automatically lose when time's up. (requested by xiaoliyunVGC)\n|inactive|miseria010 has 60 seconds left.\n|\n|t:|1776234971\n|teamsize|p1|4\n|teamsize|p2|4\n|start\n|switch|p1a: Manectric|Manectric, L50, M, shiny|100/100\n|switch|p1b: Sneasler|Sneasler, L50, F, shiny|100/100\n|switch|p2a: Charizard|Charizard, L50, M, shiny|100/100\n|switch|p2b: Whimsicott|Whimsicott, L50, F|100/100\n|turn|1\n|\n|t:|1776234989\n|switch|p2a: Garchomp|Garchomp, L50, M|100/100\n|detailschange|p1a: Manectric|Manectric-Mega, L50, M, shiny\n|-mega|p1a: Manectric|Manectric|Manectite\n|-ability|p1a: Manectric|Intimidate|boost\n|-unboost|p2a: Garchomp|atk|1\n|-unboost|p2b: Whimsicott|atk|1\n|-enditem|p2a: Garchomp|White Herb\n|-clearnegativeboost|p2a: Garchomp|[silent]\n|move|p2b: Whimsicott|Tailwind|p2b: Whimsicott\n|-sidestart|p2: miseria010|move: Tailwind\n|move|p1a: Manectric|Thunderbolt|p2a: Garchomp\n|-immune|p2a: Garchomp\n|move|p1b: Sneasler|Dire Claw|p2b: Whimsicott\n|-supereffective|p2b: Whimsicott|2\n|-enditem|p2b: Whimsicott|Focus Sash\n|-damage|p2b: Whimsicott|1/100\n|-status|p2b: Whimsicott|slp\n|\n|upkeep\n|turn|2\n|\n|t:|1776235012\n|switch|p2b: Charizard|Charizard, L50, M, shiny|100/100\n|switch|p1a: Ninetales|Ninetales-Alola, L50, M, shiny|100/100\n|-weather|Snowscape|[from] ability: Snow Warning|[of] p1a: Ninetales\n|switch|p1b: Rotom|Rotom-Wash, L50, shiny|100/100\n|move|p2a: Garchomp|Earthquake|p1b: Rotom|[spread] p1a\n|-immune|p2b: Charizard\n|-immune|p1b: Rotom|[from] ability: Levitate\n|-damage|p1a: Ninetales|60/100\n|\n|-weather|Snowscape|[upkeep]\n|upkeep\n|turn|3\n|\n|t:|1776235034\n|switch|p1a: Manectric|Manectric-Mega, L50, M, shiny|100/100\n|-ability|p1a: Manectric|Intimidate|boost\n|-unboost|p2a: Garchomp|atk|1\n|-unboost|p2b: Charizard|atk|1\n|detailschange|p2b: Charizard|Charizard-Mega-Y, L50, M, shiny\n|-mega|p2b: Charizard|Charizard|Charizardite Y\n|-weather|SunnyDay|[from] ability: Drought|[of] p2b: Charizard\n|move|p2a: Garchomp|Rock Slide|p1a: Manectric|[spread] p1a,p1b\n|-damage|p1a: Manectric|82/100\n|-damage|p1b: Rotom|87/100\n|move|p2b: Charizard|Heat Wave|p1a: Manectric|[spread] p1a,p1b\n|-resisted|p1b: Rotom|1\n|-damage|p1a: Manectric|0 fnt\n|-damage|p1b: Rotom|50/100\n|faint|p1a: Manectric\n|move|p1b: Rotom|Thunderbolt|p2b: Charizard\n|-supereffective|p2b: Charizard|1\n|-damage|p2b: Charizard|21/100\n|\n|-weather|SunnyDay|[upkeep]\n|upkeep\n|\n|t:|1776235052\n|switch|p1a: Sneasler|Sneasler, L50, F, shiny|100/100\n|turn|4\n|\n|t:|1776235059\n|switch|p2b: Incineroar|Incineroar, L50, M, shiny|100/100\n|-ability|p2b: Incineroar|Intimidate|boost\n|-unboost|p1a: Sneasler|atk|1\n|-unboost|p1b: Rotom|atk|1\n|-enditem|p1a: Sneasler|White Herb\n|-clearnegativeboost|p1a: Sneasler|[silent]\n|move|p1a: Sneasler|Fake Out|p2b: Incineroar\n|-damage|p2b: Incineroar|88/100\n|move|p2a: Garchomp|Earthquake|p1b: Rotom|[spread] p2b,p1a\n|-immune|p1b: Rotom|[from] ability: Levitate\n|-supereffective|p2b: Incineroar|1\n|-supereffective|p1a: Sneasler|1\n|-damage|p2b: Incineroar|38/100\n|-damage|p1a: Sneasler|8/100\n|-enditem|p2b: Incineroar|Sitrus Berry|[eat]\n|-heal|p2b: Incineroar|63/100|[from] item: Sitrus Berry\n|move|p1b: Rotom|Will-O-Wisp|p2a: Garchomp\n|-status|p2a: Garchomp|brn\n|\n|-weather|SunnyDay|[upkeep]\n|-damage|p2a: Garchomp|94/100 brn|[from] brn\n|-sideend|p2: miseria010|move: Tailwind\n|upkeep\n|turn|5\n|inactive|miseria010 has 30 seconds left.\n|inactive|miseria010 has 20 seconds left.\n|inactive|miseria010 has 15 seconds left.\n|\n|t:|1776235100\n|move|p1a: Sneasler|Protect|p1a: Sneasler\n|-singleturn|p1a: Sneasler|Protect\n|move|p2b: Incineroar|Fake Out|p1a: Sneasler\n|-activate|p1a: Sneasler|move: Protect\n|move|p2a: Garchomp|Rock Slide|p1a: Sneasler|[spread] p1b\n|-activate|p1a: Sneasler|move: Protect\n|-damage|p1b: Rotom|44/100\n|move|p1b: Rotom|Hydro Pump|p2b: Incineroar\n|-supereffective|p2b: Incineroar|1\n|-damage|p2b: Incineroar|17/100\n|\n|-weather|SunnyDay|[upkeep]\n|-damage|p2a: Garchomp|88/100 brn|[from] brn\n|upkeep\n|turn|6\n|inactive|miseria010 has 30 seconds left.\n|\n|t:|1776235126\n|switch|p2b: Whimsicott|Whimsicott, L50, F|1/100 slp\n|move|p1a: Sneasler|Close Combat|p2a: Garchomp\n|-crit|p2a: Garchomp\n|-damage|p2a: Garchomp|0 fnt\n|-unboost|p1a: Sneasler|def|1\n|-unboost|p1a: Sneasler|spd|1\n|-damage|p1a: Sneasler|0 fnt|[from] ability: Rough Skin|[of] p2a: Garchomp\n|faint|p2a: Garchomp\n|faint|p1a: Sneasler\n|move|p1b: Rotom|Thunderbolt|p2b: Whimsicott\n|-resisted|p2b: Whimsicott|1\n|-damage|p2b: Whimsicott|0 fnt\n|faint|p2b: Whimsicott\n|\n|-weather|SunnyDay|[upkeep]\n|upkeep\n|\n|t:|1776235144\n|switch|p2b: Incineroar|Incineroar, L50, M, shiny|17/100\n|switch|p1a: Ninetales|Ninetales-Alola, L50, M, shiny|60/100\n|switch|p2a: Charizard|Charizard-Mega-Y, L50, M, shiny|21/100\n|-weather|Snowscape|[from] ability: Snow Warning|[of] p1a: Ninetales\n|-weather|SunnyDay|[from] ability: Drought|[of] p2a: Charizard\n|-ability|p2b: Incineroar|Intimidate|boost\n|-unboost|p1a: Ninetales|atk|1\n|-unboost|p1b: Rotom|atk|1\n|turn|7\n|\n|t:|1776235161\n|move|p2b: Incineroar|Fake Out|p1a: Ninetales\n|-damage|p1a: Ninetales|44/100\n|cant|p1a: Ninetales|flinch\n|move|p2a: Charizard|Solar Beam||[still]\n|-prepare|p2a: Charizard|Solar Beam\n|-anim|p2a: Charizard|Solar Beam|p1b: Rotom\n|-supereffective|p1b: Rotom|1\n|-damage|p1b: Rotom|0 fnt\n|faint|p1b: Rotom\n|\n|-weather|SunnyDay|[upkeep]\n|upkeep\n|turn|8\n|\n|t:|1776235175\n|move|p1a: Ninetales|Blizzard|p2a: Charizard|[spread] p2a\n|-miss|p1a: Ninetales|p2b: Incineroar\n|-damage|p2a: Charizard|0 fnt\n|faint|p2a: Charizard\n|move|p2b: Incineroar|Flare Blitz|p1a: Ninetales\n|-supereffective|p1a: Ninetales|1\n|-damage|p1a: Ninetales|0 fnt\n|faint|p1a: Ninetales\n|-damage|p2b: Incineroar|6/100|[from] Recoil\n|\n|win|miseria010\n|raw|xiaoliyunVGC's rating: 1222 &rarr; <strong>1202</strong><br />(-20 for losing)\n|raw|miseria010's rating: 1298 &rarr; <strong>1318</strong><br />(+20 for winning)\n|l|\u2606xiaoliyunVGC\n|player|p1|\n",
  "uploadtime": 1776235212,
  "views": 28,
  "formatid": "gen9championsvgc2026regma",
  "rating": 1202,
  "private": 0,
  "password": null
}