{
  "id": "gen9championsvgc2026regma-2582256444",
  "format": "[Gen 9 Champions] VGC 2026 Reg M-A",
  "players": [
    "hghjnc",
    "blackashura"
  ],
  "log": "|j|\u2606hghjnc\n|j|\u2606blackashura\n|t:|1776076804\n|gametype|doubles\n|player|p1|hghjnc|101|1000\n|player|p2|blackashura|169|1076\n|gen|9\n|tier|[Gen 9 Champions] VGC 2026 Reg M-A\n|rated|\n|rule|Species Clause: Limit one of each Pok\u00e9mon\n|rule|Item Clause: Limit 1 of each item\n|clearpoke\n|poke|p1|Samurott-Hisui, L50, M|\n|poke|p1|Kingambit, L50, M|\n|poke|p1|Talonflame, L50, F|\n|poke|p1|Rotom-Wash, L50|\n|poke|p1|Incineroar, L50, M|\n|poke|p1|Garchomp, L50, F|\n|poke|p2|Tyranitar, L50, F|\n|poke|p2|Rotom-Wash, L50|\n|poke|p2|Garchomp, L50, M|\n|poke|p2|Sneasler, L50, F|\n|poke|p2|Skarmory, L50, F|\n|poke|p2|Volcarona, L50, F|\n|teampreview|4\n|\n|t:|1776076874\n|teamsize|p1|4\n|teamsize|p2|4\n|start\n|switch|p1a: Samurott|Samurott-Hisui, L50, M, shiny|100/100\n|switch|p1b: Talonflame|Talonflame, L50, F|100/100\n|switch|p2a: Sneasler|Sneasler, L50, F|100/100\n|switch|p2b: Rotom|Rotom-Wash, L50|100/100\n|turn|1\n|\n|t:|1776076899\n|move|p2a: Sneasler|Fake Out|p1b: Talonflame\n|-damage|p1b: Talonflame|80/100\n|move|p2b: Rotom|Volt Switch|p1a: Samurott\n|-supereffective|p1a: Samurott|1\n|-enditem|p1a: Samurott|Focus Sash\n|-damage|p1a: Samurott|1/100\n|\n|t:|1776076912\n|switch|p2b: Tyranitar|Tyranitar, L50, F|100/100|[from] Volt Switch\n|-weather|Sandstorm|[from] ability: Sand Stream|[of] p2b: Tyranitar\n|cant|p1b: Talonflame|flinch\n|move|p1a: Samurott|Ceaseless Edge|p2a: Sneasler\n|-resisted|p2a: Sneasler|1\n|-damage|p2a: Sneasler|64/100\n|-sidestart|p2: blackashura|Spikes\n|\n|-weather|Sandstorm|[upkeep]\n|-damage|p1b: Talonflame|74/100|[from] Sandstorm\n|-damage|p2a: Sneasler|58/100|[from] Sandstorm\n|-damage|p1a: Samurott|0 fnt|[from] Sandstorm\n|faint|p1a: Samurott\n|upkeep\n|\n|t:|1776076928\n|switch|p1a: Garchomp|Garchomp, L50, F|100/100\n|turn|2\n|\n|t:|1776076939\n|move|p2a: Sneasler|Protect|p2a: Sneasler\n|-singleturn|p2a: Sneasler|Protect\n|move|p1b: Talonflame|Tailwind|p1b: Talonflame\n|-sidestart|p1: hghjnc|move: Tailwind\n|move|p1a: Garchomp|Earthquake|p2a: Sneasler|[spread] p2b\n|-activate|p2a: Sneasler|move: Protect\n|-immune|p1b: Talonflame\n|-supereffective|p2b: Tyranitar|1\n|-damage|p2b: Tyranitar|40/100\n|move|p2b: Tyranitar|Ice Punch|p1a: Garchomp\n|-supereffective|p1a: Garchomp|2\n|-enditem|p1a: Garchomp|Yache Berry|[eat]\n|-enditem|p1a: Garchomp|Yache Berry|[weaken]\n|-damage|p1a: Garchomp|50/100\n|-damage|p2b: Tyranitar|28/100|[from] ability: Rough Skin|[of] p1a: Garchomp\n|\n|-weather|Sandstorm|[upkeep]\n|-damage|p1b: Talonflame|69/100|[from] Sandstorm\n|-damage|p2a: Sneasler|52/100|[from] Sandstorm\n|upkeep\n|turn|3\n|\n|t:|1776076970\n|switch|p2a: Rotom|Rotom-Wash, L50|100/100\n|move|p2b: Tyranitar|Protect|p2b: Tyranitar\n|-singleturn|p2b: Tyranitar|Protect\n|move|p1b: Talonflame|Brave Bird|p2a: Rotom\n|-resisted|p2a: Rotom|1\n|-damage|p2a: Rotom|76/100\n|-damage|p1b: Talonflame|63/100|[from] Recoil\n|move|p1a: Garchomp|Earthquake|p2a: Rotom|[spread] \n|-activate|p2b: Tyranitar|move: Protect\n|-immune|p1b: Talonflame\n|-immune|p2a: Rotom|[from] ability: Levitate\n|\n|-weather|Sandstorm|[upkeep]\n|-damage|p1b: Talonflame|57/100|[from] Sandstorm\n|-damage|p2a: Rotom|70/100|[from] Sandstorm\n|upkeep\n|turn|4\n|\n|t:|1776076999\n|switch|p1b: Rotom|Rotom-Wash, L50|100/100\n|move|p1a: Garchomp|Protect|p1a: Garchomp\n|-singleturn|p1a: Garchomp|Protect\n|move|p2a: Rotom|Hydro Pump|p1a: Garchomp\n|-activate|p1a: Garchomp|move: Protect\n|move|p2b: Tyranitar|Rock Slide|p1a: Garchomp|[spread] p1b\n|-activate|p1a: Garchomp|move: Protect\n|-damage|p1b: Rotom|66/100\n|\n|-weather|Sandstorm|[upkeep]\n|-damage|p2a: Rotom|64/100|[from] Sandstorm\n|-damage|p1b: Rotom|60/100|[from] Sandstorm\n|-heal|p1b: Rotom|66/100|[from] item: Leftovers\n|upkeep\n|turn|5\n|\n|t:|1776077019\n|move|p2b: Tyranitar|Protect|p2b: Tyranitar\n|-singleturn|p2b: Tyranitar|Protect\n|move|p1a: Garchomp|Dragon Claw|p2a: Rotom\n|-damage|p2a: Rotom|8/100\n|move|p2a: Rotom|Hydro Pump|p1a: Garchomp\n|-crit|p1a: Garchomp\n|-damage|p1a: Garchomp|0 fnt\n|faint|p1a: Garchomp\n|move|p1b: Rotom|Hydro Pump|p2b: Tyranitar\n|-activate|p2b: Tyranitar|move: Protect\n|\n|-weather|none\n|-heal|p1b: Rotom|72/100|[from] item: Leftovers\n|-sideend|p1: hghjnc|move: Tailwind\n|upkeep\n|\n|t:|1776077034\n|switch|p1a: Talonflame|Talonflame, L50, F|57/100\n|turn|6\n|\n|t:|1776077044\n|move|p2a: Rotom|Hydro Pump|p1a: Talonflame\n|-supereffective|p1a: Talonflame|1\n|-damage|p1a: Talonflame|0 fnt\n|faint|p1a: Talonflame\n|move|p2b: Tyranitar|Rock Slide|p1b: Rotom\n|-damage|p1b: Rotom|30/100\n|move|p1b: Rotom|Hydro Pump|p2b: Tyranitar|[miss]\n|-miss|p1b: Rotom|p2b: Tyranitar\n|\n|-heal|p1b: Rotom|36/100|[from] item: Leftovers\n|upkeep\n|turn|7\n|l|\u2606hghjnc\n|player|p1|\n|inactive|Battle timer is ON: inactive players will automatically lose when time's up. (requested by blackashura)\n|inactive|hghjnc has 30 seconds to reconnect!\n|inactive|hghjnc has 20 seconds to reconnect!\n|inactive|hghjnc has 15 seconds to reconnect!\n|inactive|hghjnc has 10 seconds to reconnect!\n|inactive|hghjnc has 5 seconds to reconnect!\n|-message|hghjnc lost due to inactivity.\n|\n|win|blackashura\n",
  "uploadtime": 1776076808,
  "views": 9,
  "formatid": "gen9championsvgc2026regma",
  "rating": null,
  "private": 0,
  "password": null
}