{
  "id": "gen9championsvgc2026regma-2588597612",
  "format": "[Gen 9 Champions] VGC 2026 Reg M-A",
  "players": [
    "adalove",
    "iTRNUP"
  ],
  "log": "|j|\u2606adalove\n|j|\u2606iTRNUP\n|t:|1776648659\n|gametype|doubles\n|player|p1|adalove|dragontamer|1119\n|player|p2|iTRNUP|1|1199\n|gen|9\n|tier|[Gen 9 Champions] VGC 2026 Reg M-A\n|rated|\n|rule|Species Clause: Limit one of each Pok\u00e9mon\n|rule|Item Clause: Limit 1 of each item\n|clearpoke\n|poke|p1|Tyranitar, L50, F|\n|poke|p1|Excadrill, L50, M|\n|poke|p1|Corviknight, L50, M|\n|poke|p1|Milotic, L50, F|\n|poke|p1|Farigiraf, L50, F|\n|poke|p1|Floette-Eternal, L50, F|\n|poke|p2|Tyranitar, L50, F|\n|poke|p2|Aerodactyl, L50, M|\n|poke|p2|Garchomp, L50, F|\n|poke|p2|Sneasler, L50, F|\n|poke|p2|Empoleon, L50, F|\n|poke|p2|Sinistcha, L50|\n|teampreview|4\n|inactive|Battle timer is ON: inactive players will automatically lose when time's up. (requested by adalove)\n|inactive|adalove has 60 seconds left.\n|inactive|iTRNUP has 60 seconds left.\n|\n|t:|1776648704\n|teamsize|p1|4\n|teamsize|p2|4\n|start\n|switch|p1a: Corviknight|Corviknight, L50, M|100/100\n|switch|p1b: Excadrill|Excadrill, L50, M|100/100\n|switch|p2a: Tyranitar|Tyranitar, L50, F|100/100\n|switch|p2b: Sneasler|Sneasler, L50, F|100/100\n|-weather|Sandstorm|[from] ability: Sand Stream|[of] p2a: Tyranitar\n|turn|1\n|inactive|iTRNUP has 30 seconds left.\n|\n|t:|1776648737\n|switch|p2a: Garchomp|Garchomp, L50, F|100/100\n|move|p2b: Sneasler|Fake Out|p1b: Excadrill\n|-resisted|p1b: Excadrill|1\n|-damage|p1b: Excadrill|90/100\n|-immune|p1b: Excadrill\n|cant|p1b: Excadrill|flinch\n|move|p1a: Corviknight|Brave Bird|p2b: Sneasler\n|-supereffective|p2b: Sneasler|1\n|-damage|p2b: Sneasler|0 fnt\n|faint|p2b: Sneasler\n|-damage|p1a: Corviknight|75/100|[from] Recoil\n|\n|-weather|Sandstorm|[upkeep]\n|upkeep\n|\n|t:|1776648757\n|switch|p2b: Tyranitar|Tyranitar, L50, F|100/100\n|turn|2\n|\n|t:|1776648774\n|switch|p1b: Floette|Floette-Eternal, L50, F|100/100\n|detailschange|p2a: Garchomp|Garchomp-Mega, L50, F\n|-mega|p2a: Garchomp|Garchomp|Garchompite\n|move|p2b: Tyranitar|Knock Off|p1a: Corviknight\n|-damage|p1a: Corviknight|32/100\n|-enditem|p1a: Corviknight|Sitrus Berry|[from] move: Knock Off|[of] p2b: Tyranitar\n|move|p2a: Garchomp|Stomping Tantrum|p1b: Floette\n|-damage|p1b: Floette|2/100\n|move|p1a: Corviknight|Bulk Up|p1a: Corviknight\n|-boost|p1a: Corviknight|atk|1\n|-boost|p1a: Corviknight|def|1\n|\n|-weather|Sandstorm|[upkeep]\n|-damage|p1b: Floette|0 fnt|[from] Sandstorm\n|faint|p1b: Floette\n|upkeep\n|\n|t:|1776648791\n|switch|p1b: Excadrill|Excadrill, L50, M|90/100\n|turn|3\n|\n|t:|1776648810\n|move|p1b: Excadrill|Iron Head|p2a: Garchomp\n|-damage|p2a: Garchomp|67/100\n|move|p2b: Tyranitar|Knock Off|p1a: Corviknight\n|-damage|p1a: Corviknight|15/100\n|cant|p2a: Garchomp|flinch\n|move|p1a: Corviknight|Body Press|p2b: Tyranitar\n|-supereffective|p2b: Tyranitar|2\n|-damage|p2b: Tyranitar|0 fnt\n|faint|p2b: Tyranitar\n|\n|-weather|Sandstorm|[upkeep]\n|upkeep\n|\n|t:|1776648824\n|switch|p2b: Sinistcha|Sinistcha, L50|100/100\n|-heal|p2a: Garchomp|92/100|[from] ability: Hospitality|[of] p2b: Sinistcha\n|turn|4\n|inactive|adalove has 30 seconds left.\n|\n|t:|1776648850\n|move|p2b: Sinistcha|Protect|p2b: Sinistcha\n|-singleturn|p2b: Sinistcha|Protect\n|move|p1b: Excadrill|Earthquake|p2a: Garchomp|[spread] p2a\n|-activate|p2b: Sinistcha|move: Protect\n|-immune|p1a: Corviknight\n|-damage|p2a: Garchomp|62/100\n|move|p2a: Garchomp|Dragon Claw|p1a: Corviknight\n|-resisted|p1a: Corviknight|1\n|-damage|p1a: Corviknight|3/100\n|move|p1a: Corviknight|Brave Bird|p2a: Garchomp\n|-damage|p2a: Garchomp|23/100\n|-damage|p1a: Corviknight|0 fnt|[from] Recoil\n|faint|p1a: Corviknight\n|\n|-weather|Sandstorm|[upkeep]\n|-damage|p2b: Sinistcha|94/100|[from] Sandstorm\n|-heal|p2b: Sinistcha|100/100|[from] item: Leftovers\n|upkeep\n|\n|t:|1776648866\n|switch|p1a: Tyranitar|Tyranitar, L50, F|100/100\n|turn|5\n|\n|t:|1776648886\n|move|p1a: Tyranitar|Protect|p1a: Tyranitar\n|-singleturn|p1a: Tyranitar|Protect\n|move|p1b: Excadrill|Earthquake|p2a: Garchomp|[spread] p2a,p2b\n|-activate|p1a: Tyranitar|move: Protect\n|-resisted|p2b: Sinistcha|1\n|-damage|p2a: Garchomp|0 fnt\n|-damage|p2b: Sinistcha|80/100\n|faint|p2a: Garchomp\n|move|p2b: Sinistcha|Matcha Gotcha|p1b: Excadrill|[spread] p1b\n|-activate|p1a: Tyranitar|move: Protect\n|-damage|p1b: Excadrill|55/100\n|-heal|p2b: Sinistcha|99/100|[from] drain|[of] p1b: Excadrill\n|-status|p1b: Excadrill|brn\n|\n|-weather|none\n|-heal|p2b: Sinistcha|100/100|[from] item: Leftovers\n|-damage|p1b: Excadrill|49/100 brn|[from] brn\n|upkeep\n|turn|6\n|inactive|adalove has 30 seconds left.\n|\n|t:|1776648920\n|detailschange|p1a: Tyranitar|Tyranitar-Mega, L50, F\n|-mega|p1a: Tyranitar|Tyranitar|Tyranitarite\n|-weather|Sandstorm|[from] ability: Sand Stream|[of] p1a: Tyranitar\n|move|p1b: Excadrill|Iron Head|p2b: Sinistcha\n|-damage|p2b: Sinistcha|82/100\n|move|p1a: Tyranitar|Knock Off|p2b: Sinistcha\n|-supereffective|p2b: Sinistcha|1\n|-damage|p2b: Sinistcha|0 fnt\n|-enditem|p2b: Sinistcha|Leftovers|[from] move: Knock Off|[of] p1a: Tyranitar\n|faint|p2b: Sinistcha\n|\n|win|adalove\n|raw|adalove's rating: 1119 &rarr; <strong>1150</strong><br />(+31 for winning)\n|raw|iTRNUP's rating: 1199 &rarr; <strong>1168</strong><br />(-31 for losing)\n",
  "uploadtime": 1776648920,
  "views": 6,
  "formatid": "gen9championsvgc2026regma",
  "rating": 1150,
  "private": 0,
  "password": null
}