{
  "id": "gen9championsvgc2026regma-2586021901",
  "format": "[Gen 9 Champions] VGC 2026 Reg M-A",
  "players": [
    "KIRB12345!",
    "Phillip Blevin"
  ],
  "log": "|j|\u2606KIRB12345!\n|j|\u2606Phillip Blevin\n|t:|1776391086\n|gametype|doubles\n|player|p1|KIRB12345!|blackbelt-gen4dp|1202\n|player|p2|Phillip Blevin|cynthia-masters4|1267\n|gen|9\n|tier|[Gen 9 Champions] VGC 2026 Reg M-A\n|rated|\n|rule|Species Clause: Limit one of each Pok\u00e9mon\n|rule|Item Clause: Limit 1 of each item\n|clearpoke\n|poke|p1|Tyranitar, L50, F|\n|poke|p1|Excadrill, L50, F|\n|poke|p1|Sinistcha, L50|\n|poke|p1|Sneasler, L50, F|\n|poke|p1|Primarina, L50, F|\n|poke|p1|Corviknight, L50, F|\n|poke|p2|Froslass, L50, F|\n|poke|p2|Corviknight, L50, M|\n|poke|p2|Sneasler, L50, M|\n|poke|p2|Rotom-Mow, L50|\n|poke|p2|Incineroar, L50, F|\n|poke|p2|Gyarados, L50, F|\n|teampreview|4\n|inactive|Battle timer is ON: inactive players will automatically lose when time's up. (requested by Phillip Blevin)\nPhillip Blevin has agreed to open team sheets.\n|inactive|KIRB12345! has 60 seconds left.\n|\n|t:|1776391120\n|teamsize|p1|4\n|teamsize|p2|4\n|start\n|switch|p1a: Corviknight|Corviknight, L50, F|100/100\n|switch|p1b: Sneasler|Sneasler, L50, F|100/100\n|switch|p2a: Rotom|Rotom-Mow, L50|100/100\n|switch|p2b: Corviknight|Corviknight, L50, M|100/100\n|-ability|p1a: Corviknight|Pressure\n|turn|1\n|\n|t:|1776391131\n|move|p2a: Rotom|Volt Switch|p1a: Corviknight\n|-supereffective|p1a: Corviknight|1\n|-damage|p1a: Corviknight|39/100\n|\n|t:|1776391135\n|switch|p2a: Gyarados|Gyarados, L50, F|100/100|[from] Volt Switch\n|-ability|p2a: Gyarados|Intimidate|boost\n|-unboost|p1a: Corviknight|atk|1\n|-unboost|p1b: Sneasler|atk|1\n|-enditem|p1b: Sneasler|White Herb\n|-clearnegativeboost|p1b: Sneasler|[silent]\n|move|p1b: Sneasler|Dire Claw|p2a: Gyarados\n|-damage|p2a: Gyarados|49/100\n|-enditem|p2a: Gyarados|Sitrus Berry|[eat]\n|-heal|p2a: Gyarados|74/100|[from] item: Sitrus Berry\n|move|p1a: Corviknight|Tailwind|p1a: Corviknight\n|-sidestart|p1: KIRB12345!|move: Tailwind\n|move|p2b: Corviknight|Bulk Up|p2b: Corviknight\n|-boost|p2b: Corviknight|atk|1\n|-boost|p2b: Corviknight|def|1\n|\n|-heal|p1a: Corviknight|45/100|[from] item: Leftovers\n|upkeep\n|turn|2\n|\n|t:|1776391147\n|move|p1b: Sneasler|Close Combat|p2b: Corviknight\n|-damage|p2b: Corviknight|75/100\n|-unboost|p1b: Sneasler|def|1\n|-unboost|p1b: Sneasler|spd|1\n|move|p1a: Corviknight|Bulk Up|p1a: Corviknight\n|-boost|p1a: Corviknight|atk|1\n|-boost|p1a: Corviknight|def|1\n|move|p2a: Gyarados|Dragon Dance|p2a: Gyarados\n|-boost|p2a: Gyarados|atk|1\n|-boost|p2a: Gyarados|spe|1\n|move|p2b: Corviknight|Bulk Up|p2b: Corviknight\n|-boost|p2b: Corviknight|atk|1\n|-boost|p2b: Corviknight|def|1\n|\n|-heal|p1a: Corviknight|51/100|[from] item: Leftovers\n|-heal|p2b: Corviknight|81/100|[from] item: Leftovers\n|upkeep\n|turn|3\n|\n|t:|1776391158\n|move|p1b: Sneasler|Dire Claw|p2a: Gyarados\n|-damage|p2a: Gyarados|25/100\n|move|p1a: Corviknight|Brave Bird|p2a: Gyarados\n|-damage|p2a: Gyarados|0 fnt\n|faint|p2a: Gyarados\n|-damage|p1a: Corviknight|43/100|[from] Recoil\n|move|p2b: Corviknight|Body Press|p1a: Corviknight\n|-damage|p1a: Corviknight|20/100\n|\n|-heal|p1a: Corviknight|25/100|[from] item: Leftovers\n|-heal|p2b: Corviknight|87/100|[from] item: Leftovers\n|upkeep\n|\n|t:|1776391166\n|switch|p2a: Froslass|Froslass, L50, F|100/100\n|turn|4\n|\n|t:|1776391187\n|move|p2a: Froslass|Protect|p2a: Froslass\n|-singleturn|p2a: Froslass|Protect\n|move|p1b: Sneasler|Taunt|p2a: Froslass\n|-activate|p2a: Froslass|move: Protect\n|move|p1a: Corviknight|Body Press|p2b: Corviknight\n|-damage|p2b: Corviknight|76/100\n|move|p2b: Corviknight|Brave Bird|p1b: Sneasler\n|-supereffective|p1b: Sneasler|1\n|-damage|p1b: Sneasler|0 fnt\n|faint|p1b: Sneasler\n|-damage|p2b: Corviknight|51/100|[from] Recoil\n|\n|-heal|p1a: Corviknight|31/100|[from] item: Leftovers\n|-heal|p2b: Corviknight|57/100|[from] item: Leftovers\n|-sideend|p1: KIRB12345!|move: Tailwind\n|upkeep\n|\n|t:|1776391194\n|switch|p1b: Tyranitar|Tyranitar, L50, F|100/100\n|-weather|Sandstorm|[from] ability: Sand Stream|[of] p1b: Tyranitar\n|turn|5\n|\n|t:|1776391204\n|switch|p2a: Rotom|Rotom-Mow, L50|100/100\n|detailschange|p1b: Tyranitar|Tyranitar-Mega, L50, F\n|-mega|p1b: Tyranitar|Tyranitar|Tyranitarite\n|move|p1b: Tyranitar|Protect|p1b: Tyranitar\n|-singleturn|p1b: Tyranitar|Protect\n|move|p2b: Corviknight|Roost|p2b: Corviknight\n|-heal|p2b: Corviknight|100/100\n|-singleturn|p2b: Corviknight|move: Roost\n|move|p1a: Corviknight|Tailwind|p1a: Corviknight\n|-sidestart|p1: KIRB12345!|move: Tailwind\n|\n|-weather|Sandstorm|[upkeep]\n|-damage|p2a: Rotom|95/100|[from] Sandstorm\n|-heal|p1a: Corviknight|37/100|[from] item: Leftovers\n|upkeep\n|turn|6\n|\n|t:|1776391228\n|switch|p1b: Primarina|Primarina, L50, F|100/100\n|move|p2a: Rotom|Volt Switch|p1a: Corviknight\n|-supereffective|p1a: Corviknight|1\n|-damage|p1a: Corviknight|0 fnt\n|faint|p1a: Corviknight\n|\n|t:|1776391232\n|switch|p2a: Froslass|Froslass, L50, F|100/100|[from] Volt Switch\n|move|p2b: Corviknight|Body Press|p1b: Primarina\n|-resisted|p1b: Primarina|1\n|-damage|p1b: Primarina|66/100\n|\n|-weather|Sandstorm|[upkeep]\n|-damage|p2a: Froslass|94/100|[from] Sandstorm\n|-damage|p1b: Primarina|60/100|[from] Sandstorm\n|upkeep\n|\n|t:|1776391234\n|switch|p1a: Tyranitar|Tyranitar-Mega, L50, F|100/100\n|turn|7\n|\n|t:|1776391242\n|detailschange|p2a: Froslass|Froslass-Mega, L50, F\n|-mega|p2a: Froslass|Froslass|Froslassite\n|-weather|Snowscape|[from] ability: Snow Warning|[of] p2a: Froslass\n|move|p1a: Tyranitar|Protect|p1a: Tyranitar\n|-singleturn|p1a: Tyranitar|Protect\n|move|p2a: Froslass|Aurora Veil|p2a: Froslass\n|-sidestart|p2: Phillip Blevin|move: Aurora Veil\n|move|p1b: Primarina|Hyper Voice|p2a: Froslass|[spread] p2a,p2b\n|-damage|p2a: Froslass|62/100\n|-damage|p2b: Corviknight|78/100\n|move|p2b: Corviknight|Brave Bird|p1b: Primarina\n|-damage|p1b: Primarina|0 fnt\n|faint|p1b: Primarina\n|-damage|p2b: Corviknight|60/100|[from] Recoil\n|\n|-weather|Snowscape|[upkeep]\n|-heal|p2b: Corviknight|66/100|[from] item: Leftovers\n|upkeep\n|turn|8\n|-message|KIRB12345! forfeited.\n|\n|win|Phillip Blevin\n|raw|KIRB12345!'s rating: 1202 &rarr; <strong>1182</strong><br />(-20 for losing)\n|raw|Phillip Blevin's rating: 1267 &rarr; <strong>1287</strong><br />(+20 for winning)\n",
  "uploadtime": 1776391248,
  "views": 17,
  "formatid": "gen9championsvgc2026regma",
  "rating": 1182,
  "private": 0,
  "password": null
}