{
  "id": "gen9championsvgc2026regma-2584194278",
  "format": "[Gen 9 Champions] VGC 2026 Reg M-A",
  "players": [
    "kurama512",
    "benniovyalt"
  ],
  "log": "|j|\u2606kurama512\n|j|\u2606benniovyalt\n|t:|1776236701\n|gametype|doubles\n|player|p1|kurama512|1|1265\n|player|p2|benniovyalt|bellepa|1311\n|gen|9\n|tier|[Gen 9 Champions] VGC 2026 Reg M-A\n|rated|\n|rule|Species Clause: Limit one of each Pok\u00e9mon\n|rule|Item Clause: Limit 1 of each item\n|clearpoke\n|poke|p1|Victreebel, L50, M|\n|poke|p1|Torkoal, L50, M|\n|poke|p1|Dragonite, L50, M|\n|poke|p1|Sneasler, L50, F|\n|poke|p1|Farigiraf, L50, F|\n|poke|p1|Garchomp, L50, F|\n|poke|p2|Tyranitar, L50, F|\n|poke|p2|Excadrill, L50, F|\n|poke|p2|Milotic, L50, F|\n|poke|p2|Incineroar, L50, F|\n|poke|p2|Sinistcha, L50|\n|poke|p2|Aggron, L50, M|\n|teampreview|4\nbenniovyalt has agreed to open team sheets.\n|\n|t:|1776236777\n|teamsize|p1|4\n|teamsize|p2|4\n|start\n|switch|p1a: Sneasler|Sneasler, L50, F|100/100\n|switch|p1b: Victreebel|Victreebel, L50, M|100/100\n|switch|p2a: Aggron|Aggron, L50, M|100/100\n|switch|p2b: Incineroar|Incineroar, L50, F|100/100\n|-ability|p2b: Incineroar|Intimidate|boost\n|-unboost|p1a: Sneasler|atk|1\n|-unboost|p1b: Victreebel|atk|1\n|turn|1\n|\n|t:|1776236820\n|switch|p1a: Torkoal|Torkoal, L50, M|100/100\n|-weather|SunnyDay|[from] ability: Drought|[of] p1a: Torkoal\n|detailschange|p1b: Victreebel|Victreebel-Mega, L50, M\n|-mega|p1b: Victreebel|Victreebel|Victreebelite\n|detailschange|p2a: Aggron|Aggron-Mega, L50, M\n|-mega|p2a: Aggron|Aggron|Aggronite\n|move|p2b: Incineroar|Fake Out|p1b: Victreebel\n|-damage|p1b: Victreebel|89/100\n|cant|p1b: Victreebel|flinch\n|move|p2a: Aggron|Iron Defense|p2a: Aggron\n|-boost|p2a: Aggron|def|2\n|\n|-weather|SunnyDay|[upkeep]\n|upkeep\n|turn|2\n|\n|t:|1776236843\n|move|p1b: Victreebel|Weather Ball|p2a: Aggron\n|-supereffective|p2a: Aggron|1\n|-damage|p2a: Aggron|19/100\n|move|p2b: Incineroar|Throat Chop|p1a: Torkoal\n|-damage|p1a: Torkoal|75/100\n|-start|p1a: Torkoal|Throat Chop|[silent]\n|move|p2a: Aggron|Body Press|p1a: Torkoal\n|-damage|p1a: Torkoal|15/100\n|move|p1a: Torkoal|Eruption|p2a: Aggron|[spread] p2a,p2b\n|-supereffective|p2a: Aggron|1\n|-resisted|p2b: Incineroar|1\n|-damage|p2a: Aggron|1/100\n|-damage|p2b: Incineroar|96/100\n|\n|-weather|SunnyDay|[upkeep]\n|upkeep\n|turn|3\n|n|!benniovyalt|benniovyalt\n|\n|t:|1776236877\n|switch|p1a: Garchomp|Garchomp, L50, F|100/100\n|move|p2a: Aggron|Protect|p2a: Aggron\n|-singleturn|p2a: Aggron|Protect\n|move|p1b: Victreebel|Weather Ball|p2a: Aggron\n|-activate|p2a: Aggron|move: Protect\n|move|p2b: Incineroar|Parting Shot|p1b: Victreebel\n|-unboost|p1b: Victreebel|atk|1\n|-unboost|p1b: Victreebel|spa|1\n|\n|t:|1776236885\n|switch|p2b: Sinistcha|Sinistcha, L50|100/100|[from] Parting Shot\n|-heal|p2a: Aggron|26/100|[from] ability: Hospitality|[of] p2b: Sinistcha\n|\n|-weather|SunnyDay|[upkeep]\n|upkeep\n|turn|4\n|\n|t:|1776236928\n|switch|p2b: Incineroar|Incineroar, L50, F|96/100\n|-ability|p2b: Incineroar|Intimidate|boost\n|-unboost|p1a: Garchomp|atk|1\n|-unboost|p1b: Victreebel|atk|1\n|-enditem|p1a: Garchomp|White Herb\n|-clearnegativeboost|p1a: Garchomp|[silent]\n|switch|p2a: Tyranitar|Tyranitar, L50, F|100/100\n|-weather|Sandstorm|[from] ability: Sand Stream|[of] p2a: Tyranitar\n|move|p1a: Garchomp|Earthquake|p2a: Tyranitar|[spread] p1b,p2a,p2b\n|-supereffective|p2a: Tyranitar|1\n|-supereffective|p2b: Incineroar|1\n|-enditem|p2b: Incineroar|Shuca Berry|[eat]\n|-enditem|p2b: Incineroar|Shuca Berry|[weaken]\n|-damage|p1b: Victreebel|48/100\n|-damage|p2a: Tyranitar|32/100\n|-damage|p2b: Incineroar|66/100\n|move|p1b: Victreebel|Weather Ball|p2b: Incineroar\n|-supereffective|p2b: Incineroar|1\n|-damage|p2b: Incineroar|23/100\n|\n|-weather|Sandstorm|[upkeep]\n|-damage|p1b: Victreebel|42/100|[from] Sandstorm\n|-damage|p2b: Incineroar|17/100|[from] Sandstorm\n|upkeep\n|turn|5\n|\n|t:|1776236964\n|switch|p1b: Torkoal|Torkoal, L50, M|15/100\n|-weather|SunnyDay|[from] ability: Drought|[of] p1b: Torkoal\n|switch|p2b: Sinistcha|Sinistcha, L50|100/100\n|-heal|p2a: Tyranitar|57/100|[from] ability: Hospitality|[of] p2b: Sinistcha\n|move|p1a: Garchomp|Protect|p1a: Garchomp\n|-singleturn|p1a: Garchomp|Protect\n|move|p2a: Tyranitar|Protect||[still]\n|-fail|p2a: Tyranitar\n|\n|-weather|SunnyDay|[upkeep]\n|upkeep\n|turn|6\n|\n|t:|1776236987\n|switch|p2b: Incineroar|Incineroar, L50, F|17/100\n|-ability|p2b: Incineroar|Intimidate|boost\n|-unboost|p1a: Garchomp|atk|1\n|-unboost|p1b: Torkoal|atk|1\n|move|p1b: Torkoal|Protect|p1b: Torkoal\n|-singleturn|p1b: Torkoal|Protect\n|move|p1a: Garchomp|Earthquake|p2b: Incineroar|[spread] p2a,p2b\n|-activate|p1b: Torkoal|move: Protect\n|-supereffective|p2a: Tyranitar|1\n|-supereffective|p2b: Incineroar|1\n|-damage|p2a: Tyranitar|11/100\n|-damage|p2b: Incineroar|0 fnt\n|faint|p2b: Incineroar\n|move|p2a: Tyranitar|Rock Slide|p1a: Garchomp|[spread] p1a\n|-activate|p1b: Torkoal|move: Protect\n|-resisted|p1a: Garchomp|1\n|-damage|p1a: Garchomp|84/100\n|\n|-weather|SunnyDay|[upkeep]\n|upkeep\n|\n|t:|1776236996\n|switch|p2b: Sinistcha|Sinistcha, L50|100/100\n|-heal|p2a: Tyranitar|36/100|[from] ability: Hospitality|[of] p2b: Sinistcha\n|turn|7\n|\n|t:|1776237019\n|switch|p1a: Victreebel|Victreebel-Mega, L50, M|42/100\n|move|p2a: Tyranitar|Protect|p2a: Tyranitar\n|-singleturn|p2a: Tyranitar|Protect\n|move|p2b: Sinistcha|Matcha Gotcha|p1a: Victreebel|[spread] p1a,p1b\n|-resisted|p1a: Victreebel|2\n|-resisted|p1b: Torkoal|1\n|-damage|p1a: Victreebel|35/100\n|-damage|p1b: Torkoal|0 fnt\n|-status|p1a: Victreebel|brn\n|faint|p1b: Torkoal\n|\n|-weather|SunnyDay|[upkeep]\n|-damage|p1a: Victreebel|29/100 brn|[from] brn\n|upkeep\n|\n|t:|1776237035\n|switch|p1b: Sneasler|Sneasler, L50, F|100/100\n|turn|8\n|\n|t:|1776237044\n|move|p2a: Tyranitar|Protect||[still]\n|-fail|p2a: Tyranitar\n|move|p2b: Sinistcha|Protect|p2b: Sinistcha\n|-singleturn|p2b: Sinistcha|Protect\n|move|p1b: Sneasler|Fake Out|p2a: Tyranitar\n|-resisted|p2a: Tyranitar|1\n|-damage|p2a: Tyranitar|30/100\n|move|p1a: Victreebel|Weather Ball|p2b: Sinistcha\n|-activate|p2b: Sinistcha|move: Protect\n|\n|-weather|SunnyDay|[upkeep]\n|-damage|p1a: Victreebel|23/100 brn|[from] brn\n|upkeep\n|turn|9\n|\n|t:|1776237068\n|switch|p1b: Garchomp|Garchomp, L50, F|84/100\n|move|p2b: Sinistcha|Rage Powder|p2b: Sinistcha\n|-singleturn|p2b: Sinistcha|move: Rage Powder\n|move|p2a: Tyranitar|Rock Slide|p1b: Garchomp|[spread] p1a,p1b\n|-resisted|p1b: Garchomp|1\n|-damage|p1a: Victreebel|0 fnt\n|-damage|p1b: Garchomp|69/100\n|-damage|p2a: Tyranitar|6/100|[from] ability: Innards Out|[of] p1a: Victreebel\n|faint|p1a: Victreebel\n|\n|-weather|none\n|upkeep\n|\n|t:|1776237082\n|switch|p1a: Sneasler|Sneasler, L50, F|100/100\n|turn|10\n|-message|benniovyalt forfeited.\n|\n|win|kurama512\n",
  "uploadtime": 1776236852,
  "views": 17,
  "formatid": "gen9championsvgc2026regma",
  "rating": null,
  "private": 0,
  "password": null
}