{
  "id": "gen9championsvgc2026regma-2585056293",
  "format": "[Gen 9 Champions] VGC 2026 Reg M-A",
  "players": [
    "Zeldiha11",
    "DoctorGrizzman"
  ],
  "log": "|j|\u2606Zeldiha11\n|j|\u2606DoctorGrizzman\n|t:|1776307346\n|gametype|doubles\n|player|p1|Zeldiha11|2|1120\n|player|p2|DoctorGrizzman|cynthia|1191\n|gen|9\n|tier|[Gen 9 Champions] VGC 2026 Reg M-A\n|rated|\n|rule|Species Clause: Limit one of each Pok\u00e9mon\n|rule|Item Clause: Limit 1 of each item\n|clearpoke\n|poke|p1|Kangaskhan, L50, F|\n|poke|p1|Arcanine-Hisui, L50, F|\n|poke|p1|Clefable, L50, F|\n|poke|p1|Corviknight, L50, M|\n|poke|p1|Milotic, L50, F|\n|poke|p1|Sinistcha, L50|\n|poke|p2|Runerigus, L50, F|\n|poke|p2|Ampharos, L50, M|\n|poke|p2|Primarina, L50, M|\n|poke|p2|Chimecho, L50, F|\n|poke|p2|Rhyperior, L50, M|\n|poke|p2|Sinistcha, L50|\n|teampreview|4\n|\n|t:|1776307424\n|teamsize|p1|4\n|teamsize|p2|4\n|start\n|switch|p1a: Corviknight|Corviknight, L50, M|100/100\n|switch|p1b: Kangaskhan|Kangaskhan, L50, F|100/100\n|switch|p2a: Runerigus|Runerigus, L50, F|100/100\n|switch|p2b: Ampharos|Ampharos, L50, M|100/100\n|turn|1\n|\n|t:|1776307442\n|switch|p1a: Sinistcha|Sinistcha, L50, shiny|100/100\n|detailschange|p2b: Ampharos|Ampharos-Mega, L50, M\n|-mega|p2b: Ampharos|Ampharos|Ampharosite\n|-ability|p2b: Ampharos|Mold Breaker\n|move|p1b: Kangaskhan|Fake Out|p2a: Runerigus\n|-crit|p2a: Runerigus\n|-damage|p2a: Runerigus|80/100\n|-activate|p1b: Kangaskhan|Skill Swap|Wandering Spirit|Scrappy|[of] p2a: Runerigus\n|move|p2b: Ampharos|Parabolic Charge|p1a: Sinistcha|[spread] p1a,p1b\n|-immune|p2a: Runerigus\n|-resisted|p1a: Sinistcha|1\n|-damage|p1a: Sinistcha|86/100\n|-damage|p1b: Kangaskhan|59/100\n|cant|p2a: Runerigus|flinch\n|\n|-heal|p1a: Sinistcha|93/100|[from] item: Leftovers\n|upkeep\n|turn|2\n|\n|t:|1776307464\n|detailschange|p1b: Kangaskhan|Kangaskhan-Mega, L50, F\n|-mega|p1b: Kangaskhan|Kangaskhan|Kangaskhanite\n|move|p2b: Ampharos|Protect|p2b: Ampharos\n|-singleturn|p2b: Ampharos|Protect\n|move|p1b: Kangaskhan|Ice Punch|p2b: Ampharos\n|-activate|p2b: Ampharos|move: Protect\n|move|p1a: Sinistcha|Life Dew|p1a: Sinistcha|[spread] p1a,p1b\n|-heal|p1a: Sinistcha|100/100\n|-heal|p1b: Kangaskhan|84/100\n|move|p2a: Runerigus|Trick Room|p2a: Runerigus\n|-fieldstart|move: Trick Room|[of] p2a: Runerigus\n|\n|upkeep\n|turn|3\n|\n|t:|1776307503\n|move|p1a: Sinistcha|Rage Powder|p1a: Sinistcha\n|-singleturn|p1a: Sinistcha|move: Rage Powder\n|move|p2a: Runerigus|Fake Tears|p1a: Sinistcha\n|-unboost|p1a: Sinistcha|spd|2\n|move|p2b: Ampharos|Parabolic Charge|p1a: Sinistcha|[spread] p1a,p1b\n|-immune|p2a: Runerigus\n|-resisted|p1a: Sinistcha|1\n|-damage|p1a: Sinistcha|71/100\n|-damage|p1b: Kangaskhan|54/100\n|move|p1b: Kangaskhan|Ice Punch|p2b: Ampharos\n|-supereffective|p2b: Ampharos|1\n|-damage|p2b: Ampharos|50/100\n|-supereffective|p2b: Ampharos|1\n|-damage|p2b: Ampharos|39/100\n|-hitcount|p2b: Ampharos|2\n|\n|-heal|p1a: Sinistcha|77/100|[from] item: Leftovers\n|upkeep\n|turn|4\n|\n|t:|1776307522\n|move|p1b: Kangaskhan|Protect|p1b: Kangaskhan\n|-singleturn|p1b: Kangaskhan|Protect\n|move|p2a: Runerigus|Fake Tears|p1b: Kangaskhan\n|-activate|p1b: Kangaskhan|move: Protect\n|move|p2b: Ampharos|Parabolic Charge|p1b: Kangaskhan|[spread] p1a\n|-activate|p1b: Kangaskhan|move: Protect\n|-immune|p2a: Runerigus\n|-resisted|p1a: Sinistcha|1\n|-damage|p1a: Sinistcha|49/100\n|-heal|p2b: Ampharos|52/100|[from] drain|[of] p1a: Sinistcha\n|move|p1a: Sinistcha|Life Dew|p1a: Sinistcha|[spread] p1a,p1b\n|-heal|p1a: Sinistcha|74/100\n|-heal|p1b: Kangaskhan|79/100\n|\n|-heal|p1a: Sinistcha|80/100|[from] item: Leftovers\n|upkeep\n|turn|5\n|\n|t:|1776307548\n|move|p2a: Runerigus|Fake Tears|p1b: Kangaskhan\n|-unboost|p1b: Kangaskhan|spd|2\n|move|p2b: Ampharos|Parabolic Charge|p1a: Sinistcha|[spread] p1a,p1b\n|-immune|p2a: Runerigus\n|-resisted|p1a: Sinistcha|1\n|-damage|p1a: Sinistcha|53/100\n|-heal|p2b: Ampharos|64/100|[from] drain|[of] p1a: Sinistcha\n|-damage|p1b: Kangaskhan|11/100\n|-heal|p2b: Ampharos|96/100|[from] drain|[of] p1b: Kangaskhan\n|move|p1a: Sinistcha|Life Dew|p1a: Sinistcha|[spread] p1a,p1b\n|-heal|p1a: Sinistcha|78/100\n|-heal|p1b: Kangaskhan|36/100\n|move|p1b: Kangaskhan|Ice Punch|p2a: Runerigus\n|-supereffective|p2a: Runerigus|1\n|-damage|p2a: Runerigus|42/100\n|-supereffective|p2a: Runerigus|1\n|-damage|p2a: Runerigus|33/100\n|-hitcount|p2a: Runerigus|2\n|\n|-heal|p1a: Sinistcha|84/100|[from] item: Leftovers\n|upkeep\n|turn|6\n|\n|t:|1776307568\n|move|p1b: Kangaskhan|Protect|p1b: Kangaskhan\n|-singleturn|p1b: Kangaskhan|Protect\n|move|p2a: Runerigus|Destiny Bond|p2a: Runerigus\n|-singlemove|p2a: Runerigus|Destiny Bond\n|move|p2b: Ampharos|Parabolic Charge|p1a: Sinistcha|[spread] p1a\n|-activate|p1b: Kangaskhan|move: Protect\n|-immune|p2a: Runerigus\n|-resisted|p1a: Sinistcha|1\n|-crit|p1a: Sinistcha\n|-damage|p1a: Sinistcha|39/100\n|-heal|p2b: Ampharos|100/100|[from] drain|[of] p1a: Sinistcha\n|move|p1a: Sinistcha|Life Dew|p1a: Sinistcha|[spread] p1a,p1b\n|-heal|p1a: Sinistcha|64/100\n|-heal|p1b: Kangaskhan|61/100\n|\n|-heal|p1a: Sinistcha|70/100|[from] item: Leftovers\n|-fieldend|move: Trick Room\n|upkeep\n|turn|7\n|\n|t:|1776307592\n|move|p1b: Kangaskhan|Ice Punch|p2b: Ampharos\n|-supereffective|p2b: Ampharos|1\n|-damage|p2b: Ampharos|52/100\n|-supereffective|p2b: Ampharos|1\n|-damage|p2b: Ampharos|41/100\n|-hitcount|p2b: Ampharos|2\n|move|p1a: Sinistcha|Life Dew|p1a: Sinistcha|[spread] p1a,p1b\n|-heal|p1a: Sinistcha|95/100\n|-heal|p1b: Kangaskhan|87/100\n|move|p2b: Ampharos|Parabolic Charge|p1a: Sinistcha|[spread] p1a,p1b\n|-immune|p2a: Runerigus\n|-resisted|p1a: Sinistcha|1\n|-damage|p1a: Sinistcha|63/100\n|-heal|p2b: Ampharos|55/100|[from] drain|[of] p1a: Sinistcha\n|-damage|p1b: Kangaskhan|24/100\n|-heal|p2b: Ampharos|84/100|[from] drain|[of] p1b: Kangaskhan\n|move|p2a: Runerigus|Trick Room|p2a: Runerigus\n|-fieldstart|move: Trick Room|[of] p2a: Runerigus\n|\n|-heal|p1a: Sinistcha|70/100|[from] item: Leftovers\n|upkeep\n|turn|8\n|\n|t:|1776307615\n|move|p1b: Kangaskhan|Protect|p1b: Kangaskhan\n|-singleturn|p1b: Kangaskhan|Protect\n|move|p2a: Runerigus|Will-O-Wisp|p1b: Kangaskhan\n|-activate|p1b: Kangaskhan|move: Protect\n|move|p2b: Ampharos|Parabolic Charge|p1a: Sinistcha|[spread] p1a\n|-activate|p1b: Kangaskhan|move: Protect\n|-immune|p2a: Runerigus\n|-resisted|p1a: Sinistcha|1\n|-damage|p1a: Sinistcha|42/100\n|-heal|p2b: Ampharos|97/100|[from] drain|[of] p1a: Sinistcha\n|move|p1a: Sinistcha|Life Dew|p1a: Sinistcha|[spread] p1a,p1b\n|-heal|p1a: Sinistcha|67/100\n|-heal|p1b: Kangaskhan|49/100\n|\n|-heal|p1a: Sinistcha|73/100|[from] item: Leftovers\n|upkeep\n|turn|9\n|inactive|Battle timer is ON: inactive players will automatically lose when time's up. (requested by DoctorGrizzman)\n|\n|t:|1776307644\n|move|p2a: Runerigus|Fake Tears|p1b: Kangaskhan\n|-unboost|p1b: Kangaskhan|spd|2\n|move|p2b: Ampharos|Parabolic Charge|p1a: Sinistcha|[spread] p1a,p1b\n|-immune|p2a: Runerigus\n|-resisted|p1a: Sinistcha|1\n|-damage|p1a: Sinistcha|44/100\n|-heal|p2b: Ampharos|100/100|[from] drain|[of] p1a: Sinistcha\n|-damage|p1b: Kangaskhan|0 fnt\n|faint|p1b: Kangaskhan\n|move|p1a: Sinistcha|Life Dew|p1a: Sinistcha\n|-heal|p1a: Sinistcha|69/100\n|\n|-heal|p1a: Sinistcha|75/100|[from] item: Leftovers\n|upkeep\n|\n|t:|1776307657\n|switch|p1b: Arcanine|Arcanine-Hisui, L50, F|100/100\n|-ability|p1b: Arcanine|Intimidate|boost\n|-fail|p2a: Runerigus|unboost|Attack|[from] ability: Scrappy|[of] p2a: Runerigus\n|-unboost|p2b: Ampharos|atk|1\n|turn|10\n|\n|t:|1776307678\n|move|p2a: Runerigus|Fake Tears|p1b: Arcanine\n|-unboost|p1b: Arcanine|spd|2\n|-enditem|p1b: Arcanine|White Herb\n|-clearnegativeboost|p1b: Arcanine|[silent]\n|move|p2b: Ampharos|Parabolic Charge|p1a: Sinistcha|[spread] p1a,p1b\n|-immune|p2a: Runerigus\n|-resisted|p1a: Sinistcha|1\n|-damage|p1a: Sinistcha|47/100\n|-damage|p1b: Arcanine|62/100\n|move|p1a: Sinistcha|Matcha Gotcha|p2a: Runerigus|[spread] p2a,p2b\n|-supereffective|p2a: Runerigus|1\n|-resisted|p2b: Ampharos|1\n|-damage|p2a: Runerigus|0 fnt\n|-heal|p1a: Sinistcha|62/100|[from] drain|[of] p2a: Runerigus\n|-damage|p2b: Ampharos|90/100\n|-heal|p1a: Sinistcha|68/100|[from] drain|[of] p2b: Ampharos\n|faint|p2a: Runerigus\n|move|p1b: Arcanine|Close Combat|p2b: Ampharos\n|-damage|p2b: Ampharos|52/100\n|-unboost|p1b: Arcanine|def|1\n|-unboost|p1b: Arcanine|spd|1\n|\n|-heal|p1a: Sinistcha|74/100|[from] item: Leftovers\n|upkeep\n|\n|t:|1776307693\n|switch|p2a: Rhyperior|Rhyperior, L50, M|100/100\n|turn|11\n|inactive|Zeldiha11 has 30 seconds left.\n|\n|t:|1776307721\n|move|p2a: Rhyperior|Rock Slide|p1a: Sinistcha|[spread] p1a,p1b\n|-supereffective|p1b: Arcanine|1\n|-damage|p1a: Sinistcha|44/100\n|-damage|p1b: Arcanine|0 fnt\n|faint|p1b: Arcanine\n|move|p2b: Ampharos|Parabolic Charge|p1a: Sinistcha|[spread] p1a\n|-immune|p2a: Rhyperior\n|-resisted|p1a: Sinistcha|1\n|-damage|p1a: Sinistcha|12/100\n|-heal|p2b: Ampharos|67/100|[from] drain|[of] p1a: Sinistcha\n|move|p1a: Sinistcha|Life Dew|p1a: Sinistcha\n|-heal|p1a: Sinistcha|37/100\n|\n|-heal|p1a: Sinistcha|43/100|[from] item: Leftovers\n|-fieldend|move: Trick Room\n|upkeep\n|\n|t:|1776307735\n|switch|p1b: Corviknight|Corviknight, L50, M|100/100\n|turn|12\n|\n|t:|1776307751\n|switch|p2a: Sinistcha|Sinistcha, L50|100/100\n|move|p1a: Sinistcha|Matcha Gotcha|p2a: Sinistcha|[spread] p2a,p2b\n|-resisted|p2a: Sinistcha|1\n|-resisted|p2b: Ampharos|1\n|-damage|p2a: Sinistcha|89/100\n|-heal|p1a: Sinistcha|49/100|[from] drain|[of] p2a: Sinistcha\n|-damage|p2b: Ampharos|56/100\n|-heal|p1a: Sinistcha|56/100|[from] drain|[of] p2b: Ampharos\n|-status|p2a: Sinistcha|brn\n|-status|p2b: Ampharos|brn\n|move|p1b: Corviknight|Brave Bird|p2b: Ampharos\n|-resisted|p2b: Ampharos|1\n|-damage|p2b: Ampharos|35/100 brn\n|-damage|p1b: Corviknight|94/100|[from] Recoil\n|move|p2b: Ampharos|Parabolic Charge|p1a: Sinistcha|[spread] p2a,p1a,p1b\n|-resisted|p2a: Sinistcha|1\n|-resisted|p1a: Sinistcha|1\n|-supereffective|p1b: Corviknight|1\n|-damage|p2a: Sinistcha|74/100 brn\n|-heal|p2b: Ampharos|42/100 brn|[from] drain|[of] p2a: Sinistcha\n|-damage|p1a: Sinistcha|26/100\n|-heal|p2b: Ampharos|56/100 brn|[from] drain|[of] p1a: Sinistcha\n|-damage|p1b: Corviknight|32/100\n|-heal|p2b: Ampharos|88/100 brn|[from] drain|[of] p1b: Corviknight\n|-enditem|p1b: Corviknight|Sitrus Berry|[eat]\n|-heal|p1b: Corviknight|57/100|[from] item: Sitrus Berry\n|\n|-heal|p1a: Sinistcha|32/100|[from] item: Leftovers\n|-damage|p2a: Sinistcha|71/100 brn|[from] brn\n|-damage|p2b: Ampharos|82/100 brn|[from] brn\n|upkeep\n|turn|13\n|inactive|Zeldiha11 has 30 seconds left.\n|inactive|DoctorGrizzman has 30 seconds left.\n|-message|Zeldiha11 forfeited.\n|\n|win|DoctorGrizzman\n|raw|Zeldiha11's rating: 1120 &rarr; <strong>1100</strong><br />(-20 for losing)\n|raw|DoctorGrizzman's rating: 1191 &rarr; <strong>1211</strong><br />(+20 for winning)\n|l|\u2606Zeldiha11\n|player|p1|\n",
  "uploadtime": 1776307785,
  "views": 34,
  "formatid": "gen9championsvgc2026regma",
  "rating": 1100,
  "private": 0,
  "password": null
}