{
  "id": "gen9championsvgc2026regma-2581687289",
  "format": "[Gen 9 Champions] VGC 2026 Reg M-A",
  "players": [
    "Sneaselpink",
    "Deusah010"
  ],
  "log": "|j|\u2606Sneaselpink\n|j|\u2606Deusah010\n|t:|1776020740\n|gametype|doubles\n|player|p1|Sneaselpink|brock|1062\n|player|p2|Deusah010|punkgirl|1051\n|gen|9\n|tier|[Gen 9 Champions] VGC 2026 Reg M-A\n|rated|\n|rule|Species Clause: Limit one of each Pok\u00e9mon\n|rule|Item Clause: Limit 1 of each item\n|clearpoke\n|poke|p1|Basculegion, L50, M|\n|poke|p1|Sableye, L50, M|\n|poke|p1|Aerodactyl, L50, M|\n|poke|p1|Floette-Eternal, L50, F|\n|poke|p1|Sneasler, L50, F|\n|poke|p1|Incineroar, L50, M|\n|poke|p2|Torkoal, L50, F|\n|poke|p2|Arcanine-Hisui, L50, F|\n|poke|p2|Venusaur, L50, F|\n|poke|p2|Victreebel, L50, F|\n|poke|p2|Charizard, L50, F|\n|poke|p2|Salazzle, L50, F|\n|teampreview|4\nDeusah010 has agreed to open team sheets.\n|\n|t:|1776020781\n|teamsize|p1|4\n|teamsize|p2|4\n|start\n|switch|p1a: Aerodactyl|Aerodactyl, L50, M|100/100\n|switch|p1b: Incineroar|Incineroar, L50, M, shiny|100/100\n|switch|p2a: Venusaur|Venusaur, L50, F|100/100\n|switch|p2b: Charizard|Charizard, L50, F, shiny|100/100\n|-ability|p1a: Aerodactyl|Unnerve\n|-ability|p1b: Incineroar|Intimidate|boost\n|-unboost|p2a: Venusaur|atk|1\n|-unboost|p2b: Charizard|atk|1\n|turn|1\n|\n|t:|1776020805\n|detailschange|p2b: Charizard|Charizard-Mega-Y, L50, F, shiny\n|-mega|p2b: Charizard|Charizard|Charizardite Y\n|-weather|SunnyDay|[from] ability: Drought|[of] p2b: Charizard\n|move|p2b: Charizard|Protect|p2b: Charizard\n|-singleturn|p2b: Charizard|Protect\n|move|p1b: Incineroar|Fake Out|p2a: Venusaur\n|-damage|p2a: Venusaur|89/100\n|cant|p2a: Venusaur|flinch\n|move|p1a: Aerodactyl|Dual Wingbeat|p2a: Venusaur|[miss]\n|-miss|p1a: Aerodactyl|p2a: Venusaur\n|\n|-weather|SunnyDay|[upkeep]\n|upkeep\n|turn|2\n|\n|t:|1776020829\n|move|p1a: Aerodactyl|Protect|p1a: Aerodactyl\n|-singleturn|p1a: Aerodactyl|Protect\n|move|p2a: Venusaur|Giga Drain|p1a: Aerodactyl\n|-activate|p1a: Aerodactyl|move: Protect\n|move|p2b: Charizard|Heat Wave|p1b: Incineroar|[spread] p1b\n|-activate|p1a: Aerodactyl|move: Protect\n|-resisted|p1b: Incineroar|1\n|-damage|p1b: Incineroar|71/100\n|move|p1b: Incineroar|Flare Blitz|p2a: Venusaur\n|-supereffective|p2a: Venusaur|1\n|-damage|p2a: Venusaur|0 fnt\n|faint|p2a: Venusaur\n|-damage|p1b: Incineroar|44/100|[from] Recoil\n|-enditem|p1b: Incineroar|Sitrus Berry|[eat]\n|-heal|p1b: Incineroar|68/100|[from] item: Sitrus Berry\n|\n|-weather|SunnyDay|[upkeep]\n|upkeep\n|\n|t:|1776020847\n|switch|p2a: Torkoal|Torkoal, L50, F|100/100\n|turn|3\n|\n|t:|1776020859\n|move|p1a: Aerodactyl|Rock Slide|p2b: Charizard|[spread] p2a,p2b\n|-supereffective|p2a: Torkoal|1\n|-supereffective|p2b: Charizard|2\n|-damage|p2a: Torkoal|70/100\n|-damage|p2b: Charizard|0 fnt\n|faint|p2b: Charizard\n|move|p1b: Incineroar|Parting Shot|p2a: Torkoal\n|-unboost|p2a: Torkoal|atk|1\n|-unboost|p2a: Torkoal|spa|1\n|\n|t:|1776020866\n|switch|p1b: Sableye|Sableye, L50, M|100/100|[from] Parting Shot\n|move|p2a: Torkoal|Eruption|p1b: Sableye|[spread] p1a,p1b\n|-resisted|p1a: Aerodactyl|1\n|-damage|p1a: Aerodactyl|81/100\n|-damage|p1b: Sableye|65/100\n|\n|-weather|SunnyDay|[upkeep]\n|upkeep\n|\n|t:|1776020876\n|switch|p2b: Salazzle|Salazzle, L50, F|100/100\n|turn|4\n|\n|t:|1776020884\n|move|p1b: Sableye|Rain Dance|p1b: Sableye\n|-weather|RainDance\n|move|p1a: Aerodactyl|Rock Slide|p2a: Torkoal|[spread] p2a,p2b\n|-supereffective|p2a: Torkoal|1\n|-supereffective|p2b: Salazzle|1\n|-damage|p2a: Torkoal|38/100\n|-damage|p2b: Salazzle|0 fnt\n|faint|p2b: Salazzle\n|move|p2a: Torkoal|Solar Beam||[still]\n|-prepare|p2a: Torkoal|Solar Beam\n|\n|-weather|RainDance|[upkeep]\n|upkeep\n|turn|5\n|\n|t:|1776020898\n|move|p1a: Aerodactyl|Rock Slide|p2a: Torkoal\n|-supereffective|p2a: Torkoal|1\n|-damage|p2a: Torkoal|0 fnt\n|faint|p2a: Torkoal\n|\n|win|Sneaselpink\n|raw|Sneaselpink's rating: 1062 &rarr; <strong>1092</strong><br />(+30 for winning)\n|raw|Deusah010's rating: 1051 &rarr; <strong>1034</strong><br />(-17 for losing)\n|l|\u2606Deusah010\n|player|p2|\n",
  "uploadtime": 1776020905,
  "views": 21,
  "formatid": "gen9championsvgc2026regma",
  "rating": 1034,
  "private": 0,
  "password": null
}