{
  "id": "gen9championsvgc2026regma-2583669204",
  "format": "[Gen 9 Champions] VGC 2026 Reg M-A",
  "players": [
    "metaroou",
    "lucio m"
  ],
  "log": "|j|\u2606metaroou\n|j|\u2606lucio m\n|t:|1776189944\n|gametype|doubles\n|player|p1|metaroou|rocketgrunt|1144\n|player|p2|lucio m|266|1223\n|gen|9\n|tier|[Gen 9 Champions] VGC 2026 Reg M-A\n|rated|\n|rule|Species Clause: Limit one of each Pok\u00e9mon\n|rule|Item Clause: Limit 1 of each item\n|clearpoke\n|poke|p1|Scizor, L50, M|\n|poke|p1|Pelipper, L50, M|\n|poke|p1|Archaludon, L50, M|\n|poke|p1|Basculegion, L50, M|\n|poke|p1|Sinistcha, L50|\n|poke|p1|Arcanine-Hisui, L50, M|\n|poke|p2|Charizard, L50, F|\n|poke|p2|Meganium, L50, F|\n|poke|p2|Corviknight, L50, F|\n|poke|p2|Garchomp, L50, F|\n|poke|p2|Gengar, L50, M|\n|poke|p2|Rotom-Wash, L50|\n|teampreview|4\n|\n|t:|1776189957\n|teamsize|p1|4\n|teamsize|p2|4\n|start\n|switch|p1a: Totti|Scizor, L50, M|100/100\n|switch|p1b: Montella|Arcanine-Hisui, L50, M|100/100\n|switch|p2a: Corviknight|Corviknight, L50, F|100/100\n|switch|p2b: Rotom|Rotom-Wash, L50|100/100\n|turn|1\n|inactive|Battle timer is ON: inactive players will automatically lose when time's up. (requested by metaroou)\n|\n|t:|1776189968\n|detailschange|p1a: Totti|Scizor-Mega, L50, M\n|-mega|p1a: Totti|Scizor|Scizorite\n|move|p1b: Montella|Stealth Rock|p2a: Corviknight\n|-sidestart|p2: lucio m|move: Stealth Rock\n|move|p2b: Rotom|Hydro Pump|p1b: Montella\n|-supereffective|p1b: Montella|2\n|-enditem|p1b: Montella|Focus Sash\n|-damage|p1b: Montella|1/100\n|move|p1a: Totti|Swords Dance|p1a: Totti\n|-boost|p1a: Totti|atk|2\n|move|p2a: Corviknight|Iron Defense|p2a: Corviknight\n|-boost|p2a: Corviknight|def|2\n|\n|upkeep\n|turn|2\n|\n|t:|1776189987\n|move|p1b: Montella|Flare Blitz|p2a: Corviknight\n|-supereffective|p2a: Corviknight|1\n|-damage|p2a: Corviknight|61/100\n|move|p2b: Rotom|Volt Switch|p1b: Montella\n|-damage|p1b: Montella|0 fnt\n|faint|p1b: Montella\n|\n|t:|1776189992\n|switch|p2b: Garchomp|Garchomp, L50, F|100/100|[from] Volt Switch\n|-damage|p2b: Garchomp|94/100|[from] Stealth Rock\n|move|p1a: Totti|Swords Dance|p1a: Totti\n|-boost|p1a: Totti|atk|2\n|move|p2a: Corviknight|Tailwind|p2a: Corviknight\n|-sidestart|p2: lucio m|move: Tailwind\n|\n|-heal|p2a: Corviknight|67/100|[from] item: Leftovers\n|upkeep\n|\n|t:|1776190002\n|switch|p1b: Tommasi|Pelipper, L50, M, shiny|100/100\n|-weather|RainDance|[from] ability: Drizzle|[of] p1b: Tommasi\n|turn|3\n|\n|t:|1776190009\n|move|p1a: Totti|Bullet Punch|p2b: Garchomp\n|-damage|p2b: Garchomp|0 fnt\n|-damage|p1a: Totti|88/100|[from] ability: Rough Skin|[of] p2b: Garchomp\n|faint|p2b: Garchomp\n|move|p2a: Corviknight|Body Press|p1a: Totti\n|-damage|p1a: Totti|54/100\n|move|p1b: Tommasi|Weather Ball|p2a: Corviknight\n|-damage|p2a: Corviknight|26/100\n|\n|-weather|RainDance|[upkeep]\n|-heal|p2a: Corviknight|32/100|[from] item: Leftovers\n|upkeep\n|\n|t:|1776190017\n|switch|p2b: Rotom|Rotom-Wash, L50|100/100\n|-damage|p2b: Rotom|88/100|[from] Stealth Rock\n|turn|4\n|\n|t:|1776190031\n|move|p1b: Tommasi|Protect|p1b: Tommasi\n|-singleturn|p1b: Tommasi|Protect\n|move|p1a: Totti|Bullet Punch|p2b: Rotom\n|-resisted|p2b: Rotom|2\n|-damage|p2b: Rotom|57/100\n|move|p2b: Rotom|Hydro Pump|p1a: Totti\n|-damage|p1a: Totti|0 fnt\n|faint|p1a: Totti\n|move|p2a: Corviknight|Body Press|p1b: Tommasi\n|-activate|p1b: Tommasi|move: Protect\n|\n|-weather|RainDance|[upkeep]\n|-heal|p2a: Corviknight|38/100|[from] item: Leftovers\n|upkeep\n|\n|t:|1776190039\n|switch|p1a: Batistuta|Archaludon, L50, M|100/100\n|turn|5\n|\n|t:|1776190046\n|move|p1b: Tommasi|Protect|p1b: Tommasi\n|-singleturn|p1b: Tommasi|Protect\n|move|p2b: Rotom|Thunderbolt|p1b: Tommasi\n|-activate|p1b: Tommasi|move: Protect\n|move|p2a: Corviknight|Body Press|p1a: Batistuta\n|-supereffective|p1a: Batistuta|1\n|-damage|p1a: Batistuta|26/100\n|-ability|p1a: Batistuta|Stamina|boost\n|-boost|p1a: Batistuta|def|1\n|move|p1a: Batistuta|Electro Shot||[still]\n|-prepare|p1a: Batistuta|Electro Shot\n|-boost|p1a: Batistuta|spa|1\n|-anim|p1a: Batistuta|Electro Shot|p2b: Rotom\n|-damage|p2b: Rotom|0 fnt\n|faint|p2b: Rotom\n|-heal|p1a: Batistuta|32/100|[from] item: Shell Bell|[of] p2: Rotom\n|\n|-weather|RainDance|[upkeep]\n|-heal|p2a: Corviknight|44/100|[from] item: Leftovers\n|-sideend|p2: lucio m|move: Tailwind\n|upkeep\n|\n|t:|1776190051\n|switch|p2b: Meganium|Meganium, L50, F|100/100\n|-damage|p2b: Meganium|88/100|[from] Stealth Rock\n|turn|6\n|\n|t:|1776190074\n|detailschange|p2b: Meganium|Meganium-Mega, L50, F\n|-mega|p2b: Meganium|Meganium|Meganiumite\n|move|p2b: Meganium|Weather Ball|p1a: Batistuta\n|-damage|p1a: Batistuta|0 fnt\n|faint|p1a: Batistuta\n|move|p1b: Tommasi|Hurricane|p2b: Meganium\n|-supereffective|p2b: Meganium|1\n|-damage|p2b: Meganium|8/100\n|move|p2a: Corviknight|Body Press|p1b: Tommasi\n|-resisted|p1b: Tommasi|1\n|-damage|p1b: Tommasi|76/100\n|\n|-weather|RainDance|[upkeep]\n|-heal|p1b: Tommasi|82/100|[from] item: Leftovers\n|-heal|p2a: Corviknight|50/100|[from] item: Leftovers\n|upkeep\n|turn|7\n|\n|t:|1776190085\n|move|p2b: Meganium|Solar Beam||[still]\n|-prepare|p2b: Meganium|Solar Beam\n|-activate|p2b: Meganium|ability: Mega Sol\n|-anim|p2b: Meganium|Solar Beam|p1b: Tommasi\n|-damage|p1b: Tommasi|0 fnt\n|faint|p1b: Tommasi\n|\n|win|lucio m\n|raw|metaroou's rating: 1144 &rarr; <strong>1125</strong><br />(-19 for losing)\n|raw|lucio m's rating: 1223 &rarr; <strong>1242</strong><br />(+19 for winning)\n",
  "uploadtime": 1776190088,
  "views": 14,
  "formatid": "gen9championsvgc2026regma",
  "rating": 1125,
  "private": 0,
  "password": null
}