{
  "id": "gen9championsvgc2026regma-2588648469",
  "format": "[Gen 9 Champions] VGC 2026 Reg M-A",
  "players": [
    "KilamanolaVGC",
    "tinyyyy"
  ],
  "log": "|j|\u203dKilamanolaVGC\n|j|\u2606tinyyyy\n|t:|1776653636\n|gametype|doubles\n|player|p1|KilamanolaVGC|benga|1517\n|player|p2|tinyyyy|iono|1519\n|gen|9\n|tier|[Gen 9 Champions] VGC 2026 Reg M-A\n|rated|\n|rule|Species Clause: Limit one of each Pok\u00e9mon\n|rule|Item Clause: Limit 1 of each item\n|clearpoke\n|poke|p1|Hawlucha, L50, F, shiny|\n|poke|p1|Maushold, L50|\n|poke|p1|Garganacl, L50, F, shiny|\n|poke|p1|Sableye, L50, F, shiny|\n|poke|p1|Politoed, L50, M, shiny|\n|poke|p1|Gengar, L50, M, shiny|\n|poke|p2|Floette-Eternal, L50, F|\n|poke|p2|Aerodactyl, L50, F|\n|poke|p2|Delphox, L50, F|\n|poke|p2|Garchomp, L50, F|\n|poke|p2|Kingambit, L50, M|\n|poke|p2|Sneasler, L50, M|\n|teampreview|4\n|inactive|Battle timer is ON: inactive players will automatically lose when time's up. (requested by KilamanolaVGC)\n|j| Ogirwun\nKilamanolaVGC has agreed to open team sheets.\n|inactive|tinyyyy has 60 seconds left.\n|inactive|tinyyyy has 30 seconds left.\n|\n|t:|1776653702\n|teamsize|p1|4\n|teamsize|p2|4\n|start\n|switch|p1a: Gengar|Gengar, L50, M, shiny|100/100\n|switch|p1b: Sableye|Sableye, L50, F, shiny|100/100\n|switch|p2a: Floette|Floette-Eternal, L50, F|100/100\n|switch|p2b: Aerodactyl|Aerodactyl, L50, F|100/100\n|-ability|p2b: Aerodactyl|Unnerve\n|turn|1\n|inactive|tinyyyy has 30 seconds left.\n|inactive|tinyyyy has 20 seconds left.\n|j| GoodraSweetheart76\n|inactive|tinyyyy has 15 seconds left.\n|inactive|tinyyyy has 10 seconds left.\n|inactive|tinyyyy has 5 seconds left.\n|\n|t:|1776653760\n|detailschange|p1a: Gengar|Gengar-Mega, L50, M, shiny\n|-mega|p1a: Gengar|Gengar|Gengarite\n|detailschange|p2a: Floette|Floette-Mega, L50, F\n|-mega|p2a: Floette|Floette|Floettite\n|-ability|p2a: Floette|Fairy Aura\n|move|p1b: Sableye|Fake Out|p2b: Aerodactyl\n|-resisted|p2b: Aerodactyl|1\n|-crit|p2b: Aerodactyl\n|-damage|p2b: Aerodactyl|93/100\n|cant|p2b: Aerodactyl|flinch\n|move|p1a: Gengar|Perish Song|p1a: Gengar\n|-start|p1a: Gengar|perish3|[silent]\n|-start|p1b: Sableye|perish3|[silent]\n|-start|p2a: Floette|perish3|[silent]\n|-start|p2b: Aerodactyl|perish3|[silent]\n|-fieldactivate|move: Perish Song\n|move|p2a: Floette|Dazzling Gleam|p1b: Sableye|[spread] p1a,p1b\n|-resisted|p1a: Gengar|1\n|-supereffective|p1b: Sableye|1\n|-damage|p1a: Gengar|74/100\n|-damage|p1b: Sableye|0 fnt\n|faint|p1b: Sableye\n|\n|-start|p2b: Aerodactyl|perish3\n|-start|p1a: Gengar|perish3\n|-start|p2a: Floette|perish3\n|upkeep\n|\n|t:|1776653779\n|switch|p1b: Maushold|Maushold, L50|100/100\n|turn|2\n|\n|t:|1776653795\n|move|p1a: Gengar|Protect|p1a: Gengar\n|-singleturn|p1a: Gengar|Protect\n|move|p1b: Maushold|Protect|p1b: Maushold\n|-singleturn|p1b: Maushold|Protect\n|move|p2b: Aerodactyl|Tailwind|p2b: Aerodactyl\n|-sidestart|p2: tinyyyy|move: Tailwind\n|move|p2a: Floette|Dazzling Gleam|p1a: Gengar|[spread] \n|-activate|p1a: Gengar|move: Protect\n|-activate|p1b: Maushold|move: Protect\n|\n|-start|p2b: Aerodactyl|perish2\n|-start|p2a: Floette|perish2\n|-start|p1a: Gengar|perish2\n|upkeep\n|turn|3\n|inactive|KilamanolaVGC has 30 seconds left.\n|\n|t:|1776653820\n|move|p2b: Aerodactyl|Rock Slide|p1b: Maushold|[spread] p1a,p1b\n|-crit|p1a: Gengar\n|-damage|p1a: Gengar|43/100\n|-damage|p1b: Maushold|68/100\n|move|p2a: Floette|Moonblast|p1a: Gengar\n|-resisted|p1a: Gengar|1\n|-damage|p1a: Gengar|9/100\n|move|p1a: Gengar|Disable|p2a: Floette\n|-start|p2a: Floette|Disable|Moonblast\n|cant|p1b: Maushold|flinch\n|\n|-start|p2b: Aerodactyl|perish1\n|-start|p2a: Floette|perish1\n|-start|p1a: Gengar|perish1\n|upkeep\n|turn|4\n|\n|t:|1776653843\n|switch|p1a: Politoed|Politoed, L50, M, shiny|100/100\n|-weather|RainDance|[from] ability: Drizzle|[of] p1a: Politoed\n|move|p1b: Maushold|Protect|p1b: Maushold\n|-singleturn|p1b: Maushold|Protect\n|move|p2b: Aerodactyl|Rock Slide|p1b: Maushold|[spread] p1a\n|-activate|p1b: Maushold|move: Protect\n|-damage|p1a: Politoed|86/100\n|move|p2a: Floette|Dazzling Gleam|p1a: Politoed|[spread] p1a\n|-activate|p1b: Maushold|move: Protect\n|-damage|p1a: Politoed|55/100\n|\n|-weather|RainDance|[upkeep]\n|-heal|p1a: Politoed|61/100|[from] item: Leftovers\n|-start|p2b: Aerodactyl|perish0\n|-start|p2a: Floette|perish0\n|faint|p2b: Aerodactyl\n|faint|p2a: Floette\n|upkeep\n|\n|t:|1776653846\n|switch|p2b: Kingambit|Kingambit, L50, M|100/100\n|switch|p2a: Garchomp|Garchomp, L50, F|100/100\n|turn|5\n|inactive|KilamanolaVGC has 30 seconds left.\n|\n|t:|1776653879\n|move|p2a: Garchomp|Stomping Tantrum|p1a: Politoed\n|-damage|p1a: Politoed|37/100\n|move|p1b: Maushold|Taunt|p2a: Garchomp\n|-start|p2a: Garchomp|move: Taunt\n|move|p2b: Kingambit|Kowtow Cleave|p1a: Politoed\n|-damage|p1a: Politoed|9/100\n|move|p1a: Politoed|Perish Song|p1a: Politoed\n|-start|p1a: Politoed|perish3|[silent]\n|-start|p1b: Maushold|perish3|[silent]\n|-start|p2a: Garchomp|perish3|[silent]\n|-start|p2b: Kingambit|perish3|[silent]\n|-fieldactivate|move: Perish Song\n|\n|-weather|RainDance|[upkeep]\n|-heal|p1a: Politoed|15/100|[from] item: Leftovers\n|-start|p2a: Garchomp|perish3\n|-start|p1b: Maushold|perish3\n|-start|p2b: Kingambit|perish3\n|-start|p1a: Politoed|perish3\n|-sideend|p2: tinyyyy|move: Tailwind\n|upkeep\n|turn|6\n|\n|t:|1776653903\n|move|p1b: Maushold|Protect|p1b: Maushold\n|-singleturn|p1b: Maushold|Protect\n|move|p1a: Politoed|Protect|p1a: Politoed\n|-singleturn|p1a: Politoed|Protect\n|move|p2a: Garchomp|Stomping Tantrum|p1a: Politoed\n|-activate|p1a: Politoed|move: Protect\n|move|p2b: Kingambit|Kowtow Cleave|p1b: Maushold\n|-activate|p1b: Maushold|move: Protect\n|\n|-weather|RainDance|[upkeep]\n|-heal|p1a: Politoed|21/100|[from] item: Leftovers\n|-start|p2a: Garchomp|perish2\n|-start|p1b: Maushold|perish2\n|-start|p1a: Politoed|perish2\n|-start|p2b: Kingambit|perish2\n|upkeep\n|turn|7\n|\n|t:|1776653922\n|move|p1b: Maushold|Follow Me|p1b: Maushold\n|-singleturn|p1b: Maushold|move: Follow Me\n|move|p2a: Garchomp|Stomping Tantrum|p1b: Maushold\n|-damage|p1b: Maushold|17/100\n|move|p1a: Politoed|Encore|p2b: Kingambit\n|-start|p2b: Kingambit|Encore\n|move|p2b: Kingambit|Kowtow Cleave|p1b: Maushold\n|-damage|p1b: Maushold|0 fnt\n|faint|p1b: Maushold\n|\n|-weather|RainDance|[upkeep]\n|-heal|p1a: Politoed|27/100|[from] item: Leftovers\n|-start|p2a: Garchomp|perish1\n|-start|p1a: Politoed|perish1\n|-start|p2b: Kingambit|perish1\n|upkeep\n|-message|tinyyyy forfeited.\n|\n|win|KilamanolaVGC\n|raw|KilamanolaVGC's rating: 1517 &rarr; <strong>1537</strong><br />(+20 for winning)\n|raw|tinyyyy's rating: 1519 &rarr; <strong>1499</strong><br />(-20 for losing)\n|l|\u2606tinyyyy\n|player|p2|\n|l| Ogirwun\n",
  "uploadtime": 1776653962,
  "views": 15,
  "formatid": "gen9championsvgc2026regma",
  "rating": 1499,
  "private": 0,
  "password": null
}