{
  "id": "gen9championsvgc2026regma-2588009968",
  "format": "[Gen 9 Champions] VGC 2026 Reg M-A",
  "players": [
    "ADV169",
    "Kahrl"
  ],
  "log": "|j|\u2606ADV169\n|j|\u2606Kahrl\n|t:|1776592438\n|gametype|doubles\n|player|p1|ADV169|lass-gen4|1203\n|player|p2|Kahrl|170|1303\n|gen|9\n|tier|[Gen 9 Champions] VGC 2026 Reg M-A\n|rated|\n|rule|Species Clause: Limit one of each Pok\u00e9mon\n|rule|Item Clause: Limit 1 of each item\n|clearpoke\n|poke|p1|Gardevoir, L50, M|\n|poke|p1|Farigiraf, L50, F|\n|poke|p1|Incineroar, L50, F|\n|poke|p1|Rotom-Wash, L50|\n|poke|p1|Archaludon, L50, F|\n|poke|p1|Sinistcha, L50|\n|poke|p2|Froslass, L50, F|\n|poke|p2|Garchomp, L50, M|\n|poke|p2|Rotom-Frost, L50|\n|poke|p2|Empoleon, L50, M|\n|poke|p2|Incineroar, L50, M|\n|poke|p2|Kingambit, L50, M|\n|teampreview|4\n|inactive|Battle timer is ON: inactive players will automatically lose when time's up. (requested by Kahrl)\n|inactive|ADV169 has 60 seconds left.\n|inactive|Kahrl has 60 seconds left.\n|inactive|Kahrl has 30 seconds left.\n|inactive|Kahrl has 20 seconds left.\n|inactive|Kahrl has 15 seconds left.\n|\n|t:|1776592515\n|teamsize|p1|4\n|teamsize|p2|4\n|start\n|switch|p1a: Carcosa|Farigiraf, L50, F|100/100\n|switch|p1b: Babylon|Archaludon, L50, F|100/100\n|switch|p2a: Empoleon|Empoleon, L50, M|100/100\n|switch|p2b: Froslass|Froslass, L50, F|100/100\n|turn|1\n|\n|t:|1776592525\n|detailschange|p2b: Froslass|Froslass-Mega, L50, F\n|-mega|p2b: Froslass|Froslass|Froslassite\n|-weather|Snowscape|[from] ability: Snow Warning|[of] p2b: Froslass\n|move|p2b: Froslass|Aurora Veil|p2b: Froslass\n|-sidestart|p2: Kahrl|move: Aurora Veil\n|move|p1a: Carcosa|Rain Dance|p1a: Carcosa\n|-weather|RainDance\n|move|p1b: Babylon|Electro Shot||[still]\n|-prepare|p1b: Babylon|Electro Shot\n|-boost|p1b: Babylon|spa|1\n|-anim|p1b: Babylon|Electro Shot|p2a: Empoleon\n|-supereffective|p2a: Empoleon|1\n|-damage|p2a: Empoleon|34/100\n|move|p2a: Empoleon|Roar|p1a: Carcosa\n|drag|p1a: El Macho \u2642\ufe0f|Incineroar, L50, F|100/100\n|-ability|p1a: El Macho \u2642\ufe0f|Intimidate|boost\n|-unboost|p2a: Empoleon|atk|1\n|-ability|p2a: Empoleon|Competitive|boost\n|-boost|p2a: Empoleon|spa|2\n|-unboost|p2b: Froslass|atk|1\n|\n|-weather|RainDance|[upkeep]\n|-heal|p2a: Empoleon|40/100|[from] item: Leftovers\n|upkeep\n|turn|2\n|inactive|Kahrl has 30 seconds left.\n|inactive|Kahrl has 20 seconds left.\n|inactive|Kahrl has 15 seconds left.\n|inactive|Kahrl has 10 seconds left.\n|\n|t:|1776592572\n|move|p2a: Empoleon|Protect|p2a: Empoleon\n|-singleturn|p2a: Empoleon|Protect\n|move|p2b: Froslass|Blizzard|p1b: Babylon|[spread] p1a,p1b\n|-resisted|p1a: El Macho \u2642\ufe0f|1\n|-damage|p1a: El Macho \u2642\ufe0f|77/100\n|-damage|p1b: Babylon|57/100\n|-status|p1b: Babylon|frz\n|-ability|p1b: Babylon|Stamina|boost\n|-boost|p1b: Babylon|def|1\n|cant|p1b: Babylon|frz\n|move|p1a: El Macho \u2642\ufe0f|Darkest Lariat|p2b: Froslass\n|-supereffective|p2b: Froslass|1\n|-damage|p2b: Froslass|16/100\n|\n|-weather|RainDance|[upkeep]\n|-heal|p2a: Empoleon|46/100|[from] item: Leftovers\n|-heal|p1b: Babylon|63/100 frz|[from] item: Leftovers\n|upkeep\n|turn|3\n|inactive|ADV169 has 30 seconds left.\n|inactive|Kahrl has 30 seconds left.\n|\n|t:|1776592599\n|switch|p2b: Kingambit|Kingambit, L50, M|100/100\n|move|p1a: El Macho \u2642\ufe0f|Protect|p1a: El Macho \u2642\ufe0f\n|-singleturn|p1a: El Macho \u2642\ufe0f|Protect\n|move|p2a: Empoleon|Water Pulse|p1a: El Macho \u2642\ufe0f\n|-activate|p1a: El Macho \u2642\ufe0f|move: Protect\n|cant|p1b: Babylon|frz\n|\n|-weather|RainDance|[upkeep]\n|-heal|p2a: Empoleon|51/100|[from] item: Leftovers\n|-heal|p1b: Babylon|70/100 frz|[from] item: Leftovers\n|upkeep\n|turn|4\n|\n|t:|1776592622\n|move|p1a: El Macho \u2642\ufe0f|Helping Hand|p1b: Babylon\n|-singleturn|p1b: Babylon|Helping Hand|[of] p1a: El Macho \u2642\ufe0f\n|move|p2b: Kingambit|Low Kick|p1b: Babylon\n|-supereffective|p1b: Babylon|1\n|-damage|p1b: Babylon|42/100 frz\n|-ability|p1b: Babylon|Stamina|boost\n|-boost|p1b: Babylon|def|1\n|move|p2a: Empoleon|Water Pulse|p1a: El Macho \u2642\ufe0f\n|-supereffective|p1a: El Macho \u2642\ufe0f|1\n|-damage|p1a: El Macho \u2642\ufe0f|0 fnt\n|faint|p1a: El Macho \u2642\ufe0f\n|-curestatus|p1b: Babylon|frz|[msg]\n|move|p1b: Babylon|Aura Sphere|p2b: Kingambit\n|-supereffective|p2b: Kingambit|2\n|-enditem|p2b: Kingambit|Focus Sash\n|-damage|p2b: Kingambit|1/100\n|\n|-weather|RainDance|[upkeep]\n|-heal|p2a: Empoleon|57/100|[from] item: Leftovers\n|-heal|p1b: Babylon|48/100|[from] item: Leftovers\n|upkeep\n|\n|t:|1776592645\n|switch|p1a: Carcosa|Farigiraf, L50, F|100/100\n|turn|5\n|\n|t:|1776592665\n|move|p2b: Kingambit|Low Kick|p1b: Babylon\n|-supereffective|p1b: Babylon|1\n|-damage|p1b: Babylon|28/100\n|-ability|p1b: Babylon|Stamina|boost\n|-boost|p1b: Babylon|def|1\n|move|p1a: Carcosa|Psychic Terrain|p1a: Carcosa\n|-fieldstart|move: Psychic Terrain\n|move|p2a: Empoleon|Water Pulse|p1b: Babylon\n|-resisted|p1b: Babylon|1\n|-damage|p1b: Babylon|0 fnt\n|faint|p1b: Babylon\n|\n|-weather|none\n|-heal|p2a: Empoleon|63/100|[from] item: Leftovers\n|-sideend|p2: Kahrl|move: Aurora Veil\n|upkeep\n|\n|t:|1776592674\n|switch|p1b: Monet\u2640\ufe0f|Gardevoir, L50, M|100/100\n|turn|6\n|inactive|Kahrl has 30 seconds left.\n|inactive|ADV169 has 30 seconds left.\n|inactive|Kahrl has 20 seconds left.\n|inactive|Kahrl has 15 seconds left.\n|\n|t:|1776592719\n|detailschange|p1b: Monet\u2640\ufe0f|Gardevoir-Mega, L50, M\n|-mega|p1b: Monet\u2640\ufe0f|Gardevoir|Gardevoirite\n|move|p1b: Monet\u2640\ufe0f|Hyper Voice|p2b: Kingambit|[spread] p2a,p2b\n|-resisted|p2a: Empoleon|1\n|-damage|p2a: Empoleon|40/100\n|-damage|p2b: Kingambit|0 fnt\n|faint|p2b: Kingambit\n|move|p1a: Carcosa|Expanding Force|p2a: Empoleon\n|-resisted|p2a: Empoleon|1\n|-damage|p2a: Empoleon|15/100\n|move|p2a: Empoleon|Flash Cannon|p1b: Monet\u2640\ufe0f\n|-supereffective|p1b: Monet\u2640\ufe0f|1\n|-damage|p1b: Monet\u2640\ufe0f|0 fnt\n|faint|p1b: Monet\u2640\ufe0f\n|\n|-heal|p2a: Empoleon|20/100|[from] item: Leftovers\n|upkeep\n|\n|t:|1776592732\n|switch|p2b: Froslass|Froslass-Mega, L50, F|16/100\n|-weather|Snowscape|[from] ability: Snow Warning|[of] p2b: Froslass\n|turn|7\n|\n|t:|1776592753\n|move|p2b: Froslass|Blizzard|p1a: Carcosa\n|-damage|p1a: Carcosa|39/100\n|-status|p1a: Carcosa|frz\n|-enditem|p1a: Carcosa|Sitrus Berry|[eat]\n|-heal|p1a: Carcosa|63/100 frz|[from] item: Sitrus Berry\n|cant|p1a: Carcosa|frz\n|move|p2a: Empoleon|Flash Cannon|p1a: Carcosa\n|-damage|p1a: Carcosa|0 fnt\n|faint|p1a: Carcosa\n|\n|win|Kahrl\n|raw|ADV169's rating: 1203 &rarr; <strong>1185</strong><br />(-18 for losing)\n|raw|Kahrl's rating: 1303 &rarr; <strong>1317</strong><br />(+14 for winning)\n|c|\u2606ADV169|Gg\n|c|\u2606Kahrl|gg\n|l|\u2606Kahrl\n|player|p2|\n",
  "uploadtime": 1776592829,
  "views": 16,
  "formatid": "gen9championsvgc2026regma",
  "rating": 1185,
  "private": 0,
  "password": null
}