{
  "id": "gen9championsvgc2026regma-2582763299",
  "format": "[Gen 9 Champions] VGC 2026 Reg M-A",
  "players": [
    "heavensfirstsin",
    "Juya"
  ],
  "log": "|j|\u2606heavensfirstsin\n|j|\u2606Juya\n|t:|1776112398\n|gametype|doubles\n|player|p1|heavensfirstsin|blue|1139\n|player|p2|Juya|265|1194\n|gen|9\n|tier|[Gen 9 Champions] VGC 2026 Reg M-A\n|rated|\n|rule|Species Clause: Limit one of each Pok\u00e9mon\n|rule|Item Clause: Limit 1 of each item\n|clearpoke\n|poke|p1|Golurk, L50|\n|poke|p1|Farigiraf, L50, F|\n|poke|p1|Tyranitar, L50, F|\n|poke|p1|Rotom-Wash, L50|\n|poke|p1|Kingambit, L50, M|\n|poke|p1|Scizor, L50, M|\n|poke|p2|Gengar, L50, F|\n|poke|p2|Azumarill, L50, M|\n|poke|p2|Tsareena, L50, F|\n|poke|p2|Corviknight, L50, F|\n|poke|p2|Garchomp, L50, F|\n|poke|p2|Incineroar, L50, F|\n|teampreview|4\n|inactive|Battle timer is ON: inactive players will automatically lose when time's up. (requested by Juya)\n|inactive|Juya has 60 seconds left.\n|\n|t:|1776112429\n|teamsize|p1|4\n|teamsize|p2|4\n|start\n|switch|p1a: Farigiraf|Farigiraf, L50, F|100/100\n|switch|p1b: Rotom|Rotom-Wash, L50|100/100\n|switch|p2a: Tsareena|Tsareena, L50, F|100/100\n|switch|p2b: Garchomp|Garchomp, L50, F|100/100\n|turn|1\n|\n|t:|1776112450\n|move|p2b: Garchomp|Protect|p2b: Garchomp\n|-singleturn|p2b: Garchomp|Protect\n|move|p2a: Tsareena|Trop Kick|p1b: Rotom\n|-supereffective|p1b: Rotom|1\n|-damage|p1b: Rotom|9/100\n|-unboost|p1b: Rotom|atk|1\n|move|p1b: Rotom|Volt Switch|p2a: Tsareena\n|-resisted|p2a: Tsareena|1\n|-damage|p2a: Tsareena|83/100\n|\n|t:|1776112466\n|switch|p1b: Tyranitar|Tyranitar, L50, F|100/100|[from] Volt Switch\n|-weather|Sandstorm|[from] ability: Sand Stream|[of] p1b: Tyranitar\n|move|p1a: Farigiraf|Trick Room|p1a: Farigiraf\n|-fieldstart|move: Trick Room|[of] p1a: Farigiraf\n|\n|-weather|Sandstorm|[upkeep]\n|-damage|p1a: Farigiraf|94/100|[from] Sandstorm\n|-damage|p2a: Tsareena|77/100|[from] Sandstorm\n|upkeep\n|turn|2\n|\n|t:|1776112486\n|switch|p1a: Golurk|Golurk, L50|100/100\n|switch|p2b: Incineroar|Incineroar, L50, F|100/100\n|-ability|p2b: Incineroar|Intimidate|boost\n|-unboost|p1a: Golurk|atk|1\n|-unboost|p1b: Tyranitar|atk|1\n|move|p1b: Tyranitar|Ice Punch|p2b: Incineroar\n|-resisted|p2b: Incineroar|1\n|-damage|p2b: Incineroar|91/100\n|move|p2a: Tsareena|Trop Kick|p1b: Tyranitar\n|-supereffective|p1b: Tyranitar|1\n|-damage|p1b: Tyranitar|25/100\n|-unboost|p1b: Tyranitar|atk|1\n|\n|-weather|Sandstorm|[upkeep]\n|-damage|p2b: Incineroar|85/100|[from] Sandstorm\n|-damage|p2a: Tsareena|71/100|[from] Sandstorm\n|-heal|p1b: Tyranitar|31/100|[from] item: Leftovers\n|upkeep\n|turn|3\n|\n|t:|1776112509\n|switch|p1b: Farigiraf|Farigiraf, L50, F|94/100\n|detailschange|p1a: Golurk|Golurk-Mega, L50\n|-mega|p1a: Golurk|Golurk|Golurkite\n|move|p2b: Incineroar|Fake Out||[still]\n|cant|p1b: Farigiraf|ability: Armor Tail|Fake Out|[of] p2b: Incineroar\n|move|p1a: Golurk|Earthquake|p2a: Tsareena|[spread] p1b,p2a,p2b\n|-resisted|p2a: Tsareena|1\n|-supereffective|p2b: Incineroar|1\n|-damage|p1b: Farigiraf|68/100\n|-damage|p2a: Tsareena|54/100\n|-damage|p2b: Incineroar|21/100\n|-enditem|p2b: Incineroar|Sitrus Berry|[eat]\n|-heal|p2b: Incineroar|46/100|[from] item: Sitrus Berry\n|move|p2a: Tsareena|Trop Kick|p1a: Golurk\n|-supereffective|p1a: Golurk|1\n|-damage|p1a: Golurk|26/100\n|-unboost|p1a: Golurk|atk|1\n|\n|-weather|Sandstorm|[upkeep]\n|-damage|p1b: Farigiraf|62/100|[from] Sandstorm\n|-damage|p2b: Incineroar|40/100|[from] Sandstorm\n|-damage|p2a: Tsareena|48/100|[from] Sandstorm\n|upkeep\n|turn|4\n|inactive|heavensfirstsin has 30 seconds left.\n|inactive|Juya has 30 seconds left.\n|inactive|Juya has 20 seconds left.\n|inactive|Juya has 15 seconds left.\n|\n|t:|1776112551\n|switch|p2b: Corviknight|Corviknight, L50, F|100/100\n|move|p1b: Farigiraf|Helping Hand|p1a: Golurk\n|-singleturn|p1a: Golurk|Helping Hand|[of] p1b: Farigiraf\n|move|p1a: Golurk|Poltergeist|p2a: Tsareena\n|-activate|p2a: Tsareena|move: Poltergeist|Never-Melt Ice\n|-damage|p2a: Tsareena|0 fnt\n|faint|p2a: Tsareena\n|\n|-weather|Sandstorm|[upkeep]\n|-damage|p1b: Farigiraf|56/100|[from] Sandstorm\n|upkeep\n|\n|t:|1776112572\n|switch|p2a: Incineroar|Incineroar, L50, F|40/100\n|-ability|p2a: Incineroar|Intimidate|boost\n|-unboost|p1a: Golurk|atk|1\n|-unboost|p1b: Farigiraf|atk|1\n|turn|5\n|\n|t:|1776112591\n|move|p1b: Farigiraf|Helping Hand|p1a: Golurk\n|-singleturn|p1a: Golurk|Helping Hand|[of] p1b: Farigiraf\n|move|p1a: Golurk|Close Combat|p2a: Incineroar\n|-supereffective|p2a: Incineroar|1\n|-damage|p2a: Incineroar|0 fnt\n|-unboost|p1a: Golurk|def|1\n|-unboost|p1a: Golurk|spd|1\n|faint|p2a: Incineroar\n|move|p2b: Corviknight|Drill Peck|p1a: Golurk\n|-damage|p1a: Golurk|0 fnt\n|faint|p1a: Golurk\n|\n|-weather|none\n|-fieldend|move: Trick Room\n|upkeep\n|\n|t:|1776112608\n|switch|p2a: Garchomp|Garchomp, L50, F|100/100\n|switch|p1a: Rotom|Rotom-Wash, L50|9/100\n|turn|6\n|\n|t:|1776112627\n|move|p2b: Corviknight|Protect|p2b: Corviknight\n|-singleturn|p2b: Corviknight|Protect\n|move|p1b: Farigiraf|Protect|p1b: Farigiraf\n|-singleturn|p1b: Farigiraf|Protect\n|move|p2a: Garchomp|Dragon Claw|p1a: Rotom\n|-damage|p1a: Rotom|0 fnt\n|faint|p1a: Rotom\n|\n|upkeep\n|\n|t:|1776112635\n|switch|p1a: Tyranitar|Tyranitar, L50, F|31/100\n|-weather|Sandstorm|[from] ability: Sand Stream|[of] p1a: Tyranitar\n|turn|7\n|\n|t:|1776112649\n|move|p1a: Tyranitar|Protect|p1a: Tyranitar\n|-singleturn|p1a: Tyranitar|Protect\n|move|p2a: Garchomp|Earthquake|p1b: Farigiraf|[spread] p1b\n|-activate|p1a: Tyranitar|move: Protect\n|-immune|p2b: Corviknight\n|-damage|p1b: Farigiraf|21/100\n|move|p2b: Corviknight|Iron Head|p1b: Farigiraf\n|-damage|p1b: Farigiraf|0 fnt\n|faint|p1b: Farigiraf\n|\n|-weather|Sandstorm|[upkeep]\n|-heal|p1a: Tyranitar|37/100|[from] item: Leftovers\n|upkeep\n|turn|8\n|\n|t:|1776112663\n|move|p2a: Garchomp|Earthquake|p1a: Tyranitar|[spread] p1a\n|-immune|p2b: Corviknight\n|-supereffective|p1a: Tyranitar|1\n|-crit|p1a: Tyranitar\n|-damage|p1a: Tyranitar|0 fnt\n|faint|p1a: Tyranitar\n|\n|win|Juya\n|raw|heavensfirstsin's rating: 1139 &rarr; <strong>1118</strong><br />(-21 for losing)\n|raw|Juya's rating: 1194 &rarr; <strong>1215</strong><br />(+21 for winning)\n",
  "uploadtime": 1776112672,
  "views": 25,
  "formatid": "gen9championsvgc2026regma",
  "rating": 1118,
  "private": 0,
  "password": null
}