{
  "id": "gen9championsvgc2026regma-2588315633",
  "format": "[Gen 9 Champions] VGC 2026 Reg M-A",
  "players": [
    "pablodfekir",
    "Betsie"
  ],
  "log": "|j|\u2606pablodfekir\n|j|\u2606Betsie\n|t:|1776623451\n|gametype|doubles\n|player|p1|pablodfekir|2|1630\n|player|p2|Betsie|jacinthe|1650\n|gen|9\n|tier|[Gen 9 Champions] VGC 2026 Reg M-A\n|rated|\n|rule|Species Clause: Limit one of each Pok\u00e9mon\n|rule|Item Clause: Limit 1 of each item\n|clearpoke\n|poke|p1|Floette-Eternal, L50, F, shiny|\n|poke|p1|Whimsicott, L50, F|\n|poke|p1|Incineroar, L50, M|\n|poke|p1|Rotom-Wash, L50|\n|poke|p1|Sneasler, L50, F, shiny|\n|poke|p1|Garchomp, L50, F|\n|poke|p2|Pelipper, L50, M|\n|poke|p2|Basculegion, L50, M|\n|poke|p2|Scovillain, L50, F|\n|poke|p2|Kingambit, L50, M|\n|poke|p2|Sneasler, L50, F|\n|poke|p2|Archaludon, L50, M|\n|teampreview|4\n|j| huhyuhyuhyuh\n|inactive|Battle timer is ON: inactive players will automatically lose when time's up. (requested by pablodfekir)\n|inactive|Betsie has 60 seconds left.\n|\n|t:|1776623522\n|teamsize|p1|4\n|teamsize|p2|4\n|start\n|switch|p1a: Whimsicott|Whimsicott, L50, F|100/100\n|switch|p1b: Floette|Floette-Eternal, L50, F, shiny|100/100\n|switch|p2a: Pelipper|Pelipper, L50, M|100/100\n|switch|p2b: Archaludon|Archaludon, L50, M|100/100\n|-weather|RainDance|[from] ability: Drizzle|[of] p2a: Pelipper\n|turn|1\n|j| CrazyyBoi\n|j| roberking\n|inactive|pablodfekir has 30 seconds left.\n|\n|t:|1776623553\n|detailschange|p1b: Floette|Floette-Mega, L50, F, shiny\n|-mega|p1b: Floette|Floette|Floettite\n|-ability|p1b: Floette|Fairy Aura\n|move|p1a: Whimsicott|Moonblast|p2b: Archaludon\n|-damage|p2b: Archaludon|28/100\n|move|p2b: Archaludon|Electro Shot||[still]\n|-prepare|p2b: Archaludon|Electro Shot\n|-boost|p2b: Archaludon|spa|1\n|-anim|p2b: Archaludon|Electro Shot|p1b: Floette\n|-damage|p1b: Floette|48/100\n|move|p2a: Pelipper|Tailwind|p2a: Pelipper\n|-sidestart|p2: Betsie|move: Tailwind\n|move|p1b: Floette|Calm Mind|p1b: Floette\n|-boost|p1b: Floette|spa|1\n|-boost|p1b: Floette|spd|1\n|\n|-weather|RainDance|[upkeep]\n|upkeep\n|turn|2\n|\n|t:|1776623572\n|move|p1b: Floette|Protect|p1b: Floette\n|-singleturn|p1b: Floette|Protect\n|move|p1a: Whimsicott|Tailwind|p1a: Whimsicott\n|-sidestart|p1: pablodfekir|move: Tailwind\n|move|p2b: Archaludon|Electro Shot||[still]\n|-prepare|p2b: Archaludon|Electro Shot\n|-boost|p2b: Archaludon|spa|1\n|-anim|p2b: Archaludon|Electro Shot|p1b: Floette\n|-activate|p1b: Floette|move: Protect\n|move|p2a: Pelipper|Hurricane|p1a: Whimsicott\n|-supereffective|p1a: Whimsicott|1\n|-enditem|p1a: Whimsicott|Focus Sash\n|-damage|p1a: Whimsicott|1/100\n|\n|-weather|RainDance|[upkeep]\n|upkeep\n|turn|3\n|j| RedPlaysVGC\n|\n|t:|1776623594\n|move|p2b: Archaludon|Protect|p2b: Archaludon\n|-singleturn|p2b: Archaludon|Protect\n|move|p1a: Whimsicott|Moonblast|p2b: Archaludon\n|-activate|p2b: Archaludon|move: Protect\n|move|p2a: Pelipper|Weather Ball|p1b: Floette\n|-damage|p1b: Floette|18/100\n|move|p1b: Floette|Moonblast|p2a: Pelipper\n|-enditem|p2a: Pelipper|Focus Sash\n|-damage|p2a: Pelipper|1/100\n|-unboost|p2a: Pelipper|spa|1\n|\n|-weather|RainDance|[upkeep]\n|upkeep\n|turn|4\n|j| TomTom_JerryJerry\n|l| roberking\n|inactive|pablodfekir has 30 seconds left.\n|inactive|pablodfekir has 20 seconds left.\n|inactive|pablodfekir has 15 seconds left.\n|inactive|Betsie has 30 seconds left.\n|inactive|pablodfekir has 10 seconds left.\n|\n|t:|1776623643\n|switch|p2a: Basculegion|Basculegion, L50, M|100/100\n|move|p1b: Floette|Protect|p1b: Floette\n|-singleturn|p1b: Floette|Protect\n|move|p1a: Whimsicott|Encore|p2b: Archaludon\n|-start|p2b: Archaludon|Encore\n|move|p2b: Archaludon|Protect||[still]\n|-fail|p2b: Archaludon\n|\n|-weather|RainDance|[upkeep]\n|-sideend|p2: Betsie|move: Tailwind\n|upkeep\n|turn|5\n|l| RedPlaysVGC\n|\n|t:|1776623662\n|switch|p1b: Rotom|Rotom-Wash, L50|100/100\n|switch|p2b: Sneasler|Sneasler, L50, F|100/100\n|move|p1a: Whimsicott|Protect|p1a: Whimsicott\n|-singleturn|p1a: Whimsicott|Protect\n|move|p2a: Basculegion|Aqua Jet|p1b: Rotom\n|-resisted|p1b: Rotom|1\n|-damage|p1b: Rotom|81/100\n|\n|-weather|none\n|-sideend|p1: pablodfekir|move: Tailwind\n|upkeep\n|turn|6\n|\n|t:|1776623684\n|switch|p1a: Garchomp|Garchomp, L50, F|100/100\n|switch|p2a: Pelipper|Pelipper, L50, M|1/100\n|-weather|RainDance|[from] ability: Drizzle|[of] p2a: Pelipper\n|move|p2b: Sneasler|Fake Out|p1a: Garchomp\n|-damage|p1a: Garchomp|89/100\n|-damage|p2b: Sneasler|88/100|[from] ability: Rough Skin|[of] p1a: Garchomp\n|move|p1b: Rotom|Thunderbolt|p2a: Pelipper\n|-supereffective|p2a: Pelipper|2\n|-damage|p2a: Pelipper|0 fnt\n|faint|p2a: Pelipper\n|\n|-weather|RainDance|[upkeep]\n|upkeep\n|\n|t:|1776623691\n|switch|p2a: Basculegion|Basculegion, L50, M|100/100\n|turn|7\n|\n|t:|1776623702\n|move|p2a: Basculegion|Wave Crash|p1a: Garchomp\n|-damage|p1a: Garchomp|4/100\n|-damage|p2a: Basculegion|88/100|[from] ability: Rough Skin|[of] p1a: Garchomp\n|-damage|p2a: Basculegion|60/100|[from] Recoil\n|move|p2b: Sneasler|Close Combat|p1b: Rotom\n|-damage|p1b: Rotom|15/100\n|-unboost|p2b: Sneasler|def|1\n|-unboost|p2b: Sneasler|spd|1\n|-enditem|p1b: Rotom|Sitrus Berry|[eat]\n|-heal|p1b: Rotom|40/100|[from] item: Sitrus Berry\n|-enditem|p2b: Sneasler|White Herb\n|-clearnegativeboost|p2b: Sneasler|[silent]\n|move|p1a: Garchomp|Earthquake|p2a: Basculegion|[spread] p2a,p2b\n|-immune|p1b: Rotom|[from] ability: Levitate\n|-supereffective|p2b: Sneasler|1\n|-damage|p2a: Basculegion|0 fnt\n|-damage|p2b: Sneasler|0 fnt\n|faint|p2a: Basculegion\n|faint|p2b: Sneasler\n|move|p1b: Rotom|Thunderbolt|p2: Basculegion|[notarget]\n|-fail|p1b: Rotom\n|\n|-weather|RainDance|[upkeep]\n|upkeep\n|-message|Betsie forfeited.\n|\n|win|pablodfekir\n|raw|pablodfekir's rating: 1630 &rarr; <strong>1651</strong><br />(+21 for winning)\n|raw|Betsie's rating: 1650 &rarr; <strong>1629</strong><br />(-21 for losing)\n|l|\u2606Betsie\n|player|p2|\n|l|\u2606pablodfekir\n|player|p1|\n",
  "uploadtime": 1776623717,
  "views": 27,
  "formatid": "gen9championsvgc2026regma",
  "rating": 1629,
  "private": 0,
  "password": null
}