{
  "id": "gen9championsvgc2026regma-2589568077",
  "format": "[Gen 9 Champions] VGC 2026 Reg M-A",
  "players": [
    "meek31",
    "szadek"
  ],
  "log": "|j|\u2606meek31\n|j|\u2606szadek\n|t:|1776734909\n|gametype|doubles\n|player|p1|meek31|169|1062\n|player|p2|szadek|veteran|1113\n|gen|9\n|tier|[Gen 9 Champions] VGC 2026 Reg M-A\n|rated|\n|rule|Species Clause: Limit one of each Pok\u00e9mon\n|rule|Item Clause: Limit 1 of each item\n|clearpoke\n|poke|p1|Floette-Eternal, L50, F|\n|poke|p1|Garchomp, L50, M|\n|poke|p1|Talonflame, L50, M|\n|poke|p1|Rotom-Wash, L50|\n|poke|p1|Maushold-Four, L50|\n|poke|p1|Gengar, L50, F|\n|poke|p2|Charizard, L50, F|\n|poke|p2|Venusaur, L50, F, shiny|\n|poke|p2|Archaludon, L50, F, shiny|\n|poke|p2|Sneasler, L50, F|\n|poke|p2|Milotic, L50, F, shiny|\n|poke|p2|Whimsicott, L50, M, shiny|\n|teampreview|4\n|inactive|Battle timer is ON: inactive players will automatically lose when time's up. (requested by meek31)\n|inactive|szadek has 60 seconds left.\n|\n|t:|1776734955\n|teamsize|p1|4\n|teamsize|p2|4\n|start\n|switch|p1a: Talonflame|Talonflame, L50, M|100/100\n|switch|p1b: Garchomp|Garchomp, L50, M|100/100\n|switch|p2a: Whimsicott|Whimsicott, L50, M, shiny|100/100\n|switch|p2b: Sneasler|Sneasler, L50, F|100/100\n|turn|1\n|\n|t:|1776734968\n|move|p2b: Sneasler|Fake Out|p1a: Talonflame\n|-damage|p1a: Talonflame|80/100\n|move|p2a: Whimsicott|Tailwind|p2a: Whimsicott\n|-sidestart|p2: szadek|move: Tailwind\n|cant|p1a: Talonflame|flinch\n|move|p1b: Garchomp|Swords Dance|p1b: Garchomp\n|-boost|p1b: Garchomp|atk|2\n|\n|upkeep\n|turn|2\n|\n|t:|1776734982\n|move|p2a: Whimsicott|Encore|p1b: Garchomp\n|-start|p1b: Garchomp|Encore\n|move|p2b: Sneasler|Dire Claw|p1a: Talonflame\n|-damage|p1a: Talonflame|11/100\n|move|p1a: Talonflame|Tailwind|p1a: Talonflame\n|-sidestart|p1: meek31|move: Tailwind\n|move|p1b: Garchomp|Swords Dance|p1b: Garchomp\n|-boost|p1b: Garchomp|atk|2\n|\n|upkeep\n|turn|3\n|\n|t:|1776735004\n|move|p1a: Talonflame|Acrobatics|p2a: Whimsicott\n|-supereffective|p2a: Whimsicott|1\n|-enditem|p2a: Whimsicott|Focus Sash\n|-damage|p2a: Whimsicott|1/100\n|move|p2b: Sneasler|Dire Claw|p1a: Talonflame\n|-damage|p1a: Talonflame|0 fnt\n|faint|p1a: Talonflame\n|move|p2a: Whimsicott|Moonblast|p1b: Garchomp\n|-supereffective|p1b: Garchomp|1\n|-damage|p1b: Garchomp|19/100\n|move|p1b: Garchomp|Swords Dance|p1b: Garchomp\n|-boost|p1b: Garchomp|atk|2\n|\n|upkeep\n|\n|t:|1776735010\n|switch|p1a: Maushold|Maushold-Four, L50|100/100\n|turn|4\n|\n|t:|1776735031\n|move|p1a: Maushold|Follow Me|p1a: Maushold\n|-singleturn|p1a: Maushold|move: Follow Me\n|move|p2b: Sneasler|Close Combat|p1a: Maushold\n|-supereffective|p1a: Maushold|1\n|-enditem|p1a: Maushold|Focus Sash\n|-damage|p1a: Maushold|1/100\n|-unboost|p2b: Sneasler|def|1\n|-unboost|p2b: Sneasler|spd|1\n|-enditem|p2b: Sneasler|White Herb\n|-clearnegativeboost|p2b: Sneasler|[silent]\n|move|p2a: Whimsicott|Moonblast|p1a: Maushold\n|-damage|p1a: Maushold|0 fnt\n|faint|p1a: Maushold\n|move|p1b: Garchomp|Swords Dance|p1b: Garchomp\n|-boost|p1b: Garchomp|atk|0\n|\n|-end|p1b: Garchomp|Encore\n|-sideend|p2: szadek|move: Tailwind\n|upkeep\n|\n|t:|1776735049\n|switch|p1a: Floette|Floette-Eternal, L50, F|100/100\n|turn|5\n|\n|t:|1776735069\n|detailschange|p1a: Floette|Floette-Mega, L50, F\n|-mega|p1a: Floette|Floette|Floettite\n|-ability|p1a: Floette|Fairy Aura\n|move|p2a: Whimsicott|Encore|p1b: Garchomp\n|-start|p1b: Garchomp|Encore\n|move|p2b: Sneasler|Dire Claw|p1a: Floette\n|-supereffective|p1a: Floette|1\n|-damage|p1a: Floette|3/100\n|-status|p1a: Floette|slp\n|move|p1b: Garchomp|Swords Dance|p1b: Garchomp\n|-boost|p1b: Garchomp|atk|0\n|cant|p1a: Floette|slp\n|\n|-sideend|p1: meek31|move: Tailwind\n|upkeep\n|turn|6\n|\n|t:|1776735085\n|move|p2b: Sneasler|Dire Claw|p1a: Floette\n|-supereffective|p1a: Floette|1\n|-damage|p1a: Floette|0 fnt\n|faint|p1a: Floette\n|move|p2a: Whimsicott|Moonblast|p1b: Garchomp\n|-supereffective|p1b: Garchomp|1\n|-damage|p1b: Garchomp|0 fnt\n|faint|p1b: Garchomp\n|\n|win|szadek\n|raw|meek31's rating: 1062 &rarr; <strong>1046</strong><br />(-16 for losing)\n|raw|szadek's rating: 1113 &rarr; <strong>1134</strong><br />(+21 for winning)\n|c|\u2606szadek|gg\n|l|\u2606meek31\n|player|p1|\n|c|\u2606szadek|that sleep hurts\n",
  "uploadtime": 1776735095,
  "views": 2,
  "formatid": "gen9championsvgc2026regma",
  "rating": 1046,
  "private": 0,
  "password": null
}