{
  "id": "gen9championsvgc2026regma-2580424625",
  "format": "[Gen 9 Champions] VGC 2026 Reg M-A",
  "players": [
    "pizza 9",
    "nusocs-m"
  ],
  "log": "|j|\u2606pizza 9\n|j|\u2606nusocs-m\n|t:|1775894466\n|gametype|doubles\n|player|p1|pizza 9|riley|1042\n|player|p2|nusocs-m|unknown|1020\n|gen|9\n|tier|[Gen 9 Champions] VGC 2026 Reg M-A\n|rated|\n|rule|Species Clause: Limit one of each Pok\u00e9mon\n|rule|Item Clause: Limit 1 of each item\n|clearpoke\n|poke|p1|Golurk, L50|\n|poke|p1|Mimikyu, L50, M|\n|poke|p1|Incineroar, L50, F|\n|poke|p1|Farigiraf, L50, M|\n|poke|p1|Kingambit, L50, M|\n|poke|p1|Sinistcha, L50|\n|poke|p2|Charizard, L50, M|\n|poke|p2|Venusaur, L50, M|\n|poke|p2|Garchomp, L50, F|\n|poke|p2|Scovillain, L50, M|\n|poke|p2|Whimsicott, L50, F|\n|poke|p2|Typhlosion-Hisui, L50, M|\n|teampreview|4\n|\n|t:|1775894480\n|teamsize|p1|4\n|teamsize|p2|4\n|start\n|switch|p1a: Farigiraf|Farigiraf, L50, M|100/100\n|switch|p1b: Mimikyu|Mimikyu, L50, M|100/100\n|switch|p2a: Whimsicott|Whimsicott, L50, F|100/100\n|switch|p2b: Scovillain|Scovillain, L50, M|100/100\n|turn|1\n|\n|t:|1775894507\n|move|p2a: Whimsicott|Fake Tears||[still]\n|cant|p1a: Farigiraf|ability: Armor Tail|Fake Tears|[of] p2a: Whimsicott\n|move|p2b: Scovillain|Flamethrower|p1a: Farigiraf\n|-damage|p1a: Farigiraf|70/100\n|move|p1a: Farigiraf|Hyper Voice|p2b: Scovillain|[spread] p2a,p2b\n|-damage|p2a: Whimsicott|58/100\n|-damage|p2b: Scovillain|67/100\n|move|p1b: Mimikyu|Trick Room|p1b: Mimikyu\n|-fieldstart|move: Trick Room|[of] p1b: Mimikyu\n|\n|-heal|p1a: Farigiraf|76/100|[from] item: Leftovers\n|upkeep\n|turn|2\n|\n|t:|1775894533\n|switch|p1b: Golurk|Golurk, L50|100/100\n|move|p1a: Farigiraf|Hyper Voice|p2a: Whimsicott|[spread] p2a,p2b\n|-damage|p2a: Whimsicott|16/100\n|-damage|p2b: Scovillain|38/100\n|move|p2b: Scovillain|Leech Seed|p1b: Golurk\n|-start|p1b: Golurk|move: Leech Seed\n|move|p2a: Whimsicott|Moonblast|p1a: Farigiraf\n|-damage|p1a: Farigiraf|48/100\n|\n|-heal|p1a: Farigiraf|54/100|[from] item: Leftovers\n|-damage|p1b: Golurk|88/100|[from] Leech Seed|[of] p2b: Scovillain\n|-heal|p2b: Scovillain|52/100|[silent]\n|upkeep\n|turn|3\n|\n|t:|1775894549\n|detailschange|p1b: Golurk|Golurk-Mega, L50\n|-mega|p1b: Golurk|Golurk|Golurkite\n|move|p2b: Scovillain|Protect|p2b: Scovillain\n|-singleturn|p2b: Scovillain|Protect\n|move|p1b: Golurk|Rock Slide|p2a: Whimsicott|[spread] p2a\n|-activate|p2b: Scovillain|move: Protect\n|-damage|p2a: Whimsicott|0 fnt\n|faint|p2a: Whimsicott\n|move|p1a: Farigiraf|Hyper Voice|p2b: Scovillain\n|-activate|p2b: Scovillain|move: Protect\n|\n|-heal|p1a: Farigiraf|60/100|[from] item: Leftovers\n|-damage|p1b: Golurk|76/100|[from] Leech Seed|[of] p2b: Scovillain\n|-heal|p2b: Scovillain|66/100|[silent]\n|upkeep\n|\n|t:|1775894564\n|switch|p2a: Garchomp|Garchomp, L50, F|100/100\n|turn|4\n|\n|t:|1775894578\n|switch|p1b: Mimikyu|Mimikyu, L50, M|100/100\n|move|p1a: Farigiraf|Protect|p1a: Farigiraf\n|-singleturn|p1a: Farigiraf|Protect\n|move|p2b: Scovillain|Leech Seed|p1a: Farigiraf\n|-activate|p1a: Farigiraf|move: Protect\n|move|p2a: Garchomp|Rock Slide|p1a: Farigiraf|[spread] p1b\n|-activate|p1a: Farigiraf|move: Protect\n|-activate|p1b: Mimikyu|ability: Disguise\n|-damage|p1b: Mimikyu|100/100\n|detailschange|p1b: Mimikyu|Mimikyu-Busted, L50, M\n|-damage|p1b: Mimikyu|88/100|[from] pokemon: Mimikyu-Busted\n|\n|-heal|p1a: Farigiraf|67/100|[from] item: Leftovers\n|upkeep\n|turn|5\n|\n|t:|1775894598\n|move|p1a: Farigiraf|Hyper Voice|p2b: Scovillain|[spread] p2a,p2b\n|-damage|p2a: Garchomp|70/100\n|-damage|p2b: Scovillain|31/100\n|move|p2b: Scovillain|Leech Seed|p1a: Farigiraf\n|-start|p1a: Farigiraf|move: Leech Seed\n|move|p1b: Mimikyu|Play Rough|p2a: Garchomp\n|-supereffective|p2a: Garchomp|1\n|-damage|p2a: Garchomp|10/100\n|-unboost|p2a: Garchomp|atk|1\n|-damage|p1b: Mimikyu|76/100|[from] ability: Rough Skin|[of] p2a: Garchomp\n|-enditem|p2a: Garchomp|Sitrus Berry|[eat]\n|-heal|p2a: Garchomp|35/100|[from] item: Sitrus Berry\n|move|p2a: Garchomp|Iron Head|p1b: Mimikyu\n|-supereffective|p1b: Mimikyu|1\n|-damage|p1b: Mimikyu|40/100\n|\n|-heal|p1a: Farigiraf|73/100|[from] item: Leftovers\n|-damage|p1a: Farigiraf|60/100|[from] Leech Seed|[of] p2b: Scovillain\n|-heal|p2b: Scovillain|47/100|[silent]\n|-fieldend|move: Trick Room\n|upkeep\n|turn|6\n|\n|t:|1775894628\n|move|p1b: Mimikyu|Protect|p1b: Mimikyu\n|-singleturn|p1b: Mimikyu|Protect\n|move|p2a: Garchomp|Rock Slide|p1b: Mimikyu|[spread] p1a\n|-activate|p1b: Mimikyu|move: Protect\n|-damage|p1a: Farigiraf|49/100\n|move|p2b: Scovillain|Flamethrower|p1a: Farigiraf\n|-crit|p1a: Farigiraf\n|-damage|p1a: Farigiraf|4/100\n|move|p1a: Farigiraf|Trick Room|p1a: Farigiraf\n|-fieldstart|move: Trick Room|[of] p1a: Farigiraf\n|\n|-heal|p1a: Farigiraf|10/100|[from] item: Leftovers\n|-damage|p1a: Farigiraf|0 fnt|[from] Leech Seed|[of] p2b: Scovillain\n|-heal|p2b: Scovillain|59/100|[silent]\n|faint|p1a: Farigiraf\n|upkeep\n|\n|t:|1775894642\n|switch|p1a: Golurk|Golurk-Mega, L50|76/100\n|turn|7\n|\n|t:|1775894680\n|detailschange|p2b: Scovillain|Scovillain-Mega, L50, M\n|-mega|p2b: Scovillain|Scovillain|Scovillainite\n|move|p1a: Golurk|Rock Slide|p2b: Scovillain|[spread] p2a,p2b\n|-resisted|p2a: Garchomp|1\n|-supereffective|p2b: Scovillain|1\n|-damage|p2a: Garchomp|23/100\n|-damage|p2b: Scovillain|13/100\n|-status|p1a: Golurk|brn|[from] ability: Spicy Spray|[of] p2b: Scovillain\n|move|p2b: Scovillain|Leech Seed|p1a: Golurk\n|-start|p1a: Golurk|move: Leech Seed\n|move|p1b: Mimikyu|Play Rough|p2a: Garchomp\n|-supereffective|p2a: Garchomp|1\n|-damage|p2a: Garchomp|0 fnt\n|-damage|p1b: Mimikyu|28/100|[from] ability: Rough Skin|[of] p2a: Garchomp\n|faint|p2a: Garchomp\n|\n|-damage|p1a: Golurk|64/100 brn|[from] Leech Seed|[of] p2b: Scovillain\n|-heal|p2b: Scovillain|27/100|[silent]\n|-damage|p1a: Golurk|58/100 brn|[from] brn\n|upkeep\n|\n|t:|1775894690\n|switch|p2a: Charizard|Charizard, L50, M|100/100\n|turn|8\n|\n|t:|1775894706\n|move|p2b: Scovillain|Protect|p2b: Scovillain\n|-singleturn|p2b: Scovillain|Protect\n|move|p2a: Charizard|Protect|p2a: Charizard\n|-singleturn|p2a: Charizard|Protect\n|move|p1b: Mimikyu|Shadow Sneak|p2b: Scovillain\n|-activate|p2b: Scovillain|move: Protect\n|move|p1a: Golurk|Rock Slide|p2b: Scovillain|[spread] \n|-activate|p2a: Charizard|move: Protect\n|-activate|p2b: Scovillain|move: Protect\n|\n|-damage|p1a: Golurk|45/100 brn|[from] Leech Seed|[of] p2b: Scovillain\n|-heal|p2b: Scovillain|41/100|[silent]\n|-damage|p1a: Golurk|39/100 brn|[from] brn\n|upkeep\n|turn|9\n|\n|t:|1775894741\n|move|p2b: Scovillain|Protect|p2b: Scovillain\n|-singleturn|p2b: Scovillain|Protect\n|move|p2a: Charizard|Protect||[still]\n|-fail|p2a: Charizard\n|move|p1b: Mimikyu|Shadow Sneak|p2b: Scovillain\n|-activate|p2b: Scovillain|move: Protect\n|move|p1a: Golurk|Rock Slide|p2b: Scovillain|[spread] p2a\n|-activate|p2b: Scovillain|move: Protect\n|-supereffective|p2a: Charizard|2\n|-damage|p2a: Charizard|33/100\n|\n|-damage|p1a: Golurk|27/100 brn|[from] Leech Seed|[of] p2b: Scovillain\n|-heal|p2b: Scovillain|55/100|[silent]\n|-damage|p1a: Golurk|21/100 brn|[from] brn\n|upkeep\n|turn|10\n|\n|t:|1775894764\n|move|p2a: Charizard|Protect|p2a: Charizard\n|-singleturn|p2a: Charizard|Protect\n|move|p1b: Mimikyu|Shadow Sneak|p2b: Scovillain\n|-damage|p2b: Scovillain|42/100\n|-status|p1b: Mimikyu|brn|[from] ability: Spicy Spray|[of] p2b: Scovillain\n|move|p1a: Golurk|Rock Slide|p2b: Scovillain|[spread] p2b\n|-activate|p2a: Charizard|move: Protect\n|-supereffective|p2b: Scovillain|1\n|-damage|p2b: Scovillain|16/100\n|cant|p2b: Scovillain|flinch\n|\n|-damage|p1a: Golurk|9/100 brn|[from] Leech Seed|[of] p2b: Scovillain\n|-heal|p2b: Scovillain|30/100|[silent]\n|-damage|p1a: Golurk|3/100 brn|[from] brn\n|-damage|p1b: Mimikyu|21/100 brn|[from] brn\n|-fieldend|move: Trick Room\n|upkeep\n|turn|11\n|\n|t:|1775894786\n|move|p2b: Scovillain|Protect|p2b: Scovillain\n|-singleturn|p2b: Scovillain|Protect\n|move|p2a: Charizard|Heat Wave|p1b: Mimikyu|[spread] p1a,p1b\n|-damage|p1a: Golurk|0 fnt\n|-damage|p1b: Mimikyu|0 fnt\n|faint|p1a: Golurk\n|faint|p1b: Mimikyu\n|\n|upkeep\n|\n|t:|1775894791\n|switch|p1b: Kingambit|Kingambit, L50, M|100/100\n|turn|12\n|\n|t:|1775894808\n|move|p2b: Scovillain|Rage Powder|p2b: Scovillain\n|-singleturn|p2b: Scovillain|move: Rage Powder\n|move|p2a: Charizard|Heat Wave|p1b: Kingambit\n|-supereffective|p1b: Kingambit|1\n|-damage|p1b: Kingambit|11/100\n|move|p1b: Kingambit|Kowtow Cleave|p2b: Scovillain\n|-damage|p2b: Scovillain|0 fnt\n|-status|p1b: Kingambit|brn|[from] ability: Spicy Spray|[of] p2b: Scovillain\n|faint|p2b: Scovillain\n|\n|-damage|p1b: Kingambit|5/100 brn|[from] brn\n|upkeep\n|turn|13\n|\n|t:|1775894816\n|move|p2a: Charizard|Protect|p2a: Charizard\n|-singleturn|p2a: Charizard|Protect\n|move|p1b: Kingambit|Sucker Punch||[still]\n|-fail|p1b: Kingambit\n|\n|-damage|p1b: Kingambit|0 fnt|[from] brn\n|faint|p1b: Kingambit\n|\n|win|nusocs-m\n|raw|pizza 9's rating: 1042 &rarr; <strong>1025</strong><br />(-17 for losing)\n|raw|nusocs-m's rating: 1020 &rarr; <strong>1059</strong><br />(+39 for winning)\n",
  "uploadtime": 1775894826,
  "views": 17,
  "formatid": "gen9championsvgc2026regma",
  "rating": 1025,
  "private": 0,
  "password": null
}