{
  "id": "gen9championsvgc2026regma-2589533119",
  "format": "[Gen 9 Champions] VGC 2026 Reg M-A",
  "players": [
    "tzarii",
    "minosakelu"
  ],
  "log": "|j|\u2606tzarii\n|j|\u2606minosakelu\n|t:|1776731645\n|gametype|doubles\n|player|p1|tzarii|lady-gen4|1539\n|player|p2|minosakelu|101|1435\n|gen|9\n|tier|[Gen 9 Champions] VGC 2026 Reg M-A\n|rated|\n|rule|Species Clause: Limit one of each Pok\u00e9mon\n|rule|Item Clause: Limit 1 of each item\n|clearpoke\n|poke|p1|Scovillain, L50, F|\n|poke|p1|Kingambit, L50, M|\n|poke|p1|Primarina, L50, F|\n|poke|p1|Sneasler, L50, M|\n|poke|p1|Tyranitar, L50, M|\n|poke|p1|Farigiraf, L50, M|\n|poke|p2|Incineroar, L50, F|\n|poke|p2|Sneasler, L50, F|\n|poke|p2|Garchomp, L50, F|\n|poke|p2|Sinistcha, L50|\n|poke|p2|Rotom-Wash, L50|\n|poke|p2|Floette-Eternal, L50, F|\n|teampreview|4\n|\n|t:|1776731687\n|teamsize|p1|4\n|teamsize|p2|4\n|start\n|switch|p1a: Scovillain|Scovillain, L50, F|100/100\n|switch|p1b: Primarina|Primarina, L50, F|100/100\n|switch|p2a: Rotom|Rotom-Wash, L50|100/100\n|switch|p2b: Sneasler|Sneasler, L50, F|100/100\n|turn|1\n|\n|t:|1776731704\n|detailschange|p1a: Scovillain|Scovillain-Mega, L50, F\n|-mega|p1a: Scovillain|Scovillain|Scovillainite\n|move|p1b: Primarina|Protect|p1b: Primarina\n|-singleturn|p1b: Primarina|Protect\n|move|p2b: Sneasler|Fake Out|p1b: Primarina\n|-activate|p1b: Primarina|move: Protect\n|move|p2a: Rotom|Thunder Wave|p1a: Scovillain\n|-status|p1a: Scovillain|par\n|move|p1a: Scovillain|Leech Seed|p2a: Rotom\n|-start|p2a: Rotom|move: Leech Seed\n|\n|-damage|p2a: Rotom|88/100|[from] Leech Seed|[of] p1a: Scovillain\n|upkeep\n|turn|2\n|\n|t:|1776731727\n|switch|p2a: Incineroar|Incineroar, L50, F|100/100\n|-ability|p2a: Incineroar|Intimidate|boost\n|-unboost|p1a: Scovillain|atk|1\n|-unboost|p1b: Primarina|atk|1\n|cant|p1a: Scovillain|par\n|move|p2b: Sneasler|Dire Claw|p1b: Primarina\n|-supereffective|p1b: Primarina|1\n|-damage|p1b: Primarina|8/100\n|-enditem|p1b: Primarina|Sitrus Berry|[eat]\n|-heal|p1b: Primarina|33/100|[from] item: Sitrus Berry\n|move|p1b: Primarina|Calm Mind|p1b: Primarina\n|-boost|p1b: Primarina|spa|1\n|-boost|p1b: Primarina|spd|1\n|\n|upkeep\n|turn|3\n|\n|t:|1776731744\n|move|p1b: Primarina|Protect|p1b: Primarina\n|-singleturn|p1b: Primarina|Protect\n|move|p1a: Scovillain|Protect|p1a: Scovillain\n|-singleturn|p1a: Scovillain|Protect\n|move|p2b: Sneasler|Dire Claw|p1b: Primarina\n|-activate|p1b: Primarina|move: Protect\n|move|p2a: Incineroar|Parting Shot|p1a: Scovillain\n|-activate|p1a: Scovillain|move: Protect\n|\n|upkeep\n|turn|4\n|\n|t:|1776731751\n|move|p1a: Scovillain|Rage Powder|p1a: Scovillain\n|-singleturn|p1a: Scovillain|move: Rage Powder\n|move|p2b: Sneasler|Dire Claw|p1a: Scovillain\n|-supereffective|p1a: Scovillain|1\n|-damage|p1a: Scovillain|16/100 par\n|-status|p2b: Sneasler|brn|[from] ability: Spicy Spray|[of] p1a: Scovillain\n|move|p1b: Primarina|Hyper Voice|p2a: Incineroar|[spread] p2a,p2b\n|-supereffective|p2a: Incineroar|1\n|-damage|p2a: Incineroar|19/100\n|-damage|p2b: Sneasler|22/100 brn\n|move|p2a: Incineroar|Parting Shot|p1a: Scovillain\n|-unboost|p1a: Scovillain|atk|1\n|-unboost|p1a: Scovillain|spa|1\n|\n|t:|1776731761\n|switch|p2a: Floette|Floette-Eternal, L50, F|100/100|[from] Parting Shot\n|\n|-damage|p2b: Sneasler|16/100 brn|[from] brn\n|upkeep\n|turn|5\n|\n|t:|1776731779\n|detailschange|p2a: Floette|Floette-Mega, L50, F\n|-mega|p2a: Floette|Floette|Floettite\n|-ability|p2a: Floette|Fairy Aura\n|move|p2b: Sneasler|Dire Claw|p1b: Primarina\n|-supereffective|p1b: Primarina|1\n|-damage|p1b: Primarina|0 fnt\n|faint|p1b: Primarina\n|move|p2a: Floette|Calm Mind|p2a: Floette\n|-boost|p2a: Floette|spa|1\n|-boost|p2a: Floette|spd|1\n|move|p1a: Scovillain|Leech Seed|p2a: Floette\n|-start|p2a: Floette|move: Leech Seed\n|\n|-damage|p2a: Floette|88/100|[from] Leech Seed|[of] p1a: Scovillain\n|-heal|p1a: Scovillain|28/100 par|[silent]\n|-damage|p2b: Sneasler|10/100 brn|[from] brn\n|upkeep\n|\n|t:|1776731790\n|switch|p1b: Sneasler|Sneasler, L50, M|100/100\n|turn|6\n|\n|t:|1776731808\n|switch|p2b: Incineroar|Incineroar, L50, F|19/100\n|-ability|p2b: Incineroar|Intimidate|boost\n|-unboost|p1a: Scovillain|atk|1\n|-unboost|p1b: Sneasler|atk|1\n|-enditem|p1b: Sneasler|White Herb\n|-clearnegativeboost|p1b: Sneasler|[silent]\n|cant|p1a: Scovillain|par\n|move|p1b: Sneasler|Fake Out|p2a: Floette\n|-damage|p2a: Floette|77/100\n|cant|p2a: Floette|flinch\n|\n|-heal|p2b: Incineroar|25/100|[from] item: Leftovers\n|-damage|p2a: Floette|65/100|[from] Leech Seed|[of] p1a: Scovillain\n|-heal|p1a: Scovillain|41/100 par|[silent]\n|upkeep\n|turn|7\n|\n|t:|1776731841\n|switch|p2a: Sneasler|Sneasler, L50, F|10/100 brn\n|switch|p2b: Rotom|Rotom-Wash, L50|88/100\n|move|p1b: Sneasler|Protect|p1b: Sneasler\n|-singleturn|p1b: Sneasler|Protect\n|move|p1a: Scovillain|Leech Seed|p2b: Rotom\n|-start|p2b: Rotom|move: Leech Seed\n|\n|-damage|p2b: Rotom|76/100|[from] Leech Seed|[of] p1a: Scovillain\n|-heal|p1a: Scovillain|52/100 par|[silent]\n|-damage|p2a: Sneasler|4/100 brn|[from] brn\n|upkeep\n|turn|8\n|\n|t:|1776731877\n|move|p1b: Sneasler|Protect||[still]\n|-fail|p1b: Sneasler\n|cant|p1a: Scovillain|par\n|move|p2a: Sneasler|Fake Out|p1a: Scovillain\n|-damage|p1a: Scovillain|46/100 par\n|move|p2b: Rotom|Will-O-Wisp|p1b: Sneasler\n|-status|p1b: Sneasler|brn\n|\n|-damage|p2b: Rotom|64/100|[from] Leech Seed|[of] p1a: Scovillain\n|-heal|p1a: Scovillain|57/100 par|[silent]\n|-damage|p1b: Sneasler|95/100 brn|[from] brn\n|-damage|p2a: Sneasler|0 fnt|[from] brn\n|faint|p2a: Sneasler\n|upkeep\n|\n|t:|1776731889\n|switch|p2a: Incineroar|Incineroar, L50, F|25/100\n|-ability|p2a: Incineroar|Intimidate|boost\n|-unboost|p1a: Scovillain|atk|1\n|-unboost|p1b: Sneasler|atk|1\n|turn|9\n|\n|t:|1776731905\n|switch|p2b: Floette|Floette-Mega, L50, F|65/100\n|-ability|p2b: Floette|Fairy Aura\n|move|p1b: Sneasler|Protect|p1b: Sneasler\n|-singleturn|p1b: Sneasler|Protect\n|move|p1a: Scovillain|Protect|p1a: Scovillain\n|-singleturn|p1a: Scovillain|Protect\n|move|p2a: Incineroar|Snarl|p1b: Sneasler|[spread] \n|-activate|p1a: Scovillain|move: Protect\n|-activate|p1b: Sneasler|move: Protect\n|\n|-heal|p2a: Incineroar|32/100|[from] item: Leftovers\n|-damage|p1b: Sneasler|89/100 brn|[from] brn\n|upkeep\n|turn|10\n|\n|t:|1776731927\n|move|p1b: Sneasler|Close Combat|p2a: Incineroar\n|-supereffective|p2a: Incineroar|1\n|-damage|p2a: Incineroar|0 fnt\n|-unboost|p1b: Sneasler|def|1\n|-unboost|p1b: Sneasler|spd|1\n|faint|p2a: Incineroar\n|move|p2b: Floette|Draining Kiss|p1b: Sneasler\n|-damage|p1b: Sneasler|23/100 brn\n|-heal|p2b: Floette|100/100|[from] drain|[of] p1b: Sneasler\n|move|p1a: Scovillain|Leech Seed|p2b: Floette\n|-start|p2b: Floette|move: Leech Seed\n|\n|-damage|p2b: Floette|88/100|[from] Leech Seed|[of] p1a: Scovillain\n|-heal|p1a: Scovillain|70/100 par|[silent]\n|-damage|p1b: Sneasler|17/100 brn|[from] brn\n|upkeep\n|\n|t:|1776731938\n|switch|p2a: Rotom|Rotom-Wash, L50|64/100\n|turn|11\n|j| greenwoodgatrs\n|l| greenwoodgatrs\n|\n|t:|1776731977\n|switch|p1b: Farigiraf|Farigiraf, L50, M|100/100\n|move|p2a: Rotom|Hydro Pump|p1b: Farigiraf|[miss]\n|-miss|p2a: Rotom|p1b: Farigiraf\n|move|p2b: Floette|Calm Mind|p2b: Floette\n|-boost|p2b: Floette|spa|1\n|-boost|p2b: Floette|spd|1\n|move|p1a: Scovillain|Leech Seed|p2a: Rotom\n|-start|p2a: Rotom|move: Leech Seed\n|\n|-damage|p2a: Rotom|52/100|[from] Leech Seed|[of] p1a: Scovillain\n|-heal|p1a: Scovillain|81/100 par|[silent]\n|-damage|p2b: Floette|76/100|[from] Leech Seed|[of] p1a: Scovillain\n|-heal|p1a: Scovillain|94/100 par|[silent]\n|upkeep\n|turn|12\n|\n|t:|1776731994\n|move|p1a: Scovillain|Rage Powder|p1a: Scovillain\n|-singleturn|p1a: Scovillain|move: Rage Powder\n|move|p2a: Rotom|Hydro Pump|p1a: Scovillain|[miss]\n|-miss|p2a: Rotom|p1a: Scovillain\n|move|p2b: Floette|Draining Kiss|p1a: Scovillain\n|-resisted|p1a: Scovillain|1\n|-damage|p1a: Scovillain|68/100 par\n|-heal|p2b: Floette|94/100|[from] drain|[of] p1a: Scovillain\n|-status|p2b: Floette|brn|[from] ability: Spicy Spray|[of] p1a: Scovillain\n|move|p1b: Farigiraf|Hyper Voice|p2a: Rotom|[spread] p2a,p2b\n|-damage|p2a: Rotom|27/100\n|-damage|p2b: Floette|82/100 brn\n|\n|-damage|p2a: Rotom|15/100|[from] Leech Seed|[of] p1a: Scovillain\n|-heal|p1a: Scovillain|79/100 par|[silent]\n|-damage|p2b: Floette|70/100 brn|[from] Leech Seed|[of] p1a: Scovillain\n|-heal|p1a: Scovillain|92/100 par|[silent]\n|-damage|p2b: Floette|64/100 brn|[from] brn\n|upkeep\n|turn|13\n|-message|minosakelu forfeited.\n|\n|win|tzarii\n|raw|tzarii's rating: 1539 &rarr; <strong>1553</strong><br />(+14 for winning)\n|raw|minosakelu's rating: 1435 &rarr; <strong>1421</strong><br />(-14 for losing)\n|l|\u2606minosakelu\n|player|p2|\n",
  "uploadtime": 1776732009,
  "views": 5,
  "formatid": "gen9championsvgc2026regma",
  "rating": 1421,
  "private": 0,
  "password": null
}