{
  "id": "gen9championsvgc2026regma-2582955460",
  "format": "[Gen 9 Champions] VGC 2026 Reg M-A",
  "players": [
    "NeoNecrozma504",
    "Jaywal"
  ],
  "log": "|j|\u2606NeoNecrozma504\n|j|\u2606Jaywal\n|t:|1776128202\n|gametype|doubles\n|player|p1|NeoNecrozma504|lady|\n|player|p2|Jaywal|plasmagrunt|\n|gen|9\n|tier|[Gen 9 Champions] VGC 2026 Reg M-A\n|rule|Species Clause: Limit one of each Pok\u00e9mon\n|rule|Item Clause: Limit 1 of each item\n|clearpoke\n|poke|p1|Tyranitar, L50, F|\n|poke|p1|Whimsicott, L50, M|\n|poke|p1|Lycanroc-Dusk, L50, M|\n|poke|p1|Incineroar, L50, F|\n|poke|p1|Garchomp, L50, M|\n|poke|p1|Milotic, L50, F|\n|poke|p2|Meowscarada, L50, M|\n|poke|p2|Ceruledge, L50, F|\n|poke|p2|Froslass, L50, F|\n|poke|p2|Rotom-Wash, L50|\n|poke|p2|Sylveon, L50, M|\n|poke|p2|Zoroark-Hisui, L50, M|\n|teampreview|4\n|\n|t:|1776128264\n|teamsize|p1|4\n|teamsize|p2|4\n|start\n|switch|p1a: The GOAT|Tyranitar, L50, F|100/100\n|switch|p1b: Grumble|Incineroar, L50, F|100/100\n|switch|p2a: Trix|Meowscarada, L50, M|100/100\n|switch|p2b: Blade|Ceruledge, L50, F|100/100\n|-weather|Sandstorm|[from] ability: Sand Stream|[of] p1a: The GOAT\n|-ability|p1b: Grumble|Intimidate|boost\n|-unboost|p2a: Trix|atk|1\n|-unboost|p2b: Blade|atk|1\n|turn|1\n|\n|t:|1776128294\n|move|p1b: Grumble|Fake Out|p2a: Trix\n|-damage|p2a: Trix|82/100\n|cant|p2a: Trix|flinch\n|move|p2b: Blade|Close Combat|p1b: Grumble\n|-supereffective|p1b: Grumble|1\n|-damage|p1b: Grumble|43/100\n|-unboost|p2b: Blade|def|1\n|-unboost|p2b: Blade|spd|1\n|-enditem|p1b: Grumble|Sitrus Berry|[eat]\n|-heal|p1b: Grumble|68/100|[from] item: Sitrus Berry\n|move|p1a: The GOAT|Rock Slide|p2b: Blade|[spread] p2a,p2b\n|-supereffective|p2b: Blade|1\n|-crit|p2b: Blade\n|-damage|p2a: Trix|33/100\n|-damage|p2b: Blade|0 fnt\n|faint|p2b: Blade\n|\n|-weather|Sandstorm|[upkeep]\n|-damage|p2a: Trix|27/100|[from] Sandstorm\n|-damage|p1b: Grumble|62/100|[from] Sandstorm\n|upkeep\n|\n|t:|1776128318\n|switch|p2b: Dyson|Rotom-Wash, L50|100/100\n|turn|2\n|\n|t:|1776128333\n|move|p1a: The GOAT|Protect|p1a: The GOAT\n|-singleturn|p1a: The GOAT|Protect\n|move|p2a: Trix|Flower Trick|p1a: The GOAT\n|-activate|p1a: The GOAT|move: Protect\n|move|p2b: Dyson|Hydro Pump|p1b: Grumble\n|-supereffective|p1b: Grumble|1\n|-damage|p1b: Grumble|0 fnt\n|faint|p1b: Grumble\n|\n|-weather|Sandstorm|[upkeep]\n|-damage|p2a: Trix|21/100|[from] Sandstorm\n|-damage|p2b: Dyson|95/100|[from] Sandstorm\n|-heal|p2b: Dyson|100/100|[from] item: Leftovers\n|upkeep\n|\n|t:|1776128346\n|switch|p1b: Mirror Rim|Garchomp, L50, M, shiny|100/100\n|turn|3\n|\n|t:|1776128371\n|switch|p1a: Fluffy!|Whimsicott, L50, M, shiny|100/100\n|detailschange|p1b: Mirror Rim|Garchomp-Mega, L50, M, shiny\n|-mega|p1b: Mirror Rim|Garchomp|Garchompite\n|move|p1b: Mirror Rim|Protect|p1b: Mirror Rim\n|-singleturn|p1b: Mirror Rim|Protect\n|move|p2a: Trix|Flower Trick|p1a: Fluffy!\n|-resisted|p1a: Fluffy!|1\n|-crit|p1a: Fluffy!\n|-damage|p1a: Fluffy!|43/100\n|move|p2b: Dyson|Hydro Pump|p1b: Mirror Rim\n|-activate|p1b: Mirror Rim|move: Protect\n|\n|-weather|Sandstorm|[upkeep]\n|-damage|p2a: Trix|15/100|[from] Sandstorm\n|-damage|p1a: Fluffy!|38/100|[from] Sandstorm\n|-damage|p2b: Dyson|95/100|[from] Sandstorm\n|-heal|p2b: Dyson|100/100|[from] item: Leftovers\n|upkeep\n|turn|4\n|j| OneRandomMawile\n|\n|t:|1776128404\n|move|p1a: Fluffy!|Tailwind|p1a: Fluffy!\n|-sidestart|p1: NeoNecrozma504|move: Tailwind\n|move|p2a: Trix|Flower Trick|p1b: Mirror Rim\n|-crit|p1b: Mirror Rim\n|-damage|p1b: Mirror Rim|37/100\n|move|p1b: Mirror Rim|Rock Slide|p2b: Dyson|[spread] p2a,p2b\n|-damage|p2a: Trix|0 fnt\n|-damage|p2b: Dyson|67/100\n|faint|p2a: Trix\n|move|p2b: Dyson|Hydro Pump|p1b: Mirror Rim\n|-damage|p1b: Mirror Rim|0 fnt\n|faint|p1b: Mirror Rim\n|\n|-weather|Sandstorm|[upkeep]\n|-damage|p1a: Fluffy!|32/100|[from] Sandstorm\n|-damage|p2b: Dyson|62/100|[from] Sandstorm\n|-heal|p2b: Dyson|67/100|[from] item: Leftovers\n|upkeep\n|\n|t:|1776128419\n|switch|p2a: Blake|Froslass, L50, F|100/100\n|switch|p1b: The GOAT|Tyranitar, L50, F|100/100\n|turn|5\n|\n|t:|1776128446\n|detailschange|p2a: Blake|Froslass-Mega, L50, F\n|-mega|p2a: Blake|Froslass|Froslassite\n|-weather|Snowscape|[from] ability: Snow Warning|[of] p2a: Blake\n|move|p1a: Fluffy!|Giga Drain|p2b: Dyson\n|-supereffective|p2b: Dyson|1\n|-damage|p2b: Dyson|28/100\n|-heal|p1a: Fluffy!|55/100|[from] drain|[of] p2b: Dyson\n|move|p2a: Blake|Blizzard|p1b: The GOAT|[spread] p1a,p1b\n|-supereffective|p1a: Fluffy!|1\n|-crit|p1a: Fluffy!\n|-crit|p1b: The GOAT\n|-damage|p1a: Fluffy!|0 fnt\n|-damage|p1b: The GOAT|39/100\n|faint|p1a: Fluffy!\n|move|p1b: The GOAT|Rock Slide|p2b: Dyson|[spread] p2a,p2b\n|-supereffective|p2a: Blake|1\n|-damage|p2a: Blake|22/100\n|-damage|p2b: Dyson|0 fnt\n|faint|p2b: Dyson\n|\n|-weather|Snowscape|[upkeep]\n|upkeep\n|turn|6\n|\n|t:|1776128466\n|move|p2a: Blake|Blizzard|p1b: The GOAT\n|-damage|p1b: The GOAT|0 fnt\n|faint|p1b: The GOAT\n|\n|win|Jaywal\n|l| OneRandomMawile\n|l|\u2606NeoNecrozma504\n|player|p1|\n|l|\u2606Jaywal\n|player|p2|\n|j|\u2606NeoNecrozma504\n|player|p1|NeoNecrozma504|lady|\n",
  "uploadtime": 1776128489,
  "views": 18,
  "formatid": "gen9championsvgc2026regma",
  "rating": null,
  "private": 0,
  "password": null
}