{
  "id": "gen9championsvgc2026regma-2586311321",
  "format": "[Gen 9 Champions] VGC 2026 Reg M-A",
  "players": [
    "oilive",
    "juqiantangnang"
  ],
  "log": "|j|\u2606oilive\n|j|\u2606juqiantangnang\n|t:|1776424058\n|gametype|doubles\n|player|p1|oilive|iris|1247\n|player|p2|juqiantangnang|cynthia|1327\n|gen|9\n|tier|[Gen 9 Champions] VGC 2026 Reg M-A\n|rated|\n|rule|Species Clause: Limit one of each Pok\u00e9mon\n|rule|Item Clause: Limit 1 of each item\n|clearpoke\n|poke|p1|Araquanid, L50, F|\n|poke|p1|Hatterene, L50, F|\n|poke|p1|Tsareena, L50, F|\n|poke|p1|Maushold, L50|\n|poke|p1|Camerupt, L50, M|\n|poke|p1|Crabominable, L50, M|\n|poke|p2|Pelipper, L50, F|\n|poke|p2|Vaporeon, L50, M|\n|poke|p2|Basculegion-F, L50, F|\n|poke|p2|Scizor, L50, F|\n|poke|p2|Meganium, L50, F|\n|poke|p2|Garchomp, L50, M|\n|teampreview|4\n|inactive|Battle timer is ON: inactive players will automatically lose when time's up. (requested by juqiantangnang)\n|\n|t:|1776424077\n|teamsize|p1|4\n|teamsize|p2|4\n|start\n|switch|p1a: Hatterene|Hatterene, L50, F|100/100\n|switch|p1b: Araquanid|Araquanid, L50, F|100/100\n|switch|p2a: Pelipper|Pelipper, L50, F|100/100\n|switch|p2b: Scizor|Scizor, L50, F|100/100\n|-weather|RainDance|[from] ability: Drizzle|[of] p2a: Pelipper\n|turn|1\n|\n|t:|1776424089\n|detailschange|p2b: Scizor|Scizor-Mega, L50, F\n|-mega|p2b: Scizor|Scizor|Scizorite\n|move|p2b: Scizor|Bullet Punch|p1a: Hatterene\n|-supereffective|p1a: Hatterene|1\n|-damage|p1a: Hatterene|11/100\n|move|p2a: Pelipper|Hurricane|p1b: Araquanid\n|-supereffective|p1b: Araquanid|1\n|-damage|p1b: Araquanid|38/100\n|move|p1b: Araquanid|Liquidation|p2b: Scizor\n|-damage|p2b: Scizor|4/100\n|move|p1a: Hatterene|Trick Room|p1a: Hatterene\n|-fieldstart|move: Trick Room|[of] p1a: Hatterene\n|\n|-weather|RainDance|[upkeep]\n|upkeep\n|turn|2\n|\n|t:|1776424107\n|switch|p1a: Tsareena|Tsareena, L50, F|100/100\n|move|p2b: Scizor|Protect|p2b: Scizor\n|-singleturn|p2b: Scizor|Protect\n|move|p1b: Araquanid|Liquidation|p2b: Scizor\n|-activate|p2b: Scizor|move: Protect\n|move|p2a: Pelipper|Hurricane|p1b: Araquanid\n|-supereffective|p1b: Araquanid|1\n|-damage|p1b: Araquanid|0 fnt\n|faint|p1b: Araquanid\n|\n|-weather|RainDance|[upkeep]\n|upkeep\n|\n|t:|1776424119\n|switch|p1b: Hatterene|Hatterene, L50, F|11/100\n|turn|3\n|\n|t:|1776424126\n|move|p2b: Scizor|Bullet Punch||[still]\n|cant|p1a: Tsareena|ability: Queenly Majesty|Bullet Punch|[of] p2b: Scizor\n|move|p1b: Hatterene|Dazzling Gleam|p2a: Pelipper|[spread] p2a,p2b\n|-resisted|p2b: Scizor|1\n|-damage|p2a: Pelipper|57/100\n|-damage|p2b: Scizor|0 fnt\n|faint|p2b: Scizor\n|move|p1a: Tsareena|Knock Off|p2a: Pelipper\n|-damage|p2a: Pelipper|18/100\n|-enditem|p2a: Pelipper|Mental Herb|[from] move: Knock Off|[of] p1a: Tsareena\n|move|p2a: Pelipper|Hurricane|p1a: Tsareena\n|-supereffective|p1a: Tsareena|1\n|-damage|p1a: Tsareena|27/100\n|\n|-weather|RainDance|[upkeep]\n|upkeep\n|\n|t:|1776424132\n|switch|p2b: Vaporeon|Vaporeon, L50, M|100/100\n|turn|4\n|\n|t:|1776424145\n|move|p2b: Vaporeon|Protect|p2b: Vaporeon\n|-singleturn|p2b: Vaporeon|Protect\n|move|p1b: Hatterene|Dazzling Gleam|p2b: Vaporeon|[spread] p2a\n|-activate|p2b: Vaporeon|move: Protect\n|-damage|p2a: Pelipper|0 fnt\n|faint|p2a: Pelipper\n|move|p1a: Tsareena|Knock Off|p2b: Vaporeon\n|-activate|p2b: Vaporeon|move: Protect\n|\n|-weather|RainDance|[upkeep]\n|upkeep\n|\n|t:|1776424149\n|switch|p2a: Basculegion|Basculegion-F, L50, F|100/100\n|turn|5\n|\n|t:|1776424163\n|move|p1b: Hatterene|Dazzling Gleam|p2a: Basculegion|[spread] p2a,p2b\n|-damage|p2a: Basculegion|60/100\n|-damage|p2b: Vaporeon|75/100\n|move|p1a: Tsareena|Knock Off|p2a: Basculegion\n|-supereffective|p2a: Basculegion|1\n|-damage|p2a: Basculegion|0 fnt\n|-enditem|p2a: Basculegion|Mystic Water|[from] move: Knock Off|[of] p1a: Tsareena\n|faint|p2a: Basculegion\n|move|p2b: Vaporeon|Wish|p2b: Vaporeon\n|\n|-weather|none\n|-heal|p2b: Vaporeon|81/100|[from] item: Leftovers\n|-fieldend|move: Trick Room\n|upkeep\n|turn|6\n|-message|juqiantangnang forfeited.\n|\n|win|oilive\n|raw|oilive's rating: 1247 &rarr; <strong>1278</strong><br />(+31 for winning)\n|raw|juqiantangnang's rating: 1327 &rarr; <strong>1302</strong><br />(-25 for losing)\n|l|\u2606juqiantangnang\n|player|p2|\n",
  "uploadtime": 1776424304,
  "views": 54,
  "formatid": "gen9championsvgc2026regma",
  "rating": 1278,
  "private": 0,
  "password": null
}