{
  "id": "gen9championsvgc2026regma-2588452404",
  "format": "[Gen 9 Champions] VGC 2026 Reg M-A",
  "players": [
    "PH_Balls",
    "flyguild"
  ],
  "log": "|j|\u2606PH_Balls\n|j|\u2606flyguild\n|t:|1776634782\n|gametype|doubles\n|player|p1|PH_Balls|blackbelt|1089\n|player|p2|flyguild|102|1170\n|gen|9\n|tier|[Gen 9 Champions] VGC 2026 Reg M-A\n|rated|\n|rule|Species Clause: Limit one of each Pok\u00e9mon\n|rule|Item Clause: Limit 1 of each item\n|clearpoke\n|poke|p1|Espathra, L50, M|\n|poke|p1|Forretress, L50, F|\n|poke|p1|Charizard, L50, M|\n|poke|p1|Incineroar, L50, M|\n|poke|p1|Garchomp, L50, M|\n|poke|p1|Greninja, L50, M|\n|poke|p2|Froslass, L50, F|\n|poke|p2|Blastoise, L50, M|\n|poke|p2|Orthworm, L50, F, shiny|\n|poke|p2|Incineroar, L50, M, shiny|\n|poke|p2|Tinkaton, L50, F, shiny|\n|poke|p2|Glalie, L50, F, shiny|\n|teampreview|4\n|inactive|Battle timer is ON: inactive players will automatically lose when time's up. (requested by flyguild)\n|\n|t:|1776634819\n|teamsize|p1|4\n|teamsize|p2|4\n|start\n|switch|p1a: Espathra|Espathra, L50, M|100/100\n|switch|p1b: Forretress|Forretress, L50, F|100/100\n|switch|p2a: Blastoise|Blastoise, L50, M|100/100\n|switch|p2b: Orthworm|Orthworm, L50, F, shiny|100/100\n|turn|1\n|\n|t:|1776634835\n|move|p1a: Espathra|Protect|p1a: Espathra\n|-singleturn|p1a: Espathra|Protect\n|move|p2a: Blastoise|Fake Out|p1b: Forretress\n|-resisted|p1b: Forretress|1\n|-damage|p1b: Forretress|98/100\n|move|p2b: Orthworm|Shed Tail|p2b: Orthworm\n|-start|p2b: Orthworm|Substitute|[from] move: Shed Tail\n|-damage|p2b: Orthworm|50/100\n|-enditem|p2b: Orthworm|Sitrus Berry|[eat]\n|-heal|p2b: Orthworm|75/100|[from] item: Sitrus Berry\n|\n|t:|1776634844\n|switch|p2b: Glalie|Glalie, L50, F, shiny|100/100|[from] Shed Tail\n|cant|p1b: Forretress|flinch\n|\n|-heal|p1b: Forretress|100/100|[from] item: Leftovers\n|-ability|p1a: Espathra|Speed Boost|boost\n|-boost|p1a: Espathra|spe|1\n|-ability|p2b: Glalie|Moody|boost\n|-boost|p2b: Glalie|def|2\n|-unboost|p2b: Glalie|atk|1\n|upkeep\n|turn|2\n|inactive|flyguild has 30 seconds left.\n|\n|t:|1776634873\n|move|p1a: Espathra|Hypnosis|p2a: Blastoise|[miss]\n|-miss|p1a: Espathra|p2a: Blastoise\n|move|p2a: Blastoise|Flip Turn|p1a: Espathra\n|-damage|p1a: Espathra|77/100\n|\n|t:|1776634881\n|switch|p2a: Froslass|Froslass, L50, F|100/100|[from] Flip Turn\n|move|p2b: Glalie|Freeze-Dry|p1a: Espathra\n|-damage|p1a: Espathra|50/100\n|move|p1b: Forretress|Gravity|p1b: Forretress\n|-fieldstart|move: Gravity\n|\n|-ability|p1a: Espathra|Speed Boost|boost\n|-boost|p1a: Espathra|spe|1\n|-ability|p2b: Glalie|Moody|boost\n|-boost|p2b: Glalie|spd|2\n|-unboost|p2b: Glalie|spa|1\n|upkeep\n|turn|3\n|inactive|flyguild has 30 seconds left.\n|inactive|flyguild has 20 seconds left.\n|inactive|flyguild has 15 seconds left.\n|\n|t:|1776634926\n|detailschange|p2a: Froslass|Froslass-Mega, L50, F\n|-mega|p2a: Froslass|Froslass|Froslassite\n|-weather|Snowscape|[from] ability: Snow Warning|[of] p2a: Froslass\n|move|p1a: Espathra|Hypnosis|p2a: Froslass\n|-status|p2a: Froslass|slp|[from] move: Hypnosis\n|cant|p2a: Froslass|slp\n|move|p2b: Glalie|Icicle Crash|p1a: Espathra\n|-damage|p1a: Espathra|27/100\n|move|p1b: Forretress|Volt Switch|p2b: Glalie\n|-activate|p2b: Glalie|move: Substitute|[damage]\n|\n|t:|1776634944\n|switch|p1b: Charizard|Charizard, L50, M|100/100|[from] Volt Switch\n|\n|-weather|Snowscape|[upkeep]\n|-ability|p1a: Espathra|Speed Boost|boost\n|-boost|p1a: Espathra|spe|1\n|-ability|p2b: Glalie|Moody|boost\n|-boost|p2b: Glalie|def|2\n|-unboost|p2b: Glalie|spe|1\n|upkeep\n|turn|4\n|inactive|flyguild has 30 seconds left.\n|\n|t:|1776634969\n|switch|p2a: Blastoise|Blastoise, L50, M|100/100\n|detailschange|p1b: Charizard|Charizard-Mega-Y, L50, M\n|-mega|p1b: Charizard|Charizard|Charizardite Y\n|-weather|SunnyDay|[from] ability: Drought|[of] p1b: Charizard\n|move|p1a: Espathra|Lumina Crash|p2b: Glalie\n|-activate|p2b: Glalie|move: Substitute|[damage]\n|move|p1b: Charizard|Heat Wave|p2b: Glalie|[spread] p2a,p2b\n|-supereffective|p2b: Glalie|1\n|-end|p2b: Glalie|Substitute\n|-resisted|p2a: Blastoise|1\n|-damage|p2a: Blastoise|76/100\n|move|p2b: Glalie|Freeze-Dry|p1a: Espathra\n|-damage|p1a: Espathra|7/100\n|\n|-weather|SunnyDay|[upkeep]\n|-heal|p2a: Blastoise|82/100|[from] item: Leftovers\n|-ability|p1a: Espathra|Speed Boost|boost\n|-boost|p1a: Espathra|spe|1\n|-ability|p2b: Glalie|Moody|boost\n|-boost|p2b: Glalie|spd|2\n|-unboost|p2b: Glalie|atk|1\n|upkeep\n|turn|5\n|inactive|PH_Balls has 30 seconds left.\n|inactive|flyguild has 30 seconds left.\n|inactive|PH_Balls has 20 seconds left.\n|inactive|flyguild has 20 seconds left.\n|\n|t:|1776635008\n|switch|p1b: Garchomp|Garchomp, L50, M|100/100\n|move|p2a: Blastoise|Fake Out|p1b: Garchomp\n|-damage|p1b: Garchomp|91/100\n|-damage|p2a: Blastoise|70/100|[from] ability: Rough Skin|[of] p1b: Garchomp\n|move|p1a: Espathra|Baton Pass|p1a: Espathra\n|\n|t:|1776635018\n|switch|p1a: Charizard|Charizard-Mega-Y, L50, M|100/100|[from] Baton Pass\n|move|p2b: Glalie|Icicle Crash|p1a: Charizard\n|-damage|p1a: Charizard|87/100\n|\n|-weather|SunnyDay|[upkeep]\n|-heal|p2a: Blastoise|76/100|[from] item: Leftovers\n|-ability|p2b: Glalie|Moody|boost\n|-boost|p2b: Glalie|spd|2\n|-unboost|p2b: Glalie|spa|1\n|upkeep\n|turn|6\n|inactive|flyguild has 30 seconds left.\n|\n|t:|1776635047\n|switch|p2a: Froslass|Froslass-Mega, L50, F|100/100 slp\n|-weather|Snowscape|[from] ability: Snow Warning|[of] p2a: Froslass\n|move|p1a: Charizard|Heat Wave|p2a: Froslass|[spread] p2a,p2b\n|-supereffective|p2a: Froslass|1\n|-supereffective|p2b: Glalie|1\n|-damage|p2a: Froslass|0 fnt\n|-damage|p2b: Glalie|75/100\n|faint|p2a: Froslass\n|move|p1b: Garchomp|Rock Slide|p2b: Glalie\n|-supereffective|p2b: Glalie|1\n|-damage|p2b: Glalie|61/100\n|move|p2b: Glalie|Freeze-Dry|p1b: Garchomp\n|-supereffective|p1b: Garchomp|2\n|-damage|p1b: Garchomp|37/100\n|\n|-weather|Snowscape|[upkeep]\n|-fieldend|move: Gravity\n|-ability|p2b: Glalie|Moody|boost\n|-boost|p2b: Glalie|spe|2\n|-unboost|p2b: Glalie|def|1\n|upkeep\n|\n|t:|1776635065\n|switch|p2a: Blastoise|Blastoise, L50, M|76/100\n|turn|7\n|\n|t:|1776635080\n|move|p1a: Charizard|Protect|p1a: Charizard\n|-singleturn|p1a: Charizard|Protect\n|move|p2a: Blastoise|Fake Out|p1a: Charizard\n|-activate|p1a: Charizard|move: Protect\n|move|p2b: Glalie|Freeze-Dry|p1b: Garchomp\n|-supereffective|p1b: Garchomp|2\n|-damage|p1b: Garchomp|0 fnt\n|faint|p1b: Garchomp\n|\n|-weather|Snowscape|[upkeep]\n|-heal|p2a: Blastoise|82/100|[from] item: Leftovers\n|-ability|p2b: Glalie|Moody|boost\n|-boost|p2b: Glalie|spe|2\n|-unboost|p2b: Glalie|spa|1\n|upkeep\n|\n|t:|1776635096\n|switch|p1b: Espathra|Espathra, L50, M|7/100\n|turn|8\n|\n|t:|1776635106\n|move|p1b: Espathra|Protect|p1b: Espathra\n|-singleturn|p1b: Espathra|Protect\n|move|p1a: Charizard|Heat Wave|p2b: Glalie|[spread] p2a,p2b\n|-resisted|p2a: Blastoise|1\n|-supereffective|p2b: Glalie|1\n|-damage|p2a: Blastoise|64/100\n|-damage|p2b: Glalie|38/100\n|move|p2b: Glalie|Freeze-Dry|p1b: Espathra\n|-activate|p1b: Espathra|move: Protect\n|move|p2a: Blastoise|Life Dew|p2a: Blastoise|[spread] p2a,p2b\n|-heal|p2a: Blastoise|89/100\n|-heal|p2b: Glalie|64/100\n|\n|-weather|Snowscape|[upkeep]\n|-heal|p2a: Blastoise|95/100|[from] item: Leftovers\n|-ability|p2b: Glalie|Moody|boost\n|-boost|p2b: Glalie|def|2\n|-unboost|p2b: Glalie|spa|1\n|-ability|p1b: Espathra|Speed Boost|boost\n|-boost|p1b: Espathra|spe|1\n|upkeep\n|turn|9\n|\n|t:|1776635131\n|move|p1a: Charizard|Heat Wave|p2a: Blastoise|[spread] p2a,p2b\n|-resisted|p2a: Blastoise|1\n|-supereffective|p2b: Glalie|1\n|-damage|p2a: Blastoise|80/100\n|-damage|p2b: Glalie|40/100\n|-status|p2b: Glalie|brn\n|move|p1b: Espathra|Baton Pass|p1b: Espathra\n|\n|t:|1776635137\n|switch|p1b: Forretress|Forretress, L50, F|100/100|[from] Baton Pass\n|move|p2b: Glalie|Freeze-Dry|p1b: Forretress\n|-resisted|p1b: Forretress|1\n|-damage|p1b: Forretress|96/100\n|move|p2a: Blastoise|Life Dew|p2a: Blastoise|[spread] p2a,p2b\n|-heal|p2a: Blastoise|100/100\n|-heal|p2b: Glalie|65/100 brn\n|\n|-weather|Snowscape|[upkeep]\n|-heal|p1b: Forretress|100/100|[from] item: Leftovers\n|-damage|p2b: Glalie|59/100 brn|[from] brn\n|-ability|p2b: Glalie|Moody|boost\n|-boost|p2b: Glalie|def|1\n|-unboost|p2b: Glalie|spd|1\n|upkeep\n|turn|10\n|inactive|flyguild has 30 seconds left.\n|\n|t:|1776635167\n|move|p1a: Charizard|Heat Wave|p2b: Glalie|[spread] p2a,p2b\n|-resisted|p2a: Blastoise|1\n|-supereffective|p2b: Glalie|1\n|-damage|p2a: Blastoise|83/100\n|-damage|p2b: Glalie|34/100 brn\n|move|p2b: Glalie|Rest|p2b: Glalie\n|-status|p2b: Glalie|slp|[from] move: Rest\n|-heal|p2b: Glalie|100/100 slp|[silent]\n|move|p2a: Blastoise|Flip Turn|p1a: Charizard\n|-supereffective|p1a: Charizard|1\n|-damage|p1a: Charizard|42/100\n|\n|t:|1776635178\n|switch|p2a: Orthworm|Orthworm, L50, F, shiny|75/100|[from] Flip Turn\n|move|p1b: Forretress|Gravity|p1b: Forretress\n|-fieldstart|move: Gravity\n|\n|-weather|none\n|-ability|p2b: Glalie|Moody|boost\n|-boost|p2b: Glalie|atk|2\n|-unboost|p2b: Glalie|spe|1\n|upkeep\n|turn|11\n|\n|t:|1776635197\n|move|p1a: Charizard|Fire Blast|p2a: Orthworm\n|-supereffective|p2a: Orthworm|1\n|-damage|p2a: Orthworm|0 fnt\n|faint|p2a: Orthworm\n|cant|p2b: Glalie|slp\n|move|p2b: Glalie|Sleep Talk|p2b: Glalie\n|move|p2b: Glalie|Rest||[from] move: Sleep Talk|[still]\n|-fail|p2b: Glalie\n|move|p1b: Forretress|Volt Switch|p2b: Glalie\n|-damage|p2b: Glalie|97/100 slp\n|\n|t:|1776635209\n|switch|p1b: Espathra|Espathra, L50, M|7/100|[from] Volt Switch\n|\n|-ability|p2b: Glalie|Moody|boost\n|-boost|p2b: Glalie|spa|2\n|-unboost|p2b: Glalie|def|1\n|upkeep\n|\n|t:|1776635216\n|switch|p2a: Blastoise|Blastoise, L50, M|83/100\n|turn|12\n|\n|t:|1776635227\n|move|p2a: Blastoise|Fake Out|p1a: Charizard\n|-damage|p1a: Charizard|32/100\n|cant|p1a: Charizard|flinch\n|cant|p2b: Glalie|slp\n|move|p2b: Glalie|Sleep Talk|p2b: Glalie\n|move|p2b: Glalie|Rest||[from] move: Sleep Talk|[still]\n|-fail|p2b: Glalie\n|move|p1b: Espathra|Hypnosis|p2a: Blastoise\n|-status|p2a: Blastoise|slp|[from] move: Hypnosis\n|\n|-heal|p2a: Blastoise|89/100 slp|[from] item: Leftovers\n|-ability|p2b: Glalie|Moody|boost\n|-boost|p2b: Glalie|spd|1\n|-unboost|p2b: Glalie|spa|1\n|-ability|p1b: Espathra|Speed Boost|boost\n|-boost|p1b: Espathra|spe|1\n|upkeep\n|turn|13\n|inactive|flyguild has 30 seconds left.\n|\n|t:|1776635258\n|move|p1a: Charizard|Fire Blast|p2b: Glalie\n|-supereffective|p2b: Glalie|1\n|-damage|p2b: Glalie|61/100 slp\n|move|p1b: Espathra|Lumina Crash|p2a: Blastoise\n|-damage|p2a: Blastoise|67/100 slp\n|-unboost|p2a: Blastoise|spd|2\n|-curestatus|p2b: Glalie|slp|[msg]\n|move|p2b: Glalie|Freeze-Dry|p1b: Espathra\n|-damage|p1b: Espathra|0 fnt\n|faint|p1b: Espathra\n|cant|p2a: Blastoise|slp\n|\n|-heal|p2a: Blastoise|73/100 slp|[from] item: Leftovers\n|-ability|p2b: Glalie|Moody|boost\n|-boost|p2b: Glalie|spe|2\n|-unboost|p2b: Glalie|def|1\n|upkeep\n|\n|t:|1776635277\n|switch|p1b: Forretress|Forretress, L50, F|100/100\n|turn|14\n|\n|t:|1776635286\n|move|p1a: Charizard|Protect|p1a: Charizard\n|-singleturn|p1a: Charizard|Protect\n|move|p2b: Glalie|Icicle Crash|p1a: Charizard\n|-activate|p1a: Charizard|move: Protect\n|cant|p2a: Blastoise|slp\n|move|p1b: Forretress|Explosion|p2b: Glalie|[spread] p2a,p2b\n|-activate|p1a: Charizard|move: Protect\n|-damage|p2a: Blastoise|40/100 slp\n|-damage|p2b: Glalie|48/100\n|faint|p1b: Forretress\n|\n|-heal|p2a: Blastoise|46/100 slp|[from] item: Leftovers\n|-fieldend|move: Gravity\n|-ability|p2b: Glalie|Moody|boost\n|-boost|p2b: Glalie|spa|2\n|-unboost|p2b: Glalie|atk|1\n|upkeep\n|turn|15\n|\n|t:|1776635308\n|move|p1a: Charizard|Fire Blast|p2b: Glalie\n|-supereffective|p2b: Glalie|1\n|-crit|p2b: Glalie\n|-damage|p2b: Glalie|0 fnt\n|faint|p2b: Glalie\n|-curestatus|p2a: Blastoise|slp|[msg]\n|move|p2a: Blastoise|Life Dew|p2a: Blastoise\n|-heal|p2a: Blastoise|71/100\n|\n|-heal|p2a: Blastoise|77/100|[from] item: Leftovers\n|upkeep\n|turn|16\n|\n|t:|1776635320\n|move|p1a: Charizard|Roost|p1a: Charizard\n|-heal|p1a: Charizard|83/100\n|-singleturn|p1a: Charizard|move: Roost\n|move|p2a: Blastoise|Flip Turn|p1a: Charizard\n|-supereffective|p1a: Charizard|1\n|-damage|p1a: Charizard|40/100\n|\n|-heal|p2a: Blastoise|83/100|[from] item: Leftovers\n|upkeep\n|turn|17\n|\n|t:|1776635334\n|move|p1a: Charizard|Roost|p1a: Charizard\n|-heal|p1a: Charizard|91/100\n|-singleturn|p1a: Charizard|move: Roost\n|move|p2a: Blastoise|Flip Turn|p1a: Charizard\n|-supereffective|p1a: Charizard|1\n|-damage|p1a: Charizard|49/100\n|\n|-heal|p2a: Blastoise|89/100|[from] item: Leftovers\n|upkeep\n|turn|18\n|\n|t:|1776635345\n|move|p1a: Charizard|Roost|p1a: Charizard\n|-heal|p1a: Charizard|99/100\n|-singleturn|p1a: Charizard|move: Roost\n|move|p2a: Blastoise|Flip Turn|p1a: Charizard\n|-supereffective|p1a: Charizard|1\n|-damage|p1a: Charizard|56/100\n|\n|-heal|p2a: Blastoise|95/100|[from] item: Leftovers\n|upkeep\n|turn|19\n|\n|t:|1776635355\n|move|p1a: Charizard|Fire Blast|p2a: Blastoise\n|-resisted|p2a: Blastoise|1\n|-damage|p2a: Blastoise|44/100\n|move|p2a: Blastoise|Flip Turn|p1a: Charizard\n|-supereffective|p1a: Charizard|1\n|-damage|p1a: Charizard|12/100\n|\n|-heal|p2a: Blastoise|49/100|[from] item: Leftovers\n|upkeep\n|turn|20\n|inactive|flyguild has 30 seconds left.\n|\n|t:|1776635367\n|move|p2a: Blastoise|Protect|p2a: Blastoise\n|-singleturn|p2a: Blastoise|Protect\n|move|p1a: Charizard|Roost|p1a: Charizard\n|-heal|p1a: Charizard|63/100\n|-singleturn|p1a: Charizard|move: Roost\n|\n|-heal|p2a: Blastoise|55/100|[from] item: Leftovers\n|upkeep\n|turn|21\n|inactive|flyguild has 25 seconds left this turn.\n|inactive|flyguild has 20 seconds left.\n|inactive|flyguild has 15 seconds left.\n|\n|t:|1776635380\n|move|p1a: Charizard|Fire Blast|p2a: Blastoise\n|-resisted|p2a: Blastoise|1\n|-damage|p2a: Blastoise|5/100\n|move|p2a: Blastoise|Life Dew|p2a: Blastoise\n|-heal|p2a: Blastoise|30/100\n|\n|-heal|p2a: Blastoise|36/100|[from] item: Leftovers\n|upkeep\n|turn|22\n|inactive|flyguild has 15 seconds left this turn.\n|inactive|flyguild has 10 seconds left.\n|\n|t:|1776635391\n|move|p2a: Blastoise|Protect|p2a: Blastoise\n|-singleturn|p2a: Blastoise|Protect\n|move|p1a: Charizard|Fire Blast|p2a: Blastoise\n|-activate|p2a: Blastoise|move: Protect\n|\n|-heal|p2a: Blastoise|42/100|[from] item: Leftovers\n|upkeep\n|turn|23\n|inactive|flyguild has 10 seconds left this turn.\n|inactive|flyguild has 5 seconds left.\n|\n|t:|1776635402\n|move|p1a: Charizard|Protect|p1a: Charizard\n|-singleturn|p1a: Charizard|Protect\n|move|p2a: Blastoise|Protect||[still]\n|-fail|p2a: Blastoise\n|\n|-heal|p2a: Blastoise|48/100|[from] item: Leftovers\n|upkeep\n|turn|24\n|inactive|flyguild has 5 seconds left this turn.\n|-message|flyguild lost due to inactivity.\n|\n|win|PH_Balls\n|raw|PH_Balls's rating: 1089 &rarr; <strong>1122</strong><br />(+33 for winning)\n|raw|flyguild's rating: 1170 &rarr; <strong>1139</strong><br />(-31 for losing)\n|l|\u2606flyguild\n|player|p2|\n",
  "uploadtime": 1776635468,
  "views": 12,
  "formatid": "gen9championsvgc2026regma",
  "rating": 1122,
  "private": 0,
  "password": null
}