{
  "id": "gen9championsvgc2026regma-2583974148",
  "format": "[Gen 9 Champions] VGC 2026 Reg M-A",
  "players": [
    "Duke Kayn",
    "Psicopatata"
  ],
  "log": "|j|\u2606Duke Kayn\n|j|\u2606Psicopatata\n|t:|1776213246\n|gametype|doubles\n|player|p1|Duke Kayn|gambler|1109\n|player|p2|Psicopatata|265|1210\n|gen|9\n|tier|[Gen 9 Champions] VGC 2026 Reg M-A\n|rated|\n|rule|Species Clause: Limit one of each Pok\u00e9mon\n|rule|Item Clause: Limit 1 of each item\n|clearpoke\n|poke|p1|Charizard, L50, F|\n|poke|p1|Venusaur, L50, F|\n|poke|p1|Raichu, L50, F|\n|poke|p1|Kangaskhan, L50, F|\n|poke|p1|Ditto, L50|\n|poke|p1|Alakazam, L50, F|\n|poke|p2|Farigiraf, L50, F|\n|poke|p2|Hydrapple, L50, M|\n|poke|p2|Kingambit, L50, M|\n|poke|p2|Ampharos, L50, M|\n|poke|p2|Camerupt, L50, F|\n|poke|p2|Gallade, L50, M|\n|teampreview|4\n|inactive|Battle timer is ON: inactive players will automatically lose when time's up. (requested by Duke Kayn)\n|inactive|Psicopatata has 60 seconds left.\n|\n|t:|1776213278\n|teamsize|p1|4\n|teamsize|p2|4\n|start\n|switch|p1a: Alakazam|Alakazam, L50, F|100/100\n|switch|p1b: Raichu|Raichu, L50, F|100/100\n|switch|p2a: Farigiraf|Farigiraf, L50, F|100/100\n|switch|p2b: Kingambit|Kingambit, L50, M|100/100\n|turn|1\n|\n|t:|1776213302\n|move|p1a: Alakazam|Taunt|p2a: Farigiraf\n|-start|p2a: Farigiraf|move: Taunt\n|move|p1b: Raichu|Nuzzle|p2a: Farigiraf\n|-crit|p2a: Farigiraf\n|-damage|p2a: Farigiraf|86/100\n|-status|p2a: Farigiraf|par\n|move|p2b: Kingambit|Kowtow Cleave|p1a: Alakazam\n|-supereffective|p1a: Alakazam|1\n|-damage|p1a: Alakazam|0 fnt\n|faint|p1a: Alakazam\n|cant|p2a: Farigiraf|move: Taunt|Trick Room\n|\n|upkeep\n|\n|t:|1776213316\n|switch|p1a: Charizard|Charizard, L50, F|100/100\n|turn|2\n|\n|t:|1776213340\n|detailschange|p1a: Charizard|Charizard-Mega-Y, L50, F\n|-mega|p1a: Charizard|Charizard|Charizardite Y\n|-weather|SunnyDay|[from] ability: Drought|[of] p1a: Charizard\n|move|p2b: Kingambit|Sucker Punch|p1a: Charizard\n|-damage|p1a: Charizard|46/100\n|move|p1b: Raichu|Knock Off|p2b: Kingambit\n|-resisted|p2b: Kingambit|1\n|-damage|p2b: Kingambit|90/100\n|-enditem|p2b: Kingambit|Chople Berry|[from] move: Knock Off|[of] p1b: Raichu\n|move|p1a: Charizard|Heat Wave|p2b: Kingambit|[spread] p2a,p2b\n|-supereffective|p2b: Kingambit|1\n|-damage|p2a: Farigiraf|27/100 par\n|-damage|p2b: Kingambit|0 fnt\n|-enditem|p2a: Farigiraf|Sitrus Berry|[eat]\n|-heal|p2a: Farigiraf|52/100 par|[from] item: Sitrus Berry\n|faint|p2b: Kingambit\n|move|p2a: Farigiraf|Hyper Voice|p1a: Charizard|[spread] p1a,p1b\n|-damage|p1a: Charizard|16/100\n|-damage|p1b: Raichu|48/100\n|\n|-weather|SunnyDay|[upkeep]\n|upkeep\n|\n|t:|1776213357\n|switch|p2b: Camerupt|Camerupt, L50, F|100/100\n|turn|3\n|\n|t:|1776213382\n|detailschange|p2b: Camerupt|Camerupt-Mega, L50, F\n|-mega|p2b: Camerupt|Camerupt|Cameruptite\n|move|p1b: Raichu|Endeavor|p2b: Camerupt\n|-damage|p2b: Camerupt|37/100\n|move|p1a: Charizard|Scorching Sands|p2b: Camerupt\n|-supereffective|p2b: Camerupt|1\n|-damage|p2b: Camerupt|0 fnt\n|faint|p2b: Camerupt\n|cant|p2a: Farigiraf|par\n|\n|-weather|SunnyDay|[upkeep]\n|-end|p2a: Farigiraf|move: Taunt\n|upkeep\n|\n|t:|1776213394\n|switch|p2b: Ampharos|Ampharos, L50, M|100/100\n|turn|4\n|\n|t:|1776213406\n|move|p1b: Raichu|Endeavor|p2b: Ampharos\n|-damage|p2b: Ampharos|33/100\n|-immune|p1b: Raichu\n|move|p1a: Charizard|Scorching Sands|p2b: Ampharos\n|-supereffective|p2b: Ampharos|1\n|-damage|p2b: Ampharos|0 fnt\n|faint|p2b: Ampharos\n|move|p2a: Farigiraf|Hyper Voice|p1b: Raichu|[spread] p1a,p1b\n|-damage|p1a: Charizard|0 fnt\n|-damage|p1b: Raichu|0 fnt\n|faint|p1a: Charizard\n|faint|p1b: Raichu\n|\n|-weather|SunnyDay|[upkeep]\n|upkeep\n|\n|t:|1776213417\n|switch|p1b: Venusaur|Venusaur, L50, F|100/100\n|turn|5\n|\n|t:|1776213423\n|move|p1b: Venusaur|Energy Ball|p2a: Farigiraf\n|-damage|p2a: Farigiraf|18/100 par\n|-unboost|p2a: Farigiraf|spd|1\n|move|p2a: Farigiraf|Psychic|p1b: Venusaur\n|-supereffective|p1b: Venusaur|1\n|-damage|p1b: Venusaur|1/100\n|-unboost|p1b: Venusaur|spd|1\n|\n|-weather|SunnyDay|[upkeep]\n|upkeep\n|turn|6\n|\n|t:|1776213433\n|move|p1b: Venusaur|Energy Ball|p2a: Farigiraf\n|-damage|p2a: Farigiraf|0 fnt\n|faint|p2a: Farigiraf\n|\n|win|Duke Kayn\n|raw|Duke Kayn's rating: 1109 &rarr; <strong>1141</strong><br />(+32 for winning)\n|raw|Psicopatata's rating: 1210 &rarr; <strong>1178</strong><br />(-32 for losing)\n|l|\u2606Psicopatata\n|player|p2|\n",
  "uploadtime": 1776213439,
  "views": 15,
  "formatid": "gen9championsvgc2026regma",
  "rating": 1141,
  "private": 0,
  "password": null
}