{
  "id": "gen9championsvgc2026regma-2582294413",
  "format": "[Gen 9 Champions] VGC 2026 Reg M-A",
  "players": [
    "TrivagoGuy",
    "ericaikok"
  ],
  "log": "|j|\u2606TrivagoGuy\n|j|\u2606ericaikok\n|t:|1776080668\n|gametype|doubles\n|player|p1|TrivagoGuy|ruinmaniac|1067\n|player|p2|ericaikok|#ptplvidazzlingdiancies|1094\n|gen|9\n|tier|[Gen 9 Champions] VGC 2026 Reg M-A\n|rated|\n|rule|Species Clause: Limit one of each Pok\u00e9mon\n|rule|Item Clause: Limit 1 of each item\n|clearpoke\n|poke|p1|Volcarona, L50, F|\n|poke|p1|Skarmory, L50, F|\n|poke|p1|Rotom-Wash, L50|\n|poke|p1|Arcanine-Hisui, L50, F|\n|poke|p1|Torkoal, L50, F|\n|poke|p1|Ninetales-Alola, L50, M|\n|poke|p2|Crabominable, L50, F|\n|poke|p2|Farigiraf, L50, M|\n|poke|p2|Torkoal, L50, M|\n|poke|p2|Garchomp, L50, F|\n|poke|p2|Primarina, L50, M|\n|poke|p2|Kingambit, L50, F|\n|teampreview|4\n|inactive|Battle timer is ON: inactive players will automatically lose when time's up. (requested by ericaikok)\n|inactive|ericaikok has 60 seconds left.\n|inactive|TrivagoGuy has 60 seconds left.\n|\n|t:|1776080738\n|teamsize|p1|4\n|teamsize|p2|4\n|start\n|switch|p1a: Ninetales|Ninetales-Alola, L50, M|100/100\n|switch|p1b: Arcanine|Arcanine-Hisui, L50, F|100/100\n|switch|p2a: Garchomp|Garchomp, L50, F|100/100\n|switch|p2b: Farigiraf|Farigiraf, L50, M|100/100\n|turn|1\n|\n|t:|1776080756\n|move|p1a: Ninetales|Freeze-Dry|p2a: Garchomp\n|-supereffective|p2a: Garchomp|2\n|-enditem|p2a: Garchomp|Yache Berry|[eat]\n|-enditem|p2a: Garchomp|Yache Berry|[weaken]\n|-damage|p2a: Garchomp|25/100\n|move|p2a: Garchomp|Stomping Tantrum|p1b: Arcanine\n|-supereffective|p1b: Arcanine|2\n|-damage|p1b: Arcanine|0 fnt\n|faint|p1b: Arcanine\n|move|p2b: Farigiraf|Trick Room|p2b: Farigiraf\n|-fieldstart|move: Trick Room|[of] p2b: Farigiraf\n|\n|upkeep\n|\n|t:|1776080768\n|switch|p1b: Rotom|Rotom-Wash, L50|100/100\n|turn|2\n|\n|t:|1776080789\n|switch|p2b: Primarina|Primarina, L50, M|100/100\n|move|p1b: Rotom|Thunder Wave|p2b: Primarina\n|-status|p2b: Primarina|par\n|move|p2a: Garchomp|Dragon Claw|p1b: Rotom\n|-damage|p1b: Rotom|56/100\n|move|p1a: Ninetales|Moonblast|p2a: Garchomp\n|-supereffective|p2a: Garchomp|1\n|-damage|p2a: Garchomp|0 fnt\n|faint|p2a: Garchomp\n|\n|-heal|p1b: Rotom|62/100|[from] item: Leftovers\n|upkeep\n|\n|t:|1776080800\n|switch|p2a: Crabominable|Crabominable, L50, F|100/100\n|turn|3\n|\n|t:|1776080810\n|detailschange|p2a: Crabominable|Crabominable-Mega, L50, F\n|-mega|p2a: Crabominable|Crabominable|Crabominite\n|move|p2b: Primarina|Hyper Voice|p1a: Ninetales|[spread] p1a,p1b\n|-resisted|p1b: Rotom|1\n|-damage|p1a: Ninetales|46/100\n|-damage|p1b: Rotom|43/100\n|move|p2a: Crabominable|Rock Slide|p1a: Ninetales|[spread] p1a,p1b\n|-supereffective|p1a: Ninetales|1\n|-damage|p1a: Ninetales|0 fnt\n|-damage|p1b: Rotom|18/100\n|faint|p1a: Ninetales\n|move|p1b: Rotom|Thunderbolt|p2b: Primarina\n|-supereffective|p2b: Primarina|1\n|-damage|p2b: Primarina|42/100 par\n|\n|-heal|p1b: Rotom|24/100|[from] item: Leftovers\n|upkeep\n|\n|t:|1776080820\n|switch|p1a: Skarmory|Skarmory, L50, F|100/100\n|turn|4\n|inactive|TrivagoGuy has 30 seconds left.\n|\n|t:|1776080849\n|detailschange|p1a: Skarmory|Skarmory-Mega, L50, F\n|-mega|p1a: Skarmory|Skarmory|Skarmorite\n|move|p1b: Rotom|Protect|p1b: Rotom\n|-singleturn|p1b: Rotom|Protect\n|move|p2b: Primarina|Hyper Voice|p1a: Skarmory|[spread] p1a\n|-activate|p1b: Rotom|move: Protect\n|-damage|p1a: Skarmory|54/100\n|move|p2a: Crabominable|Drain Punch|p1a: Skarmory\n|-damage|p1a: Skarmory|0 fnt\n|faint|p1a: Skarmory\n|\n|-heal|p1b: Rotom|30/100|[from] item: Leftovers\n|upkeep\n|turn|5\n|\n|t:|1776080867\n|move|p2b: Primarina|Moonblast|p1b: Rotom\n|-crit|p1b: Rotom\n|-damage|p1b: Rotom|0 fnt\n|faint|p1b: Rotom\n|\n|win|ericaikok\n|raw|TrivagoGuy's rating: 1067 &rarr; <strong>1049</strong><br />(-18 for losing)\n|raw|ericaikok's rating: 1094 &rarr; <strong>1118</strong><br />(+24 for winning)\n|l|\u2606TrivagoGuy\n|player|p1|\n",
  "uploadtime": 1776080870,
  "views": 12,
  "formatid": "gen9championsvgc2026regma",
  "rating": 1049,
  "private": 0,
  "password": null
}