{
  "id": "gen9championsvgc2026regma-2586552456",
  "format": "[Gen 9 Champions] VGC 2026 Reg M-A",
  "players": [
    "Phillip Blevin",
    "MrCesar24"
  ],
  "log": "|j|\u2606Phillip Blevin\n|j|\u2606MrCesar24\n|t:|1776442542\n|gametype|doubles\n|player|p1|Phillip Blevin|cynthia-masters4|1323\n|player|p2|MrCesar24|2|1276\n|gen|9\n|tier|[Gen 9 Champions] VGC 2026 Reg M-A\n|rated|\n|rule|Species Clause: Limit one of each Pok\u00e9mon\n|rule|Item Clause: Limit 1 of each item\n|clearpoke\n|poke|p1|Froslass, L50, F|\n|poke|p1|Corviknight, L50, M|\n|poke|p1|Arcanine-Hisui, L50, F|\n|poke|p1|Rotom-Wash, L50|\n|poke|p1|Sneasler, L50, M|\n|poke|p1|Garchomp, L50, M|\n|poke|p2|Primarina, L50, F|\n|poke|p2|Froslass, L50, F|\n|poke|p2|Talonflame, L50, M|\n|poke|p2|Maushold-Four, L50|\n|poke|p2|Sneasler, L50, F|\n|poke|p2|Kingambit, L50, M|\n|teampreview|4\n|inactive|Battle timer is ON: inactive players will automatically lose when time's up. (requested by Phillip Blevin)\nPhillip Blevin has agreed to open team sheets.\n|inactive|MrCesar24 has 60 seconds left.\n|inactive|MrCesar24 has 30 seconds left.\n|inactive|MrCesar24 has 20 seconds left.\n|inactive|MrCesar24 has 15 seconds left.\n|\n|t:|1776442619\n|teamsize|p1|4\n|teamsize|p2|4\n|start\n|switch|p1a: Rotom|Rotom-Wash, L50|100/100\n|switch|p1b: Sneasler|Sneasler, L50, M|100/100\n|switch|p2a: Sneasler|Sneasler, L50, F|100/100\n|switch|p2b: Primarina|Primarina, L50, F|100/100\n|turn|1\n|inactive|MrCesar24 has 30 seconds left.\n|\n|t:|1776442648\n|move|p2b: Primarina|Protect|p2b: Primarina\n|-singleturn|p2b: Primarina|Protect\n|move|p1b: Sneasler|Fake Out|p2a: Sneasler\n|-damage|p2a: Sneasler|79/100\n|cant|p2a: Sneasler|flinch\n|move|p1a: Rotom|Electroweb|p2a: Sneasler|[spread] p2a\n|-activate|p2b: Primarina|move: Protect\n|-damage|p2a: Sneasler|59/100\n|-unboost|p2a: Sneasler|spe|1\n|-enditem|p2a: Sneasler|White Herb\n|-clearnegativeboost|p2a: Sneasler|[silent]\n|\n|upkeep\n|turn|2\n|inactive|MrCesar24 has 30 seconds left.\n|\n|t:|1776442673\n|switch|p2b: Froslass|Froslass, L50, F|100/100\n|move|p1a: Rotom|Electroweb|p2a: Sneasler|[spread] p2a,p2b\n|-damage|p2a: Sneasler|38/100\n|-damage|p2b: Froslass|74/100\n|-unboost|p2a: Sneasler|spe|1\n|-unboost|p2b: Froslass|spe|1\n|-start|p1a: Rotom|Disable|Electroweb|[from] ability: Cursed Body|[of] p2b: Froslass\n|move|p1b: Sneasler|Dire Claw|p2b: Froslass\n|-resisted|p2b: Froslass|1\n|-damage|p2b: Froslass|49/100\n|move|p2a: Sneasler|Dire Claw|p1a: Rotom\n|-damage|p1a: Rotom|52/100\n|\n|upkeep\n|turn|3\n|\n|t:|1776442697\n|switch|p1a: Froslass|Froslass, L50, F|100/100\n|detailschange|p2b: Froslass|Froslass-Mega, L50, F\n|-mega|p2b: Froslass|Froslass|Froslassite\n|-weather|Snowscape|[from] ability: Snow Warning|[of] p2b: Froslass\n|move|p1b: Sneasler|Close Combat|p2a: Sneasler\n|-resisted|p2a: Sneasler|1\n|-damage|p2a: Sneasler|0 fnt\n|-unboost|p1b: Sneasler|def|1\n|-unboost|p1b: Sneasler|spd|1\n|faint|p2a: Sneasler\n|move|p2b: Froslass|Aurora Veil|p2b: Froslass\n|-sidestart|p2: MrCesar24|move: Aurora Veil\n|\n|-weather|Snowscape|[upkeep]\n|upkeep\n|\n|t:|1776442717\n|switch|p2a: Primarina|Primarina, L50, F|100/100\n|turn|4\n|\n|t:|1776442735\n|move|p1a: Froslass|Protect|p1a: Froslass\n|-singleturn|p1a: Froslass|Protect\n|move|p1b: Sneasler|Dire Claw|p2a: Primarina\n|-supereffective|p2a: Primarina|1\n|-damage|p2a: Primarina|34/100\n|move|p2b: Froslass|Shadow Ball|p1a: Froslass\n|-activate|p1a: Froslass|move: Protect\n|move|p2a: Primarina|Hyper Voice|p1b: Sneasler|[spread] p1b\n|-activate|p1a: Froslass|move: Protect\n|-damage|p1b: Sneasler|23/100\n|\n|-weather|Snowscape|[upkeep]\n|-heal|p2a: Primarina|40/100|[from] item: Leftovers\n|upkeep\n|turn|5\n|\n|t:|1776442754\n|detailschange|p1a: Froslass|Froslass-Mega, L50, F\n|-mega|p1a: Froslass|Froslass|Froslassite\n|move|p2a: Primarina|Protect|p2a: Primarina\n|-singleturn|p2a: Primarina|Protect\n|move|p1b: Sneasler|Dire Claw|p2a: Primarina\n|-activate|p2a: Primarina|move: Protect\n|move|p1a: Froslass|Shadow Ball|p2b: Froslass\n|-supereffective|p2b: Froslass|1\n|-damage|p2b: Froslass|0 fnt\n|faint|p2b: Froslass\n|\n|-weather|Snowscape|[upkeep]\n|-heal|p2a: Primarina|45/100|[from] item: Leftovers\n|upkeep\n|\n|t:|1776442769\n|switch|p2b: Maushold|Maushold-Four, L50|100/100\n|turn|6\n|\n|t:|1776442784\n|move|p1a: Froslass|Protect|p1a: Froslass\n|-singleturn|p1a: Froslass|Protect\n|move|p2b: Maushold|Follow Me|p2b: Maushold\n|-singleturn|p2b: Maushold|move: Follow Me\n|move|p1b: Sneasler|Close Combat|p2b: Maushold\n|-supereffective|p2b: Maushold|1\n|-enditem|p2b: Maushold|Chople Berry|[eat]\n|-enditem|p2b: Maushold|Chople Berry|[weaken]\n|-damage|p2b: Maushold|54/100\n|-unboost|p1b: Sneasler|def|1\n|-unboost|p1b: Sneasler|spd|1\n|move|p2a: Primarina|Hyper Voice|p1a: Froslass|[spread] p1b\n|-activate|p1a: Froslass|move: Protect\n|-damage|p1b: Sneasler|0 fnt\n|faint|p1b: Sneasler\n|\n|-weather|Snowscape|[upkeep]\n|-heal|p2a: Primarina|51/100|[from] item: Leftovers\n|upkeep\n|\n|t:|1776442791\n|switch|p1b: Rotom|Rotom-Wash, L50|52/100\n|turn|7\n|\n|t:|1776442809\n|move|p2b: Maushold|Follow Me|p2b: Maushold\n|-singleturn|p2b: Maushold|move: Follow Me\n|move|p1b: Rotom|Electroweb|p2b: Maushold|[spread] p2b\n|-miss|p1b: Rotom|p2a: Primarina\n|-damage|p2b: Maushold|38/100\n|-unboost|p2b: Maushold|spe|1\n|move|p1a: Froslass|Blizzard|p2a: Primarina|[spread] p2a,p2b\n|-resisted|p2a: Primarina|1\n|-damage|p2a: Primarina|42/100\n|-damage|p2b: Maushold|0 fnt\n|faint|p2b: Maushold\n|move|p2a: Primarina|Draining Kiss|p1b: Rotom\n|-damage|p1b: Rotom|22/100\n|-heal|p2a: Primarina|61/100|[from] drain|[of] p1b: Rotom\n|\n|-weather|none\n|-heal|p2a: Primarina|67/100|[from] item: Leftovers\n|-sideend|p2: MrCesar24|move: Aurora Veil\n|upkeep\n|turn|8\n|\n|t:|1776442824\n|move|p1b: Rotom|Electroweb|p2a: Primarina\n|-supereffective|p2a: Primarina|1\n|-damage|p2a: Primarina|34/100\n|-unboost|p2a: Primarina|spe|1\n|move|p1a: Froslass|Shadow Ball|p2a: Primarina\n|-damage|p2a: Primarina|0 fnt\n|faint|p2a: Primarina\n|\n|win|Phillip Blevin\n|raw|Phillip Blevin's rating: 1323 &rarr; <strong>1340</strong><br />(+17 for winning)\n|raw|MrCesar24's rating: 1276 &rarr; <strong>1254</strong><br />(-22 for losing)\n",
  "uploadtime": 1776442824,
  "views": 33,
  "formatid": "gen9championsvgc2026regma",
  "rating": 1254,
  "private": 0,
  "password": null
}