{
  "id": "gen9championsvgc2026regma-2586458431",
  "format": "[Gen 9 Champions] VGC 2026 Reg M-A",
  "players": [
    "Ivyzinha089",
    "Triplo su Presenza"
  ],
  "log": "|j|\u2606Ivyzinha089\n|j|\u2606Triplo su Presenza\n|t:|1776436064\n|gametype|doubles\n|player|p1|Ivyzinha089|dawn|1445\n|player|p2|Triplo su Presenza|1|1582\n|gen|9\n|tier|[Gen 9 Champions] VGC 2026 Reg M-A\n|rated|\n|rule|Species Clause: Limit one of each Pok\u00e9mon\n|rule|Item Clause: Limit 1 of each item\n|clearpoke\n|poke|p1|Froslass, L50, F|\n|poke|p1|Sinistcha, L50|\n|poke|p1|Sneasler, L50, M|\n|poke|p1|Garchomp, L50, M|\n|poke|p1|Kingambit, L50, M|\n|poke|p1|Rotom-Wash, L50|\n|poke|p2|Excadrill, L50, F|\n|poke|p2|Tyranitar, L50, F|\n|poke|p2|Sneasler, L50, F|\n|poke|p2|Floette-Eternal, L50, F|\n|poke|p2|Corviknight, L50, M|\n|poke|p2|Rotom-Wash, L50|\n|teampreview|4\n|inactive|Battle timer is ON: inactive players will automatically lose when time's up. (requested by Ivyzinha089)\n|inactive|Triplo su Presenza has 60 seconds left.\n|inactive|Ivyzinha089 has 60 seconds left.\n|inactive|Triplo su Presenza has 30 seconds left.\n|inactive|Triplo su Presenza has 20 seconds left.\n|inactive|Triplo su Presenza has 15 seconds left.\n|inactive|Triplo su Presenza has 10 seconds left.\n|\n|t:|1776436150\n|teamsize|p1|4\n|teamsize|p2|4\n|start\n|switch|p1a: Garchomp|Garchomp, L50, M|100/100\n|switch|p1b: Sneasler|Sneasler, L50, M|100/100\n|switch|p2a: Corviknight|Corviknight, L50, M|100/100\n|switch|p2b: Sneasler|Sneasler, L50, F|100/100\n|turn|1\n|\n|t:|1776436173\n|move|p2b: Sneasler|Fake Out|p1a: Garchomp\n|-damage|p1a: Garchomp|85/100\n|-damage|p2b: Sneasler|88/100|[from] ability: Rough Skin|[of] p1a: Garchomp\n|move|p1b: Sneasler|Fake Out|p2a: Corviknight\n|-resisted|p2a: Corviknight|1\n|-damage|p2a: Corviknight|95/100\n|cant|p1a: Garchomp|flinch\n|cant|p2a: Corviknight|flinch\n|\n|-heal|p2a: Corviknight|100/100|[from] item: Leftovers\n|upkeep\n|turn|2\n|inactive|Triplo su Presenza has 30 seconds left.\n|l|\u2606Ivyzinha089\n|inactive|Ivyzinha089 disconnected and has a minute to reconnect!\n|player|p1|\n|inactive|Triplo su Presenza has 20 seconds left.\n|\n|t:|1776436209\n|switch|p1b: Rotom|Rotom-Wash, L50|100/100\n|move|p2b: Sneasler|Close Combat|p1a: Garchomp\n|-damage|p1a: Garchomp|18/100\n|-unboost|p2b: Sneasler|def|1\n|-unboost|p2b: Sneasler|spd|1\n|-damage|p2b: Sneasler|76/100|[from] ability: Rough Skin|[of] p1a: Garchomp\n|-enditem|p2b: Sneasler|White Herb\n|-clearnegativeboost|p2b: Sneasler|[silent]\n|move|p1a: Garchomp|Earthquake|p2b: Sneasler|[spread] p2b\n|-immune|p1b: Rotom|[from] ability: Levitate\n|-immune|p2a: Corviknight\n|-supereffective|p2b: Sneasler|1\n|-damage|p2b: Sneasler|0 fnt\n|faint|p2b: Sneasler\n|move|p2a: Corviknight|Tailwind|p2a: Corviknight\n|-sidestart|p2: Triplo su Presenza|move: Tailwind\n|\n|upkeep\n|inactive|Triplo su Presenza has 30 seconds left.\n|inactive|Triplo su Presenza has 20 seconds left.\n|inactive|Triplo su Presenza has 15 seconds left.\n|\n|t:|1776436255\n|switch|p2b: Tyranitar|Tyranitar, L50, F|100/100\n|-weather|Sandstorm|[from] ability: Sand Stream|[of] p2b: Tyranitar\n|turn|3\n|j|\u2606Ivyzinha089\n|inactive|Ivyzinha089 reconnected and has 55 seconds left.\n|player|p1|Ivyzinha089|dawn|\n|l|\u2606Ivyzinha089\n|inactive|Ivyzinha089 disconnected and has a minute to reconnect!\n|player|p1|\n|inactive|Ivyzinha089 has 30 seconds left.\n|inactive|Ivyzinha089 has 20 seconds left.\n|inactive|Ivyzinha089 has 15 seconds left.\n|inactive|Ivyzinha089 has 10 seconds left.\n|j|\u2606Ivyzinha089\n|inactive|Ivyzinha089 reconnected and has 10 seconds left.\n|player|p1|Ivyzinha089|dawn|\n|inactive|Ivyzinha089 has 5 seconds left.\n|\n|t:|1776436308\n|detailschange|p2b: Tyranitar|Tyranitar-Mega, L50, F\n|-mega|p2b: Tyranitar|Tyranitar|Tyranitarite\n|move|p1a: Garchomp|Protect|p1a: Garchomp\n|-singleturn|p1a: Garchomp|Protect\n|move|p1b: Rotom|Thunderbolt|p2a: Corviknight\n|-supereffective|p2a: Corviknight|1\n|-damage|p2a: Corviknight|17/100\n|move|p2b: Tyranitar|Knock Off|p1b: Rotom\n|-damage|p1b: Rotom|18/100\n|-enditem|p1b: Rotom|Choice Scarf|[from] move: Knock Off|[of] p2b: Tyranitar\n|move|p2a: Corviknight|Brave Bird|p1a: Garchomp\n|-activate|p1a: Garchomp|move: Protect\n|\n|-weather|Sandstorm|[upkeep]\n|-damage|p1b: Rotom|12/100|[from] Sandstorm\n|-heal|p2a: Corviknight|23/100|[from] item: Leftovers\n|upkeep\n|turn|4\n|inactive|Ivyzinha089 has 30 seconds left.\n|inactive|Triplo su Presenza has 30 seconds left.\n|inactive|Triplo su Presenza has 20 seconds left.\n|\n|t:|1776436346\n|move|p2b: Tyranitar|Knock Off|p1b: Rotom\n|-damage|p1b: Rotom|0 fnt\n|faint|p1b: Rotom\n|move|p2a: Corviknight|Brave Bird|p1a: Garchomp\n|-damage|p1a: Garchomp|0 fnt\n|-damage|p2a: Corviknight|11/100|[from] ability: Rough Skin|[of] p1a: Garchomp\n|faint|p1a: Garchomp\n|-damage|p2a: Corviknight|5/100|[from] Recoil\n|\n|-weather|Sandstorm|[upkeep]\n|-heal|p2a: Corviknight|11/100|[from] item: Leftovers\n|upkeep\n|\n|t:|1776436352\n|switch|p1a: Sneasler|Sneasler, L50, M|100/100\n|switch|p1b: Froslass|Froslass, L50, F|100/100\n|turn|5\n|inactive|Triplo su Presenza has 30 seconds left.\n|\n|t:|1776436389\n|switch|p2b: Excadrill|Excadrill, L50, F|100/100\n|move|p1b: Froslass|Protect|p1b: Froslass\n|-singleturn|p1b: Froslass|Protect\n|move|p1a: Sneasler|Protect|p1a: Sneasler\n|-singleturn|p1a: Sneasler|Protect\n|move|p2a: Corviknight|Brave Bird|p1a: Sneasler\n|-activate|p1a: Sneasler|move: Protect\n|\n|-weather|Sandstorm|[upkeep]\n|-damage|p1b: Froslass|94/100|[from] Sandstorm\n|-damage|p1a: Sneasler|95/100|[from] Sandstorm\n|-heal|p2a: Corviknight|17/100|[from] item: Leftovers\n|-sideend|p2: Triplo su Presenza|move: Tailwind\n|upkeep\n|turn|6\n|inactive|Triplo su Presenza has 30 seconds left.\n|inactive|Triplo su Presenza has 20 seconds left.\n|inactive|Triplo su Presenza has 15 seconds left.\n|\n|t:|1776436434\n|detailschange|p1b: Froslass|Froslass-Mega, L50, F\n|-mega|p1b: Froslass|Froslass|Froslassite\n|-weather|Snowscape|[from] ability: Snow Warning|[of] p1b: Froslass\n|move|p2b: Excadrill|Protect|p2b: Excadrill\n|-singleturn|p2b: Excadrill|Protect\n|move|p1b: Froslass|Blizzard|p2b: Excadrill|[spread] p2a\n|-activate|p2b: Excadrill|move: Protect\n|-damage|p2a: Corviknight|0 fnt\n|faint|p2a: Corviknight\n|move|p1a: Sneasler|Close Combat|p2b: Excadrill\n|-activate|p2b: Excadrill|move: Protect\n|\n|-weather|Snowscape|[upkeep]\n|upkeep\n|\n|t:|1776436444\n|switch|p2a: Tyranitar|Tyranitar-Mega, L50, F|100/100\n|-weather|Sandstorm|[from] ability: Sand Stream|[of] p2a: Tyranitar\n|turn|7\n|\n|t:|1776436454\n|move|p1a: Sneasler|Protect|p1a: Sneasler\n|-singleturn|p1a: Sneasler|Protect\n|move|p2b: Excadrill|High Horsepower|p1a: Sneasler\n|-activate|p1a: Sneasler|move: Protect\n|move|p1b: Froslass|Blizzard|p2b: Excadrill|[spread] p2a,p2b\n|-damage|p2a: Tyranitar|77/100\n|-damage|p2b: Excadrill|38/100\n|move|p2a: Tyranitar|Knock Off|p1b: Froslass\n|-supereffective|p1b: Froslass|1\n|-damage|p1b: Froslass|0 fnt\n|faint|p1b: Froslass\n|\n|-weather|Sandstorm|[upkeep]\n|-damage|p1a: Sneasler|89/100|[from] Sandstorm\n|upkeep\n|turn|8\n|-message|Ivyzinha089 forfeited.\n|\n|win|Triplo su Presenza\n|raw|Ivyzinha089's rating: 1445 &rarr; <strong>1433</strong><br />(-12 for losing)\n|raw|Triplo su Presenza's rating: 1582 &rarr; <strong>1594</strong><br />(+12 for winning)\n|l|\u2606Ivyzinha089\n|player|p1|\n",
  "uploadtime": 1776436481,
  "views": 43,
  "formatid": "gen9championsvgc2026regma",
  "rating": 1433,
  "private": 0,
  "password": null
}