{
  "id": "gen9championsvgc2026regma-2581168669",
  "format": "[Gen 9 Champions] VGC 2026 Reg M-A",
  "players": [
    "KIN07",
    "ColdSilver835"
  ],
  "log": "|j|\u2606KIN07\n|j|\u2606ColdSilver835\n|t:|1775966587\n|gametype|doubles\n|player|p1|KIN07|hilda-wonderlauncher|1133\n|player|p2|ColdSilver835|erika|1071\n|gen|9\n|tier|[Gen 9 Champions] VGC 2026 Reg M-A\n|rated|\n|rule|Species Clause: Limit one of each Pok\u00e9mon\n|rule|Item Clause: Limit 1 of each item\n|clearpoke\n|poke|p1|Aerodactyl, L50, F|\n|poke|p1|Floette-Eternal, L50, F|\n|poke|p1|Incineroar, L50, F|\n|poke|p1|Kingambit, L50, F|\n|poke|p1|Sneasler, L50, F|\n|poke|p1|Sinistcha, L50|\n|poke|p2|Zoroark-Hisui, L50, M|\n|poke|p2|Garchomp, L50, M|\n|poke|p2|Froslass, L50, F|\n|poke|p2|Whimsicott, L50, M|\n|poke|p2|Dragapult, L50, F|\n|poke|p2|Serperior, L50, F|\n|teampreview|4\n|inactive|Battle timer is ON: inactive players will automatically lose when time's up. (requested by KIN07)\n|inactive|KIN07 has 60 seconds left.\nColdSilver835 rejected open team sheets.\n|\n|t:|1775966635\n|teamsize|p1|4\n|teamsize|p2|4\n|start\n|switch|p1a: Aerodactyl|Aerodactyl, L50, F|100/100\n|switch|p1b: Incineroar|Incineroar, L50, F|100/100\n|switch|p2a: Garchomp|Garchomp, L50, M|100/100\n|switch|p2b: Froslass|Froslass, L50, F|100/100\n|-ability|p1a: Aerodactyl|Unnerve\n|-ability|p1b: Incineroar|Intimidate|boost\n|-unboost|p2a: Garchomp|atk|1\n|-unboost|p2b: Froslass|atk|1\n|turn|1\n|\n|t:|1775966659\n|move|p1b: Incineroar|Fake Out|p2a: Garchomp\n|-damage|p2a: Garchomp|90/100\n|-damage|p1b: Incineroar|88/100|[from] ability: Rough Skin|[of] p2a: Garchomp\n|move|p1a: Aerodactyl|Tailwind|p1a: Aerodactyl\n|-sidestart|p1: KIN07|move: Tailwind\n|move|p2b: Froslass|Calm Mind|p2b: Froslass\n|-boost|p2b: Froslass|spa|1\n|-boost|p2b: Froslass|spd|1\n|cant|p2a: Garchomp|flinch\n|\n|upkeep\n|turn|2\n|\n|t:|1775966682\n|move|p2a: Garchomp|Protect|p2a: Garchomp\n|-singleturn|p2a: Garchomp|Protect\n|move|p1a: Aerodactyl|Rock Slide|p2a: Garchomp|[spread] p2b\n|-activate|p2a: Garchomp|move: Protect\n|-damage|p2b: Froslass|47/100\n|replace|p2b: Zoroark|Zoroark-Hisui, L50, M, shiny\n|-end|p2b: Zoroark|Illusion\n|move|p2b: Zoroark|Bitter Malice|p1a: Aerodactyl\n|-damage|p1a: Aerodactyl|32/100\n|-unboost|p1a: Aerodactyl|atk|1\n|move|p1b: Incineroar|Parting Shot|p2b: Zoroark\n|-unboost|p2b: Zoroark|atk|1\n|-unboost|p2b: Zoroark|spa|1\n|\n|t:|1775966704\n|switch|p1b: Floette|Floette-Eternal, L50, F|100/100|[from] Parting Shot\n|\n|-heal|p2b: Zoroark|53/100|[from] item: Leftovers\n|upkeep\n|turn|3\n|\n|t:|1775966727\n|detailschange|p1b: Floette|Floette-Mega, L50, F\n|-mega|p1b: Floette|Floette|Floettite\n|-ability|p1b: Floette|Fairy Aura\n|move|p1a: Aerodactyl|Dual Wingbeat|p2a: Garchomp\n|-crit|p2a: Garchomp\n|-damage|p2a: Garchomp|60/100\n|-damage|p1a: Aerodactyl|20/100|[from] ability: Rough Skin|[of] p2a: Garchomp\n|-damage|p2a: Garchomp|49/100\n|-damage|p1a: Aerodactyl|8/100|[from] ability: Rough Skin|[of] p2a: Garchomp\n|-hitcount|p2a: Garchomp|2\n|move|p1b: Floette|Dazzling Gleam|p2a: Garchomp|[spread] p2a,p2b\n|-supereffective|p2a: Garchomp|1\n|-damage|p2a: Garchomp|0 fnt\n|-damage|p2b: Zoroark|0 fnt\n|faint|p2a: Garchomp\n|faint|p2b: Zoroark\n|\n|upkeep\n|\n|t:|1775966744\n|switch|p2b: Froslass|Froslass, L50, F|100/100\n|switch|p2a: Dragapult|Dragapult, L50, F|100/100\n|turn|4\n|\n|t:|1775966766\n|switch|p1a: Incineroar|Incineroar, L50, F|88/100\n|-ability|p1a: Incineroar|Intimidate|boost\n|-fail|p2a: Dragapult|unboost|[from] ability: Clear Body|[of] p2a: Dragapult\n|-unboost|p2b: Froslass|atk|1\n|detailschange|p2b: Froslass|Froslass-Mega, L50, F\n|-mega|p2b: Froslass|Froslass|Froslassite\n|-weather|Snowscape|[from] ability: Snow Warning|[of] p2b: Froslass\n|move|p1b: Floette|Protect|p1b: Floette\n|-singleturn|p1b: Floette|Protect\n|move|p2a: Dragapult|Sucker Punch||[still]\n|-fail|p2a: Dragapult\n|move|p2b: Froslass|Aurora Veil|p2b: Froslass\n|-sidestart|p2: ColdSilver835|move: Aurora Veil\n|\n|-weather|Snowscape|[upkeep]\n|-sideend|p1: KIN07|move: Tailwind\n|upkeep\n|turn|5\n|inactive|KIN07 has 30 seconds left.\n|inactive|KIN07 has 20 seconds left.\n|inactive|KIN07 has 15 seconds left.\n|\n|t:|1775966809\n|move|p2a: Dragapult|Dragon Dance|p2a: Dragapult\n|-boost|p2a: Dragapult|atk|1\n|-boost|p2a: Dragapult|spe|1\n|move|p2b: Froslass|Nasty Plot|p2b: Froslass\n|-boost|p2b: Froslass|spa|2\n|move|p1b: Floette|Calm Mind|p1b: Floette\n|-boost|p1b: Floette|spa|1\n|-boost|p1b: Floette|spd|1\n|move|p1a: Incineroar|Darkest Lariat|p2a: Dragapult\n|-supereffective|p2a: Dragapult|1\n|-damage|p2a: Dragapult|39/100\n|\n|-weather|Snowscape|[upkeep]\n|upkeep\n|turn|6\n|\n|t:|1775966834\n|move|p2a: Dragapult|Dragon Darts|p1a: Incineroar\n|-damage|p1a: Incineroar|48/100\n|-anim|p2a: Dragapult|Dragon Darts|p1a: Incineroar\n|-damage|p1a: Incineroar|6/100\n|move|p2b: Froslass|Blizzard|p1a: Incineroar|[spread] p1a,p1b\n|-resisted|p1a: Incineroar|1\n|-damage|p1a: Incineroar|0 fnt\n|-damage|p1b: Floette|54/100\n|faint|p1a: Incineroar\n|move|p1b: Floette|Moonblast|p2b: Froslass\n|-damage|p2b: Froslass|2/100\n|\n|-weather|Snowscape|[upkeep]\n|upkeep\n|\n|t:|1775966843\n|switch|p1a: Kingambit|Kingambit, L50, F|100/100\n|turn|7\n|inactive|KIN07 has 30 seconds left.\n|\n|t:|1775966874\n|move|p1b: Floette|Protect|p1b: Floette\n|-singleturn|p1b: Floette|Protect\n|move|p2a: Dragapult|Sucker Punch||[still]\n|-fail|p2a: Dragapult\n|move|p2b: Froslass|Blizzard|p1a: Kingambit|[spread] p1a\n|-activate|p1b: Floette|move: Protect\n|-resisted|p1a: Kingambit|1\n|-damage|p1a: Kingambit|55/100\n|move|p1a: Kingambit|Kowtow Cleave|p2a: Dragapult\n|-supereffective|p2a: Dragapult|1\n|-crit|p2a: Dragapult\n|-damage|p2a: Dragapult|0 fnt\n|faint|p2a: Dragapult\n|\n|-weather|Snowscape|[upkeep]\n|upkeep\n|turn|8\n|\n|t:|1775966891\n|move|p1a: Kingambit|Protect|p1a: Kingambit\n|-singleturn|p1a: Kingambit|Protect\n|move|p2b: Froslass|Blizzard|p1a: Kingambit|[spread] p1b\n|-activate|p1a: Kingambit|move: Protect\n|-damage|p1b: Floette|13/100\n|move|p1b: Floette|Moonblast|p2b: Froslass\n|-damage|p2b: Froslass|0 fnt\n|faint|p2b: Froslass\n|\n|win|KIN07\n|raw|KIN07's rating: 1133 &rarr; <strong>1154</strong><br />(+21 for winning)\n|raw|ColdSilver835's rating: 1071 &rarr; <strong>1054</strong><br />(-17 for losing)\n|l|\u2606ColdSilver835\n|player|p2|\n",
  "uploadtime": 1775966903,
  "views": 11,
  "formatid": "gen9championsvgc2026regma",
  "rating": 1054,
  "private": 0,
  "password": null
}