{
  "id": "gen9championsvgc2026regma-2582909224",
  "format": "[Gen 9 Champions] VGC 2026 Reg M-A",
  "players": [
    "vu_7",
    "CappyCappy"
  ],
  "log": "|j|\u2606vu_7\n|j|\u2606CappyCappy\n|t:|1776124086\n|gametype|doubles\n|player|p1|vu_7|clown|1178\n|player|p2|CappyCappy|miku-fairy|1223\n|gen|9\n|tier|[Gen 9 Champions] VGC 2026 Reg M-A\n|rated|\n|rule|Species Clause: Limit one of each Pok\u00e9mon\n|rule|Item Clause: Limit 1 of each item\n|clearpoke\n|poke|p1|Garchomp, L50, F|\n|poke|p1|Floette-Eternal, L50, F|\n|poke|p1|Milotic, L50, F|\n|poke|p1|Scizor, L50, M|\n|poke|p1|Incineroar, L50, M|\n|poke|p1|Roserade, L50, F|\n|poke|p2|Sneasler, L50, F|\n|poke|p2|Incineroar, L50, M|\n|poke|p2|Kingambit, L50, F|\n|poke|p2|Aerodactyl, L50, M|\n|poke|p2|Floette-Eternal, L50, F|\n|poke|p2|Delphox, L50, F|\n|teampreview|4\n|inactive|Battle timer is ON: inactive players will automatically lose when time's up. (requested by vu_7)\nCappyCappy rejected open team sheets.\n|inactive|vu_7 has 60 seconds left.\n|inactive|CappyCappy has 60 seconds left.\n|\n|t:|1776124144\n|teamsize|p1|4\n|teamsize|p2|4\n|start\n|switch|p1a: Milotic|Milotic, L50, F|100/100\n|switch|p1b: Incineroar|Incineroar, L50, M|100/100\n|switch|p2a: Delphox|Delphox, L50, F|100/100\n|switch|p2b: Aerodactyl|Aerodactyl, L50, M|100/100\n|-ability|p1b: Incineroar|Intimidate|boost\n|-unboost|p2a: Delphox|atk|1\n|-unboost|p2b: Aerodactyl|atk|1\n|turn|1\n|\n|t:|1776124162\n|detailschange|p2a: Delphox|Delphox-Mega, L50, F\n|-mega|p2a: Delphox|Delphox|Delphoxite\n|move|p2a: Delphox|Protect|p2a: Delphox\n|-singleturn|p2a: Delphox|Protect\n|move|p1b: Incineroar|Fake Out|p2a: Delphox\n|-activate|p2a: Delphox|move: Protect\n|move|p2b: Aerodactyl|Tailwind|p2b: Aerodactyl\n|-sidestart|p2: CappyCappy|move: Tailwind\n|move|p1a: Milotic|Icy Wind|p2b: Aerodactyl|[spread] p2b\n|-activate|p2a: Delphox|move: Protect\n|-supereffective|p2b: Aerodactyl|1\n|-damage|p2b: Aerodactyl|73/100\n|-unboost|p2b: Aerodactyl|spe|1\n|\n|upkeep\n|turn|2\n|\n|t:|1776124183\n|switch|p2a: Sneasler|Sneasler, L50, F|100/100\n|move|p2b: Aerodactyl|Rock Slide|p1b: Incineroar|[spread] p1a,p1b\n|-supereffective|p1b: Incineroar|1\n|-damage|p1a: Milotic|86/100\n|-damage|p1b: Incineroar|75/100\n|move|p1a: Milotic|Icy Wind|p2b: Aerodactyl|[spread] p2a,p2b\n|-supereffective|p2b: Aerodactyl|1\n|-damage|p2a: Sneasler|86/100\n|-damage|p2b: Aerodactyl|44/100\n|-unboost|p2a: Sneasler|spe|1\n|-unboost|p2b: Aerodactyl|spe|1\n|-enditem|p2a: Sneasler|White Herb\n|-clearnegativeboost|p2a: Sneasler|[silent]\n|move|p1b: Incineroar|Parting Shot|p2a: Sneasler\n|-unboost|p2a: Sneasler|atk|1\n|-unboost|p2a: Sneasler|spa|1\n|\n|t:|1776124201\n|switch|p1b: Garchomp|Garchomp, L50, F|100/100|[from] Parting Shot\n|\n|-heal|p1a: Milotic|92/100|[from] item: Leftovers\n|upkeep\n|turn|3\n|inactive|CappyCappy has 30 seconds left.\n|inactive|CappyCappy has 20 seconds left.\n|inactive|CappyCappy has 15 seconds left.\n|\n|t:|1776124242\n|switch|p2a: Delphox|Delphox-Mega, L50, F|100/100\n|switch|p1b: Incineroar|Incineroar, L50, M|75/100\n|-ability|p1b: Incineroar|Intimidate|boost\n|-unboost|p2a: Delphox|atk|1\n|-unboost|p2b: Aerodactyl|atk|1\n|move|p2b: Aerodactyl|Rock Slide|p1a: Milotic|[spread] p1a,p1b\n|-supereffective|p1b: Incineroar|1\n|-damage|p1a: Milotic|80/100\n|-damage|p1b: Incineroar|53/100\n|cant|p1a: Milotic|flinch\n|\n|-heal|p1a: Milotic|86/100|[from] item: Leftovers\n|upkeep\n|turn|4\n|\n|t:|1776124261\n|switch|p2b: Sneasler|Sneasler, L50, F|86/100\n|move|p1b: Incineroar|Fake Out|p2b: Sneasler\n|-crit|p2b: Sneasler\n|-damage|p2b: Sneasler|60/100\n|move|p2a: Delphox|Heat Wave|p1a: Milotic|[spread] p1a,p1b\n|-resisted|p1a: Milotic|1\n|-resisted|p1b: Incineroar|1\n|-damage|p1a: Milotic|71/100\n|-damage|p1b: Incineroar|34/100\n|-enditem|p1b: Incineroar|Sitrus Berry|[eat]\n|-heal|p1b: Incineroar|59/100|[from] item: Sitrus Berry\n|move|p1a: Milotic|Life Dew|p1a: Milotic|[spread] p1a,p1b\n|-heal|p1a: Milotic|96/100\n|-heal|p1b: Incineroar|84/100\n|\n|-heal|p1a: Milotic|100/100|[from] item: Leftovers\n|-sideend|p2: CappyCappy|move: Tailwind\n|upkeep\n|turn|5\n|\n|t:|1776124280\n|move|p1b: Incineroar|Protect|p1b: Incineroar\n|-singleturn|p1b: Incineroar|Protect\n|move|p2a: Delphox|Encore|p1a: Milotic\n|-start|p1a: Milotic|Encore\n|move|p2b: Sneasler|Close Combat|p1b: Incineroar\n|-activate|p1b: Incineroar|move: Protect\n|move|p1a: Milotic|Life Dew||[still]|[spread] p1a,p1b\n|-fail|p1a: Milotic|heal\n|-heal|p1b: Incineroar|100/100\n|\n|upkeep\n|turn|6\n|\n|t:|1776124297\n|switch|p1b: Garchomp|Garchomp, L50, F|100/100\n|move|p2a: Delphox|Encore||[still]\n|-fail|p2a: Delphox\n|move|p2b: Sneasler|Close Combat|p1b: Garchomp\n|-damage|p1b: Garchomp|25/100\n|-unboost|p2b: Sneasler|def|1\n|-unboost|p2b: Sneasler|spd|1\n|-damage|p2b: Sneasler|48/100|[from] ability: Rough Skin|[of] p1b: Garchomp\n|move|p1a: Milotic|Life Dew||[still]|[spread] p1a,p1b\n|-fail|p1a: Milotic|heal\n|-heal|p1b: Garchomp|50/100\n|\n|upkeep\n|turn|7\n|\n|t:|1776124313\n|move|p1b: Garchomp|Protect|p1b: Garchomp\n|-singleturn|p1b: Garchomp|Protect\n|move|p2a: Delphox|Psychic|p1a: Milotic\n|-damage|p1a: Milotic|58/100\n|move|p2b: Sneasler|Close Combat|p1b: Garchomp\n|-activate|p1b: Garchomp|move: Protect\n|move|p1a: Milotic|Life Dew|p1a: Milotic|[spread] p1a,p1b\n|-heal|p1a: Milotic|83/100\n|-heal|p1b: Garchomp|75/100\n|\n|-heal|p1a: Milotic|89/100|[from] item: Leftovers\n|-end|p1a: Milotic|Encore\n|upkeep\n|turn|8\n|\n|t:|1776124327\n|switch|p1b: Incineroar|Incineroar, L50, M|100/100\n|-ability|p1b: Incineroar|Intimidate|boost\n|-unboost|p2a: Delphox|atk|1\n|-unboost|p2b: Sneasler|atk|1\n|move|p2a: Delphox|Psychic|p1a: Milotic\n|-damage|p1a: Milotic|52/100\n|move|p2b: Sneasler|Close Combat|p1b: Incineroar\n|-supereffective|p1b: Incineroar|1\n|-damage|p1b: Incineroar|18/100\n|-unboost|p2b: Sneasler|def|1\n|-unboost|p2b: Sneasler|spd|1\n|move|p1a: Milotic|Icy Wind|p2b: Sneasler|[spread] p2a,p2b\n|-resisted|p2a: Delphox|1\n|-damage|p2a: Delphox|95/100\n|-damage|p2b: Sneasler|18/100\n|-unboost|p2a: Delphox|spe|1\n|-unboost|p2b: Sneasler|spe|1\n|\n|-heal|p1a: Milotic|58/100|[from] item: Leftovers\n|upkeep\n|turn|9\n|\n|t:|1776124352\n|move|p2b: Sneasler|Protect|p2b: Sneasler\n|-singleturn|p2b: Sneasler|Protect\n|move|p1b: Incineroar|Protect|p1b: Incineroar\n|-singleturn|p1b: Incineroar|Protect\n|move|p2a: Delphox|Heat Wave|p1a: Milotic|[spread] p1a\n|-activate|p1b: Incineroar|move: Protect\n|-resisted|p1a: Milotic|1\n|-damage|p1a: Milotic|43/100\n|move|p1a: Milotic|Life Dew|p1a: Milotic|[spread] p1a,p1b\n|-heal|p1a: Milotic|68/100\n|-heal|p1b: Incineroar|43/100\n|\n|-heal|p1a: Milotic|74/100|[from] item: Leftovers\n|upkeep\n|turn|10\n|\n|t:|1776124372\n|move|p2a: Delphox|Heat Wave|p1a: Milotic|[spread] p1a,p1b\n|-resisted|p1a: Milotic|1\n|-resisted|p1b: Incineroar|1\n|-damage|p1a: Milotic|59/100\n|-damage|p1b: Incineroar|24/100\n|move|p2b: Sneasler|Close Combat|p1b: Incineroar\n|-supereffective|p1b: Incineroar|1\n|-damage|p1b: Incineroar|0 fnt\n|-unboost|p2b: Sneasler|def|1\n|-unboost|p2b: Sneasler|spd|1\n|faint|p1b: Incineroar\n|move|p1a: Milotic|Icy Wind|p2a: Delphox|[spread] p2a,p2b\n|-resisted|p2a: Delphox|1\n|-damage|p2a: Delphox|90/100\n|-damage|p2b: Sneasler|0 fnt\n|-unboost|p2a: Delphox|spe|1\n|faint|p2b: Sneasler\n|\n|-heal|p1a: Milotic|65/100|[from] item: Leftovers\n|upkeep\n|\n|t:|1776124390\n|switch|p2b: Kingambit|Kingambit, L50, F|100/100\n|switch|p1b: Garchomp|Garchomp, L50, F|75/100\n|turn|11\n|\n|t:|1776124403\n|move|p1b: Garchomp|Protect|p1b: Garchomp\n|-singleturn|p1b: Garchomp|Protect\n|move|p1a: Milotic|Icy Wind|p2a: Delphox|[spread] p2a,p2b\n|-resisted|p2a: Delphox|1\n|-crit|p2a: Delphox\n|-resisted|p2b: Kingambit|1\n|-damage|p2a: Delphox|81/100\n|-damage|p2b: Kingambit|96/100\n|-unboost|p2a: Delphox|spe|1\n|-unboost|p2b: Kingambit|spe|1\n|-ability|p2b: Kingambit|Defiant|boost\n|-boost|p2b: Kingambit|atk|2\n|move|p2a: Delphox|Psychic|p1b: Garchomp\n|-activate|p1b: Garchomp|move: Protect\n|move|p2b: Kingambit|Kowtow Cleave|p1a: Milotic\n|-damage|p1a: Milotic|0 fnt\n|faint|p1a: Milotic\n|\n|upkeep\n|\n|t:|1776124415\n|switch|p1a: Scizor|Scizor, L50, M|100/100\n|turn|12\n|\n|t:|1776124436\n|switch|p2a: Aerodactyl|Aerodactyl, L50, M|44/100\n|move|p2b: Kingambit|Sucker Punch|p1b: Garchomp\n|-damage|p1b: Garchomp|0 fnt\n|-damage|p2b: Kingambit|84/100|[from] ability: Rough Skin|[of] p1b: Garchomp\n|faint|p1b: Garchomp\n|move|p1a: Scizor|Dual Wingbeat|p2a: Aerodactyl\n|-resisted|p2a: Aerodactyl|1\n|-damage|p2a: Aerodactyl|33/100\n|-resisted|p2a: Aerodactyl|1\n|-damage|p2a: Aerodactyl|21/100\n|-hitcount|p2a: Aerodactyl|2\n|\n|upkeep\n|turn|13\n|-message|vu_7 forfeited.\n|\n|win|CappyCappy\n|raw|vu_7's rating: 1178 &rarr; <strong>1156</strong><br />(-22 for losing)\n|raw|CappyCappy's rating: 1223 &rarr; <strong>1245</strong><br />(+22 for winning)\n",
  "uploadtime": 1776124447,
  "views": 17,
  "formatid": "gen9championsvgc2026regma",
  "rating": 1156,
  "private": 0,
  "password": null
}