{
  "id": "gen9championsvgc2026regma-2583424298",
  "format": "[Gen 9 Champions] VGC 2026 Reg M-A",
  "players": [
    "guinextd",
    "Oooppplllop"
  ],
  "log": "|j|\u2606guinextd\n|j|\u2606Oooppplllop\n|t:|1776174737\n|gametype|doubles\n|player|p1|guinextd|red|1108\n|player|p2|Oooppplllop|misty|1099\n|gen|9\n|tier|[Gen 9 Champions] VGC 2026 Reg M-A\n|rated|\n|rule|Species Clause: Limit one of each Pok\u00e9mon\n|rule|Item Clause: Limit 1 of each item\n|clearpoke\n|poke|p1|Pelipper, L50, F|\n|poke|p1|Archaludon, L50, F|\n|poke|p1|Basculegion, L50, M|\n|poke|p1|Dragonite, L50, F|\n|poke|p1|Garchomp, L50, M|\n|poke|p1|Serperior, L50, M|\n|poke|p2|Whimsicott, L50, M|\n|poke|p2|Garchomp, L50, F|\n|poke|p2|Oranguru, L50, M|\n|poke|p2|Chandelure, L50, M|\n|poke|p2|Slowking-Galar, L50, F|\n|poke|p2|Blastoise, L50, F|\n|teampreview|4\n|inactive|Battle timer is ON: inactive players will automatically lose when time's up. (requested by Oooppplllop)\n|\n|t:|1776174754\n|teamsize|p1|4\n|teamsize|p2|4\n|start\n|switch|p1a: Pelipper|Pelipper, L50, F|100/100\n|switch|p1b: Archaludon|Archaludon, L50, F|100/100\n|switch|p2a: Oranguru|Oranguru, L50, M|100/100\n|switch|p2b: Chandelure|Chandelure, L50, M|100/100\n|-weather|RainDance|[from] ability: Drizzle|[of] p1a: Pelipper\n|turn|1\n|inactive|guinextd has 30 seconds left.\n|\n|t:|1776174781\n|detailschange|p2b: Chandelure|Chandelure-Mega, L50, M\n|-mega|p2b: Chandelure|Chandelure|Chandelurite\n|move|p1b: Archaludon|Electro Shot||[still]\n|-prepare|p1b: Archaludon|Electro Shot\n|-boost|p1b: Archaludon|spa|1\n|-anim|p1b: Archaludon|Electro Shot|p2b: Chandelure\n|-damage|p2b: Chandelure|36/100\n|move|p2b: Chandelure|Shadow Ball|p1a: Pelipper\n|-damage|p1a: Pelipper|36/100\n|move|p1a: Pelipper|Weather Ball|p2b: Chandelure\n|-supereffective|p2b: Chandelure|1\n|-damage|p2b: Chandelure|0 fnt\n|faint|p2b: Chandelure\n|move|p2a: Oranguru|Trick Room|p2a: Oranguru\n|-fieldstart|move: Trick Room|[of] p2a: Oranguru\n|\n|-weather|RainDance|[upkeep]\n|upkeep\n|\n|t:|1776174800\n|switch|p2b: Slowking|Slowking-Galar, L50, F|100/100\n|-clearboost|p2a: Oranguru|[from] ability: Curious Medicine|[of] p2b: Slowking\n|turn|2\n|\n|t:|1776174820\n|-prepare|p2b: Slowking|Chilly Reception|[premajor]\n|move|p2b: Slowking|Chilly Reception|p2b: Slowking\n|-weather|Snowscape\n|\n|t:|1776174823\n|switch|p2b: Garchomp|Garchomp, L50, F|100/100|[from] Chilly Reception\n|move|p1a: Pelipper|U-turn|p2a: Oranguru\n|-supereffective|p2a: Oranguru|1\n|-damage|p2a: Oranguru|83/100\n|\n|t:|1776174832\n|switch|p1a: Basculegion|Basculegion, L50, M|100/100|[from] U-turn\n|move|p2a: Oranguru|Psyshock|p1a: Basculegion\n|-damage|p1a: Basculegion|69/100\n|move|p1b: Archaludon|Electro Shot||[still]\n|-prepare|p1b: Archaludon|Electro Shot\n|-boost|p1b: Archaludon|spa|1\n|\n|-weather|Snowscape|[upkeep]\n|upkeep\n|turn|3\n|\n|t:|1776174854\n|move|p2a: Oranguru|Instruct||[still]\n|-fail|p2a: Oranguru\n|move|p1b: Archaludon|Electro Shot|p2b: Garchomp|[from] lockedmove\n|-immune|p2b: Garchomp\n|move|p1a: Basculegion|Ice Beam|p2b: Garchomp\n|-supereffective|p2b: Garchomp|2\n|-damage|p2b: Garchomp|33/100\n|move|p2b: Garchomp|Earthquake|p1b: Archaludon|[spread] p1a,p1b\n|-activate|p2a: Oranguru|ability: Telepathy\n|-supereffective|p1b: Archaludon|1\n|-damage|p1a: Basculegion|16/100\n|-damage|p1b: Archaludon|37/100\n|\n|-weather|Snowscape|[upkeep]\n|upkeep\n|turn|4\n|\n|t:|1776174869\n|move|p2b: Garchomp|Protect|p2b: Garchomp\n|-singleturn|p2b: Garchomp|Protect\n|move|p2a: Oranguru|Psyshock|p1a: Basculegion\n|-damage|p1a: Basculegion|0 fnt\n|faint|p1a: Basculegion\n|move|p1b: Archaludon|Draco Meteor|p2b: Garchomp\n|-activate|p2b: Garchomp|move: Protect\n|\n|-weather|Snowscape|[upkeep]\n|upkeep\n|\n|t:|1776174880\n|switch|p1a: Pelipper|Pelipper, L50, F|36/100\n|-weather|RainDance|[from] ability: Drizzle|[of] p1a: Pelipper\n|turn|5\n|\n|t:|1776174889\n|move|p1a: Pelipper|Weather Ball|p2b: Garchomp\n|-damage|p2b: Garchomp|0 fnt\n|faint|p2b: Garchomp\n|move|p2a: Oranguru|Psyshock|p1a: Pelipper\n|-damage|p1a: Pelipper|10/100\n|move|p1b: Archaludon|Electro Shot||[still]\n|-prepare|p1b: Archaludon|Electro Shot\n|-boost|p1b: Archaludon|spa|1\n|-anim|p1b: Archaludon|Electro Shot|p2a: Oranguru\n|-damage|p2a: Oranguru|1/100\n|\n|-weather|RainDance|[upkeep]\n|-fieldend|move: Trick Room\n|upkeep\n|\n|t:|1776174893\n|switch|p2b: Slowking|Slowking-Galar, L50, F|100/100\n|-clearboost|p2a: Oranguru|[from] ability: Curious Medicine|[of] p2b: Slowking\n|turn|6\n|\n|t:|1776174907\n|move|p1b: Archaludon|Electro Shot||[still]\n|-prepare|p1b: Archaludon|Electro Shot\n|-boost|p1b: Archaludon|spa|1\n|-anim|p1b: Archaludon|Electro Shot|p2b: Slowking\n|-damage|p2b: Slowking|0 fnt\n|faint|p2b: Slowking\n|move|p2a: Oranguru|Psyshock|p1a: Pelipper\n|-damage|p1a: Pelipper|0 fnt\n|faint|p1a: Pelipper\n|\n|-weather|RainDance|[upkeep]\n|upkeep\n|\n|t:|1776174913\n|switch|p1a: Garchomp|Garchomp, L50, M|100/100\n|turn|7\n|-message|Oooppplllop forfeited.\n|\n|win|guinextd\n|raw|guinextd's rating: 1108 &rarr; <strong>1132</strong><br />(+24 for winning)\n|raw|Oooppplllop's rating: 1099 &rarr; <strong>1075</strong><br />(-24 for losing)\n|l|\u2606Oooppplllop\n|player|p2|\n",
  "uploadtime": 1776174916,
  "views": 15,
  "formatid": "gen9championsvgc2026regma",
  "rating": 1075,
  "private": 0,
  "password": null
}