{
  "id": "gen9championsvgc2026regma-2581174694",
  "format": "[Gen 9 Champions] VGC 2026 Reg M-A",
  "players": [
    "Crotine",
    "mathus19"
  ],
  "log": "|j|\u2606Crotine\n|j|\u2606mathus19\n|t:|1775967221\n|gametype|doubles\n|player|p1|Crotine|boarder|1221\n|player|p2|mathus19|265|1193\n|gen|9\n|tier|[Gen 9 Champions] VGC 2026 Reg M-A\n|rated|\n|rule|Species Clause: Limit one of each Pok\u00e9mon\n|rule|Item Clause: Limit 1 of each item\n|clearpoke\n|poke|p1|Scizor, L50, M|\n|poke|p1|Hydrapple, L50, M|\n|poke|p1|Tyranitar, L50, M|\n|poke|p1|Farigiraf, L50, F|\n|poke|p1|Slowking-Galar, L50, M|\n|poke|p1|Incineroar, L50, M|\n|poke|p2|Charizard, L50, M|\n|poke|p2|Venusaur, L50, F|\n|poke|p2|Torkoal, L50, F|\n|poke|p2|Farigiraf, L50, M|\n|poke|p2|Garchomp, L50, F|\n|poke|p2|Incineroar, L50, F|\n|teampreview|4\n|inactive|Battle timer is ON: inactive players will automatically lose when time's up. (requested by mathus19)\n|\n|t:|1775967263\n|teamsize|p1|4\n|teamsize|p2|4\n|start\n|switch|p1a: Farigiraf|Farigiraf, L50, F|100/100\n|switch|p1b: Incineroar|Incineroar, L50, M|100/100\n|switch|p2a: Farigiraf|Farigiraf, L50, M|100/100\n|switch|p2b: Incineroar|Incineroar, L50, F|100/100\n|-ability|p2b: Incineroar|Intimidate|boost\n|-unboost|p1a: Farigiraf|atk|1\n|-unboost|p1b: Incineroar|atk|1\n|-ability|p1b: Incineroar|Intimidate|boost\n|-unboost|p2a: Farigiraf|atk|1\n|-unboost|p2b: Incineroar|atk|1\n|turn|1\n|\n|t:|1775967286\n|move|p2b: Incineroar|Darkest Lariat|p1a: Farigiraf\n|-supereffective|p1a: Farigiraf|1\n|-damage|p1a: Farigiraf|47/100\n|move|p2a: Farigiraf|Hyper Voice|p1b: Incineroar|[spread] p1a,p1b\n|-damage|p1a: Farigiraf|15/100\n|-damage|p1b: Incineroar|61/100\n|move|p1a: Farigiraf|Calm Mind|p1a: Farigiraf\n|-boost|p1a: Farigiraf|spa|1\n|-boost|p1a: Farigiraf|spd|1\n|move|p1b: Incineroar|Darkest Lariat|p2a: Farigiraf\n|-supereffective|p2a: Farigiraf|1\n|-damage|p2a: Farigiraf|32/100\n|\n|upkeep\n|turn|2\n|inactive|Crotine has 30 seconds left.\n|inactive|mathus19 has 30 seconds left.\n|\n|t:|1775967316\n|switch|p1a: Hydrapple|Hydrapple, L50, M|100/100\n|move|p2b: Incineroar|Darkest Lariat|p1a: Hydrapple\n|-damage|p1a: Hydrapple|79/100\n|move|p1b: Incineroar|Parting Shot|p2b: Incineroar\n|-unboost|p2b: Incineroar|atk|1\n|-unboost|p2b: Incineroar|spa|1\n|\n|t:|1775967327\n|switch|p1b: Tyranitar|Tyranitar, L50, M|100/100|[from] Parting Shot\n|-weather|Sandstorm|[from] ability: Sand Stream|[of] p1b: Tyranitar\n|move|p2a: Farigiraf|Trick Room|p2a: Farigiraf\n|-fieldstart|move: Trick Room|[of] p2a: Farigiraf\n|\n|-weather|Sandstorm|[upkeep]\n|-damage|p1a: Hydrapple|73/100|[from] Sandstorm\n|-damage|p2a: Farigiraf|26/100|[from] Sandstorm\n|-damage|p2b: Incineroar|94/100|[from] Sandstorm\n|upkeep\n|turn|3\n|\n|t:|1775967345\n|move|p1a: Hydrapple|Hydro Pump|p2b: Incineroar|[miss]\n|-miss|p1a: Hydrapple|p2b: Incineroar\n|move|p1b: Tyranitar|Rock Slide|p2b: Incineroar|[spread] p2a,p2b\n|-supereffective|p2b: Incineroar|1\n|-damage|p2a: Farigiraf|0 fnt\n|-damage|p2b: Incineroar|28/100\n|-enditem|p2b: Incineroar|Sitrus Berry|[eat]\n|-heal|p2b: Incineroar|52/100|[from] item: Sitrus Berry\n|faint|p2a: Farigiraf\n|move|p2b: Incineroar|Flare Blitz|p1a: Hydrapple\n|-damage|p1a: Hydrapple|52/100\n|-damage|p2b: Incineroar|44/100|[from] Recoil\n|\n|-weather|Sandstorm|[upkeep]\n|-damage|p1a: Hydrapple|46/100|[from] Sandstorm\n|-damage|p2b: Incineroar|38/100|[from] Sandstorm\n|upkeep\n|\n|t:|1775967360\n|switch|p2a: Torkoal|Torkoal, L50, F|100/100\n|-weather|SunnyDay|[from] ability: Drought|[of] p2a: Torkoal\n|turn|4\n|\n|t:|1775967379\n|switch|p1b: Farigiraf|Farigiraf, L50, F|15/100\n|move|p1a: Hydrapple|Protect|p1a: Hydrapple\n|-singleturn|p1a: Hydrapple|Protect\n|move|p2a: Torkoal|Eruption|p1b: Farigiraf|[spread] p1b\n|-activate|p1a: Hydrapple|move: Protect\n|-damage|p1b: Farigiraf|0 fnt\n|faint|p1b: Farigiraf\n|move|p2b: Incineroar|Flare Blitz|p1a: Hydrapple\n|-activate|p1a: Hydrapple|move: Protect\n|\n|-weather|SunnyDay|[upkeep]\n|upkeep\n|\n|t:|1775967390\n|switch|p1b: Tyranitar|Tyranitar, L50, M|100/100\n|-weather|Sandstorm|[from] ability: Sand Stream|[of] p1b: Tyranitar\n|turn|5\n|\n|t:|1775967405\n|move|p2a: Torkoal|Body Press|p1b: Tyranitar\n|-supereffective|p1b: Tyranitar|2\n|-enditem|p1b: Tyranitar|Focus Sash\n|-damage|p1b: Tyranitar|1/100\n|move|p1a: Hydrapple|Hydro Pump|p2a: Torkoal\n|-supereffective|p2a: Torkoal|1\n|-damage|p2a: Torkoal|0 fnt\n|faint|p2a: Torkoal\n|move|p1b: Tyranitar|Rock Slide|p2b: Incineroar\n|-supereffective|p2b: Incineroar|1\n|-damage|p2b: Incineroar|0 fnt\n|faint|p2b: Incineroar\n|\n|-weather|Sandstorm|[upkeep]\n|-damage|p1a: Hydrapple|39/100|[from] Sandstorm\n|upkeep\n|\n|t:|1775967426\n|switch|p2b: Garchomp|Garchomp, L50, F|100/100\n|turn|6\n|\n|t:|1775967436\n|move|p1a: Hydrapple|Draco Meteor|p2b: Garchomp\n|-supereffective|p2b: Garchomp|1\n|-damage|p2b: Garchomp|0 fnt\n|-unboost|p1a: Hydrapple|spa|2\n|faint|p2b: Garchomp\n|\n|win|Crotine\n|raw|Crotine's rating: 1221 &rarr; <strong>1244</strong><br />(+23 for winning)\n|raw|mathus19's rating: 1193 &rarr; <strong>1170</strong><br />(-23 for losing)\n|l|\u2606mathus19\n|player|p2|\n",
  "uploadtime": 1775967716,
  "views": 14,
  "formatid": "gen9championsvgc2026regma",
  "rating": 1170,
  "private": 0,
  "password": null
}