{
  "id": "gen9championsvgc2026regma-2584035891",
  "format": "[Gen 9 Champions] VGC 2026 Reg M-A",
  "players": [
    "TotalMadLad",
    "Taiyougetsu"
  ],
  "log": "|j|\u2606TotalMadLad\n|j|\u2606Taiyougetsu\n|t:|1776218849\n|gametype|doubles\n|player|p1|TotalMadLad|101|1055\n|player|p2|Taiyougetsu|1|1000\n|gen|9\n|tier|[Gen 9 Champions] VGC 2026 Reg M-A\n|rated|\n|rule|Species Clause: Limit one of each Pok\u00e9mon\n|rule|Item Clause: Limit 1 of each item\n|clearpoke\n|poke|p1|Incineroar, L50, F|\n|poke|p1|Sinistcha-Masterpiece, L50|\n|poke|p1|Tyranitar, L50, F|\n|poke|p1|Aerodactyl, L50, F|\n|poke|p1|Starmie, L50|\n|poke|p1|Empoleon, L50, F|\n|poke|p2|Skeledirge, L50, M|\n|poke|p2|Golurk, L50|\n|poke|p2|Dragonite, L50, M|\n|poke|p2|Maushold, L50|\n|poke|p2|Alakazam, L50, F|\n|poke|p2|Primarina, L50, M|\n|teampreview|4\n|inactive|Battle timer is ON: inactive players will automatically lose when time's up. (requested by Taiyougetsu)\n|\n|t:|1776218881\n|teamsize|p1|4\n|teamsize|p2|4\n|start\n|switch|p1a: Starmie|Starmie, L50|100/100\n|switch|p1b: Incineroar|Incineroar, L50, F|100/100\n|switch|p2a: Golurk|Golurk, L50|100/100\n|switch|p2b: Primarina|Primarina, L50, M|100/100\n|-ability|p1b: Incineroar|Intimidate|boost\n|-unboost|p2a: Golurk|atk|1\n|-unboost|p2b: Primarina|atk|1\n|turn|1\n|inactive|TotalMadLad has 30 seconds left.\n|inactive|TotalMadLad has 20 seconds left.\n|inactive|TotalMadLad has 15 seconds left.\n|inactive|TotalMadLad has 10 seconds left.\n|inactive|TotalMadLad has 5 seconds left.\n|\n|t:|1776218932\n|detailschange|p1a: Starmie|Starmie-Mega, L50\n|-mega|p1a: Starmie|Starmie|Starminite\n|move|p2a: Golurk|Protect|p2a: Golurk\n|-singleturn|p2a: Golurk|Protect\n|move|p1b: Incineroar|Fake Out|p2b: Primarina\n|-damage|p2b: Primarina|84/100\n|move|p1a: Starmie|Psycho Cut|p2b: Primarina\n|-damage|p2b: Primarina|2/100\n|cant|p2b: Primarina|flinch\n|\n|-heal|p2b: Primarina|8/100|[from] item: Leftovers\n|upkeep\n|turn|2\n|\n|t:|1776218952\n|detailschange|p2a: Golurk|Golurk-Mega, L50\n|-mega|p2a: Golurk|Golurk|Golurkite\n|move|p2b: Primarina|Protect|p2b: Primarina\n|-singleturn|p2b: Primarina|Protect\n|move|p1a: Starmie|Liquidation|p2a: Golurk\n|-supereffective|p2a: Golurk|1\n|-damage|p2a: Golurk|0 fnt\n|faint|p2a: Golurk\n|move|p1b: Incineroar|Darkest Lariat|p2b: Primarina\n|-activate|p2b: Primarina|move: Protect\n|\n|-heal|p2b: Primarina|14/100|[from] item: Leftovers\n|upkeep\n|\n|t:|1776218958\n|switch|p2a: Maushold|Maushold, L50|100/100\n|turn|3\n|\n|t:|1776218979\n|move|p1a: Starmie|Liquidation|p2b: Primarina\n|-resisted|p2b: Primarina|1\n|-damage|p2b: Primarina|0 fnt\n|faint|p2b: Primarina\n|move|p2a: Maushold|Tidy Up|p2a: Maushold\n|-boost|p2a: Maushold|atk|1\n|-boost|p2a: Maushold|spe|1\n|move|p1b: Incineroar|Darkest Lariat|p2a: Maushold\n|-damage|p2a: Maushold|62/100\n|\n|upkeep\n|\n|t:|1776218984\n|switch|p2b: Skeledirge|Skeledirge, L50, M|100/100\n|turn|4\n|\n|t:|1776218995\n|move|p2a: Maushold|Population Bomb|p1b: Incineroar\n|-damage|p1b: Incineroar|92/100\n|-damage|p1b: Incineroar|84/100\n|-damage|p1b: Incineroar|76/100\n|-damage|p1b: Incineroar|68/100\n|-crit|p1b: Incineroar\n|-damage|p1b: Incineroar|56/100\n|-crit|p1b: Incineroar\n|-damage|p1b: Incineroar|43/100\n|-enditem|p1b: Incineroar|Sitrus Berry|[eat]\n|-heal|p1b: Incineroar|68/100|[from] item: Sitrus Berry\n|-crit|p1b: Incineroar\n|-damage|p1b: Incineroar|57/100\n|-damage|p1b: Incineroar|48/100\n|-damage|p1b: Incineroar|40/100\n|-damage|p1b: Incineroar|32/100\n|-hitcount|p1b: Incineroar|10\n|move|p1a: Starmie|Liquidation|p2a: Maushold\n|-damage|p2a: Maushold|0 fnt\n|faint|p2a: Maushold\n|move|p1b: Incineroar|Darkest Lariat|p2b: Skeledirge\n|-supereffective|p2b: Skeledirge|1\n|-damage|p2b: Skeledirge|49/100\n|move|p2b: Skeledirge|Shadow Ball|p1a: Starmie\n|-supereffective|p1a: Starmie|1\n|-damage|p1a: Starmie|8/100\n|\n|upkeep\n|turn|5\n|inactive|TotalMadLad has 30 seconds left.\n|\n|t:|1776219023\n|switch|p1b: Tyranitar|Tyranitar, L50, F|100/100\n|-weather|Sandstorm|[from] ability: Sand Stream|[of] p1b: Tyranitar\n|move|p1a: Starmie|Skill Swap|p1b: Tyranitar\n|-activate|p1a: Starmie|Skill Swap|||[of] p1b: Tyranitar\n|move|p2b: Skeledirge|Torch Song|p1a: Starmie\n|-resisted|p1a: Starmie|1\n|-damage|p1a: Starmie|0 fnt\n|-boost|p2b: Skeledirge|spa|1\n|faint|p1a: Starmie\n|\n|-weather|Sandstorm|[upkeep]\n|-damage|p2b: Skeledirge|43/100|[from] Sandstorm\n|upkeep\n|\n|t:|1776219038\n|switch|p1a: Sinistcha|Sinistcha-Masterpiece, L50|100/100\n|turn|6\n|\n|t:|1776219044\n|move|p1a: Sinistcha|Rage Powder|p1a: Sinistcha\n|-singleturn|p1a: Sinistcha|move: Rage Powder\n|move|p1b: Tyranitar|Knock Off|p2b: Skeledirge\n|-supereffective|p2b: Skeledirge|1\n|-damage|p2b: Skeledirge|0 fnt\n|-enditem|p2b: Skeledirge|Charcoal|[from] move: Knock Off|[of] p1b: Tyranitar\n|faint|p2b: Skeledirge\n|\n|win|TotalMadLad\n|raw|TotalMadLad's rating: 1055 &rarr; <strong>1082</strong><br />(+27 for winning)\n|raw|Taiyougetsu's rating: 1000 &rarr; <strong>1000</strong><br />(+0 for losing)\n",
  "uploadtime": 1776219046,
  "views": 21,
  "formatid": "gen9championsvgc2026regma",
  "rating": 1000,
  "private": 0,
  "password": null
}