{
  "id": "gen9championsvgc2026regma-2581777756",
  "format": "[Gen 9 Champions] VGC 2026 Reg M-A",
  "players": [
    "KaiMVGC",
    "ssppra2"
  ],
  "log": "|j|\u2606KaiMVGC\n|j|\u2606ssppra2\n|t:|1776027630\n|gametype|doubles\n|player|p1|KaiMVGC|boarder|1406\n|player|p2|ssppra2|169|1436\n|gen|9\n|tier|[Gen 9 Champions] VGC 2026 Reg M-A\n|rated|\n|rule|Species Clause: Limit one of each Pok\u00e9mon\n|rule|Item Clause: Limit 1 of each item\n|clearpoke\n|poke|p1|Aerodactyl, L50, M|\n|poke|p1|Incineroar, L50, F|\n|poke|p1|Floette-Eternal, L50, F|\n|poke|p1|Basculegion, L50, M|\n|poke|p1|Garchomp, L50, F|\n|poke|p1|Sneasler, L50, F|\n|poke|p2|Aggron, L50, M|\n|poke|p2|Mimikyu, L50, M|\n|poke|p2|Incineroar, L50, F|\n|poke|p2|Aerodactyl, L50, F|\n|poke|p2|Basculegion, L50, M|\n|poke|p2|Floette-Eternal, L50, F|\n|teampreview|4\n|inactive|Battle timer is ON: inactive players will automatically lose when time's up. (requested by ssppra2)\n|\n|t:|1776027661\n|teamsize|p1|4\n|teamsize|p2|4\n|start\n|switch|p1a: Floette|Floette-Eternal, L50, F|100/100\n|switch|p1b: Aerodactyl|Aerodactyl, L50, M|100/100\n|switch|p2a: Mimikyu|Mimikyu, L50, M|100/100\n|switch|p2b: Incineroar|Incineroar, L50, F|100/100\n|-ability|p1b: Aerodactyl|Unnerve\n|-ability|p2b: Incineroar|Intimidate|boost\n|-unboost|p1a: Floette|atk|1\n|-unboost|p1b: Aerodactyl|atk|1\n|turn|1\n|\n|t:|1776027679\n|detailschange|p1a: Floette|Floette-Mega, L50, F\n|-mega|p1a: Floette|Floette|Floettite\n|-ability|p1a: Floette|Fairy Aura\n|move|p2b: Incineroar|Fake Out|p1a: Floette\n|-damage|p1a: Floette|84/100\n|move|p1b: Aerodactyl|Rock Slide|p2a: Mimikyu|[spread] p2a,p2b\n|-supereffective|p2b: Incineroar|1\n|-activate|p2a: Mimikyu|ability: Disguise\n|-damage|p2a: Mimikyu|100/100\n|-damage|p2b: Incineroar|71/100\n|detailschange|p2a: Mimikyu|Mimikyu-Busted, L50, M\n|-damage|p2a: Mimikyu|88/100|[from] pokemon: Mimikyu-Busted\n|cant|p1a: Floette|flinch\n|move|p2a: Mimikyu|Trick Room|p2a: Mimikyu\n|-fieldstart|move: Trick Room|[of] p2a: Mimikyu\n|\n|upkeep\n|turn|2\n|inactive|ssppra2 has 30 seconds left.\n|inactive|ssppra2 has 20 seconds left.\n|inactive|ssppra2 has 15 seconds left.\n|\n|t:|1776027723\n|move|p1a: Floette|Protect|p1a: Floette\n|-singleturn|p1a: Floette|Protect\n|move|p2b: Incineroar|Flare Blitz|p1a: Floette\n|-activate|p1a: Floette|move: Protect\n|move|p2a: Mimikyu|Light Screen|p2a: Mimikyu\n|-sidestart|p2: ssppra2|move: Light Screen\n|move|p1b: Aerodactyl|Rock Slide|p2b: Incineroar|[spread] p2a,p2b\n|-supereffective|p2b: Incineroar|1\n|-damage|p2a: Mimikyu|64/100\n|-damage|p2b: Incineroar|44/100\n|\n|upkeep\n|turn|3\n|inactive|KaiMVGC has 30 seconds left.\n|inactive|ssppra2 has 30 seconds left.\n|\n|t:|1776027753\n|switch|p1a: Basculegion|Basculegion, L50, M|100/100\n|move|p2b: Incineroar|Darkest Lariat|p1b: Aerodactyl\n|-damage|p1b: Aerodactyl|40/100\n|move|p2a: Mimikyu|Play Rough|p1b: Aerodactyl\n|-damage|p1b: Aerodactyl|0 fnt\n|-enditem|p2b: Incineroar|Sitrus Berry|[eat]\n|-heal|p2b: Incineroar|69/100|[from] item: Sitrus Berry\n|faint|p1b: Aerodactyl\n|\n|upkeep\n|\n|t:|1776027762\n|switch|p1b: Sneasler|Sneasler, L50, F|100/100\n|turn|4\n|\n|t:|1776027785\n|switch|p2b: Aggron|Aggron, L50, M|100/100\n|switch|p1a: Floette|Floette-Mega, L50, F|84/100\n|-ability|p1a: Floette|Fairy Aura\n|move|p2a: Mimikyu|Shadow Claw|p1a: Floette\n|-damage|p1a: Floette|42/100\n|move|p1b: Sneasler|Dire Claw|p2a: Mimikyu\n|-crit|p2a: Mimikyu\n|-damage|p2a: Mimikyu|0 fnt\n|faint|p2a: Mimikyu\n|\n|upkeep\n|\n|t:|1776027798\n|switch|p2a: Incineroar|Incineroar, L50, F|69/100\n|-ability|p2a: Incineroar|Intimidate|boost\n|-unboost|p1a: Floette|atk|1\n|-unboost|p1b: Sneasler|atk|1\n|-enditem|p1b: Sneasler|White Herb\n|-clearnegativeboost|p1b: Sneasler|[silent]\n|turn|5\n|j| Furka58yy\n|\n|t:|1776027807\n|detailschange|p2b: Aggron|Aggron-Mega, L50, M\n|-mega|p2b: Aggron|Aggron|Aggronite\n|move|p1a: Floette|Protect|p1a: Floette\n|-singleturn|p1a: Floette|Protect\n|move|p1b: Sneasler|Protect|p1b: Sneasler\n|-singleturn|p1b: Sneasler|Protect\n|move|p2a: Incineroar|Fake Out|p1b: Sneasler\n|-activate|p1b: Sneasler|move: Protect\n|move|p2b: Aggron|Iron Defense|p2b: Aggron\n|-boost|p2b: Aggron|def|2\n|\n|-fieldend|move: Trick Room\n|upkeep\n|turn|6\n|\n|t:|1776027829\n|switch|p1a: Basculegion|Basculegion, L50, M|100/100\n|move|p1b: Sneasler|Close Combat|p2a: Incineroar\n|-supereffective|p2a: Incineroar|1\n|-damage|p2a: Incineroar|0 fnt\n|-unboost|p1b: Sneasler|def|1\n|-unboost|p1b: Sneasler|spd|1\n|faint|p2a: Incineroar\n|move|p2b: Aggron|Body Press|p1a: Basculegion\n|-immune|p1a: Basculegion\n|\n|-sideend|p2: ssppra2|move: Light Screen\n|upkeep\n|\n|t:|1776027835\n|switch|p2a: Basculegion|Basculegion, L50, M|100/100\n|turn|7\n|\n|t:|1776027845\n|move|p1b: Sneasler|Rock Tomb|p2a: Basculegion\n|-damage|p2a: Basculegion|75/100\n|-unboost|p2a: Basculegion|spe|1\n|move|p1a: Basculegion|Last Respects|p2a: Basculegion\n|-supereffective|p2a: Basculegion|1\n|-damage|p2a: Basculegion|0 fnt\n|faint|p2a: Basculegion\n|move|p2b: Aggron|Body Press|p1b: Sneasler\n|-resisted|p1b: Sneasler|1\n|-damage|p1b: Sneasler|0 fnt\n|faint|p1b: Sneasler\n|\n|upkeep\n|\n|t:|1776027849\n|switch|p1b: Floette|Floette-Mega, L50, F|42/100\n|-ability|p1b: Floette|Fairy Aura\n|turn|8\n|\n|t:|1776027853\n|move|p1a: Basculegion|Last Respects|p2b: Aggron\n|-damage|p2b: Aggron|81/100\n|move|p1b: Floette|Light of Ruin|p2b: Aggron\n|-resisted|p2b: Aggron|1\n|-damage|p2b: Aggron|13/100\n|-damage|p1b: Floette|2/100|[from] Recoil\n|move|p2b: Aggron|Heavy Slam|p1b: Floette\n|-supereffective|p1b: Floette|1\n|-damage|p1b: Floette|0 fnt\n|faint|p1b: Floette\n|\n|upkeep\n|turn|9\n|\n|t:|1776027871\n|move|p1a: Basculegion|Last Respects|p2b: Aggron\n|-damage|p2b: Aggron|0 fnt\n|faint|p2b: Aggron\n|\n|win|KaiMVGC\n|raw|KaiMVGC's rating: 1406 &rarr; <strong>1428</strong><br />(+22 for winning)\n|raw|ssppra2's rating: 1436 &rarr; <strong>1414</strong><br />(-22 for losing)\n|l|\u2606KaiMVGC\n|player|p1|\n|l|\u2606ssppra2\n|player|p2|\n",
  "uploadtime": 1776027994,
  "views": 44,
  "formatid": "gen9championsvgc2026regma",
  "rating": 1414,
  "private": 0,
  "password": null
}