{
  "id": "gen9championsvgc2026regma-2587064940",
  "format": "[Gen 9 Champions] VGC 2026 Reg M-A",
  "players": [
    "fpahstkxkd",
    "diegop10"
  ],
  "log": "|j|\u2606fpahstkxkd\n|j|\u2606diegop10\n|t:|1776488696\n|gametype|doubles\n|player|p1|fpahstkxkd|265|1373\n|player|p2|diegop10|acetrainer|1323\n|gen|9\n|tier|[Gen 9 Champions] VGC 2026 Reg M-A\n|rated|\n|rule|Species Clause: Limit one of each Pok\u00e9mon\n|rule|Item Clause: Limit 1 of each item\n|clearpoke\n|poke|p1|Politoed, L50, F|\n|poke|p1|Gengar, L50, F, shiny|\n|poke|p1|Incineroar, L50, F|\n|poke|p1|Palafin, L50, F|\n|poke|p1|Whimsicott, L50, M, shiny|\n|poke|p1|Kommo-o, L50, M|\n|poke|p2|Snorlax, L50, F|\n|poke|p2|Gengar, L50, F|\n|poke|p2|Dragonite, L50, F|\n|poke|p2|Meganium, L50, M|\n|poke|p2|Milotic, L50, F|\n|poke|p2|Incineroar, L50, M|\n|teampreview|4\n|\n|t:|1776488731\n|teamsize|p1|4\n|teamsize|p2|4\n|start\n|switch|p1a: Gengar|Gengar, L50, F, shiny|100/100\n|switch|p1b: Incineroar|Incineroar, L50, F|100/100\n|switch|p2a: Snorlax|Snorlax, L50, F|100/100\n|switch|p2b: Gengar|Gengar, L50, F|100/100\n|-ability|p1b: Incineroar|Intimidate|boost\n|-unboost|p2a: Snorlax|atk|1\n|-unboost|p2b: Gengar|atk|1\n|turn|1\n|\n|t:|1776488749\n|detailschange|p1a: Gengar|Gengar-Mega, L50, F, shiny\n|-mega|p1a: Gengar|Gengar|Gengarite\n|move|p1a: Gengar|Protect|p1a: Gengar\n|-singleturn|p1a: Gengar|Protect\n|move|p2a: Snorlax|Protect|p2a: Snorlax\n|-singleturn|p2a: Snorlax|Protect\n|move|p2b: Gengar|Shadow Ball|p1a: Gengar\n|-activate|p1a: Gengar|move: Protect\n|move|p1b: Incineroar|Darkest Lariat|p2b: Gengar\n|-supereffective|p2b: Gengar|1\n|-enditem|p2b: Gengar|Focus Sash\n|-damage|p2b: Gengar|1/100\n|-start|p1b: Incineroar|Disable|Darkest Lariat|[from] ability: Cursed Body|[of] p2b: Gengar\n|\n|upkeep\n|turn|2\n|\n|t:|1776488770\n|move|p2b: Gengar|Protect|p2b: Gengar\n|-singleturn|p2b: Gengar|Protect\n|move|p1a: Gengar|Shadow Ball|p2b: Gengar\n|-activate|p2b: Gengar|move: Protect\n|move|p1b: Incineroar|Parting Shot|p2a: Snorlax\n|-unboost|p2a: Snorlax|atk|1\n|-unboost|p2a: Snorlax|spa|1\n|\n|t:|1776488773\n|switch|p1b: Whimsicott|Whimsicott, L50, M, shiny|100/100|[from] Parting Shot\n|move|p2a: Snorlax|High Horsepower|p1a: Gengar\n|-supereffective|p1a: Gengar|1\n|-damage|p1a: Gengar|65/100\n|\n|upkeep\n|turn|3\n|\n|t:|1776488803\n|move|p1a: Gengar|Disable|p2a: Snorlax\n|-start|p2a: Snorlax|Disable|High Horsepower\n|move|p1b: Whimsicott|Moonblast|p2b: Gengar\n|-resisted|p2b: Gengar|1\n|-damage|p2b: Gengar|0 fnt\n|faint|p2b: Gengar\n|cant|p2a: Snorlax|Disable|High Horsepower\n|\n|upkeep\n|\n|t:|1776488813\n|switch|p2b: Incineroar|Incineroar, L50, M|100/100\n|-ability|p2b: Incineroar|Intimidate|boost\n|-unboost|p1a: Gengar|atk|1\n|-unboost|p1b: Whimsicott|atk|1\n|turn|4\n|\n|t:|1776488842\n|move|p1a: Gengar|Protect|p1a: Gengar\n|-singleturn|p1a: Gengar|Protect\n|move|p1b: Whimsicott|Encore|p2a: Snorlax\n|-start|p2a: Snorlax|Encore\n|move|p2b: Incineroar|Throat Chop|p1a: Gengar\n|-activate|p1a: Gengar|move: Protect\n|cant|p2a: Snorlax|Disable|High Horsepower\n|\n|upkeep\n|turn|5\n|\n|t:|1776488859\n|move|p1b: Whimsicott|Encore|p2b: Incineroar\n|-hint|Since gen 7, Dark is immune to Prankster moves.\n|-immune|p2b: Incineroar\n|move|p1a: Gengar|Disable|p2b: Incineroar\n|-start|p2b: Incineroar|Disable|Throat Chop\n|cant|p2b: Incineroar|Disable|Throat Chop\n|-activate|p2a: Snorlax|move: Struggle\n|move|p2a: Snorlax|Struggle|p1b: Whimsicott\n|-damage|p1b: Whimsicott|93/100\n|-damage|p2a: Snorlax|75/100|[from] recoil\n|\n|-heal|p2a: Snorlax|81/100|[from] item: Leftovers\n|upkeep\n|turn|6\n|\n|t:|1776488876\n|switch|p1b: Incineroar|Incineroar, L50, F|100/100\n|-ability|p1b: Incineroar|Intimidate|boost\n|-unboost|p2a: Snorlax|atk|1\n|-unboost|p2b: Incineroar|atk|1\n|move|p2b: Incineroar|Protect|p2b: Incineroar\n|-singleturn|p2b: Incineroar|Protect\n|move|p1a: Gengar|Perish Song|p1a: Gengar\n|-start|p1a: Gengar|perish3|[silent]\n|-start|p1b: Incineroar|perish3|[silent]\n|-start|p2a: Snorlax|perish3|[silent]\n|-start|p2b: Incineroar|perish3|[silent]\n|-fieldactivate|move: Perish Song\n|-activate|p2a: Snorlax|move: Struggle\n|move|p2a: Snorlax|Struggle|p1a: Gengar\n|-damage|p1a: Gengar|57/100\n|-damage|p2a: Snorlax|56/100|[from] recoil\n|\n|-heal|p2a: Snorlax|62/100|[from] item: Leftovers\n|-end|p2a: Snorlax|Encore\n|-end|p2a: Snorlax|Disable\n|-start|p1a: Gengar|perish3\n|-start|p1b: Incineroar|perish3\n|-start|p2b: Incineroar|perish3\n|-start|p2a: Snorlax|perish3\n|upkeep\n|turn|7\n|-message|diegop10 forfeited.\n|\n|win|fpahstkxkd\n|raw|fpahstkxkd's rating: 1373 &rarr; <strong>1390</strong><br />(+17 for winning)\n|raw|diegop10's rating: 1323 &rarr; <strong>1306</strong><br />(-17 for losing)\n|l|\u2606diegop10\n|player|p2|\n",
  "uploadtime": 1776488887,
  "views": 40,
  "formatid": "gen9championsvgc2026regma",
  "rating": 1306,
  "private": 0,
  "password": null
}