{
  "id": "gen9championsvgc2026regma-2581132029",
  "format": "[Gen 9 Champions] VGC 2026 Reg M-A",
  "players": [
    "goddiana",
    "SnowyKurama"
  ],
  "log": "|j|\u2606goddiana\n|j|\u2606SnowyKurama\n|t:|1775962946\n|gametype|doubles\n|player|p1|goddiana|wallace|1097\n|player|p2|SnowyKurama|skier|1052\n|gen|9\n|tier|[Gen 9 Champions] VGC 2026 Reg M-A\n|rated|\n|rule|Species Clause: Limit one of each Pok\u00e9mon\n|rule|Item Clause: Limit 1 of each item\n|clearpoke\n|poke|p1|Meganium, L50, F|\n|poke|p1|Dragonite, L50, F|\n|poke|p1|Archaludon, L50, F|\n|poke|p1|Pelipper, L50, F|\n|poke|p1|Basculegion, L50, M|\n|poke|p1|Meowscarada, L50, F|\n|poke|p2|Excadrill, L50, M|\n|poke|p2|Tyranitar, L50, M|\n|poke|p2|Floette-Eternal, L50, F|\n|poke|p2|Incineroar, L50, M|\n|poke|p2|Sinistcha, L50|\n|poke|p2|Rotom-Wash, L50|\n|teampreview|4\n|inactive|Battle timer is ON: inactive players will automatically lose when time's up. (requested by goddiana)\nSnowyKurama rejected open team sheets.\n|\n|t:|1775962968\n|teamsize|p1|4\n|teamsize|p2|4\n|start\n|switch|p1a: Meganium|Meganium, L50, F|100/100\n|switch|p1b: Meowscarada|Meowscarada, L50, F|100/100\n|switch|p2a: Excadrill|Excadrill, L50, M|100/100\n|switch|p2b: Incineroar|Incineroar, L50, M|100/100\n|-ability|p2b: Incineroar|Intimidate|boost\n|-unboost|p1a: Meganium|atk|1\n|-unboost|p1b: Meowscarada|atk|1\n|turn|1\n|\n|t:|1775962992\n|switch|p1b: Pelipper|Pelipper, L50, F|100/100\n|-weather|RainDance|[from] ability: Drizzle|[of] p1b: Pelipper\n|detailschange|p1a: Meganium|Meganium-Mega, L50, F\n|-mega|p1a: Meganium|Meganium|Meganiumite\n|move|p2a: Excadrill|Protect|p2a: Excadrill\n|-singleturn|p2a: Excadrill|Protect\n|move|p2b: Incineroar|Fake Out|p1b: Pelipper\n|-damage|p1b: Pelipper|90/100\n|move|p1a: Meganium|Weather Ball|p2a: Excadrill\n|-activate|p2a: Excadrill|move: Protect\n|\n|-weather|RainDance|[upkeep]\n|upkeep\n|turn|2\n|inactive|SnowyKurama has 30 seconds left.\n|inactive|SnowyKurama has 20 seconds left.\n|inactive|SnowyKurama has 15 seconds left.\n|\n|t:|1775963034\n|switch|p2b: Tyranitar|Tyranitar, L50, M|100/100\n|-weather|Sandstorm|[from] ability: Sand Stream|[of] p2b: Tyranitar\n|move|p2a: Excadrill|Rock Slide|p1a: Meganium|[spread] p1b\n|-miss|p2a: Excadrill|p1a: Meganium\n|-supereffective|p1b: Pelipper|1\n|-damage|p1b: Pelipper|59/100\n|move|p1a: Meganium|Solar Beam||[still]\n|-prepare|p1a: Meganium|Solar Beam\n|-activate|p1a: Meganium|ability: Mega Sol\n|-anim|p1a: Meganium|Solar Beam|p2a: Excadrill\n|-damage|p2a: Excadrill|4/100\n|cant|p1b: Pelipper|flinch\n|\n|-weather|Sandstorm|[upkeep]\n|-damage|p1a: Meganium|95/100|[from] Sandstorm\n|-damage|p1b: Pelipper|53/100|[from] Sandstorm\n|upkeep\n|turn|3\n|c|\u2606goddiana|luckky soab\n|inactive|goddiana has 30 seconds left.\n|\n|t:|1775963067\n|switch|p1b: Meowscarada|Meowscarada, L50, F|100/100\n|move|p2a: Excadrill|Iron Head|p1a: Meganium\n|-supereffective|p1a: Meganium|1\n|-damage|p1a: Meganium|21/100\n|move|p2b: Tyranitar|Rock Slide|p1a: Meganium|[spread] p1a,p1b\n|-damage|p1a: Meganium|0 fnt\n|-damage|p1b: Meowscarada|57/100\n|faint|p1a: Meganium\n|\n|-weather|Sandstorm|[upkeep]\n|-damage|p1b: Meowscarada|51/100|[from] Sandstorm\n|upkeep\n|\n|t:|1775963074\n|switch|p1a: Pelipper|Pelipper, L50, F|53/100\n|-weather|RainDance|[from] ability: Drizzle|[of] p1a: Pelipper\n|turn|4\n|\n|t:|1775963090\n|detailschange|p2b: Tyranitar|Tyranitar-Mega, L50, M\n|-mega|p2b: Tyranitar|Tyranitar|Tyranitarite\n|-weather|Sandstorm|[from] ability: Sand Stream|[of] p2b: Tyranitar\n|move|p2a: Excadrill|Iron Head|p1b: Meowscarada\n|-damage|p1b: Meowscarada|0 fnt\n|faint|p1b: Meowscarada\n|move|p2b: Tyranitar|Dragon Dance|p2b: Tyranitar\n|-boost|p2b: Tyranitar|atk|1\n|-boost|p2b: Tyranitar|spe|1\n|move|p1a: Pelipper|Tailwind|p1a: Pelipper\n|-sidestart|p1: goddiana|move: Tailwind\n|\n|-weather|Sandstorm|[upkeep]\n|-damage|p1a: Pelipper|47/100|[from] Sandstorm\n|upkeep\n|\n|t:|1775963096\n|switch|p1b: Basculegion|Basculegion, L50, M|100/100\n|turn|5\n|\n|t:|1775963110\n|move|p1b: Basculegion|Wave Crash|p2b: Tyranitar\n|-supereffective|p2b: Tyranitar|1\n|-damage|p2b: Tyranitar|0 fnt\n|faint|p2b: Tyranitar\n|-damage|p1b: Basculegion|71/100|[from] Recoil\n|move|p2a: Excadrill|Rock Slide|p1a: Pelipper|[spread] p1a\n|-miss|p2a: Excadrill|p1b: Basculegion\n|-supereffective|p1a: Pelipper|1\n|-damage|p1a: Pelipper|11/100\n|cant|p1a: Pelipper|flinch\n|\n|-weather|Sandstorm|[upkeep]\n|-damage|p1b: Basculegion|65/100|[from] Sandstorm\n|-damage|p1a: Pelipper|5/100|[from] Sandstorm\n|upkeep\n|c|\u2606goddiana|really\n|\n|t:|1775963122\n|switch|p2b: Incineroar|Incineroar, L50, M|100/100\n|-ability|p2b: Incineroar|Intimidate|boost\n|-unboost|p1a: Pelipper|atk|1\n|-unboost|p1b: Basculegion|atk|1\n|turn|6\n|c|\u2606goddiana|hijo de puta\n|c|\u2606goddiana|suertudo de muird\n|\n|t:|1775963134\n|move|p2a: Excadrill|Protect|p2a: Excadrill\n|-singleturn|p2a: Excadrill|Protect\n|move|p1a: Pelipper|Protect|p1a: Pelipper\n|-singleturn|p1a: Pelipper|Protect\n|move|p1b: Basculegion|Wave Crash|p2b: Incineroar\n|-supereffective|p2b: Incineroar|1\n|-damage|p2b: Incineroar|0 fnt\n|faint|p2b: Incineroar\n|-damage|p1b: Basculegion|36/100|[from] Recoil\n|\n|-weather|Sandstorm|[upkeep]\n|-damage|p1b: Basculegion|30/100|[from] Sandstorm\n|-damage|p1a: Pelipper|0 fnt|[from] Sandstorm\n|faint|p1a: Pelipper\n|upkeep\n|\n|t:|1775963141\n|switch|p2b: Sinistcha|Sinistcha, L50|100/100\n|-heal|p2a: Excadrill|29/100|[from] ability: Hospitality|[of] p2b: Sinistcha\n|turn|7\n|c|\u2606goddiana|ez\n|\n|t:|1775963157\n|move|p1b: Basculegion|Wave Crash|p2a: Excadrill\n|-supereffective|p2a: Excadrill|1\n|-damage|p2a: Excadrill|0 fnt\n|faint|p2a: Excadrill\n|-damage|p1b: Basculegion|21/100|[from] Recoil\n|move|p2b: Sinistcha|Matcha Gotcha|p1b: Basculegion\n|-supereffective|p1b: Basculegion|1\n|-damage|p1b: Basculegion|0 fnt\n|faint|p1b: Basculegion\n|\n|win|SnowyKurama\n",
  "uploadtime": 1775963125,
  "views": 14,
  "formatid": "gen9championsvgc2026regma",
  "rating": null,
  "private": 0,
  "password": null
}