{
  "id": "gen9championsvgc2026regma-2583522533",
  "format": "[Gen 9 Champions] VGC 2026 Reg M-A",
  "players": [
    "Tomynator jones.",
    "blackred123"
  ],
  "log": "|j|\u2606Tomynator jones.\n|j|\u2606blackred123\n|t:|1776180984\n|gametype|doubles\n|player|p1|Tomynator jones.|steven-masters2|1123\n|player|p2|blackred123|iono-masters|1215\n|gen|9\n|tier|[Gen 9 Champions] VGC 2026 Reg M-A\n|rated|\n|rule|Species Clause: Limit one of each Pok\u00e9mon\n|rule|Item Clause: Limit 1 of each item\n|clearpoke\n|poke|p1|Gengar, L50, F|\n|poke|p1|Politoed, L50, M|\n|poke|p1|Incineroar, L50, M|\n|poke|p1|Archaludon, L50, M|\n|poke|p1|Basculegion, L50, M|\n|poke|p1|Vivillon, L50, F|\n|poke|p2|Tyranitar, L50, F|\n|poke|p2|Kingambit, L50, M|\n|poke|p2|Milotic, L50, M|\n|poke|p2|Sinistcha, L50|\n|poke|p2|Excadrill, L50, M|\n|poke|p2|Sneasler, L50, F|\n|teampreview|4\n|inactive|Battle timer is ON: inactive players will automatically lose when time's up. (requested by Tomynator jones.)\n|inactive|blackred123 also wants the timer to be on.\nTomynator jones. has agreed to open team sheets.\n|inactive|Tomynator jones. has 60 seconds left.\nblackred123 rejected open team sheets.\n|\n|t:|1776181025\n|teamsize|p1|4\n|teamsize|p2|4\n|start\n|switch|p1a: Archaludon|Archaludon, L50, M|100/100\n|switch|p1b: Vivillon|Vivillon, L50, F|100/100\n|switch|p2a: \u55e8\u4e00|Kingambit, L50, M|100/100\n|switch|p2b: \u59b9\u59b9\u6c34\u7eb3\u65af|Milotic, L50, M|100/100\n|turn|1\n|\n|t:|1776181040\n|move|p1a: Archaludon|Protect|p1a: Archaludon\n|-singleturn|p1a: Archaludon|Protect\n|move|p1b: Vivillon|Sleep Powder|p2a: \u55e8\u4e00\n|-status|p2a: \u55e8\u4e00|slp|[from] move: Sleep Powder\n|move|p2b: \u59b9\u59b9\u6c34\u7eb3\u65af|Ice Beam|p1b: Vivillon\n|-supereffective|p1b: Vivillon|1\n|-damage|p1b: Vivillon|5/100\n|cant|p2a: \u55e8\u4e00|slp\n|\n|upkeep\n|turn|2\n|\n|t:|1776181057\n|switch|p1b: Politoed|Politoed, L50, M|100/100\n|-weather|RainDance|[from] ability: Drizzle|[of] p1b: Politoed\n|move|p2b: \u59b9\u59b9\u6c34\u7eb3\u65af|Protect|p2b: \u59b9\u59b9\u6c34\u7eb3\u65af\n|-singleturn|p2b: \u59b9\u59b9\u6c34\u7eb3\u65af|Protect\n|move|p1a: Archaludon|Electro Shot||[still]\n|-prepare|p1a: Archaludon|Electro Shot\n|-boost|p1a: Archaludon|spa|1\n|-anim|p1a: Archaludon|Electro Shot|p2b: \u59b9\u59b9\u6c34\u7eb3\u65af\n|-activate|p2b: \u59b9\u59b9\u6c34\u7eb3\u65af|move: Protect\n|cant|p2a: \u55e8\u4e00|slp\n|\n|-weather|RainDance|[upkeep]\n|upkeep\n|turn|3\n|\n|t:|1776181071\n|switch|p2b: \u57fa\u57fa\u62c9\u65af|Tyranitar, L50, F|100/100\n|-weather|Sandstorm|[from] ability: Sand Stream|[of] p2b: \u57fa\u57fa\u62c9\u65af\n|move|p1a: Archaludon|Electro Shot||[still]\n|-prepare|p1a: Archaludon|Electro Shot\n|-boost|p1a: Archaludon|spa|1\n|move|p1b: Politoed|Weather Ball|p2a: \u55e8\u4e00\n|-resisted|p2a: \u55e8\u4e00|1\n|-damage|p2a: \u55e8\u4e00|90/100 slp\n|-curestatus|p2a: \u55e8\u4e00|slp|[msg]\n|move|p2a: \u55e8\u4e00|Kowtow Cleave|p1b: Politoed\n|-damage|p1b: Politoed|42/100\n|\n|-weather|Sandstorm|[upkeep]\n|-damage|p1b: Politoed|36/100|[from] Sandstorm\n|-heal|p1b: Politoed|42/100|[from] item: Leftovers\n|upkeep\n|turn|4\n|\n|t:|1776181092\n|switch|p1b: Vivillon|Vivillon, L50, F|5/100\n|detailschange|p2b: \u57fa\u57fa\u62c9\u65af|Tyranitar-Mega, L50, F\n|-mega|p2b: \u57fa\u57fa\u62c9\u65af|Tyranitar|Tyranitarite\n|move|p1a: Archaludon|Electro Shot|p2b: \u57fa\u57fa\u62c9\u65af|[from] lockedmove\n|-damage|p2b: \u57fa\u57fa\u62c9\u65af|50/100\n|move|p2b: \u57fa\u57fa\u62c9\u65af|Knock Off|p1a: Archaludon\n|-damage|p1a: Archaludon|58/100\n|-ability|p1a: Archaludon|Stamina|boost\n|-boost|p1a: Archaludon|def|1\n|-enditem|p1a: Archaludon|Bright Powder|[from] move: Knock Off|[of] p2b: \u57fa\u57fa\u62c9\u65af\n|move|p2a: \u55e8\u4e00|Kowtow Cleave|p1b: Vivillon\n|-damage|p1b: Vivillon|0 fnt\n|faint|p1b: Vivillon\n|\n|-weather|Sandstorm|[upkeep]\n|upkeep\n|\n|t:|1776181104\n|switch|p1b: Politoed|Politoed, L50, M|42/100\n|-weather|RainDance|[from] ability: Drizzle|[of] p1b: Politoed\n|turn|5\n|\n|t:|1776181116\n|switch|p2b: \u59b9\u59b9\u6c34\u7eb3\u65af|Milotic, L50, M|100/100\n|move|p2a: \u55e8\u4e00|Sucker Punch|p1b: Politoed\n|-damage|p1b: Politoed|0 fnt\n|faint|p1b: Politoed\n|move|p1a: Archaludon|Electro Shot||[still]\n|-prepare|p1a: Archaludon|Electro Shot\n|-boost|p1a: Archaludon|spa|1\n|-anim|p1a: Archaludon|Electro Shot|p2a: \u55e8\u4e00\n|-damage|p2a: \u55e8\u4e00|0 fnt\n|faint|p2a: \u55e8\u4e00\n|\n|-weather|RainDance|[upkeep]\n|upkeep\n|\n|t:|1776181130\n|switch|p1b: Gengar|Gengar, L50, F|100/100\n|switch|p2a: \u6309\u6469\u7a74\uff08\u4f4d\uff09\u8d85\u723d|Excadrill, L50, M|100/100\n|turn|6\n|\n|t:|1776181138\n|switch|p2b: \u57fa\u57fa\u62c9\u65af|Tyranitar-Mega, L50, F|50/100\n|-weather|Sandstorm|[from] ability: Sand Stream|[of] p2b: \u57fa\u57fa\u62c9\u65af\n|detailschange|p1b: Gengar|Gengar-Mega, L50, F\n|-mega|p1b: Gengar|Gengar|Gengarite\n|move|p1a: Archaludon|Protect|p1a: Archaludon\n|-singleturn|p1a: Archaludon|Protect\n|move|p2a: \u6309\u6469\u7a74\uff08\u4f4d\uff09\u8d85\u723d|High Horsepower|p1a: Archaludon\n|-activate|p1a: Archaludon|move: Protect\n|move|p1b: Gengar|Shadow Ball|p2a: \u6309\u6469\u7a74\uff08\u4f4d\uff09\u8d85\u723d\n|-crit|p2a: \u6309\u6469\u7a74\uff08\u4f4d\uff09\u8d85\u723d\n|-damage|p2a: \u6309\u6469\u7a74\uff08\u4f4d\uff09\u8d85\u723d|7/100\n|\n|-weather|Sandstorm|[upkeep]\n|-damage|p1b: Gengar|95/100|[from] Sandstorm\n|upkeep\n|turn|7\n|\n|t:|1776181157\n|move|p2a: \u6309\u6469\u7a74\uff08\u4f4d\uff09\u8d85\u723d|High Horsepower|p1a: Archaludon\n|-supereffective|p1a: Archaludon|1\n|-damage|p1a: Archaludon|0 fnt\n|faint|p1a: Archaludon\n|move|p1b: Gengar|Sludge Bomb|p2b: \u57fa\u57fa\u62c9\u65af\n|-resisted|p2b: \u57fa\u57fa\u62c9\u65af|1\n|-damage|p2b: \u57fa\u57fa\u62c9\u65af|38/100\n|-status|p2b: \u57fa\u57fa\u62c9\u65af|psn\n|move|p2b: \u57fa\u57fa\u62c9\u65af|Knock Off|p1b: Gengar\n|-supereffective|p1b: Gengar|1\n|-damage|p1b: Gengar|0 fnt\n|faint|p1b: Gengar\n|\n|win|blackred123\n|raw|Tomynator jones.'s rating: 1123 &rarr; <strong>1104</strong><br />(-19 for losing)\n|raw|blackred123's rating: 1215 &rarr; <strong>1234</strong><br />(+19 for winning)\n|l|\u2606Tomynator jones.\n|player|p1|\n",
  "uploadtime": 1776181243,
  "views": 17,
  "formatid": "gen9championsvgc2026regma",
  "rating": 1104,
  "private": 0,
  "password": null
}