{
  "id": "gen9championsvgc2026regma-2585886063",
  "format": "[Gen 9 Champions] VGC 2026 Reg M-A",
  "players": [
    "saintzbankai",
    "astonished25"
  ],
  "log": "|j|\u2606saintzbankai\n|j|\u2606astonished25\n|t:|1776378435\n|gametype|doubles\n|player|p1|saintzbankai|psychicf-gen4|1298\n|player|p2|astonished25|2|1313\n|gen|9\n|tier|[Gen 9 Champions] VGC 2026 Reg M-A\n|rated|\n|rule|Species Clause: Limit one of each Pok\u00e9mon\n|rule|Item Clause: Limit 1 of each item\n|clearpoke\n|poke|p1|Kangaskhan, L50, F|\n|poke|p1|Whimsicott, L50, M|\n|poke|p1|Basculegion, L50, M|\n|poke|p1|Rotom-Heat, L50|\n|poke|p1|Garchomp, L50, F|\n|poke|p1|Slowking-Galar, L50, F|\n|poke|p2|Aerodactyl, L50, F|\n|poke|p2|Tyranitar, L50, M|\n|poke|p2|Kingambit, L50, F|\n|poke|p2|Floette-Eternal, L50, F|\n|poke|p2|Sinistcha-Masterpiece, L50|\n|poke|p2|Basculegion, L50, M|\n|teampreview|4\n|inactive|Battle timer is ON: inactive players will automatically lose when time's up. (requested by astonished25)\n|inactive|saintzbankai has 60 seconds left.\n|inactive|saintzbankai has 30 seconds left.\n|inactive|saintzbankai has 20 seconds left.\n|\n|t:|1776378510\n|teamsize|p1|4\n|teamsize|p2|4\n|start\n|switch|p1a: Kangaskhan|Kangaskhan, L50, F|100/100\n|switch|p1b: Whimsicott|Whimsicott, L50, M|100/100\n|switch|p2a: Basculegion|Basculegion, L50, M|100/100\n|switch|p2b: Sinistcha|Sinistcha-Masterpiece, L50|100/100\n|turn|1\n|inactive|saintzbankai has 30 seconds left.\n|\n|t:|1776378539\n|move|p1a: Kangaskhan|Fake Out|p2a: Basculegion\n|-damage|p2a: Basculegion|76/100\n|cant|p2a: Basculegion|flinch\n|move|p1b: Whimsicott|Moonblast|p2a: Basculegion\n|-damage|p2a: Basculegion|48/100\n|move|p2b: Sinistcha|Trick Room|p2b: Sinistcha\n|-fieldstart|move: Trick Room|[of] p2b: Sinistcha\n|\n|upkeep\n|turn|2\n|inactive|saintzbankai has 30 seconds left.\n|inactive|saintzbankai has 20 seconds left.\n|\n|t:|1776378576\n|detailschange|p1a: Kangaskhan|Kangaskhan-Mega, L50, F\n|-mega|p1a: Kangaskhan|Kangaskhan|Kangaskhanite\n|move|p2b: Sinistcha|Rage Powder|p2b: Sinistcha\n|-singleturn|p2b: Sinistcha|move: Rage Powder\n|move|p1a: Kangaskhan|Sucker Punch||[still]\n|-fail|p1a: Kangaskhan\n|move|p1b: Whimsicott|Encore|p2b: Sinistcha\n|-start|p2b: Sinistcha|Encore\n|move|p2a: Basculegion|Flip Turn|p1b: Whimsicott\n|-resisted|p1b: Whimsicott|1\n|-damage|p1b: Whimsicott|84/100\n|\n|t:|1776378578\n|switch|p2a: Kingambit|Kingambit, L50, F|100/100|[from] Flip Turn\n|\n|upkeep\n|turn|3\n|inactive|saintzbankai has 30 seconds left.\n|inactive|saintzbankai has 20 seconds left.\n|inactive|saintzbankai has 15 seconds left.\n|\n|t:|1776378623\n|switch|p1a: Rotom|Rotom-Heat, L50|100/100\n|move|p1b: Whimsicott|Protect|p1b: Whimsicott\n|-singleturn|p1b: Whimsicott|Protect\n|move|p2b: Sinistcha|Rage Powder|p2b: Sinistcha\n|-singleturn|p2b: Sinistcha|move: Rage Powder\n|move|p2a: Kingambit|Low Kick|p1a: Rotom\n|-damage|p1a: Rotom|91/100\n|\n|upkeep\n|turn|4\n|inactive|saintzbankai has 30 seconds left.\n|inactive|saintzbankai has 20 seconds left.\n|inactive|saintzbankai has 15 seconds left.\n|\n|t:|1776378663\n|switch|p1b: Garchomp|Garchomp, L50, F|100/100\n|move|p2b: Sinistcha|Rage Powder|p2b: Sinistcha\n|-singleturn|p2b: Sinistcha|move: Rage Powder\n|move|p2a: Kingambit|Iron Head|p1b: Garchomp\n|-crit|p1b: Garchomp\n|-damage|p1b: Garchomp|30/100\n|-damage|p2a: Kingambit|88/100|[from] ability: Rough Skin|[of] p1b: Garchomp\n|move|p1a: Rotom|Volt Switch|p2b: Sinistcha\n|-resisted|p2b: Sinistcha|1\n|-damage|p2b: Sinistcha|86/100\n|\n|t:|1776378686\n|switch|p1a: Kangaskhan|Kangaskhan-Mega, L50, F|100/100|[from] Volt Switch\n|\n|upkeep\n|turn|5\n|\n|t:|1776378698\n|switch|p2b: Basculegion|Basculegion, L50, M|48/100\n|switch|p1a: Rotom|Rotom-Heat, L50|91/100\n|move|p2a: Kingambit|Low Kick|p1a: Rotom\n|-damage|p1a: Rotom|82/100\n|move|p1b: Garchomp|Earthquake|p2b: Basculegion|[spread] p2a,p2b\n|-immune|p1a: Rotom|[from] ability: Levitate\n|-supereffective|p2a: Kingambit|1\n|-damage|p2a: Kingambit|29/100\n|-damage|p2b: Basculegion|0 fnt\n|faint|p2b: Basculegion\n|\n|-fieldend|move: Trick Room\n|upkeep\n|\n|t:|1776378705\n|switch|p2b: Sinistcha|Sinistcha-Masterpiece, L50|86/100\n|turn|6\n|\n|t:|1776378718\n|move|p2a: Kingambit|Sucker Punch|p1b: Garchomp\n|-crit|p1b: Garchomp\n|-damage|p1b: Garchomp|0 fnt\n|-damage|p2a: Kingambit|17/100|[from] ability: Rough Skin|[of] p1b: Garchomp\n|faint|p1b: Garchomp\n|move|p1a: Rotom|Overheat|p2b: Sinistcha|[miss]\n|-miss|p1a: Rotom|p2b: Sinistcha\n|move|p2b: Sinistcha|Trick Room|p2b: Sinistcha\n|-fieldstart|move: Trick Room|[of] p2b: Sinistcha\n|\n|upkeep\n|\n|t:|1776378733\n|switch|p1b: Kangaskhan|Kangaskhan-Mega, L50, F|100/100\n|turn|7\n|\n|t:|1776378749\n|move|p1b: Kangaskhan|Fake Out|p2a: Kingambit\n|-resisted|p2a: Kingambit|1\n|-damage|p2a: Kingambit|8/100\n|-resisted|p2a: Kingambit|1\n|-damage|p2a: Kingambit|7/100\n|-hitcount|p2a: Kingambit|2\n|cant|p2a: Kingambit|flinch\n|move|p2b: Sinistcha|Matcha Gotcha|p1a: Rotom|[spread] p1a,p1b\n|-resisted|p1a: Rotom|1\n|-damage|p1a: Rotom|68/100\n|-heal|p2b: Sinistcha|92/100|[from] drain|[of] p1a: Rotom\n|-damage|p1b: Kangaskhan|77/100\n|-heal|p2b: Sinistcha|100/100|[from] drain|[of] p1b: Kangaskhan\n|-status|p1b: Kangaskhan|brn\n|move|p1a: Rotom|Overheat|p2b: Sinistcha\n|-supereffective|p2b: Sinistcha|1\n|-damage|p2b: Sinistcha|42/100\n|-unboost|p1a: Rotom|spa|2\n|\n|-damage|p1b: Kangaskhan|71/100 brn|[from] brn\n|upkeep\n|turn|8\n|inactive|saintzbankai has 30 seconds left.\n|inactive|saintzbankai has 20 seconds left.\n|inactive|saintzbankai has 15 seconds left.\n|\n|t:|1776378791\n|move|p2b: Sinistcha|Rage Powder|p2b: Sinistcha\n|-singleturn|p2b: Sinistcha|move: Rage Powder\n|move|p2a: Kingambit|Low Kick|p1b: Kangaskhan\n|-supereffective|p1b: Kangaskhan|1\n|-damage|p1b: Kangaskhan|7/100 brn\n|move|p1a: Rotom|Overheat|p2b: Sinistcha\n|-supereffective|p2b: Sinistcha|1\n|-damage|p2b: Sinistcha|14/100\n|-unboost|p1a: Rotom|spa|2\n|move|p1b: Kangaskhan|Drain Punch|p2b: Sinistcha\n|-immune|p2b: Sinistcha\n|\n|-damage|p1b: Kangaskhan|1/100 brn|[from] brn\n|upkeep\n|turn|9\n|inactive|saintzbankai has 30 seconds left.\n|\n|t:|1776378819\n|move|p2b: Sinistcha|Rage Powder|p2b: Sinistcha\n|-singleturn|p2b: Sinistcha|move: Rage Powder\n|move|p2a: Kingambit|Iron Head|p1b: Kangaskhan\n|-damage|p1b: Kangaskhan|0 fnt\n|faint|p1b: Kangaskhan\n|move|p1a: Rotom|Volt Switch|p2b: Sinistcha\n|-resisted|p2b: Sinistcha|1\n|-damage|p2b: Sinistcha|8/100\n|\n|t:|1776378826\n|switch|p1a: Whimsicott|Whimsicott, L50, M|84/100|[from] Volt Switch\n|\n|upkeep\n|\n|t:|1776378829\n|switch|p1b: Rotom|Rotom-Heat, L50|68/100\n|turn|10\n|\n|t:|1776378850\n|move|p1a: Whimsicott|Protect|p1a: Whimsicott\n|-singleturn|p1a: Whimsicott|Protect\n|move|p1b: Rotom|Protect|p1b: Rotom\n|-singleturn|p1b: Rotom|Protect\n|move|p2b: Sinistcha|Rage Powder|p2b: Sinistcha\n|-singleturn|p2b: Sinistcha|move: Rage Powder\n|move|p2a: Kingambit|Iron Head|p1a: Whimsicott\n|-activate|p1a: Whimsicott|move: Protect\n|\n|-fieldend|move: Trick Room\n|upkeep\n|turn|11\n|\n|t:|1776378867\n|move|p2b: Sinistcha|Rage Powder|p2b: Sinistcha\n|-singleturn|p2b: Sinistcha|move: Rage Powder\n|move|p2a: Kingambit|Sucker Punch|p1b: Rotom\n|-damage|p1b: Rotom|18/100\n|-enditem|p1b: Rotom|Sitrus Berry|[eat]\n|-heal|p1b: Rotom|43/100|[from] item: Sitrus Berry\n|move|p1a: Whimsicott|Moonblast|p2a: Kingambit\n|-damage|p2a: Kingambit|0 fnt\n|faint|p2a: Kingambit\n|move|p1b: Rotom|Volt Switch|p2b: Sinistcha\n|-resisted|p2b: Sinistcha|1\n|-damage|p2b: Sinistcha|0 fnt\n|faint|p2b: Sinistcha\n|\n|upkeep\n|\n|t:|1776378871\n|switch|p2b: Floette|Floette-Eternal, L50, F|100/100\n|turn|12\n|inactive|saintzbankai has 30 seconds left.\n|inactive|saintzbankai has 20 seconds left.\n|\n|t:|1776378906\n|detailschange|p2b: Floette|Floette-Mega, L50, F\n|-mega|p2b: Floette|Floette|Floettite\n|-ability|p2b: Floette|Fairy Aura\n|move|p1a: Whimsicott|Moonblast|p2b: Floette\n|-damage|p2b: Floette|72/100\n|move|p2b: Floette|Dazzling Gleam|p1a: Whimsicott|[spread] p1a,p1b\n|-crit|p1a: Whimsicott\n|-resisted|p1b: Rotom|1\n|-damage|p1a: Whimsicott|0 fnt\n|-damage|p1b: Rotom|19/100\n|faint|p1a: Whimsicott\n|move|p1b: Rotom|Volt Switch|p2b: Floette\n|-damage|p2b: Floette|46/100\n|\n|upkeep\n|turn|13\n|\n|t:|1776378926\n|move|p2b: Floette|Dazzling Gleam|p1b: Rotom\n|-resisted|p1b: Rotom|1\n|-damage|p1b: Rotom|0 fnt\n|faint|p1b: Rotom\n|\n|win|astonished25\n|raw|saintzbankai's rating: 1298 &rarr; <strong>1274</strong><br />(-24 for losing)\n|raw|astonished25's rating: 1313 &rarr; <strong>1332</strong><br />(+19 for winning)\n|l|\u2606saintzbankai\n|player|p1|\n",
  "uploadtime": 1776378936,
  "views": 23,
  "formatid": "gen9championsvgc2026regma",
  "rating": 1274,
  "private": 0,
  "password": null
}