{
  "id": "gen9championsvgc2026regma-2581225743",
  "format": "[Gen 9 Champions] VGC 2026 Reg M-A",
  "players": [
    "jwespen",
    "Lyiter"
  ],
  "log": "|j|\u2606jwespen\n|j|\u2606Lyiter\n|t:|1775973080\n|gametype|doubles\n|player|p1|jwespen|265|1328\n|player|p2|Lyiter|skier|1412\n|gen|9\n|tier|[Gen 9 Champions] VGC 2026 Reg M-A\n|rated|\n|rule|Species Clause: Limit one of each Pok\u00e9mon\n|rule|Item Clause: Limit 1 of each item\n|clearpoke\n|poke|p1|Scovillain, L50, M|\n|poke|p1|Araquanid, L50, F|\n|poke|p1|Farigiraf, L50, M|\n|poke|p1|Incineroar, L50, F|\n|poke|p1|Slowking-Galar, L50, F|\n|poke|p1|Rhyperior, L50, M|\n|poke|p2|Excadrill, L50, M|\n|poke|p2|Weavile, L50, F|\n|poke|p2|Tyranitar, L50, F|\n|poke|p2|Sneasler, L50, F|\n|poke|p2|Azumarill, L50, F|\n|poke|p2|Gardevoir, L50, M|\n|teampreview|4\n|inactive|Battle timer is ON: inactive players will automatically lose when time's up. (requested by jwespen)\n|j| gE1xjZRtuhW2DdT0AK\n|inactive|jwespen has 60 seconds left.\n|inactive|Lyiter has 60 seconds left.\nLyiter rejected open team sheets.\n|inactive|jwespen has 30 seconds left.\n|inactive|jwespen has 20 seconds left.\n|inactive|jwespen has 15 seconds left.\n|inactive|jwespen has 10 seconds left.\n|inactive|jwespen has 5 seconds left.\n|\n|t:|1775973171\n|teamsize|p1|4\n|teamsize|p2|4\n|start\n|switch|p1a: Scovillain|Scovillain, L50, M|100/100\n|switch|p1b: Araquanid|Araquanid, L50, F|100/100\n|switch|p2a: Weavile|Weavile, L50, F|100/100\n|switch|p2b: Gardevoir|Gardevoir, L50, M|100/100\n|-ability|p2a: Weavile|Pressure\n|turn|1\n|\n|t:|1775973195\n|detailschange|p1a: Scovillain|Scovillain-Mega, L50, M\n|-mega|p1a: Scovillain|Scovillain|Scovillainite\n|move|p1a: Scovillain|Protect|p1a: Scovillain\n|-singleturn|p1a: Scovillain|Protect\n|move|p2a: Weavile|Triple Axel|p1a: Scovillain\n|-activate|p1a: Scovillain|move: Protect\n|move|p2b: Gardevoir|Moonblast|p1b: Araquanid\n|-damage|p1b: Araquanid|57/100\n|move|p1b: Araquanid|Leech Life|p2a: Weavile\n|-supereffective|p2a: Weavile|1\n|-enditem|p2a: Weavile|Focus Sash\n|-damage|p2a: Weavile|1/100\n|-heal|p1b: Araquanid|99/100|[from] drain|[of] p2a: Weavile\n|\n|upkeep\n|turn|2\n|j| kanp\n|inactive|jwespen has 30 seconds left.\n|\n|t:|1775973222\n|switch|p1a: Incineroar|Incineroar, L50, F|100/100\n|-ability|p1a: Incineroar|Intimidate|boost\n|-unboost|p2a: Weavile|atk|1\n|-unboost|p2b: Gardevoir|atk|1\n|move|p2a: Weavile|Knock Off|p1b: Araquanid\n|-damage|p1b: Araquanid|62/100\n|-enditem|p1b: Araquanid|Mystic Water|[from] move: Knock Off|[of] p2a: Weavile\n|move|p2b: Gardevoir|Moonblast|p1b: Araquanid\n|-damage|p1b: Araquanid|24/100\n|move|p1b: Araquanid|Liquidation|p2b: Gardevoir\n|-damage|p2b: Gardevoir|7/100\n|\n|upkeep\n|turn|3\n|l| kanp\n|j| jungro\n|inactive|jwespen has 30 seconds left.\n|l| jungro\n|inactive|jwespen has 20 seconds left.\n|\n|t:|1775973260\n|switch|p2a: Azumarill|Azumarill, L50, F|100/100\n|move|p1a: Incineroar|Fake Out|p2b: Gardevoir\n|-damage|p2b: Gardevoir|0 fnt\n|faint|p2b: Gardevoir\n|move|p1b: Araquanid|Liquidation|p2a: Azumarill\n|-resisted|p2a: Azumarill|1\n|-damage|p2a: Azumarill|71/100\n|\n|upkeep\n|\n|t:|1775973269\n|switch|p2b: Weavile|Weavile, L50, F|1/100\n|-ability|p2b: Weavile|Pressure\n|turn|4\n|\n|t:|1775973278\n|move|p2b: Weavile|Fake Out|p1a: Incineroar\n|-damage|p1a: Incineroar|87/100\n|cant|p1a: Incineroar|flinch\n|move|p2a: Azumarill|Belly Drum|p2a: Azumarill\n|-damage|p2a: Azumarill|21/100\n|-setboost|p2a: Azumarill|atk|6|[from] move: Belly Drum\n|-enditem|p2a: Azumarill|Sitrus Berry|[eat]\n|-heal|p2a: Azumarill|46/100|[from] item: Sitrus Berry\n|move|p1b: Araquanid|Liquidation|p2b: Weavile\n|-crit|p2b: Weavile\n|-damage|p2b: Weavile|0 fnt\n|faint|p2b: Weavile\n|\n|upkeep\n|\n|t:|1775973281\n|switch|p2b: Tyranitar|Tyranitar, L50, F|100/100\n|-weather|Sandstorm|[from] ability: Sand Stream|[of] p2b: Tyranitar\n|turn|5\n|inactive|jwespen has 30 seconds left.\n|\n|t:|1775973316\n|detailschange|p2b: Tyranitar|Tyranitar-Mega, L50, F\n|-mega|p2b: Tyranitar|Tyranitar|Tyranitarite\n|move|p2a: Azumarill|Aqua Jet|p1a: Incineroar\n|-supereffective|p1a: Incineroar|1\n|-damage|p1a: Incineroar|0 fnt\n|faint|p1a: Incineroar\n|move|p2b: Tyranitar|Rock Slide|p1b: Araquanid\n|-supereffective|p1b: Araquanid|1\n|-damage|p1b: Araquanid|0 fnt\n|faint|p1b: Araquanid\n|\n|-weather|Sandstorm|[upkeep]\n|-damage|p2a: Azumarill|40/100|[from] Sandstorm\n|upkeep\n|\n|t:|1775973329\n|switch|p1a: Farigiraf|Farigiraf, L50, M|100/100\n|switch|p1b: Scovillain|Scovillain-Mega, L50, M|100/100\n|turn|6\n|\n|t:|1775973343\n|move|p2a: Azumarill|Protect|p2a: Azumarill\n|-singleturn|p2a: Azumarill|Protect\n|move|p1b: Scovillain|Rage Powder|p1b: Scovillain\n|-singleturn|p1b: Scovillain|move: Rage Powder\n|move|p2b: Tyranitar|Crunch|p1b: Scovillain\n|-damage|p1b: Scovillain|55/100\n|-status|p2b: Tyranitar|brn|[from] ability: Spicy Spray|[of] p1b: Scovillain\n|move|p1a: Farigiraf|Trick Room|p1a: Farigiraf\n|-fieldstart|move: Trick Room|[of] p1a: Farigiraf\n|\n|-weather|Sandstorm|[upkeep]\n|-damage|p2a: Azumarill|34/100|[from] Sandstorm\n|-damage|p1a: Farigiraf|94/100|[from] Sandstorm\n|-damage|p1b: Scovillain|49/100|[from] Sandstorm\n|-damage|p2b: Tyranitar|94/100 brn|[from] brn\n|upkeep\n|turn|7\n|j| kanp\n|\n|t:|1775973365\n|move|p2a: Azumarill|Play Rough|p1b: Scovillain\n|-resisted|p1b: Scovillain|1\n|-damage|p1b: Scovillain|0 fnt\n|-status|p2a: Azumarill|brn|[from] ability: Spicy Spray|[of] p1b: Scovillain\n|faint|p1b: Scovillain\n|move|p1a: Farigiraf|Hyper Voice|p2b: Tyranitar|[spread] p2a,p2b\n|-resisted|p2b: Tyranitar|1\n|-damage|p2a: Azumarill|0 fnt\n|-damage|p2b: Tyranitar|85/100 brn\n|faint|p2a: Azumarill\n|move|p2b: Tyranitar|Crunch|p1a: Farigiraf\n|-supereffective|p1a: Farigiraf|1\n|-damage|p1a: Farigiraf|46/100\n|\n|-weather|Sandstorm|[upkeep]\n|-damage|p1a: Farigiraf|40/100|[from] Sandstorm\n|-damage|p2b: Tyranitar|78/100 brn|[from] brn\n|upkeep\n|turn|8\n|\n|t:|1775973382\n|move|p1a: Farigiraf|Hyper Voice|p2b: Tyranitar\n|-resisted|p2b: Tyranitar|1\n|-damage|p2b: Tyranitar|65/100 brn\n|move|p2b: Tyranitar|Crunch|p1a: Farigiraf\n|-supereffective|p1a: Farigiraf|1\n|-damage|p1a: Farigiraf|0 fnt\n|faint|p1a: Farigiraf\n|\n|win|Lyiter\n|raw|jwespen's rating: 1328 &rarr; <strong>1313</strong><br />(-15 for losing)\n|raw|Lyiter's rating: 1412 &rarr; <strong>1427</strong><br />(+15 for winning)\n|c|\u2606Lyiter|gg\n|l|\u2606Lyiter\n|player|p2|\n|l|\u2606jwespen\n|player|p1|\n",
  "uploadtime": 1775973662,
  "views": 34,
  "formatid": "gen9championsvgc2026regma",
  "rating": 1313,
  "private": 0,
  "password": null
}