{
  "id": "gen9championsvgc2026regma-2581713714",
  "format": "[Gen 9 Champions] VGC 2026 Reg M-A",
  "players": [
    "bat5565585",
    "Bosse12345"
  ],
  "log": "|j|\u2606bat5565585\n|j|\u2606Bosse12345\n|t:|1776022759\n|gametype|doubles\n|player|p1|bat5565585|firebreather|1039\n|player|p2|Bosse12345|170|1093\n|gen|9\n|tier|[Gen 9 Champions] VGC 2026 Reg M-A\n|rated|\n|rule|Species Clause: Limit one of each Pok\u00e9mon\n|rule|Item Clause: Limit 1 of each item\n|clearpoke\n|poke|p1|Scovillain, L50, M|\n|poke|p1|Weavile, L50, F|\n|poke|p1|Glimmora, L50, F|\n|poke|p1|Empoleon, L50, F|\n|poke|p1|Talonflame, L50, M|\n|poke|p1|Dragapult, L50, M|\n|poke|p2|Tyranitar, L50, F|\n|poke|p2|Skarmory, L50, F|\n|poke|p2|Excadrill, L50, M|\n|poke|p2|Hydrapple, L50, F|\n|poke|p2|Incineroar, L50, M|\n|poke|p2|Hatterene, L50, F|\n|teampreview|4\nBosse12345 rejected open team sheets.\n|\n|t:|1776022793\n|teamsize|p1|4\n|teamsize|p2|4\n|start\n|switch|p1a: Scovillain|Scovillain, L50, M|100/100\n|switch|p1b: Empoleon|Empoleon, L50, F, shiny|100/100\n|switch|p2a: Excadrill|Excadrill, L50, M|100/100\n|switch|p2b: Hatterene|Hatterene, L50, F|100/100\n|turn|1\n|\n|t:|1776022816\n|detailschange|p2a: Excadrill|Excadrill-Mega, L50, M\n|-mega|p2a: Excadrill|Excadrill|Excadrite\n|move|p1b: Empoleon|Protect|p1b: Empoleon\n|-singleturn|p1b: Empoleon|Protect\n|move|p2a: Excadrill|High Horsepower|p1b: Empoleon\n|-supereffective|p1b: Empoleon|1\n|-ability|p2a: Excadrill|Piercing Drill\n|-zbroken|p1b: Empoleon\n|-damage|p1b: Empoleon|72/100\n|move|p1a: Scovillain|Substitute|p1a: Scovillain\n|-start|p1a: Scovillain|Substitute\n|-damage|p1a: Scovillain|75/100\n|move|p2b: Hatterene|Trick Room|p2b: Hatterene\n|-fieldstart|move: Trick Room|[of] p2b: Hatterene\n|\n|-heal|p1a: Scovillain|81/100|[from] item: Leftovers\n|-ability|p1a: Scovillain|Moody|boost\n|-boost|p1a: Scovillain|def|2\n|-unboost|p1a: Scovillain|atk|1\n|upkeep\n|turn|2\n|-activate|p1b: Empoleon|item: Quick Claw\n|\n|t:|1776022847\n|move|p1a: Scovillain|Protect|p1a: Scovillain\n|-singleturn|p1a: Scovillain|Protect\n|move|p1b: Empoleon|Hydro Pump|p2a: Excadrill\n|-supereffective|p2a: Excadrill|1\n|-damage|p2a: Excadrill|0 fnt\n|faint|p2a: Excadrill\n|move|p2b: Hatterene|Dazzling Gleam|p1a: Scovillain|[spread] p1b\n|-activate|p1a: Scovillain|move: Protect\n|-resisted|p1b: Empoleon|1\n|-damage|p1b: Empoleon|56/100\n|\n|-heal|p1a: Scovillain|87/100|[from] item: Leftovers\n|-ability|p1a: Scovillain|Moody|boost\n|-boost|p1a: Scovillain|def|2\n|-unboost|p1a: Scovillain|spe|1\n|upkeep\n|\n|t:|1776022864\n|switch|p2a: Hydrapple|Hydrapple, L50, F|100/100\n|turn|3\n|\n|t:|1776022875\n|move|p2b: Hatterene|Dazzling Gleam|p1b: Empoleon|[spread] p1a,p1b\n|-resisted|p1a: Scovillain|1\n|-crit|p1a: Scovillain\n|-end|p1a: Scovillain|Substitute\n|-resisted|p1b: Empoleon|1\n|-damage|p1b: Empoleon|38/100\n|move|p2a: Hydrapple|Giga Drain|p1b: Empoleon\n|-damage|p1b: Empoleon|8/100\n|move|p1a: Scovillain|Flamethrower|p2a: Hydrapple\n|-damage|p2a: Hydrapple|75/100\n|move|p1b: Empoleon|Flash Cannon|p2b: Hatterene\n|-supereffective|p2b: Hatterene|1\n|-damage|p2b: Hatterene|1/100\n|\n|-heal|p1a: Scovillain|93/100|[from] item: Leftovers\n|-ability|p1a: Scovillain|Moody|boost\n|-boost|p1a: Scovillain|spa|2\n|-unboost|p1a: Scovillain|def|1\n|upkeep\n|turn|4\n|\n|t:|1776022911\n|move|p2b: Hatterene|Dazzling Gleam|p1a: Scovillain|[spread] p1a,p1b\n|-resisted|p1a: Scovillain|1\n|-resisted|p1b: Empoleon|1\n|-damage|p1a: Scovillain|75/100\n|-damage|p1b: Empoleon|0 fnt\n|faint|p1b: Empoleon\n|move|p2a: Hydrapple|Draco Meteor|p1a: Scovillain\n|-damage|p1a: Scovillain|19/100\n|-unboost|p2a: Hydrapple|spa|2\n|move|p1a: Scovillain|Flamethrower|p2a: Hydrapple\n|-damage|p2a: Hydrapple|24/100\n|-enditem|p2a: Hydrapple|Sitrus Berry|[eat]\n|-heal|p2a: Hydrapple|49/100|[from] item: Sitrus Berry\n|\n|-heal|p1a: Scovillain|25/100|[from] item: Leftovers\n|-ability|p1a: Scovillain|Moody|boost\n|-boost|p1a: Scovillain|spd|2\n|-unboost|p1a: Scovillain|spa|1\n|upkeep\n|\n|t:|1776022932\n|switch|p1b: Weavile|Weavile, L50, F|100/100\n|-ability|p1b: Weavile|Pressure\n|turn|5\n|\n|t:|1776022948\n|move|p1b: Weavile|Ice Shard|p2b: Hatterene\n|-damage|p2b: Hatterene|0 fnt\n|faint|p2b: Hatterene\n|move|p2a: Hydrapple|Pollen Puff|p1b: Weavile\n|-supereffective|p1b: Weavile|1\n|-damage|p1b: Weavile|64/100\n|move|p1a: Scovillain|Flamethrower|p2a: Hydrapple\n|-damage|p2a: Hydrapple|12/100\n|\n|-heal|p1a: Scovillain|31/100|[from] item: Leftovers\n|-fieldend|move: Trick Room\n|-ability|p1a: Scovillain|Moody|boost\n|-boost|p1a: Scovillain|spa|2\n|-unboost|p1a: Scovillain|spd|1\n|upkeep\n|\n|t:|1776022963\n|switch|p2b: Tyranitar|Tyranitar, L50, F|100/100\n|-weather|Sandstorm|[from] ability: Sand Stream|[of] p2b: Tyranitar\n|turn|6\n|\n|t:|1776022981\n|move|p1a: Scovillain|Protect|p1a: Scovillain\n|-singleturn|p1a: Scovillain|Protect\n|move|p1b: Weavile|Ice Shard|p2a: Hydrapple\n|-supereffective|p2a: Hydrapple|2\n|-damage|p2a: Hydrapple|0 fnt\n|faint|p2a: Hydrapple\n|move|p2b: Tyranitar|Rock Slide|p1b: Weavile|[spread] p1b\n|-activate|p1a: Scovillain|move: Protect\n|-supereffective|p1b: Weavile|1\n|-damage|p1b: Weavile|0 fnt\n|faint|p1b: Weavile\n|\n|-weather|Sandstorm|[upkeep]\n|-damage|p1a: Scovillain|25/100|[from] Sandstorm\n|-heal|p1a: Scovillain|31/100|[from] item: Leftovers\n|-ability|p1a: Scovillain|Moody|boost\n|-boost|p1a: Scovillain|atk|2\n|-unboost|p1a: Scovillain|spa|1\n|upkeep\n|\n|t:|1776022987\n|switch|p1b: Glimmora|Glimmora, L50, F|100/100\n|turn|7\n|\n|t:|1776023002\n|detailschange|p1b: Glimmora|Glimmora-Mega, L50, F\n|-mega|p1b: Glimmora|Glimmora|Glimmoranite\n|move|p1b: Glimmora|Earth Power|p2b: Tyranitar\n|-supereffective|p2b: Tyranitar|1\n|-damage|p2b: Tyranitar|56/100\n|move|p2b: Tyranitar|Rock Slide|p1a: Scovillain|[spread] p1b\n|-miss|p2b: Tyranitar|p1a: Scovillain\n|-damage|p1b: Glimmora|66/100\n|move|p1a: Scovillain|Energy Ball|p2b: Tyranitar\n|-supereffective|p2b: Tyranitar|1\n|-crit|p2b: Tyranitar\n|-damage|p2b: Tyranitar|0 fnt\n|faint|p2b: Tyranitar\n|\n|win|bat5565585\n|raw|bat5565585's rating: 1039 &rarr; <strong>1078</strong><br />(+39 for winning)\n|raw|Bosse12345's rating: 1093 &rarr; <strong>1065</strong><br />(-28 for losing)\n|l|\u2606bat5565585\n|player|p1|\n",
  "uploadtime": 1776023062,
  "views": 16,
  "formatid": "gen9championsvgc2026regma",
  "rating": 1065,
  "private": 0,
  "password": null
}