{
  "id": "gen9championsvgc2026regma-2587278457",
  "format": "[Gen 9 Champions] VGC 2026 Reg M-A",
  "players": [
    "BTS fans",
    "SoftwareSuckers"
  ],
  "log": "|j|\u2606BTS fans\n|j|\u2606SoftwareSuckers\n|t:|1776517608\n|gametype|doubles\n|player|p1|BTS fans|firebreather|1116\n|player|p2|SoftwareSuckers|fisherman|1034\n|gen|9\n|tier|[Gen 9 Champions] VGC 2026 Reg M-A\n|rated|\n|rule|Species Clause: Limit one of each Pok\u00e9mon\n|rule|Item Clause: Limit 1 of each item\n|clearpoke\n|poke|p1|Charizard, L50, F|\n|poke|p1|Froslass, L50, F|\n|poke|p1|Garchomp, L50, M|\n|poke|p1|Corviknight, L50, F|\n|poke|p1|Quaquaval, L50, M|\n|poke|p1|Floette-Eternal, L50, F|\n|poke|p2|Feraligatr, L50, F|\n|poke|p2|Pelipper, L50, F|\n|poke|p2|Aegislash, L50, F|\n|poke|p2|Incineroar, L50, F|\n|poke|p2|Glimmora, L50, M|\n|poke|p2|Whimsicott, L50, M|\n|teampreview|4\n|inactive|Battle timer is ON: inactive players will automatically lose when time's up. (requested by BTS fans)\n|\n|t:|1776517641\n|teamsize|p1|4\n|teamsize|p2|4\n|start\n|switch|p1a: Charizard|Charizard, L50, F|100/100\n|switch|p1b: Garchomp|Garchomp, L50, M|100/100\n|switch|p2a: Deku-Chan|Feraligatr, L50, F|100/100\n|switch|p2b: KACCHAN|Pelipper, L50, F|100/100\n|-weather|RainDance|[from] ability: Drizzle|[of] p2b: KACCHAN\n|turn|1\n|\n|t:|1776517664\n|detailschange|p1a: Charizard|Charizard-Mega-Y, L50, F\n|-mega|p1a: Charizard|Charizard|Charizardite Y\n|-weather|SunnyDay|[from] ability: Drought|[of] p1a: Charizard\n|detailschange|p2a: Deku-Chan|Feraligatr-Mega, L50, F\n|-mega|p2a: Deku-Chan|Feraligatr|Feraligite\n|move|p1b: Garchomp|Stone Edge|p2b: KACCHAN\n|-supereffective|p2b: KACCHAN|1\n|-damage|p2b: KACCHAN|24/100\n|move|p1a: Charizard|Solar Beam||[still]\n|-prepare|p1a: Charizard|Solar Beam\n|-anim|p1a: Charizard|Solar Beam|p2a: Deku-Chan\n|-damage|p2a: Deku-Chan|64/100\n|move|p2a: Deku-Chan|Dragon Dance|p2a: Deku-Chan\n|-boost|p2a: Deku-Chan|atk|1\n|-boost|p2a: Deku-Chan|spe|1\n|move|p2b: KACCHAN|Tailwind|p2b: KACCHAN\n|-sidestart|p2: SoftwareSuckers|move: Tailwind\n|\n|-weather|SunnyDay|[upkeep]\n|upkeep\n|turn|2\n|inactive|BTS fans has 30 seconds left.\n|inactive|SoftwareSuckers has 30 seconds left.\n|\n|t:|1776517699\n|switch|p1a: Floette|Floette-Eternal, L50, F|100/100\n|move|p2b: KACCHAN|Helping Hand|p2a: Deku-Chan\n|-singleturn|p2a: Deku-Chan|Helping Hand|[of] p2b: KACCHAN\n|move|p2a: Deku-Chan|Liquidation|p1a: Floette\n|-damage|p1a: Floette|5/100\n|move|p1b: Garchomp|Stone Edge|p2b: KACCHAN|[miss]\n|-miss|p1b: Garchomp|p2b: KACCHAN\n|\n|-weather|SunnyDay|[upkeep]\n|upkeep\n|turn|3\n|\n|t:|1776517717\n|move|p2b: KACCHAN|Helping Hand|p2a: Deku-Chan\n|-singleturn|p2a: Deku-Chan|Helping Hand|[of] p2b: KACCHAN\n|move|p2a: Deku-Chan|Earthquake|p1b: Garchomp|[spread] p1a,p1b\n|-immune|p2b: KACCHAN\n|-damage|p1a: Floette|0 fnt\n|-damage|p1b: Garchomp|22/100\n|faint|p1a: Floette\n|move|p1b: Garchomp|Stone Edge|p2b: KACCHAN\n|-supereffective|p2b: KACCHAN|1\n|-damage|p2b: KACCHAN|0 fnt\n|faint|p2b: KACCHAN\n|\n|-weather|SunnyDay|[upkeep]\n|upkeep\n|\n|t:|1776517736\n|switch|p1a: Charizard|Charizard-Mega-Y, L50, F|100/100\n|switch|p2b: WolfeyVGC|Incineroar, L50, F|100/100\n|-ability|p2b: WolfeyVGC|Intimidate|boost\n|-unboost|p1a: Charizard|atk|1\n|-unboost|p1b: Garchomp|atk|1\n|turn|4\n|\n|t:|1776517755\n|move|p2a: Deku-Chan|Liquidation|p1a: Charizard\n|-supereffective|p1a: Charizard|1\n|-crit|p1a: Charizard\n|-damage|p1a: Charizard|0 fnt\n|faint|p1a: Charizard\n|move|p1b: Garchomp|Stone Edge|p2b: WolfeyVGC\n|-supereffective|p2b: WolfeyVGC|1\n|-damage|p2b: WolfeyVGC|51/100\n|move|p2b: WolfeyVGC|Parting Shot|p1b: Garchomp\n|-unboost|p1b: Garchomp|atk|1\n|-unboost|p1b: Garchomp|spa|1\n|\n|t:|1776517763\n|switch|p2b: 67|Aegislash, L50, F|100/100|[from] Parting Shot\n|\n|-weather|SunnyDay|[upkeep]\n|-sideend|p2: SoftwareSuckers|move: Tailwind\n|upkeep\n|\n|t:|1776517772\n|switch|p1a: Quaquaval|Quaquaval, L50, M|100/100\n|turn|5\n|-message|BTS fans forfeited.\n|\n|win|SoftwareSuckers\n|raw|BTS fans's rating: 1116 &rarr; <strong>1085</strong><br />(-31 for losing)\n|raw|SoftwareSuckers's rating: 1034 &rarr; <strong>1077</strong><br />(+43 for winning)\n|l|\u2606BTS fans\n|player|p1|\n",
  "uploadtime": 1776517777,
  "views": 12,
  "formatid": "gen9championsvgc2026regma",
  "rating": 1077,
  "private": 0,
  "password": null
}