{
  "id": "gen9championsvgc2026regma-2581006966",
  "format": "[Gen 9 Champions] VGC 2026 Reg M-A",
  "players": [
    "myth44",
    "FelipeSamurai"
  ],
  "log": "|j|\u2606myth44\n|j|\u2606FelipeSamurai\n|t:|1775951112\n|gametype|doubles\n|player|p1|myth44|2|1009\n|player|p2|FelipeSamurai|buck|1000\n|gen|9\n|tier|[Gen 9 Champions] VGC 2026 Reg M-A\n|rated|\n|rule|Species Clause: Limit one of each Pok\u00e9mon\n|rule|Item Clause: Limit 1 of each item\n|clearpoke\n|poke|p1|Lopunny, L50, F|\n|poke|p1|Aegislash, L50, F|\n|poke|p1|Talonflame, L50, F|\n|poke|p1|Mr. Rime, L50, F|\n|poke|p1|Aerodactyl, L50, F|\n|poke|p1|Milotic, L50, F|\n|poke|p2|Charizard, L50, M|\n|poke|p2|Whimsicott, L50, F|\n|poke|p2|Garchomp, L50, M|\n|poke|p2|Venusaur, L50, F|\n|poke|p2|Incineroar, L50, M|\n|poke|p2|Maushold, L50|\n|teampreview|4\n|\n|t:|1775951146\n|teamsize|p1|4\n|teamsize|p2|4\n|start\n|switch|p1a: Aerodactyl|Aerodactyl, L50, F, shiny|100/100\n|switch|p1b: Talonflame|Talonflame, L50, F, shiny|100/100\n|switch|p2a: Incineroar|Incineroar, L50, M|100/100\n|switch|p2b: Garchomp|Garchomp, L50, M|100/100\n|-ability|p1a: Aerodactyl|Unnerve\n|-ability|p2a: Incineroar|Intimidate|boost\n|-unboost|p1a: Aerodactyl|atk|1\n|-unboost|p1b: Talonflame|atk|1\n|turn|1\n|inactive|Battle timer is ON: inactive players will automatically lose when time's up. (requested by myth44)\n|inactive|FelipeSamurai has 60 seconds left.\n|\n|t:|1775951189\n|move|p1a: Aerodactyl|Wide Guard|p1a: Aerodactyl\n|-singleturn|p1a: Aerodactyl|Wide Guard\n|move|p2a: Incineroar|Fake Out|p1a: Aerodactyl\n|-resisted|p1a: Aerodactyl|1\n|-damage|p1a: Aerodactyl|92/100\n|move|p1b: Talonflame|Tailwind|p1b: Talonflame\n|-sidestart|p1: myth44|move: Tailwind\n|move|p2b: Garchomp|Dragon Claw|p1b: Talonflame\n|-damage|p1b: Talonflame|43/100\n|\n|upkeep\n|turn|2\n|\n|t:|1775951208\n|switch|p1a: Lopunny|Lopunny, L50, F, shiny|100/100\n|move|p1b: Talonflame|Air Slash|p2a: Incineroar\n|-damage|p2a: Incineroar|76/100\n|move|p2b: Garchomp|Dragon Claw|p1b: Talonflame\n|-damage|p1b: Talonflame|0 fnt\n|faint|p1b: Talonflame\n|move|p2a: Incineroar|Parting Shot|p1a: Lopunny\n|-unboost|p1a: Lopunny|atk|1\n|-unboost|p1a: Lopunny|spa|1\n|\n|t:|1775951220\n|switch|p2a: Charizard|Charizard, L50, M, shiny|100/100|[from] Parting Shot\n|\n|upkeep\n|\n|t:|1775951224\n|switch|p1b: Aerodactyl|Aerodactyl, L50, F, shiny|92/100\n|-ability|p1b: Aerodactyl|Unnerve\n|turn|3\n|\n|t:|1775951241\n|switch|p2b: Incineroar|Incineroar, L50, M|76/100\n|-ability|p2b: Incineroar|Intimidate|boost\n|-unboost|p1a: Lopunny|atk|1\n|-unboost|p1b: Aerodactyl|atk|1\n|detailschange|p1a: Lopunny|Lopunny-Mega, L50, F, shiny\n|-mega|p1a: Lopunny|Lopunny|Lopunnite\n|detailschange|p2a: Charizard|Charizard-Mega-Y, L50, M, shiny\n|-mega|p2a: Charizard|Charizard|Charizardite Y\n|-weather|SunnyDay|[from] ability: Drought|[of] p2a: Charizard\n|move|p2a: Charizard|Protect|p2a: Charizard\n|-singleturn|p2a: Charizard|Protect\n|move|p1a: Lopunny|Fake Out|p2b: Incineroar\n|-damage|p2b: Incineroar|66/100\n|move|p1b: Aerodactyl|Rock Slide|p2a: Charizard|[spread] p2b\n|-activate|p2a: Charizard|move: Protect\n|-supereffective|p2b: Incineroar|1\n|-damage|p2b: Incineroar|35/100\n|\n|-weather|SunnyDay|[upkeep]\n|upkeep\n|turn|4\n|inactive|FelipeSamurai has 30 seconds left.\n|\n|t:|1775951266\n|switch|p1a: Milotic|Milotic, L50, F, shiny|100/100\n|move|p2b: Incineroar|Fake Out|p1b: Aerodactyl\n|-resisted|p1b: Aerodactyl|1\n|-damage|p1b: Aerodactyl|83/100\n|cant|p1b: Aerodactyl|flinch\n|move|p2a: Charizard|Heat Wave|p1a: Milotic|[spread] p1a,p1b\n|-resisted|p1a: Milotic|1\n|-resisted|p1b: Aerodactyl|1\n|-damage|p1a: Milotic|78/100\n|-damage|p1b: Aerodactyl|38/100\n|\n|-weather|SunnyDay|[upkeep]\n|-sideend|p1: myth44|move: Tailwind\n|upkeep\n|turn|5\n|\n|t:|1775951281\n|move|p1b: Aerodactyl|Rock Slide|p2a: Charizard|[spread] p2b\n|-miss|p1b: Aerodactyl|p2a: Charizard\n|-supereffective|p2b: Incineroar|1\n|-damage|p2b: Incineroar|2/100\n|move|p2a: Charizard|Solar Beam||[still]\n|-prepare|p2a: Charizard|Solar Beam\n|-anim|p2a: Charizard|Solar Beam|p1a: Milotic\n|-supereffective|p1a: Milotic|1\n|-damage|p1a: Milotic|12/100\n|-enditem|p1a: Milotic|Sitrus Berry|[eat]\n|-heal|p1a: Milotic|37/100|[from] item: Sitrus Berry\n|move|p1a: Milotic|Scald|p2b: Incineroar\n|-supereffective|p2b: Incineroar|1\n|-damage|p2b: Incineroar|0 fnt\n|faint|p2b: Incineroar\n|\n|-weather|SunnyDay|[upkeep]\n|upkeep\n|c|\u2606myth44|nah\n|\n|t:|1775951296\n|switch|p2b: Venusaur|Venusaur, L50, F|100/100\n|turn|6\n|\n|t:|1775951304\n|move|p2b: Venusaur|Energy Ball|p1b: Aerodactyl\n|-damage|p1b: Aerodactyl|0 fnt\n|faint|p1b: Aerodactyl\n|move|p2a: Charizard|Solar Beam||[still]\n|-prepare|p2a: Charizard|Solar Beam\n|-anim|p2a: Charizard|Solar Beam|p1a: Milotic\n|-supereffective|p1a: Milotic|1\n|-damage|p1a: Milotic|0 fnt\n|faint|p1a: Milotic\n|\n|-weather|SunnyDay|[upkeep]\n|upkeep\n|-message|myth44 forfeited.\n|\n|win|FelipeSamurai\n|raw|myth44's rating: 1009 &rarr; <strong>1000</strong><br />(-9 for losing)\n|raw|FelipeSamurai's rating: 1000 &rarr; <strong>1041</strong><br />(+41 for winning)\n|l|\u2606myth44\n|player|p1|\n",
  "uploadtime": 1775951320,
  "views": 10,
  "formatid": "gen9championsvgc2026regma",
  "rating": 1000,
  "private": 0,
  "password": null
}