{
  "id": "gen9championsvgc2026regma-2583026319",
  "format": "[Gen 9 Champions] VGC 2026 Reg M-A",
  "players": [
    "Therealmyan",
    "StellaZafella"
  ],
  "log": "|j|\u2606Therealmyan\n|j|\u2606StellaZafella\n|t:|1776134519\n|gametype|doubles\n|player|p1|Therealmyan|miku-grass|1007\n|player|p2|StellaZafella|jasmine-gen2|1094\n|gen|9\n|tier|[Gen 9 Champions] VGC 2026 Reg M-A\n|rated|\n|rule|Species Clause: Limit one of each Pok\u00e9mon\n|rule|Item Clause: Limit 1 of each item\n|clearpoke\n|poke|p1|Pelipper, L50, M|\n|poke|p1|Basculegion, L50, M|\n|poke|p1|Sneasler, L50, F|\n|poke|p1|Incineroar, L50, M|\n|poke|p1|Meganium, L50, M|\n|poke|p1|Archaludon, L50, F|\n|poke|p2|Houndoom, L50, M|\n|poke|p2|Ninetales, L50, F|\n|poke|p2|Talonflame, L50, M|\n|poke|p2|Sneasler, L50, F|\n|poke|p2|Goodra-Hisui, L50, M|\n|poke|p2|Delphox, L50, F|\n|teampreview|4\n|inactive|Battle timer is ON: inactive players will automatically lose when time's up. (requested by StellaZafella)\n|\n|t:|1776134606\n|teamsize|p1|4\n|teamsize|p2|4\n|start\n|switch|p1a: Basculegion|Basculegion, L50, M|100/100\n|switch|p1b: Incineroar|Incineroar, L50, M, shiny|100/100\n|switch|p2a: Talonflame|Talonflame, L50, M|100/100\n|switch|p2b: Goodra|Goodra-Hisui, L50, M|100/100\n|-ability|p1b: Incineroar|Intimidate|boost\n|-unboost|p2a: Talonflame|atk|1\n|-unboost|p2b: Goodra|atk|1\n|turn|1\n|inactive|Therealmyan has 30 seconds left.\n|\n|t:|1776134632\n|move|p2a: Talonflame|Protect|p2a: Talonflame\n|-singleturn|p2a: Talonflame|Protect\n|move|p1b: Incineroar|Fake Out|p2b: Goodra\n|-resisted|p2b: Goodra|1\n|-damage|p2b: Goodra|96/100\n|move|p1a: Basculegion|Aqua Jet|p2a: Talonflame\n|-activate|p2a: Talonflame|move: Protect\n|cant|p2b: Goodra|flinch\n|\n|-heal|p2b: Goodra|100/100|[from] item: Leftovers\n|upkeep\n|turn|2\n|inactive|Therealmyan has 30 seconds left.\n|inactive|StellaZafella has 30 seconds left.\n|inactive|Therealmyan has 20 seconds left.\n|inactive|Therealmyan has 15 seconds left.\n|inactive|Therealmyan has 10 seconds left.\n|\n|t:|1776134681\n|move|p2a: Talonflame|Tailwind|p2a: Talonflame\n|-sidestart|p2: StellaZafella|move: Tailwind\n|move|p2b: Goodra|Shelter|p2b: Goodra\n|-boost|p2b: Goodra|def|2\n|move|p1a: Basculegion|Flip Turn|p2a: Talonflame\n|-supereffective|p2a: Talonflame|1\n|-enditem|p2a: Talonflame|Focus Sash\n|-damage|p2a: Talonflame|1/100\n|\n|t:|1776134691\n|switch|p1a: Pelipper|Pelipper, L50, M|100/100|[from] Flip Turn\n|-weather|RainDance|[from] ability: Drizzle|[of] p1a: Pelipper\n|move|p1b: Incineroar|Darkest Lariat|p2b: Goodra\n|-damage|p2b: Goodra|73/100\n|\n|-weather|RainDance|[upkeep]\n|-heal|p2b: Goodra|79/100|[from] item: Leftovers\n|upkeep\n|turn|3\n|inactive|Therealmyan has 30 seconds left.\n|\n|t:|1776134725\n|switch|p2a: Ninetales|Ninetales, L50, F|100/100\n|-weather|SunnyDay|[from] ability: Drought|[of] p2a: Ninetales\n|switch|p1b: Basculegion|Basculegion, L50, M|100/100\n|move|p2b: Goodra|Body Press|p1b: Basculegion\n|-immune|p1b: Basculegion\n|move|p1a: Pelipper|Tailwind|p1a: Pelipper\n|-sidestart|p1: Therealmyan|move: Tailwind\n|\n|-weather|SunnyDay|[upkeep]\n|-heal|p2b: Goodra|85/100|[from] item: Leftovers\n|upkeep\n|turn|4\n|inactive|Therealmyan has 30 seconds left.\n|inactive|StellaZafella has 30 seconds left.\n|inactive|Therealmyan has 20 seconds left.\n|inactive|Therealmyan has 15 seconds left.\n|\n|t:|1776134768\n|move|p1b: Basculegion|Aqua Jet|p2a: Ninetales\n|-supereffective|p2a: Ninetales|1\n|-damage|p2a: Ninetales|74/100\n|move|p2a: Ninetales|Solar Beam||[still]\n|-prepare|p2a: Ninetales|Solar Beam\n|-anim|p2a: Ninetales|Solar Beam|p1b: Basculegion\n|-supereffective|p1b: Basculegion|1\n|-damage|p1b: Basculegion|40/100\n|move|p1a: Pelipper|Weather Ball|p2b: Goodra\n|-damage|p2b: Goodra|58/100\n|move|p2b: Goodra|Draco Meteor|p1a: Pelipper\n|-damage|p1a: Pelipper|37/100\n|-unboost|p2b: Goodra|spa|2\n|\n|-weather|SunnyDay|[upkeep]\n|-heal|p2b: Goodra|64/100|[from] item: Leftovers\n|upkeep\n|turn|5\n|inactive|Therealmyan has 30 seconds left.\n|inactive|StellaZafella has 30 seconds left.\n|inactive|StellaZafella has 20 seconds left.\n|inactive|Therealmyan has 20 seconds left.\n|\n|t:|1776134812\n|move|p1a: Pelipper|Protect|p1a: Pelipper\n|-singleturn|p1a: Pelipper|Protect\n|move|p2a: Ninetales|Solar Beam||[still]\n|-prepare|p2a: Ninetales|Solar Beam\n|-anim|p2a: Ninetales|Solar Beam|p1b: Basculegion\n|-supereffective|p1b: Basculegion|1\n|-damage|p1b: Basculegion|0 fnt\n|faint|p1b: Basculegion\n|move|p2b: Goodra|Life Dew|p2b: Goodra|[spread] p2a,p2b\n|-heal|p2a: Ninetales|99/100\n|-heal|p2b: Goodra|89/100\n|\n|-weather|SunnyDay|[upkeep]\n|-heal|p2b: Goodra|95/100|[from] item: Leftovers\n|-sideend|p2: StellaZafella|move: Tailwind\n|upkeep\n|\n|t:|1776134832\n|switch|p1b: Incineroar|Incineroar, L50, M, shiny|100/100\n|-ability|p1b: Incineroar|Intimidate|boost\n|-unboost|p2a: Ninetales|atk|1\n|-unboost|p2b: Goodra|atk|1\n|turn|6\n|inactive|StellaZafella has 30 seconds left.\n|\n|t:|1776134858\n|switch|p1a: Archaludon|Archaludon, L50, F|100/100\n|switch|p2a: Sneasler|Sneasler, L50, F|100/100\n|move|p1b: Incineroar|Fake Out|p2a: Sneasler\n|-crit|p2a: Sneasler\n|-damage|p2a: Sneasler|72/100\n|move|p2b: Goodra|Body Press|p1b: Incineroar\n|-supereffective|p1b: Incineroar|1\n|-damage|p1b: Incineroar|38/100\n|\n|-weather|SunnyDay|[upkeep]\n|-heal|p2b: Goodra|100/100|[from] item: Leftovers\n|-sideend|p1: Therealmyan|move: Tailwind\n|upkeep\n|turn|7\n|inactive|Therealmyan has 30 seconds left.\n|inactive|StellaZafella has 30 seconds left.\n|inactive|Therealmyan has 20 seconds left.\n|\n|t:|1776134894\n|move|p1a: Archaludon|Protect|p1a: Archaludon\n|-singleturn|p1a: Archaludon|Protect\n|move|p2a: Sneasler|Close Combat|p1a: Archaludon\n|-activate|p1a: Archaludon|move: Protect\n|move|p1b: Incineroar|Parting Shot|p2b: Goodra\n|-unboost|p2b: Goodra|atk|1\n|-unboost|p2b: Goodra|spa|1\n|\n|t:|1776134902\n|switch|p1b: Pelipper|Pelipper, L50, M|37/100|[from] Parting Shot\n|-weather|RainDance|[from] ability: Drizzle|[of] p1b: Pelipper\n|move|p2b: Goodra|Life Dew||[still]|[spread] p2a,p2b\n|-heal|p2a: Sneasler|97/100\n|-fail|p2b: Goodra|heal\n|\n|-weather|RainDance|[upkeep]\n|upkeep\n|turn|8\n|inactive|Therealmyan has 30 seconds left.\n|inactive|Therealmyan has 20 seconds left.\n|inactive|Therealmyan has 15 seconds left.\n|inactive|Therealmyan has 10 seconds left.\n|\n|t:|1776134950\n|move|p2a: Sneasler|Dire Claw|p1b: Pelipper\n|-damage|p1b: Pelipper|0 fnt\n|faint|p1b: Pelipper\n|move|p1a: Archaludon|Dragon Pulse|p2b: Goodra\n|-damage|p2b: Goodra|78/100\n|move|p2b: Goodra|Shelter|p2b: Goodra\n|-boost|p2b: Goodra|def|2\n|\n|-weather|RainDance|[upkeep]\n|-heal|p2b: Goodra|83/100|[from] item: Leftovers\n|upkeep\n|\n|t:|1776134959\n|switch|p1b: Incineroar|Incineroar, L50, M, shiny|38/100\n|-ability|p1b: Incineroar|Intimidate|boost\n|-unboost|p2a: Sneasler|atk|1\n|-unboost|p2b: Goodra|atk|1\n|-enditem|p2a: Sneasler|White Herb\n|-clearnegativeboost|p2a: Sneasler|[silent]\n|turn|9\n|inactive|Therealmyan has 30 seconds left.\n|\n|t:|1776134985\n|move|p2a: Sneasler|Protect|p2a: Sneasler\n|-singleturn|p2a: Sneasler|Protect\n|move|p1a: Archaludon|Dragon Pulse|p2b: Goodra\n|-damage|p2b: Goodra|58/100\n|move|p1b: Incineroar|Darkest Lariat|p2a: Sneasler\n|-activate|p2a: Sneasler|move: Protect\n|move|p2b: Goodra|Body Press|p1a: Archaludon\n|-supereffective|p1a: Archaludon|1\n|-damage|p1a: Archaludon|0 fnt\n|faint|p1a: Archaludon\n|\n|-weather|RainDance|[upkeep]\n|-heal|p2b: Goodra|64/100|[from] item: Leftovers\n|upkeep\n|turn|10\n|inactive|Therealmyan has 30 seconds left.\n|-message|Therealmyan forfeited.\n|\n|win|StellaZafella\n|raw|Therealmyan's rating: 1007 &rarr; <strong>1000</strong><br />(-7 for losing)\n|raw|StellaZafella's rating: 1094 &rarr; <strong>1114</strong><br />(+20 for winning)\n",
  "uploadtime": 1776135024,
  "views": 18,
  "formatid": "gen9championsvgc2026regma",
  "rating": 1000,
  "private": 0,
  "password": null
}