{
  "id": "gen9championsvgc2026regma-2584175069",
  "format": "[Gen 9 Champions] VGC 2026 Reg M-A",
  "players": [
    "series team",
    "massan2580"
  ],
  "log": "|j|\u2606series team\n|j|\u2606massan2580\n|t:|1776234365\n|gametype|doubles\n|player|p1|series team|2|1520\n|player|p2|massan2580|169|1503\n|gen|9\n|tier|[Gen 9 Champions] VGC 2026 Reg M-A\n|rated|\n|rule|Species Clause: Limit one of each Pok\u00e9mon\n|rule|Item Clause: Limit 1 of each item\n|clearpoke\n|poke|p1|Chimecho, L50, F|\n|poke|p1|Garchomp, L50, F|\n|poke|p1|Incineroar, L50, F|\n|poke|p1|Sinistcha, L50|\n|poke|p1|Raichu, L50, F|\n|poke|p1|Primarina, L50, F|\n|poke|p2|Floette-Eternal, L50, F|\n|poke|p2|Sneasler, L50, M|\n|poke|p2|Basculegion, L50, M|\n|poke|p2|Sylveon, L50, F|\n|poke|p2|Hydreigon, L50, M|\n|poke|p2|Talonflame, L50, M|\n|teampreview|4\n|\n|t:|1776234412\n|teamsize|p1|4\n|teamsize|p2|4\n|start\n|switch|p1a: Chimecho|Chimecho, L50, F|100/100\n|switch|p1b: Incineroar|Incineroar, L50, F|100/100\n|switch|p2a: Sneasler|Sneasler, L50, M|100/100\n|switch|p2b: Hydreigon|Hydreigon, L50, M|100/100\n|-ability|p1b: Incineroar|Intimidate|boost\n|-unboost|p2a: Sneasler|atk|1\n|-unboost|p2b: Hydreigon|atk|1\n|-enditem|p2a: Sneasler|White Herb\n|-clearnegativeboost|p2a: Sneasler|[silent]\n|turn|1\n|\n|t:|1776234434\n|switch|p1a: Primarina|Primarina, L50, F|100/100\n|move|p2a: Sneasler|Fake Out|p1b: Incineroar\n|-damage|p1b: Incineroar|89/100\n|cant|p1b: Incineroar|flinch\n|move|p2b: Hydreigon|Dark Pulse|p1a: Primarina\n|-resisted|p1a: Primarina|1\n|-damage|p1a: Primarina|81/100\n|\n|upkeep\n|turn|2\n|j| HildaVGC's\n|\n|t:|1776234448\n|switch|p1b: Sinistcha|Sinistcha, L50|100/100\n|-heal|p1a: Primarina|100/100|[from] ability: Hospitality|[of] p1b: Sinistcha\n|move|p1a: Primarina|Protect|p1a: Primarina\n|-singleturn|p1a: Primarina|Protect\n|move|p2a: Sneasler|Close Combat|p1b: Sinistcha\n|-immune|p1b: Sinistcha\n|move|p2b: Hydreigon|Dark Pulse|p1b: Sinistcha\n|-supereffective|p1b: Sinistcha|1\n|-damage|p1b: Sinistcha|2/100\n|\n|upkeep\n|turn|3\n|\n|t:|1776234478\n|switch|p1a: Incineroar|Incineroar, L50, F|89/100\n|-ability|p1a: Incineroar|Intimidate|boost\n|-unboost|p2a: Sneasler|atk|1\n|-unboost|p2b: Hydreigon|atk|1\n|move|p1b: Sinistcha|Protect|p1b: Sinistcha\n|-singleturn|p1b: Sinistcha|Protect\n|move|p2a: Sneasler|Poison Jab|p1a: Incineroar\n|-damage|p1a: Incineroar|68/100\n|-status|p1a: Incineroar|psn\n|move|p2b: Hydreigon|Dark Pulse|p1a: Incineroar\n|-resisted|p1a: Incineroar|1\n|-damage|p1a: Incineroar|49/100 psn\n|\n|-damage|p1a: Incineroar|37/100 psn|[from] psn\n|upkeep\n|turn|4\n|\n|t:|1776234498\n|switch|p1b: Primarina|Primarina, L50, F|100/100\n|move|p1a: Incineroar|Fake Out|p2a: Sneasler\n|-damage|p2a: Sneasler|81/100\n|cant|p2a: Sneasler|flinch\n|move|p2b: Hydreigon|Dark Pulse|p1b: Primarina\n|-resisted|p1b: Primarina|1\n|-damage|p1b: Primarina|80/100\n|\n|-damage|p1a: Incineroar|24/100 psn|[from] psn\n|upkeep\n|turn|5\n|\n|t:|1776234520\n|switch|p2a: Floette|Floette-Eternal, L50, F|100/100\n|move|p2b: Hydreigon|Dark Pulse|p1b: Primarina\n|-resisted|p1b: Primarina|1\n|-damage|p1b: Primarina|60/100\n|move|p1a: Incineroar|Flare Blitz|p2a: Floette\n|-damage|p2a: Floette|44/100\n|-damage|p1a: Incineroar|9/100 psn|[from] Recoil\n|move|p1b: Primarina|Moonblast|p2a: Floette\n|-damage|p2a: Floette|0 fnt\n|faint|p2a: Floette\n|\n|-damage|p1a: Incineroar|0 fnt|[from] psn\n|faint|p1a: Incineroar\n|upkeep\n|\n|t:|1776234540\n|switch|p2a: Sneasler|Sneasler, L50, M|81/100\n|switch|p1a: Chimecho|Chimecho, L50, F|100/100\n|turn|6\n|\n|t:|1776234554\n|detailschange|p1a: Chimecho|Chimecho-Mega, L50, F\n|-mega|p1a: Chimecho|Chimecho|Chimechite\n|move|p1a: Chimecho|Protect|p1a: Chimecho\n|-singleturn|p1a: Chimecho|Protect\n|move|p1b: Primarina|Protect|p1b: Primarina\n|-singleturn|p1b: Primarina|Protect\n|move|p2a: Sneasler|Fake Out|p1b: Primarina\n|-activate|p1b: Primarina|move: Protect\n|move|p2b: Hydreigon|Dark Pulse|p1a: Chimecho\n|-activate|p1a: Chimecho|move: Protect\n|\n|upkeep\n|turn|7\n|\n|t:|1776234567\n|switch|p1b: Sinistcha|Sinistcha, L50|2/100\n|move|p2a: Sneasler|Close Combat|p1a: Chimecho\n|-damage|p1a: Chimecho|53/100\n|-unboost|p2a: Sneasler|def|1\n|-unboost|p2a: Sneasler|spd|1\n|move|p2b: Hydreigon|Dark Pulse|p1a: Chimecho\n|-supereffective|p1a: Chimecho|1\n|-damage|p1a: Chimecho|0 fnt\n|faint|p1a: Chimecho\n|\n|upkeep\n|-message|series team forfeited.\n|\n|win|massan2580\n|raw|series team's rating: 1520 &rarr; <strong>1499</strong><br />(-21 for losing)\n|raw|massan2580's rating: 1503 &rarr; <strong>1524</strong><br />(+21 for winning)\n|l|\u2606series team\n|player|p1|\n|l|\u2606massan2580\n|player|p2|\n",
  "uploadtime": 1776234673,
  "views": 80,
  "formatid": "gen9championsvgc2026regma",
  "rating": 1499,
  "private": 0,
  "password": null
}