{
  "id": "gen9championsvgc2026regma-2582121412",
  "format": "[Gen 9 Champions] VGC 2026 Reg M-A",
  "players": [
    "loklastaji",
    "Zeroarck76"
  ],
  "log": "|j|\u2606loklastaji\n|j|\u2606Zeroarck76\n|t:|1776060680\n|gametype|doubles\n|player|p1|loklastaji|265|1254\n|player|p2|Zeroarck76|petrel|1279\n|gen|9\n|tier|[Gen 9 Champions] VGC 2026 Reg M-A\n|rated|\n|rule|Species Clause: Limit one of each Pok\u00e9mon\n|rule|Item Clause: Limit 1 of each item\n|clearpoke\n|poke|p1|Samurott-Hisui, L50, F|\n|poke|p1|Mamoswine, L50, F|\n|poke|p1|Delphox, L50, M|\n|poke|p1|Tsareena, L50, F|\n|poke|p1|Corviknight, L50, M|\n|poke|p1|Altaria, L50, M|\n|poke|p2|Golurk, L50|\n|poke|p2|Hatterene, L50, F|\n|poke|p2|Torkoal, L50, F|\n|poke|p2|Gallade, L50, M|\n|poke|p2|Sinistcha, L50|\n|poke|p2|Incineroar, L50, F|\n|teampreview|4\n|\n|t:|1776060731\n|teamsize|p1|4\n|teamsize|p2|4\n|start\n|switch|p1a: Samurott|Samurott-Hisui, L50, F|100/100\n|switch|p1b: Altaria|Altaria, L50, M|100/100\n|switch|p2a: Golurk|Golurk, L50|100/100\n|switch|p2b: Sinistcha|Sinistcha, L50|100/100\n|-ability|p1b: Altaria|Cloud Nine\n|turn|1\n|\n|t:|1776060763\n|detailschange|p1b: Altaria|Altaria-Mega, L50, M\n|-mega|p1b: Altaria|Altaria|Altarianite\n|detailschange|p2a: Golurk|Golurk-Mega, L50\n|-mega|p2a: Golurk|Golurk|Golurkite\n|move|p2a: Golurk|Protect|p2a: Golurk\n|-singleturn|p2a: Golurk|Protect\n|move|p1b: Altaria|Hyper Voice|p2a: Golurk|[spread] p2b\n|-activate|p2a: Golurk|move: Protect\n|-damage|p2b: Sinistcha|61/100\n|move|p1a: Samurott|Ceaseless Edge|p2b: Sinistcha\n|-supereffective|p2b: Sinistcha|1\n|-damage|p2b: Sinistcha|0 fnt\n|-sidestart|p2: Zeroarck76|Spikes\n|faint|p2b: Sinistcha\n|\n|upkeep\n|\n|t:|1776060779\n|switch|p2b: Hatterene|Hatterene, L50, F|100/100\n|-damage|p2b: Hatterene|88/100|[from] Spikes\n|turn|2\n|\n|t:|1776060797\n|move|p2b: Hatterene|Protect|p2b: Hatterene\n|-singleturn|p2b: Hatterene|Protect\n|move|p1b: Altaria|Hyper Voice|p2a: Golurk|[spread] p2a\n|-activate|p2b: Hatterene|move: Protect\n|-crit|p2a: Golurk\n|-damage|p2a: Golurk|56/100\n|move|p1a: Samurott|Aqua Cutter|p2b: Hatterene\n|-activate|p2b: Hatterene|move: Protect\n|move|p2a: Golurk|Thunder Punch|p1a: Samurott\n|-supereffective|p1a: Samurott|1\n|-damage|p1a: Samurott|19/100\n|\n|upkeep\n|turn|3\n|\n|t:|1776060822\n|move|p2a: Golurk|Protect|p2a: Golurk\n|-singleturn|p2a: Golurk|Protect\n|move|p1b: Altaria|Hyper Voice|p2b: Hatterene|[spread] p2b\n|-activate|p2a: Golurk|move: Protect\n|-damage|p2b: Hatterene|46/100\n|-enditem|p2b: Hatterene|Sitrus Berry|[eat]\n|-heal|p2b: Hatterene|71/100|[from] item: Sitrus Berry\n|move|p1a: Samurott|Ceaseless Edge|p2b: Hatterene\n|-damage|p2b: Hatterene|14/100\n|-sidestart|p2: Zeroarck76|Spikes\n|move|p2b: Hatterene|Trick Room|p2b: Hatterene\n|-fieldstart|move: Trick Room|[of] p2b: Hatterene\n|\n|upkeep\n|turn|4\n|\n|t:|1776060843\n|move|p1b: Altaria|Protect|p1b: Altaria\n|-singleturn|p1b: Altaria|Protect\n|move|p1a: Samurott|Sucker Punch|p2a: Golurk\n|-supereffective|p2a: Golurk|1\n|-crit|p2a: Golurk\n|-damage|p2a: Golurk|0 fnt\n|faint|p2a: Golurk\n|move|p2b: Hatterene|Dazzling Gleam|p1a: Samurott|[spread] p1a\n|-activate|p1b: Altaria|move: Protect\n|-supereffective|p1a: Samurott|1\n|-damage|p1a: Samurott|0 fnt\n|faint|p1a: Samurott\n|\n|upkeep\n|\n|t:|1776060860\n|switch|p2a: Torkoal|Torkoal, L50, F|100/100\n|switch|p1a: Mamoswine|Mamoswine, L50, F|100/100\n|-damage|p2a: Torkoal|84/100|[from] Spikes\n|-weather|SunnyDay|[from] ability: Drought|[of] p2a: Torkoal\n|turn|5\n|\n|t:|1776060877\n|switch|p1a: Tsareena|Tsareena, L50, F|100/100\n|move|p2a: Torkoal|Eruption|p1a: Tsareena|[spread] p1a,p1b\n|-supereffective|p1a: Tsareena|1\n|-resisted|p1b: Altaria|1\n|-enditem|p1a: Tsareena|Focus Sash\n|-damage|p1a: Tsareena|1/100\n|-damage|p1b: Altaria|58/100\n|move|p2b: Hatterene|Dazzling Gleam|p1a: Tsareena|[spread] p1a,p1b\n|-supereffective|p1b: Altaria|1\n|-damage|p1a: Tsareena|0 fnt\n|-damage|p1b: Altaria|0 fnt\n|faint|p1a: Tsareena\n|faint|p1b: Altaria\n|\n|-weather|SunnyDay|[upkeep]\n|upkeep\n|inactive|Battle timer is ON: inactive players will automatically lose when time's up. (requested by Zeroarck76)\n|inactive|loklastaji has 60 seconds left.\n|inactive|loklastaji has 30 seconds left.\n|inactive|loklastaji has 20 seconds left.\n|inactive|loklastaji has 15 seconds left.\n|inactive|loklastaji has 10 seconds left.\n|inactive|loklastaji has 5 seconds left.\n|c|\u2606Zeroarck76|GG\n|\n|t:|1776061045\n|switch|p1a: Mamoswine|Mamoswine, L50, F|100/100\n|turn|6\n|inactive|loklastaji has 30 seconds left.\n|inactive|loklastaji has 20 seconds left.\n|inactive|loklastaji has 15 seconds left.\n|inactive|loklastaji has 10 seconds left.\n|inactive|loklastaji has 5 seconds left.\n|\n|t:|1776061100\n|move|p2a: Torkoal|Eruption|p1a: Mamoswine\n|-supereffective|p1a: Mamoswine|1\n|-damage|p1a: Mamoswine|0 fnt\n|faint|p1a: Mamoswine\n|\n|win|Zeroarck76\n|raw|loklastaji's rating: 1254 &rarr; <strong>1231</strong><br />(-23 for losing)\n|raw|Zeroarck76's rating: 1279 &rarr; <strong>1302</strong><br />(+23 for winning)\n|l|\u2606loklastaji\n|player|p1|\n",
  "uploadtime": 1776061211,
  "views": 29,
  "formatid": "gen9championsvgc2026regma",
  "rating": 1231,
  "private": 0,
  "password": null
}