{
  "id": "gen9championsvgc2026regma-2582374857",
  "format": "[Gen 9 Champions] VGC 2026 Reg M-A",
  "players": [
    "im so based",
    "Meltan808"
  ],
  "log": "|j|\u2606im so based\n|j|\u2606Meltan808\n|t:|1776087398\n|gametype|doubles\n|player|p1|im so based|steven|1000\n|player|p2|Meltan808|lance-masters|1040\n|gen|9\n|tier|[Gen 9 Champions] VGC 2026 Reg M-A\n|rated|\n|rule|Species Clause: Limit one of each Pok\u00e9mon\n|rule|Item Clause: Limit 1 of each item\n|clearpoke\n|poke|p1|Basculegion, L50, M|\n|poke|p1|Sinistcha, L50|\n|poke|p1|Sneasler, L50, M|\n|poke|p1|Incineroar, L50, F|\n|poke|p1|Gengar, L50, F|\n|poke|p1|Kingambit, L50, M|\n|poke|p2|Archaludon, L50, M|\n|poke|p2|Sinistcha, L50|\n|poke|p2|Lycanroc-Dusk, L50, M|\n|poke|p2|Basculegion, L50, M|\n|poke|p2|Pelipper, L50, M|\n|poke|p2|Dragonite, L50, M|\n|teampreview|4\n|inactive|Battle timer is ON: inactive players will automatically lose when time's up. (requested by Meltan808)\n|\n|t:|1776087415\n|teamsize|p1|4\n|teamsize|p2|4\n|start\n|switch|p1a: Gengar|Gengar, L50, F|100/100\n|switch|p1b: Sinistcha|Sinistcha, L50|100/100\n|switch|p2a: Green Day|Sinistcha, L50, shiny|100/100\n|switch|p2b: Peeko|Pelipper, L50, M, shiny|100/100\n|-weather|RainDance|[from] ability: Drizzle|[of] p2b: Peeko\n|turn|1\n|\n|t:|1776087439\n|detailschange|p1a: Gengar|Gengar-Mega, L50, F\n|-mega|p1a: Gengar|Gengar|Gengarite\n|move|p1b: Sinistcha|Rage Powder|p1b: Sinistcha\n|-singleturn|p1b: Sinistcha|move: Rage Powder\n|move|p1a: Gengar|Icy Wind|p2b: Peeko|[spread] p2a,p2b\n|-supereffective|p2a: Green Day|1\n|-damage|p2a: Green Day|69/100\n|-damage|p2b: Peeko|68/100\n|-unboost|p2a: Green Day|spe|1\n|-unboost|p2b: Peeko|spe|1\n|move|p2b: Peeko|Hurricane|p1b: Sinistcha\n|-supereffective|p1b: Sinistcha|1\n|-damage|p1b: Sinistcha|0 fnt\n|faint|p1b: Sinistcha\n|move|p2a: Green Day|Trick Room|p2a: Green Day\n|-fieldstart|move: Trick Room|[of] p2a: Green Day\n|\n|-weather|RainDance|[upkeep]\n|upkeep\n|\n|t:|1776087463\n|switch|p1b: Incineroar|Incineroar, L50, F|100/100\n|-ability|p1b: Incineroar|Intimidate|boost\n|-unboost|p2a: Green Day|atk|1\n|-unboost|p2b: Peeko|atk|1\n|turn|2\n|\n|t:|1776087473\n|move|p1b: Incineroar|Fake Out|p2b: Peeko\n|-damage|p2b: Peeko|52/100\n|move|p2a: Green Day|Rage Powder|p2a: Green Day\n|-singleturn|p2a: Green Day|move: Rage Powder\n|cant|p2b: Peeko|flinch\n|move|p1a: Gengar|Gunk Shot|p2a: Green Day\n|-damage|p2a: Green Day|44/100\n|\n|-weather|RainDance|[upkeep]\n|upkeep\n|turn|3\n|inactive|im so based has 30 seconds left.\n|\n|t:|1776087499\n|move|p2a: Green Day|Rage Powder|p2a: Green Day\n|-singleturn|p2a: Green Day|move: Rage Powder\n|move|p2b: Peeko|Weather Ball|p1b: Incineroar\n|-supereffective|p1b: Incineroar|1\n|-damage|p1b: Incineroar|0 fnt\n|faint|p1b: Incineroar\n|move|p1a: Gengar|Shadow Ball|p2a: Green Day|[miss]\n|-miss|p1a: Gengar|p2a: Green Day\n|\n|-weather|RainDance|[upkeep]\n|upkeep\n|\n|t:|1776087511\n|switch|p1b: Kingambit|Kingambit, L50, M|100/100\n|-activate|p1b: Kingambit|ability: Supreme Overlord\n|-start|p1b: Kingambit|fallen2|[silent]\n|turn|4\n|\n|t:|1776087523\n|move|p1b: Kingambit|Protect|p1b: Kingambit\n|-singleturn|p1b: Kingambit|Protect\n|move|p2a: Green Day|Strength Sap|p1b: Kingambit\n|-activate|p1b: Kingambit|move: Protect\n|move|p2b: Peeko|Hurricane|p1a: Gengar\n|-damage|p1a: Gengar|34/100\n|-start|p1a: Gengar|confusion\n|-activate|p1a: Gengar|confusion\n|move|p1a: Gengar|Shadow Ball|p2a: Green Day\n|-supereffective|p2a: Green Day|1\n|-damage|p2a: Green Day|0 fnt\n|faint|p2a: Green Day\n|\n|-weather|RainDance|[upkeep]\n|upkeep\n|\n|t:|1776087537\n|switch|p2a: Marina|Dragonite, L50, M, shiny|100/100\n|turn|5\n|\n|t:|1776087553\n|detailschange|p2a: Marina|Dragonite-Mega, L50, M, shiny\n|-mega|p2a: Marina|Dragonite|Dragoninite\n|move|p1b: Kingambit|Sucker Punch|p2b: Peeko\n|-damage|p2b: Peeko|0 fnt\n|faint|p2b: Peeko\n|move|p2a: Marina|Hurricane|p1a: Gengar\n|-crit|p1a: Gengar\n|-damage|p1a: Gengar|0 fnt\n|faint|p1a: Gengar\n|\n|-weather|none\n|-fieldend|move: Trick Room\n|upkeep\n|\n|t:|1776087565\n|switch|p2b: Rippin' Tide|Basculegion, L50, M, shiny|100/100\n|turn|6\n|\n|t:|1776087574\n|move|p2b: Rippin' Tide|Protect|p2b: Rippin' Tide\n|-singleturn|p2b: Rippin' Tide|Protect\n|move|p2a: Marina|Thunder|p1b: Kingambit\n|-damage|p1b: Kingambit|52/100\n|move|p1b: Kingambit|Kowtow Cleave|p2b: Rippin' Tide\n|-activate|p2b: Rippin' Tide|move: Protect\n|\n|upkeep\n|turn|7\n|\n|t:|1776087586\n|move|p2b: Rippin' Tide|Protect||[still]\n|-fail|p2b: Rippin' Tide\n|move|p1b: Kingambit|Protect|p1b: Kingambit\n|-singleturn|p1b: Kingambit|Protect\n|move|p2a: Marina|Thunder|p1b: Kingambit\n|-activate|p1b: Kingambit|move: Protect\n|\n|upkeep\n|turn|8\n|\n|t:|1776087601\n|move|p1b: Kingambit|Sucker Punch|p2b: Rippin' Tide\n|-supereffective|p2b: Rippin' Tide|1\n|-damage|p2b: Rippin' Tide|0 fnt\n|faint|p2b: Rippin' Tide\n|move|p2a: Marina|Thunder|p1b: Kingambit\n|-damage|p1b: Kingambit|8/100\n|-status|p1b: Kingambit|par\n|\n|upkeep\n|turn|9\n|\n|t:|1776087612\n|cant|p1b: Kingambit|par\n|move|p2a: Marina|Draco Meteor|p1b: Kingambit\n|-resisted|p1b: Kingambit|1\n|-crit|p1b: Kingambit\n|-damage|p1b: Kingambit|0 fnt\n|-unboost|p2a: Marina|spa|2\n|faint|p1b: Kingambit\n|-end|p1b: Kingambit|fallen2|[silent]\n|\n|win|Meltan808\n|raw|im so based's rating: 1000 &rarr; <strong>1000</strong><br />(+0 for losing)\n|raw|Meltan808's rating: 1040 &rarr; <strong>1070</strong><br />(+30 for winning)\n|l|\u2606im so based\n|player|p1|\n",
  "uploadtime": 1776087621,
  "views": 21,
  "formatid": "gen9championsvgc2026regma",
  "rating": 1000,
  "private": 0,
  "password": null
}