{
  "id": "gen9championsvgc2026regma-2587835762",
  "format": "[Gen 9 Champions] VGC 2026 Reg M-A",
  "players": [
    "yoshep",
    "chky nuggies"
  ],
  "log": "|j|\u2606yoshep\n|j|\u2606chky nuggies\n|t:|1776568947\n|gametype|doubles\n|player|p1|yoshep|2|1405\n|player|p2|chky nuggies|hugh|1451\n|gen|9\n|tier|[Gen 9 Champions] VGC 2026 Reg M-A\n|rated|\n|rule|Species Clause: Limit one of each Pok\u00e9mon\n|rule|Item Clause: Limit 1 of each item\n|clearpoke\n|poke|p1|Froslass, L50, F|\n|poke|p1|Archaludon, L50, M|\n|poke|p1|Basculegion, L50, M|\n|poke|p1|Sinistcha-Masterpiece, L50|\n|poke|p1|Milotic, L50, M|\n|poke|p1|Sneasler, L50, F|\n|poke|p2|Farigiraf, L50, M|\n|poke|p2|Kangaskhan, L50, F|\n|poke|p2|Torkoal, L50, M|\n|poke|p2|Venusaur, L50, F|\n|poke|p2|Conkeldurr, L50, M|\n|poke|p2|Sneasler, L50, F|\n|teampreview|4\n|inactive|Battle timer is ON: inactive players will automatically lose when time's up. (requested by chky nuggies)\n|inactive|yoshep also wants the timer to be on.\n|inactive|yoshep has 60 seconds left.\n|inactive|chky nuggies has 60 seconds left.\n|inactive|chky nuggies has 30 seconds left.\n|\n|t:|1776569008\n|teamsize|p1|4\n|teamsize|p2|4\n|start\n|switch|p1a: Sneasler|Sneasler, L50, F|100/100\n|switch|p1b: Basculegion|Basculegion, L50, M|100/100\n|switch|p2a: Kangaskhan|Kangaskhan, L50, F|100/100\n|switch|p2b: Venusaur|Venusaur, L50, F|100/100\n|turn|1\n|inactive|yoshep has 30 seconds left.\n|\n|t:|1776569038\n|detailschange|p2a: Kangaskhan|Kangaskhan-Mega, L50, F\n|-mega|p2a: Kangaskhan|Kangaskhan|Kangaskhanite\n|move|p1a: Sneasler|Protect|p1a: Sneasler\n|-singleturn|p1a: Sneasler|Protect\n|move|p1b: Basculegion|Protect|p1b: Basculegion\n|-singleturn|p1b: Basculegion|Protect\n|move|p2a: Kangaskhan|Fake Out|p1a: Sneasler\n|-activate|p1a: Sneasler|move: Protect\n|move|p2b: Venusaur|Sleep Powder|p1b: Basculegion\n|-activate|p1b: Basculegion|move: Protect\n|\n|upkeep\n|turn|2\n|\n|t:|1776569068\n|switch|p2a: Sneasler|Sneasler, L50, F|100/100\n|switch|p1b: Archaludon|Archaludon, L50, M|100/100\n|move|p1a: Sneasler|Close Combat|p2a: Sneasler\n|-resisted|p2a: Sneasler|1\n|-damage|p2a: Sneasler|64/100\n|-unboost|p1a: Sneasler|def|1\n|-unboost|p1a: Sneasler|spd|1\n|-enditem|p1a: Sneasler|White Herb\n|-clearnegativeboost|p1a: Sneasler|[silent]\n|move|p2b: Venusaur|Energy Ball|p1b: Archaludon\n|-resisted|p1b: Archaludon|2\n|-damage|p1b: Archaludon|89/100\n|\n|upkeep\n|turn|3\n|\n|t:|1776569091\n|move|p1a: Sneasler|Protect|p1a: Sneasler\n|-singleturn|p1a: Sneasler|Protect\n|move|p2a: Sneasler|Protect|p2a: Sneasler\n|-singleturn|p2a: Sneasler|Protect\n|move|p1b: Archaludon|Protect|p1b: Archaludon\n|-singleturn|p1b: Archaludon|Protect\n|move|p2b: Venusaur|Sleep Powder|p1a: Sneasler\n|-activate|p1a: Sneasler|move: Protect\n|\n|upkeep\n|turn|4\n|inactive|yoshep has 30 seconds left.\n|\n|t:|1776569117\n|switch|p1b: Basculegion|Basculegion, L50, M|100/100\n|move|p1a: Sneasler|Close Combat|p2a: Sneasler\n|-resisted|p2a: Sneasler|1\n|-damage|p2a: Sneasler|24/100\n|-unboost|p1a: Sneasler|def|1\n|-unboost|p1a: Sneasler|spd|1\n|move|p2a: Sneasler|Close Combat|p1b: Basculegion\n|-immune|p1b: Basculegion\n|move|p2b: Venusaur|Sleep Powder|p1a: Sneasler\n|-status|p1a: Sneasler|slp|[from] move: Sleep Powder\n|\n|upkeep\n|turn|5\n|\n|t:|1776569142\n|switch|p2a: Torkoal|Torkoal, L50, M|100/100\n|-weather|SunnyDay|[from] ability: Drought|[of] p2a: Torkoal\n|move|p1b: Basculegion|Protect|p1b: Basculegion\n|-singleturn|p1b: Basculegion|Protect\n|cant|p1a: Sneasler|slp\n|move|p2b: Venusaur|Energy Ball|p1b: Basculegion\n|-activate|p1b: Basculegion|move: Protect\n|\n|-weather|SunnyDay|[upkeep]\n|upkeep\n|turn|6\n|\n|t:|1776569163\n|switch|p1b: Archaludon|Archaludon, L50, M|89/100\n|-curestatus|p1a: Sneasler|slp|[msg]\n|move|p1a: Sneasler|Close Combat|p2a: Torkoal\n|-damage|p2a: Torkoal|52/100\n|-unboost|p1a: Sneasler|def|1\n|-unboost|p1a: Sneasler|spd|1\n|move|p2b: Venusaur|Sleep Powder|p1b: Archaludon\n|-status|p1b: Archaludon|slp|[from] move: Sleep Powder\n|move|p2a: Torkoal|Weather Ball|p1a: Sneasler\n|-damage|p1a: Sneasler|0 fnt\n|faint|p1a: Sneasler\n|\n|-weather|SunnyDay|[upkeep]\n|upkeep\n|\n|t:|1776569176\n|switch|p1a: Froslass|Froslass, L50, F|100/100\n|turn|7\n|\n|t:|1776569192\n|switch|p1b: Basculegion|Basculegion, L50, M|100/100\n|switch|p2a: Kangaskhan|Kangaskhan-Mega, L50, F|100/100\n|detailschange|p1a: Froslass|Froslass-Mega, L50, F\n|-mega|p1a: Froslass|Froslass|Froslassite\n|-weather|Snowscape|[from] ability: Snow Warning|[of] p1a: Froslass\n|move|p2b: Venusaur|Protect|p2b: Venusaur\n|-singleturn|p2b: Venusaur|Protect\n|move|p1a: Froslass|Blizzard|p2b: Venusaur|[spread] p2a\n|-activate|p2b: Venusaur|move: Protect\n|-damage|p2a: Kangaskhan|57/100\n|\n|-weather|Snowscape|[upkeep]\n|upkeep\n|turn|8\n|inactive|chky nuggies has 30 seconds left.\n|\n|t:|1776569217\n|switch|p1a: Archaludon|Archaludon, L50, M|89/100 slp\n|switch|p2a: Torkoal|Torkoal, L50, M|52/100\n|-weather|SunnyDay|[from] ability: Drought|[of] p2a: Torkoal\n|move|p2b: Venusaur|Sleep Powder|p1a: Archaludon|[miss]\n|-miss|p2b: Venusaur|p1a: Archaludon\n|move|p1b: Basculegion|Last Respects|p2b: Venusaur\n|-damage|p2b: Venusaur|25/100\n|\n|-weather|SunnyDay|[upkeep]\n|upkeep\n|turn|9\n|inactive|yoshep has 30 seconds left.\n|inactive|yoshep has 20 seconds left.\n|\n|t:|1776569256\n|move|p1b: Basculegion|Protect|p1b: Basculegion\n|-singleturn|p1b: Basculegion|Protect\n|move|p2b: Venusaur|Energy Ball|p1b: Basculegion\n|-activate|p1b: Basculegion|move: Protect\n|cant|p1a: Archaludon|slp\n|move|p2a: Torkoal|Weather Ball|p1a: Archaludon\n|-damage|p1a: Archaludon|0 fnt\n|faint|p1a: Archaludon\n|\n|-weather|SunnyDay|[upkeep]\n|upkeep\n|\n|t:|1776569265\n|switch|p1a: Froslass|Froslass-Mega, L50, F|100/100\n|-weather|Snowscape|[from] ability: Snow Warning|[of] p1a: Froslass\n|turn|10\n|inactive|chky nuggies has 30 seconds left.\n|\n|t:|1776569295\n|switch|p2b: Sneasler|Sneasler, L50, F|24/100\n|move|p2a: Torkoal|Protect|p2a: Torkoal\n|-singleturn|p2a: Torkoal|Protect\n|move|p1a: Froslass|Blizzard|p2b: Sneasler|[spread] p2b\n|-activate|p2a: Torkoal|move: Protect\n|-damage|p2b: Sneasler|0 fnt\n|faint|p2b: Sneasler\n|move|p1b: Basculegion|Wave Crash|p2a: Torkoal\n|-activate|p2a: Torkoal|move: Protect\n|\n|-weather|Snowscape|[upkeep]\n|upkeep\n|-message|chky nuggies forfeited.\n|\n|win|yoshep\n|raw|yoshep's rating: 1405 &rarr; <strong>1428</strong><br />(+23 for winning)\n|raw|chky nuggies's rating: 1451 &rarr; <strong>1428</strong><br />(-23 for losing)\n|l|\u2606chky nuggies\n|player|p2|\n",
  "uploadtime": 1776569309,
  "views": 14,
  "formatid": "gen9championsvgc2026regma",
  "rating": 1428,
  "private": 0,
  "password": null
}