{
  "id": "gen9championsvgc2026regma-2580964310",
  "format": "[Gen 9 Champions] VGC 2026 Reg M-A",
  "players": [
    "MrTimtendo",
    "sadboi69"
  ],
  "log": "|j|\u2606MrTimtendo\n|j|\u2606sadboi69\n|t:|1775947224\n|gametype|doubles\n|player|p1|MrTimtendo|ethan|1139\n|player|p2|sadboi69|richboy|1153\n|gen|9\n|tier|[Gen 9 Champions] VGC 2026 Reg M-A\n|rated|\n|rule|Species Clause: Limit one of each Pok\u00e9mon\n|rule|Item Clause: Limit 1 of each item\n|clearpoke\n|poke|p1|Froslass, L50, F|\n|poke|p1|Rotom-Frost, L50|\n|poke|p1|Aerodactyl, L50, M|\n|poke|p1|Tsareena, L50, F|\n|poke|p1|Garchomp, L50, F|\n|poke|p1|Sneasler, L50, M|\n|poke|p2|Delphox, L50, F|\n|poke|p2|Garchomp, L50, M|\n|poke|p2|Incineroar, L50, M|\n|poke|p2|Sneasler, L50, F|\n|poke|p2|Floette-Eternal, L50, F|\n|poke|p2|Kingambit, L50, M|\n|teampreview|4\n|inactive|Battle timer is ON: inactive players will automatically lose when time's up. (requested by MrTimtendo)\n|inactive|MrTimtendo has 60 seconds left.\n|\n|t:|1775947256\n|teamsize|p1|4\n|teamsize|p2|4\n|start\n|switch|p1a: Froslass|Froslass, L50, F|100/100\n|switch|p1b: Rotom|Rotom-Frost, L50|100/100\n|switch|p2a: Delphox|Delphox, L50, F|100/100\n|switch|p2b: Incineroar|Incineroar, L50, M|100/100\n|-ability|p2b: Incineroar|Intimidate|boost\n|-unboost|p1a: Froslass|atk|1\n|-unboost|p1b: Rotom|atk|1\n|turn|1\n|\n|t:|1775947276\n|detailschange|p1a: Froslass|Froslass-Mega, L50, F\n|-mega|p1a: Froslass|Froslass|Froslassite\n|-weather|Snowscape|[from] ability: Snow Warning|[of] p1a: Froslass\n|detailschange|p2a: Delphox|Delphox-Mega, L50, F\n|-mega|p2a: Delphox|Delphox|Delphoxite\n|move|p2a: Delphox|Heat Wave|p1b: Rotom|[spread] p1a,p1b\n|-supereffective|p1a: Froslass|1\n|-supereffective|p1b: Rotom|1\n|-damage|p1a: Froslass|16/100\n|-damage|p1b: Rotom|0 fnt\n|faint|p1b: Rotom\n|move|p1a: Froslass|Aurora Veil|p1a: Froslass\n|-sidestart|p1: MrTimtendo|move: Aurora Veil\n|move|p2b: Incineroar|Flare Blitz|p1a: Froslass\n|-supereffective|p1a: Froslass|1\n|-damage|p1a: Froslass|0 fnt\n|faint|p1a: Froslass\n|-damage|p2b: Incineroar|97/100|[from] Recoil\n|\n|-weather|Snowscape|[upkeep]\n|-heal|p2b: Incineroar|100/100|[from] item: Leftovers\n|upkeep\n|\n|t:|1775947290\n|switch|p1a: Tsareena|Tsareena, L50, F|100/100\n|switch|p1b: Aerodactyl|Aerodactyl, L50, M|100/100\n|-ability|p1b: Aerodactyl|Unnerve\n|turn|2\n|\n|t:|1775947302\n|move|p1a: Tsareena|Helping Hand|p1b: Aerodactyl\n|-singleturn|p1b: Aerodactyl|Helping Hand|[of] p1a: Tsareena\n|move|p2a: Delphox|Protect|p2a: Delphox\n|-singleturn|p2a: Delphox|Protect\n|move|p1b: Aerodactyl|Rock Slide|p2a: Delphox|[spread] p2b\n|-activate|p2a: Delphox|move: Protect\n|-supereffective|p2b: Incineroar|1\n|-crit|p2b: Incineroar\n|-damage|p2b: Incineroar|16/100\n|cant|p2b: Incineroar|flinch\n|\n|-weather|Snowscape|[upkeep]\n|-heal|p2b: Incineroar|22/100|[from] item: Leftovers\n|upkeep\n|turn|3\n|\n|t:|1775947316\n|switch|p2b: Kingambit|Kingambit, L50, M, shiny|100/100\n|move|p1a: Tsareena|Helping Hand|p1b: Aerodactyl\n|-singleturn|p1b: Aerodactyl|Helping Hand|[of] p1a: Tsareena\n|move|p2a: Delphox|Heat Wave|p1a: Tsareena|[spread] p1a,p1b\n|-supereffective|p1a: Tsareena|1\n|-enditem|p1a: Tsareena|Occa Berry|[eat]\n|-enditem|p1a: Tsareena|Occa Berry|[weaken]\n|-resisted|p1b: Aerodactyl|1\n|-damage|p1a: Tsareena|75/100\n|-damage|p1b: Aerodactyl|82/100\n|move|p1b: Aerodactyl|Rock Slide|p2a: Delphox|[spread] p2a,p2b\n|-supereffective|p2a: Delphox|1\n|-resisted|p2b: Kingambit|1\n|-damage|p2a: Delphox|17/100\n|-damage|p2b: Kingambit|89/100\n|\n|-weather|Snowscape|[upkeep]\n|upkeep\n|turn|4\n|inactive|MrTimtendo has 30 seconds left.\n|\n|t:|1775947343\n|move|p2a: Delphox|Protect|p2a: Delphox\n|-singleturn|p2a: Delphox|Protect\n|move|p1b: Aerodactyl|Tailwind|p1b: Aerodactyl\n|-sidestart|p1: MrTimtendo|move: Tailwind\n|move|p1a: Tsareena|Low Kick|p2b: Kingambit\n|-supereffective|p2b: Kingambit|2\n|-damage|p2b: Kingambit|0 fnt\n|faint|p2b: Kingambit\n|\n|-weather|Snowscape|[upkeep]\n|upkeep\n|\n|t:|1775947350\n|switch|p2b: Sneasler|Sneasler, L50, F|100/100\n|turn|5\n|\n|t:|1775947361\n|switch|p2a: Incineroar|Incineroar, L50, M|22/100\n|-ability|p2a: Incineroar|Intimidate|boost\n|-unboost|p1a: Tsareena|atk|1\n|-unboost|p1b: Aerodactyl|atk|1\n|move|p1a: Tsareena|Helping Hand|p1b: Aerodactyl\n|-singleturn|p1b: Aerodactyl|Helping Hand|[of] p1a: Tsareena\n|move|p1b: Aerodactyl|Dual Wingbeat|p2b: Sneasler\n|-supereffective|p2b: Sneasler|1\n|-damage|p2b: Sneasler|43/100\n|-supereffective|p2b: Sneasler|1\n|-crit|p2b: Sneasler\n|-damage|p2b: Sneasler|0 fnt\n|faint|p2b: Sneasler\n|-hitcount|p2: Sneasler|2\n|\n|-weather|none\n|-heal|p2a: Incineroar|28/100|[from] item: Leftovers\n|-sideend|p1: MrTimtendo|move: Aurora Veil\n|upkeep\n|\n|t:|1775947370\n|switch|p2b: Delphox|Delphox-Mega, L50, F|17/100\n|turn|6\n|\n|t:|1775947375\n|move|p1a: Tsareena|Helping Hand|p1b: Aerodactyl\n|-singleturn|p1b: Aerodactyl|Helping Hand|[of] p1a: Tsareena\n|move|p1b: Aerodactyl|Rock Slide|p2b: Delphox|[spread] p2a,p2b\n|-supereffective|p2a: Incineroar|1\n|-supereffective|p2b: Delphox|1\n|-crit|p2b: Delphox\n|-damage|p2a: Incineroar|0 fnt\n|-damage|p2b: Delphox|0 fnt\n|faint|p2a: Incineroar\n|faint|p2b: Delphox\n|\n|win|MrTimtendo\n|raw|MrTimtendo's rating: 1139 &rarr; <strong>1165</strong><br />(+26 for winning)\n|raw|sadboi69's rating: 1153 &rarr; <strong>1127</strong><br />(-26 for losing)\n|l|\u2606sadboi69\n|player|p2|\n",
  "uploadtime": 1775947387,
  "views": 13,
  "formatid": "gen9championsvgc2026regma",
  "rating": 1127,
  "private": 0,
  "password": null
}