{
  "id": "gen9championsvgc2026regma-2587958172",
  "format": "[Gen 9 Champions] VGC 2026 Reg M-A",
  "players": [
    "Metroshock",
    "bonobobohemio"
  ],
  "log": "|j|\u2606Metroshock\n|j|\u2606bonobobohemio\n|t:|1776584789\n|gametype|doubles\n|player|p1|Metroshock|miku-fire|1477\n|player|p2|bonobobohemio|blaine|1508\n|gen|9\n|tier|[Gen 9 Champions] VGC 2026 Reg M-A\n|rated|\n|rule|Species Clause: Limit one of each Pok\u00e9mon\n|rule|Item Clause: Limit 1 of each item\n|clearpoke\n|poke|p1|Crabominable, L50, F|\n|poke|p1|Basculegion, L50, M|\n|poke|p1|Sinistcha, L50|\n|poke|p1|Archaludon, L50, F|\n|poke|p1|Pelipper, L50, M|\n|poke|p1|Incineroar, L50, F|\n|poke|p2|Garchomp, L50, M|\n|poke|p2|Tyranitar, L50, F|\n|poke|p2|Meganium, L50, F|\n|poke|p2|Aegislash, L50, F|\n|poke|p2|Farigiraf, L50, M|\n|poke|p2|Milotic, L50, M|\n|teampreview|4\n|inactive|Battle timer is ON: inactive players will automatically lose when time's up. (requested by bonobobohemio)\n|inactive|Metroshock also wants the timer to be on.\n|inactive|Metroshock has 60 seconds left.\n|inactive|bonobobohemio has 60 seconds left.\n|\n|t:|1776584825\n|teamsize|p1|4\n|teamsize|p2|4\n|start\n|switch|p1a: Tee time|Sinistcha, L50|100/100\n|switch|p1b: BIG ROG|Crabominable, L50, F|100/100\n|switch|p2a: Milotic|Milotic, L50, M|100/100\n|switch|p2b: Garchomp|Garchomp, L50, M|100/100\n|turn|1\n|\n|t:|1776584836\n|switch|p2b: Aegislash|Aegislash, L50, F|100/100\n|detailschange|p1b: BIG ROG|Crabominable-Mega, L50, F\n|-mega|p1b: BIG ROG|Crabominable|Crabominite\n|move|p2a: Milotic|Icy Wind|p1b: BIG ROG|[spread] p1a,p1b\n|-supereffective|p1a: Tee time|1\n|-resisted|p1b: BIG ROG|1\n|-damage|p1a: Tee time|80/100\n|-damage|p1b: BIG ROG|96/100\n|-unboost|p1a: Tee time|spe|1\n|-unboost|p1b: BIG ROG|spe|1\n|move|p1b: BIG ROG|Ice Hammer|p2b: Aegislash\n|-resisted|p2b: Aegislash|1\n|-damage|p2b: Aegislash|71/100\n|-unboost|p1b: BIG ROG|spe|1\n|move|p1a: Tee time|Trick Room|p1a: Tee time\n|-fieldstart|move: Trick Room|[of] p1a: Tee time\n|\n|upkeep\n|turn|2\n|\n|t:|1776584857\n|move|p1b: BIG ROG|Drain Punch|p2a: Milotic\n|-damage|p2a: Milotic|54/100\n|-heal|p1b: BIG ROG|100/100|[from] drain|[of] p2a: Milotic\n|move|p1a: Tee time|Matcha Gotcha|p2b: Aegislash|[spread] p2a,p2b\n|-supereffective|p2a: Milotic|1\n|-resisted|p2b: Aegislash|1\n|-damage|p2a: Milotic|17/100\n|-heal|p1a: Tee time|100/100|[from] drain|[of] p2a: Milotic\n|-damage|p2b: Aegislash|61/100\n|-formechange|p2b: Aegislash|Aegislash-Blade|\n|move|p2b: Aegislash|Poltergeist|p1a: Tee time\n|-activate|p1a: Tee time|move: Poltergeist|Colbur Berry\n|-supereffective|p1a: Tee time|1\n|-damage|p1a: Tee time|0 fnt\n|faint|p1a: Tee time\n|move|p2a: Milotic|Scald|p1b: BIG ROG\n|-damage|p1b: BIG ROG|76/100\n|\n|-heal|p2a: Milotic|23/100|[from] item: Leftovers\n|upkeep\n|\n|t:|1776584875\n|switch|p1a: Super Fly|Archaludon, L50, F|100/100\n|turn|3\n|\n|t:|1776584886\n|-formechange|p2b: Aegislash|Aegislash|\n|move|p2b: Aegislash|King's Shield|p2b: Aegislash\n|-singleturn|p2b: Aegislash|Protect\n|move|p2a: Milotic|Protect|p2a: Milotic\n|-singleturn|p2a: Milotic|Protect\n|move|p1b: BIG ROG|Ice Hammer|p2b: Aegislash\n|-activate|p2b: Aegislash|move: Protect\n|-unboost|p1b: BIG ROG|atk|1\n|move|p1a: Super Fly|Electro Shot||[still]\n|-prepare|p1a: Super Fly|Electro Shot\n|-boost|p1a: Super Fly|spa|1\n|\n|-heal|p2a: Milotic|29/100|[from] item: Leftovers\n|upkeep\n|turn|4\n|\n|t:|1776584901\n|switch|p1b: The fish eater|Pelipper, L50, M|100/100\n|-weather|RainDance|[from] ability: Drizzle|[of] p1b: The fish eater\n|-formechange|p2b: Aegislash|Aegislash-Blade|\n|move|p2b: Aegislash|Iron Head|p1b: The fish eater\n|-resisted|p1b: The fish eater|1\n|-crit|p1b: The fish eater\n|-damage|p1b: The fish eater|53/100\n|move|p2a: Milotic|Life Dew|p2a: Milotic|[spread] p2a,p2b\n|-heal|p2a: Milotic|54/100\n|-heal|p2b: Aegislash|86/100\n|move|p1a: Super Fly|Electro Shot|p2a: Milotic|[from] lockedmove\n|-supereffective|p2a: Milotic|1\n|-damage|p2a: Milotic|0 fnt\n|faint|p2a: Milotic\n|\n|-weather|RainDance|[upkeep]\n|upkeep\n|\n|t:|1776584904\n|switch|p2a: Garchomp|Garchomp, L50, M|100/100\n|turn|5\n|\n|t:|1776584917\n|switch|p2b: Tyranitar|Tyranitar, L50, F|100/100\n|-weather|Sandstorm|[from] ability: Sand Stream|[of] p2b: Tyranitar\n|detailschange|p2a: Garchomp|Garchomp-Mega, L50, M\n|-mega|p2a: Garchomp|Garchomp|Garchompite\n|move|p1b: The fish eater|Wide Guard|p1b: The fish eater\n|-singleturn|p1b: The fish eater|Wide Guard\n|move|p1a: Super Fly|Dragon Pulse|p2a: Garchomp\n|-supereffective|p2a: Garchomp|1\n|-damage|p2a: Garchomp|0 fnt\n|faint|p2a: Garchomp\n|\n|-weather|Sandstorm|[upkeep]\n|-damage|p1b: The fish eater|47/100|[from] Sandstorm\n|-fieldend|move: Trick Room\n|upkeep\n|-message|bonobobohemio forfeited.\n|\n|win|Metroshock\n|raw|Metroshock's rating: 1477 &rarr; <strong>1499</strong><br />(+22 for winning)\n|raw|bonobobohemio's rating: 1508 &rarr; <strong>1486</strong><br />(-22 for losing)\n|l|\u2606bonobobohemio\n|player|p2|\n|l|\u2606Metroshock\n|player|p1|\n",
  "uploadtime": 1776585653,
  "views": 20,
  "formatid": "gen9championsvgc2026regma",
  "rating": 1486,
  "private": 0,
  "password": null
}