{
  "id": "gen9championsvgc2026regma-2588539164",
  "format": "[Gen 9 Champions] VGC 2026 Reg M-A",
  "players": [
    "Phonx_Ghost",
    "dirceu da sinuca"
  ],
  "log": "|j|\u2606Phonx_Ghost\n|j|\u2606dirceu da sinuca\n|t:|1776642951\n|gametype|doubles\n|player|p1|Phonx_Ghost|will|1122\n|player|p2|dirceu da sinuca|2|1140\n|gen|9\n|tier|[Gen 9 Champions] VGC 2026 Reg M-A\n|rated|\n|rule|Species Clause: Limit one of each Pok\u00e9mon\n|rule|Item Clause: Limit 1 of each item\n|clearpoke\n|poke|p1|Golurk, L50, shiny|\n|poke|p1|Kingambit, L50, M|\n|poke|p1|Sneasler, L50, M, shiny|\n|poke|p1|Sinistcha-Masterpiece, L50, shiny|\n|poke|p1|Spiritomb, L50, F, shiny|\n|poke|p1|Incineroar, L50, F|\n|poke|p2|Scizor, L50, M|\n|poke|p2|Milotic, L50, F|\n|poke|p2|Incineroar, L50, F|\n|poke|p2|Kommo-o, L50, F|\n|poke|p2|Basculegion, L50, M|\n|poke|p2|Sinistcha, L50|\n|teampreview|4\n|\n|t:|1776642975\n|teamsize|p1|4\n|teamsize|p2|4\n|start\n|switch|p1a: Cynthia v2|Spiritomb, L50, F, shiny|100/100\n|switch|p1b: Gatuno|Incineroar, L50, F|100/100\n|switch|p2a: Sinistcha|Sinistcha, L50|100/100\n|switch|p2b: Milotic|Milotic, L50, F|100/100\n|-ability|p1b: Gatuno|Intimidate|boost\n|-unboost|p2a: Sinistcha|atk|1\n|-unboost|p2b: Milotic|atk|1\n|-ability|p2b: Milotic|Competitive|boost\n|-boost|p2b: Milotic|spa|2\n|turn|1\n|\n|t:|1776643008\n|move|p1b: Gatuno|Fake Out|p2b: Milotic\n|-damage|p2b: Milotic|86/100\n|cant|p2b: Milotic|flinch\n|move|p2a: Sinistcha|Matcha Gotcha|p1a: Cynthia v2|[spread] p1a\n|-miss|p2a: Sinistcha|p1b: Gatuno\n|-damage|p1a: Cynthia v2|69/100\n|move|p1a: Cynthia v2|Trick Room|p1a: Cynthia v2\n|-fieldstart|move: Trick Room|[of] p1a: Cynthia v2\n|\n|-heal|p2b: Milotic|91/100|[from] item: Leftovers\n|upkeep\n|turn|2\n|\n|t:|1776643056\n|move|p1a: Cynthia v2|Snarl|p2b: Milotic|[spread] p2a,p2b\n|-supereffective|p2a: Sinistcha|1\n|-damage|p2a: Sinistcha|67/100\n|-damage|p2b: Milotic|80/100\n|-unboost|p2a: Sinistcha|spa|1\n|-unboost|p2b: Milotic|spa|1\n|-ability|p2b: Milotic|Competitive|boost\n|-boost|p2b: Milotic|spa|2\n|move|p1b: Gatuno|Parting Shot|p2a: Sinistcha\n|-unboost|p2a: Sinistcha|atk|1\n|-unboost|p2a: Sinistcha|spa|1\n|\n|t:|1776643070\n|switch|p1b: Black king|Kingambit, L50, M|100/100|[from] Parting Shot\n|move|p2a: Sinistcha|Matcha Gotcha|p1b: Black king|[spread] p1a\n|-miss|p2a: Sinistcha|p1b: Black king\n|-damage|p1a: Cynthia v2|54/100\n|-heal|p2a: Sinistcha|72/100|[from] drain|[of] p1a: Cynthia v2\n|move|p2b: Milotic|Scald|p1b: Black king\n|-damage|p1b: Black king|23/100\n|-status|p1b: Black king|brn\n|\n|-heal|p2b: Milotic|86/100|[from] item: Leftovers\n|-damage|p1b: Black king|17/100 brn|[from] brn\n|upkeep\n|turn|3\n|\n|t:|1776643114\n|move|p1a: Cynthia v2|Snarl|p2b: Milotic|[spread] p2a,p2b\n|-supereffective|p2a: Sinistcha|1\n|-crit|p2a: Sinistcha\n|-damage|p2a: Sinistcha|17/100\n|-damage|p2b: Milotic|74/100\n|-unboost|p2a: Sinistcha|spa|1\n|-unboost|p2b: Milotic|spa|1\n|-ability|p2b: Milotic|Competitive|boost\n|-boost|p2b: Milotic|spa|2\n|move|p1b: Black king|Kowtow Cleave|p2b: Milotic\n|-damage|p2b: Milotic|46/100\n|-heal|p1b: Black king|20/100 brn|[from] item: Shell Bell|[of] p2b: Milotic\n|move|p2a: Sinistcha|Matcha Gotcha|p1b: Black king|[spread] p1a,p1b\n|-resisted|p1b: Black king|1\n|-damage|p1a: Cynthia v2|42/100\n|-heal|p2a: Sinistcha|22/100|[from] drain|[of] p1a: Cynthia v2\n|-damage|p1b: Black king|16/100 brn\n|-heal|p2a: Sinistcha|25/100|[from] drain|[of] p1b: Black king\n|-enditem|p1a: Cynthia v2|Sitrus Berry|[eat]\n|-heal|p1a: Cynthia v2|67/100|[from] item: Sitrus Berry\n|move|p2b: Milotic|Scald|p1b: Black king\n|-damage|p1b: Black king|0 fnt\n|faint|p1b: Black king\n|-end|p1b: Black king|fallenundefined|[silent]\n|\n|-heal|p2b: Milotic|52/100|[from] item: Leftovers\n|upkeep\n|\n|t:|1776643230\n|switch|p1b: Reginaldo-Prime|Golurk, L50, shiny|100/100\n|turn|4\n|\n|t:|1776643253\n|detailschange|p1b: Reginaldo-Prime|Golurk-Mega, L50, shiny\n|-mega|p1b: Reginaldo-Prime|Golurk|Golurkite\n|move|p1b: Reginaldo-Prime|Protect|p1b: Reginaldo-Prime\n|-singleturn|p1b: Reginaldo-Prime|Protect\n|move|p1a: Cynthia v2|Snarl|p2b: Milotic|[spread] p2a,p2b\n|-supereffective|p2a: Sinistcha|1\n|-damage|p2a: Sinistcha|0 fnt\n|-damage|p2b: Milotic|41/100\n|-unboost|p2b: Milotic|spa|1\n|-ability|p2b: Milotic|Competitive|boost\n|-boost|p2b: Milotic|spa|2\n|faint|p2a: Sinistcha\n|move|p2b: Milotic|Scald|p1b: Reginaldo-Prime\n|-activate|p1b: Reginaldo-Prime|move: Protect\n|\n|-heal|p2b: Milotic|46/100|[from] item: Leftovers\n|upkeep\n|\n|t:|1776643281\n|switch|p2a: Basculegion|Basculegion, L50, M|100/100\n|turn|5\n|\n|t:|1776643287\n|move|p1a: Cynthia v2|Snarl|p2b: Milotic|[spread] p2a,p2b\n|-supereffective|p2a: Basculegion|1\n|-damage|p2a: Basculegion|61/100\n|-damage|p2b: Milotic|36/100\n|-unboost|p2a: Basculegion|spa|1\n|-unboost|p2b: Milotic|spa|1\n|-ability|p2b: Milotic|Competitive|boost\n|-boost|p2b: Milotic|spa|2\n|move|p1b: Reginaldo-Prime|Earthquake|p2a: Basculegion|[spread] p1a,p2a,p2b\n|-damage|p1a: Cynthia v2|13/100\n|-damage|p2a: Basculegion|5/100\n|-damage|p2b: Milotic|0 fnt\n|faint|p2b: Milotic\n|move|p2a: Basculegion|Wave Crash|p1b: Reginaldo-Prime\n|-supereffective|p1b: Reginaldo-Prime|1\n|-damage|p1b: Reginaldo-Prime|0 fnt\n|faint|p1b: Reginaldo-Prime\n|-damage|p2a: Basculegion|0 fnt|[from] Recoil\n|faint|p2a: Basculegion\n|\n|-fieldend|move: Trick Room\n|upkeep\n|\n|t:|1776643304\n|switch|p2b: Incineroar|Incineroar, L50, F|100/100\n|switch|p1b: Gatuno|Incineroar, L50, F|100/100\n|-ability|p1b: Gatuno|Intimidate|boost\n|-unboost|p2b: Incineroar|atk|1\n|-ability|p2b: Incineroar|Intimidate|boost\n|-unboost|p1a: Cynthia v2|atk|1\n|-unboost|p1b: Gatuno|atk|1\n|turn|6\n|\n|t:|1776643317\n|move|p1b: Gatuno|Fake Out|p2b: Incineroar\n|-damage|p2b: Incineroar|92/100\n|cant|p2b: Incineroar|flinch\n|move|p1a: Cynthia v2|Snarl|p2b: Incineroar\n|-resisted|p2b: Incineroar|1\n|-damage|p2b: Incineroar|82/100\n|-unboost|p2b: Incineroar|spa|1\n|\n|upkeep\n|turn|7\n|\n|t:|1776643333\n|move|p1b: Gatuno|Parting Shot|p2b: Incineroar\n|-unboost|p2b: Incineroar|atk|1\n|-unboost|p2b: Incineroar|spa|1\n|move|p2b: Incineroar|Flare Blitz|p1a: Cynthia v2\n|-damage|p1a: Cynthia v2|0 fnt\n|faint|p1a: Cynthia v2\n|-damage|p2b: Incineroar|80/100|[from] Recoil\n|\n|upkeep\n|turn|8\n|\n|t:|1776643343\n|move|p2b: Incineroar|Throat Chop|p1b: Gatuno\n|-resisted|p1b: Gatuno|1\n|-damage|p1b: Gatuno|91/100\n|-start|p1b: Gatuno|Throat Chop|[silent]\n|move|p1b: Gatuno|Acrobatics|p2b: Incineroar\n|-damage|p2b: Incineroar|55/100\n|\n|upkeep\n|turn|9\n|\n|t:|1776643350\n|move|p2b: Incineroar|Parting Shot|p1b: Gatuno\n|-unboost|p1b: Gatuno|atk|1\n|-unboost|p1b: Gatuno|spa|1\n|move|p1b: Gatuno|Acrobatics|p2b: Incineroar\n|-damage|p2b: Incineroar|37/100\n|-enditem|p2b: Incineroar|Sitrus Berry|[eat]\n|-heal|p2b: Incineroar|61/100|[from] item: Sitrus Berry\n|\n|-end|p1b: Gatuno|Throat Chop|[silent]\n|upkeep\n|turn|10\n|\n|t:|1776643407\n|move|p1b: Gatuno|Acrobatics|p2b: Incineroar\n|-damage|p2b: Incineroar|43/100\n|move|p2b: Incineroar|Throat Chop|p1b: Gatuno\n|-resisted|p1b: Gatuno|1\n|-damage|p1b: Gatuno|81/100\n|-start|p1b: Gatuno|Throat Chop|[silent]\n|\n|upkeep\n|turn|11\n|\n|t:|1776643427\n|move|p2b: Incineroar|Throat Chop|p1b: Gatuno\n|-resisted|p1b: Gatuno|1\n|-damage|p1b: Gatuno|72/100\n|move|p1b: Gatuno|Acrobatics|p2b: Incineroar\n|-damage|p2b: Incineroar|26/100\n|\n|-end|p1b: Gatuno|Throat Chop|[silent]\n|upkeep\n|turn|12\n|\n|t:|1776643441\n|move|p2b: Incineroar|Throat Chop|p1b: Gatuno\n|-resisted|p1b: Gatuno|1\n|-damage|p1b: Gatuno|63/100\n|-start|p1b: Gatuno|Throat Chop|[silent]\n|move|p1b: Gatuno|Acrobatics|p2b: Incineroar\n|-damage|p2b: Incineroar|9/100\n|\n|upkeep\n|turn|13\n|\n|t:|1776643470\n|move|p1b: Gatuno|Acrobatics|p2b: Incineroar\n|-damage|p2b: Incineroar|0 fnt\n|faint|p2b: Incineroar\n|\n|win|Phonx_Ghost\n|raw|Phonx_Ghost's rating: 1122 &rarr; <strong>1148</strong><br />(+26 for winning)\n|raw|dirceu da sinuca's rating: 1140 &rarr; <strong>1114</strong><br />(-26 for losing)\n",
  "uploadtime": 1776643477,
  "views": 6,
  "formatid": "gen9championsvgc2026regma",
  "rating": 1114,
  "private": 0,
  "password": null
}