{
  "id": "gen9championsvgc2026regma-2584459993",
  "format": "[Gen 9 Champions] VGC 2026 Reg M-A",
  "players": [
    "Arcato",
    "BabyT5322"
  ],
  "log": "|j|\u2606Arcato\n|j|\u2606BabyT5322\n|t:|1776262366\n|gametype|doubles\n|player|p1|Arcato|266|1128\n|player|p2|BabyT5322|ghetsis-gen5bw|1176\n|gen|9\n|tier|[Gen 9 Champions] VGC 2026 Reg M-A\n|rated|\n|rule|Species Clause: Limit one of each Pok\u00e9mon\n|rule|Item Clause: Limit 1 of each item\n|clearpoke\n|poke|p1|Clawitzer, L50, F|\n|poke|p1|Farigiraf, L50, F|\n|poke|p1|Drampa, L50, F|\n|poke|p1|Incineroar, L50, F|\n|poke|p1|Aegislash, L50, F|\n|poke|p1|Lopunny, L50, M|\n|poke|p2|Excadrill, L50, F|\n|poke|p2|Tyranitar, L50, M|\n|poke|p2|Sinistcha, L50|\n|poke|p2|Rotom-Heat, L50|\n|poke|p2|Gyarados, L50, F|\n|poke|p2|Sneasler, L50, F|\n|teampreview|4\n|inactive|Battle timer is ON: inactive players will automatically lose when time's up. (requested by BabyT5322)\n|c|\u2606Arcato|GLHF\n|c|\u2606BabyT5322|glhf\n|\n|t:|1776262392\n|teamsize|p1|4\n|teamsize|p2|4\n|start\n|switch|p1a: Farigiraf|Farigiraf, L50, F|100/100\n|switch|p1b: Incineroar|Incineroar, L50, F|100/100\n|switch|p2a: Sneasler|Sneasler, L50, F|100/100\n|switch|p2b: Rotom|Rotom-Heat, L50|100/100\n|-ability|p1b: Incineroar|Intimidate|boost\n|-unboost|p2a: Sneasler|atk|1\n|-unboost|p2b: Rotom|atk|1\n|turn|1\n|inactive|Arcato has 30 seconds left.\n|\n|t:|1776262420\n|switch|p2a: Tyranitar|Tyranitar, L50, M|100/100\n|-weather|Sandstorm|[from] ability: Sand Stream|[of] p2a: Tyranitar\n|move|p1b: Incineroar|Fake Out|p2a: Tyranitar\n|-resisted|p2a: Tyranitar|1\n|-damage|p2a: Tyranitar|95/100\n|move|p2b: Rotom|Trick|p1b: Incineroar\n|-activate|p2b: Rotom|move: Trick|[of] p1b: Incineroar\n|-item|p1b: Incineroar|Choice Scarf|[from] move: Trick\n|-item|p2b: Rotom|Chople Berry|[from] move: Trick\n|move|p1a: Farigiraf|Trick Room|p1a: Farigiraf\n|-fieldstart|move: Trick Room|[of] p1a: Farigiraf\n|\n|-weather|Sandstorm|[upkeep]\n|-damage|p1a: Farigiraf|94/100|[from] Sandstorm\n|-damage|p2b: Rotom|95/100|[from] Sandstorm\n|-damage|p1b: Incineroar|94/100|[from] Sandstorm\n|upkeep\n|turn|2\n|\n|t:|1776262442\n|detailschange|p2a: Tyranitar|Tyranitar-Mega, L50, M\n|-mega|p2a: Tyranitar|Tyranitar|Tyranitarite\n|move|p1a: Farigiraf|Psychic|p2b: Rotom\n|-damage|p2b: Rotom|62/100\n|move|p2a: Tyranitar|Knock Off|p1a: Farigiraf\n|-supereffective|p1a: Farigiraf|1\n|-damage|p1a: Farigiraf|0 fnt\n|-enditem|p1a: Farigiraf|Sitrus Berry|[from] move: Knock Off|[of] p2a: Tyranitar\n|faint|p1a: Farigiraf\n|move|p2b: Rotom|Volt Switch|p1b: Incineroar\n|-damage|p1b: Incineroar|67/100\n|\n|t:|1776262455\n|switch|p2b: Sneasler|Sneasler, L50, F|100/100|[from] Volt Switch\n|move|p1b: Incineroar|Parting Shot|p2a: Tyranitar\n|-unboost|p2a: Tyranitar|atk|1\n|-unboost|p2a: Tyranitar|spa|1\n|\n|t:|1776262457\n|switch|p1b: Clawitzer|Clawitzer, L50, F|100/100|[from] Parting Shot\n|\n|-weather|Sandstorm|[upkeep]\n|-damage|p1b: Clawitzer|94/100|[from] Sandstorm\n|-damage|p2b: Sneasler|95/100|[from] Sandstorm\n|upkeep\n|\n|t:|1776262459\n|switch|p1a: Drampa|Drampa, L50, F|100/100\n|turn|3\n|\n|t:|1776262477\n|detailschange|p1a: Drampa|Drampa-Mega, L50, F\n|-mega|p1a: Drampa|Drampa|Drampanite\n|move|p2a: Tyranitar|Protect|p2a: Tyranitar\n|-singleturn|p2a: Tyranitar|Protect\n|move|p1a: Drampa|Draco Meteor|p2b: Sneasler\n|-damage|p2b: Sneasler|0 fnt\n|-unboost|p1a: Drampa|spa|2\n|faint|p2b: Sneasler\n|move|p1b: Clawitzer|Aura Sphere|p2a: Tyranitar\n|-activate|p2a: Tyranitar|move: Protect\n|\n|-weather|Sandstorm|[upkeep]\n|-damage|p1a: Drampa|95/100|[from] Sandstorm\n|-damage|p1b: Clawitzer|88/100|[from] Sandstorm\n|upkeep\n|\n|t:|1776262499\n|switch|p2b: Rotom|Rotom-Heat, L50|62/100\n|turn|4\n|\n|t:|1776262515\n|move|p1b: Clawitzer|Protect|p1b: Clawitzer\n|-singleturn|p1b: Clawitzer|Protect\n|move|p1a: Drampa|Calm Mind|p1a: Drampa\n|-boost|p1a: Drampa|spa|1\n|-boost|p1a: Drampa|spd|1\n|move|p2a: Tyranitar|Knock Off|p1b: Clawitzer\n|-activate|p1b: Clawitzer|move: Protect\n|move|p2b: Rotom|Volt Switch|p1b: Clawitzer\n|-activate|p1b: Clawitzer|move: Protect\n|\n|-weather|Sandstorm|[upkeep]\n|-damage|p1a: Drampa|89/100|[from] Sandstorm\n|-damage|p1b: Clawitzer|82/100|[from] Sandstorm\n|-damage|p2b: Rotom|56/100|[from] Sandstorm\n|upkeep\n|turn|5\n|\n|t:|1776262531\n|move|p2a: Tyranitar|Protect|p2a: Tyranitar\n|-singleturn|p2a: Tyranitar|Protect\n|move|p1a: Drampa|Calm Mind|p1a: Drampa\n|-boost|p1a: Drampa|spa|1\n|-boost|p1a: Drampa|spd|1\n|move|p1b: Clawitzer|Muddy Water|p2a: Tyranitar|[spread] p2b\n|-activate|p2a: Tyranitar|move: Protect\n|-supereffective|p2b: Rotom|1\n|-damage|p2b: Rotom|0 fnt\n|faint|p2b: Rotom\n|\n|-weather|none\n|-fieldend|move: Trick Room\n|upkeep\n|\n|t:|1776262542\n|switch|p2b: Excadrill|Excadrill, L50, F|100/100\n|turn|6\n|\n|t:|1776262564\n|switch|p1b: Incineroar|Incineroar, L50, F|67/100\n|-ability|p1b: Incineroar|Intimidate|boost\n|-unboost|p2a: Tyranitar|atk|1\n|-unboost|p2b: Excadrill|atk|1\n|move|p2b: Excadrill|High Horsepower|p1a: Drampa\n|-damage|p1a: Drampa|54/100\n|move|p2a: Tyranitar|Knock Off|p1a: Drampa\n|-damage|p1a: Drampa|33/100\n|-ability|p1a: Drampa|Berserk|boost\n|-boost|p1a: Drampa|spa|1\n|move|p1a: Drampa|Draco Meteor|p2a: Tyranitar\n|-damage|p2a: Tyranitar|5/100\n|-unboost|p1a: Drampa|spa|2\n|\n|upkeep\n|turn|7\n|c|\u2606BabyT5322|ggwp\n|inactive|Arcato has 30 seconds left.\n|\n|t:|1776262592\n|switch|p1a: Clawitzer|Clawitzer, L50, F|82/100\n|move|p1b: Incineroar|Fake Out|p2b: Excadrill\n|-resisted|p2b: Excadrill|1\n|-damage|p2b: Excadrill|90/100\n|cant|p2b: Excadrill|flinch\n|move|p2a: Tyranitar|Knock Off|p1a: Clawitzer\n|-damage|p1a: Clawitzer|42/100\n|-enditem|p1a: Clawitzer|Mystic Water|[from] move: Knock Off|[of] p2a: Tyranitar\n|\n|upkeep\n|turn|8\n|inactive|Arcato has 30 seconds left.\n|inactive|Arcato has 20 seconds left.\n|\n|t:|1776262627\n|switch|p1b: Drampa|Drampa-Mega, L50, F|33/100\n|move|p2a: Tyranitar|Protect|p2a: Tyranitar\n|-singleturn|p2a: Tyranitar|Protect\n|move|p1a: Clawitzer|Protect|p1a: Clawitzer\n|-singleturn|p1a: Clawitzer|Protect\n|move|p2b: Excadrill|High Horsepower|p1b: Drampa\n|-damage|p1b: Drampa|2/100\n|\n|upkeep\n|turn|9\n|\n|t:|1776262642\n|move|p2b: Excadrill|Rock Slide|p1a: Clawitzer|[spread] p1b\n|-miss|p2b: Excadrill|p1a: Clawitzer\n|-damage|p1b: Drampa|0 fnt\n|faint|p1b: Drampa\n|move|p2a: Tyranitar|Rock Slide|p1a: Clawitzer\n|-damage|p1a: Clawitzer|9/100\n|cant|p1a: Clawitzer|flinch\n|\n|upkeep\n|\n|t:|1776262648\n|switch|p1b: Incineroar|Incineroar, L50, F|67/100\n|-ability|p1b: Incineroar|Intimidate|boost\n|-unboost|p2a: Tyranitar|atk|1\n|-unboost|p2b: Excadrill|atk|1\n|turn|10\n|c|\u2606BabyT5322|FLINCHHHHHH\n|\n|t:|1776262661\n|move|p1a: Clawitzer|Protect|p1a: Clawitzer\n|-singleturn|p1a: Clawitzer|Protect\n|move|p2b: Excadrill|Rock Slide|p1a: Clawitzer|[spread] p1b\n|-activate|p1a: Clawitzer|move: Protect\n|-supereffective|p1b: Incineroar|1\n|-damage|p1b: Incineroar|47/100\n|move|p1b: Incineroar|Flare Blitz|p2a: Tyranitar\n|-resisted|p2a: Tyranitar|1\n|-damage|p2a: Tyranitar|0 fnt\n|faint|p2a: Tyranitar\n|-damage|p1b: Incineroar|45/100|[from] Recoil\n|\n|upkeep\n|turn|11\n|c|\u2606BabyT5322|my only win con lol\n|\n|t:|1776262676\n|move|p2b: Excadrill|Rock Slide|p1b: Incineroar|[spread] p1a,p1b\n|-supereffective|p1b: Incineroar|1\n|-damage|p1a: Clawitzer|0 fnt\n|-damage|p1b: Incineroar|24/100\n|faint|p1a: Clawitzer\n|move|p1b: Incineroar|Flare Blitz|p2b: Excadrill\n|-supereffective|p2b: Excadrill|1\n|-damage|p2b: Excadrill|0 fnt\n|faint|p2b: Excadrill\n|-damage|p1b: Incineroar|0 fnt|[from] Recoil\n|faint|p1b: Incineroar\n|\n|win|Arcato\n|raw|Arcato's rating: 1128 &rarr; <strong>1156</strong><br />(+28 for winning)\n|raw|BabyT5322's rating: 1176 &rarr; <strong>1148</strong><br />(-28 for losing)\n|c|\u2606Arcato|Ikr lol\n|c|\u2606BabyT5322|gg\n|c|\u2606Arcato|Gg\n|c|\u2606Arcato|Almost threw lol\n|c|\u2606BabyT5322|lol i shoulda brought gyrados\n|c|\u2606Arcato|Yeah that would\u2019ve helped\n|c|\u2606Arcato|ggwp\n",
  "uploadtime": 1776262710,
  "views": 23,
  "formatid": "gen9championsvgc2026regma",
  "rating": 1148,
  "private": 0,
  "password": null
}