{
  "id": "gen9championsvgc2026regma-2580688422",
  "format": "[Gen 9 Champions] VGC 2026 Reg M-A",
  "players": [
    "Coldold",
    "KUTF1"
  ],
  "log": "|j|\u2606Coldold\n|j|\u2606KUTF1\n|t:|1775924396\n|gametype|doubles\n|player|p1|Coldold|266|1132\n|player|p2|KUTF1|pokemonrangerf|1081\n|gen|9\n|tier|[Gen 9 Champions] VGC 2026 Reg M-A\n|rated|\n|rule|Species Clause: Limit one of each Pok\u00e9mon\n|rule|Item Clause: Limit 1 of each item\n|clearpoke\n|poke|p1|Incineroar, L50, M|\n|poke|p1|Tyranitar, L50, M|\n|poke|p1|Excadrill, L50, M|\n|poke|p1|Sneasler, L50, M|\n|poke|p1|Garchomp, L50, M|\n|poke|p1|Rotom-Wash, L50|\n|poke|p2|Charizard, L50, F|\n|poke|p2|Venusaur, L50, F|\n|poke|p2|Garchomp, L50, M|\n|poke|p2|Rotom-Heat, L50|\n|poke|p2|Sneasler, L50, M|\n|poke|p2|Incineroar, L50, F|\n|teampreview|4\n|inactive|Battle timer is ON: inactive players will automatically lose when time's up. (requested by KUTF1)\nColdold has agreed to open team sheets.\nKUTF1 rejected open team sheets.\n|inactive|Coldold has 60 seconds left.\n|\n|t:|1775924454\n|teamsize|p1|4\n|teamsize|p2|4\n|start\n|switch|p1a: Sneasler|Sneasler, L50, M|100/100\n|switch|p1b: Rotom|Rotom-Wash, L50|100/100\n|switch|p2a: Charizard|Charizard, L50, F|100/100\n|switch|p2b: Sneasler|Sneasler, L50, M|100/100\n|turn|1\n|inactive|Coldold has 30 seconds left.\n|\n|t:|1775924485\n|detailschange|p2a: Charizard|Charizard-Mega-Y, L50, F\n|-mega|p2a: Charizard|Charizard|Charizardite Y\n|-weather|SunnyDay|[from] ability: Drought|[of] p2a: Charizard\n|move|p2b: Sneasler|Fake Out|p1b: Rotom\n|-damage|p1b: Rotom|85/100\n|move|p1a: Sneasler|Fake Out|p2a: Charizard\n|-damage|p2a: Charizard|80/100\n|cant|p2a: Charizard|flinch\n|cant|p1b: Rotom|flinch\n|\n|-weather|SunnyDay|[upkeep]\n|-heal|p1b: Rotom|91/100|[from] item: Leftovers\n|upkeep\n|turn|2\n|inactive|Coldold has 30 seconds left.\n|inactive|KUTF1 has 30 seconds left.\n|inactive|Coldold has 20 seconds left.\n|\n|t:|1775924521\n|move|p1a: Sneasler|Dire Claw|p2a: Charizard\n|-damage|p2a: Charizard|20/100\n|-status|p2a: Charizard|psn\n|move|p2b: Sneasler|Close Combat|p1b: Rotom\n|-damage|p1b: Rotom|22/100\n|-unboost|p2b: Sneasler|def|1\n|-unboost|p2b: Sneasler|spd|1\n|-enditem|p2b: Sneasler|White Herb\n|-clearnegativeboost|p2b: Sneasler|[silent]\n|move|p2a: Charizard|Heat Wave|p1b: Rotom|[spread] p1a,p1b\n|-resisted|p1b: Rotom|1\n|-damage|p1a: Sneasler|18/100\n|-damage|p1b: Rotom|0 fnt\n|faint|p1b: Rotom\n|\n|-weather|SunnyDay|[upkeep]\n|-damage|p2a: Charizard|8/100 psn|[from] psn\n|upkeep\n|inactive|Coldold has 30 seconds left.\n|\n|t:|1775924552\n|switch|p1b: Excadrill|Excadrill, L50, M|100/100\n|turn|3\n|inactive|Coldold has 30 seconds left.\n|\n|t:|1775924585\n|switch|p1a: Tyranitar|Tyranitar, L50, M|100/100\n|-weather|Sandstorm|[from] ability: Sand Stream|[of] p1a: Tyranitar\n|switch|p2a: Garchomp|Garchomp, L50, M|100/100\n|move|p2b: Sneasler|Close Combat|p1b: Excadrill\n|-supereffective|p1b: Excadrill|1\n|-enditem|p1b: Excadrill|Focus Sash\n|-damage|p1b: Excadrill|1/100\n|-unboost|p2b: Sneasler|def|1\n|-unboost|p2b: Sneasler|spd|1\n|move|p1b: Excadrill|High Horsepower|p2b: Sneasler\n|-supereffective|p2b: Sneasler|1\n|-damage|p2b: Sneasler|0 fnt\n|faint|p2b: Sneasler\n|\n|-weather|Sandstorm|[upkeep]\n|upkeep\n|\n|t:|1775924598\n|switch|p2b: Charizard|Charizard-Mega-Y, L50, F|8/100 psn\n|-weather|SunnyDay|[from] ability: Drought|[of] p2b: Charizard\n|turn|4\n|\n|t:|1775924618\n|switch|p2b: Venusaur|Venusaur, L50, F|100/100\n|detailschange|p1a: Tyranitar|Tyranitar-Mega, L50, M\n|-mega|p1a: Tyranitar|Tyranitar|Tyranitarite\n|-weather|Sandstorm|[from] ability: Sand Stream|[of] p1a: Tyranitar\n|move|p1b: Excadrill|Protect|p1b: Excadrill\n|-singleturn|p1b: Excadrill|Protect\n|move|p1a: Tyranitar|Protect|p1a: Tyranitar\n|-singleturn|p1a: Tyranitar|Protect\n|move|p2a: Garchomp|Earthquake|p1a: Tyranitar|[spread] p2b\n|-activate|p1a: Tyranitar|move: Protect\n|-activate|p1b: Excadrill|move: Protect\n|-damage|p2b: Venusaur|46/100\n|\n|-weather|Sandstorm|[upkeep]\n|-damage|p2b: Venusaur|40/100|[from] Sandstorm\n|upkeep\n|turn|5\n|\n|t:|1775924639\n|switch|p2b: Charizard|Charizard-Mega-Y, L50, F|8/100 psn\n|-weather|SunnyDay|[from] ability: Drought|[of] p2b: Charizard\n|switch|p1a: Sneasler|Sneasler, L50, M|18/100\n|move|p2a: Garchomp|Earthquake|p1b: Excadrill|[spread] p1a,p1b\n|-immune|p2b: Charizard\n|-supereffective|p1a: Sneasler|1\n|-supereffective|p1b: Excadrill|1\n|-damage|p1a: Sneasler|0 fnt\n|-damage|p1b: Excadrill|0 fnt\n|faint|p1a: Sneasler\n|faint|p1b: Excadrill\n|\n|-weather|SunnyDay|[upkeep]\n|-damage|p2b: Charizard|0 fnt|[from] psn\n|faint|p2b: Charizard\n|upkeep\n|-message|Coldold forfeited.\n|\n|win|KUTF1\n|raw|Coldold's rating: 1132 &rarr; <strong>1103</strong><br />(-29 for losing)\n|raw|KUTF1's rating: 1081 &rarr; <strong>1113</strong><br />(+32 for winning)\n|l|\u2606Coldold\n|player|p1|\n",
  "uploadtime": 1775924647,
  "views": 15,
  "formatid": "gen9championsvgc2026regma",
  "rating": 1103,
  "private": 0,
  "password": null
}