{
  "id": "gen9championsvgc2026regma-2582952296",
  "format": "[Gen 9 Champions] VGC 2026 Reg M-A",
  "players": [
    "Jejejejejefff902",
    "Yoshiforlife"
  ],
  "log": "|j|\u2606Jejejejejefff902\n|j|\u2606Yoshiforlife\n|t:|1776127925\n|gametype|doubles\n|player|p1|Jejejejejefff902|266|1000\n|player|p2|Yoshiforlife|2|1068\n|gen|9\n|tier|[Gen 9 Champions] VGC 2026 Reg M-A\n|rated|\n|rule|Species Clause: Limit one of each Pok\u00e9mon\n|rule|Item Clause: Limit 1 of each item\n|clearpoke\n|poke|p1|Gengar, L50, F|\n|poke|p1|Incineroar, L50, F|\n|poke|p1|Sneasler, L50, F|\n|poke|p1|Garganacl, L50, F|\n|poke|p1|Aerodactyl, L50, F|\n|poke|p1|Aggron, L50, F|\n|poke|p2|Charizard, L50, F|\n|poke|p2|Venusaur, L50, F|\n|poke|p2|Whimsicott, L50, F|\n|poke|p2|Milotic, L50, F|\n|poke|p2|Sneasler, L50, M|\n|poke|p2|Archaludon, L50, F|\n|teampreview|4\n|inactive|Battle timer is ON: inactive players will automatically lose when time's up. (requested by Yoshiforlife)\n|\n|t:|1776127951\n|teamsize|p1|4\n|teamsize|p2|4\n|start\n|switch|p1a: Gengar|Gengar, L50, F|100/100\n|switch|p1b: Incineroar|Incineroar, L50, F|100/100\n|switch|p2a: Milotic|Milotic, L50, F, shiny|100/100\n|switch|p2b: Whimsicott|Whimsicott, L50, F|100/100\n|-ability|p1b: Incineroar|Intimidate|boost\n|-unboost|p2a: Milotic|atk|1\n|-ability|p2a: Milotic|Competitive|boost\n|-boost|p2a: Milotic|spa|2\n|-unboost|p2b: Whimsicott|atk|1\n|turn|1\n|\n|t:|1776127970\n|detailschange|p1a: Gengar|Gengar-Mega, L50, F\n|-mega|p1a: Gengar|Gengar|Gengarite\n|move|p2a: Milotic|Protect|p2a: Milotic\n|-singleturn|p2a: Milotic|Protect\n|move|p1b: Incineroar|Fake Out|p2a: Milotic\n|-activate|p2a: Milotic|move: Protect\n|move|p1a: Gengar|Perish Song|p1a: Gengar\n|-start|p1a: Gengar|perish3|[silent]\n|-start|p1b: Incineroar|perish3|[silent]\n|-start|p2a: Milotic|perish3|[silent]\n|-start|p2b: Whimsicott|perish3|[silent]\n|-fieldactivate|move: Perish Song\n|move|p2b: Whimsicott|Moonblast|p1a: Gengar\n|-resisted|p1a: Gengar|1\n|-damage|p1a: Gengar|75/100\n|\n|-start|p1a: Gengar|perish3\n|-start|p2b: Whimsicott|perish3\n|-start|p1b: Incineroar|perish3\n|-start|p2a: Milotic|perish3\n|upkeep\n|turn|2\n|inactive|Jejejejejefff902 has 30 seconds left.\n|inactive|Yoshiforlife has 30 seconds left.\n|\n|t:|1776127999\n|move|p1a: Gengar|Protect|p1a: Gengar\n|-singleturn|p1a: Gengar|Protect\n|move|p2b: Whimsicott|Encore|p1a: Gengar\n|-activate|p1a: Gengar|move: Protect\n|move|p1b: Incineroar|Flare Blitz|p2b: Whimsicott\n|-supereffective|p2b: Whimsicott|1\n|-enditem|p2b: Whimsicott|Focus Sash\n|-damage|p2b: Whimsicott|1/100\n|-damage|p1b: Incineroar|74/100|[from] Recoil\n|move|p2a: Milotic|Scald|p1b: Incineroar\n|-supereffective|p1b: Incineroar|1\n|-damage|p1b: Incineroar|0 fnt\n|faint|p1b: Incineroar\n|\n|-start|p1a: Gengar|perish2\n|-start|p2b: Whimsicott|perish2\n|-start|p2a: Milotic|perish2\n|upkeep\n|\n|t:|1776128022\n|switch|p1b: Sneasler|Sneasler, L50, F|100/100\n|-ability|p1b: Sneasler|Pressure\n|turn|3\n|\n|t:|1776128041\n|switch|p1a: Aerodactyl|Aerodactyl, L50, F|100/100\n|move|p1b: Sneasler|Protect|p1b: Sneasler\n|-singleturn|p1b: Sneasler|Protect\n|move|p2b: Whimsicott|Endeavor|p1a: Aerodactyl\n|-damage|p1a: Aerodactyl|1/100\n|move|p2a: Milotic|Icy Wind|p1b: Sneasler|[spread] p1a\n|-activate|p1b: Sneasler|move: Protect\n|-supereffective|p1a: Aerodactyl|1\n|-damage|p1a: Aerodactyl|0 fnt\n|faint|p1a: Aerodactyl\n|\n|-start|p2b: Whimsicott|perish1\n|-start|p2a: Milotic|perish1\n|upkeep\n|\n|t:|1776128056\n|switch|p1a: Gengar|Gengar-Mega, L50, F|75/100\n|turn|4\n|\n|t:|1776128067\n|move|p1a: Gengar|Protect|p1a: Gengar\n|-singleturn|p1a: Gengar|Protect\n|move|p1b: Sneasler|Dire Claw|p2a: Milotic\n|-damage|p2a: Milotic|59/100\n|-status|p2a: Milotic|par\n|move|p2b: Whimsicott|Endeavor|p1b: Sneasler\n|-damage|p1b: Sneasler|1/100\n|move|p2a: Milotic|Icy Wind|p1b: Sneasler|[spread] p1b\n|-activate|p1a: Gengar|move: Protect\n|-damage|p1b: Sneasler|0 fnt\n|faint|p1b: Sneasler\n|\n|-heal|p2a: Milotic|65/100 par|[from] item: Leftovers\n|-start|p2b: Whimsicott|perish0\n|-start|p2a: Milotic|perish0\n|faint|p2b: Whimsicott\n|faint|p2a: Milotic\n|upkeep\n|inactive|Yoshiforlife has 30 seconds left.\n|\n|t:|1776128093\n|switch|p2b: Charizard|Charizard, L50, F|100/100\n|switch|p2a: Sneasler|Sneasler, L50, M|100/100\n|turn|5\n|\n|t:|1776128112\n|detailschange|p2b: Charizard|Charizard-Mega-X, L50, F\n|-mega|p2b: Charizard|Charizard|Charizardite X\n|move|p1a: Gengar|Dark Pulse|p2b: Charizard\n|-damage|p2b: Charizard|68/100\n|move|p2a: Sneasler|Coaching|p2b: Charizard\n|-boost|p2b: Charizard|atk|1\n|-boost|p2b: Charizard|def|1\n|move|p2b: Charizard|Dragon Dance|p2b: Charizard\n|-boost|p2b: Charizard|atk|1\n|-boost|p2b: Charizard|spe|1\n|\n|upkeep\n|turn|6\n|\n|t:|1776128128\n|move|p2b: Charizard|Dragon Claw|p1a: Gengar\n|-damage|p1a: Gengar|0 fnt\n|faint|p1a: Gengar\n|\n|win|Yoshiforlife\n|raw|Jejejejejefff902's rating: 1000 &rarr; <strong>1000</strong><br />(+0 for losing)\n|raw|Yoshiforlife's rating: 1068 &rarr; <strong>1092</strong><br />(+24 for winning)\n|l|\u2606Jejejejejefff902\n|player|p1|\n",
  "uploadtime": 1776128134,
  "views": 19,
  "formatid": "gen9championsvgc2026regma",
  "rating": 1000,
  "private": 0,
  "password": null
}