{
  "id": "gen9championsvgc2026regma-2585885496",
  "format": "[Gen 9 Champions] VGC 2026 Reg M-A",
  "players": [
    "Gigithegyarados",
    "defnotice"
  ],
  "log": "|j|\u2606Gigithegyarados\n|j|\u2606defnotice\n|t:|1776378386\n|gametype|doubles\n|player|p1|Gigithegyarados|266|\n|player|p2|defnotice|lass-gen4|\n|gen|9\n|tier|[Gen 9 Champions] VGC 2026 Reg M-A\n|rated|Tournament battle\n|rule|Species Clause: Limit one of each Pok\u00e9mon\n|rule|Item Clause: Limit 1 of each item\n|raw|<div class=\"infobox\"><details class=\"readmore\" open><summary><strong>1 custom rule:</strong></summary> Force Open Team Sheets</details></div>\n|clearpoke\n|poke|p1|Gengar, L50, M|\n|poke|p1|Palafin, L50, F|\n|poke|p1|Politoed, L50, M|\n|poke|p1|Archaludon, L50, M|\n|poke|p1|Incineroar, L50, M|\n|poke|p1|Sinistcha-Masterpiece, L50|\n|poke|p2|Gengar, L50, F|\n|poke|p2|Infernape, L50, M|\n|poke|p2|Floette-Eternal, L50, F|\n|poke|p2|Meowscarada, L50, M|\n|poke|p2|Dragapult, L50, M|\n|poke|p2|Samurott-Hisui, L50, M|\n|teampreview|4\n|showteam|p1|Gengar||Gengarite|CursedBody|Protect,PerishSong,Substitute,ShadowBall|||M|||50|]Palafin||MysticWater|ZerotoHero|WaveCrash,Protect,CloseCombat,JetPunch|||F|||50|]Politoed||Leftovers|Drizzle|PerishSong,Protect,WeatherBall,Encore|||M|||50|]Archaludon||Magnet|Sturdy|Protect,ElectroShot,FlashCannon,DragonPulse|||M|||50|]Incineroar||ShucaBerry|Intimidate|PartingShot,FakeOut,Protect,ThroatChop|||M|||50|]Sinistcha-Masterpiece||SitrusBerry|Hospitality|Protect,RagePowder,LifeDew,MatchaGotcha||||||50|\n|showteam|p2|Gengar||Gengarite|CursedBody|Psychic,SludgeWave,ShadowBall,DazzlingGleam|||F|||50|]Infernape||WhiteHerb|IronFist|FakeOut,FirePunch,DrainPunch,SwordsDance|||M|||50|]Floette-Eternal||Floettite|FlowerVeil|Psychic,EnergyBall,Moonblast,Protect|||F|||50|]Meowscarada||OccaBerry|Protean|FlowerTrick,KnockOff,SuckerPunch,BrickBreak|||M|||50|]Dragapult||SitrusBerry|Infiltrator|DragonDarts,DragonDance,PhantomForce,ThunderWave|||M|||50|]Samurott-Hisui||ChoiceScarf|Sharpness|AquaCutter,CeaselessEdge,XScissor,SmartStrike|||M|||50|\n|c|\u2606Gigithegyarados|glhf\n|j| Xmann0025\n|c|\u2606defnotice|Gl\n|j| Rolling Stonedge\n|l| Rolling Stonedge\n|\n|t:|1776378444\n|teamsize|p1|4\n|teamsize|p2|4\n|start\n|switch|p1a: Gengar|Gengar, L50, M, shiny|100/100\n|switch|p1b: Politoed|Politoed, L50, M|100/100\n|switch|p2a: Gengar|Gengar, L50, F, shiny|100/100\n|switch|p2b: Meowscarada|Meowscarada, L50, M|100/100\n|-weather|RainDance|[from] ability: Drizzle|[of] p1b: Politoed\n|turn|1\n|\n|t:|1776378463\n|detailschange|p2a: Gengar|Gengar-Mega, L50, F, shiny\n|-mega|p2a: Gengar|Gengar|Gengarite\n|detailschange|p1a: Gengar|Gengar-Mega, L50, M, shiny\n|-mega|p1a: Gengar|Gengar|Gengarite\n|move|p2a: Gengar|Shadow Ball|p1a: Gengar\n|-supereffective|p1a: Gengar|1\n|-damage|p1a: Gengar|0 fnt\n|faint|p1a: Gengar\n|move|p2b: Meowscarada|Flower Trick|p1b: Politoed\n|-start|p2b: Meowscarada|typechange|Grass|[from] ability: Protean\n|-supereffective|p1b: Politoed|1\n|-crit|p1b: Politoed\n|-damage|p1b: Politoed|0 fnt\n|faint|p1b: Politoed\n|\n|-weather|RainDance|[upkeep]\n|upkeep\n|\n|t:|1776378472\n|switch|p1a: Archaludon|Archaludon, L50, M|100/100\n|switch|p1b: Incineroar|Incineroar, L50, M|100/100\n|-ability|p1b: Incineroar|Intimidate|boost\n|-unboost|p2a: Gengar|atk|1\n|-unboost|p2b: Meowscarada|atk|1\n|turn|2\n|\n|t:|1776378503\n|switch|p2b: Infernape|Infernape, L50, M|100/100\n|move|p1b: Incineroar|Fake Out|p2b: Infernape\n|-damage|p2b: Infernape|83/100\n|move|p2a: Gengar|Dazzling Gleam|p1b: Incineroar|[spread] p1a,p1b\n|-damage|p1a: Archaludon|61/100\n|-damage|p1b: Incineroar|81/100\n|move|p1a: Archaludon|Electro Shot||[still]\n|-prepare|p1a: Archaludon|Electro Shot\n|-boost|p1a: Archaludon|spa|1\n|-anim|p1a: Archaludon|Electro Shot|p2a: Gengar\n|-damage|p2a: Gengar|0 fnt\n|faint|p2a: Gengar\n|\n|-weather|RainDance|[upkeep]\n|upkeep\n|\n|t:|1776378520\n|switch|p2a: Meowscarada|Meowscarada, L50, M|100/100\n|turn|3\n|\n|t:|1776378536\n|move|p1a: Archaludon|Protect|p1a: Archaludon\n|-singleturn|p1a: Archaludon|Protect\n|move|p2a: Meowscarada|Brick Break|p1b: Incineroar\n|-start|p2a: Meowscarada|typechange|Fighting|[from] ability: Protean\n|-supereffective|p1b: Incineroar|1\n|-damage|p1b: Incineroar|17/100\n|move|p2b: Infernape|Drain Punch|p1a: Archaludon\n|-activate|p1a: Archaludon|move: Protect\n|move|p1b: Incineroar|Parting Shot|p2b: Infernape\n|-unboost|p2b: Infernape|atk|1\n|-unboost|p2b: Infernape|spa|1\n|-enditem|p2b: Infernape|White Herb\n|-clearnegativeboost|p2b: Infernape|[silent]\n|\n|-weather|RainDance|[upkeep]\n|upkeep\n|turn|4\n|\n|t:|1776378560\n|move|p1b: Incineroar|Protect|p1b: Incineroar\n|-singleturn|p1b: Incineroar|Protect\n|move|p2a: Meowscarada|Brick Break|p1b: Incineroar\n|-activate|p1b: Incineroar|move: Protect\n|move|p2b: Infernape|Drain Punch|p1a: Archaludon\n|-supereffective|p1a: Archaludon|1\n|-crit|p1a: Archaludon\n|-damage|p1a: Archaludon|0 fnt\n|-heal|p2b: Infernape|100/100|[from] drain|[of] p1a: Archaludon\n|faint|p1a: Archaludon\n|\n|-weather|RainDance|[upkeep]\n|upkeep\n|turn|5\n|\n|t:|1776378573\n|move|p2a: Meowscarada|Brick Break|p1b: Incineroar\n|-supereffective|p1b: Incineroar|1\n|-damage|p1b: Incineroar|0 fnt\n|faint|p1b: Incineroar\n|\n|win|defnotice\n|n|\u2606Gigithegyarados|gigithegyarados\n|n|\u2606defnotice|defnotice\n|n| Xmann0025|xmann0025\n|l|\u2606Gigithegyarados\n|player|p1|\n|c|\u2606defnotice|Gg\n|l| Xmann0025\n",
  "uploadtime": 1776378642,
  "views": 16,
  "formatid": "gen9championsvgc2026regma",
  "rating": null,
  "private": 0,
  "password": null
}