{
  "id": "gen9championsvgc2026regma-2586900471",
  "format": "[Gen 9 Champions] VGC 2026 Reg M-A",
  "players": [
    "Glengal",
    "cqkes"
  ],
  "log": "|j|\u203dGlengal\n|j|\u2606cqkes\n|t:|1776469962\n|gametype|doubles\n|player|p1|Glengal|ghetsis|1101\n|player|p2|cqkes|266|1023\n|gen|9\n|tier|[Gen 9 Champions] VGC 2026 Reg M-A\n|rated|\n|rule|Species Clause: Limit one of each Pok\u00e9mon\n|rule|Item Clause: Limit 1 of each item\n|clearpoke\n|poke|p1|Politoed, L50, M|\n|poke|p1|Drampa, L50, F|\n|poke|p1|Sinistcha-Masterpiece, L50|\n|poke|p1|Blastoise, L50, F|\n|poke|p1|Archaludon, L50, F|\n|poke|p1|Scizor, L50, F|\n|poke|p2|Kingambit, L50, F|\n|poke|p2|Sneasler, L50, F|\n|poke|p2|Charizard, L50, M|\n|poke|p2|Venusaur, L50, F|\n|poke|p2|Garchomp, L50, M|\n|poke|p2|Primarina, L50, F|\n|teampreview|4\n|inactive|Battle timer is ON: inactive players will automatically lose when time's up. (requested by Glengal)\n|\n|t:|1776469991\n|teamsize|p1|4\n|teamsize|p2|4\n|start\n|switch|p1a: Blastoise|Blastoise, L50, F|100/100\n|switch|p1b: Sinistcha|Sinistcha-Masterpiece, L50|100/100\n|switch|p2a: Charizard|Charizard, L50, M|100/100\n|switch|p2b: Sneasler|Sneasler, L50, F|100/100\n|turn|1\n|inactive|Glengal has 30 seconds left.\n|inactive|Glengal has 20 seconds left.\n|inactive|Glengal has 15 seconds left.\n|inactive|Glengal has 10 seconds left.\n|inactive|Glengal has 5 seconds left.\n|\n|t:|1776470041\n|move|p2a: Charizard|Protect|p2a: Charizard\n|-singleturn|p2a: Charizard|Protect\n|move|p1a: Blastoise|Protect|p1a: Blastoise\n|-singleturn|p1a: Blastoise|Protect\n|move|p1b: Sinistcha|Protect|p1b: Sinistcha\n|-singleturn|p1b: Sinistcha|Protect\n|move|p2b: Sneasler|Dire Claw|p1b: Sinistcha\n|-activate|p1b: Sinistcha|move: Protect\n|\n|upkeep\n|turn|2\n|inactive|Glengal has 30 seconds left.\n|\n|t:|1776470072\n|switch|p2a: Garchomp|Garchomp, L50, M|100/100\n|move|p1b: Sinistcha|Rage Powder|p1b: Sinistcha\n|-singleturn|p1b: Sinistcha|move: Rage Powder\n|move|p2b: Sneasler|Dire Claw|p1b: Sinistcha\n|-damage|p1b: Sinistcha|71/100\n|move|p1a: Blastoise|Shell Smash|p1a: Blastoise\n|-unboost|p1a: Blastoise|def|1\n|-unboost|p1a: Blastoise|spd|1\n|-boost|p1a: Blastoise|atk|2\n|-boost|p1a: Blastoise|spa|2\n|-boost|p1a: Blastoise|spe|2\n|-enditem|p1a: Blastoise|White Herb\n|-clearnegativeboost|p1a: Blastoise|[silent]\n|\n|upkeep\n|turn|3\n|\n|t:|1776470089\n|move|p1b: Sinistcha|Rage Powder|p1b: Sinistcha\n|-singleturn|p1b: Sinistcha|move: Rage Powder\n|move|p1a: Blastoise|Water Spout|p2a: Garchomp|[spread] p2a,p2b\n|-damage|p2a: Garchomp|3/100\n|-enditem|p2b: Sneasler|Focus Sash\n|-damage|p2b: Sneasler|1/100\n|move|p2b: Sneasler|Dire Claw|p1b: Sinistcha\n|-damage|p1b: Sinistcha|39/100\n|-status|p1b: Sinistcha|par\n|-enditem|p1b: Sinistcha|Sitrus Berry|[eat]\n|-heal|p1b: Sinistcha|63/100 par|[from] item: Sitrus Berry\n|move|p2a: Garchomp|Dragon Claw|p1b: Sinistcha\n|-damage|p1b: Sinistcha|36/100 par\n|\n|upkeep\n|turn|4\n|inactive|Glengal has 30 seconds left.\n|\n|t:|1776470122\n|move|p2b: Sneasler|Protect|p2b: Sneasler\n|-singleturn|p2b: Sneasler|Protect\n|move|p1b: Sinistcha|Rage Powder|p1b: Sinistcha\n|-singleturn|p1b: Sinistcha|move: Rage Powder\n|move|p1a: Blastoise|Water Spout|p2b: Sneasler|[spread] p2a\n|-activate|p2b: Sneasler|move: Protect\n|-damage|p2a: Garchomp|0 fnt\n|faint|p2a: Garchomp\n|\n|upkeep\n|\n|t:|1776470127\n|switch|p2a: Charizard|Charizard, L50, M|100/100\n|turn|5\n|\n|t:|1776470139\n|detailschange|p2a: Charizard|Charizard-Mega-Y, L50, M\n|-mega|p2a: Charizard|Charizard|Charizardite Y\n|-weather|SunnyDay|[from] ability: Drought|[of] p2a: Charizard\n|move|p1a: Blastoise|Protect|p1a: Blastoise\n|-singleturn|p1a: Blastoise|Protect\n|move|p1b: Sinistcha|Protect|p1b: Sinistcha\n|-singleturn|p1b: Sinistcha|Protect\n|move|p2b: Sneasler|Acrobatics|p1b: Sinistcha\n|-activate|p1b: Sinistcha|move: Protect\n|move|p2a: Charizard|Heat Wave|p1b: Sinistcha|[spread] \n|-activate|p1a: Blastoise|move: Protect\n|-activate|p1b: Sinistcha|move: Protect\n|\n|-weather|SunnyDay|[upkeep]\n|upkeep\n|turn|6\n|\n|t:|1776470155\n|switch|p2a: Venusaur|Venusaur, L50, F|100/100\n|switch|p1b: Politoed|Politoed, L50, M|100/100\n|move|p2b: Sneasler|Acrobatics|p1b: Politoed\n|-damage|p1b: Politoed|48/100\n|move|p1a: Blastoise|Water Spout|p2b: Sneasler|[spread] p2a,p2b\n|-resisted|p2a: Venusaur|1\n|-damage|p2a: Venusaur|77/100\n|-damage|p2b: Sneasler|0 fnt\n|faint|p2b: Sneasler\n|\n|-weather|SunnyDay|[upkeep]\n|upkeep\n|\n|t:|1776470158\n|switch|p2b: Charizard|Charizard-Mega-Y, L50, M|100/100\n|turn|7\n|inactive|Glengal has 30 seconds left.\n|\n|t:|1776470191\n|move|p1a: Blastoise|Protect|p1a: Blastoise\n|-singleturn|p1a: Blastoise|Protect\n|move|p2b: Charizard|Protect|p2b: Charizard\n|-singleturn|p2b: Charizard|Protect\n|move|p2a: Venusaur|Solar Beam||[still]\n|-prepare|p2a: Venusaur|Solar Beam\n|-anim|p2a: Venusaur|Solar Beam|p1a: Blastoise\n|-activate|p1a: Blastoise|move: Protect\n|move|p1b: Politoed|Weather Ball|p2a: Venusaur\n|-supereffective|p2a: Venusaur|1\n|-damage|p2a: Venusaur|17/100\n|\n|-weather|SunnyDay|[upkeep]\n|upkeep\n|turn|8\n|\n|t:|1776470219\n|move|p2a: Venusaur|Solar Beam||[still]\n|-prepare|p2a: Venusaur|Solar Beam\n|-anim|p2a: Venusaur|Solar Beam|p1a: Blastoise\n|-supereffective|p1a: Blastoise|1\n|-damage|p1a: Blastoise|0 fnt\n|faint|p1a: Blastoise\n|move|p2b: Charizard|Solar Beam||[still]\n|-prepare|p2b: Charizard|Solar Beam\n|-anim|p2b: Charizard|Solar Beam|p1b: Politoed\n|-supereffective|p1b: Politoed|1\n|-damage|p1b: Politoed|0 fnt\n|faint|p1b: Politoed\n|\n|-weather|SunnyDay|[upkeep]\n|upkeep\n|\n|t:|1776470231\n|switch|p1b: Sinistcha|Sinistcha-Masterpiece, L50|36/100 par\n|switch|p1a: Drampa|Drampa, L50, F|100/100\n|turn|9\n|\n|t:|1776470247\n|detailschange|p1a: Drampa|Drampa-Mega, L50, F\n|-mega|p1a: Drampa|Drampa|Drampanite\n|move|p2a: Venusaur|Weather Ball|p1b: Sinistcha\n|-supereffective|p1b: Sinistcha|1\n|-damage|p1b: Sinistcha|0 fnt\n|faint|p1b: Sinistcha\n|move|p2b: Charizard|Flamethrower|p1a: Drampa\n|-resisted|p1a: Drampa|1\n|-damage|p1a: Drampa|64/100\n|move|p1a: Drampa|Hyper Voice|p2a: Venusaur|[spread] p2a,p2b\n|-damage|p2a: Venusaur|0 fnt\n|-damage|p2b: Charizard|56/100\n|faint|p2a: Venusaur\n|\n|-weather|none\n|upkeep\n|turn|10\n|\n|t:|1776470263\n|move|p2b: Charizard|Flamethrower|p1a: Drampa\n|-resisted|p1a: Drampa|1\n|-damage|p1a: Drampa|42/100\n|-ability|p1a: Drampa|Berserk|boost\n|-boost|p1a: Drampa|spa|1\n|move|p1a: Drampa|Draco Meteor|p2b: Charizard\n|-damage|p2b: Charizard|0 fnt\n|-unboost|p1a: Drampa|spa|2\n|faint|p2b: Charizard\n|\n|win|Glengal\n|raw|Glengal's rating: 1101 &rarr; <strong>1120</strong><br />(+19 for winning)\n|raw|cqkes's rating: 1023 &rarr; <strong>1013</strong><br />(-10 for losing)\n|l|\u2606cqkes\n|player|p2|\n",
  "uploadtime": 1776470280,
  "views": 21,
  "formatid": "gen9championsvgc2026regma",
  "rating": 1013,
  "private": 0,
  "password": null
}