{
  "id": "gen9championsvgc2026regma-2587574351",
  "format": "[Gen 9 Champions] VGC 2026 Reg M-A",
  "players": [
    "AiMeat",
    "us7e7ehe"
  ],
  "log": "|j|\u2606AiMeat\n|j|\u2606us7e7ehe\n|t:|1776543536\n|gametype|doubles\n|player|p1|AiMeat|170|1077\n|player|p2|us7e7ehe|1|1000\n|gen|9\n|tier|[Gen 9 Champions] VGC 2026 Reg M-A\n|rated|\n|rule|Species Clause: Limit one of each Pok\u00e9mon\n|rule|Item Clause: Limit 1 of each item\n|clearpoke\n|poke|p1|Incineroar, L50, M|\n|poke|p1|Hatterene, L50, F, shiny|\n|poke|p1|Farigiraf, L50, M|\n|poke|p1|Torkoal, L50, F, shiny|\n|poke|p1|Kingambit, L50, M|\n|poke|p1|Charizard, L50, M|\n|poke|p2|Delphox, L50, M, shiny|\n|poke|p2|Garchomp, L50, F, shiny|\n|poke|p2|Corviknight, L50, M, shiny|\n|poke|p2|Gyarados, L50, M, shiny|\n|poke|p2|Ninetales-Alola, L50, F, shiny|\n|poke|p2|Incineroar, L50, M|\n|teampreview|4\n|inactive|Battle timer is ON: inactive players will automatically lose when time's up. (requested by us7e7ehe)\n|inactive|AiMeat has 60 seconds left.\n|inactive|us7e7ehe has 60 seconds left.\n|\n|t:|1776543595\n|teamsize|p1|4\n|teamsize|p2|4\n|start\n|switch|p1a: Farigiraf|Farigiraf, L50, M|100/100\n|switch|p1b: Hatterene|Hatterene, L50, F, shiny|100/100\n|switch|p2a: Corviknight|Corviknight, L50, M, shiny|100/100\n|switch|p2b: Garchomp|Garchomp, L50, F, shiny|100/100\n|turn|1\n|\n|t:|1776543611\n|move|p2b: Garchomp|Earthquake|p1b: Hatterene|[spread] p1a,p1b\n|-immune|p2a: Corviknight\n|-damage|p1a: Farigiraf|63/100\n|-damage|p1b: Hatterene|60/100\n|move|p2a: Corviknight|Iron Defense|p2a: Corviknight\n|-boost|p2a: Corviknight|def|2\n|move|p1b: Hatterene|Dazzling Gleam|p2a: Corviknight|[spread] p2a,p2b\n|-resisted|p2a: Corviknight|1\n|-supereffective|p2b: Garchomp|1\n|-damage|p2a: Corviknight|81/100\n|-damage|p2b: Garchomp|11/100\n|move|p1a: Farigiraf|Trick Room|p1a: Farigiraf\n|-fieldstart|move: Trick Room|[of] p1a: Farigiraf\n|\n|-heal|p2a: Corviknight|87/100|[from] item: Leftovers\n|upkeep\n|turn|2\n|\n|t:|1776543632\n|move|p1b: Hatterene|Dazzling Gleam|p2b: Garchomp|[spread] p2a,p2b\n|-resisted|p2a: Corviknight|1\n|-supereffective|p2b: Garchomp|1\n|-damage|p2a: Corviknight|65/100\n|-damage|p2b: Garchomp|0 fnt\n|faint|p2b: Garchomp\n|move|p1a: Farigiraf|Imprison|p1a: Farigiraf\n|-start|p1a: Farigiraf|move: Imprison\n|move|p2a: Corviknight|Iron Defense|p2a: Corviknight\n|-boost|p2a: Corviknight|def|2\n|\n|-heal|p2a: Corviknight|71/100|[from] item: Leftovers\n|upkeep\n|\n|t:|1776543647\n|switch|p2b: Ninetales|Ninetales-Alola, L50, F, shiny|100/100\n|-weather|Snowscape|[from] ability: Snow Warning|[of] p2b: Ninetales\n|turn|3\n|inactive|AiMeat has 30 seconds left.\n|inactive|AiMeat has 20 seconds left.\n|inactive|AiMeat has 15 seconds left.\n|inactive|AiMeat has 10 seconds left.\n|inactive|AiMeat has 5 seconds left.\n|\n|t:|1776543700\n|move|p1b: Hatterene|Magic Powder|p2a: Corviknight\n|-start|p2a: Corviknight|typechange|Psychic\n|move|p1a: Farigiraf|Hyper Voice|p2a: Corviknight|[spread] p2a,p2b\n|-damage|p2a: Corviknight|41/100\n|-damage|p2b: Ninetales|65/100\n|move|p2a: Corviknight|Body Press|p1a: Farigiraf\n|-damage|p1a: Farigiraf|0 fnt\n|faint|p1a: Farigiraf\n|move|p2b: Ninetales|Aurora Veil|p2b: Ninetales\n|-sidestart|p2: us7e7ehe|move: Aurora Veil\n|\n|-weather|Snowscape|[upkeep]\n|-heal|p2a: Corviknight|47/100|[from] item: Leftovers\n|upkeep\n|\n|t:|1776543714\n|switch|p1a: Kingambit|Kingambit, L50, M|100/100\n|turn|4\n|inactive|us7e7ehe has 30 seconds left.\n|\n|t:|1776543747\n|move|p1b: Hatterene|Dazzling Gleam|p2a: Corviknight|[spread] p2a,p2b\n|-damage|p2a: Corviknight|17/100\n|-damage|p2b: Ninetales|34/100\n|move|p1a: Kingambit|Kowtow Cleave|p2a: Corviknight\n|-supereffective|p2a: Corviknight|1\n|-damage|p2a: Corviknight|0 fnt\n|faint|p2a: Corviknight\n|move|p2b: Ninetales|Blizzard|p1a: Kingambit|[spread] p1a,p1b\n|-resisted|p1a: Kingambit|1\n|-damage|p1a: Kingambit|86/100\n|-damage|p1b: Hatterene|28/100\n|\n|-weather|Snowscape|[upkeep]\n|upkeep\n|\n|t:|1776543759\n|switch|p2a: Gyarados|Gyarados, L50, M, shiny|100/100\n|-ability|p2a: Gyarados|Intimidate|boost\n|-unboost|p1a: Kingambit|atk|1\n|-ability|p1a: Kingambit|Defiant|boost\n|-boost|p1a: Kingambit|atk|2\n|-unboost|p1b: Hatterene|atk|1\n|turn|5\n|\n|t:|1776543793\n|move|p2a: Gyarados|Protect|p2a: Gyarados\n|-singleturn|p2a: Gyarados|Protect\n|move|p2b: Ninetales|Protect|p2b: Ninetales\n|-singleturn|p2b: Ninetales|Protect\n|move|p1b: Hatterene|Magic Powder|p2a: Gyarados\n|-activate|p2a: Gyarados|move: Protect\n|move|p1a: Kingambit|Iron Head|p2b: Ninetales\n|-activate|p2b: Ninetales|move: Protect\n|\n|-weather|Snowscape|[upkeep]\n|-fieldend|move: Trick Room\n|upkeep\n|turn|6\n|inactive|AiMeat has 30 seconds left.\n|\n|t:|1776543823\n|switch|p1b: Incineroar|Incineroar, L50, M|100/100\n|-ability|p1b: Incineroar|Intimidate|boost\n|-unboost|p2a: Gyarados|atk|1\n|-unboost|p2b: Ninetales|atk|1\n|detailschange|p2a: Gyarados|Gyarados-Mega, L50, M, shiny\n|-mega|p2a: Gyarados|Gyarados|Gyaradosite\n|-ability|p2a: Gyarados|Mold Breaker\n|move|p2b: Ninetales|Blizzard|p1b: Incineroar|[spread] p1a,p1b\n|-resisted|p1a: Kingambit|1\n|-crit|p1a: Kingambit\n|-resisted|p1b: Incineroar|1\n|-damage|p1a: Kingambit|66/100\n|-damage|p1b: Incineroar|85/100\n|move|p2a: Gyarados|Crunch|p1b: Incineroar\n|-resisted|p1b: Incineroar|1\n|-damage|p1b: Incineroar|69/100\n|move|p1a: Kingambit|Iron Head|p2b: Ninetales\n|-supereffective|p2b: Ninetales|2\n|-damage|p2b: Ninetales|0 fnt\n|faint|p2b: Ninetales\n|\n|-weather|Snowscape|[upkeep]\n|upkeep\n|turn|7\n|inactive|AiMeat has 30 seconds left.\n|\n|t:|1776543852\n|move|p2a: Gyarados|Protect|p2a: Gyarados\n|-singleturn|p2a: Gyarados|Protect\n|move|p1b: Incineroar|Close Combat|p2a: Gyarados\n|-activate|p2a: Gyarados|move: Protect\n|move|p1a: Kingambit|Kowtow Cleave|p2a: Gyarados\n|-activate|p2a: Gyarados|move: Protect\n|\n|-weather|none\n|-sideend|p2: us7e7ehe|move: Aurora Veil\n|upkeep\n|turn|8\n|inactive|us7e7ehe has 30 seconds left.\n|inactive|us7e7ehe has 20 seconds left.\n|inactive|AiMeat has 30 seconds left.\n|inactive|us7e7ehe has 15 seconds left.\n|inactive|us7e7ehe has 10 seconds left.\n|inactive|us7e7ehe has 5 seconds left.\n|-message|us7e7ehe forfeited.\n|\n|win|AiMeat\n|raw|AiMeat's rating: 1077 &rarr; <strong>1099</strong><br />(+22 for winning)\n|raw|us7e7ehe's rating: 1000 &rarr; <strong>1000</strong><br />(+0 for losing)\n|l|\u2606us7e7ehe\n|player|p2|\n",
  "uploadtime": 1776544921,
  "views": 15,
  "formatid": "gen9championsvgc2026regma",
  "rating": 1000,
  "private": 0,
  "password": null
}