{
  "id": "gen9championsvgc2026regma-2580555929",
  "format": "[Gen 9 Champions] VGC 2026 Reg M-A",
  "players": [
    "FlygonkingVGC",
    "RandomGuyInSchool"
  ],
  "log": "|j|\u2606FlygonkingVGC\n|j|\u2606RandomGuyInSchool\n|html|<table width=\"100%\"><tr><td align=\"left\">FlygonkingVGC</td><td align=\"right\">RandomGuyInSchool</tr><tr><td align=\"left\"><i class=\"fa fa-circle\"></i> <i class=\"fa fa-circle-o\"></i> </td><td align=\"right\"><i class=\"fa fa-circle-o\"></i> <i class=\"fa fa-circle-o\"></i> </tr></table>\n|uhtml|bestof|<h2><strong>Game 2</strong> of <a href=\"/game-bestof3-gen9championsvgc2026regma-2580553785\">a best-of-3</a></h2>\n|t:|1775912439\n|gametype|doubles\n|player|p1|FlygonkingVGC|pokemaniac|\n|player|p2|RandomGuyInSchool|schoolkid-gen4|\n|gen|9\n|tier|[Gen 9 Champions] VGC 2026 Reg M-A\n|rated|Tournament battle\n|rule|Species Clause: Limit one of each Pok\u00e9mon\n|rule|Item Clause: Limit 1 of each item\n|raw|<div class=\"infobox\"><details class=\"readmore\" open><summary><strong>2 custom rules:</strong></summary> Force Open Team Sheets, Best of = 3</details></div>\n|clearpoke\n|poke|p1|Whimsicott, L50, F|\n|poke|p1|Delphox, L50, F|\n|poke|p1|Rotom-Wash, L50|\n|poke|p1|Mamoswine, L50, M|\n|poke|p1|Kingambit, L50, F|\n|poke|p1|Cofagrigus, L50, M|\n|poke|p2|Lucario, L50, F|\n|poke|p2|Incineroar, L50, F|\n|poke|p2|Whimsicott, L50, F|\n|poke|p2|Tyranitar, L50, M|\n|poke|p2|Corviknight, L50, F|\n|poke|p2|Farigiraf, L50, M|\n|teampreview|4\n|showteam|p1|Whimsicott||FocusSash|Prankster|Moonblast,Tailwind,Encore,FakeTears|||F|||50|]Delphox||Delphoxite|Blaze|Flamethrower,HeatWave,Psychic,Protect|||F|||50|]Rotom-Wash||ChoiceScarf|Levitate|Thunderbolt,HydroPump,Trick,VoltSwitch||||||50|]Mamoswine||Leftovers|Oblivious|IceShard,Earthquake,IcicleCrash,Protect|||M|||50|]Kingambit||BlackGlasses|Defiant|IronHead,KowtowCleave,SuckerPunch,Protect|||F|||50|]Cofagrigus||ColburBerry|Mummy|Haze,WillOWisp,BodyPress,Protect|||M|||50|\n|showteam|p2|Lucario||Lucarionite|InnerFocus|Detect,NastyPlot,VacuumWave,FlashCannon|||F|||50|]Incineroar||ShucaBerry|Intimidate|FakeOut,FlareBlitz,WillOWisp,PartingShot|||F|||50|]Whimsicott||FocusSash|Prankster|Protect,Tailwind,Moonblast,Encore|||F|||50|]Tyranitar||ChopleBerry|SandStream|Protect,RockSlide,StoneEdge,KnockOff|||M|||50|]Corviknight||Leftovers|MirrorArmor|Protect,IronDefense,BodyPress,Roost|||F|||50|]Farigiraf||SitrusBerry|ArmorTail|Protect,TrickRoom,Imprison,Psychic|||M|||50|\n|inactive|Battle timer is ON: inactive players will automatically lose when time's up. (requested by RandomGuyInSchool)\n|j| Avatar Kony\n|inactive|FlygonkingVGC has 60 seconds left.\n|inactive|RandomGuyInSchool has 60 seconds left.\n|\n|t:|1775912491\n|teamsize|p1|4\n|teamsize|p2|4\n|start\n|switch|p1a: Delphox|Delphox, L50, F|100/100\n|switch|p1b: Cofagrigus|Cofagrigus, L50, M|100/100\n|switch|p2a: Incineroar|Incineroar, L50, F|100/100\n|switch|p2b: Lucario|Lucario, L50, F, shiny|100/100\n|-ability|p2a: Incineroar|Intimidate|boost\n|-unboost|p1a: Delphox|atk|1\n|-unboost|p1b: Cofagrigus|atk|1\n|turn|1\n|\n|t:|1775912516\n|move|p1a: Delphox|Protect|p1a: Delphox\n|-singleturn|p1a: Delphox|Protect\n|move|p2b: Lucario|Detect|p2b: Lucario\n|-singleturn|p2b: Lucario|Protect\n|move|p2a: Incineroar|Parting Shot|p1a: Delphox\n|-activate|p1a: Delphox|move: Protect\n|move|p1b: Cofagrigus|Body Press|p2b: Lucario\n|-activate|p2b: Lucario|move: Protect\n|\n|upkeep\n|turn|2\n|\n|t:|1775912533\n|switch|p1a: Kingambit|Kingambit, L50, F|100/100\n|switch|p2b: Whimsicott|Whimsicott, L50, F|100/100\n|move|p2a: Incineroar|Parting Shot|p1b: Cofagrigus\n|-unboost|p1b: Cofagrigus|atk|1\n|-unboost|p1b: Cofagrigus|spa|1\n|\n|t:|1775912541\n|switch|p2a: Lucario|Lucario, L50, F, shiny|100/100|[from] Parting Shot\n|move|p1b: Cofagrigus|Body Press|p2b: Whimsicott\n|-resisted|p2b: Whimsicott|1\n|-damage|p2b: Whimsicott|76/100\n|\n|upkeep\n|turn|3\n|inactive|RandomGuyInSchool has 30 seconds left.\n|\n|t:|1775912574\n|detailschange|p2a: Lucario|Lucario-Mega, L50, F, shiny\n|-mega|p2a: Lucario|Lucario|Lucarionite\n|move|p1a: Kingambit|Protect|p1a: Kingambit\n|-singleturn|p1a: Kingambit|Protect\n|move|p2b: Whimsicott|Tailwind|p2b: Whimsicott\n|-sidestart|p2: RandomGuyInSchool|move: Tailwind\n|move|p2a: Lucario|Nasty Plot|p2a: Lucario\n|-boost|p2a: Lucario|spa|2\n|move|p1b: Cofagrigus|Body Press|p2a: Lucario\n|-supereffective|p2a: Lucario|1\n|-damage|p2a: Lucario|11/100\n|\n|upkeep\n|turn|4\n|\n|t:|1775912593\n|switch|p2b: Incineroar|Incineroar, L50, F|100/100\n|-ability|p2b: Incineroar|Intimidate|boost\n|-unboost|p1a: Kingambit|atk|1\n|-ability|p1a: Kingambit|Defiant|boost\n|-boost|p1a: Kingambit|atk|2\n|-unboost|p1b: Cofagrigus|atk|1\n|switch|p1b: Delphox|Delphox, L50, F|100/100\n|move|p2a: Lucario|Detect|p2a: Lucario\n|-singleturn|p2a: Lucario|Protect\n|move|p1a: Kingambit|Sucker Punch||[still]\n|-fail|p1a: Kingambit\n|\n|upkeep\n|turn|5\n|j| the main flutter\n|inactive|RandomGuyInSchool has 30 seconds left.\n|inactive|RandomGuyInSchool has 20 seconds left.\n|\n|t:|1775912631\n|detailschange|p1b: Delphox|Delphox-Mega, L50, F\n|-mega|p1b: Delphox|Delphox|Delphoxite\n|move|p1a: Kingambit|Protect|p1a: Kingambit\n|-singleturn|p1a: Kingambit|Protect\n|move|p2b: Incineroar|Fake Out|p1b: Delphox\n|-damage|p1b: Delphox|83/100\n|move|p2a: Lucario|Flash Cannon|p1a: Kingambit\n|-activate|p1a: Kingambit|move: Protect\n|cant|p1b: Delphox|flinch\n|\n|upkeep\n|turn|6\n|\n|t:|1775912647\n|switch|p1a: Cofagrigus|Cofagrigus, L50, M|100/100\n|move|p2a: Lucario|Detect|p2a: Lucario\n|-singleturn|p2a: Lucario|Protect\n|move|p1b: Delphox|Heat Wave|p2a: Lucario|[spread] p2b\n|-activate|p2a: Lucario|move: Protect\n|-resisted|p2b: Incineroar|1\n|-damage|p2b: Incineroar|81/100\n|move|p2b: Incineroar|Will-O-Wisp|p1a: Cofagrigus\n|-status|p1a: Cofagrigus|brn\n|\n|-damage|p1a: Cofagrigus|95/100 brn|[from] brn\n|-sideend|p2: RandomGuyInSchool|move: Tailwind\n|upkeep\n|turn|7\n|inactive|RandomGuyInSchool has 30 seconds left.\n|\n|t:|1775912679\n|move|p1b: Delphox|Heat Wave|p2a: Lucario|[spread] p2a,p2b\n|-supereffective|p2a: Lucario|1\n|-resisted|p2b: Incineroar|1\n|-damage|p2a: Lucario|0 fnt\n|-damage|p2b: Incineroar|61/100\n|faint|p2a: Lucario\n|move|p2b: Incineroar|Parting Shot|p1a: Cofagrigus\n|-unboost|p1a: Cofagrigus|atk|1\n|-unboost|p1a: Cofagrigus|spa|1\n|\n|t:|1775912683\n|switch|p2b: Whimsicott|Whimsicott, L50, F|76/100|[from] Parting Shot\n|move|p1a: Cofagrigus|Body Press|p2b: Whimsicott\n|-resisted|p2b: Whimsicott|1\n|-damage|p2b: Whimsicott|63/100\n|\n|-damage|p1a: Cofagrigus|89/100 brn|[from] brn\n|upkeep\n|\n|t:|1775912687\n|switch|p2a: Tyranitar|Tyranitar, L50, M|100/100\n|-weather|Sandstorm|[from] ability: Sand Stream|[of] p2a: Tyranitar\n|turn|8\n|\n|t:|1775912698\n|switch|p1b: Kingambit|Kingambit, L50, F|100/100\n|move|p2b: Whimsicott|Tailwind|p2b: Whimsicott\n|-sidestart|p2: RandomGuyInSchool|move: Tailwind\n|move|p2a: Tyranitar|Knock Off|p1a: Cofagrigus\n|-supereffective|p1a: Cofagrigus|1\n|-enditem|p1a: Cofagrigus|Colbur Berry|[eat]\n|-enditem|p1a: Cofagrigus|Colbur Berry|[weaken]\n|-damage|p1a: Cofagrigus|50/100 brn\n|-activate|p1a: Cofagrigus|ability: Mummy|p2a: Tyranitar|[ability] Sand Stream\n|move|p1a: Cofagrigus|Will-O-Wisp|p2a: Tyranitar\n|-status|p2a: Tyranitar|brn\n|\n|-weather|Sandstorm|[upkeep]\n|-damage|p2b: Whimsicott|57/100|[from] Sandstorm\n|-damage|p1a: Cofagrigus|44/100 brn|[from] Sandstorm\n|-damage|p2a: Tyranitar|95/100 brn|[from] brn\n|-damage|p1a: Cofagrigus|38/100 brn|[from] brn\n|upkeep\n|turn|9\n|j| TimeforCHILLI\n|-message|RandomGuyInSchool forfeited.\n|\n|win|FlygonkingVGC\n|c|\u2606RandomGuyInSchool|ggwp\n",
  "uploadtime": 1775912722,
  "views": 11,
  "formatid": "gen9championsvgc2026regma",
  "rating": null,
  "private": 0,
  "password": null
}