{
  "id": "gen9championsvgc2026regma-2581839788",
  "format": "[Gen 9 Champions] VGC 2026 Reg M-A",
  "players": [
    "Sttuarrt",
    "Morasardo"
  ],
  "log": "|j|\u2606Sttuarrt\n|j|\u2606Morasardo\n|t:|1776032698\n|gametype|doubles\n|player|p1|Sttuarrt|1|\n|player|p2|Morasardo|hilbert|\n|gen|9\n|tier|[Gen 9 Champions] VGC 2026 Reg M-A\n|rated|Tournament battle\n|rule|Species Clause: Limit one of each Pok\u00e9mon\n|rule|Item Clause: Limit 1 of each item\n|clearpoke\n|poke|p1|Kleavor, L50, F|\n|poke|p1|Farigiraf, L50, F|\n|poke|p1|Medicham, L50, M|\n|poke|p1|Torkoal, L50, M|\n|poke|p1|Incineroar, L50, M|\n|poke|p1|Camerupt, L50, M|\n|poke|p2|Charizard, L50, M|\n|poke|p2|Maushold-Four, L50|\n|poke|p2|Kingambit, L50, F|\n|poke|p2|Sneasler, L50, M|\n|poke|p2|Dragapult, L50, M|\n|poke|p2|Garchomp, L50, F|\n|teampreview|4\n|\n|t:|1776032738\n|teamsize|p1|4\n|teamsize|p2|4\n|start\n|switch|p1a: Farigiraf|Farigiraf, L50, F|100/100\n|switch|p1b: Medicham|Medicham, L50, M|100/100\n|switch|p2a: Sneasler|Sneasler, L50, M|100/100\n|switch|p2b: Garchomp|Garchomp, L50, F|100/100\n|turn|1\n|inactive|Battle timer is ON: inactive players will automatically lose when time's up. (requested by Sttuarrt)\n|\n|t:|1776032763\n|switch|p2a: Dragapult|Dragapult, L50, M|100/100\n|detailschange|p1b: Medicham|Medicham-Mega, L50, M\n|-mega|p1b: Medicham|Medicham|Medichamite\n|move|p2b: Garchomp|Rock Slide|p1a: Farigiraf|[spread] p1a,p1b\n|-resisted|p1b: Medicham|1\n|-damage|p1a: Farigiraf|79/100\n|-damage|p1b: Medicham|89/100\n|move|p1b: Medicham|Psycho Cut|p2a: Dragapult\n|-damage|p2a: Dragapult|4/100\n|cant|p1a: Farigiraf|flinch\n|\n|upkeep\n|turn|2\n|\n|t:|1776032785\n|move|p2b: Garchomp|Rock Slide|p1b: Medicham|[spread] p1a,p1b\n|-resisted|p1b: Medicham|1\n|-damage|p1a: Farigiraf|58/100\n|-damage|p1b: Medicham|77/100\n|move|p2a: Dragapult|Shadow Ball|p1b: Medicham\n|-supereffective|p1b: Medicham|1\n|-damage|p1b: Medicham|0 fnt\n|faint|p1b: Medicham\n|move|p1a: Farigiraf|Trick Room|p1a: Farigiraf\n|-fieldstart|move: Trick Room|[of] p1a: Farigiraf\n|\n|upkeep\n|\n|t:|1776032795\n|switch|p1b: Torkoal|Torkoal, L50, M|100/100\n|-weather|SunnyDay|[from] ability: Drought|[of] p1b: Torkoal\n|turn|3\n|\n|t:|1776032804\n|move|p1b: Torkoal|Eruption|p2a: Dragapult|[spread] p2a,p2b\n|-resisted|p2a: Dragapult|1\n|-resisted|p2b: Garchomp|1\n|-damage|p2a: Dragapult|0 fnt\n|-damage|p2b: Garchomp|63/100\n|faint|p2a: Dragapult\n|move|p1a: Farigiraf|Hyper Voice|p2b: Garchomp\n|-damage|p2b: Garchomp|12/100\n|move|p2b: Garchomp|Rock Slide|p1b: Torkoal|[spread] p1a,p1b\n|-supereffective|p1b: Torkoal|1\n|-damage|p1a: Farigiraf|37/100\n|-damage|p1b: Torkoal|72/100\n|\n|-weather|SunnyDay|[upkeep]\n|upkeep\n|\n|t:|1776032816\n|switch|p2a: Charizard|Charizard, L50, M|100/100\n|turn|4\n|\n|t:|1776032836\n|detailschange|p2a: Charizard|Charizard-Mega-Y, L50, M\n|-mega|p2a: Charizard|Charizard|Charizardite Y\n|move|p1b: Torkoal|Eruption|p2a: Charizard|[spread] p2a,p2b\n|-resisted|p2a: Charizard|1\n|-resisted|p2b: Garchomp|1\n|-damage|p2a: Charizard|79/100\n|-damage|p2b: Garchomp|0 fnt\n|faint|p2b: Garchomp\n|move|p1a: Farigiraf|Hyper Voice|p2a: Charizard\n|-damage|p2a: Charizard|43/100\n|move|p2a: Charizard|Solar Beam||[still]\n|-prepare|p2a: Charizard|Solar Beam\n|-anim|p2a: Charizard|Solar Beam|p1a: Farigiraf\n|-damage|p1a: Farigiraf|0 fnt\n|faint|p1a: Farigiraf\n|\n|-weather|SunnyDay|[upkeep]\n|upkeep\n|\n|t:|1776032848\n|switch|p1a: Kleavor|Kleavor, L50, F|100/100\n|switch|p2b: Sneasler|Sneasler, L50, M|100/100\n|turn|5\n|\n|t:|1776032860\n|move|p2a: Charizard|Protect|p2a: Charizard\n|-singleturn|p2a: Charizard|Protect\n|move|p2b: Sneasler|Fake Out|p1a: Kleavor\n|-resisted|p1a: Kleavor|1\n|-damage|p1a: Kleavor|93/100\n|move|p1b: Torkoal|Earth Power|p2b: Sneasler\n|-supereffective|p2b: Sneasler|1\n|-damage|p2b: Sneasler|41/100\n|cant|p1a: Kleavor|flinch\n|\n|-weather|SunnyDay|[upkeep]\n|upkeep\n|turn|6\n|\n|t:|1776032878\n|move|p1b: Torkoal|Earth Power|p2b: Sneasler\n|-supereffective|p2b: Sneasler|1\n|-damage|p2b: Sneasler|0 fnt\n|faint|p2b: Sneasler\n|move|p1a: Kleavor|Stone Axe|p2a: Charizard\n|-supereffective|p2a: Charizard|2\n|-damage|p2a: Charizard|0 fnt\n|-sidestart|p2: Morasardo|move: Stealth Rock\n|faint|p2a: Charizard\n|\n|win|Sttuarrt\n|n|\u2606Sttuarrt|sttuarrt\n|n|\u2606Morasardo|morasardo\n|c|\u2606Morasardo|gg\n|l|\u2606Morasardo\n|player|p2|\n",
  "uploadtime": 1776032895,
  "views": 11,
  "formatid": "gen9championsvgc2026regma",
  "rating": null,
  "private": 0,
  "password": null
}