{
  "id": "gen9championsvgc2026regma-2585766895",
  "format": "[Gen 9 Champions] VGC 2026 Reg M-A",
  "players": [
    "dreballin3x",
    "Miettinen"
  ],
  "log": "|j|\u2606dreballin3x\n|j|\u2606Miettinen\n|t:|1776369156\n|gametype|doubles\n|player|p1|dreballin3x|marshal|1143\n|player|p2|Miettinen|n|1087\n|gen|9\n|tier|[Gen 9 Champions] VGC 2026 Reg M-A\n|rated|\n|rule|Species Clause: Limit one of each Pok\u00e9mon\n|rule|Item Clause: Limit 1 of each item\n|clearpoke\n|poke|p1|Dragonite, L50, F|\n|poke|p1|Dragapult, L50, M|\n|poke|p1|Pelipper, L50, F|\n|poke|p1|Archaludon, L50, M|\n|poke|p1|Basculegion, L50, M|\n|poke|p1|Maushold-Four, L50|\n|poke|p2|Gengar, L50, M|\n|poke|p2|Maushold-Four, L50|\n|poke|p2|Incineroar, L50, M|\n|poke|p2|Kommo-o, L50, M|\n|poke|p2|Whimsicott, L50, F|\n|poke|p2|Kingambit, L50, M|\n|teampreview|4\n|inactive|Battle timer is ON: inactive players will automatically lose when time's up. (requested by Miettinen)\ndreballin3x has agreed to open team sheets.\n|inactive|dreballin3x has 60 seconds left.\n|inactive|Miettinen has 60 seconds left.\n|\n|t:|1776369202\n|teamsize|p1|4\n|teamsize|p2|4\n|start\n|switch|p1a: Basculegion|Basculegion, L50, M|100/100\n|switch|p1b: Dragapult|Dragapult, L50, M|100/100\n|switch|p2a: Incineroar|Incineroar, L50, M|100/100\n|switch|p2b: Whimsicott|Whimsicott, L50, F|100/100\n|-ability|p2a: Incineroar|Intimidate|boost\n|-unboost|p1a: Basculegion|atk|1\n|-unboost|p1b: Dragapult|atk|1\n|turn|1\n|inactive|dreballin3x has 30 seconds left.\n|inactive|Miettinen has 30 seconds left.\n|inactive|Miettinen has 20 seconds left.\n|inactive|Miettinen has 15 seconds left.\n|\n|t:|1776369242\n|switch|p1b: Pelipper|Pelipper, L50, F|100/100\n|-weather|RainDance|[from] ability: Drizzle|[of] p1b: Pelipper\n|move|p2b: Whimsicott|Tailwind|p2b: Whimsicott\n|-sidestart|p2: Miettinen|move: Tailwind\n|move|p1a: Basculegion|Wave Crash|p2a: Incineroar\n|-supereffective|p2a: Incineroar|1\n|-damage|p2a: Incineroar|0 fnt\n|faint|p2a: Incineroar\n|-damage|p1a: Basculegion|66/100|[from] Recoil\n|\n|-weather|RainDance|[upkeep]\n|upkeep\n|\n|t:|1776369254\n|switch|p2a: Gengar|Gengar, L50, M|100/100\n|turn|2\n|inactive|dreballin3x has 30 seconds left.\n|inactive|Miettinen has 30 seconds left.\n|\n|t:|1776369286\n|detailschange|p2a: Gengar|Gengar-Mega, L50, M\n|-mega|p2a: Gengar|Gengar|Gengarite\n|move|p2a: Gengar|Shadow Ball|p1a: Basculegion\n|-supereffective|p1a: Basculegion|1\n|-damage|p1a: Basculegion|0 fnt\n|faint|p1a: Basculegion\n|move|p2b: Whimsicott|Moonblast|p1b: Pelipper\n|-damage|p1b: Pelipper|48/100\n|-unboost|p1b: Pelipper|spa|1\n|move|p1b: Pelipper|Hurricane|p2a: Gengar\n|-damage|p2a: Gengar|71/100\n|\n|-weather|RainDance|[upkeep]\n|upkeep\n|inactive|dreballin3x has 30 seconds left.\n|\n|t:|1776369319\n|switch|p1a: Dragonite|Dragonite, L50, F|100/100\n|turn|3\n|inactive|Miettinen has 30 seconds left.\n|\n|t:|1776369350\n|detailschange|p1a: Dragonite|Dragonite-Mega, L50, F\n|-mega|p1a: Dragonite|Dragonite|Dragoninite\n|move|p2a: Gengar|Substitute|p2a: Gengar\n|-start|p2a: Gengar|Substitute\n|-damage|p2a: Gengar|46/100\n|move|p2b: Whimsicott|Moonblast|p1a: Dragonite\n|-supereffective|p1a: Dragonite|1\n|-damage|p1a: Dragonite|67/100\n|move|p1a: Dragonite|Thunder|p2a: Gengar\n|-end|p2a: Gengar|Substitute\n|move|p1b: Pelipper|Hurricane|p2b: Whimsicott\n|-supereffective|p2b: Whimsicott|1\n|-damage|p2b: Whimsicott|23/100\n|-start|p2b: Whimsicott|confusion\n|\n|-weather|RainDance|[upkeep]\n|upkeep\n|turn|4\n|inactive|Miettinen has 30 seconds left.\n|inactive|Miettinen has 20 seconds left.\n|inactive|Miettinen has 15 seconds left.\n|inactive|Miettinen has 10 seconds left.\n|inactive|Miettinen has 5 seconds left.\n|\n|t:|1776369403\n|move|p1a: Dragonite|Extreme Speed|p2b: Whimsicott\n|-damage|p2b: Whimsicott|0 fnt\n|faint|p2b: Whimsicott\n|move|p2a: Gengar|Sludge Bomb|p1a: Dragonite\n|-damage|p1a: Dragonite|18/100\n|move|p1b: Pelipper|Hurricane|p2a: Gengar\n|-damage|p2a: Gengar|15/100\n|-start|p2a: Gengar|confusion\n|\n|-weather|RainDance|[upkeep]\n|-sideend|p2: Miettinen|move: Tailwind\n|upkeep\n|\n|t:|1776369406\n|switch|p2b: Kommo-o|Kommo-o, L50, M|100/100\n|turn|5\n|\n|t:|1776369428\n|-activate|p2a: Gengar|confusion\n|-damage|p2a: Gengar|6/100|[from] confusion\n|move|p1a: Dragonite|Hurricane|p2b: Kommo-o\n|-supereffective|p2b: Kommo-o|1\n|-damage|p2b: Kommo-o|0 fnt\n|faint|p2b: Kommo-o\n|move|p1b: Pelipper|Tailwind|p1b: Pelipper\n|-sidestart|p1: dreballin3x|move: Tailwind\n|\n|-weather|none\n|upkeep\n|turn|6\n|-message|Miettinen forfeited.\n|\n|win|dreballin3x\n|raw|dreballin3x's rating: 1143 &rarr; <strong>1164</strong><br />(+21 for winning)\n|raw|Miettinen's rating: 1087 &rarr; <strong>1068</strong><br />(-19 for losing)\n|l|\u2606Miettinen\n|player|p2|\n",
  "uploadtime": 1776371308,
  "views": 16,
  "formatid": "gen9championsvgc2026regma",
  "rating": 1068,
  "private": 0,
  "password": null
}