{
  "id": "gen9championsvgc2026regma-2584458430",
  "format": "[Gen 9 Champions] VGC 2026 Reg M-A",
  "players": [
    "heroplayer2026",
    "bagigiba"
  ],
  "log": "|j|\u2606heroplayer2026\n|j|\u2606bagigiba\n|t:|1776262264\n|gametype|doubles\n|player|p1|heroplayer2026|fisherman-gen4|1131\n|player|p2|bagigiba|101|1155\n|gen|9\n|tier|[Gen 9 Champions] VGC 2026 Reg M-A\n|rated|\n|rule|Species Clause: Limit one of each Pok\u00e9mon\n|rule|Item Clause: Limit 1 of each item\n|clearpoke\n|poke|p1|Torkoal, L50, F|\n|poke|p1|Incineroar, L50, F|\n|poke|p1|Farigiraf, L50, M|\n|poke|p1|Golurk, L50|\n|poke|p1|Conkeldurr, L50, F|\n|poke|p1|Garchomp, L50, M|\n|poke|p2|Froslass, L50, F|\n|poke|p2|Glaceon, L50, F|\n|poke|p2|Incineroar, L50, M|\n|poke|p2|Sneasler, L50, M|\n|poke|p2|Clefable, L50, M|\n|poke|p2|Farigiraf, L50, F|\n|teampreview|4\n|\n|t:|1776262297\n|teamsize|p1|4\n|teamsize|p2|4\n|start\n|switch|p1a: Farigiraf|Farigiraf, L50, M|100/100\n|switch|p1b: Incineroar|Incineroar, L50, F|100/100\n|switch|p2a: Incineroar|Incineroar, L50, M|100/100\n|switch|p2b: Sneasler|Sneasler, L50, M|100/100\n|-ability|p2a: Incineroar|Intimidate|boost\n|-unboost|p1a: Farigiraf|atk|1\n|-unboost|p1b: Incineroar|atk|1\n|-ability|p1b: Incineroar|Intimidate|boost\n|-unboost|p2a: Incineroar|atk|1\n|-unboost|p2b: Sneasler|atk|1\n|turn|1\n|inactive|Battle timer is ON: inactive players will automatically lose when time's up. (requested by heroplayer2026)\n|\n|t:|1776262344\n|switch|p2a: Froslass|Froslass, L50, F|100/100\n|move|p2b: Sneasler|Close Combat|p1b: Incineroar\n|-supereffective|p1b: Incineroar|1\n|-damage|p1b: Incineroar|26/100\n|-unboost|p2b: Sneasler|def|1\n|-unboost|p2b: Sneasler|spd|1\n|-status|p1b: Incineroar|psn|[from] ability: Poison Touch|[of] p2b: Sneasler\n|-enditem|p1b: Incineroar|Sitrus Berry|[eat]\n|-heal|p1b: Incineroar|51/100 psn|[from] item: Sitrus Berry\n|move|p1b: Incineroar|Will-O-Wisp|p2b: Sneasler\n|-status|p2b: Sneasler|brn\n|move|p1a: Farigiraf|Trick Room|p1a: Farigiraf\n|-fieldstart|move: Trick Room|[of] p1a: Farigiraf\n|\n|-damage|p1b: Incineroar|39/100 psn|[from] psn\n|-damage|p2b: Sneasler|95/100 brn|[from] brn\n|upkeep\n|turn|2\n|\n|t:|1776262371\n|switch|p2b: Incineroar|Incineroar, L50, M|100/100\n|-ability|p2b: Incineroar|Intimidate|boost\n|-unboost|p1a: Farigiraf|atk|1\n|-unboost|p1b: Incineroar|atk|1\n|detailschange|p2a: Froslass|Froslass-Mega, L50, F\n|-mega|p2a: Froslass|Froslass|Froslassite\n|-weather|Snowscape|[from] ability: Snow Warning|[of] p2a: Froslass\n|move|p2a: Froslass|Protect|p2a: Froslass\n|-singleturn|p2a: Froslass|Protect\n|move|p1a: Farigiraf|Hyper Voice|p2b: Incineroar|[spread] p2b\n|-activate|p2a: Froslass|move: Protect\n|-damage|p2b: Incineroar|79/100\n|move|p1b: Incineroar|Parting Shot|p2a: Froslass\n|-activate|p2a: Froslass|move: Protect\n|\n|-weather|Snowscape|[upkeep]\n|-damage|p1b: Incineroar|26/100 psn|[from] psn\n|upkeep\n|turn|3\n|\n|t:|1776262395\n|move|p1b: Incineroar|Parting Shot|p2a: Froslass\n|-unboost|p2a: Froslass|atk|1\n|-unboost|p2a: Froslass|spa|1\n|inactive|heroplayer2026 has 30 seconds left.\n|inactive|heroplayer2026 has 20 seconds left.\n|inactive|heroplayer2026 has 15 seconds left.\n|inactive|heroplayer2026 has 10 seconds left.\n|\n|t:|1776262442\n|switch|p1b: Torkoal|Torkoal, L50, F|100/100|[from] Parting Shot\n|-weather|SunnyDay|[from] ability: Drought|[of] p1b: Torkoal\n|move|p2b: Incineroar|Parting Shot|p1a: Farigiraf\n|-unboost|p1a: Farigiraf|atk|1\n|-unboost|p1a: Farigiraf|spa|1\n|\n|t:|1776262452\n|switch|p2b: Sneasler|Sneasler, L50, M|95/100 brn|[from] Parting Shot\n|move|p1a: Farigiraf|Hyper Voice|p2a: Froslass|[spread] p2b\n|-immune|p2a: Froslass\n|-crit|p2b: Sneasler\n|-damage|p2b: Sneasler|45/100 brn\n|move|p2a: Froslass|Aurora Veil||[still]\n|-fail|p2a: Froslass\n|\n|-weather|SunnyDay|[upkeep]\n|-damage|p2b: Sneasler|39/100 brn|[from] brn\n|upkeep\n|turn|4\n|\n|t:|1776262469\n|switch|p2a: Incineroar|Incineroar, L50, M|79/100\n|-ability|p2a: Incineroar|Intimidate|boost\n|-unboost|p1a: Farigiraf|atk|1\n|-unboost|p1b: Torkoal|atk|1\n|move|p1a: Farigiraf|Helping Hand|p1b: Torkoal\n|-singleturn|p1b: Torkoal|Helping Hand|[of] p1a: Farigiraf\n|move|p1b: Torkoal|Eruption|p2a: Incineroar|[spread] p2a,p2b\n|-resisted|p2a: Incineroar|1\n|-damage|p2a: Incineroar|24/100\n|-damage|p2b: Sneasler|0 fnt\n|faint|p2b: Sneasler\n|\n|-weather|SunnyDay|[upkeep]\n|upkeep\n|\n|t:|1776262489\n|switch|p2b: Glaceon|Glaceon, L50, F|100/100\n|turn|5\n|\n|t:|1776262496\n|move|p1a: Farigiraf|Helping Hand|p1b: Torkoal\n|-singleturn|p1b: Torkoal|Helping Hand|[of] p1a: Farigiraf\n|move|p2b: Glaceon|Detect|p2b: Glaceon\n|-singleturn|p2b: Glaceon|Protect\n|move|p1b: Torkoal|Eruption|p2b: Glaceon|[spread] p2a\n|-activate|p2b: Glaceon|move: Protect\n|-resisted|p2a: Incineroar|1\n|-damage|p2a: Incineroar|0 fnt\n|faint|p2a: Incineroar\n|\n|-weather|SunnyDay|[upkeep]\n|-fieldend|move: Trick Room\n|upkeep\n|\n|t:|1776262507\n|switch|p2a: Froslass|Froslass-Mega, L50, F|100/100\n|-weather|Snowscape|[from] ability: Snow Warning|[of] p2a: Froslass\n|turn|6\n|\n|t:|1776262519\n|switch|p1b: Incineroar|Incineroar, L50, F|26/100 psn\n|-ability|p1b: Incineroar|Intimidate|boost\n|-unboost|p2a: Froslass|atk|1\n|-unboost|p2b: Glaceon|atk|1\n|move|p2a: Froslass|Blizzard|p1b: Incineroar|[spread] p1a,p1b\n|-resisted|p1b: Incineroar|1\n|-damage|p1a: Farigiraf|54/100\n|-damage|p1b: Incineroar|7/100 psn\n|move|p2b: Glaceon|Blizzard|p1b: Incineroar|[spread] p1a,p1b\n|-resisted|p1b: Incineroar|1\n|-damage|p1a: Farigiraf|10/100\n|-damage|p1b: Incineroar|0 fnt\n|faint|p1b: Incineroar\n|move|p1a: Farigiraf|Trick Room|p1a: Farigiraf\n|-fieldstart|move: Trick Room|[of] p1a: Farigiraf\n|\n|-weather|Snowscape|[upkeep]\n|upkeep\n|\n|t:|1776262532\n|switch|p1b: Golurk|Golurk, L50|100/100\n|turn|7\n|inactive|bagigiba has 30 seconds left.\n|inactive|bagigiba has 20 seconds left.\n|inactive|bagigiba has 15 seconds left.\n|inactive|bagigiba has 10 seconds left.\n|inactive|bagigiba has 5 seconds left.\n|\n|t:|1776262588\n|detailschange|p1b: Golurk|Golurk-Mega, L50\n|-mega|p1b: Golurk|Golurk|Golurkite\n|move|p1a: Farigiraf|Helping Hand|p1b: Golurk\n|-singleturn|p1b: Golurk|Helping Hand|[of] p1a: Farigiraf\n|move|p2a: Froslass|Protect|p2a: Froslass\n|-singleturn|p2a: Froslass|Protect\n|move|p1b: Golurk|Knock Off|p2a: Froslass\n|-supereffective|p2a: Froslass|1\n|-ability|p1b: Golurk|Unseen Fist\n|-zbroken|p2a: Froslass\n|-damage|p2a: Froslass|81/100\n|move|p2b: Glaceon|Blizzard|p1a: Farigiraf|[spread] p1a,p1b\n|-supereffective|p1b: Golurk|1\n|-damage|p1a: Farigiraf|0 fnt\n|-damage|p1b: Golurk|29/100\n|faint|p1a: Farigiraf\n|\n|-weather|Snowscape|[upkeep]\n|upkeep\n|\n|t:|1776262599\n|switch|p1a: Torkoal|Torkoal, L50, F|100/100\n|-weather|SunnyDay|[from] ability: Drought|[of] p1a: Torkoal\n|turn|8\n|inactive|bagigiba has 30 seconds left.\n|inactive|bagigiba has 20 seconds left.\n|inactive|bagigiba has 15 seconds left.\n|inactive|bagigiba has 10 seconds left.\n|inactive|bagigiba has 5 seconds left.\n|\n|t:|1776262654\n|move|p1a: Torkoal|Eruption|p2b: Glaceon|[spread] p2a,p2b\n|-supereffective|p2a: Froslass|1\n|-supereffective|p2b: Glaceon|1\n|-damage|p2a: Froslass|0 fnt\n|-damage|p2b: Glaceon|0 fnt\n|faint|p2a: Froslass\n|faint|p2b: Glaceon\n|\n|win|heroplayer2026\n|raw|heroplayer2026's rating: 1131 &rarr; <strong>1158</strong><br />(+27 for winning)\n|raw|bagigiba's rating: 1155 &rarr; <strong>1128</strong><br />(-27 for losing)\n",
  "uploadtime": 1776262659,
  "views": 23,
  "formatid": "gen9championsvgc2026regma",
  "rating": 1128,
  "private": 0,
  "password": null
}