{
  "id": "gen9championsvgc2026regma-2587064350",
  "format": "[Gen 9 Champions] VGC 2026 Reg M-A",
  "players": [
    "mkbeo",
    "r200412030"
  ],
  "log": "|j|\u2606mkbeo\n|j|\u2606r200412030\n|t:|1776488624\n|gametype|doubles\n|player|p1|mkbeo|caitlin|1125\n|player|p2|r200412030|norman|1228\n|gen|9\n|tier|[Gen 9 Champions] VGC 2026 Reg M-A\n|rated|\n|rule|Species Clause: Limit one of each Pok\u00e9mon\n|rule|Item Clause: Limit 1 of each item\n|clearpoke\n|poke|p1|Beedrill, L50, F, shiny|\n|poke|p1|Arcanine-Hisui, L50, F|\n|poke|p1|Whimsicott, L50, M|\n|poke|p1|Primarina, L50, M, shiny|\n|poke|p1|Alakazam, L50, M, shiny|\n|poke|p1|Sneasler, L50, F|\n|poke|p2|Skarmory, L50, M|\n|poke|p2|Raichu, L50, F|\n|poke|p2|Politoed, L50, F|\n|poke|p2|Basculegion, L50, M|\n|poke|p2|Meganium, L50, M|\n|poke|p2|Garchomp, L50, M|\n|teampreview|4\n|\n|t:|1776488688\n|teamsize|p1|4\n|teamsize|p2|4\n|start\n|switch|p1a: Whimsicott|Whimsicott, L50, M|100/100\n|switch|p1b: Arcanine|Arcanine-Hisui, L50, F|100/100\n|switch|p2a: Politoed|Politoed, L50, F|100/100\n|switch|p2b: Garchomp|Garchomp, L50, M|100/100\n|-ability|p1b: Arcanine|Intimidate|boost\n|-unboost|p2a: Politoed|atk|1\n|-unboost|p2b: Garchomp|atk|1\n|-weather|RainDance|[from] ability: Drizzle|[of] p2a: Politoed\n|turn|1\n|\n|t:|1776488728\n|move|p1a: Whimsicott|Tailwind|p1a: Whimsicott\n|-sidestart|p1: mkbeo|move: Tailwind\n|move|p2b: Garchomp|Stomping Tantrum|p1b: Arcanine\n|-supereffective|p1b: Arcanine|2\n|-damage|p1b: Arcanine|0 fnt\n|faint|p1b: Arcanine\n|move|p2a: Politoed|Encore|p1a: Whimsicott\n|-start|p1a: Whimsicott|Encore\n|\n|-weather|RainDance|[upkeep]\n|upkeep\n|inactive|Battle timer is ON: inactive players will automatically lose when time's up. (requested by mkbeo)\n|\n|t:|1776488742\n|switch|p1b: Alakazam|Alakazam, L50, M, shiny|100/100\n|turn|2\n|\n|t:|1776488765\n|switch|p1a: Sneasler|Sneasler, L50, F|100/100\n|detailschange|p1b: Alakazam|Alakazam-Mega, L50, M, shiny\n|-mega|p1b: Alakazam|Alakazam|Alakazite\n|-ability|p1b: Alakazam|Rough Skin|Trace|[from] ability: Trace|[of] p2b: Garchomp\n|move|p1b: Alakazam|Protect|p1b: Alakazam\n|-singleturn|p1b: Alakazam|Protect\n|move|p2b: Garchomp|Stomping Tantrum|p1b: Alakazam\n|-activate|p1b: Alakazam|move: Protect\n|move|p2a: Politoed|Muddy Water|p1b: Alakazam|[spread] p1a\n|-activate|p1b: Alakazam|move: Protect\n|-damage|p1a: Sneasler|37/100\n|-unboost|p1a: Sneasler|accuracy|1\n|-enditem|p1a: Sneasler|White Herb\n|-clearnegativeboost|p1a: Sneasler|[silent]\n|\n|-weather|RainDance|[upkeep]\n|upkeep\n|turn|3\n|inactive|r200412030 has 30 seconds left.\n|inactive|r200412030 has 20 seconds left.\n|\n|t:|1776488802\n|move|p1a: Sneasler|Fake Out|p2a: Politoed\n|-damage|p2a: Politoed|86/100\n|move|p1b: Alakazam|Dazzling Gleam|p2b: Garchomp|[spread] p2a,p2b\n|-supereffective|p2b: Garchomp|1\n|-damage|p2a: Politoed|61/100\n|-damage|p2b: Garchomp|39/100\n|move|p2b: Garchomp|Stomping Tantrum|p1a: Sneasler\n|-supereffective|p1a: Sneasler|1\n|-damage|p1a: Sneasler|0 fnt\n|faint|p1a: Sneasler\n|cant|p2a: Politoed|flinch\n|\n|-weather|RainDance|[upkeep]\n|upkeep\n|\n|t:|1776488813\n|switch|p1a: Whimsicott|Whimsicott, L50, M|100/100\n|turn|4\n|\n|t:|1776488823\n|move|p1b: Alakazam|Protect|p1b: Alakazam\n|-singleturn|p1b: Alakazam|Protect\n|move|p1a: Whimsicott|Moonblast|p2b: Garchomp\n|-supereffective|p2b: Garchomp|1\n|-damage|p2b: Garchomp|0 fnt\n|faint|p2b: Garchomp\n|move|p2a: Politoed|Perish Song|p2a: Politoed\n|-start|p1a: Whimsicott|perish3|[silent]\n|-start|p1b: Alakazam|perish3|[silent]\n|-start|p2a: Politoed|perish3|[silent]\n|-fieldactivate|move: Perish Song\n|\n|-weather|RainDance|[upkeep]\n|-start|p1b: Alakazam|perish3\n|-start|p1a: Whimsicott|perish3\n|-start|p2a: Politoed|perish3\n|-sideend|p1: mkbeo|move: Tailwind\n|upkeep\n|\n|t:|1776488834\n|switch|p2b: Basculegion|Basculegion, L50, M|100/100\n|turn|5\n|\n|t:|1776488856\n|switch|p2a: Skarmory|Skarmory, L50, M|100/100\n|move|p2b: Basculegion|Protect|p2b: Basculegion\n|-singleturn|p2b: Basculegion|Protect\n|move|p1a: Whimsicott|Encore||[still]\n|-fail|p1a: Whimsicott\n|move|p1b: Alakazam|Energy Ball|p2b: Basculegion\n|-activate|p2b: Basculegion|move: Protect\n|\n|-weather|none\n|-start|p1b: Alakazam|perish2\n|-start|p1a: Whimsicott|perish2\n|upkeep\n|turn|6\n|c|\u2606mkbeo|gg\n|inactive|r200412030 has 30 seconds left.\n|inactive|r200412030 has 20 seconds left.\n|inactive|r200412030 has 15 seconds left.\n|inactive|r200412030 has 10 seconds left.\n|\n|t:|1776488901\n|switch|p2b: Politoed|Politoed, L50, F|61/100\n|-weather|RainDance|[from] ability: Drizzle|[of] p2b: Politoed\n|detailschange|p2a: Skarmory|Skarmory-Mega, L50, M\n|-mega|p2a: Skarmory|Skarmory|Skarmorite\n|move|p1b: Alakazam|Dazzling Gleam|p2b: Politoed|[spread] p2a,p2b\n|-resisted|p2a: Skarmory|1\n|-damage|p2a: Skarmory|83/100\n|-damage|p2b: Politoed|37/100\n|-enditem|p2b: Politoed|Sitrus Berry|[eat]\n|-heal|p2b: Politoed|62/100|[from] item: Sitrus Berry\n|move|p1a: Whimsicott|Moonblast|p2b: Politoed\n|-damage|p2b: Politoed|26/100\n|move|p2a: Skarmory|Brave Bird|p1b: Alakazam\n|-damage|p1b: Alakazam|0 fnt\n|-damage|p2a: Skarmory|71/100|[from] ability: Rough Skin|[of] p1b: Alakazam\n|faint|p1b: Alakazam\n|-damage|p2a: Skarmory|40/100|[from] Recoil\n|\n|-weather|RainDance|[upkeep]\n|-start|p1a: Whimsicott|perish1\n|upkeep\n|turn|7\n|c|\u2606mkbeo|gg\n|-message|mkbeo forfeited.\n|\n|win|r200412030\n|raw|mkbeo's rating: 1125 &rarr; <strong>1107</strong><br />(-18 for losing)\n|raw|r200412030's rating: 1228 &rarr; <strong>1246</strong><br />(+18 for winning)\n|l|\u2606mkbeo\n|player|p1|\n",
  "uploadtime": 1776489049,
  "views": 15,
  "formatid": "gen9championsvgc2026regma",
  "rating": 1107,
  "private": 0,
  "password": null
}