{
  "id": "gen9championsvgc2026regma-2582066525",
  "format": "[Gen 9 Champions] VGC 2026 Reg M-A",
  "players": [
    "lilyflows",
    "Mwau08"
  ],
  "log": "|j|\u2606lilyflows\n|j|\u2606Mwau08\n|t:|1776053787\n|gametype|doubles\n|player|p1|lilyflows|n|1066\n|player|p2|Mwau08|dawn-gen4pt|1082\n|gen|9\n|tier|[Gen 9 Champions] VGC 2026 Reg M-A\n|rated|\n|rule|Species Clause: Limit one of each Pok\u00e9mon\n|rule|Item Clause: Limit 1 of each item\n|clearpoke\n|poke|p1|Pelipper, L50, F|\n|poke|p1|Starmie, L50|\n|poke|p1|Archaludon, L50, M|\n|poke|p1|Sneasler, L50, M|\n|poke|p1|Politoed, L50, M|\n|poke|p1|Basculegion, L50, M|\n|poke|p2|Gengar, L50, F|\n|poke|p2|Garganacl, L50, M|\n|poke|p2|Aggron, L50, F|\n|poke|p2|Runerigus, L50, M|\n|poke|p2|Talonflame, L50, F|\n|poke|p2|Hatterene, L50, F|\n|teampreview|4\n|inactive|Battle timer is ON: inactive players will automatically lose when time's up. (requested by Mwau08)\n|inactive|lilyflows also wants the timer to be on.\nMwau08 rejected open team sheets.\n|\n|t:|1776053806\n|teamsize|p1|4\n|teamsize|p2|4\n|start\n|switch|p1a: Pelipper|Pelipper, L50, F|100/100\n|switch|p1b: Archaludon|Archaludon, L50, M|100/100\n|switch|p2a: Hatterene|Hatterene, L50, F, shiny|100/100\n|switch|p2b: Garganacl|Garganacl, L50, M|100/100\n|-weather|RainDance|[from] ability: Drizzle|[of] p1a: Pelipper\n|turn|1\n|\n|t:|1776053822\n|move|p1b: Archaludon|Electro Shot||[still]\n|-prepare|p1b: Archaludon|Electro Shot\n|-boost|p1b: Archaludon|spa|1\n|-anim|p1b: Archaludon|Electro Shot|p2a: Hatterene\n|-damage|p2a: Hatterene|23/100\n|move|p1a: Pelipper|Tailwind|p1a: Pelipper\n|-sidestart|p1: lilyflows|move: Tailwind\n|move|p2b: Garganacl|Salt Cure|p1a: Pelipper\n|-supereffective|p1a: Pelipper|1\n|-damage|p1a: Pelipper|74/100\n|-start|p1a: Pelipper|Salt Cure\n|move|p2a: Hatterene|Trick Room|p2a: Hatterene\n|-fieldstart|move: Trick Room|[of] p2a: Hatterene\n|\n|-weather|RainDance|[upkeep]\n|-heal|p1a: Pelipper|80/100|[from] item: Leftovers\n|-damage|p1a: Pelipper|68/100|[from] Salt Cure\n|upkeep\n|turn|2\n|\n|t:|1776053847\n|move|p2b: Garganacl|Helping Hand|p2a: Hatterene\n|-singleturn|p2a: Hatterene|Helping Hand|[of] p2b: Garganacl\n|move|p2a: Hatterene|Expanding Force|p1b: Archaludon\n|-resisted|p1b: Archaludon|1\n|-damage|p1b: Archaludon|43/100\n|-ability|p1b: Archaludon|Stamina|boost\n|-boost|p1b: Archaludon|def|1\n|move|p1a: Pelipper|Weather Ball|p2b: Garganacl\n|-supereffective|p2b: Garganacl|1\n|-damage|p2b: Garganacl|29/100\n|move|p1b: Archaludon|Electro Shot||[still]\n|-prepare|p1b: Archaludon|Electro Shot\n|-boost|p1b: Archaludon|spa|1\n|-anim|p1b: Archaludon|Electro Shot|p2a: Hatterene\n|-damage|p2a: Hatterene|0 fnt\n|faint|p2a: Hatterene\n|\n|-weather|RainDance|[upkeep]\n|-heal|p2b: Garganacl|34/100|[from] item: Leftovers\n|-heal|p1a: Pelipper|74/100|[from] item: Leftovers\n|-damage|p1a: Pelipper|62/100|[from] Salt Cure\n|upkeep\n|inactive|Mwau08 has 30 seconds left.\n|\n|t:|1776053878\n|switch|p2a: Aggron|Aggron, L50, F|100/100\n|turn|3\n|\n|t:|1776053895\n|detailschange|p2a: Aggron|Aggron-Mega, L50, F\n|-mega|p2a: Aggron|Aggron|Aggronite\n|move|p1b: Archaludon|Protect|p1b: Archaludon\n|-singleturn|p1b: Archaludon|Protect\n|move|p2b: Garganacl|Rock Slide|p1a: Pelipper|[spread] p1a\n|-activate|p1b: Archaludon|move: Protect\n|-supereffective|p1a: Pelipper|1\n|-damage|p1a: Pelipper|25/100\n|move|p2a: Aggron|Body Press|p1b: Archaludon\n|-activate|p1b: Archaludon|move: Protect\n|move|p1a: Pelipper|Weather Ball|p2b: Garganacl\n|-supereffective|p2b: Garganacl|1\n|-damage|p2b: Garganacl|0 fnt\n|faint|p2b: Garganacl\n|\n|-weather|RainDance|[upkeep]\n|-heal|p1a: Pelipper|31/100|[from] item: Leftovers\n|-damage|p1a: Pelipper|19/100|[from] Salt Cure\n|upkeep\n|\n|t:|1776053908\n|switch|p2b: Runerigus|Runerigus, L50, M|100/100\n|turn|4\n|\n|t:|1776053929\n|switch|p1b: Basculegion|Basculegion, L50, M|100/100\n|move|p1a: Pelipper|Protect|p1a: Pelipper\n|-singleturn|p1a: Pelipper|Protect\n|move|p2b: Runerigus|Shadow Claw|p1a: Pelipper\n|-activate|p1a: Pelipper|move: Protect\n|move|p2a: Aggron|Curse|p2a: Aggron\n|-unboost|p2a: Aggron|spe|1\n|-boost|p2a: Aggron|atk|1\n|-boost|p2a: Aggron|def|1\n|\n|-weather|RainDance|[upkeep]\n|-heal|p1a: Pelipper|25/100|[from] item: Leftovers\n|-damage|p1a: Pelipper|13/100|[from] Salt Cure\n|-sideend|p1: lilyflows|move: Tailwind\n|upkeep\n|turn|5\n|inactive|Mwau08 has 30 seconds left.\n|\n|t:|1776053961\n|move|p1b: Basculegion|Protect|p1b: Basculegion\n|-singleturn|p1b: Basculegion|Protect\n|move|p2a: Aggron|Body Press|p1a: Pelipper\n|-resisted|p1a: Pelipper|1\n|-damage|p1a: Pelipper|0 fnt\n|faint|p1a: Pelipper\n|move|p2b: Runerigus|Shadow Claw|p1b: Basculegion\n|-activate|p1b: Basculegion|move: Protect\n|\n|-weather|none\n|-fieldend|move: Trick Room\n|upkeep\n|\n|t:|1776053971\n|switch|p1a: Politoed|Politoed, L50, M|100/100\n|-weather|RainDance|[from] ability: Drizzle|[of] p1a: Politoed\n|turn|6\n|\n|t:|1776053993\n|move|p1a: Politoed|Helping Hand|p1b: Basculegion\n|-singleturn|p1b: Basculegion|Helping Hand|[of] p1a: Politoed\n|move|p1b: Basculegion|Last Respects|p2b: Runerigus\n|-supereffective|p2b: Runerigus|1\n|-damage|p2b: Runerigus|0 fnt\n|faint|p2b: Runerigus\n|move|p2a: Aggron|Heavy Slam|p1a: Politoed\n|-resisted|p1a: Politoed|1\n|-damage|p1a: Politoed|42/100\n|\n|-weather|RainDance|[upkeep]\n|upkeep\n|turn|7\n|\n|t:|1776054008\n|move|p1b: Basculegion|Wave Crash|p2a: Aggron\n|-damage|p2a: Aggron|63/100\n|-damage|p1b: Basculegion|89/100|[from] Recoil\n|move|p1a: Politoed|Weather Ball|p2a: Aggron\n|-damage|p2a: Aggron|7/100\n|move|p2a: Aggron|Earthquake|p1b: Basculegion|[spread] p1a,p1b\n|-damage|p1a: Politoed|0 fnt\n|-damage|p1b: Basculegion|48/100\n|faint|p1a: Politoed\n|\n|-weather|RainDance|[upkeep]\n|upkeep\n|\n|t:|1776054017\n|switch|p1a: Archaludon|Archaludon, L50, M|43/100\n|turn|8\n|\n|t:|1776054025\n|move|p1b: Basculegion|Wave Crash|p2a: Aggron\n|-damage|p2a: Aggron|0 fnt\n|faint|p2a: Aggron\n|-damage|p1b: Basculegion|46/100|[from] Recoil\n|\n|win|lilyflows\n|raw|lilyflows's rating: 1066 &rarr; <strong>1097</strong><br />(+31 for winning)\n|raw|Mwau08's rating: 1082 &rarr; <strong>1059</strong><br />(-23 for losing)\n|c|\u2606lilyflows|gg\n|c|\u2606Mwau08|gg\n",
  "uploadtime": 1776054044,
  "views": 8,
  "formatid": "gen9championsvgc2026regma",
  "rating": 1059,
  "private": 0,
  "password": null
}