{
  "id": "gen9championsvgc2026regma-2585201878",
  "format": "[Gen 9 Champions] VGC 2026 Reg M-A",
  "players": [
    "rgeee",
    "Blackboard"
  ],
  "log": "|j|\u2606rgeee\n|j|\u2606Blackboard\n|t:|1776324376\n|gametype|doubles\n|player|p1|rgeee|266|1175\n|player|p2|Blackboard|dragontamer|1188\n|gen|9\n|tier|[Gen 9 Champions] VGC 2026 Reg M-A\n|rated|\n|rule|Species Clause: Limit one of each Pok\u00e9mon\n|rule|Item Clause: Limit 1 of each item\n|clearpoke\n|poke|p1|Zoroark-Hisui, L50, F|\n|poke|p1|Torkoal, L50, F|\n|poke|p1|Incineroar, L50, M|\n|poke|p1|Farigiraf, L50, M|\n|poke|p1|Kommo-o, L50, M|\n|poke|p1|Audino, L50, F|\n|poke|p2|Politoed, L50, M|\n|poke|p2|Tyranitar, L50, F|\n|poke|p2|Aerodactyl, L50, F|\n|poke|p2|Greninja-*, L50, M|\n|poke|p2|Zoroark-Hisui, L50, M|\n|poke|p2|Blastoise, L50, F|\n|teampreview|4\n|\n|t:|1776324402\n|teamsize|p1|4\n|teamsize|p2|4\n|start\n|switch|p1a: Audino|Audino, L50, F|100/100\n|switch|p1b: Incineroar|Incineroar, L50, M|100/100\n|switch|p2a: Aerodactyl|Aerodactyl, L50, F|100/100\n|switch|p2b: Greninja|Greninja, L50, M|100/100\n|-ability|p2a: Aerodactyl|Unnerve\n|-ability|p1b: Incineroar|Intimidate|boost\n|-unboost|p2a: Aerodactyl|atk|1\n|-unboost|p2b: Greninja|atk|1\n|turn|1\n|\n|t:|1776324452\n|switch|p2a: Tyranitar|Tyranitar, L50, F|100/100\n|-weather|Sandstorm|[from] ability: Sand Stream|[of] p2a: Tyranitar\n|switch|p1b: Kommo-o|Kommo-o, L50, M|100/100\n|detailschange|p1a: Audino|Audino-Mega, L50, F\n|-mega|p1a: Audino|Audino|Audinite\n|move|p2b: Greninja|Sludge Bomb|p1a: Audino\n|-supereffective|p1a: Audino|1\n|-damage|p1a: Audino|61/100\n|-status|p1a: Audino|psn\n|move|p1a: Audino|Trick Room|p1a: Audino\n|-fieldstart|move: Trick Room|[of] p1a: Audino\n|\n|-weather|Sandstorm|[upkeep]\n|-damage|p1a: Audino|55/100 psn|[from] Sandstorm\n|-damage|p1b: Kommo-o|94/100|[from] Sandstorm\n|-damage|p2b: Greninja|94/100|[from] Sandstorm\n|-damage|p1a: Audino|43/100 psn|[from] psn\n|upkeep\n|turn|2\n|\n|t:|1776324487\n|switch|p1a: Torkoal|Torkoal, L50, F|100/100\n|-weather|SunnyDay|[from] ability: Drought|[of] p1a: Torkoal\n|switch|p2a: Aerodactyl|Aerodactyl, L50, F|100/100\n|-ability|p2a: Aerodactyl|Unnerve\n|move|p1b: Kommo-o|Aura Sphere|p2a: Aerodactyl\n|-damage|p2a: Aerodactyl|52/100\n|move|p2b: Greninja|Sludge Bomb|p1a: Torkoal\n|-damage|p1a: Torkoal|61/100\n|\n|-weather|SunnyDay|[upkeep]\n|upkeep\n|turn|3\n|\n|t:|1776324534\n|move|p2a: Aerodactyl|Protect|p2a: Aerodactyl\n|-singleturn|p2a: Aerodactyl|Protect\n|move|p1a: Torkoal|Heat Wave|p2a: Aerodactyl|[spread] p2b\n|-activate|p2a: Aerodactyl|move: Protect\n|-damage|p2b: Greninja|0 fnt\n|replace|p2b: Zoroark|Zoroark-Hisui, L50, M\n|-end|p2b: Zoroark|Illusion\n|faint|p2b: Zoroark\n|move|p1b: Kommo-o|Clanging Scales|p2a: Aerodactyl\n|-activate|p2a: Aerodactyl|move: Protect\n|\n|-weather|SunnyDay|[upkeep]\n|upkeep\n|\n|t:|1776324544\n|switch|p2b: Tyranitar|Tyranitar, L50, F|100/100\n|-weather|Sandstorm|[from] ability: Sand Stream|[of] p2b: Tyranitar\n|turn|4\n|\n|t:|1776324567\n|switch|p1a: Audino|Audino-Mega, L50, F|43/100 psn\n|detailschange|p2a: Aerodactyl|Aerodactyl-Mega, L50, F\n|-mega|p2a: Aerodactyl|Aerodactyl|Aerodactylite\n|move|p1b: Kommo-o|Aura Sphere|p2a: Aerodactyl\n|-damage|p2a: Aerodactyl|23/100\n|move|p2b: Tyranitar|Rock Slide|p1a: Audino|[spread] p1a,p1b\n|-resisted|p1b: Kommo-o|1\n|-damage|p1a: Audino|23/100 psn\n|-damage|p1b: Kommo-o|81/100\n|move|p2a: Aerodactyl|Rock Slide|p1b: Kommo-o|[spread] p1a,p1b\n|-resisted|p1b: Kommo-o|1\n|-damage|p1a: Audino|4/100 psn\n|-damage|p1b: Kommo-o|70/100\n|\n|-weather|Sandstorm|[upkeep]\n|-damage|p1a: Audino|0 fnt|[from] Sandstorm\n|-damage|p1b: Kommo-o|64/100|[from] Sandstorm\n|faint|p1a: Audino\n|upkeep\n|\n|t:|1776324575\n|switch|p1a: Torkoal|Torkoal, L50, F|61/100\n|-weather|SunnyDay|[from] ability: Drought|[of] p1a: Torkoal\n|turn|5\n|\n|t:|1776324590\n|switch|p2b: Greninja|Greninja, L50, M|100/100\n|move|p2a: Aerodactyl|Protect|p2a: Aerodactyl\n|-singleturn|p2a: Aerodactyl|Protect\n|move|p1a: Torkoal|Eruption|p2a: Aerodactyl|[spread] p2b\n|-activate|p2a: Aerodactyl|move: Protect\n|-resisted|p2b: Greninja|1\n|-damage|p2b: Greninja|60/100\n|move|p1b: Kommo-o|Clangorous Soul|p1b: Kommo-o\n|-boost|p1b: Kommo-o|atk|1\n|-boost|p1b: Kommo-o|def|1\n|-boost|p1b: Kommo-o|spa|1\n|-boost|p1b: Kommo-o|spd|1\n|-boost|p1b: Kommo-o|spe|1\n|-damage|p1b: Kommo-o|31/100\n|-enditem|p1b: Kommo-o|Sitrus Berry|[eat]\n|-heal|p1b: Kommo-o|55/100|[from] item: Sitrus Berry\n|\n|-weather|SunnyDay|[upkeep]\n|-fieldend|move: Trick Room\n|upkeep\n|turn|6\n|\n|t:|1776324646\n|switch|p1a: Incineroar|Incineroar, L50, M|100/100\n|-ability|p1a: Incineroar|Intimidate|boost\n|-unboost|p2a: Aerodactyl|atk|1\n|-unboost|p2b: Greninja|atk|1\n|move|p1b: Kommo-o|Vacuum Wave|p2a: Aerodactyl\n|-damage|p2a: Aerodactyl|0 fnt\n|faint|p2a: Aerodactyl\n|move|p2b: Greninja|Rock Slide|p1b: Kommo-o|[spread] p1a,p1b\n|-start|p2b: Greninja|typechange|Rock|[from] ability: Protean\n|-supereffective|p1a: Incineroar|1\n|-resisted|p1b: Kommo-o|1\n|-damage|p1a: Incineroar|71/100\n|-damage|p1b: Kommo-o|52/100\n|\n|-weather|SunnyDay|[upkeep]\n|upkeep\n|\n|t:|1776324659\n|switch|p2a: Tyranitar|Tyranitar, L50, F|100/100\n|-weather|Sandstorm|[from] ability: Sand Stream|[of] p2a: Tyranitar\n|turn|7\n|\n|t:|1776324670\n|move|p1a: Incineroar|Fake Out|p2a: Tyranitar\n|-resisted|p2a: Tyranitar|1\n|-damage|p2a: Tyranitar|94/100\n|move|p1b: Kommo-o|Vacuum Wave|p2b: Greninja\n|-supereffective|p2b: Greninja|1\n|-damage|p2b: Greninja|8/100\n|move|p2b: Greninja|Rock Slide|p1b: Kommo-o|[spread] p1a,p1b\n|-supereffective|p1a: Incineroar|1\n|-resisted|p1b: Kommo-o|1\n|-damage|p1a: Incineroar|45/100\n|-damage|p1b: Kommo-o|47/100\n|cant|p2a: Tyranitar|flinch\n|\n|-weather|Sandstorm|[upkeep]\n|-damage|p1b: Kommo-o|41/100|[from] Sandstorm\n|-damage|p1a: Incineroar|39/100|[from] Sandstorm\n|upkeep\n|turn|8\n|\n|t:|1776324702\n|switch|p1a: Torkoal|Torkoal, L50, F|61/100\n|-weather|SunnyDay|[from] ability: Drought|[of] p1a: Torkoal\n|move|p2b: Greninja|Shadow Sneak|p1b: Kommo-o\n|-damage|p1b: Kommo-o|37/100\n|move|p2a: Tyranitar|Dragon Claw|p1b: Kommo-o\n|-supereffective|p1b: Kommo-o|1\n|-damage|p1b: Kommo-o|7/100\n|move|p1b: Kommo-o|Aura Sphere|p2a: Tyranitar\n|-supereffective|p2a: Tyranitar|2\n|-damage|p2a: Tyranitar|0 fnt\n|faint|p2a: Tyranitar\n|\n|-weather|SunnyDay|[upkeep]\n|upkeep\n|turn|9\n|-message|Blackboard forfeited.\n|\n|win|rgeee\n|raw|rgeee's rating: 1175 &rarr; <strong>1201</strong><br />(+26 for winning)\n|raw|Blackboard's rating: 1188 &rarr; <strong>1162</strong><br />(-26 for losing)\n|l|\u2606Blackboard\n|player|p2|\n",
  "uploadtime": 1776324720,
  "views": 21,
  "formatid": "gen9championsvgc2026regma",
  "rating": 1162,
  "private": 0,
  "password": null
}