{
  "id": "gen9championsvgc2026regma-2583639516",
  "format": "[Gen 9 Champions] VGC 2026 Reg M-A",
  "players": [
    "vvvolcarona",
    "brunofsabath"
  ],
  "log": "|j|\u2606vvvolcarona\n|j|\u2606brunofsabath\n|t:|1776188126\n|gametype|doubles\n|player|p1|vvvolcarona|miku-psychic|1026\n|player|p2|brunofsabath|infielder|1048\n|gen|9\n|tier|[Gen 9 Champions] VGC 2026 Reg M-A\n|rated|\n|rule|Species Clause: Limit one of each Pok\u00e9mon\n|rule|Item Clause: Limit 1 of each item\n|clearpoke\n|poke|p1|Floette-Eternal, L50, F|\n|poke|p1|Sylveon, L50, M|\n|poke|p1|Incineroar, L50, M|\n|poke|p1|Farigiraf, L50, F|\n|poke|p1|Volcarona, L50, M|\n|poke|p1|Sinistcha, L50|\n|poke|p2|Toxicroak, L50, M|\n|poke|p2|Meowstic, L50, M|\n|poke|p2|Pelipper, L50, F|\n|poke|p2|Incineroar, L50, M|\n|poke|p2|Drampa, L50, M|\n|poke|p2|Archaludon, L50, F|\n|teampreview|4\n|c|\u2606vvvolcarona|glhf\nvvvolcarona has agreed to open team sheets.\n|inactive|Battle timer is ON: inactive players will automatically lose when time's up. (requested by brunofsabath)\n|c|\u2606brunofsabath|what mean \"glhf\u00e7\"?\n|\n|t:|1776188164\n|teamsize|p1|4\n|teamsize|p2|4\n|start\n|switch|p1a: Ryomen Sukuna|Incineroar, L50, M|100/100\n|switch|p1b: Fumihiko Takaba|Farigiraf, L50, F|100/100\n|switch|p2a: Toxicroak|Toxicroak, L50, M|100/100\n|switch|p2b: Meowstic|Meowstic, L50, M|100/100\n|-ability|p1a: Ryomen Sukuna|Intimidate|boost\n|-unboost|p2a: Toxicroak|atk|1\n|-unboost|p2b: Meowstic|atk|1\n|turn|1\n|c|\u2606vvvolcarona|GLHF = Good Luck Have Fun\n|inactive|vvvolcarona has 30 seconds left.\n|c|\u2606brunofsabath|oh\n|c|\u2606brunofsabath|u too\n|\n|t:|1776188196\n|move|p2a: Toxicroak|Fake Out||[still]\n|cant|p1b: Fumihiko Takaba|ability: Armor Tail|Fake Out|[of] p2a: Toxicroak\n|move|p1a: Ryomen Sukuna|Fake Out|p2b: Meowstic\n|-damage|p2b: Meowstic|86/100\n|cant|p2b: Meowstic|flinch\n|move|p1b: Fumihiko Takaba|Hyper Voice|p2b: Meowstic|[spread] p2a,p2b\n|-damage|p2a: Toxicroak|53/100\n|-damage|p2b: Meowstic|49/100\n|\n|-heal|p2a: Toxicroak|59/100|[from] item: Leftovers\n|upkeep\n|turn|2\n|\n|t:|1776188216\n|move|p2b: Meowstic|Rain Dance|p2b: Meowstic\n|-weather|RainDance\n|move|p2a: Toxicroak|Taunt|p1a: Ryomen Sukuna\n|-start|p1a: Ryomen Sukuna|move: Taunt\n|cant|p1a: Ryomen Sukuna|move: Taunt|Parting Shot\n|move|p1b: Fumihiko Takaba|Sunny Day|p1b: Fumihiko Takaba\n|-weather|SunnyDay\n|\n|-weather|SunnyDay|[upkeep]\n|-damage|p2a: Toxicroak|47/100|[from] ability: Dry Skin|[of] p2a: Toxicroak\n|-heal|p2a: Toxicroak|53/100|[from] item: Leftovers\n|upkeep\n|turn|3\n|\n|t:|1776188229\n|switch|p2a: Archaludon|Archaludon, L50, F, shiny|100/100\n|switch|p1a: Jogo|Volcarona, L50, M|100/100\n|move|p2b: Meowstic|Rain Dance|p2b: Meowstic\n|-weather|RainDance\n|move|p1b: Fumihiko Takaba|Sunny Day|p1b: Fumihiko Takaba\n|-weather|SunnyDay\n|\n|-weather|SunnyDay|[upkeep]\n|upkeep\n|turn|4\n|\n|t:|1776188254\n|move|p2b: Meowstic|Rain Dance|p2b: Meowstic\n|-weather|RainDance\n|move|p1a: Jogo|Fiery Dance|p2a: Archaludon\n|-damage|p2a: Archaludon|76/100\n|-boost|p1a: Jogo|spa|1\n|-ability|p2a: Archaludon|Stamina|boost\n|-boost|p2a: Archaludon|def|1\n|move|p2a: Archaludon|Electro Shot||[still]\n|-prepare|p2a: Archaludon|Electro Shot\n|-boost|p2a: Archaludon|spa|1\n|-anim|p2a: Archaludon|Electro Shot|p1b: Fumihiko Takaba\n|-damage|p1b: Fumihiko Takaba|63/100\n|move|p1b: Fumihiko Takaba|Sunny Day|p1b: Fumihiko Takaba\n|-weather|SunnyDay\n|\n|-weather|SunnyDay|[upkeep]\n|-heal|p1b: Fumihiko Takaba|69/100|[from] item: Leftovers\n|upkeep\n|turn|5\n|\n|t:|1776188271\n|move|p2b: Meowstic|Rain Dance|p2b: Meowstic\n|-weather|RainDance\n|move|p1a: Jogo|Quiver Dance|p1a: Jogo\n|-boost|p1a: Jogo|spa|1\n|-boost|p1a: Jogo|spd|1\n|-boost|p1a: Jogo|spe|1\n|move|p2a: Archaludon|Electro Shot||[still]\n|-prepare|p2a: Archaludon|Electro Shot\n|-boost|p2a: Archaludon|spa|1\n|-anim|p2a: Archaludon|Electro Shot|p1b: Fumihiko Takaba\n|-damage|p1b: Fumihiko Takaba|19/100\n|move|p1b: Fumihiko Takaba|Hyper Voice|p2a: Archaludon|[spread] p2a,p2b\n|-resisted|p2a: Archaludon|1\n|-damage|p2a: Archaludon|62/100\n|-damage|p2b: Meowstic|14/100\n|-ability|p2a: Archaludon|Stamina|boost\n|-boost|p2a: Archaludon|def|1\n|\n|-weather|RainDance|[upkeep]\n|-heal|p1b: Fumihiko Takaba|25/100|[from] item: Leftovers\n|upkeep\n|turn|6\n|\n|t:|1776188293\n|switch|p2b: Incineroar|Incineroar, L50, M|100/100\n|-ability|p2b: Incineroar|Intimidate|boost\n|-unboost|p1a: Jogo|atk|1\n|-unboost|p1b: Fumihiko Takaba|atk|1\n|move|p1a: Jogo|Fiery Dance|p2b: Incineroar\n|-resisted|p2b: Incineroar|1\n|-damage|p2b: Incineroar|77/100\n|-boost|p1a: Jogo|spa|1\n|move|p2a: Archaludon|Electro Shot||[still]\n|-prepare|p2a: Archaludon|Electro Shot\n|-boost|p2a: Archaludon|spa|1\n|-anim|p2a: Archaludon|Electro Shot|p1b: Fumihiko Takaba\n|-damage|p1b: Fumihiko Takaba|0 fnt\n|faint|p1b: Fumihiko Takaba\n|\n|-weather|RainDance|[upkeep]\n|upkeep\n|\n|t:|1776188298\n|switch|p1b: Ryomen Sukuna|Incineroar, L50, M|100/100\n|-ability|p1b: Ryomen Sukuna|Intimidate|boost\n|-unboost|p2a: Archaludon|atk|1\n|-unboost|p2b: Incineroar|atk|1\n|turn|7\n|\n|t:|1776188315\n|move|p1a: Jogo|Protect|p1a: Jogo\n|-singleturn|p1a: Jogo|Protect\n|move|p2b: Incineroar|Fake Out|p1a: Jogo\n|-activate|p1a: Jogo|move: Protect\n|move|p1b: Ryomen Sukuna|Parting Shot|p2a: Archaludon\n|-unboost|p2a: Archaludon|atk|1\n|-unboost|p2a: Archaludon|spa|1\n|\n|t:|1776188321\n|switch|p1b: Yuta Okkotsu|Floette-Eternal, L50, F|100/100|[from] Parting Shot\n|move|p2a: Archaludon|Electro Shot||[still]\n|-prepare|p2a: Archaludon|Electro Shot\n|-boost|p2a: Archaludon|spa|1\n|-anim|p2a: Archaludon|Electro Shot|p1a: Jogo\n|-activate|p1a: Jogo|move: Protect\n|\n|-weather|RainDance|[upkeep]\n|upkeep\n|turn|8\n|\n|t:|1776188345\n|switch|p2b: Meowstic|Meowstic, L50, M|14/100\n|detailschange|p1b: Yuta Okkotsu|Floette-Mega, L50, F\n|-mega|p1b: Yuta Okkotsu|Floette|Floettite\n|-ability|p1b: Yuta Okkotsu|Fairy Aura\n|move|p1a: Jogo|Fiery Dance|p2a: Archaludon\n|-damage|p2a: Archaludon|7/100\n|-ability|p2a: Archaludon|Stamina|boost\n|-boost|p2a: Archaludon|def|1\n|-enditem|p2a: Archaludon|Sitrus Berry|[eat]\n|-heal|p2a: Archaludon|32/100|[from] item: Sitrus Berry\n|move|p1b: Yuta Okkotsu|Light of Ruin|p2b: Meowstic\n|-damage|p2b: Meowstic|0 fnt\n|faint|p2b: Meowstic\n|-damage|p1b: Yuta Okkotsu|94/100|[from] Recoil\n|move|p2a: Archaludon|Flash Cannon|p1b: Yuta Okkotsu\n|-supereffective|p1b: Yuta Okkotsu|1\n|-damage|p1b: Yuta Okkotsu|0 fnt\n|faint|p1b: Yuta Okkotsu\n|\n|-weather|RainDance|[upkeep]\n|upkeep\n|\n|t:|1776188364\n|switch|p2b: Incineroar|Incineroar, L50, M|77/100\n|switch|p1b: Ryomen Sukuna|Incineroar, L50, M|100/100\n|-ability|p1b: Ryomen Sukuna|Intimidate|boost\n|-unboost|p2a: Archaludon|atk|1\n|-unboost|p2b: Incineroar|atk|1\n|-ability|p2b: Incineroar|Intimidate|boost\n|-unboost|p1a: Jogo|atk|1\n|-unboost|p1b: Ryomen Sukuna|atk|1\n|turn|9\n|\n|t:|1776188383\n|move|p1b: Ryomen Sukuna|Fake Out|p2b: Incineroar\n|-damage|p2b: Incineroar|71/100\n|cant|p2b: Incineroar|flinch\n|move|p1a: Jogo|Fiery Dance|p2a: Archaludon\n|-damage|p2a: Archaludon|0 fnt\n|-boost|p1a: Jogo|spa|1\n|faint|p2a: Archaludon\n|\n|-weather|none\n|upkeep\n|\n|t:|1776188393\n|switch|p2a: Toxicroak|Toxicroak, L50, M|53/100\n|turn|10\n|\n|t:|1776188403\n|move|p2a: Toxicroak|Fake Out|p1a: Jogo\n|-damage|p1a: Jogo|80/100\n|cant|p1a: Jogo|flinch\n|move|p1b: Ryomen Sukuna|Flare Blitz|p2a: Toxicroak\n|-damage|p2a: Toxicroak|0 fnt\n|faint|p2a: Toxicroak\n|-damage|p1b: Ryomen Sukuna|87/100|[from] Recoil\n|move|p2b: Incineroar|Flare Blitz|p1a: Jogo\n|-damage|p1a: Jogo|32/100\n|-damage|p2b: Incineroar|58/100|[from] Recoil\n|\n|upkeep\n|turn|11\n|\n|t:|1776188416\n|move|p1a: Jogo|Fiery Dance|p2b: Incineroar\n|-resisted|p2b: Incineroar|1\n|-damage|p2b: Incineroar|0 fnt\n|-boost|p1a: Jogo|spa|1\n|faint|p2b: Incineroar\n|\n|win|vvvolcarona\n|raw|vvvolcarona's rating: 1026 &rarr; <strong>1064</strong><br />(+38 for winning)\n|raw|brunofsabath's rating: 1048 &rarr; <strong>1030</strong><br />(-18 for losing)\n|c|\u2606vvvolcarona|gg\n|l|\u2606vvvolcarona\n|player|p1|\n|j|\u2606vvvolcarona\n|player|p1|vvvolcarona|miku-psychic|\n|l|\u2606vvvolcarona\n|player|p1|\n|j|\u2606vvvolcarona\n|player|p1|vvvolcarona|miku-psychic|\n",
  "uploadtime": 1776188450,
  "views": 25,
  "formatid": "gen9championsvgc2026regma",
  "rating": 1030,
  "private": 0,
  "password": null
}