{
  "id": "gen9championsvgc2026regma-2588712838",
  "format": "[Gen 9 Champions] VGC 2026 Reg M-A",
  "players": [
    "ziadsgooch",
    "captainbader224"
  ],
  "log": "|j|\u2606ziadsgooch\n|j|\u2606captainbader224\n|t:|1776660847\n|gametype|doubles\n|player|p1|ziadsgooch|266|1165\n|player|p2|captainbader224|265|1247\n|gen|9\n|tier|[Gen 9 Champions] VGC 2026 Reg M-A\n|rated|\n|rule|Species Clause: Limit one of each Pok\u00e9mon\n|rule|Item Clause: Limit 1 of each item\n|clearpoke\n|poke|p1|Gengar, L50, M|\n|poke|p1|Sableye, L50, F|\n|poke|p1|Incineroar, L50, F|\n|poke|p1|Tyranitar, L50, M|\n|poke|p1|Kommo-o, L50, F|\n|poke|p1|Sinistcha, L50|\n|poke|p2|Incineroar, L50, F|\n|poke|p2|Ampharos, L50, F|\n|poke|p2|Farigiraf, L50, F|\n|poke|p2|Blastoise, L50, F|\n|poke|p2|Sinistcha, L50|\n|poke|p2|Crabominable, L50, M|\n|teampreview|4\ncaptainbader224 rejected open team sheets.\n|inactive|Battle timer is ON: inactive players will automatically lose when time's up. (requested by captainbader224)\n|\n|t:|1776660885\n|teamsize|p1|4\n|teamsize|p2|4\n|start\n|switch|p1a: Gengar|Gengar, L50, M|100/100\n|switch|p1b: Incineroar|Incineroar, L50, F|100/100\n|switch|p2a: Farigiraf|Farigiraf, L50, F|100/100\n|switch|p2b: Blastoise|Blastoise, L50, F|100/100\n|-ability|p1b: Incineroar|Intimidate|boost\n|-unboost|p2a: Farigiraf|atk|1\n|-unboost|p2b: Blastoise|atk|1\n|turn|1\n|\n|t:|1776660901\n|detailschange|p1a: Gengar|Gengar-Mega, L50, M\n|-mega|p1a: Gengar|Gengar|Gengarite\n|move|p2b: Blastoise|Fake Out|p1b: Incineroar\n|-damage|p1b: Incineroar|95/100\n|move|p1a: Gengar|Shadow Ball|p2b: Blastoise\n|-damage|p2b: Blastoise|58/100\n|cant|p1b: Incineroar|flinch\n|move|p2a: Farigiraf|Trick Room|p2a: Farigiraf\n|-fieldstart|move: Trick Room|[of] p2a: Farigiraf\n|\n|upkeep\n|turn|2\n|\n|t:|1776660921\n|move|p1a: Gengar|Protect|p1a: Gengar\n|-singleturn|p1a: Gengar|Protect\n|move|p2a: Farigiraf|Rain Dance|p2a: Farigiraf\n|-weather|RainDance\n|move|p1b: Incineroar|Throat Chop|p2a: Farigiraf\n|-supereffective|p2a: Farigiraf|1\n|-damage|p2a: Farigiraf|31/100\n|-start|p2a: Farigiraf|Throat Chop|[silent]\n|move|p2b: Blastoise|Water Spout|p1a: Gengar|[spread] p1b\n|-activate|p1a: Gengar|move: Protect\n|-supereffective|p1b: Incineroar|1\n|-damage|p1b: Incineroar|41/100\n|\n|-weather|RainDance|[upkeep]\n|-heal|p2b: Blastoise|64/100|[from] ability: Rain Dish\n|upkeep\n|turn|3\n|\n|t:|1776660940\n|move|p1b: Incineroar|Protect|p1b: Incineroar\n|-singleturn|p1b: Incineroar|Protect\n|move|p2a: Farigiraf|Twin Beam|p1a: Gengar\n|-supereffective|p1a: Gengar|1\n|-damage|p1a: Gengar|56/100\n|-supereffective|p1a: Gengar|1\n|-damage|p1a: Gengar|9/100\n|-hitcount|p1a: Gengar|2\n|move|p2b: Blastoise|Water Pulse|p1b: Incineroar\n|-activate|p1b: Incineroar|move: Protect\n|move|p1a: Gengar|Shadow Ball|p2b: Blastoise\n|-damage|p2b: Blastoise|25/100\n|\n|-weather|RainDance|[upkeep]\n|-heal|p2b: Blastoise|31/100|[from] ability: Rain Dish\n|-end|p2a: Farigiraf|Throat Chop|[silent]\n|upkeep\n|turn|4\n|inactive|captainbader224 has 30 seconds left.\n|inactive|captainbader224 has 20 seconds left.\n|inactive|captainbader224 has 15 seconds left.\n|\n|t:|1776660983\n|switch|p1b: Kommo-o|Kommo-o, L50, F|100/100\n|move|p1a: Gengar|Protect|p1a: Gengar\n|-singleturn|p1a: Gengar|Protect\n|move|p2a: Farigiraf|Twin Beam|p1a: Gengar\n|-activate|p1a: Gengar|move: Protect\n|move|p2b: Blastoise|Water Spout|p1b: Kommo-o|[spread] p1b\n|-activate|p1a: Gengar|move: Protect\n|-resisted|p1b: Kommo-o|1\n|-damage|p1b: Kommo-o|89/100\n|\n|-weather|RainDance|[upkeep]\n|-heal|p2b: Blastoise|37/100|[from] ability: Rain Dish\n|-heal|p1b: Kommo-o|95/100|[from] item: Leftovers\n|upkeep\n|turn|5\n|\n|t:|1776661008\n|switch|p1a: Incineroar|Incineroar, L50, F|41/100\n|-ability|p1a: Incineroar|Intimidate|boost\n|-unboost|p2a: Farigiraf|atk|1\n|-unboost|p2b: Blastoise|atk|1\n|move|p2a: Farigiraf|Twin Beam|p1b: Kommo-o\n|-supereffective|p1b: Kommo-o|1\n|-damage|p1b: Kommo-o|42/100\n|-supereffective|p1b: Kommo-o|1\n|-damage|p1b: Kommo-o|0 fnt\n|faint|p1b: Kommo-o\n|-hitcount|p1: Kommo-o|2\n|move|p2b: Blastoise|Water Spout|p1a: Incineroar\n|-supereffective|p1a: Incineroar|1\n|-crit|p1a: Incineroar\n|-damage|p1a: Incineroar|0 fnt\n|faint|p1a: Incineroar\n|\n|-weather|RainDance|[upkeep]\n|-heal|p2b: Blastoise|43/100|[from] ability: Rain Dish\n|-fieldend|move: Trick Room\n|upkeep\n|\n|t:|1776661025\n|switch|p1b: Tyranitar|Tyranitar, L50, M|100/100\n|switch|p1a: Gengar|Gengar-Mega, L50, M|9/100\n|-weather|Sandstorm|[from] ability: Sand Stream|[of] p1b: Tyranitar\n|turn|6\n|inactive|captainbader224 has 30 seconds left.\n|\n|t:|1776661054\n|move|p1a: Gengar|Shadow Ball|p2b: Blastoise\n|-damage|p2b: Blastoise|4/100\n|move|p1b: Tyranitar|Knock Off|p2a: Farigiraf\n|-supereffective|p2a: Farigiraf|1\n|-damage|p2a: Farigiraf|0 fnt\n|-enditem|p2a: Farigiraf|Focus Sash|[from] move: Knock Off|[of] p1b: Tyranitar\n|faint|p2a: Farigiraf\n|move|p2b: Blastoise|Water Pulse|p1a: Gengar\n|-damage|p1a: Gengar|0 fnt\n|faint|p1a: Gengar\n|\n|-weather|Sandstorm|[upkeep]\n|-damage|p2b: Blastoise|0 fnt|[from] Sandstorm\n|faint|p2b: Blastoise\n|upkeep\n|\n|t:|1776661067\n|switch|p2b: Sinistcha|Sinistcha, L50|100/100\n|switch|p2a: Crabominable|Crabominable, L50, M|100/100\n|turn|7\n|\n|t:|1776661074\n|detailschange|p2a: Crabominable|Crabominable-Mega, L50, M\n|-mega|p2a: Crabominable|Crabominable|Crabominite\n|move|p2b: Sinistcha|Rage Powder|p2b: Sinistcha\n|-singleturn|p2b: Sinistcha|move: Rage Powder\n|move|p1b: Tyranitar|Knock Off|p2b: Sinistcha\n|-supereffective|p2b: Sinistcha|1\n|-damage|p2b: Sinistcha|5/100\n|-enditem|p2b: Sinistcha|Mental Herb|[from] move: Knock Off|[of] p1b: Tyranitar\n|move|p2a: Crabominable|Drain Punch|p1b: Tyranitar\n|-supereffective|p1b: Tyranitar|2\n|-damage|p1b: Tyranitar|0 fnt\n|faint|p1b: Tyranitar\n|\n|win|captainbader224\n|raw|ziadsgooch's rating: 1165 &rarr; <strong>1146</strong><br />(-19 for losing)\n|raw|captainbader224's rating: 1247 &rarr; <strong>1266</strong><br />(+19 for winning)\n|l|\u2606ziadsgooch\n|player|p1|\n",
  "uploadtime": 1776661086,
  "views": 12,
  "formatid": "gen9championsvgc2026regma",
  "rating": 1146,
  "private": 0,
  "password": null
}