{
  "id": "gen9championsvgc2026regma-2587814235",
  "format": "[Gen 9 Champions] VGC 2026 Reg M-A",
  "players": [
    "Missing love",
    "LetHimSleep"
  ],
  "log": "|j|\u2606Missing love\n|j|\u2606LetHimSleep\n|t:|1776566713\n|gametype|doubles\n|player|p1|Missing love|volo|1443\n|player|p2|LetHimSleep|boarder|1411\n|gen|9\n|tier|[Gen 9 Champions] VGC 2026 Reg M-A\n|rated|\n|rule|Species Clause: Limit one of each Pok\u00e9mon\n|rule|Item Clause: Limit 1 of each item\n|clearpoke\n|poke|p1|Meganium, L50, F|\n|poke|p1|Tyranitar, L50, F|\n|poke|p1|Garchomp, L50, F|\n|poke|p1|Aegislash, L50, F|\n|poke|p1|Milotic, L50, M|\n|poke|p1|Aerodactyl, L50, M|\n|poke|p2|Delphox, L50, M|\n|poke|p2|Garchomp, L50, F|\n|poke|p2|Clefable, L50, F|\n|poke|p2|Tyranitar, L50, F|\n|poke|p2|Farigiraf, L50, M|\n|poke|p2|Rotom-Wash, L50|\n|teampreview|4\n|inactive|Battle timer is ON: inactive players will automatically lose when time's up. (requested by Missing love)\n|inactive|Missing love has 60 seconds left.\n|\n|t:|1776566768\n|teamsize|p1|4\n|teamsize|p2|4\n|start\n|switch|p1a: Milotic|Milotic, L50, M|100/100\n|switch|p1b: Meganium|Meganium, L50, F|100/100\n|switch|p2a: Delphox|Delphox, L50, M|100/100\n|switch|p2b: Garchomp|Garchomp, L50, F|100/100\n|turn|1\n|inactive|LetHimSleep has 30 seconds left.\n|\n|t:|1776566801\n|switch|p2a: Rotom|Rotom-Wash, L50|100/100\n|switch|p1b: Tyranitar|Tyranitar, L50, F|100/100\n|-weather|Sandstorm|[from] ability: Sand Stream|[of] p1b: Tyranitar\n|move|p2b: Garchomp|Rock Slide|p1a: Milotic|[spread] p1a,p1b\n|-damage|p1a: Milotic|84/100\n|-damage|p1b: Tyranitar|86/100\n|move|p1a: Milotic|Icy Wind|p2b: Garchomp|[spread] p2a,p2b\n|-resisted|p2a: Rotom|1\n|-supereffective|p2b: Garchomp|2\n|-damage|p2a: Rotom|95/100\n|-damage|p2b: Garchomp|50/100\n|-unboost|p2a: Rotom|spe|1\n|-unboost|p2b: Garchomp|spe|1\n|\n|-weather|Sandstorm|[upkeep]\n|-damage|p1a: Milotic|78/100|[from] Sandstorm\n|-damage|p2a: Rotom|90/100|[from] Sandstorm\n|-heal|p1a: Milotic|84/100|[from] item: Leftovers\n|-heal|p2a: Rotom|95/100|[from] item: Leftovers\n|upkeep\n|turn|2\n|inactive|LetHimSleep has 30 seconds left.\n|\n|t:|1776566826\n|move|p2b: Garchomp|Rock Slide|p1b: Tyranitar|[spread] p1a,p1b\n|-damage|p1a: Milotic|65/100\n|-damage|p1b: Tyranitar|69/100\n|move|p1a: Milotic|Icy Wind|p2a: Rotom|[spread] p2a,p2b\n|-resisted|p2a: Rotom|1\n|-supereffective|p2b: Garchomp|2\n|-damage|p2a: Rotom|90/100\n|-damage|p2b: Garchomp|0 fnt\n|-unboost|p2a: Rotom|spe|1\n|faint|p2b: Garchomp\n|move|p1b: Tyranitar|Rock Slide|p2a: Rotom\n|-damage|p2a: Rotom|54/100\n|move|p2a: Rotom|Thunderbolt|p1a: Milotic\n|-supereffective|p1a: Milotic|1\n|-damage|p1a: Milotic|12/100\n|-status|p1a: Milotic|par\n|\n|-weather|Sandstorm|[upkeep]\n|-damage|p1a: Milotic|6/100 par|[from] Sandstorm\n|-damage|p2a: Rotom|48/100|[from] Sandstorm\n|-heal|p1a: Milotic|12/100 par|[from] item: Leftovers\n|-heal|p2a: Rotom|54/100|[from] item: Leftovers\n|upkeep\n|\n|t:|1776566843\n|switch|p2b: Tyranitar|Tyranitar, L50, F|100/100\n|turn|3\n|\n|t:|1776566859\n|switch|p1a: Garchomp|Garchomp, L50, F|100/100\n|move|p2a: Rotom|Protect|p2a: Rotom\n|-singleturn|p2a: Rotom|Protect\n|move|p1b: Tyranitar|Low Kick|p2b: Tyranitar\n|-supereffective|p2b: Tyranitar|2\n|-damage|p2b: Tyranitar|0 fnt\n|faint|p2b: Tyranitar\n|\n|-weather|Sandstorm|[upkeep]\n|-damage|p2a: Rotom|48/100|[from] Sandstorm\n|-heal|p2a: Rotom|54/100|[from] item: Leftovers\n|upkeep\n|c|\u2606LetHimSleep|are u min speed too\n|\n|t:|1776566875\n|switch|p2b: Delphox|Delphox, L50, M|100/100\n|turn|4\n|c|\u2606Missing love|97\n|c|\u2606LetHimSleep|oh gotcha\n|c|\u2606LetHimSleep|no speed tie then\n|inactive|Missing love has 30 seconds left.\n|\n|t:|1776566900\n|move|p2b: Delphox|Protect|p2b: Delphox\n|-singleturn|p2b: Delphox|Protect\n|move|p1a: Garchomp|Dragon Claw|p2b: Delphox\n|-activate|p2b: Delphox|move: Protect\n|move|p1b: Tyranitar|Rock Slide|p2b: Delphox|[spread] p2a\n|-activate|p2b: Delphox|move: Protect\n|-damage|p2a: Rotom|25/100\n|cant|p2a: Rotom|flinch\n|\n|-weather|Sandstorm|[upkeep]\n|-damage|p2b: Delphox|94/100|[from] Sandstorm\n|-damage|p2a: Rotom|19/100|[from] Sandstorm\n|-heal|p2a: Rotom|25/100|[from] item: Leftovers\n|upkeep\n|turn|5\n|\n|t:|1776566923\n|detailschange|p2b: Delphox|Delphox-Mega, L50, M\n|-mega|p2b: Delphox|Delphox|Delphoxite\n|move|p1a: Garchomp|Dragon Claw|p2b: Delphox\n|-damage|p2b: Delphox|22/100\n|move|p2b: Delphox|Psychic|p1a: Garchomp\n|-damage|p1a: Garchomp|45/100\n|move|p1b: Tyranitar|Rock Slide|p2b: Delphox|[spread] p2a,p2b\n|-supereffective|p2b: Delphox|1\n|-damage|p2a: Rotom|0 fnt\n|-damage|p2b: Delphox|0 fnt\n|faint|p2a: Rotom\n|faint|p2b: Delphox\n|\n|win|Missing love\n|raw|Missing love's rating: 1443 &rarr; <strong>1461</strong><br />(+18 for winning)\n|raw|LetHimSleep's rating: 1411 &rarr; <strong>1393</strong><br />(-18 for losing)\n|l|\u2606LetHimSleep\n|player|p2|\n|l|\u2606Missing love\n|player|p1|\n",
  "uploadtime": 1776566934,
  "views": 14,
  "formatid": "gen9championsvgc2026regma",
  "rating": 1393,
  "private": 0,
  "password": null
}