{
  "id": "gen9championsvgc2026regma-2582602586",
  "format": "[Gen 9 Champions] VGC 2026 Reg M-A",
  "players": [
    "cactusdestroyer",
    "itastelikeiron"
  ],
  "log": "|j|\u2606cactusdestroyer\n|j|\u2606itastelikeiron\n|t:|1776102012\n|gametype|doubles\n|player|p1|cactusdestroyer|170|1265\n|player|p2|itastelikeiron|infielder|1232\n|gen|9\n|tier|[Gen 9 Champions] VGC 2026 Reg M-A\n|rated|\n|rule|Species Clause: Limit one of each Pok\u00e9mon\n|rule|Item Clause: Limit 1 of each item\n|clearpoke\n|poke|p1|Garchomp, L50, M|\n|poke|p1|Pelipper, L50, M|\n|poke|p1|Archaludon, L50, F|\n|poke|p1|Basculegion, L50, M|\n|poke|p1|Liepard, L50, F|\n|poke|p1|Greninja-*, L50, M|\n|poke|p2|Glimmora, L50, F|\n|poke|p2|Basculegion, L50, M|\n|poke|p2|Whimsicott, L50, F|\n|poke|p2|Incineroar, L50, M|\n|poke|p2|Dragonite, L50, M|\n|poke|p2|Ninetales-Alola, L50, M|\n|teampreview|4\n|\n|t:|1776102056\n|teamsize|p1|4\n|teamsize|p2|4\n|start\n|switch|p1a: Pelipper|Pelipper, L50, M|100/100\n|switch|p1b: Archaludon|Archaludon, L50, F|100/100\n|switch|p2a: Whimsicott|Whimsicott, L50, F|100/100\n|switch|p2b: Basculegion|Basculegion, L50, M|100/100\n|-weather|RainDance|[from] ability: Drizzle|[of] p1a: Pelipper\n|turn|1\n|inactive|Battle timer is ON: inactive players will automatically lose when time's up. (requested by cactusdestroyer)\n|\n|t:|1776102080\n|move|p2a: Whimsicott|Light Screen|p2a: Whimsicott\n|-sidestart|p2: itastelikeiron|move: Light Screen\n|move|p2b: Basculegion|Flip Turn|p1a: Pelipper\n|-resisted|p1a: Pelipper|1\n|-damage|p1a: Pelipper|70/100\n|\n|t:|1776102084\n|switch|p2b: Ninetales|Ninetales-Alola, L50, M|100/100|[from] Flip Turn\n|-weather|Snowscape|[from] ability: Snow Warning|[of] p2b: Ninetales\n|move|p1b: Archaludon|Electro Shot||[still]\n|-prepare|p1b: Archaludon|Electro Shot\n|-boost|p1b: Archaludon|spa|1\n|move|p1a: Pelipper|Tailwind|p1a: Pelipper\n|-sidestart|p1: cactusdestroyer|move: Tailwind\n|\n|-weather|Snowscape|[upkeep]\n|upkeep\n|turn|2\n|\n|t:|1776102099\n|switch|p1a: Liepard|Liepard, L50, F|100/100\n|move|p2a: Whimsicott|Encore|p1a: Liepard\n|-hint|Since gen 7, Dark is immune to Prankster moves.\n|-immune|p1a: Liepard\n|move|p1b: Archaludon|Electro Shot|p2b: Ninetales|[from] lockedmove\n|-damage|p2b: Ninetales|30/100\n|move|p2b: Ninetales|Blizzard|p1b: Archaludon|[spread] p1a,p1b\n|-damage|p1a: Liepard|58/100\n|-damage|p1b: Archaludon|64/100\n|-ability|p1b: Archaludon|Stamina|boost\n|-boost|p1b: Archaludon|def|1\n|\n|-weather|Snowscape|[upkeep]\n|upkeep\n|turn|3\n|\n|t:|1776102116\n|move|p1a: Liepard|Fake Out|p2a: Whimsicott\n|-damage|p2a: Whimsicott|93/100\n|cant|p2a: Whimsicott|flinch\n|move|p1b: Archaludon|Flash Cannon|p2b: Ninetales\n|-supereffective|p2b: Ninetales|2\n|-damage|p2b: Ninetales|0 fnt\n|faint|p2b: Ninetales\n|\n|-weather|Snowscape|[upkeep]\n|upkeep\n|\n|t:|1776102121\n|switch|p2b: Basculegion|Basculegion, L50, M|100/100\n|turn|4\n|\n|t:|1776102133\n|switch|p1a: Pelipper|Pelipper, L50, M|70/100\n|-weather|RainDance|[from] ability: Drizzle|[of] p1a: Pelipper\n|move|p2a: Whimsicott|Tailwind|p2a: Whimsicott\n|-sidestart|p2: itastelikeiron|move: Tailwind\n|move|p2b: Basculegion|Flip Turn|p1a: Pelipper\n|-resisted|p1a: Pelipper|1\n|-damage|p1a: Pelipper|39/100\n|-enditem|p1a: Pelipper|Sitrus Berry|[eat]\n|-heal|p1a: Pelipper|64/100|[from] item: Sitrus Berry\n|\n|t:|1776102137\n|switch|p2b: Dragonite|Dragonite, L50, M|100/100|[from] Flip Turn\n|move|p1b: Archaludon|Electro Shot||[still]\n|-prepare|p1b: Archaludon|Electro Shot\n|-boost|p1b: Archaludon|spa|1\n|-anim|p1b: Archaludon|Electro Shot|p2b: Dragonite\n|-damage|p2b: Dragonite|67/100\n|\n|-weather|RainDance|[upkeep]\n|-sideend|p1: cactusdestroyer|move: Tailwind\n|upkeep\n|turn|5\n|\n|t:|1776102157\n|move|p2a: Whimsicott|Moonblast|p1a: Pelipper\n|-damage|p1a: Pelipper|32/100\n|-unboost|p1a: Pelipper|spa|1\n|move|p2b: Dragonite|Low Kick|p1b: Archaludon\n|-supereffective|p1b: Archaludon|1\n|-damage|p1b: Archaludon|31/100\n|-ability|p1b: Archaludon|Stamina|boost\n|-boost|p1b: Archaludon|def|1\n|move|p1b: Archaludon|Electro Shot||[still]\n|-prepare|p1b: Archaludon|Electro Shot\n|-boost|p1b: Archaludon|spa|1\n|-anim|p1b: Archaludon|Electro Shot|p2b: Dragonite\n|-damage|p2b: Dragonite|0 fnt\n|faint|p2b: Dragonite\n|move|p1a: Pelipper|Tailwind|p1a: Pelipper\n|-sidestart|p1: cactusdestroyer|move: Tailwind\n|\n|-weather|RainDance|[upkeep]\n|-sideend|p2: itastelikeiron|move: Light Screen\n|upkeep\n|\n|t:|1776102160\n|switch|p2b: Basculegion|Basculegion, L50, M|100/100\n|turn|6\n|\n|t:|1776102177\n|move|p2b: Basculegion|Last Respects|p1b: Archaludon\n|-damage|p1b: Archaludon|0 fnt\n|faint|p1b: Archaludon\n|move|p2a: Whimsicott|Moonblast|p1a: Pelipper\n|-damage|p1a: Pelipper|0 fnt\n|faint|p1a: Pelipper\n|\n|-weather|RainDance|[upkeep]\n|upkeep\n|\n|t:|1776102184\n|switch|p1b: Greninja|Greninja, L50, M|100/100\n|switch|p1a: Liepard|Liepard, L50, F|58/100\n|turn|7\n|inactive|cactusdestroyer has 30 seconds left.\n|inactive|cactusdestroyer has 20 seconds left.\n|inactive|cactusdestroyer has 15 seconds left.\n|\n|t:|1776102228\n|detailschange|p1b: Greninja|Greninja-Mega, L50, M\n|-mega|p1b: Greninja|Greninja|Greninjite\n|move|p1b: Greninja|Protect|p1b: Greninja\n|-start|p1b: Greninja|typechange|Normal|[from] ability: Protean\n|-singleturn|p1b: Greninja|Protect\n|move|p2b: Basculegion|Last Respects|p1a: Liepard\n|-resisted|p1a: Liepard|1\n|-damage|p1a: Liepard|0 fnt\n|faint|p1a: Liepard\n|move|p2a: Whimsicott|Moonblast|p1b: Greninja\n|-activate|p1b: Greninja|move: Protect\n|\n|-weather|RainDance|[upkeep]\n|-sideend|p2: itastelikeiron|move: Tailwind\n|upkeep\n|turn|8\n|\n|t:|1776102240\n|move|p2a: Whimsicott|Encore|p1b: Greninja\n|-start|p1b: Greninja|Encore\n|move|p1b: Greninja|Protect|p1b: Greninja\n|-singleturn|p1b: Greninja|Protect\n|move|p2b: Basculegion|Last Respects|p1b: Greninja\n|-activate|p1b: Greninja|move: Protect\n|\n|-weather|none\n|-sideend|p1: cactusdestroyer|move: Tailwind\n|upkeep\n|turn|9\n|\n|t:|1776102247\n|move|p1b: Greninja|Protect||[still]\n|-fail|p1b: Greninja\n|move|p2b: Basculegion|Last Respects|p1b: Greninja\n|-immune|p1b: Greninja\n|move|p2a: Whimsicott|Moonblast|p1b: Greninja\n|-damage|p1b: Greninja|63/100\n|\n|upkeep\n|turn|10\n|\n|t:|1776102251\n|move|p1b: Greninja|Protect|p1b: Greninja\n|-singleturn|p1b: Greninja|Protect\n|move|p2b: Basculegion|Last Respects|p1b: Greninja\n|-activate|p1b: Greninja|move: Protect\n|move|p2a: Whimsicott|Moonblast|p1b: Greninja\n|-activate|p1b: Greninja|move: Protect\n|\n|-end|p1b: Greninja|Encore\n|upkeep\n|turn|11\n|\n|t:|1776102255\n|move|p2a: Whimsicott|Encore|p1b: Greninja\n|-start|p1b: Greninja|Encore\n|move|p1b: Greninja|Protect|p1b: Greninja\n|-singleturn|p1b: Greninja|Protect\n|move|p2b: Basculegion|Last Respects|p1b: Greninja\n|-activate|p1b: Greninja|move: Protect\n|\n|upkeep\n|turn|12\n|-message|cactusdestroyer forfeited.\n|\n|win|itastelikeiron\n|raw|cactusdestroyer's rating: 1265 &rarr; <strong>1238</strong><br />(-27 for losing)\n|raw|itastelikeiron's rating: 1232 &rarr; <strong>1259</strong><br />(+27 for winning)\n|l|\u2606cactusdestroyer\n|player|p1|\n",
  "uploadtime": 1776102263,
  "views": 34,
  "formatid": "gen9championsvgc2026regma",
  "rating": 1238,
  "private": 0,
  "password": null
}