{
  "id": "gen9championsvgc2026regma-2584370751",
  "format": "[Gen 9 Champions] VGC 2026 Reg M-A",
  "players": [
    "PokemonmasterN2009",
    "LovelyLizardLad"
  ],
  "log": "|j|\u2606PokemonmasterN2009\n|j|\u203dLovelyLizardLad\n|t:|1776255697\n|gametype|doubles\n|player|p1|PokemonmasterN2009|az|1253\n|player|p2|LovelyLizardLad|red|1273\n|gen|9\n|tier|[Gen 9 Champions] VGC 2026 Reg M-A\n|rated|\n|rule|Species Clause: Limit one of each Pok\u00e9mon\n|rule|Item Clause: Limit 1 of each item\n|clearpoke\n|poke|p1|Golurk, L50|\n|poke|p1|Hatterene, L50, F|\n|poke|p1|Torkoal, L50, M|\n|poke|p1|Oranguru, L50, M|\n|poke|p1|Snorlax, L50, F|\n|poke|p1|Clefable, L50, M|\n|poke|p2|Delphox, L50, M|\n|poke|p2|Basculegion, L50, M|\n|poke|p2|Clefable, L50, F|\n|poke|p2|Kingambit, L50, F|\n|poke|p2|Sneasler, L50, M|\n|poke|p2|Heliolisk, L50, M|\n|teampreview|4\nLovelyLizardLad has agreed to open team sheets.\n|\n|t:|1776255716\n|teamsize|p1|4\n|teamsize|p2|4\n|start\n|switch|p1a: Oranguru|Oranguru, L50, M|100/100\n|switch|p1b: Hatterene|Hatterene, L50, F|100/100\n|switch|p2a: Kingambit|Kingambit, L50, F|100/100\n|switch|p2b: Delphox|Delphox, L50, M|100/100\n|turn|1\n|\n|t:|1776255740\n|detailschange|p2b: Delphox|Delphox-Mega, L50, M\n|-mega|p2b: Delphox|Delphox|Delphoxite\n|move|p2b: Delphox|Substitute|p2b: Delphox\n|-start|p2b: Delphox|Substitute\n|-damage|p2b: Delphox|76/100\n|move|p1a: Oranguru|Psychic Terrain|p1a: Oranguru\n|-fieldstart|move: Psychic Terrain\n|move|p2a: Kingambit|Swords Dance|p2a: Kingambit\n|-boost|p2a: Kingambit|atk|2\n|move|p1b: Hatterene|Trick Room|p1b: Hatterene\n|-fieldstart|move: Trick Room|[of] p1b: Hatterene\n|\n|upkeep\n|turn|2\n|\n|t:|1776255755\n|move|p2a: Kingambit|Protect|p2a: Kingambit\n|-singleturn|p2a: Kingambit|Protect\n|move|p2b: Delphox|Protect|p2b: Delphox\n|-singleturn|p2b: Delphox|Protect\n|move|p1b: Hatterene|Dazzling Gleam|p2b: Delphox|[spread] \n|-activate|p2a: Kingambit|move: Protect\n|-activate|p2b: Delphox|move: Protect\n|move|p1a: Oranguru|Instruct|p1b: Hatterene\n|-singleturn|p1b: Hatterene|move: Instruct|[of] p1a: Oranguru\n|move|p1b: Hatterene|Dazzling Gleam|p2b: Delphox|[spread] \n|-activate|p2a: Kingambit|move: Protect\n|-activate|p2b: Delphox|move: Protect\n|\n|upkeep\n|turn|3\n|\n|t:|1776255775\n|move|p1b: Hatterene|Dazzling Gleam|p2b: Delphox|[spread] p2a,p2b\n|-resisted|p2b: Delphox|1\n|-activate|p2b: Delphox|move: Substitute|[damage]\n|-damage|p2a: Kingambit|68/100\n|move|p2a: Kingambit|Kowtow Cleave|p2b: Delphox\n|-supereffective|p2b: Delphox|1\n|-end|p2b: Delphox|Substitute\n|move|p1a: Oranguru|Instruct|p1b: Hatterene\n|-singleturn|p1b: Hatterene|move: Instruct|[of] p1a: Oranguru\n|move|p1b: Hatterene|Dazzling Gleam|p2b: Delphox|[spread] p2a,p2b\n|-resisted|p2b: Delphox|1\n|-damage|p2a: Kingambit|34/100\n|-damage|p2b: Delphox|58/100\n|move|p2b: Delphox|Heat Wave|p1b: Hatterene|[spread] p1a,p1b\n|-damage|p1a: Oranguru|75/100\n|-damage|p1b: Hatterene|58/100\n|\n|upkeep\n|turn|4\n|\n|t:|1776255794\n|switch|p1b: Golurk|Golurk, L50|100/100\n|move|p2a: Kingambit|Protect|p2a: Kingambit\n|-singleturn|p2a: Kingambit|Protect\n|move|p2b: Delphox|Protect|p2b: Delphox\n|-singleturn|p2b: Delphox|Protect\n|move|p1a: Oranguru|Psychic|p2b: Delphox\n|-activate|p2b: Delphox|move: Protect\n|\n|upkeep\n|turn|5\n|\n|t:|1776255803\n|switch|p2a: Clefable|Clefable, L50, F|100/100\n|detailschange|p1b: Golurk|Golurk-Mega, L50\n|-mega|p1b: Golurk|Golurk|Golurkite\n|move|p1b: Golurk|Earthquake|p2a: Clefable|[spread] p2a\n|-activate|p1a: Oranguru|ability: Telepathy\n|-immune|p2b: Delphox|[from] ability: Levitate\n|-damage|p2a: Clefable|64/100\n|move|p1a: Oranguru|Instruct|p1b: Golurk\n|-singleturn|p1b: Golurk|move: Instruct|[of] p1a: Oranguru\n|move|p1b: Golurk|Earthquake|p2b: Delphox|[spread] p2a\n|-activate|p1a: Oranguru|ability: Telepathy\n|-immune|p2b: Delphox|[from] ability: Levitate\n|-damage|p2a: Clefable|27/100\n|-enditem|p2a: Clefable|Sitrus Berry|[eat]\n|-heal|p2a: Clefable|52/100|[from] item: Sitrus Berry\n|move|p2b: Delphox|Heat Wave|p1b: Golurk|[spread] p1a,p1b\n|-damage|p1a: Oranguru|46/100\n|-damage|p1b: Golurk|61/100\n|\n|-fieldend|move: Trick Room\n|-fieldend|move: Psychic Terrain\n|upkeep\n|turn|6\n|\n|t:|1776255821\n|move|p2a: Clefable|Helping Hand|p2b: Delphox\n|-singleturn|p2b: Delphox|Helping Hand|[of] p2a: Clefable\n|move|p2b: Delphox|Heat Wave|p1a: Oranguru|[spread] p1a,p1b\n|-damage|p1a: Oranguru|5/100\n|-damage|p1b: Golurk|5/100\n|move|p1b: Golurk|Poltergeist|p2b: Delphox\n|-activate|p2b: Delphox|move: Poltergeist|Delphoxite\n|-supereffective|p2b: Delphox|1\n|-damage|p2b: Delphox|0 fnt\n|faint|p2b: Delphox\n|move|p1a: Oranguru|Trick Room|p1a: Oranguru\n|-fieldstart|move: Trick Room|[of] p1a: Oranguru\n|\n|upkeep\n|\n|t:|1776255831\n|switch|p2b: Sneasler|Sneasler, L50, M|100/100\n|turn|7\n|\n|t:|1776255854\n|switch|p1a: Torkoal|Torkoal, L50, M|100/100\n|-weather|SunnyDay|[from] ability: Drought|[of] p1a: Torkoal\n|move|p2b: Sneasler|Fake Out|p1a: Torkoal\n|-damage|p1a: Torkoal|89/100\n|move|p1b: Golurk|Headlong Rush|p2a: Clefable\n|-damage|p2a: Clefable|0 fnt\n|-unboost|p1b: Golurk|def|1\n|-unboost|p1b: Golurk|spd|1\n|faint|p2a: Clefable\n|\n|-weather|SunnyDay|[upkeep]\n|upkeep\n|\n|t:|1776255863\n|switch|p2a: Kingambit|Kingambit, L50, F|34/100\n|turn|8\n|\n|t:|1776255872\n|move|p2a: Kingambit|Protect|p2a: Kingambit\n|-singleturn|p2a: Kingambit|Protect\n|move|p1a: Torkoal|Eruption|p2a: Kingambit|[spread] p2b\n|-activate|p2a: Kingambit|move: Protect\n|-enditem|p2b: Sneasler|Focus Sash\n|-damage|p2b: Sneasler|1/100\n|move|p1b: Golurk|Headlong Rush|p2b: Sneasler\n|-supereffective|p2b: Sneasler|1\n|-damage|p2b: Sneasler|0 fnt\n|-unboost|p1b: Golurk|def|1\n|-unboost|p1b: Golurk|spd|1\n|faint|p2b: Sneasler\n|\n|-weather|SunnyDay|[upkeep]\n|upkeep\n|turn|9\n|-message|LovelyLizardLad forfeited.\n|\n|win|PokemonmasterN2009\n|raw|PokemonmasterN2009's rating: 1253 &rarr; <strong>1279</strong><br />(+26 for winning)\n|raw|LovelyLizardLad's rating: 1273 &rarr; <strong>1247</strong><br />(-26 for losing)\n",
  "uploadtime": 1776255881,
  "views": 27,
  "formatid": "gen9championsvgc2026regma",
  "rating": 1247,
  "private": 0,
  "password": null
}