{
  "id": "gen9championsvgc2026regma-2584268956",
  "format": "[Gen 9 Champions] VGC 2026 Reg M-A",
  "players": [
    "gunkqing",
    "Terypagos"
  ],
  "log": "|j|\u2606gunkqing\n|j|\u2606Terypagos\n|t:|1776245337\n|gametype|doubles\n|player|p1|gunkqing|101|1352\n|player|p2|Terypagos|turo-ai|1382\n|gen|9\n|tier|[Gen 9 Champions] VGC 2026 Reg M-A\n|rated|\n|rule|Species Clause: Limit one of each Pok\u00e9mon\n|rule|Item Clause: Limit 1 of each item\n|clearpoke\n|poke|p1|Slowbro, L50, M|\n|poke|p1|Meowstic, L50, M|\n|poke|p1|Kingambit, L50, M|\n|poke|p1|Scovillain, L50, M|\n|poke|p1|Farigiraf, L50, F|\n|poke|p1|Torkoal, L50, F|\n|poke|p2|Floette-Eternal, L50, F|\n|poke|p2|Aerodactyl, L50, M|\n|poke|p2|Garchomp, L50, M|\n|poke|p2|Incineroar, L50, F|\n|poke|p2|Basculegion, L50, M|\n|poke|p2|Sneasler, L50, F|\n|teampreview|4\n|inactive|Battle timer is ON: inactive players will automatically lose when time's up. (requested by gunkqing)\n|inactive|Terypagos has 60 seconds left.\n|\n|t:|1776245369\n|teamsize|p1|4\n|teamsize|p2|4\n|start\n|switch|p1a: Farigiraf|Farigiraf, L50, F|100/100\n|switch|p1b: Scovillain|Scovillain, L50, M|100/100\n|switch|p2a: Incineroar|Incineroar, L50, F|100/100\n|switch|p2b: Floette|Floette-Eternal, L50, F|100/100\n|-ability|p2a: Incineroar|Intimidate|boost\n|-unboost|p1a: Farigiraf|atk|1\n|-unboost|p1b: Scovillain|atk|1\n|turn|1\n|\n|t:|1776245392\n|detailschange|p2b: Floette|Floette-Mega, L50, F\n|-mega|p2b: Floette|Floette|Floettite\n|-ability|p2b: Floette|Fairy Aura\n|detailschange|p1b: Scovillain|Scovillain-Mega, L50, M\n|-mega|p1b: Scovillain|Scovillain|Scovillainite\n|move|p2b: Floette|Light of Ruin|p1a: Farigiraf\n|-damage|p1a: Farigiraf|0 fnt\n|faint|p1a: Farigiraf\n|-damage|p2b: Floette|24/100|[from] Recoil\n|move|p1b: Scovillain|Leech Seed|p2b: Floette\n|-start|p2b: Floette|move: Leech Seed\n|move|p2a: Incineroar|Taunt|p1b: Scovillain\n|-start|p1b: Scovillain|move: Taunt\n|\n|-damage|p2b: Floette|12/100|[from] Leech Seed|[of] p1b: Scovillain\n|upkeep\n|\n|t:|1776245406\n|switch|p1a: Kingambit|Kingambit, L50, M|100/100\n|turn|2\n|\n|t:|1776245414\n|switch|p2b: Garchomp|Garchomp, L50, M|100/100\n|move|p1a: Kingambit|Protect|p1a: Kingambit\n|-singleturn|p1a: Kingambit|Protect\n|move|p1b: Scovillain|Flamethrower|p2b: Garchomp\n|-resisted|p2b: Garchomp|1\n|-damage|p2b: Garchomp|79/100\n|move|p2a: Incineroar|Flare Blitz|p1a: Kingambit\n|-activate|p1a: Kingambit|move: Protect\n|\n|upkeep\n|turn|3\n|\n|t:|1776245428\n|switch|p1a: Torkoal|Torkoal, L50, F|100/100\n|-weather|SunnyDay|[from] ability: Drought|[of] p1a: Torkoal\n|move|p2b: Garchomp|Dragon Claw|p1a: Torkoal\n|-damage|p1a: Torkoal|65/100\n|move|p1b: Scovillain|Flamethrower|p2b: Garchomp\n|-resisted|p2b: Garchomp|1\n|-damage|p2b: Garchomp|46/100\n|move|p2a: Incineroar|Flare Blitz|p1a: Torkoal\n|-resisted|p1a: Torkoal|1\n|-damage|p1a: Torkoal|39/100\n|-damage|p2a: Incineroar|93/100|[from] Recoil\n|\n|-weather|SunnyDay|[upkeep]\n|upkeep\n|turn|4\n|\n|t:|1776245446\n|move|p1a: Torkoal|Protect|p1a: Torkoal\n|-singleturn|p1a: Torkoal|Protect\n|move|p2b: Garchomp|Rock Slide|p1a: Torkoal|[spread] p1b\n|-activate|p1a: Torkoal|move: Protect\n|-supereffective|p1b: Scovillain|1\n|-damage|p1b: Scovillain|56/100\n|-status|p2b: Garchomp|brn|[from] ability: Spicy Spray|[of] p1b: Scovillain\n|move|p1b: Scovillain|Flamethrower|p2a: Incineroar\n|-resisted|p2a: Incineroar|1\n|-damage|p2a: Incineroar|69/100\n|move|p2a: Incineroar|Flare Blitz|p1b: Scovillain\n|-damage|p1b: Scovillain|0 fnt\n|-immune|p2a: Incineroar\n|faint|p1b: Scovillain\n|-damage|p2a: Incineroar|53/100|[from] Recoil\n|\n|-weather|SunnyDay|[upkeep]\n|-damage|p2b: Garchomp|40/100 brn|[from] brn\n|upkeep\n|\n|t:|1776245449\n|switch|p1b: Kingambit|Kingambit, L50, M|100/100\n|turn|5\n|\n|t:|1776245463\n|move|p1b: Kingambit|Protect|p1b: Kingambit\n|-singleturn|p1b: Kingambit|Protect\n|move|p2b: Garchomp|Rock Slide|p1b: Kingambit|[spread] p1a\n|-activate|p1b: Kingambit|move: Protect\n|-supereffective|p1a: Torkoal|1\n|-damage|p1a: Torkoal|23/100\n|move|p2a: Incineroar|Flare Blitz|p1b: Kingambit\n|-activate|p1b: Kingambit|move: Protect\n|move|p1a: Torkoal|Weather Ball|p2a: Incineroar\n|-resisted|p2a: Incineroar|1\n|-damage|p2a: Incineroar|21/100\n|-enditem|p2a: Incineroar|Sitrus Berry|[eat]\n|-heal|p2a: Incineroar|46/100|[from] item: Sitrus Berry\n|\n|-weather|SunnyDay|[upkeep]\n|-damage|p2b: Garchomp|34/100 brn|[from] brn\n|upkeep\n|turn|6\n|inactive|gunkqing has 30 seconds left.\n|inactive|gunkqing has 20 seconds left.\n|inactive|gunkqing has 15 seconds left.\n|inactive|gunkqing has 10 seconds left.\n|inactive|gunkqing has 5 seconds left.\n|\n|t:|1776245518\n|move|p1b: Kingambit|Sucker Punch|p2a: Incineroar\n|-resisted|p2a: Incineroar|1\n|-damage|p2a: Incineroar|28/100\n|move|p2b: Garchomp|Dragon Claw|p1a: Torkoal\n|-damage|p1a: Torkoal|6/100\n|move|p2a: Incineroar|Flare Blitz|p1b: Kingambit\n|-supereffective|p1b: Kingambit|1\n|-damage|p1b: Kingambit|0 fnt\n|faint|p1b: Kingambit\n|-damage|p2a: Incineroar|0 fnt|[from] Recoil\n|faint|p2a: Incineroar\n|move|p1a: Torkoal|Eruption|p2b: Garchomp\n|-resisted|p2b: Garchomp|1\n|-damage|p2b: Garchomp|30/100 brn\n|\n|-weather|SunnyDay|[upkeep]\n|-damage|p2b: Garchomp|24/100 brn|[from] brn\n|upkeep\n|\n|t:|1776245533\n|switch|p2a: Floette|Floette-Mega, L50, F|12/100\n|-ability|p2a: Floette|Fairy Aura\n|turn|7\n|-message|gunkqing forfeited.\n|\n|win|Terypagos\n|raw|gunkqing's rating: 1352 &rarr; <strong>1334</strong><br />(-18 for losing)\n|raw|Terypagos's rating: 1382 &rarr; <strong>1400</strong><br />(+18 for winning)\n|l|\u2606gunkqing\n|player|p1|\n|l|\u2606Terypagos\n|player|p2|\n|j|\u2606Terypagos\n|player|p2|Terypagos|turo-ai|\n",
  "uploadtime": 1776245581,
  "views": 32,
  "formatid": "gen9championsvgc2026regma",
  "rating": 1334,
  "private": 0,
  "password": null
}