{
  "id": "gen9championsvgc2026regma-2583176118",
  "format": "[Gen 9 Champions] VGC 2026 Reg M-A",
  "players": [
    "25528989d",
    "Fridge1000"
  ],
  "log": "|j|\u260625528989d\n|j|\u2606Fridge1000\n|t:|1776151231\n|gametype|doubles\n|player|p1|25528989d|roxie-masters|1057\n|player|p2|Fridge1000|ingo|1028\n|gen|9\n|tier|[Gen 9 Champions] VGC 2026 Reg M-A\n|rated|\n|rule|Species Clause: Limit one of each Pok\u00e9mon\n|rule|Item Clause: Limit 1 of each item\n|clearpoke\n|poke|p1|Charizard, L50, M|\n|poke|p1|Tyranitar, L50, F|\n|poke|p1|Gyarados, L50, M|\n|poke|p1|Garchomp, L50, M|\n|poke|p1|Rotom-Mow, L50|\n|poke|p1|Lucario, L50, F|\n|poke|p2|Charizard, L50, M|\n|poke|p2|Venusaur, L50, F|\n|poke|p2|Garchomp, L50, M|\n|poke|p2|Rotom-Wash, L50|\n|poke|p2|Sneasler, L50, M|\n|poke|p2|Incineroar, L50, M|\n|teampreview|4\n|inactive|Battle timer is ON: inactive players will automatically lose when time's up. (requested by Fridge1000)\n|inactive|25528989d has 60 seconds left.\n|\n|t:|1776151268\n|teamsize|p1|4\n|teamsize|p2|4\n|start\n|switch|p1a: Lucario|Lucario, L50, F|100/100\n|switch|p1b: Gyarados|Gyarados, L50, M|100/100\n|switch|p2a: Charizard|Charizard, L50, M, shiny|100/100\n|switch|p2b: Garchomp|Garchomp, L50, M, shiny|100/100\n|-ability|p1b: Gyarados|Intimidate|boost\n|-unboost|p2a: Charizard|atk|1\n|-unboost|p2b: Garchomp|atk|1\n|turn|1\n|\n|t:|1776151288\n|detailschange|p2a: Charizard|Charizard-Mega-Y, L50, M, shiny\n|-mega|p2a: Charizard|Charizard|Charizardite Y\n|-weather|SunnyDay|[from] ability: Drought|[of] p2a: Charizard\n|move|p1a: Lucario|Protect|p1a: Lucario\n|-singleturn|p1a: Lucario|Protect\n|move|p2b: Garchomp|Rock Slide|p1b: Gyarados|[spread] p1b\n|-activate|p1a: Lucario|move: Protect\n|-supereffective|p1b: Gyarados|1\n|-damage|p1b: Gyarados|74/100\n|move|p2a: Charizard|Heat Wave|p1a: Lucario|[spread] p1b\n|-activate|p1a: Lucario|move: Protect\n|-resisted|p1b: Gyarados|1\n|-crit|p1b: Gyarados\n|-damage|p1b: Gyarados|38/100\n|move|p1b: Gyarados|Thunder Wave|p2a: Charizard\n|-status|p2a: Charizard|par\n|\n|-weather|SunnyDay|[upkeep]\n|upkeep\n|turn|2\n|inactive|Fridge1000 has 30 seconds left.\n|\n|t:|1776151315\n|switch|p2b: Incineroar|Incineroar, L50, M, shiny|100/100\n|-ability|p2b: Incineroar|Intimidate|boost\n|-fail|p1a: Lucario|unboost|Attack|[from] ability: Inner Focus|[of] p1a: Lucario\n|-unboost|p1b: Gyarados|atk|1\n|switch|p1a: Tyranitar|Tyranitar, L50, F|100/100\n|-weather|Sandstorm|[from] ability: Sand Stream|[of] p1a: Tyranitar\n|move|p1b: Gyarados|Protect|p1b: Gyarados\n|-singleturn|p1b: Gyarados|Protect\n|move|p2a: Charizard|Heat Wave|p1b: Gyarados|[spread] p1a\n|-activate|p1b: Gyarados|move: Protect\n|-resisted|p1a: Tyranitar|1\n|-damage|p1a: Tyranitar|89/100\n|\n|-weather|Sandstorm|[upkeep]\n|-damage|p1b: Gyarados|32/100|[from] Sandstorm\n|-damage|p2a: Charizard|95/100 par|[from] Sandstorm\n|-damage|p2b: Incineroar|95/100|[from] Sandstorm\n|upkeep\n|turn|3\n|inactive|25528989d has 30 seconds left.\n|inactive|Fridge1000 has 30 seconds left.\n|\n|t:|1776151348\n|switch|p1b: Garchomp|Garchomp, L50, M|100/100\n|switch|p2a: Venusaur|Venusaur, L50, F, shiny|100/100\n|move|p1a: Tyranitar|Protect|p1a: Tyranitar\n|-singleturn|p1a: Tyranitar|Protect\n|move|p2b: Incineroar|Parting Shot|p1a: Tyranitar\n|-activate|p1a: Tyranitar|move: Protect\n|\n|-weather|Sandstorm|[upkeep]\n|-damage|p2a: Venusaur|95/100|[from] Sandstorm\n|-damage|p2b: Incineroar|89/100|[from] Sandstorm\n|upkeep\n|turn|4\n|inactive|25528989d has 30 seconds left.\n|inactive|Fridge1000 has 30 seconds left.\n|\n|t:|1776151378\n|move|p1b: Garchomp|Dragon Claw|p2b: Incineroar\n|-damage|p2b: Incineroar|47/100\n|-enditem|p2b: Incineroar|Sitrus Berry|[eat]\n|-heal|p2b: Incineroar|71/100|[from] item: Sitrus Berry\n|move|p2a: Venusaur|Sleep Powder|p1b: Garchomp\n|-status|p1b: Garchomp|slp|[from] move: Sleep Powder\n|move|p2b: Incineroar|Parting Shot|p1a: Tyranitar\n|-unboost|p1a: Tyranitar|atk|1\n|-unboost|p1a: Tyranitar|spa|1\n|\n|t:|1776151393\n|switch|p2b: Charizard|Charizard-Mega-Y, L50, M, shiny|95/100 par|[from] Parting Shot\n|-weather|SunnyDay|[from] ability: Drought|[of] p2b: Charizard\n|move|p1a: Tyranitar|Rock Slide|p2a: Venusaur|[spread] p2a,p2b\n|-supereffective|p2b: Charizard|2\n|-damage|p2a: Venusaur|64/100\n|-damage|p2b: Charizard|0 fnt\n|faint|p2b: Charizard\n|\n|-weather|SunnyDay|[upkeep]\n|upkeep\n|\n|t:|1776151415\n|switch|p2b: Garchomp|Garchomp, L50, M, shiny|100/100\n|turn|5\n|inactive|Fridge1000 has 30 seconds left.\n|\n|t:|1776151442\n|switch|p1a: Gyarados|Gyarados, L50, M|32/100\n|-ability|p1a: Gyarados|Intimidate|boost\n|-unboost|p2a: Venusaur|atk|1\n|-unboost|p2b: Garchomp|atk|1\n|move|p2a: Venusaur|Sludge Bomb|p1b: Garchomp\n|-resisted|p1b: Garchomp|1\n|-damage|p1b: Garchomp|76/100 slp\n|move|p2b: Garchomp|Bulldoze|p1a: Gyarados|[spread] p2a,p1b\n|-immune|p1a: Gyarados\n|-damage|p2a: Venusaur|38/100\n|-damage|p1b: Garchomp|59/100 slp\n|-unboost|p2a: Venusaur|spe|1\n|-unboost|p1b: Garchomp|spe|1\n|cant|p1b: Garchomp|slp\n|\n|-weather|SunnyDay|[upkeep]\n|upkeep\n|turn|6\n|inactive|25528989d has 30 seconds left.\n|inactive|25528989d has 20 seconds left.\n|inactive|25528989d has 15 seconds left.\n|\n|t:|1776151483\n|move|p2b: Garchomp|Bulldoze|p1a: Gyarados|[spread] p2a,p1b\n|-immune|p1a: Gyarados\n|-damage|p2a: Venusaur|15/100\n|-damage|p1b: Garchomp|41/100 slp\n|-unboost|p2a: Venusaur|spe|1\n|-unboost|p1b: Garchomp|spe|1\n|move|p2a: Venusaur|Sludge Bomb|p1a: Gyarados\n|-damage|p1a: Gyarados|5/100\n|cant|p1b: Garchomp|slp\n|move|p1a: Gyarados|Thunder Wave|p2a: Venusaur\n|-status|p2a: Venusaur|par\n|\n|-weather|SunnyDay|[upkeep]\n|upkeep\n|turn|7\n|\n|t:|1776151502\n|switch|p2b: Incineroar|Incineroar, L50, M, shiny|71/100\n|-ability|p2b: Incineroar|Intimidate|boost\n|-unboost|p1a: Gyarados|atk|1\n|-unboost|p1b: Garchomp|atk|1\n|move|p1a: Gyarados|Protect|p1a: Gyarados\n|-singleturn|p1a: Gyarados|Protect\n|move|p2a: Venusaur|Protect|p2a: Venusaur\n|-singleturn|p2a: Venusaur|Protect\n|-curestatus|p1b: Garchomp|slp|[msg]\n|move|p1b: Garchomp|Dragon Claw|p2b: Incineroar\n|-damage|p2b: Incineroar|39/100\n|\n|-weather|SunnyDay|[upkeep]\n|upkeep\n|turn|8\n|inactive|25528989d has 30 seconds left.\n|inactive|25528989d has 20 seconds left.\n|\n|t:|1776151541\n|switch|p1b: Tyranitar|Tyranitar, L50, F|89/100\n|-weather|Sandstorm|[from] ability: Sand Stream|[of] p1b: Tyranitar\n|move|p2b: Incineroar|Fake Out|p1a: Gyarados\n|-damage|p1a: Gyarados|0 fnt\n|faint|p1a: Gyarados\n|move|p2a: Venusaur|Sludge Bomb|p1b: Tyranitar\n|-resisted|p1b: Tyranitar|1\n|-damage|p1b: Tyranitar|76/100\n|\n|-weather|Sandstorm|[upkeep]\n|-damage|p2b: Incineroar|33/100|[from] Sandstorm\n|-damage|p2a: Venusaur|9/100 par|[from] Sandstorm\n|upkeep\n|inactive|25528989d has 30 seconds left.\n|inactive|25528989d has 20 seconds left.\n|\n|t:|1776151576\n|switch|p1a: Lucario|Lucario, L50, F|100/100\n|turn|9\n|\n|t:|1776151587\n|move|p1a: Lucario|Close Combat|p2b: Incineroar\n|-supereffective|p2b: Incineroar|1\n|-damage|p2b: Incineroar|0 fnt\n|-unboost|p1a: Lucario|def|1\n|-unboost|p1a: Lucario|spd|1\n|faint|p2b: Incineroar\n|move|p1b: Tyranitar|Rock Slide|p2a: Venusaur\n|-damage|p2a: Venusaur|0 fnt\n|faint|p2a: Venusaur\n|\n|-weather|Sandstorm|[upkeep]\n|upkeep\n|\n|t:|1776151599\n|switch|p2b: Garchomp|Garchomp, L50, M, shiny|100/100\n|turn|10\n|\n|t:|1776151618\n|detailschange|p1a: Lucario|Lucario-Mega, L50, F\n|-mega|p1a: Lucario|Lucario|Lucarionite\n|move|p2b: Garchomp|Earthquake|p1a: Lucario|[spread] p1a,p1b\n|-supereffective|p1a: Lucario|1\n|-supereffective|p1b: Tyranitar|1\n|-damage|p1a: Lucario|0 fnt\n|-damage|p1b: Tyranitar|8/100\n|faint|p1a: Lucario\n|move|p1b: Tyranitar|Rock Slide|p2b: Garchomp\n|-resisted|p2b: Garchomp|1\n|-damage|p2b: Garchomp|77/100\n|\n|-weather|Sandstorm|[upkeep]\n|upkeep\n|\n|t:|1776151626\n|switch|p1a: Garchomp|Garchomp, L50, M|41/100\n|turn|11\n|\n|t:|1776151635\n|move|p1a: Garchomp|Dragon Claw|p2b: Garchomp\n|-supereffective|p2b: Garchomp|1\n|-damage|p2b: Garchomp|0 fnt\n|-damage|p1a: Garchomp|29/100|[from] ability: Rough Skin|[of] p2b: Garchomp\n|faint|p2b: Garchomp\n|\n|win|25528989d\n|raw|25528989d's rating: 1057 &rarr; <strong>1086</strong><br />(+29 for winning)\n|raw|Fridge1000's rating: 1028 &rarr; <strong>1015</strong><br />(-13 for losing)\n",
  "uploadtime": 1776151636,
  "views": 15,
  "formatid": "gen9championsvgc2026regma",
  "rating": 1015,
  "private": 0,
  "password": null
}