{
  "id": "gen9championsvgc2026regma-2585279870",
  "format": "[Gen 9 Champions] VGC 2026 Reg M-A",
  "players": [
    "manu0710",
    "CEExy"
  ],
  "log": "|j|\u2606manu0710\n|j|\u2606CEExy\n|t:|1776333225\n|gametype|doubles\n|player|p1|manu0710|266|1144\n|player|p2|CEExy|hilbert|1138\n|gen|9\n|tier|[Gen 9 Champions] VGC 2026 Reg M-A\n|rated|\n|rule|Species Clause: Limit one of each Pok\u00e9mon\n|rule|Item Clause: Limit 1 of each item\n|clearpoke\n|poke|p1|Araquanid, L50, F|\n|poke|p1|Incineroar, L50, F|\n|poke|p1|Whimsicott, L50, F|\n|poke|p1|Venusaur, L50, F|\n|poke|p1|Infernape, L50, F|\n|poke|p1|Floette-Eternal, L50, F|\n|poke|p2|Floette-Eternal, L50, F|\n|poke|p2|Talonflame, L50, M|\n|poke|p2|Sinistcha-Masterpiece, L50|\n|poke|p2|Kingambit, L50, F|\n|poke|p2|Heliolisk, L50, F|\n|poke|p2|Arcanine-Hisui, L50, M|\n|teampreview|4\n|inactive|Battle timer is ON: inactive players will automatically lose when time's up. (requested by manu0710)\n|inactive|manu0710 has 60 seconds left.\n|inactive|CEExy has 60 seconds left.\n|inactive|manu0710 has 30 seconds left.\n|inactive|manu0710 has 20 seconds left.\n|inactive|manu0710 has 15 seconds left.\n|inactive|manu0710 has 10 seconds left.\n|inactive|manu0710 has 5 seconds left.\n|\n|t:|1776333319\n|teamsize|p1|4\n|teamsize|p2|4\n|start\n|switch|p1a: Araquanid|Araquanid, L50, F|100/100\n|switch|p1b: Incineroar|Incineroar, L50, F|100/100\n|switch|p2a: Heliolisk|Heliolisk, L50, F|100/100\n|switch|p2b: Talonflame|Talonflame, L50, M, shiny|100/100\n|-ability|p1b: Incineroar|Intimidate|boost\n|-unboost|p2a: Heliolisk|atk|1\n|-unboost|p2b: Talonflame|atk|1\n|turn|1\n|\n|t:|1776333339\n|move|p2b: Talonflame|Protect|p2b: Talonflame\n|-singleturn|p2b: Talonflame|Protect\n|move|p1b: Incineroar|Fake Out|p2a: Heliolisk\n|-damage|p2a: Heliolisk|75/100\n|cant|p2a: Heliolisk|flinch\n|move|p1a: Araquanid|Liquidation|p2b: Talonflame\n|-activate|p2b: Talonflame|move: Protect\n|\n|upkeep\n|turn|2\n|\n|t:|1776333356\n|switch|p2b: Sinistcha|Sinistcha-Masterpiece, L50|100/100\n|-heal|p2a: Heliolisk|99/100|[from] ability: Hospitality|[of] p2b: Sinistcha\n|move|p2a: Heliolisk|Thunderbolt|p1a: Araquanid\n|-supereffective|p1a: Araquanid|1\n|-damage|p1a: Araquanid|34/100\n|move|p1b: Incineroar|Parting Shot|p2a: Heliolisk\n|-unboost|p2a: Heliolisk|atk|1\n|-unboost|p2a: Heliolisk|spa|1\n|\n|t:|1776333369\n|switch|p1b: Venusaur|Venusaur, L50, F|100/100|[from] Parting Shot\n|move|p1a: Araquanid|Liquidation|p2b: Sinistcha\n|-resisted|p2b: Sinistcha|1\n|-damage|p2b: Sinistcha|66/100\n|\n|-heal|p2b: Sinistcha|72/100|[from] item: Leftovers\n|upkeep\n|turn|3\n|\n|t:|1776333391\n|switch|p1a: Incineroar|Incineroar, L50, F|100/100\n|-ability|p1a: Incineroar|Intimidate|boost\n|-unboost|p2a: Heliolisk|atk|1\n|-unboost|p2b: Sinistcha|atk|1\n|detailschange|p1b: Venusaur|Venusaur-Mega, L50, F\n|-mega|p1b: Venusaur|Venusaur|Venusaurite\n|move|p2a: Heliolisk|Electroweb|p1a: Incineroar|[spread] p1a,p1b\n|-resisted|p1b: Venusaur|1\n|-damage|p1a: Incineroar|89/100\n|-damage|p1b: Venusaur|96/100\n|-unboost|p1a: Incineroar|spe|1\n|-unboost|p1b: Venusaur|spe|1\n|move|p2b: Sinistcha|Matcha Gotcha|p1a: Incineroar|[spread] p1a,p1b\n|-resisted|p1a: Incineroar|1\n|-resisted|p1b: Venusaur|2\n|-damage|p1a: Incineroar|80/100\n|-heal|p2b: Sinistcha|77/100|[from] drain|[of] p1a: Incineroar\n|-damage|p1b: Venusaur|92/100\n|-heal|p2b: Sinistcha|80/100|[from] drain|[of] p1b: Venusaur\n|move|p1b: Venusaur|Leech Seed|p2a: Heliolisk\n|-start|p2a: Heliolisk|move: Leech Seed\n|\n|-heal|p2b: Sinistcha|86/100|[from] item: Leftovers\n|-damage|p2a: Heliolisk|87/100|[from] Leech Seed|[of] p1b: Venusaur\n|-heal|p1b: Venusaur|100/100|[silent]\n|upkeep\n|turn|4\n|inactive|manu0710 has 30 seconds left.\n|inactive|CEExy has 30 seconds left.\n|\n|t:|1776333426\n|switch|p2a: Talonflame|Talonflame, L50, M, shiny|100/100\n|move|p2b: Sinistcha|Protect|p2b: Sinistcha\n|-singleturn|p2b: Sinistcha|Protect\n|move|p1b: Venusaur|Sludge Bomb|p2a: Talonflame\n|-damage|p2a: Talonflame|41/100\n|move|p1a: Incineroar|Flare Blitz|p2b: Sinistcha\n|-activate|p2b: Sinistcha|move: Protect\n|\n|-heal|p2b: Sinistcha|92/100|[from] item: Leftovers\n|upkeep\n|turn|5\n|inactive|manu0710 has 30 seconds left.\n|inactive|CEExy has 30 seconds left.\n|\n|t:|1776333455\n|move|p2a: Talonflame|Protect|p2a: Talonflame\n|-singleturn|p2a: Talonflame|Protect\n|move|p2b: Sinistcha|Strength Sap|p1a: Incineroar\n|-unboost|p1a: Incineroar|atk|1\n|-heal|p2b: Sinistcha|100/100\n|move|p1b: Venusaur|Sludge Bomb|p2a: Talonflame\n|-activate|p2a: Talonflame|move: Protect\n|move|p1a: Incineroar|Flare Blitz|p2b: Sinistcha\n|-supereffective|p2b: Sinistcha|1\n|-damage|p2b: Sinistcha|49/100\n|-damage|p1a: Incineroar|64/100|[from] Recoil\n|\n|-heal|p2b: Sinistcha|55/100|[from] item: Leftovers\n|upkeep\n|turn|6\n|\n|t:|1776333479\n|switch|p2a: Heliolisk|Heliolisk, L50, F|87/100\n|move|p2b: Sinistcha|Strength Sap|p1a: Incineroar\n|-unboost|p1a: Incineroar|atk|1\n|-heal|p2b: Sinistcha|100/100\n|move|p1b: Venusaur|Sludge Bomb|p2a: Heliolisk\n|-damage|p2a: Heliolisk|39/100\n|move|p1a: Incineroar|Parting Shot|p2b: Sinistcha\n|-unboost|p2b: Sinistcha|atk|1\n|-unboost|p2b: Sinistcha|spa|1\n|\n|t:|1776333489\n|switch|p1a: Araquanid|Araquanid, L50, F|34/100|[from] Parting Shot\n|\n|upkeep\n|turn|7\n|-message|manu0710 forfeited.\n|\n|win|CEExy\n|raw|manu0710's rating: 1144 &rarr; <strong>1119</strong><br />(-25 for losing)\n|raw|CEExy's rating: 1138 &rarr; <strong>1163</strong><br />(+25 for winning)\n|l|\u2606manu0710\n|player|p1|\n",
  "uploadtime": 1776333500,
  "views": 23,
  "formatid": "gen9championsvgc2026regma",
  "rating": 1119,
  "private": 0,
  "password": null
}