{
  "id": "gen9championsvgc2026regma-2584242210",
  "format": "[Gen 9 Champions] VGC 2026 Reg M-A",
  "players": [
    "Tamejo",
    "terratron"
  ],
  "log": "|j|\u2606Tamejo\n|j|\u2606terratron\n|t:|1776242307\n|gametype|doubles\n|player|p1|Tamejo|caitlin|1250\n|player|p2|terratron|bruno|1229\n|gen|9\n|tier|[Gen 9 Champions] VGC 2026 Reg M-A\n|rated|\n|rule|Species Clause: Limit one of each Pok\u00e9mon\n|rule|Item Clause: Limit 1 of each item\n|clearpoke\n|poke|p1|Dragapult, L50, M|\n|poke|p1|Corviknight, L50, F|\n|poke|p1|Sylveon, L50, F|\n|poke|p1|Whimsicott, L50, M|\n|poke|p1|Glimmora, L50, M|\n|poke|p1|Emboar, L50, F|\n|poke|p2|Gengar, L50, M|\n|poke|p2|Incineroar, L50, M|\n|poke|p2|Farigiraf, L50, F|\n|poke|p2|Corviknight, L50, F|\n|poke|p2|Tyranitar, L50, M|\n|poke|p2|Excadrill, L50, F|\n|teampreview|4\n|inactive|Battle timer is ON: inactive players will automatically lose when time's up. (requested by terratron)\n|inactive|Tamejo has 60 seconds left.\n|inactive|terratron has 60 seconds left.\n|inactive|Tamejo has 30 seconds left.\n|\n|t:|1776242371\n|teamsize|p1|4\n|teamsize|p2|4\n|start\n|switch|p1a: Corviknight|Corviknight, L50, F|100/100\n|switch|p1b: Dragapult|Dragapult, L50, M|100/100\n|switch|p2a: Farigiraf|Farigiraf, L50, F|100/100\n|switch|p2b: Gengar|Gengar, L50, M, shiny|100/100\n|turn|1\n|\n|t:|1776242388\n|detailschange|p2b: Gengar|Gengar-Mega, L50, M, shiny\n|-mega|p2b: Gengar|Gengar|Gengarite\n|move|p2a: Farigiraf|Ally Switch|p2a: Farigiraf\n|swap|p2a: Farigiraf|1|[from] move: Ally Switch\n|move|p1b: Dragapult|Phantom Force||[still]\n|-prepare|p1b: Dragapult|Phantom Force\n|move|p2a: Gengar|Shadow Ball|p1b: Dragapult|[miss]\n|-miss|p2a: Gengar|p1b: Dragapult\n|move|p1a: Corviknight|Bulk Up|p1a: Corviknight\n|-boost|p1a: Corviknight|atk|1\n|-boost|p1a: Corviknight|def|1\n|\n|upkeep\n|turn|2\n|inactive|terratron has 30 seconds left.\n|inactive|terratron has 20 seconds left.\n|\n|t:|1776242428\n|switch|p2b: Corviknight|Corviknight, L50, F|100/100\n|move|p1b: Dragapult|Phantom Force|p2b: Corviknight|[from] lockedmove\n|-damage|p2b: Corviknight|74/100\n|move|p2a: Gengar|Shadow Ball|p1b: Dragapult\n|-supereffective|p1b: Dragapult|1\n|-damage|p1b: Dragapult|0 fnt\n|faint|p1b: Dragapult\n|move|p1a: Corviknight|Bulk Up|p1a: Corviknight\n|-boost|p1a: Corviknight|atk|1\n|-boost|p1a: Corviknight|def|1\n|\n|-heal|p2b: Corviknight|80/100|[from] item: Leftovers\n|upkeep\n|\n|t:|1776242437\n|switch|p1b: Emboar|Emboar, L50, F|100/100\n|turn|3\n|inactive|terratron has 30 seconds left.\n|\n|t:|1776242465\n|switch|p2b: Tyranitar|Tyranitar, L50, M|100/100\n|-weather|Sandstorm|[from] ability: Sand Stream|[of] p2b: Tyranitar\n|detailschange|p1b: Emboar|Emboar-Mega, L50, F\n|-mega|p1b: Emboar|Emboar|Emboarite\n|-ability|p1b: Emboar|Mold Breaker\n|move|p2a: Gengar|Shadow Ball|p1a: Corviknight\n|-damage|p1a: Corviknight|42/100\n|move|p1b: Emboar|Drain Punch|p2b: Tyranitar\n|-supereffective|p2b: Tyranitar|2\n|-damage|p2b: Tyranitar|0 fnt\n|faint|p2b: Tyranitar\n|move|p1a: Corviknight|Brave Bird|p2a: Gengar\n|-damage|p2a: Gengar|0 fnt\n|faint|p2a: Gengar\n|-damage|p1a: Corviknight|17/100|[from] Recoil\n|\n|-weather|Sandstorm|[upkeep]\n|-damage|p1b: Emboar|95/100|[from] Sandstorm\n|upkeep\n|\n|t:|1776242476\n|switch|p2a: Farigiraf|Farigiraf, L50, F|100/100\n|switch|p2b: Corviknight|Corviknight, L50, F|80/100\n|turn|4\n|inactive|Tamejo has 30 seconds left.\n|\n|t:|1776242505\n|move|p1b: Emboar|Heat Crash|p2b: Corviknight\n|-supereffective|p2b: Corviknight|1\n|-damage|p2b: Corviknight|32/100\n|move|p2b: Corviknight|Body Press|p1a: Corviknight\n|-damage|p1a: Corviknight|8/100\n|move|p1a: Corviknight|Brave Bird|p2a: Farigiraf\n|-damage|p2a: Farigiraf|15/100\n|-enditem|p2a: Farigiraf|Sitrus Berry|[eat]\n|-heal|p2a: Farigiraf|40/100|[from] item: Sitrus Berry\n|-damage|p1a: Corviknight|0 fnt|[from] Recoil\n|faint|p1a: Corviknight\n|move|p2a: Farigiraf|Trick Room|p2a: Farigiraf\n|-fieldstart|move: Trick Room|[of] p2a: Farigiraf\n|\n|-weather|Sandstorm|[upkeep]\n|-damage|p2a: Farigiraf|34/100|[from] Sandstorm\n|-damage|p1b: Emboar|89/100|[from] Sandstorm\n|-heal|p2b: Corviknight|38/100|[from] item: Leftovers\n|upkeep\n|\n|t:|1776242511\n|switch|p1a: Sylveon|Sylveon, L50, F|100/100\n|turn|5\n|\n|t:|1776242523\n|move|p2a: Farigiraf|Ally Switch|p2a: Farigiraf\n|swap|p2a: Farigiraf|1|[from] move: Ally Switch\n|move|p2a: Corviknight|Brave Bird|p1b: Emboar\n|-supereffective|p1b: Emboar|1\n|-damage|p1b: Emboar|7/100\n|-damage|p2a: Corviknight|13/100|[from] Recoil\n|move|p1a: Sylveon|Hyper Voice|p2b: Farigiraf|[spread] p2a,p2b\n|-resisted|p2a: Corviknight|1\n|-damage|p2a: Corviknight|0 fnt\n|-damage|p2b: Farigiraf|4/100\n|faint|p2a: Corviknight\n|move|p1b: Emboar|Heat Crash|p2b: Farigiraf\n|-damage|p2b: Farigiraf|0 fnt\n|faint|p2b: Farigiraf\n|\n|win|Tamejo\n|raw|Tamejo's rating: 1250 &rarr; <strong>1273</strong><br />(+23 for winning)\n|raw|terratron's rating: 1229 &rarr; <strong>1206</strong><br />(-23 for losing)\n",
  "uploadtime": 1776242530,
  "views": 24,
  "formatid": "gen9championsvgc2026regma",
  "rating": 1206,
  "private": 0,
  "password": null
}