{
  "id": "gen9championsvgc2026regma-2584842739",
  "format": "[Gen 9 Champions] VGC 2026 Reg M-A",
  "players": [
    "battle sim trainer",
    "zhrake"
  ],
  "log": "|j|\u2606battle sim trainer\n|j|\u2606zhrake\n|t:|1776287941\n|gametype|doubles\n|player|p1|battle sim trainer|turo|1176\n|player|p2|zhrake|1|1223\n|gen|9\n|tier|[Gen 9 Champions] VGC 2026 Reg M-A\n|rated|\n|rule|Species Clause: Limit one of each Pok\u00e9mon\n|rule|Item Clause: Limit 1 of each item\n|clearpoke\n|poke|p1|Farigiraf, L50, M|\n|poke|p1|Maushold-Four, L50|\n|poke|p1|Camerupt, L50, F|\n|poke|p1|Hatterene, L50, F|\n|poke|p1|Meowstic, L50, M|\n|poke|p1|Gallade, L50, M|\n|poke|p2|Blastoise, L50, M|\n|poke|p2|Meowstic, L50, M|\n|poke|p2|Sneasler, L50, F|\n|poke|p2|Sinistcha, L50|\n|poke|p2|Farigiraf, L50, F|\n|poke|p2|Scizor, L50, M|\n|teampreview|4\nzhrake rejected open team sheets.\n|inactive|Battle timer is ON: inactive players will automatically lose when time's up. (requested by zhrake)\n|\n|t:|1776287989\n|teamsize|p1|4\n|teamsize|p2|4\n|start\n|switch|p1a: Farigiraf|Farigiraf, L50, M|100/100\n|switch|p1b: Maushold|Maushold-Four, L50|100/100\n|switch|p2a: Blastoise|Blastoise, L50, M|100/100\n|switch|p2b: Sinistcha|Sinistcha, L50|100/100\n|turn|1\n|\n|t:|1776288013\n|detailschange|p2a: Blastoise|Blastoise-Mega, L50, M\n|-mega|p2a: Blastoise|Blastoise|Blastoisinite\n|move|p2b: Sinistcha|Rage Powder|p2b: Sinistcha\n|-singleturn|p2b: Sinistcha|move: Rage Powder\n|move|p1b: Maushold|Double-Edge|p2b: Sinistcha\n|-immune|p2b: Sinistcha\n|move|p2a: Blastoise|Shell Smash|p2a: Blastoise\n|-unboost|p2a: Blastoise|def|1\n|-unboost|p2a: Blastoise|spd|1\n|-boost|p2a: Blastoise|atk|2\n|-boost|p2a: Blastoise|spa|2\n|-boost|p2a: Blastoise|spe|2\n|move|p1a: Farigiraf|Trick Room|p1a: Farigiraf\n|-fieldstart|move: Trick Room|[of] p1a: Farigiraf\n|\n|upkeep\n|turn|2\n|\n|t:|1776288035\n|move|p2b: Sinistcha|Rage Powder|p2b: Sinistcha\n|-singleturn|p2b: Sinistcha|move: Rage Powder\n|move|p1b: Maushold|Follow Me|p1b: Maushold\n|-singleturn|p1b: Maushold|move: Follow Me\n|move|p1a: Farigiraf|Psyshock|p2b: Sinistcha\n|-damage|p2b: Sinistcha|72/100\n|move|p2a: Blastoise|Water Spout|p1b: Maushold|[spread] p1a,p1b\n|-damage|p1a: Farigiraf|33/100\n|-enditem|p1b: Maushold|Focus Sash\n|-damage|p1b: Maushold|1/100\n|-enditem|p1a: Farigiraf|Sitrus Berry|[eat]\n|-heal|p1a: Farigiraf|57/100|[from] item: Sitrus Berry\n|\n|upkeep\n|turn|3\n|inactive|battle sim trainer has 30 seconds left.\n|\n|t:|1776288060\n|move|p2b: Sinistcha|Rage Powder|p2b: Sinistcha\n|-singleturn|p2b: Sinistcha|move: Rage Powder\n|move|p1a: Farigiraf|Psyshock|p2b: Sinistcha\n|-damage|p2b: Sinistcha|46/100\n|-enditem|p2b: Sinistcha|Sitrus Berry|[eat]\n|-heal|p2b: Sinistcha|71/100|[from] item: Sitrus Berry\n|move|p1b: Maushold|Double-Edge|p2b: Sinistcha\n|-immune|p2b: Sinistcha\n|move|p2a: Blastoise|Water Spout|p1b: Maushold|[spread] p1a,p1b\n|-damage|p1a: Farigiraf|0 fnt\n|-damage|p1b: Maushold|0 fnt\n|faint|p1a: Farigiraf\n|faint|p1b: Maushold\n|\n|upkeep\n|\n|t:|1776288070\n|switch|p1a: Meowstic|Meowstic, L50, M|100/100\n|switch|p1b: Camerupt|Camerupt, L50, F|100/100\n|turn|4\n|\n|t:|1776288085\n|detailschange|p1b: Camerupt|Camerupt-Mega, L50, F\n|-mega|p1b: Camerupt|Camerupt|Cameruptite\n|move|p1a: Meowstic|Fake Out|p2a: Blastoise\n|-damage|p2a: Blastoise|92/100\n|move|p2b: Sinistcha|Rage Powder|p2b: Sinistcha\n|-singleturn|p2b: Sinistcha|move: Rage Powder\n|move|p1b: Camerupt|Eruption|p2b: Sinistcha|[spread] p2a,p2b\n|-resisted|p2a: Blastoise|1\n|-supereffective|p2b: Sinistcha|1\n|-damage|p2a: Blastoise|39/100\n|-damage|p2b: Sinistcha|0 fnt\n|faint|p2b: Sinistcha\n|cant|p2a: Blastoise|flinch\n|\n|upkeep\n|\n|t:|1776288095\n|switch|p2b: Farigiraf|Farigiraf, L50, F|100/100\n|turn|5\n|\n|t:|1776288106\n|move|p2b: Farigiraf|Protect|p2b: Farigiraf\n|-singleturn|p2b: Farigiraf|Protect\n|move|p2a: Blastoise|Protect|p2a: Blastoise\n|-singleturn|p2a: Blastoise|Protect\n|move|p1a: Meowstic|Sunny Day|p1a: Meowstic\n|-weather|SunnyDay\n|move|p1b: Camerupt|Eruption|p2a: Blastoise|[spread] \n|-activate|p2a: Blastoise|move: Protect\n|-activate|p2b: Farigiraf|move: Protect\n|\n|-weather|SunnyDay|[upkeep]\n|-fieldend|move: Trick Room\n|upkeep\n|turn|6\n|\n|t:|1776288118\n|move|p1b: Camerupt|Protect|p1b: Camerupt\n|-singleturn|p1b: Camerupt|Protect\n|move|p2a: Blastoise|Water Pulse|p1b: Camerupt\n|-activate|p1b: Camerupt|move: Protect\n|move|p1a: Meowstic|Psychic|p2a: Blastoise\n|-damage|p2a: Blastoise|2/100\n|move|p2b: Farigiraf|Hyper Voice|p1a: Meowstic|[spread] p1a\n|-activate|p1b: Camerupt|move: Protect\n|-damage|p1a: Meowstic|81/100\n|\n|-weather|SunnyDay|[upkeep]\n|upkeep\n|turn|7\n|\n|t:|1776288139\n|move|p2b: Farigiraf|Helping Hand|p2a: Blastoise\n|-singleturn|p2a: Blastoise|Helping Hand|[of] p2b: Farigiraf\n|move|p2a: Blastoise|Water Pulse|p1b: Camerupt\n|-supereffective|p1b: Camerupt|2\n|-damage|p1b: Camerupt|0 fnt\n|faint|p1b: Camerupt\n|move|p1a: Meowstic|Psychic|p2a: Blastoise\n|-damage|p2a: Blastoise|0 fnt\n|faint|p2a: Blastoise\n|\n|-weather|SunnyDay|[upkeep]\n|upkeep\n|\n|t:|1776288143\n|switch|p2a: Sneasler|Sneasler, L50, F|100/100\n|turn|8\n|\n|t:|1776288147\n|move|p2a: Sneasler|Fake Out|p1a: Meowstic\n|-damage|p1a: Meowstic|65/100\n|cant|p1a: Meowstic|flinch\n|move|p2b: Farigiraf|Trick Room|p2b: Farigiraf\n|-fieldstart|move: Trick Room|[of] p2b: Farigiraf\n|\n|-weather|SunnyDay|[upkeep]\n|upkeep\n|turn|9\n|-message|battle sim trainer forfeited.\n|\n|win|zhrake\n|raw|battle sim trainer's rating: 1176 &rarr; <strong>1154</strong><br />(-22 for losing)\n|raw|zhrake's rating: 1223 &rarr; <strong>1245</strong><br />(+22 for winning)\n",
  "uploadtime": 1776288153,
  "views": 21,
  "formatid": "gen9championsvgc2026regma",
  "rating": 1154,
  "private": 0,
  "password": null
}