{
  "id": "gen9championsvgc2026regma-2582672492",
  "format": "[Gen 9 Champions] VGC 2026 Reg M-A",
  "players": [
    "free-bean-joe",
    "HasanDiddyPiker"
  ],
  "log": "|j|\u2606free-bean-joe\n|j|\u2606HasanDiddyPiker\n|t:|1776106358\n|gametype|doubles\n|player|p1|free-bean-joe|266|1135\n|player|p2|HasanDiddyPiker|1|1170\n|gen|9\n|tier|[Gen 9 Champions] VGC 2026 Reg M-A\n|rated|\n|rule|Species Clause: Limit one of each Pok\u00e9mon\n|rule|Item Clause: Limit 1 of each item\n|clearpoke\n|poke|p1|Klefki, L50, M|\n|poke|p1|Sneasler, L50, M|\n|poke|p1|Corviknight, L50, F|\n|poke|p1|Slowbro, L50, F|\n|poke|p1|Goodra-Hisui, L50, M|\n|poke|p1|Sinistcha, L50|\n|poke|p2|Weavile, L50, F|\n|poke|p2|Lucario, L50, F|\n|poke|p2|Gallade, L50, M|\n|poke|p2|Basculegion, L50, M|\n|poke|p2|Pelipper, L50, F|\n|poke|p2|Meganium, L50, F|\n|teampreview|4\n|inactive|Battle timer is ON: inactive players will automatically lose when time's up. (requested by HasanDiddyPiker)\n|\n|t:|1776106426\n|teamsize|p1|4\n|teamsize|p2|4\n|start\n|switch|p1a: Sneasler|Sneasler, L50, M|100/100\n|switch|p1b: Corviknight|Corviknight, L50, F|100/100\n|switch|p2a: Gallade|Gallade, L50, M|100/100\n|switch|p2b: Weavile|Weavile, L50, F|100/100\n|-ability|p1b: Corviknight|Unnerve\n|-ability|p2b: Weavile|Pressure\n|turn|1\n|\n|t:|1776106447\n|move|p2b: Weavile|Fake Out|p1a: Sneasler\n|-damage|p1a: Sneasler|77/100\n|cant|p1a: Sneasler|flinch\n|move|p2a: Gallade|Psycho Cut|p1a: Sneasler\n|-supereffective|p1a: Sneasler|2\n|-crit|p1a: Sneasler\n|-damage|p1a: Sneasler|0 fnt\n|faint|p1a: Sneasler\n|move|p1b: Corviknight|Brave Bird|p2a: Gallade\n|-supereffective|p2a: Gallade|1\n|-damage|p2a: Gallade|0 fnt\n|faint|p2a: Gallade\n|-damage|p1b: Corviknight|77/100|[from] Recoil\n|\n|upkeep\n|\n|t:|1776106467\n|switch|p1a: Klefki|Klefki, L50, M|100/100\n|switch|p2a: Lucario|Lucario, L50, F|100/100\n|turn|2\n|\n|t:|1776106490\n|move|p2b: Weavile|Knock Off|p1b: Corviknight\n|-damage|p1b: Corviknight|37/100\n|-enditem|p1b: Corviknight|Sharp Beak|[from] move: Knock Off|[of] p2b: Weavile\n|move|p2a: Lucario|Swords Dance|p2a: Lucario\n|-boost|p2a: Lucario|atk|2\n|move|p1a: Klefki|Dazzling Gleam|p2a: Lucario|[spread] p2a,p2b\n|-supereffective|p2b: Weavile|1\n|-damage|p2a: Lucario|69/100\n|-damage|p2b: Weavile|51/100\n|move|p1b: Corviknight|Brave Bird|p2b: Weavile\n|-damage|p2b: Weavile|0 fnt\n|faint|p2b: Weavile\n|-damage|p1b: Corviknight|25/100|[from] Recoil\n|\n|upkeep\n|\n|t:|1776106496\n|switch|p2b: Meganium|Meganium, L50, F|100/100\n|turn|3\n|\n|t:|1776106525\n|detailschange|p2b: Meganium|Meganium-Mega, L50, F\n|-mega|p2b: Meganium|Meganium|Meganiumite\n|move|p1b: Corviknight|Protect|p1b: Corviknight\n|-singleturn|p1b: Corviknight|Protect\n|move|p2a: Lucario|Meteor Mash|p1a: Klefki\n|-damage|p1a: Klefki|0 fnt\n|faint|p1a: Klefki\n|move|p2b: Meganium|Weather Ball|p1b: Corviknight\n|-activate|p1b: Corviknight|move: Protect\n|\n|upkeep\n|\n|t:|1776106536\n|switch|p1a: Slowbro|Slowbro, L50, F|100/100\n|turn|4\n|\n|t:|1776106550\n|detailschange|p1a: Slowbro|Slowbro-Mega, L50, F\n|-mega|p1a: Slowbro|Slowbro|Slowbronite\n|move|p1b: Corviknight|Protect||[still]\n|-fail|p1b: Corviknight\n|move|p2a: Lucario|Close Combat|p1b: Corviknight\n|-damage|p1b: Corviknight|0 fnt\n|-unboost|p2a: Lucario|def|1\n|-unboost|p2a: Lucario|spd|1\n|faint|p1b: Corviknight\n|move|p2b: Meganium|Leech Seed|p1a: Slowbro\n|-start|p1a: Slowbro|move: Leech Seed\n|move|p1a: Slowbro|Trick Room|p1a: Slowbro\n|-fieldstart|move: Trick Room|[of] p1a: Slowbro\n|\n|-damage|p1a: Slowbro|88/100|[from] Leech Seed|[of] p2b: Meganium\n|upkeep\n|turn|5\n|\n|t:|1776106573\n|move|p2a: Lucario|Extreme Speed|p1a: Slowbro\n|-damage|p1a: Slowbro|61/100\n|move|p1a: Slowbro|Shadow Ball|p2b: Meganium\n|-damage|p2b: Meganium|76/100\n|move|p2b: Meganium|Weather Ball|p1a: Slowbro\n|-resisted|p1a: Slowbro|1\n|-damage|p1a: Slowbro|36/100\n|\n|-damage|p1a: Slowbro|23/100|[from] Leech Seed|[of] p2b: Meganium\n|-heal|p2b: Meganium|90/100|[silent]\n|upkeep\n|turn|6\n|-message|free-bean-joe forfeited.\n|\n|win|HasanDiddyPiker\n|raw|free-bean-joe's rating: 1135 &rarr; <strong>1113</strong><br />(-22 for losing)\n|raw|HasanDiddyPiker's rating: 1170 &rarr; <strong>1192</strong><br />(+22 for winning)\n|l|\u2606free-bean-joe\n|player|p1|\n",
  "uploadtime": 1776106588,
  "views": 16,
  "formatid": "gen9championsvgc2026regma",
  "rating": 1113,
  "private": 0,
  "password": null
}