{
  "id": "gen9championsvgc2026regma-2582613280",
  "format": "[Gen 9 Champions] VGC 2026 Reg M-A",
  "players": [
    "kantinevgc",
    "cmj4nn"
  ],
  "log": "|j|\u2606kantinevgc\n|j|\u2606cmj4nn\n|t:|1776102659\n|gametype|doubles\n|player|p1|kantinevgc|roughneck-gen4|1000\n|player|p2|cmj4nn|unknown|1055\n|gen|9\n|tier|[Gen 9 Champions] VGC 2026 Reg M-A\n|rated|\n|rule|Species Clause: Limit one of each Pok\u00e9mon\n|rule|Item Clause: Limit 1 of each item\n|clearpoke\n|poke|p1|Chesnaught, L50, M|\n|poke|p1|Slowking-Galar, L50, M|\n|poke|p1|Incineroar, L50, M|\n|poke|p1|Ninetales-Alola, L50, M|\n|poke|p1|Kleavor, L50, F|\n|poke|p1|Aegislash, L50, M|\n|poke|p2|Gardevoir, L50, M|\n|poke|p2|Tyranitar, L50, M|\n|poke|p2|Sinistcha, L50|\n|poke|p2|Steelix, L50, F|\n|poke|p2|Rotom-Wash, L50|\n|poke|p2|Garchomp, L50, F|\n|teampreview|4\n|l|\u2606kantinevgc\n|player|p1|\n|j|\u2606kantinevgc\n|player|p1|kantinevgc|roughneck-gen4|\n|\n|t:|1776102721\n|teamsize|p1|4\n|teamsize|p2|4\n|start\n|switch|p1a: Kleavor|Kleavor, L50, F|100/100\n|switch|p1b: Incineroar|Incineroar, L50, M|100/100\n|switch|p2a: Steelix|Steelix, L50, F|100/100\n|switch|p2b: Gardevoir|Gardevoir, L50, M|100/100\n|-ability|p1b: Incineroar|Intimidate|boost\n|-unboost|p2a: Steelix|atk|1\n|-unboost|p2b: Gardevoir|atk|1\n|turn|1\n|\n|t:|1776102736\n|move|p2a: Steelix|Protect|p2a: Steelix\n|-singleturn|p2a: Steelix|Protect\n|move|p1b: Incineroar|Fake Out|p2a: Steelix\n|-activate|p2a: Steelix|move: Protect\n|move|p1a: Kleavor|X-Scissor|p2b: Gardevoir\n|-damage|p2b: Gardevoir|22/100\n|move|p2b: Gardevoir|Trick Room|p2b: Gardevoir\n|-fieldstart|move: Trick Room|[of] p2b: Gardevoir\n|\n|upkeep\n|turn|2\n|\n|t:|1776102766\n|switch|p1a: Chesnaught|Chesnaught, L50, M|100/100\n|detailschange|p2a: Steelix|Steelix-Mega, L50, F\n|-mega|p2a: Steelix|Steelix|Steelixite\n|move|p2a: Steelix|Curse|p2a: Steelix\n|-unboost|p2a: Steelix|spe|1\n|-boost|p2a: Steelix|atk|1\n|-boost|p2a: Steelix|def|1\n|move|p1b: Incineroar|Flare Blitz|p2b: Gardevoir\n|-damage|p2b: Gardevoir|0 fnt\n|faint|p2b: Gardevoir\n|-damage|p1b: Incineroar|95/100|[from] Recoil\n|\n|upkeep\n|l|\u2606kantinevgc\n|player|p1|\n|\n|t:|1776102787\n|switch|p2b: Tyranitar|Tyranitar, L50, M|100/100\n|-weather|Sandstorm|[from] ability: Sand Stream|[of] p2b: Tyranitar\n|turn|3\n|j|\u2606kantinevgc\n|player|p1|kantinevgc|roughneck-gen4|\n|\n|t:|1776102797\n|detailschange|p1a: Chesnaught|Chesnaught-Mega, L50, M\n|-mega|p1a: Chesnaught|Chesnaught|Chesnaughtite\n|move|p2a: Steelix|Curse|p2a: Steelix\n|-unboost|p2a: Steelix|spe|1\n|-boost|p2a: Steelix|atk|1\n|-boost|p2a: Steelix|def|1\n|move|p1a: Chesnaught|Leech Seed|p2a: Steelix\n|-start|p2a: Steelix|move: Leech Seed\n|move|p2b: Tyranitar|Ice Beam|p1a: Chesnaught\n|-supereffective|p1a: Chesnaught|1\n|-damage|p1a: Chesnaught|68/100\n|move|p1b: Incineroar|Parting Shot|p2b: Tyranitar\n|-unboost|p2b: Tyranitar|atk|1\n|-unboost|p2b: Tyranitar|spa|1\n|\n|t:|1776102810\n|switch|p1b: Ninetales|Ninetales-Alola, L50, M|100/100|[from] Parting Shot\n|-weather|Snowscape|[from] ability: Snow Warning|[of] p1b: Ninetales\n|\n|-weather|Snowscape|[upkeep]\n|-damage|p2a: Steelix|88/100|[from] Leech Seed|[of] p1a: Chesnaught\n|-heal|p1a: Chesnaught|79/100|[silent]\n|upkeep\n|turn|4\n|\n|t:|1776102846\n|move|p1a: Chesnaught|Spiky Shield|p1a: Chesnaught\n|-singleturn|p1a: Chesnaught|move: Protect\n|move|p2a: Steelix|Earthquake|p1a: Chesnaught|[spread] p2b,p1b\n|-activate|p1a: Chesnaught|move: Protect\n|-supereffective|p2b: Tyranitar|1\n|-damage|p2b: Tyranitar|30/100\n|-damage|p1b: Ninetales|57/100\n|move|p2b: Tyranitar|Ice Beam|p1a: Chesnaught\n|-activate|p1a: Chesnaught|move: Protect\n|move|p1b: Ninetales|Aurora Veil|p1b: Ninetales\n|-sidestart|p1: kantinevgc|move: Aurora Veil\n|\n|-weather|Snowscape|[upkeep]\n|-damage|p2a: Steelix|76/100|[from] Leech Seed|[of] p1a: Chesnaught\n|-heal|p1a: Chesnaught|90/100|[silent]\n|upkeep\n|turn|5\n|\n|t:|1776102872\n|move|p2a: Steelix|Curse|p2a: Steelix\n|-unboost|p2a: Steelix|spe|1\n|-boost|p2a: Steelix|atk|1\n|-boost|p2a: Steelix|def|1\n|move|p1a: Chesnaught|Body Press|p2b: Tyranitar\n|-supereffective|p2b: Tyranitar|2\n|-damage|p2b: Tyranitar|0 fnt\n|faint|p2b: Tyranitar\n|move|p1b: Ninetales|Blizzard|p2a: Steelix\n|-damage|p2a: Steelix|47/100\n|\n|-weather|Snowscape|[upkeep]\n|-damage|p2a: Steelix|35/100|[from] Leech Seed|[of] p1a: Chesnaught\n|-heal|p1a: Chesnaught|100/100|[silent]\n|-fieldend|move: Trick Room\n|upkeep\n|\n|t:|1776102875\n|switch|p2b: Garchomp|Garchomp, L50, F|100/100\n|turn|6\n|\n|t:|1776102890\n|move|p2b: Garchomp|Protect|p2b: Garchomp\n|-singleturn|p2b: Garchomp|Protect\n|move|p1b: Ninetales|Blizzard|p2b: Garchomp|[spread] p2a\n|-activate|p2b: Garchomp|move: Protect\n|-damage|p2a: Steelix|13/100\n|move|p1a: Chesnaught|Body Press|p2a: Steelix\n|-supereffective|p2a: Steelix|1\n|-damage|p2a: Steelix|0 fnt\n|faint|p2a: Steelix\n|\n|-weather|Snowscape|[upkeep]\n|upkeep\n|turn|7\n|-message|cmj4nn forfeited.\n|\n|win|kantinevgc\n|raw|kantinevgc's rating: 1000 &rarr; <strong>1046</strong><br />(+46 for winning)\n|raw|cmj4nn's rating: 1055 &rarr; <strong>1034</strong><br />(-21 for losing)\n|l|\u2606cmj4nn\n|player|p2|\n",
  "uploadtime": 1776102902,
  "views": 14,
  "formatid": "gen9championsvgc2026regma",
  "rating": 1034,
  "private": 0,
  "password": null
}