{
  "id": "gen9championsvgc2026regma-2585747911",
  "format": "[Gen 9 Champions] VGC 2026 Reg M-A",
  "players": [
    "CementTheBlock",
    "ace the des"
  ],
  "log": "|j|\u2606CementTheBlock\n|j|\u2606ace the des\n|t:|1776367840\n|gametype|doubles\n|player|p1|CementTheBlock|pokefanf|1317\n|player|p2|ace the des|iris-gen5bw2|1261\n|gen|9\n|tier|[Gen 9 Champions] VGC 2026 Reg M-A\n|rated|\n|rule|Species Clause: Limit one of each Pok\u00e9mon\n|rule|Item Clause: Limit 1 of each item\n|clearpoke\n|poke|p1|Archaludon, L50, F|\n|poke|p1|Pelipper, L50, M|\n|poke|p1|Meganium, L50, F|\n|poke|p1|Kangaskhan, L50, F|\n|poke|p1|Sinistcha, L50|\n|poke|p1|Basculegion, L50, M|\n|poke|p2|Golurk, L50|\n|poke|p2|Farigiraf, L50, F|\n|poke|p2|Kingambit, L50, F|\n|poke|p2|Torkoal, L50, M|\n|poke|p2|Sneasler, L50, M|\n|poke|p2|Venusaur, L50, F|\n|teampreview|4\n|\n|t:|1776367871\n|teamsize|p1|4\n|teamsize|p2|4\n|start\n|switch|p1a: Meganium|Meganium, L50, F|100/100\n|switch|p1b: Basculegion|Basculegion, L50, M|100/100\n|switch|p2a: ultra golurk|Golurk, L50, shiny|100/100\n|switch|p2b: Farigiraf|Farigiraf, L50, F|100/100\n|turn|1\n|\n|t:|1776367890\n|detailschange|p1a: Meganium|Meganium-Mega, L50, F\n|-mega|p1a: Meganium|Meganium|Meganiumite\n|move|p2a: ultra golurk|Protect|p2a: ultra golurk\n|-singleturn|p2a: ultra golurk|Protect\n|move|p1a: Meganium|Solar Beam||[still]\n|-prepare|p1a: Meganium|Solar Beam\n|-activate|p1a: Meganium|ability: Mega Sol\n|-anim|p1a: Meganium|Solar Beam|p2a: ultra golurk\n|-activate|p2a: ultra golurk|move: Protect\n|move|p1b: Basculegion|Wave Crash|p2b: Farigiraf\n|-damage|p2b: Farigiraf|33/100\n|-enditem|p2b: Farigiraf|Sitrus Berry|[eat]\n|-heal|p2b: Farigiraf|57/100|[from] item: Sitrus Berry\n|-damage|p1b: Basculegion|75/100|[from] Recoil\n|move|p2b: Farigiraf|Trick Room|p2b: Farigiraf\n|-fieldstart|move: Trick Room|[of] p2b: Farigiraf\n|\n|upkeep\n|turn|2\n|\n|t:|1776367917\n|switch|p1b: Pelipper|Pelipper, L50, M|100/100\n|-weather|RainDance|[from] ability: Drizzle|[of] p1b: Pelipper\n|move|p2b: Farigiraf|Helping Hand|p2a: ultra golurk\n|-singleturn|p2a: ultra golurk|Helping Hand|[of] p2b: Farigiraf\n|move|p2a: ultra golurk|Ice Punch|p1a: Meganium\n|-supereffective|p1a: Meganium|1\n|-damage|p1a: Meganium|8/100\n|move|p1a: Meganium|Solar Beam||[still]\n|-prepare|p1a: Meganium|Solar Beam\n|-activate|p1a: Meganium|ability: Mega Sol\n|-anim|p1a: Meganium|Solar Beam|p2a: ultra golurk\n|-supereffective|p2a: ultra golurk|1\n|-damage|p2a: ultra golurk|0 fnt\n|faint|p2a: ultra golurk\n|\n|-weather|RainDance|[upkeep]\n|upkeep\n|\n|t:|1776367930\n|switch|p2a: Kingambit|Kingambit, L50, F|100/100\n|turn|3\n|\n|t:|1776367948\n|switch|p2b: Torkoal|Torkoal, L50, M|100/100\n|-weather|SunnyDay|[from] ability: Drought|[of] p2b: Torkoal\n|move|p1a: Meganium|Protect|p1a: Meganium\n|-singleturn|p1a: Meganium|Protect\n|move|p2a: Kingambit|Kowtow Cleave|p1a: Meganium\n|-activate|p1a: Meganium|move: Protect\n|move|p1b: Pelipper|Hurricane|p2b: Torkoal|[miss]\n|-miss|p1b: Pelipper|p2b: Torkoal\n|\n|-weather|SunnyDay|[upkeep]\n|upkeep\n|turn|4\n|\n|t:|1776367976\n|switch|p1a: Basculegion|Basculegion, L50, M|75/100\n|move|p1b: Pelipper|Wide Guard|p1b: Pelipper\n|-singleturn|p1b: Pelipper|Wide Guard\n|move|p2b: Torkoal|Eruption|p1a: Basculegion|[spread] \n|-activate|p1a: Basculegion|move: Wide Guard\n|-activate|p1b: Pelipper|move: Wide Guard\n|move|p2a: Kingambit|Iron Head|p1a: Basculegion\n|-resisted|p1a: Basculegion|1\n|-damage|p1a: Basculegion|43/100\n|\n|-weather|SunnyDay|[upkeep]\n|upkeep\n|turn|5\n|\n|t:|1776367996\n|move|p1a: Basculegion|Protect|p1a: Basculegion\n|-singleturn|p1a: Basculegion|Protect\n|move|p2b: Torkoal|Weather Ball|p1b: Pelipper\n|-resisted|p1b: Pelipper|1\n|-damage|p1b: Pelipper|59/100\n|move|p2a: Kingambit|Kowtow Cleave|p1a: Basculegion\n|-activate|p1a: Basculegion|move: Protect\n|move|p1b: Pelipper|Weather Ball|p2a: Kingambit\n|-supereffective|p2a: Kingambit|1\n|-damage|p2a: Kingambit|32/100\n|\n|-weather|SunnyDay|[upkeep]\n|-fieldend|move: Trick Room\n|upkeep\n|turn|6\n|\n|t:|1776368024\n|switch|p1b: Meganium|Meganium-Mega, L50, F|8/100\n|switch|p2a: Farigiraf|Farigiraf, L50, F|57/100\n|move|p2b: Torkoal|Protect|p2b: Torkoal\n|-singleturn|p2b: Torkoal|Protect\n|move|p1a: Basculegion|Wave Crash|p2b: Torkoal\n|-activate|p2b: Torkoal|move: Protect\n|\n|-weather|SunnyDay|[upkeep]\n|upkeep\n|turn|7\n|\n|t:|1776368041\n|switch|p1b: Pelipper|Pelipper, L50, M|59/100\n|-weather|RainDance|[from] ability: Drizzle|[of] p1b: Pelipper\n|move|p1a: Basculegion|Wave Crash|p2a: Farigiraf\n|-damage|p2a: Farigiraf|0 fnt\n|faint|p2a: Farigiraf\n|-damage|p1a: Basculegion|21/100|[from] Recoil\n|move|p2b: Torkoal|Eruption|p1b: Pelipper|[spread] p1a,p1b\n|-resisted|p1a: Basculegion|1\n|-resisted|p1b: Pelipper|1\n|-damage|p1a: Basculegion|9/100\n|-damage|p1b: Pelipper|45/100\n|-enditem|p1b: Pelipper|Sitrus Berry|[eat]\n|-heal|p1b: Pelipper|69/100|[from] item: Sitrus Berry\n|\n|-weather|RainDance|[upkeep]\n|upkeep\n|\n|t:|1776368045\n|switch|p2a: Kingambit|Kingambit, L50, F|32/100\n|turn|8\n|\n|t:|1776368067\n|move|p1a: Basculegion|Aqua Jet|p2a: Kingambit\n|-damage|p2a: Kingambit|4/100\n|move|p2a: Kingambit|Sucker Punch|p1b: Pelipper\n|-damage|p1b: Pelipper|26/100\n|move|p1b: Pelipper|Weather Ball|p2b: Torkoal\n|-supereffective|p2b: Torkoal|1\n|-damage|p2b: Torkoal|0 fnt\n|faint|p2b: Torkoal\n|\n|-weather|RainDance|[upkeep]\n|upkeep\n|turn|9\n|\n|t:|1776368084\n|move|p1a: Basculegion|Aqua Jet|p2a: Kingambit\n|-crit|p2a: Kingambit\n|-damage|p2a: Kingambit|0 fnt\n|faint|p2a: Kingambit\n|\n|win|CementTheBlock\n|raw|CementTheBlock's rating: 1317 &rarr; <strong>1334</strong><br />(+17 for winning)\n|raw|ace the des's rating: 1261 &rarr; <strong>1240</strong><br />(-21 for losing)\n|l|\u2606ace the des\n|player|p2|\n",
  "uploadtime": 1776368093,
  "views": 35,
  "formatid": "gen9championsvgc2026regma",
  "rating": 1240,
  "private": 0,
  "password": null
}