{
  "id": "gen9championsvgc2026regma-2581839387",
  "format": "[Gen 9 Champions] VGC 2026 Reg M-A",
  "players": [
    "Litten 2.0",
    "TheParasectKing"
  ],
  "log": "|j|\u2606Litten 2.0\n|j|\u2606TheParasectKing\n|t:|1776032665\n|gametype|doubles\n|player|p1|Litten 2.0|101|\n|player|p2|TheParasectKing|acetrainer-gen4dp|\n|gen|9\n|tier|[Gen 9 Champions] VGC 2026 Reg M-A\n|rated|Tournament battle\n|rule|Species Clause: Limit one of each Pok\u00e9mon\n|rule|Item Clause: Limit 1 of each item\n|clearpoke\n|poke|p1|Froslass, L50, F|\n|poke|p1|Incineroar, L50, F|\n|poke|p1|Sinistcha, L50|\n|poke|p1|Palafin, L50, F|\n|poke|p1|Maushold-Four, L50|\n|poke|p1|Rotom-Frost, L50|\n|poke|p2|Victreebel, L50, M|\n|poke|p2|Pelipper, L50, F|\n|poke|p2|Basculegion, L50, M|\n|poke|p2|Raichu, L50, F|\n|poke|p2|Krookodile, L50, F|\n|poke|p2|Corviknight, L50, M|\n|teampreview|4\n|inactive|Battle timer is ON: inactive players will automatically lose when time's up. (requested by TheParasectKing)\n|c|\u2606TheParasectKing|glhf!\n|\n|t:|1776032691\n|teamsize|p1|4\n|teamsize|p2|4\n|start\n|switch|p1a: Palafin|Palafin, L50, F|100/100\n|switch|p1b: Maushold|Maushold-Four, L50|100/100\n|switch|p2a: Corviknight|Corviknight, L50, M|100/100\n|switch|p2b: Raichu|Raichu, L50, F|100/100\n|turn|1\n|\n|t:|1776032705\n|detailschange|p1a: Palafin|Palafin-Hero, L50, F\n|switch|p1a: Incineroar|Incineroar, L50, F|100/100\n|-ability|p1a: Incineroar|Intimidate|boost\n|-ability|p2a: Corviknight|Mirror Armor\n|-unboost|p1a: Incineroar|atk|1\n|-unboost|p2b: Raichu|atk|1\n|move|p1b: Maushold|Thunder Wave|p2b: Raichu\n|-activate|p2b: Raichu|ability: Lightning Rod\n|-ability|p2b: Raichu|Lightning Rod|boost\n|-boost|p2b: Raichu|spa|1\n|move|p2b: Raichu|Electroweb|p1b: Maushold|[spread] p1a,p1b\n|-crit|p1a: Incineroar\n|-damage|p1a: Incineroar|81/100\n|-damage|p1b: Maushold|73/100\n|-unboost|p1a: Incineroar|spe|1\n|-unboost|p1b: Maushold|spe|1\n|move|p2a: Corviknight|Iron Defense|p2a: Corviknight\n|-boost|p2a: Corviknight|def|2\n|\n|upkeep\n|turn|2\n|c|\u2606Litten 2.0|Oops\n|c|\u2606Litten 2.0|glfh\n|inactive|Litten 2.0 has 30 seconds left.\n|\n|t:|1776032735\n|switch|p1b: Froslass|Froslass, L50, F|100/100\n|move|p1a: Incineroar|Fake Out|p2b: Raichu\n|-damage|p2b: Raichu|87/100\n|cant|p2b: Raichu|flinch\n|move|p2a: Corviknight|Body Press|p1a: Incineroar\n|-supereffective|p1a: Incineroar|1\n|-damage|p1a: Incineroar|0 fnt\n|faint|p1a: Incineroar\n|\n|upkeep\n|j| bad idea factory\n|\n|t:|1776032745\n|switch|p1a: Maushold|Maushold-Four, L50|73/100\n|turn|3\n|\n|t:|1776032769\n|detailschange|p1b: Froslass|Froslass-Mega, L50, F\n|-mega|p1b: Froslass|Froslass|Froslassite\n|-weather|Snowscape|[from] ability: Snow Warning|[of] p1b: Froslass\n|move|p1a: Maushold|Follow Me|p1a: Maushold\n|-singleturn|p1a: Maushold|move: Follow Me\n|move|p1b: Froslass|Nasty Plot|p1b: Froslass\n|-boost|p1b: Froslass|spa|2\n|move|p2b: Raichu|Electroweb|p1b: Froslass|[spread] p1a\n|-miss|p2b: Raichu|p1b: Froslass\n|-damage|p1a: Maushold|45/100\n|-unboost|p1a: Maushold|spe|1\n|move|p2a: Corviknight|Roost||[still]\n|-fail|p2a: Corviknight|heal\n|\n|-weather|Snowscape|[upkeep]\n|upkeep\n|turn|4\n|inactive|TheParasectKing has 30 seconds left.\n|\n|t:|1776032800\n|switch|p2b: Pelipper|Pelipper, L50, F|100/100\n|-weather|RainDance|[from] ability: Drizzle|[of] p2b: Pelipper\n|move|p1a: Maushold|Helping Hand|p1b: Froslass\n|-singleturn|p1b: Froslass|Helping Hand|[of] p1a: Maushold\n|move|p1b: Froslass|Blizzard|p2a: Corviknight|[spread] p2a,p2b\n|-damage|p2a: Corviknight|0 fnt\n|-damage|p2b: Pelipper|0 fnt\n|faint|p2a: Corviknight\n|faint|p2b: Pelipper\n|\n|-weather|RainDance|[upkeep]\n|upkeep\n|\n|t:|1776032808\n|switch|p2b: Basculegion|Basculegion, L50, M|100/100\n|switch|p2a: Raichu|Raichu, L50, F|87/100\n|turn|5\n|j| EmmaChePalle\n|\n|t:|1776032822\n|switch|p1b: Palafin|Palafin-Hero, L50, F|100/100\n|-activate|p1b: Palafin|ability: Zero to Hero\n|move|p1a: Maushold|Protect|p1a: Maushold\n|-singleturn|p1a: Maushold|Protect\n|move|p2a: Raichu|Fake Out|p1a: Maushold\n|-activate|p1a: Maushold|move: Protect\n|move|p2b: Basculegion|Last Respects|p1b: Palafin\n|-damage|p1b: Palafin|42/100\n|\n|-weather|RainDance|[upkeep]\n|upkeep\n|turn|6\n|inactive|Litten 2.0 has 30 seconds left.\n|\n|t:|1776032851\n|move|p1a: Maushold|Helping Hand|p1b: Palafin\n|-singleturn|p1b: Palafin|Helping Hand|[of] p1a: Maushold\n|move|p2b: Basculegion|Aqua Jet|p1a: Maushold\n|-damage|p1a: Maushold|8/100\n|move|p1b: Palafin|Jet Punch|p2a: Raichu\n|-damage|p2a: Raichu|0 fnt\n|faint|p2a: Raichu\n|\n|-weather|RainDance|[upkeep]\n|upkeep\n|turn|7\n|\n|t:|1776032867\n|move|p2b: Basculegion|Aqua Jet|p1a: Maushold\n|-damage|p1a: Maushold|0 fnt\n|faint|p1a: Maushold\n|move|p1b: Palafin|Jet Punch|p2b: Basculegion\n|-resisted|p2b: Basculegion|1\n|-damage|p2b: Basculegion|65/100\n|\n|-weather|RainDance|[upkeep]\n|upkeep\n|\n|t:|1776032873\n|switch|p1a: Froslass|Froslass-Mega, L50, F|100/100\n|-weather|Snowscape|[from] ability: Snow Warning|[of] p1a: Froslass\n|turn|8\n|\n|t:|1776032878\n|move|p1b: Palafin|Jet Punch|p2b: Basculegion\n|-resisted|p2b: Basculegion|1\n|-damage|p2b: Basculegion|41/100\n|move|p1a: Froslass|Shadow Ball|p2b: Basculegion\n|-supereffective|p2b: Basculegion|1\n|-damage|p2b: Basculegion|0 fnt\n|faint|p2b: Basculegion\n|\n|win|Litten 2.0\n|n|\u2606Litten 2.0|litten20\n|n|\u2606TheParasectKing|theparasectking\n|n| bad idea factory|badideafactory\n|n| EmmaChePalle|emmachepalle\n",
  "uploadtime": 1776032881,
  "views": 11,
  "formatid": "gen9championsvgc2026regma",
  "rating": null,
  "private": 0,
  "password": null
}