{
  "id": "gen9championsvgc2026regma-2589450904",
  "format": "[Gen 9 Champions] VGC 2026 Reg M-A",
  "players": [
    "Warehouse User",
    "divethesky"
  ],
  "log": "|j|\u2606Warehouse User\n|j|\u203ddivethesky\n|t:|1776724073\n|gametype|doubles\n|player|p1|Warehouse User|265|1062\n|player|p2|divethesky|265|1049\n|gen|9\n|tier|[Gen 9 Champions] VGC 2026 Reg M-A\n|rated|\n|rule|Species Clause: Limit one of each Pok\u00e9mon\n|rule|Item Clause: Limit 1 of each item\n|clearpoke\n|poke|p1|Aegislash, L50, M|\n|poke|p1|Maushold-Four, L50|\n|poke|p1|Azumarill, L50, F|\n|poke|p1|Whimsicott, L50, M|\n|poke|p1|Glimmora, L50, M|\n|poke|p1|Infernape, L50, M|\n|poke|p2|Kleavor, L50, F|\n|poke|p2|Aegislash, L50, M|\n|poke|p2|Scovillain, L50, F|\n|poke|p2|Farigiraf, L50, F|\n|poke|p2|Blastoise, L50, F|\n|poke|p2|Conkeldurr, L50, M|\n|teampreview|4\n|inactive|Battle timer is ON: inactive players will automatically lose when time's up. (requested by Warehouse User)\n|\n|t:|1776724147\n|teamsize|p1|4\n|teamsize|p2|4\n|start\n|switch|p1a: Glimmora|Glimmora, L50, M|100/100\n|switch|p1b: Azumarill|Azumarill, L50, F|100/100\n|switch|p2a: Blastoise|Blastoise, L50, F|100/100\n|switch|p2b: Farigiraf|Farigiraf, L50, F|100/100\n|turn|1\n|inactive|divethesky has 30 seconds left.\n|\n|t:|1776724177\n|detailschange|p1a: Glimmora|Glimmora-Mega, L50, M\n|-mega|p1a: Glimmora|Glimmora|Glimmoranite\n|move|p1a: Glimmora|Spiky Shield|p1a: Glimmora\n|-singleturn|p1a: Glimmora|move: Protect\n|move|p2a: Blastoise|Fake Out|p1b: Azumarill\n|-damage|p1b: Azumarill|93/100\n|move|p2b: Farigiraf|Psychic|p1a: Glimmora\n|-activate|p1a: Glimmora|move: Protect\n|cant|p1b: Azumarill|flinch\n|\n|upkeep\n|turn|2\n|inactive|Warehouse User has 30 seconds left.\n|inactive|divethesky has 30 seconds left.\n|inactive|divethesky has 20 seconds left.\n|\n|t:|1776724212\n|switch|p1a: Maushold|Maushold-Four, L50|100/100\n|move|p2a: Blastoise|Water Spout|p1b: Azumarill|[spread] p1a,p1b\n|-resisted|p1b: Azumarill|1\n|-damage|p1a: Maushold|38/100\n|-damage|p1b: Azumarill|75/100\n|move|p1b: Azumarill|Belly Drum|p1b: Azumarill\n|-damage|p1b: Azumarill|25/100\n|-setboost|p1b: Azumarill|atk|6|[from] move: Belly Drum\n|-enditem|p1b: Azumarill|Sitrus Berry|[eat]\n|-heal|p1b: Azumarill|50/100|[from] item: Sitrus Berry\n|move|p2b: Farigiraf|Trick Room|p2b: Farigiraf\n|-fieldstart|move: Trick Room|[of] p2b: Farigiraf\n|\n|upkeep\n|turn|3\n|inactive|divethesky has 30 seconds left.\n|\n|t:|1776724238\n|move|p1a: Maushold|Follow Me|p1a: Maushold\n|-singleturn|p1a: Maushold|move: Follow Me\n|move|p1b: Azumarill|Play Rough|p2a: Blastoise\n|-damage|p2a: Blastoise|0 fnt\n|faint|p2a: Blastoise\n|move|p2b: Farigiraf|Hyper Voice|p1a: Maushold|[spread] p1a,p1b\n|-damage|p1a: Maushold|7/100\n|-damage|p1b: Azumarill|29/100\n|\n|upkeep\n|\n|t:|1776724248\n|switch|p2a: Aegislash|Aegislash, L50, M|100/100\n|turn|4\n|inactive|Warehouse User has 30 seconds left.\n|inactive|divethesky has 30 seconds left.\n|inactive|Warehouse User has 20 seconds left.\n|inactive|Warehouse User has 15 seconds left.\n|inactive|Warehouse User has 10 seconds left.\n|inactive|divethesky has 20 seconds left.\n|\n|t:|1776724296\n|switch|p1a: Aegislash|Aegislash, L50, M|100/100\n|move|p2a: Aegislash|King's Shield|p2a: Aegislash\n|-singleturn|p2a: Aegislash|Protect\n|move|p1b: Azumarill|Play Rough|p2b: Farigiraf\n|-damage|p2b: Farigiraf|0 fnt\n|faint|p2b: Farigiraf\n|\n|upkeep\n|\n|t:|1776724307\n|switch|p2b: Conkeldurr|Conkeldurr, L50, M|100/100\n|turn|5\n|\n|t:|1776724317\n|move|p2b: Conkeldurr|Mach Punch|p1b: Azumarill\n|-resisted|p1b: Azumarill|1\n|-damage|p1b: Azumarill|14/100\n|move|p1b: Azumarill|Aqua Jet|p2a: Aegislash\n|-damage|p2a: Aegislash|14/100\n|-formechange|p1a: Aegislash|Aegislash-Blade|\n|move|p1a: Aegislash|Shadow Sneak|p2a: Aegislash\n|-supereffective|p2a: Aegislash|1\n|-damage|p2a: Aegislash|0 fnt\n|faint|p2a: Aegislash\n|\n|upkeep\n|turn|6\n|-message|divethesky forfeited.\n|\n|win|Warehouse User\n|raw|Warehouse User's rating: 1062 &rarr; <strong>1092</strong><br />(+30 for winning)\n|raw|divethesky's rating: 1049 &rarr; <strong>1032</strong><br />(-17 for losing)\n|l|\u203ddivethesky\n|player|p2|\n",
  "uploadtime": 1776724332,
  "views": 3,
  "formatid": "gen9championsvgc2026regma",
  "rating": 1032,
  "private": 0,
  "password": null
}