{
  "id": "gen9championsvgc2026regma-2582021022",
  "format": "[Gen 9 Champions] VGC 2026 Reg M-A",
  "players": [
    "itsjustsomni",
    "babblebloeb"
  ],
  "log": "|j|\u2606itsjustsomni\n|j|\u2606babblebloeb\n|t:|1776049079\n|gametype|doubles\n|player|p1|itsjustsomni|cyrus|1108\n|player|p2|babblebloeb|265|1156\n|gen|9\n|tier|[Gen 9 Champions] VGC 2026 Reg M-A\n|rated|\n|rule|Species Clause: Limit one of each Pok\u00e9mon\n|rule|Item Clause: Limit 1 of each item\n|clearpoke\n|poke|p1|Charizard, L50, M|\n|poke|p1|Venusaur, L50, F|\n|poke|p1|Whimsicott, L50, F|\n|poke|p1|Incineroar, L50, F|\n|poke|p1|Crabominable, L50, M|\n|poke|p1|Sinistcha, L50|\n|poke|p2|Kleavor, L50, F|\n|poke|p2|Goodra-Hisui, L50, F|\n|poke|p2|Rotom-Wash, L50|\n|poke|p2|Tyranitar, L50, M|\n|poke|p2|Hydreigon, L50, F|\n|poke|p2|Conkeldurr, L50, F|\n|teampreview|4\n|inactive|Battle timer is ON: inactive players will automatically lose when time's up. (requested by itsjustsomni)\n|inactive|babblebloeb has 60 seconds left.\n|\n|t:|1776049116\n|teamsize|p1|4\n|teamsize|p2|4\n|start\n|switch|p1a: Charizard|Charizard, L50, M|100/100\n|switch|p1b: Venusaur|Venusaur, L50, F|100/100\n|switch|p2a: Kleavor|Kleavor, L50, F|100/100\n|switch|p2b: Conkeldurr|Conkeldurr, L50, F|100/100\n|turn|1\n|inactive|itsjustsomni has 30 seconds left.\n|inactive|itsjustsomni has 20 seconds left.\n|\n|t:|1776049155\n|detailschange|p1a: Charizard|Charizard-Mega-Y, L50, M\n|-mega|p1a: Charizard|Charizard|Charizardite Y\n|-weather|SunnyDay|[from] ability: Drought|[of] p1a: Charizard\n|move|p1b: Venusaur|Sleep Powder|p2a: Kleavor\n|-status|p2a: Kleavor|slp|[from] move: Sleep Powder\n|cant|p2a: Kleavor|slp\n|move|p1a: Charizard|Heat Wave|p2a: Kleavor|[spread] p2a,p2b\n|-damage|p2a: Kleavor|0 fnt\n|-damage|p2b: Conkeldurr|18/100\n|faint|p2a: Kleavor\n|move|p2b: Conkeldurr|Fire Punch|p1b: Venusaur\n|-supereffective|p1b: Venusaur|1\n|-damage|p1b: Venusaur|0 fnt\n|faint|p1b: Venusaur\n|\n|-weather|SunnyDay|[upkeep]\n|upkeep\n|\n|t:|1776049174\n|switch|p2a: Tyranitar|Tyranitar, L50, M|100/100\n|switch|p1b: Incineroar|Incineroar, L50, F|100/100\n|-weather|Sandstorm|[from] ability: Sand Stream|[of] p2a: Tyranitar\n|-ability|p1b: Incineroar|Intimidate|boost\n|-unboost|p2a: Tyranitar|atk|1\n|-unboost|p2b: Conkeldurr|atk|1\n|turn|2\n|\n|t:|1776049193\n|switch|p1a: Whimsicott|Whimsicott, L50, F|100/100\n|switch|p2b: Rotom|Rotom-Wash, L50|100/100\n|move|p1b: Incineroar|Fake Out|p2a: Tyranitar\n|-resisted|p2a: Tyranitar|1\n|-damage|p2a: Tyranitar|96/100\n|cant|p2a: Tyranitar|flinch\n|\n|-weather|Sandstorm|[upkeep]\n|-damage|p1a: Whimsicott|95/100|[from] Sandstorm\n|-damage|p2b: Rotom|95/100|[from] Sandstorm\n|-damage|p1b: Incineroar|94/100|[from] Sandstorm\n|upkeep\n|turn|3\n|\n|t:|1776049217\n|move|p1a: Whimsicott|Moonblast|p2a: Tyranitar\n|-supereffective|p2a: Tyranitar|1\n|-damage|p2a: Tyranitar|70/100\n|move|p2b: Rotom|Hydro Pump|p1b: Incineroar|[miss]\n|-miss|p2b: Rotom|p1b: Incineroar\n|move|p2a: Tyranitar|Dragon Dance|p2a: Tyranitar\n|-boost|p2a: Tyranitar|atk|1\n|-boost|p2a: Tyranitar|spe|1\n|move|p1b: Incineroar|Parting Shot|p2b: Rotom\n|-unboost|p2b: Rotom|atk|1\n|-unboost|p2b: Rotom|spa|1\n|\n|t:|1776049229\n|switch|p1b: Charizard|Charizard-Mega-Y, L50, M|100/100|[from] Parting Shot\n|-weather|SunnyDay|[from] ability: Drought|[of] p1b: Charizard\n|\n|-weather|SunnyDay|[upkeep]\n|upkeep\n|turn|4\n|\n|t:|1776049250\n|detailschange|p2a: Tyranitar|Tyranitar-Mega, L50, M\n|-mega|p2a: Tyranitar|Tyranitar|Tyranitarite\n|-weather|Sandstorm|[from] ability: Sand Stream|[of] p2a: Tyranitar\n|move|p1a: Whimsicott|Encore|p2a: Tyranitar\n|-hint|Since gen 7, Dark is immune to Prankster moves.\n|-immune|p2a: Tyranitar\n|move|p2a: Tyranitar|Rock Slide|p1b: Charizard|[spread] p1a,p1b\n|-supereffective|p1b: Charizard|2\n|-damage|p1a: Whimsicott|58/100\n|-damage|p1b: Charizard|0 fnt\n|faint|p1b: Charizard\n|move|p2b: Rotom|Volt Switch|p1a: Whimsicott\n|-resisted|p1a: Whimsicott|1\n|-damage|p1a: Whimsicott|47/100\n|\n|t:|1776049263\n|switch|p2b: Conkeldurr|Conkeldurr, L50, F|18/100|[from] Volt Switch\n|\n|-weather|Sandstorm|[upkeep]\n|-damage|p1a: Whimsicott|41/100|[from] Sandstorm\n|-damage|p2b: Conkeldurr|12/100|[from] Sandstorm\n|upkeep\n|\n|t:|1776049269\n|switch|p1b: Incineroar|Incineroar, L50, F|94/100\n|-ability|p1b: Incineroar|Intimidate|boost\n|-unboost|p2a: Tyranitar|atk|1\n|-unboost|p2b: Conkeldurr|atk|1\n|turn|5\n|inactive|babblebloeb has 30 seconds left.\n|inactive|babblebloeb has 20 seconds left.\n|\n|t:|1776049308\n|switch|p2a: Rotom|Rotom-Wash, L50|95/100\n|move|p1b: Incineroar|Fake Out|p2a: Rotom\n|-damage|p2a: Rotom|83/100\n|move|p2b: Conkeldurr|Mach Punch|p1b: Incineroar\n|-supereffective|p1b: Incineroar|1\n|-damage|p1b: Incineroar|61/100\n|move|p1a: Whimsicott|Moonblast|p2b: Conkeldurr\n|-supereffective|p2b: Conkeldurr|1\n|-damage|p2b: Conkeldurr|0 fnt\n|faint|p2b: Conkeldurr\n|\n|-weather|Sandstorm|[upkeep]\n|-damage|p1a: Whimsicott|35/100|[from] Sandstorm\n|-damage|p2a: Rotom|78/100|[from] Sandstorm\n|-damage|p1b: Incineroar|55/100|[from] Sandstorm\n|upkeep\n|\n|t:|1776049317\n|switch|p2b: Tyranitar|Tyranitar-Mega, L50, M|70/100\n|turn|6\n|inactive|babblebloeb has 30 seconds left.\n|\n|t:|1776049347\n|move|p1a: Whimsicott|Moonblast|p2b: Tyranitar\n|-supereffective|p2b: Tyranitar|1\n|-damage|p2b: Tyranitar|46/100\n|-unboost|p2b: Tyranitar|spa|1\n|move|p2b: Tyranitar|Rock Slide|p1b: Incineroar|[spread] p1a,p1b\n|-supereffective|p1b: Incineroar|1\n|-damage|p1a: Whimsicott|0 fnt\n|-damage|p1b: Incineroar|5/100\n|-enditem|p1b: Incineroar|Sitrus Berry|[eat]\n|-heal|p1b: Incineroar|30/100|[from] item: Sitrus Berry\n|faint|p1a: Whimsicott\n|move|p2a: Rotom|Hydro Pump|p1b: Incineroar\n|-supereffective|p1b: Incineroar|1\n|-damage|p1b: Incineroar|0 fnt\n|faint|p1b: Incineroar\n|\n|win|babblebloeb\n|raw|itsjustsomni's rating: 1108 &rarr; <strong>1086</strong><br />(-22 for losing)\n|raw|babblebloeb's rating: 1156 &rarr; <strong>1178</strong><br />(+22 for winning)\n",
  "uploadtime": 1776049349,
  "views": 15,
  "formatid": "gen9championsvgc2026regma",
  "rating": 1086,
  "private": 0,
  "password": null
}