{
  "id": "gen9championsvgc2026regma-2588328837",
  "format": "[Gen 9 Champions] VGC 2026 Reg M-A",
  "players": [
    "ChronicNikos",
    "Jigawoho"
  ],
  "log": "|j|\u2606ChronicNikos\n|j|\u2606Jigawoho\n|t:|1776624533\n|gametype|doubles\n|player|p1|ChronicNikos|cynthia-gen4|1483\n|player|p2|Jigawoho|169|1408\n|gen|9\n|tier|[Gen 9 Champions] VGC 2026 Reg M-A\n|rated|\n|rule|Species Clause: Limit one of each Pok\u00e9mon\n|rule|Item Clause: Limit 1 of each item\n|clearpoke\n|poke|p1|Gengar, L50, F, shiny|\n|poke|p1|Incineroar, L50, M|\n|poke|p1|Politoed, L50, M|\n|poke|p1|Archaludon, L50, F|\n|poke|p1|Basculegion, L50, M|\n|poke|p1|Meganium, L50, M|\n|poke|p2|Starmie, L50|\n|poke|p2|Clefable, L50, F, shiny|\n|poke|p2|Garchomp, L50, M, shiny|\n|poke|p2|Gyarados, L50, F, shiny|\n|poke|p2|Kingambit, L50, F|\n|poke|p2|Sneasler, L50, F|\n|teampreview|4\nChronicNikos rejected open team sheets.\n|\n|t:|1776624561\n|teamsize|p1|4\n|teamsize|p2|4\n|start\n|switch|p1a: PetalBurst|Meganium, L50, M|100/100\n|switch|p1b: Due Process|Archaludon, L50, F|100/100\n|switch|p2a: Gyarados|Gyarados, L50, F, shiny|100/100\n|switch|p2b: Starmie|Starmie, L50|100/100\n|-ability|p2a: Gyarados|Intimidate|boost\n|-unboost|p1a: PetalBurst|atk|1\n|-unboost|p1b: Due Process|atk|1\n|turn|1\n|inactive|Battle timer is ON: inactive players will automatically lose when time's up. (requested by Jigawoho)\n|inactive|Jigawoho has 60 seconds left.\n|\n|t:|1776624597\n|switch|p1a: I May Fall|Politoed, L50, M|100/100\n|-weather|RainDance|[from] ability: Drizzle|[of] p1a: I May Fall\n|detailschange|p2b: Starmie|Starmie-Mega, L50\n|-mega|p2b: Starmie|Starmie|Starminite\n|move|p2a: Gyarados|Protect|p2a: Gyarados\n|-singleturn|p2a: Gyarados|Protect\n|move|p2b: Starmie|Liquidation|p1a: I May Fall\n|-resisted|p1a: I May Fall|1\n|-damage|p1a: I May Fall|37/100\n|move|p1b: Due Process|Electro Shot||[still]\n|-prepare|p1b: Due Process|Electro Shot\n|-boost|p1b: Due Process|spa|1\n|-anim|p1b: Due Process|Electro Shot|p2a: Gyarados\n|-activate|p2a: Gyarados|move: Protect\n|\n|-weather|RainDance|[upkeep]\n|-heal|p1a: I May Fall|43/100|[from] item: Leftovers\n|upkeep\n|turn|2\n|inactive|Jigawoho has 30 seconds left.\n|\n|t:|1776624628\n|move|p1a: I May Fall|Protect|p1a: I May Fall\n|-singleturn|p1a: I May Fall|Protect\n|move|p2b: Starmie|Skill Swap|p2a: Gyarados\n|-activate|p2b: Starmie|Skill Swap|||[of] p2a: Gyarados\n|-ability|p2b: Starmie|Intimidate|boost\n|-unboost|p1a: I May Fall|atk|1\n|-unboost|p1b: Due Process|atk|1\n|move|p2a: Gyarados|Crunch|p1b: Due Process\n|-damage|p1b: Due Process|57/100\n|-ability|p1b: Due Process|Stamina|boost\n|-boost|p1b: Due Process|def|1\n|move|p1b: Due Process|Electro Shot||[still]\n|-prepare|p1b: Due Process|Electro Shot\n|-boost|p1b: Due Process|spa|1\n|-anim|p1b: Due Process|Electro Shot|p2b: Starmie\n|-supereffective|p2b: Starmie|1\n|-crit|p2b: Starmie\n|-damage|p2b: Starmie|0 fnt\n|faint|p2b: Starmie\n|\n|-weather|RainDance|[upkeep]\n|-heal|p1a: I May Fall|49/100|[from] item: Leftovers\n|upkeep\n|\n|t:|1776624643\n|switch|p2b: Sneasler|Sneasler, L50, F|100/100\n|turn|3\n|\n|t:|1776624655\n|move|p1b: Due Process|Protect|p1b: Due Process\n|-singleturn|p1b: Due Process|Protect\n|move|p2b: Sneasler|Close Combat|p1b: Due Process\n|-activate|p1b: Due Process|move: Protect\n|move|p2a: Gyarados|Crunch|p1b: Due Process\n|-activate|p1b: Due Process|move: Protect\n|move|p1a: I May Fall|Perish Song|p1a: I May Fall\n|-start|p1a: I May Fall|perish3|[silent]\n|-start|p1b: Due Process|perish3|[silent]\n|-start|p2a: Gyarados|perish3|[silent]\n|-start|p2b: Sneasler|perish3|[silent]\n|-fieldactivate|move: Perish Song\n|\n|-weather|RainDance|[upkeep]\n|-heal|p1a: I May Fall|55/100|[from] item: Leftovers\n|-start|p2b: Sneasler|perish3\n|-start|p2a: Gyarados|perish3\n|-start|p1b: Due Process|perish3\n|-start|p1a: I May Fall|perish3\n|upkeep\n|turn|4\n|\n|t:|1776624679\n|move|p2b: Sneasler|Close Combat|p1b: Due Process\n|-supereffective|p1b: Due Process|1\n|-enditem|p1b: Due Process|Chople Berry|[eat]\n|-enditem|p1b: Due Process|Chople Berry|[weaken]\n|-damage|p1b: Due Process|23/100\n|-unboost|p2b: Sneasler|def|1\n|-unboost|p2b: Sneasler|spd|1\n|-ability|p1b: Due Process|Stamina|boost\n|-boost|p1b: Due Process|def|1\n|move|p2a: Gyarados|Crunch|p1b: Due Process\n|-damage|p1b: Due Process|1/100\n|-ability|p1b: Due Process|Stamina|boost\n|-boost|p1b: Due Process|def|1\n|move|p1b: Due Process|Electro Shot||[still]\n|-prepare|p1b: Due Process|Electro Shot\n|-boost|p1b: Due Process|spa|1\n|-anim|p1b: Due Process|Electro Shot|p2a: Gyarados\n|-supereffective|p2a: Gyarados|2\n|-damage|p2a: Gyarados|0 fnt\n|faint|p2a: Gyarados\n|move|p1a: I May Fall|Weather Ball|p2b: Sneasler\n|-damage|p2b: Sneasler|6/100\n|\n|-weather|RainDance|[upkeep]\n|-heal|p1a: I May Fall|61/100|[from] item: Leftovers\n|-start|p2b: Sneasler|perish2\n|-start|p1b: Due Process|perish2\n|-start|p1a: I May Fall|perish2\n|upkeep\n|\n|t:|1776624688\n|switch|p2a: Kingambit|Kingambit, L50, F|100/100\n|turn|5\n|\n|t:|1776624708\n|move|p1b: Due Process|Protect|p1b: Due Process\n|-singleturn|p1b: Due Process|Protect\n|move|p1a: I May Fall|Protect|p1a: I May Fall\n|-singleturn|p1a: I May Fall|Protect\n|move|p2a: Kingambit|Sucker Punch||[still]\n|-fail|p2a: Kingambit\n|move|p2b: Sneasler|Close Combat|p1a: I May Fall\n|-activate|p1a: I May Fall|move: Protect\n|\n|-weather|none\n|-heal|p1a: I May Fall|67/100|[from] item: Leftovers\n|-start|p2b: Sneasler|perish1\n|-start|p1b: Due Process|perish1\n|-start|p1a: I May Fall|perish1\n|upkeep\n|turn|6\n|inactive|ChronicNikos has 30 seconds left.\n|\n|t:|1776624734\n|move|p2b: Sneasler|Dire Claw|p1a: I May Fall\n|-damage|p1a: I May Fall|19/100\n|move|p1b: Due Process|Draco Meteor|p2a: Kingambit\n|-resisted|p2a: Kingambit|1\n|-damage|p2a: Kingambit|8/100\n|-unboost|p1b: Due Process|spa|2\n|move|p1a: I May Fall|Perish Song|p1a: I May Fall\n|-start|p2a: Kingambit|perish3|[silent]\n|-fieldactivate|move: Perish Song\n|move|p2a: Kingambit|Swords Dance|p2a: Kingambit\n|-boost|p2a: Kingambit|atk|2\n|\n|-heal|p1a: I May Fall|25/100|[from] item: Leftovers\n|-start|p2b: Sneasler|perish0\n|-start|p1b: Due Process|perish0\n|-start|p1a: I May Fall|perish0\n|-start|p2a: Kingambit|perish3\n|faint|p2b: Sneasler\n|faint|p1b: Due Process\n|faint|p1a: I May Fall\n|upkeep\n|\n|t:|1776624750\n|switch|p1b: Tri-Hard|Basculegion, L50, M|100/100\n|switch|p1a: PetalBurst|Meganium, L50, M|100/100\n|turn|7\n|-message|Jigawoho forfeited.\n|\n|win|ChronicNikos\n|raw|ChronicNikos's rating: 1483 &rarr; <strong>1499</strong><br />(+16 for winning)\n|raw|Jigawoho's rating: 1408 &rarr; <strong>1392</strong><br />(-16 for losing)\n|l|\u2606Jigawoho\n|player|p2|\n",
  "uploadtime": 1776624762,
  "views": 11,
  "formatid": "gen9championsvgc2026regma",
  "rating": 1392,
  "private": 0,
  "password": null
}