{
  "id": "gen9championsvgc2026regma-2580947442",
  "format": "[Gen 9 Champions] VGC 2026 Reg M-A",
  "players": [
    "AnShira1shi",
    "marioman6444"
  ],
  "log": "|j|\u2606AnShira1shi\n|j|\u2606marioman6444\n|t:|1775945751\n|gametype|doubles\n|player|p1|AnShira1shi|dahlia|1053\n|player|p2|marioman6444|hoopster|1064\n|gen|9\n|tier|[Gen 9 Champions] VGC 2026 Reg M-A\n|rated|\n|rule|Species Clause: Limit one of each Pok\u00e9mon\n|rule|Item Clause: Limit 1 of each item\n|clearpoke\n|poke|p1|Sneasler, L50, F|\n|poke|p1|Basculegion, L50, M|\n|poke|p1|Incineroar, L50, F|\n|poke|p1|Aerodactyl, L50, M|\n|poke|p1|Pelipper, L50, F|\n|poke|p1|Garchomp, L50, F|\n|poke|p2|Slowbro, L50, M|\n|poke|p2|Pikachu, L50, F|\n|poke|p2|Oranguru, L50, F|\n|poke|p2|Sinistcha, L50|\n|poke|p2|Sableye, L50, M|\n|poke|p2|Crabominable, L50, F|\n|teampreview|4\n|inactive|Battle timer is ON: inactive players will automatically lose when time's up. (requested by marioman6444)\n|inactive|AnShira1shi also wants the timer to be on.\n|inactive|marioman6444 has 60 seconds left.\n|inactive|AnShira1shi has 60 seconds left.\n|inactive|marioman6444 has 30 seconds left.\n|inactive|marioman6444 has 20 seconds left.\n|inactive|marioman6444 has 15 seconds left.\n|inactive|marioman6444 has 10 seconds left.\n|inactive|marioman6444 has 5 seconds left.\n|\n|t:|1775945839\n|teamsize|p1|4\n|teamsize|p2|4\n|start\n|switch|p1a: Sneasler|Sneasler, L50, F|100/100\n|switch|p1b: Kitty|Incineroar, L50, F|100/100\n|switch|p2a: Sableye|Sableye, L50, M|100/100\n|switch|p2b: Slowbro|Slowbro, L50, M|100/100\n|-ability|p1b: Kitty|Intimidate|boost\n|-unboost|p2a: Sableye|atk|1\n|-fail|p2b: Slowbro|unboost|Attack|[from] ability: Oblivious|[of] p2b: Slowbro\n|turn|1\n|inactive|AnShira1shi has 30 seconds left.\n|\n|t:|1775945875\n|detailschange|p2b: Slowbro|Slowbro-Mega, L50, M\n|-mega|p2b: Slowbro|Slowbro|Slowbronite\n|move|p2a: Sableye|Fake Out|p1a: Sneasler\n|-damage|p1a: Sneasler|92/100\n|cant|p1a: Sneasler|flinch\n|move|p1b: Kitty|Parting Shot|p2b: Slowbro\n|-unboost|p2b: Slowbro|atk|1\n|-unboost|p2b: Slowbro|spa|1\n|\n|t:|1775945884\n|switch|p1b: Basculegion|Basculegion, L50, M|100/100|[from] Parting Shot\n|move|p2b: Slowbro|Iron Defense|p2b: Slowbro\n|-boost|p2b: Slowbro|def|2\n|\n|upkeep\n|turn|2\n|inactive|marioman6444 has 30 seconds left.\n|inactive|marioman6444 has 20 seconds left.\n|\n|t:|1775945919\n|move|p1b: Basculegion|Phantom Force||[still]\n|-prepare|p1b: Basculegion|Phantom Force\n|move|p1a: Sneasler|Taunt|p2b: Slowbro\n|-start|p2b: Slowbro|move: Taunt\n|move|p2a: Sableye|Snarl|p1b: Basculegion|[spread] p1a\n|-miss|p2a: Sableye|p1b: Basculegion\n|-resisted|p1a: Sneasler|1\n|-damage|p1a: Sneasler|86/100\n|-unboost|p1a: Sneasler|spa|1\n|-enditem|p1a: Sneasler|White Herb\n|-clearnegativeboost|p1a: Sneasler|[silent]\n|cant|p2b: Slowbro|move: Taunt|Iron Defense\n|\n|upkeep\n|turn|3\n|\n|t:|1775945940\n|move|p1a: Sneasler|Dire Claw|p2b: Slowbro\n|-damage|p2b: Slowbro|89/100\n|-status|p2b: Slowbro|par\n|move|p1b: Basculegion|Phantom Force|p2b: Slowbro|[from] lockedmove\n|-supereffective|p2b: Slowbro|1\n|-damage|p2b: Slowbro|55/100 par\n|move|p2a: Sableye|Snarl|p1a: Sneasler|[spread] p1a,p1b\n|-resisted|p1a: Sneasler|1\n|-supereffective|p1b: Basculegion|1\n|-damage|p1a: Sneasler|78/100\n|-damage|p1b: Basculegion|76/100\n|-unboost|p1a: Sneasler|spa|1\n|-unboost|p1b: Basculegion|spa|1\n|cant|p2b: Slowbro|par\n|\n|upkeep\n|turn|4\n|inactive|marioman6444 has 30 seconds left.\n|\n|t:|1775945966\n|move|p1a: Sneasler|Dire Claw|p2b: Slowbro\n|-damage|p2b: Slowbro|44/100 par\n|move|p1b: Basculegion|Phantom Force||[still]\n|-prepare|p1b: Basculegion|Phantom Force\n|move|p2a: Sableye|Snarl|p1b: Basculegion|[spread] p1a\n|-miss|p2a: Sableye|p1b: Basculegion\n|-resisted|p1a: Sneasler|1\n|-damage|p1a: Sneasler|71/100\n|-unboost|p1a: Sneasler|spa|1\n|move|p2b: Slowbro|Body Press|p1a: Sneasler\n|-resisted|p1a: Sneasler|1\n|-damage|p1a: Sneasler|8/100\n|\n|-end|p2b: Slowbro|move: Taunt\n|upkeep\n|turn|5\n|inactive|marioman6444 has 30 seconds left.\n|inactive|AnShira1shi has 30 seconds left.\n|\n|t:|1775945998\n|switch|p2a: Sinistcha|Sinistcha, L50|100/100\n|-heal|p2b: Slowbro|69/100 par|[from] ability: Hospitality|[of] p2a: Sinistcha\n|move|p1a: Sneasler|Dire Claw|p2a: Sinistcha\n|-damage|p2a: Sinistcha|66/100\n|-status|p2a: Sinistcha|psn\n|move|p1b: Basculegion|Phantom Force|p2b: Slowbro|[from] lockedmove\n|-supereffective|p2b: Slowbro|1\n|-damage|p2b: Slowbro|37/100 par\n|move|p2b: Slowbro|Scald|p1a: Sneasler\n|-crit|p1a: Sneasler\n|-damage|p1a: Sneasler|0 fnt\n|faint|p1a: Sneasler\n|\n|-damage|p2a: Sinistcha|54/100 psn|[from] psn\n|upkeep\n|\n|t:|1775946009\n|switch|p1a: Aerodactyl|Aerodactyl, L50, M|100/100\n|turn|6\n|\n|t:|1775946031\n|detailschange|p1a: Aerodactyl|Aerodactyl-Mega, L50, M\n|-mega|p1a: Aerodactyl|Aerodactyl|Aerodactylite\n|move|p1a: Aerodactyl|Thunder Fang|p2b: Slowbro\n|-supereffective|p2b: Slowbro|1\n|-damage|p2b: Slowbro|22/100 par\n|move|p1b: Basculegion|Phantom Force||[still]\n|-prepare|p1b: Basculegion|Phantom Force\n|move|p2b: Slowbro|Slack Off|p2b: Slowbro\n|-heal|p2b: Slowbro|72/100 par\n|move|p2a: Sinistcha|Trick Room|p2a: Sinistcha\n|-fieldstart|move: Trick Room|[of] p2a: Sinistcha\n|\n|-damage|p2a: Sinistcha|42/100 psn|[from] psn\n|upkeep\n|turn|7\n|-message|AnShira1shi forfeited.\n|\n|win|marioman6444\n|raw|AnShira1shi's rating: 1053 &rarr; <strong>1036</strong><br />(-17 for losing)\n|raw|marioman6444's rating: 1064 &rarr; <strong>1093</strong><br />(+29 for winning)\n|l|\u2606AnShira1shi\n|player|p1|\n",
  "uploadtime": 1775946047,
  "views": 23,
  "formatid": "gen9championsvgc2026regma",
  "rating": 1036,
  "private": 0,
  "password": null
}