{
  "id": "gen9championsvgc2026regma-2582047015",
  "format": "[Gen 9 Champions] VGC 2026 Reg M-A",
  "players": [
    "It'sJustKen VGC",
    "onewhitetiger"
  ],
  "log": "|j|\u2606It'sJustKen VGC\n|j|\u2606onewhitetiger\n|t:|1776051662\n|gametype|doubles\n|player|p1|It'sJustKen VGC|265|1079\n|player|p2|onewhitetiger|burglar|1133\n|gen|9\n|tier|[Gen 9 Champions] VGC 2026 Reg M-A\n|rated|\n|rule|Species Clause: Limit one of each Pok\u00e9mon\n|rule|Item Clause: Limit 1 of each item\n|clearpoke\n|poke|p1|Kingambit, L50, M|\n|poke|p1|Spiritomb, L50, F|\n|poke|p1|Garganacl, L50, M|\n|poke|p1|Hawlucha, L50, M|\n|poke|p1|Clefable, L50, M|\n|poke|p1|Golurk, L50|\n|poke|p2|Dragapult, L50, M|\n|poke|p2|Tinkaton, L50, F|\n|poke|p2|Dragonite, L50, M|\n|poke|p2|Typhlosion-Hisui, L50, F|\n|poke|p2|Meowscarada, L50, M|\n|poke|p2|Greninja-*, L50, F|\n|teampreview|4\n|inactive|Battle timer is ON: inactive players will automatically lose when time's up. (requested by It'sJustKen VGC)\n|inactive|onewhitetiger has 60 seconds left.\n|\n|t:|1776051707\n|teamsize|p1|4\n|teamsize|p2|4\n|start\n|switch|p1a: Clefable|Clefable, L50, M|100/100\n|switch|p1b: Spiritomb|Spiritomb, L50, F|100/100\n|switch|p2a: Greninja|Greninja, L50, F|100/100\n|switch|p2b: Trinca ferro|Tinkaton, L50, F|100/100\n|-ability|p2b: Trinca ferro|Mold Breaker\n|turn|1\n|inactive|onewhitetiger has 30 seconds left.\n|\n|t:|1776051736\n|move|p2b: Trinca ferro|Fake Out|p1a: Clefable\n|-damage|p1a: Clefable|92/100\n|cant|p1a: Clefable|flinch\n|move|p2a: Greninja|Sludge Wave|p1a: Clefable|[spread] p1a,p1b\n|-start|p2a: Greninja|typechange|Poison|[from] ability: Protean\n|-immune|p2b: Trinca ferro\n|-supereffective|p1a: Clefable|1\n|-resisted|p1b: Spiritomb|1\n|-crit|p1b: Spiritomb\n|-damage|p1a: Clefable|40/100\n|-damage|p1b: Spiritomb|80/100\n|move|p1b: Spiritomb|Trick Room|p1b: Spiritomb\n|-fieldstart|move: Trick Room|[of] p1b: Spiritomb\n|\n|-heal|p1a: Clefable|46/100|[from] item: Leftovers\n|upkeep\n|turn|2\n|\n|t:|1776051761\n|move|p1a: Clefable|Follow Me|p1a: Clefable\n|-singleturn|p1a: Clefable|move: Follow Me\n|move|p1b: Spiritomb|Hypnosis|p2b: Trinca ferro\n|-status|p2b: Trinca ferro|slp|[from] move: Hypnosis\n|cant|p2b: Trinca ferro|slp\n|move|p2a: Greninja|Sludge Wave|p1a: Clefable|[spread] p1a,p1b\n|-immune|p2b: Trinca ferro\n|-supereffective|p1a: Clefable|1\n|-resisted|p1b: Spiritomb|1\n|-damage|p1a: Clefable|0 fnt\n|-damage|p1b: Spiritomb|67/100\n|-status|p1b: Spiritomb|psn\n|faint|p1a: Clefable\n|\n|-damage|p1b: Spiritomb|55/100 psn|[from] psn\n|upkeep\n|\n|t:|1776051765\n|switch|p1a: Golurk|Golurk, L50|100/100\n|turn|3\n|\n|t:|1776051794\n|switch|p2a: Peludo|Dragonite, L50, M|100/100\n|cant|p2b: Trinca ferro|slp\n|move|p1b: Spiritomb|Skill Swap|p1a: Golurk\n|-activate|p1b: Spiritomb|Skill Swap|||[of] p1a: Golurk\n|move|p1a: Golurk|Curse|p2b: Trinca ferro\n|-start|p2b: Trinca ferro|Curse|[of] p1a: Golurk\n|-damage|p1a: Golurk|50/100\n|\n|-damage|p1b: Spiritomb|43/100 psn|[from] psn\n|-damage|p2b: Trinca ferro|76/100 slp|[from] Curse\n|upkeep\n|turn|4\n|inactive|onewhitetiger has 30 seconds left.\n|\n|t:|1776051826\n|switch|p1a: Kingambit|Kingambit, L50, M|100/100\n|move|p1b: Spiritomb|Skill Swap|p1a: Kingambit\n|-activate|p1b: Spiritomb|Skill Swap|||[of] p1a: Kingambit\n|move|p2a: Peludo|Dragon Pulse|p1b: Spiritomb\n|-damage|p1b: Spiritomb|13/100 psn\n|-curestatus|p2b: Trinca ferro|slp|[msg]\n|move|p2b: Trinca ferro|Play Rough|p1b: Spiritomb\n|-supereffective|p1b: Spiritomb|1\n|-damage|p1b: Spiritomb|0 fnt\n|faint|p1b: Spiritomb\n|\n|-damage|p2b: Trinca ferro|51/100|[from] Curse\n|upkeep\n|\n|t:|1776051829\n|switch|p1b: Golurk|Golurk, L50|50/100\n|turn|5\n|\n|t:|1776051848\n|move|p1b: Golurk|Reflect|p1b: Golurk\n|-sidestart|p1: It'sJustKen VGC|Reflect\n|move|p1a: Kingambit|Guillotine|p2a: Peludo\n|-damage|p2a: Peludo|0 fnt\n|faint|p2a: Peludo\n|-ohko\n|move|p2b: Trinca ferro|Play Rough|p1a: Kingambit\n|-damage|p1a: Kingambit|81/100\n|\n|-damage|p2b: Trinca ferro|26/100|[from] Curse\n|-fieldend|move: Trick Room\n|upkeep\n|\n|t:|1776051857\n|switch|p2a: Greninja|Greninja, L50, F|100/100\n|turn|6\n|\n|t:|1776051876\n|detailschange|p2a: Greninja|Greninja-Mega, L50, F\n|-mega|p2a: Greninja|Greninja|Greninjite\n|move|p2a: Greninja|Hydro Pump|p1a: Kingambit\n|-start|p2a: Greninja|typechange|Water|[from] ability: Protean\n|-damage|p1a: Kingambit|34/100\n|-enditem|p1a: Kingambit|Sitrus Berry|[eat]\n|-heal|p1a: Kingambit|59/100|[from] item: Sitrus Berry\n|move|p2b: Trinca ferro|Play Rough|p1a: Kingambit\n|-damage|p1a: Kingambit|40/100\n|move|p1a: Kingambit|Guillotine|p2a: Greninja\n|-damage|p2a: Greninja|0 fnt\n|faint|p2a: Greninja\n|-ohko\n|move|p1b: Golurk|Dynamic Punch|p2b: Trinca ferro\n|-damage|p2b: Trinca ferro|0 fnt\n|faint|p2b: Trinca ferro\n|\n|upkeep\n|\n|t:|1776051889\n|switch|p2b: XLR8|Dragapult, L50, M|100/100\n|turn|7\n|\n|t:|1776051904\n|move|p1a: Kingambit|Protect|p1a: Kingambit\n|-singleturn|p1a: Kingambit|Protect\n|move|p2b: XLR8|Phantom Force||[still]\n|-prepare|p2b: XLR8|Phantom Force\n|move|p1b: Golurk|Curse|p2b: XLR8\n|-start|p2b: XLR8|Curse|[of] p1b: Golurk\n|-damage|p1b: Golurk|0 fnt\n|faint|p1b: Golurk\n|\n|-damage|p2b: XLR8|76/100|[from] Curse\n|upkeep\n|turn|8\n|\n|t:|1776051913\n|move|p2b: XLR8|Phantom Force|p1a: Kingambit|[from] lockedmove\n|-resisted|p1a: Kingambit|1\n|-damage|p1a: Kingambit|29/100\n|move|p1a: Kingambit|Kowtow Cleave|p2b: XLR8\n|-supereffective|p2b: XLR8|1\n|-damage|p2b: XLR8|0 fnt\n|faint|p2b: XLR8\n|\n|win|It'sJustKen VGC\n|raw|It&apos;sJustKen VGC's rating: 1079 &rarr; <strong>1111</strong><br />(+32 for winning)\n|raw|onewhitetiger's rating: 1133 &rarr; <strong>1104</strong><br />(-29 for losing)\n",
  "uploadtime": 1776051916,
  "views": 18,
  "formatid": "gen9championsvgc2026regma",
  "rating": 1104,
  "private": 0,
  "password": null
}