{
  "id": "gen9championsvgc2026regma-2584468542",
  "format": "[Gen 9 Champions] VGC 2026 Reg M-A",
  "players": [
    "Typenstein",
    "Jiggidy"
  ],
  "log": "|j|\u2606Typenstein\n|j|\u2606Jiggidy\n|t:|1776262920\n|gametype|doubles\n|player|p1|Typenstein|101|1121\n|player|p2|Jiggidy|1|1216\n|gen|9\n|tier|[Gen 9 Champions] VGC 2026 Reg M-A\n|rated|\n|rule|Species Clause: Limit one of each Pok\u00e9mon\n|rule|Item Clause: Limit 1 of each item\n|clearpoke\n|poke|p1|Incineroar, L50, M|\n|poke|p1|Glimmora, L50, F|\n|poke|p1|Pelipper, L50, M|\n|poke|p1|Basculegion, L50, M|\n|poke|p1|Archaludon, L50, M|\n|poke|p1|Sableye, L50, M|\n|poke|p2|Scovillain, L50, M|\n|poke|p2|Aegislash, L50, F|\n|poke|p2|Rotom-Wash, L50|\n|poke|p2|Hatterene, L50, F|\n|poke|p2|Aerodactyl, L50, M|\n|poke|p2|Machamp, L50, M|\n|teampreview|4\n|\n|t:|1776262961\n|teamsize|p1|4\n|teamsize|p2|4\n|start\n|switch|p1a: Glimmora|Glimmora, L50, F|100/100\n|switch|p1b: Sableye|Sableye, L50, M|100/100\n|switch|p2a: Scovillain|Scovillain, L50, M, shiny|100/100\n|switch|p2b: Hatterene|Hatterene, L50, F, shiny|100/100\n|turn|1\n|inactive|Battle timer is ON: inactive players will automatically lose when time's up. (requested by Typenstein)\n|inactive|Jiggidy has 60 seconds left.\n|\n|t:|1776263034\n|detailschange|p2a: Scovillain|Scovillain-Mega, L50, M, shiny\n|-mega|p2a: Scovillain|Scovillain|Scovillainite\n|move|p2a: Scovillain|Protect|p2a: Scovillain\n|-singleturn|p2a: Scovillain|Protect\n|move|p2b: Hatterene|Protect|p2b: Hatterene\n|-singleturn|p2b: Hatterene|Protect\n|move|p1b: Sableye|Fake Out|p2b: Hatterene\n|-activate|p2b: Hatterene|move: Protect\n|move|p1a: Glimmora|Power Gem|p2a: Scovillain\n|-activate|p2a: Scovillain|move: Protect\n|\n|upkeep\n|turn|2\n|\n|t:|1776263056\n|detailschange|p1a: Glimmora|Glimmora-Mega, L50, F\n|-mega|p1a: Glimmora|Glimmora|Glimmoranite\n|move|p2a: Scovillain|Rage Powder|p2a: Scovillain\n|-singleturn|p2a: Scovillain|move: Rage Powder\n|move|p1b: Sableye|Encore|p2a: Scovillain\n|-start|p2a: Scovillain|Encore\n|move|p1a: Glimmora|Power Gem|p2a: Scovillain\n|-supereffective|p2a: Scovillain|1\n|-damage|p2a: Scovillain|0 fnt\n|-status|p1a: Glimmora|brn|[from] ability: Spicy Spray|[of] p2a: Scovillain\n|faint|p2a: Scovillain\n|move|p2b: Hatterene|Trick Room|p2b: Hatterene\n|-fieldstart|move: Trick Room|[of] p2b: Hatterene\n|\n|-damage|p1a: Glimmora|94/100 brn|[from] brn\n|upkeep\n|\n|t:|1776263065\n|switch|p2a: Rotom|Rotom-Wash, L50, shiny|100/100\n|turn|3\n|\n|t:|1776263079\n|move|p1b: Sableye|Encore|p2b: Hatterene\n|move|p2b: Hatterene|Encore||[from] ability: Magic Bounce|[still]\n|-fail|p2b: Hatterene\n|move|p2b: Hatterene|Dazzling Gleam|p1b: Sableye|[spread] p1a,p1b\n|-resisted|p1a: Glimmora|1\n|-supereffective|p1b: Sableye|1\n|-damage|p1a: Glimmora|74/100 brn\n|-enditem|p1b: Sableye|Focus Sash\n|-damage|p1b: Sableye|1/100\n|move|p2a: Rotom|Hydro Pump|p1a: Glimmora|[miss]\n|-miss|p2a: Rotom|p1a: Glimmora\n|move|p1a: Glimmora|Sludge Bomb|p2b: Hatterene\n|-supereffective|p2b: Hatterene|1\n|-damage|p2b: Hatterene|0 fnt\n|faint|p2b: Hatterene\n|\n|-damage|p1a: Glimmora|67/100 brn|[from] brn\n|upkeep\n|\n|t:|1776263092\n|switch|p2b: Machamp|Machamp, L50, M|100/100\n|turn|4\n|\n|t:|1776263112\n|move|p1b: Sableye|Protect|p1b: Sableye\n|-singleturn|p1b: Sableye|Protect\n|move|p1a: Glimmora|Spiky Shield|p1a: Glimmora\n|-singleturn|p1a: Glimmora|move: Protect\n|move|p2b: Machamp|Knock Off|p1b: Sableye\n|-activate|p1b: Sableye|move: Protect\n|move|p2a: Rotom|Hydro Pump|p1a: Glimmora\n|-activate|p1a: Glimmora|move: Protect\n|\n|-damage|p1a: Glimmora|61/100 brn|[from] brn\n|upkeep\n|turn|5\n|inactive|Typenstein has 30 seconds left.\n|inactive|Typenstein has 20 seconds left.\n|inactive|Typenstein has 15 seconds left.\n|\n|t:|1776263152\n|move|p2b: Machamp|Protect|p2b: Machamp\n|-singleturn|p2b: Machamp|Protect\n|move|p1b: Sableye|Disable|p2a: Rotom\n|-start|p2a: Rotom|Disable|Hydro Pump\n|cant|p2a: Rotom|Disable|Hydro Pump\n|move|p1a: Glimmora|Power Gem|p2a: Rotom\n|-damage|p2a: Rotom|33/100\n|\n|-damage|p1a: Glimmora|55/100 brn|[from] brn\n|upkeep\n|turn|6\n|\n|t:|1776263174\n|move|p1b: Sableye|Protect|p1b: Sableye\n|-singleturn|p1b: Sableye|Protect\n|move|p1a: Glimmora|Spiky Shield|p1a: Glimmora\n|-singleturn|p1a: Glimmora|move: Protect\n|move|p2b: Machamp|Dynamic Punch|p1a: Glimmora\n|-activate|p1a: Glimmora|move: Protect\n|-damage|p2b: Machamp|88/100|[from] Spiky Shield|[of] p1a: Glimmora\n|move|p2a: Rotom|Thunderbolt|p1a: Glimmora\n|-activate|p1a: Glimmora|move: Protect\n|\n|-damage|p1a: Glimmora|49/100 brn|[from] brn\n|-fieldend|move: Trick Room\n|upkeep\n|turn|7\n|inactive|Typenstein has 30 seconds left.\n|inactive|Typenstein has 20 seconds left.\n|inactive|Typenstein has 15 seconds left.\n|inactive|Typenstein has 10 seconds left.\n|\n|t:|1776263221\n|move|p2a: Rotom|Protect|p2a: Rotom\n|-singleturn|p2a: Rotom|Protect\n|move|p1b: Sableye|Disable|p2b: Machamp\n|-start|p2b: Machamp|Disable|Dynamic Punch\n|move|p1a: Glimmora|Power Gem|p2a: Rotom\n|-activate|p2a: Rotom|move: Protect\n|cant|p2b: Machamp|Disable|Dynamic Punch\n|\n|-damage|p1a: Glimmora|42/100 brn|[from] brn\n|upkeep\n|turn|8\n|\n|t:|1776263236\n|move|p2b: Machamp|Protect|p2b: Machamp\n|-singleturn|p2b: Machamp|Protect\n|move|p1b: Sableye|Encore|p2b: Machamp\n|-activate|p2b: Machamp|move: Protect\n|move|p1a: Glimmora|Power Gem|p2a: Rotom\n|-damage|p2a: Rotom|0 fnt\n|faint|p2a: Rotom\n|\n|-damage|p1a: Glimmora|36/100 brn|[from] brn\n|upkeep\n|turn|9\n|-message|Jiggidy forfeited.\n|\n|win|Typenstein\n|raw|Typenstein's rating: 1121 &rarr; <strong>1153</strong><br />(+32 for winning)\n|raw|Jiggidy's rating: 1216 &rarr; <strong>1184</strong><br />(-32 for losing)\n|l|\u2606Jiggidy\n|player|p2|\n|l|\u2606Typenstein\n|player|p1|\n|j|\u2606Typenstein\n|player|p1|Typenstein|101|\n",
  "uploadtime": 1776263651,
  "views": 35,
  "formatid": "gen9championsvgc2026regma",
  "rating": 1153,
  "private": 0,
  "password": null
}