{
  "id": "gen9championsvgc2026regma-2586685200",
  "format": "[Gen 9 Champions] VGC 2026 Reg M-A",
  "players": [
    "rooftopunovan",
    "szaszasza"
  ],
  "log": "|j|\u2606rooftopunovan\n|j|\u2606szaszasza\n|t:|1776452054\n|gametype|doubles\n|player|p1|rooftopunovan|n|1056\n|player|p2|szaszasza|1|1082\n|gen|9\n|tier|[Gen 9 Champions] VGC 2026 Reg M-A\n|rated|\n|rule|Species Clause: Limit one of each Pok\u00e9mon\n|rule|Item Clause: Limit 1 of each item\n|clearpoke\n|poke|p1|Pelipper, L50, M|\n|poke|p1|Archaludon, L50, M|\n|poke|p1|Basculegion, L50, M|\n|poke|p1|Meganium, L50, F|\n|poke|p1|Sneasler, L50, F|\n|poke|p1|Aerodactyl, L50, M|\n|poke|p2|Gengar, L50, F|\n|poke|p2|Kommo-o, L50, M|\n|poke|p2|Tyranitar, L50, F|\n|poke|p2|Incineroar, L50, M|\n|poke|p2|Kingambit, L50, F|\n|poke|p2|Sinistcha, L50|\n|teampreview|4\n|inactive|Battle timer is ON: inactive players will automatically lose when time's up. (requested by rooftopunovan)\n|\n|t:|1776452116\n|teamsize|p1|4\n|teamsize|p2|4\n|start\n|switch|p1a: Pelipper|Pelipper, L50, M, shiny|100/100\n|switch|p1b: Meganium|Meganium, L50, F, shiny|100/100\n|switch|p2a: Kingambit|Kingambit, L50, F|100/100\n|switch|p2b: Gengar|Gengar, L50, F|100/100\n|-weather|RainDance|[from] ability: Drizzle|[of] p1a: Pelipper\n|turn|1\n|\n|t:|1776452139\n|switch|p2a: Tyranitar|Tyranitar, L50, F|100/100\n|-weather|Sandstorm|[from] ability: Sand Stream|[of] p2a: Tyranitar\n|detailschange|p2b: Gengar|Gengar-Mega, L50, F\n|-mega|p2b: Gengar|Gengar|Gengarite\n|move|p1b: Meganium|Protect|p1b: Meganium\n|-singleturn|p1b: Meganium|Protect\n|move|p2b: Gengar|Perish Song|p2b: Gengar\n|-start|p1a: Pelipper|perish3|[silent]\n|-start|p1b: Meganium|perish3|[silent]\n|-start|p2a: Tyranitar|perish3|[silent]\n|-start|p2b: Gengar|perish3|[silent]\n|-fieldactivate|move: Perish Song\n|move|p1a: Pelipper|Tailwind|p1a: Pelipper\n|-sidestart|p1: rooftopunovan|move: Tailwind\n|\n|-weather|Sandstorm|[upkeep]\n|-damage|p1a: Pelipper|95/100|[from] Sandstorm\n|-damage|p1b: Meganium|95/100|[from] Sandstorm\n|-damage|p2b: Gengar|95/100|[from] Sandstorm\n|-start|p1a: Pelipper|perish3\n|-start|p2b: Gengar|perish3\n|-start|p1b: Meganium|perish3\n|-start|p2a: Tyranitar|perish3\n|upkeep\n|turn|2\n|\n|t:|1776452162\n|switch|p2a: Incineroar|Incineroar, L50, M|100/100\n|-ability|p2a: Incineroar|Intimidate|boost\n|-unboost|p1a: Pelipper|atk|1\n|-unboost|p1b: Meganium|atk|1\n|detailschange|p1b: Meganium|Meganium-Mega, L50, F, shiny\n|-mega|p1b: Meganium|Meganium|Meganiumite\n|move|p2b: Gengar|Protect|p2b: Gengar\n|-singleturn|p2b: Gengar|Protect\n|move|p1a: Pelipper|Wide Guard|p1a: Pelipper\n|-singleturn|p1a: Pelipper|Wide Guard\n|move|p1b: Meganium|Solar Beam||[still]\n|-prepare|p1b: Meganium|Solar Beam\n|-activate|p1b: Meganium|ability: Mega Sol\n|-anim|p1b: Meganium|Solar Beam|p2a: Incineroar\n|-resisted|p2a: Incineroar|1\n|-damage|p2a: Incineroar|76/100\n|\n|-weather|Sandstorm|[upkeep]\n|-damage|p1a: Pelipper|89/100|[from] Sandstorm\n|-damage|p1b: Meganium|89/100|[from] Sandstorm\n|-damage|p2b: Gengar|89/100|[from] Sandstorm\n|-damage|p2a: Incineroar|70/100|[from] Sandstorm\n|-start|p1a: Pelipper|perish2\n|-start|p2b: Gengar|perish2\n|-start|p1b: Meganium|perish2\n|upkeep\n|turn|3\n|inactive|szaszasza has 30 seconds left.\n|\n|t:|1776452190\n|move|p2a: Incineroar|Fake Out|p1b: Meganium\n|-damage|p1b: Meganium|79/100\n|move|p1a: Pelipper|Weather Ball|p2a: Incineroar\n|-supereffective|p2a: Incineroar|1\n|-damage|p2a: Incineroar|28/100\n|move|p2b: Gengar|Substitute|p2b: Gengar\n|-start|p2b: Gengar|Substitute\n|-damage|p2b: Gengar|64/100\n|cant|p1b: Meganium|flinch\n|\n|-weather|Sandstorm|[upkeep]\n|-damage|p1a: Pelipper|83/100|[from] Sandstorm\n|-damage|p1b: Meganium|73/100|[from] Sandstorm\n|-damage|p2b: Gengar|58/100|[from] Sandstorm\n|-damage|p2a: Incineroar|22/100|[from] Sandstorm\n|-start|p1a: Pelipper|perish1\n|-start|p1b: Meganium|perish1\n|-start|p2b: Gengar|perish1\n|upkeep\n|turn|4\n|inactive|szaszasza has 30 seconds left.\n|\n|t:|1776452224\n|switch|p2b: Tyranitar|Tyranitar, L50, F|100/100\n|move|p2a: Incineroar|Protect|p2a: Incineroar\n|-singleturn|p2a: Incineroar|Protect\n|move|p1a: Pelipper|Hurricane|p2b: Tyranitar\n|-resisted|p2b: Tyranitar|1\n|-damage|p2b: Tyranitar|84/100\n|move|p1b: Meganium|Dazzling Gleam|p2b: Tyranitar|[spread] p2b\n|-activate|p2a: Incineroar|move: Protect\n|-supereffective|p2b: Tyranitar|1\n|-damage|p2b: Tyranitar|9/100\n|\n|-weather|Sandstorm|[upkeep]\n|-damage|p1a: Pelipper|77/100|[from] Sandstorm\n|-damage|p1b: Meganium|67/100|[from] Sandstorm\n|-damage|p2a: Incineroar|16/100|[from] Sandstorm\n|-start|p1a: Pelipper|perish0\n|-start|p1b: Meganium|perish0\n|-sideend|p1: rooftopunovan|move: Tailwind\n|faint|p1a: Pelipper\n|faint|p1b: Meganium\n|upkeep\n|\n|t:|1776452235\n|switch|p1a: Basculegion|Basculegion, L50, M, shiny|100/100\n|switch|p1b: Sneasler|Sneasler, L50, F, shiny|100/100\n|turn|5\n|inactive|szaszasza has 30 seconds left.\n|\n|t:|1776452261\n|switch|p2a: Gengar|Gengar-Mega, L50, F|58/100\n|move|p1b: Sneasler|Fake Out|p2b: Tyranitar\n|-resisted|p2b: Tyranitar|1\n|-damage|p2b: Tyranitar|3/100\n|-status|p2b: Tyranitar|psn|[from] ability: Poison Touch|[of] p1b: Sneasler\n|move|p1a: Basculegion|Aqua Jet|p2a: Gengar\n|-damage|p2a: Gengar|20/100\n|cant|p2b: Tyranitar|flinch\n|\n|-weather|none\n|-damage|p2b: Tyranitar|0 fnt|[from] psn\n|faint|p2b: Tyranitar\n|upkeep\n|\n|t:|1776452275\n|switch|p2b: Incineroar|Incineroar, L50, M|16/100\n|-ability|p2b: Incineroar|Intimidate|boost\n|-unboost|p1a: Basculegion|atk|1\n|-unboost|p1b: Sneasler|atk|1\n|turn|6\n|inactive|rooftopunovan has 30 seconds left.\n|\n|t:|1776452302\n|move|p2b: Incineroar|Fake Out|p1b: Sneasler\n|-damage|p1b: Sneasler|84/100\n|move|p1a: Basculegion|Aqua Jet|p2a: Gengar\n|-damage|p2a: Gengar|0 fnt\n|faint|p2a: Gengar\n|cant|p1b: Sneasler|flinch\n|\n|upkeep\n|\n|t:|1776452310\n|switch|p2a: Kingambit|Kingambit, L50, F|100/100\n|turn|7\n|\n|t:|1776452322\n|move|p1a: Basculegion|Aqua Jet|p2b: Incineroar\n|-supereffective|p2b: Incineroar|1\n|-damage|p2b: Incineroar|0 fnt\n|faint|p2b: Incineroar\n|move|p2a: Kingambit|Sucker Punch||[still]\n|-fail|p2a: Kingambit\n|move|p1b: Sneasler|Close Combat|p2a: Kingambit\n|-supereffective|p2a: Kingambit|2\n|-enditem|p2a: Kingambit|Chople Berry|[eat]\n|-enditem|p2a: Kingambit|Chople Berry|[weaken]\n|-damage|p2a: Kingambit|37/100\n|-unboost|p1b: Sneasler|def|1\n|-unboost|p1b: Sneasler|spd|1\n|\n|upkeep\n|turn|8\n|c|\u2606rooftopunovan|gg\n|c|\u2606szaszasza|gg\n|inactive|szaszasza has 30 seconds left.\n|\n|t:|1776452350\n|move|p1a: Basculegion|Aqua Jet|p2a: Kingambit\n|-damage|p2a: Kingambit|22/100\n|move|p1b: Sneasler|Close Combat|p2a: Kingambit\n|-supereffective|p2a: Kingambit|2\n|-damage|p2a: Kingambit|0 fnt\n|-unboost|p1b: Sneasler|def|1\n|-unboost|p1b: Sneasler|spd|1\n|faint|p2a: Kingambit\n|\n|win|rooftopunovan\n|raw|rooftopunovan's rating: 1056 &rarr; <strong>1090</strong><br />(+34 for winning)\n|raw|szaszasza's rating: 1082 &rarr; <strong>1058</strong><br />(-24 for losing)\n|l|\u2606rooftopunovan\n|player|p1|\n",
  "uploadtime": 1776452361,
  "views": 39,
  "formatid": "gen9championsvgc2026regma",
  "rating": 1058,
  "private": 0,
  "password": null
}