{
  "id": "gen9championsvgc2026regma-2587573406",
  "format": "[Gen 9 Champions] VGC 2026 Reg M-A",
  "players": [
    "ribas900",
    "Afr1995"
  ],
  "log": "|j|\u2606ribas900\n|j|\u2606Afr1995\n|t:|1776543454\n|gametype|doubles\n|player|p1|ribas900|boarder|1140\n|player|p2|Afr1995|102|1146\n|gen|9\n|tier|[Gen 9 Champions] VGC 2026 Reg M-A\n|rated|\n|rule|Species Clause: Limit one of each Pok\u00e9mon\n|rule|Item Clause: Limit 1 of each item\n|clearpoke\n|poke|p1|Gardevoir, L50, M|\n|poke|p1|Incineroar, L50, M|\n|poke|p1|Sinistcha, L50|\n|poke|p1|Garchomp, L50, F|\n|poke|p1|Aerodactyl, L50, F|\n|poke|p1|Kingambit, L50, M|\n|poke|p2|Dragonite, L50, F|\n|poke|p2|Starmie, L50|\n|poke|p2|Pelipper, L50, F|\n|poke|p2|Basculegion, L50, M|\n|poke|p2|Incineroar, L50, M|\n|poke|p2|Sneasler, L50, M|\n|teampreview|4\n|inactive|Battle timer is ON: inactive players will automatically lose when time's up. (requested by Afr1995)\n|\n|t:|1776543504\n|teamsize|p1|4\n|teamsize|p2|4\n|start\n|switch|p1a: Aerodactyl|Aerodactyl, L50, F|100/100\n|switch|p1b: Sinistcha|Sinistcha, L50|100/100\n|switch|p2a: Sneasler|Sneasler, L50, M|100/100\n|switch|p2b: Basculegion|Basculegion, L50, M|100/100\n|-ability|p1a: Aerodactyl|Unnerve\n|turn|1\n|\n|t:|1776543528\n|move|p1a: Aerodactyl|Rock Slide|p2b: Basculegion|[spread] p2a,p2b\n|-resisted|p2a: Sneasler|1\n|-damage|p2a: Sneasler|79/100\n|-damage|p2b: Basculegion|76/100\n|move|p2b: Basculegion|Flip Turn|p1b: Sinistcha\n|-resisted|p1b: Sinistcha|1\n|-damage|p1b: Sinistcha|89/100\n|\n|t:|1776543535\n|switch|p2b: Pelipper|Pelipper, L50, F|100/100|[from] Flip Turn\n|-weather|RainDance|[from] ability: Drizzle|[of] p2b: Pelipper\n|move|p2a: Sneasler|Dire Claw|p1b: Sinistcha\n|-damage|p1b: Sinistcha|53/100\n|-status|p1b: Sinistcha|psn\n|move|p1b: Sinistcha|Trick Room|p1b: Sinistcha\n|-fieldstart|move: Trick Room|[of] p1b: Sinistcha\n|\n|-weather|RainDance|[upkeep]\n|-damage|p1b: Sinistcha|41/100 psn|[from] psn\n|upkeep\n|-enditem|p1b: Sinistcha|Sitrus Berry|[eat]\n|-heal|p1b: Sinistcha|66/100 psn|[from] item: Sitrus Berry\n|turn|2\n|\n|t:|1776543558\n|move|p1b: Sinistcha|Matcha Gotcha|p2b: Pelipper|[spread] p2a,p2b\n|-resisted|p2a: Sneasler|1\n|-damage|p2a: Sneasler|62/100\n|-heal|p1b: Sinistcha|74/100 psn|[from] drain|[of] p2a: Sneasler\n|-damage|p2b: Pelipper|60/100\n|-heal|p1b: Sinistcha|89/100 psn|[from] drain|[of] p2b: Pelipper\n|-status|p2b: Pelipper|brn\n|move|p2b: Pelipper|Weather Ball|p1a: Aerodactyl\n|-supereffective|p1a: Aerodactyl|1\n|-enditem|p1a: Aerodactyl|Focus Sash\n|-damage|p1a: Aerodactyl|1/100\n|move|p2a: Sneasler|Dire Claw|p1b: Sinistcha\n|-damage|p1b: Sinistcha|55/100 psn\n|move|p1a: Aerodactyl|Rock Slide|p2a: Sneasler|[spread] p2a,p2b\n|-resisted|p2a: Sneasler|1\n|-supereffective|p2b: Pelipper|1\n|-damage|p2a: Sneasler|41/100\n|-damage|p2b: Pelipper|6/100 brn\n|\n|-weather|RainDance|[upkeep]\n|-damage|p1b: Sinistcha|43/100 psn|[from] psn\n|-damage|p2b: Pelipper|0 fnt|[from] brn\n|faint|p2b: Pelipper\n|upkeep\n|inactive|Afr1995 has 30 seconds left.\n|\n|t:|1776543588\n|switch|p2b: Starmie|Starmie, L50|100/100\n|turn|3\n|\n|t:|1776543607\n|move|p1b: Sinistcha|Protect|p1b: Sinistcha\n|-singleturn|p1b: Sinistcha|Protect\n|move|p2b: Starmie|Protect|p2b: Starmie\n|-singleturn|p2b: Starmie|Protect\n|move|p1a: Aerodactyl|Protect|p1a: Aerodactyl\n|-singleturn|p1a: Aerodactyl|Protect\n|move|p2a: Sneasler|Dire Claw|p1b: Sinistcha\n|-activate|p1b: Sinistcha|move: Protect\n|\n|-weather|RainDance|[upkeep]\n|-damage|p1b: Sinistcha|30/100 psn|[from] psn\n|upkeep\n|turn|4\n|inactive|Afr1995 has 30 seconds left.\n|\n|t:|1776543633\n|detailschange|p2b: Starmie|Starmie-Mega, L50\n|-mega|p2b: Starmie|Starmie|Starminite\n|move|p2b: Starmie|Aqua Jet|p1b: Sinistcha\n|-resisted|p1b: Sinistcha|1\n|-crit|p1b: Sinistcha\n|-damage|p1b: Sinistcha|0 fnt\n|faint|p1b: Sinistcha\n|move|p2a: Sneasler|Dire Claw|p1a: Aerodactyl\n|-resisted|p1a: Aerodactyl|1\n|-damage|p1a: Aerodactyl|0 fnt\n|faint|p1a: Aerodactyl\n|\n|-weather|RainDance|[upkeep]\n|upkeep\n|\n|t:|1776543647\n|switch|p1b: Kingambit|Kingambit, L50, M|100/100\n|switch|p1a: Gardevoir|Gardevoir, L50, M|100/100\n|turn|5\n|\n|t:|1776543672\n|switch|p2a: Basculegion|Basculegion, L50, M|76/100\n|detailschange|p1a: Gardevoir|Gardevoir-Mega, L50, M\n|-mega|p1a: Gardevoir|Gardevoir|Gardevoirite\n|move|p2b: Starmie|Protect|p2b: Starmie\n|-singleturn|p2b: Starmie|Protect\n|move|p1b: Kingambit|Kowtow Cleave|p2b: Starmie\n|-activate|p2b: Starmie|move: Protect\n|move|p1a: Gardevoir|Psychic|p2a: Basculegion\n|-damage|p2a: Basculegion|7/100\n|\n|-weather|none\n|-fieldend|move: Trick Room\n|upkeep\n|turn|6\n|\n|t:|1776543692\n|move|p1a: Gardevoir|Protect|p1a: Gardevoir\n|-singleturn|p1a: Gardevoir|Protect\n|move|p1b: Kingambit|Sucker Punch|p2a: Basculegion\n|-supereffective|p2a: Basculegion|1\n|-damage|p2a: Basculegion|0 fnt\n|faint|p2a: Basculegion\n|move|p2b: Starmie|Waterfall|p1a: Gardevoir\n|-activate|p1a: Gardevoir|move: Protect\n|\n|upkeep\n|\n|t:|1776543700\n|switch|p2a: Sneasler|Sneasler, L50, M|41/100\n|turn|7\n|\n|t:|1776543718\n|move|p2a: Sneasler|Fake Out|p1b: Kingambit\n|-resisted|p1b: Kingambit|1\n|-damage|p1b: Kingambit|95/100\n|move|p2b: Starmie|Waterfall|p1a: Gardevoir\n|-damage|p1a: Gardevoir|0 fnt\n|faint|p1a: Gardevoir\n|cant|p1b: Kingambit|flinch\n|\n|upkeep\n|turn|8\n|\n|t:|1776543734\n|move|p2b: Starmie|Aqua Jet|p1b: Kingambit\n|-damage|p1b: Kingambit|71/100\n|move|p1b: Kingambit|Sucker Punch||[still]\n|-fail|p1b: Kingambit\n|move|p2a: Sneasler|Coaching|p2b: Starmie\n|-boost|p2b: Starmie|atk|1\n|-boost|p2b: Starmie|def|1\n|\n|upkeep\n|turn|9\n|c|\u2606ribas900|what the\n|c|\u2606ribas900|why did sucker not work\n|inactive|ribas900 has 30 seconds left.\n|inactive|ribas900 has 20 seconds left.\n|\n|t:|1776543769\n|move|p2b: Starmie|Aqua Jet|p1b: Kingambit\n|-damage|p1b: Kingambit|34/100\n|move|p2a: Sneasler|Close Combat|p1b: Kingambit\n|-supereffective|p1b: Kingambit|2\n|-damage|p1b: Kingambit|0 fnt\n|-unboost|p2a: Sneasler|def|1\n|-unboost|p2a: Sneasler|spd|1\n|faint|p1b: Kingambit\n|\n|win|Afr1995\n|raw|ribas900's rating: 1140 &rarr; <strong>1115</strong><br />(-25 for losing)\n|raw|Afr1995's rating: 1146 &rarr; <strong>1171</strong><br />(+25 for winning)\n|l|\u2606ribas900\n|player|p1|\n|c|\u2606Afr1995|because aqua jet has priority and starmie is faster\n",
  "uploadtime": 1776543791,
  "views": 15,
  "formatid": "gen9championsvgc2026regma",
  "rating": 1115,
  "private": 0,
  "password": null
}