{
  "id": "gen9championsvgc2026regma-2582139725",
  "format": "[Gen 9 Champions] VGC 2026 Reg M-A",
  "players": [
    "gfhidsaof",
    "lakeandbake"
  ],
  "log": "|j|\u2606gfhidsaof\n|j|\u203dlakeandbake\n|t:|1776063111\n|gametype|doubles\n|player|p1|gfhidsaof|2|1147\n|player|p2|lakeandbake|iono-masters|1232\n|gen|9\n|tier|[Gen 9 Champions] VGC 2026 Reg M-A\n|rated|\n|rule|Species Clause: Limit one of each Pok\u00e9mon\n|rule|Item Clause: Limit 1 of each item\n|clearpoke\n|poke|p1|Pelipper, L50, F|\n|poke|p1|Meganium, L50, F|\n|poke|p1|Incineroar, L50, M|\n|poke|p1|Archaludon, L50, F|\n|poke|p1|Maushold-Four, L50|\n|poke|p1|Basculegion, L50, M|\n|poke|p2|Aerodactyl, L50, F|\n|poke|p2|Rotom-Wash, L50|\n|poke|p2|Sneasler, L50, M|\n|poke|p2|Incineroar, L50, M|\n|poke|p2|Delphox, L50, F|\n|poke|p2|Garchomp, L50, F|\n|teampreview|4\n|inactive|Battle timer is ON: inactive players will automatically lose when time's up. (requested by lakeandbake)\n|\n|t:|1776063163\n|teamsize|p1|4\n|teamsize|p2|4\n|start\n|switch|p1a: Pelipper|Pelipper, L50, F|100/100\n|switch|p1b: Maushold|Maushold-Four, L50|100/100\n|switch|p2a: Garchomp|Garchomp, L50, F|100/100\n|switch|p2b: Aerodactyl|Aerodactyl, L50, F|100/100\n|-ability|p2b: Aerodactyl|Pressure\n|-weather|RainDance|[from] ability: Drizzle|[of] p1a: Pelipper\n|turn|1\n|\n|t:|1776063182\n|move|p2a: Garchomp|Rock Slide|p1a: Pelipper|[spread] p1a,p1b\n|-supereffective|p1a: Pelipper|1\n|-damage|p1a: Pelipper|71/100\n|-damage|p1b: Maushold|83/100\n|move|p2b: Aerodactyl|Rock Slide|p1a: Pelipper|[spread] p1a,p1b\n|-supereffective|p1a: Pelipper|1\n|-damage|p1a: Pelipper|36/100\n|-damage|p1b: Maushold|61/100\n|cant|p1b: Maushold|flinch\n|move|p1a: Pelipper|Tailwind|p1a: Pelipper\n|-sidestart|p1: gfhidsaof|move: Tailwind\n|\n|-weather|RainDance|[upkeep]\n|upkeep\n|turn|2\n|\n|t:|1776063205\n|switch|p1a: Archaludon|Archaludon, L50, F|100/100\n|move|p1b: Maushold|Protect|p1b: Maushold\n|-singleturn|p1b: Maushold|Protect\n|move|p2a: Garchomp|Rock Slide|p1a: Archaludon|[spread] p1a\n|-activate|p1b: Maushold|move: Protect\n|-resisted|p1a: Archaludon|1\n|-damage|p1a: Archaludon|94/100\n|-ability|p1a: Archaludon|Stamina|boost\n|-boost|p1a: Archaludon|def|1\n|move|p2b: Aerodactyl|Rock Slide|p1b: Maushold|[spread] p1a\n|-activate|p1b: Maushold|move: Protect\n|-resisted|p1a: Archaludon|1\n|-damage|p1a: Archaludon|88/100\n|-ability|p1a: Archaludon|Stamina|boost\n|-boost|p1a: Archaludon|def|1\n|\n|-weather|RainDance|[upkeep]\n|-heal|p1a: Archaludon|94/100|[from] item: Leftovers\n|upkeep\n|turn|3\n|\n|t:|1776063230\n|switch|p2a: Sneasler|Sneasler, L50, M|100/100\n|move|p1a: Archaludon|Electro Shot||[still]\n|-prepare|p1a: Archaludon|Electro Shot\n|-boost|p1a: Archaludon|spa|1\n|-anim|p1a: Archaludon|Electro Shot|p2b: Aerodactyl\n|-supereffective|p2b: Aerodactyl|1\n|-enditem|p2b: Aerodactyl|Focus Sash\n|-damage|p2b: Aerodactyl|1/100\n|move|p1b: Maushold|Super Fang|p2a: Sneasler\n|-damage|p2a: Sneasler|51/100\n|move|p2b: Aerodactyl|Tailwind|p2b: Aerodactyl\n|-sidestart|p2: lakeandbake|move: Tailwind\n|\n|-weather|RainDance|[upkeep]\n|-heal|p1a: Archaludon|100/100|[from] item: Leftovers\n|upkeep\n|turn|4\n|\n|t:|1776063251\n|move|p1b: Maushold|Follow Me|p1b: Maushold\n|-singleturn|p1b: Maushold|move: Follow Me\n|move|p2a: Sneasler|Close Combat|p1b: Maushold\n|-supereffective|p1b: Maushold|1\n|-enditem|p1b: Maushold|Chople Berry|[eat]\n|-enditem|p1b: Maushold|Chople Berry|[weaken]\n|-damage|p1b: Maushold|9/100\n|-unboost|p2a: Sneasler|def|1\n|-unboost|p2a: Sneasler|spd|1\n|-enditem|p2a: Sneasler|White Herb\n|-clearnegativeboost|p2a: Sneasler|[silent]\n|move|p2b: Aerodactyl|Rock Slide|p1b: Maushold|[spread] p1a,p1b\n|-resisted|p1a: Archaludon|1\n|-damage|p1a: Archaludon|96/100\n|-damage|p1b: Maushold|0 fnt\n|-ability|p1a: Archaludon|Stamina|boost\n|-boost|p1a: Archaludon|def|1\n|faint|p1b: Maushold\n|move|p1a: Archaludon|Electro Shot||[still]\n|-prepare|p1a: Archaludon|Electro Shot\n|-boost|p1a: Archaludon|spa|1\n|-anim|p1a: Archaludon|Electro Shot|p2a: Sneasler\n|-damage|p2a: Sneasler|0 fnt\n|faint|p2a: Sneasler\n|\n|-weather|RainDance|[upkeep]\n|-heal|p1a: Archaludon|100/100|[from] item: Leftovers\n|-sideend|p1: gfhidsaof|move: Tailwind\n|upkeep\n|\n|t:|1776063272\n|switch|p2a: Delphox|Delphox, L50, F|100/100\n|switch|p1b: Pelipper|Pelipper, L50, F|36/100\n|turn|5\n|inactive|gfhidsaof has 30 seconds left.\n|\n|t:|1776063300\n|move|p2b: Aerodactyl|Protect|p2b: Aerodactyl\n|-singleturn|p2b: Aerodactyl|Protect\n|move|p2a: Delphox|Protect|p2a: Delphox\n|-singleturn|p2a: Delphox|Protect\n|move|p1b: Pelipper|Protect|p1b: Pelipper\n|-singleturn|p1b: Pelipper|Protect\n|move|p1a: Archaludon|Electro Shot||[still]\n|-prepare|p1a: Archaludon|Electro Shot\n|-boost|p1a: Archaludon|spa|1\n|-anim|p1a: Archaludon|Electro Shot|p2a: Delphox\n|-activate|p2a: Delphox|move: Protect\n|\n|-weather|none\n|upkeep\n|turn|6\n|\n|t:|1776063325\n|detailschange|p2a: Delphox|Delphox-Mega, L50, F\n|-mega|p2a: Delphox|Delphox|Delphoxite\n|move|p1a: Archaludon|Protect|p1a: Archaludon\n|-singleturn|p1a: Archaludon|Protect\n|move|p2a: Delphox|Heat Wave|p1b: Pelipper|[spread] p1b\n|-activate|p1a: Archaludon|move: Protect\n|-resisted|p1b: Pelipper|1\n|-damage|p1b: Pelipper|6/100\n|-status|p1b: Pelipper|brn\n|move|p2b: Aerodactyl|Rock Slide|p1b: Pelipper|[spread] p1b\n|-activate|p1a: Archaludon|move: Protect\n|-supereffective|p1b: Pelipper|1\n|-damage|p1b: Pelipper|0 fnt\n|faint|p1b: Pelipper\n|\n|-sideend|p2: lakeandbake|move: Tailwind\n|upkeep\n|\n|t:|1776063339\n|switch|p1b: Basculegion|Basculegion, L50, M|100/100\n|turn|7\n|\n|t:|1776063363\n|switch|p2b: Garchomp|Garchomp, L50, F|100/100\n|move|p2a: Delphox|Protect|p2a: Delphox\n|-singleturn|p2a: Delphox|Protect\n|move|p1b: Basculegion|Aqua Jet|p2b: Garchomp\n|-crit|p2b: Garchomp\n|-damage|p2b: Garchomp|69/100\n|-damage|p1b: Basculegion|88/100|[from] ability: Rough Skin|[of] p2b: Garchomp\n|move|p1a: Archaludon|Electro Shot||[still]\n|-prepare|p1a: Archaludon|Electro Shot\n|-boost|p1a: Archaludon|spa|1\n|\n|upkeep\n|turn|8\n|\n|t:|1776063383\n|switch|p2a: Aerodactyl|Aerodactyl, L50, F|1/100\n|-ability|p2a: Aerodactyl|Pressure\n|move|p1b: Basculegion|Aqua Jet|p2b: Garchomp\n|-damage|p2b: Garchomp|47/100\n|-damage|p1b: Basculegion|76/100|[from] ability: Rough Skin|[of] p2b: Garchomp\n|move|p2b: Garchomp|Earthquake|p1a: Archaludon|[spread] p1a,p1b\n|-immune|p2a: Aerodactyl\n|-supereffective|p1a: Archaludon|1\n|-damage|p1a: Archaludon|71/100\n|-damage|p1b: Basculegion|24/100\n|-ability|p1a: Archaludon|Stamina|boost\n|-boost|p1a: Archaludon|def|1\n|move|p1a: Archaludon|Electro Shot|p2a: Aerodactyl|[from] lockedmove\n|-supereffective|p2a: Aerodactyl|1\n|-damage|p2a: Aerodactyl|0 fnt\n|faint|p2a: Aerodactyl\n|\n|-heal|p1a: Archaludon|77/100|[from] item: Leftovers\n|upkeep\n|\n|t:|1776063402\n|switch|p2a: Delphox|Delphox-Mega, L50, F|100/100\n|turn|9\n|inactive|gfhidsaof has 30 seconds left.\n|\n|t:|1776063433\n|move|p1b: Basculegion|Aqua Jet|p2b: Garchomp\n|-damage|p2b: Garchomp|26/100\n|-damage|p1b: Basculegion|11/100|[from] ability: Rough Skin|[of] p2b: Garchomp\n|move|p2b: Garchomp|Earthquake|p1a: Archaludon|[spread] p1a,p1b\n|-immune|p2a: Delphox|[from] ability: Levitate\n|-supereffective|p1a: Archaludon|1\n|-damage|p1a: Archaludon|56/100\n|-damage|p1b: Basculegion|0 fnt\n|-ability|p1a: Archaludon|Stamina|boost\n|-boost|p1a: Archaludon|def|1\n|faint|p1b: Basculegion\n|move|p2a: Delphox|Heat Wave|p1a: Archaludon\n|-damage|p1a: Archaludon|0 fnt\n|faint|p1a: Archaludon\n|\n|win|lakeandbake\n|raw|gfhidsaof's rating: 1147 &rarr; <strong>1128</strong><br />(-19 for losing)\n|raw|lakeandbake's rating: 1232 &rarr; <strong>1251</strong><br />(+19 for winning)\n",
  "uploadtime": 1776063433,
  "views": 11,
  "formatid": "gen9championsvgc2026regma",
  "rating": 1128,
  "private": 0,
  "password": null
}