{
  "id": "gen9championsvgc2026regma-2580789072",
  "format": "[Gen 9 Champions] VGC 2026 Reg M-A",
  "players": [
    "user638468287",
    "NotACleverMan_"
  ],
  "log": "|j|\u2606user638468287\n|j|\u2606NotACleverMan_\n|t:|1775932593\n|gametype|doubles\n|player|p1|user638468287|169|1000\n|player|p2|NotACleverMan_|caitlin-masters|1000\n|gen|9\n|tier|[Gen 9 Champions] VGC 2026 Reg M-A\n|rated|\n|rule|Species Clause: Limit one of each Pok\u00e9mon\n|rule|Item Clause: Limit 1 of each item\n|clearpoke\n|poke|p1|Sinistcha-Masterpiece, L50|\n|poke|p1|Alcremie, L50, F|\n|poke|p1|Meganium, L50, F|\n|poke|p1|Excadrill, L50, M|\n|poke|p1|Tyranitar, L50, M|\n|poke|p1|Incineroar, L50, M|\n|poke|p2|Froslass, L50, F|\n|poke|p2|Dragonite, L50, F|\n|poke|p2|Corviknight, L50, M|\n|poke|p2|Garchomp, L50, F|\n|poke|p2|Whimsicott, L50, M|\n|poke|p2|Arcanine, L50, M|\n|teampreview|4\nNotACleverMan_ has agreed to open team sheets.\n|\n|t:|1775932671\n|teamsize|p1|4\n|teamsize|p2|4\n|start\n|switch|p1a: Paolo Bonolis|Tyranitar, L50, M|100/100\n|switch|p1b: The girl|Alcremie, L50, F|100/100\n|switch|p2a: Garchomp|Garchomp, L50, F|100/100\n|switch|p2b: Whimsicott|Whimsicott, L50, M|100/100\n|-weather|Sandstorm|[from] ability: Sand Stream|[of] p1a: Paolo Bonolis\n|turn|1\n|\n|t:|1775932695\n|detailschange|p2a: Garchomp|Garchomp-Mega, L50, F\n|-mega|p2a: Garchomp|Garchomp|Garchompite\n|move|p2b: Whimsicott|Tailwind|p2b: Whimsicott\n|-sidestart|p2: NotACleverMan_|move: Tailwind\n|move|p2a: Garchomp|Stomping Tantrum|p1a: Paolo Bonolis\n|-supereffective|p1a: Paolo Bonolis|1\n|-damage|p1a: Paolo Bonolis|31/100\n|move|p1b: The girl|Decorate|p1a: Paolo Bonolis\n|-boost|p1a: Paolo Bonolis|atk|2\n|-boost|p1a: Paolo Bonolis|spa|2\n|move|p1a: Paolo Bonolis|Rock Slide|p2a: Garchomp|[spread] p2a,p2b\n|-resisted|p2a: Garchomp|1\n|-damage|p2a: Garchomp|80/100\n|-damage|p2b: Whimsicott|20/100\n|\n|-weather|Sandstorm|[upkeep]\n|-damage|p2b: Whimsicott|15/100|[from] Sandstorm\n|-damage|p1b: The girl|95/100|[from] Sandstorm\n|upkeep\n|turn|2\n|\n|t:|1775932719\n|switch|p1b: Luca Laurenti|Incineroar, L50, M|100/100\n|-ability|p1b: Luca Laurenti|Intimidate|boost\n|-unboost|p2a: Garchomp|atk|1\n|-unboost|p2b: Whimsicott|atk|1\n|move|p2b: Whimsicott|Protect|p2b: Whimsicott\n|-singleturn|p2b: Whimsicott|Protect\n|move|p1a: Paolo Bonolis|Protect|p1a: Paolo Bonolis\n|-singleturn|p1a: Paolo Bonolis|Protect\n|move|p2a: Garchomp|Rock Slide|p1a: Paolo Bonolis|[spread] p1b\n|-activate|p1a: Paolo Bonolis|move: Protect\n|-supereffective|p1b: Luca Laurenti|1\n|-damage|p1b: Luca Laurenti|59/100\n|\n|-weather|Sandstorm|[upkeep]\n|-damage|p2b: Whimsicott|9/100|[from] Sandstorm\n|-damage|p1b: Luca Laurenti|53/100|[from] Sandstorm\n|upkeep\n|turn|3\n|\n|t:|1775932737\n|move|p1b: Luca Laurenti|Fake Out|p2a: Garchomp\n|-damage|p2a: Garchomp|70/100\n|move|p2b: Whimsicott|Moonblast|p1a: Paolo Bonolis\n|-supereffective|p1a: Paolo Bonolis|1\n|-damage|p1a: Paolo Bonolis|0 fnt\n|faint|p1a: Paolo Bonolis\n|cant|p2a: Garchomp|flinch\n|\n|-weather|Sandstorm|[upkeep]\n|-damage|p2b: Whimsicott|3/100|[from] Sandstorm\n|-damage|p1b: Luca Laurenti|47/100|[from] Sandstorm\n|upkeep\n|\n|t:|1775932744\n|switch|p1a: The girl|Alcremie, L50, F|95/100\n|turn|4\n|\n|t:|1775932766\n|move|p2b: Whimsicott|Moonblast|p1a: The girl\n|-damage|p1a: The girl|61/100\n|move|p2a: Garchomp|Rock Slide|p1a: The girl|[spread] p1a,p1b\n|-supereffective|p1b: Luca Laurenti|1\n|-damage|p1a: The girl|33/100\n|-damage|p1b: Luca Laurenti|6/100\n|cant|p1a: The girl|flinch\n|move|p1b: Luca Laurenti|Parting Shot|p2a: Garchomp\n|-unboost|p2a: Garchomp|atk|1\n|-unboost|p2a: Garchomp|spa|1\n|\n|t:|1775932778\n|switch|p1b: Josuke|Excadrill, L50, M|100/100|[from] Parting Shot\n|\n|-weather|Sandstorm|[upkeep]\n|-damage|p2b: Whimsicott|0 fnt|[from] Sandstorm\n|-damage|p1a: The girl|27/100|[from] Sandstorm\n|faint|p2b: Whimsicott\n|-sideend|p2: NotACleverMan_|move: Tailwind\n|upkeep\n|\n|t:|1775932783\n|switch|p2b: Corviknight|Corviknight, L50, M|100/100\n|turn|5\n|\n|t:|1775932808\n|switch|p2a: Arcanine|Arcanine, L50, M|100/100\n|-ability|p2a: Arcanine|Intimidate|boost\n|-unboost|p1a: The girl|atk|1\n|-unboost|p1b: Josuke|atk|1\n|detailschange|p1b: Josuke|Excadrill-Mega, L50, M\n|-mega|p1b: Josuke|Excadrill|Excadrite\n|move|p1a: The girl|Decorate|p1b: Josuke\n|-boost|p1b: Josuke|atk|2\n|-boost|p1b: Josuke|spa|2\n|move|p1b: Josuke|Rock Slide|p2b: Corviknight|[spread] p2a,p2b\n|-supereffective|p2a: Arcanine|1\n|-crit|p2a: Arcanine\n|-damage|p2a: Arcanine|9/100\n|-damage|p2b: Corviknight|78/100\n|-enditem|p2a: Arcanine|Sitrus Berry|[eat]\n|-heal|p2a: Arcanine|34/100|[from] item: Sitrus Berry\n|cant|p2b: Corviknight|flinch\n|\n|-weather|none\n|-heal|p2b: Corviknight|84/100|[from] item: Leftovers\n|upkeep\n|turn|6\n|\n|t:|1775932844\n|move|p1a: The girl|Decorate|p1b: Josuke\n|-boost|p1b: Josuke|atk|2\n|-boost|p1b: Josuke|spa|2\n|move|p1b: Josuke|Rock Slide|p2b: Corviknight|[spread] p2a,p2b\n|-supereffective|p2a: Arcanine|1\n|-damage|p2a: Arcanine|0 fnt\n|-damage|p2b: Corviknight|51/100\n|faint|p2a: Arcanine\n|move|p2b: Corviknight|Brave Bird|p1a: The girl\n|-damage|p1a: The girl|0 fnt\n|faint|p1a: The girl\n|-damage|p2b: Corviknight|43/100|[from] Recoil\n|\n|-heal|p2b: Corviknight|49/100|[from] item: Leftovers\n|upkeep\n|\n|t:|1775932853\n|switch|p1a: Luca Laurenti|Incineroar, L50, M|6/100\n|switch|p2a: Garchomp|Garchomp-Mega, L50, F|70/100\n|-ability|p1a: Luca Laurenti|Intimidate|boost\n|-unboost|p2a: Garchomp|atk|1\n|-ability|p2b: Corviknight|Mirror Armor\n|-unboost|p1a: Luca Laurenti|atk|1\n|turn|7\n|\n|t:|1775932902\n|move|p1a: Luca Laurenti|Fake Out|p2b: Corviknight\n|-resisted|p2b: Corviknight|1\n|-damage|p2b: Corviknight|47/100\n|move|p1b: Josuke|High Horsepower|p2a: Garchomp\n|-damage|p2a: Garchomp|0 fnt\n|faint|p2a: Garchomp\n|cant|p2b: Corviknight|flinch\n|\n|-heal|p2b: Corviknight|53/100|[from] item: Leftovers\n|upkeep\n|turn|8\n|\n|t:|1775932912\n|move|p1b: Josuke|Rock Slide|p2b: Corviknight\n|-damage|p2b: Corviknight|7/100\n|move|p2b: Corviknight|Body Press|p1b: Josuke\n|-supereffective|p1b: Josuke|1\n|-damage|p1b: Josuke|50/100\n|move|p1a: Luca Laurenti|Flare Blitz|p2b: Corviknight\n|-supereffective|p2b: Corviknight|1\n|-damage|p2b: Corviknight|0 fnt\n|faint|p2b: Corviknight\n|-damage|p1a: Luca Laurenti|4/100|[from] Recoil\n|\n|win|user638468287\n|raw|user638468287's rating: 1000 &rarr; <strong>1040</strong><br />(+40 for winning)\n|raw|NotACleverMan_'s rating: 1000 &rarr; <strong>1000</strong><br />(+0 for losing)\n|l|\u2606NotACleverMan_\n|player|p2|\n",
  "uploadtime": 1775932928,
  "views": 12,
  "formatid": "gen9championsvgc2026regma",
  "rating": 1000,
  "private": 0,
  "password": null
}