{
  "id": "gen9championsvgc2026regma-2585551476",
  "format": "[Gen 9 Champions] VGC 2026 Reg M-A",
  "players": [
    "Bartillo",
    "unovan glazer"
  ],
  "log": "|j|\u2606Bartillo\n|j|\u2606unovan glazer\n|t:|1776354986\n|gametype|doubles\n|player|p1|Bartillo|101|1137\n|player|p2|unovan glazer|caitlin|1217\n|gen|9\n|tier|[Gen 9 Champions] VGC 2026 Reg M-A\n|rated|\n|rule|Species Clause: Limit one of each Pok\u00e9mon\n|rule|Item Clause: Limit 1 of each item\n|clearpoke\n|poke|p1|Rotom-Wash, L50|\n|poke|p1|Corviknight, L50, M|\n|poke|p1|Incineroar, L50, M|\n|poke|p1|Gyarados, L50, M|\n|poke|p1|Whimsicott, L50, F|\n|poke|p1|Garchomp, L50, M|\n|poke|p2|Gardevoir, L50, F|\n|poke|p2|Meowstic, L50, M|\n|poke|p2|Garchomp, L50, M|\n|poke|p2|Sneasler, L50, F|\n|poke|p2|Chandelure, L50, M|\n|poke|p2|Whimsicott, L50, F|\n|teampreview|4\n|inactive|Battle timer is ON: inactive players will automatically lose when time's up. (requested by Bartillo)\n|\n|t:|1776355003\n|teamsize|p1|4\n|teamsize|p2|4\n|start\n|switch|p1a: Skibidi|Whimsicott, L50, F, shiny|100/100\n|switch|p1b: Hydra|Garchomp, L50, M|100/100\n|switch|p2a: Admiring You|Sneasler, L50, F|100/100\n|switch|p2b: Papercut|Meowstic, L50, M, shiny|100/100\n|turn|1\n|\n|t:|1776355027\n|move|p2b: Papercut|Fake Out|p1a: Skibidi\n|-damage|p1a: Skibidi|92/100\n|cant|p1a: Skibidi|flinch\n|move|p2a: Admiring You|Dire Claw|p1a: Skibidi\n|-supereffective|p1a: Skibidi|2\n|-damage|p1a: Skibidi|0 fnt\n|faint|p1a: Skibidi\n|move|p1b: Hydra|Dragon Claw|p2a: Admiring You\n|-damage|p2a: Admiring You|20/100\n|\n|upkeep\n|\n|t:|1776355039\n|switch|p1a: Solid|Gyarados, L50, M, shiny|100/100\n|-ability|p1a: Solid|Intimidate|boost\n|-unboost|p2a: Admiring You|atk|1\n|-unboost|p2b: Papercut|atk|1\n|-enditem|p2a: Admiring You|White Herb\n|-clearnegativeboost|p2a: Admiring You|[silent]\n|turn|2\n|\n|t:|1776355049\n|move|p2b: Papercut|Psychic Terrain|p2b: Papercut\n|-fieldstart|move: Psychic Terrain\n|move|p2a: Admiring You|Close Combat|p1b: Hydra\n|-damage|p1b: Hydra|36/100\n|-unboost|p2a: Admiring You|def|1\n|-unboost|p2a: Admiring You|spd|1\n|-damage|p2a: Admiring You|8/100|[from] ability: Rough Skin|[of] p1b: Hydra\n|move|p1b: Hydra|Earthquake|p2a: Admiring You|[spread] p2a,p2b\n|-immune|p1a: Solid\n|-supereffective|p2a: Admiring You|1\n|-damage|p2a: Admiring You|0 fnt\n|-damage|p2b: Papercut|64/100\n|faint|p2a: Admiring You\n|move|p1a: Solid|Dragon Dance|p1a: Solid\n|-boost|p1a: Solid|atk|1\n|-boost|p1a: Solid|spe|1\n|\n|upkeep\n|\n|t:|1776355057\n|switch|p2a: Katy Perry|Gardevoir, L50, F, shiny|100/100\n|turn|3\n|inactive|Bartillo has 30 seconds left.\n|\n|t:|1776355088\n|detailschange|p2a: Katy Perry|Gardevoir-Mega, L50, F, shiny\n|-mega|p2a: Katy Perry|Gardevoir|Gardevoirite\n|move|p1b: Hydra|Protect|p1b: Hydra\n|-singleturn|p1b: Hydra|Protect\n|move|p2a: Katy Perry|Expanding Force|p1a: Solid|[spread] p1a\n|-activate|p1b: Hydra|move: Protect\n|-damage|p1a: Solid|42/100\n|move|p1a: Solid|Crunch|p2b: Papercut\n|-supereffective|p2b: Papercut|1\n|-damage|p2b: Papercut|0 fnt\n|faint|p2b: Papercut\n|\n|upkeep\n|\n|t:|1776355098\n|switch|p2b: BringMeToLife|Chandelure, L50, M|100/100\n|turn|4\n|\n|t:|1776355116\n|detailschange|p1a: Solid|Gyarados-Mega, L50, M, shiny\n|-mega|p1a: Solid|Gyarados|Gyaradosite\n|-ability|p1a: Solid|Mold Breaker\n|move|p2a: Katy Perry|Expanding Force|p1a: Solid|[spread] p1b\n|-immune|p1a: Solid\n|-damage|p1b: Hydra|0 fnt\n|faint|p1b: Hydra\n|move|p1a: Solid|Waterfall|p2b: BringMeToLife\n|-supereffective|p2b: BringMeToLife|1\n|-damage|p2b: BringMeToLife|0 fnt\n|faint|p2b: BringMeToLife\n|\n|upkeep\n|c|\u2606unovan glazer|BUUH\n|\n|t:|1776355127\n|switch|p1b: Bosch|Rotom-Wash, L50|100/100\n|turn|5\n|\n|t:|1776355135\n|move|p2a: Katy Perry|Hyper Voice|p1b: Bosch|[spread] p1a,p1b\n|-supereffective|p1a: Solid|1\n|-damage|p1a: Solid|0 fnt\n|-damage|p1b: Bosch|49/100\n|-enditem|p1b: Bosch|Sitrus Berry|[eat]\n|-heal|p1b: Bosch|74/100|[from] item: Sitrus Berry\n|faint|p1a: Solid\n|move|p1b: Bosch|Thunderbolt|p2a: Katy Perry\n|-damage|p2a: Katy Perry|65/100\n|\n|upkeep\n|turn|6\n|\n|t:|1776355144\n|move|p2a: Katy Perry|Expanding Force|p1b: Bosch\n|-damage|p1b: Bosch|0 fnt\n|faint|p1b: Bosch\n|\n|win|unovan glazer\n|raw|Bartillo's rating: 1137 &rarr; <strong>1118</strong><br />(-19 for losing)\n|raw|unovan glazer's rating: 1217 &rarr; <strong>1236</strong><br />(+19 for winning)\n|l|\u2606Bartillo\n|player|p1|\n",
  "uploadtime": 1776355152,
  "views": 23,
  "formatid": "gen9championsvgc2026regma",
  "rating": 1118,
  "private": 0,
  "password": null
}