{
  "id": "gen9championsvgc2026regma-2583090491",
  "format": "[Gen 9 Champions] VGC 2026 Reg M-A",
  "players": [
    "Yukino_2375",
    "Barber1"
  ],
  "log": "|j|\u2606Yukino_2375\n|j|\u2606Barber1\n|t:|1776140877\n|gametype|doubles\n|player|p1|Yukino_2375|dawn|1068\n|player|p2|Barber1|cynthia-gen4|1139\n|gen|9\n|tier|[Gen 9 Champions] VGC 2026 Reg M-A\n|rated|\n|rule|Species Clause: Limit one of each Pok\u00e9mon\n|rule|Item Clause: Limit 1 of each item\n|clearpoke\n|poke|p1|Gardevoir, L50, F|\n|poke|p1|Hydreigon, L50, F|\n|poke|p1|Tauros-Paldea-Aqua, L50, M|\n|poke|p1|Vivillon, L50, F|\n|poke|p1|Incineroar, L50, M|\n|poke|p1|Aegislash, L50, F|\n|poke|p2|Floette-Eternal, L50, F|\n|poke|p2|Sneasler, L50, F|\n|poke|p2|Aerodactyl, L50, F|\n|poke|p2|Delphox, L50, F|\n|poke|p2|Kingambit, L50, M|\n|poke|p2|Garchomp, L50, F|\n|teampreview|4\n|inactive|Battle timer is ON: inactive players will automatically lose when time's up. (requested by Barber1)\n|inactive|Yukino_2375 has 60 seconds left.\n|inactive|Barber1 has 60 seconds left.\n|\n|t:|1776140931\n|teamsize|p1|4\n|teamsize|p2|4\n|start\n|switch|p1a: Hydreigon|Hydreigon, L50, F|100/100\n|switch|p1b: Vivillon|Vivillon, L50, F|100/100\n|switch|p2a: Delphox|Delphox, L50, F|100/100\n|switch|p2b: Aerodactyl|Aerodactyl, L50, F|100/100\n|turn|1\n|inactive|Barber1 has 30 seconds left.\n|\n|t:|1776140960\n|detailschange|p2a: Delphox|Delphox-Mega, L50, F\n|-mega|p2a: Delphox|Delphox|Delphoxite\n|move|p2a: Delphox|Flamethrower|p1b: Vivillon\n|-supereffective|p1b: Vivillon|1\n|-enditem|p1b: Vivillon|Focus Sash\n|-damage|p1b: Vivillon|1/100\n|-status|p1b: Vivillon|brn\n|move|p2b: Aerodactyl|Dual Wingbeat|p1b: Vivillon\n|-supereffective|p1b: Vivillon|1\n|-damage|p1b: Vivillon|0 fnt\n|faint|p1b: Vivillon\n|-hitcount|p1: Vivillon|1\n|move|p1a: Hydreigon|Tailwind|p1a: Hydreigon\n|-sidestart|p1: Yukino_2375|move: Tailwind\n|\n|upkeep\n|inactive|Yukino_2375 has 30 seconds left.\n|\n|t:|1776140988\n|switch|p1b: Tauros|Tauros-Paldea-Aqua, L50, M|100/100\n|-ability|p1b: Tauros|Intimidate|boost\n|-unboost|p2a: Delphox|atk|1\n|-unboost|p2b: Aerodactyl|atk|1\n|turn|2\n|\n|t:|1776141010\n|move|p2a: Delphox|Protect|p2a: Delphox\n|-singleturn|p2a: Delphox|Protect\n|move|p1a: Hydreigon|Dark Pulse|p2a: Delphox\n|-activate|p2a: Delphox|move: Protect\n|move|p1b: Tauros|Wave Crash|p2b: Aerodactyl\n|-supereffective|p2b: Aerodactyl|1\n|-enditem|p2b: Aerodactyl|Focus Sash\n|-damage|p2b: Aerodactyl|1/100\n|-damage|p1b: Tauros|72/100|[from] Recoil\n|move|p2b: Aerodactyl|Tailwind|p2b: Aerodactyl\n|-sidestart|p2: Barber1|move: Tailwind\n|\n|upkeep\n|turn|3\n|inactive|Barber1 has 30 seconds left.\n|inactive|Barber1 has 20 seconds left.\n|\n|t:|1776141048\n|move|p1b: Tauros|Aqua Jet|p2b: Aerodactyl\n|-supereffective|p2b: Aerodactyl|1\n|-damage|p2b: Aerodactyl|0 fnt\n|faint|p2b: Aerodactyl\n|move|p2a: Delphox|Psychic|p1b: Tauros\n|-supereffective|p1b: Tauros|1\n|-damage|p1b: Tauros|0 fnt\n|faint|p1b: Tauros\n|move|p1a: Hydreigon|Dark Pulse|p2a: Delphox\n|-supereffective|p2a: Delphox|1\n|-damage|p2a: Delphox|31/100\n|\n|upkeep\n|\n|t:|1776141059\n|switch|p2b: Sneasler|Sneasler, L50, F|100/100\n|switch|p1b: Gardevoir|Gardevoir, L50, F, shiny|100/100\n|-ability|p1b: Gardevoir|Levitate|Trace|[from] ability: Trace|[of] p2a: Delphox\n|turn|4\n|inactive|Barber1 has 30 seconds left.\n|\n|t:|1776141084\n|move|p1a: Hydreigon|Protect|p1a: Hydreigon\n|-singleturn|p1a: Hydreigon|Protect\n|move|p1b: Gardevoir|Protect|p1b: Gardevoir\n|-singleturn|p1b: Gardevoir|Protect\n|move|p2b: Sneasler|Fake Out|p1a: Hydreigon\n|-activate|p1a: Hydreigon|move: Protect\n|move|p2a: Delphox|Flamethrower|p1b: Gardevoir\n|-activate|p1b: Gardevoir|move: Protect\n|\n|-sideend|p1: Yukino_2375|move: Tailwind\n|upkeep\n|turn|5\n|\n|t:|1776141102\n|detailschange|p1b: Gardevoir|Gardevoir-Mega, L50, F, shiny\n|-mega|p1b: Gardevoir|Gardevoir|Gardevoirite\n|move|p2a: Delphox|Flamethrower|p1b: Gardevoir\n|-damage|p1b: Gardevoir|64/100\n|move|p2b: Sneasler|Close Combat|p1a: Hydreigon\n|-supereffective|p1a: Hydreigon|1\n|-damage|p1a: Hydreigon|0 fnt\n|-unboost|p2b: Sneasler|def|1\n|-unboost|p2b: Sneasler|spd|1\n|faint|p1a: Hydreigon\n|-enditem|p2b: Sneasler|White Herb\n|-clearnegativeboost|p2b: Sneasler|[silent]\n|move|p1b: Gardevoir|Psychic|p2b: Sneasler\n|-supereffective|p2b: Sneasler|2\n|-damage|p2b: Sneasler|0 fnt\n|faint|p2b: Sneasler\n|\n|-sideend|p2: Barber1|move: Tailwind\n|upkeep\n|\n|t:|1776141116\n|switch|p2b: Kingambit|Kingambit, L50, M|100/100\n|-activate|p2b: Kingambit|ability: Supreme Overlord\n|-start|p2b: Kingambit|fallen2|[silent]\n|turn|6\n|\n|t:|1776141128\n|move|p2a: Delphox|Flamethrower|p1b: Gardevoir\n|-damage|p1b: Gardevoir|26/100\n|move|p1b: Gardevoir|Hyper Voice|p2b: Kingambit|[spread] p2a,p2b\n|-resisted|p2a: Delphox|1\n|-damage|p2a: Delphox|9/100\n|-damage|p2b: Kingambit|52/100\n|move|p2b: Kingambit|Iron Head|p1b: Gardevoir\n|-supereffective|p1b: Gardevoir|1\n|-damage|p1b: Gardevoir|0 fnt\n|faint|p1b: Gardevoir\n|\n|win|Barber1\n|raw|Yukino_2375's rating: 1068 &rarr; <strong>1052</strong><br />(-16 for losing)\n|raw|Barber1's rating: 1139 &rarr; <strong>1159</strong><br />(+20 for winning)\n|l|\u2606Yukino_2375\n|player|p1|\n",
  "uploadtime": 1776141140,
  "views": 12,
  "formatid": "gen9championsvgc2026regma",
  "rating": 1052,
  "private": 0,
  "password": null
}