{
  "id": "gen9championsvgc2026regma-2588482154",
  "format": "[Gen 9 Champions] VGC 2026 Reg M-A",
  "players": [
    "flashii",
    "mina obscener"
  ],
  "log": "|j|\u2606flashii\n|j|\u2606mina obscener\n|t:|1776637472\n|gametype|doubles\n|player|p1|flashii|2|1068\n|player|p2|mina obscener|cynthia-gen4|1000\n|gen|9\n|tier|[Gen 9 Champions] VGC 2026 Reg M-A\n|rated|\n|rule|Species Clause: Limit one of each Pok\u00e9mon\n|rule|Item Clause: Limit 1 of each item\n|clearpoke\n|poke|p1|Flapple, L50, M|\n|poke|p1|Starmie, L50|\n|poke|p1|Gengar, L50, F|\n|poke|p1|Clefable, L50, M|\n|poke|p1|Garganacl, L50, F|\n|poke|p1|Drampa, L50, F|\n|poke|p2|Oranguru, L50, M|\n|poke|p2|Torkoal, L50, F|\n|poke|p2|Crabominable, L50, M|\n|poke|p2|Hatterene, L50, F|\n|poke|p2|Hydrapple, L50, F|\n|poke|p2|Farigiraf, L50, F|\n|teampreview|4\n|\n|t:|1776637507\n|teamsize|p1|4\n|teamsize|p2|4\n|start\n|switch|p1a: Clefable|Clefable, L50, M|100/100\n|switch|p1b: Drampa|Drampa, L50, F|100/100\n|switch|p2a: Oranguru|Oranguru, L50, M|100/100\n|switch|p2b: Hatterene|Hatterene, L50, F|100/100\n|-ability|p1b: Drampa|Cloud Nine\n|turn|1\n|\n|t:|1776637526\n|move|p1b: Drampa|Protect|p1b: Drampa\n|-singleturn|p1b: Drampa|Protect\n|move|p1a: Clefable|Gravity|p1a: Clefable\n|-fieldstart|move: Gravity\n|move|p2b: Hatterene|Dazzling Gleam|p1a: Clefable|[spread] p1a\n|-activate|p1b: Drampa|move: Protect\n|-damage|p1a: Clefable|68/100\n|move|p2a: Oranguru|Trick Room|p2a: Oranguru\n|-fieldstart|move: Trick Room|[of] p2a: Oranguru\n|\n|upkeep\n|turn|2\n|\n|t:|1776637564\n|switch|p1b: Garganacl|Garganacl, L50, F|100/100\n|move|p2b: Hatterene|Dazzling Gleam|p1a: Clefable|[spread] p1a,p1b\n|-damage|p1a: Clefable|32/100\n|-damage|p1b: Garganacl|49/100\n|-enditem|p1a: Clefable|Sitrus Berry|[eat]\n|-heal|p1a: Clefable|57/100|[from] item: Sitrus Berry\n|move|p1a: Clefable|Life Dew|p1a: Clefable|[spread] p1a,p1b\n|-heal|p1a: Clefable|82/100\n|-heal|p1b: Garganacl|74/100\n|move|p2a: Oranguru|Instruct|p2b: Hatterene\n|-singleturn|p2b: Hatterene|move: Instruct|[of] p2a: Oranguru\n|move|p2b: Hatterene|Dazzling Gleam|p1b: Garganacl|[spread] p1a,p1b\n|-damage|p1a: Clefable|51/100\n|-damage|p1b: Garganacl|24/100\n|\n|upkeep\n|turn|3\n|inactive|Battle timer is ON: inactive players will automatically lose when time's up. (requested by mina obscener)\n|\n|t:|1776637615\n|move|p2b: Hatterene|Dazzling Gleam|p1b: Garganacl|[spread] p1a,p1b\n|-damage|p1a: Clefable|19/100\n|-damage|p1b: Garganacl|0 fnt\n|faint|p1b: Garganacl\n|move|p2a: Oranguru|Instruct|p2b: Hatterene\n|-singleturn|p2b: Hatterene|move: Instruct|[of] p2a: Oranguru\n|move|p2b: Hatterene|Dazzling Gleam|p1a: Clefable\n|-damage|p1a: Clefable|0 fnt\n|faint|p1a: Clefable\n|\n|upkeep\n|\n|t:|1776637632\n|switch|p1b: Gengar|Gengar, L50, F|100/100\n|switch|p1a: Drampa|Drampa, L50, F|100/100\n|-ability|p1a: Drampa|Cloud Nine\n|turn|4\n|\n|t:|1776637653\n|detailschange|p1b: Gengar|Gengar-Mega, L50, F\n|-mega|p1b: Gengar|Gengar|Gengarite\n|move|p1a: Drampa|Protect|p1a: Drampa\n|-singleturn|p1a: Drampa|Protect\n|move|p2b: Hatterene|Dazzling Gleam|p1a: Drampa|[spread] p1b\n|-activate|p1a: Drampa|move: Protect\n|-resisted|p1b: Gengar|1\n|-damage|p1b: Gengar|74/100\n|move|p2a: Oranguru|Instruct|p2b: Hatterene\n|-singleturn|p2b: Hatterene|move: Instruct|[of] p2a: Oranguru\n|move|p2b: Hatterene|Dazzling Gleam|p1a: Drampa|[spread] p1b\n|-activate|p1a: Drampa|move: Protect\n|-resisted|p1b: Gengar|1\n|-damage|p1b: Gengar|44/100\n|move|p1b: Gengar|Hypnosis|p2b: Hatterene\n|move|p2b: Hatterene|Hypnosis|p1b: Gengar|[from] ability: Magic Bounce\n|-status|p1b: Gengar|slp|[from] move: Hypnosis\n|\n|upkeep\n|turn|5\n|-message|flashii forfeited.\n|\n|win|mina obscener\n|raw|flashii's rating: 1068 &rarr; <strong>1044</strong><br />(-24 for losing)\n|raw|mina obscener's rating: 1000 &rarr; <strong>1048</strong><br />(+48 for winning)\n|l|\u2606flashii\n|player|p1|\n",
  "uploadtime": 1776637679,
  "views": 16,
  "formatid": "gen9championsvgc2026regma",
  "rating": 1044,
  "private": 0,
  "password": null
}