{
  "id": "gen9championsvgc2026regma-2582214525",
  "format": "[Gen 9 Champions] VGC 2026 Reg M-A",
  "players": [
    "Cbvgcgame426",
    "colfox"
  ],
  "log": "|j|\u2606Cbvgcgame426\n|j|\u2606colfox\n|t:|1776072168\n|gametype|doubles\n|player|p1|Cbvgcgame426|red|1000\n|player|p2|colfox|1|1054\n|gen|9\n|tier|[Gen 9 Champions] VGC 2026 Reg M-A\n|rated|\n|rule|Species Clause: Limit one of each Pok\u00e9mon\n|rule|Item Clause: Limit 1 of each item\n|clearpoke\n|poke|p1|Charizard, L50, F|\n|poke|p1|Venusaur, L50, F|\n|poke|p1|Garchomp, L50, M|\n|poke|p1|Rotom-Wash, L50|\n|poke|p1|Sneasler, L50, M|\n|poke|p1|Incineroar, L50, F|\n|poke|p2|Ninetales, L50, F|\n|poke|p2|Dragonite, L50, F|\n|poke|p2|Sylveon, L50, M|\n|poke|p2|Whimsicott, L50, F|\n|poke|p2|Delphox, L50, F|\n|poke|p2|Garchomp, L50, M|\n|teampreview|4\ncolfox has agreed to open team sheets.\n|\n|t:|1776072219\n|teamsize|p1|4\n|teamsize|p2|4\n|start\n|switch|p1a: Charizard|Charizard, L50, F|100/100\n|switch|p1b: Incineroar|Incineroar, L50, F|100/100\n|switch|p2a: Ninetales|Ninetales, L50, F|100/100\n|switch|p2b: Delphox|Delphox, L50, F|100/100\n|-weather|SunnyDay|[from] ability: Drought|[of] p2a: Ninetales\n|-ability|p1b: Incineroar|Intimidate|boost\n|-unboost|p2a: Ninetales|atk|1\n|-unboost|p2b: Delphox|atk|1\n|turn|1\n|\n|t:|1776072256\n|detailschange|p2b: Delphox|Delphox-Mega, L50, F\n|-mega|p2b: Delphox|Delphox|Delphoxite\n|move|p1a: Charizard|Protect|p1a: Charizard\n|-singleturn|p1a: Charizard|Protect\n|move|p2b: Delphox|Psychic|p1a: Charizard\n|-activate|p1a: Charizard|move: Protect\n|move|p2a: Ninetales|Flamethrower|p1a: Charizard\n|-activate|p1a: Charizard|move: Protect\n|move|p1b: Incineroar|Darkest Lariat|p2b: Delphox\n|-supereffective|p2b: Delphox|1\n|-damage|p2b: Delphox|0 fnt\n|faint|p2b: Delphox\n|\n|-weather|SunnyDay|[upkeep]\n|-damage|p1a: Charizard|88/100|[from] ability: Solar Power|[of] p1a: Charizard\n|upkeep\n|\n|t:|1776072271\n|switch|p2b: Sylveon|Sylveon, L50, M|100/100\n|turn|2\n|\n|t:|1776072289\n|switch|p1a: Sneasler|Sneasler, L50, M|100/100\n|move|p2a: Ninetales|Flamethrower|p1a: Sneasler\n|-damage|p1a: Sneasler|10/100\n|move|p1b: Incineroar|Parting Shot|p2b: Sylveon\n|-unboost|p2b: Sylveon|atk|1\n|-unboost|p2b: Sylveon|spa|1\n|\n|t:|1776072302\n|switch|p1b: Charizard|Charizard, L50, F|88/100|[from] Parting Shot\n|move|p2b: Sylveon|Hyper Voice|p1a: Sneasler|[spread] p1a,p1b\n|-resisted|p1b: Charizard|1\n|-damage|p1a: Sneasler|0 fnt\n|-damage|p1b: Charizard|71/100\n|faint|p1a: Sneasler\n|\n|-weather|SunnyDay|[upkeep]\n|-damage|p1b: Charizard|58/100|[from] ability: Solar Power|[of] p1b: Charizard\n|upkeep\n|\n|t:|1776072315\n|switch|p1a: Incineroar|Incineroar, L50, F|100/100\n|-ability|p1a: Incineroar|Intimidate|boost\n|-unboost|p2a: Ninetales|atk|1\n|-unboost|p2b: Sylveon|atk|1\n|turn|3\n|\n|t:|1776072327\n|detailschange|p1b: Charizard|Charizard-Mega-Y, L50, F\n|-mega|p1b: Charizard|Charizard|Charizardite Y\n|move|p1a: Incineroar|Fake Out|p2a: Ninetales\n|-damage|p2a: Ninetales|78/100\n|move|p1b: Charizard|Heat Wave|p2b: Sylveon|[spread] p2a,p2b\n|-resisted|p2a: Ninetales|1\n|-damage|p2a: Ninetales|40/100\n|-damage|p2b: Sylveon|55/100\n|-status|p2b: Sylveon|brn\n|cant|p2a: Ninetales|flinch\n|move|p2b: Sylveon|Hyper Voice|p1b: Charizard|[spread] p1a,p1b\n|-resisted|p1b: Charizard|1\n|-damage|p1a: Incineroar|75/100\n|-damage|p1b: Charizard|45/100\n|\n|-weather|SunnyDay|[upkeep]\n|-damage|p2b: Sylveon|50/100 brn|[from] brn\n|upkeep\n|-enditem|p2b: Sylveon|Sitrus Berry|[eat]\n|-heal|p2b: Sylveon|74/100 brn|[from] item: Sitrus Berry\n|turn|4\n|\n|t:|1776072357\n|switch|p2b: Garchomp|Garchomp, L50, M|100/100\n|move|p1b: Charizard|Protect|p1b: Charizard\n|-singleturn|p1b: Charizard|Protect\n|move|p2a: Ninetales|Flamethrower|p1b: Charizard\n|-activate|p1b: Charizard|move: Protect\n|move|p1a: Incineroar|Parting Shot|p2a: Ninetales\n|-unboost|p2a: Ninetales|atk|1\n|-unboost|p2a: Ninetales|spa|1\n|\n|t:|1776072369\n|switch|p1a: Garchomp|Garchomp, L50, M|100/100|[from] Parting Shot\n|\n|-weather|SunnyDay|[upkeep]\n|upkeep\n|turn|5\n|\n|t:|1776072381\n|switch|p1b: Incineroar|Incineroar, L50, F|75/100\n|-ability|p1b: Incineroar|Intimidate|boost\n|-unboost|p2a: Ninetales|atk|1\n|-unboost|p2b: Garchomp|atk|1\n|move|p2b: Garchomp|Rock Slide|p1a: Garchomp|[spread] p1a,p1b\n|-resisted|p1a: Garchomp|1\n|-supereffective|p1b: Incineroar|1\n|-damage|p1a: Garchomp|94/100\n|-damage|p1b: Incineroar|48/100\n|-enditem|p1b: Incineroar|Sitrus Berry|[eat]\n|-heal|p1b: Incineroar|73/100|[from] item: Sitrus Berry\n|cant|p1a: Garchomp|flinch\n|move|p2a: Ninetales|Will-O-Wisp|p1a: Garchomp\n|-status|p1a: Garchomp|brn\n|\n|-weather|none\n|-damage|p1a: Garchomp|88/100 brn|[from] brn\n|upkeep\n|turn|6\n|\n|t:|1776072406\n|move|p1b: Incineroar|Fake Out|p2b: Garchomp\n|-damage|p2b: Garchomp|85/100\n|-damage|p1b: Incineroar|60/100|[from] ability: Rough Skin|[of] p2b: Garchomp\n|cant|p2b: Garchomp|flinch\n|move|p1a: Garchomp|Earthquake|p2b: Garchomp|[spread] p1b,p2a,p2b\n|-supereffective|p1b: Incineroar|1\n|-supereffective|p2a: Ninetales|1\n|-damage|p1b: Incineroar|22/100\n|-damage|p2a: Ninetales|0 fnt\n|-damage|p2b: Garchomp|62/100\n|faint|p2a: Ninetales\n|\n|-damage|p1a: Garchomp|82/100 brn|[from] brn\n|upkeep\n|\n|t:|1776072417\n|switch|p2a: Sylveon|Sylveon, L50, M|74/100 brn\n|turn|7\n|\n|t:|1776072444\n|switch|p1b: Charizard|Charizard-Mega-Y, L50, F|45/100\n|-weather|SunnyDay|[from] ability: Drought|[of] p1b: Charizard\n|move|p2b: Garchomp|Rock Slide|p1b: Charizard|[spread] p1a,p1b\n|-resisted|p1a: Garchomp|1\n|-supereffective|p1b: Charizard|2\n|-damage|p1a: Garchomp|75/100 brn\n|-damage|p1b: Charizard|0 fnt\n|faint|p1b: Charizard\n|move|p1a: Garchomp|Earthquake|p2b: Garchomp|[spread] p2a,p2b\n|-damage|p2a: Sylveon|49/100 brn\n|-damage|p2b: Garchomp|42/100\n|move|p2a: Sylveon|Wish|p2a: Sylveon\n|\n|-weather|SunnyDay|[upkeep]\n|-damage|p1a: Garchomp|70/100 brn|[from] brn\n|-damage|p2a: Sylveon|43/100 brn|[from] brn\n|upkeep\n|\n|t:|1776072460\n|switch|p1b: Incineroar|Incineroar, L50, F|22/100\n|-ability|p1b: Incineroar|Intimidate|boost\n|-unboost|p2a: Sylveon|atk|1\n|-unboost|p2b: Garchomp|atk|1\n|turn|8\n|\n|t:|1776072465\n|move|p2a: Sylveon|Protect|p2a: Sylveon\n|-singleturn|p2a: Sylveon|Protect\n|move|p1b: Incineroar|Fake Out|p2b: Garchomp\n|-damage|p2b: Garchomp|26/100\n|-damage|p1b: Incineroar|9/100|[from] ability: Rough Skin|[of] p2b: Garchomp\n|cant|p2b: Garchomp|flinch\n|move|p1a: Garchomp|Earthquake|p2b: Garchomp|[spread] p1b,p2b\n|-activate|p2a: Sylveon|move: Protect\n|-supereffective|p1b: Incineroar|1\n|-damage|p1b: Incineroar|0 fnt\n|-damage|p2b: Garchomp|5/100\n|faint|p1b: Incineroar\n|\n|-weather|SunnyDay|[upkeep]\n|-heal|p2a: Sylveon|93/100 brn|[from] move: Wish|[wisher] Sylveon\n|-damage|p1a: Garchomp|64/100 brn|[from] brn\n|-damage|p2a: Sylveon|87/100 brn|[from] brn\n|upkeep\n|turn|9\n|\n|t:|1776072481\n|move|p2b: Garchomp|Rock Slide|p1a: Garchomp\n|-resisted|p1a: Garchomp|1\n|-damage|p1a: Garchomp|56/100 brn\n|move|p1a: Garchomp|Earthquake|p2b: Garchomp|[spread] p2a,p2b\n|-damage|p2a: Sylveon|60/100 brn\n|-damage|p2b: Garchomp|0 fnt\n|faint|p2b: Garchomp\n|move|p2a: Sylveon|Hyper Voice|p1a: Garchomp\n|-supereffective|p1a: Garchomp|1\n|-damage|p1a: Garchomp|0 fnt\n|faint|p1a: Garchomp\n|\n|win|colfox\n|raw|Cbvgcgame426's rating: 1000 &rarr; <strong>1000</strong><br />(+0 for losing)\n|raw|colfox's rating: 1054 &rarr; <strong>1081</strong><br />(+27 for winning)\n|l|\u2606Cbvgcgame426\n|player|p1|\n",
  "uploadtime": 1776072493,
  "views": 12,
  "formatid": "gen9championsvgc2026regma",
  "rating": 1000,
  "private": 0,
  "password": null
}