{
  "id": "gen9championsvgc2026regma-2584078512",
  "format": "[Gen 9 Champions] VGC 2026 Reg M-A",
  "players": [
    "YoukiPM",
    "baconsux"
  ],
  "log": "|j|\u2606YoukiPM\n|j|\u2606baconsux\n|t:|1776222929\n|gametype|doubles\n|player|p1|YoukiPM|iono-masters|1177\n|player|p2|baconsux|1|1115\n|gen|9\n|tier|[Gen 9 Champions] VGC 2026 Reg M-A\n|rated|\n|rule|Species Clause: Limit one of each Pok\u00e9mon\n|rule|Item Clause: Limit 1 of each item\n|clearpoke\n|poke|p1|Sneasler, L50, F|\n|poke|p1|Aerodactyl, L50, M|\n|poke|p1|Tyranitar, L50, F|\n|poke|p1|Excadrill, L50, F|\n|poke|p1|Incineroar, L50, M|\n|poke|p1|Garchomp, L50, F|\n|poke|p2|Starmie, L50|\n|poke|p2|Dragonite, L50, F|\n|poke|p2|Sinistcha, L50|\n|poke|p2|Incineroar, L50, F|\n|poke|p2|Sneasler, L50, F|\n|poke|p2|Aerodactyl, L50, M|\n|teampreview|4\n|inactive|Battle timer is ON: inactive players will automatically lose when time's up. (requested by YoukiPM)\n|\n|t:|1776222956\n|teamsize|p1|4\n|teamsize|p2|4\n|start\n|switch|p1a: Sneasler|Sneasler, L50, F|100/100\n|switch|p1b: Aerodactyl|Aerodactyl, L50, M|100/100\n|switch|p2a: Starmie|Starmie, L50|100/100\n|switch|p2b: Dragonite|Dragonite, L50, F|100/100\n|-ability|p1b: Aerodactyl|Unnerve\n|turn|1\n|\n|t:|1776222967\n|detailschange|p2a: Starmie|Starmie-Mega, L50\n|-mega|p2a: Starmie|Starmie|Starminite\n|move|p1a: Sneasler|Fake Out|p2a: Starmie\n|-damage|p2a: Starmie|88/100\n|move|p1b: Aerodactyl|Tailwind|p1b: Aerodactyl\n|-sidestart|p1: YoukiPM|move: Tailwind\n|move|p2b: Dragonite|Dragon Dance|p2b: Dragonite\n|-boost|p2b: Dragonite|atk|1\n|-boost|p2b: Dragonite|spe|1\n|cant|p2a: Starmie|flinch\n|\n|upkeep\n|turn|2\n|\n|t:|1776222984\n|switch|p1a: Tyranitar|Tyranitar, L50, F|100/100\n|-weather|Sandstorm|[from] ability: Sand Stream|[of] p1a: Tyranitar\n|move|p1b: Aerodactyl|Protect|p1b: Aerodactyl\n|-singleturn|p1b: Aerodactyl|Protect\n|move|p2b: Dragonite|Breaking Swipe|p1a: Tyranitar|[spread] p1a\n|-activate|p1b: Aerodactyl|move: Protect\n|-damage|p1a: Tyranitar|69/100\n|-unboost|p1a: Tyranitar|atk|1\n|move|p2a: Starmie|Skill Swap|p2b: Dragonite\n|-activate|p2a: Starmie|Skill Swap|||[of] p2b: Dragonite\n|\n|-weather|Sandstorm|[upkeep]\n|-damage|p2b: Dragonite|95/100|[from] Sandstorm\n|-damage|p2a: Starmie|82/100|[from] Sandstorm\n|upkeep\n|turn|3\n|inactive|YoukiPM has 30 seconds left.\n|\n|t:|1776223013\n|detailschange|p1a: Tyranitar|Tyranitar-Mega, L50, F\n|-mega|p1a: Tyranitar|Tyranitar|Tyranitarite\n|move|p2b: Dragonite|Protect|p2b: Dragonite\n|-singleturn|p2b: Dragonite|Protect\n|move|p1b: Aerodactyl|Rock Slide|p2a: Starmie|[spread] p2a\n|-activate|p2b: Dragonite|move: Protect\n|-damage|p2a: Starmie|58/100\n|move|p1a: Tyranitar|Knock Off|p2a: Starmie\n|-supereffective|p2a: Starmie|1\n|-damage|p2a: Starmie|4/100\n|move|p2a: Starmie|Scald|p1b: Aerodactyl\n|-supereffective|p1b: Aerodactyl|1\n|-damage|p1b: Aerodactyl|27/100\n|\n|-weather|Sandstorm|[upkeep]\n|-damage|p2b: Dragonite|89/100|[from] Sandstorm\n|-damage|p2a: Starmie|0 fnt|[from] Sandstorm\n|faint|p2a: Starmie\n|upkeep\n|\n|t:|1776223029\n|switch|p2a: Sneasler|Sneasler, L50, F|100/100\n|turn|4\n|\n|t:|1776223038\n|move|p2a: Sneasler|Fake Out|p1a: Tyranitar\n|-resisted|p1a: Tyranitar|1\n|-damage|p1a: Tyranitar|64/100\n|move|p1b: Aerodactyl|Dual Wingbeat|p2a: Sneasler\n|-supereffective|p2a: Sneasler|1\n|-damage|p2a: Sneasler|37/100\n|-supereffective|p2a: Sneasler|1\n|-damage|p2a: Sneasler|0 fnt\n|faint|p2a: Sneasler\n|-hitcount|p2: Sneasler|2\n|move|p2b: Dragonite|Breaking Swipe|p1b: Aerodactyl|[spread] p1a,p1b\n|-damage|p1a: Tyranitar|13/100\n|-damage|p1b: Aerodactyl|0 fnt\n|-unboost|p1a: Tyranitar|atk|1\n|faint|p1b: Aerodactyl\n|cant|p1a: Tyranitar|flinch\n|\n|-weather|Sandstorm|[upkeep]\n|-damage|p2b: Dragonite|83/100|[from] Sandstorm\n|-sideend|p1: YoukiPM|move: Tailwind\n|upkeep\n|\n|t:|1776223055\n|switch|p1b: Garchomp|Garchomp, L50, F|100/100\n|switch|p2a: Sinistcha|Sinistcha, L50|100/100\n|-heal|p2b: Dragonite|100/100|[from] ability: Hospitality|[of] p2a: Sinistcha\n|turn|5\n|\n|t:|1776223065\n|move|p2b: Dragonite|Breaking Swipe|p1b: Garchomp|[spread] p1a,p1b\n|-supereffective|p1b: Garchomp|1\n|-damage|p1a: Tyranitar|0 fnt\n|-damage|p1b: Garchomp|0 fnt\n|faint|p1a: Tyranitar\n|faint|p1b: Garchomp\n|move|p2a: Sinistcha|Matcha Gotcha|p1: Tyranitar|[notarget]\n|-fail|p2a: Sinistcha\n|\n|-weather|Sandstorm|[upkeep]\n|-damage|p2b: Dragonite|95/100|[from] Sandstorm\n|-damage|p2a: Sinistcha|94/100|[from] Sandstorm\n|-heal|p2a: Sinistcha|100/100|[from] item: Leftovers\n|upkeep\n|\n|t:|1776223070\n|switch|p1a: Sneasler|Sneasler, L50, F|100/100\n|turn|6\n|\n|t:|1776223081\n|move|p2a: Sinistcha|Rage Powder|p2a: Sinistcha\n|-singleturn|p2a: Sinistcha|move: Rage Powder\n|move|p2b: Dragonite|Breaking Swipe|p1a: Sneasler\n|-damage|p1a: Sneasler|0 fnt\n|faint|p1a: Sneasler\n|\n|win|baconsux\n|raw|YoukiPM's rating: 1177 &rarr; <strong>1148</strong><br />(-29 for losing)\n|raw|baconsux's rating: 1115 &rarr; <strong>1144</strong><br />(+29 for winning)\n|l|\u2606YoukiPM\n|player|p1|\n",
  "uploadtime": 1776223088,
  "views": 20,
  "formatid": "gen9championsvgc2026regma",
  "rating": 1144,
  "private": 0,
  "password": null
}