{
  "id": "gen9championsvgc2026regma-2581206200",
  "format": "[Gen 9 Champions] VGC 2026 Reg M-A",
  "players": [
    "catball 1500",
    "Brasilian Flygon"
  ],
  "log": "|j|\u203dcatball 1500\n|j|\u2606Brasilian Flygon\n|t:|1775970702\n|gametype|doubles\n|player|p1|catball 1500|roughneck|1028\n|player|p2|Brasilian Flygon|2|1084\n|gen|9\n|tier|[Gen 9 Champions] VGC 2026 Reg M-A\n|rated|\n|rule|Species Clause: Limit one of each Pok\u00e9mon\n|rule|Item Clause: Limit 1 of each item\n|clearpoke\n|poke|p1|Skarmory, L50, M|\n|poke|p1|Incineroar, L50, F|\n|poke|p1|Garchomp, L50, F|\n|poke|p1|Gardevoir, L50, M|\n|poke|p1|Tyranitar, L50, F|\n|poke|p1|Basculegion-F, L50, F|\n|poke|p2|Incineroar, L50, F|\n|poke|p2|Clefable, L50, F|\n|poke|p2|Sinistcha, L50|\n|poke|p2|Garchomp, L50, M|\n|poke|p2|Maushold, L50|\n|poke|p2|Palafin, L50, F|\n|teampreview|4\n|inactive|Battle timer is ON: inactive players will automatically lose when time's up. (requested by catball 1500)\ncatball 1500 has agreed to open team sheets.\n|inactive|Brasilian Flygon has 60 seconds left.\n|\n|t:|1775970750\n|teamsize|p1|4\n|teamsize|p2|4\n|start\n|switch|p1a: Skarmory|Skarmory, L50, M|100/100\n|switch|p1b: Garchomp|Garchomp, L50, F|100/100\n|switch|p2a: Palafin|Palafin, L50, F|100/100\n|switch|p2b: Garchomp|Garchomp, L50, M|100/100\n|turn|1\n|\n|t:|1775970766\n|detailschange|p2a: Palafin|Palafin-Hero, L50, F\n|switch|p2a: Sinistcha|Sinistcha, L50|100/100\n|detailschange|p1a: Skarmory|Skarmory-Mega, L50, M\n|-mega|p1a: Skarmory|Skarmory|Skarmorite\n|move|p2b: Garchomp|Dragon Claw|p1b: Garchomp\n|-supereffective|p1b: Garchomp|1\n|-crit|p1b: Garchomp\n|-enditem|p1b: Garchomp|Focus Sash\n|-damage|p1b: Garchomp|1/100\n|-damage|p2b: Garchomp|88/100|[from] ability: Rough Skin|[of] p1b: Garchomp\n|move|p1b: Garchomp|Dragon Claw|p2b: Garchomp\n|-supereffective|p2b: Garchomp|1\n|-damage|p2b: Garchomp|7/100\n|move|p1a: Skarmory|Tailwind|p1a: Skarmory\n|-sidestart|p1: catball 1500|move: Tailwind\n|\n|upkeep\n|turn|2\n|\n|t:|1775970784\n|switch|p2b: Incineroar|Incineroar, L50, F|100/100\n|-ability|p2b: Incineroar|Intimidate|boost\n|-unboost|p1a: Skarmory|atk|1\n|-unboost|p1b: Garchomp|atk|1\n|move|p1b: Garchomp|Rock Slide|p2b: Incineroar|[spread] p2a,p2b\n|-supereffective|p2b: Incineroar|1\n|-damage|p2a: Sinistcha|90/100\n|-damage|p2b: Incineroar|78/100\n|move|p1a: Skarmory|Brave Bird|p2a: Sinistcha\n|-supereffective|p2a: Sinistcha|1\n|-damage|p2a: Sinistcha|16/100\n|-enditem|p2a: Sinistcha|Sitrus Berry|[eat]\n|-heal|p2a: Sinistcha|41/100|[from] item: Sitrus Berry\n|-damage|p1a: Skarmory|70/100|[from] Recoil\n|cant|p2a: Sinistcha|flinch\n|\n|upkeep\n|turn|3\n|\n|t:|1775970803\n|switch|p2a: Garchomp|Garchomp, L50, M|7/100\n|move|p1b: Garchomp|Protect|p1b: Garchomp\n|-singleturn|p1b: Garchomp|Protect\n|move|p2b: Incineroar|Fake Out|p1b: Garchomp\n|-activate|p1b: Garchomp|move: Protect\n|move|p1a: Skarmory|Brave Bird|p2a: Garchomp\n|-damage|p2a: Garchomp|0 fnt\n|faint|p2a: Garchomp\n|-damage|p1a: Skarmory|68/100|[from] Recoil\n|\n|upkeep\n|\n|t:|1775970809\n|switch|p2a: Sinistcha|Sinistcha, L50|41/100\n|-heal|p2b: Incineroar|100/100|[from] ability: Hospitality|[of] p2a: Sinistcha\n|turn|4\n|\n|t:|1775970818\n|move|p2a: Sinistcha|Rage Powder|p2a: Sinistcha\n|-singleturn|p2a: Sinistcha|move: Rage Powder\n|move|p1b: Garchomp|Earthquake|p2b: Incineroar|[spread] p2a,p2b\n|-immune|p1a: Skarmory\n|-resisted|p2a: Sinistcha|1\n|-supereffective|p2b: Incineroar|1\n|-enditem|p2b: Incineroar|Shuca Berry|[eat]\n|-enditem|p2b: Incineroar|Shuca Berry|[weaken]\n|-damage|p2a: Sinistcha|31/100\n|-damage|p2b: Incineroar|80/100\n|move|p1a: Skarmory|Roost|p1a: Skarmory\n|-heal|p1a: Skarmory|100/100\n|-singleturn|p1a: Skarmory|move: Roost\n|move|p2b: Incineroar|Throat Chop|p1b: Garchomp\n|-damage|p1b: Garchomp|0 fnt\n|-damage|p2b: Incineroar|68/100|[from] ability: Rough Skin|[of] p1b: Garchomp\n|faint|p1b: Garchomp\n|\n|-sideend|p1: catball 1500|move: Tailwind\n|upkeep\n|\n|t:|1775970827\n|switch|p1b: Tyranitar|Tyranitar, L50, F|100/100\n|-weather|Sandstorm|[from] ability: Sand Stream|[of] p1b: Tyranitar\n|turn|5\n|\n|t:|1775970837\n|move|p1a: Skarmory|Tailwind|p1a: Skarmory\n|-sidestart|p1: catball 1500|move: Tailwind\n|move|p1b: Tyranitar|Knock Off|p2a: Sinistcha\n|-supereffective|p2a: Sinistcha|1\n|-damage|p2a: Sinistcha|0 fnt\n|faint|p2a: Sinistcha\n|move|p2b: Incineroar|Flare Blitz|p1a: Skarmory\n|-supereffective|p1a: Skarmory|1\n|-damage|p1a: Skarmory|5/100\n|-damage|p2b: Incineroar|46/100|[from] Recoil\n|\n|-weather|Sandstorm|[upkeep]\n|-damage|p2b: Incineroar|40/100|[from] Sandstorm\n|upkeep\n|\n|t:|1775970842\n|switch|p2a: Palafin|Palafin-Hero, L50, F|100/100\n|-activate|p2a: Palafin|ability: Zero to Hero\n|turn|6\n|\n|t:|1775970853\n|switch|p1a: Basculegion|Basculegion-F, L50, F, shiny|100/100\n|move|p1b: Tyranitar|Rock Slide|p2a: Palafin|[spread] p2a,p2b\n|-supereffective|p2b: Incineroar|1\n|-damage|p2a: Palafin|75/100\n|-damage|p2b: Incineroar|0 fnt\n|faint|p2b: Incineroar\n|move|p2a: Palafin|Bulk Up|p2a: Palafin\n|-boost|p2a: Palafin|atk|1\n|-boost|p2a: Palafin|def|1\n|\n|-weather|Sandstorm|[upkeep]\n|-damage|p1a: Basculegion|94/100|[from] Sandstorm\n|-damage|p2a: Palafin|68/100|[from] Sandstorm\n|-heal|p1a: Basculegion|100/100|[from] item: Leftovers\n|upkeep\n|turn|7\n|\n|t:|1775970866\n|move|p1b: Tyranitar|Knock Off|p2a: Palafin\n|-damage|p2a: Palafin|39/100\n|-enditem|p2a: Palafin|Mystic Water|[from] move: Knock Off|[of] p1b: Tyranitar\n|move|p1a: Basculegion|Shadow Ball|p2a: Palafin\n|-damage|p2a: Palafin|0 fnt\n|faint|p2a: Palafin\n|\n|win|catball 1500\n|raw|catball 1500's rating: 1028 &rarr; <strong>1070</strong><br />(+42 for winning)\n|raw|Brasilian Flygon's rating: 1084 &rarr; <strong>1058</strong><br />(-26 for losing)\n|l|\u2606Brasilian Flygon\n|player|p2|\n",
  "uploadtime": 1775970881,
  "views": 32,
  "formatid": "gen9championsvgc2026regma",
  "rating": 1058,
  "private": 0,
  "password": null
}