{
  "id": "gen9championsvgc2026regma-2586653077",
  "format": "[Gen 9 Champions] VGC 2026 Reg M-A",
  "players": [
    "Boneyard00",
    "Thatboydin"
  ],
  "log": "|j|\u2606Boneyard00\n|j|\u2606Thatboydin\n|t:|1776449618\n|gametype|doubles\n|player|p1|Boneyard00|acetrainer-gen4dp|1100\n|player|p2|Thatboydin|aromalady|1066\n|gen|9\n|tier|[Gen 9 Champions] VGC 2026 Reg M-A\n|rated|\n|rule|Species Clause: Limit one of each Pok\u00e9mon\n|rule|Item Clause: Limit 1 of each item\n|clearpoke\n|poke|p1|Abomasnow, L50, M|\n|poke|p1|Talonflame, L50, M|\n|poke|p1|Avalugg, L50, M|\n|poke|p1|Basculegion, L50, M|\n|poke|p1|Vanilluxe, L50, F|\n|poke|p1|Alcremie-Salted-Cream, L50, F|\n|poke|p2|Archaludon, L50, M|\n|poke|p2|Zoroark-Hisui, L50, M|\n|poke|p2|Crabominable, L50, M|\n|poke|p2|Farigiraf, L50, F|\n|poke|p2|Milotic, L50, F|\n|poke|p2|Incineroar, L50, M|\n|teampreview|4\n|inactive|Battle timer is ON: inactive players will automatically lose when time's up. (requested by Boneyard00)\n|\n|t:|1776449656\n|teamsize|p1|4\n|teamsize|p2|4\n|start\n|switch|p1a: Winnebago|Basculegion, L50, M|100/100\n|switch|p1b: Caribbean|Talonflame, L50, M|100/100\n|switch|p2a: BIG MAMA!!!|Farigiraf, L50, F, shiny|100/100\n|switch|p2b: AMC Theaters|Archaludon, L50, M|100/100\n|turn|1\n|inactive|Boneyard00 has 30 seconds left.\n|inactive|Thatboydin has 30 seconds left.\n|\n|t:|1776449688\n|switch|p2b: AMC Theaters|Archaludon, L50, M|100/100\n|move|p1a: Winnebago|Wave Crash|p2a: BIG MAMA!!!\n|-damage|p2a: BIG MAMA!!!|41/100\n|-damage|p1a: Winnebago|78/100|[from] Recoil\n|move|p1b: Caribbean|Flare Blitz|p2a: BIG MAMA!!!\n|-damage|p2a: BIG MAMA!!!|10/100\n|-damage|p1b: Caribbean|88/100|[from] Recoil\n|-heal|p1b: Caribbean|92/100|[from] item: Shell Bell|[of] p2a: BIG MAMA!!!\n|move|p2a: BIG MAMA!!!|Trick Room|p2a: BIG MAMA!!!\n|-fieldstart|move: Trick Room|[of] p2a: BIG MAMA!!!\n|\n|upkeep\n|turn|2\n|\n|t:|1776449710\n|move|p2a: BIG MAMA!!!|Ally Switch|p2a: BIG MAMA!!!\n|swap|p2a: BIG MAMA!!!|1|[from] move: Ally Switch\n|move|p2a: AMC Theaters|Thunderbolt|p1a: Winnebago\n|-supereffective|p1a: Winnebago|1\n|-damage|p1a: Winnebago|21/100\n|move|p1b: Caribbean|Taunt|p2b: BIG MAMA!!!\n|-start|p2b: BIG MAMA!!!|move: Taunt\n|-enditem|p2b: BIG MAMA!!!|Mental Herb\n|-end|p2b: BIG MAMA!!!|move: Taunt\n|move|p1a: Winnebago|Wave Crash|p2a: AMC Theaters\n|-resisted|p2a: AMC Theaters|1\n|-crit|p2a: AMC Theaters\n|-damage|p2a: AMC Theaters|61/100\n|-ability|p2a: AMC Theaters|Stamina|boost\n|-boost|p2a: AMC Theaters|def|1\n|-damage|p1a: Winnebago|9/100|[from] Recoil\n|\n|-heal|p2a: AMC Theaters|67/100|[from] item: Leftovers\n|upkeep\n|turn|3\n|\n|t:|1776449733\n|switch|p1a: Northwoods|Abomasnow, L50, M|100/100\n|-weather|Snowscape|[from] ability: Snow Warning|[of] p1a: Northwoods\n|move|p2b: BIG MAMA!!!|Shadow Ball|p1a: Northwoods\n|-damage|p1a: Northwoods|80/100\n|move|p2a: AMC Theaters|Thunderbolt|p1b: Caribbean\n|-supereffective|p1b: Caribbean|1\n|-damage|p1b: Caribbean|21/100\n|-status|p1b: Caribbean|par\n|move|p1b: Caribbean|Taunt|p2b: BIG MAMA!!!\n|-start|p2b: BIG MAMA!!!|move: Taunt\n|\n|-weather|Snowscape|[upkeep]\n|-heal|p2a: AMC Theaters|73/100|[from] item: Leftovers\n|upkeep\n|turn|4\n|\n|t:|1776449757\n|detailschange|p1a: Northwoods|Abomasnow-Mega, L50, M\n|-mega|p1a: Northwoods|Abomasnow|Abomasite\n|move|p1a: Northwoods|Aurora Veil|p1a: Northwoods\n|-sidestart|p1: Boneyard00|move: Aurora Veil\n|move|p2b: BIG MAMA!!!|Twin Beam|p1b: Caribbean\n|-damage|p1b: Caribbean|8/100 par\n|-damage|p1b: Caribbean|0 fnt\n|faint|p1b: Caribbean\n|-hitcount|p1: Caribbean|2\n|move|p2a: AMC Theaters|Flash Cannon|p1a: Northwoods\n|-supereffective|p1a: Northwoods|1\n|-damage|p1a: Northwoods|39/100\n|\n|-weather|Snowscape|[upkeep]\n|-heal|p2a: AMC Theaters|79/100|[from] item: Leftovers\n|upkeep\n|\n|t:|1776449770\n|switch|p1b: LUGGNUT|Avalugg, L50, M|100/100\n|turn|5\n|\n|t:|1776449794\n|switch|p2b: Eugene Krabs|Crabominable, L50, M, shiny|100/100\n|move|p1a: Northwoods|Ice Shard|p2b: Eugene Krabs\n|-resisted|p2b: Eugene Krabs|1\n|-damage|p2b: Eugene Krabs|93/100\n|move|p1b: LUGGNUT|Body Press|p2a: AMC Theaters\n|-supereffective|p2a: AMC Theaters|1\n|-crit|p2a: AMC Theaters\n|-damage|p2a: AMC Theaters|13/100\n|-ability|p2a: AMC Theaters|Stamina|boost\n|-boost|p2a: AMC Theaters|def|1\n|move|p2a: AMC Theaters|Flash Cannon|p1b: LUGGNUT\n|-supereffective|p1b: LUGGNUT|1\n|-damage|p1b: LUGGNUT|49/100\n|\n|-weather|Snowscape|[upkeep]\n|-heal|p1b: LUGGNUT|55/100|[from] ability: Ice Body\n|-heal|p1b: LUGGNUT|61/100|[from] item: Leftovers\n|-heal|p2a: AMC Theaters|19/100|[from] item: Leftovers\n|-fieldend|move: Trick Room\n|upkeep\n|turn|6\n|inactive|Boneyard00 has 30 seconds left.\n|\n|t:|1776449822\n|switch|p1a: Winnebago|Basculegion, L50, M|9/100\n|detailschange|p2b: Eugene Krabs|Crabominable-Mega, L50, M, shiny\n|-mega|p2b: Eugene Krabs|Crabominable|Crabominite\n|move|p2a: AMC Theaters|Protect|p2a: AMC Theaters\n|-singleturn|p2a: AMC Theaters|Protect\n|move|p2b: Eugene Krabs|Drain Punch|p1b: LUGGNUT\n|-supereffective|p1b: LUGGNUT|1\n|-damage|p1b: LUGGNUT|31/100\n|-heal|p2b: Eugene Krabs|100/100|[from] drain|[of] p1b: LUGGNUT\n|move|p1b: LUGGNUT|Body Press|p2b: Eugene Krabs\n|-supereffective|p2b: Eugene Krabs|1\n|-damage|p2b: Eugene Krabs|69/100\n|\n|-weather|Snowscape|[upkeep]\n|-heal|p1b: LUGGNUT|37/100|[from] ability: Ice Body\n|-heal|p2a: AMC Theaters|25/100|[from] item: Leftovers\n|-heal|p1b: LUGGNUT|43/100|[from] item: Leftovers\n|upkeep\n|turn|7\n|inactive|Thatboydin has 30 seconds left.\n|inactive|Thatboydin has 20 seconds left.\n|inactive|Thatboydin has 15 seconds left.\n|inactive|Boneyard00 has 30 seconds left.\n|inactive|Thatboydin has 10 seconds left.\n|\n|t:|1776449872\n|move|p1a: Winnebago|Wave Crash|p2a: AMC Theaters\n|-resisted|p2a: AMC Theaters|1\n|-damage|p2a: AMC Theaters|13/100\n|-ability|p2a: AMC Theaters|Stamina|boost\n|-boost|p2a: AMC Theaters|def|1\n|-damage|p1a: Winnebago|5/100|[from] Recoil\n|move|p2a: AMC Theaters|Thunderbolt|p1a: Winnebago\n|-supereffective|p1a: Winnebago|1\n|-damage|p1a: Winnebago|0 fnt\n|faint|p1a: Winnebago\n|move|p2b: Eugene Krabs|Drain Punch|p1b: LUGGNUT\n|-supereffective|p1b: LUGGNUT|1\n|-damage|p1b: LUGGNUT|15/100\n|-heal|p2b: Eugene Krabs|82/100|[from] drain|[of] p1b: LUGGNUT\n|move|p1b: LUGGNUT|Heavy Slam|p2b: Eugene Krabs\n|-supereffective|p2b: Eugene Krabs|1\n|-damage|p2b: Eugene Krabs|69/100\n|\n|-weather|none\n|-heal|p2a: AMC Theaters|19/100|[from] item: Leftovers\n|-heal|p1b: LUGGNUT|21/100|[from] item: Leftovers\n|upkeep\n|\n|t:|1776449881\n|switch|p1a: Northwoods|Abomasnow-Mega, L50, M|39/100\n|-weather|Snowscape|[from] ability: Snow Warning|[of] p1a: Northwoods\n|turn|8\n|\n|t:|1776449896\n|move|p2a: AMC Theaters|Flash Cannon|p1b: LUGGNUT\n|-supereffective|p1b: LUGGNUT|1\n|-damage|p1b: LUGGNUT|0 fnt\n|faint|p1b: LUGGNUT\n|move|p1a: Northwoods|Wood Hammer|p2b: Eugene Krabs\n|-damage|p2b: Eugene Krabs|38/100\n|-damage|p1a: Northwoods|28/100|[from] Recoil\n|move|p2b: Eugene Krabs|Drain Punch|p1a: Northwoods\n|-supereffective|p1a: Northwoods|1\n|-damage|p1a: Northwoods|0 fnt\n|-heal|p2b: Eugene Krabs|52/100|[from] drain|[of] p1a: Northwoods\n|faint|p1a: Northwoods\n|\n|win|Thatboydin\n|raw|Boneyard00's rating: 1100 &rarr; <strong>1073</strong><br />(-27 for losing)\n|raw|Thatboydin's rating: 1066 &rarr; <strong>1099</strong><br />(+33 for winning)\n|l|\u2606Boneyard00\n|player|p1|\n",
  "uploadtime": 1776449913,
  "views": 24,
  "formatid": "gen9championsvgc2026regma",
  "rating": 1073,
  "private": 0,
  "password": null
}