{
  "id": "gen9championsvgc2026regma-2580875875",
  "format": "[Gen 9 Champions] VGC 2026 Reg M-A",
  "players": [
    "jljlkk",
    "fullstopdice"
  ],
  "log": "|j|\u2606jljlkk\n|j|\u2606fullstopdice\n|t:|1775939705\n|gametype|doubles\n|player|p1|jljlkk|iris-gen5bw2|1101\n|player|p2|fullstopdice|266|1000\n|gen|9\n|tier|[Gen 9 Champions] VGC 2026 Reg M-A\n|rated|\n|rule|Species Clause: Limit one of each Pok\u00e9mon\n|rule|Item Clause: Limit 1 of each item\n|clearpoke\n|poke|p1|Gengar, L50, F|\n|poke|p1|Incineroar, L50, F|\n|poke|p1|Sneasler, L50, M|\n|poke|p1|Whimsicott, L50, M|\n|poke|p1|Politoed, L50, F|\n|poke|p1|Basculegion, L50, M|\n|poke|p2|Meganium, L50, M|\n|poke|p2|Politoed, L50, F|\n|poke|p2|Basculegion, L50, M|\n|poke|p2|Hatterene, L50, F|\n|poke|p2|Camerupt, L50, F|\n|poke|p2|Dragapult, L50, M|\n|teampreview|4\n|\n|t:|1775939737\n|teamsize|p1|4\n|teamsize|p2|4\n|start\n|switch|p1a: Gengar|Gengar, L50, F|100/100\n|switch|p1b: Whimsicott|Whimsicott, L50, M|100/100\n|switch|p2a: Hatterene|Hatterene, L50, F|100/100\n|switch|p2b: Dragapult|Dragapult, L50, M|100/100\n|turn|1\n|c|\u2606fullstopdice|Glhf!\n|\n|t:|1775939757\n|detailschange|p1a: Gengar|Gengar-Mega, L50, F\n|-mega|p1a: Gengar|Gengar|Gengarite\n|move|p1b: Whimsicott|Tailwind|p1b: Whimsicott\n|-sidestart|p1: jljlkk|move: Tailwind\n|move|p1a: Gengar|Shadow Ball|p2b: Dragapult\n|-supereffective|p2b: Dragapult|1\n|-enditem|p2b: Dragapult|Kasib Berry|[eat]\n|-enditem|p2b: Dragapult|Kasib Berry|[weaken]\n|-damage|p2b: Dragapult|44/100\n|move|p2b: Dragapult|Reflect|p2b: Dragapult\n|-sidestart|p2: fullstopdice|Reflect\n|move|p2a: Hatterene|Nuzzle|p1a: Gengar\n|-damage|p1a: Gengar|93/100\n|-status|p1a: Gengar|par\n|\n|upkeep\n|turn|2\n|\n|t:|1775939783\n|move|p1b: Whimsicott|Encore|p2b: Dragapult\n|-start|p2b: Dragapult|Encore\n|move|p2b: Dragapult|Reflect||[still]\n|-fail|p2b: Dragapult\n|move|p1a: Gengar|Shadow Ball|p2b: Dragapult\n|-supereffective|p2b: Dragapult|1\n|-damage|p2b: Dragapult|0 fnt\n|faint|p2b: Dragapult\n|move|p2a: Hatterene|Trick Room|p2a: Hatterene\n|-fieldstart|move: Trick Room|[of] p2a: Hatterene\n|\n|upkeep\n|\n|t:|1775939795\n|switch|p2b: Camerupt|Camerupt, L50, F|100/100\n|turn|3\n|\n|t:|1775939814\n|detailschange|p2b: Camerupt|Camerupt-Mega, L50, F\n|-mega|p2b: Camerupt|Camerupt|Cameruptite\n|move|p1b: Whimsicott|Protect|p1b: Whimsicott\n|-singleturn|p1b: Whimsicott|Protect\n|move|p1a: Gengar|Protect|p1a: Gengar\n|-singleturn|p1a: Gengar|Protect\n|move|p2b: Camerupt|Heat Wave|p1b: Whimsicott|[spread] \n|-activate|p1a: Gengar|move: Protect\n|-activate|p1b: Whimsicott|move: Protect\n|move|p2a: Hatterene|Psychic|p1a: Gengar\n|-activate|p1a: Gengar|move: Protect\n|\n|upkeep\n|turn|4\n|\n|t:|1775939839\n|switch|p1a: Basculegion|Basculegion, L50, M|100/100\n|move|p1b: Whimsicott|Encore|p2b: Camerupt\n|-start|p2b: Camerupt|Encore\n|move|p2b: Camerupt|Heat Wave|p1a: Basculegion|[spread] p1a,p1b\n|-resisted|p1a: Basculegion|1\n|-supereffective|p1b: Whimsicott|1\n|-damage|p1a: Basculegion|67/100\n|-enditem|p1b: Whimsicott|Focus Sash\n|-damage|p1b: Whimsicott|1/100\n|move|p2a: Hatterene|Psychic|p1a: Basculegion\n|-damage|p1a: Basculegion|18/100\n|\n|-sideend|p1: jljlkk|move: Tailwind\n|upkeep\n|turn|5\n|\n|t:|1775939858\n|switch|p2b: Meganium|Meganium, L50, M|100/100\n|move|p1b: Whimsicott|Protect|p1b: Whimsicott\n|-singleturn|p1b: Whimsicott|Protect\n|move|p1a: Basculegion|Protect|p1a: Basculegion\n|-singleturn|p1a: Basculegion|Protect\n|move|p2a: Hatterene|Dazzling Gleam|p1a: Basculegion|[spread] \n|-activate|p1a: Basculegion|move: Protect\n|-activate|p1b: Whimsicott|move: Protect\n|\n|-sideend|p2: fullstopdice|Reflect\n|upkeep\n|turn|6\n|\n|t:|1775939876\n|switch|p1a: Gengar|Gengar-Mega, L50, F|93/100 par\n|switch|p1b: Sneasler|Sneasler, L50, M|100/100\n|move|p2a: Hatterene|Dazzling Gleam|p1b: Sneasler|[spread] p1a,p1b\n|-resisted|p1a: Gengar|1\n|-damage|p1a: Gengar|76/100 par\n|-damage|p1b: Sneasler|60/100\n|move|p2b: Meganium|Dazzling Gleam|p1a: Gengar|[spread] p1a,p1b\n|-resisted|p1a: Gengar|1\n|-damage|p1a: Gengar|65/100 par\n|-damage|p1b: Sneasler|37/100\n|\n|-fieldend|move: Trick Room\n|upkeep\n|turn|7\n|\n|t:|1775939903\n|move|p1b: Sneasler|Swords Dance|p1b: Sneasler\n|-boost|p1b: Sneasler|atk|2\n|move|p1a: Gengar|Shadow Ball|p2a: Hatterene\n|-supereffective|p2a: Hatterene|1\n|-damage|p2a: Hatterene|16/100\n|move|p2b: Meganium|Dazzling Gleam|p1b: Sneasler|[spread] p1a,p1b\n|-resisted|p1a: Gengar|1\n|-damage|p1a: Gengar|52/100 par\n|-damage|p1b: Sneasler|13/100\n|move|p2a: Hatterene|Trick Room|p2a: Hatterene\n|-fieldstart|move: Trick Room|[of] p2a: Hatterene\n|\n|-heal|p2a: Hatterene|22/100|[from] item: Leftovers\n|upkeep\n|turn|8\n|\n|t:|1775939925\n|move|p1b: Sneasler|Protect|p1b: Sneasler\n|-singleturn|p1b: Sneasler|Protect\n|move|p2a: Hatterene|Dazzling Gleam|p1a: Gengar|[spread] p1a\n|-activate|p1b: Sneasler|move: Protect\n|-resisted|p1a: Gengar|1\n|-damage|p1a: Gengar|33/100 par\n|move|p2b: Meganium|Solar Beam||[still]\n|-prepare|p2b: Meganium|Solar Beam\n|move|p1a: Gengar|Shadow Ball|p2a: Hatterene\n|-supereffective|p2a: Hatterene|1\n|-damage|p2a: Hatterene|0 fnt\n|faint|p2a: Hatterene\n|\n|upkeep\n|\n|t:|1775939939\n|switch|p2a: Camerupt|Camerupt-Mega, L50, F|100/100\n|turn|9\n|\n|t:|1775939956\n|switch|p1b: Whimsicott|Whimsicott, L50, M|1/100\n|move|p1a: Gengar|Protect|p1a: Gengar\n|-singleturn|p1a: Gengar|Protect\n|move|p2a: Camerupt|Heat Wave|p1b: Whimsicott|[spread] p1b\n|-activate|p1a: Gengar|move: Protect\n|-supereffective|p1b: Whimsicott|1\n|-damage|p1b: Whimsicott|0 fnt\n|faint|p1b: Whimsicott\n|move|p2b: Meganium|Solar Beam|p1a: Gengar|[from] lockedmove\n|-activate|p1a: Gengar|move: Protect\n|\n|upkeep\n|\n|t:|1775939974\n|switch|p1b: Basculegion|Basculegion, L50, M|18/100\n|turn|10\n|\n|t:|1775939986\n|move|p1b: Basculegion|Protect|p1b: Basculegion\n|-singleturn|p1b: Basculegion|Protect\n|move|p2a: Camerupt|Heat Wave|p1b: Basculegion|[spread] p1a\n|-activate|p1b: Basculegion|move: Protect\n|-damage|p1a: Gengar|0 fnt\n|faint|p1a: Gengar\n|move|p2b: Meganium|Dazzling Gleam|p1b: Basculegion\n|-activate|p1b: Basculegion|move: Protect\n|\n|upkeep\n|\n|t:|1775939994\n|switch|p1a: Sneasler|Sneasler, L50, M|13/100\n|turn|11\n|\n|t:|1775940005\n|move|p1b: Basculegion|Protect||[still]\n|-fail|p1b: Basculegion\n|move|p1a: Sneasler|Protect|p1a: Sneasler\n|-singleturn|p1a: Sneasler|Protect\n|move|p2a: Camerupt|Heat Wave|p1b: Basculegion|[spread] p1b\n|-activate|p1a: Sneasler|move: Protect\n|-resisted|p1b: Basculegion|1\n|-damage|p1b: Basculegion|0 fnt\n|faint|p1b: Basculegion\n|move|p2b: Meganium|Dazzling Gleam|p1a: Sneasler\n|-activate|p1a: Sneasler|move: Protect\n|\n|-fieldend|move: Trick Room\n|upkeep\n|turn|12\n|c|\u2606fullstopdice|Ggwp\n|\n|t:|1775940026\n|move|p1a: Sneasler|Gunk Shot|p2b: Meganium\n|-supereffective|p2b: Meganium|1\n|-damage|p2b: Meganium|0 fnt\n|faint|p2b: Meganium\n|move|p2a: Camerupt|Earth Power|p1a: Sneasler\n|-supereffective|p1a: Sneasler|1\n|-damage|p1a: Sneasler|0 fnt\n|faint|p1a: Sneasler\n|\n|win|fullstopdice\n|raw|jljlkk's rating: 1101 &rarr; <strong>1069</strong><br />(-32 for losing)\n|raw|fullstopdice's rating: 1000 &rarr; <strong>1051</strong><br />(+51 for winning)\n",
  "uploadtime": 1775940026,
  "views": 15,
  "formatid": "gen9championsvgc2026regma",
  "rating": 1051,
  "private": 0,
  "password": null
}