{
  "id": "gen9championsvgc2026regma-2584877448",
  "format": "[Gen 9 Champions] VGC 2026 Reg M-A",
  "players": [
    "96091-J",
    "yukidagoatt"
  ],
  "log": "|j|\u260696091-J\n|j|\u2606yukidagoatt\n|t:|1776290816\n|gametype|doubles\n|player|p1|96091-J|102|1121\n|player|p2|yukidagoatt|170|1096\n|gen|9\n|tier|[Gen 9 Champions] VGC 2026 Reg M-A\n|rated|\n|rule|Species Clause: Limit one of each Pok\u00e9mon\n|rule|Item Clause: Limit 1 of each item\n|clearpoke\n|poke|p1|Aerodactyl, L50, M|\n|poke|p1|Incineroar, L50, M|\n|poke|p1|Floette-Eternal, L50, F|\n|poke|p1|Basculegion, L50, M|\n|poke|p1|Garchomp, L50, M|\n|poke|p1|Sneasler, L50, M|\n|poke|p2|Maushold, L50|\n|poke|p2|Floette-Eternal, L50, F|\n|poke|p2|Garchomp, L50, F|\n|poke|p2|Talonflame, L50, M|\n|poke|p2|Rotom-Wash, L50|\n|poke|p2|Aegislash, L50, M|\n|teampreview|4\n|inactive|Battle timer is ON: inactive players will automatically lose when time's up. (requested by 96091-J)\n|inactive|yukidagoatt has 60 seconds left.\n|\n|t:|1776290849\n|teamsize|p1|4\n|teamsize|p2|4\n|start\n|switch|p1a: Incineroar|Incineroar, L50, M|100/100\n|switch|p1b: Floette|Floette-Eternal, L50, F|100/100\n|switch|p2a: Talonflame|Talonflame, L50, M|100/100\n|switch|p2b: Aegislash|Aegislash, L50, M|100/100\n|-ability|p1a: Incineroar|Intimidate|boost\n|-unboost|p2a: Talonflame|atk|1\n|-unboost|p2b: Aegislash|atk|1\n|turn|1\n|\n|t:|1776290870\n|move|p1b: Floette|Protect|p1b: Floette\n|-singleturn|p1b: Floette|Protect\n|move|p2b: Aegislash|King's Shield|p2b: Aegislash\n|-singleturn|p2b: Aegislash|Protect\n|move|p1a: Incineroar|Fake Out|p2a: Talonflame\n|-damage|p2a: Talonflame|84/100\n|cant|p2a: Talonflame|flinch\n|\n|upkeep\n|turn|2\n|\n|t:|1776290891\n|detailschange|p1b: Floette|Floette-Mega, L50, F\n|-mega|p1b: Floette|Floette|Floettite\n|-ability|p1b: Floette|Fairy Aura\n|move|p1a: Incineroar|Helping Hand|p1b: Floette\n|-singleturn|p1b: Floette|Helping Hand|[of] p1a: Incineroar\n|move|p2a: Talonflame|Tailwind|p2a: Talonflame\n|-sidestart|p2: yukidagoatt|move: Tailwind\n|-formechange|p2b: Aegislash|Aegislash-Blade|\n|move|p2b: Aegislash|Iron Head|p1b: Floette\n|-supereffective|p1b: Floette|1\n|-damage|p1b: Floette|16/100\n|move|p1b: Floette|Dazzling Gleam|p2a: Talonflame|[spread] p2a,p2b\n|-resisted|p2a: Talonflame|1\n|-resisted|p2b: Aegislash|1\n|-damage|p2a: Talonflame|24/100\n|-damage|p2b: Aegislash|30/100\n|\n|upkeep\n|turn|3\n|inactive|yukidagoatt has 30 seconds left.\n|\n|t:|1776290916\n|switch|p1b: Sneasler|Sneasler, L50, M|100/100\n|move|p2b: Aegislash|Shadow Sneak|p1b: Sneasler\n|-damage|p1b: Sneasler|69/100\n|move|p2a: Talonflame|Acrobatics|p1a: Incineroar\n|-damage|p1a: Incineroar|84/100\n|move|p1a: Incineroar|Parting Shot|p2b: Aegislash\n|-unboost|p2b: Aegislash|atk|1\n|-unboost|p2b: Aegislash|spa|1\n|\n|t:|1776290927\n|switch|p1a: Basculegion|Basculegion, L50, M|100/100|[from] Parting Shot\n|\n|upkeep\n|turn|4\n|\n|t:|1776290951\n|switch|p2b: Maushold|Maushold, L50|100/100\n|move|p2a: Talonflame|Acrobatics|p1b: Sneasler\n|-supereffective|p1b: Sneasler|1\n|-damage|p1b: Sneasler|7/100\n|move|p1a: Basculegion|Flip Turn|p2b: Maushold\n|-damage|p2b: Maushold|50/100\n|\n|t:|1776290960\n|switch|p1a: Incineroar|Incineroar, L50, M|84/100|[from] Flip Turn\n|-ability|p1a: Incineroar|Intimidate|boost\n|-unboost|p2a: Talonflame|atk|1\n|-unboost|p2b: Maushold|atk|1\n|move|p1b: Sneasler|Rock Tomb|p2a: Talonflame\n|-supereffective|p2a: Talonflame|2\n|-damage|p2a: Talonflame|0 fnt\n|faint|p2a: Talonflame\n|\n|upkeep\n|\n|t:|1776290975\n|switch|p2a: Floette|Floette-Eternal, L50, F, shiny|100/100\n|turn|5\n|\n|t:|1776290990\n|detailschange|p2a: Floette|Floette-Mega, L50, F, shiny\n|-mega|p2a: Floette|Floette|Floettite\n|-ability|p2a: Floette|Fairy Aura\n|move|p1a: Incineroar|Fake Out|p2a: Floette\n|-damage|p2a: Floette|92/100\n|move|p2b: Maushold|Follow Me|p2b: Maushold\n|-singleturn|p2b: Maushold|move: Follow Me\n|cant|p2a: Floette|flinch\n|move|p1b: Sneasler|Dire Claw|p2b: Maushold\n|-crit|p2b: Maushold\n|-damage|p2b: Maushold|0 fnt\n|faint|p2b: Maushold\n|\n|-sideend|p2: yukidagoatt|move: Tailwind\n|upkeep\n|\n|t:|1776291007\n|switch|p2b: Aegislash|Aegislash, L50, M|30/100\n|turn|6\n|\n|t:|1776291018\n|move|p1b: Sneasler|Protect|p1b: Sneasler\n|-singleturn|p1b: Sneasler|Protect\n|-formechange|p2b: Aegislash|Aegislash-Blade|\n|move|p2b: Aegislash|Shadow Sneak|p1b: Sneasler\n|-activate|p1b: Sneasler|move: Protect\n|move|p2a: Floette|Moonblast|p1a: Incineroar\n|-damage|p1a: Incineroar|24/100\n|-enditem|p1a: Incineroar|Sitrus Berry|[eat]\n|-heal|p1a: Incineroar|49/100|[from] item: Sitrus Berry\n|move|p1a: Incineroar|Parting Shot|p2a: Floette\n|-unboost|p2a: Floette|atk|1\n|-unboost|p2a: Floette|spa|1\n|\n|t:|1776291032\n|switch|p1a: Basculegion|Basculegion, L50, M|100/100|[from] Parting Shot\n|\n|upkeep\n|turn|7\n|\n|t:|1776291042\n|move|p2a: Floette|Protect|p2a: Floette\n|-singleturn|p2a: Floette|Protect\n|move|p2b: Aegislash|Shadow Sneak|p1a: Basculegion\n|-supereffective|p1a: Basculegion|1\n|-damage|p1a: Basculegion|20/100\n|move|p1a: Basculegion|Wave Crash|p2a: Floette\n|-activate|p2a: Floette|move: Protect\n|move|p1b: Sneasler|Dire Claw|p2a: Floette\n|-activate|p2a: Floette|move: Protect\n|\n|upkeep\n|turn|8\n|inactive|yukidagoatt has 30 seconds left.\n|\n|t:|1776291076\n|move|p2b: Aegislash|Shadow Sneak|p1b: Sneasler\n|-damage|p1b: Sneasler|0 fnt\n|faint|p1b: Sneasler\n|move|p1a: Basculegion|Wave Crash|p2a: Floette\n|-damage|p2a: Floette|3/100\n|-damage|p1a: Basculegion|0 fnt|[from] Recoil\n|faint|p1a: Basculegion\n|move|p2a: Floette|Dazzling Gleam|p1: Basculegion|[notarget]\n|-fail|p2a: Floette\n|\n|upkeep\n|\n|t:|1776291085\n|switch|p1b: Floette|Floette-Mega, L50, F|16/100\n|switch|p1a: Incineroar|Incineroar, L50, M|49/100\n|-ability|p1b: Floette|Fairy Aura\n|-ability|p1a: Incineroar|Intimidate|boost\n|-unboost|p2a: Floette|atk|1\n|-unboost|p2b: Aegislash|atk|1\n|turn|9\n|\n|t:|1776291099\n|move|p1b: Floette|Protect|p1b: Floette\n|-singleturn|p1b: Floette|Protect\n|move|p2a: Floette|Protect|p2a: Floette\n|-singleturn|p2a: Floette|Protect\n|-formechange|p2b: Aegislash|Aegislash|\n|move|p2b: Aegislash|King's Shield|p2b: Aegislash\n|-singleturn|p2b: Aegislash|Protect\n|move|p1a: Incineroar|Fake Out|p2a: Floette\n|-activate|p2a: Floette|move: Protect\n|\n|upkeep\n|turn|10\n|inactive|96091-J has 30 seconds left.\n|inactive|yukidagoatt has 30 seconds left.\n|\n|t:|1776291132\n|-formechange|p2b: Aegislash|Aegislash-Blade|\n|move|p2b: Aegislash|Shadow Sneak|p1b: Floette\n|-damage|p1b: Floette|0 fnt\n|faint|p1b: Floette\n|move|p2a: Floette|Moonblast|p1a: Incineroar\n|-damage|p1a: Incineroar|13/100\n|move|p1a: Incineroar|Flare Blitz|p2b: Aegislash\n|-supereffective|p2b: Aegislash|1\n|-damage|p2b: Aegislash|0 fnt\n|faint|p2b: Aegislash\n|-damage|p1a: Incineroar|5/100|[from] Recoil\n|\n|upkeep\n|turn|11\n|\n|t:|1776291152\n|move|p2a: Floette|Moonblast|p1a: Incineroar\n|-damage|p1a: Incineroar|0 fnt\n|faint|p1a: Incineroar\n|\n|win|yukidagoatt\n|raw|96091-J's rating: 1121 &rarr; <strong>1094</strong><br />(-27 for losing)\n|raw|yukidagoatt's rating: 1096 &rarr; <strong>1123</strong><br />(+27 for winning)\n|l|\u260696091-J\n|player|p1|\n",
  "uploadtime": 1776291159,
  "views": 26,
  "formatid": "gen9championsvgc2026regma",
  "rating": 1094,
  "private": 0,
  "password": null
}