{
  "id": "gen9championsvgc2026regma-2586608726",
  "format": "[Gen 9 Champions] VGC 2026 Reg M-A",
  "players": [
    "TesterDragon",
    "lalala231"
  ],
  "log": "|j|\u2606TesterDragon\n|j|\u2606lalala231\n|t:|1776446501\n|gametype|doubles\n|player|p1|TesterDragon|colress|1154\n|player|p2|lalala231|1|1176\n|gen|9\n|tier|[Gen 9 Champions] VGC 2026 Reg M-A\n|rated|\n|rule|Species Clause: Limit one of each Pok\u00e9mon\n|rule|Item Clause: Limit 1 of each item\n|clearpoke\n|poke|p1|Torkoal, L50, F|\n|poke|p1|Kingambit, L50, M|\n|poke|p1|Farigiraf, L50, M|\n|poke|p1|Venusaur, L50, M|\n|poke|p1|Golurk, L50|\n|poke|p1|Sneasler, L50, M|\n|poke|p2|Blastoise, L50, F|\n|poke|p2|Aerodactyl, L50, M|\n|poke|p2|Sinistcha-Masterpiece, L50|\n|poke|p2|Sylveon, L50, F|\n|poke|p2|Sneasler, L50, F|\n|poke|p2|Garchomp, L50, M|\n|teampreview|4\n|inactive|Battle timer is ON: inactive players will automatically lose when time's up. (requested by TesterDragon)\n|inactive|TesterDragon has 60 seconds left.\n|inactive|lalala231 has 60 seconds left.\n|\n|t:|1776446554\n|teamsize|p1|4\n|teamsize|p2|4\n|start\n|switch|p1a: Sneasler|Sneasler, L50, M|100/100\n|switch|p1b: Golurk|Golurk, L50|100/100\n|switch|p2a: Sneasler|Sneasler, L50, F|100/100\n|switch|p2b: Aerodactyl|Aerodactyl, L50, M|100/100\n|-ability|p2b: Aerodactyl|Unnerve\n|turn|1\n|inactive|TesterDragon has 30 seconds left.\n|inactive|lalala231 has 30 seconds left.\n|inactive|TesterDragon has 20 seconds left.\n|\n|t:|1776446593\n|switch|p2a: Blastoise|Blastoise, L50, F|100/100\n|detailschange|p1b: Golurk|Golurk-Mega, L50\n|-mega|p1b: Golurk|Golurk|Golurkite\n|move|p1a: Sneasler|Fake Out|p2b: Aerodactyl\n|-resisted|p2b: Aerodactyl|1\n|-damage|p2b: Aerodactyl|88/100\n|cant|p2b: Aerodactyl|flinch\n|move|p1b: Golurk|Headlong Rush|p2a: Blastoise\n|-damage|p2a: Blastoise|10/100\n|-unboost|p1b: Golurk|def|1\n|-unboost|p1b: Golurk|spd|1\n|\n|upkeep\n|turn|2\n|\n|t:|1776446612\n|switch|p1a: Venusaur|Venusaur, L50, M|100/100\n|detailschange|p2a: Blastoise|Blastoise-Mega, L50, F\n|-mega|p2a: Blastoise|Blastoise|Blastoisinite\n|move|p1b: Golurk|Protect|p1b: Golurk\n|-singleturn|p1b: Golurk|Protect\n|move|p2b: Aerodactyl|Tailwind|p2b: Aerodactyl\n|-sidestart|p2: lalala231|move: Tailwind\n|move|p2a: Blastoise|Dark Pulse|p1b: Golurk\n|-activate|p1b: Golurk|move: Protect\n|\n|upkeep\n|turn|3\n|\n|t:|1776446627\n|switch|p1b: Torkoal|Torkoal, L50, F|100/100\n|-weather|SunnyDay|[from] ability: Drought|[of] p1b: Torkoal\n|move|p2b: Aerodactyl|Dual Wingbeat|p1a: Venusaur\n|-supereffective|p1a: Venusaur|1\n|-damage|p1a: Venusaur|46/100\n|-supereffective|p1a: Venusaur|1\n|-damage|p1a: Venusaur|0 fnt\n|faint|p1a: Venusaur\n|-hitcount|p1: Venusaur|2\n|move|p2a: Blastoise|Dark Pulse|p1b: Torkoal\n|-damage|p1b: Torkoal|36/100\n|\n|-weather|SunnyDay|[upkeep]\n|upkeep\n|\n|t:|1776446635\n|switch|p1a: Sneasler|Sneasler, L50, M|100/100\n|turn|4\n|\n|t:|1776446650\n|move|p2a: Blastoise|Protect|p2a: Blastoise\n|-singleturn|p2a: Blastoise|Protect\n|move|p1a: Sneasler|Fake Out|p2b: Aerodactyl\n|-resisted|p2b: Aerodactyl|1\n|-damage|p2b: Aerodactyl|78/100\n|cant|p2b: Aerodactyl|flinch\n|move|p1b: Torkoal|Heat Wave|p2a: Blastoise|[spread] p2b\n|-activate|p2a: Blastoise|move: Protect\n|-resisted|p2b: Aerodactyl|1\n|-damage|p2b: Aerodactyl|34/100\n|\n|-weather|SunnyDay|[upkeep]\n|upkeep\n|turn|5\n|inactive|TesterDragon has 30 seconds left.\n|inactive|TesterDragon has 20 seconds left.\n|inactive|TesterDragon has 15 seconds left.\n|\n|t:|1776446693\n|move|p2b: Aerodactyl|Dual Wingbeat|p1a: Sneasler|[miss]\n|-miss|p2b: Aerodactyl|p1a: Sneasler\n|move|p2a: Blastoise|Dark Pulse|p1a: Sneasler\n|-resisted|p1a: Sneasler|1\n|-damage|p1a: Sneasler|71/100\n|move|p1a: Sneasler|Rock Slide|p2a: Blastoise|[spread] p2a,p2b\n|-supereffective|p2b: Aerodactyl|1\n|-damage|p2a: Blastoise|0 fnt\n|-damage|p2b: Aerodactyl|0 fnt\n|faint|p2a: Blastoise\n|faint|p2b: Aerodactyl\n|move|p1b: Torkoal|Heat Wave|p2: Blastoise|[notarget]\n|-fail|p1b: Torkoal\n|\n|-weather|SunnyDay|[upkeep]\n|-sideend|p2: lalala231|move: Tailwind\n|upkeep\n|\n|t:|1776446701\n|switch|p2b: Sneasler|Sneasler, L50, F|100/100\n|switch|p2a: Garchomp|Garchomp, L50, M|100/100\n|turn|6\n|\n|t:|1776446714\n|move|p2b: Sneasler|Protect|p2b: Sneasler\n|-singleturn|p2b: Sneasler|Protect\n|move|p2a: Garchomp|Earthquake|p1b: Torkoal|[spread] p1a,p1b\n|-activate|p2b: Sneasler|move: Protect\n|-supereffective|p1a: Sneasler|1\n|-supereffective|p1b: Torkoal|1\n|-damage|p1a: Sneasler|0 fnt\n|-damage|p1b: Torkoal|0 fnt\n|faint|p1a: Sneasler\n|faint|p1b: Torkoal\n|\n|-weather|SunnyDay|[upkeep]\n|upkeep\n|\n|t:|1776446721\n|switch|p1b: Golurk|Golurk-Mega, L50|100/100\n|turn|7\n|\n|t:|1776446741\n|move|p2b: Sneasler|Protect|p2b: Sneasler\n|-singleturn|p2b: Sneasler|Protect\n|move|p2a: Garchomp|Earthquake|p1b: Golurk|[spread] p1b\n|-activate|p2b: Sneasler|move: Protect\n|-damage|p1b: Golurk|65/100\n|move|p1b: Golurk|Ice Punch|p2a: Garchomp\n|-supereffective|p2a: Garchomp|2\n|-damage|p2a: Garchomp|0 fnt\n|-damage|p1b: Golurk|53/100|[from] ability: Rough Skin|[of] p2a: Garchomp\n|faint|p2a: Garchomp\n|\n|-weather|none\n|upkeep\n|turn|8\n|\n|t:|1776446756\n|move|p2b: Sneasler|Dire Claw|p1b: Golurk\n|-resisted|p1b: Golurk|2\n|-damage|p1b: Golurk|45/100\n|move|p1b: Golurk|Headlong Rush|p2b: Sneasler\n|-supereffective|p2b: Sneasler|1\n|-damage|p2b: Sneasler|0 fnt\n|-unboost|p1b: Golurk|def|1\n|-unboost|p1b: Golurk|spd|1\n|faint|p2b: Sneasler\n|\n|win|TesterDragon\n|raw|TesterDragon's rating: 1154 &rarr; <strong>1181</strong><br />(+27 for winning)\n|raw|lalala231's rating: 1176 &rarr; <strong>1149</strong><br />(-27 for losing)\n|l|\u2606lalala231\n|player|p2|\n|l|\u2606TesterDragon\n|player|p1|\n|j|\u2606TesterDragon\n|player|p1|TesterDragon|colress|\n",
  "uploadtime": 1776446799,
  "views": 27,
  "formatid": "gen9championsvgc2026regma",
  "rating": 1149,
  "private": 0,
  "password": null
}