{
  "id": "gen9championsvgc2026regma-2586225847",
  "format": "[Gen 9 Champions] VGC 2026 Reg M-A",
  "players": [
    "vgwilly",
    "jasonrfry"
  ],
  "log": "|j|\u2606vgwilly\n|j|\u2606jasonrfry\n|t:|1776414598\n|gametype|doubles\n|player|p1|vgwilly|266|1216\n|player|p2|jasonrfry|266|1297\n|gen|9\n|tier|[Gen 9 Champions] VGC 2026 Reg M-A\n|rated|\n|rule|Species Clause: Limit one of each Pok\u00e9mon\n|rule|Item Clause: Limit 1 of each item\n|clearpoke\n|poke|p1|Pelipper, L50, M|\n|poke|p1|Garchomp, L50, M|\n|poke|p1|Sinistcha, L50|\n|poke|p1|Archaludon, L50, F|\n|poke|p1|Starmie, L50|\n|poke|p1|Incineroar, L50, F|\n|poke|p2|Mimikyu, L50, M|\n|poke|p2|Meganium, L50, F|\n|poke|p2|Primarina, L50, F|\n|poke|p2|Sneasler, L50, F|\n|poke|p2|Torkoal, L50, M|\n|poke|p2|Kingambit, L50, M|\n|teampreview|4\n|inactive|Battle timer is ON: inactive players will automatically lose when time's up. (requested by jasonrfry)\n|inactive|vgwilly has 60 seconds left.\n|\n|t:|1776414671\n|teamsize|p1|4\n|teamsize|p2|4\n|start\n|switch|p1a: Pelipper|Pelipper, L50, M|100/100\n|switch|p1b: Starmie|Starmie, L50|100/100\n|switch|p2a: Mimikyu|Mimikyu, L50, M, shiny|100/100\n|switch|p2b: Kingambit|Kingambit, L50, M|100/100\n|-weather|RainDance|[from] ability: Drizzle|[of] p1a: Pelipper\n|turn|1\n|inactive|vgwilly has 30 seconds left.\n|inactive|vgwilly has 20 seconds left.\n|inactive|vgwilly has 15 seconds left.\n|inactive|vgwilly has 10 seconds left.\n|\n|t:|1776414717\n|move|p1b: Starmie|Protect|p1b: Starmie\n|-singleturn|p1b: Starmie|Protect\n|move|p2b: Kingambit|Protect|p2b: Kingambit\n|-singleturn|p2b: Kingambit|Protect\n|move|p1a: Pelipper|Weather Ball|p2b: Kingambit\n|-activate|p2b: Kingambit|move: Protect\n|move|p2a: Mimikyu|Trick Room|p2a: Mimikyu\n|-fieldstart|move: Trick Room|[of] p2a: Mimikyu\n|\n|-weather|RainDance|[upkeep]\n|upkeep\n|turn|2\n|\n|t:|1776414740\n|switch|p1b: Archaludon|Archaludon, L50, F|100/100\n|move|p2b: Kingambit|Kowtow Cleave|p1a: Pelipper\n|-damage|p1a: Pelipper|21/100\n|move|p2a: Mimikyu|Curse|p1a: Pelipper\n|-start|p1a: Pelipper|Curse|[of] p2a: Mimikyu\n|-damage|p2a: Mimikyu|50/100\n|move|p1a: Pelipper|Weather Ball|p2b: Kingambit\n|-damage|p2b: Kingambit|38/100\n|\n|-weather|RainDance|[upkeep]\n|-damage|p1a: Pelipper|0 fnt|[from] Curse\n|faint|p1a: Pelipper\n|upkeep\n|\n|t:|1776414758\n|switch|p1a: Sinistcha|Sinistcha, L50|100/100\n|turn|3\n|\n|t:|1776414776\n|move|p2b: Kingambit|Kowtow Cleave|p1a: Sinistcha\n|-supereffective|p1a: Sinistcha|1\n|-damage|p1a: Sinistcha|0 fnt\n|faint|p1a: Sinistcha\n|move|p2a: Mimikyu|Curse|p1b: Archaludon\n|-start|p1b: Archaludon|Curse|[of] p2a: Mimikyu\n|-damage|p2a: Mimikyu|0 fnt\n|faint|p2a: Mimikyu\n|move|p1b: Archaludon|Electro Shot||[still]\n|-prepare|p1b: Archaludon|Electro Shot\n|-boost|p1b: Archaludon|spa|1\n|-anim|p1b: Archaludon|Electro Shot|p2b: Kingambit\n|-crit|p2b: Kingambit\n|-damage|p2b: Kingambit|0 fnt\n|faint|p2b: Kingambit\n|\n|-weather|RainDance|[upkeep]\n|-damage|p1b: Archaludon|76/100|[from] Curse\n|upkeep\n|\n|t:|1776414794\n|switch|p2b: Meganium|Meganium, L50, F|100/100\n|switch|p1a: Starmie|Starmie, L50|100/100\n|switch|p2a: Primarina|Primarina, L50, F, shiny|100/100\n|turn|4\n|\n|t:|1776414821\n|detailschange|p2b: Meganium|Meganium-Mega, L50, F\n|-mega|p2b: Meganium|Meganium|Meganiumite\n|move|p1a: Starmie|Protect|p1a: Starmie\n|-singleturn|p1a: Starmie|Protect\n|move|p2a: Primarina|Moonblast|p1b: Archaludon\n|-damage|p1b: Archaludon|14/100\n|-ability|p1b: Archaludon|Stamina|boost\n|-boost|p1b: Archaludon|def|1\n|move|p2b: Meganium|Weather Ball|p1b: Archaludon\n|-damage|p1b: Archaludon|0 fnt\n|faint|p1b: Archaludon\n|\n|-weather|RainDance|[upkeep]\n|upkeep\n|turn|5\n|\n|t:|1776414836\n|move|p1a: Starmie|Protect||[still]\n|-fail|p1a: Starmie\n|move|p2a: Primarina|Moonblast|p1a: Starmie\n|-damage|p1a: Starmie|24/100\n|move|p2b: Meganium|Solar Beam||[still]\n|-prepare|p2b: Meganium|Solar Beam\n|-activate|p2b: Meganium|ability: Mega Sol\n|-anim|p2b: Meganium|Solar Beam|p1a: Starmie\n|-supereffective|p1a: Starmie|1\n|-damage|p1a: Starmie|0 fnt\n|faint|p1a: Starmie\n|\n|win|jasonrfry\n|raw|vgwilly's rating: 1216 &rarr; <strong>1197</strong><br />(-19 for losing)\n|raw|jasonrfry's rating: 1297 &rarr; <strong>1316</strong><br />(+19 for winning)\n|l|\u2606vgwilly\n|player|p1|\n",
  "uploadtime": 1776414849,
  "views": 17,
  "formatid": "gen9championsvgc2026regma",
  "rating": 1197,
  "private": 0,
  "password": null
}