{
  "id": "gen9championsvgc2026regma-2582742358",
  "format": "[Gen 9 Champions] VGC 2026 Reg M-A",
  "players": [
    "1%ofGamblers",
    "ElQTCuento"
  ],
  "log": "|j|\u26061%ofGamblers\n|j|\u2606ElQTCuento\n|t:|1776110969\n|gametype|doubles\n|player|p1|1%ofGamblers|170|1136\n|player|p2|ElQTCuento|170|1077\n|gen|9\n|tier|[Gen 9 Champions] VGC 2026 Reg M-A\n|rated|\n|rule|Species Clause: Limit one of each Pok\u00e9mon\n|rule|Item Clause: Limit 1 of each item\n|clearpoke\n|poke|p1|Garchomp, L50, F|\n|poke|p1|Tyranitar, L50, F|\n|poke|p1|Aerodactyl, L50, F|\n|poke|p1|Rotom-Wash, L50|\n|poke|p1|Sneasler, L50, F|\n|poke|p1|Excadrill, L50, F|\n|poke|p2|Kingambit, L50, M|\n|poke|p2|Maushold-Four, L50|\n|poke|p2|Charizard, L50, F|\n|poke|p2|Sneasler, L50, F|\n|poke|p2|Garchomp, L50, M|\n|poke|p2|Dragapult, L50, M|\n|teampreview|4\n|inactive|Battle timer is ON: inactive players will automatically lose when time's up. (requested by 1%ofGamblers)\n|\n|t:|1776111048\n|teamsize|p1|4\n|teamsize|p2|4\n|start\n|switch|p1a: Sneasler|Sneasler, L50, F|100/100\n|switch|p1b: Rotom|Rotom-Wash, L50|100/100\n|switch|p2a: Sneasler|Sneasler, L50, F|100/100\n|switch|p2b: Dragapult|Dragapult, L50, M|100/100\n|turn|1\n|inactive|ElQTCuento has 30 seconds left.\n|inactive|1%ofGamblers has 30 seconds left.\n|inactive|ElQTCuento has 20 seconds left.\n|inactive|1%ofGamblers has 20 seconds left.\n|inactive|ElQTCuento has 15 seconds left.\n|\n|t:|1776111091\n|move|p2a: Sneasler|Fake Out|p1a: Sneasler\n|-damage|p1a: Sneasler|76/100\n|cant|p1a: Sneasler|flinch\n|move|p2b: Dragapult|Psychic Fangs|p1a: Sneasler\n|-supereffective|p1a: Sneasler|2\n|-damage|p1a: Sneasler|0 fnt\n|faint|p1a: Sneasler\n|move|p1b: Rotom|Will-O-Wisp|p2b: Dragapult\n|-status|p2b: Dragapult|brn\n|-enditem|p2b: Dragapult|Lum Berry|[eat]\n|-curestatus|p2b: Dragapult|brn|[msg]\n|\n|upkeep\n|\n|t:|1776111104\n|switch|p1a: Tyranitar|Tyranitar, L50, F|100/100\n|-weather|Sandstorm|[from] ability: Sand Stream|[of] p1a: Tyranitar\n|turn|2\n|inactive|ElQTCuento has 30 seconds left.\n|inactive|ElQTCuento has 20 seconds left.\n|inactive|ElQTCuento has 15 seconds left.\n|inactive|ElQTCuento has 10 seconds left.\n|\n|t:|1776111151\n|move|p1a: Tyranitar|Protect|p1a: Tyranitar\n|-singleturn|p1a: Tyranitar|Protect\n|move|p2b: Dragapult|Shadow Ball|p1b: Rotom\n|-damage|p1b: Rotom|60/100\n|move|p2a: Sneasler|Close Combat|p1a: Tyranitar\n|-activate|p1a: Tyranitar|move: Protect\n|move|p1b: Rotom|Will-O-Wisp|p2a: Sneasler\n|-status|p2a: Sneasler|brn\n|\n|-weather|Sandstorm|[upkeep]\n|-damage|p2b: Dragapult|94/100|[from] Sandstorm\n|-damage|p2a: Sneasler|95/100 brn|[from] Sandstorm\n|-damage|p1b: Rotom|54/100|[from] Sandstorm\n|-heal|p1b: Rotom|60/100|[from] item: Leftovers\n|-damage|p2a: Sneasler|89/100 brn|[from] brn\n|upkeep\n|turn|3\n|inactive|ElQTCuento has 30 seconds left.\n|inactive|ElQTCuento has 20 seconds left.\n|inactive|ElQTCuento has 15 seconds left.\n|\n|t:|1776111191\n|move|p2b: Dragapult|Shadow Ball|p1a: Tyranitar\n|-resisted|p1a: Tyranitar|1\n|-damage|p1a: Tyranitar|91/100\n|move|p2a: Sneasler|Close Combat|p1a: Tyranitar\n|-supereffective|p1a: Tyranitar|2\n|-enditem|p1a: Tyranitar|Chople Berry|[eat]\n|-enditem|p1a: Tyranitar|Chople Berry|[weaken]\n|-damage|p1a: Tyranitar|40/100\n|-unboost|p2a: Sneasler|def|1\n|-unboost|p2a: Sneasler|spd|1\n|move|p1b: Rotom|Volt Switch|p2a: Sneasler\n|-damage|p2a: Sneasler|26/100 brn\n|\n|t:|1776111203\n|switch|p1b: Excadrill|Excadrill, L50, F|100/100|[from] Volt Switch\n|move|p1a: Tyranitar|Knock Off|p2b: Dragapult\n|-supereffective|p2b: Dragapult|1\n|-damage|p2b: Dragapult|4/100\n|\n|-weather|Sandstorm|[upkeep]\n|-damage|p2b: Dragapult|0 fnt|[from] Sandstorm\n|-damage|p2a: Sneasler|20/100 brn|[from] Sandstorm\n|faint|p2b: Dragapult\n|-damage|p2a: Sneasler|15/100 brn|[from] brn\n|upkeep\n|inactive|ElQTCuento has 30 seconds left.\n|inactive|ElQTCuento has 20 seconds left.\n|inactive|ElQTCuento has 15 seconds left.\n|inactive|ElQTCuento has 10 seconds left.\n|\n|t:|1776111249\n|switch|p2b: Garchomp|Garchomp, L50, M|100/100\n|turn|4\n|inactive|1%ofGamblers has 30 seconds left.\n|inactive|1%ofGamblers has 20 seconds left.\n|inactive|1%ofGamblers has 15 seconds left.\n|\n|t:|1776111293\n|move|p1a: Tyranitar|Protect|p1a: Tyranitar\n|-singleturn|p1a: Tyranitar|Protect\n|move|p1b: Excadrill|High Horsepower|p2b: Garchomp\n|-damage|p2b: Garchomp|43/100\n|-damage|p1b: Excadrill|88/100|[from] ability: Rough Skin|[of] p2b: Garchomp\n|move|p2b: Garchomp|Stomping Tantrum|p1b: Excadrill\n|-supereffective|p1b: Excadrill|1\n|-damage|p1b: Excadrill|0 fnt\n|faint|p1b: Excadrill\n|move|p2a: Sneasler|Close Combat|p1a: Tyranitar\n|-activate|p1a: Tyranitar|move: Protect\n|\n|-weather|Sandstorm|[upkeep]\n|-damage|p2a: Sneasler|9/100 brn|[from] Sandstorm\n|-damage|p2a: Sneasler|3/100 brn|[from] brn\n|upkeep\n|\n|t:|1776111310\n|switch|p1b: Rotom|Rotom-Wash, L50|60/100\n|turn|5\n|\n|t:|1776111332\n|move|p1a: Tyranitar|Protect||[still]\n|-fail|p1a: Tyranitar\n|move|p2b: Garchomp|Stomping Tantrum|p1a: Tyranitar\n|-supereffective|p1a: Tyranitar|1\n|-damage|p1a: Tyranitar|0 fnt\n|faint|p1a: Tyranitar\n|move|p2a: Sneasler|Dire Claw|p1b: Rotom\n|-damage|p1b: Rotom|36/100\n|move|p1b: Rotom|Hydro Pump|p2b: Garchomp\n|-damage|p2b: Garchomp|0 fnt\n|faint|p2b: Garchomp\n|\n|-weather|Sandstorm|[upkeep]\n|-damage|p2a: Sneasler|0 fnt|[from] Sandstorm\n|-damage|p1b: Rotom|30/100|[from] Sandstorm\n|faint|p2a: Sneasler\n|-heal|p1b: Rotom|36/100|[from] item: Leftovers\n|upkeep\n|\n|t:|1776111354\n|switch|p2b: Maushold|Maushold-Four, L50|100/100\n|turn|6\n|\n|t:|1776111365\n|move|p2b: Maushold|Super Fang|p1b: Rotom\n|-damage|p1b: Rotom|19/100\n|move|p1b: Rotom|Hydro Pump|p2b: Maushold|[miss]\n|-miss|p1b: Rotom|p2b: Maushold\n|\n|-weather|none\n|-heal|p1b: Rotom|25/100|[from] item: Leftovers\n|upkeep\n|turn|7\n|\n|t:|1776111376\n|move|p2b: Maushold|Super Fang|p1b: Rotom\n|-damage|p1b: Rotom|13/100\n|move|p1b: Rotom|Hydro Pump|p2b: Maushold\n|-damage|p2b: Maushold|32/100\n|\n|-heal|p1b: Rotom|19/100|[from] item: Leftovers\n|upkeep\n|turn|8\n|\n|t:|1776111385\n|move|p2b: Maushold|Protect|p2b: Maushold\n|-singleturn|p2b: Maushold|Protect\n|move|p1b: Rotom|Hydro Pump|p2b: Maushold\n|-activate|p2b: Maushold|move: Protect\n|\n|-heal|p1b: Rotom|25/100|[from] item: Leftovers\n|upkeep\n|turn|9\n|\n|t:|1776111395\n|move|p2b: Maushold|Protect|p2b: Maushold\n|-singleturn|p2b: Maushold|Protect\n|move|p1b: Rotom|Volt Switch|p2b: Maushold\n|-activate|p2b: Maushold|move: Protect\n|\n|-heal|p1b: Rotom|31/100|[from] item: Leftovers\n|upkeep\n|turn|10\n|\n|t:|1776111408\n|move|p2b: Maushold|Super Fang|p1b: Rotom\n|-damage|p1b: Rotom|16/100\n|move|p1b: Rotom|Volt Switch|p2b: Maushold\n|-damage|p2b: Maushold|0 fnt\n|faint|p2b: Maushold\n|\n|win|1%ofGamblers\n|raw|1%ofGamblers's rating: 1136 &rarr; <strong>1157</strong><br />(+21 for winning)\n|raw|ElQTCuento's rating: 1077 &rarr; <strong>1059</strong><br />(-18 for losing)\n|l|\u2606ElQTCuento\n|player|p2|\n|l|\u26061%ofGamblers\n|player|p1|\n|j|\u26061%ofGamblers\n|player|p1|1%ofGamblers|170|\n",
  "uploadtime": 1776111536,
  "views": 24,
  "formatid": "gen9championsvgc2026regma",
  "rating": 1059,
  "private": 0,
  "password": null
}