{
  "id": "gen9championsvgc2026regma-2587047422",
  "format": "[Gen 9 Champions] VGC 2026 Reg M-A",
  "players": [
    "lucienflash",
    "AlmondsVGC"
  ],
  "log": "|j|\u2606lucienflash\n|j|\u2606AlmondsVGC\n|html|<table width=\"100%\"><tr><td align=\"left\">lucienflash</td><td align=\"right\">AlmondsVGC</tr><tr><td align=\"left\"><i class=\"fa fa-circle-o\"></i> <i class=\"fa fa-circle-o\"></i> </td><td align=\"right\"><i class=\"fa fa-circle-o\"></i> <i class=\"fa fa-circle-o\"></i> </tr></table>\n|uhtml|bestof|<h2><strong>Game 1</strong> of <a href=\"/game-bestof3-gen9championsvgc2026regma-2587047421\">a best-of-3</a></h2>\n|t:|1776486504\n|gametype|doubles\n|player|p1|lucienflash|102|\n|player|p2|AlmondsVGC|266|\n|gen|9\n|tier|[Gen 9 Champions] VGC 2026 Reg M-A\n|rule|Species Clause: Limit one of each Pok\u00e9mon\n|rule|Item Clause: Limit 1 of each item\n|raw|<div class=\"infobox\"><details class=\"readmore\" open><summary><strong>1 custom rule:</strong></summary> Best of = 3</details></div>\n|clearpoke\n|poke|p1|Charizard, L50, M|\n|poke|p1|Dragonite, L50, F|\n|poke|p1|Blastoise, L50, F|\n|poke|p1|Ditto, L50|\n|poke|p1|Arcanine, L50, F|\n|poke|p1|Kangaskhan, L50, F|\n|poke|p2|Gengar, L50, M|\n|poke|p2|Hydreigon, L50, M|\n|poke|p2|Primarina, L50, M|\n|poke|p2|Incineroar, L50, M|\n|poke|p2|Snorlax, L50, M|\n|poke|p2|Farigiraf, L50, M|\n|teampreview|4\nAlmondsVGC rejected open team sheets.\n|c|\u2606lucienflash|Glhf\n|c|\u2606AlmondsVGC|glhf\n|\n|t:|1776486563\n|teamsize|p1|4\n|teamsize|p2|4\n|start\n|switch|p1a: Blastoise|Blastoise, L50, F|100/100\n|switch|p1b: Kangaskhan|Kangaskhan, L50, F|100/100\n|switch|p2a: Hydreigon|Hydreigon, L50, M|100/100\n|switch|p2b: Farigiraf|Farigiraf, L50, M|100/100\n|turn|1\n|\n|t:|1776486598\n|switch|p1b: Ditto|Ditto, L50|100/100\n|-transform|p1b: Ditto|p2a: Hydreigon|[from] ability: Imposter\n|move|p2a: Hydreigon|Draco Meteor|p1a: Blastoise\n|-damage|p1a: Blastoise|27/100\n|-unboost|p2a: Hydreigon|spa|2\n|move|p1a: Blastoise|Dark Pulse|p2b: Farigiraf\n|-supereffective|p2b: Farigiraf|1\n|-damage|p2b: Farigiraf|52/100\n|cant|p2b: Farigiraf|flinch\n|\n|upkeep\n|turn|2\n|\n|t:|1776486629\n|switch|p1a: Kangaskhan|Kangaskhan, L50, F|100/100\n|move|p2b: Farigiraf|Protect|p2b: Farigiraf\n|-singleturn|p2b: Farigiraf|Protect\n|move|p2a: Hydreigon|Draco Meteor|p1b: Ditto\n|-supereffective|p1b: Ditto|1\n|-damage|p1b: Ditto|11/100\n|-unboost|p2a: Hydreigon|spa|2\n|move|p1b: Ditto|Dark Pulse|p2b: Farigiraf\n|-activate|p2b: Farigiraf|move: Protect\n|\n|upkeep\n|turn|3\n|\n|t:|1776486648\n|switch|p1a: Blastoise|Blastoise, L50, F|27/100\n|move|p2a: Hydreigon|Draco Meteor|p1b: Ditto\n|-supereffective|p1b: Ditto|1\n|-damage|p1b: Ditto|0 fnt\n|-unboost|p2a: Hydreigon|spa|2\n|faint|p1b: Ditto\n|move|p2b: Farigiraf|Trick Room|p2b: Farigiraf\n|-fieldstart|move: Trick Room|[of] p2b: Farigiraf\n|\n|upkeep\n|\n|t:|1776486655\n|switch|p1b: Charizard|Charizard, L50, M|100/100\n|turn|4\n|\n|t:|1776486666\n|switch|p2a: Primarina|Primarina, L50, M|100/100\n|detailschange|p1b: Charizard|Charizard-Mega-X, L50, M\n|-mega|p1b: Charizard|Charizard|Charizardite X\n|move|p2b: Farigiraf|Psychic|p1a: Blastoise\n|-damage|p1a: Blastoise|0 fnt\n|faint|p1a: Blastoise\n|move|p1b: Charizard|Heat Wave|p2a: Primarina|[spread] p2b\n|-miss|p1b: Charizard|p2a: Primarina\n|-damage|p2b: Farigiraf|6/100\n|-enditem|p2b: Farigiraf|Sitrus Berry|[eat]\n|-heal|p2b: Farigiraf|30/100|[from] item: Sitrus Berry\n|\n|upkeep\n|\n|t:|1776486670\n|switch|p1a: Kangaskhan|Kangaskhan, L50, F|100/100\n|turn|5\n|\n|t:|1776486710\n|move|p1a: Kangaskhan|Fake Out||[still]\n|cant|p2b: Farigiraf|ability: Armor Tail|Fake Out|[of] p1a: Kangaskhan\n|move|p2a: Primarina|Perish Song|p2a: Primarina\n|-start|p1a: Kangaskhan|perish3|[silent]\n|-start|p1b: Charizard|perish3|[silent]\n|-start|p2a: Primarina|perish3|[silent]\n|-start|p2b: Farigiraf|perish3|[silent]\n|-fieldactivate|move: Perish Song\n|move|p2b: Farigiraf|Wish|p2b: Farigiraf\n|move|p1b: Charizard|Heat Wave|p2a: Primarina|[spread] p2a,p2b\n|-resisted|p2a: Primarina|1\n|-damage|p2a: Primarina|85/100\n|-damage|p2b: Farigiraf|0 fnt\n|faint|p2b: Farigiraf\n|\n|-heal|p2a: Primarina|91/100|[from] item: Leftovers\n|-start|p2a: Primarina|perish3\n|-start|p1a: Kangaskhan|perish3\n|-start|p1b: Charizard|perish3\n|upkeep\n|\n|t:|1776486719\n|switch|p2b: Snorlax|Snorlax, L50, M|100/100\n|turn|6\n|\n|t:|1776486736\n|move|p2b: Snorlax|Double-Edge|p1a: Kangaskhan\n|-damage|p1a: Kangaskhan|31/100\n|-damage|p2b: Snorlax|82/100|[from] Recoil\n|move|p2a: Primarina|Moonblast|p1a: Kangaskhan\n|-damage|p1a: Kangaskhan|0 fnt\n|faint|p1a: Kangaskhan\n|move|p1b: Charizard|Heat Wave|p2b: Snorlax|[spread] p2a\n|-miss|p1b: Charizard|p2b: Snorlax\n|-resisted|p2a: Primarina|1\n|-damage|p2a: Primarina|73/100\n|\n|-heal|p2b: Snorlax|100/100|[from] move: Wish|[wisher] Farigiraf\n|-heal|p2a: Primarina|79/100|[from] item: Leftovers\n|-start|p2a: Primarina|perish2\n|-start|p1b: Charizard|perish2\n|upkeep\n|turn|7\n|\n|t:|1776486749\n|move|p2b: Snorlax|Double-Edge|p1b: Charizard\n|-damage|p1b: Charizard|40/100\n|-damage|p2b: Snorlax|87/100|[from] Recoil\n|move|p2a: Primarina|Moonblast|p1b: Charizard\n|-damage|p1b: Charizard|0 fnt\n|faint|p1b: Charizard\n|\n|win|AlmondsVGC\n||lucienflash is ready for game 2.\n||AlmondsVGC is ready for game 2.\n|uhtml|next|Next: <a href=\"/battle-gen9championsvgc2026regma-2587049332\"><strong>Game 2 of 3</strong></a>\n|l|\u2606lucienflash\n|player|p1|\n",
  "uploadtime": 1776487450,
  "views": 25,
  "formatid": "gen9championsvgc2026regma",
  "rating": null,
  "private": 0,
  "password": null
}