{
  "id": "gen9championsvgc2026regma-2587189365",
  "format": "[Gen 9 Champions] VGC 2026 Reg M-A",
  "players": [
    "Reubz123",
    "HeartRange"
  ],
  "log": "|j|\u2606Reubz123\n|j|\u2606HeartRange\n|t:|1776506455\n|gametype|doubles\n|player|p1|Reubz123|169|1079\n|player|p2|HeartRange|1|1160\n|gen|9\n|tier|[Gen 9 Champions] VGC 2026 Reg M-A\n|rated|\n|rule|Species Clause: Limit one of each Pok\u00e9mon\n|rule|Item Clause: Limit 1 of each item\n|clearpoke\n|poke|p1|Archaludon, L50, M|\n|poke|p1|Pelipper, L50, M|\n|poke|p1|Sneasler, L50, F|\n|poke|p1|Incineroar, L50, F|\n|poke|p1|Basculegion, L50, M|\n|poke|p1|Meganium, L50, M|\n|poke|p2|Greninja, L50, F|\n|poke|p2|Incineroar, L50, F|\n|poke|p2|Aegislash, L50, M|\n|poke|p2|Chesnaught, L50, F|\n|poke|p2|Whimsicott, L50, F|\n|poke|p2|Pelipper, L50, F|\n|teampreview|4\n|inactive|Battle timer is ON: inactive players will automatically lose when time's up. (requested by HeartRange)\n|\n|t:|1776506497\n|teamsize|p1|4\n|teamsize|p2|4\n|start\n|switch|p1a: Incineroar|Incineroar, L50, F|100/100\n|switch|p1b: Meganium|Meganium, L50, M|100/100\n|switch|p2a: Greninja|Greninja, L50, F|100/100\n|switch|p2b: Aegislash|Aegislash, L50, M|100/100\n|-ability|p1a: Incineroar|Intimidate|boost\n|-unboost|p2a: Greninja|atk|1\n|-unboost|p2b: Aegislash|atk|1\n|turn|1\n|\n|t:|1776506522\n|switch|p2a: Incineroar|Incineroar, L50, F|100/100\n|-ability|p2a: Incineroar|Intimidate|boost\n|-unboost|p1a: Incineroar|atk|1\n|-unboost|p1b: Meganium|atk|1\n|detailschange|p1b: Meganium|Meganium-Mega, L50, M\n|-mega|p1b: Meganium|Meganium|Meganiumite\n|move|p1a: Incineroar|Fake Out|p2a: Incineroar\n|-damage|p2a: Incineroar|93/100\n|move|p1b: Meganium|Dazzling Gleam|p2a: Incineroar|[spread] p2a,p2b\n|-resisted|p2b: Aegislash|1\n|-crit|p2b: Aegislash\n|-damage|p2a: Incineroar|69/100\n|-damage|p2b: Aegislash|81/100\n|move|p2b: Aegislash|Swords Dance|p2b: Aegislash\n|-boost|p2b: Aegislash|atk|2\n|\n|upkeep\n|turn|2\n|\n|t:|1776506542\n|switch|p1b: Archaludon|Archaludon, L50, M|100/100\n|move|p2a: Incineroar|Fake Out|p1b: Archaludon\n|-resisted|p1b: Archaludon|1\n|-damage|p1b: Archaludon|96/100\n|-ability|p1b: Archaludon|Stamina|boost\n|-boost|p1b: Archaludon|def|1\n|move|p1a: Incineroar|Parting Shot|p2b: Aegislash\n|-unboost|p2b: Aegislash|atk|1\n|-unboost|p2b: Aegislash|spa|1\n|\n|t:|1776506553\n|switch|p1a: Pelipper|Pelipper, L50, M|100/100|[from] Parting Shot\n|-weather|RainDance|[from] ability: Drizzle|[of] p1a: Pelipper\n|move|p2b: Aegislash|Swords Dance|p2b: Aegislash\n|-boost|p2b: Aegislash|atk|2\n|\n|-weather|RainDance|[upkeep]\n|-heal|p1b: Archaludon|100/100|[from] item: Leftovers\n|upkeep\n|turn|3\n|\n|t:|1776506569\n|switch|p2a: Chesnaught|Chesnaught, L50, F|100/100\n|move|p2b: Aegislash|King's Shield|p2b: Aegislash\n|-singleturn|p2b: Aegislash|Protect\n|move|p1a: Pelipper|Tailwind|p1a: Pelipper\n|-sidestart|p1: Reubz123|move: Tailwind\n|move|p1b: Archaludon|Electro Shot||[still]\n|-prepare|p1b: Archaludon|Electro Shot\n|-boost|p1b: Archaludon|spa|1\n|-anim|p1b: Archaludon|Electro Shot|p2a: Chesnaught\n|-resisted|p2a: Chesnaught|1\n|-damage|p2a: Chesnaught|73/100\n|\n|-weather|RainDance|[upkeep]\n|-heal|p2a: Chesnaught|79/100|[from] item: Leftovers\n|upkeep\n|turn|4\n|inactive|HeartRange has 30 seconds left.\n|\n|t:|1776506603\n|move|p1a: Pelipper|Weather Ball|p2b: Aegislash\n|-damage|p2b: Aegislash|30/100\n|move|p1b: Archaludon|Electro Shot||[still]\n|-prepare|p1b: Archaludon|Electro Shot\n|-boost|p1b: Archaludon|spa|1\n|-anim|p1b: Archaludon|Electro Shot|p2b: Aegislash\n|-damage|p2b: Aegislash|0 fnt\n|faint|p2b: Aegislash\n|move|p2a: Chesnaught|Leech Seed|p1b: Archaludon\n|-start|p1b: Archaludon|move: Leech Seed\n|\n|-weather|RainDance|[upkeep]\n|-heal|p2a: Chesnaught|85/100|[from] item: Leftovers\n|-damage|p1b: Archaludon|88/100|[from] Leech Seed|[of] p2a: Chesnaught\n|-heal|p2a: Chesnaught|97/100|[silent]\n|upkeep\n|\n|t:|1776506617\n|switch|p2b: Greninja|Greninja, L50, F|100/100\n|turn|5\n|\n|t:|1776506632\n|move|p2b: Greninja|Protect|p2b: Greninja\n|-start|p2b: Greninja|typechange|Normal|[from] ability: Protean\n|-singleturn|p2b: Greninja|Protect\n|move|p1a: Pelipper|Hurricane|p2a: Chesnaught\n|-supereffective|p2a: Chesnaught|2\n|-damage|p2a: Chesnaught|0 fnt\n|faint|p2a: Chesnaught\n|move|p1b: Archaludon|Electro Shot||[still]\n|-prepare|p1b: Archaludon|Electro Shot\n|-boost|p1b: Archaludon|spa|1\n|-anim|p1b: Archaludon|Electro Shot|p2b: Greninja\n|-activate|p2b: Greninja|move: Protect\n|\n|-weather|RainDance|[upkeep]\n|-heal|p1b: Archaludon|94/100|[from] item: Leftovers\n|upkeep\n|\n|t:|1776506642\n|switch|p2a: Incineroar|Incineroar, L50, F|69/100\n|-ability|p2a: Incineroar|Intimidate|boost\n|-unboost|p1a: Pelipper|atk|1\n|-unboost|p1b: Archaludon|atk|1\n|turn|6\n|\n|t:|1776506662\n|switch|p1a: Incineroar|Incineroar, L50, F|100/100\n|-ability|p1a: Incineroar|Intimidate|boost\n|-unboost|p2a: Incineroar|atk|1\n|-unboost|p2b: Greninja|atk|1\n|detailschange|p2b: Greninja|Greninja-Mega, L50, F\n|-mega|p2b: Greninja|Greninja|Greninjite\n|move|p1b: Archaludon|Protect|p1b: Archaludon\n|-singleturn|p1b: Archaludon|Protect\n|move|p2a: Incineroar|Fake Out|p1b: Archaludon\n|-activate|p1b: Archaludon|move: Protect\n|move|p2b: Greninja|Ice Beam|p1b: Archaludon\n|-start|p2b: Greninja|typechange|Ice|[from] ability: Protean\n|-activate|p1b: Archaludon|move: Protect\n|\n|-weather|none\n|-heal|p1b: Archaludon|100/100|[from] item: Leftovers\n|-damage|p1b: Archaludon|88/100|[from] Leech Seed|[of] p2a: Incineroar\n|-heal|p2a: Incineroar|81/100|[silent]\n|-sideend|p1: Reubz123|move: Tailwind\n|upkeep\n|turn|7\n|\n|t:|1776506680\n|move|p2b: Greninja|Protect|p2b: Greninja\n|-singleturn|p2b: Greninja|Protect\n|move|p1a: Incineroar|Fake Out|p2b: Greninja\n|-activate|p2b: Greninja|move: Protect\n|move|p1b: Archaludon|Draco Meteor|p2a: Incineroar\n|-damage|p2a: Incineroar|0 fnt\n|-unboost|p1b: Archaludon|spa|2\n|faint|p2a: Incineroar\n|\n|-heal|p1b: Archaludon|94/100|[from] item: Leftovers\n|upkeep\n|turn|8\n|c|\u2606Reubz123|gg\n|\n|t:|1776506692\n|move|p2b: Greninja|Ice Beam|p1b: Archaludon\n|-damage|p1b: Archaludon|46/100\n|-ability|p1b: Archaludon|Stamina|boost\n|-boost|p1b: Archaludon|def|1\n|move|p1b: Archaludon|Flash Cannon|p2b: Greninja\n|-supereffective|p2b: Greninja|1\n|-damage|p2b: Greninja|0 fnt\n|faint|p2b: Greninja\n|\n|win|Reubz123\n|raw|Reubz123's rating: 1079 &rarr; <strong>1114</strong><br />(+35 for winning)\n|raw|HeartRange's rating: 1160 &rarr; <strong>1129</strong><br />(-31 for losing)\n",
  "uploadtime": 1776506694,
  "views": 20,
  "formatid": "gen9championsvgc2026regma",
  "rating": 1114,
  "private": 0,
  "password": null
}