{
  "id": "gen9championsvgc2026regma-2580725226",
  "format": "[Gen 9 Champions] VGC 2026 Reg M-A",
  "players": [
    "RazzvyBerry",
    "Marcshreif"
  ],
  "log": "|j|\u2606RazzvyBerry\n|j|\u2606Marcshreif\n|t:|1775927390\n|gametype|doubles\n|player|p1|RazzvyBerry|harlequin|1179\n|player|p2|Marcshreif|101|1094\n|gen|9\n|tier|[Gen 9 Champions] VGC 2026 Reg M-A\n|rated|\n|rule|Species Clause: Limit one of each Pok\u00e9mon\n|rule|Item Clause: Limit 1 of each item\n|clearpoke\n|poke|p1|Azumarill, L50, M|\n|poke|p1|Froslass, L50, F|\n|poke|p1|Sinistcha, L50|\n|poke|p1|Incineroar, L50, M|\n|poke|p1|Sneasler, L50, M|\n|poke|p1|Maushold, L50|\n|poke|p2|Floette-Eternal, L50, F|\n|poke|p2|Incineroar, L50, F|\n|poke|p2|Talonflame, L50, M|\n|poke|p2|Sinistcha, L50|\n|poke|p2|Garchomp, L50, F|\n|poke|p2|Rotom-Wash, L50|\n|teampreview|4\n|inactive|Battle timer is ON: inactive players will automatically lose when time's up. (requested by Marcshreif)\n|\n|t:|1775927439\n|teamsize|p1|4\n|teamsize|p2|4\n|start\n|switch|p1a: Azumarill|Azumarill, L50, M|100/100\n|switch|p1b: Sneasler|Sneasler, L50, M|100/100\n|switch|p2a: Talonflame|Talonflame, L50, M|100/100\n|switch|p2b: Floette|Floette-Eternal, L50, F|100/100\n|turn|1\n|inactive|RazzvyBerry has 30 seconds left.\n|inactive|Marcshreif has 30 seconds left.\n|inactive|RazzvyBerry has 20 seconds left.\n|inactive|RazzvyBerry has 15 seconds left.\n|\n|t:|1775927480\n|detailschange|p2b: Floette|Floette-Mega, L50, F\n|-mega|p2b: Floette|Floette|Floettite\n|-ability|p2b: Floette|Fairy Aura\n|move|p1b: Sneasler|Fake Out|p2a: Talonflame\n|-damage|p2a: Talonflame|79/100\n|cant|p2a: Talonflame|flinch\n|move|p2b: Floette|Psychic|p1b: Sneasler\n|-supereffective|p1b: Sneasler|2\n|-damage|p1b: Sneasler|0 fnt\n|faint|p1b: Sneasler\n|move|p1a: Azumarill|Belly Drum|p1a: Azumarill\n|-damage|p1a: Azumarill|50/100\n|-setboost|p1a: Azumarill|atk|6|[from] move: Belly Drum\n|-enditem|p1a: Azumarill|Sitrus Berry|[eat]\n|-heal|p1a: Azumarill|75/100|[from] item: Sitrus Berry\n|\n|upkeep\n|inactive|RazzvyBerry has 30 seconds left.\n|inactive|RazzvyBerry has 20 seconds left.\n|inactive|RazzvyBerry has 15 seconds left.\n|\n|t:|1775927521\n|switch|p1b: Incineroar|Incineroar, L50, M|100/100\n|-ability|p1b: Incineroar|Intimidate|boost\n|-unboost|p2a: Talonflame|atk|1\n|-unboost|p2b: Floette|atk|1\n|turn|2\n|inactive|RazzvyBerry has 30 seconds left.\n|inactive|Marcshreif has 30 seconds left.\n|inactive|RazzvyBerry has 20 seconds left.\n|inactive|Marcshreif has 20 seconds left.\n|\n|t:|1775927560\n|move|p2b: Floette|Protect|p2b: Floette\n|-singleturn|p2b: Floette|Protect\n|move|p2a: Talonflame|Quick Guard|p2a: Talonflame\n|-singleturn|p2a: Talonflame|Quick Guard\n|move|p1b: Incineroar|Fake Out|p2b: Floette\n|-activate|p2b: Floette|move: Quick Guard\n|move|p1a: Azumarill|Play Rough|p2b: Floette\n|-activate|p2b: Floette|move: Protect\n|\n|upkeep\n|turn|3\n|inactive|RazzvyBerry has 30 seconds left.\n|\n|t:|1775927589\n|move|p1a: Azumarill|Protect|p1a: Azumarill\n|-singleturn|p1a: Azumarill|Protect\n|move|p2a: Talonflame|Brave Bird|p1a: Azumarill\n|-activate|p1a: Azumarill|move: Protect\n|move|p2b: Floette|Moonblast|p1a: Azumarill\n|-activate|p1a: Azumarill|move: Protect\n|move|p1b: Incineroar|Parting Shot|p2b: Floette\n|-unboost|p2b: Floette|atk|1\n|-unboost|p2b: Floette|spa|1\n|\n|t:|1775927599\n|switch|p1b: Froslass|Froslass, L50, F|100/100|[from] Parting Shot\n|\n|upkeep\n|turn|4\n|inactive|RazzvyBerry has 30 seconds left.\n|inactive|RazzvyBerry has 20 seconds left.\n|\n|t:|1775927638\n|switch|p2b: Sinistcha|Sinistcha, L50|100/100\n|-heal|p2a: Talonflame|100/100|[from] ability: Hospitality|[of] p2b: Sinistcha\n|detailschange|p1b: Froslass|Froslass-Mega, L50, F\n|-mega|p1b: Froslass|Froslass|Froslassite\n|-weather|Snowscape|[from] ability: Snow Warning|[of] p1b: Froslass\n|move|p2a: Talonflame|Tailwind|p2a: Talonflame\n|-sidestart|p2: Marcshreif|move: Tailwind\n|move|p1a: Azumarill|Aqua Jet|p2a: Talonflame\n|-supereffective|p2a: Talonflame|1\n|-damage|p2a: Talonflame|0 fnt\n|faint|p2a: Talonflame\n|move|p1b: Froslass|Aurora Veil|p1b: Froslass\n|-sidestart|p1: RazzvyBerry|move: Aurora Veil\n|\n|-weather|Snowscape|[upkeep]\n|upkeep\n|\n|t:|1775927656\n|switch|p2a: Garchomp|Garchomp, L50, F|100/100\n|turn|5\n|\n|t:|1775927672\n|move|p2a: Garchomp|Earthquake|p1a: Azumarill|[spread] p2b,p1a,p1b\n|-resisted|p2b: Sinistcha|1\n|-damage|p2b: Sinistcha|83/100\n|-damage|p1a: Azumarill|45/100\n|-damage|p1b: Froslass|72/100\n|move|p1b: Froslass|Blizzard|p2a: Garchomp|[spread] p2a,p2b\n|-supereffective|p2a: Garchomp|2\n|-supereffective|p2b: Sinistcha|1\n|-damage|p2a: Garchomp|0 fnt\n|-damage|p2b: Sinistcha|0 fnt\n|faint|p2a: Garchomp\n|faint|p2b: Sinistcha\n|move|p1a: Azumarill|Play Rough|p2: Garchomp|[notarget]\n|-fail|p1a: Azumarill\n|\n|-weather|Snowscape|[upkeep]\n|upkeep\n|\n|t:|1775927684\n|switch|p2a: Floette|Floette-Mega, L50, F|100/100\n|-ability|p2a: Floette|Fairy Aura\n|turn|6\n|\n|t:|1775927701\n|switch|p1b: Incineroar|Incineroar, L50, M|100/100\n|-ability|p1b: Incineroar|Intimidate|boost\n|-unboost|p2a: Floette|atk|1\n|move|p1a: Azumarill|Protect|p1a: Azumarill\n|-singleturn|p1a: Azumarill|Protect\n|move|p2a: Floette|Moonblast|p1b: Incineroar\n|-damage|p1b: Incineroar|52/100\n|\n|-weather|Snowscape|[upkeep]\n|upkeep\n|turn|7\n|\n|t:|1775927715\n|move|p2a: Floette|Protect|p2a: Floette\n|-singleturn|p2a: Floette|Protect\n|move|p1b: Incineroar|Fake Out|p2a: Floette\n|-activate|p2a: Floette|move: Protect\n|move|p1a: Azumarill|Aqua Jet|p2a: Floette\n|-activate|p2a: Floette|move: Protect\n|\n|-weather|Snowscape|[upkeep]\n|-sideend|p2: Marcshreif|move: Tailwind\n|upkeep\n|turn|8\n|\n|t:|1775927725\n|move|p1a: Azumarill|Aqua Jet|p2a: Floette\n|-damage|p2a: Floette|0 fnt\n|faint|p2a: Floette\n|\n|win|RazzvyBerry\n|raw|RazzvyBerry's rating: 1179 &rarr; <strong>1198</strong><br />(+19 for winning)\n|raw|Marcshreif's rating: 1094 &rarr; <strong>1076</strong><br />(-18 for losing)\n|l|\u2606Marcshreif\n|player|p2|\n",
  "uploadtime": 1775927753,
  "views": 15,
  "formatid": "gen9championsvgc2026regma",
  "rating": 1076,
  "private": 0,
  "password": null
}