{
  "id": "gen9championsvgc2026regma-2585860479",
  "format": "[Gen 9 Champions] VGC 2026 Reg M-A",
  "players": [
    "DizzyMiles",
    "georgrdro02"
  ],
  "log": "|j|\u2606DizzyMiles\n|j|\u2606georgrdro02\n|t:|1776376253\n|gametype|doubles\n|player|p1|DizzyMiles|2|1044\n|player|p2|georgrdro02|102|1114\n|gen|9\n|tier|[Gen 9 Champions] VGC 2026 Reg M-A\n|rated|\n|rule|Species Clause: Limit one of each Pok\u00e9mon\n|rule|Item Clause: Limit 1 of each item\n|clearpoke\n|poke|p1|Pidgeot, L50, F|\n|poke|p1|Mamoswine, L50, M|\n|poke|p1|Bellibolt, L50, M|\n|poke|p1|Goodra-Hisui, L50, M|\n|poke|p1|Samurott-Hisui, L50, F|\n|poke|p1|Medicham, L50, F|\n|poke|p2|Froslass, L50, F|\n|poke|p2|Incineroar, L50, M|\n|poke|p2|Orthworm, L50, F|\n|poke|p2|Garchomp, L50, F|\n|poke|p2|Basculegion, L50, M|\n|poke|p2|Rotom-Frost, L50|\n|teampreview|4\n|inactive|Battle timer is ON: inactive players will automatically lose when time's up. (requested by georgrdro02)\n|\n|t:|1776376270\n|teamsize|p1|4\n|teamsize|p2|4\n|start\n|switch|p1a: Katrina|Pidgeot, L50, F, shiny|100/100\n|switch|p1b: BlueLips|Medicham, L50, F, shiny|100/100\n|switch|p2a: Incineroar|Incineroar, L50, M|100/100\n|switch|p2b: Garchomp|Garchomp, L50, F|100/100\n|-ability|p2a: Incineroar|Intimidate|boost\n|-unboost|p1a: Katrina|atk|1\n|-unboost|p1b: BlueLips|atk|1\n|turn|1\n|inactive|DizzyMiles has 30 seconds left.\n|\n|t:|1776376297\n|detailschange|p1a: Katrina|Pidgeot-Mega, L50, F, shiny\n|-mega|p1a: Katrina|Pidgeot|Pidgeotite\n|move|p1a: Katrina|Protect|p1a: Katrina\n|-singleturn|p1a: Katrina|Protect\n|move|p2a: Incineroar|Fake Out|p1b: BlueLips\n|-damage|p1b: BlueLips|82/100\n|move|p2b: Garchomp|Rock Slide|p1b: BlueLips|[spread] p1b\n|-activate|p1a: Katrina|move: Protect\n|-resisted|p1b: BlueLips|1\n|-crit|p1b: BlueLips\n|-damage|p1b: BlueLips|57/100\n|cant|p1b: BlueLips|flinch\n|\n|upkeep\n|turn|2\n|\n|t:|1776376316\n|move|p1a: Katrina|Hurricane|p2b: Garchomp\n|-damage|p2b: Garchomp|36/100\n|move|p2b: Garchomp|Rock Slide|p1a: Katrina|[spread] p1a,p1b\n|-supereffective|p1a: Katrina|1\n|-resisted|p1b: BlueLips|1\n|-damage|p1a: Katrina|45/100\n|-damage|p1b: BlueLips|41/100\n|move|p1b: BlueLips|Ice Punch|p2b: Garchomp\n|-supereffective|p2b: Garchomp|2\n|-damage|p2b: Garchomp|0 fnt\n|-damage|p1b: BlueLips|28/100|[from] ability: Rough Skin|[of] p2b: Garchomp\n|faint|p2b: Garchomp\n|move|p2a: Incineroar|Parting Shot|p1a: Katrina\n|-unboost|p1a: Katrina|atk|1\n|-unboost|p1a: Katrina|spa|1\n|\n|t:|1776376331\n|switch|p2a: Orthworm|Orthworm, L50, F|100/100|[from] Parting Shot\n|\n|upkeep\n|\n|t:|1776376337\n|switch|p2b: Incineroar|Incineroar, L50, M|100/100\n|-ability|p2b: Incineroar|Intimidate|boost\n|-unboost|p1a: Katrina|atk|1\n|-unboost|p1b: BlueLips|atk|1\n|turn|3\n|\n|t:|1776376356\n|move|p1a: Katrina|Protect|p1a: Katrina\n|-singleturn|p1a: Katrina|Protect\n|move|p2b: Incineroar|Fake Out|p1b: BlueLips\n|-damage|p1b: BlueLips|11/100\n|cant|p1b: BlueLips|flinch\n|move|p2a: Orthworm|Iron Defense|p2a: Orthworm\n|-boost|p2a: Orthworm|def|2\n|\n|upkeep\n|turn|4\n|\n|t:|1776376373\n|move|p1a: Katrina|Heat Wave|p2a: Orthworm|[spread] p2a,p2b\n|-supereffective|p2a: Orthworm|1\n|-resisted|p2b: Incineroar|1\n|-damage|p2a: Orthworm|38/100\n|-damage|p2b: Incineroar|92/100\n|-enditem|p2a: Orthworm|Sitrus Berry|[eat]\n|-heal|p2a: Orthworm|62/100|[from] item: Sitrus Berry\n|move|p1b: BlueLips|Drain Punch|p2a: Orthworm\n|-supereffective|p2a: Orthworm|1\n|-damage|p2a: Orthworm|53/100\n|-heal|p1b: BlueLips|16/100|[from] drain|[of] p2a: Orthworm\n|move|p2b: Incineroar|Flare Blitz|p1a: Katrina\n|-damage|p1a: Katrina|0 fnt\n|faint|p1a: Katrina\n|-damage|p2b: Incineroar|80/100|[from] Recoil\n|move|p2a: Orthworm|Heavy Slam|p1b: BlueLips\n|-damage|p1b: BlueLips|0 fnt\n|faint|p1b: BlueLips\n|\n|upkeep\n|\n|t:|1776376382\n|switch|p1a: Slice|Samurott-Hisui, L50, F, shiny|100/100\n|switch|p1b: Oink|Mamoswine, L50, M|100/100\n|turn|5\n|\n|t:|1776376401\n|move|p1b: Oink|Rock Slide|p2b: Incineroar|[spread] p2a,p2b\n|-resisted|p2a: Orthworm|1\n|-supereffective|p2b: Incineroar|1\n|-damage|p2a: Orthworm|49/100\n|-damage|p2b: Incineroar|40/100\n|move|p1a: Slice|Swords Dance|p1a: Slice\n|-boost|p1a: Slice|atk|2\n|move|p2b: Incineroar|Parting Shot|p1b: Oink\n|-unboost|p1b: Oink|atk|1\n|-unboost|p1b: Oink|spa|1\n|\n|t:|1776376411\n|switch|p2b: Basculegion|Basculegion, L50, M|100/100|[from] Parting Shot\n|cant|p2a: Orthworm|flinch\n|\n|upkeep\n|turn|6\n|\n|t:|1776376427\n|move|p1b: Oink|Rock Slide|p2a: Orthworm|[spread] p2a,p2b\n|-resisted|p2a: Orthworm|1\n|-damage|p2a: Orthworm|47/100\n|-damage|p2b: Basculegion|85/100\n|move|p2b: Basculegion|Flip Turn|p1b: Oink\n|-supereffective|p1b: Oink|1\n|-damage|p1b: Oink|0 fnt\n|faint|p1b: Oink\n|\n|t:|1776376435\n|switch|p2b: Incineroar|Incineroar, L50, M|40/100|[from] Flip Turn\n|-ability|p2b: Incineroar|Intimidate|boost\n|-unboost|p1a: Slice|atk|1\n|move|p1a: Slice|Ceaseless Edge|p2a: Orthworm|[miss]\n|-miss|p1a: Slice|p2a: Orthworm\n|move|p2a: Orthworm|Body Press|p1a: Slice\n|-supereffective|p1a: Slice|1\n|-damage|p1a: Slice|0 fnt\n|faint|p1a: Slice\n|\n|win|georgrdro02\n|raw|DizzyMiles's rating: 1044 &rarr; <strong>1031</strong><br />(-13 for losing)\n|raw|georgrdro02's rating: 1114 &rarr; <strong>1134</strong><br />(+20 for winning)\n",
  "uploadtime": 1776376442,
  "views": 17,
  "formatid": "gen9championsvgc2026regma",
  "rating": 1031,
  "private": 0,
  "password": null
}