{
  "id": "gen9championsvgc2026regma-2583167559",
  "format": "[Gen 9 Champions] VGC 2026 Reg M-A",
  "players": [
    "jontar gurning",
    "PepperKV"
  ],
  "log": "|j|\u2606jontar gurning\n|j|\u2606PepperKV\n|t:|1776150233\n|gametype|doubles\n|player|p1|jontar gurning|swimmerf-gen4dp|1050\n|player|p2|PepperKV|pilot|1000\n|gen|9\n|tier|[Gen 9 Champions] VGC 2026 Reg M-A\n|rated|\n|rule|Species Clause: Limit one of each Pok\u00e9mon\n|rule|Item Clause: Limit 1 of each item\n|clearpoke\n|poke|p1|Floette-Eternal, L50, F|\n|poke|p1|Incineroar, L50, F|\n|poke|p1|Basculegion, L50, M|\n|poke|p1|Serperior, L50, M|\n|poke|p1|Garchomp, L50, F|\n|poke|p1|Talonflame, L50, M|\n|poke|p2|Delphox, L50, M|\n|poke|p2|Whimsicott, L50, F|\n|poke|p2|Basculegion, L50, M|\n|poke|p2|Garchomp, L50, M|\n|poke|p2|Archaludon, L50, M|\n|poke|p2|Milotic, L50, M|\n|teampreview|4\n|inactive|Battle timer is ON: inactive players will automatically lose when time's up. (requested by jontar gurning)\n|inactive|PepperKV has 60 seconds left.\n|\n|t:|1776150303\n|teamsize|p1|4\n|teamsize|p2|4\n|start\n|switch|p1a: Incineroar|Incineroar, L50, F|100/100\n|switch|p1b: Garchomp|Garchomp, L50, F|100/100\n|switch|p2a: Whimsiscatt|Whimsicott, L50, F|100/100\n|switch|p2b: Milotank|Milotic, L50, M|100/100\n|-ability|p1a: Incineroar|Intimidate|boost\n|-unboost|p2a: Whimsiscatt|atk|1\n|-unboost|p2b: Milotank|atk|1\n|-ability|p2b: Milotank|Competitive|boost\n|-boost|p2b: Milotank|spa|2\n|turn|1\n|inactive|PepperKV has 30 seconds left.\n|\n|t:|1776150333\n|move|p1b: Garchomp|Protect|p1b: Garchomp\n|-singleturn|p1b: Garchomp|Protect\n|move|p2a: Whimsiscatt|Tailwind|p2a: Whimsiscatt\n|-sidestart|p2: PepperKV|move: Tailwind\n|move|p2b: Milotank|Icy Wind|p1b: Garchomp|[spread] p1a\n|-activate|p1b: Garchomp|move: Protect\n|-resisted|p1a: Incineroar|1\n|-damage|p1a: Incineroar|91/100\n|-unboost|p1a: Incineroar|spe|1\n|move|p1a: Incineroar|Flare Blitz|p2a: Whimsiscatt\n|-supereffective|p2a: Whimsiscatt|1\n|-enditem|p2a: Whimsiscatt|Focus Sash\n|-damage|p2a: Whimsiscatt|1/100\n|-status|p2a: Whimsiscatt|brn\n|-damage|p1a: Incineroar|68/100|[from] Recoil\n|\n|-damage|p2a: Whimsiscatt|0 fnt|[from] brn\n|faint|p2a: Whimsiscatt\n|upkeep\n|inactive|PepperKV has 30 seconds left.\n|\n|t:|1776150365\n|switch|p2a: FireFox Logo|Delphox, L50, M|100/100\n|turn|2\n|inactive|PepperKV has 30 seconds left.\n|\n|t:|1776150394\n|switch|p1b: Serperior|Serperior, L50, M|100/100\n|detailschange|p2a: FireFox Logo|Delphox-Mega, L50, M\n|-mega|p2a: FireFox Logo|Delphox|Delphoxite\n|move|p2a: FireFox Logo|Protect|p2a: FireFox Logo\n|-singleturn|p2a: FireFox Logo|Protect\n|move|p2b: Milotank|Ice Beam|p1b: Serperior\n|-supereffective|p1b: Serperior|1\n|-damage|p1b: Serperior|0 fnt\n|faint|p1b: Serperior\n|move|p1a: Incineroar|Darkest Lariat|p2a: FireFox Logo\n|-activate|p2a: FireFox Logo|move: Protect\n|\n|upkeep\n|\n|t:|1776150405\n|switch|p1b: Floette|Floette-Eternal, L50, F|100/100\n|turn|3\n|inactive|PepperKV has 30 seconds left.\n|inactive|PepperKV has 20 seconds left.\n|inactive|PepperKV has 15 seconds left.\n|inactive|PepperKV has 10 seconds left.\n|inactive|PepperKV has 5 seconds left.\n|\n|t:|1776150455\n|switch|p2a: Bridge|Archaludon, L50, M|100/100\n|move|p1b: Floette|Protect|p1b: Floette\n|-singleturn|p1b: Floette|Protect\n|move|p2b: Milotank|Ice Beam|p1b: Floette\n|-activate|p1b: Floette|move: Protect\n|move|p1a: Incineroar|Darkest Lariat|p2a: Bridge\n|-damage|p2a: Bridge|74/100\n|-ability|p2a: Bridge|Stamina|boost\n|-boost|p2a: Bridge|def|1\n|\n|-heal|p2a: Bridge|80/100|[from] item: Leftovers\n|upkeep\n|turn|4\n|inactive|PepperKV has 30 seconds left.\n|inactive|PepperKV has 20 seconds left.\n|\n|t:|1776150491\n|detailschange|p1b: Floette|Floette-Mega, L50, F\n|-mega|p1b: Floette|Floette|Floettite\n|-ability|p1b: Floette|Fairy Aura\n|move|p2a: Bridge|Flash Cannon|p1b: Floette\n|-supereffective|p1b: Floette|1\n|-damage|p1b: Floette|43/100\n|move|p2b: Milotank|Icy Wind|p1b: Floette|[spread] p1a,p1b\n|-resisted|p1a: Incineroar|1\n|-damage|p1a: Incineroar|59/100\n|-damage|p1b: Floette|27/100\n|-unboost|p1a: Incineroar|spe|1\n|-unboost|p1b: Floette|spe|1\n|move|p1b: Floette|Calm Mind|p1b: Floette\n|-boost|p1b: Floette|spa|1\n|-boost|p1b: Floette|spd|1\n|move|p1a: Incineroar|Parting Shot|p2a: Bridge\n|-unboost|p2a: Bridge|atk|1\n|-unboost|p2a: Bridge|spa|1\n|\n|t:|1776150502\n|switch|p1a: Garchomp|Garchomp, L50, F|100/100|[from] Parting Shot\n|\n|-heal|p2a: Bridge|86/100|[from] item: Leftovers\n|-sideend|p2: PepperKV|move: Tailwind\n|upkeep\n|turn|5\n|inactive|PepperKV has 30 seconds left.\n|inactive|jontar gurning has 30 seconds left.\n|inactive|PepperKV has 20 seconds left.\n|\n|t:|1776150540\n|move|p1a: Garchomp|Swords Dance|p1a: Garchomp\n|-boost|p1a: Garchomp|atk|2\n|move|p2a: Bridge|Flash Cannon|p1b: Floette\n|-supereffective|p1b: Floette|1\n|-damage|p1b: Floette|3/100\n|move|p2b: Milotank|Ice Beam|p1a: Garchomp\n|-supereffective|p1a: Garchomp|2\n|-damage|p1a: Garchomp|0 fnt\n|faint|p1a: Garchomp\n|move|p1b: Floette|Moonblast|p2b: Milotank\n|-damage|p2b: Milotank|14/100\n|-enditem|p2b: Milotank|Sitrus Berry|[eat]\n|-heal|p2b: Milotank|39/100|[from] item: Sitrus Berry\n|\n|-heal|p2a: Bridge|92/100|[from] item: Leftovers\n|upkeep\n|\n|t:|1776150549\n|switch|p1a: Incineroar|Incineroar, L50, F|59/100\n|-ability|p1a: Incineroar|Intimidate|boost\n|-unboost|p2a: Bridge|atk|1\n|-unboost|p2b: Milotank|atk|1\n|-ability|p2b: Milotank|Competitive|boost\n|-boost|p2b: Milotank|spa|2\n|turn|6\n|-message|jontar gurning forfeited.\n|\n|win|PepperKV\n|raw|jontar gurning's rating: 1050 &rarr; <strong>1030</strong><br />(-20 for losing)\n|raw|PepperKV's rating: 1000 &rarr; <strong>1046</strong><br />(+46 for winning)\n|l|\u2606jontar gurning\n|player|p1|\n",
  "uploadtime": 1776150572,
  "views": 19,
  "formatid": "gen9championsvgc2026regma",
  "rating": 1030,
  "private": 0,
  "password": null
}