{
  "id": "gen9championsvgc2026regma-2586814170",
  "format": "[Gen 9 Champions] VGC 2026 Reg M-A",
  "players": [
    "joshurfast 2.0",
    "srpelea"
  ],
  "log": "|j|\u2606joshurfast 2.0\n|j|\u2606srpelea\n|t:|1776462085\n|gametype|doubles\n|player|p1|joshurfast 2.0|whitney|1224\n|player|p2|srpelea|n|1258\n|gen|9\n|tier|[Gen 9 Champions] VGC 2026 Reg M-A\n|rated|\n|rule|Species Clause: Limit one of each Pok\u00e9mon\n|rule|Item Clause: Limit 1 of each item\n|clearpoke\n|poke|p1|Tyranitar, L50, F|\n|poke|p1|Garchomp, L50, F|\n|poke|p1|Milotic, L50, F|\n|poke|p1|Rotom-Heat, L50|\n|poke|p1|Gengar, L50, M|\n|poke|p1|Tsareena, L50, F|\n|poke|p2|Sneasler, L50, F|\n|poke|p2|Incineroar, L50, M|\n|poke|p2|Kingambit, L50, F|\n|poke|p2|Floette-Eternal, L50, F|\n|poke|p2|Sinistcha, L50|\n|poke|p2|Garchomp, L50, M|\n|teampreview|4\n|inactive|Battle timer is ON: inactive players will automatically lose when time's up. (requested by joshurfast 2.0)\n|inactive|srpelea also wants the timer to be on.\n|\n|t:|1776462108\n|teamsize|p1|4\n|teamsize|p2|4\n|start\n|switch|p1a: Tsareena|Tsareena, L50, F, shiny|100/100\n|switch|p1b: Milotic|Milotic, L50, F|100/100\n|switch|p2a: Sneasler|Sneasler, L50, F|100/100\n|switch|p2b: Kingambit|Kingambit, L50, F|100/100\n|turn|1\n|\n|t:|1776462123\n|move|p2b: Kingambit|Protect|p2b: Kingambit\n|-singleturn|p2b: Kingambit|Protect\n|move|p1a: Tsareena|High Jump Kick|p2b: Kingambit\n|-activate|p2b: Kingambit|move: Protect\n|-damage|p1a: Tsareena|51/100|[from] highjumpkick\n|move|p2a: Sneasler|Dire Claw|p1a: Tsareena\n|-supereffective|p1a: Tsareena|1\n|-damage|p1a: Tsareena|0 fnt\n|faint|p1a: Tsareena\n|move|p1b: Milotic|Scald|p2a: Sneasler\n|-damage|p2a: Sneasler|65/100\n|-status|p2a: Sneasler|brn\n|\n|-damage|p2a: Sneasler|59/100 brn|[from] brn\n|upkeep\n|\n|t:|1776462126\n|switch|p1a: Rotom|Rotom-Heat, L50|100/100\n|turn|2\n|inactive|srpelea has 30 seconds left.\n|\n|t:|1776462151\n|switch|p2b: Floette|Floette-Eternal, L50, F|100/100\n|move|p2a: Sneasler|Dire Claw|p1a: Rotom\n|-damage|p1a: Rotom|75/100\n|move|p1a: Rotom|Will-O-Wisp|p2b: Floette\n|-status|p2b: Floette|brn\n|move|p1b: Milotic|Scald|p2a: Sneasler\n|-damage|p2a: Sneasler|21/100 brn\n|\n|-damage|p2a: Sneasler|15/100 brn|[from] brn\n|-damage|p2b: Floette|95/100 brn|[from] brn\n|upkeep\n|turn|3\n|\n|t:|1776462171\n|detailschange|p2b: Floette|Floette-Mega, L50, F\n|-mega|p2b: Floette|Floette|Floettite\n|-ability|p2b: Floette|Fairy Aura\n|move|p2a: Sneasler|Dire Claw|p1a: Rotom\n|-damage|p1a: Rotom|52/100\n|move|p2b: Floette|Calm Mind|p2b: Floette\n|-boost|p2b: Floette|spa|1\n|-boost|p2b: Floette|spd|1\n|move|p1a: Rotom|Overheat|p2b: Floette\n|-damage|p2b: Floette|70/100 brn\n|-unboost|p1a: Rotom|spa|2\n|move|p1b: Milotic|Scald|p2b: Floette\n|-damage|p2b: Floette|54/100 brn\n|\n|-damage|p2a: Sneasler|9/100 brn|[from] brn\n|-damage|p2b: Floette|48/100 brn|[from] brn\n|upkeep\n|turn|4\n|\n|t:|1776462194\n|switch|p1a: Tyranitar|Tyranitar, L50, F|100/100\n|-weather|Sandstorm|[from] ability: Sand Stream|[of] p1a: Tyranitar\n|move|p2a: Sneasler|Dire Claw|p1a: Tyranitar\n|-resisted|p1a: Tyranitar|1\n|-damage|p1a: Tyranitar|91/100\n|move|p2b: Floette|Draining Kiss|p1b: Milotic\n|-damage|p1b: Milotic|54/100\n|-heal|p2b: Floette|89/100 brn|[from] drain|[of] p1b: Milotic\n|move|p1b: Milotic|Icy Wind|p2b: Floette|[spread] p2a,p2b\n|-damage|p2a: Sneasler|0 fnt\n|-damage|p2b: Floette|85/100 brn\n|-unboost|p2b: Floette|spe|1\n|faint|p2a: Sneasler\n|\n|-weather|Sandstorm|[upkeep]\n|-damage|p1b: Milotic|48/100|[from] Sandstorm\n|-damage|p2b: Floette|79/100 brn|[from] Sandstorm\n|-heal|p1b: Milotic|54/100|[from] item: Leftovers\n|-damage|p2b: Floette|73/100 brn|[from] brn\n|upkeep\n|\n|t:|1776462217\n|switch|p2a: Incineroar|Incineroar, L50, M|100/100\n|-ability|p2a: Incineroar|Intimidate|boost\n|-unboost|p1a: Tyranitar|atk|1\n|-unboost|p1b: Milotic|atk|1\n|-ability|p1b: Milotic|Competitive|boost\n|-boost|p1b: Milotic|spa|2\n|turn|5\n|\n|t:|1776462231\n|move|p1a: Tyranitar|Protect|p1a: Tyranitar\n|-singleturn|p1a: Tyranitar|Protect\n|move|p2a: Incineroar|Fake Out|p1a: Tyranitar\n|-activate|p1a: Tyranitar|move: Protect\n|move|p1b: Milotic|Scald|p2a: Incineroar\n|-supereffective|p2a: Incineroar|1\n|-damage|p2a: Incineroar|7/100\n|-enditem|p2a: Incineroar|Sitrus Berry|[eat]\n|-heal|p2a: Incineroar|32/100|[from] item: Sitrus Berry\n|move|p2b: Floette|Dazzling Gleam|p1a: Tyranitar|[spread] p1b\n|-activate|p1a: Tyranitar|move: Protect\n|-damage|p1b: Milotic|7/100\n|\n|-weather|Sandstorm|[upkeep]\n|-damage|p1b: Milotic|1/100|[from] Sandstorm\n|-damage|p2b: Floette|67/100 brn|[from] Sandstorm\n|-damage|p2a: Incineroar|26/100|[from] Sandstorm\n|-heal|p1b: Milotic|7/100|[from] item: Leftovers\n|-damage|p2b: Floette|61/100 brn|[from] brn\n|upkeep\n|turn|6\n|\n|t:|1776462255\n|move|p2b: Floette|Protect|p2b: Floette\n|-singleturn|p2b: Floette|Protect\n|move|p1a: Tyranitar|Rock Slide|p2a: Incineroar|[spread] p2a\n|-activate|p2b: Floette|move: Protect\n|-supereffective|p2a: Incineroar|1\n|-damage|p2a: Incineroar|0 fnt\n|faint|p2a: Incineroar\n|move|p1b: Milotic|Scald|p2b: Floette\n|-activate|p2b: Floette|move: Protect\n|\n|-weather|Sandstorm|[upkeep]\n|-damage|p1b: Milotic|1/100|[from] Sandstorm\n|-damage|p2b: Floette|55/100 brn|[from] Sandstorm\n|-heal|p1b: Milotic|7/100|[from] item: Leftovers\n|-damage|p2b: Floette|50/100 brn|[from] brn\n|upkeep\n|\n|t:|1776462272\n|switch|p2a: Kingambit|Kingambit, L50, F|100/100\n|turn|7\n|\n|t:|1776462282\n|move|p2a: Kingambit|Sucker Punch||[still]\n|-fail|p2a: Kingambit\n|move|p1a: Tyranitar|Rock Slide|p2b: Floette|[spread] p2a,p2b\n|-resisted|p2a: Kingambit|1\n|-damage|p2a: Kingambit|93/100\n|-damage|p2b: Floette|28/100 brn\n|move|p1b: Milotic|Recover|p1b: Milotic\n|-heal|p1b: Milotic|57/100\n|move|p2b: Floette|Draining Kiss|p1a: Tyranitar\n|-supereffective|p1a: Tyranitar|1\n|-damage|p1a: Tyranitar|10/100\n|-heal|p2b: Floette|91/100 brn|[from] drain|[of] p1a: Tyranitar\n|\n|-weather|Sandstorm|[upkeep]\n|-damage|p1b: Milotic|51/100|[from] Sandstorm\n|-damage|p2b: Floette|85/100 brn|[from] Sandstorm\n|-heal|p1b: Milotic|57/100|[from] item: Leftovers\n|-damage|p2b: Floette|79/100 brn|[from] brn\n|upkeep\n|turn|8\n|\n|t:|1776462306\n|switch|p1a: Rotom|Rotom-Heat, L50|52/100\n|move|p2a: Kingambit|Protect|p2a: Kingambit\n|-singleturn|p2a: Kingambit|Protect\n|move|p1b: Milotic|Scald|p2b: Floette\n|-damage|p2b: Floette|51/100 brn\n|move|p2b: Floette|Dazzling Gleam|p1a: Rotom|[spread] p1a,p1b\n|-resisted|p1a: Rotom|1\n|-damage|p1a: Rotom|11/100\n|-damage|p1b: Milotic|8/100\n|-enditem|p1a: Rotom|Sitrus Berry|[eat]\n|-heal|p1a: Rotom|35/100|[from] item: Sitrus Berry\n|\n|-weather|none\n|-heal|p1b: Milotic|14/100|[from] item: Leftovers\n|-damage|p2b: Floette|46/100 brn|[from] brn\n|upkeep\n|turn|9\n|\n|t:|1776462328\n|move|p2a: Kingambit|Sucker Punch|p1a: Rotom\n|-damage|p1a: Rotom|0 fnt\n|faint|p1a: Rotom\n|move|p1b: Milotic|Recover|p1b: Milotic\n|-heal|p1b: Milotic|64/100\n|move|p2b: Floette|Draining Kiss|p1b: Milotic\n|-damage|p1b: Milotic|23/100\n|-heal|p2b: Floette|82/100 brn|[from] drain|[of] p1b: Milotic\n|\n|-heal|p1b: Milotic|29/100|[from] item: Leftovers\n|-damage|p2b: Floette|76/100 brn|[from] brn\n|upkeep\n|\n|t:|1776462331\n|switch|p1a: Tyranitar|Tyranitar, L50, F|10/100\n|-weather|Sandstorm|[from] ability: Sand Stream|[of] p1a: Tyranitar\n|turn|10\n|-message|joshurfast 2.0 forfeited.\n|\n|win|srpelea\n|raw|joshurfast 2.0's rating: 1224 &rarr; <strong>1201</strong><br />(-23 for losing)\n|raw|srpelea's rating: 1258 &rarr; <strong>1281</strong><br />(+23 for winning)\n|l|\u2606joshurfast 2.0\n|player|p1|\n",
  "uploadtime": 1776462348,
  "views": 27,
  "formatid": "gen9championsvgc2026regma",
  "rating": 1201,
  "private": 0,
  "password": null
}