{
  "id": "gen9championsvgc2026regma-2588591372",
  "format": "[Gen 9 Champions] VGC 2026 Reg M-A",
  "players": [
    "w4toto",
    "Elliott657"
  ],
  "log": "|j|\u2606w4toto\n|j|\u2606Elliott657\n|t:|1776648060\n|gametype|doubles\n|player|p1|w4toto|volkner|1256\n|player|p2|Elliott657|rood|1239\n|gen|9\n|tier|[Gen 9 Champions] VGC 2026 Reg M-A\n|rated|\n|rule|Species Clause: Limit one of each Pok\u00e9mon\n|rule|Item Clause: Limit 1 of each item\n|clearpoke\n|poke|p1|Zoroark-Hisui, L50, F, shiny|\n|poke|p1|Garchomp, L50, M|\n|poke|p1|Kangaskhan, L50, F|\n|poke|p1|Kingambit, L50, M|\n|poke|p1|Sneasler, L50, F|\n|poke|p1|Rotom-Wash, L50|\n|poke|p2|Sneasler, L50, F|\n|poke|p2|Sableye, L50, F|\n|poke|p2|Garchomp, L50, F|\n|poke|p2|Meganium, L50, M|\n|poke|p2|Milotic, L50, F|\n|poke|p2|Scizor, L50, F|\n|teampreview|4\n|inactive|Battle timer is ON: inactive players will automatically lose when time's up. (requested by w4toto)\n|inactive|w4toto has 60 seconds left.\n|inactive|Elliott657 has 60 seconds left.\n|inactive|Elliott657 has 30 seconds left.\n|\n|t:|1776648122\n|teamsize|p1|4\n|teamsize|p2|4\n|start\n|switch|p1a: Charles White|Kingambit, L50, M|100/100\n|switch|p1b: Lana the Nail Tech|Sneasler, L50, F|100/100\n|switch|p2a: Sableye|Sableye, L50, F|100/100\n|switch|p2b: Sneasler|Sneasler, L50, F|100/100\n|turn|1\n|\n|t:|1776648142\n|move|p2b: Sneasler|Protect|p2b: Sneasler\n|-singleturn|p2b: Sneasler|Protect\n|move|p1b: Lana the Nail Tech|Protect|p1b: Lana the Nail Tech\n|-singleturn|p1b: Lana the Nail Tech|Protect\n|move|p2a: Sableye|Will-O-Wisp|p1b: Lana the Nail Tech\n|-activate|p1b: Lana the Nail Tech|move: Protect\n|move|p1a: Charles White|Taunt|p2a: Sableye\n|-start|p2a: Sableye|move: Taunt\n|-enditem|p2a: Sableye|Mental Herb\n|-end|p2a: Sableye|move: Taunt\n|\n|upkeep\n|turn|2\n|inactive|w4toto has 30 seconds left.\n|inactive|Elliott657 has 30 seconds left.\n|inactive|w4toto has 20 seconds left.\n|inactive|Elliott657 has 20 seconds left.\n|\n|t:|1776648179\n|switch|p1b: Charles White|Kingambit, L50, M|100/100\n|move|p2a: Sableye|Disable|p1a: Charles White\n|-start|p1a: Charles White|Disable|Taunt\n|move|p1a: Charles White|Psychic|p2b: Sneasler\n|-supereffective|p2b: Sneasler|2\n|-damage|p2b: Sneasler|0 fnt\n|faint|p2b: Sneasler\n|\n|upkeep\n|c|\u2606Elliott657|yowch\n|\n|t:|1776648200\n|switch|p2b: Meganium|Meganium, L50, M|100/100\n|turn|3\n|\n|t:|1776648217\n|detailschange|p2b: Meganium|Meganium-Mega, L50, M\n|-mega|p2b: Meganium|Meganium|Meganiumite\n|move|p2a: Sableye|Encore|p1a: Charles White\n|-start|p1a: Charles White|Encore\n|move|p1a: Charles White|Psychic|p2b: Meganium\n|-damage|p2b: Meganium|73/100\n|move|p2b: Meganium|Weather Ball|p1b: Charles White\n|-supereffective|p1b: Charles White|1\n|-damage|p1b: Charles White|0 fnt\n|faint|p1b: Charles White\n|\n|upkeep\n|\n|t:|1776648233\n|switch|p1b: Lana the Nail Tech|Sneasler, L50, F|100/100\n|turn|4\n|\n|t:|1776648241\n|switch|p1a: Kangaskhan|Kangaskhan, L50, F|100/100\n|move|p2b: Meganium|Protect|p2b: Meganium\n|-singleturn|p2b: Meganium|Protect\n|move|p2a: Sableye|Will-O-Wisp|p1b: Lana the Nail Tech|[miss]\n|-miss|p2a: Sableye|p1b: Lana the Nail Tech\n|move|p1b: Lana the Nail Tech|Dire Claw|p2b: Meganium\n|-activate|p2b: Meganium|move: Protect\n|\n|upkeep\n|turn|5\n|c|\u2606Elliott657|damn\n|inactive|w4toto has 30 seconds left.\n|\n|t:|1776648271\n|switch|p2b: Garchomp|Garchomp, L50, F|100/100\n|detailschange|p1a: Kangaskhan|Kangaskhan-Mega, L50, F\n|-mega|p1a: Kangaskhan|Kangaskhan|Kangaskhanite\n|move|p1a: Kangaskhan|Fake Out|p2b: Garchomp\n|-damage|p2b: Garchomp|79/100\n|-damage|p1a: Kangaskhan|88/100|[from] ability: Rough Skin|[of] p2b: Garchomp\n|-damage|p2b: Garchomp|74/100\n|-damage|p1a: Kangaskhan|76/100|[from] ability: Rough Skin|[of] p2b: Garchomp\n|-hitcount|p2b: Garchomp|2\n|move|p2a: Sableye|Will-O-Wisp|p1b: Lana the Nail Tech\n|-status|p1b: Lana the Nail Tech|brn\n|move|p1b: Lana the Nail Tech|Dire Claw|p2b: Garchomp\n|-resisted|p2b: Garchomp|1\n|-damage|p2b: Garchomp|62/100\n|-status|p2b: Garchomp|slp\n|-enditem|p2b: Garchomp|Lum Berry|[eat]\n|-curestatus|p2b: Garchomp|slp|[msg]\n|-damage|p1b: Lana the Nail Tech|88/100 brn|[from] ability: Rough Skin|[of] p2b: Garchomp\n|\n|-damage|p1b: Lana the Nail Tech|83/100 brn|[from] brn\n|upkeep\n|turn|6\n|inactive|Elliott657 has 30 seconds left.\n|inactive|Elliott657 has 20 seconds left.\n|\n|t:|1776648310\n|switch|p1a: Kangaskhan|Kangaskhan-Mega, L50, F|100/100\n|move|p1b: Lana the Nail Tech|Protect|p1b: Lana the Nail Tech\n|-singleturn|p1b: Lana the Nail Tech|Protect\n|move|p2b: Garchomp|Protect|p2b: Garchomp\n|-singleturn|p2b: Garchomp|Protect\n|move|p2a: Sableye|Will-O-Wisp|p1a: Kangaskhan\n|-status|p1a: Kangaskhan|brn\n|\n|-damage|p1a: Kangaskhan|94/100 brn|[from] brn\n|-damage|p1b: Lana the Nail Tech|77/100 brn|[from] brn\n|upkeep\n|turn|7\n|inactive|Elliott657 has 30 seconds left.\n|\n|t:|1776648344\n|switch|p1b: Kangaskhan|Kangaskhan-Mega, L50, F|76/100\n|move|p2a: Sableye|Encore||[still]\n|-fail|p2a: Sableye\n|move|p1a: Kangaskhan|Icy Wind|p2a: Sableye|[spread] p2a,p2b\n|-supereffective|p2b: Garchomp|2\n|-damage|p2a: Sableye|86/100\n|-damage|p2b: Garchomp|0 fnt\n|-unboost|p2a: Sableye|spe|1\n|faint|p2b: Garchomp\n|\n|-damage|p1a: Kangaskhan|88/100 brn|[from] brn\n|upkeep\n|\n|t:|1776648352\n|switch|p2b: Meganium|Meganium-Mega, L50, M|73/100\n|turn|8\n|c|\u2606w4toto|I love sableye but hate him at the same time\n|c|\u2606Elliott657|me too\n|c|\u2606w4toto|Why he like that\n|inactive|Elliott657 has 30 seconds left.\n|\n|t:|1776648384\n|move|p2b: Meganium|Protect|p2b: Meganium\n|-singleturn|p2b: Meganium|Protect\n|move|p2a: Sableye|Encore|p1a: Kangaskhan\n|-start|p1a: Kangaskhan|Encore\n|move|p1a: Kangaskhan|Icy Wind|p2b: Meganium|[spread] p2a\n|-activate|p2b: Meganium|move: Protect\n|-damage|p2a: Sableye|71/100\n|-unboost|p2a: Sableye|spe|1\n|move|p1b: Kangaskhan|Drain Punch|p2b: Meganium\n|-activate|p2b: Meganium|move: Protect\n|\n|-damage|p1a: Kangaskhan|82/100 brn|[from] brn\n|upkeep\n|turn|9\n|inactive|w4toto has 30 seconds left.\n|\n|t:|1776648411\n|move|p2a: Sableye|Disable|p1a: Kangaskhan\n|-start|p1a: Kangaskhan|Disable|Icy Wind\n|cant|p1a: Kangaskhan|Disable|Icy Wind\n|move|p1b: Kangaskhan|Drain Punch|p2b: Meganium\n|-resisted|p2b: Meganium|1\n|-damage|p2b: Meganium|62/100\n|-heal|p1b: Kangaskhan|81/100|[from] drain|[of] p2b: Meganium\n|-resisted|p2b: Meganium|1\n|-damage|p2b: Meganium|59/100\n|-heal|p1b: Kangaskhan|82/100|[from] drain|[of] p2b: Meganium\n|-hitcount|p2b: Meganium|2\n|move|p2b: Meganium|Solar Beam||[still]\n|-prepare|p2b: Meganium|Solar Beam\n|-activate|p2b: Meganium|ability: Mega Sol\n|-anim|p2b: Meganium|Solar Beam|p1b: Kangaskhan\n|-crit|p1b: Kangaskhan\n|-damage|p1b: Kangaskhan|0 fnt\n|faint|p1b: Kangaskhan\n|\n|-damage|p1a: Kangaskhan|76/100 brn|[from] brn\n|upkeep\n|\n|t:|1776648419\n|switch|p1b: Lana the Nail Tech|Sneasler, L50, F|77/100 brn\n|turn|10\n|inactive|Elliott657 has 30 seconds left.\n|inactive|Elliott657 has 20 seconds left.\n|inactive|Elliott657 has 15 seconds left.\n|\n|t:|1776648462\n|move|p2b: Meganium|Protect|p2b: Meganium\n|-singleturn|p2b: Meganium|Protect\n|move|p2a: Sableye|Rain Dance|p2a: Sableye\n|-weather|RainDance\n|-activate|p1a: Kangaskhan|move: Struggle\n|move|p1a: Kangaskhan|Struggle|p2b: Meganium\n|-activate|p2b: Meganium|move: Protect\n|move|p1b: Lana the Nail Tech|Dire Claw|p2b: Meganium\n|-activate|p2b: Meganium|move: Protect\n|\n|-weather|RainDance|[upkeep]\n|-damage|p1a: Kangaskhan|70/100 brn|[from] brn\n|-damage|p1b: Lana the Nail Tech|71/100 brn|[from] brn\n|-end|p1a: Kangaskhan|Encore\n|upkeep\n|turn|11\n|\n|t:|1776648475\n|move|p1b: Lana the Nail Tech|Protect|p1b: Lana the Nail Tech\n|-singleturn|p1b: Lana the Nail Tech|Protect\n|move|p2a: Sableye|Disable|p1b: Lana the Nail Tech\n|-activate|p1b: Lana the Nail Tech|move: Protect\n|move|p1a: Kangaskhan|Taunt|p2a: Sableye\n|-start|p2a: Sableye|move: Taunt\n|move|p2b: Meganium|Earth Power|p1b: Lana the Nail Tech\n|-activate|p1b: Lana the Nail Tech|move: Protect\n|\n|-weather|RainDance|[upkeep]\n|-damage|p1a: Kangaskhan|64/100 brn|[from] brn\n|-damage|p1b: Lana the Nail Tech|65/100 brn|[from] brn\n|upkeep\n|turn|12\n|c|\u2606Elliott657|o no\n|c|\u2606Elliott657|gg\n|inactive|Elliott657 has 30 seconds left.\n|c|\u2606w4toto|Wait we still dont know what happens\n|inactive|Elliott657 has 20 seconds left.\n|\n|t:|1776648514\n|move|p1a: Kangaskhan|Bitter Malice|p2b: Meganium\n|-crit|p2b: Meganium\n|-damage|p2b: Meganium|7/100\n|-unboost|p2b: Meganium|atk|1\n|move|p1b: Lana the Nail Tech|Dire Claw|p2b: Meganium\n|-supereffective|p2b: Meganium|2\n|-damage|p2b: Meganium|0 fnt\n|faint|p2b: Meganium\n|-activate|p2a: Sableye|move: Struggle\n|move|p2a: Sableye|Struggle|p1b: Lana the Nail Tech\n|-damage|p1b: Lana the Nail Tech|51/100 brn\n|-damage|p2a: Sableye|46/100|[from] recoil\n|\n|-weather|RainDance|[upkeep]\n|-damage|p1a: Kangaskhan|58/100 brn|[from] brn\n|-damage|p1b: Lana the Nail Tech|46/100 brn|[from] brn\n|-end|p1a: Kangaskhan|Disable\n|upkeep\n|turn|13\n|-message|Elliott657 forfeited.\n|\n|win|w4toto\n|raw|w4toto's rating: 1256 &rarr; <strong>1280</strong><br />(+24 for winning)\n|raw|Elliott657's rating: 1239 &rarr; <strong>1215</strong><br />(-24 for losing)\n|l|\u2606Elliott657\n|player|p2|\n|c|\u2606w4toto|GG\n|c|\u2606w4toto|That was a good game\n",
  "uploadtime": 1776648538,
  "views": 11,
  "formatid": "gen9championsvgc2026regma",
  "rating": 1215,
  "private": 0,
  "password": null
}