{
  "id": "gen9championsvgc2026regma-2585325668",
  "format": "[Gen 9 Champions] VGC 2026 Reg M-A",
  "players": [
    "littleht666",
    "Corbinc"
  ],
  "log": "|j|\u2606littleht666\n|j|\u2606Corbinc\n|t:|1776338002\n|gametype|doubles\n|player|p1|littleht666|elesa|1144\n|player|p2|Corbinc|ghetsis-gen5bw|1087\n|gen|9\n|tier|[Gen 9 Champions] VGC 2026 Reg M-A\n|rated|\n|rule|Species Clause: Limit one of each Pok\u00e9mon\n|rule|Item Clause: Limit 1 of each item\n|clearpoke\n|poke|p1|Kingambit, L50, F|\n|poke|p1|Maushold-Four, L50|\n|poke|p1|Incineroar, L50, M|\n|poke|p1|Aerodactyl, L50, F|\n|poke|p1|Sneasler, L50, F|\n|poke|p1|Floette-Eternal, L50, F|\n|poke|p2|Crabominable, L50, M|\n|poke|p2|Abomasnow, L50, F|\n|poke|p2|Sableye, L50, F|\n|poke|p2|Incineroar, L50, F|\n|poke|p2|Farigiraf, L50, F|\n|poke|p2|Ninetales-Alola, L50, F|\n|teampreview|4\n|inactive|Battle timer is ON: inactive players will automatically lose when time's up. (requested by Corbinc)\n|\n|t:|1776338022\n|teamsize|p1|4\n|teamsize|p2|4\n|start\n|switch|p1a: Aerodactyl|Aerodactyl, L50, F, shiny|100/100\n|switch|p1b: Floette|Floette-Eternal, L50, F, shiny|100/100\n|switch|p2a: Incineroar|Incineroar, L50, F|100/100\n|switch|p2b: Farigiraf|Farigiraf, L50, F|100/100\n|-ability|p1a: Aerodactyl|Unnerve\n|-ability|p2a: Incineroar|Intimidate|boost\n|-unboost|p1a: Aerodactyl|atk|1\n|-unboost|p1b: Floette|atk|1\n|turn|1\n|\n|t:|1776338037\n|switch|p1b: Incineroar|Incineroar, L50, M, shiny|100/100\n|-ability|p1b: Incineroar|Intimidate|boost\n|-unboost|p2a: Incineroar|atk|1\n|-unboost|p2b: Farigiraf|atk|1\n|move|p2a: Incineroar|Fake Out|p1b: Incineroar\n|-damage|p1b: Incineroar|95/100\n|move|p1a: Aerodactyl|Rock Slide|p2b: Farigiraf|[spread] p2a,p2b\n|-supereffective|p2a: Incineroar|1\n|-crit|p2a: Incineroar\n|-damage|p2a: Incineroar|26/100\n|-damage|p2b: Farigiraf|89/100\n|move|p2b: Farigiraf|Trick Room|p2b: Farigiraf\n|-fieldstart|move: Trick Room|[of] p2b: Farigiraf\n|\n|upkeep\n|turn|2\n|inactive|littleht666 has 30 seconds left.\n|\n|t:|1776338064\n|move|p2b: Farigiraf|Gravity|p2b: Farigiraf\n|-fieldstart|move: Gravity\n|move|p2a: Incineroar|Parting Shot|p1a: Aerodactyl\n|-unboost|p1a: Aerodactyl|atk|1\n|-unboost|p1a: Aerodactyl|spa|1\n|\n|t:|1776338069\n|switch|p2a: Abomasnow|Abomasnow, L50, F|100/100|[from] Parting Shot\n|-weather|Snowscape|[from] ability: Snow Warning|[of] p2a: Abomasnow\n|move|p1b: Incineroar|Parting Shot|p2a: Abomasnow\n|-unboost|p2a: Abomasnow|atk|1\n|-unboost|p2a: Abomasnow|spa|1\n|\n|t:|1776338090\n|switch|p1b: Maushold|Maushold-Four, L50, shiny|100/100|[from] Parting Shot\n|move|p1a: Aerodactyl|Rock Slide|p2b: Farigiraf|[spread] p2a,p2b\n|-supereffective|p2a: Abomasnow|1\n|-crit|p2a: Abomasnow\n|-damage|p2a: Abomasnow|63/100\n|-damage|p2b: Farigiraf|80/100\n|\n|-weather|Snowscape|[upkeep]\n|upkeep\n|turn|3\n|\n|t:|1776338098\n|switch|p2b: Crabominable|Crabominable, L50, M|100/100\n|move|p1b: Maushold|Protect|p1b: Maushold\n|-singleturn|p1b: Maushold|Protect\n|move|p1a: Aerodactyl|Protect|p1a: Aerodactyl\n|-singleturn|p1a: Aerodactyl|Protect\n|move|p2a: Abomasnow|Frost Breath|p2b: Crabominable\n|-resisted|p2b: Crabominable|1\n|-crit|p2b: Crabominable\n|-damage|p2b: Crabominable|89/100\n|-setboost|p2b: Crabominable|atk|6|[from] ability: Anger Point\n|\n|-weather|Snowscape|[upkeep]\n|upkeep\n|turn|4\n|c|\u2606littleht666|wow\n|inactive|littleht666 has 30 seconds left.\n|\n|t:|1776338125\n|switch|p1b: Incineroar|Incineroar, L50, M, shiny|95/100\n|-ability|p1b: Incineroar|Intimidate|boost\n|-unboost|p2a: Abomasnow|atk|1\n|-unboost|p2b: Crabominable|atk|1\n|detailschange|p2b: Crabominable|Crabominable-Mega, L50, M\n|-mega|p2b: Crabominable|Crabominable|Crabominite\n|move|p2a: Abomasnow|Ice Shard|p1a: Aerodactyl\n|-supereffective|p1a: Aerodactyl|1\n|-damage|p1a: Aerodactyl|80/100\n|move|p2b: Crabominable|Earthquake|p1a: Aerodactyl|[spread] p2a,p1a,p1b\n|-resisted|p2a: Abomasnow|1\n|-supereffective|p1a: Aerodactyl|1\n|-supereffective|p1b: Incineroar|1\n|-damage|p2a: Abomasnow|36/100\n|-damage|p1a: Aerodactyl|0 fnt\n|-damage|p1b: Incineroar|0 fnt\n|faint|p1a: Aerodactyl\n|faint|p1b: Incineroar\n|\n|-weather|Snowscape|[upkeep]\n|upkeep\n|c|\u2606Corbinc|You likev\n|\n|t:|1776338138\n|switch|p1b: Floette|Floette-Eternal, L50, F, shiny|100/100\n|switch|p1a: Maushold|Maushold-Four, L50, shiny|100/100\n|turn|5\n|c|\u2606Corbinc|?\n|\n|t:|1776338150\n|detailschange|p1b: Floette|Floette-Mega, L50, F, shiny\n|-mega|p1b: Floette|Floette|Floettite\n|-ability|p1b: Floette|Fairy Aura\n|move|p1b: Floette|Protect|p1b: Floette\n|-singleturn|p1b: Floette|Protect\n|move|p1a: Maushold|Protect|p1a: Maushold\n|-singleturn|p1a: Maushold|Protect\n|move|p2b: Crabominable|Amnesia|p2b: Crabominable\n|-boost|p2b: Crabominable|spd|2\n|move|p2a: Abomasnow|Aurora Veil|p2a: Abomasnow\n|-sidestart|p2: Corbinc|move: Aurora Veil\n|\n|-weather|Snowscape|[upkeep]\n|-fieldend|move: Trick Room\n|upkeep\n|turn|6\n|\n|t:|1776338166\n|move|p2a: Abomasnow|Helping Hand|p2b: Crabominable\n|-singleturn|p2b: Crabominable|Helping Hand|[of] p2a: Abomasnow\n|move|p1a: Maushold|Super Fang|p2b: Crabominable\n|-damage|p2b: Crabominable|45/100\n|move|p1b: Floette|Moonblast|p2b: Crabominable\n|-supereffective|p2b: Crabominable|1\n|-damage|p2b: Crabominable|11/100\n|move|p2b: Crabominable|Earthquake|p1b: Floette|[spread] p2a,p1a,p1b\n|-resisted|p2a: Abomasnow|1\n|-damage|p2a: Abomasnow|11/100\n|-damage|p1a: Maushold|0 fnt\n|-damage|p1b: Floette|0 fnt\n|faint|p1a: Maushold\n|faint|p1b: Floette\n|\n|win|Corbinc\n|raw|littleht666's rating: 1144 &rarr; <strong>1115</strong><br />(-29 for losing)\n|raw|Corbinc's rating: 1087 &rarr; <strong>1118</strong><br />(+31 for winning)\n|l|\u2606littleht666\n|player|p1|\n",
  "uploadtime": 1776338180,
  "views": 22,
  "formatid": "gen9championsvgc2026regma",
  "rating": 1115,
  "private": 0,
  "password": null
}