{
  "id": "gen9championsvgc2026regma-2581304069",
  "format": "[Gen 9 Champions] VGC 2026 Reg M-A",
  "players": [
    "radoovak",
    "Adricrack2090"
  ],
  "log": "|j|\u2606radoovak\n|j|\u2606Adricrack2090\n|t:|1775983959\n|gametype|doubles\n|player|p1|radoovak|steven|1315\n|player|p2|Adricrack2090|bruno|1359\n|gen|9\n|tier|[Gen 9 Champions] VGC 2026 Reg M-A\n|rated|\n|rule|Species Clause: Limit one of each Pok\u00e9mon\n|rule|Item Clause: Limit 1 of each item\n|clearpoke\n|poke|p1|Gengar, L50, F|\n|poke|p1|Sneasler, L50, F|\n|poke|p1|Incineroar, L50, F|\n|poke|p1|Whimsicott, L50, F|\n|poke|p1|Hydreigon, L50, M|\n|poke|p1|Palafin, L50, F|\n|poke|p2|Charizard, L50, F|\n|poke|p2|Kingambit, L50, M|\n|poke|p2|Maushold-Four, L50|\n|poke|p2|Sneasler, L50, M|\n|poke|p2|Dragapult, L50, M|\n|poke|p2|Garchomp, L50, F|\n|teampreview|4\n|inactive|Battle timer is ON: inactive players will automatically lose when time's up. (requested by radoovak)\n|j| gE1xjZRtuhW2DdT0AK\n|j| Andrey Koitrans\n|l| Andrey Koitrans\n|inactive|radoovak has 60 seconds left.\n|\n|t:|1775984006\n|teamsize|p1|4\n|teamsize|p2|4\n|start\n|switch|p1a: Whimsicott|Whimsicott, L50, F|100/100\n|switch|p1b: Hydreigon|Hydreigon, L50, M|100/100\n|switch|p2a: Kingambit|Kingambit, L50, M|100/100\n|switch|p2b: Dragapult|Dragapult, L50, M|100/100\n|turn|1\n|inactive|radoovak has 30 seconds left.\n|inactive|radoovak has 20 seconds left.\n|inactive|radoovak has 15 seconds left.\n|\n|t:|1775984049\n|switch|p2b: Maushold|Maushold-Four, L50|100/100\n|move|p1b: Hydreigon|Heat Wave|p2b: Maushold|[spread] p2a,p2b\n|-supereffective|p2a: Kingambit|1\n|-damage|p2a: Kingambit|65/100\n|-damage|p2b: Maushold|69/100\n|move|p1a: Whimsicott|Moonblast|p2b: Maushold\n|-damage|p2b: Maushold|35/100\n|move|p2a: Kingambit|Iron Head|p1a: Whimsicott\n|-supereffective|p1a: Whimsicott|1\n|-enditem|p1a: Whimsicott|Focus Sash\n|-damage|p1a: Whimsicott|1/100\n|\n|upkeep\n|turn|2\n|inactive|radoovak has 30 seconds left.\n|inactive|Adricrack2090 has 30 seconds left.\n|inactive|radoovak has 20 seconds left.\n|inactive|radoovak has 15 seconds left.\n|inactive|radoovak has 10 seconds left.\n|inactive|radoovak has 5 seconds left.\n|\n|t:|1775984100\n|switch|p1b: Gengar|Gengar, L50, F|100/100\n|move|p2b: Maushold|Protect|p2b: Maushold\n|-singleturn|p2b: Maushold|Protect\n|move|p1a: Whimsicott|Moonblast|p2b: Maushold\n|-activate|p2b: Maushold|move: Protect\n|move|p2a: Kingambit|Iron Head|p1a: Whimsicott\n|-supereffective|p1a: Whimsicott|1\n|-damage|p1a: Whimsicott|0 fnt\n|faint|p1a: Whimsicott\n|\n|upkeep\n|\n|t:|1775984111\n|switch|p1a: Sneasler|Sneasler, L50, F|100/100\n|turn|3\n|\n|t:|1775984126\n|detailschange|p1b: Gengar|Gengar-Mega, L50, F\n|-mega|p1b: Gengar|Gengar|Gengarite\n|move|p1a: Sneasler|Fake Out|p2a: Kingambit\n|-resisted|p2a: Kingambit|1\n|-damage|p2a: Kingambit|62/100\n|move|p2b: Maushold|Follow Me|p2b: Maushold\n|-singleturn|p2b: Maushold|move: Follow Me\n|move|p1b: Gengar|Sludge Bomb|p2b: Maushold\n|-damage|p2b: Maushold|0 fnt\n|faint|p2b: Maushold\n|cant|p2a: Kingambit|flinch\n|\n|upkeep\n|\n|t:|1775984135\n|switch|p2b: Sneasler|Sneasler, L50, M|100/100\n|turn|4\n|\n|t:|1775984146\n|move|p2b: Sneasler|Fake Out|p1a: Sneasler\n|-crit|p1a: Sneasler\n|-damage|p1a: Sneasler|68/100\n|move|p1b: Gengar|Will-O-Wisp|p2b: Sneasler\n|-status|p2b: Sneasler|brn\n|cant|p1a: Sneasler|flinch\n|move|p2a: Kingambit|Kowtow Cleave|p1b: Gengar\n|-supereffective|p1b: Gengar|1\n|-damage|p1b: Gengar|0 fnt\n|faint|p1b: Gengar\n|\n|-damage|p2b: Sneasler|95/100 brn|[from] brn\n|upkeep\n|\n|t:|1775984155\n|switch|p1b: Hydreigon|Hydreigon, L50, M|100/100\n|turn|5\n|\n|t:|1775984174\n|move|p2b: Sneasler|Protect|p2b: Sneasler\n|-singleturn|p2b: Sneasler|Protect\n|move|p2a: Kingambit|Protect|p2a: Kingambit\n|-singleturn|p2a: Kingambit|Protect\n|move|p1b: Hydreigon|Dark Pulse|p2b: Sneasler\n|-activate|p2b: Sneasler|move: Protect\n|move|p1a: Sneasler|Close Combat|p2b: Sneasler\n|-activate|p2b: Sneasler|move: Protect\n|\n|-damage|p2b: Sneasler|89/100 brn|[from] brn\n|upkeep\n|turn|6\n|inactive|radoovak has 30 seconds left.\n|\n|t:|1775984208\n|switch|p2a: Dragapult|Dragapult, L50, M|100/100\n|move|p1b: Hydreigon|Dark Pulse|p2b: Sneasler\n|-resisted|p2b: Sneasler|1\n|-damage|p2b: Sneasler|60/100 brn\n|move|p1a: Sneasler|Close Combat|p2a: Dragapult\n|-immune|p2a: Dragapult\n|move|p2b: Sneasler|Close Combat|p1b: Hydreigon\n|-supereffective|p1b: Hydreigon|1\n|-damage|p1b: Hydreigon|34/100\n|-unboost|p2b: Sneasler|def|1\n|-unboost|p2b: Sneasler|spd|1\n|\n|-damage|p2b: Sneasler|55/100 brn|[from] brn\n|upkeep\n|turn|7\n|\n|t:|1775984231\n|switch|p2a: Kingambit|Kingambit, L50, M|62/100\n|move|p2b: Sneasler|Protect|p2b: Sneasler\n|-singleturn|p2b: Sneasler|Protect\n|move|p1b: Hydreigon|Dark Pulse|p2a: Kingambit\n|-resisted|p2a: Kingambit|1\n|-damage|p2a: Kingambit|41/100\n|move|p1a: Sneasler|Close Combat|p2b: Sneasler\n|-activate|p2b: Sneasler|move: Protect\n|\n|-damage|p2b: Sneasler|49/100 brn|[from] brn\n|upkeep\n|turn|8\n|inactive|radoovak has 30 seconds left.\n|\n|t:|1775984264\n|move|p1b: Hydreigon|Dark Pulse|p2b: Sneasler\n|-resisted|p2b: Sneasler|1\n|-damage|p2b: Sneasler|4/100 brn\n|move|p2b: Sneasler|Close Combat|p1b: Hydreigon\n|-supereffective|p1b: Hydreigon|1\n|-damage|p1b: Hydreigon|0 fnt\n|-unboost|p2b: Sneasler|def|1\n|-unboost|p2b: Sneasler|spd|1\n|faint|p1b: Hydreigon\n|move|p1a: Sneasler|Close Combat|p2a: Kingambit\n|-supereffective|p2a: Kingambit|2\n|-crit|p2a: Kingambit\n|-damage|p2a: Kingambit|0 fnt\n|-unboost|p1a: Sneasler|def|1\n|-unboost|p1a: Sneasler|spd|1\n|faint|p2a: Kingambit\n|-enditem|p1a: Sneasler|White Herb\n|-clearnegativeboost|p1a: Sneasler|[silent]\n|\n|-damage|p2b: Sneasler|0 fnt|[from] brn\n|faint|p2b: Sneasler\n|upkeep\n|\n|t:|1775984274\n|switch|p2a: Dragapult|Dragapult, L50, M|100/100\n|turn|9\n|\n|t:|1775984281\n|move|p1a: Sneasler|Dire Claw|p2a: Dragapult\n|-resisted|p2a: Dragapult|1\n|-damage|p2a: Dragapult|73/100\n|move|p2a: Dragapult|Psychic Fangs|p1a: Sneasler\n|-supereffective|p1a: Sneasler|2\n|-damage|p1a: Sneasler|0 fnt\n|faint|p1a: Sneasler\n|\n|win|Adricrack2090\n|raw|radoovak's rating: 1315 &rarr; <strong>1298</strong><br />(-17 for losing)\n|raw|Adricrack2090's rating: 1359 &rarr; <strong>1376</strong><br />(+17 for winning)\n|c|\u2606radoovak|gg\n|l|\u2606radoovak\n|player|p1|\n|l|\u2606Adricrack2090\n|player|p2|\n",
  "uploadtime": 1775984337,
  "views": 34,
  "formatid": "gen9championsvgc2026regma",
  "rating": 1298,
  "private": 0,
  "password": null
}