{
  "id": "gen9championsvgc2026regma-2582783758",
  "format": "[Gen 9 Champions] VGC 2026 Reg M-A",
  "players": [
    "lisarb660",
    "mofriu4334"
  ],
  "log": "|j|\u2606lisarb660\n|j|\u2606mofriu4334\n|html|<table width=\"100%\"><tr><td align=\"left\">lisarb660</td><td align=\"right\">mofriu4334</tr><tr><td align=\"left\"><i class=\"fa fa-circle-o\"></i> <i class=\"fa fa-circle-o\"></i> </td><td align=\"right\"><i class=\"fa fa-circle-o\"></i> <i class=\"fa fa-circle-o\"></i> </tr></table>\n|uhtml|bestof|<h2><strong>Game 1</strong> of <a href=\"/game-bestof3-gen9championsvgc2026regma-2582783757\">a best-of-3</a></h2>\n|t:|1776113849\n|gametype|doubles\n|player|p1|lisarb660|volkner|\n|player|p2|mofriu4334|bianca|\n|gen|9\n|tier|[Gen 9 Champions] VGC 2026 Reg M-A\n|rule|Species Clause: Limit one of each Pok\u00e9mon\n|rule|Item Clause: Limit 1 of each item\n|raw|<div class=\"infobox\"><details class=\"readmore\" open><summary><strong>1 custom rule:</strong></summary> Best of = 3</details></div>\n|clearpoke\n|poke|p1|Basculegion, L50, M|\n|poke|p1|Pelipper, L50, M|\n|poke|p1|Dragonite, L50, M|\n|poke|p1|Archaludon, L50, F|\n|poke|p1|Sneasler, L50, F|\n|poke|p1|Rotom-Heat, L50|\n|poke|p2|Scizor, L50, F|\n|poke|p2|Rotom-Wash, L50|\n|poke|p2|Garchomp, L50, F|\n|poke|p2|Dragonite, L50, F|\n|poke|p2|Sylveon, L50, F|\n|poke|p2|Gengar, L50, F|\n|teampreview|4\n|\n|t:|1776113908\n|teamsize|p1|4\n|teamsize|p2|4\n|start\n|switch|p1a: sasukemon|Sneasler, L50, F|100/100\n|switch|p1b: 09/11|Archaludon, L50, F|100/100\n|switch|p2a: Sylveon|Sylveon, L50, F|100/100\n|switch|p2b: Gengar|Gengar, L50, F|100/100\n|turn|1\n|j| jeanmixed\n|inactive|Battle timer is ON: inactive players will automatically lose when time's up. (requested by lisarb660)\n|\n|t:|1776113975\n|switch|p2a: Scizor|Scizor, L50, F|100/100\n|move|p1a: sasukemon|Fake Out|p2a: Scizor\n|-resisted|p2a: Scizor|1\n|-damage|p2a: Scizor|93/100\n|move|p2b: Gengar|Thunderbolt|p1a: sasukemon\n|-damage|p1a: sasukemon|57/100\n|move|p1b: 09/11|Flash Cannon|p2a: Scizor\n|-resisted|p2a: Scizor|1\n|-damage|p2a: Scizor|69/100\n|\n|upkeep\n|turn|2\n|inactive|mofriu4334 has 30 seconds left.\n|inactiveoff|Battle timer is now OFF.\n|\n|t:|1776114031\n|move|p1a: sasukemon|Protect|p1a: sasukemon\n|-singleturn|p1a: sasukemon|Protect\n|move|p2b: Gengar|Shadow Ball|p1a: sasukemon\n|-activate|p1a: sasukemon|move: Protect\n|move|p1b: 09/11|Electro Shot||[still]\n|-prepare|p1b: 09/11|Electro Shot\n|-boost|p1b: 09/11|spa|1\n|move|p2a: Scizor|Swords Dance|p2a: Scizor\n|-boost|p2a: Scizor|atk|2\n|\n|upkeep\n|turn|3\n|\n|t:|1776114061\n|move|p2b: Gengar|Thunderbolt|p1b: 09/11\n|-resisted|p1b: 09/11|1\n|-damage|p1b: 09/11|85/100\n|-ability|p1b: 09/11|Stamina|boost\n|-boost|p1b: 09/11|def|1\n|move|p1a: sasukemon|Close Combat|p2a: Scizor\n|-damage|p2a: Scizor|5/100\n|-unboost|p1a: sasukemon|def|1\n|-unboost|p1a: sasukemon|spd|1\n|-enditem|p1a: sasukemon|White Herb\n|-clearnegativeboost|p1a: sasukemon|[silent]\n|move|p1b: 09/11|Electro Shot|p2b: Gengar|[from] lockedmove\n|-damage|p2b: Gengar|4/100\n|-start|p1b: 09/11|Disable|Electro Shot|[from] ability: Cursed Body|[of] p2b: Gengar\n|move|p2a: Scizor|Close Combat|p1b: 09/11\n|-supereffective|p1b: 09/11|1\n|-damage|p1b: 09/11|0 fnt\n|-unboost|p2a: Scizor|def|1\n|-unboost|p2a: Scizor|spd|1\n|faint|p1b: 09/11\n|\n|upkeep\n|\n|t:|1776114085\n|switch|p1b: pelicano|Pelipper, L50, M|100/100\n|-weather|RainDance|[from] ability: Drizzle|[of] p1b: pelicano\n|turn|4\n|\n|t:|1776114093\n|move|p1a: sasukemon|Protect|p1a: sasukemon\n|-singleturn|p1a: sasukemon|Protect\n|move|p2a: Scizor|Bullet Punch|p1a: sasukemon\n|-activate|p1a: sasukemon|move: Protect\n|move|p2b: Gengar|Destiny Bond|p2b: Gengar\n|-singlemove|p2b: Gengar|Destiny Bond\n|move|p1b: pelicano|Tailwind|p1b: pelicano\n|-sidestart|p1: lisarb660|move: Tailwind\n|\n|-weather|RainDance|[upkeep]\n|upkeep\n|turn|5\n|\n|t:|1776114127\n|move|p1b: pelicano|Protect|p1b: pelicano\n|-singleturn|p1b: pelicano|Protect\n|move|p1a: sasukemon|Close Combat|p2a: Scizor\n|-damage|p2a: Scizor|0 fnt\n|-unboost|p1a: sasukemon|def|1\n|-unboost|p1a: sasukemon|spd|1\n|faint|p2a: Scizor\n|move|p2b: Gengar|Destiny Bond||[still]\n|-fail|p2b: Gengar\n|\n|-weather|RainDance|[upkeep]\n|upkeep\n|\n|t:|1776114151\n|switch|p2a: Rotom|Rotom-Wash, L50|100/100\n|turn|6\n|\n|t:|1776114163\n|switch|p1b: lagartixa pan\u00e7uda|Dragonite, L50, M, shiny|100/100\n|move|p1a: sasukemon|Close Combat|p2a: Rotom\n|-damage|p2a: Rotom|51/100\n|-unboost|p1a: sasukemon|def|1\n|-unboost|p1a: sasukemon|spd|1\n|move|p2b: Gengar|Destiny Bond|p2b: Gengar\n|-singlemove|p2b: Gengar|Destiny Bond\n|move|p2a: Rotom|Volt Switch|p1b: lagartixa pan\u00e7uda\n|-damage|p1b: lagartixa pan\u00e7uda|88/100\n|\n|t:|1776114179\n|switch|p2a: Sylveon|Sylveon, L50, F|100/100|[from] Volt Switch\n|\n|-weather|RainDance|[upkeep]\n|upkeep\n|turn|7\n|\n|t:|1776114192\n|detailschange|p1b: lagartixa pan\u00e7uda|Dragonite-Mega, L50, M, shiny\n|-mega|p1b: lagartixa pan\u00e7uda|Dragonite|Dragoninite\n|move|p1a: sasukemon|Dire Claw|p2a: Sylveon\n|-supereffective|p2a: Sylveon|1\n|-damage|p2a: Sylveon|0 fnt\n|faint|p2a: Sylveon\n|move|p1b: lagartixa pan\u00e7uda|Dragon Pulse|p2b: Gengar\n|-damage|p2b: Gengar|0 fnt\n|faint|p2b: Gengar\n|-activate|p2b: Gengar|move: Destiny Bond\n|faint|p1b: lagartixa pan\u00e7uda\n|\n|-weather|RainDance|[upkeep]\n|-sideend|p1: lisarb660|move: Tailwind\n|upkeep\n|\n|t:|1776114215\n|switch|p2b: Rotom|Rotom-Wash, L50|51/100\n|switch|p1b: pelicano|Pelipper, L50, M|100/100\n|turn|8\n|\n|t:|1776114239\n|move|p1a: sasukemon|Close Combat|p2b: Rotom\n|-damage|p2b: Rotom|0 fnt\n|-unboost|p1a: sasukemon|def|1\n|-unboost|p1a: sasukemon|spd|1\n|faint|p2b: Rotom\n|\n|win|lisarb660\n|inactive|lisarb660 has 30 seconds to confirm battle start!\n|inactive|mofriu4334 has 30 seconds to confirm battle start!\n",
  "uploadtime": 1776114245,
  "views": 19,
  "formatid": "gen9championsvgc2026regma",
  "rating": null,
  "private": 0,
  "password": null
}