{
  "id": "gen9championsvgc2026regma-2583174430",
  "format": "[Gen 9 Champions] VGC 2026 Reg M-A",
  "players": [
    "poopoo tester",
    "getgudlel"
  ],
  "log": "|j|\u2606poopoo tester\n|j|\u2606getgudlel\n|t:|1776151040\n|gametype|doubles\n|player|p1|poopoo tester|266|1049\n|player|p2|getgudlel|harlequin|1000\n|gen|9\n|tier|[Gen 9 Champions] VGC 2026 Reg M-A\n|rated|\n|rule|Species Clause: Limit one of each Pok\u00e9mon\n|rule|Item Clause: Limit 1 of each item\n|clearpoke\n|poke|p1|Charizard, L50, F|\n|poke|p1|Hawlucha, L50, F|\n|poke|p1|Whimsicott, L50, M|\n|poke|p1|Lucario, L50, F|\n|poke|p1|Basculegion, L50, M|\n|poke|p1|Rotom-Wash, L50|\n|poke|p2|Greninja-*, L50, M|\n|poke|p2|Mimikyu, L50, M|\n|poke|p2|Ampharos, L50, F|\n|poke|p2|Altaria, L50, F|\n|poke|p2|Toxapex, L50, F|\n|poke|p2|Arcanine-Hisui, L50, M|\n|teampreview|4\ngetgudlel rejected open team sheets.\n|\n|t:|1776151089\n|teamsize|p1|4\n|teamsize|p2|4\n|start\n|switch|p1a: Whimsicott|Whimsicott, L50, M|100/100\n|switch|p1b: Charizard|Charizard, L50, F|100/100\n|switch|p2a: Altaria|Altaria, L50, F|100/100\n|switch|p2b: Greninja|Greninja, L50, M|100/100\n|-ability|p2a: Altaria|Cloud Nine\n|turn|1\n|\n|t:|1776151104\n|detailschange|p2b: Greninja|Greninja-Mega, L50, M\n|-mega|p2b: Greninja|Greninja|Greninjite\n|detailschange|p1b: Charizard|Charizard-Mega-X, L50, F\n|-mega|p1b: Charizard|Charizard|Charizardite X\n|move|p1a: Whimsicott|Tailwind|p1a: Whimsicott\n|-sidestart|p1: poopoo tester|move: Tailwind\n|move|p1b: Charizard|Thunder Punch|p2b: Greninja\n|-supereffective|p2b: Greninja|1\n|-damage|p2b: Greninja|0 fnt\n|faint|p2b: Greninja\n|move|p2a: Altaria|Tailwind|p2a: Altaria\n|-sidestart|p2: getgudlel|move: Tailwind\n|\n|upkeep\n|\n|t:|1776151118\n|switch|p2b: Toxapex|Toxapex, L50, F|100/100\n|turn|2\n|\n|t:|1776151125\n|move|p2a: Altaria|Protect|p2a: Altaria\n|-singleturn|p2a: Altaria|Protect\n|move|p1a: Whimsicott|Taunt|p2b: Toxapex\n|-start|p2b: Toxapex|move: Taunt\n|move|p1b: Charizard|Dragon Claw|p2a: Altaria\n|-activate|p2a: Altaria|move: Protect\n|cant|p2b: Toxapex|move: Taunt|Toxic\n|\n|upkeep\n|turn|3\n|\n|t:|1776151145\n|move|p1a: Whimsicott|Helping Hand|p1b: Charizard\n|-singleturn|p1b: Charizard|Helping Hand|[of] p1a: Whimsicott\n|move|p2a: Altaria|Protect||[still]\n|-fail|p2a: Altaria\n|move|p1b: Charizard|Dragon Claw|p2a: Altaria\n|-supereffective|p2a: Altaria|1\n|-damage|p2a: Altaria|0 fnt\n|faint|p2a: Altaria\n|move|p2b: Toxapex|Chilling Water|p1a: Whimsicott\n|-resisted|p1a: Whimsicott|1\n|-damage|p1a: Whimsicott|93/100\n|-unboost|p1a: Whimsicott|atk|1\n|\n|upkeep\n|\n|t:|1776151156\n|switch|p2a: Mimikyu|Mimikyu, L50, M|100/100\n|turn|4\n|\n|t:|1776151172\n|move|p1a: Whimsicott|Dazzling Gleam|p2b: Toxapex|[spread] p2a,p2b\n|-resisted|p2b: Toxapex|1\n|-activate|p2a: Mimikyu|ability: Disguise\n|-damage|p2a: Mimikyu|100/100\n|-damage|p2b: Toxapex|93/100\n|detailschange|p2a: Mimikyu|Mimikyu-Busted, L50, M\n|-damage|p2a: Mimikyu|88/100|[from] pokemon: Mimikyu-Busted\n|move|p1b: Charizard|Flare Blitz|p2a: Mimikyu\n|-damage|p2a: Mimikyu|0 fnt\n|faint|p2a: Mimikyu\n|-damage|p1b: Charizard|76/100|[from] Recoil\n|move|p2b: Toxapex|Chilling Water|p1b: Charizard\n|-damage|p1b: Charizard|62/100\n|-unboost|p1b: Charizard|atk|1\n|\n|-heal|p2b: Toxapex|99/100|[from] item: Leftovers\n|-end|p2b: Toxapex|move: Taunt\n|-sideend|p2: getgudlel|move: Tailwind\n|-sideend|p1: poopoo tester|move: Tailwind\n|upkeep\n|turn|5\n|\n|t:|1776151193\n|move|p1a: Whimsicott|Taunt|p2b: Toxapex\n|-start|p2b: Toxapex|move: Taunt\n|move|p1b: Charizard|Swords Dance|p1b: Charizard\n|-boost|p1b: Charizard|atk|2\n|move|p2b: Toxapex|Chilling Water|p1b: Charizard\n|-damage|p1b: Charizard|48/100\n|-unboost|p1b: Charizard|atk|1\n|\n|-heal|p2b: Toxapex|100/100|[from] item: Leftovers\n|upkeep\n|turn|6\n|\n|t:|1776151206\n|move|p1a: Whimsicott|Helping Hand|p1b: Charizard\n|-singleturn|p1b: Charizard|Helping Hand|[of] p1a: Whimsicott\n|move|p1b: Charizard|Thunder Punch|p2b: Toxapex\n|-supereffective|p2b: Toxapex|1\n|-damage|p2b: Toxapex|29/100\n|move|p2b: Toxapex|Chilling Water|p1b: Charizard\n|-damage|p1b: Charizard|34/100\n|-unboost|p1b: Charizard|atk|1\n|\n|-heal|p2b: Toxapex|35/100|[from] item: Leftovers\n|upkeep\n|turn|7\n|-message|getgudlel forfeited.\n|\n|win|poopoo tester\n|raw|poopoo tester's rating: 1049 &rarr; <strong>1077</strong><br />(+28 for winning)\n|raw|getgudlel's rating: 1000 &rarr; <strong>1000</strong><br />(+0 for losing)\n|l|\u2606getgudlel\n|player|p2|\n",
  "uploadtime": 1776151309,
  "views": 33,
  "formatid": "gen9championsvgc2026regma",
  "rating": 1000,
  "private": 0,
  "password": null
}