{
  "id": "gen9championsvgc2026regma-2586139750",
  "format": "[Gen 9 Champions] VGC 2026 Reg M-A",
  "players": [
    "forkuser222",
    "wuben"
  ],
  "log": "|j|\u2606forkuser222\n|j|\u2606wuben\n|t:|1776403969\n|gametype|doubles\n|player|p1|forkuser222|dancer|\n|player|p2|wuben|170|\n|gen|9\n|tier|[Gen 9 Champions] VGC 2026 Reg M-A\n|rated|Tournament battle\n|rule|Species Clause: Limit one of each Pok\u00e9mon\n|rule|Item Clause: Limit 1 of each item\n|raw|<div class=\"infobox\"><details class=\"readmore\" open><summary><strong>1 custom rule:</strong></summary> Force Open Team Sheets</details></div>\n|clearpoke\n|poke|p1|Incineroar, L50, F|\n|poke|p1|Corviknight, L50, M|\n|poke|p1|Garchomp, L50, M|\n|poke|p1|Floette-Eternal, L50, F|\n|poke|p1|Sneasler, L50, M|\n|poke|p1|Sinistcha, L50|\n|poke|p2|Venusaur, L50, F|\n|poke|p2|Primarina, L50, M|\n|poke|p2|Incineroar, L50, F|\n|poke|p2|Sneasler, L50, F|\n|poke|p2|Tyranitar, L50, F|\n|poke|p2|Whimsicott, L50, F|\n|teampreview|4\n|showteam|p1|Incineroar||ChopleBerry|Intimidate|FakeOut,FlareBlitz,ThroatChop,PartingShot|||F|||50|]Corviknight||Leftovers|MirrorArmor|IronHead,BraveBird,Roost,BulkUp|||M|||50|]Garchomp||Garchompite|RoughSkin|Earthquake,StompingTantrum,Protect,RockSlide|||M|||50|]Floette-Eternal||Floettite|FlowerVeil|Moonblast,DrainingKiss,CalmMind,Protect|||F|||50|]Sneasler||FocusSash|Pressure|FakeOut,CloseCombat,Coaching,DireClaw|||M|||50|]Sinistcha||SitrusBerry|Hospitality|MatchaGotcha,RagePowder,TrickRoom,Protect||||||50|\n|showteam|p2|Venusaur||Venusaurite|Chlorophyll|EnergyBall,SludgeBomb,EarthPower,Protect|||F|||50|]Primarina||Leftovers|LiquidVoice|HyperVoice,Moonblast,Protect,CalmMind|||M|||50|]Incineroar||SitrusBerry|Intimidate|FakeOut,FlareBlitz,DarkestLariat,PartingShot|||F|||50|]Sneasler||WhiteHerb|Unburden|FakeOut,DireClaw,CloseCombat,Protect|||F|||50|]Tyranitar||ChoiceScarf|SandStream|RockSlide,HighHorsepower,IronHead,KnockOff|||F|||50|]Whimsicott||FocusSash|Prankster|Tailwind,Moonblast,Protect,Tickle|||F|||50|\n|j| shocccco\u2764\n|c|\u2606forkuser222|good luck, have fun\n|\n|t:|1776404034\n|teamsize|p1|4\n|teamsize|p2|4\n|start\n|switch|p1a: Sneasler|Sneasler, L50, M|100/100\n|switch|p1b: Corviknight|Corviknight, L50, M|100/100\n|switch|p2a: Sneasler|Sneasler, L50, F|100/100\n|switch|p2b: Tyranitar|Tyranitar, L50, F|100/100\n|-ability|p1a: Sneasler|Pressure\n|-weather|Sandstorm|[from] ability: Sand Stream|[of] p2b: Tyranitar\n|turn|1\n|\n|t:|1776404052\n|move|p1a: Sneasler|Fake Out|p2b: Tyranitar\n|-resisted|p2b: Tyranitar|1\n|-damage|p2b: Tyranitar|94/100\n|move|p2a: Sneasler|Fake Out|p1a: Sneasler\n|-damage|p1a: Sneasler|73/100\n|cant|p2b: Tyranitar|flinch\n|move|p1b: Corviknight|Bulk Up|p1b: Corviknight\n|-boost|p1b: Corviknight|atk|1\n|-boost|p1b: Corviknight|def|1\n|\n|-weather|Sandstorm|[upkeep]\n|-damage|p1a: Sneasler|67/100|[from] Sandstorm\n|-damage|p2a: Sneasler|95/100|[from] Sandstorm\n|upkeep\n|turn|2\n|\n|t:|1776404069\n|switch|p2b: Whimsicott|Whimsicott, L50, F, shiny|100/100\n|move|p1a: Sneasler|Close Combat|p2b: Whimsicott\n|-resisted|p2b: Whimsicott|1\n|-damage|p2b: Whimsicott|61/100\n|-unboost|p1a: Sneasler|def|1\n|-unboost|p1a: Sneasler|spd|1\n|move|p2a: Sneasler|Close Combat|p1b: Corviknight\n|-damage|p1b: Corviknight|64/100\n|-unboost|p2a: Sneasler|def|1\n|-unboost|p2a: Sneasler|spd|1\n|-enditem|p2a: Sneasler|White Herb\n|-clearnegativeboost|p2a: Sneasler|[silent]\n|move|p1b: Corviknight|Brave Bird|p2a: Sneasler\n|-supereffective|p2a: Sneasler|1\n|-damage|p2a: Sneasler|0 fnt\n|faint|p2a: Sneasler\n|-damage|p1b: Corviknight|40/100|[from] Recoil\n|\n|-weather|Sandstorm|[upkeep]\n|-damage|p1a: Sneasler|62/100|[from] Sandstorm\n|-damage|p2b: Whimsicott|55/100|[from] Sandstorm\n|-heal|p1b: Corviknight|46/100|[from] item: Leftovers\n|upkeep\n|\n|t:|1776404089\n|switch|p2a: Venusaur|Venusaur, L50, F, shiny|100/100\n|turn|3\n|\n|t:|1776404098\n|detailschange|p2a: Venusaur|Venusaur-Mega, L50, F, shiny\n|-mega|p2a: Venusaur|Venusaur|Venusaurite\n|move|p2b: Whimsicott|Tailwind|p2b: Whimsicott\n|-sidestart|p2: wuben|move: Tailwind\n|move|p2a: Venusaur|Earth Power|p1a: Sneasler\n|-supereffective|p1a: Sneasler|1\n|-damage|p1a: Sneasler|0 fnt\n|faint|p1a: Sneasler\n|move|p1b: Corviknight|Roost|p1b: Corviknight\n|-heal|p1b: Corviknight|96/100\n|-singleturn|p1b: Corviknight|move: Roost\n|\n|-weather|Sandstorm|[upkeep]\n|-damage|p2b: Whimsicott|49/100|[from] Sandstorm\n|-damage|p2a: Venusaur|95/100|[from] Sandstorm\n|-heal|p1b: Corviknight|100/100|[from] item: Leftovers\n|upkeep\n|\n|t:|1776404107\n|switch|p1a: Incineroar|Incineroar, L50, F|100/100\n|-ability|p1a: Incineroar|Intimidate|boost\n|-unboost|p2a: Venusaur|atk|1\n|-unboost|p2b: Whimsicott|atk|1\n|turn|4\n|\n|t:|1776404116\n|move|p2b: Whimsicott|Protect|p2b: Whimsicott\n|-singleturn|p2b: Whimsicott|Protect\n|move|p2a: Venusaur|Protect|p2a: Venusaur\n|-singleturn|p2a: Venusaur|Protect\n|move|p1b: Corviknight|Brave Bird|p2a: Venusaur\n|-activate|p2a: Venusaur|move: Protect\n|move|p1a: Incineroar|Flare Blitz|p2b: Whimsicott\n|-activate|p2b: Whimsicott|move: Protect\n|\n|-weather|Sandstorm|[upkeep]\n|-damage|p2b: Whimsicott|43/100|[from] Sandstorm\n|-damage|p2a: Venusaur|89/100|[from] Sandstorm\n|-damage|p1a: Incineroar|95/100|[from] Sandstorm\n|upkeep\n|turn|5\n|\n|t:|1776404133\n|move|p2b: Whimsicott|Tickle|p1b: Corviknight\n|-ability|p1b: Corviknight|Mirror Armor\n|-unboost|p2b: Whimsicott|atk|1\n|-ability|p1b: Corviknight|Mirror Armor\n|-unboost|p2b: Whimsicott|def|1\n|move|p2a: Venusaur|Earth Power|p1a: Incineroar\n|-supereffective|p1a: Incineroar|1\n|-damage|p1a: Incineroar|37/100\n|move|p1b: Corviknight|Brave Bird|p2a: Venusaur\n|-supereffective|p2a: Venusaur|1\n|-damage|p2a: Venusaur|0 fnt\n|faint|p2a: Venusaur\n|-damage|p1b: Corviknight|74/100|[from] Recoil\n|move|p1a: Incineroar|Flare Blitz|p2b: Whimsicott\n|-supereffective|p2b: Whimsicott|1\n|-damage|p2b: Whimsicott|0 fnt\n|faint|p2b: Whimsicott\n|-damage|p1a: Incineroar|26/100|[from] Recoil\n|\n|-weather|none\n|-heal|p1b: Corviknight|80/100|[from] item: Leftovers\n|upkeep\n|\n|t:|1776404142\n|switch|p2b: Tyranitar|Tyranitar, L50, F|94/100\n|-weather|Sandstorm|[from] ability: Sand Stream|[of] p2b: Tyranitar\n|turn|6\n|c| shocccco\u2764|el oh el\n|\n|t:|1776404151\n|switch|p1a: Garchomp|Garchomp, L50, M|100/100\n|move|p2b: Tyranitar|Rock Slide|p1a: Garchomp|[spread] p1a,p1b\n|-resisted|p1a: Garchomp|1\n|-damage|p1a: Garchomp|87/100\n|-damage|p1b: Corviknight|62/100\n|move|p1b: Corviknight|Iron Head|p2b: Tyranitar\n|-supereffective|p2b: Tyranitar|1\n|-damage|p2b: Tyranitar|20/100\n|\n|-weather|Sandstorm|[upkeep]\n|-heal|p1b: Corviknight|68/100|[from] item: Leftovers\n|-sideend|p2: wuben|move: Tailwind\n|upkeep\n|turn|7\n|\n|t:|1776404163\n|move|p2b: Tyranitar|Rock Slide|p1a: Garchomp|[spread] p1a,p1b\n|-resisted|p1a: Garchomp|1\n|-damage|p1a: Garchomp|73/100\n|-damage|p1b: Corviknight|51/100\n|cant|p1a: Garchomp|flinch\n|cant|p1b: Corviknight|flinch\n|\n|-weather|Sandstorm|[upkeep]\n|-heal|p1b: Corviknight|57/100|[from] item: Leftovers\n|upkeep\n|turn|8\n|\n|t:|1776404169\n|move|p2b: Tyranitar|Rock Slide|p1b: Corviknight|[spread] p1a,p1b\n|-resisted|p1a: Garchomp|1\n|-damage|p1a: Garchomp|58/100\n|-damage|p1b: Corviknight|37/100\n|cant|p1a: Garchomp|flinch\n|cant|p1b: Corviknight|flinch\n|\n|-weather|Sandstorm|[upkeep]\n|-heal|p1b: Corviknight|43/100|[from] item: Leftovers\n|upkeep\n|turn|9\n|\n|t:|1776404183\n|move|p2b: Tyranitar|Rock Slide|p1a: Garchomp|[spread] p1b\n|-miss|p2b: Tyranitar|p1a: Garchomp\n|-damage|p1b: Corviknight|25/100\n|move|p1a: Garchomp|Earthquake|p2b: Tyranitar|[spread] p2b\n|-immune|p1b: Corviknight\n|-supereffective|p2b: Tyranitar|1\n|-damage|p2b: Tyranitar|0 fnt\n|faint|p2b: Tyranitar\n|\n|win|forkuser222\n|n|\u2606forkuser222|forkuser222\n|n|\u2606wuben|wuben\n|n| shocccco\u2764|shocccco\n|c|\u2606forkuser222|gg\n",
  "uploadtime": 1776404195,
  "views": 18,
  "formatid": "gen9championsvgc2026regma",
  "rating": null,
  "private": 0,
  "password": null
}