{
  "id": "gen9championsvgc2026regma-2587404959",
  "format": "[Gen 9 Champions] VGC 2026 Reg M-A",
  "players": [
    "SakikoPlushie",
    "sheikko"
  ],
  "log": "|j|\u2606SakikoPlushie\n|j|\u2606sheikko\n|t:|1776529061\n|gametype|doubles\n|player|p1|SakikoPlushie|miku-ghost|\n|player|p2|sheikko|canari|\n|gen|9\n|tier|[Gen 9 Champions] VGC 2026 Reg M-A\n|rule|Species Clause: Limit one of each Pok\u00e9mon\n|rule|Item Clause: Limit 1 of each item\n|clearpoke\n|poke|p1|Basculegion, L50, M|\n|poke|p1|Dragonite, L50, M|\n|poke|p1|Garchomp, L50, F|\n|poke|p1|Whimsicott, L50, F|\n|poke|p1|Pelipper, L50, F|\n|poke|p1|Incineroar, L50, F|\n|poke|p2|Farigiraf, L50, F|\n|poke|p2|Torkoal, L50, M|\n|poke|p2|Kingambit, L50, M, shiny|\n|poke|p2|Golurk, L50, shiny|\n|poke|p2|Drampa, L50, M, shiny|\n|poke|p2|Cofagrigus, L50, F, shiny|\n|teampreview|4\n|inactive|Battle timer is ON: inactive players will automatically lose when time's up. (requested by sheikko)\n|inactive|sheikko has 60 seconds left.\n|\n|t:|1776529104\n|teamsize|p1|4\n|teamsize|p2|4\n|start\n|switch|p1a: SpecialWeek|Dragonite, L50, M|100/100\n|switch|p1b: Juvia|Pelipper, L50, F|100/100\n|switch|p2a: Farigiraf|Farigiraf, L50, F|100/100\n|switch|p2b: Golurk|Golurk, L50, shiny|100/100\n|-weather|RainDance|[from] ability: Drizzle|[of] p1b: Juvia\n|turn|1\n|\n|t:|1776529119\n|switch|p2b: Torkoal|Torkoal, L50, M|100/100\n|-weather|SunnyDay|[from] ability: Drought|[of] p2b: Torkoal\n|detailschange|p1a: SpecialWeek|Dragonite-Mega, L50, M\n|-mega|p1a: SpecialWeek|Dragonite|Dragoninite\n|move|p1a: SpecialWeek|Hurricane|p2a: Farigiraf|[miss]\n|-miss|p1a: SpecialWeek|p2a: Farigiraf\n|move|p1b: Juvia|Muddy Water|p2b: Torkoal|[spread] p2a,p2b\n|-supereffective|p2b: Torkoal|1\n|-damage|p2a: Farigiraf|86/100\n|-damage|p2b: Torkoal|69/100\n|-unboost|p2b: Torkoal|accuracy|1\n|move|p2a: Farigiraf|Trick Room|p2a: Farigiraf\n|-fieldstart|move: Trick Room|[of] p2a: Farigiraf\n|\n|-weather|SunnyDay|[upkeep]\n|upkeep\n|turn|2\n|\n|t:|1776529143\n|switch|p2b: Kingambit|Kingambit, L50, M, shiny|100/100\n|switch|p1b: Opera O|Garchomp, L50, F|100/100\n|move|p1a: SpecialWeek|Protect|p1a: SpecialWeek\n|-singleturn|p1a: SpecialWeek|Protect\n|move|p2a: Farigiraf|Hyper Voice|p1b: Opera O|[spread] p1b\n|-activate|p1a: SpecialWeek|move: Protect\n|-damage|p1b: Opera O|56/100\n|\n|-weather|SunnyDay|[upkeep]\n|upkeep\n|turn|3\n|inactive|sheikko has 30 seconds left.\n|\n|t:|1776529170\n|switch|p1b: RiceShower|Basculegion, L50, M|100/100\n|move|p2b: Kingambit|Kowtow Cleave|p1a: SpecialWeek\n|-damage|p1a: SpecialWeek|78/100\n|move|p2a: Farigiraf|Hyper Voice|p1b: RiceShower|[spread] p1a\n|-immune|p1b: RiceShower\n|-damage|p1a: SpecialWeek|44/100\n|move|p1a: SpecialWeek|Weather Ball|p2b: Kingambit\n|-supereffective|p2b: Kingambit|1\n|-damage|p2b: Kingambit|0 fnt\n|faint|p2b: Kingambit\n|\n|-weather|SunnyDay|[upkeep]\n|upkeep\n|\n|t:|1776529182\n|switch|p2b: Golurk|Golurk, L50, shiny|100/100\n|turn|4\n|\n|t:|1776529203\n|detailschange|p2b: Golurk|Golurk-Mega, L50, shiny\n|-mega|p2b: Golurk|Golurk|Golurkite\n|move|p1b: RiceShower|Protect|p1b: RiceShower\n|-singleturn|p1b: RiceShower|Protect\n|move|p1a: SpecialWeek|Protect|p1a: SpecialWeek\n|-singleturn|p1a: SpecialWeek|Protect\n|move|p2a: Farigiraf|Psychic|p1a: SpecialWeek\n|-activate|p1a: SpecialWeek|move: Protect\n|move|p2b: Golurk|Shadow Punch|p1b: RiceShower\n|-supereffective|p1b: RiceShower|1\n|-ability|p2b: Golurk|Unseen Fist\n|-zbroken|p1b: RiceShower\n|-damage|p1b: RiceShower|78/100\n|\n|-weather|SunnyDay|[upkeep]\n|upkeep\n|turn|5\n|inactive|sheikko has 30 seconds left.\n|\n|t:|1776529229\n|switch|p1a: Juvia|Pelipper, L50, F|100/100\n|-weather|RainDance|[from] ability: Drizzle|[of] p1a: Juvia\n|move|p2a: Farigiraf|Hyper Voice|p1a: Juvia|[spread] p1a\n|-immune|p1b: RiceShower\n|-damage|p1a: Juvia|34/100\n|move|p2b: Golurk|Shadow Punch|p1b: RiceShower\n|-supereffective|p1b: RiceShower|1\n|-damage|p1b: RiceShower|0 fnt\n|faint|p1b: RiceShower\n|\n|-weather|RainDance|[upkeep]\n|-fieldend|move: Trick Room\n|upkeep\n|\n|t:|1776529241\n|switch|p1b: SpecialWeek|Dragonite-Mega, L50, M|44/100\n|turn|6\n|\n|t:|1776529257\n|switch|p2a: Torkoal|Torkoal, L50, M|69/100\n|-weather|SunnyDay|[from] ability: Drought|[of] p2a: Torkoal\n|move|p1b: SpecialWeek|Dragon Pulse|p2a: Torkoal\n|-damage|p2a: Torkoal|3/100\n|move|p1a: Juvia|Muddy Water|p2a: Torkoal|[spread] p2a\n|-miss|p1a: Juvia|p2b: Golurk\n|-supereffective|p2a: Torkoal|1\n|-damage|p2a: Torkoal|0 fnt\n|faint|p2a: Torkoal\n|move|p2b: Golurk|Rock Slide|p1a: Juvia|[spread] p1a,p1b\n|-supereffective|p1a: Juvia|1\n|-supereffective|p1b: SpecialWeek|1\n|-damage|p1a: Juvia|0 fnt\n|-damage|p1b: SpecialWeek|2/100\n|faint|p1a: Juvia\n|\n|-weather|SunnyDay|[upkeep]\n|upkeep\n|\n|t:|1776529273\n|switch|p1a: Opera O|Garchomp, L50, F|56/100\n|switch|p2a: Farigiraf|Farigiraf, L50, F|86/100\n|turn|7\n|\n|t:|1776529293\n|move|p1a: Opera O|Stomping Tantrum|p2a: Farigiraf\n|-damage|p2a: Farigiraf|41/100\n|move|p1b: SpecialWeek|Weather Ball|p2b: Golurk\n|-damage|p2b: Golurk|54/100\n|move|p2b: Golurk|Ice Punch|p1a: Opera O\n|-supereffective|p1a: Opera O|2\n|-damage|p1a: Opera O|0 fnt\n|-damage|p2b: Golurk|42/100|[from] ability: Rough Skin|[of] p1a: Opera O\n|faint|p1a: Opera O\n|move|p2a: Farigiraf|Hyper Voice|p1b: SpecialWeek\n|-damage|p1b: SpecialWeek|0 fnt\n|faint|p1b: SpecialWeek\n|\n|win|sheikko\n|c|\u2606SakikoPlushie|gg\n",
  "uploadtime": 1776529065,
  "views": 16,
  "formatid": "gen9championsvgc2026regma",
  "rating": null,
  "private": 0,
  "password": null
}