{
  "id": "gen9championsvgc2026regma-2586620227",
  "format": "[Gen 9 Champions] VGC 2026 Reg M-A",
  "players": [
    "ogkillian",
    "IuseExeggutor"
  ],
  "log": "|j|\u2606ogkillian\n|j|\u2606IuseExeggutor\n|t:|1776447376\n|gametype|doubles\n|player|p1|ogkillian|lucas-gen4pt|\n|player|p2|IuseExeggutor|psychic-gen3rs|\n|gen|9\n|tier|[Gen 9 Champions] VGC 2026 Reg M-A\n|rated|Tournament battle\n|rule|Species Clause: Limit one of each Pok\u00e9mon\n|rule|Item Clause: Limit 1 of each item\n|raw|<div class=\"infobox\"><details class=\"readmore\" open><summary><strong>1 custom rule:</strong></summary> Force Open Team Sheets</details></div>\n|clearpoke\n|poke|p1|Golurk, L50|\n|poke|p1|Farigiraf, L50, F|\n|poke|p1|Incineroar, L50, M|\n|poke|p1|Torkoal, L50, M|\n|poke|p1|Sneasler, L50, M|\n|poke|p1|Venusaur, L50, F|\n|poke|p2|Floette-Eternal, L50, F|\n|poke|p2|Clefable, L50, F|\n|poke|p2|Aerodactyl, L50, M|\n|poke|p2|Incineroar, L50, F|\n|poke|p2|Tyranitar, L50, M|\n|poke|p2|Rotom-Wash, L50|\n|teampreview|4\n|showteam|p1|Golurk||Golurkite|IronFist|Poltergeist,IcePunch,HeadlongRush,Protect||||||50|]Farigiraf||SitrusBerry|ArmorTail|HyperVoice,Psychic,TrickRoom,HelpingHand|||F|||50|]Incineroar||ShucaBerry|Intimidate|FakeOut,FlareBlitz,ThroatChop,PartingShot|||M|||50|]Torkoal||Charcoal|Drought|Eruption,HeatWave,WeatherBall,Protect|||M|||50|]Sneasler||WhiteHerb|Unburden|FakeOut,CloseCombat,DireClaw,Coaching|||M|||50|]Venusaur||FocusSash|Chlorophyll|Protect,LeafStorm,SleepPowder,SludgeBomb|||F|||50|\n|showteam|p2|Floette-Eternal||Floettite|FlowerVeil|LightofRuin,DazzlingGleam,CalmMind,Protect|||F|||50|]Clefable||BrightPowder|MagicGuard|LifeDew,FollowMe,HelpingHand,ThunderWave|||F|||50|]Aerodactyl||FocusSash|Unnerve|Tailwind,WideGuard,RockSlide,DualWingbeat|||M|||50|]Incineroar||SitrusBerry|Intimidate|ThroatChop,PartingShot,WillOWisp,FakeOut|||F|||50|]Tyranitar||ChopleBerry|SandStream|HighHorsepower,StoneEdge,KnockOff,DragonDance|||M|||50|]Rotom-Wash||Leftovers|Levitate|Thunderbolt,HydroPump,WillOWisp,HelpingHand||||||50|\n|inactive|Battle timer is ON: inactive players will automatically lose when time's up. (requested by ogkillian)\n|j| randomuser0000\n|inactive|ogkillian has 60 seconds left.\n|inactive|IuseExeggutor has 60 seconds left.\n|\n|t:|1776447423\n|teamsize|p1|4\n|teamsize|p2|4\n|start\n|switch|p1a: Farigiraf|Farigiraf, L50, F|100/100\n|switch|p1b: Incineroar|Incineroar, L50, M|100/100\n|switch|p2a: Incineroar|Incineroar, L50, F|100/100\n|switch|p2b: AZ|Floette-Eternal, L50, F|100/100\n|-ability|p2a: Incineroar|Intimidate|boost\n|-unboost|p1a: Farigiraf|atk|1\n|-unboost|p1b: Incineroar|atk|1\n|-ability|p1b: Incineroar|Intimidate|boost\n|-unboost|p2a: Incineroar|atk|1\n|-unboost|p2b: AZ|atk|1\n|turn|1\n|\n|t:|1776447442\n|detailschange|p2b: AZ|Floette-Mega, L50, F\n|-mega|p2b: AZ|Floette|Floettite\n|-ability|p2b: AZ|Fairy Aura\n|move|p1b: Incineroar|Fake Out|p2b: AZ\n|-damage|p2b: AZ|90/100\n|cant|p2b: AZ|flinch\n|move|p2a: Incineroar|Throat Chop|p1a: Farigiraf\n|-supereffective|p1a: Farigiraf|1\n|-damage|p1a: Farigiraf|65/100\n|-start|p1a: Farigiraf|Throat Chop|[silent]\n|move|p1a: Farigiraf|Trick Room|p1a: Farigiraf\n|-fieldstart|move: Trick Room|[of] p1a: Farigiraf\n|\n|upkeep\n|turn|2\n|inactive|ogkillian has 30 seconds left.\n|inactive|ogkillian has 20 seconds left.\n|\n|t:|1776447480\n|switch|p1b: Torkoal|Torkoal, L50, M|100/100\n|-weather|SunnyDay|[from] ability: Drought|[of] p1b: Torkoal\n|move|p1a: Farigiraf|Psychic|p2b: AZ\n|-damage|p2b: AZ|62/100\n|move|p2a: Incineroar|Parting Shot|p1b: Torkoal\n|-unboost|p1b: Torkoal|atk|1\n|-unboost|p1b: Torkoal|spa|1\n|\n|t:|1776447491\n|switch|p2a: Tyranitar|Tyranitar, L50, M|100/100|[from] Parting Shot\n|-weather|Sandstorm|[from] ability: Sand Stream|[of] p2a: Tyranitar\n|move|p2b: AZ|Calm Mind|p2b: AZ\n|-boost|p2b: AZ|spa|1\n|-boost|p2b: AZ|spd|1\n|\n|-weather|Sandstorm|[upkeep]\n|-damage|p1b: Torkoal|94/100|[from] Sandstorm\n|-damage|p1a: Farigiraf|59/100|[from] Sandstorm\n|-damage|p2b: AZ|56/100|[from] Sandstorm\n|-end|p1a: Farigiraf|Throat Chop|[silent]\n|upkeep\n|turn|3\n|j| akijuen\n|inactive|ogkillian has 30 seconds left.\n|inactive|ogkillian has 20 seconds left.\n|\n|t:|1776447528\n|switch|p1b: Golurk|Golurk, L50|100/100\n|move|p1a: Farigiraf|Psychic|p2b: AZ\n|-damage|p2b: AZ|35/100\n|move|p2a: Tyranitar|Stone Edge|p1b: Golurk|[miss]\n|-miss|p2a: Tyranitar|p1b: Golurk\n|move|p2b: AZ|Dazzling Gleam|p1a: Farigiraf|[spread] p1a,p1b\n|-damage|p1a: Farigiraf|0 fnt\n|-damage|p1b: Golurk|26/100\n|faint|p1a: Farigiraf\n|\n|-weather|Sandstorm|[upkeep]\n|-damage|p2b: AZ|29/100|[from] Sandstorm\n|upkeep\n|\n|t:|1776447549\n|switch|p1a: Incineroar|Incineroar, L50, M|100/100\n|-ability|p1a: Incineroar|Intimidate|boost\n|-unboost|p2a: Tyranitar|atk|1\n|-unboost|p2b: AZ|atk|1\n|turn|4\n|\n|t:|1776447572\n|detailschange|p1b: Golurk|Golurk-Mega, L50\n|-mega|p1b: Golurk|Golurk|Golurkite\n|move|p1a: Incineroar|Fake Out|p2b: AZ\n|-damage|p2b: AZ|16/100\n|move|p1b: Golurk|Headlong Rush|p2a: Tyranitar\n|-supereffective|p2a: Tyranitar|1\n|-damage|p2a: Tyranitar|0 fnt\n|-unboost|p1b: Golurk|def|1\n|-unboost|p1b: Golurk|spd|1\n|faint|p2a: Tyranitar\n|cant|p2b: AZ|flinch\n|\n|-weather|Sandstorm|[upkeep]\n|-damage|p1a: Incineroar|94/100|[from] Sandstorm\n|-damage|p2b: AZ|10/100|[from] Sandstorm\n|upkeep\n|\n|t:|1776447585\n|switch|p2a: Incineroar|Incineroar, L50, F|100/100\n|-ability|p2a: Incineroar|Intimidate|boost\n|-unboost|p1a: Incineroar|atk|1\n|-unboost|p1b: Golurk|atk|1\n|turn|5\n|\n|t:|1776447599\n|move|p2b: AZ|Protect|p2b: AZ\n|-singleturn|p2b: AZ|Protect\n|move|p1b: Golurk|Headlong Rush|p2a: Incineroar\n|-supereffective|p2a: Incineroar|1\n|-damage|p2a: Incineroar|0 fnt\n|-unboost|p1b: Golurk|def|1\n|-unboost|p1b: Golurk|spd|1\n|faint|p2a: Incineroar\n|move|p1a: Incineroar|Flare Blitz|p2b: AZ\n|-activate|p2b: AZ|move: Protect\n|\n|-weather|Sandstorm|[upkeep]\n|-damage|p1a: Incineroar|88/100|[from] Sandstorm\n|-damage|p2b: AZ|4/100|[from] Sandstorm\n|-fieldend|move: Trick Room\n|upkeep\n|\n|t:|1776447605\n|switch|p2a: Aerodactyl|Aerodactyl, L50, M|100/100\n|-ability|p2a: Aerodactyl|Unnerve\n|turn|6\n|j| ghostistheman\n|\n|t:|1776447623\n|move|p2a: Aerodactyl|Rock Slide|p1a: Incineroar|[spread] p1a,p1b\n|-supereffective|p1a: Incineroar|1\n|-resisted|p1b: Golurk|1\n|-crit|p1b: Golurk\n|-damage|p1a: Incineroar|46/100\n|-damage|p1b: Golurk|0 fnt\n|faint|p1b: Golurk\n|move|p2b: AZ|Dazzling Gleam|p1a: Incineroar\n|-damage|p1a: Incineroar|0 fnt\n|faint|p1a: Incineroar\n|\n|-weather|none\n|upkeep\n|\n|t:|1776447631\n|switch|p1b: Torkoal|Torkoal, L50, M|94/100\n|-weather|SunnyDay|[from] ability: Drought|[of] p1b: Torkoal\n|turn|7\n|\n|t:|1776447639\n|move|p2a: Aerodactyl|Rock Slide|p1b: Torkoal\n|-supereffective|p1b: Torkoal|1\n|-damage|p1b: Torkoal|40/100\n|move|p2b: AZ|Light of Ruin|p1b: Torkoal\n|-resisted|p1b: Torkoal|1\n|-damage|p1b: Torkoal|0 fnt\n|faint|p1b: Torkoal\n|-damage|p2b: AZ|0 fnt|[from] Recoil\n|faint|p2b: AZ\n|\n|win|IuseExeggutor\n|n|\u2606ogkillian|ogkillian\n|n|\u2606IuseExeggutor|iuseexeggutor\n|n| randomuser0000|randomuser0000\n|n| akijuen|akijuen\n|n| ghostistheman|ghostistheman\n",
  "uploadtime": 1776447648,
  "views": 21,
  "formatid": "gen9championsvgc2026regma",
  "rating": null,
  "private": 0,
  "password": null
}