{
  "id": "gen9championsvgc2026regma-2584071250",
  "format": "[Gen 9 Champions] VGC 2026 Reg M-A",
  "players": [
    "v5v1521",
    "Whenisn'there"
  ],
  "log": "|j|\u2606v5v1521\n|j|\u2606Whenisn'there\n|t:|1776222212\n|gametype|doubles\n|player|p1|v5v1521|265|1040\n|player|p2|Whenisn'there|miku-ghost|1127\n|gen|9\n|tier|[Gen 9 Champions] VGC 2026 Reg M-A\n|rated|\n|rule|Species Clause: Limit one of each Pok\u00e9mon\n|rule|Item Clause: Limit 1 of each item\n|clearpoke\n|poke|p1|Kingambit, L50, M|\n|poke|p1|Basculegion, L50, M|\n|poke|p1|Rotom-Heat, L50|\n|poke|p1|Sneasler, L50, F|\n|poke|p1|Archaludon, L50, M|\n|poke|p1|Pelipper, L50, M|\n|poke|p2|Floette-Eternal, L50, F|\n|poke|p2|Sylveon, L50, M|\n|poke|p2|Incineroar, L50, F|\n|poke|p2|Vivillon-Elegant, L50, M|\n|poke|p2|Aerodactyl, L50, M|\n|poke|p2|Whimsicott, L50, F|\n|teampreview|4\n|\n|t:|1776222232\n|teamsize|p1|4\n|teamsize|p2|4\n|start\n|switch|p1a: Sneasler|Sneasler, L50, F|100/100\n|switch|p1b: Kingambit|Kingambit, L50, M|100/100\n|switch|p2a: Incineroar|Incineroar, L50, F|100/100\n|switch|p2b: Vivillon|Vivillon-Elegant, L50, M|100/100\n|-ability|p2a: Incineroar|Intimidate|boost\n|-unboost|p1a: Sneasler|atk|1\n|-unboost|p1b: Kingambit|atk|1\n|-ability|p1b: Kingambit|Defiant|boost\n|-boost|p1b: Kingambit|atk|2\n|-enditem|p1a: Sneasler|White Herb\n|-clearnegativeboost|p1a: Sneasler|[silent]\n|turn|1\n|inactive|Battle timer is ON: inactive players will automatically lose when time's up. (requested by v5v1521)\n|\n|t:|1776222251\n|move|p1a: Sneasler|Fake Out|p2b: Vivillon\n|-crit|p2b: Vivillon\n|-damage|p2b: Vivillon|62/100\n|move|p2a: Incineroar|Fake Out|p1b: Kingambit\n|-resisted|p1b: Kingambit|1\n|-damage|p1b: Kingambit|95/100\n|cant|p2b: Vivillon|flinch\n|cant|p1b: Kingambit|flinch\n|\n|upkeep\n|turn|2\n|inactive|v5v1521 has 30 seconds left.\n|\n|t:|1776222278\n|move|p1b: Kingambit|Sucker Punch|p2a: Incineroar\n|-resisted|p2a: Incineroar|1\n|-damage|p2a: Incineroar|65/100\n|move|p1a: Sneasler|Close Combat|p2a: Incineroar\n|-supereffective|p2a: Incineroar|1\n|-damage|p2a: Incineroar|0 fnt\n|-unboost|p1a: Sneasler|def|1\n|-unboost|p1a: Sneasler|spd|1\n|faint|p2a: Incineroar\n|move|p2b: Vivillon|Sleep Powder|p1a: Sneasler\n|-status|p1a: Sneasler|slp|[from] move: Sleep Powder\n|\n|upkeep\n|\n|t:|1776222290\n|switch|p2a: Floette|Floette-Eternal, L50, F|100/100\n|turn|3\n|\n|t:|1776222301\n|detailschange|p2a: Floette|Floette-Mega, L50, F\n|-mega|p2a: Floette|Floette|Floettite\n|-ability|p2a: Floette|Fairy Aura\n|cant|p1a: Sneasler|slp\n|move|p2b: Vivillon|Tailwind|p2b: Vivillon\n|-sidestart|p2: Whenisn'there|move: Tailwind\n|move|p2a: Floette|Moonblast|p1b: Kingambit\n|-damage|p1b: Kingambit|14/100\n|-unboost|p1b: Kingambit|spa|1\n|-ability|p1b: Kingambit|Defiant|boost\n|-boost|p1b: Kingambit|atk|2\n|move|p1b: Kingambit|Iron Head|p2a: Floette\n|-supereffective|p2a: Floette|1\n|-damage|p2a: Floette|0 fnt\n|faint|p2a: Floette\n|\n|upkeep\n|\n|t:|1776222315\n|switch|p2a: Sylveon|Sylveon, L50, M, shiny|100/100\n|turn|4\n|\n|t:|1776222329\n|move|p1b: Kingambit|Sucker Punch|p2b: Vivillon\n|-damage|p2b: Vivillon|0 fnt\n|faint|p2b: Vivillon\n|cant|p1a: Sneasler|slp\n|move|p2a: Sylveon|Hyper Voice|p1a: Sneasler|[spread] p1a,p1b\n|-damage|p1a: Sneasler|0 fnt\n|-damage|p1b: Kingambit|0 fnt\n|faint|p1a: Sneasler\n|faint|p1b: Kingambit\n|\n|upkeep\n|\n|t:|1776222336\n|switch|p1a: Pelipper|Pelipper, L50, M|100/100\n|switch|p1b: Archaludon|Archaludon, L50, M|100/100\n|-weather|RainDance|[from] ability: Drizzle|[of] p1a: Pelipper\n|turn|5\n|\n|t:|1776222346\n|move|p2a: Sylveon|Hyper Voice|p1b: Archaludon|[spread] p1a,p1b\n|-damage|p1a: Pelipper|14/100\n|-damage|p1b: Archaludon|28/100\n|-ability|p1b: Archaludon|Stamina|boost\n|-boost|p1b: Archaludon|def|1\n|move|p1b: Archaludon|Flash Cannon|p2a: Sylveon\n|-supereffective|p2a: Sylveon|1\n|-damage|p2a: Sylveon|40/100\n|move|p1a: Pelipper|Hurricane|p2a: Sylveon\n|-damage|p2a: Sylveon|3/100\n|\n|-weather|RainDance|[upkeep]\n|-heal|p1b: Archaludon|34/100|[from] item: Leftovers\n|upkeep\n|turn|6\n|inactive|v5v1521 has 30 seconds left.\n|\n|t:|1776222374\n|move|p2a: Sylveon|Hyper Voice|p1b: Archaludon|[spread] p1a,p1b\n|-damage|p1a: Pelipper|0 fnt\n|-damage|p1b: Archaludon|0 fnt\n|faint|p1a: Pelipper\n|faint|p1b: Archaludon\n|\n|win|Whenisn'there\n|raw|v5v1521's rating: 1040 &rarr; <strong>1028</strong><br />(-12 for losing)\n|raw|Whenisn&apos;there's rating: 1127 &rarr; <strong>1146</strong><br />(+19 for winning)\n|l|\u2606v5v1521\n|player|p1|\n",
  "uploadtime": 1776222384,
  "views": 20,
  "formatid": "gen9championsvgc2026regma",
  "rating": 1028,
  "private": 0,
  "password": null
}