{
  "id": "gen9championsvgc2026regma-2580527708",
  "format": "[Gen 9 Champions] VGC 2026 Reg M-A",
  "players": [
    "Kitsune.Post",
    "Jiangchi"
  ],
  "log": "|j|\u2606Kitsune.Post\n|j|\u2606Jiangchi\n|t:|1775909068\n|gametype|doubles\n|player|p1|Kitsune.Post|medium|1046\n|player|p2|Jiangchi|sage|1102\n|gen|9\n|tier|[Gen 9 Champions] VGC 2026 Reg M-A\n|rated|\n|rule|Species Clause: Limit one of each Pok\u00e9mon\n|rule|Item Clause: Limit 1 of each item\n|clearpoke\n|poke|p1|Zoroark-Hisui, L50, F|\n|poke|p1|Ditto, L50|\n|poke|p1|Lopunny, L50, F|\n|poke|p1|Oranguru, L50, M|\n|poke|p1|Kangaskhan, L50, F|\n|poke|p1|Maushold-Four, L50|\n|poke|p2|Zoroark-Hisui, L50, F|\n|poke|p2|Palafin, L50, F|\n|poke|p2|Aegislash, L50, M|\n|poke|p2|Dragonite, L50, F|\n|poke|p2|Kangaskhan, L50, F|\n|poke|p2|Pelipper, L50, M|\n|teampreview|4\n|inactive|Battle timer is ON: inactive players will automatically lose when time's up. (requested by Kitsune.Post)\n|inactive|Jiangchi has 60 seconds left.\n|\n|t:|1775909125\n|teamsize|p1|4\n|teamsize|p2|4\n|start\n|switch|p1a: Kangaskhan|Kangaskhan, L50, F|100/100\n|switch|p1b: Lopunny|Lopunny, L50, F|100/100\n|switch|p2a: Aegislash|Aegislash, L50, M, shiny|100/100\n|switch|p2b: Palafin|Palafin, L50, F, shiny|100/100\n|turn|1\n|\n|t:|1775909147\n|detailschange|p2b: Palafin|Palafin-Hero, L50, F, shiny\n|switch|p2b: Kangaskhan|Kangaskhan, L50, F, shiny|100/100\n|detailschange|p1b: Lopunny|Lopunny-Mega, L50, F\n|-mega|p1b: Lopunny|Lopunny|Lopunnite\n|move|p1b: Lopunny|Close Combat|p2a: Aegislash\n|-supereffective|p2a: Aegislash|1\n|-enditem|p2a: Aegislash|Focus Sash\n|-damage|p2a: Aegislash|1/100\n|-unboost|p1b: Lopunny|def|1\n|-unboost|p1b: Lopunny|spd|1\n|replace|p2a: Zoroark|Zoroark-Hisui, L50, F, shiny\n|-end|p2a: Zoroark|Illusion\n|move|p1a: Kangaskhan|Will-O-Wisp|p2b: Kangaskhan\n|-status|p2b: Kangaskhan|brn\n|move|p2a: Zoroark|Icy Wind|p1a: Kangaskhan|[spread] p1a,p1b\n|-damage|p1a: Kangaskhan|81/100\n|-damage|p1b: Lopunny|77/100\n|-unboost|p1a: Kangaskhan|spe|1\n|-unboost|p1b: Lopunny|spe|1\n|replace|p1a: Zoroark|Zoroark-Hisui, L50, F\n|-end|p1a: Zoroark|Illusion\n|\n|-damage|p2b: Kangaskhan|94/100 brn|[from] brn\n|upkeep\n|turn|2\n|inactive|Kitsune.Post has 30 seconds left.\n|inactive|Jiangchi has 30 seconds left.\n|inactive|Kitsune.Post has 20 seconds left.\n|\n|t:|1775909184\n|move|p2b: Kangaskhan|Fake Out|p1b: Lopunny\n|-damage|p1b: Lopunny|58/100\n|cant|p1b: Lopunny|flinch\n|move|p2a: Zoroark|Icy Wind|p1b: Lopunny|[spread] p1b\n|-miss|p2a: Zoroark|p1a: Zoroark\n|-damage|p1b: Lopunny|33/100\n|-unboost|p1b: Lopunny|spe|1\n|move|p1a: Zoroark|Snarl|p2a: Zoroark|[spread] p2a,p2b\n|-supereffective|p2a: Zoroark|1\n|-damage|p2a: Zoroark|0 fnt\n|-damage|p2b: Kangaskhan|83/100 brn\n|-unboost|p2b: Kangaskhan|spa|1\n|faint|p2a: Zoroark\n|\n|-damage|p2b: Kangaskhan|76/100 brn|[from] brn\n|upkeep\n|inactive|Jiangchi has 30 seconds left.\n|inactive|Jiangchi has 20 seconds left.\n|inactive|Jiangchi has 15 seconds left.\n|inactive|Jiangchi has 10 seconds left.\n|inactive|Jiangchi has 5 seconds left.\n|\n|t:|1775909239\n|switch|p2a: Palafin|Palafin-Hero, L50, F, shiny|100/100\n|-activate|p2a: Palafin|ability: Zero to Hero\n|turn|3\n|inactive|Jiangchi has 30 seconds left.\n|\n|t:|1775909266\n|switch|p1b: Ditto|Ditto, L50, shiny|100/100\n|-transform|p1b: Ditto|p2a: Palafin|[from] ability: Imposter\n|move|p2a: Palafin|Jet Punch|p1b: Ditto\n|-resisted|p1b: Ditto|1\n|-damage|p1b: Ditto|77/100\n|move|p2b: Kangaskhan|Sucker Punch||[still]\n|-fail|p2b: Kangaskhan\n|move|p1a: Zoroark|Will-O-Wisp|p2a: Palafin|[miss]\n|-miss|p1a: Zoroark|p2a: Palafin\n|\n|-damage|p2b: Kangaskhan|70/100 brn|[from] brn\n|upkeep\n|turn|4\n|\n|t:|1775909289\n|switch|p2a: Aegislash|Aegislash, L50, M, shiny|100/100\n|move|p2b: Kangaskhan|Protect|p2b: Kangaskhan\n|-singleturn|p2b: Kangaskhan|Protect\n|move|p1b: Ditto|Close Combat|p2b: Kangaskhan\n|-activate|p2b: Kangaskhan|move: Protect\n|move|p1a: Zoroark|Will-O-Wisp|p2a: Aegislash|[miss]\n|-miss|p1a: Zoroark|p2a: Aegislash\n|\n|-damage|p2b: Kangaskhan|64/100 brn|[from] brn\n|upkeep\n|turn|5\n|inactive|Jiangchi has 30 seconds left.\n|inactive|Jiangchi has 20 seconds left.\n|\n|t:|1775909325\n|detailschange|p2b: Kangaskhan|Kangaskhan-Mega, L50, F, shiny\n|-mega|p2b: Kangaskhan|Kangaskhan|Kangaskhanite\n|move|p2a: Aegislash|King's Shield|p2a: Aegislash\n|-singleturn|p2a: Aegislash|Protect\n|move|p1b: Ditto|Close Combat|p2b: Kangaskhan\n|-supereffective|p2b: Kangaskhan|1\n|-damage|p2b: Kangaskhan|0 fnt\n|-unboost|p1b: Ditto|def|1\n|-unboost|p1b: Ditto|spd|1\n|faint|p2b: Kangaskhan\n|move|p1a: Zoroark|Will-O-Wisp|p2a: Aegislash\n|-status|p2a: Aegislash|brn\n|\n|-damage|p2a: Aegislash|94/100 brn|[from] brn\n|upkeep\n|inactive|Jiangchi has 30 seconds left.\n|inactive|Jiangchi has 20 seconds left.\n|inactive|Jiangchi has 15 seconds left.\n|inactive|Jiangchi has 10 seconds left.\n|\n|t:|1775909372\n|switch|p2b: Palafin|Palafin-Hero, L50, F, shiny|100/100\n|turn|6\n|\n|t:|1775909390\n|move|p1b: Ditto|Close Combat|p2b: Palafin\n|-damage|p2b: Palafin|55/100\n|-unboost|p1b: Ditto|def|1\n|-unboost|p1b: Ditto|spd|1\n|move|p2b: Palafin|Close Combat|p1b: Ditto\n|-damage|p1b: Ditto|0 fnt\n|-unboost|p2b: Palafin|def|1\n|-unboost|p2b: Palafin|spd|1\n|faint|p1b: Ditto\n|move|p1a: Zoroark|Will-O-Wisp|p2b: Palafin\n|-status|p2b: Palafin|brn\n|move|p2a: Aegislash|Swords Dance|p2a: Aegislash\n|-boost|p2a: Aegislash|atk|2\n|\n|-damage|p2b: Palafin|49/100 brn|[from] brn\n|-damage|p2a: Aegislash|88/100 brn|[from] brn\n|upkeep\n|\n|t:|1775909409\n|switch|p1b: Lopunny|Lopunny-Mega, L50, F|33/100\n|turn|7\n|\n|t:|1775909426\n|move|p1b: Lopunny|Close Combat|p2b: Palafin\n|-damage|p2b: Palafin|0 fnt\n|-unboost|p1b: Lopunny|def|1\n|-unboost|p1b: Lopunny|spd|1\n|faint|p2b: Palafin\n|move|p1a: Zoroark|Foul Play|p2a: Aegislash\n|-supereffective|p2a: Aegislash|1\n|-damage|p2a: Aegislash|18/100 brn\n|-formechange|p2a: Aegislash|Aegislash-Blade|\n|move|p2a: Aegislash|Iron Head|p1a: Zoroark\n|-damage|p1a: Zoroark|0 fnt\n|faint|p1a: Zoroark\n|\n|-damage|p2a: Aegislash|11/100 brn|[from] brn\n|upkeep\n|\n|t:|1775909441\n|switch|p1a: Kangaskhan|Kangaskhan, L50, F|100/100\n|turn|8\n|\n|t:|1775909451\n|-formechange|p2a: Aegislash|Aegislash|\n|move|p2a: Aegislash|King's Shield|p2a: Aegislash\n|-singleturn|p2a: Aegislash|Protect\n|move|p1b: Lopunny|Mach Punch|p2a: Aegislash\n|-activate|p2a: Aegislash|move: Protect\n|-unboost|p1b: Lopunny|atk|1\n|move|p1a: Kangaskhan|Sucker Punch||[still]\n|-fail|p1a: Kangaskhan\n|\n|-damage|p2a: Aegislash|5/100 brn|[from] brn\n|upkeep\n|turn|9\n|\n|t:|1775909462\n|move|p1b: Lopunny|Mach Punch|p2a: Aegislash\n|-supereffective|p2a: Aegislash|1\n|-damage|p2a: Aegislash|0 fnt\n|faint|p2a: Aegislash\n|\n|win|Kitsune.Post\n|raw|Kitsune.Post's rating: 1046 &rarr; <strong>1084</strong><br />(+38 for winning)\n|raw|Jiangchi's rating: 1102 &rarr; <strong>1073</strong><br />(-29 for losing)\n",
  "uploadtime": 1775909510,
  "views": 29,
  "formatid": "gen9championsvgc2026regma",
  "rating": 1073,
  "private": 0,
  "password": null
}