{
  "id": "gen9championsvgc2026regma-2580769658",
  "format": "[Gen 9 Champions] VGC 2026 Reg M-A",
  "players": [
    "atfalse",
    "tf2026"
  ],
  "log": "|j|\u2606atfalse\n|j|\u2606tf2026\n|t:|1775931026\n|gametype|doubles\n|player|p1|atfalse|shadowtriad|1258\n|player|p2|tf2026|2|1321\n|gen|9\n|tier|[Gen 9 Champions] VGC 2026 Reg M-A\n|rated|\n|rule|Species Clause: Limit one of each Pok\u00e9mon\n|rule|Item Clause: Limit 1 of each item\n|clearpoke\n|poke|p1|Maushold, L50|\n|poke|p1|Garchomp, L50, M|\n|poke|p1|Rotom-Wash, L50|\n|poke|p1|Floette-Eternal, L50, F|\n|poke|p1|Talonflame, L50, F|\n|poke|p1|Aegislash, L50, M|\n|poke|p2|Froslass, L50, F|\n|poke|p2|Milotic, L50, F|\n|poke|p2|Azumarill, L50, F|\n|poke|p2|Sinistcha-Masterpiece, L50|\n|poke|p2|Sneasler, L50, M|\n|poke|p2|Whimsicott, L50, F|\n|teampreview|4\n|\n|t:|1775931059\n|teamsize|p1|4\n|teamsize|p2|4\n|start\n|switch|p1a: Floette|Floette-Eternal, L50, F|100/100\n|switch|p1b: Maushold|Maushold, L50|100/100\n|switch|p2a: Milotic|Milotic, L50, F|100/100\n|switch|p2b: Froslass|Froslass, L50, F|100/100\n|turn|1\n|\n|t:|1775931079\n|detailschange|p2b: Froslass|Froslass-Mega, L50, F\n|-mega|p2b: Froslass|Froslass|Froslassite\n|-weather|Snowscape|[from] ability: Snow Warning|[of] p2b: Froslass\n|detailschange|p1a: Floette|Floette-Mega, L50, F\n|-mega|p1a: Floette|Floette|Floettite\n|-ability|p1a: Floette|Fairy Aura\n|move|p1b: Maushold|Follow Me|p1b: Maushold\n|-singleturn|p1b: Maushold|move: Follow Me\n|move|p2b: Froslass|Aurora Veil|p2b: Froslass\n|-sidestart|p2: tf2026|move: Aurora Veil\n|move|p1a: Floette|Calm Mind|p1a: Floette\n|-boost|p1a: Floette|spa|1\n|-boost|p1a: Floette|spd|1\n|move|p2a: Milotic|Haze|p2a: Milotic\n|-clearallboost\n|\n|-weather|Snowscape|[upkeep]\n|upkeep\n|turn|2\n|\n|t:|1775931102\n|move|p2b: Froslass|Blizzard|p1a: Floette|[spread] p1a,p1b\n|-damage|p1a: Floette|78/100\n|-damage|p1b: Maushold|42/100\n|move|p1b: Maushold|Super Fang|p2a: Milotic\n|-damage|p2a: Milotic|51/100\n|move|p1a: Floette|Moonblast|p2b: Froslass\n|-damage|p2b: Froslass|39/100\n|move|p2a: Milotic|Haze|p2a: Milotic\n|-clearallboost\n|\n|-weather|Snowscape|[upkeep]\n|-heal|p2a: Milotic|57/100|[from] item: Leftovers\n|upkeep\n|turn|3\n|\n|t:|1775931118\n|move|p2b: Froslass|Blizzard|p1b: Maushold|[spread] p1a,p1b\n|-damage|p1a: Floette|51/100\n|-damage|p1b: Maushold|0 fnt\n|faint|p1b: Maushold\n|move|p1a: Floette|Dazzling Gleam|p2b: Froslass|[spread] p2a,p2b\n|-damage|p2a: Milotic|34/100\n|-damage|p2b: Froslass|0 fnt\n|faint|p2b: Froslass\n|move|p2a: Milotic|Muddy Water|p1a: Floette\n|-damage|p1a: Floette|20/100\n|\n|-weather|Snowscape|[upkeep]\n|-heal|p2a: Milotic|40/100|[from] item: Leftovers\n|upkeep\n|\n|t:|1775931154\n|switch|p2b: Sinistcha|Sinistcha-Masterpiece, L50|100/100\n|switch|p1b: Garchomp|Garchomp, L50, M|100/100\n|-heal|p2a: Milotic|65/100|[from] ability: Hospitality|[of] p2b: Sinistcha\n|turn|4\n|\n|t:|1775931174\n|move|p1a: Floette|Protect|p1a: Floette\n|-singleturn|p1a: Floette|Protect\n|move|p1b: Garchomp|Stomping Tantrum|p2a: Milotic\n|-damage|p2a: Milotic|31/100\n|move|p2a: Milotic|Blizzard|p1b: Garchomp|[spread] p1b\n|-activate|p1a: Floette|move: Protect\n|-supereffective|p1b: Garchomp|2\n|-damage|p1b: Garchomp|0 fnt\n|faint|p1b: Garchomp\n|move|p2b: Sinistcha|Matcha Gotcha|p1a: Floette\n|-activate|p1a: Floette|move: Protect\n|\n|-weather|Snowscape|[upkeep]\n|-heal|p2a: Milotic|37/100|[from] item: Leftovers\n|upkeep\n|\n|t:|1775931185\n|switch|p1b: Talonflame|Talonflame, L50, F|100/100\n|turn|5\n|\n|t:|1775931201\n|move|p2b: Sinistcha|Rage Powder|p2b: Sinistcha\n|-singleturn|p2b: Sinistcha|move: Rage Powder\n|move|p1b: Talonflame|Acrobatics|p2b: Sinistcha\n|-supereffective|p2b: Sinistcha|1\n|-damage|p2b: Sinistcha|37/100\n|move|p1a: Floette|Dazzling Gleam|p2a: Milotic|[spread] p2a,p2b\n|-damage|p2a: Milotic|14/100\n|-damage|p2b: Sinistcha|0 fnt\n|faint|p2b: Sinistcha\n|move|p2a: Milotic|Muddy Water|p1a: Floette|[spread] p1a\n|-miss|p2a: Milotic|p1b: Talonflame\n|-damage|p1a: Floette|0 fnt\n|faint|p1a: Floette\n|\n|-weather|none\n|-heal|p2a: Milotic|21/100|[from] item: Leftovers\n|-sideend|p2: tf2026|move: Aurora Veil\n|upkeep\n|\n|t:|1775931208\n|switch|p2b: Sneasler|Sneasler, L50, M|100/100\n|turn|6\n|\n|t:|1775931222\n|move|p2b: Sneasler|Protect|p2b: Sneasler\n|-singleturn|p2b: Sneasler|Protect\n|move|p1b: Talonflame|Acrobatics|p2b: Sneasler\n|-activate|p2b: Sneasler|move: Protect\n|move|p2a: Milotic|Muddy Water|p1b: Talonflame|[miss]\n|-miss|p2a: Milotic|p1b: Talonflame\n|\n|-heal|p2a: Milotic|27/100|[from] item: Leftovers\n|upkeep\n|turn|7\n|\n|t:|1775931265\n|move|p2b: Sneasler|Protect||[still]\n|-fail|p2b: Sneasler\n|move|p1b: Talonflame|Acrobatics|p2b: Sneasler\n|-supereffective|p2b: Sneasler|1\n|-damage|p2b: Sneasler|0 fnt\n|faint|p2b: Sneasler\n|move|p2a: Milotic|Muddy Water|p1b: Talonflame\n|-supereffective|p1b: Talonflame|1\n|-damage|p1b: Talonflame|0 fnt\n|faint|p1b: Talonflame\n|\n|win|tf2026\n|raw|atfalse's rating: 1258 &rarr; <strong>1236</strong><br />(-22 for losing)\n|raw|tf2026's rating: 1299 &rarr; <strong>1321</strong><br />(+22 for winning)\n|l|\u2606tf2026\n|player|p2|\n|l|\u2606atfalse\n|player|p1|\n",
  "uploadtime": 1775931283,
  "views": 54,
  "formatid": "gen9championsvgc2026regma",
  "rating": 1236,
  "private": 0,
  "password": null
}