{
  "id": "gen9championsvgc2026regma-2582954419",
  "format": "[Gen 9 Champions] VGC 2026 Reg M-A",
  "players": [
    "boysenorange",
    "ZinoZaur"
  ],
  "log": "|j|\u2606boysenorange\n|j|\u2606ZinoZaur\n|t:|1776128111\n|gametype|doubles\n|player|p1|boysenorange|turo|1083\n|player|p2|ZinoZaur|drayden|1070\n|gen|9\n|tier|[Gen 9 Champions] VGC 2026 Reg M-A\n|rated|\n|rule|Species Clause: Limit one of each Pok\u00e9mon\n|rule|Item Clause: Limit 1 of each item\n|clearpoke\n|poke|p1|Torkoal, L50, F|\n|poke|p1|Farigiraf, L50, F|\n|poke|p1|Maushold-Four, L50|\n|poke|p1|Camerupt, L50, F|\n|poke|p1|Hatterene, L50, F|\n|poke|p1|Meowstic, L50, M|\n|poke|p2|Aggron, L50, F|\n|poke|p2|Alakazam, L50, M|\n|poke|p2|Araquanid, L50, F|\n|poke|p2|Ampharos, L50, F|\n|poke|p2|Tyranitar, L50, M|\n|poke|p2|Sinistcha, L50|\n|teampreview|4\n|\n|t:|1776128133\n|teamsize|p1|4\n|teamsize|p2|4\n|start\n|switch|p1a: Farigiraf|Farigiraf, L50, F|100/100\n|switch|p1b: Maushold|Maushold-Four, L50|100/100\n|switch|p2a: Alakazam|Alakazam, L50, M|100/100\n|switch|p2b: Araquanid|Araquanid, L50, F|100/100\n|turn|1\n|\n|t:|1776128151\n|switch|p2a: Aggron|Aggron, L50, F|100/100\n|move|p1b: Maushold|Follow Me|p1b: Maushold\n|-singleturn|p1b: Maushold|move: Follow Me\n|move|p2b: Araquanid|Chilling Water|p1b: Maushold\n|-damage|p1b: Maushold|55/100\n|-unboost|p1b: Maushold|atk|1\n|move|p1a: Farigiraf|Trick Room|p1a: Farigiraf\n|-fieldstart|move: Trick Room|[of] p1a: Farigiraf\n|\n|upkeep\n|turn|2\n|\n|t:|1776128174\n|switch|p1b: Torkoal|Torkoal, L50, F|100/100\n|-weather|SunnyDay|[from] ability: Drought|[of] p1b: Torkoal\n|detailschange|p2a: Aggron|Aggron-Mega, L50, F\n|-mega|p2a: Aggron|Aggron|Aggronite\n|move|p2b: Araquanid|Wide Guard|p2b: Araquanid\n|-singleturn|p2b: Araquanid|Wide Guard\n|move|p2a: Aggron|Heavy Slam|p1b: Torkoal\n|-resisted|p1b: Torkoal|1\n|-damage|p1b: Torkoal|82/100\n|move|p1a: Farigiraf|Nasty Plot|p1a: Farigiraf\n|-boost|p1a: Farigiraf|spa|2\n|\n|-weather|SunnyDay|[upkeep]\n|upkeep\n|turn|3\n|\n|t:|1776128193\n|move|p2b: Araquanid|Wide Guard|p2b: Araquanid\n|-singleturn|p2b: Araquanid|Wide Guard\n|move|p1b: Torkoal|Eruption|p2b: Araquanid|[spread] \n|-activate|p2a: Aggron|move: Wide Guard\n|-activate|p2b: Araquanid|move: Wide Guard\n|move|p2a: Aggron|Rock Slide|p1b: Torkoal|[spread] p1a,p1b\n|-supereffective|p1b: Torkoal|1\n|-damage|p1a: Farigiraf|84/100\n|-damage|p1b: Torkoal|55/100\n|move|p1a: Farigiraf|Psyshock|p2b: Araquanid\n|-damage|p2b: Araquanid|33/100\n|\n|-weather|SunnyDay|[upkeep]\n|upkeep\n|turn|4\n|inactive|Battle timer is ON: inactive players will automatically lose when time's up. (requested by boysenorange)\n|\n|t:|1776128238\n|move|p1b: Torkoal|Weather Ball|p2a: Aggron\n|-supereffective|p2a: Aggron|1\n|-damage|p2a: Aggron|0 fnt\n|faint|p2a: Aggron\n|move|p2b: Araquanid|Soak|p2: Aggron|[notarget]\n|-fail|p2b: Araquanid\n|move|p1a: Farigiraf|Psyshock|p2b: Araquanid\n|-damage|p2b: Araquanid|0 fnt\n|faint|p2b: Araquanid\n|\n|-weather|SunnyDay|[upkeep]\n|upkeep\n|\n|t:|1776128242\n|switch|p2b: Sinistcha|Sinistcha, L50|100/100\n|switch|p2a: Alakazam|Alakazam, L50, M|100/100\n|turn|5\n|-message|ZinoZaur forfeited.\n|\n|win|boysenorange\n|raw|boysenorange's rating: 1083 &rarr; <strong>1110</strong><br />(+27 for winning)\n|raw|ZinoZaur's rating: 1070 &rarr; <strong>1050</strong><br />(-20 for losing)\n|l|\u2606ZinoZaur\n|player|p2|\n",
  "uploadtime": 1776128251,
  "views": 13,
  "formatid": "gen9championsvgc2026regma",
  "rating": 1050,
  "private": 0,
  "password": null
}