{
  "id": "gen9championsvgc2026regma-2581839475",
  "format": "[Gen 9 Champions] VGC 2026 Reg M-A",
  "players": [
    "MaxPotatoes",
    "yoshi pokemon nerd"
  ],
  "log": "|j|\u2606MaxPotatoes\n|j|\u2606yoshi pokemon nerd\n|t:|1776032672\n|gametype|doubles\n|player|p1|MaxPotatoes|ingo|\n|player|p2|yoshi pokemon nerd|170|\n|gen|9\n|tier|[Gen 9 Champions] VGC 2026 Reg M-A\n|rated|Tournament battle\n|rule|Species Clause: Limit one of each Pok\u00e9mon\n|rule|Item Clause: Limit 1 of each item\n|clearpoke\n|poke|p1|Clefable, L50, F|\n|poke|p1|Kingambit, L50, F|\n|poke|p1|Dragonite, L50, F|\n|poke|p1|Meowscarada, L50, M|\n|poke|p1|Armarouge, L50, M|\n|poke|p1|Incineroar, L50, M|\n|poke|p2|Whimsicott, L50, M|\n|poke|p2|Torkoal, L50, M|\n|poke|p2|Zoroark-Hisui, L50, F|\n|poke|p2|Scovillain, L50, M|\n|poke|p2|Dragapult, L50, M|\n|poke|p2|Typhlosion-Hisui, L50, F|\n|teampreview|4\n|c|\u2606yoshi pokemon nerd|I made this team one hour ag\n|c|\u2606yoshi pokemon nerd|glhf\n|c|\u2606MaxPotatoes|glhf\n|c|\u2606MaxPotatoes|thats what showdown abt\n|c|\u2606yoshi pokemon nerd|I know\n|c|\u2606yoshi pokemon nerd|its great\n|\n|t:|1776032741\n|teamsize|p1|4\n|teamsize|p2|4\n|start\n|switch|p1a: Armarouge|Armarouge, L50, M|100/100\n|switch|p1b: Incineroar|Incineroar, L50, M|100/100\n|switch|p2a: Ritual|Typhlosion-Hisui, L50, F|100/100\n|switch|p2b: Carolina|Scovillain, L50, M|100/100\n|-ability|p1b: Incineroar|Intimidate|boost\n|-unboost|p2a: Ritual|atk|1\n|-unboost|p2b: Carolina|atk|1\n|turn|1\n|\n|t:|1776032774\n|switch|p1a: Dragonite|Dragonite, L50, F|100/100\n|move|p2b: Carolina|Rage Powder|p2b: Carolina\n|-singleturn|p2b: Carolina|move: Rage Powder\n|move|p2a: Ritual|Shadow Ball|p1a: Dragonite\n|-damage|p1a: Dragonite|81/100\n|move|p1b: Incineroar|Darkest Lariat|p2b: Carolina\n|-damage|p2b: Carolina|42/100\n|\n|upkeep\n|turn|2\n|\n|t:|1776032796\n|detailschange|p2b: Carolina|Scovillain-Mega, L50, M\n|-mega|p2b: Carolina|Scovillain|Scovillainite\n|detailschange|p1a: Dragonite|Dragonite-Mega, L50, F\n|-mega|p1a: Dragonite|Dragonite|Dragoninite\n|move|p2b: Carolina|Rage Powder|p2b: Carolina\n|-singleturn|p2b: Carolina|move: Rage Powder\n|move|p2a: Ritual|Shadow Ball|p1a: Dragonite\n|-damage|p1a: Dragonite|47/100\n|move|p1a: Dragonite|Tailwind|p1a: Dragonite\n|-sidestart|p1: MaxPotatoes|move: Tailwind\n|move|p1b: Incineroar|Darkest Lariat|p2b: Carolina\n|-damage|p2b: Carolina|0 fnt\n|-immune|p1b: Incineroar\n|faint|p2b: Carolina\n|\n|upkeep\n|\n|t:|1776032811\n|switch|p2b: Arson|Torkoal, L50, M|100/100\n|-weather|SunnyDay|[from] ability: Drought|[of] p2b: Arson\n|turn|3\n|\n|t:|1776032825\n|move|p1a: Dragonite|Draco Meteor|p2b: Arson\n|-damage|p2b: Arson|0 fnt\n|-unboost|p1a: Dragonite|spa|2\n|faint|p2b: Arson\n|move|p2a: Ritual|Shadow Ball|p1a: Dragonite\n|-damage|p1a: Dragonite|15/100\n|move|p1b: Incineroar|Darkest Lariat|p2a: Ritual\n|-supereffective|p2a: Ritual|1\n|-damage|p2a: Ritual|0 fnt\n|faint|p2a: Ritual\n|\n|-weather|SunnyDay|[upkeep]\n|upkeep\n|c|\u2606yoshi pokemon nerd|gg\n|\n|t:|1776032831\n|switch|p2b: Perfidy|Zoroark-Hisui, L50, F|100/100\n|turn|4\n|\n|t:|1776032846\n|move|p2b: Perfidy|Protect|p2b: Perfidy\n|-singleturn|p2b: Perfidy|Protect\n|move|p1a: Dragonite|Heat Wave|p2b: Perfidy\n|-activate|p2b: Perfidy|move: Protect\n|move|p1b: Incineroar|Darkest Lariat|p2b: Perfidy\n|-activate|p2b: Perfidy|move: Protect\n|\n|-weather|SunnyDay|[upkeep]\n|upkeep\n|turn|5\n|c|\u2606MaxPotatoes|gg\n|\n|t:|1776032856\n|move|p1a: Dragonite|Heat Wave|p2b: Perfidy\n|-damage|p2b: Perfidy|34/100\n|move|p2b: Perfidy|Hyper Voice|p1b: Incineroar|[spread] p1a,p1b\n|-damage|p1a: Dragonite|0 fnt\n|-damage|p1b: Incineroar|74/100\n|faint|p1a: Dragonite\n|move|p1b: Incineroar|Darkest Lariat|p2b: Perfidy\n|-supereffective|p2b: Perfidy|1\n|-damage|p2b: Perfidy|0 fnt\n|faint|p2b: Perfidy\n|\n|win|MaxPotatoes\n|n|\u2606MaxPotatoes|maxpotatoes\n|n|\u2606yoshi pokemon nerd|yoshipokemonnerd\n|l|\u2606yoshi pokemon nerd\n|player|p2|\n|l|\u2606MaxPotatoes\n|player|p1|\n|j| aurora ltd\n",
  "uploadtime": 1776033174,
  "views": 8,
  "formatid": "gen9championsvgc2026regma",
  "rating": null,
  "private": 0,
  "password": null
}