{
  "id": "gen9championsvgc2026regma-2583888361",
  "format": "[Gen 9 Champions] VGC 2026 Reg M-A",
  "players": [
    "iiioooaaa",
    "operation k"
  ],
  "log": "|j|\u2606iiioooaaa\n|j|\u2606operation k\n|t:|1776205671\n|gametype|doubles\n|player|p1|iiioooaaa|n|\n|player|p2|operation k|courtney|\n|gen|9\n|tier|[Gen 9 Champions] VGC 2026 Reg M-A\n|rule|Species Clause: Limit one of each Pok\u00e9mon\n|rule|Item Clause: Limit 1 of each item\n|clearpoke\n|poke|p1|Floette-Eternal, L50, F|\n|poke|p1|Gengar, L50, F|\n|poke|p1|Hatterene, L50, F|\n|poke|p1|Chandelure, L50, M|\n|poke|p1|Gardevoir, L50, F|\n|poke|p1|Sylveon, L50, M|\n|poke|p2|Froslass, L50, F|\n|poke|p2|Glaceon, L50, M|\n|poke|p2|Volcarona, L50, F|\n|poke|p2|Rotom-Wash, L50|\n|poke|p2|Incineroar, L50, M|\n|poke|p2|Sinistcha, L50|\n|teampreview|4\n|inactive|Battle timer is ON: inactive players will automatically lose when time's up. (requested by iiioooaaa)\n|inactive|operation k has 60 seconds left.\n|\n|t:|1776205715\n|teamsize|p1|4\n|teamsize|p2|4\n|start\n|switch|p1a: Gengar|Gengar, L50, F, shiny|100/100\n|switch|p1b: Chandelure|Chandelure, L50, M, shiny|100/100\n|switch|p2a: Incineroar|Incineroar, L50, M|100/100\n|switch|p2b: Rotom|Rotom-Wash, L50|100/100\n|-ability|p2a: Incineroar|Intimidate|boost\n|-unboost|p1a: Gengar|atk|1\n|-unboost|p1b: Chandelure|atk|1\n|turn|1\n|inactive|operation k has 30 seconds left.\n|\n|t:|1776205746\n|move|p2b: Rotom|Hydro Pump|p1b: Chandelure\n|-supereffective|p1b: Chandelure|1\n|-damage|p1b: Chandelure|0 fnt\n|faint|p1b: Chandelure\n|move|p1a: Gengar|Destiny Bond|p1a: Gengar\n|-singlemove|p1a: Gengar|Destiny Bond\n|move|p2a: Incineroar|Parting Shot|p1a: Gengar\n|-unboost|p1a: Gengar|atk|1\n|-unboost|p1a: Gengar|spa|1\n|\n|t:|1776205761\n|switch|p2a: Froslass|Froslass, L50, F|100/100|[from] Parting Shot\n|\n|upkeep\n|\n|t:|1776205767\n|switch|p1b: Amora|Gardevoir, L50, F, shiny|100/100\n|turn|2\n|\n|t:|1776205776\n|detailschange|p1b: Amora|Gardevoir-Mega, L50, F, shiny\n|-mega|p1b: Amora|Gardevoir|Gardevoirite\n|move|p2a: Froslass|Protect|p2a: Froslass\n|-singleturn|p2a: Froslass|Protect\n|move|p2b: Rotom|Hydro Pump|p1b: Amora|[miss]\n|-miss|p2b: Rotom|p1b: Amora\n|move|p1a: Gengar|Shadow Ball|p2a: Froslass\n|-activate|p2a: Froslass|move: Protect\n|move|p1b: Amora|Calm Mind|p1b: Amora\n|-boost|p1b: Amora|spa|1\n|-boost|p1b: Amora|spd|1\n|\n|upkeep\n|turn|3\n|\n|t:|1776205805\n|switch|p2b: Sinistcha|Sinistcha, L50|100/100\n|detailschange|p2a: Froslass|Froslass-Mega, L50, F\n|-mega|p2a: Froslass|Froslass|Froslassite\n|-weather|Snowscape|[from] ability: Snow Warning|[of] p2a: Froslass\n|move|p2a: Froslass|Aurora Veil|p2a: Froslass\n|-sidestart|p2: operation k|move: Aurora Veil\n|move|p1a: Gengar|Curse|p2a: Froslass\n|-start|p2a: Froslass|Curse|[of] p1a: Gengar\n|-damage|p1a: Gengar|51/100\n|move|p1b: Amora|Calm Mind|p1b: Amora\n|-boost|p1b: Amora|spa|1\n|-boost|p1b: Amora|spd|1\n|\n|-weather|Snowscape|[upkeep]\n|-damage|p2a: Froslass|76/100|[from] Curse\n|upkeep\n|turn|4\n|inactive|iiioooaaa has 30 seconds left.\n|inactive|operation k has 30 seconds left.\n|\n|t:|1776205836\n|move|p2a: Froslass|Shadow Ball|p1b: Amora\n|-supereffective|p1b: Amora|1\n|-damage|p1b: Amora|63/100\n|move|p1a: Gengar|Shadow Ball|p2a: Froslass\n|-supereffective|p2a: Froslass|1\n|-damage|p2a: Froslass|35/100\n|-unboost|p2a: Froslass|spd|1\n|move|p1b: Amora|Draining Kiss|p2b: Sinistcha\n|-damage|p2b: Sinistcha|54/100\n|-heal|p1b: Amora|100/100|[from] drain|[of] p2b: Sinistcha\n|move|p2b: Sinistcha|Life Dew|p2b: Sinistcha|[spread] p2a,p2b\n|-heal|p2a: Froslass|60/100\n|-heal|p2b: Sinistcha|78/100\n|\n|-weather|Snowscape|[upkeep]\n|-heal|p2b: Sinistcha|85/100|[from] item: Leftovers\n|-damage|p2a: Froslass|35/100|[from] Curse\n|upkeep\n|turn|5\n|inactive|operation k has 30 seconds left.\n|\n|t:|1776205862\n|switch|p2a: Incineroar|Incineroar, L50, M|100/100\n|-ability|p2a: Incineroar|Intimidate|boost\n|-unboost|p1a: Gengar|atk|1\n|-unboost|p1b: Amora|atk|1\n|move|p1a: Gengar|Destiny Bond|p1a: Gengar\n|-singlemove|p1a: Gengar|Destiny Bond\n|move|p1b: Amora|Draining Kiss|p2b: Sinistcha\n|-damage|p2b: Sinistcha|42/100\n|move|p2b: Sinistcha|Matcha Gotcha|p1b: Amora|[spread] p1a,p1b\n|-resisted|p1a: Gengar|1\n|-damage|p1a: Gengar|30/100\n|-heal|p2b: Sinistcha|51/100|[from] drain|[of] p1a: Gengar\n|-damage|p1b: Amora|89/100\n|-heal|p2b: Sinistcha|55/100|[from] drain|[of] p1b: Amora\n|-status|p1a: Gengar|brn\n|-status|p1b: Amora|brn\n|\n|-weather|Snowscape|[upkeep]\n|-heal|p2b: Sinistcha|62/100|[from] item: Leftovers\n|-damage|p1a: Gengar|24/100 brn|[from] brn\n|-damage|p1b: Amora|84/100 brn|[from] brn\n|upkeep\n|turn|6\n|inactive|iiioooaaa has 30 seconds left.\n|inactive|operation k has 30 seconds left.\n|\n|t:|1776205896\n|move|p2a: Incineroar|Fake Out|p1b: Amora\n|-damage|p1b: Amora|66/100 brn\n|move|p1a: Gengar|Destiny Bond||[still]\n|-fail|p1a: Gengar\n|cant|p1b: Amora|flinch\n|move|p2b: Sinistcha|Matcha Gotcha|p1b: Amora|[spread] p1a,p1b\n|-resisted|p1a: Gengar|1\n|-damage|p1a: Gengar|2/100 brn\n|-heal|p2b: Sinistcha|70/100|[from] drain|[of] p1a: Gengar\n|-damage|p1b: Amora|55/100 brn\n|-heal|p2b: Sinistcha|75/100|[from] drain|[of] p1b: Amora\n|\n|-weather|Snowscape|[upkeep]\n|-heal|p2b: Sinistcha|81/100|[from] item: Leftovers\n|-damage|p1a: Gengar|0 fnt|[from] brn\n|faint|p1a: Gengar\n|-damage|p1b: Amora|49/100 brn|[from] brn\n|upkeep\n|\n|t:|1776205917\n|switch|p1a: Hatterene|Hatterene, L50, F|100/100\n|turn|7\n|\n|t:|1776205932\n|move|p1b: Amora|Draining Kiss|p2a: Incineroar\n|-damage|p2a: Incineroar|63/100\n|-heal|p1b: Amora|89/100 brn|[from] drain|[of] p2a: Incineroar\n|move|p2a: Incineroar|Flare Blitz|p1b: Amora\n|-damage|p1b: Amora|5/100 brn\n|-damage|p2a: Incineroar|43/100|[from] Recoil\n|-enditem|p2a: Incineroar|Sitrus Berry|[eat]\n|-heal|p2a: Incineroar|67/100|[from] item: Sitrus Berry\n|move|p2b: Sinistcha|Matcha Gotcha|p1a: Hatterene|[spread] p1a,p1b\n|-damage|p1a: Hatterene|74/100\n|-heal|p2b: Sinistcha|93/100|[from] drain|[of] p1a: Hatterene\n|-damage|p1b: Amora|0 fnt\n|-heal|p2b: Sinistcha|95/100|[from] drain|[of] p1b: Amora\n|faint|p1b: Amora\n|move|p1a: Hatterene|Thunder Wave|p2a: Incineroar\n|-status|p2a: Incineroar|par\n|\n|-weather|none\n|-heal|p2b: Sinistcha|100/100|[from] item: Leftovers\n|-heal|p1a: Hatterene|80/100|[from] item: Leftovers\n|-sideend|p2: operation k|move: Aurora Veil\n|upkeep\n|turn|8\n|inactive|iiioooaaa has 30 seconds left.\n|inactive|operation k has 30 seconds left.\n|\n|t:|1776205964\n|move|p2b: Sinistcha|Matcha Gotcha|p1a: Hatterene\n|-damage|p1a: Hatterene|40/100\n|move|p1a: Hatterene|Dazzling Gleam|p2a: Incineroar|[spread] p2a,p2b\n|-damage|p2a: Incineroar|42/100 par\n|-damage|p2b: Sinistcha|64/100\n|move|p2a: Incineroar|Flare Blitz|p1a: Hatterene\n|-damage|p1a: Hatterene|0 fnt\n|faint|p1a: Hatterene\n|-damage|p2a: Incineroar|31/100 par|[from] Recoil\n|\n|win|operation k\n|l|\u2606iiioooaaa\n|player|p1|\n",
  "uploadtime": 1776205979,
  "views": 21,
  "formatid": "gen9championsvgc2026regma",
  "rating": null,
  "private": 0,
  "password": null
}