{
  "id": "gen9championsvgc2026regma-2583771678",
  "format": "[Gen 9 Champions] VGC 2026 Reg M-A",
  "players": [
    "WOHOOOO",
    "HawaiiCookieCo"
  ],
  "log": "|j|\u2606WOHOOOO\n|j|\u2606HawaiiCookieCo\n|t:|1776196618\n|gametype|doubles\n|player|p1|WOHOOOO|rocketgruntf|1000\n|player|p2|HawaiiCookieCo|swimmer-gen4dp|1044\n|gen|9\n|tier|[Gen 9 Champions] VGC 2026 Reg M-A\n|rated|\n|rule|Species Clause: Limit one of each Pok\u00e9mon\n|rule|Item Clause: Limit 1 of each item\n|clearpoke\n|poke|p1|Starmie, L50|\n|poke|p1|Whimsicott, L50, F|\n|poke|p1|Steelix, L50, M|\n|poke|p1|Bellibolt, L50, M|\n|poke|p1|Typhlosion-Hisui, L50, F|\n|poke|p1|Dragapult, L50, M|\n|poke|p2|Volcarona, L50, M|\n|poke|p2|Mamoswine, L50, F|\n|poke|p2|Tyranitar, L50, F|\n|poke|p2|Aegislash, L50, F|\n|poke|p2|Maushold, L50|\n|poke|p2|Incineroar, L50, M|\n|teampreview|4\n|inactive|Battle timer is ON: inactive players will automatically lose when time's up. (requested by HawaiiCookieCo)\n|inactive|HawaiiCookieCo has 60 seconds left.\nWOHOOOO has agreed to open team sheets.\n|c|\u2606WOHOOOO|Im testing a thing\n|\n|t:|1776196664\n|teamsize|p1|4\n|teamsize|p2|4\n|start\n|switch|p1a: Whimsicott|Whimsicott, L50, F|100/100\n|switch|p1b: Starmie|Starmie, L50|100/100\n|switch|p2a: Mamoswine|Mamoswine, L50, F|100/100\n|switch|p2b: Incineroar|Incineroar, L50, M|100/100\n|-ability|p2b: Incineroar|Intimidate|boost\n|-unboost|p1a: Whimsicott|atk|1\n|-unboost|p1b: Starmie|atk|1\n|turn|1\n|\n|t:|1776196678\n|detailschange|p1b: Starmie|Starmie-Mega, L50\n|-mega|p1b: Starmie|Starmie|Starminite\n|move|p2b: Incineroar|Fake Out|p1b: Starmie\n|-damage|p1b: Starmie|87/100\n|move|p1a: Whimsicott|Tailwind|p1a: Whimsicott\n|-sidestart|p1: WOHOOOO|move: Tailwind\n|cant|p1b: Starmie|flinch\n|move|p2a: Mamoswine|Icicle Crash|p1a: Whimsicott\n|-supereffective|p1a: Whimsicott|1\n|-enditem|p1a: Whimsicott|Focus Sash\n|-damage|p1a: Whimsicott|1/100\n|\n|upkeep\n|turn|2\n|inactive|HawaiiCookieCo has 30 seconds left.\n|\n|t:|1776196704\n|move|p1b: Starmie|Liquidation|p2b: Incineroar\n|-supereffective|p2b: Incineroar|1\n|-damage|p2b: Incineroar|23/100\n|-unboost|p2b: Incineroar|def|1\n|-enditem|p2b: Incineroar|Sitrus Berry|[eat]\n|-heal|p2b: Incineroar|48/100|[from] item: Sitrus Berry\n|move|p1a: Whimsicott|Dazzling Gleam|p2a: Mamoswine|[spread] p2a,p2b\n|-damage|p2a: Mamoswine|71/100\n|-damage|p2b: Incineroar|29/100\n|move|p2a: Mamoswine|High Horsepower|p1b: Starmie\n|-damage|p1b: Starmie|20/100\n|move|p2b: Incineroar|Parting Shot|p1a: Whimsicott\n|-unboost|p1a: Whimsicott|atk|1\n|-unboost|p1a: Whimsicott|spa|1\n|\n|t:|1776196718\n|switch|p2b: Aegislash|Aegislash, L50, F|100/100|[from] Parting Shot\n|\n|upkeep\n|turn|3\n|\n|t:|1776196728\n|move|p1a: Whimsicott|Stun Spore|p2b: Aegislash\n|-status|p2b: Aegislash|par\n|move|p2a: Mamoswine|Ice Shard|p1a: Whimsicott\n|-supereffective|p1a: Whimsicott|1\n|-damage|p1a: Whimsicott|0 fnt\n|faint|p1a: Whimsicott\n|-formechange|p2b: Aegislash|Aegislash-Blade|\n|move|p2b: Aegislash|Shadow Sneak|p1b: Starmie\n|-supereffective|p1b: Starmie|1\n|-damage|p1b: Starmie|0 fnt\n|faint|p1b: Starmie\n|\n|upkeep\n|\n|t:|1776196739\n|switch|p1b: Typhlosion|Typhlosion-Hisui, L50, F|100/100\n|switch|p1a: Dragapult|Dragapult, L50, M|100/100\n|turn|4\n|\n|t:|1776196749\n|move|p2b: Aegislash|Wide Guard|p2b: Aegislash\n|-singleturn|p2b: Aegislash|Wide Guard\n|move|p1b: Typhlosion|Eruption|p2b: Aegislash|[spread] \n|-activate|p2a: Mamoswine|move: Wide Guard\n|-activate|p2b: Aegislash|move: Wide Guard\n|move|p1a: Dragapult|Phantom Force||[still]\n|-prepare|p1a: Dragapult|Phantom Force\n|move|p2a: Mamoswine|Icicle Crash|p1a: Dragapult|[miss]\n|-miss|p2a: Mamoswine|p1a: Dragapult\n|\n|-sideend|p1: WOHOOOO|move: Tailwind\n|upkeep\n|turn|5\n|\n|t:|1776196763\n|move|p2b: Aegislash|Wide Guard|p2b: Aegislash\n|-singleturn|p2b: Aegislash|Wide Guard\n|move|p1b: Typhlosion|Eruption|p2a: Mamoswine|[spread] \n|-activate|p2a: Mamoswine|move: Wide Guard\n|-activate|p2b: Aegislash|move: Wide Guard\n|move|p1a: Dragapult|Phantom Force|p2b: Aegislash|[from] lockedmove\n|-activate|p2b: Aegislash|move: Phantom Force|[broken]\n|-supereffective|p2b: Aegislash|1\n|-damage|p2b: Aegislash|0 fnt\n|faint|p2b: Aegislash\n|move|p2a: Mamoswine|High Horsepower|p1b: Typhlosion\n|-supereffective|p1b: Typhlosion|1\n|-damage|p1b: Typhlosion|0 fnt\n|faint|p1b: Typhlosion\n|\n|upkeep\n|\n|t:|1776196777\n|switch|p2b: Incineroar|Incineroar, L50, M|29/100\n|-ability|p2b: Incineroar|Intimidate|boost\n|-unboost|p1a: Dragapult|atk|1\n|turn|6\n|c|\u2606HawaiiCookieCo|why are you infiltrator\n|\n|t:|1776196801\n|move|p1a: Dragapult|Dragon Darts|p2b: Incineroar\n|-damage|p2b: Incineroar|11/100\n|-anim|p1a: Dragapult|Dragon Darts|p2a: Mamoswine\n|-damage|p2a: Mamoswine|46/100\n|move|p2a: Mamoswine|Icicle Crash|p1a: Dragapult\n|-supereffective|p1a: Dragapult|1\n|-damage|p1a: Dragapult|0 fnt\n|faint|p1a: Dragapult\n|\n|win|HawaiiCookieCo\n|raw|WOHOOOO's rating: 1000 &rarr; <strong>1000</strong><br />(+0 for losing)\n|raw|HawaiiCookieCo's rating: 1044 &rarr; <strong>1073</strong><br />(+29 for winning)\n|c|\u2606WOHOOOO|Why no\n|c|\u2606HawaiiCookieCo|clear body\n|c|\u2606HawaiiCookieCo|if physical\n|c|\u2606WOHOOOO|Whatever\n|c|\u2606WOHOOOO|Im not an smogon xD\n|c|\u2606HawaiiCookieCo|you get intimidated and do not damage\n",
  "uploadtime": 1776196844,
  "views": 30,
  "formatid": "gen9championsvgc2026regma",
  "rating": 1000,
  "private": 0,
  "password": null
}