{
  "id": "gen9championsvgc2026regma-2586949445",
  "format": "[Gen 9 Champions] VGC 2026 Reg M-A",
  "players": [
    "BackpackerRaden",
    "AthenaStrive9"
  ],
  "log": "|j|\u2606BackpackerRaden\n|j|\u2606AthenaStrive9\n|html|<table width=\"100%\"><tr><td align=\"left\">BackpackerRaden</td><td align=\"right\">AthenaStrive9</tr><tr><td align=\"left\"><i class=\"fa fa-circle-o\"></i> <i class=\"fa fa-circle-o\"></i> </td><td align=\"right\"><i class=\"fa fa-circle-o\"></i> <i class=\"fa fa-circle-o\"></i> </tr></table>\n|uhtml|bestof|<h2><strong>Game 1</strong> of <a href=\"/game-bestof3-gen9championsvgc2026regma-2586949442\">a best-of-3</a></h2>\n|t:|1776474750\n|gametype|doubles\n|player|p1|BackpackerRaden|backpacker|\n|player|p2|AthenaStrive9|nancy|\n|gen|9\n|tier|[Gen 9 Champions] VGC 2026 Reg M-A\n|rated|Tournament battle\n|rule|Species Clause: Limit one of each Pok\u00e9mon\n|rule|Item Clause: Limit 1 of each item\n|raw|<div class=\"infobox\"><details class=\"readmore\" open><summary><strong>2 custom rules:</strong></summary> Force Open Team Sheets, Best of = 3</details></div>\n|clearpoke\n|poke|p1|Milotic, L50, M|\n|poke|p1|Sinistcha, L50|\n|poke|p1|Skarmory, L50, M|\n|poke|p1|Mamoswine, L50, M|\n|poke|p1|Hydreigon, L50, M|\n|poke|p1|Manectric, L50, M|\n|poke|p2|Floette-Eternal, L50, F|\n|poke|p2|Sneasler, L50, M|\n|poke|p2|Corviknight, L50, F|\n|poke|p2|Sinistcha-Masterpiece, L50|\n|poke|p2|Kommo-o, L50, M|\n|poke|p2|Incineroar, L50, F|\n|teampreview|4\n|showteam|p1|Milotic||SitrusBerry|Competitive|Scald,IcyWind,Recover,Protect|||M|||50|]Sinistcha||ColburBerry|Hospitality|RagePowder,MatchaGotcha,ShadowBall,Protect||||||50|]Skarmory||Skarmorite|Sturdy|BraveBird,IronHead,Tailwind,Protect|||M|||50|]Mamoswine||FocusSash|Oblivious|IceShard,HighHorsepower,IcicleCrash,Protect|||M|||50|]Hydreigon||ChopleBerry|Levitate|Snarl,Tailwind,DracoMeteor,Taunt|||M|||50|]Manectric||Manectite|Static|Thunderbolt,VoltSwitch,Protect,Flamethrower|||M|||50|\n|showteam|p2|Floette-Eternal||Floettite|FlowerVeil|Protect,Moonblast,DazzlingGleam,CalmMind|||F|||50|]Sneasler||FocusSash|Unburden|DireClaw,CloseCombat,FakeOut,Coaching|||M|||50|]Corviknight||Leftovers|MirrorArmor|Roost,IronHead,BodyPress,BulkUp|||F|||50|]Sinistcha-Masterpiece||SitrusBerry|Hospitality|RagePowder,MatchaGotcha,LifeDew,TrickRoom||||||50|]Kommo-o||CobaBerry|Overcoat|Protect,ClangingScales,AuraSphere,ClangorousSoul|||M|||50|]Incineroar||LumBerry|Intimidate|ThroatChop,FlareBlitz,FakeOut,PartingShot|||F|||50|\n|j|@Radio Free C-Side\n|c|@Radio Free C-Side|raden ttar is good for once\n|c|@Radio Free C-Side|and you arent running it???\n|c|\u2606BackpackerRaden|it wasn't working on this particular team as well as I would've liked\n|c|@Radio Free C-Side|augh\n|c|\u2606BackpackerRaden|I will say of the 9 teams I have built for champions, this is the only one that doesn't have ttar\n|\n|t:|1776474847\n|teamsize|p1|4\n|teamsize|p2|4\n|start\n|switch|p1a: Skarmory|Skarmory, L50, M|100/100\n|switch|p1b: Milotic|Milotic, L50, M|100/100\n|switch|p2a: Floette|Floette-Eternal, L50, F|100/100\n|switch|p2b: Sneasler|Sneasler, L50, M|100/100\n|turn|1\n|\n|t:|1776474863\n|detailschange|p1a: Skarmory|Skarmory-Mega, L50, M\n|-mega|p1a: Skarmory|Skarmory|Skarmorite\n|detailschange|p2a: Floette|Floette-Mega, L50, F\n|-mega|p2a: Floette|Floette|Floettite\n|-ability|p2a: Floette|Fairy Aura\n|move|p2b: Sneasler|Fake Out|p1a: Skarmory\n|-resisted|p1a: Skarmory|1\n|-damage|p1a: Skarmory|92/100\n|cant|p1a: Skarmory|flinch\n|move|p2a: Floette|Calm Mind|p2a: Floette\n|-boost|p2a: Floette|spa|1\n|-boost|p2a: Floette|spd|1\n|move|p1b: Milotic|Icy Wind|p2a: Floette|[spread] p2a,p2b\n|-damage|p2a: Floette|95/100\n|-damage|p2b: Sneasler|86/100\n|-unboost|p2a: Floette|spe|1\n|-unboost|p2b: Sneasler|spe|1\n|\n|upkeep\n|turn|2\n|\n|t:|1776474875\n|move|p2a: Floette|Protect|p2a: Floette\n|-singleturn|p2a: Floette|Protect\n|move|p1a: Skarmory|Brave Bird|p2b: Sneasler\n|-supereffective|p2b: Sneasler|1\n|-damage|p2b: Sneasler|0 fnt\n|faint|p2b: Sneasler\n|-damage|p1a: Skarmory|61/100|[from] Recoil\n|move|p1b: Milotic|Scald|p2a: Floette\n|-activate|p2a: Floette|move: Protect\n|\n|upkeep\n|c|\u2606AthenaStrive9|this\n|c|\u2606AthenaStrive9|is really badf\n|c|\u2606AthenaStrive9|bad*\n|\n|t:|1776474888\n|switch|p2b: Kommo-o|Kommo-o, L50, M|100/100\n|turn|3\n|j|+holdingb\n|\n|t:|1776474904\n|move|p1a: Skarmory|Iron Head|p2a: Floette\n|-supereffective|p2a: Floette|1\n|-damage|p2a: Floette|4/100\n|move|p2b: Kommo-o|Clangorous Soul|p2b: Kommo-o\n|-boost|p2b: Kommo-o|atk|1\n|-boost|p2b: Kommo-o|def|1\n|-boost|p2b: Kommo-o|spa|1\n|-boost|p2b: Kommo-o|spd|1\n|-boost|p2b: Kommo-o|spe|1\n|-damage|p2b: Kommo-o|68/100\n|move|p1b: Milotic|Icy Wind|p2a: Floette|[spread] p2a,p2b\n|-supereffective|p2b: Kommo-o|1\n|-damage|p2a: Floette|0 fnt\n|-damage|p2b: Kommo-o|54/100\n|-unboost|p2b: Kommo-o|spe|1\n|faint|p2a: Floette\n|\n|upkeep\n|j| FBISurveillanceMan\n|\n|t:|1776474910\n|switch|p2a: Sinistcha|Sinistcha-Masterpiece, L50, shiny|100/100\n|-heal|p2b: Kommo-o|79/100|[from] ability: Hospitality|[of] p2a: Sinistcha\n|turn|4\n|j| whizz whoosh\n|\n|t:|1776474922\n|move|p2b: Kommo-o|Protect|p2b: Kommo-o\n|-singleturn|p2b: Kommo-o|Protect\n|move|p1a: Skarmory|Brave Bird|p2b: Kommo-o\n|-activate|p2b: Kommo-o|move: Protect\n|move|p1b: Milotic|Icy Wind|p2b: Kommo-o|[spread] p2a\n|-activate|p2b: Kommo-o|move: Protect\n|-supereffective|p2a: Sinistcha|1\n|-damage|p2a: Sinistcha|80/100\n|-unboost|p2a: Sinistcha|spe|1\n|move|p2a: Sinistcha|Trick Room|p2a: Sinistcha\n|-fieldstart|move: Trick Room|[of] p2a: Sinistcha\n|\n|upkeep\n|turn|5\n|\n|t:|1776474933\n|move|p1a: Skarmory|Protect|p1a: Skarmory\n|-singleturn|p1a: Skarmory|Protect\n|move|p2a: Sinistcha|Matcha Gotcha|p1b: Milotic|[spread] p1b\n|-activate|p1a: Skarmory|move: Protect\n|-supereffective|p1b: Milotic|1\n|-damage|p1b: Milotic|65/100\n|-heal|p2a: Sinistcha|100/100|[from] drain|[of] p1b: Milotic\n|move|p1b: Milotic|Scald|p2b: Kommo-o\n|-resisted|p2b: Kommo-o|1\n|-damage|p2b: Kommo-o|69/100\n|move|p2b: Kommo-o|Aura Sphere|p1a: Skarmory\n|-activate|p1a: Skarmory|move: Protect\n|\n|upkeep\n|turn|6\n|\n|t:|1776474946\n|move|p2a: Sinistcha|Life Dew||[still]|[spread] p2a,p2b\n|-fail|p2a: Sinistcha|heal\n|-heal|p2b: Kommo-o|94/100\n|move|p1b: Milotic|Icy Wind|p2a: Sinistcha|[spread] p2a,p2b\n|-supereffective|p2a: Sinistcha|1\n|-supereffective|p2b: Kommo-o|1\n|-damage|p2a: Sinistcha|81/100\n|-damage|p2b: Kommo-o|79/100\n|-unboost|p2a: Sinistcha|spe|1\n|-unboost|p2b: Kommo-o|spe|1\n|move|p2b: Kommo-o|Aura Sphere|p1a: Skarmory\n|-damage|p1a: Skarmory|0 fnt\n|faint|p1a: Skarmory\n|\n|upkeep\n|\n|t:|1776474959\n|switch|p1a: Mamoswine|Mamoswine, L50, M|100/100\n|turn|7\n|\n|t:|1776474987\n|move|p1a: Mamoswine|Protect|p1a: Mamoswine\n|-singleturn|p1a: Mamoswine|Protect\n|move|p2a: Sinistcha|Matcha Gotcha|p1a: Mamoswine|[spread] p1b\n|-activate|p1a: Mamoswine|move: Protect\n|-supereffective|p1b: Milotic|1\n|-damage|p1b: Milotic|28/100\n|-heal|p2a: Sinistcha|100/100|[from] drain|[of] p1b: Milotic\n|-status|p1b: Milotic|brn\n|-enditem|p1b: Milotic|Sitrus Berry|[eat]\n|-heal|p1b: Milotic|53/100 brn|[from] item: Sitrus Berry\n|move|p2b: Kommo-o|Aura Sphere|p1a: Mamoswine\n|-activate|p1a: Mamoswine|move: Protect\n|move|p1b: Milotic|Icy Wind|p2b: Kommo-o|[spread] p2a,p2b\n|-supereffective|p2a: Sinistcha|1\n|-supereffective|p2b: Kommo-o|1\n|-damage|p2a: Sinistcha|81/100\n|-damage|p2b: Kommo-o|65/100\n|-unboost|p2a: Sinistcha|spe|1\n|-unboost|p2b: Kommo-o|spe|1\n|\n|-damage|p1b: Milotic|47/100 brn|[from] brn\n|upkeep\n|turn|8\n|\n|t:|1776474998\n|move|p1a: Mamoswine|Ice Shard|p2a: Sinistcha\n|-supereffective|p2a: Sinistcha|1\n|-damage|p2a: Sinistcha|43/100\n|-enditem|p2a: Sinistcha|Sitrus Berry|[eat]\n|-heal|p2a: Sinistcha|68/100|[from] item: Sitrus Berry\n|move|p2a: Sinistcha|Matcha Gotcha|p1b: Milotic|[spread] p1a,p1b\n|-supereffective|p1a: Mamoswine|1\n|-supereffective|p1b: Milotic|1\n|-damage|p1a: Mamoswine|36/100\n|-heal|p2a: Sinistcha|100/100|[from] drain|[of] p1a: Mamoswine\n|-damage|p1b: Milotic|14/100 brn\n|move|p2b: Kommo-o|Aura Sphere|p1a: Mamoswine\n|-supereffective|p1a: Mamoswine|1\n|-damage|p1a: Mamoswine|0 fnt\n|faint|p1a: Mamoswine\n|move|p1b: Milotic|Icy Wind|p2a: Sinistcha|[spread] p2a,p2b\n|-supereffective|p2a: Sinistcha|1\n|-supereffective|p2b: Kommo-o|1\n|-damage|p2a: Sinistcha|80/100\n|-damage|p2b: Kommo-o|51/100\n|-unboost|p2a: Sinistcha|spe|1\n|-unboost|p2b: Kommo-o|spe|1\n|\n|-damage|p1b: Milotic|8/100 brn|[from] brn\n|-fieldend|move: Trick Room\n|upkeep\n|\n|t:|1776475002\n|switch|p1a: Hydreigon|Hydreigon, L50, M|100/100\n|turn|9\n|\n|t:|1776475039\n|move|p2a: Sinistcha|Rage Powder|p2a: Sinistcha\n|-singleturn|p2a: Sinistcha|move: Rage Powder\n|move|p1a: Hydreigon|Snarl|p2b: Kommo-o|[spread] p2a,p2b\n|-supereffective|p2a: Sinistcha|1\n|-resisted|p2b: Kommo-o|1\n|-damage|p2a: Sinistcha|46/100\n|-damage|p2b: Kommo-o|46/100\n|-unboost|p2a: Sinistcha|spa|1\n|-unboost|p2b: Kommo-o|spa|1\n|move|p1b: Milotic|Recover|p1b: Milotic\n|-heal|p1b: Milotic|58/100 brn\n|move|p2b: Kommo-o|Clanging Scales|p1a: Hydreigon|[spread] p1a,p1b\n|-supereffective|p1a: Hydreigon|1\n|-damage|p1a: Hydreigon|31/100\n|-damage|p1b: Milotic|32/100 brn\n|-unboost|p2b: Kommo-o|def|1\n|\n|-damage|p1b: Milotic|26/100 brn|[from] brn\n|upkeep\n|turn|10\n|\n|t:|1776475057\n|move|p2a: Sinistcha|Rage Powder|p2a: Sinistcha\n|-singleturn|p2a: Sinistcha|move: Rage Powder\n|move|p1a: Hydreigon|Snarl|p2b: Kommo-o|[spread] p2b\n|-miss|p1a: Hydreigon|p2a: Sinistcha\n|-resisted|p2b: Kommo-o|1\n|-damage|p2b: Kommo-o|40/100\n|-unboost|p2b: Kommo-o|spa|1\n|move|p1b: Milotic|Recover|p1b: Milotic\n|-heal|p1b: Milotic|76/100 brn\n|move|p2b: Kommo-o|Clanging Scales|p1a: Hydreigon|[spread] p1a,p1b\n|-supereffective|p1a: Hydreigon|1\n|-damage|p1a: Hydreigon|0 fnt\n|-damage|p1b: Milotic|59/100 brn\n|faint|p1a: Hydreigon\n|-unboost|p2b: Kommo-o|def|1\n|\n|-damage|p1b: Milotic|53/100 brn|[from] brn\n|upkeep\n|turn|11\n|\n|t:|1776475066\n|move|p2b: Kommo-o|Protect|p2b: Kommo-o\n|-singleturn|p2b: Kommo-o|Protect\n|move|p1b: Milotic|Icy Wind|p2a: Sinistcha|[spread] p2a\n|-activate|p2b: Kommo-o|move: Protect\n|-supereffective|p2a: Sinistcha|1\n|-crit|p2a: Sinistcha\n|-damage|p2a: Sinistcha|16/100\n|-unboost|p2a: Sinistcha|spe|1\n|move|p2a: Sinistcha|Life Dew|p2a: Sinistcha|[spread] p2a,p2b\n|-heal|p2a: Sinistcha|41/100\n|-heal|p2b: Kommo-o|65/100\n|\n|-damage|p1b: Milotic|47/100 brn|[from] brn\n|upkeep\n|turn|12\n|\n|t:|1776475083\n|move|p1b: Milotic|Icy Wind|p2a: Sinistcha|[spread] p2a,p2b\n|-supereffective|p2a: Sinistcha|1\n|-supereffective|p2b: Kommo-o|1\n|-damage|p2a: Sinistcha|20/100\n|-damage|p2b: Kommo-o|51/100\n|-unboost|p2a: Sinistcha|spe|1\n|-unboost|p2b: Kommo-o|spe|1\n|move|p2b: Kommo-o|Clanging Scales|p1b: Milotic\n|-damage|p1b: Milotic|24/100 brn\n|-unboost|p2b: Kommo-o|def|1\n|move|p2a: Sinistcha|Life Dew|p2a: Sinistcha|[spread] p2a,p2b\n|-heal|p2a: Sinistcha|45/100\n|-heal|p2b: Kommo-o|76/100\n|\n|-damage|p1b: Milotic|18/100 brn|[from] brn\n|upkeep\n|turn|13\n|\n|t:|1776475091\n|move|p1b: Milotic|Recover|p1b: Milotic\n|-heal|p1b: Milotic|68/100 brn\n|move|p2b: Kommo-o|Clangorous Soul|p2b: Kommo-o\n|-boost|p2b: Kommo-o|atk|1\n|-boost|p2b: Kommo-o|def|1\n|-boost|p2b: Kommo-o|spa|1\n|-boost|p2b: Kommo-o|spd|1\n|-boost|p2b: Kommo-o|spe|1\n|-damage|p2b: Kommo-o|43/100\n|move|p2a: Sinistcha|Life Dew|p2a: Sinistcha|[spread] p2a,p2b\n|-heal|p2a: Sinistcha|70/100\n|-heal|p2b: Kommo-o|68/100\n|\n|-damage|p1b: Milotic|62/100 brn|[from] brn\n|upkeep\n|turn|14\n|\n|t:|1776475096\n|move|p1b: Milotic|Icy Wind|p2b: Kommo-o|[spread] p2a,p2b\n|-supereffective|p2a: Sinistcha|1\n|-supereffective|p2b: Kommo-o|1\n|-damage|p2a: Sinistcha|52/100\n|-damage|p2b: Kommo-o|58/100\n|-unboost|p2b: Kommo-o|spe|1\n|move|p2b: Kommo-o|Clangorous Soul|p2b: Kommo-o\n|-boost|p2b: Kommo-o|atk|1\n|-boost|p2b: Kommo-o|def|1\n|-boost|p2b: Kommo-o|spa|1\n|-boost|p2b: Kommo-o|spd|1\n|-boost|p2b: Kommo-o|spe|1\n|-damage|p2b: Kommo-o|25/100\n|move|p2a: Sinistcha|Life Dew|p2a: Sinistcha|[spread] p2a,p2b\n|-heal|p2a: Sinistcha|77/100\n|-heal|p2b: Kommo-o|50/100\n|\n|-damage|p1b: Milotic|56/100 brn|[from] brn\n|upkeep\n|turn|15\n|\n|t:|1776475101\n|move|p2b: Kommo-o|Protect|p2b: Kommo-o\n|-singleturn|p2b: Kommo-o|Protect\n|move|p1b: Milotic|Icy Wind|p2b: Kommo-o|[spread] p2a\n|-activate|p2b: Kommo-o|move: Protect\n|-supereffective|p2a: Sinistcha|1\n|-damage|p2a: Sinistcha|56/100\n|move|p2a: Sinistcha|Life Dew|p2a: Sinistcha|[spread] p2a,p2b\n|-heal|p2a: Sinistcha|81/100\n|-heal|p2b: Kommo-o|75/100\n|\n|-damage|p1b: Milotic|50/100 brn|[from] brn\n|upkeep\n|turn|16\n|\n|t:|1776475108\n|move|p1b: Milotic|Recover|p1b: Milotic\n|-heal|p1b: Milotic|100/100 brn\n|move|p2b: Kommo-o|Clanging Scales|p1b: Milotic\n|-damage|p1b: Milotic|47/100 brn\n|-unboost|p2b: Kommo-o|def|1\n|move|p2a: Sinistcha|Life Dew|p2a: Sinistcha|[spread] p2a,p2b\n|-heal|p2a: Sinistcha|100/100\n|-heal|p2b: Kommo-o|99/100\n|\n|-damage|p1b: Milotic|41/100 brn|[from] brn\n|upkeep\n|turn|17\n|c|\u2606BackpackerRaden|fricken kommoo\n|\n|t:|1776475114\n|move|p1b: Milotic|Icy Wind|p2b: Kommo-o|[spread] p2a,p2b\n|-supereffective|p2a: Sinistcha|1\n|-supereffective|p2b: Kommo-o|1\n|-damage|p2a: Sinistcha|81/100\n|-damage|p2b: Kommo-o|91/100\n|-unboost|p2b: Kommo-o|spe|1\n|move|p2b: Kommo-o|Clanging Scales|p1b: Milotic\n|-damage|p1b: Milotic|0 fnt\n|faint|p1b: Milotic\n|\n|win|AthenaStrive9\n||BackpackerRaden is ready for game 2.\n",
  "uploadtime": 1776475117,
  "views": 12,
  "formatid": "gen9championsvgc2026regma",
  "rating": null,
  "private": 0,
  "password": null
}