{
  "id": "gen9championsvgc2026regma-2585585533",
  "format": "[Gen 9 Champions] VGC 2026 Reg M-A",
  "players": [
    "Tempest ash",
    "blade626"
  ],
  "log": "|j|\u2606Tempest ash\n|j|\u2606blade626\n|t:|1776357161\n|gametype|doubles\n|player|p1|Tempest ash|170|1046\n|player|p2|blade626|1|1028\n|gen|9\n|tier|[Gen 9 Champions] VGC 2026 Reg M-A\n|rated|\n|rule|Species Clause: Limit one of each Pok\u00e9mon\n|rule|Item Clause: Limit 1 of each item\n|clearpoke\n|poke|p1|Hatterene, L50, F|\n|poke|p1|Sinistcha-Masterpiece, L50|\n|poke|p1|Farigiraf, L50, M|\n|poke|p1|Maushold-Four, L50|\n|poke|p1|Drampa, L50, M|\n|poke|p1|Milotic, L50, F|\n|poke|p2|Farigiraf, L50, M|\n|poke|p2|Whimsicott, L50, F|\n|poke|p2|Incineroar, L50, F|\n|poke|p2|Rotom-Wash, L50|\n|poke|p2|Garchomp, L50, F|\n|poke|p2|Drampa, L50, F|\n|teampreview|4\n|inactive|Battle timer is ON: inactive players will automatically lose when time's up. (requested by Tempest ash)\nTempest ash rejected open team sheets.\n|inactive|blade626 has 60 seconds left.\n|\n|t:|1776357201\n|teamsize|p1|4\n|teamsize|p2|4\n|start\n|switch|p1a: Sinistcha|Sinistcha-Masterpiece, L50|100/100\n|switch|p1b: Maushold|Maushold-Four, L50|100/100\n|switch|p2a: Incineroar|Incineroar, L50, F|100/100\n|switch|p2b: Rotom|Rotom-Wash, L50|100/100\n|-ability|p2a: Incineroar|Intimidate|boost\n|-unboost|p1a: Sinistcha|atk|1\n|-unboost|p1b: Maushold|atk|1\n|turn|1\n|\n|t:|1776357212\n|move|p1b: Maushold|Protect|p1b: Maushold\n|-singleturn|p1b: Maushold|Protect\n|move|p2a: Incineroar|Fake Out|p1b: Maushold\n|-activate|p1b: Maushold|move: Protect\n|move|p2b: Rotom|Volt Switch|p1b: Maushold\n|-activate|p1b: Maushold|move: Protect\n|move|p1a: Sinistcha|Trick Room|p1a: Sinistcha\n|-fieldstart|move: Trick Room|[of] p1a: Sinistcha\n|\n|upkeep\n|turn|2\n|\n|t:|1776357234\n|switch|p1a: Hatterene|Hatterene, L50, F|100/100\n|move|p2a: Incineroar|Darkest Lariat|p1a: Hatterene\n|-damage|p1a: Hatterene|75/100\n|move|p1b: Maushold|Population Bomb|p2a: Incineroar\n|-damage|p2a: Incineroar|97/100\n|-damage|p2a: Incineroar|94/100\n|-damage|p2a: Incineroar|91/100\n|-damage|p2a: Incineroar|88/100\n|-damage|p2a: Incineroar|85/100\n|-damage|p2a: Incineroar|82/100\n|-damage|p2a: Incineroar|79/100\n|-damage|p2a: Incineroar|76/100\n|-damage|p2a: Incineroar|73/100\n|-damage|p2a: Incineroar|70/100\n|-hitcount|p2a: Incineroar|10\n|move|p2b: Rotom|Volt Switch|p1b: Maushold\n|-damage|p1b: Maushold|63/100\n|\n|t:|1776357254\n|switch|p2b: Garchomp|Garchomp, L50, F|100/100|[from] Volt Switch\n|\n|upkeep\n|turn|3\n|\n|t:|1776357271\n|switch|p2a: Rotom|Rotom-Wash, L50|100/100\n|move|p2b: Garchomp|Protect|p2b: Garchomp\n|-singleturn|p2b: Garchomp|Protect\n|move|p1b: Maushold|Follow Me|p1b: Maushold\n|-singleturn|p1b: Maushold|move: Follow Me\n|move|p1a: Hatterene|Calm Mind|p1a: Hatterene\n|-boost|p1a: Hatterene|spa|1\n|-boost|p1a: Hatterene|spd|1\n|\n|upkeep\n|turn|4\n|\n|t:|1776357295\n|move|p1b: Maushold|Follow Me|p1b: Maushold\n|-singleturn|p1b: Maushold|move: Follow Me\n|move|p1a: Hatterene|Calm Mind|p1a: Hatterene\n|-boost|p1a: Hatterene|spa|1\n|-boost|p1a: Hatterene|spd|1\n|move|p2b: Garchomp|Earthquake|p1b: Maushold|[spread] p1a,p1b\n|-immune|p2a: Rotom|[from] ability: Levitate\n|-damage|p1a: Hatterene|40/100\n|-damage|p1b: Maushold|17/100\n|-enditem|p1a: Hatterene|Sitrus Berry|[eat]\n|-heal|p1a: Hatterene|65/100|[from] item: Sitrus Berry\n|move|p2a: Rotom|Hydro Pump|p1b: Maushold\n|-damage|p1b: Maushold|0 fnt\n|faint|p1b: Maushold\n|\n|upkeep\n|\n|t:|1776357298\n|switch|p1b: Sinistcha|Sinistcha-Masterpiece, L50|100/100\n|-heal|p1a: Hatterene|90/100|[from] ability: Hospitality|[of] p1b: Sinistcha\n|turn|5\n|\n|t:|1776357317\n|switch|p2a: Incineroar|Incineroar, L50, F|70/100\n|-ability|p2a: Incineroar|Intimidate|boost\n|-unboost|p1a: Hatterene|atk|1\n|-unboost|p1b: Sinistcha|atk|1\n|move|p2b: Garchomp|Protect|p2b: Garchomp\n|-singleturn|p2b: Garchomp|Protect\n|move|p1a: Hatterene|Baton Pass|p1a: Hatterene\n|\n|t:|1776357322\n|switch|p1a: Drampa|Drampa, L50, M|100/100|[from] Baton Pass\n|move|p1b: Sinistcha|Psych Up|p1a: Drampa\n|-copyboost|p1b: Sinistcha|p1a: Drampa|[from] move: Psych Up\n|\n|-fieldend|move: Trick Room\n|upkeep\n|turn|6\n|\n|t:|1776357344\n|move|p1a: Drampa|Protect|p1a: Drampa\n|-singleturn|p1a: Drampa|Protect\n|move|p2a: Incineroar|Fake Out|p1a: Drampa\n|-activate|p1a: Drampa|move: Protect\n|move|p2b: Garchomp|Rock Slide|p1a: Drampa|[spread] p1b\n|-activate|p1a: Drampa|move: Protect\n|-damage|p1b: Sinistcha|80/100\n|move|p1b: Sinistcha|Trick Room|p1b: Sinistcha\n|-fieldstart|move: Trick Room|[of] p1b: Sinistcha\n|\n|upkeep\n|turn|7\n|inactive|Tempest ash has 30 seconds left.\n|\n|t:|1776357377\n|detailschange|p1a: Drampa|Drampa-Mega, L50, M\n|-mega|p1a: Drampa|Drampa|Drampanite\n|move|p1a: Drampa|Hyper Voice|p2a: Incineroar|[spread] p2a,p2b\n|-damage|p2a: Incineroar|7/100\n|-damage|p2b: Garchomp|39/100\n|move|p2a: Incineroar|Parting Shot|p1a: Drampa\n|-unboost|p1a: Drampa|atk|1\n|-unboost|p1a: Drampa|spa|1\n|\n|t:|1776357387\n|switch|p2a: Drampa|Drampa, L50, F|100/100|[from] Parting Shot\n|-ability|p2a: Drampa|Cloud Nine\n|move|p1b: Sinistcha|Matcha Gotcha|p2b: Garchomp|[spread] p2b\n|-miss|p1b: Sinistcha|p2a: Drampa\n|-damage|p2b: Garchomp|0 fnt\n|-heal|p1b: Sinistcha|100/100|[from] drain|[of] p2b: Garchomp\n|faint|p2b: Garchomp\n|\n|upkeep\n|\n|t:|1776357399\n|switch|p2b: Incineroar|Incineroar, L50, F|7/100\n|-ability|p2b: Incineroar|Intimidate|boost\n|-unboost|p1a: Drampa|atk|1\n|-unboost|p1b: Sinistcha|atk|1\n|turn|8\n|\n|t:|1776357420\n|move|p1b: Sinistcha|Rage Powder|p1b: Sinistcha\n|-singleturn|p1b: Sinistcha|move: Rage Powder\n|move|p1a: Drampa|Dragon Pulse|p2a: Drampa\n|-supereffective|p2a: Drampa|1\n|-damage|p2a: Drampa|0 fnt\n|faint|p2a: Drampa\n|move|p2b: Incineroar|Flare Blitz|p1b: Sinistcha\n|-supereffective|p1b: Sinistcha|1\n|-damage|p1b: Sinistcha|3/100\n|-damage|p2b: Incineroar|0 fnt|[from] Recoil\n|faint|p2b: Incineroar\n|\n|upkeep\n|\n|t:|1776357432\n|switch|p2b: Rotom|Rotom-Wash, L50|100/100\n|turn|9\n|\n|t:|1776357447\n|move|p1a: Drampa|Hyper Voice|p2b: Rotom\n|-damage|p2b: Rotom|22/100\n|move|p1b: Sinistcha|Matcha Gotcha|p2b: Rotom\n|-supereffective|p2b: Rotom|1\n|-damage|p2b: Rotom|0 fnt\n|-heal|p1b: Sinistcha|12/100|[from] drain|[of] p2b: Rotom\n|faint|p2b: Rotom\n|\n|win|Tempest ash\n|raw|Tempest ash's rating: 1046 &rarr; <strong>1077</strong><br />(+31 for winning)\n|raw|blade626's rating: 1028 &rarr; <strong>1015</strong><br />(-13 for losing)\n|l|\u2606Tempest ash\n|player|p1|\n",
  "uploadtime": 1776357488,
  "views": 30,
  "formatid": "gen9championsvgc2026regma",
  "rating": 1015,
  "private": 0,
  "password": null
}