{
  "id": "gen9championsvgc2026regma-2587935551",
  "format": "[Gen 9 Champions] VGC 2026 Reg M-A",
  "players": [
    "regidragon12138",
    "MightyTaggart"
  ],
  "log": "|j|\u2606regidragon12138\n|j|\u2606MightyTaggart\n|t:|1776581419\n|gametype|doubles\n|player|p1|regidragon12138|cynthia-gen4|1455\n|player|p2|MightyTaggart|artist-gen4|1473\n|gen|9\n|tier|[Gen 9 Champions] VGC 2026 Reg M-A\n|rated|\n|rule|Species Clause: Limit one of each Pok\u00e9mon\n|rule|Item Clause: Limit 1 of each item\n|clearpoke\n|poke|p1|Kommo-o, L50, F|\n|poke|p1|Gengar, L50, F|\n|poke|p1|Whimsicott, L50, F|\n|poke|p1|Excadrill, L50, M|\n|poke|p1|Incineroar, L50, F|\n|poke|p1|Tyranitar, L50, F|\n|poke|p2|Scovillain, L50, F|\n|poke|p2|Sneasler, L50, M|\n|poke|p2|Primarina, L50, M|\n|poke|p2|Sinistcha, L50|\n|poke|p2|Aerodactyl, L50, F|\n|poke|p2|Tyranitar, L50, M|\n|teampreview|4\n|inactive|Battle timer is ON: inactive players will automatically lose when time's up. (requested by regidragon12138)\n|\n|t:|1776581440\n|teamsize|p1|4\n|teamsize|p2|4\n|start\n|switch|p1a: Kommo-o|Kommo-o, L50, F|100/100\n|switch|p1b: Whimsicott|Whimsicott, L50, F|100/100\n|switch|p2a: Sneasler|Sneasler, L50, M|100/100\n|switch|p2b: Aerodactyl|Aerodactyl, L50, F|100/100\n|-ability|p2b: Aerodactyl|Unnerve\n|turn|1\n|\n|t:|1776581461\n|move|p1b: Whimsicott|Protect|p1b: Whimsicott\n|-singleturn|p1b: Whimsicott|Protect\n|move|p1a: Kommo-o|Protect|p1a: Kommo-o\n|-singleturn|p1a: Kommo-o|Protect\n|move|p2a: Sneasler|Fake Out|p1b: Whimsicott\n|-activate|p1b: Whimsicott|move: Protect\n|move|p2b: Aerodactyl|Tailwind|p2b: Aerodactyl\n|-sidestart|p2: MightyTaggart|move: Tailwind\n|\n|upkeep\n|turn|2\n|\n|t:|1776581486\n|move|p1b: Whimsicott|Encore|p2b: Aerodactyl\n|-start|p2b: Aerodactyl|Encore\n|move|p2b: Aerodactyl|Tailwind||[still]\n|-fail|p2b: Aerodactyl\n|move|p2a: Sneasler|Close Combat|p1a: Kommo-o\n|-damage|p1a: Kommo-o|38/100\n|-unboost|p2a: Sneasler|def|1\n|-unboost|p2a: Sneasler|spd|1\n|-enditem|p2a: Sneasler|White Herb\n|-clearnegativeboost|p2a: Sneasler|[silent]\n|move|p1a: Kommo-o|Clangorous Soul|p1a: Kommo-o\n|-boost|p1a: Kommo-o|atk|1\n|-boost|p1a: Kommo-o|def|1\n|-boost|p1a: Kommo-o|spa|1\n|-boost|p1a: Kommo-o|spd|1\n|-boost|p1a: Kommo-o|spe|1\n|-damage|p1a: Kommo-o|5/100\n|\n|-heal|p1a: Kommo-o|11/100|[from] item: Leftovers\n|upkeep\n|turn|3\n|j| sbpkshowdown\n|\n|t:|1776581511\n|switch|p1a: Gengar|Gengar, L50, F|100/100\n|move|p1b: Whimsicott|Encore|p2a: Sneasler\n|-start|p2a: Sneasler|Encore\n|move|p2a: Sneasler|Close Combat|p1b: Whimsicott\n|-resisted|p1b: Whimsicott|1\n|-damage|p1b: Whimsicott|46/100\n|-unboost|p2a: Sneasler|def|1\n|-unboost|p2a: Sneasler|spd|1\n|move|p2b: Aerodactyl|Tailwind||[still]\n|-fail|p2b: Aerodactyl\n|\n|upkeep\n|turn|4\n|inactive|regidragon12138 has 30 seconds left.\n|\n|t:|1776581537\n|detailschange|p1a: Gengar|Gengar-Mega, L50, F\n|-mega|p1a: Gengar|Gengar|Gengarite\n|move|p1b: Whimsicott|Protect|p1b: Whimsicott\n|-singleturn|p1b: Whimsicott|Protect\n|move|p2a: Sneasler|Close Combat|p1b: Whimsicott\n|-activate|p1b: Whimsicott|move: Protect\n|move|p2b: Aerodactyl|Tailwind||[still]\n|-fail|p2b: Aerodactyl\n|move|p1a: Gengar|Shadow Ball|p2b: Aerodactyl\n|-damage|p2b: Aerodactyl|35/100\n|\n|-end|p2b: Aerodactyl|Encore\n|-sideend|p2: MightyTaggart|move: Tailwind\n|upkeep\n|turn|5\n|\n|t:|1776581557\n|move|p1b: Whimsicott|Tailwind|p1b: Whimsicott\n|-sidestart|p1: regidragon12138|move: Tailwind\n|move|p1a: Gengar|Disable|p2a: Sneasler\n|-start|p2a: Sneasler|Disable|Close Combat\n|cant|p2a: Sneasler|Disable|Close Combat\n|move|p2b: Aerodactyl|Tailwind|p2b: Aerodactyl\n|-sidestart|p2: MightyTaggart|move: Tailwind\n|\n|-end|p2a: Sneasler|Encore\n|upkeep\n|turn|6\n|\n|t:|1776581579\n|move|p1b: Whimsicott|Encore|p2b: Aerodactyl\n|-start|p2b: Aerodactyl|Encore\n|move|p2a: Sneasler|Dire Claw|p1b: Whimsicott\n|-supereffective|p1b: Whimsicott|2\n|-damage|p1b: Whimsicott|0 fnt\n|faint|p1b: Whimsicott\n|move|p2b: Aerodactyl|Tailwind||[still]\n|-fail|p2b: Aerodactyl\n|move|p1a: Gengar|Shadow Ball|p2a: Sneasler\n|-damage|p2a: Sneasler|9/100\n|\n|upkeep\n|j| ShenKeNO13\n|\n|t:|1776581601\n|switch|p1b: Excadrill|Excadrill, L50, M|100/100\n|turn|7\n|\n|t:|1776581610\n|move|p2a: Sneasler|Dire Claw|p1a: Gengar\n|-resisted|p1a: Gengar|2\n|-damage|p1a: Gengar|86/100\n|move|p2b: Aerodactyl|Tailwind||[still]\n|-fail|p2b: Aerodactyl\n|move|p1a: Gengar|Shadow Ball|p2a: Sneasler\n|-damage|p2a: Sneasler|0 fnt\n|faint|p2a: Sneasler\n|move|p1b: Excadrill|Iron Head|p2b: Aerodactyl\n|-supereffective|p2b: Aerodactyl|1\n|-damage|p2b: Aerodactyl|0 fnt\n|faint|p2b: Aerodactyl\n|\n|upkeep\n|\n|t:|1776581622\n|switch|p2b: Scovillain|Scovillain, L50, F|100/100\n|switch|p2a: Primarina|Primarina, L50, M|100/100\n|turn|8\n|\n|t:|1776581637\n|detailschange|p2b: Scovillain|Scovillain-Mega, L50, F\n|-mega|p2b: Scovillain|Scovillain|Scovillainite\n|move|p1a: Gengar|Protect|p1a: Gengar\n|-singleturn|p1a: Gengar|Protect\n|move|p1b: Excadrill|Protect|p1b: Excadrill\n|-singleturn|p1b: Excadrill|Protect\n|move|p2b: Scovillain|Rage Powder|p2b: Scovillain\n|-singleturn|p2b: Scovillain|move: Rage Powder\n|move|p2a: Primarina|Hyper Voice|p1a: Gengar|[spread] \n|-activate|p1a: Gengar|move: Protect\n|-activate|p1b: Excadrill|move: Protect\n|\n|-sideend|p1: regidragon12138|move: Tailwind\n|-sideend|p2: MightyTaggart|move: Tailwind\n|upkeep\n|turn|9\n|\n|t:|1776581657\n|move|p2b: Scovillain|Rage Powder|p2b: Scovillain\n|-singleturn|p2b: Scovillain|move: Rage Powder\n|move|p1a: Gengar|Sludge Bomb|p2b: Scovillain\n|-supereffective|p2b: Scovillain|1\n|-damage|p2b: Scovillain|0 fnt\n|-status|p1a: Gengar|brn|[from] ability: Spicy Spray|[of] p2b: Scovillain\n|faint|p2b: Scovillain\n|move|p1b: Excadrill|Rock Slide|p2a: Primarina\n|-damage|p2a: Primarina|64/100\n|move|p2a: Primarina|Hyper Voice|p1b: Excadrill|[spread] p1a,p1b\n|-supereffective|p1b: Excadrill|1\n|-damage|p1a: Gengar|48/100 brn\n|-damage|p1b: Excadrill|3/100\n|\n|-heal|p2a: Primarina|70/100|[from] item: Leftovers\n|-damage|p1a: Gengar|42/100 brn|[from] brn\n|upkeep\n|turn|10\n|j| sammap\n|\n|t:|1776581673\n|move|p2a: Primarina|Protect|p2a: Primarina\n|-singleturn|p2a: Primarina|Protect\n|move|p1a: Gengar|Sludge Bomb|p2a: Primarina\n|-activate|p2a: Primarina|move: Protect\n|move|p1b: Excadrill|Iron Head|p2a: Primarina\n|-activate|p2a: Primarina|move: Protect\n|\n|-heal|p2a: Primarina|76/100|[from] item: Leftovers\n|-damage|p1a: Gengar|36/100 brn|[from] brn\n|upkeep\n|turn|11\n|\n|t:|1776581683\n|move|p1a: Gengar|Sludge Bomb|p2a: Primarina\n|-supereffective|p2a: Primarina|1\n|-damage|p2a: Primarina|0 fnt\n|faint|p2a: Primarina\n|\n|win|regidragon12138\n|raw|regidragon12138's rating: 1455 &rarr; <strong>1476</strong><br />(+21 for winning)\n|raw|MightyTaggart's rating: 1473 &rarr; <strong>1452</strong><br />(-21 for losing)\n|c|\u2606MightyTaggart|gg\n|l|\u2606regidragon12138\n|player|p1|\n",
  "uploadtime": 1776581690,
  "views": 17,
  "formatid": "gen9championsvgc2026regma",
  "rating": 1452,
  "private": 0,
  "password": null
}