{
  "id": "gen9championsvgc2026regma-2587910062",
  "format": "[Gen 9 Champions] VGC 2026 Reg M-A",
  "players": [
    "801344244a",
    "waxmaxter"
  ],
  "log": "|j|\u2606801344244a\n|j|\u2606waxmaxter\n|t:|1776577775\n|gametype|doubles\n|player|p1|801344244a|elesa|1232\n|player|p2|waxmaxter|101|1273\n|gen|9\n|tier|[Gen 9 Champions] VGC 2026 Reg M-A\n|rated|\n|rule|Species Clause: Limit one of each Pok\u00e9mon\n|rule|Item Clause: Limit 1 of each item\n|clearpoke\n|poke|p1|Charizard, L50, M|\n|poke|p1|Venusaur, L50, F|\n|poke|p1|Basculegion, L50, M|\n|poke|p1|Incineroar, L50, F|\n|poke|p1|Garchomp, L50, F|\n|poke|p1|Sneasler, L50, F|\n|poke|p2|Corviknight, L50, M|\n|poke|p2|Incineroar, L50, F|\n|poke|p2|Glimmora, L50, M|\n|poke|p2|Floette-Eternal, L50, F|\n|poke|p2|Basculegion, L50, M|\n|poke|p2|Sinistcha, L50|\n|teampreview|4\n|inactive|Battle timer is ON: inactive players will automatically lose when time's up. (requested by 801344244a)\n|inactive|801344244a has 60 seconds left.\n|inactive|waxmaxter has 60 seconds left.\n|inactive|801344244a has 30 seconds left.\n|\n|t:|1776577838\n|teamsize|p1|4\n|teamsize|p2|4\n|start\n|switch|p1a: Charizard|Charizard, L50, M|100/100\n|switch|p1b: Venusaur|Venusaur, L50, F|100/100\n|switch|p2a: Glimmora|Glimmora, L50, M|100/100\n|switch|p2b: Basculegion|Basculegion, L50, M|100/100\n|turn|1\n|inactive|801344244a has 30 seconds left.\n|inactive|waxmaxter has 30 seconds left.\n|inactive|waxmaxter has 20 seconds left.\n|\n|t:|1776577883\n|detailschange|p1a: Charizard|Charizard-Mega-Y, L50, M\n|-mega|p1a: Charizard|Charizard|Charizardite Y\n|-weather|SunnyDay|[from] ability: Drought|[of] p1a: Charizard\n|move|p2a: Glimmora|Spiky Shield|p2a: Glimmora\n|-singleturn|p2a: Glimmora|move: Protect\n|move|p1b: Venusaur|Earth Power|p2a: Glimmora\n|-activate|p2a: Glimmora|move: Protect\n|move|p2b: Basculegion|Icy Wind|p1a: Charizard|[spread] p1b\n|-miss|p2b: Basculegion|p1a: Charizard\n|-supereffective|p1b: Venusaur|1\n|-damage|p1b: Venusaur|83/100\n|-unboost|p1b: Venusaur|spe|1\n|move|p1a: Charizard|Heat Wave|p2b: Basculegion|[spread] p2b\n|-activate|p2a: Glimmora|move: Protect\n|-resisted|p2b: Basculegion|1\n|-damage|p2b: Basculegion|60/100\n|\n|-weather|SunnyDay|[upkeep]\n|upkeep\n|turn|2\n|inactive|801344244a has 30 seconds left.\n|inactive|waxmaxter has 30 seconds left.\n|inactive|801344244a has 20 seconds left.\n|inactive|waxmaxter has 20 seconds left.\n|\n|t:|1776577923\n|switch|p2b: Incineroar|Incineroar, L50, F|100/100\n|-ability|p2b: Incineroar|Intimidate|boost\n|-unboost|p1a: Charizard|atk|1\n|-unboost|p1b: Venusaur|atk|1\n|detailschange|p2a: Glimmora|Glimmora-Mega, L50, M\n|-mega|p2a: Glimmora|Glimmora|Glimmoranite\n|move|p1a: Charizard|Protect|p1a: Charizard\n|-singleturn|p1a: Charizard|Protect\n|move|p1b: Venusaur|Energy Ball|p2b: Incineroar\n|-resisted|p2b: Incineroar|1\n|-damage|p2b: Incineroar|84/100\n|move|p2a: Glimmora|Sludge Bomb|p1b: Venusaur\n|-damage|p1b: Venusaur|13/100\n|\n|-weather|SunnyDay|[upkeep]\n|upkeep\n|turn|3\n|\n|t:|1776577944\n|switch|p1b: Basculegion|Basculegion, L50, M|100/100\n|switch|p1a: Sneasler|Sneasler, L50, F|100/100\n|move|p2b: Incineroar|Fake Out|p1b: Basculegion\n|-immune|p1b: Basculegion\n|move|p2a: Glimmora|Power Gem|p1a: Sneasler\n|-resisted|p1a: Sneasler|1\n|-damage|p1a: Sneasler|66/100\n|\n|-weather|SunnyDay|[upkeep]\n|upkeep\n|turn|4\n|inactive|801344244a has 30 seconds left.\n|inactive|801344244a has 20 seconds left.\n|inactive|801344244a has 15 seconds left.\n|inactive|801344244a has 10 seconds left.\n|\n|t:|1776577990\n|switch|p2b: Basculegion|Basculegion, L50, M|60/100\n|move|p2a: Glimmora|Spiky Shield|p2a: Glimmora\n|-singleturn|p2a: Glimmora|move: Protect\n|move|p1b: Basculegion|Wave Crash|p2a: Glimmora\n|-activate|p2a: Glimmora|move: Protect\n|-damage|p1b: Basculegion|88/100|[from] Spiky Shield|[of] p2a: Glimmora\n|move|p1a: Sneasler|Close Combat|p2b: Basculegion\n|-immune|p2b: Basculegion\n|\n|-weather|SunnyDay|[upkeep]\n|upkeep\n|turn|5\n|inactive|waxmaxter has 30 seconds left.\n|\n|t:|1776578016\n|move|p2b: Basculegion|Last Respects|p1b: Basculegion\n|-supereffective|p1b: Basculegion|1\n|-damage|p1b: Basculegion|0 fnt\n|faint|p1b: Basculegion\n|move|p1a: Sneasler|Close Combat|p2a: Glimmora\n|-damage|p2a: Glimmora|43/100\n|-unboost|p1a: Sneasler|def|1\n|-unboost|p1a: Sneasler|spd|1\n|-enditem|p1a: Sneasler|White Herb\n|-clearnegativeboost|p1a: Sneasler|[silent]\n|move|p2a: Glimmora|Earth Power|p1a: Sneasler\n|-supereffective|p1a: Sneasler|1\n|-damage|p1a: Sneasler|0 fnt\n|faint|p1a: Sneasler\n|\n|-weather|none\n|upkeep\n|\n|t:|1776578020\n|switch|p1a: Charizard|Charizard-Mega-Y, L50, M|100/100\n|switch|p1b: Venusaur|Venusaur, L50, F|13/100\n|-weather|SunnyDay|[from] ability: Drought|[of] p1a: Charizard\n|turn|6\n|inactive|801344244a has 30 seconds left.\n|inactive|waxmaxter has 30 seconds left.\n|inactive|801344244a has 20 seconds left.\n|inactive|waxmaxter has 20 seconds left.\n|inactive|waxmaxter has 15 seconds left.\n|\n|t:|1776578060\n|switch|p2b: Incineroar|Incineroar, L50, F|84/100\n|-ability|p2b: Incineroar|Intimidate|boost\n|-unboost|p1a: Charizard|atk|1\n|-unboost|p1b: Venusaur|atk|1\n|move|p1b: Venusaur|Earth Power|p2b: Incineroar\n|-supereffective|p2b: Incineroar|1\n|-damage|p2b: Incineroar|33/100\n|-enditem|p2b: Incineroar|Sitrus Berry|[eat]\n|-heal|p2b: Incineroar|57/100|[from] item: Sitrus Berry\n|move|p2a: Glimmora|Power Gem|p1a: Charizard\n|-supereffective|p1a: Charizard|2\n|-damage|p1a: Charizard|0 fnt\n|faint|p1a: Charizard\n|\n|-weather|SunnyDay|[upkeep]\n|upkeep\n|turn|7\n|-message|801344244a forfeited.\n|\n|win|waxmaxter\n|raw|801344244a's rating: 1232 &rarr; <strong>1210</strong><br />(-22 for losing)\n|raw|waxmaxter's rating: 1273 &rarr; <strong>1295</strong><br />(+22 for winning)\n|l|\u2606801344244a\n|player|p1|\n|j|\u2606801344244a\n|player|p1|801344244a|elesa|\n",
  "uploadtime": 1776578098,
  "views": 13,
  "formatid": "gen9championsvgc2026regma",
  "rating": 1210,
  "private": 0,
  "password": null
}