{
  "id": "gen9championsvgc2026regma-2585759215",
  "format": "[Gen 9 Champions] VGC 2026 Reg M-A",
  "players": [
    "APazaDeUva",
    "aremine"
  ],
  "log": "|j|\u2606APazaDeUva\n|j|\u2606aremine\n|t:|1776368622\n|gametype|doubles\n|player|p1|APazaDeUva|veteran|1091\n|player|p2|aremine|101|1153\n|gen|9\n|tier|[Gen 9 Champions] VGC 2026 Reg M-A\n|rated|\n|rule|Species Clause: Limit one of each Pok\u00e9mon\n|rule|Item Clause: Limit 1 of each item\n|clearpoke\n|poke|p1|Crabominable, L50, M|\n|poke|p1|Sinistcha-Masterpiece, L50|\n|poke|p1|Incineroar, L50, M|\n|poke|p1|Froslass, L50, F|\n|poke|p1|Kingambit, L50, M|\n|poke|p1|Slowking, L50, M|\n|poke|p2|Altaria, L50, M|\n|poke|p2|Incineroar, L50, F|\n|poke|p2|Sinistcha, L50|\n|poke|p2|Kingambit, L50, F|\n|poke|p2|Whimsicott, L50, M|\n|poke|p2|Typhlosion-Hisui, L50, M|\n|teampreview|4\n|\n|t:|1776368668\n|teamsize|p1|4\n|teamsize|p2|4\n|start\n|switch|p1a: Tecito|Sinistcha-Masterpiece, L50|100/100\n|switch|p1b: Argall|Slowking, L50, M|100/100\n|switch|p2a: Altaria|Altaria, L50, M|100/100\n|switch|p2b: Whimsicott|Whimsicott, L50, M|100/100\n|-ability|p2a: Altaria|Cloud Nine\n|turn|1\n|\n|t:|1776368687\n|detailschange|p2a: Altaria|Altaria-Mega, L50, M\n|-mega|p2a: Altaria|Altaria|Altarianite\n|move|p1a: Tecito|Protect|p1a: Tecito\n|-singleturn|p1a: Tecito|Protect\n|move|p2b: Whimsicott|Moonblast|p1a: Tecito\n|-activate|p1a: Tecito|move: Protect\n|move|p2a: Altaria|Dragon Dance|p2a: Altaria\n|-boost|p2a: Altaria|atk|1\n|-boost|p2a: Altaria|spe|1\n|move|p1b: Argall|Trick Room|p1b: Argall\n|-fieldstart|move: Trick Room|[of] p1b: Argall\n|\n|upkeep\n|turn|2\n|\n|t:|1776368703\n|switch|p1a: Yuhabahha|Kingambit, L50, M|100/100\n|move|p2b: Whimsicott|Encore|p1b: Argall\n|-start|p1b: Argall|Encore\n|move|p2a: Altaria|Double-Edge|p1a: Yuhabahha\n|-damage|p1a: Yuhabahha|24/100\n|-damage|p2a: Altaria|70/100|[from] Recoil\n|move|p1b: Argall|Trick Room|p1b: Argall\n|-fieldend|move: Trick Room\n|\n|upkeep\n|turn|3\n|\n|t:|1776368720\n|move|p1a: Yuhabahha|Protect|p1a: Yuhabahha\n|-singleturn|p1a: Yuhabahha|Protect\n|move|p2a: Altaria|Dragon Dance|p2a: Altaria\n|-boost|p2a: Altaria|atk|1\n|-boost|p2a: Altaria|spe|1\n|move|p2b: Whimsicott|Moonblast|p1a: Yuhabahha\n|-activate|p1a: Yuhabahha|move: Protect\n|move|p1b: Argall|Trick Room|p1b: Argall\n|-fieldstart|move: Trick Room|[of] p1b: Argall\n|\n|upkeep\n|turn|4\n|\n|t:|1776368738\n|switch|p1b: Tecito|Sinistcha-Masterpiece, L50|100/100\n|-heal|p1a: Yuhabahha|48/100|[from] ability: Hospitality|[of] p1b: Tecito\n|move|p2b: Whimsicott|Encore|p1a: Yuhabahha\n|-hint|Since gen 7, Dark is immune to Prankster moves.\n|-immune|p1a: Yuhabahha\n|move|p1a: Yuhabahha|Iron Head|p2a: Altaria\n|-supereffective|p2a: Altaria|1\n|-damage|p2a: Altaria|0 fnt\n|faint|p2a: Altaria\n|\n|upkeep\n|\n|t:|1776368753\n|switch|p2a: Sinistcha|Sinistcha, L50|100/100\n|turn|5\n|\n|t:|1776368763\n|switch|p1b: Bonk|Crabominable, L50, M|100/100\n|move|p1a: Yuhabahha|Kowtow Cleave|p2a: Sinistcha\n|-supereffective|p2a: Sinistcha|1\n|-damage|p2a: Sinistcha|12/100\n|move|p2a: Sinistcha|Matcha Gotcha|p1a: Yuhabahha|[spread] p1a,p1b\n|-resisted|p1a: Yuhabahha|1\n|-damage|p1a: Yuhabahha|36/100\n|-heal|p2a: Sinistcha|19/100|[from] drain|[of] p1a: Yuhabahha\n|-damage|p1b: Bonk|69/100\n|-heal|p2a: Sinistcha|37/100|[from] drain|[of] p1b: Bonk\n|move|p2b: Whimsicott|Moonblast|p1a: Yuhabahha\n|-damage|p1a: Yuhabahha|0 fnt\n|faint|p1a: Yuhabahha\n|\n|upkeep\n|\n|t:|1776368782\n|switch|p1a: Tecito|Sinistcha-Masterpiece, L50|100/100\n|-heal|p1b: Bonk|94/100|[from] ability: Hospitality|[of] p1a: Tecito\n|turn|6\n|\n|t:|1776368795\n|detailschange|p1b: Bonk|Crabominable-Mega, L50, M\n|-mega|p1b: Bonk|Crabominable|Crabominite\n|move|p2b: Whimsicott|Protect|p2b: Whimsicott\n|-singleturn|p2b: Whimsicott|Protect\n|move|p2a: Sinistcha|Protect|p2a: Sinistcha\n|-singleturn|p2a: Sinistcha|Protect\n|move|p1b: Bonk|Ice Hammer|p2b: Whimsicott\n|-activate|p2b: Whimsicott|move: Protect\n|move|p1a: Tecito|Matcha Gotcha|p2a: Sinistcha|[spread] \n|-activate|p2a: Sinistcha|move: Protect\n|-activate|p2b: Whimsicott|move: Protect\n|\n|upkeep\n|turn|7\n|\n|t:|1776368816\n|switch|p1a: Argall|Slowking, L50, M|100/100\n|move|p2a: Sinistcha|Rage Powder|p2a: Sinistcha\n|-singleturn|p2a: Sinistcha|move: Rage Powder\n|move|p1b: Bonk|Ice Hammer|p2a: Sinistcha\n|-supereffective|p2a: Sinistcha|1\n|-damage|p2a: Sinistcha|0 fnt\n|-unboost|p1b: Bonk|spe|1\n|faint|p2a: Sinistcha\n|move|p2b: Whimsicott|Moonblast|p1b: Bonk\n|-supereffective|p1b: Bonk|1\n|-damage|p1b: Bonk|40/100\n|\n|-fieldend|move: Trick Room\n|upkeep\n|\n|t:|1776368827\n|switch|p2a: Typhlosion|Typhlosion-Hisui, L50, M|100/100\n|-item|p1a: Argall|Focus Sash|[from] ability: Frisk|[of] p2a: Typhlosion\n|-item|p1b: Bonk|Crabominite|[from] ability: Frisk|[of] p2a: Typhlosion\n|turn|8\n|\n|t:|1776368837\n|move|p1b: Bonk|Protect|p1b: Bonk\n|-singleturn|p1b: Bonk|Protect\n|move|p2a: Typhlosion|Shadow Ball|p1a: Argall\n|-supereffective|p1a: Argall|1\n|-damage|p1a: Argall|52/100\n|move|p2b: Whimsicott|Moonblast|p1b: Bonk\n|-activate|p1b: Bonk|move: Protect\n|-prepare|p1a: Argall|Chilly Reception|[premajor]\n|move|p1a: Argall|Chilly Reception|p1a: Argall\n|-weather|Snowscape\n|\n|t:|1776368851\n|switch|p1a: Tecito|Sinistcha-Masterpiece, L50|100/100|[from] Chilly Reception\n|-heal|p1b: Bonk|65/100|[from] ability: Hospitality|[of] p1a: Tecito\n|\n|-weather|Snowscape|[upkeep]\n|upkeep\n|turn|9\n|\n|t:|1776368864\n|move|p2a: Typhlosion|Shadow Ball|p1a: Tecito\n|-supereffective|p1a: Tecito|1\n|-damage|p1a: Tecito|6/100\n|move|p2b: Whimsicott|Moonblast|p1b: Bonk\n|-supereffective|p1b: Bonk|1\n|-damage|p1b: Bonk|5/100\n|move|p1b: Bonk|Ice Hammer|p2b: Whimsicott\n|-supereffective|p2b: Whimsicott|1\n|-enditem|p2b: Whimsicott|Focus Sash\n|-damage|p2b: Whimsicott|1/100\n|-unboost|p1b: Bonk|spe|1\n|move|p1a: Tecito|Trick Room|p1a: Tecito\n|-fieldstart|move: Trick Room|[of] p1a: Tecito\n|\n|-weather|Snowscape|[upkeep]\n|-heal|p1a: Tecito|12/100|[from] item: Leftovers\n|upkeep\n|turn|10\n|\n|t:|1776368889\n|switch|p1a: Argall|Slowking, L50, M|85/100\n|move|p2b: Whimsicott|Encore||[still]\n|-fail|p2b: Whimsicott\n|move|p1b: Bonk|Drain Punch|p2b: Whimsicott\n|-resisted|p2b: Whimsicott|1\n|-damage|p2b: Whimsicott|0 fnt\n|-heal|p1b: Bonk|6/100|[from] drain|[of] p2b: Whimsicott\n|faint|p2b: Whimsicott\n|move|p2a: Typhlosion|Shadow Ball|p1b: Bonk\n|-damage|p1b: Bonk|0 fnt\n|faint|p1b: Bonk\n|\n|-weather|Snowscape|[upkeep]\n|upkeep\n|\n|t:|1776368905\n|switch|p1b: Tecito|Sinistcha-Masterpiece, L50|12/100\n|-heal|p1a: Argall|100/100|[from] ability: Hospitality|[of] p1b: Tecito\n|turn|11\n|inactive|Battle timer is ON: inactive players will automatically lose when time's up. (requested by APazaDeUva)\n|inactive|aremine has 60 seconds left.\n|inactive|aremine has 30 seconds left.\n|inactive|aremine has 20 seconds left.\n|inactive|aremine has 15 seconds left.\n|inactive|aremine has 10 seconds left.\n|c|\u2606APazaDeUva|Cmon dude\n|inactive|aremine has 5 seconds left.\n|c|\u2606APazaDeUva|Seriously?\n|\n|t:|1776369015\n|move|p1a: Argall|Muddy Water|p2a: Typhlosion\n|-supereffective|p2a: Typhlosion|1\n|-damage|p2a: Typhlosion|12/100\n|-unboost|p2a: Typhlosion|accuracy|1\n|move|p1b: Tecito|Matcha Gotcha|p2a: Typhlosion\n|-resisted|p2a: Typhlosion|1\n|-damage|p2a: Typhlosion|0 fnt\n|-heal|p1b: Tecito|17/100|[from] drain|[of] p2a: Typhlosion\n|faint|p2a: Typhlosion\n|\n|win|APazaDeUva\n|raw|APazaDeUva's rating: 1091 &rarr; <strong>1122</strong><br />(+31 for winning)\n|raw|aremine's rating: 1153 &rarr; <strong>1124</strong><br />(-29 for losing)\n|c|\u2606APazaDeUva|There you go\n|c|\u2606APazaDeUva|Gg\n",
  "uploadtime": 1776369047,
  "views": 30,
  "formatid": "gen9championsvgc2026regma",
  "rating": 1122,
  "private": 0,
  "password": null
}