{
  "id": "gen9championsvgc2026regma-2583910478",
  "format": "[Gen 9 Champions] VGC 2026 Reg M-A",
  "players": [
    "roodlethenoodle",
    "lavosg"
  ],
  "log": "|j|\u2606roodlethenoodle\n|j|\u203dlavosg\n|t:|1776207525\n|gametype|doubles\n|player|p1|roodlethenoodle|170|1250\n|player|p2|lavosg|emmet|1148\n|gen|9\n|tier|[Gen 9 Champions] VGC 2026 Reg M-A\n|rated|\n|rule|Species Clause: Limit one of each Pok\u00e9mon\n|rule|Item Clause: Limit 1 of each item\n|clearpoke\n|poke|p1|Incineroar, L50, F|\n|poke|p1|Floette-Eternal, L50, F|\n|poke|p1|Rotom-Wash, L50|\n|poke|p1|Garchomp, L50, M|\n|poke|p1|Sinistcha, L50|\n|poke|p1|Orthworm, L50, F|\n|poke|p2|Gengar, L50, F|\n|poke|p2|Incineroar, L50, F|\n|poke|p2|Basculegion, L50, M|\n|poke|p2|Sneasler, L50, F|\n|poke|p2|Aerodactyl, L50, M|\n|poke|p2|Heliolisk, L50, F|\n|teampreview|4\n|inactive|Battle timer is ON: inactive players will automatically lose when time's up. (requested by lavosg)\n|\n|t:|1776207545\n|teamsize|p1|4\n|teamsize|p2|4\n|start\n|switch|p1a: Orthworm|Orthworm, L50, F|100/100\n|switch|p1b: Rotom|Rotom-Wash, L50|100/100\n|switch|p2a: Gengar|Gengar, L50, F|100/100\n|switch|p2b: Heliolisk|Heliolisk, L50, F|100/100\n|turn|1\n|\n|t:|1776207557\n|detailschange|p2a: Gengar|Gengar-Mega, L50, F\n|-mega|p2a: Gengar|Gengar|Gengarite\n|move|p2b: Heliolisk|Ally Switch|p2b: Heliolisk\n|swap|p2b: Heliolisk|0|[from] move: Ally Switch\n|move|p1b: Rotom|Volt Switch|p2a: Heliolisk\n|-resisted|p2a: Heliolisk|1\n|-damage|p2a: Heliolisk|87/100\n|\n|t:|1776207567\n|switch|p1b: Garchomp|Garchomp, L50, M|100/100|[from] Volt Switch\n|move|p2b: Gengar|Perish Song|p2b: Gengar\n|-start|p1a: Orthworm|perish3|[silent]\n|-start|p1b: Garchomp|perish3|[silent]\n|-start|p2a: Heliolisk|perish3|[silent]\n|-start|p2b: Gengar|perish3|[silent]\n|-fieldactivate|move: Perish Song\n|move|p1a: Orthworm|Shed Tail|p1a: Orthworm\n|-start|p1a: Orthworm|Substitute|[from] move: Shed Tail\n|-damage|p1a: Orthworm|50/100\n|-enditem|p1a: Orthworm|Sitrus Berry|[eat]\n|-heal|p1a: Orthworm|75/100|[from] item: Sitrus Berry\n|\n|t:|1776207576\n|switch|p1a: Floette|Floette-Eternal, L50, F|100/100|[from] Shed Tail\n|\n|-start|p1b: Garchomp|perish3\n|-start|p2b: Gengar|perish3\n|-start|p2a: Heliolisk|perish3\n|upkeep\n|turn|2\n|\n|t:|1776207587\n|detailschange|p1a: Floette|Floette-Mega, L50, F\n|-mega|p1a: Floette|Floette|Floettite\n|-ability|p1a: Floette|Fairy Aura\n|move|p2b: Gengar|Protect|p2b: Gengar\n|-singleturn|p2b: Gengar|Protect\n|move|p2a: Heliolisk|Protect|p2a: Heliolisk\n|-singleturn|p2a: Heliolisk|Protect\n|move|p1b: Garchomp|Stomping Tantrum|p2b: Gengar\n|-activate|p2b: Gengar|move: Protect\n|move|p1a: Floette|Calm Mind|p1a: Floette\n|-boost|p1a: Floette|spa|1\n|-boost|p1a: Floette|spd|1\n|\n|-start|p1b: Garchomp|perish2\n|-start|p2b: Gengar|perish2\n|-start|p2a: Heliolisk|perish2\n|upkeep\n|turn|3\n|\n|t:|1776207606\n|move|p1b: Garchomp|Stomping Tantrum|p2b: Gengar\n|-supereffective|p2b: Gengar|1\n|-damage|p2b: Gengar|18/100\n|move|p2b: Gengar|Shadow Ball|p1a: Floette\n|-activate|p1a: Floette|move: Substitute|[damage]\n|move|p2a: Heliolisk|Shed Tail|p2a: Heliolisk\n|-start|p2a: Heliolisk|Substitute|[from] move: Shed Tail\n|-damage|p2a: Heliolisk|37/100\n|-enditem|p2a: Heliolisk|Sitrus Berry|[eat]\n|-heal|p2a: Heliolisk|61/100|[from] item: Sitrus Berry\n|\n|t:|1776207619\n|switch|p2a: Sneasler|Sneasler, L50, F|100/100|[from] Shed Tail\n|move|p1a: Floette|Calm Mind|p1a: Floette\n|-boost|p1a: Floette|spa|1\n|-boost|p1a: Floette|spd|1\n|\n|-start|p1b: Garchomp|perish1\n|-start|p2b: Gengar|perish1\n|upkeep\n|turn|4\n|\n|t:|1776207632\n|move|p2a: Sneasler|Fake Out|p1b: Garchomp\n|-damage|p1b: Garchomp|83/100\n|-damage|p2a: Sneasler|88/100|[from] ability: Rough Skin|[of] p1b: Garchomp\n|cant|p1b: Garchomp|flinch\n|move|p2b: Gengar|Shadow Ball|p1a: Floette\n|-end|p1a: Floette|Substitute\n|move|p1a: Floette|Dazzling Gleam|p2b: Gengar|[spread] p2a,p2b\n|-end|p2a: Sneasler|Substitute\n|-resisted|p2b: Gengar|1\n|-damage|p2b: Gengar|0 fnt\n|faint|p2b: Gengar\n|\n|-start|p1b: Garchomp|perish0\n|faint|p1b: Garchomp\n|upkeep\n|\n|t:|1776207650\n|switch|p1b: Rotom|Rotom-Wash, L50|100/100\n|switch|p2b: Incineroar|Incineroar, L50, F|100/100\n|-ability|p2b: Incineroar|Intimidate|boost\n|-unboost|p1a: Floette|atk|1\n|-unboost|p1b: Rotom|atk|1\n|turn|5\n|\n|t:|1776207666\n|move|p1a: Floette|Protect|p1a: Floette\n|-singleturn|p1a: Floette|Protect\n|move|p2b: Incineroar|Fake Out|p1a: Floette\n|-activate|p1a: Floette|move: Protect\n|move|p1b: Rotom|Will-O-Wisp|p2a: Sneasler|[miss]\n|-miss|p1b: Rotom|p2a: Sneasler\n|move|p2a: Sneasler|Dire Claw|p1a: Floette\n|-activate|p1a: Floette|move: Protect\n|\n|upkeep\n|turn|6\n|\n|t:|1776207687\n|move|p1b: Rotom|Will-O-Wisp|p2a: Sneasler\n|-status|p2a: Sneasler|brn\n|move|p2a: Sneasler|Dire Claw|p1a: Floette\n|-supereffective|p1a: Floette|1\n|-damage|p1a: Floette|55/100\n|-status|p1a: Floette|slp\n|cant|p1a: Floette|slp\n|move|p2b: Incineroar|Parting Shot|p1a: Floette\n|-unboost|p1a: Floette|atk|1\n|-unboost|p1a: Floette|spa|1\n|\n|t:|1776207698\n|switch|p2b: Heliolisk|Heliolisk, L50, F|61/100|[from] Parting Shot\n|\n|-damage|p2a: Sneasler|83/100 brn|[from] brn\n|upkeep\n|turn|7\n|\n|t:|1776207714\n|move|p2b: Heliolisk|Ally Switch|p2b: Heliolisk\n|swap|p2b: Heliolisk|0|[from] move: Ally Switch\n|move|p1b: Rotom|Will-O-Wisp|p2b: Sneasler\n|-fail|p2b: Sneasler|brn\n|move|p2b: Sneasler|Close Combat|p1b: Rotom\n|-damage|p1b: Rotom|64/100\n|-unboost|p2b: Sneasler|def|1\n|-unboost|p2b: Sneasler|spd|1\n|-enditem|p2b: Sneasler|White Herb\n|-clearnegativeboost|p2b: Sneasler|[silent]\n|-curestatus|p1a: Floette|slp|[msg]\n|move|p1a: Floette|Moonblast|p2a: Heliolisk\n|-damage|p2a: Heliolisk|0 fnt\n|faint|p2a: Heliolisk\n|\n|-damage|p2b: Sneasler|77/100 brn|[from] brn\n|upkeep\n|\n|t:|1776207728\n|switch|p2a: Incineroar|Incineroar, L50, F|100/100\n|-ability|p2a: Incineroar|Intimidate|boost\n|-unboost|p1a: Floette|atk|1\n|-unboost|p1b: Rotom|atk|1\n|turn|8\n|\n|t:|1776207742\n|switch|p1b: Orthworm|Orthworm, L50, F|75/100\n|move|p1a: Floette|Protect|p1a: Floette\n|-singleturn|p1a: Floette|Protect\n|move|p2b: Sneasler|Dire Claw|p1b: Orthworm\n|-immune|p1b: Orthworm\n|move|p2a: Incineroar|Darkest Lariat|p1b: Orthworm\n|-damage|p1b: Orthworm|53/100\n|\n|-damage|p2b: Sneasler|71/100 brn|[from] brn\n|upkeep\n|turn|9\n|\n|t:|1776207760\n|move|p2b: Sneasler|Dire Claw|p1a: Floette\n|-supereffective|p1a: Floette|1\n|-damage|p1a: Floette|12/100\n|-status|p1a: Floette|slp\n|cant|p1a: Floette|slp\n|move|p1b: Orthworm|Body Press|p2a: Incineroar\n|-supereffective|p2a: Incineroar|1\n|-damage|p2a: Incineroar|48/100\n|move|p2a: Incineroar|Flare Blitz|p1b: Orthworm\n|-supereffective|p1b: Orthworm|1\n|-damage|p1b: Orthworm|0 fnt\n|faint|p1b: Orthworm\n|-damage|p2a: Incineroar|33/100|[from] Recoil\n|\n|-damage|p2b: Sneasler|65/100 brn|[from] brn\n|upkeep\n|\n|t:|1776207772\n|switch|p1b: Rotom|Rotom-Wash, L50|64/100\n|turn|10\n|\n|t:|1776207787\n|-curestatus|p1a: Floette|slp|[msg]\n|move|p1a: Floette|Protect|p1a: Floette\n|-singleturn|p1a: Floette|Protect\n|move|p2b: Sneasler|Acrobatics|p1a: Floette\n|-activate|p1a: Floette|move: Protect\n|move|p1b: Rotom|Hydro Pump|p2b: Sneasler\n|-damage|p2b: Sneasler|6/100 brn\n|move|p2a: Incineroar|Flare Blitz|p1b: Rotom\n|-resisted|p1b: Rotom|1\n|-damage|p1b: Rotom|40/100\n|-damage|p2a: Incineroar|27/100|[from] Recoil\n|\n|-damage|p2b: Sneasler|0 fnt|[from] brn\n|faint|p2b: Sneasler\n|upkeep\n|turn|11\n|-message|lavosg forfeited.\n|\n|win|roodlethenoodle\n|raw|roodlethenoodle's rating: 1250 &rarr; <strong>1268</strong><br />(+18 for winning)\n|raw|lavosg's rating: 1148 &rarr; <strong>1130</strong><br />(-18 for losing)\n|l|\u203dlavosg\n|player|p2|\n",
  "uploadtime": 1776207812,
  "views": 34,
  "formatid": "gen9championsvgc2026regma",
  "rating": 1130,
  "private": 0,
  "password": null
}