{
  "id": "gen9championsvgc2026regma-2580444167",
  "format": "[Gen 9 Champions] VGC 2026 Reg M-A",
  "players": [
    "Chloe",
    "Flipsicle"
  ],
  "log": "|j|\u2606Chloe\n|j|\u2606Flipsicle\n|t:|1775897478\n|gametype|doubles\n|player|p1|Chloe|gwynn|1220\n|player|p2|Flipsicle|elesa-masters|1342\n|gen|9\n|tier|[Gen 9 Champions] VGC 2026 Reg M-A\n|rated|\n|rule|Species Clause: Limit one of each Pok\u00e9mon\n|rule|Item Clause: Limit 1 of each item\n|clearpoke\n|poke|p1|Glimmora, L50, F|\n|poke|p1|Avalugg, L50, F|\n|poke|p1|Talonflame, L50, F|\n|poke|p1|Kingambit, L50, F|\n|poke|p1|Sinistcha, L50|\n|poke|p1|Politoed, L50, M|\n|poke|p2|Garchomp, L50, M|\n|poke|p2|Kingambit, L50, F|\n|poke|p2|Primarina, L50, F|\n|poke|p2|Sneasler, L50, M|\n|poke|p2|Dragonite, L50, M|\n|poke|p2|Scovillain, L50, M|\n|teampreview|4\n|inactive|Battle timer is ON: inactive players will automatically lose when time's up. (requested by Chloe)\n|inactive|Flipsicle has 60 seconds left.\n|inactive|Flipsicle has 30 seconds left.\nFlipsicle rejected open team sheets.\n|c|\u2606Flipsicle|glhf\n|inactive|Flipsicle has 20 seconds left.\n|c|\u2606Chloe|you too\n|inactive|Flipsicle has 15 seconds left.\n|inactive|Flipsicle has 10 seconds left.\n|\n|t:|1775897563\n|teamsize|p1|4\n|teamsize|p2|4\n|start\n|switch|p1a: Glimmora|Glimmora, L50, F|100/100\n|switch|p1b: Avalugg|Avalugg, L50, F|100/100\n|switch|p2a: Kingambit|Kingambit, L50, F|100/100\n|switch|p2b: Sneasler|Sneasler, L50, M|100/100\n|turn|1\n|j| nyoomington\n|inactive|Flipsicle has 30 seconds left.\n|\n|t:|1775897595\n|detailschange|p1a: Glimmora|Glimmora-Mega, L50, F\n|-mega|p1a: Glimmora|Glimmora|Glimmoranite\n|move|p2a: Kingambit|Protect|p2a: Kingambit\n|-singleturn|p2a: Kingambit|Protect\n|move|p2b: Sneasler|Close Combat|p1b: Avalugg\n|-supereffective|p1b: Avalugg|1\n|-enditem|p1b: Avalugg|Chople Berry|[eat]\n|-enditem|p1b: Avalugg|Chople Berry|[weaken]\n|-damage|p1b: Avalugg|60/100\n|-unboost|p2b: Sneasler|def|1\n|-unboost|p2b: Sneasler|spd|1\n|move|p1a: Glimmora|Earth Power|p2b: Sneasler\n|-supereffective|p2b: Sneasler|1\n|-enditem|p2b: Sneasler|Focus Sash\n|-damage|p2b: Sneasler|1/100\n|move|p1b: Avalugg|Body Press|p2a: Kingambit\n|-activate|p2a: Kingambit|move: Protect\n|\n|upkeep\n|turn|2\n|inactive|Flipsicle has 30 seconds left.\n|inactive|Chloe has 30 seconds left.\n|inactive|Flipsicle has 20 seconds left.\n|inactive|Flipsicle has 15 seconds left.\n|\n|t:|1775897636\n|switch|p1a: Sinistcha|Sinistcha, L50|100/100\n|-heal|p1b: Avalugg|84/100|[from] ability: Hospitality|[of] p1a: Sinistcha\n|move|p2a: Kingambit|Sucker Punch||[still]\n|-fail|p2a: Kingambit\n|move|p2b: Sneasler|Close Combat|p1a: Sinistcha\n|-immune|p1a: Sinistcha\n|move|p1b: Avalugg|Body Press|p2a: Kingambit\n|-supereffective|p2a: Kingambit|2\n|-damage|p2a: Kingambit|7/100\n|\n|upkeep\n|turn|3\n|inactive|Chloe has 30 seconds left.\n|\n|t:|1775897665\n|switch|p2b: Scovillain|Scovillain, L50, M|100/100\n|move|p2a: Kingambit|Protect|p2a: Kingambit\n|-singleturn|p2a: Kingambit|Protect\n|move|p1a: Sinistcha|Matcha Gotcha|p2b: Scovillain|[spread] p2b\n|-activate|p2a: Kingambit|move: Protect\n|-resisted|p2b: Scovillain|2\n|-damage|p2b: Scovillain|94/100\n|move|p1b: Avalugg|Body Press|p2a: Kingambit\n|-activate|p2a: Kingambit|move: Protect\n|\n|-ability|p2b: Scovillain|Moody|boost\n|-boost|p2b: Scovillain|spe|2\n|-unboost|p2b: Scovillain|spa|1\n|upkeep\n|turn|4\n|\n|t:|1775897688\n|switch|p1b: Talonflame|Talonflame, L50, F|100/100\n|move|p2b: Scovillain|Protect|p2b: Scovillain\n|-singleturn|p2b: Scovillain|Protect\n|move|p1a: Sinistcha|Matcha Gotcha|p2a: Kingambit|[spread] p2a\n|-activate|p2b: Scovillain|move: Protect\n|-resisted|p2a: Kingambit|1\n|-damage|p2a: Kingambit|0 fnt\n|faint|p2a: Kingambit\n|\n|-ability|p2b: Scovillain|Moody|boost\n|-boost|p2b: Scovillain|spa|2\n|-unboost|p2b: Scovillain|spe|1\n|upkeep\n|\n|t:|1775897698\n|switch|p2a: Sneasler|Sneasler, L50, M|1/100\n|turn|5\n|\n|t:|1775897719\n|detailschange|p2b: Scovillain|Scovillain-Mega, L50, M\n|-mega|p2b: Scovillain|Scovillain|Scovillainite\n|move|p1b: Talonflame|Protect|p1b: Talonflame\n|-singleturn|p1b: Talonflame|Protect\n|move|p2a: Sneasler|Fake Out|p1b: Talonflame\n|-activate|p1b: Talonflame|move: Protect\n|move|p2b: Scovillain|Flamethrower|p1a: Sinistcha\n|-supereffective|p1a: Sinistcha|1\n|-damage|p1a: Sinistcha|0 fnt\n|faint|p1a: Sinistcha\n|\n|upkeep\n|\n|t:|1775897732\n|switch|p1a: Glimmora|Glimmora-Mega, L50, F|100/100\n|turn|6\n|inactive|Flipsicle has 30 seconds left.\n|inactive|Flipsicle has 20 seconds left.\n|inactive|Flipsicle has 15 seconds left.\n|inactive|Flipsicle has 10 seconds left.\n|\n|t:|1775897778\n|move|p2b: Scovillain|Rage Powder|p2b: Scovillain\n|-singleturn|p2b: Scovillain|move: Rage Powder\n|move|p1b: Talonflame|Tailwind|p1b: Talonflame\n|-sidestart|p1: Chloe|move: Tailwind\n|move|p1a: Glimmora|Sludge Wave|p2b: Scovillain|[spread] p1b,p2a,p2b\n|-resisted|p2a: Sneasler|1\n|-supereffective|p2b: Scovillain|1\n|-crit|p2b: Scovillain\n|-damage|p1b: Talonflame|13/100\n|-damage|p2a: Sneasler|0 fnt\n|-damage|p2b: Scovillain|0 fnt\n|-status|p1a: Glimmora|brn|[from] ability: Spicy Spray|[of] p2b: Scovillain\n|faint|p2a: Sneasler\n|faint|p2b: Scovillain\n|\n|-damage|p1a: Glimmora|95/100 brn|[from] brn\n|upkeep\n|c|\u2606Flipsicle|gg\n|c|\u2606Chloe|gg\n|-message|Flipsicle forfeited.\n|\n|win|Chloe\n|raw|Chloe's rating: 1220 &rarr; <strong>1253</strong><br />(+33 for winning)\n|raw|Flipsicle's rating: 1342 &rarr; <strong>1315</strong><br />(-27 for losing)\n|l|\u2606Flipsicle\n|player|p2|\n|l| nyoomington\n",
  "uploadtime": 1775897796,
  "views": 71,
  "formatid": "gen9championsvgc2026regma",
  "rating": 1253,
  "private": 0,
  "password": null
}