{
  "id": "gen9championsvgc2026regma-2587157005",
  "format": "[Gen 9 Champions] VGC 2026 Reg M-A",
  "players": [
    "voltei hoje",
    "GiN000"
  ],
  "log": "|j|\u2606voltei hoje\n|j|\u2606GiN000\n|t:|1776501786\n|gametype|doubles\n|player|p1|voltei hoje|iris|1181\n|player|p2|GiN000|volkner|1085\n|gen|9\n|tier|[Gen 9 Champions] VGC 2026 Reg M-A\n|rated|\n|rule|Species Clause: Limit one of each Pok\u00e9mon\n|rule|Item Clause: Limit 1 of each item\n|clearpoke\n|poke|p1|Sableye, L50, M|\n|poke|p1|Rotom-Wash, L50|\n|poke|p1|Starmie, L50|\n|poke|p1|Corviknight, L50, F|\n|poke|p1|Hydreigon, L50, F|\n|poke|p1|Incineroar, L50, M|\n|poke|p2|Drampa, L50, F|\n|poke|p2|Gengar, L50, F|\n|poke|p2|Farigiraf, L50, F|\n|poke|p2|Rotom-Wash, L50|\n|poke|p2|Talonflame, L50, M|\n|poke|p2|Clefable, L50, M|\n|teampreview|4\n|inactive|Battle timer is ON: inactive players will automatically lose when time's up. (requested by GiN000)\n|\n|t:|1776501818\n|teamsize|p1|4\n|teamsize|p2|4\n|start\n|switch|p1a: Starmie|Starmie, L50|100/100\n|switch|p1b: Incineroar|Incineroar, L50, M|100/100\n|switch|p2a: Farigiraf|Farigiraf, L50, F|100/100\n|switch|p2b: Rotom|Rotom-Wash, L50|100/100\n|-ability|p1b: Incineroar|Intimidate|boost\n|-unboost|p2a: Farigiraf|atk|1\n|-unboost|p2b: Rotom|atk|1\n|turn|1\n|\n|t:|1776501835\n|switch|p1b: Sableye|Sableye, L50, M|100/100\n|detailschange|p1a: Starmie|Starmie-Mega, L50\n|-mega|p1a: Starmie|Starmie|Starminite\n|move|p2a: Farigiraf|Ally Switch|p2a: Farigiraf\n|swap|p2a: Farigiraf|1|[from] move: Ally Switch\n|move|p1a: Starmie|Self-Destruct|p2a: Rotom|[spread] p2a,p2b\n|-immune|p1b: Sableye\n|-damage|p2a: Rotom|0 fnt\n|-damage|p2b: Farigiraf|14/100\n|-enditem|p2b: Farigiraf|Sitrus Berry|[eat]\n|-heal|p2b: Farigiraf|38/100|[from] item: Sitrus Berry\n|faint|p1a: Starmie\n|faint|p2a: Rotom\n|\n|upkeep\n|\n|t:|1776501853\n|switch|p1a: Hydreigon|Hydreigon, L50, F|100/100\n|switch|p2a: Drampa|Drampa, L50, F|100/100\n|-ability|p2a: Drampa|Cloud Nine\n|turn|2\n|\n|t:|1776501865\n|switch|p1b: Incineroar|Incineroar, L50, M|100/100\n|-ability|p1b: Incineroar|Intimidate|boost\n|-unboost|p2a: Drampa|atk|1\n|-unboost|p2b: Farigiraf|atk|1\n|move|p2a: Drampa|Protect|p2a: Drampa\n|-singleturn|p2a: Drampa|Protect\n|move|p1a: Hydreigon|Draco Meteor|p2a: Drampa\n|-activate|p2a: Drampa|move: Protect\n|move|p2b: Farigiraf|Trick Room|p2b: Farigiraf\n|-fieldstart|move: Trick Room|[of] p2b: Farigiraf\n|\n|upkeep\n|turn|3\n|\n|t:|1776501879\n|detailschange|p2a: Drampa|Drampa-Mega, L50, F\n|-mega|p2a: Drampa|Drampa|Drampanite\n|move|p1a: Hydreigon|Protect|p1a: Hydreigon\n|-singleturn|p1a: Hydreigon|Protect\n|move|p2b: Farigiraf|Ally Switch|p2b: Farigiraf\n|swap|p2b: Farigiraf|0|[from] move: Ally Switch\n|move|p2b: Drampa|Hyper Voice|p1a: Hydreigon|[spread] p1b\n|-activate|p1a: Hydreigon|move: Protect\n|-damage|p1b: Incineroar|71/100\n|move|p1b: Incineroar|Darkest Lariat|p2b: Drampa\n|-damage|p2b: Drampa|72/100\n|\n|upkeep\n|turn|4\n|\n|t:|1776501897\n|switch|p1a: Sableye|Sableye, L50, M|100/100\n|move|p2b: Drampa|Draco Meteor|p1b: Incineroar\n|-damage|p1b: Incineroar|8/100\n|-unboost|p2b: Drampa|spa|2\n|-enditem|p1b: Incineroar|Sitrus Berry|[eat]\n|-heal|p1b: Incineroar|33/100|[from] item: Sitrus Berry\n|move|p2a: Farigiraf|Dazzling Gleam|p1a: Sableye|[spread] p1a,p1b\n|-supereffective|p1a: Sableye|1\n|-damage|p1a: Sableye|51/100\n|-damage|p1b: Incineroar|21/100\n|move|p1b: Incineroar|Darkest Lariat|p2a: Farigiraf\n|-supereffective|p2a: Farigiraf|1\n|-damage|p2a: Farigiraf|0 fnt\n|faint|p2a: Farigiraf\n|\n|-heal|p1a: Sableye|57/100|[from] item: Leftovers\n|upkeep\n|\n|t:|1776501916\n|switch|p2a: Clefable|Clefable, L50, M|100/100\n|turn|5\n|\n|t:|1776501939\n|move|p1a: Sableye|Fake Out|p2a: Clefable\n|-damage|p2a: Clefable|93/100\n|move|p2b: Drampa|Hyper Voice|p1a: Sableye|[spread] p1b\n|-immune|p1a: Sableye\n|-damage|p1b: Incineroar|4/100\n|cant|p2a: Clefable|flinch\n|move|p1b: Incineroar|Parting Shot|p2b: Drampa\n|-unboost|p2b: Drampa|atk|1\n|-unboost|p2b: Drampa|spa|1\n|\n|t:|1776501951\n|switch|p1b: Hydreigon|Hydreigon, L50, F|100/100|[from] Parting Shot\n|\n|-heal|p1a: Sableye|62/100|[from] item: Leftovers\n|-heal|p2a: Clefable|99/100|[from] item: Leftovers\n|upkeep\n|turn|6\n|\n|t:|1776501964\n|move|p1a: Sableye|Protect|p1a: Sableye\n|-singleturn|p1a: Sableye|Protect\n|move|p1b: Hydreigon|Protect|p1b: Hydreigon\n|-singleturn|p1b: Hydreigon|Protect\n|move|p2b: Drampa|Shadow Ball|p1a: Sableye\n|-activate|p1a: Sableye|move: Protect\n|move|p2a: Clefable|Moonblast|p1b: Hydreigon\n|-activate|p1b: Hydreigon|move: Protect\n|\n|-heal|p1a: Sableye|68/100|[from] item: Leftovers\n|-heal|p2a: Clefable|100/100|[from] item: Leftovers\n|-fieldend|move: Trick Room\n|upkeep\n|turn|7\n|\n|t:|1776501981\n|move|p2b: Drampa|Protect|p2b: Drampa\n|-singleturn|p2b: Drampa|Protect\n|move|p1a: Sableye|Disable|p2a: Clefable\n|-start|p2a: Clefable|Disable|Moonblast\n|move|p1b: Hydreigon|Draco Meteor|p2b: Drampa\n|-activate|p2b: Drampa|move: Protect\n|cant|p2a: Clefable|Disable|Moonblast\n|\n|-heal|p1a: Sableye|74/100|[from] item: Leftovers\n|upkeep\n|turn|8\n|\n|t:|1776501999\n|switch|p1a: Incineroar|Incineroar, L50, M|4/100\n|-ability|p1a: Incineroar|Intimidate|boost\n|-unboost|p2a: Clefable|atk|1\n|-unboost|p2b: Drampa|atk|1\n|move|p1b: Hydreigon|Draco Meteor|p2b: Drampa\n|-supereffective|p2b: Drampa|1\n|-crit|p2b: Drampa\n|-damage|p2b: Drampa|0 fnt\n|-unboost|p1b: Hydreigon|spa|2\n|faint|p2b: Drampa\n|move|p2a: Clefable|Draining Kiss|p1b: Hydreigon\n|-supereffective|p1b: Hydreigon|2\n|-damage|p1b: Hydreigon|15/100\n|\n|upkeep\n|turn|9\n|\n|t:|1776502018\n|move|p1a: Incineroar|Fake Out|p2a: Clefable\n|-damage|p2a: Clefable|91/100\n|move|p1b: Hydreigon|Focus Energy|p1b: Hydreigon\n|-start|p1b: Hydreigon|move: Focus Energy\n|cant|p2a: Clefable|flinch\n|\n|-heal|p2a: Clefable|97/100|[from] item: Leftovers\n|upkeep\n|turn|10\n|\n|t:|1776502029\n|switch|p1a: Sableye|Sableye, L50, M|74/100\n|move|p1b: Hydreigon|Protect|p1b: Hydreigon\n|-singleturn|p1b: Hydreigon|Protect\n|move|p2a: Clefable|Draining Kiss|p1a: Sableye\n|-supereffective|p1a: Sableye|1\n|-damage|p1a: Sableye|23/100\n|-heal|p2a: Clefable|100/100|[from] drain|[of] p1a: Sableye\n|\n|-heal|p1a: Sableye|29/100|[from] item: Leftovers\n|-end|p2a: Clefable|Disable\n|upkeep\n|turn|11\n|\n|t:|1776502044\n|move|p2a: Clefable|Protect|p2a: Clefable\n|-singleturn|p2a: Clefable|Protect\n|move|p1a: Sableye|Fake Out|p2a: Clefable\n|-activate|p2a: Clefable|move: Protect\n|move|p1b: Hydreigon|Fire Blast|p2a: Clefable\n|-activate|p2a: Clefable|move: Protect\n|\n|-heal|p1a: Sableye|34/100|[from] item: Leftovers\n|upkeep\n|turn|12\n|\n|t:|1776502056\n|move|p1a: Sableye|Encore|p2a: Clefable\n|-start|p2a: Clefable|Encore\n|move|p2a: Clefable|Protect|p2a: Clefable\n|-singleturn|p2a: Clefable|Protect\n|move|p1b: Hydreigon|Fire Blast|p2a: Clefable\n|-activate|p2a: Clefable|move: Protect\n|\n|-heal|p1a: Sableye|40/100|[from] item: Leftovers\n|upkeep\n|turn|13\n|\n|t:|1776502067\n|switch|p1a: Incineroar|Incineroar, L50, M|4/100\n|-ability|p1a: Incineroar|Intimidate|boost\n|-unboost|p2a: Clefable|atk|1\n|move|p2a: Clefable|Protect||[still]\n|-fail|p2a: Clefable\n|move|p1b: Hydreigon|Fire Blast|p2a: Clefable|[miss]\n|-miss|p1b: Hydreigon|p2a: Clefable\n|\n|upkeep\n|turn|14\n|\n|t:|1776502078\n|move|p2a: Clefable|Protect|p2a: Clefable\n|-singleturn|p2a: Clefable|Protect\n|move|p1a: Incineroar|Fake Out|p2a: Clefable\n|-activate|p2a: Clefable|move: Protect\n|move|p1b: Hydreigon|Fire Blast|p2a: Clefable\n|-activate|p2a: Clefable|move: Protect\n|\n|-end|p2a: Clefable|Encore\n|upkeep\n|turn|15\n|\n|t:|1776502093\n|move|p1b: Hydreigon|Protect|p1b: Hydreigon\n|-singleturn|p1b: Hydreigon|Protect\n|move|p2a: Clefable|Moonblast|p1a: Incineroar\n|-damage|p1a: Incineroar|0 fnt\n|faint|p1a: Incineroar\n|\n|upkeep\n|\n|t:|1776502099\n|switch|p1a: Sableye|Sableye, L50, M|40/100\n|turn|16\n|c|\u2606GiN000|\ud83e\udd23\n|\n|t:|1776502114\n|move|p2a: Clefable|Protect|p2a: Clefable\n|-singleturn|p2a: Clefable|Protect\n|move|p1a: Sableye|Fake Out|p2a: Clefable\n|-activate|p2a: Clefable|move: Protect\n|move|p1b: Hydreigon|Draco Meteor|p2a: Clefable\n|-activate|p2a: Clefable|move: Protect\n|\n|-heal|p1a: Sableye|46/100|[from] item: Leftovers\n|upkeep\n|turn|17\n|\n|t:|1776502126\n|move|p1a: Sableye|Encore|p2a: Clefable\n|-start|p2a: Clefable|Encore\n|move|p2a: Clefable|Protect|p2a: Clefable\n|-singleturn|p2a: Clefable|Protect\n|move|p1b: Hydreigon|Fire Blast|p2a: Clefable\n|-activate|p2a: Clefable|move: Protect\n|\n|-heal|p1a: Sableye|51/100|[from] item: Leftovers\n|upkeep\n|turn|18\n|c|\u2606voltei hoje|broooo\n|c|\u2606voltei hoje|:c\n|\n|t:|1776502147\n|move|p1a: Sableye|Protect|p1a: Sableye\n|-singleturn|p1a: Sableye|Protect\n|move|p2a: Clefable|Protect||[still]\n|-fail|p2a: Clefable\n|move|p1b: Hydreigon|Fire Blast|p2a: Clefable\n|-crit|p2a: Clefable\n|-damage|p2a: Clefable|51/100\n|\n|-heal|p2a: Clefable|57/100|[from] item: Leftovers\n|-heal|p1a: Sableye|57/100|[from] item: Leftovers\n|upkeep\n|turn|19\n|\n|t:|1776502159\n|move|p1a: Sableye|Protect|p1a: Sableye\n|-singleturn|p1a: Sableye|Protect\n|move|p2a: Clefable|Protect|p2a: Clefable\n|-singleturn|p2a: Clefable|Protect\n|move|p1b: Hydreigon|Draco Meteor|p2a: Clefable\n|-activate|p2a: Clefable|move: Protect\n|\n|-heal|p2a: Clefable|63/100|[from] item: Leftovers\n|-heal|p1a: Sableye|63/100|[from] item: Leftovers\n|-end|p2a: Clefable|Encore\n|upkeep\n|turn|20\n|\n|t:|1776502176\n|move|p1a: Sableye|Encore||[still]\n|-fail|p1a: Sableye\n|move|p1b: Hydreigon|Fire Blast|p2a: Clefable\n|-crit|p2a: Clefable\n|-damage|p2a: Clefable|17/100\n|-status|p2a: Clefable|brn\n|move|p2a: Clefable|Moonblast|p1a: Sableye\n|-supereffective|p1a: Sableye|1\n|-damage|p1a: Sableye|0 fnt\n|faint|p1a: Sableye\n|\n|-heal|p2a: Clefable|23/100 brn|[from] item: Leftovers\n|-damage|p2a: Clefable|17/100 brn|[from] brn\n|upkeep\n|turn|21\n|\n|t:|1776502193\n|move|p1b: Hydreigon|Protect|p1b: Hydreigon\n|-singleturn|p1b: Hydreigon|Protect\n|move|p2a: Clefable|Moonblast|p1b: Hydreigon\n|-activate|p1b: Hydreigon|move: Protect\n|\n|-heal|p2a: Clefable|23/100 brn|[from] item: Leftovers\n|-damage|p2a: Clefable|17/100 brn|[from] brn\n|upkeep\n|turn|22\n|\n|t:|1776502203\n|move|p1b: Hydreigon|Fire Blast|p2a: Clefable\n|-crit|p2a: Clefable\n|-damage|p2a: Clefable|0 fnt\n|faint|p2a: Clefable\n|\n|win|voltei hoje\n|raw|voltei hoje's rating: 1181 &rarr; <strong>1199</strong><br />(+18 for winning)\n|raw|GiN000's rating: 1085 &rarr; <strong>1068</strong><br />(-17 for losing)\n|c|\u2606voltei hoje|gg\n|c|\u2606GiN000|Gg\n",
  "uploadtime": 1776502209,
  "views": 12,
  "formatid": "gen9championsvgc2026regma",
  "rating": 1068,
  "private": 0,
  "password": null
}