{
  "id": "gen9championsvgc2026regma-2585909230",
  "format": "[Gen 9 Champions] VGC 2026 Reg M-A",
  "players": [
    "sc1erotized",
    "Arkiel1223"
  ],
  "log": "|j|\u2606sc1erotized\n|j|\u2606Arkiel1223\n|t:|1776380524\n|gametype|doubles\n|player|p1|sc1erotized|worker|1061\n|player|p2|Arkiel1223|giovanni|1033\n|gen|9\n|tier|[Gen 9 Champions] VGC 2026 Reg M-A\n|rated|\n|rule|Species Clause: Limit one of each Pok\u00e9mon\n|rule|Item Clause: Limit 1 of each item\n|clearpoke\n|poke|p1|Heracross, L50, M|\n|poke|p1|Archaludon, L50, F|\n|poke|p1|Aerodactyl, L50, M|\n|poke|p1|Sinistcha, L50|\n|poke|p1|Delphox, L50, F|\n|poke|p1|Rotom-Wash, L50|\n|poke|p2|Crabominable, L50, F|\n|poke|p2|Slowking-Galar, L50, F|\n|poke|p2|Farigiraf, L50, F|\n|poke|p2|Cofagrigus, L50, F|\n|poke|p2|Kingambit, L50, M|\n|poke|p2|Glaceon, L50, M|\n|teampreview|4\n|\n|t:|1776380556\n|teamsize|p1|4\n|teamsize|p2|4\n|start\n|switch|p1a: Rephitition|Heracross, L50, M|100/100\n|switch|p1b: Bridget|Archaludon, L50, F, shiny|100/100\n|switch|p2a: Crabominable|Crabominable, L50, F|100/100\n|switch|p2b: Slowking|Slowking-Galar, L50, F|100/100\n|turn|1\n|inactive|Battle timer is ON: inactive players will automatically lose when time's up. (requested by sc1erotized)\n|\n|t:|1776380586\n|detailschange|p1a: Rephitition|Heracross-Mega, L50, M\n|-mega|p1a: Rephitition|Heracross|Heracronite\n|detailschange|p2a: Crabominable|Crabominable-Mega, L50, F\n|-mega|p2a: Crabominable|Crabominable|Crabominite\n|move|p2a: Crabominable|Protect|p2a: Crabominable\n|-singleturn|p2a: Crabominable|Protect\n|move|p1b: Bridget|Light Screen|p1b: Bridget\n|-sidestart|p1: sc1erotized|move: Light Screen\n|move|p1a: Rephitition|Rock Blast|p2b: Slowking\n|-damage|p2b: Slowking|90/100\n|-damage|p2b: Slowking|79/100\n|-damage|p2b: Slowking|69/100\n|-damage|p2b: Slowking|56/100\n|-crit|p2b: Slowking\n|-damage|p2b: Slowking|40/100\n|-hitcount|p2b: Slowking|5\n|move|p2b: Slowking|Trick Room|p2b: Slowking\n|-fieldstart|move: Trick Room|[of] p2b: Slowking\n|\n|upkeep\n|turn|2\n|inactive|sc1erotized has 30 seconds left.\n|inactive|Arkiel1223 has 30 seconds left.\n|inactive|sc1erotized has 20 seconds left.\n|\n|t:|1776380623\n|switch|p1a: Mr. Clean|Rotom-Wash, L50, shiny|100/100\n|-prepare|p2b: Slowking|Chilly Reception|[premajor]\n|move|p2b: Slowking|Chilly Reception|p2b: Slowking\n|-weather|Snowscape\n|\n|t:|1776380631\n|switch|p2b: Cofagrigus|Cofagrigus, L50, F|100/100|[from] Chilly Reception\n|move|p2a: Crabominable|Drain Punch|p1b: Bridget\n|-supereffective|p1b: Bridget|1\n|-damage|p1b: Bridget|1/100\n|move|p1b: Bridget|Flash Cannon|p2a: Crabominable\n|-supereffective|p2a: Crabominable|1\n|-damage|p2a: Crabominable|34/100\n|\n|-weather|Snowscape|[upkeep]\n|upkeep\n|turn|3\n|inactive|sc1erotized has 30 seconds left.\n|\n|t:|1776380657\n|switch|p1b: Lil' Guy|Sinistcha, L50, shiny|100/100\n|move|p2b: Cofagrigus|Body Press|p1a: Mr. Clean\n|-damage|p1a: Mr. Clean|64/100\n|move|p2a: Crabominable|Rock Slide|p1b: Lil' Guy|[spread] p1a,p1b\n|-damage|p1a: Mr. Clean|36/100\n|-damage|p1b: Lil' Guy|78/100\n|move|p1a: Mr. Clean|Volt Switch|p2a: Crabominable\n|-damage|p2a: Crabominable|14/100\n|\n|t:|1776380673\n|switch|p1a: Rephitition|Heracross-Mega, L50, M|100/100|[from] Volt Switch\n|\n|-weather|Snowscape|[upkeep]\n|-heal|p1b: Lil' Guy|84/100|[from] item: Leftovers\n|upkeep\n|turn|4\n|\n|t:|1776380685\n|move|p1a: Rephitition|Protect|p1a: Rephitition\n|-singleturn|p1a: Rephitition|Protect\n|move|p2b: Cofagrigus|Will-O-Wisp|p1a: Rephitition\n|-activate|p1a: Rephitition|move: Protect\n|move|p2a: Crabominable|Ice Hammer|p1b: Lil' Guy|[miss]\n|-miss|p2a: Crabominable|p1b: Lil' Guy\n|move|p1b: Lil' Guy|Poltergeist|p2b: Cofagrigus\n|-activate|p2b: Cofagrigus|move: Poltergeist|Colbur Berry\n|-supereffective|p2b: Cofagrigus|1\n|-damage|p2b: Cofagrigus|65/100\n|\n|-weather|Snowscape|[upkeep]\n|-heal|p1b: Lil' Guy|90/100|[from] item: Leftovers\n|upkeep\n|turn|5\n|inactive|sc1erotized has 30 seconds left.\n|\n|t:|1776380713\n|switch|p1a: Mr. Clean|Rotom-Wash, L50, shiny|36/100\n|move|p2b: Cofagrigus|Will-O-Wisp|p1a: Mr. Clean\n|-status|p1a: Mr. Clean|brn\n|move|p2a: Crabominable|Ice Hammer|p1b: Lil' Guy|[miss]\n|-miss|p2a: Crabominable|p1b: Lil' Guy\n|move|p1b: Lil' Guy|Matcha Gotcha|p2a: Crabominable|[spread] p2a,p2b\n|-crit|p2b: Cofagrigus\n|-damage|p2a: Crabominable|0 fnt\n|-heal|p1b: Lil' Guy|97/100|[from] drain|[of] p2a: Crabominable\n|-damage|p2b: Cofagrigus|20/100\n|-heal|p1b: Lil' Guy|100/100|[from] drain|[of] p2b: Cofagrigus\n|faint|p2a: Crabominable\n|\n|-weather|Snowscape|[upkeep]\n|-damage|p1a: Mr. Clean|31/100 brn|[from] brn\n|-sideend|p1: sc1erotized|move: Light Screen\n|-fieldend|move: Trick Room\n|upkeep\n|\n|t:|1776380724\n|switch|p2a: Slowking|Slowking-Galar, L50, F|73/100\n|turn|6\n|\n|t:|1776380741\n|switch|p2b: Farigiraf|Farigiraf, L50, F|100/100\n|move|p1a: Mr. Clean|Helping Hand|p1b: Lil' Guy\n|-singleturn|p1b: Lil' Guy|Helping Hand|[of] p1a: Mr. Clean\n|move|p1b: Lil' Guy|Poltergeist|p2a: Slowking\n|-activate|p2a: Slowking|move: Poltergeist|Mental Herb\n|-supereffective|p2a: Slowking|1\n|-damage|p2a: Slowking|13/100\n|move|p2a: Slowking|Trick Room|p2a: Slowking\n|-fieldstart|move: Trick Room|[of] p2a: Slowking\n|\n|-weather|none\n|-damage|p1a: Mr. Clean|25/100 brn|[from] brn\n|upkeep\n|turn|7\n|inactive|sc1erotized has 30 seconds left.\n|inactive|Arkiel1223 has 30 seconds left.\n|inactive|Arkiel1223 has 20 seconds left.\n|inactive|Arkiel1223 has 15 seconds left.\n|\n|t:|1776380784\n|move|p1a: Mr. Clean|Protect|p1a: Mr. Clean\n|-singleturn|p1a: Mr. Clean|Protect\n|-prepare|p2a: Slowking|Chilly Reception|[premajor]\n|move|p2a: Slowking|Chilly Reception|p2a: Slowking\n|-weather|Snowscape\n|\n|t:|1776380789\n|switch|p2a: Cofagrigus|Cofagrigus, L50, F|20/100|[from] Chilly Reception\n|move|p2b: Farigiraf|Dazzling Gleam|p1b: Lil' Guy|[spread] p1b\n|-activate|p1a: Mr. Clean|move: Protect\n|-damage|p1b: Lil' Guy|89/100\n|move|p1b: Lil' Guy|Matcha Gotcha|p2a: Cofagrigus|[spread] p2a,p2b\n|-damage|p2a: Cofagrigus|0 fnt\n|-heal|p1b: Lil' Guy|96/100|[from] drain|[of] p2a: Cofagrigus\n|-damage|p2b: Farigiraf|84/100\n|-heal|p1b: Lil' Guy|100/100|[from] drain|[of] p2b: Farigiraf\n|faint|p2a: Cofagrigus\n|\n|-weather|Snowscape|[upkeep]\n|-heal|p2b: Farigiraf|90/100|[from] item: Leftovers\n|-damage|p1a: Mr. Clean|20/100 brn|[from] brn\n|upkeep\n|\n|t:|1776380793\n|switch|p2a: Slowking|Slowking-Galar, L50, F|46/100\n|turn|8\n|inactive|sc1erotized has 30 seconds left.\n|inactive|sc1erotized has 20 seconds left.\n|\n|t:|1776380831\n|move|p2a: Slowking|Expanding Force|p1a: Mr. Clean\n|-damage|p1a: Mr. Clean|0 fnt\n|faint|p1a: Mr. Clean\n|move|p2b: Farigiraf|Psychic Noise|p1b: Lil' Guy\n|-damage|p1b: Lil' Guy|75/100\n|-start|p1b: Lil' Guy|move: Heal Block\n|cant|p1b: Lil' Guy|move: Heal Block|Life Dew\n|\n|-weather|Snowscape|[upkeep]\n|-heal|p2b: Farigiraf|97/100|[from] item: Leftovers\n|upkeep\n|\n|t:|1776380845\n|switch|p1a: Rephitition|Heracross-Mega, L50, M|100/100\n|turn|9\n|\n|t:|1776380866\n|move|p1b: Lil' Guy|Rage Powder|p1b: Lil' Guy\n|-singleturn|p1b: Lil' Guy|move: Rage Powder\n|move|p2a: Slowking|Expanding Force|p1b: Lil' Guy\n|-damage|p1b: Lil' Guy|46/100\n|move|p2b: Farigiraf|Psychic Noise|p1b: Lil' Guy\n|-damage|p1b: Lil' Guy|22/100\n|move|p1a: Rephitition|Pin Missile|p2b: Farigiraf\n|-supereffective|p2b: Farigiraf|1\n|-damage|p2b: Farigiraf|57/100\n|-supereffective|p2b: Farigiraf|1\n|-damage|p2b: Farigiraf|16/100\n|-supereffective|p2b: Farigiraf|1\n|-damage|p2b: Farigiraf|0 fnt\n|faint|p2b: Farigiraf\n|-hitcount|p2: Farigiraf|3\n|\n|-weather|Snowscape|[upkeep]\n|-end|p1b: Lil' Guy|move: Heal Block\n|upkeep\n|turn|10\n|-message|Arkiel1223 forfeited.\n|\n|win|sc1erotized\n|raw|sc1erotized's rating: 1061 &rarr; <strong>1089</strong><br />(+28 for winning)\n|raw|Arkiel1223's rating: 1033 &rarr; <strong>1019</strong><br />(-14 for losing)\n|l|\u2606Arkiel1223\n|player|p2|\n",
  "uploadtime": 1776380900,
  "views": 22,
  "formatid": "gen9championsvgc2026regma",
  "rating": 1019,
  "private": 0,
  "password": null
}