{
  "id": "gen9championsvgc2026regma-2586692408",
  "format": "[Gen 9 Champions] VGC 2026 Reg M-A",
  "players": [
    "Sammias",
    "Kalaphant"
  ],
  "log": "|j|\u2606Sammias\n|j|\u2606Kalaphant\n|t:|1776452605\n|gametype|doubles\n|player|p1|Sammias|miku-ground|1180\n|player|p2|Kalaphant|1|1114\n|gen|9\n|tier|[Gen 9 Champions] VGC 2026 Reg M-A\n|rated|\n|rule|Species Clause: Limit one of each Pok\u00e9mon\n|rule|Item Clause: Limit 1 of each item\n|clearpoke\n|poke|p1|Typhlosion-Hisui, L50, M|\n|poke|p1|Whimsicott, L50, F|\n|poke|p1|Floette-Eternal, L50, F|\n|poke|p1|Sinistcha, L50|\n|poke|p1|Aerodactyl, L50, F|\n|poke|p1|Garchomp, L50, M|\n|poke|p2|Pelipper, L50, F|\n|poke|p2|Basculegion, L50, M|\n|poke|p2|Archaludon, L50, M|\n|poke|p2|Dragonite, L50, F|\n|poke|p2|Floette-Eternal, L50, F|\n|poke|p2|Sinistcha, L50|\n|teampreview|4\n|inactive|Battle timer is ON: inactive players will automatically lose when time's up. (requested by Kalaphant)\n|inactive|Sammias also wants the timer to be on.\n|c|\u2606Kalaphant|glhf\nKalaphant has agreed to open team sheets.\n|\n|t:|1776452624\n|teamsize|p1|4\n|teamsize|p2|4\n|start\n|switch|p1a: Aerodactyl|Aerodactyl, L50, F|100/100\n|switch|p1b: Whimsicott|Whimsicott, L50, F, shiny|100/100\n|switch|p2a: Pelipper|Pelipper, L50, F|100/100\n|switch|p2b: Basculegion|Basculegion, L50, M|100/100\n|-ability|p1a: Aerodactyl|Unnerve\n|-weather|RainDance|[from] ability: Drizzle|[of] p2a: Pelipper\n|turn|1\n|\n|t:|1776452641\n|move|p1a: Aerodactyl|Protect|p1a: Aerodactyl\n|-singleturn|p1a: Aerodactyl|Protect\n|move|p1b: Whimsicott|Sunny Day|p1b: Whimsicott\n|-weather|SunnyDay\n|move|p2b: Basculegion|Flip Turn|p1a: Aerodactyl\n|-activate|p1a: Aerodactyl|move: Protect\n|move|p2a: Pelipper|Hurricane|p1b: Whimsicott|[miss]\n|-miss|p2a: Pelipper|p1b: Whimsicott\n|\n|-weather|SunnyDay|[upkeep]\n|upkeep\n|turn|2\n|\n|t:|1776452653\n|switch|p2a: Archaludon|Archaludon, L50, M|100/100\n|move|p1b: Whimsicott|Tailwind|p1b: Whimsicott\n|-sidestart|p1: Sammias|move: Tailwind\n|move|p1a: Aerodactyl|Rock Slide|p2a: Archaludon|[spread] p2a,p2b\n|-resisted|p2a: Archaludon|1\n|-damage|p2a: Archaludon|90/100\n|-damage|p2b: Basculegion|65/100\n|-ability|p2a: Archaludon|Stamina|boost\n|-boost|p2a: Archaludon|def|1\n|cant|p2b: Basculegion|flinch\n|\n|-weather|SunnyDay|[upkeep]\n|-heal|p2a: Archaludon|96/100|[from] item: Leftovers\n|upkeep\n|turn|3\n|\n|t:|1776452672\n|switch|p2b: Pelipper|Pelipper, L50, F|100/100\n|-weather|RainDance|[from] ability: Drizzle|[of] p2b: Pelipper\n|move|p1b: Whimsicott|Sunny Day|p1b: Whimsicott\n|-weather|SunnyDay\n|move|p1a: Aerodactyl|Rock Slide|p2a: Archaludon|[spread] p2a,p2b\n|-resisted|p2a: Archaludon|1\n|-supereffective|p2b: Pelipper|1\n|-damage|p2a: Archaludon|90/100\n|-damage|p2b: Pelipper|50/100\n|-ability|p2a: Archaludon|Stamina|boost\n|-boost|p2a: Archaludon|def|1\n|move|p2a: Archaludon|Flash Cannon|p1b: Whimsicott\n|-supereffective|p1b: Whimsicott|1\n|-damage|p1b: Whimsicott|0 fnt\n|faint|p1b: Whimsicott\n|\n|-weather|SunnyDay|[upkeep]\n|-heal|p2a: Archaludon|96/100|[from] item: Leftovers\n|upkeep\n|\n|t:|1776452686\n|switch|p1b: Floette|Floette-Eternal, L50, F|100/100\n|turn|4\n|\n|t:|1776452699\n|switch|p2b: Basculegion|Basculegion, L50, M|65/100\n|detailschange|p1b: Floette|Floette-Mega, L50, F\n|-mega|p1b: Floette|Floette|Floettite\n|-ability|p1b: Floette|Fairy Aura\n|move|p1a: Aerodactyl|Rock Slide|p2b: Basculegion|[spread] p2a,p2b\n|-resisted|p2a: Archaludon|1\n|-crit|p2b: Basculegion\n|-damage|p2a: Archaludon|91/100\n|-damage|p2b: Basculegion|20/100\n|-ability|p2a: Archaludon|Stamina|boost\n|-boost|p2a: Archaludon|def|1\n|move|p1b: Floette|Moonblast|p2a: Archaludon\n|-damage|p2a: Archaludon|0 fnt\n|faint|p2a: Archaludon\n|\n|-weather|SunnyDay|[upkeep]\n|upkeep\n|\n|t:|1776452716\n|switch|p2a: Pelipper|Pelipper, L50, F|50/100\n|-weather|RainDance|[from] ability: Drizzle|[of] p2a: Pelipper\n|turn|5\n|\n|t:|1776452731\n|move|p1a: Aerodactyl|Rock Slide|p2b: Basculegion|[spread] p2a,p2b\n|-supereffective|p2a: Pelipper|1\n|-damage|p2a: Pelipper|0 fnt\n|-damage|p2b: Basculegion|0 fnt\n|faint|p2a: Pelipper\n|faint|p2b: Basculegion\n|move|p1b: Floette|Dazzling Gleam|p2: Pelipper|[notarget]\n|-fail|p1b: Floette\n|\n|-weather|RainDance|[upkeep]\n|-sideend|p1: Sammias|move: Tailwind\n|upkeep\n|\n|t:|1776452735\n|switch|p2a: Dragonite|Dragonite, L50, F, shiny|100/100\n|turn|6\n|\n|t:|1776452739\n|detailschange|p2a: Dragonite|Dragonite-Mega, L50, F, shiny\n|-mega|p2a: Dragonite|Dragonite|Dragoninite\n|move|p1a: Aerodactyl|Rock Slide|p2a: Dragonite\n|-supereffective|p2a: Dragonite|1\n|-damage|p2a: Dragonite|64/100\n|move|p1b: Floette|Moonblast|p2a: Dragonite\n|-supereffective|p2a: Dragonite|1\n|-damage|p2a: Dragonite|0 fnt\n|faint|p2a: Dragonite\n|\n|win|Sammias\n|raw|Sammias's rating: 1180 &rarr; <strong>1200</strong><br />(+20 for winning)\n|raw|Kalaphant's rating: 1114 &rarr; <strong>1094</strong><br />(-20 for losing)\n|c|\u2606Kalaphant|gg\n|c|\u2606Sammias|gg\n",
  "uploadtime": 1776452739,
  "views": 27,
  "formatid": "gen9championsvgc2026regma",
  "rating": 1094,
  "private": 0,
  "password": null
}