{
  "id": "gen9championsvgc2026regma-2586048794",
  "format": "[Gen 9 Champions] VGC 2026 Reg M-A",
  "players": [
    "KUROKUfun",
    "FirstYearSoph"
  ],
  "log": "|j|\u203dKUROKUfun\n|j|\u2606FirstYearSoph\n|t:|1776393680\n|gametype|doubles\n|player|p1|KUROKUfun|roxanne|1067\n|player|p2|FirstYearSoph|265|1081\n|gen|9\n|tier|[Gen 9 Champions] VGC 2026 Reg M-A\n|rated|\n|rule|Species Clause: Limit one of each Pok\u00e9mon\n|rule|Item Clause: Limit 1 of each item\n|clearpoke\n|poke|p1|Arcanine-Hisui, L50, M|\n|poke|p1|Floette-Eternal, L50, F|\n|poke|p1|Incineroar, L50, M|\n|poke|p1|Whimsicott, L50, F|\n|poke|p1|Sneasler, L50, M|\n|poke|p1|Primarina, L50, M|\n|poke|p2|Froslass, L50, F|\n|poke|p2|Rotom-Frost, L50|\n|poke|p2|Talonflame, L50, M|\n|poke|p2|Garchomp, L50, M|\n|poke|p2|Sneasler, L50, M|\n|poke|p2|Kingambit, L50, F|\n|teampreview|4\n|inactive|Battle timer is ON: inactive players will automatically lose when time's up. (requested by KUROKUfun)\n|\n|t:|1776393701\n|teamsize|p1|4\n|teamsize|p2|4\n|start\n|switch|p1a: Arcanine|Arcanine-Hisui, L50, M|100/100\n|switch|p1b: Sneasler|Sneasler, L50, M|100/100\n|switch|p2a: Froslass|Froslass, L50, F|100/100\n|switch|p2b: Talonflame|Talonflame, L50, M|100/100\n|turn|1\n|\n|t:|1776393712\n|detailschange|p2a: Froslass|Froslass-Mega, L50, F\n|-mega|p2a: Froslass|Froslass|Froslassite\n|-weather|Snowscape|[from] ability: Snow Warning|[of] p2a: Froslass\n|move|p1b: Sneasler|Fake Out|p2b: Talonflame\n|-damage|p2b: Talonflame|80/100\n|move|p1a: Arcanine|Rock Slide|p2b: Talonflame|[spread] p2a,p2b\n|-supereffective|p2a: Froslass|1\n|-supereffective|p2b: Talonflame|2\n|-damage|p2a: Froslass|42/100\n|-damage|p2b: Talonflame|0 fnt\n|faint|p2b: Talonflame\n|move|p2a: Froslass|Aurora Veil|p2a: Froslass\n|-sidestart|p2: FirstYearSoph|move: Aurora Veil\n|\n|-weather|Snowscape|[upkeep]\n|upkeep\n|\n|t:|1776393724\n|switch|p2b: Sneasler|Sneasler, L50, M|100/100\n|turn|2\n|inactive|KUROKUfun has 30 seconds left.\n|inactive|KUROKUfun has 20 seconds left.\n|\n|t:|1776393760\n|move|p2b: Sneasler|Fake Out|p1a: Arcanine\n|-resisted|p1a: Arcanine|1\n|-damage|p1a: Arcanine|92/100\n|cant|p1a: Arcanine|flinch\n|move|p1b: Sneasler|Close Combat|p2b: Sneasler\n|-resisted|p2b: Sneasler|1\n|-damage|p2b: Sneasler|62/100\n|-unboost|p1b: Sneasler|def|1\n|-unboost|p1b: Sneasler|spd|1\n|-enditem|p1b: Sneasler|White Herb\n|-clearnegativeboost|p1b: Sneasler|[silent]\n|move|p2a: Froslass|Shadow Ball|p1a: Arcanine\n|-damage|p1a: Arcanine|39/100\n|\n|-weather|Snowscape|[upkeep]\n|upkeep\n|turn|3\n|\n|t:|1776393782\n|move|p1b: Sneasler|Close Combat|p2b: Sneasler\n|-resisted|p2b: Sneasler|1\n|-damage|p2b: Sneasler|28/100\n|-unboost|p1b: Sneasler|def|1\n|-unboost|p1b: Sneasler|spd|1\n|move|p1a: Arcanine|Rock Slide|p2a: Froslass|[spread] p2a,p2b\n|-supereffective|p2a: Froslass|1\n|-crit|p2a: Froslass\n|-resisted|p2b: Sneasler|1\n|-damage|p2a: Froslass|0 fnt\n|-damage|p2b: Sneasler|11/100\n|faint|p2a: Froslass\n|cant|p2b: Sneasler|flinch\n|\n|-weather|Snowscape|[upkeep]\n|upkeep\n|\n|t:|1776393794\n|switch|p2a: Rotom|Rotom-Frost, L50|100/100\n|turn|4\n|\n|t:|1776393809\n|move|p1b: Sneasler|Close Combat|p2b: Sneasler\n|-resisted|p2b: Sneasler|1\n|-damage|p2b: Sneasler|0 fnt\n|-unboost|p1b: Sneasler|def|1\n|-unboost|p1b: Sneasler|spd|1\n|faint|p2b: Sneasler\n|move|p1a: Arcanine|Rock Slide|p2a: Rotom\n|-supereffective|p2a: Rotom|1\n|-damage|p2a: Rotom|56/100\n|cant|p2a: Rotom|flinch\n|\n|-weather|Snowscape|[upkeep]\n|upkeep\n|turn|5\n|\n|t:|1776393821\n|move|p1b: Sneasler|Close Combat|p2a: Rotom\n|-supereffective|p2a: Rotom|1\n|-damage|p2a: Rotom|0 fnt\n|-unboost|p1b: Sneasler|def|1\n|-unboost|p1b: Sneasler|spd|1\n|faint|p2a: Rotom\n|\n|win|KUROKUfun\n|raw|KUROKUfun's rating: 1067 &rarr; <strong>1098</strong><br />(+31 for winning)\n|raw|FirstYearSoph's rating: 1081 &rarr; <strong>1058</strong><br />(-23 for losing)\n",
  "uploadtime": 1776393828,
  "views": 19,
  "formatid": "gen9championsvgc2026regma",
  "rating": 1058,
  "private": 0,
  "password": null
}