{
  "id": "gen9championsvgc2026regma-2585868058",
  "format": "[Gen 9 Champions] VGC 2026 Reg M-A",
  "players": [
    "galcrosscr",
    "koxicity"
  ],
  "log": "|j|\u2606galcrosscr\n|j|\u2606koxicity\n|t:|1776376892\n|gametype|doubles\n|player|p1|galcrosscr|n|1106\n|player|p2|koxicity|265|1043\n|gen|9\n|tier|[Gen 9 Champions] VGC 2026 Reg M-A\n|rated|\n|rule|Species Clause: Limit one of each Pok\u00e9mon\n|rule|Item Clause: Limit 1 of each item\n|clearpoke\n|poke|p1|Charizard, L50, M|\n|poke|p1|Whimsicott, L50, F|\n|poke|p1|Incineroar, L50, M|\n|poke|p1|Sneasler, L50, M|\n|poke|p1|Garchomp, L50, M|\n|poke|p1|Venusaur, L50, M|\n|poke|p2|Sneasler, L50, F|\n|poke|p2|Oranguru, L50, F|\n|poke|p2|Sylveon, L50, F|\n|poke|p2|Houndoom, L50, F|\n|poke|p2|Torkoal, L50, F|\n|poke|p2|Conkeldurr, L50, M|\n|teampreview|4\n|\n|t:|1776376921\n|teamsize|p1|4\n|teamsize|p2|4\n|start\n|switch|p1a: Sneasler|Sneasler, L50, M|100/100\n|switch|p1b: Incineroar|Incineroar, L50, M, shiny|100/100\n|switch|p2a: Oranguru|Oranguru, L50, F|100/100\n|switch|p2b: Houndoom|Houndoom, L50, F|100/100\n|-ability|p1b: Incineroar|Intimidate|boost\n|-fail|p2a: Oranguru|unboost|Attack|[from] ability: Inner Focus|[of] p2a: Oranguru\n|-unboost|p2b: Houndoom|atk|1\n|turn|1\n|\n|t:|1776376960\n|move|p2b: Houndoom|Protect|p2b: Houndoom\n|-singleturn|p2b: Houndoom|Protect\n|move|p1a: Sneasler|Fake Out|p2a: Oranguru\n|-damage|p2a: Oranguru|90/100\n|move|p1b: Incineroar|Fake Out|p2b: Houndoom\n|-activate|p2b: Houndoom|move: Protect\n|move|p2a: Oranguru|Trick Room|p2a: Oranguru\n|-fieldstart|move: Trick Room|[of] p2a: Oranguru\n|\n|upkeep\n|turn|2\n|\n|t:|1776376985\n|move|p2a: Oranguru|Light Screen|p2a: Oranguru\n|-sidestart|p2: koxicity|move: Light Screen\n|move|p1b: Incineroar|Darkest Lariat|p2a: Oranguru\n|-supereffective|p2a: Oranguru|1\n|-damage|p2a: Oranguru|40/100\n|move|p2b: Houndoom|Nasty Plot|p2b: Houndoom\n|-boost|p2b: Houndoom|spa|2\n|move|p1a: Sneasler|Close Combat|p2a: Oranguru\n|-damage|p2a: Oranguru|0 fnt\n|-unboost|p1a: Sneasler|def|1\n|-unboost|p1a: Sneasler|spd|1\n|faint|p2a: Oranguru\n|-enditem|p1a: Sneasler|White Herb\n|-clearnegativeboost|p1a: Sneasler|[silent]\n|\n|upkeep\n|\n|t:|1776376997\n|switch|p2a: Conkeldurr|Conkeldurr, L50, M|100/100\n|turn|3\n|\n|t:|1776377023\n|detailschange|p2b: Houndoom|Houndoom-Mega, L50, F\n|-mega|p2b: Houndoom|Houndoom|Houndoominite\n|move|p2a: Conkeldurr|Curse|p2a: Conkeldurr\n|-unboost|p2a: Conkeldurr|spe|1\n|-boost|p2a: Conkeldurr|atk|1\n|-boost|p2a: Conkeldurr|def|1\n|move|p1b: Incineroar|Parting Shot|p2a: Conkeldurr\n|-unboost|p2a: Conkeldurr|atk|1\n|-unboost|p2a: Conkeldurr|spa|1\n|\n|t:|1776377032\n|switch|p1b: Charizard|Charizard, L50, M, shiny|100/100|[from] Parting Shot\n|move|p2b: Houndoom|Heat Wave|p1a: Sneasler|[spread] p1a,p1b\n|-resisted|p1b: Charizard|1\n|-damage|p1a: Sneasler|0 fnt\n|-damage|p1b: Charizard|39/100\n|faint|p1a: Sneasler\n|\n|upkeep\n|\n|t:|1776377039\n|switch|p1a: Whimsicott|Whimsicott, L50, F, shiny|100/100\n|turn|4\n|\n|t:|1776377058\n|detailschange|p1b: Charizard|Charizard-Mega-Y, L50, M, shiny\n|-mega|p1b: Charizard|Charizard|Charizardite Y\n|-weather|SunnyDay|[from] ability: Drought|[of] p1b: Charizard\n|move|p1b: Charizard|Protect|p1b: Charizard\n|-singleturn|p1b: Charizard|Protect\n|move|p2a: Conkeldurr|Mach Punch|p1b: Charizard\n|-activate|p1b: Charizard|move: Protect\n|move|p1a: Whimsicott|Tailwind|p1a: Whimsicott\n|-sidestart|p1: galcrosscr|move: Tailwind\n|move|p2b: Houndoom|Heat Wave|p1a: Whimsicott|[spread] p1a\n|-activate|p1b: Charizard|move: Protect\n|-supereffective|p1a: Whimsicott|1\n|-enditem|p1a: Whimsicott|Focus Sash\n|-damage|p1a: Whimsicott|1/100\n|\n|-weather|SunnyDay|[upkeep]\n|-damage|p2b: Houndoom|88/100|[from] ability: Solar Power|[of] p2b: Houndoom\n|upkeep\n|turn|5\n|\n|t:|1776377082\n|move|p2a: Conkeldurr|Drain Punch|p1a: Whimsicott\n|-resisted|p1a: Whimsicott|1\n|-damage|p1a: Whimsicott|0 fnt\n|faint|p1a: Whimsicott\n|move|p2b: Houndoom|Heat Wave|p1b: Charizard\n|-resisted|p1b: Charizard|1\n|-damage|p1b: Charizard|0 fnt\n|faint|p1b: Charizard\n|\n|-weather|SunnyDay|[upkeep]\n|-damage|p2b: Houndoom|76/100|[from] ability: Solar Power|[of] p2b: Houndoom\n|-fieldend|move: Trick Room\n|upkeep\n|-message|galcrosscr forfeited.\n|\n|win|koxicity\n|raw|galcrosscr's rating: 1106 &rarr; <strong>1077</strong><br />(-29 for losing)\n|raw|koxicity's rating: 1043 &rarr; <strong>1083</strong><br />(+40 for winning)\n|l|\u2606galcrosscr\n|player|p1|\n",
  "uploadtime": 1776377096,
  "views": 23,
  "formatid": "gen9championsvgc2026regma",
  "rating": 1077,
  "private": 0,
  "password": null
}