{
  "id": "gen9championsvgc2026regma-2581146092",
  "format": "[Gen 9 Champions] VGC 2026 Reg M-A",
  "players": [
    "fashoooo",
    "tefoshark"
  ],
  "log": "|j|\u2606fashoooo\n|j|\u2606tefoshark\n|t:|1775964321\n|gametype|doubles\n|player|p1|fashoooo|calaba|1095\n|player|p2|tefoshark|acetrainer|1084\n|gen|9\n|tier|[Gen 9 Champions] VGC 2026 Reg M-A\n|rated|\n|rule|Species Clause: Limit one of each Pok\u00e9mon\n|rule|Item Clause: Limit 1 of each item\n|clearpoke\n|poke|p1|Floette-Eternal, L50, F|\n|poke|p1|Charizard, L50, F|\n|poke|p1|Aerodactyl, L50, M|\n|poke|p1|Incineroar, L50, F|\n|poke|p1|Sneasler, L50, F|\n|poke|p1|Kingambit, L50, F|\n|poke|p2|Charizard, L50, F|\n|poke|p2|Venusaur, L50, M|\n|poke|p2|Incineroar, L50, M|\n|poke|p2|Rotom-Wash, L50|\n|poke|p2|Garchomp, L50, F|\n|poke|p2|Sneasler, L50, F|\n|teampreview|4\n|\n|t:|1775964361\n|teamsize|p1|4\n|teamsize|p2|4\n|start\n|switch|p1a: Charizard|Charizard, L50, F, shiny|100/100\n|switch|p1b: Sneasler|Sneasler, L50, F|100/100\n|switch|p2a: Charizard|Charizard, L50, F|100/100\n|switch|p2b: Venusaur|Venusaur, L50, M|100/100\n|turn|1\n|\n|t:|1775964404\n|detailschange|p1a: Charizard|Charizard-Mega-Y, L50, F, shiny\n|-mega|p1a: Charizard|Charizard|Charizardite Y\n|-weather|SunnyDay|[from] ability: Drought|[of] p1a: Charizard\n|detailschange|p2a: Charizard|Charizard-Mega-Y, L50, F\n|-mega|p2a: Charizard|Charizard|Charizardite Y\n|move|p1b: Sneasler|Fake Out|p2b: Venusaur\n|-damage|p2b: Venusaur|77/100\n|cant|p2b: Venusaur|flinch\n|move|p1a: Charizard|Weather Ball|p2b: Venusaur\n|-supereffective|p2b: Venusaur|1\n|-damage|p2b: Venusaur|0 fnt\n|faint|p2b: Venusaur\n|move|p2a: Charizard|Heat Wave|p1a: Charizard|[spread] p1a,p1b\n|-resisted|p1a: Charizard|1\n|-damage|p1a: Charizard|63/100\n|-damage|p1b: Sneasler|11/100\n|-status|p1b: Sneasler|brn\n|\n|-weather|SunnyDay|[upkeep]\n|-damage|p1b: Sneasler|5/100 brn|[from] brn\n|upkeep\n|\n|t:|1775964428\n|switch|p2b: Garchomp|Garchomp, L50, F|100/100\n|turn|2\n|\n|t:|1775964445\n|move|p1a: Charizard|Protect|p1a: Charizard\n|-singleturn|p1a: Charizard|Protect\n|move|p2a: Charizard|Protect|p2a: Charizard\n|-singleturn|p2a: Charizard|Protect\n|move|p2b: Garchomp|Rock Slide|p1b: Sneasler|[spread] p1b\n|-activate|p1a: Charizard|move: Protect\n|-resisted|p1b: Sneasler|1\n|-damage|p1b: Sneasler|0 fnt\n|faint|p1b: Sneasler\n|\n|-weather|SunnyDay|[upkeep]\n|upkeep\n|\n|t:|1775964452\n|switch|p1b: Incineroar|Incineroar, L50, F, shiny|100/100\n|-ability|p1b: Incineroar|Intimidate|boost\n|-unboost|p2a: Charizard|atk|1\n|-unboost|p2b: Garchomp|atk|1\n|turn|3\n|\n|t:|1775964461\n|move|p1b: Incineroar|Fake Out|p2b: Garchomp\n|-damage|p2b: Garchomp|88/100\n|-damage|p1b: Incineroar|88/100|[from] ability: Rough Skin|[of] p2b: Garchomp\n|cant|p2b: Garchomp|flinch\n|move|p1a: Charizard|Solar Beam||[still]\n|-prepare|p1a: Charizard|Solar Beam\n|-anim|p1a: Charizard|Solar Beam|p2b: Garchomp\n|-damage|p2b: Garchomp|36/100\n|move|p2a: Charizard|Heat Wave|p1b: Incineroar|[spread] p1a\n|-miss|p2a: Charizard|p1b: Incineroar\n|-resisted|p1a: Charizard|1\n|-damage|p1a: Charizard|26/100\n|\n|-weather|SunnyDay|[upkeep]\n|upkeep\n|turn|4\n|\n|t:|1775964490\n|switch|p2b: Incineroar|Incineroar, L50, M|100/100\n|-ability|p2b: Incineroar|Intimidate|boost\n|-unboost|p1a: Charizard|atk|1\n|-unboost|p1b: Incineroar|atk|1\n|move|p1a: Charizard|Protect|p1a: Charizard\n|-singleturn|p1a: Charizard|Protect\n|move|p2a: Charizard|Heat Wave|p1a: Charizard|[spread] p1b\n|-activate|p1a: Charizard|move: Protect\n|-resisted|p1b: Incineroar|1\n|-damage|p1b: Incineroar|60/100\n|move|p1b: Incineroar|Parting Shot|p2b: Incineroar\n|-unboost|p2b: Incineroar|atk|1\n|-unboost|p2b: Incineroar|spa|1\n|\n|t:|1775964503\n|switch|p1b: Aerodactyl|Aerodactyl, L50, M, shiny|100/100|[from] Parting Shot\n|-ability|p1b: Aerodactyl|Unnerve\n|\n|-weather|SunnyDay|[upkeep]\n|upkeep\n|turn|5\n|\n|t:|1775964524\n|move|p2b: Incineroar|Fake Out|p1b: Aerodactyl\n|-resisted|p1b: Aerodactyl|1\n|-damage|p1b: Aerodactyl|95/100\n|cant|p1b: Aerodactyl|flinch\n|move|p1a: Charizard|Heat Wave|p2b: Incineroar|[spread] p2a,p2b\n|-resisted|p2a: Charizard|1\n|-resisted|p2b: Incineroar|1\n|-damage|p2a: Charizard|66/100\n|-damage|p2b: Incineroar|71/100\n|move|p2a: Charizard|Heat Wave|p1b: Aerodactyl|[spread] p1b\n|-miss|p2a: Charizard|p1a: Charizard\n|-resisted|p1b: Aerodactyl|1\n|-damage|p1b: Aerodactyl|44/100\n|\n|-weather|none\n|upkeep\n|turn|6\n|\n|t:|1775964549\n|switch|p1a: Incineroar|Incineroar, L50, F, shiny|60/100\n|-ability|p1a: Incineroar|Intimidate|boost\n|-unboost|p2a: Charizard|atk|1\n|-unboost|p2b: Incineroar|atk|1\n|switch|p2b: Garchomp|Garchomp, L50, F|36/100\n|move|p2a: Charizard|Protect|p2a: Charizard\n|-singleturn|p2a: Charizard|Protect\n|move|p1b: Aerodactyl|Rock Slide|p2a: Charizard|[spread] p2b\n|-activate|p2a: Charizard|move: Protect\n|-resisted|p2b: Garchomp|1\n|-damage|p2b: Garchomp|24/100\n|\n|upkeep\n|turn|7\n|\n|t:|1775964567\n|switch|p2a: Incineroar|Incineroar, L50, M|71/100\n|-ability|p2a: Incineroar|Intimidate|boost\n|-unboost|p1a: Incineroar|atk|1\n|-unboost|p1b: Aerodactyl|atk|1\n|move|p1a: Incineroar|Fake Out|p2b: Garchomp\n|-damage|p2b: Garchomp|15/100\n|-damage|p1a: Incineroar|48/100|[from] ability: Rough Skin|[of] p2b: Garchomp\n|-enditem|p1a: Incineroar|Sitrus Berry|[eat]\n|-heal|p1a: Incineroar|72/100|[from] item: Sitrus Berry\n|cant|p2b: Garchomp|flinch\n|move|p1b: Aerodactyl|Tailwind|p1b: Aerodactyl\n|-sidestart|p1: fashoooo|move: Tailwind\n|\n|upkeep\n|turn|8\n|\n|t:|1775964585\n|move|p1b: Aerodactyl|Protect|p1b: Aerodactyl\n|-singleturn|p1b: Aerodactyl|Protect\n|move|p2a: Incineroar|Fake Out|p1b: Aerodactyl\n|-activate|p1b: Aerodactyl|move: Protect\n|move|p2b: Garchomp|Rock Slide|p1b: Aerodactyl|[spread] p1a\n|-activate|p1b: Aerodactyl|move: Protect\n|-supereffective|p1a: Incineroar|1\n|-damage|p1a: Incineroar|34/100\n|move|p1a: Incineroar|Flare Blitz|p2b: Garchomp\n|-resisted|p2b: Garchomp|1\n|-damage|p2b: Garchomp|0 fnt\n|-damage|p1a: Incineroar|21/100|[from] ability: Rough Skin|[of] p2b: Garchomp\n|faint|p2b: Garchomp\n|-damage|p1a: Incineroar|17/100|[from] Recoil\n|\n|upkeep\n|\n|t:|1775964596\n|switch|p2b: Charizard|Charizard-Mega-Y, L50, F|66/100\n|-weather|SunnyDay|[from] ability: Drought|[of] p2b: Charizard\n|turn|9\n|\n|t:|1775964604\n|move|p2b: Charizard|Protect|p2b: Charizard\n|-singleturn|p2b: Charizard|Protect\n|move|p1b: Aerodactyl|Rock Slide|p2b: Charizard|[spread] p2a\n|-activate|p2b: Charizard|move: Protect\n|-supereffective|p2a: Incineroar|1\n|-damage|p2a: Incineroar|46/100\n|move|p1a: Incineroar|Flare Blitz|p2a: Incineroar\n|-resisted|p2a: Incineroar|1\n|-damage|p2a: Incineroar|28/100\n|-damage|p1a: Incineroar|11/100|[from] Recoil\n|cant|p2a: Incineroar|flinch\n|\n|-weather|SunnyDay|[upkeep]\n|upkeep\n|turn|10\n|\n|t:|1775964622\n|move|p1b: Aerodactyl|Rock Slide|p2a: Incineroar|[spread] p2a,p2b\n|-supereffective|p2a: Incineroar|1\n|-supereffective|p2b: Charizard|2\n|-damage|p2a: Incineroar|1/100\n|-damage|p2b: Charizard|0 fnt\n|faint|p2b: Charizard\n|move|p1a: Incineroar|Flare Blitz|p2a: Incineroar\n|-resisted|p2a: Incineroar|1\n|-damage|p2a: Incineroar|0 fnt\n|faint|p2a: Incineroar\n|-damage|p1a: Incineroar|10/100|[from] Recoil\n|\n|win|fashoooo\n|raw|fashoooo's rating: 1095 &rarr; <strong>1120</strong><br />(+25 for winning)\n|raw|tefoshark's rating: 1084 &rarr; <strong>1062</strong><br />(-22 for losing)\n|l|\u2606tefoshark\n|player|p2|\n",
  "uploadtime": 1775964655,
  "views": 17,
  "formatid": "gen9championsvgc2026regma",
  "rating": 1062,
  "private": 0,
  "password": null
}