{
  "id": "gen9championsvgc2026regma-2582468215",
  "format": "[Gen 9 Champions] VGC 2026 Reg M-A",
  "players": [
    "migglol",
    "Graedin"
  ],
  "log": "|j|\u2606migglol\n|j|\u2606Graedin\n|t:|1776093638\n|gametype|doubles\n|player|p1|migglol|policeman-gen4|\n|player|p2|Graedin|hooligans|\n|gen|9\n|tier|[Gen 9 Champions] VGC 2026 Reg M-A\n|rule|Species Clause: Limit one of each Pok\u00e9mon\n|rule|Item Clause: Limit 1 of each item\n|clearpoke\n|poke|p1|Rotom-Wash, L50|\n|poke|p1|Ninetales-Alola, L50, F|\n|poke|p1|Whimsicott, L50, M|\n|poke|p1|Goodra-Hisui, L50, F|\n|poke|p1|Lucario, L50, M|\n|poke|p1|Glimmora, L50, F|\n|poke|p2|Hawlucha, L50, M|\n|poke|p2|Clawitzer, L50, M|\n|poke|p2|Houndoom, L50, F|\n|poke|p2|Torterra, L50, F|\n|poke|p2|Jolteon, L50, F|\n|poke|p2|Chandelure, L50, F|\n|teampreview|4\n|\n|t:|1776093655\n|teamsize|p1|4\n|teamsize|p2|4\n|start\n|switch|p1a: Fists|Lucario, L50, M|100/100\n|switch|p1b: Poofy|Whimsicott, L50, M|100/100\n|switch|p2a: Torterra|Torterra, L50, F|100/100\n|switch|p2b: Houndoom|Houndoom, L50, F|100/100\n|-ability|p2b: Houndoom|Unnerve\n|turn|1\n|\n|t:|1776093672\n|switch|p2b: Hawlucha|Hawlucha, L50, M|100/100\n|-ability|p2b: Hawlucha|Mold Breaker\n|detailschange|p1a: Fists|Lucario-Mega, L50, M\n|-mega|p1a: Fists|Lucario|Lucarionite\n|move|p1b: Poofy|Tailwind|p1b: Poofy\n|-sidestart|p1: migglol|move: Tailwind\n|move|p1a: Fists|Aura Sphere|p2b: Hawlucha\n|-resisted|p2b: Hawlucha|1\n|-damage|p2b: Hawlucha|63/100\n|move|p2a: Torterra|Light Screen|p2a: Torterra\n|-sidestart|p2: Graedin|move: Light Screen\n|\n|upkeep\n|turn|2\n|\n|t:|1776093698\n|detailschange|p2b: Hawlucha|Hawlucha-Mega, L50, M\n|-mega|p2b: Hawlucha|Hawlucha|Hawluchanite\n|move|p1b: Poofy|Moonblast|p2b: Hawlucha\n|-supereffective|p2b: Hawlucha|1\n|-damage|p2b: Hawlucha|30/100\n|move|p1a: Fists|Psychic|p2b: Hawlucha\n|-supereffective|p2b: Hawlucha|1\n|-damage|p2b: Hawlucha|0 fnt\n|faint|p2b: Hawlucha\n|move|p2a: Torterra|Leech Seed|p1a: Fists\n|-start|p1a: Fists|move: Leech Seed\n|\n|-damage|p1a: Fists|88/100|[from] Leech Seed|[of] p2a: Torterra\n|upkeep\n|\n|t:|1776093713\n|switch|p2b: Jolteon|Jolteon, L50, F|100/100\n|turn|3\n|\n|t:|1776093730\n|move|p1b: Poofy|Protect|p1b: Poofy\n|-singleturn|p1b: Poofy|Protect\n|move|p1a: Fists|Psychic|p2a: Torterra\n|-damage|p2a: Torterra|79/100\n|move|p2b: Jolteon|Thunder Wave|p1a: Fists\n|-status|p1a: Fists|par\n|move|p2a: Torterra|Energy Ball|p1a: Fists\n|-resisted|p1a: Fists|1\n|-damage|p1a: Fists|61/100 par\n|\n|-heal|p2a: Torterra|85/100|[from] item: Leftovers\n|-damage|p1a: Fists|49/100 par|[from] Leech Seed|[of] p2a: Torterra\n|-heal|p2a: Torterra|96/100|[silent]\n|upkeep\n|turn|4\n|\n|t:|1776093751\n|switch|p1b: Goop|Goodra-Hisui, L50, F|100/100\n|switch|p2b: Houndoom|Houndoom, L50, F|100/100\n|-ability|p2b: Houndoom|Unnerve\n|switch|p1a: Zip|Rotom-Wash, L50|100/100\n|move|p2a: Torterra|Iron Defense|p2a: Torterra\n|-boost|p2a: Torterra|def|2\n|\n|-heal|p2a: Torterra|100/100|[from] item: Leftovers\n|-sideend|p1: migglol|move: Tailwind\n|upkeep\n|turn|5\n|\n|t:|1776093775\n|switch|p2b: Jolteon|Jolteon, L50, F|100/100\n|move|p1a: Zip|Hydro Pump|p2b: Jolteon|[miss]\n|-miss|p1a: Zip|p2b: Jolteon\n|move|p1b: Goop|Shelter|p1b: Goop\n|-boost|p1b: Goop|def|2\n|move|p2a: Torterra|Energy Ball|p1a: Zip\n|-supereffective|p1a: Zip|1\n|-enditem|p1a: Zip|Rindo Berry|[eat]\n|-enditem|p1a: Zip|Rindo Berry|[weaken]\n|-damage|p1a: Zip|59/100\n|\n|-sideend|p2: Graedin|move: Light Screen\n|upkeep\n|turn|6\n|\n|t:|1776093797\n|switch|p1a: Poofy|Whimsicott, L50, M|100/100\n|move|p2b: Jolteon|Thunder|p1a: Poofy\n|-resisted|p1a: Poofy|1\n|-damage|p1a: Poofy|69/100\n|move|p1b: Goop|Shelter|p1b: Goop\n|-boost|p1b: Goop|def|2\n|move|p2a: Torterra|Energy Ball|p1a: Poofy\n|-resisted|p1a: Poofy|1\n|-damage|p1a: Poofy|50/100\n|\n|upkeep\n|turn|7\n|\n|t:|1776093814\n|switch|p2b: Houndoom|Houndoom, L50, F|100/100\n|-ability|p2b: Houndoom|Unnerve\n|move|p1a: Poofy|Tailwind|p1a: Poofy\n|-sidestart|p1: migglol|move: Tailwind\n|move|p1b: Goop|Body Press|p2b: Houndoom\n|-supereffective|p2b: Houndoom|1\n|-damage|p2b: Houndoom|0 fnt\n|faint|p2b: Houndoom\n|move|p2a: Torterra|Leech Seed|p1b: Goop\n|-start|p1b: Goop|move: Leech Seed\n|\n|-damage|p1b: Goop|88/100|[from] Leech Seed|[of] p2a: Torterra\n|upkeep\n|\n|t:|1776093828\n|switch|p2b: Jolteon|Jolteon, L50, F|100/100\n|turn|8\n|\n|t:|1776093846\n|move|p1a: Poofy|Protect|p1a: Poofy\n|-singleturn|p1a: Poofy|Protect\n|move|p2b: Jolteon|Thunder Wave|p1b: Goop\n|-status|p1b: Goop|par\n|move|p1b: Goop|Body Press|p2b: Jolteon\n|-damage|p2b: Jolteon|0 fnt\n|faint|p2b: Jolteon\n|move|p2a: Torterra|Leech Seed|p1a: Poofy\n|-activate|p1a: Poofy|move: Protect\n|\n|-heal|p1b: Goop|94/100 par|[from] item: Leftovers\n|-damage|p1b: Goop|82/100 par|[from] Leech Seed|[of] p2a: Torterra\n|upkeep\n|turn|9\n|\n|t:|1776093869\n|switch|p1a: Fists|Lucario-Mega, L50, M|49/100 par\n|move|p1b: Goop|Body Press|p2a: Torterra\n|-damage|p2a: Torterra|69/100\n|move|p2a: Torterra|Energy Ball|p1a: Fists\n|-resisted|p1a: Fists|1\n|-damage|p1a: Fists|23/100 par\n|\n|-heal|p1b: Goop|88/100 par|[from] item: Leftovers\n|-heal|p2a: Torterra|75/100|[from] item: Leftovers\n|-damage|p1b: Goop|75/100 par|[from] Leech Seed|[of] p2a: Torterra\n|-heal|p2a: Torterra|89/100|[silent]\n|upkeep\n|turn|10\n|\n|t:|1776093885\n|move|p1a: Fists|Aura Sphere|p2a: Torterra\n|-damage|p2a: Torterra|25/100\n|move|p1b: Goop|Body Press|p2a: Torterra\n|-damage|p2a: Torterra|0 fnt\n|faint|p2a: Torterra\n|\n|win|migglol\n|l|\u2606Graedin\n|player|p2|\n",
  "uploadtime": 1776093903,
  "views": 23,
  "formatid": "gen9championsvgc2026regma",
  "rating": null,
  "private": 0,
  "password": null
}