{
  "id": "gen9championsvgc2026regma-2585081278",
  "format": "[Gen 9 Champions] VGC 2026 Reg M-A",
  "players": [
    "AnotherDreamer",
    "W0kMeDed"
  ],
  "log": "|j|\u2606AnotherDreamer\n|j|\u2606W0kMeDed\n|t:|1776309775\n|gametype|doubles\n|player|p1|AnotherDreamer|266|1412\n|player|p2|W0kMeDed|palmer|1443\n|gen|9\n|tier|[Gen 9 Champions] VGC 2026 Reg M-A\n|rated|\n|rule|Species Clause: Limit one of each Pok\u00e9mon\n|rule|Item Clause: Limit 1 of each item\n|clearpoke\n|poke|p1|Incineroar, L50, M|\n|poke|p1|Floette-Eternal, L50, F|\n|poke|p1|Aerodactyl, L50, M|\n|poke|p1|Basculegion, L50, M|\n|poke|p1|Garchomp, L50, F|\n|poke|p1|Sneasler, L50, F|\n|poke|p2|Gardevoir, L50, F|\n|poke|p2|Hydreigon, L50, M|\n|poke|p2|Basculegion, L50, M|\n|poke|p2|Arcanine-Hisui, L50, M|\n|poke|p2|Sinistcha, L50|\n|poke|p2|Tauros-Paldea-Aqua, L50, M|\n|teampreview|4\n|inactive|Battle timer is ON: inactive players will automatically lose when time's up. (requested by AnotherDreamer)\n|inactive|AnotherDreamer has 60 seconds left.\n|inactive|W0kMeDed has 60 seconds left.\n|j| CARtu348rjf90\n|\n|t:|1776309830\n|teamsize|p1|4\n|teamsize|p2|4\n|start\n|switch|p1a: Basculegion|Basculegion, L50, M|100/100\n|switch|p1b: Aerodactyl|Aerodactyl, L50, M|100/100\n|switch|p2a: Chevalier|Gardevoir, L50, F|100/100\n|switch|p2b: The Glue|Basculegion, L50, M|100/100\n|-ability|p1b: Aerodactyl|Unnerve\n|-ability|p2a: Chevalier|Unnerve|Trace|[from] ability: Trace|[of] p1b: Aerodactyl\n|-ability|p2a: Chevalier|Unnerve\n|turn|1\n|inactive|AnotherDreamer has 30 seconds left.\n|inactive|W0kMeDed has 30 seconds left.\n|inactive|AnotherDreamer has 20 seconds left.\n|\n|t:|1776309865\n|detailschange|p2a: Chevalier|Gardevoir-Mega, L50, F\n|-mega|p2a: Chevalier|Gardevoir|Gardevoirite\n|move|p1b: Aerodactyl|Protect|p1b: Aerodactyl\n|-singleturn|p1b: Aerodactyl|Protect\n|move|p1a: Basculegion|Flip Turn|p2b: The Glue\n|-resisted|p2b: The Glue|1\n|-damage|p2b: The Glue|78/100\n|\n|t:|1776309873\n|switch|p1a: Sneasler|Sneasler, L50, F|100/100|[from] Flip Turn\n|move|p2b: The Glue|Flip Turn|p1a: Sneasler\n|-damage|p1a: Sneasler|38/100\n|\n|t:|1776309887\n|switch|p2b: bool|Tauros-Paldea-Aqua, L50, M|100/100|[from] Flip Turn\n|-ability|p2b: bool|Intimidate|boost\n|-unboost|p1a: Sneasler|atk|1\n|-unboost|p1b: Aerodactyl|atk|1\n|-enditem|p1a: Sneasler|White Herb\n|-clearnegativeboost|p1a: Sneasler|[silent]\n|move|p2a: Chevalier|Hyper Voice|p1b: Aerodactyl|[spread] p1a\n|-activate|p1b: Aerodactyl|move: Protect\n|-damage|p1a: Sneasler|0 fnt\n|faint|p1a: Sneasler\n|\n|upkeep\n|\n|t:|1776309895\n|switch|p1a: Floette|Floette-Eternal, L50, F|100/100\n|turn|2\n|\n|t:|1776309910\n|detailschange|p1a: Floette|Floette-Mega, L50, F\n|-mega|p1a: Floette|Floette|Floettite\n|-ability|p1a: Floette|Fairy Aura\n|move|p2b: bool|Protect|p2b: bool\n|-singleturn|p2b: bool|Protect\n|move|p1b: Aerodactyl|Tailwind|p1b: Aerodactyl\n|-sidestart|p1: AnotherDreamer|move: Tailwind\n|move|p1a: Floette|Dazzling Gleam|p2b: bool|[spread] p2a\n|-activate|p2b: bool|move: Protect\n|-damage|p2a: Chevalier|64/100\n|move|p2a: Chevalier|Hyper Voice|p1b: Aerodactyl|[spread] p1a,p1b\n|-damage|p1a: Floette|51/100\n|-damage|p1b: Aerodactyl|1/100\n|\n|upkeep\n|turn|3\n|inactive|W0kMeDed has 30 seconds left.\n|inactive|W0kMeDed has 20 seconds left.\n|\n|t:|1776309946\n|move|p2b: bool|Aqua Jet|p1b: Aerodactyl\n|-supereffective|p1b: Aerodactyl|1\n|-damage|p1b: Aerodactyl|0 fnt\n|faint|p1b: Aerodactyl\n|move|p1a: Floette|Dazzling Gleam|p2a: Chevalier|[spread] p2a,p2b\n|-supereffective|p2b: bool|1\n|-damage|p2a: Chevalier|28/100\n|-damage|p2b: bool|0 fnt\n|faint|p2b: bool\n|move|p2a: Chevalier|Hyper Voice|p1a: Floette\n|-damage|p1a: Floette|0 fnt\n|faint|p1a: Floette\n|\n|upkeep\n|\n|t:|1776309959\n|switch|p1b: Basculegion|Basculegion, L50, M|100/100\n|switch|p2b: Whisky|Sinistcha, L50|100/100\n|-heal|p2a: Chevalier|52/100|[from] ability: Hospitality|[of] p2b: Whisky\n|turn|4\n|\n|t:|1776309965\n|move|p1b: Basculegion|Last Respects|p2b: Whisky\n|-supereffective|p2b: Whisky|1\n|-damage|p2b: Whisky|0 fnt\n|faint|p2b: Whisky\n|move|p2a: Chevalier|Hyper Voice|p1b: Basculegion\n|-damage|p1b: Basculegion|30/100\n|\n|upkeep\n|\n|t:|1776309972\n|switch|p2b: The Glue|Basculegion, L50, M|78/100\n|turn|5\n|\n|t:|1776309977\n|move|p1b: Basculegion|Last Respects|p2b: The Glue\n|-supereffective|p2b: The Glue|1\n|-damage|p2b: The Glue|0 fnt\n|faint|p2b: The Glue\n|move|p2a: Chevalier|Hyper Voice|p1b: Basculegion\n|-damage|p1b: Basculegion|0 fnt\n|faint|p1b: Basculegion\n|\n|win|W0kMeDed\n|raw|AnotherDreamer's rating: 1412 &rarr; <strong>1394</strong><br />(-18 for losing)\n|raw|W0kMeDed's rating: 1443 &rarr; <strong>1461</strong><br />(+18 for winning)\n|l|\u2606AnotherDreamer\n|player|p1|\n|l|\u2606W0kMeDed\n|player|p2|\n",
  "uploadtime": 1776310108,
  "views": 32,
  "formatid": "gen9championsvgc2026regma",
  "rating": 1394,
  "private": 0,
  "password": null
}