{
  "id": "gen9championsvgc2026regma-2589509871",
  "format": "[Gen 9 Champions] VGC 2026 Reg M-A",
  "players": [
    "RadiantBlue4552",
    "OuiOuiGarcon"
  ],
  "log": "|j|\u2606RadiantBlue4552\n|j|\u2606OuiOuiGarcon\n|t:|1776729487\n|gametype|doubles\n|player|p1|RadiantBlue4552|1|1000\n|player|p2|OuiOuiGarcon|clown|1067\n|gen|9\n|tier|[Gen 9 Champions] VGC 2026 Reg M-A\n|rated|\n|rule|Species Clause: Limit one of each Pok\u00e9mon\n|rule|Item Clause: Limit 1 of each item\n|clearpoke\n|poke|p1|Houndoom, L50, F|\n|poke|p1|Sableye, L50, F|\n|poke|p1|Scovillain, L50, M|\n|poke|p1|Torkoal, L50, F|\n|poke|p1|Oranguru, L50, M|\n|poke|p1|Golurk, L50|\n|poke|p2|Kommo-o, L50, M|\n|poke|p2|Glimmora, L50, F|\n|poke|p2|Ninetales-Alola, L50, F|\n|poke|p2|Sinistcha, L50|\n|poke|p2|Volcarona, L50, F|\n|poke|p2|Gyarados, L50, F|\n|teampreview|4\n|inactive|Battle timer is ON: inactive players will automatically lose when time's up. (requested by RadiantBlue4552)\nRadiantBlue4552 rejected open team sheets.\n|\n|t:|1776729509\n|teamsize|p1|4\n|teamsize|p2|4\n|start\n|switch|p1a: Oranguru|Oranguru, L50, M|100/100\n|switch|p1b: Scovillain|Scovillain, L50, M|100/100\n|switch|p2a: Kommo-o|Kommo-o, L50, M|100/100\n|switch|p2b: Volcarona|Volcarona, L50, F|100/100\n|turn|1\n|\n|t:|1776729524\n|switch|p1b: Golurk|Golurk, L50|100/100\n|move|p2a: Kommo-o|Protect|p2a: Kommo-o\n|-singleturn|p2a: Kommo-o|Protect\n|move|p2b: Volcarona|Tailwind|p2b: Volcarona\n|-sidestart|p2: OuiOuiGarcon|move: Tailwind\n|move|p1a: Oranguru|Trick Room|p1a: Oranguru\n|-fieldstart|move: Trick Room|[of] p1a: Oranguru\n|\n|upkeep\n|turn|2\n|\n|t:|1776729546\n|switch|p2a: Gyarados|Gyarados, L50, F|100/100\n|-ability|p2a: Gyarados|Intimidate|boost\n|-fail|p1a: Oranguru|unboost|Attack|[from] ability: Inner Focus|[of] p1a: Oranguru\n|-unboost|p1b: Golurk|atk|1\n|detailschange|p1b: Golurk|Golurk-Mega, L50\n|-mega|p1b: Golurk|Golurk|Golurkite\n|move|p1b: Golurk|Headlong Rush|p2b: Volcarona\n|-damage|p2b: Volcarona|22/100\n|-unboost|p1b: Golurk|def|1\n|-unboost|p1b: Golurk|spd|1\n|-status|p1b: Golurk|brn|[from] ability: Flame Body|[of] p2b: Volcarona\n|move|p1a: Oranguru|Psychic|p2a: Gyarados\n|-damage|p2a: Gyarados|69/100\n|move|p2b: Volcarona|Struggle Bug|p1a: Oranguru|[spread] p1a,p1b\n|-supereffective|p1a: Oranguru|1\n|-resisted|p1b: Golurk|1\n|-damage|p1a: Oranguru|67/100\n|-damage|p1b: Golurk|87/100 brn\n|-unboost|p1a: Oranguru|spa|1\n|-unboost|p1b: Golurk|spa|1\n|\n|-damage|p1b: Golurk|81/100 brn|[from] brn\n|upkeep\n|turn|3\n|\n|t:|1776729571\n|switch|p1b: Torkoal|Torkoal, L50, F|100/100\n|-weather|SunnyDay|[from] ability: Drought|[of] p1b: Torkoal\n|detailschange|p2a: Gyarados|Gyarados-Mega, L50, F\n|-mega|p2a: Gyarados|Gyarados|Gyaradosite\n|-ability|p2a: Gyarados|Mold Breaker\n|move|p2b: Volcarona|Protect|p2b: Volcarona\n|-singleturn|p2b: Volcarona|Protect\n|move|p1a: Oranguru|Psychic|p2b: Volcarona\n|-activate|p2b: Volcarona|move: Protect\n|move|p2a: Gyarados|Crunch|p1a: Oranguru\n|-supereffective|p1a: Oranguru|1\n|-damage|p1a: Oranguru|0 fnt\n|faint|p1a: Oranguru\n|\n|-weather|SunnyDay|[upkeep]\n|upkeep\n|\n|t:|1776729579\n|switch|p1a: Golurk|Golurk-Mega, L50|81/100 brn\n|turn|4\n|\n|t:|1776729593\n|switch|p2b: Ninetales|Ninetales-Alola, L50, F|100/100\n|-weather|Snowscape|[from] ability: Snow Warning|[of] p2b: Ninetales\n|move|p1b: Torkoal|Eruption|p2b: Ninetales|[spread] p2a,p2b\n|-resisted|p2a: Gyarados|1\n|-supereffective|p2b: Ninetales|1\n|-damage|p2a: Gyarados|44/100\n|-damage|p2b: Ninetales|0 fnt\n|faint|p2b: Ninetales\n|move|p1a: Golurk|Close Combat|p2a: Gyarados\n|-supereffective|p2a: Gyarados|1\n|-damage|p2a: Gyarados|0 fnt\n|-unboost|p1a: Golurk|def|1\n|-unboost|p1a: Golurk|spd|1\n|faint|p2a: Gyarados\n|\n|-weather|Snowscape|[upkeep]\n|-damage|p1a: Golurk|74/100 brn|[from] brn\n|-sideend|p2: OuiOuiGarcon|move: Tailwind\n|upkeep\n|\n|t:|1776729610\n|switch|p2a: Volcarona|Volcarona, L50, F|22/100\n|switch|p2b: Kommo-o|Kommo-o, L50, M|100/100\n|turn|5\n|\n|t:|1776729620\n|switch|p1b: Scovillain|Scovillain, L50, M|100/100\n|move|p2b: Kommo-o|Protect|p2b: Kommo-o\n|-singleturn|p2b: Kommo-o|Protect\n|move|p2a: Volcarona|Protect|p2a: Volcarona\n|-singleturn|p2a: Volcarona|Protect\n|move|p1a: Golurk|Headlong Rush|p2a: Volcarona\n|-ability|p1a: Golurk|Unseen Fist\n|-zbroken|p2a: Volcarona\n|-damage|p2a: Volcarona|6/100\n|-unboost|p1a: Golurk|def|1\n|-unboost|p1a: Golurk|spd|1\n|\n|-weather|Snowscape|[upkeep]\n|-damage|p1a: Golurk|68/100 brn|[from] brn\n|-fieldend|move: Trick Room\n|upkeep\n|turn|6\n|inactive|OuiOuiGarcon has 30 seconds left.\n|inactive|OuiOuiGarcon has 20 seconds left.\n|\n|t:|1776729655\n|switch|p1a: Torkoal|Torkoal, L50, F|100/100\n|-weather|SunnyDay|[from] ability: Drought|[of] p1a: Torkoal\n|move|p1b: Scovillain|Solar Beam||[still]\n|-prepare|p1b: Scovillain|Solar Beam\n|-anim|p1b: Scovillain|Solar Beam|p2a: Volcarona\n|-resisted|p2a: Volcarona|2\n|-damage|p2a: Volcarona|0 fnt\n|faint|p2a: Volcarona\n|move|p2b: Kommo-o|Belly Drum|p2b: Kommo-o\n|-damage|p2b: Kommo-o|50/100\n|-setboost|p2b: Kommo-o|atk|6|[from] move: Belly Drum\n|-enditem|p2b: Kommo-o|Sitrus Berry|[eat]\n|-heal|p2b: Kommo-o|75/100|[from] item: Sitrus Berry\n|\n|-weather|SunnyDay|[upkeep]\n|upkeep\n|turn|7\n|\n|t:|1776729672\n|move|p1b: Scovillain|Rage Powder|p1b: Scovillain\n|-singleturn|p1b: Scovillain|move: Rage Powder\n|move|p2b: Kommo-o|Breaking Swipe|p1b: Scovillain|[spread] p1a,p1b\n|-crit|p1b: Scovillain\n|-damage|p1a: Torkoal|43/100\n|-enditem|p1b: Scovillain|Focus Sash\n|-damage|p1b: Scovillain|1/100\n|-unboost|p1a: Torkoal|atk|1\n|-unboost|p1b: Scovillain|atk|1\n|move|p1a: Torkoal|Overheat|p2b: Kommo-o\n|-resisted|p2b: Kommo-o|1\n|-damage|p2b: Kommo-o|26/100\n|-unboost|p1a: Torkoal|spa|2\n|\n|-weather|SunnyDay|[upkeep]\n|upkeep\n|turn|8\n|\n|t:|1776729696\n|move|p1b: Scovillain|Overheat|p2b: Kommo-o|[miss]\n|-miss|p1b: Scovillain|p2b: Kommo-o\n|move|p2b: Kommo-o|Breaking Swipe|p1b: Scovillain|[spread] p1a,p1b\n|-damage|p1a: Torkoal|0 fnt\n|-damage|p1b: Scovillain|0 fnt\n|faint|p1a: Torkoal\n|faint|p1b: Scovillain\n|\n|-weather|SunnyDay|[upkeep]\n|upkeep\n|\n|t:|1776729703\n|switch|p1b: Golurk|Golurk-Mega, L50|68/100 brn\n|turn|9\n|\n|t:|1776729707\n|move|p2b: Kommo-o|Breaking Swipe|p1b: Golurk\n|-damage|p1b: Golurk|0 fnt\n|faint|p1b: Golurk\n|\n|win|OuiOuiGarcon\n|raw|RadiantBlue4552's rating: 1000 &rarr; <strong>1000</strong><br />(+0 for losing)\n|raw|OuiOuiGarcon's rating: 1067 &rarr; <strong>1091</strong><br />(+24 for winning)\n|l|\u2606RadiantBlue4552\n|player|p1|\n",
  "uploadtime": 1776729745,
  "views": 14,
  "formatid": "gen9championsvgc2026regma",
  "rating": 1000,
  "private": 0,
  "password": null
}