{
  "id": "gen9championsvgc2026regma-2588507952",
  "format": "[Gen 9 Champions] VGC 2026 Reg M-A",
  "players": [
    "iamjalenhh",
    "jonathan53332"
  ],
  "log": "|j|\u2606iamjalenhh\n|j|\u2606jonathan53332\n|html|<table width=\"100%\"><tr><td align=\"left\">iamjalenhh</td><td align=\"right\">jonathan53332</tr><tr><td align=\"left\"><i class=\"fa fa-circle-o\"></i> <i class=\"fa fa-circle-o\"></i> </td><td align=\"right\"><i class=\"fa fa-circle-o\"></i> <i class=\"fa fa-circle-o\"></i> </tr></table>\n|uhtml|bestof|<h2><strong>Game 1</strong> of <a href=\"/game-bestof3-gen9championsvgc2026regma-2588507951\">a best-of-3</a></h2>\n|t:|1776639917\n|gametype|doubles\n|player|p1|iamjalenhh|1|\n|player|p2|jonathan53332|102|\n|gen|9\n|tier|[Gen 9 Champions] VGC 2026 Reg M-A\n|rule|Species Clause: Limit one of each Pok\u00e9mon\n|rule|Item Clause: Limit 1 of each item\n|raw|<div class=\"infobox\"><details class=\"readmore\" open><summary><strong>1 custom rule:</strong></summary> Best of = 3</details></div>\n|clearpoke\n|poke|p1|Incineroar, L50, F, shiny|\n|poke|p1|Scovillain, L50, F, shiny|\n|poke|p1|Meganium, L50, F, shiny|\n|poke|p1|Torkoal, L50, M, shiny|\n|poke|p1|Armarouge, L50, F, shiny|\n|poke|p1|Maushold-Four, L50, shiny|\n|poke|p2|Meganium, L50, M, shiny|\n|poke|p2|Pelipper, L50, M|\n|poke|p2|Primarina, L50, M|\n|poke|p2|Sinistcha-Masterpiece, L50, shiny|\n|poke|p2|Archaludon, L50, F, shiny|\n|poke|p2|Empoleon, L50, F|\n|teampreview|4\n|\n|t:|1776639945\n|teamsize|p1|4\n|teamsize|p2|4\n|start\n|switch|p1a: Incineroar|Incineroar, L50, F, shiny|100/100\n|switch|p1b: Armarouge|Armarouge, L50, F, shiny|100/100\n|switch|p2a: Primarina|Primarina, L50, M|100/100\n|switch|p2b: Empoleon|Empoleon, L50, F|100/100\n|-ability|p1a: Incineroar|Intimidate|boost\n|-unboost|p2a: Primarina|atk|1\n|-unboost|p2b: Empoleon|atk|1\n|-ability|p2b: Empoleon|Competitive|boost\n|-boost|p2b: Empoleon|spa|2\n|turn|1\n|\n|t:|1776639996\n|move|p1a: Incineroar|Helping Hand|p1b: Armarouge\n|-singleturn|p1b: Armarouge|Helping Hand|[of] p1a: Incineroar\n|move|p2b: Empoleon|Vacuum Wave|p1a: Incineroar\n|-supereffective|p1a: Incineroar|1\n|-damage|p1a: Incineroar|39/100\n|-enditem|p1a: Incineroar|Sitrus Berry|[eat]\n|-heal|p1a: Incineroar|64/100|[from] item: Sitrus Berry\n|move|p1b: Armarouge|Psychic|p2b: Empoleon\n|-resisted|p2b: Empoleon|1\n|-damage|p2b: Empoleon|67/100\n|move|p2a: Primarina|Hyper Voice|p1a: Incineroar|[spread] p1a,p1b\n|-supereffective|p1a: Incineroar|1\n|-supereffective|p1b: Armarouge|1\n|-damage|p1a: Incineroar|0 fnt\n|-damage|p1b: Armarouge|5/100\n|faint|p1a: Incineroar\n|\n|upkeep\n|\n|t:|1776640009\n|switch|p1a: Torkoal|Torkoal, L50, M, shiny|100/100\n|-weather|SunnyDay|[from] ability: Drought|[of] p1a: Torkoal\n|turn|2\n|\n|t:|1776640035\n|move|p1b: Armarouge|Protect|p1b: Armarouge\n|-singleturn|p1b: Armarouge|Protect\n|move|p2b: Empoleon|Chilling Water|p1a: Torkoal\n|-supereffective|p1a: Torkoal|1\n|-damage|p1a: Torkoal|19/100\n|-unboost|p1a: Torkoal|atk|1\n|move|p2a: Primarina|Hyper Voice|p1a: Torkoal|[spread] p1a\n|-activate|p1b: Armarouge|move: Protect\n|-supereffective|p1a: Torkoal|1\n|-damage|p1a: Torkoal|0 fnt\n|faint|p1a: Torkoal\n|\n|-weather|SunnyDay|[upkeep]\n|upkeep\n|\n|t:|1776640047\n|switch|p1a: Meganium|Meganium, L50, F, shiny|100/100\n|turn|3\n|\n|t:|1776640059\n|detailschange|p1a: Meganium|Meganium-Mega, L50, F, shiny\n|-mega|p1a: Meganium|Meganium|Meganiumite\n|move|p2b: Empoleon|Vacuum Wave|p1b: Armarouge\n|-resisted|p1b: Armarouge|1\n|-damage|p1b: Armarouge|0 fnt\n|faint|p1b: Armarouge\n|move|p1a: Meganium|Solar Beam||[still]\n|-prepare|p1a: Meganium|Solar Beam\n|-anim|p1a: Meganium|Solar Beam|p2b: Empoleon\n|-damage|p2b: Empoleon|7/100\n|move|p2a: Primarina|Shadow Ball|p1a: Meganium\n|-damage|p1a: Meganium|75/100\n|\n|-weather|SunnyDay|[upkeep]\n|upkeep\n|turn|4\n|\n|t:|1776640070\n|move|p1a: Meganium|Dazzling Gleam|p2a: Primarina|[spread] p2a,p2b\n|-resisted|p2b: Empoleon|1\n|-damage|p2a: Primarina|76/100\n|-damage|p2b: Empoleon|0 fnt\n|faint|p2b: Empoleon\n|move|p2a: Primarina|Calm Mind|p2a: Primarina\n|-boost|p2a: Primarina|spa|1\n|-boost|p2a: Primarina|spd|1\n|\n|-weather|SunnyDay|[upkeep]\n|-heal|p2a: Primarina|81/100|[from] item: Leftovers\n|upkeep\n|\n|t:|1776640076\n|switch|p2b: Pelipper|Pelipper, L50, M|100/100\n|-weather|RainDance|[from] ability: Drizzle|[of] p2b: Pelipper\n|turn|5\n|\n|t:|1776640083\n|move|p2b: Pelipper|Hurricane|p1a: Meganium\n|-supereffective|p1a: Meganium|1\n|-damage|p1a: Meganium|0 fnt\n|faint|p1a: Meganium\n|\n|win|jonathan53332\n",
  "uploadtime": 1776640085,
  "views": 6,
  "formatid": "gen9championsvgc2026regma",
  "rating": null,
  "private": 0,
  "password": null
}