{
  "id": "gen9championsvgc2026regma-2584331694",
  "format": "[Gen 9 Champions] VGC 2026 Reg M-A",
  "players": [
    "Terypagos",
    "emmesg"
  ],
  "log": "|j|\u2606Terypagos\n|j|\u2606emmesg\n|t:|1776252082\n|gametype|doubles\n|player|p1|Terypagos|turo-ai|1400\n|player|p2|emmesg|169|1405\n|gen|9\n|tier|[Gen 9 Champions] VGC 2026 Reg M-A\n|rated|\n|rule|Species Clause: Limit one of each Pok\u00e9mon\n|rule|Item Clause: Limit 1 of each item\n|clearpoke\n|poke|p1|Floette-Eternal, L50, F|\n|poke|p1|Aerodactyl, L50, F|\n|poke|p1|Garchomp, L50, F|\n|poke|p1|Incineroar, L50, F|\n|poke|p1|Basculegion, L50, M|\n|poke|p1|Sneasler, L50, F|\n|poke|p2|Blastoise, L50, F|\n|poke|p2|Farigiraf, L50, M|\n|poke|p2|Sneasler, L50, F|\n|poke|p2|Sinistcha, L50|\n|poke|p2|Excadrill, L50, M|\n|poke|p2|Talonflame, L50, M|\n|teampreview|4\n|\n|t:|1776252109\n|teamsize|p1|4\n|teamsize|p2|4\n|start\n|switch|p1a: Aerodactyl|Aerodactyl, L50, F|100/100\n|switch|p1b: Floette|Floette-Eternal, L50, F|100/100\n|switch|p2a: Talonflame|Talonflame, L50, M|100/100\n|switch|p2b: Blastoise|Blastoise, L50, F|100/100\n|-ability|p1a: Aerodactyl|Unnerve\n|turn|1\n|j| njxfnewnfw2\n|\n|t:|1776252123\n|detailschange|p1b: Floette|Floette-Mega, L50, F\n|-mega|p1b: Floette|Floette|Floettite\n|-ability|p1b: Floette|Fairy Aura\n|detailschange|p2b: Blastoise|Blastoise-Mega, L50, F\n|-mega|p2b: Blastoise|Blastoise|Blastoisinite\n|move|p2a: Talonflame|Tailwind|p2a: Talonflame\n|-sidestart|p2: emmesg|move: Tailwind\n|move|p2b: Blastoise|Water Spout|p1a: Aerodactyl|[spread] p1a,p1b\n|-supereffective|p1a: Aerodactyl|1\n|-enditem|p1a: Aerodactyl|Focus Sash\n|-damage|p1a: Aerodactyl|1/100\n|-damage|p1b: Floette|46/100\n|move|p1a: Aerodactyl|Tailwind|p1a: Aerodactyl\n|-sidestart|p1: Terypagos|move: Tailwind\n|move|p1b: Floette|Moonblast|p2b: Blastoise\n|-crit|p2b: Blastoise\n|-damage|p2b: Blastoise|0 fnt\n|faint|p2b: Blastoise\n|\n|upkeep\n|j| GalacticSpaceForce\n|\n|t:|1776252143\n|switch|p2b: Excadrill|Excadrill, L50, M|100/100\n|-ability|p2b: Excadrill|Mold Breaker\n|turn|2\n|\n|t:|1776252156\n|switch|p1b: Sneasler|Sneasler, L50, F, shiny|100/100\n|move|p2a: Talonflame|Protect|p2a: Talonflame\n|-singleturn|p2a: Talonflame|Protect\n|move|p1a: Aerodactyl|Rock Slide|p2a: Talonflame|[spread] p2b\n|-activate|p2a: Talonflame|move: Protect\n|-resisted|p2b: Excadrill|2\n|-damage|p2b: Excadrill|92/100\n|move|p2b: Excadrill|Rock Slide|p1b: Sneasler|[spread] p1a,p1b\n|-supereffective|p1a: Aerodactyl|1\n|-resisted|p1b: Sneasler|1\n|-damage|p1a: Aerodactyl|0 fnt\n|-damage|p1b: Sneasler|84/100\n|faint|p1a: Aerodactyl\n|\n|upkeep\n|\n|t:|1776252167\n|switch|p1a: Basculegion|Basculegion, L50, M, shiny|100/100\n|turn|3\n|\n|t:|1776252180\n|switch|p2b: Farigiraf|Farigiraf, L50, M|100/100\n|move|p1b: Sneasler|Fake Out||[still]\n|cant|p2b: Farigiraf|ability: Armor Tail|Fake Out|[of] p1b: Sneasler\n|move|p2a: Talonflame|Dual Wingbeat|p1b: Sneasler\n|-supereffective|p1b: Sneasler|1\n|-damage|p1b: Sneasler|11/100\n|-supereffective|p1b: Sneasler|1\n|-damage|p1b: Sneasler|0 fnt\n|faint|p1b: Sneasler\n|-hitcount|p1: Sneasler|2\n|move|p1a: Basculegion|Wave Crash|p2b: Farigiraf\n|-damage|p2b: Farigiraf|32/100\n|-damage|p1a: Basculegion|76/100|[from] Recoil\n|\n|upkeep\n|\n|t:|1776252185\n|switch|p1b: Floette|Floette-Mega, L50, F|46/100\n|-ability|p1b: Floette|Fairy Aura\n|turn|4\n|\n|t:|1776252216\n|move|p1b: Floette|Protect|p1b: Floette\n|-singleturn|p1b: Floette|Protect\n|move|p2a: Talonflame|Dual Wingbeat|p1a: Basculegion\n|-damage|p1a: Basculegion|50/100\n|-damage|p1a: Basculegion|23/100\n|-hitcount|p1a: Basculegion|2\n|move|p1a: Basculegion|Wave Crash|p2a: Talonflame\n|-supereffective|p2a: Talonflame|1\n|-crit|p2a: Talonflame\n|-damage|p2a: Talonflame|0 fnt\n|faint|p2a: Talonflame\n|-damage|p1a: Basculegion|0 fnt|[from] Recoil\n|faint|p1a: Basculegion\n|move|p2b: Farigiraf|Psychic|p1b: Floette\n|-activate|p1b: Floette|move: Protect\n|\n|-sideend|p1: Terypagos|move: Tailwind\n|-sideend|p2: emmesg|move: Tailwind\n|upkeep\n|\n|t:|1776252229\n|switch|p2a: Excadrill|Excadrill, L50, M|92/100\n|-ability|p2a: Excadrill|Mold Breaker\n|turn|5\n|-message|Terypagos forfeited.\n|\n|win|emmesg\n|raw|Terypagos's rating: 1400 &rarr; <strong>1380</strong><br />(-20 for losing)\n|raw|emmesg's rating: 1405 &rarr; <strong>1425</strong><br />(+20 for winning)\n|l|\u2606Terypagos\n|player|p1|\n",
  "uploadtime": 1776252234,
  "views": 38,
  "formatid": "gen9championsvgc2026regma",
  "rating": 1380,
  "private": 0,
  "password": null
}