{
  "id": "gen9championsvgc2026regma-2587289574",
  "format": "[Gen 9 Champions] VGC 2026 Reg M-A",
  "players": [
    "DOmacuin",
    "lobbychatlagsmypc"
  ],
  "log": "|j|\u2606DOmacuin\n|j|\u2606lobbychatlagsmypc\n|t:|1776518738\n|gametype|doubles\n|player|p1|DOmacuin|sage|1089\n|player|p2|lobbychatlagsmypc|266|1188\n|gen|9\n|tier|[Gen 9 Champions] VGC 2026 Reg M-A\n|rated|\n|rule|Species Clause: Limit one of each Pok\u00e9mon\n|rule|Item Clause: Limit 1 of each item\n|clearpoke\n|poke|p1|Tyranitar, L50, F, shiny|\n|poke|p1|Excadrill, L50, F|\n|poke|p1|Corviknight, L50, F|\n|poke|p1|Rotom-Wash, L50, shiny|\n|poke|p1|Arcanine-Hisui, L50, F|\n|poke|p1|Sinistcha, L50, shiny|\n|poke|p2|Lopunny, L50, F|\n|poke|p2|Farigiraf, L50, F|\n|poke|p2|Camerupt, L50, F|\n|poke|p2|Maushold-Four, L50|\n|poke|p2|Abomasnow, L50, M|\n|poke|p2|Araquanid, L50, F|\n|teampreview|4\n|inactive|Battle timer is ON: inactive players will automatically lose when time's up. (requested by lobbychatlagsmypc)\n|inactive|lobbychatlagsmypc has 60 seconds left.\n|\n|t:|1776518792\n|teamsize|p1|4\n|teamsize|p2|4\n|start\n|switch|p1a: Tyranitar|Tyranitar, L50, F, shiny|100/100\n|switch|p1b: Excadrill|Excadrill, L50, F|100/100\n|switch|p2a: Abomasnow|Abomasnow, L50, M|100/100\n|switch|p2b: Farigiraf|Farigiraf, L50, F|100/100\n|-weather|Sandstorm|[from] ability: Sand Stream|[of] p1a: Tyranitar\n|-weather|Snowscape|[from] ability: Snow Warning|[of] p2a: Abomasnow\n|turn|1\n|\n|t:|1776518817\n|detailschange|p2a: Abomasnow|Abomasnow-Mega, L50, M\n|-mega|p2a: Abomasnow|Abomasnow|Abomasite\n|move|p1b: Excadrill|Iron Head|p2a: Abomasnow\n|-supereffective|p2a: Abomasnow|1\n|-damage|p2a: Abomasnow|48/100\n|move|p1a: Tyranitar|Knock Off|p2b: Farigiraf\n|-supereffective|p2b: Farigiraf|1\n|-damage|p2b: Farigiraf|4/100\n|-enditem|p2b: Farigiraf|Sitrus Berry|[from] move: Knock Off|[of] p1a: Tyranitar\n|move|p2a: Abomasnow|Energy Ball|p1a: Tyranitar\n|-supereffective|p1a: Tyranitar|1\n|-damage|p1a: Tyranitar|9/100\n|move|p2b: Farigiraf|Trick Room|p2b: Farigiraf\n|-fieldstart|move: Trick Room|[of] p2b: Farigiraf\n|\n|-weather|Snowscape|[upkeep]\n|upkeep\n|turn|2\n|inactive|lobbychatlagsmypc has 30 seconds left.\n|inactive|lobbychatlagsmypc has 20 seconds left.\n|inactive|lobbychatlagsmypc has 15 seconds left.\n|inactive|lobbychatlagsmypc has 10 seconds left.\n|inactive|lobbychatlagsmypc has 5 seconds left.\n|\n|t:|1776518872\n|detailschange|p1a: Tyranitar|Tyranitar-Mega, L50, F, shiny\n|-mega|p1a: Tyranitar|Tyranitar|Tyranitarite\n|-weather|Sandstorm|[from] ability: Sand Stream|[of] p1a: Tyranitar\n|move|p2a: Abomasnow|Protect|p2a: Abomasnow\n|-singleturn|p2a: Abomasnow|Protect\n|move|p1a: Tyranitar|Protect|p1a: Tyranitar\n|-singleturn|p1a: Tyranitar|Protect\n|move|p2b: Farigiraf|Psychic|p1b: Excadrill\n|-resisted|p1b: Excadrill|1\n|-crit|p1b: Excadrill\n|-damage|p1b: Excadrill|69/100\n|move|p1b: Excadrill|Iron Head|p2a: Abomasnow\n|-activate|p2a: Abomasnow|move: Protect\n|\n|-weather|Sandstorm|[upkeep]\n|-damage|p2a: Abomasnow|42/100|[from] Sandstorm\n|-damage|p2b: Farigiraf|0 fnt|[from] Sandstorm\n|faint|p2b: Farigiraf\n|upkeep\n|\n|t:|1776518876\n|switch|p2b: Camerupt|Camerupt, L50, F|100/100\n|turn|3\n|\n|t:|1776518892\n|switch|p1a: Rotom|Rotom-Wash, L50, shiny|100/100\n|move|p2a: Abomasnow|Energy Ball|p1a: Rotom\n|-supereffective|p1a: Rotom|1\n|-damage|p1a: Rotom|0 fnt\n|faint|p1a: Rotom\n|move|p2b: Camerupt|Eruption|p1b: Excadrill\n|-supereffective|p1b: Excadrill|1\n|-damage|p1b: Excadrill|0 fnt\n|faint|p1b: Excadrill\n|\n|-weather|Sandstorm|[upkeep]\n|-damage|p2a: Abomasnow|36/100|[from] Sandstorm\n|upkeep\n|\n|t:|1776518905\n|switch|p1b: Arcanine|Arcanine-Hisui, L50, F|100/100\n|switch|p1a: Tyranitar|Tyranitar-Mega, L50, F, shiny|9/100\n|turn|4\n|inactive|DOmacuin has 30 seconds left.\n|\n|t:|1776518937\n|move|p2a: Abomasnow|Weather Ball|p1b: Arcanine\n|-supereffective|p1b: Arcanine|1\n|-damage|p1b: Arcanine|38/100\n|move|p2b: Camerupt|Earth Power|p1a: Tyranitar\n|-supereffective|p1a: Tyranitar|1\n|-damage|p1a: Tyranitar|0 fnt\n|faint|p1a: Tyranitar\n|move|p1b: Arcanine|Head Smash|p2a: Abomasnow\n|-supereffective|p2a: Abomasnow|1\n|-damage|p2a: Abomasnow|0 fnt\n|faint|p2a: Abomasnow\n|\n|-weather|Sandstorm|[upkeep]\n|upkeep\n|\n|t:|1776518950\n|switch|p2a: Araquanid|Araquanid, L50, F|100/100\n|turn|5\n|\n|t:|1776518956\n|move|p2b: Camerupt|Earth Power|p1b: Arcanine\n|-supereffective|p1b: Arcanine|2\n|-damage|p1b: Arcanine|0 fnt\n|faint|p1b: Arcanine\n|\n|win|lobbychatlagsmypc\n|raw|DOmacuin's rating: 1089 &rarr; <strong>1072</strong><br />(-17 for losing)\n|raw|lobbychatlagsmypc's rating: 1188 &rarr; <strong>1206</strong><br />(+18 for winning)\n|l|\u2606DOmacuin\n|player|p1|\n",
  "uploadtime": 1776518959,
  "views": 16,
  "formatid": "gen9championsvgc2026regma",
  "rating": 1072,
  "private": 0,
  "password": null
}