{
  "id": "gen9championsvgc2026regma-2582892138",
  "format": "[Gen 9 Champions] VGC 2026 Reg M-A",
  "players": [
    "Omega_N19",
    "cammellio"
  ],
  "log": "|j|\u2606Omega_N19\n|j|\u2606cammellio\n|t:|1776122587\n|gametype|doubles\n|player|p1|Omega_N19|hilbert|1083\n|player|p2|cammellio|1|1072\n|gen|9\n|tier|[Gen 9 Champions] VGC 2026 Reg M-A\n|rated|\n|rule|Species Clause: Limit one of each Pok\u00e9mon\n|rule|Item Clause: Limit 1 of each item\n|clearpoke\n|poke|p1|Charizard, L50, F|\n|poke|p1|Venusaur, L50, M|\n|poke|p1|Garchomp, L50, F|\n|poke|p1|Sinistcha, L50|\n|poke|p1|Sneasler, L50, M|\n|poke|p1|Incineroar, L50, M|\n|poke|p2|Snorlax, L50, F|\n|poke|p2|Aggron, L50, M|\n|poke|p2|Sinistcha-Masterpiece, L50|\n|poke|p2|Incineroar, L50, F|\n|poke|p2|Farigiraf, L50, F|\n|poke|p2|Kingambit, L50, F|\n|teampreview|4\n|inactive|Battle timer is ON: inactive players will automatically lose when time's up. (requested by Omega_N19)\n|\n|t:|1776122646\n|teamsize|p1|4\n|teamsize|p2|4\n|start\n|switch|p1a: Charizard|Charizard, L50, F, shiny|100/100\n|switch|p1b: Incineroar|Incineroar, L50, M|100/100\n|switch|p2a: Snorlax|Snorlax, L50, F|100/100\n|switch|p2b: Farigiraf|Farigiraf, L50, F|100/100\n|-ability|p1b: Incineroar|Intimidate|boost\n|-unboost|p2a: Snorlax|atk|1\n|-unboost|p2b: Farigiraf|atk|1\n|turn|1\n|inactive|Omega_N19 has 30 seconds left.\n|\n|t:|1776122673\n|detailschange|p1a: Charizard|Charizard-Mega-Y, L50, F, shiny\n|-mega|p1a: Charizard|Charizard|Charizardite Y\n|-weather|SunnyDay|[from] ability: Drought|[of] p1a: Charizard\n|move|p1b: Incineroar|Fake Out||[still]\n|cant|p2b: Farigiraf|ability: Armor Tail|Fake Out|[of] p1b: Incineroar\n|move|p1a: Charizard|Overheat|p2b: Farigiraf\n|-damage|p2b: Farigiraf|0 fnt\n|-unboost|p1a: Charizard|spa|2\n|faint|p2b: Farigiraf\n|move|p2a: Snorlax|Belly Drum|p2a: Snorlax\n|-damage|p2a: Snorlax|51/100\n|-setboost|p2a: Snorlax|atk|6|[from] move: Belly Drum\n|\n|-weather|SunnyDay|[upkeep]\n|upkeep\n|\n|t:|1776122691\n|switch|p2b: Incineroar|Incineroar, L50, F|100/100\n|-ability|p2b: Incineroar|Intimidate|boost\n|-unboost|p1a: Charizard|atk|1\n|-unboost|p1b: Incineroar|atk|1\n|turn|2\n|\n|t:|1776122712\n|switch|p1a: Garchomp|Garchomp, L50, F|100/100\n|move|p2b: Incineroar|Fake Out|p1a: Garchomp\n|-damage|p1a: Garchomp|90/100\n|-damage|p2b: Incineroar|88/100|[from] ability: Rough Skin|[of] p1a: Garchomp\n|move|p1b: Incineroar|Taunt|p2b: Incineroar\n|-start|p2b: Incineroar|move: Taunt\n|move|p2a: Snorlax|High Horsepower|p1b: Incineroar\n|-supereffective|p1b: Incineroar|1\n|-damage|p1b: Incineroar|0 fnt\n|faint|p1b: Incineroar\n|\n|-weather|SunnyDay|[upkeep]\n|upkeep\n|\n|t:|1776122734\n|switch|p1b: Charizard|Charizard-Mega-Y, L50, F, shiny|100/100\n|turn|3\n|\n|t:|1776122750\n|switch|p2b: Sinistcha|Sinistcha-Masterpiece, L50|100/100\n|-heal|p2a: Snorlax|75/100|[from] ability: Hospitality|[of] p2b: Sinistcha\n|move|p1a: Garchomp|Earthquake|p2a: Snorlax|[spread] p2a,p2b\n|-immune|p1b: Charizard\n|-resisted|p2b: Sinistcha|1\n|-damage|p2a: Snorlax|41/100\n|-damage|p2b: Sinistcha|87/100\n|-enditem|p2a: Snorlax|Sitrus Berry|[eat]\n|-heal|p2a: Snorlax|66/100|[from] item: Sitrus Berry\n|move|p1b: Charizard|Heat Wave|p2a: Snorlax|[spread] p2a,p2b\n|-supereffective|p2b: Sinistcha|1\n|-damage|p2a: Snorlax|49/100\n|-damage|p2b: Sinistcha|0 fnt\n|faint|p2b: Sinistcha\n|move|p2a: Snorlax|Body Slam|p1a: Garchomp\n|-damage|p1a: Garchomp|0 fnt\n|-damage|p2a: Snorlax|36/100|[from] ability: Rough Skin|[of] p1a: Garchomp\n|faint|p1a: Garchomp\n|\n|-weather|SunnyDay|[upkeep]\n|upkeep\n|\n|t:|1776122772\n|switch|p1a: Sinistcha|Sinistcha, L50|100/100\n|switch|p2b: Incineroar|Incineroar, L50, F|88/100\n|-ability|p2b: Incineroar|Intimidate|boost\n|-unboost|p1a: Sinistcha|atk|1\n|-unboost|p1b: Charizard|atk|1\n|turn|4\n|\n|t:|1776122792\n|move|p1b: Charizard|Protect|p1b: Charizard\n|-singleturn|p1b: Charizard|Protect\n|move|p1a: Sinistcha|Protect|p1a: Sinistcha\n|-singleturn|p1a: Sinistcha|Protect\n|move|p2b: Incineroar|Parting Shot|p1a: Sinistcha\n|-activate|p1a: Sinistcha|move: Protect\n|move|p2a: Snorlax|Body Slam|p1b: Charizard\n|-activate|p1b: Charizard|move: Protect\n|\n|-weather|SunnyDay|[upkeep]\n|upkeep\n|turn|5\n|\n|t:|1776122812\n|move|p1b: Charizard|Heat Wave|p2a: Snorlax|[spread] p2a,p2b\n|-resisted|p2b: Incineroar|1\n|-damage|p2a: Snorlax|18/100\n|-damage|p2b: Incineroar|63/100\n|-status|p2a: Snorlax|brn\n|move|p1a: Sinistcha|Matcha Gotcha|p2b: Incineroar|[spread] p2a,p2b\n|-resisted|p2b: Incineroar|1\n|-damage|p2a: Snorlax|5/100 brn\n|-damage|p2b: Incineroar|52/100\n|move|p2b: Incineroar|Flare Blitz|p1a: Sinistcha\n|-supereffective|p1a: Sinistcha|1\n|-damage|p1a: Sinistcha|0 fnt\n|faint|p1a: Sinistcha\n|-damage|p2b: Incineroar|23/100|[from] Recoil\n|move|p2a: Snorlax|Body Slam|p1b: Charizard\n|-damage|p1b: Charizard|0 fnt\n|faint|p1b: Charizard\n|\n|win|cammellio\n|raw|Omega_N19's rating: 1083 &rarr; <strong>1060</strong><br />(-23 for losing)\n|raw|cammellio's rating: 1072 &rarr; <strong>1102</strong><br />(+30 for winning)\n|l|\u2606Omega_N19\n|player|p1|\n",
  "uploadtime": 1776122832,
  "views": 16,
  "formatid": "gen9championsvgc2026regma",
  "rating": 1060,
  "private": 0,
  "password": null
}