{
  "id": "gen9championsvgc2026regma-2582183044",
  "format": "[Gen 9 Champions] VGC 2026 Reg M-A",
  "players": [
    "LyonFyre4",
    "arroyofran2"
  ],
  "log": "|j|\u2606LyonFyre4\n|j|\u2606arroyofran2\n|t:|1776068476\n|gametype|doubles\n|player|p1|LyonFyre4|101|1416\n|player|p2|arroyofran2|fisherman|1453\n|gen|9\n|tier|[Gen 9 Champions] VGC 2026 Reg M-A\n|rated|\n|rule|Species Clause: Limit one of each Pok\u00e9mon\n|rule|Item Clause: Limit 1 of each item\n|clearpoke\n|poke|p1|Floette-Eternal, L50, F|\n|poke|p1|Sinistcha, L50|\n|poke|p1|Basculegion, L50, M|\n|poke|p1|Talonflame, L50, M|\n|poke|p1|Garchomp, L50, F|\n|poke|p1|Delphox, L50, M|\n|poke|p2|Archaludon, L50, F|\n|poke|p2|Starmie, L50|\n|poke|p2|Pelipper, L50, M|\n|poke|p2|Farigiraf, L50, F|\n|poke|p2|Sneasler, L50, M|\n|poke|p2|Ditto, L50|\n|teampreview|4\n|j| CARtu348rjf90\n|inactive|Battle timer is ON: inactive players will automatically lose when time's up. (requested by LyonFyre4)\n|inactive|LyonFyre4 has 60 seconds left.\n|\n|t:|1776068533\n|teamsize|p1|4\n|teamsize|p2|4\n|start\n|switch|p1a: Garchomp|Garchomp, L50, F|100/100\n|switch|p1b: Basculegion|Basculegion, L50, M|100/100\n|switch|p2a: Farigiraf|Farigiraf, L50, F|100/100\n|switch|p2b: Archaludon|Archaludon, L50, F|100/100\n|turn|1\n|\n|t:|1776068545\n|move|p2b: Archaludon|Protect|p2b: Archaludon\n|-singleturn|p2b: Archaludon|Protect\n|move|p1b: Basculegion|Flip Turn|p2a: Farigiraf\n|-damage|p2a: Farigiraf|73/100\n|\n|t:|1776068551\n|switch|p1b: Floette|Floette-Eternal, L50, F|100/100|[from] Flip Turn\n|move|p1a: Garchomp|Stomping Tantrum|p2a: Farigiraf\n|-damage|p2a: Farigiraf|37/100\n|move|p2a: Farigiraf|Trick Room|p2a: Farigiraf\n|-fieldstart|move: Trick Room|[of] p2a: Farigiraf\n|\n|upkeep\n|turn|2\n|\n|t:|1776068570\n|switch|p1a: Sinistcha|Sinistcha, L50|100/100\n|detailschange|p1b: Floette|Floette-Mega, L50, F\n|-mega|p1b: Floette|Floette|Floettite\n|-ability|p1b: Floette|Fairy Aura\n|move|p2a: Farigiraf|Helping Hand|p2b: Archaludon\n|-singleturn|p2b: Archaludon|Helping Hand|[of] p2a: Farigiraf\n|move|p2b: Archaludon|Dragon Pulse|p1a: Sinistcha\n|-damage|p1a: Sinistcha|31/100\n|-enditem|p1a: Sinistcha|Sitrus Berry|[eat]\n|-heal|p1a: Sinistcha|56/100|[from] item: Sitrus Berry\n|move|p1b: Floette|Dazzling Gleam|p2a: Farigiraf|[spread] p2a,p2b\n|-crit|p2b: Archaludon\n|-damage|p2a: Farigiraf|0 fnt\n|-damage|p2b: Archaludon|25/100\n|-ability|p2b: Archaludon|Stamina|boost\n|-boost|p2b: Archaludon|def|1\n|faint|p2a: Farigiraf\n|\n|-heal|p2b: Archaludon|31/100|[from] item: Leftovers\n|upkeep\n|\n|t:|1776068585\n|switch|p2a: Sneasler|Sneasler, L50, M|100/100\n|turn|3\n|\n|t:|1776068599\n|move|p2a: Sneasler|Fake Out|p1b: Floette\n|-damage|p1b: Floette|85/100\n|move|p1a: Sinistcha|Rage Powder|p1a: Sinistcha\n|-singleturn|p1a: Sinistcha|move: Rage Powder\n|move|p2b: Archaludon|Dragon Pulse|p1a: Sinistcha\n|-damage|p1a: Sinistcha|6/100\n|cant|p1b: Floette|flinch\n|\n|-heal|p2b: Archaludon|38/100|[from] item: Leftovers\n|upkeep\n|turn|4\n|\n|t:|1776068615\n|move|p1a: Sinistcha|Strength Sap|p2a: Sneasler\n|-unboost|p2a: Sneasler|atk|1\n|-heal|p1a: Sinistcha|100/100\n|-enditem|p2a: Sneasler|White Herb\n|-clearnegativeboost|p2a: Sneasler|[silent]\n|move|p2b: Archaludon|Dragon Pulse|p1a: Sinistcha\n|-damage|p1a: Sinistcha|49/100\n|move|p1b: Floette|Dazzling Gleam|p2a: Sneasler|[spread] p2a,p2b\n|-crit|p2b: Archaludon\n|-damage|p2a: Sneasler|33/100\n|-damage|p2b: Archaludon|0 fnt\n|faint|p2b: Archaludon\n|move|p2a: Sneasler|Dire Claw|p1b: Floette\n|-supereffective|p1b: Floette|1\n|-damage|p1b: Floette|0 fnt\n|faint|p1b: Floette\n|\n|upkeep\n|\n|t:|1776068633\n|switch|p2b: Starmie|Starmie, L50, shiny|100/100\n|switch|p1b: Garchomp|Garchomp, L50, F|100/100\n|turn|5\n|\n|t:|1776068650\n|switch|p1a: Basculegion|Basculegion, L50, M|100/100\n|detailschange|p2b: Starmie|Starmie-Mega, L50, shiny\n|-mega|p2b: Starmie|Starmie|Starminite\n|move|p2a: Sneasler|Protect|p2a: Sneasler\n|-singleturn|p2a: Sneasler|Protect\n|move|p1b: Garchomp|Stomping Tantrum|p2a: Sneasler\n|-activate|p2a: Sneasler|move: Protect\n|move|p2b: Starmie|Ice Spinner|p1a: Basculegion\n|-resisted|p1a: Basculegion|1\n|-damage|p1a: Basculegion|71/100\n|\n|-fieldend|move: Trick Room\n|upkeep\n|turn|6\n|\n|t:|1776068672\n|move|p1a: Basculegion|Aqua Jet|p2a: Sneasler\n|-damage|p2a: Sneasler|0 fnt\n|faint|p2a: Sneasler\n|move|p2b: Starmie|Aqua Jet|p1a: Basculegion\n|-resisted|p1a: Basculegion|1\n|-damage|p1a: Basculegion|50/100\n|move|p1b: Garchomp|Stomping Tantrum|p2b: Starmie\n|-damage|p2b: Starmie|38/100\n|\n|upkeep\n|turn|7\n|-message|arroyofran2 forfeited.\n|\n|win|LyonFyre4\n|raw|LyonFyre4's rating: 1416 &rarr; <strong>1438</strong><br />(+22 for winning)\n|raw|arroyofran2's rating: 1453 &rarr; <strong>1431</strong><br />(-22 for losing)\n|l|\u2606arroyofran2\n|player|p2|\n|l|\u2606LyonFyre4\n|player|p1|\n",
  "uploadtime": 1776068700,
  "views": 65,
  "formatid": "gen9championsvgc2026regma",
  "rating": 1431,
  "private": 0,
  "password": null
}