{
  "id": "gen9championsvgc2026regma-2587169123",
  "format": "[Gen 9 Champions] VGC 2026 Reg M-A",
  "players": [
    "slimeslatt252",
    "MigraineMan"
  ],
  "log": "|j|\u2606slimeslatt252\n|j|\u2606MigraineMan\n|t:|1776503560\n|gametype|doubles\n|player|p1|slimeslatt252|265|1511\n|player|p2|MigraineMan|170|1611\n|gen|9\n|tier|[Gen 9 Champions] VGC 2026 Reg M-A\n|rated|\n|rule|Species Clause: Limit one of each Pok\u00e9mon\n|rule|Item Clause: Limit 1 of each item\n|clearpoke\n|poke|p1|Floette-Eternal, L50, F|\n|poke|p1|Delphox, L50, F, shiny|\n|poke|p1|Maushold, L50|\n|poke|p1|Garchomp, L50, F|\n|poke|p1|Sneasler, L50, F|\n|poke|p1|Talonflame, L50, M|\n|poke|p2|Tyranitar, L50, M|\n|poke|p2|Excadrill, L50, M|\n|poke|p2|Pelipper, L50, F|\n|poke|p2|Dragonite, L50, F|\n|poke|p2|Lycanroc, L50, M|\n|poke|p2|Basculegion, L50, M|\n|teampreview|4\n|inactive|Battle timer is ON: inactive players will automatically lose when time's up. (requested by slimeslatt252)\n|\n|t:|1776503585\n|teamsize|p1|4\n|teamsize|p2|4\n|start\n|switch|p1a: Maushold|Maushold, L50|100/100\n|switch|p1b: Floette|Floette-Eternal, L50, F|100/100\n|switch|p2a: Tyranitar|Tyranitar, L50, M|100/100\n|switch|p2b: Lycanroc|Lycanroc, L50, M|100/100\n|-weather|Sandstorm|[from] ability: Sand Stream|[of] p2a: Tyranitar\n|turn|1\n|\n|t:|1776503592\n|detailschange|p1b: Floette|Floette-Mega, L50, F\n|-mega|p1b: Floette|Floette|Floettite\n|-ability|p1b: Floette|Fairy Aura\n|detailschange|p2a: Tyranitar|Tyranitar-Mega, L50, M\n|-mega|p2a: Tyranitar|Tyranitar|Tyranitarite\n|move|p2b: Lycanroc|Rock Slide|p1a: Maushold|[spread] p1a\n|-miss|p2b: Lycanroc|p1b: Floette\n|-damage|p1a: Maushold|76/100\n|move|p1a: Maushold|Super Fang|p2b: Lycanroc|[miss]\n|-miss|p1a: Maushold|p2b: Lycanroc\n|move|p1b: Floette|Dazzling Gleam|p2b: Lycanroc|[spread] p2a,p2b\n|-supereffective|p2a: Tyranitar|1\n|-damage|p2a: Tyranitar|46/100\n|-damage|p2b: Lycanroc|43/100\n|move|p2a: Tyranitar|Rock Slide|p1a: Maushold|[spread] p1a,p1b\n|-damage|p1a: Maushold|35/100\n|-damage|p1b: Floette|72/100\n|\n|-weather|Sandstorm|[upkeep]\n|-damage|p1a: Maushold|29/100|[from] Sandstorm\n|-damage|p1b: Floette|66/100|[from] Sandstorm\n|upkeep\n|turn|2\n|\n|t:|1776503615\n|move|p1a: Maushold|Protect|p1a: Maushold\n|-singleturn|p1a: Maushold|Protect\n|move|p2b: Lycanroc|Rock Slide|p1a: Maushold|[spread] p1b\n|-activate|p1a: Maushold|move: Protect\n|-damage|p1b: Floette|45/100\n|move|p1b: Floette|Dazzling Gleam|p2b: Lycanroc|[spread] p2a,p2b\n|-supereffective|p2a: Tyranitar|1\n|-damage|p2a: Tyranitar|0 fnt\n|-damage|p2b: Lycanroc|0 fnt\n|faint|p2a: Tyranitar\n|faint|p2b: Lycanroc\n|\n|-weather|Sandstorm|[upkeep]\n|-damage|p1a: Maushold|23/100|[from] Sandstorm\n|-damage|p1b: Floette|39/100|[from] Sandstorm\n|upkeep\n|\n|t:|1776503617\n|switch|p2b: Excadrill|Excadrill, L50, M|100/100\n|switch|p2a: Dragonite|Dragonite, L50, F|100/100\n|-ability|p2b: Excadrill|Mold Breaker\n|turn|3\n|\n|t:|1776503629\n|move|p2b: Excadrill|Protect|p2b: Excadrill\n|-singleturn|p2b: Excadrill|Protect\n|move|p1a: Maushold|Follow Me|p1a: Maushold\n|-singleturn|p1a: Maushold|move: Follow Me\n|move|p1b: Floette|Dazzling Gleam|p2a: Dragonite|[spread] p2a\n|-activate|p2b: Excadrill|move: Protect\n|-supereffective|p2a: Dragonite|1\n|-enditem|p2a: Dragonite|Roseli Berry|[eat]\n|-enditem|p2a: Dragonite|Roseli Berry|[weaken]\n|-damage|p2a: Dragonite|50/100\n|move|p2a: Dragonite|Tailwind|p2a: Dragonite\n|-sidestart|p2: MigraineMan|move: Tailwind\n|\n|-weather|Sandstorm|[upkeep]\n|-damage|p2a: Dragonite|44/100|[from] Sandstorm\n|-damage|p1a: Maushold|17/100|[from] Sandstorm\n|-damage|p1b: Floette|34/100|[from] Sandstorm\n|upkeep\n|turn|4\n|\n|t:|1776503648\n|move|p1a: Maushold|Follow Me|p1a: Maushold\n|-singleturn|p1a: Maushold|move: Follow Me\n|move|p2b: Excadrill|Earthquake|p1b: Floette|[spread] p1a,p1b\n|-immune|p2a: Dragonite\n|-damage|p1a: Maushold|0 fnt\n|-damage|p1b: Floette|0 fnt\n|faint|p1a: Maushold\n|faint|p1b: Floette\n|move|p2a: Dragonite|Iron Head|p1: Maushold|[notarget]\n|-fail|p2a: Dragonite\n|\n|-weather|Sandstorm|[upkeep]\n|-damage|p2a: Dragonite|38/100|[from] Sandstorm\n|upkeep\n|j| maliciousdeez\n|\n|t:|1776503666\n|switch|p1a: Sneasler|Sneasler, L50, F|100/100\n|switch|p1b: Talonflame|Talonflame, L50, M|100/100\n|turn|5\n|inactive|slimeslatt252 has 30 seconds left.\n|inactive|MigraineMan has 30 seconds left.\n|inactive|slimeslatt252 has 20 seconds left.\n|\n|t:|1776503703\n|move|p2b: Excadrill|Protect|p2b: Excadrill\n|-singleturn|p2b: Excadrill|Protect\n|move|p1a: Sneasler|Fake Out|p2b: Excadrill\n|-activate|p2b: Excadrill|move: Protect\n|move|p1b: Talonflame|Tailwind|p1b: Talonflame\n|-sidestart|p1: slimeslatt252|move: Tailwind\n|move|p2a: Dragonite|Dragon Claw|p1b: Talonflame\n|-damage|p1b: Talonflame|30/100\n|\n|-weather|none\n|upkeep\n|turn|6\n|\n|t:|1776503725\n|move|p1a: Sneasler|Protect|p1a: Sneasler\n|-singleturn|p1a: Sneasler|Protect\n|move|p1b: Talonflame|Dual Wingbeat|p2b: Excadrill\n|-resisted|p2b: Excadrill|1\n|-damage|p2b: Excadrill|89/100\n|-resisted|p2b: Excadrill|1\n|-damage|p2b: Excadrill|76/100\n|-hitcount|p2b: Excadrill|2\n|move|p2b: Excadrill|High Horsepower|p1a: Sneasler\n|-activate|p1a: Sneasler|move: Protect\n|move|p2a: Dragonite|Dragon Claw|p1a: Sneasler\n|-activate|p1a: Sneasler|move: Protect\n|\n|-sideend|p2: MigraineMan|move: Tailwind\n|upkeep\n|turn|7\n|\n|t:|1776503739\n|move|p2b: Excadrill|Protect|p2b: Excadrill\n|-singleturn|p2b: Excadrill|Protect\n|move|p1b: Talonflame|Dual Wingbeat|p2a: Dragonite\n|-damage|p2a: Dragonite|21/100\n|-damage|p2a: Dragonite|6/100\n|-hitcount|p2a: Dragonite|2\n|move|p1a: Sneasler|Dire Claw|p2a: Dragonite\n|-damage|p2a: Dragonite|0 fnt\n|faint|p2a: Dragonite\n|\n|upkeep\n|turn|8\n|-message|MigraineMan forfeited.\n|\n|win|slimeslatt252\n|raw|slimeslatt252's rating: 1511 &rarr; <strong>1537</strong><br />(+26 for winning)\n|raw|MigraineMan's rating: 1611 &rarr; <strong>1585</strong><br />(-26 for losing)\n|l|\u2606MigraineMan\n|player|p2|\n",
  "uploadtime": 1776503764,
  "views": 27,
  "formatid": "gen9championsvgc2026regma",
  "rating": 1537,
  "private": 0,
  "password": null
}