{
  "id": "gen9championsvgc2026regma-2583577191",
  "format": "[Gen 9 Champions] VGC 2026 Reg M-A",
  "players": [
    "mudfellakipa888",
    "LUWITE"
  ],
  "log": "|j|\u2606mudfellakipa888\n|j|\u2606LUWITE\n|t:|1776184382\n|gametype|doubles\n|player|p1|mudfellakipa888|266|1160\n|player|p2|LUWITE|ghetsis|1118\n|gen|9\n|tier|[Gen 9 Champions] VGC 2026 Reg M-A\n|rated|\n|rule|Species Clause: Limit one of each Pok\u00e9mon\n|rule|Item Clause: Limit 1 of each item\n|clearpoke\n|poke|p1|Milotic, L50, M|\n|poke|p1|Garchomp, L50, M|\n|poke|p1|Kingambit, L50, F|\n|poke|p1|Aerodactyl, L50, F|\n|poke|p1|Charizard, L50, M|\n|poke|p1|Tinkaton, L50, F|\n|poke|p2|Palafin, L50, F|\n|poke|p2|Clefable, L50, F|\n|poke|p2|Incineroar, L50, M|\n|poke|p2|Gengar, L50, M|\n|poke|p2|Kingambit, L50, M|\n|poke|p2|Dragonite, L50, F|\n|teampreview|4\nLUWITE rejected open team sheets.\n|\n|t:|1776184411\n|teamsize|p1|4\n|teamsize|p2|4\n|start\n|switch|p1a: Milotic|Milotic, L50, M|100/100\n|switch|p1b: Aerodactyl|Aerodactyl, L50, F|100/100\n|switch|p2a: Palafin|Palafin, L50, F|100/100\n|switch|p2b: Gengar|Gengar, L50, M|100/100\n|-ability|p1b: Aerodactyl|Unnerve\n|turn|1\n|\n|t:|1776184442\n|detailschange|p2a: Palafin|Palafin-Hero, L50, F\n|switch|p2a: Dragonite|Dragonite, L50, F|100/100\n|detailschange|p2b: Gengar|Gengar-Mega, L50, M\n|-mega|p2b: Gengar|Gengar|Gengarite\n|move|p1b: Aerodactyl|Tailwind|p1b: Aerodactyl\n|-sidestart|p1: mudfellakipa888|move: Tailwind\n|move|p1a: Milotic|Scald|p2b: Gengar\n|-damage|p2b: Gengar|59/100\n|move|p2b: Gengar|Taunt|p1b: Aerodactyl\n|-start|p1b: Aerodactyl|move: Taunt\n|\n|upkeep\n|turn|2\n|\n|t:|1776184466\n|move|p1b: Aerodactyl|Rock Slide|p2b: Gengar|[spread] p2a,p2b\n|-supereffective|p2a: Dragonite|1\n|-damage|p2a: Dragonite|64/100\n|-damage|p2b: Gengar|24/100\n|move|p1a: Milotic|Ice Beam|p2a: Dragonite\n|-supereffective|p2a: Dragonite|2\n|-damage|p2a: Dragonite|0 fnt\n|faint|p2a: Dragonite\n|move|p2b: Gengar|Sludge Bomb|p1a: Milotic\n|-damage|p1a: Milotic|61/100\n|-status|p1a: Milotic|psn\n|\n|-heal|p1a: Milotic|68/100 psn|[from] item: Leftovers\n|-damage|p1a: Milotic|55/100 psn|[from] psn\n|upkeep\n|\n|t:|1776184481\n|switch|p2a: Palafin|Palafin-Hero, L50, F|100/100\n|-activate|p2a: Palafin|ability: Zero to Hero\n|turn|3\n|\n|t:|1776184514\n|move|p2b: Gengar|Protect|p2b: Gengar\n|-singleturn|p2b: Gengar|Protect\n|move|p2a: Palafin|Protect|p2a: Palafin\n|-singleturn|p2a: Palafin|Protect\n|move|p1b: Aerodactyl|Rock Slide|p2b: Gengar|[spread] \n|-activate|p2a: Palafin|move: Protect\n|-activate|p2b: Gengar|move: Protect\n|move|p1a: Milotic|Recover|p1a: Milotic\n|-heal|p1a: Milotic|100/100 psn\n|\n|-damage|p1a: Milotic|88/100 psn|[from] psn\n|upkeep\n|turn|4\n|\n|t:|1776184529\n|move|p1b: Aerodactyl|Rock Slide|p2a: Palafin|[spread] p2a\n|-miss|p1b: Aerodactyl|p2b: Gengar\n|-damage|p2a: Palafin|74/100\n|move|p1a: Milotic|Scald|p2b: Gengar\n|-damage|p2b: Gengar|0 fnt\n|faint|p2b: Gengar\n|move|p2a: Palafin|Bulk Up|p2a: Palafin\n|-boost|p2a: Palafin|atk|1\n|-boost|p2a: Palafin|def|1\n|\n|-heal|p1a: Milotic|94/100 psn|[from] item: Leftovers\n|-damage|p1a: Milotic|82/100 psn|[from] psn\n|-end|p1b: Aerodactyl|move: Taunt\n|-sideend|p1: mudfellakipa888|move: Tailwind\n|upkeep\n|\n|t:|1776184537\n|switch|p2b: Clefable|Clefable, L50, F|100/100\n|turn|5\n|\n|t:|1776184549\n|move|p1b: Aerodactyl|Taunt|p2a: Palafin\n|-start|p2a: Palafin|move: Taunt\n|cant|p2a: Palafin|move: Taunt|Bulk Up\n|move|p1a: Milotic|Scald|p2a: Palafin\n|-resisted|p2a: Palafin|1\n|-damage|p2a: Palafin|57/100\n|move|p2b: Clefable|Life Dew||[still]|[spread] p2a,p2b\n|-heal|p2a: Palafin|82/100\n|-fail|p2b: Clefable|heal\n|\n|-heal|p1a: Milotic|88/100 psn|[from] item: Leftovers\n|-damage|p1a: Milotic|76/100 psn|[from] psn\n|upkeep\n|turn|6\n|\n|t:|1776184576\n|move|p1b: Aerodactyl|Tailwind|p1b: Aerodactyl\n|-sidestart|p1: mudfellakipa888|move: Tailwind\n|move|p1a: Milotic|Scald|p2a: Palafin\n|-resisted|p2a: Palafin|1\n|-damage|p2a: Palafin|64/100\n|-status|p2a: Palafin|brn\n|move|p2a: Palafin|Drain Punch|p1b: Aerodactyl\n|-crit|p1b: Aerodactyl\n|-damage|p1b: Aerodactyl|42/100\n|-heal|p2a: Palafin|90/100 brn|[from] drain|[of] p1b: Aerodactyl\n|move|p2b: Clefable|Moonblast|p1b: Aerodactyl\n|-damage|p1b: Aerodactyl|0 fnt\n|-enditem|p2a: Palafin|Lum Berry|[eat]\n|-curestatus|p2a: Palafin|brn|[msg]\n|faint|p1b: Aerodactyl\n|\n|-heal|p1a: Milotic|82/100 psn|[from] item: Leftovers\n|-damage|p1a: Milotic|70/100 psn|[from] psn\n|upkeep\n|\n|t:|1776184592\n|switch|p1b: Charizard|Charizard, L50, M|100/100\n|turn|7\n|\n|t:|1776184608\n|detailschange|p1b: Charizard|Charizard-Mega-Y, L50, M\n|-mega|p1b: Charizard|Charizard|Charizardite Y\n|-weather|SunnyDay|[from] ability: Drought|[of] p1b: Charizard\n|move|p2b: Clefable|Follow Me|p2b: Clefable\n|-singleturn|p2b: Clefable|move: Follow Me\n|move|p2a: Palafin|Jet Punch|p1b: Charizard\n|-supereffective|p1b: Charizard|1\n|-damage|p1b: Charizard|11/100\n|move|p1b: Charizard|Solar Beam||[still]\n|-prepare|p1b: Charizard|Solar Beam\n|-anim|p1b: Charizard|Solar Beam|p2b: Clefable\n|-damage|p2b: Clefable|60/100\n|move|p1a: Milotic|Scald|p2b: Clefable\n|-damage|p2b: Clefable|45/100\n|-enditem|p2b: Clefable|Sitrus Berry|[eat]\n|-heal|p2b: Clefable|69/100|[from] item: Sitrus Berry\n|\n|-weather|SunnyDay|[upkeep]\n|-heal|p1a: Milotic|76/100 psn|[from] item: Leftovers\n|-damage|p1a: Milotic|63/100 psn|[from] psn\n|-end|p2a: Palafin|move: Taunt\n|upkeep\n|turn|8\n|\n|t:|1776184648\n|move|p1b: Charizard|Protect|p1b: Charizard\n|-singleturn|p1b: Charizard|Protect\n|move|p2a: Palafin|Jet Punch|p1b: Charizard\n|-activate|p1b: Charizard|move: Protect\n|move|p1a: Milotic|Scald|p2a: Palafin\n|-resisted|p2a: Palafin|1\n|-damage|p2a: Palafin|82/100\n|-status|p2a: Palafin|brn\n|move|p2b: Clefable|Life Dew|p2b: Clefable|[spread] p2a,p2b\n|-heal|p2a: Palafin|100/100 brn\n|-heal|p2b: Clefable|95/100\n|\n|-weather|SunnyDay|[upkeep]\n|-heal|p1a: Milotic|70/100 psn|[from] item: Leftovers\n|-damage|p1a: Milotic|57/100 psn|[from] psn\n|-damage|p2a: Palafin|95/100 brn|[from] brn\n|upkeep\n|turn|9\n|\n|t:|1776184666\n|move|p2a: Palafin|Jet Punch|p1b: Charizard\n|-supereffective|p1b: Charizard|1\n|-damage|p1b: Charizard|0 fnt\n|faint|p1b: Charizard\n|move|p1a: Milotic|Scald|p2b: Clefable\n|-damage|p2b: Clefable|81/100\n|move|p2b: Clefable|Moonblast|p1a: Milotic\n|-damage|p1a: Milotic|32/100 psn\n|\n|-weather|SunnyDay|[upkeep]\n|-heal|p1a: Milotic|38/100 psn|[from] item: Leftovers\n|-damage|p1a: Milotic|26/100 psn|[from] psn\n|-damage|p2a: Palafin|89/100 brn|[from] brn\n|-sideend|p1: mudfellakipa888|move: Tailwind\n|upkeep\n|\n|t:|1776184670\n|switch|p1b: Garchomp|Garchomp, L50, M|100/100\n|turn|10\n|\n|t:|1776184698\n|move|p1b: Garchomp|Swords Dance|p1b: Garchomp\n|-boost|p1b: Garchomp|atk|2\n|move|p2a: Palafin|Drain Punch|p1a: Milotic\n|-damage|p1a: Milotic|0 fnt\n|-heal|p2a: Palafin|100/100 brn|[from] drain|[of] p1a: Milotic\n|faint|p1a: Milotic\n|move|p2b: Clefable|Moonblast|p1b: Garchomp\n|-supereffective|p1b: Garchomp|1\n|-damage|p1b: Garchomp|38/100\n|\n|-weather|SunnyDay|[upkeep]\n|-damage|p2a: Palafin|95/100 brn|[from] brn\n|upkeep\n|turn|11\n|\n|t:|1776184722\n|move|p2a: Palafin|Jet Punch|p1b: Garchomp\n|-damage|p1b: Garchomp|22/100\n|-damage|p2a: Palafin|83/100 brn|[from] ability: Rough Skin|[of] p1b: Garchomp\n|move|p1b: Garchomp|Earthquake|p2b: Clefable|[spread] p2a,p2b\n|-damage|p2a: Palafin|16/100 brn\n|-damage|p2b: Clefable|32/100\n|move|p2b: Clefable|Moonblast|p1b: Garchomp\n|-supereffective|p1b: Garchomp|1\n|-damage|p1b: Garchomp|0 fnt\n|faint|p1b: Garchomp\n|\n|win|LUWITE\n|raw|mudfellakipa888's rating: 1160 &rarr; <strong>1132</strong><br />(-28 for losing)\n|raw|LUWITE's rating: 1118 &rarr; <strong>1146</strong><br />(+28 for winning)\n|l|\u2606mudfellakipa888\n|player|p1|\n",
  "uploadtime": 1776184735,
  "views": 16,
  "formatid": "gen9championsvgc2026regma",
  "rating": 1132,
  "private": 0,
  "password": null
}