{
  "id": "gen9championsvgc2026regma-2586012104",
  "format": "[Gen 9 Champions] VGC 2026 Reg M-A",
  "players": [
    "Saachan46",
    "u0y98g"
  ],
  "log": "|j|\u2606Saachan46\n|j|\u2606u0y98g\n|t:|1776390139\n|gametype|doubles\n|player|p1|Saachan46|170|1158\n|player|p2|u0y98g|266|1120\n|gen|9\n|tier|[Gen 9 Champions] VGC 2026 Reg M-A\n|rated|\n|rule|Species Clause: Limit one of each Pok\u00e9mon\n|rule|Item Clause: Limit 1 of each item\n|clearpoke\n|poke|p1|Floette-Eternal, L50, F|\n|poke|p1|Aegislash, L50, M|\n|poke|p1|Incineroar, L50, M|\n|poke|p1|Sneasler, L50, M|\n|poke|p1|Rotom-Wash, L50|\n|poke|p1|Greninja-*, L50, M|\n|poke|p2|Kangaskhan, L50, F|\n|poke|p2|Aegislash, L50, F|\n|poke|p2|Meganium, L50, F|\n|poke|p2|Rotom-Wash, L50|\n|poke|p2|Aerodactyl, L50, M|\n|poke|p2|Delphox, L50, F|\n|teampreview|4\n|inactive|Battle timer is ON: inactive players will automatically lose when time's up. (requested by Saachan46)\n|\n|t:|1776390218\n|teamsize|p1|4\n|teamsize|p2|4\n|start\n|switch|p1a: Greninja|Greninja, L50, M|100/100\n|switch|p1b: Sneasler|Sneasler, L50, M|100/100\n|switch|p2a: Kangaskhan|Kangaskhan, L50, F|100/100\n|switch|p2b: Aerodactyl|Aerodactyl, L50, M|100/100\n|turn|1\n|inactive|Saachan46 has 30 seconds left.\n|\n|t:|1776390252\n|detailschange|p1a: Greninja|Greninja-Mega, L50, M\n|-mega|p1a: Greninja|Greninja|Greninjite\n|move|p1b: Sneasler|Fake Out|p2a: Kangaskhan\n|-damage|p2a: Kangaskhan|83/100\n|cant|p2a: Kangaskhan|flinch\n|move|p1a: Greninja|Water Shuriken|p2b: Aerodactyl\n|-start|p1a: Greninja|typechange|Water|[from] ability: Protean\n|-supereffective|p2b: Aerodactyl|1\n|-damage|p2b: Aerodactyl|76/100\n|-supereffective|p2b: Aerodactyl|1\n|-damage|p2b: Aerodactyl|50/100\n|-supereffective|p2b: Aerodactyl|1\n|-damage|p2b: Aerodactyl|23/100\n|-supereffective|p2b: Aerodactyl|1\n|-damage|p2b: Aerodactyl|0 fnt\n|faint|p2b: Aerodactyl\n|-hitcount|p2: Aerodactyl|4\n|\n|upkeep\n|\n|t:|1776390274\n|switch|p2b: Rotom|Rotom-Wash, L50|100/100\n|turn|2\n|\n|t:|1776390281\n|switch|p2a: Aegislash|Aegislash, L50, F|100/100\n|move|p1a: Greninja|Protect|p1a: Greninja\n|-singleturn|p1a: Greninja|Protect\n|move|p1b: Sneasler|Close Combat|p2a: Aegislash\n|-immune|p2a: Aegislash\n|move|p2b: Rotom|Thunderbolt|p1a: Greninja\n|-activate|p1a: Greninja|move: Protect\n|\n|upkeep\n|turn|3\n|inactive|Saachan46 has 30 seconds left.\n|\n|t:|1776390306\n|switch|p1b: Incineroar|Incineroar, L50, M|100/100\n|-ability|p1b: Incineroar|Intimidate|boost\n|-unboost|p2a: Aegislash|atk|1\n|-unboost|p2b: Rotom|atk|1\n|move|p2a: Aegislash|King's Shield|p2a: Aegislash\n|-singleturn|p2a: Aegislash|Protect\n|move|p1a: Greninja|Dark Pulse|p2a: Aegislash\n|-activate|p2a: Aegislash|move: Protect\n|move|p2b: Rotom|Thunderbolt|p1a: Greninja\n|-supereffective|p1a: Greninja|1\n|-damage|p1a: Greninja|0 fnt\n|faint|p1a: Greninja\n|\n|upkeep\n|\n|t:|1776390319\n|switch|p1a: Rotom|Rotom-Wash, L50|100/100\n|turn|4\n|\n|t:|1776390328\n|switch|p2a: Kangaskhan|Kangaskhan, L50, F|83/100\n|move|p1b: Incineroar|Fake Out|p2b: Rotom\n|-damage|p2b: Rotom|88/100\n|move|p1a: Rotom|Thunderbolt|p2a: Kangaskhan\n|-damage|p2a: Kangaskhan|38/100\n|cant|p2b: Rotom|flinch\n|\n|upkeep\n|turn|5\n|\n|t:|1776390350\n|switch|p1b: Sneasler|Sneasler, L50, M|100/100\n|move|p2a: Kangaskhan|Fake Out|p1b: Sneasler\n|-damage|p1b: Sneasler|73/100\n|move|p1a: Rotom|Thunderbolt|p2a: Kangaskhan\n|-damage|p2a: Kangaskhan|0 fnt\n|faint|p2a: Kangaskhan\n|move|p2b: Rotom|Thunderbolt|p1a: Rotom\n|-damage|p1a: Rotom|45/100\n|\n|upkeep\n|\n|t:|1776390359\n|switch|p2a: Aegislash|Aegislash, L50, F|100/100\n|turn|6\n|\n|t:|1776390371\n|move|p2b: Rotom|Protect|p2b: Rotom\n|-singleturn|p2b: Rotom|Protect\n|move|p2a: Aegislash|King's Shield|p2a: Aegislash\n|-singleturn|p2a: Aegislash|Protect\n|move|p1a: Rotom|Thunderbolt|p2b: Rotom\n|-activate|p2b: Rotom|move: Protect\n|move|p1b: Sneasler|Dire Claw|p2b: Rotom\n|-activate|p2b: Rotom|move: Protect\n|\n|upkeep\n|turn|7\n|\n|t:|1776390378\n|move|p1a: Rotom|Thunderbolt|p2b: Rotom\n|-damage|p2b: Rotom|43/100\n|-enditem|p2b: Rotom|Sitrus Berry|[eat]\n|-heal|p2b: Rotom|67/100|[from] item: Sitrus Berry\n|move|p1b: Sneasler|Dire Claw|p2b: Rotom\n|-damage|p2b: Rotom|21/100\n|move|p2b: Rotom|Thunderbolt|p1a: Rotom\n|-damage|p1a: Rotom|0 fnt\n|faint|p1a: Rotom\n|move|p2a: Aegislash|Swords Dance|p2a: Aegislash\n|-boost|p2a: Aegislash|atk|2\n|\n|upkeep\n|\n|t:|1776390386\n|switch|p1a: Incineroar|Incineroar, L50, M|100/100\n|-ability|p1a: Incineroar|Intimidate|boost\n|-unboost|p2a: Aegislash|atk|1\n|-unboost|p2b: Rotom|atk|1\n|turn|8\n|\n|t:|1776390403\n|move|p1b: Sneasler|Protect|p1b: Sneasler\n|-singleturn|p1b: Sneasler|Protect\n|move|p2b: Rotom|Protect|p2b: Rotom\n|-singleturn|p2b: Rotom|Protect\n|move|p1a: Incineroar|Flare Blitz|p2a: Aegislash\n|-supereffective|p2a: Aegislash|1\n|-damage|p2a: Aegislash|24/100\n|-damage|p1a: Incineroar|80/100|[from] Recoil\n|-formechange|p2a: Aegislash|Aegislash-Blade|\n|move|p2a: Aegislash|Iron Head|p1b: Sneasler\n|-activate|p1b: Sneasler|move: Protect\n|\n|upkeep\n|turn|9\n|\n|t:|1776390418\n|move|p1b: Sneasler|Dire Claw|p2b: Rotom\n|-damage|p2b: Rotom|0 fnt\n|faint|p2b: Rotom\n|move|p1a: Incineroar|Flare Blitz|p2a: Aegislash\n|-supereffective|p2a: Aegislash|1\n|-damage|p2a: Aegislash|0 fnt\n|faint|p2a: Aegislash\n|-damage|p1a: Incineroar|73/100|[from] Recoil\n|\n|win|Saachan46\n|raw|Saachan46's rating: 1158 &rarr; <strong>1180</strong><br />(+22 for winning)\n|raw|u0y98g's rating: 1120 &rarr; <strong>1098</strong><br />(-22 for losing)\n",
  "uploadtime": 1776390418,
  "views": 23,
  "formatid": "gen9championsvgc2026regma",
  "rating": 1098,
  "private": 0,
  "password": null
}