{
  "id": "gen9championsvgc2026regma-2583036675",
  "format": "[Gen 9 Champions] VGC 2026 Reg M-A",
  "players": [
    "Lenghong",
    "Mentalsyndrome"
  ],
  "log": "|j|\u2606Lenghong\n|j|\u2606Mentalsyndrome\n|t:|1776135459\n|gametype|doubles\n|player|p1|Lenghong|hilda|1282\n|player|p2|Mentalsyndrome|1|1217\n|gen|9\n|tier|[Gen 9 Champions] VGC 2026 Reg M-A\n|rated|\n|rule|Species Clause: Limit one of each Pok\u00e9mon\n|rule|Item Clause: Limit 1 of each item\n|clearpoke\n|poke|p1|Espathra, L50, F|\n|poke|p1|Meowstic, L50, M|\n|poke|p1|Whimsicott, L50, F|\n|poke|p1|Charizard, L50, F|\n|poke|p1|Gardevoir, L50, F|\n|poke|p1|Incineroar, L50, M|\n|poke|p2|Bastiodon, L50, F|\n|poke|p2|Hawlucha, L50, F|\n|poke|p2|Milotic, L50, M|\n|poke|p2|Excadrill, L50, F|\n|poke|p2|Farigiraf, L50, M|\n|poke|p2|Tyranitar, L50, F|\n|teampreview|4\n|inactive|Battle timer is ON: inactive players will automatically lose when time's up. (requested by Mentalsyndrome)\n|\n|t:|1776135480\n|teamsize|p1|4\n|teamsize|p2|4\n|start\n|switch|p1a: Charizard|Charizard, L50, F|100/100\n|switch|p1b: Whimsicott|Whimsicott, L50, F|100/100\n|switch|p2a: Milotic|Milotic, L50, M|100/100\n|switch|p2b: Bastiodon|Bastiodon, L50, F|100/100\n|turn|1\n|\n|t:|1776135493\n|move|p1b: Whimsicott|Sunny Day|p1b: Whimsicott\n|-weather|SunnyDay\n|move|p1a: Charizard|Heat Wave|p2a: Milotic|[spread] p2a,p2b\n|-resisted|p2a: Milotic|1\n|-damage|p2a: Milotic|73/100\n|-damage|p2b: Bastiodon|39/100\n|move|p2a: Milotic|Hypnosis|p1a: Charizard\n|-status|p1a: Charizard|slp|[from] move: Hypnosis\n|move|p2b: Bastiodon|Fissure|p1b: Whimsicott\n|-enditem|p1b: Whimsicott|Focus Sash\n|-damage|p1b: Whimsicott|1/100\n|\n|-weather|SunnyDay|[upkeep]\n|-damage|p1a: Charizard|88/100 slp|[from] ability: Solar Power|[of] p1a: Charizard\n|-heal|p2a: Milotic|79/100|[from] item: Leftovers\n|upkeep\n|turn|2\n|\n|t:|1776135506\n|move|p1b: Whimsicott|Encore|p2a: Milotic\n|-start|p2a: Milotic|Encore\n|cant|p1a: Charizard|slp\n|move|p2a: Milotic|Hypnosis|p1a: Charizard\n|-fail|p1a: Charizard|slp\n|move|p2b: Bastiodon|Body Press|p1b: Whimsicott\n|-resisted|p1b: Whimsicott|1\n|-damage|p1b: Whimsicott|0 fnt\n|faint|p1b: Whimsicott\n|\n|-weather|SunnyDay|[upkeep]\n|-damage|p1a: Charizard|76/100 slp|[from] ability: Solar Power|[of] p1a: Charizard\n|-heal|p2a: Milotic|85/100|[from] item: Leftovers\n|upkeep\n|\n|t:|1776135516\n|switch|p1b: Incineroar|Incineroar, L50, M|100/100\n|-ability|p1b: Incineroar|Intimidate|boost\n|-unboost|p2a: Milotic|atk|1\n|-ability|p2a: Milotic|Competitive|boost\n|-boost|p2a: Milotic|spa|2\n|-unboost|p2b: Bastiodon|atk|1\n|turn|3\n|\n|t:|1776135525\n|move|p1b: Incineroar|Fake Out|p2b: Bastiodon\n|-resisted|p2b: Bastiodon|2\n|-damage|p2b: Bastiodon|38/100\n|cant|p1a: Charizard|slp\n|move|p2a: Milotic|Hypnosis|p1b: Incineroar\n|-status|p1b: Incineroar|slp|[from] move: Hypnosis\n|cant|p2b: Bastiodon|flinch\n|\n|-weather|SunnyDay|[upkeep]\n|-damage|p1a: Charizard|64/100 slp|[from] ability: Solar Power|[of] p1a: Charizard\n|-heal|p2a: Milotic|91/100|[from] item: Leftovers\n|upkeep\n|turn|4\n|\n|t:|1776135538\n|switch|p1b: Gardevoir|Gardevoir, L50, F, shiny|100/100\n|-ability|p1b: Gardevoir|Competitive|Trace|[from] ability: Trace|[of] p2a: Milotic\n|-curestatus|p1a: Charizard|slp|[msg]\n|move|p1a: Charizard|Heat Wave|p2b: Bastiodon|[spread] p2a\n|-miss|p1a: Charizard|p2b: Bastiodon\n|-resisted|p2a: Milotic|1\n|-damage|p2a: Milotic|66/100\n|move|p2a: Milotic|Hypnosis|p1a: Charizard|[miss]\n|-miss|p2a: Milotic|p1a: Charizard\n|move|p2b: Bastiodon|Body Press|p1b: Gardevoir\n|-resisted|p1b: Gardevoir|2\n|-damage|p1b: Gardevoir|89/100\n|\n|-weather|SunnyDay|[upkeep]\n|-damage|p1a: Charizard|51/100|[from] ability: Solar Power|[of] p1a: Charizard\n|-heal|p2a: Milotic|72/100|[from] item: Leftovers\n|-end|p2a: Milotic|Encore\n|upkeep\n|turn|5\n|\n|t:|1776135551\n|switch|p2b: Tyranitar|Tyranitar, L50, F|100/100\n|-weather|Sandstorm|[from] ability: Sand Stream|[of] p2b: Tyranitar\n|detailschange|p1b: Gardevoir|Gardevoir-Mega, L50, F, shiny\n|-mega|p1b: Gardevoir|Gardevoir|Gardevoirite\n|move|p1a: Charizard|Heat Wave|p2a: Milotic|[spread] p2a,p2b\n|-resisted|p2a: Milotic|1\n|-resisted|p2b: Tyranitar|1\n|-damage|p2a: Milotic|61/100\n|-damage|p2b: Tyranitar|91/100\n|move|p1b: Gardevoir|Hyper Voice|p2a: Milotic|[spread] p2a,p2b\n|-supereffective|p2b: Tyranitar|1\n|-damage|p2a: Milotic|26/100\n|-damage|p2b: Tyranitar|34/100\n|move|p2a: Milotic|Scald|p1a: Charizard\n|-supereffective|p1a: Charizard|1\n|-damage|p1a: Charizard|0 fnt\n|faint|p1a: Charizard\n|\n|-weather|Sandstorm|[upkeep]\n|-damage|p1b: Gardevoir|83/100|[from] Sandstorm\n|-damage|p2a: Milotic|20/100|[from] Sandstorm\n|-heal|p2a: Milotic|26/100|[from] item: Leftovers\n|upkeep\n|\n|t:|1776135563\n|switch|p1a: Incineroar|Incineroar, L50, M|100/100 slp\n|-ability|p1a: Incineroar|Intimidate|boost\n|-unboost|p2a: Milotic|atk|1\n|-ability|p2a: Milotic|Competitive|boost\n|-boost|p2a: Milotic|spa|2\n|-unboost|p2b: Tyranitar|atk|1\n|turn|6\n|\n|t:|1776135583\n|detailschange|p2b: Tyranitar|Tyranitar-Mega, L50, F\n|-mega|p2b: Tyranitar|Tyranitar|Tyranitarite\n|cant|p1a: Incineroar|slp\n|move|p1b: Gardevoir|Hyper Voice|p2b: Tyranitar|[spread] p2a,p2b\n|-supereffective|p2b: Tyranitar|1\n|-damage|p2a: Milotic|0 fnt\n|-damage|p2b: Tyranitar|0 fnt\n|faint|p2a: Milotic\n|faint|p2b: Tyranitar\n|\n|-weather|Sandstorm|[upkeep]\n|-damage|p1b: Gardevoir|78/100|[from] Sandstorm\n|-damage|p1a: Incineroar|94/100 slp|[from] Sandstorm\n|upkeep\n|\n|t:|1776135585\n|switch|p2b: Bastiodon|Bastiodon, L50, F|38/100\n|switch|p2a: Excadrill|Excadrill, L50, F|100/100\n|turn|7\n|\n|t:|1776135594\n|move|p1b: Gardevoir|Protect|p1b: Gardevoir\n|-singleturn|p1b: Gardevoir|Protect\n|move|p2a: Excadrill|Iron Head|p1b: Gardevoir\n|-activate|p1b: Gardevoir|move: Protect\n|-curestatus|p1a: Incineroar|slp|[msg]\n|move|p1a: Incineroar|Flare Blitz|p2a: Excadrill\n|-supereffective|p2a: Excadrill|1\n|-enditem|p2a: Excadrill|Focus Sash\n|-damage|p2a: Excadrill|1/100\n|-damage|p1a: Incineroar|64/100|[from] Recoil\n|move|p2b: Bastiodon|Body Press|p1a: Incineroar\n|-supereffective|p1a: Incineroar|1\n|-damage|p1a: Incineroar|9/100\n|-enditem|p1a: Incineroar|Sitrus Berry|[eat]\n|-heal|p1a: Incineroar|34/100|[from] item: Sitrus Berry\n|\n|-weather|Sandstorm|[upkeep]\n|-damage|p1b: Gardevoir|72/100|[from] Sandstorm\n|-damage|p1a: Incineroar|28/100|[from] Sandstorm\n|upkeep\n|turn|8\n|\n|t:|1776135603\n|move|p1b: Gardevoir|Protect|p1b: Gardevoir\n|-singleturn|p1b: Gardevoir|Protect\n|move|p2a: Excadrill|Iron Head|p1b: Gardevoir\n|-activate|p1b: Gardevoir|move: Protect\n|move|p1a: Incineroar|Flare Blitz|p2a: Excadrill\n|-supereffective|p2a: Excadrill|1\n|-damage|p2a: Excadrill|0 fnt\n|faint|p2a: Excadrill\n|-damage|p1a: Incineroar|27/100|[from] Recoil\n|move|p2b: Bastiodon|Body Press|p1a: Incineroar\n|-supereffective|p1a: Incineroar|1\n|-damage|p1a: Incineroar|0 fnt\n|faint|p1a: Incineroar\n|\n|-weather|Sandstorm|[upkeep]\n|-damage|p1b: Gardevoir|66/100|[from] Sandstorm\n|upkeep\n|turn|9\n|\n|t:|1776135607\n|move|p1b: Gardevoir|Expanding Force|p2b: Bastiodon\n|-resisted|p2b: Bastiodon|1\n|-damage|p2b: Bastiodon|23/100\n|move|p2b: Bastiodon|Fissure|p1b: Gardevoir|[miss]\n|-miss|p2b: Bastiodon|p1b: Gardevoir\n|\n|-weather|none\n|upkeep\n|turn|10\n|\n|t:|1776135615\n|move|p1b: Gardevoir|Hyper Voice|p2b: Bastiodon|[miss]\n|-miss|p1b: Gardevoir|p2b: Bastiodon\n|move|p2b: Bastiodon|Fissure|p1b: Gardevoir|[miss]\n|-miss|p2b: Bastiodon|p1b: Gardevoir\n|\n|upkeep\n|turn|11\n|\n|t:|1776135620\n|move|p1b: Gardevoir|Expanding Force|p2b: Bastiodon|[miss]\n|-miss|p1b: Gardevoir|p2b: Bastiodon\n|move|p2b: Bastiodon|Fissure|p1b: Gardevoir\n|-damage|p1b: Gardevoir|0 fnt\n|faint|p1b: Gardevoir\n|-ohko\n|\n|win|Mentalsyndrome\n|raw|Lenghong's rating: 1282 &rarr; <strong>1252</strong><br />(-30 for losing)\n|raw|Mentalsyndrome's rating: 1217 &rarr; <strong>1247</strong><br />(+30 for winning)\n",
  "uploadtime": 1776135627,
  "views": 40,
  "formatid": "gen9championsvgc2026regma",
  "rating": 1247,
  "private": 0,
  "password": null
}