{
  "id": "gen9championsvgc2026regma-2583432886",
  "format": "[Gen 9 Champions] VGC 2026 Reg M-A",
  "players": [
    "Lolitcher",
    "Sneaselpink"
  ],
  "log": "|j|\u2606Lolitcher\n|j|\u2606Sneaselpink\n|t:|1776175310\n|gametype|doubles\n|player|p1|Lolitcher|alder|1196\n|player|p2|Sneaselpink|silver|1264\n|gen|9\n|tier|[Gen 9 Champions] VGC 2026 Reg M-A\n|rated|\n|rule|Species Clause: Limit one of each Pok\u00e9mon\n|rule|Item Clause: Limit 1 of each item\n|clearpoke\n|poke|p1|Floette-Eternal, L50, F|\n|poke|p1|Incineroar, L50, F|\n|poke|p1|Sneasler, L50, M|\n|poke|p1|Charizard, L50, F|\n|poke|p1|Basculegion, L50, M|\n|poke|p1|Whimsicott, L50, M|\n|poke|p2|Aerodactyl, L50, F|\n|poke|p2|Scizor, L50, M|\n|poke|p2|Farigiraf, L50, M|\n|poke|p2|Chesnaught, L50, M|\n|poke|p2|Incineroar, L50, M|\n|poke|p2|Basculegion, L50, M|\n|teampreview|4\n|inactive|Battle timer is ON: inactive players will automatically lose when time's up. (requested by Lolitcher)\nLolitcher rejected open team sheets.\n|inactive|Lolitcher has 60 seconds left.\n|inactive|Sneaselpink has 60 seconds left.\n|\n|t:|1776175356\n|teamsize|p1|4\n|teamsize|p2|4\n|start\n|switch|p1a: Charizard|Charizard, L50, F|100/100\n|switch|p1b: Whimsicott|Whimsicott, L50, M|100/100\n|switch|p2a: Farigiraf|Farigiraf, L50, M|100/100\n|switch|p2b: Basculegion|Basculegion, L50, M|100/100\n|turn|1\n|inactive|Lolitcher has 30 seconds left.\n|inactive|Sneaselpink has 30 seconds left.\n|inactive|Lolitcher has 20 seconds left.\n|\n|t:|1776175392\n|switch|p1b: Incineroar|Incineroar, L50, F|100/100\n|-ability|p1b: Incineroar|Intimidate|boost\n|-unboost|p2a: Farigiraf|atk|1\n|-unboost|p2b: Basculegion|atk|1\n|detailschange|p1a: Charizard|Charizard-Mega-Y, L50, F\n|-mega|p1a: Charizard|Charizard|Charizardite Y\n|-weather|SunnyDay|[from] ability: Drought|[of] p1a: Charizard\n|move|p2b: Basculegion|Rain Dance|p2b: Basculegion\n|-weather|RainDance\n|move|p1a: Charizard|Solar Beam||[still]\n|-prepare|p1a: Charizard|Solar Beam\n|move|p2a: Farigiraf|Trick Room|p2a: Farigiraf\n|-fieldstart|move: Trick Room|[of] p2a: Farigiraf\n|\n|-weather|RainDance|[upkeep]\n|upkeep\n|turn|2\n|inactive|Sneaselpink has 30 seconds left.\n|\n|t:|1776175418\n|switch|p2b: Aerodactyl|Aerodactyl, L50, F|100/100\n|-ability|p2b: Aerodactyl|Unnerve\n|move|p1b: Incineroar|Fake Out||[still]\n|cant|p2a: Farigiraf|ability: Armor Tail|Fake Out|[of] p1b: Incineroar\n|move|p2a: Farigiraf|Psychic|p1a: Charizard\n|-damage|p1a: Charizard|63/100\n|-unboost|p1a: Charizard|spd|1\n|move|p1a: Charizard|Solar Beam|p2b: Aerodactyl|[from] lockedmove\n|-damage|p2b: Aerodactyl|68/100\n|\n|-weather|RainDance|[upkeep]\n|upkeep\n|turn|3\n|\n|t:|1776175443\n|switch|p1a: Sneasler|Sneasler, L50, M|100/100\n|-ability|p1a: Sneasler|Pressure\n|move|p2a: Farigiraf|Helping Hand|p2b: Aerodactyl\n|-singleturn|p2b: Aerodactyl|Helping Hand|[of] p2a: Farigiraf\n|move|p1b: Incineroar|Throat Chop|p2a: Farigiraf\n|-supereffective|p2a: Farigiraf|1\n|-damage|p2a: Farigiraf|41/100\n|-start|p2a: Farigiraf|Throat Chop|[silent]\n|-enditem|p2a: Farigiraf|Sitrus Berry|[eat]\n|-heal|p2a: Farigiraf|66/100|[from] item: Sitrus Berry\n|move|p2b: Aerodactyl|Rock Slide|p1b: Incineroar|[spread] p1a,p1b\n|-resisted|p1a: Sneasler|1\n|-supereffective|p1b: Incineroar|1\n|-damage|p1a: Sneasler|68/100\n|-damage|p1b: Incineroar|34/100\n|\n|-weather|RainDance|[upkeep]\n|upkeep\n|turn|4\n|inactive|Lolitcher has 30 seconds left.\n|\n|t:|1776175476\n|move|p2a: Farigiraf|Psychic|p1a: Sneasler\n|-supereffective|p1a: Sneasler|2\n|-damage|p1a: Sneasler|0 fnt\n|faint|p1a: Sneasler\n|move|p1b: Incineroar|Throat Chop|p2a: Farigiraf\n|-supereffective|p2a: Farigiraf|1\n|-damage|p2a: Farigiraf|7/100\n|move|p2b: Aerodactyl|Rock Slide|p1b: Incineroar\n|-supereffective|p1b: Incineroar|1\n|-damage|p1b: Incineroar|0 fnt\n|faint|p1b: Incineroar\n|\n|-weather|RainDance|[upkeep]\n|-end|p2a: Farigiraf|Throat Chop|[silent]\n|upkeep\n|\n|t:|1776175487\n|switch|p1b: Charizard|Charizard-Mega-Y, L50, F|63/100\n|switch|p1a: Whimsicott|Whimsicott, L50, M|100/100\n|-weather|SunnyDay|[from] ability: Drought|[of] p1b: Charizard\n|turn|5\n|\n|t:|1776175507\n|move|p1b: Charizard|Protect|p1b: Charizard\n|-singleturn|p1b: Charizard|Protect\n|move|p1a: Whimsicott|Tailwind|p1a: Whimsicott\n|-sidestart|p1: Lolitcher|move: Tailwind\n|move|p2a: Farigiraf|Psychic|p1b: Charizard\n|-activate|p1b: Charizard|move: Protect\n|move|p2b: Aerodactyl|Tailwind|p2b: Aerodactyl\n|-sidestart|p2: Sneaselpink|move: Tailwind\n|\n|-weather|SunnyDay|[upkeep]\n|-fieldend|move: Trick Room\n|upkeep\n|turn|6\n|\n|t:|1776175528\n|switch|p2b: Basculegion|Basculegion, L50, M|100/100\n|move|p1a: Whimsicott|Moonblast|p2b: Basculegion\n|-damage|p2b: Basculegion|59/100\n|move|p1b: Charizard|Heat Wave|p2b: Basculegion|[spread] p2a,p2b\n|-resisted|p2b: Basculegion|1\n|-damage|p2a: Farigiraf|0 fnt\n|-damage|p2b: Basculegion|24/100\n|faint|p2a: Farigiraf\n|\n|-weather|SunnyDay|[upkeep]\n|upkeep\n|\n|t:|1776175538\n|switch|p2a: Aerodactyl|Aerodactyl, L50, F|68/100\n|-ability|p2a: Aerodactyl|Unnerve\n|turn|7\n|\n|t:|1776175550\n|move|p1b: Charizard|Protect|p1b: Charizard\n|-singleturn|p1b: Charizard|Protect\n|move|p2a: Aerodactyl|Rock Slide|p1b: Charizard|[spread] p1a\n|-activate|p1b: Charizard|move: Protect\n|-damage|p1a: Whimsicott|65/100\n|move|p2b: Basculegion|Rain Dance|p2b: Basculegion\n|-weather|RainDance\n|cant|p1a: Whimsicott|flinch\n|\n|-weather|RainDance|[upkeep]\n|upkeep\n|turn|8\n|\n|t:|1776175565\n|switch|p2b: Scizor|Scizor, L50, M|100/100\n|move|p1a: Whimsicott|Sunny Day|p1a: Whimsicott\n|-weather|SunnyDay\n|move|p2a: Aerodactyl|Rock Slide|p1b: Charizard|[spread] p1a,p1b\n|-supereffective|p1b: Charizard|2\n|-damage|p1a: Whimsicott|25/100\n|-damage|p1b: Charizard|0 fnt\n|faint|p1b: Charizard\n|\n|-weather|SunnyDay|[upkeep]\n|-sideend|p2: Sneaselpink|move: Tailwind\n|-sideend|p1: Lolitcher|move: Tailwind\n|upkeep\n|turn|9\n|\n|t:|1776175578\n|detailschange|p2b: Scizor|Scizor-Mega, L50, M\n|-mega|p2b: Scizor|Scizor|Scizorite\n|move|p2b: Scizor|Bullet Punch|p1a: Whimsicott\n|-supereffective|p1a: Whimsicott|1\n|-damage|p1a: Whimsicott|0 fnt\n|faint|p1a: Whimsicott\n|\n|win|Sneaselpink\n|raw|Lolitcher's rating: 1196 &rarr; <strong>1176</strong><br />(-20 for losing)\n|raw|Sneaselpink's rating: 1264 &rarr; <strong>1284</strong><br />(+20 for winning)\n",
  "uploadtime": 1776175584,
  "views": 17,
  "formatid": "gen9championsvgc2026regma",
  "rating": 1176,
  "private": 0,
  "password": null
}