{
  "id": "gen9championsvgc2026regma-2587106107",
  "format": "[Gen 9 Champions] VGC 2026 Reg M-A",
  "players": [
    "Shanebiscuits",
    "Trainer Phi"
  ],
  "log": "|j|\u2606Shanebiscuits\n|j|\u2606Trainer Phi\n|t:|1776494216\n|gametype|doubles\n|player|p1|Shanebiscuits|swimmer-gen4dp|1000\n|player|p2|Trainer Phi|selene-masters2|1000\n|gen|9\n|tier|[Gen 9 Champions] VGC 2026 Reg M-A\n|rated|\n|rule|Species Clause: Limit one of each Pok\u00e9mon\n|rule|Item Clause: Limit 1 of each item\n|clearpoke\n|poke|p1|Ditto, L50|\n|poke|p1|Ceruledge, L50, M, shiny|\n|poke|p1|Gengar, L50, F, shiny|\n|poke|p1|Aegislash, L50, M|\n|poke|p1|Kingambit, L50, F|\n|poke|p1|Hatterene, L50, F, shiny|\n|poke|p2|Greninja, L50, M|\n|poke|p2|Aerodactyl, L50, M|\n|poke|p2|Sneasler, L50, F|\n|poke|p2|Lucario, L50, M|\n|poke|p2|Charizard, L50, F|\n|poke|p2|Maushold-Four, L50|\n|teampreview|4\n|\n|t:|1776494252\n|teamsize|p1|4\n|teamsize|p2|4\n|start\n|switch|p1a: Ditto|Ditto, L50|100/100\n|switch|p1b: Ceruledge|Ceruledge, L50, M, shiny|100/100\n|switch|p2a: Greninja|Greninja, L50, M|100/100\n|switch|p2b: Aerodactyl|Aerodactyl, L50, M|100/100\n|-ability|p2b: Aerodactyl|Unnerve\n|-transform|p1a: Ditto|p2b: Aerodactyl|[from] ability: Imposter\n|-ability|p1a: Ditto|Unnerve\n|turn|1\n|\n|t:|1776494265\n|detailschange|p2a: Greninja|Greninja-Mega, L50, M\n|-mega|p2a: Greninja|Greninja|Greninjite\n|move|p1b: Ceruledge|Protect|p1b: Ceruledge\n|-singleturn|p1b: Ceruledge|Protect\n|move|p2a: Greninja|Rock Slide|p1b: Ceruledge|[spread] p1a\n|-start|p2a: Greninja|typechange|Rock|[from] ability: Protean\n|-activate|p1b: Ceruledge|move: Protect\n|-supereffective|p1a: Ditto|1\n|-damage|p1a: Ditto|4/100\n|cant|p1a: Ditto|flinch\n|move|p2b: Aerodactyl|Rock Slide|p1a: Ditto|[spread] p1a\n|-activate|p1b: Ceruledge|move: Protect\n|-supereffective|p1a: Ditto|1\n|-damage|p1a: Ditto|0 fnt\n|faint|p1a: Ditto\n|\n|upkeep\n|\n|t:|1776494290\n|switch|p1a: Hatterene|Hatterene, L50, F, shiny|100/100\n|turn|2\n|inactive|Battle timer is ON: inactive players will automatically lose when time's up. (requested by Trainer Phi)\n|\n|t:|1776494325\n|move|p1a: Hatterene|Protect|p1a: Hatterene\n|-singleturn|p1a: Hatterene|Protect\n|move|p2a: Greninja|Gunk Shot|p1a: Hatterene\n|-activate|p1a: Hatterene|move: Protect\n|move|p2b: Aerodactyl|Dual Wingbeat|p1a: Hatterene\n|-activate|p1a: Hatterene|move: Protect\n|move|p1b: Ceruledge|Shadow Claw|p2b: Aerodactyl\n|-damage|p2b: Aerodactyl|46/100\n|\n|upkeep\n|turn|3\n|\n|t:|1776494345\n|move|p2b: Aerodactyl|Protect|p2b: Aerodactyl\n|-singleturn|p2b: Aerodactyl|Protect\n|move|p1b: Ceruledge|Protect|p1b: Ceruledge\n|-singleturn|p1b: Ceruledge|Protect\n|move|p2a: Greninja|Rock Slide|p1a: Hatterene|[spread] p1a\n|-activate|p1b: Ceruledge|move: Protect\n|-damage|p1a: Hatterene|66/100\n|move|p1a: Hatterene|Giga Drain|p2a: Greninja\n|-supereffective|p2a: Greninja|1\n|-damage|p2a: Greninja|16/100\n|-heal|p1a: Hatterene|100/100|[from] drain|[of] p2a: Greninja\n|\n|upkeep\n|turn|4\n|inactive|Shanebiscuits has 30 seconds left.\n|-activate|p1b: Ceruledge|item: Quick Claw\n|\n|t:|1776494376\n|move|p1b: Ceruledge|Bitter Blade|p2a: Greninja\n|-resisted|p2a: Greninja|1\n|-damage|p2a: Greninja|0 fnt\n|faint|p2a: Greninja\n|move|p2b: Aerodactyl|Rock Slide|p1b: Ceruledge|[spread] p1a,p1b\n|-supereffective|p1b: Ceruledge|1\n|-damage|p1a: Hatterene|62/100\n|-damage|p1b: Ceruledge|12/100\n|move|p1a: Hatterene|Giga Drain|p2b: Aerodactyl\n|-damage|p2b: Aerodactyl|7/100\n|-heal|p1a: Hatterene|85/100|[from] drain|[of] p2b: Aerodactyl\n|-heal|p1a: Hatterene|91/100|[from] item: Shell Bell|[of] p2b: Aerodactyl\n|\n|upkeep\n|\n|t:|1776494388\n|switch|p2a: Maushold|Maushold-Four, L50|100/100\n|turn|5\n|inactive|Shanebiscuits has 30 seconds left.\n|\n|t:|1776494418\n|move|p1b: Ceruledge|Protect|p1b: Ceruledge\n|-singleturn|p1b: Ceruledge|Protect\n|move|p2b: Aerodactyl|Rock Slide|p1b: Ceruledge|[spread] \n|-activate|p1b: Ceruledge|move: Protect\n|-miss|p2b: Aerodactyl|p1a: Hatterene\n|move|p2a: Maushold|Population Bomb|p1a: Hatterene\n|-damage|p1a: Hatterene|79/100\n|-damage|p1a: Hatterene|69/100\n|-damage|p1a: Hatterene|60/100\n|-damage|p1a: Hatterene|50/100\n|-hitcount|p1a: Hatterene|4\n|move|p1a: Hatterene|Giga Drain|p2b: Aerodactyl\n|-damage|p2b: Aerodactyl|0 fnt\n|-heal|p1a: Hatterene|54/100|[from] drain|[of] p2b: Aerodactyl\n|faint|p2b: Aerodactyl\n|-heal|p1a: Hatterene|55/100|[from] item: Shell Bell|[of] p2: Aerodactyl\n|\n|upkeep\n|\n|t:|1776494431\n|switch|p2b: Sneasler|Sneasler, L50, F|100/100\n|turn|6\n|inactive|Shanebiscuits has 30 seconds left.\n|\n|t:|1776494466\n|move|p2a: Maushold|Encore|p1b: Ceruledge\n|-start|p1b: Ceruledge|Encore\n|move|p1b: Ceruledge|Protect||[still]\n|-fail|p1b: Ceruledge\n|move|p2b: Sneasler|Dire Claw|p1a: Hatterene\n|-supereffective|p1a: Hatterene|1\n|-damage|p1a: Hatterene|0 fnt\n|faint|p1a: Hatterene\n|\n|upkeep\n|\n|t:|1776494472\n|switch|p1a: Gengar|Gengar, L50, F, shiny|100/100\n|turn|7\n|inactive|Shanebiscuits has 30 seconds left.\n|\n|t:|1776494498\n|detailschange|p1a: Gengar|Gengar-Mega, L50, F, shiny\n|-mega|p1a: Gengar|Gengar|Gengarite\n|move|p2b: Sneasler|Protect|p2b: Sneasler\n|-singleturn|p2b: Sneasler|Protect\n|move|p1b: Ceruledge|Protect|p1b: Ceruledge\n|-singleturn|p1b: Ceruledge|Protect\n|move|p1a: Gengar|Dazzling Gleam|p2b: Sneasler|[spread] p2a\n|-activate|p2b: Sneasler|move: Protect\n|-damage|p2a: Maushold|61/100\n|move|p2a: Maushold|Thunder Wave|p1a: Gengar\n|-status|p1a: Gengar|par\n|\n|upkeep\n|turn|8\n|\n|t:|1776494517\n|move|p1b: Ceruledge|Protect|p1b: Ceruledge\n|-singleturn|p1b: Ceruledge|Protect\n|move|p2a: Maushold|Thunder Wave|p1b: Ceruledge\n|-activate|p1b: Ceruledge|move: Protect\n|move|p2b: Sneasler|Rock Slide|p1a: Gengar|[spread] p1a\n|-activate|p1b: Ceruledge|move: Protect\n|-damage|p1a: Gengar|68/100 par\n|cant|p1a: Gengar|par\n|\n|-end|p1b: Ceruledge|Encore\n|upkeep\n|turn|9\n|\n|t:|1776494541\n|move|p2a: Maushold|Encore|p1b: Ceruledge\n|-start|p1b: Ceruledge|Encore\n|move|p1b: Ceruledge|Protect||[still]\n|-fail|p1b: Ceruledge\n|move|p2b: Sneasler|Rock Slide|p1b: Ceruledge|[spread] \n|-miss|p2b: Sneasler|p1a: Gengar\n|-miss|p2b: Sneasler|p1b: Ceruledge\n|move|p1a: Gengar|Toxic|p2a: Maushold\n|-status|p2a: Maushold|tox\n|\n|-damage|p2a: Maushold|55/100 tox|[from] psn\n|upkeep\n|turn|10\n|\n|t:|1776494555\n|move|p1b: Ceruledge|Protect|p1b: Ceruledge\n|-singleturn|p1b: Ceruledge|Protect\n|move|p2a: Maushold|Encore|p1a: Gengar\n|-start|p1a: Gengar|Encore\n|move|p2b: Sneasler|Rock Slide|p1b: Ceruledge|[spread] p1a\n|-activate|p1b: Ceruledge|move: Protect\n|-crit|p1a: Gengar\n|-damage|p1a: Gengar|17/100 par\n|move|p1a: Gengar|Toxic|p2b: Sneasler\n|-immune|p2b: Sneasler\n|\n|-damage|p2a: Maushold|43/100 tox|[from] psn\n|-end|p1b: Ceruledge|Encore\n|upkeep\n|turn|11\n|inactive|Shanebiscuits has 30 seconds left.\n|\n|t:|1776494584\n|move|p2a: Maushold|Encore||[still]\n|-fail|p2a: Maushold\n|move|p2b: Sneasler|Rock Slide|p1b: Ceruledge|[spread] p1a,p1b\n|-supereffective|p1b: Ceruledge|1\n|-damage|p1a: Gengar|0 fnt\n|-damage|p1b: Ceruledge|0 fnt\n|faint|p1a: Gengar\n|faint|p1b: Ceruledge\n|\n|win|Trainer Phi\n|raw|Shanebiscuits's rating: 1000 &rarr; <strong>1000</strong><br />(+0 for losing)\n|raw|Trainer Phi's rating: 1000 &rarr; <strong>1040</strong><br />(+40 for winning)\n|l|\u2606Shanebiscuits\n|player|p1|\n",
  "uploadtime": 1776494596,
  "views": 16,
  "formatid": "gen9championsvgc2026regma",
  "rating": 1000,
  "private": 0,
  "password": null
}