{
  "id": "gen9championsvgc2026regma-2581136337",
  "format": "[Gen 9 Champions] VGC 2026 Reg M-A",
  "players": [
    "lilsxooby",
    "alexzarded"
  ],
  "log": "|j|\u2606lilsxooby\n|j|\u2606alexzarded\n|t:|1775963369\n|gametype|doubles\n|player|p1|lilsxooby|benga|1040\n|player|p2|alexzarded|blackbelt-gen4|1042\n|gen|9\n|tier|[Gen 9 Champions] VGC 2026 Reg M-A\n|rated|\n|rule|Species Clause: Limit one of each Pok\u00e9mon\n|rule|Item Clause: Limit 1 of each item\n|clearpoke\n|poke|p1|Glimmora, L50, M|\n|poke|p1|Gardevoir, L50, F|\n|poke|p1|Delphox, L50, F|\n|poke|p1|Aerodactyl, L50, M|\n|poke|p1|Meowstic, L50, M|\n|poke|p1|Dragapult, L50, M|\n|poke|p2|Charizard, L50, M|\n|poke|p2|Venusaur, L50, M|\n|poke|p2|Garchomp, L50, M|\n|poke|p2|Rotom-Wash, L50|\n|poke|p2|Sneasler, L50, M|\n|poke|p2|Incineroar, L50, M|\n|teampreview|4\n|c|\u2606lilsxooby|glhf!\n|c|\u2606alexzarded|gl\nalexzarded rejected open team sheets.\n|\n|t:|1775963456\n|teamsize|p1|4\n|teamsize|p2|4\n|start\n|switch|p1a: Kevin Hart|Meowstic, L50, M|100/100\n|switch|p1b: Dragapult|Dragapult, L50, M|100/100\n|switch|p2a: Incineroar|Incineroar, L50, M|100/100\n|switch|p2b: Rotom|Rotom-Wash, L50, shiny|100/100\n|-ability|p2a: Incineroar|Intimidate|boost\n|-unboost|p1a: Kevin Hart|atk|1\n|-fail|p1b: Dragapult|unboost|[from] ability: Clear Body|[of] p1b: Dragapult\n|turn|1\n|\n|t:|1775963500\n|move|p1b: Dragapult|Protect|p1b: Dragapult\n|-singleturn|p1b: Dragapult|Protect\n|move|p2a: Incineroar|Fake Out|p1a: Kevin Hart\n|-damage|p1a: Kevin Hart|84/100\n|cant|p1a: Kevin Hart|flinch\n|move|p2b: Rotom|Will-O-Wisp|p1b: Dragapult\n|-activate|p1b: Dragapult|move: Protect\n|\n|upkeep\n|turn|2\n|\n|t:|1775963537\n|move|p1a: Kevin Hart|Helping Hand|p1b: Dragapult\n|-singleturn|p1b: Dragapult|Helping Hand|[of] p1a: Kevin Hart\n|move|p1b: Dragapult|Dragon Darts|p2a: Incineroar\n|-damage|p2a: Incineroar|54/100\n|-anim|p1b: Dragapult|Dragon Darts|p2b: Rotom\n|-damage|p2b: Rotom|62/100\n|move|p2b: Rotom|Will-O-Wisp|p1b: Dragapult\n|-status|p1b: Dragapult|brn\n|move|p2a: Incineroar|Darkest Lariat|p1a: Kevin Hart\n|-supereffective|p1a: Kevin Hart|1\n|-damage|p1a: Kevin Hart|0 fnt\n|faint|p1a: Kevin Hart\n|\n|-heal|p2b: Rotom|68/100|[from] item: Leftovers\n|-damage|p1b: Dragapult|94/100 brn|[from] brn\n|upkeep\n|\n|t:|1775963547\n|switch|p1a: Gardevoir|Gardevoir, L50, F|100/100\n|turn|3\n|\n|t:|1775963566\n|move|p2b: Rotom|Protect|p2b: Rotom\n|-singleturn|p2b: Rotom|Protect\n|move|p1b: Dragapult|Thunder Wave|p2a: Incineroar\n|-status|p2a: Incineroar|par\n|move|p1a: Gardevoir|Reflect|p1a: Gardevoir\n|-sidestart|p1: lilsxooby|Reflect\n|move|p2a: Incineroar|Parting Shot|p1a: Gardevoir\n|-unboost|p1a: Gardevoir|atk|1\n|-unboost|p1a: Gardevoir|spa|1\n|\n|t:|1775963577\n|switch|p2a: Sneasler|Sneasler, L50, M|100/100|[from] Parting Shot\n|\n|-heal|p2b: Rotom|74/100|[from] item: Leftovers\n|-damage|p1b: Dragapult|88/100 brn|[from] brn\n|upkeep\n|turn|4\n|\n|t:|1775963593\n|move|p2a: Sneasler|Fake Out|p1a: Gardevoir\n|-damage|p1a: Gardevoir|85/100\n|move|p1b: Dragapult|Dragon Darts|p2a: Sneasler\n|-damage|p2a: Sneasler|75/100\n|-anim|p1b: Dragapult|Dragon Darts|p2b: Rotom\n|-damage|p2b: Rotom|60/100\n|cant|p1a: Gardevoir|flinch\n|move|p2b: Rotom|Will-O-Wisp|p1a: Gardevoir\n|-status|p1a: Gardevoir|brn\n|\n|-heal|p2b: Rotom|66/100|[from] item: Leftovers\n|-damage|p1b: Dragapult|82/100 brn|[from] brn\n|-damage|p1a: Gardevoir|79/100 brn|[from] brn\n|upkeep\n|turn|5\n|\n|t:|1775963635\n|switch|p1a: Delphox|Delphox, L50, F|100/100\n|move|p1b: Dragapult|Thunder Wave|p2a: Sneasler\n|-status|p2a: Sneasler|par\n|move|p2b: Rotom|Hydro Pump|p1a: Delphox\n|-supereffective|p1a: Delphox|1\n|-damage|p1a: Delphox|3/100\n|move|p2a: Sneasler|Dire Claw|p1a: Delphox\n|-damage|p1a: Delphox|0 fnt\n|faint|p1a: Delphox\n|\n|-heal|p2b: Rotom|72/100|[from] item: Leftovers\n|-damage|p1b: Dragapult|76/100 brn|[from] brn\n|upkeep\n|c|\u2606lilsxooby|Oof\n|-message|lilsxooby forfeited.\n|\n|win|alexzarded\n|raw|lilsxooby's rating: 1040 &rarr; <strong>1024</strong><br />(-16 for losing)\n|raw|alexzarded's rating: 1042 &rarr; <strong>1076</strong><br />(+34 for winning)\n|l|\u2606lilsxooby\n|player|p1|\n|c|\u2606alexzarded|gg\n",
  "uploadtime": 1775963656,
  "views": 21,
  "formatid": "gen9championsvgc2026regma",
  "rating": 1024,
  "private": 0,
  "password": null
}