{
  "id": "gen9championsvgc2026regma-2585494633",
  "format": "[Gen 9 Champions] VGC 2026 Reg M-A",
  "players": [
    "sebweb1212",
    "coo1kid"
  ],
  "log": "|j|\u2606sebweb1212\n|j|\u2606coo1kid\n|t:|1776351341\n|gametype|doubles\n|player|p1|sebweb1212|266|\n|player|p2|coo1kid|hilbert|\n|gen|9\n|tier|[Gen 9 Champions] VGC 2026 Reg M-A\n|rule|Species Clause: Limit one of each Pok\u00e9mon\n|rule|Item Clause: Limit 1 of each item\n|clearpoke\n|poke|p1|Orthworm, L50, M|\n|poke|p1|Basculegion, L50, M|\n|poke|p1|Incineroar, L50, F|\n|poke|p1|Rotom-Frost, L50|\n|poke|p1|Froslass, L50, F|\n|poke|p1|Garchomp, L50, F|\n|poke|p2|Floette-Eternal, L50, F|\n|poke|p2|Whimsicott, L50, F|\n|poke|p2|Incineroar, L50, M|\n|poke|p2|Basculegion, L50, M|\n|poke|p2|Garchomp, L50, M|\n|poke|p2|Sinistcha-Masterpiece, L50|\n|teampreview|4\n|inactive|Battle timer is ON: inactive players will automatically lose when time's up. (requested by coo1kid)\n|\n|t:|1776351366\n|teamsize|p1|4\n|teamsize|p2|4\n|start\n|switch|p1a: Froslass|Froslass, L50, F|100/100\n|switch|p1b: Rotom|Rotom-Frost, L50|100/100\n|switch|p2a: Floette|Floette-Eternal, L50, F|100/100\n|switch|p2b: Whimsicott|Whimsicott, L50, F|100/100\n|turn|1\n|\n|t:|1776351378\n|detailschange|p1a: Froslass|Froslass-Mega, L50, F\n|-mega|p1a: Froslass|Froslass|Froslassite\n|-weather|Snowscape|[from] ability: Snow Warning|[of] p1a: Froslass\n|detailschange|p2a: Floette|Floette-Mega, L50, F\n|-mega|p2a: Floette|Floette|Floettite\n|-ability|p2a: Floette|Fairy Aura\n|move|p2b: Whimsicott|Tailwind|p2b: Whimsicott\n|-sidestart|p2: coo1kid|move: Tailwind\n|move|p2a: Floette|Dazzling Gleam|p1a: Froslass|[spread] p1a,p1b\n|-damage|p1a: Froslass|43/100\n|-damage|p1b: Rotom|42/100\n|move|p1a: Froslass|Blizzard|p2a: Floette|[spread] p2a,p2b\n|-supereffective|p2b: Whimsicott|1\n|-damage|p2a: Floette|59/100\n|-enditem|p2b: Whimsicott|Focus Sash\n|-damage|p2b: Whimsicott|1/100\n|-status|p2a: Floette|frz\n|move|p1b: Rotom|Blizzard|p2b: Whimsicott|[spread] p2a,p2b\n|-supereffective|p2b: Whimsicott|1\n|-damage|p2a: Floette|29/100 frz\n|-damage|p2b: Whimsicott|0 fnt\n|faint|p2b: Whimsicott\n|\n|-weather|Snowscape|[upkeep]\n|upkeep\n|\n|t:|1776351401\n|switch|p2b: Basculegion|Basculegion, L50, M|100/100\n|turn|2\n|\n|t:|1776351411\n|cant|p2a: Floette|frz\n|move|p1a: Froslass|Protect|p1a: Froslass\n|-singleturn|p1a: Froslass|Protect\n|move|p1b: Rotom|Protect|p1b: Rotom\n|-singleturn|p1b: Rotom|Protect\n|move|p2b: Basculegion|Last Respects|p1a: Froslass\n|-activate|p1a: Froslass|move: Protect\n|\n|-weather|Snowscape|[upkeep]\n|upkeep\n|turn|3\n|\n|t:|1776351429\n|switch|p1a: Incineroar|Incineroar, L50, F|100/100\n|-ability|p1a: Incineroar|Intimidate|boost\n|-unboost|p2a: Floette|atk|1\n|-unboost|p2b: Basculegion|atk|1\n|cant|p2a: Floette|frz\n|move|p2b: Basculegion|Last Respects|p1a: Incineroar\n|-resisted|p1a: Incineroar|1\n|-damage|p1a: Incineroar|75/100\n|move|p1b: Rotom|Thunderbolt|p2b: Basculegion\n|-supereffective|p2b: Basculegion|1\n|-damage|p2b: Basculegion|24/100\n|-status|p2b: Basculegion|par\n|\n|-weather|Snowscape|[upkeep]\n|upkeep\n|turn|4\n|\n|t:|1776351445\n|-curestatus|p2a: Floette|frz|[msg]\n|move|p2a: Floette|Protect|p2a: Floette\n|-singleturn|p2a: Floette|Protect\n|move|p1a: Incineroar|Fake Out|p2b: Basculegion\n|-immune|p2b: Basculegion\n|cant|p2b: Basculegion|par\n|move|p1b: Rotom|Blizzard|p2b: Basculegion|[spread] p2b\n|-activate|p2a: Floette|move: Protect\n|-resisted|p2b: Basculegion|1\n|-damage|p2b: Basculegion|5/100 par\n|\n|-weather|Snowscape|[upkeep]\n|-sideend|p2: coo1kid|move: Tailwind\n|upkeep\n|turn|5\n|\n|t:|1776351467\n|move|p2a: Floette|Light of Ruin|p1a: Incineroar\n|-damage|p1a: Incineroar|0 fnt\n|faint|p1a: Incineroar\n|-damage|p2a: Floette|0 fnt|[from] Recoil\n|faint|p2a: Floette\n|move|p1b: Rotom|Blizzard|p2b: Basculegion\n|-resisted|p2b: Basculegion|1\n|-damage|p2b: Basculegion|0 fnt\n|faint|p2b: Basculegion\n|\n|-weather|none\n|upkeep\n|\n|t:|1776351472\n|switch|p2b: Incineroar|Incineroar, L50, M|100/100\n|switch|p1a: Froslass|Froslass-Mega, L50, F|43/100\n|-weather|Snowscape|[from] ability: Snow Warning|[of] p1a: Froslass\n|-ability|p2b: Incineroar|Intimidate|boost\n|-unboost|p1a: Froslass|atk|1\n|-unboost|p1b: Rotom|atk|1\n|turn|6\n|inactive|coo1kid has 30 seconds left.\n|\n|t:|1776351500\n|move|p1a: Froslass|Protect|p1a: Froslass\n|-singleturn|p1a: Froslass|Protect\n|move|p1b: Rotom|Thunderbolt|p2b: Incineroar\n|-damage|p2b: Incineroar|77/100\n|move|p2b: Incineroar|Flare Blitz|p1a: Froslass\n|-activate|p1a: Froslass|move: Protect\n|\n|-weather|Snowscape|[upkeep]\n|-heal|p2b: Incineroar|83/100|[from] item: Leftovers\n|upkeep\n|turn|7\n|\n|t:|1776351517\n|move|p1a: Froslass|Blizzard|p2b: Incineroar\n|-resisted|p2b: Incineroar|1\n|-damage|p2b: Incineroar|60/100\n|-status|p2b: Incineroar|frz\n|move|p1b: Rotom|Thunderbolt|p2b: Incineroar\n|-damage|p2b: Incineroar|36/100 frz\n|-curestatus|p2b: Incineroar|frz|[from] move: Flare Blitz\n|move|p2b: Incineroar|Flare Blitz|p1a: Froslass\n|-supereffective|p1a: Froslass|1\n|-damage|p1a: Froslass|0 fnt\n|faint|p1a: Froslass\n|-damage|p2b: Incineroar|26/100|[from] Recoil\n|\n|-weather|Snowscape|[upkeep]\n|-heal|p2b: Incineroar|32/100|[from] item: Leftovers\n|upkeep\n|\n|t:|1776351520\n|switch|p1a: Garchomp|Garchomp, L50, F|100/100\n|turn|8\n|\n|t:|1776351536\n|move|p1b: Rotom|Helping Hand|p1a: Garchomp\n|-singleturn|p1a: Garchomp|Helping Hand|[of] p1b: Rotom\n|move|p2b: Incineroar|Protect|p2b: Incineroar\n|-singleturn|p2b: Incineroar|Protect\n|move|p1a: Garchomp|Earthquake|p2b: Incineroar|[spread] \n|-activate|p2b: Incineroar|move: Protect\n|-immune|p1b: Rotom|[from] ability: Levitate\n|\n|-weather|Snowscape|[upkeep]\n|-heal|p2b: Incineroar|38/100|[from] item: Leftovers\n|upkeep\n|turn|9\n|\n|t:|1776351547\n|move|p1b: Rotom|Helping Hand|p1a: Garchomp\n|-singleturn|p1a: Garchomp|Helping Hand|[of] p1b: Rotom\n|move|p1a: Garchomp|Earthquake|p2b: Incineroar|[spread] p2b\n|-immune|p1b: Rotom|[from] ability: Levitate\n|-supereffective|p2b: Incineroar|1\n|-damage|p2b: Incineroar|0 fnt\n|faint|p2b: Incineroar\n|\n|win|sebweb1212\n|l|\u2606coo1kid\n|player|p2|\n",
  "uploadtime": 1776351568,
  "views": 26,
  "formatid": "gen9championsvgc2026regma",
  "rating": null,
  "private": 0,
  "password": null
}