{
  "id": "gen9championsvgc2026regma-2584283826",
  "format": "[Gen 9 Champions] VGC 2026 Reg M-A",
  "players": [
    "Samubruni97",
    "SimMikaze"
  ],
  "log": "|j|\u2606Samubruni97\n|j|\u2606SimMikaze\n|t:|1776246964\n|gametype|doubles\n|player|p1|Samubruni97|red|1129\n|player|p2|SimMikaze|miku-ghost|1148\n|gen|9\n|tier|[Gen 9 Champions] VGC 2026 Reg M-A\n|rated|\n|rule|Species Clause: Limit one of each Pok\u00e9mon\n|rule|Item Clause: Limit 1 of each item\n|clearpoke\n|poke|p1|Incineroar, L50, M|\n|poke|p1|Aerodactyl, L50, M|\n|poke|p1|Floette-Eternal, L50, F|\n|poke|p1|Maushold-Four, L50|\n|poke|p1|Basculegion, L50, M|\n|poke|p1|Sneasler, L50, F|\n|poke|p2|Gengar, L50, M|\n|poke|p2|Maushold, L50|\n|poke|p2|Whimsicott, L50, M|\n|poke|p2|Incineroar, L50, M|\n|poke|p2|Blastoise, L50, M|\n|poke|p2|Kommo-o, L50, F|\n|teampreview|4\n|inactive|Battle timer is ON: inactive players will automatically lose when time's up. (requested by Samubruni97)\n|inactive|Samubruni97 has 60 seconds left.\n|inactive|Samubruni97 has 30 seconds left.\n|\n|t:|1776247026\n|teamsize|p1|4\n|teamsize|p2|4\n|start\n|switch|p1a: Floette|Floette-Eternal, L50, F|100/100\n|switch|p1b: Maushold|Maushold-Four, L50, shiny|100/100\n|switch|p2a: Gengar|Gengar, L50, M, shiny|100/100\n|switch|p2b: Incineroar|Incineroar, L50, M, shiny|100/100\n|-ability|p2b: Incineroar|Intimidate|boost\n|-unboost|p1a: Floette|atk|1\n|-unboost|p1b: Maushold|atk|1\n|turn|1\n|\n|t:|1776247047\n|detailschange|p2a: Gengar|Gengar-Mega, L50, M, shiny\n|-mega|p2a: Gengar|Gengar|Gengarite\n|move|p1b: Maushold|Protect|p1b: Maushold\n|-singleturn|p1b: Maushold|Protect\n|move|p1a: Floette|Protect|p1a: Floette\n|-singleturn|p1a: Floette|Protect\n|move|p2b: Incineroar|Fake Out|p1a: Floette\n|-activate|p1a: Floette|move: Protect\n|move|p2a: Gengar|Perish Song|p2a: Gengar\n|-start|p1a: Floette|perish3|[silent]\n|-start|p1b: Maushold|perish3|[silent]\n|-start|p2a: Gengar|perish3|[silent]\n|-start|p2b: Incineroar|perish3|[silent]\n|-fieldactivate|move: Perish Song\n|\n|-start|p2a: Gengar|perish3\n|-start|p1b: Maushold|perish3\n|-start|p1a: Floette|perish3\n|-start|p2b: Incineroar|perish3\n|upkeep\n|turn|2\n|\n|t:|1776247070\n|detailschange|p1a: Floette|Floette-Mega, L50, F\n|-mega|p1a: Floette|Floette|Floettite\n|-ability|p1a: Floette|Fairy Aura\n|move|p2a: Gengar|Protect|p2a: Gengar\n|-singleturn|p2a: Gengar|Protect\n|move|p2b: Incineroar|Protect|p2b: Incineroar\n|-singleturn|p2b: Incineroar|Protect\n|move|p1b: Maushold|Super Fang|p2b: Incineroar\n|-activate|p2b: Incineroar|move: Protect\n|move|p1a: Floette|Calm Mind|p1a: Floette\n|-boost|p1a: Floette|spa|1\n|-boost|p1a: Floette|spd|1\n|\n|-start|p2a: Gengar|perish2\n|-start|p1b: Maushold|perish2\n|-start|p1a: Floette|perish2\n|-start|p2b: Incineroar|perish2\n|upkeep\n|turn|3\n|inactive|Samubruni97 has 30 seconds left.\n|\n|t:|1776247096\n|switch|p2a: Blastoise|Blastoise, L50, M|100/100\n|move|p1b: Maushold|Taunt|p2a: Blastoise\n|-start|p2a: Blastoise|move: Taunt\n|move|p1a: Floette|Psychic|p2a: Blastoise\n|-damage|p2a: Blastoise|59/100\n|move|p2b: Incineroar|Parting Shot|p2a: Blastoise\n|-unboost|p2a: Blastoise|atk|1\n|-unboost|p2a: Blastoise|spa|1\n|\n|t:|1776247104\n|switch|p2b: Gengar|Gengar-Mega, L50, M, shiny|100/100|[from] Parting Shot\n|\n|-heal|p2a: Blastoise|65/100|[from] item: Leftovers\n|-start|p1b: Maushold|perish1\n|-start|p1a: Floette|perish1\n|upkeep\n|turn|4\n|inactive|Samubruni97 has 30 seconds left.\n|inactive|Samubruni97 has 20 seconds left.\n|inactive|Samubruni97 has 15 seconds left.\n|inactive|Samubruni97 has 10 seconds left.\n|\n|t:|1776247151\n|move|p2b: Gengar|Protect|p2b: Gengar\n|-singleturn|p2b: Gengar|Protect\n|move|p2a: Blastoise|Fake Out|p1a: Floette\n|-damage|p1a: Floette|96/100\n|move|p1b: Maushold|Super Fang|p2a: Blastoise\n|-damage|p2a: Blastoise|33/100\n|cant|p1a: Floette|flinch\n|\n|-heal|p2a: Blastoise|39/100|[from] item: Leftovers\n|-start|p1b: Maushold|perish0\n|-start|p1a: Floette|perish0\n|faint|p1b: Maushold\n|faint|p1a: Floette\n|upkeep\n|\n|t:|1776247165\n|switch|p1b: Basculegion|Basculegion, L50, M|100/100\n|switch|p1a: Sneasler|Sneasler, L50, F|100/100\n|turn|5\n|\n|t:|1776247187\n|switch|p2a: Incineroar|Incineroar, L50, M, shiny|100/100\n|-ability|p2a: Incineroar|Intimidate|boost\n|-unboost|p1a: Sneasler|atk|1\n|-unboost|p1b: Basculegion|atk|1\n|-enditem|p1a: Sneasler|White Herb\n|-clearnegativeboost|p1a: Sneasler|[silent]\n|move|p2b: Gengar|Protect||[still]\n|-fail|p2b: Gengar\n|move|p1a: Sneasler|Close Combat|p2b: Gengar\n|-immune|p2b: Gengar\n|move|p1b: Basculegion|Last Respects|p2b: Gengar\n|-supereffective|p2b: Gengar|1\n|-damage|p2b: Gengar|0 fnt\n|faint|p2b: Gengar\n|\n|upkeep\n|c|\u2606SimMikaze|Wait, ahh, I forgot\n|\n|t:|1776247208\n|switch|p2b: Kommo-o|Kommo-o, L50, F|100/100\n|turn|6\n|\n|t:|1776247224\n|move|p2a: Incineroar|Fake Out|p1a: Sneasler\n|-damage|p1a: Sneasler|82/100\n|cant|p1a: Sneasler|flinch\n|move|p1b: Basculegion|Last Respects|p2b: Kommo-o\n|-damage|p2b: Kommo-o|64/100\n|move|p2b: Kommo-o|Breaking Swipe|p1b: Basculegion|[spread] p1a,p1b\n|-damage|p1a: Sneasler|51/100\n|-damage|p1b: Basculegion|79/100\n|-unboost|p1a: Sneasler|atk|1\n|-unboost|p1b: Basculegion|atk|1\n|-heal|p2b: Kommo-o|70/100|[from] item: Shell Bell|[of] p1b: Basculegion\n|\n|upkeep\n|turn|7\n|-message|Samubruni97 forfeited.\n|\n|win|SimMikaze\n|raw|Samubruni97's rating: 1129 &rarr; <strong>1105</strong><br />(-24 for losing)\n|raw|SimMikaze's rating: 1148 &rarr; <strong>1172</strong><br />(+24 for winning)\n|l|\u2606Samubruni97\n|player|p1|\n",
  "uploadtime": 1776247242,
  "views": 26,
  "formatid": "gen9championsvgc2026regma",
  "rating": 1105,
  "private": 0,
  "password": null
}