{
  "id": "gen9championsvgc2026regma-2581482569",
  "format": "[Gen 9 Champions] VGC 2026 Reg M-A",
  "players": [
    "PPYYY",
    "psclVGC"
  ],
  "log": "|j|\u2606PPYYY\n|j|\u2606psclVGC\n|t:|1776004605\n|gametype|doubles\n|player|p1|PPYYY|miku-water|\n|player|p2|psclVGC|1|\n|gen|9\n|tier|[Gen 9 Champions] VGC 2026 Reg M-A\n|rated|Tournament battle\n|rule|Species Clause: Limit one of each Pok\u00e9mon\n|rule|Item Clause: Limit 1 of each item\n|clearpoke\n|poke|p1|Corviknight, L50, F|\n|poke|p1|Tyranitar, L50, F|\n|poke|p1|Garchomp, L50, M|\n|poke|p1|Delphox, L50, M|\n|poke|p1|Rotom-Wash, L50|\n|poke|p1|Sinistcha, L50|\n|poke|p2|Hatterene, L50, F|\n|poke|p2|Oranguru, L50, M|\n|poke|p2|Golurk, L50|\n|poke|p2|Clefable, L50, M|\n|poke|p2|Hydreigon, L50, M|\n|poke|p2|Torkoal, L50, F|\n|teampreview|4\npsclVGC has agreed to open team sheets.\nPPYYY rejected open team sheets.\n|j| AlbannachVGC\n|\n|t:|1776004653\n|teamsize|p1|4\n|teamsize|p2|4\n|start\n|switch|p1a: Delphox|Delphox, L50, M|100/100\n|switch|p1b: Garchomp|Garchomp, L50, M|100/100\n|switch|p2a: Clefable|Clefable, L50, M|100/100\n|switch|p2b: Hatterene|Hatterene, L50, F|100/100\n|turn|1\n|inactive|Battle timer is ON: inactive players will automatically lose when time's up. (requested by psclVGC)\n|\n|t:|1776004673\n|detailschange|p1a: Delphox|Delphox-Mega, L50, M\n|-mega|p1a: Delphox|Delphox|Delphoxite\n|move|p2b: Hatterene|Protect|p2b: Hatterene\n|-singleturn|p2b: Hatterene|Protect\n|move|p1a: Delphox|Heat Wave|p2b: Hatterene|[spread] p2a\n|-activate|p2b: Hatterene|move: Protect\n|-damage|p2a: Clefable|60/100\n|move|p1b: Garchomp|Earthquake|p2b: Hatterene|[spread] p2a\n|-activate|p2b: Hatterene|move: Protect\n|-immune|p1a: Delphox|[from] ability: Levitate\n|-damage|p2a: Clefable|18/100\n|move|p2a: Clefable|Charm|p1b: Garchomp\n|-unboost|p1b: Garchomp|atk|2\n|\n|upkeep\n|turn|2\n|\n|t:|1776004689\n|move|p2a: Clefable|Follow Me|p2a: Clefable\n|-singleturn|p2a: Clefable|move: Follow Me\n|move|p1a: Delphox|Substitute|p1a: Delphox\n|-start|p1a: Delphox|Substitute\n|-damage|p1a: Delphox|75/100\n|move|p1b: Garchomp|Earthquake|p2b: Hatterene|[spread] p2a,p2b\n|-immune|p1a: Delphox|[from] ability: Levitate\n|-damage|p2a: Clefable|0 fnt\n|-damage|p2b: Hatterene|80/100\n|faint|p2a: Clefable\n|move|p2b: Hatterene|Trick Room|p2b: Hatterene\n|-fieldstart|move: Trick Room|[of] p2b: Hatterene\n|\n|upkeep\n|inactive|psclVGC has 30 seconds left.\n|\n|t:|1776004714\n|switch|p2a: Golurk|Golurk, L50|100/100\n|turn|3\n|j| s3618\n|\n|t:|1776004730\n|switch|p1b: Sinistcha|Sinistcha, L50|100/100\n|detailschange|p2a: Golurk|Golurk-Mega, L50\n|-mega|p2a: Golurk|Golurk|Golurkite\n|move|p2b: Hatterene|Dazzling Gleam|p1b: Sinistcha|[spread] p1a,p1b\n|-resisted|p1a: Delphox|1\n|-activate|p1a: Delphox|move: Substitute|[damage]\n|-damage|p1b: Sinistcha|63/100\n|move|p2a: Golurk|Thunder Punch|p1a: Delphox\n|-end|p1a: Delphox|Substitute\n|move|p1a: Delphox|Heat Wave|p2a: Golurk|[spread] p2a,p2b\n|-crit|p2b: Hatterene\n|-damage|p2a: Golurk|68/100\n|-damage|p2b: Hatterene|19/100\n|\n|upkeep\n|turn|4\n|l| s3618\n|inactive|PPYYY has 30 seconds left.\n|\n|t:|1776004757\n|move|p2b: Hatterene|Psychic|p1b: Sinistcha\n|-crit|p1b: Sinistcha\n|-damage|p1b: Sinistcha|0 fnt\n|faint|p1b: Sinistcha\n|move|p2a: Golurk|Thunder Punch|p1a: Delphox\n|-damage|p1a: Delphox|28/100\n|move|p1a: Delphox|Psychic|p2a: Golurk\n|-damage|p2a: Golurk|23/100\n|-unboost|p2a: Golurk|spd|1\n|\n|upkeep\n|\n|t:|1776004766\n|switch|p1b: Rotom|Rotom-Wash, L50|100/100\n|turn|5\n|inactive|psclVGC has 30 seconds left.\n|\n|t:|1776004799\n|switch|p1a: Garchomp|Garchomp, L50, M|100/100\n|move|p2b: Hatterene|Psychic|p1a: Garchomp\n|-damage|p1a: Garchomp|54/100\n|move|p2a: Golurk|Thunder Punch|p1b: Rotom\n|-damage|p1b: Rotom|66/100\n|move|p1b: Rotom|Thunderbolt|p2b: Hatterene\n|-damage|p2b: Hatterene|0 fnt\n|faint|p2b: Hatterene\n|\n|upkeep\n|\n|t:|1776004804\n|switch|p2b: Torkoal|Torkoal, L50, F|100/100\n|-weather|SunnyDay|[from] ability: Drought|[of] p2b: Torkoal\n|turn|6\n|j| s3618\n|\n|t:|1776004817\n|move|p1b: Rotom|Protect|p1b: Rotom\n|-singleturn|p1b: Rotom|Protect\n|move|p1a: Garchomp|Protect|p1a: Garchomp\n|-singleturn|p1a: Garchomp|Protect\n|move|p2b: Torkoal|Eruption|p1a: Garchomp|[spread] \n|-activate|p1a: Garchomp|move: Protect\n|-activate|p1b: Rotom|move: Protect\n|move|p2a: Golurk|Thunder Punch|p1b: Rotom\n|-ability|p2a: Golurk|Unseen Fist\n|-zbroken|p1b: Rotom\n|-damage|p1b: Rotom|58/100\n|\n|-weather|SunnyDay|[upkeep]\n|-fieldend|move: Trick Room\n|upkeep\n|turn|7\n|\n|t:|1776004822\n|move|p1a: Garchomp|Earthquake|p2a: Golurk|[spread] p2a,p2b\n|-immune|p1b: Rotom|[from] ability: Levitate\n|-supereffective|p2b: Torkoal|1\n|-damage|p2a: Golurk|0 fnt\n|-damage|p2b: Torkoal|46/100\n|faint|p2a: Golurk\n|move|p1b: Rotom|Hydro Pump|p2b: Torkoal\n|-supereffective|p2b: Torkoal|1\n|-damage|p2b: Torkoal|0 fnt\n|faint|p2b: Torkoal\n|\n|win|PPYYY\n|n|\u2606PPYYY|ppyyy\n|n|\u2606psclVGC|psclvgc\n|n| AlbannachVGC|albannachvgc\n|n| s3618|s3618\n|l|\u2606psclVGC\n|player|p2|\n",
  "uploadtime": 1776004826,
  "views": 12,
  "formatid": "gen9championsvgc2026regma",
  "rating": null,
  "private": 0,
  "password": null
}