{
  "id": "gen9championsvgc2026regma-2581652561",
  "format": "[Gen 9 Champions] VGC 2026 Reg M-A",
  "players": [
    "yellowish sunbeam",
    "HayatoU"
  ],
  "log": "|j|\u2606yellowish sunbeam\n|j|\u2606HayatoU\n|t:|1776018129\n|gametype|doubles\n|player|p1|yellowish sunbeam|steven|1092\n|player|p2|HayatoU|lisia-masters|1017\n|gen|9\n|tier|[Gen 9 Champions] VGC 2026 Reg M-A\n|rated|\n|rule|Species Clause: Limit one of each Pok\u00e9mon\n|rule|Item Clause: Limit 1 of each item\n|clearpoke\n|poke|p1|Aerodactyl, L50, M|\n|poke|p1|Feraligatr, L50, M|\n|poke|p1|Dragapult, L50, F|\n|poke|p1|Politoed, L50, M|\n|poke|p1|Basculegion, L50, M|\n|poke|p1|Sneasler, L50, M|\n|poke|p2|Meganium, L50, M|\n|poke|p2|Starmie, L50|\n|poke|p2|Archaludon, L50, F|\n|poke|p2|Sinistcha-Masterpiece, L50|\n|poke|p2|Pelipper, L50, M|\n|poke|p2|Incineroar, L50, M|\n|teampreview|4\n|\n|t:|1776018176\n|teamsize|p1|4\n|teamsize|p2|4\n|start\n|switch|p1a: Sneasler|Sneasler, L50, M|100/100\n|switch|p1b: Feraligatr|Feraligatr, L50, M|100/100\n|switch|p2a: Pelipper|Pelipper, L50, M|100/100\n|switch|p2b: Starmie|Starmie, L50|100/100\n|-weather|RainDance|[from] ability: Drizzle|[of] p2a: Pelipper\n|turn|1\n|\n|t:|1776018203\n|detailschange|p1b: Feraligatr|Feraligatr-Mega, L50, M\n|-mega|p1b: Feraligatr|Feraligatr|Feraligite\n|move|p1a: Sneasler|Coaching|p1b: Feraligatr\n|-boost|p1b: Feraligatr|atk|1\n|-boost|p1b: Feraligatr|def|1\n|move|p2b: Starmie|Psycho Cut|p1a: Sneasler\n|-supereffective|p1a: Sneasler|2\n|-damage|p1a: Sneasler|0 fnt\n|faint|p1a: Sneasler\n|move|p1b: Feraligatr|Dragon Dance|p1b: Feraligatr\n|-boost|p1b: Feraligatr|atk|1\n|-boost|p1b: Feraligatr|spe|1\n|move|p2a: Pelipper|Tailwind|p2a: Pelipper\n|-sidestart|p2: HayatoU|move: Tailwind\n|\n|-weather|RainDance|[upkeep]\n|upkeep\n|\n|t:|1776018211\n|switch|p1a: Dragapult|Dragapult, L50, F|100/100\n|turn|2\n|\n|t:|1776018238\n|move|p1b: Feraligatr|Protect|p1b: Feraligatr\n|-singleturn|p1b: Feraligatr|Protect\n|move|p2b: Starmie|Flip Turn|p1b: Feraligatr\n|-activate|p1b: Feraligatr|move: Protect\n|move|p1a: Dragapult|Shadow Ball|p2b: Starmie\n|-supereffective|p2b: Starmie|1\n|-damage|p2b: Starmie|0 fnt\n|faint|p2b: Starmie\n|move|p2a: Pelipper|Hurricane|p1b: Feraligatr\n|-activate|p1b: Feraligatr|move: Protect\n|\n|-weather|RainDance|[upkeep]\n|upkeep\n|\n|t:|1776018249\n|switch|p2b: Meganium|Meganium, L50, M|100/100\n|turn|3\n|\n|t:|1776018269\n|detailschange|p2b: Meganium|Meganium-Mega, L50, M\n|-mega|p2b: Meganium|Meganium|Meganiumite\n|move|p1a: Dragapult|Shadow Ball|p2b: Meganium\n|-damage|p2b: Meganium|59/100\n|move|p2b: Meganium|Dazzling Gleam|p1b: Feraligatr|[spread] p1a,p1b\n|-supereffective|p1a: Dragapult|1\n|-supereffective|p1b: Feraligatr|1\n|-damage|p1a: Dragapult|1/100\n|-damage|p1b: Feraligatr|12/100\n|move|p1b: Feraligatr|Liquidation|p2b: Meganium\n|-resisted|p2b: Meganium|1\n|-damage|p2b: Meganium|0 fnt\n|faint|p2b: Meganium\n|move|p2a: Pelipper|Hurricane|p1b: Feraligatr\n|-damage|p1b: Feraligatr|0 fnt\n|faint|p1b: Feraligatr\n|\n|-weather|RainDance|[upkeep]\n|upkeep\n|\n|t:|1776018280\n|switch|p1b: Basculegion|Basculegion, L50, M|100/100\n|switch|p2b: Incineroar|Incineroar, L50, M|100/100\n|-ability|p2b: Incineroar|Intimidate|boost\n|-fail|p1a: Dragapult|unboost|[from] ability: Clear Body|[of] p1a: Dragapult\n|-unboost|p1b: Basculegion|atk|1\n|turn|4\n|\n|t:|1776018299\n|move|p1a: Dragapult|Shadow Ball|p2a: Pelipper\n|-damage|p2a: Pelipper|49/100\n|move|p1b: Basculegion|Wave Crash|p2b: Incineroar\n|-supereffective|p2b: Incineroar|1\n|-damage|p2b: Incineroar|0 fnt\n|faint|p2b: Incineroar\n|-damage|p1b: Basculegion|72/100|[from] Recoil\n|move|p2a: Pelipper|Weather Ball|p1a: Dragapult\n|-resisted|p1a: Dragapult|1\n|-damage|p1a: Dragapult|0 fnt\n|faint|p1a: Dragapult\n|\n|-weather|RainDance|[upkeep]\n|-sideend|p2: HayatoU|move: Tailwind\n|upkeep\n|turn|5\n|\n|t:|1776018309\n|move|p1b: Basculegion|Last Respects|p2a: Pelipper\n|-damage|p2a: Pelipper|0 fnt\n|faint|p2a: Pelipper\n|\n|win|yellowish sunbeam\n|raw|yellowish sunbeam's rating: 1092 &rarr; <strong>1113</strong><br />(+21 for winning)\n|raw|HayatoU's rating: 1017 &rarr; <strong>1007</strong><br />(-10 for losing)\n",
  "uploadtime": 1776018311,
  "views": 14,
  "formatid": "gen9championsvgc2026regma",
  "rating": 1007,
  "private": 0,
  "password": null
}