{
  "id": "gen9championsvgc2026regma-2587628172",
  "format": "[Gen 9 Champions] VGC 2026 Reg M-A",
  "players": [
    "crashdead12",
    "Pokeventurer"
  ],
  "log": "|j|\u2606crashdead12\n|j|\u2606Pokeventurer\n|t:|1776548346\n|gametype|doubles\n|player|p1|crashdead12|dawn|1453\n|player|p2|Pokeventurer|170|1572\n|gen|9\n|tier|[Gen 9 Champions] VGC 2026 Reg M-A\n|rated|\n|rule|Species Clause: Limit one of each Pok\u00e9mon\n|rule|Item Clause: Limit 1 of each item\n|clearpoke\n|poke|p1|Gardevoir, L50, F, shiny|\n|poke|p1|Maushold-Four, L50|\n|poke|p1|Basculegion, L50, M|\n|poke|p1|Talonflame, L50, F, shiny|\n|poke|p1|Kingambit, L50, M, shiny|\n|poke|p1|Garchomp, L50, M, shiny|\n|poke|p2|Talonflame, L50, F|\n|poke|p2|Kingambit, L50, F|\n|poke|p2|Garchomp, L50, F|\n|poke|p2|Basculegion, L50, M|\n|poke|p2|Floette-Eternal, L50, F|\n|poke|p2|Corviknight, L50, M|\n|teampreview|4\n|inactive|Battle timer is ON: inactive players will automatically lose when time's up. (requested by Pokeventurer)\n|inactive|crashdead12 has 60 seconds left.\n|\n|t:|1776548385\n|teamsize|p1|4\n|teamsize|p2|4\n|start\n|switch|p1a: Talonflame|Talonflame, L50, F, shiny|100/100\n|switch|p1b: Garchomp|Garchomp, L50, M, shiny|100/100\n|switch|p2a: Corviknight|Corviknight, L50, M|100/100\n|switch|p2b: Floette|Floette-Eternal, L50, F|100/100\n|turn|1\n|j| 1#MiraidonHater\n|j| porygon-epilepz\n|\n|t:|1776548403\n|switch|p1b: Kingambit|Kingambit, L50, M, shiny|100/100\n|detailschange|p2b: Floette|Floette-Mega, L50, F\n|-mega|p2b: Floette|Floette|Floettite\n|-ability|p2b: Floette|Fairy Aura\n|move|p1a: Talonflame|Will-O-Wisp|p2a: Corviknight\n|-status|p2a: Corviknight|brn\n|move|p2b: Floette|Dazzling Gleam|p1a: Talonflame|[spread] p1a,p1b\n|-resisted|p1a: Talonflame|1\n|-damage|p1a: Talonflame|65/100\n|-damage|p1b: Kingambit|50/100\n|move|p2a: Corviknight|Iron Defense|p2a: Corviknight\n|-boost|p2a: Corviknight|def|2\n|\n|-damage|p2a: Corviknight|95/100 brn|[from] brn\n|upkeep\n|turn|2\n|inactive|crashdead12 has 30 seconds left.\n|\n|t:|1776548430\n|move|p1a: Talonflame|Tailwind|p1a: Talonflame\n|-sidestart|p1: crashdead12|move: Tailwind\n|move|p1b: Kingambit|Iron Head|p2b: Floette\n|-supereffective|p2b: Floette|1\n|-damage|p2b: Floette|7/100\n|cant|p2b: Floette|flinch\n|move|p2a: Corviknight|Body Press|p1b: Kingambit\n|-supereffective|p1b: Kingambit|2\n|-enditem|p1b: Kingambit|Chople Berry|[eat]\n|-enditem|p1b: Kingambit|Chople Berry|[weaken]\n|-damage|p1b: Kingambit|16/100\n|\n|-heal|p2a: Corviknight|100/100 brn|[from] item: Leftovers\n|-damage|p2a: Corviknight|95/100 brn|[from] brn\n|upkeep\n|turn|3\n|\n|t:|1776548443\n|switch|p1b: Maushold|Maushold-Four, L50|100/100\n|move|p1a: Talonflame|Acrobatics|p2b: Floette\n|-damage|p2b: Floette|0 fnt\n|faint|p2b: Floette\n|move|p2a: Corviknight|Body Press|p1b: Maushold\n|-supereffective|p1b: Maushold|1\n|-damage|p1b: Maushold|42/100\n|\n|-heal|p2a: Corviknight|100/100 brn|[from] item: Leftovers\n|-damage|p2a: Corviknight|95/100 brn|[from] brn\n|upkeep\n|\n|t:|1776548451\n|switch|p2b: Basculegion|Basculegion, L50, M|100/100\n|turn|4\n|\n|t:|1776548464\n|switch|p2b: Kingambit|Kingambit, L50, F|100/100\n|move|p1a: Talonflame|Will-O-Wisp|p2b: Kingambit\n|-status|p2b: Kingambit|brn\n|move|p1b: Maushold|Super Fang|p2a: Corviknight\n|-damage|p2a: Corviknight|48/100 brn\n|move|p2a: Corviknight|Body Press|p1b: Maushold\n|-supereffective|p1b: Maushold|1\n|-damage|p1b: Maushold|0 fnt\n|faint|p1b: Maushold\n|\n|-heal|p2a: Corviknight|54/100 brn|[from] item: Leftovers\n|-damage|p2b: Kingambit|94/100 brn|[from] brn\n|-damage|p2a: Corviknight|48/100 brn|[from] brn\n|upkeep\n|\n|t:|1776548470\n|switch|p1b: Garchomp|Garchomp, L50, M, shiny|100/100\n|turn|5\n|\n|t:|1776548483\n|move|p1a: Talonflame|Protect|p1a: Talonflame\n|-singleturn|p1a: Talonflame|Protect\n|move|p1b: Garchomp|Earthquake|p2b: Kingambit|[spread] p2b\n|-activate|p1a: Talonflame|move: Protect\n|-immune|p2a: Corviknight\n|-supereffective|p2b: Kingambit|1\n|-damage|p2b: Kingambit|22/100 brn\n|move|p2b: Kingambit|Kowtow Cleave|p1a: Talonflame\n|-activate|p1a: Talonflame|move: Protect\n|move|p2a: Corviknight|Roost|p2a: Corviknight\n|-heal|p2a: Corviknight|98/100 brn\n|-singleturn|p2a: Corviknight|move: Roost\n|\n|-heal|p2a: Corviknight|100/100 brn|[from] item: Leftovers\n|-damage|p2b: Kingambit|15/100 brn|[from] brn\n|-damage|p2a: Corviknight|95/100 brn|[from] brn\n|-sideend|p1: crashdead12|move: Tailwind\n|upkeep\n|turn|6\n|\n|t:|1776548501\n|move|p2b: Kingambit|Sucker Punch|p1a: Talonflame\n|-damage|p1a: Talonflame|31/100\n|move|p1a: Talonflame|Acrobatics|p2a: Corviknight\n|-resisted|p2a: Corviknight|1\n|-damage|p2a: Corviknight|87/100 brn\n|move|p1b: Garchomp|Earthquake|p2a: Corviknight|[spread] p2b\n|-immune|p1a: Talonflame\n|-immune|p2a: Corviknight\n|-supereffective|p2b: Kingambit|1\n|-damage|p2b: Kingambit|0 fnt\n|faint|p2b: Kingambit\n|move|p2a: Corviknight|Brave Bird|p1a: Talonflame\n|-damage|p1a: Talonflame|2/100\n|-damage|p2a: Corviknight|80/100 brn|[from] Recoil\n|\n|-heal|p2a: Corviknight|86/100 brn|[from] item: Leftovers\n|-damage|p2a: Corviknight|80/100 brn|[from] brn\n|upkeep\n|inactive|Pokeventurer has 30 seconds left.\n|inactive|Pokeventurer has 20 seconds left.\n|inactive|Pokeventurer has 15 seconds left.\n|\n|t:|1776548544\n|switch|p2b: Basculegion|Basculegion, L50, M|100/100\n|turn|7\n|l| 1#MiraidonHater\n|\n|t:|1776548564\n|move|p2b: Basculegion|Last Respects|p1b: Garchomp\n|-damage|p1b: Garchomp|18/100\n|move|p1a: Talonflame|Will-O-Wisp|p2b: Basculegion\n|-status|p2b: Basculegion|brn\n|move|p1b: Garchomp|Rock Slide|p2a: Corviknight|[spread] p2a,p2b\n|-damage|p2a: Corviknight|72/100 brn\n|-damage|p2b: Basculegion|73/100 brn\n|move|p2a: Corviknight|Brave Bird|p1a: Talonflame\n|-damage|p1a: Talonflame|0 fnt\n|faint|p1a: Talonflame\n|-damage|p2a: Corviknight|72/100 brn|[from] Recoil\n|\n|-heal|p2a: Corviknight|78/100 brn|[from] item: Leftovers\n|-damage|p2b: Basculegion|67/100 brn|[from] brn\n|-damage|p2a: Corviknight|72/100 brn|[from] brn\n|upkeep\n|\n|t:|1776548567\n|switch|p1a: Kingambit|Kingambit, L50, M, shiny|16/100\n|turn|8\n|j| 1#MiraidonHater\n|inactive|Pokeventurer has 30 seconds left.\n|inactive|Pokeventurer has 20 seconds left.\n|inactive|Pokeventurer has 15 seconds left.\n|\n|t:|1776548608\n|move|p1a: Kingambit|Sucker Punch|p2b: Basculegion\n|-supereffective|p2b: Basculegion|1\n|-damage|p2b: Basculegion|0 fnt\n|faint|p2b: Basculegion\n|move|p1b: Garchomp|Rock Slide|p2a: Corviknight\n|-damage|p2a: Corviknight|61/100 brn\n|move|p2a: Corviknight|Body Press|p1a: Kingambit\n|-supereffective|p1a: Kingambit|2\n|-damage|p1a: Kingambit|0 fnt\n|faint|p1a: Kingambit\n|\n|-heal|p2a: Corviknight|67/100 brn|[from] item: Leftovers\n|-damage|p2a: Corviknight|61/100 brn|[from] brn\n|upkeep\n|turn|9\n|\n|t:|1776548614\n|move|p1b: Garchomp|Rock Slide|p2a: Corviknight\n|-damage|p2a: Corviknight|52/100 brn\n|move|p2a: Corviknight|Roost|p2a: Corviknight\n|-heal|p2a: Corviknight|100/100 brn\n|-singleturn|p2a: Corviknight|move: Roost\n|\n|-damage|p2a: Corviknight|95/100 brn|[from] brn\n|upkeep\n|turn|10\n|-message|crashdead12 forfeited.\n|\n|win|Pokeventurer\n|raw|crashdead12's rating: 1453 &rarr; <strong>1440</strong><br />(-13 for losing)\n|raw|Pokeventurer's rating: 1572 &rarr; <strong>1585</strong><br />(+13 for winning)\n|l|\u2606crashdead12\n|player|p1|\n|l| 1#MiraidonHater\n",
  "uploadtime": 1776548387,
  "views": 27,
  "formatid": "gen9championsvgc2026regma",
  "rating": 1440,
  "private": 0,
  "password": null
}