{
  "id": "gen9championsvgc2026regma-2584337923",
  "format": "[Gen 9 Champions] VGC 2026 Reg M-A",
  "players": [
    "TychoV24",
    "Sharkhy_"
  ],
  "log": "|j|\u2606TychoV24\n|j|\u2606Sharkhy_\n|t:|1776252692\n|gametype|doubles\n|player|p1|TychoV24|265|1089\n|player|p2|Sharkhy_|2|1038\n|gen|9\n|tier|[Gen 9 Champions] VGC 2026 Reg M-A\n|rated|\n|rule|Species Clause: Limit one of each Pok\u00e9mon\n|rule|Item Clause: Limit 1 of each item\n|clearpoke\n|poke|p1|Pelipper, L50, M|\n|poke|p1|Incineroar, L50, F|\n|poke|p1|Meowstic, L50, M|\n|poke|p1|Archaludon, L50, M|\n|poke|p1|Meganium, L50, F|\n|poke|p1|Basculegion, L50, M|\n|poke|p2|Charizard, L50, M|\n|poke|p2|Maushold-Four, L50|\n|poke|p2|Sneasler, L50, M|\n|poke|p2|Dragapult, L50, F|\n|poke|p2|Kingambit, L50, F|\n|poke|p2|Garchomp, L50, F|\n|teampreview|4\n|inactive|Battle timer is ON: inactive players will automatically lose when time's up. (requested by TychoV24)\n|\n|t:|1776252714\n|teamsize|p1|4\n|teamsize|p2|4\n|start\n|switch|p1a: Meowstic|Meowstic, L50, M|100/100\n|switch|p1b: Basculegion|Basculegion, L50, M|100/100\n|switch|p2a: Sneasler|Sneasler, L50, M|100/100\n|switch|p2b: Garchomp|Garchomp, L50, F|100/100\n|turn|1\n|inactive|Sharkhy_ has 30 seconds left.\n|inactive|Sharkhy_ has 20 seconds left.\n|\n|t:|1776252751\n|move|p2a: Sneasler|Feint|p1a: Meowstic\n|-damage|p1a: Meowstic|89/100\n|move|p2b: Garchomp|Rock Slide|p1b: Basculegion|[spread] p1a,p1b\n|-damage|p1a: Meowstic|68/100\n|-damage|p1b: Basculegion|74/100\n|move|p1b: Basculegion|Liquidation|p2b: Garchomp\n|-crit|p2b: Garchomp\n|-damage|p2b: Garchomp|32/100\n|-damage|p1b: Basculegion|62/100|[from] ability: Rough Skin|[of] p2b: Garchomp\n|move|p1a: Meowstic|Psychic|p2a: Sneasler\n|-supereffective|p2a: Sneasler|2\n|-enditem|p2a: Sneasler|Focus Sash\n|-damage|p2a: Sneasler|1/100\n|\n|upkeep\n|turn|2\n|\n|t:|1776252772\n|move|p1a: Meowstic|Rain Dance|p1a: Meowstic\n|-weather|RainDance\n|move|p2a: Sneasler|Dire Claw|p1a: Meowstic\n|-damage|p1a: Meowstic|21/100\n|move|p1b: Basculegion|Flip Turn|p2b: Garchomp\n|-damage|p2b: Garchomp|0 fnt\n|-damage|p1b: Basculegion|50/100|[from] ability: Rough Skin|[of] p2b: Garchomp\n|faint|p2b: Garchomp\n|\n|t:|1776252783\n|switch|p1b: Meganium|Meganium, L50, F|100/100|[from] Flip Turn\n|\n|-weather|RainDance|[upkeep]\n|upkeep\n|\n|t:|1776252789\n|switch|p2b: Maushold|Maushold-Four, L50|100/100\n|turn|3\n|\n|t:|1776252799\n|switch|p1a: Pelipper|Pelipper, L50, M|100/100\n|detailschange|p1b: Meganium|Meganium-Mega, L50, F\n|-mega|p1b: Meganium|Meganium|Meganiumite\n|move|p2b: Maushold|Follow Me|p2b: Maushold\n|-singleturn|p2b: Maushold|move: Follow Me\n|move|p2a: Sneasler|Dire Claw|p1b: Meganium\n|-supereffective|p1b: Meganium|2\n|-damage|p1b: Meganium|0 fnt\n|faint|p1b: Meganium\n|\n|-weather|RainDance|[upkeep]\n|upkeep\n|\n|t:|1776252809\n|switch|p1b: Meowstic|Meowstic, L50, M|21/100\n|turn|4\n|\n|t:|1776252817\n|move|p1b: Meowstic|Fake Out|p2a: Sneasler\n|-damage|p2a: Sneasler|0 fnt\n|faint|p2a: Sneasler\n|move|p2b: Maushold|Follow Me|p2b: Maushold\n|-singleturn|p2b: Maushold|move: Follow Me\n|move|p1a: Pelipper|Hurricane|p2b: Maushold\n|-damage|p2b: Maushold|45/100\n|\n|-weather|RainDance|[upkeep]\n|upkeep\n|\n|t:|1776252825\n|switch|p2a: Charizard|Charizard, L50, M|100/100\n|turn|5\n|\n|t:|1776252842\n|move|p2a: Charizard|Protect|p2a: Charizard\n|-singleturn|p2a: Charizard|Protect\n|move|p1b: Meowstic|Rain Dance||[still]\n|-fail|p1b: Meowstic\n|move|p2b: Maushold|Super Fang|p1a: Pelipper|[miss]\n|-miss|p2b: Maushold|p1a: Pelipper\n|move|p1a: Pelipper|Weather Ball|p2a: Charizard\n|-activate|p2a: Charizard|move: Protect\n|\n|-weather|RainDance|[upkeep]\n|upkeep\n|turn|6\n|inactive|Sharkhy_ has 30 seconds left.\n|\n|t:|1776252873\n|switch|p1b: Basculegion|Basculegion, L50, M|50/100\n|detailschange|p2a: Charizard|Charizard-Mega-Y, L50, M\n|-mega|p2a: Charizard|Charizard|Charizardite Y\n|-weather|SunnyDay|[from] ability: Drought|[of] p2a: Charizard\n|move|p1a: Pelipper|Protect|p1a: Pelipper\n|-singleturn|p1a: Pelipper|Protect\n|move|p2b: Maushold|Encore|p1a: Pelipper\n|-activate|p1a: Pelipper|move: Protect\n|move|p2a: Charizard|Heat Wave|p1b: Basculegion|[spread] p1b\n|-activate|p1a: Pelipper|move: Protect\n|-resisted|p1b: Basculegion|1\n|-damage|p1b: Basculegion|15/100\n|\n|-weather|SunnyDay|[upkeep]\n|upkeep\n|turn|7\n|inactive|Sharkhy_ has 30 seconds left.\n|\n|t:|1776252903\n|switch|p1a: Meowstic|Meowstic, L50, M|21/100\n|move|p1b: Basculegion|Protect|p1b: Basculegion\n|-singleturn|p1b: Basculegion|Protect\n|move|p2b: Maushold|Follow Me|p2b: Maushold\n|-singleturn|p2b: Maushold|move: Follow Me\n|move|p2a: Charizard|Heat Wave|p1a: Meowstic|[spread] p1a\n|-activate|p1b: Basculegion|move: Protect\n|-damage|p1a: Meowstic|0 fnt\n|faint|p1a: Meowstic\n|\n|-weather|SunnyDay|[upkeep]\n|upkeep\n|\n|t:|1776252914\n|switch|p1a: Pelipper|Pelipper, L50, M|100/100\n|-weather|RainDance|[from] ability: Drizzle|[of] p1a: Pelipper\n|turn|8\n|\n|t:|1776252927\n|move|p2b: Maushold|Follow Me|p2b: Maushold\n|-singleturn|p2b: Maushold|move: Follow Me\n|move|p1b: Basculegion|Liquidation|p2b: Maushold\n|-damage|p2b: Maushold|0 fnt\n|faint|p2b: Maushold\n|move|p2a: Charizard|Heat Wave|p1b: Basculegion|[spread] p1a,p1b\n|-resisted|p1a: Pelipper|1\n|-resisted|p1b: Basculegion|1\n|-damage|p1a: Pelipper|87/100\n|-damage|p1b: Basculegion|4/100\n|move|p1a: Pelipper|Weather Ball|p2a: Charizard\n|-supereffective|p2a: Charizard|1\n|-damage|p2a: Charizard|1/100\n|\n|-weather|RainDance|[upkeep]\n|upkeep\n|turn|9\n|\n|t:|1776252946\n|move|p2a: Charizard|Protect|p2a: Charizard\n|-singleturn|p2a: Charizard|Protect\n|move|p1b: Basculegion|Liquidation|p2a: Charizard\n|-activate|p2a: Charizard|move: Protect\n|move|p1a: Pelipper|Weather Ball|p2a: Charizard\n|-activate|p2a: Charizard|move: Protect\n|\n|-weather|RainDance|[upkeep]\n|upkeep\n|turn|10\n|\n|t:|1776252957\n|move|p1b: Basculegion|Liquidation|p2a: Charizard\n|-supereffective|p2a: Charizard|1\n|-damage|p2a: Charizard|0 fnt\n|faint|p2a: Charizard\n|\n|win|TychoV24\n|raw|TychoV24's rating: 1089 &rarr; <strong>1112</strong><br />(+23 for winning)\n|raw|Sharkhy_'s rating: 1038 &rarr; <strong>1025</strong><br />(-13 for losing)\n",
  "uploadtime": 1776252964,
  "views": 29,
  "formatid": "gen9championsvgc2026regma",
  "rating": 1025,
  "private": 0,
  "password": null
}