{
  "id": "gen9championsvgc2026regma-2582960026",
  "format": "[Gen 9 Champions] VGC 2026 Reg M-A",
  "players": [
    "Menrad",
    "Captinsuss"
  ],
  "log": "|j|\u2606Menrad\n|j|\u2606Captinsuss\n|html|<table width=\"100%\"><tr><td align=\"left\">Menrad</td><td align=\"right\">Captinsuss</tr><tr><td align=\"left\"><i class=\"fa fa-circle-o\"></i> <i class=\"fa fa-circle-o\"></i> </td><td align=\"right\"><i class=\"fa fa-circle-o\"></i> <i class=\"fa fa-circle\"></i> </tr></table>\n|uhtml|bestof|<h2><strong>Game 2</strong> of <a href=\"/game-bestof3-gen9championsvgc2026regma-2582956277\">a best-of-3</a></h2>\n|t:|1776128612\n|gametype|doubles\n|player|p1|Menrad|benga|\n|player|p2|Captinsuss|nate|\n|gen|9\n|tier|[Gen 9 Champions] VGC 2026 Reg M-A\n|rule|Species Clause: Limit one of each Pok\u00e9mon\n|rule|Item Clause: Limit 1 of each item\n|raw|<div class=\"infobox\"><details class=\"readmore\" open><summary><strong>1 custom rule:</strong></summary> Best of = 3</details></div>\n|clearpoke\n|poke|p1|Altaria, L50, F|\n|poke|p1|Polteageist, L50|\n|poke|p1|Maushold, L50|\n|poke|p1|Sneasler, L50, F|\n|poke|p1|Talonflame, L50, F|\n|poke|p1|Excadrill, L50, M|\n|poke|p2|Emboar, L50, M|\n|poke|p2|Corviknight, L50, F|\n|poke|p2|Milotic, L50, F|\n|poke|p2|Glimmora, L50, F|\n|poke|p2|Krookodile, L50, M|\n|poke|p2|Torkoal, L50, M|\n|teampreview|4\n|inactive|Battle timer is ON: inactive players will automatically lose when time's up. (requested by Menrad)\n|\n|t:|1776128637\n|teamsize|p1|4\n|teamsize|p2|4\n|start\n|switch|p1a: Altaria|Altaria, L50, F|100/100\n|switch|p1b: Talonflame|Talonflame, L50, F|100/100\n|switch|p2a: Weed Tortoise|Torkoal, L50, M|100/100\n|switch|p2b: Lancelot|Corviknight, L50, F, shiny|100/100\n|-ability|p1a: Altaria|Cloud Nine\n|-weather|SunnyDay|[from] ability: Drought|[of] p2a: Weed Tortoise\n|turn|1\n|\n|t:|1776128662\n|detailschange|p1a: Altaria|Altaria-Mega, L50, F\n|-mega|p1a: Altaria|Altaria|Altarianite\n|move|p1b: Talonflame|Tailwind|p1b: Talonflame\n|-sidestart|p1: Menrad|move: Tailwind\n|move|p1a: Altaria|Heat Wave|p2a: Weed Tortoise|[spread] p2a,p2b\n|-resisted|p2a: Weed Tortoise|1\n|-supereffective|p2b: Lancelot|1\n|-damage|p2a: Weed Tortoise|82/100\n|-damage|p2b: Lancelot|36/100\n|-enditem|p2b: Lancelot|Sitrus Berry|[eat]\n|-heal|p2b: Lancelot|61/100|[from] item: Sitrus Berry\n|move|p2b: Lancelot|Tailwind|p2b: Lancelot\n|-sidestart|p2: Captinsuss|move: Tailwind\n|move|p2a: Weed Tortoise|Rock Slide|p1b: Talonflame|[spread] p1a,p1b\n|-supereffective|p1b: Talonflame|2\n|-damage|p1a: Altaria|82/100\n|-damage|p1b: Talonflame|36/100\n|\n|-weather|SunnyDay|[upkeep]\n|-heal|p1b: Talonflame|42/100|[from] item: Leftovers\n|upkeep\n|turn|2\n|inactive|Menrad has 30 seconds left.\n|\n|t:|1776128690\n|move|p1a: Altaria|Heat Wave|p2a: Weed Tortoise|[spread] p2a,p2b\n|-resisted|p2a: Weed Tortoise|1\n|-supereffective|p2b: Lancelot|1\n|-damage|p2a: Weed Tortoise|61/100\n|-damage|p2b: Lancelot|0 fnt\n|faint|p2b: Lancelot\n|move|p2a: Weed Tortoise|Yawn|p1a: Altaria\n|-start|p1a: Altaria|move: Yawn|[of] p2a: Weed Tortoise\n|move|p1b: Talonflame|Whirlwind|p2a: Weed Tortoise\n|drag|p2a: Break The Mold|Emboar, L50, M, shiny|100/100\n|\n|-weather|SunnyDay|[upkeep]\n|-heal|p1b: Talonflame|48/100|[from] item: Leftovers\n|upkeep\n|\n|t:|1776128702\n|switch|p2b: Mareinette|Milotic, L50, F|100/100\n|turn|3\n|\n|t:|1776128727\n|switch|p2a: Weed Tortoise|Torkoal, L50, M|61/100\n|move|p1a: Altaria|Hyper Voice|p2a: Weed Tortoise|[spread] p2a,p2b\n|-resisted|p2a: Weed Tortoise|1\n|-crit|p2b: Mareinette\n|-damage|p2a: Weed Tortoise|36/100\n|-damage|p2b: Mareinette|57/100\n|move|p2b: Mareinette|Scald|p1b: Talonflame\n|-supereffective|p1b: Talonflame|1\n|-damage|p1b: Talonflame|1/100\n|move|p1b: Talonflame|Whirlwind|p2a: Weed Tortoise\n|drag|p2a: Break The Mold|Emboar, L50, M, shiny|100/100\n|\n|-weather|SunnyDay|[upkeep]\n|-heal|p1b: Talonflame|7/100|[from] item: Leftovers\n|-heal|p2b: Mareinette|63/100|[from] item: Leftovers\n|-end|p1a: Altaria|move: Yawn|[silent]\n|-status|p1a: Altaria|slp\n|upkeep\n|turn|4\n|inactive|Menrad has 30 seconds left.\n|inactive|Captinsuss has 30 seconds left.\n|inactive|Menrad has 20 seconds left.\n|inactive|Captinsuss has 20 seconds left.\n|inactive|Menrad has 15 seconds left.\n|inactive|Captinsuss has 15 seconds left.\n|inactive|Menrad has 10 seconds left.\n|inactive|Captinsuss has 10 seconds left.\n|inactive|Menrad has 5 seconds left.\n|\n|t:|1776128780\n|detailschange|p2a: Break The Mold|Emboar-Mega, L50, M, shiny\n|-mega|p2a: Break The Mold|Emboar|Emboarite\n|-ability|p2a: Break The Mold|Mold Breaker\n|move|p1b: Talonflame|U-turn|p2a: Break The Mold\n|-resisted|p2a: Break The Mold|2\n|-damage|p2a: Break The Mold|96/100\n|\n|t:|1776128789\n|switch|p1b: Polteageist|Polteageist, L50|100/100|[from] U-turn\n|cant|p1a: Altaria|slp\n|move|p2b: Mareinette|Scald|p1b: Polteageist\n|-damage|p1b: Polteageist|90/100\n|-status|p1b: Polteageist|brn\n|move|p2a: Break The Mold|Bulk Up|p2a: Break The Mold\n|-boost|p2a: Break The Mold|atk|1\n|-boost|p2a: Break The Mold|def|1\n|\n|-weather|SunnyDay|[upkeep]\n|-heal|p2b: Mareinette|69/100|[from] item: Leftovers\n|-damage|p1b: Polteageist|84/100 brn|[from] brn\n|-sideend|p2: Captinsuss|move: Tailwind\n|-sideend|p1: Menrad|move: Tailwind\n|upkeep\n|turn|5\n|\n|t:|1776128812\n|-curestatus|p1a: Altaria|slp|[msg]\n|move|p1a: Altaria|Hyper Voice|p2b: Mareinette|[spread] p2a,p2b\n|-damage|p2a: Break The Mold|68/100\n|-damage|p2b: Mareinette|42/100\n|move|p2b: Mareinette|Alluring Voice|p1b: Polteageist\n|-damage|p1b: Polteageist|70/100 brn\n|move|p2a: Break The Mold|Flare Blitz|p1b: Polteageist\n|-crit|p1b: Polteageist\n|-damage|p1b: Polteageist|0 fnt\n|faint|p1b: Polteageist\n|-damage|p2a: Break The Mold|51/100|[from] Recoil\n|\n|-weather|none\n|-heal|p2b: Mareinette|48/100|[from] item: Leftovers\n|upkeep\n|\n|t:|1776128832\n|switch|p1b: Talonflame|Talonflame, L50, F|7/100\n|turn|6\n|\n|t:|1776128850\n|move|p1b: Talonflame|Tailwind|p1b: Talonflame\n|-sidestart|p1: Menrad|move: Tailwind\n|move|p1a: Altaria|Draco Meteor|p2a: Break The Mold\n|-damage|p2a: Break The Mold|6/100\n|-unboost|p1a: Altaria|spa|2\n|move|p2b: Mareinette|Scald|p1b: Talonflame\n|-supereffective|p1b: Talonflame|1\n|-damage|p1b: Talonflame|0 fnt\n|faint|p1b: Talonflame\n|move|p2a: Break The Mold|Flare Blitz|p1a: Altaria\n|-resisted|p1a: Altaria|1\n|-damage|p1a: Altaria|16/100\n|-damage|p2a: Break The Mold|0 fnt|[from] Recoil\n|faint|p2a: Break The Mold\n|\n|-heal|p2b: Mareinette|53/100|[from] item: Leftovers\n|upkeep\n|\n|t:|1776128866\n|switch|p1b: Excadrill|Excadrill, L50, M|100/100\n|switch|p2a: Weed Tortoise|Torkoal, L50, M|36/100\n|-ability|p1b: Excadrill|Mold Breaker\n|-weather|SunnyDay|[from] ability: Drought|[of] p2a: Weed Tortoise\n|turn|7\n|\n|t:|1776128888\n|move|p1b: Excadrill|Drill Run|p2a: Weed Tortoise\n|-supereffective|p2a: Weed Tortoise|1\n|-damage|p2a: Weed Tortoise|0 fnt\n|faint|p2a: Weed Tortoise\n|move|p1a: Altaria|Draco Meteor|p2b: Mareinette\n|-damage|p2b: Mareinette|33/100\n|-unboost|p1a: Altaria|spa|2\n|move|p2b: Mareinette|Scald|p1b: Excadrill\n|-supereffective|p1b: Excadrill|1\n|-damage|p1b: Excadrill|58/100\n|-status|p1b: Excadrill|brn\n|\n|-weather|SunnyDay|[upkeep]\n|-heal|p2b: Mareinette|39/100|[from] item: Leftovers\n|-damage|p1b: Excadrill|52/100 brn|[from] brn\n|upkeep\n|turn|8\n|inactive|Menrad has 30 seconds left.\n|inactive|Menrad has 20 seconds left.\n|inactive|Menrad has 15 seconds left.\n|\n|t:|1776128931\n|move|p2b: Mareinette|Protect|p2b: Mareinette\n|-singleturn|p2b: Mareinette|Protect\n|move|p1b: Excadrill|Drill Run|p2b: Mareinette\n|-activate|p2b: Mareinette|move: Protect\n|move|p1a: Altaria|Hyper Voice|p2b: Mareinette\n|-activate|p2b: Mareinette|move: Protect\n|\n|-weather|SunnyDay|[upkeep]\n|-heal|p2b: Mareinette|45/100|[from] item: Leftovers\n|-damage|p1b: Excadrill|46/100 brn|[from] brn\n|upkeep\n|-enditem|p1b: Excadrill|Sitrus Berry|[eat]\n|-heal|p1b: Excadrill|71/100 brn|[from] item: Sitrus Berry\n|turn|9\n|\n|t:|1776128946\n|move|p1b: Excadrill|Drill Run|p2b: Mareinette\n|-damage|p2b: Mareinette|27/100\n|move|p1a: Altaria|Hyper Voice|p2b: Mareinette\n|-damage|p2b: Mareinette|14/100\n|move|p2b: Mareinette|Scald|p1b: Excadrill\n|-supereffective|p1b: Excadrill|1\n|-damage|p1b: Excadrill|32/100 brn\n|\n|-weather|SunnyDay|[upkeep]\n|-heal|p2b: Mareinette|20/100|[from] item: Leftovers\n|-damage|p1b: Excadrill|26/100 brn|[from] brn\n|-sideend|p1: Menrad|move: Tailwind\n|upkeep\n|turn|10\n|\n|t:|1776128960\n|move|p2b: Mareinette|Protect|p2b: Mareinette\n|-singleturn|p2b: Mareinette|Protect\n|move|p1b: Excadrill|Drill Run|p2b: Mareinette\n|-activate|p2b: Mareinette|move: Protect\n|move|p1a: Altaria|Hyper Voice|p2b: Mareinette\n|-activate|p2b: Mareinette|move: Protect\n|\n|-weather|SunnyDay|[upkeep]\n|-heal|p2b: Mareinette|26/100|[from] item: Leftovers\n|-damage|p1b: Excadrill|20/100 brn|[from] brn\n|upkeep\n|turn|11\n|\n|t:|1776128976\n|move|p1b: Excadrill|Iron Head|p2b: Mareinette\n|-resisted|p2b: Mareinette|1\n|-damage|p2b: Mareinette|17/100\n|move|p1a: Altaria|Hyper Voice|p2b: Mareinette\n|-damage|p2b: Mareinette|5/100\n|move|p2b: Mareinette|Scald|p1b: Excadrill\n|-supereffective|p1b: Excadrill|1\n|-crit|p1b: Excadrill\n|-damage|p1b: Excadrill|0 fnt\n|faint|p1b: Excadrill\n|\n|-weather|none\n|-heal|p2b: Mareinette|11/100|[from] item: Leftovers\n|upkeep\n|turn|12\n|\n|t:|1776128988\n|move|p2b: Mareinette|Protect|p2b: Mareinette\n|-singleturn|p2b: Mareinette|Protect\n|move|p1a: Altaria|Hyper Voice|p2b: Mareinette\n|-activate|p2b: Mareinette|move: Protect\n|\n|-heal|p2b: Mareinette|17/100|[from] item: Leftovers\n|upkeep\n|turn|13\n|\n|t:|1776128996\n|move|p1a: Altaria|Hyper Voice|p2b: Mareinette\n|-damage|p2b: Mareinette|5/100\n|move|p2b: Mareinette|Alluring Voice|p1a: Altaria\n|-supereffective|p1a: Altaria|1\n|-damage|p1a: Altaria|0 fnt\n|faint|p1a: Altaria\n|\n|win|Captinsuss\n|c|\u2606Captinsuss|GG\n",
  "uploadtime": 1776129004,
  "views": 30,
  "formatid": "gen9championsvgc2026regma",
  "rating": null,
  "private": 0,
  "password": null
}