{
  "id": "gen9championsvgc2026regma-2589572863",
  "format": "[Gen 9 Champions] VGC 2026 Reg M-A",
  "players": [
    "blazemonster12",
    "sdlt 2krl kiki"
  ],
  "log": "|raw|<div class=\"broadcast-blue\"><strong>This battle is required to be public due to a player having a name starting with 'sdlt'.</div>\n|j|\u2606blazemonster12\n|j|\u2606sdlt 2krl kiki\n|t:|1776735349\n|gametype|doubles\n|player|p1|blazemonster12|benga|1087\n|player|p2|sdlt 2krl kiki|aquasuit|1099\n|gen|9\n|tier|[Gen 9 Champions] VGC 2026 Reg M-A\n|rated|\n|rule|Species Clause: Limit one of each Pok\u00e9mon\n|rule|Item Clause: Limit 1 of each item\n|clearpoke\n|poke|p1|Sneasler, L50, F|\n|poke|p1|Feraligatr, L50, F|\n|poke|p1|Talonflame, L50, F|\n|poke|p1|Toucannon, L50, M|\n|poke|p1|Hatterene, L50, F|\n|poke|p1|Victreebel, L50, F|\n|poke|p2|Scovillain, L50, F|\n|poke|p2|Espathra, L50, F|\n|poke|p2|Milotic, L50, M|\n|poke|p2|Floette-Eternal, L50, F|\n|poke|p2|Sneasler, L50, M|\n|poke|p2|Incineroar, L50, M|\n|teampreview|4\n|inactive|Battle timer is ON: inactive players will automatically lose when time's up. (requested by sdlt 2krl kiki)\n|\n|t:|1776735374\n|teamsize|p1|4\n|teamsize|p2|4\n|start\n|switch|p1a: Sneasler|Sneasler, L50, F|100/100\n|switch|p1b: Feraligatr|Feraligatr, L50, F|100/100\n|switch|p2a: Espathra|Espathra, L50, F|100/100\n|switch|p2b: Incineroar|Incineroar, L50, M|100/100\n|-ability|p2b: Incineroar|Intimidate|boost\n|-unboost|p1a: Sneasler|atk|1\n|-unboost|p1b: Feraligatr|atk|1\n|turn|1\n|\n|t:|1776735397\n|switch|p2b: Sneasler|Sneasler, L50, M|100/100\n|detailschange|p1b: Feraligatr|Feraligatr-Mega, L50, F\n|-mega|p1b: Feraligatr|Feraligatr|Feraligite\n|move|p2a: Espathra|Protect|p2a: Espathra\n|-singleturn|p2a: Espathra|Protect\n|move|p1a: Sneasler|Fake Out|p2a: Espathra\n|-activate|p2a: Espathra|move: Protect\n|move|p1b: Feraligatr|Liquidation|p2a: Espathra\n|-activate|p2a: Espathra|move: Protect\n|\n|-ability|p2a: Espathra|Speed Boost|boost\n|-boost|p2a: Espathra|spe|1\n|upkeep\n|turn|2\n|\n|t:|1776735411\n|move|p1b: Feraligatr|Protect|p1b: Feraligatr\n|-singleturn|p1b: Feraligatr|Protect\n|move|p2b: Sneasler|Fake Out|p1a: Sneasler\n|-damage|p1a: Sneasler|81/100\n|move|p2a: Espathra|Calm Mind|p2a: Espathra\n|-boost|p2a: Espathra|spa|1\n|-boost|p2a: Espathra|spd|1\n|cant|p1a: Sneasler|flinch\n|\n|-ability|p2a: Espathra|Speed Boost|boost\n|-boost|p2a: Espathra|spe|1\n|upkeep\n|turn|3\n|\n|t:|1776735425\n|switch|p1a: Toucannon|Toucannon, L50, M|100/100\n|move|p2a: Espathra|Lumina Crash|p1a: Toucannon\n|-damage|p1a: Toucannon|45/100\n|-unboost|p1a: Toucannon|spd|2\n|move|p2b: Sneasler|Close Combat|p1b: Feraligatr\n|-damage|p1b: Feraligatr|52/100\n|-unboost|p2b: Sneasler|def|1\n|-unboost|p2b: Sneasler|spd|1\n|-enditem|p2b: Sneasler|White Herb\n|-clearnegativeboost|p2b: Sneasler|[silent]\n|move|p1b: Feraligatr|Liquidation|p2b: Sneasler\n|-damage|p2b: Sneasler|66/100\n|\n|-heal|p1a: Toucannon|51/100|[from] item: Leftovers\n|-ability|p2a: Espathra|Speed Boost|boost\n|-boost|p2a: Espathra|spe|1\n|upkeep\n|turn|4\n|\n|t:|1776735444\n|-singleturn|p1a: Toucannon|move: Beak Blast\n|move|p1b: Feraligatr|Protect|p1b: Feraligatr\n|-singleturn|p1b: Feraligatr|Protect\n|move|p2a: Espathra|Calm Mind|p2a: Espathra\n|-boost|p2a: Espathra|spa|1\n|-boost|p2a: Espathra|spd|1\n|move|p2b: Sneasler|Close Combat|p1a: Toucannon\n|-damage|p1a: Toucannon|0 fnt\n|-status|p2b: Sneasler|brn\n|-unboost|p2b: Sneasler|def|1\n|-unboost|p2b: Sneasler|spd|1\n|faint|p1a: Toucannon\n|\n|-damage|p2b: Sneasler|60/100 brn|[from] brn\n|-ability|p2a: Espathra|Speed Boost|boost\n|-boost|p2a: Espathra|spe|1\n|upkeep\n|\n|t:|1776735460\n|switch|p1a: Sneasler|Sneasler, L50, F|81/100\n|turn|5\n|\n|t:|1776735470\n|switch|p2b: Incineroar|Incineroar, L50, M|100/100\n|-ability|p2b: Incineroar|Intimidate|boost\n|-unboost|p1a: Sneasler|atk|1\n|-unboost|p1b: Feraligatr|atk|1\n|move|p2a: Espathra|Protect|p2a: Espathra\n|-singleturn|p2a: Espathra|Protect\n|move|p1a: Sneasler|Fake Out|p2b: Incineroar\n|-damage|p2b: Incineroar|95/100\n|move|p1b: Feraligatr|Liquidation|p2a: Espathra\n|-activate|p2a: Espathra|move: Protect\n|\n|-ability|p2a: Espathra|Speed Boost|boost\n|-boost|p2a: Espathra|spe|1\n|upkeep\n|turn|6\n|j| sdlt 2krl coolguy\n|c| sdlt 2krl coolguy|folk\n|c|\u2606sdlt 2krl kiki|bro its heat\n|\n|t:|1776735492\n|move|p2b: Incineroar|Fake Out|p1a: Sneasler\n|-damage|p1a: Sneasler|65/100\n|move|p2a: Espathra|Calm Mind|p2a: Espathra\n|-boost|p2a: Espathra|spa|1\n|-boost|p2a: Espathra|spd|1\n|cant|p1a: Sneasler|flinch\n|move|p1b: Feraligatr|Liquidation|p2a: Espathra\n|-damage|p2a: Espathra|63/100\n|\n|-ability|p2a: Espathra|Speed Boost|boost\n|-boost|p2a: Espathra|spe|1\n|upkeep\n|turn|7\n|j| Code\n|inactive|sdlt 2krl kiki has 30 seconds left.\n|j| direclawexperience\n|\n|t:|1776735525\n|move|p2a: Espathra|Baton Pass|p2a: Espathra\n|\n|t:|1776735527\n|switch|p2a: Floette|Floette-Eternal, L50, F|100/100|[from] Baton Pass\n|move|p1a: Sneasler|Dire Claw|p2a: Floette\n|-supereffective|p2a: Floette|1\n|-damage|p2a: Floette|47/100\n|move|p1b: Feraligatr|Double-Edge|p2a: Floette\n|-immune|p2a: Floette\n|move|p2b: Incineroar|Parting Shot|p1a: Sneasler\n|-unboost|p1a: Sneasler|atk|1\n|-unboost|p1a: Sneasler|spa|1\n|\n|t:|1776735537\n|switch|p2b: Sneasler|Sneasler, L50, M|60/100 brn|[from] Parting Shot\n|\n|-damage|p2b: Sneasler|55/100 brn|[from] brn\n|upkeep\n|turn|8\n|l| direclawexperience\n|\n|t:|1776735551\n|switch|p2b: Incineroar|Incineroar, L50, M|95/100\n|-ability|p2b: Incineroar|Intimidate|boost\n|-unboost|p1a: Sneasler|atk|1\n|-unboost|p1b: Feraligatr|atk|1\n|detailschange|p2a: Floette|Floette-Mega, L50, F\n|-mega|p2a: Floette|Floette|Floettite\n|-ability|p2a: Floette|Fairy Aura\n|move|p1b: Feraligatr|Protect|p1b: Feraligatr\n|-singleturn|p1b: Feraligatr|Protect\n|move|p2a: Floette|Dazzling Gleam|p1a: Sneasler|[spread] p1a\n|-activate|p1b: Feraligatr|move: Protect\n|-damage|p1a: Sneasler|0 fnt\n|faint|p1a: Sneasler\n|\n|upkeep\n|\n|t:|1776735565\n|switch|p1a: Talonflame|Talonflame, L50, F|100/100\n|turn|9\n|\n|t:|1776735576\n|move|p1a: Talonflame|Quick Guard|p1a: Talonflame\n|-singleturn|p1a: Talonflame|Quick Guard\n|move|p2b: Incineroar|Fake Out|p1a: Talonflame\n|-activate|p1a: Talonflame|move: Quick Guard\n|move|p2a: Floette|Moonblast|p1b: Feraligatr\n|-supereffective|p1b: Feraligatr|1\n|-damage|p1b: Feraligatr|0 fnt\n|faint|p1b: Feraligatr\n|\n|upkeep\n|turn|10\n|\n|t:|1776735601\n|move|p2a: Floette|Protect|p2a: Floette\n|-singleturn|p2a: Floette|Protect\n|move|p1a: Talonflame|Dual Wingbeat|p2a: Floette\n|-activate|p2a: Floette|move: Protect\n|move|p2b: Incineroar|Parting Shot|p1a: Talonflame\n|-unboost|p1a: Talonflame|atk|1\n|-unboost|p1a: Talonflame|spa|1\n|\n|t:|1776735615\n|switch|p2b: Espathra|Espathra, L50, F|63/100|[from] Parting Shot\n|\n|upkeep\n|turn|11\n|\n|t:|1776735630\n|move|p1a: Talonflame|Dual Wingbeat|p2a: Floette\n|-damage|p2a: Floette|40/100\n|-damage|p2a: Floette|33/100\n|-hitcount|p2a: Floette|2\n|move|p2a: Floette|Moonblast|p1a: Talonflame\n|-resisted|p1a: Talonflame|1\n|-damage|p1a: Talonflame|0 fnt\n|faint|p1a: Talonflame\n|\n|win|sdlt 2krl kiki\n|raw|blazemonster12's rating: 1087 &rarr; <strong>1065</strong><br />(-22 for losing)\n|raw|sdlt 2krl kiki's rating: 1099 &rarr; <strong>1123</strong><br />(+24 for winning)\n",
  "uploadtime": 1776735630,
  "views": 4,
  "formatid": "gen9championsvgc2026regma",
  "rating": 1065,
  "private": 0,
  "password": null
}