{
  "id": "gen9championsvgc2026regma-2588938878",
  "format": "[Gen 9 Champions] VGC 2026 Reg M-A",
  "players": [
    "Saymonster",
    "bopy1234a"
  ],
  "log": "|j|\u2606Saymonster\n|j|\u2606bopy1234a\n|t:|1776687750\n|gametype|doubles\n|player|p1|Saymonster|shadowtriad|1266\n|player|p2|bopy1234a|palmer|1259\n|gen|9\n|tier|[Gen 9 Champions] VGC 2026 Reg M-A\n|rated|\n|rule|Species Clause: Limit one of each Pok\u00e9mon\n|rule|Item Clause: Limit 1 of each item\n|clearpoke\n|poke|p1|Kommo-o, L50, M|\n|poke|p1|Garchomp, L50, M|\n|poke|p1|Talonflame, L50, M|\n|poke|p1|Gardevoir, L50, F|\n|poke|p1|Scizor, L50, M|\n|poke|p1|Sinistcha, L50|\n|poke|p2|Crabominable, L50, M|\n|poke|p2|Slowking-Galar, L50, F|\n|poke|p2|Incineroar, L50, F|\n|poke|p2|Kingambit, L50, F|\n|poke|p2|Primarina, L50, F|\n|poke|p2|Sinistcha, L50|\n|teampreview|4\n|inactive|Battle timer is ON: inactive players will automatically lose when time's up. (requested by bopy1234a)\nbopy1234a rejected open team sheets.\n|inactive|Saymonster has 60 seconds left.\n|inactive|Saymonster has 30 seconds left.\n|\n|t:|1776687815\n|teamsize|p1|4\n|teamsize|p2|4\n|start\n|switch|p1a: Gardevoir|Gardevoir, L50, F|100/100\n|switch|p1b: Talonflame|Talonflame, L50, M|100/100\n|switch|p2a: Slowking|Slowking-Galar, L50, F|100/100\n|switch|p2b: Incineroar|Incineroar, L50, F|100/100\n|-ability|p1a: Gardevoir|Regenerator|Trace|[from] ability: Trace|[of] p2a: Slowking\n|-ability|p2b: Incineroar|Intimidate|boost\n|-unboost|p1a: Gardevoir|atk|1\n|-unboost|p1b: Talonflame|atk|1\n|turn|1\n|inactive|Saymonster has 30 seconds left.\n|inactive|bopy1234a has 30 seconds left.\n|\n|t:|1776687849\n|move|p1a: Gardevoir|Protect|p1a: Gardevoir\n|-singleturn|p1a: Gardevoir|Protect\n|move|p2b: Incineroar|Fake Out|p1a: Gardevoir\n|-activate|p1a: Gardevoir|move: Protect\n|move|p1b: Talonflame|Tailwind|p1b: Talonflame\n|-sidestart|p1: Saymonster|move: Tailwind\n|move|p2a: Slowking|Sludge Bomb|p1a: Gardevoir\n|-activate|p1a: Gardevoir|move: Protect\n|\n|upkeep\n|turn|2\n|\n|t:|1776687873\n|detailschange|p1a: Gardevoir|Gardevoir-Mega, L50, F\n|-mega|p1a: Gardevoir|Gardevoir|Gardevoirite\n|move|p1b: Talonflame|Flare Blitz|p2a: Slowking\n|-damage|p2a: Slowking|78/100\n|-damage|p1b: Talonflame|92/100|[from] Recoil\n|move|p1a: Gardevoir|Psychic|p2a: Slowking\n|-damage|p2a: Slowking|43/100\n|move|p2b: Incineroar|Parting Shot|p1b: Talonflame\n|-unboost|p1b: Talonflame|atk|1\n|-unboost|p1b: Talonflame|spa|1\n|\n|t:|1776687888\n|switch|p2b: Primarina|Primarina, L50, F|100/100|[from] Parting Shot\n|move|p2a: Slowking|Sludge Bomb|p1a: Gardevoir\n|-supereffective|p1a: Gardevoir|1\n|-damage|p1a: Gardevoir|39/100\n|\n|upkeep\n|turn|3\n|inactive|Saymonster has 30 seconds left.\n|\n|t:|1776687919\n|switch|p2a: Incineroar|Incineroar, L50, F|100/100\n|-ability|p2a: Incineroar|Intimidate|boost\n|-unboost|p1a: Gardevoir|atk|1\n|-unboost|p1b: Talonflame|atk|1\n|move|p1a: Gardevoir|Protect|p1a: Gardevoir\n|-singleturn|p1a: Gardevoir|Protect\n|move|p1b: Talonflame|Flare Blitz|p2a: Incineroar\n|-resisted|p2a: Incineroar|1\n|-damage|p2a: Incineroar|93/100\n|-damage|p1b: Talonflame|89/100|[from] Recoil\n|move|p2b: Primarina|Calm Mind|p2b: Primarina\n|-boost|p2b: Primarina|spa|1\n|-boost|p2b: Primarina|spd|1\n|\n|upkeep\n|turn|4\n|inactive|Saymonster has 30 seconds left.\n|inactive|Saymonster has 20 seconds left.\n|inactive|Saymonster has 15 seconds left.\n|inactive|Saymonster has 10 seconds left.\n|\n|t:|1776687964\n|move|p2a: Incineroar|Fake Out|p1a: Gardevoir\n|-damage|p1a: Gardevoir|24/100\n|move|p1b: Talonflame|Dual Wingbeat|p2b: Primarina\n|-damage|p2b: Primarina|95/100\n|-damage|p2b: Primarina|88/100\n|-hitcount|p2b: Primarina|2\n|cant|p1a: Gardevoir|flinch\n|move|p2b: Primarina|Hyper Voice|p1b: Talonflame|[spread] p1a,p1b\n|-supereffective|p1b: Talonflame|1\n|-damage|p1a: Gardevoir|0 fnt\n|-damage|p1b: Talonflame|0 fnt\n|faint|p1a: Gardevoir\n|faint|p1b: Talonflame\n|\n|-heal|p2b: Primarina|94/100|[from] item: Leftovers\n|-sideend|p1: Saymonster|move: Tailwind\n|upkeep\n|\n|t:|1776687982\n|switch|p1b: Garchomp|Garchomp, L50, M|100/100\n|switch|p1a: Scizor|Scizor, L50, M|100/100\n|turn|5\n|inactive|Saymonster has 30 seconds left.\n|\n|t:|1776688017\n|switch|p2a: Slowking|Slowking-Galar, L50, F|76/100\n|move|p1a: Scizor|Bullet Punch|p2b: Primarina\n|-crit|p2b: Primarina\n|-damage|p2b: Primarina|33/100\n|move|p1b: Garchomp|Earthquake|p2a: Slowking|[spread] p1a,p2a,p2b\n|-supereffective|p2a: Slowking|1\n|-damage|p1a: Scizor|59/100\n|-damage|p2a: Slowking|11/100\n|-damage|p2b: Primarina|0 fnt\n|faint|p2b: Primarina\n|\n|upkeep\n|\n|t:|1776688028\n|switch|p2b: Incineroar|Incineroar, L50, F|93/100\n|-ability|p2b: Incineroar|Intimidate|boost\n|-unboost|p1a: Scizor|atk|1\n|-unboost|p1b: Garchomp|atk|1\n|turn|6\n|\n|t:|1776688043\n|move|p1b: Garchomp|Protect|p1b: Garchomp\n|-singleturn|p1b: Garchomp|Protect\n|move|p2b: Incineroar|Fake Out|p1b: Garchomp\n|-activate|p1b: Garchomp|move: Protect\n|move|p1a: Scizor|Roost|p1a: Scizor\n|-heal|p1a: Scizor|100/100\n|-singleturn|p1a: Scizor|move: Roost\n|move|p2a: Slowking|Trick Room|p2a: Slowking\n|-fieldstart|move: Trick Room|[of] p2a: Slowking\n|\n|upkeep\n|turn|7\n|inactive|bopy1234a has 30 seconds left.\n|inactive|bopy1234a has 20 seconds left.\n|\n|t:|1776688081\n|move|p1a: Scizor|Bullet Punch|p2a: Slowking\n|-damage|p2a: Slowking|0 fnt\n|faint|p2a: Slowking\n|move|p2b: Incineroar|Parting Shot|p1a: Scizor\n|-unboost|p1a: Scizor|atk|1\n|-unboost|p1a: Scizor|spa|1\n|\n|t:|1776688088\n|switch|p2b: Crabominable|Crabominable, L50, M|100/100|[from] Parting Shot\n|move|p1b: Garchomp|Earthquake|p2b: Crabominable|[spread] p1a,p2b\n|-damage|p1a: Scizor|75/100\n|-damage|p2b: Crabominable|74/100\n|\n|upkeep\n|\n|t:|1776688094\n|switch|p2a: Incineroar|Incineroar, L50, F|93/100\n|-ability|p2a: Incineroar|Intimidate|boost\n|-unboost|p1a: Scizor|atk|1\n|-unboost|p1b: Garchomp|atk|1\n|turn|8\n|\n|t:|1776688108\n|detailschange|p2b: Crabominable|Crabominable-Mega, L50, M\n|-mega|p2b: Crabominable|Crabominable|Crabominite\n|move|p1b: Garchomp|Protect|p1b: Garchomp\n|-singleturn|p1b: Garchomp|Protect\n|move|p2a: Incineroar|Fake Out|p1b: Garchomp\n|-activate|p1b: Garchomp|move: Protect\n|move|p1a: Scizor|Bullet Punch|p2b: Crabominable\n|-supereffective|p2b: Crabominable|1\n|-crit|p2b: Crabominable\n|-damage|p2b: Crabominable|2/100\n|move|p2b: Crabominable|Drain Punch|p1a: Scizor\n|-damage|p1a: Scizor|8/100\n|-heal|p2b: Crabominable|31/100|[from] drain|[of] p1a: Scizor\n|\n|upkeep\n|turn|9\n|\n|t:|1776688131\n|move|p2b: Crabominable|Protect|p2b: Crabominable\n|-singleturn|p2b: Crabominable|Protect\n|move|p1a: Scizor|Bullet Punch|p2b: Crabominable\n|-activate|p2b: Crabominable|move: Protect\n|move|p2a: Incineroar|Throat Chop|p1a: Scizor\n|-damage|p1a: Scizor|0 fnt\n|faint|p1a: Scizor\n|move|p1b: Garchomp|Rock Slide|p2a: Incineroar|[spread] p2a\n|-activate|p2b: Crabominable|move: Protect\n|-supereffective|p2a: Incineroar|1\n|-damage|p2a: Incineroar|74/100\n|\n|upkeep\n|turn|10\n|inactive|bopy1234a has 30 seconds left.\n|inactive|Saymonster has 30 seconds left.\n|inactive|bopy1234a has 20 seconds left.\n|inactive|bopy1234a has 15 seconds left.\n|\n|t:|1776688181\n|move|p1b: Garchomp|Protect|p1b: Garchomp\n|-singleturn|p1b: Garchomp|Protect\n|move|p2b: Crabominable|Drain Punch|p2a: Incineroar\n|-supereffective|p2a: Incineroar|1\n|-crit|p2a: Incineroar\n|-damage|p2a: Incineroar|0 fnt\n|-heal|p2b: Crabominable|67/100|[from] drain|[of] p2a: Incineroar\n|faint|p2a: Incineroar\n|\n|-fieldend|move: Trick Room\n|upkeep\n|turn|11\n|\n|t:|1776688197\n|move|p1b: Garchomp|Scale Shot|p2b: Crabominable\n|-damage|p2b: Crabominable|61/100\n|-damage|p2b: Crabominable|55/100\n|-damage|p2b: Crabominable|50/100\n|-damage|p2b: Crabominable|44/100\n|-hitcount|p2b: Crabominable|4\n|-unboost|p1b: Garchomp|def|1\n|-boost|p1b: Garchomp|spe|1\n|move|p2b: Crabominable|Ice Hammer|p1b: Garchomp\n|-supereffective|p1b: Garchomp|2\n|-damage|p1b: Garchomp|0 fnt\n|-unboost|p2b: Crabominable|spe|1\n|-damage|p2b: Crabominable|31/100|[from] ability: Rough Skin|[of] p1b: Garchomp\n|faint|p1b: Garchomp\n|\n|win|bopy1234a\n|raw|Saymonster's rating: 1266 &rarr; <strong>1240</strong><br />(-26 for losing)\n|raw|bopy1234a's rating: 1259 &rarr; <strong>1285</strong><br />(+26 for winning)\n|l|\u2606bopy1234a\n|player|p2|\n",
  "uploadtime": 1776688560,
  "views": 11,
  "formatid": "gen9championsvgc2026regma",
  "rating": 1240,
  "private": 0,
  "password": null
}