{
  "id": "gen9championsvgc2026regma-2581928613",
  "format": "[Gen 9 Champions] VGC 2026 Reg M-A",
  "players": [
    "Fluffy D Monkey",
    "the_ag_is_fake"
  ],
  "log": "|j|\u2606Fluffy D Monkey\n|j|\u2606the_ag_is_fake\n|t:|1776040587\n|gametype|doubles\n|player|p1|Fluffy D Monkey|265|1130\n|player|p2|the_ag_is_fake|rika|1190\n|gen|9\n|tier|[Gen 9 Champions] VGC 2026 Reg M-A\n|rated|\n|rule|Species Clause: Limit one of each Pok\u00e9mon\n|rule|Item Clause: Limit 1 of each item\n|clearpoke\n|poke|p1|Charizard, L50, M|\n|poke|p1|Venusaur, L50, M|\n|poke|p1|Sneasler, L50, F|\n|poke|p1|Garchomp, L50, M|\n|poke|p1|Rotom-Wash, L50|\n|poke|p1|Incineroar, L50, M|\n|poke|p2|Clefable, L50, F|\n|poke|p2|Incineroar, L50, M|\n|poke|p2|Kingambit, L50, F|\n|poke|p2|Sneasler, L50, F|\n|poke|p2|Kommo-o, L50, F|\n|poke|p2|Froslass, L50, F|\n|teampreview|4\n|inactive|Battle timer is ON: inactive players will automatically lose when time's up. (requested by the_ag_is_fake)\n|inactive|Fluffy D Monkey has 60 seconds left.\n|inactive|the_ag_is_fake has 60 seconds left.\n|\n|t:|1776040646\n|teamsize|p1|4\n|teamsize|p2|4\n|start\n|switch|p1a: Sneasler|Sneasler, L50, F|100/100\n|switch|p1b: Garchomp|Garchomp, L50, M|100/100\n|switch|p2a: Kommo-o|Kommo-o, L50, F|100/100\n|switch|p2b: Incineroar|Incineroar, L50, M|100/100\n|-ability|p2b: Incineroar|Intimidate|boost\n|-unboost|p1a: Sneasler|atk|1\n|-unboost|p1b: Garchomp|atk|1\n|-enditem|p1a: Sneasler|White Herb\n|-clearnegativeboost|p1a: Sneasler|[silent]\n|turn|1\n|\n|t:|1776040666\n|switch|p2b: Sneasler|Sneasler, L50, F|100/100\n|move|p2a: Kommo-o|Protect|p2a: Kommo-o\n|-singleturn|p2a: Kommo-o|Protect\n|move|p1a: Sneasler|Fake Out|p2b: Sneasler\n|-damage|p2b: Sneasler|74/100\n|move|p1b: Garchomp|Dragon Claw|p2a: Kommo-o\n|-activate|p2a: Kommo-o|move: Protect\n|\n|upkeep\n|turn|2\n|inactive|Fluffy D Monkey has 30 seconds left.\n|\n|t:|1776040694\n|move|p2b: Sneasler|Fake Out|p1a: Sneasler\n|-damage|p1a: Sneasler|78/100\n|cant|p1a: Sneasler|flinch\n|move|p1b: Garchomp|Dragon Claw|p2a: Kommo-o\n|-supereffective|p2a: Kommo-o|1\n|-damage|p2a: Kommo-o|43/100\n|move|p2a: Kommo-o|Clanging Scales|p1b: Garchomp|[spread] p1a,p1b\n|-supereffective|p1b: Garchomp|1\n|-damage|p1a: Sneasler|29/100\n|-damage|p1b: Garchomp|23/100\n|-unboost|p2a: Kommo-o|def|1\n|\n|-heal|p2a: Kommo-o|50/100|[from] item: Leftovers\n|upkeep\n|turn|3\n|inactive|Fluffy D Monkey has 30 seconds left.\n|\n|t:|1776040720\n|switch|p2a: Incineroar|Incineroar, L50, M|100/100\n|-ability|p2a: Incineroar|Intimidate|boost\n|-unboost|p1a: Sneasler|atk|1\n|-unboost|p1b: Garchomp|atk|1\n|move|p1a: Sneasler|Close Combat|p2a: Incineroar\n|-supereffective|p2a: Incineroar|1\n|-damage|p2a: Incineroar|16/100\n|-unboost|p1a: Sneasler|def|1\n|-unboost|p1a: Sneasler|spd|1\n|-enditem|p2a: Incineroar|Sitrus Berry|[eat]\n|-heal|p2a: Incineroar|41/100|[from] item: Sitrus Berry\n|move|p1b: Garchomp|Dragon Claw|p2b: Sneasler\n|-damage|p2b: Sneasler|36/100\n|move|p2b: Sneasler|Close Combat|p1a: Sneasler\n|-resisted|p1a: Sneasler|1\n|-damage|p1a: Sneasler|0 fnt\n|-unboost|p2b: Sneasler|def|1\n|-unboost|p2b: Sneasler|spd|1\n|faint|p1a: Sneasler\n|\n|upkeep\n|\n|t:|1776040738\n|switch|p1a: Charizard|Charizard, L50, M|100/100\n|turn|4\n|\n|t:|1776040760\n|switch|p1b: Venusaur|Venusaur, L50, M|100/100\n|detailschange|p1a: Charizard|Charizard-Mega-Y, L50, M\n|-mega|p1a: Charizard|Charizard|Charizardite Y\n|-weather|SunnyDay|[from] ability: Drought|[of] p1a: Charizard\n|move|p2a: Incineroar|Fake Out|p1b: Venusaur\n|-damage|p1b: Venusaur|85/100\n|move|p2b: Sneasler|Close Combat|p1b: Venusaur\n|-resisted|p1b: Venusaur|1\n|-damage|p1b: Venusaur|43/100\n|-unboost|p2b: Sneasler|def|1\n|-unboost|p2b: Sneasler|spd|1\n|-immune|p1b: Venusaur\n|move|p1a: Charizard|Heat Wave|p2a: Incineroar|[spread] p2b\n|-miss|p1a: Charizard|p2a: Incineroar\n|-damage|p2b: Sneasler|0 fnt\n|faint|p2b: Sneasler\n|\n|-weather|SunnyDay|[upkeep]\n|upkeep\n|\n|t:|1776040764\n|switch|p2b: Kommo-o|Kommo-o, L50, F|50/100\n|turn|5\n|\n|t:|1776040786\n|move|p1b: Venusaur|Sludge Bomb|p2a: Incineroar\n|-damage|p2a: Incineroar|11/100\n|-status|p2a: Incineroar|psn\n|move|p1a: Charizard|Heat Wave|p2b: Kommo-o|[spread] p2a,p2b\n|-resisted|p2a: Incineroar|1\n|-resisted|p2b: Kommo-o|1\n|-damage|p2a: Incineroar|0 fnt\n|-damage|p2b: Kommo-o|14/100\n|faint|p2a: Incineroar\n|move|p2b: Kommo-o|Clanging Scales|p1b: Venusaur|[spread] p1a,p1b\n|-damage|p1a: Charizard|59/100\n|-damage|p1b: Venusaur|0 fnt\n|faint|p1b: Venusaur\n|-unboost|p2b: Kommo-o|def|1\n|\n|-weather|SunnyDay|[upkeep]\n|-heal|p2b: Kommo-o|20/100|[from] item: Leftovers\n|upkeep\n|\n|t:|1776040800\n|switch|p1b: Garchomp|Garchomp, L50, M|23/100\n|switch|p2a: Kingambit|Kingambit, L50, F|100/100\n|turn|6\n|\n|t:|1776040822\n|move|p2b: Kommo-o|Protect|p2b: Kommo-o\n|-singleturn|p2b: Kommo-o|Protect\n|move|p2a: Kingambit|Protect|p2a: Kingambit\n|-singleturn|p2a: Kingambit|Protect\n|move|p1b: Garchomp|Dragon Claw|p2b: Kommo-o\n|-activate|p2b: Kommo-o|move: Protect\n|move|p1a: Charizard|Heat Wave|p2a: Kingambit|[spread] \n|-activate|p2a: Kingambit|move: Protect\n|-activate|p2b: Kommo-o|move: Protect\n|\n|-weather|SunnyDay|[upkeep]\n|-heal|p2b: Kommo-o|27/100|[from] item: Leftovers\n|upkeep\n|turn|7\n|\n|t:|1776040838\n|move|p1b: Garchomp|Dragon Claw|p2b: Kommo-o\n|-supereffective|p2b: Kommo-o|1\n|-damage|p2b: Kommo-o|0 fnt\n|faint|p2b: Kommo-o\n|move|p1a: Charizard|Heat Wave|p2a: Kingambit|[miss]\n|-miss|p1a: Charizard|p2a: Kingambit\n|move|p2a: Kingambit|Kowtow Cleave|p1a: Charizard\n|-damage|p1a: Charizard|0 fnt\n|faint|p1a: Charizard\n|\n|-weather|SunnyDay|[upkeep]\n|upkeep\n|turn|8\n|c|\u2606the_ag_is_fake|i misclicked and got bailed srry\n|\n|t:|1776040853\n|move|p2a: Kingambit|Sucker Punch|p1b: Garchomp\n|-damage|p1b: Garchomp|0 fnt\n|-damage|p2a: Kingambit|88/100|[from] ability: Rough Skin|[of] p1b: Garchomp\n|faint|p1b: Garchomp\n|\n|win|the_ag_is_fake\n|raw|Fluffy D Monkey's rating: 1130 &rarr; <strong>1109</strong><br />(-21 for losing)\n|raw|the_ag_is_fake's rating: 1190 &rarr; <strong>1211</strong><br />(+21 for winning)\n",
  "uploadtime": 1776040854,
  "views": 12,
  "formatid": "gen9championsvgc2026regma",
  "rating": 1109,
  "private": 0,
  "password": null
}