{
  "id": "gen9championsvgc2026regma-2587342497",
  "format": "[Gen 9 Champions] VGC 2026 Reg M-A",
  "players": [
    "kaypokeman",
    "bleedingjarl"
  ],
  "log": "|j|\u2606kaypokeman\n|j|\u2606bleedingjarl\n|t:|1776523709\n|gametype|doubles\n|player|p1|kaypokeman|lucas|1053\n|player|p2|bleedingjarl|wallace|1000\n|gen|9\n|tier|[Gen 9 Champions] VGC 2026 Reg M-A\n|rated|\n|rule|Species Clause: Limit one of each Pok\u00e9mon\n|rule|Item Clause: Limit 1 of each item\n|clearpoke\n|poke|p1|Charizard, L50, M|\n|poke|p1|Venusaur, L50, M|\n|poke|p1|Garchomp, L50, M|\n|poke|p1|Incineroar, L50, F|\n|poke|p1|Farigiraf, L50, F|\n|poke|p1|Torkoal, L50, M|\n|poke|p2|Starmie, L50|\n|poke|p2|Pelipper, L50, M|\n|poke|p2|Farigiraf, L50, M|\n|poke|p2|Meganium, L50, M|\n|poke|p2|Heliolisk, L50, F|\n|poke|p2|Sneasler, L50, F|\n|teampreview|4\n|\n|t:|1776523734\n|teamsize|p1|4\n|teamsize|p2|4\n|start\n|switch|p1a: Charizard|Charizard, L50, M|100/100\n|switch|p1b: Venusaur|Venusaur, L50, M|100/100\n|switch|p2a: Starmie|Starmie, L50|100/100\n|switch|p2b: Sneasler|Sneasler, L50, F|100/100\n|turn|1\n|\n|t:|1776523779\n|detailschange|p2a: Starmie|Starmie-Mega, L50\n|-mega|p2a: Starmie|Starmie|Starminite\n|detailschange|p1a: Charizard|Charizard-Mega-Y, L50, M\n|-mega|p1a: Charizard|Charizard|Charizardite Y\n|-weather|SunnyDay|[from] ability: Drought|[of] p1a: Charizard\n|move|p2b: Sneasler|Fake Out|p1b: Venusaur\n|-damage|p1b: Venusaur|86/100\n|cant|p1b: Venusaur|flinch\n|move|p2a: Starmie|Flip Turn|p1a: Charizard\n|-supereffective|p1a: Charizard|1\n|-damage|p1a: Charizard|38/100\n|\n|t:|1776523796\n|switch|p2a: Pelipper|Pelipper, L50, M|100/100|[from] Flip Turn\n|-weather|RainDance|[from] ability: Drizzle|[of] p2a: Pelipper\n|move|p1a: Charizard|Overheat|p2b: Sneasler\n|-damage|p2b: Sneasler|47/100\n|-unboost|p1a: Charizard|spa|2\n|\n|-weather|RainDance|[upkeep]\n|upkeep\n|turn|2\n|\n|t:|1776523817\n|switch|p2b: Starmie|Starmie-Mega, L50|100/100\n|switch|p1b: Farigiraf|Farigiraf, L50, F|100/100\n|move|p1a: Charizard|Overheat|p2b: Starmie|[miss]\n|-miss|p1a: Charizard|p2b: Starmie\n|move|p2a: Pelipper|Hurricane|p1b: Farigiraf\n|-damage|p1b: Farigiraf|54/100\n|\n|-weather|RainDance|[upkeep]\n|upkeep\n|turn|3\n|\n|t:|1776523840\n|move|p2b: Starmie|Thunder|p1a: Charizard\n|-supereffective|p1a: Charizard|1\n|-damage|p1a: Charizard|0 fnt\n|faint|p1a: Charizard\n|move|p2a: Pelipper|U-turn|p1b: Farigiraf\n|-supereffective|p1b: Farigiraf|1\n|-damage|p1b: Farigiraf|38/100\n|\n|t:|1776523849\n|switch|p2a: Meganium|Meganium, L50, M|100/100|[from] U-turn\n|move|p1b: Farigiraf|Trick Room|p1b: Farigiraf\n|-fieldstart|move: Trick Room|[of] p1b: Farigiraf\n|\n|-weather|RainDance|[upkeep]\n|upkeep\n|\n|t:|1776523856\n|switch|p1a: Torkoal|Torkoal, L50, M|100/100\n|-weather|SunnyDay|[from] ability: Drought|[of] p1a: Torkoal\n|turn|4\n|\n|t:|1776523872\n|move|p1b: Farigiraf|Protect|p1b: Farigiraf\n|-singleturn|p1b: Farigiraf|Protect\n|move|p2a: Meganium|Protect|p2a: Meganium\n|-singleturn|p2a: Meganium|Protect\n|move|p1a: Torkoal|Eruption|p2b: Starmie|[spread] p2b\n|-activate|p2a: Meganium|move: Protect\n|-resisted|p2b: Starmie|1\n|-damage|p2b: Starmie|63/100\n|move|p2b: Starmie|Self-Destruct|p1a: Torkoal|[spread] p1a\n|-activate|p2a: Meganium|move: Protect\n|-activate|p1b: Farigiraf|move: Protect\n|-damage|p1a: Torkoal|38/100\n|faint|p2b: Starmie\n|\n|-weather|SunnyDay|[upkeep]\n|upkeep\n|\n|t:|1776523890\n|switch|p2b: Sneasler|Sneasler, L50, F|47/100\n|turn|5\n|\n|t:|1776523905\n|switch|p2a: Pelipper|Pelipper, L50, M|100/100\n|-weather|RainDance|[from] ability: Drizzle|[of] p2a: Pelipper\n|move|p1b: Farigiraf|Protect||[still]\n|-fail|p1b: Farigiraf\n|move|p2b: Sneasler|Fake Out||[still]\n|cant|p1b: Farigiraf|ability: Armor Tail|Fake Out|[of] p2b: Sneasler\n|move|p1a: Torkoal|Eruption|p2a: Pelipper|[spread] p2a,p2b\n|-resisted|p2a: Pelipper|1\n|-crit|p2a: Pelipper\n|-damage|p2a: Pelipper|92/100\n|-damage|p2b: Sneasler|36/100\n|\n|-weather|RainDance|[upkeep]\n|upkeep\n|turn|6\n|\n|t:|1776523930\n|switch|p2b: Meganium|Meganium, L50, M|100/100\n|move|p1a: Torkoal|Earthquake|p2b: Meganium|[spread] p1b,p2b\n|-immune|p2a: Pelipper\n|-resisted|p2b: Meganium|1\n|-damage|p1b: Farigiraf|20/100\n|-damage|p2b: Meganium|91/100\n|move|p1b: Farigiraf|Hyper Voice|p2b: Meganium|[spread] p2a,p2b\n|-crit|p2a: Pelipper\n|-damage|p2a: Pelipper|28/100\n|-damage|p2b: Meganium|67/100\n|move|p2a: Pelipper|Surf|p1a: Torkoal|[spread] p2b,p1a,p1b\n|-resisted|p2b: Meganium|1\n|-supereffective|p1a: Torkoal|1\n|-damage|p2b: Meganium|46/100\n|-damage|p1a: Torkoal|0 fnt\n|-damage|p1b: Farigiraf|0 fnt\n|faint|p1a: Torkoal\n|faint|p1b: Farigiraf\n|\n|-weather|RainDance|[upkeep]\n|upkeep\n|\n|t:|1776523950\n|switch|p1b: Venusaur|Venusaur, L50, M|86/100\n|turn|7\n|\n|t:|1776523962\n|move|p2b: Meganium|Protect|p2b: Meganium\n|-singleturn|p2b: Meganium|Protect\n|move|p2a: Pelipper|Hurricane|p1b: Venusaur\n|-supereffective|p1b: Venusaur|1\n|-damage|p1b: Venusaur|0 fnt\n|faint|p1b: Venusaur\n|\n|win|bleedingjarl\n|raw|kaypokeman's rating: 1053 &rarr; <strong>1032</strong><br />(-21 for losing)\n|raw|bleedingjarl's rating: 1000 &rarr; <strong>1046</strong><br />(+46 for winning)\n",
  "uploadtime": 1776523986,
  "views": 16,
  "formatid": "gen9championsvgc2026regma",
  "rating": 1032,
  "private": 0,
  "password": null
}