{
  "id": "gen9championsvgc2026regma-2583577371",
  "format": "[Gen 9 Champions] VGC 2026 Reg M-A",
  "players": [
    "theBogs",
    "lau334"
  ],
  "log": "|j|\u2606theBogs\n|j|\u2606lau334\n|t:|1776184394\n|gametype|doubles\n|player|p1|theBogs|hilbert-wonderlauncher|1040\n|player|p2|lau334|1|1116\n|gen|9\n|tier|[Gen 9 Champions] VGC 2026 Reg M-A\n|rated|\n|rule|Species Clause: Limit one of each Pok\u00e9mon\n|rule|Item Clause: Limit 1 of each item\n|clearpoke\n|poke|p1|Orthworm, L50, M|\n|poke|p1|Incineroar, L50, F|\n|poke|p1|Hatterene, L50, F|\n|poke|p1|Golurk, L50|\n|poke|p1|Kingambit, L50, F|\n|poke|p1|Pelipper, L50, M|\n|poke|p2|Froslass, L50, F|\n|poke|p2|Rotom-Frost, L50|\n|poke|p2|Orthworm, L50, M|\n|poke|p2|Dragapult, L50, F|\n|poke|p2|Garchomp, L50, M|\n|poke|p2|Milotic, L50, M|\n|teampreview|4\ntheBogs rejected open team sheets.\n|\n|t:|1776184418\n|teamsize|p1|4\n|teamsize|p2|4\n|start\n|switch|p1a: Incineroar|Incineroar, L50, F|100/100\n|switch|p1b: Hatterene|Hatterene, L50, F|100/100\n|switch|p2a: Milotic|Milotic, L50, M|100/100\n|switch|p2b: Froslass|Froslass, L50, F, shiny|100/100\n|-ability|p1a: Incineroar|Intimidate|boost\n|-unboost|p2a: Milotic|atk|1\n|-ability|p2a: Milotic|Competitive|boost\n|-boost|p2a: Milotic|spa|2\n|-unboost|p2b: Froslass|atk|1\n|turn|1\n|inactive|Battle timer is ON: inactive players will automatically lose when time's up. (requested by theBogs)\n|\n|t:|1776184444\n|detailschange|p2b: Froslass|Froslass-Mega, L50, F, shiny\n|-mega|p2b: Froslass|Froslass|Froslassite\n|-weather|Snowscape|[from] ability: Snow Warning|[of] p2b: Froslass\n|move|p1a: Incineroar|Fake Out|p2a: Milotic\n|-damage|p2a: Milotic|89/100\n|move|p2b: Froslass|Shadow Ball|p1b: Hatterene\n|-supereffective|p1b: Hatterene|1\n|-damage|p1b: Hatterene|4/100\n|cant|p2a: Milotic|flinch\n|move|p1b: Hatterene|Trick Room|p1b: Hatterene\n|-fieldstart|move: Trick Room|[of] p1b: Hatterene\n|\n|-weather|Snowscape|[upkeep]\n|-heal|p2a: Milotic|95/100|[from] item: Leftovers\n|upkeep\n|turn|2\n|inactive|theBogs has 30 seconds left.\n|\n|t:|1776184472\n|move|p1b: Hatterene|Protect|p1b: Hatterene\n|-singleturn|p1b: Hatterene|Protect\n|move|p2b: Froslass|Protect|p2b: Froslass\n|-singleturn|p2b: Froslass|Protect\n|move|p1a: Incineroar|Flare Blitz|p2b: Froslass\n|-activate|p2b: Froslass|move: Protect\n|move|p2a: Milotic|Scald|p1b: Hatterene\n|-activate|p1b: Hatterene|move: Protect\n|\n|-weather|Snowscape|[upkeep]\n|-heal|p2a: Milotic|100/100|[from] item: Leftovers\n|upkeep\n|turn|3\n|\n|t:|1776184494\n|switch|p1b: Golurk|Golurk, L50|100/100\n|switch|p2b: GOATchomp|Garchomp, L50, M|100/100\n|move|p1a: Incineroar|Parting Shot|p2a: Milotic\n|-unboost|p2a: Milotic|atk|1\n|-ability|p2a: Milotic|Competitive|boost\n|-boost|p2a: Milotic|spa|2\n|-unboost|p2a: Milotic|spa|1\n|-ability|p2a: Milotic|Competitive|boost\n|-boost|p2a: Milotic|spa|2\n|\n|t:|1776184506\n|switch|p1a: Orthworm|Orthworm, L50, M, shiny|100/100|[from] Parting Shot\n|move|p2a: Milotic|Scald|p1b: Golurk\n|-supereffective|p1b: Golurk|1\n|-damage|p1b: Golurk|0 fnt\n|faint|p1b: Golurk\n|\n|-weather|Snowscape|[upkeep]\n|upkeep\n|\n|t:|1776184516\n|switch|p1b: Hatterene|Hatterene, L50, F|4/100\n|turn|4\n|\n|t:|1776184525\n|move|p2b: GOATchomp|Protect|p2b: GOATchomp\n|-singleturn|p2b: GOATchomp|Protect\n|move|p1b: Hatterene|Dark Pulse|p2b: GOATchomp\n|-activate|p2b: GOATchomp|move: Protect\n|move|p1a: Orthworm|Iron Defense|p1a: Orthworm\n|-boost|p1a: Orthworm|def|2\n|move|p2a: Milotic|Scald|p1b: Hatterene\n|-damage|p1b: Hatterene|0 fnt\n|faint|p1b: Hatterene\n|\n|-weather|Snowscape|[upkeep]\n|upkeep\n|\n|t:|1776184536\n|switch|p1b: Incineroar|Incineroar, L50, F|100/100\n|-ability|p1b: Incineroar|Intimidate|boost\n|-unboost|p2a: Milotic|atk|1\n|-ability|p2a: Milotic|Competitive|boost\n|-boost|p2a: Milotic|spa|1\n|-unboost|p2b: GOATchomp|atk|1\n|turn|5\n|\n|t:|1776184549\n|move|p1a: Orthworm|Flash Cannon|p2b: GOATchomp\n|-damage|p2b: GOATchomp|81/100\n|move|p1b: Incineroar|Darkest Lariat|p2b: GOATchomp\n|-damage|p2b: GOATchomp|34/100\n|-damage|p1b: Incineroar|88/100|[from] ability: Rough Skin|[of] p2b: GOATchomp\n|move|p2a: Milotic|Scald|p1a: Orthworm\n|-damage|p1a: Orthworm|0 fnt\n|faint|p1a: Orthworm\n|move|p2b: GOATchomp|Rock Slide|p1b: Incineroar\n|-supereffective|p1b: Incineroar|1\n|-damage|p1b: Incineroar|54/100\n|\n|-weather|none\n|-fieldend|move: Trick Room\n|upkeep\n|turn|6\n|\n|t:|1776184564\n|move|p2b: GOATchomp|Rock Slide|p1b: Incineroar\n|-supereffective|p1b: Incineroar|1\n|-damage|p1b: Incineroar|22/100\n|move|p2a: Milotic|Scald|p1b: Incineroar\n|-supereffective|p1b: Incineroar|1\n|-damage|p1b: Incineroar|0 fnt\n|faint|p1b: Incineroar\n|\n|win|lau334\n|raw|theBogs's rating: 1040 &rarr; <strong>1027</strong><br />(-13 for losing)\n|raw|lau334's rating: 1116 &rarr; <strong>1136</strong><br />(+20 for winning)\n|c|\u2606lau334|Son\n|l|\u2606theBogs\n|player|p1|\n|c|\u2606lau334|\ud83e\udd40\ud83e\udd40\ud83e\udd40\n",
  "uploadtime": 1776184706,
  "views": 18,
  "formatid": "gen9championsvgc2026regma",
  "rating": 1027,
  "private": 0,
  "password": null
}