{
  "id": "gen9championsvgc2026regma-2585757177",
  "format": "[Gen 9 Champions] VGC 2026 Reg M-A",
  "players": [
    "LeaderSilva",
    "Izgris"
  ],
  "log": "|j|\u2606LeaderSilva\n|j|\u2606Izgris\n|t:|1776368481\n|gametype|doubles\n|player|p1|LeaderSilva|preschooler|1000\n|player|p2|Izgris|sage|1000\n|gen|9\n|tier|[Gen 9 Champions] VGC 2026 Reg M-A\n|rated|\n|rule|Species Clause: Limit one of each Pok\u00e9mon\n|rule|Item Clause: Limit 1 of each item\n|clearpoke\n|poke|p1|Lopunny, L50, F|\n|poke|p1|Lucario, L50, F|\n|poke|p1|Sableye, L50, M|\n|poke|p1|Milotic, L50, F|\n|poke|p1|Pelipper, L50, F|\n|poke|p1|Meganium, L50, M|\n|poke|p2|Sneasler, L50, F|\n|poke|p2|Basculegion, L50, M|\n|poke|p2|Garchomp, L50, F|\n|poke|p2|Incineroar, L50, M|\n|poke|p2|Floette-Eternal, L50, F|\n|poke|p2|Sinistcha, L50|\n|teampreview|4\n|inactive|Battle timer is ON: inactive players will automatically lose when time's up. (requested by LeaderSilva)\n|\n|t:|1776368506\n|teamsize|p1|4\n|teamsize|p2|4\n|start\n|switch|p1a: Lucario|Lucario, L50, F|100/100\n|switch|p1b: Meganium|Meganium, L50, M|100/100\n|switch|p2a: Incineroar|Incineroar, L50, M|100/100\n|switch|p2b: Floette|Floette-Eternal, L50, F|100/100\n|-ability|p2a: Incineroar|Intimidate|boost\n|-fail|p1a: Lucario|unboost|Attack|[from] ability: Inner Focus|[of] p1a: Lucario\n|-unboost|p1b: Meganium|atk|1\n|turn|1\n|\n|t:|1776368522\n|detailschange|p2b: Floette|Floette-Mega, L50, F\n|-mega|p2b: Floette|Floette|Floettite\n|-ability|p2b: Floette|Fairy Aura\n|detailschange|p1b: Meganium|Meganium-Mega, L50, M\n|-mega|p1b: Meganium|Meganium|Meganiumite\n|move|p2a: Incineroar|Fake Out|p1a: Lucario\n|-resisted|p1a: Lucario|1\n|-damage|p1a: Lucario|93/100\n|move|p2b: Floette|Moonblast|p1a: Lucario\n|-damage|p1a: Lucario|0 fnt\n|faint|p1a: Lucario\n|move|p1b: Meganium|Weather Ball|p2b: Floette\n|-damage|p2b: Floette|54/100\n|\n|upkeep\n|\n|t:|1776368531\n|switch|p1a: Milotic|Milotic, L50, F|100/100\n|turn|2\n|\n|t:|1776368543\n|move|p1a: Milotic|Scald|p2b: Floette\n|-damage|p2b: Floette|28/100\n|-status|p2b: Floette|brn\n|move|p2b: Floette|Draining Kiss|p1a: Milotic\n|-damage|p1a: Milotic|66/100\n|-heal|p2b: Floette|56/100 brn|[from] drain|[of] p1a: Milotic\n|move|p1b: Meganium|Weather Ball|p2a: Incineroar\n|-resisted|p2a: Incineroar|1\n|-crit|p2a: Incineroar\n|-damage|p2a: Incineroar|64/100\n|move|p2a: Incineroar|Flare Blitz|p1b: Meganium\n|-supereffective|p1b: Meganium|1\n|-damage|p1b: Meganium|22/100\n|-damage|p2a: Incineroar|40/100|[from] Recoil\n|\n|-damage|p2b: Floette|50/100 brn|[from] brn\n|upkeep\n|turn|3\n|\n|t:|1776368563\n|move|p2b: Floette|Protect|p2b: Floette\n|-singleturn|p2b: Floette|Protect\n|move|p1a: Milotic|Scald|p2a: Incineroar\n|-supereffective|p2a: Incineroar|1\n|-damage|p2a: Incineroar|0 fnt\n|faint|p2a: Incineroar\n|move|p1b: Meganium|Weather Ball|p2b: Floette\n|-activate|p2b: Floette|move: Protect\n|\n|-damage|p2b: Floette|45/100 brn|[from] brn\n|upkeep\n|\n|t:|1776368574\n|switch|p2a: Sneasler|Sneasler, L50, F|100/100\n|turn|4\n|\n|t:|1776368588\n|move|p2a: Sneasler|Fake Out|p1b: Meganium\n|-damage|p1b: Meganium|8/100\n|move|p1a: Milotic|Scald|p2a: Sneasler\n|-damage|p2a: Sneasler|56/100\n|move|p2b: Floette|Moonblast|p1b: Meganium\n|-damage|p1b: Meganium|0 fnt\n|faint|p1b: Meganium\n|\n|-damage|p2b: Floette|39/100 brn|[from] brn\n|upkeep\n|\n|t:|1776368593\n|switch|p1b: Sableye|Sableye, L50, M|100/100\n|turn|5\n|\n|t:|1776368607\n|move|p1b: Sableye|Encore|p2a: Sneasler\n|-start|p2a: Sneasler|Encore\n|move|p2a: Sneasler|Fake Out||[still]\n|-hint|Fake Out only works on your first turn out.\n|-fail|p2a: Sneasler\n|move|p1a: Milotic|Scald|p2b: Floette\n|-damage|p2b: Floette|12/100 brn\n|move|p2b: Floette|Draining Kiss|p1b: Sableye\n|-supereffective|p1b: Sableye|1\n|-enditem|p1b: Sableye|Focus Sash\n|-damage|p1b: Sableye|1/100\n|-heal|p2b: Floette|86/100 brn|[from] drain|[of] p1b: Sableye\n|\n|-damage|p2b: Floette|80/100 brn|[from] brn\n|upkeep\n|turn|6\n|\n|t:|1776368627\n|move|p1b: Sableye|Helping Hand|p1a: Milotic\n|-singleturn|p1a: Milotic|Helping Hand|[of] p1b: Sableye\n|move|p2b: Floette|Protect|p2b: Floette\n|-singleturn|p2b: Floette|Protect\n|move|p1a: Milotic|Scald|p2b: Floette\n|-activate|p2b: Floette|move: Protect\n|-activate|p2a: Sneasler|move: Struggle\n|move|p2a: Sneasler|Struggle|p1b: Sableye\n|-damage|p1b: Sableye|0 fnt\n|faint|p1b: Sableye\n|-damage|p2a: Sneasler|31/100|[from] recoil\n|\n|-damage|p2b: Floette|75/100 brn|[from] brn\n|upkeep\n|turn|7\n|\n|t:|1776368644\n|move|p1a: Milotic|Scald|p2b: Floette\n|-damage|p2b: Floette|46/100 brn\n|-activate|p2a: Sneasler|move: Struggle\n|move|p2a: Sneasler|Struggle|p1a: Milotic\n|-damage|p1a: Milotic|42/100\n|-damage|p2a: Sneasler|6/100|[from] recoil\n|move|p2b: Floette|Moonblast|p1a: Milotic\n|-damage|p1a: Milotic|0 fnt\n|faint|p1a: Milotic\n|\n|win|Izgris\n|raw|LeaderSilva's rating: 1000 &rarr; <strong>1000</strong><br />(+0 for losing)\n|raw|Izgris's rating: 1000 &rarr; <strong>1040</strong><br />(+40 for winning)\n|l|\u2606LeaderSilva\n|player|p1|\n|c|\u2606Izgris|gg\n",
  "uploadtime": 1776368656,
  "views": 16,
  "formatid": "gen9championsvgc2026regma",
  "rating": 1000,
  "private": 0,
  "password": null
}