{
  "id": "gen9championsvgc2026regma-2583971650",
  "format": "[Gen 9 Champions] VGC 2026 Reg M-A",
  "players": [
    "DarthPug03",
    "ChampionsmatchVGC"
  ],
  "log": "|j|\u2606DarthPug03\n|j|\u2606ChampionsmatchVGC\n|t:|1776213020\n|gametype|doubles\n|player|p1|DarthPug03|morty|1448\n|player|p2|ChampionsmatchVGC|102|1613\n|gen|9\n|tier|[Gen 9 Champions] VGC 2026 Reg M-A\n|rated|\n|rule|Species Clause: Limit one of each Pok\u00e9mon\n|rule|Item Clause: Limit 1 of each item\n|clearpoke\n|poke|p1|Tyranitar, L50, M|\n|poke|p1|Garchomp, L50, M|\n|poke|p1|Corviknight, L50, M|\n|poke|p1|Rotom-Wash, L50|\n|poke|p1|Sneasler, L50, F|\n|poke|p1|Sinistcha, L50|\n|poke|p2|Garchomp, L50, F|\n|poke|p2|Delphox, L50, F|\n|poke|p2|Floette-Eternal, L50, F|\n|poke|p2|Sneasler, L50, F|\n|poke|p2|Kingambit, L50, M|\n|poke|p2|Basculegion, L50, M|\n|teampreview|4\n|inactive|Battle timer is ON: inactive players will automatically lose when time's up. (requested by DarthPug03)\n|j| AvocadoEC\n|inactive|ChampionsmatchVGC has 60 seconds left.\n|\n|t:|1776213059\n|teamsize|p1|4\n|teamsize|p2|4\n|start\n|switch|p1a: Corviknight|Corviknight, L50, M|100/100\n|switch|p1b: Rotom|Rotom-Wash, L50|100/100\n|switch|p2a: Garchomp|Garchomp, L50, F|100/100\n|switch|p2b: Delphox|Delphox, L50, F|100/100\n|turn|1\n|\n|t:|1776213073\n|switch|p1a: Tyranitar|Tyranitar, L50, M|100/100\n|-weather|Sandstorm|[from] ability: Sand Stream|[of] p1a: Tyranitar\n|detailschange|p2b: Delphox|Delphox-Mega, L50, F\n|-mega|p2b: Delphox|Delphox|Delphoxite\n|move|p2b: Delphox|Heat Wave|p1b: Rotom|[spread] p1a,p1b\n|-resisted|p1a: Tyranitar|1\n|-resisted|p1b: Rotom|1\n|-damage|p1a: Tyranitar|88/100\n|-damage|p1b: Rotom|77/100\n|move|p2a: Garchomp|Rock Slide|p1a: Tyranitar|[spread] p1a,p1b\n|-damage|p1a: Tyranitar|69/100\n|-damage|p1b: Rotom|55/100\n|move|p1b: Rotom|Will-O-Wisp|p2a: Garchomp|[miss]\n|-miss|p1b: Rotom|p2a: Garchomp\n|\n|-weather|Sandstorm|[upkeep]\n|-damage|p2b: Delphox|95/100|[from] Sandstorm\n|-damage|p1b: Rotom|49/100|[from] Sandstorm\n|-heal|p1b: Rotom|55/100|[from] item: Leftovers\n|upkeep\n|turn|2\n|inactive|DarthPug03 has 30 seconds left.\n|inactive|ChampionsmatchVGC has 30 seconds left.\n|\n|t:|1776213105\n|detailschange|p1a: Tyranitar|Tyranitar-Mega, L50, M\n|-mega|p1a: Tyranitar|Tyranitar|Tyranitarite\n|move|p2b: Delphox|Protect|p2b: Delphox\n|-singleturn|p2b: Delphox|Protect\n|move|p1a: Tyranitar|Protect|p1a: Tyranitar\n|-singleturn|p1a: Tyranitar|Protect\n|move|p2a: Garchomp|Earthquake|p1a: Tyranitar|[spread] \n|-activate|p2b: Delphox|move: Protect\n|-activate|p1a: Tyranitar|move: Protect\n|-immune|p1b: Rotom|[from] ability: Levitate\n|move|p1b: Rotom|Hydro Pump|p2b: Delphox\n|-activate|p2b: Delphox|move: Protect\n|\n|-weather|Sandstorm|[upkeep]\n|-damage|p2b: Delphox|89/100|[from] Sandstorm\n|-damage|p1b: Rotom|49/100|[from] Sandstorm\n|-heal|p1b: Rotom|55/100|[from] item: Leftovers\n|upkeep\n|turn|3\n|\n|t:|1776213128\n|move|p2b: Delphox|Encore|p1a: Tyranitar\n|-start|p1a: Tyranitar|Encore\n|move|p1a: Tyranitar|Protect||[still]\n|-fail|p1a: Tyranitar\n|move|p2a: Garchomp|Rock Slide|p1a: Tyranitar|[spread] p1a,p1b\n|-damage|p1a: Tyranitar|55/100\n|-damage|p1b: Rotom|31/100\n|move|p1b: Rotom|Will-O-Wisp|p2a: Garchomp\n|-status|p2a: Garchomp|brn\n|\n|-weather|Sandstorm|[upkeep]\n|-damage|p2b: Delphox|84/100|[from] Sandstorm\n|-damage|p1b: Rotom|25/100|[from] Sandstorm\n|-heal|p1b: Rotom|31/100|[from] item: Leftovers\n|-damage|p2a: Garchomp|94/100 brn|[from] brn\n|upkeep\n|turn|4\n|\n|t:|1776213153\n|switch|p1a: Sinistcha|Sinistcha, L50|100/100\n|-heal|p1b: Rotom|56/100|[from] ability: Hospitality|[of] p1a: Sinistcha\n|move|p2b: Delphox|Psychic|p1b: Rotom\n|-damage|p1b: Rotom|0 fnt\n|faint|p1b: Rotom\n|move|p2a: Garchomp|Earthquake|p1a: Sinistcha|[spread] p1a\n|-immune|p2b: Delphox|[from] ability: Levitate\n|-resisted|p1a: Sinistcha|1\n|-damage|p1a: Sinistcha|92/100\n|\n|-weather|Sandstorm|[upkeep]\n|-damage|p2b: Delphox|78/100|[from] Sandstorm\n|-damage|p1a: Sinistcha|85/100|[from] Sandstorm\n|-damage|p2a: Garchomp|88/100 brn|[from] brn\n|upkeep\n|\n|t:|1776213163\n|switch|p1b: Tyranitar|Tyranitar-Mega, L50, M|55/100\n|turn|5\n|\n|t:|1776213176\n|switch|p2b: Kingambit|Kingambit, L50, M|100/100\n|move|p1b: Tyranitar|Protect|p1b: Tyranitar\n|-singleturn|p1b: Tyranitar|Protect\n|move|p2a: Garchomp|Stomping Tantrum|p1b: Tyranitar\n|-activate|p1b: Tyranitar|move: Protect\n|move|p1a: Sinistcha|Trick Room|p1a: Sinistcha\n|-fieldstart|move: Trick Room|[of] p1a: Sinistcha\n|\n|-weather|none\n|-damage|p2a: Garchomp|82/100 brn|[from] brn\n|upkeep\n|turn|6\n|j| Porygon 32\n|\n|t:|1776213204\n|move|p1a: Sinistcha|Rage Powder|p1a: Sinistcha\n|-singleturn|p1a: Sinistcha|move: Rage Powder\n|move|p2b: Kingambit|Iron Head|p1a: Sinistcha\n|-damage|p1a: Sinistcha|41/100\n|-enditem|p1a: Sinistcha|Sitrus Berry|[eat]\n|-heal|p1a: Sinistcha|66/100|[from] item: Sitrus Berry\n|move|p2a: Garchomp|Stomping Tantrum|p1a: Sinistcha\n|-resisted|p1a: Sinistcha|1\n|-damage|p1a: Sinistcha|57/100\n|move|p1b: Tyranitar|Low Kick|p2b: Kingambit\n|-supereffective|p2b: Kingambit|2\n|-enditem|p2b: Kingambit|Chople Berry|[eat]\n|-enditem|p2b: Kingambit|Chople Berry|[weaken]\n|-damage|p2b: Kingambit|43/100\n|\n|-damage|p2a: Garchomp|76/100 brn|[from] brn\n|upkeep\n|turn|7\n|\n|t:|1776213226\n|move|p2b: Kingambit|Protect|p2b: Kingambit\n|-singleturn|p2b: Kingambit|Protect\n|move|p1b: Tyranitar|Protect|p1b: Tyranitar\n|-singleturn|p1b: Tyranitar|Protect\n|move|p1a: Sinistcha|Matcha Gotcha|p2b: Kingambit|[spread] p2a\n|-activate|p2b: Kingambit|move: Protect\n|-damage|p2a: Garchomp|52/100 brn\n|-heal|p1a: Sinistcha|71/100|[from] drain|[of] p2a: Garchomp\n|move|p2a: Garchomp|Earthquake|p1b: Tyranitar|[spread] p1a\n|-activate|p2b: Kingambit|move: Protect\n|-activate|p1b: Tyranitar|move: Protect\n|-resisted|p1a: Sinistcha|1\n|-damage|p1a: Sinistcha|63/100\n|\n|-damage|p2a: Garchomp|46/100 brn|[from] brn\n|upkeep\n|-enditem|p2a: Garchomp|Sitrus Berry|[eat]\n|-heal|p2a: Garchomp|71/100 brn|[from] item: Sitrus Berry\n|turn|8\n|inactive|ChampionsmatchVGC has 30 seconds left.\n|inactive|ChampionsmatchVGC has 20 seconds left.\n|\n|t:|1776213264\n|switch|p1b: Corviknight|Corviknight, L50, M|100/100\n|move|p2b: Kingambit|Iron Head|p1a: Sinistcha\n|-damage|p1a: Sinistcha|22/100\n|move|p1a: Sinistcha|Matcha Gotcha|p2b: Kingambit|[spread] p2a\n|-miss|p1a: Sinistcha|p2b: Kingambit\n|-damage|p2a: Garchomp|47/100 brn\n|-heal|p1a: Sinistcha|36/100|[from] drain|[of] p2a: Garchomp\n|move|p2a: Garchomp|Rock Slide|p1a: Sinistcha|[spread] p1b\n|-miss|p2a: Garchomp|p1a: Sinistcha\n|-damage|p1b: Corviknight|92/100\n|\n|-damage|p2a: Garchomp|40/100 brn|[from] brn\n|upkeep\n|turn|9\n|\n|t:|1776213288\n|move|p1a: Sinistcha|Protect|p1a: Sinistcha\n|-singleturn|p1a: Sinistcha|Protect\n|move|p2b: Kingambit|Iron Head|p1a: Sinistcha\n|-activate|p1a: Sinistcha|move: Protect\n|move|p1b: Corviknight|Tailwind|p1b: Corviknight\n|-sidestart|p1: DarthPug03|move: Tailwind\n|move|p2a: Garchomp|Rock Slide|p1b: Corviknight|[spread] \n|-activate|p1a: Sinistcha|move: Protect\n|-miss|p2a: Garchomp|p1b: Corviknight\n|\n|-damage|p2a: Garchomp|34/100 brn|[from] brn\n|-fieldend|move: Trick Room\n|upkeep\n|turn|10\n|\n|t:|1776213303\n|move|p2b: Kingambit|Sucker Punch|p1a: Sinistcha\n|-supereffective|p1a: Sinistcha|1\n|-damage|p1a: Sinistcha|0 fnt\n|faint|p1a: Sinistcha\n|move|p1b: Corviknight|Brave Bird|p2b: Kingambit\n|-resisted|p2b: Kingambit|1\n|-damage|p2b: Kingambit|25/100\n|-damage|p1b: Corviknight|86/100|[from] Recoil\n|move|p2a: Garchomp|Rock Slide|p1b: Corviknight\n|-damage|p1b: Corviknight|75/100\n|\n|-damage|p2a: Garchomp|28/100 brn|[from] brn\n|upkeep\n|\n|t:|1776213306\n|switch|p1a: Tyranitar|Tyranitar-Mega, L50, M|55/100\n|-weather|Sandstorm|[from] ability: Sand Stream|[of] p1a: Tyranitar\n|turn|11\n|\n|t:|1776213314\n|move|p2a: Garchomp|Protect|p2a: Garchomp\n|-singleturn|p2a: Garchomp|Protect\n|move|p2b: Kingambit|Protect|p2b: Kingambit\n|-singleturn|p2b: Kingambit|Protect\n|move|p1a: Tyranitar|Low Kick|p2b: Kingambit\n|-activate|p2b: Kingambit|move: Protect\n|move|p1b: Corviknight|Brave Bird|p2a: Garchomp\n|-activate|p2a: Garchomp|move: Protect\n|\n|-weather|Sandstorm|[upkeep]\n|-damage|p2a: Garchomp|22/100 brn|[from] brn\n|upkeep\n|turn|12\n|\n|t:|1776213327\n|move|p2b: Kingambit|Sucker Punch|p1b: Corviknight\n|-damage|p1b: Corviknight|39/100\n|move|p1a: Tyranitar|Low Kick|p2b: Kingambit\n|-supereffective|p2b: Kingambit|2\n|-damage|p2b: Kingambit|0 fnt\n|faint|p2b: Kingambit\n|move|p1b: Corviknight|Brave Bird|p2a: Garchomp\n|-damage|p2a: Garchomp|0 fnt\n|-damage|p1b: Corviknight|27/100|[from] ability: Rough Skin|[of] p2a: Garchomp\n|faint|p2a: Garchomp\n|-damage|p1b: Corviknight|19/100|[from] Recoil\n|\n|-weather|Sandstorm|[upkeep]\n|-sideend|p1: DarthPug03|move: Tailwind\n|upkeep\n|\n|t:|1776213330\n|switch|p2a: Delphox|Delphox-Mega, L50, F|78/100\n|switch|p2b: Basculegion|Basculegion, L50, M|100/100\n|turn|13\n|\n|t:|1776213337\n|move|p2a: Delphox|Heat Wave|p1a: Tyranitar|[spread] p1a,p1b\n|-resisted|p1a: Tyranitar|1\n|-supereffective|p1b: Corviknight|1\n|-enditem|p1b: Corviknight|Occa Berry|[eat]\n|-enditem|p1b: Corviknight|Occa Berry|[weaken]\n|-damage|p1a: Tyranitar|44/100\n|-damage|p1b: Corviknight|0 fnt\n|faint|p1b: Corviknight\n|move|p2b: Basculegion|Liquidation|p1a: Tyranitar\n|-supereffective|p1a: Tyranitar|1\n|-damage|p1a: Tyranitar|0 fnt\n|faint|p1a: Tyranitar\n|\n|win|ChampionsmatchVGC\n|raw|DarthPug03's rating: 1448 &rarr; <strong>1437</strong><br />(-11 for losing)\n|raw|ChampionsmatchVGC's rating: 1613 &rarr; <strong>1624</strong><br />(+11 for winning)\n|l|\u2606ChampionsmatchVGC\n|player|p2|\n",
  "uploadtime": 1776213342,
  "views": 61,
  "formatid": "gen9championsvgc2026regma",
  "rating": 1437,
  "private": 0,
  "password": null
}