{
  "id": "gen9championsvgc2026regma-2589426527",
  "format": "[Gen 9 Champions] VGC 2026 Reg M-A",
  "players": [
    "sung jin'oo",
    "Marshadow202"
  ],
  "log": "|j|\u2606sung jin'oo\n|j|\u2606Marshadow202\n|t:|1776721977\n|gametype|doubles\n|player|p1|sung jin'oo|veteran|1105\n|player|p2|Marshadow202|lillie-masters2|1097\n|gen|9\n|tier|[Gen 9 Champions] VGC 2026 Reg M-A\n|rated|\n|rule|Species Clause: Limit one of each Pok\u00e9mon\n|rule|Item Clause: Limit 1 of each item\n|clearpoke\n|poke|p1|Palafin, L50, F|\n|poke|p1|Politoed, L50, M|\n|poke|p1|Scizor, L50, M|\n|poke|p1|Meganium, L50, M|\n|poke|p1|Basculegion, L50, M|\n|poke|p1|Garchomp, L50, M|\n|poke|p2|Floette-Eternal, L50, F|\n|poke|p2|Pelipper, L50, M|\n|poke|p2|Basculegion, L50, M|\n|poke|p2|Incineroar, L50, F|\n|poke|p2|Archaludon, L50, M|\n|poke|p2|Sneasler, L50, F|\n|teampreview|4\n|inactive|Battle timer is ON: inactive players will automatically lose when time's up. (requested by sung jin'oo)\n|inactive|sung jin'oo has 60 seconds left.\n|\n|t:|1776722018\n|teamsize|p1|4\n|teamsize|p2|4\n|start\n|switch|p1a: Politoed|Politoed, L50, M|100/100\n|switch|p1b: Basculegion|Basculegion, L50, M|100/100\n|switch|p2a: Sneasler|Sneasler, L50, F|100/100\n|switch|p2b: Archaludon|Archaludon, L50, M|100/100\n|-weather|RainDance|[from] ability: Drizzle|[of] p1a: Politoed\n|turn|1\n|\n|t:|1776722031\n|move|p1a: Politoed|Protect|p1a: Politoed\n|-singleturn|p1a: Politoed|Protect\n|move|p1b: Basculegion|Flip Turn|p2a: Sneasler\n|-damage|p2a: Sneasler|0 fnt\n|faint|p2a: Sneasler\n|\n|t:|1776722040\n|switch|p1b: Garchomp|Garchomp, L50, M|100/100|[from] Flip Turn\n|move|p2b: Archaludon|Electro Shot||[still]\n|-prepare|p2b: Archaludon|Electro Shot\n|-boost|p2b: Archaludon|spa|1\n|-anim|p2b: Archaludon|Electro Shot|p1b: Garchomp\n|-immune|p1b: Garchomp\n|\n|-weather|RainDance|[upkeep]\n|upkeep\n|\n|t:|1776722044\n|switch|p2a: Basculegion|Basculegion, L50, M|100/100\n|turn|2\n|\n|t:|1776722068\n|move|p1a: Politoed|Helping Hand|p1b: Garchomp\n|-singleturn|p1b: Garchomp|Helping Hand|[of] p1a: Politoed\n|move|p2b: Archaludon|Protect|p2b: Archaludon\n|-singleturn|p2b: Archaludon|Protect\n|move|p2a: Basculegion|Flip Turn|p1b: Garchomp\n|-damage|p1b: Garchomp|51/100\n|-damage|p2a: Basculegion|88/100|[from] ability: Rough Skin|[of] p1b: Garchomp\n|\n|t:|1776722078\n|switch|p2a: Floette|Floette-Eternal, L50, F|100/100|[from] Flip Turn\n|move|p1b: Garchomp|Earthquake|p2b: Archaludon|[spread] p1a,p2a\n|-activate|p2b: Archaludon|move: Protect\n|-damage|p1a: Politoed|11/100\n|-damage|p2a: Floette|0 fnt\n|faint|p2a: Floette\n|\n|-weather|RainDance|[upkeep]\n|-heal|p1a: Politoed|17/100|[from] item: Leftovers\n|upkeep\n|\n|t:|1776722082\n|switch|p2a: Basculegion|Basculegion, L50, M|88/100\n|turn|3\n|\n|t:|1776722101\n|switch|p1a: Scizor|Scizor, L50, M|100/100\n|move|p2a: Basculegion|Last Respects|p1b: Garchomp\n|-damage|p1b: Garchomp|0 fnt\n|faint|p1b: Garchomp\n|move|p2b: Archaludon|Electro Shot||[still]\n|-prepare|p2b: Archaludon|Electro Shot\n|-boost|p2b: Archaludon|spa|1\n|-anim|p2b: Archaludon|Electro Shot|p1a: Scizor\n|-damage|p1a: Scizor|23/100\n|\n|-weather|RainDance|[upkeep]\n|upkeep\n|\n|t:|1776722115\n|switch|p1b: Politoed|Politoed, L50, M|17/100\n|turn|4\n|\n|t:|1776722122\n|move|p1b: Politoed|Protect|p1b: Politoed\n|-singleturn|p1b: Politoed|Protect\n|move|p1a: Scizor|Protect|p1a: Scizor\n|-singleturn|p1a: Scizor|Protect\n|move|p2a: Basculegion|Last Respects|p1a: Scizor\n|-activate|p1a: Scizor|move: Protect\n|move|p2b: Archaludon|Electro Shot||[still]\n|-prepare|p2b: Archaludon|Electro Shot\n|-boost|p2b: Archaludon|spa|1\n|-anim|p2b: Archaludon|Electro Shot|p1b: Politoed\n|-activate|p1b: Politoed|move: Protect\n|\n|-weather|RainDance|[upkeep]\n|-heal|p1b: Politoed|23/100|[from] item: Leftovers\n|upkeep\n|turn|5\n|\n|t:|1776722139\n|detailschange|p1a: Scizor|Scizor-Mega, L50, M\n|-mega|p1a: Scizor|Scizor|Scizorite\n|move|p1b: Politoed|Helping Hand|p1a: Scizor\n|-singleturn|p1a: Scizor|Helping Hand|[of] p1b: Politoed\n|move|p1a: Scizor|Bullet Punch|p2a: Basculegion\n|-resisted|p2a: Basculegion|1\n|-damage|p2a: Basculegion|63/100\n|move|p2a: Basculegion|Last Respects|p1a: Scizor\n|-damage|p1a: Scizor|0 fnt\n|faint|p1a: Scizor\n|move|p2b: Archaludon|Electro Shot||[still]\n|-prepare|p2b: Archaludon|Electro Shot\n|-boost|p2b: Archaludon|spa|1\n|-anim|p2b: Archaludon|Electro Shot|p1b: Politoed\n|-supereffective|p1b: Politoed|1\n|-damage|p1b: Politoed|0 fnt\n|faint|p1b: Politoed\n|\n|-weather|none\n|upkeep\n|\n|t:|1776722155\n|switch|p1a: Basculegion|Basculegion, L50, M|100/100\n|turn|6\n|\n|t:|1776722159\n|move|p1a: Basculegion|Last Respects|p2a: Basculegion\n|-supereffective|p2a: Basculegion|1\n|-damage|p2a: Basculegion|0 fnt\n|faint|p2a: Basculegion\n|move|p2b: Archaludon|Electro Shot||[still]\n|-prepare|p2b: Archaludon|Electro Shot\n|-boost|p2b: Archaludon|spa|1\n|\n|upkeep\n|turn|7\n|\n|t:|1776722168\n|move|p1a: Basculegion|Last Respects|p2b: Archaludon\n|-damage|p2b: Archaludon|1/100\n|-ability|p2b: Archaludon|Stamina|boost\n|-boost|p2b: Archaludon|def|1\n|move|p2b: Archaludon|Electro Shot|p1a: Basculegion|[from] lockedmove\n|-supereffective|p1a: Basculegion|1\n|-damage|p1a: Basculegion|0 fnt\n|faint|p1a: Basculegion\n|\n|win|Marshadow202\n|raw|sung jin&apos;oo's rating: 1105 &rarr; <strong>1079</strong><br />(-26 for losing)\n|raw|Marshadow202's rating: 1097 &rarr; <strong>1123</strong><br />(+26 for winning)\n|c|\u2606sung jin'oo|...\n|c|\u2606sung jin'oo|was that just raw?\n|c|\u2606sung jin'oo|no sash, no sturdy?\n|c|\u2606sung jin'oo|just brute force\n|c|\u2606sung jin'oo|no way\n|c|\u2606Marshadow202|28+ def\n|c|\u2606sung jin'oo|okay\n|c|\u2606Marshadow202|!showteam\n|c| Marshadow202|/raw <div class=\"infobox\"><details><summary>View team</summary>Floette (Floette-Eternal) (F) @ Floettite  <br />Ability: Flower Veil  <br />Level: 50  <br />EVs: 16 Def &#x2f; 32 SpA &#x2f; 18 Spe  <br />Modest Nature  <br />- Calm Mind  <br />- Light of Ruin  <br />- Giga Drain  <br />- Dazzling Gleam  <br /><br />Pelipper @ Wacan Berry  <br />Ability: Drizzle  <br />Level: 50  <br />EVs: 32 HP &#x2f; 2 Def &#x2f; 32 SpD  <br />Calm Nature  <br />- Tailwind  <br />- U-turn  <br />- Hurricane  <br />- Knock Off  <br /><br />Basculegion (M) @ Spell Tag  <br />Ability: Swift Swim  <br />Level: 50  <br />EVs: 2 HP &#x2f; 32 Atk &#x2f; 24 Def &#x2f; 8 Spe  <br />Adamant Nature  <br />- Wave Crash  <br />- Flip Turn  <br />- Last Respects  <br />- Psychic Fangs  <br /><br />Incineroar @ Focus Sash  <br />Ability: Intimidate  <br />Level: 50  <br />EVs: 32 HP &#x2f; 2 Def &#x2f; 32 SpD  <br />Careful Nature  <br />- Fake Out  <br />- Parting Shot  <br />- Will-O-Wisp  <br />- Darkest Lariat  <br /><br />Archaludon @ Leftovers  <br />Ability: Stamina  <br />Level: 50  <br />EVs: 28 Def &#x2f; 32 SpA &#x2f; 6 Spe  <br />Bold Nature  <br />- Flash Cannon  <br />- Aura Sphere  <br />- Electro Shot  <br />- Protect  <br /><br />Sneasler @ Poison Barb  <br />Ability: Poison Touch  <br />Level: 50  <br />EVs: 32 Atk &#x2f; 22 SpD &#x2f; 12 Spe  <br />Adamant Nature  <br />- Fake Out  <br />- Dire Claw  <br />- U-turn  <br />- Close Combat  <br /><br /></details></div>\n|c|\u2606sung jin'oo|i gotta see if that was a roll\n|c|\u2606sung jin'oo|ooooo\n|c|\u2606sung jin'oo|cool sets, ggs\n|l|\u2606Marshadow202\n|player|p2|\n",
  "uploadtime": 1776722240,
  "views": 4,
  "formatid": "gen9championsvgc2026regma",
  "rating": 1079,
  "private": 0,
  "password": null
}