{
  "id": "gen9championsvgc2026regma-2586152393",
  "format": "[Gen 9 Champions] VGC 2026 Reg M-A",
  "players": [
    "Leobaleo",
    "ibiubibuibib"
  ],
  "log": "|j|\u2606Leobaleo\n|j|\u2606ibiubibuibib\n|t:|1776405642\n|gametype|doubles\n|player|p1|Leobaleo|1|1084\n|player|p2|ibiubibuibib|gentleman-gen4|1040\n|gen|9\n|tier|[Gen 9 Champions] VGC 2026 Reg M-A\n|rated|\n|rule|Species Clause: Limit one of each Pok\u00e9mon\n|rule|Item Clause: Limit 1 of each item\n|clearpoke\n|poke|p1|Altaria, L50, F|\n|poke|p1|Sinistcha, L50|\n|poke|p1|Gallade, L50, M|\n|poke|p1|Excadrill, L50, M|\n|poke|p1|Sneasler, L50, M|\n|poke|p1|Rotom-Wash, L50|\n|poke|p2|Tsareena, L50, F|\n|poke|p2|Sableye, L50, M|\n|poke|p2|Gardevoir, L50, F|\n|poke|p2|Milotic, L50, M|\n|poke|p2|Glalie, L50, F|\n|poke|p2|Noivern, L50, F|\n|teampreview|4\n|inactive|Battle timer is ON: inactive players will automatically lose when time's up. (requested by ibiubibuibib)\n|\n|t:|1776405701\n|teamsize|p1|4\n|teamsize|p2|4\n|start\n|switch|p1a: Sneasler|Sneasler, L50, M|100/100\n|switch|p1b: Gallade|Gallade, L50, M|100/100\n|switch|p2a: Tsareena|Tsareena, L50, F|100/100\n|switch|p2b: Glalie|Glalie, L50, F, shiny|100/100\n|turn|1\n|inactive|Leobaleo has 30 seconds left.\n|\n|t:|1776405726\n|detailschange|p2b: Glalie|Glalie-Mega, L50, F, shiny\n|-mega|p2b: Glalie|Glalie|Glalitite\n|detailschange|p1b: Gallade|Gallade-Mega, L50, M\n|-mega|p1b: Gallade|Gallade|Galladite\n|move|p2a: Tsareena|Protect|p2a: Tsareena\n|-singleturn|p2a: Tsareena|Protect\n|move|p1a: Sneasler|Coaching|p1b: Gallade\n|-boost|p1b: Gallade|atk|1\n|-boost|p1b: Gallade|def|1\n|move|p2b: Glalie|Explosion|p1a: Sneasler|[spread] p1a,p1b\n|-activate|p2a: Tsareena|move: Protect\n|-enditem|p1a: Sneasler|Focus Sash\n|-damage|p1a: Sneasler|1/100\n|-damage|p1b: Gallade|30/100\n|faint|p2b: Glalie\n|move|p1b: Gallade|Sacred Sword|p2a: Tsareena\n|-activate|p2a: Tsareena|move: Protect\n|\n|upkeep\n|\n|t:|1776405751\n|switch|p2b: Noivern|Noivern, L50, F|100/100\n|turn|2\n|\n|t:|1776405767\n|switch|p1b: Rotom|Rotom-Wash, L50|100/100\n|switch|p2a: Milotic|Milotic, L50, M|100/100\n|move|p1a: Sneasler|Dire Claw|p2a: Milotic\n|-damage|p2a: Milotic|68/100\n|move|p2b: Noivern|Draco Meteor|p1b: Rotom\n|-damage|p1b: Rotom|47/100\n|-unboost|p2b: Noivern|spa|2\n|\n|-heal|p2a: Milotic|74/100|[from] item: Leftovers\n|upkeep\n|turn|3\n|inactive|Leobaleo has 30 seconds left.\n|\n|t:|1776405801\n|switch|p1a: Excadrill|Excadrill, L50, M|100/100\n|-ability|p1a: Excadrill|Mold Breaker\n|switch|p2b: Tsareena|Tsareena, L50, F|100/100\n|move|p1b: Rotom|Thunderbolt|p2a: Milotic\n|-supereffective|p2a: Milotic|1\n|-crit|p2a: Milotic\n|-damage|p2a: Milotic|0 fnt\n|faint|p2a: Milotic\n|\n|upkeep\n|\n|t:|1776405812\n|switch|p2a: Noivern|Noivern, L50, F|100/100\n|turn|4\n|\n|t:|1776405834\n|move|p1a: Excadrill|Rock Slide|p2b: Tsareena|[spread] p2b\n|-miss|p1a: Excadrill|p2a: Noivern\n|-damage|p2b: Tsareena|82/100\n|move|p2a: Noivern|Draco Meteor|p1b: Rotom\n|-damage|p1b: Rotom|0 fnt\n|-unboost|p2a: Noivern|spa|2\n|faint|p1b: Rotom\n|move|p2b: Tsareena|High Jump Kick|p1a: Excadrill\n|-supereffective|p1a: Excadrill|1\n|-damage|p1a: Excadrill|0 fnt\n|faint|p1a: Excadrill\n|\n|upkeep\n|\n|t:|1776405849\n|switch|p1a: Gallade|Gallade-Mega, L50, M|30/100\n|switch|p1b: Sneasler|Sneasler, L50, M|1/100\n|turn|5\n|inactive|Leobaleo has 30 seconds left.\n|inactive|ibiubibuibib has 30 seconds left.\n|inactive|ibiubibuibib has 20 seconds left.\n|\n|t:|1776405887\n|move|p1b: Sneasler|Fake Out||[still]\n|cant|p2b: Tsareena|ability: Queenly Majesty|Fake Out|[of] p1b: Sneasler\n|move|p2a: Noivern|Draco Meteor|p1b: Sneasler\n|-damage|p1b: Sneasler|0 fnt\n|-unboost|p2a: Noivern|spa|2\n|faint|p1b: Sneasler\n|move|p1a: Gallade|Sacred Sword|p2b: Tsareena\n|-damage|p2b: Tsareena|32/100\n|move|p2b: Tsareena|Knock Off|p1a: Gallade\n|-damage|p1a: Gallade|10/100\n|\n|upkeep\n|turn|6\n|-message|Leobaleo forfeited.\n|\n|win|ibiubibuibib\n|raw|Leobaleo's rating: 1084 &rarr; <strong>1059</strong><br />(-25 for losing)\n|raw|ibiubibuibib's rating: 1040 &rarr; <strong>1078</strong><br />(+38 for winning)\n|l|\u2606Leobaleo\n|player|p1|\n",
  "uploadtime": 1776405911,
  "views": 27,
  "formatid": "gen9championsvgc2026regma",
  "rating": 1059,
  "private": 0,
  "password": null
}