{
  "id": "gen9championsvgc2026regma-2584559687",
  "format": "[Gen 9 Champions] VGC 2026 Reg M-A",
  "players": [
    "yuriimon",
    "komaru365"
  ],
  "log": "|j|\u2606yuriimon\n|j|\u2606komaru365\n|t:|1776268750\n|gametype|doubles\n|player|p1|yuriimon|waitress-gen4|1245\n|player|p2|komaru365|bruno|1148\n|gen|9\n|tier|[Gen 9 Champions] VGC 2026 Reg M-A\n|rated|\n|rule|Species Clause: Limit one of each Pok\u00e9mon\n|rule|Item Clause: Limit 1 of each item\n|clearpoke\n|poke|p1|Glimmora, L50, F|\n|poke|p1|Incineroar, L50, M|\n|poke|p1|Archaludon, L50, F|\n|poke|p1|Politoed, L50, M|\n|poke|p1|Basculegion, L50, M|\n|poke|p1|Chesnaught, L50, F|\n|poke|p2|Scovillain, L50, M|\n|poke|p2|Incineroar, L50, F|\n|poke|p2|Farigiraf, L50, M|\n|poke|p2|Gallade, L50, M|\n|poke|p2|Kingambit, L50, F|\n|poke|p2|Pelipper, L50, F|\n|teampreview|4\n|inactive|Battle timer is ON: inactive players will automatically lose when time's up. (requested by yuriimon)\n|inactive|yuriimon has 60 seconds left.\n|inactive|yuriimon has 30 seconds left.\n|inactive|yuriimon has 20 seconds left.\n|\n|t:|1776268823\n|teamsize|p1|4\n|teamsize|p2|4\n|start\n|switch|p1a: Glimmora|Glimmora, L50, F|100/100\n|switch|p1b: Incineroar|Incineroar, L50, M|100/100\n|switch|p2a: Farigiraf|Farigiraf, L50, M|100/100\n|switch|p2b: Incineroar|Incineroar, L50, F|100/100\n|-ability|p1b: Incineroar|Intimidate|boost\n|-unboost|p2a: Farigiraf|atk|1\n|-unboost|p2b: Incineroar|atk|1\n|-ability|p2b: Incineroar|Intimidate|boost\n|-unboost|p1a: Glimmora|atk|1\n|-unboost|p1b: Incineroar|atk|1\n|-enditem|p2b: Incineroar|White Herb\n|-clearnegativeboost|p2b: Incineroar|[silent]\n|turn|1\n|\n|t:|1776268846\n|detailschange|p1a: Glimmora|Glimmora-Mega, L50, F\n|-mega|p1a: Glimmora|Glimmora|Glimmoranite\n|move|p1a: Glimmora|Power Gem|p2b: Incineroar\n|-supereffective|p2b: Incineroar|1\n|-damage|p2b: Incineroar|0 fnt\n|faint|p2b: Incineroar\n|move|p1b: Incineroar|Parting Shot|p2a: Farigiraf\n|-unboost|p2a: Farigiraf|atk|1\n|-unboost|p2a: Farigiraf|spa|1\n|\n|t:|1776268854\n|switch|p1b: Politoed|Politoed, L50, M|100/100|[from] Parting Shot\n|-weather|RainDance|[from] ability: Drizzle|[of] p1b: Politoed\n|move|p2a: Farigiraf|Trick Room|p2a: Farigiraf\n|-fieldstart|move: Trick Room|[of] p2a: Farigiraf\n|\n|-weather|RainDance|[upkeep]\n|upkeep\n|\n|t:|1776268859\n|switch|p2b: Scovillain|Scovillain, L50, M|100/100\n|turn|2\n|\n|t:|1776268874\n|detailschange|p2b: Scovillain|Scovillain-Mega, L50, M\n|-mega|p2b: Scovillain|Scovillain|Scovillainite\n|move|p1b: Politoed|Helping Hand|p1a: Glimmora\n|-singleturn|p1a: Glimmora|Helping Hand|[of] p1b: Politoed\n|move|p2b: Scovillain|Protect|p2b: Scovillain\n|-singleturn|p2b: Scovillain|Protect\n|move|p2a: Farigiraf|Nasty Plot|p2a: Farigiraf\n|-boost|p2a: Farigiraf|spa|2\n|move|p1a: Glimmora|Sludge Wave|p2b: Scovillain|[spread] p1b,p2a\n|-activate|p2b: Scovillain|move: Protect\n|-damage|p1b: Politoed|23/100\n|-damage|p2a: Farigiraf|10/100\n|-enditem|p2a: Farigiraf|Sitrus Berry|[eat]\n|-heal|p2a: Farigiraf|35/100|[from] item: Sitrus Berry\n|\n|-weather|RainDance|[upkeep]\n|upkeep\n|turn|3\n|\n|t:|1776268894\n|switch|p1a: Incineroar|Incineroar, L50, M|100/100\n|-ability|p1a: Incineroar|Intimidate|boost\n|-unboost|p2a: Farigiraf|atk|1\n|-unboost|p2b: Scovillain|atk|1\n|move|p1b: Politoed|Protect|p1b: Politoed\n|-singleturn|p1b: Politoed|Protect\n|move|p2a: Farigiraf|Psychic|p1a: Incineroar\n|-immune|p1a: Incineroar\n|move|p2b: Scovillain|Leaf Storm|p1b: Politoed\n|-activate|p1b: Politoed|move: Protect\n|\n|-weather|RainDance|[upkeep]\n|upkeep\n|turn|4\n|\n|t:|1776268916\n|move|p1b: Politoed|Protect||[still]\n|-fail|p1b: Politoed\n|move|p2b: Scovillain|Rage Powder|p2b: Scovillain\n|-singleturn|p2b: Scovillain|move: Rage Powder\n|move|p2a: Farigiraf|Hyper Voice|p1a: Incineroar|[spread] p1a,p1b\n|-damage|p1a: Incineroar|61/100\n|-damage|p1b: Politoed|0 fnt\n|faint|p1b: Politoed\n|move|p1a: Incineroar|Darkest Lariat|p2b: Scovillain\n|-damage|p2b: Scovillain|65/100\n|-immune|p1a: Incineroar\n|\n|-weather|RainDance|[upkeep]\n|upkeep\n|\n|t:|1776268926\n|switch|p1b: Glimmora|Glimmora-Mega, L50, F|100/100\n|turn|5\n|\n|t:|1776268936\n|move|p1b: Glimmora|Protect|p1b: Glimmora\n|-singleturn|p1b: Glimmora|Protect\n|move|p2a: Farigiraf|Hyper Voice|p1a: Incineroar|[spread] p1a\n|-activate|p1b: Glimmora|move: Protect\n|-damage|p1a: Incineroar|20/100\n|-enditem|p1a: Incineroar|Sitrus Berry|[eat]\n|-heal|p1a: Incineroar|45/100|[from] item: Sitrus Berry\n|move|p1a: Incineroar|Darkest Lariat|p2a: Farigiraf\n|-supereffective|p2a: Farigiraf|1\n|-damage|p2a: Farigiraf|0 fnt\n|faint|p2a: Farigiraf\n|move|p2b: Scovillain|Leaf Storm|p1b: Glimmora\n|-activate|p1b: Glimmora|move: Protect\n|\n|-weather|none\n|-fieldend|move: Trick Room\n|upkeep\n|\n|t:|1776268939\n|switch|p2a: Gallade|Gallade, L50, M|100/100\n|turn|6\n|\n|t:|1776268962\n|switch|p1a: Basculegion|Basculegion, L50, M|100/100\n|move|p2b: Scovillain|Protect|p2b: Scovillain\n|-singleturn|p2b: Scovillain|Protect\n|move|p1b: Glimmora|Power Gem|p2b: Scovillain\n|-activate|p2b: Scovillain|move: Protect\n|move|p2a: Gallade|Trick Room|p2a: Gallade\n|-fieldstart|move: Trick Room|[of] p2a: Gallade\n|\n|upkeep\n|turn|7\n|\n|t:|1776268987\n|switch|p1b: Incineroar|Incineroar, L50, M|45/100\n|-ability|p1b: Incineroar|Intimidate|boost\n|-unboost|p2a: Gallade|atk|1\n|-unboost|p2b: Scovillain|atk|1\n|move|p2b: Scovillain|Rage Powder|p2b: Scovillain\n|-singleturn|p2b: Scovillain|move: Rage Powder\n|move|p2a: Gallade|Psycho Cut|p1b: Incineroar\n|-immune|p1b: Incineroar\n|move|p1a: Basculegion|Last Respects|p2b: Scovillain\n|-damage|p2b: Scovillain|18/100\n|-status|p1a: Basculegion|brn|[from] ability: Spicy Spray|[of] p2b: Scovillain\n|\n|-damage|p1a: Basculegion|94/100 brn|[from] brn\n|upkeep\n|turn|8\n|\n|t:|1776269012\n|move|p2b: Scovillain|Protect|p2b: Scovillain\n|-singleturn|p2b: Scovillain|Protect\n|move|p1b: Incineroar|Fake Out|p2b: Scovillain\n|-activate|p2b: Scovillain|move: Protect\n|move|p2a: Gallade|Sacred Sword|p1b: Incineroar\n|-supereffective|p1b: Incineroar|1\n|-damage|p1b: Incineroar|0 fnt\n|faint|p1b: Incineroar\n|move|p1a: Basculegion|Last Respects|p2a: Gallade\n|-supereffective|p2a: Gallade|1\n|-damage|p2a: Gallade|0 fnt\n|faint|p2a: Gallade\n|\n|-damage|p1a: Basculegion|88/100 brn|[from] brn\n|upkeep\n|\n|t:|1776269023\n|switch|p1b: Glimmora|Glimmora-Mega, L50, F|100/100\n|turn|9\n|\n|t:|1776269029\n|move|p1a: Basculegion|Aqua Jet|p2b: Scovillain\n|-damage|p2b: Scovillain|6/100\n|move|p2b: Scovillain|Leaf Storm|p1a: Basculegion\n|-supereffective|p1a: Basculegion|1\n|-damage|p1a: Basculegion|0 fnt\n|-unboost|p2b: Scovillain|spa|2\n|faint|p1a: Basculegion\n|move|p1b: Glimmora|Power Gem|p2b: Scovillain\n|-supereffective|p2b: Scovillain|1\n|-damage|p2b: Scovillain|0 fnt\n|-status|p1b: Glimmora|brn|[from] ability: Spicy Spray|[of] p2b: Scovillain\n|faint|p2b: Scovillain\n|\n|win|yuriimon\n|raw|yuriimon's rating: 1245 &rarr; <strong>1263</strong><br />(+18 for winning)\n|raw|komaru365's rating: 1148 &rarr; <strong>1130</strong><br />(-18 for losing)\n|l|\u2606komaru365\n|player|p2|\n|c|\u2606yuriimon|ggwp\n",
  "uploadtime": 1776269045,
  "views": 18,
  "formatid": "gen9championsvgc2026regma",
  "rating": 1130,
  "private": 0,
  "password": null
}