{
  "id": "gen9championsvgc2026regma-2582601544",
  "format": "[Gen 9 Champions] VGC 2026 Reg M-A",
  "players": [
    "Pompitooo",
    "smoothdaddyjjb"
  ],
  "log": "|j|\u2606Pompitooo\n|j|\u2606smoothdaddyjjb\n|t:|1776101950\n|gametype|doubles\n|player|p1|Pompitooo|medium|1122\n|player|p2|smoothdaddyjjb|266|1048\n|gen|9\n|tier|[Gen 9 Champions] VGC 2026 Reg M-A\n|rated|\n|rule|Species Clause: Limit one of each Pok\u00e9mon\n|rule|Item Clause: Limit 1 of each item\n|clearpoke\n|poke|p1|Tyranitar, L50, M|\n|poke|p1|Volcarona, L50, M|\n|poke|p1|Excadrill, L50, M|\n|poke|p1|Incineroar, L50, F|\n|poke|p1|Ninetales-Alola, L50, F|\n|poke|p1|Lucario, L50, F|\n|poke|p2|Delphox, L50, M|\n|poke|p2|Tinkaton, L50, F|\n|poke|p2|Kommo-o, L50, M|\n|poke|p2|Sinistcha, L50|\n|poke|p2|Maushold, L50|\n|poke|p2|Tyranitar, L50, F|\n|teampreview|4\n|\n|t:|1776101989\n|teamsize|p1|4\n|teamsize|p2|4\n|start\n|switch|p1a: Lucario|Lucario, L50, F|100/100\n|switch|p1b: Volcarona|Volcarona, L50, M|100/100\n|switch|p2a: Maushold|Maushold, L50|100/100\n|switch|p2b: Kommo-o|Kommo-o, L50, M|100/100\n|turn|1\n|\n|t:|1776102008\n|detailschange|p1a: Lucario|Lucario-Mega, L50, F\n|-mega|p1a: Lucario|Lucario|Lucarionite\n|move|p2a: Maushold|Protect|p2a: Maushold\n|-singleturn|p2a: Maushold|Protect\n|move|p1b: Volcarona|Tailwind|p1b: Volcarona\n|-sidestart|p1: Pompitooo|move: Tailwind\n|move|p1a: Lucario|Psychic|p2b: Kommo-o\n|-supereffective|p2b: Kommo-o|1\n|-damage|p2b: Kommo-o|63/100\n|move|p2b: Kommo-o|Clangorous Soul|p2b: Kommo-o\n|-boost|p2b: Kommo-o|atk|1\n|-boost|p2b: Kommo-o|def|1\n|-boost|p2b: Kommo-o|spa|1\n|-boost|p2b: Kommo-o|spd|1\n|-boost|p2b: Kommo-o|spe|1\n|-damage|p2b: Kommo-o|30/100\n|\n|-heal|p2b: Kommo-o|36/100|[from] item: Leftovers\n|upkeep\n|turn|2\n|\n|t:|1776102035\n|move|p2a: Maushold|Follow Me|p2a: Maushold\n|-singleturn|p2a: Maushold|move: Follow Me\n|move|p1b: Volcarona|Overheat|p2a: Maushold\n|-damage|p2a: Maushold|24/100\n|-unboost|p1b: Volcarona|spa|2\n|move|p1a: Lucario|Psychic|p2a: Maushold\n|-damage|p2a: Maushold|0 fnt\n|faint|p2a: Maushold\n|move|p2b: Kommo-o|Body Press|p1a: Lucario\n|-supereffective|p1a: Lucario|1\n|-damage|p1a: Lucario|0 fnt\n|faint|p1a: Lucario\n|\n|-heal|p2b: Kommo-o|42/100|[from] item: Leftovers\n|upkeep\n|\n|t:|1776102053\n|switch|p2a: Sinistcha|Sinistcha, L50|100/100\n|switch|p1a: Ninetales|Ninetales-Alola, L50, F|100/100\n|-weather|Snowscape|[from] ability: Snow Warning|[of] p1a: Ninetales\n|-heal|p2b: Kommo-o|66/100|[from] ability: Hospitality|[of] p2a: Sinistcha\n|turn|3\n|\n|t:|1776102076\n|move|p1b: Volcarona|Rage Powder|p1b: Volcarona\n|-singleturn|p1b: Volcarona|move: Rage Powder\n|move|p2a: Sinistcha|Rage Powder|p2a: Sinistcha\n|-singleturn|p2a: Sinistcha|move: Rage Powder\n|move|p1a: Ninetales|Dazzling Gleam|p2b: Kommo-o|[spread] p2a,p2b\n|-supereffective|p2b: Kommo-o|2\n|-damage|p2a: Sinistcha|68/100\n|-damage|p2b: Kommo-o|5/100\n|move|p2b: Kommo-o|Body Press|p1a: Ninetales\n|-damage|p1a: Ninetales|39/100\n|\n|-weather|Snowscape|[upkeep]\n|-heal|p1a: Ninetales|45/100|[from] item: Leftovers\n|-heal|p2b: Kommo-o|11/100|[from] item: Leftovers\n|upkeep\n|turn|4\n|\n|t:|1776102109\n|move|p1a: Ninetales|Dazzling Gleam|p2a: Sinistcha|[spread] p2a,p2b\n|-supereffective|p2b: Kommo-o|2\n|-damage|p2a: Sinistcha|37/100\n|-damage|p2b: Kommo-o|0 fnt\n|faint|p2b: Kommo-o\n|move|p1b: Volcarona|Overheat|p2a: Sinistcha\n|-supereffective|p2a: Sinistcha|1\n|-damage|p2a: Sinistcha|0 fnt\n|-unboost|p1b: Volcarona|spa|2\n|faint|p2a: Sinistcha\n|\n|-weather|Snowscape|[upkeep]\n|-heal|p1a: Ninetales|51/100|[from] item: Leftovers\n|-sideend|p1: Pompitooo|move: Tailwind\n|upkeep\n|\n|t:|1776102124\n|switch|p2b: Delphox|Delphox, L50, M|100/100\n|turn|5\n|\n|t:|1776102134\n|detailschange|p2b: Delphox|Delphox-Mega, L50, M\n|-mega|p2b: Delphox|Delphox|Delphoxite\n|move|p2b: Delphox|Heat Wave|p1a: Ninetales|[spread] p1a,p1b\n|-supereffective|p1a: Ninetales|1\n|-damage|p1a: Ninetales|0 fnt\n|-damage|p1b: Volcarona|69/100\n|faint|p1a: Ninetales\n|move|p1b: Volcarona|Tailwind|p1b: Volcarona\n|-sidestart|p1: Pompitooo|move: Tailwind\n|\n|-weather|Snowscape|[upkeep]\n|upkeep\n|\n|t:|1776102142\n|switch|p1a: Incineroar|Incineroar, L50, F|100/100\n|-ability|p1a: Incineroar|Intimidate|boost\n|-unboost|p2b: Delphox|atk|1\n|turn|6\n|-message|smoothdaddyjjb forfeited.\n|\n|win|Pompitooo\n|raw|Pompitooo's rating: 1122 &rarr; <strong>1142</strong><br />(+20 for winning)\n|raw|smoothdaddyjjb's rating: 1048 &rarr; <strong>1034</strong><br />(-14 for losing)\n|l|\u2606smoothdaddyjjb\n|player|p2|\n",
  "uploadtime": 1776102150,
  "views": 14,
  "formatid": "gen9championsvgc2026regma",
  "rating": 1034,
  "private": 0,
  "password": null
}