{
  "id": "gen9championsvgc2026regma-2587692534",
  "format": "[Gen 9 Champions] VGC 2026 Reg M-A",
  "players": [
    "Seanketchum",
    "matuju"
  ],
  "log": "|j|\u2606Seanketchum\n|j|\u2606matuju\n|t:|1776554467\n|gametype|doubles\n|player|p1|Seanketchum|pokefan|1148\n|player|p2|matuju|170|1117\n|gen|9\n|tier|[Gen 9 Champions] VGC 2026 Reg M-A\n|rated|\n|rule|Species Clause: Limit one of each Pok\u00e9mon\n|rule|Item Clause: Limit 1 of each item\n|clearpoke\n|poke|p1|Beartic, L50, F|\n|poke|p1|Basculegion, L50, M|\n|poke|p1|Excadrill, L50, F|\n|poke|p1|Espathra, L50, M|\n|poke|p1|Lucario, L50, M|\n|poke|p1|Leafeon, L50, M|\n|poke|p2|Floette-Eternal, L50, F|\n|poke|p2|Garchomp, L50, M|\n|poke|p2|Incineroar, L50, M|\n|poke|p2|Rotom-Wash, L50|\n|poke|p2|Aegislash, L50, M|\n|poke|p2|Talonflame, L50, M|\n|teampreview|4\n|inactive|Battle timer is ON: inactive players will automatically lose when time's up. (requested by Seanketchum)\n|\n|t:|1776554543\n|teamsize|p1|4\n|teamsize|p2|4\n|start\n|switch|p1a: Espathra|Espathra, L50, M|100/100\n|switch|p1b: Basculegion|Basculegion, L50, M|100/100\n|switch|p2a: Floette|Floette-Eternal, L50, F|100/100\n|switch|p2b: Talonflame|Talonflame, L50, M|100/100\n|turn|1\n|inactive|matuju has 30 seconds left.\n|inactive|matuju has 20 seconds left.\n|inactive|matuju has 15 seconds left.\n|inactive|matuju has 10 seconds left.\n|\n|t:|1776554588\n|move|p2b: Talonflame|Tailwind|p2b: Talonflame\n|-sidestart|p2: matuju|move: Tailwind\n|move|p1b: Basculegion|Aqua Jet|p2b: Talonflame\n|-supereffective|p2b: Talonflame|1\n|-damage|p2b: Talonflame|17/100\n|move|p2a: Floette|Dazzling Gleam|p1b: Basculegion|[spread] p1a,p1b\n|-damage|p1a: Espathra|69/100\n|-damage|p1b: Basculegion|66/100\n|move|p1a: Espathra|Calm Mind|p1a: Espathra\n|-boost|p1a: Espathra|spa|1\n|-boost|p1a: Espathra|spd|1\n|\n|-ability|p1a: Espathra|Speed Boost|boost\n|-boost|p1a: Espathra|spe|1\n|upkeep\n|turn|2\n|inactive|Seanketchum has 30 seconds left.\n|inactive|matuju has 30 seconds left.\n|inactive|matuju has 20 seconds left.\n|inactive|matuju has 15 seconds left.\n|\n|t:|1776554629\n|switch|p2b: Rotom|Rotom-Wash, L50|100/100\n|detailschange|p2a: Floette|Floette-Mega, L50, F\n|-mega|p2a: Floette|Floette|Floettite\n|-ability|p2a: Floette|Fairy Aura\n|move|p2a: Floette|Dazzling Gleam|p1a: Espathra|[spread] p1a,p1b\n|-damage|p1a: Espathra|32/100\n|-damage|p1b: Basculegion|18/100\n|-enditem|p1a: Espathra|Sitrus Berry|[eat]\n|-heal|p1a: Espathra|56/100|[from] item: Sitrus Berry\n|move|p1a: Espathra|Calm Mind|p1a: Espathra\n|-boost|p1a: Espathra|spa|1\n|-boost|p1a: Espathra|spd|1\n|move|p1b: Basculegion|Wave Crash|p2a: Floette\n|-damage|p2a: Floette|40/100\n|-damage|p1b: Basculegion|0 fnt|[from] Recoil\n|faint|p1b: Basculegion\n|\n|-ability|p1a: Espathra|Speed Boost|boost\n|-boost|p1a: Espathra|spe|1\n|upkeep\n|inactive|Seanketchum has 30 seconds left.\n|\n|t:|1776554654\n|switch|p1b: Lucario|Lucario, L50, M|100/100\n|turn|3\n|inactive|matuju has 30 seconds left.\n|inactive|matuju has 20 seconds left.\n|\n|t:|1776554693\n|switch|p2b: Incineroar|Incineroar, L50, M|100/100\n|-ability|p2b: Incineroar|Intimidate|boost\n|-unboost|p1a: Espathra|atk|1\n|-fail|p1b: Lucario|unboost|Attack|[from] ability: Inner Focus|[of] p1b: Lucario\n|detailschange|p1b: Lucario|Lucario-Mega, L50, M\n|-mega|p1b: Lucario|Lucario|Lucarionite\n|move|p2a: Floette|Protect|p2a: Floette\n|-singleturn|p2a: Floette|Protect\n|move|p1b: Lucario|Bullet Punch|p2a: Floette\n|-activate|p2a: Floette|move: Protect\n|move|p1a: Espathra|Stored Power|p2b: Incineroar\n|-immune|p2b: Incineroar\n|\n|-ability|p1a: Espathra|Speed Boost|boost\n|-boost|p1a: Espathra|spe|1\n|upkeep\n|turn|4\n|inactive|Seanketchum has 30 seconds left.\n|inactive|matuju has 30 seconds left.\n|inactive|Seanketchum has 20 seconds left.\n|inactive|matuju has 20 seconds left.\n|inactive|Seanketchum has 15 seconds left.\n|inactive|Seanketchum has 10 seconds left.\n|inactive|matuju has 15 seconds left.\n|inactive|Seanketchum has 5 seconds left.\n|inactive|matuju has 10 seconds left.\n|inactive|matuju has 5 seconds left.\n|\n|t:|1776554749\n|switch|p2a: Talonflame|Talonflame, L50, M|17/100\n|switch|p1b: Beartic|Beartic, L50, F|100/100\n|move|p1a: Espathra|Dazzling Gleam|p2b: Incineroar|[spread] p2a,p2b\n|-resisted|p2a: Talonflame|1\n|-damage|p2a: Talonflame|0 fnt\n|-damage|p2b: Incineroar|76/100\n|faint|p2a: Talonflame\n|move|p2b: Incineroar|Parting Shot|p1a: Espathra\n|-unboost|p1a: Espathra|atk|1\n|-unboost|p1a: Espathra|spa|1\n|inactive|matuju has 30 seconds left.\n|\n|t:|1776554778\n|switch|p2b: Rotom|Rotom-Wash, L50|100/100|[from] Parting Shot\n|\n|-sideend|p2: matuju|move: Tailwind\n|-ability|p1a: Espathra|Speed Boost|boost\n|-boost|p1a: Espathra|spe|1\n|upkeep\n|\n|t:|1776554785\n|switch|p2a: Incineroar|Incineroar, L50, M|76/100\n|-ability|p2a: Incineroar|Intimidate|boost\n|-unboost|p1a: Espathra|atk|1\n|-unboost|p1b: Beartic|atk|1\n|turn|5\n|\n|t:|1776554805\n|move|p1a: Espathra|Protect|p1a: Espathra\n|-singleturn|p1a: Espathra|Protect\n|move|p2a: Incineroar|Fake Out|p1a: Espathra\n|-activate|p1a: Espathra|move: Protect\n|move|p2b: Rotom|Hydro Pump|p1a: Espathra\n|-activate|p1a: Espathra|move: Protect\n|move|p1b: Beartic|Liquidation|p2a: Incineroar\n|-supereffective|p2a: Incineroar|1\n|-damage|p2a: Incineroar|37/100\n|\n|-heal|p2a: Incineroar|43/100|[from] item: Leftovers\n|-ability|p1a: Espathra|Speed Boost|boost\n|-boost|p1a: Espathra|spe|1\n|upkeep\n|turn|6\n|inactive|Seanketchum has 30 seconds left.\n|inactive|matuju has 30 seconds left.\n|\n|t:|1776554833\n|move|p1a: Espathra|Dazzling Gleam|p2b: Rotom|[spread] p2a,p2b\n|-damage|p2a: Incineroar|24/100\n|-damage|p2b: Rotom|76/100\n|move|p2b: Rotom|Hydro Pump|p1a: Espathra\n|-damage|p1a: Espathra|31/100\n|move|p1b: Beartic|Liquidation|p2a: Incineroar\n|-supereffective|p2a: Incineroar|1\n|-damage|p2a: Incineroar|0 fnt\n|faint|p2a: Incineroar\n|\n|-ability|p1a: Espathra|Speed Boost|boost\n|-boost|p1a: Espathra|spe|1\n|upkeep\n|\n|t:|1776554857\n|switch|p2a: Floette|Floette-Mega, L50, F|40/100\n|-ability|p2a: Floette|Fairy Aura\n|turn|7\n|\n|t:|1776554874\n|move|p2a: Floette|Protect|p2a: Floette\n|-singleturn|p2a: Floette|Protect\n|move|p2b: Rotom|Protect|p2b: Rotom\n|-singleturn|p2b: Rotom|Protect\n|move|p1a: Espathra|Stored Power|p2b: Rotom\n|-activate|p2b: Rotom|move: Protect\n|move|p1b: Beartic|Icicle Crash|p2a: Floette\n|-activate|p2a: Floette|move: Protect\n|\n|upkeep\n|turn|8\n|c|\u2606Seanketchum|I cant believe this team did this well lol\n|\n|t:|1776554896\n|move|p1a: Espathra|Stored Power|p2b: Rotom\n|-damage|p2b: Rotom|0 fnt\n|faint|p2b: Rotom\n|move|p2a: Floette|Moonblast|p1a: Espathra\n|-damage|p1a: Espathra|0 fnt\n|faint|p1a: Espathra\n|move|p1b: Beartic|Icicle Crash|p2a: Floette\n|-crit|p2a: Floette\n|-damage|p2a: Floette|0 fnt\n|faint|p2a: Floette\n|\n|win|Seanketchum\n|raw|Seanketchum's rating: 1148 &rarr; <strong>1171</strong><br />(+23 for winning)\n|raw|matuju's rating: 1117 &rarr; <strong>1094</strong><br />(-23 for losing)\n|l|\u2606matuju\n|player|p2|\n",
  "uploadtime": 1776554913,
  "views": 15,
  "formatid": "gen9championsvgc2026regma",
  "rating": 1094,
  "private": 0,
  "password": null
}