{
  "id": "gen9championsvgc2026regma-2588349289",
  "format": "[Gen 9 Champions] VGC 2026 Reg M-A",
  "players": [
    "Lioxim",
    "Bufanda69"
  ],
  "log": "|j|\u2606Lioxim\n|j|\u2606Bufanda69\n|t:|1776626194\n|gametype|doubles\n|player|p1|Lioxim|102|1242\n|player|p2|Bufanda69|265|1219\n|gen|9\n|tier|[Gen 9 Champions] VGC 2026 Reg M-A\n|rated|\n|rule|Species Clause: Limit one of each Pok\u00e9mon\n|rule|Item Clause: Limit 1 of each item\n|clearpoke\n|poke|p1|Charizard, L50, M|\n|poke|p1|Whimsicott, L50, M|\n|poke|p1|Sneasler, L50, F|\n|poke|p1|Incineroar, L50, F|\n|poke|p1|Aegislash, L50, M|\n|poke|p1|Garchomp, L50, F|\n|poke|p2|Pelipper, L50, F|\n|poke|p2|Meganium, L50, M, shiny|\n|poke|p2|Basculegion, L50, M|\n|poke|p2|Incineroar, L50, F|\n|poke|p2|Glimmora, L50, F|\n|poke|p2|Archaludon, L50, F|\n|teampreview|4\n|inactive|Battle timer is ON: inactive players will automatically lose when time's up. (requested by Lioxim)\n|\n|t:|1776626219\n|teamsize|p1|4\n|teamsize|p2|4\n|start\n|switch|p1a: Charizard|Charizard, L50, M|100/100\n|switch|p1b: Whimsicott|Whimsicott, L50, M|100/100\n|switch|p2a: Glimmora|Glimmora, L50, F|100/100\n|switch|p2b: Archaludon|Archaludon, L50, F|100/100\n|turn|1\n|inactive|Lioxim has 30 seconds left.\n|inactive|Lioxim has 20 seconds left.\n|inactive|Lioxim has 15 seconds left.\n|inactive|Lioxim has 10 seconds left.\n|\n|t:|1776626268\n|detailschange|p1a: Charizard|Charizard-Mega-Y, L50, M\n|-mega|p1a: Charizard|Charizard|Charizardite Y\n|-weather|SunnyDay|[from] ability: Drought|[of] p1a: Charizard\n|move|p1b: Whimsicott|Sunny Day||[still]\n|-fail|p1b: Whimsicott\n|move|p1a: Charizard|Heat Wave|p2a: Glimmora|[spread] p2a,p2b\n|-resisted|p2a: Glimmora|1\n|-damage|p2a: Glimmora|54/100\n|-damage|p2b: Archaludon|27/100\n|-ability|p2b: Archaludon|Stamina|boost\n|-boost|p2b: Archaludon|def|1\n|move|p2a: Glimmora|Rain Dance|p2a: Glimmora\n|-weather|RainDance\n|move|p2b: Archaludon|Electro Shot||[still]\n|-prepare|p2b: Archaludon|Electro Shot\n|-boost|p2b: Archaludon|spa|1\n|-anim|p2b: Archaludon|Electro Shot|p1a: Charizard\n|-supereffective|p1a: Charizard|1\n|-damage|p1a: Charizard|0 fnt\n|faint|p1a: Charizard\n|\n|-weather|RainDance|[upkeep]\n|-heal|p2b: Archaludon|33/100|[from] item: Leftovers\n|upkeep\n|inactive|Lioxim has 30 seconds left.\n|\n|t:|1776626297\n|switch|p1a: Garchomp|Garchomp, L50, F|100/100\n|turn|2\n|\n|t:|1776626320\n|detailschange|p2a: Glimmora|Glimmora-Mega, L50, F\n|-mega|p2a: Glimmora|Glimmora|Glimmoranite\n|move|p1b: Whimsicott|Encore|p2a: Glimmora\n|-start|p2a: Glimmora|Encore\n|move|p1a: Garchomp|Earthquake|p2a: Glimmora|[spread] p1b,p2a,p2b\n|-resisted|p1b: Whimsicott|1\n|-supereffective|p2a: Glimmora|2\n|-crit|p2a: Glimmora\n|-supereffective|p2b: Archaludon|1\n|-damage|p1b: Whimsicott|68/100\n|-damage|p2a: Glimmora|0 fnt\n|-damage|p2b: Archaludon|0 fnt\n|faint|p2a: Glimmora\n|faint|p2b: Archaludon\n|\n|-weather|RainDance|[upkeep]\n|upkeep\n|\n|t:|1776626331\n|switch|p2a: Basculegion|Basculegion, L50, M|100/100\n|switch|p2b: Pelipper|Pelipper, L50, F|100/100\n|turn|3\n|\n|t:|1776626342\n|switch|p1a: Aegislash|Aegislash, L50, M|100/100\n|move|p1b: Whimsicott|Sunny Day|p1b: Whimsicott\n|-weather|SunnyDay\n|move|p2a: Basculegion|Wave Crash|p1a: Aegislash\n|-damage|p1a: Aegislash|75/100\n|-damage|p2a: Basculegion|93/100|[from] Recoil\n|move|p2b: Pelipper|Hurricane|p1b: Whimsicott|[miss]\n|-miss|p2b: Pelipper|p1b: Whimsicott\n|\n|-weather|SunnyDay|[upkeep]\n|upkeep\n|turn|4\n|\n|t:|1776626362\n|move|p1b: Whimsicott|Tailwind|p1b: Whimsicott\n|-sidestart|p1: Lioxim|move: Tailwind\n|-formechange|p1a: Aegislash|Aegislash-Blade|\n|move|p1a: Aegislash|Shadow Ball|p2a: Basculegion\n|-supereffective|p2a: Basculegion|1\n|-damage|p2a: Basculegion|0 fnt\n|faint|p2a: Basculegion\n|move|p2b: Pelipper|Weather Ball|p1a: Aegislash\n|-supereffective|p1a: Aegislash|1\n|-damage|p1a: Aegislash|0 fnt\n|faint|p1a: Aegislash\n|\n|-weather|SunnyDay|[upkeep]\n|upkeep\n|\n|t:|1776626368\n|switch|p1a: Garchomp|Garchomp, L50, F|100/100\n|turn|5\n|\n|t:|1776626380\n|move|p2b: Pelipper|Protect|p2b: Pelipper\n|-singleturn|p2b: Pelipper|Protect\n|move|p1a: Garchomp|Dragon Claw|p2b: Pelipper\n|-activate|p2b: Pelipper|move: Protect\n|move|p1b: Whimsicott|Moonblast|p2b: Pelipper\n|-activate|p2b: Pelipper|move: Protect\n|\n|-weather|SunnyDay|[upkeep]\n|upkeep\n|turn|6\n|\n|t:|1776626389\n|move|p1a: Garchomp|Dragon Claw|p2b: Pelipper\n|-crit|p2b: Pelipper\n|-damage|p2b: Pelipper|4/100\n|move|p1b: Whimsicott|Moonblast|p2b: Pelipper\n|-damage|p2b: Pelipper|0 fnt\n|faint|p2b: Pelipper\n|\n|win|Lioxim\n|raw|Lioxim's rating: 1242 &rarr; <strong>1265</strong><br />(+23 for winning)\n|raw|Bufanda69's rating: 1219 &rarr; <strong>1196</strong><br />(-23 for losing)\n|l|\u2606Bufanda69\n|player|p2|\n|c|\u2606Lioxim|Fg\n|c|\u2606Lioxim|Gg\n",
  "uploadtime": 1776626403,
  "views": 14,
  "formatid": "gen9championsvgc2026regma",
  "rating": 1196,
  "private": 0,
  "password": null
}