{
  "id": "gen9championsvgc2026regma-2587151721",
  "format": "[Gen 9 Champions] VGC 2026 Reg M-A",
  "players": [
    "gurbederbeste",
    "Poapap2"
  ],
  "log": "|j|\u2606gurbederbeste\n|j|\u2606Poapap2\n|t:|1776501001\n|gametype|doubles\n|player|p1|gurbederbeste|pryce|1194\n|player|p2|Poapap2|266|1278\n|gen|9\n|tier|[Gen 9 Champions] VGC 2026 Reg M-A\n|rated|\n|rule|Species Clause: Limit one of each Pok\u00e9mon\n|rule|Item Clause: Limit 1 of each item\n|clearpoke\n|poke|p1|Skarmory, L50, F|\n|poke|p1|Sneasler, L50, F|\n|poke|p1|Garchomp, L50, M|\n|poke|p1|Incineroar, L50, F|\n|poke|p1|Sinistcha, L50|\n|poke|p1|Milotic, L50, M|\n|poke|p2|Sinistcha-Masterpiece, L50|\n|poke|p2|Charizard, L50, F|\n|poke|p2|Whimsicott, L50, M|\n|poke|p2|Garchomp, L50, M|\n|poke|p2|Sneasler, L50, M|\n|poke|p2|Chimecho, L50, F|\n|teampreview|4\n|\n|t:|1776501029\n|teamsize|p1|4\n|teamsize|p2|4\n|start\n|switch|p1a: Skarmory|Skarmory, L50, F|100/100\n|switch|p1b: Sneasler|Sneasler, L50, F|100/100\n|switch|p2a: Chimecho|Chimecho, L50, F|100/100\n|switch|p2b: Whimsicott|Whimsicott, L50, M|100/100\n|turn|1\n|\n|t:|1776501066\n|detailschange|p1a: Skarmory|Skarmory-Mega, L50, F\n|-mega|p1a: Skarmory|Skarmory|Skarmorite\n|detailschange|p2a: Chimecho|Chimecho-Mega, L50, F\n|-mega|p2a: Chimecho|Chimecho|Chimechite\n|move|p1b: Sneasler|Fake Out|p2b: Whimsicott\n|-damage|p2b: Whimsicott|81/100\n|cant|p2b: Whimsicott|flinch\n|move|p1a: Skarmory|Brave Bird|p2b: Whimsicott\n|-supereffective|p2b: Whimsicott|1\n|-damage|p2b: Whimsicott|0 fnt\n|faint|p2b: Whimsicott\n|-damage|p1a: Skarmory|75/100|[from] Recoil\n|move|p2a: Chimecho|Gravity|p2a: Chimecho\n|-fieldstart|move: Gravity\n|\n|upkeep\n|\n|t:|1776501077\n|switch|p2b: Sneasler|Sneasler, L50, M|100/100\n|turn|2\n|\n|t:|1776501093\n|move|p1a: Skarmory|Protect|p1a: Skarmory\n|-singleturn|p1a: Skarmory|Protect\n|move|p1b: Sneasler|Coaching|p1a: Skarmory\n|-boost|p1a: Skarmory|atk|1\n|-boost|p1a: Skarmory|def|1\n|move|p2b: Sneasler|Close Combat|p1a: Skarmory\n|-activate|p1a: Skarmory|move: Protect\n|move|p2a: Chimecho|Hypnosis|p1a: Skarmory\n|-activate|p1a: Skarmory|move: Protect\n|\n|upkeep\n|turn|3\n|\n|t:|1776501115\n|move|p2b: Sneasler|Protect|p2b: Sneasler\n|-singleturn|p2b: Sneasler|Protect\n|move|p1b: Sneasler|Close Combat|p2a: Chimecho\n|-damage|p2a: Chimecho|48/100\n|-unboost|p1b: Sneasler|def|1\n|-unboost|p1b: Sneasler|spd|1\n|move|p1a: Skarmory|Body Press|p2a: Chimecho\n|-damage|p2a: Chimecho|24/100\n|move|p2a: Chimecho|Hypnosis|p1b: Sneasler\n|-status|p1b: Sneasler|slp|[from] move: Hypnosis\n|\n|upkeep\n|turn|4\n|\n|t:|1776501148\n|switch|p2b: Sinistcha|Sinistcha-Masterpiece, L50|100/100\n|-heal|p2a: Chimecho|48/100|[from] ability: Hospitality|[of] p2b: Sinistcha\n|cant|p1b: Sneasler|slp\n|move|p1a: Skarmory|Body Press|p2a: Chimecho\n|-damage|p2a: Chimecho|26/100\n|move|p2a: Chimecho|Hypnosis|p1a: Skarmory\n|-status|p1a: Skarmory|slp|[from] move: Hypnosis\n|\n|upkeep\n|turn|5\n|\n|t:|1776501164\n|cant|p1b: Sneasler|slp\n|cant|p1a: Skarmory|slp\n|move|p2b: Sinistcha|Life Dew||[still]|[spread] p2a,p2b\n|-heal|p2a: Chimecho|51/100\n|-fail|p2b: Sinistcha|heal\n|move|p2a: Chimecho|Psychic|p1b: Sneasler\n|-supereffective|p1b: Sneasler|2\n|-enditem|p1b: Sneasler|Focus Sash\n|-damage|p1b: Sneasler|1/100 slp\n|\n|-fieldend|move: Gravity\n|upkeep\n|turn|6\n|\n|t:|1776501174\n|-curestatus|p1b: Sneasler|slp|[msg]\n|move|p1b: Sneasler|Coaching|p1a: Skarmory\n|-boost|p1a: Skarmory|atk|1\n|-boost|p1a: Skarmory|def|1\n|cant|p1a: Skarmory|slp\n|move|p2b: Sinistcha|Matcha Gotcha|p1a: Skarmory|[spread] p1a,p1b\n|-resisted|p1a: Skarmory|2\n|-resisted|p1b: Sneasler|1\n|-damage|p1a: Skarmory|66/100 slp\n|-damage|p1b: Sneasler|0 fnt\n|faint|p1b: Sneasler\n|move|p2a: Chimecho|Gravity|p2a: Chimecho\n|-fieldstart|move: Gravity\n|\n|upkeep\n|\n|t:|1776501188\n|switch|p1b: Garchomp|Garchomp, L50, M|100/100\n|turn|7\n|\n|t:|1776501197\n|move|p2b: Sinistcha|Rage Powder|p2b: Sinistcha\n|-singleturn|p2b: Sinistcha|move: Rage Powder\n|-curestatus|p1a: Skarmory|slp|[msg]\n|move|p1a: Skarmory|Brave Bird|p2b: Sinistcha\n|-supereffective|p2b: Sinistcha|1\n|-damage|p2b: Sinistcha|0 fnt\n|faint|p2b: Sinistcha\n|-damage|p1a: Skarmory|25/100|[from] Recoil\n|move|p1b: Garchomp|Rock Slide|p2a: Chimecho\n|-resisted|p2a: Chimecho|1\n|-damage|p2a: Chimecho|41/100\n|cant|p2a: Chimecho|flinch\n|\n|upkeep\n|\n|t:|1776501207\n|switch|p2b: Sneasler|Sneasler, L50, M|100/100\n|turn|8\n|\n|t:|1776501215\n|switch|p1b: Incineroar|Incineroar, L50, F|100/100\n|-ability|p1b: Incineroar|Intimidate|boost\n|-unboost|p2a: Chimecho|atk|1\n|-unboost|p2b: Sneasler|atk|1\n|-enditem|p2b: Sneasler|White Herb\n|-clearnegativeboost|p2b: Sneasler|[silent]\n|move|p1a: Skarmory|Protect|p1a: Skarmory\n|-singleturn|p1a: Skarmory|Protect\n|move|p2b: Sneasler|Fake Out|p1a: Skarmory\n|-activate|p1a: Skarmory|move: Protect\n|move|p2a: Chimecho|Hypnosis|p1b: Incineroar\n|-status|p1b: Incineroar|slp|[from] move: Hypnosis\n|\n|upkeep\n|turn|9\n|\n|t:|1776501241\n|switch|p1b: Garchomp|Garchomp, L50, M|100/100\n|move|p2b: Sneasler|Close Combat|p1a: Skarmory\n|-damage|p1a: Skarmory|0 fnt\n|-unboost|p2b: Sneasler|def|1\n|-unboost|p2b: Sneasler|spd|1\n|faint|p1a: Skarmory\n|move|p2a: Chimecho|Flash Cannon|p1b: Garchomp\n|-damage|p1b: Garchomp|61/100\n|\n|upkeep\n|\n|t:|1776501250\n|switch|p1a: Incineroar|Incineroar, L50, F|100/100 slp\n|-ability|p1a: Incineroar|Intimidate|boost\n|-unboost|p2a: Chimecho|atk|1\n|-unboost|p2b: Sneasler|atk|1\n|turn|10\n|\n|t:|1776501270\n|cant|p1a: Incineroar|slp\n|move|p2b: Sneasler|Dire Claw|p1b: Garchomp\n|-resisted|p1b: Garchomp|1\n|-damage|p1b: Garchomp|48/100\n|-damage|p2b: Sneasler|88/100|[from] ability: Rough Skin|[of] p1b: Garchomp\n|move|p1b: Garchomp|Earthquake|p2a: Chimecho|[spread] p1a,p2a,p2b\n|-supereffective|p1a: Incineroar|1\n|-supereffective|p2a: Chimecho|1\n|-supereffective|p2b: Sneasler|1\n|-damage|p1a: Incineroar|23/100 slp\n|-damage|p2a: Chimecho|0 fnt\n|-damage|p2b: Sneasler|0 fnt\n|faint|p2a: Chimecho\n|faint|p2b: Sneasler\n|\n|win|gurbederbeste\n|raw|gurbederbeste's rating: 1194 &rarr; <strong>1225</strong><br />(+31 for winning)\n|raw|Poapap2's rating: 1278 &rarr; <strong>1247</strong><br />(-31 for losing)\n|l|\u2606Poapap2\n|player|p2|\n",
  "uploadtime": 1776501285,
  "views": 28,
  "formatid": "gen9championsvgc2026regma",
  "rating": 1225,
  "private": 0,
  "password": null
}