{
  "id": "gen9championsvgc2026regma-2581189959",
  "format": "[Gen 9 Champions] VGC 2026 Reg M-A",
  "players": [
    "GuitaHebbyFantaisa",
    "opvidu"
  ],
  "log": "|j|\u2606GuitaHebbyFantaisa\n|j|\u2606opvidu\n|t:|1775968868\n|gametype|doubles\n|player|p1|GuitaHebbyFantaisa|roxie|1039\n|player|p2|opvidu|265|1081\n|gen|9\n|tier|[Gen 9 Champions] VGC 2026 Reg M-A\n|rated|\n|rule|Species Clause: Limit one of each Pok\u00e9mon\n|rule|Item Clause: Limit 1 of each item\n|clearpoke\n|poke|p1|Aggron, L50, F|\n|poke|p1|Incineroar, L50, F|\n|poke|p1|Sinistcha, L50|\n|poke|p1|Tyranitar, L50, F|\n|poke|p1|Sneasler, L50, F|\n|poke|p1|Lycanroc, L50, F|\n|poke|p2|Torkoal, L50, F|\n|poke|p2|Whimsicott, L50, F|\n|poke|p2|Venusaur, L50, F|\n|poke|p2|Charizard, L50, F|\n|poke|p2|Incineroar, L50, F|\n|poke|p2|Kingambit, L50, F|\n|teampreview|4\n|inactive|Battle timer is ON: inactive players will automatically lose when time's up. (requested by GuitaHebbyFantaisa)\nGuitaHebbyFantaisa rejected open team sheets.\n|\n|t:|1775968892\n|teamsize|p1|4\n|teamsize|p2|4\n|start\n|switch|p1a: CoolCatRules|Incineroar, L50, F, shiny|100/100\n|switch|p1b: THE WALL|Aggron, L50, F, shiny|100/100\n|switch|p2a: Torkoal|Torkoal, L50, F|100/100\n|switch|p2b: Venusaur|Venusaur, L50, F|100/100\n|-ability|p1a: CoolCatRules|Intimidate|boost\n|-unboost|p2a: Torkoal|atk|1\n|-unboost|p2b: Venusaur|atk|1\n|-weather|SunnyDay|[from] ability: Drought|[of] p2a: Torkoal\n|turn|1\n|inactive|opvidu has 30 seconds left.\n|\n|t:|1775968917\n|switch|p1b: GO GO GODZILLA|Tyranitar, L50, F, shiny|100/100\n|-weather|Sandstorm|[from] ability: Sand Stream|[of] p1b: GO GO GODZILLA\n|move|p2a: Torkoal|Protect|p2a: Torkoal\n|-singleturn|p2a: Torkoal|Protect\n|move|p1a: CoolCatRules|Fake Out|p2b: Venusaur\n|-crit|p2b: Venusaur\n|-damage|p2b: Venusaur|81/100\n|cant|p2b: Venusaur|flinch\n|\n|-weather|Sandstorm|[upkeep]\n|-damage|p2b: Venusaur|75/100|[from] Sandstorm\n|-damage|p1a: CoolCatRules|94/100|[from] Sandstorm\n|-damage|p2a: Torkoal|94/100|[from] Sandstorm\n|-heal|p2a: Torkoal|100/100|[from] item: Leftovers\n|upkeep\n|turn|2\n|\n|t:|1775968937\n|switch|p2a: Incineroar|Incineroar, L50, F|100/100\n|-ability|p2a: Incineroar|Intimidate|boost\n|-unboost|p1a: CoolCatRules|atk|1\n|-unboost|p1b: GO GO GODZILLA|atk|1\n|move|p2b: Venusaur|Sleep Powder|p1a: CoolCatRules\n|-status|p1a: CoolCatRules|slp|[from] move: Sleep Powder\n|cant|p1a: CoolCatRules|slp\n|move|p1b: GO GO GODZILLA|Rock Slide|p2b: Venusaur|[spread] p2a,p2b\n|-supereffective|p2a: Incineroar|1\n|-damage|p2a: Incineroar|57/100\n|-damage|p2b: Venusaur|48/100\n|\n|-weather|Sandstorm|[upkeep]\n|-damage|p2b: Venusaur|42/100|[from] Sandstorm\n|-damage|p1a: CoolCatRules|88/100 slp|[from] Sandstorm\n|-damage|p2a: Incineroar|50/100|[from] Sandstorm\n|upkeep\n|turn|3\n|\n|t:|1775968951\n|switch|p2a: Torkoal|Torkoal, L50, F|100/100\n|-weather|SunnyDay|[from] ability: Drought|[of] p2a: Torkoal\n|move|p2b: Venusaur|Giga Drain|p1b: GO GO GODZILLA\n|-supereffective|p1b: GO GO GODZILLA|1\n|-damage|p1b: GO GO GODZILLA|44/100\n|-heal|p2b: Venusaur|72/100|[from] drain|[of] p1b: GO GO GODZILLA\n|cant|p1a: CoolCatRules|slp\n|move|p1b: GO GO GODZILLA|Rock Slide|p2a: Torkoal|[spread] p2b\n|-miss|p1b: GO GO GODZILLA|p2a: Torkoal\n|-damage|p2b: Venusaur|49/100\n|\n|-weather|SunnyDay|[upkeep]\n|upkeep\n|turn|4\n|inactive|opvidu has 30 seconds left.\n|\n|t:|1775968983\n|move|p1b: GO GO GODZILLA|Protect|p1b: GO GO GODZILLA\n|-singleturn|p1b: GO GO GODZILLA|Protect\n|move|p2b: Venusaur|Giga Drain|p1b: GO GO GODZILLA\n|-activate|p1b: GO GO GODZILLA|move: Protect\n|-curestatus|p1a: CoolCatRules|slp|[msg]\n|move|p1a: CoolCatRules|Flare Blitz|p2b: Venusaur\n|-supereffective|p2b: Venusaur|1\n|-damage|p2b: Venusaur|0 fnt\n|faint|p2b: Venusaur\n|-damage|p1a: CoolCatRules|74/100|[from] Recoil\n|move|p2a: Torkoal|Eruption|p1b: GO GO GODZILLA|[spread] p1a\n|-activate|p1b: GO GO GODZILLA|move: Protect\n|-resisted|p1a: CoolCatRules|1\n|-damage|p1a: CoolCatRules|44/100\n|-enditem|p1a: CoolCatRules|Sitrus Berry|[eat]\n|-heal|p1a: CoolCatRules|69/100|[from] item: Sitrus Berry\n|\n|-weather|SunnyDay|[upkeep]\n|upkeep\n|\n|t:|1775968988\n|switch|p2b: Incineroar|Incineroar, L50, F|50/100\n|-ability|p2b: Incineroar|Intimidate|boost\n|-unboost|p1a: CoolCatRules|atk|1\n|-unboost|p1b: GO GO GODZILLA|atk|1\n|turn|5\n|inactive|GuitaHebbyFantaisa has 30 seconds left.\n|\n|t:|1775969015\n|switch|p1b: The DAWG in me|Lycanroc, L50, F, shiny|100/100\n|move|p2b: Incineroar|Fake Out|p1b: The DAWG in me\n|-resisted|p1b: The DAWG in me|1\n|-damage|p1b: The DAWG in me|90/100\n|move|p1a: CoolCatRules|Parting Shot|p2a: Torkoal\n|-unboost|p2a: Torkoal|atk|1\n|-unboost|p2a: Torkoal|spa|1\n|\n|t:|1775969017\n|switch|p1a: GO GO GODZILLA|Tyranitar, L50, F, shiny|44/100|[from] Parting Shot\n|-weather|Sandstorm|[from] ability: Sand Stream|[of] p1a: GO GO GODZILLA\n|move|p2a: Torkoal|Eruption|p1a: GO GO GODZILLA|[spread] p1a,p1b\n|-resisted|p1a: GO GO GODZILLA|1\n|-resisted|p1b: The DAWG in me|1\n|-damage|p1a: GO GO GODZILLA|34/100\n|-damage|p1b: The DAWG in me|72/100\n|\n|-weather|Sandstorm|[upkeep]\n|-damage|p2b: Incineroar|44/100|[from] Sandstorm\n|-damage|p2a: Torkoal|94/100|[from] Sandstorm\n|-heal|p2a: Torkoal|100/100|[from] item: Leftovers\n|upkeep\n|turn|6\n|inactive|opvidu has 30 seconds left.\n|inactive|opvidu has 20 seconds left.\n|\n|t:|1775969053\n|move|p2a: Torkoal|Protect|p2a: Torkoal\n|-singleturn|p2a: Torkoal|Protect\n|move|p1b: The DAWG in me|Rock Slide|p2b: Incineroar|[spread] p2b\n|-activate|p2a: Torkoal|move: Protect\n|-supereffective|p2b: Incineroar|1\n|-damage|p2b: Incineroar|0 fnt\n|faint|p2b: Incineroar\n|move|p1a: GO GO GODZILLA|Rock Slide|p2a: Torkoal\n|-activate|p2a: Torkoal|move: Protect\n|\n|-weather|Sandstorm|[upkeep]\n|-damage|p2a: Torkoal|94/100|[from] Sandstorm\n|-heal|p2a: Torkoal|100/100|[from] item: Leftovers\n|upkeep\n|\n|t:|1775969075\n|switch|p2b: Charizard|Charizard, L50, F|100/100\n|turn|7\n|\n|t:|1775969097\n|detailschange|p2b: Charizard|Charizard-Mega-Y, L50, F\n|-mega|p2b: Charizard|Charizard|Charizardite Y\n|-weather|SunnyDay|[from] ability: Drought|[of] p2b: Charizard\n|move|p2b: Charizard|Protect|p2b: Charizard\n|-singleturn|p2b: Charizard|Protect\n|move|p1b: The DAWG in me|Accelerock|p2b: Charizard\n|-activate|p2b: Charizard|move: Protect\n|move|p1a: GO GO GODZILLA|Rock Slide|p2a: Torkoal|[spread] p2a\n|-activate|p2b: Charizard|move: Protect\n|-supereffective|p2a: Torkoal|1\n|-damage|p2a: Torkoal|51/100\n|move|p2a: Torkoal|Eruption|p1a: GO GO GODZILLA|[spread] p1a,p1b\n|-resisted|p1a: GO GO GODZILLA|1\n|-resisted|p1b: The DAWG in me|1\n|-damage|p1a: GO GO GODZILLA|25/100\n|-damage|p1b: The DAWG in me|53/100\n|\n|-weather|SunnyDay|[upkeep]\n|-heal|p2a: Torkoal|57/100|[from] item: Leftovers\n|upkeep\n|turn|8\n|\n|t:|1775969117\n|move|p2a: Torkoal|Protect|p2a: Torkoal\n|-singleturn|p2a: Torkoal|Protect\n|move|p1b: The DAWG in me|Accelerock|p2b: Charizard\n|-supereffective|p2b: Charizard|2\n|-damage|p2b: Charizard|0 fnt\n|faint|p2b: Charizard\n|move|p1a: GO GO GODZILLA|Rock Slide|p2a: Torkoal\n|-activate|p2a: Torkoal|move: Protect\n|\n|-weather|SunnyDay|[upkeep]\n|-heal|p2a: Torkoal|63/100|[from] item: Leftovers\n|upkeep\n|turn|9\n|\n|t:|1775969121\n|move|p2a: Torkoal|Protect|p2a: Torkoal\n|-singleturn|p2a: Torkoal|Protect\n|move|p1b: The DAWG in me|Rock Slide|p2a: Torkoal\n|-activate|p2a: Torkoal|move: Protect\n|move|p1a: GO GO GODZILLA|Rock Slide|p2a: Torkoal\n|-activate|p2a: Torkoal|move: Protect\n|\n|-weather|SunnyDay|[upkeep]\n|-heal|p2a: Torkoal|69/100|[from] item: Leftovers\n|upkeep\n|turn|10\n|\n|t:|1775969126\n|move|p2a: Torkoal|Protect||[still]\n|-fail|p2a: Torkoal\n|move|p1b: The DAWG in me|Rock Slide|p2a: Torkoal\n|-supereffective|p2a: Torkoal|1\n|-damage|p2a: Torkoal|5/100\n|move|p1a: GO GO GODZILLA|Rock Slide|p2a: Torkoal\n|-supereffective|p2a: Torkoal|1\n|-damage|p2a: Torkoal|0 fnt\n|faint|p2a: Torkoal\n|\n|win|GuitaHebbyFantaisa\n|raw|GuitaHebbyFantaisa's rating: 1039 &rarr; <strong>1079</strong><br />(+40 for winning)\n|raw|opvidu's rating: 1102 &rarr; <strong>1073</strong><br />(-29 for losing)\n",
  "uploadtime": 1775969128,
  "views": 14,
  "formatid": "gen9championsvgc2026regma",
  "rating": 1073,
  "private": 0,
  "password": null
}