{
  "id": "gen9championsvgc2026regma-2582914391",
  "format": "[Gen 9 Champions] VGC 2026 Reg M-A",
  "players": [
    "LUWITE",
    "cumfymsm"
  ],
  "log": "|j|\u2606LUWITE\n|j|\u2606cumfymsm\n|t:|1776124550\n|gametype|doubles\n|player|p1|LUWITE|ghetsis|1060\n|player|p2|cumfymsm|102|1000\n|gen|9\n|tier|[Gen 9 Champions] VGC 2026 Reg M-A\n|rated|\n|rule|Species Clause: Limit one of each Pok\u00e9mon\n|rule|Item Clause: Limit 1 of each item\n|clearpoke\n|poke|p1|Drampa, L50, F|\n|poke|p1|Sinistcha, L50|\n|poke|p1|Torkoal, L50, M|\n|poke|p1|Aromatisse, L50, M|\n|poke|p1|Tinkaton, L50, F|\n|poke|p1|Rotom-Wash, L50|\n|poke|p2|Charizard, L50, M|\n|poke|p2|Incineroar, L50, M|\n|poke|p2|Whimsicott, L50, M|\n|poke|p2|Milotic, L50, F|\n|poke|p2|Garchomp, L50, F|\n|poke|p2|Floette-Eternal, L50, F|\n|teampreview|4\nLUWITE rejected open team sheets.\n|\n|t:|1776124589\n|teamsize|p1|4\n|teamsize|p2|4\n|start\n|switch|p1a: Rotom|Rotom-Wash, L50|100/100\n|switch|p1b: Aromatisse|Aromatisse, L50, M|100/100\n|switch|p2a: Incineroar|Incineroar, L50, M|100/100\n|switch|p2b: Charizard|Charizard, L50, M|100/100\n|-ability|p2a: Incineroar|Intimidate|boost\n|-unboost|p1a: Rotom|atk|1\n|-unboost|p1b: Aromatisse|atk|1\n|turn|1\n|\n|t:|1776124612\n|move|p1b: Aromatisse|Protect|p1b: Aromatisse\n|-singleturn|p1b: Aromatisse|Protect\n|move|p2a: Incineroar|Fake Out|p1a: Rotom\n|-damage|p1a: Rotom|86/100\n|cant|p1a: Rotom|flinch\n|move|p2b: Charizard|Flamethrower|p1b: Aromatisse\n|-activate|p1b: Aromatisse|move: Protect\n|\n|upkeep\n|turn|2\n|\n|t:|1776124638\n|move|p2b: Charizard|Protect|p2b: Charizard\n|-singleturn|p2b: Charizard|Protect\n|move|p1a: Rotom|Hydro Pump|p2a: Incineroar\n|-supereffective|p2a: Incineroar|1\n|-enditem|p2a: Incineroar|Passho Berry|[eat]\n|-enditem|p2a: Incineroar|Passho Berry|[weaken]\n|-damage|p2a: Incineroar|65/100\n|move|p2a: Incineroar|Darkest Lariat|p1a: Rotom\n|-damage|p1a: Rotom|45/100\n|move|p1b: Aromatisse|Moonblast|p2a: Incineroar\n|-damage|p2a: Incineroar|41/100\n|\n|upkeep\n|turn|3\n|\n|t:|1776124690\n|detailschange|p2b: Charizard|Charizard-Mega-Y, L50, M\n|-mega|p2b: Charizard|Charizard|Charizardite Y\n|-weather|SunnyDay|[from] ability: Drought|[of] p2b: Charizard\n|move|p1a: Rotom|Hydro Pump|p2a: Incineroar\n|-supereffective|p2a: Incineroar|1\n|-damage|p2a: Incineroar|1/100\n|move|p2b: Charizard|Heat Wave|p1a: Rotom|[spread] p1b\n|-miss|p2b: Charizard|p1a: Rotom\n|-damage|p1b: Aromatisse|40/100\n|-enditem|p1b: Aromatisse|Sitrus Berry|[eat]\n|-heal|p1b: Aromatisse|65/100|[from] item: Sitrus Berry\n|move|p2a: Incineroar|Darkest Lariat|p1a: Rotom\n|-damage|p1a: Rotom|2/100\n|move|p1b: Aromatisse|Trick Room|p1b: Aromatisse\n|-fieldstart|move: Trick Room|[of] p1b: Aromatisse\n|\n|-weather|SunnyDay|[upkeep]\n|upkeep\n|turn|4\n|\n|t:|1776124726\n|move|p2b: Charizard|Protect|p2b: Charizard\n|-singleturn|p2b: Charizard|Protect\n|move|p1b: Aromatisse|Moonblast|p2a: Incineroar\n|-damage|p2a: Incineroar|0 fnt\n|faint|p2a: Incineroar\n|move|p1a: Rotom|Hydro Pump|p2b: Charizard\n|-activate|p2b: Charizard|move: Protect\n|\n|-weather|SunnyDay|[upkeep]\n|upkeep\n|\n|t:|1776124734\n|switch|p2a: Milotic|Milotic, L50, F|100/100\n|turn|5\n|\n|t:|1776124741\n|switch|p2b: Whimsicott|Whimsicott, L50, M|100/100\n|switch|p1a: Sinistcha|Sinistcha, L50|100/100\n|-heal|p1b: Aromatisse|90/100|[from] ability: Hospitality|[of] p1a: Sinistcha\n|move|p1b: Aromatisse|Protect|p1b: Aromatisse\n|-singleturn|p1b: Aromatisse|Protect\n|move|p2a: Milotic|Icy Wind|p1b: Aromatisse|[spread] p1a\n|-activate|p1b: Aromatisse|move: Protect\n|-supereffective|p1a: Sinistcha|1\n|-damage|p1a: Sinistcha|79/100\n|-unboost|p1a: Sinistcha|spe|1\n|\n|-weather|SunnyDay|[upkeep]\n|upkeep\n|turn|6\n|\n|t:|1776124776\n|move|p2b: Whimsicott|Encore|p1b: Aromatisse\n|-block|p1b: Aromatisse|ability: Aroma Veil|[of] p1b: Aromatisse\n|move|p1b: Aromatisse|Moonblast|p2a: Milotic\n|-damage|p2a: Milotic|78/100\n|move|p1a: Sinistcha|Matcha Gotcha|p2b: Whimsicott|[spread] p2a,p2b\n|-supereffective|p2a: Milotic|1\n|-resisted|p2b: Whimsicott|1\n|-damage|p2a: Milotic|48/100\n|-heal|p1a: Sinistcha|97/100|[from] drain|[of] p2a: Milotic\n|-damage|p2b: Whimsicott|80/100\n|-heal|p1a: Sinistcha|100/100|[from] drain|[of] p2b: Whimsicott\n|move|p2a: Milotic|Scald|p1b: Aromatisse\n|-damage|p1b: Aromatisse|77/100\n|\n|-weather|SunnyDay|[upkeep]\n|-heal|p2a: Milotic|53/100|[from] item: Leftovers\n|upkeep\n|turn|7\n|\n|t:|1776124804\n|move|p1b: Aromatisse|Helping Hand|p1a: Sinistcha\n|-singleturn|p1a: Sinistcha|Helping Hand|[of] p1b: Aromatisse\n|move|p2a: Milotic|Protect|p2a: Milotic\n|-singleturn|p2a: Milotic|Protect\n|move|p2b: Whimsicott|Tailwind|p2b: Whimsicott\n|-sidestart|p2: cumfymsm|move: Tailwind\n|move|p1a: Sinistcha|Matcha Gotcha|p2b: Whimsicott|[spread] p2b\n|-activate|p2a: Milotic|move: Protect\n|-resisted|p2b: Whimsicott|1\n|-damage|p2b: Whimsicott|52/100\n|\n|-weather|none\n|-heal|p2a: Milotic|59/100|[from] item: Leftovers\n|-fieldend|move: Trick Room\n|upkeep\n|turn|8\n|\n|t:|1776124832\n|switch|p2b: Charizard|Charizard-Mega-Y, L50, M|100/100\n|-weather|SunnyDay|[from] ability: Drought|[of] p2b: Charizard\n|move|p2a: Milotic|Ice Beam|p1a: Sinistcha\n|-supereffective|p1a: Sinistcha|1\n|-damage|p1a: Sinistcha|56/100\n|move|p1a: Sinistcha|Matcha Gotcha|p2b: Charizard|[spread] p2a,p2b\n|-supereffective|p2a: Milotic|1\n|-resisted|p2b: Charizard|2\n|-damage|p2a: Milotic|27/100\n|-heal|p1a: Sinistcha|74/100|[from] drain|[of] p2a: Milotic\n|-damage|p2b: Charizard|95/100\n|-heal|p1a: Sinistcha|77/100|[from] drain|[of] p2b: Charizard\n|move|p1b: Aromatisse|Trick Room|p1b: Aromatisse\n|-fieldstart|move: Trick Room|[of] p1b: Aromatisse\n|\n|-weather|SunnyDay|[upkeep]\n|-heal|p2a: Milotic|33/100|[from] item: Leftovers\n|upkeep\n|turn|9\n|\n|t:|1776124862\n|move|p1b: Aromatisse|Moonblast|p2b: Charizard\n|-resisted|p2b: Charizard|1\n|-damage|p2b: Charizard|80/100\n|move|p1a: Sinistcha|Matcha Gotcha|p2b: Charizard|[spread] p2a,p2b\n|-supereffective|p2a: Milotic|1\n|-resisted|p2b: Charizard|2\n|-damage|p2a: Milotic|2/100\n|-heal|p1a: Sinistcha|94/100|[from] drain|[of] p2a: Milotic\n|-damage|p2b: Charizard|75/100\n|-heal|p1a: Sinistcha|97/100|[from] drain|[of] p2b: Charizard\n|move|p2a: Milotic|Ice Beam|p1a: Sinistcha\n|-supereffective|p1a: Sinistcha|1\n|-damage|p1a: Sinistcha|49/100\n|move|p2b: Charizard|Air Slash|p1a: Sinistcha\n|-supereffective|p1a: Sinistcha|1\n|-damage|p1a: Sinistcha|0 fnt\n|faint|p1a: Sinistcha\n|\n|-weather|SunnyDay|[upkeep]\n|-heal|p2a: Milotic|8/100|[from] item: Leftovers\n|upkeep\n|\n|t:|1776124880\n|switch|p1a: Drampa|Drampa, L50, F|100/100\n|-ability|p1a: Drampa|Cloud Nine\n|turn|10\n|\n|t:|1776124920\n|move|p1b: Aromatisse|Moonblast|p2a: Milotic\n|-damage|p2a: Milotic|0 fnt\n|faint|p2a: Milotic\n|move|p1a: Drampa|Hyper Voice|p2b: Charizard\n|-damage|p2b: Charizard|24/100\n|move|p2b: Charizard|Air Slash|p1a: Drampa\n|-damage|p1a: Drampa|53/100\n|\n|-weather|SunnyDay|[upkeep]\n|-sideend|p2: cumfymsm|move: Tailwind\n|upkeep\n|\n|t:|1776124931\n|switch|p2a: Whimsicott|Whimsicott, L50, M|52/100\n|turn|11\n|\n|t:|1776124940\n|detailschange|p1a: Drampa|Drampa-Mega, L50, F\n|-mega|p1a: Drampa|Drampa|Drampanite\n|move|p1b: Aromatisse|Moonblast|p2a: Whimsicott\n|-damage|p2a: Whimsicott|1/100\n|move|p1a: Drampa|Hyper Voice|p2a: Whimsicott|[spread] p2a,p2b\n|-damage|p2a: Whimsicott|0 fnt\n|-damage|p2b: Charizard|0 fnt\n|faint|p2a: Whimsicott\n|faint|p2b: Charizard\n|\n|win|LUWITE\n|raw|LUWITE's rating: 1060 &rarr; <strong>1086</strong><br />(+26 for winning)\n|raw|cumfymsm's rating: 1000 &rarr; <strong>1000</strong><br />(+0 for losing)\n|l|\u2606cumfymsm\n|player|p2|\n",
  "uploadtime": 1776124948,
  "views": 13,
  "formatid": "gen9championsvgc2026regma",
  "rating": 1000,
  "private": 0,
  "password": null
}