{
  "id": "gen9championsvgc2026regma-2581669753",
  "format": "[Gen 9 Champions] VGC 2026 Reg M-A",
  "players": [
    "zammurock",
    "RazzvyBerry"
  ],
  "log": "|j|\u2606zammurock\n|j|\u2606RazzvyBerry\n|t:|1776019417\n|gametype|doubles\n|player|p1|zammurock|hilbert-wonderlauncher|1064\n|player|p2|RazzvyBerry|harlequin|1144\n|gen|9\n|tier|[Gen 9 Champions] VGC 2026 Reg M-A\n|rated|\n|rule|Species Clause: Limit one of each Pok\u00e9mon\n|rule|Item Clause: Limit 1 of each item\n|clearpoke\n|poke|p1|Charizard, L50, M|\n|poke|p1|Maushold-Four, L50|\n|poke|p1|Gengar, L50, M|\n|poke|p1|Incineroar, L50, F|\n|poke|p1|Whimsicott, L50, F|\n|poke|p1|Milotic, L50, F|\n|poke|p2|Azumarill, L50, M|\n|poke|p2|Froslass, L50, F|\n|poke|p2|Sinistcha, L50|\n|poke|p2|Incineroar, L50, M|\n|poke|p2|Sneasler, L50, M|\n|poke|p2|Aerodactyl, L50, M|\n|teampreview|4\n|inactive|Battle timer is ON: inactive players will automatically lose when time's up. (requested by zammurock)\n|inactive|zammurock has 60 seconds left.\n|inactive|RazzvyBerry has 60 seconds left.\n|inactive|RazzvyBerry has 30 seconds left.\n|inactive|RazzvyBerry has 20 seconds left.\n|inactive|RazzvyBerry has 15 seconds left.\n|\n|t:|1776019496\n|teamsize|p1|4\n|teamsize|p2|4\n|start\n|switch|p1a: Gengar|Gengar, L50, M|100/100\n|switch|p1b: Milotic|Milotic, L50, F|100/100\n|switch|p2a: Sneasler|Sneasler, L50, M|100/100\n|switch|p2b: Froslass|Froslass, L50, F|100/100\n|turn|1\n|\n|t:|1776019518\n|detailschange|p1a: Gengar|Gengar-Mega, L50, M\n|-mega|p1a: Gengar|Gengar|Gengarite\n|detailschange|p2b: Froslass|Froslass-Mega, L50, F\n|-mega|p2b: Froslass|Froslass|Froslassite\n|-weather|Snowscape|[from] ability: Snow Warning|[of] p2b: Froslass\n|move|p2a: Sneasler|Fake Out|p1b: Milotic\n|-damage|p1b: Milotic|82/100\n|move|p1a: Gengar|Shadow Ball|p2b: Froslass\n|-supereffective|p2b: Froslass|1\n|-damage|p2b: Froslass|0 fnt\n|faint|p2b: Froslass\n|cant|p1b: Milotic|flinch\n|\n|-weather|Snowscape|[upkeep]\n|-heal|p1b: Milotic|88/100|[from] item: Leftovers\n|upkeep\n|\n|t:|1776019536\n|switch|p2b: Aerodactyl|Aerodactyl, L50, M|100/100\n|-ability|p2b: Aerodactyl|Unnerve\n|turn|2\n|\n|t:|1776019560\n|move|p1a: Gengar|Perish Song|p1a: Gengar\n|-start|p1a: Gengar|perish3|[silent]\n|-start|p1b: Milotic|perish3|[silent]\n|-start|p2a: Sneasler|perish3|[silent]\n|-start|p2b: Aerodactyl|perish3|[silent]\n|-fieldactivate|move: Perish Song\n|move|p2b: Aerodactyl|Dual Wingbeat|p1a: Gengar\n|-damage|p1a: Gengar|71/100\n|-damage|p1a: Gengar|43/100\n|-hitcount|p1a: Gengar|2\n|move|p2a: Sneasler|Close Combat|p1b: Milotic\n|-damage|p1b: Milotic|6/100\n|-unboost|p2a: Sneasler|def|1\n|-unboost|p2a: Sneasler|spd|1\n|-enditem|p2a: Sneasler|White Herb\n|-clearnegativeboost|p2a: Sneasler|[silent]\n|move|p1b: Milotic|Coil|p1b: Milotic\n|-boost|p1b: Milotic|atk|1\n|-boost|p1b: Milotic|def|1\n|-boost|p1b: Milotic|accuracy|1\n|\n|-weather|Snowscape|[upkeep]\n|-heal|p1b: Milotic|12/100|[from] item: Leftovers\n|-start|p2a: Sneasler|perish3\n|-start|p1a: Gengar|perish3\n|-start|p2b: Aerodactyl|perish3\n|-start|p1b: Milotic|perish3\n|upkeep\n|turn|3\n|inactive|zammurock has 30 seconds left.\n|inactive|RazzvyBerry has 30 seconds left.\n|\n|t:|1776019592\n|switch|p1b: Incineroar|Incineroar, L50, F|100/100\n|-ability|p1b: Incineroar|Intimidate|boost\n|-unboost|p2a: Sneasler|atk|1\n|-unboost|p2b: Aerodactyl|atk|1\n|move|p1a: Gengar|Protect|p1a: Gengar\n|-singleturn|p1a: Gengar|Protect\n|move|p2a: Sneasler|Dire Claw|p1b: Incineroar\n|-damage|p1b: Incineroar|71/100\n|move|p2b: Aerodactyl|Tailwind|p2b: Aerodactyl\n|-sidestart|p2: RazzvyBerry|move: Tailwind\n|\n|-weather|Snowscape|[upkeep]\n|-start|p2a: Sneasler|perish2\n|-start|p2b: Aerodactyl|perish2\n|-start|p1a: Gengar|perish2\n|upkeep\n|turn|4\n|\n|t:|1776019613\n|move|p1b: Incineroar|Fake Out|p2b: Aerodactyl\n|-resisted|p2b: Aerodactyl|1\n|-damage|p2b: Aerodactyl|90/100\n|move|p2a: Sneasler|Dire Claw|p1a: Gengar\n|-resisted|p1a: Gengar|2\n|-damage|p1a: Gengar|33/100\n|-status|p1a: Gengar|par\n|cant|p2b: Aerodactyl|flinch\n|move|p1a: Gengar|Shadow Ball|p2b: Aerodactyl\n|-damage|p2b: Aerodactyl|15/100\n|-unboost|p2b: Aerodactyl|spd|1\n|\n|-weather|Snowscape|[upkeep]\n|-start|p2a: Sneasler|perish1\n|-start|p2b: Aerodactyl|perish1\n|-start|p1a: Gengar|perish1\n|upkeep\n|turn|5\n|\n|t:|1776019635\n|switch|p1a: Milotic|Milotic, L50, F|12/100\n|move|p1b: Incineroar|Protect|p1b: Incineroar\n|-singleturn|p1b: Incineroar|Protect\n|move|p2a: Sneasler|Close Combat|p1b: Incineroar\n|-activate|p1b: Incineroar|move: Protect\n|move|p2b: Aerodactyl|Dual Wingbeat|p1a: Milotic\n|-damage|p1a: Milotic|0 fnt\n|faint|p1a: Milotic\n|-hitcount|p1: Milotic|1\n|\n|-weather|none\n|-start|p2a: Sneasler|perish0\n|-start|p2b: Aerodactyl|perish0\n|faint|p2a: Sneasler\n|faint|p2b: Aerodactyl\n|upkeep\n|-message|RazzvyBerry forfeited.\n|\n|win|zammurock\n|raw|zammurock's rating: 1064 &rarr; <strong>1101</strong><br />(+37 for winning)\n|raw|RazzvyBerry's rating: 1144 &rarr; <strong>1113</strong><br />(-31 for losing)\n",
  "uploadtime": 1776019650,
  "views": 20,
  "formatid": "gen9championsvgc2026regma",
  "rating": 1101,
  "private": 0,
  "password": null
}