{
  "id": "gen9championsvgc2026regma-2588493189",
  "format": "[Gen 9 Champions] VGC 2026 Reg M-A",
  "players": [
    "D Hazey",
    "Sakaii_7"
  ],
  "log": "|j|\u2606D Hazey\n|j|\u2606Sakaii_7\n|t:|1776638510\n|gametype|doubles\n|player|p1|D Hazey|cynthia-masters|1129\n|player|p2|Sakaii_7|265|1060\n|gen|9\n|tier|[Gen 9 Champions] VGC 2026 Reg M-A\n|rated|\n|rule|Species Clause: Limit one of each Pok\u00e9mon\n|rule|Item Clause: Limit 1 of each item\n|clearpoke\n|poke|p1|Manectric, L50, M|\n|poke|p1|Noivern, L50, M|\n|poke|p1|Dragapult, L50, F|\n|poke|p1|Typhlosion-Hisui, L50, F|\n|poke|p1|Incineroar, L50, M|\n|poke|p1|Conkeldurr, L50, M|\n|poke|p2|Glimmora, L50, M|\n|poke|p2|Garchomp, L50, M|\n|poke|p2|Tyranitar, L50, M|\n|poke|p2|Sinistcha, L50|\n|poke|p2|Aerodactyl, L50, F|\n|poke|p2|Palafin, L50, F|\n|teampreview|4\n|\n|t:|1776638550\n|teamsize|p1|4\n|teamsize|p2|4\n|start\n|switch|p1a: Manectric|Manectric, L50, M|100/100\n|switch|p1b: Incineroar|Incineroar, L50, M|100/100\n|switch|p2a: Glimmora|Glimmora, L50, M|100/100\n|switch|p2b: Aerodactyl|Aerodactyl, L50, F|100/100\n|-ability|p2b: Aerodactyl|Unnerve\n|-ability|p1b: Incineroar|Intimidate|boost\n|-unboost|p2a: Glimmora|atk|1\n|-unboost|p2b: Aerodactyl|atk|1\n|turn|1\n|\n|t:|1776638566\n|switch|p2b: Sinistcha|Sinistcha, L50|100/100\n|detailschange|p1a: Manectric|Manectric-Mega, L50, M\n|-mega|p1a: Manectric|Manectric|Manectite\n|-ability|p1a: Manectric|Intimidate|boost\n|-unboost|p2a: Glimmora|atk|1\n|-unboost|p2b: Sinistcha|atk|1\n|move|p2a: Glimmora|Spiky Shield|p2a: Glimmora\n|-singleturn|p2a: Glimmora|move: Protect\n|move|p1b: Incineroar|Fake Out|p2a: Glimmora\n|-activate|p2a: Glimmora|move: Protect\n|-damage|p1b: Incineroar|88/100|[from] Spiky Shield|[of] p2a: Glimmora\n|move|p1a: Manectric|Thunderbolt|p2b: Sinistcha\n|-resisted|p2b: Sinistcha|1\n|-damage|p2b: Sinistcha|75/100\n|\n|-heal|p2b: Sinistcha|81/100|[from] item: Leftovers\n|upkeep\n|turn|2\n|\n|t:|1776638592\n|detailschange|p2a: Glimmora|Glimmora-Mega, L50, M\n|-mega|p2a: Glimmora|Glimmora|Glimmoranite\n|move|p2b: Sinistcha|Rage Powder|p2b: Sinistcha\n|-singleturn|p2b: Sinistcha|move: Rage Powder\n|move|p1a: Manectric|Volt Switch|p2b: Sinistcha\n|-resisted|p2b: Sinistcha|1\n|-damage|p2b: Sinistcha|60/100\n|\n|t:|1776638598\n|switch|p1a: Noivern|Noivern, L50, M|100/100|[from] Volt Switch\n|move|p2a: Glimmora|Earth Power|p1a: Noivern\n|-immune|p1a: Noivern\n|move|p1b: Incineroar|Parting Shot|p2b: Sinistcha\n|-unboost|p2b: Sinistcha|atk|1\n|-unboost|p2b: Sinistcha|spa|1\n|\n|t:|1776638615\n|switch|p1b: Manectric|Manectric-Mega, L50, M|100/100|[from] Parting Shot\n|-ability|p1b: Manectric|Intimidate|boost\n|-unboost|p2a: Glimmora|atk|1\n|-unboost|p2b: Sinistcha|atk|1\n|\n|-heal|p2b: Sinistcha|66/100|[from] item: Leftovers\n|upkeep\n|turn|3\n|\n|t:|1776638638\n|switch|p2b: Garchomp|Garchomp, L50, M|100/100\n|move|p1b: Manectric|Volt Switch|p2a: Glimmora\n|-damage|p2a: Glimmora|59/100\n|\n|t:|1776638643\n|switch|p1b: Incineroar|Incineroar, L50, M|88/100|[from] Volt Switch\n|-ability|p1b: Incineroar|Intimidate|boost\n|-unboost|p2a: Glimmora|atk|1\n|-unboost|p2b: Garchomp|atk|1\n|move|p1a: Noivern|Taunt|p2b: Garchomp\n|-start|p2b: Garchomp|move: Taunt\n|move|p2a: Glimmora|Power Gem|p1a: Noivern\n|-supereffective|p1a: Noivern|1\n|-enditem|p1a: Noivern|Focus Sash\n|-damage|p1a: Noivern|1/100\n|\n|upkeep\n|turn|4\n|\n|t:|1776638669\n|switch|p2b: Sinistcha|Sinistcha, L50|66/100\n|-heal|p2a: Glimmora|84/100|[from] ability: Hospitality|[of] p2b: Sinistcha\n|move|p2a: Glimmora|Spiky Shield|p2a: Glimmora\n|-singleturn|p2a: Glimmora|move: Protect\n|move|p1a: Noivern|Draco Meteor|p2b: Sinistcha\n|-damage|p2b: Sinistcha|21/100\n|-unboost|p1a: Noivern|spa|2\n|move|p1b: Incineroar|Parting Shot|p2a: Glimmora\n|-activate|p2a: Glimmora|move: Protect\n|\n|-heal|p2b: Sinistcha|27/100|[from] item: Leftovers\n|upkeep\n|turn|5\n|\n|t:|1776638700\n|move|p2b: Sinistcha|Rage Powder|p2b: Sinistcha\n|-singleturn|p2b: Sinistcha|move: Rage Powder\n|move|p1a: Noivern|Tailwind|p1a: Noivern\n|-sidestart|p1: D Hazey|move: Tailwind\n|move|p2a: Glimmora|Power Gem|p1b: Incineroar\n|-supereffective|p1b: Incineroar|1\n|-damage|p1b: Incineroar|9/100\n|move|p1b: Incineroar|Flare Blitz|p2b: Sinistcha\n|-supereffective|p2b: Sinistcha|1\n|-damage|p2b: Sinistcha|0 fnt\n|faint|p2b: Sinistcha\n|-damage|p1b: Incineroar|2/100|[from] Recoil\n|\n|upkeep\n|\n|t:|1776638712\n|switch|p2b: Garchomp|Garchomp, L50, M|100/100\n|turn|6\n|\n|t:|1776638729\n|move|p2a: Glimmora|Spiky Shield|p2a: Glimmora\n|-singleturn|p2a: Glimmora|move: Protect\n|move|p1a: Noivern|Draco Meteor|p2b: Garchomp\n|-supereffective|p2b: Garchomp|1\n|-damage|p2b: Garchomp|59/100\n|-unboost|p1a: Noivern|spa|2\n|move|p1b: Incineroar|Parting Shot|p2a: Glimmora\n|-activate|p2a: Glimmora|move: Protect\n|move|p2b: Garchomp|Earthquake|p1a: Noivern|[spread] p1b\n|-activate|p2a: Glimmora|move: Protect\n|-immune|p1a: Noivern\n|-supereffective|p1b: Incineroar|1\n|-damage|p1b: Incineroar|0 fnt\n|faint|p1b: Incineroar\n|\n|upkeep\n|\n|t:|1776638746\n|switch|p1b: Manectric|Manectric-Mega, L50, M|100/100\n|-ability|p1b: Manectric|Intimidate|boost\n|-unboost|p2a: Glimmora|atk|1\n|-unboost|p2b: Garchomp|atk|1\n|turn|7\n|\n|t:|1776638756\n|switch|p1a: Dragapult|Dragapult, L50, F|100/100\n|move|p1b: Manectric|Volt Switch|p2a: Glimmora\n|-damage|p2a: Glimmora|39/100\n|\n|t:|1776638761\n|switch|p1b: Noivern|Noivern, L50, M|1/100|[from] Volt Switch\n|move|p2a: Glimmora|Earth Power|p1b: Noivern\n|-immune|p1b: Noivern\n|move|p2b: Garchomp|Rock Slide|p1a: Dragapult|[spread] p1a,p1b\n|-supereffective|p1b: Noivern|1\n|-damage|p1a: Dragapult|84/100\n|-damage|p1b: Noivern|0 fnt\n|faint|p1b: Noivern\n|\n|upkeep\n|\n|t:|1776638770\n|switch|p1b: Manectric|Manectric-Mega, L50, M|100/100\n|-ability|p1b: Manectric|Intimidate|boost\n|-unboost|p2a: Glimmora|atk|1\n|-unboost|p2b: Garchomp|atk|1\n|turn|8\n|\n|t:|1776638797\n|move|p2a: Glimmora|Spiky Shield|p2a: Glimmora\n|-singleturn|p2a: Glimmora|move: Protect\n|move|p1a: Dragapult|Dragon Darts|p2b: Garchomp\n|-supereffective|p2b: Garchomp|1\n|-damage|p2b: Garchomp|13/100\n|-anim|p1a: Dragapult|Dragon Darts|p2b: Garchomp\n|-supereffective|p2b: Garchomp|1\n|-damage|p2b: Garchomp|0 fnt\n|faint|p2b: Garchomp\n|move|p1b: Manectric|Hyper Voice|p2a: Glimmora\n|-activate|p2a: Glimmora|move: Protect\n|\n|-sideend|p1: D Hazey|move: Tailwind\n|upkeep\n|\n|t:|1776638808\n|switch|p2b: Aerodactyl|Aerodactyl, L50, F|100/100\n|-ability|p2b: Aerodactyl|Unnerve\n|turn|9\n|\n|t:|1776638824\n|move|p1a: Dragapult|Will-O-Wisp|p2b: Aerodactyl\n|-status|p2b: Aerodactyl|brn\n|move|p1b: Manectric|Thunderbolt|p2a: Glimmora\n|-damage|p2a: Glimmora|0 fnt\n|faint|p2a: Glimmora\n|move|p2b: Aerodactyl|Tailwind|p2b: Aerodactyl\n|-sidestart|p2: Sakaii_7|move: Tailwind\n|\n|-damage|p2b: Aerodactyl|95/100 brn|[from] brn\n|upkeep\n|turn|10\n|\n|t:|1776638835\n|move|p2b: Aerodactyl|Rock Slide|p1a: Dragapult|[spread] p1a,p1b\n|-damage|p1a: Dragapult|69/100\n|-damage|p1b: Manectric|84/100\n|move|p1a: Dragapult|Dragon Darts|p2b: Aerodactyl\n|-damage|p2b: Aerodactyl|59/100 brn\n|-anim|p1a: Dragapult|Dragon Darts|p2b: Aerodactyl\n|-damage|p2b: Aerodactyl|24/100 brn\n|cant|p1b: Manectric|flinch\n|\n|-damage|p2b: Aerodactyl|18/100 brn|[from] brn\n|upkeep\n|turn|11\n|\n|t:|1776638849\n|move|p2b: Aerodactyl|Dual Wingbeat|p1a: Dragapult\n|-damage|p1a: Dragapult|58/100\n|-damage|p1a: Dragapult|47/100\n|-hitcount|p1a: Dragapult|2\n|move|p1a: Dragapult|Dragon Darts|p2b: Aerodactyl\n|-damage|p2b: Aerodactyl|0 fnt\n|faint|p2b: Aerodactyl\n|\n|win|D Hazey\n|raw|D Hazey's rating: 1129 &rarr; <strong>1149</strong><br />(+20 for winning)\n|raw|Sakaii_7's rating: 1060 &rarr; <strong>1045</strong><br />(-15 for losing)\n|l|\u2606Sakaii_7\n|player|p2|\n",
  "uploadtime": 1776639965,
  "views": 8,
  "formatid": "gen9championsvgc2026regma",
  "rating": 1045,
  "private": 0,
  "password": null
}