{
  "id": "gen9championsvgc2026regma-2585143125",
  "format": "[Gen 9 Champions] VGC 2026 Reg M-A",
  "players": [
    "rhriirj",
    "Tempest ash"
  ],
  "log": "|j|\u2606rhriirj\n|j|\u2606Tempest ash\n|t:|1776317009\n|gametype|doubles\n|player|p1|rhriirj|265|1035\n|player|p2|Tempest ash|265|1064\n|gen|9\n|tier|[Gen 9 Champions] VGC 2026 Reg M-A\n|rated|\n|rule|Species Clause: Limit one of each Pok\u00e9mon\n|rule|Item Clause: Limit 1 of each item\n|clearpoke\n|poke|p1|Pelipper, L50, M|\n|poke|p1|Froslass, L50, F|\n|poke|p1|Kingambit, L50, M|\n|poke|p1|Sinistcha, L50|\n|poke|p1|Blastoise, L50, M|\n|poke|p1|Basculegion, L50, M|\n|poke|p2|Sinistcha, L50|\n|poke|p2|Hawlucha, L50, M|\n|poke|p2|Vanilluxe, L50, M|\n|poke|p2|Maushold-Four, L50|\n|poke|p2|Krookodile, L50, M|\n|poke|p2|Mr. Rime, L50, M|\n|teampreview|4\n|\n|t:|1776317051\n|teamsize|p1|4\n|teamsize|p2|4\n|start\n|switch|p1a: Sinistcha|Sinistcha, L50, shiny|100/100\n|switch|p1b: Froslass|Froslass, L50, F, shiny|100/100\n|switch|p2a: Hawlucha|Hawlucha, L50, M|100/100\n|switch|p2b: Sinistcha|Sinistcha, L50|100/100\n|turn|1\n|\n|t:|1776317066\n|switch|p2b: Krookodile|Krookodile, L50, M|100/100\n|-ability|p2b: Krookodile|Intimidate|boost\n|-unboost|p1a: Sinistcha|atk|1\n|-unboost|p1b: Froslass|atk|1\n|detailschange|p2a: Hawlucha|Hawlucha-Mega, L50, M\n|-mega|p2a: Hawlucha|Hawlucha|Hawluchanite\n|move|p1a: Sinistcha|Rage Powder|p1a: Sinistcha\n|-singleturn|p1a: Sinistcha|move: Rage Powder\n|move|p1b: Froslass|Nasty Plot|p1b: Froslass\n|-boost|p1b: Froslass|spa|2\n|move|p2a: Hawlucha|Entrainment|p1a: Sinistcha\n|-ability|p1a: Sinistcha|No Guard|Hospitality|[from] move: Entrainment|[of] p2a: Hawlucha\n|\n|upkeep\n|turn|2\n|\n|t:|1776317087\n|move|p1a: Sinistcha|Rage Powder|p1a: Sinistcha\n|-singleturn|p1a: Sinistcha|move: Rage Powder\n|move|p2b: Krookodile|Fissure|p1a: Sinistcha\n|-damage|p1a: Sinistcha|0 fnt\n|faint|p1a: Sinistcha\n|-ohko\n|move|p1b: Froslass|Thunderbolt|p2a: Hawlucha\n|-supereffective|p2a: Hawlucha|1\n|-damage|p2a: Hawlucha|27/100\n|move|p2a: Hawlucha|Entrainment|p2b: Krookodile\n|-ability|p2b: Krookodile|No Guard|Intimidate|[from] move: Entrainment|[of] p2a: Hawlucha\n|\n|upkeep\n|\n|t:|1776317104\n|switch|p1a: Kingambit|Kingambit, L50, M, shiny|100/100\n|-activate|p1a: Kingambit|ability: Supreme Overlord\n|-start|p1a: Kingambit|fallen1|[silent]\n|turn|3\n|\n|t:|1776317136\n|move|p1b: Froslass|Protect|p1b: Froslass\n|-singleturn|p1b: Froslass|Protect\n|move|p2b: Krookodile|Fissure|p1b: Froslass\n|-activate|p1b: Froslass|move: Protect\n|move|p2a: Hawlucha|Rock Slide|p1b: Froslass|[spread] p1a\n|-activate|p1b: Froslass|move: Protect\n|-resisted|p1a: Kingambit|1\n|-damage|p1a: Kingambit|94/100\n|cant|p1a: Kingambit|flinch\n|\n|upkeep\n|turn|4\n|\n|t:|1776317151\n|move|p1b: Froslass|Protect|p1b: Froslass\n|-singleturn|p1b: Froslass|Protect\n|move|p2b: Krookodile|Fissure|p1b: Froslass\n|-activate|p1b: Froslass|move: Protect\n|move|p2a: Hawlucha|Rock Slide|p1a: Kingambit|[spread] p1a\n|-activate|p1b: Froslass|move: Protect\n|-resisted|p1a: Kingambit|1\n|-damage|p1a: Kingambit|87/100\n|move|p1a: Kingambit|Iron Head|p2a: Hawlucha\n|-damage|p2a: Hawlucha|0 fnt\n|faint|p2a: Hawlucha\n|\n|upkeep\n|\n|t:|1776317154\n|switch|p2a: Mr. Rime|Mr. Rime, L50, M|100/100\n|turn|5\n|\n|t:|1776317176\n|detailschange|p1b: Froslass|Froslass-Mega, L50, F, shiny\n|-mega|p1b: Froslass|Froslass|Froslassite\n|-weather|Snowscape|[from] ability: Snow Warning|[of] p1b: Froslass\n|move|p2a: Mr. Rime|Fake Out|p1a: Kingambit\n|-resisted|p1a: Kingambit|1\n|-damage|p1a: Kingambit|84/100\n|move|p2b: Krookodile|Fissure|p1b: Froslass\n|-damage|p1b: Froslass|0 fnt\n|faint|p1b: Froslass\n|-ohko\n|cant|p1a: Kingambit|flinch\n|\n|-weather|Snowscape|[upkeep]\n|upkeep\n|\n|t:|1776317190\n|switch|p1b: Basculegion|Basculegion, L50, M|100/100\n|turn|6\n|\n|t:|1776317207\n|move|p1a: Kingambit|Sucker Punch||[still]\n|-fail|p1a: Kingambit\n|move|p2b: Krookodile|Fissure|p1b: Basculegion\n|-damage|p1b: Basculegion|0 fnt\n|faint|p1b: Basculegion\n|-ohko\n|move|p2a: Mr. Rime|Role Play|p2b: Krookodile\n|-ability|p2a: Mr. Rime|No Guard|Ice Body|[from] move: Role Play|[of] p2b: Krookodile\n|\n|-weather|Snowscape|[upkeep]\n|upkeep\n|turn|7\n|inactive|Battle timer is ON: inactive players will automatically lose when time's up. (requested by Tempest ash)\n|inactive|rhriirj has 60 seconds left.\n|inactive|rhriirj has 30 seconds left.\n|inactive|rhriirj has 20 seconds left.\n|inactive|rhriirj has 15 seconds left.\n|inactive|rhriirj has 10 seconds left.\n|inactive|rhriirj has 5 seconds left.\n|\n|t:|1776317313\n|move|p2b: Krookodile|Fissure|p1a: Kingambit\n|-damage|p1a: Kingambit|0 fnt\n|faint|p1a: Kingambit\n|-end|p1a: Kingambit|fallen1|[silent]\n|-ohko\n|\n|win|Tempest ash\n|raw|rhriirj's rating: 1035 &rarr; <strong>1021</strong><br />(-14 for losing)\n|raw|Tempest ash's rating: 1064 &rarr; <strong>1092</strong><br />(+28 for winning)\n|l|\u2606Tempest ash\n|player|p2|\n|l|\u2606rhriirj\n|player|p1|\n",
  "uploadtime": 1776317509,
  "views": 19,
  "formatid": "gen9championsvgc2026regma",
  "rating": 1021,
  "private": 0,
  "password": null
}