{
  "id": "gen9championsvgc2026regma-2581132496",
  "format": "[Gen 9 Champions] VGC 2026 Reg M-A",
  "players": [
    "hujko",
    "LValt"
  ],
  "log": "|j|\u2606hujko\n|j|\u2606LValt\n|t:|1775962993\n|gametype|doubles\n|player|p1|hujko|ingo|1160\n|player|p2|LValt|backpacker|1250\n|gen|9\n|tier|[Gen 9 Champions] VGC 2026 Reg M-A\n|rated|\n|rule|Species Clause: Limit one of each Pok\u00e9mon\n|rule|Item Clause: Limit 1 of each item\n|clearpoke\n|poke|p1|Skarmory, L50, F|\n|poke|p1|Pelipper, L50, F|\n|poke|p1|Sinistcha-Masterpiece, L50|\n|poke|p1|Basculegion, L50, M|\n|poke|p1|Tyranitar, L50, F|\n|poke|p1|Dragonite, L50, F|\n|poke|p2|Glimmora, L50, F|\n|poke|p2|Orthworm, L50, F|\n|poke|p2|Garchomp, L50, F|\n|poke|p2|Whimsicott, L50, F|\n|poke|p2|Rotom-Wash, L50|\n|poke|p2|Lucario, L50, M|\n|teampreview|4\n|\n|t:|1775963044\n|teamsize|p1|4\n|teamsize|p2|4\n|start\n|switch|p1a: Skarmory|Skarmory, L50, F, shiny|100/100\n|switch|p1b: Pelipper|Pelipper, L50, F, shiny|100/100\n|switch|p2a: Glimmora|Glimmora, L50, F|100/100\n|switch|p2b: Orthworm|Orthworm, L50, F|100/100\n|-weather|RainDance|[from] ability: Drizzle|[of] p1b: Pelipper\n|turn|1\n|\n|t:|1775963087\n|detailschange|p2a: Glimmora|Glimmora-Mega, L50, F\n|-mega|p2a: Glimmora|Glimmora|Glimmoranite\n|move|p2a: Glimmora|Sandstorm|p2a: Glimmora\n|-weather|Sandstorm\n|move|p1a: Skarmory|Swords Dance|p1a: Skarmory\n|-boost|p1a: Skarmory|atk|2\n|move|p1b: Pelipper|Weather Ball|p2a: Glimmora\n|-damage|p2a: Glimmora|83/100\n|move|p2b: Orthworm|Iron Defense|p2b: Orthworm\n|-boost|p2b: Orthworm|def|2\n|\n|-weather|Sandstorm|[upkeep]\n|-damage|p1b: Pelipper|95/100|[from] Sandstorm\n|upkeep\n|turn|2\n|\n|t:|1775963116\n|switch|p1b: Sinistcha|Sinistcha-Masterpiece, L50, shiny|100/100\n|detailschange|p1a: Skarmory|Skarmory-Mega, L50, F, shiny\n|-mega|p1a: Skarmory|Skarmory|Skarmorite\n|move|p2b: Orthworm|Helping Hand|p2a: Glimmora\n|-singleturn|p2a: Glimmora|Helping Hand|[of] p2b: Orthworm\n|move|p1a: Skarmory|Swords Dance|p1a: Skarmory\n|-boost|p1a: Skarmory|atk|2\n|move|p2a: Glimmora|Power Gem|p1a: Skarmory\n|-damage|p1a: Skarmory|0 fnt\n|faint|p1a: Skarmory\n|\n|-weather|Sandstorm|[upkeep]\n|-damage|p1b: Sinistcha|94/100|[from] Sandstorm\n|upkeep\n|\n|t:|1775963128\n|switch|p1a: Basculegion|Basculegion, L50, M, shiny|100/100\n|turn|3\n|\n|t:|1775963154\n|move|p2a: Glimmora|Spiky Shield|p2a: Glimmora\n|-singleturn|p2a: Glimmora|move: Protect\n|move|p1a: Basculegion|Wave Crash|p2a: Glimmora\n|-activate|p2a: Glimmora|move: Protect\n|-damage|p1a: Basculegion|88/100|[from] Spiky Shield|[of] p2a: Glimmora\n|move|p1b: Sinistcha|Life Dew|p1b: Sinistcha|[spread] p1a,p1b\n|-heal|p1a: Basculegion|100/100\n|-heal|p1b: Sinistcha|100/100\n|move|p2b: Orthworm|Shed Tail|p2b: Orthworm\n|-start|p2b: Orthworm|Substitute|[from] move: Shed Tail\n|-damage|p2b: Orthworm|50/100\n|-enditem|p2b: Orthworm|Sitrus Berry|[eat]\n|-heal|p2b: Orthworm|75/100|[from] item: Sitrus Berry\n|\n|t:|1775963167\n|switch|p2b: Rotom|Rotom-Wash, L50|100/100|[from] Shed Tail\n|\n|-weather|Sandstorm|[upkeep]\n|-damage|p1a: Basculegion|94/100|[from] Sandstorm\n|-damage|p2b: Rotom|94/100|[from] Sandstorm\n|-damage|p1b: Sinistcha|94/100|[from] Sandstorm\n|-heal|p2b: Rotom|100/100|[from] item: Leftovers\n|upkeep\n|turn|4\n|\n|t:|1775963192\n|switch|p2a: Orthworm|Orthworm, L50, F|75/100\n|move|p1b: Sinistcha|Rage Powder|p1b: Sinistcha\n|-singleturn|p1b: Sinistcha|move: Rage Powder\n|move|p1a: Basculegion|Wave Crash|p2a: Orthworm\n|-damage|p2a: Orthworm|31/100\n|-damage|p1a: Basculegion|81/100|[from] Recoil\n|move|p2b: Rotom|Thunderbolt|p1b: Sinistcha\n|-resisted|p1b: Sinistcha|1\n|-crit|p1b: Sinistcha\n|-damage|p1b: Sinistcha|57/100\n|\n|-weather|Sandstorm|[upkeep]\n|-damage|p1a: Basculegion|75/100|[from] Sandstorm\n|-damage|p2b: Rotom|94/100|[from] Sandstorm\n|-damage|p1b: Sinistcha|50/100|[from] Sandstorm\n|-enditem|p1b: Sinistcha|Sitrus Berry|[eat]\n|-heal|p1b: Sinistcha|75/100|[from] item: Sitrus Berry\n|-heal|p2b: Rotom|100/100|[from] item: Leftovers\n|upkeep\n|turn|5\n|\n|t:|1775963223\n|move|p2a: Orthworm|Helping Hand|p2b: Rotom\n|-singleturn|p2b: Rotom|Helping Hand|[of] p2a: Orthworm\n|move|p1b: Sinistcha|Rage Powder|p1b: Sinistcha\n|-singleturn|p1b: Sinistcha|move: Rage Powder\n|move|p1a: Basculegion|Wave Crash|p2a: Orthworm\n|-damage|p2a: Orthworm|0 fnt\n|faint|p2a: Orthworm\n|-damage|p1a: Basculegion|66/100|[from] Recoil\n|move|p2b: Rotom|Thunderbolt|p1b: Sinistcha\n|-resisted|p1b: Sinistcha|1\n|-damage|p1b: Sinistcha|35/100\n|-status|p1b: Sinistcha|par\n|\n|-weather|none\n|upkeep\n|\n|t:|1775963243\n|switch|p2a: Garchomp|Garchomp, L50, F|100/100\n|turn|6\n|\n|t:|1775963253\n|cant|p1b: Sinistcha|par\n|move|p1a: Basculegion|Wave Crash|p2b: Rotom\n|-resisted|p2b: Rotom|1\n|-end|p2b: Rotom|Substitute\n|-damage|p1a: Basculegion|58/100|[from] Recoil|[of] p2b: Rotom\n|move|p2a: Garchomp|Dragon Claw|p1b: Sinistcha\n|-damage|p1b: Sinistcha|3/100 par\n|move|p2b: Rotom|Thunderbolt|p1a: Basculegion\n|-supereffective|p1a: Basculegion|1\n|-damage|p1a: Basculegion|0 fnt\n|faint|p1a: Basculegion\n|\n|upkeep\n|\n|t:|1775963257\n|switch|p1a: Pelipper|Pelipper, L50, F, shiny|95/100\n|-weather|RainDance|[from] ability: Drizzle|[of] p1a: Pelipper\n|turn|7\n|\n|t:|1775963271\n|move|p2a: Garchomp|Rock Slide|p1a: Pelipper|[spread] p1b\n|-miss|p2a: Garchomp|p1a: Pelipper\n|-damage|p1b: Sinistcha|0 fnt\n|faint|p1b: Sinistcha\n|move|p2b: Rotom|Thunderbolt|p1a: Pelipper\n|-supereffective|p1a: Pelipper|2\n|-damage|p1a: Pelipper|0 fnt\n|faint|p1a: Pelipper\n|\n|win|LValt\n|raw|hujko's rating: 1160 &rarr; <strong>1141</strong><br />(-19 for losing)\n|raw|LValt's rating: 1250 &rarr; <strong>1269</strong><br />(+19 for winning)\n|l|\u2606hujko\n|player|p1|\n",
  "uploadtime": 1775963281,
  "views": 44,
  "formatid": "gen9championsvgc2026regma",
  "rating": 1141,
  "private": 0,
  "password": null
}