{
  "id": "gen9championsvgc2026regma-2581774323",
  "format": "[Gen 9 Champions] VGC 2026 Reg M-A",
  "players": [
    "Slapme2",
    "Nightingale14"
  ],
  "log": "|j|\u2606Slapme2\n|j|\u2606Nightingale14\n|html|<table width=\"100%\"><tr><td align=\"left\">Slapme2</td><td align=\"right\">Nightingale14</tr><tr><td align=\"left\"><i class=\"fa fa-circle-o\"></i> <i class=\"fa fa-circle-o\"></i> </td><td align=\"right\"><i class=\"fa fa-circle-o\"></i> <i class=\"fa fa-circle\"></i> </tr></table>\n|uhtml|bestof|<h2><strong>Game 2</strong> of <a href=\"/game-bestof3-gen9championsvgc2026regma-2581768002\">a best-of-3</a></h2>\n|t:|1776027361\n|gametype|doubles\n|player|p1|Slapme2|chili|\n|player|p2|Nightingale14|hugh|\n|gen|9\n|tier|[Gen 9 Champions] VGC 2026 Reg M-A\n|rule|Species Clause: Limit one of each Pok\u00e9mon\n|rule|Item Clause: Limit 1 of each item\n|raw|<div class=\"infobox\"><details class=\"readmore\" open><summary><strong>1 custom rule:</strong></summary> Best of = 3</details></div>\n|clearpoke\n|poke|p1|Froslass, L50, F|\n|poke|p1|Rotom-Frost, L50|\n|poke|p1|Incineroar, L50, M|\n|poke|p1|Garchomp, L50, F|\n|poke|p1|Empoleon, L50, M|\n|poke|p1|Kingambit, L50, F|\n|poke|p2|Gengar, L50, M|\n|poke|p2|Sneasler, L50, M|\n|poke|p2|Conkeldurr, L50, F|\n|poke|p2|Kingambit, L50, M|\n|poke|p2|Rotom-Wash, L50|\n|poke|p2|Palafin, L50, F|\n|teampreview|4\n|inactive|Battle timer is ON: inactive players will automatically lose when time's up. (requested by Nightingale14)\n|j| JawzTKrookodile\nNightingale14 has agreed to open team sheets.\n|inactive|Slapme2 has 60 seconds left.\n|inactive|Nightingale14 has 60 seconds left.\nSlapme2 has agreed to open team sheets.\n|showteam|p1|Froslass||Froslassite|SnowCloak|Blizzard,ShadowBall,Protect,AuroraVeil|||F|||50|]Rotom-Frost||ChoiceScarf|Levitate|Thunderbolt,Blizzard,VoltSwitch,Electroweb||||||50|]Incineroar||SitrusBerry|Intimidate|FlareBlitz,DarkestLariat,FakeOut,PartingShot|||M|||50|]Garchomp||WhiteHerb|RoughSkin|DragonClaw,Earthquake,RockSlide,Protect|||F|||50|]Empoleon||Leftovers|Competitive|WaterPulse,FlashCannon,Roar,Protect|||M|||50|]Kingambit||FocusSash|Defiant|IronHead,LowKick,SuckerPunch,Protect|||F|||50|\n|showteam|p2|Gengar||Gengarite|CursedBody|PerishSong,Protect,SludgeBomb,ShadowBall|||M|||50|]Sneasler||FocusSash|Unburden|FakeOut,DireClaw,CloseCombat,Protect|||M|||50|]Conkeldurr||Leftovers|IronFist|WideGuard,ThunderPunch,FirePunch,DrainPunch|||F|||50|]Kingambit||ShucaBerry|Defiant|KowtowCleave,IronHead,LowKick,Protect|||M|||50|]Rotom-Wash||SitrusBerry|Levitate|WillOWisp,Protect,HydroPump,Thunderbolt||||||50|]Palafin||MysticWater|ZerotoHero|JetPunch,WaveCrash,FlipTurn,Protect|||F|||50|\n|j| Pokey209\n|j| JustAPoato\n|inactive|Nightingale14 has 30 seconds left.\n|\n|t:|1776027427\n|teamsize|p1|4\n|teamsize|p2|4\n|start\n|switch|p1a: Kingambit|Kingambit, L50, F|100/100\n|switch|p1b: Rotom|Rotom-Frost, L50|100/100\n|switch|p2a: Gengar|Gengar, L50, M|100/100\n|switch|p2b: Sneasler|Sneasler, L50, M|100/100\n|turn|1\n|inactive|Slapme2 has 30 seconds left.\n|inactive|Nightingale14 has 30 seconds left.\n|inactive|Nightingale14 has 20 seconds left.\n|inactive|Nightingale14 has 15 seconds left.\n|\n|t:|1776027469\n|switch|p2a: Conkeldurr|Conkeldurr, L50, F|100/100\n|switch|p1a: Froslass|Froslass, L50, F|100/100\n|move|p1b: Rotom|Electroweb|p2a: Conkeldurr|[spread] p2a,p2b\n|-damage|p2a: Conkeldurr|78/100\n|-damage|p2b: Sneasler|77/100\n|-unboost|p2a: Conkeldurr|spe|1\n|-unboost|p2b: Sneasler|spe|1\n|move|p2b: Sneasler|Close Combat|p1a: Froslass\n|-immune|p1a: Froslass\n|\n|-heal|p2a: Conkeldurr|84/100|[from] item: Leftovers\n|upkeep\n|turn|2\n|inactive|Slapme2 has 30 seconds left.\n|inactive|Nightingale14 has 30 seconds left.\n|inactive|Slapme2 has 20 seconds left.\n|inactive|Slapme2 has 15 seconds left.\n|inactive|Slapme2 has 10 seconds left.\n|\n|t:|1776027515\n|switch|p1b: Garchomp|Garchomp, L50, F|100/100\n|switch|p2b: Rotom|Rotom-Wash, L50|100/100\n|detailschange|p1a: Froslass|Froslass-Mega, L50, F\n|-mega|p1a: Froslass|Froslass|Froslassite\n|-weather|Snowscape|[from] ability: Snow Warning|[of] p1a: Froslass\n|move|p1a: Froslass|Protect|p1a: Froslass\n|-singleturn|p1a: Froslass|Protect\n|move|p2a: Conkeldurr|Drain Punch|p1b: Garchomp\n|-damage|p1b: Garchomp|56/100\n|-heal|p2a: Conkeldurr|100/100|[from] drain|[of] p1b: Garchomp\n|-damage|p2a: Conkeldurr|88/100|[from] ability: Rough Skin|[of] p1b: Garchomp\n|\n|-weather|Snowscape|[upkeep]\n|-heal|p2a: Conkeldurr|94/100|[from] item: Leftovers\n|upkeep\n|turn|3\n|inactive|Nightingale14 has 30 seconds left.\n|inactive|Nightingale14 has 20 seconds left.\n|inactive|Nightingale14 has 15 seconds left.\n|\n|t:|1776027557\n|move|p1b: Garchomp|Protect|p1b: Garchomp\n|-singleturn|p1b: Garchomp|Protect\n|move|p1a: Froslass|Aurora Veil|p1a: Froslass\n|-sidestart|p1: Slapme2|move: Aurora Veil\n|move|p2b: Rotom|Hydro Pump|p1b: Garchomp\n|-activate|p1b: Garchomp|move: Protect\n|move|p2a: Conkeldurr|Fire Punch|p1a: Froslass\n|-supereffective|p1a: Froslass|1\n|-damage|p1a: Froslass|57/100\n|\n|-weather|Snowscape|[upkeep]\n|-heal|p2a: Conkeldurr|100/100|[from] item: Leftovers\n|upkeep\n|turn|4\n|inactive|Slapme2 has 30 seconds left.\n|inactive|Nightingale14 has 30 seconds left.\n|\n|t:|1776027591\n|move|p1a: Froslass|Shadow Ball|p2b: Rotom\n|-damage|p2b: Rotom|49/100\n|-enditem|p2b: Rotom|Sitrus Berry|[eat]\n|-heal|p2b: Rotom|74/100|[from] item: Sitrus Berry\n|move|p1b: Garchomp|Rock Slide|p2a: Conkeldurr|[spread] p2a,p2b\n|-resisted|p2a: Conkeldurr|1\n|-damage|p2a: Conkeldurr|94/100\n|-damage|p2b: Rotom|58/100\n|move|p2b: Rotom|Hydro Pump|p1a: Froslass\n|-damage|p1a: Froslass|25/100\n|move|p2a: Conkeldurr|Drain Punch|p1b: Garchomp\n|-damage|p1b: Garchomp|27/100\n|-heal|p2a: Conkeldurr|100/100|[from] drain|[of] p1b: Garchomp\n|-damage|p2a: Conkeldurr|88/100|[from] ability: Rough Skin|[of] p1b: Garchomp\n|\n|-weather|Snowscape|[upkeep]\n|-heal|p2a: Conkeldurr|94/100|[from] item: Leftovers\n|upkeep\n|turn|5\n|inactive|Nightingale14 has 30 seconds left.\n|inactive|Nightingale14 has 20 seconds left.\n|inactive|Nightingale14 has 15 seconds left.\n|inactive|Nightingale14 has 10 seconds left.\n|\n|t:|1776027639\n|move|p1a: Froslass|Shadow Ball|p2b: Rotom\n|-damage|p2b: Rotom|8/100\n|move|p1b: Garchomp|Rock Slide|p2b: Rotom|[spread] p2b\n|-miss|p1b: Garchomp|p2a: Conkeldurr\n|-damage|p2b: Rotom|0 fnt\n|faint|p2b: Rotom\n|move|p2a: Conkeldurr|Drain Punch|p1b: Garchomp\n|-damage|p1b: Garchomp|0 fnt\n|-heal|p2a: Conkeldurr|100/100|[from] drain|[of] p1b: Garchomp\n|-damage|p2a: Conkeldurr|88/100|[from] ability: Rough Skin|[of] p1b: Garchomp\n|faint|p1b: Garchomp\n|\n|-weather|Snowscape|[upkeep]\n|-heal|p2a: Conkeldurr|94/100|[from] item: Leftovers\n|upkeep\n|\n|t:|1776027649\n|switch|p1b: Rotom|Rotom-Frost, L50|100/100\n|switch|p2b: Gengar|Gengar, L50, M|100/100\n|turn|6\n|inactive|Nightingale14 has 30 seconds left.\n|\n|t:|1776027679\n|detailschange|p2b: Gengar|Gengar-Mega, L50, M\n|-mega|p2b: Gengar|Gengar|Gengarite\n|move|p2a: Conkeldurr|Wide Guard|p2a: Conkeldurr\n|-singleturn|p2a: Conkeldurr|Wide Guard\n|move|p1b: Rotom|Electroweb|p2b: Gengar|[spread] \n|-activate|p2a: Conkeldurr|move: Wide Guard\n|-activate|p2b: Gengar|move: Wide Guard\n|move|p2b: Gengar|Shadow Ball|p1a: Froslass\n|-supereffective|p1a: Froslass|1\n|-damage|p1a: Froslass|0 fnt\n|faint|p1a: Froslass\n|\n|-weather|none\n|-heal|p2a: Conkeldurr|100/100|[from] item: Leftovers\n|upkeep\n|\n|t:|1776027689\n|switch|p1a: Kingambit|Kingambit, L50, F|100/100\n|turn|7\n|inactive|Nightingale14 has 30 seconds left.\n|\n|t:|1776027723\n|move|p1a: Kingambit|Sucker Punch|p2b: Gengar\n|-supereffective|p2b: Gengar|1\n|-damage|p2b: Gengar|0 fnt\n|faint|p2b: Gengar\n|move|p1b: Rotom|Electroweb|p2a: Conkeldurr\n|-damage|p2a: Conkeldurr|68/100\n|-unboost|p2a: Conkeldurr|spe|1\n|move|p2a: Conkeldurr|Drain Punch|p1a: Kingambit\n|-supereffective|p1a: Kingambit|2\n|-damage|p1a: Kingambit|4/100\n|-heal|p2a: Conkeldurr|100/100|[from] drain|[of] p1a: Kingambit\n|\n|-sideend|p1: Slapme2|move: Aurora Veil\n|upkeep\n|\n|t:|1776027732\n|switch|p2b: Sneasler|Sneasler, L50, M|77/100\n|turn|8\n|inactive|Nightingale14 has 30 seconds left.\n|inactive|Nightingale14 has 20 seconds left.\n|\n|t:|1776027772\n|move|p1a: Kingambit|Protect|p1a: Kingambit\n|-singleturn|p1a: Kingambit|Protect\n|move|p2b: Sneasler|Fake Out|p1a: Kingambit\n|-activate|p1a: Kingambit|move: Protect\n|move|p1b: Rotom|Electroweb|p2b: Sneasler|[spread] p2a,p2b\n|-damage|p2a: Conkeldurr|79/100\n|-damage|p2b: Sneasler|53/100\n|-unboost|p2a: Conkeldurr|spe|1\n|-unboost|p2b: Sneasler|spe|1\n|move|p2a: Conkeldurr|Drain Punch|p1b: Rotom\n|-supereffective|p1b: Rotom|1\n|-damage|p1b: Rotom|0 fnt\n|-heal|p2a: Conkeldurr|100/100|[from] drain|[of] p1b: Rotom\n|faint|p1b: Rotom\n|\n|upkeep\n|turn|9\n|j| Dddddsf\n|\n|t:|1776027789\n|move|p1a: Kingambit|Sucker Punch|p2b: Sneasler\n|-resisted|p2b: Sneasler|1\n|-damage|p2b: Sneasler|20/100\n|move|p2b: Sneasler|Close Combat|p1a: Kingambit\n|-supereffective|p1a: Kingambit|2\n|-damage|p1a: Kingambit|0 fnt\n|-unboost|p2b: Sneasler|def|1\n|-unboost|p2b: Sneasler|spd|1\n|faint|p1a: Kingambit\n|\n|win|Nightingale14\n|l| Dddddsf\n|l| Pokey209\n|l|\u2606Slapme2\n|player|p1|\n",
  "uploadtime": 1776027857,
  "views": 13,
  "formatid": "gen9championsvgc2026regma",
  "rating": null,
  "private": 0,
  "password": null
}