{
  "id": "gen9championsvgc2026regma-2586437889",
  "format": "[Gen 9 Champions] VGC 2026 Reg M-A",
  "players": [
    "Beestingaa",
    "471 Scyther"
  ],
  "log": "|j|\u2606Beestingaa\n|j|\u2606471 Scyther\n|t:|1776434680\n|gametype|doubles\n|player|p1|Beestingaa|2|1209\n|player|p2|471 Scyther|2|1292\n|gen|9\n|tier|[Gen 9 Champions] VGC 2026 Reg M-A\n|rated|\n|rule|Species Clause: Limit one of each Pok\u00e9mon\n|rule|Item Clause: Limit 1 of each item\n|clearpoke\n|poke|p1|Meganium, L50, M|\n|poke|p1|Aerodactyl, L50, F|\n|poke|p1|Typhlosion-Hisui, L50, F|\n|poke|p1|Kangaskhan, L50, F|\n|poke|p1|Tauros-Paldea-Aqua, L50, M|\n|poke|p1|Tyranitar, L50, M|\n|poke|p2|Slowbro, L50, F|\n|poke|p2|Pelipper, L50, M|\n|poke|p2|Hatterene, L50, F|\n|poke|p2|Sinistcha, L50|\n|poke|p2|Archaludon, L50, M|\n|poke|p2|Sneasler, L50, M|\n|teampreview|4\n|inactive|Battle timer is ON: inactive players will automatically lose when time's up. (requested by 471 Scyther)\n|inactive|Beestingaa has 60 seconds left.\n|inactive|Beestingaa has 30 seconds left.\n|\n|t:|1776434791\n|teamsize|p1|4\n|teamsize|p2|4\n|start\n|switch|p1a: Aerodactyl|Aerodactyl, L50, F, shiny|100/100\n|switch|p1b: Meganium|Meganium, L50, M|100/100\n|switch|p2a: Slowbro|Slowbro, L50, F|100/100\n|switch|p2b: Hatterene|Hatterene, L50, F|100/100\n|-ability|p1a: Aerodactyl|Unnerve\n|turn|1\n|inactive|Beestingaa has 30 seconds left.\n|inactive|Beestingaa has 20 seconds left.\n|inactive|Beestingaa has 15 seconds left.\n|\n|t:|1776434833\n|detailschange|p2a: Slowbro|Slowbro-Mega, L50, F\n|-mega|p2a: Slowbro|Slowbro|Slowbronite\n|move|p1a: Aerodactyl|Dual Wingbeat|p2b: Hatterene\n|-damage|p2b: Hatterene|79/100\n|-damage|p2b: Hatterene|58/100\n|-hitcount|p2b: Hatterene|2\n|move|p1b: Meganium|Dazzling Gleam|p2b: Hatterene|[spread] p2a,p2b\n|-damage|p2a: Slowbro|89/100\n|-damage|p2b: Hatterene|40/100\n|move|p2b: Hatterene|Dazzling Gleam|p1b: Meganium|[spread] p1a,p1b\n|-damage|p1a: Aerodactyl|43/100\n|-damage|p1b: Meganium|62/100\n|move|p2a: Slowbro|Trick Room|p2a: Slowbro\n|-fieldstart|move: Trick Room|[of] p2a: Slowbro\n|\n|upkeep\n|turn|2\n|inactive|Beestingaa has 30 seconds left.\n|\n|t:|1776434860\n|detailschange|p1b: Meganium|Meganium-Mega, L50, M\n|-mega|p1b: Meganium|Meganium|Meganiumite\n|move|p1a: Aerodactyl|Protect|p1a: Aerodactyl\n|-singleturn|p1a: Aerodactyl|Protect\n|move|p2b: Hatterene|Dazzling Gleam|p1a: Aerodactyl|[spread] p1b\n|-activate|p1a: Aerodactyl|move: Protect\n|-damage|p1b: Meganium|29/100\n|move|p2a: Slowbro|Psychic Terrain|p2a: Slowbro\n|-fieldstart|move: Psychic Terrain\n|move|p1b: Meganium|Solar Beam||[still]\n|-prepare|p1b: Meganium|Solar Beam\n|-activate|p1b: Meganium|ability: Mega Sol\n|-anim|p1b: Meganium|Solar Beam|p2a: Slowbro\n|-supereffective|p2a: Slowbro|1\n|-damage|p2a: Slowbro|0 fnt\n|faint|p2a: Slowbro\n|\n|upkeep\n|\n|t:|1776434875\n|switch|p2a: Sinistcha|Sinistcha, L50|100/100\n|-heal|p2b: Hatterene|65/100|[from] ability: Hospitality|[of] p2a: Sinistcha\n|turn|3\n|\n|t:|1776434897\n|switch|p1a: Tyranitar|Tyranitar, L50, M|100/100\n|-weather|Sandstorm|[from] ability: Sand Stream|[of] p1a: Tyranitar\n|move|p1b: Meganium|Protect|p1b: Meganium\n|-singleturn|p1b: Meganium|Protect\n|move|p2b: Hatterene|Dazzling Gleam|p1a: Tyranitar|[spread] p1a\n|-activate|p1b: Meganium|move: Protect\n|-supereffective|p1a: Tyranitar|1\n|-damage|p1a: Tyranitar|59/100\n|move|p2a: Sinistcha|Matcha Gotcha|p1b: Meganium|[spread] p1a\n|-activate|p1b: Meganium|move: Protect\n|-supereffective|p1a: Tyranitar|1\n|-damage|p1a: Tyranitar|32/100\n|\n|-weather|Sandstorm|[upkeep]\n|-damage|p2b: Hatterene|59/100|[from] Sandstorm\n|-damage|p2a: Sinistcha|94/100|[from] Sandstorm\n|-damage|p1b: Meganium|23/100|[from] Sandstorm\n|upkeep\n|turn|4\n|inactive|Beestingaa has 30 seconds left.\n|inactive|Beestingaa has 20 seconds left.\n|inactive|Beestingaa has 15 seconds left.\n|inactive|Beestingaa has 10 seconds left.\n|inactive|471 Scyther has 30 seconds left.\n|inactive|Beestingaa has 5 seconds left.\n|\n|t:|1776434948\n|switch|p1b: Typhlosion|Typhlosion-Hisui, L50, F|100/100\n|move|p1a: Tyranitar|Protect|p1a: Tyranitar\n|-singleturn|p1a: Tyranitar|Protect\n|move|p2b: Hatterene|Dazzling Gleam|p1a: Tyranitar|[spread] p1b\n|-activate|p1a: Tyranitar|move: Protect\n|-resisted|p1b: Typhlosion|1\n|-damage|p1b: Typhlosion|70/100\n|move|p2a: Sinistcha|Life Dew|p2a: Sinistcha|[spread] p2a,p2b\n|-heal|p2a: Sinistcha|100/100\n|-heal|p2b: Hatterene|84/100\n|\n|-weather|Sandstorm|[upkeep]\n|-damage|p2b: Hatterene|78/100|[from] Sandstorm\n|-damage|p2a: Sinistcha|94/100|[from] Sandstorm\n|-damage|p1b: Typhlosion|64/100|[from] Sandstorm\n|upkeep\n|turn|5\n|inactive|Beestingaa has 30 seconds left.\n|inactive|Beestingaa has 20 seconds left.\n|\n|t:|1776434984\n|move|p2b: Hatterene|Dazzling Gleam|p1a: Tyranitar|[spread] p1a,p1b\n|-supereffective|p1a: Tyranitar|1\n|-resisted|p1b: Typhlosion|1\n|-damage|p1a: Tyranitar|0 fnt\n|-damage|p1b: Typhlosion|36/100\n|faint|p1a: Tyranitar\n|move|p2a: Sinistcha|Matcha Gotcha|p1b: Typhlosion\n|-resisted|p1b: Typhlosion|1\n|-damage|p1b: Typhlosion|14/100\n|-heal|p2a: Sinistcha|100/100|[from] drain|[of] p1b: Typhlosion\n|move|p1b: Typhlosion|Shadow Ball|p2b: Hatterene\n|-supereffective|p2b: Hatterene|1\n|-damage|p2b: Hatterene|0 fnt\n|faint|p2b: Hatterene\n|\n|-weather|Sandstorm|[upkeep]\n|-damage|p2a: Sinistcha|94/100|[from] Sandstorm\n|-damage|p1b: Typhlosion|8/100|[from] Sandstorm\n|-fieldend|move: Trick Room\n|upkeep\n|\n|t:|1776435002\n|switch|p1a: Meganium|Meganium-Mega, L50, M|23/100\n|switch|p2b: Sneasler|Sneasler, L50, M|100/100\n|turn|6\n|\n|t:|1776435018\n|move|p1a: Meganium|Protect|p1a: Meganium\n|-singleturn|p1a: Meganium|Protect\n|move|p1b: Typhlosion|Shadow Ball|p2a: Sinistcha\n|-supereffective|p2a: Sinistcha|1\n|-damage|p2a: Sinistcha|24/100\n|move|p2b: Sneasler|Dire Claw|p1a: Meganium\n|-activate|p1a: Meganium|move: Protect\n|move|p2a: Sinistcha|Matcha Gotcha|p1a: Meganium|[spread] p1b\n|-activate|p1a: Meganium|move: Protect\n|-resisted|p1b: Typhlosion|1\n|-damage|p1b: Typhlosion|0 fnt\n|-heal|p2a: Sinistcha|27/100|[from] drain|[of] p1b: Typhlosion\n|faint|p1b: Typhlosion\n|\n|-weather|Sandstorm|[upkeep]\n|-damage|p2b: Sneasler|95/100|[from] Sandstorm\n|-damage|p1a: Meganium|18/100|[from] Sandstorm\n|-damage|p2a: Sinistcha|21/100|[from] Sandstorm\n|-fieldend|move: Psychic Terrain\n|upkeep\n|\n|t:|1776435032\n|switch|p1b: Aerodactyl|Aerodactyl, L50, F, shiny|43/100\n|-ability|p1b: Aerodactyl|Unnerve\n|turn|7\n|\n|t:|1776435057\n|move|p1b: Aerodactyl|Dual Wingbeat|p2b: Sneasler\n|-supereffective|p2b: Sneasler|1\n|-damage|p2b: Sneasler|32/100\n|-supereffective|p2b: Sneasler|1\n|-damage|p2b: Sneasler|0 fnt\n|faint|p2b: Sneasler\n|-hitcount|p2: Sneasler|2\n|move|p1a: Meganium|Weather Ball|p2a: Sinistcha\n|-supereffective|p2a: Sinistcha|1\n|-crit|p2a: Sinistcha\n|-damage|p2a: Sinistcha|0 fnt\n|faint|p2a: Sinistcha\n|\n|win|Beestingaa\n|raw|Beestingaa's rating: 1209 &rarr; <strong>1240</strong><br />(+31 for winning)\n|raw|471 Scyther's rating: 1292 &rarr; <strong>1261</strong><br />(-31 for losing)\n|l|\u2606471 Scyther\n|player|p2|\n|l|\u2606Beestingaa\n|player|p1|\n|j|\u2606Beestingaa\n|player|p1|Beestingaa|2|\n",
  "uploadtime": 1776435249,
  "views": 46,
  "formatid": "gen9championsvgc2026regma",
  "rating": 1240,
  "private": 0,
  "password": null
}