{
  "id": "gen9championsvgc2026regma-2580372523",
  "format": "[Gen 9 Champions] VGC 2026 Reg M-A",
  "players": [
    "nicneg",
    "yamzinyobooty"
  ],
  "log": "|j|\u2606nicneg\n|j|\u2606yamzinyobooty\n|t:|1775886799\n|gametype|doubles\n|player|p1|nicneg|bugcatcher-gen4dp|1093\n|player|p2|yamzinyobooty|170|1115\n|gen|9\n|tier|[Gen 9 Champions] VGC 2026 Reg M-A\n|rated|\n|rule|Species Clause: Limit one of each Pok\u00e9mon\n|rule|Item Clause: Limit 1 of each item\n|clearpoke\n|poke|p1|Floette-Eternal, L50, F|\n|poke|p1|Espathra, L50, M|\n|poke|p1|Incineroar, L50, F|\n|poke|p1|Oranguru, L50, F|\n|poke|p1|Sneasler, L50, F|\n|poke|p1|Palafin, L50, M|\n|poke|p2|Tyranitar, L50, F|\n|poke|p2|Excadrill, L50, M|\n|poke|p2|Rotom-Wash, L50|\n|poke|p2|Basculegion, L50, M|\n|poke|p2|Meganium, L50, F|\n|poke|p2|Talonflame, L50, M|\n|teampreview|4\n|inactive|Battle timer is ON: inactive players will automatically lose when time's up. (requested by yamzinyobooty)\nnicneg rejected open team sheets.\n|\n|t:|1775886814\n|teamsize|p1|4\n|teamsize|p2|4\n|start\n|switch|p1a: Sneasler|Sneasler, L50, F|100/100\n|switch|p1b: Incineroar|Incineroar, L50, F|100/100\n|switch|p2a: Basculegion|Basculegion, L50, M|100/100\n|switch|p2b: Rotom|Rotom-Wash, L50, shiny|100/100\n|-ability|p1b: Incineroar|Intimidate|boost\n|-unboost|p2a: Basculegion|atk|1\n|-unboost|p2b: Rotom|atk|1\n|turn|1\n|\n|t:|1775886836\n|move|p1a: Sneasler|Protect|p1a: Sneasler\n|-singleturn|p1a: Sneasler|Protect\n|move|p2b: Rotom|Protect|p2b: Rotom\n|-singleturn|p2b: Rotom|Protect\n|move|p1b: Incineroar|Fake Out|p2b: Rotom\n|-activate|p2b: Rotom|move: Protect\n|move|p2a: Basculegion|Wave Crash|p1a: Sneasler\n|-activate|p1a: Sneasler|move: Protect\n|\n|upkeep\n|turn|2\n|\n|t:|1775886850\n|switch|p1a: Palafin|Palafin, L50, M|100/100\n|move|p2a: Basculegion|Wave Crash|p1a: Palafin\n|-resisted|p1a: Palafin|1\n|-damage|p1a: Palafin|69/100\n|-damage|p2a: Basculegion|91/100|[from] Recoil\n|move|p2b: Rotom|Volt Switch|p1b: Incineroar\n|-damage|p1b: Incineroar|78/100\n|\n|t:|1775886856\n|switch|p2b: Tyranitar|Tyranitar, L50, F|100/100|[from] Volt Switch\n|-weather|Sandstorm|[from] ability: Sand Stream|[of] p2b: Tyranitar\n|move|p1b: Incineroar|Parting Shot|p2a: Basculegion\n|-unboost|p2a: Basculegion|atk|1\n|-unboost|p2a: Basculegion|spa|1\n|\n|t:|1775886870\n|switch|p1b: Sneasler|Sneasler, L50, F|100/100|[from] Parting Shot\n|\n|-weather|Sandstorm|[upkeep]\n|-damage|p2a: Basculegion|85/100|[from] Sandstorm\n|-damage|p1b: Sneasler|95/100|[from] Sandstorm\n|-damage|p1a: Palafin|63/100|[from] Sandstorm\n|upkeep\n|turn|3\n|\n|t:|1775886887\n|switch|p2a: Rotom|Rotom-Wash, L50, shiny|100/100\n|move|p2b: Tyranitar|Protect|p2b: Tyranitar\n|-singleturn|p2b: Tyranitar|Protect\n|move|p1b: Sneasler|Fake Out|p2b: Tyranitar\n|-activate|p2b: Tyranitar|move: Protect\n|move|p1a: Palafin|Flip Turn|p2b: Tyranitar\n|-activate|p2b: Tyranitar|move: Protect\n|\n|-weather|Sandstorm|[upkeep]\n|-damage|p1b: Sneasler|89/100|[from] Sandstorm\n|-damage|p1a: Palafin|57/100|[from] Sandstorm\n|-damage|p2a: Rotom|95/100|[from] Sandstorm\n|upkeep\n|turn|4\n|\n|t:|1775886908\n|switch|p2b: Basculegion|Basculegion, L50, M|85/100\n|move|p1b: Sneasler|Close Combat|p2b: Basculegion\n|-immune|p2b: Basculegion\n|move|p1a: Palafin|Flip Turn|p2b: Basculegion\n|-resisted|p2b: Basculegion|1\n|-damage|p2b: Basculegion|70/100\n|\n|t:|1775886917\n|detailschange|p1a: Palafin|Palafin-Hero, L50, M\n|switch|p1a: Incineroar|Incineroar, L50, F|78/100|[from] Flip Turn\n|-ability|p1a: Incineroar|Intimidate|boost\n|-unboost|p2a: Rotom|atk|1\n|-unboost|p2b: Basculegion|atk|1\n|move|p2a: Rotom|Volt Switch|p1b: Sneasler\n|-damage|p1b: Sneasler|56/100\n|\n|t:|1775886925\n|switch|p2a: Excadrill|Excadrill, L50, M|100/100|[from] Volt Switch\n|\n|-weather|Sandstorm|[upkeep]\n|-damage|p2b: Basculegion|64/100|[from] Sandstorm\n|-damage|p1b: Sneasler|50/100|[from] Sandstorm\n|-damage|p1a: Incineroar|72/100|[from] Sandstorm\n|upkeep\n|turn|5\n|\n|t:|1775886943\n|move|p2a: Excadrill|Protect|p2a: Excadrill\n|-singleturn|p2a: Excadrill|Protect\n|move|p2b: Basculegion|Flip Turn|p1a: Incineroar\n|-supereffective|p1a: Incineroar|1\n|-damage|p1a: Incineroar|30/100\n|-enditem|p1a: Incineroar|Sitrus Berry|[eat]\n|-heal|p1a: Incineroar|55/100|[from] item: Sitrus Berry\n|\n|t:|1775886950\n|switch|p2b: Rotom|Rotom-Wash, L50, shiny|95/100|[from] Flip Turn\n|move|p1b: Sneasler|Close Combat|p2a: Excadrill\n|-activate|p2a: Excadrill|move: Protect\n|move|p1a: Incineroar|Darkest Lariat|p2b: Rotom\n|-damage|p2b: Rotom|58/100\n|\n|-weather|Sandstorm|[upkeep]\n|-damage|p1b: Sneasler|44/100|[from] Sandstorm\n|-damage|p2b: Rotom|53/100|[from] Sandstorm\n|-damage|p1a: Incineroar|49/100|[from] Sandstorm\n|upkeep\n|turn|6\n|\n|t:|1775886970\n|switch|p1a: Oranguru|Oranguru, L50, F|100/100\n|move|p2a: Excadrill|Earthquake|p1a: Oranguru|[spread] p1a,p1b\n|-immune|p2b: Rotom|[from] ability: Levitate\n|-supereffective|p1b: Sneasler|1\n|-damage|p1a: Oranguru|56/100\n|-damage|p1b: Sneasler|0 fnt\n|faint|p1b: Sneasler\n|move|p2b: Rotom|Discharge|p1a: Oranguru|[spread] p1a\n|-immune|p2a: Excadrill\n|-damage|p1a: Oranguru|38/100\n|\n|-weather|none\n|upkeep\n|\n|t:|1775886984\n|switch|p1b: Palafin|Palafin-Hero, L50, M|57/100\n|-activate|p1b: Palafin|ability: Zero to Hero\n|turn|7\n|\n|t:|1775886995\n|move|p2a: Excadrill|Protect|p2a: Excadrill\n|-singleturn|p2a: Excadrill|Protect\n|move|p2b: Rotom|Protect|p2b: Rotom\n|-singleturn|p2b: Rotom|Protect\n|move|p1b: Palafin|Jet Punch|p2a: Excadrill\n|-activate|p2a: Excadrill|move: Protect\n|move|p1a: Oranguru|Instruct|p1b: Palafin\n|-singleturn|p1b: Palafin|move: Instruct|[of] p1a: Oranguru\n|move|p1b: Palafin|Jet Punch|p2a: Excadrill\n|-activate|p2a: Excadrill|move: Protect\n|\n|upkeep\n|turn|8\n|\n|t:|1775887018\n|switch|p1b: Incineroar|Incineroar, L50, F|49/100\n|-ability|p1b: Incineroar|Intimidate|boost\n|-unboost|p2a: Excadrill|atk|1\n|-unboost|p2b: Rotom|atk|1\n|switch|p2a: Tyranitar|Tyranitar, L50, F|100/100\n|-weather|Sandstorm|[from] ability: Sand Stream|[of] p2a: Tyranitar\n|move|p1a: Oranguru|Protect|p1a: Oranguru\n|-singleturn|p1a: Oranguru|Protect\n|move|p2b: Rotom|Discharge|p1a: Oranguru|[spread] p2a,p1b\n|-activate|p1a: Oranguru|move: Protect\n|-damage|p2a: Tyranitar|88/100\n|-damage|p1b: Incineroar|31/100\n|\n|-weather|Sandstorm|[upkeep]\n|-damage|p2b: Rotom|47/100|[from] Sandstorm\n|-damage|p1b: Incineroar|25/100|[from] Sandstorm\n|-damage|p1a: Oranguru|32/100|[from] Sandstorm\n|-enditem|p2b: Rotom|Sitrus Berry|[eat]\n|-heal|p2b: Rotom|72/100|[from] item: Sitrus Berry\n|upkeep\n|turn|9\n|inactive|nicneg has 30 seconds left.\n|\n|t:|1775887044\n|move|p2b: Rotom|Volt Switch|p1a: Oranguru\n|-damage|p1a: Oranguru|10/100\n|\n|t:|1775887051\n|switch|p2b: Basculegion|Basculegion, L50, M|64/100|[from] Volt Switch\n|move|p1b: Incineroar|Parting Shot|p2a: Tyranitar\n|-unboost|p2a: Tyranitar|atk|1\n|-unboost|p2a: Tyranitar|spa|1\n|\n|t:|1775887056\n|switch|p1b: Palafin|Palafin-Hero, L50, M|57/100|[from] Parting Shot\n|move|p2a: Tyranitar|Rock Slide|p1a: Oranguru|[spread] p1a,p1b\n|-damage|p1a: Oranguru|0 fnt\n|-damage|p1b: Palafin|38/100\n|faint|p1a: Oranguru\n|\n|-weather|Sandstorm|[upkeep]\n|-damage|p2b: Basculegion|58/100|[from] Sandstorm\n|-damage|p1b: Palafin|32/100|[from] Sandstorm\n|upkeep\n|\n|t:|1775887064\n|switch|p1a: Incineroar|Incineroar, L50, F|25/100\n|-ability|p1a: Incineroar|Intimidate|boost\n|-unboost|p2a: Tyranitar|atk|1\n|-unboost|p2b: Basculegion|atk|1\n|turn|10\n|\n|t:|1775887084\n|move|p2a: Tyranitar|Protect|p2a: Tyranitar\n|-singleturn|p2a: Tyranitar|Protect\n|move|p2b: Basculegion|Wave Crash|p1a: Incineroar\n|-supereffective|p1a: Incineroar|1\n|-damage|p1a: Incineroar|0 fnt\n|faint|p1a: Incineroar\n|-damage|p2b: Basculegion|49/100|[from] Recoil\n|move|p1b: Palafin|Close Combat|p2a: Tyranitar\n|-activate|p2a: Tyranitar|move: Protect\n|\n|-weather|Sandstorm|[upkeep]\n|-damage|p2b: Basculegion|43/100|[from] Sandstorm\n|-damage|p1b: Palafin|26/100|[from] Sandstorm\n|upkeep\n|turn|11\n|\n|t:|1775887099\n|switch|p2a: Rotom|Rotom-Wash, L50, shiny|72/100\n|move|p2b: Basculegion|Wave Crash|p1b: Palafin\n|-resisted|p1b: Palafin|1\n|-damage|p1b: Palafin|0 fnt\n|faint|p1b: Palafin\n|-damage|p2b: Basculegion|36/100|[from] Recoil\n|\n|win|yamzinyobooty\n|raw|nicneg's rating: 1093 &rarr; <strong>1071</strong><br />(-22 for losing)\n|raw|yamzinyobooty's rating: 1115 &rarr; <strong>1138</strong><br />(+23 for winning)\n",
  "uploadtime": 1775887100,
  "views": 13,
  "formatid": "gen9championsvgc2026regma",
  "rating": 1071,
  "private": 0,
  "password": null
}