{
  "id": "gen9championsvgc2026regma-2584659913",
  "format": "[Gen 9 Champions] VGC 2026 Reg M-A",
  "players": [
    "Gaby Glytxii",
    "aimbetter"
  ],
  "log": "|j|\u2606Gaby Glytxii\n|j|\u2606aimbetter\n|t:|1776275054\n|gametype|doubles\n|player|p1|Gaby Glytxii|265|1145\n|player|p2|aimbetter|cyclist-gen4|1216\n|gen|9\n|tier|[Gen 9 Champions] VGC 2026 Reg M-A\n|rated|\n|rule|Species Clause: Limit one of each Pok\u00e9mon\n|rule|Item Clause: Limit 1 of each item\n|clearpoke\n|poke|p1|Tyranitar, L50, M|\n|poke|p1|Spiritomb, L50, M|\n|poke|p1|Goodra-Hisui, L50, M|\n|poke|p1|Hippowdon, L50, F|\n|poke|p1|Tsareena, L50, F|\n|poke|p1|Empoleon, L50, F|\n|poke|p2|Crabominable, L50, F|\n|poke|p2|Incineroar, L50, F|\n|poke|p2|Farigiraf, L50, F|\n|poke|p2|Torkoal, L50, M|\n|poke|p2|Ninetales-Alola, L50, F|\n|poke|p2|Basculegion, L50, M|\n|teampreview|4\n|\n|t:|1776275076\n|teamsize|p1|4\n|teamsize|p2|4\n|start\n|switch|p1a: Empoleon|Empoleon, L50, F|100/100\n|switch|p1b: Spiritomb|Spiritomb, L50, M|100/100\n|switch|p2a: Farigiraf|Farigiraf, L50, F|100/100\n|switch|p2b: Incineroar|Incineroar, L50, F|100/100\n|-ability|p2b: Incineroar|Intimidate|boost\n|-unboost|p1a: Empoleon|atk|1\n|-ability|p1a: Empoleon|Competitive|boost\n|-boost|p1a: Empoleon|spa|2\n|-unboost|p1b: Spiritomb|atk|1\n|turn|1\n|\n|t:|1776275098\n|switch|p2b: Crabominable|Crabominable, L50, F, shiny|100/100\n|switch|p1b: Tsareena|Tsareena, L50, F|100/100\n|move|p1a: Empoleon|Hydro Pump|p2b: Crabominable\n|-damage|p2b: Crabominable|0 fnt\n|faint|p2b: Crabominable\n|move|p2a: Farigiraf|Trick Room|p2a: Farigiraf\n|-fieldstart|move: Trick Room|[of] p2a: Farigiraf\n|\n|upkeep\n|c|\u2606aimbetter|WHAT\n|\n|t:|1776275113\n|switch|p2b: Torkoal|Torkoal, L50, M|100/100\n|-weather|SunnyDay|[from] ability: Drought|[of] p2b: Torkoal\n|turn|2\n|\n|t:|1776275122\n|switch|p1b: Tyranitar|Tyranitar, L50, M|100/100\n|-weather|Sandstorm|[from] ability: Sand Stream|[of] p1b: Tyranitar\n|move|p2a: Farigiraf|Helping Hand|p2b: Torkoal\n|-singleturn|p2b: Torkoal|Helping Hand|[of] p2a: Farigiraf\n|move|p2b: Torkoal|Eruption|p1b: Tyranitar|[spread] p1a,p1b\n|-resisted|p1b: Tyranitar|1\n|-damage|p1a: Empoleon|19/100\n|-damage|p1b: Tyranitar|77/100\n|move|p1a: Empoleon|Hydro Pump|p2b: Torkoal|[miss]\n|-miss|p1a: Empoleon|p2b: Torkoal\n|\n|-weather|Sandstorm|[upkeep]\n|-damage|p2b: Torkoal|94/100|[from] Sandstorm\n|-damage|p2a: Farigiraf|94/100|[from] Sandstorm\n|upkeep\n|turn|3\n|c|\u2606aimbetter|that did way more then i expected\n|\n|t:|1776275144\n|switch|p2b: Incineroar|Incineroar, L50, F|100/100\n|-ability|p2b: Incineroar|Intimidate|boost\n|-unboost|p1a: Empoleon|atk|1\n|-ability|p1a: Empoleon|Competitive|boost\n|-boost|p1a: Empoleon|spa|2\n|-unboost|p1b: Tyranitar|atk|1\n|move|p1a: Empoleon|Protect|p1a: Empoleon\n|-singleturn|p1a: Empoleon|Protect\n|move|p2a: Farigiraf|Hyper Voice|p1b: Tyranitar|[spread] p1b\n|-activate|p1a: Empoleon|move: Protect\n|-resisted|p1b: Tyranitar|1\n|-damage|p1b: Tyranitar|71/100\n|move|p1b: Tyranitar|Rock Slide|p2a: Farigiraf|[spread] p2a,p2b\n|-supereffective|p2b: Incineroar|1\n|-damage|p2a: Farigiraf|70/100\n|-damage|p2b: Incineroar|68/100\n|\n|-weather|Sandstorm|[upkeep]\n|-damage|p2a: Farigiraf|64/100|[from] Sandstorm\n|-damage|p2b: Incineroar|62/100|[from] Sandstorm\n|upkeep\n|turn|4\n|\n|t:|1776275189\n|switch|p2a: Torkoal|Torkoal, L50, M|94/100\n|-weather|SunnyDay|[from] ability: Drought|[of] p2a: Torkoal\n|move|p2b: Incineroar|Fake Out|p1b: Tyranitar\n|-resisted|p1b: Tyranitar|1\n|-damage|p1b: Tyranitar|67/100\n|move|p1a: Empoleon|Hydro Pump|p2b: Incineroar|[miss]\n|-miss|p1a: Empoleon|p2b: Incineroar\n|cant|p1b: Tyranitar|flinch\n|\n|-weather|SunnyDay|[upkeep]\n|upkeep\n|turn|5\n|\n|t:|1776275212\n|detailschange|p1b: Tyranitar|Tyranitar-Mega, L50, M\n|-mega|p1b: Tyranitar|Tyranitar|Tyranitarite\n|-weather|Sandstorm|[from] ability: Sand Stream|[of] p1b: Tyranitar\n|move|p2a: Torkoal|Eruption|p1a: Empoleon|[spread] p1a,p1b\n|-resisted|p1b: Tyranitar|1\n|-damage|p1a: Empoleon|0 fnt\n|-damage|p1b: Tyranitar|55/100\n|faint|p1a: Empoleon\n|move|p2b: Incineroar|Flare Blitz|p1b: Tyranitar\n|-resisted|p1b: Tyranitar|1\n|-damage|p1b: Tyranitar|42/100\n|-damage|p2b: Incineroar|57/100|[from] Recoil\n|move|p1b: Tyranitar|Rock Slide|p2a: Torkoal|[spread] p2a\n|-miss|p1b: Tyranitar|p2b: Incineroar\n|-supereffective|p2a: Torkoal|1\n|-damage|p2a: Torkoal|54/100\n|\n|-weather|Sandstorm|[upkeep]\n|-damage|p2a: Torkoal|47/100|[from] Sandstorm\n|-damage|p2b: Incineroar|51/100|[from] Sandstorm\n|-fieldend|move: Trick Room\n|upkeep\n|\n|t:|1776275229\n|switch|p1a: Spiritomb|Spiritomb, L50, M|100/100\n|turn|6\n|\n|t:|1776275272\n|switch|p2a: Farigiraf|Farigiraf, L50, F|64/100\n|move|p1b: Tyranitar|Knock Off|p2a: Farigiraf\n|-supereffective|p2a: Farigiraf|1\n|-damage|p2a: Farigiraf|0 fnt\n|-enditem|p2a: Farigiraf|Sitrus Berry|[from] move: Knock Off|[of] p1b: Tyranitar\n|faint|p2a: Farigiraf\n|move|p2b: Incineroar|Parting Shot|p1b: Tyranitar\n|-unboost|p1b: Tyranitar|atk|1\n|-unboost|p1b: Tyranitar|spa|1\n|c|\u2606aimbetter|spare me sire\n|\n|t:|1776275278\n|switch|p2b: Torkoal|Torkoal, L50, M|47/100|[from] Parting Shot\n|-weather|SunnyDay|[from] ability: Drought|[of] p2b: Torkoal\n|move|p1a: Spiritomb|Nasty Plot|p1a: Spiritomb\n|-boost|p1a: Spiritomb|spa|2\n|\n|-weather|SunnyDay|[upkeep]\n|upkeep\n|\n|t:|1776275280\n|switch|p2a: Incineroar|Incineroar, L50, F|51/100\n|-ability|p2a: Incineroar|Intimidate|boost\n|-unboost|p1a: Spiritomb|atk|1\n|-unboost|p1b: Tyranitar|atk|1\n|turn|7\n|\n|t:|1776275312\n|switch|p1b: Tsareena|Tsareena, L50, F|100/100\n|move|p2b: Torkoal|Protect|p2b: Torkoal\n|-singleturn|p2b: Torkoal|Protect\n|move|p2a: Incineroar|Flare Blitz|p1a: Spiritomb\n|-damage|p1a: Spiritomb|20/100\n|-damage|p2a: Incineroar|31/100|[from] Recoil\n|move|p1a: Spiritomb|Dark Pulse|p2b: Torkoal\n|-activate|p2b: Torkoal|move: Protect\n|\n|-weather|SunnyDay|[upkeep]\n|upkeep\n|turn|8\n|\n|t:|1776275339\n|move|p1b: Tsareena|High Jump Kick|p2a: Incineroar\n|-supereffective|p2a: Incineroar|1\n|-enditem|p2a: Incineroar|Chople Berry|[eat]\n|-enditem|p2a: Incineroar|Chople Berry|[weaken]\n|-damage|p2a: Incineroar|0 fnt\n|faint|p2a: Incineroar\n|move|p1a: Spiritomb|Dark Pulse|p2b: Torkoal\n|-damage|p2b: Torkoal|0 fnt\n|faint|p2b: Torkoal\n|\n|win|Gaby Glytxii\n|raw|Gaby Glytxii's rating: 1145 &rarr; <strong>1176</strong><br />(+31 for winning)\n|raw|aimbetter's rating: 1237 &rarr; <strong>1206</strong><br />(-31 for losing)\n|l|\u2606aimbetter\n|player|p2|\n|c|\u2606Gaby Glytxii|Ggwp\n",
  "uploadtime": 1776275497,
  "views": 19,
  "formatid": "gen9championsvgc2026regma",
  "rating": 1176,
  "private": 0,
  "password": null
}