{
  "id": "gen9championsvgc2026regma-2580888481",
  "format": "[Gen 9 Champions] VGC 2026 Reg M-A",
  "players": [
    "Pastor/Sinner",
    "ferchopg90"
  ],
  "log": "|j|\u2606Pastor/Sinner\n|j|\u2606ferchopg90\n|t:|1775940735\n|gametype|doubles\n|player|p1|Pastor/Sinner|2|1057\n|player|p2|ferchopg90|1|1000\n|gen|9\n|tier|[Gen 9 Champions] VGC 2026 Reg M-A\n|rated|\n|rule|Species Clause: Limit one of each Pok\u00e9mon\n|rule|Item Clause: Limit 1 of each item\n|clearpoke\n|poke|p1|Delphox, L50, M|\n|poke|p1|Garchomp, L50, F|\n|poke|p1|Trevenant, L50, M|\n|poke|p1|Gyarados, L50, F|\n|poke|p1|Vanilluxe, L50, M|\n|poke|p1|Luxray, L50, M|\n|poke|p2|Gardevoir, L50, F|\n|poke|p2|Maushold, L50|\n|poke|p2|Palafin, L50, M|\n|poke|p2|Tauros-Paldea-Aqua, L50, M|\n|poke|p2|Pelipper, L50, F|\n|poke|p2|Garchomp, L50, M|\n|teampreview|4\n|inactive|Battle timer is ON: inactive players will automatically lose when time's up. (requested by ferchopg90)\n|inactive|Pastor/Sinner has 60 seconds left.\n|inactive|ferchopg90 has 60 seconds left.\n|\n|t:|1775940771\n|teamsize|p1|4\n|teamsize|p2|4\n|start\n|switch|p1a: Luxray|Luxray, L50, M|100/100\n|switch|p1b: Gyarados|Gyarados, L50, F|100/100\n|switch|p2a: Maushold|Maushold, L50|100/100\n|switch|p2b: Gardevoir|Gardevoir, L50, F|100/100\n|-ability|p1b: Gyarados|Intimidate|boost\n|-unboost|p2a: Maushold|atk|1\n|-unboost|p2b: Gardevoir|atk|1\n|-ability|p1a: Luxray|Intimidate|boost\n|-unboost|p2a: Maushold|atk|1\n|-unboost|p2b: Gardevoir|atk|1\n|turn|1\n|\n|t:|1775940787\n|move|p2a: Maushold|Follow Me|p2a: Maushold\n|-singleturn|p2a: Maushold|move: Follow Me\n|move|p2b: Gardevoir|Calm Mind|p2b: Gardevoir\n|-boost|p2b: Gardevoir|spa|1\n|-boost|p2b: Gardevoir|spd|1\n|move|p1b: Gyarados|Crunch|p2a: Maushold\n|-damage|p2a: Maushold|65/100\n|move|p1a: Luxray|Snarl|p2a: Maushold|[spread] p2a,p2b\n|-damage|p2a: Maushold|53/100\n|-damage|p2b: Gardevoir|96/100\n|-unboost|p2a: Maushold|spa|1\n|-unboost|p2b: Gardevoir|spa|1\n|\n|upkeep\n|turn|2\n|\n|t:|1775940808\n|detailschange|p2b: Gardevoir|Gardevoir-Mega, L50, F\n|-mega|p2b: Gardevoir|Gardevoir|Gardevoirite\n|move|p2a: Maushold|Follow Me|p2a: Maushold\n|-singleturn|p2a: Maushold|move: Follow Me\n|move|p2b: Gardevoir|Hyper Voice|p1a: Luxray|[spread] p1a,p1b\n|-damage|p1a: Luxray|57/100\n|-damage|p1b: Gyarados|52/100\n|move|p1b: Gyarados|Crunch|p2a: Maushold\n|-damage|p2a: Maushold|14/100\n|-enditem|p2a: Maushold|Sitrus Berry|[eat]\n|-heal|p2a: Maushold|39/100|[from] item: Sitrus Berry\n|move|p1a: Luxray|Snarl|p2b: Gardevoir|[spread] p2a,p2b\n|-damage|p2a: Maushold|28/100\n|-damage|p2b: Gardevoir|92/100\n|-unboost|p2a: Maushold|spa|1\n|-unboost|p2b: Gardevoir|spa|1\n|\n|-heal|p1a: Luxray|64/100|[from] item: Leftovers\n|upkeep\n|turn|3\n|\n|t:|1775940831\n|move|p2a: Maushold|Protect|p2a: Maushold\n|-singleturn|p2a: Maushold|Protect\n|move|p2b: Gardevoir|Calm Mind|p2b: Gardevoir\n|-boost|p2b: Gardevoir|spa|1\n|-boost|p2b: Gardevoir|spd|1\n|move|p1b: Gyarados|Dragon Dance|p1b: Gyarados\n|-boost|p1b: Gyarados|atk|1\n|-boost|p1b: Gyarados|spe|1\n|move|p1a: Luxray|Snarl|p2a: Maushold|[spread] p2b\n|-activate|p2a: Maushold|move: Protect\n|-damage|p2b: Gardevoir|89/100\n|-unboost|p2b: Gardevoir|spa|1\n|\n|-heal|p1a: Luxray|70/100|[from] item: Leftovers\n|upkeep\n|turn|4\n|\n|t:|1775940848\n|move|p2a: Maushold|Follow Me|p2a: Maushold\n|-singleturn|p2a: Maushold|move: Follow Me\n|move|p2b: Gardevoir|Calm Mind|p2b: Gardevoir\n|-boost|p2b: Gardevoir|spa|1\n|-boost|p2b: Gardevoir|spd|1\n|move|p1b: Gyarados|Dragon Dance|p1b: Gyarados\n|-boost|p1b: Gyarados|atk|1\n|-boost|p1b: Gyarados|spe|1\n|move|p1a: Luxray|Snarl|p2a: Maushold|[spread] p2a,p2b\n|-damage|p2a: Maushold|17/100\n|-damage|p2b: Gardevoir|86/100\n|-unboost|p2a: Maushold|spa|1\n|-unboost|p2b: Gardevoir|spa|1\n|\n|-heal|p1a: Luxray|76/100|[from] item: Leftovers\n|upkeep\n|turn|5\n|\n|t:|1775940870\n|move|p2a: Maushold|Follow Me|p2a: Maushold\n|-singleturn|p2a: Maushold|move: Follow Me\n|move|p1b: Gyarados|Crunch|p2a: Maushold\n|-damage|p2a: Maushold|0 fnt\n|faint|p2a: Maushold\n|move|p2b: Gardevoir|Hyper Voice|p1a: Luxray|[spread] p1a,p1b\n|-damage|p1a: Luxray|47/100\n|-damage|p1b: Gyarados|19/100\n|move|p1a: Luxray|Snarl|p2b: Gardevoir\n|-damage|p2b: Gardevoir|80/100\n|-unboost|p2b: Gardevoir|spa|1\n|\n|-heal|p1a: Luxray|54/100|[from] item: Leftovers\n|upkeep\n|\n|t:|1775940884\n|switch|p2a: Pelipper|Pelipper, L50, F|100/100\n|-weather|RainDance|[from] ability: Drizzle|[of] p2a: Pelipper\n|turn|6\n|\n|t:|1775940895\n|switch|p2b: Garchomp|Garchomp, L50, M|100/100\n|move|p1b: Gyarados|Waterfall|p2b: Garchomp\n|-damage|p2b: Garchomp|0 fnt\n|-damage|p1b: Gyarados|7/100|[from] ability: Rough Skin|[of] p2b: Garchomp\n|faint|p2b: Garchomp\n|move|p1a: Luxray|Snarl|p2a: Pelipper\n|-damage|p2a: Pelipper|84/100\n|-unboost|p2a: Pelipper|spa|1\n|move|p2a: Pelipper|Tailwind|p2a: Pelipper\n|-sidestart|p2: ferchopg90|move: Tailwind\n|\n|-weather|RainDance|[upkeep]\n|-heal|p1a: Luxray|60/100|[from] item: Leftovers\n|upkeep\n|\n|t:|1775940911\n|switch|p2b: Gardevoir|Gardevoir-Mega, L50, F|80/100\n|turn|7\n|\n|t:|1775940921\n|move|p1b: Gyarados|Protect|p1b: Gyarados\n|-singleturn|p1b: Gyarados|Protect\n|move|p2b: Gardevoir|Hyper Voice|p1a: Luxray|[spread] p1a\n|-activate|p1b: Gyarados|move: Protect\n|-damage|p1a: Luxray|17/100\n|move|p2a: Pelipper|Weather Ball|p1a: Luxray\n|-damage|p1a: Luxray|0 fnt\n|faint|p1a: Luxray\n|\n|-weather|RainDance|[upkeep]\n|upkeep\n|\n|t:|1775940934\n|switch|p1a: Vanilluxe|Vanilluxe, L50, M|100/100\n|-weather|Snowscape|[from] ability: Snow Warning|[of] p1a: Vanilluxe\n|turn|8\n|\n|t:|1775940944\n|move|p2b: Gardevoir|Hyper Voice|p1b: Gyarados|[spread] p1a,p1b\n|-damage|p1a: Vanilluxe|48/100\n|-damage|p1b: Gyarados|0 fnt\n|faint|p1b: Gyarados\n|move|p2a: Pelipper|Weather Ball|p1a: Vanilluxe\n|-resisted|p1a: Vanilluxe|1\n|-damage|p1a: Vanilluxe|37/100\n|move|p1a: Vanilluxe|Aurora Veil|p1a: Vanilluxe\n|-sidestart|p1: Pastor/Sinner|move: Aurora Veil\n|\n|-weather|Snowscape|[upkeep]\n|upkeep\n|\n|t:|1775940955\n|switch|p1b: Delphox|Delphox, L50, M|100/100\n|turn|9\n|\n|t:|1775940963\n|detailschange|p1b: Delphox|Delphox-Mega, L50, M\n|-mega|p1b: Delphox|Delphox|Delphoxite\n|move|p2a: Pelipper|Protect|p2a: Pelipper\n|-singleturn|p2a: Pelipper|Protect\n|move|p2b: Gardevoir|Calm Mind|p2b: Gardevoir\n|-boost|p2b: Gardevoir|spa|1\n|-boost|p2b: Gardevoir|spd|1\n|move|p1b: Delphox|Heat Wave|p2a: Pelipper|[spread] p2b\n|-activate|p2a: Pelipper|move: Protect\n|-damage|p2b: Gardevoir|53/100\n|move|p1a: Vanilluxe|Blizzard|p2b: Gardevoir|[spread] p2b\n|-activate|p2a: Pelipper|move: Protect\n|-crit|p2b: Gardevoir\n|-damage|p2b: Gardevoir|0 fnt\n|faint|p2b: Gardevoir\n|\n|-weather|Snowscape|[upkeep]\n|-sideend|p2: ferchopg90|move: Tailwind\n|upkeep\n|turn|10\n|-message|ferchopg90 forfeited.\n|\n|win|Pastor/Sinner\n|raw|Pastor&#x2f;Sinner's rating: 1057 &rarr; <strong>1083</strong><br />(+26 for winning)\n|raw|ferchopg90's rating: 1000 &rarr; <strong>1000</strong><br />(+0 for losing)\n|l|\u2606ferchopg90\n|player|p2|\n",
  "uploadtime": 1775940985,
  "views": 34,
  "formatid": "gen9championsvgc2026regma",
  "rating": 1000,
  "private": 0,
  "password": null
}