{
  "id": "gen9championsvgc2026regma-2587356049",
  "format": "[Gen 9 Champions] VGC 2026 Reg M-A",
  "players": [
    "AveryOfCrowsGirlie",
    "connor_fishgutz"
  ],
  "log": "|j|\u2606AveryOfCrowsGirlie\n|j|\u2606connor_fishgutz\n|t:|1776524876\n|gametype|doubles\n|player|p1|AveryOfCrowsGirlie|cynthia-gen4|1099\n|player|p2|connor_fishgutz|1|1011\n|gen|9\n|tier|[Gen 9 Champions] VGC 2026 Reg M-A\n|rated|\n|rule|Species Clause: Limit one of each Pok\u00e9mon\n|rule|Item Clause: Limit 1 of each item\n|clearpoke\n|poke|p1|Chesnaught, L50, F|\n|poke|p1|Milotic, L50, F|\n|poke|p1|Lucario, L50, F|\n|poke|p1|Maushold, L50|\n|poke|p1|Corviknight, L50, F|\n|poke|p1|Volcarona, L50, F|\n|poke|p2|Froslass, L50, F, shiny|\n|poke|p2|Glaceon, L50, F, shiny|\n|poke|p2|Ninetales-Alola, L50, M|\n|poke|p2|Vanilluxe, L50, F, shiny|\n|poke|p2|Avalugg, L50, F, shiny|\n|poke|p2|Weavile, L50, F, shiny|\n|teampreview|4\n|inactive|Battle timer is ON: inactive players will automatically lose when time's up. (requested by connor_fishgutz)\n|c|\u2606AveryOfCrowsGirlie|glhf!\n|c|\u2606AveryOfCrowsGirlie|oooo!\n|c|\u2606AveryOfCrowsGirlie|an ice monotype team!!\n|c|\u2606AveryOfCrowsGirlie|thats sick as hell :3\n|\n|t:|1776524903\n|teamsize|p1|4\n|teamsize|p2|4\n|start\n|switch|p1a: Lucario|Lucario, L50, F|100/100\n|switch|p1b: Maushold|Maushold, L50|100/100\n|switch|p2a: Froslass|Froslass, L50, F, shiny|100/100\n|switch|p2b: Glaceon|Glaceon, L50, F, shiny|100/100\n|turn|1\n|inactive|connor_fishgutz has 30 seconds left.\n|\n|t:|1776524934\n|detailschange|p2a: Froslass|Froslass-Mega, L50, F, shiny\n|-mega|p2a: Froslass|Froslass|Froslassite\n|-weather|Snowscape|[from] ability: Snow Warning|[of] p2a: Froslass\n|move|p1a: Lucario|Endure|p1a: Lucario\n|-singleturn|p1a: Lucario|move: Endure\n|move|p2a: Froslass|Will-O-Wisp|p1a: Lucario|[miss]\n|-miss|p2a: Froslass|p1a: Lucario\n|move|p1b: Maushold|Beat Up|p1a: Lucario\n|-resisted|p1a: Lucario|1\n|-damage|p1a: Lucario|98/100\n|-ability|p1a: Lucario|Justified|boost\n|-boost|p1a: Lucario|atk|1\n|-resisted|p1a: Lucario|1\n|-damage|p1a: Lucario|96/100\n|-ability|p1a: Lucario|Justified|boost\n|-boost|p1a: Lucario|atk|1\n|-resisted|p1a: Lucario|1\n|-damage|p1a: Lucario|95/100\n|-ability|p1a: Lucario|Justified|boost\n|-boost|p1a: Lucario|atk|1\n|-resisted|p1a: Lucario|1\n|-damage|p1a: Lucario|94/100\n|-ability|p1a: Lucario|Justified|boost\n|-boost|p1a: Lucario|atk|1\n|-hitcount|p1a: Lucario|4\n|move|p2b: Glaceon|Calm Mind|p2b: Glaceon\n|-boost|p2b: Glaceon|spa|1\n|-boost|p2b: Glaceon|spd|1\n|\n|-weather|Snowscape|[upkeep]\n|upkeep\n|turn|2\n|inactive|AveryOfCrowsGirlie has 30 seconds left.\n|inactive|connor_fishgutz has 30 seconds left.\n|inactive|AveryOfCrowsGirlie has 20 seconds left.\n|inactive|AveryOfCrowsGirlie has 15 seconds left.\n|inactive|AveryOfCrowsGirlie has 10 seconds left.\n|\n|t:|1776524983\n|detailschange|p1a: Lucario|Lucario-Mega, L50, F\n|-mega|p1a: Lucario|Lucario|Lucarionite\n|move|p1b: Maushold|Follow Me|p1b: Maushold\n|-singleturn|p1b: Maushold|move: Follow Me\n|move|p1a: Lucario|Bullet Punch|p2a: Froslass\n|-supereffective|p2a: Froslass|1\n|-damage|p2a: Froslass|0 fnt\n|faint|p2a: Froslass\n|move|p2b: Glaceon|Hyper Voice|p1a: Lucario|[spread] p1a,p1b\n|-resisted|p1a: Lucario|1\n|-crit|p1a: Lucario\n|-damage|p1a: Lucario|63/100\n|-damage|p1b: Maushold|50/100\n|\n|-weather|Snowscape|[upkeep]\n|upkeep\n|\n|t:|1776525002\n|switch|p2a: Weavile|Weavile, L50, F, shiny|100/100\n|-ability|p2a: Weavile|Pressure\n|turn|3\n|\n|t:|1776525015\n|move|p2a: Weavile|Fake Out|p1a: Lucario\n|-resisted|p1a: Lucario|1\n|-damage|p1a: Lucario|57/100\n|cant|p1a: Lucario|flinch\n|move|p1b: Maushold|Population Bomb|p2a: Weavile\n|-damage|p2a: Weavile|92/100\n|-damage|p2a: Weavile|86/100\n|-damage|p2a: Weavile|78/100\n|-damage|p2a: Weavile|71/100\n|-damage|p2a: Weavile|64/100\n|-damage|p2a: Weavile|57/100\n|-damage|p2a: Weavile|50/100\n|-hitcount|p2a: Weavile|7\n|move|p2b: Glaceon|Calm Mind|p2b: Glaceon\n|-boost|p2b: Glaceon|spa|1\n|-boost|p2b: Glaceon|spd|1\n|\n|-weather|Snowscape|[upkeep]\n|upkeep\n|turn|4\n|\n|t:|1776525039\n|move|p2a: Weavile|Triple Axel|p1a: Lucario\n|-resisted|p1a: Lucario|1\n|-damage|p1a: Lucario|53/100\n|-resisted|p1a: Lucario|1\n|-damage|p1a: Lucario|46/100\n|-resisted|p1a: Lucario|1\n|-damage|p1a: Lucario|33/100\n|-hitcount|p1a: Lucario|3\n|move|p1a: Lucario|Close Combat|p2b: Glaceon\n|-supereffective|p2b: Glaceon|1\n|-crit|p2b: Glaceon\n|-damage|p2b: Glaceon|0 fnt\n|-unboost|p1a: Lucario|def|1\n|-unboost|p1a: Lucario|spd|1\n|faint|p2b: Glaceon\n|move|p1b: Maushold|Population Bomb|p2a: Weavile\n|-damage|p2a: Weavile|43/100\n|-damage|p2a: Weavile|36/100\n|-damage|p2a: Weavile|29/100\n|-damage|p2a: Weavile|23/100\n|-damage|p2a: Weavile|17/100\n|-damage|p2a: Weavile|10/100\n|-crit|p2a: Weavile\n|-damage|p2a: Weavile|0 fnt\n|faint|p2a: Weavile\n|-hitcount|p2: Weavile|7\n|\n|-weather|Snowscape|[upkeep]\n|upkeep\n|\n|t:|1776525046\n|switch|p2b: Avalugg|Avalugg, L50, F, shiny|100/100\n|turn|5\n|\n|t:|1776525067\n|move|p1a: Lucario|Close Combat|p2b: Avalugg\n|-supereffective|p2b: Avalugg|1\n|-damage|p2b: Avalugg|0 fnt\n|-unboost|p1a: Lucario|def|1\n|-unboost|p1a: Lucario|spd|1\n|faint|p2b: Avalugg\n|\n|win|AveryOfCrowsGirlie\n|raw|AveryOfCrowsGirlie's rating: 1099 &rarr; <strong>1118</strong><br />(+19 for winning)\n|raw|connor_fishgutz's rating: 1011 &rarr; <strong>1002</strong><br />(-9 for losing)\n|c|\u2606AveryOfCrowsGirlie|gg!\n",
  "uploadtime": 1776525082,
  "views": 18,
  "formatid": "gen9championsvgc2026regma",
  "rating": 1002,
  "private": 0,
  "password": null
}