{
  "id": "gen9championsvgc2026regma-2584604181",
  "format": "[Gen 9 Champions] VGC 2026 Reg M-A",
  "players": [
    "felinfernoshiny",
    "shinja yug"
  ],
  "log": "|j|\u2606felinfernoshiny\n|j|\u2606shinja yug\n|t:|1776271570\n|gametype|doubles\n|player|p1|felinfernoshiny|2|1396\n|player|p2|shinja yug|li|1310\n|gen|9\n|tier|[Gen 9 Champions] VGC 2026 Reg M-A\n|rated|\n|rule|Species Clause: Limit one of each Pok\u00e9mon\n|rule|Item Clause: Limit 1 of each item\n|clearpoke\n|poke|p1|Gengar, L50, F|\n|poke|p1|Politoed, L50, F|\n|poke|p1|Incineroar, L50, M|\n|poke|p1|Sinistcha-Masterpiece, L50|\n|poke|p1|Aggron, L50, F|\n|poke|p1|Farigiraf, L50, F|\n|poke|p2|Basculegion, L50, M|\n|poke|p2|Dragapult, L50, M|\n|poke|p2|Kingambit, L50, F|\n|poke|p2|Scovillain, L50, F|\n|poke|p2|Farigiraf, L50, F|\n|poke|p2|Sneasler, L50, M|\n|teampreview|4\n|inactive|Battle timer is ON: inactive players will automatically lose when time's up. (requested by felinfernoshiny)\n|inactive|felinfernoshiny has 60 seconds left.\n|inactive|shinja yug has 60 seconds left.\n|inactive|felinfernoshiny has 30 seconds left.\n|\n|t:|1776271633\n|teamsize|p1|4\n|teamsize|p2|4\n|start\n|switch|p1a: Aggron|Aggron, L50, F, shiny|100/100\n|switch|p1b: Sinistcha|Sinistcha-Masterpiece, L50, shiny|100/100\n|switch|p2a: charti boy|Scovillain, L50, F|100/100\n|switch|p2b: Sneasler|Sneasler, L50, M|100/100\n|turn|1\n|\n|t:|1776271646\n|detailschange|p2a: charti boy|Scovillain-Mega, L50, F\n|-mega|p2a: charti boy|Scovillain|Scovillainite\n|detailschange|p1a: Aggron|Aggron-Mega, L50, F, shiny\n|-mega|p1a: Aggron|Aggron|Aggronite\n|move|p2b: Sneasler|Dire Claw|p1b: Sinistcha\n|-damage|p1b: Sinistcha|58/100\n|-status|p1b: Sinistcha|par\n|move|p2a: charti boy|Flamethrower|p1b: Sinistcha\n|-supereffective|p1b: Sinistcha|1\n|-damage|p1b: Sinistcha|0 fnt\n|faint|p1b: Sinistcha\n|move|p1a: Aggron|Iron Defense|p1a: Aggron\n|-boost|p1a: Aggron|def|2\n|\n|upkeep\n|\n|t:|1776271656\n|switch|p1b: Politoed|Politoed, L50, F, shiny|100/100\n|-weather|RainDance|[from] ability: Drizzle|[of] p1b: Politoed\n|turn|2\n|\n|t:|1776271677\n|move|p2a: charti boy|Rage Powder|p2a: charti boy\n|-singleturn|p2a: charti boy|move: Rage Powder\n|move|p2b: Sneasler|Close Combat|p1b: Politoed\n|-damage|p1b: Politoed|47/100\n|-unboost|p2b: Sneasler|def|1\n|-unboost|p2b: Sneasler|spd|1\n|-enditem|p2b: Sneasler|White Herb\n|-clearnegativeboost|p2b: Sneasler|[silent]\n|move|p1b: Politoed|Weather Ball|p2a: charti boy\n|-damage|p2a: charti boy|43/100\n|-status|p1b: Politoed|brn|[from] ability: Spicy Spray|[of] p2a: charti boy\n|move|p1a: Aggron|Iron Defense|p1a: Aggron\n|-boost|p1a: Aggron|def|2\n|\n|-weather|RainDance|[upkeep]\n|-heal|p1b: Politoed|53/100 brn|[from] item: Leftovers\n|-damage|p1b: Politoed|47/100 brn|[from] brn\n|upkeep\n|turn|3\n|\n|t:|1776271695\n|move|p2a: charti boy|Protect|p2a: charti boy\n|-singleturn|p2a: charti boy|Protect\n|move|p2b: Sneasler|Close Combat|p1b: Politoed\n|-damage|p1b: Politoed|0 fnt\n|-unboost|p2b: Sneasler|def|1\n|-unboost|p2b: Sneasler|spd|1\n|faint|p1b: Politoed\n|move|p1a: Aggron|Body Press|p2b: Sneasler\n|-resisted|p2b: Sneasler|1\n|-damage|p2b: Sneasler|0 fnt\n|faint|p2b: Sneasler\n|\n|-weather|RainDance|[upkeep]\n|upkeep\n|\n|t:|1776271710\n|switch|p2b: Dragapult|Dragapult, L50, M|100/100\n|switch|p1b: Incineroar|Incineroar, L50, M, shiny|100/100\n|-ability|p1b: Incineroar|Intimidate|boost\n|-unboost|p2a: charti boy|atk|1\n|-fail|p2b: Dragapult|unboost|[from] ability: Clear Body|[of] p2b: Dragapult\n|turn|4\n|\n|t:|1776271725\n|move|p2a: charti boy|Rage Powder|p2a: charti boy\n|-singleturn|p2a: charti boy|move: Rage Powder\n|move|p2b: Dragapult|Dragon Dance|p2b: Dragapult\n|-boost|p2b: Dragapult|atk|1\n|-boost|p2b: Dragapult|spe|1\n|move|p1b: Incineroar|Throat Chop|p2a: charti boy\n|-damage|p2a: charti boy|5/100\n|-start|p2a: charti boy|Throat Chop|[silent]\n|-immune|p1b: Incineroar\n|move|p1a: Aggron|Body Press|p2a: charti boy\n|-damage|p2a: charti boy|0 fnt\n|-status|p1a: Aggron|brn|[from] ability: Spicy Spray|[of] p2a: charti boy\n|faint|p2a: charti boy\n|\n|-weather|RainDance|[upkeep]\n|-damage|p1a: Aggron|94/100 brn|[from] brn\n|upkeep\n|\n|t:|1776271735\n|switch|p2a: Basculegion|Basculegion, L50, M|100/100\n|turn|5\n|\n|t:|1776271755\n|move|p2b: Dragapult|Protect|p2b: Dragapult\n|-singleturn|p2b: Dragapult|Protect\n|move|p2a: Basculegion|Wave Crash|p1b: Incineroar\n|-supereffective|p1b: Incineroar|1\n|-damage|p1b: Incineroar|0 fnt\n|faint|p1b: Incineroar\n|-damage|p2a: Basculegion|67/100|[from] Recoil\n|move|p1a: Aggron|Iron Defense|p1a: Aggron\n|-boost|p1a: Aggron|def|2\n|\n|-weather|RainDance|[upkeep]\n|-damage|p1a: Aggron|88/100 brn|[from] brn\n|upkeep\n|turn|6\n|\n|t:|1776271771\n|move|p1a: Aggron|Protect|p1a: Aggron\n|-singleturn|p1a: Aggron|Protect\n|move|p2b: Dragapult|Phantom Force||[still]\n|-prepare|p2b: Dragapult|Phantom Force\n|move|p2a: Basculegion|Wave Crash|p1a: Aggron\n|-activate|p1a: Aggron|move: Protect\n|\n|-weather|none\n|-damage|p1a: Aggron|82/100 brn|[from] brn\n|upkeep\n|turn|7\n|\n|t:|1776271780\n|move|p2b: Dragapult|Phantom Force|p1a: Aggron|[from] lockedmove\n|-damage|p1a: Aggron|72/100 brn\n|move|p2a: Basculegion|Wave Crash|p1a: Aggron\n|-damage|p1a: Aggron|63/100 brn\n|-damage|p2a: Basculegion|64/100|[from] Recoil\n|move|p1a: Aggron|Heavy Slam|p2a: Basculegion\n|-resisted|p2a: Basculegion|1\n|-damage|p2a: Basculegion|53/100\n|\n|-damage|p1a: Aggron|56/100 brn|[from] brn\n|upkeep\n|turn|8\n|\n|t:|1776271798\n|move|p2b: Dragapult|Dragon Darts|p1a: Aggron\n|-resisted|p1a: Aggron|1\n|-damage|p1a: Aggron|54/100 brn\n|-anim|p2b: Dragapult|Dragon Darts|p1a: Aggron\n|-resisted|p1a: Aggron|1\n|-damage|p1a: Aggron|51/100 brn\n|move|p2a: Basculegion|Wave Crash|p1a: Aggron\n|-damage|p1a: Aggron|40/100 brn\n|-damage|p2a: Basculegion|50/100|[from] Recoil\n|move|p1a: Aggron|Heavy Slam|p2b: Dragapult\n|-damage|p2b: Dragapult|67/100\n|\n|-damage|p1a: Aggron|34/100 brn|[from] brn\n|upkeep\n|turn|9\n|\n|t:|1776271812\n|move|p2b: Dragapult|Protect|p2b: Dragapult\n|-singleturn|p2b: Dragapult|Protect\n|move|p2a: Basculegion|Wave Crash|p1a: Aggron\n|-damage|p1a: Aggron|24/100 brn\n|-damage|p2a: Basculegion|47/100|[from] Recoil\n|move|p1a: Aggron|Heavy Slam|p2a: Basculegion\n|-resisted|p2a: Basculegion|1\n|-damage|p2a: Basculegion|34/100\n|\n|-damage|p1a: Aggron|17/100 brn|[from] brn\n|upkeep\n|turn|10\n|-message|felinfernoshiny forfeited.\n|\n|win|shinja yug\n|raw|felinfernoshiny's rating: 1396 &rarr; <strong>1371</strong><br />(-25 for losing)\n|raw|shinja yug's rating: 1310 &rarr; <strong>1335</strong><br />(+25 for winning)\n|l|\u2606felinfernoshiny\n|player|p1|\n",
  "uploadtime": 1776271825,
  "views": 35,
  "formatid": "gen9championsvgc2026regma",
  "rating": 1335,
  "private": 0,
  "password": null
}