{
  "id": "gen9championsvgc2026regma-2581314909",
  "format": "[Gen 9 Champions] VGC 2026 Reg M-A",
  "players": [
    "Gaby Glytxii",
    "iamquencher"
  ],
  "log": "|j|\u2606Gaby Glytxii\n|j|\u2606iamquencher\n|t:|1775985457\n|gametype|doubles\n|player|p1|Gaby Glytxii|iris|1070\n|player|p2|iamquencher|102|1000\n|gen|9\n|tier|[Gen 9 Champions] VGC 2026 Reg M-A\n|rated|\n|rule|Species Clause: Limit one of each Pok\u00e9mon\n|rule|Item Clause: Limit 1 of each item\n|clearpoke\n|poke|p1|Audino, L50, F|\n|poke|p1|Vaporeon, L50, F|\n|poke|p1|Hippowdon, L50, M|\n|poke|p1|Slowbro, L50, M|\n|poke|p1|Chimecho, L50, F|\n|poke|p1|Tsareena, L50, F|\n|poke|p2|Blastoise, L50, F|\n|poke|p2|Pelipper, L50, M|\n|poke|p2|Farigiraf, L50, F|\n|poke|p2|Kingambit, L50, M|\n|poke|p2|Basculegion, L50, M|\n|poke|p2|Hatterene, L50, F|\n|teampreview|4\n|\n|t:|1775985490\n|teamsize|p1|4\n|teamsize|p2|4\n|start\n|switch|p1a: Audino|Audino, L50, F|100/100\n|switch|p1b: Slowbro|Slowbro, L50, M|100/100\n|switch|p2a: Kingambit|Kingambit, L50, M|100/100\n|switch|p2b: Pelipper|Pelipper, L50, M|100/100\n|-weather|RainDance|[from] ability: Drizzle|[of] p2b: Pelipper\n|turn|1\n|\n|t:|1775985507\n|detailschange|p1b: Slowbro|Slowbro-Mega, L50, M\n|-mega|p1b: Slowbro|Slowbro|Slowbronite\n|move|p2b: Pelipper|U-turn|p1b: Slowbro\n|-supereffective|p1b: Slowbro|1\n|-damage|p1b: Slowbro|91/100\n|\n|t:|1775985512\n|switch|p2b: Blastoise|Blastoise, L50, F|100/100|[from] U-turn\n|move|p1a: Audino|Simple Beam|p1b: Slowbro\n|-ability|p1b: Slowbro|Simple|Shell Armor|[from] move: Simple Beam\n|move|p2a: Kingambit|Swords Dance|p2a: Kingambit\n|-boost|p2a: Kingambit|atk|2\n|move|p1b: Slowbro|Iron Defense|p1b: Slowbro\n|-boost|p1b: Slowbro|def|4\n|\n|-weather|RainDance|[upkeep]\n|upkeep\n|turn|2\n|\n|t:|1775985534\n|detailschange|p2b: Blastoise|Blastoise-Mega, L50, F\n|-mega|p2b: Blastoise|Blastoise|Blastoisinite\n|move|p2b: Blastoise|Shell Smash|p2b: Blastoise\n|-unboost|p2b: Blastoise|def|1\n|-unboost|p2b: Blastoise|spd|1\n|-boost|p2b: Blastoise|atk|2\n|-boost|p2b: Blastoise|spa|2\n|-boost|p2b: Blastoise|spe|2\n|move|p1a: Audino|Yawn|p2a: Kingambit\n|-start|p2a: Kingambit|move: Yawn|[of] p1a: Audino\n|move|p2a: Kingambit|Poison Jab|p1b: Slowbro\n|-damage|p1b: Slowbro|79/100\n|move|p1b: Slowbro|Calm Mind|p1b: Slowbro\n|-boost|p1b: Slowbro|spa|2\n|-boost|p1b: Slowbro|spd|2\n|\n|-weather|RainDance|[upkeep]\n|upkeep\n|turn|3\n|\n|t:|1775985555\n|move|p2b: Blastoise|Water Spout|p1a: Audino|[spread] p1a,p1b\n|-resisted|p1b: Slowbro|1\n|-damage|p1a: Audino|0 fnt\n|-damage|p1b: Slowbro|45/100\n|faint|p1a: Audino\n|move|p2a: Kingambit|Poison Jab|p1b: Slowbro\n|-damage|p1b: Slowbro|34/100\n|move|p1b: Slowbro|Calm Mind|p1b: Slowbro\n|-boost|p1b: Slowbro|spa|2\n|-boost|p1b: Slowbro|spd|2\n|\n|-weather|RainDance|[upkeep]\n|-end|p2a: Kingambit|move: Yawn|[silent]\n|-status|p2a: Kingambit|slp\n|upkeep\n|\n|t:|1775985563\n|switch|p1a: Vaporeon|Vaporeon, L50, F|100/100\n|turn|4\n|\n|t:|1775985575\n|move|p2b: Blastoise|Rock Slide|p1a: Vaporeon|[spread] p1a,p1b\n|-damage|p1a: Vaporeon|74/100\n|-damage|p1b: Slowbro|29/100\n|move|p1a: Vaporeon|Aqua Ring|p1a: Vaporeon\n|-start|p1a: Vaporeon|Aqua Ring\n|cant|p2a: Kingambit|slp\n|move|p1b: Slowbro|Surf|p2b: Blastoise|[spread] p2a,p2b\n|-heal|p1a: Vaporeon|99/100|[from] ability: Water Absorb|[of] p1b: Slowbro\n|-resisted|p2b: Blastoise|1\n|-damage|p2a: Kingambit|0 fnt\n|-damage|p2b: Blastoise|31/100\n|faint|p2a: Kingambit\n|\n|-weather|RainDance|[upkeep]\n|-heal|p1a: Vaporeon|100/100|[from] Aqua Ring\n|upkeep\n|\n|t:|1775985592\n|switch|p2a: Pelipper|Pelipper, L50, M|100/100\n|turn|5\n|\n|t:|1775985605\n|move|p2a: Pelipper|Protect|p2a: Pelipper\n|-singleturn|p2a: Pelipper|Protect\n|move|p2b: Blastoise|Rock Slide|p1a: Vaporeon|[spread] p1a,p1b\n|-damage|p1a: Vaporeon|72/100\n|-damage|p1b: Slowbro|24/100\n|cant|p1a: Vaporeon|flinch\n|cant|p1b: Slowbro|flinch\n|\n|-weather|none\n|-heal|p1a: Vaporeon|78/100|[from] Aqua Ring\n|upkeep\n|turn|6\n|\n|t:|1775985626\n|move|p2b: Blastoise|Rock Slide|p1a: Vaporeon|[spread] p1a,p1b\n|-crit|p1b: Slowbro\n|-damage|p1a: Vaporeon|49/100\n|-damage|p1b: Slowbro|5/100\n|-enditem|p1a: Vaporeon|Sitrus Berry|[eat]\n|-heal|p1a: Vaporeon|74/100|[from] item: Sitrus Berry\n|move|p2a: Pelipper|Weather Ball|p1a: Vaporeon\n|-damage|p1a: Vaporeon|66/100\n|move|p1a: Vaporeon|Calm Mind|p1a: Vaporeon\n|-boost|p1a: Vaporeon|spa|1\n|-boost|p1a: Vaporeon|spd|1\n|move|p1b: Slowbro|Surf|p2b: Blastoise|[spread] p2a,p2b\n|-heal|p1a: Vaporeon|91/100|[from] ability: Water Absorb|[of] p1b: Slowbro\n|-resisted|p2a: Pelipper|1\n|-resisted|p2b: Blastoise|1\n|-damage|p2a: Pelipper|23/100\n|-damage|p2b: Blastoise|0 fnt\n|faint|p2b: Blastoise\n|\n|-heal|p1a: Vaporeon|97/100|[from] Aqua Ring\n|upkeep\n|\n|t:|1775985643\n|switch|p2b: Basculegion|Basculegion, L50, M|100/100\n|turn|7\n|\n|t:|1775985653\n|move|p2a: Pelipper|Weather Ball|p1a: Vaporeon\n|-damage|p1a: Vaporeon|92/100\n|move|p2b: Basculegion|Last Respects|p1b: Slowbro\n|-supereffective|p1b: Slowbro|1\n|-crit|p1b: Slowbro\n|-damage|p1b: Slowbro|0 fnt\n|faint|p1b: Slowbro\n|move|p1a: Vaporeon|Stored Power|p2b: Basculegion\n|-damage|p2b: Basculegion|74/100\n|\n|-heal|p1a: Vaporeon|98/100|[from] Aqua Ring\n|upkeep\n|\n|t:|1775985659\n|switch|p1b: Tsareena|Tsareena, L50, F|100/100\n|turn|8\n|\n|t:|1775985671\n|move|p2b: Basculegion|Protect|p2b: Basculegion\n|-singleturn|p2b: Basculegion|Protect\n|move|p2a: Pelipper|Tailwind|p2a: Pelipper\n|-sidestart|p2: iamquencher|move: Tailwind\n|move|p1b: Tsareena|Knock Off|p2b: Basculegion\n|-activate|p2b: Basculegion|move: Protect\n|move|p1a: Vaporeon|Calm Mind|p1a: Vaporeon\n|-boost|p1a: Vaporeon|spa|1\n|-boost|p1a: Vaporeon|spd|1\n|\n|-heal|p1a: Vaporeon|100/100|[from] Aqua Ring\n|upkeep\n|turn|9\n|\n|t:|1775985685\n|move|p1b: Tsareena|Protect|p1b: Tsareena\n|-singleturn|p1b: Tsareena|Protect\n|move|p2a: Pelipper|U-turn|p1b: Tsareena\n|-activate|p1b: Tsareena|move: Protect\n|move|p2b: Basculegion|Last Respects|p1b: Tsareena\n|-activate|p1b: Tsareena|move: Protect\n|move|p1a: Vaporeon|Calm Mind|p1a: Vaporeon\n|-boost|p1a: Vaporeon|spa|1\n|-boost|p1a: Vaporeon|spd|1\n|\n|upkeep\n|turn|10\n|\n|t:|1775985714\n|move|p2a: Pelipper|Weather Ball|p1b: Tsareena\n|-damage|p1b: Tsareena|87/100\n|move|p2b: Basculegion|Last Respects|p1b: Tsareena\n|-damage|p1b: Tsareena|9/100\n|move|p1b: Tsareena|Knock Off|p2b: Basculegion\n|-supereffective|p2b: Basculegion|1\n|-damage|p2b: Basculegion|0 fnt\n|-enditem|p2b: Basculegion|Mystic Water|[from] move: Knock Off|[of] p1b: Tsareena\n|faint|p2b: Basculegion\n|move|p1a: Vaporeon|Stored Power|p2a: Pelipper\n|-damage|p2a: Pelipper|0 fnt\n|faint|p2a: Pelipper\n|\n|win|Gaby Glytxii\n|raw|Gaby Glytxii's rating: 1070 &rarr; <strong>1094</strong><br />(+24 for winning)\n|raw|iamquencher's rating: 1000 &rarr; <strong>1000</strong><br />(+0 for losing)\n|l|\u2606iamquencher\n|player|p2|\n",
  "uploadtime": 1775985730,
  "views": 27,
  "formatid": "gen9championsvgc2026regma",
  "rating": 1000,
  "private": 0,
  "password": null
}