{
  "id": "gen9championsvgc2026regma-2588708697",
  "format": "[Gen 9 Champions] VGC 2026 Reg M-A",
  "players": [
    "tuki430",
    "Snipado"
  ],
  "log": "|j|\u2606tuki430\n|j|\u2606Snipado\n|t:|1776660328\n|gametype|doubles\n|player|p1|tuki430|pokemaniac|1145\n|player|p2|Snipado|hiker-gen4|1113\n|gen|9\n|tier|[Gen 9 Champions] VGC 2026 Reg M-A\n|rated|\n|rule|Species Clause: Limit one of each Pok\u00e9mon\n|rule|Item Clause: Limit 1 of each item\n|clearpoke\n|poke|p1|Aegislash, L50, M, shiny|\n|poke|p1|Tyranitar, L50, F, shiny|\n|poke|p1|Garchomp, L50, F, shiny|\n|poke|p1|Kingambit, L50, M, shiny|\n|poke|p1|Excadrill, L50, F, shiny|\n|poke|p1|Arcanine-Hisui, L50, F, shiny|\n|poke|p2|Gardevoir, L50, F, shiny|\n|poke|p2|Garchomp, L50, F|\n|poke|p2|Kingambit, L50, F|\n|poke|p2|Basculegion, L50, M|\n|poke|p2|Maushold-Four, L50|\n|poke|p2|Talonflame, L50, M|\n|teampreview|4\n|\n|t:|1776660346\n|teamsize|p1|4\n|teamsize|p2|4\n|start\n|switch|p1a: Tyranitar|Tyranitar, L50, F, shiny|100/100\n|switch|p1b: Arcanine|Arcanine-Hisui, L50, F, shiny|100/100\n|switch|p2a: Garchomp|Garchomp, L50, F|100/100\n|switch|p2b: Talonflame|Talonflame, L50, M|100/100\n|-weather|Sandstorm|[from] ability: Sand Stream|[of] p1a: Tyranitar\n|turn|1\n|\n|t:|1776660366\n|detailschange|p1a: Tyranitar|Tyranitar-Mega, L50, F, shiny\n|-mega|p1a: Tyranitar|Tyranitar|Tyranitarite\n|move|p1b: Arcanine|Extreme Speed|p2b: Talonflame\n|-damage|p2b: Talonflame|67/100\n|move|p2b: Talonflame|Tailwind|p2b: Talonflame\n|-sidestart|p2: Snipado|move: Tailwind\n|move|p2a: Garchomp|Earthquake|p1a: Tyranitar|[spread] p1a,p1b\n|-immune|p2b: Talonflame\n|-supereffective|p1a: Tyranitar|1\n|-supereffective|p1b: Arcanine|2\n|-damage|p1a: Tyranitar|44/100\n|-damage|p1b: Arcanine|0 fnt\n|faint|p1b: Arcanine\n|move|p1a: Tyranitar|Rock Slide|p2b: Talonflame|[spread] p2a,p2b\n|-resisted|p2a: Garchomp|1\n|-supereffective|p2b: Talonflame|2\n|-damage|p2a: Garchomp|81/100\n|-damage|p2b: Talonflame|0 fnt\n|faint|p2b: Talonflame\n|\n|-weather|Sandstorm|[upkeep]\n|-heal|p2a: Garchomp|87/100|[from] item: Leftovers\n|upkeep\n|\n|t:|1776660393\n|switch|p2b: Gardevoir|Gardevoir, L50, F, shiny|100/100\n|switch|p1b: Garchomp|Garchomp, L50, F, shiny|100/100\n|turn|2\n|\n|t:|1776660412\n|move|p2a: Garchomp|Earthquake|p1a: Tyranitar|[spread] p1a\n|-activate|p2b: Gardevoir|ability: Telepathy\n|-miss|p2a: Garchomp|p1b: Garchomp\n|-supereffective|p1a: Tyranitar|1\n|-damage|p1a: Tyranitar|0 fnt\n|faint|p1a: Tyranitar\n|move|p2b: Gardevoir|Psyshock|p1b: Garchomp\n|-damage|p1b: Garchomp|53/100\n|move|p1b: Garchomp|Dragon Claw|p2a: Garchomp\n|-supereffective|p2a: Garchomp|1\n|-damage|p2a: Garchomp|8/100\n|-damage|p1b: Garchomp|41/100|[from] ability: Rough Skin|[of] p2a: Garchomp\n|\n|-weather|Sandstorm|[upkeep]\n|-damage|p2b: Gardevoir|95/100|[from] Sandstorm\n|-heal|p2a: Garchomp|14/100|[from] item: Leftovers\n|upkeep\n|\n|t:|1776660427\n|switch|p1a: Aegislash|Aegislash, L50, M, shiny|100/100\n|turn|3\n|\n|t:|1776660447\n|detailschange|p2b: Gardevoir|Gardevoir-Mega, L50, F, shiny\n|-mega|p2b: Gardevoir|Gardevoir|Gardevoirite\n|move|p2a: Garchomp|Protect|p2a: Garchomp\n|-singleturn|p2a: Garchomp|Protect\n|move|p1b: Garchomp|Protect|p1b: Garchomp\n|-singleturn|p1b: Garchomp|Protect\n|-formechange|p1a: Aegislash|Aegislash-Blade|\n|move|p1a: Aegislash|Shadow Sneak|p2a: Garchomp\n|-activate|p2a: Garchomp|move: Protect\n|move|p2b: Gardevoir|Hyper Voice|p1b: Garchomp|[spread] p1a\n|-activate|p1b: Garchomp|move: Protect\n|-resisted|p1a: Aegislash|1\n|-damage|p1a: Aegislash|62/100\n|\n|-weather|Sandstorm|[upkeep]\n|-damage|p2b: Gardevoir|89/100|[from] Sandstorm\n|-heal|p2a: Garchomp|20/100|[from] item: Leftovers\n|-heal|p1a: Aegislash|68/100|[from] item: Leftovers\n|upkeep\n|turn|4\n|\n|t:|1776660481\n|-formechange|p1a: Aegislash|Aegislash|\n|move|p1a: Aegislash|King's Shield|p1a: Aegislash\n|-singleturn|p1a: Aegislash|Protect\n|move|p2a: Garchomp|Dragon Claw|p1b: Garchomp\n|-supereffective|p1b: Garchomp|1\n|-damage|p1b: Garchomp|0 fnt\n|faint|p1b: Garchomp\n|move|p2b: Gardevoir|Hyper Voice|p1a: Aegislash\n|-activate|p1a: Aegislash|move: Protect\n|\n|-weather|Sandstorm|[upkeep]\n|-damage|p2b: Gardevoir|83/100|[from] Sandstorm\n|-heal|p2a: Garchomp|27/100|[from] item: Leftovers\n|-heal|p1a: Aegislash|73/100|[from] item: Leftovers\n|-sideend|p2: Snipado|move: Tailwind\n|upkeep\n|turn|5\n|\n|t:|1776660506\n|move|p2b: Gardevoir|Protect|p2b: Gardevoir\n|-singleturn|p2b: Gardevoir|Protect\n|move|p2a: Garchomp|Earthquake|p1a: Aegislash|[spread] p1a\n|-activate|p2b: Gardevoir|move: Protect\n|-supereffective|p1a: Aegislash|1\n|-damage|p1a: Aegislash|17/100\n|-formechange|p1a: Aegislash|Aegislash-Blade|\n|move|p1a: Aegislash|Shadow Ball|p2a: Garchomp\n|-damage|p2a: Garchomp|0 fnt\n|faint|p2a: Garchomp\n|\n|-weather|none\n|-heal|p1a: Aegislash|22/100|[from] item: Leftovers\n|upkeep\n|\n|t:|1776660518\n|switch|p2a: Basculegion|Basculegion, L50, M|100/100\n|turn|6\n|\n|t:|1776660528\n|move|p2a: Basculegion|Protect|p2a: Basculegion\n|-singleturn|p2a: Basculegion|Protect\n|-formechange|p1a: Aegislash|Aegislash|\n|move|p1a: Aegislash|King's Shield|p1a: Aegislash\n|-singleturn|p1a: Aegislash|Protect\n|move|p2b: Gardevoir|Psyshock|p1a: Aegislash\n|-activate|p1a: Aegislash|move: Protect\n|\n|-heal|p1a: Aegislash|28/100|[from] item: Leftovers\n|upkeep\n|turn|7\n|\n|t:|1776660544\n|move|p2a: Basculegion|Aqua Jet|p1a: Aegislash\n|-damage|p1a: Aegislash|6/100\n|-formechange|p1a: Aegislash|Aegislash-Blade|\n|move|p1a: Aegislash|Shadow Sneak|p2b: Gardevoir\n|-supereffective|p2b: Gardevoir|1\n|-damage|p2b: Gardevoir|32/100\n|move|p2b: Gardevoir|Psyshock|p1a: Aegislash\n|-resisted|p1a: Aegislash|1\n|-damage|p1a: Aegislash|0 fnt\n|faint|p1a: Aegislash\n|\n|win|Snipado\n|raw|tuki430's rating: 1145 &rarr; <strong>1118</strong><br />(-27 for losing)\n|raw|Snipado's rating: 1113 &rarr; <strong>1140</strong><br />(+27 for winning)\n|l|\u2606tuki430\n|player|p1|\n",
  "uploadtime": 1776661198,
  "views": 6,
  "formatid": "gen9championsvgc2026regma",
  "rating": 1118,
  "private": 0,
  "password": null
}