{
  "id": "gen9championsvgc2026regma-2580547962",
  "format": "[Gen 9 Champions] VGC 2026 Reg M-A",
  "players": [
    "mashuno",
    "space9982"
  ],
  "log": "|j|\u2606mashuno\n|j|\u2606space9982\n|t:|1775911531\n|gametype|doubles\n|player|p1|mashuno|harlequin|1099\n|player|p2|space9982|170|1156\n|gen|9\n|tier|[Gen 9 Champions] VGC 2026 Reg M-A\n|rated|\n|rule|Species Clause: Limit one of each Pok\u00e9mon\n|rule|Item Clause: Limit 1 of each item\n|clearpoke\n|poke|p1|Pelipper, L50, F|\n|poke|p1|Blastoise, L50, M|\n|poke|p1|Sneasler, L50, M|\n|poke|p1|Sinistcha, L50|\n|poke|p1|Aerodactyl, L50, M|\n|poke|p1|Archaludon, L50, M|\n|poke|p2|Charizard, L50, M|\n|poke|p2|Whimsicott, L50, F|\n|poke|p2|Garchomp, L50, M|\n|poke|p2|Sneasler, L50, M|\n|poke|p2|Incineroar, L50, M|\n|poke|p2|Rotom-Wash, L50|\n|teampreview|4\n|inactive|Battle timer is ON: inactive players will automatically lose when time's up. (requested by space9982)\n|c|\u2606mashuno|gl hf <3\n|inactive|mashuno has 60 seconds left.\n|inactive|space9982 has 60 seconds left.\n|\n|t:|1775911587\n|teamsize|p1|4\n|teamsize|p2|4\n|start\n|switch|p1a: Morgans|Pelipper, L50, F|100/100\n|switch|p1b: Junketsu|Archaludon, L50, M|100/100\n|switch|p2a: Sneasler|Sneasler, L50, M, shiny|100/100\n|switch|p2b: Garchomp|Garchomp, L50, M, shiny|100/100\n|-weather|RainDance|[from] ability: Drizzle|[of] p1a: Morgans\n|turn|1\n|inactive|mashuno has 30 seconds left.\n|\n|t:|1775911615\n|move|p1b: Junketsu|Protect|p1b: Junketsu\n|-singleturn|p1b: Junketsu|Protect\n|move|p2a: Sneasler|Fake Out|p1b: Junketsu\n|-activate|p1b: Junketsu|move: Protect\n|move|p2b: Garchomp|Rock Slide|p1a: Morgans|[spread] p1a\n|-activate|p1b: Junketsu|move: Protect\n|-supereffective|p1a: Morgans|1\n|-damage|p1a: Morgans|53/100\n|move|p1a: Morgans|Tailwind|p1a: Morgans\n|-sidestart|p1: mashuno|move: Tailwind\n|\n|-weather|RainDance|[upkeep]\n|upkeep\n|turn|2\n|\n|t:|1775911633\n|switch|p1a: Iroh|Sinistcha, L50|100/100\n|move|p2b: Garchomp|Rock Slide|p1b: Junketsu|[spread] p1a,p1b\n|-resisted|p1b: Junketsu|1\n|-damage|p1a: Iroh|84/100\n|-damage|p1b: Junketsu|94/100\n|-ability|p1b: Junketsu|Stamina|boost\n|-boost|p1b: Junketsu|def|1\n|move|p1b: Junketsu|Draco Meteor|p2b: Garchomp\n|-supereffective|p2b: Garchomp|1\n|-damage|p2b: Garchomp|0 fnt\n|-unboost|p1b: Junketsu|spa|2\n|faint|p2b: Garchomp\n|move|p2a: Sneasler|Close Combat|p1b: Junketsu\n|-supereffective|p1b: Junketsu|1\n|-damage|p1b: Junketsu|34/100\n|-unboost|p2a: Sneasler|def|1\n|-unboost|p2a: Sneasler|spd|1\n|-ability|p1b: Junketsu|Stamina|boost\n|-boost|p1b: Junketsu|def|1\n|-enditem|p2a: Sneasler|White Herb\n|-clearnegativeboost|p2a: Sneasler|[silent]\n|\n|-weather|RainDance|[upkeep]\n|upkeep\n|inactive|space9982 has 30 seconds left.\n|\n|t:|1775911663\n|switch|p2b: Charizard|Charizard, L50, M, shiny|100/100\n|turn|3\n|inactive|mashuno has 30 seconds left.\n|inactive|mashuno has 20 seconds left.\n|inactive|mashuno has 15 seconds left.\n|inactive|mashuno has 10 seconds left.\n|inactive|mashuno has 5 seconds left.\n|\n|t:|1775911714\n|switch|p2a: Whimsicott|Whimsicott, L50, F, shiny|100/100\n|switch|p1a: Blastoise|Blastoise, L50, M|100/100\n|detailschange|p2b: Charizard|Charizard-Mega-Y, L50, M, shiny\n|-mega|p2b: Charizard|Charizard|Charizardite Y\n|-weather|SunnyDay|[from] ability: Drought|[of] p2b: Charizard\n|move|p1b: Junketsu|Draco Meteor|p2b: Charizard\n|-damage|p2b: Charizard|68/100\n|-unboost|p1b: Junketsu|spa|2\n|move|p2b: Charizard|Heat Wave|p1b: Junketsu|[spread] p1a,p1b\n|-resisted|p1a: Blastoise|1\n|-damage|p1a: Blastoise|69/100\n|-damage|p1b: Junketsu|0 fnt\n|-status|p1a: Blastoise|brn\n|faint|p1b: Junketsu\n|\n|-weather|SunnyDay|[upkeep]\n|-damage|p1a: Blastoise|63/100 brn|[from] brn\n|upkeep\n|\n|t:|1775911733\n|switch|p1b: Morgans|Pelipper, L50, F|53/100\n|-weather|RainDance|[from] ability: Drizzle|[of] p1b: Morgans\n|turn|4\n|\n|t:|1775911743\n|detailschange|p1a: Blastoise|Blastoise-Mega, L50, M\n|-mega|p1a: Blastoise|Blastoise|Blastoisinite\n|move|p1b: Morgans|Helping Hand|p1a: Blastoise\n|-singleturn|p1a: Blastoise|Helping Hand|[of] p1b: Morgans\n|move|p2b: Charizard|Protect|p2b: Charizard\n|-singleturn|p2b: Charizard|Protect\n|move|p2a: Whimsicott|Sunny Day|p2a: Whimsicott\n|-weather|SunnyDay\n|move|p1a: Blastoise|Water Pulse|p2b: Charizard\n|-activate|p2b: Charizard|move: Protect\n|\n|-weather|SunnyDay|[upkeep]\n|-damage|p1a: Blastoise|57/100 brn|[from] brn\n|-sideend|p1: mashuno|move: Tailwind\n|upkeep\n|turn|5\n|inactive|mashuno has 30 seconds left.\n|inactive|mashuno has 20 seconds left.\n|inactive|mashuno has 15 seconds left.\n|\n|t:|1775911784\n|switch|p1b: Iroh|Sinistcha, L50|84/100\n|-heal|p1a: Blastoise|82/100 brn|[from] ability: Hospitality|[of] p1b: Iroh\n|move|p1a: Blastoise|Protect|p1a: Blastoise\n|-singleturn|p1a: Blastoise|Protect\n|move|p2a: Whimsicott|Tailwind|p2a: Whimsicott\n|-sidestart|p2: space9982|move: Tailwind\n|move|p2b: Charizard|Solar Beam||[still]\n|-prepare|p2b: Charizard|Solar Beam\n|-anim|p2b: Charizard|Solar Beam|p1a: Blastoise\n|-activate|p1a: Blastoise|move: Protect\n|\n|-weather|SunnyDay|[upkeep]\n|-damage|p1a: Blastoise|75/100 brn|[from] brn\n|upkeep\n|turn|6\n|\n|t:|1775911805\n|switch|p1a: Morgans|Pelipper, L50, F|53/100\n|-weather|RainDance|[from] ability: Drizzle|[of] p1a: Morgans\n|move|p2a: Whimsicott|Sunny Day|p2a: Whimsicott\n|-weather|SunnyDay\n|move|p2b: Charizard|Solar Beam||[still]\n|-prepare|p2b: Charizard|Solar Beam\n|-anim|p2b: Charizard|Solar Beam|p1a: Morgans\n|-damage|p1a: Morgans|2/100\n|move|p1b: Iroh|Trick Room|p1b: Iroh\n|-fieldstart|move: Trick Room|[of] p1b: Iroh\n|\n|-weather|SunnyDay|[upkeep]\n|upkeep\n|turn|7\n|inactive|mashuno has 30 seconds left.\n|\n|t:|1775911833\n|move|p2a: Whimsicott|Encore|p1b: Iroh\n|-start|p1b: Iroh|Encore\n|move|p1a: Morgans|Weather Ball|p2a: Whimsicott\n|-supereffective|p2a: Whimsicott|1\n|-enditem|p2a: Whimsicott|Focus Sash\n|-damage|p2a: Whimsicott|1/100\n|move|p2b: Charizard|Heat Wave|p1b: Iroh|[spread] p1a,p1b\n|-resisted|p1a: Morgans|1\n|-supereffective|p1b: Iroh|1\n|-damage|p1a: Morgans|0 fnt\n|-damage|p1b: Iroh|0 fnt\n|faint|p1a: Morgans\n|faint|p1b: Iroh\n|\n|-weather|SunnyDay|[upkeep]\n|upkeep\n|\n|t:|1775911847\n|switch|p1b: Blastoise|Blastoise-Mega, L50, M|75/100 brn\n|turn|8\n|c|\u2606mashuno|gg\n|inactive|space9982 has 30 seconds left.\n|\n|t:|1775911873\n|move|p1b: Blastoise|Water Pulse|p2b: Charizard\n|-supereffective|p2b: Charizard|1\n|-damage|p2b: Charizard|19/100\n|move|p2b: Charizard|Solar Beam||[still]\n|-prepare|p2b: Charizard|Solar Beam\n|-anim|p2b: Charizard|Solar Beam|p1b: Blastoise\n|-supereffective|p1b: Blastoise|1\n|-crit|p1b: Blastoise\n|-damage|p1b: Blastoise|0 fnt\n|faint|p1b: Blastoise\n|\n|win|space9982\n|raw|mashuno's rating: 1099 &rarr; <strong>1078</strong><br />(-21 for losing)\n|raw|space9982's rating: 1156 &rarr; <strong>1177</strong><br />(+21 for winning)\n|l|\u2606mashuno\n|player|p1|\n|l|\u2606space9982\n|player|p2|\n|j|\u2606space9982\n|player|p2|space9982|170|\n",
  "uploadtime": 1775911947,
  "views": 43,
  "formatid": "gen9championsvgc2026regma",
  "rating": 1078,
  "private": 0,
  "password": null
}