{
  "id": "gen9championsvgc2026regma-2584446959",
  "format": "[Gen 9 Champions] VGC 2026 Reg M-A",
  "players": [
    "mabardo777",
    "Miguial"
  ],
  "log": "|j|\u2606mabardo777\n|j|\u2606Miguial\n|t:|1776261486\n|gametype|doubles\n|player|p1|mabardo777|gardenia|1225\n|player|p2|Miguial|169|1318\n|gen|9\n|tier|[Gen 9 Champions] VGC 2026 Reg M-A\n|rated|\n|rule|Species Clause: Limit one of each Pok\u00e9mon\n|rule|Item Clause: Limit 1 of each item\n|clearpoke\n|poke|p1|Charizard, L50, M|\n|poke|p1|Venusaur, L50, F|\n|poke|p1|Garchomp, L50, F|\n|poke|p1|Rotom-Wash, L50|\n|poke|p1|Incineroar, L50, F|\n|poke|p1|Sneasler, L50, F|\n|poke|p2|Pelipper, L50, F|\n|poke|p2|Basculegion, L50, M|\n|poke|p2|Milotic, L50, M|\n|poke|p2|Dragonite, L50, F|\n|poke|p2|Archaludon, L50, M|\n|poke|p2|Incineroar, L50, M|\n|teampreview|4\n|j| VegitoSKBEST\n|inactive|Battle timer is ON: inactive players will automatically lose when time's up. (requested by Miguial)\n|\n|t:|1776261515\n|teamsize|p1|4\n|teamsize|p2|4\n|start\n|switch|p1a: Charizard|Charizard, L50, M, shiny|100/100\n|switch|p1b: Venusaur|Venusaur, L50, F|100/100\n|switch|p2a: Pelipper|Pelipper, L50, F|100/100\n|switch|p2b: Archaludon|Archaludon, L50, M|100/100\n|-weather|RainDance|[from] ability: Drizzle|[of] p2a: Pelipper\n|turn|1\n|inactive|Miguial has 30 seconds left.\n|inactive|Miguial has 20 seconds left.\n|inactive|Miguial has 15 seconds left.\n|inactive|Miguial has 10 seconds left.\n|\n|t:|1776261561\n|detailschange|p1a: Charizard|Charizard-Mega-Y, L50, M, shiny\n|-mega|p1a: Charizard|Charizard|Charizardite Y\n|-weather|SunnyDay|[from] ability: Drought|[of] p1a: Charizard\n|move|p2b: Archaludon|Protect|p2b: Archaludon\n|-singleturn|p2b: Archaludon|Protect\n|move|p1b: Venusaur|Sleep Powder|p2a: Pelipper\n|-status|p2a: Pelipper|slp|[from] move: Sleep Powder\n|move|p1a: Charizard|Weather Ball|p2b: Archaludon\n|-activate|p2b: Archaludon|move: Protect\n|cant|p2a: Pelipper|slp\n|\n|-weather|SunnyDay|[upkeep]\n|upkeep\n|turn|2\n|inactive|Miguial has 30 seconds left.\n|\n|t:|1776261595\n|switch|p1a: Rotom|Rotom-Wash, L50|100/100\n|switch|p2a: Dragonite|Dragonite, L50, F|100/100\n|move|p1b: Venusaur|Sludge Bomb|p2a: Dragonite\n|-damage|p2a: Dragonite|77/100\n|move|p2b: Archaludon|Flash Cannon|p1b: Venusaur\n|-damage|p1b: Venusaur|48/100\n|\n|-weather|SunnyDay|[upkeep]\n|upkeep\n|turn|3\n|\n|t:|1776261619\n|switch|p2b: Pelipper|Pelipper, L50, F|100/100 slp\n|-weather|RainDance|[from] ability: Drizzle|[of] p2b: Pelipper\n|detailschange|p2a: Dragonite|Dragonite-Mega, L50, F\n|-mega|p2a: Dragonite|Dragonite|Dragoninite\n|move|p2a: Dragonite|Draco Meteor|p1a: Rotom\n|-crit|p1a: Rotom\n|-damage|p1a: Rotom|0 fnt\n|-unboost|p2a: Dragonite|spa|2\n|faint|p1a: Rotom\n|move|p1b: Venusaur|Sleep Powder|p2a: Dragonite\n|-status|p2a: Dragonite|slp|[from] move: Sleep Powder\n|\n|-weather|RainDance|[upkeep]\n|upkeep\n|\n|t:|1776261633\n|switch|p1a: Garchomp|Garchomp, L50, F|100/100\n|turn|4\n|\n|t:|1776261645\n|move|p1a: Garchomp|Rock Slide|p2b: Pelipper|[spread] p2a,p2b\n|-supereffective|p2a: Dragonite|1\n|-supereffective|p2b: Pelipper|1\n|-damage|p2a: Dragonite|33/100 slp\n|-damage|p2b: Pelipper|46/100 slp\n|cant|p2a: Dragonite|slp\n|move|p1b: Venusaur|Sludge Bomb|p2a: Dragonite\n|-damage|p2a: Dragonite|0 fnt\n|faint|p2a: Dragonite\n|cant|p2b: Pelipper|slp\n|\n|-weather|RainDance|[upkeep]\n|upkeep\n|\n|t:|1776261662\n|switch|p2a: Basculegion|Basculegion, L50, M|100/100\n|turn|5\n|\n|t:|1776261669\n|switch|p1a: Charizard|Charizard-Mega-Y, L50, M, shiny|100/100\n|-weather|SunnyDay|[from] ability: Drought|[of] p1a: Charizard\n|move|p1b: Venusaur|Sleep Powder|p2a: Basculegion|[miss]\n|-miss|p1b: Venusaur|p2a: Basculegion\n|move|p2a: Basculegion|Last Respects|p1b: Venusaur\n|-damage|p1b: Venusaur|0 fnt\n|faint|p1b: Venusaur\n|-curestatus|p2b: Pelipper|slp|[msg]\n|move|p2b: Pelipper|Weather Ball|p1a: Charizard\n|-resisted|p1a: Charizard|1\n|-damage|p1a: Charizard|78/100\n|\n|-weather|SunnyDay|[upkeep]\n|upkeep\n|\n|t:|1776261684\n|switch|p1b: Garchomp|Garchomp, L50, F|100/100\n|turn|6\n|\n|t:|1776261699\n|switch|p2b: Archaludon|Archaludon, L50, M|100/100\n|move|p1b: Garchomp|Rock Slide|p2a: Basculegion|[spread] p2a,p2b\n|-crit|p2a: Basculegion\n|-resisted|p2b: Archaludon|1\n|-damage|p2a: Basculegion|58/100\n|-damage|p2b: Archaludon|92/100\n|-ability|p2b: Archaludon|Stamina|boost\n|-boost|p2b: Archaludon|def|1\n|move|p2a: Basculegion|Last Respects|p1a: Charizard\n|-damage|p1a: Charizard|0 fnt\n|faint|p1a: Charizard\n|\n|-weather|SunnyDay|[upkeep]\n|-heal|p2b: Archaludon|98/100|[from] item: Leftovers\n|upkeep\n|turn|7\n|\n|t:|1776261722\n|move|p1b: Garchomp|Rock Slide|p2a: Basculegion|[spread] p2a,p2b\n|-resisted|p2b: Archaludon|1\n|-crit|p2b: Archaludon\n|-damage|p2a: Basculegion|29/100\n|-damage|p2b: Archaludon|84/100\n|-ability|p2b: Archaludon|Stamina|boost\n|-boost|p2b: Archaludon|def|1\n|move|p2a: Basculegion|Last Respects|p1b: Garchomp\n|-damage|p1b: Garchomp|35/100\n|move|p2b: Archaludon|Draco Meteor|p1b: Garchomp\n|-supereffective|p1b: Garchomp|1\n|-damage|p1b: Garchomp|0 fnt\n|-unboost|p2b: Archaludon|spa|2\n|faint|p1b: Garchomp\n|\n|win|Miguial\n|raw|mabardo777's rating: 1225 &rarr; <strong>1207</strong><br />(-18 for losing)\n|raw|Miguial's rating: 1318 &rarr; <strong>1333</strong><br />(+15 for winning)\n|l|\u2606mabardo777\n|player|p1|\n|l|\u2606Miguial\n|player|p2|\n",
  "uploadtime": 1776262385,
  "views": 29,
  "formatid": "gen9championsvgc2026regma",
  "rating": 1207,
  "private": 0,
  "password": null
}