{
  "id": "gen9championsvgc2026regma-2584318257",
  "format": "[Gen 9 Champions] VGC 2026 Reg M-A",
  "players": [
    "ahmad1234",
    "thefiercedeity"
  ],
  "log": "|j|\u2606ahmad1234\n|j|\u2606thefiercedeity\n|t:|1776250676\n|gametype|doubles\n|player|p1|ahmad1234|265|1156\n|player|p2|thefiercedeity|caitlin|1144\n|gen|9\n|tier|[Gen 9 Champions] VGC 2026 Reg M-A\n|rated|\n|rule|Species Clause: Limit one of each Pok\u00e9mon\n|rule|Item Clause: Limit 1 of each item\n|clearpoke\n|poke|p1|Gallade, L50, M|\n|poke|p1|Whimsicott, L50, F|\n|poke|p1|Delphox, L50, M|\n|poke|p1|Sinistcha-Masterpiece, L50|\n|poke|p1|Garchomp, L50, F|\n|poke|p1|Rotom-Wash, L50|\n|poke|p2|Milotic, L50, F|\n|poke|p2|Sableye, L50, M|\n|poke|p2|Sneasler, L50, F|\n|poke|p2|Garchomp, L50, F|\n|poke|p2|Orthworm, L50, M|\n|poke|p2|Starmie, L50|\n|teampreview|4\n|inactive|Battle timer is ON: inactive players will automatically lose when time's up. (requested by ahmad1234)\n|\n|t:|1776250702\n|teamsize|p1|4\n|teamsize|p2|4\n|start\n|switch|p1a: Whimsicott|Whimsicott, L50, F|100/100\n|switch|p1b: Rotom|Rotom-Wash, L50|100/100\n|switch|p2a: Starmie|Starmie, L50|100/100\n|switch|p2b: Sneasler|Sneasler, L50, F|100/100\n|turn|1\n|\n|t:|1776250715\n|detailschange|p2a: Starmie|Starmie-Mega, L50\n|-mega|p2a: Starmie|Starmie|Starminite\n|move|p1a: Whimsicott|Protect|p1a: Whimsicott\n|-singleturn|p1a: Whimsicott|Protect\n|move|p2b: Sneasler|Fake Out|p1a: Whimsicott\n|-activate|p1a: Whimsicott|move: Protect\n|move|p2a: Starmie|Skill Swap|p2b: Sneasler\n|-activate|p2a: Starmie|Skill Swap|||[of] p2b: Sneasler\n|move|p1b: Rotom|Thunderbolt|p2a: Starmie\n|-supereffective|p2a: Starmie|1\n|-damage|p2a: Starmie|11/100\n|\n|upkeep\n|turn|2\n|inactive|ahmad1234 has 30 seconds left.\n|\n|t:|1776250743\n|switch|p2a: Garchomp|Garchomp, L50, F|100/100\n|move|p1a: Whimsicott|Tailwind|p1a: Whimsicott\n|-sidestart|p1: ahmad1234|move: Tailwind\n|move|p1b: Rotom|Volt Switch|p2a: Garchomp\n|-immune|p2a: Garchomp\n|move|p2b: Sneasler|Dire Claw|p1b: Rotom\n|-damage|p1b: Rotom|0 fnt\n|faint|p1b: Rotom\n|\n|upkeep\n|\n|t:|1776250751\n|switch|p1b: Delphox|Delphox, L50, M|100/100\n|turn|3\n|\n|t:|1776250764\n|detailschange|p1b: Delphox|Delphox-Mega, L50, M\n|-mega|p1b: Delphox|Delphox|Delphoxite\n|move|p2b: Sneasler|Protect|p2b: Sneasler\n|-singleturn|p2b: Sneasler|Protect\n|move|p2a: Garchomp|Protect|p2a: Garchomp\n|-singleturn|p2a: Garchomp|Protect\n|move|p1b: Delphox|Expanding Force|p2b: Sneasler\n|-activate|p2b: Sneasler|move: Protect\n|move|p1a: Whimsicott|Moonblast|p2a: Garchomp\n|-activate|p2a: Garchomp|move: Protect\n|\n|upkeep\n|turn|4\n|inactive|thefiercedeity has 30 seconds left.\n|\n|t:|1776250792\n|move|p1b: Delphox|Heat Wave|p2a: Garchomp|[spread] p2a,p2b\n|-resisted|p2a: Garchomp|1\n|-damage|p2a: Garchomp|78/100\n|-damage|p2b: Sneasler|39/100\n|move|p1a: Whimsicott|Moonblast|p2a: Garchomp\n|-supereffective|p2a: Garchomp|1\n|-damage|p2a: Garchomp|0 fnt\n|faint|p2a: Garchomp\n|move|p2b: Sneasler|Dire Claw|p1b: Delphox\n|-damage|p1b: Delphox|0 fnt\n|faint|p1b: Delphox\n|\n|upkeep\n|\n|t:|1776250805\n|switch|p1b: Garchomp|Garchomp, L50, F|100/100\n|switch|p2a: Sableye|Sableye, L50, M|100/100\n|turn|5\n|\n|t:|1776250818\n|move|p1a: Whimsicott|Protect|p1a: Whimsicott\n|-singleturn|p1a: Whimsicott|Protect\n|move|p2b: Sneasler|Protect|p2b: Sneasler\n|-singleturn|p2b: Sneasler|Protect\n|move|p2a: Sableye|Will-O-Wisp|p1b: Garchomp\n|-status|p1b: Garchomp|brn\n|move|p1b: Garchomp|Earthquake|p2b: Sneasler|[spread] p2a\n|-activate|p1a: Whimsicott|move: Protect\n|-activate|p2b: Sneasler|move: Protect\n|-crit|p2a: Sableye\n|-damage|p2a: Sableye|48/100\n|\n|-damage|p1b: Garchomp|94/100 brn|[from] brn\n|-sideend|p1: ahmad1234|move: Tailwind\n|upkeep\n|turn|6\n|\n|t:|1776250838\n|move|p1a: Whimsicott|Tailwind|p1a: Whimsicott\n|-sidestart|p1: ahmad1234|move: Tailwind\n|move|p2a: Sableye|Quash|p1b: Garchomp\n|-activate|p1b: Garchomp|move: Quash\n|move|p2b: Sneasler|Close Combat|p1b: Garchomp\n|-damage|p1b: Garchomp|0 fnt\n|-unboost|p2b: Sneasler|def|1\n|-unboost|p2b: Sneasler|spd|1\n|-damage|p2b: Sneasler|26/100|[from] ability: Rough Skin|[of] p1b: Garchomp\n|faint|p1b: Garchomp\n|\n|upkeep\n|turn|7\n|\n|t:|1776250853\n|move|p2a: Sableye|Quash|p1a: Whimsicott\n|-activate|p1a: Whimsicott|move: Quash\n|move|p2b: Sneasler|Dire Claw|p1a: Whimsicott\n|-supereffective|p1a: Whimsicott|2\n|-enditem|p1a: Whimsicott|Focus Sash\n|-damage|p1a: Whimsicott|1/100\n|move|p1a: Whimsicott|Moonblast|p2a: Sableye\n|-supereffective|p2a: Sableye|1\n|-damage|p2a: Sableye|0 fnt\n|faint|p2a: Sableye\n|\n|upkeep\n|\n|t:|1776250865\n|switch|p2a: Starmie|Starmie-Mega, L50|11/100\n|turn|8\n|\n|t:|1776250874\n|move|p1a: Whimsicott|Moonblast|p2a: Starmie\n|-damage|p2a: Starmie|0 fnt\n|faint|p2a: Starmie\n|move|p2b: Sneasler|Dire Claw|p1a: Whimsicott\n|-supereffective|p1a: Whimsicott|2\n|-damage|p1a: Whimsicott|0 fnt\n|faint|p1a: Whimsicott\n|\n|win|thefiercedeity\n|raw|ahmad1234's rating: 1156 &rarr; <strong>1130</strong><br />(-26 for losing)\n|raw|thefiercedeity's rating: 1144 &rarr; <strong>1170</strong><br />(+26 for winning)\n|l|\u2606ahmad1234\n|player|p1|\n",
  "uploadtime": 1776250885,
  "views": 43,
  "formatid": "gen9championsvgc2026regma",
  "rating": 1130,
  "private": 0,
  "password": null
}