{
  "id": "gen9championsvgc2026regma-2587440775",
  "format": "[Gen 9 Champions] VGC 2026 Reg M-A",
  "players": [
    "PM77Switch",
    "agent_x001"
  ],
  "log": "|j|\u2606PM77Switch\n|j|\u2606agent_x001\n|t:|1776532032\n|gametype|doubles\n|player|p1|PM77Switch|may-masters3|1116\n|player|p2|agent_x001|102|1031\n|gen|9\n|tier|[Gen 9 Champions] VGC 2026 Reg M-A\n|rated|\n|rule|Species Clause: Limit one of each Pok\u00e9mon\n|rule|Item Clause: Limit 1 of each item\n|clearpoke\n|poke|p1|Blastoise, L50, F|\n|poke|p1|Kingambit, L50, F|\n|poke|p1|Sneasler, L50, M|\n|poke|p1|Aerodactyl, L50, M|\n|poke|p1|Sinistcha, L50|\n|poke|p1|Incineroar, L50, M|\n|poke|p2|Alakazam, L50, M|\n|poke|p2|Meowstic, L50, M|\n|poke|p2|Hydreigon, L50, M|\n|poke|p2|Sinistcha-Masterpiece, L50|\n|poke|p2|Tauros-Paldea-Aqua, L50, M|\n|poke|p2|Corviknight, L50, M|\n|teampreview|4\n|\n|t:|1776532067\n|teamsize|p1|4\n|teamsize|p2|4\n|start\n|switch|p1a: Incineroar|Incineroar, L50, M|100/100\n|switch|p1b: Kingambit|Kingambit, L50, F|100/100\n|switch|p2a: Hydreigon|Hydreigon, L50, M|100/100\n|switch|p2b: Tauros|Tauros-Paldea-Aqua, L50, M|100/100\n|-ability|p2b: Tauros|Intimidate|boost\n|-unboost|p1a: Incineroar|atk|1\n|-unboost|p1b: Kingambit|atk|1\n|-ability|p1b: Kingambit|Defiant|boost\n|-boost|p1b: Kingambit|atk|2\n|-ability|p1a: Incineroar|Intimidate|boost\n|-unboost|p2a: Hydreigon|atk|1\n|-unboost|p2b: Tauros|atk|1\n|turn|1\n|\n|t:|1776532096\n|move|p1a: Incineroar|Fake Out|p2b: Tauros\n|-crit|p2b: Tauros\n|-damage|p2b: Tauros|79/100\n|cant|p2b: Tauros|flinch\n|move|p2a: Hydreigon|Tailwind|p2a: Hydreigon\n|-sidestart|p2: agent_x001|move: Tailwind\n|move|p1b: Kingambit|Iron Head|p2a: Hydreigon\n|-damage|p2a: Hydreigon|24/100\n|\n|upkeep\n|turn|2\n|\n|t:|1776532137\n|move|p2a: Hydreigon|Protect|p2a: Hydreigon\n|-singleturn|p2a: Hydreigon|Protect\n|move|p1b: Kingambit|Sucker Punch||[still]\n|-fail|p1b: Kingambit\n|move|p2b: Tauros|Close Combat|p1b: Kingambit\n|-supereffective|p1b: Kingambit|2\n|-enditem|p1b: Kingambit|Chople Berry|[eat]\n|-enditem|p1b: Kingambit|Chople Berry|[weaken]\n|-damage|p1b: Kingambit|47/100\n|-unboost|p2b: Tauros|def|1\n|-unboost|p2b: Tauros|spd|1\n|move|p1a: Incineroar|Parting Shot|p2b: Tauros\n|-unboost|p2b: Tauros|atk|1\n|-unboost|p2b: Tauros|spa|1\n|\n|t:|1776532153\n|switch|p1a: Sneasler|Sneasler, L50, M|100/100|[from] Parting Shot\n|\n|upkeep\n|turn|3\n|\n|t:|1776532176\n|move|p1a: Sneasler|Fake Out|p2a: Hydreigon\n|-damage|p2a: Hydreigon|8/100\n|move|p1b: Kingambit|Sucker Punch|p2b: Tauros\n|-resisted|p2b: Tauros|1\n|-damage|p2b: Tauros|28/100\n|move|p2b: Tauros|Rock Slide|p1a: Sneasler|[spread] p1a,p1b\n|-resisted|p1a: Sneasler|1\n|-resisted|p1b: Kingambit|1\n|-damage|p1a: Sneasler|93/100\n|-damage|p1b: Kingambit|44/100\n|cant|p2a: Hydreigon|flinch\n|\n|upkeep\n|turn|4\n|\n|t:|1776532244\n|switch|p2b: Meowstic|Meowstic, L50, M|100/100\n|move|p2a: Hydreigon|Protect|p2a: Hydreigon\n|-singleturn|p2a: Hydreigon|Protect\n|move|p1b: Kingambit|Sucker Punch||[still]\n|-fail|p1b: Kingambit\n|move|p1a: Sneasler|Close Combat|p2a: Hydreigon\n|-activate|p2a: Hydreigon|move: Protect\n|\n|-sideend|p2: agent_x001|move: Tailwind\n|upkeep\n|turn|5\n|\n|t:|1776532274\n|move|p2b: Meowstic|Psychic Terrain|p2b: Meowstic\n|-fieldstart|move: Psychic Terrain\n|move|p1a: Sneasler|Close Combat|p2a: Hydreigon\n|-supereffective|p2a: Hydreigon|1\n|-damage|p2a: Hydreigon|0 fnt\n|-unboost|p1a: Sneasler|def|1\n|-unboost|p1a: Sneasler|spd|1\n|faint|p2a: Hydreigon\n|-enditem|p1a: Sneasler|White Herb\n|-clearnegativeboost|p1a: Sneasler|[silent]\n|move|p1b: Kingambit|Kowtow Cleave|p2b: Meowstic\n|-supereffective|p2b: Meowstic|1\n|-enditem|p2b: Meowstic|Focus Sash\n|-damage|p2b: Meowstic|1/100\n|\n|upkeep\n|\n|t:|1776532291\n|switch|p2a: Tauros|Tauros-Paldea-Aqua, L50, M|28/100\n|-ability|p2a: Tauros|Intimidate|boost\n|-unboost|p1a: Sneasler|atk|1\n|-unboost|p1b: Kingambit|atk|1\n|-ability|p1b: Kingambit|Defiant|boost\n|-boost|p1b: Kingambit|atk|2\n|turn|6\n|\n|t:|1776532311\n|switch|p2a: Alakazam|Alakazam, L50, M|100/100\n|move|p2b: Meowstic|Quick Guard|p2b: Meowstic\n|-singleturn|p2b: Meowstic|Quick Guard\n|move|p1a: Sneasler|Dire Claw|p2a: Alakazam\n|-damage|p2a: Alakazam|30/100\n|move|p1b: Kingambit|Kowtow Cleave|p2b: Meowstic\n|-supereffective|p2b: Meowstic|1\n|-damage|p2b: Meowstic|0 fnt\n|faint|p2b: Meowstic\n|\n|upkeep\n|\n|t:|1776532325\n|switch|p2b: Tauros|Tauros-Paldea-Aqua, L50, M|28/100\n|-ability|p2b: Tauros|Intimidate|boost\n|-unboost|p1a: Sneasler|atk|1\n|-unboost|p1b: Kingambit|atk|1\n|-ability|p1b: Kingambit|Defiant|boost\n|-boost|p1b: Kingambit|atk|2\n|turn|7\n|\n|t:|1776532336\n|detailschange|p2a: Alakazam|Alakazam-Mega, L50, M\n|-mega|p2a: Alakazam|Alakazam|Alakazite\n|-ability|p2a: Alakazam|Unburden|Trace|[from] ability: Trace|[of] p1a: Sneasler\n|move|p1a: Sneasler|Dire Claw|p2a: Alakazam\n|-damage|p2a: Alakazam|0 fnt\n|faint|p2a: Alakazam\n|move|p2b: Tauros|Close Combat|p1b: Kingambit\n|-supereffective|p1b: Kingambit|2\n|-damage|p1b: Kingambit|0 fnt\n|-unboost|p2b: Tauros|def|1\n|-unboost|p2b: Tauros|spd|1\n|faint|p1b: Kingambit\n|\n|upkeep\n|\n|t:|1776532346\n|switch|p1b: Blastoise|Blastoise, L50, F|100/100\n|turn|8\n|-message|agent_x001 forfeited.\n|\n|win|PM77Switch\n|raw|PM77Switch's rating: 1116 &rarr; <strong>1135</strong><br />(+19 for winning)\n|raw|agent_x001's rating: 1031 &rarr; <strong>1020</strong><br />(-11 for losing)\n|l|\u2606agent_x001\n|player|p2|\n",
  "uploadtime": 1776532358,
  "views": 18,
  "formatid": "gen9championsvgc2026regma",
  "rating": 1020,
  "private": 0,
  "password": null
}