{
  "id": "gen9championsvgc2026regma-2584730044",
  "format": "[Gen 9 Champions] VGC 2026 Reg M-A",
  "players": [
    "davidelgafe",
    "bobstoni"
  ],
  "log": "|j|\u2606davidelgafe\n|j|\u2606bobstoni\n|t:|1776279598\n|gametype|doubles\n|player|p1|davidelgafe|blue|1115\n|player|p2|bobstoni|170|1134\n|gen|9\n|tier|[Gen 9 Champions] VGC 2026 Reg M-A\n|rated|\n|rule|Species Clause: Limit one of each Pok\u00e9mon\n|rule|Item Clause: Limit 1 of each item\n|clearpoke\n|poke|p1|Charizard, L50, F|\n|poke|p1|Venusaur, L50, M|\n|poke|p1|Sneasler, L50, M|\n|poke|p1|Farigiraf, L50, M|\n|poke|p1|Tauros-Paldea-Aqua, L50, M|\n|poke|p1|Dragonite, L50, M|\n|poke|p2|Aerodactyl, L50, F|\n|poke|p2|Basculegion, L50, M|\n|poke|p2|Sneasler, L50, M|\n|poke|p2|Floette-Eternal, L50, F|\n|poke|p2|Aegislash, L50, M|\n|poke|p2|Kingambit, L50, M|\n|teampreview|4\n|\n|t:|1776279639\n|teamsize|p1|4\n|teamsize|p2|4\n|start\n|switch|p1a: Tauros|Tauros-Paldea-Aqua, L50, M|100/100\n|switch|p1b: Farigiraf|Farigiraf, L50, M|100/100\n|switch|p2a: Aerodactyl|Aerodactyl, L50, F|100/100\n|switch|p2b: Basculegion|Basculegion, L50, M|100/100\n|-ability|p2a: Aerodactyl|Unnerve\n|-ability|p1a: Tauros|Intimidate|boost\n|-unboost|p2a: Aerodactyl|atk|1\n|-unboost|p2b: Basculegion|atk|1\n|turn|1\n|\n|t:|1776279662\n|move|p1b: Farigiraf|Helping Hand|p1a: Tauros\n|-singleturn|p1a: Tauros|Helping Hand|[of] p1b: Farigiraf\n|move|p2a: Aerodactyl|Protect|p2a: Aerodactyl\n|-singleturn|p2a: Aerodactyl|Protect\n|move|p1a: Tauros|Wild Charge|p2b: Basculegion\n|-supereffective|p2b: Basculegion|1\n|-damage|p2b: Basculegion|0 fnt\n|faint|p2b: Basculegion\n|-damage|p1a: Tauros|69/100|[from] Recoil\n|\n|upkeep\n|\n|t:|1776279673\n|switch|p2b: Floette|Floette-Eternal, L50, F|100/100\n|turn|2\n|l|\u2606davidelgafe\n|player|p1|\n|j|\u2606davidelgafe\n|player|p1|davidelgafe|blue|\n|\n|t:|1776279694\n|detailschange|p2b: Floette|Floette-Mega, L50, F\n|-mega|p2b: Floette|Floette|Floettite\n|-ability|p2b: Floette|Fairy Aura\n|move|p1b: Farigiraf|Helping Hand|p1a: Tauros\n|-singleturn|p1a: Tauros|Helping Hand|[of] p1b: Farigiraf\n|move|p1a: Tauros|Wild Charge|p2a: Aerodactyl\n|-supereffective|p2a: Aerodactyl|1\n|-enditem|p2a: Aerodactyl|Focus Sash\n|-damage|p2a: Aerodactyl|1/100\n|-damage|p1a: Tauros|43/100|[from] Recoil\n|move|p2a: Aerodactyl|Tailwind|p2a: Aerodactyl\n|-sidestart|p2: bobstoni|move: Tailwind\n|move|p2b: Floette|Dazzling Gleam|p1a: Tauros|[spread] p1a,p1b\n|-supereffective|p1a: Tauros|1\n|-crit|p1a: Tauros\n|-damage|p1a: Tauros|0 fnt\n|-damage|p1b: Farigiraf|60/100\n|faint|p1a: Tauros\n|\n|upkeep\n|\n|t:|1776279705\n|switch|p1a: Charizard|Charizard, L50, F|100/100\n|turn|3\n|\n|t:|1776279733\n|move|p1a: Charizard|Protect|p1a: Charizard\n|-singleturn|p1a: Charizard|Protect\n|move|p2a: Aerodactyl|Rock Slide|p1a: Charizard|[spread] p1b\n|-activate|p1a: Charizard|move: Protect\n|-damage|p1b: Farigiraf|43/100\n|move|p2b: Floette|Moonblast|p1b: Farigiraf\n|-damage|p1b: Farigiraf|0 fnt\n|faint|p1b: Farigiraf\n|\n|upkeep\n|\n|t:|1776279742\n|switch|p1b: Venusaur|Venusaur, L50, M|100/100\n|turn|4\n|\n|t:|1776279785\n|detailschange|p1a: Charizard|Charizard-Mega-Y, L50, F\n|-mega|p1a: Charizard|Charizard|Charizardite Y\n|-weather|SunnyDay|[from] ability: Drought|[of] p1a: Charizard\n|move|p2b: Floette|Protect|p2b: Floette\n|-singleturn|p2b: Floette|Protect\n|move|p2a: Aerodactyl|Rock Slide|p1b: Venusaur|[spread] p1a,p1b\n|-supereffective|p1a: Charizard|2\n|-damage|p1a: Charizard|20/100\n|-damage|p1b: Venusaur|79/100\n|move|p1b: Venusaur|Sludge Bomb|p2b: Floette\n|-activate|p2b: Floette|move: Protect\n|move|p1a: Charizard|Heat Wave|p2b: Floette|[spread] \n|-activate|p2b: Floette|move: Protect\n|-miss|p1a: Charizard|p2a: Aerodactyl\n|\n|-weather|SunnyDay|[upkeep]\n|upkeep\n|turn|5\n|\n|t:|1776279809\n|switch|p2b: Aegislash|Aegislash, L50, M|100/100\n|move|p1b: Venusaur|Protect|p1b: Venusaur\n|-singleturn|p1b: Venusaur|Protect\n|move|p1a: Charizard|Protect|p1a: Charizard\n|-singleturn|p1a: Charizard|Protect\n|move|p2a: Aerodactyl|Rock Slide|p1b: Venusaur|[spread] \n|-activate|p1a: Charizard|move: Protect\n|-activate|p1b: Venusaur|move: Protect\n|\n|-weather|SunnyDay|[upkeep]\n|-sideend|p2: bobstoni|move: Tailwind\n|upkeep\n|turn|6\n|\n|t:|1776279824\n|move|p2b: Aegislash|King's Shield|p2b: Aegislash\n|-singleturn|p2b: Aegislash|Protect\n|move|p1b: Venusaur|Sludge Bomb|p2a: Aerodactyl\n|-resisted|p2a: Aerodactyl|1\n|-damage|p2a: Aerodactyl|0 fnt\n|faint|p2a: Aerodactyl\n|move|p1a: Charizard|Overheat|p2b: Aegislash\n|-activate|p2b: Aegislash|move: Protect\n|\n|-weather|SunnyDay|[upkeep]\n|upkeep\n|\n|t:|1776279830\n|switch|p2a: Floette|Floette-Mega, L50, F|100/100\n|-ability|p2a: Floette|Fairy Aura\n|turn|7\n|\n|t:|1776279876\n|-formechange|p2b: Aegislash|Aegislash-Blade|\n|move|p2b: Aegislash|Shadow Sneak|p1a: Charizard\n|-damage|p1a: Charizard|0 fnt\n|faint|p1a: Charizard\n|move|p1b: Venusaur|Sleep Powder|p2a: Floette\n|-status|p2a: Floette|slp|[from] move: Sleep Powder\n|cant|p2a: Floette|slp\n|\n|-weather|SunnyDay|[upkeep]\n|upkeep\n|turn|8\n|\n|t:|1776279891\n|move|p1b: Venusaur|Sludge Bomb|p2a: Floette\n|-supereffective|p2a: Floette|1\n|-damage|p2a: Floette|44/100 slp\n|-curestatus|p2a: Floette|slp|[msg]\n|move|p2a: Floette|Moonblast|p1b: Venusaur\n|-resisted|p1b: Venusaur|1\n|-damage|p1b: Venusaur|37/100\n|move|p2b: Aegislash|Poltergeist|p1b: Venusaur\n|-activate|p1b: Venusaur|move: Poltergeist|Focus Sash\n|-damage|p1b: Venusaur|0 fnt\n|faint|p1b: Venusaur\n|\n|win|bobstoni\n|raw|davidelgafe's rating: 1115 &rarr; <strong>1091</strong><br />(-24 for losing)\n|raw|bobstoni's rating: 1134 &rarr; <strong>1158</strong><br />(+24 for winning)\n|l|\u2606bobstoni\n|player|p2|\n",
  "uploadtime": 1776280088,
  "views": 16,
  "formatid": "gen9championsvgc2026regma",
  "rating": 1091,
  "private": 0,
  "password": null
}