{
  "id": "gen9championsvgc2026regma-2583226548",
  "format": "[Gen 9 Champions] VGC 2026 Reg M-A",
  "players": [
    "NADX",
    "JBooiX"
  ],
  "log": "|j|\u2606NADX\n|j|\u2606JBooiX\n|t:|1776156897\n|gametype|doubles\n|player|p1|NADX|fisherman-gen4|1052\n|player|p2|JBooiX|n|1151\n|gen|9\n|tier|[Gen 9 Champions] VGC 2026 Reg M-A\n|rated|\n|rule|Species Clause: Limit one of each Pok\u00e9mon\n|rule|Item Clause: Limit 1 of each item\n|clearpoke\n|poke|p1|Golurk, L50|\n|poke|p1|Slowking-Galar, L50, M|\n|poke|p1|Chesnaught, L50, M|\n|poke|p1|Farigiraf, L50, F|\n|poke|p1|Zoroark-Hisui, L50, F|\n|poke|p1|Whimsicott, L50, M|\n|poke|p2|Dragonite, L50, M|\n|poke|p2|Pelipper, L50, M|\n|poke|p2|Archaludon, L50, M|\n|poke|p2|Krookodile, L50, F|\n|poke|p2|Arcanine, L50, F|\n|poke|p2|Venusaur, L50, M|\n|teampreview|4\n|inactive|Battle timer is ON: inactive players will automatically lose when time's up. (requested by JBooiX)\n|inactive|JBooiX has 60 seconds left.\n|inactive|JBooiX has 30 seconds left.\n|inactive|JBooiX has 20 seconds left.\n|\n|t:|1776156968\n|teamsize|p1|4\n|teamsize|p2|4\n|start\n|switch|p1a: Slowking|Slowking-Galar, L50, M|100/100\n|switch|p1b: Chesnaught|Chesnaught, L50, M|100/100\n|switch|p2a: Pelipper|Pelipper, L50, M|100/100\n|switch|p2b: Dragonite|Dragonite, L50, M, shiny|100/100\n|-weather|RainDance|[from] ability: Drizzle|[of] p2a: Pelipper\n|turn|1\n|inactive|NADX has 30 seconds left.\n|inactive|NADX has 20 seconds left.\n|\n|t:|1776157003\n|detailschange|p2b: Dragonite|Dragonite-Mega, L50, M, shiny\n|-mega|p2b: Dragonite|Dragonite|Dragoninite\n|move|p2b: Dragonite|Hurricane|p1b: Chesnaught\n|-supereffective|p1b: Chesnaught|2\n|-damage|p1b: Chesnaught|0 fnt\n|faint|p1b: Chesnaught\n|move|p2a: Pelipper|Tailwind|p2a: Pelipper\n|-sidestart|p2: JBooiX|move: Tailwind\n|move|p1a: Slowking|Trick Room|p1a: Slowking\n|-fieldstart|move: Trick Room|[of] p1a: Slowking\n|\n|-weather|RainDance|[upkeep]\n|upkeep\n|\n|t:|1776157007\n|switch|p1b: Golurk|Golurk, L50|100/100\n|turn|2\n|\n|t:|1776157030\n|detailschange|p1b: Golurk|Golurk-Mega, L50\n|-mega|p1b: Golurk|Golurk|Golurkite\n|move|p1a: Slowking|Psychic|p2a: Pelipper\n|-damage|p2a: Pelipper|46/100\n|move|p1b: Golurk|Rock Slide|p2a: Pelipper|[spread] p2a,p2b\n|-supereffective|p2a: Pelipper|1\n|-supereffective|p2b: Dragonite|1\n|-damage|p2a: Pelipper|0 fnt\n|-damage|p2b: Dragonite|82/100\n|faint|p2a: Pelipper\n|move|p2b: Dragonite|Hurricane|p1a: Slowking\n|-damage|p1a: Slowking|63/100\n|-start|p1a: Slowking|confusion\n|\n|-weather|RainDance|[upkeep]\n|-heal|p1a: Slowking|69/100|[from] item: Leftovers\n|upkeep\n|\n|t:|1776157047\n|switch|p2a: Krookodile|Krookodile, L50, F|100/100\n|turn|3\n|inactive|JBooiX has 30 seconds left.\n|\n|t:|1776157075\n|switch|p2a: Archaludon|Archaludon, L50, M|100/100\n|-activate|p1a: Slowking|confusion\n|move|p1a: Slowking|Sludge Bomb|p2b: Dragonite\n|-damage|p2b: Dragonite|56/100\n|move|p1b: Golurk|Rock Slide|p2a: Archaludon|[spread] p2a\n|-miss|p1b: Golurk|p2b: Dragonite\n|-resisted|p2a: Archaludon|1\n|-damage|p2a: Archaludon|91/100\n|-ability|p2a: Archaludon|Stamina|boost\n|-boost|p2a: Archaludon|def|1\n|move|p2b: Dragonite|Hurricane|p1b: Golurk\n|-damage|p1b: Golurk|43/100\n|-start|p1b: Golurk|confusion\n|\n|-weather|RainDance|[upkeep]\n|-heal|p1a: Slowking|75/100|[from] item: Leftovers\n|upkeep\n|turn|4\n|\n|t:|1776157097\n|-activate|p1a: Slowking|confusion\n|move|p1a: Slowking|Sludge Bomb|p2b: Dragonite\n|-damage|p2b: Dragonite|32/100\n|-activate|p1b: Golurk|confusion\n|-damage|p1b: Golurk|27/100|[from] confusion\n|move|p2a: Archaludon|Electro Shot||[still]\n|-prepare|p2a: Archaludon|Electro Shot\n|-boost|p2a: Archaludon|spa|1\n|-anim|p2a: Archaludon|Electro Shot|p1a: Slowking\n|-damage|p1a: Slowking|30/100\n|move|p2b: Dragonite|Hurricane|p1b: Golurk\n|-damage|p1b: Golurk|0 fnt\n|faint|p1b: Golurk\n|\n|-weather|RainDance|[upkeep]\n|-heal|p1a: Slowking|36/100|[from] item: Leftovers\n|-sideend|p2: JBooiX|move: Tailwind\n|upkeep\n|\n|t:|1776157102\n|switch|p1b: Farigiraf|Farigiraf, L50, F|100/100\n|turn|5\n|inactive|JBooiX has 30 seconds left.\n|\n|t:|1776157132\n|-activate|p1a: Slowking|confusion\n|move|p1a: Slowking|Psychic|p2b: Dragonite\n|-damage|p2b: Dragonite|5/100\n|move|p1b: Farigiraf|Hyper Voice|p2a: Archaludon|[spread] p2a,p2b\n|-resisted|p2a: Archaludon|1\n|-damage|p2a: Archaludon|81/100\n|-damage|p2b: Dragonite|0 fnt\n|-ability|p2a: Archaludon|Stamina|boost\n|-boost|p2a: Archaludon|def|1\n|faint|p2b: Dragonite\n|move|p2a: Archaludon|Electro Shot||[still]\n|-prepare|p2a: Archaludon|Electro Shot\n|-boost|p2a: Archaludon|spa|1\n|-anim|p2a: Archaludon|Electro Shot|p1a: Slowking\n|-damage|p1a: Slowking|0 fnt\n|faint|p1a: Slowking\n|\n|-weather|none\n|-fieldend|move: Trick Room\n|upkeep\n|-message|NADX forfeited.\n|\n|win|JBooiX\n|raw|NADX's rating: 1052 &rarr; <strong>1039</strong><br />(-13 for losing)\n|raw|JBooiX's rating: 1151 &rarr; <strong>1169</strong><br />(+18 for winning)\n|l|\u2606NADX\n|player|p1|\n",
  "uploadtime": 1776157144,
  "views": 20,
  "formatid": "gen9championsvgc2026regma",
  "rating": 1039,
  "private": 0,
  "password": null
}