{
  "id": "gen9championsvgc2026regma-2587530728",
  "format": "[Gen 9 Champions] VGC 2026 Reg M-A",
  "players": [
    "thorres24",
    "Nashsan0"
  ],
  "log": "|j|\u2606thorres24\n|j|\u2606Nashsan0\n|t:|1776539758\n|gametype|doubles\n|player|p1|thorres24|silver|1067\n|player|p2|Nashsan0|veteran|1144\n|gen|9\n|tier|[Gen 9 Champions] VGC 2026 Reg M-A\n|rated|\n|rule|Species Clause: Limit one of each Pok\u00e9mon\n|rule|Item Clause: Limit 1 of each item\n|clearpoke\n|poke|p1|Raichu, L50, F|\n|poke|p1|Jolteon, L50, M|\n|poke|p1|Pelipper, L50, M|\n|poke|p1|Gengar, L50, M|\n|poke|p1|Sneasler, L50, F|\n|poke|p1|Kingambit, L50, F|\n|poke|p2|Floette-Eternal, L50, F|\n|poke|p2|Incineroar, L50, M, shiny|\n|poke|p2|Dragonite, L50, M|\n|poke|p2|Maushold-Four, L50|\n|poke|p2|Basculegion, L50, M, shiny|\n|poke|p2|Sneasler, L50, M, shiny|\n|teampreview|4\n|inactive|Battle timer is ON: inactive players will automatically lose when time's up. (requested by Nashsan0)\n|inactive|thorres24 also wants the timer to be on.\n|inactive|Nashsan0 has 60 seconds left.\n|\n|t:|1776539798\n|teamsize|p1|4\n|teamsize|p2|4\n|start\n|switch|p1a: Raichu|Raichu, L50, F|100/100\n|switch|p1b: Jolteon|Jolteon, L50, M|100/100\n|switch|p2a: Maushold|Maushold-Four, L50|100/100\n|switch|p2b: Floette|Floette-Eternal, L50, F|100/100\n|turn|1\n|inactive|Nashsan0 has 30 seconds left.\n|\n|t:|1776539829\n|detailschange|p2b: Floette|Floette-Mega, L50, F\n|-mega|p2b: Floette|Floette|Floettite\n|-ability|p2b: Floette|Fairy Aura\n|move|p1a: Raichu|Upper Hand||[still]\n|-fail|p1a: Raichu\n|move|p1b: Jolteon|Discharge|p2a: Maushold|[spread] p2a,p2b\n|-ability|p1a: Raichu|Lightning Rod|boost\n|-boost|p1a: Raichu|spa|1\n|-damage|p2a: Maushold|59/100\n|-damage|p2b: Floette|83/100\n|-status|p2a: Maushold|par\n|move|p2b: Floette|Calm Mind|p2b: Floette\n|-boost|p2b: Floette|spa|1\n|-boost|p2b: Floette|spd|1\n|move|p2a: Maushold|Super Fang|p1b: Jolteon\n|-damage|p1b: Jolteon|50/100\n|\n|upkeep\n|turn|2\n|\n|t:|1776539854\n|move|p1b: Jolteon|Discharge|p2b: Floette|[spread] p2a,p2b\n|-ability|p1a: Raichu|Lightning Rod|boost\n|-boost|p1a: Raichu|spa|1\n|-damage|p2a: Maushold|16/100 par\n|-damage|p2b: Floette|72/100\n|move|p1a: Raichu|Thunder|p2b: Floette\n|-damage|p2b: Floette|38/100\n|-status|p2b: Floette|par\n|move|p2a: Maushold|Super Fang|p1a: Raichu\n|-damage|p1a: Raichu|51/100\n|move|p2b: Floette|Dazzling Gleam|p1b: Jolteon|[spread] p1a,p1b\n|-damage|p1a: Raichu|0 fnt\n|-damage|p1b: Jolteon|0 fnt\n|faint|p1a: Raichu\n|faint|p1b: Jolteon\n|\n|upkeep\n|\n|t:|1776539869\n|switch|p1b: Sneasler|Sneasler, L50, F|100/100\n|switch|p1a: Pelipper|Pelipper, L50, M|100/100\n|-weather|RainDance|[from] ability: Drizzle|[of] p1a: Pelipper\n|turn|3\n|\n|t:|1776539884\n|move|p2a: Maushold|Follow Me|p2a: Maushold\n|-singleturn|p2a: Maushold|move: Follow Me\n|move|p1b: Sneasler|Dire Claw|p2a: Maushold\n|-damage|p2a: Maushold|0 fnt\n|faint|p2a: Maushold\n|move|p1a: Pelipper|Muddy Water|p2b: Floette\n|-damage|p2b: Floette|12/100 par\n|-unboost|p2b: Floette|accuracy|1\n|cant|p2b: Floette|par\n|\n|-weather|RainDance|[upkeep]\n|upkeep\n|\n|t:|1776539894\n|switch|p2a: Basculegion|Basculegion, L50, M, shiny|100/100\n|turn|4\n|\n|t:|1776539902\n|move|p1b: Sneasler|Protect|p1b: Sneasler\n|-singleturn|p1b: Sneasler|Protect\n|move|p2a: Basculegion|Wave Crash|p1b: Sneasler\n|-activate|p1b: Sneasler|move: Protect\n|move|p1a: Pelipper|Tailwind|p1a: Pelipper\n|-sidestart|p1: thorres24|move: Tailwind\n|move|p2b: Floette|Dazzling Gleam|p1a: Pelipper|[spread] \n|-activate|p1b: Sneasler|move: Protect\n|-miss|p2b: Floette|p1a: Pelipper\n|\n|-weather|RainDance|[upkeep]\n|upkeep\n|turn|5\n|\n|t:|1776539921\n|switch|p2a: Dragonite|Dragonite, L50, M|100/100\n|move|p2b: Floette|Protect|p2b: Floette\n|-singleturn|p2b: Floette|Protect\n|move|p1b: Sneasler|Dire Claw|p2a: Dragonite\n|-crit|p2a: Dragonite\n|-damage|p2a: Dragonite|70/100\n|move|p1a: Pelipper|Muddy Water|p2b: Floette|[spread] p2a\n|-activate|p2b: Floette|move: Protect\n|-resisted|p2a: Dragonite|1\n|-crit|p2a: Dragonite\n|-damage|p2a: Dragonite|47/100\n|\n|-weather|RainDance|[upkeep]\n|-heal|p2a: Dragonite|54/100|[from] item: Leftovers\n|upkeep\n|turn|6\n|\n|t:|1776539935\n|move|p1b: Sneasler|Close Combat|p2a: Dragonite\n|-resisted|p2a: Dragonite|1\n|-damage|p2a: Dragonite|23/100\n|-unboost|p1b: Sneasler|def|1\n|-unboost|p1b: Sneasler|spd|1\n|-enditem|p1b: Sneasler|White Herb\n|-clearnegativeboost|p1b: Sneasler|[silent]\n|move|p1a: Pelipper|Muddy Water|p2b: Floette|[spread] p2a,p2b\n|-resisted|p2a: Dragonite|1\n|-damage|p2a: Dragonite|7/100\n|-damage|p2b: Floette|0 fnt\n|faint|p2b: Floette\n|move|p2a: Dragonite|Tailwind|p2a: Dragonite\n|-sidestart|p2: Nashsan0|move: Tailwind\n|\n|-weather|RainDance|[upkeep]\n|-heal|p2a: Dragonite|13/100|[from] item: Leftovers\n|upkeep\n|\n|t:|1776539940\n|switch|p2b: Basculegion|Basculegion, L50, M, shiny|100/100\n|turn|7\n|-activate|p1a: Pelipper|item: Quick Claw\n|\n|t:|1776539956\n|move|p1a: Pelipper|Muddy Water|p2a: Dragonite|[spread] p2a,p2b\n|-resisted|p2a: Dragonite|1\n|-resisted|p2b: Basculegion|1\n|-damage|p2a: Dragonite|0 fnt\n|-damage|p2b: Basculegion|81/100\n|faint|p2a: Dragonite\n|move|p1b: Sneasler|Dire Claw|p2b: Basculegion\n|-resisted|p2b: Basculegion|1\n|-damage|p2b: Basculegion|57/100\n|-status|p2b: Basculegion|slp\n|cant|p2b: Basculegion|slp\n|\n|-weather|none\n|-sideend|p1: thorres24|move: Tailwind\n|upkeep\n|turn|8\n|inactive|Nashsan0 has 30 seconds left.\n|\n|t:|1776539983\n|cant|p2b: Basculegion|slp\n|move|p1b: Sneasler|Dire Claw|p2b: Basculegion\n|-resisted|p2b: Basculegion|1\n|-damage|p2b: Basculegion|31/100 slp\n|move|p1a: Pelipper|Muddy Water|p2b: Basculegion\n|-resisted|p2b: Basculegion|1\n|-damage|p2b: Basculegion|14/100 slp\n|-unboost|p2b: Basculegion|accuracy|1\n|\n|upkeep\n|turn|9\n|\n|t:|1776539991\n|-curestatus|p2b: Basculegion|slp|[msg]\n|move|p2b: Basculegion|Last Respects|p1b: Sneasler\n|-damage|p1b: Sneasler|0 fnt\n|faint|p1b: Sneasler\n|move|p1a: Pelipper|Muddy Water|p2b: Basculegion|[miss]\n|-miss|p1a: Pelipper|p2b: Basculegion\n|\n|-sideend|p2: Nashsan0|move: Tailwind\n|upkeep\n|turn|10\n|-activate|p1a: Pelipper|item: Quick Claw\n|\n|t:|1776539999\n|move|p1a: Pelipper|Muddy Water|p2b: Basculegion\n|-resisted|p2b: Basculegion|1\n|-damage|p2b: Basculegion|0 fnt\n|faint|p2b: Basculegion\n|\n|win|thorres24\n|raw|thorres24's rating: 1067 &rarr; <strong>1103</strong><br />(+36 for winning)\n|raw|Nashsan0's rating: 1144 &rarr; <strong>1114</strong><br />(-30 for losing)\n|l|\u2606Nashsan0\n|player|p2|\n|l|\u2606thorres24\n|player|p1|\n|j|\u2606thorres24\n|player|p1|thorres24|silver|\n",
  "uploadtime": 1776540344,
  "views": 13,
  "formatid": "gen9championsvgc2026regma",
  "rating": 1103,
  "private": 0,
  "password": null
}