{
  "id": "gen9championsvgc2026regma-2585139586",
  "format": "[Gen 9 Champions] VGC 2026 Reg M-A",
  "players": [
    "Rocket Bear",
    "vsdfvsdf"
  ],
  "log": "|j|\u2606Rocket Bear\n|j|\u2606vsdfvsdf\n|t:|1776316555\n|gametype|doubles\n|player|p1|Rocket Bear|101|1177\n|player|p2|vsdfvsdf|102|1227\n|gen|9\n|tier|[Gen 9 Champions] VGC 2026 Reg M-A\n|rated|\n|rule|Species Clause: Limit one of each Pok\u00e9mon\n|rule|Item Clause: Limit 1 of each item\n|clearpoke\n|poke|p1|Whimsicott, L50, F|\n|poke|p1|Garchomp, L50, F|\n|poke|p1|Charizard, L50, F|\n|poke|p1|Orthworm, L50, F|\n|poke|p1|Gyarados, L50, M|\n|poke|p1|Basculegion, L50, M|\n|poke|p2|Delphox, L50, F|\n|poke|p2|Kommo-o, L50, F|\n|poke|p2|Sylveon, L50, F|\n|poke|p2|Dragapult, L50, M|\n|poke|p2|Sinistcha-Masterpiece, L50|\n|poke|p2|Kleavor, L50, F|\n|teampreview|4\n|inactive|Battle timer is ON: inactive players will automatically lose when time's up. (requested by vsdfvsdf)\n|\n|t:|1776316585\n|teamsize|p1|4\n|teamsize|p2|4\n|start\n|switch|p1a: Whimsicott|Whimsicott, L50, F|100/100\n|switch|p1b: Garchomp|Garchomp, L50, F|100/100\n|switch|p2a: Kleavor|Kleavor, L50, F|100/100\n|switch|p2b: Delphox|Delphox, L50, F|100/100\n|turn|1\n|\n|t:|1776316603\n|detailschange|p2b: Delphox|Delphox-Mega, L50, F\n|-mega|p2b: Delphox|Delphox|Delphoxite\n|move|p1a: Whimsicott|Tailwind|p1a: Whimsicott\n|-sidestart|p1: Rocket Bear|move: Tailwind\n|move|p1b: Garchomp|Rock Slide|p2a: Kleavor|[spread] p2a,p2b\n|-supereffective|p2a: Kleavor|1\n|-supereffective|p2b: Delphox|1\n|-crit|p2b: Delphox\n|-damage|p2a: Kleavor|47/100\n|-damage|p2b: Delphox|6/100\n|move|p2b: Delphox|Heat Wave|p1a: Whimsicott|[spread] p1a\n|-miss|p2b: Delphox|p1b: Garchomp\n|-supereffective|p1a: Whimsicott|1\n|-enditem|p1a: Whimsicott|Focus Sash\n|-damage|p1a: Whimsicott|1/100\n|move|p2a: Kleavor|Stone Axe|p1a: Whimsicott\n|-damage|p1a: Whimsicott|0 fnt\n|-sidestart|p1: Rocket Bear|move: Stealth Rock\n|faint|p1a: Whimsicott\n|\n|upkeep\n|\n|t:|1776316625\n|switch|p1a: Gyarados|Gyarados, L50, M|100/100\n|-damage|p1a: Gyarados|75/100|[from] Stealth Rock\n|-ability|p1a: Gyarados|Intimidate|boost\n|-unboost|p2a: Kleavor|atk|1\n|-unboost|p2b: Delphox|atk|1\n|turn|2\n|inactive|vsdfvsdf has 30 seconds left.\n|inactive|vsdfvsdf has 20 seconds left.\n|\n|t:|1776316664\n|switch|p2b: Sylveon|Sylveon, L50, F|100/100\n|move|p1a: Gyarados|Protect|p1a: Gyarados\n|-singleturn|p1a: Gyarados|Protect\n|move|p1b: Garchomp|Rock Slide|p2b: Sylveon|[spread] p2a,p2b\n|-supereffective|p2a: Kleavor|1\n|-damage|p2a: Kleavor|0 fnt\n|-damage|p2b: Sylveon|68/100\n|faint|p2a: Kleavor\n|\n|upkeep\n|\n|t:|1776316668\n|switch|p2a: Sinistcha|Sinistcha-Masterpiece, L50|100/100\n|-heal|p2b: Sylveon|93/100|[from] ability: Hospitality|[of] p2a: Sinistcha\n|turn|3\n|\n|t:|1776316687\n|move|p1b: Garchomp|Protect|p1b: Garchomp\n|-singleturn|p1b: Garchomp|Protect\n|move|p1a: Gyarados|Thunder Wave|p2b: Sylveon\n|-status|p2b: Sylveon|par\n|move|p2a: Sinistcha|Matcha Gotcha|p1b: Garchomp|[spread] p1a\n|-activate|p1b: Garchomp|move: Protect\n|-damage|p1a: Gyarados|60/100\n|move|p2b: Sylveon|Hyper Voice|p1a: Gyarados|[spread] p1a\n|-activate|p1b: Garchomp|move: Protect\n|-crit|p1a: Gyarados\n|-damage|p1a: Gyarados|11/100\n|-enditem|p1a: Gyarados|Sitrus Berry|[eat]\n|-heal|p1a: Gyarados|36/100|[from] item: Sitrus Berry\n|\n|upkeep\n|turn|4\n|\n|t:|1776316711\n|move|p1b: Garchomp|Earthquake|p2a: Sinistcha|[spread] p2a,p2b\n|-immune|p1a: Gyarados\n|-resisted|p2a: Sinistcha|1\n|-damage|p2a: Sinistcha|82/100\n|-damage|p2b: Sylveon|20/100 par\n|move|p1a: Gyarados|Thunder Wave|p2a: Sinistcha\n|-status|p2a: Sinistcha|par\n|move|p2b: Sylveon|Hyper Voice|p1b: Garchomp|[spread] p1a,p1b\n|-supereffective|p1b: Garchomp|1\n|-damage|p1a: Gyarados|3/100\n|-damage|p1b: Garchomp|2/100\n|move|p2a: Sinistcha|Matcha Gotcha|p1b: Garchomp|[spread] p1a,p1b\n|-damage|p1a: Gyarados|0 fnt\n|-heal|p2a: Sinistcha|84/100 par|[from] drain|[of] p1a: Gyarados\n|-damage|p1b: Garchomp|0 fnt\n|-heal|p2a: Sinistcha|85/100 par|[from] drain|[of] p1b: Garchomp\n|faint|p1a: Gyarados\n|faint|p1b: Garchomp\n|\n|-heal|p2a: Sinistcha|91/100 par|[from] item: Leftovers\n|-sideend|p1: Rocket Bear|move: Tailwind\n|upkeep\n|inactive|Rocket Bear has 30 seconds left.\n|\n|t:|1776316740\n|switch|p1b: Basculegion|Basculegion, L50, M|100/100\n|-damage|p1b: Basculegion|88/100|[from] Stealth Rock\n|turn|5\n|\n|t:|1776316762\n|cant|p2a: Sinistcha|par\n|move|p1b: Basculegion|Last Respects|p2a: Sinistcha\n|-supereffective|p2a: Sinistcha|1\n|-damage|p2a: Sinistcha|0 fnt\n|faint|p2a: Sinistcha\n|move|p2b: Sylveon|Copycat|p2b: Sylveon\n|move|p2b: Sylveon|Last Respects|p1b: Basculegion|[from] move: Copycat\n|-supereffective|p1b: Basculegion|1\n|-damage|p1b: Basculegion|30/100\n|\n|upkeep\n|\n|t:|1776316771\n|switch|p2a: Delphox|Delphox-Mega, L50, F|6/100\n|turn|6\n|\n|t:|1776316785\n|move|p1b: Basculegion|Last Respects|p2a: Delphox\n|-supereffective|p2a: Delphox|1\n|-damage|p2a: Delphox|0 fnt\n|faint|p2a: Delphox\n|cant|p2b: Sylveon|par\n|\n|upkeep\n|turn|7\n|-message|vsdfvsdf forfeited.\n|\n|win|Rocket Bear\n|raw|Rocket Bear's rating: 1177 &rarr; <strong>1206</strong><br />(+29 for winning)\n|raw|vsdfvsdf's rating: 1227 &rarr; <strong>1198</strong><br />(-29 for losing)\n|l|\u2606vsdfvsdf\n|player|p2|\n",
  "uploadtime": 1776316803,
  "views": 29,
  "formatid": "gen9championsvgc2026regma",
  "rating": 1198,
  "private": 0,
  "password": null
}