{
  "id": "gen9championsvgc2026regma-2582578693",
  "format": "[Gen 9 Champions] VGC 2026 Reg M-A",
  "players": [
    "battle sim trainer",
    "Cemaik289"
  ],
  "log": "|j|\u2606battle sim trainer\n|j|\u2606Cemaik289\n|t:|1776100542\n|gametype|doubles\n|player|p1|battle sim trainer|turo|1090\n|player|p2|Cemaik289|1|1011\n|gen|9\n|tier|[Gen 9 Champions] VGC 2026 Reg M-A\n|rated|\n|rule|Species Clause: Limit one of each Pok\u00e9mon\n|rule|Item Clause: Limit 1 of each item\n|clearpoke\n|poke|p1|Gallade, L50, M|\n|poke|p1|Torkoal, L50, F|\n|poke|p1|Crabominable, L50, F|\n|poke|p1|Farigiraf, L50, F|\n|poke|p1|Kangaskhan, L50, F|\n|poke|p1|Sinistcha-Masterpiece, L50|\n|poke|p2|Incineroar, L50, M|\n|poke|p2|Farigiraf, L50, M|\n|poke|p2|Golurk, L50|\n|poke|p2|Sneasler, L50, F|\n|poke|p2|Torkoal, L50, F|\n|poke|p2|Venusaur, L50, M|\n|teampreview|4\n|\n|t:|1776100572\n|teamsize|p1|4\n|teamsize|p2|4\n|start\n|switch|p1a: Sinistcha|Sinistcha-Masterpiece, L50|100/100\n|switch|p1b: Farigiraf|Farigiraf, L50, F|100/100\n|switch|p2a: Golurk|Golurk, L50|100/100\n|switch|p2b: Incineroar|Incineroar, L50, M|100/100\n|-ability|p2b: Incineroar|Intimidate|boost\n|-unboost|p1a: Sinistcha|atk|1\n|-unboost|p1b: Farigiraf|atk|1\n|turn|1\n|inactive|Battle timer is ON: inactive players will automatically lose when time's up. (requested by battle sim trainer)\n|\n|t:|1776100611\n|detailschange|p2a: Golurk|Golurk-Mega, L50\n|-mega|p2a: Golurk|Golurk|Golurkite\n|move|p1a: Sinistcha|Rage Powder|p1a: Sinistcha\n|-singleturn|p1a: Sinistcha|move: Rage Powder\n|move|p2b: Incineroar|Flare Blitz|p1a: Sinistcha\n|-supereffective|p1a: Sinistcha|1\n|-damage|p1a: Sinistcha|23/100\n|-status|p1a: Sinistcha|brn\n|-damage|p2b: Incineroar|74/100|[from] Recoil\n|move|p2a: Golurk|Ice Punch|p1a: Sinistcha\n|-supereffective|p1a: Sinistcha|1\n|-damage|p1a: Sinistcha|0 fnt\n|faint|p1a: Sinistcha\n|move|p1b: Farigiraf|Trick Room|p1b: Farigiraf\n|-fieldstart|move: Trick Room|[of] p1b: Farigiraf\n|\n|upkeep\n|inactive|battle sim trainer has 30 seconds left.\n|\n|t:|1776100644\n|switch|p1a: Crabominable|Crabominable, L50, F|100/100\n|turn|2\n|inactive|Cemaik289 has 30 seconds left.\n|\n|t:|1776100669\n|detailschange|p1a: Crabominable|Crabominable-Mega, L50, F\n|-mega|p1a: Crabominable|Crabominable|Crabominite\n|move|p1a: Crabominable|Drain Punch|p2b: Incineroar\n|-supereffective|p2b: Incineroar|1\n|-damage|p2b: Incineroar|0 fnt\n|faint|p2b: Incineroar\n|move|p1b: Farigiraf|Nasty Plot|p1b: Farigiraf\n|-boost|p1b: Farigiraf|spa|2\n|move|p2a: Golurk|Headlong Rush|p1a: Crabominable\n|-damage|p1a: Crabominable|56/100\n|-unboost|p2a: Golurk|def|1\n|-unboost|p2a: Golurk|spd|1\n|\n|upkeep\n|\n|t:|1776100686\n|switch|p2b: Sneasler|Sneasler, L50, F|100/100\n|turn|3\n|inactive|Cemaik289 has 30 seconds left.\n|\n|t:|1776100713\n|move|p2a: Golurk|Protect|p2a: Golurk\n|-singleturn|p2a: Golurk|Protect\n|move|p1a: Crabominable|Ice Punch|p2a: Golurk\n|-activate|p2a: Golurk|move: Protect\n|move|p1b: Farigiraf|Psyshock|p2b: Sneasler\n|-supereffective|p2b: Sneasler|2\n|-damage|p2b: Sneasler|0 fnt\n|faint|p2b: Sneasler\n|\n|upkeep\n|\n|t:|1776100724\n|switch|p2b: Farigiraf|Farigiraf, L50, M|100/100\n|turn|4\n|\n|t:|1776100749\n|move|p2b: Farigiraf|Helping Hand|p2a: Golurk\n|-singleturn|p2a: Golurk|Helping Hand|[of] p2b: Farigiraf\n|move|p1a: Crabominable|Ice Punch|p2a: Golurk\n|-supereffective|p2a: Golurk|1\n|-damage|p2a: Golurk|0 fnt\n|faint|p2a: Golurk\n|move|p1b: Farigiraf|Hyper Voice|p2b: Farigiraf\n|-damage|p2b: Farigiraf|25/100\n|-enditem|p2b: Farigiraf|Sitrus Berry|[eat]\n|-heal|p2b: Farigiraf|50/100|[from] item: Sitrus Berry\n|\n|upkeep\n|turn|5\n|\n|t:|1776100763\n|move|p1a: Crabominable|Drain Punch|p2b: Farigiraf\n|-damage|p2b: Farigiraf|0 fnt\n|-heal|p1a: Crabominable|80/100|[from] drain|[of] p2b: Farigiraf\n|faint|p2b: Farigiraf\n|\n|win|battle sim trainer\n|raw|battle sim trainer's rating: 1090 &rarr; <strong>1111</strong><br />(+21 for winning)\n|raw|Cemaik289's rating: 1011 &rarr; <strong>1002</strong><br />(-9 for losing)\n|l|\u2606Cemaik289\n|player|p2|\n",
  "uploadtime": 1776100766,
  "views": 14,
  "formatid": "gen9championsvgc2026regma",
  "rating": 1002,
  "private": 0,
  "password": null
}