{
  "id": "gen9championsvgc2026regma-2581559596",
  "format": "[Gen 9 Champions] VGC 2026 Reg M-A",
  "players": [
    "Whatever0512",
    "pokemonyoyoplayer"
  ],
  "log": "|j|\u2606Whatever0512\n|j|\u2606pokemonyoyoplayer\n|t:|1776010955\n|gametype|doubles\n|player|p1|Whatever0512|101|1000\n|player|p2|pokemonyoyoplayer|102|1078\n|gen|9\n|tier|[Gen 9 Champions] VGC 2026 Reg M-A\n|rated|\n|rule|Species Clause: Limit one of each Pok\u00e9mon\n|rule|Item Clause: Limit 1 of each item\n|clearpoke\n|poke|p1|Gengar, L50, M|\n|poke|p1|Incineroar, L50, M|\n|poke|p1|Kommo-o, L50, F|\n|poke|p1|Sinistcha, L50|\n|poke|p1|Politoed, L50, F|\n|poke|p1|Corviknight, L50, F|\n|poke|p2|Incineroar, L50, F|\n|poke|p2|Sneasler, L50, M|\n|poke|p2|Aerodactyl, L50, M|\n|poke|p2|Garchomp, L50, M|\n|poke|p2|Kingambit, L50, F|\n|poke|p2|Basculegion, L50, M|\n|teampreview|4\n|\n|t:|1776011016\n|teamsize|p1|4\n|teamsize|p2|4\n|start\n|switch|p1a: Gengar|Gengar, L50, M|100/100\n|switch|p1b: Incineroar|Incineroar, L50, M|100/100\n|switch|p2a: Incineroar|Incineroar, L50, F|100/100\n|switch|p2b: Aerodactyl|Aerodactyl, L50, M|100/100\n|-ability|p2b: Aerodactyl|Unnerve\n|-ability|p2a: Incineroar|Intimidate|boost\n|-unboost|p1a: Gengar|atk|1\n|-unboost|p1b: Incineroar|atk|1\n|-ability|p1b: Incineroar|Intimidate|boost\n|-unboost|p2a: Incineroar|atk|1\n|-unboost|p2b: Aerodactyl|atk|1\n|turn|1\n|\n|t:|1776011055\n|switch|p2b: Basculegion|Basculegion, L50, M|100/100\n|detailschange|p1a: Gengar|Gengar-Mega, L50, M\n|-mega|p1a: Gengar|Gengar|Gengarite\n|move|p1a: Gengar|Will-O-Wisp|p2b: Basculegion\n|-status|p2b: Basculegion|brn\n|move|p2a: Incineroar|Parting Shot|p1a: Gengar\n|-unboost|p1a: Gengar|atk|1\n|-unboost|p1a: Gengar|spa|1\n|\n|t:|1776011077\n|switch|p2a: Aerodactyl|Aerodactyl, L50, M|100/100|[from] Parting Shot\n|-ability|p2a: Aerodactyl|Unnerve\n|move|p1b: Incineroar|Parting Shot|p2b: Basculegion\n|-unboost|p2b: Basculegion|atk|1\n|-unboost|p2b: Basculegion|spa|1\n|\n|t:|1776011086\n|switch|p1b: Corviknight|Corviknight, L50, F|100/100|[from] Parting Shot\n|\n|-damage|p2b: Basculegion|94/100 brn|[from] brn\n|upkeep\n|turn|2\n|\n|t:|1776011122\n|detailschange|p2a: Aerodactyl|Aerodactyl-Mega, L50, M\n|-mega|p2a: Aerodactyl|Aerodactyl|Aerodactylite\n|move|p2a: Aerodactyl|Tailwind|p2a: Aerodactyl\n|-sidestart|p2: pokemonyoyoplayer|move: Tailwind\n|move|p2b: Basculegion|Flip Turn|p1b: Corviknight\n|-damage|p1b: Corviknight|90/100\n|\n|t:|1776011130\n|switch|p2b: Garchomp|Garchomp, L50, M|100/100|[from] Flip Turn\n|move|p1a: Gengar|Will-O-Wisp|p2a: Aerodactyl\n|-status|p2a: Aerodactyl|brn\n|move|p1b: Corviknight|Iron Head|p2a: Aerodactyl\n|-supereffective|p2a: Aerodactyl|1\n|-damage|p2a: Aerodactyl|23/100 brn\n|\n|-damage|p2a: Aerodactyl|17/100 brn|[from] brn\n|upkeep\n|turn|3\n|\n|t:|1776011173\n|move|p1a: Gengar|Protect|p1a: Gengar\n|-singleturn|p1a: Gengar|Protect\n|move|p2a: Aerodactyl|Rock Slide|p1a: Gengar|[spread] p1b\n|-activate|p1a: Gengar|move: Protect\n|-damage|p1b: Corviknight|76/100\n|move|p2b: Garchomp|Rock Slide|p1a: Gengar|[spread] p1b\n|-activate|p1a: Gengar|move: Protect\n|-damage|p1b: Corviknight|58/100\n|move|p1b: Corviknight|Tailwind|p1b: Corviknight\n|-sidestart|p1: Whatever0512|move: Tailwind\n|\n|-damage|p2a: Aerodactyl|11/100 brn|[from] brn\n|upkeep\n|turn|4\n|\n|t:|1776011212\n|switch|p1b: Incineroar|Incineroar, L50, M|100/100\n|-ability|p1b: Incineroar|Intimidate|boost\n|-unboost|p2a: Aerodactyl|atk|1\n|-unboost|p2b: Garchomp|atk|1\n|move|p2a: Aerodactyl|Rock Slide|p1a: Gengar|[spread] p1a,p1b\n|-supereffective|p1b: Incineroar|1\n|-damage|p1a: Gengar|90/100\n|-damage|p1b: Incineroar|84/100\n|move|p1a: Gengar|Will-O-Wisp|p2b: Garchomp\n|-status|p2b: Garchomp|brn\n|move|p2b: Garchomp|Rock Slide|p1b: Incineroar|[spread] p1a,p1b\n|-supereffective|p1b: Incineroar|1\n|-damage|p1a: Gengar|83/100\n|-damage|p1b: Incineroar|72/100\n|\n|-damage|p2a: Aerodactyl|6/100 brn|[from] brn\n|-damage|p2b: Garchomp|94/100 brn|[from] brn\n|upkeep\n|turn|5\n|\n|t:|1776011241\n|move|p1a: Gengar|Protect|p1a: Gengar\n|-singleturn|p1a: Gengar|Protect\n|move|p2a: Aerodactyl|Rock Slide|p1b: Incineroar|[spread] p1b\n|-activate|p1a: Gengar|move: Protect\n|-supereffective|p1b: Incineroar|1\n|-damage|p1b: Incineroar|57/100\n|move|p2b: Garchomp|Stomping Tantrum|p1a: Gengar\n|-activate|p1a: Gengar|move: Protect\n|cant|p1b: Incineroar|flinch\n|\n|-damage|p2a: Aerodactyl|0 fnt|[from] brn\n|faint|p2a: Aerodactyl\n|-damage|p2b: Garchomp|88/100 brn|[from] brn\n|-sideend|p2: pokemonyoyoplayer|move: Tailwind\n|upkeep\n|\n|t:|1776011258\n|switch|p2a: Basculegion|Basculegion, L50, M|94/100 brn\n|turn|6\n|\n|t:|1776011267\n|switch|p1a: Kommo-o|Kommo-o, L50, F|100/100\n|move|p2a: Basculegion|Last Respects|p1a: Kommo-o\n|-damage|p1a: Kommo-o|74/100\n|move|p2b: Garchomp|Stomping Tantrum|p1b: Incineroar\n|-supereffective|p1b: Incineroar|1\n|-damage|p1b: Incineroar|34/100\n|-enditem|p1b: Incineroar|Sitrus Berry|[eat]\n|-heal|p1b: Incineroar|59/100|[from] item: Sitrus Berry\n|move|p1b: Incineroar|Parting Shot|p2a: Basculegion\n|-unboost|p2a: Basculegion|atk|1\n|-unboost|p2a: Basculegion|spa|1\n|\n|t:|1776011281\n|switch|p1b: Gengar|Gengar-Mega, L50, M|83/100|[from] Parting Shot\n|\n|-heal|p1a: Kommo-o|80/100|[from] item: Leftovers\n|-damage|p2a: Basculegion|88/100 brn|[from] brn\n|-damage|p2b: Garchomp|82/100 brn|[from] brn\n|-sideend|p1: Whatever0512|move: Tailwind\n|upkeep\n|turn|7\n|\n|t:|1776011305\n|switch|p1b: Incineroar|Incineroar, L50, M|59/100\n|-ability|p1b: Incineroar|Intimidate|boost\n|-unboost|p2a: Basculegion|atk|1\n|-unboost|p2b: Garchomp|atk|1\n|move|p2a: Basculegion|Last Respects|p1b: Incineroar\n|-resisted|p1b: Incineroar|1\n|-damage|p1b: Incineroar|53/100\n|move|p2b: Garchomp|Dragon Claw|p1a: Kommo-o\n|-supereffective|p1a: Kommo-o|1\n|-damage|p1a: Kommo-o|63/100\n|move|p1a: Kommo-o|Clangorous Soul|p1a: Kommo-o\n|-boost|p1a: Kommo-o|atk|1\n|-boost|p1a: Kommo-o|def|1\n|-boost|p1a: Kommo-o|spa|1\n|-boost|p1a: Kommo-o|spd|1\n|-boost|p1a: Kommo-o|spe|1\n|-damage|p1a: Kommo-o|30/100\n|\n|-heal|p1a: Kommo-o|36/100|[from] item: Leftovers\n|-damage|p2a: Basculegion|82/100 brn|[from] brn\n|-damage|p2b: Garchomp|76/100 brn|[from] brn\n|upkeep\n|turn|8\n|\n|t:|1776011346\n|move|p2a: Basculegion|Last Respects|p1a: Kommo-o\n|-crit|p1a: Kommo-o\n|-damage|p1a: Kommo-o|0 fnt\n|faint|p1a: Kommo-o\n|move|p2b: Garchomp|Rock Slide|p1b: Incineroar\n|-supereffective|p1b: Incineroar|1\n|-damage|p1b: Incineroar|41/100\n|move|p1b: Incineroar|Parting Shot|p2a: Basculegion\n|-unboost|p2a: Basculegion|atk|1\n|-unboost|p2a: Basculegion|spa|1\n|c|\u2606Whatever0512|LOL of course a crit\n|\n|t:|1776011367\n|switch|p1b: Gengar|Gengar-Mega, L50, M|83/100|[from] Parting Shot\n|\n|-damage|p2a: Basculegion|76/100 brn|[from] brn\n|-damage|p2b: Garchomp|70/100 brn|[from] brn\n|upkeep\n|\n|t:|1776011369\n|switch|p1a: Corviknight|Corviknight, L50, F|58/100\n|turn|9\n|\n|t:|1776011415\n|move|p1b: Gengar|Protect|p1b: Gengar\n|-singleturn|p1b: Gengar|Protect\n|move|p2a: Basculegion|Last Respects|p1b: Gengar\n|-activate|p1b: Gengar|move: Protect\n|move|p2b: Garchomp|Rock Slide|p1b: Gengar|[spread] p1a\n|-activate|p1b: Gengar|move: Protect\n|-damage|p1a: Corviknight|53/100\n|move|p1a: Corviknight|Tailwind|p1a: Corviknight\n|-sidestart|p1: Whatever0512|move: Tailwind\n|\n|-damage|p2a: Basculegion|70/100 brn|[from] brn\n|-damage|p2b: Garchomp|64/100 brn|[from] brn\n|upkeep\n|turn|10\n|\n|t:|1776011446\n|switch|p1a: Incineroar|Incineroar, L50, M|41/100\n|-ability|p1a: Incineroar|Intimidate|boost\n|-unboost|p2a: Basculegion|atk|1\n|-unboost|p2b: Garchomp|atk|1\n|move|p1b: Gengar|Shadow Ball|p2b: Garchomp\n|-damage|p2b: Garchomp|18/100 brn\n|-enditem|p2b: Garchomp|Sitrus Berry|[eat]\n|-heal|p2b: Garchomp|43/100 brn|[from] item: Sitrus Berry\n|move|p2a: Basculegion|Last Respects|p1b: Gengar\n|-supereffective|p1b: Gengar|1\n|-damage|p1b: Gengar|60/100\n|move|p2b: Garchomp|Rock Slide|p1a: Incineroar|[spread] p1a,p1b\n|-supereffective|p1a: Incineroar|1\n|-damage|p1a: Incineroar|34/100\n|-damage|p1b: Gengar|56/100\n|\n|-damage|p2a: Basculegion|64/100 brn|[from] brn\n|-damage|p2b: Garchomp|37/100 brn|[from] brn\n|upkeep\n|turn|11\n|\n|t:|1776011472\n|move|p1b: Gengar|Shadow Ball|p2b: Garchomp\n|-damage|p2b: Garchomp|0 fnt\n|faint|p2b: Garchomp\n|move|p2a: Basculegion|Last Respects|p1b: Gengar\n|-supereffective|p1b: Gengar|1\n|-damage|p1b: Gengar|17/100\n|move|p1a: Incineroar|Throat Chop|p2a: Basculegion\n|-supereffective|p2a: Basculegion|1\n|-damage|p2a: Basculegion|0 fnt\n|faint|p2a: Basculegion\n|\n|upkeep\n|\n|t:|1776011486\n|switch|p2b: Incineroar|Incineroar, L50, F|100/100\n|-ability|p2b: Incineroar|Intimidate|boost\n|-unboost|p1a: Incineroar|atk|1\n|-unboost|p1b: Gengar|atk|1\n|turn|12\n|\n|t:|1776011493\n|switch|p1a: Corviknight|Corviknight, L50, F|53/100\n|move|p1b: Gengar|Sludge Bomb|p2b: Incineroar\n|-damage|p2b: Incineroar|58/100\n|-status|p2b: Incineroar|psn\n|move|p2b: Incineroar|Darkest Lariat|p1a: Corviknight\n|-damage|p1a: Corviknight|20/100\n|\n|-heal|p2b: Incineroar|64/100 psn|[from] item: Leftovers\n|-damage|p2b: Incineroar|52/100 psn|[from] psn\n|-sideend|p1: Whatever0512|move: Tailwind\n|upkeep\n|turn|13\n|\n|t:|1776011509\n|switch|p1a: Incineroar|Incineroar, L50, M|34/100\n|-ability|p1a: Incineroar|Intimidate|boost\n|-unboost|p2b: Incineroar|atk|1\n|move|p1b: Gengar|Protect|p1b: Gengar\n|-singleturn|p1b: Gengar|Protect\n|move|p2b: Incineroar|Darkest Lariat|p1b: Gengar\n|-activate|p1b: Gengar|move: Protect\n|\n|-heal|p2b: Incineroar|58/100 psn|[from] item: Leftovers\n|-damage|p2b: Incineroar|46/100 psn|[from] psn\n|upkeep\n|turn|14\n|\n|t:|1776011525\n|move|p1a: Incineroar|Fake Out|p2b: Incineroar\n|-damage|p2b: Incineroar|36/100 psn\n|move|p1b: Gengar|Sludge Bomb|p2b: Incineroar\n|-damage|p2b: Incineroar|0 fnt\n|faint|p2b: Incineroar\n|\n|win|Whatever0512\n|raw|Whatever0512's rating: 1000 &rarr; <strong>1049</strong><br />(+49 for winning)\n|raw|pokemonyoyoplayer's rating: 1078 &rarr; <strong>1052</strong><br />(-26 for losing)\n",
  "uploadtime": 1776011536,
  "views": 29,
  "formatid": "gen9championsvgc2026regma",
  "rating": 1049,
  "private": 0,
  "password": null
}