{
  "id": "gen9championsvgc2026regma-2582787845",
  "format": "[Gen 9 Champions] VGC 2026 Reg M-A",
  "players": [
    "zan81",
    "TorkoalWQuickclaw"
  ],
  "log": "|j|\u2606zan81\n|j|\u2606TorkoalWQuickclaw\n|t:|1776114154\n|gametype|doubles\n|player|p1|zan81|101|1418\n|player|p2|TorkoalWQuickclaw|gwynn|1327\n|gen|9\n|tier|[Gen 9 Champions] VGC 2026 Reg M-A\n|rated|\n|rule|Species Clause: Limit one of each Pok\u00e9mon\n|rule|Item Clause: Limit 1 of each item\n|clearpoke\n|poke|p1|Kingambit, L50, M|\n|poke|p1|Sneasler, L50, M|\n|poke|p1|Basculegion, L50, M|\n|poke|p1|Froslass, L50, F|\n|poke|p1|Delphox, L50, F|\n|poke|p1|Whimsicott, L50, F|\n|poke|p2|Floette-Eternal, L50, F|\n|poke|p2|Kingambit, L50, F|\n|poke|p2|Rotom-Wash, L50|\n|poke|p2|Sneasler, L50, F|\n|poke|p2|Aerodactyl, L50, F|\n|poke|p2|Incineroar, L50, F|\n|teampreview|4\n|inactive|Battle timer is ON: inactive players will automatically lose when time's up. (requested by zan81)\n|inactive|TorkoalWQuickclaw also wants the timer to be on.\nTorkoalWQuickclaw has agreed to open team sheets.\n|inactive|zan81 has 60 seconds left.\n|inactive|TorkoalWQuickclaw has 60 seconds left.\n|\n|t:|1776114213\n|teamsize|p1|4\n|teamsize|p2|4\n|start\n|switch|p1a: Duni|Delphox, L50, F|100/100\n|switch|p1b: Kinki the goat|Sneasler, L50, M|100/100\n|switch|p2a: Rotom|Rotom-Wash, L50|100/100\n|switch|p2b: Aerodactyl|Aerodactyl, L50, F|100/100\n|-ability|p2b: Aerodactyl|Unnerve\n|turn|1\n|\n|t:|1776114234\n|detailschange|p1a: Duni|Delphox-Mega, L50, F\n|-mega|p1a: Duni|Delphox|Delphoxite\n|move|p1b: Kinki the goat|Fake Out|p2b: Aerodactyl\n|-resisted|p2b: Aerodactyl|1\n|-damage|p2b: Aerodactyl|90/100\n|move|p2a: Rotom|Hydro Pump|p1a: Duni\n|-supereffective|p1a: Duni|1\n|-damage|p1a: Duni|0 fnt\n|faint|p1a: Duni\n|cant|p2b: Aerodactyl|flinch\n|\n|upkeep\n|\n|t:|1776114244\n|switch|p1a: Zan|Basculegion, L50, M|100/100\n|turn|2\n|inactive|TorkoalWQuickclaw has 30 seconds left.\n|\n|t:|1776114277\n|switch|p2a: Sneasler|Sneasler, L50, F|100/100\n|move|p1a: Zan|Wave Crash|p2b: Aerodactyl\n|-supereffective|p2b: Aerodactyl|1\n|-damage|p2b: Aerodactyl|0 fnt\n|faint|p2b: Aerodactyl\n|-damage|p1a: Zan|77/100|[from] Recoil\n|move|p1b: Kinki the goat|Close Combat|p2a: Sneasler\n|-resisted|p2a: Sneasler|1\n|-damage|p2a: Sneasler|48/100\n|-unboost|p1b: Kinki the goat|def|1\n|-unboost|p1b: Kinki the goat|spd|1\n|-enditem|p1b: Kinki the goat|White Herb\n|-clearnegativeboost|p1b: Kinki the goat|[silent]\n|\n|upkeep\n|\n|t:|1776114283\n|switch|p2b: Rotom|Rotom-Wash, L50|100/100\n|turn|3\n|inactive|zan81 has 30 seconds left.\n|\n|t:|1776114311\n|switch|p1a: slave|Whimsicott, L50, F|100/100\n|move|p1b: Kinki the goat|Protect|p1b: Kinki the goat\n|-singleturn|p1b: Kinki the goat|Protect\n|move|p2a: Sneasler|Fake Out|p1b: Kinki the goat\n|-activate|p1b: Kinki the goat|move: Protect\n|move|p2b: Rotom|Thunderbolt|p1a: slave\n|-resisted|p1a: slave|1\n|-damage|p1a: slave|73/100\n|\n|upkeep\n|turn|4\n|inactive|zan81 has 30 seconds left.\n|inactive|zan81 has 20 seconds left.\n|\n|t:|1776114346\n|move|p1b: Kinki the goat|Close Combat|p2a: Sneasler\n|-resisted|p2a: Sneasler|1\n|-damage|p2a: Sneasler|0 fnt\n|-unboost|p1b: Kinki the goat|def|1\n|-unboost|p1b: Kinki the goat|spd|1\n|faint|p2a: Sneasler\n|move|p2b: Rotom|Thunderbolt|p1b: Kinki the goat\n|-damage|p1b: Kinki the goat|23/100\n|move|p1a: slave|Moonblast|p2b: Rotom\n|-damage|p2b: Rotom|67/100\n|\n|upkeep\n|\n|t:|1776114351\n|switch|p2a: Floette|Floette-Eternal, L50, F|100/100\n|turn|5\n|\n|t:|1776114362\n|detailschange|p2a: Floette|Floette-Mega, L50, F\n|-mega|p2a: Floette|Floette|Floettite\n|-ability|p2a: Floette|Fairy Aura\n|move|p1b: Kinki the goat|Protect|p1b: Kinki the goat\n|-singleturn|p1b: Kinki the goat|Protect\n|move|p2a: Floette|Protect|p2a: Floette\n|-singleturn|p2a: Floette|Protect\n|move|p1a: slave|Taunt|p2a: Floette\n|-activate|p2a: Floette|move: Protect\n|move|p2b: Rotom|Thunderbolt|p1b: Kinki the goat\n|-activate|p1b: Kinki the goat|move: Protect\n|\n|upkeep\n|turn|6\n|\n|t:|1776114384\n|move|p2a: Floette|Protect||[still]\n|-fail|p2a: Floette\n|move|p1a: slave|Tailwind|p1a: slave\n|-sidestart|p1: zan81|move: Tailwind\n|move|p1b: Kinki the goat|Dire Claw|p2a: Floette\n|-supereffective|p2a: Floette|1\n|-damage|p2a: Floette|13/100\n|move|p2b: Rotom|Thunderbolt|p1b: Kinki the goat\n|-damage|p1b: Kinki the goat|0 fnt\n|faint|p1b: Kinki the goat\n|\n|upkeep\n|\n|t:|1776114394\n|switch|p1b: Zan|Basculegion, L50, M|77/100\n|turn|7\n|\n|t:|1776114400\n|move|p2a: Floette|Protect|p2a: Floette\n|-singleturn|p2a: Floette|Protect\n|move|p1b: Zan|Last Respects|p2b: Rotom\n|-damage|p2b: Rotom|0 fnt\n|faint|p2b: Rotom\n|move|p1a: slave|Moonblast|p2a: Floette\n|-activate|p2a: Floette|move: Protect\n|\n|upkeep\n|turn|8\n|-message|TorkoalWQuickclaw forfeited.\n|\n|win|zan81\n|raw|zan81's rating: 1418 &rarr; <strong>1433</strong><br />(+15 for winning)\n|raw|TorkoalWQuickclaw's rating: 1327 &rarr; <strong>1312</strong><br />(-15 for losing)\n|l|\u2606TorkoalWQuickclaw\n|player|p2|\n|l|\u2606zan81\n|player|p1|\n",
  "uploadtime": 1776114452,
  "views": 29,
  "formatid": "gen9championsvgc2026regma",
  "rating": 1312,
  "private": 0,
  "password": null
}