{
  "id": "gen9championsvgc2026regma-2580778709",
  "format": "[Gen 9 Champions] VGC 2026 Reg M-A",
  "players": [
    "Pando067",
    "Dufirelord"
  ],
  "log": "|j|\u2606Pando067\n|j|\u2606Dufirelord\n|t:|1775931760\n|gametype|doubles\n|player|p1|Pando067|psychic-lgpe|1061\n|player|p2|Dufirelord|266|1108\n|gen|9\n|tier|[Gen 9 Champions] VGC 2026 Reg M-A\n|rated|\n|rule|Species Clause: Limit one of each Pok\u00e9mon\n|rule|Item Clause: Limit 1 of each item\n|clearpoke\n|poke|p1|Incineroar, L50, F|\n|poke|p1|Whimsicott, L50, M|\n|poke|p1|Crabominable, L50, M|\n|poke|p1|Farigiraf, L50, F|\n|poke|p1|Floette-Eternal, L50, F|\n|poke|p1|Sinistcha, L50|\n|poke|p2|Delphox, L50, M|\n|poke|p2|Whimsicott, L50, F|\n|poke|p2|Sneasler, L50, M|\n|poke|p2|Garchomp, L50, F|\n|poke|p2|Milotic, L50, F|\n|poke|p2|Kingambit, L50, F|\n|teampreview|4\n|\n|t:|1775931795\n|teamsize|p1|4\n|teamsize|p2|4\n|start\n|switch|p1a: Farigiraf|Farigiraf, L50, F|100/100\n|switch|p1b: Incineroar|Incineroar, L50, F|100/100\n|switch|p2a: Garchomp|Garchomp, L50, F|100/100\n|switch|p2b: Delphox|Delphox, L50, M|100/100\n|-ability|p1b: Incineroar|Intimidate|boost\n|-unboost|p2a: Garchomp|atk|1\n|-unboost|p2b: Delphox|atk|1\n|turn|1\n|inactive|Battle timer is ON: inactive players will automatically lose when time's up. (requested by Pando067)\n|\n|t:|1775931847\n|detailschange|p2b: Delphox|Delphox-Mega, L50, M\n|-mega|p2b: Delphox|Delphox|Delphoxite\n|move|p2b: Delphox|Protect|p2b: Delphox\n|-singleturn|p2b: Delphox|Protect\n|move|p2a: Garchomp|Protect|p2a: Garchomp\n|-singleturn|p2a: Garchomp|Protect\n|move|p1b: Incineroar|Parting Shot|p2b: Delphox\n|-activate|p2b: Delphox|move: Protect\n|move|p1a: Farigiraf|Trick Room|p1a: Farigiraf\n|-fieldstart|move: Trick Room|[of] p1a: Farigiraf\n|\n|upkeep\n|turn|2\n|inactive|Dufirelord has 30 seconds left.\n|\n|t:|1775931879\n|move|p1a: Farigiraf|Hyper Voice|p2b: Delphox|[spread] p2a,p2b\n|-damage|p2a: Garchomp|74/100\n|-damage|p2b: Delphox|79/100\n|move|p1b: Incineroar|Throat Chop|p2b: Delphox\n|-supereffective|p2b: Delphox|1\n|-damage|p2b: Delphox|0 fnt\n|faint|p2b: Delphox\n|move|p2a: Garchomp|Earthquake|p1b: Incineroar|[spread] p1a,p1b\n|-supereffective|p1b: Incineroar|1\n|-crit|p1b: Incineroar\n|-enditem|p1b: Incineroar|Shuca Berry|[eat]\n|-enditem|p1b: Incineroar|Shuca Berry|[weaken]\n|-damage|p1a: Farigiraf|75/100\n|-damage|p1b: Incineroar|60/100\n|\n|-heal|p1a: Farigiraf|82/100|[from] item: Leftovers\n|upkeep\n|\n|t:|1775931893\n|switch|p2b: Kingambit|Kingambit, L50, F|100/100\n|turn|3\n|\n|t:|1775931900\n|move|p2b: Kingambit|Protect|p2b: Kingambit\n|-singleturn|p2b: Kingambit|Protect\n|move|p1a: Farigiraf|Protect|p1a: Farigiraf\n|-singleturn|p1a: Farigiraf|Protect\n|move|p1b: Incineroar|Parting Shot|p2a: Garchomp\n|-unboost|p2a: Garchomp|atk|1\n|-unboost|p2a: Garchomp|spa|1\n|\n|t:|1775931904\n|switch|p1b: Crabominable|Crabominable, L50, M|100/100|[from] Parting Shot\n|move|p2a: Garchomp|Earthquake|p1a: Farigiraf|[spread] p1b\n|-activate|p2b: Kingambit|move: Protect\n|-activate|p1a: Farigiraf|move: Protect\n|-damage|p1b: Crabominable|79/100\n|\n|-heal|p1a: Farigiraf|88/100|[from] item: Leftovers\n|upkeep\n|turn|4\n|\n|t:|1775931925\n|detailschange|p1b: Crabominable|Crabominable-Mega, L50, M\n|-mega|p1b: Crabominable|Crabominable|Crabominite\n|move|p2a: Garchomp|Protect|p2a: Garchomp\n|-singleturn|p2a: Garchomp|Protect\n|move|p1b: Crabominable|Drain Punch|p2b: Kingambit\n|-supereffective|p2b: Kingambit|2\n|-damage|p2b: Kingambit|0 fnt\n|-heal|p1b: Crabominable|100/100|[from] drain|[of] p2b: Kingambit\n|faint|p2b: Kingambit\n|move|p1a: Farigiraf|Psychic|p2a: Garchomp\n|-activate|p2a: Garchomp|move: Protect\n|\n|-heal|p1a: Farigiraf|94/100|[from] item: Leftovers\n|upkeep\n|\n|t:|1775931936\n|switch|p2b: Milotic|Milotic, L50, F|100/100\n|turn|5\n|inactive|Dufirelord has 30 seconds left.\n|\n|t:|1775931965\n|move|p1b: Crabominable|Drain Punch|p2b: Milotic\n|-damage|p2b: Milotic|53/100\n|move|p1a: Farigiraf|Hyper Voice|p2b: Milotic|[spread] p2a,p2b\n|-damage|p2a: Garchomp|47/100\n|-damage|p2b: Milotic|35/100\n|move|p2b: Milotic|Scald|p1b: Crabominable\n|-damage|p1b: Crabominable|75/100\n|-status|p1b: Crabominable|brn\n|move|p2a: Garchomp|Dragon Claw|p1a: Farigiraf\n|-damage|p1a: Farigiraf|72/100\n|\n|-heal|p1a: Farigiraf|78/100|[from] item: Leftovers\n|-heal|p2b: Milotic|41/100|[from] item: Leftovers\n|-damage|p1b: Crabominable|70/100 brn|[from] brn\n|-fieldend|move: Trick Room\n|upkeep\n|turn|6\n|\n|t:|1775931983\n|move|p2b: Milotic|Protect|p2b: Milotic\n|-singleturn|p2b: Milotic|Protect\n|move|p2a: Garchomp|Earthquake|p1b: Crabominable|[spread] p1a,p1b\n|-activate|p2b: Milotic|move: Protect\n|-damage|p1a: Farigiraf|59/100\n|-damage|p1b: Crabominable|56/100 brn\n|move|p1b: Crabominable|Bulk Up|p1b: Crabominable\n|-boost|p1b: Crabominable|atk|1\n|-boost|p1b: Crabominable|def|1\n|move|p1a: Farigiraf|Trick Room|p1a: Farigiraf\n|-fieldstart|move: Trick Room|[of] p1a: Farigiraf\n|\n|-heal|p1a: Farigiraf|65/100|[from] item: Leftovers\n|-heal|p2b: Milotic|47/100|[from] item: Leftovers\n|-damage|p1b: Crabominable|50/100 brn|[from] brn\n|upkeep\n|turn|7\n|\n|t:|1775932001\n|move|p2b: Milotic|Protect||[still]\n|-fail|p2b: Milotic\n|move|p1b: Crabominable|Drain Punch|p2b: Milotic\n|-damage|p2b: Milotic|9/100\n|-heal|p1b: Crabominable|69/100 brn|[from] drain|[of] p2b: Milotic\n|move|p1a: Farigiraf|Hyper Voice|p2b: Milotic|[spread] p2a,p2b\n|-crit|p2b: Milotic\n|-damage|p2a: Garchomp|21/100\n|-damage|p2b: Milotic|0 fnt\n|faint|p2b: Milotic\n|move|p2a: Garchomp|Earthquake|p1b: Crabominable|[spread] p1a,p1b\n|-damage|p1a: Farigiraf|46/100\n|-damage|p1b: Crabominable|59/100 brn\n|\n|-heal|p1a: Farigiraf|52/100|[from] item: Leftovers\n|-damage|p1b: Crabominable|53/100 brn|[from] brn\n|upkeep\n|turn|8\n|\n|t:|1775932018\n|move|p1b: Crabominable|Drain Punch|p2a: Garchomp\n|-crit|p2a: Garchomp\n|-damage|p2a: Garchomp|0 fnt\n|-heal|p1b: Crabominable|63/100 brn|[from] drain|[of] p2a: Garchomp\n|-damage|p1b: Crabominable|50/100 brn|[from] ability: Rough Skin|[of] p2a: Garchomp\n|faint|p2a: Garchomp\n|\n|win|Pando067\n|raw|Pando067's rating: 1061 &rarr; <strong>1096</strong><br />(+35 for winning)\n|raw|Dufirelord's rating: 1108 &rarr; <strong>1080</strong><br />(-28 for losing)\n|l|\u2606Dufirelord\n|player|p2|\n",
  "uploadtime": 1775932031,
  "views": 11,
  "formatid": "gen9championsvgc2026regma",
  "rating": 1080,
  "private": 0,
  "password": null
}