{
  "id": "gen9championsvgc2026regma-2581264123",
  "format": "[Gen 9 Champions] VGC 2026 Reg M-A",
  "players": [
    "willkeeper",
    "Cellpab1"
  ],
  "log": "|j|\u2606willkeeper\n|j|\u2606Cellpab1\n|t:|1775978266\n|gametype|doubles\n|player|p1|willkeeper|yellow|1431\n|player|p2|Cellpab1|1|1407\n|gen|9\n|tier|[Gen 9 Champions] VGC 2026 Reg M-A\n|rated|\n|rule|Species Clause: Limit one of each Pok\u00e9mon\n|rule|Item Clause: Limit 1 of each item\n|clearpoke\n|poke|p1|Charizard, L50, M|\n|poke|p1|Venusaur, L50, M|\n|poke|p1|Sneasler, L50, M|\n|poke|p1|Basculegion, L50, M|\n|poke|p1|Garchomp, L50, F|\n|poke|p1|Incineroar, L50, M|\n|poke|p2|Kingambit, L50, F|\n|poke|p2|Dragonite, L50, M|\n|poke|p2|Sneasler, L50, F|\n|poke|p2|Venusaur, L50, F|\n|poke|p2|Incineroar, L50, F|\n|poke|p2|Basculegion, L50, M|\n|teampreview|4\n|inactive|Battle timer is ON: inactive players will automatically lose when time's up. (requested by willkeeper)\n|inactive|willkeeper has 60 seconds left.\n|inactive|Cellpab1 has 60 seconds left.\n|inactive|Cellpab1 has 30 seconds left.\n|inactive|Cellpab1 has 20 seconds left.\n|inactive|Cellpab1 has 15 seconds left.\n|j| giftedyewsucks\n|inactive|Cellpab1 has 10 seconds left.\n|inactive|Cellpab1 has 5 seconds left.\n|\n|t:|1775978355\n|teamsize|p1|4\n|teamsize|p2|4\n|start\n|switch|p1a: Sneasler|Sneasler, L50, M|100/100\n|switch|p1b: Charizard|Charizard, L50, M, shiny|100/100\n|switch|p2a: Sneasler|Sneasler, L50, F|100/100\n|switch|p2b: Incineroar|Incineroar, L50, F|100/100\n|-ability|p2b: Incineroar|Intimidate|boost\n|-unboost|p1a: Sneasler|atk|1\n|-unboost|p1b: Charizard|atk|1\n|-enditem|p1a: Sneasler|White Herb\n|-clearnegativeboost|p1a: Sneasler|[silent]\n|turn|1\n|l| giftedyewsucks\n|j| Tian15\n|inactive|Cellpab1 has 30 seconds left.\n|inactive|Cellpab1 has 20 seconds left.\n|inactive|Cellpab1 has 15 seconds left.\n|inactive|Cellpab1 has 10 seconds left.\n|inactive|Cellpab1 has 5 seconds left.\n|\n|t:|1775978407\n|move|p1a: Sneasler|Protect|p1a: Sneasler\n|-singleturn|p1a: Sneasler|Protect\n|move|p1b: Charizard|Protect|p1b: Charizard\n|-singleturn|p1b: Charizard|Protect\n|move|p2b: Incineroar|Fake Out|p1a: Sneasler\n|-activate|p1a: Sneasler|move: Protect\n|move|p2a: Sneasler|Rock Tomb|p1b: Charizard\n|-activate|p1b: Charizard|move: Protect\n|\n|upkeep\n|turn|2\n|inactive|Cellpab1 has 30 seconds left.\n|inactive|Cellpab1 has 20 seconds left.\n|\n|t:|1775978446\n|switch|p2a: Dragonite|Dragonite, L50, M|100/100\n|switch|p1b: Garchomp|Garchomp, L50, F|100/100\n|move|p1a: Sneasler|Close Combat|p2b: Incineroar\n|-supereffective|p2b: Incineroar|1\n|-damage|p2b: Incineroar|4/100\n|-unboost|p1a: Sneasler|def|1\n|-unboost|p1a: Sneasler|spd|1\n|move|p2b: Incineroar|Parting Shot|p1b: Garchomp\n|-unboost|p1b: Garchomp|atk|1\n|-unboost|p1b: Garchomp|spa|1\n|\n|t:|1775978459\n|switch|p2b: Kingambit|Kingambit, L50, F|100/100|[from] Parting Shot\n|\n|upkeep\n|turn|3\n|\n|t:|1775978486\n|detailschange|p2a: Dragonite|Dragonite-Mega, L50, M\n|-mega|p2a: Dragonite|Dragonite|Dragoninite\n|move|p1a: Sneasler|Rock Slide|p2a: Dragonite|[spread] p2a,p2b\n|-supereffective|p2a: Dragonite|1\n|-crit|p2a: Dragonite\n|-resisted|p2b: Kingambit|1\n|-damage|p2a: Dragonite|76/100\n|-damage|p2b: Kingambit|93/100\n|move|p1b: Garchomp|Dragon Claw|p2a: Dragonite\n|-supereffective|p2a: Dragonite|1\n|-damage|p2a: Dragonite|33/100\n|cant|p2a: Dragonite|flinch\n|move|p2b: Kingambit|Kowtow Cleave|p1a: Sneasler\n|-resisted|p1a: Sneasler|1\n|-damage|p1a: Sneasler|35/100\n|\n|upkeep\n|turn|4\n|inactive|Cellpab1 has 30 seconds left.\n|inactive|Cellpab1 has 20 seconds left.\n|inactive|Cellpab1 has 15 seconds left.\n|inactive|Cellpab1 has 10 seconds left.\n|\n|t:|1775978532\n|switch|p1a: Venusaur|Venusaur, L50, M|100/100\n|switch|p2a: Incineroar|Incineroar, L50, F|4/100\n|-ability|p2a: Incineroar|Intimidate|boost\n|-unboost|p1a: Venusaur|atk|1\n|-unboost|p1b: Garchomp|atk|1\n|move|p1b: Garchomp|Dragon Claw|p2a: Incineroar\n|-damage|p2a: Incineroar|0 fnt\n|faint|p2a: Incineroar\n|move|p2b: Kingambit|Kowtow Cleave|p1b: Garchomp\n|-damage|p1b: Garchomp|57/100\n|-damage|p2b: Kingambit|81/100|[from] ability: Rough Skin|[of] p1b: Garchomp\n|\n|upkeep\n|inactive|Cellpab1 has 30 seconds left.\n|\n|t:|1775978565\n|switch|p2a: Sneasler|Sneasler, L50, F|100/100\n|turn|5\n|l| Tian15\n|inactive|Cellpab1 has 30 seconds left.\n|inactive|Cellpab1 has 20 seconds left.\n|inactive|Cellpab1 has 15 seconds left.\n|inactive|Cellpab1 has 10 seconds left.\n|\n|t:|1775978613\n|move|p2a: Sneasler|Protect|p2a: Sneasler\n|-singleturn|p2a: Sneasler|Protect\n|move|p1b: Garchomp|Earthquake|p2a: Sneasler|[spread] p1a,p2b\n|-activate|p2a: Sneasler|move: Protect\n|-supereffective|p2b: Kingambit|1\n|-damage|p1a: Venusaur|72/100\n|-damage|p2b: Kingambit|52/100\n|move|p1a: Venusaur|Earth Power|p2a: Sneasler\n|-activate|p2a: Sneasler|move: Protect\n|move|p2b: Kingambit|Kowtow Cleave|p1b: Garchomp\n|-damage|p1b: Garchomp|15/100\n|-damage|p2b: Kingambit|40/100|[from] ability: Rough Skin|[of] p1b: Garchomp\n|\n|upkeep\n|turn|6\n|inactive|Cellpab1 has 30 seconds left.\n|\n|t:|1775978646\n|switch|p1b: Charizard|Charizard, L50, M, shiny|100/100\n|move|p2b: Kingambit|Sucker Punch||[still]\n|-fail|p2b: Kingambit\n|move|p2a: Sneasler|Rock Tomb|p1b: Charizard\n|-supereffective|p1b: Charizard|2\n|-damage|p1b: Charizard|0 fnt\n|faint|p1b: Charizard\n|move|p1a: Venusaur|Sleep Powder|p2a: Sneasler|[miss]\n|-miss|p1a: Venusaur|p2a: Sneasler\n|\n|upkeep\n|\n|t:|1775978659\n|switch|p1b: Garchomp|Garchomp, L50, F|15/100\n|turn|7\n|j| gE1xjZRtuhW2DdT0AK\n|inactive|Cellpab1 has 30 seconds left.\n|inactive|Cellpab1 has 20 seconds left.\n|inactive|Cellpab1 has 15 seconds left.\n|\n|t:|1775978703\n|switch|p2a: Dragonite|Dragonite-Mega, L50, M|33/100\n|move|p1b: Garchomp|Earthquake|p2b: Kingambit|[spread] p1a,p2b\n|-immune|p2a: Dragonite\n|-supereffective|p2b: Kingambit|1\n|-damage|p1a: Venusaur|16/100\n|-damage|p2b: Kingambit|0 fnt\n|faint|p2b: Kingambit\n|move|p1a: Venusaur|Earth Power|p2a: Dragonite\n|-immune|p2a: Dragonite\n|\n|upkeep\n|\n|t:|1775978716\n|switch|p2b: Sneasler|Sneasler, L50, F|100/100\n|turn|8\n|inactive|Cellpab1 has 30 seconds left.\n|\n|t:|1775978747\n|move|p1b: Garchomp|Protect|p1b: Garchomp\n|-singleturn|p1b: Garchomp|Protect\n|move|p2b: Sneasler|Close Combat|p1a: Venusaur\n|-resisted|p1a: Venusaur|1\n|-damage|p1a: Venusaur|0 fnt\n|-unboost|p2b: Sneasler|def|1\n|-unboost|p2b: Sneasler|spd|1\n|faint|p1a: Venusaur\n|move|p2a: Dragonite|Dragon Pulse|p1b: Garchomp\n|-activate|p1b: Garchomp|move: Protect\n|\n|upkeep\n|\n|t:|1775978757\n|switch|p1a: Sneasler|Sneasler, L50, M|35/100\n|turn|9\n|\n|t:|1775978766\n|move|p2b: Sneasler|Protect|p2b: Sneasler\n|-singleturn|p2b: Sneasler|Protect\n|move|p2a: Dragonite|Protect|p2a: Dragonite\n|-singleturn|p2a: Dragonite|Protect\n|move|p1a: Sneasler|Rock Slide|p2a: Dragonite|[spread] \n|-activate|p2a: Dragonite|move: Protect\n|-activate|p2b: Sneasler|move: Protect\n|move|p1b: Garchomp|Dragon Claw|p2b: Sneasler\n|-activate|p2b: Sneasler|move: Protect\n|\n|upkeep\n|turn|10\n|inactive|Cellpab1 has 30 seconds left.\n|\n|t:|1775978795\n|move|p2b: Sneasler|Close Combat|p1a: Sneasler\n|-resisted|p1a: Sneasler|1\n|-damage|p1a: Sneasler|0 fnt\n|-unboost|p2b: Sneasler|def|1\n|-unboost|p2b: Sneasler|spd|1\n|faint|p1a: Sneasler\n|move|p1b: Garchomp|Dragon Claw|p2a: Dragonite\n|-supereffective|p2a: Dragonite|1\n|-damage|p2a: Dragonite|0 fnt\n|faint|p2a: Dragonite\n|\n|upkeep\n|turn|11\n|\n|t:|1775978800\n|move|p2b: Sneasler|Close Combat|p1b: Garchomp\n|-damage|p1b: Garchomp|0 fnt\n|-unboost|p2b: Sneasler|def|1\n|-unboost|p2b: Sneasler|spd|1\n|-damage|p2b: Sneasler|88/100|[from] ability: Rough Skin|[of] p1b: Garchomp\n|faint|p1b: Garchomp\n|\n|win|Cellpab1\n|raw|willkeeper's rating: 1431 &rarr; <strong>1410</strong><br />(-21 for losing)\n|raw|Cellpab1's rating: 1407 &rarr; <strong>1428</strong><br />(+21 for winning)\n|l|\u2606willkeeper\n|player|p1|\n|l|\u2606Cellpab1\n|player|p2|\n",
  "uploadtime": 1775978842,
  "views": 73,
  "formatid": "gen9championsvgc2026regma",
  "rating": 1410,
  "private": 0,
  "password": null
}