{
  "id": "gen9championsvgc2026regma-2584872362",
  "format": "[Gen 9 Champions] VGC 2026 Reg M-A",
  "players": [
    "KUTF1",
    "Wadoooskyy"
  ],
  "log": "|j|\u2606KUTF1\n|j|\u2606Wadoooskyy\n|t:|1776290381\n|gametype|doubles\n|player|p1|KUTF1|firebreather|1048\n|player|p2|Wadoooskyy|266|1116\n|gen|9\n|tier|[Gen 9 Champions] VGC 2026 Reg M-A\n|rated|\n|rule|Species Clause: Limit one of each Pok\u00e9mon\n|rule|Item Clause: Limit 1 of each item\n|clearpoke\n|poke|p1|Drampa, L50, M|\n|poke|p1|Emboar, L50, F|\n|poke|p1|Kingambit, L50, M|\n|poke|p1|Decidueye-Hisui, L50, M|\n|poke|p1|Farigiraf, L50, F|\n|poke|p1|Incineroar, L50, M|\n|poke|p2|Charizard, L50, M|\n|poke|p2|Krookodile, L50, F|\n|poke|p2|Venusaur, L50, F|\n|poke|p2|Sylveon, L50, F|\n|poke|p2|Sneasler, L50, M|\n|poke|p2|Raichu, L50, F|\n|teampreview|4\n|inactive|Battle timer is ON: inactive players will automatically lose when time's up. (requested by KUTF1)\n|\n|t:|1776290404\n|teamsize|p1|4\n|teamsize|p2|4\n|start\n|switch|p1a: Bruh.|Incineroar, L50, M|100/100\n|switch|p1b: Say it Again|Farigiraf, L50, F|100/100\n|switch|p2a: Venusaur|Venusaur, L50, F|100/100\n|switch|p2b: Sneasler|Sneasler, L50, M|100/100\n|-ability|p1a: Bruh.|Intimidate|boost\n|-unboost|p2a: Venusaur|atk|1\n|-unboost|p2b: Sneasler|atk|1\n|turn|1\n|\n|t:|1776290422\n|move|p1a: Bruh.|Fake Out|p2b: Sneasler\n|-damage|p2b: Sneasler|77/100\n|cant|p2b: Sneasler|flinch\n|move|p2a: Venusaur|Sleep Powder|p1a: Bruh.|[miss]\n|-miss|p2a: Venusaur|p1a: Bruh.\n|move|p1b: Say it Again|Trick Room|p1b: Say it Again\n|-fieldstart|move: Trick Room|[of] p1b: Say it Again\n|\n|upkeep\n|turn|2\n|\n|t:|1776290435\n|move|p1b: Say it Again|Hyper Voice|p2a: Venusaur|[spread] p2a,p2b\n|-damage|p2a: Venusaur|78/100\n|-damage|p2b: Sneasler|41/100\n|move|p1a: Bruh.|Flare Blitz|p2a: Venusaur\n|-supereffective|p2a: Venusaur|1\n|-damage|p2a: Venusaur|0 fnt\n|faint|p2a: Venusaur\n|-damage|p1a: Bruh.|78/100|[from] Recoil\n|move|p2b: Sneasler|Dire Claw|p1b: Say it Again\n|-damage|p1b: Say it Again|75/100\n|-status|p1b: Say it Again|par\n|-enditem|p1b: Say it Again|Lum Berry|[eat]\n|-curestatus|p1b: Say it Again|par|[msg]\n|-status|p1b: Say it Again|psn|[from] ability: Poison Touch|[of] p2b: Sneasler\n|\n|-damage|p1b: Say it Again|63/100 psn|[from] psn\n|upkeep\n|\n|t:|1776290445\n|switch|p2a: Sylveon|Sylveon, L50, F|100/100\n|turn|3\n|\n|t:|1776290452\n|move|p1b: Say it Again|Hyper Voice|p2a: Sylveon|[spread] p2a,p2b\n|-damage|p2a: Sylveon|81/100\n|-damage|p2b: Sneasler|6/100\n|move|p1a: Bruh.|Flare Blitz|p2a: Sylveon\n|-damage|p2a: Sylveon|0 fnt\n|faint|p2a: Sylveon\n|-damage|p1a: Bruh.|51/100|[from] Recoil\n|move|p2b: Sneasler|Dire Claw|p1a: Bruh.\n|-damage|p1a: Bruh.|26/100\n|-status|p1a: Bruh.|par\n|-enditem|p1a: Bruh.|Sitrus Berry|[eat]\n|-heal|p1a: Bruh.|51/100 par|[from] item: Sitrus Berry\n|\n|-damage|p1b: Say it Again|51/100 psn|[from] psn\n|upkeep\n|\n|t:|1776290459\n|switch|p2a: Charizard|Charizard, L50, M, shiny|100/100\n|turn|4\n|\n|t:|1776290468\n|detailschange|p2a: Charizard|Charizard-Mega-Y, L50, M, shiny\n|-mega|p2a: Charizard|Charizard|Charizardite Y\n|-weather|SunnyDay|[from] ability: Drought|[of] p2a: Charizard\n|move|p1a: Bruh.|Flare Blitz|p2a: Charizard\n|-resisted|p2a: Charizard|1\n|-damage|p2a: Charizard|38/100\n|-damage|p1a: Bruh.|35/100 par|[from] Recoil\n|move|p1b: Say it Again|Hyper Voice|p2a: Charizard|[spread] p2a,p2b\n|-damage|p2a: Charizard|10/100\n|-damage|p2b: Sneasler|0 fnt\n|faint|p2b: Sneasler\n|move|p2a: Charizard|Heat Wave|p1b: Say it Again|[spread] p1a,p1b\n|-resisted|p1a: Bruh.|1\n|-damage|p1a: Bruh.|2/100 par\n|-damage|p1b: Say it Again|0 fnt\n|faint|p1b: Say it Again\n|\n|-weather|SunnyDay|[upkeep]\n|upkeep\n|\n|t:|1776290471\n|switch|p1b: Yamata No Orichi|Drampa, L50, M, shiny|100/100\n|-ability|p1b: Yamata No Orichi|Cloud Nine\n|turn|5\n|\n|t:|1776290488\n|move|p2a: Charizard|Protect|p2a: Charizard\n|-singleturn|p2a: Charizard|Protect\n|cant|p1a: Bruh.|par\n|move|p1b: Yamata No Orichi|Hyper Voice|p2a: Charizard\n|-activate|p2a: Charizard|move: Protect\n|\n|-weather|SunnyDay|[upkeep]\n|-fieldend|move: Trick Room\n|upkeep\n|turn|6\n|\n|t:|1776290497\n|detailschange|p1b: Yamata No Orichi|Drampa-Mega, L50, M, shiny\n|-mega|p1b: Yamata No Orichi|Drampa|Drampanite\n|move|p2a: Charizard|Heat Wave|p1b: Yamata No Orichi|[spread] p1a,p1b\n|-resisted|p1a: Bruh.|1\n|-resisted|p1b: Yamata No Orichi|1\n|-damage|p1a: Bruh.|0 fnt\n|-damage|p1b: Yamata No Orichi|69/100\n|faint|p1a: Bruh.\n|move|p1b: Yamata No Orichi|Hyper Voice|p2a: Charizard\n|-damage|p2a: Charizard|0 fnt\n|faint|p2a: Charizard\n|\n|win|KUTF1\n|raw|KUTF1's rating: 1048 &rarr; <strong>1087</strong><br />(+39 for winning)\n|raw|Wadoooskyy's rating: 1116 &rarr; <strong>1086</strong><br />(-30 for losing)\n|l|\u2606Wadoooskyy\n|player|p2|\n",
  "uploadtime": 1776290503,
  "views": 23,
  "formatid": "gen9championsvgc2026regma",
  "rating": 1086,
  "private": 0,
  "password": null
}