{
  "id": "gen9championsvgc2026regma-2586594597",
  "format": "[Gen 9 Champions] VGC 2026 Reg M-A",
  "players": [
    "DylanNoPancakes",
    "jihu89ioj"
  ],
  "log": "|j|\u2606DylanNoPancakes\n|j|\u2606jihu89ioj\n|t:|1776445551\n|gametype|doubles\n|player|p1|DylanNoPancakes|265|1104\n|player|p2|jihu89ioj|101|1132\n|gen|9\n|tier|[Gen 9 Champions] VGC 2026 Reg M-A\n|rated|\n|rule|Species Clause: Limit one of each Pok\u00e9mon\n|rule|Item Clause: Limit 1 of each item\n|clearpoke\n|poke|p1|Pelipper, L50, M|\n|poke|p1|Basculegion, L50, M|\n|poke|p1|Incineroar, L50, M|\n|poke|p1|Sinistcha, L50|\n|poke|p1|Glalie, L50, M|\n|poke|p1|Sneasler, L50, M|\n|poke|p2|Garchomp, L50, M|\n|poke|p2|Tyranitar, L50, M|\n|poke|p2|Talonflame, L50, M|\n|poke|p2|Primarina, L50, F|\n|poke|p2|Roserade, L50, M|\n|poke|p2|Orthworm, L50, F|\n|teampreview|4\n|inactive|Battle timer is ON: inactive players will automatically lose when time's up. (requested by DylanNoPancakes)\n|inactive|jihu89ioj has 60 seconds left.\n|\n|t:|1776445603\n|teamsize|p1|4\n|teamsize|p2|4\n|start\n|switch|p1a: Pelipper|Pelipper, L50, M|100/100\n|switch|p1b: Sneasler|Sneasler, L50, M|100/100\n|switch|p2a: Talonflame|Talonflame, L50, M|100/100\n|switch|p2b: Roserade|Roserade, L50, M|100/100\n|-weather|RainDance|[from] ability: Drizzle|[of] p1a: Pelipper\n|turn|1\n|\n|t:|1776445622\n|move|p1b: Sneasler|Fake Out|p2a: Talonflame\n|-damage|p2a: Talonflame|75/100\n|move|p2b: Roserade|Sleep Powder|p1a: Pelipper\n|-status|p1a: Pelipper|slp|[from] move: Sleep Powder\n|cant|p2a: Talonflame|flinch\n|cant|p1a: Pelipper|slp\n|\n|-weather|RainDance|[upkeep]\n|upkeep\n|turn|2\n|\n|t:|1776445639\n|switch|p2b: Tyranitar|Tyranitar, L50, M|100/100\n|-weather|Sandstorm|[from] ability: Sand Stream|[of] p2b: Tyranitar\n|switch|p1b: Incineroar|Incineroar, L50, M|100/100\n|-ability|p1b: Incineroar|Intimidate|boost\n|-unboost|p2a: Talonflame|atk|1\n|-unboost|p2b: Tyranitar|atk|1\n|move|p2a: Talonflame|Dual Wingbeat|p1b: Incineroar\n|-damage|p1b: Incineroar|90/100\n|-damage|p1b: Incineroar|79/100\n|-hitcount|p1b: Incineroar|2\n|-curestatus|p1a: Pelipper|slp|[msg]\n|move|p1a: Pelipper|Tailwind|p1a: Pelipper\n|-sidestart|p1: DylanNoPancakes|move: Tailwind\n|\n|-weather|Sandstorm|[upkeep]\n|-damage|p1a: Pelipper|95/100|[from] Sandstorm\n|-damage|p2a: Talonflame|70/100|[from] Sandstorm\n|-damage|p1b: Incineroar|73/100|[from] Sandstorm\n|upkeep\n|turn|3\n|\n|t:|1776445662\n|switch|p1a: Sneasler|Sneasler, L50, M|100/100\n|move|p1b: Incineroar|Fake Out|p2b: Tyranitar\n|-resisted|p2b: Tyranitar|1\n|-damage|p2b: Tyranitar|97/100\n|move|p2a: Talonflame|Tailwind|p2a: Talonflame\n|-sidestart|p2: jihu89ioj|move: Tailwind\n|cant|p2b: Tyranitar|flinch\n|\n|-weather|Sandstorm|[upkeep]\n|-damage|p2a: Talonflame|64/100|[from] Sandstorm\n|-damage|p1a: Sneasler|95/100|[from] Sandstorm\n|-damage|p1b: Incineroar|67/100|[from] Sandstorm\n|-heal|p2b: Tyranitar|100/100|[from] item: Leftovers\n|upkeep\n|turn|4\n|\n|t:|1776445682\n|move|p2a: Talonflame|Protect|p2a: Talonflame\n|-singleturn|p2a: Talonflame|Protect\n|move|p2b: Tyranitar|Protect|p2b: Tyranitar\n|-singleturn|p2b: Tyranitar|Protect\n|move|p1a: Sneasler|Close Combat|p2b: Tyranitar\n|-activate|p2b: Tyranitar|move: Protect\n|move|p1b: Incineroar|Parting Shot|p2a: Talonflame\n|-activate|p2a: Talonflame|move: Protect\n|\n|-weather|Sandstorm|[upkeep]\n|-damage|p2a: Talonflame|58/100|[from] Sandstorm\n|-damage|p1a: Sneasler|89/100|[from] Sandstorm\n|-damage|p1b: Incineroar|61/100|[from] Sandstorm\n|upkeep\n|turn|5\n|\n|t:|1776445700\n|switch|p2b: Roserade|Roserade, L50, M|100/100\n|move|p2a: Talonflame|Dual Wingbeat|p1a: Sneasler\n|-supereffective|p1a: Sneasler|1\n|-damage|p1a: Sneasler|55/100\n|-supereffective|p1a: Sneasler|1\n|-damage|p1a: Sneasler|20/100\n|-hitcount|p1a: Sneasler|2\n|move|p1a: Sneasler|Rock Slide|p2a: Talonflame|[spread] p2a\n|-miss|p1a: Sneasler|p2b: Roserade\n|-supereffective|p2a: Talonflame|2\n|-crit|p2a: Talonflame\n|-damage|p2a: Talonflame|0 fnt\n|faint|p2a: Talonflame\n|move|p1b: Incineroar|Parting Shot|p2b: Roserade\n|-unboost|p2b: Roserade|atk|1\n|-unboost|p2b: Roserade|spa|1\n|\n|t:|1776445712\n|switch|p1b: Pelipper|Pelipper, L50, M|95/100|[from] Parting Shot\n|-weather|RainDance|[from] ability: Drizzle|[of] p1b: Pelipper\n|\n|-weather|RainDance|[upkeep]\n|-sideend|p1: DylanNoPancakes|move: Tailwind\n|upkeep\n|\n|t:|1776445721\n|switch|p2a: Tyranitar|Tyranitar, L50, M|100/100\n|-weather|Sandstorm|[from] ability: Sand Stream|[of] p2a: Tyranitar\n|turn|6\n|\n|t:|1776445738\n|move|p2a: Tyranitar|Protect|p2a: Tyranitar\n|-singleturn|p2a: Tyranitar|Protect\n|move|p1b: Pelipper|Protect|p1b: Pelipper\n|-singleturn|p1b: Pelipper|Protect\n|move|p2b: Roserade|Weather Ball|p1b: Pelipper\n|-activate|p1b: Pelipper|move: Protect\n|move|p1a: Sneasler|Dire Claw|p2b: Roserade\n|-damage|p2b: Roserade|14/100\n|\n|-weather|Sandstorm|[upkeep]\n|-damage|p2b: Roserade|9/100|[from] Sandstorm\n|-damage|p1a: Sneasler|15/100|[from] Sandstorm\n|-damage|p1b: Pelipper|89/100|[from] Sandstorm\n|-sideend|p2: jihu89ioj|move: Tailwind\n|upkeep\n|turn|7\n|\n|t:|1776445763\n|move|p2b: Roserade|Weather Ball|p1a: Sneasler\n|-resisted|p1a: Sneasler|1\n|-damage|p1a: Sneasler|0 fnt\n|faint|p1a: Sneasler\n|move|p1b: Pelipper|Tailwind|p1b: Pelipper\n|-sidestart|p1: DylanNoPancakes|move: Tailwind\n|move|p2a: Tyranitar|Rock Slide|p1b: Pelipper\n|-supereffective|p1b: Pelipper|1\n|-damage|p1b: Pelipper|0 fnt\n|faint|p1b: Pelipper\n|\n|-weather|Sandstorm|[upkeep]\n|-damage|p2b: Roserade|3/100|[from] Sandstorm\n|upkeep\n|\n|t:|1776445776\n|switch|p1a: Incineroar|Incineroar, L50, M|61/100\n|switch|p1b: Basculegion|Basculegion, L50, M|100/100\n|-ability|p1a: Incineroar|Intimidate|boost\n|-unboost|p2a: Tyranitar|atk|1\n|-unboost|p2b: Roserade|atk|1\n|turn|8\n|\n|t:|1776445789\n|move|p1a: Incineroar|Fake Out|p2b: Roserade\n|-damage|p2b: Roserade|0 fnt\n|faint|p2b: Roserade\n|move|p1b: Basculegion|Wave Crash|p2a: Tyranitar\n|-supereffective|p2a: Tyranitar|1\n|-damage|p2a: Tyranitar|0 fnt\n|faint|p2a: Tyranitar\n|-damage|p1b: Basculegion|66/100|[from] Recoil\n|\n|-weather|Sandstorm|[upkeep]\n|-damage|p1b: Basculegion|60/100|[from] Sandstorm\n|-damage|p1a: Incineroar|55/100|[from] Sandstorm\n|upkeep\n|\n|t:|1776445800\n|switch|p2b: Garchomp|Garchomp, L50, M|100/100\n|turn|9\n|\n|t:|1776445808\n|detailschange|p2b: Garchomp|Garchomp-Mega, L50, M\n|-mega|p2b: Garchomp|Garchomp|Garchompite\n|move|p2b: Garchomp|Protect|p2b: Garchomp\n|-singleturn|p2b: Garchomp|Protect\n|move|p1b: Basculegion|Wave Crash|p2b: Garchomp\n|-activate|p2b: Garchomp|move: Protect\n|move|p1a: Incineroar|Parting Shot|p2b: Garchomp\n|-activate|p2b: Garchomp|move: Protect\n|\n|-weather|Sandstorm|[upkeep]\n|-damage|p1b: Basculegion|54/100|[from] Sandstorm\n|-damage|p1a: Incineroar|50/100|[from] Sandstorm\n|upkeep\n|turn|10\n|\n|t:|1776445823\n|move|p1b: Basculegion|Wave Crash|p2b: Garchomp\n|-damage|p2b: Garchomp|37/100\n|-damage|p1b: Basculegion|35/100|[from] Recoil\n|move|p1a: Incineroar|Throat Chop|p2b: Garchomp\n|-damage|p2b: Garchomp|9/100\n|-start|p2b: Garchomp|Throat Chop|[silent]\n|move|p2b: Garchomp|Earthquake|p1a: Incineroar|[spread] p1a,p1b\n|-supereffective|p1a: Incineroar|1\n|-damage|p1a: Incineroar|0 fnt\n|-damage|p1b: Basculegion|0 fnt\n|faint|p1a: Incineroar\n|faint|p1b: Basculegion\n|\n|win|jihu89ioj\n|raw|DylanNoPancakes's rating: 1104 &rarr; <strong>1081</strong><br />(-23 for losing)\n|raw|jihu89ioj's rating: 1132 &rarr; <strong>1155</strong><br />(+23 for winning)\n|c|\u2606DylanNoPancakes|gg\n",
  "uploadtime": 1776445833,
  "views": 33,
  "formatid": "gen9championsvgc2026regma",
  "rating": 1081,
  "private": 0,
  "password": null
}