{
  "id": "gen9championsvgc2026regma-2580883983",
  "format": "[Gen 9 Champions] VGC 2026 Reg M-A",
  "players": [
    "redyrqu",
    "leader-starmie"
  ],
  "log": "|j|\u2606redyrqu\n|j|\u2606leader-starmie\n|t:|1775940368\n|gametype|doubles\n|player|p1|redyrqu|170|1163\n|player|p2|leader-starmie|lida|1158\n|gen|9\n|tier|[Gen 9 Champions] VGC 2026 Reg M-A\n|rated|\n|rule|Species Clause: Limit one of each Pok\u00e9mon\n|rule|Item Clause: Limit 1 of each item\n|clearpoke\n|poke|p1|Incineroar, L50, M|\n|poke|p1|Sneasler, L50, F|\n|poke|p1|Venusaur, L50, M|\n|poke|p1|Charizard, L50, F|\n|poke|p1|Rotom-Wash, L50|\n|poke|p1|Kingambit, L50, F|\n|poke|p2|Lucario, L50, F|\n|poke|p2|Milotic, L50, F|\n|poke|p2|Talonflame, L50, M|\n|poke|p2|Aegislash, L50, F|\n|poke|p2|Clefable, L50, M|\n|poke|p2|Garchomp, L50, M|\n|teampreview|4\n|inactive|Battle timer is ON: inactive players will automatically lose when time's up. (requested by redyrqu)\n|\n|t:|1775940390\n|teamsize|p1|4\n|teamsize|p2|4\n|start\n|switch|p1a: Charizard|Charizard, L50, F|100/100\n|switch|p1b: Venusaur|Venusaur, L50, M|100/100\n|switch|p2a: Talonflame|Talonflame, L50, M|100/100\n|switch|p2b: Garchomp|Garchomp, L50, M|100/100\n|turn|1\n|\n|t:|1775940406\n|switch|p1b: Incineroar|Incineroar, L50, M|100/100\n|-ability|p1b: Incineroar|Intimidate|boost\n|-unboost|p2a: Talonflame|atk|1\n|-unboost|p2b: Garchomp|atk|1\n|move|p1a: Charizard|Protect|p1a: Charizard\n|-singleturn|p1a: Charizard|Protect\n|move|p2a: Talonflame|Brave Bird|p1b: Incineroar\n|-damage|p1b: Incineroar|75/100\n|-damage|p2a: Talonflame|90/100|[from] Recoil\n|move|p2b: Garchomp|Rock Slide|p1b: Incineroar|[spread] p1b\n|-activate|p1a: Charizard|move: Protect\n|-supereffective|p1b: Incineroar|1\n|-damage|p1b: Incineroar|52/100\n|\n|upkeep\n|turn|2\n|inactive|redyrqu has 30 seconds left.\n|inactive|redyrqu has 20 seconds left.\n|inactive|redyrqu has 15 seconds left.\n|\n|t:|1775940446\n|detailschange|p1a: Charizard|Charizard-Mega-Y, L50, F\n|-mega|p1a: Charizard|Charizard|Charizardite Y\n|-weather|SunnyDay|[from] ability: Drought|[of] p1a: Charizard\n|move|p2a: Talonflame|Upper Hand|p1b: Incineroar\n|-supereffective|p1b: Incineroar|1\n|-damage|p1b: Incineroar|35/100\n|-enditem|p1b: Incineroar|Sitrus Berry|[eat]\n|-heal|p1b: Incineroar|59/100|[from] item: Sitrus Berry\n|cant|p1b: Incineroar|flinch\n|move|p2b: Garchomp|Rock Slide|p1a: Charizard|[spread] p1a,p1b\n|-supereffective|p1a: Charizard|2\n|-supereffective|p1b: Incineroar|1\n|-damage|p1a: Charizard|26/100\n|-damage|p1b: Incineroar|38/100\n|move|p1a: Charizard|Weather Ball|p2a: Talonflame\n|-resisted|p2a: Talonflame|1\n|-damage|p2a: Talonflame|19/100\n|\n|-weather|SunnyDay|[upkeep]\n|upkeep\n|turn|3\n|\n|t:|1775940467\n|move|p1a: Charizard|Protect|p1a: Charizard\n|-singleturn|p1a: Charizard|Protect\n|move|p2a: Talonflame|Tailwind|p2a: Talonflame\n|-sidestart|p2: leader-starmie|move: Tailwind\n|move|p2b: Garchomp|Rock Slide|p1b: Incineroar|[spread] p1b\n|-activate|p1a: Charizard|move: Protect\n|-supereffective|p1b: Incineroar|1\n|-damage|p1b: Incineroar|18/100\n|move|p1b: Incineroar|Throat Chop|p2a: Talonflame\n|-damage|p2a: Talonflame|0 fnt\n|faint|p2a: Talonflame\n|\n|-weather|SunnyDay|[upkeep]\n|upkeep\n|\n|t:|1775940481\n|switch|p2a: Milotic|Milotic, L50, F|100/100\n|turn|4\n|\n|t:|1775940493\n|switch|p1a: Sneasler|Sneasler, L50, F|100/100\n|move|p2b: Garchomp|Rock Slide|p1a: Sneasler|[spread] p1a\n|-miss|p2b: Garchomp|p1b: Incineroar\n|-resisted|p1a: Sneasler|1\n|-damage|p1a: Sneasler|89/100\n|move|p2a: Milotic|Icy Wind|p1b: Incineroar|[spread] p1a,p1b\n|-resisted|p1b: Incineroar|1\n|-damage|p1a: Sneasler|72/100\n|-damage|p1b: Incineroar|13/100\n|-unboost|p1a: Sneasler|spe|1\n|-unboost|p1b: Incineroar|spe|1\n|-enditem|p1a: Sneasler|White Herb\n|-clearnegativeboost|p1a: Sneasler|[silent]\n|move|p1b: Incineroar|Parting Shot|p2b: Garchomp\n|-unboost|p2b: Garchomp|atk|1\n|-unboost|p2b: Garchomp|spa|1\n|\n|t:|1775940511\n|switch|p1b: Venusaur|Venusaur, L50, M|100/100|[from] Parting Shot\n|\n|-weather|SunnyDay|[upkeep]\n|upkeep\n|turn|5\n|\n|t:|1775940528\n|move|p1a: Sneasler|Fake Out|p2b: Garchomp\n|-damage|p2b: Garchomp|84/100\n|-damage|p1a: Sneasler|60/100|[from] ability: Rough Skin|[of] p2b: Garchomp\n|cant|p2b: Garchomp|flinch\n|move|p1b: Venusaur|Leaf Storm|p2a: Milotic\n|-supereffective|p2a: Milotic|1\n|-damage|p2a: Milotic|19/100\n|-unboost|p1b: Venusaur|spa|2\n|move|p2a: Milotic|Ice Beam|p1b: Venusaur\n|-supereffective|p1b: Venusaur|1\n|-damage|p1b: Venusaur|42/100\n|\n|-weather|SunnyDay|[upkeep]\n|-heal|p2a: Milotic|25/100|[from] item: Leftovers\n|upkeep\n|turn|6\n|inactive|redyrqu has 30 seconds left.\n|\n|t:|1775940557\n|move|p2a: Milotic|Protect|p2a: Milotic\n|-singleturn|p2a: Milotic|Protect\n|move|p1a: Sneasler|Close Combat|p2a: Milotic\n|-activate|p2a: Milotic|move: Protect\n|move|p2b: Garchomp|Earthquake|p1a: Sneasler|[spread] p1a,p1b\n|-activate|p2a: Milotic|move: Protect\n|-supereffective|p1a: Sneasler|1\n|-damage|p1a: Sneasler|0 fnt\n|-damage|p1b: Venusaur|13/100\n|faint|p1a: Sneasler\n|move|p1b: Venusaur|Sleep Powder|p2b: Garchomp\n|-status|p2b: Garchomp|slp|[from] move: Sleep Powder\n|\n|-weather|none\n|-heal|p2a: Milotic|31/100|[from] item: Leftovers\n|-sideend|p2: leader-starmie|move: Tailwind\n|upkeep\n|\n|t:|1775940574\n|switch|p1a: Charizard|Charizard-Mega-Y, L50, F|26/100\n|-weather|SunnyDay|[from] ability: Drought|[of] p1a: Charizard\n|turn|7\n|\n|t:|1775940584\n|switch|p1b: Incineroar|Incineroar, L50, M|13/100\n|-ability|p1b: Incineroar|Intimidate|boost\n|-unboost|p2a: Milotic|atk|1\n|-ability|p2a: Milotic|Competitive|boost\n|-boost|p2a: Milotic|spa|2\n|-unboost|p2b: Garchomp|atk|1\n|cant|p2b: Garchomp|slp\n|move|p1a: Charizard|Solar Beam||[still]\n|-prepare|p1a: Charizard|Solar Beam\n|-anim|p1a: Charizard|Solar Beam|p2a: Milotic\n|-supereffective|p2a: Milotic|1\n|-damage|p2a: Milotic|0 fnt\n|faint|p2a: Milotic\n|\n|-weather|SunnyDay|[upkeep]\n|upkeep\n|\n|t:|1775940597\n|switch|p2a: Lucario|Lucario, L50, F|100/100\n|turn|8\n|\n|t:|1775940609\n|-curestatus|p2b: Garchomp|slp|[msg]\n|move|p2b: Garchomp|Protect|p2b: Garchomp\n|-singleturn|p2b: Garchomp|Protect\n|move|p2a: Lucario|Detect|p2a: Lucario\n|-singleturn|p2a: Lucario|Protect\n|move|p1a: Charizard|Weather Ball|p2a: Lucario\n|-activate|p2a: Lucario|move: Protect\n|move|p1b: Incineroar|Flare Blitz|p2a: Lucario\n|-activate|p2a: Lucario|move: Protect\n|\n|-weather|SunnyDay|[upkeep]\n|upkeep\n|turn|9\n|\n|t:|1775940624\n|detailschange|p2a: Lucario|Lucario-Mega, L50, F\n|-mega|p2a: Lucario|Lucario|Lucarionite\n|move|p2a: Lucario|Vacuum Wave|p1b: Incineroar\n|-supereffective|p1b: Incineroar|1\n|-damage|p1b: Incineroar|0 fnt\n|faint|p1b: Incineroar\n|move|p2b: Garchomp|Rock Slide|p1a: Charizard\n|-supereffective|p1a: Charizard|2\n|-damage|p1a: Charizard|0 fnt\n|faint|p1a: Charizard\n|\n|-weather|SunnyDay|[upkeep]\n|upkeep\n|\n|t:|1775940634\n|switch|p1b: Venusaur|Venusaur, L50, M|13/100\n|turn|10\n|\n|t:|1775940640\n|move|p2a: Lucario|Vacuum Wave|p1b: Venusaur\n|-resisted|p1b: Venusaur|1\n|-damage|p1b: Venusaur|0 fnt\n|faint|p1b: Venusaur\n|\n|win|leader-starmie\n|raw|redyrqu's rating: 1163 &rarr; <strong>1138</strong><br />(-25 for losing)\n|raw|leader-starmie's rating: 1158 &rarr; <strong>1183</strong><br />(+25 for winning)\n|l|\u2606redyrqu\n|player|p1|\n",
  "uploadtime": 1775940648,
  "views": 13,
  "formatid": "gen9championsvgc2026regma",
  "rating": 1138,
  "private": 0,
  "password": null
}