{
  "id": "gen9championsvgc2026regma-2588434895",
  "format": "[Gen 9 Champions] VGC 2026 Reg M-A",
  "players": [
    "angeallen455",
    "Quel Foltry"
  ],
  "log": "|j|\u2606angeallen455\n|j|\u2606Quel Foltry\n|t:|1776633257\n|gametype|doubles\n|player|p1|angeallen455|colress|1282\n|player|p2|Quel Foltry|juggler-gen1|1290\n|gen|9\n|tier|[Gen 9 Champions] VGC 2026 Reg M-A\n|rated|\n|rule|Species Clause: Limit one of each Pok\u00e9mon\n|rule|Item Clause: Limit 1 of each item\n|clearpoke\n|poke|p1|Dragonite, L50, M|\n|poke|p1|Pelipper, L50, F|\n|poke|p1|Kingambit, L50, F|\n|poke|p1|Sneasler, L50, F|\n|poke|p1|Basculegion, L50, M|\n|poke|p1|Meganium, L50, F|\n|poke|p2|Whimsicott, L50, F|\n|poke|p2|Kommo-o, L50, M|\n|poke|p2|Gengar, L50, F|\n|poke|p2|Rotom-Wash, L50|\n|poke|p2|Aegislash, L50, F|\n|poke|p2|Sneasler, L50, F|\n|teampreview|4\nQuel Foltry rejected open team sheets.\n|c|\u2606angeallen455|glhf\n|inactive|Battle timer is ON: inactive players will automatically lose when time's up. (requested by Quel Foltry)\n|c|\u2606Quel Foltry|u2\n|inactive|angeallen455 has 60 seconds left.\n|\n|t:|1776633320\n|teamsize|p1|4\n|teamsize|p2|4\n|start\n|switch|p1a: Kingambit|Kingambit, L50, F|100/100\n|switch|p1b: Pelipper|Pelipper, L50, F|100/100\n|switch|p2a: Gengar|Gengar, L50, F|100/100\n|switch|p2b: Rotom|Rotom-Wash, L50|100/100\n|-weather|RainDance|[from] ability: Drizzle|[of] p1b: Pelipper\n|turn|1\n|inactive|angeallen455 has 30 seconds left.\n|\n|t:|1776633349\n|switch|p2a: Kommo-o|Kommo-o, L50, M|100/100\n|move|p2b: Rotom|Hydro Pump|p1a: Kingambit\n|-damage|p1a: Kingambit|29/100\n|move|p1b: Pelipper|Tailwind|p1b: Pelipper\n|-sidestart|p1: angeallen455|move: Tailwind\n|move|p1a: Kingambit|Kowtow Cleave|p2a: Kommo-o\n|-resisted|p2a: Kommo-o|1\n|-damage|p2a: Kommo-o|77/100\n|\n|-weather|RainDance|[upkeep]\n|upkeep\n|turn|2\n|\n|t:|1776633366\n|switch|p2a: Gengar|Gengar, L50, F|100/100\n|switch|p1a: Meganium|Meganium, L50, F|100/100\n|move|p1b: Pelipper|Hurricane|p2a: Gengar\n|-damage|p2a: Gengar|30/100\n|-start|p2a: Gengar|confusion\n|-start|p1b: Pelipper|Disable|Hurricane|[from] ability: Cursed Body|[of] p2a: Gengar\n|move|p2b: Rotom|Hydro Pump|p1a: Meganium\n|-resisted|p1a: Meganium|1\n|-damage|p1a: Meganium|68/100\n|\n|-weather|RainDance|[upkeep]\n|upkeep\n|turn|3\n|inactive|angeallen455 has 30 seconds left.\n|inactive|Quel Foltry has 30 seconds left.\n|inactive|Quel Foltry has 20 seconds left.\n|inactive|Quel Foltry has 15 seconds left.\n|inactive|Quel Foltry has 10 seconds left.\n|inactive|Quel Foltry has 5 seconds left.\n|\n|t:|1776633421\n|detailschange|p1a: Meganium|Meganium-Mega, L50, F\n|-mega|p1a: Meganium|Meganium|Meganiumite\n|move|p1b: Pelipper|Weather Ball|p2a: Gengar\n|-damage|p2a: Gengar|0 fnt\n|faint|p2a: Gengar\n|move|p2b: Rotom|Hydro Pump|p1b: Pelipper\n|-resisted|p1b: Pelipper|1\n|-damage|p1b: Pelipper|32/100\n|move|p1a: Meganium|Solar Beam||[still]\n|-prepare|p1a: Meganium|Solar Beam\n|-activate|p1a: Meganium|ability: Mega Sol\n|-anim|p1a: Meganium|Solar Beam|p2b: Rotom\n|-supereffective|p2b: Rotom|1\n|-crit|p2b: Rotom\n|-damage|p2b: Rotom|0 fnt\n|faint|p2b: Rotom\n|\n|-weather|RainDance|[upkeep]\n|upkeep\n|c|\u2606angeallen455|\"resisted\"\n|\n|t:|1776633443\n|switch|p2a: Kommo-o|Kommo-o, L50, M|77/100\n|switch|p2b: Sneasler|Sneasler, L50, F|100/100\n|turn|4\n|inactive|angeallen455 has 30 seconds left.\n|\n|t:|1776633471\n|move|p2b: Sneasler|Protect|p2b: Sneasler\n|-singleturn|p2b: Sneasler|Protect\n|move|p2a: Kommo-o|Protect|p2a: Kommo-o\n|-singleturn|p2a: Kommo-o|Protect\n|move|p1b: Pelipper|Weather Ball|p2b: Sneasler\n|-activate|p2b: Sneasler|move: Protect\n|move|p1a: Meganium|Dazzling Gleam|p2b: Sneasler|[spread] \n|-activate|p2a: Kommo-o|move: Protect\n|-activate|p2b: Sneasler|move: Protect\n|\n|-weather|RainDance|[upkeep]\n|-sideend|p1: angeallen455|move: Tailwind\n|upkeep\n|turn|5\n|\n|t:|1776633495\n|switch|p1a: Basculegion|Basculegion, L50, M|100/100\n|move|p2b: Sneasler|Dire Claw|p1a: Basculegion\n|-resisted|p1a: Basculegion|1\n|-damage|p1a: Basculegion|73/100\n|-status|p1a: Basculegion|psn\n|move|p2a: Kommo-o|Clanging Scales|p1a: Basculegion|[spread] p1a,p1b\n|-damage|p1a: Basculegion|28/100 psn\n|-damage|p1b: Pelipper|0 fnt\n|faint|p1b: Pelipper\n|-unboost|p2a: Kommo-o|def|1\n|\n|-weather|none\n|-damage|p1a: Basculegion|16/100 psn|[from] psn\n|upkeep\n|inactive|angeallen455 has 30 seconds left.\n|inactive|angeallen455 has 20 seconds left.\n|inactive|angeallen455 has 15 seconds left.\n|inactive|angeallen455 has 10 seconds left.\n|\n|t:|1776633543\n|switch|p1b: Kingambit|Kingambit, L50, F|29/100\n|turn|6\n|\n|t:|1776633560\n|switch|p1a: Meganium|Meganium-Mega, L50, F|68/100\n|move|p1b: Kingambit|Sucker Punch|p2a: Kommo-o\n|-resisted|p2a: Kommo-o|1\n|-damage|p2a: Kommo-o|44/100\n|move|p2b: Sneasler|Close Combat|p1b: Kingambit\n|-supereffective|p1b: Kingambit|2\n|-damage|p1b: Kingambit|0 fnt\n|-unboost|p2b: Sneasler|def|1\n|-unboost|p2b: Sneasler|spd|1\n|faint|p1b: Kingambit\n|-enditem|p2b: Sneasler|White Herb\n|-clearnegativeboost|p2b: Sneasler|[silent]\n|move|p2a: Kommo-o|Clanging Scales|p1a: Meganium\n|-immune|p1a: Meganium\n|\n|upkeep\n|\n|t:|1776633568\n|switch|p1b: Basculegion|Basculegion, L50, M|16/100 psn\n|turn|7\n|\n|t:|1776633589\n|move|p2b: Sneasler|Dire Claw|p1a: Meganium\n|-supereffective|p1a: Meganium|2\n|-damage|p1a: Meganium|0 fnt\n|faint|p1a: Meganium\n|move|p1b: Basculegion|Last Respects|p2a: Kommo-o\n|-damage|p2a: Kommo-o|0 fnt\n|faint|p2a: Kommo-o\n|\n|-damage|p1b: Basculegion|4/100 psn|[from] psn\n|upkeep\n|turn|8\n|\n|t:|1776633601\n|move|p2b: Sneasler|Protect|p2b: Sneasler\n|-singleturn|p2b: Sneasler|Protect\n|move|p1b: Basculegion|Last Respects|p2b: Sneasler\n|-activate|p2b: Sneasler|move: Protect\n|\n|-damage|p1b: Basculegion|0 fnt|[from] psn\n|faint|p1b: Basculegion\n|\n|win|Quel Foltry\n|raw|angeallen455's rating: 1282 &rarr; <strong>1258</strong><br />(-24 for losing)\n|raw|Quel Foltry's rating: 1290 &rarr; <strong>1314</strong><br />(+24 for winning)\n|c|\u2606Quel Foltry|gg\n|c|\u2606angeallen455|gg\n|c|\u2606angeallen455|holy final turn\n|c|\u2606angeallen455|it was either one or the other\n|c|\u2606Quel Foltry|yep\n|l|\u2606Quel Foltry\n|player|p2|\n",
  "uploadtime": 1776633677,
  "views": 14,
  "formatid": "gen9championsvgc2026regma",
  "rating": 1258,
  "private": 0,
  "password": null
}