{
  "id": "gen9championsvgc2026regma-2587188678",
  "format": "[Gen 9 Champions] VGC 2026 Reg M-A",
  "players": [
    "INT Leite Ninho",
    "magicalarcher57"
  ],
  "log": "|j|\u2606INT Leite Ninho\n|j|\u2606magicalarcher57\n|t:|1776506354\n|gametype|doubles\n|player|p1|INT Leite Ninho|elaine|\n|player|p2|magicalarcher57|valerie|\n|gen|9\n|tier|[Gen 9 Champions] VGC 2026 Reg M-A\n|rated|Tournament battle\n|rule|Species Clause: Limit one of each Pok\u00e9mon\n|rule|Item Clause: Limit 1 of each item\n|raw|<div class=\"infobox\"><details class=\"readmore\" open><summary><strong>1 custom rule:</strong></summary> Force Open Team Sheets</details></div>\n|clearpoke\n|poke|p1|Meganium, L50, F|\n|poke|p1|Incineroar, L50, F|\n|poke|p1|Pelipper, L50, F|\n|poke|p1|Basculegion, L50, M|\n|poke|p1|Archaludon, L50, F|\n|poke|p1|Scizor, L50, M|\n|poke|p2|Kangaskhan, L50, F, shiny|\n|poke|p2|Farigiraf, L50, F, shiny|\n|poke|p2|Talonflame, L50, F, shiny|\n|poke|p2|Floette-Eternal, L50, F|\n|poke|p2|Sneasler, L50, M, shiny|\n|poke|p2|Basculegion, L50, M, shiny|\n|teampreview|4\n|showteam|p1|Meganium||Meganiumite|Overgrow|Synthesis,LeechSeed,Protect,SolarBeam|||F|||50|]Incineroar||SitrusBerry|Intimidate|PartingShot,FakeOut,DarkestLariat,Taunt|||F|||50|]Pelipper||FocusSash|Drizzle|Hurricane,WeatherBall,Protect,Tailwind|||F|||50|]Basculegion||ChoiceScarf|SwiftSwim|WaveCrash,AquaJet,LastRespects,FlipTurn|||M|||50|]Archaludon||Leftovers|Stamina|ElectroShot,Snarl,FlashCannon,DragonPulse|||F|||50|]Scizor||MetalCoat|Technician|BulletPunch,Protect,BugBite,DualWingbeat|||M|||50|\n|showteam|p2|Kangaskhan||Kangaskhanite|Scrappy|FakeOut,HammerArm,DoubleEdge,Crunch|||F|||50|]Farigiraf||ColburBerry|ArmorTail|ShadowBall,HyperVoice,TrickRoom,Psychic|||F|||50|]Talonflame||SharpBeak|GaleWings|Tailwind,Taunt,Overheat,BraveBird|||F|||50|]Floette-Eternal||Floettite|FlowerVeil|Moonblast,LightofRuin,DazzlingGleam,Protect|||F|||50|]Sneasler||FocusSash|Unburden|FakeOut,CloseCombat,DireClaw,Protect|||M|||50|]Basculegion||MysticWater|Adaptability|WaveCrash,LastRespects,AquaJet,Protect|||M|||50|\n|inactive|Battle timer is ON: inactive players will automatically lose when time's up. (requested by INT Leite Ninho)\n|c|\u2606INT Leite Ninho|glhf bro\n|j| tastyfloop\n|c|\u2606magicalarcher57|glhf\n|j| matheusman10\n|inactive|INT Leite Ninho has 60 seconds left.\n|j| scottishinterista\n|l| scottishinterista\n|inactive|INT Leite Ninho has 30 seconds left.\n|\n|t:|1776506417\n|teamsize|p1|4\n|teamsize|p2|4\n|start\n|switch|p1a: Scizor|Scizor, L50, M|100/100\n|switch|p1b: Incineroar|Incineroar, L50, F|100/100\n|switch|p2a: Ryoiki Tenkai|Farigiraf, L50, F, shiny|100/100\n|switch|p2b: Kangaskhan|Kangaskhan, L50, F, shiny|100/100\n|-ability|p1b: Incineroar|Intimidate|boost\n|-unboost|p2a: Ryoiki Tenkai|atk|1\n|-fail|p2b: Kangaskhan|unboost|Attack|[from] ability: Scrappy|[of] p2b: Kangaskhan\n|turn|1\n|j| 11Banks\n|l| 11Banks\n|\n|t:|1776506430\n|detailschange|p2b: Kangaskhan|Kangaskhan-Mega, L50, F, shiny\n|-mega|p2b: Kangaskhan|Kangaskhan|Kangaskhanite\n|move|p2b: Kangaskhan|Hammer Arm|p1a: Scizor\n|-damage|p1a: Scizor|63/100\n|-unboost|p2b: Kangaskhan|spe|1\n|-damage|p1a: Scizor|55/100\n|-unboost|p2b: Kangaskhan|spe|1\n|-hitcount|p1a: Scizor|2\n|move|p1b: Incineroar|Taunt|p2a: Ryoiki Tenkai\n|-start|p2a: Ryoiki Tenkai|move: Taunt\n|move|p1a: Scizor|Bug Bite|p2a: Ryoiki Tenkai\n|-supereffective|p2a: Ryoiki Tenkai|1\n|-damage|p2a: Ryoiki Tenkai|0 fnt\n|-enditem|p2a: Ryoiki Tenkai|Colbur Berry|[from] stealeat|[move] Bug Bite|[of] p1a: Scizor\n|faint|p2a: Ryoiki Tenkai\n|\n|upkeep\n|\n|t:|1776506455\n|switch|p2a: Basculegion|Basculegion, L50, M, shiny|100/100\n|turn|2\n|l|\u2606INT Leite Ninho\n|inactive|INT Leite Ninho disconnected and has a minute to reconnect!\n|player|p1|\n|j| pancham9\n|inactive|INT Leite Ninho has 30 seconds left.\n|j|\u2606INT Leite Ninho\n|inactive|INT Leite Ninho reconnected and has 30 seconds left.\n|player|p1|INT Leite Ninho|elaine|\n|inactive|INT Leite Ninho has 20 seconds left.\n|inactive|INT Leite Ninho has 15 seconds left.\n|\n|t:|1776506495\n|switch|p1b: Archaludon|Archaludon, L50, F|100/100\n|move|p2a: Basculegion|Protect|p2a: Basculegion\n|-singleturn|p2a: Basculegion|Protect\n|move|p1a: Scizor|Protect|p1a: Scizor\n|-singleturn|p1a: Scizor|Protect\n|move|p2b: Kangaskhan|Hammer Arm|p1b: Archaludon\n|-supereffective|p1b: Archaludon|1\n|-crit|p1b: Archaludon\n|-damage|p1b: Archaludon|25/100\n|-unboost|p2b: Kangaskhan|spe|1\n|-ability|p1b: Archaludon|Stamina|boost\n|-boost|p1b: Archaludon|def|1\n|-supereffective|p1b: Archaludon|1\n|-damage|p1b: Archaludon|18/100\n|-unboost|p2b: Kangaskhan|spe|1\n|-ability|p1b: Archaludon|Stamina|boost\n|-boost|p1b: Archaludon|def|1\n|-hitcount|p1b: Archaludon|2\n|\n|-heal|p1b: Archaludon|24/100|[from] item: Leftovers\n|upkeep\n|turn|3\n|j| Furgun\n|inactive|magicalarcher57 has 30 seconds left.\n|inactive|INT Leite Ninho has 30 seconds left.\n|inactive|magicalarcher57 has 20 seconds left.\n|inactive|magicalarcher57 has 15 seconds left.\n|inactive|magicalarcher57 has 10 seconds left.\n|\n|t:|1776506542\n|switch|p1a: Incineroar|Incineroar, L50, F|100/100\n|-ability|p1a: Incineroar|Intimidate|boost\n|-unboost|p2a: Basculegion|atk|1\n|-unboost|p2b: Kangaskhan|atk|1\n|move|p1b: Archaludon|Dragon Pulse|p2a: Basculegion\n|-damage|p2a: Basculegion|60/100\n|move|p2a: Basculegion|Wave Crash|p1a: Incineroar\n|-supereffective|p1a: Incineroar|1\n|-damage|p1a: Incineroar|4/100\n|-enditem|p1a: Incineroar|Sitrus Berry|[eat]\n|-heal|p1a: Incineroar|29/100|[from] item: Sitrus Berry\n|-damage|p2a: Basculegion|32/100|[from] Recoil\n|move|p2b: Kangaskhan|Hammer Arm|p1b: Archaludon\n|-supereffective|p1b: Archaludon|1\n|-damage|p1b: Archaludon|6/100\n|-unboost|p2b: Kangaskhan|spe|1\n|-ability|p1b: Archaludon|Stamina|boost\n|-boost|p1b: Archaludon|def|1\n|-supereffective|p1b: Archaludon|1\n|-damage|p1b: Archaludon|3/100\n|-unboost|p2b: Kangaskhan|spe|1\n|-ability|p1b: Archaludon|Stamina|boost\n|-boost|p1b: Archaludon|def|1\n|-hitcount|p1b: Archaludon|2\n|\n|-heal|p1b: Archaludon|9/100|[from] item: Leftovers\n|upkeep\n|turn|4\n|inactive|INT Leite Ninho has 30 seconds left.\n|\n|t:|1776506573\n|switch|p1a: Pelipper|Pelipper, L50, F|100/100\n|-weather|RainDance|[from] ability: Drizzle|[of] p1a: Pelipper\n|move|p2a: Basculegion|Aqua Jet|p1a: Pelipper\n|-resisted|p1a: Pelipper|1\n|-damage|p1a: Pelipper|79/100\n|move|p1b: Archaludon|Electro Shot||[still]\n|-prepare|p1b: Archaludon|Electro Shot\n|-boost|p1b: Archaludon|spa|1\n|-anim|p1b: Archaludon|Electro Shot|p2a: Basculegion\n|-supereffective|p2a: Basculegion|1\n|-damage|p2a: Basculegion|0 fnt\n|faint|p2a: Basculegion\n|move|p2b: Kangaskhan|Hammer Arm|p1b: Archaludon\n|-supereffective|p1b: Archaludon|1\n|-damage|p1b: Archaludon|0 fnt\n|faint|p1b: Archaludon\n|-hitcount|p1: Archaludon|1\n|\n|-weather|RainDance|[upkeep]\n|upkeep\n|\n|t:|1776506589\n|switch|p1b: Incineroar|Incineroar, L50, F|29/100\n|switch|p2a: Athena|Talonflame, L50, F, shiny|100/100\n|-ability|p1b: Incineroar|Intimidate|boost\n|-unboost|p2a: Athena|atk|1\n|-unboost|p2b: Kangaskhan|atk|1\n|turn|5\n|\n|t:|1776506600\n|move|p1b: Incineroar|Fake Out|p2b: Kangaskhan\n|-damage|p2b: Kangaskhan|92/100\n|move|p2a: Athena|Brave Bird|p1a: Pelipper\n|-damage|p1a: Pelipper|33/100\n|-damage|p2a: Athena|87/100|[from] Recoil\n|move|p1a: Pelipper|Weather Ball|p2a: Athena\n|-supereffective|p2a: Athena|1\n|-damage|p2a: Athena|0 fnt\n|faint|p2a: Athena\n|cant|p2b: Kangaskhan|flinch\n|\n|-weather|RainDance|[upkeep]\n|upkeep\n|turn|6\n|\n|t:|1776506615\n|move|p1a: Pelipper|Weather Ball|p2b: Kangaskhan\n|-damage|p2b: Kangaskhan|43/100\n|move|p1b: Incineroar|Parting Shot|p2b: Kangaskhan\n|-unboost|p2b: Kangaskhan|atk|1\n|-unboost|p2b: Kangaskhan|spa|1\n|\n|t:|1776506620\n|switch|p1b: Scizor|Scizor, L50, M|55/100|[from] Parting Shot\n|move|p2b: Kangaskhan|Double-Edge|p1a: Pelipper\n|-damage|p1a: Pelipper|0 fnt\n|faint|p1a: Pelipper\n|-hitcount|p1: Pelipper|1\n|-damage|p2b: Kangaskhan|36/100|[from] Recoil\n|\n|-weather|RainDance|[upkeep]\n|upkeep\n|\n|t:|1776506621\n|switch|p1a: Incineroar|Incineroar, L50, F|29/100\n|-ability|p1a: Incineroar|Intimidate|boost\n|-unboost|p2b: Kangaskhan|atk|1\n|turn|7\n|\n|t:|1776506625\n|move|p1a: Incineroar|Fake Out|p2b: Kangaskhan\n|-damage|p2b: Kangaskhan|28/100\n|move|p1b: Scizor|Bug Bite|p2b: Kangaskhan\n|-damage|p2b: Kangaskhan|0 fnt\n|faint|p2b: Kangaskhan\n|\n|win|INT Leite Ninho\n|n|\u2606magicalarcher57|magicalarcher57\n|n| tastyfloop|tastyfloop\n|n| matheusman10|matheusman10\n|n| pancham9|pancham9\n|n|\u2606INT Leite Ninho|intleiteninho\n|n| Furgun|furgun\n",
  "uploadtime": 1776506625,
  "views": 11,
  "formatid": "gen9championsvgc2026regma",
  "rating": null,
  "private": 0,
  "password": null
}