{
  "id": "gen9championsvgc2026regma-2587017421",
  "format": "[Gen 9 Champions] VGC 2026 Reg M-A",
  "players": [
    "Slider469",
    "kuanyou"
  ],
  "log": "|j|\u2606Slider469\n|j|\u2606kuanyou\n|t:|1776481663\n|gametype|doubles\n|player|p1|Slider469|shadowtriad|1273\n|player|p2|kuanyou|265|1368\n|gen|9\n|tier|[Gen 9 Champions] VGC 2026 Reg M-A\n|rated|\n|rule|Species Clause: Limit one of each Pok\u00e9mon\n|rule|Item Clause: Limit 1 of each item\n|clearpoke\n|poke|p1|Dragapult, L50, F|\n|poke|p1|Kingambit, L50, F|\n|poke|p1|Clefable, L50, F|\n|poke|p1|Garchomp, L50, F|\n|poke|p1|Rotom-Wash, L50|\n|poke|p1|Skarmory, L50, F|\n|poke|p2|Blastoise, L50, F|\n|poke|p2|Sneasler, L50, F|\n|poke|p2|Sylveon, L50, M|\n|poke|p2|Garchomp, L50, M|\n|poke|p2|Aerodactyl, L50, M|\n|poke|p2|Sinistcha, L50|\n|teampreview|4\n|\n|t:|1776481694\n|teamsize|p1|4\n|teamsize|p2|4\n|start\n|switch|p1a: Kingambit|Kingambit, L50, F, shiny|100/100\n|switch|p1b: Skarmory|Skarmory, L50, F|100/100\n|switch|p2a: Blastoise|Blastoise, L50, F|100/100\n|switch|p2b: Sneasler|Sneasler, L50, F|100/100\n|-ability|p2b: Sneasler|Pressure\n|turn|1\n|\n|t:|1776481742\n|move|p1b: Skarmory|Protect|p1b: Skarmory\n|-singleturn|p1b: Skarmory|Protect\n|move|p1a: Kingambit|Protect|p1a: Kingambit\n|-singleturn|p1a: Kingambit|Protect\n|move|p2b: Sneasler|Fake Out|p1a: Kingambit\n|-activate|p1a: Kingambit|move: Protect\n|move|p2a: Blastoise|Shell Smash|p2a: Blastoise\n|-unboost|p2a: Blastoise|def|1\n|-unboost|p2a: Blastoise|spd|1\n|-boost|p2a: Blastoise|atk|2\n|-boost|p2a: Blastoise|spa|2\n|-boost|p2a: Blastoise|spe|2\n|\n|upkeep\n|turn|2\n|\n|t:|1776481759\n|switch|p2b: Sinistcha|Sinistcha, L50|100/100\n|switch|p1a: Dragapult|Dragapult, L50, F, shiny|100/100\n|detailschange|p2a: Blastoise|Blastoise-Mega, L50, F\n|-mega|p2a: Blastoise|Blastoise|Blastoisinite\n|detailschange|p1b: Skarmory|Skarmory-Mega, L50, F\n|-mega|p1b: Skarmory|Skarmory|Skarmorite\n|move|p2a: Blastoise|Protect|p2a: Blastoise\n|-singleturn|p2a: Blastoise|Protect\n|move|p1b: Skarmory|Brave Bird|p2b: Sinistcha\n|-supereffective|p2b: Sinistcha|1\n|-damage|p2b: Sinistcha|0 fnt\n|faint|p2b: Sinistcha\n|-damage|p1b: Skarmory|59/100|[from] Recoil\n|\n|upkeep\n|\n|t:|1776481774\n|switch|p2b: Sneasler|Sneasler, L50, F|100/100\n|-ability|p2b: Sneasler|Pressure\n|turn|3\n|\n|t:|1776481788\n|move|p1b: Skarmory|Protect|p1b: Skarmory\n|-singleturn|p1b: Skarmory|Protect\n|move|p2b: Sneasler|Fake Out|p1b: Skarmory\n|-activate|p1b: Skarmory|move: Protect\n|move|p2a: Blastoise|Dark Pulse|p1a: Dragapult\n|-supereffective|p1a: Dragapult|1\n|-damage|p1a: Dragapult|0 fnt\n|faint|p1a: Dragapult\n|\n|upkeep\n|\n|t:|1776481803\n|switch|p1a: Garchomp|Garchomp, L50, F|100/100\n|turn|4\n|\n|t:|1776481818\n|move|p1a: Garchomp|Earthquake|p2a: Blastoise|[spread] p2a,p2b\n|-immune|p1b: Skarmory\n|-supereffective|p2b: Sneasler|1\n|-damage|p2a: Blastoise|41/100\n|-damage|p2b: Sneasler|0 fnt\n|faint|p2b: Sneasler\n|move|p2a: Blastoise|Water Spout|p1a: Garchomp|[spread] p1a,p1b\n|-damage|p1a: Garchomp|43/100\n|-damage|p1b: Skarmory|0 fnt\n|faint|p1b: Skarmory\n|\n|upkeep\n|\n|t:|1776481828\n|switch|p1b: Kingambit|Kingambit, L50, F, shiny|100/100\n|switch|p2b: Garchomp|Garchomp, L50, M|100/100\n|turn|5\n|\n|t:|1776481851\n|move|p2a: Blastoise|Protect|p2a: Blastoise\n|-singleturn|p2a: Blastoise|Protect\n|move|p1b: Kingambit|Protect|p1b: Kingambit\n|-singleturn|p1b: Kingambit|Protect\n|move|p1a: Garchomp|Earthquake|p2b: Garchomp|[spread] p2b\n|-activate|p1b: Kingambit|move: Protect\n|-activate|p2a: Blastoise|move: Protect\n|-damage|p2b: Garchomp|61/100\n|move|p2b: Garchomp|Earthquake|p1a: Garchomp|[spread] p1a\n|-activate|p2a: Blastoise|move: Protect\n|-activate|p1b: Kingambit|move: Protect\n|-damage|p1a: Garchomp|0 fnt\n|faint|p1a: Garchomp\n|\n|upkeep\n|turn|6\n|-message|Slider469 forfeited.\n|\n|win|kuanyou\n|raw|Slider469's rating: 1273 &rarr; <strong>1255</strong><br />(-18 for losing)\n|raw|kuanyou's rating: 1368 &rarr; <strong>1383</strong><br />(+15 for winning)\n",
  "uploadtime": 1776481866,
  "views": 22,
  "formatid": "gen9championsvgc2026regma",
  "rating": 1255,
  "private": 0,
  "password": null
}