{
  "id": "gen9championsvgc2026regma-2583785750",
  "format": "[Gen 9 Champions] VGC 2026 Reg M-A",
  "players": [
    "thattube",
    "Geoque"
  ],
  "log": "|j|\u2606thattube\n|j|\u2606Geoque\n|t:|1776197570\n|gametype|doubles\n|player|p1|thattube|bellelba|1028\n|player|p2|Geoque|265|1028\n|gen|9\n|tier|[Gen 9 Champions] VGC 2026 Reg M-A\n|rated|\n|rule|Species Clause: Limit one of each Pok\u00e9mon\n|rule|Item Clause: Limit 1 of each item\n|clearpoke\n|poke|p1|Tyranitar, L50, F|\n|poke|p1|Milotic, L50, F|\n|poke|p1|Tinkaton, L50, F|\n|poke|p1|Aerodactyl, L50, M|\n|poke|p1|Excadrill, L50, F|\n|poke|p1|Hydreigon, L50, M|\n|poke|p2|Zoroark-Hisui, L50, F|\n|poke|p2|Clefable, L50, M|\n|poke|p2|Kangaskhan, L50, F|\n|poke|p2|Palafin, L50, M|\n|poke|p2|Politoed, L50, F|\n|poke|p2|Archaludon, L50, F|\n|teampreview|4\n|\n|t:|1776197632\n|teamsize|p1|4\n|teamsize|p2|4\n|start\n|switch|p1a: Tinkaton|Tinkaton, L50, F|100/100\n|switch|p1b: Hydreigon|Hydreigon, L50, M|100/100\n|switch|p2a: Kangaskhan|Kangaskhan, L50, F|100/100\n|switch|p2b: Archaludon|Archaludon, L50, F|100/100\n|-ability|p1a: Tinkaton|Mold Breaker\n|turn|1\n|\n|t:|1776197705\n|move|p1a: Tinkaton|Fake Out|p2b: Archaludon\n|-immune|p2b: Archaludon\n|move|p2a: Kangaskhan|Fake Out|p1b: Hydreigon\n|-damage|p1b: Hydreigon|79/100\n|move|p2b: Archaludon|Icy Wind|p1b: Hydreigon|[spread] p1a,p1b\n|-resisted|p1a: Tinkaton|1\n|-supereffective|p1b: Hydreigon|1\n|-damage|p1a: Tinkaton|93/100\n|-damage|p1b: Hydreigon|43/100\n|-unboost|p1a: Tinkaton|spe|1\n|-unboost|p1b: Hydreigon|spe|1\n|cant|p1b: Hydreigon|flinch\n|\n|upkeep\n|turn|2\n|\n|t:|1776197734\n|switch|p1a: Excadrill|Excadrill, L50, F|100/100\n|move|p2b: Archaludon|Bitter Malice|p1a: Excadrill\n|-damage|p1a: Excadrill|42/100\n|-unboost|p1a: Excadrill|atk|1\n|move|p2a: Kangaskhan|Drain Punch|p1b: Hydreigon\n|-supereffective|p1b: Hydreigon|1\n|-damage|p1b: Hydreigon|0 fnt\n|faint|p1b: Hydreigon\n|\n|upkeep\n|\n|t:|1776197747\n|switch|p1b: Tyranitar|Tyranitar, L50, F|100/100\n|-weather|Sandstorm|[from] ability: Sand Stream|[of] p1b: Tyranitar\n|turn|3\n|\n|t:|1776197769\n|switch|p2b: Politoed|Politoed, L50, F, shiny|100/100\n|-weather|RainDance|[from] ability: Drizzle|[of] p2b: Politoed\n|move|p2a: Kangaskhan|Drain Punch|p1b: Tyranitar\n|-supereffective|p1b: Tyranitar|2\n|-crit|p1b: Tyranitar\n|-damage|p1b: Tyranitar|0 fnt\n|faint|p1b: Tyranitar\n|move|p1a: Excadrill|Rock Slide|p2b: Politoed|[spread] p2a\n|-miss|p1a: Excadrill|p2b: Politoed\n|-damage|p2a: Kangaskhan|86/100\n|\n|-weather|RainDance|[upkeep]\n|upkeep\n|\n|t:|1776197779\n|switch|p1b: Tinkaton|Tinkaton, L50, F|93/100\n|-ability|p1b: Tinkaton|Mold Breaker\n|turn|4\n|\n|t:|1776197794\n|detailschange|p1a: Excadrill|Excadrill-Mega, L50, F\n|-mega|p1a: Excadrill|Excadrill|Excadrite\n|move|p1a: Excadrill|Rock Slide|p2a: Kangaskhan|[spread] p2a,p2b\n|-damage|p2a: Kangaskhan|68/100\n|-damage|p2b: Politoed|83/100\n|move|p1b: Tinkaton|Thunder Wave|p2a: Kangaskhan\n|-status|p2a: Kangaskhan|par\n|move|p2b: Politoed|Weather Ball|p1a: Excadrill\n|-supereffective|p1a: Excadrill|1\n|-damage|p1a: Excadrill|0 fnt\n|faint|p1a: Excadrill\n|move|p2a: Kangaskhan|Drain Punch|p1b: Tinkaton\n|-damage|p1b: Tinkaton|68/100\n|-heal|p2a: Kangaskhan|81/100 par|[from] drain|[of] p1b: Tinkaton\n|\n|-weather|RainDance|[upkeep]\n|upkeep\n|turn|5\n|\n|t:|1776197818\n|detailschange|p2a: Kangaskhan|Kangaskhan-Mega, L50, F\n|-mega|p2a: Kangaskhan|Kangaskhan|Kangaskhanite\n|move|p1b: Tinkaton|Gigaton Hammer|p2a: Kangaskhan\n|-damage|p2a: Kangaskhan|30/100 par\n|move|p2b: Politoed|Weather Ball|p1b: Tinkaton\n|-damage|p1b: Tinkaton|4/100\n|move|p2a: Kangaskhan|Drain Punch|p1b: Tinkaton\n|-damage|p1b: Tinkaton|0 fnt\n|-heal|p2a: Kangaskhan|32/100 par|[from] drain|[of] p1b: Tinkaton\n|faint|p1b: Tinkaton\n|-hitcount|p1: Tinkaton|1\n|\n|win|Geoque\n|raw|thattube's rating: 1028 &rarr; <strong>1014</strong><br />(-14 for losing)\n|raw|Geoque's rating: 1028 &rarr; <strong>1064</strong><br />(+36 for winning)\n",
  "uploadtime": 1776197830,
  "views": 18,
  "formatid": "gen9championsvgc2026regma",
  "rating": 1014,
  "private": 0,
  "password": null
}