{
  "id": "gen9championsvgc2026regma-2587769467",
  "format": "[Gen 9 Champions] VGC 2026 Reg M-A",
  "players": [
    "squigglybuff",
    "LeftoHotdo"
  ],
  "log": "|j|\u203dsquigglybuff\n|j|\u2606LeftoHotdo\n|inactive|Battle timer is ON: inactive players will automatically lose when time's up.\n|html|<table width=\"100%\"><tr><td align=\"left\">squigglybuff</td><td align=\"right\">LeftoHotdo</tr><tr><td align=\"left\"><i class=\"fa fa-circle\"></i> <i class=\"fa fa-circle-o\"></i> </td><td align=\"right\"><i class=\"fa fa-circle-o\"></i> <i class=\"fa fa-circle-o\"></i> </tr></table>\n|uhtml|bestof|<h2><strong>Game 2</strong> of <a href=\"/game-bestof3-gen9championsvgc2026regma-2587766782\">a best-of-3</a></h2>\n|t:|1776562163\n|gametype|doubles\n|player|p1|squigglybuff|2|\n|player|p2|LeftoHotdo|scientistf|\n|gen|9\n|tier|[Gen 9 Champions] VGC 2026 Reg M-A\n|rated|Tournament battle\n|rule|Species Clause: Limit one of each Pok\u00e9mon\n|rule|Item Clause: Limit 1 of each item\n|rule|Evasion Abilities Clause: Evasion abilities are banned\n|rule|Evasion Items Clause: Evasion items are banned\n|rule|Evasion Moves Clause: Evasion moves are banned\n|rule|OHKO Clause: OHKO moves are banned\n|raw|<div class=\"infobox\"><details class=\"readmore\" open><summary><strong>5 custom rules:</strong></summary> bestof = 3, Evasion Abilities Clause, Evasion Items Clause, Evasion Moves Clause, OHKO Clause</details></div>\n|clearpoke\n|poke|p1|Gengar, L50, F|\n|poke|p1|Garchomp, L50, M|\n|poke|p1|Meowstic, L50, M|\n|poke|p1|Rotom-Heat, L50|\n|poke|p1|Primarina, L50, F|\n|poke|p1|Aerodactyl, L50, M|\n|poke|p2|Sneasler, L50, F|\n|poke|p2|Gardevoir, L50, F|\n|poke|p2|Scovillain, L50, M|\n|poke|p2|Vaporeon, L50, F|\n|poke|p2|Talonflame, L50, M|\n|poke|p2|Chesnaught, L50, F|\n|teampreview|4\n|inactive|LeftoHotdo also wants the timer to be on.\nLeftoHotdo rejected open team sheets.\n|inactive|LeftoHotdo has 60 seconds left.\n|\n|t:|1776562203\n|teamsize|p1|4\n|teamsize|p2|4\n|start\n|switch|p1a: Garchomp|Garchomp, L50, M|100/100\n|switch|p1b: Aerodactyl|Aerodactyl, L50, M|100/100\n|switch|p2a: Talonflame|Talonflame, L50, M|100/100\n|switch|p2b: Vaporeon|Vaporeon, L50, F|100/100\n|-ability|p1b: Aerodactyl|Unnerve\n|turn|1\n|\n|t:|1776562221\n|move|p2a: Talonflame|Will-O-Wisp|p1b: Aerodactyl|[miss]\n|-miss|p2a: Talonflame|p1b: Aerodactyl\n|move|p1b: Aerodactyl|Rock Slide|p2a: Talonflame|[spread] p2b\n|-miss|p1b: Aerodactyl|p2a: Talonflame\n|-damage|p2b: Vaporeon|73/100\n|move|p1a: Garchomp|Stomping Tantrum|p2b: Vaporeon\n|-damage|p2b: Vaporeon|28/100\n|move|p2b: Vaporeon|Icy Wind|p1a: Garchomp|[spread] p1a,p1b\n|-supereffective|p1a: Garchomp|2\n|-supereffective|p1b: Aerodactyl|1\n|-damage|p1a: Garchomp|57/100\n|-damage|p1b: Aerodactyl|73/100\n|-unboost|p1a: Garchomp|spe|1\n|-unboost|p1b: Aerodactyl|spe|1\n|\n|-heal|p2b: Vaporeon|34/100|[from] item: Leftovers\n|upkeep\n|turn|2\n|c|\u2606LeftoHotdo|your aero is allergic to will o ig lol\n|inactive|LeftoHotdo has 30 seconds left.\n|\n|t:|1776562255\n|switch|p1a: Rotom|Rotom-Heat, L50|100/100\n|move|p1b: Aerodactyl|Protect|p1b: Aerodactyl\n|-singleturn|p1b: Aerodactyl|Protect\n|move|p2b: Vaporeon|Detect|p2b: Vaporeon\n|-singleturn|p2b: Vaporeon|Protect\n|move|p2a: Talonflame|Tailwind|p2a: Talonflame\n|-sidestart|p2: LeftoHotdo|move: Tailwind\n|\n|-heal|p2b: Vaporeon|40/100|[from] item: Leftovers\n|upkeep\n|turn|3\n|inactive|LeftoHotdo has 30 seconds left.\n|\n|t:|1776562287\n|switch|p1b: Garchomp|Garchomp, L50, M|57/100\n|move|p2a: Talonflame|U-turn|p1a: Rotom\n|-resisted|p1a: Rotom|1\n|-damage|p1a: Rotom|89/100\n|\n|t:|1776562292\n|switch|p2a: Gardevoir|Gardevoir, L50, F|100/100|[from] U-turn\n|-ability|p2a: Gardevoir|Levitate|Trace|[from] ability: Trace|[of] p1a: Rotom\n|move|p1a: Rotom|Thunderbolt|p2b: Vaporeon\n|-supereffective|p2b: Vaporeon|1\n|-damage|p2b: Vaporeon|0 fnt\n|faint|p2b: Vaporeon\n|\n|upkeep\n|\n|t:|1776562300\n|switch|p2b: Chesnaught|Chesnaught, L50, F|100/100\n|turn|4\n|\n|t:|1776562309\n|detailschange|p2a: Gardevoir|Gardevoir-Mega, L50, F\n|-mega|p2a: Gardevoir|Gardevoir|Gardevoirite\n|move|p2a: Gardevoir|Psychic|p1a: Rotom\n|-damage|p1a: Rotom|2/100\n|move|p1a: Rotom|Thunderbolt|p2a: Gardevoir\n|-damage|p2a: Gardevoir|57/100\n|-status|p2a: Gardevoir|par\n|move|p1b: Garchomp|Poison Jab|p2a: Gardevoir\n|-supereffective|p2a: Gardevoir|1\n|-damage|p2a: Gardevoir|0 fnt\n|faint|p2a: Gardevoir\n|move|p2b: Chesnaught|Body Press|p1a: Rotom\n|-damage|p1a: Rotom|0 fnt\n|faint|p1a: Rotom\n|\n|upkeep\n|\n|t:|1776562324\n|switch|p2a: Talonflame|Talonflame, L50, M|100/100\n|switch|p1a: Aerodactyl|Aerodactyl, L50, M|73/100\n|-ability|p1a: Aerodactyl|Unnerve\n|turn|5\n|inactive|LeftoHotdo has 30 seconds left.\n|inactive|LeftoHotdo has 20 seconds left.\n|inactive|LeftoHotdo has 15 seconds left.\n|inactive|LeftoHotdo has 10 seconds left.\n|\n|t:|1776562371\n|move|p1a: Aerodactyl|Protect|p1a: Aerodactyl\n|-singleturn|p1a: Aerodactyl|Protect\n|move|p2a: Talonflame|Will-O-Wisp|p1a: Aerodactyl\n|-activate|p1a: Aerodactyl|move: Protect\n|move|p1b: Garchomp|Scale Shot|p2a: Talonflame\n|-damage|p2a: Talonflame|81/100\n|-damage|p2a: Talonflame|62/100\n|-damage|p2a: Talonflame|41/100\n|-damage|p2a: Talonflame|18/100\n|-hitcount|p2a: Talonflame|4\n|-unboost|p1b: Garchomp|def|1\n|-boost|p1b: Garchomp|spe|1\n|move|p2b: Chesnaught|Body Press|p1a: Aerodactyl\n|-activate|p1a: Aerodactyl|move: Protect\n|\n|-sideend|p2: LeftoHotdo|move: Tailwind\n|upkeep\n|turn|6\n|\n|t:|1776562387\n|move|p1b: Garchomp|Poison Jab|p2a: Talonflame\n|-damage|p2a: Talonflame|0 fnt\n|faint|p2a: Talonflame\n|move|p1a: Aerodactyl|Dual Wingbeat|p2b: Chesnaught\n|-supereffective|p2b: Chesnaught|2\n|-damage|p2b: Chesnaught|45/100\n|-supereffective|p2b: Chesnaught|2\n|-damage|p2b: Chesnaught|0 fnt\n|faint|p2b: Chesnaught\n|-hitcount|p2: Chesnaught|2\n|\n|win|squigglybuff\n|c|\u2606LeftoHotdo|gg\n",
  "uploadtime": 1776562393,
  "views": 8,
  "formatid": "gen9championsvgc2026regma",
  "rating": null,
  "private": 0,
  "password": null
}