{
  "id": "gen9championsvgc2026regma-2583498402",
  "format": "[Gen 9 Champions] VGC 2026 Reg M-A",
  "players": [
    "bighamsterbaseball",
    "IlCastello"
  ],
  "log": "|j|\u2606bighamsterbaseball\n|j|\u2606IlCastello\n|t:|1776179468\n|gametype|doubles\n|player|p1|bighamsterbaseball|pokemaniac|1104\n|player|p2|IlCastello|169|1152\n|gen|9\n|tier|[Gen 9 Champions] VGC 2026 Reg M-A\n|rated|\n|rule|Species Clause: Limit one of each Pok\u00e9mon\n|rule|Item Clause: Limit 1 of each item\n|clearpoke\n|poke|p1|Glimmora, L50, F|\n|poke|p1|Kommo-o, L50, F|\n|poke|p1|Sinistcha, L50|\n|poke|p1|Araquanid, L50, M|\n|poke|p1|Corviknight, L50, F|\n|poke|p1|Gardevoir, L50, M|\n|poke|p2|Klefki, L50, M|\n|poke|p2|Gengar, L50, F|\n|poke|p2|Politoed, L50, M|\n|poke|p2|Blastoise, L50, M|\n|poke|p2|Incineroar, L50, F|\n|poke|p2|Sneasler, L50, M|\n|teampreview|4\n|\n|t:|1776179504\n|teamsize|p1|4\n|teamsize|p2|4\n|start\n|switch|p1a: Glimmora|Glimmora, L50, F|100/100\n|switch|p1b: Gardevoir|Gardevoir, L50, M|100/100\n|switch|p2a: Gengar|Gengar, L50, F|100/100\n|switch|p2b: Sneasler|Sneasler, L50, M|100/100\n|turn|1\n|\n|t:|1776179534\n|detailschange|p2a: Gengar|Gengar-Mega, L50, F\n|-mega|p2a: Gengar|Gengar|Gengarite\n|detailschange|p1a: Glimmora|Glimmora-Mega, L50, F\n|-mega|p1a: Glimmora|Glimmora|Glimmoranite\n|move|p2b: Sneasler|Fake Out|p1b: Gardevoir\n|-damage|p1b: Gardevoir|74/100\n|cant|p1b: Gardevoir|flinch\n|move|p2a: Gengar|Perish Song|p2a: Gengar\n|-start|p1a: Glimmora|perish3|[silent]\n|-start|p1b: Gardevoir|perish3|[silent]\n|-start|p2a: Gengar|perish3|[silent]\n|-start|p2b: Sneasler|perish3|[silent]\n|-fieldactivate|move: Perish Song\n|move|p1a: Glimmora|Earth Power|p2a: Gengar\n|-supereffective|p2a: Gengar|1\n|-damage|p2a: Gengar|11/100\n|\n|-start|p1b: Gardevoir|perish3\n|-start|p2a: Gengar|perish3\n|-start|p2b: Sneasler|perish3\n|-start|p1a: Glimmora|perish3\n|upkeep\n|turn|2\n|\n|t:|1776179557\n|move|p2a: Gengar|Protect|p2a: Gengar\n|-singleturn|p2a: Gengar|Protect\n|move|p1b: Gardevoir|Psychic|p2b: Sneasler\n|-supereffective|p2b: Sneasler|2\n|-enditem|p2b: Sneasler|Focus Sash\n|-damage|p2b: Sneasler|1/100\n|move|p2b: Sneasler|U-turn|p1b: Gardevoir\n|-damage|p1b: Gardevoir|34/100\n|\n|t:|1776179573\n|switch|p2b: Incineroar|Incineroar, L50, F|100/100|[from] U-turn\n|-ability|p2b: Incineroar|Intimidate|boost\n|-unboost|p1a: Glimmora|atk|1\n|-unboost|p1b: Gardevoir|atk|1\n|move|p1a: Glimmora|Sludge Wave|p2a: Gengar|[spread] p2b\n|-activate|p2a: Gengar|move: Protect\n|-activate|p1b: Gardevoir|ability: Telepathy\n|-damage|p2b: Incineroar|61/100\n|-status|p2b: Incineroar|psn\n|\n|-heal|p2b: Incineroar|67/100 psn|[from] item: Leftovers\n|-damage|p2b: Incineroar|54/100 psn|[from] psn\n|-start|p1b: Gardevoir|perish2\n|-start|p2a: Gengar|perish2\n|-start|p1a: Glimmora|perish2\n|upkeep\n|turn|3\n|l|\u2606IlCastello\n|player|p2|\n|j|\u2606IlCastello\n|player|p2|IlCastello|169|\n|\n|t:|1776179613\n|switch|p2a: Sneasler|Sneasler, L50, M|1/100\n|move|p1b: Gardevoir|Psychic|p2a: Sneasler\n|-supereffective|p2a: Sneasler|2\n|-damage|p2a: Sneasler|0 fnt\n|faint|p2a: Sneasler\n|move|p1a: Glimmora|Power Gem|p2b: Incineroar\n|-supereffective|p2b: Incineroar|1\n|-crit|p2b: Incineroar\n|-damage|p2b: Incineroar|0 fnt\n|faint|p2b: Incineroar\n|\n|-start|p1b: Gardevoir|perish1\n|-start|p1a: Glimmora|perish1\n|upkeep\n|\n|t:|1776179622\n|switch|p2a: Gengar|Gengar-Mega, L50, F|11/100\n|switch|p2b: Klefki|Klefki, L50, M|100/100\n|turn|4\n|\n|t:|1776179631\n|move|p2a: Gengar|Protect|p2a: Gengar\n|-singleturn|p2a: Gengar|Protect\n|move|p2b: Klefki|Thunder Wave|p1a: Glimmora\n|-status|p1a: Glimmora|par\n|move|p1b: Gardevoir|Psychic|p2a: Gengar\n|-activate|p2a: Gengar|move: Protect\n|move|p1a: Glimmora|Earth Power|p2b: Klefki\n|-supereffective|p2b: Klefki|1\n|-damage|p2b: Klefki|19/100\n|\n|-start|p1b: Gardevoir|perish0\n|-start|p1a: Glimmora|perish0\n|faint|p1b: Gardevoir\n|faint|p1a: Glimmora\n|upkeep\n|\n|t:|1776179637\n|switch|p1a: Sinistcha|Sinistcha, L50|100/100\n|switch|p1b: Araquanid|Araquanid, L50, M|100/100\n|turn|5\n|\n|t:|1776179651\n|move|p1a: Sinistcha|Rage Powder|p1a: Sinistcha\n|-singleturn|p1a: Sinistcha|move: Rage Powder\n|move|p2b: Klefki|Metal Sound|p1a: Sinistcha\n|-unboost|p1a: Sinistcha|spd|2\n|move|p2a: Gengar|Shadow Ball|p1a: Sinistcha\n|-supereffective|p1a: Sinistcha|1\n|-damage|p1a: Sinistcha|0 fnt\n|faint|p1a: Sinistcha\n|move|p1b: Araquanid|Liquidation|p2a: Gengar\n|-damage|p2a: Gengar|0 fnt\n|faint|p2a: Gengar\n|\n|upkeep\n|turn|6\n|\n|t:|1776179662\n|move|p2b: Klefki|Thunder Wave|p1b: Araquanid\n|-status|p1b: Araquanid|par\n|move|p1b: Araquanid|Liquidation|p2b: Klefki\n|-damage|p2b: Klefki|0 fnt\n|faint|p2b: Klefki\n|\n|win|bighamsterbaseball\n|raw|bighamsterbaseball's rating: 1104 &rarr; <strong>1132</strong><br />(+28 for winning)\n|raw|IlCastello's rating: 1152 &rarr; <strong>1124</strong><br />(-28 for losing)\n|l|\u2606IlCastello\n|player|p2|\n",
  "uploadtime": 1776179670,
  "views": 18,
  "formatid": "gen9championsvgc2026regma",
  "rating": 1124,
  "private": 0,
  "password": null
}