{
  "id": "gen9championsvgc2026regma-2587859922",
  "format": "[Gen 9 Champions] VGC 2026 Reg M-A",
  "players": [
    "Spottedwoot",
    "yumimoto"
  ],
  "log": "|j|\u2606Spottedwoot\n|j|\u203dyumimoto\n|t:|1776571573\n|gametype|doubles\n|player|p1|Spottedwoot|102|1491\n|player|p2|yumimoto|lucas|1674\n|gen|9\n|tier|[Gen 9 Champions] VGC 2026 Reg M-A\n|rated|\n|rule|Species Clause: Limit one of each Pok\u00e9mon\n|rule|Item Clause: Limit 1 of each item\n|clearpoke\n|poke|p1|Gengar, L50, M|\n|poke|p1|Rotom-Wash, L50|\n|poke|p1|Incineroar, L50, F|\n|poke|p1|Sinistcha, L50|\n|poke|p1|Garchomp, L50, M|\n|poke|p1|Kingambit, L50, F|\n|poke|p2|Charizard, L50, M|\n|poke|p2|Scovillain, L50, M|\n|poke|p2|Aegislash, L50, F|\n|poke|p2|Kingambit, L50, F|\n|poke|p2|Basculegion-F, L50, F|\n|poke|p2|Sylveon, L50, F|\n|teampreview|4\n|inactive|Battle timer is ON: inactive players will automatically lose when time's up. (requested by Spottedwoot)\n|\n|t:|1776571602\n|teamsize|p1|4\n|teamsize|p2|4\n|start\n|switch|p1a: Garchomp|Garchomp, L50, M|100/100\n|switch|p1b: Gengar|Gengar, L50, M|100/100\n|switch|p2a: Basculegion|Basculegion-F, L50, F|100/100\n|switch|p2b: Aegislash|Aegislash, L50, F|100/100\n|turn|1\n|\n|t:|1776571618\n|detailschange|p1b: Gengar|Gengar-Mega, L50, M\n|-mega|p1b: Gengar|Gengar|Gengarite\n|move|p2a: Basculegion|Icy Wind|p1a: Garchomp|[spread] p1a,p1b\n|-supereffective|p1a: Garchomp|2\n|-damage|p1a: Garchomp|50/100\n|-damage|p1b: Gengar|88/100\n|-unboost|p1a: Garchomp|spe|1\n|-unboost|p1b: Gengar|spe|1\n|move|p1b: Gengar|Shadow Ball|p2a: Basculegion\n|-supereffective|p2a: Basculegion|1\n|-damage|p2a: Basculegion|4/100\n|-unboost|p2a: Basculegion|spd|1\n|move|p1a: Garchomp|Stomping Tantrum|p2b: Aegislash\n|-supereffective|p2b: Aegislash|1\n|-damage|p2b: Aegislash|16/100\n|-formechange|p2b: Aegislash|Aegislash-Blade|\n|move|p2b: Aegislash|Poltergeist|p1a: Garchomp\n|-activate|p1a: Garchomp|move: Poltergeist|Soft Sand\n|-damage|p1a: Garchomp|0 fnt\n|faint|p1a: Garchomp\n|\n|upkeep\n|j| TwoTop1\n|\n|t:|1776571634\n|switch|p1a: Kingambit|Kingambit, L50, F|100/100\n|turn|2\n|j| LebronsMask\n|\n|t:|1776571646\n|switch|p2a: Sylveon|Sylveon, L50, F|100/100\n|move|p2b: Aegislash|Shadow Sneak|p1b: Gengar\n|-supereffective|p1b: Gengar|1\n|-damage|p1b: Gengar|16/100\n|move|p1b: Gengar|Shadow Ball|p2b: Aegislash\n|-supereffective|p2b: Aegislash|1\n|-damage|p2b: Aegislash|0 fnt\n|faint|p2b: Aegislash\n|move|p1a: Kingambit|Kowtow Cleave|p2a: Sylveon\n|-resisted|p2a: Sylveon|1\n|-damage|p2a: Sylveon|63/100\n|\n|upkeep\n|\n|t:|1776571659\n|switch|p2b: Charizard|Charizard, L50, M|100/100\n|turn|3\n|\n|t:|1776571665\n|switch|p1b: Rotom|Rotom-Wash, L50|100/100\n|detailschange|p2b: Charizard|Charizard-Mega-Y, L50, M\n|-mega|p2b: Charizard|Charizard|Charizardite Y\n|-weather|SunnyDay|[from] ability: Drought|[of] p2b: Charizard\n|move|p1a: Kingambit|Protect|p1a: Kingambit\n|-singleturn|p1a: Kingambit|Protect\n|move|p2b: Charizard|Heat Wave|p1b: Rotom|[spread] p1b\n|-activate|p1a: Kingambit|move: Protect\n|-resisted|p1b: Rotom|1\n|-damage|p1b: Rotom|78/100\n|move|p2a: Sylveon|Hyper Voice|p1a: Kingambit|[spread] p1b\n|-activate|p1a: Kingambit|move: Protect\n|-damage|p1b: Rotom|41/100\n|-enditem|p1b: Rotom|Sitrus Berry|[eat]\n|-heal|p1b: Rotom|65/100|[from] item: Sitrus Berry\n|\n|-weather|SunnyDay|[upkeep]\n|upkeep\n|turn|4\n|l| LebronsMask\n|\n|t:|1776571682\n|move|p1a: Kingambit|Sucker Punch|p2b: Charizard\n|-damage|p2b: Charizard|45/100\n|move|p2b: Charizard|Heat Wave|p1a: Kingambit|[spread] p1a,p1b\n|-supereffective|p1a: Kingambit|1\n|-resisted|p1b: Rotom|1\n|-damage|p1a: Kingambit|0 fnt\n|-damage|p1b: Rotom|41/100\n|faint|p1a: Kingambit\n|move|p1b: Rotom|Hydro Pump|p2b: Charizard\n|-supereffective|p2b: Charizard|1\n|-damage|p2b: Charizard|15/100\n|move|p2a: Sylveon|Hyper Voice|p1b: Rotom\n|-damage|p1b: Rotom|0 fnt\n|faint|p1b: Rotom\n|\n|-weather|SunnyDay|[upkeep]\n|upkeep\n|j| sammap\n|\n|t:|1776571693\n|switch|p1b: Gengar|Gengar-Mega, L50, M|16/100\n|turn|5\n|\n|t:|1776571703\n|move|p1b: Gengar|Sludge Bomb|p2a: Sylveon\n|-supereffective|p2a: Sylveon|1\n|-damage|p2a: Sylveon|0 fnt\n|faint|p2a: Sylveon\n|move|p2b: Charizard|Solar Beam||[still]\n|-prepare|p2b: Charizard|Solar Beam\n|-anim|p2b: Charizard|Solar Beam|p1b: Gengar\n|-resisted|p1b: Gengar|1\n|-damage|p1b: Gengar|0 fnt\n|faint|p1b: Gengar\n|\n|win|yumimoto\n|raw|Spottedwoot's rating: 1491 &rarr; <strong>1481</strong><br />(-10 for losing)\n|raw|yumimoto's rating: 1674 &rarr; <strong>1684</strong><br />(+10 for winning)\n|l|\u2606Spottedwoot\n|player|p1|\n|l| TwoTop1\n",
  "uploadtime": 1776571760,
  "views": 13,
  "formatid": "gen9championsvgc2026regma",
  "rating": 1481,
  "private": 0,
  "password": null
}