{
  "id": "gen9championsvgc2026regma-2583594984",
  "format": "[Gen 9 Champions] VGC 2026 Reg M-A",
  "players": [
    "BabyBirdLucy",
    "soundless_wind"
  ],
  "log": "|j|\u2606BabyBirdLucy\n|j|\u2606soundless_wind\n|t:|1776185466\n|gametype|doubles\n|player|p1|BabyBirdLucy|red-gen2|1222\n|player|p2|soundless_wind|dragontamer|1247\n|gen|9\n|tier|[Gen 9 Champions] VGC 2026 Reg M-A\n|rated|\n|rule|Species Clause: Limit one of each Pok\u00e9mon\n|rule|Item Clause: Limit 1 of each item\n|clearpoke\n|poke|p1|Aerodactyl, L50, M|\n|poke|p1|Meganium, L50, M|\n|poke|p1|Typhlosion-Hisui, L50, M|\n|poke|p1|Glimmora, L50, F|\n|poke|p1|Gyarados, L50, F|\n|poke|p1|Sneasler, L50, M|\n|poke|p2|Farigiraf, L50, F|\n|poke|p2|Incineroar, L50, M|\n|poke|p2|Charizard, L50, M|\n|poke|p2|Whimsicott, L50, F|\n|poke|p2|Garchomp, L50, M|\n|poke|p2|Sneasler, L50, M|\n|teampreview|4\n|inactive|Battle timer is ON: inactive players will automatically lose when time's up. (requested by BabyBirdLucy)\n|\n|t:|1776185524\n|teamsize|p1|4\n|teamsize|p2|4\n|start\n|switch|p1a: Sneasler|Sneasler, L50, M|100/100\n|switch|p1b: Aerodactyl|Aerodactyl, L50, M|100/100\n|switch|p2a: Sneasler|Sneasler, L50, M|100/100\n|switch|p2b: Garchomp|Garchomp, L50, M|100/100\n|-ability|p1b: Aerodactyl|Unnerve\n|turn|1\n|\n|t:|1776185541\n|move|p1b: Aerodactyl|Protect|p1b: Aerodactyl\n|-singleturn|p1b: Aerodactyl|Protect\n|move|p1a: Sneasler|Fake Out|p2b: Garchomp\n|-damage|p2b: Garchomp|86/100\n|-damage|p1a: Sneasler|88/100|[from] ability: Rough Skin|[of] p2b: Garchomp\n|move|p2a: Sneasler|Upper Hand||[still]\n|-fail|p2a: Sneasler\n|cant|p2b: Garchomp|flinch\n|\n|upkeep\n|turn|2\n|\n|t:|1776185565\n|switch|p2a: Whimsicott|Whimsicott, L50, F|100/100\n|move|p1a: Sneasler|Protect|p1a: Sneasler\n|-singleturn|p1a: Sneasler|Protect\n|move|p2b: Garchomp|Rock Slide|p1b: Aerodactyl|[spread] p1b\n|-activate|p1a: Sneasler|move: Protect\n|-supereffective|p1b: Aerodactyl|1\n|-damage|p1b: Aerodactyl|43/100\n|cant|p1b: Aerodactyl|flinch\n|\n|upkeep\n|turn|3\n|\n|t:|1776185590\n|switch|p1a: Gyarados|Gyarados, L50, F|100/100\n|-ability|p1a: Gyarados|Intimidate|boost\n|-unboost|p2a: Whimsicott|atk|1\n|-unboost|p2b: Garchomp|atk|1\n|move|p2b: Garchomp|Rock Slide|p1a: Gyarados|[spread] p1a,p1b\n|-supereffective|p1a: Gyarados|1\n|-supereffective|p1b: Aerodactyl|1\n|-damage|p1a: Gyarados|76/100\n|-damage|p1b: Aerodactyl|2/100\n|move|p1b: Aerodactyl|Dual Wingbeat|p2a: Whimsicott\n|-supereffective|p2a: Whimsicott|1\n|-crit|p2a: Whimsicott\n|-damage|p2a: Whimsicott|20/100\n|-supereffective|p2a: Whimsicott|1\n|-damage|p2a: Whimsicott|0 fnt\n|faint|p2a: Whimsicott\n|-hitcount|p2: Whimsicott|2\n|\n|upkeep\n|\n|t:|1776185612\n|switch|p2a: Sneasler|Sneasler, L50, M|100/100\n|turn|4\n|\n|t:|1776185636\n|switch|p1a: Sneasler|Sneasler, L50, M|88/100\n|move|p1b: Aerodactyl|Protect|p1b: Aerodactyl\n|-singleturn|p1b: Aerodactyl|Protect\n|move|p2b: Garchomp|Rock Slide|p1a: Sneasler|[spread] p1a\n|-activate|p1b: Aerodactyl|move: Protect\n|-resisted|p1a: Sneasler|1\n|-damage|p1a: Sneasler|78/100\n|move|p2a: Sneasler|Dire Claw|p1a: Sneasler\n|-resisted|p1a: Sneasler|1\n|-damage|p1a: Sneasler|41/100\n|\n|upkeep\n|turn|5\n|inactive|soundless_wind has 30 seconds left.\n|\n|t:|1776185661\n|move|p1a: Sneasler|Fake Out|p2b: Garchomp\n|-damage|p2b: Garchomp|72/100\n|-damage|p1a: Sneasler|29/100|[from] ability: Rough Skin|[of] p2b: Garchomp\n|move|p2a: Sneasler|Upper Hand||[still]\n|-fail|p2a: Sneasler\n|cant|p2b: Garchomp|flinch\n|move|p1b: Aerodactyl|Tailwind|p1b: Aerodactyl\n|-sidestart|p1: BabyBirdLucy|move: Tailwind\n|\n|upkeep\n|turn|6\n|\n|t:|1776185691\n|move|p1b: Aerodactyl|Dual Wingbeat|p2a: Sneasler\n|-supereffective|p2a: Sneasler|1\n|-damage|p2a: Sneasler|41/100\n|-supereffective|p2a: Sneasler|1\n|-damage|p2a: Sneasler|0 fnt\n|faint|p2a: Sneasler\n|-hitcount|p2: Sneasler|2\n|move|p1a: Sneasler|Close Combat|p2b: Garchomp\n|-damage|p2b: Garchomp|3/100\n|-unboost|p1a: Sneasler|def|1\n|-unboost|p1a: Sneasler|spd|1\n|-damage|p1a: Sneasler|17/100|[from] ability: Rough Skin|[of] p2b: Garchomp\n|-enditem|p1a: Sneasler|White Herb\n|-clearnegativeboost|p1a: Sneasler|[silent]\n|move|p2b: Garchomp|Rock Slide|p1a: Sneasler|[spread] p1a,p1b\n|-resisted|p1a: Sneasler|1\n|-crit|p1a: Sneasler\n|-supereffective|p1b: Aerodactyl|1\n|-damage|p1a: Sneasler|0 fnt\n|-damage|p1b: Aerodactyl|0 fnt\n|faint|p1a: Sneasler\n|faint|p1b: Aerodactyl\n|\n|upkeep\n|\n|t:|1776185712\n|switch|p1b: Glimmora|Glimmora, L50, F|100/100\n|switch|p1a: Gyarados|Gyarados, L50, F|76/100\n|switch|p2a: Incineroar|Incineroar, L50, M|100/100\n|-ability|p1a: Gyarados|Intimidate|boost\n|-unboost|p2a: Incineroar|atk|1\n|-unboost|p2b: Garchomp|atk|1\n|-ability|p2a: Incineroar|Intimidate|boost\n|-unboost|p1a: Gyarados|atk|1\n|-unboost|p1b: Glimmora|atk|1\n|turn|7\n|\n|t:|1776185728\n|detailschange|p1b: Glimmora|Glimmora-Mega, L50, F\n|-mega|p1b: Glimmora|Glimmora|Glimmoranite\n|move|p1b: Glimmora|Spiky Shield|p1b: Glimmora\n|-singleturn|p1b: Glimmora|move: Protect\n|move|p2a: Incineroar|Fake Out|p1b: Glimmora\n|-activate|p1b: Glimmora|move: Protect\n|-damage|p2a: Incineroar|88/100|[from] Spiky Shield|[of] p1b: Glimmora\n|move|p2b: Garchomp|Rock Slide|p1b: Glimmora|[spread] p1a\n|-activate|p1b: Glimmora|move: Protect\n|-supereffective|p1a: Gyarados|1\n|-damage|p1a: Gyarados|55/100\n|move|p1a: Gyarados|Waterfall|p2b: Garchomp\n|-damage|p2b: Garchomp|0 fnt\n|-damage|p1a: Gyarados|43/100|[from] ability: Rough Skin|[of] p2b: Garchomp\n|-enditem|p1a: Gyarados|Sitrus Berry|[eat]\n|-heal|p1a: Gyarados|67/100|[from] item: Sitrus Berry\n|faint|p2b: Garchomp\n|\n|upkeep\n|turn|8\n|\n|t:|1776185746\n|move|p1a: Gyarados|Helping Hand|p1b: Glimmora\n|-singleturn|p1b: Glimmora|Helping Hand|[of] p1a: Gyarados\n|move|p1b: Glimmora|Power Gem|p2a: Incineroar\n|-supereffective|p2a: Incineroar|1\n|-damage|p2a: Incineroar|0 fnt\n|faint|p2a: Incineroar\n|\n|win|BabyBirdLucy\n|raw|BabyBirdLucy's rating: 1222 &rarr; <strong>1249</strong><br />(+27 for winning)\n|raw|soundless_wind's rating: 1247 &rarr; <strong>1220</strong><br />(-27 for losing)\n|l|\u2606soundless_wind\n|player|p2|\n",
  "uploadtime": 1776185900,
  "views": 41,
  "formatid": "gen9championsvgc2026regma",
  "rating": 1220,
  "private": 0,
  "password": null
}