{
  "id": "gen9championsvgc2026regma-2584682150",
  "format": "[Gen 9 Champions] VGC 2026 Reg M-A",
  "players": [
    "lolgz",
    "caztiels"
  ],
  "log": "|j|\u2606lolgz\n|j|\u2606caztiels\n|t:|1776276486\n|gametype|doubles\n|player|p1|lolgz|265|1178\n|player|p2|caztiels|veteran|1179\n|gen|9\n|tier|[Gen 9 Champions] VGC 2026 Reg M-A\n|rated|\n|rule|Species Clause: Limit one of each Pok\u00e9mon\n|rule|Item Clause: Limit 1 of each item\n|clearpoke\n|poke|p1|Charizard, L50, F|\n|poke|p1|Whimsicott, L50, M|\n|poke|p1|Basculegion, L50, M|\n|poke|p1|Farigiraf, L50, F|\n|poke|p1|Sneasler, L50, F|\n|poke|p1|Floette-Eternal, L50, F|\n|poke|p2|Charizard, L50, M|\n|poke|p2|Venusaur, L50, F|\n|poke|p2|Incineroar, L50, F|\n|poke|p2|Garchomp, L50, F|\n|poke|p2|Basculegion, L50, M|\n|poke|p2|Sneasler, L50, M|\n|teampreview|4\n|\n|t:|1776276512\n|teamsize|p1|4\n|teamsize|p2|4\n|start\n|switch|p1a: Whimsicott|Whimsicott, L50, M|100/100\n|switch|p1b: Charizard|Charizard, L50, F|100/100\n|switch|p2a: Garchomp|Garchomp, L50, F|100/100\n|switch|p2b: Sneasler|Sneasler, L50, M|100/100\n|turn|1\n|\n|t:|1776276535\n|move|p1b: Charizard|Protect|p1b: Charizard\n|-singleturn|p1b: Charizard|Protect\n|move|p2b: Sneasler|Fake Out|p1a: Whimsicott\n|-damage|p1a: Whimsicott|79/100\n|cant|p1a: Whimsicott|flinch\n|move|p2a: Garchomp|Rock Slide|p1a: Whimsicott|[spread] \n|-activate|p1b: Charizard|move: Protect\n|-miss|p2a: Garchomp|p1a: Whimsicott\n|\n|upkeep\n|turn|2\n|\n|t:|1776276557\n|move|p1b: Charizard|Protect||[still]\n|-fail|p1b: Charizard\n|move|p1a: Whimsicott|Tailwind|p1a: Whimsicott\n|-sidestart|p1: lolgz|move: Tailwind\n|move|p2b: Sneasler|Dire Claw|p1a: Whimsicott\n|-supereffective|p1a: Whimsicott|2\n|-damage|p1a: Whimsicott|0 fnt\n|faint|p1a: Whimsicott\n|move|p2a: Garchomp|Rock Slide|p1b: Charizard\n|-supereffective|p1b: Charizard|2\n|-damage|p1b: Charizard|0 fnt\n|faint|p1b: Charizard\n|\n|upkeep\n|\n|t:|1776276560\n|switch|p1a: Basculegion|Basculegion, L50, M|100/100\n|switch|p1b: Sneasler|Sneasler, L50, F|100/100\n|turn|3\n|\n|t:|1776276578\n|move|p2b: Sneasler|Protect|p2b: Sneasler\n|-singleturn|p2b: Sneasler|Protect\n|move|p2a: Garchomp|Protect|p2a: Garchomp\n|-singleturn|p2a: Garchomp|Protect\n|move|p1b: Sneasler|Fake Out|p2b: Sneasler\n|-activate|p2b: Sneasler|move: Protect\n|move|p1a: Basculegion|Last Respects|p2a: Garchomp\n|-activate|p2a: Garchomp|move: Protect\n|\n|upkeep\n|turn|4\n|inactive|Battle timer is ON: inactive players will automatically lose when time's up. (requested by caztiels)\n|\n|t:|1776276634\n|move|p1a: Basculegion|Last Respects|p2a: Garchomp\n|-damage|p2a: Garchomp|11/100\n|move|p1b: Sneasler|Close Combat|p2b: Sneasler\n|-resisted|p2b: Sneasler|1\n|-damage|p2b: Sneasler|50/100\n|-unboost|p1b: Sneasler|def|1\n|-unboost|p1b: Sneasler|spd|1\n|-enditem|p1b: Sneasler|White Herb\n|-clearnegativeboost|p1b: Sneasler|[silent]\n|move|p2b: Sneasler|Close Combat|p1b: Sneasler\n|-resisted|p1b: Sneasler|1\n|-damage|p1b: Sneasler|44/100\n|-unboost|p2b: Sneasler|def|1\n|-unboost|p2b: Sneasler|spd|1\n|-enditem|p2b: Sneasler|White Herb\n|-clearnegativeboost|p2b: Sneasler|[silent]\n|move|p2a: Garchomp|Dragon Claw|p1a: Basculegion\n|-damage|p1a: Basculegion|47/100\n|\n|upkeep\n|turn|5\n|inactive|caztiels has 30 seconds left.\n|\n|t:|1776276660\n|move|p2b: Sneasler|Protect|p2b: Sneasler\n|-singleturn|p2b: Sneasler|Protect\n|move|p2a: Garchomp|Protect|p2a: Garchomp\n|-singleturn|p2a: Garchomp|Protect\n|move|p1b: Sneasler|Dire Claw|p2a: Garchomp\n|-activate|p2a: Garchomp|move: Protect\n|move|p1a: Basculegion|Last Respects|p2b: Sneasler\n|-activate|p2b: Sneasler|move: Protect\n|\n|-sideend|p1: lolgz|move: Tailwind\n|upkeep\n|turn|6\n|inactive|caztiels has 30 seconds left.\n|inactive|caztiels has 20 seconds left.\n|\n|t:|1776276699\n|move|p1b: Sneasler|Close Combat|p2b: Sneasler\n|-resisted|p2b: Sneasler|1\n|-damage|p2b: Sneasler|0 fnt\n|-unboost|p1b: Sneasler|def|1\n|-unboost|p1b: Sneasler|spd|1\n|faint|p2b: Sneasler\n|move|p1a: Basculegion|Last Respects|p2a: Garchomp\n|-damage|p2a: Garchomp|0 fnt\n|faint|p2a: Garchomp\n|\n|upkeep\n|\n|t:|1776276711\n|switch|p2b: Basculegion|Basculegion, L50, M|100/100\n|switch|p2a: Charizard|Charizard, L50, M|100/100\n|turn|7\n|\n|t:|1776276733\n|detailschange|p2a: Charizard|Charizard-Mega-Y, L50, M\n|-mega|p2a: Charizard|Charizard|Charizardite Y\n|-weather|SunnyDay|[from] ability: Drought|[of] p2a: Charizard\n|move|p2b: Basculegion|Aqua Jet|p1b: Sneasler\n|-damage|p1b: Sneasler|11/100\n|move|p1b: Sneasler|Dire Claw|p2a: Charizard\n|-damage|p2a: Charizard|51/100\n|move|p1a: Basculegion|Last Respects|p2b: Basculegion\n|-supereffective|p2b: Basculegion|1\n|-damage|p2b: Basculegion|0 fnt\n|faint|p2b: Basculegion\n|move|p2a: Charizard|Solar Beam||[still]\n|-prepare|p2a: Charizard|Solar Beam\n|-anim|p2a: Charizard|Solar Beam|p1a: Basculegion\n|-supereffective|p1a: Basculegion|1\n|-damage|p1a: Basculegion|0 fnt\n|faint|p1a: Basculegion\n|\n|-weather|SunnyDay|[upkeep]\n|upkeep\n|turn|8\n|\n|t:|1776276758\n|move|p1b: Sneasler|Dire Claw|p2a: Charizard\n|-damage|p2a: Charizard|2/100\n|move|p2a: Charizard|Weather Ball|p1b: Sneasler\n|-damage|p1b: Sneasler|0 fnt\n|faint|p1b: Sneasler\n|\n|win|caztiels\n|raw|lolgz's rating: 1178 &rarr; <strong>1153</strong><br />(-25 for losing)\n|raw|caztiels's rating: 1179 &rarr; <strong>1204</strong><br />(+25 for winning)\n",
  "uploadtime": 1776276758,
  "views": 17,
  "formatid": "gen9championsvgc2026regma",
  "rating": 1153,
  "private": 0,
  "password": null
}