{
  "id": "gen9championsvgc2026regma-2582896632",
  "format": "[Gen 9 Champions] VGC 2026 Reg M-A",
  "players": [
    "powerguido0800",
    "h2obama"
  ],
  "log": "|j|\u2606powerguido0800\n|j|\u2606h2obama\n|t:|1776122975\n|gametype|doubles\n|player|p1|powerguido0800|266|1123\n|player|p2|h2obama|266|1157\n|gen|9\n|tier|[Gen 9 Champions] VGC 2026 Reg M-A\n|rated|\n|rule|Species Clause: Limit one of each Pok\u00e9mon\n|rule|Item Clause: Limit 1 of each item\n|clearpoke\n|poke|p1|Basculegion, L50, M|\n|poke|p1|Archaludon, L50, F|\n|poke|p1|Dragonite, L50, M|\n|poke|p1|Pelipper, L50, F|\n|poke|p1|Garchomp, L50, M|\n|poke|p1|Sneasler, L50, F|\n|poke|p2|Kleavor, L50, M|\n|poke|p2|Basculegion, L50, M|\n|poke|p2|Scovillain, L50, M|\n|poke|p2|Kingambit, L50, M|\n|poke|p2|Froslass, L50, F|\n|poke|p2|Whimsicott, L50, M|\n|teampreview|4\n|\n|t:|1776122995\n|teamsize|p1|4\n|teamsize|p2|4\n|start\n|switch|p1a: Archaludon|Archaludon, L50, F|100/100\n|switch|p1b: Pelipper|Pelipper, L50, F|100/100\n|switch|p2a: Whimsicott|Whimsicott, L50, M|100/100\n|switch|p2b: Kleavor|Kleavor, L50, M|100/100\n|-weather|RainDance|[from] ability: Drizzle|[of] p1b: Pelipper\n|turn|1\n|\n|t:|1776123018\n|move|p2a: Whimsicott|Tailwind|p2a: Whimsicott\n|-sidestart|p2: h2obama|move: Tailwind\n|move|p2b: Kleavor|Stone Axe|p1b: Pelipper\n|-supereffective|p1b: Pelipper|1\n|-enditem|p1b: Pelipper|Focus Sash\n|-damage|p1b: Pelipper|1/100\n|-sidestart|p1: powerguido0800|move: Stealth Rock\n|move|p1a: Archaludon|Aura Sphere|p2b: Kleavor\n|-damage|p2b: Kleavor|60/100\n|move|p1b: Pelipper|Tailwind|p1b: Pelipper\n|-sidestart|p1: powerguido0800|move: Tailwind\n|\n|-weather|RainDance|[upkeep]\n|upkeep\n|turn|2\n|\n|t:|1776123042\n|move|p1b: Pelipper|Protect|p1b: Pelipper\n|-singleturn|p1b: Pelipper|Protect\n|move|p2a: Whimsicott|Moonblast|p1a: Archaludon\n|-damage|p1a: Archaludon|44/100\n|-ability|p1a: Archaludon|Stamina|boost\n|-boost|p1a: Archaludon|def|1\n|move|p1a: Archaludon|Aura Sphere|p2b: Kleavor\n|-damage|p2b: Kleavor|19/100\n|move|p2b: Kleavor|X-Scissor|p1b: Pelipper\n|-activate|p1b: Pelipper|move: Protect\n|\n|-weather|RainDance|[upkeep]\n|-heal|p1a: Archaludon|50/100|[from] item: Leftovers\n|upkeep\n|turn|3\n|\n|t:|1776123064\n|switch|p1b: Sneasler|Sneasler, L50, F|100/100\n|-damage|p1b: Sneasler|95/100|[from] Stealth Rock\n|move|p2a: Whimsicott|Moonblast|p1a: Archaludon\n|-damage|p1a: Archaludon|0 fnt\n|faint|p1a: Archaludon\n|move|p2b: Kleavor|X-Scissor|p1b: Sneasler\n|-resisted|p1b: Sneasler|2\n|-damage|p1b: Sneasler|67/100\n|\n|-weather|RainDance|[upkeep]\n|upkeep\n|\n|t:|1776123073\n|switch|p1a: Dragonite|Dragonite, L50, M, shiny|100/100\n|-damage|p1a: Dragonite|76/100|[from] Stealth Rock\n|turn|4\n|\n|t:|1776123090\n|detailschange|p1a: Dragonite|Dragonite-Mega, L50, M, shiny\n|-mega|p1a: Dragonite|Dragonite|Dragoninite\n|move|p2a: Whimsicott|Protect|p2a: Whimsicott\n|-singleturn|p2a: Whimsicott|Protect\n|move|p2b: Kleavor|Protect|p2b: Kleavor\n|-singleturn|p2b: Kleavor|Protect\n|move|p1b: Sneasler|Fake Out|p2a: Whimsicott\n|-activate|p2a: Whimsicott|move: Protect\n|move|p1a: Dragonite|Hurricane|p2a: Whimsicott\n|-activate|p2a: Whimsicott|move: Protect\n|\n|-weather|RainDance|[upkeep]\n|-sideend|p2: h2obama|move: Tailwind\n|-sideend|p1: powerguido0800|move: Tailwind\n|upkeep\n|turn|5\n|\n|t:|1776123113\n|move|p2a: Whimsicott|Tailwind|p2a: Whimsicott\n|-sidestart|p2: h2obama|move: Tailwind\n|move|p2b: Kleavor|Stone Axe|p1a: Dragonite\n|-supereffective|p1a: Dragonite|1\n|-damage|p1a: Dragonite|0 fnt\n|faint|p1a: Dragonite\n|move|p1b: Sneasler|Dire Claw|p2a: Whimsicott\n|-supereffective|p2a: Whimsicott|2\n|-enditem|p2a: Whimsicott|Focus Sash\n|-damage|p2a: Whimsicott|1/100\n|-status|p2a: Whimsicott|psn\n|\n|-weather|none\n|-damage|p2a: Whimsicott|0 fnt|[from] psn\n|faint|p2a: Whimsicott\n|upkeep\n|\n|t:|1776123126\n|switch|p2a: Froslass|Froslass, L50, F|100/100\n|switch|p1a: Pelipper|Pelipper, L50, F|1/100\n|-damage|p1a: Pelipper|0 fnt|[from] Stealth Rock\n|faint|p1a: Pelipper\n|turn|6\n|-message|powerguido0800 forfeited.\n|\n|win|h2obama\n|raw|powerguido0800's rating: 1123 &rarr; <strong>1100</strong><br />(-23 for losing)\n|raw|h2obama's rating: 1157 &rarr; <strong>1180</strong><br />(+23 for winning)\n|l|\u2606powerguido0800\n|player|p1|\n",
  "uploadtime": 1776123144,
  "views": 19,
  "formatid": "gen9championsvgc2026regma",
  "rating": 1100,
  "private": 0,
  "password": null
}