{
  "id": "gen9championsvgc2026regma-2587670132",
  "format": "[Gen 9 Champions] VGC 2026 Reg M-A",
  "players": [
    "Capitology",
    "PM77Switch"
  ],
  "log": "|j|\u2606Capitology\n|j|\u2606PM77Switch\n|t:|1776552252\n|gametype|doubles\n|player|p1|Capitology|shadowtriad|1293\n|player|p2|PM77Switch|may-masters3|1325\n|gen|9\n|tier|[Gen 9 Champions] VGC 2026 Reg M-A\n|rated|\n|rule|Species Clause: Limit one of each Pok\u00e9mon\n|rule|Item Clause: Limit 1 of each item\n|clearpoke\n|poke|p1|Charizard, L50, M, shiny|\n|poke|p1|Garchomp, L50, M|\n|poke|p1|Basculegion, L50, M, shiny|\n|poke|p1|Incineroar, L50, M|\n|poke|p1|Venusaur, L50, M|\n|poke|p1|Sneasler, L50, F|\n|poke|p2|Blastoise, L50, M|\n|poke|p2|Kingambit, L50, F|\n|poke|p2|Sneasler, L50, M|\n|poke|p2|Aerodactyl, L50, M|\n|poke|p2|Sinistcha, L50|\n|poke|p2|Incineroar, L50, F|\n|teampreview|4\n|inactive|Battle timer is ON: inactive players will automatically lose when time's up. (requested by PM77Switch)\n|inactive|Capitology has 60 seconds left.\n|\n|t:|1776552284\n|teamsize|p1|4\n|teamsize|p2|4\n|start\n|switch|p1a: Basculegion|Basculegion, L50, M, shiny|100/100\n|switch|p1b: Charizard|Charizard, L50, M, shiny|100/100\n|switch|p2a: Incineroar|Incineroar, L50, F|100/100\n|switch|p2b: Aerodactyl|Aerodactyl, L50, M|100/100\n|-ability|p2b: Aerodactyl|Unnerve\n|-ability|p2a: Incineroar|Intimidate|boost\n|-unboost|p1a: Basculegion|atk|1\n|-unboost|p1b: Charizard|atk|1\n|turn|1\n|inactive|Capitology has 30 seconds left.\n|\n|t:|1776552314\n|switch|p1b: Incineroar|Incineroar, L50, M|100/100\n|-ability|p1b: Incineroar|Intimidate|boost\n|-unboost|p2a: Incineroar|atk|1\n|-unboost|p2b: Aerodactyl|atk|1\n|move|p2b: Aerodactyl|Protect|p2b: Aerodactyl\n|-singleturn|p2b: Aerodactyl|Protect\n|move|p1a: Basculegion|Wave Crash|p2a: Incineroar\n|-supereffective|p2a: Incineroar|1\n|-damage|p2a: Incineroar|5/100\n|-damage|p1a: Basculegion|68/100|[from] Recoil\n|move|p2a: Incineroar|Darkest Lariat|p1a: Basculegion\n|-supereffective|p1a: Basculegion|1\n|-damage|p1a: Basculegion|3/100\n|\n|upkeep\n|turn|2\n|inactive|Capitology has 30 seconds left.\n|inactive|PM77Switch has 30 seconds left.\n|\n|t:|1776552348\n|switch|p2b: Kingambit|Kingambit, L50, F|100/100\n|switch|p2a: Blastoise|Blastoise, L50, M|100/100\n|move|p1b: Incineroar|Fake Out|p2a: Blastoise\n|-damage|p2a: Blastoise|89/100\n|move|p1a: Basculegion|Wave Crash|p2b: Kingambit\n|-damage|p2b: Kingambit|64/100\n|-damage|p1a: Basculegion|0 fnt|[from] Recoil\n|faint|p1a: Basculegion\n|\n|upkeep\n|\n|t:|1776552366\n|switch|p1a: Venusaur|Venusaur, L50, M|100/100\n|turn|3\n|\n|t:|1776552379\n|switch|p2b: Incineroar|Incineroar, L50, F|5/100\n|-ability|p2b: Incineroar|Intimidate|boost\n|-unboost|p1a: Venusaur|atk|1\n|-unboost|p1b: Incineroar|atk|1\n|detailschange|p2a: Blastoise|Blastoise-Mega, L50, M\n|-mega|p2a: Blastoise|Blastoise|Blastoisinite\n|move|p2a: Blastoise|Protect|p2a: Blastoise\n|-singleturn|p2a: Blastoise|Protect\n|move|p1a: Venusaur|Earth Power|p2b: Incineroar\n|-supereffective|p2b: Incineroar|1\n|-damage|p2b: Incineroar|0 fnt\n|faint|p2b: Incineroar\n|move|p1b: Incineroar|Parting Shot|p2a: Blastoise\n|-activate|p2a: Blastoise|move: Protect\n|\n|upkeep\n|\n|t:|1776552389\n|switch|p2b: Aerodactyl|Aerodactyl, L50, M|100/100\n|-ability|p2b: Aerodactyl|Unnerve\n|turn|4\n|\n|t:|1776552398\n|move|p2b: Aerodactyl|Dual Wingbeat|p1a: Venusaur\n|-supereffective|p1a: Venusaur|1\n|-damage|p1a: Venusaur|50/100\n|-supereffective|p1a: Venusaur|1\n|-damage|p1a: Venusaur|0 fnt\n|faint|p1a: Venusaur\n|-hitcount|p1: Venusaur|2\n|move|p2a: Blastoise|Water Spout|p1b: Incineroar\n|-supereffective|p1b: Incineroar|1\n|-damage|p1b: Incineroar|0 fnt\n|faint|p1b: Incineroar\n|\n|upkeep\n|\n|t:|1776552409\n|switch|p1b: Charizard|Charizard, L50, M, shiny|100/100\n|turn|5\n|\n|t:|1776552417\n|detailschange|p1b: Charizard|Charizard-Mega-Y, L50, M, shiny\n|-mega|p1b: Charizard|Charizard|Charizardite Y\n|-weather|SunnyDay|[from] ability: Drought|[of] p1b: Charizard\n|move|p2b: Aerodactyl|Rock Slide|p1b: Charizard\n|-supereffective|p1b: Charizard|2\n|-damage|p1b: Charizard|0 fnt\n|faint|p1b: Charizard\n|\n|win|PM77Switch\n|raw|Capitology's rating: 1293 &rarr; <strong>1270</strong><br />(-23 for losing)\n|raw|PM77Switch's rating: 1325 &rarr; <strong>1343</strong><br />(+18 for winning)\n|l|\u2606Capitology\n|player|p1|\n",
  "uploadtime": 1776552423,
  "views": 17,
  "formatid": "gen9championsvgc2026regma",
  "rating": 1270,
  "private": 0,
  "password": null
}