{
  "id": "gen9championsvgc2026regma-2588700175",
  "format": "[Gen 9 Champions] VGC 2026 Reg M-A",
  "players": [
    "magato123",
    "lunartemis"
  ],
  "log": "|j|\u2606magato123\n|j|\u2606lunartemis\n|t:|1776659280\n|gametype|doubles\n|player|p1|magato123|turo-ai|1009\n|player|p2|lunartemis|2|1038\n|gen|9\n|tier|[Gen 9 Champions] VGC 2026 Reg M-A\n|rated|\n|rule|Species Clause: Limit one of each Pok\u00e9mon\n|rule|Item Clause: Limit 1 of each item\n|clearpoke\n|poke|p1|Gengar, L50, M|\n|poke|p1|Garchomp, L50, M|\n|poke|p1|Basculegion, L50, M|\n|poke|p1|Clefable, L50, F|\n|poke|p1|Sneasler, L50, F|\n|poke|p1|Sableye, L50, F|\n|poke|p2|Starmie, L50|\n|poke|p2|Tyranitar, L50, F, shiny|\n|poke|p2|Excadrill, L50, F|\n|poke|p2|Sneasler, L50, F|\n|poke|p2|Primarina, L50, M|\n|poke|p2|Aegislash, L50, M, shiny|\n|teampreview|4\n|inactive|Battle timer is ON: inactive players will automatically lose when time's up. (requested by magato123)\nmagato123 rejected open team sheets.\n|inactive|lunartemis has 60 seconds left.\n|\n|t:|1776659313\n|teamsize|p1|4\n|teamsize|p2|4\n|start\n|switch|p1a: Clefable|Clefable, L50, F|100/100\n|switch|p1b: Sneasler|Sneasler, L50, F|100/100\n|switch|p2a: Starmie|Starmie, L50|100/100\n|switch|p2b: Aegislash|Aegislash, L50, M, shiny|100/100\n|turn|1\n|inactive|lunartemis has 30 seconds left.\n|\n|t:|1776659339\n|switch|p1b: Garchomp|Garchomp, L50, M|100/100\n|detailschange|p2a: Starmie|Starmie-Mega, L50\n|-mega|p2a: Starmie|Starmie|Starminite\n|move|p2a: Starmie|Flip Turn|p1b: Garchomp\n|-damage|p1b: Garchomp|53/100\n|\n|t:|1776659345\n|switch|p2a: Excadrill|Excadrill, L50, F|100/100|[from] Flip Turn\n|move|p1a: Clefable|Reflect|p1a: Clefable\n|-sidestart|p1: magato123|Reflect\n|-formechange|p2b: Aegislash|Aegislash-Blade|\n|move|p2b: Aegislash|Iron Head|p1a: Clefable\n|-supereffective|p1a: Clefable|1\n|-damage|p1a: Clefable|41/100\n|\n|-heal|p1a: Clefable|47/100|[from] item: Leftovers\n|upkeep\n|turn|2\n|inactive|lunartemis has 30 seconds left.\n|\n|t:|1776659373\n|switch|p2b: Tyranitar|Tyranitar, L50, F, shiny|100/100\n|-weather|Sandstorm|[from] ability: Sand Stream|[of] p2b: Tyranitar\n|detailschange|p1b: Garchomp|Garchomp-Mega, L50, M\n|-mega|p1b: Garchomp|Garchomp|Garchompite\n|move|p2a: Excadrill|Swords Dance|p2a: Excadrill\n|-boost|p2a: Excadrill|atk|2\n|move|p1b: Garchomp|Rock Slide|p2b: Tyranitar|[spread] p2a,p2b\n|-resisted|p2a: Excadrill|2\n|-damage|p2a: Excadrill|90/100\n|-damage|p2b: Tyranitar|71/100\n|move|p1a: Clefable|Icy Wind|p2a: Excadrill|[spread] p2a,p2b\n|-damage|p2a: Excadrill|76/100\n|-damage|p2b: Tyranitar|64/100\n|-unboost|p2a: Excadrill|spe|1\n|-unboost|p2b: Tyranitar|spe|1\n|\n|-weather|Sandstorm|[upkeep]\n|-heal|p1a: Clefable|52/100|[from] item: Leftovers\n|upkeep\n|turn|3\n|\n|t:|1776659379\n|move|p2b: Tyranitar|Protect|p2b: Tyranitar\n|-singleturn|p2b: Tyranitar|Protect\n|move|p2a: Excadrill|Earthquake|p1b: Garchomp|[spread] p1a,p1b\n|-activate|p2b: Tyranitar|move: Protect\n|-damage|p1a: Clefable|0 fnt\n|-damage|p1b: Garchomp|0 fnt\n|faint|p1a: Clefable\n|faint|p1b: Garchomp\n|\n|-weather|Sandstorm|[upkeep]\n|upkeep\n|\n|t:|1776659379\n|switch|p1b: Basculegion|Basculegion, L50, M|100/100\n|switch|p1a: Sneasler|Sneasler, L50, F|100/100\n|turn|4\n|\n|t:|1776659404\n|move|p2a: Excadrill|Protect|p2a: Excadrill\n|-singleturn|p2a: Excadrill|Protect\n|move|p1b: Basculegion|Last Respects|p2b: Tyranitar\n|-resisted|p2b: Tyranitar|1\n|-damage|p2b: Tyranitar|21/100\n|move|p1a: Sneasler|Close Combat|p2a: Excadrill\n|-activate|p2a: Excadrill|move: Protect\n|move|p2b: Tyranitar|Rock Slide|p1a: Sneasler|[spread] p1a,p1b\n|-resisted|p1a: Sneasler|1\n|-damage|p1a: Sneasler|81/100\n|-damage|p1b: Basculegion|70/100\n|\n|-weather|Sandstorm|[upkeep]\n|-damage|p1b: Basculegion|64/100|[from] Sandstorm\n|-damage|p1a: Sneasler|75/100|[from] Sandstorm\n|upkeep\n|turn|5\n|j| SADATO69\n|\n|t:|1776659424\n|switch|p2a: Aegislash|Aegislash, L50, M, shiny|100/100\n|move|p1b: Basculegion|Last Respects|p2a: Aegislash\n|-supereffective|p2a: Aegislash|1\n|-damage|p2a: Aegislash|0 fnt\n|faint|p2a: Aegislash\n|move|p1a: Sneasler|Close Combat|p2b: Tyranitar\n|-supereffective|p2b: Tyranitar|2\n|-enditem|p2b: Tyranitar|Chople Berry|[eat]\n|-enditem|p2b: Tyranitar|Chople Berry|[weaken]\n|-damage|p2b: Tyranitar|0 fnt\n|-unboost|p1a: Sneasler|def|1\n|-unboost|p1a: Sneasler|spd|1\n|faint|p2b: Tyranitar\n|\n|-weather|Sandstorm|[upkeep]\n|-damage|p1b: Basculegion|58/100|[from] Sandstorm\n|-damage|p1a: Sneasler|70/100|[from] Sandstorm\n|-sideend|p1: magato123|Reflect\n|upkeep\n|\n|t:|1776659432\n|switch|p2b: Starmie|Starmie-Mega, L50|100/100\n|switch|p2a: Excadrill|Excadrill, L50, F|76/100\n|turn|6\n|inactive|lunartemis has 30 seconds left.\n|inactive|lunartemis has 20 seconds left.\n|\n|t:|1776659470\n|move|p2a: Excadrill|Earthquake|p1a: Sneasler|[spread] p2b,p1a,p1b\n|-supereffective|p1a: Sneasler|1\n|-damage|p2b: Starmie|35/100\n|-damage|p1a: Sneasler|0 fnt\n|-damage|p1b: Basculegion|0 fnt\n|faint|p1a: Sneasler\n|faint|p1b: Basculegion\n|\n|win|lunartemis\n|raw|magato123's rating: 1001 &rarr; <strong>1000</strong><br />(-1 for losing)\n|raw|lunartemis's rating: 1038 &rarr; <strong>1069</strong><br />(+31 for winning)\n",
  "uploadtime": 1776659470,
  "views": 7,
  "formatid": "gen9championsvgc2026regma",
  "rating": 1000,
  "private": 0,
  "password": null
}