{
  "id": "gen9championsvgc2026regma-2581760234",
  "format": "[Gen 9 Champions] VGC 2026 Reg M-A",
  "players": [
    "Mlgreefa",
    "Test FF Blah"
  ],
  "log": "|j|\u2606Mlgreefa\n|j|\u2606Test FF Blah\n|t:|1776026274\n|gametype|doubles\n|player|p1|Mlgreefa|cynthia-gen4|1076\n|player|p2|Test FF Blah|swimmer-gen4dp|1000\n|gen|9\n|tier|[Gen 9 Champions] VGC 2026 Reg M-A\n|rated|\n|rule|Species Clause: Limit one of each Pok\u00e9mon\n|rule|Item Clause: Limit 1 of each item\n|clearpoke\n|poke|p1|Pinsir, L50, F|\n|poke|p1|Raichu-Alola, L50, M|\n|poke|p1|Gyarados, L50, F|\n|poke|p1|Klefki, L50, F|\n|poke|p1|Archaludon, L50, F|\n|poke|p1|Skeledirge, L50, F|\n|poke|p2|Volcarona, L50, F|\n|poke|p2|Incineroar, L50, F|\n|poke|p2|Mamoswine, L50, M|\n|poke|p2|Sinistcha, L50|\n|poke|p2|Sneasler, L50, F|\n|poke|p2|Tyranitar, L50, M|\n|teampreview|4\n|inactive|Battle timer is ON: inactive players will automatically lose when time's up. (requested by Test FF Blah)\n|\n|t:|1776026297\n|teamsize|p1|4\n|teamsize|p2|4\n|start\n|switch|p1a: Pinsir|Pinsir, L50, F|100/100\n|switch|p1b: Raichu|Raichu-Alola, L50, M|100/100\n|switch|p2a: Volcarona|Volcarona, L50, F|100/100\n|switch|p2b: Sinistcha|Sinistcha, L50|100/100\n|turn|1\n|\n|t:|1776026321\n|detailschange|p1a: Pinsir|Pinsir-Mega, L50, F\n|-mega|p1a: Pinsir|Pinsir|Pinsirite\n|move|p2a: Volcarona|Protect|p2a: Volcarona\n|-singleturn|p2a: Volcarona|Protect\n|move|p1b: Raichu|Fake Out|p2a: Volcarona\n|-activate|p2a: Volcarona|move: Protect\n|move|p1a: Pinsir|Swords Dance|p1a: Pinsir\n|-boost|p1a: Pinsir|atk|2\n|move|p2b: Sinistcha|Strength Sap|p1a: Pinsir\n|-unboost|p1a: Pinsir|atk|1\n|\n|upkeep\n|turn|2\n|\n|t:|1776026339\n|switch|p2a: Incineroar|Incineroar, L50, F|100/100\n|-ability|p2a: Incineroar|Intimidate|boost\n|-unboost|p1a: Pinsir|atk|1\n|-unboost|p1b: Raichu|atk|1\n|move|p1b: Raichu|Encore|p2b: Sinistcha\n|-start|p2b: Sinistcha|Encore\n|-enditem|p2b: Sinistcha|Mental Herb\n|-end|p2b: Sinistcha|Encore\n|move|p1a: Pinsir|Body Slam|p2a: Incineroar\n|-damage|p2a: Incineroar|57/100\n|-status|p2a: Incineroar|par\n|move|p2b: Sinistcha|Strength Sap|p1a: Pinsir\n|-unboost|p1a: Pinsir|atk|1\n|\n|upkeep\n|turn|3\n|\n|t:|1776026358\n|move|p2b: Sinistcha|Rage Powder|p2b: Sinistcha\n|-singleturn|p2b: Sinistcha|move: Rage Powder\n|move|p1b: Raichu|Encore|p2b: Sinistcha\n|-start|p2b: Sinistcha|Encore\n|move|p1a: Pinsir|Swords Dance|p1a: Pinsir\n|-boost|p1a: Pinsir|atk|2\n|move|p2a: Incineroar|Flare Blitz|p1a: Pinsir\n|-supereffective|p1a: Pinsir|1\n|-damage|p1a: Pinsir|0 fnt\n|faint|p1a: Pinsir\n|-damage|p2a: Incineroar|34/100 par|[from] Recoil\n|-enditem|p2a: Incineroar|Sitrus Berry|[eat]\n|-heal|p2a: Incineroar|59/100 par|[from] item: Sitrus Berry\n|\n|upkeep\n|\n|t:|1776026373\n|switch|p1a: Klefki|Klefki, L50, F|100/100\n|turn|4\n|\n|t:|1776026381\n|move|p2b: Sinistcha|Rage Powder|p2b: Sinistcha\n|-singleturn|p2b: Sinistcha|move: Rage Powder\n|move|p1a: Klefki|Reflect|p1a: Klefki\n|-sidestart|p1: Mlgreefa|Reflect\n|move|p1b: Raichu|Nuzzle|p2b: Sinistcha\n|-resisted|p2b: Sinistcha|1\n|-damage|p2b: Sinistcha|99/100\n|-status|p2b: Sinistcha|par\n|move|p2a: Incineroar|Darkest Lariat|p1b: Raichu\n|-supereffective|p1b: Raichu|1\n|-damage|p1b: Raichu|13/100\n|\n|upkeep\n|turn|5\n|\n|t:|1776026395\n|move|p2b: Sinistcha|Rage Powder|p2b: Sinistcha\n|-singleturn|p2b: Sinistcha|move: Rage Powder\n|move|p1a: Klefki|Light Screen|p1a: Klefki\n|-sidestart|p1: Mlgreefa|move: Light Screen\n|move|p1b: Raichu|Volt Switch|p2b: Sinistcha\n|-resisted|p2b: Sinistcha|1\n|-crit|p2b: Sinistcha\n|-damage|p2b: Sinistcha|77/100 par\n|\n|t:|1776026401\n|switch|p1b: Archaludon|Archaludon, L50, F|100/100|[from] Volt Switch\n|move|p2a: Incineroar|Flare Blitz|p1a: Klefki\n|-supereffective|p1a: Klefki|1\n|-damage|p1a: Klefki|37/100\n|-enditem|p1a: Klefki|Sitrus Berry|[eat]\n|-heal|p1a: Klefki|62/100|[from] item: Sitrus Berry\n|-damage|p2a: Incineroar|42/100 par|[from] Recoil\n|\n|upkeep\n|turn|6\n|\n|t:|1776026415\n|move|p2b: Sinistcha|Rage Powder|p2b: Sinistcha\n|-singleturn|p2b: Sinistcha|move: Rage Powder\n|move|p1a: Klefki|Rain Dance|p1a: Klefki\n|-weather|RainDance\n|move|p1b: Archaludon|Electro Shot||[still]\n|-prepare|p1b: Archaludon|Electro Shot\n|-boost|p1b: Archaludon|spa|1\n|-anim|p1b: Archaludon|Electro Shot|p2b: Sinistcha\n|-resisted|p2b: Sinistcha|1\n|-damage|p2b: Sinistcha|41/100 par\n|move|p2a: Incineroar|Parting Shot|p1b: Archaludon\n|-unboost|p1b: Archaludon|atk|1\n|-unboost|p1b: Archaludon|spa|1\n|\n|t:|1776026425\n|switch|p2a: Tyranitar|Tyranitar, L50, M|100/100|[from] Parting Shot\n|-weather|Sandstorm|[from] ability: Sand Stream|[of] p2a: Tyranitar\n|\n|-weather|Sandstorm|[upkeep]\n|-damage|p2b: Sinistcha|34/100 par|[from] Sandstorm\n|-end|p2b: Sinistcha|Encore\n|upkeep\n|turn|7\n|\n|t:|1776026439\n|move|p1a: Klefki|Rain Dance|p1a: Klefki\n|-weather|RainDance\n|move|p2a: Tyranitar|Knock Off|p1a: Klefki\n|-resisted|p1a: Klefki|1\n|-damage|p1a: Klefki|49/100\n|move|p1b: Archaludon|Electro Shot||[still]\n|-prepare|p1b: Archaludon|Electro Shot\n|-boost|p1b: Archaludon|spa|1\n|-anim|p1b: Archaludon|Electro Shot|p2a: Tyranitar\n|-damage|p2a: Tyranitar|27/100\n|move|p2b: Sinistcha|Strength Sap|p1b: Archaludon\n|-unboost|p1b: Archaludon|atk|1\n|-heal|p2b: Sinistcha|76/100 par\n|\n|-weather|RainDance|[upkeep]\n|upkeep\n|turn|8\n|\n|t:|1776026459\n|switch|p2a: Incineroar|Incineroar, L50, F|42/100 par\n|-ability|p2a: Incineroar|Intimidate|boost\n|-unboost|p1a: Klefki|atk|1\n|-unboost|p1b: Archaludon|atk|1\n|move|p1b: Archaludon|Dragon Pulse|p2b: Sinistcha\n|-damage|p2b: Sinistcha|0 fnt\n|faint|p2b: Sinistcha\n|move|p1a: Klefki|Dazzling Gleam|p2a: Incineroar\n|-damage|p2a: Incineroar|22/100 par\n|\n|-weather|RainDance|[upkeep]\n|-sideend|p1: Mlgreefa|Reflect\n|upkeep\n|\n|t:|1776026469\n|switch|p2b: Tyranitar|Tyranitar, L50, M|27/100\n|-weather|Sandstorm|[from] ability: Sand Stream|[of] p2b: Tyranitar\n|turn|9\n|\n|t:|1776026489\n|move|p1b: Archaludon|Protect|p1b: Archaludon\n|-singleturn|p1b: Archaludon|Protect\n|move|p2a: Incineroar|Fake Out|p1a: Klefki\n|-resisted|p1a: Klefki|1\n|-damage|p1a: Klefki|43/100\n|cant|p1a: Klefki|flinch\n|move|p2b: Tyranitar|Knock Off|p1b: Archaludon\n|-activate|p1b: Archaludon|move: Protect\n|\n|-weather|Sandstorm|[upkeep]\n|-damage|p2a: Incineroar|16/100 par|[from] Sandstorm\n|-sideend|p1: Mlgreefa|move: Light Screen\n|upkeep\n|turn|10\n|\n|t:|1776026506\n|move|p1a: Klefki|Rain Dance|p1a: Klefki\n|-weather|RainDance\n|move|p2b: Tyranitar|Knock Off|p1b: Archaludon\n|-damage|p1b: Archaludon|57/100\n|-ability|p1b: Archaludon|Stamina|boost\n|-boost|p1b: Archaludon|def|1\n|-enditem|p1b: Archaludon|Chople Berry|[from] move: Knock Off|[of] p2b: Tyranitar\n|move|p1b: Archaludon|Electro Shot||[still]\n|-prepare|p1b: Archaludon|Electro Shot\n|-boost|p1b: Archaludon|spa|1\n|-anim|p1b: Archaludon|Electro Shot|p2a: Incineroar\n|-damage|p2a: Incineroar|0 fnt\n|faint|p2a: Incineroar\n|\n|-weather|RainDance|[upkeep]\n|upkeep\n|\n|t:|1776026517\n|switch|p2a: Volcarona|Volcarona, L50, F|100/100\n|turn|11\n|\n|t:|1776026526\n|move|p1a: Klefki|Light Screen|p1a: Klefki\n|-sidestart|p1: Mlgreefa|move: Light Screen\n|move|p2a: Volcarona|Quiver Dance|p2a: Volcarona\n|-boost|p2a: Volcarona|spa|1\n|-boost|p2a: Volcarona|spd|1\n|-boost|p2a: Volcarona|spe|1\n|move|p2b: Tyranitar|Rock Slide|p1b: Archaludon|[spread] p1a,p1b\n|-resisted|p1a: Klefki|1\n|-resisted|p1b: Archaludon|1\n|-damage|p1a: Klefki|25/100\n|-damage|p1b: Archaludon|50/100\n|-ability|p1b: Archaludon|Stamina|boost\n|-boost|p1b: Archaludon|def|1\n|cant|p1b: Archaludon|flinch\n|\n|-weather|RainDance|[upkeep]\n|upkeep\n|turn|12\n|\n|t:|1776026547\n|move|p1b: Archaludon|Protect|p1b: Archaludon\n|-singleturn|p1b: Archaludon|Protect\n|move|p2a: Volcarona|Heat Wave|p1b: Archaludon|[spread] \n|-activate|p1b: Archaludon|move: Protect\n|-miss|p2a: Volcarona|p1a: Klefki\n|move|p2b: Tyranitar|Rock Slide|p1b: Archaludon|[spread] p1a\n|-activate|p1b: Archaludon|move: Protect\n|-resisted|p1a: Klefki|1\n|-damage|p1a: Klefki|7/100\n|move|p1a: Klefki|Dazzling Gleam|p2b: Tyranitar|[spread] p2a,p2b\n|-resisted|p2a: Volcarona|1\n|-supereffective|p2b: Tyranitar|1\n|-damage|p2a: Volcarona|95/100\n|-damage|p2b: Tyranitar|0 fnt\n|faint|p2b: Tyranitar\n|\n|-weather|RainDance|[upkeep]\n|-heal|p2a: Volcarona|100/100|[from] item: Leftovers\n|upkeep\n|turn|13\n|\n|t:|1776026569\n|move|p2a: Volcarona|Heat Wave|p1a: Klefki|[spread] p1a,p1b\n|-supereffective|p1a: Klefki|1\n|-damage|p1a: Klefki|0 fnt\n|-damage|p1b: Archaludon|28/100\n|-ability|p1b: Archaludon|Stamina|boost\n|-boost|p1b: Archaludon|def|1\n|faint|p1a: Klefki\n|move|p1b: Archaludon|Dragon Pulse|p2a: Volcarona\n|-damage|p2a: Volcarona|33/100\n|\n|-weather|RainDance|[upkeep]\n|-heal|p2a: Volcarona|39/100|[from] item: Leftovers\n|upkeep\n|\n|t:|1776026581\n|switch|p1a: Raichu|Raichu-Alola, L50, M|13/100\n|turn|14\n|\n|t:|1776026586\n|move|p2a: Volcarona|Protect|p2a: Volcarona\n|-singleturn|p2a: Volcarona|Protect\n|move|p1a: Raichu|Fake Out|p2a: Volcarona\n|-activate|p2a: Volcarona|move: Protect\n|move|p1b: Archaludon|Dragon Pulse|p2a: Volcarona\n|-activate|p2a: Volcarona|move: Protect\n|\n|-weather|none\n|-heal|p2a: Volcarona|45/100|[from] item: Leftovers\n|upkeep\n|turn|15\n|\n|t:|1776026600\n|move|p2a: Volcarona|Heat Wave|p1a: Raichu|[spread] p1a,p1b\n|-damage|p1a: Raichu|0 fnt\n|-damage|p1b: Archaludon|0 fnt\n|faint|p1a: Raichu\n|faint|p1b: Archaludon\n|\n|win|Test FF Blah\n|raw|Mlgreefa's rating: 1076 &rarr; <strong>1050</strong><br />(-26 for losing)\n|raw|Test FF Blah's rating: 1000 &rarr; <strong>1049</strong><br />(+49 for winning)\n",
  "uploadtime": 1776026604,
  "views": 30,
  "formatid": "gen9championsvgc2026regma",
  "rating": 1049,
  "private": 0,
  "password": null
}