{
  "id": "gen9championsvgc2026regma-2584696463",
  "format": "[Gen 9 Champions] VGC 2026 Reg M-A",
  "players": [
    "Smearglekins",
    "bigruckus#1"
  ],
  "log": "|j|\u2606Smearglekins\n|j|\u203dbigruckus#1\n|t:|1776277406\n|gametype|doubles\n|player|p1|Smearglekins|aromalady|1017\n|player|p2|bigruckus#1|169|1047\n|gen|9\n|tier|[Gen 9 Champions] VGC 2026 Reg M-A\n|rated|\n|rule|Species Clause: Limit one of each Pok\u00e9mon\n|rule|Item Clause: Limit 1 of each item\n|clearpoke\n|poke|p1|Chesnaught, L50, M|\n|poke|p1|Decidueye-Hisui, L50, F|\n|poke|p1|Meowscarada, L50, F|\n|poke|p1|Whimsicott, L50, F|\n|poke|p1|Meganium, L50, F|\n|poke|p1|Leafeon, L50, M|\n|poke|p2|Aggron, L50, F|\n|poke|p2|Incineroar, L50, F|\n|poke|p2|Pelipper, L50, F|\n|poke|p2|Basculegion, L50, M|\n|poke|p2|Sinistcha, L50|\n|poke|p2|Aerodactyl, L50, M|\n|teampreview|4\n|inactive|Battle timer is ON: inactive players will automatically lose when time's up. (requested by Smearglekins)\n|inactive|bigruckus#1 has 60 seconds left.\n|\n|t:|1776277441\n|teamsize|p1|4\n|teamsize|p2|4\n|start\n|switch|p1a: Whimsicott|Whimsicott, L50, F|100/100\n|switch|p1b: Decidueye|Decidueye-Hisui, L50, F|100/100\n|switch|p2a: Aggron|Aggron, L50, F, shiny|100/100\n|switch|p2b: Incineroar|Incineroar, L50, F, shiny|100/100\n|-ability|p2b: Incineroar|Intimidate|boost\n|-unboost|p1a: Whimsicott|atk|1\n|-fail|p1b: Decidueye|unboost|Attack|[from] ability: Scrappy|[of] p1b: Decidueye\n|turn|1\n|\n|t:|1776277463\n|detailschange|p2a: Aggron|Aggron-Mega, L50, F, shiny\n|-mega|p2a: Aggron|Aggron|Aggronite\n|move|p2b: Incineroar|Fake Out|p1a: Whimsicott\n|-damage|p1a: Whimsicott|85/100\n|cant|p1a: Whimsicott|flinch\n|move|p1b: Decidueye|Triple Arrows|p2a: Aggron\n|-supereffective|p2a: Aggron|1\n|-crit|p2a: Aggron\n|-damage|p2a: Aggron|63/100\n|move|p2a: Aggron|Iron Defense|p2a: Aggron\n|-boost|p2a: Aggron|def|2\n|\n|upkeep\n|turn|2\n|inactive|bigruckus#1 has 30 seconds left.\n|\n|t:|1776277494\n|move|p1a: Whimsicott|Taunt|p2a: Aggron\n|-start|p2a: Aggron|move: Taunt\n|move|p1b: Decidueye|Triple Arrows|p2b: Incineroar\n|-supereffective|p2b: Incineroar|1\n|-damage|p2b: Incineroar|26/100\n|-unboost|p2b: Incineroar|def|1\n|cant|p2b: Incineroar|flinch\n|move|p2a: Aggron|Body Press|p1b: Decidueye\n|-damage|p1b: Decidueye|0 fnt\n|faint|p1b: Decidueye\n|\n|upkeep\n|\n|t:|1776277504\n|switch|p1b: Meowscarada|Meowscarada, L50, F|100/100\n|turn|3\n|inactive|bigruckus#1 has 30 seconds left.\n|\n|t:|1776277536\n|move|p1a: Whimsicott|Tailwind|p1a: Whimsicott\n|-sidestart|p1: Smearglekins|move: Tailwind\n|move|p1b: Meowscarada|Play Rough|p2b: Incineroar\n|-start|p1b: Meowscarada|typechange|Fairy|[from] ability: Protean\n|-damage|p2b: Incineroar|0 fnt\n|faint|p2b: Incineroar\n|move|p2a: Aggron|Body Press|p1b: Meowscarada\n|-resisted|p1b: Meowscarada|1\n|-damage|p1b: Meowscarada|30/100\n|\n|upkeep\n|\n|t:|1776277550\n|switch|p2b: Sinistcha|Sinistcha, L50, shiny|100/100\n|-heal|p2a: Aggron|88/100|[from] ability: Hospitality|[of] p2b: Sinistcha\n|turn|4\n|inactive|bigruckus#1 has 30 seconds left.\n|inactive|Smearglekins has 30 seconds left.\n|\n|t:|1776277586\n|move|p1b: Meowscarada|Sucker Punch||[still]\n|-fail|p1b: Meowscarada\n|move|p1a: Whimsicott|Moonblast|p2b: Sinistcha\n|-damage|p2b: Sinistcha|75/100\n|move|p2a: Aggron|Body Press|p1b: Meowscarada\n|-resisted|p1b: Meowscarada|1\n|-damage|p1b: Meowscarada|0 fnt\n|faint|p1b: Meowscarada\n|move|p2b: Sinistcha|Trick Room|p2b: Sinistcha\n|-fieldstart|move: Trick Room|[of] p2b: Sinistcha\n|\n|-heal|p2b: Sinistcha|81/100|[from] item: Leftovers\n|-end|p2a: Aggron|move: Taunt\n|upkeep\n|\n|t:|1776277593\n|switch|p1b: Chesnaught|Chesnaught, L50, M|100/100\n|turn|5\n|\n|t:|1776277607\n|detailschange|p1b: Chesnaught|Chesnaught-Mega, L50, M\n|-mega|p1b: Chesnaught|Chesnaught|Chesnaughtite\n|move|p1b: Chesnaught|Spiky Shield|p1b: Chesnaught\n|-singleturn|p1b: Chesnaught|move: Protect\n|move|p2b: Sinistcha|Rage Powder|p2b: Sinistcha\n|-singleturn|p2b: Sinistcha|move: Rage Powder\n|move|p1a: Whimsicott|Taunt|p2b: Sinistcha\n|-start|p2b: Sinistcha|move: Taunt\n|move|p2a: Aggron|Heavy Slam|p1a: Whimsicott\n|-supereffective|p1a: Whimsicott|1\n|-damage|p1a: Whimsicott|0 fnt\n|faint|p1a: Whimsicott\n|\n|-heal|p2b: Sinistcha|87/100|[from] item: Leftovers\n|upkeep\n|turn|6\n|\n|t:|1776277625\n|move|p2a: Aggron|Body Press|p1b: Chesnaught\n|-damage|p1b: Chesnaught|55/100\n|move|p2b: Sinistcha|Matcha Gotcha|p1b: Chesnaught\n|-resisted|p1b: Chesnaught|1\n|-damage|p1b: Chesnaught|42/100\n|-heal|p2b: Sinistcha|94/100|[from] drain|[of] p1b: Chesnaught\n|move|p1b: Chesnaught|Body Press|p2a: Aggron\n|-supereffective|p2a: Aggron|1\n|-damage|p2a: Aggron|70/100\n|\n|-heal|p2b: Sinistcha|100/100|[from] item: Leftovers\n|-sideend|p1: Smearglekins|move: Tailwind\n|upkeep\n|turn|7\n|-message|Smearglekins forfeited.\n|\n|win|bigruckus#1\n|raw|Smearglekins's rating: 1017 &rarr; <strong>1006</strong><br />(-11 for losing)\n|raw|bigruckus#1's rating: 1047 &rarr; <strong>1077</strong><br />(+30 for winning)\n|l|\u2606Smearglekins\n|player|p1|\n",
  "uploadtime": 1776277684,
  "views": 39,
  "formatid": "gen9championsvgc2026regma",
  "rating": 1006,
  "private": 0,
  "password": null
}