{
  "id": "gen9championsvgc2026regma-2585967988",
  "format": "[Gen 9 Champions] VGC 2026 Reg M-A",
  "players": [
    "Hyjack",
    "colfox"
  ],
  "log": "|j|\u2606Hyjack\n|j|\u203dcolfox\n|t:|1776386006\n|gametype|doubles\n|player|p1|Hyjack|cynthia-gen4|1239\n|player|p2|colfox|1|1265\n|gen|9\n|tier|[Gen 9 Champions] VGC 2026 Reg M-A\n|rated|\n|rule|Species Clause: Limit one of each Pok\u00e9mon\n|rule|Item Clause: Limit 1 of each item\n|clearpoke\n|poke|p1|Tyranitar, L50, M|\n|poke|p1|Excadrill, L50, M|\n|poke|p1|Heliolisk, L50, M|\n|poke|p1|Gourgeist-*, L50, F|\n|poke|p1|Hydrapple, L50, F|\n|poke|p1|Lycanroc, L50, F|\n|poke|p2|Tyranitar, L50, M|\n|poke|p2|Excadrill, L50, F|\n|poke|p2|Dragapult, L50, F|\n|poke|p2|Milotic, L50, M|\n|poke|p2|Raichu, L50, F|\n|poke|p2|Scizor, L50, F|\n|teampreview|4\n|inactive|Battle timer is ON: inactive players will automatically lose when time's up. (requested by Hyjack)\n|\n|t:|1776386052\n|teamsize|p1|4\n|teamsize|p2|4\n|start\n|switch|p1a: Sonny|Tyranitar, L50, M|100/100\n|switch|p1b: Louis the Blind|Gourgeist-Super, L50, F|100/100\n|switch|p2a: Milotic|Milotic, L50, M|100/100\n|switch|p2b: Scizor|Scizor, L50, F|100/100\n|-ability|p1a: Sonny|Unnerve\n|-item|p2a: Milotic|Wacan Berry|[from] ability: Frisk|[of] p1b: Louis the Blind\n|-item|p2b: Scizor|Scizorite|[from] ability: Frisk|[of] p1b: Louis the Blind\n|turn|1\n|inactive|colfox has 30 seconds left.\n|\n|t:|1776386079\n|detailschange|p2b: Scizor|Scizor-Mega, L50, F\n|-mega|p2b: Scizor|Scizor|Scizorite\n|move|p1a: Sonny|Protect|p1a: Sonny\n|-singleturn|p1a: Sonny|Protect\n|move|p2a: Milotic|Icy Wind|p1a: Sonny|[spread] p1b\n|-activate|p1a: Sonny|move: Protect\n|-supereffective|p1b: Louis the Blind|1\n|-damage|p1b: Louis the Blind|80/100\n|-unboost|p1b: Louis the Blind|spe|1\n|move|p2b: Scizor|Swords Dance|p2b: Scizor\n|-boost|p2b: Scizor|atk|2\n|move|p1b: Louis the Blind|Trick Room|p1b: Louis the Blind\n|-fieldstart|move: Trick Room|[of] p1b: Louis the Blind\n|\n|upkeep\n|turn|2\n|\n|t:|1776386101\n|switch|p1a: Roald|Excadrill, L50, M|100/100\n|move|p2b: Scizor|Bullet Punch|p1a: Roald\n|-resisted|p1a: Roald|1\n|-damage|p1a: Roald|48/100\n|move|p1b: Louis the Blind|Will-O-Wisp|p2b: Scizor\n|-status|p2b: Scizor|brn\n|move|p2a: Milotic|Scald|p1a: Roald\n|-supereffective|p1a: Roald|1\n|-damage|p1a: Roald|0 fnt\n|faint|p1a: Roald\n|\n|-damage|p2b: Scizor|94/100 brn|[from] brn\n|upkeep\n|\n|t:|1776386118\n|switch|p1a: Sonny|Tyranitar, L50, M|100/100\n|-ability|p1a: Sonny|Unnerve\n|turn|3\n|\n|t:|1776386125\n|move|p1a: Sonny|Protect|p1a: Sonny\n|-singleturn|p1a: Sonny|Protect\n|move|p1b: Louis the Blind|Curse|p2b: Scizor\n|-start|p2b: Scizor|Curse|[of] p1b: Louis the Blind\n|-damage|p1b: Louis the Blind|30/100\n|move|p2b: Scizor|Bug Bite|p1b: Louis the Blind\n|-damage|p1b: Louis the Blind|0 fnt\n|faint|p1b: Louis the Blind\n|move|p2a: Milotic|Scald|p1a: Sonny\n|-activate|p1a: Sonny|move: Protect\n|\n|-damage|p2b: Scizor|88/100 brn|[from] brn\n|-damage|p2b: Scizor|63/100 brn|[from] Curse\n|upkeep\n|\n|t:|1776386139\n|switch|p1b: Veradux|Hydrapple, L50, F|100/100\n|-ability|p1b: Veradux|Supersweet Syrup\n|-unboost|p2a: Milotic|evasion|1\n|-ability|p2a: Milotic|Competitive|boost\n|-boost|p2a: Milotic|spa|2\n|-unboost|p2b: Scizor|evasion|1\n|turn|4\n|\n|t:|1776386150\n|detailschange|p1a: Sonny|Tyranitar-Mega, L50, M\n|-mega|p1a: Sonny|Tyranitar|Tyranitarite\n|-weather|Sandstorm|[from] ability: Sand Stream|[of] p1a: Sonny\n|move|p2b: Scizor|Bullet Punch|p1a: Sonny\n|-supereffective|p1a: Sonny|1\n|-damage|p1a: Sonny|57/100\n|move|p1b: Veradux|Giga Drain|p2a: Milotic\n|-supereffective|p2a: Milotic|1\n|-damage|p2a: Milotic|37/100\n|move|p1a: Sonny|Stone Edge|p2a: Milotic\n|-damage|p2a: Milotic|0 fnt\n|faint|p2a: Milotic\n|\n|-weather|Sandstorm|[upkeep]\n|-damage|p1b: Veradux|94/100|[from] Sandstorm\n|-damage|p2b: Scizor|57/100 brn|[from] brn\n|-damage|p2b: Scizor|32/100 brn|[from] Curse\n|upkeep\n|\n|t:|1776386168\n|switch|p2a: Dragapult|Dragapult, L50, F|100/100\n|turn|5\n|\n|t:|1776386175\n|move|p2b: Scizor|Bullet Punch|p1a: Sonny\n|-supereffective|p1a: Sonny|1\n|-damage|p1a: Sonny|14/100\n|move|p1b: Veradux|Pollen Puff|p1a: Sonny\n|-heal|p1a: Sonny|63/100\n|move|p1a: Sonny|Shadow Claw|p2a: Dragapult\n|-supereffective|p2a: Dragapult|1\n|-damage|p2a: Dragapult|10/100\n|move|p2a: Dragapult|Dragon Darts|p1b: Veradux\n|-supereffective|p1b: Veradux|1\n|-damage|p1b: Veradux|50/100\n|-anim|p2a: Dragapult|Dragon Darts|p1a: Sonny\n|-damage|p1a: Sonny|46/100\n|\n|-weather|Sandstorm|[upkeep]\n|-damage|p1b: Veradux|44/100|[from] Sandstorm\n|-damage|p2a: Dragapult|4/100|[from] Sandstorm\n|-damage|p2b: Scizor|26/100 brn|[from] brn\n|-damage|p2b: Scizor|1/100 brn|[from] Curse\n|-fieldend|move: Trick Room\n|upkeep\n|turn|6\n|inactive|Hyjack has 30 seconds left.\n|inactive|colfox has 30 seconds left.\n|inactive|Hyjack has 20 seconds left.\n|\n|t:|1776386210\n|move|p1a: Sonny|Protect|p1a: Sonny\n|-singleturn|p1a: Sonny|Protect\n|move|p2b: Scizor|Bullet Punch|p1a: Sonny\n|-activate|p1a: Sonny|move: Protect\n|move|p2a: Dragapult|Dragon Darts|p1b: Veradux\n|-supereffective|p1b: Veradux|1\n|-damage|p1b: Veradux|0 fnt\n|faint|p1b: Veradux\n|\n|-weather|Sandstorm|[upkeep]\n|-damage|p2a: Dragapult|0 fnt|[from] Sandstorm\n|faint|p2a: Dragapult\n|-damage|p2b: Scizor|0 fnt|[from] brn\n|faint|p2b: Scizor\n|upkeep\n|\n|t:|1776386227\n|switch|p2a: Tyranitar|Tyranitar, L50, M|100/100\n|turn|7\n|\n|t:|1776386236\n|move|p2a: Tyranitar|Knock Off|p1a: Sonny\n|-resisted|p1a: Sonny|1\n|-damage|p1a: Sonny|34/100\n|move|p1a: Sonny|Stone Edge|p2a: Tyranitar\n|-damage|p2a: Tyranitar|45/100\n|\n|-weather|Sandstorm|[upkeep]\n|upkeep\n|turn|8\n|\n|t:|1776386247\n|move|p2a: Tyranitar|Rock Slide|p1a: Sonny\n|-damage|p1a: Sonny|6/100\n|move|p1a: Sonny|Stone Edge|p2a: Tyranitar\n|-damage|p2a: Tyranitar|0 fnt\n|faint|p2a: Tyranitar\n|\n|win|Hyjack\n|raw|Hyjack's rating: 1239 &rarr; <strong>1266</strong><br />(+27 for winning)\n|raw|colfox's rating: 1265 &rarr; <strong>1238</strong><br />(-27 for losing)\n|l|\u2606Hyjack\n|player|p1|\n",
  "uploadtime": 1776386259,
  "views": 35,
  "formatid": "gen9championsvgc2026regma",
  "rating": 1238,
  "private": 0,
  "password": null
}