{
  "id": "gen9championsvgc2026regma-2585151995",
  "format": "[Gen 9 Champions] VGC 2026 Reg M-A",
  "players": [
    "Where Is My Router",
    "Izmagack"
  ],
  "log": "|j|\u2606Where Is My Router\n|j|\u2606Izmagack\n|t:|1776318186\n|gametype|doubles\n|player|p1|Where Is My Router|giovanni|1051\n|player|p2|Izmagack|ghetsis-gen5bw|1072\n|gen|9\n|tier|[Gen 9 Champions] VGC 2026 Reg M-A\n|rated|\n|rule|Species Clause: Limit one of each Pok\u00e9mon\n|rule|Item Clause: Limit 1 of each item\n|clearpoke\n|poke|p1|Golurk, L50|\n|poke|p1|Mimikyu, L50, F|\n|poke|p1|Basculegion, L50, M|\n|poke|p1|Spiritomb, L50, F|\n|poke|p1|Sinistcha-Masterpiece, L50|\n|poke|p1|Zoroark-Hisui, L50, M|\n|poke|p2|Tyranitar, L50, F|\n|poke|p2|Whimsicott, L50, M|\n|poke|p2|Sinistcha, L50|\n|poke|p2|Empoleon, L50, M|\n|poke|p2|Garchomp, L50, M|\n|poke|p2|Oranguru, L50, M|\n|teampreview|4\n|inactive|Battle timer is ON: inactive players will automatically lose when time's up. (requested by Izmagack)\n|\n|t:|1776318205\n|teamsize|p1|4\n|teamsize|p2|4\n|start\n|switch|p1a: Atlas|Golurk, L50|100/100\n|switch|p1b: Aura|Spiritomb, L50, F|100/100\n|switch|p2a: Tyranitar|Tyranitar, L50, F|100/100\n|switch|p2b: Whimsicott|Whimsicott, L50, M|100/100\n|-weather|Sandstorm|[from] ability: Sand Stream|[of] p2a: Tyranitar\n|-ability|p1b: Aura|Pressure\n|turn|1\n|\n|t:|1776318228\n|move|p2a: Tyranitar|Protect|p2a: Tyranitar\n|-singleturn|p2a: Tyranitar|Protect\n|move|p1a: Atlas|Protect|p1a: Atlas\n|-singleturn|p1a: Atlas|Protect\n|move|p2b: Whimsicott|Tailwind|p2b: Whimsicott\n|-sidestart|p2: Izmagack|move: Tailwind\n|move|p1b: Aura|Trick Room|p1b: Aura\n|-fieldstart|move: Trick Room|[of] p1b: Aura\n|\n|-weather|Sandstorm|[upkeep]\n|-damage|p1b: Aura|95/100|[from] Sandstorm\n|-damage|p2b: Whimsicott|95/100|[from] Sandstorm\n|-heal|p1b: Aura|100/100|[from] item: Leftovers\n|upkeep\n|turn|2\n|\n|t:|1776318248\n|detailschange|p1a: Atlas|Golurk-Mega, L50\n|-mega|p1a: Atlas|Golurk|Golurkite\n|detailschange|p2a: Tyranitar|Tyranitar-Mega, L50, F\n|-mega|p2a: Tyranitar|Tyranitar|Tyranitarite\n|move|p2b: Whimsicott|Helping Hand|p2a: Tyranitar\n|-singleturn|p2a: Tyranitar|Helping Hand|[of] p2b: Whimsicott\n|move|p1b: Aura|Snarl|p2b: Whimsicott|[spread] p2a,p2b\n|-resisted|p2a: Tyranitar|1\n|-resisted|p2b: Whimsicott|1\n|-crit|p2b: Whimsicott\n|-damage|p2a: Tyranitar|96/100\n|-damage|p2b: Whimsicott|73/100\n|-unboost|p2a: Tyranitar|spa|1\n|-unboost|p2b: Whimsicott|spa|1\n|move|p1a: Atlas|Close Combat|p2a: Tyranitar\n|-supereffective|p2a: Tyranitar|2\n|-damage|p2a: Tyranitar|0 fnt\n|-unboost|p1a: Atlas|def|1\n|-unboost|p1a: Atlas|spd|1\n|faint|p2a: Tyranitar\n|\n|-weather|Sandstorm|[upkeep]\n|-damage|p1b: Aura|95/100|[from] Sandstorm\n|-damage|p2b: Whimsicott|67/100|[from] Sandstorm\n|-heal|p1b: Aura|100/100|[from] item: Leftovers\n|upkeep\n|\n|t:|1776318263\n|switch|p2a: Sinistcha|Sinistcha, L50|100/100\n|-heal|p2b: Whimsicott|92/100|[from] ability: Hospitality|[of] p2a: Sinistcha\n|turn|3\n|\n|t:|1776318278\n|move|p1b: Aura|Helping Hand|p1a: Atlas\n|-singleturn|p1a: Atlas|Helping Hand|[of] p1b: Aura\n|move|p2a: Sinistcha|Rage Powder|p2a: Sinistcha\n|-singleturn|p2a: Sinistcha|move: Rage Powder\n|move|p1a: Atlas|Ice Punch|p2a: Sinistcha\n|-supereffective|p2a: Sinistcha|1\n|-damage|p2a: Sinistcha|30/100\n|move|p2b: Whimsicott|Dazzling Gleam|p1a: Atlas|[spread] p1a,p1b\n|-supereffective|p1b: Aura|1\n|-damage|p1a: Atlas|82/100\n|-damage|p1b: Aura|70/100\n|\n|-weather|Sandstorm|[upkeep]\n|-damage|p1b: Aura|64/100|[from] Sandstorm\n|-damage|p2a: Sinistcha|24/100|[from] Sandstorm\n|-damage|p2b: Whimsicott|86/100|[from] Sandstorm\n|-heal|p1b: Aura|70/100|[from] item: Leftovers\n|upkeep\n|turn|4\n|\n|t:|1776318296\n|move|p2a: Sinistcha|Rage Powder|p2a: Sinistcha\n|-singleturn|p2a: Sinistcha|move: Rage Powder\n|move|p1b: Aura|Snarl|p2a: Sinistcha|[spread] p2a,p2b\n|-supereffective|p2a: Sinistcha|1\n|-resisted|p2b: Whimsicott|1\n|-damage|p2a: Sinistcha|0 fnt\n|-damage|p2b: Whimsicott|73/100\n|-unboost|p2b: Whimsicott|spa|1\n|faint|p2a: Sinistcha\n|move|p1a: Atlas|Ice Punch|p2b: Whimsicott\n|-supereffective|p2b: Whimsicott|1\n|-damage|p2b: Whimsicott|0 fnt\n|faint|p2b: Whimsicott\n|\n|-weather|Sandstorm|[upkeep]\n|-damage|p1b: Aura|64/100|[from] Sandstorm\n|-heal|p1b: Aura|70/100|[from] item: Leftovers\n|-sideend|p2: Izmagack|move: Tailwind\n|upkeep\n|\n|t:|1776318301\n|switch|p2b: Garchomp|Garchomp, L50, M|100/100\n|turn|5\n|\n|t:|1776318317\n|move|p1b: Aura|Helping Hand|p1a: Atlas\n|-singleturn|p1a: Atlas|Helping Hand|[of] p1b: Aura\n|move|p2b: Garchomp|Protect|p2b: Garchomp\n|-singleturn|p2b: Garchomp|Protect\n|move|p1a: Atlas|Ice Punch|p2b: Garchomp\n|-supereffective|p2b: Garchomp|2\n|-ability|p1a: Atlas|Unseen Fist\n|-zbroken|p2b: Garchomp\n|-damage|p2b: Garchomp|50/100\n|\n|-weather|none\n|-heal|p1b: Aura|76/100|[from] item: Leftovers\n|-fieldend|move: Trick Room\n|upkeep\n|turn|6\n|\n|t:|1776318333\n|move|p1b: Aura|Helping Hand|p1a: Atlas\n|-singleturn|p1a: Atlas|Helping Hand|[of] p1b: Aura\n|move|p2b: Garchomp|Scale Shot|p1a: Atlas|[miss]\n|-miss|p2b: Garchomp|p1a: Atlas\n|move|p1a: Atlas|Ice Punch|p2b: Garchomp\n|-supereffective|p2b: Garchomp|2\n|-damage|p2b: Garchomp|0 fnt\n|faint|p2b: Garchomp\n|\n|win|Where Is My Router\n|raw|Where Is My Router's rating: 1051 &rarr; <strong>1085</strong><br />(+34 for winning)\n|raw|Izmagack's rating: 1072 &rarr; <strong>1050</strong><br />(-22 for losing)\n|l|\u2606Izmagack\n|player|p2|\n|c|\u2606Where Is My Router|Gg\n",
  "uploadtime": 1776318346,
  "views": 33,
  "formatid": "gen9championsvgc2026regma",
  "rating": 1050,
  "private": 0,
  "password": null
}