{
  "id": "gen9championsvgc2026regma-2582439149",
  "format": "[Gen 9 Champions] VGC 2026 Reg M-A",
  "players": [
    "actuary97",
    "GoodraSweetheart76"
  ],
  "log": "|j|\u2606actuary97\n|j|\u2606GoodraSweetheart76\n|t:|1776091754\n|gametype|doubles\n|player|p1|actuary97|sabrina-frlg|1343\n|player|p2|GoodraSweetheart76|caitlin|1346\n|gen|9\n|tier|[Gen 9 Champions] VGC 2026 Reg M-A\n|rated|\n|rule|Species Clause: Limit one of each Pok\u00e9mon\n|rule|Item Clause: Limit 1 of each item\n|clearpoke\n|poke|p1|Tyranitar, L50, F|\n|poke|p1|Gallade, L50, M|\n|poke|p1|Sinistcha, L50|\n|poke|p1|Corviknight, L50, M|\n|poke|p1|Incineroar, L50, F|\n|poke|p1|Alakazam, L50, M|\n|poke|p2|Kangaskhan, L50, F|\n|poke|p2|Hydreigon, L50, F|\n|poke|p2|Primarina, L50, F|\n|poke|p2|Arcanine, L50, M|\n|poke|p2|Aegislash, L50, M|\n|poke|p2|Whimsicott, L50, F|\n|teampreview|4\n|inactive|Battle timer is ON: inactive players will automatically lose when time's up. (requested by GoodraSweetheart76)\n|inactive|actuary97 has 60 seconds left.\n|\n|t:|1776091803\n|teamsize|p1|4\n|teamsize|p2|4\n|start\n|switch|p1a: Corviknight|Corviknight, L50, M|100/100\n|switch|p1b: Tyranitar|Tyranitar, L50, F, shiny|100/100\n|switch|p2a: Big Momma|Kangaskhan, L50, F|100/100\n|switch|p2b: Watame|Whimsicott, L50, F, shiny|100/100\n|-weather|Sandstorm|[from] ability: Sand Stream|[of] p1b: Tyranitar\n|turn|1\n|\n|t:|1776091830\n|switch|p1b: Sinistcha|Sinistcha, L50|100/100\n|detailschange|p2a: Big Momma|Kangaskhan-Mega, L50, F\n|-mega|p2a: Big Momma|Kangaskhan|Kangaskhanite\n|move|p2b: Watame|Taunt|p1a: Corviknight\n|-start|p1a: Corviknight|move: Taunt\n|move|p2a: Big Momma|Drain Punch|p1b: Sinistcha\n|-immune|p1b: Sinistcha\n|move|p1a: Corviknight|Brave Bird|p2b: Watame\n|-supereffective|p2b: Watame|1\n|-enditem|p2b: Watame|Focus Sash\n|-damage|p2b: Watame|1/100\n|-damage|p1a: Corviknight|79/100|[from] Recoil\n|\n|-weather|Sandstorm|[upkeep]\n|-damage|p2b: Watame|0 fnt|[from] Sandstorm\n|-damage|p2a: Big Momma|94/100|[from] Sandstorm\n|-damage|p1b: Sinistcha|94/100|[from] Sandstorm\n|faint|p2b: Watame\n|-heal|p1a: Corviknight|84/100|[from] item: Leftovers\n|upkeep\n|\n|t:|1776091835\n|switch|p2b: Oscar|Hydreigon, L50, F, shiny|100/100\n|turn|2\n|inactive|actuary97 has 30 seconds left.\n|inactive|actuary97 has 20 seconds left.\n|\n|t:|1776091873\n|switch|p1a: Tyranitar|Tyranitar, L50, F, shiny|100/100\n|move|p2b: Oscar|Dark Pulse|p1a: Tyranitar\n|-resisted|p1a: Tyranitar|1\n|-damage|p1a: Tyranitar|87/100\n|move|p2a: Big Momma|Drain Punch|p1b: Sinistcha\n|-immune|p1b: Sinistcha\n|move|p1b: Sinistcha|Matcha Gotcha|p2b: Oscar|[spread] p2a,p2b\n|-crit|p2a: Big Momma\n|-resisted|p2b: Oscar|1\n|-damage|p2a: Big Momma|49/100\n|-heal|p1b: Sinistcha|100/100|[from] drain|[of] p2a: Big Momma\n|-damage|p2b: Oscar|83/100\n|-status|p2a: Big Momma|brn\n|-status|p2b: Oscar|brn\n|\n|-weather|Sandstorm|[upkeep]\n|-damage|p2b: Oscar|77/100 brn|[from] Sandstorm\n|-damage|p2a: Big Momma|43/100 brn|[from] Sandstorm\n|-damage|p1b: Sinistcha|94/100|[from] Sandstorm\n|-damage|p2b: Oscar|71/100 brn|[from] brn\n|-damage|p2a: Big Momma|37/100 brn|[from] brn\n|upkeep\n|turn|3\n|inactive|actuary97 has 30 seconds left.\n|\n|t:|1776091899\n|switch|p1b: Gallade|Gallade, L50, M, shiny|100/100\n|move|p1a: Tyranitar|Protect|p1a: Tyranitar\n|-singleturn|p1a: Tyranitar|Protect\n|move|p2b: Oscar|Dark Pulse|p1b: Gallade\n|-damage|p1b: Gallade|51/100\n|move|p2a: Big Momma|Drain Punch|p1a: Tyranitar\n|-activate|p1a: Tyranitar|move: Protect\n|\n|-weather|Sandstorm|[upkeep]\n|-damage|p2b: Oscar|65/100 brn|[from] Sandstorm\n|-damage|p2a: Big Momma|31/100 brn|[from] Sandstorm\n|-damage|p1b: Gallade|45/100|[from] Sandstorm\n|-damage|p2b: Oscar|59/100 brn|[from] brn\n|-damage|p2a: Big Momma|25/100 brn|[from] brn\n|upkeep\n|turn|4\n|\n|t:|1776091912\n|switch|p1a: Sinistcha|Sinistcha, L50|94/100\n|-heal|p1b: Gallade|69/100|[from] ability: Hospitality|[of] p1a: Sinistcha\n|move|p2b: Oscar|Dark Pulse|p1b: Gallade\n|-damage|p1b: Gallade|23/100\n|move|p2a: Big Momma|Drain Punch|p1a: Sinistcha\n|-immune|p1a: Sinistcha\n|move|p1b: Gallade|Sacred Sword|p2b: Oscar\n|-supereffective|p2b: Oscar|1\n|-damage|p2b: Oscar|0 fnt\n|faint|p2b: Oscar\n|\n|-weather|Sandstorm|[upkeep]\n|-damage|p2a: Big Momma|19/100 brn|[from] Sandstorm\n|-damage|p1b: Gallade|17/100|[from] Sandstorm\n|-damage|p1a: Sinistcha|88/100|[from] Sandstorm\n|-damage|p2a: Big Momma|13/100 brn|[from] brn\n|upkeep\n|\n|t:|1776091919\n|switch|p2b: Blondie|Primarina, L50, F, shiny|100/100\n|turn|5\n|\n|t:|1776091936\n|switch|p1b: Corviknight|Corviknight, L50, M|84/100\n|move|p2a: Big Momma|Drain Punch|p1b: Corviknight\n|-damage|p1b: Corviknight|72/100\n|-heal|p2a: Big Momma|20/100 brn|[from] drain|[of] p1b: Corviknight\n|-damage|p1b: Corviknight|69/100\n|-heal|p2a: Big Momma|21/100 brn|[from] drain|[of] p1b: Corviknight\n|-hitcount|p1b: Corviknight|2\n|move|p1a: Sinistcha|Matcha Gotcha|p2a: Big Momma|[spread] p2a,p2b\n|-supereffective|p2b: Blondie|1\n|-damage|p2a: Big Momma|0 fnt\n|-heal|p1a: Sinistcha|99/100|[from] drain|[of] p2a: Big Momma\n|-damage|p2b: Blondie|52/100\n|-heal|p1a: Sinistcha|100/100|[from] drain|[of] p2b: Blondie\n|-status|p2b: Blondie|brn\n|faint|p2a: Big Momma\n|move|p2b: Blondie|Calm Mind|p2b: Blondie\n|-boost|p2b: Blondie|spa|1\n|-boost|p2b: Blondie|spd|1\n|\n|-weather|none\n|-heal|p1b: Corviknight|75/100|[from] item: Leftovers\n|-heal|p2b: Blondie|58/100 brn|[from] item: Leftovers\n|-damage|p2b: Blondie|52/100 brn|[from] brn\n|upkeep\n|turn|6\n|inactive|actuary97 has 30 seconds left.\n|\n|t:|1776091962\n|switch|p1b: Tyranitar|Tyranitar, L50, F, shiny|87/100\n|-weather|Sandstorm|[from] ability: Sand Stream|[of] p1b: Tyranitar\n|move|p1a: Sinistcha|Matcha Gotcha|p2b: Blondie|[miss]\n|-miss|p1a: Sinistcha|p2b: Blondie\n|move|p2b: Blondie|Hyper Voice|p1b: Tyranitar|[spread] p1a,p1b\n|-resisted|p1a: Sinistcha|1\n|-supereffective|p1b: Tyranitar|1\n|-damage|p1a: Sinistcha|74/100\n|-damage|p1b: Tyranitar|32/100\n|\n|-weather|Sandstorm|[upkeep]\n|-damage|p1a: Sinistcha|67/100|[from] Sandstorm\n|-damage|p2b: Blondie|46/100 brn|[from] Sandstorm\n|-heal|p2b: Blondie|52/100 brn|[from] item: Leftovers\n|-damage|p2b: Blondie|46/100 brn|[from] brn\n|upkeep\n|turn|7\n|\n|t:|1776091971\n|detailschange|p1b: Tyranitar|Tyranitar-Mega, L50, F, shiny\n|-mega|p1b: Tyranitar|Tyranitar|Tyranitarite\n|move|p1b: Tyranitar|Knock Off|p2b: Blondie\n|-resisted|p2b: Blondie|1\n|-damage|p2b: Blondie|15/100 brn\n|-enditem|p2b: Blondie|Leftovers|[from] move: Knock Off|[of] p1b: Tyranitar\n|move|p1a: Sinistcha|Matcha Gotcha|p2b: Blondie\n|-supereffective|p2b: Blondie|1\n|-damage|p2b: Blondie|0 fnt\n|-heal|p1a: Sinistcha|75/100|[from] drain|[of] p2b: Blondie\n|faint|p2b: Blondie\n|\n|win|actuary97\n|raw|actuary97's rating: 1343 &rarr; <strong>1363</strong><br />(+20 for winning)\n|raw|GoodraSweetheart76's rating: 1346 &rarr; <strong>1326</strong><br />(-20 for losing)\n|l|\u2606GoodraSweetheart76\n|player|p2|\n",
  "uploadtime": 1776092006,
  "views": 32,
  "formatid": "gen9championsvgc2026regma",
  "rating": 1326,
  "private": 0,
  "password": null
}