{
  "id": "gen9championsvgc2026regma-2581065173",
  "format": "[Gen 9 Champions] VGC 2026 Reg M-A",
  "players": [
    "aderhell666",
    "Rei_do_gd0"
  ],
  "log": "|j|\u2606aderhell666\n|j|\u2606Rei_do_gd0\n|t:|1775956556\n|gametype|doubles\n|player|p1|aderhell666|101|1052\n|player|p2|Rei_do_gd0|brawly|1049\n|gen|9\n|tier|[Gen 9 Champions] VGC 2026 Reg M-A\n|rated|\n|rule|Species Clause: Limit one of each Pok\u00e9mon\n|rule|Item Clause: Limit 1 of each item\n|clearpoke\n|poke|p1|Froslass, L50, F|\n|poke|p1|Whimsicott, L50, F|\n|poke|p1|Umbreon, L50, F|\n|poke|p1|Farigiraf, L50, F|\n|poke|p1|Incineroar, L50, M|\n|poke|p1|Garchomp, L50, F|\n|poke|p2|Arcanine-Hisui, L50, F|\n|poke|p2|Meganium, L50, F|\n|poke|p2|Pelipper, L50, F|\n|poke|p2|Basculegion, L50, M|\n|poke|p2|Corviknight, L50, F|\n|poke|p2|Garchomp, L50, M|\n|teampreview|4\n|\n|t:|1775956597\n|teamsize|p1|4\n|teamsize|p2|4\n|start\n|switch|p1a: Froslass|Froslass, L50, F|100/100\n|switch|p1b: Whimsicott|Whimsicott, L50, F|100/100\n|switch|p2a: Meganium|Meganium, L50, F|100/100\n|switch|p2b: Arcanine|Arcanine-Hisui, L50, F|100/100\n|-ability|p2b: Arcanine|Intimidate|boost\n|-unboost|p1a: Froslass|atk|1\n|-unboost|p1b: Whimsicott|atk|1\n|turn|1\n|\n|t:|1775956623\n|detailschange|p2a: Meganium|Meganium-Mega, L50, F\n|-mega|p2a: Meganium|Meganium|Meganiumite\n|move|p1b: Whimsicott|Tailwind|p1b: Whimsicott\n|-sidestart|p1: aderhell666|move: Tailwind\n|move|p1a: Froslass|Destiny Bond|p1a: Froslass\n|-singlemove|p1a: Froslass|Destiny Bond\n|move|p2b: Arcanine|Rock Slide|p1a: Froslass|[spread] p1a,p1b\n|-supereffective|p1a: Froslass|1\n|-damage|p1a: Froslass|12/100\n|-damage|p1b: Whimsicott|66/100\n|move|p2a: Meganium|Weather Ball|p1a: Froslass\n|-supereffective|p1a: Froslass|1\n|-damage|p1a: Froslass|0 fnt\n|faint|p1a: Froslass\n|-activate|p1a: Froslass|move: Destiny Bond\n|faint|p2a: Meganium\n|\n|upkeep\n|\n|t:|1775956643\n|switch|p1a: Umbreon|Umbreon, L50, F|100/100\n|switch|p2a: Basculegion|Basculegion, L50, M|100/100\n|turn|2\n|\n|t:|1775956668\n|switch|p2b: Pelipper|Pelipper, L50, F|100/100\n|-weather|RainDance|[from] ability: Drizzle|[of] p2b: Pelipper\n|move|p2a: Basculegion|Ice Fang|p1b: Whimsicott\n|-supereffective|p1b: Whimsicott|1\n|-damage|p1b: Whimsicott|8/100\n|-status|p1b: Whimsicott|frz\n|cant|p1b: Whimsicott|frz\n|move|p1a: Umbreon|Foul Play|p2a: Basculegion\n|-supereffective|p2a: Basculegion|1\n|-damage|p2a: Basculegion|0 fnt\n|faint|p2a: Basculegion\n|\n|-weather|RainDance|[upkeep]\n|upkeep\n|\n|t:|1775956683\n|switch|p2a: Arcanine|Arcanine-Hisui, L50, F|100/100\n|-ability|p2a: Arcanine|Intimidate|boost\n|-fail|p1a: Umbreon|unboost|Attack|[from] ability: Inner Focus|[of] p1a: Umbreon\n|-unboost|p1b: Whimsicott|atk|1\n|turn|3\n|\n|t:|1775956698\n|cant|p1b: Whimsicott|frz\n|move|p1a: Umbreon|Toxic|p2b: Pelipper|[miss]\n|-miss|p1a: Umbreon|p2b: Pelipper\n|move|p2a: Arcanine|Rock Slide|p1b: Whimsicott|[spread] p1a,p1b\n|-damage|p1a: Umbreon|82/100\n|-damage|p1b: Whimsicott|0 fnt\n|faint|p1b: Whimsicott\n|move|p2b: Pelipper|Tailwind|p2b: Pelipper\n|-sidestart|p2: Rei_do_gd0|move: Tailwind\n|\n|-weather|RainDance|[upkeep]\n|-heal|p1a: Umbreon|88/100|[from] item: Leftovers\n|upkeep\n|\n|t:|1775956702\n|switch|p1b: Farigiraf|Farigiraf, L50, F|100/100\n|turn|4\n|\n|t:|1775956725\n|move|p2a: Arcanine|Protect|p2a: Arcanine\n|-singleturn|p2a: Arcanine|Protect\n|move|p2b: Pelipper|Hurricane|p1b: Farigiraf\n|-damage|p1b: Farigiraf|49/100\n|move|p1a: Umbreon|Toxic|p2b: Pelipper\n|-status|p2b: Pelipper|tox\n|move|p1b: Farigiraf|Trick Room|p1b: Farigiraf\n|-fieldstart|move: Trick Room|[of] p1b: Farigiraf\n|\n|-weather|RainDance|[upkeep]\n|-heal|p1a: Umbreon|94/100|[from] item: Leftovers\n|-damage|p2b: Pelipper|95/100 tox|[from] psn\n|-sideend|p1: aderhell666|move: Tailwind\n|upkeep\n|turn|5\n|\n|t:|1775956757\n|move|p1b: Farigiraf|Ally Switch|p1b: Farigiraf\n|swap|p1b: Farigiraf|0|[from] move: Ally Switch\n|move|p1b: Umbreon|Toxic|p2a: Arcanine\n|-status|p2a: Arcanine|tox\n|move|p2b: Pelipper|Hurricane|p1b: Umbreon\n|-damage|p1b: Umbreon|64/100\n|move|p2a: Arcanine|Rock Slide|p1a: Farigiraf|[spread] p1a,p1b\n|-damage|p1a: Farigiraf|20/100\n|-damage|p1b: Umbreon|46/100\n|\n|-weather|RainDance|[upkeep]\n|-heal|p1b: Umbreon|52/100|[from] item: Leftovers\n|-damage|p2b: Pelipper|83/100 tox|[from] psn\n|-damage|p2a: Arcanine|95/100 tox|[from] psn\n|upkeep\n|turn|6\n|\n|t:|1775956811\n|move|p2a: Arcanine|Protect|p2a: Arcanine\n|-singleturn|p2a: Arcanine|Protect\n|move|p1a: Farigiraf|Hyper Voice|p2a: Arcanine|[spread] p2b\n|-activate|p2a: Arcanine|move: Protect\n|-damage|p2b: Pelipper|25/100 tox\n|move|p1b: Umbreon|Wish|p1b: Umbreon\n|move|p2b: Pelipper|Hurricane|p1a: Farigiraf\n|-damage|p1a: Farigiraf|0 fnt\n|faint|p1a: Farigiraf\n|\n|-weather|none\n|-heal|p1b: Umbreon|58/100|[from] item: Leftovers\n|-damage|p2b: Pelipper|7/100 tox|[from] psn\n|-damage|p2a: Arcanine|83/100 tox|[from] psn\n|-sideend|p2: Rei_do_gd0|move: Tailwind\n|upkeep\n|turn|7\n|\n|t:|1775956835\n|move|p1b: Umbreon|Protect|p1b: Umbreon\n|-singleturn|p1b: Umbreon|Protect\n|move|p2b: Pelipper|Hurricane|p1b: Umbreon\n|-activate|p1b: Umbreon|move: Protect\n|move|p2a: Arcanine|Flare Blitz|p1b: Umbreon\n|-activate|p1b: Umbreon|move: Protect\n|\n|-heal|p1b: Umbreon|100/100|[from] move: Wish|[wisher] Umbreon\n|-damage|p2b: Pelipper|0 fnt|[from] psn\n|faint|p2b: Pelipper\n|-damage|p2a: Arcanine|65/100 tox|[from] psn\n|upkeep\n|turn|8\n|\n|t:|1775956856\n|move|p1b: Umbreon|Wish|p1b: Umbreon\n|move|p2a: Arcanine|Flare Blitz|p1b: Umbreon\n|-damage|p1b: Umbreon|60/100\n|-damage|p2a: Arcanine|49/100 tox|[from] Recoil\n|-enditem|p2a: Arcanine|Sitrus Berry|[eat]\n|-heal|p2a: Arcanine|74/100 tox|[from] item: Sitrus Berry\n|\n|-heal|p1b: Umbreon|66/100|[from] item: Leftovers\n|-damage|p2a: Arcanine|50/100 tox|[from] psn\n|-fieldend|move: Trick Room\n|upkeep\n|turn|9\n|\n|t:|1775956869\n|move|p2a: Arcanine|Protect|p2a: Arcanine\n|-singleturn|p2a: Arcanine|Protect\n|move|p1b: Umbreon|Protect||[still]\n|-fail|p1b: Umbreon\n|\n|-heal|p1b: Umbreon|100/100|[from] move: Wish|[wisher] Umbreon\n|-damage|p2a: Arcanine|21/100 tox|[from] psn\n|upkeep\n|turn|10\n|-message|Rei_do_gd0 forfeited.\n|\n|win|aderhell666\n|raw|aderhell666's rating: 1052 &rarr; <strong>1084</strong><br />(+32 for winning)\n|raw|Rei_do_gd0's rating: 1049 &rarr; <strong>1032</strong><br />(-17 for losing)\n|l|\u2606Rei_do_gd0\n|player|p2|\n",
  "uploadtime": 1775956890,
  "views": 11,
  "formatid": "gen9championsvgc2026regma",
  "rating": 1032,
  "private": 0,
  "password": null
}