{
  "id": "gen9championsvgc2026regma-2582177842",
  "format": "[Gen 9 Champions] VGC 2026 Reg M-A",
  "players": [
    "Chuggdot",
    "ChampionsmatchVGC"
  ],
  "log": "|j|\u2606Chuggdot\n|j|\u2606ChampionsmatchVGC\n|t:|1776067844\n|gametype|doubles\n|player|p1|Chuggdot|170|1378\n|player|p2|ChampionsmatchVGC|2|1357\n|gen|9\n|tier|[Gen 9 Champions] VGC 2026 Reg M-A\n|rated|\n|rule|Species Clause: Limit one of each Pok\u00e9mon\n|rule|Item Clause: Limit 1 of each item\n|clearpoke\n|poke|p1|Empoleon, L50, F|\n|poke|p1|Delphox, L50, F|\n|poke|p1|Kingambit, L50, M|\n|poke|p1|Garchomp, L50, M|\n|poke|p1|Clefable, L50, F|\n|poke|p1|Sneasler, L50, M|\n|poke|p2|Garchomp, L50, F|\n|poke|p2|Delphox, L50, F|\n|poke|p2|Floette-Eternal, L50, F|\n|poke|p2|Incineroar, L50, F|\n|poke|p2|Sinistcha, L50|\n|poke|p2|Sneasler, L50, M|\n|teampreview|4\n|inactive|Battle timer is ON: inactive players will automatically lose when time's up. (requested by Chuggdot)\n|j| Crvstal_K!tty\n|j| CARtu348rjf90\n|inactive|Chuggdot has 60 seconds left.\n|\n|t:|1776067882\n|teamsize|p1|4\n|teamsize|p2|4\n|start\n|switch|p1a: Delphox|Delphox, L50, F|100/100\n|switch|p1b: Garchomp|Garchomp, L50, M|100/100\n|switch|p2a: Delphox|Delphox, L50, F|100/100\n|switch|p2b: Garchomp|Garchomp, L50, F|100/100\n|turn|1\n|\n|t:|1776067901\n|switch|p1b: Empoleon|Empoleon, L50, F|100/100\n|detailschange|p2a: Delphox|Delphox-Mega, L50, F\n|-mega|p2a: Delphox|Delphox|Delphoxite\n|detailschange|p1a: Delphox|Delphox-Mega, L50, F\n|-mega|p1a: Delphox|Delphox|Delphoxite\n|move|p2a: Delphox|Protect|p2a: Delphox\n|-singleturn|p2a: Delphox|Protect\n|move|p1a: Delphox|Psychic|p2b: Garchomp\n|-damage|p2b: Garchomp|52/100\n|move|p2b: Garchomp|Dragon Claw|p1b: Empoleon\n|-resisted|p1b: Empoleon|1\n|-damage|p1b: Empoleon|80/100\n|\n|-heal|p1b: Empoleon|86/100|[from] item: Leftovers\n|upkeep\n|turn|2\n|\n|t:|1776067924\n|move|p2a: Delphox|Heat Wave|p1a: Delphox|[spread] p1a,p1b\n|-resisted|p1a: Delphox|1\n|-damage|p1a: Delphox|82/100\n|-damage|p1b: Empoleon|50/100\n|move|p1a: Delphox|Nasty Plot|p1a: Delphox\n|-boost|p1a: Delphox|spa|2\n|move|p2b: Garchomp|Rock Slide|p1b: Empoleon|[spread] p1a,p1b\n|-supereffective|p1a: Delphox|1\n|-crit|p1a: Delphox\n|-resisted|p1b: Empoleon|1\n|-damage|p1a: Delphox|11/100\n|-damage|p1b: Empoleon|41/100\n|cant|p1b: Empoleon|flinch\n|\n|-heal|p1b: Empoleon|47/100|[from] item: Leftovers\n|upkeep\n|turn|3\n|\n|t:|1776067944\n|move|p1a: Delphox|Protect|p1a: Delphox\n|-singleturn|p1a: Delphox|Protect\n|move|p2a: Delphox|Encore|p1a: Delphox\n|-activate|p1a: Delphox|move: Protect\n|move|p2b: Garchomp|Earthquake|p1b: Empoleon|[spread] p1b\n|-activate|p1a: Delphox|move: Protect\n|-immune|p2a: Delphox|[from] ability: Levitate\n|-supereffective|p1b: Empoleon|1\n|-damage|p1b: Empoleon|0 fnt\n|faint|p1b: Empoleon\n|\n|upkeep\n|\n|t:|1776067951\n|switch|p1b: Sneasler|Sneasler, L50, M|100/100\n|turn|4\n|\n|t:|1776067959\n|move|p2a: Delphox|Protect|p2a: Delphox\n|-singleturn|p2a: Delphox|Protect\n|move|p2b: Garchomp|Protect|p2b: Garchomp\n|-singleturn|p2b: Garchomp|Protect\n|move|p1b: Sneasler|Fake Out|p2a: Delphox\n|-activate|p2a: Delphox|move: Protect\n|move|p1a: Delphox|Psychic|p2b: Garchomp\n|-activate|p2b: Garchomp|move: Protect\n|\n|upkeep\n|turn|5\n|\n|t:|1776067971\n|switch|p1b: Garchomp|Garchomp, L50, M|100/100\n|move|p1a: Delphox|Protect|p1a: Delphox\n|-singleturn|p1a: Delphox|Protect\n|move|p2a: Delphox|Psychic|p1a: Delphox\n|-activate|p1a: Delphox|move: Protect\n|move|p2b: Garchomp|Earthquake|p1b: Garchomp|[spread] p1b\n|-activate|p1a: Delphox|move: Protect\n|-immune|p2a: Delphox|[from] ability: Levitate\n|-damage|p1b: Garchomp|61/100\n|\n|upkeep\n|turn|6\n|\n|t:|1776067986\n|move|p1b: Garchomp|Rock Slide|p2a: Delphox|[spread] p2a,p2b\n|-supereffective|p2a: Delphox|1\n|-resisted|p2b: Garchomp|1\n|-damage|p2a: Delphox|35/100\n|-damage|p2b: Garchomp|43/100\n|-enditem|p2b: Garchomp|Sitrus Berry|[eat]\n|-heal|p2b: Garchomp|67/100|[from] item: Sitrus Berry\n|move|p2a: Delphox|Psychic|p1a: Delphox\n|-resisted|p1a: Delphox|1\n|-damage|p1a: Delphox|0 fnt\n|faint|p1a: Delphox\n|move|p2b: Garchomp|Dragon Claw|p1b: Garchomp\n|-supereffective|p1b: Garchomp|1\n|-damage|p1b: Garchomp|0 fnt\n|-damage|p2b: Garchomp|55/100|[from] ability: Rough Skin|[of] p1b: Garchomp\n|faint|p1b: Garchomp\n|\n|upkeep\n|-message|Chuggdot forfeited.\n|\n|win|ChampionsmatchVGC\n|raw|Chuggdot's rating: 1378 &rarr; <strong>1357</strong><br />(-21 for losing)\n|raw|ChampionsmatchVGC's rating: 1357 &rarr; <strong>1378</strong><br />(+21 for winning)\n|l|\u2606Chuggdot\n|player|p1|\n|l| Crvstal_K!tty\n|l|\u2606ChampionsmatchVGC\n|player|p2|\n",
  "uploadtime": 1776068165,
  "views": 31,
  "formatid": "gen9championsvgc2026regma",
  "rating": 1357,
  "private": 0,
  "password": null
}