{
  "id": "gen9championsvgc2026regma-2581369006",
  "format": "[Gen 9 Champions] VGC 2026 Reg M-A",
  "players": [
    "mariete952",
    "MakoGP"
  ],
  "log": "|j|\u2606mariete952\n|j|\u2606MakoGP\n|t:|1775992673\n|gametype|doubles\n|player|p1|mariete952|ethan|1162\n|player|p2|MakoGP|elesa-masters2|1128\n|gen|9\n|tier|[Gen 9 Champions] VGC 2026 Reg M-A\n|rated|\n|rule|Species Clause: Limit one of each Pok\u00e9mon\n|rule|Item Clause: Limit 1 of each item\n|clearpoke\n|poke|p1|Garchomp, L50, F|\n|poke|p1|Tyranitar, L50, M|\n|poke|p1|Gyarados, L50, F|\n|poke|p1|Aegislash, L50, F|\n|poke|p1|Sinistcha, L50|\n|poke|p1|Sneasler, L50, M|\n|poke|p2|Tyranitar, L50, M|\n|poke|p2|Excadrill, L50, F|\n|poke|p2|Delphox, L50, F|\n|poke|p2|Rotom-Wash, L50|\n|poke|p2|Conkeldurr, L50, F|\n|poke|p2|Sinistcha, L50|\n|teampreview|4\n|\n|t:|1775992744\n|teamsize|p1|4\n|teamsize|p2|4\n|start\n|switch|p1a: Sneasler|Sneasler, L50, M|100/100\n|switch|p1b: Gyarados|Gyarados, L50, F|100/100\n|switch|p2a: Cuptonia|Sinistcha, L50|100/100\n|switch|p2b: Goilla|Conkeldurr, L50, F|100/100\n|-ability|p1b: Gyarados|Intimidate|boost\n|-unboost|p2a: Cuptonia|atk|1\n|-unboost|p2b: Goilla|atk|1\n|turn|1\n|\n|t:|1775992773\n|move|p2b: Goilla|Mach Punch|p1a: Sneasler\n|-resisted|p1a: Sneasler|1\n|-damage|p1a: Sneasler|79/100\n|move|p1a: Sneasler|Close Combat|p2b: Goilla\n|-damage|p2b: Goilla|41/100\n|-unboost|p1a: Sneasler|def|1\n|-unboost|p1a: Sneasler|spd|1\n|-enditem|p1a: Sneasler|White Herb\n|-clearnegativeboost|p1a: Sneasler|[silent]\n|move|p1b: Gyarados|Taunt|p2a: Cuptonia\n|-start|p2a: Cuptonia|move: Taunt\n|cant|p2a: Cuptonia|move: Taunt|Trick Room\n|\n|upkeep\n|turn|2\n|\n|t:|1775992808\n|switch|p2b: Sand Foid|Excadrill, L50, F|100/100\n|move|p1a: Sneasler|Dire Claw|p2a: Cuptonia\n|-damage|p2a: Cuptonia|63/100\n|-status|p2a: Cuptonia|slp\n|move|p1b: Gyarados|Waterfall|p2b: Sand Foid\n|-supereffective|p2b: Sand Foid|1\n|-damage|p2b: Sand Foid|12/100\n|cant|p2a: Cuptonia|slp\n|\n|upkeep\n|turn|3\n|\n|t:|1775992839\n|switch|p2a: Sand Chud|Tyranitar, L50, M|100/100\n|-weather|Sandstorm|[from] ability: Sand Stream|[of] p2a: Sand Chud\n|move|p1a: Sneasler|Protect|p1a: Sneasler\n|-singleturn|p1a: Sneasler|Protect\n|move|p2b: Sand Foid|High Horsepower|p1a: Sneasler\n|-activate|p1a: Sneasler|move: Protect\n|move|p1b: Gyarados|Waterfall|p2b: Sand Foid\n|-supereffective|p2b: Sand Foid|1\n|-damage|p2b: Sand Foid|0 fnt\n|faint|p2b: Sand Foid\n|\n|-weather|Sandstorm|[upkeep]\n|-damage|p1a: Sneasler|73/100|[from] Sandstorm\n|-damage|p1b: Gyarados|95/100|[from] Sandstorm\n|-heal|p1b: Gyarados|100/100|[from] item: Leftovers\n|upkeep\n|\n|t:|1775992849\n|switch|p2b: Goilla|Conkeldurr, L50, F|41/100\n|turn|4\n|\n|t:|1775992882\n|move|p2b: Goilla|Mach Punch|p1a: Sneasler\n|-resisted|p1a: Sneasler|1\n|-damage|p1a: Sneasler|42/100\n|move|p1a: Sneasler|Close Combat|p2b: Goilla\n|-damage|p2b: Goilla|0 fnt\n|-unboost|p1a: Sneasler|def|1\n|-unboost|p1a: Sneasler|spd|1\n|faint|p2b: Goilla\n|move|p1b: Gyarados|Waterfall|p2a: Sand Chud\n|-supereffective|p2a: Sand Chud|1\n|-damage|p2a: Sand Chud|43/100\n|move|p2a: Sand Chud|Rock Slide|p1b: Gyarados|[spread] p1a,p1b\n|-resisted|p1a: Sneasler|1\n|-supereffective|p1b: Gyarados|1\n|-damage|p1a: Sneasler|3/100\n|-damage|p1b: Gyarados|38/100\n|\n|-weather|Sandstorm|[upkeep]\n|-damage|p1a: Sneasler|0 fnt|[from] Sandstorm\n|-damage|p1b: Gyarados|32/100|[from] Sandstorm\n|faint|p1a: Sneasler\n|-heal|p1b: Gyarados|38/100|[from] item: Leftovers\n|upkeep\n|\n|t:|1775992902\n|switch|p1a: Garchomp|Garchomp, L50, F|100/100\n|switch|p2b: Cuptonia|Sinistcha, L50|63/100 slp\n|-heal|p2a: Sand Chud|67/100|[from] ability: Hospitality|[of] p2b: Cuptonia\n|turn|5\n|\n|t:|1775992929\n|switch|p1b: Sinistcha|Sinistcha, L50|100/100\n|detailschange|p1a: Garchomp|Garchomp-Mega, L50, F\n|-mega|p1a: Garchomp|Garchomp|Garchompite\n|move|p2a: Sand Chud|Protect|p2a: Sand Chud\n|-singleturn|p2a: Sand Chud|Protect\n|move|p1a: Garchomp|Earthquake|p2b: Cuptonia|[spread] p1b,p2b\n|-activate|p2a: Sand Chud|move: Protect\n|-resisted|p1b: Sinistcha|1\n|-resisted|p2b: Cuptonia|1\n|-damage|p1b: Sinistcha|61/100\n|-damage|p2b: Cuptonia|38/100 slp\n|-enditem|p2b: Cuptonia|Sitrus Berry|[eat]\n|-heal|p2b: Cuptonia|63/100 slp|[from] item: Sitrus Berry\n|-curestatus|p2b: Cuptonia|slp|[msg]\n|move|p2b: Cuptonia|Matcha Gotcha|p1a: Garchomp|[spread] p1a,p1b\n|-resisted|p1b: Sinistcha|1\n|-damage|p1a: Garchomp|75/100\n|-heal|p2b: Cuptonia|76/100|[from] drain|[of] p1a: Garchomp\n|-damage|p1b: Sinistcha|49/100\n|-heal|p2b: Cuptonia|81/100|[from] drain|[of] p1b: Sinistcha\n|-status|p1b: Sinistcha|brn\n|\n|-weather|Sandstorm|[upkeep]\n|-damage|p1b: Sinistcha|43/100 brn|[from] Sandstorm\n|-damage|p2b: Cuptonia|75/100|[from] Sandstorm\n|-damage|p1b: Sinistcha|37/100 brn|[from] brn\n|upkeep\n|turn|6\n|\n|t:|1775992964\n|detailschange|p2a: Sand Chud|Tyranitar-Mega, L50, M\n|-mega|p2a: Sand Chud|Tyranitar|Tyranitarite\n|move|p1a: Garchomp|Rock Slide|p2b: Cuptonia|[spread] p2a,p2b\n|-damage|p2a: Sand Chud|50/100\n|-damage|p2b: Cuptonia|48/100\n|move|p1b: Sinistcha|Matcha Gotcha|p2a: Sand Chud|[spread] p2a,p2b\n|-supereffective|p2a: Sand Chud|1\n|-resisted|p2b: Cuptonia|1\n|-damage|p2a: Sand Chud|31/100\n|-heal|p1b: Sinistcha|50/100 brn|[from] drain|[of] p2a: Sand Chud\n|-damage|p2b: Cuptonia|38/100\n|-heal|p1b: Sinistcha|57/100 brn|[from] drain|[of] p2b: Cuptonia\n|move|p2a: Sand Chud|Low Kick|p1a: Garchomp\n|-damage|p1a: Garchomp|45/100\n|move|p2b: Cuptonia|Strength Sap|p1a: Garchomp\n|-unboost|p1a: Garchomp|atk|1\n|-heal|p2b: Cuptonia|100/100\n|\n|-weather|Sandstorm|[upkeep]\n|-damage|p1b: Sinistcha|50/100 brn|[from] Sandstorm\n|-damage|p2b: Cuptonia|94/100|[from] Sandstorm\n|-damage|p1b: Sinistcha|44/100 brn|[from] brn\n|upkeep\n|turn|7\n|\n|t:|1775993007\n|switch|p1a: Gyarados|Gyarados, L50, F|38/100\n|-ability|p1a: Gyarados|Intimidate|boost\n|-unboost|p2a: Sand Chud|atk|1\n|-unboost|p2b: Cuptonia|atk|1\n|move|p1b: Sinistcha|Matcha Gotcha|p2b: Cuptonia|[spread] p2a,p2b\n|-supereffective|p2a: Sand Chud|1\n|-resisted|p2b: Cuptonia|1\n|-damage|p2a: Sand Chud|11/100\n|-heal|p1b: Sinistcha|59/100 brn|[from] drain|[of] p2a: Sand Chud\n|-damage|p2b: Cuptonia|83/100\n|-heal|p1b: Sinistcha|66/100 brn|[from] drain|[of] p2b: Cuptonia\n|move|p2a: Sand Chud|Knock Off|p1b: Sinistcha\n|-supereffective|p1b: Sinistcha|1\n|-damage|p1b: Sinistcha|0 fnt\n|-enditem|p1b: Sinistcha|Occa Berry|[from] move: Knock Off|[of] p2a: Sand Chud\n|faint|p1b: Sinistcha\n|move|p2b: Cuptonia|Matcha Gotcha|p1a: Gyarados\n|-damage|p1a: Gyarados|8/100\n|-heal|p2b: Cuptonia|99/100|[from] drain|[of] p1a: Gyarados\n|-status|p1a: Gyarados|brn\n|\n|-weather|none\n|-heal|p1a: Gyarados|14/100 brn|[from] item: Leftovers\n|-damage|p1a: Gyarados|8/100 brn|[from] brn\n|upkeep\n|\n|t:|1775993025\n|switch|p1b: Garchomp|Garchomp-Mega, L50, F|45/100\n|turn|8\n|\n|t:|1775993062\n|move|p1b: Garchomp|Rock Slide|p2a: Sand Chud|[spread] p2a,p2b\n|-damage|p2a: Sand Chud|0 fnt\n|-damage|p2b: Cuptonia|80/100\n|faint|p2a: Sand Chud\n|move|p1a: Gyarados|Taunt|p2b: Cuptonia\n|-start|p2b: Cuptonia|move: Taunt\n|move|p2b: Cuptonia|Matcha Gotcha|p1a: Gyarados|[spread] p1a,p1b\n|-damage|p1a: Gyarados|0 fnt\n|-heal|p2b: Cuptonia|85/100|[from] drain|[of] p1a: Gyarados\n|-damage|p1b: Garchomp|22/100\n|-heal|p2b: Cuptonia|97/100|[from] drain|[of] p1b: Garchomp\n|-status|p1b: Garchomp|brn\n|faint|p1a: Gyarados\n|\n|-damage|p1b: Garchomp|16/100 brn|[from] brn\n|upkeep\n|turn|9\n|inactive|Battle timer is ON: inactive players will automatically lose when time's up. (requested by mariete952)\n|c|\u2606mariete952|gg\n|-message|mariete952 forfeited.\n|\n|win|MakoGP\n|raw|mariete952's rating: 1162 &rarr; <strong>1135</strong><br />(-27 for losing)\n|raw|MakoGP's rating: 1128 &rarr; <strong>1155</strong><br />(+27 for winning)\n|l|\u2606mariete952\n|player|p1|\n",
  "uploadtime": 1775994203,
  "views": 16,
  "formatid": "gen9championsvgc2026regma",
  "rating": 1135,
  "private": 0,
  "password": null
}