{
  "id": "gen9championsvgc2026regma-2589485323",
  "format": "[Gen 9 Champions] VGC 2026 Reg M-A",
  "players": [
    "Tritanytar",
    "Kraken8"
  ],
  "log": "|j|\u2606Tritanytar\n|j|\u2606Kraken8\n|t:|1776727233\n|gametype|doubles\n|player|p1|Tritanytar|170|1076\n|player|p2|Kraken8|ethan|1097\n|gen|9\n|tier|[Gen 9 Champions] VGC 2026 Reg M-A\n|rated|\n|rule|Species Clause: Limit one of each Pok\u00e9mon\n|rule|Item Clause: Limit 1 of each item\n|clearpoke\n|poke|p1|Scovillain, L50, M|\n|poke|p1|Garchomp, L50, M|\n|poke|p1|Sneasler, L50, M|\n|poke|p1|Kingambit, L50, M|\n|poke|p1|Aegislash, L50, M|\n|poke|p1|Aerodactyl, L50, M, shiny|\n|poke|p2|Venusaur, L50, F|\n|poke|p2|Charizard, L50, F|\n|poke|p2|Garchomp, L50, F|\n|poke|p2|Sneasler, L50, M|\n|poke|p2|Incineroar, L50, M|\n|poke|p2|Milotic, L50, M|\n|teampreview|4\n|inactive|Battle timer is ON: inactive players will automatically lose when time's up. (requested by Tritanytar)\n|\n|t:|1776727266\n|teamsize|p1|4\n|teamsize|p2|4\n|start\n|switch|p1a: Scovillain|Scovillain, L50, M|100/100\n|switch|p1b: Kingambit|Kingambit, L50, M|100/100\n|switch|p2a: Charizard|Charizard, L50, F|100/100\n|switch|p2b: Venusaur|Venusaur, L50, F|100/100\n|turn|1\n|\n|t:|1776727281\n|detailschange|p2a: Charizard|Charizard-Mega-Y, L50, F\n|-mega|p2a: Charizard|Charizard|Charizardite Y\n|-weather|SunnyDay|[from] ability: Drought|[of] p2a: Charizard\n|detailschange|p1a: Scovillain|Scovillain-Mega, L50, M\n|-mega|p1a: Scovillain|Scovillain|Scovillainite\n|move|p1b: Kingambit|Protect|p1b: Kingambit\n|-singleturn|p1b: Kingambit|Protect\n|move|p2b: Venusaur|Sleep Powder|p1b: Kingambit\n|-activate|p1b: Kingambit|move: Protect\n|move|p2a: Charizard|Heat Wave|p1b: Kingambit|[spread] p1a\n|-activate|p1b: Kingambit|move: Protect\n|-damage|p1a: Scovillain|42/100\n|-immune|p2a: Charizard\n|move|p1a: Scovillain|Flamethrower|p2b: Venusaur\n|-supereffective|p2b: Venusaur|1\n|-enditem|p2b: Venusaur|Focus Sash\n|-damage|p2b: Venusaur|1/100\n|-status|p2b: Venusaur|brn\n|\n|-weather|SunnyDay|[upkeep]\n|-damage|p2b: Venusaur|0 fnt|[from] brn\n|faint|p2b: Venusaur\n|upkeep\n|\n|t:|1776727305\n|switch|p2b: Garchomp|Garchomp, L50, F|100/100\n|turn|2\n|\n|t:|1776727323\n|switch|p1b: Aerodactyl|Aerodactyl, L50, M, shiny|100/100\n|move|p1a: Scovillain|Protect|p1a: Scovillain\n|-singleturn|p1a: Scovillain|Protect\n|move|p2b: Garchomp|Earthquake|p1a: Scovillain|[spread] \n|-activate|p1a: Scovillain|move: Protect\n|-immune|p2a: Charizard\n|-immune|p1b: Aerodactyl\n|move|p2a: Charizard|Heat Wave|p1b: Aerodactyl|[spread] \n|-activate|p1a: Scovillain|move: Protect\n|-miss|p2a: Charizard|p1b: Aerodactyl\n|\n|-weather|SunnyDay|[upkeep]\n|upkeep\n|turn|3\n|inactive|Tritanytar has 30 seconds left.\n|inactive|Kraken8 has 30 seconds left.\n|\n|t:|1776727355\n|move|p1b: Aerodactyl|Wide Guard|p1b: Aerodactyl\n|-singleturn|p1b: Aerodactyl|Wide Guard\n|move|p2b: Garchomp|Earthquake|p1a: Scovillain|[spread] \n|-activate|p1a: Scovillain|move: Wide Guard\n|-activate|p1b: Aerodactyl|move: Wide Guard\n|-immune|p2a: Charizard\n|move|p2a: Charizard|Heat Wave|p1a: Scovillain|[spread] \n|-activate|p1a: Scovillain|move: Wide Guard\n|-activate|p1b: Aerodactyl|move: Wide Guard\n|move|p1a: Scovillain|Leech Seed|p2b: Garchomp\n|-start|p2b: Garchomp|move: Leech Seed\n|\n|-weather|SunnyDay|[upkeep]\n|-damage|p2b: Garchomp|88/100|[from] Leech Seed|[of] p1a: Scovillain\n|-heal|p1a: Scovillain|56/100|[silent]\n|upkeep\n|turn|4\n|\n|t:|1776727376\n|switch|p2b: Milotic|Milotic, L50, M|100/100\n|move|p1b: Aerodactyl|Rock Slide|p2a: Charizard|[spread] p2a,p2b\n|-supereffective|p2a: Charizard|2\n|-damage|p2a: Charizard|0 fnt\n|-damage|p2b: Milotic|81/100\n|faint|p2a: Charizard\n|move|p1a: Scovillain|Flamethrower|p2b: Milotic\n|-resisted|p2b: Milotic|1\n|-damage|p2b: Milotic|60/100\n|\n|-weather|SunnyDay|[upkeep]\n|-heal|p2b: Milotic|66/100|[from] item: Leftovers\n|upkeep\n|\n|t:|1776727388\n|switch|p2a: Garchomp|Garchomp, L50, F|88/100\n|turn|5\n|\n|t:|1776727411\n|move|p2a: Garchomp|Stomping Tantrum|p1a: Scovillain\n|-damage|p1a: Scovillain|14/100\n|-status|p2a: Garchomp|brn|[from] ability: Spicy Spray|[of] p1a: Scovillain\n|move|p1b: Aerodactyl|Tailwind|p1b: Aerodactyl\n|-sidestart|p1: Tritanytar|move: Tailwind\n|move|p1a: Scovillain|Leech Seed|p2b: Milotic\n|-start|p2b: Milotic|move: Leech Seed\n|move|p2b: Milotic|Icy Wind|p1b: Aerodactyl|[spread] p1a,p1b\n|-supereffective|p1b: Aerodactyl|1\n|-damage|p1a: Scovillain|4/100\n|-damage|p1b: Aerodactyl|74/100\n|-unboost|p1a: Scovillain|spe|1\n|-unboost|p1b: Aerodactyl|spe|1\n|-status|p2b: Milotic|brn|[from] ability: Spicy Spray|[of] p1a: Scovillain\n|\n|-weather|none\n|-heal|p2b: Milotic|72/100 brn|[from] item: Leftovers\n|-damage|p2b: Milotic|59/100 brn|[from] Leech Seed|[of] p1a: Scovillain\n|-heal|p1a: Scovillain|19/100|[silent]\n|-damage|p2a: Garchomp|82/100 brn|[from] brn\n|-damage|p2b: Milotic|53/100 brn|[from] brn\n|upkeep\n|turn|6\n|inactive|Tritanytar has 30 seconds left.\n|inactive|Kraken8 has 30 seconds left.\n|\n|t:|1776727439\n|move|p1a: Scovillain|Protect|p1a: Scovillain\n|-singleturn|p1a: Scovillain|Protect\n|move|p1b: Aerodactyl|Rock Slide|p2a: Garchomp|[spread] p2a,p2b\n|-resisted|p2a: Garchomp|1\n|-damage|p2a: Garchomp|69/100 brn\n|-damage|p2b: Milotic|36/100 brn\n|cant|p2a: Garchomp|flinch\n|move|p2b: Milotic|Scald|p1b: Aerodactyl\n|-supereffective|p1b: Aerodactyl|1\n|-damage|p1b: Aerodactyl|0 fnt\n|faint|p1b: Aerodactyl\n|\n|-heal|p2b: Milotic|42/100 brn|[from] item: Leftovers\n|-damage|p2b: Milotic|29/100 brn|[from] Leech Seed|[of] p1a: Scovillain\n|-heal|p1a: Scovillain|33/100|[silent]\n|-damage|p2a: Garchomp|63/100 brn|[from] brn\n|-damage|p2b: Milotic|23/100 brn|[from] brn\n|upkeep\n|\n|t:|1776727453\n|switch|p1b: Garchomp|Garchomp, L50, M|100/100\n|turn|7\n|\n|t:|1776727465\n|move|p1b: Garchomp|Dragon Claw|p2a: Garchomp\n|-supereffective|p2a: Garchomp|1\n|-damage|p2a: Garchomp|0 fnt\n|-damage|p1b: Garchomp|88/100|[from] ability: Rough Skin|[of] p2a: Garchomp\n|faint|p2a: Garchomp\n|move|p1a: Scovillain|Flamethrower|p2b: Milotic\n|-resisted|p2b: Milotic|1\n|-damage|p2b: Milotic|9/100 brn\n|move|p2b: Milotic|Icy Wind|p1b: Garchomp|[spread] p1a,p1b\n|-supereffective|p1b: Garchomp|2\n|-damage|p1a: Scovillain|23/100\n|-damage|p1b: Garchomp|40/100\n|-unboost|p1a: Scovillain|spe|1\n|-unboost|p1b: Garchomp|spe|1\n|\n|-heal|p2b: Milotic|15/100 brn|[from] item: Leftovers\n|-damage|p2b: Milotic|2/100 brn|[from] Leech Seed|[of] p1a: Scovillain\n|-heal|p1a: Scovillain|38/100|[silent]\n|-damage|p2b: Milotic|0 fnt|[from] brn\n|faint|p2b: Milotic\n|\n|win|Tritanytar\n|raw|Tritanytar's rating: 1076 &rarr; <strong>1106</strong><br />(+30 for winning)\n|raw|Kraken8's rating: 1097 &rarr; <strong>1071</strong><br />(-26 for losing)\n|l|\u2606Kraken8\n|player|p2|\n",
  "uploadtime": 1776728680,
  "views": 2,
  "formatid": "gen9championsvgc2026regma",
  "rating": 1071,
  "private": 0,
  "password": null
}