{
  "id": "gen9championsvgc2026regma-2584823399",
  "format": "[Gen 9 Champions] VGC 2026 Reg M-A",
  "players": [
    "Luma1337",
    "ofjldke"
  ],
  "log": "|j|\u2606Luma1337\n|j|\u203dofjldke\n|t:|1776286373\n|gametype|doubles\n|player|p1|Luma1337|266|1079\n|player|p2|ofjldke|169|1068\n|gen|9\n|tier|[Gen 9 Champions] VGC 2026 Reg M-A\n|rated|\n|rule|Species Clause: Limit one of each Pok\u00e9mon\n|rule|Item Clause: Limit 1 of each item\n|clearpoke\n|poke|p1|Tyranitar, L50, M|\n|poke|p1|Excadrill, L50, M|\n|poke|p1|Arcanine-Hisui, L50, F|\n|poke|p1|Vaporeon, L50, M|\n|poke|p1|Whimsicott, L50, F|\n|poke|p1|Zoroark-Hisui, L50, M|\n|poke|p2|Banette, L50, F|\n|poke|p2|Clawitzer, L50, M|\n|poke|p2|Chimecho, L50, M|\n|poke|p2|Houndoom, L50, M|\n|poke|p2|Toxicroak, L50, M|\n|poke|p2|Drampa, L50, M|\n|teampreview|4\nLuma1337 rejected open team sheets.\n|\n|t:|1776286408\n|teamsize|p1|4\n|teamsize|p2|4\n|start\n|switch|p1a: Vaporeon|Vaporeon, L50, M, shiny|100/100\n|switch|p1b: Tyranitar|Tyranitar, L50, M|100/100\n|switch|p2a: Drampa|Drampa, L50, M|100/100\n|switch|p2b: Toxicroak|Toxicroak, L50, M|100/100\n|-weather|Sandstorm|[from] ability: Sand Stream|[of] p1b: Tyranitar\n|turn|1\n|\n|t:|1776286425\n|switch|p2a: Chimecho|Chimecho, L50, M|100/100\n|detailschange|p1b: Tyranitar|Tyranitar-Mega, L50, M\n|-mega|p1b: Tyranitar|Tyranitar|Tyranitarite\n|move|p1a: Vaporeon|Focus Blast|p2a: Chimecho\n|-resisted|p2a: Chimecho|1\n|-damage|p2a: Chimecho|81/100\n|move|p2b: Toxicroak|Earthquake|p1b: Tyranitar|[spread] p1a,p1b\n|-immune|p2a: Chimecho|[from] ability: Levitate\n|-supereffective|p1b: Tyranitar|1\n|-damage|p1a: Vaporeon|47/100\n|-damage|p1b: Tyranitar|72/100\n|replace|p1a: Zoroark|Zoroark-Hisui, L50, M\n|-end|p1a: Zoroark|Illusion\n|move|p1b: Tyranitar|Rock Slide|p2a: Chimecho|[spread] p2a,p2b\n|-resisted|p2b: Toxicroak|1\n|-damage|p2a: Chimecho|52/100\n|-damage|p2b: Toxicroak|75/100\n|\n|-weather|Sandstorm|[upkeep]\n|-damage|p1a: Zoroark|40/100|[from] Sandstorm\n|-damage|p2b: Toxicroak|69/100|[from] Sandstorm\n|-damage|p2a: Chimecho|46/100|[from] Sandstorm\n|upkeep\n|turn|2\n|\n|t:|1776286456\n|detailschange|p2a: Chimecho|Chimecho-Mega, L50, M\n|-mega|p2a: Chimecho|Chimecho|Chimechite\n|move|p1a: Zoroark|Hyper Voice|p2b: Toxicroak|[spread] p2a,p2b\n|-resisted|p2a: Chimecho|1\n|-damage|p2a: Chimecho|31/100\n|-damage|p2b: Toxicroak|16/100\n|move|p2b: Toxicroak|Earthquake|p1b: Tyranitar|[spread] p1a,p1b\n|-immune|p2a: Chimecho|[from] ability: Levitate\n|-supereffective|p1b: Tyranitar|1\n|-damage|p1a: Zoroark|0 fnt\n|-damage|p1b: Tyranitar|41/100\n|faint|p1a: Zoroark\n|move|p1b: Tyranitar|Rock Slide|p2a: Chimecho|[spread] p2a,p2b\n|-resisted|p2a: Chimecho|1\n|-resisted|p2b: Toxicroak|1\n|-damage|p2a: Chimecho|21/100\n|-damage|p2b: Toxicroak|0 fnt\n|faint|p2b: Toxicroak\n|cant|p2a: Chimecho|flinch\n|\n|-weather|Sandstorm|[upkeep]\n|upkeep\n|\n|t:|1776286473\n|switch|p1a: Arcanine|Arcanine-Hisui, L50, F, shiny|100/100\n|switch|p2b: Clawitzer|Clawitzer, L50, M|100/100\n|-ability|p1a: Arcanine|Intimidate|boost\n|-unboost|p2a: Chimecho|atk|1\n|-unboost|p2b: Clawitzer|atk|1\n|turn|3\n|\n|t:|1776286487\n|switch|p1b: Vaporeon|Vaporeon, L50, M, shiny|100/100\n|move|p1a: Arcanine|Protect|p1a: Arcanine\n|-singleturn|p1a: Arcanine|Protect\n|move|p2a: Chimecho|Ally Switch|p2a: Chimecho\n|swap|p2a: Chimecho|1|[from] move: Ally Switch\n|move|p2a: Clawitzer|Water Pulse|p1a: Arcanine\n|-activate|p1a: Arcanine|move: Protect\n|\n|-weather|Sandstorm|[upkeep]\n|-damage|p1b: Vaporeon|95/100|[from] Sandstorm\n|-damage|p2a: Clawitzer|94/100|[from] Sandstorm\n|upkeep\n|turn|4\n|\n|t:|1776286507\n|move|p2b: Chimecho|Ally Switch||[still]\n|-fail|p2b: Chimecho\n|move|p1a: Arcanine|Flare Blitz|p2b: Chimecho\n|-supereffective|p2b: Chimecho|1\n|-damage|p2b: Chimecho|0 fnt\n|faint|p2b: Chimecho\n|-damage|p1a: Arcanine|94/100|[from] Recoil\n|move|p1b: Vaporeon|Wish|p1b: Vaporeon\n|move|p2a: Clawitzer|Heal Pulse|p2: Chimecho|[notarget]\n|-fail|p2a: Clawitzer\n|\n|-weather|Sandstorm|[upkeep]\n|-damage|p1b: Vaporeon|89/100|[from] Sandstorm\n|-damage|p2a: Clawitzer|88/100|[from] Sandstorm\n|upkeep\n|\n|t:|1776286518\n|switch|p2b: Drampa|Drampa, L50, M|100/100\n|turn|5\n|\n|t:|1776286541\n|switch|p1b: Tyranitar|Tyranitar-Mega, L50, M|41/100\n|move|p1a: Arcanine|Head Smash|p2a: Clawitzer\n|-damage|p2a: Clawitzer|26/100\n|-damage|p1a: Arcanine|66/100|[from] Recoil\n|move|p2a: Clawitzer|Water Pulse|p1a: Arcanine\n|-supereffective|p1a: Arcanine|2\n|-damage|p1a: Arcanine|0 fnt\n|faint|p1a: Arcanine\n|move|p2b: Drampa|Hydro Pump|p1b: Tyranitar\n|-supereffective|p1b: Tyranitar|1\n|-damage|p1b: Tyranitar|2/100\n|\n|-weather|none\n|-heal|p1b: Tyranitar|59/100|[from] move: Wish|[wisher] Vaporeon\n|upkeep\n|\n|t:|1776286552\n|switch|p1a: Vaporeon|Vaporeon, L50, M, shiny|89/100\n|turn|6\n|\n|t:|1776286578\n|move|p1b: Tyranitar|Rock Slide|p2a: Clawitzer|[spread] p2a,p2b\n|-damage|p2a: Clawitzer|0 fnt\n|-damage|p2b: Drampa|62/100\n|faint|p2a: Clawitzer\n|move|p1a: Vaporeon|Scald|p2b: Drampa\n|-resisted|p2b: Drampa|1\n|-damage|p2b: Drampa|46/100\n|cant|p2b: Drampa|flinch\n|\n|upkeep\n|turn|7\n|c|\u2606Luma1337|sry\n|inactive|Battle timer is ON: inactive players will automatically lose when time's up. (requested by ofjldke)\n|\n|t:|1776286615\n|move|p1b: Tyranitar|Low Kick|p2b: Drampa\n|-supereffective|p2b: Drampa|1\n|-damage|p2b: Drampa|0 fnt\n|faint|p2b: Drampa\n|\n|win|Luma1337\n|raw|Luma1337's rating: 1079 &rarr; <strong>1106</strong><br />(+27 for winning)\n|raw|ofjldke's rating: 1068 &rarr; <strong>1048</strong><br />(-20 for losing)\n|l|\u203dofjldke\n|player|p2|\n",
  "uploadtime": 1776286626,
  "views": 18,
  "formatid": "gen9championsvgc2026regma",
  "rating": 1048,
  "private": 0,
  "password": null
}