{
  "id": "gen9championsvgc2026regma-2587399661",
  "format": "[Gen 9 Champions] VGC 2026 Reg M-A",
  "players": [
    "yyssummer",
    "MimkyrZ"
  ],
  "log": "|j|\u2606yyssummer\n|j|\u2606MimkyrZ\n|t:|1776528621\n|gametype|doubles\n|player|p1|yyssummer|170|1276\n|player|p2|MimkyrZ|n|1267\n|gen|9\n|tier|[Gen 9 Champions] VGC 2026 Reg M-A\n|rated|\n|rule|Species Clause: Limit one of each Pok\u00e9mon\n|rule|Item Clause: Limit 1 of each item\n|clearpoke\n|poke|p1|Aerodactyl, L50, F, shiny|\n|poke|p1|Farigiraf, L50, M, shiny|\n|poke|p1|Sneasler, L50, M|\n|poke|p1|Meowscarada, L50, F|\n|poke|p1|Primarina, L50, F, shiny|\n|poke|p1|Camerupt, L50, F, shiny|\n|poke|p2|Dragonite, L50, M, shiny|\n|poke|p2|Incineroar, L50, F|\n|poke|p2|Pelipper, L50, F|\n|poke|p2|Sinistcha, L50|\n|poke|p2|Archaludon, L50, F, shiny|\n|poke|p2|Basculegion, L50, M|\n|teampreview|4\n|inactive|Battle timer is ON: inactive players will automatically lose when time's up. (requested by MimkyrZ)\n|inactive|yyssummer has 60 seconds left.\n|inactive|yyssummer has 30 seconds left.\n|inactive|yyssummer has 20 seconds left.\n|\n|t:|1776528696\n|teamsize|p1|4\n|teamsize|p2|4\n|start\n|switch|p1a: Sneasler|Sneasler, L50, M|100/100\n|switch|p1b: Primarina|Primarina, L50, F, shiny|100/100\n|switch|p2a: Pelipper|Pelipper, L50, F|100/100\n|switch|p2b: Dragonite|Dragonite, L50, M, shiny|100/100\n|-weather|RainDance|[from] ability: Drizzle|[of] p2a: Pelipper\n|turn|1\n|inactive|yyssummer has 30 seconds left.\n|\n|t:|1776528722\n|detailschange|p2b: Dragonite|Dragonite-Mega, L50, M, shiny\n|-mega|p2b: Dragonite|Dragonite|Dragoninite\n|move|p2b: Dragonite|Protect|p2b: Dragonite\n|-singleturn|p2b: Dragonite|Protect\n|move|p1a: Sneasler|Fake Out|p2a: Pelipper\n|-damage|p2a: Pelipper|82/100\n|cant|p2a: Pelipper|flinch\n|move|p1b: Primarina|Icy Wind|p2a: Pelipper|[spread] p2a\n|-activate|p2b: Dragonite|move: Protect\n|-damage|p2a: Pelipper|54/100\n|-unboost|p2a: Pelipper|spe|1\n|\n|-weather|RainDance|[upkeep]\n|upkeep\n|turn|2\n|inactive|yyssummer has 30 seconds left.\n|\n|t:|1776528747\n|move|p1a: Sneasler|Protect|p1a: Sneasler\n|-singleturn|p1a: Sneasler|Protect\n|move|p2b: Dragonite|Thunder|p1b: Primarina\n|-supereffective|p1b: Primarina|1\n|-damage|p1b: Primarina|30/100\n|move|p1b: Primarina|Icy Wind|p2a: Pelipper|[spread] p2a,p2b\n|-supereffective|p2b: Dragonite|2\n|-damage|p2a: Pelipper|25/100\n|-damage|p2b: Dragonite|73/100\n|-unboost|p2a: Pelipper|spe|1\n|-unboost|p2b: Dragonite|spe|1\n|move|p2a: Pelipper|Hurricane|p1a: Sneasler\n|-activate|p1a: Sneasler|move: Protect\n|\n|-weather|RainDance|[upkeep]\n|upkeep\n|turn|3\n|inactive|yyssummer has 30 seconds left.\n|inactive|yyssummer has 20 seconds left.\n|\n|t:|1776528787\n|switch|p1b: Farigiraf|Farigiraf, L50, M, shiny|100/100\n|move|p2a: Pelipper|Protect|p2a: Pelipper\n|-singleturn|p2a: Pelipper|Protect\n|move|p1a: Sneasler|Dire Claw|p2a: Pelipper\n|-activate|p2a: Pelipper|move: Protect\n|move|p2b: Dragonite|Hurricane|p1b: Farigiraf\n|-damage|p1b: Farigiraf|39/100\n|-enditem|p1b: Farigiraf|Sitrus Berry|[eat]\n|-heal|p1b: Farigiraf|64/100|[from] item: Sitrus Berry\n|\n|-weather|RainDance|[upkeep]\n|upkeep\n|turn|4\n|inactive|yyssummer has 30 seconds left.\n|inactive|MimkyrZ has 30 seconds left.\n|inactive|yyssummer has 20 seconds left.\n|\n|t:|1776528823\n|switch|p2a: Archaludon|Archaludon, L50, F, shiny|100/100\n|move|p1a: Sneasler|Dire Claw|p2b: Dragonite\n|-damage|p2b: Dragonite|35/100\n|move|p2b: Dragonite|Hurricane|p1a: Sneasler\n|-supereffective|p1a: Sneasler|1\n|-damage|p1a: Sneasler|0 fnt\n|faint|p1a: Sneasler\n|move|p1b: Farigiraf|Psychic|p2b: Dragonite\n|-damage|p2b: Dragonite|6/100\n|\n|-weather|RainDance|[upkeep]\n|upkeep\n|\n|t:|1776528841\n|switch|p1a: Meowscarada|Meowscarada, L50, F|100/100\n|turn|5\n|\n|t:|1776528857\n|move|p2b: Dragonite|Protect|p2b: Dragonite\n|-singleturn|p2b: Dragonite|Protect\n|move|p1a: Meowscarada|Knock Off|p2a: Archaludon\n|-damage|p2a: Archaludon|65/100\n|-ability|p2a: Archaludon|Stamina|boost\n|-boost|p2a: Archaludon|def|1\n|-enditem|p2a: Archaludon|Leftovers|[from] move: Knock Off|[of] p1a: Meowscarada\n|move|p2a: Archaludon|Electro Shot||[still]\n|-prepare|p2a: Archaludon|Electro Shot\n|-boost|p2a: Archaludon|spa|1\n|-anim|p2a: Archaludon|Electro Shot|p1b: Farigiraf\n|-damage|p1b: Farigiraf|0 fnt\n|faint|p1b: Farigiraf\n|\n|-weather|none\n|upkeep\n|\n|t:|1776528872\n|switch|p1b: Primarina|Primarina, L50, F, shiny|30/100\n|turn|6\n|inactive|yyssummer has 30 seconds left.\n|inactive|yyssummer has 20 seconds left.\n|\n|t:|1776528908\n|switch|p2b: Pelipper|Pelipper, L50, F|25/100\n|-weather|RainDance|[from] ability: Drizzle|[of] p2b: Pelipper\n|move|p1a: Meowscarada|Flower Trick|p2b: Pelipper\n|-crit|p2b: Pelipper\n|-damage|p2b: Pelipper|0 fnt\n|faint|p2b: Pelipper\n|move|p2a: Archaludon|Electro Shot||[still]\n|-prepare|p2a: Archaludon|Electro Shot\n|-boost|p2a: Archaludon|spa|1\n|-anim|p2a: Archaludon|Electro Shot|p1b: Primarina\n|-supereffective|p1b: Primarina|1\n|-damage|p1b: Primarina|0 fnt\n|faint|p1b: Primarina\n|\n|-weather|RainDance|[upkeep]\n|upkeep\n|\n|t:|1776528927\n|switch|p2b: Dragonite|Dragonite-Mega, L50, M, shiny|6/100\n|turn|7\n|-message|yyssummer forfeited.\n|\n|win|MimkyrZ\n|raw|yyssummer's rating: 1276 &rarr; <strong>1250</strong><br />(-26 for losing)\n|raw|MimkyrZ's rating: 1267 &rarr; <strong>1293</strong><br />(+26 for winning)\n|l|\u2606MimkyrZ\n|player|p2|\n",
  "uploadtime": 1776528953,
  "views": 38,
  "formatid": "gen9championsvgc2026regma",
  "rating": 1250,
  "private": 0,
  "password": null
}