{
  "id": "gen9championsvgc2026regma-2589481561",
  "format": "[Gen 9 Champions] VGC 2026 Reg M-A",
  "players": [
    "udamg",
    "SDLT 2KRL SWM"
  ],
  "log": "|raw|<div class=\"broadcast-blue\"><strong>This battle is required to be public due to a player having a name starting with 'sdlt'.</div>\n|j|\u2606udamg\n|j|\u2606SDLT 2KRL SWM\n|t:|1776726883\n|gametype|doubles\n|player|p1|udamg|waitress-gen4|1717\n|player|p2|SDLT 2KRL SWM|ryuki|1639\n|gen|9\n|tier|[Gen 9 Champions] VGC 2026 Reg M-A\n|rated|\n|rule|Species Clause: Limit one of each Pok\u00e9mon\n|rule|Item Clause: Limit 1 of each item\n|clearpoke\n|poke|p1|Aerodactyl, L50, M, shiny|\n|poke|p1|Garchomp, L50, F, shiny|\n|poke|p1|Basculegion, L50, M, shiny|\n|poke|p1|Scovillain, L50, M, shiny|\n|poke|p1|Kingambit, L50, M, shiny|\n|poke|p1|Sylveon, L50, M, shiny|\n|poke|p2|Talonflame, L50, M|\n|poke|p2|Floette-Eternal, L50, F|\n|poke|p2|Basculegion, L50, M|\n|poke|p2|Garchomp, L50, F|\n|poke|p2|Kingambit, L50, F|\n|poke|p2|Maushold-Four, L50|\n|teampreview|4\n|j| whistlejacket17\n|\n|t:|1776726914\n|teamsize|p1|4\n|teamsize|p2|4\n|start\n|switch|p1a: Aerodactyl|Aerodactyl, L50, M, shiny|100/100\n|switch|p1b: Sylveon|Sylveon, L50, M, shiny|100/100\n|switch|p2a: Maushold|Maushold-Four, L50|100/100\n|switch|p2b: Floette|Floette-Eternal, L50, F|100/100\n|-ability|p1a: Aerodactyl|Unnerve\n|turn|1\n|j| IGN Careless\n|\n|t:|1776726932\n|detailschange|p2b: Floette|Floette-Mega, L50, F\n|-mega|p2b: Floette|Floette|Floettite\n|-ability|p2b: Floette|Fairy Aura\n|move|p1a: Aerodactyl|Tailwind|p1a: Aerodactyl\n|-sidestart|p1: udamg|move: Tailwind\n|move|p1b: Sylveon|Hyper Voice|p2b: Floette|[spread] p2a,p2b\n|-damage|p2a: Maushold|36/100\n|-damage|p2b: Floette|62/100\n|move|p2a: Maushold|Super Fang|p1b: Sylveon\n|-damage|p1b: Sylveon|51/100\n|move|p2b: Floette|Moonblast|p1b: Sylveon\n|-damage|p1b: Sylveon|0 fnt\n|faint|p1b: Sylveon\n|\n|upkeep\n|\n|t:|1776726947\n|switch|p1b: Scovillain|Scovillain, L50, M, shiny|100/100\n|turn|2\n|\n|t:|1776726960\n|detailschange|p1b: Scovillain|Scovillain-Mega, L50, M, shiny\n|-mega|p1b: Scovillain|Scovillain|Scovillainite\n|move|p2a: Maushold|Protect|p2a: Maushold\n|-singleturn|p2a: Maushold|Protect\n|move|p2b: Floette|Protect|p2b: Floette\n|-singleturn|p2b: Floette|Protect\n|move|p1a: Aerodactyl|Dual Wingbeat|p2a: Maushold\n|-activate|p2a: Maushold|move: Protect\n|move|p1b: Scovillain|Leech Seed|p2b: Floette\n|-activate|p2b: Floette|move: Protect\n|\n|upkeep\n|turn|3\n|\n|t:|1776726974\n|move|p2a: Maushold|Follow Me|p2a: Maushold\n|-singleturn|p2a: Maushold|move: Follow Me\n|move|p1a: Aerodactyl|Rock Slide|p2b: Floette|[spread] p2a,p2b\n|-damage|p2a: Maushold|10/100\n|-damage|p2b: Floette|43/100\n|move|p1b: Scovillain|Leech Seed|p2a: Maushold\n|-start|p2a: Maushold|move: Leech Seed\n|move|p2b: Floette|Dazzling Gleam|p1a: Aerodactyl|[spread] p1a,p1b\n|-resisted|p1b: Scovillain|1\n|-damage|p1a: Aerodactyl|29/100\n|-damage|p1b: Scovillain|74/100\n|-status|p2b: Floette|brn|[from] ability: Spicy Spray|[of] p1b: Scovillain\n|\n|-damage|p2a: Maushold|0 fnt|[from] Leech Seed|[of] p1b: Scovillain\n|-heal|p1b: Scovillain|85/100|[silent]\n|faint|p2a: Maushold\n|-damage|p2b: Floette|37/100 brn|[from] brn\n|upkeep\n|\n|t:|1776726985\n|switch|p2a: Garchomp|Garchomp, L50, F|100/100\n|turn|4\n|\n|t:|1776727001\n|move|p1a: Aerodactyl|Dual Wingbeat|p2b: Floette\n|-damage|p2b: Floette|17/100 brn\n|-damage|p2b: Floette|0 fnt\n|faint|p2b: Floette\n|-hitcount|p2: Floette|2\n|move|p1b: Scovillain|Leech Seed|p2a: Garchomp\n|-start|p2a: Garchomp|move: Leech Seed\n|move|p2a: Garchomp|Rock Slide|p1a: Aerodactyl|[spread] p1a,p1b\n|-supereffective|p1a: Aerodactyl|1\n|-supereffective|p1b: Scovillain|1\n|-damage|p1a: Aerodactyl|0 fnt\n|-damage|p1b: Scovillain|50/100\n|-status|p2a: Garchomp|brn|[from] ability: Spicy Spray|[of] p1b: Scovillain\n|-enditem|p2a: Garchomp|Lum Berry|[eat]\n|-curestatus|p2a: Garchomp|brn|[msg]\n|faint|p1a: Aerodactyl\n|\n|-damage|p2a: Garchomp|88/100|[from] Leech Seed|[of] p1b: Scovillain\n|-heal|p1b: Scovillain|63/100|[silent]\n|-sideend|p1: udamg|move: Tailwind\n|upkeep\n|\n|t:|1776727012\n|switch|p1a: Basculegion|Basculegion, L50, M, shiny|100/100\n|switch|p2b: Kingambit|Kingambit, L50, F|100/100\n|turn|5\n|\n|t:|1776727017\n|move|p2a: Garchomp|Protect|p2a: Garchomp\n|-singleturn|p2a: Garchomp|Protect\n|move|p1a: Basculegion|Protect|p1a: Basculegion\n|-singleturn|p1a: Basculegion|Protect\n|move|p1b: Scovillain|Protect|p1b: Scovillain\n|-singleturn|p1b: Scovillain|Protect\n|move|p2b: Kingambit|Kowtow Cleave|p1a: Basculegion\n|-activate|p1a: Basculegion|move: Protect\n|\n|-damage|p2a: Garchomp|76/100|[from] Leech Seed|[of] p1b: Scovillain\n|-heal|p1b: Scovillain|77/100|[silent]\n|upkeep\n|turn|6\n|j| plusminus0\n|\n|t:|1776727038\n|move|p2b: Kingambit|Sucker Punch||[still]\n|-fail|p2b: Kingambit\n|move|p2a: Garchomp|Rock Slide|p1a: Basculegion|[spread] p1a,p1b\n|-supereffective|p1b: Scovillain|1\n|-damage|p1a: Basculegion|80/100\n|-damage|p1b: Scovillain|43/100\n|-status|p2a: Garchomp|brn|[from] ability: Spicy Spray|[of] p1b: Scovillain\n|move|p1a: Basculegion|Substitute|p1a: Basculegion\n|-start|p1a: Basculegion|Substitute\n|-damage|p1a: Basculegion|55/100\n|move|p1b: Scovillain|Overheat|p2b: Kingambit\n|-supereffective|p2b: Kingambit|1\n|-damage|p2b: Kingambit|0 fnt\n|-unboost|p1b: Scovillain|spa|2\n|faint|p2b: Kingambit\n|\n|-damage|p2a: Garchomp|64/100 brn|[from] Leech Seed|[of] p1b: Scovillain\n|-heal|p1b: Scovillain|56/100|[silent]\n|-damage|p2a: Garchomp|58/100 brn|[from] brn\n|upkeep\n|turn|7\n|-message|SDLT 2KRL SWM forfeited.\n|\n|win|udamg\n|raw|udamg's rating: 1717 &rarr; <strong>1733</strong><br />(+16 for winning)\n|raw|SDLT 2KRL SWM's rating: 1639 &rarr; <strong>1623</strong><br />(-16 for losing)\n|l|\u2606SDLT 2KRL SWM\n|player|p2|\n|l| IGN Careless\n",
  "uploadtime": 1776727153,
  "views": 14,
  "formatid": "gen9championsvgc2026regma",
  "rating": 1623,
  "private": 0,
  "password": null
}