{
  "id": "gen9championsvgc2026regma-2587520548",
  "format": "[Gen 9 Champions] VGC 2026 Reg M-A",
  "players": [
    "The Jagged Queen",
    "Kaicyios"
  ],
  "log": "|j|\u203dThe Jagged Queen\n|j|\u2606Kaicyios\n|t:|1776538871\n|gametype|doubles\n|player|p1|The Jagged Queen|caitlin|1125\n|player|p2|Kaicyios|102|1090\n|gen|9\n|tier|[Gen 9 Champions] VGC 2026 Reg M-A\n|rated|\n|rule|Species Clause: Limit one of each Pok\u00e9mon\n|rule|Item Clause: Limit 1 of each item\n|clearpoke\n|poke|p1|Pelipper, L50, F|\n|poke|p1|Meganium, L50, F|\n|poke|p1|Incineroar, L50, F|\n|poke|p1|Archaludon, L50, F|\n|poke|p1|Basculegion, L50, M|\n|poke|p1|Sneasler, L50, F|\n|poke|p2|Meganium, L50, M|\n|poke|p2|Incineroar, L50, M|\n|poke|p2|Pelipper, L50, F|\n|poke|p2|Excadrill, L50, M|\n|poke|p2|Aerodactyl, L50, F|\n|poke|p2|Starmie, L50|\n|teampreview|4\n|\n|t:|1776538933\n|teamsize|p1|4\n|teamsize|p2|4\n|start\n|switch|p1a: Pelipper|Pelipper, L50, F|100/100\n|switch|p1b: Incineroar|Incineroar, L50, F|100/100\n|switch|p2a: Aerodactyl|Aerodactyl, L50, F|100/100\n|switch|p2b: Excadrill|Excadrill, L50, M|100/100\n|-ability|p2a: Aerodactyl|Unnerve\n|-ability|p2b: Excadrill|Mold Breaker\n|-weather|RainDance|[from] ability: Drizzle|[of] p1a: Pelipper\n|-ability|p1b: Incineroar|Intimidate|boost\n|-unboost|p2a: Aerodactyl|atk|1\n|-unboost|p2b: Excadrill|atk|1\n|turn|1\n|\n|t:|1776538961\n|move|p1b: Incineroar|Fake Out|p2a: Aerodactyl\n|-resisted|p2a: Aerodactyl|1\n|-damage|p2a: Aerodactyl|92/100\n|cant|p2a: Aerodactyl|flinch\n|move|p2b: Excadrill|Stomping Tantrum|p1b: Incineroar\n|-supereffective|p1b: Incineroar|1\n|-damage|p1b: Incineroar|49/100\n|move|p1a: Pelipper|Tailwind|p1a: Pelipper\n|-sidestart|p1: The Jagged Queen|move: Tailwind\n|\n|-weather|RainDance|[upkeep]\n|upkeep\n|turn|2\n|\n|t:|1776538990\n|switch|p2b: Meganium|Meganium, L50, M|100/100\n|move|p2a: Aerodactyl|Tailwind|p2a: Aerodactyl\n|-sidestart|p2: Kaicyios|move: Tailwind\n|move|p1a: Pelipper|Weather Ball|p2a: Aerodactyl\n|-supereffective|p2a: Aerodactyl|1\n|-damage|p2a: Aerodactyl|0 fnt\n|-enditem|p1b: Incineroar|Sitrus Berry|[eat]\n|-heal|p1b: Incineroar|74/100|[from] item: Sitrus Berry\n|faint|p2a: Aerodactyl\n|move|p1b: Incineroar|Parting Shot|p2b: Meganium\n|-unboost|p2b: Meganium|atk|1\n|-unboost|p2b: Meganium|spa|1\n|\n|t:|1776539004\n|switch|p1b: Meganium|Meganium, L50, F|100/100|[from] Parting Shot\n|\n|-weather|RainDance|[upkeep]\n|upkeep\n|\n|t:|1776539011\n|switch|p2a: Incineroar|Incineroar, L50, M|100/100\n|-ability|p2a: Incineroar|Intimidate|boost\n|-unboost|p1a: Pelipper|atk|1\n|-unboost|p1b: Meganium|atk|1\n|turn|3\n|\n|t:|1776539030\n|switch|p2b: Excadrill|Excadrill, L50, M|100/100\n|-ability|p2b: Excadrill|Mold Breaker\n|detailschange|p1b: Meganium|Meganium-Mega, L50, F\n|-mega|p1b: Meganium|Meganium|Meganiumite\n|move|p1b: Meganium|Protect|p1b: Meganium\n|-singleturn|p1b: Meganium|Protect\n|move|p2a: Incineroar|Fake Out|p1b: Meganium\n|-activate|p1b: Meganium|move: Protect\n|move|p1a: Pelipper|Hurricane|p2b: Excadrill\n|-resisted|p2b: Excadrill|1\n|-damage|p2b: Excadrill|77/100\n|-start|p2b: Excadrill|confusion\n|\n|-weather|RainDance|[upkeep]\n|upkeep\n|turn|4\n|\n|t:|1776539072\n|switch|p1b: Incineroar|Incineroar, L50, F|74/100\n|-ability|p1b: Incineroar|Intimidate|boost\n|-unboost|p2a: Incineroar|atk|1\n|-unboost|p2b: Excadrill|atk|1\n|-activate|p2b: Excadrill|confusion\n|move|p2b: Excadrill|Iron Head|p1b: Incineroar\n|-resisted|p1b: Incineroar|1\n|-damage|p1b: Incineroar|63/100\n|move|p1a: Pelipper|Weather Ball|p2b: Excadrill\n|-supereffective|p2b: Excadrill|1\n|-damage|p2b: Excadrill|0 fnt\n|faint|p2b: Excadrill\n|move|p2a: Incineroar|Parting Shot|p1b: Incineroar\n|-unboost|p1b: Incineroar|atk|1\n|-unboost|p1b: Incineroar|spa|1\n|\n|t:|1776539087\n|switch|p2a: Meganium|Meganium, L50, M|100/100|[from] Parting Shot\n|\n|-weather|RainDance|[upkeep]\n|-sideend|p1: The Jagged Queen|move: Tailwind\n|upkeep\n|\n|t:|1776539093\n|switch|p2b: Incineroar|Incineroar, L50, M|100/100\n|-ability|p2b: Incineroar|Intimidate|boost\n|-unboost|p1a: Pelipper|atk|1\n|-unboost|p1b: Incineroar|atk|1\n|turn|5\n|\n|t:|1776539113\n|detailschange|p2a: Meganium|Meganium-Mega, L50, M\n|-mega|p2a: Meganium|Meganium|Meganiumite\n|move|p2b: Incineroar|Fake Out|p1a: Pelipper\n|-damage|p1a: Pelipper|92/100\n|move|p2a: Meganium|Dazzling Gleam|p1a: Pelipper|[spread] p1a,p1b\n|-damage|p1a: Pelipper|43/100\n|-damage|p1b: Incineroar|35/100\n|cant|p1a: Pelipper|flinch\n|move|p1b: Incineroar|Parting Shot|p2a: Meganium\n|-unboost|p2a: Meganium|atk|1\n|-unboost|p2a: Meganium|spa|1\n|\n|t:|1776539126\n|switch|p1b: Meganium|Meganium-Mega, L50, F|100/100|[from] Parting Shot\n|\n|-weather|none\n|-sideend|p2: Kaicyios|move: Tailwind\n|upkeep\n|turn|6\n|\n|t:|1776539144\n|move|p1b: Meganium|Protect|p1b: Meganium\n|-singleturn|p1b: Meganium|Protect\n|move|p2a: Meganium|Protect|p2a: Meganium\n|-singleturn|p2a: Meganium|Protect\n|move|p1a: Pelipper|Tailwind|p1a: Pelipper\n|-sidestart|p1: The Jagged Queen|move: Tailwind\n|move|p2b: Incineroar|Flare Blitz|p1b: Meganium\n|-activate|p1b: Meganium|move: Protect\n|\n|upkeep\n|turn|7\n|\n|t:|1776539165\n|switch|p1a: Incineroar|Incineroar, L50, F|35/100\n|-ability|p1a: Incineroar|Intimidate|boost\n|-unboost|p2a: Meganium|atk|1\n|-unboost|p2b: Incineroar|atk|1\n|move|p1b: Meganium|Weather Ball|p2a: Meganium\n|-supereffective|p2a: Meganium|1\n|-damage|p2a: Meganium|15/100\n|move|p2a: Meganium|Solar Beam||[still]\n|-prepare|p2a: Meganium|Solar Beam\n|-activate|p2a: Meganium|ability: Mega Sol\n|-anim|p2a: Meganium|Solar Beam|p1a: Incineroar\n|-resisted|p1a: Incineroar|1\n|-damage|p1a: Incineroar|16/100\n|move|p2b: Incineroar|Flare Blitz|p1b: Meganium\n|-supereffective|p1b: Meganium|1\n|-damage|p1b: Meganium|45/100\n|-damage|p2b: Incineroar|84/100|[from] Recoil\n|\n|upkeep\n|turn|8\n|\n|t:|1776539199\n|move|p1a: Incineroar|Fake Out|p2b: Incineroar\n|-damage|p2b: Incineroar|73/100\n|move|p1b: Meganium|Dazzling Gleam|p2b: Incineroar|[spread] p2a,p2b\n|-damage|p2a: Meganium|0 fnt\n|-damage|p2b: Incineroar|52/100\n|faint|p2a: Meganium\n|cant|p2b: Incineroar|flinch\n|\n|upkeep\n|turn|9\n|\n|t:|1776539214\n|switch|p1a: Pelipper|Pelipper, L50, F|43/100\n|-weather|RainDance|[from] ability: Drizzle|[of] p1a: Pelipper\n|move|p1b: Meganium|Dazzling Gleam|p2b: Incineroar\n|-damage|p2b: Incineroar|22/100\n|-enditem|p2b: Incineroar|Sitrus Berry|[eat]\n|-heal|p2b: Incineroar|47/100|[from] item: Sitrus Berry\n|move|p2b: Incineroar|Flare Blitz|p1b: Meganium\n|-supereffective|p1b: Meganium|1\n|-damage|p1b: Meganium|18/100\n|-damage|p2b: Incineroar|38/100|[from] Recoil\n|\n|-weather|RainDance|[upkeep]\n|-sideend|p1: The Jagged Queen|move: Tailwind\n|upkeep\n|turn|10\n|-message|Kaicyios forfeited.\n|\n|win|The Jagged Queen\n|raw|The Jagged Queen's rating: 1125 &rarr; <strong>1147</strong><br />(+22 for winning)\n|raw|Kaicyios's rating: 1090 &rarr; <strong>1069</strong><br />(-21 for losing)\n|l|\u2606Kaicyios\n|player|p2|\n",
  "uploadtime": 1776539228,
  "views": 19,
  "formatid": "gen9championsvgc2026regma",
  "rating": 1069,
  "private": 0,
  "password": null
}