{
  "id": "gen9championsvgc2026regma-2585392289",
  "format": "[Gen 9 Champions] VGC 2026 Reg M-A",
  "players": [
    "dkapflzksh",
    "FreeSharkFood"
  ],
  "log": "|j|\u2606dkapflzksh\n|j|\u2606FreeSharkFood\n|t:|1776343895\n|gametype|doubles\n|player|p1|dkapflzksh|scientist-gen4dp|1437\n|player|p2|FreeSharkFood|hilbert|1507\n|gen|9\n|tier|[Gen 9 Champions] VGC 2026 Reg M-A\n|rated|\n|rule|Species Clause: Limit one of each Pok\u00e9mon\n|rule|Item Clause: Limit 1 of each item\n|clearpoke\n|poke|p1|Basculegion, L50, M|\n|poke|p1|Dragonite, L50, F|\n|poke|p1|Archaludon, L50, M|\n|poke|p1|Incineroar, L50, M|\n|poke|p1|Pelipper, L50, F|\n|poke|p1|Excadrill, L50, F|\n|poke|p2|Froslass, L50, F|\n|poke|p2|Sneasler, L50, M|\n|poke|p2|Kingambit, L50, F|\n|poke|p2|Arcanine-Hisui, L50, F|\n|poke|p2|Primarina, L50, M|\n|poke|p2|Sinistcha, L50|\n|teampreview|4\n|j| Choklit Milk\n|l| Choklit Milk\n|inactive|Battle timer is ON: inactive players will automatically lose when time's up. (requested by dkapflzksh)\n|\n|t:|1776343944\n|teamsize|p1|4\n|teamsize|p2|4\n|start\n|switch|p1a: Pelipper|Pelipper, L50, F, shiny|100/100\n|switch|p1b: Basculegion|Basculegion, L50, M, shiny|100/100\n|switch|p2a: Froslass|Froslass, L50, F|100/100\n|switch|p2b: Kingambit|Kingambit, L50, F|100/100\n|-weather|RainDance|[from] ability: Drizzle|[of] p1a: Pelipper\n|turn|1\n|inactive|dkapflzksh has 30 seconds left.\n|\n|t:|1776343970\n|switch|p1b: Excadrill|Excadrill, L50, F, shiny|100/100\n|detailschange|p2a: Froslass|Froslass-Mega, L50, F\n|-mega|p2a: Froslass|Froslass|Froslassite\n|-weather|Snowscape|[from] ability: Snow Warning|[of] p2a: Froslass\n|move|p2b: Kingambit|Sucker Punch||[still]\n|-fail|p2b: Kingambit\n|move|p2a: Froslass|Aurora Veil|p2a: Froslass\n|-sidestart|p2: FreeSharkFood|move: Aurora Veil\n|move|p1a: Pelipper|Tailwind|p1a: Pelipper\n|-sidestart|p1: dkapflzksh|move: Tailwind\n|\n|-weather|Snowscape|[upkeep]\n|upkeep\n|turn|2\n|inactive|dkapflzksh has 30 seconds left.\n|\n|t:|1776344004\n|switch|p1a: Archaludon|Archaludon, L50, M, shiny|100/100\n|detailschange|p1b: Excadrill|Excadrill-Mega, L50, F, shiny\n|-mega|p1b: Excadrill|Excadrill|Excadrite\n|move|p1b: Excadrill|Iron Head|p2a: Froslass\n|-supereffective|p2a: Froslass|1\n|-damage|p2a: Froslass|32/100\n|cant|p2a: Froslass|flinch\n|move|p2b: Kingambit|Swords Dance|p2b: Kingambit\n|-boost|p2b: Kingambit|atk|2\n|\n|-weather|Snowscape|[upkeep]\n|upkeep\n|turn|3\n|inactive|FreeSharkFood has 30 seconds left.\n|inactive|FreeSharkFood has 20 seconds left.\n|inactive|FreeSharkFood has 15 seconds left.\n|\n|t:|1776344046\n|switch|p2a: Sneasler|Sneasler, L50, M|100/100\n|move|p1a: Archaludon|Protect|p1a: Archaludon\n|-singleturn|p1a: Archaludon|Protect\n|move|p2b: Kingambit|Protect|p2b: Kingambit\n|-singleturn|p2b: Kingambit|Protect\n|move|p1b: Excadrill|Earthquake|p2a: Sneasler|[spread] p2a\n|-activate|p1a: Archaludon|move: Protect\n|-activate|p2b: Kingambit|move: Protect\n|-supereffective|p2a: Sneasler|1\n|-enditem|p2a: Sneasler|Focus Sash\n|-damage|p2a: Sneasler|1/100\n|\n|-weather|Snowscape|[upkeep]\n|upkeep\n|turn|4\n|inactive|dkapflzksh has 30 seconds left.\n|inactive|dkapflzksh has 20 seconds left.\n|\n|t:|1776344083\n|switch|p1b: Basculegion|Basculegion, L50, M, shiny|100/100\n|move|p2b: Kingambit|Sucker Punch|p1a: Archaludon\n|-damage|p1a: Archaludon|21/100\n|-ability|p1a: Archaludon|Stamina|boost\n|-boost|p1a: Archaludon|def|1\n|move|p2a: Sneasler|Close Combat|p1b: Basculegion\n|-immune|p1b: Basculegion\n|move|p1a: Archaludon|Aura Sphere|p2b: Kingambit\n|-supereffective|p2b: Kingambit|2\n|-damage|p2b: Kingambit|39/100\n|\n|-weather|Snowscape|[upkeep]\n|-heal|p1a: Archaludon|27/100|[from] item: Leftovers\n|-sideend|p1: dkapflzksh|move: Tailwind\n|upkeep\n|turn|5\n|\n|t:|1776344110\n|move|p2a: Sneasler|Protect|p2a: Sneasler\n|-singleturn|p2a: Sneasler|Protect\n|move|p1b: Basculegion|Aqua Jet|p2a: Sneasler\n|-activate|p2a: Sneasler|move: Protect\n|move|p2b: Kingambit|Sucker Punch|p1a: Archaludon\n|-damage|p1a: Archaludon|0 fnt\n|faint|p1a: Archaludon\n|\n|-weather|none\n|-sideend|p2: FreeSharkFood|move: Aurora Veil\n|upkeep\n|\n|t:|1776344123\n|switch|p1a: Excadrill|Excadrill-Mega, L50, F, shiny|100/100\n|turn|6\n|inactive|dkapflzksh has 30 seconds left.\n|inactive|FreeSharkFood has 30 seconds left.\n|\n|t:|1776344157\n|move|p2b: Kingambit|Protect|p2b: Kingambit\n|-singleturn|p2b: Kingambit|Protect\n|move|p1b: Basculegion|Aqua Jet|p2b: Kingambit\n|-activate|p2b: Kingambit|move: Protect\n|move|p2a: Sneasler|Dire Claw|p1b: Basculegion\n|-resisted|p1b: Basculegion|1\n|-damage|p1b: Basculegion|76/100\n|move|p1a: Excadrill|Earthquake|p2b: Kingambit|[spread] p1b,p2a\n|-activate|p2b: Kingambit|move: Protect\n|-supereffective|p2a: Sneasler|1\n|-damage|p1b: Basculegion|22/100\n|-damage|p2a: Sneasler|0 fnt\n|faint|p2a: Sneasler\n|\n|upkeep\n|\n|t:|1776344172\n|switch|p2a: Froslass|Froslass-Mega, L50, F|32/100\n|-weather|Snowscape|[from] ability: Snow Warning|[of] p2a: Froslass\n|turn|7\n|\n|t:|1776344187\n|switch|p1b: Pelipper|Pelipper, L50, F, shiny|100/100\n|-weather|RainDance|[from] ability: Drizzle|[of] p1b: Pelipper\n|move|p2b: Kingambit|Sucker Punch|p1a: Excadrill\n|-damage|p1a: Excadrill|0 fnt\n|faint|p1a: Excadrill\n|move|p2a: Froslass|Blizzard|p1b: Pelipper|[miss]\n|-miss|p2a: Froslass|p1b: Pelipper\n|\n|-weather|RainDance|[upkeep]\n|upkeep\n|\n|t:|1776344196\n|switch|p1a: Basculegion|Basculegion, L50, M, shiny|22/100\n|turn|8\n|\n|t:|1776344213\n|move|p1a: Basculegion|Aqua Jet|p2b: Kingambit\n|-crit|p2b: Kingambit\n|-damage|p2b: Kingambit|0 fnt\n|faint|p2b: Kingambit\n|move|p2a: Froslass|Shadow Ball|p1a: Basculegion\n|-supereffective|p1a: Basculegion|1\n|-damage|p1a: Basculegion|0 fnt\n|faint|p1a: Basculegion\n|move|p1b: Pelipper|Weather Ball|p2a: Froslass\n|-damage|p2a: Froslass|0 fnt\n|faint|p2a: Froslass\n|\n|-weather|RainDance|[upkeep]\n|upkeep\n|\n|t:|1776344216\n|switch|p2b: Primarina|Primarina, L50, M|100/100\n|turn|9\n|\n|t:|1776344231\n|move|p2b: Primarina|Protect|p2b: Primarina\n|-singleturn|p2b: Primarina|Protect\n|move|p1b: Pelipper|Hurricane|p2b: Primarina\n|-activate|p2b: Primarina|move: Protect\n|\n|-weather|RainDance|[upkeep]\n|upkeep\n|turn|10\n|\n|t:|1776344238\n|move|p1b: Pelipper|Hurricane|p2b: Primarina\n|-damage|p2b: Primarina|65/100\n|-start|p2b: Primarina|confusion\n|-activate|p2b: Primarina|confusion\n|-damage|p2b: Primarina|58/100|[from] confusion\n|\n|-weather|RainDance|[upkeep]\n|upkeep\n|turn|11\n|\n|t:|1776344243\n|-activate|p2b: Primarina|confusion\n|move|p2b: Primarina|Protect|p2b: Primarina\n|-singleturn|p2b: Primarina|Protect\n|move|p1b: Pelipper|Tailwind|p1b: Pelipper\n|-sidestart|p1: dkapflzksh|move: Tailwind\n|\n|-weather|none\n|upkeep\n|turn|12\n|j| thatsaltyguy\n|\n|t:|1776344248\n|move|p1b: Pelipper|Hurricane|p2b: Primarina|[miss]\n|-miss|p1b: Pelipper|p2b: Primarina\n|-activate|p2b: Primarina|confusion\n|-damage|p2b: Primarina|51/100|[from] confusion\n|\n|upkeep\n|turn|13\n|l| thatsaltyguy\n|\n|t:|1776344254\n|move|p1b: Pelipper|Hurricane|p2b: Primarina|[miss]\n|-miss|p1b: Pelipper|p2b: Primarina\n|-end|p2b: Primarina|confusion\n|move|p2b: Primarina|Moonblast|p1b: Pelipper\n|-damage|p1b: Pelipper|24/100\n|\n|upkeep\n|turn|14\n|\n|t:|1776344264\n|move|p1b: Pelipper|Hurricane|p2b: Primarina|[miss]\n|-miss|p1b: Pelipper|p2b: Primarina\n|move|p2b: Primarina|Moonblast|p1b: Pelipper\n|-damage|p1b: Pelipper|0 fnt\n|faint|p1b: Pelipper\n|\n|win|FreeSharkFood\n|raw|dkapflzksh's rating: 1437 &rarr; <strong>1421</strong><br />(-16 for losing)\n|raw|FreeSharkFood's rating: 1507 &rarr; <strong>1523</strong><br />(+16 for winning)\n",
  "uploadtime": 1776344265,
  "views": 30,
  "formatid": "gen9championsvgc2026regma",
  "rating": 1421,
  "private": 0,
  "password": null
}