{
  "id": "gen9championsvgc2026regma-2582882964",
  "format": "[Gen 9 Champions] VGC 2026 Reg M-A",
  "players": [
    "noir0083",
    "L_Yami_H"
  ],
  "log": "|j|\u2606noir0083\n|j|\u2606L_Yami_H\n|t:|1776121791\n|gametype|doubles\n|player|p1|noir0083|misty|1136\n|player|p2|L_Yami_H|ghetsis|1166\n|gen|9\n|tier|[Gen 9 Champions] VGC 2026 Reg M-A\n|rated|\n|rule|Species Clause: Limit one of each Pok\u00e9mon\n|rule|Item Clause: Limit 1 of each item\n|clearpoke\n|poke|p1|Corviknight, L50, F|\n|poke|p1|Starmie, L50|\n|poke|p1|Tyranitar, L50, F|\n|poke|p1|Bellibolt, L50, M|\n|poke|p1|Rotom-Heat, L50|\n|poke|p1|Mimikyu, L50, F|\n|poke|p2|Sableye, L50, M|\n|poke|p2|Victreebel, L50, F|\n|poke|p2|Araquanid, L50, F|\n|poke|p2|Wyrdeer, L50, M|\n|poke|p2|Torkoal, L50, M|\n|poke|p2|Kingambit, L50, M|\n|teampreview|4\n|inactive|Battle timer is ON: inactive players will automatically lose when time's up. (requested by noir0083)\n|inactive|L_Yami_H has 60 seconds left.\n|\n|t:|1776121841\n|teamsize|p1|4\n|teamsize|p2|4\n|start\n|switch|p1a: Corviknight|Corviknight, L50, F|100/100\n|switch|p1b: Bellibolt|Bellibolt, L50, M|100/100\n|switch|p2a: Baret|Victreebel, L50, F, shiny|100/100\n|switch|p2b: Krakatoa|Torkoal, L50, M|100/100\n|-weather|SunnyDay|[from] ability: Drought|[of] p2b: Krakatoa\n|turn|1\n|\n|t:|1776121868\n|detailschange|p2a: Baret|Victreebel-Mega, L50, F, shiny\n|-mega|p2a: Baret|Victreebel|Victreebelite\n|move|p1a: Corviknight|Protect|p1a: Corviknight\n|-singleturn|p1a: Corviknight|Protect\n|move|p2a: Baret|Sleep Powder|p1b: Bellibolt|[miss]\n|-miss|p2a: Baret|p1b: Bellibolt\n|move|p1b: Bellibolt|Muddy Water|p2a: Baret|[spread] p2a,p2b\n|-resisted|p2a: Baret|1\n|-supereffective|p2b: Krakatoa|1\n|-damage|p2a: Baret|96/100\n|-damage|p2b: Krakatoa|74/100\n|move|p2b: Krakatoa|Eruption|p1b: Bellibolt|[spread] p1b\n|-activate|p1a: Corviknight|move: Protect\n|-damage|p1b: Bellibolt|40/100\n|-start|p1b: Bellibolt|Charge|Eruption|[from] ability: Electromorphosis\n|\n|-weather|SunnyDay|[upkeep]\n|upkeep\n|turn|2\n|\n|t:|1776121891\n|switch|p1a: Rotom|Rotom-Heat, L50|100/100\n|move|p2a: Baret|Sleep Powder|p1b: Bellibolt\n|-status|p1b: Bellibolt|slp|[from] move: Sleep Powder\n|cant|p1b: Bellibolt|slp\n|-end|p1b: Bellibolt|Charge|[silent]\n|move|p2b: Krakatoa|Flamethrower|p1a: Rotom\n|-resisted|p1a: Rotom|1\n|-damage|p1a: Rotom|66/100\n|\n|-weather|SunnyDay|[upkeep]\n|upkeep\n|turn|3\n|\n|t:|1776121908\n|move|p2a: Baret|Sludge Bomb|p1b: Bellibolt\n|-damage|p1b: Bellibolt|0 fnt\n|faint|p1b: Bellibolt\n|move|p1a: Rotom|Overheat|p2a: Baret\n|-supereffective|p2a: Baret|1\n|-damage|p2a: Baret|0 fnt\n|-unboost|p1a: Rotom|spa|2\n|-damage|p1a: Rotom|0 fnt|[from] ability: Innards Out|[of] p2a: Baret\n|faint|p2a: Baret\n|faint|p1a: Rotom\n|move|p2b: Krakatoa|Flamethrower|p1: Rotom|[notarget]\n|-fail|p2b: Krakatoa\n|\n|-weather|SunnyDay|[upkeep]\n|upkeep\n|\n|t:|1776121920\n|switch|p2a: Yami|Sableye, L50, M|100/100\n|switch|p1a: Starmie|Starmie, L50|100/100\n|switch|p1b: Corviknight|Corviknight, L50, F|100/100\n|turn|4\n|\n|t:|1776121931\n|detailschange|p1a: Starmie|Starmie-Mega, L50\n|-mega|p1a: Starmie|Starmie|Starminite\n|move|p2a: Yami|Fake Out|p1a: Starmie\n|-damage|p1a: Starmie|88/100\n|cant|p1a: Starmie|flinch\n|move|p1b: Corviknight|Tailwind|p1b: Corviknight\n|-sidestart|p1: noir0083|move: Tailwind\n|move|p2b: Krakatoa|Flamethrower|p1b: Corviknight\n|-supereffective|p1b: Corviknight|1\n|-damage|p1b: Corviknight|0 fnt\n|faint|p1b: Corviknight\n|\n|-weather|SunnyDay|[upkeep]\n|upkeep\n|turn|5\n|\n|t:|1776121949\n|move|p2a: Yami|Skill Swap|p1a: Starmie\n|-activate|p2a: Yami|Skill Swap|Huge Power|Prankster|[of] p1a: Starmie\n|move|p1a: Starmie|Liquidation|p2b: Krakatoa\n|-supereffective|p2b: Krakatoa|1\n|-damage|p2b: Krakatoa|40/100\n|move|p2b: Krakatoa|Flamethrower|p1a: Starmie\n|-resisted|p1a: Starmie|1\n|-damage|p1a: Starmie|43/100\n|\n|-weather|none\n|upkeep\n|turn|6\n|\n|t:|1776121964\n|move|p2a: Yami|Sucker Punch|p1a: Starmie\n|-supereffective|p1a: Starmie|1\n|-damage|p1a: Starmie|0 fnt\n|faint|p1a: Starmie\n|\n|win|L_Yami_H\n|raw|noir0083's rating: 1136 &rarr; <strong>1113</strong><br />(-23 for losing)\n|raw|L_Yami_H's rating: 1166 &rarr; <strong>1189</strong><br />(+23 for winning)\n",
  "uploadtime": 1776121969,
  "views": 16,
  "formatid": "gen9championsvgc2026regma",
  "rating": 1113,
  "private": 0,
  "password": null
}