{
  "id": "gen9championsvgc2026regma-2582356467",
  "format": "[Gen 9 Champions] VGC 2026 Reg M-A",
  "players": [
    "TheTurtlePerson6",
    "Yashinon"
  ],
  "log": "|j|\u2606TheTurtlePerson6\n|j|\u2606Yashinon\n|t:|1776086031\n|gametype|doubles\n|player|p1|TheTurtlePerson6|scientist-gen4dp|1374\n|player|p2|Yashinon|266|1345\n|gen|9\n|tier|[Gen 9 Champions] VGC 2026 Reg M-A\n|rated|\n|rule|Species Clause: Limit one of each Pok\u00e9mon\n|rule|Item Clause: Limit 1 of each item\n|clearpoke\n|poke|p1|Aggron, L50, M|\n|poke|p1|Sinistcha, L50|\n|poke|p1|Incineroar, L50, F|\n|poke|p1|Tyranitar, L50, M|\n|poke|p1|Glimmora, L50, F|\n|poke|p1|Aerodactyl, L50, M|\n|poke|p2|Gengar, L50, F|\n|poke|p2|Incineroar, L50, F|\n|poke|p2|Politoed, L50, M|\n|poke|p2|Archaludon, L50, M|\n|poke|p2|Sinistcha-Masterpiece, L50|\n|poke|p2|Primarina, L50, F|\n|teampreview|4\n|inactive|Battle timer is ON: inactive players will automatically lose when time's up. (requested by TheTurtlePerson6)\nTheTurtlePerson6 has agreed to open team sheets.\n|c|\u2606TheTurtlePerson6|Awfully perish shaped team ngl\n|inactive|TheTurtlePerson6 has 60 seconds left.\n|j| jasonrfry\n|\n|t:|1776086071\n|teamsize|p1|4\n|teamsize|p2|4\n|start\n|switch|p1a: Aerodactyl|Aerodactyl, L50, M|100/100\n|switch|p1b: Tyranitar|Tyranitar, L50, M|100/100\n|switch|p2a: Sinistcha|Sinistcha-Masterpiece, L50|100/100\n|switch|p2b: Primarina|Primarina, L50, F|100/100\n|-ability|p1a: Aerodactyl|Unnerve\n|-weather|Sandstorm|[from] ability: Sand Stream|[of] p1b: Tyranitar\n|turn|1\n|l| jasonrfry\n|inactive|Yashinon has 30 seconds left.\n|\n|t:|1776086097\n|detailschange|p1a: Aerodactyl|Aerodactyl-Mega, L50, M\n|-mega|p1a: Aerodactyl|Aerodactyl|Aerodactylite\n|move|p2b: Primarina|Protect|p2b: Primarina\n|-singleturn|p2b: Primarina|Protect\n|move|p1a: Aerodactyl|Taunt|p2b: Primarina\n|-activate|p2b: Primarina|move: Protect\n|move|p1b: Tyranitar|Knock Off|p2a: Sinistcha\n|-supereffective|p2a: Sinistcha|1\n|-damage|p2a: Sinistcha|18/100\n|-enditem|p2a: Sinistcha|Focus Sash|[from] move: Knock Off|[of] p1b: Tyranitar\n|move|p2a: Sinistcha|Trick Room|p2a: Sinistcha\n|-fieldstart|move: Trick Room|[of] p2a: Sinistcha\n|\n|-weather|Sandstorm|[upkeep]\n|-damage|p2b: Primarina|95/100|[from] Sandstorm\n|-damage|p2a: Sinistcha|12/100|[from] Sandstorm\n|upkeep\n|turn|2\n|inactive|TheTurtlePerson6 has 30 seconds left.\n|inactive|Yashinon has 30 seconds left.\n|inactive|TheTurtlePerson6 has 20 seconds left.\n|\n|t:|1776086135\n|move|p2b: Primarina|Hyper Voice|p1a: Aerodactyl|[spread] p1a,p1b\n|-supereffective|p1a: Aerodactyl|1\n|-supereffective|p1b: Tyranitar|1\n|-damage|p1a: Aerodactyl|30/100\n|-damage|p1b: Tyranitar|47/100\n|move|p1b: Tyranitar|Rock Slide|p2b: Primarina|[spread] p2a,p2b\n|-damage|p2a: Sinistcha|0 fnt\n|-damage|p2b: Primarina|65/100\n|faint|p2a: Sinistcha\n|move|p1a: Aerodactyl|Dual Wingbeat|p2b: Primarina\n|-damage|p2b: Primarina|32/100\n|-damage|p2b: Primarina|0 fnt\n|faint|p2b: Primarina\n|-hitcount|p2: Primarina|2\n|\n|-weather|Sandstorm|[upkeep]\n|upkeep\n|\n|t:|1776086155\n|switch|p2b: Gengar|Gengar, L50, F|100/100\n|switch|p2a: Politoed|Politoed, L50, M|100/100\n|-weather|RainDance|[from] ability: Drizzle|[of] p2a: Politoed\n|turn|3\n|c|\u2606TheTurtlePerson6|I got perishbaited\n|c|\u2606TheTurtlePerson6|Is it intentional btw?\n|inactive|Yashinon has 30 seconds left.\n|inactive|Yashinon has 20 seconds left.\n|inactive|Yashinon has 15 seconds left.\n|inactive|Yashinon has 10 seconds left.\n|inactive|Yashinon has 5 seconds left.\n|\n|t:|1776086206\n|switch|p1a: Incineroar|Incineroar, L50, F|100/100\n|-ability|p1a: Incineroar|Intimidate|boost\n|-unboost|p2a: Politoed|atk|1\n|-unboost|p2b: Gengar|atk|1\n|move|p1b: Tyranitar|Knock Off|p2b: Gengar\n|-supereffective|p2b: Gengar|1\n|-damage|p2b: Gengar|13/100\n|move|p2a: Politoed|Weather Ball|p1b: Tyranitar\n|-supereffective|p1b: Tyranitar|1\n|-crit|p1b: Tyranitar\n|-damage|p1b: Tyranitar|0 fnt\n|faint|p1b: Tyranitar\n|move|p2b: Gengar|Shadow Ball|p1a: Incineroar\n|-resisted|p1a: Incineroar|1\n|-crit|p1a: Incineroar\n|-damage|p1a: Incineroar|78/100\n|\n|-weather|RainDance|[upkeep]\n|upkeep\n|\n|t:|1776086218\n|switch|p1b: Glimmora|Glimmora, L50, F|100/100\n|turn|4\n|inactive|Yashinon has 30 seconds left.\n|\n|t:|1776086250\n|detailschange|p2b: Gengar|Gengar-Mega, L50, F\n|-mega|p2b: Gengar|Gengar|Gengarite\n|move|p2a: Politoed|Protect|p2a: Politoed\n|-singleturn|p2a: Politoed|Protect\n|move|p2b: Gengar|Protect|p2b: Gengar\n|-singleturn|p2b: Gengar|Protect\n|move|p1a: Incineroar|Fake Out|p2a: Politoed\n|-activate|p2a: Politoed|move: Protect\n|move|p1b: Glimmora|Earth Power|p2b: Gengar\n|-activate|p2b: Gengar|move: Protect\n|\n|-weather|RainDance|[upkeep]\n|upkeep\n|turn|5\n|inactive|Yashinon has 30 seconds left.\n|inactive|TheTurtlePerson6 has 30 seconds left.\n|\n|t:|1776086286\n|move|p1a: Incineroar|Darkest Lariat|p2b: Gengar\n|-supereffective|p2b: Gengar|1\n|-damage|p2b: Gengar|0 fnt\n|faint|p2b: Gengar\n|move|p2a: Politoed|Weather Ball|p1a: Incineroar\n|-supereffective|p1a: Incineroar|1\n|-crit|p1a: Incineroar\n|-damage|p1a: Incineroar|0 fnt\n|faint|p1a: Incineroar\n|move|p1b: Glimmora|Earth Power|p2a: Politoed\n|-damage|p2a: Politoed|75/100\n|\n|-weather|RainDance|[upkeep]\n|-fieldend|move: Trick Room\n|upkeep\n|\n|t:|1776086293\n|switch|p1a: Aerodactyl|Aerodactyl-Mega, L50, M|30/100\n|turn|6\n|\n|t:|1776086302\n|move|p1a: Aerodactyl|Dual Wingbeat|p2a: Politoed\n|-damage|p2a: Politoed|49/100\n|-enditem|p2a: Politoed|Sitrus Berry|[eat]\n|-heal|p2a: Politoed|74/100|[from] item: Sitrus Berry\n|-damage|p2a: Politoed|49/100\n|-hitcount|p2a: Politoed|2\n|move|p1b: Glimmora|Sludge Bomb|p2a: Politoed\n|-damage|p2a: Politoed|12/100\n|move|p2a: Politoed|Weather Ball|p1b: Glimmora\n|-supereffective|p1b: Glimmora|1\n|-enditem|p1b: Glimmora|Focus Sash\n|-damage|p1b: Glimmora|1/100\n|\n|-weather|RainDance|[upkeep]\n|upkeep\n|turn|7\n|\n|t:|1776086320\n|move|p1a: Aerodactyl|Dual Wingbeat|p2a: Politoed\n|-damage|p2a: Politoed|0 fnt\n|faint|p2a: Politoed\n|-hitcount|p2: Politoed|1\n|\n|win|TheTurtlePerson6\n|raw|TheTurtlePerson6's rating: 1374 &rarr; <strong>1392</strong><br />(+18 for winning)\n|raw|Yashinon's rating: 1345 &rarr; <strong>1327</strong><br />(-18 for losing)\n|c|\u2606TheTurtlePerson6|Gg\n|l|\u2606Yashinon\n|player|p2|\n",
  "uploadtime": 1776086328,
  "views": 22,
  "formatid": "gen9championsvgc2026regma",
  "rating": 1327,
  "private": 0,
  "password": null
}