{
  "id": "gen9championsvgc2026regma-2587713584",
  "format": "[Gen 9 Champions] VGC 2026 Reg M-A",
  "players": [
    "fathomforce",
    "JemJar"
  ],
  "log": "|j|\u2606fathomforce\n|j|\u2606JemJar\n|t:|1776556546\n|gametype|doubles\n|player|p1|fathomforce|plasmagrunt|1071\n|player|p2|JemJar|169|1050\n|gen|9\n|tier|[Gen 9 Champions] VGC 2026 Reg M-A\n|rated|\n|rule|Species Clause: Limit one of each Pok\u00e9mon\n|rule|Item Clause: Limit 1 of each item\n|clearpoke\n|poke|p1|Glimmora, L50, F|\n|poke|p1|Whimsicott, L50, M|\n|poke|p1|Incineroar, L50, F|\n|poke|p1|Garchomp, L50, M|\n|poke|p1|Rotom-Wash, L50|\n|poke|p1|Sneasler, L50, F|\n|poke|p2|Delphox, L50, M|\n|poke|p2|Floette-Eternal, L50, F|\n|poke|p2|Maushold, L50|\n|poke|p2|Aerodactyl, L50, M|\n|poke|p2|Garchomp, L50, F|\n|poke|p2|Incineroar, L50, M|\n|teampreview|4\n|\n|t:|1776556576\n|teamsize|p1|4\n|teamsize|p2|4\n|start\n|switch|p1a: Whimsicott|Whimsicott, L50, M|100/100\n|switch|p1b: Glimmora|Glimmora, L50, F|100/100\n|switch|p2a: Floette|Floette-Eternal, L50, F|100/100\n|switch|p2b: Aerodactyl|Aerodactyl, L50, M|100/100\n|turn|1\n|\n|t:|1776556597\n|detailschange|p2a: Floette|Floette-Mega, L50, F\n|-mega|p2a: Floette|Floette|Floettite\n|-ability|p2a: Floette|Fairy Aura\n|move|p1b: Glimmora|Spiky Shield|p1b: Glimmora\n|-singleturn|p1b: Glimmora|move: Protect\n|move|p2a: Floette|Protect|p2a: Floette\n|-singleturn|p2a: Floette|Protect\n|move|p1a: Whimsicott|Tailwind|p1a: Whimsicott\n|-sidestart|p1: fathomforce|move: Tailwind\n|move|p2b: Aerodactyl|Tailwind|p2b: Aerodactyl\n|-sidestart|p2: JemJar|move: Tailwind\n|\n|upkeep\n|turn|2\n|\n|t:|1776556640\n|switch|p2b: Maushold|Maushold, L50|100/100\n|detailschange|p1b: Glimmora|Glimmora-Mega, L50, F\n|-mega|p1b: Glimmora|Glimmora|Glimmoranite\n|move|p1a: Whimsicott|Encore||[still]\n|-fail|p1a: Whimsicott\n|move|p1b: Glimmora|Sludge Bomb|p2a: Floette\n|-supereffective|p2a: Floette|1\n|-damage|p2a: Floette|27/100\n|move|p2a: Floette|Dazzling Gleam|p1b: Glimmora|[spread] p1a,p1b\n|-resisted|p1b: Glimmora|1\n|-damage|p1a: Whimsicott|39/100\n|-damage|p1b: Glimmora|72/100\n|\n|upkeep\n|turn|3\n|\n|t:|1776556661\n|move|p2b: Maushold|Follow Me|p2b: Maushold\n|-singleturn|p2b: Maushold|move: Follow Me\n|move|p1a: Whimsicott|Fake Tears|p2b: Maushold\n|-unboost|p2b: Maushold|spd|2\n|move|p1b: Glimmora|Sludge Bomb|p2b: Maushold\n|-damage|p2b: Maushold|0 fnt\n|faint|p2b: Maushold\n|move|p2a: Floette|Draining Kiss|p1a: Whimsicott\n|-damage|p1a: Whimsicott|0 fnt\n|-heal|p2a: Floette|54/100|[from] drain|[of] p1a: Whimsicott\n|faint|p1a: Whimsicott\n|\n|upkeep\n|\n|t:|1776556676\n|switch|p2b: Aerodactyl|Aerodactyl, L50, M|100/100\n|switch|p1a: Incineroar|Incineroar, L50, F|100/100\n|-ability|p1a: Incineroar|Intimidate|boost\n|-unboost|p2a: Floette|atk|1\n|-unboost|p2b: Aerodactyl|atk|1\n|turn|4\n|\n|t:|1776556693\n|move|p2a: Floette|Protect|p2a: Floette\n|-singleturn|p2a: Floette|Protect\n|move|p2b: Aerodactyl|Rock Slide|p1b: Glimmora|[spread] p1a,p1b\n|-supereffective|p1a: Incineroar|1\n|-damage|p1a: Incineroar|73/100\n|-damage|p1b: Glimmora|51/100\n|move|p1b: Glimmora|Power Gem|p2b: Aerodactyl\n|-supereffective|p2b: Aerodactyl|1\n|-enditem|p2b: Aerodactyl|Focus Sash\n|-damage|p2b: Aerodactyl|1/100\n|move|p1a: Incineroar|Parting Shot|p2a: Floette\n|-activate|p2a: Floette|move: Protect\n|\n|-sideend|p2: JemJar|move: Tailwind\n|-sideend|p1: fathomforce|move: Tailwind\n|upkeep\n|turn|5\n|\n|t:|1776556718\n|move|p2b: Aerodactyl|Tailwind|p2b: Aerodactyl\n|-sidestart|p2: JemJar|move: Tailwind\n|move|p2a: Floette|Draining Kiss|p1a: Incineroar\n|-damage|p1a: Incineroar|39/100\n|-heal|p2a: Floette|84/100|[from] drain|[of] p1a: Incineroar\n|-enditem|p1a: Incineroar|Sitrus Berry|[eat]\n|-heal|p1a: Incineroar|63/100|[from] item: Sitrus Berry\n|move|p1b: Glimmora|Sludge Bomb|p2a: Floette\n|-supereffective|p2a: Floette|1\n|-crit|p2a: Floette\n|-damage|p2a: Floette|0 fnt\n|faint|p2a: Floette\n|move|p1a: Incineroar|Parting Shot|p2b: Aerodactyl\n|-unboost|p2b: Aerodactyl|atk|1\n|-unboost|p2b: Aerodactyl|spa|1\n|\n|t:|1776556732\n|switch|p1a: Garchomp|Garchomp, L50, M|100/100|[from] Parting Shot\n|\n|upkeep\n|\n|t:|1776556736\n|switch|p2a: Incineroar|Incineroar, L50, M|100/100\n|-ability|p2a: Incineroar|Intimidate|boost\n|-unboost|p1a: Garchomp|atk|1\n|-unboost|p1b: Glimmora|atk|1\n|turn|6\n|\n|t:|1776556749\n|move|p1a: Garchomp|Protect|p1a: Garchomp\n|-singleturn|p1a: Garchomp|Protect\n|move|p1b: Glimmora|Spiky Shield|p1b: Glimmora\n|-singleturn|p1b: Glimmora|move: Protect\n|move|p2a: Incineroar|Fake Out|p1b: Glimmora\n|-activate|p1b: Glimmora|move: Protect\n|-damage|p2a: Incineroar|88/100|[from] Spiky Shield|[of] p1b: Glimmora\n|move|p2b: Aerodactyl|Rock Slide|p1a: Garchomp|[spread] \n|-activate|p1a: Garchomp|move: Protect\n|-activate|p1b: Glimmora|move: Protect\n|\n|upkeep\n|turn|7\n|\n|t:|1776556768\n|switch|p1a: Incineroar|Incineroar, L50, F|63/100\n|-ability|p1a: Incineroar|Intimidate|boost\n|-unboost|p2a: Incineroar|atk|1\n|-unboost|p2b: Aerodactyl|atk|1\n|move|p2b: Aerodactyl|Rock Slide|p1a: Incineroar|[spread] p1a,p1b\n|-supereffective|p1a: Incineroar|1\n|-damage|p1a: Incineroar|48/100\n|-damage|p1b: Glimmora|40/100\n|cant|p1b: Glimmora|flinch\n|move|p2a: Incineroar|Throat Chop|p1b: Glimmora\n|-damage|p1b: Glimmora|19/100\n|-start|p1b: Glimmora|Throat Chop|[silent]\n|\n|upkeep\n|turn|8\n|\n|t:|1776556791\n|move|p1a: Incineroar|Fake Out|p2b: Aerodactyl\n|-resisted|p2b: Aerodactyl|1\n|-damage|p2b: Aerodactyl|0 fnt\n|faint|p2b: Aerodactyl\n|move|p1b: Glimmora|Power Gem|p2a: Incineroar\n|-supereffective|p2a: Incineroar|1\n|-damage|p2a: Incineroar|0 fnt\n|faint|p2a: Incineroar\n|\n|win|fathomforce\n|raw|fathomforce's rating: 1071 &rarr; <strong>1099</strong><br />(+28 for winning)\n|raw|JemJar's rating: 1050 &rarr; <strong>1034</strong><br />(-16 for losing)\n|l|\u2606JemJar\n|player|p2|\n",
  "uploadtime": 1776556801,
  "views": 16,
  "formatid": "gen9championsvgc2026regma",
  "rating": 1034,
  "private": 0,
  "password": null
}