{
  "id": "gen9championsvgc2026regma-2588601566",
  "format": "[Gen 9 Champions] VGC 2026 Reg M-A",
  "players": [
    "Jim's Esports",
    "sdlt 2krl coolguy"
  ],
  "log": "|raw|<div class=\"broadcast-blue\"><strong>This battle is required to be public due to a player having a name starting with 'sdlt'.</div>\n|j|\u2606Jim's Esports\n|j|\u2606sdlt 2krl coolguy\n|t:|1776649037\n|gametype|doubles\n|player|p1|Jim's Esports|zinnia|1441\n|player|p2|sdlt 2krl coolguy|leon-masters2|1360\n|gen|9\n|tier|[Gen 9 Champions] VGC 2026 Reg M-A\n|rated|\n|rule|Species Clause: Limit one of each Pok\u00e9mon\n|rule|Item Clause: Limit 1 of each item\n|clearpoke\n|poke|p1|Gardevoir, L50, M|\n|poke|p1|Incineroar, L50, M|\n|poke|p1|Sinistcha, L50|\n|poke|p1|Rotom-Wash, L50|\n|poke|p1|Tyranitar, L50, M|\n|poke|p1|Conkeldurr, L50, F|\n|poke|p2|Floette-Eternal, L50, F|\n|poke|p2|Incineroar, L50, F|\n|poke|p2|Sinistcha, L50|\n|poke|p2|Garchomp, L50, F|\n|poke|p2|Sneasler, L50, F|\n|poke|p2|Kingambit, L50, M|\n|teampreview|4\n|inactive|Battle timer is ON: inactive players will automatically lose when time's up. (requested by sdlt 2krl coolguy)\n|\n|t:|1776649064\n|teamsize|p1|4\n|teamsize|p2|4\n|start\n|switch|p1a: Gardevoir|Gardevoir, L50, M|100/100\n|switch|p1b: Sinistcha|Sinistcha, L50|100/100\n|switch|p2a: Floette|Floette-Eternal, L50, F|100/100\n|switch|p2b: Incineroar|Incineroar, L50, F|100/100\n|-ability|p1a: Gardevoir|Intimidate|Trace|[from] ability: Trace|[of] p2b: Incineroar\n|-ability|p1a: Gardevoir|Intimidate|boost\n|-unboost|p2a: Floette|atk|1\n|-unboost|p2b: Incineroar|atk|1\n|-ability|p2b: Incineroar|Intimidate|boost\n|-unboost|p1a: Gardevoir|atk|1\n|-unboost|p1b: Sinistcha|atk|1\n|turn|1\n|inactive|Jim's Esports has 30 seconds left.\n|\n|t:|1776649092\n|switch|p1a: Incineroar|Incineroar, L50, M|100/100\n|-ability|p1a: Incineroar|Intimidate|boost\n|-unboost|p2a: Floette|atk|1\n|-unboost|p2b: Incineroar|atk|1\n|detailschange|p2a: Floette|Floette-Mega, L50, F\n|-mega|p2a: Floette|Floette|Floettite\n|-ability|p2a: Floette|Fairy Aura\n|move|p2a: Floette|Calm Mind|p2a: Floette\n|-boost|p2a: Floette|spa|1\n|-boost|p2a: Floette|spd|1\n|move|p2b: Incineroar|Parting Shot|p1a: Incineroar\n|-unboost|p1a: Incineroar|atk|1\n|-unboost|p1a: Incineroar|spa|1\n|\n|t:|1776649101\n|switch|p2b: Sinistcha|Sinistcha, L50|100/100|[from] Parting Shot\n|move|p1b: Sinistcha|Trick Room|p1b: Sinistcha\n|-fieldstart|move: Trick Room|[of] p1b: Sinistcha\n|\n|upkeep\n|turn|2\n|\n|t:|1776649109\n|switch|p2b: Incineroar|Incineroar, L50, F|100/100\n|-ability|p2b: Incineroar|Intimidate|boost\n|-unboost|p1a: Incineroar|atk|1\n|-unboost|p1b: Sinistcha|atk|1\n|move|p1a: Incineroar|Parting Shot|p2a: Floette\n|-unboost|p2a: Floette|atk|1\n|-unboost|p2a: Floette|spa|1\n|\n|t:|1776649114\n|switch|p1a: Gardevoir|Gardevoir, L50, M|100/100|[from] Parting Shot\n|-ability|p1a: Gardevoir|Fairy Aura|Trace|[from] ability: Trace|[of] p2a: Floette\n|-ability|p1a: Gardevoir|Fairy Aura\n|move|p1b: Sinistcha|Matcha Gotcha|p2a: Floette|[spread] p2a\n|-miss|p1b: Sinistcha|p2b: Incineroar\n|-crit|p2a: Floette\n|-damage|p2a: Floette|75/100\n|move|p2a: Floette|Dazzling Gleam|p1b: Sinistcha|[spread] p1a,p1b\n|-damage|p1a: Gardevoir|58/100\n|-damage|p1b: Sinistcha|49/100\n|\n|upkeep\n|turn|3\n|inactive|Jim's Esports has 30 seconds left.\n|\n|t:|1776649140\n|move|p1a: Gardevoir|Protect|p1a: Gardevoir\n|-singleturn|p1a: Gardevoir|Protect\n|move|p2b: Incineroar|Fake Out|p1a: Gardevoir\n|-activate|p1a: Gardevoir|move: Protect\n|move|p1b: Sinistcha|Life Dew|p1b: Sinistcha|[spread] p1a,p1b\n|-heal|p1a: Gardevoir|83/100\n|-heal|p1b: Sinistcha|75/100\n|move|p2a: Floette|Dazzling Gleam|p1b: Sinistcha|[spread] p1b\n|-activate|p1a: Gardevoir|move: Protect\n|-damage|p1b: Sinistcha|20/100\n|\n|upkeep\n|turn|4\n|inactive|Jim's Esports has 30 seconds left.\n|inactive|Jim's Esports has 20 seconds left.\n|\n|t:|1776649180\n|detailschange|p1a: Gardevoir|Gardevoir-Mega, L50, M\n|-mega|p1a: Gardevoir|Gardevoir|Gardevoirite\n|move|p1b: Sinistcha|Rage Powder|p1b: Sinistcha\n|-singleturn|p1b: Sinistcha|move: Rage Powder\n|move|p2b: Incineroar|Parting Shot|p1b: Sinistcha\n|-unboost|p1b: Sinistcha|atk|1\n|-unboost|p1b: Sinistcha|spa|1\n|\n|t:|1776649189\n|switch|p2b: Sinistcha|Sinistcha, L50|100/100|[from] Parting Shot\n|-heal|p2a: Floette|99/100|[from] ability: Hospitality|[of] p2b: Sinistcha\n|move|p1a: Gardevoir|Hyper Voice|p2b: Sinistcha|[spread] p2a,p2b\n|-damage|p2a: Floette|72/100\n|-damage|p2b: Sinistcha|39/100\n|-enditem|p2b: Sinistcha|Sitrus Berry|[eat]\n|-heal|p2b: Sinistcha|64/100|[from] item: Sitrus Berry\n|move|p2a: Floette|Calm Mind|p2a: Floette\n|-boost|p2a: Floette|spa|1\n|-boost|p2a: Floette|spd|1\n|\n|upkeep\n|turn|5\n|\n|t:|1776649206\n|switch|p1b: Incineroar|Incineroar, L50, M|100/100\n|-ability|p1b: Incineroar|Intimidate|boost\n|-unboost|p2a: Floette|atk|1\n|-unboost|p2b: Sinistcha|atk|1\n|move|p2b: Sinistcha|Life Dew|p2b: Sinistcha|[spread] p2a,p2b\n|-heal|p2a: Floette|97/100\n|-heal|p2b: Sinistcha|89/100\n|move|p1a: Gardevoir|Hyper Voice|p2a: Floette|[spread] p2a,p2b\n|-damage|p2a: Floette|72/100\n|-damage|p2b: Sinistcha|34/100\n|move|p2a: Floette|Dazzling Gleam|p1b: Incineroar|[spread] p1a,p1b\n|-damage|p1a: Gardevoir|24/100\n|-damage|p1b: Incineroar|42/100\n|-enditem|p1b: Incineroar|Sitrus Berry|[eat]\n|-heal|p1b: Incineroar|67/100|[from] item: Sitrus Berry\n|\n|-fieldend|move: Trick Room\n|upkeep\n|turn|6\n|\n|t:|1776649227\n|switch|p2b: Incineroar|Incineroar, L50, F|100/100\n|-ability|p2b: Incineroar|Intimidate|boost\n|-unboost|p1a: Gardevoir|atk|1\n|-unboost|p1b: Incineroar|atk|1\n|move|p2a: Floette|Protect|p2a: Floette\n|-singleturn|p2a: Floette|Protect\n|move|p1b: Incineroar|Fake Out|p2a: Floette\n|-activate|p2a: Floette|move: Protect\n|move|p1a: Gardevoir|Hyper Voice|p2b: Incineroar|[spread] p2b\n|-activate|p2a: Floette|move: Protect\n|-damage|p2b: Incineroar|39/100\n|\n|upkeep\n|turn|7\n|\n|t:|1776649240\n|switch|p2b: Sinistcha|Sinistcha, L50|34/100\n|-heal|p2a: Floette|97/100|[from] ability: Hospitality|[of] p2b: Sinistcha\n|switch|p1b: Sinistcha|Sinistcha, L50|20/100\n|-heal|p1a: Gardevoir|48/100|[from] ability: Hospitality|[of] p1b: Sinistcha\n|move|p1a: Gardevoir|Protect|p1a: Gardevoir\n|-singleturn|p1a: Gardevoir|Protect\n|move|p2a: Floette|Dazzling Gleam|p1b: Sinistcha|[spread] p1b\n|-activate|p1a: Gardevoir|move: Protect\n|-damage|p1b: Sinistcha|0 fnt\n|faint|p1b: Sinistcha\n|\n|upkeep\n|\n|t:|1776649248\n|switch|p1b: Incineroar|Incineroar, L50, M|67/100\n|-ability|p1b: Incineroar|Intimidate|boost\n|-unboost|p2a: Floette|atk|1\n|-unboost|p2b: Sinistcha|atk|1\n|turn|8\n|\n|t:|1776649251\n|switch|p2b: Incineroar|Incineroar, L50, F|39/100\n|-ability|p2b: Incineroar|Intimidate|boost\n|-unboost|p1a: Gardevoir|atk|1\n|-unboost|p1b: Incineroar|atk|1\n|move|p1b: Incineroar|Fake Out|p2a: Floette\n|-damage|p2a: Floette|88/100\n|cant|p2a: Floette|flinch\n|move|p1a: Gardevoir|Trick Room|p1a: Gardevoir\n|-fieldstart|move: Trick Room|[of] p1a: Gardevoir\n|\n|upkeep\n|turn|9\n|\n|t:|1776649259\n|move|p1a: Gardevoir|Protect|p1a: Gardevoir\n|-singleturn|p1a: Gardevoir|Protect\n|move|p2b: Incineroar|Fake Out|p1a: Gardevoir\n|-activate|p1a: Gardevoir|move: Protect\n|move|p1b: Incineroar|Parting Shot|p2a: Floette\n|-unboost|p2a: Floette|atk|1\n|-unboost|p2a: Floette|spa|1\n|\n|t:|1776649265\n|switch|p1b: Conkeldurr|Conkeldurr, L50, F|100/100|[from] Parting Shot\n|move|p2a: Floette|Dazzling Gleam|p1a: Gardevoir|[spread] p1b\n|-activate|p1a: Gardevoir|move: Protect\n|-supereffective|p1b: Conkeldurr|1\n|-damage|p1b: Conkeldurr|0 fnt\n|faint|p1b: Conkeldurr\n|\n|upkeep\n|-message|Jim's Esports forfeited.\n|\n|win|sdlt 2krl coolguy\n|raw|Jim&apos;s Esports's rating: 1441 &rarr; <strong>1416</strong><br />(-25 for losing)\n|raw|sdlt 2krl coolguy's rating: 1360 &rarr; <strong>1385</strong><br />(+25 for winning)\n",
  "uploadtime": 1776649269,
  "views": 8,
  "formatid": "gen9championsvgc2026regma",
  "rating": 1385,
  "private": 0,
  "password": null
}