{
  "id": "gen9championsvgc2026regma-2580494482",
  "format": "[Gen 9 Champions] VGC 2026 Reg M-A",
  "players": [
    "E2 Magical girl",
    "tauro96"
  ],
  "log": "|j|\u2606E2 Magical girl\n|j|\u2606tauro96\n|t:|1775904703\n|gametype|doubles\n|player|p1|E2 Magical girl|lady|1015\n|player|p2|tauro96|unknown|1080\n|gen|9\n|tier|[Gen 9 Champions] VGC 2026 Reg M-A\n|rated|\n|rule|Species Clause: Limit one of each Pok\u00e9mon\n|rule|Item Clause: Limit 1 of each item\n|clearpoke\n|poke|p1|Azumarill, L50, F|\n|poke|p1|Farigiraf, L50, M|\n|poke|p1|Maushold-Four, L50|\n|poke|p1|Sinistcha-Masterpiece, L50|\n|poke|p1|Hawlucha, L50, M|\n|poke|p1|Vanilluxe, L50, M|\n|poke|p2|Manectric, L50, M|\n|poke|p2|Politoed, L50, F|\n|poke|p2|Aegislash, L50, M|\n|poke|p2|Basculegion, L50, M|\n|poke|p2|Meganium, L50, M|\n|poke|p2|Corviknight, L50, F|\n|teampreview|4\n|inactive|Battle timer is ON: inactive players will automatically lose when time's up. (requested by tauro96)\n|inactive|E2 Magical girl has 60 seconds left.\n|inactive|tauro96 has 60 seconds left.\n|\n|t:|1775904750\n|teamsize|p1|4\n|teamsize|p2|4\n|start\n|switch|p1a: Azumarill|Azumarill, L50, F|100/100\n|switch|p1b: Maushold|Maushold-Four, L50|100/100\n|switch|p2a: Manectric|Manectric, L50, M|100/100\n|switch|p2b: Basculegion|Basculegion, L50, M|100/100\n|turn|1\n|\n|t:|1775904769\n|detailschange|p2a: Manectric|Manectric-Mega, L50, M\n|-mega|p2a: Manectric|Manectric|Manectite\n|-ability|p2a: Manectric|Intimidate|boost\n|-unboost|p1a: Azumarill|atk|1\n|-unboost|p1b: Maushold|atk|1\n|move|p1b: Maushold|Follow Me|p1b: Maushold\n|-singleturn|p1b: Maushold|move: Follow Me\n|move|p2a: Manectric|Thunder|p1b: Maushold\n|-damage|p1b: Maushold|33/100\n|move|p2b: Basculegion|Flip Turn|p1b: Maushold\n|-crit|p1b: Maushold\n|-damage|p1b: Maushold|0 fnt\n|faint|p1b: Maushold\n|\n|t:|1775904782\n|switch|p2b: Aegislash|Aegislash, L50, M|100/100|[from] Flip Turn\n|move|p1a: Azumarill|Belly Drum|p1a: Azumarill\n|-damage|p1a: Azumarill|50/100\n|-setboost|p1a: Azumarill|atk|6|[from] move: Belly Drum\n|-enditem|p1a: Azumarill|Sitrus Berry|[eat]\n|-heal|p1a: Azumarill|75/100|[from] item: Sitrus Berry\n|\n|upkeep\n|\n|t:|1775904787\n|switch|p1b: Sinistcha|Sinistcha-Masterpiece, L50|100/100\n|-heal|p1a: Azumarill|100/100|[from] ability: Hospitality|[of] p1b: Sinistcha\n|turn|2\n|\n|t:|1775904805\n|move|p2a: Manectric|Protect|p2a: Manectric\n|-singleturn|p2a: Manectric|Protect\n|move|p1b: Sinistcha|Rage Powder|p1b: Sinistcha\n|-singleturn|p1b: Sinistcha|move: Rage Powder\n|-formechange|p2b: Aegislash|Aegislash-Blade|\n|move|p2b: Aegislash|Shadow Claw|p1b: Sinistcha\n|-supereffective|p1b: Sinistcha|1\n|-damage|p1b: Sinistcha|30/100\n|move|p1a: Azumarill|Play Rough|p2a: Manectric\n|-activate|p2a: Manectric|move: Protect\n|\n|-heal|p1b: Sinistcha|36/100|[from] item: Leftovers\n|upkeep\n|turn|3\n|\n|t:|1775904820\n|move|p1b: Sinistcha|Rage Powder|p1b: Sinistcha\n|-singleturn|p1b: Sinistcha|move: Rage Powder\n|move|p2a: Manectric|Volt Switch|p1b: Sinistcha\n|-resisted|p1b: Sinistcha|1\n|-damage|p1b: Sinistcha|20/100\n|\n|t:|1775904826\n|switch|p2a: Basculegion|Basculegion, L50, M|100/100|[from] Volt Switch\n|move|p2b: Aegislash|Shadow Claw|p1b: Sinistcha\n|-supereffective|p1b: Sinistcha|1\n|-damage|p1b: Sinistcha|0 fnt\n|faint|p1b: Sinistcha\n|move|p1a: Azumarill|Play Rough|p2a: Basculegion\n|-damage|p2a: Basculegion|0 fnt\n|faint|p2a: Basculegion\n|\n|upkeep\n|\n|t:|1775904837\n|switch|p2a: Manectric|Manectric-Mega, L50, M|100/100\n|switch|p1b: Vanilluxe|Vanilluxe, L50, M|100/100\n|-ability|p2a: Manectric|Intimidate|boost\n|-unboost|p1a: Azumarill|atk|1\n|-unboost|p1b: Vanilluxe|atk|1\n|-weather|Snowscape|[from] ability: Snow Warning|[of] p1b: Vanilluxe\n|turn|4\n|inactive|E2 Magical girl has 30 seconds left.\n|\n|t:|1775904875\n|switch|p2b: Politoed|Politoed, L50, F|100/100\n|-weather|RainDance|[from] ability: Drizzle|[of] p2b: Politoed\n|move|p2a: Manectric|Protect|p2a: Manectric\n|-singleturn|p2a: Manectric|Protect\n|move|p1a: Azumarill|Aqua Jet|p2a: Manectric\n|-activate|p2a: Manectric|move: Protect\n|move|p1b: Vanilluxe|Blizzard|p2a: Manectric|[spread] \n|-activate|p2a: Manectric|move: Protect\n|-miss|p1b: Vanilluxe|p2b: Politoed\n|\n|-weather|RainDance|[upkeep]\n|upkeep\n|turn|5\n|\n|t:|1775904889\n|switch|p2a: Aegislash|Aegislash, L50, M|100/100\n|move|p1a: Azumarill|Aqua Jet|p2a: Aegislash\n|-damage|p2a: Aegislash|0 fnt\n|faint|p2a: Aegislash\n|move|p1b: Vanilluxe|Blizzard|p2b: Politoed|[miss]\n|-miss|p1b: Vanilluxe|p2b: Politoed\n|move|p2b: Politoed|Weather Ball|p1b: Vanilluxe\n|-damage|p1b: Vanilluxe|37/100\n|\n|-weather|RainDance|[upkeep]\n|upkeep\n|\n|t:|1775904901\n|switch|p2a: Manectric|Manectric-Mega, L50, M|100/100\n|-ability|p2a: Manectric|Intimidate|boost\n|-unboost|p1a: Azumarill|atk|1\n|-unboost|p1b: Vanilluxe|atk|1\n|turn|6\n|\n|t:|1775904909\n|move|p1a: Azumarill|Aqua Jet|p2a: Manectric\n|-damage|p2a: Manectric|0 fnt\n|faint|p2a: Manectric\n|move|p1b: Vanilluxe|Blizzard|p2b: Politoed\n|-resisted|p2b: Politoed|1\n|-damage|p2b: Politoed|81/100\n|move|p2b: Politoed|Weather Ball|p1b: Vanilluxe\n|-damage|p1b: Vanilluxe|0 fnt\n|faint|p1b: Vanilluxe\n|\n|-weather|RainDance|[upkeep]\n|upkeep\n|turn|7\n|-message|tauro96 forfeited.\n|\n|win|E2 Magical girl\n|raw|E2 Magical girl's rating: 1015 &rarr; <strong>1060</strong><br />(+45 for winning)\n|raw|tauro96's rating: 1080 &rarr; <strong>1054</strong><br />(-26 for losing)\n|l|\u2606tauro96\n|player|p2|\n",
  "uploadtime": 1775904922,
  "views": 16,
  "formatid": "gen9championsvgc2026regma",
  "rating": 1054,
  "private": 0,
  "password": null
}