{
  "id": "gen9championsvgc2026regma-2587743821",
  "format": "[Gen 9 Champions] VGC 2026 Reg M-A",
  "players": [
    "littlebig18",
    "Anicredible"
  ],
  "log": "|j|\u2606littlebig18\n|j|\u2606Anicredible\n|t:|1776559593\n|gametype|doubles\n|player|p1|littlebig18|kukui|1000\n|player|p2|Anicredible|schoolkid-gen4|1077\n|gen|9\n|tier|[Gen 9 Champions] VGC 2026 Reg M-A\n|rated|\n|rule|Species Clause: Limit one of each Pok\u00e9mon\n|rule|Item Clause: Limit 1 of each item\n|clearpoke\n|poke|p1|Charizard, L50, F|\n|poke|p1|Garchomp, L50, M|\n|poke|p1|Sneasler, L50, M|\n|poke|p1|Venusaur, L50, F|\n|poke|p1|Typhlosion-Hisui, L50, M|\n|poke|p1|Kingambit, L50, F|\n|poke|p2|Kangaskhan, L50, F|\n|poke|p2|Sinistcha, L50|\n|poke|p2|Sneasler, L50, M|\n|poke|p2|Whimsicott, L50, M|\n|poke|p2|Corviknight, L50, F|\n|poke|p2|Primarina, L50, F|\n|teampreview|4\n|inactive|Battle timer is ON: inactive players will automatically lose when time's up. (requested by Anicredible)\n|inactive|littlebig18 has 60 seconds left.\n|inactive|Anicredible has 60 seconds left.\nAnicredible rejected open team sheets.\n|\n|t:|1776559651\n|teamsize|p1|4\n|teamsize|p2|4\n|start\n|switch|p1a: Charizard|Charizard, L50, F|100/100\n|switch|p1b: Sneasler|Sneasler, L50, M|100/100\n|switch|p2a: Kangaskhan|Kangaskhan, L50, F|100/100\n|switch|p2b: Sneasler|Sneasler, L50, M|100/100\n|turn|1\n|\n|t:|1776559665\n|move|p1b: Sneasler|Protect|p1b: Sneasler\n|-singleturn|p1b: Sneasler|Protect\n|move|p1a: Charizard|Protect|p1a: Charizard\n|-singleturn|p1a: Charizard|Protect\n|move|p2a: Kangaskhan|Fake Out|p1a: Charizard\n|-activate|p1a: Charizard|move: Protect\n|move|p2b: Sneasler|Coaching|p2a: Kangaskhan\n|-boost|p2a: Kangaskhan|atk|1\n|-boost|p2a: Kangaskhan|def|1\n|\n|upkeep\n|turn|2\n|\n|t:|1776559688\n|detailschange|p1a: Charizard|Charizard-Mega-Y, L50, F\n|-mega|p1a: Charizard|Charizard|Charizardite Y\n|-weather|SunnyDay|[from] ability: Drought|[of] p1a: Charizard\n|move|p2a: Kangaskhan|Protect|p2a: Kangaskhan\n|-singleturn|p2a: Kangaskhan|Protect\n|move|p1b: Sneasler|Close Combat|p2a: Kangaskhan\n|-activate|p2a: Kangaskhan|move: Protect\n|move|p2b: Sneasler|Close Combat|p1b: Sneasler\n|-resisted|p1b: Sneasler|1\n|-crit|p1b: Sneasler\n|-damage|p1b: Sneasler|25/100\n|-unboost|p2b: Sneasler|def|1\n|-unboost|p2b: Sneasler|spd|1\n|-enditem|p2b: Sneasler|White Herb\n|-clearnegativeboost|p2b: Sneasler|[silent]\n|move|p1a: Charizard|Heat Wave|p2a: Kangaskhan|[spread] p2b\n|-activate|p2a: Kangaskhan|move: Protect\n|-damage|p2b: Sneasler|18/100\n|\n|-weather|SunnyDay|[upkeep]\n|upkeep\n|turn|3\n|inactive|littlebig18 has 30 seconds left.\n|inactive|Anicredible has 30 seconds left.\n|inactive|Anicredible has 20 seconds left.\n|inactive|Anicredible has 15 seconds left.\n|inactive|Anicredible has 10 seconds left.\n|\n|t:|1776559735\n|detailschange|p2a: Kangaskhan|Kangaskhan-Mega, L50, F\n|-mega|p2a: Kangaskhan|Kangaskhan|Kangaskhanite\n|move|p2b: Sneasler|Close Combat|p1b: Sneasler\n|-resisted|p1b: Sneasler|1\n|-damage|p1b: Sneasler|0 fnt\n|-unboost|p2b: Sneasler|def|1\n|-unboost|p2b: Sneasler|spd|1\n|faint|p1b: Sneasler\n|move|p1a: Charizard|Weather Ball|p2a: Kangaskhan\n|-damage|p2a: Kangaskhan|25/100\n|move|p2a: Kangaskhan|Double-Edge|p1a: Charizard\n|-damage|p1a: Charizard|5/100\n|-damage|p1a: Charizard|0 fnt\n|faint|p1a: Charizard\n|-hitcount|p1: Charizard|2\n|-damage|p2a: Kangaskhan|0 fnt|[from] Recoil\n|faint|p2a: Kangaskhan\n|\n|-weather|SunnyDay|[upkeep]\n|upkeep\n|\n|t:|1776559753\n|switch|p1b: Garchomp|Garchomp, L50, M|100/100\n|switch|p1a: Venusaur|Venusaur, L50, F|100/100\n|switch|p2a: Whimsicott|Whimsicott, L50, M|100/100\n|turn|4\n|inactive|Anicredible has 30 seconds left.\n|\n|t:|1776559785\n|move|p2b: Sneasler|Dire Claw|p1a: Venusaur\n|-damage|p1a: Venusaur|44/100\n|move|p1a: Venusaur|Sludge Bomb|p2a: Whimsicott\n|-supereffective|p2a: Whimsicott|2\n|-enditem|p2a: Whimsicott|Focus Sash\n|-damage|p2a: Whimsicott|1/100\n|move|p2a: Whimsicott|Moonblast|p1b: Garchomp\n|-supereffective|p1b: Garchomp|1\n|-damage|p1b: Garchomp|25/100\n|move|p1b: Garchomp|Stomping Tantrum|p2a: Whimsicott\n|-resisted|p2a: Whimsicott|1\n|-damage|p2a: Whimsicott|0 fnt\n|faint|p2a: Whimsicott\n|\n|-weather|SunnyDay|[upkeep]\n|upkeep\n|\n|t:|1776559798\n|switch|p2a: Primarina|Primarina, L50, F|100/100\n|turn|5\n|inactive|Anicredible has 30 seconds left.\n|\n|t:|1776559828\n|move|p2b: Sneasler|Protect|p2b: Sneasler\n|-singleturn|p2b: Sneasler|Protect\n|move|p1a: Venusaur|Protect|p1a: Venusaur\n|-singleturn|p1a: Venusaur|Protect\n|move|p2a: Primarina|Protect|p2a: Primarina\n|-singleturn|p2a: Primarina|Protect\n|move|p1b: Garchomp|Earthquake|p2a: Primarina|[spread] \n|-activate|p1a: Venusaur|move: Protect\n|-activate|p2a: Primarina|move: Protect\n|-activate|p2b: Sneasler|move: Protect\n|\n|-weather|SunnyDay|[upkeep]\n|upkeep\n|turn|6\n|-message|littlebig18 forfeited.\n|\n|win|Anicredible\n|raw|littlebig18's rating: 1000 &rarr; <strong>1000</strong><br />(+0 for losing)\n|raw|Anicredible's rating: 1077 &rarr; <strong>1099</strong><br />(+22 for winning)\n|l|\u2606littlebig18\n|player|p1|\n",
  "uploadtime": 1776559840,
  "views": 12,
  "formatid": "gen9championsvgc2026regma",
  "rating": 1000,
  "private": 0,
  "password": null
}