{
  "id": "gen9championsvgc2026regma-2585761718",
  "format": "[Gen 9 Champions] VGC 2026 Reg M-A",
  "players": [
    "PYS_Max",
    "Disfrazdetigre"
  ],
  "log": "|j|\u2606PYS_Max\n|j|\u2606Disfrazdetigre\n|t:|1776368793\n|gametype|doubles\n|player|p1|PYS_Max|clay|1501\n|player|p2|Disfrazdetigre|2|1404\n|gen|9\n|tier|[Gen 9 Champions] VGC 2026 Reg M-A\n|rated|\n|rule|Species Clause: Limit one of each Pok\u00e9mon\n|rule|Item Clause: Limit 1 of each item\n|clearpoke\n|poke|p1|Kangaskhan, L50, F|\n|poke|p1|Milotic, L50, M|\n|poke|p1|Aegislash, L50, M|\n|poke|p1|Incineroar, L50, F|\n|poke|p1|Dragonite, L50, F|\n|poke|p1|Sneasler, L50, M|\n|poke|p2|Orthworm, L50, M|\n|poke|p2|Arcanine-Hisui, L50, M|\n|poke|p2|Medicham, L50, M|\n|poke|p2|Alakazam, L50, F|\n|poke|p2|Blastoise, L50, M|\n|poke|p2|Hydreigon, L50, M|\n|teampreview|4\n|\n|t:|1776368830\n|teamsize|p1|4\n|teamsize|p2|4\n|start\n|switch|p1a: Miloti\u0107|Milotic, L50, M|100/100\n|switch|p1b: Incineroar|Incineroar, L50, F|100/100\n|switch|p2a: Orthworm|Orthworm, L50, M|100/100\n|switch|p2b: Alakazam|Alakazam, L50, F|100/100\n|-ability|p1b: Incineroar|Intimidate|boost\n|-unboost|p2a: Orthworm|atk|1\n|-fail|p2b: Alakazam|unboost|Attack|[from] ability: Inner Focus|[of] p2b: Alakazam\n|turn|1\n|inactive|Battle timer is ON: inactive players will automatically lose when time's up. (requested by Disfrazdetigre)\n|\n|t:|1776368876\n|move|p2a: Orthworm|Helping Hand|p2b: Alakazam\n|-singleturn|p2b: Alakazam|Helping Hand|[of] p2a: Orthworm\n|move|p2b: Alakazam|Focus Blast|p1b: Incineroar|[miss]\n|-miss|p2b: Alakazam|p1b: Incineroar\n|move|p1a: Miloti\u0107|Scald|p2a: Orthworm\n|-damage|p2a: Orthworm|72/100\n|-status|p2a: Orthworm|brn\n|move|p1b: Incineroar|Throat Chop|p2b: Alakazam\n|-supereffective|p2b: Alakazam|1\n|-enditem|p2b: Alakazam|Focus Sash\n|-damage|p2b: Alakazam|1/100\n|-start|p2b: Alakazam|Throat Chop|[silent]\n|\n|-damage|p2a: Orthworm|65/100 brn|[from] brn\n|upkeep\n|turn|2\n|inactive|PYS_Max has 30 seconds left.\n|c|\u2606PYS_Max|honestly awesome\n|inactive|PYS_Max has 20 seconds left.\n|\n|t:|1776368914\n|switch|p1b: Sneasler|Sneasler, L50, M|100/100\n|move|p2b: Alakazam|Protect|p2b: Alakazam\n|-singleturn|p2b: Alakazam|Protect\n|move|p1a: Miloti\u0107|Icy Wind|p2b: Alakazam|[spread] p2a\n|-activate|p2b: Alakazam|move: Protect\n|-resisted|p2a: Orthworm|1\n|-damage|p2a: Orthworm|60/100 brn\n|-unboost|p2a: Orthworm|spe|1\n|move|p2a: Orthworm|Shed Tail|p2a: Orthworm\n|-start|p2a: Orthworm|Substitute|[from] move: Shed Tail\n|-damage|p2a: Orthworm|10/100 brn\n|-enditem|p2a: Orthworm|Sitrus Berry|[eat]\n|-heal|p2a: Orthworm|35/100 brn|[from] item: Sitrus Berry\n|c|\u2606Disfrazdetigre|Honestly, terrible\n|\n|t:|1776368928\n|switch|p2a: Blastoise|Blastoise, L50, M|100/100|[from] Shed Tail\n|\n|-end|p2b: Alakazam|Throat Chop|[silent]\n|upkeep\n|turn|3\n|inactive|PYS_Max has 30 seconds left.\n|\n|t:|1776368957\n|switch|p2b: Orthworm|Orthworm, L50, M|35/100 brn\n|move|p1b: Sneasler|Fake Out|p2b: Orthworm\n|-resisted|p2b: Orthworm|1\n|-damage|p2b: Orthworm|29/100 brn\n|move|p1a: Miloti\u0107|Icy Wind|p2b: Orthworm|[spread] p2a,p2b\n|-resisted|p2a: Blastoise|1\n|-activate|p2a: Blastoise|move: Substitute|[damage]\n|-resisted|p2b: Orthworm|1\n|-damage|p2b: Orthworm|25/100 brn\n|-unboost|p2b: Orthworm|spe|1\n|move|p2a: Blastoise|Shell Smash|p2a: Blastoise\n|-unboost|p2a: Blastoise|def|1\n|-unboost|p2a: Blastoise|spd|1\n|-boost|p2a: Blastoise|atk|2\n|-boost|p2a: Blastoise|spa|2\n|-boost|p2a: Blastoise|spe|2\n|-enditem|p2a: Blastoise|White Herb\n|-clearnegativeboost|p2a: Blastoise|[silent]\n|\n|-damage|p2b: Orthworm|19/100 brn|[from] brn\n|upkeep\n|turn|4\n|inactive|Disfrazdetigre has 30 seconds left.\n|\n|t:|1776368982\n|move|p2b: Orthworm|Helping Hand|p2a: Blastoise\n|-singleturn|p2a: Blastoise|Helping Hand|[of] p2b: Orthworm\n|move|p2a: Blastoise|Muddy Water|p1b: Sneasler|[spread] \n|-miss|p2a: Blastoise|p1a: Miloti\u0107\n|-miss|p2a: Blastoise|p1b: Sneasler\n|move|p1b: Sneasler|Close Combat|p2a: Blastoise\n|-end|p2a: Blastoise|Substitute\n|-unboost|p1b: Sneasler|def|1\n|-unboost|p1b: Sneasler|spd|1\n|move|p1a: Miloti\u0107|Icy Wind|p2b: Orthworm|[spread] p2a,p2b\n|-resisted|p2a: Blastoise|1\n|-resisted|p2b: Orthworm|1\n|-damage|p2a: Blastoise|95/100\n|-damage|p2b: Orthworm|13/100 brn\n|-unboost|p2a: Blastoise|spe|1\n|-unboost|p2b: Orthworm|spe|1\n|\n|-damage|p2b: Orthworm|7/100 brn|[from] brn\n|upkeep\n|turn|5\n|c|\u2606Disfrazdetigre|The fuck\n|c|\u2606PYS_Max|nah sorry\n|c|\u2606PYS_Max|this is crazy\n|inactive|PYS_Max has 30 seconds left.\n|inactive|Disfrazdetigre has 30 seconds left.\n|inactive|PYS_Max has 20 seconds left.\n|c|\u2606PYS_Max|hh worm seems really strong\n|inactive|PYS_Max has 15 seconds left.\n|inactive|PYS_Max has 10 seconds left.\n|\n|t:|1776369032\n|move|p2a: Blastoise|Protect|p2a: Blastoise\n|-singleturn|p2a: Blastoise|Protect\n|move|p1b: Sneasler|Close Combat|p2a: Blastoise\n|-activate|p2a: Blastoise|move: Protect\n|move|p1a: Miloti\u0107|Scald|p2b: Orthworm\n|-damage|p2b: Orthworm|0 fnt\n|faint|p2b: Orthworm\n|\n|upkeep\n|\n|t:|1776369045\n|switch|p2b: Hydreigon|Hydreigon, L50, M|100/100\n|turn|6\n|\n|t:|1776369058\n|move|p1b: Sneasler|Close Combat|p2b: Hydreigon\n|-supereffective|p2b: Hydreigon|1\n|-enditem|p2b: Hydreigon|Chople Berry|[eat]\n|-enditem|p2b: Hydreigon|Chople Berry|[weaken]\n|-damage|p2b: Hydreigon|43/100\n|-unboost|p1b: Sneasler|def|1\n|-unboost|p1b: Sneasler|spd|1\n|move|p2a: Blastoise|Muddy Water|p1a: Miloti\u0107|[spread] p1a,p1b\n|-resisted|p1a: Miloti\u0107|1\n|-damage|p1a: Miloti\u0107|79/100\n|-enditem|p1b: Sneasler|Focus Sash\n|-damage|p1b: Sneasler|1/100\n|-unboost|p1b: Sneasler|accuracy|1\n|move|p2b: Hydreigon|Tailwind|p2b: Hydreigon\n|-sidestart|p2: Disfrazdetigre|move: Tailwind\n|move|p1a: Miloti\u0107|Icy Wind|p2b: Hydreigon|[spread] p2a,p2b\n|-resisted|p2a: Blastoise|1\n|-supereffective|p2b: Hydreigon|1\n|-damage|p2a: Blastoise|91/100\n|-damage|p2b: Hydreigon|25/100\n|-unboost|p2a: Blastoise|spe|1\n|-unboost|p2b: Hydreigon|spe|1\n|\n|-heal|p1a: Miloti\u0107|85/100|[from] item: Leftovers\n|upkeep\n|turn|7\n|\n|t:|1776369082\n|move|p2b: Hydreigon|Protect|p2b: Hydreigon\n|-singleturn|p2b: Hydreigon|Protect\n|move|p1b: Sneasler|Close Combat|p2a: Blastoise\n|-damage|p2a: Blastoise|23/100\n|-unboost|p1b: Sneasler|def|1\n|-unboost|p1b: Sneasler|spd|1\n|move|p2a: Blastoise|Muddy Water|p1a: Miloti\u0107|[spread] p1a,p1b\n|-resisted|p1a: Miloti\u0107|1\n|-damage|p1a: Miloti\u0107|52/100\n|-damage|p1b: Sneasler|0 fnt\n|faint|p1b: Sneasler\n|move|p1a: Miloti\u0107|Icy Wind|p2a: Blastoise|[spread] p2a\n|-activate|p2b: Hydreigon|move: Protect\n|-resisted|p2a: Blastoise|1\n|-damage|p2a: Blastoise|18/100\n|-unboost|p2a: Blastoise|spe|1\n|\n|-heal|p1a: Miloti\u0107|58/100|[from] item: Leftovers\n|upkeep\n|\n|t:|1776369107\n|switch|p1b: Kangaskhan|Kangaskhan, L50, F|100/100\n|turn|8\n|\n|t:|1776369115\n|detailschange|p1b: Kangaskhan|Kangaskhan-Mega, L50, F\n|-mega|p1b: Kangaskhan|Kangaskhan|Kangaskhanite\n|move|p2a: Blastoise|Protect|p2a: Blastoise\n|-singleturn|p2a: Blastoise|Protect\n|move|p1b: Kangaskhan|Fake Out|p2a: Blastoise\n|-activate|p2a: Blastoise|move: Protect\n|move|p2b: Hydreigon|Draco Meteor|p1b: Kangaskhan|[miss]\n|-miss|p2b: Hydreigon|p1b: Kangaskhan\n|move|p1a: Miloti\u0107|Icy Wind|p2b: Hydreigon|[spread] p2b\n|-activate|p2a: Blastoise|move: Protect\n|-supereffective|p2b: Hydreigon|1\n|-damage|p2b: Hydreigon|6/100\n|-unboost|p2b: Hydreigon|spe|1\n|\n|-heal|p1a: Miloti\u0107|65/100|[from] item: Leftovers\n|upkeep\n|turn|9\n|c|\u2606Disfrazdetigre|\u2026\n|c|\u2606Disfrazdetigre|What is that\n|inactive|Disfrazdetigre has 30 seconds left.\n|\n|t:|1776369141\n|move|p1b: Kangaskhan|Sucker Punch|p2a: Blastoise\n|-damage|p2a: Blastoise|0 fnt\n|faint|p2a: Blastoise\n|-hitcount|p2: Blastoise|1\n|move|p2b: Hydreigon|Draco Meteor|p1b: Kangaskhan\n|-damage|p1b: Kangaskhan|41/100\n|-unboost|p2b: Hydreigon|spa|2\n|move|p1a: Miloti\u0107|Icy Wind|p2b: Hydreigon\n|-supereffective|p2b: Hydreigon|1\n|-crit|p2b: Hydreigon\n|-damage|p2b: Hydreigon|0 fnt\n|faint|p2b: Hydreigon\n|\n|-heal|p1a: Miloti\u0107|71/100|[from] item: Leftovers\n|-sideend|p2: Disfrazdetigre|move: Tailwind\n|upkeep\n|\n|t:|1776369146\n|switch|p2b: Alakazam|Alakazam, L50, F|1/100\n|turn|10\n|c|\u2606Disfrazdetigre|Gg xd\n|\n|t:|1776369169\n|move|p1b: Kangaskhan|Sucker Punch|p2b: Alakazam\n|-supereffective|p2b: Alakazam|1\n|-damage|p2b: Alakazam|0 fnt\n|faint|p2b: Alakazam\n|-hitcount|p2: Alakazam|1\n|\n|win|PYS_Max\n|raw|PYS_Max's rating: 1501 &rarr; <strong>1516</strong><br />(+15 for winning)\n|raw|Disfrazdetigre's rating: 1404 &rarr; <strong>1389</strong><br />(-15 for losing)\n",
  "uploadtime": 1776369175,
  "views": 54,
  "formatid": "gen9championsvgc2026regma",
  "rating": 1389,
  "private": 0,
  "password": null
}