{
  "id": "gen9championsvgc2026regma-2587636198",
  "format": "[Gen 9 Champions] VGC 2026 Reg M-A",
  "players": [
    "Lavanda.17",
    "Clearfield PA"
  ],
  "log": "|j|\u2606Lavanda.17\n|j|\u2606Clearfield PA\n|t:|1776549097\n|gametype|doubles\n|player|p1|Lavanda.17|kimonogirl|1403\n|player|p2|Clearfield PA|bugsy|1531\n|gen|9\n|tier|[Gen 9 Champions] VGC 2026 Reg M-A\n|rated|\n|rule|Species Clause: Limit one of each Pok\u00e9mon\n|rule|Item Clause: Limit 1 of each item\n|clearpoke\n|poke|p1|Froslass, L50, F|\n|poke|p1|Garchomp, L50, M|\n|poke|p1|Hydreigon, L50, M|\n|poke|p1|Sneasler, L50, F|\n|poke|p1|Arcanine-Hisui, L50, F|\n|poke|p1|Jolteon, L50, F|\n|poke|p2|Pidgeot, L50, M|\n|poke|p2|Sylveon, L50, M|\n|poke|p2|Excadrill, L50, F|\n|poke|p2|Kangaskhan, L50, F|\n|poke|p2|Tsareena, L50, F|\n|poke|p2|Gengar, L50, M|\n|teampreview|4\n|inactive|Battle timer is ON: inactive players will automatically lose when time's up. (requested by Lavanda.17)\n|inactive|Lavanda.17 has 60 seconds left.\n|\n|t:|1776549158\n|teamsize|p1|4\n|teamsize|p2|4\n|start\n|switch|p1a: Arcanine|Arcanine-Hisui, L50, F|100/100\n|switch|p1b: Sneasler|Sneasler, L50, F|100/100\n|switch|p2a: Pidgeot|Pidgeot, L50, M|100/100\n|switch|p2b: Gengar|Gengar, L50, M|100/100\n|-ability|p1a: Arcanine|Intimidate|boost\n|-unboost|p2a: Pidgeot|atk|1\n|-unboost|p2b: Gengar|atk|1\n|turn|1\n|inactive|Clearfield PA has 30 seconds left.\n|\n|t:|1776549187\n|switch|p1b: Hydreigon|Hydreigon, L50, M|100/100\n|detailschange|p2a: Pidgeot|Pidgeot-Mega, L50, M\n|-mega|p2a: Pidgeot|Pidgeot|Pidgeotite\n|move|p2a: Pidgeot|Protect|p2a: Pidgeot\n|-singleturn|p2a: Pidgeot|Protect\n|move|p2b: Gengar|Shadow Ball|p1a: Arcanine\n|-crit|p1a: Arcanine\n|-damage|p1a: Arcanine|14/100\n|move|p1a: Arcanine|Rock Slide|p2b: Gengar|[spread] p2b\n|-activate|p2a: Pidgeot|move: Protect\n|-crit|p2b: Gengar\n|-damage|p2b: Gengar|8/100\n|\n|upkeep\n|turn|2\n|\n|t:|1776549216\n|move|p1a: Arcanine|Protect|p1a: Arcanine\n|-singleturn|p1a: Arcanine|Protect\n|move|p2b: Gengar|Shadow Ball|p1a: Arcanine\n|-activate|p1a: Arcanine|move: Protect\n|move|p2a: Pidgeot|Tailwind|p2a: Pidgeot\n|-sidestart|p2: Clearfield PA|move: Tailwind\n|move|p1b: Hydreigon|Snarl|p2a: Pidgeot|[spread] p2a,p2b\n|-supereffective|p2b: Gengar|1\n|-damage|p2a: Pidgeot|70/100\n|-damage|p2b: Gengar|0 fnt\n|-unboost|p2a: Pidgeot|spa|1\n|faint|p2b: Gengar\n|\n|upkeep\n|\n|t:|1776549227\n|switch|p2b: Sylveon|Sylveon, L50, M|100/100\n|turn|3\n|\n|t:|1776549248\n|switch|p2a: Excadrill|Excadrill, L50, F|100/100\n|-ability|p2a: Excadrill|Mold Breaker\n|move|p1b: Hydreigon|Protect|p1b: Hydreigon\n|-singleturn|p1b: Hydreigon|Protect\n|move|p1a: Arcanine|Extreme Speed|p2a: Excadrill\n|-resisted|p2a: Excadrill|1\n|-damage|p2a: Excadrill|79/100\n|move|p2b: Sylveon|Hyper Voice|p1b: Hydreigon|[spread] p1a\n|-activate|p1b: Hydreigon|move: Protect\n|-resisted|p1a: Arcanine|1\n|-damage|p1a: Arcanine|0 fnt\n|faint|p1a: Arcanine\n|\n|upkeep\n|\n|t:|1776549261\n|switch|p1a: Sneasler|Sneasler, L50, F|100/100\n|turn|4\n|inactive|Lavanda.17 has 30 seconds left.\n|\n|t:|1776549295\n|move|p1a: Sneasler|Fake Out|p2a: Excadrill\n|-resisted|p2a: Excadrill|1\n|-damage|p2a: Excadrill|68/100\n|cant|p2a: Excadrill|flinch\n|move|p2b: Sylveon|Hyper Voice|p1a: Sneasler|[spread] p1a,p1b\n|-supereffective|p1b: Hydreigon|2\n|-damage|p1a: Sneasler|32/100\n|-damage|p1b: Hydreigon|0 fnt\n|faint|p1b: Hydreigon\n|\n|upkeep\n|\n|t:|1776549298\n|switch|p1b: Froslass|Froslass, L50, F|100/100\n|turn|5\n|\n|t:|1776549307\n|switch|p2a: Pidgeot|Pidgeot-Mega, L50, M|70/100\n|move|p1a: Sneasler|Protect|p1a: Sneasler\n|-singleturn|p1a: Sneasler|Protect\n|move|p1b: Froslass|Protect|p1b: Froslass\n|-singleturn|p1b: Froslass|Protect\n|move|p2b: Sylveon|Hyper Voice|p1b: Froslass|[spread] \n|-activate|p1a: Sneasler|move: Protect\n|-activate|p1b: Froslass|move: Protect\n|\n|-sideend|p2: Clearfield PA|move: Tailwind\n|upkeep\n|turn|6\n|\n|t:|1776549317\n|detailschange|p1b: Froslass|Froslass-Mega, L50, F\n|-mega|p1b: Froslass|Froslass|Froslassite\n|-weather|Snowscape|[from] ability: Snow Warning|[of] p1b: Froslass\n|move|p1a: Sneasler|Protect|p1a: Sneasler\n|-singleturn|p1a: Sneasler|Protect\n|move|p2a: Pidgeot|Tailwind|p2a: Pidgeot\n|-sidestart|p2: Clearfield PA|move: Tailwind\n|move|p2b: Sylveon|Hyper Voice|p1a: Sneasler|[spread] p1b\n|-activate|p1a: Sneasler|move: Protect\n|-damage|p1b: Froslass|43/100\n|move|p1b: Froslass|Blizzard|p2b: Sylveon|[spread] p2a,p2b\n|-supereffective|p2a: Pidgeot|1\n|-damage|p2a: Pidgeot|0 fnt\n|-damage|p2b: Sylveon|64/100\n|faint|p2a: Pidgeot\n|\n|-weather|Snowscape|[upkeep]\n|upkeep\n|-message|Lavanda.17 forfeited.\n|\n|win|Clearfield PA\n|raw|Lavanda.17's rating: 1403 &rarr; <strong>1390</strong><br />(-13 for losing)\n|raw|Clearfield PA's rating: 1531 &rarr; <strong>1544</strong><br />(+13 for winning)\n|l|\u2606Lavanda.17\n|player|p1|\n",
  "uploadtime": 1776549352,
  "views": 48,
  "formatid": "gen9championsvgc2026regma",
  "rating": 1390,
  "private": 0,
  "password": null
}