{
  "id": "gen9championsvgc2026regma-2587133691",
  "format": "[Gen 9 Champions] VGC 2026 Reg M-A",
  "players": [
    "ExiaBlaze",
    "Scratchsticks"
  ],
  "log": "|j|\u2606ExiaBlaze\n|j|\u2606Scratchsticks\n|t:|1776498259\n|gametype|doubles\n|player|p1|ExiaBlaze|acetrainercouple|1112\n|player|p2|Scratchsticks|101|1115\n|gen|9\n|tier|[Gen 9 Champions] VGC 2026 Reg M-A\n|rated|\n|rule|Species Clause: Limit one of each Pok\u00e9mon\n|rule|Item Clause: Limit 1 of each item\n|clearpoke\n|poke|p1|Gallade, L50, M, shiny|\n|poke|p1|Aggron, L50, M|\n|poke|p1|Hatterene, L50, F|\n|poke|p1|Armarouge, L50, M, shiny|\n|poke|p1|Froslass, L50, F|\n|poke|p1|Gliscor, L50, F, shiny|\n|poke|p2|Aggron, L50, F|\n|poke|p2|Incineroar, L50, M|\n|poke|p2|Basculegion, L50, M|\n|poke|p2|Sinistcha, L50|\n|poke|p2|Dragonite, L50, F, shiny|\n|poke|p2|Pelipper, L50, M|\n|teampreview|4\n|inactive|Battle timer is ON: inactive players will automatically lose when time's up. (requested by ExiaBlaze)\nExiaBlaze has agreed to open team sheets.\nScratchsticks has agreed to open team sheets.\n|showteam|p1|Gallade||Galladite|Sharpness|PsychoCut,Protect,CloseCombat,TripleAxel|||M|||50|]Aggron||QuickClaw|RockHead|RockSlide,HeadSmash,HeavySlam,Curse|||M|||50|]Hatterene||SitrusBerry|Anticipation|Agility,CalmMind,BatonPass,DazzlingGleam|||F|||50|]Armarouge||ChoiceScarf|FlashFire|ArmorCannon,DarkPulse,DragonPulse,Psychic|||M|||50|]Froslass||Froslassite|SnowCloak|AuroraVeil,Blizzard,ShadowBall,Protect|||F|||50|]Gliscor||FocusSash|HyperCutter|KnockOff,HighHorsepower,Tailwind,SwordsDance|||F|||50|\n|showteam|p2|Aggron||Aggronite|Sturdy|BodyPress,IronDefense,HeavySlam,Protect|||F|||50|]Incineroar||MentalHerb|Intimidate|FlareBlitz,Taunt,PartingShot,FakeOut|||M|||50|]Basculegion||ChoiceScarf|Adaptability|WaveCrash,LastRespects,FlipTurn,AquaJet|||M|||50|]Sinistcha||FocusSash|Hospitality|TrickRoom,MatchaGotcha,RagePowder,LifeDew||||||50|]Dragonite||Dragoninite|InnerFocus|Protect,DracoMeteor,Hurricane,ExtremeSpeed|||F|||50|]Pelipper||Leftovers|Drizzle|Protect,WeatherBall,Hurricane,Tailwind|||M|||50|\n|\n|t:|1776498287\n|teamsize|p1|4\n|teamsize|p2|4\n|start\n|switch|p1a: Froslass|Froslass, L50, F|100/100\n|switch|p1b: Armarouge|Armarouge, L50, M, shiny|100/100\n|switch|p2a: Aggron|Aggron, L50, F|100/100\n|switch|p2b: Sinistcha|Sinistcha, L50|100/100\n|turn|1\n|\n|t:|1776498308\n|detailschange|p2a: Aggron|Aggron-Mega, L50, F\n|-mega|p2a: Aggron|Aggron|Aggronite\n|move|p1a: Froslass|Protect|p1a: Froslass\n|-singleturn|p1a: Froslass|Protect\n|move|p2a: Aggron|Protect|p2a: Aggron\n|-singleturn|p2a: Aggron|Protect\n|move|p1b: Armarouge|Armor Cannon|p2a: Aggron\n|-activate|p2a: Aggron|move: Protect\n|move|p2b: Sinistcha|Trick Room|p2b: Sinistcha\n|-fieldstart|move: Trick Room|[of] p2b: Sinistcha\n|\n|upkeep\n|turn|2\n|\n|t:|1776498333\n|detailschange|p1a: Froslass|Froslass-Mega, L50, F\n|-mega|p1a: Froslass|Froslass|Froslassite\n|-weather|Snowscape|[from] ability: Snow Warning|[of] p1a: Froslass\n|move|p2b: Sinistcha|Rage Powder|p2b: Sinistcha\n|-singleturn|p2b: Sinistcha|move: Rage Powder\n|move|p2a: Aggron|Iron Defense|p2a: Aggron\n|-boost|p2a: Aggron|def|2\n|move|p1a: Froslass|Shadow Ball|p2b: Sinistcha\n|-supereffective|p2b: Sinistcha|1\n|-damage|p2b: Sinistcha|18/100\n|-unboost|p2b: Sinistcha|spd|1\n|move|p1b: Armarouge|Armor Cannon|p2b: Sinistcha\n|-supereffective|p2b: Sinistcha|1\n|-damage|p2b: Sinistcha|0 fnt\n|-unboost|p1b: Armarouge|def|1\n|-unboost|p1b: Armarouge|spd|1\n|faint|p2b: Sinistcha\n|\n|-weather|Snowscape|[upkeep]\n|upkeep\n|\n|t:|1776498350\n|switch|p2b: Pelipper|Pelipper, L50, M|100/100\n|-weather|RainDance|[from] ability: Drizzle|[of] p2b: Pelipper\n|turn|3\n|\n|t:|1776498362\n|move|p1a: Froslass|Protect|p1a: Froslass\n|-singleturn|p1a: Froslass|Protect\n|move|p2a: Aggron|Heavy Slam|p1a: Froslass\n|-activate|p1a: Froslass|move: Protect\n|move|p2b: Pelipper|Weather Ball|p1b: Armarouge\n|-supereffective|p1b: Armarouge|1\n|-damage|p1b: Armarouge|0 fnt\n|faint|p1b: Armarouge\n|\n|-weather|RainDance|[upkeep]\n|upkeep\n|\n|t:|1776498370\n|switch|p1b: Hatterene|Hatterene, L50, F|100/100\n|-ability|p1b: Hatterene|Anticipation\n|turn|4\n|\n|t:|1776498387\n|move|p1b: Hatterene|Agility|p1b: Hatterene\n|-boost|p1b: Hatterene|spe|2\n|move|p2a: Aggron|Heavy Slam|p1a: Froslass\n|-supereffective|p1a: Froslass|1\n|-damage|p1a: Froslass|0 fnt\n|faint|p1a: Froslass\n|move|p2b: Pelipper|Hurricane|p1b: Hatterene\n|-damage|p1b: Hatterene|47/100\n|-enditem|p1b: Hatterene|Sitrus Berry|[eat]\n|-heal|p1b: Hatterene|72/100|[from] item: Sitrus Berry\n|\n|-weather|RainDance|[upkeep]\n|upkeep\n|\n|t:|1776498392\n|switch|p1a: Gallade|Gallade, L50, M, shiny|100/100\n|turn|5\n|\n|t:|1776498405\n|move|p1a: Gallade|Protect|p1a: Gallade\n|-singleturn|p1a: Gallade|Protect\n|move|p2a: Aggron|Heavy Slam|p1b: Hatterene\n|-supereffective|p1b: Hatterene|1\n|-damage|p1b: Hatterene|0 fnt\n|faint|p1b: Hatterene\n|move|p2b: Pelipper|Hurricane|p1a: Gallade\n|-activate|p1a: Gallade|move: Protect\n|\n|-weather|RainDance|[upkeep]\n|-fieldend|move: Trick Room\n|upkeep\n|turn|6\n|c|\u2606Scratchsticks|?\n|\n|t:|1776498428\n|move|p2a: Aggron|Protect|p2a: Aggron\n|-singleturn|p2a: Aggron|Protect\n|move|p1a: Gallade|Close Combat|p2a: Aggron\n|-activate|p2a: Aggron|move: Protect\n|move|p2b: Pelipper|Hurricane|p1a: Gallade\n|-supereffective|p1a: Gallade|1\n|-damage|p1a: Gallade|0 fnt\n|faint|p1a: Gallade\n|\n|win|Scratchsticks\n|raw|ExiaBlaze's rating: 1112 &rarr; <strong>1087</strong><br />(-25 for losing)\n|raw|Scratchsticks's rating: 1115 &rarr; <strong>1140</strong><br />(+25 for winning)\n|l|\u2606ExiaBlaze\n|player|p1|\n",
  "uploadtime": 1776498445,
  "views": 14,
  "formatid": "gen9championsvgc2026regma",
  "rating": 1087,
  "private": 0,
  "password": null
}