{
  "id": "gen9championsvgc2026regma-2582093385",
  "format": "[Gen 9 Champions] VGC 2026 Reg M-A",
  "players": [
    "Yamh",
    "Thinking Charizard"
  ],
  "log": "|j|\u2606Yamh\n|j|\u2606Thinking Charizard\n|t:|1776057009\n|gametype|doubles\n|player|p1|Yamh|elesa|1066\n|player|p2|Thinking Charizard|colress|1069\n|gen|9\n|tier|[Gen 9 Champions] VGC 2026 Reg M-A\n|rated|\n|rule|Species Clause: Limit one of each Pok\u00e9mon\n|rule|Item Clause: Limit 1 of each item\n|clearpoke\n|poke|p1|Froslass, L50, F|\n|poke|p1|Garchomp, L50, F|\n|poke|p1|Rotom-Frost, L50|\n|poke|p1|Empoleon, L50, M|\n|poke|p1|Incineroar, L50, M|\n|poke|p1|Kingambit, L50, M|\n|poke|p2|Charizard, L50, M|\n|poke|p2|Whimsicott, L50, M|\n|poke|p2|Venusaur, L50, F|\n|poke|p2|Garchomp, L50, M|\n|poke|p2|Politoed, L50, M|\n|poke|p2|Farigiraf, L50, M|\n|teampreview|4\n|inactive|Battle timer is ON: inactive players will automatically lose when time's up. (requested by Thinking Charizard)\n|\n|t:|1776057084\n|teamsize|p1|4\n|teamsize|p2|4\n|start\n|switch|p1a: Rotom|Rotom-Frost, L50|100/100\n|switch|p1b: Incineroar|Incineroar, L50, M|100/100\n|switch|p2a: Charizard|Charizard, L50, M|100/100\n|switch|p2b: Garchomp|Garchomp, L50, M|100/100\n|-ability|p1b: Incineroar|Intimidate|boost\n|-unboost|p2a: Charizard|atk|1\n|-unboost|p2b: Garchomp|atk|1\n|turn|1\n|\n|t:|1776057099\n|move|p2b: Garchomp|Protect|p2b: Garchomp\n|-singleturn|p2b: Garchomp|Protect\n|move|p2a: Charizard|Protect|p2a: Charizard\n|-singleturn|p2a: Charizard|Protect\n|move|p1b: Incineroar|Fake Out|p2b: Garchomp\n|-activate|p2b: Garchomp|move: Protect\n|move|p1a: Rotom|Volt Switch|p2a: Charizard\n|-activate|p2a: Charizard|move: Protect\n|\n|upkeep\n|turn|2\n|\n|t:|1776057115\n|detailschange|p2a: Charizard|Charizard-Mega-Y, L50, M\n|-mega|p2a: Charizard|Charizard|Charizardite Y\n|-weather|SunnyDay|[from] ability: Drought|[of] p2a: Charizard\n|move|p1a: Rotom|Volt Switch|p2a: Charizard\n|-supereffective|p2a: Charizard|1\n|-damage|p2a: Charizard|40/100\n|\n|t:|1776057121\n|switch|p1a: Garchomp|Garchomp, L50, F|100/100|[from] Volt Switch\n|move|p2b: Garchomp|Stomping Tantrum|p1b: Incineroar\n|-supereffective|p1b: Incineroar|1\n|-damage|p1b: Incineroar|44/100\n|-enditem|p1b: Incineroar|Sitrus Berry|[eat]\n|-heal|p1b: Incineroar|69/100|[from] item: Sitrus Berry\n|move|p2a: Charizard|Heat Wave|p1b: Incineroar|[spread] p1a,p1b\n|-resisted|p1a: Garchomp|1\n|-resisted|p1b: Incineroar|1\n|-crit|p1b: Incineroar\n|-damage|p1a: Garchomp|66/100\n|-damage|p1b: Incineroar|27/100\n|move|p1b: Incineroar|Parting Shot|p2b: Garchomp\n|-unboost|p2b: Garchomp|atk|1\n|-unboost|p2b: Garchomp|spa|1\n|\n|t:|1776057133\n|switch|p1b: Froslass|Froslass, L50, F|100/100|[from] Parting Shot\n|\n|-weather|SunnyDay|[upkeep]\n|upkeep\n|turn|3\n|inactive|Thinking Charizard has 30 seconds left.\n|\n|t:|1776057163\n|detailschange|p1b: Froslass|Froslass-Mega, L50, F\n|-mega|p1b: Froslass|Froslass|Froslassite\n|-weather|Snowscape|[from] ability: Snow Warning|[of] p1b: Froslass\n|move|p1b: Froslass|Protect|p1b: Froslass\n|-singleturn|p1b: Froslass|Protect\n|move|p2a: Charizard|Protect|p2a: Charizard\n|-singleturn|p2a: Charizard|Protect\n|move|p1a: Garchomp|Rock Slide|p2b: Garchomp|[spread] p2b\n|-activate|p2a: Charizard|move: Protect\n|-resisted|p2b: Garchomp|1\n|-damage|p2b: Garchomp|90/100\n|move|p2b: Garchomp|Dragon Claw|p1a: Garchomp\n|-supereffective|p1a: Garchomp|1\n|-damage|p1a: Garchomp|20/100\n|-damage|p2b: Garchomp|78/100|[from] ability: Rough Skin|[of] p1a: Garchomp\n|\n|-weather|Snowscape|[upkeep]\n|upkeep\n|turn|4\n|inactive|Yamh has 30 seconds left.\n|inactive|Thinking Charizard has 30 seconds left.\n|\n|t:|1776057197\n|switch|p1b: Rotom|Rotom-Frost, L50|100/100\n|switch|p2a: Venusaur|Venusaur, L50, F|100/100\n|move|p2b: Garchomp|Rock Slide|p1a: Garchomp|[spread] p1a,p1b\n|-resisted|p1a: Garchomp|1\n|-supereffective|p1b: Rotom|1\n|-damage|p1a: Garchomp|15/100\n|-damage|p1b: Rotom|82/100\n|move|p1a: Garchomp|Rock Slide|p2a: Venusaur|[spread] p2a,p2b\n|-resisted|p2b: Garchomp|1\n|-crit|p2b: Garchomp\n|-damage|p2a: Venusaur|73/100\n|-damage|p2b: Garchomp|62/100\n|\n|-weather|Snowscape|[upkeep]\n|upkeep\n|turn|5\n|\n|t:|1776057222\n|move|p2a: Venusaur|Protect|p2a: Venusaur\n|-singleturn|p2a: Venusaur|Protect\n|move|p1b: Rotom|Blizzard|p2b: Garchomp|[spread] p2b\n|-activate|p2a: Venusaur|move: Protect\n|-supereffective|p2b: Garchomp|2\n|-damage|p2b: Garchomp|0 fnt\n|faint|p2b: Garchomp\n|move|p1a: Garchomp|Dragon Claw|p2a: Venusaur\n|-activate|p2a: Venusaur|move: Protect\n|\n|-weather|Snowscape|[upkeep]\n|upkeep\n|inactive|Thinking Charizard has 30 seconds left.\n|\n|t:|1776057249\n|switch|p2b: Whimsicott|Whimsicott, L50, M|100/100\n|turn|6\n|\n|t:|1776057260\n|switch|p2b: Charizard|Charizard-Mega-Y, L50, M|40/100\n|-weather|SunnyDay|[from] ability: Drought|[of] p2b: Charizard\n|move|p1a: Garchomp|Protect|p1a: Garchomp\n|-singleturn|p1a: Garchomp|Protect\n|move|p2a: Venusaur|Sleep Powder|p1b: Rotom|[miss]\n|-miss|p2a: Venusaur|p1b: Rotom\n|move|p1b: Rotom|Blizzard|p2b: Charizard|[spread] p2a,p2b\n|-supereffective|p2a: Venusaur|1\n|-damage|p2a: Venusaur|0 fnt\n|-damage|p2b: Charizard|4/100\n|faint|p2a: Venusaur\n|\n|-weather|SunnyDay|[upkeep]\n|upkeep\n|\n|t:|1776057273\n|switch|p2a: Whimsicott|Whimsicott, L50, M|100/100\n|turn|7\n|\n|t:|1776057278\n|switch|p1b: Froslass|Froslass-Mega, L50, F|100/100\n|-weather|Snowscape|[from] ability: Snow Warning|[of] p1b: Froslass\n|move|p2a: Whimsicott|Tailwind|p2a: Whimsicott\n|-sidestart|p2: Thinking Charizard|move: Tailwind\n|move|p2b: Charizard|Heat Wave|p1a: Garchomp|[spread] p1a,p1b\n|-resisted|p1a: Garchomp|1\n|-supereffective|p1b: Froslass|1\n|-damage|p1a: Garchomp|0 fnt\n|-damage|p1b: Froslass|0 fnt\n|faint|p1a: Garchomp\n|faint|p1b: Froslass\n|\n|-weather|Snowscape|[upkeep]\n|upkeep\n|\n|t:|1776057287\n|switch|p1b: Rotom|Rotom-Frost, L50|82/100\n|switch|p1a: Incineroar|Incineroar, L50, M|27/100\n|-ability|p1a: Incineroar|Intimidate|boost\n|-unboost|p2a: Whimsicott|atk|1\n|-unboost|p2b: Charizard|atk|1\n|turn|8\n|\n|t:|1776057307\n|move|p2b: Charizard|Protect|p2b: Charizard\n|-singleturn|p2b: Charizard|Protect\n|move|p1a: Incineroar|Fake Out|p2b: Charizard\n|-activate|p2b: Charizard|move: Protect\n|move|p2a: Whimsicott|Moonblast|p1a: Incineroar\n|-damage|p1a: Incineroar|2/100\n|move|p1b: Rotom|Blizzard|p2a: Whimsicott|[spread] p2a\n|-activate|p2b: Charizard|move: Protect\n|-supereffective|p2a: Whimsicott|1\n|-damage|p2a: Whimsicott|18/100\n|\n|-weather|Snowscape|[upkeep]\n|upkeep\n|turn|9\n|inactive|Yamh has 30 seconds left.\n|\n|t:|1776057338\n|move|p2a: Whimsicott|Moonblast|p1a: Incineroar\n|-damage|p1a: Incineroar|0 fnt\n|faint|p1a: Incineroar\n|move|p2b: Charizard|Heat Wave|p1b: Rotom\n|-supereffective|p1b: Rotom|1\n|-damage|p1b: Rotom|0 fnt\n|faint|p1b: Rotom\n|\n|win|Thinking Charizard\n|raw|Yamh's rating: 1066 &rarr; <strong>1046</strong><br />(-20 for losing)\n|raw|Thinking Charizard's rating: 1069 &rarr; <strong>1098</strong><br />(+29 for winning)\n|c|\u2606Thinking Charizard|gg\n|l|\u2606Yamh\n|player|p1|\n",
  "uploadtime": 1776057350,
  "views": 10,
  "formatid": "gen9championsvgc2026regma",
  "rating": 1046,
  "private": 0,
  "password": null
}