{
  "id": "gen9championsvgc2026regma-2580928048",
  "format": "[Gen 9 Champions] VGC 2026 Reg M-A",
  "players": [
    "chlok!",
    "treyxo"
  ],
  "log": "|j|\u2606chlok!\n|j|\u2606treyxo\n|t:|1775944080\n|gametype|doubles\n|player|p1|chlok!|youngster-gen4dp|1141\n|player|p2|treyxo|wallace|1136\n|gen|9\n|tier|[Gen 9 Champions] VGC 2026 Reg M-A\n|rated|\n|rule|Species Clause: Limit one of each Pok\u00e9mon\n|rule|Item Clause: Limit 1 of each item\n|clearpoke\n|poke|p1|Incineroar, L50, M|\n|poke|p1|Rotom-Wash, L50|\n|poke|p1|Garchomp, L50, M|\n|poke|p1|Farigiraf, L50, F|\n|poke|p1|Aegislash, L50, M|\n|poke|p1|Charizard, L50, F|\n|poke|p2|Froslass, L50, F|\n|poke|p2|Whimsicott, L50, F|\n|poke|p2|Sneasler, L50, M|\n|poke|p2|Sinistcha, L50|\n|poke|p2|Archaludon, L50, M|\n|poke|p2|Conkeldurr, L50, M|\n|teampreview|4\ntreyxo rejected open team sheets.\n|\n|t:|1775944100\n|teamsize|p1|4\n|teamsize|p2|4\n|start\n|switch|p1a: Incineroar|Incineroar, L50, M|100/100\n|switch|p1b: Charizard|Charizard, L50, F|100/100\n|switch|p2a: Sneasler|Sneasler, L50, M|100/100\n|switch|p2b: Whimsicott|Whimsicott, L50, F|100/100\n|-ability|p1a: Incineroar|Intimidate|boost\n|-unboost|p2a: Sneasler|atk|1\n|-unboost|p2b: Whimsicott|atk|1\n|-enditem|p2a: Sneasler|White Herb\n|-clearnegativeboost|p2a: Sneasler|[silent]\n|turn|1\n|inactive|Battle timer is ON: inactive players will automatically lose when time's up. (requested by treyxo)\n|\n|t:|1775944121\n|move|p1a: Incineroar|Fake Out|p2a: Sneasler\n|-damage|p2a: Sneasler|83/100\n|move|p2b: Whimsicott|Light Screen|p2b: Whimsicott\n|-sidestart|p2: treyxo|move: Light Screen\n|cant|p2a: Sneasler|flinch\n|move|p1b: Charizard|Heat Wave|p2b: Whimsicott|[spread] p2a,p2b\n|-supereffective|p2b: Whimsicott|1\n|-damage|p2a: Sneasler|55/100\n|-damage|p2b: Whimsicott|55/100\n|-status|p2a: Sneasler|brn\n|\n|-damage|p2a: Sneasler|49/100 brn|[from] brn\n|upkeep\n|turn|2\n|\n|t:|1775944135\n|switch|p1b: Aegislash|Aegislash, L50, M, shiny|100/100\n|move|p2b: Whimsicott|Tailwind|p2b: Whimsicott\n|-sidestart|p2: treyxo|move: Tailwind\n|move|p2a: Sneasler|Close Combat|p1a: Incineroar\n|-supereffective|p1a: Incineroar|1\n|-damage|p1a: Incineroar|38/100\n|-unboost|p2a: Sneasler|def|1\n|-unboost|p2a: Sneasler|spd|1\n|-enditem|p1a: Incineroar|Sitrus Berry|[eat]\n|-heal|p1a: Incineroar|63/100|[from] item: Sitrus Berry\n|move|p1a: Incineroar|Flare Blitz|p2b: Whimsicott\n|-supereffective|p2b: Whimsicott|1\n|-damage|p2b: Whimsicott|0 fnt\n|faint|p2b: Whimsicott\n|-damage|p1a: Incineroar|50/100|[from] Recoil\n|\n|-damage|p2a: Sneasler|43/100 brn|[from] brn\n|upkeep\n|\n|t:|1775944153\n|switch|p2b: Froslass|Froslass, L50, F, shiny|100/100\n|turn|3\n|\n|t:|1775944166\n|switch|p1b: Farigiraf|Farigiraf, L50, F|100/100\n|detailschange|p2b: Froslass|Froslass-Mega, L50, F, shiny\n|-mega|p2b: Froslass|Froslass|Froslassite\n|-weather|Snowscape|[from] ability: Snow Warning|[of] p2b: Froslass\n|move|p2a: Sneasler|Close Combat|p1a: Incineroar\n|-supereffective|p1a: Incineroar|1\n|-damage|p1a: Incineroar|0 fnt\n|-unboost|p2a: Sneasler|def|1\n|-unboost|p2a: Sneasler|spd|1\n|faint|p1a: Incineroar\n|move|p2b: Froslass|Shadow Ball|p1b: Farigiraf\n|-immune|p1b: Farigiraf\n|\n|-weather|Snowscape|[upkeep]\n|-damage|p2a: Sneasler|37/100 brn|[from] brn\n|upkeep\n|\n|t:|1775944174\n|switch|p1a: Charizard|Charizard, L50, F|100/100\n|turn|4\n|\n|t:|1775944190\n|detailschange|p1a: Charizard|Charizard-Mega-Y, L50, F\n|-mega|p1a: Charizard|Charizard|Charizardite Y\n|-weather|SunnyDay|[from] ability: Drought|[of] p1a: Charizard\n|move|p2a: Sneasler|Dire Claw|p1a: Charizard\n|-damage|p1a: Charizard|75/100\n|move|p2b: Froslass|Blizzard|p1a: Charizard|[spread] p1a,p1b\n|-damage|p1a: Charizard|36/100\n|-damage|p1b: Farigiraf|62/100\n|move|p1a: Charizard|Heat Wave|p2a: Sneasler|[spread] p2a,p2b\n|-supereffective|p2b: Froslass|1\n|-damage|p2a: Sneasler|0 fnt\n|-damage|p2b: Froslass|0 fnt\n|faint|p2a: Sneasler\n|faint|p2b: Froslass\n|move|p1b: Farigiraf|Trick Room|p1b: Farigiraf\n|-fieldstart|move: Trick Room|[of] p1b: Farigiraf\n|\n|-weather|SunnyDay|[upkeep]\n|upkeep\n|\n|t:|1775944204\n|switch|p2a: Conkeldurr|Conkeldurr, L50, M|100/100\n|turn|5\n|\n|t:|1775944225\n|switch|p1a: Aegislash|Aegislash, L50, M, shiny|100/100\n|move|p1b: Farigiraf|Psychic|p2a: Conkeldurr\n|-supereffective|p2a: Conkeldurr|1\n|-damage|p2a: Conkeldurr|43/100\n|-enditem|p2a: Conkeldurr|Sitrus Berry|[eat]\n|-heal|p2a: Conkeldurr|68/100|[from] item: Sitrus Berry\n|move|p2a: Conkeldurr|Rock Slide|p1b: Farigiraf|[spread] p1a\n|-miss|p2a: Conkeldurr|p1b: Farigiraf\n|-resisted|p1a: Aegislash|1\n|-damage|p1a: Aegislash|92/100\n|\n|-weather|SunnyDay|[upkeep]\n|-heal|p1a: Aegislash|98/100|[from] item: Leftovers\n|-sideend|p2: treyxo|move: Light Screen\n|-sideend|p2: treyxo|move: Tailwind\n|upkeep\n|turn|6\n|-message|treyxo forfeited.\n|\n|win|chlok!\n|raw|chlok!'s rating: 1141 &rarr; <strong>1166</strong><br />(+25 for winning)\n|raw|treyxo's rating: 1136 &rarr; <strong>1111</strong><br />(-25 for losing)\n|l|\u2606treyxo\n|player|p2|\n",
  "uploadtime": 1775944263,
  "views": 13,
  "formatid": "gen9championsvgc2026regma",
  "rating": 1111,
  "private": 0,
  "password": null
}