{
  "id": "gen9championsvgc2026regma-2586060754",
  "format": "[Gen 9 Champions] VGC 2026 Reg M-A",
  "players": [
    "Dmy99",
    "AegisKC"
  ],
  "log": "|j|\u2606Dmy99\n|j|\u2606AegisKC\n|t:|1776394845\n|gametype|doubles\n|player|p1|Dmy99|102|1358\n|player|p2|AegisKC|lady|1322\n|gen|9\n|tier|[Gen 9 Champions] VGC 2026 Reg M-A\n|rated|\n|rule|Species Clause: Limit one of each Pok\u00e9mon\n|rule|Item Clause: Limit 1 of each item\n|clearpoke\n|poke|p1|Aerodactyl, L50, F|\n|poke|p1|Basculegion, L50, M|\n|poke|p1|Kommo-o, L50, F|\n|poke|p1|Scizor, L50, F|\n|poke|p1|Scovillain, L50, F|\n|poke|p1|Sneasler, L50, F|\n|poke|p2|Sneasler, L50, F|\n|poke|p2|Kingambit, L50, F|\n|poke|p2|Pelipper, L50, F|\n|poke|p2|Meganium, L50, F|\n|poke|p2|Farigiraf, L50, F|\n|poke|p2|Incineroar, L50, F|\n|teampreview|4\n|inactive|Battle timer is ON: inactive players will automatically lose when time's up. (requested by AegisKC)\n|\n|t:|1776394890\n|teamsize|p1|4\n|teamsize|p2|4\n|start\n|switch|p1a: Aerodactyl|Aerodactyl, L50, F|100/100\n|switch|p1b: Basculegion|Basculegion, L50, M|100/100\n|switch|p2a: Broly|Incineroar, L50, F|100/100\n|switch|p2b: Dio|Sneasler, L50, F, shiny|100/100\n|-ability|p1a: Aerodactyl|Unnerve\n|-ability|p2a: Broly|Intimidate|boost\n|-unboost|p1a: Aerodactyl|atk|1\n|-unboost|p1b: Basculegion|atk|1\n|turn|1\n|inactive|Dmy99 has 30 seconds left.\n|inactive|Dmy99 has 20 seconds left.\n|\n|t:|1776394926\n|switch|p1b: Kommo-o|Kommo-o, L50, F|100/100\n|move|p1a: Aerodactyl|Protect|p1a: Aerodactyl\n|-singleturn|p1a: Aerodactyl|Protect\n|move|p2a: Broly|Fake Out|p1a: Aerodactyl\n|-activate|p1a: Aerodactyl|move: Protect\n|move|p2b: Dio|Throat Chop|p1b: Kommo-o\n|-resisted|p1b: Kommo-o|1\n|-damage|p1b: Kommo-o|88/100\n|-start|p1b: Kommo-o|Throat Chop|[silent]\n|\n|-heal|p1b: Kommo-o|94/100|[from] item: Leftovers\n|upkeep\n|turn|2\n|inactive|Dmy99 has 30 seconds left.\n|\n|t:|1776394953\n|move|p1a: Aerodactyl|Dual Wingbeat|p2b: Dio\n|-supereffective|p2b: Dio|1\n|-damage|p2b: Dio|57/100\n|-supereffective|p2b: Dio|1\n|-damage|p2b: Dio|18/100\n|-hitcount|p2b: Dio|2\n|move|p2b: Dio|Close Combat|p1a: Aerodactyl\n|-damage|p1a: Aerodactyl|2/100\n|-unboost|p2b: Dio|def|1\n|-unboost|p2b: Dio|spd|1\n|-enditem|p2b: Dio|White Herb\n|-clearnegativeboost|p2b: Dio|[silent]\n|move|p1b: Kommo-o|Aura Sphere|p2a: Broly\n|-supereffective|p2a: Broly|1\n|-damage|p2a: Broly|45/100\n|move|p2a: Broly|Parting Shot|p1b: Kommo-o\n|-immune|p1b: Kommo-o|[from] ability: Soundproof\n|\n|-heal|p1b: Kommo-o|99/100|[from] item: Leftovers\n|-end|p1b: Kommo-o|Throat Chop|[silent]\n|upkeep\n|turn|3\n|inactive|AegisKC has 30 seconds left.\n|inactive|Dmy99 has 30 seconds left.\n|inactive|AegisKC has 20 seconds left.\n|inactive|AegisKC has 15 seconds left.\n|inactive|Dmy99 has 20 seconds left.\n|inactive|AegisKC has 10 seconds left.\n|\n|t:|1776395002\n|switch|p2b: Farigiraf|Farigiraf, L50, F|100/100\n|switch|p2a: Pelipper|Pelipper, L50, F, shiny|100/100\n|-weather|RainDance|[from] ability: Drizzle|[of] p2a: Pelipper\n|move|p1a: Aerodactyl|Tailwind|p1a: Aerodactyl\n|-sidestart|p1: Dmy99|move: Tailwind\n|move|p1b: Kommo-o|Clangorous Soul|p1b: Kommo-o\n|-boost|p1b: Kommo-o|atk|1\n|-boost|p1b: Kommo-o|def|1\n|-boost|p1b: Kommo-o|spa|1\n|-boost|p1b: Kommo-o|spd|1\n|-boost|p1b: Kommo-o|spe|1\n|-damage|p1b: Kommo-o|67/100\n|\n|-weather|RainDance|[upkeep]\n|-heal|p1b: Kommo-o|73/100|[from] item: Leftovers\n|upkeep\n|turn|4\n|\n|t:|1776395018\n|move|p1b: Kommo-o|Clanging Scales|p2a: Pelipper|[spread] p2a,p2b\n|-damage|p2a: Pelipper|17/100\n|-damage|p2b: Farigiraf|58/100\n|-unboost|p1b: Kommo-o|def|1\n|move|p1a: Aerodactyl|Rock Slide|p2a: Pelipper|[spread] p2b\n|-miss|p1a: Aerodactyl|p2a: Pelipper\n|-damage|p2b: Farigiraf|40/100\n|move|p2a: Pelipper|Hurricane|p1b: Kommo-o\n|-supereffective|p1b: Kommo-o|1\n|-damage|p1b: Kommo-o|4/100\n|move|p2b: Farigiraf|Trick Room|p2b: Farigiraf\n|-fieldstart|move: Trick Room|[of] p2b: Farigiraf\n|\n|-weather|RainDance|[upkeep]\n|-heal|p1b: Kommo-o|10/100|[from] item: Leftovers\n|upkeep\n|turn|5\n|\n|t:|1776395032\n|move|p1a: Aerodactyl|Protect|p1a: Aerodactyl\n|-singleturn|p1a: Aerodactyl|Protect\n|move|p1b: Kommo-o|Protect|p1b: Kommo-o\n|-singleturn|p1b: Kommo-o|Protect\n|move|p2b: Farigiraf|Psychic|p1a: Aerodactyl\n|-activate|p1a: Aerodactyl|move: Protect\n|move|p2a: Pelipper|Hurricane|p1b: Kommo-o\n|-activate|p1b: Kommo-o|move: Protect\n|\n|-weather|RainDance|[upkeep]\n|-heal|p1b: Kommo-o|16/100|[from] item: Leftovers\n|upkeep\n|turn|6\n|j| Albinocheese556\n|\n|t:|1776395041\n|move|p2b: Farigiraf|Psychic|p1a: Aerodactyl\n|-damage|p1a: Aerodactyl|0 fnt\n|faint|p1a: Aerodactyl\n|move|p2a: Pelipper|Hurricane|p1b: Kommo-o\n|-supereffective|p1b: Kommo-o|1\n|-damage|p1b: Kommo-o|0 fnt\n|faint|p1b: Kommo-o\n|\n|-weather|RainDance|[upkeep]\n|-sideend|p1: Dmy99|move: Tailwind\n|upkeep\n|l| Albinocheese556\n|\n|t:|1776395045\n|switch|p1b: Sneasler|Sneasler, L50, F|100/100\n|switch|p1a: Basculegion|Basculegion, L50, M|100/100\n|turn|7\n|\n|t:|1776395057\n|move|p1b: Sneasler|Protect|p1b: Sneasler\n|-singleturn|p1b: Sneasler|Protect\n|move|p1a: Basculegion|Aqua Jet||[still]\n|cant|p2b: Farigiraf|ability: Armor Tail|Aqua Jet|[of] p1a: Basculegion\n|move|p2b: Farigiraf|Psychic|p1b: Sneasler\n|-activate|p1b: Sneasler|move: Protect\n|move|p2a: Pelipper|Hurricane|p1a: Basculegion\n|-damage|p1a: Basculegion|51/100\n|\n|-weather|none\n|upkeep\n|turn|8\n|\n|t:|1776395076\n|move|p1a: Basculegion|Protect|p1a: Basculegion\n|-singleturn|p1a: Basculegion|Protect\n|move|p1b: Sneasler|Protect||[still]\n|-fail|p1b: Sneasler\n|move|p2b: Farigiraf|Psychic|p1b: Sneasler\n|-supereffective|p1b: Sneasler|2\n|-damage|p1b: Sneasler|0 fnt\n|faint|p1b: Sneasler\n|move|p2a: Pelipper|Tailwind|p2a: Pelipper\n|-sidestart|p2: AegisKC|move: Tailwind\n|\n|-fieldend|move: Trick Room\n|upkeep\n|turn|9\n|\n|t:|1776395092\n|switch|p2a: Broly|Incineroar, L50, F|45/100\n|-ability|p2a: Broly|Intimidate|boost\n|-unboost|p1a: Basculegion|atk|1\n|move|p2b: Farigiraf|Psychic|p1a: Basculegion\n|-damage|p1a: Basculegion|6/100\n|-unboost|p1a: Basculegion|spd|1\n|-enditem|p1a: Basculegion|Sitrus Berry|[eat]\n|-heal|p1a: Basculegion|31/100|[from] item: Sitrus Berry\n|move|p1a: Basculegion|Wave Crash|p2b: Farigiraf\n|-damage|p2b: Farigiraf|0 fnt\n|faint|p2b: Farigiraf\n|-damage|p1a: Basculegion|19/100|[from] Recoil\n|\n|upkeep\n|-message|Dmy99 forfeited.\n|\n|win|AegisKC\n|raw|Dmy99's rating: 1358 &rarr; <strong>1336</strong><br />(-22 for losing)\n|raw|AegisKC's rating: 1322 &rarr; <strong>1344</strong><br />(+22 for winning)\n|l|\u2606Dmy99\n|player|p1|\n",
  "uploadtime": 1776395116,
  "views": 42,
  "formatid": "gen9championsvgc2026regma",
  "rating": 1336,
  "private": 0,
  "password": null
}