{
  "id": "gen9championsvgc2026regma-2588300895",
  "format": "[Gen 9 Champions] VGC 2026 Reg M-A",
  "players": [
    "jonathan53332",
    "linkmasterjr"
  ],
  "log": "|j|\u2606jonathan53332\n|j|\u2606linkmasterjr\n|html|<table width=\"100%\"><tr><td align=\"left\">jonathan53332</td><td align=\"right\">linkmasterjr</tr><tr><td align=\"left\"><i class=\"fa fa-circle-o\"></i> <i class=\"fa fa-circle-o\"></i> </td><td align=\"right\"><i class=\"fa fa-circle-o\"></i> <i class=\"fa fa-circle\"></i> </tr></table>\n|uhtml|bestof|<h2><strong>Game 2</strong> of <a href=\"/game-bestof3-gen9championsvgc2026regma-2588297974\">a best-of-3</a></h2>\n|t:|1776622255\n|gametype|doubles\n|player|p1|jonathan53332|2|\n|player|p2|linkmasterjr|102|\n|gen|9\n|tier|[Gen 9 Champions] VGC 2026 Reg M-A\n|rule|Species Clause: Limit one of each Pok\u00e9mon\n|rule|Item Clause: Limit 1 of each item\n|raw|<div class=\"infobox\"><details class=\"readmore\" open><summary><strong>1 custom rule:</strong></summary> Best of = 3</details></div>\n|clearpoke\n|poke|p1|Meganium, L50, F|\n|poke|p1|Pelipper, L50, M|\n|poke|p1|Primarina, L50, M|\n|poke|p1|Sinistcha-Masterpiece, L50, shiny|\n|poke|p1|Maushold-Four, L50, shiny|\n|poke|p1|Archaludon, L50, F|\n|poke|p2|Gengar, L50, F|\n|poke|p2|Primarina, L50, F|\n|poke|p2|Whimsicott, L50, F, shiny|\n|poke|p2|Archaludon, L50, M|\n|poke|p2|Kingambit, L50, F|\n|poke|p2|Sylveon, L50, M|\n|teampreview|4\n|\n|t:|1776622277\n|teamsize|p1|4\n|teamsize|p2|4\n|start\n|switch|p1a: Meganium|Meganium, L50, F|100/100\n|switch|p1b: Pelipper|Pelipper, L50, M|100/100\n|switch|p2a: Gengar|Gengar, L50, F|100/100\n|switch|p2b: Primarina|Primarina, L50, F|100/100\n|-weather|RainDance|[from] ability: Drizzle|[of] p1b: Pelipper\n|turn|1\n|\n|t:|1776622295\n|switch|p1a: Sinistcha|Sinistcha-Masterpiece, L50, shiny|100/100\n|move|p2b: Primarina|Protect|p2b: Primarina\n|-singleturn|p2b: Primarina|Protect\n|move|p2a: Gengar|Thunderbolt|p1b: Pelipper\n|-supereffective|p1b: Pelipper|2\n|-enditem|p1b: Pelipper|Focus Sash\n|-damage|p1b: Pelipper|1/100\n|move|p1b: Pelipper|Tailwind|p1b: Pelipper\n|-sidestart|p1: jonathan53332|move: Tailwind\n|\n|-weather|RainDance|[upkeep]\n|upkeep\n|turn|2\n|\n|t:|1776622322\n|move|p1b: Pelipper|Icy Wind|p2a: Gengar|[spread] p2a,p2b\n|-resisted|p2b: Primarina|1\n|-damage|p2a: Gengar|78/100\n|-damage|p2b: Primarina|96/100\n|-unboost|p2a: Gengar|spe|1\n|-unboost|p2b: Primarina|spe|1\n|-start|p1b: Pelipper|Disable|Icy Wind|[from] ability: Cursed Body|[of] p2a: Gengar\n|move|p1a: Sinistcha|Matcha Gotcha|p2a: Gengar|[spread] p2a,p2b\n|-resisted|p2a: Gengar|1\n|-supereffective|p2b: Primarina|1\n|-damage|p2a: Gengar|52/100\n|-damage|p2b: Primarina|44/100\n|move|p2a: Gengar|Shadow Ball|p1a: Sinistcha\n|-supereffective|p1a: Sinistcha|1\n|-damage|p1a: Sinistcha|0 fnt\n|faint|p1a: Sinistcha\n|move|p2b: Primarina|Icy Wind|p1b: Pelipper\n|-damage|p1b: Pelipper|0 fnt\n|faint|p1b: Pelipper\n|\n|-weather|RainDance|[upkeep]\n|upkeep\n|\n|t:|1776622336\n|switch|p1b: Primarina|Primarina, L50, M|100/100\n|switch|p1a: Meganium|Meganium, L50, F|100/100\n|turn|3\n|\n|t:|1776622354\n|detailschange|p1a: Meganium|Meganium-Mega, L50, F\n|-mega|p1a: Meganium|Meganium|Meganiumite\n|detailschange|p2a: Gengar|Gengar-Mega, L50, F\n|-mega|p2a: Gengar|Gengar|Gengarite\n|move|p2b: Primarina|Protect|p2b: Primarina\n|-singleturn|p2b: Primarina|Protect\n|move|p1a: Meganium|Solar Beam||[still]\n|-prepare|p1a: Meganium|Solar Beam\n|-activate|p1a: Meganium|ability: Mega Sol\n|-anim|p1a: Meganium|Solar Beam|p2b: Primarina\n|-activate|p2b: Primarina|move: Protect\n|move|p1b: Primarina|Shadow Ball|p2a: Gengar\n|-supereffective|p2a: Gengar|1\n|-damage|p2a: Gengar|0 fnt\n|faint|p2a: Gengar\n|\n|-weather|RainDance|[upkeep]\n|upkeep\n|\n|t:|1776622371\n|switch|p2a: Whimsicott|Whimsicott, L50, F, shiny|100/100\n|turn|4\n|\n|t:|1776622378\n|move|p1a: Meganium|Weather Ball|p2a: Whimsicott\n|-supereffective|p2a: Whimsicott|1\n|-damage|p2a: Whimsicott|0 fnt\n|faint|p2a: Whimsicott\n|move|p1b: Primarina|Energy Ball|p2b: Primarina\n|-supereffective|p2b: Primarina|1\n|-damage|p2b: Primarina|0 fnt\n|faint|p2b: Primarina\n|\n|-weather|RainDance|[upkeep]\n|-sideend|p1: jonathan53332|move: Tailwind\n|upkeep\n|\n|t:|1776622382\n|switch|p2b: Archaludon|Archaludon, L50, M|100/100\n|turn|5\n|\n|t:|1776622399\n|move|p1a: Meganium|Weather Ball|p2b: Archaludon\n|-damage|p2b: Archaludon|42/100\n|-ability|p2b: Archaludon|Stamina|boost\n|-boost|p2b: Archaludon|def|1\n|-enditem|p2b: Archaludon|Sitrus Berry|[eat]\n|-heal|p2b: Archaludon|66/100|[from] item: Sitrus Berry\n|move|p2b: Archaludon|Flash Cannon|p1a: Meganium\n|-supereffective|p1a: Meganium|1\n|-damage|p1a: Meganium|4/100\n|move|p1b: Primarina|Calm Mind|p1b: Primarina\n|-boost|p1b: Primarina|spa|1\n|-boost|p1b: Primarina|spd|1\n|\n|-weather|none\n|upkeep\n|turn|6\n|\n|t:|1776622407\n|move|p1a: Meganium|Weather Ball|p2b: Archaludon\n|-damage|p2b: Archaludon|3/100\n|-ability|p2b: Archaludon|Stamina|boost\n|-boost|p2b: Archaludon|def|1\n|move|p2b: Archaludon|Flash Cannon|p1a: Meganium\n|-supereffective|p1a: Meganium|1\n|-damage|p1a: Meganium|0 fnt\n|faint|p1a: Meganium\n|move|p1b: Primarina|Shadow Ball|p2b: Archaludon\n|-damage|p2b: Archaludon|0 fnt\n|faint|p2b: Archaludon\n|\n|win|jonathan53332\n",
  "uploadtime": 1776622410,
  "views": 5,
  "formatid": "gen9championsvgc2026regma",
  "rating": null,
  "private": 0,
  "password": null
}