{
  "id": "gen9championsvgc2026regma-2586917429",
  "format": "[Gen 9 Champions] VGC 2026 Reg M-A",
  "players": [
    "NearuRJ",
    "yakendralo55"
  ],
  "log": "|j|\u2606NearuRJ\n|j|\u2606yakendralo55\n|t:|1776471623\n|gametype|doubles\n|player|p1|NearuRJ|gwynn|1123\n|player|p2|yakendralo55|170|1132\n|gen|9\n|tier|[Gen 9 Champions] VGC 2026 Reg M-A\n|rated|\n|rule|Species Clause: Limit one of each Pok\u00e9mon\n|rule|Item Clause: Limit 1 of each item\n|clearpoke\n|poke|p1|Archaludon, L50, M|\n|poke|p1|Pelipper, L50, M|\n|poke|p1|Sinistcha-Masterpiece, L50|\n|poke|p1|Incineroar, L50, M|\n|poke|p1|Basculegion, L50, M|\n|poke|p1|Meganium, L50, M|\n|poke|p2|Tyranitar, L50, F|\n|poke|p2|Lycanroc, L50, M|\n|poke|p2|Sinistcha, L50|\n|poke|p2|Sneasler, L50, M|\n|poke|p2|Gyarados, L50, F|\n|poke|p2|Volcarona, L50, M|\n|teampreview|4\nNearuRJ has agreed to open team sheets.\n|\n|t:|1776471664\n|teamsize|p1|4\n|teamsize|p2|4\n|start\n|switch|p1a: Incineroar|Incineroar, L50, M|100/100\n|switch|p1b: Basculegion|Basculegion, L50, M, shiny|100/100\n|switch|p2a: Sneasler|Sneasler, L50, M|100/100\n|switch|p2b: Tyranitar|Tyranitar, L50, F|100/100\n|-ability|p1a: Incineroar|Intimidate|boost\n|-unboost|p2a: Sneasler|atk|1\n|-unboost|p2b: Tyranitar|atk|1\n|-weather|Sandstorm|[from] ability: Sand Stream|[of] p2b: Tyranitar\n|-enditem|p2a: Sneasler|White Herb\n|-clearnegativeboost|p2a: Sneasler|[silent]\n|turn|1\n|\n|t:|1776471683\n|detailschange|p2b: Tyranitar|Tyranitar-Mega, L50, F\n|-mega|p2b: Tyranitar|Tyranitar|Tyranitarite\n|move|p2a: Sneasler|Fake Out|p1a: Incineroar\n|-damage|p1a: Incineroar|88/100\n|cant|p1a: Incineroar|flinch\n|move|p1b: Basculegion|Wave Crash|p2b: Tyranitar\n|-supereffective|p2b: Tyranitar|1\n|-damage|p2b: Tyranitar|33/100\n|-damage|p1b: Basculegion|77/100|[from] Recoil\n|move|p2b: Tyranitar|Knock Off|p1b: Basculegion\n|-supereffective|p1b: Basculegion|1\n|-damage|p1b: Basculegion|0 fnt\n|-enditem|p1b: Basculegion|Choice Scarf|[from] move: Knock Off|[of] p2b: Tyranitar\n|faint|p1b: Basculegion\n|\n|-weather|Sandstorm|[upkeep]\n|-damage|p2a: Sneasler|95/100|[from] Sandstorm\n|-damage|p1a: Incineroar|82/100|[from] Sandstorm\n|upkeep\n|\n|t:|1776471693\n|switch|p1b: Sinistcha|Sinistcha-Masterpiece, L50|100/100\n|-heal|p1a: Incineroar|100/100|[from] ability: Hospitality|[of] p1b: Sinistcha\n|turn|2\n|\n|t:|1776471709\n|switch|p2b: Gyarados|Gyarados, L50, F|100/100\n|-ability|p2b: Gyarados|Intimidate|boost\n|-unboost|p1a: Incineroar|atk|1\n|-unboost|p1b: Sinistcha|atk|1\n|move|p2a: Sneasler|Close Combat|p1a: Incineroar\n|-supereffective|p1a: Incineroar|1\n|-enditem|p1a: Incineroar|Chople Berry|[eat]\n|-enditem|p1a: Incineroar|Chople Berry|[weaken]\n|-damage|p1a: Incineroar|48/100\n|-unboost|p2a: Sneasler|def|1\n|-unboost|p2a: Sneasler|spd|1\n|move|p1a: Incineroar|Parting Shot|p2b: Gyarados\n|-unboost|p2b: Gyarados|atk|1\n|-unboost|p2b: Gyarados|spa|1\n|\n|t:|1776471718\n|switch|p1a: Meganium|Meganium, L50, M, shiny|100/100|[from] Parting Shot\n|move|p1b: Sinistcha|Trick Room|p1b: Sinistcha\n|-fieldstart|move: Trick Room|[of] p1b: Sinistcha\n|\n|-weather|Sandstorm|[upkeep]\n|-damage|p1b: Sinistcha|94/100|[from] Sandstorm\n|-damage|p1a: Meganium|95/100|[from] Sandstorm\n|-damage|p2b: Gyarados|95/100|[from] Sandstorm\n|-damage|p2a: Sneasler|89/100|[from] Sandstorm\n|upkeep\n|turn|3\n|\n|t:|1776471737\n|detailschange|p1a: Meganium|Meganium-Mega, L50, M, shiny\n|-mega|p1a: Meganium|Meganium|Meganiumite\n|move|p2a: Sneasler|Protect|p2a: Sneasler\n|-singleturn|p2a: Sneasler|Protect\n|move|p1b: Sinistcha|Rage Powder|p1b: Sinistcha\n|-singleturn|p1b: Sinistcha|move: Rage Powder\n|move|p1a: Meganium|Dazzling Gleam|p2a: Sneasler|[spread] p2b\n|-activate|p2a: Sneasler|move: Protect\n|-damage|p2b: Gyarados|52/100\n|move|p2b: Gyarados|Earthquake|p1a: Meganium|[spread] p1a,p1b\n|-activate|p2a: Sneasler|move: Protect\n|-resisted|p1a: Meganium|1\n|-resisted|p1b: Sinistcha|1\n|-damage|p1a: Meganium|87/100\n|-damage|p1b: Sinistcha|88/100\n|\n|-weather|Sandstorm|[upkeep]\n|-damage|p1b: Sinistcha|81/100|[from] Sandstorm\n|-damage|p1a: Meganium|81/100|[from] Sandstorm\n|-damage|p2b: Gyarados|46/100|[from] Sandstorm\n|-damage|p2a: Sneasler|83/100|[from] Sandstorm\n|upkeep\n|turn|4\n|\n|t:|1776471757\n|switch|p2a: Lycanroc|Lycanroc, L50, M|100/100\n|move|p2b: Gyarados|Protect|p2b: Gyarados\n|-singleturn|p2b: Gyarados|Protect\n|move|p1b: Sinistcha|Strength Sap|p2a: Lycanroc\n|-unboost|p2a: Lycanroc|atk|1\n|-heal|p1b: Sinistcha|100/100\n|move|p1a: Meganium|Weather Ball|p2a: Lycanroc\n|-resisted|p2a: Lycanroc|1\n|-damage|p2a: Lycanroc|50/100\n|\n|-weather|Sandstorm|[upkeep]\n|-damage|p1b: Sinistcha|94/100|[from] Sandstorm\n|-damage|p1a: Meganium|75/100|[from] Sandstorm\n|-damage|p2b: Gyarados|40/100|[from] Sandstorm\n|upkeep\n|turn|5\n|\n|t:|1776471778\n|move|p2a: Lycanroc|Protect|p2a: Lycanroc\n|-singleturn|p2a: Lycanroc|Protect\n|move|p1b: Sinistcha|Matcha Gotcha|p2b: Gyarados|[spread] p2b\n|-activate|p2a: Lycanroc|move: Protect\n|-damage|p2b: Gyarados|14/100\n|-heal|p1b: Sinistcha|100/100|[from] drain|[of] p2b: Gyarados\n|move|p1a: Meganium|Solar Beam||[still]\n|-prepare|p1a: Meganium|Solar Beam\n|-activate|p1a: Meganium|ability: Mega Sol\n|-anim|p1a: Meganium|Solar Beam|p2a: Lycanroc\n|-activate|p2a: Lycanroc|move: Protect\n|move|p2b: Gyarados|Earthquake|p1b: Sinistcha|[spread] p1a,p1b\n|-activate|p2a: Lycanroc|move: Protect\n|-resisted|p1a: Meganium|1\n|-resisted|p1b: Sinistcha|1\n|-damage|p1a: Meganium|68/100\n|-damage|p1b: Sinistcha|94/100\n|\n|-weather|none\n|upkeep\n|turn|6\n|\n|t:|1776471808\n|switch|p1b: Incineroar|Incineroar, L50, M|48/100\n|-ability|p1b: Incineroar|Intimidate|boost\n|-unboost|p2a: Lycanroc|atk|1\n|-unboost|p2b: Gyarados|atk|1\n|move|p2b: Gyarados|Protect|p2b: Gyarados\n|-singleturn|p2b: Gyarados|Protect\n|move|p1a: Meganium|Dazzling Gleam|p2a: Lycanroc|[spread] p2a\n|-activate|p2b: Gyarados|move: Protect\n|-damage|p2a: Lycanroc|0 fnt\n|faint|p2a: Lycanroc\n|\n|-fieldend|move: Trick Room\n|upkeep\n|\n|t:|1776471819\n|switch|p2a: Sneasler|Sneasler, L50, M|83/100\n|turn|7\n|\n|t:|1776471827\n|move|p2a: Sneasler|Protect|p2a: Sneasler\n|-singleturn|p2a: Sneasler|Protect\n|move|p1a: Meganium|Protect|p1a: Meganium\n|-singleturn|p1a: Meganium|Protect\n|move|p2b: Gyarados|Waterfall|p1b: Incineroar\n|-supereffective|p1b: Incineroar|1\n|-damage|p1b: Incineroar|12/100\n|move|p1b: Incineroar|Parting Shot|p2a: Sneasler\n|-activate|p2a: Sneasler|move: Protect\n|\n|upkeep\n|turn|8\n|\n|t:|1776471844\n|switch|p1b: Sinistcha|Sinistcha-Masterpiece, L50|94/100\n|-heal|p1a: Meganium|92/100|[from] ability: Hospitality|[of] p1b: Sinistcha\n|move|p1a: Meganium|Protect||[still]\n|-fail|p1a: Meganium\n|move|p2a: Sneasler|Dire Claw|p1a: Meganium\n|-supereffective|p1a: Meganium|2\n|-damage|p1a: Meganium|0 fnt\n|faint|p1a: Meganium\n|move|p2b: Gyarados|Waterfall|p1b: Sinistcha\n|-resisted|p1b: Sinistcha|1\n|-damage|p1b: Sinistcha|86/100\n|\n|upkeep\n|\n|t:|1776471855\n|switch|p1a: Incineroar|Incineroar, L50, M|12/100\n|-ability|p1a: Incineroar|Intimidate|boost\n|-unboost|p2a: Sneasler|atk|1\n|-unboost|p2b: Gyarados|atk|1\n|turn|9\n|\n|t:|1776471864\n|move|p2a: Sneasler|Protect|p2a: Sneasler\n|-singleturn|p2a: Sneasler|Protect\n|move|p1a: Incineroar|Fake Out|p2a: Sneasler\n|-activate|p2a: Sneasler|move: Protect\n|move|p2b: Gyarados|Earthquake|p1a: Incineroar|[spread] p1a,p1b\n|-activate|p2a: Sneasler|move: Protect\n|-supereffective|p1a: Incineroar|1\n|-resisted|p1b: Sinistcha|1\n|-damage|p1a: Incineroar|0 fnt\n|-damage|p1b: Sinistcha|82/100\n|faint|p1a: Incineroar\n|move|p1b: Sinistcha|Trick Room|p1b: Sinistcha\n|-fieldstart|move: Trick Room|[of] p1b: Sinistcha\n|\n|upkeep\n|turn|10\n|\n|t:|1776471884\n|switch|p2a: Tyranitar|Tyranitar-Mega, L50, F|33/100\n|-weather|Sandstorm|[from] ability: Sand Stream|[of] p2a: Tyranitar\n|move|p1b: Sinistcha|Matcha Gotcha|p2b: Gyarados|[spread] p2a,p2b\n|-supereffective|p2a: Tyranitar|1\n|-damage|p2a: Tyranitar|6/100\n|-heal|p1b: Sinistcha|98/100|[from] drain|[of] p2a: Tyranitar\n|-damage|p2b: Gyarados|0 fnt\n|-heal|p1b: Sinistcha|100/100|[from] drain|[of] p2b: Gyarados\n|faint|p2b: Gyarados\n|\n|-weather|Sandstorm|[upkeep]\n|-damage|p1b: Sinistcha|94/100|[from] Sandstorm\n|upkeep\n|\n|t:|1776471897\n|switch|p2b: Sneasler|Sneasler, L50, M|83/100\n|turn|11\n|\n|t:|1776471903\n|move|p1b: Sinistcha|Matcha Gotcha|p2a: Tyranitar|[spread] p2a,p2b\n|-supereffective|p2a: Tyranitar|1\n|-resisted|p2b: Sneasler|1\n|-damage|p2a: Tyranitar|0 fnt\n|-heal|p1b: Sinistcha|98/100|[from] drain|[of] p2a: Tyranitar\n|-damage|p2b: Sneasler|66/100\n|-heal|p1b: Sinistcha|100/100|[from] drain|[of] p2b: Sneasler\n|faint|p2a: Tyranitar\n|move|p2b: Sneasler|Dire Claw|p1b: Sinistcha\n|-damage|p1b: Sinistcha|70/100\n|-status|p1b: Sinistcha|psn\n|\n|-weather|Sandstorm|[upkeep]\n|-damage|p1b: Sinistcha|63/100 psn|[from] Sandstorm\n|-damage|p2b: Sneasler|60/100|[from] Sandstorm\n|-damage|p1b: Sinistcha|51/100 psn|[from] psn\n|upkeep\n|turn|12\n|\n|t:|1776471919\n|move|p2b: Sneasler|Protect|p2b: Sneasler\n|-singleturn|p2b: Sneasler|Protect\n|move|p1b: Sinistcha|Strength Sap|p2b: Sneasler\n|-activate|p2b: Sneasler|move: Protect\n|\n|-weather|Sandstorm|[upkeep]\n|-damage|p1b: Sinistcha|45/100 psn|[from] Sandstorm\n|-damage|p2b: Sneasler|55/100|[from] Sandstorm\n|-enditem|p1b: Sinistcha|Sitrus Berry|[eat]\n|-heal|p1b: Sinistcha|70/100 psn|[from] item: Sitrus Berry\n|-damage|p1b: Sinistcha|57/100 psn|[from] psn\n|upkeep\n|turn|13\n|\n|t:|1776471932\n|move|p1b: Sinistcha|Strength Sap|p2b: Sneasler\n|-unboost|p2b: Sneasler|atk|1\n|-heal|p1b: Sinistcha|100/100 psn\n|move|p2b: Sneasler|Dire Claw|p1b: Sinistcha\n|-damage|p1b: Sinistcha|80/100 psn\n|\n|-weather|Sandstorm|[upkeep]\n|-damage|p1b: Sinistcha|74/100 psn|[from] Sandstorm\n|-damage|p2b: Sneasler|49/100|[from] Sandstorm\n|-damage|p1b: Sinistcha|62/100 psn|[from] psn\n|-fieldend|move: Trick Room\n|upkeep\n|turn|14\n|\n|t:|1776471947\n|move|p2b: Sneasler|Protect|p2b: Sneasler\n|-singleturn|p2b: Sneasler|Protect\n|move|p1b: Sinistcha|Trick Room|p1b: Sinistcha\n|-fieldstart|move: Trick Room|[of] p1b: Sinistcha\n|\n|-weather|none\n|-damage|p1b: Sinistcha|49/100 psn|[from] psn\n|upkeep\n|turn|15\n|\n|t:|1776471953\n|move|p2b: Sneasler|Protect|p2b: Sneasler\n|-singleturn|p2b: Sneasler|Protect\n|move|p1b: Sinistcha|Strength Sap|p2b: Sneasler\n|-activate|p2b: Sneasler|move: Protect\n|\n|-damage|p1b: Sinistcha|37/100 psn|[from] psn\n|upkeep\n|turn|16\n|\n|t:|1776471961\n|move|p1b: Sinistcha|Strength Sap|p2b: Sneasler\n|-unboost|p2b: Sneasler|atk|1\n|-heal|p1b: Sinistcha|100/100 psn\n|move|p2b: Sneasler|Dire Claw|p1b: Sinistcha\n|-damage|p1b: Sinistcha|85/100 psn\n|\n|-damage|p1b: Sinistcha|73/100 psn|[from] psn\n|upkeep\n|turn|17\n|\n|t:|1776471967\n|move|p2b: Sneasler|Protect|p2b: Sneasler\n|-singleturn|p2b: Sneasler|Protect\n|move|p1b: Sinistcha|Matcha Gotcha|p2b: Sneasler\n|-activate|p2b: Sneasler|move: Protect\n|\n|-damage|p1b: Sinistcha|61/100 psn|[from] psn\n|upkeep\n|turn|18\n|\n|t:|1776471976\n|move|p2b: Sneasler|Protect||[still]\n|-fail|p2b: Sneasler\n|move|p1b: Sinistcha|Matcha Gotcha|p2b: Sneasler\n|-resisted|p2b: Sneasler|1\n|-damage|p2b: Sneasler|27/100\n|-heal|p1b: Sinistcha|70/100 psn|[from] drain|[of] p2b: Sneasler\n|\n|-damage|p1b: Sinistcha|58/100 psn|[from] psn\n|-fieldend|move: Trick Room\n|upkeep\n|turn|19\n|\n|t:|1776471985\n|move|p2b: Sneasler|Dire Claw|p1b: Sinistcha\n|-damage|p1b: Sinistcha|40/100 psn\n|move|p1b: Sinistcha|Matcha Gotcha|p2b: Sneasler\n|-resisted|p2b: Sneasler|1\n|-damage|p2b: Sneasler|4/100\n|-heal|p1b: Sinistcha|50/100 psn|[from] drain|[of] p2b: Sneasler\n|\n|-damage|p1b: Sinistcha|38/100 psn|[from] psn\n|upkeep\n|turn|20\n|\n|t:|1776471997\n|move|p2b: Sneasler|Dire Claw|p1b: Sinistcha\n|-damage|p1b: Sinistcha|21/100 psn\n|move|p1b: Sinistcha|Trick Room|p1b: Sinistcha\n|-fieldstart|move: Trick Room|[of] p1b: Sinistcha\n|\n|-damage|p1b: Sinistcha|9/100 psn|[from] psn\n|upkeep\n|turn|21\n|\n|t:|1776472006\n|move|p1b: Sinistcha|Matcha Gotcha|p2b: Sneasler\n|-resisted|p2b: Sneasler|1\n|-damage|p2b: Sneasler|0 fnt\n|-heal|p1b: Sinistcha|11/100 psn|[from] drain|[of] p2b: Sneasler\n|faint|p2b: Sneasler\n|\n|win|NearuRJ\n|raw|NearuRJ's rating: 1123 &rarr; <strong>1149</strong><br />(+26 for winning)\n|raw|yakendralo55's rating: 1132 &rarr; <strong>1106</strong><br />(-26 for losing)\n|l|\u2606yakendralo55\n|player|p2|\n",
  "uploadtime": 1776472133,
  "views": 20,
  "formatid": "gen9championsvgc2026regma",
  "rating": 1106,
  "private": 0,
  "password": null
}