{
  "id": "gen9championsvgc2026regma-2581883939",
  "format": "[Gen 9 Champions] VGC 2026 Reg M-A",
  "players": [
    "Jmoneyzzzzz",
    "Cc Pokemon team"
  ],
  "log": "|j|\u2606Jmoneyzzzzz\n|j|\u2606Cc Pokemon team\n|t:|1776036550\n|gametype|doubles\n|player|p1|Jmoneyzzzzz|101|1191\n|player|p2|Cc Pokemon team|2|1207\n|gen|9\n|tier|[Gen 9 Champions] VGC 2026 Reg M-A\n|rated|\n|rule|Species Clause: Limit one of each Pok\u00e9mon\n|rule|Item Clause: Limit 1 of each item\n|clearpoke\n|poke|p1|Chesnaught, L50, F|\n|poke|p1|Charizard, L50, F|\n|poke|p1|Rotom-Wash, L50|\n|poke|p1|Sinistcha, L50|\n|poke|p1|Mamoswine, L50, F|\n|poke|p1|Sneasler, L50, F|\n|poke|p2|Archaludon, L50, F|\n|poke|p2|Charizard, L50, M|\n|poke|p2|Venusaur, L50, M|\n|poke|p2|Incineroar, L50, F|\n|poke|p2|Garchomp, L50, M|\n|poke|p2|Whimsicott, L50, M|\n|teampreview|4\n|l|\u2606Jmoneyzzzzz\n|player|p1|\n|j|\u2606Jmoneyzzzzz\n|player|p1|Jmoneyzzzzz|101|\n|inactive|Battle timer is ON: inactive players will automatically lose when time's up. (requested by Cc Pokemon team)\n|\n|t:|1776036605\n|teamsize|p1|4\n|teamsize|p2|4\n|start\n|switch|p1a: Water Boy|Rotom-Wash, L50|100/100\n|switch|p1b: Zard Set #7261|Charizard, L50, F|100/100\n|switch|p2a: Charizard|Charizard, L50, M|100/100\n|switch|p2b: Venusaur|Venusaur, L50, M|100/100\n|turn|1\n|inactive|Cc Pokemon team has 30 seconds left.\n|\n|t:|1776036635\n|switch|p2a: Garchomp|Garchomp, L50, M|100/100\n|detailschange|p1b: Zard Set #7261|Charizard-Mega-X, L50, F\n|-mega|p1b: Zard Set #7261|Charizard|Charizardite X\n|move|p2b: Venusaur|Protect|p2b: Venusaur\n|-singleturn|p2b: Venusaur|Protect\n|move|p1a: Water Boy|Thunderbolt|p2a: Garchomp\n|-immune|p2a: Garchomp\n|move|p1b: Zard Set #7261|Dragon Dance|p1b: Zard Set #7261\n|-boost|p1b: Zard Set #7261|atk|1\n|-boost|p1b: Zard Set #7261|spe|1\n|\n|upkeep\n|turn|2\n|inactive|Jmoneyzzzzz has 30 seconds left.\n|inactive|Cc Pokemon team has 30 seconds left.\n|inactive|Jmoneyzzzzz has 20 seconds left.\n|inactive|Cc Pokemon team has 20 seconds left.\n|inactive|Jmoneyzzzzz has 15 seconds left.\n|inactive|Cc Pokemon team has 15 seconds left.\n|inactive|Cc Pokemon team has 10 seconds left.\n|\n|t:|1776036687\n|switch|p2a: Whimsicott|Whimsicott, L50, M|100/100\n|switch|p1a: Great Tusks|Mamoswine, L50, F|100/100\n|move|p1b: Zard Set #7261|Flare Blitz|p2b: Venusaur\n|-supereffective|p2b: Venusaur|1\n|-damage|p2b: Venusaur|0 fnt\n|faint|p2b: Venusaur\n|-damage|p1b: Zard Set #7261|67/100|[from] Recoil\n|\n|upkeep\n|\n|t:|1776036699\n|switch|p2b: Charizard|Charizard, L50, M|100/100\n|turn|3\n|\n|t:|1776036723\n|detailschange|p2b: Charizard|Charizard-Mega-Y, L50, M\n|-mega|p2b: Charizard|Charizard|Charizardite Y\n|-weather|SunnyDay|[from] ability: Drought|[of] p2b: Charizard\n|move|p2a: Whimsicott|Tailwind|p2a: Whimsicott\n|-sidestart|p2: Cc Pokemon team|move: Tailwind\n|move|p2b: Charizard|Heat Wave|p1a: Great Tusks|[spread] p1a,p1b\n|-supereffective|p1a: Great Tusks|1\n|-resisted|p1b: Zard Set #7261|2\n|-damage|p1a: Great Tusks|3/100\n|-damage|p1b: Zard Set #7261|46/100\n|move|p1b: Zard Set #7261|Dragon Claw|p2b: Charizard\n|-crit|p2b: Charizard\n|-damage|p2b: Charizard|0 fnt\n|faint|p2b: Charizard\n|move|p1a: Great Tusks|Icicle Crash|p2a: Whimsicott\n|-supereffective|p2a: Whimsicott|1\n|-enditem|p2a: Whimsicott|Focus Sash\n|-damage|p2a: Whimsicott|1/100\n|\n|-weather|SunnyDay|[upkeep]\n|upkeep\n|\n|t:|1776036730\n|switch|p2b: Garchomp|Garchomp, L50, M|100/100\n|turn|4\n|inactive|Jmoneyzzzzz has 30 seconds left.\n|inactive|Cc Pokemon team has 30 seconds left.\n|inactive|Jmoneyzzzzz has 20 seconds left.\n|\n|t:|1776036769\n|move|p1a: Great Tusks|Ice Shard|p2b: Garchomp\n|-supereffective|p2b: Garchomp|2\n|-damage|p2b: Garchomp|9/100\n|move|p2b: Garchomp|Dragon Claw|p1b: Zard Set #7261\n|-supereffective|p1b: Zard Set #7261|1\n|-damage|p1b: Zard Set #7261|0 fnt\n|faint|p1b: Zard Set #7261\n|move|p2a: Whimsicott|Moonblast|p1a: Great Tusks\n|-damage|p1a: Great Tusks|0 fnt\n|faint|p1a: Great Tusks\n|\n|-weather|SunnyDay|[upkeep]\n|upkeep\n|\n|t:|1776036780\n|switch|p1b: Water Boy|Rotom-Wash, L50|100/100\n|switch|p1a: Sneedler|Sneasler, L50, F|100/100\n|turn|5\n|inactive|Jmoneyzzzzz has 30 seconds left.\n|\n|t:|1776036807\n|move|p1a: Sneedler|Fake Out|p2a: Whimsicott\n|-damage|p2a: Whimsicott|0 fnt\n|faint|p2a: Whimsicott\n|move|p2b: Garchomp|Dragon Claw|p1b: Water Boy\n|-damage|p1b: Water Boy|46/100\n|move|p1b: Water Boy|Hydro Pump|p2b: Garchomp\n|-damage|p2b: Garchomp|0 fnt\n|faint|p2b: Garchomp\n|\n|win|Jmoneyzzzzz\n|raw|Jmoneyzzzzz's rating: 1191 &rarr; <strong>1217</strong><br />(+26 for winning)\n|raw|Cc Pokemon team's rating: 1207 &rarr; <strong>1181</strong><br />(-26 for losing)\n|l|\u2606Cc Pokemon team\n|player|p2|\n",
  "uploadtime": 1776036843,
  "views": 14,
  "formatid": "gen9championsvgc2026regma",
  "rating": 1181,
  "private": 0,
  "password": null
}