{
  "id": "gen9championsvgc2026regma-2583782022",
  "format": "[Gen 9 Champions] VGC 2026 Reg M-A",
  "players": [
    "Miau22cosas",
    "jflenhardt"
  ],
  "log": "|j|\u2606Miau22cosas\n|j|\u2606jflenhardt\n|t:|1776197309\n|gametype|doubles\n|player|p1|Miau22cosas|gentleman-gen4|1226\n|player|p2|jflenhardt|hiker|1294\n|gen|9\n|tier|[Gen 9 Champions] VGC 2026 Reg M-A\n|rated|\n|rule|Species Clause: Limit one of each Pok\u00e9mon\n|rule|Item Clause: Limit 1 of each item\n|clearpoke\n|poke|p1|Golurk, L50|\n|poke|p1|Decidueye-Hisui, L50, M|\n|poke|p1|Farigiraf, L50, F|\n|poke|p1|Milotic, L50, F|\n|poke|p1|Liepard, L50, F|\n|poke|p1|Garchomp, L50, F|\n|poke|p2|Froslass, L50, F|\n|poke|p2|Aerodactyl, L50, M|\n|poke|p2|Garchomp, L50, M|\n|poke|p2|Sneasler, L50, M|\n|poke|p2|Kingambit, L50, F|\n|poke|p2|Rotom-Wash, L50|\n|teampreview|4\n|inactive|Battle timer is ON: inactive players will automatically lose when time's up. (requested by Miau22cosas)\n|j| Neekz0\n|inactive|jflenhardt has 60 seconds left.\n|inactive|jflenhardt has 30 seconds left.\n|inactive|jflenhardt has 20 seconds left.\n|inactive|jflenhardt has 15 seconds left.\n|inactive|jflenhardt has 10 seconds left.\n|inactive|jflenhardt has 5 seconds left.\n|c|\u2606Miau22cosas|Why?\n|\n|t:|1776197400\n|teamsize|p1|4\n|teamsize|p2|4\n|start\n|switch|p1a: Decidueye|Decidueye-Hisui, L50, M|100/100\n|switch|p1b: Farigiraf|Farigiraf, L50, F|100/100\n|switch|p2a: LJDarkrai drag|Froslass, L50, F, shiny|100/100\n|switch|p2b: Aerodactyl|Aerodactyl, L50, M|100/100\n|-ability|p2b: Aerodactyl|Unnerve\n|turn|1\n|inactive|Miau22cosas has 30 seconds left.\n|inactive|jflenhardt has 30 seconds left.\n|inactive|jflenhardt has 20 seconds left.\n|inactive|jflenhardt has 15 seconds left.\n|inactive|jflenhardt has 10 seconds left.\n|inactive|jflenhardt has 5 seconds left.\n|\n|t:|1776197455\n|move|p2b: Aerodactyl|Rock Slide|p1a: Decidueye|[spread] p1a,p1b\n|-resisted|p1a: Decidueye|1\n|-damage|p1a: Decidueye|86/100\n|-damage|p1b: Farigiraf|77/100\n|move|p2a: LJDarkrai drag|Blizzard|p1b: Farigiraf|[spread] p1a,p1b\n|-supereffective|p1a: Decidueye|1\n|-damage|p1a: Decidueye|25/100\n|-damage|p1b: Farigiraf|48/100\n|move|p1a: Decidueye|Triple Arrows|p2b: Aerodactyl\n|-damage|p2b: Aerodactyl|24/100\n|cant|p1b: Farigiraf|flinch\n|\n|upkeep\n|turn|2\n|inactive|Miau22cosas has 30 seconds left.\n|\n|t:|1776197486\n|detailschange|p2a: LJDarkrai drag|Froslass-Mega, L50, F, shiny\n|-mega|p2a: LJDarkrai drag|Froslass|Froslassite\n|-weather|Snowscape|[from] ability: Snow Warning|[of] p2a: LJDarkrai drag\n|move|p1b: Farigiraf|Protect|p1b: Farigiraf\n|-singleturn|p1b: Farigiraf|Protect\n|move|p2b: Aerodactyl|Rock Slide|p1b: Farigiraf|[spread] p1a\n|-activate|p1b: Farigiraf|move: Protect\n|-resisted|p1a: Decidueye|1\n|-damage|p1a: Decidueye|11/100\n|move|p2a: LJDarkrai drag|Blizzard|p1a: Decidueye|[spread] p1a\n|-activate|p1b: Farigiraf|move: Protect\n|-supereffective|p1a: Decidueye|1\n|-damage|p1a: Decidueye|0 fnt\n|faint|p1a: Decidueye\n|\n|-weather|Snowscape|[upkeep]\n|upkeep\n|\n|t:|1776197488\n|switch|p1a: Garchomp|Garchomp, L50, F|100/100\n|turn|3\n|\n|t:|1776197514\n|move|p1a: Garchomp|Rock Slide|p2a: LJDarkrai drag|[spread] p2b\n|-miss|p1a: Garchomp|p2a: LJDarkrai drag\n|-supereffective|p2b: Aerodactyl|1\n|-damage|p2b: Aerodactyl|0 fnt\n|faint|p2b: Aerodactyl\n|move|p2a: LJDarkrai drag|Blizzard|p1b: Farigiraf|[spread] p1a,p1b\n|-supereffective|p1a: Garchomp|2\n|-damage|p1a: Garchomp|0 fnt\n|-damage|p1b: Farigiraf|5/100\n|faint|p1a: Garchomp\n|move|p1b: Farigiraf|Trick Room|p1b: Farigiraf\n|-fieldstart|move: Trick Room|[of] p1b: Farigiraf\n|\n|-weather|Snowscape|[upkeep]\n|upkeep\n|inactive|jflenhardt has 30 seconds left.\n|inactive|jflenhardt has 20 seconds left.\n|\n|t:|1776197551\n|switch|p1a: Golurk|Golurk, L50|100/100\n|switch|p2b: Sneasler|Sneasler, L50, M|100/100\n|turn|4\n|inactive|jflenhardt has 30 seconds left.\n|\n|t:|1776197583\n|detailschange|p1a: Golurk|Golurk-Mega, L50\n|-mega|p1a: Golurk|Golurk|Golurkite\n|move|p2b: Sneasler|Protect|p2b: Sneasler\n|-singleturn|p2b: Sneasler|Protect\n|move|p1a: Golurk|Poltergeist|p2a: LJDarkrai drag\n|-activate|p2a: LJDarkrai drag|move: Poltergeist|Froslassite\n|-supereffective|p2a: LJDarkrai drag|1\n|-damage|p2a: LJDarkrai drag|0 fnt\n|faint|p2a: LJDarkrai drag\n|move|p1b: Farigiraf|Twin Beam|p2b: Sneasler\n|-activate|p2b: Sneasler|move: Protect\n|\n|-weather|Snowscape|[upkeep]\n|upkeep\n|\n|t:|1776197596\n|switch|p2a: Garchomp|Garchomp, L50, M|100/100\n|turn|5\n|\n|t:|1776197609\n|move|p1a: Golurk|Poltergeist|p2a: Garchomp\n|-activate|p2a: Garchomp|move: Poltergeist|Garchompite\n|-damage|p2a: Garchomp|22/100\n|move|p1b: Farigiraf|Twin Beam|p2b: Sneasler\n|-supereffective|p2b: Sneasler|2\n|-damage|p2b: Sneasler|0 fnt\n|faint|p2b: Sneasler\n|-hitcount|p2: Sneasler|1\n|move|p2a: Garchomp|Dragon Claw|p1a: Golurk\n|-damage|p1a: Golurk|63/100\n|\n|-weather|Snowscape|[upkeep]\n|upkeep\n|turn|6\n|-message|jflenhardt forfeited.\n|\n|win|Miau22cosas\n|raw|Miau22cosas's rating: 1226 &rarr; <strong>1256</strong><br />(+30 for winning)\n|raw|jflenhardt's rating: 1294 &rarr; <strong>1264</strong><br />(-30 for losing)\n|l|\u2606jflenhardt\n|player|p2|\n|l| Neekz0\n",
  "uploadtime": 1776197630,
  "views": 24,
  "formatid": "gen9championsvgc2026regma",
  "rating": 1256,
  "private": 0,
  "password": null
}