{
  "id": "gen9championsvgc2026regma-2585081099",
  "format": "[Gen 9 Champions] VGC 2026 Reg M-A",
  "players": [
    "joymaxxing",
    "jasonrfry"
  ],
  "log": "|j|\u2606joymaxxing\n|j|\u2606jasonrfry\n|t:|1776309758\n|gametype|doubles\n|player|p1|joymaxxing|elesa|1222\n|player|p2|jasonrfry|1|1164\n|gen|9\n|tier|[Gen 9 Champions] VGC 2026 Reg M-A\n|rated|\n|rule|Species Clause: Limit one of each Pok\u00e9mon\n|rule|Item Clause: Limit 1 of each item\n|clearpoke\n|poke|p1|Sylveon, L50, F|\n|poke|p1|Milotic, L50, M|\n|poke|p1|Whimsicott, L50, F|\n|poke|p1|Gyarados, L50, F|\n|poke|p1|Lopunny, L50, F|\n|poke|p1|Incineroar, L50, M|\n|poke|p2|Mimikyu, L50, F|\n|poke|p2|Meganium, L50, F|\n|poke|p2|Primarina, L50, M|\n|poke|p2|Sneasler, L50, F|\n|poke|p2|Torkoal, L50, M|\n|poke|p2|Kingambit, L50, M|\n|teampreview|4\n|\n|t:|1776309796\n|teamsize|p1|4\n|teamsize|p2|4\n|start\n|switch|p1a: Lopunny|Lopunny, L50, F, shiny|100/100\n|switch|p1b: Sylveon|Sylveon, L50, F|100/100\n|switch|p2a: Mimikyu|Mimikyu, L50, F, shiny|100/100\n|switch|p2b: Sneasler|Sneasler, L50, F|100/100\n|turn|1\n|\n|t:|1776309812\n|detailschange|p1a: Lopunny|Lopunny-Mega, L50, F, shiny\n|-mega|p1a: Lopunny|Lopunny|Lopunnite\n|move|p1a: Lopunny|Fake Out|p2b: Sneasler\n|-damage|p2b: Sneasler|63/100\n|cant|p2b: Sneasler|flinch\n|move|p2a: Mimikyu|Will-O-Wisp|p1a: Lopunny\n|-status|p1a: Lopunny|brn\n|move|p1b: Sylveon|Hyper Voice|p2a: Mimikyu|[spread] p2a,p2b\n|-activate|p2a: Mimikyu|ability: Disguise\n|-damage|p2a: Mimikyu|100/100\n|-damage|p2b: Sneasler|0 fnt\n|detailschange|p2a: Mimikyu|Mimikyu-Busted, L50, F, shiny\n|-damage|p2a: Mimikyu|88/100|[from] pokemon: Mimikyu-Busted\n|faint|p2b: Sneasler\n|\n|-damage|p1a: Lopunny|95/100 brn|[from] brn\n|upkeep\n|\n|t:|1776309825\n|switch|p2b: Primarina|Primarina, L50, M, shiny|100/100\n|turn|2\n|\n|t:|1776309841\n|move|p1a: Lopunny|Triple Axel|p2a: Mimikyu\n|-damage|p2a: Mimikyu|83/100\n|-damage|p2a: Mimikyu|75/100\n|-damage|p2a: Mimikyu|60/100\n|-hitcount|p2a: Mimikyu|3\n|move|p1b: Sylveon|Hyper Voice|p2b: Primarina|[spread] p2a,p2b\n|-damage|p2a: Mimikyu|18/100\n|-damage|p2b: Primarina|55/100\n|move|p2b: Primarina|Hyper Voice|p1b: Sylveon|[spread] p1a,p1b\n|-damage|p1a: Lopunny|39/100 brn\n|-damage|p1b: Sylveon|67/100\n|move|p2a: Mimikyu|Trick Room|p2a: Mimikyu\n|-fieldstart|move: Trick Room|[of] p2a: Mimikyu\n|\n|-damage|p1a: Lopunny|34/100 brn|[from] brn\n|upkeep\n|turn|3\n|\n|t:|1776309860\n|switch|p1a: Incineroar|Incineroar, L50, M, shiny|100/100\n|-ability|p1a: Incineroar|Intimidate|boost\n|-unboost|p2a: Mimikyu|atk|1\n|-unboost|p2b: Primarina|atk|1\n|move|p2b: Primarina|Hyper Voice|p1a: Incineroar|[spread] p1a,p1b\n|-supereffective|p1a: Incineroar|1\n|-damage|p1a: Incineroar|31/100\n|-damage|p1b: Sylveon|34/100\n|-enditem|p1a: Incineroar|Sitrus Berry|[eat]\n|-heal|p1a: Incineroar|56/100|[from] item: Sitrus Berry\n|move|p1b: Sylveon|Hyper Voice|p2a: Mimikyu|[spread] p2a,p2b\n|-damage|p2a: Mimikyu|0 fnt\n|-damage|p2b: Primarina|16/100\n|faint|p2a: Mimikyu\n|\n|upkeep\n|\n|t:|1776309869\n|switch|p2a: Meganium|Meganium, L50, F|100/100\n|turn|4\n|\n|t:|1776309898\n|detailschange|p2a: Meganium|Meganium-Mega, L50, F\n|-mega|p2a: Meganium|Meganium|Meganiumite\n|move|p1a: Incineroar|Fake Out|p2b: Primarina\n|-damage|p2b: Primarina|4/100\n|cant|p2b: Primarina|flinch\n|move|p2a: Meganium|Weather Ball|p1b: Sylveon\n|-damage|p1b: Sylveon|0 fnt\n|faint|p1b: Sylveon\n|\n|upkeep\n|\n|t:|1776309912\n|switch|p1b: Lopunny|Lopunny-Mega, L50, F, shiny|34/100 brn\n|turn|5\n|\n|t:|1776309926\n|move|p2b: Primarina|Protect|p2b: Primarina\n|-singleturn|p2b: Primarina|Protect\n|move|p1b: Lopunny|Fake Out|p2b: Primarina\n|-activate|p2b: Primarina|move: Protect\n|move|p1a: Incineroar|Flare Blitz|p2a: Meganium\n|-supereffective|p2a: Meganium|1\n|-damage|p2a: Meganium|17/100\n|-damage|p1a: Incineroar|31/100|[from] Recoil\n|move|p2a: Meganium|Earth Power|p1a: Incineroar\n|-supereffective|p1a: Incineroar|1\n|-damage|p1a: Incineroar|0 fnt\n|faint|p1a: Incineroar\n|\n|-damage|p1b: Lopunny|28/100 brn|[from] brn\n|upkeep\n|\n|t:|1776309931\n|switch|p1a: Milotic|Milotic, L50, M|100/100\n|turn|6\n|\n|t:|1776309936\n|move|p1a: Milotic|Protect|p1a: Milotic\n|-singleturn|p1a: Milotic|Protect\n|move|p1b: Lopunny|Protect|p1b: Lopunny\n|-singleturn|p1b: Lopunny|Protect\n|move|p2b: Primarina|Hyper Voice|p1a: Milotic|[spread] \n|-activate|p1a: Milotic|move: Protect\n|-activate|p1b: Lopunny|move: Protect\n|move|p2a: Meganium|Solar Beam||[still]\n|-prepare|p2a: Meganium|Solar Beam\n|-activate|p2a: Meganium|ability: Mega Sol\n|-anim|p2a: Meganium|Solar Beam|p1a: Milotic\n|-activate|p1a: Milotic|move: Protect\n|\n|-damage|p1b: Lopunny|22/100 brn|[from] brn\n|-fieldend|move: Trick Room\n|upkeep\n|turn|7\n|\n|t:|1776309949\n|move|p1b: Lopunny|Triple Axel|p2a: Meganium\n|-supereffective|p2a: Meganium|1\n|-damage|p2a: Meganium|11/100\n|-supereffective|p2a: Meganium|1\n|-damage|p2a: Meganium|0 fnt\n|faint|p2a: Meganium\n|-hitcount|p2: Meganium|2\n|move|p1a: Milotic|Icy Wind|p2b: Primarina\n|-resisted|p2b: Primarina|1\n|-damage|p2b: Primarina|0 fnt\n|faint|p2b: Primarina\n|\n|win|joymaxxing\n|raw|joymaxxing's rating: 1222 &rarr; <strong>1243</strong><br />(+21 for winning)\n|raw|jasonrfry's rating: 1164 &rarr; <strong>1143</strong><br />(-21 for losing)\n|l|\u2606jasonrfry\n|player|p2|\n",
  "uploadtime": 1776309955,
  "views": 22,
  "formatid": "gen9championsvgc2026regma",
  "rating": 1143,
  "private": 0,
  "password": null
}