{
  "id": "gen9championsvgc2026regma-2585162202",
  "format": "[Gen 9 Champions] VGC 2026 Reg M-A",
  "players": [
    "Noobilio",
    "Axell88"
  ],
  "log": "|j|\u2606Noobilio\n|j|\u2606Axell88\n|t:|1776319505\n|gametype|doubles\n|player|p1|Noobilio|nurse|1208\n|player|p2|Axell88|pokemaniac|1259\n|gen|9\n|tier|[Gen 9 Champions] VGC 2026 Reg M-A\n|rated|\n|rule|Species Clause: Limit one of each Pok\u00e9mon\n|rule|Item Clause: Limit 1 of each item\n|clearpoke\n|poke|p1|Hawlucha, L50, F|\n|poke|p1|Floette-Eternal, L50, F|\n|poke|p1|Incineroar, L50, F|\n|poke|p1|Sinistcha, L50|\n|poke|p1|Snorlax, L50, F|\n|poke|p1|Rotom-Wash, L50|\n|poke|p2|Goodra, L50, F|\n|poke|p2|Primarina, L50, F|\n|poke|p2|Sneasler, L50, M|\n|poke|p2|Pelipper, L50, F|\n|poke|p2|Basculegion, L50, M|\n|poke|p2|Kingambit, L50, M|\n|teampreview|4\n|\n|t:|1776319522\n|teamsize|p1|4\n|teamsize|p2|4\n|start\n|switch|p1a: Rotom|Rotom-Wash, L50, shiny|100/100\n|switch|p1b: Incineroar|Incineroar, L50, F|100/100\n|switch|p2a: Sneasler|Sneasler, L50, M|100/100\n|switch|p2b: Kingambit|Kingambit, L50, M|100/100\n|-ability|p1b: Incineroar|Intimidate|boost\n|-unboost|p2a: Sneasler|atk|1\n|-unboost|p2b: Kingambit|atk|1\n|-ability|p2b: Kingambit|Defiant|boost\n|-boost|p2b: Kingambit|atk|2\n|turn|1\n|\n|t:|1776319545\n|move|p2a: Sneasler|Fake Out|p1b: Incineroar\n|-damage|p1b: Incineroar|91/100\n|-status|p1b: Incineroar|psn|[from] ability: Poison Touch|[of] p2a: Sneasler\n|-enditem|p1b: Incineroar|Lum Berry|[eat]\n|-curestatus|p1b: Incineroar|psn|[msg]\n|move|p1a: Rotom|Will-O-Wisp|p2b: Kingambit\n|-status|p2b: Kingambit|brn\n|cant|p1b: Incineroar|flinch\n|move|p2b: Kingambit|Kowtow Cleave|p1a: Rotom\n|-damage|p1a: Rotom|42/100\n|\n|-damage|p2b: Kingambit|94/100 brn|[from] brn\n|upkeep\n|turn|2\n|\n|t:|1776319566\n|switch|p2b: Pelipper|Pelipper, L50, F|100/100\n|-weather|RainDance|[from] ability: Drizzle|[of] p2b: Pelipper\n|move|p1a: Rotom|Will-O-Wisp|p2a: Sneasler\n|-status|p2a: Sneasler|brn\n|move|p2a: Sneasler|Dire Claw|p1a: Rotom\n|-damage|p1a: Rotom|23/100\n|move|p1b: Incineroar|Darkest Lariat|p2b: Pelipper\n|-damage|p2b: Pelipper|57/100\n|\n|-weather|RainDance|[upkeep]\n|-damage|p2a: Sneasler|95/100 brn|[from] brn\n|upkeep\n|turn|3\n|\n|t:|1776319587\n|switch|p2b: Goodra|Goodra, L50, F|100/100\n|move|p1a: Rotom|Will-O-Wisp|p2a: Sneasler\n|-fail|p2a: Sneasler|brn\n|move|p2a: Sneasler|Dire Claw|p1a: Rotom\n|-damage|p1a: Rotom|6/100\n|-status|p1a: Rotom|psn|[from] ability: Poison Touch|[of] p2a: Sneasler\n|move|p1b: Incineroar|Darkest Lariat|p2b: Goodra\n|-damage|p2b: Goodra|65/100\n|\n|-weather|RainDance|[upkeep]\n|-heal|p2b: Goodra|71/100|[from] item: Leftovers\n|-damage|p1a: Rotom|0 fnt|[from] psn\n|faint|p1a: Rotom\n|-damage|p2a: Sneasler|89/100 brn|[from] brn\n|upkeep\n|\n|t:|1776319600\n|switch|p1a: Floette|Floette-Eternal, L50, F, shiny|100/100\n|turn|4\n|\n|t:|1776319610\n|detailschange|p1a: Floette|Floette-Mega, L50, F, shiny\n|-mega|p1a: Floette|Floette|Floettite\n|-ability|p1a: Floette|Fairy Aura\n|move|p2a: Sneasler|Dire Claw|p1a: Floette\n|-supereffective|p1a: Floette|1\n|-damage|p1a: Floette|68/100\n|move|p1a: Floette|Dazzling Gleam|p2b: Goodra|[spread] p2a,p2b\n|-supereffective|p2b: Goodra|1\n|-damage|p2a: Sneasler|23/100 brn\n|-damage|p2b: Goodra|3/100\n|move|p2b: Goodra|Aqua Tail|p1a: Floette\n|-damage|p1a: Floette|23/100\n|move|p1b: Incineroar|Parting Shot|p2b: Goodra\n|-unboost|p2b: Goodra|atk|1\n|-unboost|p2b: Goodra|spa|1\n|\n|t:|1776319623\n|switch|p1b: Sinistcha|Sinistcha, L50|100/100|[from] Parting Shot\n|-heal|p1a: Floette|47/100|[from] ability: Hospitality|[of] p1b: Sinistcha\n|\n|-weather|RainDance|[upkeep]\n|-heal|p2b: Goodra|9/100|[from] item: Leftovers\n|-damage|p2a: Sneasler|18/100 brn|[from] brn\n|upkeep\n|turn|5\n|\n|t:|1776319635\n|move|p1b: Sinistcha|Rage Powder|p1b: Sinistcha\n|-singleturn|p1b: Sinistcha|move: Rage Powder\n|move|p2a: Sneasler|Taunt|p1b: Sinistcha\n|-start|p1b: Sinistcha|move: Taunt\n|move|p1a: Floette|Dazzling Gleam|p2a: Sneasler|[spread] p2a,p2b\n|-supereffective|p2b: Goodra|1\n|-damage|p2a: Sneasler|0 fnt\n|-damage|p2b: Goodra|0 fnt\n|faint|p2a: Sneasler\n|faint|p2b: Goodra\n|\n|-weather|RainDance|[upkeep]\n|upkeep\n|\n|t:|1776319645\n|switch|p2a: Pelipper|Pelipper, L50, F|57/100\n|switch|p2b: Kingambit|Kingambit, L50, M|94/100 brn\n|turn|6\n|\n|t:|1776319656\n|move|p2a: Pelipper|Wide Guard|p2a: Pelipper\n|-singleturn|p2a: Pelipper|Wide Guard\n|move|p1a: Floette|Moonblast|p2b: Kingambit\n|-damage|p2b: Kingambit|12/100 brn\n|move|p1b: Sinistcha|Matcha Gotcha|p2a: Pelipper|[spread] \n|-activate|p2a: Pelipper|move: Wide Guard\n|-activate|p2b: Kingambit|move: Wide Guard\n|move|p2b: Kingambit|Iron Head|p1a: Floette\n|-supereffective|p1a: Floette|1\n|-damage|p1a: Floette|0 fnt\n|faint|p1a: Floette\n|\n|-weather|none\n|-damage|p2b: Kingambit|6/100 brn|[from] brn\n|upkeep\n|\n|t:|1776319667\n|switch|p1a: Incineroar|Incineroar, L50, F|91/100\n|-ability|p1a: Incineroar|Intimidate|boost\n|-unboost|p2a: Pelipper|atk|1\n|-unboost|p2b: Kingambit|atk|1\n|-ability|p2b: Kingambit|Defiant|boost\n|-boost|p2b: Kingambit|atk|2\n|turn|7\n|\n|t:|1776319678\n|move|p1a: Incineroar|Fake Out|p2b: Kingambit\n|-resisted|p2b: Kingambit|1\n|-crit|p2b: Kingambit\n|-damage|p2b: Kingambit|0 fnt\n|faint|p2b: Kingambit\n|move|p2a: Pelipper|Muddy Water|p1b: Sinistcha|[spread] p1a,p1b\n|-supereffective|p1a: Incineroar|1\n|-resisted|p1b: Sinistcha|1\n|-damage|p1a: Incineroar|46/100\n|-damage|p1b: Sinistcha|85/100\n|-unboost|p1a: Incineroar|accuracy|1\n|move|p1b: Sinistcha|Shadow Ball|p2a: Pelipper\n|-damage|p2a: Pelipper|3/100\n|-unboost|p2a: Pelipper|spd|1\n|\n|upkeep\n|turn|8\n|\n|t:|1776319690\n|move|p2a: Pelipper|Hurricane|p1b: Sinistcha|[miss]\n|-miss|p2a: Pelipper|p1b: Sinistcha\n|move|p1b: Sinistcha|Shadow Ball|p2a: Pelipper\n|-damage|p2a: Pelipper|0 fnt\n|faint|p2a: Pelipper\n|\n|win|Noobilio\n|raw|Noobilio's rating: 1208 &rarr; <strong>1237</strong><br />(+29 for winning)\n|raw|Axell88's rating: 1259 &rarr; <strong>1230</strong><br />(-29 for losing)\n",
  "uploadtime": 1776319699,
  "views": 41,
  "formatid": "gen9championsvgc2026regma",
  "rating": 1230,
  "private": 0,
  "password": null
}