{
  "id": "gen9championsvgc2026regma-2586130238",
  "format": "[Gen 9 Champions] VGC 2026 Reg M-A",
  "players": [
    "Pinoitaliano",
    "DoArc"
  ],
  "log": "|j|\u2606Pinoitaliano\n|j|\u2606DoArc\n|t:|1776402701\n|gametype|doubles\n|player|p1|Pinoitaliano|allister|1146\n|player|p2|DoArc|artist-gen4|1170\n|gen|9\n|tier|[Gen 9 Champions] VGC 2026 Reg M-A\n|rated|\n|rule|Species Clause: Limit one of each Pok\u00e9mon\n|rule|Item Clause: Limit 1 of each item\n|clearpoke\n|poke|p1|Aggron, L50, M|\n|poke|p1|Whimsicott, L50, M|\n|poke|p1|Incineroar, L50, F|\n|poke|p1|Mimikyu, L50, M|\n|poke|p1|Gallade, L50, M|\n|poke|p1|Araquanid, L50, F|\n|poke|p2|Maushold-Four, L50|\n|poke|p2|Meowstic, L50, M|\n|poke|p2|Incineroar, L50, F|\n|poke|p2|Alakazam, L50, M|\n|poke|p2|Zoroark-Hisui, L50, M|\n|poke|p2|Meowscarada, L50, M|\n|teampreview|4\n|inactive|Battle timer is ON: inactive players will automatically lose when time's up. (requested by DoArc)\n|inactive|Pinoitaliano also wants the timer to be on.\n|\n|t:|1776402728\n|teamsize|p1|4\n|teamsize|p2|4\n|start\n|switch|p1a: Aggron|Aggron, L50, M|100/100\n|switch|p1b: Mimikyu|Mimikyu, L50, M|100/100\n|switch|p2a: Meowstic|Meowstic, L50, M|100/100\n|switch|p2b: Alakazam|Alakazam, L50, M|100/100\n|turn|1\n|\n|t:|1776402748\n|move|p2b: Alakazam|Protect|p2b: Alakazam\n|-singleturn|p2b: Alakazam|Protect\n|move|p1a: Aggron|Protect|p1a: Aggron\n|-singleturn|p1a: Aggron|Protect\n|move|p2a: Meowstic|Gravity|p2a: Meowstic\n|-fieldstart|move: Gravity\n|move|p1b: Mimikyu|Trick Room|p1b: Mimikyu\n|-fieldstart|move: Trick Room|[of] p1b: Mimikyu\n|\n|upkeep\n|turn|2\n|\n|t:|1776402768\n|switch|p2b: Incineroar|Incineroar, L50, F|100/100\n|-ability|p2b: Incineroar|Intimidate|boost\n|-unboost|p1a: Aggron|atk|1\n|-unboost|p1b: Mimikyu|atk|1\n|detailschange|p1a: Aggron|Aggron-Mega, L50, M\n|-mega|p1a: Aggron|Aggron|Aggronite\n|move|p2a: Meowstic|Psychic Terrain|p2a: Meowstic\n|-fieldstart|move: Psychic Terrain\n|move|p1a: Aggron|Heavy Slam|p2b: Incineroar\n|-resisted|p2b: Incineroar|1\n|-damage|p2b: Incineroar|90/100\n|move|p1b: Mimikyu|Shadow Claw|p2b: Incineroar\n|-resisted|p2b: Incineroar|1\n|-damage|p2b: Incineroar|83/100\n|\n|upkeep\n|turn|3\n|\n|t:|1776402791\n|move|p1a: Aggron|Rock Slide|p2b: Incineroar|[spread] p2a,p2b\n|-supereffective|p2b: Incineroar|1\n|-damage|p2a: Meowstic|87/100\n|-damage|p2b: Incineroar|66/100\n|move|p2b: Incineroar|Flare Blitz|p1a: Aggron\n|-supereffective|p1a: Aggron|1\n|-damage|p1a: Aggron|68/100\n|-damage|p2b: Incineroar|58/100|[from] Recoil\n|move|p1b: Mimikyu|Shadow Claw|p2a: Meowstic\n|-supereffective|p2a: Meowstic|1\n|-damage|p2a: Meowstic|39/100\n|move|p2a: Meowstic|Expanding Force|p1b: Mimikyu|[spread] p1a,p1b\n|-resisted|p1a: Aggron|1\n|-damage|p1a: Aggron|44/100\n|-activate|p1b: Mimikyu|ability: Disguise\n|-damage|p1b: Mimikyu|100/100\n|detailschange|p1b: Mimikyu|Mimikyu-Busted, L50, M\n|-damage|p1b: Mimikyu|88/100|[from] pokemon: Mimikyu-Busted\n|\n|upkeep\n|turn|4\n|\n|t:|1776402816\n|move|p1a: Aggron|Body Press|p2b: Incineroar\n|-supereffective|p2b: Incineroar|1\n|-damage|p2b: Incineroar|0 fnt\n|faint|p2b: Incineroar\n|move|p1b: Mimikyu|Shadow Claw|p2a: Meowstic\n|-supereffective|p2a: Meowstic|1\n|-damage|p2a: Meowstic|0 fnt\n|faint|p2a: Meowstic\n|\n|upkeep\n|\n|t:|1776402826\n|switch|p2b: Alakazam|Alakazam, L50, M|100/100\n|switch|p2a: Meowscarada|Meowscarada, L50, M|100/100\n|turn|5\n|\n|t:|1776402838\n|detailschange|p2b: Alakazam|Alakazam-Mega, L50, M\n|-mega|p2b: Alakazam|Alakazam|Alakazite\n|-ability|p2b: Alakazam|Filter|Trace|[from] ability: Trace|[of] p1a: Aggron\n|move|p2b: Alakazam|Protect|p2b: Alakazam\n|-singleturn|p2b: Alakazam|Protect\n|move|p1a: Aggron|Body Press|p2a: Meowscarada\n|-supereffective|p2a: Meowscarada|1\n|-damage|p2a: Meowscarada|0 fnt\n|faint|p2a: Meowscarada\n|move|p1b: Mimikyu|Shadow Claw|p2b: Alakazam\n|-activate|p2b: Alakazam|move: Protect\n|\n|-fieldend|move: Trick Room\n|-fieldend|move: Gravity\n|upkeep\n|turn|6\n|\n|t:|1776402862\n|move|p2b: Alakazam|Expanding Force|p1a: Aggron|[spread] p1a,p1b\n|-resisted|p1a: Aggron|1\n|-damage|p1a: Aggron|0 fnt\n|-damage|p1b: Mimikyu|0 fnt\n|faint|p1a: Aggron\n|faint|p1b: Mimikyu\n|\n|-fieldend|move: Psychic Terrain\n|upkeep\n|\n|t:|1776402871\n|switch|p1b: Araquanid|Araquanid, L50, F|100/100\n|switch|p1a: Incineroar|Incineroar, L50, F|100/100\n|-ability|p1a: Incineroar|Intimidate|boost\n|-unboost|p2b: Alakazam|atk|1\n|turn|7\n|\n|t:|1776402886\n|move|p2b: Alakazam|Protect|p2b: Alakazam\n|-singleturn|p2b: Alakazam|Protect\n|move|p1a: Incineroar|Darkest Lariat|p2b: Alakazam\n|-activate|p2b: Alakazam|move: Protect\n|move|p1b: Araquanid|Liquidation|p2b: Alakazam\n|-activate|p2b: Alakazam|move: Protect\n|\n|upkeep\n|turn|8\n|\n|t:|1776402899\n|move|p2b: Alakazam|Focus Blast|p1a: Incineroar\n|-supereffective|p1a: Incineroar|1\n|-damage|p1a: Incineroar|0 fnt\n|faint|p1a: Incineroar\n|move|p1b: Araquanid|Liquidation|p2b: Alakazam\n|-damage|p2b: Alakazam|0 fnt\n|faint|p2b: Alakazam\n|\n|win|Pinoitaliano\n|raw|Pinoitaliano's rating: 1146 &rarr; <strong>1173</strong><br />(+27 for winning)\n|raw|DoArc's rating: 1170 &rarr; <strong>1143</strong><br />(-27 for losing)\n|l|\u2606DoArc\n|player|p2|\n",
  "uploadtime": 1776402923,
  "views": 18,
  "formatid": "gen9championsvgc2026regma",
  "rating": 1143,
  "private": 0,
  "password": null
}