{
  "id": "gen9championsvgc2026regma-2584788901",
  "format": "[Gen 9 Champions] VGC 2026 Reg M-A",
  "players": [
    "thewxfr",
    "gasertheegyptain"
  ],
  "log": "|j|\u2606thewxfr\n|j|\u2606gasertheegyptain\n|t:|1776283750\n|gametype|doubles\n|player|p1|thewxfr|1|\n|player|p2|gasertheegyptain|unknown|\n|gen|9\n|tier|[Gen 9 Champions] VGC 2026 Reg M-A\n|rule|Species Clause: Limit one of each Pok\u00e9mon\n|rule|Item Clause: Limit 1 of each item\n|clearpoke\n|poke|p1|Sableye, L50, F|\n|poke|p1|Typhlosion, L50, M|\n|poke|p1|Floette-Eternal, L50, F|\n|poke|p1|Sinistcha, L50|\n|poke|p1|Torkoal, L50, M|\n|poke|p1|Oranguru, L50, F|\n|poke|p2|Charizard, L50, M|\n|poke|p2|Alcremie, L50, F|\n|poke|p2|Basculegion, L50, M|\n|poke|p2|Sinistcha-Masterpiece, L50|\n|poke|p2|Gardevoir, L50, F|\n|poke|p2|Sneasler, L50, M|\n|teampreview|4\n|c|\u2606gasertheegyptain|goddamnit\n|c|\u2606thewxfr|this isn't good against yours\n|c|\u2606thewxfr|but its a real team\n|c|\u2606gasertheegyptain|its that fucking gaint fire rat that i hate\n|c|\u2606thewxfr|lmao\n|c|\u2606thewxfr|do not threat child\nthewxfr rejected open team sheets.\n|c|\u2606gasertheegyptain|oh no i will\n|c|\u2606thewxfr|:D\n|\n|t:|1776283816\n|teamsize|p1|4\n|teamsize|p2|4\n|start\n|switch|p1a: Sableye|Sableye, L50, F|100/100\n|switch|p1b: Typhlosion|Typhlosion, L50, M|100/100\n|switch|p2a: Alcremie|Alcremie, L50, F|100/100\n|switch|p2b: Sneasler|Sneasler, L50, M|100/100\n|turn|1\n|\n|t:|1776283835\n|move|p2b: Sneasler|Fake Out|p1b: Typhlosion\n|-damage|p1b: Typhlosion|80/100\n|move|p1a: Sableye|Quash||[still]\n|-fail|p1a: Sableye\n|cant|p1b: Typhlosion|flinch\n|move|p2a: Alcremie|Encore|p1a: Sableye\n|-start|p1a: Sableye|Encore\n|\n|upkeep\n|turn|2\n|c|\u2606thewxfr|very well\n|\n|t:|1776283846\n|move|p1a: Sableye|Quash|p2b: Sneasler\n|-activate|p2b: Sneasler|move: Quash\n|move|p1b: Typhlosion|Eruption|p2b: Sneasler|[spread] p2a,p2b\n|-damage|p2a: Alcremie|62/100\n|-damage|p2b: Sneasler|36/100\n|move|p2a: Alcremie|Decorate|p2b: Sneasler\n|-boost|p2b: Sneasler|atk|2\n|-boost|p2b: Sneasler|spa|2\n|move|p2b: Sneasler|Dire Claw|p1b: Typhlosion\n|-damage|p1b: Typhlosion|0 fnt\n|faint|p1b: Typhlosion\n|\n|upkeep\n|c|\u2606thewxfr|i'll use it again\n|\n|t:|1776283853\n|switch|p1b: Floette|Floette-Eternal, L50, F|100/100\n|turn|3\n|\n|t:|1776283870\n|detailschange|p1b: Floette|Floette-Mega, L50, F\n|-mega|p1b: Floette|Floette|Floettite\n|-ability|p1b: Floette|Fairy Aura\n|move|p1a: Sableye|Quash|p2b: Sneasler\n|-activate|p2b: Sneasler|move: Quash\n|move|p1b: Floette|Dazzling Gleam|p2a: Alcremie|[spread] p2a,p2b\n|-damage|p2a: Alcremie|27/100\n|-damage|p2b: Sneasler|0 fnt\n|-enditem|p2a: Alcremie|Sitrus Berry|[eat]\n|-heal|p2a: Alcremie|52/100|[from] item: Sitrus Berry\n|faint|p2b: Sneasler\n|move|p2a: Alcremie|Recover|p2a: Alcremie\n|-heal|p2a: Alcremie|100/100\n|\n|upkeep\n|\n|t:|1776283885\n|switch|p2b: Basculegion|Basculegion, L50, M|100/100\n|turn|4\n|\n|t:|1776283898\n|move|p1a: Sableye|Quash|p2b: Basculegion\n|-activate|p2b: Basculegion|move: Quash\n|move|p1b: Floette|Moonblast|p2b: Basculegion\n|-damage|p2b: Basculegion|3/100\n|move|p2a: Alcremie|Decorate|p2b: Basculegion\n|-boost|p2b: Basculegion|atk|2\n|-boost|p2b: Basculegion|spa|2\n|move|p2b: Basculegion|Last Respects|p1b: Floette\n|-damage|p1b: Floette|0 fnt\n|faint|p1b: Floette\n|\n|-end|p1a: Sableye|Encore\n|upkeep\n|c|\u2606thewxfr|i knew it would live dayum\n|\n|t:|1776283911\n|switch|p1b: Sinistcha|Sinistcha, L50|100/100\n|turn|5\n|\n|t:|1776283924\n|move|p1a: Sableye|Quash|p2b: Basculegion\n|-activate|p2b: Basculegion|move: Quash\n|move|p2a: Alcremie|Substitute|p2a: Alcremie\n|-start|p2a: Alcremie|Substitute\n|-damage|p2a: Alcremie|75/100\n|move|p1b: Sinistcha|Shadow Ball|p2b: Basculegion\n|-supereffective|p2b: Basculegion|1\n|-damage|p2b: Basculegion|0 fnt\n|faint|p2b: Basculegion\n|\n|upkeep\n|c|\u2606thewxfr|quash is so insane\n|\n|t:|1776283931\n|switch|p2b: Charizard|Charizard, L50, M|100/100\n|turn|6\n|\n|t:|1776283951\n|detailschange|p2b: Charizard|Charizard-Mega-X, L50, M\n|-mega|p2b: Charizard|Charizard|Charizardite X\n|move|p1a: Sableye|Quash|p2b: Charizard\n|-activate|p2b: Charizard|move: Quash\n|move|p2a: Alcremie|Decorate|p2b: Charizard\n|-boost|p2b: Charizard|atk|2\n|-boost|p2b: Charizard|spa|2\n|move|p1b: Sinistcha|Shadow Ball|p2b: Charizard\n|-damage|p2b: Charizard|53/100\n|move|p2b: Charizard|Flare Blitz|p1b: Sinistcha\n|-supereffective|p1b: Sinistcha|1\n|-damage|p1b: Sinistcha|0 fnt\n|faint|p1b: Sinistcha\n|-damage|p2b: Charizard|15/100|[from] Recoil\n|\n|upkeep\n|turn|7\n|\n|t:|1776283971\n|move|p1a: Sableye|Disable|p2b: Charizard\n|-block|p2b: Charizard|ability: Aroma Veil|[of] p2a: Alcremie\n|move|p2b: Charizard|Dragon Claw|p1a: Sableye\n|-damage|p1a: Sableye|0 fnt\n|faint|p1a: Sableye\n|\n|win|gasertheegyptain\n|c|\u2606thewxfr|oh\n|c|\u2606gasertheegyptain|gg\n|c|\u2606thewxfr|aromatic veil prevents that\n|c|\u2606gasertheegyptain|yeah aroma vile\n|c|\u2606thewxfr|i thought it was on the user not allies\n|c|\u2606gasertheegyptain|veil\n|c|\u2606thewxfr|interesting\n|c|\u2606gasertheegyptain|lmao\n|c|\u2606thewxfr|well nice\n|c|\u2606gasertheegyptain|but hey good match\n|c|\u2606gasertheegyptain|i finally won against you\n|c|\u2606thewxfr|tbf i killed myself\n|c|\u2606thewxfr|quash made you decorate before you attacked lmao\n|c|\u2606gasertheegyptain|thats a goddamn achivment in my book\n|c|\u2606gasertheegyptain|true yeah\n|c|\u2606thewxfr|hey i was using an actual team so yeah\n",
  "uploadtime": 1776284026,
  "views": 18,
  "formatid": "gen9championsvgc2026regma",
  "rating": null,
  "private": 0,
  "password": null
}