{
  "id": "gen9championsvgc2026regma-2588519302",
  "format": "[Gen 9 Champions] VGC 2026 Reg M-A",
  "players": [
    "Jkspaceferret",
    "Dr Gaster PHD"
  ],
  "log": "|j|\u2606Jkspaceferret\n|j|\u2606Dr Gaster PHD\n|t:|1776641025\n|gametype|doubles\n|player|p1|Jkspaceferret|102|1305\n|player|p2|Dr Gaster PHD|ghetsis|1309\n|gen|9\n|tier|[Gen 9 Champions] VGC 2026 Reg M-A\n|rated|\n|rule|Species Clause: Limit one of each Pok\u00e9mon\n|rule|Item Clause: Limit 1 of each item\n|clearpoke\n|poke|p1|Sinistcha, L50|\n|poke|p1|Lycanroc, L50, M|\n|poke|p1|Primarina, L50, M|\n|poke|p1|Corviknight, L50, M|\n|poke|p1|Tyranitar, L50, M|\n|poke|p1|Incineroar, L50, M|\n|poke|p2|Basculegion, L50, M, shiny|\n|poke|p2|Archaludon, L50, F, shiny|\n|poke|p2|Pelipper, L50, M|\n|poke|p2|Sneasler, L50, M|\n|poke|p2|Meganium, L50, M|\n|poke|p2|Dragonite, L50, F, shiny|\n|teampreview|4\nDr Gaster PHD rejected open team sheets.\n|inactive|Battle timer is ON: inactive players will automatically lose when time's up. (requested by Dr Gaster PHD)\n|\n|t:|1776641067\n|teamsize|p1|4\n|teamsize|p2|4\n|start\n|switch|p1a: Corviknight|Corviknight, L50, M|100/100\n|switch|p1b: Tyranitar|Tyranitar, L50, M|100/100\n|switch|p2a: Purple Rain|Basculegion, L50, M, shiny|100/100\n|switch|p2b: Bridgette|Archaludon, L50, F, shiny|100/100\n|-weather|Sandstorm|[from] ability: Sand Stream|[of] p1b: Tyranitar\n|turn|1\n|inactive|Jkspaceferret has 30 seconds left.\n|\n|t:|1776641100\n|move|p1b: Tyranitar|Protect|p1b: Tyranitar\n|-singleturn|p1b: Tyranitar|Protect\n|move|p2a: Purple Rain|Flip Turn|p1b: Tyranitar\n|-activate|p1b: Tyranitar|move: Protect\n|move|p1a: Corviknight|Tailwind|p1a: Corviknight\n|-sidestart|p1: Jkspaceferret|move: Tailwind\n|move|p2b: Bridgette|Electro Shot||[still]\n|-prepare|p2b: Bridgette|Electro Shot\n|-boost|p2b: Bridgette|spa|1\n|\n|-weather|Sandstorm|[upkeep]\n|-damage|p2a: Purple Rain|94/100|[from] Sandstorm\n|upkeep\n|turn|2\n|inactive|Jkspaceferret has 30 seconds left.\n|inactive|Jkspaceferret has 20 seconds left.\n|inactive|Jkspaceferret has 15 seconds left.\n|inactive|Jkspaceferret has 10 seconds left.\n|\n|t:|1776641148\n|switch|p1a: Lycanroc|Lycanroc, L50, M|100/100\n|switch|p2a: Sky Toilet|Pelipper, L50, M|100/100\n|-weather|RainDance|[from] ability: Drizzle|[of] p2a: Sky Toilet\n|switch|p1b: Sinistcha|Sinistcha, L50|100/100\n|move|p2b: Bridgette|Electro Shot|p1a: Lycanroc|[from] lockedmove\n|-damage|p1a: Lycanroc|5/100\n|\n|-weather|RainDance|[upkeep]\n|upkeep\n|turn|3\n|inactive|Jkspaceferret has 30 seconds left.\n|inactive|Jkspaceferret has 20 seconds left.\n|inactive|Jkspaceferret has 15 seconds left.\n|\n|t:|1776641191\n|switch|p1b: Tyranitar|Tyranitar, L50, M|100/100\n|-weather|Sandstorm|[from] ability: Sand Stream|[of] p1b: Tyranitar\n|switch|p2a: Rhizomatic Arrow|Meganium, L50, M|100/100\n|move|p1a: Lycanroc|Rock Slide|p2b: Bridgette|[spread] p2a,p2b\n|-resisted|p2b: Bridgette|1\n|-damage|p2a: Rhizomatic Arrow|70/100\n|-damage|p2b: Bridgette|90/100\n|-ability|p2b: Bridgette|Stamina|boost\n|-boost|p2b: Bridgette|def|1\n|move|p2b: Bridgette|Electro Shot||[still]\n|-prepare|p2b: Bridgette|Electro Shot\n|-boost|p2b: Bridgette|spa|1\n|\n|-weather|Sandstorm|[upkeep]\n|-damage|p2a: Rhizomatic Arrow|64/100|[from] Sandstorm\n|-heal|p2b: Bridgette|96/100|[from] item: Leftovers\n|upkeep\n|turn|4\n|inactive|Jkspaceferret has 30 seconds left.\n|\n|t:|1776641218\n|detailschange|p1b: Tyranitar|Tyranitar-Mega, L50, M\n|-mega|p1b: Tyranitar|Tyranitar|Tyranitarite\n|detailschange|p2a: Rhizomatic Arrow|Meganium-Mega, L50, M\n|-mega|p2a: Rhizomatic Arrow|Meganium|Meganiumite\n|move|p1a: Lycanroc|Rock Slide|p2b: Bridgette|[spread] p2a,p2b\n|-resisted|p2b: Bridgette|1\n|-crit|p2b: Bridgette\n|-damage|p2a: Rhizomatic Arrow|40/100\n|-damage|p2b: Bridgette|78/100\n|-ability|p2b: Bridgette|Stamina|boost\n|-boost|p2b: Bridgette|def|1\n|move|p1b: Tyranitar|Rock Slide|p2a: Rhizomatic Arrow|[spread] p2a,p2b\n|-resisted|p2b: Bridgette|1\n|-damage|p2a: Rhizomatic Arrow|7/100\n|-damage|p2b: Bridgette|72/100\n|-ability|p2b: Bridgette|Stamina|boost\n|-boost|p2b: Bridgette|def|1\n|move|p2b: Bridgette|Electro Shot|p1a: Lycanroc|[from] lockedmove\n|-damage|p1a: Lycanroc|0 fnt\n|faint|p1a: Lycanroc\n|move|p2a: Rhizomatic Arrow|Dazzling Gleam|p1b: Tyranitar\n|-supereffective|p1b: Tyranitar|1\n|-damage|p1b: Tyranitar|17/100\n|\n|-weather|Sandstorm|[upkeep]\n|-damage|p2a: Rhizomatic Arrow|1/100|[from] Sandstorm\n|-heal|p2b: Bridgette|78/100|[from] item: Leftovers\n|-sideend|p1: Jkspaceferret|move: Tailwind\n|upkeep\n|inactive|Jkspaceferret has 30 seconds left.\n|\n|t:|1776641245\n|switch|p1a: Corviknight|Corviknight, L50, M|100/100\n|turn|5\n|inactive|Jkspaceferret has 30 seconds left.\n|inactive|Jkspaceferret has 20 seconds left.\n|\n|t:|1776641284\n|switch|p1a: Sinistcha|Sinistcha, L50|100/100\n|-heal|p1b: Tyranitar|42/100|[from] ability: Hospitality|[of] p1a: Sinistcha\n|switch|p2a: Sky Toilet|Pelipper, L50, M|100/100\n|-weather|RainDance|[from] ability: Drizzle|[of] p2a: Sky Toilet\n|move|p2b: Bridgette|Electro Shot||[still]\n|-prepare|p2b: Bridgette|Electro Shot\n|-boost|p2b: Bridgette|spa|1\n|-anim|p2b: Bridgette|Electro Shot|p1a: Sinistcha\n|-resisted|p1a: Sinistcha|1\n|-damage|p1a: Sinistcha|39/100\n|move|p1b: Tyranitar|Earthquake|p2a: Sky Toilet|[spread] p1a,p2b\n|-immune|p2a: Sky Toilet\n|-resisted|p1a: Sinistcha|1\n|-supereffective|p2b: Bridgette|1\n|-damage|p1a: Sinistcha|21/100\n|-damage|p2b: Bridgette|56/100\n|-ability|p2b: Bridgette|Stamina|boost\n|-boost|p2b: Bridgette|def|1\n|\n|-weather|RainDance|[upkeep]\n|-heal|p2b: Bridgette|62/100|[from] item: Leftovers\n|upkeep\n|turn|6\n|inactive|Jkspaceferret has 30 seconds left.\n|inactive|Jkspaceferret has 20 seconds left.\n|inactive|Jkspaceferret has 15 seconds left.\n|inactive|Jkspaceferret has 10 seconds left.\n|\n|t:|1776641333\n|move|p2a: Sky Toilet|Weather Ball|p1b: Tyranitar\n|-supereffective|p1b: Tyranitar|1\n|-damage|p1b: Tyranitar|0 fnt\n|faint|p1b: Tyranitar\n|move|p2b: Bridgette|Electro Shot||[still]\n|-prepare|p2b: Bridgette|Electro Shot\n|-boost|p2b: Bridgette|spa|1\n|-anim|p2b: Bridgette|Electro Shot|p1a: Sinistcha\n|-resisted|p1a: Sinistcha|1\n|-damage|p1a: Sinistcha|0 fnt\n|faint|p1a: Sinistcha\n|\n|-weather|RainDance|[upkeep]\n|-heal|p2b: Bridgette|69/100|[from] item: Leftovers\n|upkeep\n|-message|Jkspaceferret forfeited.\n|\n|win|Dr Gaster PHD\n|raw|Jkspaceferret's rating: 1305 &rarr; <strong>1285</strong><br />(-20 for losing)\n|raw|Dr Gaster PHD's rating: 1309 &rarr; <strong>1329</strong><br />(+20 for winning)\n|l|\u2606Jkspaceferret\n|player|p1|\n",
  "uploadtime": 1776641351,
  "views": 12,
  "formatid": "gen9championsvgc2026regma",
  "rating": 1285,
  "private": 0,
  "password": null
}