{
  "id": "gen9championsvgc2026regma-2584316477",
  "format": "[Gen 9 Champions] VGC 2026 Reg M-A",
  "players": [
    "dr.pq",
    "Glubbyyank"
  ],
  "log": "|j|\u2606dr.pq\n|j|\u2606Glubbyyank\n|t:|1776250492\n|gametype|doubles\n|player|p1|dr.pq|emmet|1000\n|player|p2|Glubbyyank|1|1000\n|gen|9\n|tier|[Gen 9 Champions] VGC 2026 Reg M-A\n|rated|\n|rule|Species Clause: Limit one of each Pok\u00e9mon\n|rule|Item Clause: Limit 1 of each item\n|clearpoke\n|poke|p1|Charizard, L50, F|\n|poke|p1|Meganium, L50, F|\n|poke|p1|Whimsicott, L50, F|\n|poke|p1|Garchomp, L50, M|\n|poke|p1|Sneasler, L50, M|\n|poke|p1|Typhlosion-Hisui, L50, M|\n|poke|p2|Aggron, L50, F|\n|poke|p2|Sneasler, L50, F|\n|poke|p2|Aerodactyl, L50, F|\n|poke|p2|Sinistcha, L50|\n|poke|p2|Tyranitar, L50, M|\n|poke|p2|Hydreigon, L50, F|\n|teampreview|4\n|inactive|Battle timer is ON: inactive players will automatically lose when time's up. (requested by dr.pq)\n|\n|t:|1776250553\n|teamsize|p1|4\n|teamsize|p2|4\n|start\n|switch|p1a: Whimsicott|Whimsicott, L50, F, shiny|100/100\n|switch|p1b: Sneasler|Sneasler, L50, M, shiny|100/100\n|switch|p2a: Aerodactyl|Aerodactyl, L50, F|100/100\n|switch|p2b: Tyranitar|Tyranitar, L50, M|100/100\n|-weather|Sandstorm|[from] ability: Sand Stream|[of] p2b: Tyranitar\n|turn|1\n|inactive|dr.pq has 30 seconds left.\n|inactive|Glubbyyank has 30 seconds left.\n|inactive|dr.pq has 20 seconds left.\n|inactive|Glubbyyank has 20 seconds left.\n|inactive|Glubbyyank has 15 seconds left.\n|inactive|dr.pq has 15 seconds left.\n|inactive|Glubbyyank has 10 seconds left.\n|\n|t:|1776250603\n|move|p1b: Sneasler|Fake Out|p2a: Aerodactyl\n|-resisted|p2a: Aerodactyl|1\n|-damage|p2a: Aerodactyl|88/100\n|move|p1a: Whimsicott|Tailwind|p1a: Whimsicott\n|-sidestart|p1: dr.pq|move: Tailwind\n|cant|p2a: Aerodactyl|flinch\n|move|p2b: Tyranitar|Rock Slide|p1b: Sneasler|[spread] p1a,p1b\n|-resisted|p1b: Sneasler|1\n|-damage|p1a: Whimsicott|50/100\n|-damage|p1b: Sneasler|72/100\n|\n|-weather|Sandstorm|[upkeep]\n|-damage|p1a: Whimsicott|44/100|[from] Sandstorm\n|-damage|p1b: Sneasler|67/100|[from] Sandstorm\n|-heal|p1a: Whimsicott|50/100|[from] item: Leftovers\n|upkeep\n|turn|2\n|inactive|dr.pq has 30 seconds left.\n|inactive|Glubbyyank has 30 seconds left.\n|inactive|Glubbyyank has 20 seconds left.\n|\n|t:|1776250642\n|detailschange|p2a: Aerodactyl|Aerodactyl-Mega, L50, F\n|-mega|p2a: Aerodactyl|Aerodactyl|Aerodactylite\n|move|p2a: Aerodactyl|Protect|p2a: Aerodactyl\n|-singleturn|p2a: Aerodactyl|Protect\n|move|p1a: Whimsicott|Moonblast|p2b: Tyranitar\n|-supereffective|p2b: Tyranitar|1\n|-damage|p2b: Tyranitar|55/100\n|move|p1b: Sneasler|Close Combat|p2a: Aerodactyl\n|-activate|p2a: Aerodactyl|move: Protect\n|move|p2b: Tyranitar|Rock Slide|p1a: Whimsicott|[spread] p1a,p1b\n|-resisted|p1b: Sneasler|1\n|-damage|p1a: Whimsicott|4/100\n|-damage|p1b: Sneasler|41/100\n|\n|-weather|Sandstorm|[upkeep]\n|-damage|p1a: Whimsicott|0 fnt|[from] Sandstorm\n|-damage|p1b: Sneasler|36/100|[from] Sandstorm\n|faint|p1a: Whimsicott\n|upkeep\n|inactive|dr.pq has 30 seconds left.\n|inactive|dr.pq has 20 seconds left.\n|\n|t:|1776250680\n|switch|p1a: Garchomp|Garchomp, L50, M, shiny|100/100\n|turn|3\n|inactive|Glubbyyank has 30 seconds left.\n|inactive|Glubbyyank has 20 seconds left.\n|\n|t:|1776250715\n|move|p1b: Sneasler|Close Combat|p2b: Tyranitar\n|-supereffective|p2b: Tyranitar|2\n|-damage|p2b: Tyranitar|0 fnt\n|-unboost|p1b: Sneasler|def|1\n|-unboost|p1b: Sneasler|spd|1\n|faint|p2b: Tyranitar\n|move|p1a: Garchomp|Rock Slide|p2a: Aerodactyl\n|-supereffective|p2a: Aerodactyl|1\n|-damage|p2a: Aerodactyl|13/100\n|cant|p2a: Aerodactyl|flinch\n|\n|-weather|Sandstorm|[upkeep]\n|-damage|p1b: Sneasler|30/100|[from] Sandstorm\n|upkeep\n|\n|t:|1776250731\n|switch|p2b: Sinistcha|Sinistcha, L50|100/100\n|-heal|p2a: Aerodactyl|37/100|[from] ability: Hospitality|[of] p2b: Sinistcha\n|turn|4\n|inactive|dr.pq has 30 seconds left.\n|\n|t:|1776250760\n|move|p1b: Sneasler|Protect|p1b: Sneasler\n|-singleturn|p1b: Sneasler|Protect\n|move|p2a: Aerodactyl|Protect|p2a: Aerodactyl\n|-singleturn|p2a: Aerodactyl|Protect\n|move|p2b: Sinistcha|Rage Powder|p2b: Sinistcha\n|-singleturn|p2b: Sinistcha|move: Rage Powder\n|move|p1a: Garchomp|Rock Slide|p2a: Aerodactyl|[spread] p2b\n|-activate|p2a: Aerodactyl|move: Protect\n|-damage|p2b: Sinistcha|84/100\n|\n|-weather|Sandstorm|[upkeep]\n|-damage|p1b: Sneasler|24/100|[from] Sandstorm\n|-damage|p2b: Sinistcha|78/100|[from] Sandstorm\n|-sideend|p1: dr.pq|move: Tailwind\n|upkeep\n|turn|5\n|inactive|dr.pq has 30 seconds left.\n|inactive|Glubbyyank has 30 seconds left.\n|inactive|Glubbyyank has 20 seconds left.\n|\n|t:|1776250796\n|move|p2a: Aerodactyl|Ice Fang|p1a: Garchomp\n|-supereffective|p1a: Garchomp|2\n|-damage|p1a: Garchomp|0 fnt\n|-damage|p2a: Aerodactyl|25/100|[from] ability: Rough Skin|[of] p1a: Garchomp\n|faint|p1a: Garchomp\n|move|p1b: Sneasler|Dire Claw|p2b: Sinistcha\n|-damage|p2b: Sinistcha|36/100\n|move|p2b: Sinistcha|Matcha Gotcha|p1b: Sneasler|[miss]\n|-miss|p2b: Sinistcha|p1b: Sneasler\n|\n|-weather|none\n|upkeep\n|\n|t:|1776250809\n|switch|p1a: Meganium|Meganium, L50, F|100/100\n|turn|6\n|inactive|Glubbyyank has 30 seconds left.\n|\n|t:|1776250838\n|detailschange|p1a: Meganium|Meganium-Mega, L50, F\n|-mega|p1a: Meganium|Meganium|Meganiumite\n|move|p2a: Aerodactyl|Dual Wingbeat|p1a: Meganium\n|-supereffective|p1a: Meganium|1\n|-damage|p1a: Meganium|45/100\n|-supereffective|p1a: Meganium|1\n|-damage|p1a: Meganium|0 fnt\n|faint|p1a: Meganium\n|-hitcount|p1: Meganium|2\n|move|p1b: Sneasler|Close Combat|p2a: Aerodactyl\n|-damage|p2a: Aerodactyl|0 fnt\n|-unboost|p1b: Sneasler|def|1\n|-unboost|p1b: Sneasler|spd|1\n|faint|p2a: Aerodactyl\n|move|p2b: Sinistcha|Life Dew|p2b: Sinistcha\n|-heal|p2b: Sinistcha|61/100\n|\n|upkeep\n|\n|t:|1776250855\n|switch|p2a: Sneasler|Sneasler, L50, F|100/100\n|turn|7\n|inactive|dr.pq has 30 seconds left.\n|-message|dr.pq forfeited.\n|\n|win|Glubbyyank\n|raw|dr.pq's rating: 1000 &rarr; <strong>1000</strong><br />(+0 for losing)\n|raw|Glubbyyank's rating: 1000 &rarr; <strong>1040</strong><br />(+40 for winning)\n|l|\u2606dr.pq\n|player|p1|\n",
  "uploadtime": 1776251018,
  "views": 29,
  "formatid": "gen9championsvgc2026regma",
  "rating": 1000,
  "private": 0,
  "password": null
}