{
  "id": "gen9championsvgc2026regma-2587467525",
  "format": "[Gen 9 Champions] VGC 2026 Reg M-A",
  "players": [
    "siunhanech",
    "biludbiludbilud"
  ],
  "log": "|j|\u2606siunhanech\n|j|\u2606biludbiludbilud\n|t:|1776534297\n|gametype|doubles\n|player|p1|siunhanech|cynthia-gen4|1479\n|player|p2|biludbiludbilud|lucas|1539\n|gen|9\n|tier|[Gen 9 Champions] VGC 2026 Reg M-A\n|rated|\n|rule|Species Clause: Limit one of each Pok\u00e9mon\n|rule|Item Clause: Limit 1 of each item\n|clearpoke\n|poke|p1|Blastoise, L50, M|\n|poke|p1|Sableye, L50, F|\n|poke|p1|Sneasler, L50, F|\n|poke|p1|Sinistcha, L50|\n|poke|p1|Espathra, L50, F|\n|poke|p1|Basculegion-F, L50, F|\n|poke|p2|Archaludon, L50, F|\n|poke|p2|Basculegion, L50, M|\n|poke|p2|Pelipper, L50, F|\n|poke|p2|Sneasler, L50, F|\n|poke|p2|Garchomp, L50, M|\n|poke|p2|Venusaur, L50, F|\n|teampreview|4\n|inactive|Battle timer is ON: inactive players will automatically lose when time's up. (requested by siunhanech)\n|\n|t:|1776534320\n|teamsize|p1|4\n|teamsize|p2|4\n|start\n|switch|p1a: \u0110\u00e0 \u0111i\u1ec3u|Espathra, L50, F|100/100\n|switch|p1b: Sinh vi\u00ean|Sableye, L50, F|100/100\n|switch|p2a: Sneasler|Sneasler, L50, F|100/100\n|switch|p2b: Basculegion|Basculegion, L50, M|100/100\n|turn|1\n|\n|t:|1776534332\n|move|p1b: Sinh vi\u00ean|Fake Out|p2a: Sneasler\n|-damage|p2a: Sneasler|90/100\n|move|p2b: Basculegion|Last Respects|p1a: \u0110\u00e0 \u0111i\u1ec3u\n|-supereffective|p1a: \u0110\u00e0 \u0111i\u1ec3u|1\n|-enditem|p1a: \u0110\u00e0 \u0111i\u1ec3u|Kasib Berry|[eat]\n|-enditem|p1a: \u0110\u00e0 \u0111i\u1ec3u|Kasib Berry|[weaken]\n|-damage|p1a: \u0110\u00e0 \u0111i\u1ec3u|72/100\n|cant|p2a: Sneasler|flinch\n|move|p1a: \u0110\u00e0 \u0111i\u1ec3u|Calm Mind|p1a: \u0110\u00e0 \u0111i\u1ec3u\n|-boost|p1a: \u0110\u00e0 \u0111i\u1ec3u|spa|1\n|-boost|p1a: \u0110\u00e0 \u0111i\u1ec3u|spd|1\n|\n|-ability|p1a: \u0110\u00e0 \u0111i\u1ec3u|Speed Boost|boost\n|-boost|p1a: \u0110\u00e0 \u0111i\u1ec3u|spe|1\n|upkeep\n|turn|2\n|\n|t:|1776534352\n|move|p1a: \u0110\u00e0 \u0111i\u1ec3u|Protect|p1a: \u0110\u00e0 \u0111i\u1ec3u\n|-singleturn|p1a: \u0110\u00e0 \u0111i\u1ec3u|Protect\n|move|p1b: Sinh vi\u00ean|Disable|p2b: Basculegion\n|-start|p2b: Basculegion|Disable|Last Respects\n|cant|p2b: Basculegion|Disable|Last Respects\n|move|p2a: Sneasler|Dire Claw|p1a: \u0110\u00e0 \u0111i\u1ec3u\n|-activate|p1a: \u0110\u00e0 \u0111i\u1ec3u|move: Protect\n|\n|-ability|p1a: \u0110\u00e0 \u0111i\u1ec3u|Speed Boost|boost\n|-boost|p1a: \u0110\u00e0 \u0111i\u1ec3u|spe|1\n|upkeep\n|turn|3\n|\n|t:|1776534376\n|switch|p2b: Venusaur|Venusaur, L50, F|100/100\n|switch|p1b: Tr\u00e0 t\u1eeb tay|Sinistcha, L50|100/100\n|-heal|p1a: \u0110\u00e0 \u0111i\u1ec3u|97/100|[from] ability: Hospitality|[of] p1b: Tr\u00e0 t\u1eeb tay\n|move|p1a: \u0110\u00e0 \u0111i\u1ec3u|Lumina Crash|p2a: Sneasler\n|-supereffective|p2a: Sneasler|2\n|-damage|p2a: Sneasler|0 fnt\n|faint|p2a: Sneasler\n|\n|-ability|p1a: \u0110\u00e0 \u0111i\u1ec3u|Speed Boost|boost\n|-boost|p1a: \u0110\u00e0 \u0111i\u1ec3u|spe|1\n|upkeep\n|j| TomTom_JerryJerry\n|\n|t:|1776534391\n|switch|p2a: Basculegion|Basculegion, L50, M|100/100\n|turn|4\n|\n|t:|1776534399\n|detailschange|p2b: Venusaur|Venusaur-Mega, L50, F\n|-mega|p2b: Venusaur|Venusaur|Venusaurite\n|move|p1a: \u0110\u00e0 \u0111i\u1ec3u|Protect|p1a: \u0110\u00e0 \u0111i\u1ec3u\n|-singleturn|p1a: \u0110\u00e0 \u0111i\u1ec3u|Protect\n|move|p2a: Basculegion|Last Respects|p1a: \u0110\u00e0 \u0111i\u1ec3u\n|-activate|p1a: \u0110\u00e0 \u0111i\u1ec3u|move: Protect\n|move|p2b: Venusaur|Leech Seed|p1a: \u0110\u00e0 \u0111i\u1ec3u\n|-activate|p1a: \u0110\u00e0 \u0111i\u1ec3u|move: Protect\n|move|p1b: Tr\u00e0 t\u1eeb tay|Matcha Gotcha|p2a: Basculegion|[spread] p2a,p2b\n|-supereffective|p2a: Basculegion|1\n|-resisted|p2b: Venusaur|2\n|-damage|p2a: Basculegion|47/100\n|-damage|p2b: Venusaur|97/100\n|\n|-ability|p1a: \u0110\u00e0 \u0111i\u1ec3u|Speed Boost|boost\n|-boost|p1a: \u0110\u00e0 \u0111i\u1ec3u|spe|1\n|upkeep\n|turn|5\n|inactive|siunhanech has 30 seconds left.\n|j| UltimatheoryPK\n|inactive|siunhanech has 20 seconds left.\n|inactive|siunhanech has 15 seconds left.\n|inactive|siunhanech has 10 seconds left.\n|\n|t:|1776534448\n|move|p1b: Tr\u00e0 t\u1eeb tay|Rage Powder|p1b: Tr\u00e0 t\u1eeb tay\n|-singleturn|p1b: Tr\u00e0 t\u1eeb tay|move: Rage Powder\n|move|p1a: \u0110\u00e0 \u0111i\u1ec3u|Lumina Crash|p2b: Venusaur\n|-supereffective|p2b: Venusaur|1\n|-damage|p2b: Venusaur|36/100\n|-unboost|p2b: Venusaur|spd|2\n|move|p2a: Basculegion|Last Respects|p1b: Tr\u00e0 t\u1eeb tay\n|-supereffective|p1b: Tr\u00e0 t\u1eeb tay|1\n|-damage|p1b: Tr\u00e0 t\u1eeb tay|0 fnt\n|faint|p1b: Tr\u00e0 t\u1eeb tay\n|move|p2b: Venusaur|Leech Seed|p1a: \u0110\u00e0 \u0111i\u1ec3u\n|-start|p1a: \u0110\u00e0 \u0111i\u1ec3u|move: Leech Seed\n|\n|-damage|p1a: \u0110\u00e0 \u0111i\u1ec3u|84/100|[from] Leech Seed|[of] p2b: Venusaur\n|-heal|p2b: Venusaur|49/100|[silent]\n|-ability|p1a: \u0110\u00e0 \u0111i\u1ec3u|Speed Boost|boost\n|-boost|p1a: \u0110\u00e0 \u0111i\u1ec3u|spe|1\n|upkeep\n|\n|t:|1776534462\n|switch|p1b: Sinh vi\u00ean|Sableye, L50, F|100/100\n|turn|6\n|j| 2rffwd\n|\n|t:|1776534471\n|switch|p2a: Garchomp|Garchomp, L50, M|100/100\n|move|p2b: Venusaur|Protect|p2b: Venusaur\n|-singleturn|p2b: Venusaur|Protect\n|move|p1b: Sinh vi\u00ean|Disable||[still]\n|-fail|p1b: Sinh vi\u00ean\n|move|p1a: \u0110\u00e0 \u0111i\u1ec3u|Lumina Crash|p2a: Garchomp\n|-damage|p2a: Garchomp|58/100\n|-unboost|p2a: Garchomp|spd|2\n|\n|-damage|p1a: \u0110\u00e0 \u0111i\u1ec3u|72/100|[from] Leech Seed|[of] p2b: Venusaur\n|-heal|p2b: Venusaur|63/100|[silent]\n|-ability|p1a: \u0110\u00e0 \u0111i\u1ec3u|Speed Boost|boost\n|-boost|p1a: \u0110\u00e0 \u0111i\u1ec3u|spe|1\n|upkeep\n|turn|7\n|inactive|siunhanech has 30 seconds left.\n|inactive|biludbiludbilud has 30 seconds left.\n|\n|t:|1776534500\n|switch|p1b: B\u1eafn t\u00f9m lum|Blastoise, L50, M|100/100\n|move|p1a: \u0110\u00e0 \u0111i\u1ec3u|Lumina Crash|p2b: Venusaur\n|-supereffective|p2b: Venusaur|1\n|-damage|p2b: Venusaur|0 fnt\n|faint|p2b: Venusaur\n|move|p2a: Garchomp|Rock Slide|p1a: \u0110\u00e0 \u0111i\u1ec3u|[spread] p1a,p1b\n|-damage|p1a: \u0110\u00e0 \u0111i\u1ec3u|54/100\n|-damage|p1b: B\u1eafn t\u00f9m lum|82/100\n|\n|upkeep\n|\n|t:|1776534510\n|switch|p2b: Basculegion|Basculegion, L50, M|47/100\n|turn|8\n|\n|t:|1776534525\n|detailschange|p1b: B\u1eafn t\u00f9m lum|Blastoise-Mega, L50, M\n|-mega|p1b: B\u1eafn t\u00f9m lum|Blastoise|Blastoisinite\n|move|p1a: \u0110\u00e0 \u0111i\u1ec3u|Lumina Crash|p2b: Basculegion\n|-damage|p2b: Basculegion|0 fnt\n|faint|p2b: Basculegion\n|move|p2a: Garchomp|Dragon Claw|p1b: B\u1eafn t\u00f9m lum\n|-damage|p1b: B\u1eafn t\u00f9m lum|46/100\n|move|p1b: B\u1eafn t\u00f9m lum|Water Spout|p2a: Garchomp\n|-damage|p2a: Garchomp|0 fnt\n|faint|p2a: Garchomp\n|\n|win|siunhanech\n|raw|siunhanech's rating: 1479 &rarr; <strong>1502</strong><br />(+23 for winning)\n|raw|biludbiludbilud's rating: 1539 &rarr; <strong>1516</strong><br />(-23 for losing)\n|l|\u2606biludbiludbilud\n|player|p2|\n|l| TomTom_JerryJerry\n|l|\u2606siunhanech\n|player|p1|\n|l| 2rffwd\n|l| UltimatheoryPK\n",
  "uploadtime": 1776535176,
  "views": 23,
  "formatid": "gen9championsvgc2026regma",
  "rating": 1502,
  "private": 0,
  "password": null
}