{
  "id": "gen9championsvgc2026regma-2584225479",
  "format": "[Gen 9 Champions] VGC 2026 Reg M-A",
  "players": [
    "refed",
    "yizhongzhiwu"
  ],
  "log": "|j|\u2606refed\n|j|\u2606yizhongzhiwu\n|t:|1776240385\n|gametype|doubles\n|player|p1|refed|102|1080\n|player|p2|yizhongzhiwu|169|1046\n|gen|9\n|tier|[Gen 9 Champions] VGC 2026 Reg M-A\n|rated|\n|rule|Species Clause: Limit one of each Pok\u00e9mon\n|rule|Item Clause: Limit 1 of each item\n|clearpoke\n|poke|p1|Glimmora, L50, M|\n|poke|p1|Talonflame, L50, M|\n|poke|p1|Rotom-Mow, L50|\n|poke|p1|Gyarados, L50, M|\n|poke|p1|Maushold, L50|\n|poke|p1|Mamoswine, L50, M|\n|poke|p2|Politoed, L50, F|\n|poke|p2|Basculegion, L50, M|\n|poke|p2|Dragonite, L50, M|\n|poke|p2|Corviknight, L50, F|\n|poke|p2|Incineroar, L50, M|\n|poke|p2|Sinistcha, L50|\n|teampreview|4\n|\n|t:|1776240426\n|teamsize|p1|4\n|teamsize|p2|4\n|start\n|switch|p1a: Mamoswine|Mamoswine, L50, M|100/100\n|switch|p1b: Talonflame|Talonflame, L50, M|100/100\n|switch|p2a: Politoed|Politoed, L50, F|100/100\n|switch|p2b: Dragonite|Dragonite, L50, M, shiny|100/100\n|-weather|RainDance|[from] ability: Drizzle|[of] p2a: Politoed\n|turn|1\n|\n|t:|1776240449\n|detailschange|p2b: Dragonite|Dragonite-Mega, L50, M, shiny\n|-mega|p2b: Dragonite|Dragonite|Dragoninite\n|move|p1b: Talonflame|Brave Bird|p2b: Dragonite\n|-damage|p2b: Dragonite|82/100\n|-damage|p1b: Talonflame|93/100|[from] Recoil\n|move|p1a: Mamoswine|Icicle Crash|p2b: Dragonite\n|-supereffective|p2b: Dragonite|2\n|-damage|p2b: Dragonite|0 fnt\n|faint|p2b: Dragonite\n|move|p2a: Politoed|Encore|p1b: Talonflame\n|-start|p1b: Talonflame|Encore\n|\n|-weather|RainDance|[upkeep]\n|upkeep\n|\n|t:|1776240463\n|switch|p2b: Basculegion|Basculegion, L50, M|100/100\n|turn|2\n|\n|t:|1776240471\n|switch|p1b: Gyarados|Gyarados, L50, M|100/100\n|-ability|p1b: Gyarados|Intimidate|boost\n|-unboost|p2a: Politoed|atk|1\n|-unboost|p2b: Basculegion|atk|1\n|move|p1a: Mamoswine|Protect|p1a: Mamoswine\n|-singleturn|p1a: Mamoswine|Protect\n|move|p2b: Basculegion|Wave Crash|p1a: Mamoswine\n|-activate|p1a: Mamoswine|move: Protect\n|move|p2a: Politoed|Ice Beam|p1b: Gyarados\n|-damage|p1b: Gyarados|81/100\n|-status|p1b: Gyarados|frz\n|\n|-weather|RainDance|[upkeep]\n|upkeep\n|turn|3\n|\n|t:|1776240495\n|switch|p1a: Maushold|Maushold, L50|100/100\n|detailschange|p1b: Gyarados|Gyarados-Mega, L50, M\n|-mega|p1b: Gyarados|Gyarados|Gyaradosite\n|-ability|p1b: Gyarados|Mold Breaker\n|move|p2b: Basculegion|Flip Turn|p1a: Maushold\n|-damage|p1a: Maushold|54/100\n|\n|t:|1776240504\n|switch|p2b: Sinistcha|Sinistcha, L50|100/100|[from] Flip Turn\n|cant|p1b: Gyarados|frz\n|move|p2a: Politoed|Perish Song|p2a: Politoed\n|-start|p1a: Maushold|perish3|[silent]\n|-start|p1b: Gyarados|perish3|[silent]\n|-start|p2a: Politoed|perish3|[silent]\n|-start|p2b: Sinistcha|perish3|[silent]\n|-fieldactivate|move: Perish Song\n|\n|-weather|RainDance|[upkeep]\n|-start|p1a: Maushold|perish3\n|-start|p1b: Gyarados|perish3\n|-start|p2a: Politoed|perish3\n|-start|p2b: Sinistcha|perish3\n|upkeep\n|turn|4\n|\n|t:|1776240522\n|move|p2a: Politoed|Protect|p2a: Politoed\n|-singleturn|p2a: Politoed|Protect\n|move|p1a: Maushold|Encore|p2a: Politoed\n|-activate|p2a: Politoed|move: Protect\n|cant|p1b: Gyarados|frz\n|move|p2b: Sinistcha|Leaf Storm|p1b: Gyarados\n|-supereffective|p1b: Gyarados|1\n|-damage|p1b: Gyarados|17/100 frz\n|-unboost|p2b: Sinistcha|spa|2\n|\n|-weather|RainDance|[upkeep]\n|-start|p1a: Maushold|perish2\n|-start|p1b: Gyarados|perish2\n|-start|p2a: Politoed|perish2\n|-start|p2b: Sinistcha|perish2\n|upkeep\n|turn|5\n|\n|t:|1776240548\n|switch|p1b: Talonflame|Talonflame, L50, M|93/100\n|switch|p2b: Basculegion|Basculegion, L50, M|100/100\n|move|p2a: Politoed|Protect||[still]\n|-fail|p2a: Politoed\n|move|p1a: Maushold|Encore|p2a: Politoed\n|-start|p2a: Politoed|Encore\n|\n|-weather|none\n|-start|p1a: Maushold|perish1\n|-start|p2a: Politoed|perish1\n|upkeep\n|turn|6\n|\n|t:|1776240575\n|switch|p1a: Gyarados|Gyarados-Mega, L50, M|17/100 frz\n|-ability|p1a: Gyarados|Mold Breaker\n|switch|p2a: Sinistcha|Sinistcha, L50|100/100\n|move|p1b: Talonflame|Tailwind|p1b: Talonflame\n|-sidestart|p1: refed|move: Tailwind\n|move|p2b: Basculegion|Flip Turn|p1b: Talonflame\n|-supereffective|p1b: Talonflame|1\n|-damage|p1b: Talonflame|0 fnt\n|faint|p1b: Talonflame\n|\n|t:|1776240588\n|switch|p2b: Politoed|Politoed, L50, F|100/100|[from] Flip Turn\n|-weather|RainDance|[from] ability: Drizzle|[of] p2b: Politoed\n|\n|-weather|RainDance|[upkeep]\n|upkeep\n|\n|t:|1776240591\n|switch|p1b: Mamoswine|Mamoswine, L50, M|100/100\n|turn|7\n|\n|t:|1776240603\n|move|p1b: Mamoswine|Icicle Crash|p2a: Sinistcha\n|-supereffective|p2a: Sinistcha|1\n|-damage|p2a: Sinistcha|13/100\n|-curestatus|p1a: Gyarados|frz|[msg]\n|move|p1a: Gyarados|Crunch|p2b: Politoed\n|-damage|p2b: Politoed|45/100\n|move|p2b: Politoed|Ice Beam|p1b: Mamoswine\n|-damage|p1b: Mamoswine|74/100\n|cant|p2a: Sinistcha|flinch\n|\n|-weather|RainDance|[upkeep]\n|upkeep\n|turn|8\n|\n|t:|1776240622\n|switch|p2a: Basculegion|Basculegion, L50, M|100/100\n|move|p1a: Gyarados|Protect|p1a: Gyarados\n|-singleturn|p1a: Gyarados|Protect\n|move|p2b: Politoed|Protect|p2b: Politoed\n|-singleturn|p2b: Politoed|Protect\n|move|p1b: Mamoswine|Earthquake|p2a: Basculegion|[spread] p2a\n|-activate|p1a: Gyarados|move: Protect\n|-activate|p2b: Politoed|move: Protect\n|-crit|p2a: Basculegion\n|-damage|p2a: Basculegion|9/100\n|\n|-weather|RainDance|[upkeep]\n|upkeep\n|turn|9\n|\n|t:|1776240649\n|move|p2a: Basculegion|Wave Crash|p1b: Mamoswine\n|-supereffective|p1b: Mamoswine|1\n|-damage|p1b: Mamoswine|0 fnt\n|faint|p1b: Mamoswine\n|-damage|p2a: Basculegion|0 fnt|[from] Recoil\n|faint|p2a: Basculegion\n|move|p1a: Gyarados|Crunch|p2b: Politoed\n|-damage|p2b: Politoed|0 fnt\n|faint|p2b: Politoed\n|\n|-weather|RainDance|[upkeep]\n|-sideend|p1: refed|move: Tailwind\n|upkeep\n|\n|t:|1776240670\n|switch|p1b: Maushold|Maushold, L50|54/100\n|switch|p2b: Sinistcha|Sinistcha, L50|13/100\n|turn|10\n|\n|t:|1776240686\n|move|p1a: Gyarados|Protect|p1a: Gyarados\n|-singleturn|p1a: Gyarados|Protect\n|move|p1b: Maushold|Encore||[still]\n|-fail|p1b: Maushold\n|move|p2b: Sinistcha|Leaf Storm|p1b: Maushold\n|-damage|p1b: Maushold|0 fnt\n|-unboost|p2b: Sinistcha|spa|2\n|faint|p1b: Maushold\n|\n|-weather|none\n|upkeep\n|turn|11\n|\n|t:|1776240701\n|move|p1a: Gyarados|Waterfall|p2b: Sinistcha\n|-resisted|p2b: Sinistcha|1\n|-damage|p2b: Sinistcha|0 fnt\n|faint|p2b: Sinistcha\n|\n|win|refed\n|raw|refed's rating: 1080 &rarr; <strong>1105</strong><br />(+25 for winning)\n|raw|yizhongzhiwu's rating: 1046 &rarr; <strong>1031</strong><br />(-15 for losing)\n",
  "uploadtime": 1776240707,
  "views": 28,
  "formatid": "gen9championsvgc2026regma",
  "rating": 1031,
  "private": 0,
  "password": null
}