{
  "id": "gen9championsvgc2026regma-2581051591",
  "format": "[Gen 9 Champions] VGC 2026 Reg M-A",
  "players": [
    "sweewinston",
    "Torterra Extra"
  ],
  "log": "|j|\u2606sweewinston\n|j|\u2606Torterra Extra\n|t:|1775955293\n|gametype|doubles\n|player|p1|sweewinston|102|1077\n|player|p2|Torterra Extra|firebreather-gen2|1000\n|gen|9\n|tier|[Gen 9 Champions] VGC 2026 Reg M-A\n|rated|\n|rule|Species Clause: Limit one of each Pok\u00e9mon\n|rule|Item Clause: Limit 1 of each item\n|clearpoke\n|poke|p1|Glimmora, L50, M|\n|poke|p1|Noivern, L50, M|\n|poke|p1|Kingambit, L50, F|\n|poke|p1|Tauros-Paldea-Aqua, L50, M|\n|poke|p1|Charizard, L50, M|\n|poke|p1|Garchomp, L50, M|\n|poke|p2|Emboar, L50, M|\n|poke|p2|Reuniclus, L50, M|\n|poke|p2|Mudsdale, L50, F|\n|poke|p2|Spiritomb, L50, F|\n|poke|p2|Archaludon, L50, M|\n|poke|p2|Talonflame, L50, M|\n|teampreview|4\n|inactive|Battle timer is ON: inactive players will automatically lose when time's up. (requested by Torterra Extra)\n|inactive|sweewinston also wants the timer to be on.\nTorterra Extra rejected open team sheets.\n|c|\u2606Torterra Extra|Im new\n|inactive|sweewinston has 60 seconds left.\n|c|\u2606Torterra Extra|Can i tera?\n|\n|t:|1775955345\n|teamsize|p1|4\n|teamsize|p2|4\n|start\n|switch|p1a: Glimmora|Glimmora, L50, M|100/100\n|switch|p1b: Noivern|Noivern, L50, M|100/100\n|switch|p2a: Mudsdale|Mudsdale, L50, F|100/100\n|switch|p2b: Talonflame|Talonflame, L50, M|100/100\n|turn|1\n|inactive|sweewinston has 30 seconds left.\n|inactive|sweewinston has 20 seconds left.\n|inactive|sweewinston has 15 seconds left.\n|inactive|sweewinston has 10 seconds left.\n|\n|t:|1775955392\n|switch|p1b: Garchomp|Garchomp, L50, M|100/100\n|move|p1a: Glimmora|Spiky Shield|p1a: Glimmora\n|-singleturn|p1a: Glimmora|move: Protect\n|move|p2b: Talonflame|Tailwind|p2b: Talonflame\n|-sidestart|p2: Torterra Extra|move: Tailwind\n|move|p2a: Mudsdale|Earthquake|p1a: Glimmora|[spread] p1b\n|-activate|p1a: Glimmora|move: Protect\n|-immune|p2b: Talonflame\n|-damage|p1b: Garchomp|63/100\n|\n|upkeep\n|turn|2\n|\n|t:|1775955412\n|switch|p1a: Noivern|Noivern, L50, M|100/100\n|move|p2b: Talonflame|Hurricane|p1b: Garchomp\n|-damage|p1b: Garchomp|6/100\n|move|p1b: Garchomp|Rock Slide|p2b: Talonflame|[spread] p2a,p2b\n|-resisted|p2a: Mudsdale|1\n|-supereffective|p2b: Talonflame|2\n|-damage|p2a: Mudsdale|92/100\n|-damage|p2b: Talonflame|0 fnt\n|faint|p2b: Talonflame\n|move|p2a: Mudsdale|Iron Defense|p2a: Mudsdale\n|-boost|p2a: Mudsdale|def|2\n|\n|upkeep\n|\n|t:|1775955425\n|switch|p2b: Emboar|Emboar, L50, M, shiny|100/100\n|turn|3\n|\n|t:|1775955438\n|detailschange|p2b: Emboar|Emboar-Mega, L50, M, shiny\n|-mega|p2b: Emboar|Emboar|Emboarite\n|-ability|p2b: Emboar|Mold Breaker\n|move|p1b: Garchomp|Rock Slide|p2b: Emboar|[spread] p2b\n|-miss|p1b: Garchomp|p2a: Mudsdale\n|-damage|p2b: Emboar|82/100\n|move|p2b: Emboar|Rock Slide|p1a: Noivern|[spread] p1a,p1b\n|-supereffective|p1a: Noivern|1\n|-resisted|p1b: Garchomp|1\n|-damage|p1a: Noivern|52/100\n|-damage|p1b: Garchomp|0 fnt\n|faint|p1b: Garchomp\n|move|p1a: Noivern|Tailwind|p1a: Noivern\n|-sidestart|p1: sweewinston|move: Tailwind\n|move|p2a: Mudsdale|Iron Defense|p2a: Mudsdale\n|-boost|p2a: Mudsdale|def|2\n|\n|upkeep\n|\n|t:|1775955449\n|switch|p1b: Glimmora|Glimmora, L50, M|100/100\n|turn|4\n|\n|t:|1775955461\n|move|p1a: Noivern|Protect|p1a: Noivern\n|-singleturn|p1a: Noivern|Protect\n|move|p1b: Glimmora|Spiky Shield|p1b: Glimmora\n|-singleturn|p1b: Glimmora|move: Protect\n|move|p2b: Emboar|Rock Slide|p1a: Noivern|[spread] \n|-activate|p1a: Noivern|move: Protect\n|-activate|p1b: Glimmora|move: Protect\n|move|p2a: Mudsdale|Body Press|p1b: Glimmora\n|-activate|p1b: Glimmora|move: Protect\n|-damage|p2a: Mudsdale|80/100|[from] Spiky Shield|[of] p1b: Glimmora\n|\n|-sideend|p2: Torterra Extra|move: Tailwind\n|upkeep\n|turn|5\n|inactive|sweewinston has 30 seconds left.\n|inactive|sweewinston has 20 seconds left.\n|\n|t:|1775955496\n|detailschange|p1b: Glimmora|Glimmora-Mega, L50, M\n|-mega|p1b: Glimmora|Glimmora|Glimmoranite\n|move|p2a: Mudsdale|Protect|p2a: Mudsdale\n|-singleturn|p2a: Mudsdale|Protect\n|move|p1a: Noivern|Air Slash|p2b: Emboar\n|-supereffective|p2b: Emboar|1\n|-damage|p2b: Emboar|40/100\n|move|p1b: Glimmora|Sludge Wave|p2b: Emboar|[spread] p2b\n|-activate|p2a: Mudsdale|move: Protect\n|-activate|p1a: Noivern|ability: Telepathy\n|-damage|p2b: Emboar|0 fnt\n|faint|p2b: Emboar\n|\n|upkeep\n|\n|t:|1775955512\n|switch|p2b: Archaludon|Archaludon, L50, M|100/100\n|turn|6\n|inactive|sweewinston has 30 seconds left.\n|inactive|sweewinston has 20 seconds left.\n|inactive|sweewinston has 15 seconds left.\n|\n|t:|1775955554\n|move|p2a: Mudsdale|Protect||[still]\n|-fail|p2a: Mudsdale\n|move|p1a: Noivern|Air Slash|p2a: Mudsdale\n|-damage|p2a: Mudsdale|58/100\n|move|p1b: Glimmora|Sludge Bomb|p2a: Mudsdale\n|-resisted|p2a: Mudsdale|1\n|-damage|p2a: Mudsdale|27/100\n|-enditem|p2a: Mudsdale|Sitrus Berry|[eat]\n|-heal|p2a: Mudsdale|51/100|[from] item: Sitrus Berry\n|move|p2b: Archaludon|Thunder Wave|p1b: Glimmora\n|-status|p1b: Glimmora|par\n|\n|-sideend|p1: sweewinston|move: Tailwind\n|upkeep\n|turn|7\n|inactive|sweewinston has 30 seconds left.\n|inactive|sweewinston has 20 seconds left.\n|inactive|sweewinston has 15 seconds left.\n|inactive|sweewinston has 10 seconds left.\n|\n|t:|1775955602\n|move|p1b: Glimmora|Spiky Shield|p1b: Glimmora\n|-singleturn|p1b: Glimmora|move: Protect\n|move|p1a: Noivern|Air Slash|p2a: Mudsdale\n|-damage|p2a: Mudsdale|29/100\n|move|p2b: Archaludon|Draco Meteor|p1a: Noivern\n|-supereffective|p1a: Noivern|1\n|-damage|p1a: Noivern|0 fnt\n|-unboost|p2b: Archaludon|spa|2\n|faint|p1a: Noivern\n|cant|p2a: Mudsdale|flinch\n|\n|upkeep\n|\n|t:|1775955610\n|switch|p1a: Kingambit|Kingambit, L50, F|100/100\n|turn|8\n|\n|t:|1775955629\n|move|p1a: Kingambit|Sucker Punch|p2a: Mudsdale\n|-damage|p2a: Mudsdale|16/100\n|move|p2b: Archaludon|Flash Cannon|p1b: Glimmora\n|-supereffective|p1b: Glimmora|1\n|-crit|p1b: Glimmora\n|-damage|p1b: Glimmora|0 fnt\n|faint|p1b: Glimmora\n|move|p2a: Mudsdale|Earthquake|p1a: Kingambit|[spread] p2b,p1a\n|-supereffective|p2b: Archaludon|1\n|-supereffective|p1a: Kingambit|1\n|-damage|p2b: Archaludon|42/100\n|-damage|p1a: Kingambit|48/100\n|\n|upkeep\n|turn|9\n|-message|sweewinston forfeited.\n|\n|win|Torterra Extra\n|raw|sweewinston's rating: 1077 &rarr; <strong>1051</strong><br />(-26 for losing)\n|raw|Torterra Extra's rating: 1000 &rarr; <strong>1049</strong><br />(+49 for winning)\n|l|\u2606sweewinston\n|player|p1|\n",
  "uploadtime": 1775955651,
  "views": 14,
  "formatid": "gen9championsvgc2026regma",
  "rating": 1049,
  "private": 0,
  "password": null
}