{
  "id": "gen9championsvgc2026regma-2588409930",
  "format": "[Gen 9 Champions] VGC 2026 Reg M-A",
  "players": [
    "n05ta1gia",
    "idealzekrm"
  ],
  "log": "|j|\u2606n05ta1gia\n|j|\u2606idealzekrm\n|t:|1776631139\n|gametype|doubles\n|player|p1|n05ta1gia|lucas|1141\n|player|p2|idealzekrm|red-masters|1070\n|gen|9\n|tier|[Gen 9 Champions] VGC 2026 Reg M-A\n|rated|\n|rule|Species Clause: Limit one of each Pok\u00e9mon\n|rule|Item Clause: Limit 1 of each item\n|clearpoke\n|poke|p1|Hydreigon, L50, F|\n|poke|p1|Farigiraf, L50, M|\n|poke|p1|Heliolisk, L50, F|\n|poke|p1|Chimecho, L50, F|\n|poke|p1|Garchomp, L50, M|\n|poke|p1|Clefable, L50, F|\n|poke|p2|Charizard, L50, F, shiny|\n|poke|p2|Venusaur, L50, F|\n|poke|p2|Pelipper, L50, M|\n|poke|p2|Sinistcha-Masterpiece, L50|\n|poke|p2|Torkoal, L50, F|\n|poke|p2|Incineroar, L50, M, shiny|\n|teampreview|4\n|inactive|Battle timer is ON: inactive players will automatically lose when time's up. (requested by idealzekrm)\n|inactive|n05ta1gia also wants the timer to be on.\n|inactive|n05ta1gia has 60 seconds left.\n|\n|t:|1776631172\n|teamsize|p1|4\n|teamsize|p2|4\n|start\n|switch|p1a: Farigiraf|Farigiraf, L50, M|100/100\n|switch|p1b: Heliolisk|Heliolisk, L50, F|100/100\n|switch|p2a: Charizard|Charizard, L50, F, shiny|100/100\n|switch|p2b: Incineroar|Incineroar, L50, M, shiny|100/100\n|-ability|p2b: Incineroar|Intimidate|boost\n|-unboost|p1a: Farigiraf|atk|1\n|-unboost|p1b: Heliolisk|atk|1\n|turn|1\n|\n|t:|1776631189\n|detailschange|p2a: Charizard|Charizard-Mega-Y, L50, F, shiny\n|-mega|p2a: Charizard|Charizard|Charizardite Y\n|-weather|SunnyDay|[from] ability: Drought|[of] p2a: Charizard\n|move|p1a: Farigiraf|Protect|p1a: Farigiraf\n|-singleturn|p1a: Farigiraf|Protect\n|move|p2b: Incineroar|Fake Out||[still]\n|cant|p1a: Farigiraf|ability: Armor Tail|Fake Out|[of] p2b: Incineroar\n|move|p1b: Heliolisk|Volt Switch|p2a: Charizard\n|-supereffective|p2a: Charizard|1\n|-damage|p2a: Charizard|19/100\n|\n|t:|1776631199\n|switch|p1b: Hydreigon|Hydreigon, L50, F|100/100|[from] Volt Switch\n|move|p2a: Charizard|Heat Wave|p1a: Farigiraf|[spread] p1b\n|-activate|p1a: Farigiraf|move: Protect\n|-resisted|p1b: Hydreigon|1\n|-damage|p1b: Hydreigon|57/100\n|\n|-weather|SunnyDay|[upkeep]\n|upkeep\n|turn|2\n|\n|t:|1776631212\n|switch|p2b: Sinistcha|Sinistcha-Masterpiece, L50|100/100\n|-heal|p2a: Charizard|44/100|[from] ability: Hospitality|[of] p2b: Sinistcha\n|switch|p1a: Heliolisk|Heliolisk, L50, F|100/100\n|move|p2a: Charizard|Protect|p2a: Charizard\n|-singleturn|p2a: Charizard|Protect\n|move|p1b: Hydreigon|Tailwind|p1b: Hydreigon\n|-sidestart|p1: n05ta1gia|move: Tailwind\n|\n|-weather|SunnyDay|[upkeep]\n|-damage|p1a: Heliolisk|88/100|[from] ability: Dry Skin|[of] p1a: Heliolisk\n|upkeep\n|turn|3\n|\n|t:|1776631230\n|switch|p2a: Torkoal|Torkoal, L50, F|100/100\n|switch|p2b: Incineroar|Incineroar, L50, M, shiny|100/100\n|-ability|p2b: Incineroar|Intimidate|boost\n|-unboost|p1a: Heliolisk|atk|1\n|-unboost|p1b: Hydreigon|atk|1\n|move|p1a: Heliolisk|Weather Ball|p2b: Incineroar\n|-resisted|p2b: Incineroar|1\n|-damage|p2b: Incineroar|76/100\n|move|p1b: Hydreigon|Dark Pulse|p2b: Incineroar\n|-resisted|p2b: Incineroar|1\n|-damage|p2b: Incineroar|52/100\n|\n|-weather|SunnyDay|[upkeep]\n|-damage|p1a: Heliolisk|76/100|[from] ability: Dry Skin|[of] p1a: Heliolisk\n|upkeep\n|turn|4\n|inactive|idealzekrm has 30 seconds left.\n|\n|t:|1776631264\n|switch|p1a: Farigiraf|Farigiraf, L50, M|100/100\n|move|p1b: Hydreigon|Dark Pulse|p2a: Torkoal\n|-damage|p2a: Torkoal|28/100\n|move|p2b: Incineroar|Flare Blitz|p1a: Farigiraf\n|-damage|p1a: Farigiraf|23/100\n|-enditem|p1a: Farigiraf|Sitrus Berry|[eat]\n|-heal|p1a: Farigiraf|48/100|[from] item: Sitrus Berry\n|-damage|p2b: Incineroar|24/100|[from] Recoil\n|-enditem|p2b: Incineroar|Sitrus Berry|[eat]\n|-heal|p2b: Incineroar|49/100|[from] item: Sitrus Berry\n|move|p2a: Torkoal|Eruption|p1b: Hydreigon|[spread] p1a,p1b\n|-resisted|p1b: Hydreigon|1\n|-damage|p1a: Farigiraf|28/100\n|-damage|p1b: Hydreigon|45/100\n|\n|-weather|SunnyDay|[upkeep]\n|upkeep\n|turn|5\n|inactive|n05ta1gia has 30 seconds left.\n|\n|t:|1776631291\n|move|p2a: Torkoal|Protect|p2a: Torkoal\n|-singleturn|p2a: Torkoal|Protect\n|move|p1b: Hydreigon|Draco Meteor|p2b: Incineroar\n|-damage|p2b: Incineroar|0 fnt\n|-unboost|p1b: Hydreigon|spa|2\n|faint|p2b: Incineroar\n|move|p1a: Farigiraf|Psychic|p2a: Torkoal\n|-activate|p2a: Torkoal|move: Protect\n|\n|-weather|none\n|-sideend|p1: n05ta1gia|move: Tailwind\n|upkeep\n|\n|t:|1776631301\n|switch|p2b: Charizard|Charizard-Mega-Y, L50, F, shiny|44/100\n|-weather|SunnyDay|[from] ability: Drought|[of] p2b: Charizard\n|turn|6\n|\n|t:|1776631308\n|switch|p2a: Sinistcha|Sinistcha-Masterpiece, L50|100/100\n|-heal|p2b: Charizard|68/100|[from] ability: Hospitality|[of] p2a: Sinistcha\n|move|p1a: Farigiraf|Protect|p1a: Farigiraf\n|-singleturn|p1a: Farigiraf|Protect\n|move|p2b: Charizard|Heat Wave|p1b: Hydreigon|[spread] p1b\n|-activate|p1a: Farigiraf|move: Protect\n|-resisted|p1b: Hydreigon|1\n|-damage|p1b: Hydreigon|3/100\n|move|p1b: Hydreigon|Tailwind|p1b: Hydreigon\n|-sidestart|p1: n05ta1gia|move: Tailwind\n|\n|-weather|SunnyDay|[upkeep]\n|upkeep\n|turn|7\n|\n|t:|1776631325\n|switch|p1a: Chimecho|Chimecho, L50, F|100/100\n|move|p2a: Sinistcha|Protect|p2a: Sinistcha\n|-singleturn|p2a: Sinistcha|Protect\n|move|p1b: Hydreigon|Dark Pulse|p2a: Sinistcha\n|-activate|p2a: Sinistcha|move: Protect\n|move|p2b: Charizard|Heat Wave|p1b: Hydreigon|[spread] p1a,p1b\n|-resisted|p1b: Hydreigon|1\n|-damage|p1a: Chimecho|31/100\n|-damage|p1b: Hydreigon|0 fnt\n|faint|p1b: Hydreigon\n|\n|-weather|SunnyDay|[upkeep]\n|upkeep\n|\n|t:|1776631333\n|switch|p1b: Heliolisk|Heliolisk, L50, F|76/100\n|turn|8\n|\n|t:|1776631351\n|move|p1a: Chimecho|Protect|p1a: Chimecho\n|-singleturn|p1a: Chimecho|Protect\n|move|p2b: Charizard|Protect|p2b: Charizard\n|-singleturn|p2b: Charizard|Protect\n|move|p1b: Heliolisk|Weather Ball|p2a: Sinistcha\n|-supereffective|p2a: Sinistcha|1\n|-damage|p2a: Sinistcha|0 fnt\n|faint|p2a: Sinistcha\n|\n|-weather|SunnyDay|[upkeep]\n|-damage|p1b: Heliolisk|64/100|[from] ability: Dry Skin|[of] p1b: Heliolisk\n|upkeep\n|\n|t:|1776631361\n|switch|p2a: Torkoal|Torkoal, L50, F|28/100\n|turn|9\n|\n|t:|1776631373\n|switch|p1b: Farigiraf|Farigiraf, L50, M|28/100\n|move|p2b: Charizard|Protect|p2b: Charizard\n|-singleturn|p2b: Charizard|Protect\n|move|p2a: Torkoal|Protect|p2a: Torkoal\n|-singleturn|p2a: Torkoal|Protect\n|move|p1a: Chimecho|Dazzling Gleam|p2b: Charizard|[spread] \n|-activate|p2a: Torkoal|move: Protect\n|-activate|p2b: Charizard|move: Protect\n|\n|-weather|SunnyDay|[upkeep]\n|-sideend|p1: n05ta1gia|move: Tailwind\n|upkeep\n|turn|10\n|\n|t:|1776631392\n|move|p1b: Farigiraf|Protect|p1b: Farigiraf\n|-singleturn|p1b: Farigiraf|Protect\n|move|p2b: Charizard|Heat Wave|p1b: Farigiraf|[spread] p1a\n|-activate|p1b: Farigiraf|move: Protect\n|-damage|p1a: Chimecho|0 fnt\n|faint|p1a: Chimecho\n|move|p2a: Torkoal|Eruption|p1b: Farigiraf\n|-activate|p1b: Farigiraf|move: Protect\n|\n|-weather|none\n|upkeep\n|\n|t:|1776631394\n|switch|p1a: Heliolisk|Heliolisk, L50, F|64/100\n|turn|11\n|\n|t:|1776631407\n|move|p1b: Farigiraf|Helping Hand|p1a: Heliolisk\n|-singleturn|p1a: Heliolisk|Helping Hand|[of] p1b: Farigiraf\n|move|p1a: Heliolisk|Volt Switch|p2b: Charizard\n|-supereffective|p2b: Charizard|1\n|-damage|p2b: Charizard|0 fnt\n|faint|p2b: Charizard\n|move|p2a: Torkoal|Earth Power|p1a: Heliolisk\n|-supereffective|p1a: Heliolisk|1\n|-damage|p1a: Heliolisk|0 fnt\n|faint|p1a: Heliolisk\n|\n|upkeep\n|turn|12\n|\n|t:|1776631422\n|move|p1b: Farigiraf|Psychic|p2a: Torkoal\n|-damage|p2a: Torkoal|0 fnt\n|faint|p2a: Torkoal\n|\n|win|n05ta1gia\n|raw|n05ta1gia's rating: 1141 &rarr; <strong>1161</strong><br />(+20 for winning)\n|raw|idealzekrm's rating: 1070 &rarr; <strong>1054</strong><br />(-16 for losing)\n|l|\u2606idealzekrm\n|player|p2|\n",
  "uploadtime": 1776631433,
  "views": 19,
  "formatid": "gen9championsvgc2026regma",
  "rating": 1054,
  "private": 0,
  "password": null
}