{
  "id": "gen9championsvgc2026regma-2585655727",
  "format": "[Gen 9 Champions] VGC 2026 Reg M-A",
  "players": [
    "Lunany",
    "FTC flight"
  ],
  "log": "|j|\u2606Lunany\n|j|\u2606FTC flight\n|t:|1776361613\n|gametype|doubles\n|player|p1|Lunany|gardenia|1000\n|player|p2|FTC flight|265|1000\n|gen|9\n|tier|[Gen 9 Champions] VGC 2026 Reg M-A\n|rated|\n|rule|Species Clause: Limit one of each Pok\u00e9mon\n|rule|Item Clause: Limit 1 of each item\n|clearpoke\n|poke|p1|Pelipper, L50, M|\n|poke|p1|Archaludon, L50, M|\n|poke|p1|Arcanine-Hisui, L50, F|\n|poke|p1|Basculegion, L50, M|\n|poke|p1|Scovillain, L50, F|\n|poke|p1|Garchomp, L50, M|\n|poke|p2|Drampa, L50, M|\n|poke|p2|Alakazam, L50, M|\n|poke|p2|Pelipper, L50, F|\n|poke|p2|Scizor, L50, F|\n|poke|p2|Sinistcha, L50|\n|poke|p2|Basculegion-F, L50, F|\n|teampreview|4\n|inactive|Battle timer is ON: inactive players will automatically lose when time's up. (requested by FTC flight)\n|\n|t:|1776361655\n|teamsize|p1|4\n|teamsize|p2|4\n|start\n|switch|p1a: DontBeRacist|Archaludon, L50, M, shiny|100/100\n|switch|p1b: Le Pepps|Scovillain, L50, F|100/100\n|switch|p2a: Drampa|Drampa, L50, M, shiny|100/100\n|switch|p2b: Alakazam|Alakazam, L50, M, shiny|100/100\n|turn|1\n|inactive|Lunany has 30 seconds left.\n|\n|t:|1776361685\n|detailschange|p1b: Le Pepps|Scovillain-Mega, L50, F\n|-mega|p1b: Le Pepps|Scovillain|Scovillainite\n|detailschange|p2a: Drampa|Drampa-Mega, L50, M, shiny\n|-mega|p2a: Drampa|Drampa|Drampanite\n|move|p1b: Le Pepps|Protect|p1b: Le Pepps\n|-singleturn|p1b: Le Pepps|Protect\n|move|p2b: Alakazam|Speed Swap|p2a: Drampa\n|-activate|p2b: Alakazam|move: Speed Swap|[of] p2a: Drampa\n|move|p2a: Drampa|Calm Mind|p2a: Drampa\n|-boost|p2a: Drampa|spa|1\n|-boost|p2a: Drampa|spd|1\n|move|p1a: DontBeRacist|Snarl|p2b: Alakazam|[spread] p2a,p2b\n|-supereffective|p2b: Alakazam|1\n|-enditem|p2b: Alakazam|Colbur Berry|[eat]\n|-enditem|p2b: Alakazam|Colbur Berry|[weaken]\n|-damage|p2a: Drampa|93/100\n|-damage|p2b: Alakazam|84/100\n|-unboost|p2a: Drampa|spa|1\n|-unboost|p2b: Alakazam|spa|1\n|\n|upkeep\n|turn|2\n|\n|t:|1776361710\n|move|p1b: Le Pepps|Rage Powder|p1b: Le Pepps\n|-singleturn|p1b: Le Pepps|move: Rage Powder\n|move|p2a: Drampa|Earth Power|p1b: Le Pepps\n|-damage|p1b: Le Pepps|44/100\n|-status|p2a: Drampa|brn|[from] ability: Spicy Spray|[of] p1b: Le Pepps\n|move|p1a: DontBeRacist|Dragon Pulse|p2a: Drampa\n|-supereffective|p2a: Drampa|1\n|-damage|p2a: Drampa|44/100 brn\n|-ability|p2a: Drampa|Berserk|boost\n|-boost|p2a: Drampa|spa|1\n|move|p2b: Alakazam|Light Screen|p2b: Alakazam\n|-sidestart|p2: FTC flight|move: Light Screen\n|\n|-damage|p2a: Drampa|38/100 brn|[from] brn\n|upkeep\n|turn|3\n|inactive|Lunany has 30 seconds left.\n|inactive|Lunany has 20 seconds left.\n|inactive|Lunany has 15 seconds left.\n|inactive|Lunany has 10 seconds left.\n|\n|t:|1776361757\n|move|p1b: Le Pepps|Rage Powder|p1b: Le Pepps\n|-singleturn|p1b: Le Pepps|move: Rage Powder\n|move|p2a: Drampa|Earth Power|p1b: Le Pepps\n|-damage|p1b: Le Pepps|0 fnt\n|faint|p1b: Le Pepps\n|move|p1a: DontBeRacist|Snarl|p2b: Alakazam|[spread] p2a,p2b\n|-supereffective|p2b: Alakazam|1\n|-damage|p2a: Drampa|33/100 brn\n|-damage|p2b: Alakazam|59/100\n|-unboost|p2a: Drampa|spa|1\n|-unboost|p2b: Alakazam|spa|1\n|move|p2b: Alakazam|Reflect|p2b: Alakazam\n|-sidestart|p2: FTC flight|Reflect\n|\n|-damage|p2a: Drampa|28/100 brn|[from] brn\n|upkeep\n|\n|t:|1776361771\n|switch|p1b: Stinky|Basculegion, L50, M, shiny|100/100\n|turn|4\n|\n|t:|1776361782\n|move|p2a: Drampa|Earth Power|p1a: DontBeRacist\n|-supereffective|p1a: DontBeRacist|1\n|-damage|p1a: DontBeRacist|16/100\n|-ability|p1a: DontBeRacist|Stamina|boost\n|-boost|p1a: DontBeRacist|def|1\n|-enditem|p1a: DontBeRacist|Sitrus Berry|[eat]\n|-heal|p1a: DontBeRacist|41/100|[from] item: Sitrus Berry\n|move|p1b: Stinky|Last Respects|p2b: Alakazam\n|-supereffective|p2b: Alakazam|1\n|-damage|p2b: Alakazam|0 fnt\n|faint|p2b: Alakazam\n|move|p1a: DontBeRacist|Dragon Pulse|p2a: Drampa\n|-supereffective|p2a: Drampa|1\n|-damage|p2a: Drampa|0 fnt\n|faint|p2a: Drampa\n|\n|upkeep\n|\n|t:|1776361791\n|switch|p2b: Basculegion|Basculegion-F, L50, F|100/100\n|switch|p2a: Pelipper|Pelipper, L50, F, shiny|100/100\n|-weather|RainDance|[from] ability: Drizzle|[of] p2a: Pelipper\n|turn|5\n|inactive|Lunany has 30 seconds left.\n|inactive|Lunany has 20 seconds left.\n|\n|t:|1776361830\n|move|p1b: Stinky|Last Respects|p2b: Basculegion\n|-supereffective|p2b: Basculegion|1\n|-damage|p2b: Basculegion|8/100\n|move|p2b: Basculegion|Phantom Force||[still]\n|-prepare|p2b: Basculegion|Phantom Force\n|move|p1a: DontBeRacist|Electro Shot||[still]\n|-prepare|p1a: DontBeRacist|Electro Shot\n|-boost|p1a: DontBeRacist|spa|1\n|-anim|p1a: DontBeRacist|Electro Shot|p2b: Basculegion|[miss]\n|-miss|p1a: DontBeRacist|p2b: Basculegion\n|move|p2a: Pelipper|Hurricane|p1b: Stinky\n|-damage|p1b: Stinky|55/100\n|\n|-weather|RainDance|[upkeep]\n|upkeep\n|turn|6\n|inactive|FTC flight has 30 seconds left.\n|inactive|Lunany has 30 seconds left.\n|\n|t:|1776361860\n|move|p1b: Stinky|Last Respects|p2b: Basculegion|[miss]\n|-miss|p1b: Stinky|p2b: Basculegion\n|move|p2b: Basculegion|Phantom Force|p1a: DontBeRacist|[from] lockedmove\n|-damage|p1a: DontBeRacist|21/100\n|-ability|p1a: DontBeRacist|Stamina|boost\n|-boost|p1a: DontBeRacist|def|1\n|move|p1a: DontBeRacist|Electro Shot||[still]\n|-prepare|p1a: DontBeRacist|Electro Shot\n|-boost|p1a: DontBeRacist|spa|1\n|-anim|p1a: DontBeRacist|Electro Shot|p2b: Basculegion\n|-supereffective|p2b: Basculegion|1\n|-damage|p2b: Basculegion|0 fnt\n|faint|p2b: Basculegion\n|move|p2a: Pelipper|Tailwind|p2a: Pelipper\n|-sidestart|p2: FTC flight|move: Tailwind\n|\n|-weather|RainDance|[upkeep]\n|-sideend|p2: FTC flight|move: Light Screen\n|upkeep\n|turn|7\n|\n|t:|1776361881\n|move|p1b: Stinky|Last Respects|p2a: Pelipper\n|-damage|p2a: Pelipper|71/100\n|move|p2a: Pelipper|Weather Ball|p1a: DontBeRacist\n|-resisted|p1a: DontBeRacist|1\n|-damage|p1a: DontBeRacist|0 fnt\n|faint|p1a: DontBeRacist\n|\n|-weather|RainDance|[upkeep]\n|-sideend|p2: FTC flight|Reflect\n|upkeep\n|\n|t:|1776361890\n|switch|p1a: Rocky|Arcanine-Hisui, L50, F|100/100\n|turn|8\n|\n|t:|1776361898\n|move|p1b: Stinky|Last Respects|p2a: Pelipper\n|-damage|p2a: Pelipper|5/100\n|move|p2a: Pelipper|Weather Ball|p1a: Rocky\n|-supereffective|p1a: Rocky|2\n|-enditem|p1a: Rocky|Passho Berry|[eat]\n|-enditem|p1a: Rocky|Passho Berry|[weaken]\n|-damage|p1a: Rocky|0 fnt\n|faint|p1a: Rocky\n|\n|-weather|RainDance|[upkeep]\n|upkeep\n|turn|9\n|\n|t:|1776361908\n|move|p2a: Pelipper|Protect|p2a: Pelipper\n|-singleturn|p2a: Pelipper|Protect\n|move|p1b: Stinky|Last Respects|p2a: Pelipper\n|-activate|p2a: Pelipper|move: Protect\n|\n|-weather|none\n|-sideend|p2: FTC flight|move: Tailwind\n|upkeep\n|turn|10\n|\n|t:|1776361919\n|move|p1b: Stinky|Last Respects|p2a: Pelipper\n|-damage|p2a: Pelipper|0 fnt\n|faint|p2a: Pelipper\n|\n|win|Lunany\n|raw|Lunany's rating: 1000 &rarr; <strong>1040</strong><br />(+40 for winning)\n|raw|FTC flight's rating: 1000 &rarr; <strong>1000</strong><br />(+0 for losing)\n|l|\u2606FTC flight\n|player|p2|\n|c|\u2606Lunany|gg\n",
  "uploadtime": 1776361937,
  "views": 18,
  "formatid": "gen9championsvgc2026regma",
  "rating": 1000,
  "private": 0,
  "password": null
}