{
  "id": "gen9championsvgc2026regma-2585976280",
  "format": "[Gen 9 Champions] VGC 2026 Reg M-A",
  "players": [
    "Dudeguy47",
    "dune's kitchen"
  ],
  "log": "|j|\u2606Dudeguy47\n|j|\u2606dune's kitchen\n|t:|1776386781\n|gametype|doubles\n|player|p1|Dudeguy47|1|1162\n|player|p2|dune's kitchen|baker|1134\n|gen|9\n|tier|[Gen 9 Champions] VGC 2026 Reg M-A\n|rated|\n|rule|Species Clause: Limit one of each Pok\u00e9mon\n|rule|Item Clause: Limit 1 of each item\n|clearpoke\n|poke|p1|Delphox, L50, F|\n|poke|p1|Garchomp, L50, M|\n|poke|p1|Sneasler, L50, F|\n|poke|p1|Clefable, L50, F|\n|poke|p1|Aegislash, L50, M|\n|poke|p1|Meowscarada, L50, M|\n|poke|p2|Passimian, L50, M|\n|poke|p2|Scovillain, L50, F|\n|poke|p2|Torkoal, L50, M|\n|poke|p2|Hatterene, L50, F|\n|poke|p2|Maushold, L50|\n|poke|p2|Goodra-Hisui, L50, M|\n|teampreview|4\n|inactive|Battle timer is ON: inactive players will automatically lose when time's up. (requested by Dudeguy47)\nDudeguy47 rejected open team sheets.\n|inactive|Dudeguy47 has 60 seconds left.\n|\n|t:|1776386816\n|teamsize|p1|4\n|teamsize|p2|4\n|start\n|switch|p1a: Sneasler|Sneasler, L50, F|100/100\n|switch|p1b: Garchomp|Garchomp, L50, M|100/100\n|switch|p2a: Passimian|Passimian, L50, M|100/100\n|switch|p2b: Scovillain|Scovillain, L50, F|100/100\n|turn|1\n|\n|t:|1776386831\n|detailschange|p2b: Scovillain|Scovillain-Mega, L50, F\n|-mega|p2b: Scovillain|Scovillain|Scovillainite\n|move|p2a: Passimian|Protect|p2a: Passimian\n|-singleturn|p2a: Passimian|Protect\n|move|p1a: Sneasler|Fake Out|p2a: Passimian\n|-activate|p2a: Passimian|move: Protect\n|move|p1b: Garchomp|Stomping Tantrum|p2b: Scovillain\n|-damage|p2b: Scovillain|46/100\n|-status|p1b: Garchomp|brn|[from] ability: Spicy Spray|[of] p2b: Scovillain\n|move|p2b: Scovillain|Overheat|p1a: Sneasler\n|-damage|p1a: Sneasler|2/100\n|-unboost|p2b: Scovillain|spa|2\n|\n|-damage|p1b: Garchomp|95/100 brn|[from] brn\n|upkeep\n|turn|2\n|\n|t:|1776386853\n|move|p2b: Scovillain|Helping Hand|p2a: Passimian\n|-singleturn|p2a: Passimian|Helping Hand|[of] p2b: Scovillain\n|move|p1a: Sneasler|Dire Claw|p2b: Scovillain\n|-supereffective|p2b: Scovillain|1\n|-damage|p2b: Scovillain|0 fnt\n|-status|p1a: Sneasler|brn|[from] ability: Spicy Spray|[of] p2b: Scovillain\n|faint|p2b: Scovillain\n|-ability|p2a: Passimian|Spicy Spray|Receiver|[from] ability: Receiver|[of] p2b: Scovillain\n|move|p1b: Garchomp|Earthquake|p2a: Passimian|[spread] p1a,p2a\n|-supereffective|p1a: Sneasler|1\n|-damage|p1a: Sneasler|0 fnt\n|-damage|p2a: Passimian|76/100\n|faint|p1a: Sneasler\n|move|p2a: Passimian|Close Combat|p1b: Garchomp\n|-damage|p1b: Garchomp|10/100 brn\n|-unboost|p2a: Passimian|def|1\n|-unboost|p2a: Passimian|spd|1\n|-damage|p2a: Passimian|64/100|[from] ability: Rough Skin|[of] p1b: Garchomp\n|-enditem|p2a: Passimian|White Herb\n|-clearnegativeboost|p2a: Passimian|[silent]\n|\n|-damage|p1b: Garchomp|4/100 brn|[from] brn\n|upkeep\n|\n|t:|1776386875\n|switch|p1a: Delphox|Delphox, L50, F|100/100\n|switch|p2b: Hatterene|Hatterene, L50, F|100/100\n|turn|3\n|\n|t:|1776386896\n|switch|p1b: Aegislash|Aegislash, L50, M|100/100\n|detailschange|p1a: Delphox|Delphox-Mega, L50, F\n|-mega|p1a: Delphox|Delphox|Delphoxite\n|move|p2a: Passimian|Protect|p2a: Passimian\n|-singleturn|p2a: Passimian|Protect\n|move|p1a: Delphox|Psychic|p2a: Passimian\n|-activate|p2a: Passimian|move: Protect\n|move|p2b: Hatterene|Trick Room|p2b: Hatterene\n|-fieldstart|move: Trick Room|[of] p2b: Hatterene\n|\n|upkeep\n|turn|4\n|\n|t:|1776386918\n|move|p1a: Delphox|Protect|p1a: Delphox\n|-singleturn|p1a: Delphox|Protect\n|move|p2b: Hatterene|Mystical Fire|p1b: Aegislash\n|-supereffective|p1b: Aegislash|1\n|-enditem|p1b: Aegislash|Occa Berry|[eat]\n|-enditem|p1b: Aegislash|Occa Berry|[weaken]\n|-damage|p1b: Aegislash|78/100\n|-unboost|p1b: Aegislash|spa|1\n|-formechange|p1b: Aegislash|Aegislash-Blade|\n|move|p1b: Aegislash|Shadow Ball|p2a: Passimian\n|-damage|p2a: Passimian|26/100\n|-status|p1b: Aegislash|brn|[from] ability: Spicy Spray|[of] p2a: Passimian\n|move|p2a: Passimian|Rock Slide|p1b: Aegislash|[spread] p1b\n|-activate|p1a: Delphox|move: Protect\n|-resisted|p1b: Aegislash|1\n|-damage|p1b: Aegislash|61/100 brn\n|\n|-damage|p1b: Aegislash|55/100 brn|[from] brn\n|upkeep\n|turn|5\n|inactive|Dudeguy47 has 30 seconds left.\n|\n|t:|1776386952\n|switch|p1a: Garchomp|Garchomp, L50, M|4/100 brn\n|-formechange|p1b: Aegislash|Aegislash|\n|move|p1b: Aegislash|King's Shield|p1b: Aegislash\n|-singleturn|p1b: Aegislash|Protect\n|move|p2b: Hatterene|Calm Mind|p2b: Hatterene\n|-boost|p2b: Hatterene|spa|1\n|-boost|p2b: Hatterene|spd|1\n|move|p2a: Passimian|Rock Slide|p1a: Garchomp|[spread] p1a\n|-activate|p1b: Aegislash|move: Protect\n|-resisted|p1a: Garchomp|1\n|-damage|p1a: Garchomp|0 fnt\n|faint|p1a: Garchomp\n|\n|-damage|p1b: Aegislash|49/100 brn|[from] brn\n|upkeep\n|\n|t:|1776386962\n|switch|p1a: Delphox|Delphox-Mega, L50, F|100/100\n|turn|6\n|\n|t:|1776386985\n|move|p2b: Hatterene|Mystical Fire|p1b: Aegislash\n|-supereffective|p1b: Aegislash|1\n|-damage|p1b: Aegislash|0 fnt\n|faint|p1b: Aegislash\n|move|p2a: Passimian|Rock Slide|p1a: Delphox\n|-supereffective|p1a: Delphox|1\n|-damage|p1a: Delphox|29/100\n|move|p1a: Delphox|Nasty Plot|p1a: Delphox\n|-boost|p1a: Delphox|spa|2\n|\n|upkeep\n|turn|7\n|\n|t:|1776387000\n|move|p1a: Delphox|Protect|p1a: Delphox\n|-singleturn|p1a: Delphox|Protect\n|move|p2b: Hatterene|Calm Mind|p2b: Hatterene\n|-boost|p2b: Hatterene|spa|1\n|-boost|p2b: Hatterene|spd|1\n|move|p2a: Passimian|Close Combat|p1a: Delphox\n|-activate|p1a: Delphox|move: Protect\n|\n|-fieldend|move: Trick Room\n|upkeep\n|turn|8\n|\n|t:|1776387006\n|move|p1a: Delphox|Heat Wave|p2a: Passimian|[spread] p2a,p2b\n|-damage|p2a: Passimian|0 fnt\n|-damage|p2b: Hatterene|50/100\n|-immune|p1a: Delphox\n|-enditem|p2b: Hatterene|Sitrus Berry|[eat]\n|-heal|p2b: Hatterene|75/100|[from] item: Sitrus Berry\n|faint|p2a: Passimian\n|move|p2b: Hatterene|Trick Room|p2b: Hatterene\n|-fieldstart|move: Trick Room|[of] p2b: Hatterene\n|\n|upkeep\n|\n|t:|1776387009\n|switch|p2a: Goodra|Goodra-Hisui, L50, M|100/100\n|turn|9\n|-message|Dudeguy47 forfeited.\n|\n|win|dune's kitchen\n|raw|Dudeguy47's rating: 1162 &rarr; <strong>1135</strong><br />(-27 for losing)\n|raw|dune&apos;s kitchen's rating: 1134 &rarr; <strong>1161</strong><br />(+27 for winning)\n|l|\u2606Dudeguy47\n|player|p1|\n",
  "uploadtime": 1776387020,
  "views": 31,
  "formatid": "gen9championsvgc2026regma",
  "rating": 1135,
  "private": 0,
  "password": null
}