{
  "id": "gen9championsvgc2026regma-2589407883",
  "format": "[Gen 9 Champions] VGC 2026 Reg M-A",
  "players": [
    "MorrisPXG456",
    "gg1trick"
  ],
  "log": "|j|\u2606MorrisPXG456\n|j|\u2606gg1trick\n|t:|1776720466\n|gametype|doubles\n|player|p1|MorrisPXG456|colress|1225\n|player|p2|gg1trick|266|1220\n|gen|9\n|tier|[Gen 9 Champions] VGC 2026 Reg M-A\n|rated|\n|rule|Species Clause: Limit one of each Pok\u00e9mon\n|rule|Item Clause: Limit 1 of each item\n|clearpoke\n|poke|p1|Charizard, L50, F|\n|poke|p1|Milotic, L50, M|\n|poke|p1|Sinistcha, L50|\n|poke|p1|Corviknight, L50, M|\n|poke|p1|Sneasler, L50, M|\n|poke|p1|Ninetales-Alola, L50, M|\n|poke|p2|Floette-Eternal, L50, F|\n|poke|p2|Milotic, L50, M|\n|poke|p2|Sinistcha, L50|\n|poke|p2|Incineroar, L50, M|\n|poke|p2|Sneasler, L50, F|\n|poke|p2|Garchomp, L50, M|\n|teampreview|4\n|\n|t:|1776720511\n|teamsize|p1|4\n|teamsize|p2|4\n|start\n|switch|p1a: Corviknight|Corviknight, L50, M|100/100\n|switch|p1b: Sneasler|Sneasler, L50, M|100/100\n|switch|p2a: Milotic|Milotic, L50, M|100/100\n|switch|p2b: Garchomp|Garchomp, L50, M|100/100\n|turn|1\n|inactive|Battle timer is ON: inactive players will automatically lose when time's up. (requested by gg1trick)\n|\n|t:|1776720520\n|move|p1b: Sneasler|Coaching|p1a: Corviknight\n|-boost|p1a: Corviknight|atk|1\n|-boost|p1a: Corviknight|def|1\n|move|p2b: Garchomp|Stomping Tantrum|p1b: Sneasler\n|-supereffective|p1b: Sneasler|1\n|-damage|p1b: Sneasler|0 fnt\n|faint|p1b: Sneasler\n|move|p2a: Milotic|Coil|p2a: Milotic\n|-boost|p2a: Milotic|atk|1\n|-boost|p2a: Milotic|def|1\n|-boost|p2a: Milotic|accuracy|1\n|move|p1a: Corviknight|Tailwind|p1a: Corviknight\n|-sidestart|p1: MorrisPXG456|move: Tailwind\n|\n|upkeep\n|\n|t:|1776720528\n|switch|p1b: Sinistcha|Sinistcha, L50|100/100\n|turn|2\n|\n|t:|1776720547\n|move|p1b: Sinistcha|Matcha Gotcha|p2b: Garchomp|[spread] p2b\n|-miss|p1b: Sinistcha|p2a: Milotic\n|-crit|p2b: Garchomp\n|-damage|p2b: Garchomp|62/100\n|move|p1a: Corviknight|Brave Bird|p2a: Milotic\n|-damage|p2a: Milotic|60/100\n|-damage|p1a: Corviknight|87/100|[from] Recoil\n|move|p2b: Garchomp|Rock Slide|p1a: Corviknight|[spread] p1a,p1b\n|-damage|p1a: Corviknight|77/100\n|-damage|p1b: Sinistcha|83/100\n|move|p2a: Milotic|Coil|p2a: Milotic\n|-boost|p2a: Milotic|atk|1\n|-boost|p2a: Milotic|def|1\n|-boost|p2a: Milotic|accuracy|1\n|\n|-heal|p2a: Milotic|66/100|[from] item: Leftovers\n|upkeep\n|turn|3\n|\n|t:|1776720572\n|move|p1b: Sinistcha|Matcha Gotcha|p2a: Milotic|[spread] p2a\n|-miss|p1b: Sinistcha|p2b: Garchomp\n|-supereffective|p2a: Milotic|1\n|-damage|p2a: Milotic|30/100\n|-heal|p1b: Sinistcha|100/100|[from] drain|[of] p2a: Milotic\n|-status|p2a: Milotic|brn\n|move|p1a: Corviknight|Brave Bird|p2b: Garchomp\n|-damage|p2b: Garchomp|4/100\n|-damage|p1a: Corviknight|64/100|[from] ability: Rough Skin|[of] p2b: Garchomp\n|-damage|p1a: Corviknight|46/100|[from] Recoil\n|-enditem|p1a: Corviknight|Sitrus Berry|[eat]\n|-heal|p1a: Corviknight|71/100|[from] item: Sitrus Berry\n|move|p2b: Garchomp|Dragon Claw|p1b: Sinistcha\n|-damage|p1b: Sinistcha|62/100\n|move|p2a: Milotic|Hypnosis|p1b: Sinistcha\n|-status|p1b: Sinistcha|slp|[from] move: Hypnosis\n|\n|-heal|p2a: Milotic|36/100 brn|[from] item: Leftovers\n|-damage|p2a: Milotic|30/100 brn|[from] brn\n|upkeep\n|turn|4\n|\n|t:|1776720588\n|switch|p2b: Sinistcha|Sinistcha, L50|100/100\n|-heal|p2a: Milotic|55/100 brn|[from] ability: Hospitality|[of] p2b: Sinistcha\n|cant|p1b: Sinistcha|slp\n|move|p1a: Corviknight|Brave Bird|p2a: Milotic\n|-crit|p2a: Milotic\n|-damage|p2a: Milotic|0 fnt\n|faint|p2a: Milotic\n|-damage|p1a: Corviknight|53/100|[from] Recoil\n|\n|-sideend|p1: MorrisPXG456|move: Tailwind\n|upkeep\n|\n|t:|1776720599\n|switch|p2a: Floette|Floette-Eternal, L50, F|100/100\n|turn|5\n|\n|t:|1776720603\n|detailschange|p2a: Floette|Floette-Mega, L50, F\n|-mega|p2a: Floette|Floette|Floettite\n|-ability|p2a: Floette|Fairy Aura\n|move|p1a: Corviknight|Protect|p1a: Corviknight\n|-singleturn|p1a: Corviknight|Protect\n|move|p2a: Floette|Moonblast|p1a: Corviknight\n|-activate|p1a: Corviknight|move: Protect\n|move|p2b: Sinistcha|Matcha Gotcha|p1b: Sinistcha|[spread] p1b\n|-activate|p1a: Corviknight|move: Protect\n|-resisted|p1b: Sinistcha|1\n|-damage|p1b: Sinistcha|51/100 slp\n|cant|p1b: Sinistcha|slp\n|\n|upkeep\n|turn|6\n|\n|t:|1776720619\n|move|p2a: Floette|Moonblast|p1a: Corviknight\n|-resisted|p1a: Corviknight|1\n|-damage|p1a: Corviknight|21/100\n|move|p2b: Sinistcha|Matcha Gotcha|p1b: Sinistcha|[spread] p1a,p1b\n|-resisted|p1a: Corviknight|2\n|-resisted|p1b: Sinistcha|1\n|-damage|p1a: Corviknight|17/100\n|-damage|p1b: Sinistcha|40/100 slp\n|-curestatus|p1b: Sinistcha|slp|[msg]\n|move|p1b: Sinistcha|Life Dew|p1b: Sinistcha|[spread] p1a,p1b\n|-heal|p1a: Corviknight|41/100\n|-heal|p1b: Sinistcha|65/100\n|move|p1a: Corviknight|Iron Head|p2a: Floette\n|-supereffective|p2a: Floette|1\n|-damage|p2a: Floette|11/100\n|\n|upkeep\n|turn|7\n|\n|t:|1776720636\n|move|p1a: Corviknight|Protect|p1a: Corviknight\n|-singleturn|p1a: Corviknight|Protect\n|move|p2a: Floette|Dazzling Gleam|p1b: Sinistcha|[spread] p1b\n|-activate|p1a: Corviknight|move: Protect\n|-damage|p1b: Sinistcha|24/100\n|move|p2b: Sinistcha|Matcha Gotcha|p1a: Corviknight|[spread] p1b\n|-activate|p1a: Corviknight|move: Protect\n|-resisted|p1b: Sinistcha|1\n|-damage|p1b: Sinistcha|13/100\n|move|p1b: Sinistcha|Matcha Gotcha|p2b: Sinistcha|[spread] p2a\n|-miss|p1b: Sinistcha|p2b: Sinistcha\n|-damage|p2a: Floette|0 fnt\n|-heal|p1b: Sinistcha|19/100|[from] drain|[of] p2a: Floette\n|faint|p2a: Floette\n|\n|upkeep\n|\n|t:|1776720638\n|switch|p2a: Garchomp|Garchomp, L50, M|4/100\n|turn|8\n|-message|gg1trick forfeited.\n|\n|win|MorrisPXG456\n|raw|MorrisPXG456's rating: 1225 &rarr; <strong>1250</strong><br />(+25 for winning)\n|raw|gg1trick's rating: 1220 &rarr; <strong>1195</strong><br />(-25 for losing)\n|l|\u2606gg1trick\n|player|p2|\n",
  "uploadtime": 1776720658,
  "views": 10,
  "formatid": "gen9championsvgc2026regma",
  "rating": 1195,
  "private": 0,
  "password": null
}