{
  "id": "gen9championsvgc2026regma-2583440361",
  "format": "[Gen 9 Champions] VGC 2026 Reg M-A",
  "players": [
    "Olloyed_Alt",
    "LarpLarpSahoor"
  ],
  "log": "|j|\u2606Olloyed_Alt\n|j|\u2606LarpLarpSahoor\n|t:|1776175805\n|gametype|doubles\n|player|p1|Olloyed_Alt|alain|1030\n|player|p2|LarpLarpSahoor|169|1117\n|gen|9\n|tier|[Gen 9 Champions] VGC 2026 Reg M-A\n|rated|\n|rule|Species Clause: Limit one of each Pok\u00e9mon\n|rule|Item Clause: Limit 1 of each item\n|clearpoke\n|poke|p1|Charizard, L50, M|\n|poke|p1|Excadrill, L50, M|\n|poke|p1|Rotom-Wash, L50|\n|poke|p1|Incineroar, L50, F|\n|poke|p1|Venusaur, L50, F|\n|poke|p1|Whimsicott, L50, F|\n|poke|p2|Gengar, L50, M|\n|poke|p2|Incineroar, L50, M|\n|poke|p2|Sinistcha, L50|\n|poke|p2|Ninetales-Alola, L50, M|\n|poke|p2|Aegislash, L50, F|\n|poke|p2|Rotom-Wash, L50|\n|teampreview|4\n|\n|t:|1776175843\n|teamsize|p1|4\n|teamsize|p2|4\n|start\n|switch|p1a: Whimsicott|Whimsicott, L50, F|100/100\n|switch|p1b: Charizard|Charizard, L50, M|100/100\n|switch|p2a: Gengar|Gengar, L50, M|100/100\n|switch|p2b: Incineroar|Incineroar, L50, M|100/100\n|-ability|p2b: Incineroar|Intimidate|boost\n|-unboost|p1a: Whimsicott|atk|1\n|-unboost|p1b: Charizard|atk|1\n|turn|1\n|\n|t:|1776175865\n|detailschange|p2a: Gengar|Gengar-Mega, L50, M\n|-mega|p2a: Gengar|Gengar|Gengarite\n|detailschange|p1b: Charizard|Charizard-Mega-Y, L50, M\n|-mega|p1b: Charizard|Charizard|Charizardite Y\n|-weather|SunnyDay|[from] ability: Drought|[of] p1b: Charizard\n|move|p2a: Gengar|Protect|p2a: Gengar\n|-singleturn|p2a: Gengar|Protect\n|move|p1b: Charizard|Protect|p1b: Charizard\n|-singleturn|p1b: Charizard|Protect\n|move|p1a: Whimsicott|Tailwind|p1a: Whimsicott\n|-sidestart|p1: Olloyed_Alt|move: Tailwind\n|move|p2b: Incineroar|Parting Shot|p1b: Charizard\n|-activate|p1b: Charizard|move: Protect\n|\n|-weather|SunnyDay|[upkeep]\n|upkeep\n|turn|2\n|\n|t:|1776175888\n|switch|p2a: Rotom|Rotom-Wash, L50|100/100\n|move|p1a: Whimsicott|Moonblast|p2b: Incineroar\n|-damage|p2b: Incineroar|69/100\n|move|p1b: Charizard|Scorching Sands|p2a: Rotom\n|-immune|p2a: Rotom|[from] ability: Levitate\n|move|p2b: Incineroar|Parting Shot|p1b: Charizard\n|-unboost|p1b: Charizard|atk|1\n|-unboost|p1b: Charizard|spa|1\n|\n|t:|1776175897\n|switch|p2b: Ninetales|Ninetales-Alola, L50, M|100/100|[from] Parting Shot\n|-weather|Snowscape|[from] ability: Snow Warning|[of] p2b: Ninetales\n|\n|-weather|Snowscape|[upkeep]\n|upkeep\n|turn|3\n|inactive|Battle timer is ON: inactive players will automatically lose when time's up. (requested by Olloyed_Alt)\n|\n|t:|1776175922\n|move|p1a: Whimsicott|Protect|p1a: Whimsicott\n|-singleturn|p1a: Whimsicott|Protect\n|move|p1b: Charizard|Solar Beam||[still]\n|-prepare|p1b: Charizard|Solar Beam\n|move|p2a: Rotom|Hydro Pump|p1b: Charizard\n|-supereffective|p1b: Charizard|1\n|-damage|p1b: Charizard|10/100\n|move|p2b: Ninetales|Aurora Veil|p2b: Ninetales\n|-sidestart|p2: LarpLarpSahoor|move: Aurora Veil\n|\n|-weather|Snowscape|[upkeep]\n|upkeep\n|turn|4\n|\n|t:|1776175937\n|switch|p2a: Incineroar|Incineroar, L50, M|69/100\n|-ability|p2a: Incineroar|Intimidate|boost\n|-unboost|p1a: Whimsicott|atk|1\n|-unboost|p1b: Charizard|atk|1\n|move|p1a: Whimsicott|Encore|p2b: Ninetales\n|-start|p2b: Ninetales|Encore\n|move|p1b: Charizard|Solar Beam|p2a: Incineroar|[from] lockedmove\n|-resisted|p2a: Incineroar|1\n|-damage|p2a: Incineroar|65/100\n|move|p2b: Ninetales|Aurora Veil||[still]\n|-fail|p2b: Ninetales\n|\n|-weather|Snowscape|[upkeep]\n|-sideend|p1: Olloyed_Alt|move: Tailwind\n|upkeep\n|turn|5\n|inactive|LarpLarpSahoor has 30 seconds left.\n|\n|t:|1776175963\n|switch|p2b: Rotom|Rotom-Wash, L50|100/100\n|switch|p1a: Excadrill|Excadrill, L50, M, shiny|100/100\n|-ability|p1a: Excadrill|Mold Breaker\n|switch|p1b: Rotom|Rotom-Wash, L50, shiny|100/100\n|move|p2a: Incineroar|Fake Out|p1b: Rotom\n|-damage|p1b: Rotom|87/100\n|\n|-weather|Snowscape|[upkeep]\n|upkeep\n|turn|6\n|inactive|Olloyed_Alt has 30 seconds left.\n|inactive|LarpLarpSahoor has 30 seconds left.\n|inactive|LarpLarpSahoor has 20 seconds left.\n|\n|t:|1776176000\n|switch|p2a: Ninetales|Ninetales-Alola, L50, M|100/100\n|move|p1b: Rotom|Discharge|p2a: Ninetales|[spread] p2a,p2b\n|-immune|p1a: Excadrill\n|-crit|p2b: Rotom\n|-damage|p2a: Ninetales|78/100\n|-damage|p2b: Rotom|48/100\n|move|p2b: Rotom|Hydro Pump|p1a: Excadrill\n|-supereffective|p1a: Excadrill|1\n|-damage|p1a: Excadrill|0 fnt\n|faint|p1a: Excadrill\n|\n|-weather|none\n|upkeep\n|\n|t:|1776176013\n|switch|p1a: Charizard|Charizard-Mega-Y, L50, M|10/100\n|-weather|SunnyDay|[from] ability: Drought|[of] p1a: Charizard\n|turn|7\n|\n|t:|1776176028\n|switch|p1b: Whimsicott|Whimsicott, L50, F|100/100\n|move|p2a: Ninetales|Protect|p2a: Ninetales\n|-singleturn|p2a: Ninetales|Protect\n|move|p2b: Rotom|Hydro Pump|p1a: Charizard\n|-supereffective|p1a: Charizard|1\n|-damage|p1a: Charizard|0 fnt\n|faint|p1a: Charizard\n|\n|-weather|SunnyDay|[upkeep]\n|-sideend|p2: LarpLarpSahoor|move: Aurora Veil\n|upkeep\n|\n|t:|1776176038\n|switch|p1a: Rotom|Rotom-Wash, L50, shiny|87/100\n|turn|8\n|inactive|Olloyed_Alt has 30 seconds left.\n|\n|t:|1776176074\n|switch|p2a: Incineroar|Incineroar, L50, M|65/100\n|-ability|p2a: Incineroar|Intimidate|boost\n|-unboost|p1a: Rotom|atk|1\n|-unboost|p1b: Whimsicott|atk|1\n|move|p1b: Whimsicott|Tailwind|p1b: Whimsicott\n|-sidestart|p1: Olloyed_Alt|move: Tailwind\n|move|p1a: Rotom|Trick|p2a: Incineroar\n|-activate|p1a: Rotom|move: Trick|[of] p2a: Incineroar\n|-item|p2a: Incineroar|Choice Scarf|[from] move: Trick\n|-item|p1a: Rotom|Shuca Berry|[from] move: Trick\n|move|p2b: Rotom|Hydro Pump|p1a: Rotom\n|-resisted|p1a: Rotom|1\n|-damage|p1a: Rotom|70/100\n|\n|-weather|SunnyDay|[upkeep]\n|upkeep\n|turn|9\n|inactive|Olloyed_Alt has 30 seconds left.\n|\n|t:|1776176100\n|move|p1b: Whimsicott|Protect|p1b: Whimsicott\n|-singleturn|p1b: Whimsicott|Protect\n|move|p2a: Incineroar|Fake Out|p1a: Rotom\n|-damage|p1a: Rotom|57/100\n|cant|p1a: Rotom|flinch\n|move|p2b: Rotom|Hydro Pump|p1a: Rotom\n|-resisted|p1a: Rotom|1\n|-damage|p1a: Rotom|40/100\n|\n|-weather|SunnyDay|[upkeep]\n|upkeep\n|turn|10\n|inactive|Olloyed_Alt has 30 seconds left.\n|inactive|LarpLarpSahoor has 30 seconds left.\n|\n|t:|1776176132\n|switch|p2a: Ninetales|Ninetales-Alola, L50, M|78/100\n|-weather|Snowscape|[from] ability: Snow Warning|[of] p2a: Ninetales\n|move|p1b: Whimsicott|Encore|p2b: Rotom\n|-start|p2b: Rotom|Encore\n|move|p1a: Rotom|Hydro Pump|p2a: Ninetales\n|-damage|p2a: Ninetales|14/100\n|move|p2b: Rotom|Hydro Pump|p1b: Whimsicott\n|-resisted|p1b: Whimsicott|1\n|-damage|p1b: Whimsicott|59/100\n|\n|-weather|Snowscape|[upkeep]\n|upkeep\n|turn|11\n|\n|t:|1776176156\n|move|p1b: Whimsicott|Protect|p1b: Whimsicott\n|-singleturn|p1b: Whimsicott|Protect\n|move|p2a: Ninetales|Protect|p2a: Ninetales\n|-singleturn|p2a: Ninetales|Protect\n|move|p1a: Rotom|Discharge|p2b: Rotom|[spread] p2b\n|-activate|p1b: Whimsicott|move: Protect\n|-activate|p2a: Ninetales|move: Protect\n|-damage|p2b: Rotom|12/100\n|move|p2b: Rotom|Hydro Pump|p1a: Rotom\n|-resisted|p1a: Rotom|1\n|-damage|p1a: Rotom|12/100\n|\n|-weather|Snowscape|[upkeep]\n|-sideend|p1: Olloyed_Alt|move: Tailwind\n|upkeep\n|turn|12\n|\n|t:|1776176175\n|move|p2b: Rotom|Hydro Pump|p1a: Rotom\n|-resisted|p1a: Rotom|1\n|-damage|p1a: Rotom|0 fnt\n|faint|p1a: Rotom\n|move|p2a: Ninetales|Blizzard|p1b: Whimsicott\n|-supereffective|p1b: Whimsicott|1\n|-damage|p1b: Whimsicott|0 fnt\n|faint|p1b: Whimsicott\n|\n|win|LarpLarpSahoor\n|raw|Olloyed_Alt's rating: 1030 &rarr; <strong>1019</strong><br />(-11 for losing)\n|raw|LarpLarpSahoor's rating: 1117 &rarr; <strong>1136</strong><br />(+19 for winning)\n|c|\u2606LarpLarpSahoor|gg\n|c|\u2606Olloyed_Alt|gg\n|c|\u2606Olloyed_Alt|close af\n|c|\u2606LarpLarpSahoor|not really\n|c|\u2606Olloyed_Alt|it felt like\n|c|\u2606LarpLarpSahoor|haha jk\n",
  "uploadtime": 1776176212,
  "views": 34,
  "formatid": "gen9championsvgc2026regma",
  "rating": 1019,
  "private": 0,
  "password": null
}