{
  "id": "gen9championsvgc2026regma-2585616308",
  "format": "[Gen 9 Champions] VGC 2026 Reg M-A",
  "players": [
    "Lvl4Metapod",
    "Miko008"
  ],
  "log": "|j|\u2606Lvl4Metapod\n|j|\u2606Miko008\n|t:|1776359109\n|gametype|doubles\n|player|p1|Lvl4Metapod|101|1040\n|player|p2|Miko008|lady|1135\n|gen|9\n|tier|[Gen 9 Champions] VGC 2026 Reg M-A\n|rated|\n|rule|Species Clause: Limit one of each Pok\u00e9mon\n|rule|Item Clause: Limit 1 of each item\n|clearpoke\n|poke|p1|Sneasler, L50, M|\n|poke|p1|Gyarados, L50, M|\n|poke|p1|Ninetales-Alola, L50, M|\n|poke|p1|Garchomp, L50, F|\n|poke|p1|Orthworm, L50, F|\n|poke|p1|Delphox, L50, M|\n|poke|p2|Whimsicott, L50, F|\n|poke|p2|Salazzle, L50, F|\n|poke|p2|Charizard, L50, F|\n|poke|p2|Mamoswine, L50, M|\n|poke|p2|Garchomp, L50, M|\n|poke|p2|Milotic, L50, F|\n|teampreview|4\n|\n|t:|1776359215\n|teamsize|p1|4\n|teamsize|p2|4\n|start\n|switch|p1a: Sneasler|Sneasler, L50, M|100/100\n|switch|p1b: Orthworm|Orthworm, L50, F|100/100\n|switch|p2a: Sapphire|Milotic, L50, F, shiny|100/100\n|switch|p2b: Cottony|Whimsicott, L50, F|100/100\n|turn|1\n|\n|t:|1776359257\n|move|p1a: Sneasler|Fake Out|p2a: Sapphire\n|-damage|p2a: Sapphire|84/100\n|move|p2b: Cottony|Tailwind|p2b: Cottony\n|-sidestart|p2: Miko008|move: Tailwind\n|cant|p2a: Sapphire|flinch\n|move|p1b: Orthworm|Shed Tail|p1b: Orthworm\n|-start|p1b: Orthworm|Substitute|[from] move: Shed Tail\n|-damage|p1b: Orthworm|50/100\n|-enditem|p1b: Orthworm|Sitrus Berry|[eat]\n|-heal|p1b: Orthworm|75/100|[from] item: Sitrus Berry\n|\n|t:|1776359270\n|switch|p1b: Gyarados|Gyarados, L50, M|100/100|[from] Shed Tail\n|-ability|p1b: Gyarados|Intimidate|boost\n|-unboost|p2a: Sapphire|atk|1\n|-ability|p2a: Sapphire|Competitive|boost\n|-boost|p2a: Sapphire|spa|2\n|-unboost|p2b: Cottony|atk|1\n|\n|-heal|p2a: Sapphire|90/100|[from] item: Leftovers\n|upkeep\n|turn|2\n|\n|t:|1776359289\n|switch|p1a: Orthworm|Orthworm, L50, F|75/100\n|move|p2b: Cottony|Moonblast|p1b: Gyarados\n|-end|p1b: Gyarados|Substitute\n|move|p2a: Sapphire|Scald|p1a: Orthworm\n|-damage|p1a: Orthworm|0 fnt\n|faint|p1a: Orthworm\n|move|p1b: Gyarados|Dragon Dance|p1b: Gyarados\n|-boost|p1b: Gyarados|atk|1\n|-boost|p1b: Gyarados|spe|1\n|\n|-heal|p2a: Sapphire|96/100|[from] item: Leftovers\n|upkeep\n|\n|t:|1776359306\n|switch|p1a: Sneasler|Sneasler, L50, M|100/100\n|turn|3\n|\n|t:|1776359330\n|switch|p2b: Tiamat|Charizard, L50, F|100/100\n|detailschange|p1b: Gyarados|Gyarados-Mega, L50, M\n|-mega|p1b: Gyarados|Gyarados|Gyaradosite\n|-ability|p1b: Gyarados|Mold Breaker\n|move|p1a: Sneasler|Fake Out|p2a: Sapphire\n|-damage|p2a: Sapphire|81/100\n|cant|p2a: Sapphire|flinch\n|move|p1b: Gyarados|Dragon Dance|p1b: Gyarados\n|-boost|p1b: Gyarados|atk|1\n|-boost|p1b: Gyarados|spe|1\n|\n|-heal|p2a: Sapphire|87/100|[from] item: Leftovers\n|upkeep\n|turn|4\n|\n|t:|1776359352\n|move|p2b: Tiamat|Protect|p2b: Tiamat\n|-singleturn|p2b: Tiamat|Protect\n|move|p1b: Gyarados|Crunch|p2a: Sapphire\n|-damage|p2a: Sapphire|0 fnt\n|faint|p2a: Sapphire\n|move|p1a: Sneasler|Coaching|p1b: Gyarados\n|-boost|p1b: Gyarados|atk|1\n|-boost|p1b: Gyarados|def|1\n|\n|-sideend|p2: Miko008|move: Tailwind\n|upkeep\n|\n|t:|1776359359\n|switch|p2a: Cottony|Whimsicott, L50, F|100/100\n|turn|5\n|\n|t:|1776359367\n|detailschange|p2b: Tiamat|Charizard-Mega-Y, L50, F\n|-mega|p2b: Tiamat|Charizard|Charizardite Y\n|-weather|SunnyDay|[from] ability: Drought|[of] p2b: Tiamat\n|move|p2a: Cottony|Tailwind|p2a: Cottony\n|-sidestart|p2: Miko008|move: Tailwind\n|move|p2b: Tiamat|Solar Beam||[still]\n|-prepare|p2b: Tiamat|Solar Beam\n|-anim|p2b: Tiamat|Solar Beam|p1b: Gyarados\n|-supereffective|p1b: Gyarados|1\n|-damage|p1b: Gyarados|31/100\n|move|p1b: Gyarados|Crunch|p2b: Tiamat\n|-damage|p2b: Tiamat|0 fnt\n|faint|p2b: Tiamat\n|move|p1a: Sneasler|Dire Claw|p2a: Cottony\n|-supereffective|p2a: Cottony|2\n|-enditem|p2a: Cottony|Kebia Berry|[eat]\n|-enditem|p2a: Cottony|Kebia Berry|[weaken]\n|-damage|p2a: Cottony|13/100\n|\n|-weather|SunnyDay|[upkeep]\n|upkeep\n|\n|t:|1776359379\n|switch|p2b: Bruce|Garchomp, L50, M|100/100\n|turn|6\n|\n|t:|1776359408\n|move|p1b: Gyarados|Protect|p1b: Gyarados\n|-singleturn|p1b: Gyarados|Protect\n|move|p2b: Bruce|Dragon Claw|p1b: Gyarados\n|-activate|p1b: Gyarados|move: Protect\n|move|p2a: Cottony|Moonblast|p1a: Sneasler\n|-damage|p1a: Sneasler|63/100\n|move|p1a: Sneasler|Dire Claw|p2a: Cottony\n|-supereffective|p2a: Cottony|2\n|-damage|p2a: Cottony|0 fnt\n|faint|p2a: Cottony\n|\n|-weather|SunnyDay|[upkeep]\n|upkeep\n|turn|7\n|\n|t:|1776359427\n|move|p2b: Bruce|Dragon Claw|p1b: Gyarados\n|-damage|p1b: Gyarados|4/100\n|move|p1b: Gyarados|Waterfall|p2b: Bruce\n|-damage|p2b: Bruce|51/100\n|-damage|p1b: Gyarados|0 fnt|[from] ability: Rough Skin|[of] p2b: Bruce\n|faint|p1b: Gyarados\n|move|p1a: Sneasler|Dire Claw|p2b: Bruce\n|-resisted|p2b: Bruce|1\n|-damage|p2b: Bruce|31/100\n|-damage|p1a: Sneasler|51/100|[from] ability: Rough Skin|[of] p2b: Bruce\n|\n|-weather|SunnyDay|[upkeep]\n|upkeep\n|\n|t:|1776359439\n|switch|p1b: Ninetales|Ninetales-Alola, L50, M|100/100\n|-weather|Snowscape|[from] ability: Snow Warning|[of] p1b: Ninetales\n|turn|8\n|\n|t:|1776359450\n|move|p2b: Bruce|Dragon Claw|p1a: Sneasler\n|-damage|p1a: Sneasler|0 fnt\n|faint|p1a: Sneasler\n|move|p1b: Ninetales|Blizzard|p2b: Bruce\n|-supereffective|p2b: Bruce|2\n|-damage|p2b: Bruce|0 fnt\n|faint|p2b: Bruce\n|\n|win|Lvl4Metapod\n|raw|Lvl4Metapod's rating: 1040 &rarr; <strong>1083</strong><br />(+43 for winning)\n|raw|Miko008's rating: 1135 &rarr; <strong>1103</strong><br />(-32 for losing)\n|l|\u2606Miko008\n|player|p2|\n",
  "uploadtime": 1776359562,
  "views": 21,
  "formatid": "gen9championsvgc2026regma",
  "rating": 1083,
  "private": 0,
  "password": null
}