{
  "id": "gen9championsvgc2026regma-2581456647",
  "format": "[Gen 9 Champions] VGC 2026 Reg M-A",
  "players": [
    "maishaktimaan",
    "lufox2.0"
  ],
  "log": "|j|\u2606maishaktimaan\n|j|\u2606lufox2.0\n|t:|1776002221\n|gametype|doubles\n|player|p1|maishaktimaan|265|1152\n|player|p2|lufox2.0|n|1093\n|gen|9\n|tier|[Gen 9 Champions] VGC 2026 Reg M-A\n|rated|\n|rule|Species Clause: Limit one of each Pok\u00e9mon\n|rule|Item Clause: Limit 1 of each item\n|clearpoke\n|poke|p1|Froslass, L50, F|\n|poke|p1|Garchomp, L50, F|\n|poke|p1|Incineroar, L50, F|\n|poke|p1|Orthworm, L50, F|\n|poke|p1|Basculegion, L50, M|\n|poke|p1|Rotom-Frost, L50|\n|poke|p2|Glimmora, L50, F|\n|poke|p2|Whimsicott, L50, M|\n|poke|p2|Incineroar, L50, M|\n|poke|p2|Tinkaton, L50, F|\n|poke|p2|Rotom-Wash, L50|\n|poke|p2|Krookodile, L50, M|\n|teampreview|4\n|inactive|Battle timer is ON: inactive players will automatically lose when time's up. (requested by lufox2.0)\n|inactive|maishaktimaan also wants the timer to be on.\n|inactive|maishaktimaan has 60 seconds left.\n|inactive|lufox2.0 has 60 seconds left.\n|inactive|maishaktimaan has 30 seconds left.\n|\n|t:|1776002285\n|teamsize|p1|4\n|teamsize|p2|4\n|start\n|switch|p1a: Basculegion|Basculegion, L50, M|100/100\n|switch|p1b: Orthworm|Orthworm, L50, F|100/100\n|switch|p2a: Whimsicott|Whimsicott, L50, M, shiny|100/100\n|switch|p2b: Tinkaton|Tinkaton, L50, F, shiny|100/100\n|-ability|p2b: Tinkaton|Mold Breaker\n|turn|1\n|\n|t:|1776002303\n|move|p2a: Whimsicott|Protect|p2a: Whimsicott\n|-singleturn|p2a: Whimsicott|Protect\n|move|p2b: Tinkaton|Fake Out|p1b: Orthworm\n|-resisted|p1b: Orthworm|1\n|-damage|p1b: Orthworm|98/100\n|move|p1a: Basculegion|Flip Turn|p2b: Tinkaton\n|-damage|p2b: Tinkaton|64/100\n|\n|t:|1776002317\n|switch|p1a: Garchomp|Garchomp, L50, F|100/100|[from] Flip Turn\n|cant|p1b: Orthworm|flinch\n|\n|-heal|p2b: Tinkaton|70/100|[from] item: Leftovers\n|upkeep\n|turn|2\n|\n|t:|1776002337\n|switch|p2b: Rotom|Rotom-Wash, L50|100/100\n|move|p2a: Whimsicott|Tailwind|p2a: Whimsicott\n|-sidestart|p2: lufox2.0|move: Tailwind\n|move|p1a: Garchomp|Earthquake|p2a: Whimsicott|[spread] p2a\n|-heal|p1b: Orthworm|100/100|[from] ability: Earth Eater|[of] p1a: Garchomp\n|-immune|p2b: Rotom|[from] ability: Levitate\n|-resisted|p2a: Whimsicott|1\n|-damage|p2a: Whimsicott|80/100\n|move|p1b: Orthworm|Heavy Slam|p2a: Whimsicott\n|-supereffective|p2a: Whimsicott|1\n|-damage|p2a: Whimsicott|12/100\n|\n|upkeep\n|turn|3\n|inactive|maishaktimaan has 30 seconds left.\n|\n|t:|1776002366\n|move|p1a: Garchomp|Protect|p1a: Garchomp\n|-singleturn|p1a: Garchomp|Protect\n|move|p2a: Whimsicott|Moonblast|p1a: Garchomp\n|-activate|p1a: Garchomp|move: Protect\n|move|p2b: Rotom|Hydro Pump|p1a: Garchomp\n|-activate|p1a: Garchomp|move: Protect\n|move|p1b: Orthworm|Heavy Slam|p2a: Whimsicott\n|-supereffective|p2a: Whimsicott|1\n|-damage|p2a: Whimsicott|0 fnt\n|faint|p2a: Whimsicott\n|\n|upkeep\n|\n|t:|1776002379\n|switch|p2a: Glimmora|Glimmora, L50, F, shiny|100/100\n|turn|4\n|inactive|lufox2.0 has 30 seconds left.\n|\n|t:|1776002405\n|detailschange|p2a: Glimmora|Glimmora-Mega, L50, F, shiny\n|-mega|p2a: Glimmora|Glimmora|Glimmoranite\n|move|p2a: Glimmora|Earth Power|p1a: Garchomp\n|-damage|p1a: Garchomp|64/100\n|move|p2b: Rotom|Hydro Pump|p1a: Garchomp\n|-damage|p1a: Garchomp|14/100\n|move|p1a: Garchomp|Earthquake|p2a: Glimmora|[spread] p2a\n|-immune|p1b: Orthworm|[from] ability: Earth Eater\n|-immune|p2b: Rotom|[from] ability: Levitate\n|-supereffective|p2a: Glimmora|2\n|-damage|p2a: Glimmora|0 fnt\n|faint|p2a: Glimmora\n|move|p1b: Orthworm|Heavy Slam|p2b: Rotom\n|-resisted|p2b: Rotom|2\n|-damage|p2b: Rotom|90/100\n|\n|upkeep\n|\n|t:|1776002420\n|switch|p2a: Tinkaton|Tinkaton, L50, F, shiny|70/100\n|-ability|p2a: Tinkaton|Mold Breaker\n|turn|5\n|\n|t:|1776002431\n|move|p1a: Garchomp|Protect|p1a: Garchomp\n|-singleturn|p1a: Garchomp|Protect\n|move|p2a: Tinkaton|Play Rough|p1a: Garchomp\n|-activate|p1a: Garchomp|move: Protect\n|move|p2b: Rotom|Will-O-Wisp|p1b: Orthworm|[miss]\n|-miss|p2b: Rotom|p1b: Orthworm\n|move|p1b: Orthworm|Shed Tail|p1b: Orthworm\n|-start|p1b: Orthworm|Substitute|[from] move: Shed Tail\n|-damage|p1b: Orthworm|50/100\n|-enditem|p1b: Orthworm|Sitrus Berry|[eat]\n|-heal|p1b: Orthworm|75/100|[from] item: Sitrus Berry\n|\n|t:|1776002442\n|switch|p1b: Froslass|Froslass, L50, F|100/100|[from] Shed Tail\n|\n|-heal|p2a: Tinkaton|75/100|[from] item: Leftovers\n|-sideend|p2: lufox2.0|move: Tailwind\n|upkeep\n|turn|6\n|\n|t:|1776002466\n|detailschange|p1b: Froslass|Froslass-Mega, L50, F\n|-mega|p1b: Froslass|Froslass|Froslassite\n|-weather|Snowscape|[from] ability: Snow Warning|[of] p1b: Froslass\n|move|p1b: Froslass|Nasty Plot|p1b: Froslass\n|-boost|p1b: Froslass|spa|2\n|move|p1a: Garchomp|Rock Slide|p2a: Tinkaton|[spread] p2a\n|-miss|p1a: Garchomp|p2b: Rotom\n|-resisted|p2a: Tinkaton|1\n|-crit|p2a: Tinkaton\n|-damage|p2a: Tinkaton|59/100\n|move|p2a: Tinkaton|Knock Off|p1b: Froslass\n|-supereffective|p1b: Froslass|1\n|-end|p1b: Froslass|Substitute\n|move|p2b: Rotom|Shadow Ball|p1a: Garchomp\n|-damage|p1a: Garchomp|0 fnt\n|faint|p1a: Garchomp\n|\n|-weather|Snowscape|[upkeep]\n|-heal|p2a: Tinkaton|65/100|[from] item: Leftovers\n|upkeep\n|\n|t:|1776002488\n|switch|p1a: Basculegion|Basculegion, L50, M|100/100\n|turn|7\n|\n|t:|1776002511\n|move|p1a: Basculegion|Last Respects|p2b: Rotom\n|-damage|p2b: Rotom|16/100\n|move|p1b: Froslass|Blizzard|p2b: Rotom|[spread] p2a,p2b\n|-resisted|p2a: Tinkaton|1\n|-resisted|p2b: Rotom|1\n|-damage|p2a: Tinkaton|20/100\n|-damage|p2b: Rotom|0 fnt\n|-status|p2a: Tinkaton|frz\n|faint|p2b: Rotom\n|cant|p2a: Tinkaton|frz\n|\n|-weather|Snowscape|[upkeep]\n|-heal|p2a: Tinkaton|26/100 frz|[from] item: Leftovers\n|upkeep\n|turn|8\n|\n|t:|1776002526\n|move|p1a: Basculegion|Last Respects|p2a: Tinkaton\n|-damage|p2a: Tinkaton|0 fnt\n|faint|p2a: Tinkaton\n|\n|win|maishaktimaan\n|raw|maishaktimaan's rating: 1152 &rarr; <strong>1173</strong><br />(+21 for winning)\n|raw|lufox2.0's rating: 1093 &rarr; <strong>1073</strong><br />(-20 for losing)\n|l|\u2606maishaktimaan\n|player|p1|\n",
  "uploadtime": 1776002542,
  "views": 17,
  "formatid": "gen9championsvgc2026regma",
  "rating": 1073,
  "private": 0,
  "password": null
}