{
  "id": "gen9championsvgc2026regma-2586976535",
  "format": "[Gen 9 Champions] VGC 2026 Reg M-A",
  "players": [
    "Winkydinker",
    "A5h3r"
  ],
  "log": "|j|\u2606Winkydinker\n|j|\u2606A5h3r\n|t:|1776477467\n|gametype|doubles\n|player|p1|Winkydinker|170|1134\n|player|p2|A5h3r|alder|1201\n|gen|9\n|tier|[Gen 9 Champions] VGC 2026 Reg M-A\n|rated|\n|rule|Species Clause: Limit one of each Pok\u00e9mon\n|rule|Item Clause: Limit 1 of each item\n|clearpoke\n|poke|p1|Incineroar, L50, M|\n|poke|p1|Rotom-Wash, L50|\n|poke|p1|Sneasler, L50, F|\n|poke|p1|Excadrill, L50, M|\n|poke|p1|Corviknight, L50, M|\n|poke|p1|Maushold-Four, L50|\n|poke|p2|Tyranitar, L50, F|\n|poke|p2|Excadrill, L50, M|\n|poke|p2|Floette-Eternal, L50, F|\n|poke|p2|Alakazam, L50, F|\n|poke|p2|Palafin, L50, F|\n|poke|p2|Delphox, L50, M|\n|teampreview|4\n|c|\u2606A5h3r|glhf\n|\n|t:|1776477487\n|teamsize|p1|4\n|teamsize|p2|4\n|start\n|switch|p1a: Corviknight|Corviknight, L50, M, shiny|100/100\n|switch|p1b: Sneasler|Sneasler, L50, F, shiny|100/100\n|switch|p2a: Tyranitar|Tyranitar, L50, F|100/100\n|switch|p2b: Palafin|Palafin, L50, F|100/100\n|-weather|Sandstorm|[from] ability: Sand Stream|[of] p2a: Tyranitar\n|turn|1\n|\n|t:|1776477507\n|detailschange|p2b: Palafin|Palafin-Hero, L50, F\n|switch|p2b: Excadrill|Excadrill, L50, M|100/100\n|move|p2a: Tyranitar|Protect|p2a: Tyranitar\n|-singleturn|p2a: Tyranitar|Protect\n|move|p1b: Sneasler|Fake Out|p2a: Tyranitar\n|-activate|p2a: Tyranitar|move: Protect\n|move|p1a: Corviknight|Body Press|p2a: Tyranitar\n|-activate|p2a: Tyranitar|move: Protect\n|\n|-weather|Sandstorm|[upkeep]\n|-damage|p1b: Sneasler|95/100|[from] Sandstorm\n|upkeep\n|turn|2\n|\n|t:|1776477539\n|switch|p2a: Palafin|Palafin-Hero, L50, F|100/100\n|-activate|p2a: Palafin|ability: Zero to Hero\n|move|p2b: Excadrill|Earthquake|p1a: Corviknight|[spread] p2a,p1b\n|-immune|p1a: Corviknight\n|-supereffective|p1b: Sneasler|1\n|-damage|p2a: Palafin|63/100\n|-damage|p1b: Sneasler|0 fnt\n|faint|p1b: Sneasler\n|move|p1a: Corviknight|Body Press|p2b: Excadrill\n|-supereffective|p2b: Excadrill|1\n|-damage|p2b: Excadrill|20/100\n|-enditem|p2b: Excadrill|Sitrus Berry|[eat]\n|-heal|p2b: Excadrill|45/100|[from] item: Sitrus Berry\n|\n|-weather|Sandstorm|[upkeep]\n|-damage|p2a: Palafin|58/100|[from] Sandstorm\n|upkeep\n|\n|t:|1776477569\n|switch|p1b: Excadrill|Excadrill, L50, M, shiny|100/100\n|turn|3\n|\n|t:|1776477605\n|move|p2a: Palafin|Jet Punch|p1b: Excadrill\n|-supereffective|p1b: Excadrill|1\n|-enditem|p1b: Excadrill|Focus Sash\n|-damage|p1b: Excadrill|1/100\n|move|p2b: Excadrill|Rock Slide|p1a: Corviknight|[spread] p1a,p1b\n|-resisted|p1b: Excadrill|2\n|-damage|p1a: Corviknight|86/100\n|-damage|p1b: Excadrill|0 fnt\n|faint|p1b: Excadrill\n|cant|p1a: Corviknight|flinch\n|\n|-weather|Sandstorm|[upkeep]\n|-damage|p2a: Palafin|52/100|[from] Sandstorm\n|-heal|p1a: Corviknight|91/100|[from] item: Leftovers\n|upkeep\n|c|\u2606Winkydinker|wow max IVs on speed AND + speed nature\n|c|\u2606Winkydinker|kinda overkill for a sand rush excadrill?\n|\n|t:|1776477647\n|switch|p1b: Maushold|Maushold-Four, L50, shiny|100/100\n|turn|4\n|inactive|Battle timer is ON: inactive players will automatically lose when time's up. (requested by Winkydinker)\n|\n|t:|1776477683\n|move|p1b: Maushold|Protect|p1b: Maushold\n|-singleturn|p1b: Maushold|Protect\n|move|p2b: Excadrill|Earthquake|p1a: Corviknight|[spread] p2a\n|-activate|p1b: Maushold|move: Protect\n|-immune|p1a: Corviknight\n|-damage|p2a: Palafin|9/100\n|move|p2a: Palafin|Wave Crash|p1a: Corviknight\n|-crit|p1a: Corviknight\n|-damage|p1a: Corviknight|14/100\n|-damage|p2a: Palafin|0 fnt|[from] Recoil\n|faint|p2a: Palafin\n|move|p1a: Corviknight|Tailwind|p1a: Corviknight\n|-sidestart|p1: Winkydinker|move: Tailwind\n|\n|-weather|Sandstorm|[upkeep]\n|-damage|p1b: Maushold|94/100|[from] Sandstorm\n|-heal|p1a: Corviknight|20/100|[from] item: Leftovers\n|upkeep\n|c|\u2606A5h3r|well if it aint overkill it aint gone kill right\n|\n|t:|1776477706\n|switch|p2a: Delphox|Delphox, L50, M|100/100\n|turn|5\n|inactive|Winkydinker has 30 seconds left.\n|inactive|Winkydinker has 20 seconds left.\n|\n|t:|1776477741\n|detailschange|p2a: Delphox|Delphox-Mega, L50, M\n|-mega|p2a: Delphox|Delphox|Delphoxite\n|move|p1b: Maushold|Population Bomb|p2a: Delphox\n|-damage|p2a: Delphox|90/100\n|-damage|p2a: Delphox|82/100\n|-hitcount|p2a: Delphox|2\n|move|p2b: Excadrill|Rock Slide|p1b: Maushold|[spread] p1b\n|-miss|p2b: Excadrill|p1a: Corviknight\n|-damage|p1b: Maushold|68/100\n|move|p1a: Corviknight|Brave Bird|p2b: Excadrill\n|-resisted|p2b: Excadrill|1\n|-damage|p2b: Excadrill|19/100\n|-damage|p1a: Corviknight|11/100|[from] Recoil\n|move|p2a: Delphox|Heat Wave|p1b: Maushold|[spread] p1a,p1b\n|-supereffective|p1a: Corviknight|1\n|-damage|p1a: Corviknight|0 fnt\n|-damage|p1b: Maushold|10/100\n|faint|p1a: Corviknight\n|\n|-weather|none\n|upkeep\n|turn|6\n|inactive|Winkydinker has 30 seconds left.\n|inactive|A5h3r has 30 seconds left.\n|\n|t:|1776477772\n|move|p1b: Maushold|Population Bomb|p2a: Delphox\n|-damage|p2a: Delphox|73/100\n|-damage|p2a: Delphox|63/100\n|-damage|p2a: Delphox|53/100\n|-damage|p2a: Delphox|43/100\n|-damage|p2a: Delphox|34/100\n|-damage|p2a: Delphox|26/100\n|-crit|p2a: Delphox\n|-damage|p2a: Delphox|13/100\n|-damage|p2a: Delphox|4/100\n|-damage|p2a: Delphox|0 fnt\n|faint|p2a: Delphox\n|-hitcount|p2: Delphox|9\n|move|p2b: Excadrill|Iron Head|p1b: Maushold\n|-damage|p1b: Maushold|0 fnt\n|faint|p1b: Maushold\n|\n|win|A5h3r\n|raw|Winkydinker's rating: 1134 &rarr; <strong>1114</strong><br />(-20 for losing)\n|raw|A5h3r's rating: 1201 &rarr; <strong>1221</strong><br />(+20 for winning)\n|c|\u2606A5h3r|gg\n|l|\u2606Winkydinker\n|player|p1|\n",
  "uploadtime": 1776477831,
  "views": 15,
  "formatid": "gen9championsvgc2026regma",
  "rating": 1114,
  "private": 0,
  "password": null
}