{
  "id": "gen9championsvgc2026regma-2587934898",
  "format": "[Gen 9 Champions] VGC 2026 Reg M-A",
  "players": [
    "D3ggster",
    "pikacon999"
  ],
  "log": "|j|\u2606D3ggster\n|j|\u2606pikacon999\n|t:|1776581321\n|gametype|doubles\n|player|p1|D3ggster|266|1083\n|player|p2|pikacon999|dawn|1039\n|gen|9\n|tier|[Gen 9 Champions] VGC 2026 Reg M-A\n|rated|\n|rule|Species Clause: Limit one of each Pok\u00e9mon\n|rule|Item Clause: Limit 1 of each item\n|clearpoke\n|poke|p1|Meganium, L50, F|\n|poke|p1|Aerodactyl, L50, F|\n|poke|p1|Archaludon, L50, F|\n|poke|p1|Tauros-Paldea-Aqua, L50, M|\n|poke|p1|Kangaskhan, L50, F|\n|poke|p1|Typhlosion-Hisui, L50, F|\n|poke|p2|Charizard, L50, F|\n|poke|p2|Whimsicott, L50, M|\n|poke|p2|Garchomp, L50, F|\n|poke|p2|Rotom-Wash, L50|\n|poke|p2|Venusaur, L50, F|\n|poke|p2|Incineroar, L50, F|\n|teampreview|4\n|inactive|Battle timer is ON: inactive players will automatically lose when time's up. (requested by D3ggster)\npikacon999 rejected open team sheets.\n|inactive|D3ggster has 60 seconds left.\n|inactive|pikacon999 has 60 seconds left.\n|\n|t:|1776581366\n|teamsize|p1|4\n|teamsize|p2|4\n|start\n|switch|p1a: Aerodactyl|Aerodactyl, L50, F|100/100\n|switch|p1b: Kangaskhan|Kangaskhan, L50, F|100/100\n|switch|p2a: Charizard|Charizard, L50, F|100/100\n|switch|p2b: Venusaur|Venusaur, L50, F|100/100\n|-ability|p1a: Aerodactyl|Unnerve\n|turn|1\n|\n|t:|1776581384\n|detailschange|p1b: Kangaskhan|Kangaskhan-Mega, L50, F\n|-mega|p1b: Kangaskhan|Kangaskhan|Kangaskhanite\n|detailschange|p2a: Charizard|Charizard-Mega-Y, L50, F\n|-mega|p2a: Charizard|Charizard|Charizardite Y\n|-weather|SunnyDay|[from] ability: Drought|[of] p2a: Charizard\n|move|p1b: Kangaskhan|Fake Out|p2b: Venusaur\n|-damage|p2b: Venusaur|74/100\n|-damage|p2b: Venusaur|69/100\n|-hitcount|p2b: Venusaur|2\n|cant|p2b: Venusaur|flinch\n|move|p1a: Aerodactyl|Rock Slide|p2a: Charizard|[spread] p2b\n|-miss|p1a: Aerodactyl|p2a: Charizard\n|-damage|p2b: Venusaur|40/100\n|move|p2a: Charizard|Weather Ball|p1b: Kangaskhan\n|-damage|p1b: Kangaskhan|12/100\n|\n|-weather|SunnyDay|[upkeep]\n|upkeep\n|turn|2\n|\n|t:|1776581409\n|move|p1b: Kangaskhan|Sucker Punch||[still]\n|-fail|p1b: Kangaskhan\n|move|p2b: Venusaur|Sleep Powder|p1a: Aerodactyl|[miss]\n|-miss|p2b: Venusaur|p1a: Aerodactyl\n|move|p1a: Aerodactyl|Rock Slide|p2a: Charizard|[spread] p2a,p2b\n|-supereffective|p2a: Charizard|2\n|-damage|p2a: Charizard|0 fnt\n|-damage|p2b: Venusaur|12/100\n|faint|p2a: Charizard\n|\n|-weather|SunnyDay|[upkeep]\n|upkeep\n|\n|t:|1776581423\n|switch|p2a: Rotom|Rotom-Wash, L50|100/100\n|turn|3\n|\n|t:|1776581440\n|switch|p1b: Archaludon|Archaludon, L50, F|100/100\n|move|p1a: Aerodactyl|Protect|p1a: Aerodactyl\n|-singleturn|p1a: Aerodactyl|Protect\n|move|p2b: Venusaur|Sludge Bomb|p1b: Archaludon\n|-immune|p1b: Archaludon\n|move|p2a: Rotom|Will-O-Wisp|p1a: Aerodactyl\n|-activate|p1a: Aerodactyl|move: Protect\n|\n|-weather|SunnyDay|[upkeep]\n|upkeep\n|turn|4\n|inactive|D3ggster has 30 seconds left.\n|\n|t:|1776581467\n|move|p2a: Rotom|Protect|p2a: Rotom\n|-singleturn|p2a: Rotom|Protect\n|move|p2b: Venusaur|Solar Beam||[still]\n|-prepare|p2b: Venusaur|Solar Beam\n|-anim|p2b: Venusaur|Solar Beam|p1a: Aerodactyl\n|-damage|p1a: Aerodactyl|31/100\n|move|p1a: Aerodactyl|Dual Wingbeat|p2b: Venusaur\n|-supereffective|p2b: Venusaur|1\n|-damage|p2b: Venusaur|0 fnt\n|faint|p2b: Venusaur\n|-hitcount|p2: Venusaur|1\n|move|p1b: Archaludon|Draco Meteor|p2a: Rotom\n|-activate|p2a: Rotom|move: Protect\n|\n|-weather|SunnyDay|[upkeep]\n|upkeep\n|\n|t:|1776581481\n|switch|p2b: Incineroar|Incineroar, L50, F|100/100\n|-ability|p2b: Incineroar|Intimidate|boost\n|-unboost|p1a: Aerodactyl|atk|1\n|-unboost|p1b: Archaludon|atk|1\n|turn|5\n|\n|t:|1776581502\n|move|p2b: Incineroar|Fake Out|p1a: Aerodactyl\n|-resisted|p1a: Aerodactyl|1\n|-damage|p1a: Aerodactyl|22/100\n|cant|p1a: Aerodactyl|flinch\n|move|p1b: Archaludon|Draco Meteor|p2a: Rotom\n|-damage|p2a: Rotom|24/100\n|-unboost|p1b: Archaludon|spa|2\n|move|p2a: Rotom|Thunderbolt|p1a: Aerodactyl\n|-supereffective|p1a: Aerodactyl|1\n|-damage|p1a: Aerodactyl|0 fnt\n|faint|p1a: Aerodactyl\n|\n|-weather|none\n|-heal|p2a: Rotom|30/100|[from] item: Leftovers\n|upkeep\n|\n|t:|1776581517\n|switch|p1a: Kangaskhan|Kangaskhan-Mega, L50, F|12/100\n|turn|6\n|\n|t:|1776581528\n|move|p2a: Rotom|Protect|p2a: Rotom\n|-singleturn|p2a: Rotom|Protect\n|move|p1a: Kangaskhan|Fake Out|p2a: Rotom\n|-activate|p2a: Rotom|move: Protect\n|move|p1b: Archaludon|Draco Meteor|p2a: Rotom\n|-activate|p2a: Rotom|move: Protect\n|move|p2b: Incineroar|Flare Blitz|p1a: Kangaskhan\n|-damage|p1a: Kangaskhan|0 fnt\n|faint|p1a: Kangaskhan\n|-damage|p2b: Incineroar|97/100|[from] Recoil\n|\n|-heal|p2a: Rotom|36/100|[from] item: Leftovers\n|upkeep\n|\n|t:|1776581541\n|switch|p1a: Tauros|Tauros-Paldea-Aqua, L50, M|100/100\n|-ability|p1a: Tauros|Intimidate|boost\n|-unboost|p2a: Rotom|atk|1\n|-unboost|p2b: Incineroar|atk|1\n|turn|7\n|\n|t:|1776581560\n|move|p1a: Tauros|Wave Crash|p2a: Rotom\n|-resisted|p2a: Rotom|1\n|-damage|p2a: Rotom|2/100\n|-damage|p1a: Tauros|90/100|[from] Recoil\n|move|p1b: Archaludon|Steel Beam|p2b: Incineroar\n|-resisted|p2b: Incineroar|1\n|-damage|p2b: Incineroar|76/100\n|-damage|p1b: Archaludon|50/100|[from] steelbeam\n|move|p2a: Rotom|Thunderbolt|p1a: Tauros\n|-supereffective|p1a: Tauros|1\n|-damage|p1a: Tauros|0 fnt\n|faint|p1a: Tauros\n|move|p2b: Incineroar|Flare Blitz|p1b: Archaludon\n|-damage|p1b: Archaludon|17/100\n|-damage|p2b: Incineroar|66/100|[from] Recoil\n|\n|-heal|p2a: Rotom|8/100|[from] item: Leftovers\n|upkeep\n|turn|8\n|-message|D3ggster forfeited.\n|\n|win|pikacon999\n|raw|D3ggster's rating: 1083 &rarr; <strong>1058</strong><br />(-25 for losing)\n|raw|pikacon999's rating: 1039 &rarr; <strong>1077</strong><br />(+38 for winning)\n|l|\u2606D3ggster\n|player|p1|\n",
  "uploadtime": 1776581577,
  "views": 9,
  "formatid": "gen9championsvgc2026regma",
  "rating": 1058,
  "private": 0,
  "password": null
}