{
  "id": "gen9championsvgc2026regma-2588436345",
  "format": "[Gen 9 Champions] VGC 2026 Reg M-A",
  "players": [
    "coummmfpk",
    "ianso"
  ],
  "log": "|j|\u2606coummmfpk\n|j|\u2606ianso\n|t:|1776633380\n|gametype|doubles\n|player|p1|coummmfpk|flannery|1493\n|player|p2|ianso|red|1495\n|gen|9\n|tier|[Gen 9 Champions] VGC 2026 Reg M-A\n|rated|\n|rule|Species Clause: Limit one of each Pok\u00e9mon\n|rule|Item Clause: Limit 1 of each item\n|clearpoke\n|poke|p1|Garchomp, L50, M|\n|poke|p1|Meowscarada, L50, F|\n|poke|p1|Charizard, L50, F|\n|poke|p1|Rotom-Wash, L50|\n|poke|p1|Kommo-o, L50, F|\n|poke|p1|Corviknight, L50, M|\n|poke|p2|Floette-Eternal, L50, F|\n|poke|p2|Garchomp, L50, F|\n|poke|p2|Kingambit, L50, M|\n|poke|p2|Basculegion, L50, M|\n|poke|p2|Sneasler, L50, M|\n|poke|p2|Froslass, L50, F|\n|teampreview|4\n|inactive|Battle timer is ON: inactive players will automatically lose when time's up. (requested by ianso)\n|inactive|coummmfpk has 60 seconds left.\n|inactive|ianso has 60 seconds left.\n|\n|t:|1776633416\n|teamsize|p1|4\n|teamsize|p2|4\n|start\n|switch|p1a: Meowscarada|Meowscarada, L50, F|100/100\n|switch|p1b: Corviknight|Corviknight, L50, M|100/100\n|switch|p2a: Froslass|Froslass, L50, F|100/100\n|switch|p2b: Garchomp|Garchomp, L50, F|100/100\n|turn|1\n|inactive|coummmfpk has 30 seconds left.\n|inactive|ianso has 30 seconds left.\n|\n|t:|1776633447\n|move|p2a: Froslass|Protect|p2a: Froslass\n|-singleturn|p2a: Froslass|Protect\n|move|p1a: Meowscarada|Flower Trick|p2b: Garchomp\n|-crit|p2b: Garchomp\n|-damage|p2b: Garchomp|60/100\n|move|p2b: Garchomp|Dragon Claw|p1a: Meowscarada\n|-damage|p1a: Meowscarada|39/100\n|move|p1b: Corviknight|Tailwind|p1b: Corviknight\n|-sidestart|p1: coummmfpk|move: Tailwind\n|\n|upkeep\n|turn|2\n|\n|t:|1776633472\n|switch|p2a: Kingambit|Kingambit, L50, M|100/100\n|move|p1a: Meowscarada|Flower Trick|p2b: Garchomp\n|-crit|p2b: Garchomp\n|-damage|p2b: Garchomp|15/100\n|move|p1b: Corviknight|Brave Bird|p2b: Garchomp\n|-damage|p2b: Garchomp|0 fnt\n|-damage|p1b: Corviknight|88/100|[from] ability: Rough Skin|[of] p2b: Garchomp\n|faint|p2b: Garchomp\n|-damage|p1b: Corviknight|83/100|[from] Recoil\n|\n|upkeep\n|\n|t:|1776633491\n|switch|p2b: Basculegion|Basculegion, L50, M|100/100\n|turn|3\n|\n|t:|1776633508\n|switch|p1b: Charizard|Charizard, L50, F|100/100\n|move|p2b: Basculegion|Protect|p2b: Basculegion\n|-singleturn|p2b: Basculegion|Protect\n|move|p1a: Meowscarada|Flower Trick|p2b: Basculegion\n|-activate|p2b: Basculegion|move: Protect\n|move|p2a: Kingambit|Low Kick|p1a: Meowscarada\n|-supereffective|p1a: Meowscarada|1\n|-damage|p1a: Meowscarada|0 fnt\n|faint|p1a: Meowscarada\n|\n|upkeep\n|\n|t:|1776633522\n|switch|p1a: Garchomp|Garchomp, L50, M|100/100\n|turn|4\n|\n|t:|1776633539\n|detailschange|p1b: Charizard|Charizard-Mega-Y, L50, F\n|-mega|p1b: Charizard|Charizard|Charizardite Y\n|-weather|SunnyDay|[from] ability: Drought|[of] p1b: Charizard\n|move|p2a: Kingambit|Protect|p2a: Kingambit\n|-singleturn|p2a: Kingambit|Protect\n|move|p1a: Garchomp|Earthquake|p2a: Kingambit|[spread] p2b\n|-activate|p2a: Kingambit|move: Protect\n|-immune|p1b: Charizard\n|-damage|p2b: Basculegion|57/100\n|move|p1b: Charizard|Solar Beam||[still]\n|-prepare|p1b: Charizard|Solar Beam\n|-anim|p1b: Charizard|Solar Beam|p2b: Basculegion\n|-supereffective|p2b: Basculegion|1\n|-damage|p2b: Basculegion|0 fnt\n|faint|p2b: Basculegion\n|\n|-weather|SunnyDay|[upkeep]\n|-sideend|p1: coummmfpk|move: Tailwind\n|upkeep\n|\n|t:|1776633551\n|switch|p2b: Froslass|Froslass, L50, F|100/100\n|turn|5\n|\n|t:|1776633560\n|detailschange|p2b: Froslass|Froslass-Mega, L50, F\n|-mega|p2b: Froslass|Froslass|Froslassite\n|-weather|Snowscape|[from] ability: Snow Warning|[of] p2b: Froslass\n|move|p1a: Garchomp|Earthquake|p2a: Kingambit|[spread] p2a,p2b\n|-immune|p1b: Charizard\n|-supereffective|p2a: Kingambit|1\n|-damage|p2a: Kingambit|43/100\n|-damage|p2b: Froslass|61/100\n|move|p2b: Froslass|Substitute|p2b: Froslass\n|-start|p2b: Froslass|Substitute\n|-damage|p2b: Froslass|36/100\n|move|p1b: Charizard|Heat Wave|p2b: Froslass|[spread] p2a,p2b\n|-supereffective|p2b: Froslass|1\n|-end|p2b: Froslass|Substitute\n|-supereffective|p2a: Kingambit|1\n|-damage|p2a: Kingambit|0 fnt\n|faint|p2a: Kingambit\n|\n|-weather|Snowscape|[upkeep]\n|upkeep\n|turn|6\n|\n|t:|1776633582\n|move|p1a: Garchomp|Earthquake|p2b: Froslass|[spread] p2b\n|-immune|p1b: Charizard\n|-damage|p2b: Froslass|0 fnt\n|faint|p2b: Froslass\n|\n|win|coummmfpk\n|raw|coummmfpk's rating: 1493 &rarr; <strong>1513</strong><br />(+20 for winning)\n|raw|ianso's rating: 1495 &rarr; <strong>1475</strong><br />(-20 for losing)\n|l|\u2606ianso\n|player|p2|\n",
  "uploadtime": 1776633785,
  "views": 15,
  "formatid": "gen9championsvgc2026regma",
  "rating": 1475,
  "private": 0,
  "password": null
}