{
  "id": "gen9championsvgc2026regma-2580770883",
  "format": "[Gen 9 Champions] VGC 2026 Reg M-A",
  "players": [
    "psyko305",
    "kdzak"
  ],
  "log": "|j|\u2606psyko305\n|j|\u2606kdzak\n|t:|1775931121\n|gametype|doubles\n|player|p1|psyko305|265|1035\n|player|p2|kdzak|170|1103\n|gen|9\n|tier|[Gen 9 Champions] VGC 2026 Reg M-A\n|rated|\n|rule|Species Clause: Limit one of each Pok\u00e9mon\n|rule|Item Clause: Limit 1 of each item\n|clearpoke\n|poke|p1|Dragonite, L50, M|\n|poke|p1|Pelipper, L50, F|\n|poke|p1|Clefable, L50, M|\n|poke|p1|Aegislash, L50, M|\n|poke|p1|Incineroar, L50, F|\n|poke|p1|Basculegion, L50, M|\n|poke|p2|Charizard, L50, F|\n|poke|p2|Sneasler, L50, M|\n|poke|p2|Basculegion, L50, M|\n|poke|p2|Garchomp, L50, M|\n|poke|p2|Incineroar, L50, M|\n|poke|p2|Venusaur, L50, F|\n|teampreview|4\n|inactive|Battle timer is ON: inactive players will automatically lose when time's up. (requested by kdzak)\n|\n|t:|1775931158\n|teamsize|p1|4\n|teamsize|p2|4\n|start\n|switch|p1a: Incineroar|Incineroar, L50, F|100/100\n|switch|p1b: Pelipper|Pelipper, L50, F|100/100\n|switch|p2a: Charizard|Charizard, L50, F, shiny|100/100\n|switch|p2b: Venusaur|Venusaur, L50, F|100/100\n|-ability|p1a: Incineroar|Intimidate|boost\n|-unboost|p2a: Charizard|atk|1\n|-unboost|p2b: Venusaur|atk|1\n|-weather|RainDance|[from] ability: Drizzle|[of] p1b: Pelipper\n|turn|1\n|\n|t:|1775931179\n|detailschange|p2a: Charizard|Charizard-Mega-Y, L50, F, shiny\n|-mega|p2a: Charizard|Charizard|Charizardite Y\n|-weather|SunnyDay|[from] ability: Drought|[of] p2a: Charizard\n|move|p2a: Charizard|Protect|p2a: Charizard\n|-singleturn|p2a: Charizard|Protect\n|move|p1a: Incineroar|Fake Out|p2a: Charizard\n|-activate|p2a: Charizard|move: Protect\n|move|p2b: Venusaur|Sleep Powder|p1b: Pelipper\n|-status|p1b: Pelipper|slp|[from] move: Sleep Powder\n|cant|p1b: Pelipper|slp\n|\n|-weather|SunnyDay|[upkeep]\n|upkeep\n|turn|2\n|inactive|psyko305 has 30 seconds left.\n|\n|t:|1775931209\n|move|p2b: Venusaur|Earth Power|p1a: Incineroar\n|-supereffective|p1a: Incineroar|1\n|-damage|p1a: Incineroar|35/100\n|-enditem|p1a: Incineroar|Sitrus Berry|[eat]\n|-heal|p1a: Incineroar|59/100|[from] item: Sitrus Berry\n|move|p2a: Charizard|Air Slash|p1b: Pelipper\n|-damage|p1b: Pelipper|35/100 slp\n|move|p1a: Incineroar|Parting Shot|p2b: Venusaur\n|-unboost|p2b: Venusaur|atk|1\n|-unboost|p2b: Venusaur|spa|1\n|\n|t:|1775931221\n|switch|p1a: Dragonite|Dragonite, L50, M|100/100|[from] Parting Shot\n|-curestatus|p1b: Pelipper|slp|[msg]\n|cant|p1b: Pelipper|flinch\n|\n|-weather|SunnyDay|[upkeep]\n|upkeep\n|turn|3\n|inactive|kdzak has 30 seconds left.\n|inactive|kdzak has 20 seconds left.\n|\n|t:|1775931258\n|switch|p1b: Incineroar|Incineroar, L50, F|59/100\n|-ability|p1b: Incineroar|Intimidate|boost\n|-unboost|p2a: Charizard|atk|1\n|-unboost|p2b: Venusaur|atk|1\n|detailschange|p1a: Dragonite|Dragonite-Mega, L50, M\n|-mega|p1a: Dragonite|Dragonite|Dragoninite\n|move|p1a: Dragonite|Protect|p1a: Dragonite\n|-singleturn|p1a: Dragonite|Protect\n|move|p2b: Venusaur|Sleep Powder|p1a: Dragonite\n|-activate|p1a: Dragonite|move: Protect\n|move|p2a: Charizard|Heat Wave|p1b: Incineroar|[spread] p1b\n|-activate|p1a: Dragonite|move: Protect\n|-resisted|p1b: Incineroar|1\n|-damage|p1b: Incineroar|22/100\n|\n|-weather|SunnyDay|[upkeep]\n|upkeep\n|turn|4\n|inactive|kdzak has 30 seconds left.\n|\n|t:|1775931290\n|switch|p2b: Garchomp|Garchomp, L50, M|100/100\n|switch|p1b: Pelipper|Pelipper, L50, F|35/100\n|-weather|RainDance|[from] ability: Drizzle|[of] p1b: Pelipper\n|move|p2a: Charizard|Protect|p2a: Charizard\n|-singleturn|p2a: Charizard|Protect\n|move|p1a: Dragonite|Hurricane|p2b: Garchomp\n|-damage|p2b: Garchomp|30/100\n|\n|-weather|RainDance|[upkeep]\n|upkeep\n|turn|5\n|inactive|kdzak has 30 seconds left.\n|\n|t:|1775931315\n|switch|p2a: Venusaur|Venusaur, L50, F|100/100\n|move|p1b: Pelipper|Wide Guard|p1b: Pelipper\n|-singleturn|p1b: Pelipper|Wide Guard\n|move|p2b: Garchomp|Rock Slide|p1b: Pelipper|[spread] \n|-activate|p1a: Dragonite|move: Wide Guard\n|-activate|p1b: Pelipper|move: Wide Guard\n|move|p1a: Dragonite|Thunder|p2a: Venusaur\n|-resisted|p2a: Venusaur|1\n|-damage|p2a: Venusaur|77/100\n|-status|p2a: Venusaur|par\n|\n|-weather|RainDance|[upkeep]\n|upkeep\n|turn|6\n|inactive|psyko305 has 30 seconds left.\n|inactive|kdzak has 30 seconds left.\n|\n|t:|1775931342\n|switch|p1b: Incineroar|Incineroar, L50, F|22/100\n|-ability|p1b: Incineroar|Intimidate|boost\n|-unboost|p2a: Venusaur|atk|1\n|-unboost|p2b: Garchomp|atk|1\n|move|p2b: Garchomp|Dragon Claw|p1a: Dragonite\n|-supereffective|p1a: Dragonite|1\n|-damage|p1a: Dragonite|76/100\n|move|p1a: Dragonite|Hurricane|p2b: Garchomp\n|-crit|p2b: Garchomp\n|-damage|p2b: Garchomp|0 fnt\n|faint|p2b: Garchomp\n|cant|p2a: Venusaur|par\n|\n|-weather|RainDance|[upkeep]\n|upkeep\n|\n|t:|1775931353\n|switch|p2b: Basculegion|Basculegion, L50, M, shiny|100/100\n|turn|7\n|inactive|psyko305 has 30 seconds left.\n|\n|t:|1775931384\n|move|p2b: Basculegion|Flip Turn|p1a: Dragonite\n|-resisted|p1a: Dragonite|1\n|-damage|p1a: Dragonite|54/100\n|\n|t:|1775931387\n|switch|p2b: Charizard|Charizard-Mega-Y, L50, F, shiny|100/100|[from] Flip Turn\n|-weather|SunnyDay|[from] ability: Drought|[of] p2b: Charizard\n|move|p2a: Venusaur|Sleep Powder|p1b: Incineroar|[miss]\n|-miss|p2a: Venusaur|p1b: Incineroar\n|move|p1a: Dragonite|Hurricane|p2b: Charizard\n|-damage|p2b: Charizard|31/100\n|move|p1b: Incineroar|Darkest Lariat|p2b: Charizard\n|-damage|p2b: Charizard|0 fnt\n|faint|p2b: Charizard\n|\n|-weather|SunnyDay|[upkeep]\n|upkeep\n|\n|t:|1775931398\n|switch|p2b: Basculegion|Basculegion, L50, M, shiny|100/100\n|turn|8\n|\n|t:|1775931422\n|move|p1a: Dragonite|Protect|p1a: Dragonite\n|-singleturn|p1a: Dragonite|Protect\n|move|p2b: Basculegion|Last Respects|p1a: Dragonite\n|-activate|p1a: Dragonite|move: Protect\n|cant|p2a: Venusaur|par\n|move|p1b: Incineroar|Parting Shot|p2b: Basculegion\n|-unboost|p2b: Basculegion|atk|1\n|-unboost|p2b: Basculegion|spa|1\n|\n|t:|1775931445\n|switch|p1b: Pelipper|Pelipper, L50, F|35/100|[from] Parting Shot\n|-weather|RainDance|[from] ability: Drizzle|[of] p1b: Pelipper\n|\n|-weather|RainDance|[upkeep]\n|upkeep\n|turn|9\n|\n|t:|1775931469\n|move|p2b: Basculegion|Last Respects|p1b: Pelipper\n|-damage|p1b: Pelipper|0 fnt\n|faint|p1b: Pelipper\n|move|p1a: Dragonite|Hurricane|p2b: Basculegion\n|-damage|p2b: Basculegion|22/100\n|-start|p2b: Basculegion|confusion\n|cant|p2a: Venusaur|par\n|\n|-weather|RainDance|[upkeep]\n|upkeep\n|\n|t:|1775931479\n|switch|p1b: Basculegion|Basculegion, L50, M|100/100\n|turn|10\n|\n|t:|1775931488\n|-activate|p2b: Basculegion|confusion\n|-damage|p2b: Basculegion|10/100|[from] confusion\n|move|p1b: Basculegion|Last Respects|p2b: Basculegion\n|-supereffective|p2b: Basculegion|1\n|-damage|p2b: Basculegion|0 fnt\n|faint|p2b: Basculegion\n|move|p1a: Dragonite|Hurricane|p2a: Venusaur\n|-supereffective|p2a: Venusaur|1\n|-damage|p2a: Venusaur|0 fnt\n|faint|p2a: Venusaur\n|\n|win|psyko305\n|raw|psyko305's rating: 1035 &rarr; <strong>1076</strong><br />(+41 for winning)\n|raw|kdzak's rating: 1103 &rarr; <strong>1073</strong><br />(-30 for losing)\n|l|\u2606kdzak\n|player|p2|\n|c|\u2606psyko305|gg\n",
  "uploadtime": 1775931511,
  "views": 13,
  "formatid": "gen9championsvgc2026regma",
  "rating": 1073,
  "private": 0,
  "password": null
}