{
  "id": "gen9championsvgc2026regma-2580889781",
  "format": "[Gen 9 Champions] VGC 2026 Reg M-A",
  "players": [
    "ferenainexi",
    "Portallus"
  ],
  "log": "|j|\u2606ferenainexi\n|j|\u2606Portallus\n|t:|1775940841\n|gametype|doubles\n|player|p1|ferenainexi|scientistf|1101\n|player|p2|Portallus|ethan-gen2|1035\n|gen|9\n|tier|[Gen 9 Champions] VGC 2026 Reg M-A\n|rated|\n|rule|Species Clause: Limit one of each Pok\u00e9mon\n|rule|Item Clause: Limit 1 of each item\n|clearpoke\n|poke|p1|Pinsir, L50, M|\n|poke|p1|Heracross, L50, F|\n|poke|p1|Vivillon, L50, M|\n|poke|p1|Orthworm, L50, F|\n|poke|p1|Kleavor, L50, M|\n|poke|p1|Clawitzer, L50, F|\n|poke|p2|Mimikyu, L50, F|\n|poke|p2|Farigiraf, L50, M|\n|poke|p2|Camerupt, L50, M|\n|poke|p2|Torkoal, L50, F|\n|poke|p2|Slowking, L50, M|\n|poke|p2|Abomasnow, L50, M|\n|teampreview|4\n|inactive|Battle timer is ON: inactive players will automatically lose when time's up. (requested by Portallus)\n|\n|t:|1775940868\n|teamsize|p1|4\n|teamsize|p2|4\n|start\n|switch|p1a: Vivillon|Vivillon, L50, M|100/100\n|switch|p1b: Kleavor|Kleavor, L50, M|100/100\n|switch|p2a: Farigiraf|Farigiraf, L50, M|100/100\n|switch|p2b: Slowking|Slowking, L50, M|100/100\n|turn|1\n|inactive|ferenainexi has 30 seconds left.\n|\n|t:|1775940896\n|move|p1a: Vivillon|Sleep Powder|p2a: Farigiraf|[miss]\n|-miss|p1a: Vivillon|p2a: Farigiraf\n|move|p1b: Kleavor|Stone Axe|p2a: Farigiraf\n|-damage|p2a: Farigiraf|53/100\n|-sidestart|p2: Portallus|move: Stealth Rock\n|move|p2a: Farigiraf|Imprison|p2a: Farigiraf\n|-start|p2a: Farigiraf|move: Imprison\n|move|p2b: Slowking|Trick Room|p2b: Slowking\n|-fieldstart|move: Trick Room|[of] p2b: Slowking\n|\n|upkeep\n|turn|2\n|inactive|ferenainexi has 30 seconds left.\n|inactive|Portallus has 30 seconds left.\n|\n|t:|1775940924\n|move|p2b: Slowking|Scald|p1b: Kleavor\n|-supereffective|p1b: Kleavor|1\n|-damage|p1b: Kleavor|26/100\n|-status|p1b: Kleavor|brn\n|-enditem|p1b: Kleavor|Lum Berry|[eat]\n|-curestatus|p1b: Kleavor|brn|[msg]\n|move|p2a: Farigiraf|Psychic Noise|p1a: Vivillon\n|-damage|p1a: Vivillon|38/100\n|-start|p1a: Vivillon|move: Heal Block\n|move|p1b: Kleavor|Rock Slide|p2b: Slowking|[spread] p2a,p2b\n|-damage|p2a: Farigiraf|23/100\n|-damage|p2b: Slowking|76/100\n|-enditem|p2a: Farigiraf|Sitrus Berry|[eat]\n|-heal|p2a: Farigiraf|48/100|[from] item: Sitrus Berry\n|move|p1a: Vivillon|Sleep Powder|p2b: Slowking\n|-status|p2b: Slowking|slp|[from] move: Sleep Powder\n|-enditem|p2b: Slowking|Lum Berry|[eat]\n|-curestatus|p2b: Slowking|slp|[msg]\n|\n|upkeep\n|turn|3\n|inactive|ferenainexi has 30 seconds left.\n|\n|t:|1775940956\n|move|p2b: Slowking|Scald|p1b: Kleavor\n|-supereffective|p1b: Kleavor|1\n|-damage|p1b: Kleavor|0 fnt\n|faint|p1b: Kleavor\n|move|p2a: Farigiraf|Psychic Noise|p1a: Vivillon\n|-damage|p1a: Vivillon|0 fnt\n|faint|p1a: Vivillon\n|\n|upkeep\n|\n|t:|1775940967\n|switch|p1b: Heracross|Heracross, L50, F|100/100\n|switch|p1a: Clawitzer|Clawitzer, L50, F|100/100\n|turn|4\n|\n|t:|1775940980\n|detailschange|p1b: Heracross|Heracross-Mega, L50, F\n|-mega|p1b: Heracross|Heracross|Heracronite\n|move|p2a: Farigiraf|Protect|p2a: Farigiraf\n|-singleturn|p2a: Farigiraf|Protect\n|-prepare|p2b: Slowking|Chilly Reception|[premajor]\n|move|p2b: Slowking|Chilly Reception|p2b: Slowking\n|-weather|Snowscape\n|\n|t:|1775940987\n|switch|p2b: Torkoal|Torkoal, L50, F|100/100|[from] Chilly Reception\n|-damage|p2b: Torkoal|76/100|[from] Stealth Rock\n|-weather|SunnyDay|[from] ability: Drought|[of] p2b: Torkoal\n|move|p1a: Clawitzer|Dark Pulse|p2a: Farigiraf\n|-activate|p2a: Farigiraf|move: Protect\n|move|p1b: Heracross|Knock Off|p2b: Torkoal\n|-damage|p2b: Torkoal|39/100\n|-enditem|p2b: Torkoal|Charcoal|[from] move: Knock Off|[of] p1b: Heracross\n|\n|-weather|SunnyDay|[upkeep]\n|upkeep\n|turn|5\n|inactive|Portallus has 30 seconds left.\n|\n|t:|1775941014\n|move|p2b: Torkoal|Eruption|p1b: Heracross|[spread] p1a,p1b\n|-resisted|p1a: Clawitzer|1\n|-supereffective|p1b: Heracross|1\n|-damage|p1a: Clawitzer|85/100\n|-damage|p1b: Heracross|33/100\n|move|p2a: Farigiraf|Psychic Noise|p1b: Heracross\n|-supereffective|p1b: Heracross|1\n|-damage|p1b: Heracross|0 fnt\n|faint|p1b: Heracross\n|move|p1a: Clawitzer|Water Pulse|p2b: Torkoal\n|-supereffective|p2b: Torkoal|1\n|-damage|p2b: Torkoal|0 fnt\n|faint|p2b: Torkoal\n|\n|-weather|SunnyDay|[upkeep]\n|-fieldend|move: Trick Room\n|upkeep\n|\n|t:|1775941027\n|switch|p2b: Slowking|Slowking, L50, M|100/100\n|-damage|p2b: Slowking|88/100|[from] Stealth Rock\n|turn|6\n|\n|t:|1775941038\n|move|p2a: Farigiraf|Protect|p2a: Farigiraf\n|-singleturn|p2a: Farigiraf|Protect\n|move|p1a: Clawitzer|Dark Pulse|p2b: Slowking\n|-supereffective|p2b: Slowking|1\n|-damage|p2b: Slowking|12/100\n|move|p2b: Slowking|Trick Room|p2b: Slowking\n|-fieldstart|move: Trick Room|[of] p2b: Slowking\n|\n|-weather|SunnyDay|[upkeep]\n|upkeep\n|turn|7\n|\n|t:|1775941052\n|move|p2b: Slowking|Psyshock|p1a: Clawitzer\n|-damage|p1a: Clawitzer|53/100\n|move|p2a: Farigiraf|Psychic Noise|p1a: Clawitzer\n|-damage|p1a: Clawitzer|18/100\n|-start|p1a: Clawitzer|move: Heal Block\n|move|p1a: Clawitzer|Dark Pulse|p2a: Farigiraf\n|-supereffective|p2a: Farigiraf|1\n|-damage|p2a: Farigiraf|0 fnt\n|faint|p2a: Farigiraf\n|\n|-weather|SunnyDay|[upkeep]\n|upkeep\n|\n|t:|1775941064\n|switch|p2a: Camerupt|Camerupt, L50, M|100/100\n|-damage|p2a: Camerupt|88/100|[from] Stealth Rock\n|turn|8\n|-activate|p1a: Clawitzer|item: Quick Claw\n|\n|t:|1775941079\n|detailschange|p2a: Camerupt|Camerupt-Mega, L50, M\n|-mega|p2a: Camerupt|Camerupt|Cameruptite\n|move|p1a: Clawitzer|Water Pulse|p2a: Camerupt\n|-supereffective|p2a: Camerupt|2\n|-damage|p2a: Camerupt|0 fnt\n|faint|p2a: Camerupt\n|move|p2b: Slowking|Scald|p1a: Clawitzer\n|-resisted|p1a: Clawitzer|1\n|-damage|p1a: Clawitzer|10/100\n|\n|-weather|none\n|-end|p1a: Clawitzer|move: Heal Block\n|upkeep\n|turn|9\n|-activate|p1a: Clawitzer|item: Quick Claw\n|\n|t:|1775941092\n|move|p1a: Clawitzer|Dark Pulse|p2b: Slowking\n|-supereffective|p2b: Slowking|1\n|-damage|p2b: Slowking|0 fnt\n|faint|p2b: Slowking\n|\n|win|ferenainexi\n|raw|ferenainexi's rating: 1101 &rarr; <strong>1121</strong><br />(+20 for winning)\n|raw|Portallus's rating: 1035 &rarr; <strong>1023</strong><br />(-12 for losing)\n|l|\u2606Portallus\n|player|p2|\n",
  "uploadtime": 1775941099,
  "views": 17,
  "formatid": "gen9championsvgc2026regma",
  "rating": 1023,
  "private": 0,
  "password": null
}