{
  "id": "gen9championsvgc2026regma-2582061992",
  "format": "[Gen 9 Champions] VGC 2026 Reg M-A",
  "players": [
    "Dank Effie",
    "Megadimsum"
  ],
  "log": "|j|\u2606Dank Effie\n|j|\u2606Megadimsum\n|t:|1776053270\n|gametype|doubles\n|player|p1|Dank Effie|1|1115\n|player|p2|Megadimsum|cameraman|1133\n|gen|9\n|tier|[Gen 9 Champions] VGC 2026 Reg M-A\n|rated|\n|rule|Species Clause: Limit one of each Pok\u00e9mon\n|rule|Item Clause: Limit 1 of each item\n|clearpoke\n|poke|p1|Froslass, L50, F|\n|poke|p1|Garchomp, L50, M|\n|poke|p1|Rotom-Frost, L50|\n|poke|p1|Empoleon, L50, M|\n|poke|p1|Incineroar, L50, F|\n|poke|p1|Kingambit, L50, M|\n|poke|p2|Gengar, L50, F|\n|poke|p2|Incineroar, L50, M|\n|poke|p2|Sinistcha, L50|\n|poke|p2|Ninetales-Alola, L50, M|\n|poke|p2|Volcarona, L50, F|\n|poke|p2|Palafin, L50, M|\n|teampreview|4\n|\n|t:|1776053313\n|teamsize|p1|4\n|teamsize|p2|4\n|start\n|switch|p1a: Kingambit|Kingambit, L50, M, shiny|100/100\n|switch|p1b: Rotom|Rotom-Frost, L50|100/100\n|switch|p2a: Gengar|Gengar, L50, F|100/100\n|switch|p2b: Ninetales|Ninetales-Alola, L50, M|100/100\n|-weather|Snowscape|[from] ability: Snow Warning|[of] p2b: Ninetales\n|turn|1\n|inactive|Battle timer is ON: inactive players will automatically lose when time's up. (requested by Dank Effie)\n|\n|t:|1776053354\n|detailschange|p2a: Gengar|Gengar-Mega, L50, F\n|-mega|p2a: Gengar|Gengar|Gengarite\n|move|p1b: Rotom|Blizzard|p2b: Ninetales|[spread] p2a,p2b\n|-resisted|p2b: Ninetales|1\n|-damage|p2a: Gengar|61/100\n|-damage|p2b: Ninetales|79/100\n|move|p2a: Gengar|Perish Song|p2a: Gengar\n|-start|p1a: Kingambit|perish3|[silent]\n|-start|p1b: Rotom|perish3|[silent]\n|-start|p2a: Gengar|perish3|[silent]\n|-start|p2b: Ninetales|perish3|[silent]\n|-fieldactivate|move: Perish Song\n|move|p2b: Ninetales|Aurora Veil|p2b: Ninetales\n|-sidestart|p2: Megadimsum|move: Aurora Veil\n|move|p1a: Kingambit|Iron Head|p2b: Ninetales\n|-supereffective|p2b: Ninetales|2\n|-damage|p2b: Ninetales|0 fnt\n|faint|p2b: Ninetales\n|\n|-weather|Snowscape|[upkeep]\n|-start|p1b: Rotom|perish3\n|-start|p2a: Gengar|perish3\n|-start|p1a: Kingambit|perish3\n|upkeep\n|\n|t:|1776053371\n|switch|p2b: Volcarona|Volcarona, L50, F|100/100\n|turn|2\n|\n|t:|1776053390\n|move|p2b: Volcarona|Rage Powder|p2b: Volcarona\n|-singleturn|p2b: Volcarona|move: Rage Powder\n|move|p1b: Rotom|Blizzard|p2a: Gengar|[spread] p2a,p2b\n|-resisted|p2b: Volcarona|1\n|-damage|p2a: Gengar|32/100\n|-damage|p2b: Volcarona|90/100\n|move|p2a: Gengar|Disable|p1b: Rotom\n|-start|p1b: Rotom|Disable|Blizzard\n|move|p1a: Kingambit|Iron Head|p2b: Volcarona\n|-resisted|p2b: Volcarona|1\n|-damage|p2b: Volcarona|76/100\n|-status|p1a: Kingambit|brn|[from] ability: Flame Body|[of] p2b: Volcarona\n|\n|-weather|Snowscape|[upkeep]\n|-damage|p1a: Kingambit|95/100 brn|[from] brn\n|-start|p1b: Rotom|perish2\n|-start|p2a: Gengar|perish2\n|-start|p1a: Kingambit|perish2\n|upkeep\n|turn|3\n|inactive|Dank Effie has 30 seconds left.\n|inactive|Megadimsum has 30 seconds left.\n|inactive|Dank Effie has 20 seconds left.\n|inactive|Dank Effie has 15 seconds left.\n|\n|t:|1776053433\n|move|p2a: Gengar|Protect|p2a: Gengar\n|-singleturn|p2a: Gengar|Protect\n|move|p2b: Volcarona|Rage Powder|p2b: Volcarona\n|-singleturn|p2b: Volcarona|move: Rage Powder\n|-activate|p1b: Rotom|move: Struggle\n|move|p1b: Rotom|Struggle|p2b: Volcarona\n|-damage|p2b: Volcarona|71/100\n|-damage|p1b: Rotom|75/100|[from] recoil\n|move|p1a: Kingambit|Iron Head|p2b: Volcarona\n|-resisted|p2b: Volcarona|1\n|-damage|p2b: Volcarona|64/100\n|\n|-weather|Snowscape|[upkeep]\n|-damage|p1a: Kingambit|89/100 brn|[from] brn\n|-start|p1b: Rotom|perish1\n|-start|p2a: Gengar|perish1\n|-start|p1a: Kingambit|perish1\n|upkeep\n|turn|4\n|inactive|Dank Effie has 30 seconds left.\n|\n|t:|1776053459\n|switch|p2a: Incineroar|Incineroar, L50, M|100/100\n|-ability|p2a: Incineroar|Intimidate|boost\n|-unboost|p1a: Kingambit|atk|1\n|-ability|p1a: Kingambit|Defiant|boost\n|-boost|p1a: Kingambit|atk|2\n|-unboost|p1b: Rotom|atk|1\n|move|p2b: Volcarona|Protect|p2b: Volcarona\n|-singleturn|p2b: Volcarona|Protect\n|-activate|p1b: Rotom|move: Struggle\n|move|p1b: Rotom|Struggle|p2b: Volcarona\n|-activate|p2b: Volcarona|move: Protect\n|move|p1a: Kingambit|Iron Head|p2a: Incineroar\n|-resisted|p2a: Incineroar|1\n|-damage|p2a: Incineroar|91/100\n|\n|-weather|Snowscape|[upkeep]\n|-damage|p1a: Kingambit|83/100 brn|[from] brn\n|-start|p1b: Rotom|perish0\n|-start|p1a: Kingambit|perish0\n|faint|p1b: Rotom\n|faint|p1a: Kingambit\n|upkeep\n|\n|t:|1776053476\n|switch|p1b: Froslass|Froslass, L50, F|100/100\n|switch|p1a: Empoleon|Empoleon, L50, M, shiny|100/100\n|turn|5\n|inactive|Dank Effie has 30 seconds left.\n|\n|t:|1776053510\n|detailschange|p1b: Froslass|Froslass-Mega, L50, F\n|-mega|p1b: Froslass|Froslass|Froslassite\n|move|p1b: Froslass|Aurora Veil|p1b: Froslass\n|-sidestart|p1: Dank Effie|move: Aurora Veil\n|move|p2b: Volcarona|Overheat|p1b: Froslass\n|-supereffective|p1b: Froslass|1\n|-damage|p1b: Froslass|11/100\n|-unboost|p2b: Volcarona|spa|2\n|move|p1a: Empoleon|Water Pulse|p2a: Incineroar\n|-supereffective|p2a: Incineroar|1\n|-damage|p2a: Incineroar|63/100\n|-start|p2a: Incineroar|confusion\n|-activate|p2a: Incineroar|confusion\n|-damage|p2a: Incineroar|53/100|[from] confusion\n|\n|-weather|none\n|-sideend|p2: Megadimsum|move: Aurora Veil\n|upkeep\n|turn|6\n|inactive|Dank Effie has 30 seconds left.\n|inactive|Megadimsum has 30 seconds left.\n|inactive|Megadimsum has 20 seconds left.\n|\n|t:|1776053548\n|move|p1a: Empoleon|Protect|p1a: Empoleon\n|-singleturn|p1a: Empoleon|Protect\n|move|p1b: Froslass|Shadow Ball|p2b: Volcarona\n|-damage|p2b: Volcarona|22/100\n|-unboost|p2b: Volcarona|spd|1\n|move|p2b: Volcarona|U-turn|p1a: Empoleon\n|-activate|p1a: Empoleon|move: Protect\n|-activate|p2a: Incineroar|confusion\n|move|p2a: Incineroar|Darkest Lariat|p1b: Froslass\n|-supereffective|p1b: Froslass|1\n|-damage|p1b: Froslass|0 fnt\n|faint|p1b: Froslass\n|\n|upkeep\n|turn|7\n|inactive|Megadimsum has 30 seconds left.\n|\n|t:|1776053585\n|move|p2b: Volcarona|Protect|p2b: Volcarona\n|-singleturn|p2b: Volcarona|Protect\n|move|p1a: Empoleon|Flash Cannon|p2b: Volcarona\n|-activate|p2b: Volcarona|move: Protect\n|-activate|p2a: Incineroar|confusion\n|move|p2a: Incineroar|Parting Shot|p1a: Empoleon\n|-unboost|p1a: Empoleon|atk|1\n|-ability|p1a: Empoleon|Competitive|boost\n|-boost|p1a: Empoleon|spa|2\n|-unboost|p1a: Empoleon|spa|1\n|-ability|p1a: Empoleon|Competitive|boost\n|-boost|p1a: Empoleon|spa|2\n|\n|t:|1776053600\n|switch|p2a: Gengar|Gengar-Mega, L50, F|32/100|[from] Parting Shot\n|\n|upkeep\n|turn|8\n|\n|t:|1776053615\n|move|p2a: Gengar|Disable|p1a: Empoleon\n|-start|p1a: Empoleon|Disable|Flash Cannon\n|move|p2b: Volcarona|U-turn|p1a: Empoleon\n|-resisted|p1a: Empoleon|1\n|-damage|p1a: Empoleon|96/100\n|\n|t:|1776053619\n|switch|p2b: Incineroar|Incineroar, L50, M|53/100|[from] U-turn\n|-ability|p2b: Incineroar|Intimidate|boost\n|-unboost|p1a: Empoleon|atk|1\n|-ability|p1a: Empoleon|Competitive|boost\n|-boost|p1a: Empoleon|spa|2\n|cant|p1a: Empoleon|Disable|Flash Cannon\n|\n|-heal|p1a: Empoleon|100/100|[from] item: Leftovers\n|upkeep\n|turn|9\n|\n|t:|1776053634\n|move|p2b: Incineroar|Fake Out|p1a: Empoleon\n|-resisted|p1a: Empoleon|1\n|-damage|p1a: Empoleon|97/100\n|move|p2a: Gengar|Shadow Ball|p1a: Empoleon\n|-damage|p1a: Empoleon|69/100\n|cant|p1a: Empoleon|flinch\n|\n|-heal|p1a: Empoleon|75/100|[from] item: Leftovers\n|-sideend|p1: Dank Effie|move: Aurora Veil\n|upkeep\n|turn|10\n|inactive|Megadimsum has 30 seconds left.\n|\n|t:|1776053666\n|move|p2a: Gengar|Perish Song|p2a: Gengar\n|-start|p1a: Empoleon|perish3|[silent]\n|-start|p2a: Gengar|perish3|[silent]\n|-start|p2b: Incineroar|perish3|[silent]\n|-fieldactivate|move: Perish Song\n|move|p1a: Empoleon|Water Pulse|p2a: Gengar\n|-damage|p2a: Gengar|0 fnt\n|faint|p2a: Gengar\n|move|p2b: Incineroar|Darkest Lariat|p1a: Empoleon\n|-damage|p1a: Empoleon|39/100\n|\n|-heal|p1a: Empoleon|44/100|[from] item: Leftovers\n|-start|p1a: Empoleon|perish3\n|-start|p2b: Incineroar|perish3\n|upkeep\n|\n|t:|1776053671\n|switch|p2a: Volcarona|Volcarona, L50, F|22/100\n|turn|11\n|\n|t:|1776053686\n|move|p2a: Volcarona|Protect|p2a: Volcarona\n|-singleturn|p2a: Volcarona|Protect\n|move|p2b: Incineroar|Protect|p2b: Incineroar\n|-singleturn|p2b: Incineroar|Protect\n|move|p1a: Empoleon|Water Pulse|p2b: Incineroar\n|-activate|p2b: Incineroar|move: Protect\n|\n|-heal|p1a: Empoleon|50/100|[from] item: Leftovers\n|-end|p1a: Empoleon|Disable\n|-start|p1a: Empoleon|perish2\n|-start|p2b: Incineroar|perish2\n|upkeep\n|turn|12\n|\n|t:|1776053702\n|move|p2a: Volcarona|Rage Powder|p2a: Volcarona\n|-singleturn|p2a: Volcarona|move: Rage Powder\n|move|p1a: Empoleon|Water Pulse|p2a: Volcarona\n|-supereffective|p2a: Volcarona|1\n|-damage|p2a: Volcarona|0 fnt\n|faint|p2a: Volcarona\n|move|p2b: Incineroar|Darkest Lariat|p1a: Empoleon\n|-damage|p1a: Empoleon|17/100\n|\n|-heal|p1a: Empoleon|23/100|[from] item: Leftovers\n|-start|p1a: Empoleon|perish1\n|-start|p2b: Incineroar|perish1\n|upkeep\n|turn|13\n|c|\u2606Megadimsum|Idk man\n|\n|t:|1776053715\n|move|p2b: Incineroar|Protect|p2b: Incineroar\n|-singleturn|p2b: Incineroar|Protect\n|move|p1a: Empoleon|Water Pulse|p2b: Incineroar\n|-activate|p2b: Incineroar|move: Protect\n|\n|-heal|p1a: Empoleon|29/100|[from] item: Leftovers\n|-start|p1a: Empoleon|perish0\n|-start|p2b: Incineroar|perish0\n|faint|p1a: Empoleon\n|faint|p2b: Incineroar\n|\n|win|Megadimsum\n|raw|Dank Effie's rating: 1115 &rarr; <strong>1091</strong><br />(-24 for losing)\n|raw|Megadimsum's rating: 1133 &rarr; <strong>1157</strong><br />(+24 for winning)\n|c|\u2606Dank Effie|gg\n",
  "uploadtime": 1776053724,
  "views": 22,
  "formatid": "gen9championsvgc2026regma",
  "rating": 1091,
  "private": 0,
  "password": null
}