{
  "id": "gen9championsvgc2026regma-2582298739",
  "format": "[Gen 9 Champions] VGC 2026 Reg M-A",
  "players": [
    "CarbMmm",
    "colfox"
  ],
  "log": "|j|\u2606CarbMmm\n|j|\u2606colfox\n|t:|1776081072\n|gametype|doubles\n|player|p1|CarbMmm|170|1104\n|player|p2|colfox|1|1139\n|gen|9\n|tier|[Gen 9 Champions] VGC 2026 Reg M-A\n|rated|\n|rule|Species Clause: Limit one of each Pok\u00e9mon\n|rule|Item Clause: Limit 1 of each item\n|clearpoke\n|poke|p1|Tyranitar, L50, F|\n|poke|p1|Excadrill, L50, M|\n|poke|p1|Incineroar, L50, M|\n|poke|p1|Garchomp, L50, M|\n|poke|p1|Meganium, L50, M|\n|poke|p1|Arcanine-Hisui, L50, M|\n|poke|p2|Ninetales, L50, M|\n|poke|p2|Dragonite, L50, M|\n|poke|p2|Sylveon, L50, F|\n|poke|p2|Milotic, L50, M|\n|poke|p2|Delphox, L50, M|\n|poke|p2|Garchomp, L50, F|\n|teampreview|4\n|inactive|Battle timer is ON: inactive players will automatically lose when time's up. (requested by CarbMmm)\n|inactive|CarbMmm has 60 seconds left.\n|\n|t:|1776081123\n|teamsize|p1|4\n|teamsize|p2|4\n|start\n|switch|p1a: Tyranitar|Tyranitar, L50, F|100/100\n|switch|p1b: Meganium|Meganium, L50, M|100/100\n|switch|p2a: Milotic|Milotic, L50, M|100/100\n|switch|p2b: Delphox|Delphox, L50, M|100/100\n|-weather|Sandstorm|[from] ability: Sand Stream|[of] p1a: Tyranitar\n|turn|1\n|inactive|CarbMmm has 30 seconds left.\n|\n|t:|1776081152\n|detailschange|p2b: Delphox|Delphox-Mega, L50, M\n|-mega|p2b: Delphox|Delphox|Delphoxite\n|move|p2b: Delphox|Protect|p2b: Delphox\n|-singleturn|p2b: Delphox|Protect\n|move|p1b: Meganium|Protect|p1b: Meganium\n|-singleturn|p1b: Meganium|Protect\n|move|p1a: Tyranitar|Rock Slide|p2a: Milotic|[spread] p2a\n|-activate|p2b: Delphox|move: Protect\n|-damage|p2a: Milotic|66/100\n|move|p2a: Milotic|Icy Wind|p1b: Meganium|[spread] p1a\n|-activate|p1b: Meganium|move: Protect\n|-damage|p1a: Tyranitar|92/100\n|-unboost|p1a: Tyranitar|spe|1\n|\n|-weather|Sandstorm|[upkeep]\n|-damage|p2b: Delphox|94/100|[from] Sandstorm\n|-damage|p1b: Meganium|95/100|[from] Sandstorm\n|-damage|p2a: Milotic|60/100|[from] Sandstorm\n|-heal|p2a: Milotic|66/100|[from] item: Leftovers\n|upkeep\n|turn|2\n|inactive|CarbMmm has 30 seconds left.\n|inactive|colfox has 30 seconds left.\n|\n|t:|1776081180\n|switch|p1b: Garchomp|Garchomp, L50, M|100/100\n|move|p2b: Delphox|Heat Wave|p1b: Garchomp|[spread] p1a,p1b\n|-resisted|p1a: Tyranitar|1\n|-resisted|p1b: Garchomp|1\n|-damage|p1a: Tyranitar|79/100\n|-damage|p1b: Garchomp|76/100\n|move|p2a: Milotic|Scald|p1a: Tyranitar\n|-supereffective|p1a: Tyranitar|1\n|-damage|p1a: Tyranitar|25/100\n|move|p1a: Tyranitar|Rock Slide|p2b: Delphox|[spread] p2a,p2b\n|-supereffective|p2b: Delphox|1\n|-damage|p2a: Milotic|30/100\n|-damage|p2b: Delphox|0 fnt\n|faint|p2b: Delphox\n|\n|-weather|Sandstorm|[upkeep]\n|-damage|p2a: Milotic|24/100|[from] Sandstorm\n|-heal|p2a: Milotic|30/100|[from] item: Leftovers\n|upkeep\n|\n|t:|1776081199\n|switch|p2b: Dragonite|Dragonite, L50, M|100/100\n|turn|3\n|\n|t:|1776081209\n|switch|p1a: Incineroar|Incineroar, L50, M|100/100\n|-ability|p1a: Incineroar|Intimidate|boost\n|-unboost|p2a: Milotic|atk|1\n|-ability|p2a: Milotic|Competitive|boost\n|-boost|p2a: Milotic|spa|2\n|-fail|p2b: Dragonite|unboost|Attack|[from] ability: Inner Focus|[of] p2b: Dragonite\n|move|p2a: Milotic|Protect|p2a: Milotic\n|-singleturn|p2a: Milotic|Protect\n|move|p1b: Garchomp|Dragon Claw|p2a: Milotic\n|-activate|p2a: Milotic|move: Protect\n|move|p2b: Dragonite|Tailwind|p2b: Dragonite\n|-sidestart|p2: colfox|move: Tailwind\n|\n|-weather|Sandstorm|[upkeep]\n|-damage|p2b: Dragonite|95/100|[from] Sandstorm\n|-damage|p2a: Milotic|24/100|[from] Sandstorm\n|-damage|p1a: Incineroar|95/100|[from] Sandstorm\n|-heal|p2a: Milotic|30/100|[from] item: Leftovers\n|upkeep\n|turn|4\n|inactive|CarbMmm has 30 seconds left.\n|inactive|colfox has 30 seconds left.\n|\n|t:|1776081236\n|switch|p2a: Garchomp|Garchomp, L50, F|100/100\n|move|p1a: Incineroar|Fake Out|p2a: Garchomp\n|-damage|p2a: Garchomp|90/100\n|-damage|p1a: Incineroar|82/100|[from] ability: Rough Skin|[of] p2a: Garchomp\n|move|p2b: Dragonite|Dragon Claw|p1b: Garchomp\n|-supereffective|p1b: Garchomp|1\n|-damage|p1b: Garchomp|0 fnt\n|faint|p1b: Garchomp\n|\n|-weather|Sandstorm|[upkeep]\n|-damage|p2b: Dragonite|89/100|[from] Sandstorm\n|-damage|p1a: Incineroar|76/100|[from] Sandstorm\n|upkeep\n|\n|t:|1776081241\n|switch|p1b: Meganium|Meganium, L50, M|95/100\n|turn|5\n|inactive|colfox has 30 seconds left.\n|\n|t:|1776081269\n|switch|p1a: Tyranitar|Tyranitar, L50, F|25/100\n|detailschange|p1b: Meganium|Meganium-Mega, L50, M\n|-mega|p1b: Meganium|Meganium|Meganiumite\n|move|p2a: Garchomp|Dragon Claw|p1a: Tyranitar\n|-crit|p1a: Tyranitar\n|-damage|p1a: Tyranitar|0 fnt\n|faint|p1a: Tyranitar\n|move|p2b: Dragonite|Dragon Claw|p1b: Meganium\n|-immune|p1b: Meganium\n|move|p1b: Meganium|Dazzling Gleam|p2b: Dragonite|[spread] p2a,p2b\n|-supereffective|p2a: Garchomp|1\n|-supereffective|p2b: Dragonite|1\n|-damage|p2a: Garchomp|9/100\n|-damage|p2b: Dragonite|13/100\n|\n|-weather|none\n|upkeep\n|\n|t:|1776081283\n|switch|p1a: Incineroar|Incineroar, L50, M|76/100\n|-ability|p1a: Incineroar|Intimidate|boost\n|-unboost|p2a: Garchomp|atk|1\n|-fail|p2b: Dragonite|unboost|Attack|[from] ability: Inner Focus|[of] p2b: Dragonite\n|turn|6\n|\n|t:|1776081300\n|move|p1a: Incineroar|Fake Out|p2a: Garchomp\n|-damage|p2a: Garchomp|0 fnt\n|-damage|p1a: Incineroar|64/100|[from] ability: Rough Skin|[of] p2a: Garchomp\n|faint|p2a: Garchomp\n|move|p2b: Dragonite|Extreme Speed|p1b: Meganium\n|-damage|p1b: Meganium|70/100\n|move|p1b: Meganium|Dazzling Gleam|p2b: Dragonite\n|-supereffective|p2b: Dragonite|1\n|-damage|p2b: Dragonite|0 fnt\n|faint|p2b: Dragonite\n|\n|-sideend|p2: colfox|move: Tailwind\n|upkeep\n|\n|t:|1776081317\n|switch|p2b: Milotic|Milotic, L50, M|30/100\n|turn|7\n|\n|t:|1776081323\n|move|p1b: Meganium|Solar Beam||[still]\n|-prepare|p1b: Meganium|Solar Beam\n|-activate|p1b: Meganium|ability: Mega Sol\n|-anim|p1b: Meganium|Solar Beam|p2b: Milotic\n|-supereffective|p2b: Milotic|1\n|-damage|p2b: Milotic|0 fnt\n|faint|p2b: Milotic\n|\n|win|CarbMmm\n|raw|CarbMmm's rating: 1104 &rarr; <strong>1132</strong><br />(+28 for winning)\n|raw|colfox's rating: 1139 &rarr; <strong>1111</strong><br />(-28 for losing)\n|c|\u2606CarbMmm|gg\n",
  "uploadtime": 1776081331,
  "views": 47,
  "formatid": "gen9championsvgc2026regma",
  "rating": 1111,
  "private": 0,
  "password": null
}