{
  "id": "gen9championsvgc2026regma-2583258927",
  "format": "[Gen 9 Champions] VGC 2026 Reg M-A",
  "players": [
    "EisenVGC",
    "o1am1de"
  ],
  "log": "|j|\u2606EisenVGC\n|j|\u2606o1am1de\n|t:|1776160418\n|gametype|doubles\n|player|p1|EisenVGC|265|1100\n|player|p2|o1am1de|265|1083\n|gen|9\n|tier|[Gen 9 Champions] VGC 2026 Reg M-A\n|rated|\n|rule|Species Clause: Limit one of each Pok\u00e9mon\n|rule|Item Clause: Limit 1 of each item\n|clearpoke\n|poke|p1|Incineroar, L50, M|\n|poke|p1|Venusaur, L50, M|\n|poke|p1|Rotom-Wash, L50|\n|poke|p1|Garchomp, L50, M|\n|poke|p1|Corviknight, L50, F|\n|poke|p1|Ninetales-Alola, L50, M|\n|poke|p2|Venusaur, L50, M|\n|poke|p2|Incineroar, L50, F|\n|poke|p2|Basculegion, L50, M|\n|poke|p2|Excadrill, L50, M|\n|poke|p2|Garchomp, L50, M|\n|poke|p2|Sneasler, L50, F|\n|teampreview|4\no1am1de rejected open team sheets.\n|inactive|Battle timer is ON: inactive players will automatically lose when time's up. (requested by o1am1de)\n|inactive|EisenVGC has 60 seconds left.\n|\n|t:|1776160492\n|teamsize|p1|4\n|teamsize|p2|4\n|start\n|switch|p1a: Incineroar|Incineroar, L50, M|100/100\n|switch|p1b: Rotom|Rotom-Wash, L50|100/100\n|switch|p2a: Excadrill|Excadrill, L50, M|100/100\n|switch|p2b: Incineroar|Incineroar, L50, F|100/100\n|-ability|p1a: Incineroar|Intimidate|boost\n|-unboost|p2a: Excadrill|atk|1\n|-unboost|p2b: Incineroar|atk|1\n|-ability|p2b: Incineroar|Intimidate|boost\n|-unboost|p1a: Incineroar|atk|1\n|-unboost|p1b: Rotom|atk|1\n|turn|1\n|inactive|EisenVGC has 30 seconds left.\n|\n|t:|1776160524\n|move|p2a: Excadrill|Protect|p2a: Excadrill\n|-singleturn|p2a: Excadrill|Protect\n|move|p1a: Incineroar|Fake Out|p2b: Incineroar\n|-damage|p2b: Incineroar|92/100\n|cant|p2b: Incineroar|flinch\n|move|p1b: Rotom|Will-O-Wisp|p2a: Excadrill\n|-activate|p2a: Excadrill|move: Protect\n|\n|upkeep\n|turn|2\n|inactive|EisenVGC has 30 seconds left.\n|\n|t:|1776160556\n|detailschange|p2a: Excadrill|Excadrill-Mega, L50, M\n|-mega|p2a: Excadrill|Excadrill|Excadrite\n|move|p2a: Excadrill|Earth Power|p1a: Incineroar\n|-supereffective|p1a: Incineroar|1\n|-damage|p1a: Incineroar|67/100\n|move|p1b: Rotom|Will-O-Wisp|p2a: Excadrill\n|-status|p2a: Excadrill|brn\n|move|p1a: Incineroar|Parting Shot|p2a: Excadrill\n|-unboost|p2a: Excadrill|atk|1\n|-unboost|p2a: Excadrill|spa|1\n|\n|t:|1776160568\n|switch|p1a: Venusaur|Venusaur, L50, M|100/100|[from] Parting Shot\n|move|p2b: Incineroar|Parting Shot|p1b: Rotom\n|-unboost|p1b: Rotom|atk|1\n|-unboost|p1b: Rotom|spa|1\n|\n|t:|1776160579\n|switch|p2b: Sneasler|Sneasler, L50, F|100/100|[from] Parting Shot\n|\n|-damage|p2a: Excadrill|95/100 brn|[from] brn\n|upkeep\n|turn|3\n|c|\u2606o1am1de|GG\n|\n|t:|1776160602\n|switch|p2a: Basculegion|Basculegion, L50, M|100/100\n|switch|p1b: Incineroar|Incineroar, L50, M|67/100\n|-ability|p1b: Incineroar|Intimidate|boost\n|-unboost|p2a: Basculegion|atk|1\n|-unboost|p2b: Sneasler|atk|1\n|-enditem|p2b: Sneasler|White Herb\n|-clearnegativeboost|p2b: Sneasler|[silent]\n|detailschange|p1a: Venusaur|Venusaur-Mega, L50, M\n|-mega|p1a: Venusaur|Venusaur|Venusaurite\n|move|p1a: Venusaur|Protect|p1a: Venusaur\n|-singleturn|p1a: Venusaur|Protect\n|move|p2b: Sneasler|Fake Out|p1b: Incineroar\n|-damage|p1b: Incineroar|56/100\n|\n|upkeep\n|turn|4\n|inactive|EisenVGC has 30 seconds left.\n|\n|t:|1776160629\n|switch|p1b: Corviknight|Corviknight, L50, F|100/100\n|move|p2b: Sneasler|Coaching|p2a: Basculegion\n|-boost|p2a: Basculegion|atk|1\n|-boost|p2a: Basculegion|def|1\n|move|p2a: Basculegion|Flip Turn|p1b: Corviknight\n|-damage|p1b: Corviknight|56/100\n|\n|t:|1776160640\n|switch|p2a: Incineroar|Incineroar, L50, F|92/100|[from] Flip Turn\n|-ability|p2a: Incineroar|Intimidate|boost\n|-unboost|p1a: Venusaur|atk|1\n|-ability|p1b: Corviknight|Mirror Armor\n|-unboost|p2a: Incineroar|atk|1\n|move|p1a: Venusaur|Leech Seed|p2a: Incineroar|[miss]\n|-miss|p1a: Venusaur|p2a: Incineroar\n|\n|-heal|p1b: Corviknight|62/100|[from] item: Leftovers\n|upkeep\n|turn|5\n|inactive|EisenVGC has 30 seconds left.\n|-activate|p2a: Incineroar|item: Quick Claw\n|\n|t:|1776160669\n|move|p2a: Incineroar|Flare Blitz|p1b: Corviknight\n|-supereffective|p1b: Corviknight|1\n|-damage|p1b: Corviknight|0 fnt\n|faint|p1b: Corviknight\n|-damage|p2a: Incineroar|69/100|[from] Recoil\n|move|p2b: Sneasler|Coaching|p2a: Incineroar\n|-boost|p2a: Incineroar|atk|1\n|-boost|p2a: Incineroar|def|1\n|move|p1a: Venusaur|Leech Seed|p2b: Sneasler\n|-start|p2b: Sneasler|move: Leech Seed\n|\n|-damage|p2b: Sneasler|88/100|[from] Leech Seed|[of] p1a: Venusaur\n|upkeep\n|\n|t:|1776160694\n|switch|p1b: Rotom|Rotom-Wash, L50|100/100\n|turn|6\n|\n|t:|1776160711\n|move|p1a: Venusaur|Protect|p1a: Venusaur\n|-singleturn|p1a: Venusaur|Protect\n|move|p2b: Sneasler|Dire Claw|p1a: Venusaur\n|-activate|p1a: Venusaur|move: Protect\n|move|p1b: Rotom|Hydro Pump|p2a: Incineroar\n|-supereffective|p2a: Incineroar|1\n|-damage|p2a: Incineroar|0 fnt\n|faint|p2a: Incineroar\n|\n|-damage|p2b: Sneasler|76/100|[from] Leech Seed|[of] p1a: Venusaur\n|upkeep\n|\n|t:|1776160719\n|switch|p2a: Excadrill|Excadrill-Mega, L50, M|95/100 brn\n|turn|7\n|\n|t:|1776160728\n|move|p2b: Sneasler|Coaching|p2a: Excadrill\n|-boost|p2a: Excadrill|atk|1\n|-boost|p2a: Excadrill|def|1\n|move|p2a: Excadrill|Earth Power|p1b: Rotom\n|-immune|p1b: Rotom|[from] ability: Levitate\n|move|p1b: Rotom|Will-O-Wisp|p2b: Sneasler\n|-status|p2b: Sneasler|brn\n|move|p1a: Venusaur|Leech Seed|p2a: Excadrill\n|-start|p2a: Excadrill|move: Leech Seed\n|\n|-damage|p2b: Sneasler|64/100 brn|[from] Leech Seed|[of] p1a: Venusaur\n|-damage|p2a: Excadrill|82/100 brn|[from] Leech Seed|[of] p1a: Venusaur\n|-damage|p2b: Sneasler|58/100 brn|[from] brn\n|-damage|p2a: Excadrill|76/100 brn|[from] brn\n|upkeep\n|turn|8\n|inactive|o1am1de has 30 seconds left.\n|\n|t:|1776160755\n|move|p1a: Venusaur|Protect|p1a: Venusaur\n|-singleturn|p1a: Venusaur|Protect\n|move|p2b: Sneasler|Dire Claw|p1a: Venusaur\n|-activate|p1a: Venusaur|move: Protect\n|move|p2a: Excadrill|Swords Dance|p2a: Excadrill\n|-boost|p2a: Excadrill|atk|2\n|move|p1b: Rotom|Volt Switch|p2b: Sneasler\n|-damage|p2b: Sneasler|13/100 brn\n|\n|t:|1776160765\n|switch|p1b: Incineroar|Incineroar, L50, M|56/100|[from] Volt Switch\n|-ability|p1b: Incineroar|Intimidate|boost\n|-unboost|p2a: Excadrill|atk|1\n|-unboost|p2b: Sneasler|atk|1\n|\n|-damage|p2b: Sneasler|0 fnt|[from] Leech Seed|[of] p1a: Venusaur\n|faint|p2b: Sneasler\n|-damage|p2a: Excadrill|64/100 brn|[from] Leech Seed|[of] p1a: Venusaur\n|-damage|p2a: Excadrill|58/100 brn|[from] brn\n|upkeep\n|\n|t:|1776160769\n|switch|p2b: Basculegion|Basculegion, L50, M|100/100\n|turn|9\n|c|\u2606o1am1de|GGWP\n|\n|t:|1776160788\n|move|p2a: Excadrill|Earth Power|p1b: Incineroar\n|-supereffective|p1b: Incineroar|1\n|-damage|p1b: Incineroar|19/100\n|move|p2b: Basculegion|Wave Crash|p1b: Incineroar\n|-supereffective|p1b: Incineroar|1\n|-enditem|p1b: Incineroar|Passho Berry|[eat]\n|-enditem|p1b: Incineroar|Passho Berry|[weaken]\n|-damage|p1b: Incineroar|0 fnt\n|faint|p1b: Incineroar\n|-damage|p2b: Basculegion|94/100|[from] Recoil\n|move|p1a: Venusaur|Leech Seed|p2b: Basculegion\n|-start|p2b: Basculegion|move: Leech Seed\n|\n|-damage|p2a: Excadrill|46/100 brn|[from] Leech Seed|[of] p1a: Venusaur\n|-damage|p2b: Basculegion|82/100|[from] Leech Seed|[of] p1a: Venusaur\n|-damage|p2a: Excadrill|40/100 brn|[from] brn\n|upkeep\n|\n|t:|1776160801\n|switch|p1b: Rotom|Rotom-Wash, L50|100/100\n|turn|10\n|\n|t:|1776160818\n|move|p1a: Venusaur|Protect|p1a: Venusaur\n|-singleturn|p1a: Venusaur|Protect\n|move|p2a: Excadrill|Iron Head|p1a: Venusaur\n|-crit|p1a: Venusaur\n|-ability|p2a: Excadrill|Piercing Drill\n|-zbroken|p1a: Venusaur\n|-damage|p1a: Venusaur|85/100\n|move|p2b: Basculegion|Last Respects|p1b: Rotom\n|-crit|p1b: Rotom\n|-damage|p1b: Rotom|0 fnt\n|faint|p1b: Rotom\n|\n|-damage|p2a: Excadrill|28/100 brn|[from] Leech Seed|[of] p1a: Venusaur\n|-heal|p1a: Venusaur|98/100|[silent]\n|-damage|p2b: Basculegion|70/100|[from] Leech Seed|[of] p1a: Venusaur\n|-heal|p1a: Venusaur|100/100|[silent]\n|-damage|p2a: Excadrill|22/100 brn|[from] brn\n|upkeep\n|turn|11\n|\n|t:|1776160839\n|move|p2a: Excadrill|Earth Power|p1a: Venusaur\n|-damage|p1a: Venusaur|88/100\n|move|p2b: Basculegion|Last Respects|p1a: Venusaur\n|-damage|p1a: Venusaur|9/100\n|move|p1a: Venusaur|Giga Drain|p2b: Basculegion\n|-supereffective|p2b: Basculegion|1\n|-damage|p2b: Basculegion|0 fnt\n|-heal|p1a: Venusaur|46/100|[from] drain|[of] p2b: Basculegion\n|faint|p2b: Basculegion\n|\n|-damage|p2a: Excadrill|10/100 brn|[from] Leech Seed|[of] p1a: Venusaur\n|-heal|p1a: Venusaur|59/100|[silent]\n|-damage|p2a: Excadrill|4/100 brn|[from] brn\n|upkeep\n|turn|12\n|\n|t:|1776160853\n|move|p2a: Excadrill|Earth Power|p1a: Venusaur\n|-damage|p1a: Venusaur|45/100\n|move|p1a: Venusaur|Giga Drain|p2a: Excadrill\n|-damage|p2a: Excadrill|0 fnt\n|-heal|p1a: Venusaur|47/100|[from] drain|[of] p2a: Excadrill\n|faint|p2a: Excadrill\n|\n|win|EisenVGC\n|raw|EisenVGC's rating: 1100 &rarr; <strong>1124</strong><br />(+24 for winning)\n|raw|o1am1de's rating: 1083 &rarr; <strong>1062</strong><br />(-21 for losing)\n|c|\u2606o1am1de|GG\n|c|\u2606o1am1de|W PLAY\n",
  "uploadtime": 1776160865,
  "views": 23,
  "formatid": "gen9championsvgc2026regma",
  "rating": 1062,
  "private": 0,
  "password": null
}