{
  "id": "gen9championsvgc2026regma-2580500259",
  "format": "[Gen 9 Champions] VGC 2026 Reg M-A",
  "players": [
    "calacadura",
    "hihi332"
  ],
  "log": "|j|\u2606calacadura\n|j|\u2606hihi332\n|t:|1775905488\n|gametype|doubles\n|player|p1|calacadura|170|1060\n|player|p2|hihi332|2|1000\n|gen|9\n|tier|[Gen 9 Champions] VGC 2026 Reg M-A\n|rated|\n|rule|Species Clause: Limit one of each Pok\u00e9mon\n|rule|Item Clause: Limit 1 of each item\n|clearpoke\n|poke|p1|Garchomp, L50, F|\n|poke|p1|Sinistcha, L50|\n|poke|p1|Tyranitar, L50, F|\n|poke|p1|Incineroar, L50, M|\n|poke|p1|Basculegion, L50, M|\n|poke|p1|Farigiraf, L50, M|\n|poke|p2|Feraligatr, L50, M|\n|poke|p2|Sylveon, L50, F|\n|poke|p2|Whimsicott, L50, M|\n|poke|p2|Typhlosion-Hisui, L50, M|\n|poke|p2|Kingambit, L50, F|\n|poke|p2|Farigiraf, L50, M|\n|teampreview|4\nhihi332 rejected open team sheets.\n|inactive|Battle timer is ON: inactive players will automatically lose when time's up. (requested by hihi332)\n|\n|t:|1775905576\n|teamsize|p1|4\n|teamsize|p2|4\n|start\n|switch|p1a: Kitten|Incineroar, L50, M, shiny|100/100\n|switch|p1b: Farigiraf|Farigiraf, L50, M|100/100\n|switch|p2a: Whimsicott|Whimsicott, L50, M|100/100\n|switch|p2b: Sylveon|Sylveon, L50, F|100/100\n|-ability|p1a: Kitten|Intimidate|boost\n|-unboost|p2a: Whimsicott|atk|1\n|-unboost|p2b: Sylveon|atk|1\n|turn|1\n|inactive|calacadura has 30 seconds left.\n|\n|t:|1775905610\n|switch|p2a: Feraligatr|Feraligatr, L50, M|100/100\n|move|p2b: Sylveon|Protect|p2b: Sylveon\n|-singleturn|p2b: Sylveon|Protect\n|move|p1a: Kitten|Fake Out|p2b: Sylveon\n|-activate|p2b: Sylveon|move: Protect\n|move|p1b: Farigiraf|Thunder Wave|p2a: Feraligatr\n|-status|p2a: Feraligatr|par\n|\n|upkeep\n|turn|2\n|inactive|hihi332 has 30 seconds left.\n|\n|t:|1775905644\n|detailschange|p2a: Feraligatr|Feraligatr-Mega, L50, M\n|-mega|p2a: Feraligatr|Feraligatr|Feraligite\n|move|p2b: Sylveon|Hyper Voice|p1b: Farigiraf|[spread] p1a,p1b\n|-damage|p1a: Kitten|72/100\n|-damage|p1b: Farigiraf|69/100\n|move|p1a: Kitten|Flare Blitz|p2b: Sylveon\n|-damage|p2b: Sylveon|36/100\n|-damage|p1a: Kitten|54/100|[from] Recoil\n|move|p2a: Feraligatr|Waterfall|p1a: Kitten\n|-supereffective|p1a: Kitten|1\n|-crit|p1a: Kitten\n|-damage|p1a: Kitten|0 fnt\n|faint|p1a: Kitten\n|move|p1b: Farigiraf|Trick Room|p1b: Farigiraf\n|-fieldstart|move: Trick Room|[of] p1b: Farigiraf\n|\n|-heal|p1b: Farigiraf|75/100|[from] item: Leftovers\n|upkeep\n|\n|t:|1775905653\n|switch|p1a: Tyranitar|Tyranitar, L50, F|100/100\n|-weather|Sandstorm|[from] ability: Sand Stream|[of] p1a: Tyranitar\n|turn|3\n|\n|t:|1775905670\n|detailschange|p1a: Tyranitar|Tyranitar-Mega, L50, F\n|-mega|p1a: Tyranitar|Tyranitar|Tyranitarite\n|move|p1a: Tyranitar|Protect|p1a: Tyranitar\n|-singleturn|p1a: Tyranitar|Protect\n|move|p2a: Feraligatr|Waterfall|p1a: Tyranitar\n|-activate|p1a: Tyranitar|move: Protect\n|move|p1b: Farigiraf|Expanding Force|p2a: Feraligatr\n|-damage|p2a: Feraligatr|63/100 par\n|move|p2b: Sylveon|Hyper Voice|p1b: Farigiraf|[spread] p1b\n|-activate|p1a: Tyranitar|move: Protect\n|-damage|p1b: Farigiraf|43/100\n|\n|-weather|Sandstorm|[upkeep]\n|-damage|p2a: Feraligatr|57/100 par|[from] Sandstorm\n|-damage|p1b: Farigiraf|37/100|[from] Sandstorm\n|-damage|p2b: Sylveon|30/100|[from] Sandstorm\n|-heal|p1b: Farigiraf|43/100|[from] item: Leftovers\n|upkeep\n|turn|4\n|inactive|calacadura has 30 seconds left.\n|\n|t:|1775905701\n|move|p1b: Farigiraf|Ally Switch|p1b: Farigiraf\n|swap|p1b: Farigiraf|0|[from] move: Ally Switch\n|cant|p2a: Feraligatr|par\n|move|p1b: Tyranitar|Rock Slide|p2a: Feraligatr|[spread] p2a,p2b\n|-damage|p2a: Feraligatr|22/100 par\n|-damage|p2b: Sylveon|0 fnt\n|faint|p2b: Sylveon\n|\n|-weather|Sandstorm|[upkeep]\n|-damage|p2a: Feraligatr|16/100 par|[from] Sandstorm\n|-damage|p1a: Farigiraf|37/100|[from] Sandstorm\n|-heal|p1a: Farigiraf|43/100|[from] item: Leftovers\n|upkeep\n|\n|t:|1775905715\n|switch|p2b: Kingambit|Kingambit, L50, F|100/100\n|turn|5\n|\n|t:|1775905726\n|move|p1a: Farigiraf|Ally Switch||[still]\n|-fail|p1a: Farigiraf\n|move|p2a: Feraligatr|Waterfall|p1a: Farigiraf\n|-damage|p1a: Farigiraf|0 fnt\n|faint|p1a: Farigiraf\n|move|p2b: Kingambit|Low Kick|p1b: Tyranitar\n|-supereffective|p1b: Tyranitar|2\n|-damage|p1b: Tyranitar|0 fnt\n|faint|p1b: Tyranitar\n|\n|-weather|Sandstorm|[upkeep]\n|-damage|p2a: Feraligatr|10/100 par|[from] Sandstorm\n|upkeep\n|\n|t:|1775905729\n|switch|p1b: Basculegion|Basculegion, L50, M|100/100\n|turn|6\n|\n|t:|1775905746\n|move|p2a: Feraligatr|Double-Edge|p1b: Basculegion\n|-damage|p1b: Basculegion|0 fnt\n|faint|p1b: Basculegion\n|-damage|p2a: Feraligatr|0 fnt|[from] Recoil\n|faint|p2a: Feraligatr\n|\n|win|hihi332\n|raw|calacadura's rating: 1060 &rarr; <strong>1038</strong><br />(-22 for losing)\n|raw|hihi332's rating: 1000 &rarr; <strong>1047</strong><br />(+47 for winning)\n",
  "uploadtime": 1775905750,
  "views": 12,
  "formatid": "gen9championsvgc2026regma",
  "rating": 1038,
  "private": 0,
  "password": null
}