{
  "id": "gen9championsvgc2026regma-2587196302",
  "format": "[Gen 9 Champions] VGC 2026 Reg M-A",
  "players": [
    "Reubz123",
    "paro_1"
  ],
  "log": "|j|\u2606Reubz123\n|j|\u2606paro_1\n|t:|1776507440\n|gametype|doubles\n|player|p1|Reubz123|169|1170\n|player|p2|paro_1|dawn|1206\n|gen|9\n|tier|[Gen 9 Champions] VGC 2026 Reg M-A\n|rated|\n|rule|Species Clause: Limit one of each Pok\u00e9mon\n|rule|Item Clause: Limit 1 of each item\n|clearpoke\n|poke|p1|Archaludon, L50, F|\n|poke|p1|Pelipper, L50, M|\n|poke|p1|Sneasler, L50, F|\n|poke|p1|Incineroar, L50, F|\n|poke|p1|Basculegion, L50, M|\n|poke|p1|Meganium, L50, F|\n|poke|p2|Scizor, L50, F|\n|poke|p2|Milotic, L50, M|\n|poke|p2|Tyranitar, L50, M|\n|poke|p2|Incineroar, L50, F|\n|poke|p2|Sneasler, L50, F|\n|poke|p2|Garchomp, L50, M|\n|teampreview|4\n|inactive|Battle timer is ON: inactive players will automatically lose when time's up. (requested by paro_1)\n|inactive|Reubz123 has 60 seconds left.\n|inactive|paro_1 has 60 seconds left.\n|inactive|paro_1 has 30 seconds left.\n|inactive|paro_1 has 20 seconds left.\n|inactive|paro_1 has 15 seconds left.\n|\n|t:|1776507516\n|teamsize|p1|4\n|teamsize|p2|4\n|start\n|switch|p1a: Sneasler|Sneasler, L50, F|100/100\n|switch|p1b: Meganium|Meganium, L50, F|100/100\n|switch|p2a: Garchomp|Garchomp, L50, M|100/100\n|switch|p2b: Milotic|Milotic, L50, M|100/100\n|turn|1\n|inactive|paro_1 has 30 seconds left.\n|inactive|paro_1 has 20 seconds left.\n|\n|t:|1776507553\n|switch|p2a: Sneasler|Sneasler, L50, F|100/100\n|detailschange|p1b: Meganium|Meganium-Mega, L50, F\n|-mega|p1b: Meganium|Meganium|Meganiumite\n|move|p1a: Sneasler|Fake Out|p2a: Sneasler\n|-damage|p2a: Sneasler|73/100\n|move|p2b: Milotic|Icy Wind|p1b: Meganium|[spread] p1a,p1b\n|-supereffective|p1b: Meganium|1\n|-damage|p1a: Sneasler|85/100\n|-damage|p1b: Meganium|82/100\n|-unboost|p1a: Sneasler|spe|1\n|-unboost|p1b: Meganium|spe|1\n|-enditem|p1a: Sneasler|White Herb\n|-clearnegativeboost|p1a: Sneasler|[silent]\n|move|p1b: Meganium|Solar Beam||[still]\n|-prepare|p1b: Meganium|Solar Beam\n|-activate|p1b: Meganium|ability: Mega Sol\n|-anim|p1b: Meganium|Solar Beam|p2b: Milotic\n|-supereffective|p2b: Milotic|1\n|-damage|p2b: Milotic|16/100\n|\n|-heal|p2b: Milotic|22/100|[from] item: Leftovers\n|upkeep\n|turn|2\n|inactive|paro_1 has 30 seconds left.\n|\n|t:|1776507584\n|move|p1a: Sneasler|Protect|p1a: Sneasler\n|-singleturn|p1a: Sneasler|Protect\n|move|p1b: Meganium|Protect|p1b: Meganium\n|-singleturn|p1b: Meganium|Protect\n|move|p2a: Sneasler|Dire Claw|p1b: Meganium\n|-activate|p1b: Meganium|move: Protect\n|move|p2b: Milotic|Scald|p1a: Sneasler\n|-activate|p1a: Sneasler|move: Protect\n|\n|-heal|p2b: Milotic|28/100|[from] item: Leftovers\n|upkeep\n|turn|3\n|inactive|paro_1 has 30 seconds left.\n|\n|t:|1776507610\n|switch|p1b: Incineroar|Incineroar, L50, F|100/100\n|-ability|p1b: Incineroar|Intimidate|boost\n|-unboost|p2a: Sneasler|atk|1\n|-unboost|p2b: Milotic|atk|1\n|-ability|p2b: Milotic|Competitive|boost\n|-boost|p2b: Milotic|spa|2\n|-enditem|p2a: Sneasler|White Herb\n|-clearnegativeboost|p2a: Sneasler|[silent]\n|move|p2a: Sneasler|Close Combat|p1b: Incineroar\n|-supereffective|p1b: Incineroar|1\n|-damage|p1b: Incineroar|0 fnt\n|-unboost|p2a: Sneasler|def|1\n|-unboost|p2a: Sneasler|spd|1\n|faint|p1b: Incineroar\n|move|p1a: Sneasler|Dire Claw|p2b: Milotic\n|-damage|p2b: Milotic|0 fnt\n|faint|p2b: Milotic\n|\n|upkeep\n|inactive|Reubz123 has 30 seconds left.\n|\n|t:|1776507648\n|switch|p2b: Garchomp|Garchomp, L50, M|100/100\n|switch|p1b: Meganium|Meganium-Mega, L50, F|82/100\n|turn|4\n|inactive|Reubz123 has 30 seconds left.\n|\n|t:|1776507673\n|move|p2a: Sneasler|Dire Claw|p1b: Meganium\n|-supereffective|p1b: Meganium|2\n|-damage|p1b: Meganium|0 fnt\n|faint|p1b: Meganium\n|move|p1a: Sneasler|Close Combat|p2a: Sneasler\n|-resisted|p2a: Sneasler|1\n|-damage|p2a: Sneasler|0 fnt\n|-unboost|p1a: Sneasler|def|1\n|-unboost|p1a: Sneasler|spd|1\n|faint|p2a: Sneasler\n|move|p2b: Garchomp|Stomping Tantrum|p1a: Sneasler\n|-supereffective|p1a: Sneasler|1\n|-damage|p1a: Sneasler|0 fnt\n|faint|p1a: Sneasler\n|\n|upkeep\n|\n|t:|1776507688\n|switch|p2a: Tyranitar|Tyranitar, L50, M|100/100\n|switch|p1b: Archaludon|Archaludon, L50, F|100/100\n|-weather|Sandstorm|[from] ability: Sand Stream|[of] p2a: Tyranitar\n|turn|5\n|\n|t:|1776507698\n|detailschange|p2a: Tyranitar|Tyranitar-Mega, L50, M\n|-mega|p2a: Tyranitar|Tyranitar|Tyranitarite\n|move|p2b: Garchomp|Stomping Tantrum|p1b: Archaludon\n|-supereffective|p1b: Archaludon|1\n|-damage|p1b: Archaludon|32/100\n|-ability|p1b: Archaludon|Stamina|boost\n|-boost|p1b: Archaludon|def|1\n|move|p1b: Archaludon|Draco Meteor|p2b: Garchomp|[miss]\n|-miss|p1b: Archaludon|p2b: Garchomp\n|move|p2a: Tyranitar|Low Kick|p1b: Archaludon\n|-supereffective|p1b: Archaludon|1\n|-damage|p1b: Archaludon|0 fnt\n|faint|p1b: Archaludon\n|\n|win|paro_1\n|raw|Reubz123's rating: 1170 &rarr; <strong>1148</strong><br />(-22 for losing)\n|raw|paro_1's rating: 1206 &rarr; <strong>1228</strong><br />(+22 for winning)\n",
  "uploadtime": 1776507703,
  "views": 20,
  "formatid": "gen9championsvgc2026regma",
  "rating": 1148,
  "private": 0,
  "password": null
}