{
  "id": "gen9championsvgc2026regma-2584627717",
  "format": "[Gen 9 Champions] VGC 2026 Reg M-A",
  "players": [
    "Arcario13",
    "Papuas"
  ],
  "log": "|j|\u2606Arcario13\n|j|\u2606Papuas\n|t:|1776273050\n|gametype|doubles\n|player|p1|Arcario13|hilbert-wonderlauncher|1229\n|player|p2|Papuas|265|1193\n|gen|9\n|tier|[Gen 9 Champions] VGC 2026 Reg M-A\n|rated|\n|rule|Species Clause: Limit one of each Pok\u00e9mon\n|rule|Item Clause: Limit 1 of each item\n|clearpoke\n|poke|p1|Incineroar, L50, M|\n|poke|p1|Garchomp, L50, M|\n|poke|p1|Sinistcha, L50|\n|poke|p1|Kommo-o, L50, M|\n|poke|p1|Gengar, L50, M|\n|poke|p1|Rotom-Wash, L50|\n|poke|p2|Floette-Eternal, L50, F|\n|poke|p2|Garchomp, L50, F|\n|poke|p2|Sneasler, L50, M|\n|poke|p2|Incineroar, L50, F|\n|poke|p2|Basculegion, L50, M|\n|poke|p2|Aerodactyl, L50, M|\n|teampreview|4\n|inactive|Battle timer is ON: inactive players will automatically lose when time's up. (requested by Arcario13)\n|inactive|Arcario13 has 60 seconds left.\n|inactive|Papuas has 60 seconds left.\n|\n|t:|1776273094\n|teamsize|p1|4\n|teamsize|p2|4\n|start\n|switch|p1a: Gengar|Gengar, L50, M, shiny|100/100\n|switch|p1b: Kommo-o|Kommo-o, L50, M, shiny|100/100\n|switch|p2a: Garchomp|Garchomp, L50, F|100/100\n|switch|p2b: Aerodactyl|Aerodactyl, L50, M|100/100\n|-ability|p2b: Aerodactyl|Unnerve\n|turn|1\n|\n|t:|1776273122\n|detailschange|p1a: Gengar|Gengar-Mega, L50, M, shiny\n|-mega|p1a: Gengar|Gengar|Gengarite\n|move|p1b: Kommo-o|Protect|p1b: Kommo-o\n|-singleturn|p1b: Kommo-o|Protect\n|move|p1a: Gengar|Perish Song|p1a: Gengar\n|-start|p1a: Gengar|perish3|[silent]\n|-immune|p1b: Kommo-o|[from] ability: Soundproof\n|-start|p2a: Garchomp|perish3|[silent]\n|-start|p2b: Aerodactyl|perish3|[silent]\n|-fieldactivate|move: Perish Song\n|move|p2b: Aerodactyl|Tailwind|p2b: Aerodactyl\n|-sidestart|p2: Papuas|move: Tailwind\n|move|p2a: Garchomp|Earthquake|p1a: Gengar|[spread] p1a\n|-activate|p1b: Kommo-o|move: Protect\n|-immune|p2b: Aerodactyl\n|-supereffective|p1a: Gengar|1\n|-damage|p1a: Gengar|0 fnt\n|faint|p1a: Gengar\n|\n|-start|p2b: Aerodactyl|perish3\n|-start|p2a: Garchomp|perish3\n|upkeep\n|\n|t:|1776273139\n|switch|p1a: Sinistcha|Sinistcha, L50, shiny|100/100\n|turn|2\n|c|\u2606Papuas|you are not Mr. VGC\n|\n|t:|1776273161\n|switch|p1b: Rotom|Rotom-Wash, L50, shiny|100/100\n|move|p2b: Aerodactyl|Dual Wingbeat|p1a: Sinistcha\n|-supereffective|p1a: Sinistcha|1\n|-damage|p1a: Sinistcha|72/100\n|-supereffective|p1a: Sinistcha|1\n|-damage|p1a: Sinistcha|40/100\n|-hitcount|p1a: Sinistcha|2\n|move|p2a: Garchomp|Earthquake|p1a: Sinistcha|[spread] p1a\n|-immune|p2b: Aerodactyl\n|-immune|p1b: Rotom|[from] ability: Levitate\n|-resisted|p1a: Sinistcha|1\n|-damage|p1a: Sinistcha|26/100\n|move|p1a: Sinistcha|Trick Room|p1a: Sinistcha\n|-fieldstart|move: Trick Room|[of] p1a: Sinistcha\n|\n|-start|p2a: Garchomp|perish2\n|-start|p2b: Aerodactyl|perish2\n|upkeep\n|turn|3\n|inactive|Papuas has 30 seconds left.\n|\n|t:|1776273199\n|switch|p1a: Kommo-o|Kommo-o, L50, M, shiny|100/100\n|switch|p2b: Floette|Floette-Eternal, L50, F|100/100\n|move|p1b: Rotom|Hydro Pump|p2a: Garchomp\n|-damage|p2a: Garchomp|40/100\n|move|p2a: Garchomp|Dragon Claw|p1b: Rotom\n|-damage|p1b: Rotom|54/100\n|\n|-start|p2a: Garchomp|perish1\n|upkeep\n|turn|4\n|inactive|Arcario13 has 30 seconds left.\n|inactive|Papuas has 30 seconds left.\n|\n|t:|1776273228\n|switch|p2a: Aerodactyl|Aerodactyl, L50, M|100/100\n|-ability|p2a: Aerodactyl|Unnerve\n|move|p2b: Floette|Protect|p2b: Floette\n|-singleturn|p2b: Floette|Protect\n|move|p1b: Rotom|Thunderbolt|p2b: Floette\n|-activate|p2b: Floette|move: Protect\n|move|p1a: Kommo-o|Clanging Scales|p2a: Aerodactyl|[spread] p2a\n|-activate|p2b: Floette|move: Protect\n|-damage|p2a: Aerodactyl|49/100\n|-unboost|p1a: Kommo-o|def|1\n|\n|-sideend|p2: Papuas|move: Tailwind\n|upkeep\n|turn|5\n|inactive|Arcario13 has 30 seconds left.\n|inactive|Papuas has 30 seconds left.\n|\n|t:|1776273257\n|switch|p1a: Sinistcha|Sinistcha, L50, shiny|26/100\n|-heal|p1b: Rotom|79/100|[from] ability: Hospitality|[of] p1a: Sinistcha\n|detailschange|p2b: Floette|Floette-Mega, L50, F\n|-mega|p2b: Floette|Floette|Floettite\n|-ability|p2b: Floette|Fairy Aura\n|move|p1b: Rotom|Thunderbolt|p2b: Floette\n|-damage|p2b: Floette|58/100\n|move|p2b: Floette|Dazzling Gleam|p1b: Rotom|[spread] p1a,p1b\n|-damage|p1a: Sinistcha|0 fnt\n|-damage|p1b: Rotom|25/100\n|faint|p1a: Sinistcha\n|move|p2a: Aerodactyl|Rock Slide|p1b: Rotom\n|-damage|p1b: Rotom|0 fnt\n|faint|p1b: Rotom\n|\n|upkeep\n|\n|t:|1776273267\n|switch|p1b: Kommo-o|Kommo-o, L50, M, shiny|100/100\n|turn|6\n|\n|t:|1776273274\n|move|p2b: Floette|Protect|p2b: Floette\n|-singleturn|p2b: Floette|Protect\n|move|p2a: Aerodactyl|Protect|p2a: Aerodactyl\n|-singleturn|p2a: Aerodactyl|Protect\n|move|p1b: Kommo-o|Aura Sphere|p2b: Floette\n|-activate|p2b: Floette|move: Protect\n|\n|-fieldend|move: Trick Room\n|upkeep\n|turn|7\n|-message|Arcario13 forfeited.\n|\n|win|Papuas\n|raw|Arcario13's rating: 1229 &rarr; <strong>1201</strong><br />(-28 for losing)\n|raw|Papuas's rating: 1193 &rarr; <strong>1221</strong><br />(+28 for winning)\n|l|\u2606Arcario13\n|player|p1|\n",
  "uploadtime": 1776273288,
  "views": 26,
  "formatid": "gen9championsvgc2026regma",
  "rating": 1201,
  "private": 0,
  "password": null
}