{
  "id": "gen9championsvgc2026regma-2585594351",
  "format": "[Gen 9 Champions] VGC 2026 Reg M-A",
  "players": [
    "StevenWo0",
    "lookout mudd"
  ],
  "log": "|j|\u2606StevenWo0\n|j|\u2606lookout mudd\n|t:|1776357721\n|gametype|doubles\n|player|p1|StevenWo0|lucas|1097\n|player|p2|lookout mudd|steven-gen6|1100\n|gen|9\n|tier|[Gen 9 Champions] VGC 2026 Reg M-A\n|rated|\n|rule|Species Clause: Limit one of each Pok\u00e9mon\n|rule|Item Clause: Limit 1 of each item\n|clearpoke\n|poke|p1|Torterra, L50, M|\n|poke|p1|Hatterene, L50, F|\n|poke|p1|Farigiraf, L50, F|\n|poke|p1|Aggron, L50, F|\n|poke|p1|Torkoal, L50, F|\n|poke|p1|Slowbro, L50, F|\n|poke|p2|Snorlax, L50, M|\n|poke|p2|Mimikyu, L50, M|\n|poke|p2|Torkoal, L50, F|\n|poke|p2|Maushold-Four, L50|\n|poke|p2|Chimecho, L50, M|\n|poke|p2|Conkeldurr, L50, F|\n|teampreview|4\n|inactive|Battle timer is ON: inactive players will automatically lose when time's up. (requested by StevenWo0)\n|\n|t:|1776357762\n|teamsize|p1|4\n|teamsize|p2|4\n|start\n|switch|p1a: Hatterene|Hatterene, L50, F|100/100\n|switch|p1b: Slowbro|Slowbro, L50, F|100/100\n|switch|p2a: Thickums|Snorlax, L50, M|100/100\n|switch|p2b: Foursome|Maushold-Four, L50|100/100\n|turn|1\n|inactive|lookout mudd has 30 seconds left.\n|\n|t:|1776357797\n|switch|p1b: Farigiraf|Farigiraf, L50, F|100/100\n|move|p2b: Foursome|Follow Me|p2b: Foursome\n|-singleturn|p2b: Foursome|move: Follow Me\n|move|p2a: Thickums|Belly Drum|p2a: Thickums\n|-damage|p2a: Thickums|51/100\n|-setboost|p2a: Thickums|atk|6|[from] move: Belly Drum\n|move|p1a: Hatterene|Dazzling Gleam|p2a: Thickums|[spread] p2a,p2b\n|-damage|p2a: Thickums|38/100\n|-damage|p2b: Foursome|54/100\n|-enditem|p2a: Thickums|Sitrus Berry|[eat]\n|-heal|p2a: Thickums|63/100|[from] item: Sitrus Berry\n|\n|upkeep\n|turn|2\n|inactive|lookout mudd has 30 seconds left.\n|inactive|lookout mudd has 20 seconds left.\n|inactive|lookout mudd has 15 seconds left.\n|inactive|lookout mudd has 10 seconds left.\n|\n|t:|1776357843\n|move|p2b: Foursome|After You|p2a: Thickums\n|-activate|p2a: Thickums|move: After You\n|move|p2a: Thickums|Facade|p1a: Hatterene\n|-crit|p1a: Hatterene\n|-enditem|p1a: Hatterene|Focus Sash\n|-damage|p1a: Hatterene|1/100\n|move|p1b: Farigiraf|Hyper Voice|p2a: Thickums|[spread] p2a,p2b\n|-damage|p2a: Thickums|51/100\n|-damage|p2b: Foursome|23/100\n|move|p1a: Hatterene|Dazzling Gleam|p2a: Thickums|[spread] p2a,p2b\n|-damage|p2a: Thickums|36/100\n|-damage|p2b: Foursome|0 fnt\n|faint|p2b: Foursome\n|\n|upkeep\n|\n|t:|1776357850\n|switch|p2b: Pika who?|Mimikyu, L50, M|100/100\n|turn|3\n|inactive|StevenWo0 has 30 seconds left.\n|inactive|lookout mudd has 30 seconds left.\n|inactive|lookout mudd has 20 seconds left.\n|inactive|lookout mudd has 15 seconds left.\n|\n|t:|1776357891\n|move|p2b: Pika who?|Shadow Claw|p1a: Hatterene\n|-supereffective|p1a: Hatterene|1\n|-damage|p1a: Hatterene|0 fnt\n|faint|p1a: Hatterene\n|move|p2a: Thickums|Facade|p1b: Farigiraf\n|-damage|p1b: Farigiraf|0 fnt\n|faint|p1b: Farigiraf\n|\n|upkeep\n|\n|t:|1776357901\n|switch|p1b: Slowbro|Slowbro, L50, F|100/100\n|switch|p1a: Torterra|Torterra, L50, M|100/100\n|turn|4\n|\n|t:|1776357925\n|move|p2a: Thickums|Protect|p2a: Thickums\n|-singleturn|p2a: Thickums|Protect\n|move|p1b: Slowbro|Protect|p1b: Slowbro\n|-singleturn|p1b: Slowbro|Protect\n|move|p2b: Pika who?|Baby-Doll Eyes|p1a: Torterra\n|-unboost|p1a: Torterra|atk|1\n|-enditem|p1a: Torterra|White Herb\n|-clearnegativeboost|p1a: Torterra|[silent]\n|move|p1a: Torterra|Headlong Rush|p2a: Thickums\n|-activate|p2a: Thickums|move: Protect\n|\n|upkeep\n|turn|5\n|inactive|StevenWo0 has 30 seconds left.\n|\n|t:|1776357955\n|move|p1a: Torterra|Rock Slide|p2b: Pika who?|[spread] p2a,p2b\n|-damage|p2a: Thickums|22/100\n|-activate|p2b: Pika who?|ability: Disguise\n|-damage|p2b: Pika who?|100/100\n|detailschange|p2b: Pika who?|Mimikyu-Busted, L50, M\n|-damage|p2b: Pika who?|88/100|[from] pokemon: Mimikyu-Busted\n|move|p1b: Slowbro|Scald|p2a: Thickums\n|-damage|p2a: Thickums|4/100\n|-status|p2a: Thickums|brn\n|move|p2a: Thickums|Facade|p1a: Torterra\n|-damage|p1a: Torterra|0 fnt\n|faint|p1a: Torterra\n|move|p2b: Pika who?|Trick Room|p2b: Pika who?\n|-fieldstart|move: Trick Room|[of] p2b: Pika who?\n|\n|-damage|p2a: Thickums|0 fnt|[from] brn\n|faint|p2a: Thickums\n|upkeep\n|\n|t:|1776357968\n|switch|p2a: Twerkoal|Torkoal, L50, F|100/100\n|-weather|SunnyDay|[from] ability: Drought|[of] p2a: Twerkoal\n|turn|6\n|\n|t:|1776357980\n|move|p1b: Slowbro|Protect|p1b: Slowbro\n|-singleturn|p1b: Slowbro|Protect\n|move|p2a: Twerkoal|Eruption|p1b: Slowbro\n|-activate|p1b: Slowbro|move: Protect\n|move|p2b: Pika who?|Shadow Claw|p1b: Slowbro\n|-activate|p1b: Slowbro|move: Protect\n|\n|-weather|SunnyDay|[upkeep]\n|upkeep\n|turn|7\n|\n|t:|1776357992\n|move|p2a: Twerkoal|Eruption|p1b: Slowbro\n|-resisted|p1b: Slowbro|1\n|-damage|p1b: Slowbro|44/100\n|move|p1b: Slowbro|Scald|p2a: Twerkoal\n|-supereffective|p2a: Twerkoal|1\n|-damage|p2a: Twerkoal|60/100\n|move|p2b: Pika who?|Shadow Claw|p1b: Slowbro\n|-supereffective|p1b: Slowbro|1\n|-damage|p1b: Slowbro|0 fnt\n|faint|p1b: Slowbro\n|\n|win|lookout mudd\n|raw|StevenWo0's rating: 1097 &rarr; <strong>1073</strong><br />(-24 for losing)\n|raw|lookout mudd's rating: 1100 &rarr; <strong>1125</strong><br />(+25 for winning)\n",
  "uploadtime": 1776357999,
  "views": 22,
  "formatid": "gen9championsvgc2026regma",
  "rating": 1073,
  "private": 0,
  "password": null
}