{
  "id": "gen9championsvgc2026regma-2585935094",
  "format": "[Gen 9 Champions] VGC 2026 Reg M-A",
  "players": [
    "AquaticPanic",
    "bigmode_jimbob"
  ],
  "log": "|j|\u2606AquaticPanic\n|j|\u2606bigmode_jimbob\n|t:|1776382911\n|gametype|doubles\n|player|p1|AquaticPanic|bellelba|1276\n|player|p2|bigmode_jimbob|drayden|1299\n|gen|9\n|tier|[Gen 9 Champions] VGC 2026 Reg M-A\n|rated|\n|rule|Species Clause: Limit one of each Pok\u00e9mon\n|rule|Item Clause: Limit 1 of each item\n|clearpoke\n|poke|p1|Gengar, L50, F|\n|poke|p1|Whimsicott, L50, F|\n|poke|p1|Sneasler, L50, F|\n|poke|p1|Rotom-Wash, L50|\n|poke|p1|Kingambit, L50, F|\n|poke|p1|Palafin, L50, M|\n|poke|p2|Farigiraf, L50, F|\n|poke|p2|Politoed, L50, M|\n|poke|p2|Arbok, L50, M|\n|poke|p2|Basculegion, L50, M|\n|poke|p2|Steelix, L50, F|\n|poke|p2|Sinistcha-Masterpiece, L50|\n|teampreview|4\n|inactive|Battle timer is ON: inactive players will automatically lose when time's up. (requested by bigmode_jimbob)\n|\n|t:|1776382935\n|teamsize|p1|4\n|teamsize|p2|4\n|start\n|switch|p1a: Rotom|Rotom-Wash, L50|100/100\n|switch|p1b: Pepsiman|Palafin, L50, M|100/100\n|switch|p2a: Steelix|Steelix, L50, F|100/100\n|switch|p2b: Politoed|Politoed, L50, M|100/100\n|-weather|RainDance|[from] ability: Drizzle|[of] p2b: Politoed\n|turn|1\n|inactive|bigmode_jimbob has 30 seconds left.\n|\n|t:|1776382964\n|switch|p2b: Sinistcha|Sinistcha-Masterpiece, L50|100/100\n|detailschange|p2a: Steelix|Steelix-Mega, L50, F\n|-mega|p2a: Steelix|Steelix|Steelixite\n|move|p1a: Rotom|Volt Switch|p2b: Sinistcha\n|-resisted|p2b: Sinistcha|1\n|-damage|p2b: Sinistcha|83/100\n|\n|t:|1776382974\n|switch|p1a: Gengar|Gengar, L50, F|100/100|[from] Volt Switch\n|move|p1b: Pepsiman|Flip Turn|p2a: Steelix\n|-supereffective|p2a: Steelix|1\n|-damage|p2a: Steelix|66/100\n|\n|t:|1776382981\n|detailschange|p1b: Pepsiman|Palafin-Hero, L50, M\n|switch|p1b: Rotom|Rotom-Wash, L50|100/100|[from] Flip Turn\n|move|p2a: Steelix|Body Press|p1a: Gengar\n|-immune|p1a: Gengar\n|\n|-weather|RainDance|[upkeep]\n|-heal|p2b: Sinistcha|89/100|[from] item: Leftovers\n|upkeep\n|turn|2\n|\n|t:|1776382993\n|switch|p2b: Farigiraf|Farigiraf, L50, F|100/100\n|switch|p2a: Politoed|Politoed, L50, M|100/100\n|detailschange|p1a: Gengar|Gengar-Mega, L50, F\n|-mega|p1a: Gengar|Gengar|Gengarite\n|move|p1b: Rotom|Trick|p2b: Farigiraf\n|-activate|p1b: Rotom|move: Trick|[of] p2b: Farigiraf\n|-item|p2b: Farigiraf|Choice Scarf|[from] move: Trick\n|-item|p1b: Rotom|Colbur Berry|[from] move: Trick\n|move|p1a: Gengar|Shadow Ball|p2a: Politoed\n|-damage|p2a: Politoed|59/100\n|\n|-weather|RainDance|[upkeep]\n|upkeep\n|turn|3\n|\n|t:|1776383011\n|move|p2a: Politoed|Protect|p2a: Politoed\n|-singleturn|p2a: Politoed|Protect\n|move|p1a: Gengar|Sludge Bomb|p2b: Farigiraf\n|-damage|p2b: Farigiraf|51/100\n|move|p1b: Rotom|Volt Switch|p2a: Politoed\n|-activate|p2a: Politoed|move: Protect\n|move|p2b: Farigiraf|Twin Beam|p1a: Gengar\n|-supereffective|p1a: Gengar|1\n|-damage|p1a: Gengar|57/100\n|-supereffective|p1a: Gengar|1\n|-damage|p1a: Gengar|9/100\n|-hitcount|p1a: Gengar|2\n|\n|-weather|RainDance|[upkeep]\n|upkeep\n|turn|4\n|-activate|p2a: Politoed|item: Quick Claw\n|\n|t:|1776383025\n|move|p2a: Politoed|Muddy Water|p1b: Rotom|[spread] p1b\n|-miss|p2a: Politoed|p1a: Gengar\n|-resisted|p1b: Rotom|1\n|-damage|p1b: Rotom|70/100\n|-unboost|p1b: Rotom|accuracy|1\n|move|p1a: Gengar|Disable|p2b: Farigiraf\n|-start|p2b: Farigiraf|Disable|Twin Beam\n|move|p1b: Rotom|Volt Switch|p2a: Politoed\n|-supereffective|p2a: Politoed|1\n|-damage|p2a: Politoed|0 fnt\n|faint|p2a: Politoed\n|\n|t:|1776383038\n|switch|p1b: Kingambit|Kingambit, L50, F|100/100|[from] Volt Switch\n|cant|p2b: Farigiraf|Disable|Twin Beam\n|\n|-weather|RainDance|[upkeep]\n|upkeep\n|\n|t:|1776383041\n|switch|p2a: Steelix|Steelix-Mega, L50, F|66/100\n|turn|5\n|\n|t:|1776383049\n|switch|p1b: Rotom|Rotom-Wash, L50|70/100\n|move|p1a: Gengar|Protect|p1a: Gengar\n|-singleturn|p1a: Gengar|Protect\n|-activate|p2b: Farigiraf|move: Struggle\n|move|p2b: Farigiraf|Struggle|p1a: Gengar\n|-activate|p1a: Gengar|move: Protect\n|move|p2a: Steelix|Drill Run|p1a: Gengar\n|-activate|p1a: Gengar|move: Protect\n|\n|-weather|none\n|upkeep\n|turn|6\n|\n|t:|1776383064\n|switch|p1a: Pepsiman|Palafin-Hero, L50, M|100/100\n|-activate|p1a: Pepsiman|ability: Zero to Hero\n|move|p1b: Rotom|Hydro Pump|p2a: Steelix|[miss]\n|-miss|p1b: Rotom|p2a: Steelix\n|-activate|p2b: Farigiraf|move: Struggle\n|move|p2b: Farigiraf|Struggle|p1a: Pepsiman\n|-damage|p1a: Pepsiman|91/100\n|-damage|p2b: Farigiraf|26/100|[from] recoil\n|move|p2a: Steelix|Body Press|p1b: Rotom\n|-damage|p1b: Rotom|10/100\n|\n|upkeep\n|turn|7\n|\n|t:|1776383082\n|switch|p2b: Sinistcha|Sinistcha-Masterpiece, L50|89/100\n|-heal|p2a: Steelix|91/100|[from] ability: Hospitality|[of] p2b: Sinistcha\n|move|p1b: Rotom|Hydro Pump|p2a: Steelix\n|-supereffective|p2a: Steelix|1\n|-damage|p2a: Steelix|0 fnt\n|faint|p2a: Steelix\n|move|p1a: Pepsiman|Bulk Up|p1a: Pepsiman\n|-boost|p1a: Pepsiman|atk|1\n|-boost|p1a: Pepsiman|def|1\n|\n|-heal|p2b: Sinistcha|95/100|[from] item: Leftovers\n|upkeep\n|\n|t:|1776383088\n|switch|p2a: Farigiraf|Farigiraf, L50, F|26/100\n|turn|8\n|\n|t:|1776383104\n|move|p1b: Rotom|Volt Switch|p2a: Farigiraf\n|-damage|p2a: Farigiraf|0 fnt\n|faint|p2a: Farigiraf\n|\n|t:|1776383107\n|switch|p1b: Kingambit|Kingambit, L50, F|100/100|[from] Volt Switch\n|move|p1a: Pepsiman|Flip Turn|p2b: Sinistcha\n|-resisted|p2b: Sinistcha|1\n|-damage|p2b: Sinistcha|63/100\n|\n|t:|1776383114\n|switch|p1a: Rotom|Rotom-Wash, L50|10/100|[from] Flip Turn\n|move|p2b: Sinistcha|Matcha Gotcha|p1b: Kingambit|[spread] p1a\n|-miss|p2b: Sinistcha|p1b: Kingambit\n|-supereffective|p1a: Rotom|1\n|-damage|p1a: Rotom|0 fnt\n|-heal|p2b: Sinistcha|67/100|[from] drain|[of] p1a: Rotom\n|faint|p1a: Rotom\n|\n|-heal|p2b: Sinistcha|73/100|[from] item: Leftovers\n|upkeep\n|\n|t:|1776383121\n|switch|p1a: Gengar|Gengar-Mega, L50, F|9/100\n|turn|9\n|-message|bigmode_jimbob forfeited.\n|\n|win|AquaticPanic\n|raw|AquaticPanic's rating: 1276 &rarr; <strong>1303</strong><br />(+27 for winning)\n|raw|bigmode_jimbob's rating: 1299 &rarr; <strong>1272</strong><br />(-27 for losing)\n|l|\u2606bigmode_jimbob\n|player|p2|\n|l|\u2606AquaticPanic\n|player|p1|\n|j|\u2606AquaticPanic\n|player|p1|AquaticPanic|bellelba|\n",
  "uploadtime": 1776383485,
  "views": 22,
  "formatid": "gen9championsvgc2026regma",
  "rating": 1272,
  "private": 0,
  "password": null
}