{
  "id": "gen9championsvgc2026regma-2581737793",
  "format": "[Gen 9 Champions] VGC 2026 Reg M-A",
  "players": [
    "Missed Ledgedash",
    "yeetyolk07"
  ],
  "log": "|j|\u2606Missed Ledgedash\n|j|\u2606yeetyolk07\n|t:|1776024574\n|gametype|doubles\n|player|p1|Missed Ledgedash|juan-gen3|1161\n|player|p2|yeetyolk07|wallace|1068\n|gen|9\n|tier|[Gen 9 Champions] VGC 2026 Reg M-A\n|rated|\n|rule|Species Clause: Limit one of each Pok\u00e9mon\n|rule|Item Clause: Limit 1 of each item\n|clearpoke\n|poke|p1|Incineroar, L50, M|\n|poke|p1|Gengar, L50, M|\n|poke|p1|Gyarados, L50, M|\n|poke|p1|Tyranitar, L50, F|\n|poke|p1|Sneasler, L50, M|\n|poke|p1|Excadrill, L50, M|\n|poke|p2|Charizard, L50, M|\n|poke|p2|Venusaur, L50, F|\n|poke|p2|Aerodactyl, L50, M|\n|poke|p2|Incineroar, L50, M|\n|poke|p2|Heliolisk, L50, M|\n|poke|p2|Dragapult, L50, M|\n|teampreview|4\n|\n|t:|1776024614\n|teamsize|p1|4\n|teamsize|p2|4\n|start\n|switch|p1a: Gengar|Gengar, L50, M|100/100\n|switch|p1b: Incineroar|Incineroar, L50, M|100/100\n|switch|p2a: Dragapult|Dragapult, L50, M|100/100\n|switch|p2b: Aerodactyl|Aerodactyl, L50, M|100/100\n|-ability|p2b: Aerodactyl|Unnerve\n|-ability|p1b: Incineroar|Intimidate|boost\n|-fail|p2a: Dragapult|unboost|[from] ability: Clear Body|[of] p2a: Dragapult\n|-unboost|p2b: Aerodactyl|atk|1\n|turn|1\n|\n|t:|1776024645\n|move|p1a: Gengar|Protect|p1a: Gengar\n|-singleturn|p1a: Gengar|Protect\n|move|p2a: Dragapult|Shadow Ball|p1a: Gengar\n|-activate|p1a: Gengar|move: Protect\n|move|p2b: Aerodactyl|Tailwind|p2b: Aerodactyl\n|-sidestart|p2: yeetyolk07|move: Tailwind\n|move|p1b: Incineroar|Throat Chop|p2a: Dragapult\n|-supereffective|p2a: Dragapult|1\n|-damage|p2a: Dragapult|8/100\n|-start|p2a: Dragapult|Throat Chop|[silent]\n|\n|upkeep\n|turn|2\n|\n|t:|1776024667\n|switch|p1a: Tyranitar|Tyranitar, L50, F|100/100\n|-weather|Sandstorm|[from] ability: Sand Stream|[of] p1a: Tyranitar\n|move|p2a: Dragapult|Draco Meteor|p1b: Incineroar\n|-damage|p1b: Incineroar|54/100\n|-unboost|p2a: Dragapult|spa|2\n|move|p2b: Aerodactyl|Dual Wingbeat|p1a: Tyranitar\n|-resisted|p1a: Tyranitar|1\n|-damage|p1a: Tyranitar|95/100\n|-resisted|p1a: Tyranitar|1\n|-damage|p1a: Tyranitar|89/100\n|-hitcount|p1a: Tyranitar|2\n|move|p1b: Incineroar|Parting Shot|p2b: Aerodactyl\n|-unboost|p2b: Aerodactyl|atk|1\n|-unboost|p2b: Aerodactyl|spa|1\n|\n|t:|1776024685\n|switch|p1b: Gyarados|Gyarados, L50, M|100/100|[from] Parting Shot\n|-ability|p1b: Gyarados|Intimidate|boost\n|-fail|p2a: Dragapult|unboost|[from] ability: Clear Body|[of] p2a: Dragapult\n|-unboost|p2b: Aerodactyl|atk|1\n|\n|-weather|Sandstorm|[upkeep]\n|-damage|p2a: Dragapult|2/100|[from] Sandstorm\n|-damage|p1b: Gyarados|95/100|[from] Sandstorm\n|-end|p2a: Dragapult|Throat Chop|[silent]\n|upkeep\n|turn|3\n|\n|t:|1776024701\n|move|p2a: Dragapult|Shadow Ball|p1b: Gyarados\n|-damage|p1b: Gyarados|76/100\n|-unboost|p1b: Gyarados|spd|1\n|move|p2b: Aerodactyl|Dual Wingbeat|p1b: Gyarados\n|-crit|p1b: Gyarados\n|-damage|p1b: Gyarados|45/100\n|-damage|p1b: Gyarados|36/100\n|-hitcount|p1b: Gyarados|2\n|move|p1b: Gyarados|Waterfall|p2b: Aerodactyl\n|-supereffective|p2b: Aerodactyl|1\n|-enditem|p2b: Aerodactyl|Focus Sash\n|-damage|p2b: Aerodactyl|1/100\n|move|p1a: Tyranitar|Rock Slide|p2b: Aerodactyl|[spread] p2a,p2b\n|-supereffective|p2b: Aerodactyl|1\n|-damage|p2a: Dragapult|0 fnt\n|-damage|p2b: Aerodactyl|0 fnt\n|faint|p2a: Dragapult\n|faint|p2b: Aerodactyl\n|\n|-weather|Sandstorm|[upkeep]\n|-damage|p1b: Gyarados|30/100|[from] Sandstorm\n|upkeep\n|\n|t:|1776024704\n|switch|p2a: Charizard|Charizard, L50, M, shiny|100/100\n|switch|p2b: Venusaur|Venusaur, L50, F|100/100\n|turn|4\n|\n|t:|1776024726\n|switch|p1a: Incineroar|Incineroar, L50, M|54/100\n|-ability|p1a: Incineroar|Intimidate|boost\n|-unboost|p2a: Charizard|atk|1\n|-unboost|p2b: Venusaur|atk|1\n|detailschange|p2a: Charizard|Charizard-Mega-Y, L50, M, shiny\n|-mega|p2a: Charizard|Charizard|Charizardite Y\n|-weather|SunnyDay|[from] ability: Drought|[of] p2a: Charizard\n|move|p2b: Venusaur|Sleep Powder|p1a: Incineroar\n|-status|p1a: Incineroar|slp|[from] move: Sleep Powder\n|move|p2a: Charizard|Solar Beam||[still]\n|-prepare|p2a: Charizard|Solar Beam\n|-anim|p2a: Charizard|Solar Beam|p1b: Gyarados\n|-damage|p1b: Gyarados|0 fnt\n|faint|p1b: Gyarados\n|\n|-weather|SunnyDay|[upkeep]\n|-sideend|p2: yeetyolk07|move: Tailwind\n|upkeep\n|\n|t:|1776024740\n|switch|p1b: Gengar|Gengar, L50, M|100/100\n|turn|5\n|\n|t:|1776024747\n|switch|p1a: Tyranitar|Tyranitar, L50, F|89/100\n|-weather|Sandstorm|[from] ability: Sand Stream|[of] p1a: Tyranitar\n|detailschange|p1b: Gengar|Gengar-Mega, L50, M\n|-mega|p1b: Gengar|Gengar|Gengarite\n|move|p1b: Gengar|Perish Song|p1b: Gengar\n|-start|p1a: Tyranitar|perish3|[silent]\n|-start|p1b: Gengar|perish3|[silent]\n|-start|p2a: Charizard|perish3|[silent]\n|-start|p2b: Venusaur|perish3|[silent]\n|-fieldactivate|move: Perish Song\n|move|p2a: Charizard|Heat Wave|p1a: Tyranitar|[spread] p1b\n|-miss|p2a: Charizard|p1a: Tyranitar\n|-damage|p1b: Gengar|54/100\n|move|p2b: Venusaur|Earth Power|p1b: Gengar\n|-supereffective|p1b: Gengar|1\n|-damage|p1b: Gengar|0 fnt\n|faint|p1b: Gengar\n|\n|-weather|Sandstorm|[upkeep]\n|-damage|p2a: Charizard|95/100|[from] Sandstorm\n|-damage|p2b: Venusaur|95/100|[from] Sandstorm\n|-start|p2a: Charizard|perish3\n|-start|p2b: Venusaur|perish3\n|-start|p1a: Tyranitar|perish3\n|upkeep\n|\n|t:|1776024758\n|switch|p1b: Incineroar|Incineroar, L50, M|54/100 slp\n|-ability|p1b: Incineroar|Intimidate|boost\n|-unboost|p2a: Charizard|atk|1\n|-unboost|p2b: Venusaur|atk|1\n|turn|6\n|\n|t:|1776024782\n|move|p1a: Tyranitar|Protect|p1a: Tyranitar\n|-singleturn|p1a: Tyranitar|Protect\n|cant|p1b: Incineroar|slp\n|move|p2a: Charizard|Dragon Pulse|p1a: Tyranitar\n|-activate|p1a: Tyranitar|move: Protect\n|move|p2b: Venusaur|Earth Power|p1b: Incineroar\n|-supereffective|p1b: Incineroar|1\n|-damage|p1b: Incineroar|11/100 slp\n|-enditem|p1b: Incineroar|Sitrus Berry|[eat]\n|-heal|p1b: Incineroar|36/100 slp|[from] item: Sitrus Berry\n|\n|-weather|Sandstorm|[upkeep]\n|-damage|p2a: Charizard|89/100|[from] Sandstorm\n|-damage|p2b: Venusaur|89/100|[from] Sandstorm\n|-damage|p1b: Incineroar|29/100 slp|[from] Sandstorm\n|-start|p2a: Charizard|perish2\n|-start|p2b: Venusaur|perish2\n|-start|p1a: Tyranitar|perish2\n|upkeep\n|turn|7\n|\n|t:|1776024795\n|-curestatus|p1b: Incineroar|slp|[msg]\n|move|p1b: Incineroar|Protect|p1b: Incineroar\n|-singleturn|p1b: Incineroar|Protect\n|move|p2a: Charizard|Dragon Pulse|p1a: Tyranitar\n|-damage|p1a: Tyranitar|71/100\n|move|p2b: Venusaur|Earth Power|p1a: Tyranitar\n|-supereffective|p1a: Tyranitar|1\n|-damage|p1a: Tyranitar|36/100\n|move|p1a: Tyranitar|Rock Slide|p2b: Venusaur|[spread] p2a,p2b\n|-supereffective|p2a: Charizard|2\n|-damage|p2a: Charizard|0 fnt\n|-damage|p2b: Venusaur|48/100\n|faint|p2a: Charizard\n|\n|-weather|Sandstorm|[upkeep]\n|-damage|p2b: Venusaur|42/100|[from] Sandstorm\n|-damage|p1b: Incineroar|23/100|[from] Sandstorm\n|-start|p2b: Venusaur|perish1\n|-start|p1a: Tyranitar|perish1\n|upkeep\n|turn|8\n|\n|t:|1776024804\n|move|p1b: Incineroar|Protect|p1b: Incineroar\n|-singleturn|p1b: Incineroar|Protect\n|move|p1a: Tyranitar|Protect|p1a: Tyranitar\n|-singleturn|p1a: Tyranitar|Protect\n|move|p2b: Venusaur|Earth Power|p1b: Incineroar\n|-activate|p1b: Incineroar|move: Protect\n|\n|-weather|Sandstorm|[upkeep]\n|-damage|p2b: Venusaur|37/100|[from] Sandstorm\n|-damage|p1b: Incineroar|17/100|[from] Sandstorm\n|-start|p2b: Venusaur|perish0\n|-start|p1a: Tyranitar|perish0\n|faint|p2b: Venusaur\n|faint|p1a: Tyranitar\n|\n|win|Missed Ledgedash\n|raw|Missed Ledgedash's rating: 1161 &rarr; <strong>1179</strong><br />(+18 for winning)\n|raw|yeetyolk07's rating: 1068 &rarr; <strong>1053</strong><br />(-15 for losing)\n",
  "uploadtime": 1776024805,
  "views": 13,
  "formatid": "gen9championsvgc2026regma",
  "rating": 1053,
  "private": 0,
  "password": null
}