{
  "id": "gen9championsvgc2026regma-2585471822",
  "format": "[Gen 9 Champions] VGC 2026 Reg M-A",
  "players": [
    "rytjbjtes",
    "Law_NBD"
  ],
  "log": "|j|\u2606rytjbjtes\n|j|\u2606Law_NBD\n|t:|1776349532\n|gametype|doubles\n|player|p1|rytjbjtes|sage|1184\n|player|p2|Law_NBD|1|1107\n|gen|9\n|tier|[Gen 9 Champions] VGC 2026 Reg M-A\n|rated|\n|rule|Species Clause: Limit one of each Pok\u00e9mon\n|rule|Item Clause: Limit 1 of each item\n|clearpoke\n|poke|p1|Gengar, L50, M|\n|poke|p1|Incineroar, L50, M|\n|poke|p1|Clefable, L50, M|\n|poke|p1|Sinistcha, L50|\n|poke|p1|Meowscarada, L50, M|\n|poke|p1|Goodra, L50, M|\n|poke|p2|Scovillain, L50, M|\n|poke|p2|Milotic, L50, F|\n|poke|p2|Espathra, L50, M|\n|poke|p2|Sinistcha, L50|\n|poke|p2|Incineroar, L50, F|\n|poke|p2|Clefable, L50, M|\n|teampreview|4\n|inactive|Battle timer is ON: inactive players will automatically lose when time's up. (requested by Law_NBD)\n|\n|t:|1776349570\n|teamsize|p1|4\n|teamsize|p2|4\n|start\n|switch|p1a: Sinistcha|Sinistcha, L50|100/100\n|switch|p1b: Gengar|Gengar, L50, M|100/100\n|switch|p2a: Espathra|Espathra, L50, M|100/100\n|switch|p2b: Incineroar|Incineroar, L50, F|100/100\n|-ability|p2b: Incineroar|Intimidate|boost\n|-unboost|p1a: Sinistcha|atk|1\n|-unboost|p1b: Gengar|atk|1\n|turn|1\n|\n|t:|1776349581\n|detailschange|p1b: Gengar|Gengar-Mega, L50, M\n|-mega|p1b: Gengar|Gengar|Gengarite\n|move|p2a: Espathra|Protect|p2a: Espathra\n|-singleturn|p2a: Espathra|Protect\n|move|p1a: Sinistcha|Rage Powder|p1a: Sinistcha\n|-singleturn|p1a: Sinistcha|move: Rage Powder\n|move|p1b: Gengar|Perish Song|p1b: Gengar\n|-start|p1a: Sinistcha|perish3|[silent]\n|-start|p1b: Gengar|perish3|[silent]\n|-start|p2a: Espathra|perish3|[silent]\n|-start|p2b: Incineroar|perish3|[silent]\n|-fieldactivate|move: Perish Song\n|move|p2b: Incineroar|Parting Shot|p1a: Sinistcha\n|-unboost|p1a: Sinistcha|atk|1\n|-unboost|p1a: Sinistcha|spa|1\n|\n|t:|1776349594\n|switch|p2b: Sinistcha|Sinistcha, L50|100/100|[from] Parting Shot\n|\n|-start|p1b: Gengar|perish3\n|-start|p2a: Espathra|perish3\n|-start|p1a: Sinistcha|perish3\n|-ability|p2a: Espathra|Speed Boost|boost\n|-boost|p2a: Espathra|spe|1\n|upkeep\n|turn|2\n|\n|t:|1776349611\n|move|p1a: Sinistcha|Rage Powder|p1a: Sinistcha\n|-singleturn|p1a: Sinistcha|move: Rage Powder\n|move|p1b: Gengar|Shadow Ball|p2a: Espathra\n|-supereffective|p2a: Espathra|1\n|-damage|p2a: Espathra|2/100\n|move|p2a: Espathra|Lumina Crash|p1a: Sinistcha\n|-damage|p1a: Sinistcha|70/100\n|-unboost|p1a: Sinistcha|spd|2\n|move|p2b: Sinistcha|Hex|p1a: Sinistcha\n|-supereffective|p1a: Sinistcha|1\n|-damage|p1a: Sinistcha|0 fnt\n|faint|p1a: Sinistcha\n|\n|-start|p1b: Gengar|perish2\n|-start|p2a: Espathra|perish2\n|-ability|p2a: Espathra|Speed Boost|boost\n|-boost|p2a: Espathra|spe|1\n|upkeep\n|\n|t:|1776349626\n|switch|p1a: Incineroar|Incineroar, L50, M|100/100\n|-ability|p1a: Incineroar|Intimidate|boost\n|-unboost|p2a: Espathra|atk|1\n|-unboost|p2b: Sinistcha|atk|1\n|turn|3\n|\n|t:|1776349642\n|move|p1a: Incineroar|Fake Out|p2a: Espathra\n|-damage|p2a: Espathra|0 fnt\n|faint|p2a: Espathra\n|move|p1b: Gengar|Shadow Ball|p2b: Sinistcha\n|-supereffective|p2b: Sinistcha|1\n|-enditem|p2b: Sinistcha|Focus Sash\n|-damage|p2b: Sinistcha|1/100\n|-unboost|p2b: Sinistcha|spd|1\n|move|p2b: Sinistcha|Hex|p1b: Gengar\n|-supereffective|p1b: Gengar|1\n|-crit|p1b: Gengar\n|-damage|p1b: Gengar|0 fnt\n|faint|p1b: Gengar\n|\n|upkeep\n|\n|t:|1776349657\n|switch|p1b: Meowscarada|Meowscarada, L50, M|100/100\n|switch|p2a: Incineroar|Incineroar, L50, F|100/100\n|-ability|p2a: Incineroar|Intimidate|boost\n|-unboost|p1a: Incineroar|atk|1\n|-unboost|p1b: Meowscarada|atk|1\n|turn|4\n|\n|t:|1776349675\n|move|p2a: Incineroar|Fake Out|p1b: Meowscarada\n|-damage|p1b: Meowscarada|82/100\n|cant|p1b: Meowscarada|flinch\n|move|p2b: Sinistcha|Matcha Gotcha|p1b: Meowscarada|[spread] p1a,p1b\n|-resisted|p1a: Incineroar|1\n|-resisted|p1b: Meowscarada|1\n|-damage|p1a: Incineroar|88/100\n|-heal|p2b: Sinistcha|8/100|[from] drain|[of] p1a: Incineroar\n|-damage|p1b: Meowscarada|62/100\n|-heal|p2b: Sinistcha|18/100|[from] drain|[of] p1b: Meowscarada\n|move|p1a: Incineroar|Flare Blitz|p2a: Incineroar\n|-resisted|p2a: Incineroar|1\n|-damage|p2a: Incineroar|84/100\n|-damage|p1a: Incineroar|82/100|[from] Recoil\n|\n|upkeep\n|turn|5\n|\n|t:|1776349695\n|move|p2b: Sinistcha|Protect|p2b: Sinistcha\n|-singleturn|p2b: Sinistcha|Protect\n|move|p1b: Meowscarada|Low Kick|p2a: Incineroar\n|-start|p1b: Meowscarada|typechange|Fighting|[from] ability: Protean\n|-supereffective|p2a: Incineroar|1\n|-damage|p2a: Incineroar|36/100\n|-enditem|p2a: Incineroar|Sitrus Berry|[eat]\n|-heal|p2a: Incineroar|60/100|[from] item: Sitrus Berry\n|move|p2a: Incineroar|Flare Blitz|p1b: Meowscarada\n|-crit|p1b: Meowscarada\n|-damage|p1b: Meowscarada|0 fnt\n|faint|p1b: Meowscarada\n|-damage|p2a: Incineroar|43/100|[from] Recoil\n|move|p1a: Incineroar|Flare Blitz|p2b: Sinistcha\n|-activate|p2b: Sinistcha|move: Protect\n|\n|upkeep\n|turn|6\n|-message|rytjbjtes forfeited.\n|\n|win|Law_NBD\n|raw|rytjbjtes's rating: 1184 &rarr; <strong>1154</strong><br />(-30 for losing)\n|raw|Law_NBD's rating: 1107 &rarr; <strong>1137</strong><br />(+30 for winning)\n|l|\u2606rytjbjtes\n|player|p1|\n",
  "uploadtime": 1776349716,
  "views": 31,
  "formatid": "gen9championsvgc2026regma",
  "rating": 1137,
  "private": 0,
  "password": null
}