{
  "id": "gen9championsvgc2026regma-2582299678",
  "format": "[Gen 9 Champions] VGC 2026 Reg M-A",
  "players": [
    "D3XT3R08",
    "XploraVGC"
  ],
  "log": "|j|\u2606D3XT3R08\n|j|\u2606XploraVGC\n|t:|1776081161\n|gametype|doubles\n|player|p1|D3XT3R08|brock|1000\n|player|p2|XploraVGC|102|1000\n|gen|9\n|tier|[Gen 9 Champions] VGC 2026 Reg M-A\n|rated|\n|rule|Species Clause: Limit one of each Pok\u00e9mon\n|rule|Item Clause: Limit 1 of each item\n|clearpoke\n|poke|p1|Raichu, L50, F|\n|poke|p1|Aerodactyl, L50, M|\n|poke|p1|Garchomp, L50, F|\n|poke|p1|Delphox, L50, M|\n|poke|p1|Aegislash, L50, M|\n|poke|p1|Alakazam, L50, F|\n|poke|p2|Charizard, L50, M|\n|poke|p2|Incineroar, L50, F|\n|poke|p2|Garchomp, L50, M|\n|poke|p2|Venusaur, L50, M|\n|poke|p2|Basculegion, L50, M|\n|poke|p2|Sneasler, L50, F|\n|teampreview|4\n|inactive|Battle timer is ON: inactive players will automatically lose when time's up. (requested by D3XT3R08)\n|\n|t:|1776081208\n|teamsize|p1|4\n|teamsize|p2|4\n|start\n|switch|p1a: Aerodactyl|Aerodactyl, L50, M|100/100\n|switch|p1b: Raichu|Raichu, L50, F|100/100\n|switch|p2a: Basculegion|Basculegion, L50, M|100/100\n|switch|p2b: Incineroar|Incineroar, L50, F|100/100\n|-ability|p1a: Aerodactyl|Unnerve\n|-ability|p2b: Incineroar|Intimidate|boost\n|-unboost|p1a: Aerodactyl|atk|1\n|-unboost|p1b: Raichu|atk|1\n|turn|1\n|\n|t:|1776081231\n|move|p1b: Raichu|Fake Out|p2b: Incineroar\n|-damage|p2b: Incineroar|96/100\n|cant|p2b: Incineroar|flinch\n|move|p2a: Basculegion|Flip Turn|p1a: Aerodactyl\n|-supereffective|p1a: Aerodactyl|1\n|-enditem|p1a: Aerodactyl|Focus Sash\n|-damage|p1a: Aerodactyl|1/100\n|\n|t:|1776081243\n|switch|p2a: Venusaur|Venusaur, L50, M|100/100|[from] Flip Turn\n|move|p1a: Aerodactyl|Tailwind|p1a: Aerodactyl\n|-sidestart|p1: D3XT3R08|move: Tailwind\n|\n|upkeep\n|turn|2\n|inactive|D3XT3R08 has 30 seconds left.\n|\n|t:|1776081273\n|move|p1a: Aerodactyl|Dual Wingbeat|p2a: Venusaur\n|-supereffective|p2a: Venusaur|1\n|-damage|p2a: Venusaur|69/100\n|-supereffective|p2a: Venusaur|1\n|-damage|p2a: Venusaur|37/100\n|-hitcount|p2a: Venusaur|2\n|move|p1b: Raichu|Surf|p2b: Incineroar|[spread] p1a,p2a,p2b\n|-supereffective|p1a: Aerodactyl|1\n|-resisted|p2a: Venusaur|1\n|-supereffective|p2b: Incineroar|1\n|-damage|p1a: Aerodactyl|0 fnt\n|-damage|p2a: Venusaur|27/100\n|-damage|p2b: Incineroar|66/100\n|faint|p1a: Aerodactyl\n|move|p2a: Venusaur|Energy Ball|p1b: Raichu\n|-damage|p1b: Raichu|34/100\n|move|p2b: Incineroar|Parting Shot|p1b: Raichu\n|-unboost|p1b: Raichu|atk|1\n|-unboost|p1b: Raichu|spa|1\n|\n|t:|1776081289\n|switch|p2b: Charizard|Charizard, L50, M|100/100|[from] Parting Shot\n|\n|upkeep\n|\n|t:|1776081309\n|switch|p1a: Garchomp|Garchomp, L50, F|100/100\n|turn|3\n|inactive|XploraVGC has 30 seconds left.\n|\n|t:|1776081338\n|switch|p1b: Alakazam|Alakazam, L50, F|100/100\n|detailschange|p2b: Charizard|Charizard-Mega-Y, L50, M\n|-mega|p2b: Charizard|Charizard|Charizardite Y\n|-weather|SunnyDay|[from] ability: Drought|[of] p2b: Charizard\n|move|p1a: Garchomp|Rock Slide|p2b: Charizard|[spread] p2a\n|-miss|p1a: Garchomp|p2b: Charizard\n|-damage|p2a: Venusaur|2/100\n|move|p2a: Venusaur|Energy Ball|p1a: Garchomp\n|-damage|p1a: Garchomp|55/100\n|move|p2b: Charizard|Heat Wave|p1b: Alakazam|[spread] p1a,p1b\n|-resisted|p1a: Garchomp|1\n|-damage|p1a: Garchomp|19/100\n|-damage|p1b: Alakazam|9/100\n|\n|-weather|SunnyDay|[upkeep]\n|upkeep\n|turn|4\n|inactive|D3XT3R08 has 30 seconds left.\n|inactive|XploraVGC has 30 seconds left.\n|inactive|D3XT3R08 has 20 seconds left.\n|inactive|D3XT3R08 has 15 seconds left.\n|\n|t:|1776081379\n|move|p2b: Charizard|Protect|p2b: Charizard\n|-singleturn|p2b: Charizard|Protect\n|move|p1a: Garchomp|Rock Slide|p2a: Venusaur|[spread] \n|-activate|p2b: Charizard|move: Protect\n|-miss|p1a: Garchomp|p2a: Venusaur\n|move|p1b: Alakazam|Dazzling Gleam|p2b: Charizard|[spread] p2a\n|-activate|p2b: Charizard|move: Protect\n|-resisted|p2a: Venusaur|1\n|-crit|p2a: Venusaur\n|-damage|p2a: Venusaur|0 fnt\n|faint|p2a: Venusaur\n|\n|-weather|SunnyDay|[upkeep]\n|-sideend|p1: D3XT3R08|move: Tailwind\n|upkeep\n|\n|t:|1776081393\n|switch|p2a: Basculegion|Basculegion, L50, M|100/100\n|turn|5\n|inactive|XploraVGC has 30 seconds left.\n|\n|t:|1776081421\n|detailschange|p1b: Alakazam|Alakazam-Mega, L50, F\n|-mega|p1b: Alakazam|Alakazam|Alakazite\n|-ability|p1b: Alakazam|Drought|Trace|[from] ability: Trace|[of] p2b: Charizard\n|move|p1a: Garchomp|Rock Slide|p2b: Charizard|[spread] p2a,p2b\n|-supereffective|p2b: Charizard|2\n|-damage|p2a: Basculegion|76/100\n|-damage|p2b: Charizard|5/100\n|move|p1b: Alakazam|Psychic|p2a: Basculegion\n|-damage|p2a: Basculegion|12/100\n|cant|p2a: Basculegion|flinch\n|move|p2b: Charizard|Weather Ball|p1b: Alakazam\n|-damage|p1b: Alakazam|0 fnt\n|faint|p1b: Alakazam\n|\n|-weather|SunnyDay|[upkeep]\n|upkeep\n|\n|t:|1776081437\n|switch|p1b: Raichu|Raichu, L50, F|34/100\n|turn|6\n|inactive|XploraVGC has 30 seconds left.\n|\n|t:|1776081464\n|switch|p2a: Incineroar|Incineroar, L50, F|66/100\n|-ability|p2a: Incineroar|Intimidate|boost\n|-unboost|p1a: Garchomp|atk|1\n|-unboost|p1b: Raichu|atk|1\n|move|p1b: Raichu|Fake Out|p2b: Charizard\n|-crit|p2b: Charizard\n|-damage|p2b: Charizard|0 fnt\n|faint|p2b: Charizard\n|move|p1a: Garchomp|Rock Slide|p2a: Incineroar\n|-supereffective|p2a: Incineroar|1\n|-damage|p2a: Incineroar|32/100\n|-enditem|p2a: Incineroar|Sitrus Berry|[eat]\n|-heal|p2a: Incineroar|57/100|[from] item: Sitrus Berry\n|\n|-weather|SunnyDay|[upkeep]\n|upkeep\n|\n|t:|1776081477\n|switch|p2b: Basculegion|Basculegion, L50, M|12/100\n|turn|7\n|\n|t:|1776081497\n|move|p2a: Incineroar|Fake Out|p1a: Garchomp\n|-damage|p1a: Garchomp|6/100\n|-damage|p2a: Incineroar|45/100|[from] ability: Rough Skin|[of] p1a: Garchomp\n|cant|p1a: Garchomp|flinch\n|move|p2b: Basculegion|Last Respects|p1a: Garchomp\n|-crit|p1a: Garchomp\n|-damage|p1a: Garchomp|0 fnt\n|faint|p1a: Garchomp\n|move|p1b: Raichu|Thunderbolt|p2a: Incineroar\n|-damage|p2a: Incineroar|13/100\n|\n|-weather|none\n|upkeep\n|turn|8\n|\n|t:|1776081512\n|move|p2b: Basculegion|Last Respects|p1b: Raichu\n|-damage|p1b: Raichu|0 fnt\n|faint|p1b: Raichu\n|\n|win|XploraVGC\n|raw|D3XT3R08's rating: 1000 &rarr; <strong>1000</strong><br />(+0 for losing)\n|raw|XploraVGC's rating: 1000 &rarr; <strong>1040</strong><br />(+40 for winning)\n",
  "uploadtime": 1776081512,
  "views": 11,
  "formatid": "gen9championsvgc2026regma",
  "rating": 1000,
  "private": 0,
  "password": null
}