{
  "id": "gen9championsvgc2026regma-2588711335",
  "format": "[Gen 9 Champions] VGC 2026 Reg M-A",
  "players": [
    "strongbuns",
    "nmq0901"
  ],
  "log": "|j|\u2606strongbuns\n|j|\u2606nmq0901\n|t:|1776660659\n|gametype|doubles\n|player|p1|strongbuns|plasmagrunt-gen5bw|1047\n|player|p2|nmq0901|102|1075\n|gen|9\n|tier|[Gen 9 Champions] VGC 2026 Reg M-A\n|rated|\n|rule|Species Clause: Limit one of each Pok\u00e9mon\n|rule|Item Clause: Limit 1 of each item\n|clearpoke\n|poke|p1|Maushold, L50|\n|poke|p1|Gardevoir, L50, F, shiny|\n|poke|p1|Basculegion, L50, M|\n|poke|p1|Klefki, L50, F|\n|poke|p1|Dragonite, L50, M, shiny|\n|poke|p1|Typhlosion-Hisui, L50, F|\n|poke|p2|Feraligatr, L50, M|\n|poke|p2|Aggron, L50, F|\n|poke|p2|Alakazam, L50, F|\n|poke|p2|Whimsicott, L50, M|\n|poke|p2|Pelipper, L50, M|\n|poke|p2|Tyranitar, L50, F|\n|teampreview|4\n|j| lickable\n|\n|t:|1776660694\n|teamsize|p1|4\n|teamsize|p2|4\n|start\n|switch|p1a: Klefki|Klefki, L50, F|100/100\n|switch|p1b: Dragonite|Dragonite, L50, M, shiny|100/100\n|switch|p2a: Aggron|Aggron, L50, F|100/100\n|switch|p2b: Whimsicott|Whimsicott, L50, M|100/100\n|turn|1\n|\n|t:|1776660724\n|detailschange|p1b: Dragonite|Dragonite-Mega, L50, M, shiny\n|-mega|p1b: Dragonite|Dragonite|Dragoninite\n|detailschange|p2a: Aggron|Aggron-Mega, L50, F\n|-mega|p2a: Aggron|Aggron|Aggronite\n|move|p2b: Whimsicott|Light Screen|p2b: Whimsicott\n|-sidestart|p2: nmq0901|move: Light Screen\n|move|p1a: Klefki|Rain Dance|p1a: Klefki\n|-weather|RainDance\n|move|p1b: Dragonite|Hurricane|p2b: Whimsicott\n|-supereffective|p2b: Whimsicott|1\n|-damage|p2b: Whimsicott|0 fnt\n|faint|p2b: Whimsicott\n|move|p2a: Aggron|Iron Defense|p2a: Aggron\n|-boost|p2a: Aggron|def|2\n|\n|-weather|RainDance|[upkeep]\n|upkeep\n|\n|t:|1776660744\n|switch|p2b: Tyranitar|Tyranitar, L50, F|100/100\n|-weather|Sandstorm|[from] ability: Sand Stream|[of] p2b: Tyranitar\n|turn|2\n|\n|t:|1776660773\n|move|p1a: Klefki|Reflect|p1a: Klefki\n|-sidestart|p1: strongbuns|Reflect\n|move|p1b: Dragonite|Thunder|p2a: Aggron\n|-damage|p2a: Aggron|73/100\n|-status|p2a: Aggron|par\n|move|p2b: Tyranitar|Rock Slide|p1b: Dragonite|[spread] p1a,p1b\n|-resisted|p1a: Klefki|1\n|-supereffective|p1b: Dragonite|1\n|-damage|p1a: Klefki|89/100\n|-damage|p1b: Dragonite|79/100\n|move|p2a: Aggron|Iron Defense|p2a: Aggron\n|-boost|p2a: Aggron|def|2\n|\n|-weather|Sandstorm|[upkeep]\n|-damage|p1b: Dragonite|73/100|[from] Sandstorm\n|upkeep\n|turn|3\n|\n|t:|1776660803\n|switch|p1b: Basculegion|Basculegion, L50, M|100/100\n|switch|p2b: Alakazam|Alakazam, L50, F|100/100\n|move|p1a: Klefki|Rain Dance|p1a: Klefki\n|-weather|RainDance\n|move|p2a: Aggron|Body Press|p1a: Klefki\n|-damage|p1a: Klefki|3/100\n|\n|-weather|RainDance|[upkeep]\n|upkeep\n|turn|4\n|\n|t:|1776660832\n|move|p1a: Klefki|Light Screen|p1a: Klefki\n|-sidestart|p1: strongbuns|move: Light Screen\n|move|p1b: Basculegion|Wave Crash|p2b: Alakazam\n|-enditem|p2b: Alakazam|Focus Sash\n|-damage|p2b: Alakazam|1/100\n|-damage|p1b: Basculegion|78/100|[from] Recoil\n|move|p2a: Aggron|Body Press|p1a: Klefki\n|-damage|p1a: Klefki|0 fnt\n|faint|p1a: Klefki\n|move|p2b: Alakazam|Trick Room|p2b: Alakazam\n|-fieldstart|move: Trick Room|[of] p2b: Alakazam\n|\n|-weather|RainDance|[upkeep]\n|upkeep\n|\n|t:|1776660849\n|switch|p1a: Dragonite|Dragonite-Mega, L50, M, shiny|73/100\n|turn|5\n|\n|t:|1776660869\n|switch|p2b: Tyranitar|Tyranitar, L50, F|100/100\n|-weather|Sandstorm|[from] ability: Sand Stream|[of] p2b: Tyranitar\n|move|p2a: Aggron|Body Press|p1a: Dragonite\n|-resisted|p1a: Dragonite|1\n|-damage|p1a: Dragonite|32/100\n|move|p1b: Basculegion|Flip Turn|p2b: Tyranitar\n|-supereffective|p2b: Tyranitar|1\n|-damage|p2b: Tyranitar|44/100\n|\n|t:|1776660878\n|switch|p1b: Maushold|Maushold, L50|100/100|[from] Flip Turn\n|move|p1a: Dragonite|Thunder|p2a: Aggron\n|-damage|p2a: Aggron|42/100 par\n|\n|-weather|Sandstorm|[upkeep]\n|-damage|p1b: Maushold|95/100|[from] Sandstorm\n|-damage|p1a: Dragonite|26/100|[from] Sandstorm\n|-sideend|p2: nmq0901|move: Light Screen\n|upkeep\n|turn|6\n|\n|t:|1776660911\n|move|p1a: Dragonite|Protect|p1a: Dragonite\n|-singleturn|p1a: Dragonite|Protect\n|move|p2a: Aggron|Body Press|p1b: Maushold\n|-supereffective|p1b: Maushold|1\n|-damage|p1b: Maushold|0 fnt\n|faint|p1b: Maushold\n|move|p2b: Tyranitar|Rock Slide|p1a: Dragonite\n|-activate|p1a: Dragonite|move: Protect\n|\n|-weather|Sandstorm|[upkeep]\n|-damage|p1a: Dragonite|20/100|[from] Sandstorm\n|-sideend|p1: strongbuns|Reflect\n|upkeep\n|\n|t:|1776660921\n|switch|p1b: Basculegion|Basculegion, L50, M|78/100\n|turn|7\n|\n|t:|1776660941\n|move|p2a: Aggron|Body Press|p1a: Dragonite\n|-resisted|p1a: Dragonite|1\n|-damage|p1a: Dragonite|0 fnt\n|faint|p1a: Dragonite\n|move|p2b: Tyranitar|Crunch|p1b: Basculegion\n|-supereffective|p1b: Basculegion|1\n|-damage|p1b: Basculegion|0 fnt\n|faint|p1b: Basculegion\n|\n|win|nmq0901\n|raw|strongbuns's rating: 1047 &rarr; <strong>1031</strong><br />(-16 for losing)\n|raw|nmq0901's rating: 1075 &rarr; <strong>1101</strong><br />(+26 for winning)\n|l|\u2606strongbuns\n|player|p1|\n",
  "uploadtime": 1776660952,
  "views": 8,
  "formatid": "gen9championsvgc2026regma",
  "rating": 1031,
  "private": 0,
  "password": null
}