{
  "id": "gen9championsvgc2026regma-2581495408",
  "format": "[Gen 9 Champions] VGC 2026 Reg M-A",
  "players": [
    "Ron333",
    "Pegassin"
  ],
  "log": "|j|\u203dRon333\n|j|\u203dPegassin\n|t:|1776005708\n|gametype|doubles\n|player|p1|Ron333|1|1020\n|player|p2|Pegassin|170|1112\n|gen|9\n|tier|[Gen 9 Champions] VGC 2026 Reg M-A\n|rated|\n|rule|Species Clause: Limit one of each Pok\u00e9mon\n|rule|Item Clause: Limit 1 of each item\n|clearpoke\n|poke|p1|Charizard, L50, M|\n|poke|p1|Whimsicott, L50, F|\n|poke|p1|Archaludon, L50, M|\n|poke|p1|Sneasler, L50, M|\n|poke|p1|Sinistcha, L50|\n|poke|p1|Armarouge, L50, F|\n|poke|p2|Pelipper, L50, M|\n|poke|p2|Dragonite, L50, F|\n|poke|p2|Archaludon, L50, F|\n|poke|p2|Sneasler, L50, F|\n|poke|p2|Basculegion, L50, M|\n|poke|p2|Glimmora, L50, M|\n|teampreview|4\nPegassin rejected open team sheets.\n|inactive|Battle timer is ON: inactive players will automatically lose when time's up. (requested by Pegassin)\n|\n|t:|1776005732\n|teamsize|p1|4\n|teamsize|p2|4\n|start\n|switch|p1a: Whimsicott|Whimsicott, L50, F|100/100\n|switch|p1b: Sneasler|Sneasler, L50, M|100/100\n|switch|p2a: Pelipper|Pelipper, L50, M|100/100\n|switch|p2b: Archaludon|Archaludon, L50, F|100/100\n|-ability|p1b: Sneasler|Pressure\n|-weather|RainDance|[from] ability: Drizzle|[of] p2a: Pelipper\n|turn|1\n|inactive|Pegassin has 30 seconds left.\n|\n|t:|1776005759\n|move|p1b: Sneasler|Fake Out|p2a: Pelipper\n|-damage|p2a: Pelipper|80/100\n|move|p1a: Whimsicott|Tailwind|p1a: Whimsicott\n|-sidestart|p1: Ron333|move: Tailwind\n|cant|p2a: Pelipper|flinch\n|move|p2b: Archaludon|Electro Shot||[still]\n|-prepare|p2b: Archaludon|Electro Shot\n|-boost|p2b: Archaludon|spa|1\n|-anim|p2b: Archaludon|Electro Shot|p1b: Sneasler\n|-damage|p1b: Sneasler|9/100\n|\n|-weather|RainDance|[upkeep]\n|upkeep\n|turn|2\n|inactive|Ron333 has 30 seconds left.\n|inactive|Pegassin has 30 seconds left.\n|\n|t:|1776005792\n|move|p2b: Archaludon|Protect|p2b: Archaludon\n|-singleturn|p2b: Archaludon|Protect\n|move|p1b: Sneasler|Close Combat|p2b: Archaludon\n|-activate|p2b: Archaludon|move: Protect\n|move|p1a: Whimsicott|Moonblast|p2b: Archaludon\n|-activate|p2b: Archaludon|move: Protect\n|move|p2a: Pelipper|Muddy Water|p1a: Whimsicott|[spread] p1a,p1b\n|-resisted|p1a: Whimsicott|1\n|-damage|p1a: Whimsicott|63/100\n|-damage|p1b: Sneasler|0 fnt\n|-unboost|p1a: Whimsicott|accuracy|1\n|faint|p1b: Sneasler\n|\n|-weather|RainDance|[upkeep]\n|upkeep\n|\n|t:|1776005797\n|switch|p1b: Archaludon|Archaludon, L50, M|100/100\n|turn|3\n|inactive|Pegassin has 30 seconds left.\n|\n|t:|1776005825\n|move|p1a: Whimsicott|Endeavor|p2b: Archaludon\n|-damage|p2b: Archaludon|52/100\n|-ability|p2b: Archaludon|Stamina|boost\n|-boost|p2b: Archaludon|def|1\n|move|p1b: Archaludon|Aura Sphere|p2b: Archaludon\n|-supereffective|p2b: Archaludon|1\n|-damage|p2b: Archaludon|0 fnt\n|faint|p2b: Archaludon\n|move|p2a: Pelipper|Muddy Water|p1b: Archaludon|[spread] p1a,p1b\n|-resisted|p1a: Whimsicott|1\n|-crit|p1a: Whimsicott\n|-resisted|p1b: Archaludon|1\n|-damage|p1a: Whimsicott|4/100\n|-damage|p1b: Archaludon|82/100\n|-unboost|p1a: Whimsicott|accuracy|1\n|-ability|p1b: Archaludon|Stamina|boost\n|-boost|p1b: Archaludon|def|1\n|\n|-weather|RainDance|[upkeep]\n|-heal|p1b: Archaludon|88/100|[from] item: Leftovers\n|upkeep\n|\n|t:|1776005836\n|switch|p2b: Basculegion|Basculegion, L50, M, shiny|100/100\n|turn|4\n|\n|t:|1776005857\n|switch|p2b: Dragonite|Dragonite, L50, F, shiny|100/100\n|move|p1a: Whimsicott|Endeavor|p2a: Pelipper\n|-damage|p2a: Pelipper|4/100\n|move|p1b: Archaludon|Thunderbolt|p2a: Pelipper\n|-supereffective|p2a: Pelipper|2\n|-damage|p2a: Pelipper|0 fnt\n|faint|p2a: Pelipper\n|\n|-weather|RainDance|[upkeep]\n|-heal|p1b: Archaludon|94/100|[from] item: Leftovers\n|-sideend|p1: Ron333|move: Tailwind\n|upkeep\n|\n|t:|1776005866\n|switch|p2a: Basculegion|Basculegion, L50, M, shiny|100/100\n|turn|5\n|inactive|Pegassin has 30 seconds left.\n|inactive|Pegassin has 20 seconds left.\n|inactive|Pegassin has 15 seconds left.\n|inactive|Pegassin has 10 seconds left.\n|\n|t:|1776005914\n|detailschange|p2b: Dragonite|Dragonite-Mega, L50, F, shiny\n|-mega|p2b: Dragonite|Dragonite|Dragoninite\n|move|p2a: Basculegion|Last Respects|p1b: Archaludon\n|-damage|p1b: Archaludon|63/100\n|-ability|p1b: Archaludon|Stamina|boost\n|-boost|p1b: Archaludon|def|1\n|move|p1a: Whimsicott|Endeavor|p2b: Dragonite\n|-damage|p2b: Dragonite|3/100\n|move|p2b: Dragonite|Draco Meteor|p1b: Archaludon|[miss]\n|-miss|p2b: Dragonite|p1b: Archaludon\n|move|p1b: Archaludon|Dragon Pulse|p2b: Dragonite\n|-supereffective|p2b: Dragonite|1\n|-damage|p2b: Dragonite|0 fnt\n|faint|p2b: Dragonite\n|\n|-weather|none\n|-heal|p1b: Archaludon|70/100|[from] item: Leftovers\n|upkeep\n|turn|6\n|inactive|Ron333 has 30 seconds left.\n|inactive|Pegassin has 30 seconds left.\n|\n|t:|1776005948\n|move|p2a: Basculegion|Aqua Jet|p1a: Whimsicott\n|-resisted|p1a: Whimsicott|1\n|-damage|p1a: Whimsicott|0 fnt\n|faint|p1a: Whimsicott\n|move|p1b: Archaludon|Thunderbolt|p2a: Basculegion\n|-supereffective|p2a: Basculegion|1\n|-damage|p2a: Basculegion|52/100\n|\n|-heal|p1b: Archaludon|76/100|[from] item: Leftovers\n|upkeep\n|\n|t:|1776005951\n|switch|p1a: Charizard|Charizard, L50, M|100/100\n|turn|7\n|\n|t:|1776005958\n|detailschange|p1a: Charizard|Charizard-Mega-Y, L50, M\n|-mega|p1a: Charizard|Charizard|Charizardite Y\n|-weather|SunnyDay|[from] ability: Drought|[of] p1a: Charizard\n|move|p1a: Charizard|Solar Beam||[still]\n|-prepare|p1a: Charizard|Solar Beam\n|-anim|p1a: Charizard|Solar Beam|p2a: Basculegion\n|-supereffective|p2a: Basculegion|1\n|-damage|p2a: Basculegion|0 fnt\n|faint|p2a: Basculegion\n|\n|win|Ron333\n|raw|Ron333's rating: 1020 &rarr; <strong>1067</strong><br />(+47 for winning)\n|raw|Pegassin's rating: 1112 &rarr; <strong>1081</strong><br />(-31 for losing)\n",
  "uploadtime": 1776005958,
  "views": 16,
  "formatid": "gen9championsvgc2026regma",
  "rating": 1067,
  "private": 0,
  "password": null
}