{
  "id": "gen9championsvgc2026regma-2589474745",
  "format": "[Gen 9 Champions] VGC 2026 Reg M-A",
  "players": [
    "MimikyuBot",
    "spunky057"
  ],
  "log": "|j|\u2606MimikyuBot\n|j|\u2606spunky057\n|t:|1776726246\n|gametype|doubles\n|player|p1|MimikyuBot|266|1000\n|player|p2|spunky057|lucas|1000\n|gen|9\n|tier|[Gen 9 Champions] VGC 2026 Reg M-A\n|rated|\n|rule|Species Clause: Limit one of each Pok\u00e9mon\n|rule|Item Clause: Limit 1 of each item\n|clearpoke\n|poke|p1|Aegislash, L50, M, shiny|\n|poke|p1|Whimsicott, L50, F, shiny|\n|poke|p1|Gallade, L50, M, shiny|\n|poke|p1|Incineroar, L50, M, shiny|\n|poke|p1|Clefable, L50, F, shiny|\n|poke|p1|Milotic, L50, M, shiny|\n|poke|p2|Aerodactyl, L50, M, shiny|\n|poke|p2|Gengar, L50, F, shiny|\n|poke|p2|Palafin, L50, M|\n|poke|p2|Archaludon, L50, M, shiny|\n|poke|p2|Maushold-Four, L50|\n|poke|p2|Politoed, L50, M|\n|teampreview|4\nMimikyuBot has agreed to open team sheets.\nspunky057 has agreed to open team sheets.\n|showteam|p1|Aegislash||SpellTag|StanceChange|IronHead,KingsShield,Poltergeist,ShadowSneak|||M|||50|]Whimsicott||FocusSash|Prankster|Tailwind,Moonblast,SunnyDay,Encore|||F|||50|]Gallade||Galladite|Sharpness|PsychoCut,SacredSword,TripleAxel,Protect|||M|||50|]Incineroar||Leftovers|Intimidate|FlareBlitz,PartingShot,Snarl,FakeOut|||M|||50|]Clefable||SitrusBerry|Unaware|FollowMe,Moonblast,Protect,HelpingHand|||F|||50|]Milotic||MysticWater|Competitive|Scald,IcyWind,IceBeam,Protect|||M|||50|\n|showteam|p2|Aerodactyl||FocusSash|Unnerve|RockSlide,Tailwind,WideGuard,DualWingbeat|||M|||50|]Gengar||Gengarite|CursedBody|ShadowBall,SludgeBomb,PerishSong,Protect|||F|||50|]Palafin||MysticWater|ZerotoHero|JetPunch,WaveCrash,FlipTurn,CloseCombat|||M|||50|]Archaludon||Leftovers|Stamina|ElectroShot,FlashCannon,DragonPulse,Protect|||M|||50|]Maushold-Four||QuickClaw|FriendGuard|FollowMe,SuperFang,Protect,ThunderWave||||||50|]Politoed||SitrusBerry|Drizzle|PerishSong,WeatherBall,Protect,IcyWind|||M|||50|\n|\n|t:|1776726306\n|teamsize|p1|4\n|teamsize|p2|4\n|start\n|switch|p1a: Whimsicott|Whimsicott, L50, F, shiny|100/100\n|switch|p1b: Gallade|Gallade, L50, M, shiny|100/100\n|switch|p2a: Politoed|Politoed, L50, M|100/100\n|switch|p2b: Gengar|Gengar, L50, F, shiny|100/100\n|-weather|RainDance|[from] ability: Drizzle|[of] p2a: Politoed\n|turn|1\n|inactive|Battle timer is ON: inactive players will automatically lose when time's up. (requested by MimikyuBot)\n|\n|t:|1776726322\n|detailschange|p2b: Gengar|Gengar-Mega, L50, F, shiny\n|-mega|p2b: Gengar|Gengar|Gengarite\n|detailschange|p1b: Gallade|Gallade-Mega, L50, M, shiny\n|-mega|p1b: Gallade|Gallade|Galladite\n|move|p2a: Politoed|Protect|p2a: Politoed\n|-singleturn|p2a: Politoed|Protect\n|move|p2b: Gengar|Perish Song|p2b: Gengar\n|-start|p1a: Whimsicott|perish3|[silent]\n|-start|p1b: Gallade|perish3|[silent]\n|-start|p2a: Politoed|perish3|[silent]\n|-start|p2b: Gengar|perish3|[silent]\n|-fieldactivate|move: Perish Song\n|move|p1a: Whimsicott|Moonblast|p2b: Gengar\n|-resisted|p2b: Gengar|1\n|-damage|p2b: Gengar|76/100\n|move|p1b: Gallade|Psycho Cut|p2b: Gengar\n|-supereffective|p2b: Gengar|1\n|-crit|p2b: Gengar\n|-damage|p2b: Gengar|0 fnt\n|faint|p2b: Gengar\n|\n|-weather|RainDance|[upkeep]\n|-start|p1a: Whimsicott|perish3\n|-start|p1b: Gallade|perish3\n|-start|p2a: Politoed|perish3\n|upkeep\n|inactive|spunky057 has 30 seconds left.\n|\n|t:|1776726350\n|switch|p2b: Archaludon|Archaludon, L50, M, shiny|100/100\n|turn|2\n|\n|t:|1776726360\n|move|p1a: Whimsicott|Moonblast|p2a: Politoed\n|-damage|p2a: Politoed|67/100\n|-unboost|p2a: Politoed|spa|1\n|move|p1b: Gallade|Sacred Sword|p2a: Politoed\n|-damage|p2a: Politoed|14/100\n|-enditem|p2a: Politoed|Sitrus Berry|[eat]\n|-heal|p2a: Politoed|39/100|[from] item: Sitrus Berry\n|move|p2b: Archaludon|Electro Shot||[still]\n|-prepare|p2b: Archaludon|Electro Shot\n|-boost|p2b: Archaludon|spa|1\n|-anim|p2b: Archaludon|Electro Shot|p1b: Gallade\n|-damage|p1b: Gallade|40/100\n|move|p2a: Politoed|Icy Wind|p1b: Gallade|[spread] p1a,p1b\n|-supereffective|p1a: Whimsicott|1\n|-damage|p1a: Whimsicott|79/100\n|-damage|p1b: Gallade|32/100\n|-unboost|p1a: Whimsicott|spe|1\n|-unboost|p1b: Gallade|spe|1\n|\n|-weather|RainDance|[upkeep]\n|-start|p1a: Whimsicott|perish2\n|-start|p1b: Gallade|perish2\n|-start|p2a: Politoed|perish2\n|upkeep\n|turn|3\n|inactive|spunky057 has 30 seconds left.\n|inactive|spunky057 has 20 seconds left.\n|\n|t:|1776726396\n|move|p2a: Politoed|Protect|p2a: Politoed\n|-singleturn|p2a: Politoed|Protect\n|move|p1a: Whimsicott|Moonblast|p2a: Politoed\n|-activate|p2a: Politoed|move: Protect\n|move|p2b: Archaludon|Electro Shot||[still]\n|-prepare|p2b: Archaludon|Electro Shot\n|-boost|p2b: Archaludon|spa|1\n|-anim|p2b: Archaludon|Electro Shot|p1b: Gallade\n|-damage|p1b: Gallade|0 fnt\n|faint|p1b: Gallade\n|\n|-weather|RainDance|[upkeep]\n|-start|p1a: Whimsicott|perish1\n|-start|p2a: Politoed|perish1\n|upkeep\n|\n|t:|1776726396\n|switch|p1b: Aegislash|Aegislash, L50, M, shiny|100/100\n|turn|4\n|inactive|spunky057 has 30 seconds left.\n|\n|t:|1776726423\n|switch|p2a: Maushold|Maushold-Four, L50|100/100\n|move|p1a: Whimsicott|Moonblast|p2a: Maushold\n|-damage|p2a: Maushold|64/100\n|move|p2b: Archaludon|Electro Shot||[still]\n|-prepare|p2b: Archaludon|Electro Shot\n|-boost|p2b: Archaludon|spa|1\n|-anim|p2b: Archaludon|Electro Shot|p1b: Aegislash\n|-damage|p1b: Aegislash|27/100\n|-formechange|p1b: Aegislash|Aegislash-Blade|\n|move|p1b: Aegislash|Poltergeist|p2a: Maushold\n|-immune|p2a: Maushold\n|\n|-weather|RainDance|[upkeep]\n|-start|p1a: Whimsicott|perish0\n|upkeep\n|faint|p1a: Whimsicott\n|\n|t:|1776726423\n|switch|p1a: Incineroar|Incineroar, L50, M, shiny|100/100\n|-ability|p1a: Incineroar|Intimidate|boost\n|-unboost|p2a: Maushold|atk|1\n|-unboost|p2b: Archaludon|atk|1\n|turn|5\n|inactive|spunky057 has 30 seconds left.\n|-activate|p2a: Maushold|item: Quick Claw\n|\n|t:|1776726449\n|move|p1a: Incineroar|Fake Out|p2a: Maushold\n|-damage|p2a: Maushold|54/100\n|cant|p2a: Maushold|flinch\n|move|p2b: Archaludon|Electro Shot||[still]\n|-prepare|p2b: Archaludon|Electro Shot\n|-boost|p2b: Archaludon|spa|1\n|-anim|p2b: Archaludon|Electro Shot|p1b: Aegislash\n|-damage|p1b: Aegislash|0 fnt\n|faint|p1b: Aegislash\n|\n|-weather|none\n|upkeep\n|turn|6\n|\n|t:|1776726469\n|move|p2a: Maushold|Super Fang|p1a: Incineroar\n|-damage|p1a: Incineroar|50/100\n|move|p2b: Archaludon|Dragon Pulse|p1a: Incineroar\n|-damage|p1a: Incineroar|0 fnt\n|faint|p1a: Incineroar\n|\n|win|spunky057\n",
  "uploadtime": 1776726308,
  "views": 3,
  "formatid": "gen9championsvgc2026regma",
  "rating": null,
  "private": 0,
  "password": null
}