{
  "id": "gen9championsvgc2026regma-2586949635",
  "format": "[Gen 9 Champions] VGC 2026 Reg M-A",
  "players": [
    "fdrgsfafawdawd",
    "CirclesOfSwellow"
  ],
  "log": "|j|\u2606fdrgsfafawdawd\n|j|\u2606CirclesOfSwellow\n|t:|1776474768\n|gametype|doubles\n|player|p1|fdrgsfafawdawd|palmer|1091\n|player|p2|CirclesOfSwellow|barry|1069\n|gen|9\n|tier|[Gen 9 Champions] VGC 2026 Reg M-A\n|rated|\n|rule|Species Clause: Limit one of each Pok\u00e9mon\n|rule|Item Clause: Limit 1 of each item\n|clearpoke\n|poke|p1|Pelipper, L50, M|\n|poke|p1|Charizard, L50, M|\n|poke|p1|Archaludon, L50, M|\n|poke|p1|Basculegion, L50, M|\n|poke|p1|Venusaur, L50, F|\n|poke|p1|Whimsicott, L50, M|\n|poke|p2|Gardevoir, L50, M|\n|poke|p2|Talonflame, L50, F|\n|poke|p2|Infernape, L50, M|\n|poke|p2|Samurott-Hisui, L50, M|\n|poke|p2|Sableye, L50, M|\n|poke|p2|Tinkaton, L50, F|\n|teampreview|4\n|inactive|Battle timer is ON: inactive players will automatically lose when time's up. (requested by CirclesOfSwellow)\nfdrgsfafawdawd rejected open team sheets.\n|inactive|fdrgsfafawdawd has 60 seconds left.\n|inactive|CirclesOfSwellow has 60 seconds left.\n|\n|t:|1776474820\n|teamsize|p1|4\n|teamsize|p2|4\n|start\n|switch|p1a: Pelipper|Pelipper, L50, M|100/100\n|switch|p1b: Archaludon|Archaludon, L50, M, shiny|100/100\n|switch|p2a: Gardevoir|Gardevoir, L50, M|100/100\n|switch|p2b: Samurott|Samurott-Hisui, L50, M|100/100\n|-ability|p2a: Gardevoir|Stamina|Trace|[from] ability: Trace|[of] p1b: Archaludon\n|-weather|RainDance|[from] ability: Drizzle|[of] p1a: Pelipper\n|turn|1\n|inactive|CirclesOfSwellow has 30 seconds left.\n|\n|t:|1776474845\n|detailschange|p2a: Gardevoir|Gardevoir-Mega, L50, M\n|-mega|p2a: Gardevoir|Gardevoir|Gardevoirite\n|move|p2b: Samurott|Flip Turn|p1a: Pelipper\n|-resisted|p1a: Pelipper|1\n|-damage|p1a: Pelipper|76/100\n|\n|t:|1776474861\n|switch|p2b: Infernape|Infernape, L50, M|100/100|[from] Flip Turn\n|move|p2a: Gardevoir|Thunderbolt|p1a: Pelipper\n|-supereffective|p1a: Pelipper|2\n|-damage|p1a: Pelipper|0 fnt\n|faint|p1a: Pelipper\n|move|p1b: Archaludon|Electro Shot||[still]\n|-prepare|p1b: Archaludon|Electro Shot\n|-boost|p1b: Archaludon|spa|1\n|-anim|p1b: Archaludon|Electro Shot|p2b: Infernape\n|-damage|p2b: Infernape|13/100\n|\n|-weather|RainDance|[upkeep]\n|upkeep\n|\n|t:|1776474881\n|switch|p1a: Basculegion|Basculegion, L50, M, shiny|100/100\n|turn|2\n|inactive|CirclesOfSwellow has 30 seconds left.\n|inactive|CirclesOfSwellow has 20 seconds left.\n|inactive|CirclesOfSwellow has 15 seconds left.\n|inactive|CirclesOfSwellow has 10 seconds left.\n|inactive|CirclesOfSwellow has 5 seconds left.\n|\n|t:|1776474935\n|move|p2b: Infernape|Protect|p2b: Infernape\n|-singleturn|p2b: Infernape|Protect\n|move|p1a: Basculegion|Last Respects|p2a: Gardevoir\n|-supereffective|p2a: Gardevoir|1\n|-damage|p2a: Gardevoir|0 fnt\n|faint|p2a: Gardevoir\n|move|p1b: Archaludon|Electro Shot||[still]\n|-prepare|p1b: Archaludon|Electro Shot\n|-boost|p1b: Archaludon|spa|1\n|-anim|p1b: Archaludon|Electro Shot|p2b: Infernape\n|-activate|p2b: Infernape|move: Protect\n|\n|-weather|RainDance|[upkeep]\n|upkeep\n|\n|t:|1776474947\n|switch|p2a: Samurott|Samurott-Hisui, L50, M|100/100\n|turn|3\n|\n|t:|1776474968\n|switch|p1a: Venusaur|Venusaur, L50, F|100/100\n|move|p2a: Samurott|Night Slash|p1a: Venusaur\n|-damage|p1a: Venusaur|39/100\n|-enditem|p1a: Venusaur|Sitrus Berry|[eat]\n|-heal|p1a: Venusaur|63/100|[from] item: Sitrus Berry\n|move|p2b: Infernape|Aura Sphere|p1b: Archaludon\n|-supereffective|p1b: Archaludon|1\n|-damage|p1b: Archaludon|12/100\n|-ability|p1b: Archaludon|Stamina|boost\n|-boost|p1b: Archaludon|def|1\n|move|p1b: Archaludon|Electro Shot||[still]\n|-prepare|p1b: Archaludon|Electro Shot\n|-boost|p1b: Archaludon|spa|1\n|-anim|p1b: Archaludon|Electro Shot|p2a: Samurott\n|-supereffective|p2a: Samurott|1\n|-damage|p2a: Samurott|0 fnt\n|faint|p2a: Samurott\n|\n|-weather|RainDance|[upkeep]\n|-heal|p1b: Archaludon|18/100|[from] item: Leftovers\n|upkeep\n|\n|t:|1776474986\n|switch|p2a: Sableye|Sableye, L50, M|100/100\n|turn|4\n|\n|t:|1776475002\n|move|p1b: Archaludon|Protect|p1b: Archaludon\n|-singleturn|p1b: Archaludon|Protect\n|move|p2b: Infernape|Aura Sphere|p1b: Archaludon\n|-activate|p1b: Archaludon|move: Protect\n|move|p1a: Venusaur|Sleep Powder|p2a: Sableye\n|-status|p2a: Sableye|slp|[from] move: Sleep Powder\n|cant|p2a: Sableye|slp\n|\n|-weather|RainDance|[upkeep]\n|-heal|p1b: Archaludon|24/100|[from] item: Leftovers\n|upkeep\n|turn|5\n|inactive|CirclesOfSwellow has 30 seconds left.\n|inactive|CirclesOfSwellow has 20 seconds left.\n|\n|t:|1776475037\n|move|p2b: Infernape|Aura Sphere|p1b: Archaludon\n|-supereffective|p1b: Archaludon|1\n|-damage|p1b: Archaludon|0 fnt\n|faint|p1b: Archaludon\n|move|p1a: Venusaur|Sleep Powder|p2b: Infernape|[miss]\n|-miss|p1a: Venusaur|p2b: Infernape\n|-curestatus|p2a: Sableye|slp|[msg]\n|move|p2a: Sableye|Foul Play|p1a: Venusaur\n|-damage|p1a: Venusaur|32/100\n|\n|-weather|none\n|upkeep\n|\n|t:|1776475047\n|switch|p1b: Basculegion|Basculegion, L50, M, shiny|100/100\n|turn|6\n|inactive|fdrgsfafawdawd has 30 seconds left.\n|inactive|CirclesOfSwellow has 30 seconds left.\n|inactive|CirclesOfSwellow has 20 seconds left.\n|\n|t:|1776475090\n|move|p1b: Basculegion|Last Respects|p2b: Infernape\n|-crit|p2b: Infernape\n|-damage|p2b: Infernape|0 fnt\n|faint|p2b: Infernape\n|move|p1a: Venusaur|Sleep Powder|p2a: Sableye\n|-status|p2a: Sableye|slp|[from] move: Sleep Powder\n|cant|p2a: Sableye|slp\n|\n|upkeep\n|turn|7\n|\n|t:|1776475110\n|move|p1b: Basculegion|Last Respects|p2a: Sableye\n|-damage|p2a: Sableye|10/100 slp\n|-enditem|p2a: Sableye|Sitrus Berry|[eat]\n|-heal|p2a: Sableye|35/100 slp|[from] item: Sitrus Berry\n|move|p1a: Venusaur|Leech Seed|p2a: Sableye\n|-start|p2a: Sableye|move: Leech Seed\n|cant|p2a: Sableye|slp\n|\n|-damage|p2a: Sableye|23/100 slp|[from] Leech Seed|[of] p1a: Venusaur\n|-heal|p1a: Venusaur|44/100|[silent]\n|upkeep\n|turn|8\n|inactive|fdrgsfafawdawd has 30 seconds left.\n|\n|t:|1776475141\n|move|p1b: Basculegion|Last Respects|p2a: Sableye\n|-damage|p2a: Sableye|0 fnt\n|faint|p2a: Sableye\n|\n|win|fdrgsfafawdawd\n|raw|fdrgsfafawdawd's rating: 1091 &rarr; <strong>1116</strong><br />(+25 for winning)\n|raw|CirclesOfSwellow's rating: 1069 &rarr; <strong>1050</strong><br />(-19 for losing)\n|l|\u2606CirclesOfSwellow\n|player|p2|\n|c|\u2606fdrgsfafawdawd|ggs\n",
  "uploadtime": 1776475149,
  "views": 18,
  "formatid": "gen9championsvgc2026regma",
  "rating": 1050,
  "private": 0,
  "password": null
}