{
  "id": "gen9championsvgc2026regma-2581257453",
  "format": "[Gen 9 Champions] VGC 2026 Reg M-A",
  "players": [
    "Sheorgez",
    "Novicebest"
  ],
  "log": "|j|\u2606Sheorgez\n|j|\u2606Novicebest\n|t:|1775977308\n|gametype|doubles\n|player|p1|Sheorgez|hugh|1205\n|player|p2|Novicebest|dawn|1279\n|gen|9\n|tier|[Gen 9 Champions] VGC 2026 Reg M-A\n|rated|\n|rule|Species Clause: Limit one of each Pok\u00e9mon\n|rule|Item Clause: Limit 1 of each item\n|clearpoke\n|poke|p1|Delphox, L50, M|\n|poke|p1|Sneasler, L50, F|\n|poke|p1|Primarina, L50, M|\n|poke|p1|Garchomp, L50, F|\n|poke|p1|Rotom-Mow, L50|\n|poke|p1|Kingambit, L50, F|\n|poke|p2|Charizard, L50, F|\n|poke|p2|Whimsicott, L50, F|\n|poke|p2|Farigiraf, L50, F|\n|poke|p2|Sneasler, L50, F|\n|poke|p2|Rotom-Wash, L50|\n|poke|p2|Incineroar, L50, F|\n|teampreview|4\n|inactive|Battle timer is ON: inactive players will automatically lose when time's up. (requested by Novicebest)\n|\n|t:|1775977363\n|teamsize|p1|4\n|teamsize|p2|4\n|start\n|switch|p1a: Sneasler|Sneasler, L50, F|100/100\n|switch|p1b: Primarina|Primarina, L50, M|100/100\n|switch|p2a: Charizard|Charizard, L50, F|100/100\n|switch|p2b: Whimsicott|Whimsicott, L50, F|100/100\n|turn|1\n|\n|t:|1775977376\n|move|p2a: Charizard|Protect|p2a: Charizard\n|-singleturn|p2a: Charizard|Protect\n|move|p1a: Sneasler|Fake Out|p2a: Charizard\n|-activate|p2a: Charizard|move: Protect\n|move|p2b: Whimsicott|Tailwind|p2b: Whimsicott\n|-sidestart|p2: Novicebest|move: Tailwind\n|move|p1b: Primarina|Hyper Voice|p2a: Charizard|[spread] p2b\n|-activate|p2a: Charizard|move: Protect\n|-resisted|p2b: Whimsicott|1\n|-damage|p2b: Whimsicott|68/100\n|\n|upkeep\n|turn|2\n|inactive|Novicebest has 30 seconds left.\n|\n|t:|1775977403\n|switch|p1a: Garchomp|Garchomp, L50, F|100/100\n|detailschange|p2a: Charizard|Charizard-Mega-Y, L50, F\n|-mega|p2a: Charizard|Charizard|Charizardite Y\n|-weather|SunnyDay|[from] ability: Drought|[of] p2a: Charizard\n|move|p2b: Whimsicott|Moonblast|p1a: Garchomp\n|-supereffective|p1a: Garchomp|1\n|-damage|p1a: Garchomp|22/100\n|move|p2a: Charizard|Heat Wave|p1a: Garchomp|[spread] p1a,p1b\n|-resisted|p1a: Garchomp|1\n|-resisted|p1b: Primarina|1\n|-damage|p1a: Garchomp|0 fnt\n|-damage|p1b: Primarina|74/100\n|faint|p1a: Garchomp\n|move|p1b: Primarina|Icy Wind|p2a: Charizard|[spread] p2a,p2b\n|-supereffective|p2b: Whimsicott|1\n|-damage|p2a: Charizard|86/100\n|-damage|p2b: Whimsicott|18/100\n|-unboost|p2a: Charizard|spe|1\n|-unboost|p2b: Whimsicott|spe|1\n|\n|-weather|SunnyDay|[upkeep]\n|-heal|p1b: Primarina|80/100|[from] item: Leftovers\n|upkeep\n|\n|t:|1775977416\n|switch|p1a: Sneasler|Sneasler, L50, F|100/100\n|turn|3\n|\n|t:|1775977435\n|switch|p2a: Incineroar|Incineroar, L50, F|100/100\n|-ability|p2a: Incineroar|Intimidate|boost\n|-unboost|p1a: Sneasler|atk|1\n|-unboost|p1b: Primarina|atk|1\n|-enditem|p1a: Sneasler|White Herb\n|-clearnegativeboost|p1a: Sneasler|[silent]\n|move|p1a: Sneasler|Fake Out|p2b: Whimsicott\n|-damage|p2b: Whimsicott|0 fnt\n|faint|p2b: Whimsicott\n|move|p1b: Primarina|Hyper Voice|p2a: Incineroar\n|-supereffective|p2a: Incineroar|1\n|-damage|p2a: Incineroar|53/100\n|\n|-weather|SunnyDay|[upkeep]\n|-heal|p1b: Primarina|86/100|[from] item: Leftovers\n|upkeep\n|\n|t:|1775977450\n|switch|p2b: Charizard|Charizard-Mega-Y, L50, F|86/100\n|turn|4\n|\n|t:|1775977463\n|move|p2a: Incineroar|Fake Out|p1a: Sneasler\n|-damage|p1a: Sneasler|81/100\n|cant|p1a: Sneasler|flinch\n|move|p2b: Charizard|Heat Wave|p1a: Sneasler|[spread] p1a,p1b\n|-resisted|p1b: Primarina|1\n|-crit|p1b: Primarina\n|-damage|p1a: Sneasler|0 fnt\n|-damage|p1b: Primarina|48/100\n|faint|p1a: Sneasler\n|move|p1b: Primarina|Icy Wind|p2b: Charizard|[spread] p2a,p2b\n|-resisted|p2a: Incineroar|1\n|-crit|p2b: Charizard\n|-damage|p2a: Incineroar|46/100\n|-damage|p2b: Charizard|67/100\n|-unboost|p2a: Incineroar|spe|1\n|-unboost|p2b: Charizard|spe|1\n|-enditem|p2a: Incineroar|Sitrus Berry|[eat]\n|-heal|p2a: Incineroar|71/100|[from] item: Sitrus Berry\n|\n|-weather|SunnyDay|[upkeep]\n|-heal|p1b: Primarina|53/100|[from] item: Leftovers\n|-sideend|p2: Novicebest|move: Tailwind\n|upkeep\n|\n|t:|1775977475\n|switch|p1a: Delphox|Delphox, L50, M|100/100\n|turn|5\n|\n|t:|1775977494\n|detailschange|p1a: Delphox|Delphox-Mega, L50, M\n|-mega|p1a: Delphox|Delphox|Delphoxite\n|move|p1b: Primarina|Protect|p1b: Primarina\n|-singleturn|p1b: Primarina|Protect\n|move|p1a: Delphox|Scorching Sands|p2a: Incineroar\n|-supereffective|p2a: Incineroar|1\n|-damage|p2a: Incineroar|19/100\n|move|p2b: Charizard|Solar Beam||[still]\n|-prepare|p2b: Charizard|Solar Beam\n|-anim|p2b: Charizard|Solar Beam|p1b: Primarina\n|-activate|p1b: Primarina|move: Protect\n|move|p2a: Incineroar|Throat Chop|p1a: Delphox\n|-supereffective|p1a: Delphox|1\n|-damage|p1a: Delphox|0 fnt\n|faint|p1a: Delphox\n|\n|-weather|SunnyDay|[upkeep]\n|-heal|p1b: Primarina|59/100|[from] item: Leftovers\n|upkeep\n|turn|6\n|-message|Sheorgez forfeited.\n|\n|win|Novicebest\n|raw|Sheorgez's rating: 1205 &rarr; <strong>1185</strong><br />(-20 for losing)\n|raw|Novicebest's rating: 1279 &rarr; <strong>1299</strong><br />(+20 for winning)\n|l|\u2606Sheorgez\n|player|p1|\n",
  "uploadtime": 1775977517,
  "views": 15,
  "formatid": "gen9championsvgc2026regma",
  "rating": 1185,
  "private": 0,
  "password": null
}