{
  "id": "gen9championsvgc2026regma-2584948796",
  "format": "[Gen 9 Champions] VGC 2026 Reg M-A",
  "players": [
    "Redfoxinabox",
    "jsajsajs"
  ],
  "log": "|j|\u2606Redfoxinabox\n|j|\u2606jsajsajs\n|t:|1776297259\n|gametype|doubles\n|player|p1|Redfoxinabox|1|1101\n|player|p2|jsajsajs|blue|1122\n|gen|9\n|tier|[Gen 9 Champions] VGC 2026 Reg M-A\n|rated|\n|rule|Species Clause: Limit one of each Pok\u00e9mon\n|rule|Item Clause: Limit 1 of each item\n|clearpoke\n|poke|p1|Golurk, L50|\n|poke|p1|Farigiraf, L50, M|\n|poke|p1|Incineroar, L50, M|\n|poke|p1|Torkoal, L50, M|\n|poke|p1|Sneasler, L50, M|\n|poke|p1|Venusaur, L50, M|\n|poke|p2|Feraligatr, L50, M|\n|poke|p2|Farigiraf, L50, M|\n|poke|p2|Politoed, L50, F|\n|poke|p2|Whimsicott, L50, M|\n|poke|p2|Sneasler, L50, M|\n|poke|p2|Kingambit, L50, M|\n|teampreview|4\n|inactive|Battle timer is ON: inactive players will automatically lose when time's up. (requested by jsajsajs)\n|inactive|Redfoxinabox has 60 seconds left.\n|inactive|jsajsajs has 60 seconds left.\n|\n|t:|1776297305\n|teamsize|p1|4\n|teamsize|p2|4\n|start\n|switch|p1a: Torkoal|Torkoal, L50, M|100/100\n|switch|p1b: Incineroar|Incineroar, L50, M|100/100\n|switch|p2a: Feraligatr|Feraligatr, L50, M, shiny|100/100\n|switch|p2b: Farigiraf|Farigiraf, L50, M, shiny|100/100\n|-ability|p1b: Incineroar|Intimidate|boost\n|-unboost|p2a: Feraligatr|atk|1\n|-unboost|p2b: Farigiraf|atk|1\n|-weather|SunnyDay|[from] ability: Drought|[of] p1a: Torkoal\n|turn|1\n|inactive|Redfoxinabox has 30 seconds left.\n|inactive|Redfoxinabox has 20 seconds left.\n|inactive|Redfoxinabox has 15 seconds left.\n|\n|t:|1776297349\n|switch|p1a: Venusaur|Venusaur, L50, M|100/100\n|detailschange|p2a: Feraligatr|Feraligatr-Mega, L50, M, shiny\n|-mega|p2a: Feraligatr|Feraligatr|Feraligite\n|move|p2a: Feraligatr|Swords Dance|p2a: Feraligatr\n|-boost|p2a: Feraligatr|atk|2\n|move|p1b: Incineroar|Throat Chop|p2b: Farigiraf\n|-supereffective|p2b: Farigiraf|1\n|-enditem|p2b: Farigiraf|Colbur Berry|[eat]\n|-enditem|p2b: Farigiraf|Colbur Berry|[weaken]\n|-damage|p2b: Farigiraf|71/100\n|-start|p2b: Farigiraf|Throat Chop|[silent]\n|move|p2b: Farigiraf|Trick Room|p2b: Farigiraf\n|-fieldstart|move: Trick Room|[of] p2b: Farigiraf\n|\n|-weather|SunnyDay|[upkeep]\n|upkeep\n|turn|2\n|inactive|Redfoxinabox has 30 seconds left.\n|inactive|jsajsajs has 30 seconds left.\n|inactive|Redfoxinabox has 20 seconds left.\n|inactive|Redfoxinabox has 15 seconds left.\n|inactive|Redfoxinabox has 10 seconds left.\n|\n|t:|1776297395\n|switch|p2b: Politoed|Politoed, L50, F, shiny|100/100\n|-weather|RainDance|[from] ability: Drizzle|[of] p2b: Politoed\n|move|p2a: Feraligatr|Aqua Jet|p1b: Incineroar\n|-supereffective|p1b: Incineroar|1\n|-damage|p1b: Incineroar|10/100\n|move|p1b: Incineroar|Parting Shot|p2a: Feraligatr\n|-unboost|p2a: Feraligatr|atk|1\n|-unboost|p2a: Feraligatr|spa|1\n|\n|t:|1776297407\n|switch|p1b: Torkoal|Torkoal, L50, M|100/100|[from] Parting Shot\n|-weather|SunnyDay|[from] ability: Drought|[of] p1b: Torkoal\n|move|p1a: Venusaur|Sleep Powder|p2a: Feraligatr\n|-status|p2a: Feraligatr|slp|[from] move: Sleep Powder\n|\n|-weather|SunnyDay|[upkeep]\n|upkeep\n|turn|3\n|\n|t:|1776297421\n|cant|p2a: Feraligatr|slp\n|move|p1b: Torkoal|Eruption|p2b: Politoed|[spread] p2a,p2b\n|-resisted|p2a: Feraligatr|2\n|-resisted|p2b: Politoed|1\n|-damage|p2a: Feraligatr|78/100 slp\n|-damage|p2b: Politoed|58/100\n|move|p2b: Politoed|Muddy Water|p1a: Venusaur|[spread] p1a,p1b\n|-resisted|p1a: Venusaur|1\n|-supereffective|p1b: Torkoal|1\n|-damage|p1a: Venusaur|91/100\n|-damage|p1b: Torkoal|56/100\n|move|p1a: Venusaur|Leaf Storm|p2a: Feraligatr|[miss]\n|-miss|p1a: Venusaur|p2a: Feraligatr\n|\n|-weather|SunnyDay|[upkeep]\n|upkeep\n|turn|4\n|\n|t:|1776297445\n|switch|p2b: Farigiraf|Farigiraf, L50, M, shiny|71/100\n|cant|p2a: Feraligatr|slp\n|move|p1b: Torkoal|Heat Wave|p2a: Feraligatr|[spread] p2a,p2b\n|-resisted|p2a: Feraligatr|2\n|-damage|p2a: Feraligatr|65/100 slp\n|-damage|p2b: Farigiraf|18/100\n|move|p1a: Venusaur|Leaf Storm|p2b: Farigiraf\n|-damage|p2b: Farigiraf|0 fnt\n|-unboost|p1a: Venusaur|spa|2\n|faint|p2b: Farigiraf\n|\n|-weather|SunnyDay|[upkeep]\n|upkeep\n|\n|t:|1776297456\n|switch|p2b: Politoed|Politoed, L50, F, shiny|58/100\n|-weather|RainDance|[from] ability: Drizzle|[of] p2b: Politoed\n|turn|5\n|\n|t:|1776297468\n|switch|p1b: Incineroar|Incineroar, L50, M|10/100\n|-ability|p1b: Incineroar|Intimidate|boost\n|-unboost|p2a: Feraligatr|atk|1\n|-unboost|p2b: Politoed|atk|1\n|-curestatus|p2a: Feraligatr|slp|[msg]\n|move|p2a: Feraligatr|Body Slam|p1a: Venusaur\n|-damage|p1a: Venusaur|35/100\n|move|p2b: Politoed|Muddy Water|p1a: Venusaur|[spread] p1a,p1b\n|-resisted|p1a: Venusaur|1\n|-crit|p1a: Venusaur\n|-supereffective|p1b: Incineroar|1\n|-damage|p1a: Venusaur|0 fnt\n|-damage|p1b: Incineroar|0 fnt\n|faint|p1a: Venusaur\n|faint|p1b: Incineroar\n|\n|-weather|RainDance|[upkeep]\n|-fieldend|move: Trick Room\n|upkeep\n|\n|t:|1776297485\n|switch|p1a: Torkoal|Torkoal, L50, M|56/100\n|switch|p1b: Sneasler|Sneasler, L50, M|100/100\n|-weather|SunnyDay|[from] ability: Drought|[of] p1a: Torkoal\n|turn|6\n|\n|t:|1776297508\n|move|p2b: Politoed|Protect|p2b: Politoed\n|-singleturn|p2b: Politoed|Protect\n|move|p2a: Feraligatr|Protect|p2a: Feraligatr\n|-singleturn|p2a: Feraligatr|Protect\n|move|p1a: Torkoal|Protect|p1a: Torkoal\n|-singleturn|p1a: Torkoal|Protect\n|move|p1b: Sneasler|Close Combat|p2b: Politoed\n|-activate|p2b: Politoed|move: Protect\n|\n|-weather|SunnyDay|[upkeep]\n|upkeep\n|turn|7\n|inactive|Redfoxinabox has 30 seconds left.\n|\n|t:|1776297534\n|move|p2b: Politoed|Helping Hand|p2a: Feraligatr\n|-singleturn|p2a: Feraligatr|Helping Hand|[of] p2b: Politoed\n|move|p1a: Torkoal|Protect||[still]\n|-fail|p1a: Torkoal\n|move|p1b: Sneasler|Dire Claw|p2a: Feraligatr\n|-damage|p2a: Feraligatr|32/100\n|-status|p2a: Feraligatr|slp\n|cant|p2a: Feraligatr|slp\n|\n|-weather|SunnyDay|[upkeep]\n|upkeep\n|turn|8\n|c|\u2606jsajsajs|VROOOOOOOOO\n|c|\u2606jsajsajs|BROOOOOOOOOO\n|c|\u2606jsajsajs|STOP PLS\n|c|\u2606jsajsajs|STOPPPP\n|inactive|Redfoxinabox has 30 seconds left.\n|c|\u2606jsajsajs|how man\n|c|\u2606jsajsajs|i hate this game\n|inactive|Redfoxinabox has 20 seconds left.\n|c|\u2606jsajsajs|all time haxing\n|c|\u2606jsajsajs|all time\n|inactive|Redfoxinabox has 15 seconds left.\n|\n|t:|1776297578\n|cant|p2a: Feraligatr|slp\n|move|p1b: Sneasler|Dire Claw|p2a: Feraligatr\n|-damage|p2a: Feraligatr|2/100 slp\n|move|p2b: Politoed|Muddy Water|p1a: Torkoal|[spread] p1b\n|-miss|p2b: Politoed|p1a: Torkoal\n|-damage|p1b: Sneasler|77/100\n|move|p1a: Torkoal|Heat Wave|p2b: Politoed|[spread] p2a,p2b\n|-resisted|p2a: Feraligatr|2\n|-resisted|p2b: Politoed|1\n|-damage|p2a: Feraligatr|0 fnt\n|-damage|p2b: Politoed|35/100\n|faint|p2a: Feraligatr\n|\n|-weather|SunnyDay|[upkeep]\n|upkeep\n|\n|t:|1776297591\n|switch|p2a: Whimsicott|Whimsicott, L50, M, shiny|100/100\n|turn|9\n|\n|t:|1776297608\n|move|p2a: Whimsicott|Tailwind|p2a: Whimsicott\n|-sidestart|p2: jsajsajs|move: Tailwind\n|move|p1b: Sneasler|Dire Claw|p2b: Politoed\n|-damage|p2b: Politoed|0 fnt\n|faint|p2b: Politoed\n|move|p1a: Torkoal|Heat Wave|p2a: Whimsicott\n|-supereffective|p2a: Whimsicott|1\n|-enditem|p2a: Whimsicott|Focus Sash\n|-damage|p2a: Whimsicott|1/100\n|\n|-weather|SunnyDay|[upkeep]\n|upkeep\n|turn|10\n|n|!jsajsajs|jsajsajs\n|-message|jsajsajs forfeited.\n|\n|win|Redfoxinabox\n",
  "uploadtime": 1776297620,
  "views": 15,
  "formatid": "gen9championsvgc2026regma",
  "rating": null,
  "private": 0,
  "password": null
}