{
  "id": "gen9championsvgc2026regma-2586154647",
  "format": "[Gen 9 Champions] VGC 2026 Reg M-A",
  "players": [
    "KlawfRangoon",
    "G3N13"
  ],
  "log": "|j|\u2606KlawfRangoon\n|j|\u2606G3N13\n|t:|1776405940\n|gametype|doubles\n|player|p1|KlawfRangoon|2|1156\n|player|p2|G3N13|n|1158\n|gen|9\n|tier|[Gen 9 Champions] VGC 2026 Reg M-A\n|rated|\n|rule|Species Clause: Limit one of each Pok\u00e9mon\n|rule|Item Clause: Limit 1 of each item\n|clearpoke\n|poke|p1|Tsareena, L50, F|\n|poke|p1|Infernape, L50, F|\n|poke|p1|Talonflame, L50, F|\n|poke|p1|Empoleon, L50, M|\n|poke|p1|Glimmora, L50, F|\n|poke|p1|Lucario, L50, F|\n|poke|p2|Incineroar, L50, M|\n|poke|p2|Farigiraf, L50, F|\n|poke|p2|Torkoal, L50, M|\n|poke|p2|Gardevoir, L50, M|\n|poke|p2|Sinistcha, L50|\n|poke|p2|Venusaur, L50, M|\n|teampreview|4\n|c|\u2606KlawfRangoon|glhf\n|\n|t:|1776405999\n|teamsize|p1|4\n|teamsize|p2|4\n|start\n|switch|p1a: Glimmora|Glimmora, L50, F|100/100\n|switch|p1b: Tsareena|Tsareena, L50, F|100/100\n|switch|p2a: Torkoal|Torkoal, L50, M, shiny|100/100\n|switch|p2b: Venusaur|Venusaur, L50, M, shiny|100/100\n|-weather|SunnyDay|[from] ability: Drought|[of] p2a: Torkoal\n|turn|1\n|\n|t:|1776406025\n|detailschange|p1a: Glimmora|Glimmora-Mega, L50, F\n|-mega|p1a: Glimmora|Glimmora|Glimmoranite\n|move|p2b: Venusaur|Sleep Powder|p1a: Glimmora\n|-status|p1a: Glimmora|slp|[from] move: Sleep Powder\n|cant|p1a: Glimmora|slp\n|move|p1b: Tsareena|Triple Axel|p2b: Venusaur\n|-supereffective|p2b: Venusaur|1\n|-damage|p2b: Venusaur|82/100\n|-supereffective|p2b: Venusaur|1\n|-damage|p2b: Venusaur|45/100\n|-supereffective|p2b: Venusaur|1\n|-damage|p2b: Venusaur|0 fnt\n|faint|p2b: Venusaur\n|-hitcount|p2: Venusaur|3\n|move|p2a: Torkoal|Earth Power|p1a: Glimmora\n|-supereffective|p1a: Glimmora|2\n|-damage|p1a: Glimmora|0 fnt\n|faint|p1a: Glimmora\n|\n|-weather|SunnyDay|[upkeep]\n|upkeep\n|\n|t:|1776406045\n|switch|p1a: Infernape|Infernape, L50, F|100/100\n|switch|p2b: Gardevoir|Gardevoir, L50, M, shiny|100/100\n|-ability|p2b: Gardevoir|Iron Fist|Trace|[from] ability: Trace|[of] p1a: Infernape\n|turn|2\n|\n|t:|1776406055\n|detailschange|p2b: Gardevoir|Gardevoir-Mega, L50, M, shiny\n|-mega|p2b: Gardevoir|Gardevoir|Gardevoirite\n|move|p2a: Torkoal|Protect|p2a: Torkoal\n|-singleturn|p2a: Torkoal|Protect\n|move|p1a: Infernape|Fake Out|p2a: Torkoal\n|-activate|p2a: Torkoal|move: Protect\n|move|p1b: Tsareena|Trop Kick|p2b: Gardevoir\n|-damage|p2b: Gardevoir|42/100\n|-unboost|p2b: Gardevoir|atk|1\n|move|p2b: Gardevoir|Trick Room|p2b: Gardevoir\n|-fieldstart|move: Trick Room|[of] p2b: Gardevoir\n|\n|-weather|SunnyDay|[upkeep]\n|upkeep\n|turn|3\n|\n|t:|1776406083\n|move|p1b: Tsareena|Protect|p1b: Tsareena\n|-singleturn|p1b: Tsareena|Protect\n|move|p2a: Torkoal|Eruption|p1b: Tsareena|[spread] p1a\n|-activate|p1b: Tsareena|move: Protect\n|-resisted|p1a: Infernape|1\n|-crit|p1a: Infernape\n|-damage|p1a: Infernape|7/100\n|move|p2b: Gardevoir|Hyper Voice|p1a: Infernape|[spread] p1a\n|-activate|p1b: Tsareena|move: Protect\n|-damage|p1a: Infernape|0 fnt\n|faint|p1a: Infernape\n|\n|-weather|SunnyDay|[upkeep]\n|upkeep\n|\n|t:|1776406096\n|switch|p1a: Talonflame|Talonflame, L50, F|100/100\n|turn|4\n|\n|t:|1776406113\n|switch|p2b: Incineroar|Incineroar, L50, M, shiny|100/100\n|-ability|p2b: Incineroar|Intimidate|boost\n|-unboost|p1a: Talonflame|atk|1\n|-unboost|p1b: Tsareena|atk|1\n|move|p1a: Talonflame|Acrobatics|p2b: Incineroar\n|-damage|p2b: Incineroar|81/100\n|move|p2a: Torkoal|Eruption|p1a: Talonflame|[spread] p1a,p1b\n|-resisted|p1a: Talonflame|1\n|-supereffective|p1b: Tsareena|1\n|-damage|p1a: Talonflame|51/100\n|-damage|p1b: Tsareena|0 fnt\n|faint|p1b: Tsareena\n|\n|-weather|SunnyDay|[upkeep]\n|-heal|p2b: Incineroar|87/100|[from] item: Leftovers\n|upkeep\n|turn|5\n|-message|KlawfRangoon forfeited.\n|\n|win|G3N13\n|raw|KlawfRangoon's rating: 1156 &rarr; <strong>1131</strong><br />(-25 for losing)\n|raw|G3N13's rating: 1158 &rarr; <strong>1183</strong><br />(+25 for winning)\n|l|\u2606KlawfRangoon\n|player|p1|\n",
  "uploadtime": 1776406132,
  "views": 20,
  "formatid": "gen9championsvgc2026regma",
  "rating": 1131,
  "private": 0,
  "password": null
}