{
  "id": "gen9championsvgc2026regma-2580897010",
  "format": "[Gen 9 Champions] VGC 2026 Reg M-A",
  "players": [
    "oberonn",
    "chochitik"
  ],
  "log": "|j|\u2606oberonn\n|j|\u2606chochitik\n|t:|1775941443\n|gametype|doubles\n|player|p1|oberonn|dragontamer|1001\n|player|p2|chochitik|zinzolin|1073\n|gen|9\n|tier|[Gen 9 Champions] VGC 2026 Reg M-A\n|rated|\n|rule|Species Clause: Limit one of each Pok\u00e9mon\n|rule|Item Clause: Limit 1 of each item\n|clearpoke\n|poke|p1|Espeon, L50, F|\n|poke|p1|Meowstic, L50, M|\n|poke|p1|Delphox, L50, M|\n|poke|p1|Weavile, L50, M|\n|poke|p1|Tauros-Paldea-Aqua, L50, M|\n|poke|p1|Tsareena, L50, F|\n|poke|p2|Charizard, L50, M|\n|poke|p2|Sneasler, L50, F|\n|poke|p2|Maushold, L50|\n|poke|p2|Whimsicott, L50, M|\n|poke|p2|Garchomp, L50, F|\n|poke|p2|Incineroar, L50, M|\n|teampreview|4\n|inactive|Battle timer is ON: inactive players will automatically lose when time's up. (requested by chochitik)\n|inactive|chochitik has 60 seconds left.\n|\n|t:|1775941490\n|teamsize|p1|4\n|teamsize|p2|4\n|start\n|switch|p1a: Espeon|Espeon, L50, F|100/100\n|switch|p1b: Meowstic|Meowstic, L50, M|100/100\n|switch|p2a: netanyahoo|Maushold, L50|100/100\n|switch|p2b: o\u00f1o\u00f1i|Incineroar, L50, M|100/100\n|-ability|p2b: o\u00f1o\u00f1i|Intimidate|boost\n|-unboost|p1a: Espeon|atk|1\n|-unboost|p1b: Meowstic|atk|1\n|turn|1\n|inactive|oberonn has 30 seconds left.\n|inactive|oberonn has 20 seconds left.\n|inactive|oberonn has 15 seconds left.\n|\n|t:|1775941532\n|move|p2b: o\u00f1o\u00f1i|Fake Out|p1b: Meowstic\n|-damage|p1b: Meowstic|76/100\n|cant|p1b: Meowstic|flinch\n|move|p1a: Espeon|Power Gem|p2b: o\u00f1o\u00f1i\n|-supereffective|p2b: o\u00f1o\u00f1i|1\n|-damage|p2b: o\u00f1o\u00f1i|57/100\n|move|p2a: netanyahoo|Super Fang|p1b: Meowstic\n|-damage|p1b: Meowstic|39/100\n|\n|upkeep\n|turn|2\n|inactive|chochitik has 30 seconds left.\n|\n|t:|1775941557\n|move|p1b: Meowstic|Psychic Terrain|p1b: Meowstic\n|-fieldstart|move: Psychic Terrain\n|move|p1a: Espeon|Power Gem|p2b: o\u00f1o\u00f1i\n|-supereffective|p2b: o\u00f1o\u00f1i|1\n|-damage|p2b: o\u00f1o\u00f1i|13/100\n|-enditem|p2b: o\u00f1o\u00f1i|Sitrus Berry|[eat]\n|-heal|p2b: o\u00f1o\u00f1i|38/100|[from] item: Sitrus Berry\n|move|p2a: netanyahoo|Super Fang|p1a: Espeon|[miss]\n|-miss|p2a: netanyahoo|p1a: Espeon\n|move|p2b: o\u00f1o\u00f1i|Darkest Lariat|p1a: Espeon\n|-supereffective|p1a: Espeon|1\n|-damage|p1a: Espeon|0 fnt\n|faint|p1a: Espeon\n|\n|upkeep\n|\n|t:|1775941564\n|switch|p1a: Tsareena|Tsareena, L50, F|100/100\n|turn|3\n|\n|t:|1775941574\n|switch|p2b: nauzet|Garchomp, L50, F|100/100\n|move|p2a: netanyahoo|Protect|p2a: netanyahoo\n|-singleturn|p2a: netanyahoo|Protect\n|move|p1b: Meowstic|Expanding Force|p2a: netanyahoo|[spread] p2b\n|-activate|p2a: netanyahoo|move: Protect\n|-damage|p2b: nauzet|70/100\n|move|p1a: Tsareena|Low Kick|p2b: nauzet\n|-crit|p2b: nauzet\n|-damage|p2b: nauzet|30/100\n|-damage|p1a: Tsareena|88/100|[from] ability: Rough Skin|[of] p2b: nauzet\n|\n|upkeep\n|turn|4\n|\n|t:|1775941592\n|move|p2a: netanyahoo|Super Fang|p1a: Tsareena\n|-damage|p1a: Tsareena|45/100\n|move|p2b: nauzet|Earthquake|p1a: Tsareena|[spread] p2a,p1a,p1b\n|-resisted|p1a: Tsareena|1\n|-damage|p2a: netanyahoo|45/100\n|-damage|p1a: Tsareena|22/100\n|-damage|p1b: Meowstic|0 fnt\n|faint|p1b: Meowstic\n|move|p1a: Tsareena|Low Kick|p2a: netanyahoo\n|-supereffective|p2a: netanyahoo|1\n|-enditem|p2a: netanyahoo|Chople Berry|[eat]\n|-enditem|p2a: netanyahoo|Chople Berry|[weaken]\n|-damage|p2a: netanyahoo|33/100\n|\n|upkeep\n|\n|t:|1775941595\n|switch|p1b: Tauros|Tauros-Paldea-Aqua, L50, M|100/100\n|-ability|p1b: Tauros|Intimidate|boost\n|-unboost|p2a: netanyahoo|atk|1\n|-unboost|p2b: nauzet|atk|1\n|turn|5\n|\n|t:|1775941605\n|switch|p2b: o\u00f1o\u00f1i|Incineroar, L50, M|38/100\n|-ability|p2b: o\u00f1o\u00f1i|Intimidate|boost\n|-unboost|p1a: Tsareena|atk|1\n|-unboost|p1b: Tauros|atk|1\n|move|p2a: netanyahoo|Super Fang|p1b: Tauros\n|-damage|p1b: Tauros|50/100\n|move|p1b: Tauros|Raging Bull|p2b: o\u00f1o\u00f1i\n|-supereffective|p2b: o\u00f1o\u00f1i|1\n|-damage|p2b: o\u00f1o\u00f1i|0 fnt\n|faint|p2b: o\u00f1o\u00f1i\n|-heal|p1b: Tauros|56/100|[from] item: Shell Bell|[of] p2: o\u00f1o\u00f1i\n|move|p1a: Tsareena|Play Rough|p2a: netanyahoo\n|-damage|p2a: netanyahoo|5/100\n|\n|upkeep\n|\n|t:|1775941619\n|switch|p2b: TINERFE|Charizard, L50, M, shiny|100/100\n|turn|6\n|\n|t:|1775941631\n|detailschange|p2b: TINERFE|Charizard-Mega-Y, L50, M, shiny\n|-mega|p2b: TINERFE|Charizard|Charizardite Y\n|-weather|SunnyDay|[from] ability: Drought|[of] p2b: TINERFE\n|move|p2a: netanyahoo|Super Fang|p1b: Tauros\n|-damage|p1b: Tauros|28/100\n|move|p2b: TINERFE|Heat Wave|p1a: Tsareena|[spread] p1a,p1b\n|-supereffective|p1a: Tsareena|1\n|-resisted|p1b: Tauros|1\n|-damage|p1a: Tsareena|0 fnt\n|-damage|p1b: Tauros|0 fnt\n|faint|p1a: Tsareena\n|faint|p1b: Tauros\n|\n|win|chochitik\n|raw|oberonn's rating: 1001 &rarr; <strong>1000</strong><br />(-1 for losing)\n|raw|chochitik's rating: 1073 &rarr; <strong>1096</strong><br />(+23 for winning)\n|l|\u2606oberonn\n|player|p1|\n",
  "uploadtime": 1775941761,
  "views": 22,
  "formatid": "gen9championsvgc2026regma",
  "rating": 1000,
  "private": 0,
  "password": null
}