{
  "id": "gen9championsvgc2026regma-2587697469",
  "format": "[Gen 9 Champions] VGC 2026 Reg M-A",
  "players": [
    "Disfrazdetigre",
    "callmelexi"
  ],
  "log": "|j|\u2606Disfrazdetigre\n|j|\u2606callmelexi\n|t:|1776554952\n|gametype|doubles\n|player|p1|Disfrazdetigre|101|1406\n|player|p2|callmelexi|rosa|1501\n|gen|9\n|tier|[Gen 9 Champions] VGC 2026 Reg M-A\n|rated|\n|rule|Species Clause: Limit one of each Pok\u00e9mon\n|rule|Item Clause: Limit 1 of each item\n|clearpoke\n|poke|p1|Scizor, L50, F|\n|poke|p1|Milotic, L50, M|\n|poke|p1|Medicham, L50, F|\n|poke|p1|Arcanine-Hisui, L50, M|\n|poke|p1|Heliolisk, L50, M|\n|poke|p1|Hydreigon, L50, F|\n|poke|p2|Froslass, L50, F|\n|poke|p2|Incineroar, L50, F|\n|poke|p2|Oranguru, L50, F|\n|poke|p2|Drampa, L50, F|\n|poke|p2|Kingambit, L50, F|\n|poke|p2|Sneasler, L50, F|\n|teampreview|4\n|inactive|Battle timer is ON: inactive players will automatically lose when time's up. (requested by callmelexi)\n|inactive|callmelexi has 60 seconds left.\n|\n|t:|1776554994\n|teamsize|p1|4\n|teamsize|p2|4\n|start\n|switch|p1a: Ashnard|Hydreigon, L50, F|100/100\n|switch|p1b: Tibarn|Scizor, L50, F|100/100\n|switch|p2a: Sneasler|Sneasler, L50, F|100/100\n|switch|p2b: Oranguru|Oranguru, L50, F|100/100\n|turn|1\n|inactive|callmelexi has 30 seconds left.\n|inactive|Disfrazdetigre has 30 seconds left.\n|\n|t:|1776555030\n|move|p2a: Sneasler|Close Combat|p1a: Ashnard\n|-supereffective|p1a: Ashnard|1\n|-enditem|p1a: Ashnard|Chople Berry|[eat]\n|-enditem|p1a: Ashnard|Chople Berry|[weaken]\n|-damage|p1a: Ashnard|38/100\n|-unboost|p2a: Sneasler|def|1\n|-unboost|p2a: Sneasler|spd|1\n|-enditem|p2a: Sneasler|White Herb\n|-clearnegativeboost|p2a: Sneasler|[silent]\n|move|p1a: Ashnard|Zen Headbutt|p2a: Sneasler\n|-supereffective|p2a: Sneasler|2\n|-damage|p2a: Sneasler|0 fnt\n|faint|p2a: Sneasler\n|move|p1b: Tibarn|Swords Dance|p1b: Tibarn\n|-boost|p1b: Tibarn|atk|2\n|move|p2b: Oranguru|Trick Room|p2b: Oranguru\n|-fieldstart|move: Trick Room|[of] p2b: Oranguru\n|\n|upkeep\n|\n|t:|1776555041\n|switch|p2a: Drampa|Drampa, L50, F|100/100\n|-ability|p2a: Drampa|Cloud Nine\n|turn|2\n|\n|t:|1776555054\n|detailschange|p2a: Drampa|Drampa-Mega, L50, F\n|-mega|p2a: Drampa|Drampa|Drampanite\n|move|p1b: Tibarn|Protect|p1b: Tibarn\n|-singleturn|p1b: Tibarn|Protect\n|move|p2a: Drampa|Hyper Voice|p1a: Ashnard|[spread] p1a\n|-activate|p1b: Tibarn|move: Protect\n|-damage|p1a: Ashnard|0 fnt\n|faint|p1a: Ashnard\n|move|p2b: Oranguru|Encore|p1b: Tibarn\n|-activate|p1b: Tibarn|move: Protect\n|\n|upkeep\n|\n|t:|1776555063\n|switch|p1a: Ashera|Medicham, L50, F|100/100\n|turn|3\n|inactive|callmelexi has 30 seconds left.\n|inactive|callmelexi has 20 seconds left.\n|\n|t:|1776555098\n|switch|p2a: Incineroar|Incineroar, L50, F|100/100\n|-ability|p2a: Incineroar|Intimidate|boost\n|-unboost|p1a: Ashera|atk|1\n|-unboost|p1b: Tibarn|atk|1\n|detailschange|p1a: Ashera|Medicham-Mega, L50, F\n|-mega|p1a: Ashera|Medicham|Medichamite\n|move|p1a: Ashera|Fake Out|p2a: Incineroar\n|-damage|p2a: Incineroar|84/100\n|move|p2b: Oranguru|Encore|p1a: Ashera\n|-start|p1a: Ashera|Encore\n|move|p1b: Tibarn|Swords Dance|p1b: Tibarn\n|-boost|p1b: Tibarn|atk|2\n|\n|upkeep\n|turn|4\n|inactive|callmelexi has 30 seconds left.\n|inactive|callmelexi has 20 seconds left.\n|\n|t:|1776555134\n|switch|p1a: Leanne|Milotic, L50, M|100/100\n|move|p1b: Tibarn|Protect|p1b: Tibarn\n|-singleturn|p1b: Tibarn|Protect\n|move|p2b: Oranguru|Psychic|p1a: Leanne\n|-damage|p1a: Leanne|81/100\n|move|p2a: Incineroar|Flare Blitz|p1b: Tibarn\n|-activate|p1b: Tibarn|move: Protect\n|\n|upkeep\n|turn|5\n|\n|t:|1776555150\n|move|p1b: Tibarn|Bullet Punch|p2b: Oranguru\n|-damage|p2b: Oranguru|28/100\n|move|p2b: Oranguru|Encore|p1b: Tibarn\n|-start|p1b: Tibarn|Encore\n|move|p2a: Incineroar|Parting Shot|p1b: Tibarn\n|-unboost|p1b: Tibarn|atk|1\n|-unboost|p1b: Tibarn|spa|1\n|\n|t:|1776555154\n|switch|p2a: Drampa|Drampa-Mega, L50, F|100/100|[from] Parting Shot\n|move|p1a: Leanne|Scald|p2a: Drampa\n|-resisted|p2a: Drampa|1\n|-damage|p2a: Drampa|89/100\n|\n|-fieldend|move: Trick Room\n|upkeep\n|turn|6\n|\n|t:|1776555170\n|switch|p2b: Incineroar|Incineroar, L50, F|84/100\n|-ability|p2b: Incineroar|Intimidate|boost\n|-unboost|p1a: Leanne|atk|1\n|-ability|p1a: Leanne|Competitive|boost\n|-boost|p1a: Leanne|spa|2\n|-unboost|p1b: Tibarn|atk|1\n|move|p1b: Tibarn|Bullet Punch|p2a: Drampa\n|-damage|p2a: Drampa|42/100\n|-ability|p2a: Drampa|Berserk|boost\n|-boost|p2a: Drampa|spa|1\n|move|p1a: Leanne|Scald|p2b: Incineroar\n|-supereffective|p2b: Incineroar|1\n|-damage|p2b: Incineroar|4/100\n|-enditem|p2b: Incineroar|Sitrus Berry|[eat]\n|-heal|p2b: Incineroar|29/100|[from] item: Sitrus Berry\n|move|p2a: Drampa|Earth Power|p1b: Tibarn\n|-damage|p1b: Tibarn|19/100\n|\n|upkeep\n|turn|7\n|\n|t:|1776555195\n|move|p1a: Leanne|Protect|p1a: Leanne\n|-singleturn|p1a: Leanne|Protect\n|move|p2b: Incineroar|Fake Out|p1b: Tibarn\n|-resisted|p1b: Tibarn|1\n|-damage|p1b: Tibarn|13/100\n|cant|p1b: Tibarn|flinch\n|move|p2a: Drampa|Draco Meteor|p1a: Leanne\n|-activate|p1a: Leanne|move: Protect\n|\n|upkeep\n|turn|8\n|inactive|callmelexi has 30 seconds left.\n|\n|t:|1776555227\n|move|p1b: Tibarn|Bullet Punch|p2a: Drampa\n|-damage|p2a: Drampa|0 fnt\n|faint|p2a: Drampa\n|move|p1a: Leanne|Scald|p2b: Incineroar\n|-supereffective|p2b: Incineroar|1\n|-damage|p2b: Incineroar|0 fnt\n|faint|p2b: Incineroar\n|\n|-end|p1b: Tibarn|Encore\n|upkeep\n|-message|callmelexi forfeited.\n|\n|win|Disfrazdetigre\n|raw|Disfrazdetigre's rating: 1406 &rarr; <strong>1431</strong><br />(+25 for winning)\n|raw|callmelexi's rating: 1501 &rarr; <strong>1476</strong><br />(-25 for losing)\n|l|\u2606callmelexi\n|player|p2|\n",
  "uploadtime": 1776555237,
  "views": 20,
  "formatid": "gen9championsvgc2026regma",
  "rating": 1431,
  "private": 0,
  "password": null
}