{
  "id": "gen9championsvgc2026regma-2583172793",
  "format": "[Gen 9 Champions] VGC 2026 Reg M-A",
  "players": [
    "Tzucci",
    "MingToan"
  ],
  "log": "|j|\u2606Tzucci\n|j|\u2606MingToan\n|t:|1776150855\n|gametype|doubles\n|player|p1|Tzucci|2|1147\n|player|p2|MingToan|steven|1049\n|gen|9\n|tier|[Gen 9 Champions] VGC 2026 Reg M-A\n|rated|\n|rule|Species Clause: Limit one of each Pok\u00e9mon\n|rule|Item Clause: Limit 1 of each item\n|clearpoke\n|poke|p1|Tyranitar, L50, F|\n|poke|p1|Excadrill, L50, M|\n|poke|p1|Incineroar, L50, F|\n|poke|p1|Primarina, L50, F|\n|poke|p1|Farigiraf, L50, M|\n|poke|p1|Sinistcha, L50|\n|poke|p2|Incineroar, L50, M|\n|poke|p2|Sneasler, L50, F|\n|poke|p2|Garchomp, L50, M|\n|poke|p2|Rotom-Wash, L50|\n|poke|p2|Froslass, L50, F|\n|poke|p2|Talonflame, L50, F|\n|teampreview|4\n|inactive|Battle timer is ON: inactive players will automatically lose when time's up. (requested by MingToan)\n|\n|t:|1776150876\n|teamsize|p1|4\n|teamsize|p2|4\n|start\n|switch|p1a: GOJIRA|Tyranitar, L50, F|100/100\n|switch|p1b: SANDMAN|Excadrill, L50, M|100/100\n|switch|p2a: Sneasler|Sneasler, L50, F, shiny|100/100\n|switch|p2b: Garchomp|Garchomp, L50, M, shiny|100/100\n|-weather|Sandstorm|[from] ability: Sand Stream|[of] p1a: GOJIRA\n|turn|1\n|inactive|MingToan has 30 seconds left.\n|inactive|MingToan has 20 seconds left.\n|inactive|MingToan has 15 seconds left.\n|inactive|MingToan has 10 seconds left.\n|inactive|MingToan has 5 seconds left.\n|\n|t:|1776150931\n|switch|p1a: Long Neck|Farigiraf, L50, M|100/100\n|move|p1b: SANDMAN|Swords Dance|p1b: SANDMAN\n|-boost|p1b: SANDMAN|atk|2\n|move|p2b: Garchomp|Earthquake|p1b: SANDMAN|[spread] p2a,p1a,p1b\n|-supereffective|p2a: Sneasler|1\n|-supereffective|p1b: SANDMAN|1\n|-damage|p2a: Sneasler|0 fnt\n|-damage|p1a: Long Neck|66/100\n|-enditem|p1b: SANDMAN|Focus Sash\n|-damage|p1b: SANDMAN|1/100\n|faint|p2a: Sneasler\n|\n|-weather|Sandstorm|[upkeep]\n|-damage|p1a: Long Neck|60/100|[from] Sandstorm\n|upkeep\n|\n|t:|1776150936\n|switch|p2a: Incineroar|Incineroar, L50, M, shiny|100/100\n|-ability|p2a: Incineroar|Intimidate|boost\n|-unboost|p1a: Long Neck|atk|1\n|-unboost|p1b: SANDMAN|atk|1\n|turn|2\n|inactive|Tzucci has 30 seconds left.\n|\n|t:|1776150965\n|move|p2a: Incineroar|Fake Out||[still]\n|cant|p1a: Long Neck|ability: Armor Tail|Fake Out|[of] p2a: Incineroar\n|move|p1b: SANDMAN|High Horsepower|p2a: Incineroar|[miss]\n|-miss|p1b: SANDMAN|p2a: Incineroar\n|move|p2b: Garchomp|Earthquake|p1a: Long Neck|[spread] p2a,p1a,p1b\n|-supereffective|p2a: Incineroar|1\n|-supereffective|p1b: SANDMAN|1\n|-damage|p2a: Incineroar|44/100\n|-damage|p1a: Long Neck|26/100\n|-damage|p1b: SANDMAN|0 fnt\n|-enditem|p2a: Incineroar|Sitrus Berry|[eat]\n|-heal|p2a: Incineroar|69/100|[from] item: Sitrus Berry\n|faint|p1b: SANDMAN\n|move|p1a: Long Neck|Twin Beam|p2b: Garchomp\n|-damage|p2b: Garchomp|82/100\n|-damage|p2b: Garchomp|65/100\n|-hitcount|p2b: Garchomp|2\n|\n|-weather|Sandstorm|[upkeep]\n|-damage|p2a: Incineroar|63/100|[from] Sandstorm\n|-damage|p1a: Long Neck|19/100|[from] Sandstorm\n|upkeep\n|\n|t:|1776150985\n|switch|p1b: GOJIRA|Tyranitar, L50, F|100/100\n|turn|3\n|\n|t:|1776151006\n|detailschange|p1b: GOJIRA|Tyranitar-Mega, L50, F\n|-mega|p1b: GOJIRA|Tyranitar|Tyranitarite\n|move|p2b: Garchomp|Earthquake|p1a: Long Neck|[spread] p2a,p1a,p1b\n|-supereffective|p2a: Incineroar|1\n|-supereffective|p1b: GOJIRA|1\n|-damage|p2a: Incineroar|9/100\n|-damage|p1a: Long Neck|0 fnt\n|-damage|p1b: GOJIRA|54/100\n|faint|p1a: Long Neck\n|move|p1b: GOJIRA|Rock Slide|p2b: Garchomp|[spread] p2b\n|-miss|p1b: GOJIRA|p2a: Incineroar\n|-resisted|p2b: Garchomp|1\n|-damage|p2b: Garchomp|48/100\n|move|p2a: Incineroar|Darkest Lariat|p1b: GOJIRA\n|-resisted|p1b: GOJIRA|1\n|-damage|p1b: GOJIRA|44/100\n|\n|-weather|Sandstorm|[upkeep]\n|-damage|p2a: Incineroar|3/100|[from] Sandstorm\n|upkeep\n|\n|t:|1776151024\n|switch|p1a: Matchapapi|Sinistcha, L50|100/100\n|-heal|p1b: GOJIRA|69/100|[from] ability: Hospitality|[of] p1a: Matchapapi\n|turn|4\n|\n|t:|1776151034\n|move|p2b: Garchomp|Earthquake|p1b: GOJIRA|[spread] p2a,p1a,p1b\n|-supereffective|p2a: Incineroar|1\n|-resisted|p1a: Matchapapi|1\n|-supereffective|p1b: GOJIRA|1\n|-damage|p2a: Incineroar|0 fnt\n|-damage|p1a: Matchapapi|83/100\n|-damage|p1b: GOJIRA|23/100\n|faint|p2a: Incineroar\n|move|p1b: GOJIRA|Rock Slide|p2b: Garchomp\n|-resisted|p2b: Garchomp|1\n|-damage|p2b: Garchomp|23/100\n|move|p1a: Matchapapi|Trick Room|p1a: Matchapapi\n|-fieldstart|move: Trick Room|[of] p1a: Matchapapi\n|\n|-weather|Sandstorm|[upkeep]\n|-damage|p1a: Matchapapi|77/100|[from] Sandstorm\n|upkeep\n|\n|t:|1776151046\n|switch|p2a: Froslass|Froslass, L50, F, shiny|100/100\n|turn|5\n|inactive|Tzucci has 30 seconds left.\n|\n|t:|1776151075\n|detailschange|p2a: Froslass|Froslass-Mega, L50, F, shiny\n|-mega|p2a: Froslass|Froslass|Froslassite\n|-weather|Snowscape|[from] ability: Snow Warning|[of] p2a: Froslass\n|move|p1a: Matchapapi|Matcha Gotcha|p2b: Garchomp|[spread] p2b\n|-miss|p1a: Matchapapi|p2a: Froslass\n|-damage|p2b: Garchomp|0 fnt\n|-heal|p1a: Matchapapi|90/100|[from] drain|[of] p2b: Garchomp\n|faint|p2b: Garchomp\n|move|p1b: GOJIRA|Rock Slide|p2a: Froslass\n|-supereffective|p2a: Froslass|1\n|-damage|p2a: Froslass|0 fnt\n|faint|p2a: Froslass\n|\n|win|Tzucci\n|raw|Tzucci's rating: 1147 &rarr; <strong>1165</strong><br />(+18 for winning)\n|raw|MingToan's rating: 1049 &rarr; <strong>1036</strong><br />(-13 for losing)\n|l|\u2606MingToan\n|player|p2|\n",
  "uploadtime": 1776151093,
  "views": 23,
  "formatid": "gen9championsvgc2026regma",
  "rating": 1036,
  "private": 0,
  "password": null
}