{
  "id": "gen9championsvgc2026regma-2587222183",
  "format": "[Gen 9 Champions] VGC 2026 Reg M-A",
  "players": [
    "EntropyD",
    "Assassin6000"
  ],
  "log": "|j|\u2606EntropyD\n|j|\u2606Assassin6000\n|t:|1776510945\n|gametype|doubles\n|player|p1|EntropyD|1|1064\n|player|p2|Assassin6000|170|1099\n|gen|9\n|tier|[Gen 9 Champions] VGC 2026 Reg M-A\n|rated|\n|rule|Species Clause: Limit one of each Pok\u00e9mon\n|rule|Item Clause: Limit 1 of each item\n|clearpoke\n|poke|p1|Charizard, L50, M|\n|poke|p1|Whimsicott, L50, F|\n|poke|p1|Garchomp, L50, F|\n|poke|p1|Clefable, L50, F|\n|poke|p1|Kingambit, L50, M|\n|poke|p1|Kommo-o, L50, M|\n|poke|p2|Archaludon, L50, M|\n|poke|p2|Pelipper, L50, F|\n|poke|p2|Sneasler, L50, F|\n|poke|p2|Incineroar, L50, F|\n|poke|p2|Basculegion, L50, M|\n|poke|p2|Meganium, L50, M|\n|teampreview|4\nAssassin6000 has agreed to open team sheets.\nEntropyD rejected open team sheets.\n|inactive|Battle timer is ON: inactive players will automatically lose when time's up. (requested by EntropyD)\n|\n|t:|1776510982\n|teamsize|p1|4\n|teamsize|p2|4\n|start\n|switch|p1a: Charizard|Charizard, L50, M|100/100\n|switch|p1b: Whimsicott|Whimsicott, L50, F|100/100\n|switch|p2a: Incineroar|Incineroar, L50, F|100/100\n|switch|p2b: Basculegion|Basculegion, L50, M|100/100\n|-ability|p2a: Incineroar|Intimidate|boost\n|-unboost|p1a: Charizard|atk|1\n|-unboost|p1b: Whimsicott|atk|1\n|turn|1\n|inactive|EntropyD has 30 seconds left.\n|inactive|Assassin6000 has 30 seconds left.\n|inactive|Assassin6000 has 20 seconds left.\n|\n|t:|1776511020\n|detailschange|p1a: Charizard|Charizard-Mega-Y, L50, M\n|-mega|p1a: Charizard|Charizard|Charizardite Y\n|-weather|SunnyDay|[from] ability: Drought|[of] p1a: Charizard\n|move|p2a: Incineroar|Fake Out|p1b: Whimsicott\n|-damage|p1b: Whimsicott|89/100\n|cant|p1b: Whimsicott|flinch\n|move|p1a: Charizard|Solar Beam||[still]\n|-prepare|p1a: Charizard|Solar Beam\n|-anim|p1a: Charizard|Solar Beam|p2b: Basculegion\n|-supereffective|p2b: Basculegion|1\n|-damage|p2b: Basculegion|0 fnt\n|faint|p2b: Basculegion\n|\n|-weather|SunnyDay|[upkeep]\n|upkeep\n|\n|t:|1776511033\n|switch|p2b: Pelipper|Pelipper, L50, F|100/100\n|-weather|RainDance|[from] ability: Drizzle|[of] p2b: Pelipper\n|turn|2\n|\n|t:|1776511049\n|switch|p1a: Kingambit|Kingambit, L50, M|100/100\n|move|p1b: Whimsicott|Encore|p2a: Incineroar\n|-hint|Since gen 7, Dark is immune to Prankster moves.\n|-immune|p2a: Incineroar\n|move|p2b: Pelipper|Tailwind|p2b: Pelipper\n|-sidestart|p2: Assassin6000|move: Tailwind\n|move|p2a: Incineroar|Flare Blitz|p1b: Whimsicott\n|-supereffective|p1b: Whimsicott|1\n|-damage|p1b: Whimsicott|39/100\n|-damage|p2a: Incineroar|90/100|[from] Recoil\n|\n|-weather|RainDance|[upkeep]\n|upkeep\n|turn|3\n|inactive|Assassin6000 has 30 seconds left.\n|\n|t:|1776511077\n|switch|p2b: Meganium|Meganium, L50, M|100/100\n|switch|p1b: Clefable|Clefable, L50, F|100/100\n|move|p2a: Incineroar|Flare Blitz|p1a: Kingambit\n|-supereffective|p1a: Kingambit|1\n|-damage|p1a: Kingambit|69/100\n|-damage|p2a: Incineroar|81/100|[from] Recoil\n|move|p1a: Kingambit|Kowtow Cleave|p2b: Meganium\n|-damage|p2b: Meganium|53/100\n|\n|-weather|RainDance|[upkeep]\n|upkeep\n|turn|4\n|inactive|Assassin6000 has 30 seconds left.\n|\n|t:|1776511110\n|detailschange|p2b: Meganium|Meganium-Mega, L50, M\n|-mega|p2b: Meganium|Meganium|Meganiumite\n|move|p2b: Meganium|Synthesis|p2b: Meganium\n|-heal|p2b: Meganium|100/100\n|move|p2a: Incineroar|Flare Blitz|p1a: Kingambit\n|-supereffective|p1a: Kingambit|1\n|-damage|p1a: Kingambit|37/100\n|-damage|p2a: Incineroar|72/100|[from] Recoil\n|move|p1b: Clefable|Light Screen|p1b: Clefable\n|-sidestart|p1: EntropyD|move: Light Screen\n|move|p1a: Kingambit|Kowtow Cleave|p2b: Meganium\n|-resisted|p2b: Meganium|1\n|-damage|p2b: Meganium|81/100\n|\n|-weather|RainDance|[upkeep]\n|upkeep\n|turn|5\n|inactive|EntropyD has 30 seconds left.\n|inactive|Assassin6000 has 30 seconds left.\n|inactive|Assassin6000 has 20 seconds left.\n|\n|t:|1776511146\n|-end|p1a: Kingambit|fallenundefined|[silent]\n|switch|p1a: Charizard|Charizard-Mega-Y, L50, M|100/100\n|-weather|SunnyDay|[from] ability: Drought|[of] p1a: Charizard\n|move|p2b: Meganium|Dazzling Gleam|p1a: Charizard|[spread] p1a,p1b\n|-resisted|p1a: Charizard|1\n|-damage|p1a: Charizard|90/100\n|-damage|p1b: Clefable|83/100\n|move|p2a: Incineroar|Flare Blitz|p1a: Charizard\n|-resisted|p1a: Charizard|1\n|-damage|p1a: Charizard|37/100\n|-damage|p2a: Incineroar|58/100|[from] Recoil\n|move|p1b: Clefable|Moonblast|p2a: Incineroar\n|-damage|p2a: Incineroar|34/100\n|-enditem|p2a: Incineroar|Sitrus Berry|[eat]\n|-heal|p2a: Incineroar|59/100|[from] item: Sitrus Berry\n|\n|-weather|SunnyDay|[upkeep]\n|-sideend|p2: Assassin6000|move: Tailwind\n|upkeep\n|turn|6\n|inactive|Assassin6000 has 30 seconds left.\n|inactive|Assassin6000 has 20 seconds left.\n|\n|t:|1776511185\n|switch|p2a: Pelipper|Pelipper, L50, F|100/100\n|-weather|RainDance|[from] ability: Drizzle|[of] p2a: Pelipper\n|move|p1b: Clefable|Helping Hand|p1a: Charizard\n|-singleturn|p1a: Charizard|Helping Hand|[of] p1b: Clefable\n|move|p1a: Charizard|Heat Wave|p2b: Meganium|[spread] p2a,p2b\n|-resisted|p2a: Pelipper|1\n|-supereffective|p2b: Meganium|1\n|-damage|p2a: Pelipper|74/100\n|-damage|p2b: Meganium|32/100\n|-status|p2b: Meganium|brn\n|move|p2b: Meganium|Dazzling Gleam|p1b: Clefable|[spread] p1a,p1b\n|-resisted|p1a: Charizard|1\n|-damage|p1a: Charizard|26/100\n|-damage|p1b: Clefable|65/100\n|\n|-weather|RainDance|[upkeep]\n|-damage|p2b: Meganium|26/100 brn|[from] brn\n|upkeep\n|turn|7\n|inactive|EntropyD has 30 seconds left.\n|inactive|Assassin6000 has 30 seconds left.\n|\n|t:|1776511214\n|switch|p1a: Kingambit|Kingambit, L50, M|37/100\n|move|p2a: Pelipper|Tailwind|p2a: Pelipper\n|-sidestart|p2: Assassin6000|move: Tailwind\n|move|p2b: Meganium|Synthesis|p2b: Meganium\n|-heal|p2b: Meganium|92/100 brn\n|move|p1b: Clefable|Life Dew|p1b: Clefable|[spread] p1a,p1b\n|-heal|p1a: Kingambit|62/100\n|-heal|p1b: Clefable|90/100\n|\n|-weather|RainDance|[upkeep]\n|-damage|p2b: Meganium|87/100 brn|[from] brn\n|upkeep\n|turn|8\n|inactive|Assassin6000 has 30 seconds left.\n|\n|t:|1776511241\n|switch|p2a: Incineroar|Incineroar, L50, F|59/100\n|-ability|p2a: Incineroar|Intimidate|boost\n|-unboost|p1a: Kingambit|atk|1\n|-unboost|p1b: Clefable|atk|1\n|move|p1b: Clefable|Helping Hand|p1a: Kingambit\n|-singleturn|p1a: Kingambit|Helping Hand|[of] p1b: Clefable\n|move|p2b: Meganium|Dazzling Gleam|p1b: Clefable|[spread] p1a,p1b\n|-damage|p1a: Kingambit|36/100\n|-damage|p1b: Clefable|73/100\n|move|p1a: Kingambit|Iron Head|p2b: Meganium\n|-supereffective|p2b: Meganium|1\n|-damage|p2b: Meganium|5/100 brn\n|\n|-weather|RainDance|[upkeep]\n|-damage|p2b: Meganium|0 fnt|[from] brn\n|faint|p2b: Meganium\n|-sideend|p1: EntropyD|move: Light Screen\n|upkeep\n|\n|t:|1776511257\n|switch|p2b: Pelipper|Pelipper, L50, F|74/100\n|turn|9\n|inactive|Assassin6000 has 30 seconds left.\n|\n|t:|1776511282\n|move|p1a: Kingambit|Protect|p1a: Kingambit\n|-singleturn|p1a: Kingambit|Protect\n|move|p2a: Incineroar|Fake Out|p1b: Clefable\n|-damage|p1b: Clefable|61/100\n|move|p2b: Pelipper|Weather Ball|p1a: Kingambit\n|-activate|p1a: Kingambit|move: Protect\n|cant|p1b: Clefable|flinch\n|\n|-weather|RainDance|[upkeep]\n|upkeep\n|turn|10\n|\n|t:|1776511307\n|-end|p1a: Kingambit|fallenundefined|[silent]\n|switch|p1a: Whimsicott|Whimsicott, L50, F|39/100\n|move|p2b: Pelipper|Weather Ball|p1b: Clefable\n|-damage|p1b: Clefable|10/100\n|move|p2a: Incineroar|Flare Blitz|p1a: Whimsicott\n|-supereffective|p1a: Whimsicott|1\n|-damage|p1a: Whimsicott|0 fnt\n|faint|p1a: Whimsicott\n|-damage|p2a: Incineroar|50/100|[from] Recoil\n|move|p1b: Clefable|Light Screen|p1b: Clefable\n|-sidestart|p1: EntropyD|move: Light Screen\n|\n|-weather|none\n|-sideend|p2: Assassin6000|move: Tailwind\n|upkeep\n|\n|t:|1776511317\n|switch|p1a: Charizard|Charizard-Mega-Y, L50, M|26/100\n|-weather|SunnyDay|[from] ability: Drought|[of] p1a: Charizard\n|turn|11\n|\n|t:|1776511339\n|move|p2b: Pelipper|Protect|p2b: Pelipper\n|-singleturn|p2b: Pelipper|Protect\n|move|p1a: Charizard|Solar Beam||[still]\n|-prepare|p1a: Charizard|Solar Beam\n|-anim|p1a: Charizard|Solar Beam|p2b: Pelipper\n|-activate|p2b: Pelipper|move: Protect\n|move|p2a: Incineroar|Darkest Lariat|p1a: Charizard\n|-damage|p1a: Charizard|0 fnt\n|faint|p1a: Charizard\n|move|p1b: Clefable|Life Dew|p1b: Clefable\n|-heal|p1b: Clefable|35/100\n|\n|-weather|SunnyDay|[upkeep]\n|upkeep\n|\n|t:|1776511345\n|switch|p1a: Kingambit|Kingambit, L50, M|36/100\n|-activate|p1a: Kingambit|ability: Supreme Overlord\n|-start|p1a: Kingambit|fallen2|[silent]\n|turn|12\n|inactive|Assassin6000 has 30 seconds left.\n|inactive|Assassin6000 has 20 seconds left.\n|\n|t:|1776511381\n|move|p2b: Pelipper|Tailwind|p2b: Pelipper\n|-sidestart|p2: Assassin6000|move: Tailwind\n|move|p2a: Incineroar|Flare Blitz|p1a: Kingambit\n|-supereffective|p1a: Kingambit|1\n|-damage|p1a: Kingambit|0 fnt\n|faint|p1a: Kingambit\n|-end|p1a: Kingambit|fallen2|[silent]\n|-damage|p2a: Incineroar|41/100|[from] Recoil\n|move|p1b: Clefable|Life Dew|p1b: Clefable\n|-heal|p1b: Clefable|60/100\n|\n|-weather|SunnyDay|[upkeep]\n|upkeep\n|turn|13\n|-message|EntropyD forfeited.\n|\n|win|Assassin6000\n|raw|EntropyD's rating: 1064 &rarr; <strong>1046</strong><br />(-18 for losing)\n|raw|Assassin6000's rating: 1099 &rarr; <strong>1122</strong><br />(+23 for winning)\n|l|\u2606EntropyD\n|player|p1|\n",
  "uploadtime": 1776511398,
  "views": 25,
  "formatid": "gen9championsvgc2026regma",
  "rating": 1046,
  "private": 0,
  "password": null
}