{
  "id": "gen9championsvgc2026regma-2581560002",
  "format": "[Gen 9 Champions] VGC 2026 Reg M-A",
  "players": [
    "Hsdhjyc",
    "CEExy"
  ],
  "log": "|j|\u2606Hsdhjyc\n|j|\u2606CEExy\n|t:|1776010986\n|gametype|doubles\n|player|p1|Hsdhjyc|101|1000\n|player|p2|CEExy|hilbert|1000\n|gen|9\n|tier|[Gen 9 Champions] VGC 2026 Reg M-A\n|rated|\n|rule|Species Clause: Limit one of each Pok\u00e9mon\n|rule|Item Clause: Limit 1 of each item\n|clearpoke\n|poke|p1|Charizard, L50, M|\n|poke|p1|Venusaur, L50, F|\n|poke|p1|Palafin, L50, M|\n|poke|p1|Farigiraf, L50, M|\n|poke|p1|Corviknight, L50, F|\n|poke|p1|Skeledirge, L50, F|\n|poke|p2|Manectric, L50, F|\n|poke|p2|Aerodactyl, L50, M|\n|poke|p2|Incineroar, L50, M|\n|poke|p2|Pelipper, L50, F|\n|poke|p2|Basculegion, L50, M|\n|poke|p2|Archaludon, L50, M|\n|teampreview|4\n|\n|t:|1776011019\n|teamsize|p1|4\n|teamsize|p2|4\n|start\n|switch|p1a: Charizard|Charizard, L50, M|100/100\n|switch|p1b: Palafin|Palafin, L50, M|100/100\n|switch|p2a: Aerodactyl|Aerodactyl, L50, M|100/100\n|switch|p2b: Manectric|Manectric, L50, F|100/100\n|-ability|p2a: Aerodactyl|Pressure\n|turn|1\n|\n|t:|1776011053\n|detailschange|p2b: Manectric|Manectric-Mega, L50, F\n|-mega|p2b: Manectric|Manectric|Manectite\n|-ability|p2b: Manectric|Intimidate|boost\n|-unboost|p1a: Charizard|atk|1\n|-unboost|p1b: Palafin|atk|1\n|move|p2a: Aerodactyl|Protect|p2a: Aerodactyl\n|-singleturn|p2a: Aerodactyl|Protect\n|move|p1b: Palafin|Flip Turn|p2a: Aerodactyl\n|-activate|p2a: Aerodactyl|move: Protect\n|move|p2b: Manectric|Volt Switch|p1b: Palafin\n|-supereffective|p1b: Palafin|1\n|-damage|p1b: Palafin|0 fnt\n|faint|p1b: Palafin\n|\n|t:|1776011065\n|switch|p2b: Pelipper|Pelipper, L50, F|100/100|[from] Volt Switch\n|-weather|RainDance|[from] ability: Drizzle|[of] p2b: Pelipper\n|move|p1a: Charizard|Fire Blast|p2b: Pelipper\n|-resisted|p2b: Pelipper|1\n|-damage|p2b: Pelipper|77/100\n|\n|-weather|RainDance|[upkeep]\n|upkeep\n|\n|t:|1776011076\n|switch|p1b: Venusaur|Venusaur, L50, F|100/100\n|turn|2\n|\n|t:|1776011113\n|switch|p2a: Manectric|Manectric-Mega, L50, F|100/100\n|-ability|p2a: Manectric|Intimidate|boost\n|-unboost|p1a: Charizard|atk|1\n|-unboost|p1b: Venusaur|atk|1\n|switch|p2b: Archaludon|Archaludon, L50, M|100/100\n|detailschange|p1a: Charizard|Charizard-Mega-Y, L50, M\n|-mega|p1a: Charizard|Charizard|Charizardite Y\n|-weather|SunnyDay|[from] ability: Drought|[of] p1a: Charizard\n|move|p1b: Venusaur|Toxic|p2a: Manectric\n|-status|p2a: Manectric|tox\n|move|p1a: Charizard|Solar Beam||[still]\n|-prepare|p1a: Charizard|Solar Beam\n|-anim|p1a: Charizard|Solar Beam|p2b: Archaludon\n|-resisted|p2b: Archaludon|2\n|-damage|p2b: Archaludon|88/100\n|-ability|p2b: Archaludon|Stamina|boost\n|-boost|p2b: Archaludon|def|1\n|\n|-weather|SunnyDay|[upkeep]\n|-heal|p2b: Archaludon|94/100|[from] item: Leftovers\n|-damage|p2a: Manectric|94/100 tox|[from] psn\n|upkeep\n|turn|3\n|\n|t:|1776011148\n|switch|p2a: Pelipper|Pelipper, L50, F|77/100\n|-weather|RainDance|[from] ability: Drizzle|[of] p2a: Pelipper\n|switch|p1a: Skeledirge|Skeledirge, L50, F|100/100\n|move|p1b: Venusaur|Sleep Powder|p2b: Archaludon\n|-status|p2b: Archaludon|slp|[from] move: Sleep Powder\n|cant|p2b: Archaludon|slp\n|\n|-weather|RainDance|[upkeep]\n|-heal|p2b: Archaludon|99/100 slp|[from] item: Leftovers\n|upkeep\n|turn|4\n|\n|t:|1776011183\n|switch|p1b: Charizard|Charizard-Mega-Y, L50, M|100/100\n|-weather|SunnyDay|[from] ability: Drought|[of] p1b: Charizard\n|switch|p2a: Manectric|Manectric-Mega, L50, F|94/100 tox\n|-ability|p2a: Manectric|Intimidate|boost\n|-unboost|p1a: Skeledirge|atk|1\n|-unboost|p1b: Charizard|atk|1\n|cant|p2b: Archaludon|slp\n|move|p1a: Skeledirge|Shadow Ball|p2b: Archaludon\n|-damage|p2b: Archaludon|54/100 slp\n|-ability|p2b: Archaludon|Stamina|boost\n|-boost|p2b: Archaludon|def|1\n|\n|-weather|SunnyDay|[upkeep]\n|-heal|p2b: Archaludon|60/100 slp|[from] item: Leftovers\n|-damage|p2a: Manectric|88/100 tox|[from] psn\n|upkeep\n|turn|5\n|\n|t:|1776011210\n|switch|p2a: Pelipper|Pelipper, L50, F|77/100\n|-weather|RainDance|[from] ability: Drizzle|[of] p2a: Pelipper\n|move|p1b: Charizard|Earthquake|p2b: Archaludon|[spread] p1a,p2b\n|-immune|p2a: Pelipper\n|-supereffective|p1a: Skeledirge|1\n|-supereffective|p2b: Archaludon|1\n|-damage|p1a: Skeledirge|68/100\n|-damage|p2b: Archaludon|51/100 slp\n|-ability|p2b: Archaludon|Stamina|boost\n|-boost|p2b: Archaludon|def|1\n|-curestatus|p2b: Archaludon|slp|[msg]\n|move|p2b: Archaludon|Draco Meteor|p1b: Charizard\n|-damage|p1b: Charizard|39/100\n|-unboost|p2b: Archaludon|spa|2\n|move|p1a: Skeledirge|Torch Song|p2b: Archaludon\n|-damage|p2b: Archaludon|25/100\n|-boost|p1a: Skeledirge|spa|1\n|-ability|p2b: Archaludon|Stamina|boost\n|-boost|p2b: Archaludon|def|1\n|\n|-weather|RainDance|[upkeep]\n|-heal|p2b: Archaludon|31/100|[from] item: Leftovers\n|upkeep\n|turn|6\n|\n|t:|1776011239\n|move|p1b: Charizard|Dragon Pulse|p2a: Pelipper\n|-damage|p2a: Pelipper|18/100\n|move|p2a: Pelipper|Hurricane|p1b: Charizard\n|-damage|p1b: Charizard|0 fnt\n|faint|p1b: Charizard\n|move|p2b: Archaludon|Draco Meteor|p1a: Skeledirge\n|-damage|p1a: Skeledirge|4/100\n|-unboost|p2b: Archaludon|spa|2\n|move|p1a: Skeledirge|Torch Song|p2b: Archaludon\n|-damage|p2b: Archaludon|0 fnt\n|-boost|p1a: Skeledirge|spa|1\n|faint|p2b: Archaludon\n|\n|-weather|RainDance|[upkeep]\n|upkeep\n|\n|t:|1776011257\n|switch|p1b: Venusaur|Venusaur, L50, F|100/100\n|switch|p2b: Manectric|Manectric-Mega, L50, F|88/100 tox\n|-ability|p2b: Manectric|Intimidate|boost\n|-unboost|p1a: Skeledirge|atk|1\n|-unboost|p1b: Venusaur|atk|1\n|turn|7\n|\n|t:|1776011273\n|move|p2b: Manectric|Snarl|p1b: Venusaur|[spread] p1a,p1b\n|-supereffective|p1a: Skeledirge|1\n|-damage|p1a: Skeledirge|0 fnt\n|-damage|p1b: Venusaur|86/100\n|-unboost|p1b: Venusaur|spa|1\n|faint|p1a: Skeledirge\n|move|p1b: Venusaur|Giga Drain|p2a: Pelipper\n|-damage|p2a: Pelipper|0 fnt\n|-heal|p1b: Venusaur|92/100|[from] drain|[of] p2a: Pelipper\n|faint|p2a: Pelipper\n|\n|-weather|RainDance|[upkeep]\n|-heal|p1b: Venusaur|98/100|[from] item: Leftovers\n|-damage|p2b: Manectric|82/100 tox|[from] psn\n|upkeep\n|\n|t:|1776011281\n|switch|p2a: Aerodactyl|Aerodactyl, L50, M|100/100\n|-ability|p2a: Aerodactyl|Pressure\n|turn|8\n|\n|t:|1776011298\n|move|p2b: Manectric|Snarl|p1b: Venusaur\n|-damage|p1b: Venusaur|80/100\n|-unboost|p1b: Venusaur|spa|1\n|move|p2a: Aerodactyl|Dual Wingbeat|p1b: Venusaur\n|-supereffective|p1b: Venusaur|1\n|-damage|p1b: Venusaur|40/100\n|-supereffective|p1b: Venusaur|1\n|-damage|p1b: Venusaur|0 fnt\n|faint|p1b: Venusaur\n|-hitcount|p1: Venusaur|2\n|\n|win|CEExy\n|raw|Hsdhjyc's rating: 1000 &rarr; <strong>1000</strong><br />(+0 for losing)\n|raw|CEExy's rating: 1000 &rarr; <strong>1040</strong><br />(+40 for winning)\n",
  "uploadtime": 1776011308,
  "views": 16,
  "formatid": "gen9championsvgc2026regma",
  "rating": 1000,
  "private": 0,
  "password": null
}