{
  "id": "gen9championsvgc2026regma-2582205093",
  "format": "[Gen 9 Champions] VGC 2026 Reg M-A",
  "players": [
    "pikaisme69",
    "OwenScizor"
  ],
  "log": "|j|\u2606pikaisme69\n|j|\u2606OwenScizor\n|t:|1776071066\n|gametype|doubles\n|player|p1|pikaisme69|beauty-gen4dp|1000\n|player|p2|OwenScizor|acetrainer-gen4dp|1074\n|gen|9\n|tier|[Gen 9 Champions] VGC 2026 Reg M-A\n|rated|\n|rule|Species Clause: Limit one of each Pok\u00e9mon\n|rule|Item Clause: Limit 1 of each item\n|clearpoke\n|poke|p1|Volcarona, L50, F|\n|poke|p1|Maushold-Four, L50|\n|poke|p1|Charizard, L50, F|\n|poke|p1|Garchomp, L50, F|\n|poke|p1|Incineroar, L50, M|\n|poke|p1|Talonflame, L50, M|\n|poke|p2|Pelipper, L50, M|\n|poke|p2|Meganium, L50, M|\n|poke|p2|Incineroar, L50, M|\n|poke|p2|Archaludon, L50, F|\n|poke|p2|Basculegion, L50, M|\n|poke|p2|Sneasler, L50, M|\n|teampreview|4\n|\n|t:|1776071126\n|teamsize|p1|4\n|teamsize|p2|4\n|start\n|switch|p1a: Volcarona|Volcarona, L50, F, shiny|100/100\n|switch|p1b: Maushold|Maushold-Four, L50|100/100\n|switch|p2a: Pelipper|Pelipper, L50, M|100/100\n|switch|p2b: Sneasler|Sneasler, L50, M|100/100\n|-weather|RainDance|[from] ability: Drizzle|[of] p2a: Pelipper\n|turn|1\n|\n|t:|1776071153\n|switch|p1b: Charizard|Charizard, L50, F|100/100\n|move|p2a: Pelipper|U-turn|p1b: Charizard\n|-resisted|p1b: Charizard|2\n|-damage|p1b: Charizard|98/100\n|\n|t:|1776071158\n|switch|p2a: Incineroar|Incineroar, L50, M|100/100|[from] U-turn\n|-ability|p2a: Incineroar|Intimidate|boost\n|-unboost|p1a: Volcarona|atk|1\n|-unboost|p1b: Charizard|atk|1\n|move|p2b: Sneasler|Close Combat|p1b: Charizard\n|-resisted|p1b: Charizard|1\n|-damage|p1b: Charizard|56/100\n|-unboost|p2b: Sneasler|def|1\n|-unboost|p2b: Sneasler|spd|1\n|-enditem|p2b: Sneasler|White Herb\n|-clearnegativeboost|p2b: Sneasler|[silent]\n|move|p1a: Volcarona|Quiver Dance|p1a: Volcarona\n|-boost|p1a: Volcarona|spa|1\n|-boost|p1a: Volcarona|spd|1\n|-boost|p1a: Volcarona|spe|1\n|\n|-weather|RainDance|[upkeep]\n|upkeep\n|turn|2\n|\n|t:|1776071206\n|detailschange|p1b: Charizard|Charizard-Mega-Y, L50, F\n|-mega|p1b: Charizard|Charizard|Charizardite Y\n|-weather|SunnyDay|[from] ability: Drought|[of] p1b: Charizard\n|move|p2b: Sneasler|Protect|p2b: Sneasler\n|-singleturn|p2b: Sneasler|Protect\n|move|p2a: Incineroar|Fake Out|p1a: Volcarona\n|-damage|p1a: Volcarona|87/100\n|cant|p1a: Volcarona|flinch\n|move|p1b: Charizard|Sunny Day||[still]\n|-fail|p1b: Charizard\n|\n|-weather|SunnyDay|[upkeep]\n|-heal|p1a: Volcarona|94/100|[from] item: Leftovers\n|upkeep\n|turn|3\n|\n|t:|1776071229\n|switch|p2b: Pelipper|Pelipper, L50, M|100/100\n|-weather|RainDance|[from] ability: Drizzle|[of] p2b: Pelipper\n|switch|p1b: Incineroar|Incineroar, L50, M, shiny|100/100\n|-ability|p1b: Incineroar|Intimidate|boost\n|-unboost|p2a: Incineroar|atk|1\n|-unboost|p2b: Pelipper|atk|1\n|move|p1a: Volcarona|Heat Wave|p2b: Pelipper|[spread] p2a,p2b\n|-resisted|p2a: Incineroar|1\n|-resisted|p2b: Pelipper|1\n|-damage|p2a: Incineroar|86/100\n|-damage|p2b: Pelipper|79/100\n|move|p2a: Incineroar|Parting Shot|p1a: Volcarona\n|-unboost|p1a: Volcarona|atk|1\n|-unboost|p1a: Volcarona|spa|1\n|\n|t:|1776071243\n|switch|p2a: Sneasler|Sneasler, L50, M|100/100|[from] Parting Shot\n|\n|-weather|RainDance|[upkeep]\n|-heal|p1a: Volcarona|99/100|[from] item: Leftovers\n|upkeep\n|turn|4\n|\n|t:|1776071260\n|move|p2a: Sneasler|Fake Out|p1a: Volcarona\n|-damage|p1a: Volcarona|80/100\n|move|p1b: Incineroar|Fake Out|p2a: Sneasler\n|-damage|p2a: Sneasler|82/100\n|move|p2b: Pelipper|Icy Wind|p1a: Volcarona|[spread] p1a,p1b\n|-resisted|p1a: Volcarona|1\n|-resisted|p1b: Incineroar|1\n|-damage|p1a: Volcarona|77/100\n|-damage|p1b: Incineroar|96/100\n|-unboost|p1a: Volcarona|spe|1\n|-unboost|p1b: Incineroar|spe|1\n|cant|p1a: Volcarona|flinch\n|\n|-weather|RainDance|[upkeep]\n|-heal|p1a: Volcarona|83/100|[from] item: Leftovers\n|upkeep\n|turn|5\n|\n|t:|1776071281\n|switch|p2b: Incineroar|Incineroar, L50, M|86/100\n|-ability|p2b: Incineroar|Intimidate|boost\n|-unboost|p1a: Volcarona|atk|1\n|-unboost|p1b: Incineroar|atk|1\n|move|p2a: Sneasler|Dire Claw|p1a: Volcarona\n|-damage|p1a: Volcarona|29/100\n|-status|p2a: Sneasler|brn|[from] ability: Flame Body|[of] p1a: Volcarona\n|move|p1a: Volcarona|Giga Drain|p2b: Incineroar\n|-resisted|p2b: Incineroar|1\n|-damage|p2b: Incineroar|73/100\n|-heal|p1a: Volcarona|36/100|[from] drain|[of] p2b: Incineroar\n|move|p1b: Incineroar|Parting Shot|p2a: Sneasler\n|-unboost|p2a: Sneasler|atk|1\n|-unboost|p2a: Sneasler|spa|1\n|\n|t:|1776071287\n|switch|p1b: Charizard|Charizard-Mega-Y, L50, F|56/100|[from] Parting Shot\n|-weather|SunnyDay|[from] ability: Drought|[of] p1b: Charizard\n|\n|-weather|SunnyDay|[upkeep]\n|-heal|p1a: Volcarona|42/100|[from] item: Leftovers\n|-damage|p2a: Sneasler|76/100 brn|[from] brn\n|upkeep\n|turn|6\n|\n|t:|1776071293\n|move|p1a: Volcarona|Protect|p1a: Volcarona\n|-singleturn|p1a: Volcarona|Protect\n|move|p2b: Incineroar|Fake Out|p1b: Charizard\n|-damage|p1b: Charizard|42/100\n|move|p2a: Sneasler|Dire Claw|p1a: Volcarona\n|-activate|p1a: Volcarona|move: Protect\n|cant|p1b: Charizard|flinch\n|\n|-weather|SunnyDay|[upkeep]\n|-heal|p1a: Volcarona|48/100|[from] item: Leftovers\n|-damage|p2a: Sneasler|70/100 brn|[from] brn\n|upkeep\n|turn|7\n|\n|t:|1776071309\n|move|p1a: Volcarona|Protect||[still]\n|-fail|p1a: Volcarona\n|move|p2a: Sneasler|Dire Claw|p1a: Volcarona\n|-damage|p1a: Volcarona|30/100\n|-status|p1a: Volcarona|par\n|move|p1b: Charizard|Sunny Day||[still]\n|-fail|p1b: Charizard\n|move|p2b: Incineroar|Parting Shot|p1b: Charizard\n|-unboost|p1b: Charizard|atk|1\n|-unboost|p1b: Charizard|spa|1\n|\n|t:|1776071317\n|switch|p2b: Pelipper|Pelipper, L50, M|79/100|[from] Parting Shot\n|-weather|RainDance|[from] ability: Drizzle|[of] p2b: Pelipper\n|\n|-weather|RainDance|[upkeep]\n|-heal|p1a: Volcarona|36/100 par|[from] item: Leftovers\n|-damage|p2a: Sneasler|64/100 brn|[from] brn\n|upkeep\n|turn|8\n|\n|t:|1776071331\n|switch|p1b: Maushold|Maushold-Four, L50|100/100\n|move|p2b: Pelipper|U-turn|p1b: Maushold\n|-damage|p1b: Maushold|90/100\n|\n|t:|1776071340\n|switch|p2b: Incineroar|Incineroar, L50, M|73/100|[from] U-turn\n|-ability|p2b: Incineroar|Intimidate|boost\n|-unboost|p1a: Volcarona|atk|1\n|-unboost|p1b: Maushold|atk|1\n|move|p2a: Sneasler|Dire Claw|p1b: Maushold\n|-damage|p1b: Maushold|73/100\n|move|p1a: Volcarona|Giga Drain|p2b: Incineroar\n|-resisted|p2b: Incineroar|1\n|-damage|p2b: Incineroar|58/100\n|-heal|p1a: Volcarona|44/100 par|[from] drain|[of] p2b: Incineroar\n|\n|-weather|RainDance|[upkeep]\n|-heal|p1a: Volcarona|50/100 par|[from] item: Leftovers\n|-damage|p2a: Sneasler|59/100 brn|[from] brn\n|upkeep\n|turn|9\n|\n|t:|1776071355\n|move|p1a: Volcarona|Protect|p1a: Volcarona\n|-singleturn|p1a: Volcarona|Protect\n|move|p2b: Incineroar|Fake Out|p1a: Volcarona\n|-activate|p1a: Volcarona|move: Protect\n|move|p2a: Sneasler|Dire Claw|p1b: Maushold\n|-damage|p1b: Maushold|55/100\n|move|p1b: Maushold|Super Fang|p2b: Incineroar\n|-damage|p2b: Incineroar|29/100\n|-enditem|p2b: Incineroar|Sitrus Berry|[eat]\n|-heal|p2b: Incineroar|54/100|[from] item: Sitrus Berry\n|\n|-weather|RainDance|[upkeep]\n|-heal|p1a: Volcarona|56/100 par|[from] item: Leftovers\n|-damage|p2a: Sneasler|53/100 brn|[from] brn\n|upkeep\n|turn|10\n|\n|t:|1776071382\n|move|p1b: Maushold|Follow Me|p1b: Maushold\n|-singleturn|p1b: Maushold|move: Follow Me\n|move|p2a: Sneasler|Dire Claw|p1b: Maushold\n|-damage|p1b: Maushold|39/100\n|move|p2b: Incineroar|Parting Shot|p1b: Maushold\n|-unboost|p1b: Maushold|atk|1\n|-unboost|p1b: Maushold|spa|1\n|\n|t:|1776071393\n|switch|p2b: Basculegion|Basculegion, L50, M|100/100|[from] Parting Shot\n|move|p1a: Volcarona|Giga Drain|p2b: Basculegion\n|-supereffective|p2b: Basculegion|1\n|-damage|p2b: Basculegion|37/100\n|-heal|p1a: Volcarona|89/100 par|[from] drain|[of] p2b: Basculegion\n|\n|-weather|RainDance|[upkeep]\n|-heal|p1a: Volcarona|95/100 par|[from] item: Leftovers\n|-damage|p2a: Sneasler|47/100 brn|[from] brn\n|upkeep\n|turn|11\n|\n|t:|1776071426\n|switch|p1b: Charizard|Charizard-Mega-Y, L50, F|42/100\n|-weather|SunnyDay|[from] ability: Drought|[of] p1b: Charizard\n|move|p2a: Sneasler|Dire Claw|p1b: Charizard\n|-damage|p1b: Charizard|22/100\n|move|p2b: Basculegion|Flip Turn|p1b: Charizard\n|-supereffective|p1b: Charizard|1\n|-damage|p1b: Charizard|0 fnt\n|faint|p1b: Charizard\n|\n|t:|1776071436\n|switch|p2b: Pelipper|Pelipper, L50, M|79/100|[from] Flip Turn\n|-weather|RainDance|[from] ability: Drizzle|[of] p2b: Pelipper\n|move|p1a: Volcarona|Quiver Dance|p1a: Volcarona\n|-boost|p1a: Volcarona|spa|1\n|-boost|p1a: Volcarona|spd|1\n|-boost|p1a: Volcarona|spe|1\n|\n|-weather|RainDance|[upkeep]\n|-heal|p1a: Volcarona|100/100 par|[from] item: Leftovers\n|-damage|p2a: Sneasler|41/100 brn|[from] brn\n|upkeep\n|\n|t:|1776071439\n|switch|p1b: Incineroar|Incineroar, L50, M, shiny|96/100\n|-ability|p1b: Incineroar|Intimidate|boost\n|-unboost|p2a: Sneasler|atk|1\n|-unboost|p2b: Pelipper|atk|1\n|turn|12\n|\n|t:|1776071468\n|switch|p2a: Incineroar|Incineroar, L50, M|54/100\n|-ability|p2a: Incineroar|Intimidate|boost\n|-unboost|p1a: Volcarona|atk|1\n|-unboost|p1b: Incineroar|atk|1\n|move|p1b: Incineroar|Fake Out|p2a: Incineroar\n|-damage|p2a: Incineroar|49/100\n|move|p2b: Pelipper|U-turn|p1b: Incineroar\n|-damage|p1b: Incineroar|92/100\n|\n|t:|1776071473\n|switch|p2b: Sneasler|Sneasler, L50, M|41/100 brn|[from] U-turn\n|move|p1a: Volcarona|Giga Drain|p2a: Incineroar\n|-resisted|p2a: Incineroar|1\n|-damage|p2a: Incineroar|29/100\n|\n|-weather|RainDance|[upkeep]\n|-damage|p2b: Sneasler|35/100 brn|[from] brn\n|upkeep\n|turn|13\n|\n|t:|1776071484\n|move|p1a: Volcarona|Protect|p1a: Volcarona\n|-singleturn|p1a: Volcarona|Protect\n|move|p2a: Incineroar|Fake Out|p1a: Volcarona\n|-activate|p1a: Volcarona|move: Protect\n|move|p2b: Sneasler|Close Combat|p1b: Incineroar\n|-supereffective|p1b: Incineroar|1\n|-damage|p1b: Incineroar|42/100\n|-unboost|p2b: Sneasler|def|1\n|-unboost|p2b: Sneasler|spd|1\n|-enditem|p1b: Incineroar|Sitrus Berry|[eat]\n|-heal|p1b: Incineroar|67/100|[from] item: Sitrus Berry\n|move|p1b: Incineroar|Parting Shot|p2b: Sneasler\n|-unboost|p2b: Sneasler|atk|1\n|-unboost|p2b: Sneasler|spa|1\n|\n|t:|1776071492\n|switch|p1b: Maushold|Maushold-Four, L50|39/100|[from] Parting Shot\n|\n|-weather|RainDance|[upkeep]\n|-damage|p2b: Sneasler|30/100 brn|[from] brn\n|upkeep\n|turn|14\n|\n|t:|1776071509\n|move|p1b: Maushold|Follow Me|p1b: Maushold\n|-singleturn|p1b: Maushold|move: Follow Me\n|move|p2b: Sneasler|Close Combat|p1b: Maushold\n|-supereffective|p1b: Maushold|1\n|-damage|p1b: Maushold|0 fnt\n|-unboost|p2b: Sneasler|def|1\n|-unboost|p2b: Sneasler|spd|1\n|faint|p1b: Maushold\n|cant|p1a: Volcarona|par\n|move|p2a: Incineroar|Parting Shot|p1a: Volcarona\n|-unboost|p1a: Volcarona|atk|1\n|-unboost|p1a: Volcarona|spa|1\n|\n|t:|1776071518\n|switch|p2a: Basculegion|Basculegion, L50, M|37/100|[from] Parting Shot\n|\n|-weather|RainDance|[upkeep]\n|-damage|p2b: Sneasler|24/100 brn|[from] brn\n|upkeep\n|\n|t:|1776071523\n|switch|p1b: Incineroar|Incineroar, L50, M, shiny|67/100\n|-ability|p1b: Incineroar|Intimidate|boost\n|-unboost|p2a: Basculegion|atk|1\n|-unboost|p2b: Sneasler|atk|1\n|turn|15\n|\n|t:|1776071553\n|move|p1b: Incineroar|Fake Out|p2b: Sneasler\n|-damage|p2b: Sneasler|0 fnt\n|faint|p2b: Sneasler\n|move|p2a: Basculegion|Flip Turn|p1a: Volcarona\n|-supereffective|p1a: Volcarona|1\n|-damage|p1a: Volcarona|0 fnt\n|-status|p2a: Basculegion|brn|[from] ability: Flame Body|[of] p1a: Volcarona\n|faint|p1a: Volcarona\n|\n|t:|1776071562\n|switch|p2a: Incineroar|Incineroar, L50, M|29/100|[from] Flip Turn\n|-ability|p2a: Incineroar|Intimidate|boost\n|-unboost|p1b: Incineroar|atk|1\n|\n|-weather|none\n|upkeep\n|-message|pikaisme69 forfeited.\n|\n|win|OwenScizor\n|raw|pikaisme69's rating: 1000 &rarr; <strong>1000</strong><br />(+0 for losing)\n|raw|OwenScizor's rating: 1074 &rarr; <strong>1097</strong><br />(+23 for winning)\n|l|\u2606pikaisme69\n|player|p1|\n",
  "uploadtime": 1776071578,
  "views": 11,
  "formatid": "gen9championsvgc2026regma",
  "rating": 1000,
  "private": 0,
  "password": null
}