{
  "id": "gen9championsvgc2026regma-2582198105",
  "format": "[Gen 9 Champions] VGC 2026 Reg M-A",
  "players": [
    "vorwolf",
    "evokenz"
  ],
  "log": "|j|\u2606vorwolf\n|j|\u2606evokenz\n|t:|1776070240\n|gametype|doubles\n|player|p1|vorwolf|elesa|1000\n|player|p2|evokenz|265|1045\n|gen|9\n|tier|[Gen 9 Champions] VGC 2026 Reg M-A\n|rated|\n|rule|Species Clause: Limit one of each Pok\u00e9mon\n|rule|Item Clause: Limit 1 of each item\n|clearpoke\n|poke|p1|Delphox, L50, F|\n|poke|p1|Garchomp, L50, M|\n|poke|p1|Sneasler, L50, F|\n|poke|p1|Rotom-Frost, L50|\n|poke|p1|Primarina, L50, M|\n|poke|p1|Sinistcha, L50|\n|poke|p2|Dragapult, L50, F|\n|poke|p2|Sneasler, L50, M|\n|poke|p2|Incineroar, L50, M|\n|poke|p2|Maushold, L50|\n|poke|p2|Floette-Eternal, L50, F|\n|poke|p2|Kingambit, L50, M|\n|teampreview|4\nevokenz has agreed to open team sheets.\n|inactive|Battle timer is ON: inactive players will automatically lose when time's up. (requested by vorwolf)\nvorwolf rejected open team sheets.\n|\n|t:|1776070300\n|teamsize|p1|4\n|teamsize|p2|4\n|start\n|switch|p1a: Garchomp|Garchomp, L50, M, shiny|100/100\n|switch|p1b: Primarina|Primarina, L50, M, shiny|100/100\n|switch|p2a: Dragapult|Dragapult, L50, F|100/100\n|switch|p2b: Sneasler|Sneasler, L50, M|100/100\n|turn|1\n|\n|t:|1776070319\n|move|p1a: Garchomp|Protect|p1a: Garchomp\n|-singleturn|p1a: Garchomp|Protect\n|move|p2a: Dragapult|Will-O-Wisp|p1a: Garchomp\n|-activate|p1a: Garchomp|move: Protect\n|move|p2b: Sneasler|Dire Claw|p1b: Primarina\n|-supereffective|p1b: Primarina|1\n|-damage|p1b: Primarina|4/100\n|move|p1b: Primarina|Dazzling Gleam|p2b: Sneasler|[spread] p2a,p2b\n|-supereffective|p2a: Dragapult|1\n|-damage|p2a: Dragapult|34/100\n|-damage|p2b: Sneasler|62/100\n|\n|-heal|p1b: Primarina|10/100|[from] item: Leftovers\n|upkeep\n|turn|2\n|\n|t:|1776070342\n|switch|p1a: Delphox|Delphox, L50, F, shiny|100/100\n|move|p1b: Primarina|Protect|p1b: Primarina\n|-singleturn|p1b: Primarina|Protect\n|move|p2a: Dragapult|Draco Meteor|p1a: Delphox\n|-damage|p1a: Delphox|30/100\n|-unboost|p2a: Dragapult|spa|2\n|move|p2b: Sneasler|Dire Claw|p1b: Primarina\n|-activate|p1b: Primarina|move: Protect\n|\n|-heal|p1b: Primarina|16/100|[from] item: Leftovers\n|upkeep\n|turn|3\n|inactive|vorwolf has 30 seconds left.\n|\n|t:|1776070377\n|detailschange|p1a: Delphox|Delphox-Mega, L50, F, shiny\n|-mega|p1a: Delphox|Delphox|Delphoxite\n|move|p2b: Sneasler|Protect|p2b: Sneasler\n|-singleturn|p2b: Sneasler|Protect\n|move|p1a: Delphox|Heat Wave|p2b: Sneasler|[spread] p2a\n|-activate|p2b: Sneasler|move: Protect\n|-resisted|p2a: Dragapult|1\n|-crit|p2a: Dragapult\n|-damage|p2a: Dragapult|0 fnt\n|faint|p2a: Dragapult\n|move|p1b: Primarina|Dazzling Gleam|p2b: Sneasler\n|-activate|p2b: Sneasler|move: Protect\n|\n|-heal|p1b: Primarina|22/100|[from] item: Leftovers\n|upkeep\n|\n|t:|1776070389\n|switch|p2a: Incineroar|Incineroar, L50, M|100/100\n|-ability|p2a: Incineroar|Intimidate|boost\n|-unboost|p1a: Delphox|atk|1\n|-unboost|p1b: Primarina|atk|1\n|turn|4\n|\n|t:|1776070409\n|move|p2a: Incineroar|Fake Out|p1a: Delphox\n|-damage|p1a: Delphox|12/100\n|cant|p1a: Delphox|flinch\n|move|p2b: Sneasler|Dire Claw|p1b: Primarina\n|-supereffective|p1b: Primarina|1\n|-damage|p1b: Primarina|0 fnt\n|faint|p1b: Primarina\n|\n|upkeep\n|\n|t:|1776070420\n|switch|p1b: Garchomp|Garchomp, L50, M, shiny|100/100\n|turn|5\n|\n|t:|1776070435\n|move|p2b: Sneasler|Protect|p2b: Sneasler\n|-singleturn|p2b: Sneasler|Protect\n|move|p1a: Delphox|Psychic|p2b: Sneasler\n|-activate|p2b: Sneasler|move: Protect\n|move|p1b: Garchomp|Earthquake|p2b: Sneasler|[spread] p2a\n|-activate|p2b: Sneasler|move: Protect\n|-immune|p1a: Delphox|[from] ability: Levitate\n|-supereffective|p2a: Incineroar|1\n|-damage|p2a: Incineroar|42/100\n|-enditem|p2a: Incineroar|Sitrus Berry|[eat]\n|-heal|p2a: Incineroar|67/100|[from] item: Sitrus Berry\n|move|p2a: Incineroar|Throat Chop|p1a: Delphox\n|-supereffective|p1a: Delphox|1\n|-damage|p1a: Delphox|0 fnt\n|faint|p1a: Delphox\n|\n|upkeep\n|\n|t:|1776070453\n|switch|p1a: Sneasler|Sneasler, L50, F|100/100\n|turn|6\n|\n|t:|1776070468\n|move|p1a: Sneasler|Fake Out|p2b: Sneasler\n|-damage|p2b: Sneasler|35/100\n|cant|p2b: Sneasler|flinch\n|move|p1b: Garchomp|Rock Slide|p2b: Sneasler|[spread] p2a,p2b\n|-supereffective|p2a: Incineroar|1\n|-resisted|p2b: Sneasler|1\n|-damage|p2a: Incineroar|35/100\n|-damage|p2b: Sneasler|20/100\n|cant|p2a: Incineroar|flinch\n|\n|upkeep\n|turn|7\n|\n|t:|1776070486\n|switch|p2a: Floette|Floette-Eternal, L50, F|100/100\n|move|p1a: Sneasler|Protect|p1a: Sneasler\n|-singleturn|p1a: Sneasler|Protect\n|move|p2b: Sneasler|Dire Claw|p1a: Sneasler\n|-activate|p1a: Sneasler|move: Protect\n|move|p1b: Garchomp|Earthquake|p2b: Sneasler|[spread] p2a,p2b\n|-activate|p1a: Sneasler|move: Protect\n|-supereffective|p2b: Sneasler|1\n|-damage|p2a: Floette|57/100\n|-damage|p2b: Sneasler|0 fnt\n|faint|p2b: Sneasler\n|\n|upkeep\n|\n|t:|1776070499\n|switch|p2b: Incineroar|Incineroar, L50, M|35/100\n|-ability|p2b: Incineroar|Intimidate|boost\n|-unboost|p1a: Sneasler|atk|1\n|-unboost|p1b: Garchomp|atk|1\n|-enditem|p1b: Garchomp|White Herb\n|-clearnegativeboost|p1b: Garchomp|[silent]\n|turn|8\n|\n|t:|1776070520\n|detailschange|p2a: Floette|Floette-Mega, L50, F\n|-mega|p2a: Floette|Floette|Floettite\n|-ability|p2a: Floette|Fairy Aura\n|move|p2b: Incineroar|Fake Out|p1a: Sneasler\n|-damage|p1a: Sneasler|79/100\n|cant|p1a: Sneasler|flinch\n|move|p1b: Garchomp|Earthquake|p2b: Incineroar|[spread] p1a,p2a,p2b\n|-supereffective|p1a: Sneasler|1\n|-supereffective|p2b: Incineroar|1\n|-damage|p1a: Sneasler|0 fnt\n|-damage|p2a: Floette|17/100\n|-damage|p2b: Incineroar|0 fnt\n|faint|p1a: Sneasler\n|faint|p2b: Incineroar\n|move|p2a: Floette|Dazzling Gleam|p1b: Garchomp\n|-supereffective|p1b: Garchomp|1\n|-damage|p1b: Garchomp|0 fnt\n|faint|p1b: Garchomp\n|\n|win|evokenz\n|raw|vorwolf's rating: 1000 &rarr; <strong>1000</strong><br />(+0 for losing)\n|raw|evokenz's rating: 1045 &rarr; <strong>1074</strong><br />(+29 for winning)\n",
  "uploadtime": 1776070520,
  "views": 10,
  "formatid": "gen9championsvgc2026regma",
  "rating": 1000,
  "private": 0,
  "password": null
}