{
  "id": "gen9championsvgc2026regma-2582815162",
  "format": "[Gen 9 Champions] VGC 2026 Reg M-A",
  "players": [
    "Iagordo",
    "JustJakeyVGC"
  ],
  "log": "|j|\u2606Iagordo\n|j|\u2606JustJakeyVGC\n|t:|1776116198\n|gametype|doubles\n|player|p1|Iagordo|265|1208\n|player|p2|JustJakeyVGC|1|1248\n|gen|9\n|tier|[Gen 9 Champions] VGC 2026 Reg M-A\n|rated|\n|rule|Species Clause: Limit one of each Pok\u00e9mon\n|rule|Item Clause: Limit 1 of each item\n|clearpoke\n|poke|p1|Gardevoir, L50, M|\n|poke|p1|Incineroar, L50, M|\n|poke|p1|Garchomp, L50, F|\n|poke|p1|Glimmora, L50, F|\n|poke|p1|Basculegion, L50, M|\n|poke|p1|Vivillon, L50, F|\n|poke|p2|Whimsicott, L50, F|\n|poke|p2|Lucario, L50, F|\n|poke|p2|Incineroar, L50, M|\n|poke|p2|Basculegion, L50, M|\n|poke|p2|Farigiraf, L50, F|\n|teampreview|4\n|inactive|Battle timer is ON: inactive players will automatically lose when time's up. (requested by Iagordo)\nIagordo has agreed to open team sheets.\n|\n|t:|1776116225\n|teamsize|p1|4\n|teamsize|p2|4\n|start\n|switch|p1a: Vivillon|Vivillon, L50, F|100/100\n|switch|p1b: Gardevoir|Gardevoir, L50, M|100/100\n|switch|p2a: Lucario|Lucario, L50, F|100/100\n|switch|p2b: Incineroar|Incineroar, L50, M|100/100\n|-ability|p1b: Gardevoir|Intimidate|Trace|[from] ability: Trace|[of] p2b: Incineroar\n|-ability|p1b: Gardevoir|Intimidate|boost\n|-fail|p2a: Lucario|unboost|Attack|[from] ability: Inner Focus|[of] p2a: Lucario\n|-unboost|p2b: Incineroar|atk|1\n|-ability|p2b: Incineroar|Intimidate|boost\n|-unboost|p1a: Vivillon|atk|1\n|-unboost|p1b: Gardevoir|atk|1\n|turn|1\n|\n|t:|1776116245\n|switch|p1b: Incineroar|Incineroar, L50, M|100/100\n|-ability|p1b: Incineroar|Intimidate|boost\n|-fail|p2a: Lucario|unboost|Attack|[from] ability: Inner Focus|[of] p2a: Lucario\n|-unboost|p2b: Incineroar|atk|1\n|detailschange|p2a: Lucario|Lucario-Mega, L50, F\n|-mega|p2a: Lucario|Lucario|Lucarionite\n|move|p1a: Vivillon|Protect|p1a: Vivillon\n|-singleturn|p1a: Vivillon|Protect\n|move|p2b: Incineroar|Fake Out|p1a: Vivillon\n|-activate|p1a: Vivillon|move: Protect\n|move|p2a: Lucario|Nasty Plot|p2a: Lucario\n|-boost|p2a: Lucario|spa|2\n|\n|upkeep\n|turn|2\n|\n|t:|1776116267\n|move|p2a: Lucario|Protect|p2a: Lucario\n|-singleturn|p2a: Lucario|Protect\n|move|p1a: Vivillon|Sleep Powder|p2a: Lucario\n|-activate|p2a: Lucario|move: Protect\n|move|p1b: Incineroar|Parting Shot|p2b: Incineroar\n|-unboost|p2b: Incineroar|atk|1\n|-unboost|p2b: Incineroar|spa|1\n|\n|t:|1776116279\n|switch|p1b: Basculegion|Basculegion, L50, M|100/100|[from] Parting Shot\n|move|p2b: Incineroar|Parting Shot|p1a: Vivillon\n|-unboost|p1a: Vivillon|atk|1\n|-unboost|p1a: Vivillon|spa|1\n|\n|t:|1776116286\n|switch|p2b: Basculegion|Basculegion, L50, M|100/100|[from] Parting Shot\n|\n|upkeep\n|turn|3\n|\n|t:|1776116295\n|move|p2a: Lucario|Vacuum Wave|p1a: Vivillon\n|-resisted|p1a: Vivillon|2\n|-damage|p1a: Vivillon|71/100\n|move|p2b: Basculegion|Flip Turn|p1a: Vivillon\n|-damage|p1a: Vivillon|0 fnt\n|faint|p1a: Vivillon\n|\n|t:|1776116303\n|switch|p2b: Incineroar|Incineroar, L50, M|100/100|[from] Flip Turn\n|-ability|p2b: Incineroar|Intimidate|boost\n|-unboost|p1b: Basculegion|atk|1\n|move|p1b: Basculegion|Wave Crash|p2a: Lucario\n|-damage|p2a: Lucario|23/100\n|-damage|p1b: Basculegion|80/100|[from] Recoil\n|\n|upkeep\n|\n|t:|1776116307\n|switch|p1a: Incineroar|Incineroar, L50, M|100/100\n|-ability|p1a: Incineroar|Intimidate|boost\n|-unboost|p2a: Lucario|atk|1\n|-unboost|p2b: Incineroar|atk|1\n|turn|4\n|\n|t:|1776116330\n|switch|p2b: Basculegion|Basculegion, L50, M|100/100\n|move|p2a: Lucario|Protect|p2a: Lucario\n|-singleturn|p2a: Lucario|Protect\n|move|p1b: Basculegion|Aqua Jet|p2a: Lucario\n|-activate|p2a: Lucario|move: Protect\n|move|p1a: Incineroar|Parting Shot|p2b: Basculegion\n|-unboost|p2b: Basculegion|atk|1\n|-unboost|p2b: Basculegion|spa|1\n|\n|t:|1776116335\n|switch|p1a: Gardevoir|Gardevoir, L50, M|100/100|[from] Parting Shot\n|-ability|p1a: Gardevoir|Adaptability|Trace|[from] ability: Trace|[of] p2b: Basculegion\n|\n|upkeep\n|turn|5\n|\n|t:|1776116355\n|switch|p2a: Whimsicott|Whimsicott, L50, F|100/100\n|detailschange|p1a: Gardevoir|Gardevoir-Mega, L50, M\n|-mega|p1a: Gardevoir|Gardevoir|Gardevoirite\n|move|p1a: Gardevoir|Protect|p1a: Gardevoir\n|-singleturn|p1a: Gardevoir|Protect\n|move|p1b: Basculegion|Aqua Jet|p2a: Whimsicott\n|-resisted|p2a: Whimsicott|1\n|-damage|p2a: Whimsicott|90/100\n|move|p2b: Basculegion|Flip Turn|p1a: Gardevoir\n|-activate|p1a: Gardevoir|move: Protect\n|\n|upkeep\n|turn|6\n|\n|t:|1776116376\n|move|p2a: Whimsicott|Encore|p1a: Gardevoir\n|-start|p1a: Gardevoir|Encore\n|move|p1a: Gardevoir|Protect||[still]\n|-fail|p1a: Gardevoir\n|move|p2b: Basculegion|Flip Turn|p1a: Gardevoir\n|-damage|p1a: Gardevoir|59/100\n|\n|t:|1776116385\n|switch|p2b: Incineroar|Incineroar, L50, M|100/100|[from] Flip Turn\n|-ability|p2b: Incineroar|Intimidate|boost\n|-unboost|p1a: Gardevoir|atk|1\n|-unboost|p1b: Basculegion|atk|1\n|move|p1b: Basculegion|Wave Crash|p2b: Incineroar\n|-supereffective|p2b: Incineroar|1\n|-damage|p2b: Incineroar|12/100\n|-enditem|p2b: Incineroar|Sitrus Berry|[eat]\n|-heal|p2b: Incineroar|37/100|[from] item: Sitrus Berry\n|-damage|p1b: Basculegion|50/100|[from] Recoil\n|\n|upkeep\n|turn|7\n|inactive|JustJakeyVGC has 30 seconds left.\n|\n|t:|1776116411\n|switch|p1b: Incineroar|Incineroar, L50, M|100/100\n|-ability|p1b: Incineroar|Intimidate|boost\n|-unboost|p2a: Whimsicott|atk|1\n|-unboost|p2b: Incineroar|atk|1\n|move|p1a: Gardevoir|Protect|p1a: Gardevoir\n|-singleturn|p1a: Gardevoir|Protect\n|move|p2a: Whimsicott|Tailwind|p2a: Whimsicott\n|-sidestart|p2: JustJakeyVGC|move: Tailwind\n|move|p2b: Incineroar|Parting Shot|p1b: Incineroar\n|-unboost|p1b: Incineroar|atk|1\n|-unboost|p1b: Incineroar|spa|1\n|\n|t:|1776116424\n|switch|p2b: Basculegion|Basculegion, L50, M|100/100|[from] Parting Shot\n|\n|upkeep\n|turn|8\n|\n|t:|1776116435\n|move|p1a: Gardevoir|Protect||[still]\n|-fail|p1a: Gardevoir\n|move|p2b: Basculegion|Wave Crash|p1b: Incineroar\n|-supereffective|p1b: Incineroar|1\n|-damage|p1b: Incineroar|0 fnt\n|faint|p1b: Incineroar\n|-damage|p2b: Basculegion|72/100|[from] Recoil\n|move|p2a: Whimsicott|Moonblast|p1a: Gardevoir\n|-damage|p1a: Gardevoir|35/100\n|\n|-end|p1a: Gardevoir|Encore\n|upkeep\n|\n|t:|1776116441\n|switch|p1b: Basculegion|Basculegion, L50, M|50/100\n|turn|9\n|inactive|JustJakeyVGC has 30 seconds left.\n|\n|t:|1776116474\n|switch|p2b: Incineroar|Incineroar, L50, M|37/100\n|-ability|p2b: Incineroar|Intimidate|boost\n|-unboost|p1a: Gardevoir|atk|1\n|-unboost|p1b: Basculegion|atk|1\n|move|p1a: Gardevoir|Protect|p1a: Gardevoir\n|-singleturn|p1a: Gardevoir|Protect\n|move|p2a: Whimsicott|Encore|p1a: Gardevoir\n|-activate|p1a: Gardevoir|move: Protect\n|move|p1b: Basculegion|Last Respects|p2b: Incineroar\n|-resisted|p2b: Incineroar|1\n|-damage|p2b: Incineroar|7/100\n|\n|upkeep\n|turn|10\n|\n|t:|1776116486\n|move|p2a: Whimsicott|Encore|p1a: Gardevoir\n|-start|p1a: Gardevoir|Encore\n|move|p1a: Gardevoir|Protect|p1a: Gardevoir\n|-singleturn|p1a: Gardevoir|Protect\n|move|p2b: Incineroar|Throat Chop|p1b: Basculegion\n|-supereffective|p1b: Basculegion|1\n|-damage|p1b: Basculegion|0 fnt\n|faint|p1b: Basculegion\n|\n|-sideend|p2: JustJakeyVGC|move: Tailwind\n|upkeep\n|turn|11\n|-message|Iagordo forfeited.\n|\n|win|JustJakeyVGC\n|raw|Iagordo's rating: 1208 &rarr; <strong>1186</strong><br />(-22 for losing)\n|raw|JustJakeyVGC's rating: 1248 &rarr; <strong>1270</strong><br />(+22 for winning)\n|l|\u2606Iagordo\n|player|p1|\n",
  "uploadtime": 1776116497,
  "views": 20,
  "formatid": "gen9championsvgc2026regma",
  "rating": 1186,
  "private": 0,
  "password": null
}