{
  "id": "gen9championsvgc2026regma-2581736630",
  "format": "[Gen 9 Champions] VGC 2026 Reg M-A",
  "players": [
    "f1ish",
    "Jah_08"
  ],
  "log": "|badge|p1|bronze|gen9randombattle|100-9\n|uhtml|medal-msg|<div class=\"broadcast-blue\">Curious what those medals under the avatar are? PS now has Ladder Seasons! For more information, check out the <a href=\"https://www.smogon.com/forums/threads/3740067/\">thread on Smogon.</a></div>\n|j|\u203df1ish\n|j|\u2606Jah_08\n|t:|1776024482\n|gametype|doubles\n|player|p1|f1ish|102|1340\n|player|p2|Jah_08|alder|1257\n|gen|9\n|tier|[Gen 9 Champions] VGC 2026 Reg M-A\n|rated|\n|rule|Species Clause: Limit one of each Pok\u00e9mon\n|rule|Item Clause: Limit 1 of each item\n|clearpoke\n|poke|p1|Politoed, L50, F|\n|poke|p1|Archaludon, L50, M|\n|poke|p1|Basculegion, L50, M|\n|poke|p1|Incineroar, L50, F|\n|poke|p1|Sinistcha, L50|\n|poke|p1|Gengar, L50, M|\n|poke|p2|Basculegion, L50, M|\n|poke|p2|Zoroark-Hisui, L50, M|\n|poke|p2|Conkeldurr, L50, M|\n|poke|p2|Whimsicott, L50, F|\n|poke|p2|Chandelure, L50, F|\n|poke|p2|Vanilluxe, L50, M|\n|teampreview|4\n|inactive|Battle timer is ON: inactive players will automatically lose when time's up. (requested by f1ish)\n|inactive|f1ish has 60 seconds left.\n|inactive|Jah_08 has 60 seconds left.\n|\n|t:|1776024524\n|teamsize|p1|4\n|teamsize|p2|4\n|start\n|switch|p1a: Politoed|Politoed, L50, F|100/100\n|switch|p1b: Archaludon|Archaludon, L50, M|100/100\n|switch|p2a: Basculegion|Basculegion, L50, M|100/100\n|switch|p2b: Conkeldurr|Conkeldurr, L50, M, shiny|100/100\n|-weather|RainDance|[from] ability: Drizzle|[of] p1a: Politoed\n|turn|1\n|inactive|Jah_08 has 30 seconds left.\n|\n|t:|1776024552\n|move|p2a: Basculegion|Flip Turn|p1a: Politoed\n|-resisted|p1a: Politoed|1\n|-damage|p1a: Politoed|70/100\n|\n|t:|1776024556\n|switch|p2a: Vanilluxe|Vanilluxe, L50, M, shiny|100/100|[from] Flip Turn\n|-weather|Snowscape|[from] ability: Snow Warning|[of] p2a: Vanilluxe\n|move|p2b: Conkeldurr|Shadow Ball|p1b: Archaludon\n|-damage|p1b: Archaludon|35/100\n|move|p1b: Archaludon|Electro Shot||[still]\n|-prepare|p1b: Archaludon|Electro Shot\n|-boost|p1b: Archaludon|spa|1\n|move|p1a: Politoed|Weather Ball|p2b: Conkeldurr\n|-damage|p2b: Conkeldurr|57/100\n|replace|p2b: Zoroark|Zoroark-Hisui, L50, M\n|-end|p2b: Zoroark|Illusion\n|\n|-weather|Snowscape|[upkeep]\n|-heal|p1a: Politoed|76/100|[from] item: Leftovers\n|upkeep\n|turn|2\n|inactive|f1ish has 30 seconds left.\n|inactive|Jah_08 has 30 seconds left.\n|inactive|f1ish has 20 seconds left.\n|inactive|f1ish has 15 seconds left.\n|inactive|Jah_08 has 20 seconds left.\n|inactive|Jah_08 has 15 seconds left.\n|\n|t:|1776024603\n|move|p1a: Politoed|Protect|p1a: Politoed\n|-singleturn|p1a: Politoed|Protect\n|move|p2b: Zoroark|Shadow Ball|p1b: Archaludon\n|-damage|p1b: Archaludon|0 fnt\n|faint|p1b: Archaludon\n|move|p2a: Vanilluxe|Aurora Veil|p2a: Vanilluxe\n|-sidestart|p2: Jah_08|move: Aurora Veil\n|\n|-weather|Snowscape|[upkeep]\n|-heal|p1a: Politoed|82/100|[from] item: Leftovers\n|upkeep\n|\n|t:|1776024626\n|switch|p1b: Gengar|Gengar, L50, M|100/100\n|turn|3\n|\n|t:|1776024652\n|detailschange|p1b: Gengar|Gengar-Mega, L50, M\n|-mega|p1b: Gengar|Gengar|Gengarite\n|move|p1b: Gengar|Disable|p2b: Zoroark\n|-start|p2b: Zoroark|Disable|Shadow Ball\n|cant|p2b: Zoroark|Disable|Shadow Ball\n|move|p1a: Politoed|Perish Song|p1a: Politoed\n|-start|p1a: Politoed|perish3|[silent]\n|-start|p1b: Gengar|perish3|[silent]\n|-start|p2a: Vanilluxe|perish3|[silent]\n|-start|p2b: Zoroark|perish3|[silent]\n|-fieldactivate|move: Perish Song\n|move|p2a: Vanilluxe|Blizzard|p1a: Politoed|[spread] p1a,p1b\n|-resisted|p1a: Politoed|1\n|-damage|p1a: Politoed|71/100\n|-damage|p1b: Gengar|68/100\n|\n|-weather|Snowscape|[upkeep]\n|-heal|p1a: Politoed|77/100|[from] item: Leftovers\n|-start|p1b: Gengar|perish3\n|-start|p2b: Zoroark|perish3\n|-start|p1a: Politoed|perish3\n|-start|p2a: Vanilluxe|perish3\n|upkeep\n|turn|4\n|inactive|Jah_08 has 30 seconds left.\n|\n|t:|1776024685\n|switch|p1a: Basculegion|Basculegion, L50, M|100/100\n|move|p1b: Gengar|Disable|p2a: Vanilluxe\n|-start|p2a: Vanilluxe|Disable|Blizzard\n|move|p2b: Zoroark|Icy Wind|p1b: Gengar|[spread] p1b\n|-miss|p2b: Zoroark|p1a: Basculegion\n|-damage|p1b: Gengar|53/100\n|-unboost|p1b: Gengar|spe|1\n|cant|p2a: Vanilluxe|Disable|Blizzard\n|\n|-weather|Snowscape|[upkeep]\n|-start|p2b: Zoroark|perish2\n|-start|p1b: Gengar|perish2\n|-start|p2a: Vanilluxe|perish2\n|upkeep\n|turn|5\n|inactive|f1ish has 30 seconds left.\n|inactive|Jah_08 has 30 seconds left.\n|inactive|Jah_08 has 20 seconds left.\n|inactive|Jah_08 has 15 seconds left.\n|inactive|Jah_08 has 10 seconds left.\n|inactive|f1ish has 20 seconds left.\n|inactive|f1ish has 15 seconds left.\n|inactive|f1ish has 10 seconds left.\n|\n|t:|1776024747\n|move|p1b: Gengar|Protect|p1b: Gengar\n|-singleturn|p1b: Gengar|Protect\n|move|p2b: Zoroark|Icy Wind|p1b: Gengar|[spread] p1a\n|-activate|p1b: Gengar|move: Protect\n|-resisted|p1a: Basculegion|1\n|-damage|p1a: Basculegion|93/100\n|-unboost|p1a: Basculegion|spe|1\n|move|p2a: Vanilluxe|Freeze-Dry|p1a: Basculegion\n|-supereffective|p1a: Basculegion|1\n|-damage|p1a: Basculegion|31/100\n|move|p1a: Basculegion|Flip Turn|p2b: Zoroark\n|-damage|p2b: Zoroark|5/100\n|\n|t:|1776024765\n|switch|p1a: Politoed|Politoed, L50, F|77/100|[from] Flip Turn\n|-weather|RainDance|[from] ability: Drizzle|[of] p1a: Politoed\n|\n|-weather|RainDance|[upkeep]\n|-heal|p1a: Politoed|83/100|[from] item: Leftovers\n|-start|p2b: Zoroark|perish1\n|-start|p1b: Gengar|perish1\n|-start|p2a: Vanilluxe|perish1\n|upkeep\n|turn|6\n|inactive|Jah_08 has 30 seconds left.\n|inactive|Jah_08 has 20 seconds left.\n|\n|t:|1776024805\n|switch|p1a: Basculegion|Basculegion, L50, M|31/100\n|move|p1b: Gengar|Protect||[still]\n|-fail|p1b: Gengar\n|move|p2b: Zoroark|Icy Wind|p1a: Basculegion|[spread] p1a,p1b\n|-resisted|p1a: Basculegion|1\n|-crit|p1a: Basculegion\n|-damage|p1a: Basculegion|18/100\n|-damage|p1b: Gengar|37/100\n|-unboost|p1a: Basculegion|spe|1\n|-unboost|p1b: Gengar|spe|1\n|move|p2a: Vanilluxe|Freeze-Dry|p1a: Basculegion\n|-supereffective|p1a: Basculegion|1\n|-damage|p1a: Basculegion|0 fnt\n|faint|p1a: Basculegion\n|\n|-weather|RainDance|[upkeep]\n|-end|p2b: Zoroark|Disable\n|-start|p2b: Zoroark|perish0\n|-start|p1b: Gengar|perish0\n|-start|p2a: Vanilluxe|perish0\n|-sideend|p2: Jah_08|move: Aurora Veil\n|upkeep\n|faint|p2b: Zoroark\n|faint|p1b: Gengar\n|faint|p2a: Vanilluxe\n|-message|f1ish forfeited.\n|\n|win|Jah_08\n|raw|f1ish's rating: 1340 &rarr; <strong>1315</strong><br />(-25 for losing)\n|raw|Jah_08's rating: 1257 &rarr; <strong>1288</strong><br />(+31 for winning)\n|l|\u203df1ish\n|player|p1|\n",
  "uploadtime": 1776024833,
  "views": 42,
  "formatid": "gen9championsvgc2026regma",
  "rating": 1288,
  "private": 0,
  "password": null
}