{
  "id": "gen9championsvgc2026regma-2582479920",
  "format": "[Gen 9 Champions] VGC 2026 Reg M-A",
  "players": [
    "gurbederbeste",
    "Icarus#UPAD"
  ],
  "log": "|j|\u2606gurbederbeste\n|j|\u2606Icarus#UPAD\n|t:|1776094380\n|gametype|doubles\n|player|p1|gurbederbeste|pryce|1288\n|player|p2|Icarus#UPAD|1|1379\n|gen|9\n|tier|[Gen 9 Champions] VGC 2026 Reg M-A\n|rated|\n|rule|Species Clause: Limit one of each Pok\u00e9mon\n|rule|Item Clause: Limit 1 of each item\n|clearpoke\n|poke|p1|Aggron, L50, F|\n|poke|p1|Sinistcha, L50|\n|poke|p1|Incineroar, L50, F|\n|poke|p1|Kleavor, L50, F|\n|poke|p1|Gengar, L50, M|\n|poke|p1|Politoed, L50, M|\n|poke|p2|Floette-Eternal, L50, F|\n|poke|p2|Maushold, L50|\n|poke|p2|Garchomp, L50, F|\n|poke|p2|Talonflame, L50, F|\n|poke|p2|Rotom-Wash, L50|\n|poke|p2|Kingambit, L50, M|\n|teampreview|4\n|inactive|Battle timer is ON: inactive players will automatically lose when time's up. (requested by Icarus#UPAD)\n|\n|t:|1776094416\n|teamsize|p1|4\n|teamsize|p2|4\n|start\n|switch|p1a: Aggron|Aggron, L50, F|100/100\n|switch|p1b: Kleavor|Kleavor, L50, F|100/100\n|switch|p2a: Garchomp|Garchomp, L50, F|100/100\n|switch|p2b: Rotom|Rotom-Wash, L50|100/100\n|turn|1\n|\n|t:|1776094437\n|detailschange|p1a: Aggron|Aggron-Mega, L50, F\n|-mega|p1a: Aggron|Aggron|Aggronite\n|move|p2b: Rotom|Helping Hand|p2a: Garchomp\n|-singleturn|p2a: Garchomp|Helping Hand|[of] p2b: Rotom\n|move|p2a: Garchomp|Earthquake|p1b: Kleavor|[spread] p1a,p1b\n|-immune|p2b: Rotom|[from] ability: Levitate\n|-supereffective|p1a: Aggron|1\n|-damage|p1a: Aggron|46/100\n|-damage|p1b: Kleavor|12/100\n|move|p1b: Kleavor|Stone Axe|p2b: Rotom\n|-damage|p2b: Rotom|41/100\n|-sidestart|p2: Icarus#UPAD|move: Stealth Rock\n|-enditem|p2b: Rotom|Sitrus Berry|[eat]\n|-heal|p2b: Rotom|66/100|[from] item: Sitrus Berry\n|move|p1a: Aggron|Iron Defense|p1a: Aggron\n|-boost|p1a: Aggron|def|2\n|\n|upkeep\n|turn|2\n|inactive|gurbederbeste has 30 seconds left.\n|inactive|gurbederbeste has 20 seconds left.\n|\n|t:|1776094475\n|switch|p1b: Sinistcha|Sinistcha, L50|100/100\n|-heal|p1a: Aggron|71/100|[from] ability: Hospitality|[of] p1b: Sinistcha\n|move|p1a: Aggron|Protect|p1a: Aggron\n|-singleturn|p1a: Aggron|Protect\n|move|p2a: Garchomp|Earthquake|p1b: Sinistcha|[spread] p1b\n|-activate|p1a: Aggron|move: Protect\n|-immune|p2b: Rotom|[from] ability: Levitate\n|-resisted|p1b: Sinistcha|1\n|-damage|p1b: Sinistcha|77/100\n|move|p2b: Rotom|Thunderbolt|p1a: Aggron\n|-activate|p1a: Aggron|move: Protect\n|\n|upkeep\n|turn|3\n|inactive|gurbederbeste has 30 seconds left.\n|inactive|gurbederbeste has 20 seconds left.\n|inactive|gurbederbeste has 15 seconds left.\n|\n|t:|1776094518\n|move|p2a: Garchomp|Stomping Tantrum|p1a: Aggron\n|-supereffective|p1a: Aggron|1\n|-damage|p1a: Aggron|54/100\n|move|p2b: Rotom|Volt Switch|p1a: Aggron\n|-damage|p1a: Aggron|29/100\n|\n|t:|1776094526\n|switch|p2b: Maushold|Maushold, L50|100/100|[from] Volt Switch\n|-damage|p2b: Maushold|88/100|[from] Stealth Rock\n|move|p1a: Aggron|Body Press|p2b: Maushold\n|-supereffective|p2b: Maushold|1\n|-damage|p2b: Maushold|0 fnt\n|faint|p2b: Maushold\n|move|p1b: Sinistcha|Trick Room|p1b: Sinistcha\n|-fieldstart|move: Trick Room|[of] p1b: Sinistcha\n|\n|upkeep\n|\n|t:|1776094529\n|switch|p2b: Rotom|Rotom-Wash, L50|66/100\n|-damage|p2b: Rotom|54/100|[from] Stealth Rock\n|turn|4\n|\n|t:|1776094547\n|move|p1a: Aggron|Protect|p1a: Aggron\n|-singleturn|p1a: Aggron|Protect\n|move|p1b: Sinistcha|Life Dew|p1b: Sinistcha|[spread] p1a,p1b\n|-heal|p1a: Aggron|54/100\n|-heal|p1b: Sinistcha|100/100\n|move|p2b: Rotom|Thunderbolt|p1a: Aggron\n|-activate|p1a: Aggron|move: Protect\n|move|p2a: Garchomp|Earthquake|p1b: Sinistcha|[spread] p1b\n|-activate|p1a: Aggron|move: Protect\n|-immune|p2b: Rotom|[from] ability: Levitate\n|-resisted|p1b: Sinistcha|1\n|-damage|p1b: Sinistcha|80/100\n|\n|upkeep\n|turn|5\n|\n|t:|1776094566\n|move|p1a: Aggron|Body Press|p2b: Rotom\n|-damage|p2b: Rotom|0 fnt\n|faint|p2b: Rotom\n|move|p1b: Sinistcha|Life Dew|p1b: Sinistcha|[spread] p1a,p1b\n|-heal|p1a: Aggron|79/100\n|-heal|p1b: Sinistcha|100/100\n|move|p2a: Garchomp|Earthquake|p1a: Aggron|[spread] p1a,p1b\n|-supereffective|p1a: Aggron|1\n|-resisted|p1b: Sinistcha|1\n|-damage|p1a: Aggron|60/100\n|-damage|p1b: Sinistcha|80/100\n|\n|upkeep\n|\n|t:|1776094570\n|switch|p2b: Floette|Floette-Eternal, L50, F|100/100\n|-damage|p2b: Floette|88/100|[from] Stealth Rock\n|turn|6\n|\n|t:|1776094586\n|move|p2b: Floette|Protect|p2b: Floette\n|-singleturn|p2b: Floette|Protect\n|move|p1a: Aggron|Heavy Slam|p2b: Floette\n|-activate|p2b: Floette|move: Protect\n|move|p1b: Sinistcha|Life Dew|p1b: Sinistcha|[spread] p1a,p1b\n|-heal|p1a: Aggron|85/100\n|-heal|p1b: Sinistcha|100/100\n|move|p2a: Garchomp|Stomping Tantrum|p1a: Aggron\n|-supereffective|p1a: Aggron|1\n|-damage|p1a: Aggron|68/100\n|\n|upkeep\n|turn|7\n|\n|t:|1776094609\n|detailschange|p2b: Floette|Floette-Mega, L50, F\n|-mega|p2b: Floette|Floette|Floettite\n|-ability|p2b: Floette|Fairy Aura\n|move|p1a: Aggron|Heavy Slam|p2b: Floette\n|-supereffective|p2b: Floette|1\n|-damage|p2b: Floette|7/100\n|move|p1b: Sinistcha|Life Dew||[still]|[spread] p1a,p1b\n|-heal|p1a: Aggron|93/100\n|-fail|p1b: Sinistcha|heal\n|move|p2b: Floette|Moonblast|p1b: Sinistcha\n|-damage|p1b: Sinistcha|36/100\n|move|p2a: Garchomp|Stomping Tantrum|p1a: Aggron\n|-supereffective|p1a: Aggron|1\n|-damage|p1a: Aggron|75/100\n|\n|-fieldend|move: Trick Room\n|upkeep\n|turn|8\n|inactive|gurbederbeste has 30 seconds left.\n|inactive|Icarus#UPAD has 30 seconds left.\n|\n|t:|1776094643\n|switch|p1b: Incineroar|Incineroar, L50, F|100/100\n|-ability|p1b: Incineroar|Intimidate|boost\n|-unboost|p2a: Garchomp|atk|1\n|-unboost|p2b: Floette|atk|1\n|move|p2a: Garchomp|Stomping Tantrum|p1a: Aggron\n|-supereffective|p1a: Aggron|1\n|-damage|p1a: Aggron|63/100\n|move|p2b: Floette|Moonblast|p1b: Incineroar\n|-damage|p1b: Incineroar|20/100\n|move|p1a: Aggron|Heavy Slam|p2b: Floette\n|-supereffective|p2b: Floette|1\n|-damage|p2b: Floette|0 fnt\n|faint|p2b: Floette\n|\n|upkeep\n|turn|9\n|-message|Icarus#UPAD forfeited.\n|\n|win|gurbederbeste\n|raw|gurbederbeste's rating: 1288 &rarr; <strong>1319</strong><br />(+31 for winning)\n|raw|Icarus#UPAD's rating: 1379 &rarr; <strong>1354</strong><br />(-25 for losing)\n|l|\u2606Icarus#UPAD\n|player|p2|\n",
  "uploadtime": 1776094658,
  "views": 23,
  "formatid": "gen9championsvgc2026regma",
  "rating": 1319,
  "private": 0,
  "password": null
}