{
  "id": "gen9championsvgc2026regma-2586432692",
  "format": "[Gen 9 Champions] VGC 2026 Reg M-A",
  "players": [
    "Zero Zizz",
    "KogaAF1219"
  ],
  "log": "|j|\u2606Zero Zizz\n|j|\u2606KogaAF1219\n|t:|1776434315\n|gametype|doubles\n|player|p1|Zero Zizz|miku-ground|1383\n|player|p2|KogaAF1219|koga|1415\n|gen|9\n|tier|[Gen 9 Champions] VGC 2026 Reg M-A\n|rated|\n|rule|Species Clause: Limit one of each Pok\u00e9mon\n|rule|Item Clause: Limit 1 of each item\n|clearpoke\n|poke|p1|Charizard, L50, M|\n|poke|p1|Aerodactyl, L50, M|\n|poke|p1|Garchomp, L50, F|\n|poke|p1|Rotom-Wash, L50|\n|poke|p1|Gengar, L50, F|\n|poke|p1|Incineroar, L50, F|\n|poke|p2|Torkoal, L50, F|\n|poke|p2|Venusaur, L50, F|\n|poke|p2|Incineroar, L50, M|\n|poke|p2|Farigiraf, L50, F|\n|poke|p2|Rotom-Fan, L50|\n|poke|p2|Excadrill, L50, M|\n|teampreview|4\n|inactive|Battle timer is ON: inactive players will automatically lose when time's up. (requested by Zero Zizz)\nKogaAF1219 has agreed to open team sheets.\n|\n|t:|1776434340\n|teamsize|p1|4\n|teamsize|p2|4\n|start\n|switch|p1a: Gengar|Gengar, L50, F, shiny|100/100\n|switch|p1b: Garchomp|Garchomp, L50, F|100/100\n|switch|p2a: Farigiraf|Farigiraf, L50, F|100/100\n|switch|p2b: Incineroar|Incineroar, L50, M|100/100\n|-ability|p2b: Incineroar|Intimidate|boost\n|-unboost|p1a: Gengar|atk|1\n|-unboost|p1b: Garchomp|atk|1\n|turn|1\n|\n|t:|1776434354\n|switch|p1b: Incineroar|Incineroar, L50, F|100/100\n|-ability|p1b: Incineroar|Intimidate|boost\n|-unboost|p2a: Farigiraf|atk|1\n|-unboost|p2b: Incineroar|atk|1\n|detailschange|p1a: Gengar|Gengar-Mega, L50, F, shiny\n|-mega|p1a: Gengar|Gengar|Gengarite\n|move|p2a: Farigiraf|Helping Hand|p2b: Incineroar\n|-singleturn|p2b: Incineroar|Helping Hand|[of] p2a: Farigiraf\n|move|p1a: Gengar|Perish Song|p1a: Gengar\n|-start|p1a: Gengar|perish3|[silent]\n|-start|p1b: Incineroar|perish3|[silent]\n|-start|p2a: Farigiraf|perish3|[silent]\n|-start|p2b: Incineroar|perish3|[silent]\n|-fieldactivate|move: Perish Song\n|move|p2b: Incineroar|Flare Blitz|p1a: Gengar\n|-damage|p1a: Gengar|12/100\n|-damage|p2b: Incineroar|81/100|[from] Recoil\n|\n|-start|p1a: Gengar|perish3\n|-start|p2b: Incineroar|perish3\n|-start|p2a: Farigiraf|perish3\n|-start|p1b: Incineroar|perish3\n|upkeep\n|turn|2\n|inactive|Zero Zizz has 30 seconds left.\n|\n|t:|1776434387\n|move|p1a: Gengar|Protect|p1a: Gengar\n|-singleturn|p1a: Gengar|Protect\n|move|p2b: Incineroar|Parting Shot|p2a: Farigiraf\n|-unboost|p2a: Farigiraf|atk|1\n|-unboost|p2a: Farigiraf|spa|1\n|\n|t:|1776434393\n|switch|p2b: Torkoal|Torkoal, L50, F|100/100|[from] Parting Shot\n|-weather|SunnyDay|[from] ability: Drought|[of] p2b: Torkoal\n|move|p1b: Incineroar|Flare Blitz|p2a: Farigiraf\n|-damage|p2a: Farigiraf|17/100\n|-damage|p1b: Incineroar|65/100|[from] Recoil\n|move|p2a: Farigiraf|Trick Room|p2a: Farigiraf\n|-fieldstart|move: Trick Room|[of] p2a: Farigiraf\n|\n|-weather|SunnyDay|[upkeep]\n|-start|p2a: Farigiraf|perish2\n|-start|p1b: Incineroar|perish2\n|-start|p1a: Gengar|perish2\n|upkeep\n|turn|3\n|\n|t:|1776434411\n|switch|p1a: Garchomp|Garchomp, L50, F|100/100\n|move|p2a: Farigiraf|Helping Hand|p2b: Torkoal\n|-singleturn|p2b: Torkoal|Helping Hand|[of] p2a: Farigiraf\n|move|p2b: Torkoal|Eruption|p1b: Incineroar|[spread] p1a,p1b\n|-resisted|p1a: Garchomp|1\n|-resisted|p1b: Incineroar|1\n|-damage|p1a: Garchomp|31/100\n|-damage|p1b: Incineroar|10/100\n|-enditem|p1b: Incineroar|Sitrus Berry|[eat]\n|-heal|p1b: Incineroar|34/100|[from] item: Sitrus Berry\n|move|p1b: Incineroar|Parting Shot|p2b: Torkoal\n|-unboost|p2b: Torkoal|atk|1\n|-unboost|p2b: Torkoal|spa|1\n|\n|t:|1776434422\n|switch|p1b: Gengar|Gengar-Mega, L50, F, shiny|12/100|[from] Parting Shot\n|\n|-weather|SunnyDay|[upkeep]\n|-start|p2a: Farigiraf|perish1\n|upkeep\n|turn|4\n|\n|t:|1776434434\n|move|p2a: Farigiraf|Helping Hand|p2b: Torkoal\n|-singleturn|p2b: Torkoal|Helping Hand|[of] p2a: Farigiraf\n|move|p1b: Gengar|Protect|p1b: Gengar\n|-singleturn|p1b: Gengar|Protect\n|move|p2b: Torkoal|Eruption|p1b: Gengar|[spread] p1a\n|-activate|p1b: Gengar|move: Protect\n|-resisted|p1a: Garchomp|1\n|-damage|p1a: Garchomp|0 fnt\n|faint|p1a: Garchomp\n|\n|-weather|SunnyDay|[upkeep]\n|-start|p2a: Farigiraf|perish0\n|faint|p2a: Farigiraf\n|upkeep\n|\n|t:|1776434451\n|switch|p2a: Incineroar|Incineroar, L50, M|81/100\n|switch|p1a: Incineroar|Incineroar, L50, F|34/100\n|-ability|p1a: Incineroar|Intimidate|boost\n|-unboost|p2a: Incineroar|atk|1\n|-unboost|p2b: Torkoal|atk|1\n|-ability|p2a: Incineroar|Intimidate|boost\n|-unboost|p1a: Incineroar|atk|1\n|-unboost|p1b: Gengar|atk|1\n|turn|5\n|inactive|Zero Zizz has 30 seconds left.\n|inactive|Zero Zizz has 20 seconds left.\n|\n|t:|1776434491\n|switch|p1b: Rotom|Rotom-Wash, L50|100/100\n|move|p1a: Incineroar|Fake Out|p2b: Torkoal\n|-damage|p2b: Torkoal|93/100\n|cant|p2b: Torkoal|flinch\n|move|p2a: Incineroar|Flare Blitz|p1b: Rotom\n|-resisted|p1b: Rotom|1\n|-damage|p1b: Rotom|76/100\n|-status|p1b: Rotom|brn\n|-damage|p2a: Incineroar|74/100|[from] Recoil\n|\n|-weather|SunnyDay|[upkeep]\n|-heal|p1b: Rotom|81/100 brn|[from] item: Leftovers\n|-damage|p1b: Rotom|76/100 brn|[from] brn\n|upkeep\n|turn|6\n|\n|t:|1776434511\n|move|p1a: Incineroar|Protect|p1a: Incineroar\n|-singleturn|p1a: Incineroar|Protect\n|move|p2b: Torkoal|Earth Power|p1a: Incineroar\n|-activate|p1a: Incineroar|move: Protect\n|move|p2a: Incineroar|Parting Shot|p1b: Rotom\n|-unboost|p1b: Rotom|atk|1\n|-unboost|p1b: Rotom|spa|1\n|\n|t:|1776434514\n|switch|p2a: Venusaur|Venusaur, L50, F|100/100|[from] Parting Shot\n|move|p1b: Rotom|Hydro Pump|p2b: Torkoal\n|-supereffective|p2b: Torkoal|1\n|-damage|p2b: Torkoal|52/100\n|\n|-weather|none\n|-heal|p1b: Rotom|81/100 brn|[from] item: Leftovers\n|-damage|p1b: Rotom|76/100 brn|[from] brn\n|-fieldend|move: Trick Room\n|upkeep\n|turn|7\n|inactive|Zero Zizz has 30 seconds left.\n|\n|t:|1776434545\n|detailschange|p2a: Venusaur|Venusaur-Mega, L50, F\n|-mega|p2a: Venusaur|Venusaur|Venusaurite\n|move|p2a: Venusaur|Giga Drain|p1b: Rotom\n|-supereffective|p1b: Rotom|1\n|-damage|p1b: Rotom|0 fnt\n|faint|p1b: Rotom\n|move|p1a: Incineroar|Flare Blitz|p2b: Torkoal\n|-resisted|p2b: Torkoal|1\n|-damage|p2b: Torkoal|37/100\n|-damage|p1a: Incineroar|29/100|[from] Recoil\n|move|p2b: Torkoal|Earth Power|p1a: Incineroar\n|-supereffective|p1a: Incineroar|1\n|-damage|p1a: Incineroar|2/100\n|\n|upkeep\n|\n|t:|1776434551\n|switch|p1b: Gengar|Gengar-Mega, L50, F, shiny|12/100\n|turn|8\n|-message|Zero Zizz forfeited.\n|\n|win|KogaAF1219\n|raw|Zero Zizz's rating: 1383 &rarr; <strong>1365</strong><br />(-18 for losing)\n|raw|KogaAF1219's rating: 1415 &rarr; <strong>1433</strong><br />(+18 for winning)\n|l|\u2606Zero Zizz\n|player|p1|\n",
  "uploadtime": 1776434578,
  "views": 45,
  "formatid": "gen9championsvgc2026regma",
  "rating": 1365,
  "private": 0,
  "password": null
}