{
  "id": "gen9championsvgc2026regma-2588166305",
  "format": "[Gen 9 Champions] VGC 2026 Reg M-A",
  "players": [
    "mobmasher99",
    "Grurilla"
  ],
  "log": "|j|\u2606mobmasher99\n|j|\u2606Grurilla\n|t:|1776610799\n|gametype|doubles\n|player|p1|mobmasher99|teamrocket|1141\n|player|p2|Grurilla|1|1222\n|gen|9\n|tier|[Gen 9 Champions] VGC 2026 Reg M-A\n|rated|\n|rule|Species Clause: Limit one of each Pok\u00e9mon\n|rule|Item Clause: Limit 1 of each item\n|clearpoke\n|poke|p1|Aurorus, L50, M|\n|poke|p1|Slowking-Galar, L50, F|\n|poke|p1|Crabominable, L50, M|\n|poke|p1|Sinistcha, L50|\n|poke|p1|Incineroar, L50, F|\n|poke|p1|Oranguru, L50, M|\n|poke|p2|Kingambit, L50, F|\n|poke|p2|Whimsicott, L50, F|\n|poke|p2|Sneasler, L50, M|\n|poke|p2|Garchomp, L50, F|\n|poke|p2|Primarina, L50, M|\n|poke|p2|Sinistcha, L50|\n|teampreview|4\n|inactive|Battle timer is ON: inactive players will automatically lose when time's up. (requested by mobmasher99)\n|l|\u2606Grurilla\n|inactive|Grurilla disconnected and has a minute to reconnect!\n|player|p2|\n|j|\u2606Grurilla\n|inactive|Grurilla reconnected and has 85 seconds left.\n|player|p2|Grurilla|1|\n|inactive|mobmasher99 has 60 seconds left.\n|\n|t:|1776610836\n|teamsize|p1|4\n|teamsize|p2|4\n|start\n|switch|p1a: Crabominable|Crabominable, L50, M|100/100\n|switch|p1b: Slowking|Slowking-Galar, L50, F|100/100\n|switch|p2a: Sneasler|Sneasler, L50, M|100/100\n|switch|p2b: Sinistcha|Sinistcha, L50|100/100\n|turn|1\n|l|\u2606Grurilla\n|inactive|Grurilla disconnected and has a minute to reconnect!\n|player|p2|\n|j|\u2606Grurilla\n|inactive|Grurilla reconnected and has 40 seconds left.\n|player|p2|Grurilla|1|\n|l|\u2606Grurilla\n|inactive|Grurilla disconnected and has a minute to reconnect!\n|player|p2|\n|j|\u2606Grurilla\n|inactive|Grurilla reconnected and has 35 seconds left.\n|player|p2|Grurilla|1|\n|inactive|Grurilla has 30 seconds left.\n|\n|t:|1776610865\n|detailschange|p1a: Crabominable|Crabominable-Mega, L50, M\n|-mega|p1a: Crabominable|Crabominable|Crabominite\n|move|p2a: Sneasler|Fake Out|p1b: Slowking\n|-damage|p1b: Slowking|87/100\n|move|p2b: Sinistcha|Matcha Gotcha|p1a: Crabominable|[spread] p1b\n|-miss|p2b: Sinistcha|p1a: Crabominable\n|-resisted|p1b: Slowking|1\n|-damage|p1b: Slowking|79/100\n|move|p1a: Crabominable|Ice Hammer|p2b: Sinistcha|[miss]\n|-miss|p1a: Crabominable|p2b: Sinistcha\n|cant|p1b: Slowking|flinch\n|\n|upkeep\n|turn|2\n|l|\u2606Grurilla\n|inactive|Grurilla disconnected and has a minute to reconnect!\n|player|p2|\n|j|\u2606Grurilla\n|inactive|Grurilla reconnected and has 50 seconds left.\n|player|p2|Grurilla|1|\n|\n|t:|1776610879\n|move|p1a: Crabominable|Protect|p1a: Crabominable\n|-singleturn|p1a: Crabominable|Protect\n|move|p2a: Sneasler|Close Combat|p1a: Crabominable\n|-activate|p1a: Crabominable|move: Protect\n|move|p2b: Sinistcha|Matcha Gotcha|p1b: Slowking|[spread] \n|-activate|p1a: Crabominable|move: Protect\n|-miss|p2b: Sinistcha|p1b: Slowking\n|move|p1b: Slowking|Trick Room|p1b: Slowking\n|-fieldstart|move: Trick Room|[of] p1b: Slowking\n|\n|upkeep\n|turn|3\n|inactive|Grurilla has 30 seconds left.\n|\n|t:|1776610904\n|switch|p2a: Primarina|Primarina, L50, M|100/100\n|move|p1b: Slowking|Psychic Noise|p2a: Primarina\n|-damage|p2a: Primarina|74/100\n|-start|p2a: Primarina|move: Heal Block\n|move|p1a: Crabominable|Ice Hammer|p2b: Sinistcha\n|-supereffective|p2b: Sinistcha|1\n|-damage|p2b: Sinistcha|0 fnt\n|-unboost|p1a: Crabominable|spe|1\n|faint|p2b: Sinistcha\n|\n|upkeep\n|\n|t:|1776610918\n|switch|p2b: Kingambit|Kingambit, L50, F|100/100\n|turn|4\n|\n|t:|1776610929\n|move|p2b: Kingambit|Sucker Punch|p1b: Slowking\n|-supereffective|p1b: Slowking|1\n|-enditem|p1b: Slowking|Colbur Berry|[eat]\n|-enditem|p1b: Slowking|Colbur Berry|[weaken]\n|-damage|p1b: Slowking|34/100\n|move|p1a: Crabominable|Drain Punch|p2b: Kingambit\n|-supereffective|p2b: Kingambit|2\n|-damage|p2b: Kingambit|0 fnt\n|faint|p2b: Kingambit\n|move|p1b: Slowking|Sludge Bomb|p2a: Primarina\n|-supereffective|p2a: Primarina|1\n|-damage|p2a: Primarina|10/100\n|move|p2a: Primarina|Hyper Voice|p1a: Crabominable|[spread] p1a,p1b\n|-damage|p1a: Crabominable|62/100\n|-damage|p1b: Slowking|0 fnt\n|faint|p1b: Slowking\n|\n|-end|p2a: Primarina|move: Heal Block\n|upkeep\n|\n|t:|1776610947\n|switch|p1b: Aurorus|Aurorus, L50, M|100/100\n|switch|p2b: Sneasler|Sneasler, L50, M|100/100\n|-weather|Snowscape|[from] ability: Snow Warning|[of] p1b: Aurorus\n|turn|5\n|\n|t:|1776610960\n|move|p2b: Sneasler|Fake Out|p1a: Crabominable\n|-damage|p1a: Crabominable|55/100\n|cant|p1a: Crabominable|flinch\n|move|p1b: Aurorus|Blizzard|p2b: Sneasler|[spread] p2a,p2b\n|-resisted|p2a: Primarina|1\n|-damage|p2a: Primarina|0 fnt\n|-damage|p2b: Sneasler|50/100\n|-status|p2b: Sneasler|frz\n|faint|p2a: Primarina\n|\n|-weather|Snowscape|[upkeep]\n|upkeep\n|turn|6\n|\n|t:|1776610979\n|move|p1a: Crabominable|Ice Hammer|p2b: Sneasler\n|-damage|p2b: Sneasler|0 fnt\n|-unboost|p1a: Crabominable|spe|1\n|faint|p2b: Sneasler\n|\n|win|mobmasher99\n|raw|mobmasher99's rating: 1141 &rarr; <strong>1172</strong><br />(+31 for winning)\n|raw|Grurilla's rating: 1222 &rarr; <strong>1191</strong><br />(-31 for losing)\n",
  "uploadtime": 1776610981,
  "views": 15,
  "formatid": "gen9championsvgc2026regma",
  "rating": 1172,
  "private": 0,
  "password": null
}