{
  "id": "gen9championsvgc2026regma-2582471751",
  "format": "[Gen 9 Champions] VGC 2026 Reg M-A",
  "players": [
    "rajyesh1",
    "Timmmmmmmmmmmmm"
  ],
  "log": "|j|\u2606rajyesh1\n|j|\u2606Timmmmmmmmmmmmm\n|t:|1776093863\n|gametype|doubles\n|player|p1|rajyesh1|lucas|1083\n|player|p2|Timmmmmmmmmmmmm|alder|1077\n|gen|9\n|tier|[Gen 9 Champions] VGC 2026 Reg M-A\n|rated|\n|rule|Species Clause: Limit one of each Pok\u00e9mon\n|rule|Item Clause: Limit 1 of each item\n|clearpoke\n|poke|p1|Mimikyu, L50, F|\n|poke|p1|Farigiraf, L50, F|\n|poke|p1|Torkoal, L50, M|\n|poke|p1|Golurk, L50|\n|poke|p1|Maushold, L50|\n|poke|p1|Decidueye-Hisui, L50, F|\n|poke|p2|Hawlucha, L50, M|\n|poke|p2|Sinistcha, L50|\n|poke|p2|Maushold, L50|\n|poke|p2|Pelipper, L50, M|\n|poke|p2|Archaludon, L50, M|\n|poke|p2|Kingambit, L50, M|\n|teampreview|4\n|inactive|Battle timer is ON: inactive players will automatically lose when time's up. (requested by rajyesh1)\n|inactive|rajyesh1 has 60 seconds left.\n|\n|t:|1776093916\n|teamsize|p1|4\n|teamsize|p2|4\n|start\n|switch|p1a: Mimikyu|Mimikyu, L50, F, shiny|100/100\n|switch|p1b: Golurk|Golurk, L50, shiny|100/100\n|switch|p2a: Pelipper|Pelipper, L50, M|100/100\n|switch|p2b: Archaludon|Archaludon, L50, M|100/100\n|-weather|RainDance|[from] ability: Drizzle|[of] p2a: Pelipper\n|turn|1\n|\n|t:|1776093938\n|detailschange|p1b: Golurk|Golurk-Mega, L50, shiny\n|-mega|p1b: Golurk|Golurk|Golurkite\n|move|p2a: Pelipper|Weather Ball|p1b: Golurk\n|-supereffective|p1b: Golurk|1\n|-damage|p1b: Golurk|0 fnt\n|faint|p1b: Golurk\n|move|p2b: Archaludon|Flash Cannon|p1a: Mimikyu\n|-activate|p1a: Mimikyu|ability: Disguise\n|-damage|p1a: Mimikyu|100/100\n|detailschange|p1a: Mimikyu|Mimikyu-Busted, L50, F, shiny\n|-damage|p1a: Mimikyu|88/100|[from] pokemon: Mimikyu-Busted\n|move|p1a: Mimikyu|Trick Room|p1a: Mimikyu\n|-fieldstart|move: Trick Room|[of] p1a: Mimikyu\n|\n|-weather|RainDance|[upkeep]\n|upkeep\n|\n|t:|1776093952\n|switch|p1b: Torkoal|Torkoal, L50, M|100/100\n|-weather|SunnyDay|[from] ability: Drought|[of] p1b: Torkoal\n|turn|2\n|\n|t:|1776093972\n|switch|p1a: Decidueye|Decidueye-Hisui, L50, F, shiny|100/100\n|switch|p2a: Maushold|Maushold, L50|100/100\n|move|p2b: Archaludon|Protect|p2b: Archaludon\n|-singleturn|p2b: Archaludon|Protect\n|move|p1b: Torkoal|Eruption|p2b: Archaludon|[spread] p2a\n|-activate|p2b: Archaludon|move: Protect\n|-damage|p2a: Maushold|10/100\n|\n|-weather|SunnyDay|[upkeep]\n|upkeep\n|turn|3\n|inactive|Timmmmmmmmmmmmm has 30 seconds left.\n|inactive|Timmmmmmmmmmmmm has 20 seconds left.\n|\n|t:|1776094011\n|switch|p1b: Mimikyu|Mimikyu-Busted, L50, F, shiny|88/100\n|switch|p2b: Sinistcha|Sinistcha, L50|100/100\n|-heal|p2a: Maushold|35/100|[from] ability: Hospitality|[of] p2b: Sinistcha\n|switch|p2a: Pelipper|Pelipper, L50, M|100/100\n|-weather|RainDance|[from] ability: Drizzle|[of] p2a: Pelipper\n|move|p1a: Decidueye|Triple Arrows|p2b: Sinistcha\n|-immune|p2b: Sinistcha\n|\n|-weather|RainDance|[upkeep]\n|upkeep\n|turn|4\n|inactive|Timmmmmmmmmmmmm has 30 seconds left.\n|inactive|Timmmmmmmmmmmmm has 20 seconds left.\n|\n|t:|1776094047\n|switch|p2b: Maushold|Maushold, L50|35/100\n|move|p1a: Decidueye|Triple Arrows|p2b: Maushold\n|-supereffective|p2b: Maushold|1\n|-damage|p2b: Maushold|0 fnt\n|faint|p2b: Maushold\n|move|p1b: Mimikyu|Shadow Claw|p2a: Pelipper\n|-crit|p2a: Pelipper\n|-damage|p2a: Pelipper|54/100\n|move|p2a: Pelipper|Hurricane|p1a: Decidueye\n|-supereffective|p1a: Decidueye|2\n|-damage|p1a: Decidueye|0 fnt\n|faint|p1a: Decidueye\n|\n|-weather|RainDance|[upkeep]\n|upkeep\n|\n|t:|1776094064\n|switch|p1a: Torkoal|Torkoal, L50, M|100/100\n|switch|p2b: Sinistcha|Sinistcha, L50|100/100\n|-weather|SunnyDay|[from] ability: Drought|[of] p1a: Torkoal\n|-heal|p2a: Pelipper|79/100|[from] ability: Hospitality|[of] p2b: Sinistcha\n|turn|5\n|\n|t:|1776094089\n|switch|p2a: Archaludon|Archaludon, L50, M|100/100\n|move|p2b: Sinistcha|Protect|p2b: Sinistcha\n|-singleturn|p2b: Sinistcha|Protect\n|move|p1a: Torkoal|Eruption|p2b: Sinistcha|[spread] p2a\n|-activate|p2b: Sinistcha|move: Protect\n|-damage|p2a: Archaludon|0 fnt\n|faint|p2a: Archaludon\n|move|p1b: Mimikyu|Shadow Claw|p2b: Sinistcha\n|-activate|p2b: Sinistcha|move: Protect\n|\n|-weather|SunnyDay|[upkeep]\n|-fieldend|move: Trick Room\n|upkeep\n|\n|t:|1776094094\n|switch|p2a: Pelipper|Pelipper, L50, M|79/100\n|-weather|RainDance|[from] ability: Drizzle|[of] p2a: Pelipper\n|turn|6\n|\n|t:|1776094111\n|move|p2a: Pelipper|Weather Ball|p1a: Torkoal\n|-supereffective|p1a: Torkoal|1\n|-damage|p1a: Torkoal|0 fnt\n|faint|p1a: Torkoal\n|move|p1b: Mimikyu|Shadow Claw|p2b: Sinistcha\n|-supereffective|p2b: Sinistcha|1\n|-damage|p2b: Sinistcha|59/100\n|move|p2b: Sinistcha|Strength Sap|p1b: Mimikyu\n|-unboost|p1b: Mimikyu|atk|1\n|-heal|p2b: Sinistcha|100/100\n|\n|-weather|RainDance|[upkeep]\n|upkeep\n|turn|7\n|-message|rajyesh1 forfeited.\n|\n|win|Timmmmmmmmmmmmm\n|raw|rajyesh1's rating: 1083 &rarr; <strong>1060</strong><br />(-23 for losing)\n|raw|Timmmmmmmmmmmmm's rating: 1077 &rarr; <strong>1106</strong><br />(+29 for winning)\n",
  "uploadtime": 1776094123,
  "views": 12,
  "formatid": "gen9championsvgc2026regma",
  "rating": 1060,
  "private": 0,
  "password": null
}