{
  "id": "gen9championsvgc2026regma-2583612847",
  "format": "[Gen 9 Champions] VGC 2026 Reg M-A",
  "players": [
    "tsvcx",
    "MrGreenHoodie"
  ],
  "log": "|j|\u2606tsvcx\n|j|\u2606MrGreenHoodie\n|t:|1776186539\n|gametype|doubles\n|player|p1|tsvcx|102|1049\n|player|p2|MrGreenHoodie|red|1109\n|gen|9\n|tier|[Gen 9 Champions] VGC 2026 Reg M-A\n|rated|\n|rule|Species Clause: Limit one of each Pok\u00e9mon\n|rule|Item Clause: Limit 1 of each item\n|clearpoke\n|poke|p1|Delphox, L50, F|\n|poke|p1|Aerodactyl, L50, M|\n|poke|p1|Garchomp, L50, F|\n|poke|p1|Sneasler, L50, M|\n|poke|p1|Rotom-Wash, L50|\n|poke|p1|Whimsicott, L50, M|\n|poke|p2|Gengar, L50, F|\n|poke|p2|Kommo-o, L50, M|\n|poke|p2|Incineroar, L50, M|\n|poke|p2|Sinistcha, L50|\n|poke|p2|Tyranitar, L50, M|\n|poke|p2|Aegislash, L50, M|\n|teampreview|4\n|inactive|Battle timer is ON: inactive players will automatically lose when time's up. (requested by tsvcx)\n|\n|t:|1776186564\n|teamsize|p1|4\n|teamsize|p2|4\n|start\n|switch|p1a: Rotom|Rotom-Wash, L50|100/100\n|switch|p1b: Sneasler|Sneasler, L50, M|100/100\n|switch|p2a: Gengar|Gengar, L50, F|100/100\n|switch|p2b: Incineroar|Incineroar, L50, M|100/100\n|-ability|p2b: Incineroar|Intimidate|boost\n|-unboost|p1a: Rotom|atk|1\n|-unboost|p1b: Sneasler|atk|1\n|-enditem|p1b: Sneasler|White Herb\n|-clearnegativeboost|p1b: Sneasler|[silent]\n|turn|1\n|\n|t:|1776186582\n|detailschange|p2a: Gengar|Gengar-Mega, L50, F\n|-mega|p2a: Gengar|Gengar|Gengarite\n|move|p1b: Sneasler|Fake Out|p2b: Incineroar\n|-damage|p2b: Incineroar|88/100\n|cant|p2b: Incineroar|flinch\n|move|p2a: Gengar|Perish Song|p2a: Gengar\n|-start|p1a: Rotom|perish3|[silent]\n|-start|p1b: Sneasler|perish3|[silent]\n|-start|p2a: Gengar|perish3|[silent]\n|-start|p2b: Incineroar|perish3|[silent]\n|-fieldactivate|move: Perish Song\n|move|p1a: Rotom|Electroweb|p2b: Incineroar|[spread] p2a,p2b\n|-damage|p2a: Gengar|84/100\n|-damage|p2b: Incineroar|75/100\n|-unboost|p2a: Gengar|spe|1\n|-unboost|p2b: Incineroar|spe|1\n|\n|-start|p1b: Sneasler|perish3\n|-start|p2a: Gengar|perish3\n|-start|p1a: Rotom|perish3\n|-start|p2b: Incineroar|perish3\n|upkeep\n|turn|2\n|inactive|tsvcx has 30 seconds left.\n|\n|t:|1776186616\n|move|p2a: Gengar|Protect|p2a: Gengar\n|-singleturn|p2a: Gengar|Protect\n|move|p2b: Incineroar|Protect|p2b: Incineroar\n|-singleturn|p2b: Incineroar|Protect\n|move|p1b: Sneasler|Close Combat|p2b: Incineroar\n|-activate|p2b: Incineroar|move: Protect\n|move|p1a: Rotom|Volt Switch|p2b: Incineroar\n|-activate|p2b: Incineroar|move: Protect\n|\n|-start|p1b: Sneasler|perish2\n|-start|p2a: Gengar|perish2\n|-start|p1a: Rotom|perish2\n|-start|p2b: Incineroar|perish2\n|upkeep\n|turn|3\n|inactive|MrGreenHoodie has 30 seconds left.\n|\n|t:|1776186642\n|switch|p2a: Sinistcha|Sinistcha, L50|100/100\n|-heal|p2b: Incineroar|100/100|[from] ability: Hospitality|[of] p2a: Sinistcha\n|move|p1b: Sneasler|Dire Claw|p2a: Sinistcha\n|-crit|p2a: Sinistcha\n|-damage|p2a: Sinistcha|43/100\n|-enditem|p2a: Sinistcha|Sitrus Berry|[eat]\n|-heal|p2a: Sinistcha|67/100|[from] item: Sitrus Berry\n|move|p1a: Rotom|Volt Switch|p2a: Sinistcha\n|-resisted|p2a: Sinistcha|1\n|-damage|p2a: Sinistcha|54/100\n|\n|t:|1776186658\n|switch|p1a: Garchomp|Garchomp, L50, F|100/100|[from] Volt Switch\n|move|p2b: Incineroar|Parting Shot|p1a: Garchomp\n|-unboost|p1a: Garchomp|atk|1\n|-unboost|p1a: Garchomp|spa|1\n|\n|t:|1776186663\n|switch|p2b: Gengar|Gengar-Mega, L50, F|84/100|[from] Parting Shot\n|\n|-start|p1b: Sneasler|perish1\n|upkeep\n|turn|4\n|\n|t:|1776186674\n|move|p2b: Gengar|Protect|p2b: Gengar\n|-singleturn|p2b: Gengar|Protect\n|move|p2a: Sinistcha|Protect|p2a: Sinistcha\n|-singleturn|p2a: Sinistcha|Protect\n|move|p1b: Sneasler|Coaching|p1a: Garchomp\n|-boost|p1a: Garchomp|atk|1\n|-boost|p1a: Garchomp|def|1\n|move|p1a: Garchomp|Earthquake|p2b: Gengar|[spread] p1b\n|-activate|p2a: Sinistcha|move: Protect\n|-activate|p2b: Gengar|move: Protect\n|-supereffective|p1b: Sneasler|1\n|-damage|p1b: Sneasler|0 fnt\n|faint|p1b: Sneasler\n|\n|upkeep\n|\n|t:|1776186688\n|switch|p1b: Delphox|Delphox, L50, F|100/100\n|turn|5\n|\n|t:|1776186700\n|switch|p2a: Incineroar|Incineroar, L50, M|100/100\n|-ability|p2a: Incineroar|Intimidate|boost\n|-unboost|p1a: Garchomp|atk|1\n|-unboost|p1b: Delphox|atk|1\n|detailschange|p1b: Delphox|Delphox-Mega, L50, F\n|-mega|p1b: Delphox|Delphox|Delphoxite\n|move|p1a: Garchomp|Earthquake|p2b: Gengar|[spread] p2a,p2b\n|-immune|p1b: Delphox|[from] ability: Levitate\n|-supereffective|p2a: Incineroar|1\n|-supereffective|p2b: Gengar|1\n|-damage|p2a: Incineroar|57/100\n|-damage|p2b: Gengar|11/100\n|move|p1b: Delphox|Heat Wave|p2b: Gengar|[spread] p2a,p2b\n|-resisted|p2a: Incineroar|1\n|-damage|p2a: Incineroar|41/100\n|-damage|p2b: Gengar|0 fnt\n|faint|p2b: Gengar\n|\n|upkeep\n|\n|t:|1776186713\n|switch|p2b: Sinistcha|Sinistcha, L50|54/100\n|-heal|p2a: Incineroar|66/100|[from] ability: Hospitality|[of] p2b: Sinistcha\n|turn|6\n|\n|t:|1776186729\n|switch|p1b: Rotom|Rotom-Wash, L50|100/100\n|move|p2a: Incineroar|Fake Out|p1b: Rotom\n|-damage|p1b: Rotom|90/100\n|move|p1a: Garchomp|Earthquake|p2b: Sinistcha|[spread] p2a,p2b\n|-immune|p1b: Rotom|[from] ability: Levitate\n|-supereffective|p2a: Incineroar|1\n|-resisted|p2b: Sinistcha|1\n|-damage|p2a: Incineroar|20/100\n|-damage|p2b: Sinistcha|43/100\n|move|p2b: Sinistcha|Matcha Gotcha|p1b: Rotom|[spread] p1b\n|-miss|p2b: Sinistcha|p1a: Garchomp\n|-supereffective|p1b: Rotom|1\n|-damage|p1b: Rotom|55/100\n|-heal|p2b: Sinistcha|58/100|[from] drain|[of] p1b: Rotom\n|\n|upkeep\n|turn|7\n|inactive|tsvcx has 30 seconds left.\n|\n|t:|1776186756\n|switch|p1a: Delphox|Delphox-Mega, L50, F|100/100\n|move|p2a: Incineroar|Protect|p2a: Incineroar\n|-singleturn|p2a: Incineroar|Protect\n|move|p1b: Rotom|Volt Switch|p2a: Incineroar\n|-activate|p2a: Incineroar|move: Protect\n|move|p2b: Sinistcha|Matcha Gotcha|p1a: Delphox|[spread] p1a,p1b\n|-resisted|p1a: Delphox|1\n|-supereffective|p1b: Rotom|1\n|-damage|p1a: Delphox|89/100\n|-heal|p2b: Sinistcha|63/100|[from] drain|[of] p1a: Delphox\n|-damage|p1b: Rotom|16/100\n|-heal|p2b: Sinistcha|80/100|[from] drain|[of] p1b: Rotom\n|-status|p1b: Rotom|brn\n|-enditem|p1b: Rotom|Sitrus Berry|[eat]\n|-heal|p1b: Rotom|41/100 brn|[from] item: Sitrus Berry\n|\n|-damage|p1b: Rotom|36/100 brn|[from] brn\n|upkeep\n|turn|8\n|inactive|tsvcx has 30 seconds left.\n|\n|t:|1776186786\n|move|p2b: Sinistcha|Rage Powder|p2b: Sinistcha\n|-singleturn|p2b: Sinistcha|move: Rage Powder\n|move|p1a: Delphox|Heat Wave|p2a: Incineroar|[spread] p2a,p2b\n|-resisted|p2a: Incineroar|1\n|-supereffective|p2b: Sinistcha|1\n|-damage|p2a: Incineroar|3/100\n|-damage|p2b: Sinistcha|5/100\n|move|p1b: Rotom|Volt Switch|p2b: Sinistcha\n|-resisted|p2b: Sinistcha|1\n|-damage|p2b: Sinistcha|0 fnt\n|faint|p2b: Sinistcha\n|\n|t:|1776186795\n|switch|p1b: Garchomp|Garchomp, L50, F|100/100|[from] Volt Switch\n|move|p2a: Incineroar|Throat Chop|p1a: Delphox\n|-supereffective|p1a: Delphox|1\n|-damage|p1a: Delphox|0 fnt\n|faint|p1a: Delphox\n|\n|upkeep\n|\n|t:|1776186802\n|switch|p1a: Rotom|Rotom-Wash, L50|36/100 brn\n|switch|p2b: Aegislash|Aegislash, L50, M|100/100\n|turn|9\n|\n|t:|1776186813\n|move|p1b: Garchomp|Earthquake|p2b: Aegislash|[spread] p2a,p2b\n|-immune|p1a: Rotom|[from] ability: Levitate\n|-supereffective|p2a: Incineroar|1\n|-supereffective|p2b: Aegislash|1\n|-damage|p2a: Incineroar|0 fnt\n|-damage|p2b: Aegislash|38/100\n|faint|p2a: Incineroar\n|move|p1a: Rotom|Will-O-Wisp|p2b: Aegislash\n|-status|p2b: Aegislash|brn\n|-formechange|p2b: Aegislash|Aegislash-Blade|\n|move|p2b: Aegislash|Poltergeist|p1b: Garchomp|[miss]\n|-miss|p2b: Aegislash|p1b: Garchomp\n|\n|-damage|p1a: Rotom|30/100 brn|[from] brn\n|-damage|p2b: Aegislash|32/100 brn|[from] brn\n|upkeep\n|turn|10\n|-message|MrGreenHoodie forfeited.\n|\n|win|tsvcx\n|raw|tsvcx's rating: 1049 &rarr; <strong>1087</strong><br />(+38 for winning)\n|raw|MrGreenHoodie's rating: 1109 &rarr; <strong>1080</strong><br />(-29 for losing)\n|l|\u2606MrGreenHoodie\n|player|p2|\n",
  "uploadtime": 1776186829,
  "views": 14,
  "formatid": "gen9championsvgc2026regma",
  "rating": 1080,
  "private": 0,
  "password": null
}