{
  "id": "gen9championsvgc2026regma-2580479776",
  "format": "[Gen 9 Champions] VGC 2026 Reg M-A",
  "players": [
    "fangyusuhe",
    "RookieHj"
  ],
  "log": "|j|\u2606fangyusuhe\n|j|\u2606RookieHj\n|html|<table width=\"100%\"><tr><td align=\"left\">fangyusuhe</td><td align=\"right\">RookieHj</tr><tr><td align=\"left\"><i class=\"fa fa-circle-o\"></i> <i class=\"fa fa-circle-o\"></i> </td><td align=\"right\"><i class=\"fa fa-circle-o\"></i> <i class=\"fa fa-circle-o\"></i> </tr></table>\n|uhtml|bestof|<h2><strong>Game 1</strong> of <a href=\"/game-bestof3-gen9championsvgc2026regma-2580479775\">a best-of-3</a></h2>\n|t:|1775902692\n|gametype|doubles\n|player|p1|fangyusuhe|dawn|\n|player|p2|RookieHj|266|\n|gen|9\n|tier|[Gen 9 Champions] VGC 2026 Reg M-A\n|rated|Tournament battle\n|rule|Species Clause: Limit one of each Pok\u00e9mon\n|rule|Item Clause: Limit 1 of each item\n|raw|<div class=\"infobox\"><details class=\"readmore\" open><summary><strong>2 custom rules:</strong></summary> best of=3, force open team sheets</details></div>\n|clearpoke\n|poke|p1|Charizard, L50, F|\n|poke|p1|Sneasler, L50, F|\n|poke|p1|Basculegion, L50, M|\n|poke|p1|Garchomp, L50, M|\n|poke|p1|Incineroar, L50, F|\n|poke|p1|Venusaur, L50, F|\n|poke|p2|Gengar, L50, M|\n|poke|p2|Kingambit, L50, M|\n|poke|p2|Sinistcha-Masterpiece, L50|\n|poke|p2|Incineroar, L50, F|\n|poke|p2|Kommo-o, L50, F|\n|poke|p2|Tyranitar, L50, F|\n|teampreview|4\n|showteam|p1|Charizard||CharizarditeY|Blaze|HeatWave,AirSlash,WeatherBall,Protect|||F|||50|]Sneasler||WhiteHerb|Unburden|CloseCombat,DireClaw,RockSlide,Protect|||F|||50|]Basculegion||ChoiceScarf|Adaptability|WaveCrash,LastRespects,AquaJet,FlipTurn|||M|||50|]Garchomp||HabanBerry|RoughSkin|DragonClaw,Earthquake,RockSlide,Protect|||M|||50|]Incineroar||SitrusBerry|Intimidate|ThroatChop,FlareBlitz,PartingShot,FakeOut|||F|||50|]Venusaur||FocusSash|Chlorophyll|EnergyBall,SludgeBomb,SleepPowder,Protect|||F|||50|\n|showteam|p2|Gengar||Gengarite|CursedBody|ShadowBall,Protect,PerishSong,Substitute|||M|||50|]Kingambit||ChopleBerry|Defiant|Protect,IronHead,LowKick,SuckerPunch|||M|||50|]Sinistcha-Masterpiece||SitrusBerry|Hospitality|MatchaGotcha,LifeDew,RagePowder,Protect||||||50|]Incineroar||ShucaBerry|Intimidate|FakeOut,Protect,PartingShot,ThroatChop|||F|||50|]Kommo-o||Leftovers|Soundproof|FocusBlast,ClangingScales,ClangorousSoul,Protect|||F|||50|]Tyranitar||ChoiceScarf|SandStream|StoneEdge,LowKick,RockSlide,IcePunch|||F|||50|\n|j| mikaelifgf\n|j|@Therazer456\n|j| NathanaelW19\n|inactive|Battle timer is ON: inactive players will automatically lose when time's up. (requested by fangyusuhe)\n|inactive|RookieHj has 60 seconds left.\n|j| pr.iyanshu768500\n|\n|t:|1775902778\n|teamsize|p1|4\n|teamsize|p2|4\n|start\n|switch|p1a: Incineroar|Incineroar, L50, F|100/100\n|switch|p1b: Basculegion|Basculegion, L50, M|100/100\n|switch|p2a: Incineroar|Incineroar, L50, F|100/100\n|switch|p2b: Gengar|Gengar, L50, M, shiny|100/100\n|-ability|p1a: Incineroar|Intimidate|boost\n|-unboost|p2a: Incineroar|atk|1\n|-unboost|p2b: Gengar|atk|1\n|-ability|p2a: Incineroar|Intimidate|boost\n|-unboost|p1a: Incineroar|atk|1\n|-unboost|p1b: Basculegion|atk|1\n|turn|1\n|\n|t:|1775902788\n|detailschange|p2b: Gengar|Gengar-Mega, L50, M, shiny\n|-mega|p2b: Gengar|Gengar|Gengarite\n|move|p2b: Gengar|Protect|p2b: Gengar\n|-singleturn|p2b: Gengar|Protect\n|move|p2a: Incineroar|Protect|p2a: Incineroar\n|-singleturn|p2a: Incineroar|Protect\n|move|p1b: Basculegion|Wave Crash|p2a: Incineroar\n|-activate|p2a: Incineroar|move: Protect\n|move|p1a: Incineroar|Throat Chop|p2b: Gengar\n|-activate|p2b: Gengar|move: Protect\n|\n|upkeep\n|turn|2\n|inactive|RookieHj has 30 seconds left.\n|\n|t:|1775902820\n|switch|p2a: Kommo-o|Kommo-o, L50, F|100/100\n|move|p1b: Basculegion|Wave Crash|p2b: Gengar\n|-damage|p2b: Gengar|39/100\n|-damage|p1b: Basculegion|83/100|[from] Recoil\n|move|p2b: Gengar|Substitute|p2b: Gengar\n|-start|p2b: Gengar|Substitute\n|-damage|p2b: Gengar|14/100\n|move|p1a: Incineroar|Throat Chop|p2b: Gengar\n|-supereffective|p2b: Gengar|1\n|-end|p2b: Gengar|Substitute\n|\n|upkeep\n|turn|3\n|\n|t:|1775902835\n|switch|p2b: Incineroar|Incineroar, L50, F|100/100\n|-ability|p2b: Incineroar|Intimidate|boost\n|-unboost|p1a: Incineroar|atk|1\n|-unboost|p1b: Basculegion|atk|1\n|move|p1b: Basculegion|Wave Crash|p2b: Incineroar\n|-supereffective|p2b: Incineroar|1\n|-damage|p2b: Incineroar|29/100\n|-damage|p1b: Basculegion|58/100|[from] Recoil\n|move|p2a: Kommo-o|Clangorous Soul|p2a: Kommo-o\n|-boost|p2a: Kommo-o|atk|1\n|-boost|p2a: Kommo-o|def|1\n|-boost|p2a: Kommo-o|spa|1\n|-boost|p2a: Kommo-o|spd|1\n|-boost|p2a: Kommo-o|spe|1\n|-damage|p2a: Kommo-o|68/100\n|move|p1a: Incineroar|Parting Shot|p2a: Kommo-o\n|-immune|p2a: Kommo-o|[from] ability: Soundproof\n|\n|-heal|p2a: Kommo-o|74/100|[from] item: Leftovers\n|upkeep\n|turn|4\n|inactive|RookieHj has 30 seconds left.\n|inactive|fangyusuhe has 30 seconds left.\n|inactive|RookieHj has 20 seconds left.\n|\n|t:|1775902873\n|switch|p1a: Venusaur|Venusaur, L50, F|100/100\n|move|p1b: Basculegion|Wave Crash|p2b: Incineroar\n|-supereffective|p2b: Incineroar|1\n|-damage|p2b: Incineroar|0 fnt\n|faint|p2b: Incineroar\n|-damage|p1b: Basculegion|49/100|[from] Recoil\n|move|p2a: Kommo-o|Clanging Scales|p1b: Basculegion|[spread] p1a,p1b\n|-damage|p1a: Venusaur|30/100\n|-damage|p1b: Basculegion|0 fnt\n|faint|p1b: Basculegion\n|-unboost|p2a: Kommo-o|def|1\n|\n|-heal|p2a: Kommo-o|79/100|[from] item: Leftovers\n|upkeep\n|\n|t:|1775902886\n|switch|p1b: Incineroar|Incineroar, L50, F|100/100\n|switch|p2b: Gengar|Gengar-Mega, L50, M, shiny|14/100\n|-ability|p1b: Incineroar|Intimidate|boost\n|-unboost|p2a: Kommo-o|atk|1\n|-unboost|p2b: Gengar|atk|1\n|turn|5\n|\n|t:|1775902899\n|move|p2a: Kommo-o|Protect|p2a: Kommo-o\n|-singleturn|p2a: Kommo-o|Protect\n|move|p2b: Gengar|Protect|p2b: Gengar\n|-singleturn|p2b: Gengar|Protect\n|move|p1b: Incineroar|Fake Out|p2a: Kommo-o\n|-activate|p2a: Kommo-o|move: Protect\n|move|p1a: Venusaur|Sleep Powder|p2a: Kommo-o\n|-activate|p2a: Kommo-o|move: Protect\n|\n|-heal|p2a: Kommo-o|85/100|[from] item: Leftovers\n|upkeep\n|turn|6\n|\n|t:|1775902914\n|move|p2a: Kommo-o|Focus Blast|p1b: Incineroar\n|-supereffective|p1b: Incineroar|1\n|-damage|p1b: Incineroar|0 fnt\n|faint|p1b: Incineroar\n|move|p2b: Gengar|Shadow Ball|p1a: Venusaur\n|-crit|p1a: Venusaur\n|-damage|p1a: Venusaur|0 fnt\n|faint|p1a: Venusaur\n|\n|-heal|p2a: Kommo-o|91/100|[from] item: Leftovers\n|upkeep\n|\n|t:|1775902921\n|switch|p1a: Garchomp|Garchomp, L50, M|100/100\n|turn|7\n|\n|t:|1775902930\n|move|p2a: Kommo-o|Clanging Scales|p1a: Garchomp\n|-supereffective|p1a: Garchomp|1\n|-enditem|p1a: Garchomp|Haban Berry|[eat]\n|-enditem|p1a: Garchomp|Haban Berry|[weaken]\n|-damage|p1a: Garchomp|28/100\n|-unboost|p2a: Kommo-o|def|1\n|move|p2b: Gengar|Shadow Ball|p1a: Garchomp\n|-damage|p1a: Garchomp|0 fnt\n|faint|p1a: Garchomp\n|\n|win|RookieHj\n||RookieHj is ready for game 2.\n|l| NathanaelW19\n|inactive|fangyusuhe has 30 seconds to confirm battle start!\n|l| mikaelifgf\n|l|\u2606fangyusuhe\n|player|p1|\n|l| pr.iyanshu768500\n||fangyusuhe is ready for game 2.\n|uhtml|next|Next: <a href=\"/battle-gen9championsvgc2026regma-2580481590\"><strong>Game 2 of 3</strong></a>\n|j| TheNewBrends11@!\n|l| TheNewBrends11\n|j| missouri mott\n|l| missouri mott\n|j|\u2606fangyusuhe\n|player|p1|fangyusuhe|dawn|\n",
  "uploadtime": 1775903033,
  "views": 19,
  "formatid": "gen9championsvgc2026regma",
  "rating": null,
  "private": 0,
  "password": null
}