{
  "id": "gen9championsvgc2026regma-2580359473",
  "format": "[Gen 9 Champions] VGC 2026 Reg M-A",
  "players": [
    "geekaleek",
    "Snailafteryou"
  ],
  "log": "|j|\u2606geekaleek\n|j|\u2606Snailafteryou\n|t:|1775885022\n|gametype|doubles\n|player|p1|geekaleek|266|1000\n|player|p2|Snailafteryou|rood|1000\n|gen|9\n|tier|[Gen 9 Champions] VGC 2026 Reg M-A\n|rated|\n|rule|Species Clause: Limit one of each Pok\u00e9mon\n|rule|Item Clause: Limit 1 of each item\n|clearpoke\n|poke|p1|Glimmora, L50, M|\n|poke|p1|Aegislash, L50, F|\n|poke|p1|Pelipper, L50, F|\n|poke|p1|Mamoswine, L50, M|\n|poke|p1|Incineroar, L50, F|\n|poke|p1|Sinistcha-Masterpiece, L50|\n|poke|p2|Froslass, L50, F|\n|poke|p2|Mamoswine, L50, F|\n|poke|p2|Incineroar, L50, F|\n|poke|p2|Aerodactyl, L50, F|\n|poke|p2|Scizor, L50, F|\n|poke|p2|Rotom-Wash, L50|\n|teampreview|4\n|j| The Educated Fool\n|\n|t:|1775885072\n|teamsize|p1|4\n|teamsize|p2|4\n|start\n|switch|p1a: Incineroar|Incineroar, L50, F|100/100\n|switch|p1b: Glimmora|Glimmora, L50, M|100/100\n|switch|p2a: Incineroar|Incineroar, L50, F|100/100\n|switch|p2b: Froslass|Froslass, L50, F|100/100\n|-ability|p2a: Incineroar|Intimidate|boost\n|-unboost|p1a: Incineroar|atk|1\n|-unboost|p1b: Glimmora|atk|1\n|-ability|p1a: Incineroar|Intimidate|boost\n|-unboost|p2a: Incineroar|atk|1\n|-unboost|p2b: Froslass|atk|1\n|turn|1\n|\n|t:|1775885103\n|move|p2b: Froslass|Protect|p2b: Froslass\n|-singleturn|p2b: Froslass|Protect\n|move|p1b: Glimmora|Spiky Shield|p1b: Glimmora\n|-singleturn|p1b: Glimmora|move: Protect\n|move|p2a: Incineroar|Fake Out|p1b: Glimmora\n|-activate|p1b: Glimmora|move: Protect\n|-damage|p2a: Incineroar|88/100|[from] Spiky Shield|[of] p1b: Glimmora\n|move|p1a: Incineroar|Parting Shot|p2b: Froslass\n|-activate|p2b: Froslass|move: Protect\n|\n|-heal|p2a: Incineroar|94/100|[from] item: Leftovers\n|upkeep\n|turn|2\n|\n|t:|1775885136\n|switch|p2b: Mamoswine|Mamoswine, L50, F|100/100\n|switch|p2a: Rotom|Rotom-Wash, L50|100/100\n|detailschange|p1b: Glimmora|Glimmora-Mega, L50, M\n|-mega|p1b: Glimmora|Glimmora|Glimmoranite\n|move|p1b: Glimmora|Power Gem|p2b: Mamoswine\n|-damage|p2b: Mamoswine|15/100\n|move|p1a: Incineroar|Parting Shot|p2a: Rotom\n|-unboost|p2a: Rotom|atk|1\n|-unboost|p2a: Rotom|spa|1\n|\n|t:|1775885154\n|switch|p1a: Aegislash|Aegislash, L50, F|100/100|[from] Parting Shot\n|\n|upkeep\n|turn|3\n|\n|t:|1775885176\n|move|p1b: Glimmora|Spiky Shield|p1b: Glimmora\n|-singleturn|p1b: Glimmora|move: Protect\n|move|p2b: Mamoswine|Earthquake|p1b: Glimmora|[spread] p1a\n|-activate|p1b: Glimmora|move: Protect\n|-immune|p2a: Rotom|[from] ability: Levitate\n|-supereffective|p1a: Aegislash|1\n|-damage|p1a: Aegislash|38/100\n|move|p2a: Rotom|Volt Switch|p1b: Glimmora\n|-activate|p1b: Glimmora|move: Protect\n|-formechange|p1a: Aegislash|Aegislash-Blade|\n|move|p1a: Aegislash|Poltergeist|p2a: Rotom\n|-activate|p2a: Rotom|move: Poltergeist|Sitrus Berry\n|-damage|p2a: Rotom|18/100\n|-enditem|p2a: Rotom|Sitrus Berry|[eat]\n|-heal|p2a: Rotom|43/100|[from] item: Sitrus Berry\n|\n|upkeep\n|turn|4\n|\n|t:|1775885212\n|move|p1a: Aegislash|Shadow Sneak|p2b: Mamoswine\n|-damage|p2b: Mamoswine|0 fnt\n|faint|p2b: Mamoswine\n|move|p1b: Glimmora|Power Gem|p2a: Rotom\n|-damage|p2a: Rotom|0 fnt\n|faint|p2a: Rotom\n|\n|upkeep\n|\n|t:|1775885218\n|switch|p2b: Froslass|Froslass, L50, F|100/100\n|switch|p2a: Incineroar|Incineroar, L50, F|94/100\n|-ability|p2a: Incineroar|Intimidate|boost\n|-unboost|p1a: Aegislash|atk|1\n|-unboost|p1b: Glimmora|atk|1\n|turn|5\n|\n|t:|1775885233\n|switch|p1a: Incineroar|Incineroar, L50, F|100/100\n|-ability|p1a: Incineroar|Intimidate|boost\n|-unboost|p2a: Incineroar|atk|1\n|-unboost|p2b: Froslass|atk|1\n|detailschange|p2b: Froslass|Froslass-Mega, L50, F\n|-mega|p2b: Froslass|Froslass|Froslassite\n|-weather|Snowscape|[from] ability: Snow Warning|[of] p2b: Froslass\n|move|p1b: Glimmora|Spiky Shield|p1b: Glimmora\n|-singleturn|p1b: Glimmora|move: Protect\n|move|p2b: Froslass|Aurora Veil|p2b: Froslass\n|-sidestart|p2: Snailafteryou|move: Aurora Veil\n|move|p2a: Incineroar|Darkest Lariat|p1a: Incineroar\n|-resisted|p1a: Incineroar|1\n|-damage|p1a: Incineroar|89/100\n|\n|-weather|Snowscape|[upkeep]\n|-heal|p2a: Incineroar|99/100|[from] item: Leftovers\n|upkeep\n|turn|6\n|\n|t:|1775885268\n|move|p1a: Incineroar|Fake Out|p2a: Incineroar\n|-damage|p2a: Incineroar|90/100\n|move|p2b: Froslass|Blizzard|p1a: Incineroar|[spread] p1a,p1b\n|-resisted|p1a: Incineroar|1\n|-crit|p1a: Incineroar\n|-crit|p1b: Glimmora\n|-damage|p1a: Incineroar|59/100\n|-damage|p1b: Glimmora|29/100\n|move|p1b: Glimmora|Power Gem|p2a: Incineroar\n|-supereffective|p2a: Incineroar|1\n|-damage|p2a: Incineroar|35/100\n|cant|p2a: Incineroar|flinch\n|\n|-weather|Snowscape|[upkeep]\n|-heal|p2a: Incineroar|41/100|[from] item: Leftovers\n|upkeep\n|turn|7\n|\n|t:|1775885306\n|move|p1b: Glimmora|Spiky Shield|p1b: Glimmora\n|-singleturn|p1b: Glimmora|move: Protect\n|move|p2b: Froslass|Blizzard|p1b: Glimmora|[spread] p1a\n|-activate|p1b: Glimmora|move: Protect\n|-resisted|p1a: Incineroar|1\n|-damage|p1a: Incineroar|38/100\n|-enditem|p1a: Incineroar|Sitrus Berry|[eat]\n|-heal|p1a: Incineroar|62/100|[from] item: Sitrus Berry\n|move|p1a: Incineroar|Flare Blitz|p2b: Froslass\n|-supereffective|p2b: Froslass|1\n|-damage|p2b: Froslass|13/100\n|-damage|p1a: Incineroar|42/100|[from] Recoil\n|move|p2a: Incineroar|Flare Blitz|p1a: Incineroar\n|-resisted|p1a: Incineroar|1\n|-damage|p1a: Incineroar|28/100\n|-damage|p2a: Incineroar|36/100|[from] Recoil\n|\n|-weather|Snowscape|[upkeep]\n|-heal|p2a: Incineroar|42/100|[from] item: Leftovers\n|upkeep\n|turn|8\n|\n|t:|1775885330\n|move|p2b: Froslass|Blizzard|p1b: Glimmora|[spread] p1a,p1b\n|-resisted|p1a: Incineroar|1\n|-damage|p1a: Incineroar|7/100\n|-damage|p1b: Glimmora|0 fnt\n|faint|p1b: Glimmora\n|move|p2a: Incineroar|Flare Blitz|p1a: Incineroar\n|-resisted|p1a: Incineroar|1\n|-damage|p1a: Incineroar|0 fnt\n|faint|p1a: Incineroar\n|-damage|p2a: Incineroar|40/100|[from] Recoil\n|\n|-weather|Snowscape|[upkeep]\n|-heal|p2a: Incineroar|46/100|[from] item: Leftovers\n|upkeep\n|\n|t:|1775885332\n|switch|p1b: Mamoswine|Mamoswine, L50, M|100/100\n|switch|p1a: Aegislash|Aegislash, L50, F|38/100\n|turn|9\n|\n|t:|1775885346\n|move|p2b: Froslass|Protect|p2b: Froslass\n|-singleturn|p2b: Froslass|Protect\n|-formechange|p1a: Aegislash|Aegislash-Blade|\n|move|p1a: Aegislash|Shadow Sneak|p2b: Froslass\n|-activate|p2b: Froslass|move: Protect\n|move|p1b: Mamoswine|High Horsepower|p2a: Incineroar\n|-supereffective|p2a: Incineroar|1\n|-damage|p2a: Incineroar|0 fnt\n|faint|p2a: Incineroar\n|\n|-weather|none\n|-sideend|p2: Snailafteryou|move: Aurora Veil\n|upkeep\n|turn|10\n|-message|Snailafteryou forfeited.\n|\n|win|geekaleek\n|raw|geekaleek's rating: 1000 &rarr; <strong>1040</strong><br />(+40 for winning)\n|raw|Snailafteryou's rating: 1000 &rarr; <strong>1000</strong><br />(+0 for losing)\n|l|\u2606Snailafteryou\n|player|p2|\n|l|\u2606geekaleek\n|player|p1|\n",
  "uploadtime": 1775885566,
  "views": 10,
  "formatid": "gen9championsvgc2026regma",
  "rating": 1000,
  "private": 0,
  "password": null
}