{
  "id": "gen9championsvgc2026regma-2586576880",
  "format": "[Gen 9 Champions] VGC 2026 Reg M-A",
  "players": [
    "Morden555",
    "tryson69"
  ],
  "log": "|j|\u2606Morden555\n|j|\u2606tryson69\n|t:|1776444319\n|gametype|doubles\n|player|p1|Morden555|ghetsis|\n|player|p2|tryson69|crasherwake|\n|gen|9\n|tier|[Gen 9 Champions] VGC 2026 Reg M-A\n|rated|Tournament battle\n|rule|Species Clause: Limit one of each Pok\u00e9mon\n|rule|Item Clause: Limit 1 of each item\n|raw|<div class=\"infobox\"><details class=\"readmore\" open><summary><strong>1 custom rule:</strong></summary> Force Open Team Sheets</details></div>\n|clearpoke\n|poke|p1|Tyranitar, L50, F|\n|poke|p1|Meganium, L50, F|\n|poke|p1|Basculegion, L50, M|\n|poke|p1|Garchomp, L50, F|\n|poke|p1|Sneasler, L50, M|\n|poke|p1|Aerodactyl, L50, M|\n|poke|p2|Zoroark-Hisui, L50, F|\n|poke|p2|Whimsicott, L50, F|\n|poke|p2|Floette-Eternal, L50, F|\n|poke|p2|Typhlosion-Hisui, L50, F|\n|poke|p2|Farigiraf, L50, M|\n|poke|p2|Palafin, L50, M|\n|teampreview|4\n|showteam|p1|Tyranitar||Tyranitarite|SandStream|RockSlide,LowKick,KnockOff,Protect|||F|||50|]Meganium||Meganiumite|Overgrow|SolarBeam,DazzlingGleam,Protect,WeatherBall|||F|||50|]Basculegion||ChoiceScarf|Adaptability|LastRespects,FlipTurn,AquaJet,WaveCrash|||M|||50|]Garchomp||SoftSand|RoughSkin|ScaleShot,Earthquake,StompingTantrum,Protect|||F|||50|]Sneasler||WhiteHerb|Unburden|CloseCombat,DireClaw,FakeOut,Protect|||M|||50|]Aerodactyl||FocusSash|Unnerve|RockSlide,DualWingbeat,Tailwind,Protect|||M|||50|\n|showteam|p2|Zoroark-Hisui||FocusSash|Illusion|BitterMalice,IcyWind,Taunt,Protect|||F|||50|]Whimsicott||MentalHerb|Prankster|Moonblast,Tailwind,SunnyDay,FakeTears|||F|||50|]Floette-Eternal||Floettite|FlowerVeil|DazzlingGleam,CalmMind,Protect,Moonblast|||F|||50|]Typhlosion-Hisui||ChoiceScarf|Blaze|Eruption,HeatWave,Overheat,ShadowBall|||F|||50|]Farigiraf||LumBerry|ArmorTail|Roar,HelpingHand,Psychic,TrickRoom|||M|||50|]Palafin||MysticWater|ZerotoHero|CloseCombat,JetPunch,WaveCrash,Protect|||M|||50|\n|inactive|Battle timer is ON: inactive players will automatically lose when time's up. (requested by Morden555)\n|inactive|tryson69 has 60 seconds left.\n|\n|t:|1776444350\n|teamsize|p1|4\n|teamsize|p2|4\n|start\n|switch|p1a: Aerodactyl|Aerodactyl, L50, M|100/100\n|switch|p1b: Tyranitar|Tyranitar, L50, F|100/100\n|switch|p2a: Palafin|Palafin, L50, M|100/100\n|switch|p2b: Whimsicott|Whimsicott, L50, F|100/100\n|-ability|p1a: Aerodactyl|Unnerve\n|-weather|Sandstorm|[from] ability: Sand Stream|[of] p1b: Tyranitar\n|turn|1\n|\n|t:|1776444368\n|detailschange|p1b: Tyranitar|Tyranitar-Mega, L50, F\n|-mega|p1b: Tyranitar|Tyranitar|Tyranitarite\n|move|p1a: Aerodactyl|Dual Wingbeat|p2b: Whimsicott\n|-damage|p2b: Whimsicott|66/100\n|replace|p2b: Zoroark|Zoroark-Hisui, L50, F\n|-end|p2b: Zoroark|Illusion\n|-damage|p2b: Zoroark|32/100\n|-hitcount|p2b: Zoroark|2\n|move|p2b: Zoroark|Icy Wind|p1b: Tyranitar|[spread] p1a,p1b\n|-supereffective|p1a: Aerodactyl|1\n|-damage|p1a: Aerodactyl|74/100\n|-damage|p1b: Tyranitar|92/100\n|-unboost|p1a: Aerodactyl|spe|1\n|-unboost|p1b: Tyranitar|spe|1\n|move|p2a: Palafin|Close Combat|p1b: Tyranitar\n|-supereffective|p1b: Tyranitar|2\n|-crit|p1b: Tyranitar\n|-damage|p1b: Tyranitar|0 fnt\n|-unboost|p2a: Palafin|def|1\n|-unboost|p2a: Palafin|spd|1\n|faint|p1b: Tyranitar\n|\n|-weather|Sandstorm|[upkeep]\n|-damage|p2b: Zoroark|25/100|[from] Sandstorm\n|-damage|p2a: Palafin|94/100|[from] Sandstorm\n|upkeep\n|j| pokemonpengu\n|\n|t:|1776444384\n|switch|p1b: Garchomp|Garchomp, L50, F|100/100\n|turn|2\n|j| Reebookpump\n|inactive|Morden555 has 30 seconds left.\n|inactive|tryson69 has 30 seconds left.\n|inactive|Morden555 has 20 seconds left.\n|inactive|Morden555 has 15 seconds left.\n|inactive|Morden555 has 10 seconds left.\n|inactive|Morden555 has 5 seconds left.\n|\n|t:|1776444437\n|detailschange|p2a: Palafin|Palafin-Hero, L50, M\n|switch|p2a: Whimsicott|Whimsicott, L50, F|100/100\n|move|p2b: Zoroark|Protect|p2b: Zoroark\n|-singleturn|p2b: Zoroark|Protect\n|move|p1b: Garchomp|Earthquake|p2b: Zoroark|[spread] p2a\n|-activate|p2b: Zoroark|move: Protect\n|-immune|p1a: Aerodactyl\n|-resisted|p2a: Whimsicott|1\n|-damage|p2a: Whimsicott|69/100\n|move|p1a: Aerodactyl|Rock Slide|p2a: Whimsicott|[spread] p2a\n|-activate|p2b: Zoroark|move: Protect\n|-damage|p2a: Whimsicott|35/100\n|\n|-weather|Sandstorm|[upkeep]\n|-damage|p2a: Whimsicott|29/100|[from] Sandstorm\n|-damage|p2b: Zoroark|19/100|[from] Sandstorm\n|upkeep\n|turn|3\n|\n|t:|1776444459\n|move|p2a: Whimsicott|Tailwind|p2a: Whimsicott\n|-sidestart|p2: tryson69|move: Tailwind\n|move|p2b: Zoroark|Icy Wind|p1a: Aerodactyl|[spread] p1a,p1b\n|-supereffective|p1a: Aerodactyl|1\n|-supereffective|p1b: Garchomp|2\n|-damage|p1a: Aerodactyl|48/100\n|-damage|p1b: Garchomp|46/100\n|-unboost|p1a: Aerodactyl|spe|1\n|-unboost|p1b: Garchomp|spe|1\n|move|p1b: Garchomp|Earthquake|p2b: Zoroark|[spread] p2a,p2b\n|-immune|p1a: Aerodactyl\n|-resisted|p2a: Whimsicott|1\n|-damage|p2a: Whimsicott|0 fnt\n|-damage|p2b: Zoroark|0 fnt\n|faint|p2a: Whimsicott\n|faint|p2b: Zoroark\n|move|p1a: Aerodactyl|Dual Wingbeat|p2: Whimsicott|[notarget]\n|-fail|p1a: Aerodactyl\n|\n|-weather|Sandstorm|[upkeep]\n|upkeep\n|\n|t:|1776444470\n|switch|p2a: Floette|Floette-Eternal, L50, F|100/100\n|switch|p2b: Palafin|Palafin-Hero, L50, M|94/100\n|-activate|p2b: Palafin|ability: Zero to Hero\n|turn|4\n|\n|t:|1776444478\n|detailschange|p2a: Floette|Floette-Mega, L50, F\n|-mega|p2a: Floette|Floette|Floettite\n|-ability|p2a: Floette|Fairy Aura\n|move|p1b: Garchomp|Protect|p1b: Garchomp\n|-singleturn|p1b: Garchomp|Protect\n|move|p2b: Palafin|Jet Punch|p1a: Aerodactyl\n|-supereffective|p1a: Aerodactyl|1\n|-damage|p1a: Aerodactyl|0 fnt\n|faint|p1a: Aerodactyl\n|move|p2a: Floette|Dazzling Gleam|p1b: Garchomp\n|-activate|p1b: Garchomp|move: Protect\n|\n|-weather|Sandstorm|[upkeep]\n|-damage|p2a: Floette|95/100|[from] Sandstorm\n|-damage|p2b: Palafin|88/100|[from] Sandstorm\n|upkeep\n|j| Mishsire\n|\n|t:|1776444487\n|switch|p1a: Sneasler|Sneasler, L50, M|100/100\n|turn|5\n|\n|t:|1776444503\n|move|p1a: Sneasler|Fake Out|p2a: Floette\n|-damage|p2a: Floette|73/100\n|cant|p2a: Floette|flinch\n|move|p2b: Palafin|Wave Crash|p1a: Sneasler\n|-damage|p1a: Sneasler|0 fnt\n|faint|p1a: Sneasler\n|-damage|p2b: Palafin|62/100|[from] Recoil\n|move|p1b: Garchomp|Scale Shot|p2b: Palafin\n|-damage|p2b: Palafin|49/100\n|-damage|p2b: Palafin|36/100\n|-hitcount|p2b: Palafin|2\n|-unboost|p1b: Garchomp|def|1\n|-boost|p1b: Garchomp|spe|1\n|\n|-weather|none\n|upkeep\n|turn|6\n|\n|t:|1776444511\n|move|p2a: Floette|Moonblast|p1b: Garchomp\n|-supereffective|p1b: Garchomp|1\n|-damage|p1b: Garchomp|0 fnt\n|faint|p1b: Garchomp\n|\n|win|tryson69\n|n|\u2606Morden555|morden555\n|n|\u2606tryson69|tryson69\n|n| pokemonpengu|pokemonpengu\n|n| Reebookpump|reebookpump\n|n| Mishsire|mishsire\n|c|\u2606Morden555|gg\n|l|\u2606Morden555\n|player|p1|\n|c|\u2606tryson69|gg\n|l| Mishsire\n|l| Reebookpump\n",
  "uploadtime": 1776444710,
  "views": 19,
  "formatid": "gen9championsvgc2026regma",
  "rating": null,
  "private": 0,
  "password": null
}