{
  "id": "gen9championsvgc2026regma-2585732267",
  "format": "[Gen 9 Champions] VGC 2026 Reg M-A",
  "players": [
    "muslimchock",
    "mdrampavgc"
  ],
  "log": "|j|\u2606muslimchock\n|j|\u2606mdrampavgc\n|t:|1776366767\n|gametype|doubles\n|player|p1|muslimchock|169|1158\n|player|p2|mdrampavgc|170|1149\n|gen|9\n|tier|[Gen 9 Champions] VGC 2026 Reg M-A\n|rated|\n|rule|Species Clause: Limit one of each Pok\u00e9mon\n|rule|Item Clause: Limit 1 of each item\n|clearpoke\n|poke|p1|Charizard, L50, M|\n|poke|p1|Aegislash, L50, F|\n|poke|p1|Aerodactyl, L50, M|\n|poke|p1|Tauros-Paldea-Aqua, L50, M|\n|poke|p1|Rotom-Wash, L50|\n|poke|p1|Gardevoir, L50, F|\n|poke|p2|Drampa, L50, M|\n|poke|p2|Farigiraf, L50, F|\n|poke|p2|Aegislash, L50, F|\n|poke|p2|Incineroar, L50, M|\n|poke|p2|Primarina, L50, M|\n|poke|p2|Mamoswine, L50, M|\n|teampreview|4\n|inactive|Battle timer is ON: inactive players will automatically lose when time's up. (requested by mdrampavgc)\nmuslimchock rejected open team sheets.\n|inactive|mdrampavgc has 60 seconds left.\n|\n|t:|1776366809\n|teamsize|p1|4\n|teamsize|p2|4\n|start\n|switch|p1a: Aerodactyl|Aerodactyl, L50, M|100/100\n|switch|p1b: Tauros|Tauros-Paldea-Aqua, L50, M|100/100\n|switch|p2a: Incineroar|Incineroar, L50, M|100/100\n|switch|p2b: Farigiraf|Farigiraf, L50, F|100/100\n|-ability|p1a: Aerodactyl|Unnerve\n|-ability|p1b: Tauros|Intimidate|boost\n|-unboost|p2a: Incineroar|atk|1\n|-unboost|p2b: Farigiraf|atk|1\n|-ability|p2a: Incineroar|Intimidate|boost\n|-unboost|p1a: Aerodactyl|atk|1\n|-unboost|p1b: Tauros|atk|1\n|-enditem|p1b: Tauros|White Herb\n|-clearnegativeboost|p1b: Tauros|[silent]\n|turn|1\n|\n|t:|1776366839\n|switch|p2a: Primarina|Primarina, L50, M|100/100\n|move|p1a: Aerodactyl|Rock Slide|p2a: Primarina|[spread] p2a,p2b\n|-damage|p2a: Primarina|85/100\n|-damage|p2b: Farigiraf|88/100\n|move|p1b: Tauros|Wave Crash|p2b: Farigiraf\n|-damage|p2b: Farigiraf|50/100\n|-damage|p1b: Tauros|82/100|[from] Recoil\n|cant|p2b: Farigiraf|flinch\n|\n|upkeep\n|turn|2\n|\n|t:|1776366861\n|move|p1a: Aerodactyl|Rock Slide|p2a: Primarina|[spread] p2a,p2b\n|-damage|p2a: Primarina|68/100\n|-damage|p2b: Farigiraf|38/100\n|move|p1b: Tauros|Wave Crash|p2b: Farigiraf\n|-damage|p2b: Farigiraf|0 fnt\n|faint|p2b: Farigiraf\n|-damage|p1b: Tauros|64/100|[from] Recoil\n|move|p2a: Primarina|Moonblast|p1b: Tauros\n|-supereffective|p1b: Tauros|1\n|-damage|p1b: Tauros|0 fnt\n|faint|p1b: Tauros\n|\n|upkeep\n|\n|t:|1776366876\n|switch|p1b: Aegislash|Aegislash, L50, F|100/100\n|switch|p2b: Incineroar|Incineroar, L50, M|100/100\n|-ability|p2b: Incineroar|Intimidate|boost\n|-unboost|p1a: Aerodactyl|atk|1\n|-unboost|p1b: Aegislash|atk|1\n|turn|3\n|\n|t:|1776366886\n|move|p1b: Aegislash|Protect|p1b: Aegislash\n|-singleturn|p1b: Aegislash|Protect\n|move|p1a: Aerodactyl|Tailwind|p1a: Aerodactyl\n|-sidestart|p1: muslimchock|move: Tailwind\n|move|p2b: Incineroar|Flare Blitz|p1b: Aegislash\n|-activate|p1b: Aegislash|move: Protect\n|move|p2a: Primarina|Hyper Voice|p1b: Aegislash|[spread] p1a\n|-activate|p1b: Aegislash|move: Protect\n|-supereffective|p1a: Aerodactyl|1\n|-enditem|p1a: Aerodactyl|Focus Sash\n|-damage|p1a: Aerodactyl|1/100\n|\n|upkeep\n|turn|4\n|\n|t:|1776366899\n|move|p1a: Aerodactyl|Rock Slide|p2a: Primarina|[spread] p2a,p2b\n|-supereffective|p2b: Incineroar|1\n|-damage|p2a: Primarina|56/100\n|-damage|p2b: Incineroar|73/100\n|-formechange|p1b: Aegislash|Aegislash-Blade|\n|move|p1b: Aegislash|Poltergeist|p2a: Primarina\n|-activate|p2a: Primarina|move: Poltergeist|Mystic Water\n|-damage|p2a: Primarina|8/100\n|move|p2b: Incineroar|Flare Blitz|p1b: Aegislash\n|-supereffective|p1b: Aegislash|1\n|-damage|p1b: Aegislash|0 fnt\n|faint|p1b: Aegislash\n|-damage|p2b: Incineroar|45/100|[from] Recoil\n|cant|p2a: Primarina|flinch\n|\n|upkeep\n|\n|t:|1776366906\n|switch|p1b: Charizard|Charizard, L50, M|100/100\n|turn|5\n|\n|t:|1776366918\n|detailschange|p1b: Charizard|Charizard-Mega-Y, L50, M\n|-mega|p1b: Charizard|Charizard|Charizardite Y\n|-weather|SunnyDay|[from] ability: Drought|[of] p1b: Charizard\n|move|p2a: Primarina|Protect|p2a: Primarina\n|-singleturn|p2a: Primarina|Protect\n|move|p1a: Aerodactyl|Rock Slide|p2a: Primarina|[spread] p2b\n|-activate|p2a: Primarina|move: Protect\n|-supereffective|p2b: Incineroar|1\n|-damage|p2b: Incineroar|20/100\n|move|p1b: Charizard|Heat Wave|p2a: Primarina|[spread] p2b\n|-activate|p2a: Primarina|move: Protect\n|-resisted|p2b: Incineroar|1\n|-damage|p2b: Incineroar|0 fnt\n|faint|p2b: Incineroar\n|\n|-weather|SunnyDay|[upkeep]\n|upkeep\n|\n|t:|1776366930\n|switch|p2b: Drampa|Drampa, L50, M|100/100\n|-ability|p2b: Drampa|Cloud Nine\n|turn|6\n|\n|t:|1776366943\n|detailschange|p2b: Drampa|Drampa-Mega, L50, M\n|-mega|p2b: Drampa|Drampa|Drampanite\n|move|p1a: Aerodactyl|Rock Slide|p2a: Primarina|[spread] p2a,p2b\n|-damage|p2a: Primarina|0 fnt\n|-damage|p2b: Drampa|90/100\n|faint|p2a: Primarina\n|move|p1b: Charizard|Air Slash|p2b: Drampa|[miss]\n|-miss|p1b: Charizard|p2b: Drampa\n|cant|p2b: Drampa|flinch\n|\n|-weather|SunnyDay|[upkeep]\n|-sideend|p1: muslimchock|move: Tailwind\n|upkeep\n|turn|7\n|\n|t:|1776366961\n|move|p1a: Aerodactyl|Rock Slide|p2b: Drampa\n|-crit|p2b: Drampa\n|-damage|p2b: Drampa|48/100\n|-ability|p2b: Drampa|Berserk|boost\n|-boost|p2b: Drampa|spa|1\n|move|p1b: Charizard|Heat Wave|p2b: Drampa\n|-resisted|p2b: Drampa|1\n|-damage|p2b: Drampa|10/100\n|cant|p2b: Drampa|flinch\n|\n|-weather|SunnyDay|[upkeep]\n|upkeep\n|turn|8\n|\n|t:|1776366978\n|move|p1a: Aerodactyl|Dual Wingbeat|p2b: Drampa\n|-damage|p2b: Drampa|3/100\n|-damage|p2b: Drampa|0 fnt\n|faint|p2b: Drampa\n|-hitcount|p2: Drampa|2\n|\n|win|muslimchock\n|raw|muslimchock's rating: 1158 &rarr; <strong>1182</strong><br />(+24 for winning)\n|raw|mdrampavgc's rating: 1149 &rarr; <strong>1125</strong><br />(-24 for losing)\n",
  "uploadtime": 1776366980,
  "views": 23,
  "formatid": "gen9championsvgc2026regma",
  "rating": 1125,
  "private": 0,
  "password": null
}