{
  "id": "gen9championsvgc2026regma-2588258886",
  "format": "[Gen 9 Champions] VGC 2026 Reg M-A",
  "players": [
    "Blitz39112",
    "Rovalis"
  ],
  "log": "|j|\u2606Blitz39112\n|j|\u2606Rovalis\n|t:|1776618789\n|gametype|doubles\n|player|p1|Blitz39112|brycen|1101\n|player|p2|Rovalis|gambler|1000\n|gen|9\n|tier|[Gen 9 Champions] VGC 2026 Reg M-A\n|rated|\n|rule|Species Clause: Limit one of each Pok\u00e9mon\n|rule|Item Clause: Limit 1 of each item\n|clearpoke\n|poke|p1|Incineroar, L50, M|\n|poke|p1|Farigiraf, L50, F|\n|poke|p1|Aggron, L50, M|\n|poke|p1|Torkoal, L50, F|\n|poke|p1|Gardevoir, L50, M|\n|poke|p1|Sinistcha, L50|\n|poke|p2|Toxapex, L50, F, shiny|\n|poke|p2|Pelipper, L50, F|\n|poke|p2|Machamp, L50, M|\n|poke|p2|Gyarados, L50, F, shiny|\n|poke|p2|Ninetales-Alola, L50, M, shiny|\n|poke|p2|Starmie, L50|\n|teampreview|4\nBlitz39112 rejected open team sheets.\n|inactive|Battle timer is ON: inactive players will automatically lose when time's up. (requested by Blitz39112)\n|inactive|Rovalis has 60 seconds left.\n|\n|t:|1776618850\n|teamsize|p1|4\n|teamsize|p2|4\n|start\n|switch|p1a: Incineroar|Incineroar, L50, M|100/100\n|switch|p1b: Farigiraf|Farigiraf, L50, F|100/100\n|switch|p2a: Pelipper|Pelipper, L50, F|100/100\n|switch|p2b: Gyarados|Gyarados, L50, F, shiny|100/100\n|-ability|p2b: Gyarados|Intimidate|boost\n|-unboost|p1a: Incineroar|atk|1\n|-unboost|p1b: Farigiraf|atk|1\n|-weather|RainDance|[from] ability: Drizzle|[of] p2a: Pelipper\n|-ability|p1a: Incineroar|Intimidate|boost\n|-unboost|p2a: Pelipper|atk|1\n|-unboost|p2b: Gyarados|atk|1\n|turn|1\n|inactive|Rovalis has 30 seconds left.\n|\n|t:|1776618881\n|detailschange|p2b: Gyarados|Gyarados-Mega, L50, F, shiny\n|-mega|p2b: Gyarados|Gyarados|Gyaradosite\n|-ability|p2b: Gyarados|Mold Breaker\n|move|p1a: Incineroar|Fake Out|p2a: Pelipper\n|-damage|p2a: Pelipper|90/100\n|move|p2b: Gyarados|Earthquake|p1b: Farigiraf|[spread] p1a,p1b\n|-immune|p2a: Pelipper\n|-supereffective|p1a: Incineroar|1\n|-damage|p1a: Incineroar|65/100\n|-damage|p1b: Farigiraf|80/100\n|cant|p2a: Pelipper|flinch\n|move|p1b: Farigiraf|Trick Room|p1b: Farigiraf\n|-fieldstart|move: Trick Room|[of] p1b: Farigiraf\n|\n|-weather|RainDance|[upkeep]\n|upkeep\n|turn|2\n|inactive|Blitz39112 has 30 seconds left.\n|inactive|Rovalis has 30 seconds left.\n|inactive|Rovalis has 20 seconds left.\n|inactive|Rovalis has 15 seconds left.\n|inactive|Rovalis has 10 seconds left.\n|inactive|Rovalis has 5 seconds left.\n|\n|t:|1776618933\n|switch|p2b: Starmie|Starmie, L50|100/100\n|move|p1b: Farigiraf|Psychic|p2a: Pelipper\n|-damage|p2a: Pelipper|16/100\n|move|p1a: Incineroar|Parting Shot|p2b: Starmie\n|-unboost|p2b: Starmie|atk|1\n|-unboost|p2b: Starmie|spa|1\n|\n|t:|1776618949\n|switch|p1a: Sinistcha|Sinistcha, L50|100/100|[from] Parting Shot\n|-heal|p1b: Farigiraf|100/100|[from] ability: Hospitality|[of] p1a: Sinistcha\n|move|p2a: Pelipper|Weather Ball|p1a: Sinistcha\n|-resisted|p1a: Sinistcha|1\n|-damage|p1a: Sinistcha|68/100\n|\n|-weather|RainDance|[upkeep]\n|upkeep\n|turn|3\n|inactive|Rovalis has 30 seconds left.\n|\n|t:|1776618983\n|switch|p2a: Gyarados|Gyarados-Mega, L50, F, shiny|100/100\n|-ability|p2a: Gyarados|Mold Breaker\n|switch|p2b: Machamp|Machamp, L50, M|100/100\n|move|p1b: Farigiraf|Protect|p1b: Farigiraf\n|-singleturn|p1b: Farigiraf|Protect\n|move|p1a: Sinistcha|Matcha Gotcha|p2a: Gyarados|[spread] p2a,p2b\n|-supereffective|p2a: Gyarados|1\n|-damage|p2a: Gyarados|48/100\n|-heal|p1a: Sinistcha|94/100|[from] drain|[of] p2a: Gyarados\n|-damage|p2b: Machamp|80/100\n|-heal|p1a: Sinistcha|100/100|[from] drain|[of] p2b: Machamp\n|\n|-weather|RainDance|[upkeep]\n|upkeep\n|turn|4\n|inactive|Blitz39112 has 30 seconds left.\n|inactive|Rovalis has 30 seconds left.\n|\n|t:|1776619018\n|switch|p1a: Incineroar|Incineroar, L50, M|65/100\n|-ability|p1a: Incineroar|Intimidate|boost\n|-unboost|p2a: Gyarados|atk|1\n|-unboost|p2b: Machamp|atk|1\n|move|p2a: Gyarados|Protect|p2a: Gyarados\n|-singleturn|p2a: Gyarados|Protect\n|move|p1b: Farigiraf|Psychic|p2b: Machamp\n|-supereffective|p2b: Machamp|1\n|-damage|p2b: Machamp|18/100\n|-unboost|p2b: Machamp|spd|1\n|move|p2b: Machamp|Coaching|p2a: Gyarados\n|-boost|p2a: Gyarados|atk|1\n|-boost|p2a: Gyarados|def|1\n|\n|-weather|RainDance|[upkeep]\n|upkeep\n|turn|5\n|inactive|Rovalis has 30 seconds left.\n|inactive|Rovalis has 20 seconds left.\n|\n|t:|1776619056\n|move|p2b: Machamp|Quick Guard|p2b: Machamp\n|-singleturn|p2b: Machamp|Quick Guard\n|move|p1a: Incineroar|Fake Out|p2a: Gyarados\n|-activate|p2a: Gyarados|move: Quick Guard\n|move|p1b: Farigiraf|Psychic|p2b: Machamp\n|-supereffective|p2b: Machamp|1\n|-damage|p2b: Machamp|0 fnt\n|faint|p2b: Machamp\n|move|p2a: Gyarados|Crunch|p1b: Farigiraf\n|-supereffective|p1b: Farigiraf|1\n|-enditem|p1b: Farigiraf|Colbur Berry|[eat]\n|-enditem|p1b: Farigiraf|Colbur Berry|[weaken]\n|-damage|p1b: Farigiraf|50/100\n|\n|-weather|none\n|-fieldend|move: Trick Room\n|upkeep\n|inactive|Rovalis has 30 seconds left.\n|inactive|Rovalis has 20 seconds left.\n|inactive|Rovalis has 15 seconds left.\n|inactive|Rovalis has 10 seconds left.\n|\n|t:|1776619102\n|switch|p2b: Starmie|Starmie, L50|100/100\n|turn|6\n|\n|t:|1776619122\n|move|p2b: Starmie|Waterfall|p1a: Incineroar\n|-supereffective|p1a: Incineroar|1\n|-damage|p1a: Incineroar|5/100\n|-enditem|p1a: Incineroar|Sitrus Berry|[eat]\n|-heal|p1a: Incineroar|30/100|[from] item: Sitrus Berry\n|move|p2a: Gyarados|Crunch|p1b: Farigiraf\n|-supereffective|p1b: Farigiraf|1\n|-damage|p1b: Farigiraf|0 fnt\n|faint|p1b: Farigiraf\n|move|p1a: Incineroar|Darkest Lariat|p2b: Starmie\n|-supereffective|p2b: Starmie|1\n|-damage|p2b: Starmie|0 fnt\n|faint|p2b: Starmie\n|\n|upkeep\n|\n|t:|1776619138\n|switch|p2b: Pelipper|Pelipper, L50, F|16/100\n|switch|p1b: Sinistcha|Sinistcha, L50|100/100\n|-weather|RainDance|[from] ability: Drizzle|[of] p2b: Pelipper\n|-heal|p1a: Incineroar|55/100|[from] ability: Hospitality|[of] p1b: Sinistcha\n|turn|7\n|\n|t:|1776619158\n|move|p2a: Gyarados|Crunch|p1b: Sinistcha\n|-supereffective|p1b: Sinistcha|1\n|-damage|p1b: Sinistcha|8/100\n|move|p2b: Pelipper|Weather Ball|p1a: Incineroar\n|-supereffective|p1a: Incineroar|1\n|-damage|p1a: Incineroar|0 fnt\n|faint|p1a: Incineroar\n|move|p1b: Sinistcha|Matcha Gotcha|p2b: Pelipper|[spread] p2a,p2b\n|-supereffective|p2a: Gyarados|1\n|-damage|p2a: Gyarados|0 fnt\n|-heal|p1b: Sinistcha|31/100|[from] drain|[of] p2a: Gyarados\n|-damage|p2b: Pelipper|0 fnt\n|-heal|p1b: Sinistcha|38/100|[from] drain|[of] p2b: Pelipper\n|faint|p2a: Gyarados\n|faint|p2b: Pelipper\n|\n|win|Blitz39112\n|raw|Blitz39112's rating: 1101 &rarr; <strong>1119</strong><br />(+18 for winning)\n|raw|Rovalis's rating: 1000 &rarr; <strong>1000</strong><br />(+0 for losing)\n|c|\u2606Rovalis|boring fkn team\n|c|\u2606Rovalis|same shit different day\n|c|\u2606Rovalis|rinse repeat copy paste\n|l|\u2606Rovalis\n|player|p2|\n|c|\u2606Blitz39112|If you can't beat em...\n",
  "uploadtime": 1776619263,
  "views": 16,
  "formatid": "gen9championsvgc2026regma",
  "rating": 1000,
  "private": 0,
  "password": null
}