{
  "id": "gen9championsvgc2026regma-2580937998",
  "format": "[Gen 9 Champions] VGC 2026 Reg M-A",
  "players": [
    "thegreatcubone",
    "mitogel"
  ],
  "log": "|j|\u2606thegreatcubone\n|j|\u2606mitogel\n|t:|1775944932\n|gametype|doubles\n|player|p1|thegreatcubone|medium|1090\n|player|p2|mitogel|1|1153\n|gen|9\n|tier|[Gen 9 Champions] VGC 2026 Reg M-A\n|rated|\n|rule|Species Clause: Limit one of each Pok\u00e9mon\n|rule|Item Clause: Limit 1 of each item\n|clearpoke\n|poke|p1|Meganium, L50, F|\n|poke|p1|Palafin, L50, M|\n|poke|p1|Farigiraf, L50, F|\n|poke|p1|Incineroar, L50, M|\n|poke|p1|Pelipper, L50, F|\n|poke|p1|Archaludon, L50, M|\n|poke|p2|Aggron, L50, F|\n|poke|p2|Ninetales-Alola, L50, F|\n|poke|p2|Garchomp, L50, M|\n|poke|p2|Oranguru, L50, M|\n|poke|p2|Venusaur, L50, M|\n|poke|p2|Incineroar, L50, M|\n|teampreview|4\n|\n|t:|1775944959\n|teamsize|p1|4\n|teamsize|p2|4\n|start\n|switch|p1a: Meganium|Meganium, L50, F|100/100\n|switch|p1b: Palafin|Palafin, L50, M|100/100\n|switch|p2a: THE WALL|Aggron, L50, F|100/100\n|switch|p2b: Garchomp|Garchomp, L50, M|100/100\n|turn|1\n|\n|t:|1775944979\n|detailschange|p1b: Palafin|Palafin-Hero, L50, M\n|switch|p1b: Pelipper|Pelipper, L50, F|100/100\n|-weather|RainDance|[from] ability: Drizzle|[of] p1b: Pelipper\n|detailschange|p2a: THE WALL|Aggron-Mega, L50, F\n|-mega|p2a: THE WALL|Aggron|Aggronite\n|move|p1a: Meganium|Protect|p1a: Meganium\n|-singleturn|p1a: Meganium|Protect\n|move|p2b: Garchomp|Swords Dance|p2b: Garchomp\n|-boost|p2b: Garchomp|atk|2\n|move|p2a: THE WALL|Iron Defense|p2a: THE WALL\n|-boost|p2a: THE WALL|def|2\n|\n|-weather|RainDance|[upkeep]\n|upkeep\n|turn|2\n|\n|t:|1775944999\n|detailschange|p1a: Meganium|Meganium-Mega, L50, F\n|-mega|p1a: Meganium|Meganium|Meganiumite\n|move|p2a: THE WALL|Protect|p2a: THE WALL\n|-singleturn|p2a: THE WALL|Protect\n|move|p2b: Garchomp|Dragon Claw|p1b: Pelipper\n|-damage|p1b: Pelipper|2/100\n|move|p1a: Meganium|Solar Beam||[still]\n|-prepare|p1a: Meganium|Solar Beam\n|-activate|p1a: Meganium|ability: Mega Sol\n|-anim|p1a: Meganium|Solar Beam|p2b: Garchomp\n|-damage|p2b: Garchomp|12/100\n|move|p1b: Pelipper|Tailwind|p1b: Pelipper\n|-sidestart|p1: thegreatcubone|move: Tailwind\n|\n|-weather|RainDance|[upkeep]\n|upkeep\n|turn|3\n|\n|t:|1775945031\n|switch|p2b: Venusaur|Venusaur, L50, M|100/100\n|move|p1a: Meganium|Weather Ball|p2a: THE WALL\n|-supereffective|p2a: THE WALL|1\n|-damage|p2a: THE WALL|43/100\n|move|p1b: Pelipper|Weather Ball|p2b: Venusaur\n|-resisted|p2b: Venusaur|1\n|-damage|p2b: Venusaur|74/100\n|move|p2a: THE WALL|Heavy Slam|p1a: Meganium\n|-supereffective|p1a: Meganium|1\n|-damage|p1a: Meganium|66/100\n|\n|-weather|RainDance|[upkeep]\n|upkeep\n|turn|4\n|\n|t:|1775945060\n|switch|p2a: Garchomp|Garchomp, L50, M|12/100\n|move|p1b: Pelipper|Protect|p1b: Pelipper\n|-singleturn|p1b: Pelipper|Protect\n|move|p1a: Meganium|Weather Ball|p2a: Garchomp\n|-resisted|p2a: Garchomp|1\n|-damage|p2a: Garchomp|0 fnt\n|faint|p2a: Garchomp\n|move|p2b: Venusaur|Sludge Wave|p1a: Meganium|[spread] p1a\n|-activate|p1b: Pelipper|move: Protect\n|-supereffective|p1a: Meganium|2\n|-damage|p1a: Meganium|0 fnt\n|faint|p1a: Meganium\n|\n|-weather|RainDance|[upkeep]\n|upkeep\n|\n|t:|1775945074\n|switch|p2a: Oranguru|Oranguru, L50, M|100/100\n|switch|p1a: Palafin|Palafin-Hero, L50, M|100/100\n|-activate|p1a: Palafin|ability: Zero to Hero\n|turn|5\n|\n|t:|1775945085\n|move|p1b: Pelipper|Wide Guard|p1b: Pelipper\n|-singleturn|p1b: Pelipper|Wide Guard\n|move|p1a: Palafin|Bulk Up|p1a: Palafin\n|-boost|p1a: Palafin|atk|1\n|-boost|p1a: Palafin|def|1\n|move|p2b: Venusaur|Sludge Wave|p1b: Pelipper|[spread] \n|-activate|p1a: Palafin|move: Wide Guard\n|-activate|p1b: Pelipper|move: Wide Guard\n|-activate|p2a: Oranguru|ability: Telepathy\n|move|p2a: Oranguru|Trick Room|p2a: Oranguru\n|-fieldstart|move: Trick Room|[of] p2a: Oranguru\n|\n|-weather|none\n|-sideend|p1: thegreatcubone|move: Tailwind\n|upkeep\n|turn|6\n|\n|t:|1775945114\n|switch|p1b: Incineroar|Incineroar, L50, M|100/100\n|-ability|p1b: Incineroar|Intimidate|boost\n|-unboost|p2a: Oranguru|atk|1\n|-unboost|p2b: Venusaur|atk|1\n|move|p2a: Oranguru|Protect|p2a: Oranguru\n|-singleturn|p2a: Oranguru|Protect\n|move|p1a: Palafin|Jet Punch|p2b: Venusaur\n|-resisted|p2b: Venusaur|1\n|-damage|p2b: Venusaur|36/100\n|move|p2b: Venusaur|Giga Drain|p1a: Palafin\n|-supereffective|p1a: Palafin|1\n|-crit|p1a: Palafin\n|-damage|p1a: Palafin|2/100\n|-heal|p2b: Venusaur|97/100|[from] drain|[of] p1a: Palafin\n|\n|-heal|p1a: Palafin|8/100|[from] item: Leftovers\n|upkeep\n|turn|7\n|\n|t:|1775945131\n|switch|p2a: THE WALL|Aggron-Mega, L50, F|43/100\n|move|p1b: Incineroar|Fake Out|p2b: Venusaur\n|-damage|p2b: Venusaur|83/100\n|cant|p2b: Venusaur|flinch\n|move|p1a: Palafin|Drain Punch|p2a: THE WALL\n|-supereffective|p2a: THE WALL|1\n|-damage|p2a: THE WALL|5/100\n|-heal|p1a: Palafin|23/100|[from] drain|[of] p2a: THE WALL\n|\n|-heal|p1a: Palafin|29/100|[from] item: Leftovers\n|upkeep\n|turn|8\n|\n|t:|1775945146\n|move|p2a: THE WALL|Protect|p2a: THE WALL\n|-singleturn|p2a: THE WALL|Protect\n|move|p1a: Palafin|Protect|p1a: Palafin\n|-singleturn|p1a: Palafin|Protect\n|move|p1b: Incineroar|Throat Chop|p2a: THE WALL\n|-activate|p2a: THE WALL|move: Protect\n|move|p2b: Venusaur|Giga Drain|p1a: Palafin\n|-activate|p1a: Palafin|move: Protect\n|\n|-heal|p1a: Palafin|35/100|[from] item: Leftovers\n|upkeep\n|turn|9\n|\n|t:|1775945168\n|switch|p2a: Oranguru|Oranguru, L50, M|100/100\n|move|p1a: Palafin|Jet Punch|p2a: Oranguru\n|-damage|p2a: Oranguru|50/100\n|move|p1b: Incineroar|Parting Shot|p2b: Venusaur\n|-unboost|p2b: Venusaur|atk|1\n|-unboost|p2b: Venusaur|spa|1\n|\n|t:|1775945175\n|switch|p1b: Pelipper|Pelipper, L50, F|2/100|[from] Parting Shot\n|-weather|RainDance|[from] ability: Drizzle|[of] p1b: Pelipper\n|move|p2b: Venusaur|Sludge Wave|p1b: Pelipper|[spread] p1a,p1b\n|-activate|p2a: Oranguru|ability: Telepathy\n|-damage|p1a: Palafin|16/100\n|-damage|p1b: Pelipper|0 fnt\n|faint|p1b: Pelipper\n|\n|-weather|RainDance|[upkeep]\n|-heal|p1a: Palafin|23/100|[from] item: Leftovers\n|-fieldend|move: Trick Room\n|upkeep\n|\n|t:|1775945186\n|switch|p1b: Incineroar|Incineroar, L50, M|100/100\n|-ability|p1b: Incineroar|Intimidate|boost\n|-unboost|p2a: Oranguru|atk|1\n|-unboost|p2b: Venusaur|atk|1\n|turn|10\n|\n|t:|1775945194\n|move|p2b: Venusaur|Protect|p2b: Venusaur\n|-singleturn|p2b: Venusaur|Protect\n|move|p2a: Oranguru|Protect|p2a: Oranguru\n|-singleturn|p2a: Oranguru|Protect\n|move|p1b: Incineroar|Fake Out|p2b: Venusaur\n|-activate|p2b: Venusaur|move: Protect\n|move|p1a: Palafin|Jet Punch|p2a: Oranguru\n|-activate|p2a: Oranguru|move: Protect\n|\n|-weather|RainDance|[upkeep]\n|-heal|p1a: Palafin|29/100|[from] item: Leftovers\n|upkeep\n|turn|11\n|\n|t:|1775945207\n|move|p1a: Palafin|Protect|p1a: Palafin\n|-singleturn|p1a: Palafin|Protect\n|move|p2b: Venusaur|Giga Drain|p1a: Palafin\n|-activate|p1a: Palafin|move: Protect\n|move|p1b: Incineroar|Throat Chop|p2a: Oranguru\n|-supereffective|p2a: Oranguru|1\n|-damage|p2a: Oranguru|0 fnt\n|faint|p2a: Oranguru\n|\n|-weather|RainDance|[upkeep]\n|-heal|p1a: Palafin|35/100|[from] item: Leftovers\n|upkeep\n|\n|t:|1775945213\n|switch|p2a: THE WALL|Aggron-Mega, L50, F|5/100\n|turn|12\n|\n|t:|1775945222\n|move|p2a: THE WALL|Protect|p2a: THE WALL\n|-singleturn|p2a: THE WALL|Protect\n|move|p1a: Palafin|Jet Punch|p2b: Venusaur\n|-resisted|p2b: Venusaur|1\n|-damage|p2b: Venusaur|27/100\n|move|p2b: Venusaur|Giga Drain|p1a: Palafin\n|-supereffective|p1a: Palafin|1\n|-damage|p1a: Palafin|0 fnt\n|-heal|p2b: Venusaur|49/100|[from] drain|[of] p1a: Palafin\n|faint|p1a: Palafin\n|move|p1b: Incineroar|Throat Chop|p2b: Venusaur\n|-damage|p2b: Venusaur|10/100\n|-start|p2b: Venusaur|Throat Chop|[silent]\n|\n|-weather|RainDance|[upkeep]\n|upkeep\n|turn|13\n|\n|t:|1775945236\n|move|p2b: Venusaur|Sleep Powder|p1b: Incineroar\n|-status|p1b: Incineroar|slp|[from] move: Sleep Powder\n|-enditem|p1b: Incineroar|Lum Berry|[eat]\n|-curestatus|p1b: Incineroar|slp|[msg]\n|move|p1b: Incineroar|Throat Chop|p2b: Venusaur\n|-damage|p2b: Venusaur|0 fnt\n|faint|p2b: Venusaur\n|move|p2a: THE WALL|Body Press|p1b: Incineroar\n|-supereffective|p1b: Incineroar|1\n|-damage|p1b: Incineroar|33/100\n|\n|-weather|none\n|upkeep\n|turn|14\n|\n|t:|1775945249\n|move|p1b: Incineroar|Throat Chop|p2a: THE WALL\n|-damage|p2a: THE WALL|0 fnt\n|faint|p2a: THE WALL\n|\n|win|thegreatcubone\n|raw|thegreatcubone's rating: 1090 &rarr; <strong>1121</strong><br />(+31 for winning)\n|raw|mitogel's rating: 1153 &rarr; <strong>1124</strong><br />(-29 for losing)\n|l|\u2606mitogel\n|player|p2|\n",
  "uploadtime": 1775945257,
  "views": 12,
  "formatid": "gen9championsvgc2026regma",
  "rating": 1121,
  "private": 0,
  "password": null
}