{
  "id": "gen9championsvgc2026regma-2583856888",
  "format": "[Gen 9 Champions] VGC 2026 Reg M-A",
  "players": [
    "yuriimon",
    "AjMilz"
  ],
  "log": "|j|\u2606yuriimon\n|j|\u2606AjMilz\n|t:|1776203112\n|gametype|doubles\n|player|p1|yuriimon|waitress-gen4|1090\n|player|p2|AjMilz|acetrainer-gen4|1076\n|gen|9\n|tier|[Gen 9 Champions] VGC 2026 Reg M-A\n|rated|\n|rule|Species Clause: Limit one of each Pok\u00e9mon\n|rule|Item Clause: Limit 1 of each item\n|clearpoke\n|poke|p1|Glimmora, L50, F|\n|poke|p1|Incineroar, L50, M|\n|poke|p1|Archaludon, L50, F|\n|poke|p1|Politoed, L50, M|\n|poke|p1|Basculegion, L50, M|\n|poke|p1|Chesnaught, L50, F|\n|poke|p2|Froslass, L50, F|\n|poke|p2|Garchomp, L50, F|\n|poke|p2|Rotom-Frost, L50|\n|poke|p2|Empoleon, L50, M|\n|poke|p2|Incineroar, L50, M|\n|poke|p2|Kingambit, L50, M|\n|teampreview|4\n|inactive|Battle timer is ON: inactive players will automatically lose when time's up. (requested by yuriimon)\n|inactive|AjMilz also wants the timer to be on.\n|inactive|yuriimon has 60 seconds left.\n|inactive|AjMilz has 60 seconds left.\n|\n|t:|1776203174\n|teamsize|p1|4\n|teamsize|p2|4\n|start\n|switch|p1a: Chesnaught|Chesnaught, L50, F|100/100\n|switch|p1b: Politoed|Politoed, L50, M|100/100\n|switch|p2a: Empoleon|Empoleon, L50, M, shiny|100/100\n|switch|p2b: Rotom|Rotom-Frost, L50|100/100\n|-weather|RainDance|[from] ability: Drizzle|[of] p1b: Politoed\n|turn|1\n|inactive|AjMilz has 30 seconds left.\n|\n|t:|1776203205\n|detailschange|p1a: Chesnaught|Chesnaught-Mega, L50, F\n|-mega|p1a: Chesnaught|Chesnaught|Chesnaughtite\n|move|p1b: Politoed|Protect|p1b: Politoed\n|-singleturn|p1b: Politoed|Protect\n|move|p2b: Rotom|Volt Switch|p1b: Politoed\n|-activate|p1b: Politoed|move: Protect\n|move|p2a: Empoleon|Water Pulse|p1a: Chesnaught\n|-resisted|p1a: Chesnaught|1\n|-damage|p1a: Chesnaught|83/100\n|move|p1a: Chesnaught|Iron Defense|p1a: Chesnaught\n|-boost|p1a: Chesnaught|def|2\n|\n|-weather|RainDance|[upkeep]\n|upkeep\n|turn|2\n|inactive|yuriimon has 30 seconds left.\n|inactive|yuriimon has 20 seconds left.\n|\n|t:|1776203242\n|move|p2b: Rotom|Volt Switch|p1a: Chesnaught\n|-resisted|p1a: Chesnaught|1\n|-damage|p1a: Chesnaught|72/100\n|\n|t:|1776203263\n|switch|p2b: Froslass|Froslass, L50, F, shiny|100/100|[from] Volt Switch\n|move|p2a: Empoleon|Water Pulse|p1a: Chesnaught\n|-resisted|p1a: Chesnaught|1\n|-damage|p1a: Chesnaught|54/100\n|move|p1b: Politoed|Encore|p2a: Empoleon\n|-start|p2a: Empoleon|Encore\n|move|p1a: Chesnaught|Body Press|p2b: Froslass\n|-immune|p2b: Froslass\n|\n|-weather|RainDance|[upkeep]\n|upkeep\n|turn|3\n|\n|t:|1776203285\n|switch|p1b: Incineroar|Incineroar, L50, M|100/100\n|-ability|p1b: Incineroar|Intimidate|boost\n|-unboost|p2a: Empoleon|atk|1\n|-ability|p2a: Empoleon|Competitive|boost\n|-boost|p2a: Empoleon|spa|2\n|-unboost|p2b: Froslass|atk|1\n|detailschange|p2b: Froslass|Froslass-Mega, L50, F, shiny\n|-mega|p2b: Froslass|Froslass|Froslassite\n|-weather|Snowscape|[from] ability: Snow Warning|[of] p2b: Froslass\n|move|p1a: Chesnaught|Protect|p1a: Chesnaught\n|-singleturn|p1a: Chesnaught|Protect\n|move|p2b: Froslass|Aurora Veil|p2b: Froslass\n|-sidestart|p2: AjMilz|move: Aurora Veil\n|move|p2a: Empoleon|Water Pulse|p1a: Chesnaught\n|-activate|p1a: Chesnaught|move: Protect\n|\n|-weather|Snowscape|[upkeep]\n|upkeep\n|turn|4\n|inactive|yuriimon has 30 seconds left.\n|inactive|AjMilz has 30 seconds left.\n|inactive|yuriimon has 20 seconds left.\n|inactive|AjMilz has 20 seconds left.\n|\n|t:|1776203323\n|switch|p2b: Incineroar|Incineroar, L50, M|100/100\n|-ability|p2b: Incineroar|Intimidate|boost\n|-unboost|p1a: Chesnaught|atk|1\n|-unboost|p1b: Incineroar|atk|1\n|switch|p1b: Politoed|Politoed, L50, M|100/100\n|-weather|RainDance|[from] ability: Drizzle|[of] p1b: Politoed\n|move|p2a: Empoleon|Water Pulse|p1b: Politoed\n|-resisted|p1b: Politoed|1\n|-damage|p1b: Politoed|68/100\n|-start|p1b: Politoed|confusion\n|move|p1a: Chesnaught|Body Press|p2a: Empoleon\n|-supereffective|p2a: Empoleon|1\n|-damage|p2a: Empoleon|0 fnt\n|faint|p2a: Empoleon\n|\n|-weather|RainDance|[upkeep]\n|upkeep\n|\n|t:|1776203341\n|switch|p2a: Rotom|Rotom-Frost, L50|100/100\n|turn|5\n|\n|t:|1776203357\n|switch|p1b: Incineroar|Incineroar, L50, M|100/100\n|-ability|p1b: Incineroar|Intimidate|boost\n|-unboost|p2a: Rotom|atk|1\n|-unboost|p2b: Incineroar|atk|1\n|move|p1a: Chesnaught|Protect|p1a: Chesnaught\n|-singleturn|p1a: Chesnaught|Protect\n|move|p2b: Incineroar|Fake Out|p1a: Chesnaught\n|-activate|p1a: Chesnaught|move: Protect\n|move|p2a: Rotom|Thunderbolt|p1b: Incineroar\n|-damage|p1b: Incineroar|64/100\n|\n|-weather|RainDance|[upkeep]\n|upkeep\n|turn|6\n|\n|t:|1776203371\n|move|p1b: Incineroar|Fake Out|p2a: Rotom\n|-damage|p2a: Rotom|90/100\n|cant|p2a: Rotom|flinch\n|move|p2b: Incineroar|Darkest Lariat|p1a: Chesnaught\n|-resisted|p1a: Chesnaught|1\n|-damage|p1a: Chesnaught|47/100\n|move|p1a: Chesnaught|Body Press|p2a: Rotom\n|-supereffective|p2a: Rotom|1\n|-damage|p2a: Rotom|0 fnt\n|faint|p2a: Rotom\n|\n|-weather|RainDance|[upkeep]\n|upkeep\n|\n|t:|1776203386\n|switch|p2a: Froslass|Froslass-Mega, L50, F, shiny|100/100\n|-weather|Snowscape|[from] ability: Snow Warning|[of] p2a: Froslass\n|turn|7\n|inactive|AjMilz has 30 seconds left.\n|\n|t:|1776203420\n|switch|p1b: Politoed|Politoed, L50, M|68/100\n|-weather|RainDance|[from] ability: Drizzle|[of] p1b: Politoed\n|move|p2a: Froslass|Shadow Ball|p1b: Politoed\n|-damage|p1b: Politoed|28/100\n|-unboost|p1b: Politoed|spd|1\n|move|p2b: Incineroar|Flare Blitz|p1a: Chesnaught\n|-supereffective|p1a: Chesnaught|1\n|-damage|p1a: Chesnaught|36/100\n|-damage|p2b: Incineroar|98/100|[from] Recoil\n|move|p1a: Chesnaught|Body Press|p2b: Incineroar\n|-supereffective|p2b: Incineroar|1\n|-damage|p2b: Incineroar|0 fnt\n|faint|p2b: Incineroar\n|\n|-weather|RainDance|[upkeep]\n|-sideend|p2: AjMilz|move: Aurora Veil\n|upkeep\n|turn|8\n|inactive|yuriimon has 30 seconds left.\n|\n|t:|1776203453\n|move|p2a: Froslass|Blizzard|p1b: Politoed|[spread] p1a\n|-miss|p2a: Froslass|p1b: Politoed\n|-supereffective|p1a: Chesnaught|1\n|-damage|p1a: Chesnaught|0 fnt\n|faint|p1a: Chesnaught\n|move|p1b: Politoed|Weather Ball|p2a: Froslass\n|-damage|p2a: Froslass|39/100\n|\n|-weather|RainDance|[upkeep]\n|upkeep\n|\n|t:|1776203458\n|switch|p1a: Basculegion|Basculegion, L50, M|100/100\n|turn|9\n|\n|t:|1776203467\n|move|p1b: Politoed|Helping Hand|p1a: Basculegion\n|-singleturn|p1a: Basculegion|Helping Hand|[of] p1b: Politoed\n|move|p1a: Basculegion|Last Respects|p2a: Froslass\n|-supereffective|p2a: Froslass|1\n|-damage|p2a: Froslass|0 fnt\n|faint|p2a: Froslass\n|\n|win|yuriimon\n|raw|yuriimon's rating: 1090 &rarr; <strong>1115</strong><br />(+25 for winning)\n|raw|AjMilz's rating: 1076 &rarr; <strong>1055</strong><br />(-21 for losing)\n|l|\u2606AjMilz\n|player|p2|\n|c|\u2606yuriimon|ggwp\n",
  "uploadtime": 1776203477,
  "views": 16,
  "formatid": "gen9championsvgc2026regma",
  "rating": 1055,
  "private": 0,
  "password": null
}