{
  "id": "gen9championsvgc2026regma-2584543637",
  "format": "[Gen 9 Champions] VGC 2026 Reg M-A",
  "players": [
    "lunarlycal",
    "SpottedTesting"
  ],
  "log": "|j|\u2606lunarlycal\n|j|\u2606SpottedTesting\n|t:|1776267731\n|gametype|doubles\n|player|p1|lunarlycal|102|1085\n|player|p2|SpottedTesting|giovanni|1000\n|gen|9\n|tier|[Gen 9 Champions] VGC 2026 Reg M-A\n|rated|\n|rule|Species Clause: Limit one of each Pok\u00e9mon\n|rule|Item Clause: Limit 1 of each item\n|clearpoke\n|poke|p1|Starmie, L50|\n|poke|p1|Sneasler, L50, M|\n|poke|p1|Aerodactyl, L50, F|\n|poke|p1|Sinistcha, L50|\n|poke|p1|Maushold, L50|\n|poke|p1|Typhlosion-Hisui, L50, M|\n|poke|p2|Maushold, L50|\n|poke|p2|Blastoise, L50, F|\n|poke|p2|Pelipper, L50, F|\n|poke|p2|Sinistcha, L50|\n|poke|p2|Garchomp, L50, M|\n|poke|p2|Kingambit, L50, F|\n|teampreview|4\n|inactive|Battle timer is ON: inactive players will automatically lose when time's up. (requested by lunarlycal)\n|inactive|SpottedTesting has 60 seconds left.\n|\n|t:|1776267768\n|teamsize|p1|4\n|teamsize|p2|4\n|start\n|switch|p1a: Starmie|Starmie, L50, shiny|100/100\n|switch|p1b: Aerodactyl|Aerodactyl, L50, F, shiny|100/100\n|switch|p2a: Maushold|Maushold, L50|100/100\n|switch|p2b: Blastoise|Blastoise, L50, F|100/100\n|-ability|p1b: Aerodactyl|Unnerve\n|turn|1\n|\n|t:|1776267789\n|detailschange|p1a: Starmie|Starmie-Mega, L50, shiny\n|-mega|p1a: Starmie|Starmie|Starminite\n|move|p2b: Blastoise|Protect|p2b: Blastoise\n|-singleturn|p2b: Blastoise|Protect\n|move|p1b: Aerodactyl|Tailwind|p1b: Aerodactyl\n|-sidestart|p1: lunarlycal|move: Tailwind\n|move|p1a: Starmie|Zen Headbutt|p2b: Blastoise\n|-activate|p2b: Blastoise|move: Protect\n|move|p2a: Maushold|Taunt|p1b: Aerodactyl\n|-start|p1b: Aerodactyl|move: Taunt\n|\n|upkeep\n|turn|2\n|\n|t:|1776267803\n|detailschange|p2b: Blastoise|Blastoise-Mega, L50, F\n|-mega|p2b: Blastoise|Blastoise|Blastoisinite\n|move|p2a: Maushold|Follow Me|p2a: Maushold\n|-singleturn|p2a: Maushold|move: Follow Me\n|move|p1b: Aerodactyl|Rock Slide|p2b: Blastoise|[spread] p2a,p2b\n|-damage|p2a: Maushold|66/100\n|-damage|p2b: Blastoise|84/100\n|move|p1a: Starmie|Zen Headbutt|p2a: Maushold\n|-damage|p2a: Maushold|0 fnt\n|faint|p2a: Maushold\n|cant|p2b: Blastoise|flinch\n|\n|upkeep\n|\n|t:|1776267821\n|switch|p2a: Sinistcha|Sinistcha, L50|100/100\n|-heal|p2b: Blastoise|100/100|[from] ability: Hospitality|[of] p2a: Sinistcha\n|turn|3\n|\n|t:|1776267832\n|move|p1b: Aerodactyl|Dual Wingbeat|p2a: Sinistcha\n|-supereffective|p2a: Sinistcha|1\n|-damage|p2a: Sinistcha|65/100\n|-supereffective|p2a: Sinistcha|1\n|-damage|p2a: Sinistcha|30/100\n|-hitcount|p2a: Sinistcha|2\n|move|p1a: Starmie|Zen Headbutt|p2b: Blastoise\n|-damage|p2b: Blastoise|37/100\n|move|p2b: Blastoise|Shell Smash|p2b: Blastoise\n|-unboost|p2b: Blastoise|def|1\n|-unboost|p2b: Blastoise|spd|1\n|-boost|p2b: Blastoise|atk|2\n|-boost|p2b: Blastoise|spa|2\n|-boost|p2b: Blastoise|spe|2\n|move|p2a: Sinistcha|Matcha Gotcha|p1a: Starmie|[spread] p1a,p1b\n|-supereffective|p1a: Starmie|1\n|-damage|p1a: Starmie|25/100\n|-heal|p2a: Sinistcha|60/100|[from] drain|[of] p1a: Starmie\n|-damage|p1b: Aerodactyl|52/100\n|-heal|p2a: Sinistcha|81/100|[from] drain|[of] p1b: Aerodactyl\n|\n|upkeep\n|turn|4\n|\n|t:|1776267856\n|switch|p2a: Pelipper|Pelipper, L50, F|100/100\n|-weather|RainDance|[from] ability: Drizzle|[of] p2a: Pelipper\n|move|p2b: Blastoise|Protect|p2b: Blastoise\n|-singleturn|p2b: Blastoise|Protect\n|move|p1b: Aerodactyl|Rock Slide|p2b: Blastoise|[spread] p2a\n|-activate|p2b: Blastoise|move: Protect\n|-supereffective|p2a: Pelipper|1\n|-damage|p2a: Pelipper|32/100\n|move|p1a: Starmie|Ice Spinner|p2a: Pelipper\n|-damage|p2a: Pelipper|0 fnt\n|faint|p2a: Pelipper\n|\n|-weather|RainDance|[upkeep]\n|-end|p1b: Aerodactyl|move: Taunt\n|-sideend|p1: lunarlycal|move: Tailwind\n|upkeep\n|\n|t:|1776267858\n|switch|p2a: Sinistcha|Sinistcha, L50|81/100\n|-heal|p2b: Blastoise|61/100|[from] ability: Hospitality|[of] p2a: Sinistcha\n|turn|5\n|\n|t:|1776267875\n|move|p1b: Aerodactyl|Wide Guard|p1b: Aerodactyl\n|-singleturn|p1b: Aerodactyl|Wide Guard\n|move|p2b: Blastoise|Water Spout|p1a: Starmie|[spread] \n|-activate|p1a: Starmie|move: Wide Guard\n|-activate|p1b: Aerodactyl|move: Wide Guard\n|move|p1a: Starmie|Zen Headbutt|p2b: Blastoise|[miss]\n|-miss|p1a: Starmie|p2b: Blastoise\n|move|p2a: Sinistcha|Matcha Gotcha|p1a: Starmie|[spread] \n|-activate|p1a: Starmie|move: Wide Guard\n|-activate|p1b: Aerodactyl|move: Wide Guard\n|\n|-weather|RainDance|[upkeep]\n|upkeep\n|turn|6\n|\n|t:|1776267896\n|move|p1b: Aerodactyl|Wide Guard|p1b: Aerodactyl\n|-singleturn|p1b: Aerodactyl|Wide Guard\n|move|p2b: Blastoise|Aura Sphere|p1a: Starmie\n|-resisted|p1a: Starmie|1\n|-damage|p1a: Starmie|0 fnt\n|faint|p1a: Starmie\n|move|p2a: Sinistcha|Strength Sap|p1b: Aerodactyl\n|-unboost|p1b: Aerodactyl|atk|1\n|-heal|p2a: Sinistcha|100/100\n|\n|-weather|RainDance|[upkeep]\n|upkeep\n|\n|t:|1776267910\n|switch|p1a: Sneasler|Sneasler, L50, M, shiny|100/100\n|-ability|p1a: Sneasler|Pressure\n|turn|7\n|\n|t:|1776267916\n|move|p2a: Sinistcha|Rage Powder|p2a: Sinistcha\n|-singleturn|p2a: Sinistcha|move: Rage Powder\n|move|p2b: Blastoise|Aura Sphere|p1b: Aerodactyl\n|-damage|p1b: Aerodactyl|0 fnt\n|faint|p1b: Aerodactyl\n|move|p1a: Sneasler|Dire Claw|p2a: Sinistcha\n|-damage|p2a: Sinistcha|63/100\n|\n|-weather|RainDance|[upkeep]\n|upkeep\n|\n|t:|1776267925\n|switch|p1b: Sinistcha|Sinistcha, L50|100/100\n|turn|8\n|\n|t:|1776267942\n|move|p2b: Blastoise|Water Spout|p1a: Sneasler|[spread] p1a,p1b\n|-resisted|p1b: Sinistcha|1\n|-damage|p1a: Sneasler|0 fnt\n|-damage|p1b: Sinistcha|34/100\n|faint|p1a: Sneasler\n|move|p1b: Sinistcha|Matcha Gotcha|p2b: Blastoise|[spread] p2a,p2b\n|-resisted|p2a: Sinistcha|1\n|-supereffective|p2b: Blastoise|1\n|-damage|p2a: Sinistcha|49/100\n|-heal|p1b: Sinistcha|41/100|[from] drain|[of] p2a: Sinistcha\n|-damage|p2b: Blastoise|0 fnt\n|-heal|p1b: Sinistcha|67/100|[from] drain|[of] p2b: Blastoise\n|-enditem|p2a: Sinistcha|Sitrus Berry|[eat]\n|-heal|p2a: Sinistcha|74/100|[from] item: Sitrus Berry\n|faint|p2b: Blastoise\n|move|p2a: Sinistcha|Matcha Gotcha|p1b: Sinistcha\n|-resisted|p1b: Sinistcha|1\n|-damage|p1b: Sinistcha|40/100\n|-heal|p2a: Sinistcha|88/100|[from] drain|[of] p1b: Sinistcha\n|\n|-weather|none\n|-heal|p1b: Sinistcha|46/100|[from] item: Leftovers\n|upkeep\n|turn|9\n|\n|t:|1776267957\n|move|p1b: Sinistcha|Strength Sap|p2a: Sinistcha\n|-unboost|p2a: Sinistcha|atk|1\n|-heal|p1b: Sinistcha|86/100\n|move|p2a: Sinistcha|Matcha Gotcha|p1b: Sinistcha\n|-resisted|p1b: Sinistcha|1\n|-damage|p1b: Sinistcha|61/100\n|-heal|p2a: Sinistcha|100/100|[from] drain|[of] p1b: Sinistcha\n|\n|-heal|p1b: Sinistcha|67/100|[from] item: Leftovers\n|upkeep\n|turn|10\n|\n|t:|1776267962\n|move|p1b: Sinistcha|Matcha Gotcha|p2a: Sinistcha\n|-resisted|p2a: Sinistcha|1\n|-damage|p2a: Sinistcha|80/100\n|-heal|p1b: Sinistcha|77/100|[from] drain|[of] p2a: Sinistcha\n|move|p2a: Sinistcha|Matcha Gotcha|p1b: Sinistcha\n|-resisted|p1b: Sinistcha|1\n|-damage|p1b: Sinistcha|52/100\n|-heal|p2a: Sinistcha|93/100|[from] drain|[of] p1b: Sinistcha\n|\n|-heal|p1b: Sinistcha|58/100|[from] item: Leftovers\n|upkeep\n|turn|11\n|\n|t:|1776267967\n|move|p2a: Sinistcha|Matcha Gotcha|p1b: Sinistcha\n|-resisted|p1b: Sinistcha|1\n|-damage|p1b: Sinistcha|33/100\n|-heal|p2a: Sinistcha|100/100|[from] drain|[of] p1b: Sinistcha\n|-status|p1b: Sinistcha|brn\n|move|p1b: Sinistcha|Matcha Gotcha|p2a: Sinistcha\n|-resisted|p2a: Sinistcha|1\n|-damage|p2a: Sinistcha|80/100\n|-heal|p1b: Sinistcha|43/100 brn|[from] drain|[of] p2a: Sinistcha\n|-status|p2a: Sinistcha|brn\n|\n|-heal|p1b: Sinistcha|49/100 brn|[from] item: Leftovers\n|-damage|p2a: Sinistcha|74/100 brn|[from] brn\n|-damage|p1b: Sinistcha|43/100 brn|[from] brn\n|upkeep\n|turn|12\n|\n|t:|1776267984\n|move|p1b: Sinistcha|Strength Sap|p2a: Sinistcha\n|-unboost|p2a: Sinistcha|atk|1\n|-heal|p1b: Sinistcha|70/100 brn\n|move|p2a: Sinistcha|Matcha Gotcha|p1b: Sinistcha\n|-resisted|p1b: Sinistcha|1\n|-damage|p1b: Sinistcha|43/100 brn\n|-heal|p2a: Sinistcha|88/100 brn|[from] drain|[of] p1b: Sinistcha\n|\n|-heal|p1b: Sinistcha|49/100 brn|[from] item: Leftovers\n|-damage|p1b: Sinistcha|43/100 brn|[from] brn\n|-damage|p2a: Sinistcha|81/100 brn|[from] brn\n|upkeep\n|turn|13\n|\n|t:|1776267997\n|move|p2a: Sinistcha|Rage Powder|p2a: Sinistcha\n|-singleturn|p2a: Sinistcha|move: Rage Powder\n|move|p1b: Sinistcha|Matcha Gotcha|p2a: Sinistcha\n|-resisted|p2a: Sinistcha|1\n|-crit|p2a: Sinistcha\n|-damage|p2a: Sinistcha|54/100 brn\n|-heal|p1b: Sinistcha|57/100 brn|[from] drain|[of] p2a: Sinistcha\n|\n|-heal|p1b: Sinistcha|63/100 brn|[from] item: Leftovers\n|-damage|p2a: Sinistcha|48/100 brn|[from] brn\n|-damage|p1b: Sinistcha|57/100 brn|[from] brn\n|upkeep\n|turn|14\n|\n|t:|1776268004\n|move|p2a: Sinistcha|Rage Powder|p2a: Sinistcha\n|-singleturn|p2a: Sinistcha|move: Rage Powder\n|move|p1b: Sinistcha|Matcha Gotcha|p2a: Sinistcha\n|-resisted|p2a: Sinistcha|1\n|-damage|p2a: Sinistcha|28/100 brn\n|-heal|p1b: Sinistcha|67/100 brn|[from] drain|[of] p2a: Sinistcha\n|\n|-heal|p1b: Sinistcha|73/100 brn|[from] item: Leftovers\n|-damage|p1b: Sinistcha|67/100 brn|[from] brn\n|-damage|p2a: Sinistcha|22/100 brn|[from] brn\n|upkeep\n|turn|15\n|\n|t:|1776268013\n|move|p1b: Sinistcha|Protect|p1b: Sinistcha\n|-singleturn|p1b: Sinistcha|Protect\n|move|p2a: Sinistcha|Strength Sap|p1b: Sinistcha\n|-activate|p1b: Sinistcha|move: Protect\n|\n|-heal|p1b: Sinistcha|73/100 brn|[from] item: Leftovers\n|-damage|p1b: Sinistcha|67/100 brn|[from] brn\n|-damage|p2a: Sinistcha|16/100 brn|[from] brn\n|upkeep\n|turn|16\n|\n|t:|1776268021\n|move|p1b: Sinistcha|Protect||[still]\n|-fail|p1b: Sinistcha\n|move|p2a: Sinistcha|Strength Sap|p1b: Sinistcha\n|-unboost|p1b: Sinistcha|atk|1\n|-heal|p2a: Sinistcha|56/100 brn\n|\n|-heal|p1b: Sinistcha|73/100 brn|[from] item: Leftovers\n|-damage|p1b: Sinistcha|67/100 brn|[from] brn\n|-damage|p2a: Sinistcha|50/100 brn|[from] brn\n|upkeep\n|turn|17\n|\n|t:|1776268030\n|move|p1b: Sinistcha|Rage Powder|p1b: Sinistcha\n|-singleturn|p1b: Sinistcha|move: Rage Powder\n|move|p2a: Sinistcha|Matcha Gotcha|p1b: Sinistcha\n|-resisted|p1b: Sinistcha|1\n|-damage|p1b: Sinistcha|40/100 brn\n|-heal|p2a: Sinistcha|64/100 brn|[from] drain|[of] p1b: Sinistcha\n|\n|-heal|p1b: Sinistcha|47/100 brn|[from] item: Leftovers\n|-damage|p2a: Sinistcha|58/100 brn|[from] brn\n|-damage|p1b: Sinistcha|40/100 brn|[from] brn\n|upkeep\n|turn|18\n|\n|t:|1776268035\n|move|p1b: Sinistcha|Matcha Gotcha|p2a: Sinistcha\n|-resisted|p2a: Sinistcha|1\n|-damage|p2a: Sinistcha|39/100 brn\n|-heal|p1b: Sinistcha|49/100 brn|[from] drain|[of] p2a: Sinistcha\n|move|p2a: Sinistcha|Matcha Gotcha|p1b: Sinistcha|[miss]\n|-miss|p2a: Sinistcha|p1b: Sinistcha\n|\n|-heal|p1b: Sinistcha|56/100 brn|[from] item: Leftovers\n|-damage|p2a: Sinistcha|33/100 brn|[from] brn\n|-damage|p1b: Sinistcha|49/100 brn|[from] brn\n|upkeep\n|turn|19\n|\n|t:|1776268045\n|move|p1b: Sinistcha|Matcha Gotcha|p2a: Sinistcha\n|-resisted|p2a: Sinistcha|1\n|-damage|p2a: Sinistcha|16/100 brn\n|-heal|p1b: Sinistcha|58/100 brn|[from] drain|[of] p2a: Sinistcha\n|move|p2a: Sinistcha|Matcha Gotcha|p1b: Sinistcha\n|-resisted|p1b: Sinistcha|1\n|-damage|p1b: Sinistcha|30/100 brn\n|-heal|p2a: Sinistcha|30/100 brn|[from] drain|[of] p1b: Sinistcha\n|\n|-heal|p1b: Sinistcha|36/100 brn|[from] item: Leftovers\n|-damage|p1b: Sinistcha|30/100 brn|[from] brn\n|-damage|p2a: Sinistcha|24/100 brn|[from] brn\n|upkeep\n|turn|20\n|\n|t:|1776268051\n|move|p1b: Sinistcha|Matcha Gotcha|p2a: Sinistcha\n|-resisted|p2a: Sinistcha|1\n|-damage|p2a: Sinistcha|3/100 brn\n|-heal|p1b: Sinistcha|40/100 brn|[from] drain|[of] p2a: Sinistcha\n|move|p2a: Sinistcha|Strength Sap|p1b: Sinistcha\n|-unboost|p1b: Sinistcha|atk|1\n|-heal|p2a: Sinistcha|30/100 brn\n|\n|-heal|p1b: Sinistcha|47/100 brn|[from] item: Leftovers\n|-damage|p2a: Sinistcha|24/100 brn|[from] brn\n|-damage|p1b: Sinistcha|40/100 brn|[from] brn\n|upkeep\n|turn|21\n|\n|t:|1776268056\n|move|p1b: Sinistcha|Protect|p1b: Sinistcha\n|-singleturn|p1b: Sinistcha|Protect\n|move|p2a: Sinistcha|Matcha Gotcha|p1b: Sinistcha\n|-activate|p1b: Sinistcha|move: Protect\n|\n|-heal|p1b: Sinistcha|47/100 brn|[from] item: Leftovers\n|-damage|p1b: Sinistcha|40/100 brn|[from] brn\n|-damage|p2a: Sinistcha|18/100 brn|[from] brn\n|upkeep\n|turn|22\n|\n|t:|1776268064\n|move|p2a: Sinistcha|Matcha Gotcha|p1b: Sinistcha\n|-resisted|p1b: Sinistcha|1\n|-damage|p1b: Sinistcha|14/100 brn\n|-heal|p2a: Sinistcha|32/100 brn|[from] drain|[of] p1b: Sinistcha\n|move|p1b: Sinistcha|Matcha Gotcha|p2a: Sinistcha\n|-resisted|p2a: Sinistcha|1\n|-damage|p2a: Sinistcha|13/100 brn\n|-heal|p1b: Sinistcha|24/100 brn|[from] drain|[of] p2a: Sinistcha\n|\n|-heal|p1b: Sinistcha|30/100 brn|[from] item: Leftovers\n|-damage|p2a: Sinistcha|7/100 brn|[from] brn\n|-damage|p1b: Sinistcha|24/100 brn|[from] brn\n|upkeep\n|turn|23\n|inactive|SpottedTesting has 30 seconds left.\n|inactive|SpottedTesting has 20 seconds left.\n|inactive|SpottedTesting has 15 seconds left.\n|inactive|SpottedTesting has 10 seconds left.\n|inactive|SpottedTesting has 5 seconds left.\n|\n|t:|1776268119\n|move|p1b: Sinistcha|Protect|p1b: Sinistcha\n|-singleturn|p1b: Sinistcha|Protect\n|move|p2a: Sinistcha|Matcha Gotcha|p1b: Sinistcha\n|-activate|p1b: Sinistcha|move: Protect\n|\n|-heal|p1b: Sinistcha|30/100 brn|[from] item: Leftovers\n|-damage|p1b: Sinistcha|24/100 brn|[from] brn\n|-damage|p2a: Sinistcha|0 fnt|[from] brn\n|faint|p2a: Sinistcha\n|\n|win|lunarlycal\n|raw|lunarlycal's rating: 1085 &rarr; <strong>1106</strong><br />(+21 for winning)\n|raw|SpottedTesting's rating: 1000 &rarr; <strong>1000</strong><br />(+0 for losing)\n|l|\u2606SpottedTesting\n|player|p2|\n",
  "uploadtime": 1776268138,
  "views": 19,
  "formatid": "gen9championsvgc2026regma",
  "rating": 1000,
  "private": 0,
  "password": null
}