{
  "id": "gen9championsvgc2026regma-2584831676",
  "format": "[Gen 9 Champions] VGC 2026 Reg M-A",
  "players": [
    "h2obama",
    "reserviste"
  ],
  "log": "|j|\u2606h2obama\n|j|\u2606reserviste\n|t:|1776287054\n|gametype|doubles\n|player|p1|h2obama|2|1162\n|player|p2|reserviste|unknown|1188\n|gen|9\n|tier|[Gen 9 Champions] VGC 2026 Reg M-A\n|rated|\n|rule|Species Clause: Limit one of each Pok\u00e9mon\n|rule|Item Clause: Limit 1 of each item\n|clearpoke\n|poke|p1|Starmie, L50|\n|poke|p1|Zoroark-Hisui, L50, M|\n|poke|p1|Aerodactyl, L50, M|\n|poke|p1|Tsareena, L50, F|\n|poke|p1|Dragapult, L50, F|\n|poke|p1|Incineroar, L50, F|\n|poke|p2|Clefable, L50, F|\n|poke|p2|Medicham, L50, F|\n|poke|p2|Aerodactyl, L50, M|\n|poke|p2|Sneasler, L50, M|\n|poke|p2|Bellibolt, L50, F|\n|poke|p2|Raichu, L50, M|\n|teampreview|4\n|inactive|Battle timer is ON: inactive players will automatically lose when time's up. (requested by reserviste)\n|inactive|h2obama has 60 seconds left.\n|\n|t:|1776287115\n|teamsize|p1|4\n|teamsize|p2|4\n|start\n|switch|p1a: Tsareena|Tsareena, L50, F|100/100\n|switch|p1b: Starmie|Starmie, L50|100/100\n|switch|p2a: Aerodactyl|Aerodactyl, L50, M|100/100\n|switch|p2b: Sneasler|Sneasler, L50, M|100/100\n|-ability|p2a: Aerodactyl|Unnerve\n|turn|1\n|\n|t:|1776287134\n|detailschange|p1b: Starmie|Starmie-Mega, L50\n|-mega|p1b: Starmie|Starmie|Starminite\n|move|p1a: Tsareena|Protect|p1a: Tsareena\n|-singleturn|p1a: Tsareena|Protect\n|move|p2a: Aerodactyl|Tailwind|p2a: Aerodactyl\n|-sidestart|p2: reserviste|move: Tailwind\n|move|p2b: Sneasler|Throat Chop|p1b: Starmie\n|-supereffective|p1b: Starmie|1\n|-damage|p1b: Starmie|31/100\n|-start|p1b: Starmie|Throat Chop|[silent]\n|move|p1b: Starmie|Liquidation|p2a: Aerodactyl\n|-supereffective|p2a: Aerodactyl|1\n|-enditem|p2a: Aerodactyl|Focus Sash\n|-damage|p2a: Aerodactyl|1/100\n|\n|upkeep\n|turn|2\n|\n|t:|1776287155\n|move|p1b: Starmie|Protect|p1b: Starmie\n|-singleturn|p1b: Starmie|Protect\n|move|p2a: Aerodactyl|Dual Wingbeat|p1a: Tsareena\n|-supereffective|p1a: Tsareena|1\n|-damage|p1a: Tsareena|55/100\n|-supereffective|p1a: Tsareena|1\n|-damage|p1a: Tsareena|7/100\n|-hitcount|p1a: Tsareena|2\n|move|p2b: Sneasler|Throat Chop|p1b: Starmie\n|-activate|p1b: Starmie|move: Protect\n|move|p1a: Tsareena|Trop Kick|p2a: Aerodactyl\n|-damage|p2a: Aerodactyl|0 fnt\n|faint|p2a: Aerodactyl\n|\n|-end|p1b: Starmie|Throat Chop|[silent]\n|upkeep\n|\n|t:|1776287165\n|switch|p2a: Clefable|Clefable, L50, F|100/100\n|turn|3\n|\n|t:|1776287178\n|switch|p1b: Aerodactyl|Aerodactyl, L50, M|100/100\n|-ability|p1b: Aerodactyl|Unnerve\n|move|p2a: Clefable|Follow Me|p2a: Clefable\n|-singleturn|p2a: Clefable|move: Follow Me\n|move|p2b: Sneasler|Throat Chop|p1b: Aerodactyl\n|-crit|p1b: Aerodactyl\n|-damage|p1b: Aerodactyl|34/100\n|-start|p1b: Aerodactyl|Throat Chop|[silent]\n|move|p1a: Tsareena|Knock Off|p2a: Clefable\n|-resisted|p2a: Clefable|1\n|-damage|p2a: Clefable|82/100\n|-enditem|p2a: Clefable|Sitrus Berry|[from] move: Knock Off|[of] p1a: Tsareena\n|\n|upkeep\n|turn|4\n|\n|t:|1776287200\n|move|p1b: Aerodactyl|Protect|p1b: Aerodactyl\n|-singleturn|p1b: Aerodactyl|Protect\n|move|p2b: Sneasler|Close Combat|p1b: Aerodactyl\n|-activate|p1b: Aerodactyl|move: Protect\n|move|p2a: Clefable|Icy Wind|p1a: Tsareena|[spread] p1a\n|-activate|p1b: Aerodactyl|move: Protect\n|-supereffective|p1a: Tsareena|1\n|-damage|p1a: Tsareena|0 fnt\n|faint|p1a: Tsareena\n|\n|-end|p1b: Aerodactyl|Throat Chop|[silent]\n|-sideend|p2: reserviste|move: Tailwind\n|upkeep\n|\n|t:|1776287209\n|switch|p1a: Starmie|Starmie-Mega, L50|31/100\n|turn|5\n|\n|t:|1776287223\n|move|p2a: Clefable|Follow Me|p2a: Clefable\n|-singleturn|p2a: Clefable|move: Follow Me\n|move|p1b: Aerodactyl|Tailwind|p1b: Aerodactyl\n|-sidestart|p1: h2obama|move: Tailwind\n|move|p1a: Starmie|Self-Destruct|p2a: Clefable|[spread] p1b,p2a,p2b\n|-resisted|p1b: Aerodactyl|1\n|-damage|p1b: Aerodactyl|0 fnt\n|-damage|p2a: Clefable|0 fnt\n|-damage|p2b: Sneasler|0 fnt\n|faint|p1a: Starmie\n|faint|p1b: Aerodactyl\n|faint|p2a: Clefable\n|faint|p2b: Sneasler\n|\n|upkeep\n|\n|t:|1776287238\n|switch|p1b: Dragapult|Dragapult, L50, F|100/100\n|switch|p2b: Medicham|Medicham, L50, F|100/100\n|turn|6\n|\n|t:|1776287249\n|move|p2b: Medicham|Protect|p2b: Medicham\n|-singleturn|p2b: Medicham|Protect\n|move|p1b: Dragapult|Dragon Darts|p2b: Medicham\n|-activate|p2b: Medicham|move: Protect\n|\n|upkeep\n|turn|7\n|\n|t:|1776287255\n|detailschange|p2b: Medicham|Medicham-Mega, L50, F\n|-mega|p2b: Medicham|Medicham|Medichamite\n|move|p1b: Dragapult|Dragon Darts|p2b: Medicham\n|-damage|p2b: Medicham|54/100\n|-anim|p1b: Dragapult|Dragon Darts|p2b: Medicham\n|-damage|p2b: Medicham|10/100\n|move|p2b: Medicham|Ice Punch|p1b: Dragapult\n|-supereffective|p1b: Dragapult|1\n|-crit|p1b: Dragapult\n|-damage|p1b: Dragapult|0 fnt\n|faint|p1b: Dragapult\n|\n|win|reserviste\n|raw|h2obama's rating: 1162 &rarr; <strong>1139</strong><br />(-23 for losing)\n|raw|reserviste's rating: 1188 &rarr; <strong>1211</strong><br />(+23 for winning)\n|l|\u2606reserviste\n|player|p2|\n|c|\u2606h2obama|Damn, so close\n",
  "uploadtime": 1776287280,
  "views": 40,
  "formatid": "gen9championsvgc2026regma",
  "rating": 1139,
  "private": 0,
  "password": null
}