{
  "id": "gen9championsvgc2026regma-2581722001",
  "format": "[Gen 9 Champions] VGC 2026 Reg M-A",
  "players": [
    "tiktaksnicksnack",
    "bluejayx2"
  ],
  "log": "|j|\u2606tiktaksnicksnack\n|j|\u203dbluejayx2\n|t:|1776023385\n|gametype|doubles\n|player|p1|tiktaksnicksnack|170|1075\n|player|p2|bluejayx2|marley|1060\n|gen|9\n|tier|[Gen 9 Champions] VGC 2026 Reg M-A\n|rated|\n|rule|Species Clause: Limit one of each Pok\u00e9mon\n|rule|Item Clause: Limit 1 of each item\n|clearpoke\n|poke|p1|Lycanroc-Dusk, L50, M|\n|poke|p1|Ninetales-Alola, L50, F|\n|poke|p1|Toxapex, L50, F|\n|poke|p1|Sableye, L50, M|\n|poke|p1|Skarmory, L50, F|\n|poke|p1|Heliolisk, L50, M|\n|poke|p2|Beedrill, L50, F|\n|poke|p2|Rotom-Wash, L50|\n|poke|p2|Clefable, L50, F|\n|poke|p2|Aerodactyl, L50, F|\n|poke|p2|Chandelure, L50, F|\n|poke|p2|Milotic, L50, F|\n|teampreview|4\n|inactive|Battle timer is ON: inactive players will automatically lose when time's up. (requested by bluejayx2)\n|inactive|tiktaksnicksnack has 60 seconds left.\n|\n|t:|1776023421\n|teamsize|p1|4\n|teamsize|p2|4\n|start\n|switch|p1a: Skarmory|Skarmory, L50, F|100/100\n|switch|p1b: Toxapex|Toxapex, L50, F|100/100\n|switch|p2a: Chandelure|Chandelure, L50, F, shiny|100/100\n|switch|p2b: Milotic|Milotic, L50, F, shiny|100/100\n|turn|1\n|\n|t:|1776023437\n|move|p2a: Chandelure|Heat Wave|p1a: Skarmory|[spread] p1a,p1b\n|-supereffective|p1a: Skarmory|1\n|-resisted|p1b: Toxapex|1\n|-crit|p1b: Toxapex\n|-damage|p1a: Skarmory|24/100\n|-damage|p1b: Toxapex|76/100\n|move|p2b: Milotic|Coil|p2b: Milotic\n|-boost|p2b: Milotic|atk|1\n|-boost|p2b: Milotic|def|1\n|-boost|p2b: Milotic|accuracy|1\n|move|p1a: Skarmory|Stealth Rock|p2b: Milotic\n|-sidestart|p2: bluejayx2|move: Stealth Rock\n|move|p1b: Toxapex|Toxic|p2b: Milotic\n|-status|p2b: Milotic|tox\n|\n|-heal|p1b: Toxapex|82/100|[from] item: Leftovers\n|-damage|p2b: Milotic|95/100 tox|[from] psn\n|upkeep\n|turn|2\n|inactive|tiktaksnicksnack has 30 seconds left.\n|\n|t:|1776023470\n|move|p2a: Chandelure|Heat Wave|p1b: Toxapex|[spread] p1a\n|-miss|p2a: Chandelure|p1b: Toxapex\n|-supereffective|p1a: Skarmory|1\n|-damage|p1a: Skarmory|0 fnt\n|faint|p1a: Skarmory\n|move|p2b: Milotic|Muddy Water|p1b: Toxapex\n|-resisted|p1b: Toxapex|1\n|-damage|p1b: Toxapex|64/100\n|move|p1b: Toxapex|Toxic|p2a: Chandelure\n|-status|p2a: Chandelure|tox\n|\n|-heal|p2b: Milotic|100/100 tox|[from] item: Leftovers\n|-heal|p1b: Toxapex|70/100|[from] item: Leftovers\n|-damage|p2a: Chandelure|95/100 tox|[from] psn\n|-damage|p2b: Milotic|89/100 tox|[from] psn\n|upkeep\n|\n|t:|1776023486\n|switch|p1a: Heliolisk|Heliolisk, L50, M|100/100\n|turn|3\n|inactive|bluejayx2 has 30 seconds left.\n|\n|t:|1776023513\n|switch|p1b: Sableye|Sableye, L50, M|100/100\n|move|p1a: Heliolisk|Thunderbolt|p2b: Milotic\n|-supereffective|p2b: Milotic|1\n|-damage|p2b: Milotic|26/100 tox\n|move|p2a: Chandelure|Heat Wave|p1a: Heliolisk|[spread] p1a,p1b\n|-damage|p1a: Heliolisk|54/100\n|-damage|p1b: Sableye|65/100\n|move|p2b: Milotic|Blizzard|p1b: Sableye|[spread] p1a,p1b\n|-damage|p1a: Heliolisk|18/100\n|-damage|p1b: Sableye|36/100\n|\n|-heal|p2b: Milotic|32/100 tox|[from] item: Leftovers\n|-damage|p2a: Chandelure|83/100 tox|[from] psn\n|-damage|p2b: Milotic|14/100 tox|[from] psn\n|upkeep\n|turn|4\n|\n|t:|1776023535\n|detailschange|p1b: Sableye|Sableye-Mega, L50, M\n|-mega|p1b: Sableye|Sableye|Sablenite\n|move|p2b: Milotic|Protect|p2b: Milotic\n|-singleturn|p2b: Milotic|Protect\n|move|p1a: Heliolisk|Thunderbolt|p2a: Chandelure\n|-damage|p2a: Chandelure|35/100 tox\n|move|p2a: Chandelure|Heat Wave|p1b: Sableye|[spread] p1a,p1b\n|-damage|p1a: Heliolisk|0 fnt\n|-damage|p1b: Sableye|10/100\n|faint|p1a: Heliolisk\n|move|p1b: Sableye|Recover|p1b: Sableye\n|-heal|p1b: Sableye|60/100\n|\n|-heal|p2b: Milotic|20/100 tox|[from] item: Leftovers\n|-damage|p2a: Chandelure|18/100 tox|[from] psn\n|-damage|p2b: Milotic|0 fnt|[from] psn\n|faint|p2b: Milotic\n|upkeep\n|\n|t:|1776023554\n|switch|p1a: Toxapex|Toxapex, L50, F|100/100\n|switch|p2b: Clefable|Clefable, L50, F, shiny|100/100\n|turn|5\n|\n|t:|1776023572\n|move|p1b: Sableye|Protect|p1b: Sableye\n|-singleturn|p1b: Sableye|Protect\n|move|p2a: Chandelure|Heat Wave|p1a: Toxapex|[spread] p1a\n|-activate|p1b: Sableye|move: Protect\n|-resisted|p1a: Toxapex|1\n|-damage|p1a: Toxapex|85/100\n|-status|p1a: Toxapex|brn\n|move|p2b: Clefable|Calm Mind|p2b: Clefable\n|-boost|p2b: Clefable|spa|1\n|-boost|p2b: Clefable|spd|1\n|move|p1a: Toxapex|Toxic|p2b: Clefable\n|-status|p2b: Clefable|tox\n|\n|-heal|p1a: Toxapex|91/100 brn|[from] item: Leftovers\n|-damage|p2a: Chandelure|0 fnt|[from] psn\n|faint|p2a: Chandelure\n|-damage|p1a: Toxapex|85/100 brn|[from] brn\n|upkeep\n|\n|t:|1776023591\n|switch|p2a: Beedrill|Beedrill, L50, F, shiny|100/100\n|-damage|p2a: Beedrill|75/100|[from] Stealth Rock\n|turn|6\n|\n|t:|1776023605\n|detailschange|p2a: Beedrill|Beedrill-Mega, L50, F, shiny\n|-mega|p2a: Beedrill|Beedrill|Beedrillite\n|move|p1a: Toxapex|Baneful Bunker|p1a: Toxapex\n|-singleturn|p1a: Toxapex|move: Protect\n|move|p2a: Beedrill|Fell Stinger|p1b: Sableye\n|-crit|p1b: Sableye\n|-damage|p1b: Sableye|3/100\n|move|p2b: Clefable|Encore|p1a: Toxapex\n|-activate|p1a: Toxapex|move: Protect\n|move|p1b: Sableye|Will-O-Wisp|p2a: Beedrill\n|-status|p2a: Beedrill|brn\n|\n|-heal|p1a: Toxapex|91/100 brn|[from] item: Leftovers\n|-damage|p2a: Beedrill|70/100 brn|[from] brn\n|-damage|p1a: Toxapex|85/100 brn|[from] brn\n|upkeep\n|turn|7\n|\n|t:|1776023628\n|move|p1b: Sableye|Protect|p1b: Sableye\n|-singleturn|p1b: Sableye|Protect\n|move|p2a: Beedrill|Fell Stinger|p1b: Sableye\n|-activate|p1b: Sableye|move: Protect\n|move|p2b: Clefable|Encore|p1a: Toxapex\n|-start|p1a: Toxapex|Encore\n|move|p1a: Toxapex|Baneful Bunker||[still]\n|-fail|p1a: Toxapex\n|\n|-heal|p1a: Toxapex|91/100 brn|[from] item: Leftovers\n|-damage|p2a: Beedrill|64/100 brn|[from] brn\n|-damage|p1a: Toxapex|85/100 brn|[from] brn\n|upkeep\n|turn|8\n|\n|t:|1776023644\n|move|p1a: Toxapex|Baneful Bunker|p1a: Toxapex\n|-singleturn|p1a: Toxapex|move: Protect\n|move|p2a: Beedrill|Fell Stinger|p1b: Sableye\n|-damage|p1b: Sableye|0 fnt\n|faint|p1b: Sableye\n|-boost|p2a: Beedrill|atk|3\n|move|p2b: Clefable|Calm Mind|p2b: Clefable\n|-boost|p2b: Clefable|spa|1\n|-boost|p2b: Clefable|spd|1\n|\n|-heal|p1a: Toxapex|91/100 brn|[from] item: Leftovers\n|-damage|p2a: Beedrill|58/100 brn|[from] brn\n|-damage|p1a: Toxapex|85/100 brn|[from] brn\n|upkeep\n|turn|9\n|\n|t:|1776023666\n|move|p1a: Toxapex|Baneful Bunker||[still]\n|-fail|p1a: Toxapex\n|move|p2a: Beedrill|Drill Run|p1a: Toxapex\n|-supereffective|p1a: Toxapex|1\n|-damage|p1a: Toxapex|20/100 brn\n|move|p2b: Clefable|Stored Power|p1a: Toxapex\n|-supereffective|p1a: Toxapex|1\n|-damage|p1a: Toxapex|0 fnt\n|faint|p1a: Toxapex\n|\n|win|bluejayx2\n|raw|tiktaksnicksnack's rating: 1075 &rarr; <strong>1053</strong><br />(-22 for losing)\n|raw|bluejayx2's rating: 1060 &rarr; <strong>1092</strong><br />(+32 for winning)\n|l|\u2606tiktaksnicksnack\n|player|p1|\n",
  "uploadtime": 1776023676,
  "views": 14,
  "formatid": "gen9championsvgc2026regma",
  "rating": 1053,
  "private": 0,
  "password": null
}