{
  "id": "gen9championsvgc2026regma-2584800954",
  "format": "[Gen 9 Champions] VGC 2026 Reg M-A",
  "players": [
    "bryangm02",
    "gengar0718"
  ],
  "log": "|j|\u2606bryangm02\n|j|\u2606gengar0718\n|t:|1776284639\n|gametype|doubles\n|player|p1|bryangm02|1|1164\n|player|p2|gengar0718|sonia-masters|1220\n|gen|9\n|tier|[Gen 9 Champions] VGC 2026 Reg M-A\n|rated|\n|rule|Species Clause: Limit one of each Pok\u00e9mon\n|rule|Item Clause: Limit 1 of each item\n|clearpoke\n|poke|p1|Meganium, L50, F|\n|poke|p1|Aerodactyl, L50, M|\n|poke|p1|Tauros-Paldea-Aqua, L50, M|\n|poke|p1|Kangaskhan, L50, F|\n|poke|p1|Archaludon, L50, M|\n|poke|p1|Typhlosion-Hisui, L50, F|\n|poke|p2|Sneasler, L50, F|\n|poke|p2|Charizard, L50, M|\n|poke|p2|Typhlosion-Hisui, L50, F|\n|poke|p2|Rotom-Wash, L50|\n|poke|p2|Farigiraf, L50, M|\n|poke|p2|Kingambit, L50, M|\n|teampreview|4\n|inactive|Battle timer is ON: inactive players will automatically lose when time's up. (requested by gengar0718)\ngengar0718 rejected open team sheets.\n|inactive|bryangm02 has 60 seconds left.\n|inactive|gengar0718 has 60 seconds left.\n|\n|t:|1776284721\n|teamsize|p1|4\n|teamsize|p2|4\n|start\n|switch|p1a: Aerodactyl|Aerodactyl, L50, M|100/100\n|switch|p1b: Tauros|Tauros-Paldea-Aqua, L50, M|100/100\n|switch|p2a: Farigiraf|Farigiraf, L50, M|100/100\n|switch|p2b: Sneasler|Sneasler, L50, F|100/100\n|-ability|p1a: Aerodactyl|Unnerve\n|-ability|p1b: Tauros|Intimidate|boost\n|-unboost|p2a: Farigiraf|atk|1\n|-unboost|p2b: Sneasler|atk|1\n|-enditem|p2b: Sneasler|White Herb\n|-clearnegativeboost|p2b: Sneasler|[silent]\n|turn|1\n|\n|t:|1776284744\n|move|p1a: Aerodactyl|Protect|p1a: Aerodactyl\n|-singleturn|p1a: Aerodactyl|Protect\n|move|p2b: Sneasler|Fake Out|p1b: Tauros\n|-damage|p1b: Tauros|83/100\n|cant|p1b: Tauros|flinch\n|move|p2a: Farigiraf|Trick Room|p2a: Farigiraf\n|-fieldstart|move: Trick Room|[of] p2a: Farigiraf\n|\n|upkeep\n|turn|2\n|\n|t:|1776284759\n|switch|p2b: Rotom|Rotom-Wash, L50|100/100\n|move|p2a: Farigiraf|Psychic|p1b: Tauros\n|-supereffective|p1b: Tauros|1\n|-damage|p1b: Tauros|0 fnt\n|faint|p1b: Tauros\n|move|p1a: Aerodactyl|Dual Wingbeat|p2b: Rotom\n|-resisted|p2b: Rotom|1\n|-damage|p2b: Rotom|91/100\n|-resisted|p2b: Rotom|1\n|-damage|p2b: Rotom|82/100\n|-hitcount|p2b: Rotom|2\n|\n|upkeep\n|\n|t:|1776284766\n|switch|p1b: Archaludon|Archaludon, L50, M|100/100\n|turn|3\n|inactive|gengar0718 has 30 seconds left.\n|\n|t:|1776284800\n|move|p1a: Aerodactyl|Protect|p1a: Aerodactyl\n|-singleturn|p1a: Aerodactyl|Protect\n|move|p2a: Farigiraf|Psychic|p1a: Aerodactyl\n|-activate|p1a: Aerodactyl|move: Protect\n|move|p2b: Rotom|Thunderbolt|p1a: Aerodactyl\n|-activate|p1a: Aerodactyl|move: Protect\n|move|p1b: Archaludon|Dragon Pulse|p2b: Rotom\n|-damage|p2b: Rotom|34/100\n|\n|upkeep\n|turn|4\n|\n|t:|1776284823\n|switch|p1a: Kangaskhan|Kangaskhan, L50, F|100/100\n|-enditem|p2b: Rotom|Sitrus Berry|[eat]\n|-heal|p2b: Rotom|59/100|[from] item: Sitrus Berry\n|move|p2a: Farigiraf|Ally Switch|p2a: Farigiraf\n|swap|p2a: Farigiraf|1|[from] move: Ally Switch\n|move|p2a: Rotom|Thunderbolt|p1a: Kangaskhan\n|-damage|p1a: Kangaskhan|46/100\n|move|p1b: Archaludon|Dragon Pulse|p2b: Farigiraf\n|-damage|p2b: Farigiraf|66/100\n|\n|upkeep\n|turn|5\n|inactive|bryangm02 has 30 seconds left.\n|inactive|gengar0718 has 30 seconds left.\n|inactive|bryangm02 has 20 seconds left.\n|\n|t:|1776284862\n|detailschange|p1a: Kangaskhan|Kangaskhan-Mega, L50, F\n|-mega|p1a: Kangaskhan|Kangaskhan|Kangaskhanite\n|move|p2b: Farigiraf|Helping Hand|p2a: Rotom\n|-singleturn|p2a: Rotom|Helping Hand|[of] p2b: Farigiraf\n|move|p2a: Rotom|Hydro Pump|p1b: Archaludon\n|-resisted|p1b: Archaludon|1\n|-damage|p1b: Archaludon|36/100\n|move|p1b: Archaludon|Dragon Pulse|p2a: Rotom\n|-damage|p2a: Rotom|13/100\n|move|p1a: Kangaskhan|Double-Edge|p2a: Rotom\n|-damage|p2a: Rotom|0 fnt\n|faint|p2a: Rotom\n|-hitcount|p2: Rotom|1\n|-damage|p1a: Kangaskhan|42/100|[from] Recoil\n|\n|-heal|p1b: Archaludon|42/100|[from] item: Leftovers\n|-fieldend|move: Trick Room\n|upkeep\n|\n|t:|1776284878\n|switch|p2a: Sneasler|Sneasler, L50, F|100/100\n|turn|6\n|inactive|bryangm02 has 30 seconds left.\n|\n|t:|1776284913\n|move|p1b: Archaludon|Protect|p1b: Archaludon\n|-singleturn|p1b: Archaludon|Protect\n|move|p2b: Farigiraf|Ally Switch|p2b: Farigiraf\n|swap|p2b: Farigiraf|0|[from] move: Ally Switch\n|move|p2b: Sneasler|Close Combat|p1b: Archaludon\n|-activate|p1b: Archaludon|move: Protect\n|move|p1a: Kangaskhan|Double-Edge|p2a: Farigiraf\n|-damage|p2a: Farigiraf|12/100\n|-crit|p2a: Farigiraf\n|-damage|p2a: Farigiraf|0 fnt\n|faint|p2a: Farigiraf\n|-hitcount|p2: Farigiraf|2\n|-damage|p1a: Kangaskhan|15/100|[from] Recoil\n|\n|-heal|p1b: Archaludon|48/100|[from] item: Leftovers\n|upkeep\n|\n|t:|1776284924\n|switch|p2a: Charizard|Charizard, L50, M|100/100\n|turn|7\n|inactive|gengar0718 has 30 seconds left.\n|\n|t:|1776284950\n|detailschange|p2a: Charizard|Charizard-Mega-Y, L50, M\n|-mega|p2a: Charizard|Charizard|Charizardite Y\n|-weather|SunnyDay|[from] ability: Drought|[of] p2a: Charizard\n|move|p1a: Kangaskhan|Sucker Punch|p2a: Charizard\n|-damage|p2a: Charizard|71/100\n|-damage|p2a: Charizard|64/100\n|-hitcount|p2a: Charizard|2\n|move|p2b: Sneasler|Close Combat|p1b: Archaludon\n|-supereffective|p1b: Archaludon|1\n|-crit|p1b: Archaludon\n|-damage|p1b: Archaludon|0 fnt\n|-unboost|p2b: Sneasler|def|1\n|-unboost|p2b: Sneasler|spd|1\n|faint|p1b: Archaludon\n|move|p2a: Charizard|Heat Wave|p1a: Kangaskhan|[miss]\n|-miss|p2a: Charizard|p1a: Kangaskhan\n|\n|-weather|SunnyDay|[upkeep]\n|upkeep\n|\n|t:|1776284965\n|switch|p1b: Aerodactyl|Aerodactyl, L50, M|100/100\n|-ability|p1b: Aerodactyl|Unnerve\n|turn|8\n|inactive|bryangm02 has 30 seconds left.\n|\n|t:|1776284995\n|move|p1a: Kangaskhan|Sucker Punch|p2b: Sneasler\n|-resisted|p2b: Sneasler|1\n|-damage|p2b: Sneasler|72/100\n|-resisted|p2b: Sneasler|1\n|-damage|p2b: Sneasler|64/100\n|-hitcount|p2b: Sneasler|2\n|move|p1b: Aerodactyl|Rock Slide|p2b: Sneasler|[spread] p2a,p2b\n|-supereffective|p2a: Charizard|2\n|-resisted|p2b: Sneasler|1\n|-damage|p2a: Charizard|0 fnt\n|-damage|p2b: Sneasler|33/100\n|faint|p2a: Charizard\n|move|p2b: Sneasler|Close Combat|p1a: Kangaskhan\n|-supereffective|p1a: Kangaskhan|1\n|-damage|p1a: Kangaskhan|0 fnt\n|-unboost|p2b: Sneasler|def|1\n|-unboost|p2b: Sneasler|spd|1\n|faint|p1a: Kangaskhan\n|\n|-weather|SunnyDay|[upkeep]\n|upkeep\n|turn|9\n|\n|t:|1776285009\n|move|p1b: Aerodactyl|Dual Wingbeat|p2b: Sneasler|[miss]\n|-miss|p1b: Aerodactyl|p2b: Sneasler\n|move|p2b: Sneasler|Close Combat|p1b: Aerodactyl\n|-enditem|p1b: Aerodactyl|Focus Sash\n|-damage|p1b: Aerodactyl|1/100\n|-unboost|p2b: Sneasler|def|1\n|-unboost|p2b: Sneasler|spd|1\n|\n|-weather|SunnyDay|[upkeep]\n|upkeep\n|turn|10\n|\n|t:|1776285025\n|move|p1b: Aerodactyl|Dual Wingbeat|p2b: Sneasler\n|-supereffective|p2b: Sneasler|1\n|-damage|p2b: Sneasler|0 fnt\n|faint|p2b: Sneasler\n|-hitcount|p2: Sneasler|1\n|\n|win|bryangm02\n|raw|bryangm02's rating: 1164 &rarr; <strong>1193</strong><br />(+29 for winning)\n|raw|gengar0718's rating: 1220 &rarr; <strong>1191</strong><br />(-29 for losing)\n",
  "uploadtime": 1776285027,
  "views": 32,
  "formatid": "gen9championsvgc2026regma",
  "rating": 1191,
  "private": 0,
  "password": null
}