{
  "id": "gen9championsvgc2026regma-2582430524",
  "format": "[Gen 9 Champions] VGC 2026 Reg M-A",
  "players": [
    "theilldigi",
    "phwx"
  ],
  "log": "|j|\u2606theilldigi\n|j|\u2606phwx\n|t:|1776091199\n|gametype|doubles\n|player|p1|theilldigi|101|1158\n|player|p2|phwx|blackbelt-gen4dp|1154\n|gen|9\n|tier|[Gen 9 Champions] VGC 2026 Reg M-A\n|rated|\n|rule|Species Clause: Limit one of each Pok\u00e9mon\n|rule|Item Clause: Limit 1 of each item\n|clearpoke\n|poke|p1|Lopunny, L50, M|\n|poke|p1|Incineroar, L50, F|\n|poke|p1|Primarina, L50, M|\n|poke|p1|Sneasler, L50, M|\n|poke|p1|Typhlosion-Hisui, L50, F|\n|poke|p1|Tsareena, L50, F|\n|poke|p2|Meganium, L50, M|\n|poke|p2|Floette-Eternal, L50, F|\n|poke|p2|Pelipper, L50, M|\n|poke|p2|Sinistcha, L50|\n|poke|p2|Incineroar, L50, M|\n|poke|p2|Archaludon, L50, M|\n|teampreview|4\n|\n|t:|1776091244\n|teamsize|p1|4\n|teamsize|p2|4\n|start\n|switch|p1a: Tsareena|Tsareena, L50, F, shiny|100/100\n|switch|p1b: Lopunny|Lopunny, L50, M, shiny|100/100\n|switch|p2a: Pelipper|Pelipper, L50, M|100/100\n|switch|p2b: Archaludon|Archaludon, L50, M|100/100\n|-weather|RainDance|[from] ability: Drizzle|[of] p2a: Pelipper\n|turn|1\n|\n|t:|1776091279\n|detailschange|p1b: Lopunny|Lopunny-Mega, L50, M, shiny\n|-mega|p1b: Lopunny|Lopunny|Lopunnite\n|move|p1b: Lopunny|Close Combat|p2b: Archaludon\n|-supereffective|p2b: Archaludon|1\n|-damage|p2b: Archaludon|0 fnt\n|-unboost|p1b: Lopunny|def|1\n|-unboost|p1b: Lopunny|spd|1\n|faint|p2b: Archaludon\n|move|p1a: Tsareena|Sunny Day|p1a: Tsareena\n|-weather|SunnyDay\n|move|p2a: Pelipper|Tailwind|p2a: Pelipper\n|-sidestart|p2: phwx|move: Tailwind\n|\n|-weather|SunnyDay|[upkeep]\n|upkeep\n|\n|t:|1776091291\n|switch|p2b: Floette|Floette-Eternal, L50, F|100/100\n|turn|2\n|\n|t:|1776091311\n|detailschange|p2b: Floette|Floette-Mega, L50, F\n|-mega|p2b: Floette|Floette|Floettite\n|-ability|p2b: Floette|Fairy Aura\n|move|p1b: Lopunny|Protect|p1b: Lopunny\n|-singleturn|p1b: Lopunny|Protect\n|move|p2b: Floette|Dazzling Gleam|p1b: Lopunny|[spread] p1a\n|-activate|p1b: Lopunny|move: Protect\n|-damage|p1a: Tsareena|52/100\n|move|p2a: Pelipper|U-turn|p1a: Tsareena\n|-supereffective|p1a: Tsareena|1\n|-damage|p1a: Tsareena|35/100\n|-enditem|p1a: Tsareena|Sitrus Berry|[eat]\n|-heal|p1a: Tsareena|60/100|[from] item: Sitrus Berry\n|\n|t:|1776091323\n|switch|p2a: Sinistcha|Sinistcha, L50|100/100|[from] U-turn\n|move|p1a: Tsareena|Trop Kick|p2b: Floette\n|-damage|p2b: Floette|56/100\n|-unboost|p2b: Floette|atk|1\n|\n|-weather|SunnyDay|[upkeep]\n|upkeep\n|turn|3\n|\n|t:|1776091344\n|switch|p1b: Typhlosion|Typhlosion-Hisui, L50, F|100/100\n|-item|p2a: Sinistcha|Mental Herb|[from] ability: Frisk|[of] p1b: Typhlosion\n|-item|p2b: Floette|Floettite|[from] ability: Frisk|[of] p1b: Typhlosion\n|move|p1a: Tsareena|Protect|p1a: Tsareena\n|-singleturn|p1a: Tsareena|Protect\n|move|p2a: Sinistcha|Rage Powder|p2a: Sinistcha\n|-singleturn|p2a: Sinistcha|move: Rage Powder\n|move|p2b: Floette|Calm Mind|p2b: Floette\n|-boost|p2b: Floette|spa|1\n|-boost|p2b: Floette|spd|1\n|\n|-weather|SunnyDay|[upkeep]\n|upkeep\n|turn|4\n|\n|t:|1776091366\n|switch|p2a: Pelipper|Pelipper, L50, M|100/100\n|-weather|RainDance|[from] ability: Drizzle|[of] p2a: Pelipper\n|move|p2b: Floette|Dazzling Gleam|p1a: Tsareena|[spread] p1a,p1b\n|-resisted|p1b: Typhlosion|1\n|-damage|p1a: Tsareena|0 fnt\n|-damage|p1b: Typhlosion|48/100\n|faint|p1a: Tsareena\n|move|p1b: Typhlosion|Heat Wave|p2b: Floette|[spread] p2a,p2b\n|-resisted|p2a: Pelipper|1\n|-damage|p2a: Pelipper|88/100\n|-damage|p2b: Floette|47/100\n|\n|-weather|RainDance|[upkeep]\n|-sideend|p2: phwx|move: Tailwind\n|upkeep\n|\n|t:|1776091372\n|switch|p1a: Lopunny|Lopunny-Mega, L50, M, shiny|100/100\n|turn|5\n|\n|t:|1776091391\n|switch|p2a: Sinistcha|Sinistcha, L50|100/100\n|-heal|p2b: Floette|72/100|[from] ability: Hospitality|[of] p2a: Sinistcha\n|move|p1a: Lopunny|Fake Out|p2b: Floette\n|-damage|p2b: Floette|47/100\n|move|p1b: Typhlosion|Heat Wave|p2a: Sinistcha|[spread] p2a,p2b\n|-supereffective|p2a: Sinistcha|1\n|-damage|p2a: Sinistcha|66/100\n|-damage|p2b: Floette|39/100\n|cant|p2b: Floette|flinch\n|\n|-weather|RainDance|[upkeep]\n|upkeep\n|turn|6\n|\n|t:|1776091405\n|move|p2a: Sinistcha|Rage Powder|p2a: Sinistcha\n|-singleturn|p2a: Sinistcha|move: Rage Powder\n|move|p1b: Typhlosion|Heat Wave|p2a: Sinistcha|[spread] p2a,p2b\n|-supereffective|p2a: Sinistcha|1\n|-damage|p2a: Sinistcha|29/100\n|-damage|p2b: Floette|29/100\n|move|p1a: Lopunny|U-turn|p2a: Sinistcha\n|-damage|p2a: Sinistcha|8/100\n|\n|t:|1776091411\n|switch|p1a: Sneasler|Sneasler, L50, M|100/100|[from] U-turn\n|move|p2b: Floette|Dazzling Gleam|p1a: Sneasler|[spread] p1a,p1b\n|-resisted|p1b: Typhlosion|1\n|-damage|p1a: Sneasler|0 fnt\n|-damage|p1b: Typhlosion|0 fnt\n|faint|p1a: Sneasler\n|faint|p1b: Typhlosion\n|\n|-weather|RainDance|[upkeep]\n|upkeep\n|-message|theilldigi forfeited.\n|\n|win|phwx\n",
  "uploadtime": 1776091201,
  "views": 10,
  "formatid": "gen9championsvgc2026regma",
  "rating": null,
  "private": 0,
  "password": null
}