{
  "id": "gen9championsvgc2026regma-2586213516",
  "format": "[Gen 9 Champions] VGC 2026 Reg M-A",
  "players": [
    "gorpstink",
    "CEExy"
  ],
  "log": "|j|\u2606gorpstink\n|j|\u2606CEExy\n|t:|1776413166\n|gametype|doubles\n|player|p1|gorpstink|rika|1145\n|player|p2|CEExy|hilbert|1194\n|gen|9\n|tier|[Gen 9 Champions] VGC 2026 Reg M-A\n|rated|\n|rule|Species Clause: Limit one of each Pok\u00e9mon\n|rule|Item Clause: Limit 1 of each item\n|clearpoke\n|poke|p1|Kleavor, L50, F|\n|poke|p1|Abomasnow, L50, M|\n|poke|p1|Farigiraf, L50, M|\n|poke|p1|Basculegion, L50, M|\n|poke|p1|Incineroar, L50, M|\n|poke|p1|Sneasler, L50, M|\n|poke|p2|Manectric, L50, F|\n|poke|p2|Aerodactyl, L50, M|\n|poke|p2|Incineroar, L50, M|\n|poke|p2|Pelipper, L50, M|\n|poke|p2|Basculegion, L50, M|\n|poke|p2|Archaludon, L50, M|\n|teampreview|4\n|inactive|Battle timer is ON: inactive players will automatically lose when time's up. (requested by CEExy)\n|\n|t:|1776413223\n|teamsize|p1|4\n|teamsize|p2|4\n|start\n|switch|p1a: Kleavor|Kleavor, L50, F|100/100\n|switch|p1b: Abomasnow|Abomasnow, L50, M|100/100\n|switch|p2a: Incineroar|Incineroar, L50, M|100/100\n|switch|p2b: Basculegion|Basculegion, L50, M|100/100\n|-ability|p2a: Incineroar|Intimidate|boost\n|-unboost|p1a: Kleavor|atk|1\n|-unboost|p1b: Abomasnow|atk|1\n|-weather|Snowscape|[from] ability: Snow Warning|[of] p1b: Abomasnow\n|turn|1\n|\n|t:|1776413246\n|switch|p1b: Farigiraf|Farigiraf, L50, M|100/100\n|move|p2a: Incineroar|Fake Out||[still]\n|cant|p1b: Farigiraf|ability: Armor Tail|Fake Out|[of] p2a: Incineroar\n|move|p1a: Kleavor|Stone Axe|p2a: Incineroar\n|-supereffective|p2a: Incineroar|1\n|-damage|p2a: Incineroar|37/100\n|-sidestart|p2: CEExy|move: Stealth Rock\n|-enditem|p2a: Incineroar|Sitrus Berry|[eat]\n|-heal|p2a: Incineroar|62/100|[from] item: Sitrus Berry\n|move|p2b: Basculegion|Wave Crash|p1a: Kleavor\n|-supereffective|p1a: Kleavor|1\n|-damage|p1a: Kleavor|0 fnt\n|faint|p1a: Kleavor\n|-damage|p2b: Basculegion|77/100|[from] Recoil\n|\n|-weather|Snowscape|[upkeep]\n|upkeep\n|inactive|gorpstink has 30 seconds left.\n|inactive|gorpstink has 20 seconds left.\n|inactive|gorpstink has 15 seconds left.\n|inactive|gorpstink has 10 seconds left.\n|inactive|gorpstink has 5 seconds left.\n|\n|t:|1776413296\n|switch|p1a: Sneasler|Sneasler, L50, M|100/100\n|turn|2\n|inactive|gorpstink has 30 seconds left.\n|\n|t:|1776413331\n|switch|p2a: Pelipper|Pelipper, L50, M|100/100\n|-damage|p2a: Pelipper|76/100|[from] Stealth Rock\n|-weather|RainDance|[from] ability: Drizzle|[of] p2a: Pelipper\n|move|p2b: Basculegion|Wave Crash|p1a: Sneasler\n|-enditem|p1a: Sneasler|Focus Sash\n|-damage|p1a: Sneasler|1/100\n|-damage|p2b: Basculegion|51/100|[from] Recoil\n|move|p1a: Sneasler|Close Combat|p2a: Pelipper\n|-resisted|p2a: Pelipper|1\n|-damage|p2a: Pelipper|38/100\n|-unboost|p1a: Sneasler|def|1\n|-unboost|p1a: Sneasler|spd|1\n|-status|p2a: Pelipper|psn|[from] ability: Poison Touch|[of] p1a: Sneasler\n|move|p1b: Farigiraf|Trick Room|p1b: Farigiraf\n|-fieldstart|move: Trick Room|[of] p1b: Farigiraf\n|\n|-weather|RainDance|[upkeep]\n|-damage|p2a: Pelipper|26/100 psn|[from] psn\n|upkeep\n|turn|3\n|inactive|gorpstink has 30 seconds left.\n|inactive|CEExy has 30 seconds left.\n|inactive|CEExy has 20 seconds left.\n|inactive|CEExy has 15 seconds left.\n|\n|t:|1776413374\n|switch|p1a: Abomasnow|Abomasnow, L50, M|100/100\n|-weather|Snowscape|[from] ability: Snow Warning|[of] p1a: Abomasnow\n|move|p2a: Pelipper|Protect|p2a: Pelipper\n|-singleturn|p2a: Pelipper|Protect\n|move|p1b: Farigiraf|Hyper Voice|p2b: Basculegion|[spread] \n|-activate|p2a: Pelipper|move: Protect\n|-immune|p2b: Basculegion\n|move|p2b: Basculegion|Wave Crash|p1b: Farigiraf\n|-crit|p1b: Farigiraf\n|-damage|p1b: Farigiraf|0 fnt\n|faint|p1b: Farigiraf\n|-damage|p2b: Basculegion|14/100|[from] Recoil\n|\n|-weather|Snowscape|[upkeep]\n|-damage|p2a: Pelipper|14/100 psn|[from] psn\n|upkeep\n|\n|t:|1776413390\n|switch|p1b: Sneasler|Sneasler, L50, M|1/100\n|turn|4\n|inactive|gorpstink has 30 seconds left.\n|inactive|CEExy has 30 seconds left.\n|\n|t:|1776413422\n|detailschange|p1a: Abomasnow|Abomasnow-Mega, L50, M\n|-mega|p1a: Abomasnow|Abomasnow|Abomasite\n|move|p2a: Pelipper|Wide Guard|p2a: Pelipper\n|-singleturn|p2a: Pelipper|Wide Guard\n|move|p1b: Sneasler|Fake Out|p2a: Pelipper\n|-damage|p2a: Pelipper|0 fnt\n|faint|p2a: Pelipper\n|move|p1a: Abomasnow|Aurora Veil|p1a: Abomasnow\n|-sidestart|p1: gorpstink|move: Aurora Veil\n|move|p2b: Basculegion|Last Respects|p1b: Sneasler\n|-damage|p1b: Sneasler|0 fnt\n|faint|p1b: Sneasler\n|\n|-weather|Snowscape|[upkeep]\n|upkeep\n|\n|t:|1776413440\n|switch|p2a: Manectric|Manectric, L50, F|100/100\n|-damage|p2a: Manectric|88/100|[from] Stealth Rock\n|turn|5\n|\n|t:|1776413447\n|detailschange|p2a: Manectric|Manectric-Mega, L50, F\n|-mega|p2a: Manectric|Manectric|Manectite\n|-ability|p2a: Manectric|Intimidate|boost\n|-unboost|p1a: Abomasnow|atk|1\n|move|p2b: Basculegion|Protect|p2b: Basculegion\n|-singleturn|p2b: Basculegion|Protect\n|move|p2a: Manectric|Protect|p2a: Manectric\n|-singleturn|p2a: Manectric|Protect\n|move|p1a: Abomasnow|Blizzard|p2b: Basculegion|[spread] \n|-activate|p2a: Manectric|move: Protect\n|-activate|p2b: Basculegion|move: Protect\n|\n|-weather|Snowscape|[upkeep]\n|upkeep\n|turn|6\n|\n|t:|1776413460\n|move|p2b: Basculegion|Aqua Jet|p1a: Abomasnow\n|-resisted|p1a: Abomasnow|1\n|-damage|p1a: Abomasnow|96/100\n|move|p1a: Abomasnow|Blizzard|p2b: Basculegion|[spread] p2a,p2b\n|-resisted|p2b: Basculegion|1\n|-damage|p2a: Manectric|31/100\n|-damage|p2b: Basculegion|0 fnt\n|faint|p2b: Basculegion\n|move|p2a: Manectric|Snarl|p1a: Abomasnow\n|-damage|p1a: Abomasnow|84/100\n|-unboost|p1a: Abomasnow|spa|1\n|\n|-weather|Snowscape|[upkeep]\n|-fieldend|move: Trick Room\n|upkeep\n|\n|t:|1776413467\n|switch|p2b: Incineroar|Incineroar, L50, M|62/100\n|-damage|p2b: Incineroar|37/100|[from] Stealth Rock\n|-ability|p2b: Incineroar|Intimidate|boost\n|-unboost|p1a: Abomasnow|atk|1\n|turn|7\n|\n|t:|1776413474\n|move|p1a: Abomasnow|Protect|p1a: Abomasnow\n|-singleturn|p1a: Abomasnow|Protect\n|move|p2a: Manectric|Snarl|p1a: Abomasnow\n|-activate|p1a: Abomasnow|move: Protect\n|move|p2b: Incineroar|Flare Blitz|p1a: Abomasnow\n|-activate|p1a: Abomasnow|move: Protect\n|\n|-weather|none\n|upkeep\n|turn|8\n|\n|t:|1776413485\n|move|p2a: Manectric|Snarl|p1a: Abomasnow\n|-damage|p1a: Abomasnow|73/100\n|-unboost|p1a: Abomasnow|spa|1\n|move|p2b: Incineroar|Flare Blitz|p1a: Abomasnow\n|-supereffective|p1a: Abomasnow|2\n|-damage|p1a: Abomasnow|0 fnt\n|faint|p1a: Abomasnow\n|-damage|p2b: Incineroar|13/100|[from] Recoil\n|\n|win|CEExy\n|raw|gorpstink's rating: 1145 &rarr; <strong>1124</strong><br />(-21 for losing)\n|raw|CEExy's rating: 1194 &rarr; <strong>1215</strong><br />(+21 for winning)\n",
  "uploadtime": 1776413494,
  "views": 18,
  "formatid": "gen9championsvgc2026regma",
  "rating": 1124,
  "private": 0,
  "password": null
}