{
  "id": "gen9championsvgc2026regma-2582986170",
  "format": "[Gen 9 Champions] VGC 2026 Reg M-A",
  "players": [
    "jyotsha",
    "uberdu"
  ],
  "log": "|j|\u2606jyotsha\n|j|\u2606uberdu\n|t:|1776130924\n|gametype|doubles\n|player|p1|jyotsha|102|1182\n|player|p2|uberdu|blackbelt-gen4dp|1224\n|gen|9\n|tier|[Gen 9 Champions] VGC 2026 Reg M-A\n|rated|\n|rule|Species Clause: Limit one of each Pok\u00e9mon\n|rule|Item Clause: Limit 1 of each item\n|clearpoke\n|poke|p1|Floette-Eternal, L50, F|\n|poke|p1|Sinistcha, L50|\n|poke|p1|Sableye, L50, F|\n|poke|p1|Aegislash, L50, M|\n|poke|p1|Primarina, L50, F|\n|poke|p1|Incineroar, L50, F|\n|poke|p2|Lucario, L50, F|\n|poke|p2|Umbreon, L50, F|\n|poke|p2|Scovillain, L50, F|\n|poke|p2|Whimsicott, L50, F|\n|poke|p2|Aerodactyl, L50, F|\n|poke|p2|Basculegion, L50, M|\n|teampreview|4\n|\n|t:|1776130974\n|teamsize|p1|4\n|teamsize|p2|4\n|start\n|switch|p1a: Floette|Floette-Eternal, L50, F|100/100\n|switch|p1b: Sinistcha|Sinistcha, L50|100/100\n|switch|p2a: Lucario|Lucario, L50, F|100/100\n|switch|p2b: Whimsicott|Whimsicott, L50, F|100/100\n|turn|1\n|inactive|Battle timer is ON: inactive players will automatically lose when time's up. (requested by jyotsha)\n|\n|t:|1776130996\n|detailschange|p2a: Lucario|Lucario-Mega, L50, F\n|-mega|p2a: Lucario|Lucario|Lucarionite\n|detailschange|p1a: Floette|Floette-Mega, L50, F\n|-mega|p1a: Floette|Floette|Floettite\n|-ability|p1a: Floette|Fairy Aura\n|move|p1b: Sinistcha|Rage Powder|p1b: Sinistcha\n|-singleturn|p1b: Sinistcha|move: Rage Powder\n|move|p2b: Whimsicott|Light Screen|p2b: Whimsicott\n|-sidestart|p2: uberdu|move: Light Screen\n|move|p2a: Lucario|Nasty Plot|p2a: Lucario\n|-boost|p2a: Lucario|spa|2\n|move|p1a: Floette|Dazzling Gleam|p2b: Whimsicott|[spread] p2a,p2b\n|-damage|p2a: Lucario|56/100\n|-damage|p2b: Whimsicott|63/100\n|\n|upkeep\n|turn|2\n|\n|t:|1776131019\n|move|p1b: Sinistcha|Rage Powder|p1b: Sinistcha\n|-singleturn|p1b: Sinistcha|move: Rage Powder\n|move|p2a: Lucario|Flash Cannon|p1b: Sinistcha\n|-damage|p1b: Sinistcha|0 fnt\n|faint|p1b: Sinistcha\n|move|p2b: Whimsicott|Moonblast|p1a: Floette\n|-damage|p1a: Floette|77/100\n|move|p1a: Floette|Moonblast|p2a: Lucario\n|-damage|p2a: Lucario|0 fnt\n|faint|p2a: Lucario\n|\n|upkeep\n|\n|t:|1776131034\n|switch|p2a: Basculegion|Basculegion, L50, M|100/100\n|switch|p1b: Sableye|Sableye, L50, F|100/100\n|turn|3\n|\n|t:|1776131058\n|switch|p1a: Primarina|Primarina, L50, F|100/100\n|move|p1b: Sableye|Will-O-Wisp|p2a: Basculegion\n|-status|p2a: Basculegion|brn\n|move|p2a: Basculegion|Wave Crash|p1a: Primarina\n|-resisted|p1a: Primarina|1\n|-damage|p1a: Primarina|83/100\n|-damage|p2a: Basculegion|95/100 brn|[from] Recoil\n|move|p2b: Whimsicott|Moonblast|p1b: Sableye\n|-supereffective|p1b: Sableye|1\n|-damage|p1b: Sableye|38/100\n|\n|-heal|p1a: Primarina|89/100|[from] item: Leftovers\n|-damage|p2a: Basculegion|89/100 brn|[from] brn\n|upkeep\n|turn|4\n|inactive|jyotsha has 30 seconds left.\n|inactive|jyotsha has 20 seconds left.\n|\n|t:|1776131093\n|switch|p2a: Umbreon|Umbreon, L50, F, shiny|100/100\n|move|p1b: Sableye|Encore|p2b: Whimsicott\n|-start|p2b: Whimsicott|Encore\n|move|p2b: Whimsicott|Moonblast|p1a: Primarina\n|-damage|p1a: Primarina|66/100\n|-unboost|p1a: Primarina|spa|1\n|move|p1a: Primarina|Calm Mind|p1a: Primarina\n|-boost|p1a: Primarina|spa|1\n|-boost|p1a: Primarina|spd|1\n|\n|-heal|p1a: Primarina|72/100|[from] item: Leftovers\n|upkeep\n|turn|5\n|inactive|jyotsha has 30 seconds left.\n|\n|t:|1776131125\n|move|p1b: Sableye|Will-O-Wisp|p2a: Umbreon\n|-hint|Since gen 7, Dark is immune to Prankster moves.\n|-immune|p2a: Umbreon\n|move|p2b: Whimsicott|Moonblast|p1b: Sableye\n|-supereffective|p1b: Sableye|1\n|-damage|p1b: Sableye|0 fnt\n|faint|p1b: Sableye\n|move|p2a: Umbreon|Snarl|p1a: Primarina\n|-resisted|p1a: Primarina|1\n|-damage|p1a: Primarina|68/100\n|-unboost|p1a: Primarina|spa|1\n|move|p1a: Primarina|Moonblast|p2a: Umbreon\n|-supereffective|p2a: Umbreon|1\n|-damage|p2a: Umbreon|79/100\n|\n|-heal|p2a: Umbreon|85/100|[from] item: Leftovers\n|-heal|p1a: Primarina|74/100|[from] item: Leftovers\n|-sideend|p2: uberdu|move: Light Screen\n|upkeep\n|\n|t:|1776131138\n|switch|p1b: Floette|Floette-Mega, L50, F|77/100\n|-ability|p1b: Floette|Fairy Aura\n|turn|6\n|inactive|uberdu has 30 seconds left.\n|\n|t:|1776131170\n|move|p2b: Whimsicott|Moonblast|p1b: Floette\n|-damage|p1b: Floette|55/100\n|move|p1b: Floette|Moonblast|p2a: Umbreon\n|-supereffective|p2a: Umbreon|1\n|-damage|p2a: Umbreon|15/100\n|-unboost|p2a: Umbreon|spa|1\n|move|p2a: Umbreon|Snarl|p1b: Floette|[spread] p1a,p1b\n|-resisted|p1a: Primarina|1\n|-resisted|p1b: Floette|1\n|-damage|p1a: Primarina|72/100\n|-damage|p1b: Floette|53/100\n|-unboost|p1a: Primarina|spa|1\n|-unboost|p1b: Floette|spa|1\n|move|p1a: Primarina|Moonblast|p2a: Umbreon\n|-supereffective|p2a: Umbreon|1\n|-damage|p2a: Umbreon|0 fnt\n|faint|p2a: Umbreon\n|\n|-heal|p1a: Primarina|78/100|[from] item: Leftovers\n|-end|p2b: Whimsicott|Encore\n|upkeep\n|\n|t:|1776131177\n|switch|p2a: Basculegion|Basculegion, L50, M|89/100 brn\n|turn|7\n|\n|t:|1776131190\n|move|p2b: Whimsicott|Light Screen|p2b: Whimsicott\n|-sidestart|p2: uberdu|move: Light Screen\n|move|p2a: Basculegion|Last Respects|p1b: Floette\n|-damage|p1b: Floette|15/100\n|move|p1b: Floette|Rest|p1b: Floette\n|-status|p1b: Floette|slp|[from] move: Rest\n|-heal|p1b: Floette|100/100 slp|[silent]\n|move|p1a: Primarina|Moonblast|p2b: Whimsicott\n|-damage|p2b: Whimsicott|38/100\n|\n|-heal|p1a: Primarina|84/100|[from] item: Leftovers\n|-damage|p2a: Basculegion|83/100 brn|[from] brn\n|upkeep\n|turn|8\n|\n|t:|1776131208\n|move|p2a: Basculegion|Last Respects|p1b: Floette\n|-damage|p1b: Floette|63/100 slp\n|move|p2b: Whimsicott|Moonblast|p1b: Floette\n|-crit|p1b: Floette\n|-damage|p1b: Floette|25/100 slp\n|cant|p1b: Floette|slp\n|move|p1b: Floette|Sleep Talk|p1b: Floette\n|move|p1b: Floette|Moonblast|p2b: Whimsicott|[from] move: Sleep Talk\n|-damage|p2b: Whimsicott|0 fnt\n|faint|p2b: Whimsicott\n|move|p1a: Primarina|Moonblast|p2a: Basculegion\n|-damage|p2a: Basculegion|59/100 brn\n|\n|-heal|p1a: Primarina|90/100|[from] item: Leftovers\n|-damage|p2a: Basculegion|53/100 brn|[from] brn\n|upkeep\n|turn|9\n|inactive|jyotsha has 30 seconds left.\n|\n|t:|1776131236\n|move|p2a: Basculegion|Last Respects|p1b: Floette\n|-damage|p1b: Floette|0 fnt\n|faint|p1b: Floette\n|move|p1a: Primarina|Calm Mind|p1a: Primarina\n|-boost|p1a: Primarina|spa|1\n|-boost|p1a: Primarina|spd|1\n|\n|-heal|p1a: Primarina|96/100|[from] item: Leftovers\n|-damage|p2a: Basculegion|47/100 brn|[from] brn\n|upkeep\n|turn|10\n|\n|t:|1776131243\n|move|p1a: Primarina|Protect|p1a: Primarina\n|-singleturn|p1a: Primarina|Protect\n|move|p2a: Basculegion|Last Respects|p1a: Primarina\n|-activate|p1a: Primarina|move: Protect\n|\n|-heal|p1a: Primarina|100/100|[from] item: Leftovers\n|-damage|p2a: Basculegion|40/100 brn|[from] brn\n|upkeep\n|turn|11\n|\n|t:|1776131253\n|move|p2a: Basculegion|Last Respects|p1a: Primarina\n|-damage|p1a: Primarina|45/100\n|move|p1a: Primarina|Moonblast|p2a: Basculegion\n|-damage|p2a: Basculegion|19/100 brn\n|\n|-heal|p1a: Primarina|51/100|[from] item: Leftovers\n|-damage|p2a: Basculegion|13/100 brn|[from] brn\n|-sideend|p2: uberdu|move: Light Screen\n|upkeep\n|turn|12\n|\n|t:|1776131262\n|move|p1a: Primarina|Protect|p1a: Primarina\n|-singleturn|p1a: Primarina|Protect\n|move|p2a: Basculegion|Last Respects|p1a: Primarina\n|-activate|p1a: Primarina|move: Protect\n|\n|-heal|p1a: Primarina|57/100|[from] item: Leftovers\n|-damage|p2a: Basculegion|7/100 brn|[from] brn\n|upkeep\n|turn|13\n|\n|t:|1776131270\n|move|p2a: Basculegion|Last Respects|p1a: Primarina\n|-damage|p1a: Primarina|0 fnt\n|faint|p1a: Primarina\n|\n|win|uberdu\n|raw|jyotsha's rating: 1182 &rarr; <strong>1160</strong><br />(-22 for losing)\n|raw|uberdu's rating: 1224 &rarr; <strong>1246</strong><br />(+22 for winning)\n",
  "uploadtime": 1776131271,
  "views": 15,
  "formatid": "gen9championsvgc2026regma",
  "rating": 1160,
  "private": 0,
  "password": null
}