{
  "id": "gen9championsvgc2026regma-2580403830",
  "format": "[Gen 9 Champions] VGC 2026 Reg M-A",
  "players": [
    "SmithLords",
    "Isidino"
  ],
  "log": "|j|\u2606SmithLords\n|j|\u2606Isidino\n|t:|1775891310\n|gametype|doubles\n|player|p1|SmithLords|102|1050\n|player|p2|Isidino|265|1000\n|gen|9\n|tier|[Gen 9 Champions] VGC 2026 Reg M-A\n|rated|\n|rule|Species Clause: Limit one of each Pok\u00e9mon\n|rule|Item Clause: Limit 1 of each item\n|clearpoke\n|poke|p1|Absol, L50, F|\n|poke|p1|Aerodactyl, L50, F|\n|poke|p1|Greninja-*, L50, F|\n|poke|p1|Rampardos, L50, F|\n|poke|p1|Archaludon, L50, M|\n|poke|p1|Aggron, L50, M|\n|poke|p2|Charizard, L50, M|\n|poke|p2|Whimsicott, L50, F|\n|poke|p2|Venusaur, L50, F|\n|poke|p2|Dragonite, L50, M|\n|poke|p2|Sneasler, L50, M|\n|poke|p2|Torkoal, L50, F|\n|teampreview|4\n|inactive|Battle timer is ON: inactive players will automatically lose when time's up. (requested by Isidino)\n|inactive|Isidino has 60 seconds left.\n|\n|t:|1775891356\n|teamsize|p1|4\n|teamsize|p2|4\n|start\n|switch|p1a: Absol|Absol, L50, F|100/100\n|switch|p1b: Aerodactyl|Aerodactyl, L50, F|100/100\n|switch|p2a: Charizard|Charizard, L50, M, shiny|100/100\n|switch|p2b: Venusaur|Venusaur, L50, F|100/100\n|-ability|p1b: Aerodactyl|Unnerve\n|turn|1\n|\n|t:|1775891375\n|detailschange|p1b: Aerodactyl|Aerodactyl-Mega, L50, F\n|-mega|p1b: Aerodactyl|Aerodactyl|Aerodactylite\n|detailschange|p2a: Charizard|Charizard-Mega-Y, L50, M, shiny\n|-mega|p2a: Charizard|Charizard|Charizardite Y\n|-weather|SunnyDay|[from] ability: Drought|[of] p2a: Charizard\n|move|p2a: Charizard|Protect|p2a: Charizard\n|-singleturn|p2a: Charizard|Protect\n|move|p2b: Venusaur|Leaf Storm|p1b: Aerodactyl|[miss]\n|-miss|p2b: Venusaur|p1b: Aerodactyl\n|move|p1b: Aerodactyl|Rock Slide|p2a: Charizard|[spread] p2b\n|-activate|p2a: Charizard|move: Protect\n|-damage|p2b: Venusaur|62/100\n|move|p1a: Absol|Rock Slide|p2a: Charizard|[spread] p2b\n|-activate|p2a: Charizard|move: Protect\n|-damage|p2b: Venusaur|37/100\n|\n|-weather|SunnyDay|[upkeep]\n|upkeep\n|turn|2\n|c|\u2606Isidino|Obv\n|\n|t:|1775891395\n|switch|p2a: Sneasler|Sneasler, L50, M|100/100\n|move|p2b: Venusaur|Leaf Storm|p1b: Aerodactyl\n|-damage|p1b: Aerodactyl|25/100\n|-unboost|p2b: Venusaur|spa|2\n|move|p1b: Aerodactyl|Rock Slide|p2a: Sneasler|[spread] p2a,p2b\n|-resisted|p2a: Sneasler|1\n|-damage|p2a: Sneasler|75/100\n|-damage|p2b: Venusaur|0 fnt\n|faint|p2b: Venusaur\n|move|p1a: Absol|Rock Slide|p2a: Sneasler|[miss]\n|-miss|p1a: Absol|p2a: Sneasler\n|\n|-weather|SunnyDay|[upkeep]\n|upkeep\n|\n|t:|1775891402\n|switch|p2b: Charizard|Charizard-Mega-Y, L50, M, shiny|100/100\n|turn|3\n|\n|t:|1775891410\n|move|p2a: Sneasler|Fake Out|p1b: Aerodactyl\n|-resisted|p1b: Aerodactyl|1\n|-damage|p1b: Aerodactyl|16/100\n|cant|p1b: Aerodactyl|flinch\n|move|p2b: Charizard|Heat Wave|p1a: Absol|[spread] p1a,p1b\n|-resisted|p1b: Aerodactyl|1\n|-damage|p1a: Absol|0 fnt\n|-damage|p1b: Aerodactyl|0 fnt\n|faint|p1a: Absol\n|faint|p1b: Aerodactyl\n|\n|-weather|SunnyDay|[upkeep]\n|upkeep\n|\n|t:|1775891420\n|switch|p1b: Rampardos|Rampardos, L50, F|100/100\n|switch|p1a: Greninja|Greninja, L50, F|100/100\n|-ability|p1b: Rampardos|Mold Breaker\n|turn|4\n|\n|t:|1775891432\n|move|p1a: Greninja|Rock Slide|p2b: Charizard|[spread] p2a,p2b\n|-start|p1a: Greninja|typechange|Rock|[from] ability: Protean\n|-resisted|p2a: Sneasler|1\n|-supereffective|p2b: Charizard|2\n|-damage|p2a: Sneasler|52/100\n|-damage|p2b: Charizard|0 fnt\n|faint|p2b: Charizard\n|move|p2a: Sneasler|Close Combat|p1b: Rampardos\n|-supereffective|p1b: Rampardos|1\n|-crit|p1b: Rampardos\n|-damage|p1b: Rampardos|0 fnt\n|-unboost|p2a: Sneasler|def|1\n|-unboost|p2a: Sneasler|spd|1\n|faint|p1b: Rampardos\n|-enditem|p2a: Sneasler|White Herb\n|-clearnegativeboost|p2a: Sneasler|[silent]\n|\n|-weather|SunnyDay|[upkeep]\n|upkeep\n|\n|t:|1775891442\n|switch|p2b: Dragonite|Dragonite, L50, M|100/100\n|turn|5\n|\n|t:|1775891451\n|move|p2a: Sneasler|Close Combat|p1a: Greninja\n|-supereffective|p1a: Greninja|1\n|-damage|p1a: Greninja|0 fnt\n|-unboost|p2a: Sneasler|def|1\n|-unboost|p2a: Sneasler|spd|1\n|faint|p1a: Greninja\n|\n|win|Isidino\n|raw|SmithLords's rating: 1050 &rarr; <strong>1030</strong><br />(-20 for losing)\n|raw|Isidino's rating: 1000 &rarr; <strong>1046</strong><br />(+46 for winning)\n",
  "uploadtime": 1775891454,
  "views": 15,
  "formatid": "gen9championsvgc2026regma",
  "rating": 1030,
  "private": 0,
  "password": null
}