{
  "id": "gen9championsvgc2026regma-2581087904",
  "format": "[Gen 9 Champions] VGC 2026 Reg M-A",
  "players": [
    "rexherox",
    "Bahzor"
  ],
  "log": "|j|\u2606rexherox\n|j|\u2606Bahzor\n|t:|1775958682\n|gametype|doubles\n|player|p1|rexherox|2|1087\n|player|p2|Bahzor|bruno|1132\n|gen|9\n|tier|[Gen 9 Champions] VGC 2026 Reg M-A\n|rated|\n|rule|Species Clause: Limit one of each Pok\u00e9mon\n|rule|Item Clause: Limit 1 of each item\n|clearpoke\n|poke|p1|Tyranitar, L50, F|\n|poke|p1|Rotom-Wash, L50|\n|poke|p1|Garchomp, L50, M|\n|poke|p1|Aerodactyl, L50, M|\n|poke|p1|Sinistcha, L50|\n|poke|p1|Sneasler, L50, M|\n|poke|p2|Rotom-Wash, L50|\n|poke|p2|Incineroar, L50, M|\n|poke|p2|Sneasler, L50, F|\n|poke|p2|Charizard, L50, M|\n|poke|p2|Venusaur, L50, M|\n|poke|p2|Garchomp, L50, M|\n|teampreview|4\n|\n|t:|1775958758\n|teamsize|p1|4\n|teamsize|p2|4\n|start\n|switch|p1a: Aerodactyl|Aerodactyl, L50, M|100/100\n|switch|p1b: Sneasler|Sneasler, L50, M|100/100\n|switch|p2a: Rotom|Rotom-Wash, L50|100/100\n|switch|p2b: Venusaur|Venusaur, L50, M|100/100\n|-ability|p1a: Aerodactyl|Unnerve\n|turn|1\n|\n|t:|1775958780\n|detailschange|p2b: Venusaur|Venusaur-Mega, L50, M\n|-mega|p2b: Venusaur|Venusaur|Venusaurite\n|move|p1b: Sneasler|Fake Out|p2a: Rotom\n|-damage|p2a: Rotom|88/100\n|move|p1a: Aerodactyl|Dual Wingbeat|p2b: Venusaur\n|-supereffective|p2b: Venusaur|1\n|-damage|p2b: Venusaur|77/100\n|-supereffective|p2b: Venusaur|1\n|-damage|p2b: Venusaur|51/100\n|-hitcount|p2b: Venusaur|2\n|cant|p2a: Rotom|flinch\n|move|p2b: Venusaur|Giga Drain|p1a: Aerodactyl\n|-damage|p1a: Aerodactyl|52/100\n|-heal|p2b: Venusaur|72/100|[from] drain|[of] p1a: Aerodactyl\n|\n|-heal|p2a: Rotom|94/100|[from] item: Leftovers\n|upkeep\n|turn|2\n|\n|t:|1775958799\n|move|p1a: Aerodactyl|Dual Wingbeat|p2b: Venusaur\n|-supereffective|p2b: Venusaur|1\n|-damage|p2b: Venusaur|48/100\n|-supereffective|p2b: Venusaur|1\n|-damage|p2b: Venusaur|25/100\n|-hitcount|p2b: Venusaur|2\n|move|p1b: Sneasler|Dire Claw|p2b: Venusaur\n|-damage|p2b: Venusaur|0 fnt\n|faint|p2b: Venusaur\n|move|p2a: Rotom|Will-O-Wisp|p1b: Sneasler\n|-status|p1b: Sneasler|brn\n|\n|-heal|p2a: Rotom|99/100|[from] item: Leftovers\n|-damage|p1b: Sneasler|95/100 brn|[from] brn\n|upkeep\n|\n|t:|1775958817\n|switch|p2b: Garchomp|Garchomp, L50, M|100/100\n|turn|3\n|\n|t:|1775958833\n|move|p1a: Aerodactyl|Tailwind|p1a: Aerodactyl\n|-sidestart|p1: rexherox|move: Tailwind\n|move|p1b: Sneasler|Dire Claw|p2b: Garchomp\n|-resisted|p2b: Garchomp|1\n|-damage|p2b: Garchomp|89/100\n|-damage|p1b: Sneasler|83/100 brn|[from] ability: Rough Skin|[of] p2b: Garchomp\n|move|p2b: Garchomp|Rock Slide|p1b: Sneasler|[spread] p1a\n|-miss|p2b: Garchomp|p1b: Sneasler\n|-supereffective|p1a: Aerodactyl|1\n|-damage|p1a: Aerodactyl|0 fnt\n|faint|p1a: Aerodactyl\n|move|p2a: Rotom|Hydro Pump|p1b: Sneasler\n|-damage|p1b: Sneasler|25/100 brn\n|\n|-heal|p2a: Rotom|100/100|[from] item: Leftovers\n|-damage|p1b: Sneasler|19/100 brn|[from] brn\n|upkeep\n|\n|t:|1775958850\n|switch|p1a: Garchomp|Garchomp, L50, M|100/100\n|turn|4\n|\n|t:|1775958862\n|move|p1b: Sneasler|Dire Claw|p2a: Rotom\n|-damage|p2a: Rotom|81/100\n|move|p1a: Garchomp|Dragon Claw|p2b: Garchomp\n|-supereffective|p2b: Garchomp|1\n|-damage|p2b: Garchomp|10/100\n|-damage|p1a: Garchomp|88/100|[from] ability: Rough Skin|[of] p2b: Garchomp\n|-enditem|p2b: Garchomp|Sitrus Berry|[eat]\n|-heal|p2b: Garchomp|35/100|[from] item: Sitrus Berry\n|move|p2b: Garchomp|Earthquake|p1a: Garchomp|[spread] p1a,p1b\n|-immune|p2a: Rotom|[from] ability: Levitate\n|-supereffective|p1b: Sneasler|1\n|-damage|p1a: Garchomp|49/100\n|-damage|p1b: Sneasler|0 fnt\n|faint|p1b: Sneasler\n|move|p2a: Rotom|Will-O-Wisp|p1a: Garchomp|[miss]\n|-miss|p2a: Rotom|p1a: Garchomp\n|\n|-heal|p2a: Rotom|87/100|[from] item: Leftovers\n|upkeep\n|\n|t:|1775958880\n|switch|p1b: Tyranitar|Tyranitar, L50, F|100/100\n|-weather|Sandstorm|[from] ability: Sand Stream|[of] p1b: Tyranitar\n|turn|5\n|\n|t:|1775958913\n|detailschange|p1b: Tyranitar|Tyranitar-Mega, L50, F\n|-mega|p1b: Tyranitar|Tyranitar|Tyranitarite\n|move|p2b: Garchomp|Protect|p2b: Garchomp\n|-singleturn|p2b: Garchomp|Protect\n|move|p1a: Garchomp|Dragon Claw|p2b: Garchomp\n|-activate|p2b: Garchomp|move: Protect\n|move|p1b: Tyranitar|Rock Slide|p2b: Garchomp|[spread] p2a\n|-activate|p2b: Garchomp|move: Protect\n|-damage|p2a: Rotom|60/100\n|move|p2a: Rotom|Hydro Pump|p1b: Tyranitar\n|-supereffective|p1b: Tyranitar|1\n|-damage|p1b: Tyranitar|56/100\n|\n|-weather|Sandstorm|[upkeep]\n|-damage|p2a: Rotom|54/100|[from] Sandstorm\n|-heal|p2a: Rotom|60/100|[from] item: Leftovers\n|upkeep\n|turn|6\n|\n|t:|1775958947\n|move|p2a: Rotom|Protect|p2a: Rotom\n|-singleturn|p2a: Rotom|Protect\n|move|p1a: Garchomp|Dragon Claw|p2b: Garchomp\n|-supereffective|p2b: Garchomp|1\n|-damage|p2b: Garchomp|0 fnt\n|-damage|p1a: Garchomp|37/100|[from] ability: Rough Skin|[of] p2b: Garchomp\n|faint|p2b: Garchomp\n|move|p1b: Tyranitar|Knock Off|p2a: Rotom\n|-activate|p2a: Rotom|move: Protect\n|\n|-weather|Sandstorm|[upkeep]\n|-damage|p2a: Rotom|54/100|[from] Sandstorm\n|-heal|p2a: Rotom|60/100|[from] item: Leftovers\n|-sideend|p1: rexherox|move: Tailwind\n|upkeep\n|\n|t:|1775958960\n|switch|p2b: Sneasler|Sneasler, L50, F|100/100\n|turn|7\n|\n|t:|1775958965\n|move|p1a: Garchomp|Protect|p1a: Garchomp\n|-singleturn|p1a: Garchomp|Protect\n|move|p1b: Tyranitar|Protect|p1b: Tyranitar\n|-singleturn|p1b: Tyranitar|Protect\n|move|p2b: Sneasler|Close Combat|p1b: Tyranitar\n|-activate|p1b: Tyranitar|move: Protect\n|move|p2a: Rotom|Hydro Pump|p1a: Garchomp\n|-activate|p1a: Garchomp|move: Protect\n|\n|-weather|Sandstorm|[upkeep]\n|-damage|p2b: Sneasler|95/100|[from] Sandstorm\n|-damage|p2a: Rotom|54/100|[from] Sandstorm\n|-heal|p2a: Rotom|60/100|[from] item: Leftovers\n|upkeep\n|turn|8\n|\n|t:|1775958995\n|move|p1b: Tyranitar|Protect||[still]\n|-fail|p1b: Tyranitar\n|move|p2b: Sneasler|Close Combat|p1b: Tyranitar\n|-supereffective|p1b: Tyranitar|2\n|-damage|p1b: Tyranitar|0 fnt\n|-unboost|p2b: Sneasler|def|1\n|-unboost|p2b: Sneasler|spd|1\n|faint|p1b: Tyranitar\n|move|p1a: Garchomp|Earthquake|p2a: Rotom|[spread] p2b\n|-immune|p2a: Rotom|[from] ability: Levitate\n|-supereffective|p2b: Sneasler|1\n|-damage|p2b: Sneasler|0 fnt\n|faint|p2b: Sneasler\n|move|p2a: Rotom|Hydro Pump|p1a: Garchomp\n|-damage|p1a: Garchomp|0 fnt\n|faint|p1a: Garchomp\n|\n|win|Bahzor\n|raw|rexherox's rating: 1087 &rarr; <strong>1067</strong><br />(-20 for losing)\n|raw|Bahzor's rating: 1132 &rarr; <strong>1154</strong><br />(+22 for winning)\n",
  "uploadtime": 1775959010,
  "views": 12,
  "formatid": "gen9championsvgc2026regma",
  "rating": 1067,
  "private": 0,
  "password": null
}