{
  "id": "gen9championsvgc2026regma-2586953221",
  "format": "[Gen 9 Champions] VGC 2026 Reg M-A",
  "players": [
    "brazzers777",
    "thraevinn"
  ],
  "log": "|j|\u2606brazzers777\n|j|\u2606thraevinn\n|t:|1776475126\n|gametype|doubles\n|player|p1|brazzers777|2|1236\n|player|p2|thraevinn|170|1154\n|gen|9\n|tier|[Gen 9 Champions] VGC 2026 Reg M-A\n|rated|\n|rule|Species Clause: Limit one of each Pok\u00e9mon\n|rule|Item Clause: Limit 1 of each item\n|clearpoke\n|poke|p1|Vivillon-Fancy, L50, M|\n|poke|p1|Meganium, L50, M|\n|poke|p1|Tyranitar, L50, M|\n|poke|p1|Umbreon, L50, M|\n|poke|p1|Basculegion-F, L50, F|\n|poke|p1|Delphox, L50, M|\n|poke|p2|Aegislash, L50, M|\n|poke|p2|Gengar, L50, M|\n|poke|p2|Lopunny, L50, F|\n|poke|p2|Milotic, L50, F|\n|poke|p2|Aerodactyl, L50, M|\n|poke|p2|Houndoom, L50, F|\n|teampreview|4\n|inactive|Battle timer is ON: inactive players will automatically lose when time's up. (requested by brazzers777)\n|inactive|brazzers777 has 60 seconds left.\n|inactive|brazzers777 has 30 seconds left.\n|inactive|brazzers777 has 20 seconds left.\n|\n|t:|1776475197\n|teamsize|p1|4\n|teamsize|p2|4\n|start\n|switch|p1a: Vivillon|Vivillon-Fancy, L50, M|100/100\n|switch|p1b: Umbreon|Umbreon, L50, M|100/100\n|switch|p2a: Gaz|Gengar, L50, M|100/100\n|switch|p2b: Skye|Lopunny, L50, F, shiny|100/100\n|turn|1\n|\n|t:|1776475215\n|move|p1a: Vivillon|Protect|p1a: Vivillon\n|-singleturn|p1a: Vivillon|Protect\n|move|p2b: Skye|Fake Out|p1a: Vivillon\n|-activate|p1a: Vivillon|move: Protect\n|move|p2a: Gaz|Icy Wind|p1b: Umbreon|[spread] p1b\n|-activate|p1a: Vivillon|move: Protect\n|-damage|p1b: Umbreon|91/100\n|-unboost|p1b: Umbreon|spe|1\n|move|p1b: Umbreon|Yawn|p2a: Gaz\n|-start|p2a: Gaz|move: Yawn|[of] p1b: Umbreon\n|\n|-heal|p1b: Umbreon|97/100|[from] item: Leftovers\n|upkeep\n|turn|2\n|\n|t:|1776475237\n|switch|p2a: Brie|Milotic, L50, F, shiny|100/100\n|detailschange|p2b: Skye|Lopunny-Mega, L50, F, shiny\n|-mega|p2b: Skye|Lopunny|Lopunnite\n|move|p2b: Skye|Close Combat|p1b: Umbreon\n|-supereffective|p1b: Umbreon|1\n|-damage|p1b: Umbreon|9/100\n|-unboost|p2b: Skye|def|1\n|-unboost|p2b: Skye|spd|1\n|move|p1a: Vivillon|Sleep Powder|p2b: Skye\n|-status|p2b: Skye|slp|[from] move: Sleep Powder\n|move|p1b: Umbreon|Foul Play|p2a: Brie\n|-damage|p2a: Brie|87/100\n|\n|-heal|p2a: Brie|93/100|[from] item: Leftovers\n|-heal|p1b: Umbreon|15/100|[from] item: Leftovers\n|upkeep\n|turn|3\n|\n|t:|1776475259\n|switch|p2b: And\u00f9ril|Aegislash, L50, M, shiny|100/100\n|move|p1a: Vivillon|Sleep Powder|p2a: Brie\n|-status|p2a: Brie|slp|[from] move: Sleep Powder\n|cant|p2a: Brie|slp\n|move|p1b: Umbreon|Foul Play|p2b: And\u00f9ril\n|-supereffective|p2b: And\u00f9ril|1\n|-damage|p2b: And\u00f9ril|47/100\n|\n|-heal|p2a: Brie|99/100 slp|[from] item: Leftovers\n|-heal|p1b: Umbreon|21/100|[from] item: Leftovers\n|upkeep\n|turn|4\n|\n|t:|1776475282\n|switch|p1b: Meganium|Meganium, L50, M|100/100\n|move|p2b: And\u00f9ril|King's Shield|p2b: And\u00f9ril\n|-singleturn|p2b: And\u00f9ril|Protect\n|move|p1a: Vivillon|Sleep Powder|p2b: And\u00f9ril\n|-status|p2b: And\u00f9ril|slp|[from] move: Sleep Powder\n|cant|p2a: Brie|slp\n|\n|-heal|p2a: Brie|100/100 slp|[from] item: Leftovers\n|upkeep\n|turn|5\n|-message|thraevinn forfeited.\n|\n|win|brazzers777\n|raw|brazzers777's rating: 1236 &rarr; <strong>1255</strong><br />(+19 for winning)\n|raw|thraevinn's rating: 1154 &rarr; <strong>1135</strong><br />(-19 for losing)\n|l|\u2606thraevinn\n|player|p2|\n",
  "uploadtime": 1776475296,
  "views": 24,
  "formatid": "gen9championsvgc2026regma",
  "rating": 1135,
  "private": 0,
  "password": null
}