{
  "id": "gen9championsvgc2026regma-2584836894",
  "format": "[Gen 9 Champions] VGC 2026 Reg M-A",
  "players": [
    "PlagueOfMinds",
    "Morrocan AXL BLAZE"
  ],
  "log": "|j|\u2606PlagueOfMinds\n|j|\u2606Morrocan AXL BLAZE\n|t:|1776287474\n|gametype|doubles\n|player|p1|PlagueOfMinds|2|1115\n|player|p2|Morrocan AXL BLAZE|nate|1172\n|gen|9\n|tier|[Gen 9 Champions] VGC 2026 Reg M-A\n|rated|\n|rule|Species Clause: Limit one of each Pok\u00e9mon\n|rule|Item Clause: Limit 1 of each item\n|clearpoke\n|poke|p1|Dragonite, L50, M|\n|poke|p1|Starmie, L50|\n|poke|p1|Arcanine-Hisui, L50, F|\n|poke|p1|Kingambit, L50, M|\n|poke|p1|Delphox, L50, F|\n|poke|p1|Hydreigon, L50, F|\n|poke|p2|Garchomp, L50, M|\n|poke|p2|Incineroar, L50, F|\n|poke|p2|Sneasler, L50, M|\n|poke|p2|Basculegion, L50, M|\n|poke|p2|Venusaur, L50, M|\n|poke|p2|Charizard, L50, F|\n|teampreview|4\nMorrocan AXL BLAZE has agreed to open team sheets.\nPlagueOfMinds has agreed to open team sheets.\n|showteam|p1|Dragonite||SilkScarf|Multiscale|Protect,Tailwind,DragonClaw,ExtremeSpeed|||M|||50|]Starmie||Starminite|NaturalCure|Protect,SkillSwap,FlipTurn,PsychoCut||||||50|]Arcanine-Hisui||SitrusBerry|Intimidate|Protect,ExtremeSpeed,RockSlide,FlareBlitz|||F|||50|]Kingambit||ChopleBerry|Defiant|Protect,KowtowCleave,IronHead,SuckerPunch|||M|||50|]Delphox||Delphoxite|Blaze|Protect,Substitute,Psychic,HeatWave|||F|||50|]Hydreigon||FocusSash|Levitate|Protect,DracoMeteor,DarkPulse,EarthPower|||F|||50|\n|showteam|p2|Garchomp||HabanBerry|RoughSkin|RockSlide,Earthquake,DragonClaw,Protect|||M|||50|]Incineroar||SitrusBerry|Intimidate|FlareBlitz,DarkestLariat,PartingShot,FakeOut|||F|||50|]Sneasler||WhiteHerb|Unburden|CloseCombat,DireClaw,FakeOut,Protect|||M|||50|]Basculegion||ChoiceScarf|Adaptability|WaveCrash,FlipTurn,LastRespects,AquaJet|||M|||50|]Venusaur||FocusSash|Chlorophyll|LeafStorm,SludgeBomb,SleepPowder,Protect|||M|||50|]Charizard||CharizarditeY|Blaze|HeatWave,Overheat,SolarBeam,Protect|||F|||50|\n|inactive|Battle timer is ON: inactive players will automatically lose when time's up. (requested by PlagueOfMinds)\n|\n|t:|1776287527\n|teamsize|p1|4\n|teamsize|p2|4\n|start\n|switch|p1a: Delphox|Delphox, L50, F|100/100\n|switch|p1b: Arcanine|Arcanine-Hisui, L50, F|100/100\n|switch|p2a: Garchomp|Garchomp, L50, M|100/100\n|switch|p2b: Sneasler|Sneasler, L50, M|100/100\n|-ability|p1b: Arcanine|Intimidate|boost\n|-unboost|p2a: Garchomp|atk|1\n|-unboost|p2b: Sneasler|atk|1\n|-enditem|p2b: Sneasler|White Herb\n|-clearnegativeboost|p2b: Sneasler|[silent]\n|turn|1\n|\n|t:|1776287537\n|move|p2b: Sneasler|Protect|p2b: Sneasler\n|-singleturn|p2b: Sneasler|Protect\n|move|p1a: Delphox|Protect|p1a: Delphox\n|-singleturn|p1a: Delphox|Protect\n|move|p1b: Arcanine|Protect|p1b: Arcanine\n|-singleturn|p1b: Arcanine|Protect\n|move|p2a: Garchomp|Rock Slide|p1a: Delphox|[spread] \n|-activate|p1a: Delphox|move: Protect\n|-activate|p1b: Arcanine|move: Protect\n|\n|upkeep\n|turn|2\n|inactive|PlagueOfMinds has 30 seconds left.\n|inactive|PlagueOfMinds has 20 seconds left.\n|\n|t:|1776287573\n|switch|p1b: Dragonite|Dragonite, L50, M|100/100\n|detailschange|p1a: Delphox|Delphox-Mega, L50, F\n|-mega|p1a: Delphox|Delphox|Delphoxite\n|move|p2b: Sneasler|Close Combat|p1b: Dragonite\n|-resisted|p1b: Dragonite|1\n|-damage|p1b: Dragonite|85/100\n|-unboost|p2b: Sneasler|def|1\n|-unboost|p2b: Sneasler|spd|1\n|move|p1a: Delphox|Substitute|p1a: Delphox\n|-start|p1a: Delphox|Substitute\n|-damage|p1a: Delphox|75/100\n|move|p2a: Garchomp|Rock Slide|p1b: Dragonite|[spread] p1a,p1b\n|-supereffective|p1a: Delphox|1\n|-end|p1a: Delphox|Substitute\n|-supereffective|p1b: Dragonite|1\n|-damage|p1b: Dragonite|59/100\n|\n|upkeep\n|turn|3\n|\n|t:|1776287593\n|move|p2b: Sneasler|Dire Claw|p1a: Delphox\n|-damage|p1a: Delphox|10/100\n|move|p1a: Delphox|Psychic|p2b: Sneasler\n|-supereffective|p2b: Sneasler|2\n|-damage|p2b: Sneasler|0 fnt\n|faint|p2b: Sneasler\n|move|p2a: Garchomp|Dragon Claw|p1b: Dragonite\n|-supereffective|p1b: Dragonite|1\n|-damage|p1b: Dragonite|10/100\n|move|p1b: Dragonite|Dragon Claw|p2a: Garchomp\n|-supereffective|p2a: Garchomp|1\n|-enditem|p2a: Garchomp|Haban Berry|[eat]\n|-enditem|p2a: Garchomp|Haban Berry|[weaken]\n|-damage|p2a: Garchomp|57/100\n|-damage|p1b: Dragonite|0 fnt|[from] ability: Rough Skin|[of] p2a: Garchomp\n|faint|p1b: Dragonite\n|\n|upkeep\n|\n|t:|1776287608\n|switch|p2b: Basculegion|Basculegion, L50, M|100/100\n|switch|p1b: Arcanine|Arcanine-Hisui, L50, F|100/100\n|-ability|p1b: Arcanine|Intimidate|boost\n|-unboost|p2a: Garchomp|atk|1\n|-unboost|p2b: Basculegion|atk|1\n|turn|4\n|\n|t:|1776287617\n|move|p1a: Delphox|Protect|p1a: Delphox\n|-singleturn|p1a: Delphox|Protect\n|move|p2b: Basculegion|Flip Turn|p1a: Delphox\n|-activate|p1a: Delphox|move: Protect\n|move|p2a: Garchomp|Earthquake|p1a: Delphox|[spread] p2b,p1b\n|-activate|p1a: Delphox|move: Protect\n|-supereffective|p1b: Arcanine|2\n|-damage|p2b: Basculegion|78/100\n|-damage|p1b: Arcanine|21/100\n|-enditem|p1b: Arcanine|Sitrus Berry|[eat]\n|-heal|p1b: Arcanine|46/100|[from] item: Sitrus Berry\n|move|p1b: Arcanine|Rock Slide|p2b: Basculegion|[spread] p2a,p2b\n|-resisted|p2a: Garchomp|1\n|-damage|p2a: Garchomp|43/100\n|-damage|p2b: Basculegion|41/100\n|\n|upkeep\n|turn|5\n|\n|t:|1776287641\n|switch|p1a: Hydreigon|Hydreigon, L50, F|100/100\n|move|p1b: Arcanine|Extreme Speed|p2a: Garchomp\n|-damage|p2a: Garchomp|16/100\n|-damage|p1b: Arcanine|34/100|[from] ability: Rough Skin|[of] p2a: Garchomp\n|move|p2b: Basculegion|Flip Turn|p1a: Hydreigon\n|-resisted|p1a: Hydreigon|1\n|-damage|p1a: Hydreigon|86/100\n|\n|t:|1776287645\n|switch|p2b: Charizard|Charizard, L50, F, shiny|100/100|[from] Flip Turn\n|move|p2a: Garchomp|Earthquake|p1a: Hydreigon|[spread] p1b\n|-immune|p2b: Charizard\n|-immune|p1a: Hydreigon|[from] ability: Levitate\n|-supereffective|p1b: Arcanine|2\n|-damage|p1b: Arcanine|0 fnt\n|faint|p1b: Arcanine\n|\n|upkeep\n|\n|t:|1776287649\n|switch|p1b: Delphox|Delphox-Mega, L50, F|10/100\n|turn|6\n|\n|t:|1776287665\n|detailschange|p2b: Charizard|Charizard-Mega-Y, L50, F, shiny\n|-mega|p2b: Charizard|Charizard|Charizardite Y\n|-weather|SunnyDay|[from] ability: Drought|[of] p2b: Charizard\n|move|p1b: Delphox|Psychic|p2a: Garchomp\n|-damage|p2a: Garchomp|0 fnt\n|faint|p2a: Garchomp\n|move|p1a: Hydreigon|Draco Meteor|p2b: Charizard|[miss]\n|-miss|p1a: Hydreigon|p2b: Charizard\n|move|p2b: Charizard|Heat Wave|p1a: Hydreigon|[spread] p1a,p1b\n|-resisted|p1a: Hydreigon|1\n|-resisted|p1b: Delphox|1\n|-crit|p1b: Delphox\n|-damage|p1a: Hydreigon|42/100\n|-damage|p1b: Delphox|0 fnt\n|faint|p1b: Delphox\n|\n|-weather|SunnyDay|[upkeep]\n|upkeep\n|\n|t:|1776287673\n|switch|p2a: Basculegion|Basculegion, L50, M|41/100\n|turn|7\n|-message|PlagueOfMinds forfeited.\n|\n|win|Morrocan AXL BLAZE\n|raw|PlagueOfMinds's rating: 1115 &rarr; <strong>1094</strong><br />(-21 for losing)\n|raw|Morrocan AXL BLAZE's rating: 1172 &rarr; <strong>1193</strong><br />(+21 for winning)\n|l|\u2606PlagueOfMinds\n|player|p1|\n",
  "uploadtime": 1776287676,
  "views": 20,
  "formatid": "gen9championsvgc2026regma",
  "rating": 1094,
  "private": 0,
  "password": null
}