{
  "id": "gen9championsvgc2026regma-2583820174",
  "format": "[Gen 9 Champions] VGC 2026 Reg M-A",
  "players": [
    "WaluigiVGC",
    "siryoshikenobi"
  ],
  "log": "|j|\u2606WaluigiVGC\n|j|\u2606siryoshikenobi\n|t:|1776200245\n|gametype|doubles\n|player|p1|WaluigiVGC|266|1076\n|player|p2|siryoshikenobi|1|1000\n|gen|9\n|tier|[Gen 9 Champions] VGC 2026 Reg M-A\n|rated|\n|rule|Species Clause: Limit one of each Pok\u00e9mon\n|rule|Item Clause: Limit 1 of each item\n|clearpoke\n|poke|p1|Archaludon, L50, M|\n|poke|p1|Pelipper, L50, M|\n|poke|p1|Sneasler, L50, F|\n|poke|p1|Incineroar, L50, F|\n|poke|p1|Basculegion, L50, M|\n|poke|p1|Gengar, L50, M|\n|poke|p2|Maushold, L50|\n|poke|p2|Hatterene, L50, F|\n|poke|p2|Crabominable, L50, F|\n|poke|p2|Aegislash, L50, F|\n|poke|p2|Rotom-Wash, L50|\n|poke|p2|Golurk, L50|\n|teampreview|4\n|inactive|Battle timer is ON: inactive players will automatically lose when time's up. (requested by siryoshikenobi)\n|inactive|WaluigiVGC has 60 seconds left.\n|\n|t:|1776200282\n|teamsize|p1|4\n|teamsize|p2|4\n|start\n|switch|p1a: Incineroar|Incineroar, L50, F|100/100\n|switch|p1b: Gengar|Gengar, L50, M|100/100\n|switch|p2a: Maushold|Maushold, L50|100/100\n|switch|p2b: Hatterene|Hatterene, L50, F|100/100\n|-ability|p1a: Incineroar|Intimidate|boost\n|-unboost|p2a: Maushold|atk|1\n|-unboost|p2b: Hatterene|atk|1\n|turn|1\n|\n|t:|1776200305\n|detailschange|p1b: Gengar|Gengar-Mega, L50, M\n|-mega|p1b: Gengar|Gengar|Gengarite\n|move|p1a: Incineroar|Fake Out|p2a: Maushold\n|-crit|p2a: Maushold\n|-damage|p2a: Maushold|80/100\n|move|p1b: Gengar|Sludge Bomb|p2b: Hatterene\n|-supereffective|p2b: Hatterene|1\n|-damage|p2b: Hatterene|36/100\n|cant|p2a: Maushold|flinch\n|move|p2b: Hatterene|Trick Room|p2b: Hatterene\n|-fieldstart|move: Trick Room|[of] p2b: Hatterene\n|\n|upkeep\n|turn|2\n|\n|t:|1776200322\n|move|p1b: Gengar|Protect|p1b: Gengar\n|-singleturn|p1b: Gengar|Protect\n|move|p2a: Maushold|Follow Me|p2a: Maushold\n|-singleturn|p2a: Maushold|move: Follow Me\n|move|p2b: Hatterene|Psychic|p1b: Gengar\n|-activate|p1b: Gengar|move: Protect\n|move|p1a: Incineroar|Darkest Lariat|p2a: Maushold\n|-damage|p2a: Maushold|40/100\n|\n|upkeep\n|turn|3\n|inactive|WaluigiVGC has 30 seconds left.\n|inactive|WaluigiVGC has 20 seconds left.\n|\n|t:|1776200361\n|switch|p1b: Archaludon|Archaludon, L50, M|100/100\n|move|p2a: Maushold|Follow Me|p2a: Maushold\n|-singleturn|p2a: Maushold|move: Follow Me\n|move|p2b: Hatterene|Dazzling Gleam|p1b: Archaludon|[spread] p1a,p1b\n|-damage|p1a: Incineroar|79/100\n|-damage|p1b: Archaludon|71/100\n|-ability|p1b: Archaludon|Stamina|boost\n|-boost|p1b: Archaludon|def|1\n|move|p1a: Incineroar|Darkest Lariat|p2a: Maushold\n|-damage|p2a: Maushold|0 fnt\n|faint|p2a: Maushold\n|\n|-heal|p1b: Archaludon|77/100|[from] item: Leftovers\n|upkeep\n|\n|t:|1776200372\n|switch|p2a: Crabominable|Crabominable, L50, F|100/100\n|turn|4\n|inactive|siryoshikenobi has 30 seconds left.\n|inactive|siryoshikenobi has 20 seconds left.\n|\n|t:|1776200409\n|detailschange|p2a: Crabominable|Crabominable-Mega, L50, F\n|-mega|p2a: Crabominable|Crabominable|Crabominite\n|move|p2b: Hatterene|Protect|p2b: Hatterene\n|-singleturn|p2b: Hatterene|Protect\n|move|p1b: Archaludon|Protect|p1b: Archaludon\n|-singleturn|p1b: Archaludon|Protect\n|move|p2a: Crabominable|Drain Punch|p1b: Archaludon\n|-activate|p1b: Archaludon|move: Protect\n|move|p1a: Incineroar|Parting Shot|p2a: Crabominable\n|-unboost|p2a: Crabominable|atk|1\n|-unboost|p2a: Crabominable|spa|1\n|\n|t:|1776200422\n|switch|p1a: Pelipper|Pelipper, L50, M|100/100|[from] Parting Shot\n|-weather|RainDance|[from] ability: Drizzle|[of] p1a: Pelipper\n|\n|-weather|RainDance|[upkeep]\n|-heal|p1b: Archaludon|83/100|[from] item: Leftovers\n|upkeep\n|turn|5\n|\n|t:|1776200436\n|switch|p2a: Rotom|Rotom-Wash, L50|100/100\n|switch|p1b: Incineroar|Incineroar, L50, F|79/100\n|-ability|p1b: Incineroar|Intimidate|boost\n|-unboost|p2a: Rotom|atk|1\n|-unboost|p2b: Hatterene|atk|1\n|move|p1a: Pelipper|Protect|p1a: Pelipper\n|-singleturn|p1a: Pelipper|Protect\n|move|p2b: Hatterene|Psychic|p1a: Pelipper\n|-activate|p1a: Pelipper|move: Protect\n|\n|-weather|RainDance|[upkeep]\n|-fieldend|move: Trick Room\n|upkeep\n|turn|6\n|inactive|WaluigiVGC has 30 seconds left.\n|\n|t:|1776200465\n|switch|p1a: Gengar|Gengar-Mega, L50, M|100/100\n|move|p1b: Incineroar|Fake Out|p2b: Hatterene\n|-damage|p2b: Hatterene|24/100\n|move|p2a: Rotom|Volt Switch|p1a: Gengar\n|-damage|p1a: Gengar|56/100\n|\n|t:|1776200473\n|switch|p2a: Crabominable|Crabominable-Mega, L50, F|100/100|[from] Volt Switch\n|cant|p2b: Hatterene|flinch\n|\n|-weather|RainDance|[upkeep]\n|upkeep\n|turn|7\n|\n|t:|1776200495\n|move|p1a: Gengar|Shadow Ball|p2a: Crabominable\n|-damage|p2a: Crabominable|59/100\n|move|p1b: Incineroar|Darkest Lariat|p2b: Hatterene\n|-damage|p2b: Hatterene|0 fnt\n|faint|p2b: Hatterene\n|move|p2a: Crabominable|Drain Punch|p1b: Incineroar\n|-supereffective|p1b: Incineroar|1\n|-damage|p1b: Incineroar|0 fnt\n|-heal|p2a: Crabominable|98/100|[from] drain|[of] p1b: Incineroar\n|faint|p1b: Incineroar\n|\n|-weather|RainDance|[upkeep]\n|upkeep\n|\n|t:|1776200516\n|switch|p1b: Archaludon|Archaludon, L50, M|83/100\n|switch|p2b: Rotom|Rotom-Wash, L50|100/100\n|turn|8\n|inactive|WaluigiVGC has 30 seconds left.\n|\n|t:|1776200545\n|move|p1b: Archaludon|Protect|p1b: Archaludon\n|-singleturn|p1b: Archaludon|Protect\n|move|p1a: Gengar|Shadow Ball|p2b: Rotom\n|-damage|p2b: Rotom|50/100\n|-enditem|p2b: Rotom|Sitrus Berry|[eat]\n|-heal|p2b: Rotom|75/100|[from] item: Sitrus Berry\n|move|p2b: Rotom|Dark Pulse|p1a: Gengar\n|-supereffective|p1a: Gengar|1\n|-damage|p1a: Gengar|0 fnt\n|faint|p1a: Gengar\n|move|p2a: Crabominable|Drain Punch|p1b: Archaludon\n|-activate|p1b: Archaludon|move: Protect\n|\n|-weather|none\n|-heal|p1b: Archaludon|89/100|[from] item: Leftovers\n|upkeep\n|\n|t:|1776200562\n|switch|p1a: Pelipper|Pelipper, L50, M|100/100\n|-weather|RainDance|[from] ability: Drizzle|[of] p1a: Pelipper\n|turn|9\n|\n|t:|1776200583\n|move|p1b: Archaludon|Flash Cannon|p2a: Crabominable\n|-supereffective|p2a: Crabominable|1\n|-damage|p2a: Crabominable|39/100\n|move|p1a: Pelipper|Weather Ball|p2a: Crabominable\n|-damage|p2a: Crabominable|0 fnt\n|faint|p2a: Crabominable\n|move|p2b: Rotom|Thunderbolt|p1a: Pelipper\n|-supereffective|p1a: Pelipper|2\n|-enditem|p1a: Pelipper|Focus Sash\n|-damage|p1a: Pelipper|1/100\n|\n|-weather|RainDance|[upkeep]\n|-heal|p1b: Archaludon|95/100|[from] item: Leftovers\n|upkeep\n|turn|10\n|-message|siryoshikenobi forfeited.\n|\n|win|WaluigiVGC\n|raw|WaluigiVGC's rating: 1076 &rarr; <strong>1098</strong><br />(+22 for winning)\n|raw|siryoshikenobi's rating: 1000 &rarr; <strong>1000</strong><br />(+0 for losing)\n|l|\u2606siryoshikenobi\n|player|p2|\n",
  "uploadtime": 1776200603,
  "views": 18,
  "formatid": "gen9championsvgc2026regma",
  "rating": 1000,
  "private": 0,
  "password": null
}