{
  "id": "gen9championsvgc2026regma-2584149279",
  "format": "[Gen 9 Champions] VGC 2026 Reg M-A",
  "players": [
    "TimeforCHILLI",
    "Bman3111"
  ],
  "log": "|j|\u2606TimeforCHILLI\n|j|\u2606Bman3111\n|t:|1776230940\n|gametype|doubles\n|player|p1|TimeforCHILLI|caitlin|\n|player|p2|Bman3111|1|\n|gen|9\n|tier|[Gen 9 Champions] VGC 2026 Reg M-A\n|rated|Tournament battle\n|rule|Species Clause: Limit one of each Pok\u00e9mon\n|rule|Item Clause: Limit 1 of each item\n|raw|<div class=\"infobox\"><details class=\"readmore\" open><summary><strong>1 custom rule:</strong></summary> Force Open Team Sheets</details></div>\n|clearpoke\n|poke|p1|Victreebel, L50, M|\n|poke|p1|Torkoal, L50, M|\n|poke|p1|Chimecho, L50, F|\n|poke|p1|Rotom-Heat, L50|\n|poke|p1|Mimikyu, L50, F|\n|poke|p1|Kommo-o, L50, F|\n|poke|p2|Gengar, L50, M|\n|poke|p2|Incineroar, L50, F|\n|poke|p2|Politoed, L50, F|\n|poke|p2|Rotom-Wash, L50|\n|poke|p2|Sneasler, L50, M|\n|poke|p2|Corviknight, L50, F|\n|teampreview|4\n|showteam|p1|Victreebel||Victreebelite|Chlorophyll|SludgeBomb,LeafStorm,SleepPowder,WeatherBall|||M|||50|]Torkoal||Charcoal|Drought|Eruption,HeatWave,HelpingHand,Protect|||M|||50|]Chimecho||Chimechite|Levitate|Psychic,Boomburst,TrickRoom,CalmMind|||F|||50|]Rotom-Heat||PasshoBerry|Levitate|Thunderbolt,WillOWisp,Overheat,VoltSwitch||||||50|]Mimikyu||MentalHerb|Disguise|SwordsDance,PlayRough,ShadowSneak,TrickRoom|||F|||50|]Kommo-o||Leftovers|Soundproof|ClangorousSoul,ClangingScales,AuraSphere,Protect|||F|||50|\n|showteam|p2|Gengar||Gengarite|CursedBody|ShadowBall,SludgeBomb,PerishSong,Protect|||M|||50|]Incineroar||ChopleBerry|Intimidate|FakeOut,ThroatChop,PartingShot,Protect|||F|||50|]Politoed||SitrusBerry|Drizzle|MuddyWater,IcyWind,PerishSong,Protect|||F|||50|]Rotom-Wash||ChoiceScarf|Levitate|HydroPump,Thunderbolt,Electroweb,VoltSwitch||||||50|]Sneasler||WhiteHerb|Unburden|FakeOut,CloseCombat,DireClaw,Protect|||M|||50|]Corviknight||Leftovers|MirrorArmor|BodyPress,BraveBird,BulkUp,Roost|||F|||50|\n|inactive|Battle timer is ON: inactive players will automatically lose when time's up. (requested by Bman3111)\nBman3111 has agreed to open team sheets.\n|j| 241mavsrule\n|inactive|TimeforCHILLI has 60 seconds left.\n|inactive|Bman3111 has 60 seconds left.\n|\n|t:|1776230991\n|teamsize|p1|4\n|teamsize|p2|4\n|start\n|switch|p1a: Victreebel|Victreebel, L50, M|100/100\n|switch|p1b: Mimikyu|Mimikyu, L50, F|100/100\n|switch|p2a: Rotom|Rotom-Wash, L50|100/100\n|switch|p2b: Gengar|Gengar, L50, M|100/100\n|turn|1\n|\n|t:|1776231015\n|detailschange|p2b: Gengar|Gengar-Mega, L50, M\n|-mega|p2b: Gengar|Gengar|Gengarite\n|move|p2a: Rotom|Volt Switch|p1b: Mimikyu\n|-activate|p1b: Mimikyu|ability: Disguise\n|-damage|p1b: Mimikyu|100/100\n|detailschange|p1b: Mimikyu|Mimikyu-Busted, L50, F\n|-damage|p1b: Mimikyu|88/100|[from] pokemon: Mimikyu-Busted\n|j| OnToTheOther\n|\n|t:|1776231023\n|switch|p2a: Sneasler|Sneasler, L50, M|100/100|[from] Volt Switch\n|move|p2b: Gengar|Shadow Ball|p1b: Mimikyu\n|-supereffective|p1b: Mimikyu|1\n|-damage|p1b: Mimikyu|0 fnt\n|faint|p1b: Mimikyu\n|move|p1a: Victreebel|Leaf Storm|p2a: Sneasler\n|-resisted|p2a: Sneasler|1\n|-damage|p2a: Sneasler|58/100\n|-unboost|p1a: Victreebel|spa|2\n|\n|upkeep\n|j| shocccco<3\n|\n|t:|1776231038\n|switch|p1b: Torkoal|Torkoal, L50, M|100/100\n|-weather|SunnyDay|[from] ability: Drought|[of] p1b: Torkoal\n|turn|2\n|\n|t:|1776231058\n|switch|p2a: Politoed|Politoed, L50, F|100/100\n|-weather|RainDance|[from] ability: Drizzle|[of] p2a: Politoed\n|move|p2b: Gengar|Perish Song|p2b: Gengar\n|-start|p1a: Victreebel|perish3|[silent]\n|-start|p1b: Torkoal|perish3|[silent]\n|-start|p2a: Politoed|perish3|[silent]\n|-start|p2b: Gengar|perish3|[silent]\n|-fieldactivate|move: Perish Song\n|move|p1a: Victreebel|Sleep Powder|p2a: Politoed|[miss]\n|-miss|p1a: Victreebel|p2a: Politoed\n|move|p1b: Torkoal|Heat Wave|p2a: Politoed|[spread] p2a,p2b\n|-resisted|p2a: Politoed|1\n|-damage|p2a: Politoed|94/100\n|-damage|p2b: Gengar|74/100\n|-status|p2a: Politoed|brn\n|\n|-weather|RainDance|[upkeep]\n|-damage|p2a: Politoed|88/100 brn|[from] brn\n|-start|p2b: Gengar|perish3\n|-start|p1a: Victreebel|perish3\n|-start|p2a: Politoed|perish3\n|-start|p1b: Torkoal|perish3\n|upkeep\n|turn|3\n|inactive|TimeforCHILLI has 30 seconds left.\n|j| nonchalant eboy\n|inactive|TimeforCHILLI has 20 seconds left.\n|\n|t:|1776231097\n|switch|p2a: Rotom|Rotom-Wash, L50|100/100\n|detailschange|p1a: Victreebel|Victreebel-Mega, L50, M\n|-mega|p1a: Victreebel|Victreebel|Victreebelite\n|move|p2b: Gengar|Protect|p2b: Gengar\n|-singleturn|p2b: Gengar|Protect\n|move|p1b: Torkoal|Protect|p1b: Torkoal\n|-singleturn|p1b: Torkoal|Protect\n|move|p1a: Victreebel|Sleep Powder|p2b: Gengar\n|-activate|p2b: Gengar|move: Protect\n|\n|-weather|RainDance|[upkeep]\n|-start|p2b: Gengar|perish2\n|-start|p1a: Victreebel|perish2\n|-start|p1b: Torkoal|perish2\n|upkeep\n|turn|4\n|c|\u2606TimeforCHILLI|Oh gg\n|c|\u2606TimeforCHILLI|wp\n|j| VaatiMan92\n|inactive|TimeforCHILLI has 30 seconds left.\n|l| VaatiMan92\n|\n|t:|1776231131\n|switch|p2b: Politoed|Politoed, L50, F|88/100 brn\n|move|p1b: Torkoal|Protect||[still]\n|-fail|p1b: Torkoal\n|move|p2a: Rotom|Volt Switch|p1b: Torkoal\n|-damage|p1b: Torkoal|65/100\n|\n|t:|1776231137\n|switch|p2a: Gengar|Gengar-Mega, L50, M|74/100|[from] Volt Switch\n|move|p1a: Victreebel|Sleep Powder|p2a: Gengar\n|-status|p2a: Gengar|slp|[from] move: Sleep Powder\n|\n|-weather|RainDance|[upkeep]\n|-damage|p2b: Politoed|82/100 brn|[from] brn\n|-start|p1a: Victreebel|perish1\n|-start|p1b: Torkoal|perish1\n|upkeep\n|turn|5\n|j| kingcoleman\n|j| eren honyao\n|l| eren honyao\n|j|+Hasayo\n|inactive|TimeforCHILLI has 30 seconds left.\n|\n|t:|1776231163\n|switch|p2b: Sneasler|Sneasler, L50, M|58/100\n|cant|p2a: Gengar|slp\n|move|p1a: Victreebel|Leaf Storm|p2b: Sneasler\n|-resisted|p2b: Sneasler|1\n|-damage|p2b: Sneasler|34/100\n|-unboost|p1a: Victreebel|spa|2\n|move|p1b: Torkoal|Heat Wave|p2b: Sneasler|[spread] p2a,p2b\n|-damage|p2a: Gengar|51/100 slp\n|-damage|p2b: Sneasler|9/100\n|\n|-weather|RainDance|[upkeep]\n|-start|p1a: Victreebel|perish0\n|-start|p1b: Torkoal|perish0\n|faint|p1a: Victreebel\n|faint|p1b: Torkoal\n|upkeep\n|\n|t:|1776231180\n|switch|p1b: Rotom|Rotom-Heat, L50|100/100\n|turn|6\n|\n|t:|1776231197\n|move|p2b: Sneasler|Fake Out|p1b: Rotom\n|-damage|p1b: Rotom|83/100\n|cant|p2a: Gengar|slp\n|cant|p1b: Rotom|flinch\n|\n|-weather|none\n|upkeep\n|turn|7\n|c|\u2606Bman3111|gg\n|j| crimson_requiem5\n|c|\u2606TimeforCHILLI|Gg wp\n|\n|t:|1776231216\n|-curestatus|p2a: Gengar|slp|[msg]\n|move|p2a: Gengar|Sludge Bomb|p1b: Rotom\n|-damage|p1b: Rotom|18/100\n|move|p2b: Sneasler|Close Combat|p1b: Rotom\n|-damage|p1b: Rotom|0 fnt\n|-unboost|p2b: Sneasler|def|1\n|-unboost|p2b: Sneasler|spd|1\n|faint|p1b: Rotom\n|\n|win|Bman3111\n|n|\u2606TimeforCHILLI|timeforchilli\n|n|\u2606Bman3111|bman3111\n|n| 241mavsrule|241mavsrule\n|n| OnToTheOther|ontotheother\n|n| shocccco<3|shocccco3\n|n| nonchalant eboy|nonchalanteboy\n|n| kingcoleman|kingcoleman\n|n| Hasayo|hasayo\n|n| crimson_requiem5|crimsonrequiem5\n",
  "uploadtime": 1776231221,
  "views": 29,
  "formatid": "gen9championsvgc2026regma",
  "rating": null,
  "private": 0,
  "password": null
}