{
  "id": "gen9championsvgc2026regma-2582712405",
  "format": "[Gen 9 Champions] VGC 2026 Reg M-A",
  "players": [
    "Satzuii",
    "Capt_dx"
  ],
  "log": "|j|\u2606Satzuii\n|j|\u2606Capt_dx\n|t:|1776108966\n|gametype|doubles\n|player|p1|Satzuii|170|1000\n|player|p2|Capt_dx|cynthia-gen4|1000\n|gen|9\n|tier|[Gen 9 Champions] VGC 2026 Reg M-A\n|rated|\n|rule|Species Clause: Limit one of each Pok\u00e9mon\n|rule|Item Clause: Limit 1 of each item\n|clearpoke\n|poke|p1|Aerodactyl, L50, M|\n|poke|p1|Rotom-Wash, L50|\n|poke|p1|Clefable, L50, F|\n|poke|p1|Tauros-Paldea-Blaze, L50, M|\n|poke|p1|Froslass, L50, F|\n|poke|p1|Meowscarada, L50, F|\n|poke|p2|Slowbro, L50, M|\n|poke|p2|Azumarill, L50, M|\n|poke|p2|Sinistcha, L50|\n|poke|p2|Kingambit, L50, F|\n|poke|p2|Archaludon, L50, F|\n|poke|p2|Bellibolt, L50, M|\n|teampreview|4\n|\n|t:|1776109017\n|teamsize|p1|4\n|teamsize|p2|4\n|start\n|switch|p1a: Meowscarada|Meowscarada, L50, F|100/100\n|switch|p1b: Tauros|Tauros-Paldea-Blaze, L50, M|100/100\n|switch|p2a: Slowbro|Slowbro, L50, M|100/100\n|switch|p2b: Sinistcha|Sinistcha, L50|100/100\n|-ability|p1b: Tauros|Intimidate|boost\n|-unboost|p2a: Slowbro|atk|1\n|-unboost|p2b: Sinistcha|atk|1\n|turn|1\n|\n|t:|1776109033\n|switch|p2a: Bellibolt|Bellibolt, L50, M|100/100\n|move|p1b: Tauros|Protect|p1b: Tauros\n|-singleturn|p1b: Tauros|Protect\n|move|p1a: Meowscarada|Knock Off|p2b: Sinistcha\n|-start|p1a: Meowscarada|typechange|Dark|[from] ability: Protean\n|-supereffective|p2b: Sinistcha|1\n|-damage|p2b: Sinistcha|22/100\n|-enditem|p2b: Sinistcha|Leftovers|[from] move: Knock Off|[of] p1a: Meowscarada\n|move|p2b: Sinistcha|Trick Room|p2b: Sinistcha\n|-fieldstart|move: Trick Room|[of] p2b: Sinistcha\n|\n|upkeep\n|turn|2\n|\n|t:|1776109062\n|move|p1a: Meowscarada|Protect|p1a: Meowscarada\n|-singleturn|p1a: Meowscarada|Protect\n|move|p2a: Bellibolt|Light Screen|p2a: Bellibolt\n|-sidestart|p2: Capt_dx|move: Light Screen\n|move|p2b: Sinistcha|Matcha Gotcha|p1b: Tauros|[spread] \n|-activate|p1a: Meowscarada|move: Protect\n|-miss|p2b: Sinistcha|p1b: Tauros\n|move|p1b: Tauros|Close Combat|p2a: Bellibolt\n|-crit|p2a: Bellibolt\n|-damage|p2a: Bellibolt|25/100\n|-unboost|p1b: Tauros|def|1\n|-unboost|p1b: Tauros|spd|1\n|-start|p2a: Bellibolt|Charge|Close Combat|[from] ability: Electromorphosis\n|\n|upkeep\n|turn|3\n|\n|t:|1776109090\n|move|p1b: Tauros|Protect|p1b: Tauros\n|-singleturn|p1b: Tauros|Protect\n|move|p2a: Bellibolt|Parabolic Charge|p1b: Tauros|[spread] p2b,p1a\n|-activate|p1b: Tauros|move: Protect\n|-resisted|p2b: Sinistcha|1\n|-damage|p2b: Sinistcha|6/100\n|-heal|p2a: Bellibolt|32/100|[from] drain|[of] p2b: Sinistcha\n|-damage|p1a: Meowscarada|28/100\n|-heal|p2a: Bellibolt|58/100|[from] drain|[of] p1a: Meowscarada\n|-end|p2a: Bellibolt|Charge|[silent]\n|move|p2b: Sinistcha|Matcha Gotcha|p1a: Meowscarada|[spread] p1a\n|-activate|p1b: Tauros|move: Protect\n|-damage|p1a: Meowscarada|0 fnt\n|-heal|p2b: Sinistcha|17/100|[from] drain|[of] p1a: Meowscarada\n|faint|p1a: Meowscarada\n|\n|upkeep\n|\n|t:|1776109108\n|switch|p1a: Froslass|Froslass, L50, F|100/100\n|turn|4\n|\n|t:|1776109129\n|switch|p1b: Rotom|Rotom-Wash, L50|100/100\n|detailschange|p1a: Froslass|Froslass-Mega, L50, F\n|-mega|p1a: Froslass|Froslass|Froslassite\n|-weather|Snowscape|[from] ability: Snow Warning|[of] p1a: Froslass\n|move|p2a: Bellibolt|Parabolic Charge|p1b: Rotom|[spread] p2b,p1a,p1b\n|-resisted|p2b: Sinistcha|1\n|-damage|p2b: Sinistcha|9/100\n|-heal|p2a: Bellibolt|62/100|[from] drain|[of] p2b: Sinistcha\n|-damage|p1a: Froslass|74/100\n|-heal|p2a: Bellibolt|71/100|[from] drain|[of] p1a: Froslass\n|-damage|p1b: Rotom|76/100\n|-heal|p2a: Bellibolt|80/100|[from] drain|[of] p1b: Rotom\n|move|p2b: Sinistcha|Life Dew|p2b: Sinistcha|[spread] p2a,p2b\n|-heal|p2a: Bellibolt|100/100\n|-heal|p2b: Sinistcha|34/100\n|move|p1a: Froslass|Aurora Veil|p1a: Froslass\n|-sidestart|p1: Satzuii|move: Aurora Veil\n|\n|-weather|Snowscape|[upkeep]\n|-heal|p1b: Rotom|82/100|[from] item: Leftovers\n|upkeep\n|turn|5\n|\n|t:|1776109178\n|move|p1a: Froslass|Protect|p1a: Froslass\n|-singleturn|p1a: Froslass|Protect\n|move|p2a: Bellibolt|Parabolic Charge|p1b: Rotom|[spread] p2b,p1b\n|-activate|p1a: Froslass|move: Protect\n|-resisted|p2b: Sinistcha|1\n|-damage|p2b: Sinistcha|26/100\n|-damage|p1b: Rotom|66/100\n|move|p2b: Sinistcha|Matcha Gotcha|p1a: Froslass|[spread] p1b\n|-activate|p1a: Froslass|move: Protect\n|-supereffective|p1b: Rotom|1\n|-damage|p1b: Rotom|26/100\n|-heal|p2b: Sinistcha|43/100|[from] drain|[of] p1b: Rotom\n|-status|p1b: Rotom|brn\n|move|p1b: Rotom|Volt Switch|p2b: Sinistcha\n|-resisted|p2b: Sinistcha|1\n|-damage|p2b: Sinistcha|33/100\n|\n|t:|1776109195\n|switch|p1b: Tauros|Tauros-Paldea-Blaze, L50, M|100/100|[from] Volt Switch\n|-ability|p1b: Tauros|Intimidate|boost\n|-unboost|p2a: Bellibolt|atk|1\n|-unboost|p2b: Sinistcha|atk|1\n|\n|-weather|Snowscape|[upkeep]\n|-fieldend|move: Trick Room\n|upkeep\n|turn|6\n|\n|t:|1776109210\n|move|p1a: Froslass|Blizzard|p2b: Sinistcha|[spread] p2a,p2b\n|-supereffective|p2b: Sinistcha|1\n|-damage|p2a: Bellibolt|75/100\n|-damage|p2b: Sinistcha|0 fnt\n|-start|p2a: Bellibolt|Charge|Blizzard|[from] ability: Electromorphosis\n|faint|p2b: Sinistcha\n|move|p1b: Tauros|Raging Bull|p2a: Bellibolt\n|-sideend|p2: Capt_dx|move: Light Screen\n|-damage|p2a: Bellibolt|38/100\n|-start|p2a: Bellibolt|Charge|Raging Bull|[from] ability: Electromorphosis\n|move|p2a: Bellibolt|Parabolic Charge|p1a: Froslass|[spread] p1a,p1b\n|-damage|p1a: Froslass|40/100\n|-heal|p2a: Bellibolt|50/100|[from] drain|[of] p1a: Froslass\n|-damage|p1b: Tauros|56/100\n|-heal|p2a: Bellibolt|65/100|[from] drain|[of] p1b: Tauros\n|-end|p2a: Bellibolt|Charge|[silent]\n|\n|-weather|Snowscape|[upkeep]\n|upkeep\n|\n|t:|1776109234\n|switch|p2b: Slowbro|Slowbro, L50, M|100/100\n|turn|7\n|\n|t:|1776109283\n|detailschange|p2b: Slowbro|Slowbro-Mega, L50, M\n|-mega|p2b: Slowbro|Slowbro|Slowbronite\n|move|p1a: Froslass|Blizzard|p2a: Bellibolt|[spread] p2a,p2b\n|-resisted|p2b: Slowbro|1\n|-damage|p2a: Bellibolt|29/100\n|-damage|p2b: Slowbro|79/100\n|-start|p2a: Bellibolt|Charge|Blizzard|[from] ability: Electromorphosis\n|move|p1b: Tauros|Wild Charge|p2b: Slowbro\n|-supereffective|p2b: Slowbro|1\n|-damage|p2b: Slowbro|48/100\n|-damage|p1b: Tauros|45/100|[from] Recoil\n|-enditem|p1b: Tauros|Sitrus Berry|[eat]\n|-heal|p1b: Tauros|70/100|[from] item: Sitrus Berry\n|move|p2a: Bellibolt|Parabolic Charge|p1a: Froslass|[spread] p2b,p1a,p1b\n|-supereffective|p2b: Slowbro|1\n|-damage|p2b: Slowbro|0 fnt\n|-heal|p2a: Bellibolt|51/100|[from] drain|[of] p2b: Slowbro\n|-damage|p1a: Froslass|2/100\n|-heal|p2a: Bellibolt|64/100|[from] drain|[of] p1a: Froslass\n|-damage|p1b: Tauros|26/100\n|-heal|p2a: Bellibolt|79/100|[from] drain|[of] p1b: Tauros\n|faint|p2b: Slowbro\n|-end|p2a: Bellibolt|Charge|[silent]\n|\n|-weather|Snowscape|[upkeep]\n|upkeep\n|\n|t:|1776109303\n|switch|p2b: Azumarill|Azumarill, L50, M|100/100\n|turn|8\n|\n|t:|1776109321\n|move|p1a: Froslass|Protect|p1a: Froslass\n|-singleturn|p1a: Froslass|Protect\n|move|p2b: Azumarill|Protect|p2b: Azumarill\n|-singleturn|p2b: Azumarill|Protect\n|move|p1b: Tauros|Close Combat|p2a: Bellibolt\n|-damage|p2a: Bellibolt|33/100\n|-unboost|p1b: Tauros|def|1\n|-unboost|p1b: Tauros|spd|1\n|-start|p2a: Bellibolt|Charge|Close Combat|[from] ability: Electromorphosis\n|move|p2a: Bellibolt|Parabolic Charge|p1b: Tauros|[spread] p1b\n|-activate|p2b: Azumarill|move: Protect\n|-activate|p1a: Froslass|move: Protect\n|-damage|p1b: Tauros|0 fnt\n|-heal|p2a: Bellibolt|42/100|[from] drain|[of] p1b: Tauros\n|faint|p1b: Tauros\n|-end|p2a: Bellibolt|Charge|[silent]\n|\n|-weather|none\n|-sideend|p1: Satzuii|move: Aurora Veil\n|upkeep\n|\n|t:|1776109340\n|switch|p1b: Rotom|Rotom-Wash, L50|26/100 brn\n|turn|9\n|-activate|p2b: Azumarill|item: Quick Claw\n|\n|t:|1776109352\n|move|p2b: Azumarill|Knock Off|p1b: Rotom\n|-damage|p1b: Rotom|0 fnt\n|-enditem|p1b: Rotom|Leftovers|[from] move: Knock Off|[of] p2b: Azumarill\n|faint|p1b: Rotom\n|move|p1a: Froslass|Blizzard|p2a: Bellibolt|[spread] \n|-miss|p1a: Froslass|p2a: Bellibolt\n|-miss|p1a: Froslass|p2b: Azumarill\n|move|p2a: Bellibolt|Parabolic Charge|p1a: Froslass|[spread] p2b,p1a\n|-supereffective|p2b: Azumarill|1\n|-damage|p2b: Azumarill|63/100\n|-heal|p2a: Bellibolt|60/100|[from] drain|[of] p2b: Azumarill\n|-damage|p1a: Froslass|0 fnt\n|-heal|p2a: Bellibolt|60/100|[from] drain|[of] p1a: Froslass\n|faint|p1a: Froslass\n|\n|win|Capt_dx\n|raw|Satzuii's rating: 1000 &rarr; <strong>1000</strong><br />(+0 for losing)\n|raw|Capt_dx's rating: 1000 &rarr; <strong>1040</strong><br />(+40 for winning)\n|l|\u2606Satzuii\n|player|p1|\n",
  "uploadtime": 1776109368,
  "views": 10,
  "formatid": "gen9championsvgc2026regma",
  "rating": 1000,
  "private": 0,
  "password": null
}