{
  "id": "gen9championsvgc2026regma-2583794390",
  "format": "[Gen 9 Champions] VGC 2026 Reg M-A",
  "players": [
    "Bardo52",
    "GeneticIvy"
  ],
  "log": "|j|\u2606Bardo52\n|j|\u2606GeneticIvy\n|html|<table width=\"100%\"><tr><td align=\"left\">Bardo52</td><td align=\"right\">GeneticIvy</tr><tr><td align=\"left\"><i class=\"fa fa-circle-o\"></i> <i class=\"fa fa-circle-o\"></i> </td><td align=\"right\"><i class=\"fa fa-circle-o\"></i> <i class=\"fa fa-circle\"></i> </tr></table>\n|uhtml|bestof|<h2><strong>Game 2</strong> of <a href=\"/game-bestof3-gen9championsvgc2026regma-2583787356\">a best-of-3</a></h2>\n|t:|1776198193\n|gametype|doubles\n|player|p1|Bardo52|265|\n|player|p2|GeneticIvy|beauty-gen6xy|\n|gen|9\n|tier|[Gen 9 Champions] VGC 2026 Reg M-A\n|rule|Species Clause: Limit one of each Pok\u00e9mon\n|rule|Item Clause: Limit 1 of each item\n|raw|<div class=\"infobox\"><details class=\"readmore\" open><summary><strong>1 custom rule:</strong></summary> Best of = 3</details></div>\n|clearpoke\n|poke|p1|Glimmora, L50, F|\n|poke|p1|Aegislash, L50, F|\n|poke|p1|Decidueye-Hisui, L50, M|\n|poke|p1|Rotom-Heat, L50|\n|poke|p1|Whimsicott, L50, M|\n|poke|p1|Gyarados, L50, F|\n|poke|p2|Medicham, L50, F|\n|poke|p2|Tyranitar, L50, F|\n|poke|p2|Maushold, L50|\n|poke|p2|Meowscarada, L50, F|\n|poke|p2|Milotic, L50, F|\n|poke|p2|Tauros-Paldea-Blaze, L50, M|\n|teampreview|4\n|j| k3ksmann\n|c|\u2606GeneticIvy|likewise\n|\n|t:|1776198213\n|teamsize|p1|4\n|teamsize|p2|4\n|start\n|switch|p1a: Whimsicott|Whimsicott, L50, M|100/100\n|switch|p1b: Decidueye|Decidueye-Hisui, L50, M|100/100\n|switch|p2a: Mike Mitch & Mo|Maushold, L50|100/100\n|switch|p2b: Millie|Milotic, L50, F|100/100\n|turn|1\n|\n|t:|1776198245\n|switch|p2a: Meg|Tauros-Paldea-Blaze, L50, M|100/100\n|-ability|p2a: Meg|Intimidate|boost\n|-unboost|p1a: Whimsicott|atk|1\n|-fail|p1b: Decidueye|unboost|Attack|[from] ability: Scrappy|[of] p1b: Decidueye\n|move|p1a: Whimsicott|Tailwind|p1a: Whimsicott\n|-sidestart|p1: Bardo52|move: Tailwind\n|move|p1b: Decidueye|Leaf Blade|p2b: Millie\n|-supereffective|p2b: Millie|1\n|-damage|p2b: Millie|1/100\n|move|p2b: Millie|Ice Beam|p1a: Whimsicott\n|-supereffective|p1a: Whimsicott|1\n|-damage|p1a: Whimsicott|32/100\n|\n|upkeep\n|turn|2\n|\n|t:|1776198272\n|switch|p1a: Glimmora|Glimmora, L50, F|100/100\n|move|p1b: Decidueye|Protect|p1b: Decidueye\n|-singleturn|p1b: Decidueye|Protect\n|move|p2b: Millie|Protect|p2b: Millie\n|-singleturn|p2b: Millie|Protect\n|move|p2a: Meg|Raging Bull|p1b: Decidueye\n|-activate|p1b: Decidueye|move: Protect\n|\n|upkeep\n|turn|3\n|\n|t:|1776198296\n|switch|p2a: Mike Mitch & Mo|Maushold, L50|100/100\n|switch|p2b: Moxie|Medicham, L50, F|100/100\n|detailschange|p1a: Glimmora|Glimmora-Mega, L50, F\n|-mega|p1a: Glimmora|Glimmora|Glimmoranite\n|move|p1a: Glimmora|Earth Power|p2a: Mike Mitch & Mo\n|-damage|p2a: Mike Mitch & Mo|52/100\n|move|p1b: Decidueye|Dual Wingbeat|p2a: Mike Mitch & Mo\n|-damage|p2a: Mike Mitch & Mo|33/100\n|-enditem|p2a: Mike Mitch & Mo|Sitrus Berry|[eat]\n|-heal|p2a: Mike Mitch & Mo|57/100|[from] item: Sitrus Berry\n|-damage|p2a: Mike Mitch & Mo|39/100\n|-hitcount|p2a: Mike Mitch & Mo|2\n|\n|upkeep\n|turn|4\n|\n|t:|1776198343\n|detailschange|p2b: Moxie|Medicham-Mega, L50, F\n|-mega|p2b: Moxie|Medicham|Medichamite\n|move|p1a: Glimmora|Dazzling Gleam|p2b: Moxie|[spread] p2a,p2b\n|-supereffective|p2b: Moxie|1\n|-damage|p2a: Mike Mitch & Mo|8/100\n|-damage|p2b: Moxie|59/100\n|move|p1b: Decidueye|Dual Wingbeat|p2b: Moxie\n|-supereffective|p2b: Moxie|1\n|-damage|p2b: Moxie|31/100\n|-supereffective|p2b: Moxie|1\n|-damage|p2b: Moxie|5/100\n|-hitcount|p2b: Moxie|2\n|move|p2a: Mike Mitch & Mo|Thunder Wave|p1a: Glimmora\n|-status|p1a: Glimmora|par\n|move|p2b: Moxie|Zen Headbutt|p1a: Glimmora\n|-supereffective|p1a: Glimmora|1\n|-damage|p1a: Glimmora|0 fnt\n|faint|p1a: Glimmora\n|\n|-sideend|p1: Bardo52|move: Tailwind\n|upkeep\n|\n|t:|1776198367\n|switch|p1a: Whimsicott|Whimsicott, L50, M|32/100\n|turn|5\n|\n|t:|1776198377\n|switch|p2b: Millie|Milotic, L50, F|1/100\n|move|p1b: Decidueye|Protect|p1b: Decidueye\n|-singleturn|p1b: Decidueye|Protect\n|move|p1a: Whimsicott|Tailwind|p1a: Whimsicott\n|-sidestart|p1: Bardo52|move: Tailwind\n|move|p2a: Mike Mitch & Mo|Population Bomb|p1a: Whimsicott\n|-damage|p1a: Whimsicott|23/100\n|-damage|p1a: Whimsicott|15/100\n|-crit|p1a: Whimsicott\n|-damage|p1a: Whimsicott|3/100\n|-damage|p1a: Whimsicott|0 fnt\n|faint|p1a: Whimsicott\n|-hitcount|p1: Whimsicott|4\n|\n|upkeep\n|\n|t:|1776198394\n|switch|p1a: Rotom|Rotom-Heat, L50|100/100\n|turn|6\n|\n|t:|1776198411\n|switch|p2b: Meg|Tauros-Paldea-Blaze, L50, M|100/100\n|-ability|p2b: Meg|Intimidate|boost\n|-unboost|p1a: Rotom|atk|1\n|-fail|p1b: Decidueye|unboost|Attack|[from] ability: Scrappy|[of] p1b: Decidueye\n|move|p1a: Rotom|Thunderbolt|p2a: Mike Mitch & Mo\n|-damage|p2a: Mike Mitch & Mo|0 fnt\n|faint|p2a: Mike Mitch & Mo\n|move|p1b: Decidueye|Triple Arrows|p2b: Meg\n|-damage|p2b: Meg|47/100\n|\n|upkeep\n|\n|t:|1776198421\n|switch|p2a: Millie|Milotic, L50, F|1/100\n|turn|7\n|\n|t:|1776198430\n|move|p2a: Millie|Protect|p2a: Millie\n|-singleturn|p2a: Millie|Protect\n|move|p1a: Rotom|Thunderbolt|p2a: Millie\n|-activate|p2a: Millie|move: Protect\n|move|p2b: Meg|Raging Bull|p1b: Decidueye\n|-supereffective|p1b: Decidueye|1\n|-damage|p1b: Decidueye|12/100\n|move|p1b: Decidueye|Triple Arrows|p2b: Meg\n|-crit|p2b: Meg\n|-damage|p2b: Meg|0 fnt\n|faint|p2b: Meg\n|\n|upkeep\n|\n|t:|1776198441\n|switch|p2b: Moxie|Medicham-Mega, L50, F|5/100\n|turn|8\n|\n|t:|1776198451\n|move|p2b: Moxie|Fake Out|p1b: Decidueye\n|-crit|p1b: Decidueye\n|-damage|p1b: Decidueye|0 fnt\n|faint|p1b: Decidueye\n|move|p1a: Rotom|Thunderbolt|p2a: Millie\n|-supereffective|p2a: Millie|1\n|-enditem|p2a: Millie|Wacan Berry|[eat]\n|-enditem|p2a: Millie|Wacan Berry|[weaken]\n|-damage|p2a: Millie|0 fnt\n|faint|p2a: Millie\n|\n|-sideend|p1: Bardo52|move: Tailwind\n|upkeep\n|turn|9\n|\n|t:|1776198462\n|move|p1a: Rotom|Thunderbolt|p2b: Moxie\n|-damage|p2b: Moxie|0 fnt\n|faint|p2b: Moxie\n|\n|win|Bardo52\n||GeneticIvy is ready for game 3.\n||Bardo52 is ready for game 3.\n|uhtml|next|Next: <a href=\"/battle-gen9championsvgc2026regma-2583798207\"><strong>Game 3 of 3</strong></a>\n",
  "uploadtime": 1776198846,
  "views": 32,
  "formatid": "gen9championsvgc2026regma",
  "rating": null,
  "private": 0,
  "password": null
}