{
  "id": "gen9championsvgc2026regma-2580444989",
  "format": "[Gen 9 Champions] VGC 2026 Reg M-A",
  "players": [
    "areestoo",
    "sillysanch"
  ],
  "log": "|j|\u2606areestoo\n|j|\u2606sillysanch\n|t:|1775897604\n|gametype|doubles\n|player|p1|areestoo|265|1000\n|player|p2|sillysanch|rosa|1000\n|gen|9\n|tier|[Gen 9 Champions] VGC 2026 Reg M-A\n|rated|\n|rule|Species Clause: Limit one of each Pok\u00e9mon\n|rule|Item Clause: Limit 1 of each item\n|clearpoke\n|poke|p1|Delphox, L50, F|\n|poke|p1|Garchomp, L50, M|\n|poke|p1|Whimsicott, L50, M|\n|poke|p1|Rotom-Wash, L50|\n|poke|p1|Aegislash, L50, M|\n|poke|p1|Incineroar, L50, M|\n|poke|p2|Lopunny, L50, M|\n|poke|p2|Talonflame, L50, M|\n|poke|p2|Charizard, L50, M|\n|poke|p2|Klefki, L50, F|\n|poke|p2|Rotom-Mow, L50|\n|poke|p2|Gyarados, L50, M|\n|teampreview|4\n|inactive|Battle timer is ON: inactive players will automatically lose when time's up. (requested by areestoo)\n|inactive|sillysanch has 60 seconds left.\n|\n|t:|1775897654\n|teamsize|p1|4\n|teamsize|p2|4\n|start\n|switch|p1a: Incineroar|Incineroar, L50, M|100/100\n|switch|p1b: Delphox|Delphox, L50, F|100/100\n|switch|p2a: Lopunny|Lopunny, L50, M|100/100\n|switch|p2b: Talonflame|Talonflame, L50, M|100/100\n|-ability|p1a: Incineroar|Intimidate|boost\n|-unboost|p2a: Lopunny|atk|1\n|-unboost|p2b: Talonflame|atk|1\n|turn|1\n|\n|t:|1775897671\n|switch|p1a: Whimsicott|Whimsicott, L50, M|100/100\n|detailschange|p1b: Delphox|Delphox-Mega, L50, F\n|-mega|p1b: Delphox|Delphox|Delphoxite\n|move|p2a: Lopunny|Fake Out|p1a: Whimsicott\n|-damage|p1a: Whimsicott|84/100\n|move|p2b: Talonflame|Tailwind|p2b: Talonflame\n|-sidestart|p2: sillysanch|move: Tailwind\n|move|p1b: Delphox|Heat Wave|p2b: Talonflame|[spread] p2a,p2b\n|-resisted|p2b: Talonflame|1\n|-damage|p2a: Lopunny|51/100\n|-damage|p2b: Talonflame|68/100\n|\n|upkeep\n|turn|2\n|inactive|sillysanch has 30 seconds left.\n|\n|t:|1775897706\n|switch|p2a: Charizard|Charizard, L50, M|100/100\n|move|p1a: Whimsicott|Encore||[still]\n|-fail|p1a: Whimsicott\n|move|p2b: Talonflame|Brave Bird|p1a: Whimsicott\n|-supereffective|p1a: Whimsicott|1\n|-damage|p1a: Whimsicott|0 fnt\n|faint|p1a: Whimsicott\n|-damage|p2b: Talonflame|44/100|[from] Recoil\n|move|p1b: Delphox|Psyshock|p2b: Talonflame\n|-damage|p2b: Talonflame|0 fnt\n|faint|p2b: Talonflame\n|\n|upkeep\n|inactive|sillysanch has 30 seconds left.\n|\n|t:|1775897737\n|switch|p2b: Lopunny|Lopunny, L50, M|51/100\n|switch|p1a: Incineroar|Incineroar, L50, M|100/100\n|-ability|p1a: Incineroar|Intimidate|boost\n|-unboost|p2a: Charizard|atk|1\n|-unboost|p2b: Lopunny|atk|1\n|turn|3\n|inactive|sillysanch has 30 seconds left.\n|inactive|sillysanch has 20 seconds left.\n|\n|t:|1775897773\n|switch|p2a: Gyarados|Gyarados, L50, M|100/100\n|-ability|p2a: Gyarados|Intimidate|boost\n|-unboost|p1a: Incineroar|atk|1\n|-unboost|p1b: Delphox|atk|1\n|move|p2b: Lopunny|Fake Out|p1b: Delphox\n|-crit|p1b: Delphox\n|-damage|p1b: Delphox|66/100\n|move|p1a: Incineroar|Fake Out|p2a: Gyarados\n|-damage|p2a: Gyarados|93/100\n|cant|p1b: Delphox|flinch\n|\n|upkeep\n|turn|4\n|\n|t:|1775897796\n|move|p1b: Delphox|Protect|p1b: Delphox\n|-singleturn|p1b: Delphox|Protect\n|move|p2b: Lopunny|Close Combat|p1a: Incineroar\n|-supereffective|p1a: Incineroar|1\n|-enditem|p1a: Incineroar|Chople Berry|[eat]\n|-enditem|p1a: Incineroar|Chople Berry|[weaken]\n|-damage|p1a: Incineroar|83/100\n|-unboost|p2b: Lopunny|def|1\n|-unboost|p2b: Lopunny|spd|1\n|move|p2a: Gyarados|Waterfall|p1a: Incineroar\n|-supereffective|p1a: Incineroar|1\n|-damage|p1a: Incineroar|0 fnt\n|faint|p1a: Incineroar\n|\n|-sideend|p2: sillysanch|move: Tailwind\n|upkeep\n|\n|t:|1775897798\n|switch|p1a: Garchomp|Garchomp, L50, M|100/100\n|turn|5\n|\n|t:|1775897820\n|move|p2b: Lopunny|Helping Hand|p2a: Gyarados\n|-singleturn|p2a: Gyarados|Helping Hand|[of] p2b: Lopunny\n|move|p1b: Delphox|Dazzling Gleam|p2a: Gyarados|[spread] p2a,p2b\n|-damage|p2a: Gyarados|71/100\n|-damage|p2b: Lopunny|9/100\n|move|p1a: Garchomp|Rock Slide|p2a: Gyarados|[spread] p2a,p2b\n|-supereffective|p2a: Gyarados|1\n|-damage|p2a: Gyarados|26/100\n|-damage|p2b: Lopunny|0 fnt\n|faint|p2b: Lopunny\n|move|p2a: Gyarados|Ice Fang|p1a: Garchomp\n|-supereffective|p1a: Garchomp|2\n|-damage|p1a: Garchomp|0 fnt\n|-damage|p2a: Gyarados|13/100|[from] ability: Rough Skin|[of] p1a: Garchomp\n|faint|p1a: Garchomp\n|\n|upkeep\n|\n|t:|1775897834\n|switch|p2b: Charizard|Charizard, L50, M|100/100\n|turn|6\n|inactive|sillysanch has 30 seconds left.\n|\n|t:|1775897860\n|detailschange|p2b: Charizard|Charizard-Mega-X, L50, M\n|-mega|p2b: Charizard|Charizard|Charizardite X\n|move|p2a: Gyarados|Protect|p2a: Gyarados\n|-singleturn|p2a: Gyarados|Protect\n|move|p1b: Delphox|Heat Wave|p2a: Gyarados|[spread] p2b\n|-activate|p2a: Gyarados|move: Protect\n|-resisted|p2b: Charizard|2\n|-damage|p2b: Charizard|88/100\n|move|p2b: Charizard|Dragon Claw|p1b: Delphox\n|-crit|p1b: Delphox\n|-damage|p1b: Delphox|0 fnt\n|faint|p1b: Delphox\n|\n|win|sillysanch\n|raw|areestoo's rating: 1000 &rarr; <strong>1000</strong><br />(+0 for losing)\n|raw|sillysanch's rating: 1000 &rarr; <strong>1040</strong><br />(+40 for winning)\n",
  "uploadtime": 1775897860,
  "views": 18,
  "formatid": "gen9championsvgc2026regma",
  "rating": 1000,
  "private": 0,
  "password": null
}