{
  "id": "gen9championsvgc2026regma-2580618097",
  "format": "[Gen 9 Champions] VGC 2026 Reg M-A",
  "players": [
    "azelflux",
    "Cyclosz"
  ],
  "log": "|j|\u203dazelflux\n|j|\u2606Cyclosz\n|t:|1775918550\n|gametype|doubles\n|player|p1|azelflux|n|1056\n|player|p2|Cyclosz|swimmerf-gen4|1090\n|gen|9\n|tier|[Gen 9 Champions] VGC 2026 Reg M-A\n|rated|\n|rule|Species Clause: Limit one of each Pok\u00e9mon\n|rule|Item Clause: Limit 1 of each item\n|clearpoke\n|poke|p1|Meganium, L50, F|\n|poke|p1|Farigiraf, L50, F|\n|poke|p1|Pelipper, L50, M|\n|poke|p1|Basculegion-F, L50, F|\n|poke|p1|Excadrill, L50, M|\n|poke|p1|Raichu, L50, M|\n|poke|p2|Pelipper, L50, M|\n|poke|p2|Palafin, L50, M|\n|poke|p2|Archaludon, L50, F|\n|poke|p2|Meganium, L50, F|\n|poke|p2|Dragonite, L50, M|\n|poke|p2|Kingambit, L50, F|\n|teampreview|4\n|\n|t:|1775918578\n|teamsize|p1|4\n|teamsize|p2|4\n|start\n|switch|p1a: Raichu|Raichu, L50, M|100/100\n|switch|p1b: Meganium|Meganium, L50, F|100/100\n|switch|p2a: Palafin|Palafin, L50, M|100/100\n|switch|p2b: Pelipper|Pelipper, L50, M|100/100\n|-weather|RainDance|[from] ability: Drizzle|[of] p2b: Pelipper\n|turn|1\n|\n|t:|1775918601\n|detailschange|p2a: Palafin|Palafin-Hero, L50, M\n|switch|p2a: Meganium|Meganium, L50, F|100/100\n|detailschange|p1b: Meganium|Meganium-Mega, L50, F\n|-mega|p1b: Meganium|Meganium|Meganiumite\n|move|p1a: Raichu|Volt Switch|p2b: Pelipper\n|-supereffective|p2b: Pelipper|2\n|-enditem|p2b: Pelipper|Focus Sash\n|-damage|p2b: Pelipper|1/100\n|\n|t:|1775918613\n|switch|p1a: Farigiraf|Farigiraf, L50, F|100/100|[from] Volt Switch\n|move|p2b: Pelipper|Hurricane|p1b: Meganium\n|-supereffective|p1b: Meganium|1\n|-damage|p1b: Meganium|10/100\n|move|p1b: Meganium|Earth Power|p2a: Meganium\n|-resisted|p2a: Meganium|1\n|-damage|p2a: Meganium|85/100\n|-unboost|p2a: Meganium|spd|1\n|\n|-weather|RainDance|[upkeep]\n|upkeep\n|turn|2\n|\n|t:|1775918626\n|switch|p1b: Raichu|Raichu, L50, M|100/100\n|detailschange|p2a: Meganium|Meganium-Mega, L50, F\n|-mega|p2a: Meganium|Meganium|Meganiumite\n|move|p2b: Pelipper|Tailwind|p2b: Pelipper\n|-sidestart|p2: Cyclosz|move: Tailwind\n|move|p2a: Meganium|Dazzling Gleam|p1a: Farigiraf|[spread] p1a,p1b\n|-damage|p1a: Farigiraf|70/100\n|-damage|p1b: Raichu|51/100\n|move|p1a: Farigiraf|Trick Room|p1a: Farigiraf\n|-fieldstart|move: Trick Room|[of] p1a: Farigiraf\n|\n|-weather|RainDance|[upkeep]\n|upkeep\n|turn|3\n|\n|t:|1775918660\n|switch|p2a: Dragonite|Dragonite, L50, M|100/100\n|move|p2b: Pelipper|Protect|p2b: Pelipper\n|-singleturn|p2b: Pelipper|Protect\n|move|p1b: Raichu|Fake Out|p2b: Pelipper\n|-activate|p2b: Pelipper|move: Protect\n|move|p1a: Farigiraf|Nasty Plot|p1a: Farigiraf\n|-boost|p1a: Farigiraf|spa|2\n|\n|-weather|RainDance|[upkeep]\n|upkeep\n|turn|4\n|\n|t:|1775918682\n|move|p1a: Farigiraf|Protect|p1a: Farigiraf\n|-singleturn|p1a: Farigiraf|Protect\n|move|p2b: Pelipper|Protect||[still]\n|-fail|p2b: Pelipper\n|move|p1b: Raichu|Endeavor|p2a: Dragonite\n|-damage|p2a: Dragonite|41/100\n|move|p2a: Dragonite|Draco Meteor|p1a: Farigiraf\n|-activate|p1a: Farigiraf|move: Protect\n|\n|-weather|RainDance|[upkeep]\n|upkeep\n|turn|5\n|inactive|Battle timer is ON: inactive players will automatically lose when time's up. (requested by azelflux)\n|\n|t:|1775918694\n|switch|p2b: Meganium|Meganium-Mega, L50, F|85/100\n|move|p1a: Farigiraf|Psychic|p2a: Dragonite\n|-damage|p2a: Dragonite|0 fnt\n|faint|p2a: Dragonite\n|move|p1b: Raichu|Volt Switch|p2b: Meganium\n|-resisted|p2b: Meganium|1\n|-damage|p2b: Meganium|75/100\n|\n|t:|1775918704\n|switch|p1b: Pelipper|Pelipper, L50, M|100/100|[from] Volt Switch\n|\n|-weather|none\n|-sideend|p2: Cyclosz|move: Tailwind\n|upkeep\n|\n|t:|1775918707\n|switch|p2a: Palafin|Palafin-Hero, L50, M|100/100\n|-activate|p2a: Palafin|ability: Zero to Hero\n|turn|6\n|\n|t:|1775918719\n|move|p1a: Farigiraf|Psychic|p2a: Palafin\n|-damage|p2a: Palafin|3/100\n|move|p2b: Meganium|Solar Beam||[still]\n|-prepare|p2b: Meganium|Solar Beam\n|-activate|p2b: Meganium|ability: Mega Sol\n|-anim|p2b: Meganium|Solar Beam|p1a: Farigiraf\n|-damage|p1a: Farigiraf|5/100\n|move|p1b: Pelipper|Hurricane|p2b: Meganium\n|-supereffective|p2b: Meganium|1\n|-damage|p2b: Meganium|4/100\n|-start|p2b: Meganium|confusion\n|move|p2a: Palafin|Wave Crash|p1a: Farigiraf\n|-damage|p1a: Farigiraf|0 fnt\n|faint|p1a: Farigiraf\n|-damage|p2a: Palafin|2/100|[from] Recoil\n|\n|-fieldend|move: Trick Room\n|upkeep\n|\n|t:|1775918738\n|switch|p1a: Raichu|Raichu, L50, M|51/100\n|turn|7\n|\n|t:|1775918759\n|switch|p2b: Pelipper|Pelipper, L50, M|1/100\n|-weather|RainDance|[from] ability: Drizzle|[of] p2b: Pelipper\n|move|p1a: Raichu|Fake Out|p2a: Palafin\n|-damage|p2a: Palafin|0 fnt\n|faint|p2a: Palafin\n|move|p1b: Pelipper|Tailwind|p1b: Pelipper\n|-sidestart|p1: azelflux|move: Tailwind\n|\n|-weather|RainDance|[upkeep]\n|upkeep\n|\n|t:|1775918765\n|switch|p2a: Meganium|Meganium-Mega, L50, F|4/100\n|turn|8\n|\n|t:|1775918774\n|move|p1a: Raichu|Volt Switch|p2a: Meganium\n|-resisted|p2a: Meganium|1\n|-damage|p2a: Meganium|0 fnt\n|faint|p2a: Meganium\n|\n|t:|1775918777\n|switch|p1a: Meganium|Meganium-Mega, L50, F|10/100|[from] Volt Switch\n|move|p1b: Pelipper|Hurricane|p2b: Pelipper\n|-damage|p2b: Pelipper|0 fnt\n|faint|p2b: Pelipper\n|\n|win|azelflux\n|raw|azelflux's rating: 1056 &rarr; <strong>1091</strong><br />(+35 for winning)\n|raw|Cyclosz's rating: 1090 &rarr; <strong>1064</strong><br />(-26 for losing)\n|l|\u2606Cyclosz\n|player|p2|\n",
  "uploadtime": 1775918780,
  "views": 12,
  "formatid": "gen9championsvgc2026regma",
  "rating": 1064,
  "private": 0,
  "password": null
}