{
  "id": "gen9championsvgc2026regma-2587857606",
  "format": "[Gen 9 Champions] VGC 2026 Reg M-A",
  "players": [
    "zhz2021",
    "testballs"
  ],
  "log": "|j|\u2606zhz2021\n|j|\u203dtestballs\n|t:|1776571307\n|gametype|doubles\n|player|p1|zhz2021|marley|1538\n|player|p2|testballs|twins|1431\n|gen|9\n|tier|[Gen 9 Champions] VGC 2026 Reg M-A\n|rated|\n|rule|Species Clause: Limit one of each Pok\u00e9mon\n|rule|Item Clause: Limit 1 of each item\n|clearpoke\n|poke|p1|Sableye, L50, M|\n|poke|p1|Archaludon, L50, F|\n|poke|p1|Scovillain, L50, M, shiny|\n|poke|p1|Basculegion-F, L50, F, shiny|\n|poke|p1|Pelipper, L50, F|\n|poke|p1|Mamoswine, L50, M|\n|poke|p2|Hydreigon, L50, F|\n|poke|p2|Meganium, L50, F|\n|poke|p2|Volcarona, L50, F|\n|poke|p2|Scizor, L50, M|\n|poke|p2|Milotic, L50, F|\n|poke|p2|Sneasler, L50, F|\n|teampreview|4\n|j| TwoTop1\n|j| s25ultra\n|l| s25ultra\n|\n|t:|1776571345\n|teamsize|p1|4\n|teamsize|p2|4\n|start\n|switch|p1a: Scovillain|Scovillain, L50, M, shiny|100/100\n|switch|p1b: Basculegion|Basculegion-F, L50, F, shiny|100/100\n|switch|p2a: Hydreigon|Hydreigon, L50, F|100/100\n|switch|p2b: Meganium|Meganium, L50, F|100/100\n|turn|1\n|\n|t:|1776571380\n|detailschange|p2b: Meganium|Meganium-Mega, L50, F\n|-mega|p2b: Meganium|Meganium|Meganiumite\n|detailschange|p1a: Scovillain|Scovillain-Mega, L50, M, shiny\n|-mega|p1a: Scovillain|Scovillain|Scovillainite\n|move|p1b: Basculegion|Protect|p1b: Basculegion\n|-singleturn|p1b: Basculegion|Protect\n|move|p2a: Hydreigon|Snarl|p1b: Basculegion|[spread] p1a\n|-activate|p1b: Basculegion|move: Protect\n|-damage|p1a: Scovillain|79/100\n|-unboost|p1a: Scovillain|spa|1\n|-status|p2a: Hydreigon|brn|[from] ability: Spicy Spray|[of] p1a: Scovillain\n|move|p2b: Meganium|Dazzling Gleam|p1b: Basculegion|[spread] p1a\n|-activate|p1b: Basculegion|move: Protect\n|-resisted|p1a: Scovillain|1\n|-damage|p1a: Scovillain|59/100\n|-status|p2b: Meganium|brn|[from] ability: Spicy Spray|[of] p1a: Scovillain\n|move|p1a: Scovillain|Overheat|p2b: Meganium\n|-supereffective|p2b: Meganium|1\n|-damage|p2b: Meganium|30/100 brn\n|-unboost|p1a: Scovillain|spa|2\n|\n|-damage|p2a: Hydreigon|95/100 brn|[from] brn\n|-damage|p2b: Meganium|24/100 brn|[from] brn\n|upkeep\n|turn|2\n|\n|t:|1776571412\n|switch|p1b: Pelipper|Pelipper, L50, F|100/100\n|-weather|RainDance|[from] ability: Drizzle|[of] p1b: Pelipper\n|move|p1a: Scovillain|Protect|p1a: Scovillain\n|-singleturn|p1a: Scovillain|Protect\n|move|p2a: Hydreigon|Snarl|p1a: Scovillain|[spread] p1b\n|-activate|p1a: Scovillain|move: Protect\n|-damage|p1b: Pelipper|72/100\n|-unboost|p1b: Pelipper|spa|1\n|move|p2b: Meganium|Weather Ball|p1a: Scovillain\n|-activate|p1a: Scovillain|move: Protect\n|\n|-weather|RainDance|[upkeep]\n|-damage|p2a: Hydreigon|89/100 brn|[from] brn\n|-damage|p2b: Meganium|18/100 brn|[from] brn\n|upkeep\n|turn|3\n|\n|t:|1776571439\n|move|p2a: Hydreigon|Snarl|p1b: Pelipper|[spread] p1a,p1b\n|-damage|p1a: Scovillain|36/100\n|-damage|p1b: Pelipper|43/100\n|-unboost|p1a: Scovillain|spa|1\n|-unboost|p1b: Pelipper|spa|1\n|-enditem|p1b: Pelipper|Sitrus Berry|[eat]\n|-heal|p1b: Pelipper|67/100|[from] item: Sitrus Berry\n|move|p1b: Pelipper|Tailwind|p1b: Pelipper\n|-sidestart|p1: zhz2021|move: Tailwind\n|move|p1a: Scovillain|Overheat|p2b: Meganium\n|-supereffective|p2b: Meganium|1\n|-damage|p2b: Meganium|2/100 brn\n|-unboost|p1a: Scovillain|spa|2\n|move|p2b: Meganium|Weather Ball|p1a: Scovillain\n|-damage|p1a: Scovillain|0 fnt\n|faint|p1a: Scovillain\n|\n|-weather|RainDance|[upkeep]\n|-damage|p2a: Hydreigon|83/100 brn|[from] brn\n|-damage|p2b: Meganium|0 fnt|[from] brn\n|faint|p2b: Meganium\n|upkeep\n|\n|t:|1776571456\n|switch|p2b: Milotic|Milotic, L50, F|100/100\n|switch|p1a: Mamoswine|Mamoswine, L50, M|100/100\n|turn|4\n|\n|t:|1776571467\n|switch|p1b: Basculegion|Basculegion-F, L50, F, shiny|100/100\n|switch|p2a: Scizor|Scizor, L50, M|100/100\n|move|p1a: Mamoswine|Icicle Crash|p2a: Scizor\n|-resisted|p2a: Scizor|1\n|-damage|p2a: Scizor|77/100\n|move|p2b: Milotic|Muddy Water|p1b: Basculegion|[spread] p1a,p1b\n|-supereffective|p1a: Mamoswine|1\n|-resisted|p1b: Basculegion|1\n|-damage|p1a: Mamoswine|10/100\n|-damage|p1b: Basculegion|79/100\n|-unboost|p1b: Basculegion|accuracy|1\n|\n|-weather|RainDance|[upkeep]\n|upkeep\n|turn|5\n|\n|t:|1776571504\n|switch|p1a: Pelipper|Pelipper, L50, F|67/100\n|move|p2a: Scizor|Bullet Punch|p1a: Pelipper\n|-resisted|p1a: Pelipper|1\n|-damage|p1a: Pelipper|47/100\n|move|p1b: Basculegion|Muddy Water|p2b: Milotic|[spread] p2a\n|-miss|p1b: Basculegion|p2b: Milotic\n|-damage|p2a: Scizor|19/100\n|move|p2b: Milotic|Muddy Water|p1a: Pelipper|[spread] p1a,p1b\n|-resisted|p1a: Pelipper|1\n|-resisted|p1b: Basculegion|1\n|-damage|p1a: Pelipper|23/100\n|-damage|p1b: Basculegion|58/100\n|\n|-weather|RainDance|[upkeep]\n|upkeep\n|turn|6\n|\n|t:|1776571548\n|switch|p2a: Hydreigon|Hydreigon, L50, F|83/100 brn\n|move|p1b: Basculegion|Muddy Water|p2b: Milotic|[spread] p2a,p2b\n|-resisted|p2a: Hydreigon|1\n|-resisted|p2b: Milotic|1\n|-damage|p2a: Hydreigon|58/100 brn\n|-damage|p2b: Milotic|85/100\n|-unboost|p2a: Hydreigon|accuracy|1\n|move|p1a: Pelipper|Hurricane|p2a: Hydreigon\n|-damage|p2a: Hydreigon|18/100 brn\n|-start|p2a: Hydreigon|confusion\n|move|p2b: Milotic|Muddy Water|p1b: Basculegion|[spread] p1a,p1b\n|-resisted|p1a: Pelipper|1\n|-resisted|p1b: Basculegion|1\n|-damage|p1a: Pelipper|0 fnt\n|-damage|p1b: Basculegion|38/100\n|faint|p1a: Pelipper\n|\n|-weather|none\n|-heal|p2b: Milotic|91/100|[from] item: Leftovers\n|-damage|p2a: Hydreigon|12/100 brn|[from] brn\n|-sideend|p1: zhz2021|move: Tailwind\n|upkeep\n|\n|t:|1776571559\n|switch|p1a: Mamoswine|Mamoswine, L50, M|10/100\n|turn|7\n|\n|t:|1776571570\n|move|p2b: Milotic|Protect|p2b: Milotic\n|-singleturn|p2b: Milotic|Protect\n|-activate|p2a: Hydreigon|confusion\n|-damage|p2a: Hydreigon|2/100 brn|[from] confusion\n|move|p1a: Mamoswine|Rock Slide|p2a: Hydreigon|[spread] p2a\n|-activate|p2b: Milotic|move: Protect\n|-damage|p2a: Hydreigon|0 fnt\n|faint|p2a: Hydreigon\n|move|p1b: Basculegion|Hex|p2b: Milotic\n|-activate|p2b: Milotic|move: Protect\n|\n|-heal|p2b: Milotic|97/100|[from] item: Leftovers\n|upkeep\n|\n|t:|1776571575\n|switch|p2a: Scizor|Scizor, L50, M|19/100\n|turn|8\n|\n|t:|1776571580\n|move|p2a: Scizor|Bullet Punch|p1a: Mamoswine\n|-supereffective|p1a: Mamoswine|1\n|-damage|p1a: Mamoswine|0 fnt\n|faint|p1a: Mamoswine\n|move|p1b: Basculegion|Muddy Water|p2a: Scizor|[spread] p2a,p2b\n|-resisted|p2b: Milotic|1\n|-damage|p2a: Scizor|0 fnt\n|-damage|p2b: Milotic|86/100\n|faint|p2a: Scizor\n|move|p2b: Milotic|Muddy Water|p1b: Basculegion\n|-resisted|p1b: Basculegion|1\n|-damage|p1b: Basculegion|20/100\n|-unboost|p1b: Basculegion|accuracy|1\n|\n|-heal|p2b: Milotic|92/100|[from] item: Leftovers\n|upkeep\n|turn|9\n|-message|zhz2021 forfeited.\n|\n|win|testballs\n|raw|zhz2021's rating: 1538 &rarr; <strong>1512</strong><br />(-26 for losing)\n|raw|testballs's rating: 1431 &rarr; <strong>1457</strong><br />(+26 for winning)\n|l|\u2606zhz2021\n|player|p1|\n|l| TwoTop1\n",
  "uploadtime": 1776571675,
  "views": 13,
  "formatid": "gen9championsvgc2026regma",
  "rating": 1457,
  "private": 0,
  "password": null
}