{
  "id": "gen9championsvgc2026regma-2584987099",
  "format": "[Gen 9 Champions] VGC 2026 Reg M-A",
  "players": [
    "Tinen",
    "Ethan Young"
  ],
  "log": "|j|\u2606Tinen\n|j|\u2606Ethan Young\n|t:|1776300864\n|gametype|doubles\n|player|p1|Tinen|dancer|1085\n|player|p2|Ethan Young|170|1087\n|gen|9\n|tier|[Gen 9 Champions] VGC 2026 Reg M-A\n|rated|\n|rule|Species Clause: Limit one of each Pok\u00e9mon\n|rule|Item Clause: Limit 1 of each item\n|clearpoke\n|poke|p1|Dragonite, L50, M|\n|poke|p1|Scizor, L50, F|\n|poke|p1|Pelipper, L50, M|\n|poke|p1|Basculegion, L50, M|\n|poke|p1|Sinistcha, L50|\n|poke|p1|Umbreon, L50, F|\n|poke|p2|Ampharos, L50, F|\n|poke|p2|Sinistcha-Masterpiece, L50|\n|poke|p2|Politoed, L50, M|\n|poke|p2|Camerupt, L50, F|\n|poke|p2|Alakazam, L50, M|\n|poke|p2|Kingambit, L50, M|\n|teampreview|4\n|\n|t:|1776300882\n|teamsize|p1|4\n|teamsize|p2|4\n|start\n|switch|p1a: Pelipper|Pelipper, L50, M|100/100\n|switch|p1b: Sinistcha|Sinistcha, L50|100/100\n|switch|p2a: Camerupt|Camerupt, L50, F|100/100\n|switch|p2b: Alakazam|Alakazam, L50, M|100/100\n|-weather|RainDance|[from] ability: Drizzle|[of] p1a: Pelipper\n|turn|1\n|\n|t:|1776300897\n|detailschange|p2a: Camerupt|Camerupt-Mega, L50, F\n|-mega|p2a: Camerupt|Camerupt|Cameruptite\n|move|p2a: Camerupt|Protect|p2a: Camerupt\n|-singleturn|p2a: Camerupt|Protect\n|move|p2b: Alakazam|Sunny Day|p2b: Alakazam\n|-weather|SunnyDay\n|move|p1b: Sinistcha|Matcha Gotcha|p2a: Camerupt|[spread] p2b\n|-activate|p2a: Camerupt|move: Protect\n|-damage|p2b: Alakazam|59/100\n|move|p1a: Pelipper|Tailwind|p1a: Pelipper\n|-sidestart|p1: Tinen|move: Tailwind\n|\n|-weather|SunnyDay|[upkeep]\n|upkeep\n|turn|2\n|\n|t:|1776300926\n|switch|p1a: Dragonite|Dragonite, L50, M, shiny|100/100\n|move|p2b: Alakazam|Disable||[still]\n|-fail|p2b: Alakazam\n|move|p1b: Sinistcha|Hex|p2b: Alakazam\n|-supereffective|p2b: Alakazam|1\n|-damage|p2b: Alakazam|0 fnt\n|faint|p2b: Alakazam\n|move|p2a: Camerupt|Heat Wave|p1b: Sinistcha|[spread] p1a,p1b\n|-resisted|p1a: Dragonite|1\n|-supereffective|p1b: Sinistcha|1\n|-damage|p1a: Dragonite|80/100\n|-damage|p1b: Sinistcha|0 fnt\n|faint|p1b: Sinistcha\n|\n|-weather|SunnyDay|[upkeep]\n|upkeep\n|\n|t:|1776300942\n|switch|p2b: Sinistcha|Sinistcha-Masterpiece, L50|100/100\n|switch|p1b: Pelipper|Pelipper, L50, M|100/100\n|-weather|RainDance|[from] ability: Drizzle|[of] p1b: Pelipper\n|turn|3\n|\n|t:|1776300952\n|detailschange|p1a: Dragonite|Dragonite-Mega, L50, M, shiny\n|-mega|p1a: Dragonite|Dragonite|Dragoninite\n|move|p2a: Camerupt|Protect|p2a: Camerupt\n|-singleturn|p2a: Camerupt|Protect\n|move|p1a: Dragonite|Weather Ball|p2a: Camerupt\n|-activate|p2a: Camerupt|move: Protect\n|move|p1b: Pelipper|Hurricane|p2b: Sinistcha\n|-supereffective|p2b: Sinistcha|1\n|-damage|p2b: Sinistcha|29/100\n|move|p2b: Sinistcha|Trick Room|p2b: Sinistcha\n|-fieldstart|move: Trick Room|[of] p2b: Sinistcha\n|\n|-weather|RainDance|[upkeep]\n|-heal|p2b: Sinistcha|35/100|[from] item: Leftovers\n|upkeep\n|turn|4\n|\n|t:|1776300982\n|switch|p2a: Kingambit|Kingambit, L50, M|100/100\n|move|p2b: Sinistcha|Matcha Gotcha|p1a: Dragonite|[spread] p1a\n|-miss|p2b: Sinistcha|p1b: Pelipper\n|-resisted|p1a: Dragonite|2\n|-crit|p1a: Dragonite\n|-damage|p1a: Dragonite|72/100\n|-heal|p2b: Sinistcha|39/100|[from] drain|[of] p1a: Dragonite\n|move|p1b: Pelipper|Weather Ball|p2a: Kingambit\n|-damage|p2a: Kingambit|43/100\n|move|p1a: Dragonite|Hurricane|p2b: Sinistcha\n|-supereffective|p2b: Sinistcha|1\n|-damage|p2b: Sinistcha|0 fnt\n|faint|p2b: Sinistcha\n|\n|-weather|RainDance|[upkeep]\n|-sideend|p1: Tinen|move: Tailwind\n|upkeep\n|\n|t:|1776300993\n|switch|p2b: Camerupt|Camerupt-Mega, L50, F|100/100\n|turn|5\n|\n|t:|1776301002\n|switch|p1a: Scizor|Scizor, L50, F|100/100\n|move|p2b: Camerupt|Protect|p2b: Camerupt\n|-singleturn|p2b: Camerupt|Protect\n|move|p1b: Pelipper|Protect|p1b: Pelipper\n|-singleturn|p1b: Pelipper|Protect\n|move|p2a: Kingambit|Sucker Punch||[still]\n|-fail|p2a: Kingambit\n|\n|-weather|RainDance|[upkeep]\n|upkeep\n|turn|6\n|\n|t:|1776301015\n|switch|p1a: Dragonite|Dragonite-Mega, L50, M, shiny|72/100\n|move|p2a: Kingambit|Sucker Punch|p1b: Pelipper\n|-damage|p1b: Pelipper|49/100\n|move|p2b: Camerupt|Heat Wave|p1b: Pelipper|[spread] p1a,p1b\n|-resisted|p1a: Dragonite|1\n|-resisted|p1b: Pelipper|1\n|-damage|p1a: Dragonite|59/100\n|-damage|p1b: Pelipper|25/100\n|move|p1b: Pelipper|Weather Ball|p2b: Camerupt\n|-supereffective|p2b: Camerupt|2\n|-damage|p2b: Camerupt|0 fnt\n|faint|p2b: Camerupt\n|\n|-weather|RainDance|[upkeep]\n|upkeep\n|turn|7\n|-message|Ethan Young forfeited.\n|\n|win|Tinen\n|raw|Tinen's rating: 1085 &rarr; <strong>1112</strong><br />(+27 for winning)\n|raw|Ethan Young's rating: 1087 &rarr; <strong>1064</strong><br />(-23 for losing)\n|l|\u2606Ethan Young\n|player|p2|\n",
  "uploadtime": 1776301030,
  "views": 18,
  "formatid": "gen9championsvgc2026regma",
  "rating": 1064,
  "private": 0,
  "password": null
}