{
  "id": "gen9championsvgc2026regma-2580452860",
  "format": "[Gen 9 Champions] VGC 2026 Reg M-A",
  "players": [
    "Punse",
    "thepwr"
  ],
  "log": "|j|\u2606Punse\n|j|\u2606thepwr\n|t:|1775898792\n|gametype|doubles\n|player|p1|Punse|wattson|1000\n|player|p2|thepwr|guzma|1007\n|gen|9\n|tier|[Gen 9 Champions] VGC 2026 Reg M-A\n|rated|\n|rule|Species Clause: Limit one of each Pok\u00e9mon\n|rule|Item Clause: Limit 1 of each item\n|clearpoke\n|poke|p1|Corviknight, L50, F|\n|poke|p1|Tyranitar, L50, M|\n|poke|p1|Incineroar, L50, M|\n|poke|p1|Sinistcha, L50|\n|poke|p1|Scovillain, L50, M|\n|poke|p1|Archaludon, L50, F|\n|poke|p2|Incineroar, L50, M|\n|poke|p2|Gengar, L50, F|\n|poke|p2|Sinistcha, L50|\n|poke|p2|Kingambit, L50, F|\n|poke|p2|Tyranitar, L50, M|\n|poke|p2|Kommo-o, L50, F|\n|teampreview|4\n|inactive|Battle timer is ON: inactive players will automatically lose when time's up. (requested by thepwr)\n|inactive|Punse has 60 seconds left.\n|\n|t:|1775898832\n|teamsize|p1|4\n|teamsize|p2|4\n|start\n|switch|p1a: Scovillain|Scovillain, L50, M|100/100\n|switch|p1b: Incineroar|Incineroar, L50, M|100/100\n|switch|p2a: Kingambit|Kingambit, L50, F|100/100\n|switch|p2b: Gengar|Gengar, L50, F|100/100\n|-ability|p1b: Incineroar|Intimidate|boost\n|-unboost|p2a: Kingambit|atk|1\n|-ability|p2a: Kingambit|Defiant|boost\n|-boost|p2a: Kingambit|atk|2\n|-unboost|p2b: Gengar|atk|1\n|turn|1\n|inactive|Punse has 30 seconds left.\n|inactive|thepwr has 30 seconds left.\n|\n|t:|1775898863\n|detailschange|p2b: Gengar|Gengar-Mega, L50, F\n|-mega|p2b: Gengar|Gengar|Gengarite\n|move|p2a: Kingambit|Protect|p2a: Kingambit\n|-singleturn|p2a: Kingambit|Protect\n|move|p2b: Gengar|Perish Song|p2b: Gengar\n|-start|p1a: Scovillain|perish3|[silent]\n|-start|p1b: Incineroar|perish3|[silent]\n|-start|p2a: Kingambit|perish3|[silent]\n|-start|p2b: Gengar|perish3|[silent]\n|-fieldactivate|move: Perish Song\n|move|p1a: Scovillain|Flamethrower|p2a: Kingambit\n|-activate|p2a: Kingambit|move: Protect\n|move|p1b: Incineroar|Darkest Lariat|p2b: Gengar\n|-supereffective|p2b: Gengar|1\n|-damage|p2b: Gengar|0 fnt\n|faint|p2b: Gengar\n|\n|-start|p1a: Scovillain|perish3\n|-start|p1b: Incineroar|perish3\n|-start|p2a: Kingambit|perish3\n|-ability|p1a: Scovillain|Moody|boost\n|-boost|p1a: Scovillain|spe|2\n|-unboost|p1a: Scovillain|def|1\n|upkeep\n|\n|t:|1775898884\n|switch|p2b: Incineroar|Incineroar, L50, M|100/100\n|-ability|p2b: Incineroar|Intimidate|boost\n|-unboost|p1a: Scovillain|atk|1\n|-unboost|p1b: Incineroar|atk|1\n|turn|2\n|\n|t:|1775898898\n|detailschange|p1a: Scovillain|Scovillain-Mega, L50, M\n|-mega|p1a: Scovillain|Scovillain|Scovillainite\n|move|p2b: Incineroar|Fake Out|p1a: Scovillain\n|-damage|p1a: Scovillain|82/100\n|-immune|p2b: Incineroar\n|cant|p1a: Scovillain|flinch\n|move|p1b: Incineroar|Parting Shot|p2a: Kingambit\n|-unboost|p2a: Kingambit|atk|1\n|-ability|p2a: Kingambit|Defiant|boost\n|-boost|p2a: Kingambit|atk|2\n|-unboost|p2a: Kingambit|spa|1\n|-ability|p2a: Kingambit|Defiant|boost\n|-boost|p2a: Kingambit|atk|2\n|\n|t:|1775898913\n|switch|p1b: Corviknight|Corviknight, L50, F|100/100|[from] Parting Shot\n|move|p2a: Kingambit|Low Kick|p1b: Corviknight\n|-crit|p1b: Corviknight\n|-damage|p1b: Corviknight|0 fnt\n|faint|p1b: Corviknight\n|\n|-start|p1a: Scovillain|perish2\n|-start|p2a: Kingambit|perish2\n|upkeep\n|\n|t:|1775898926\n|switch|p1b: Sinistcha|Sinistcha, L50|100/100\n|-heal|p1a: Scovillain|100/100|[from] ability: Hospitality|[of] p1b: Sinistcha\n|turn|3\n|\n|t:|1775898951\n|move|p2a: Kingambit|Protect|p2a: Kingambit\n|-singleturn|p2a: Kingambit|Protect\n|move|p1b: Sinistcha|Rage Powder|p1b: Sinistcha\n|-singleturn|p1b: Sinistcha|move: Rage Powder\n|move|p1a: Scovillain|Flamethrower|p2a: Kingambit\n|-activate|p2a: Kingambit|move: Protect\n|move|p2b: Incineroar|Throat Chop|p1b: Sinistcha\n|-supereffective|p1b: Sinistcha|1\n|-damage|p1b: Sinistcha|51/100\n|-start|p1b: Sinistcha|Throat Chop|[silent]\n|\n|-heal|p1b: Sinistcha|57/100|[from] item: Leftovers\n|-start|p1a: Scovillain|perish1\n|-start|p2a: Kingambit|perish1\n|upkeep\n|turn|4\n|l|\u2606Punse\n|inactive|Punse disconnected and has a minute to reconnect!\n|player|p1|\n|inactive|Punse has 30 seconds left.\n|j|\u2606Punse\n|inactive|Punse reconnected and has 25 seconds left.\n|player|p1|Punse|wattson|\n|inactive|Punse has 20 seconds left.\n|inactive|Punse has 15 seconds left.\n|inactive|Punse has 10 seconds left.\n|\n|t:|1775898996\n|switch|p1a: Incineroar|Incineroar, L50, M|100/100\n|-ability|p1a: Incineroar|Intimidate|boost\n|-unboost|p2a: Kingambit|atk|1\n|-ability|p2a: Kingambit|Defiant|boost\n|-boost|p2a: Kingambit|atk|2\n|-unboost|p2b: Incineroar|atk|1\n|switch|p2a: Kommo-o|Kommo-o, L50, F, shiny|100/100\n|move|p1b: Sinistcha|Strength Sap|p2b: Incineroar\n|-unboost|p2b: Incineroar|atk|1\n|-heal|p1b: Sinistcha|100/100\n|move|p2b: Incineroar|Parting Shot|p1b: Sinistcha\n|-unboost|p1b: Sinistcha|atk|1\n|-unboost|p1b: Sinistcha|spa|1\n|\n|t:|1775899012\n|switch|p2b: Kingambit|Kingambit, L50, F|100/100|[from] Parting Shot\n|\n|-end|p1b: Sinistcha|Throat Chop|[silent]\n|upkeep\n|turn|5\n|\n|t:|1775899023\n|switch|p1b: Scovillain|Scovillain-Mega, L50, M|100/100\n|move|p2a: Kommo-o|Clangorous Soul|p2a: Kommo-o\n|-boost|p2a: Kommo-o|atk|1\n|-boost|p2a: Kommo-o|def|1\n|-boost|p2a: Kommo-o|spa|1\n|-boost|p2a: Kommo-o|spd|1\n|-boost|p2a: Kommo-o|spe|1\n|-damage|p2a: Kommo-o|68/100\n|move|p1a: Incineroar|Parting Shot|p2a: Kommo-o\n|-immune|p2a: Kommo-o|[from] ability: Soundproof\n|move|p2b: Kingambit|Low Kick|p1a: Incineroar\n|-supereffective|p1a: Incineroar|1\n|-damage|p1a: Incineroar|38/100\n|-enditem|p1a: Incineroar|Sitrus Berry|[eat]\n|-heal|p1a: Incineroar|63/100|[from] item: Sitrus Berry\n|\n|-heal|p2a: Kommo-o|73/100|[from] item: Leftovers\n|upkeep\n|turn|6\n|inactive|thepwr has 30 seconds left.\n|\n|t:|1775899049\n|switch|p2b: Incineroar|Incineroar, L50, M|100/100\n|-ability|p2b: Incineroar|Intimidate|boost\n|-unboost|p1a: Incineroar|atk|1\n|-unboost|p1b: Scovillain|atk|1\n|move|p1b: Scovillain|Rage Powder|p1b: Scovillain\n|-singleturn|p1b: Scovillain|move: Rage Powder\n|move|p2a: Kommo-o|Clanging Scales|p1b: Scovillain|[spread] p1a,p1b\n|-crit|p1b: Scovillain\n|-damage|p1a: Incineroar|6/100\n|-damage|p1b: Scovillain|8/100\n|-status|p2a: Kommo-o|brn|[from] ability: Spicy Spray|[of] p1b: Scovillain\n|-unboost|p2a: Kommo-o|def|1\n|move|p1a: Incineroar|Flare Blitz|p2b: Incineroar\n|-resisted|p2b: Incineroar|1\n|-crit|p2b: Incineroar\n|-damage|p2b: Incineroar|57/100\n|-damage|p1a: Incineroar|0 fnt|[from] Recoil\n|faint|p1a: Incineroar\n|\n|-heal|p2a: Kommo-o|79/100 brn|[from] item: Leftovers\n|-damage|p2a: Kommo-o|73/100 brn|[from] brn\n|upkeep\n|\n|t:|1775899065\n|switch|p1a: Sinistcha|Sinistcha, L50|100/100\n|-heal|p1b: Scovillain|33/100|[from] ability: Hospitality|[of] p1a: Sinistcha\n|turn|7\n|l|\u2606Punse\n|inactive|Punse disconnected and has a minute to reconnect!\n|player|p1|\n|inactive|Punse has 30 seconds left.\n|inactive|Punse has 20 seconds left.\n|inactive|Punse has 15 seconds left.\n|c|\u2606thepwr|checkmate bud\n|inactive|Punse has 10 seconds left.\n|j|\u2606Punse\n|inactive|Punse reconnected and has 10 seconds left.\n|player|p1|Punse|wattson|\n|inactive|Punse has 5 seconds left.\n|\n|t:|1775899121\n|move|p1b: Scovillain|Rage Powder|p1b: Scovillain\n|-singleturn|p1b: Scovillain|move: Rage Powder\n|move|p1a: Sinistcha|Rage Powder|p1a: Sinistcha\n|-singleturn|p1a: Sinistcha|move: Rage Powder\n|move|p2a: Kommo-o|Clanging Scales|p1b: Scovillain|[spread] p1a,p1b\n|-damage|p1a: Sinistcha|14/100\n|-damage|p1b: Scovillain|0 fnt\n|faint|p1b: Scovillain\n|-unboost|p2a: Kommo-o|def|1\n|move|p2b: Incineroar|Throat Chop|p1a: Sinistcha\n|-supereffective|p1a: Sinistcha|1\n|-damage|p1a: Sinistcha|0 fnt\n|faint|p1a: Sinistcha\n|\n|win|thepwr\n|raw|Punse's rating: 1000 &rarr; <strong>1000</strong><br />(+0 for losing)\n|raw|thepwr's rating: 1007 &rarr; <strong>1045</strong><br />(+38 for winning)\n|l|\u2606Punse\n|player|p1|\n",
  "uploadtime": 1775899139,
  "views": 31,
  "formatid": "gen9championsvgc2026regma",
  "rating": 1000,
  "private": 0,
  "password": null
}