{
  "id": "gen9championsvgc2026regma-2583003305",
  "format": "[Gen 9 Champions] VGC 2026 Reg M-A",
  "players": [
    "ColdingLight",
    "holdingb"
  ],
  "log": "|j|\u2606ColdingLight\n|j|\u2606holdingb\n|html|<table width=\"100%\"><tr><td align=\"left\">ColdingLight</td><td align=\"right\">holdingb</tr><tr><td align=\"left\"><i class=\"fa fa-circle\"></i> <i class=\"fa fa-circle-o\"></i> </td><td align=\"right\"><i class=\"fa fa-circle-o\"></i> <i class=\"fa fa-circle\"></i> </tr></table>\n|uhtml|bestof|<h2><strong>Game 3</strong> of <a href=\"/game-bestof3-gen9championsvgc2026regma-2582999210\">a best-of-3</a></h2>\n|t:|1776132453\n|gametype|doubles\n|player|p1|ColdingLight|silver-gen2kanto|\n|player|p2|holdingb|anabel-gen7|\n|gen|9\n|tier|[Gen 9 Champions] VGC 2026 Reg M-A\n|rated|Tournament battle\n|rule|Species Clause: Limit one of each Pok\u00e9mon\n|rule|Item Clause: Limit 1 of each item\n|raw|<div class=\"infobox\"><details class=\"readmore\" open><summary><strong>2 custom rules:</strong></summary> Force Open Team Sheets, Best of = 3</details></div>\n|clearpoke\n|poke|p1|Froslass, L50, F|\n|poke|p1|Glaceon, L50, F|\n|poke|p1|Aerodactyl, L50, M|\n|poke|p1|Sneasler, L50, M|\n|poke|p1|Sinistcha, L50|\n|poke|p1|Talonflame, L50, F|\n|poke|p2|Blastoise, L50, M|\n|poke|p2|Sneasler, L50, M|\n|poke|p2|Garchomp, L50, M|\n|poke|p2|Aerodactyl, L50, F|\n|poke|p2|Sylveon, L50, F|\n|poke|p2|Sinistcha, L50|\n|teampreview|4\n|showteam|p1|Froslass||Froslassite|SnowCloak|Blizzard,AuroraVeil,ShadowBall,Protect|||F|||50|]Glaceon||BrightPowder|SnowCloak|Blizzard,FreezeDry,Protect,HelpingHand|||F|||50|]Aerodactyl||FocusSash|Unnerve|RockSlide,DualWingbeat,Tailwind,Protect|||M|||50|]Sneasler||WhiteHerb|Unburden|FakeOut,DireClaw,CloseCombat,RockTomb|||M|||50|]Sinistcha||SitrusBerry|Hospitality|MatchaGotcha,RagePowder,Imprison,TrickRoom||||||50|]Talonflame||SharpBeak|GaleWings|DualWingbeat,Tailwind,Protect,QuickGuard|||F|||50|\n|showteam|p2|Blastoise||Blastoisinite|Torrent|WaterSpout,ShellSmash,DarkPulse,Protect|||M|||50|]Sneasler||WhiteHerb|Unburden|FakeOut,CloseCombat,DireClaw,Protect|||M|||50|]Garchomp||ChoiceScarf|RoughSkin|DragonClaw,StompingTantrum,RockSlide,Earthquake|||M|||50|]Aerodactyl||FocusSash|Unnerve|RockSlide,DualWingbeat,Tailwind,Protect|||F|||50|]Sylveon||FairyFeather|Pixilate|HyperVoice,QuickAttack,Detect,HelpingHand|||F|||50|]Sinistcha||SitrusBerry|Hospitality|MatchaGotcha,TrickRoom,RagePowder,LifeDew||||||50|\n|inactive|Battle timer is ON: inactive players will automatically lose when time's up. (requested by holdingb)\n|j| volcaronavgc (\u2267\u25bd\u2266)\n|j|@Borghi\n|j| comfy n ez 2 wear\n|inactive|holdingb has 60 seconds left.\n|\n|t:|1776132511\n|teamsize|p1|4\n|teamsize|p2|4\n|start\n|switch|p1a: Talonflame|Talonflame, L50, F|100/100\n|switch|p1b: Froslass|Froslass, L50, F|100/100\n|switch|p2a: Sneasler|Sneasler, L50, M|100/100\n|switch|p2b: Blastoise|Blastoise, L50, M|100/100\n|turn|1\n|\n|t:|1776132522\n|detailschange|p1b: Froslass|Froslass-Mega, L50, F\n|-mega|p1b: Froslass|Froslass|Froslassite\n|-weather|Snowscape|[from] ability: Snow Warning|[of] p1b: Froslass\n|detailschange|p2b: Blastoise|Blastoise-Mega, L50, M\n|-mega|p2b: Blastoise|Blastoise|Blastoisinite\n|move|p1a: Talonflame|Protect|p1a: Talonflame\n|-singleturn|p1a: Talonflame|Protect\n|move|p2a: Sneasler|Fake Out|p1a: Talonflame\n|-activate|p1a: Talonflame|move: Protect\n|move|p1b: Froslass|Shadow Ball|p2b: Blastoise\n|-damage|p2b: Blastoise|58/100\n|move|p2b: Blastoise|Shell Smash|p2b: Blastoise\n|-unboost|p2b: Blastoise|def|1\n|-unboost|p2b: Blastoise|spd|1\n|-boost|p2b: Blastoise|atk|2\n|-boost|p2b: Blastoise|spa|2\n|-boost|p2b: Blastoise|spe|2\n|\n|-weather|Snowscape|[upkeep]\n|upkeep\n|turn|2\n|inactive|holdingb has 30 seconds left.\n|inactive|holdingb has 20 seconds left.\n|inactive|holdingb has 15 seconds left.\n|inactive|holdingb has 10 seconds left.\n|inactive|holdingb has 5 seconds left.\n|\n|t:|1776132577\n|move|p1a: Talonflame|Tailwind|p1a: Talonflame\n|-sidestart|p1: ColdingLight|move: Tailwind\n|move|p1b: Froslass|Shadow Ball|p2b: Blastoise\n|-crit|p2b: Blastoise\n|-damage|p2b: Blastoise|0 fnt\n|faint|p2b: Blastoise\n|move|p2a: Sneasler|Close Combat|p1a: Talonflame\n|-resisted|p1a: Talonflame|1\n|-damage|p1a: Talonflame|63/100\n|-unboost|p2a: Sneasler|def|1\n|-unboost|p2a: Sneasler|spd|1\n|-enditem|p2a: Sneasler|White Herb\n|-clearnegativeboost|p2a: Sneasler|[silent]\n|\n|-weather|Snowscape|[upkeep]\n|upkeep\n|\n|t:|1776132596\n|switch|p2b: Sylveon|Sylveon, L50, F|100/100\n|turn|3\n|\n|t:|1776132604\n|move|p2a: Sneasler|Protect|p2a: Sneasler\n|-singleturn|p2a: Sneasler|Protect\n|move|p1b: Froslass|Blizzard|p2b: Sylveon|[spread] p2b\n|-activate|p2a: Sneasler|move: Protect\n|-crit|p2b: Sylveon\n|-damage|p2b: Sylveon|50/100\n|-status|p2b: Sylveon|frz\n|move|p1a: Talonflame|Dual Wingbeat|p2b: Sylveon\n|-damage|p2b: Sylveon|28/100 frz\n|-damage|p2b: Sylveon|4/100 frz\n|-hitcount|p2b: Sylveon|2\n|cant|p2b: Sylveon|frz\n|\n|-weather|Snowscape|[upkeep]\n|upkeep\n|turn|4\n|\n|t:|1776132614\n|move|p2a: Sneasler|Protect|p2a: Sneasler\n|-singleturn|p2a: Sneasler|Protect\n|cant|p2b: Sylveon|frz\n|move|p1b: Froslass|Blizzard|p2b: Sylveon|[spread] p2b\n|-activate|p2a: Sneasler|move: Protect\n|-damage|p2b: Sylveon|0 fnt\n|faint|p2b: Sylveon\n|move|p1a: Talonflame|Dual Wingbeat|p2a: Sneasler\n|-activate|p2a: Sneasler|move: Protect\n|\n|-weather|Snowscape|[upkeep]\n|upkeep\n|inactive|holdingb has 30 seconds left.\n|\n|t:|1776132639\n|switch|p2b: Aerodactyl|Aerodactyl, L50, F|100/100\n|-ability|p2b: Aerodactyl|Unnerve\n|turn|5\n|inactive|holdingb has 30 seconds left.\n|j| Ducktile\n|\n|t:|1776132673\n|move|p2a: Sneasler|Protect||[still]\n|-fail|p2a: Sneasler\n|move|p1b: Froslass|Blizzard|p2b: Aerodactyl|[spread] p2a,p2b\n|-supereffective|p2b: Aerodactyl|1\n|-damage|p2a: Sneasler|42/100\n|-enditem|p2b: Aerodactyl|Focus Sash\n|-damage|p2b: Aerodactyl|1/100\n|move|p1a: Talonflame|Dual Wingbeat|p2a: Sneasler\n|-supereffective|p2a: Sneasler|1\n|-damage|p2a: Sneasler|0 fnt\n|faint|p2a: Sneasler\n|-hitcount|p2: Sneasler|1\n|move|p2b: Aerodactyl|Dual Wingbeat|p1b: Froslass\n|-damage|p1b: Froslass|79/100\n|-damage|p1b: Froslass|59/100\n|-hitcount|p1b: Froslass|2\n|\n|-weather|none\n|-sideend|p1: ColdingLight|move: Tailwind\n|upkeep\n|turn|6\n|c|\u2606holdingb|gg\n|c|\u2606ColdingLight|ggs\n|l| Ducktile\n|\n|t:|1776132691\n|move|p2b: Aerodactyl|Rock Slide|p1b: Froslass|[spread] p1a,p1b\n|-supereffective|p1a: Talonflame|2\n|-supereffective|p1b: Froslass|1\n|-damage|p1a: Talonflame|0 fnt\n|-damage|p1b: Froslass|0 fnt\n|faint|p1a: Talonflame\n|faint|p1b: Froslass\n|\n|upkeep\n|\n|t:|1776132695\n|switch|p1b: Sneasler|Sneasler, L50, M|100/100\n|switch|p1a: Glaceon|Glaceon, L50, F|100/100\n|turn|7\n|\n|t:|1776132702\n|move|p2b: Aerodactyl|Protect|p2b: Aerodactyl\n|-singleturn|p2b: Aerodactyl|Protect\n|move|p1b: Sneasler|Fake Out|p2b: Aerodactyl\n|-activate|p2b: Aerodactyl|move: Protect\n|move|p1a: Glaceon|Freeze-Dry|p2b: Aerodactyl\n|-activate|p2b: Aerodactyl|move: Protect\n|\n|upkeep\n|turn|8\n|\n|t:|1776132708\n|move|p2b: Aerodactyl|Rock Slide|p1a: Glaceon|[spread] p1a,p1b\n|-supereffective|p1a: Glaceon|1\n|-resisted|p1b: Sneasler|1\n|-damage|p1a: Glaceon|52/100\n|-damage|p1b: Sneasler|78/100\n|move|p1b: Sneasler|Dire Claw|p2b: Aerodactyl\n|-resisted|p2b: Aerodactyl|1\n|-damage|p2b: Aerodactyl|0 fnt\n|faint|p2b: Aerodactyl\n|\n|win|ColdingLight\n|l|\u2606holdingb\n|player|p2|\n|l|\u2606ColdingLight\n|player|p1|\n|l| Borghi\n|l| comfy n ez 2 wear\n",
  "uploadtime": 1776133985,
  "views": 12,
  "formatid": "gen9championsvgc2026regma",
  "rating": null,
  "private": 0,
  "password": null
}