{
  "id": "gen9championsvgc2026regma-2582819858",
  "format": "[Gen 9 Champions] VGC 2026 Reg M-A",
  "players": [
    "zawktuah",
    "bluejayx2"
  ],
  "log": "|j|\u2606zawktuah\n|j|\u203dbluejayx2\n|t:|1776116555\n|gametype|doubles\n|player|p1|zawktuah|n|1046\n|player|p2|bluejayx2|marley|1036\n|gen|9\n|tier|[Gen 9 Champions] VGC 2026 Reg M-A\n|rated|\n|rule|Species Clause: Limit one of each Pok\u00e9mon\n|rule|Item Clause: Limit 1 of each item\n|clearpoke\n|poke|p1|Dragonite, L50, M|\n|poke|p1|Snorlax, L50, F|\n|poke|p1|Incineroar, L50, M|\n|poke|p1|Garchomp, L50, M|\n|poke|p1|Milotic, L50, M|\n|poke|p1|Whimsicott, L50, F|\n|poke|p2|Beedrill, L50, F|\n|poke|p2|Rotom-Wash, L50|\n|poke|p2|Clefable, L50, F|\n|poke|p2|Aerodactyl, L50, F|\n|poke|p2|Chandelure, L50, F|\n|poke|p2|Milotic, L50, F|\n|teampreview|4\n|inactive|Battle timer is ON: inactive players will automatically lose when time's up. (requested by bluejayx2)\n|\n|t:|1776116575\n|teamsize|p1|4\n|teamsize|p2|4\n|start\n|switch|p1a: Incineroar|Incineroar, L50, M, shiny|100/100\n|switch|p1b: Dragonite|Dragonite, L50, M, shiny|100/100\n|switch|p2a: Aerodactyl|Aerodactyl, L50, F, shiny|100/100\n|switch|p2b: Milotic|Milotic, L50, F, shiny|100/100\n|-ability|p2a: Aerodactyl|Unnerve\n|-ability|p1a: Incineroar|Intimidate|boost\n|-unboost|p2a: Aerodactyl|atk|1\n|-unboost|p2b: Milotic|atk|1\n|-ability|p2b: Milotic|Competitive|boost\n|-boost|p2b: Milotic|spa|2\n|turn|1\n|inactive|zawktuah has 30 seconds left.\n|\n|t:|1776116601\n|detailschange|p1b: Dragonite|Dragonite-Mega, L50, M, shiny\n|-mega|p1b: Dragonite|Dragonite|Dragoninite\n|move|p1a: Incineroar|Fake Out|p2b: Milotic\n|-damage|p2b: Milotic|88/100\n|move|p2a: Aerodactyl|Taunt|p1b: Dragonite\n|-start|p1b: Dragonite|move: Taunt\n|move|p1b: Dragonite|Draco Meteor|p2b: Milotic|[miss]\n|-miss|p1b: Dragonite|p2b: Milotic\n|cant|p2b: Milotic|flinch\n|\n|-heal|p2b: Milotic|94/100|[from] item: Leftovers\n|upkeep\n|turn|2\n|\n|t:|1776116620\n|move|p2a: Aerodactyl|Tailwind|p2a: Aerodactyl\n|-sidestart|p2: bluejayx2|move: Tailwind\n|move|p2b: Milotic|Blizzard|p1a: Incineroar|[spread] p1b\n|-miss|p2b: Milotic|p1a: Incineroar\n|-supereffective|p1b: Dragonite|2\n|-damage|p1b: Dragonite|0 fnt\n|faint|p1b: Dragonite\n|move|p1a: Incineroar|Parting Shot|p2a: Aerodactyl\n|-unboost|p2a: Aerodactyl|atk|1\n|-unboost|p2a: Aerodactyl|spa|1\n|\n|t:|1776116633\n|switch|p1a: Milotic|Milotic, L50, M|100/100|[from] Parting Shot\n|\n|-heal|p2b: Milotic|99/100|[from] item: Leftovers\n|upkeep\n|\n|t:|1776116639\n|switch|p1b: Snorlax|Snorlax, L50, F|100/100\n|turn|3\n|\n|t:|1776116649\n|move|p2a: Aerodactyl|Taunt|p1a: Milotic\n|-start|p1a: Milotic|move: Taunt\n|move|p2b: Milotic|Coil|p2b: Milotic\n|-boost|p2b: Milotic|atk|1\n|-boost|p2b: Milotic|def|1\n|-boost|p2b: Milotic|accuracy|1\n|move|p1a: Milotic|Ice Beam|p2a: Aerodactyl\n|-supereffective|p2a: Aerodactyl|1\n|-damage|p2a: Aerodactyl|14/100\n|-status|p2a: Aerodactyl|frz\n|-enditem|p2a: Aerodactyl|Lum Berry|[eat]\n|-curestatus|p2a: Aerodactyl|frz|[msg]\n|move|p1b: Snorlax|Body Slam|p2b: Milotic\n|-damage|p2b: Milotic|69/100\n|-status|p2b: Milotic|par\n|\n|-heal|p2b: Milotic|75/100 par|[from] item: Leftovers\n|upkeep\n|turn|4\n|inactive|zawktuah has 30 seconds left.\n|inactive|bluejayx2 has 30 seconds left.\n|\n|t:|1776116679\n|move|p2a: Aerodactyl|Rock Slide|p1b: Snorlax|[spread] p1b\n|-miss|p2a: Aerodactyl|p1a: Milotic\n|-damage|p1b: Snorlax|90/100\n|move|p1a: Milotic|Ice Beam|p2a: Aerodactyl\n|-supereffective|p2a: Aerodactyl|1\n|-damage|p2a: Aerodactyl|0 fnt\n|faint|p2a: Aerodactyl\n|move|p2b: Milotic|Muddy Water|p1b: Snorlax|[spread] p1a,p1b\n|-resisted|p1a: Milotic|1\n|-crit|p1b: Snorlax\n|-damage|p1a: Milotic|74/100\n|-damage|p1b: Snorlax|26/100\n|move|p1b: Snorlax|Body Slam|p2b: Milotic\n|-damage|p2b: Milotic|46/100 par\n|\n|-heal|p2b: Milotic|52/100 par|[from] item: Leftovers\n|-heal|p1b: Snorlax|32/100|[from] item: Leftovers\n|upkeep\n|\n|t:|1776116697\n|switch|p2a: Beedrill|Beedrill, L50, F, shiny|100/100\n|turn|5\n|\n|t:|1776116714\n|detailschange|p2a: Beedrill|Beedrill-Mega, L50, F, shiny\n|-mega|p2a: Beedrill|Beedrill|Beedrillite\n|move|p2a: Beedrill|U-turn|p1a: Milotic\n|-damage|p1a: Milotic|18/100\n|\n|t:|1776116718\n|switch|p2a: Rotom|Rotom-Wash, L50|100/100|[from] U-turn\n|move|p1a: Milotic|Ice Beam|p2a: Rotom\n|-resisted|p2a: Rotom|1\n|-damage|p2a: Rotom|83/100\n|-status|p2a: Rotom|frz\n|move|p2b: Milotic|Muddy Water|p1b: Snorlax|[spread] p1a,p1b\n|-resisted|p1a: Milotic|1\n|-damage|p1a: Milotic|0 fnt\n|-damage|p1b: Snorlax|0 fnt\n|faint|p1a: Milotic\n|faint|p1b: Snorlax\n|\n|-heal|p2b: Milotic|58/100 par|[from] item: Leftovers\n|-sideend|p2: bluejayx2|move: Tailwind\n|upkeep\n|-message|zawktuah forfeited.\n|\n|win|bluejayx2\n|raw|zawktuah's rating: 1046 &rarr; <strong>1029</strong><br />(-17 for losing)\n|raw|bluejayx2's rating: 1036 &rarr; <strong>1072</strong><br />(+36 for winning)\n|l|\u2606zawktuah\n|player|p1|\n",
  "uploadtime": 1776116737,
  "views": 15,
  "formatid": "gen9championsvgc2026regma",
  "rating": 1029,
  "private": 0,
  "password": null
}