{
  "id": "gen9championsvgc2026regma-2583612135",
  "format": "[Gen 9 Champions] VGC 2026 Reg M-A",
  "players": [
    "GodofSOHAI",
    "ButherHovo"
  ],
  "log": "|j|\u2606GodofSOHAI\n|j|\u2606ButherHovo\n|t:|1776186499\n|gametype|doubles\n|player|p1|GodofSOHAI|101|1132\n|player|p2|ButherHovo|1|1141\n|gen|9\n|tier|[Gen 9 Champions] VGC 2026 Reg M-A\n|rated|\n|rule|Species Clause: Limit one of each Pok\u00e9mon\n|rule|Item Clause: Limit 1 of each item\n|clearpoke\n|poke|p1|Floette-Eternal, L50, F|\n|poke|p1|Incineroar, L50, M|\n|poke|p1|Kingambit, L50, M|\n|poke|p1|Aerodactyl, L50, M|\n|poke|p1|Garchomp, L50, F|\n|poke|p1|Sinistcha, L50|\n|poke|p2|Feraligatr, L50, M|\n|poke|p2|Hawlucha, L50, F|\n|poke|p2|Torkoal, L50, F|\n|poke|p2|Sneasler, L50, M|\n|poke|p2|Incineroar, L50, F|\n|poke|p2|Farigiraf, L50, F|\n|teampreview|4\n|\n|t:|1776186555\n|teamsize|p1|4\n|teamsize|p2|4\n|start\n|switch|p1a: Sinistcha|Sinistcha, L50|100/100\n|switch|p1b: Kingambit|Kingambit, L50, M|100/100\n|switch|p2a: Hawlucha|Hawlucha, L50, F, shiny|100/100\n|switch|p2b: Farigiraf|Farigiraf, L50, F, shiny|100/100\n|turn|1\n|inactive|Battle timer is ON: inactive players will automatically lose when time's up. (requested by GodofSOHAI)\n|\n|t:|1776186583\n|detailschange|p2a: Hawlucha|Hawlucha-Mega, L50, F, shiny\n|-mega|p2a: Hawlucha|Hawlucha|Hawluchanite\n|move|p1b: Kingambit|Protect|p1b: Kingambit\n|-singleturn|p1b: Kingambit|Protect\n|move|p2a: Hawlucha|Dual Wingbeat|p1a: Sinistcha\n|-supereffective|p1a: Sinistcha|1\n|-damage|p1a: Sinistcha|67/100\n|-supereffective|p1a: Sinistcha|1\n|-damage|p1a: Sinistcha|35/100\n|-enditem|p1a: Sinistcha|Sitrus Berry|[eat]\n|-heal|p1a: Sinistcha|60/100|[from] item: Sitrus Berry\n|-hitcount|p1a: Sinistcha|2\n|move|p1a: Sinistcha|Matcha Gotcha|p2a: Hawlucha|[spread] p2a,p2b\n|-resisted|p2a: Hawlucha|1\n|-damage|p2a: Hawlucha|84/100\n|-heal|p1a: Sinistcha|67/100|[from] drain|[of] p2a: Hawlucha\n|-damage|p2b: Farigiraf|77/100\n|-heal|p1a: Sinistcha|82/100|[from] drain|[of] p2b: Farigiraf\n|move|p2b: Farigiraf|Trick Room|p2b: Farigiraf\n|-fieldstart|move: Trick Room|[of] p2b: Farigiraf\n|\n|upkeep\n|turn|2\n|inactive|GodofSOHAI has 30 seconds left.\n|inactive|ButherHovo has 30 seconds left.\n|inactive|GodofSOHAI has 20 seconds left.\n|inactive|GodofSOHAI has 15 seconds left.\n|inactive|GodofSOHAI has 10 seconds left.\n|\n|t:|1776186628\n|switch|p1b: Aerodactyl|Aerodactyl, L50, M|100/100\n|-ability|p1b: Aerodactyl|Unnerve\n|switch|p2a: Torkoal|Torkoal, L50, F|100/100\n|-weather|SunnyDay|[from] ability: Drought|[of] p2a: Torkoal\n|move|p2b: Farigiraf|Psychic|p1a: Sinistcha\n|-damage|p1a: Sinistcha|48/100\n|-unboost|p1a: Sinistcha|spd|1\n|move|p1a: Sinistcha|Matcha Gotcha|p2b: Farigiraf|[spread] p2a,p2b\n|-resisted|p2a: Torkoal|1\n|-damage|p2a: Torkoal|85/100\n|-heal|p1a: Sinistcha|56/100|[from] drain|[of] p2a: Torkoal\n|-damage|p2b: Farigiraf|56/100\n|-heal|p1a: Sinistcha|69/100|[from] drain|[of] p2b: Farigiraf\n|\n|-weather|SunnyDay|[upkeep]\n|upkeep\n|turn|3\n|inactive|GodofSOHAI has 30 seconds left.\n|\n|t:|1776186658\n|move|p1a: Sinistcha|Protect|p1a: Sinistcha\n|-singleturn|p1a: Sinistcha|Protect\n|move|p1b: Aerodactyl|Protect|p1b: Aerodactyl\n|-singleturn|p1b: Aerodactyl|Protect\n|move|p2a: Torkoal|Eruption|p1b: Aerodactyl|[spread] \n|-activate|p1a: Sinistcha|move: Protect\n|-activate|p1b: Aerodactyl|move: Protect\n|move|p2b: Farigiraf|Psychic|p1b: Aerodactyl\n|-activate|p1b: Aerodactyl|move: Protect\n|\n|-weather|SunnyDay|[upkeep]\n|upkeep\n|turn|4\n|\n|t:|1776186674\n|switch|p2b: Incineroar|Incineroar, L50, F|100/100\n|-ability|p2b: Incineroar|Intimidate|boost\n|-unboost|p1a: Sinistcha|atk|1\n|-unboost|p1b: Aerodactyl|atk|1\n|move|p1a: Sinistcha|Rage Powder|p1a: Sinistcha\n|-singleturn|p1a: Sinistcha|move: Rage Powder\n|move|p2a: Torkoal|Eruption|p1a: Sinistcha|[spread] p1a,p1b\n|-supereffective|p1a: Sinistcha|1\n|-resisted|p1b: Aerodactyl|1\n|-damage|p1a: Sinistcha|0 fnt\n|-damage|p1b: Aerodactyl|49/100\n|faint|p1a: Sinistcha\n|move|p1b: Aerodactyl|Rock Slide|p2b: Incineroar|[spread] p2a\n|-miss|p1b: Aerodactyl|p2b: Incineroar\n|-supereffective|p2a: Torkoal|1\n|-damage|p2a: Torkoal|60/100\n|\n|-weather|SunnyDay|[upkeep]\n|upkeep\n|\n|t:|1776186689\n|switch|p1a: Garchomp|Garchomp, L50, F|100/100\n|turn|5\n|\n|t:|1776186701\n|switch|p2a: Farigiraf|Farigiraf, L50, F, shiny|56/100\n|move|p1a: Garchomp|Protect|p1a: Garchomp\n|-singleturn|p1a: Garchomp|Protect\n|move|p1b: Aerodactyl|Protect|p1b: Aerodactyl\n|-singleturn|p1b: Aerodactyl|Protect\n|move|p2b: Incineroar|Will-O-Wisp|p1a: Garchomp\n|-activate|p1a: Garchomp|move: Protect\n|\n|-weather|SunnyDay|[upkeep]\n|-fieldend|move: Trick Room\n|upkeep\n|turn|6\n|\n|t:|1776186720\n|switch|p2b: Hawlucha|Hawlucha-Mega, L50, F, shiny|84/100\n|move|p1b: Aerodactyl|Rock Slide|p2a: Farigiraf|[spread] p2a,p2b\n|-crit|p2a: Farigiraf\n|-damage|p2a: Farigiraf|28/100\n|-damage|p2b: Hawlucha|62/100\n|move|p1a: Garchomp|Earthquake|p2b: Hawlucha|[spread] p2a\n|-immune|p1b: Aerodactyl\n|-immune|p2b: Hawlucha\n|-damage|p2a: Farigiraf|0 fnt\n|faint|p2a: Farigiraf\n|\n|-weather|none\n|upkeep\n|\n|t:|1776186731\n|switch|p2a: Incineroar|Incineroar, L50, F|100/100\n|-ability|p2a: Incineroar|Intimidate|boost\n|-unboost|p1a: Garchomp|atk|1\n|-unboost|p1b: Aerodactyl|atk|1\n|-enditem|p1a: Garchomp|White Herb\n|-clearnegativeboost|p1a: Garchomp|[silent]\n|turn|7\n|inactive|ButherHovo has 30 seconds left.\n|inactive|GodofSOHAI has 30 seconds left.\n|inactive|ButherHovo has 20 seconds left.\n|inactive|ButherHovo has 15 seconds left.\n|\n|t:|1776186776\n|switch|p1b: Kingambit|Kingambit, L50, M|100/100\n|move|p2a: Incineroar|Fake Out|p1a: Garchomp\n|-damage|p1a: Garchomp|87/100\n|-damage|p2a: Incineroar|88/100|[from] ability: Rough Skin|[of] p1a: Garchomp\n|move|p2b: Hawlucha|High Jump Kick|p1b: Kingambit\n|-supereffective|p1b: Kingambit|2\n|-damage|p1b: Kingambit|0 fnt\n|faint|p1b: Kingambit\n|cant|p1a: Garchomp|flinch\n|\n|upkeep\n|\n|t:|1776186786\n|switch|p1b: Aerodactyl|Aerodactyl, L50, M|49/100\n|-ability|p1b: Aerodactyl|Unnerve\n|turn|8\n|\n|t:|1776186799\n|move|p1b: Aerodactyl|Rock Slide|p2b: Hawlucha|[spread] p2a,p2b\n|-supereffective|p2a: Incineroar|1\n|-crit|p2a: Incineroar\n|-damage|p2a: Incineroar|10/100\n|-damage|p2b: Hawlucha|33/100\n|cant|p2b: Hawlucha|flinch\n|move|p1a: Garchomp|Rock Slide|p2a: Incineroar|[spread] p2a,p2b\n|-supereffective|p2a: Incineroar|1\n|-damage|p2a: Incineroar|0 fnt\n|-damage|p2b: Hawlucha|11/100\n|faint|p2a: Incineroar\n|\n|upkeep\n|\n|t:|1776186808\n|switch|p2a: Torkoal|Torkoal, L50, F|60/100\n|-weather|SunnyDay|[from] ability: Drought|[of] p2a: Torkoal\n|turn|9\n|\n|t:|1776186820\n|move|p2b: Hawlucha|Protect|p2b: Hawlucha\n|-singleturn|p2b: Hawlucha|Protect\n|move|p1b: Aerodactyl|Rock Slide|p2b: Hawlucha|[spread] p2a\n|-activate|p2b: Hawlucha|move: Protect\n|-supereffective|p2a: Torkoal|1\n|-damage|p2a: Torkoal|25/100\n|move|p1a: Garchomp|Rock Slide|p2a: Torkoal|[spread] p2a\n|-activate|p2b: Hawlucha|move: Protect\n|-supereffective|p2a: Torkoal|1\n|-damage|p2a: Torkoal|0 fnt\n|faint|p2a: Torkoal\n|\n|-weather|SunnyDay|[upkeep]\n|upkeep\n|turn|10\n|-message|ButherHovo forfeited.\n|\n|win|GodofSOHAI\n|raw|GodofSOHAI's rating: 1132 &rarr; <strong>1158</strong><br />(+26 for winning)\n|raw|ButherHovo's rating: 1141 &rarr; <strong>1115</strong><br />(-26 for losing)\n",
  "uploadtime": 1776186875,
  "views": 14,
  "formatid": "gen9championsvgc2026regma",
  "rating": 1115,
  "private": 0,
  "password": null
}