{
  "id": "gen9championsvgc2026regma-2586791504",
  "format": "[Gen 9 Champions] VGC 2026 Reg M-A",
  "players": [
    "juandra22",
    "szaszasza"
  ],
  "log": "|j|\u2606juandra22\n|j|\u2606szaszasza\n|t:|1776460214\n|gametype|doubles\n|player|p1|juandra22|argenta|1188\n|player|p2|szaszasza|1|1162\n|gen|9\n|tier|[Gen 9 Champions] VGC 2026 Reg M-A\n|rated|\n|rule|Species Clause: Limit one of each Pok\u00e9mon\n|rule|Item Clause: Limit 1 of each item\n|clearpoke\n|poke|p1|Crabominable, L50, M|\n|poke|p1|Incineroar, L50, F|\n|poke|p1|Farigiraf, L50, M|\n|poke|p1|Sinistcha, L50|\n|poke|p1|Rotom-Wash, L50|\n|poke|p1|Kingambit, L50, M|\n|poke|p2|Gengar, L50, M|\n|poke|p2|Milotic, L50, F|\n|poke|p2|Tyranitar, L50, F|\n|poke|p2|Incineroar, L50, M|\n|poke|p2|Kingambit, L50, F|\n|poke|p2|Sinistcha, L50|\n|teampreview|4\n|inactive|Battle timer is ON: inactive players will automatically lose when time's up. (requested by juandra22)\n|inactive|szaszasza has 60 seconds left.\n|\n|t:|1776460252\n|teamsize|p1|4\n|teamsize|p2|4\n|start\n|switch|p1a: Crabominable|Crabominable, L50, M, shiny|100/100\n|switch|p1b: Kingambit|Kingambit, L50, M, shiny|100/100\n|switch|p2a: Kingambit|Kingambit, L50, F|100/100\n|switch|p2b: Incineroar|Incineroar, L50, M|100/100\n|-ability|p2b: Incineroar|Intimidate|boost\n|-fail|p1a: Crabominable|unboost|Attack|[from] ability: Hyper Cutter|[of] p1a: Crabominable\n|-unboost|p1b: Kingambit|atk|1\n|-ability|p1b: Kingambit|Defiant|boost\n|-boost|p1b: Kingambit|atk|2\n|turn|1\n|inactive|szaszasza has 30 seconds left.\n|inactive|szaszasza has 20 seconds left.\n|\n|t:|1776460287\n|switch|p2a: Gengar|Gengar, L50, M|100/100\n|move|p1b: Kingambit|Protect|p1b: Kingambit\n|-singleturn|p1b: Kingambit|Protect\n|move|p1a: Crabominable|Protect|p1a: Crabominable\n|-singleturn|p1a: Crabominable|Protect\n|move|p2b: Incineroar|Fake Out|p1b: Kingambit\n|-activate|p1b: Kingambit|move: Protect\n|\n|upkeep\n|turn|2\n|inactive|szaszasza has 30 seconds left.\n|inactive|szaszasza has 20 seconds left.\n|inactive|szaszasza has 15 seconds left.\n|\n|t:|1776460329\n|detailschange|p2a: Gengar|Gengar-Mega, L50, M\n|-mega|p2a: Gengar|Gengar|Gengarite\n|detailschange|p1a: Crabominable|Crabominable-Mega, L50, M, shiny\n|-mega|p1a: Crabominable|Crabominable|Crabominite\n|move|p2a: Gengar|Protect|p2a: Gengar\n|-singleturn|p2a: Gengar|Protect\n|move|p2b: Incineroar|Flare Blitz|p1b: Kingambit\n|-supereffective|p1b: Kingambit|1\n|-damage|p1b: Kingambit|39/100\n|-damage|p2b: Incineroar|81/100|[from] Recoil\n|move|p1b: Kingambit|Kowtow Cleave|p2a: Gengar\n|-activate|p2a: Gengar|move: Protect\n|move|p1a: Crabominable|Drain Punch|p2b: Incineroar\n|-supereffective|p2b: Incineroar|1\n|-damage|p2b: Incineroar|0 fnt\n|faint|p2b: Incineroar\n|\n|upkeep\n|\n|t:|1776460347\n|switch|p2b: Tyranitar|Tyranitar, L50, F|100/100\n|-weather|Sandstorm|[from] ability: Sand Stream|[of] p2b: Tyranitar\n|turn|3\n|\n|t:|1776460366\n|move|p2a: Gengar|Shadow Ball|p1b: Kingambit\n|-resisted|p1b: Kingambit|1\n|-damage|p1b: Kingambit|14/100\n|move|p2b: Tyranitar|Rock Slide|p1b: Kingambit|[spread] p1a\n|-miss|p2b: Tyranitar|p1b: Kingambit\n|-damage|p1a: Crabominable|74/100\n|move|p1b: Kingambit|Iron Head|p2b: Tyranitar\n|-supereffective|p2b: Tyranitar|1\n|-damage|p2b: Tyranitar|0 fnt\n|faint|p2b: Tyranitar\n|move|p1a: Crabominable|Ice Hammer|p2a: Gengar\n|-damage|p2a: Gengar|0 fnt\n|-unboost|p1a: Crabominable|spe|1\n|faint|p2a: Gengar\n|\n|-weather|Sandstorm|[upkeep]\n|-damage|p1a: Crabominable|68/100|[from] Sandstorm\n|upkeep\n|inactive|szaszasza has 30 seconds left.\n|\n|t:|1776460394\n|switch|p2b: Kingambit|Kingambit, L50, F|100/100\n|turn|4\n|\n|t:|1776460403\n|move|p1b: Kingambit|Sucker Punch|p2b: Kingambit\n|-resisted|p2b: Kingambit|1\n|-damage|p2b: Kingambit|72/100\n|move|p1a: Crabominable|Mach Punch|p2b: Kingambit\n|-supereffective|p2b: Kingambit|2\n|-enditem|p2b: Kingambit|Chople Berry|[eat]\n|-enditem|p2b: Kingambit|Chople Berry|[weaken]\n|-damage|p2b: Kingambit|25/100\n|move|p2b: Kingambit|Iron Head|p1a: Crabominable\n|-supereffective|p1a: Crabominable|1\n|-damage|p1a: Crabominable|0 fnt\n|faint|p1a: Crabominable\n|\n|-weather|Sandstorm|[upkeep]\n|upkeep\n|l|\u2606juandra22\n|inactive|juandra22 disconnected and has a minute to reconnect!\n|player|p1|\n|inactive|juandra22 has 30 seconds left.\n|j|\u2606juandra22\n|inactive|juandra22 reconnected and has 30 seconds left.\n|player|p1|juandra22|argenta|\n|\n|t:|1776460432\n|switch|p1a: Rotom|Rotom-Wash, L50, shiny|100/100\n|turn|5\n|\n|t:|1776460441\n|move|p2b: Kingambit|Sucker Punch|p2: Gengar|[notarget]\n|-fail|p2b: Kingambit\n|move|p1b: Kingambit|Sucker Punch||[still]\n|-fail|p1b: Kingambit\n|move|p1a: Rotom|Thunderbolt|p2b: Kingambit\n|-damage|p2b: Kingambit|0 fnt\n|faint|p2b: Kingambit\n|\n|win|juandra22\n|raw|juandra22's rating: 1188 &rarr; <strong>1211</strong><br />(+23 for winning)\n|raw|szaszasza's rating: 1162 &rarr; <strong>1139</strong><br />(-23 for losing)\n",
  "uploadtime": 1776460452,
  "views": 25,
  "formatid": "gen9championsvgc2026regma",
  "rating": 1139,
  "private": 0,
  "password": null
}