{
  "id": "gen9championsvgc2026regma-2586444893",
  "format": "[Gen 9 Champions] VGC 2026 Reg M-A",
  "players": [
    "a big circle",
    "Jeremykhoo"
  ],
  "log": "|j|\u2606a big circle\n|j|\u2606Jeremykhoo\n|t:|1776435159\n|gametype|doubles\n|player|p1|a big circle|benga|1194\n|player|p2|Jeremykhoo|102|1098\n|gen|9\n|tier|[Gen 9 Champions] VGC 2026 Reg M-A\n|rated|\n|rule|Species Clause: Limit one of each Pok\u00e9mon\n|rule|Item Clause: Limit 1 of each item\n|clearpoke\n|poke|p1|Chandelure, L50, F|\n|poke|p1|Whimsicott, L50, F|\n|poke|p1|Garchomp, L50, M|\n|poke|p1|Kingambit, L50, F|\n|poke|p1|Rotom-Wash, L50|\n|poke|p1|Sneasler, L50, F|\n|poke|p2|Tyranitar, L50, F|\n|poke|p2|Whimsicott, L50, F|\n|poke|p2|Aggron, L50, F|\n|poke|p2|Drampa, L50, M|\n|poke|p2|Sylveon, L50, F|\n|poke|p2|Arcanine, L50, F|\n|teampreview|4\n|inactive|Battle timer is ON: inactive players will automatically lose when time's up. (requested by a big circle)\n|inactive|a big circle has 60 seconds left.\n|inactive|Jeremykhoo has 60 seconds left.\n|inactive|Jeremykhoo has 30 seconds left.\n|\n|t:|1776435232\n|teamsize|p1|4\n|teamsize|p2|4\n|start\n|switch|p1a: Sneasler|Sneasler, L50, F|100/100\n|switch|p1b: Garchomp|Garchomp, L50, M|100/100\n|switch|p2a: Whimsicott|Whimsicott, L50, F|100/100\n|switch|p2b: Aggron|Aggron, L50, F|100/100\n|turn|1\n|inactive|a big circle has 30 seconds left.\n|inactive|Jeremykhoo has 30 seconds left.\n|inactive|Jeremykhoo has 20 seconds left.\n|inactive|Jeremykhoo has 15 seconds left.\n|\n|t:|1776435277\n|switch|p2a: Arcanine|Arcanine, L50, F|100/100\n|-ability|p2a: Arcanine|Intimidate|boost\n|-unboost|p1a: Sneasler|atk|1\n|-unboost|p1b: Garchomp|atk|1\n|-enditem|p1a: Sneasler|White Herb\n|-clearnegativeboost|p1a: Sneasler|[silent]\n|detailschange|p2b: Aggron|Aggron-Mega, L50, F\n|-mega|p2b: Aggron|Aggron|Aggronite\n|move|p1b: Garchomp|Protect|p1b: Garchomp\n|-singleturn|p1b: Garchomp|Protect\n|move|p1a: Sneasler|Fake Out|p2a: Arcanine\n|-damage|p2a: Arcanine|84/100\n|move|p2b: Aggron|Iron Defense|p2b: Aggron\n|-boost|p2b: Aggron|def|2\n|\n|upkeep\n|turn|2\n|inactive|Jeremykhoo has 30 seconds left.\n|inactive|Jeremykhoo has 20 seconds left.\n|\n|t:|1776435315\n|switch|p2a: Whimsicott|Whimsicott, L50, F|100/100\n|move|p1a: Sneasler|Close Combat|p2b: Aggron\n|-supereffective|p2b: Aggron|1\n|-damage|p2b: Aggron|78/100\n|-unboost|p1a: Sneasler|def|1\n|-unboost|p1a: Sneasler|spd|1\n|move|p1b: Garchomp|Rock Slide|p2b: Aggron|[spread] p2a,p2b\n|-resisted|p2b: Aggron|1\n|-damage|p2a: Whimsicott|86/100\n|-damage|p2b: Aggron|76/100\n|cant|p2b: Aggron|flinch\n|\n|upkeep\n|turn|3\n|inactive|a big circle has 30 seconds left.\n|inactive|a big circle has 20 seconds left.\n|\n|t:|1776435351\n|switch|p2a: Arcanine|Arcanine, L50, F|84/100\n|-ability|p2a: Arcanine|Intimidate|boost\n|-unboost|p1a: Sneasler|atk|1\n|-unboost|p1b: Garchomp|atk|1\n|switch|p1b: Whimsicott|Whimsicott, L50, F|100/100\n|move|p1a: Sneasler|Dire Claw|p2a: Arcanine\n|-damage|p2a: Arcanine|56/100\n|move|p2b: Aggron|Body Press|p1a: Sneasler\n|-resisted|p1a: Sneasler|1\n|-damage|p1a: Sneasler|2/100\n|\n|upkeep\n|turn|4\n|inactive|Jeremykhoo has 30 seconds left.\n|\n|t:|1776435382\n|switch|p1a: Chandelure|Chandelure, L50, F|100/100\n|move|p2a: Arcanine|Extreme Speed|p1a: Chandelure\n|-immune|p1a: Chandelure\n|move|p1b: Whimsicott|Tailwind|p1b: Whimsicott\n|-sidestart|p1: a big circle|move: Tailwind\n|move|p2b: Aggron|Heavy Slam|p1b: Whimsicott\n|-supereffective|p1b: Whimsicott|1\n|-enditem|p1b: Whimsicott|Focus Sash\n|-damage|p1b: Whimsicott|1/100\n|\n|upkeep\n|turn|5\n|inactive|a big circle has 30 seconds left.\n|inactive|Jeremykhoo has 30 seconds left.\n|inactive|a big circle has 20 seconds left.\n|inactive|Jeremykhoo has 20 seconds left.\n|\n|t:|1776435418\n|detailschange|p1a: Chandelure|Chandelure-Mega, L50, F\n|-mega|p1a: Chandelure|Chandelure|Chandelurite\n|move|p2b: Aggron|Protect|p2b: Aggron\n|-singleturn|p2b: Aggron|Protect\n|move|p2a: Arcanine|Extreme Speed|p1b: Whimsicott\n|-damage|p1b: Whimsicott|0 fnt\n|faint|p1b: Whimsicott\n|move|p1a: Chandelure|Heat Wave|p2a: Arcanine|[spread] p2a\n|-activate|p2b: Aggron|move: Protect\n|-resisted|p2a: Arcanine|1\n|-damage|p2a: Arcanine|29/100\n|\n|upkeep\n|\n|t:|1776435429\n|switch|p1b: Sneasler|Sneasler, L50, F|2/100\n|turn|6\n|\n|t:|1776435438\n|move|p2a: Arcanine|Protect|p2a: Arcanine\n|-singleturn|p2a: Arcanine|Protect\n|move|p2b: Aggron|Protect||[still]\n|-fail|p2b: Aggron\n|move|p1b: Sneasler|Fake Out|p2a: Arcanine\n|-activate|p2a: Arcanine|move: Protect\n|move|p1a: Chandelure|Heat Wave|p2a: Arcanine|[spread] p2b\n|-activate|p2a: Arcanine|move: Protect\n|-supereffective|p2b: Aggron|1\n|-damage|p2b: Aggron|17/100\n|\n|upkeep\n|turn|7\n|\n|t:|1776435456\n|move|p1b: Sneasler|Protect|p1b: Sneasler\n|-singleturn|p1b: Sneasler|Protect\n|move|p2b: Aggron|Protect|p2b: Aggron\n|-singleturn|p2b: Aggron|Protect\n|move|p2a: Arcanine|Extreme Speed|p1b: Sneasler\n|-activate|p1b: Sneasler|move: Protect\n|move|p1a: Chandelure|Heat Wave|p2b: Aggron|[spread] p2a\n|-activate|p2b: Aggron|move: Protect\n|-resisted|p2a: Arcanine|1\n|-damage|p2a: Arcanine|6/100\n|\n|-sideend|p1: a big circle|move: Tailwind\n|upkeep\n|turn|8\n|\n|t:|1776435478\n|switch|p1b: Garchomp|Garchomp, L50, M|100/100\n|move|p2a: Arcanine|Extreme Speed|p1b: Garchomp\n|-damage|p1b: Garchomp|80/100\n|-damage|p2a: Arcanine|0 fnt|[from] ability: Rough Skin|[of] p1b: Garchomp\n|faint|p2a: Arcanine\n|move|p1a: Chandelure|Heat Wave|p2b: Aggron\n|-supereffective|p2b: Aggron|1\n|-damage|p2b: Aggron|0 fnt\n|faint|p2b: Aggron\n|\n|upkeep\n|\n|t:|1776435491\n|switch|p2a: Sylveon|Sylveon, L50, F|100/100\n|switch|p2b: Whimsicott|Whimsicott, L50, F|86/100\n|turn|9\n|\n|t:|1776435514\n|move|p2b: Whimsicott|Light Screen|p2b: Whimsicott\n|-sidestart|p2: Jeremykhoo|move: Light Screen\n|move|p1b: Garchomp|Rock Slide|p2b: Whimsicott|[spread] p2a,p2b\n|-damage|p2a: Sylveon|75/100\n|-damage|p2b: Whimsicott|64/100\n|move|p1a: Chandelure|Heat Wave|p2a: Sylveon|[spread] p2a,p2b\n|-supereffective|p2b: Whimsicott|1\n|-damage|p2a: Sylveon|41/100\n|-damage|p2b: Whimsicott|0 fnt\n|faint|p2b: Whimsicott\n|cant|p2a: Sylveon|flinch\n|\n|upkeep\n|turn|10\n|\n|t:|1776435531\n|move|p1b: Garchomp|Protect|p1b: Garchomp\n|-singleturn|p1b: Garchomp|Protect\n|move|p1a: Chandelure|Shadow Ball|p2a: Sylveon\n|-damage|p2a: Sylveon|0 fnt\n|faint|p2a: Sylveon\n|\n|win|a big circle\n|raw|a big circle's rating: 1194 &rarr; <strong>1212</strong><br />(+18 for winning)\n|raw|Jeremykhoo's rating: 1098 &rarr; <strong>1080</strong><br />(-18 for losing)\n|l|\u2606a big circle\n|player|p1|\n",
  "uploadtime": 1776435539,
  "views": 27,
  "formatid": "gen9championsvgc2026regma",
  "rating": 1080,
  "private": 0,
  "password": null
}