{
  "id": "gen9championsvgc2026regma-2587564824",
  "format": "[Gen 9 Champions] VGC 2026 Reg M-A",
  "players": [
    "HawaiiCookieCo",
    "diegomostos"
  ],
  "log": "|j|\u2606HawaiiCookieCo\n|j|\u2606diegomostos\n|t:|1776542711\n|gametype|doubles\n|player|p1|HawaiiCookieCo|swimmer-gen4dp|1110\n|player|p2|diegomostos|swimmerf-gen6|1077\n|gen|9\n|tier|[Gen 9 Champions] VGC 2026 Reg M-A\n|rated|\n|rule|Species Clause: Limit one of each Pok\u00e9mon\n|rule|Item Clause: Limit 1 of each item\n|clearpoke\n|poke|p1|Delphox, L50, F|\n|poke|p1|Maushold, L50|\n|poke|p1|Tsareena, L50, F|\n|poke|p1|Basculegion, L50, M|\n|poke|p1|Dragonite, L50, M|\n|poke|p1|Tinkaton, L50, F|\n|poke|p2|Espathra, L50, M|\n|poke|p2|Sableye, L50, F|\n|poke|p2|Charizard, L50, F|\n|poke|p2|Milotic, L50, M|\n|poke|p2|Garchomp, L50, M|\n|poke|p2|Gardevoir, L50, F|\n|teampreview|4\n|inactive|Battle timer is ON: inactive players will automatically lose when time's up. (requested by HawaiiCookieCo)\n|inactive|diegomostos has 60 seconds left.\n|\n|t:|1776542742\n|teamsize|p1|4\n|teamsize|p2|4\n|start\n|switch|p1a: Dragonite|Dragonite, L50, M|100/100\n|switch|p1b: Tinkaton|Tinkaton, L50, F|100/100\n|switch|p2a: Sableye|Sableye, L50, F|100/100\n|switch|p2b: Milotic|Milotic, L50, M|100/100\n|-ability|p1b: Tinkaton|Mold Breaker\n|turn|1\n|\n|t:|1776542765\n|switch|p1a: Delphox|Delphox, L50, F|100/100\n|move|p2a: Sableye|Fake Out|p1a: Delphox\n|-damage|p1a: Delphox|89/100\n|move|p1b: Tinkaton|Play Rough|p2a: Sableye|[miss]\n|-miss|p1b: Tinkaton|p2a: Sableye\n|move|p2b: Milotic|Scald|p1b: Tinkaton\n|-damage|p1b: Tinkaton|73/100\n|-status|p1b: Tinkaton|brn\n|\n|-damage|p1b: Tinkaton|67/100 brn|[from] brn\n|upkeep\n|turn|2\n|\n|t:|1776542788\n|detailschange|p1a: Delphox|Delphox-Mega, L50, F\n|-mega|p1a: Delphox|Delphox|Delphoxite\n|move|p2a: Sableye|Gravity|p2a: Sableye\n|-fieldstart|move: Gravity\n|move|p1a: Delphox|Heat Wave|p2a: Sableye|[spread] p2a,p2b\n|-resisted|p2b: Milotic|1\n|-damage|p2a: Sableye|56/100\n|-damage|p2b: Milotic|84/100\n|-status|p2a: Sableye|brn\n|move|p1b: Tinkaton|Play Rough|p2a: Sableye\n|-supereffective|p2a: Sableye|1\n|-enditem|p2a: Sableye|Roseli Berry|[eat]\n|-enditem|p2a: Sableye|Roseli Berry|[weaken]\n|-damage|p2a: Sableye|39/100 brn\n|move|p2b: Milotic|Hypnosis|p1a: Delphox\n|-status|p1a: Delphox|slp|[from] move: Hypnosis\n|\n|-damage|p1b: Tinkaton|61/100 brn|[from] brn\n|-damage|p2a: Sableye|33/100 brn|[from] brn\n|upkeep\n|turn|3\n|inactive|HawaiiCookieCo has 30 seconds left.\n|inactive|diegomostos has 30 seconds left.\n|inactive|diegomostos has 20 seconds left.\n|\n|t:|1776542827\n|switch|p1a: Dragonite|Dragonite, L50, M|100/100\n|switch|p2a: Garchomp|Garchomp, L50, M|100/100\n|move|p1b: Tinkaton|Play Rough|p2a: Garchomp\n|-supereffective|p2a: Garchomp|1\n|-damage|p2a: Garchomp|75/100\n|-damage|p1b: Tinkaton|49/100 brn|[from] ability: Rough Skin|[of] p2a: Garchomp\n|-enditem|p1b: Tinkaton|Sitrus Berry|[eat]\n|-heal|p1b: Tinkaton|74/100 brn|[from] item: Sitrus Berry\n|move|p2b: Milotic|Scald|p1b: Tinkaton\n|-damage|p1b: Tinkaton|44/100 brn\n|\n|-damage|p1b: Tinkaton|38/100 brn|[from] brn\n|upkeep\n|turn|4\n|\n|t:|1776542851\n|switch|p1b: Maushold|Maushold, L50|100/100\n|move|p1a: Dragonite|Protect|p1a: Dragonite\n|-singleturn|p1a: Dragonite|Protect\n|move|p2a: Garchomp|Earthquake|p1a: Dragonite|[spread] p2b,p1b\n|-activate|p1a: Dragonite|move: Protect\n|-damage|p2b: Milotic|43/100\n|-damage|p1b: Maushold|65/100\n|-enditem|p2b: Milotic|Sitrus Berry|[eat]\n|-heal|p2b: Milotic|67/100|[from] item: Sitrus Berry\n|move|p2b: Milotic|Ice Beam|p1a: Dragonite\n|-activate|p1a: Dragonite|move: Protect\n|\n|upkeep\n|turn|5\n|\n|t:|1776542866\n|move|p1b: Maushold|Follow Me|p1b: Maushold\n|-singleturn|p1b: Maushold|move: Follow Me\n|move|p2a: Garchomp|Rock Slide|p1b: Maushold|[spread] p1a,p1b\n|-supereffective|p1a: Dragonite|1\n|-damage|p1a: Dragonite|71/100\n|-damage|p1b: Maushold|46/100\n|move|p1a: Dragonite|Ice Punch|p2a: Garchomp\n|-supereffective|p2a: Garchomp|2\n|-damage|p2a: Garchomp|0 fnt\n|-damage|p1a: Dragonite|59/100|[from] ability: Rough Skin|[of] p2a: Garchomp\n|faint|p2a: Garchomp\n|move|p2b: Milotic|Hypnosis|p1b: Maushold\n|-status|p1b: Maushold|slp|[from] move: Hypnosis\n|-enditem|p1b: Maushold|Lum Berry|[eat]\n|-curestatus|p1b: Maushold|slp|[msg]\n|\n|upkeep\n|\n|t:|1776542880\n|switch|p2a: Sableye|Sableye, L50, F|33/100 brn\n|turn|6\n|\n|t:|1776542893\n|move|p2a: Sableye|Fake Out|p1b: Maushold\n|-damage|p1b: Maushold|43/100\n|move|p1a: Dragonite|Extreme Speed|p2b: Milotic\n|-damage|p2b: Milotic|36/100\n|cant|p1b: Maushold|flinch\n|move|p2b: Milotic|Ice Beam|p1a: Dragonite\n|-supereffective|p1a: Dragonite|2\n|-damage|p1a: Dragonite|0 fnt\n|faint|p1a: Dragonite\n|\n|-damage|p2a: Sableye|27/100 brn|[from] brn\n|-fieldend|move: Gravity\n|upkeep\n|\n|t:|1776542903\n|switch|p1a: Delphox|Delphox-Mega, L50, F|89/100 slp\n|turn|7\n|\n|t:|1776542912\n|move|p1b: Maushold|Protect|p1b: Maushold\n|-singleturn|p1b: Maushold|Protect\n|move|p2a: Sableye|Gravity|p2a: Sableye\n|-fieldstart|move: Gravity\n|cant|p1a: Delphox|slp\n|move|p2b: Milotic|Hypnosis|p1b: Maushold\n|-activate|p1b: Maushold|move: Protect\n|\n|-damage|p2a: Sableye|22/100 brn|[from] brn\n|upkeep\n|turn|8\n|\n|t:|1776542934\n|move|p1b: Maushold|Follow Me|p1b: Maushold\n|-singleturn|p1b: Maushold|move: Follow Me\n|cant|p1a: Delphox|slp\n|move|p2b: Milotic|Scald|p1b: Maushold\n|-damage|p1b: Maushold|6/100\n|move|p2a: Sableye|Foul Play|p1b: Maushold\n|-damage|p1b: Maushold|0 fnt\n|faint|p1b: Maushold\n|\n|-damage|p2a: Sableye|16/100 brn|[from] brn\n|upkeep\n|\n|t:|1776542945\n|switch|p1b: Tinkaton|Tinkaton, L50, F|38/100 brn\n|-ability|p1b: Tinkaton|Mold Breaker\n|turn|9\n|\n|t:|1776542956\n|switch|p2b: Gardevoir|Gardevoir, L50, F|100/100\n|move|p1b: Tinkaton|Fake Out|p2b: Gardevoir\n|-damage|p2b: Gardevoir|93/100\n|-curestatus|p1a: Delphox|slp|[msg]\n|move|p1a: Delphox|Heat Wave|p2b: Gardevoir|[spread] p2a,p2b\n|-damage|p2a: Sableye|0 fnt\n|-damage|p2b: Gardevoir|49/100\n|faint|p2a: Sableye\n|\n|-damage|p1b: Tinkaton|32/100 brn|[from] brn\n|upkeep\n|\n|t:|1776542966\n|switch|p2a: Milotic|Milotic, L50, M|36/100\n|turn|10\n|\n|t:|1776542979\n|move|p2b: Gardevoir|Dazzling Gleam|p1b: Tinkaton|[spread] p1a,p1b\n|-resisted|p1a: Delphox|1\n|-resisted|p1b: Tinkaton|1\n|-damage|p1a: Delphox|75/100\n|-damage|p1b: Tinkaton|19/100 brn\n|move|p1a: Delphox|Psychic|p2a: Milotic\n|-crit|p2a: Milotic\n|-damage|p2a: Milotic|0 fnt\n|faint|p2a: Milotic\n|move|p1b: Tinkaton|Gigaton Hammer|p2b: Gardevoir\n|-supereffective|p2b: Gardevoir|1\n|-damage|p2b: Gardevoir|0 fnt\n|faint|p2b: Gardevoir\n|\n|win|HawaiiCookieCo\n|raw|HawaiiCookieCo's rating: 1110 &rarr; <strong>1133</strong><br />(+23 for winning)\n|raw|diegomostos's rating: 1077 &rarr; <strong>1057</strong><br />(-20 for losing)\n|l|\u2606diegomostos\n|player|p2|\n",
  "uploadtime": 1776542990,
  "views": 18,
  "formatid": "gen9championsvgc2026regma",
  "rating": 1057,
  "private": 0,
  "password": null
}