{
  "id": "gen9championsvgc2026regma-2586578179",
  "format": "[Gen 9 Champions] VGC 2026 Reg M-A",
  "players": [
    "Pokeventurer",
    "Daniarceus"
  ],
  "log": "|j|\u2606Pokeventurer\n|j|\u2606Daniarceus\n|t:|1776444415\n|gametype|doubles\n|player|p1|Pokeventurer|265|1520\n|player|p2|Daniarceus|1|1457\n|gen|9\n|tier|[Gen 9 Champions] VGC 2026 Reg M-A\n|rated|\n|rule|Species Clause: Limit one of each Pok\u00e9mon\n|rule|Item Clause: Limit 1 of each item\n|clearpoke\n|poke|p1|Talonflame, L50, F|\n|poke|p1|Kingambit, L50, F|\n|poke|p1|Garchomp, L50, M|\n|poke|p1|Basculegion, L50, M|\n|poke|p1|Floette-Eternal, L50, F|\n|poke|p1|Pelipper, L50, F|\n|poke|p2|Maushold, L50|\n|poke|p2|Talonflame, L50, F|\n|poke|p2|Gardevoir, L50, F|\n|poke|p2|Garchomp, L50, F|\n|poke|p2|Kingambit, L50, M|\n|poke|p2|Basculegion, L50, M|\n|teampreview|4\n|inactive|Battle timer is ON: inactive players will automatically lose when time's up. (requested by Pokeventurer)\n|inactive|Pokeventurer has 60 seconds left.\n|inactive|Daniarceus has 60 seconds left.\n|\n|t:|1776444482\n|teamsize|p1|4\n|teamsize|p2|4\n|start\n|switch|p1a: Talonflame|Talonflame, L50, F|100/100\n|switch|p1b: Basculegion|Basculegion, L50, M|100/100\n|switch|p2a: Maushold|Maushold, L50|100/100\n|switch|p2b: Gardevoir|Gardevoir, L50, F|100/100\n|turn|1\n|inactive|Daniarceus has 30 seconds left.\n|inactive|Daniarceus has 20 seconds left.\n|inactive|Daniarceus has 15 seconds left.\n|inactive|Daniarceus has 10 seconds left.\n|\n|t:|1776444529\n|detailschange|p2b: Gardevoir|Gardevoir-Mega, L50, F\n|-mega|p2b: Gardevoir|Gardevoir|Gardevoirite\n|move|p2a: Maushold|Follow Me|p2a: Maushold\n|-singleturn|p2a: Maushold|move: Follow Me\n|move|p1a: Talonflame|Tailwind|p1a: Talonflame\n|-sidestart|p1: Pokeventurer|move: Tailwind\n|move|p1b: Basculegion|Wave Crash|p2a: Maushold\n|-enditem|p2a: Maushold|Focus Sash\n|-damage|p2a: Maushold|1/100\n|-damage|p1b: Basculegion|71/100|[from] Recoil\n|move|p2b: Gardevoir|Trick Room|p2b: Gardevoir\n|-fieldstart|move: Trick Room|[of] p2b: Gardevoir\n|\n|upkeep\n|turn|2\n|\n|t:|1776444542\n|move|p2a: Maushold|Follow Me|p2a: Maushold\n|-singleturn|p2a: Maushold|move: Follow Me\n|move|p1a: Talonflame|Dual Wingbeat|p2a: Maushold\n|-damage|p2a: Maushold|0 fnt\n|faint|p2a: Maushold\n|-hitcount|p2: Maushold|1\n|move|p2b: Gardevoir|Hyper Voice|p1b: Basculegion|[spread] p1a,p1b\n|-resisted|p1a: Talonflame|1\n|-damage|p1a: Talonflame|59/100\n|-damage|p1b: Basculegion|8/100\n|move|p1b: Basculegion|Wave Crash|p2b: Gardevoir\n|-damage|p2b: Gardevoir|7/100\n|-damage|p1b: Basculegion|0 fnt|[from] Recoil\n|faint|p1b: Basculegion\n|\n|upkeep\n|\n|t:|1776444559\n|switch|p1b: Kingambit|Kingambit, L50, F|100/100\n|switch|p2a: Garchomp|Garchomp, L50, F|100/100\n|turn|3\n|\n|t:|1776444571\n|move|p2b: Gardevoir|Protect|p2b: Gardevoir\n|-singleturn|p2b: Gardevoir|Protect\n|move|p1b: Kingambit|Protect|p1b: Kingambit\n|-singleturn|p1b: Kingambit|Protect\n|move|p2a: Garchomp|Earthquake|p1a: Talonflame|[spread] \n|-activate|p2b: Gardevoir|move: Protect\n|-activate|p1b: Kingambit|move: Protect\n|-immune|p1a: Talonflame\n|move|p1a: Talonflame|Dual Wingbeat|p2b: Gardevoir\n|-activate|p2b: Gardevoir|move: Protect\n|\n|upkeep\n|turn|4\n|j| hazima\n|\n|t:|1776444590\n|move|p1b: Kingambit|Sucker Punch|p2b: Gardevoir\n|-damage|p2b: Gardevoir|0 fnt\n|faint|p2b: Gardevoir\n|move|p2a: Garchomp|Earthquake|p1b: Kingambit|[spread] p1b\n|-immune|p1a: Talonflame\n|-supereffective|p1b: Kingambit|1\n|-damage|p1b: Kingambit|40/100\n|move|p1a: Talonflame|Dual Wingbeat|p2a: Garchomp\n|-damage|p2a: Garchomp|84/100\n|-damage|p1a: Talonflame|46/100|[from] ability: Rough Skin|[of] p2a: Garchomp\n|-damage|p2a: Garchomp|66/100\n|-damage|p1a: Talonflame|34/100|[from] ability: Rough Skin|[of] p2a: Garchomp\n|-hitcount|p2a: Garchomp|2\n|\n|-sideend|p1: Pokeventurer|move: Tailwind\n|upkeep\n|\n|t:|1776444598\n|switch|p2b: Basculegion|Basculegion, L50, M|100/100\n|turn|5\n|\n|t:|1776444604\n|move|p2b: Basculegion|Protect|p2b: Basculegion\n|-singleturn|p2b: Basculegion|Protect\n|move|p1b: Kingambit|Sucker Punch||[still]\n|-fail|p1b: Kingambit\n|move|p2a: Garchomp|Earthquake|p1a: Talonflame|[spread] p1b\n|-activate|p2b: Basculegion|move: Protect\n|-immune|p1a: Talonflame\n|-supereffective|p1b: Kingambit|1\n|-damage|p1b: Kingambit|0 fnt\n|faint|p1b: Kingambit\n|move|p1a: Talonflame|Tailwind|p1a: Talonflame\n|-sidestart|p1: Pokeventurer|move: Tailwind\n|\n|-fieldend|move: Trick Room\n|upkeep\n|\n|t:|1776444610\n|switch|p1b: Floette|Floette-Eternal, L50, F|100/100\n|turn|6\n|\n|t:|1776444618\n|detailschange|p1b: Floette|Floette-Mega, L50, F\n|-mega|p1b: Floette|Floette|Floettite\n|-ability|p1b: Floette|Fairy Aura\n|move|p1a: Talonflame|Dual Wingbeat|p2b: Basculegion\n|-damage|p2b: Basculegion|81/100\n|-damage|p2b: Basculegion|61/100\n|-hitcount|p2b: Basculegion|2\n|move|p1b: Floette|Dazzling Gleam|p2a: Garchomp|[spread] p2a,p2b\n|-supereffective|p2a: Garchomp|1\n|-damage|p2a: Garchomp|0 fnt\n|-damage|p2b: Basculegion|19/100\n|-enditem|p2b: Basculegion|Sitrus Berry|[eat]\n|-heal|p2b: Basculegion|44/100|[from] item: Sitrus Berry\n|faint|p2a: Garchomp\n|move|p2b: Basculegion|Last Respects|p1b: Floette\n|-damage|p1b: Floette|0 fnt\n|faint|p1b: Floette\n|\n|upkeep\n|turn|7\n|\n|t:|1776444628\n|move|p2b: Basculegion|Aqua Jet|p1a: Talonflame\n|-supereffective|p1a: Talonflame|1\n|-damage|p1a: Talonflame|0 fnt\n|faint|p1a: Talonflame\n|\n|win|Daniarceus\n|raw|Pokeventurer's rating: 1520 &rarr; <strong>1496</strong><br />(-24 for losing)\n|raw|Daniarceus's rating: 1457 &rarr; <strong>1481</strong><br />(+24 for winning)\n|c|\u2606Daniarceus|GG\n",
  "uploadtime": 1776444631,
  "views": 43,
  "formatid": "gen9championsvgc2026regma",
  "rating": 1481,
  "private": 0,
  "password": null
}