{
  "id": "gen9championsvgc2026regma-2581025882",
  "format": "[Gen 9 Champions] VGC 2026 Reg M-A",
  "players": [
    "Atlas2119",
    "Bigbro2022"
  ],
  "log": "|j|\u2606Atlas2119\n|j|\u2606Bigbro2022\n|t:|1775952905\n|gametype|doubles\n|player|p1|Atlas2119|2|1076\n|player|p2|Bigbro2022|cynthia-gen4|1000\n|gen|9\n|tier|[Gen 9 Champions] VGC 2026 Reg M-A\n|rated|\n|rule|Species Clause: Limit one of each Pok\u00e9mon\n|rule|Item Clause: Limit 1 of each item\n|clearpoke\n|poke|p1|Sableye, L50, M|\n|poke|p1|Garchomp, L50, M|\n|poke|p1|Hawlucha, L50, F|\n|poke|p1|Sneasler, L50, F|\n|poke|p1|Arcanine-Hisui, L50, F|\n|poke|p1|Archaludon, L50, M|\n|poke|p2|Floette-Eternal, L50, F|\n|poke|p2|Sinistcha, L50|\n|poke|p2|Sneasler, L50, M|\n|poke|p2|Goodra-Hisui, L50, F|\n|poke|p2|Talonflame, L50, F|\n|poke|p2|Meowstic, L50, M|\n|teampreview|4\nBigbro2022 rejected open team sheets.\n|inactive|Battle timer is ON: inactive players will automatically lose when time's up. (requested by Bigbro2022)\n|\n|t:|1775952954\n|teamsize|p1|4\n|teamsize|p2|4\n|start\n|switch|p1a: Sableye|Sableye, L50, M, shiny|100/100\n|switch|p1b: Arcanine|Arcanine-Hisui, L50, F, shiny|100/100\n|switch|p2a: Floette|Floette-Eternal, L50, F|100/100\n|switch|p2b: Meowstic|Meowstic, L50, M|100/100\n|turn|1\n|inactive|Bigbro2022 has 30 seconds left.\n|inactive|Bigbro2022 has 20 seconds left.\n|\n|t:|1775952990\n|detailschange|p2a: Floette|Floette-Mega, L50, F\n|-mega|p2a: Floette|Floette|Floettite\n|-ability|p2a: Floette|Fairy Aura\n|move|p1a: Sableye|Fake Out|p2b: Meowstic\n|-damage|p2b: Meowstic|94/100\n|cant|p2b: Meowstic|flinch\n|move|p1b: Arcanine|Flare Blitz|p2a: Floette\n|-damage|p2a: Floette|39/100\n|move|p2a: Floette|Calm Mind|p2a: Floette\n|-boost|p2a: Floette|spa|1\n|-boost|p2a: Floette|spd|1\n|\n|upkeep\n|turn|2\n|\n|t:|1775953010\n|move|p1a: Sableye|Protect|p1a: Sableye\n|-singleturn|p1a: Sableye|Protect\n|move|p2b: Meowstic|Skill Swap|p2a: Floette\n|-activate|p2b: Meowstic|Skill Swap|||[of] p2a: Floette\n|-ability|p2b: Meowstic|Fairy Aura\n|move|p2a: Floette|Synthesis|p2a: Floette\n|-heal|p2a: Floette|89/100\n|move|p1b: Arcanine|Flare Blitz|p2a: Floette\n|-damage|p2a: Floette|31/100\n|\n|upkeep\n|turn|3\n|\n|t:|1775953028\n|move|p2a: Floette|Synthesis|p2a: Floette\n|-heal|p2a: Floette|81/100\n|move|p1a: Sableye|Disable|p2a: Floette\n|-start|p2a: Floette|Disable|Synthesis\n|move|p2b: Meowstic|Skill Swap|p1b: Arcanine\n|-activate|p2b: Meowstic|Skill Swap|Rock Head|Fairy Aura|[of] p1b: Arcanine\n|-ability|p1b: Arcanine|Fairy Aura\n|move|p1b: Arcanine|Flare Blitz|p2a: Floette\n|-damage|p2a: Floette|24/100\n|-damage|p1b: Arcanine|81/100|[from] Recoil\n|\n|upkeep\n|turn|4\n|inactive|Bigbro2022 has 30 seconds left.\n|\n|t:|1775953054\n|switch|p2b: Talonflame|Talonflame, L50, F|100/100\n|move|p2a: Floette|Protect|p2a: Floette\n|-singleturn|p2a: Floette|Protect\n|move|p1a: Sableye|Disable||[still]\n|-fail|p1a: Sableye\n|move|p1b: Arcanine|Flare Blitz|p2a: Floette\n|-activate|p2a: Floette|move: Protect\n|\n|upkeep\n|turn|5\n|inactive|Atlas2119 has 30 seconds left.\n|inactive|Atlas2119 has 20 seconds left.\n|\n|t:|1775953091\n|switch|p1b: Archaludon|Archaludon, L50, M, shiny|100/100\n|move|p2b: Talonflame|Tailwind|p2b: Talonflame\n|-sidestart|p2: Bigbro2022|move: Tailwind\n|move|p1a: Sableye|Rain Dance|p1a: Sableye\n|-weather|RainDance\n|move|p2a: Floette|Dazzling Gleam|p1b: Archaludon|[spread] p1a,p1b\n|-supereffective|p1a: Sableye|1\n|-damage|p1a: Sableye|0 fnt\n|-damage|p1b: Archaludon|25/100\n|-ability|p1b: Archaludon|Stamina|boost\n|-boost|p1b: Archaludon|def|1\n|-enditem|p1b: Archaludon|Sitrus Berry|[eat]\n|-heal|p1b: Archaludon|50/100|[from] item: Sitrus Berry\n|faint|p1a: Sableye\n|\n|-weather|RainDance|[upkeep]\n|upkeep\n|\n|t:|1775953104\n|switch|p1a: Sneasler|Sneasler, L50, F, shiny|100/100\n|turn|6\n|\n|t:|1775953127\n|move|p2a: Floette|Protect|p2a: Floette\n|-singleturn|p2a: Floette|Protect\n|move|p1a: Sneasler|Fake Out|p2a: Floette\n|-activate|p2a: Floette|move: Protect\n|move|p2b: Talonflame|Acrobatics|p1a: Sneasler\n|-supereffective|p1a: Sneasler|1\n|-damage|p1a: Sneasler|0 fnt\n|faint|p1a: Sneasler\n|move|p1b: Archaludon|Electro Shot||[still]\n|-prepare|p1b: Archaludon|Electro Shot\n|-boost|p1b: Archaludon|spa|1\n|-anim|p1b: Archaludon|Electro Shot|p2a: Floette\n|-activate|p2a: Floette|move: Protect\n|\n|-weather|RainDance|[upkeep]\n|upkeep\n|\n|t:|1775953141\n|switch|p1a: Arcanine|Arcanine-Hisui, L50, F, shiny|81/100\n|turn|7\n|inactive|Bigbro2022 has 30 seconds left.\n|\n|t:|1775953170\n|move|p1a: Arcanine|Extreme Speed|p2a: Floette\n|-damage|p2a: Floette|4/100\n|move|p2b: Talonflame|Acrobatics|p1a: Arcanine\n|-resisted|p1a: Arcanine|1\n|-damage|p1a: Arcanine|53/100\n|move|p2a: Floette|Dazzling Gleam|p1a: Arcanine|[spread] p1a,p1b\n|-resisted|p1a: Arcanine|1\n|-damage|p1a: Arcanine|20/100\n|-damage|p1b: Archaludon|0 fnt\n|faint|p1b: Archaludon\n|\n|-weather|RainDance|[upkeep]\n|-end|p2a: Floette|Disable\n|upkeep\n|turn|8\n|-message|Atlas2119 forfeited.\n|\n|win|Bigbro2022\n|raw|Atlas2119's rating: 1076 &rarr; <strong>1050</strong><br />(-26 for losing)\n|raw|Bigbro2022's rating: 1000 &rarr; <strong>1049</strong><br />(+49 for winning)\n|l|\u2606Atlas2119\n|player|p1|\n",
  "uploadtime": 1775953194,
  "views": 14,
  "formatid": "gen9championsvgc2026regma",
  "rating": 1049,
  "private": 0,
  "password": null
}