{
  "id": "gen9championsvgc2026regma-2584226350",
  "format": "[Gen 9 Champions] VGC 2026 Reg M-A",
  "players": [
    "AnotherDreamer",
    "randomn1ck"
  ],
  "log": "|j|\u2606AnotherDreamer\n|j|\u2606randomn1ck\n|t:|1776240485\n|gametype|doubles\n|player|p1|AnotherDreamer|102|1330\n|player|p2|randomn1ck|102|1285\n|gen|9\n|tier|[Gen 9 Champions] VGC 2026 Reg M-A\n|rated|\n|rule|Species Clause: Limit one of each Pok\u00e9mon\n|rule|Item Clause: Limit 1 of each item\n|clearpoke\n|poke|p1|Incineroar, L50, M|\n|poke|p1|Floette-Eternal, L50, F|\n|poke|p1|Aerodactyl, L50, F|\n|poke|p1|Basculegion, L50, M|\n|poke|p1|Garchomp, L50, F|\n|poke|p1|Sneasler, L50, M|\n|poke|p2|Froslass, L50, F|\n|poke|p2|Aerodactyl, L50, M|\n|poke|p2|Incineroar, L50, M|\n|poke|p2|Sinistcha-Masterpiece, L50|\n|poke|p2|Milotic, L50, F|\n|poke|p2|Kingambit, L50, M|\n|teampreview|4\n|inactive|Battle timer is ON: inactive players will automatically lose when time's up. (requested by randomn1ck)\n|inactive|AnotherDreamer also wants the timer to be on.\n|inactive|randomn1ck has 60 seconds left.\n|\n|t:|1776240523\n|teamsize|p1|4\n|teamsize|p2|4\n|start\n|switch|p1a: Sneasler|Sneasler, L50, M|100/100\n|switch|p1b: Basculegion|Basculegion, L50, M|100/100\n|switch|p2a: Aerodactyl|Aerodactyl, L50, M, shiny|100/100\n|switch|p2b: Incineroar|Incineroar, L50, M, shiny|100/100\n|-ability|p2a: Aerodactyl|Unnerve\n|-ability|p2b: Incineroar|Intimidate|boost\n|-unboost|p1a: Sneasler|atk|1\n|-unboost|p1b: Basculegion|atk|1\n|-enditem|p1a: Sneasler|White Herb\n|-clearnegativeboost|p1a: Sneasler|[silent]\n|turn|1\n|\n|t:|1776240547\n|move|p1a: Sneasler|Protect|p1a: Sneasler\n|-singleturn|p1a: Sneasler|Protect\n|move|p2a: Aerodactyl|Protect|p2a: Aerodactyl\n|-singleturn|p2a: Aerodactyl|Protect\n|move|p1b: Basculegion|Flip Turn|p2b: Incineroar\n|-supereffective|p2b: Incineroar|1\n|-damage|p2b: Incineroar|53/100\n|\n|t:|1776240552\n|switch|p1b: Incineroar|Incineroar, L50, M|100/100|[from] Flip Turn\n|-ability|p1b: Incineroar|Intimidate|boost\n|-unboost|p2a: Aerodactyl|atk|1\n|-unboost|p2b: Incineroar|atk|1\n|move|p2b: Incineroar|Parting Shot|p1a: Sneasler\n|-activate|p1a: Sneasler|move: Protect\n|\n|upkeep\n|turn|2\n|\n|t:|1776240567\n|switch|p2a: Milotic|Milotic, L50, F, shiny|100/100\n|move|p1b: Incineroar|Fake Out|p2a: Milotic\n|-damage|p2a: Milotic|91/100\n|move|p1a: Sneasler|Rock Tomb|p2a: Milotic|[miss]\n|-miss|p1a: Sneasler|p2a: Milotic\n|move|p2b: Incineroar|Parting Shot|p1a: Sneasler\n|-unboost|p1a: Sneasler|atk|1\n|-unboost|p1a: Sneasler|spa|1\n|\n|t:|1776240585\n|switch|p2b: Froslass|Froslass, L50, F, shiny|100/100|[from] Parting Shot\n|\n|-heal|p2a: Milotic|97/100|[from] item: Leftovers\n|upkeep\n|turn|3\n|\n|t:|1776240605\n|move|p2b: Froslass|Protect|p2b: Froslass\n|-singleturn|p2b: Froslass|Protect\n|move|p1a: Sneasler|Rock Tomb|p2b: Froslass\n|-activate|p2b: Froslass|move: Protect\n|move|p2a: Milotic|Coil|p2a: Milotic\n|-boost|p2a: Milotic|atk|1\n|-boost|p2a: Milotic|def|1\n|-boost|p2a: Milotic|accuracy|1\n|move|p1b: Incineroar|Flare Blitz|p2b: Froslass\n|-activate|p2b: Froslass|move: Protect\n|\n|-heal|p2a: Milotic|100/100|[from] item: Leftovers\n|upkeep\n|turn|4\n|\n|t:|1776240629\n|switch|p2b: Incineroar|Incineroar, L50, M, shiny|53/100\n|-ability|p2b: Incineroar|Intimidate|boost\n|-unboost|p1a: Sneasler|atk|1\n|-unboost|p1b: Incineroar|atk|1\n|move|p1b: Incineroar|Helping Hand|p1a: Sneasler\n|-singleturn|p1a: Sneasler|Helping Hand|[of] p1b: Incineroar\n|move|p1a: Sneasler|Dire Claw|p2a: Milotic\n|-damage|p2a: Milotic|85/100\n|move|p2a: Milotic|Muddy Water|p1b: Incineroar|[spread] p1a,p1b\n|-supereffective|p1b: Incineroar|1\n|-damage|p1a: Sneasler|68/100\n|-damage|p1b: Incineroar|56/100\n|\n|-heal|p2a: Milotic|91/100|[from] item: Leftovers\n|upkeep\n|turn|5\n|\n|t:|1776240651\n|move|p1a: Sneasler|Protect|p1a: Sneasler\n|-singleturn|p1a: Sneasler|Protect\n|move|p2b: Incineroar|Fake Out|p1b: Incineroar\n|-damage|p1b: Incineroar|45/100\n|-enditem|p1b: Incineroar|Sitrus Berry|[eat]\n|-heal|p1b: Incineroar|70/100|[from] item: Sitrus Berry\n|move|p2a: Milotic|Hypnosis|p1a: Sneasler\n|-activate|p1a: Sneasler|move: Protect\n|cant|p1b: Incineroar|flinch\n|\n|-heal|p2a: Milotic|97/100|[from] item: Leftovers\n|upkeep\n|turn|6\n|\n|t:|1776240668\n|switch|p2b: Froslass|Froslass, L50, F, shiny|100/100\n|move|p1a: Sneasler|Dire Claw|p2a: Milotic\n|-damage|p2a: Milotic|85/100\n|-status|p2a: Milotic|par\n|move|p1b: Incineroar|Parting Shot|p2b: Froslass\n|-unboost|p2b: Froslass|atk|1\n|-unboost|p2b: Froslass|spa|1\n|\n|t:|1776240673\n|switch|p1b: Floette|Floette-Eternal, L50, F|100/100|[from] Parting Shot\n|move|p2a: Milotic|Muddy Water|p1a: Sneasler|[spread] p1a,p1b\n|-damage|p1a: Sneasler|35/100\n|-damage|p1b: Floette|82/100\n|-unboost|p1a: Sneasler|accuracy|1\n|-unboost|p1b: Floette|accuracy|1\n|\n|-heal|p2a: Milotic|91/100 par|[from] item: Leftovers\n|upkeep\n|turn|7\n|\n|t:|1776240687\n|detailschange|p2b: Froslass|Froslass-Mega, L50, F, shiny\n|-mega|p2b: Froslass|Froslass|Froslassite\n|-weather|Snowscape|[from] ability: Snow Warning|[of] p2b: Froslass\n|detailschange|p1b: Floette|Floette-Mega, L50, F\n|-mega|p1b: Floette|Floette|Floettite\n|-ability|p1b: Floette|Fairy Aura\n|move|p1a: Sneasler|Rock Tomb|p2b: Froslass\n|-supereffective|p2b: Froslass|1\n|-damage|p2b: Froslass|79/100\n|-unboost|p2b: Froslass|spe|1\n|move|p2b: Froslass|Aurora Veil|p2b: Froslass\n|-sidestart|p2: randomn1ck|move: Aurora Veil\n|move|p1b: Floette|Calm Mind|p1b: Floette\n|-boost|p1b: Floette|spa|1\n|-boost|p1b: Floette|spd|1\n|move|p2a: Milotic|Hypnosis|p1b: Floette\n|-status|p1b: Floette|slp|[from] move: Hypnosis\n|\n|-weather|Snowscape|[upkeep]\n|-heal|p2a: Milotic|97/100 par|[from] item: Leftovers\n|upkeep\n|turn|8\n|\n|t:|1776240709\n|switch|p2b: Aerodactyl|Aerodactyl, L50, M, shiny|100/100\n|-ability|p2b: Aerodactyl|Unnerve\n|move|p1a: Sneasler|Protect|p1a: Sneasler\n|-singleturn|p1a: Sneasler|Protect\n|cant|p1b: Floette|slp\n|move|p2a: Milotic|Muddy Water|p1b: Floette|[spread] p1b\n|-activate|p1a: Sneasler|move: Protect\n|-damage|p1b: Floette|71/100 slp\n|\n|-weather|Snowscape|[upkeep]\n|-heal|p2a: Milotic|100/100 par|[from] item: Leftovers\n|upkeep\n|turn|9\n|\n|t:|1776240727\n|move|p1a: Sneasler|Rock Tomb|p2b: Aerodactyl|[miss]\n|-miss|p1a: Sneasler|p2b: Aerodactyl\n|move|p2b: Aerodactyl|Dual Wingbeat|p1b: Floette\n|-damage|p1b: Floette|55/100 slp\n|-damage|p1b: Floette|38/100 slp\n|-hitcount|p1b: Floette|2\n|-curestatus|p1b: Floette|slp|[msg]\n|move|p1b: Floette|Moonblast|p2a: Milotic\n|-damage|p2a: Milotic|51/100 par\n|cant|p2a: Milotic|par\n|\n|-weather|Snowscape|[upkeep]\n|-heal|p2a: Milotic|57/100 par|[from] item: Leftovers\n|upkeep\n|turn|10\n|\n|t:|1776240743\n|move|p2b: Aerodactyl|Protect|p2b: Aerodactyl\n|-singleturn|p2b: Aerodactyl|Protect\n|move|p1b: Floette|Protect|p1b: Floette\n|-singleturn|p1b: Floette|Protect\n|move|p1a: Sneasler|Rock Tomb|p2b: Aerodactyl\n|-activate|p2b: Aerodactyl|move: Protect\n|move|p2a: Milotic|Muddy Water|p1b: Floette|[spread] p1a\n|-activate|p1b: Floette|move: Protect\n|-damage|p1a: Sneasler|2/100\n|\n|-weather|Snowscape|[upkeep]\n|-heal|p2a: Milotic|63/100 par|[from] item: Leftovers\n|upkeep\n|turn|11\n|\n|t:|1776240762\n|move|p1a: Sneasler|Rock Tomb|p2b: Aerodactyl|[miss]\n|-miss|p1a: Sneasler|p2b: Aerodactyl\n|move|p2b: Aerodactyl|Dual Wingbeat|p1b: Floette\n|-damage|p1b: Floette|21/100\n|-damage|p1b: Floette|4/100\n|-hitcount|p1b: Floette|2\n|move|p1b: Floette|Dazzling Gleam|p2b: Aerodactyl|[spread] p2a\n|-miss|p1b: Floette|p2b: Aerodactyl\n|-damage|p2a: Milotic|32/100 par\n|move|p2a: Milotic|Muddy Water|p1b: Floette|[spread] p1a,p1b\n|-damage|p1a: Sneasler|0 fnt\n|-damage|p1b: Floette|0 fnt\n|faint|p1a: Sneasler\n|faint|p1b: Floette\n|\n|-weather|none\n|-heal|p2a: Milotic|38/100 par|[from] item: Leftovers\n|-sideend|p2: randomn1ck|move: Aurora Veil\n|upkeep\n|\n|t:|1776240765\n|switch|p1a: Basculegion|Basculegion, L50, M|100/100\n|switch|p1b: Incineroar|Incineroar, L50, M|70/100\n|-ability|p1b: Incineroar|Intimidate|boost\n|-unboost|p2a: Milotic|atk|1\n|-ability|p2a: Milotic|Competitive|boost\n|-boost|p2a: Milotic|spa|2\n|-unboost|p2b: Aerodactyl|atk|1\n|turn|12\n|\n|t:|1776240777\n|switch|p2b: Incineroar|Incineroar, L50, M, shiny|53/100\n|-ability|p2b: Incineroar|Intimidate|boost\n|-unboost|p1a: Basculegion|atk|1\n|-unboost|p1b: Incineroar|atk|1\n|move|p1b: Incineroar|Fake Out|p2b: Incineroar\n|-damage|p2b: Incineroar|46/100\n|-enditem|p2b: Incineroar|Sitrus Berry|[eat]\n|-heal|p2b: Incineroar|71/100|[from] item: Sitrus Berry\n|move|p1a: Basculegion|Last Respects|p2a: Milotic\n|-damage|p2a: Milotic|6/100 par\n|move|p2a: Milotic|Recover|p2a: Milotic\n|-heal|p2a: Milotic|56/100 par\n|\n|-heal|p2a: Milotic|62/100 par|[from] item: Leftovers\n|upkeep\n|turn|13\n|\n|t:|1776240785\n|switch|p2b: Aerodactyl|Aerodactyl, L50, M, shiny|100/100\n|-ability|p2b: Aerodactyl|Unnerve\n|move|p1a: Basculegion|Last Respects|p2a: Milotic\n|-damage|p2a: Milotic|26/100 par\n|move|p1b: Incineroar|Flare Blitz|p2b: Aerodactyl\n|-resisted|p2b: Aerodactyl|1\n|-damage|p2b: Aerodactyl|74/100\n|-damage|p1b: Incineroar|63/100|[from] Recoil\n|move|p2a: Milotic|Recover|p2a: Milotic\n|-heal|p2a: Milotic|76/100 par\n|\n|-heal|p2a: Milotic|82/100 par|[from] item: Leftovers\n|upkeep\n|turn|14\n|\n|t:|1776240798\n|switch|p2b: Incineroar|Incineroar, L50, M, shiny|71/100\n|-ability|p2b: Incineroar|Intimidate|boost\n|-unboost|p1a: Basculegion|atk|1\n|-unboost|p1b: Incineroar|atk|1\n|move|p1b: Incineroar|Helping Hand|p1a: Basculegion\n|-singleturn|p1a: Basculegion|Helping Hand|[of] p1b: Incineroar\n|move|p1a: Basculegion|Last Respects|p2b: Incineroar\n|-resisted|p2b: Incineroar|1\n|-damage|p2b: Incineroar|40/100\n|move|p2a: Milotic|Hypnosis|p1a: Basculegion\n|-status|p1a: Basculegion|slp|[from] move: Hypnosis\n|\n|-heal|p2a: Milotic|88/100 par|[from] item: Leftovers\n|upkeep\n|turn|15\n|\n|t:|1776240805\n|cant|p1a: Basculegion|slp\n|move|p1b: Incineroar|Flare Blitz|p2b: Incineroar\n|-resisted|p2b: Incineroar|1\n|-damage|p2b: Incineroar|28/100\n|-damage|p1b: Incineroar|59/100|[from] Recoil\n|move|p2b: Incineroar|Darkest Lariat|p1a: Basculegion\n|-supereffective|p1a: Basculegion|1\n|-damage|p1a: Basculegion|8/100 slp\n|move|p2a: Milotic|Muddy Water|p1a: Basculegion|[spread] p1a,p1b\n|-resisted|p1a: Basculegion|1\n|-supereffective|p1b: Incineroar|1\n|-damage|p1a: Basculegion|0 fnt\n|-damage|p1b: Incineroar|0 fnt\n|faint|p1a: Basculegion\n|faint|p1b: Incineroar\n|\n|win|randomn1ck\n|raw|AnotherDreamer's rating: 1330 &rarr; <strong>1307</strong><br />(-23 for losing)\n|raw|randomn1ck's rating: 1285 &rarr; <strong>1313</strong><br />(+28 for winning)\n",
  "uploadtime": 1776240807,
  "views": 41,
  "formatid": "gen9championsvgc2026regma",
  "rating": 1307,
  "private": 0,
  "password": null
}