{
  "id": "gen9championsvgc2026regma-2580812443",
  "format": "[Gen 9 Champions] VGC 2026 Reg M-A",
  "players": [
    "EvWX",
    "ivan0023"
  ],
  "log": "|j|\u2606EvWX\n|j|\u2606ivan0023\n|t:|1775934497\n|gametype|doubles\n|player|p1|EvWX|flannery|1040\n|player|p2|ivan0023|pokemaniac|1000\n|gen|9\n|tier|[Gen 9 Champions] VGC 2026 Reg M-A\n|rated|\n|rule|Species Clause: Limit one of each Pok\u00e9mon\n|rule|Item Clause: Limit 1 of each item\n|clearpoke\n|poke|p1|Sneasler, L50, F|\n|poke|p1|Tyranitar, L50, F|\n|poke|p1|Whimsicott, L50, M|\n|poke|p1|Dragonite, L50, M|\n|poke|p1|Milotic, L50, F|\n|poke|p1|Ceruledge, L50, F|\n|poke|p2|Orthworm, L50, M|\n|poke|p2|Mamoswine, L50, M|\n|poke|p2|Chesnaught, L50, M|\n|poke|p2|Raichu, L50, F|\n|poke|p2|Delphox, L50, F|\n|poke|p2|Incineroar, L50, M|\n|teampreview|4\n|\n|t:|1775934545\n|teamsize|p1|4\n|teamsize|p2|4\n|start\n|switch|p1a: Milotic|Milotic, L50, F, shiny|100/100\n|switch|p1b: Ceruledge|Ceruledge, L50, F|100/100\n|switch|p2a: Mamoswine|Mamoswine, L50, M|100/100\n|switch|p2b: Orthworm|Orthworm, L50, M|100/100\n|turn|1\n|\n|t:|1775934560\n|move|p2a: Mamoswine|Earthquake|p1b: Ceruledge|[spread] p1a,p1b\n|-immune|p2b: Orthworm|[from] ability: Earth Eater\n|-supereffective|p1b: Ceruledge|1\n|-damage|p1a: Milotic|63/100\n|-damage|p1b: Ceruledge|15/100\n|-ability|p1b: Ceruledge|Weak Armor|boost\n|-unboost|p1b: Ceruledge|def|1\n|-boost|p1b: Ceruledge|spe|2\n|move|p1b: Ceruledge|Will-O-Wisp|p2a: Mamoswine\n|-status|p2a: Mamoswine|brn\n|move|p1a: Milotic|Icy Wind|p2b: Orthworm|[spread] p2a,p2b\n|-resisted|p2b: Orthworm|1\n|-damage|p2a: Mamoswine|87/100 brn\n|-damage|p2b: Orthworm|96/100\n|-unboost|p2a: Mamoswine|spe|1\n|-unboost|p2b: Orthworm|spe|1\n|move|p2b: Orthworm|Shed Tail|p2b: Orthworm\n|-start|p2b: Orthworm|Substitute|[from] move: Shed Tail\n|-damage|p2b: Orthworm|46/100\n|-enditem|p2b: Orthworm|Sitrus Berry|[eat]\n|-heal|p2b: Orthworm|71/100|[from] item: Sitrus Berry\n|\n|t:|1775934579\n|switch|p2b: Chesnaught|Chesnaught, L50, M|100/100|[from] Shed Tail\n|\n|-heal|p1a: Milotic|69/100|[from] item: Leftovers\n|-damage|p2a: Mamoswine|81/100 brn|[from] brn\n|upkeep\n|turn|2\n|\n|t:|1775934600\n|switch|p2a: Raichu|Raichu, L50, F|100/100\n|detailschange|p2b: Chesnaught|Chesnaught-Mega, L50, M\n|-mega|p2b: Chesnaught|Chesnaught|Chesnaughtite\n|move|p1b: Ceruledge|Bitter Blade|p2a: Raichu\n|-enditem|p2a: Raichu|Focus Sash\n|-damage|p2a: Raichu|1/100\n|-heal|p1b: Ceruledge|60/100|[from] drain|[of] p2a: Raichu\n|move|p1a: Milotic|Scald|p2a: Raichu\n|-damage|p2a: Raichu|0 fnt\n|faint|p2a: Raichu\n|move|p2b: Chesnaught|Iron Defense|p2b: Chesnaught\n|-boost|p2b: Chesnaught|def|2\n|\n|-heal|p1a: Milotic|75/100|[from] item: Leftovers\n|upkeep\n|\n|t:|1775934619\n|switch|p2a: Mamoswine|Mamoswine, L50, M|81/100 brn\n|turn|3\n|\n|t:|1775934636\n|move|p1b: Ceruledge|Bitter Blade|p2a: Mamoswine\n|-supereffective|p2a: Mamoswine|1\n|-damage|p2a: Mamoswine|0 fnt\n|-heal|p1b: Ceruledge|100/100|[from] drain|[of] p2a: Mamoswine\n|faint|p2a: Mamoswine\n|move|p1a: Milotic|Icy Wind|p2b: Chesnaught\n|-supereffective|p2b: Chesnaught|1\n|-activate|p2b: Chesnaught|move: Substitute|[damage]\n|move|p2b: Chesnaught|Iron Defense|p2b: Chesnaught\n|-boost|p2b: Chesnaught|def|2\n|\n|-heal|p1a: Milotic|81/100|[from] item: Leftovers\n|upkeep\n|\n|t:|1775934640\n|switch|p2a: Orthworm|Orthworm, L50, M|71/100\n|turn|4\n|\n|t:|1775934656\n|move|p1b: Ceruledge|Bitter Blade|p2a: Orthworm\n|-supereffective|p2a: Orthworm|1\n|-crit|p2a: Orthworm\n|-damage|p2a: Orthworm|0 fnt\n|faint|p2a: Orthworm\n|move|p1a: Milotic|Icy Wind|p2b: Chesnaught\n|-supereffective|p2b: Chesnaught|1\n|-end|p2b: Chesnaught|Substitute\n|move|p2b: Chesnaught|Iron Defense|p2b: Chesnaught\n|-boost|p2b: Chesnaught|def|2\n|\n|-heal|p1a: Milotic|87/100|[from] item: Leftovers\n|upkeep\n|turn|5\n|c|\u2606EvWX|heres a neat trick\n|\n|t:|1775934679\n|move|p1b: Ceruledge|Bitter Blade|p2b: Chesnaught\n|-supereffective|p2b: Chesnaught|1\n|-damage|p2b: Chesnaught|87/100\n|move|p1a: Milotic|Haze|p1a: Milotic\n|-clearallboost\n|move|p2b: Chesnaught|Body Press|p1a: Milotic\n|-damage|p1a: Milotic|48/100\n|\n|-heal|p1a: Milotic|53/100|[from] item: Leftovers\n|upkeep\n|turn|6\n|\n|t:|1775934691\n|move|p1a: Milotic|Icy Wind|p2b: Chesnaught\n|-supereffective|p2b: Chesnaught|1\n|-damage|p2b: Chesnaught|73/100\n|-unboost|p2b: Chesnaught|spe|1\n|move|p1b: Ceruledge|Bitter Blade|p2b: Chesnaught\n|-supereffective|p2b: Chesnaught|1\n|-damage|p2b: Chesnaught|16/100\n|move|p2b: Chesnaught|Wood Hammer|p1a: Milotic\n|-supereffective|p1a: Milotic|1\n|-damage|p1a: Milotic|0 fnt\n|faint|p1a: Milotic\n|-damage|p2b: Chesnaught|1/100|[from] Recoil\n|\n|upkeep\n|-message|ivan0023 forfeited.\n|\n|win|EvWX\n|raw|EvWX's rating: 1040 &rarr; <strong>1070</strong><br />(+30 for winning)\n|raw|ivan0023's rating: 1000 &rarr; <strong>1000</strong><br />(+0 for losing)\n|l|\u2606ivan0023\n|player|p2|\n|c|\u2606EvWX|gg\n",
  "uploadtime": 1775934709,
  "views": 12,
  "formatid": "gen9championsvgc2026regma",
  "rating": 1000,
  "private": 0,
  "password": null
}