{
  "id": "gen9championsvgc2026regma-2586201477",
  "format": "[Gen 9 Champions] VGC 2026 Reg M-A",
  "players": [
    "idontcarereally",
    "Kenny con perish"
  ],
  "log": "|j|\u2606idontcarereally\n|j|\u2606Kenny con perish\n|t:|1776411745\n|gametype|doubles\n|player|p1|idontcarereally|102|1093\n|player|p2|Kenny con perish|102|1181\n|gen|9\n|tier|[Gen 9 Champions] VGC 2026 Reg M-A\n|rated|\n|rule|Species Clause: Limit one of each Pok\u00e9mon\n|rule|Item Clause: Limit 1 of each item\n|clearpoke\n|poke|p1|Chesnaught, L50, F|\n|poke|p1|Scizor, L50, M|\n|poke|p1|Incineroar, L50, F|\n|poke|p1|Pelipper, L50, M|\n|poke|p1|Rotom-Heat, L50|\n|poke|p1|Sinistcha, L50|\n|poke|p2|Sneasler, L50, F|\n|poke|p2|Charizard, L50, M|\n|poke|p2|Venusaur, L50, M|\n|poke|p2|Kingambit, L50, M|\n|poke|p2|Whimsicott, L50, F|\n|poke|p2|Gyarados, L50, M|\n|teampreview|4\n|\n|t:|1776411782\n|teamsize|p1|4\n|teamsize|p2|4\n|start\n|switch|p1a: Rotom|Rotom-Heat, L50|100/100\n|switch|p1b: Incineroar|Incineroar, L50, F|100/100\n|switch|p2a: Sneasler|Sneasler, L50, F|100/100\n|switch|p2b: Whimsicott|Whimsicott, L50, F|100/100\n|-ability|p1b: Incineroar|Intimidate|boost\n|-unboost|p2a: Sneasler|atk|1\n|-unboost|p2b: Whimsicott|atk|1\n|-enditem|p2a: Sneasler|White Herb\n|-clearnegativeboost|p2a: Sneasler|[silent]\n|turn|1\n|inactive|Battle timer is ON: inactive players will automatically lose when time's up. (requested by Kenny con perish)\n|\n|t:|1776411814\n|move|p2a: Sneasler|Fake Out|p1a: Rotom\n|-damage|p1a: Rotom|84/100\n|move|p1b: Incineroar|Fake Out|p2a: Sneasler\n|-damage|p2a: Sneasler|82/100\n|move|p2b: Whimsicott|Tailwind|p2b: Whimsicott\n|-sidestart|p2: Kenny con perish|move: Tailwind\n|cant|p1a: Rotom|flinch\n|\n|upkeep\n|turn|2\n|inactive|Kenny con perish has 30 seconds left.\n|inactive|Kenny con perish has 20 seconds left.\n|inactive|Kenny con perish has 15 seconds left.\n|inactive|Kenny con perish has 10 seconds left.\n|inactive|Kenny con perish has 5 seconds left.\n|\n|t:|1776411865\n|switch|p2b: Charizard|Charizard, L50, M|100/100\n|move|p2a: Sneasler|Protect|p2a: Sneasler\n|-singleturn|p2a: Sneasler|Protect\n|move|p1b: Incineroar|Protect|p1b: Incineroar\n|-singleturn|p1b: Incineroar|Protect\n|move|p1a: Rotom|Volt Switch|p2a: Sneasler\n|-activate|p2a: Sneasler|move: Protect\n|\n|upkeep\n|turn|3\n|\n|t:|1776411885\n|switch|p1b: Pelipper|Pelipper, L50, M|100/100\n|-weather|RainDance|[from] ability: Drizzle|[of] p1b: Pelipper\n|detailschange|p2b: Charizard|Charizard-Mega-Y, L50, M\n|-mega|p2b: Charizard|Charizard|Charizardite Y\n|-weather|SunnyDay|[from] ability: Drought|[of] p2b: Charizard\n|move|p2a: Sneasler|Close Combat|p1b: Pelipper\n|-resisted|p1b: Pelipper|1\n|-damage|p1b: Pelipper|70/100\n|-unboost|p2a: Sneasler|def|1\n|-unboost|p2a: Sneasler|spd|1\n|move|p2b: Charizard|Air Slash|p1a: Rotom\n|-resisted|p1a: Rotom|1\n|-damage|p1a: Rotom|52/100\n|move|p1a: Rotom|Volt Switch|p2b: Charizard\n|-supereffective|p2b: Charizard|1\n|-damage|p2b: Charizard|35/100\n|\n|t:|1776411901\n|switch|p1a: Incineroar|Incineroar, L50, F|100/100|[from] Volt Switch\n|-ability|p1a: Incineroar|Intimidate|boost\n|-unboost|p2a: Sneasler|atk|1\n|-unboost|p2b: Charizard|atk|1\n|\n|-weather|SunnyDay|[upkeep]\n|upkeep\n|turn|4\n|\n|t:|1776411924\n|switch|p2a: Whimsicott|Whimsicott, L50, F|100/100\n|switch|p1b: Rotom|Rotom-Heat, L50|52/100\n|move|p1a: Incineroar|Fake Out|p2a: Whimsicott\n|-damage|p2a: Whimsicott|86/100\n|move|p2b: Charizard|Solar Beam||[still]\n|-prepare|p2b: Charizard|Solar Beam\n|-anim|p2b: Charizard|Solar Beam|p1b: Rotom\n|-resisted|p1b: Rotom|1\n|-damage|p1b: Rotom|18/100\n|\n|-weather|SunnyDay|[upkeep]\n|-sideend|p2: Kenny con perish|move: Tailwind\n|upkeep\n|turn|5\n|inactive|Kenny con perish has 30 seconds left.\n|\n|t:|1776411952\n|move|p2a: Whimsicott|Encore|p1a: Incineroar\n|-hint|Since gen 7, Dark is immune to Prankster moves.\n|-immune|p1a: Incineroar\n|move|p1b: Rotom|Volt Switch|p2b: Charizard\n|-supereffective|p2b: Charizard|1\n|-damage|p2b: Charizard|0 fnt\n|faint|p2b: Charizard\n|\n|t:|1776411958\n|switch|p1b: Pelipper|Pelipper, L50, M|70/100|[from] Volt Switch\n|-weather|RainDance|[from] ability: Drizzle|[of] p1b: Pelipper\n|move|p1a: Incineroar|Parting Shot|p2a: Whimsicott\n|-unboost|p2a: Whimsicott|atk|1\n|-unboost|p2a: Whimsicott|spa|1\n|\n|t:|1776411966\n|switch|p1a: Chesnaught|Chesnaught, L50, F|100/100|[from] Parting Shot\n|\n|-weather|RainDance|[upkeep]\n|upkeep\n|\n|t:|1776411972\n|switch|p2b: Sneasler|Sneasler, L50, F|82/100\n|turn|6\n|inactive|Kenny con perish has 30 seconds left.\n|\n|t:|1776412003\n|switch|p1b: Incineroar|Incineroar, L50, F|100/100\n|-ability|p1b: Incineroar|Intimidate|boost\n|-unboost|p2a: Whimsicott|atk|1\n|-unboost|p2b: Sneasler|atk|1\n|detailschange|p1a: Chesnaught|Chesnaught-Mega, L50, F\n|-mega|p1a: Chesnaught|Chesnaught|Chesnaughtite\n|move|p1a: Chesnaught|Spiky Shield|p1a: Chesnaught\n|-singleturn|p1a: Chesnaught|move: Protect\n|move|p2b: Sneasler|Fake Out|p1b: Incineroar\n|-damage|p1b: Incineroar|91/100\n|move|p2a: Whimsicott|Moonblast|p1a: Chesnaught\n|-activate|p1a: Chesnaught|move: Protect\n|\n|-weather|RainDance|[upkeep]\n|upkeep\n|turn|7\n|inactive|Kenny con perish has 30 seconds left.\n|\n|t:|1776412028\n|move|p1b: Incineroar|Fake Out|p2b: Sneasler\n|-damage|p2b: Sneasler|63/100\n|move|p2a: Whimsicott|Encore|p1a: Chesnaught\n|-start|p1a: Chesnaught|Encore\n|move|p1a: Chesnaught|Spiky Shield|p1a: Chesnaught\n|-singleturn|p1a: Chesnaught|move: Protect\n|cant|p2b: Sneasler|flinch\n|\n|-weather|RainDance|[upkeep]\n|upkeep\n|turn|8\n|\n|t:|1776412050\n|switch|p1a: Pelipper|Pelipper, L50, M|70/100\n|move|p1b: Incineroar|Protect|p1b: Incineroar\n|-singleturn|p1b: Incineroar|Protect\n|move|p2b: Sneasler|Close Combat|p1b: Incineroar\n|-activate|p1b: Incineroar|move: Protect\n|move|p2a: Whimsicott|Moonblast|p1a: Pelipper\n|-damage|p1a: Pelipper|43/100\n|\n|-weather|RainDance|[upkeep]\n|upkeep\n|turn|9\n|inactive|Kenny con perish has 30 seconds left.\n|\n|t:|1776412081\n|move|p2a: Whimsicott|Tailwind|p2a: Whimsicott\n|-sidestart|p2: Kenny con perish|move: Tailwind\n|move|p2b: Sneasler|Dire Claw|p1a: Pelipper\n|-damage|p1a: Pelipper|15/100\n|move|p1b: Incineroar|Parting Shot|p2b: Sneasler\n|-unboost|p2b: Sneasler|atk|1\n|-unboost|p2b: Sneasler|spa|1\n|\n|t:|1776412090\n|switch|p1b: Rotom|Rotom-Heat, L50|18/100|[from] Parting Shot\n|move|p1a: Pelipper|Hurricane|p2b: Sneasler\n|-supereffective|p2b: Sneasler|1\n|-damage|p2b: Sneasler|0 fnt\n|faint|p2b: Sneasler\n|\n|-weather|none\n|upkeep\n|\n|t:|1776412097\n|switch|p2b: Venusaur|Venusaur, L50, M|100/100\n|turn|10\n|\n|t:|1776412118\n|switch|p1a: Incineroar|Incineroar, L50, F|91/100\n|-ability|p1a: Incineroar|Intimidate|boost\n|-unboost|p2a: Whimsicott|atk|1\n|-unboost|p2b: Venusaur|atk|1\n|move|p2a: Whimsicott|Moonblast|p1a: Incineroar\n|-crit|p1a: Incineroar\n|-damage|p1a: Incineroar|57/100\n|move|p1b: Rotom|Eerie Impulse|p2a: Whimsicott\n|-unboost|p2a: Whimsicott|spa|2\n|move|p2b: Venusaur|Sludge Bomb|p1b: Rotom\n|-damage|p1b: Rotom|0 fnt\n|faint|p1b: Rotom\n|\n|upkeep\n|\n|t:|1776412136\n|switch|p1b: Chesnaught|Chesnaught-Mega, L50, F|100/100\n|turn|11\n|\n|t:|1776412154\n|move|p2a: Whimsicott|Sunny Day|p2a: Whimsicott\n|-weather|SunnyDay\n|move|p2b: Venusaur|Sleep Powder|p1a: Incineroar\n|-status|p1a: Incineroar|slp|[from] move: Sleep Powder\n|cant|p1a: Incineroar|slp\n|move|p1b: Chesnaught|Body Press|p2a: Whimsicott\n|-resisted|p2a: Whimsicott|1\n|-damage|p2a: Whimsicott|57/100\n|\n|-weather|SunnyDay|[upkeep]\n|upkeep\n|turn|12\n|\n|t:|1776412170\n|move|p2a: Whimsicott|Encore|p1b: Chesnaught\n|-start|p1b: Chesnaught|Encore\n|move|p2b: Venusaur|Sludge Bomb|p1a: Incineroar\n|-damage|p1a: Incineroar|21/100 slp\n|-curestatus|p1a: Incineroar|slp|[msg]\n|move|p1a: Incineroar|Parting Shot|p2b: Venusaur\n|-unboost|p2b: Venusaur|atk|1\n|-unboost|p2b: Venusaur|spa|1\n|\n|t:|1776412179\n|switch|p1a: Pelipper|Pelipper, L50, M|15/100|[from] Parting Shot\n|-weather|RainDance|[from] ability: Drizzle|[of] p1a: Pelipper\n|move|p1b: Chesnaught|Body Press|p2a: Whimsicott\n|-resisted|p2a: Whimsicott|1\n|-crit|p2a: Whimsicott\n|-damage|p2a: Whimsicott|14/100\n|\n|-weather|RainDance|[upkeep]\n|-sideend|p2: Kenny con perish|move: Tailwind\n|upkeep\n|turn|13\n|inactive|Kenny con perish has 30 seconds left.\n|inactive|Kenny con perish has 20 seconds left.\n|inactive|Kenny con perish has 15 seconds left.\n|\n|t:|1776412220\n|move|p2a: Whimsicott|Sunny Day|p2a: Whimsicott\n|-weather|SunnyDay\n|move|p2b: Venusaur|Weather Ball|p1b: Chesnaught\n|-immune|p1b: Chesnaught|[from] ability: Bulletproof\n|move|p1a: Pelipper|Weather Ball|p2a: Whimsicott\n|-supereffective|p2a: Whimsicott|1\n|-damage|p2a: Whimsicott|0 fnt\n|faint|p2a: Whimsicott\n|move|p1b: Chesnaught|Body Press|p2b: Venusaur\n|-resisted|p2b: Venusaur|1\n|-damage|p2b: Venusaur|73/100\n|\n|-weather|SunnyDay|[upkeep]\n|upkeep\n|turn|14\n|c|\u2606Kenny con perish|damn none of my moves affect chesnaught\n|c|\u2606Kenny con perish|ggs\n|-message|Kenny con perish forfeited.\n|\n|win|idontcarereally\n|raw|idontcarereally's rating: 1093 &rarr; <strong>1126</strong><br />(+33 for winning)\n|raw|Kenny con perish's rating: 1181 &rarr; <strong>1150</strong><br />(-31 for losing)\n|l|\u2606Kenny con perish\n|player|p2|\n|c|\u2606idontcarereally|as intended hehehe\n",
  "uploadtime": 1776412447,
  "views": 21,
  "formatid": "gen9championsvgc2026regma",
  "rating": 1126,
  "private": 0,
  "password": null
}