{
  "id": "gen9championsvgc2026regma-2589395665",
  "format": "[Gen 9 Champions] VGC 2026 Reg M-A",
  "players": [
    "KarmicPines2002",
    "Elemental Lariat"
  ],
  "log": "|j|\u2606KarmicPines2002\n|j|\u2606Elemental Lariat\n|t:|1776719535\n|gametype|doubles\n|player|p1|KarmicPines2002|1|1326\n|player|p2|Elemental Lariat|fisherman-gen4|1288\n|gen|9\n|tier|[Gen 9 Champions] VGC 2026 Reg M-A\n|rated|\n|rule|Species Clause: Limit one of each Pok\u00e9mon\n|rule|Item Clause: Limit 1 of each item\n|clearpoke\n|poke|p1|Sneasler, L50, F|\n|poke|p1|Basculegion, L50, M|\n|poke|p1|Aerodactyl, L50, F|\n|poke|p1|Archaludon, L50, M|\n|poke|p1|Scovillain, L50, M|\n|poke|p1|Pelipper, L50, M|\n|poke|p2|Talonflame, L50, F|\n|poke|p2|Glimmora, L50, F|\n|poke|p2|Samurott-Hisui, L50, F|\n|poke|p2|Scizor, L50, F|\n|poke|p2|Mamoswine, L50, M|\n|poke|p2|Kommo-o, L50, M|\n|teampreview|4\n|inactive|Battle timer is ON: inactive players will automatically lose when time's up. (requested by KarmicPines2002)\n|inactive|Elemental Lariat has 60 seconds left.\n|\n|t:|1776719589\n|teamsize|p1|4\n|teamsize|p2|4\n|start\n|switch|p1a: Basculegion|Basculegion, L50, M|100/100\n|switch|p1b: Scovillain|Scovillain, L50, M|100/100\n|switch|p2a: Samurott|Samurott-Hisui, L50, F|100/100\n|switch|p2b: Talonflame|Talonflame, L50, F|100/100\n|turn|1\n|\n|t:|1776719616\n|detailschange|p1b: Scovillain|Scovillain-Mega, L50, M\n|-mega|p1b: Scovillain|Scovillain|Scovillainite\n|move|p2a: Samurott|Protect|p2a: Samurott\n|-singleturn|p2a: Samurott|Protect\n|move|p1a: Basculegion|Protect|p1a: Basculegion\n|-singleturn|p1a: Basculegion|Protect\n|move|p2b: Talonflame|Dual Wingbeat|p1b: Scovillain\n|-supereffective|p1b: Scovillain|1\n|-damage|p1b: Scovillain|64/100\n|-immune|p2b: Talonflame\n|-supereffective|p1b: Scovillain|1\n|-damage|p1b: Scovillain|25/100\n|-immune|p2b: Talonflame\n|-hitcount|p1b: Scovillain|2\n|move|p1b: Scovillain|Leech Seed|p2a: Samurott\n|-activate|p2a: Samurott|move: Protect\n|\n|upkeep\n|turn|2\n|inactive|KarmicPines2002 has 30 seconds left.\n|inactive|KarmicPines2002 has 20 seconds left.\n|inactive|KarmicPines2002 has 15 seconds left.\n|\n|t:|1776719657\n|move|p1b: Scovillain|Protect|p1b: Scovillain\n|-singleturn|p1b: Scovillain|Protect\n|move|p2b: Talonflame|Dual Wingbeat|p1b: Scovillain\n|-activate|p1b: Scovillain|move: Protect\n|move|p2a: Samurott|Night Slash|p1a: Basculegion\n|-supereffective|p1a: Basculegion|1\n|-enditem|p1a: Basculegion|Focus Sash\n|-damage|p1a: Basculegion|1/100\n|move|p1a: Basculegion|Liquidation|p2b: Talonflame\n|-supereffective|p2b: Talonflame|1\n|-damage|p2b: Talonflame|0 fnt\n|faint|p2b: Talonflame\n|\n|upkeep\n|\n|t:|1776719673\n|switch|p2b: Kommo-o|Kommo-o, L50, M|100/100\n|turn|3\n|\n|t:|1776719696\n|move|p1a: Basculegion|Aqua Jet|p2b: Kommo-o\n|-resisted|p2b: Kommo-o|1\n|-damage|p2b: Kommo-o|91/100\n|move|p2b: Kommo-o|Aura Sphere|p1b: Scovillain\n|-crit|p1b: Scovillain\n|-damage|p1b: Scovillain|0 fnt\n|-status|p2b: Kommo-o|brn|[from] ability: Spicy Spray|[of] p1b: Scovillain\n|faint|p1b: Scovillain\n|move|p2a: Samurott|Night Slash|p1a: Basculegion\n|-supereffective|p1a: Basculegion|1\n|-crit|p1a: Basculegion\n|-damage|p1a: Basculegion|0 fnt\n|faint|p1a: Basculegion\n|\n|-damage|p2b: Kommo-o|85/100 brn|[from] brn\n|upkeep\n|\n|t:|1776719713\n|switch|p1a: Archaludon|Archaludon, L50, M|100/100\n|switch|p1b: Pelipper|Pelipper, L50, M|100/100\n|-weather|RainDance|[from] ability: Drizzle|[of] p1b: Pelipper\n|turn|4\n|\n|t:|1776719735\n|move|p1a: Archaludon|Electro Shot||[still]\n|-prepare|p1a: Archaludon|Electro Shot\n|-boost|p1a: Archaludon|spa|1\n|-anim|p1a: Archaludon|Electro Shot|p2a: Samurott\n|-supereffective|p2a: Samurott|1\n|-damage|p2a: Samurott|0 fnt\n|faint|p2a: Samurott\n|move|p2b: Kommo-o|Aura Sphere|p1a: Archaludon\n|-supereffective|p1a: Archaludon|1\n|-ability|p1a: Archaludon|Sturdy\n|-damage|p1a: Archaludon|1/100\n|move|p1b: Pelipper|Hurricane|p2b: Kommo-o\n|-supereffective|p2b: Kommo-o|1\n|-damage|p2b: Kommo-o|0 fnt\n|faint|p2b: Kommo-o\n|\n|-weather|RainDance|[upkeep]\n|upkeep\n|\n|t:|1776719748\n|switch|p2b: Mamoswine|Mamoswine, L50, M|100/100\n|turn|5\n|\n|t:|1776719759\n|move|p2b: Mamoswine|Ice Shard|p1a: Archaludon\n|-damage|p1a: Archaludon|0 fnt\n|faint|p1a: Archaludon\n|move|p1b: Pelipper|Weather Ball|p2b: Mamoswine\n|-supereffective|p2b: Mamoswine|1\n|-damage|p2b: Mamoswine|0 fnt\n|faint|p2b: Mamoswine\n|\n|win|KarmicPines2002\n|raw|KarmicPines2002's rating: 1326 &rarr; <strong>1344</strong><br />(+18 for winning)\n|raw|Elemental Lariat's rating: 1288 &rarr; <strong>1266</strong><br />(-22 for losing)\n|l|\u2606Elemental Lariat\n|player|p2|\n",
  "uploadtime": 1776719768,
  "views": 9,
  "formatid": "gen9championsvgc2026regma",
  "rating": 1266,
  "private": 0,
  "password": null
}