{
  "id": "gen9championsvgc2026regma-2587020910",
  "format": "[Gen 9 Champions] VGC 2026 Reg M-A",
  "players": [
    "plume_feng",
    "AAAlelele"
  ],
  "log": "|j|\u2606plume_feng\n|j|\u2606AAAlelele\n|t:|1776482032\n|gametype|doubles\n|player|p1|plume_feng|n|1430\n|player|p2|AAAlelele|ninjaboy|1364\n|gen|9\n|tier|[Gen 9 Champions] VGC 2026 Reg M-A\n|rated|\n|rule|Species Clause: Limit one of each Pok\u00e9mon\n|rule|Item Clause: Limit 1 of each item\n|clearpoke\n|poke|p1|Lucario, L50, F|\n|poke|p1|Dragonite, L50, F|\n|poke|p1|Pelipper, L50, F|\n|poke|p1|Basculegion, L50, M|\n|poke|p1|Archaludon, L50, F|\n|poke|p1|Kingambit, L50, F|\n|poke|p2|Floette-Eternal, L50, F|\n|poke|p2|Sneasler, L50, M|\n|poke|p2|Kingambit, L50, M|\n|poke|p2|Farigiraf, L50, F|\n|poke|p2|Camerupt, L50, M|\n|poke|p2|Rotom-Heat, L50|\n|teampreview|4\n|inactive|Battle timer is ON: inactive players will automatically lose when time's up. (requested by plume_feng)\n|\n|t:|1776482055\n|teamsize|p1|4\n|teamsize|p2|4\n|start\n|switch|p1a: um1ri|Kingambit, L50, F|100/100\n|switch|p1b: nyamu|Basculegion, L50, M, shiny|100/100\n|switch|p2a: Sneasler|Sneasler, L50, M|100/100\n|switch|p2b: Rotom|Rotom-Heat, L50|100/100\n|turn|1\n|inactive|AAAlelele has 30 seconds left.\n|\n|t:|1776482080\n|move|p1a: um1ri|Protect|p1a: um1ri\n|-singleturn|p1a: um1ri|Protect\n|move|p2b: Rotom|Thunderbolt|p1b: nyamu\n|-supereffective|p1b: nyamu|1\n|-damage|p1b: nyamu|7/100\n|move|p1b: nyamu|Wave Crash|p2b: Rotom\n|-supereffective|p2b: Rotom|1\n|-damage|p2b: Rotom|0 fnt\n|faint|p2b: Rotom\n|-damage|p1b: nyamu|0 fnt|[from] Recoil\n|faint|p1b: nyamu\n|move|p2a: Sneasler|Dire Claw|p1a: um1ri\n|-activate|p1a: um1ri|move: Protect\n|\n|upkeep\n|\n|t:|1776482098\n|switch|p2b: Floette|Floette-Eternal, L50, F|100/100\n|switch|p1b: U1ka|Lucario, L50, F, shiny|100/100\n|turn|2\n|\n|t:|1776482128\n|switch|p1b: mutsum1|Pelipper, L50, F, shiny|100/100\n|-weather|RainDance|[from] ability: Drizzle|[of] p1b: mutsum1\n|detailschange|p2b: Floette|Floette-Mega, L50, F\n|-mega|p2b: Floette|Floette|Floettite\n|-ability|p2b: Floette|Fairy Aura\n|move|p2a: Sneasler|Close Combat|p1b: mutsum1\n|-resisted|p1b: mutsum1|1\n|-damage|p1b: mutsum1|59/100\n|-unboost|p2a: Sneasler|def|1\n|-unboost|p2a: Sneasler|spd|1\n|-enditem|p2a: Sneasler|White Herb\n|-clearnegativeboost|p2a: Sneasler|[silent]\n|move|p2b: Floette|Dazzling Gleam|p1a: um1ri|[spread] p1a,p1b\n|-damage|p1a: um1ri|54/100\n|-damage|p1b: mutsum1|0 fnt\n|faint|p1b: mutsum1\n|move|p1a: um1ri|Iron Head|p2b: Floette\n|-supereffective|p2b: Floette|1\n|-damage|p2b: Floette|0 fnt\n|faint|p2b: Floette\n|\n|-weather|RainDance|[upkeep]\n|upkeep\n|\n|t:|1776482147\n|switch|p2b: Kingambit|Kingambit, L50, M|100/100\n|switch|p1b: U1ka|Lucario, L50, F, shiny|100/100\n|turn|3\n|\n|t:|1776482162\n|move|p1b: U1ka|Protect|p1b: U1ka\n|-singleturn|p1b: U1ka|Protect\n|move|p2b: Kingambit|Protect|p2b: Kingambit\n|-singleturn|p2b: Kingambit|Protect\n|move|p2a: Sneasler|Close Combat|p1b: U1ka\n|-activate|p1b: U1ka|move: Protect\n|move|p1a: um1ri|Kowtow Cleave|p2a: Sneasler\n|-resisted|p2a: Sneasler|1\n|-damage|p2a: Sneasler|47/100\n|\n|-weather|RainDance|[upkeep]\n|upkeep\n|turn|4\n|inactive|plume_feng has 30 seconds left.\n|inactive|AAAlelele has 30 seconds left.\n|inactive|AAAlelele has 20 seconds left.\n|\n|t:|1776482200\n|detailschange|p1b: U1ka|Lucario-Mega, L50, F, shiny\n|-mega|p1b: U1ka|Lucario|Lucarionite\n|move|p1a: um1ri|Sucker Punch|p2a: Sneasler\n|-resisted|p2a: Sneasler|1\n|-damage|p2a: Sneasler|3/100\n|move|p2b: Kingambit|Sucker Punch||[still]\n|-fail|p2b: Kingambit\n|move|p2a: Sneasler|Close Combat|p1b: U1ka\n|-supereffective|p1b: U1ka|1\n|-crit|p1b: U1ka\n|-damage|p1b: U1ka|0 fnt\n|-unboost|p2a: Sneasler|def|1\n|-unboost|p2a: Sneasler|spd|1\n|faint|p1b: U1ka\n|\n|-weather|RainDance|[upkeep]\n|upkeep\n|turn|5\n|inactive|AAAlelele has 30 seconds left.\n|inactive|AAAlelele has 20 seconds left.\n|\n|t:|1776482235\n|move|p1a: um1ri|Sucker Punch|p2a: Sneasler\n|-resisted|p2a: Sneasler|1\n|-damage|p2a: Sneasler|0 fnt\n|faint|p2a: Sneasler\n|move|p2b: Kingambit|Lash Out|p1a: um1ri\n|-resisted|p1a: um1ri|1\n|-damage|p1a: um1ri|33/100\n|\n|-weather|RainDance|[upkeep]\n|upkeep\n|turn|6\n|\n|t:|1776482253\n|move|p1a: um1ri|Kowtow Cleave|p2b: Kingambit\n|-resisted|p2b: Kingambit|1\n|-damage|p2b: Kingambit|79/100\n|move|p2b: Kingambit|Lash Out|p1a: um1ri\n|-resisted|p1a: um1ri|1\n|-damage|p1a: um1ri|13/100\n|\n|-weather|none\n|upkeep\n|turn|7\n|-message|plume_feng forfeited.\n|\n|win|AAAlelele\n|raw|plume_feng's rating: 1430 &rarr; <strong>1406</strong><br />(-24 for losing)\n|raw|AAAlelele's rating: 1364 &rarr; <strong>1388</strong><br />(+24 for winning)\n|l|\u2606plume_feng\n|player|p1|\n",
  "uploadtime": 1776482264,
  "views": 26,
  "formatid": "gen9championsvgc2026regma",
  "rating": 1388,
  "private": 0,
  "password": null
}