{
  "id": "gen9championsvgc2026regma-2585361354",
  "format": "[Gen 9 Champions] VGC 2026 Reg M-A",
  "players": [
    "giubeppo",
    "kermitfrogge"
  ],
  "log": "|j|\u2606giubeppo\n|j|\u2606kermitfrogge\n|t:|1776341319\n|gametype|doubles\n|player|p1|giubeppo|265|1288\n|player|p2|kermitfrogge|2|1339\n|gen|9\n|tier|[Gen 9 Champions] VGC 2026 Reg M-A\n|rated|\n|rule|Species Clause: Limit one of each Pok\u00e9mon\n|rule|Item Clause: Limit 1 of each item\n|clearpoke\n|poke|p1|Scizor, L50, F|\n|poke|p1|Sableye, L50, F|\n|poke|p1|Pelipper, L50, F|\n|poke|p1|Basculegion, L50, M|\n|poke|p1|Sneasler, L50, F|\n|poke|p1|Incineroar, L50, M|\n|poke|p2|Kommo-o, L50, F|\n|poke|p2|Floette-Eternal, L50, F|\n|poke|p2|Aegislash, L50, M|\n|poke|p2|Sinistcha, L50|\n|poke|p2|Incineroar, L50, M|\n|poke|p2|Tyranitar, L50, F|\n|teampreview|4\n|inactive|Battle timer is ON: inactive players will automatically lose when time's up. (requested by kermitfrogge)\n|\n|t:|1776341358\n|teamsize|p1|4\n|teamsize|p2|4\n|start\n|switch|p1a: Sableye|Sableye, L50, F|100/100\n|switch|p1b: Incineroar|Incineroar, L50, M|100/100\n|switch|p2a: Kommo-o|Kommo-o, L50, F|100/100\n|switch|p2b: Sinistcha|Sinistcha, L50|100/100\n|-ability|p1b: Incineroar|Intimidate|boost\n|-unboost|p2a: Kommo-o|atk|1\n|-unboost|p2b: Sinistcha|atk|1\n|turn|1\n|\n|t:|1776341374\n|move|p2a: Kommo-o|Protect|p2a: Kommo-o\n|-singleturn|p2a: Kommo-o|Protect\n|move|p1b: Incineroar|Fake Out|p2a: Kommo-o\n|-activate|p2a: Kommo-o|move: Protect\n|move|p1a: Sableye|Light Screen|p1a: Sableye\n|-sidestart|p1: giubeppo|move: Light Screen\n|move|p2b: Sinistcha|Strength Sap|p1b: Incineroar\n|-unboost|p1b: Incineroar|atk|1\n|\n|upkeep\n|turn|2\n|\n|t:|1776341392\n|move|p2b: Sinistcha|Rage Powder|p2b: Sinistcha\n|-singleturn|p2b: Sinistcha|move: Rage Powder\n|move|p1a: Sableye|Will-O-Wisp|p2b: Sinistcha\n|-status|p2b: Sinistcha|brn\n|move|p2a: Kommo-o|Clangorous Soul|p2a: Kommo-o\n|-boost|p2a: Kommo-o|atk|1\n|-boost|p2a: Kommo-o|def|1\n|-boost|p2a: Kommo-o|spa|1\n|-boost|p2a: Kommo-o|spd|1\n|-boost|p2a: Kommo-o|spe|1\n|-damage|p2a: Kommo-o|68/100\n|move|p1b: Incineroar|Parting Shot|p2b: Sinistcha\n|-unboost|p2b: Sinistcha|atk|1\n|-unboost|p2b: Sinistcha|spa|1\n|\n|t:|1776341406\n|switch|p1b: Scizor|Scizor, L50, F|100/100|[from] Parting Shot\n|\n|-heal|p2a: Kommo-o|74/100|[from] item: Leftovers\n|-damage|p2b: Sinistcha|94/100 brn|[from] brn\n|upkeep\n|turn|3\n|\n|t:|1776341423\n|detailschange|p1b: Scizor|Scizor-Mega, L50, F\n|-mega|p1b: Scizor|Scizor|Scizorite\n|move|p2b: Sinistcha|Rage Powder|p2b: Sinistcha\n|-singleturn|p2b: Sinistcha|move: Rage Powder\n|move|p1a: Sableye|Disable|p2b: Sinistcha\n|-start|p2b: Sinistcha|Disable|Rage Powder\n|move|p2a: Kommo-o|Clanging Scales|p1a: Sableye|[spread] p1a,p1b\n|-resisted|p1b: Scizor|1\n|-damage|p1a: Sableye|44/100\n|-damage|p1b: Scizor|83/100\n|-unboost|p2a: Kommo-o|def|1\n|move|p1b: Scizor|Swords Dance|p1b: Scizor\n|-boost|p1b: Scizor|atk|2\n|\n|-heal|p2a: Kommo-o|79/100|[from] item: Leftovers\n|-damage|p2b: Sinistcha|88/100 brn|[from] brn\n|upkeep\n|turn|4\n|\n|t:|1776341446\n|move|p1b: Scizor|Bullet Punch|p2a: Kommo-o\n|-damage|p2a: Kommo-o|12/100\n|move|p2a: Kommo-o|Clanging Scales|p1a: Sableye|[spread] p1a,p1b\n|-resisted|p1b: Scizor|1\n|-damage|p1a: Sableye|0 fnt\n|-damage|p1b: Scizor|64/100\n|faint|p1a: Sableye\n|-unboost|p2a: Kommo-o|def|1\n|move|p2b: Sinistcha|Strength Sap|p1b: Scizor\n|-unboost|p1b: Scizor|atk|1\n|-heal|p2b: Sinistcha|100/100 brn\n|\n|-heal|p2a: Kommo-o|18/100|[from] item: Leftovers\n|-damage|p2b: Sinistcha|94/100 brn|[from] brn\n|upkeep\n|\n|t:|1776341452\n|switch|p1a: Incineroar|Incineroar, L50, M|100/100\n|-ability|p1a: Incineroar|Intimidate|boost\n|-unboost|p2a: Kommo-o|atk|1\n|-unboost|p2b: Sinistcha|atk|1\n|turn|5\n|\n|t:|1776341470\n|switch|p2a: Incineroar|Incineroar, L50, M|100/100\n|-ability|p2a: Incineroar|Intimidate|boost\n|-unboost|p1a: Incineroar|atk|1\n|-unboost|p1b: Scizor|atk|1\n|move|p1b: Scizor|Bug Bite|p2b: Sinistcha\n|-damage|p2b: Sinistcha|45/100 brn\n|-enditem|p2b: Sinistcha|Sitrus Berry|[from] stealeat|[move] Bug Bite|[of] p1b: Scizor\n|-heal|p1b: Scizor|89/100|[from] item: Sitrus Berry\n|move|p2b: Sinistcha|Strength Sap|p1b: Scizor\n|-unboost|p1b: Scizor|atk|1\n|-heal|p2b: Sinistcha|100/100 brn\n|move|p1a: Incineroar|Flare Blitz|p2b: Sinistcha\n|-supereffective|p2b: Sinistcha|1\n|-damage|p2b: Sinistcha|39/100 brn\n|-damage|p1a: Incineroar|79/100|[from] Recoil\n|\n|-damage|p2b: Sinistcha|33/100 brn|[from] brn\n|-sideend|p1: giubeppo|move: Light Screen\n|upkeep\n|turn|6\n|\n|t:|1776341495\n|move|p1b: Scizor|Protect|p1b: Scizor\n|-singleturn|p1b: Scizor|Protect\n|move|p2a: Incineroar|Fake Out|p1a: Incineroar\n|-damage|p1a: Incineroar|68/100\n|cant|p1a: Incineroar|flinch\n|move|p2b: Sinistcha|Strength Sap|p1b: Scizor\n|-activate|p1b: Scizor|move: Protect\n|\n|-damage|p2b: Sinistcha|26/100 brn|[from] brn\n|upkeep\n|turn|7\n|\n|t:|1776341515\n|switch|p1b: Basculegion|Basculegion, L50, M|100/100\n|move|p2a: Incineroar|Flare Blitz|p1b: Basculegion\n|-resisted|p1b: Basculegion|1\n|-damage|p1b: Basculegion|65/100\n|-damage|p2a: Incineroar|89/100|[from] Recoil\n|move|p2b: Sinistcha|Strength Sap|p1a: Incineroar\n|-unboost|p1a: Incineroar|atk|1\n|-heal|p2b: Sinistcha|81/100 brn\n|move|p1a: Incineroar|Parting Shot|p2a: Incineroar\n|-unboost|p2a: Incineroar|atk|1\n|-unboost|p2a: Incineroar|spa|1\n|\n|t:|1776341518\n|switch|p1a: Scizor|Scizor-Mega, L50, F|89/100|[from] Parting Shot\n|\n|-damage|p2b: Sinistcha|75/100 brn|[from] brn\n|-end|p2b: Sinistcha|Disable\n|upkeep\n|turn|8\n|\n|t:|1776341536\n|move|p2b: Sinistcha|Rage Powder|p2b: Sinistcha\n|-singleturn|p2b: Sinistcha|move: Rage Powder\n|move|p1b: Basculegion|Wave Crash|p2b: Sinistcha\n|-resisted|p2b: Sinistcha|1\n|-damage|p2b: Sinistcha|43/100 brn\n|-damage|p1b: Basculegion|56/100|[from] Recoil\n|move|p1a: Scizor|Bug Bite|p2b: Sinistcha\n|-damage|p2b: Sinistcha|0 fnt\n|faint|p2b: Sinistcha\n|move|p2a: Incineroar|Flare Blitz|p1a: Scizor\n|-supereffective|p1a: Scizor|2\n|-damage|p1a: Scizor|0 fnt\n|faint|p1a: Scizor\n|-damage|p2a: Incineroar|68/100|[from] Recoil\n|\n|upkeep\n|\n|t:|1776341551\n|switch|p1a: Incineroar|Incineroar, L50, M|68/100\n|switch|p2b: Kommo-o|Kommo-o, L50, F|18/100\n|-ability|p1a: Incineroar|Intimidate|boost\n|-unboost|p2a: Incineroar|atk|1\n|-unboost|p2b: Kommo-o|atk|1\n|turn|9\n|\n|t:|1776341560\n|move|p2b: Kommo-o|Protect|p2b: Kommo-o\n|-singleturn|p2b: Kommo-o|Protect\n|move|p1a: Incineroar|Fake Out|p2b: Kommo-o\n|-activate|p2b: Kommo-o|move: Protect\n|move|p1b: Basculegion|Wave Crash|p2a: Incineroar\n|-supereffective|p2a: Incineroar|1\n|-damage|p2a: Incineroar|0 fnt\n|faint|p2a: Incineroar\n|-damage|p1b: Basculegion|33/100|[from] Recoil\n|\n|-heal|p2b: Kommo-o|24/100|[from] item: Leftovers\n|upkeep\n|\n|t:|1776341567\n|switch|p2a: Tyranitar|Tyranitar, L50, F|100/100\n|-weather|Sandstorm|[from] ability: Sand Stream|[of] p2a: Tyranitar\n|turn|10\n|\n|t:|1776341583\n|move|p1b: Basculegion|Wave Crash|p2b: Kommo-o\n|-resisted|p2b: Kommo-o|1\n|-damage|p2b: Kommo-o|0 fnt\n|faint|p2b: Kommo-o\n|-damage|p1b: Basculegion|26/100|[from] Recoil\n|move|p2a: Tyranitar|Rock Slide|p1b: Basculegion|[spread] p1a,p1b\n|-supereffective|p1a: Incineroar|1\n|-damage|p1a: Incineroar|15/100\n|-damage|p1b: Basculegion|0 fnt\n|faint|p1b: Basculegion\n|move|p1a: Incineroar|Parting Shot|p2a: Tyranitar\n|-unboost|p2a: Tyranitar|atk|1\n|-unboost|p2a: Tyranitar|spa|1\n|\n|-weather|Sandstorm|[upkeep]\n|-damage|p1a: Incineroar|9/100|[from] Sandstorm\n|upkeep\n|turn|11\n|-message|giubeppo forfeited.\n|\n|win|kermitfrogge\n|raw|giubeppo's rating: 1288 &rarr; <strong>1267</strong><br />(-21 for losing)\n|raw|kermitfrogge's rating: 1339 &rarr; <strong>1356</strong><br />(+17 for winning)\n|l|\u2606giubeppo\n|player|p1|\n",
  "uploadtime": 1776341597,
  "views": 41,
  "formatid": "gen9championsvgc2026regma",
  "rating": 1267,
  "private": 0,
  "password": null
}