{
  "id": "gen9championsvgc2026regma-2580748000",
  "format": "[Gen 9 Champions] VGC 2026 Reg M-A",
  "players": [
    "The Hang Dude",
    "user638468286"
  ],
  "log": "|j|\u203dThe Hang Dude\n|j|\u2606user638468286\n|t:|1775929241\n|gametype|doubles\n|player|p1|The Hang Dude|265|1239\n|player|p2|user638468286|101|1158\n|gen|9\n|tier|[Gen 9 Champions] VGC 2026 Reg M-A\n|rated|\n|rule|Species Clause: Limit one of each Pok\u00e9mon\n|rule|Item Clause: Limit 1 of each item\n|clearpoke\n|poke|p1|Pelipper, L50, F|\n|poke|p1|Archaludon, L50, F|\n|poke|p1|Dragonite, L50, F|\n|poke|p1|Incineroar, L50, F|\n|poke|p1|Sinistcha, L50|\n|poke|p1|Basculegion, L50, M|\n|poke|p2|Sinistcha-Masterpiece, L50|\n|poke|p2|Alcremie, L50, F|\n|poke|p2|Meganium, L50, F|\n|poke|p2|Excadrill, L50, M|\n|poke|p2|Tyranitar, L50, M|\n|poke|p2|Incineroar, L50, M|\n|teampreview|4\n|inactive|Battle timer is ON: inactive players will automatically lose when time's up. (requested by The Hang Dude)\n|inactive|user638468286 has 60 seconds left.\nThe Hang Dude has agreed to open team sheets.\n|inactive|user638468286 has 30 seconds left.\n|inactive|user638468286 has 20 seconds left.\n|\n|t:|1775929327\n|teamsize|p1|4\n|teamsize|p2|4\n|start\n|switch|p1a: Archaludon|Archaludon, L50, F, shiny|100/100\n|switch|p1b: Incineroar|Incineroar, L50, F, shiny|100/100\n|switch|p2a: The other girl|Meganium, L50, F|100/100\n|switch|p2b: The girl|Alcremie, L50, F|100/100\n|-ability|p1b: Incineroar|Intimidate|boost\n|-unboost|p2a: The other girl|atk|1\n|-unboost|p2b: The girl|atk|1\n|turn|1\n|inactive|The Hang Dude has 30 seconds left.\n|inactive|user638468286 has 30 seconds left.\n|inactive|user638468286 has 20 seconds left.\n|inactive|user638468286 has 15 seconds left.\n|inactive|user638468286 has 10 seconds left.\n|\n|t:|1775929374\n|switch|p2a: The creepy guy|Excadrill, L50, M|100/100\n|move|p1b: Incineroar|Fake Out|p2b: The girl\n|-damage|p2b: The girl|86/100\n|cant|p2b: The girl|flinch\n|move|p1a: Archaludon|Flash Cannon|p2b: The girl\n|-supereffective|p2b: The girl|1\n|-damage|p2b: The girl|16/100\n|\n|upkeep\n|turn|2\n|inactive|The Hang Dude has 30 seconds left.\n|inactive|user638468286 has 30 seconds left.\n|\n|t:|1775929403\n|switch|p1b: Pelipper|Pelipper, L50, F|100/100\n|-weather|RainDance|[from] ability: Drizzle|[of] p1b: Pelipper\n|detailschange|p2a: The creepy guy|Excadrill-Mega, L50, M\n|-mega|p2a: The creepy guy|Excadrill|Excadrite\n|move|p2b: The girl|Decorate|p2a: The creepy guy\n|-boost|p2a: The creepy guy|atk|2\n|-boost|p2a: The creepy guy|spa|2\n|move|p2a: The creepy guy|High Horsepower|p1b: Pelipper\n|-immune|p1b: Pelipper\n|move|p1a: Archaludon|Electro Shot||[still]\n|-prepare|p1a: Archaludon|Electro Shot\n|-boost|p1a: Archaludon|spa|1\n|-anim|p1a: Archaludon|Electro Shot|p2b: The girl\n|-damage|p2b: The girl|0 fnt\n|faint|p2b: The girl\n|\n|-weather|RainDance|[upkeep]\n|upkeep\n|\n|t:|1775929409\n|switch|p2b: The angry guy|Tyranitar, L50, M|100/100\n|-weather|Sandstorm|[from] ability: Sand Stream|[of] p2b: The angry guy\n|turn|3\n|inactive|The Hang Dude has 30 seconds left.\n|inactive|The Hang Dude has 20 seconds left.\n|inactive|The Hang Dude has 15 seconds left.\n|inactive|The Hang Dude has 10 seconds left.\n|inactive|The Hang Dude has 5 seconds left.\n|\n|t:|1775929462\n|switch|p1b: Incineroar|Incineroar, L50, F, shiny|100/100\n|-ability|p1b: Incineroar|Intimidate|boost\n|-unboost|p2a: The creepy guy|atk|1\n|-unboost|p2b: The angry guy|atk|1\n|move|p2a: The creepy guy|Rock Slide|p1a: Archaludon|[spread] p1a,p1b\n|-resisted|p1a: Archaludon|1\n|-supereffective|p1b: Incineroar|1\n|-damage|p1a: Archaludon|87/100\n|-damage|p1b: Incineroar|45/100\n|-ability|p1a: Archaludon|Stamina|boost\n|-boost|p1a: Archaludon|def|1\n|cant|p1a: Archaludon|flinch\n|move|p2b: The angry guy|Snarl|p1a: Archaludon|[spread] p1a,p1b\n|-resisted|p1b: Incineroar|1\n|-damage|p1a: Archaludon|73/100\n|-damage|p1b: Incineroar|39/100\n|-unboost|p1a: Archaludon|spa|1\n|-unboost|p1b: Incineroar|spa|1\n|-ability|p1a: Archaludon|Stamina|boost\n|-boost|p1a: Archaludon|def|1\n|\n|-weather|Sandstorm|[upkeep]\n|-damage|p1b: Incineroar|33/100|[from] Sandstorm\n|-heal|p1a: Archaludon|79/100|[from] item: Leftovers\n|upkeep\n|turn|4\n|inactive|The Hang Dude has 30 seconds left.\n|inactive|user638468286 has 30 seconds left.\n|inactive|user638468286 has 20 seconds left.\n|\n|t:|1775929500\n|switch|p2b: The other girl|Meganium, L50, F|100/100\n|move|p2a: The creepy guy|Protect|p2a: The creepy guy\n|-singleturn|p2a: The creepy guy|Protect\n|move|p1b: Incineroar|Fake Out|p2a: The creepy guy\n|-activate|p2a: The creepy guy|move: Protect\n|move|p1a: Archaludon|Flash Cannon|p2b: The other girl\n|-damage|p2b: The other girl|64/100\n|\n|-weather|Sandstorm|[upkeep]\n|-damage|p2b: The other girl|58/100|[from] Sandstorm\n|-damage|p1b: Incineroar|27/100|[from] Sandstorm\n|-heal|p1a: Archaludon|85/100|[from] item: Leftovers\n|upkeep\n|turn|5\n|inactive|The Hang Dude has 30 seconds left.\n|inactive|user638468286 has 30 seconds left.\n|inactive|The Hang Dude has 20 seconds left.\n|inactive|user638468286 has 20 seconds left.\n|\n|t:|1775929545\n|move|p2a: The creepy guy|High Horsepower|p1a: Archaludon\n|-supereffective|p1a: Archaludon|1\n|-damage|p1a: Archaludon|21/100\n|-ability|p1a: Archaludon|Stamina|boost\n|-boost|p1a: Archaludon|def|1\n|move|p1a: Archaludon|Flash Cannon|p2b: The other girl\n|-damage|p2b: The other girl|20/100\n|move|p2b: The other girl|Weather Ball|p1b: Incineroar\n|-supereffective|p1b: Incineroar|1\n|-damage|p1b: Incineroar|0 fnt\n|faint|p1b: Incineroar\n|\n|-weather|Sandstorm|[upkeep]\n|-damage|p2b: The other girl|14/100|[from] Sandstorm\n|-heal|p1a: Archaludon|27/100|[from] item: Leftovers\n|upkeep\n|\n|t:|1775929559\n|switch|p1b: Pelipper|Pelipper, L50, F|100/100\n|-weather|RainDance|[from] ability: Drizzle|[of] p1b: Pelipper\n|turn|6\n|inactive|user638468286 has 30 seconds left.\n|\n|t:|1775929585\n|switch|p2b: The angry guy|Tyranitar, L50, M|100/100\n|-weather|Sandstorm|[from] ability: Sand Stream|[of] p2b: The angry guy\n|move|p2a: The creepy guy|High Horsepower|p1a: Archaludon\n|-supereffective|p1a: Archaludon|1\n|-damage|p1a: Archaludon|0 fnt\n|faint|p1a: Archaludon\n|move|p1b: Pelipper|Muddy Water|p2b: The angry guy|[spread] p2b\n|-miss|p1b: Pelipper|p2a: The creepy guy\n|-supereffective|p2b: The angry guy|1\n|-damage|p2b: The angry guy|66/100\n|-unboost|p2b: The angry guy|accuracy|1\n|\n|-weather|Sandstorm|[upkeep]\n|-damage|p1b: Pelipper|95/100|[from] Sandstorm\n|upkeep\n|\n|t:|1775929595\n|switch|p1a: Basculegion|Basculegion, L50, M, shiny|100/100\n|turn|7\n|inactive|The Hang Dude has 30 seconds left.\n|inactive|user638468286 has 30 seconds left.\n|inactive|user638468286 has 20 seconds left.\n|inactive|The Hang Dude has 20 seconds left.\n|inactive|user638468286 has 15 seconds left.\n|inactive|The Hang Dude has 15 seconds left.\n|inactive|user638468286 has 10 seconds left.\n|\n|t:|1775929645\n|move|p2a: The creepy guy|Protect|p2a: The creepy guy\n|-singleturn|p2a: The creepy guy|Protect\n|move|p1b: Pelipper|Protect|p1b: Pelipper\n|-singleturn|p1b: Pelipper|Protect\n|move|p1a: Basculegion|Wave Crash|p2b: The angry guy\n|-supereffective|p2b: The angry guy|1\n|-damage|p2b: The angry guy|0 fnt\n|faint|p2b: The angry guy\n|-damage|p1a: Basculegion|78/100|[from] Recoil\n|\n|-weather|Sandstorm|[upkeep]\n|-damage|p1a: Basculegion|72/100|[from] Sandstorm\n|-damage|p1b: Pelipper|89/100|[from] Sandstorm\n|upkeep\n|\n|t:|1775929653\n|switch|p2b: The other girl|Meganium, L50, F|14/100\n|turn|8\n|inactive|The Hang Dude has 30 seconds left.\n|inactive|The Hang Dude has 20 seconds left.\n|inactive|The Hang Dude has 15 seconds left.\n|\n|t:|1775929695\n|move|p1a: Basculegion|Aqua Jet|p2b: The other girl\n|-resisted|p2b: The other girl|1\n|-damage|p2b: The other girl|3/100\n|move|p2a: The creepy guy|High Horsepower|p1a: Basculegion\n|-damage|p1a: Basculegion|0 fnt\n|faint|p1a: Basculegion\n|move|p1b: Pelipper|Muddy Water|p2a: The creepy guy|[spread] p2b\n|-miss|p1b: Pelipper|p2a: The creepy guy\n|-resisted|p2b: The other girl|1\n|-damage|p2b: The other girl|0 fnt\n|faint|p2b: The other girl\n|\n|-weather|Sandstorm|[upkeep]\n|-damage|p1b: Pelipper|83/100|[from] Sandstorm\n|upkeep\n|turn|9\n|-message|The Hang Dude forfeited.\n|\n|win|user638468286\n|raw|The Hang Dude's rating: 1239 &rarr; <strong>1208</strong><br />(-31 for losing)\n|raw|user638468286's rating: 1158 &rarr; <strong>1189</strong><br />(+31 for winning)\n|l|\u203dThe Hang Dude\n|player|p1|\n",
  "uploadtime": 1775929716,
  "views": 14,
  "formatid": "gen9championsvgc2026regma",
  "rating": 1189,
  "private": 0,
  "password": null
}