{
  "id": "gen9championsvgc2026regma-2586547335",
  "format": "[Gen 9 Champions] VGC 2026 Reg M-A",
  "players": [
    "Gootchie",
    "dragonbokiabierto"
  ],
  "log": "|j|\u2606Gootchie\n|j|\u2606dragonbokiabierto\n|t:|1776442178\n|gametype|doubles\n|player|p1|Gootchie|102|1231\n|player|p2|dragonbokiabierto|roxanne|1261\n|gen|9\n|tier|[Gen 9 Champions] VGC 2026 Reg M-A\n|rated|\n|rule|Species Clause: Limit one of each Pok\u00e9mon\n|rule|Item Clause: Limit 1 of each item\n|clearpoke\n|poke|p1|Garchomp, L50, F|\n|poke|p1|Talonflame, L50, M|\n|poke|p1|Rotom-Wash, L50|\n|poke|p1|Delphox, L50, F|\n|poke|p1|Whimsicott, L50, F|\n|poke|p1|Maushold, L50|\n|poke|p2|Oranguru, L50, M|\n|poke|p2|Rampardos, L50, M|\n|poke|p2|Tyranitar, L50, M|\n|poke|p2|Garchomp, L50, F|\n|poke|p2|Sneasler, L50, M|\n|poke|p2|Torkoal, L50, F|\n|teampreview|4\n|inactive|Battle timer is ON: inactive players will automatically lose when time's up. (requested by Gootchie)\ndragonbokiabierto rejected open team sheets.\n|inactive|dragonbokiabierto has 60 seconds left.\n|\n|t:|1776442229\n|teamsize|p1|4\n|teamsize|p2|4\n|start\n|switch|p1a: Garchomp|Garchomp, L50, F|100/100\n|switch|p1b: Whimsicott|Whimsicott, L50, F|100/100\n|switch|p2a: Oranguru|Oranguru, L50, M|100/100\n|switch|p2b: mi cabesona|Rampardos, L50, M|100/100\n|turn|1\n|\n|t:|1776442244\n|move|p2b: mi cabesona|Protect|p2b: mi cabesona\n|-singleturn|p2b: mi cabesona|Protect\n|move|p1b: Whimsicott|Stun Spore|p2a: Oranguru|[miss]\n|-miss|p1b: Whimsicott|p2a: Oranguru\n|move|p1a: Garchomp|Scale Shot|p2a: Oranguru\n|-damage|p2a: Oranguru|87/100\n|-damage|p2a: Oranguru|75/100\n|-damage|p2a: Oranguru|62/100\n|-damage|p2a: Oranguru|50/100\n|-hitcount|p2a: Oranguru|4\n|-unboost|p1a: Garchomp|def|1\n|-boost|p1a: Garchomp|spe|1\n|move|p2a: Oranguru|Trick Room|p2a: Oranguru\n|-fieldstart|move: Trick Room|[of] p2a: Oranguru\n|\n|-heal|p2a: Oranguru|56/100|[from] item: Leftovers\n|upkeep\n|turn|2\n|\n|t:|1776442261\n|switch|p2b: Torkoal|Torkoal, L50, F|100/100\n|-weather|SunnyDay|[from] ability: Drought|[of] p2b: Torkoal\n|move|p1a: Garchomp|Protect|p1a: Garchomp\n|-singleturn|p1a: Garchomp|Protect\n|move|p1b: Whimsicott|Stun Spore|p2b: Torkoal\n|-status|p2b: Torkoal|par\n|move|p2a: Oranguru|Foul Play|p1a: Garchomp\n|-activate|p1a: Garchomp|move: Protect\n|\n|-weather|SunnyDay|[upkeep]\n|-heal|p2a: Oranguru|62/100|[from] item: Leftovers\n|upkeep\n|turn|3\n|\n|t:|1776442282\n|move|p1b: Whimsicott|Stun Spore|p2a: Oranguru\n|-status|p2a: Oranguru|par\n|cant|p2b: Torkoal|par\n|move|p2a: Oranguru|Instruct||[still]\n|-fail|p2a: Oranguru\n|move|p1a: Garchomp|Earthquake|p2b: Torkoal|[spread] p1b,p2a,p2b\n|-resisted|p1b: Whimsicott|1\n|-supereffective|p2b: Torkoal|1\n|-damage|p1b: Whimsicott|76/100\n|-damage|p2a: Oranguru|27/100 par\n|-damage|p2b: Torkoal|31/100 par\n|\n|-weather|SunnyDay|[upkeep]\n|-heal|p2a: Oranguru|32/100 par|[from] item: Leftovers\n|upkeep\n|turn|4\n|\n|t:|1776442304\n|move|p1a: Garchomp|Protect|p1a: Garchomp\n|-singleturn|p1a: Garchomp|Protect\n|move|p2b: Torkoal|Heat Wave|p1b: Whimsicott|[spread] p1b\n|-activate|p1a: Garchomp|move: Protect\n|-supereffective|p1b: Whimsicott|1\n|-damage|p1b: Whimsicott|0 fnt\n|faint|p1b: Whimsicott\n|move|p2a: Oranguru|Instruct|p2b: Torkoal\n|-singleturn|p2b: Torkoal|move: Instruct|[of] p2a: Oranguru\n|move|p2b: Torkoal|Heat Wave|p1a: Garchomp\n|-activate|p1a: Garchomp|move: Protect\n|\n|-weather|SunnyDay|[upkeep]\n|-heal|p2a: Oranguru|38/100 par|[from] item: Leftovers\n|upkeep\n|\n|t:|1776442314\n|switch|p1b: Delphox|Delphox, L50, F|100/100\n|turn|5\n|\n|t:|1776442336\n|detailschange|p1b: Delphox|Delphox-Mega, L50, F\n|-mega|p1b: Delphox|Delphox|Delphoxite\n|move|p2b: Torkoal|Heat Wave|p1b: Delphox|[spread] p1a,p1b\n|-resisted|p1a: Garchomp|1\n|-resisted|p1b: Delphox|1\n|-damage|p1a: Garchomp|72/100\n|-damage|p1b: Delphox|72/100\n|cant|p2a: Oranguru|par\n|move|p1b: Delphox|Heat Wave|p2a: Oranguru|[spread] p2a,p2b\n|-resisted|p2b: Torkoal|1\n|-damage|p2a: Oranguru|0 fnt\n|-damage|p2b: Torkoal|0 fnt\n|faint|p2a: Oranguru\n|faint|p2b: Torkoal\n|move|p1a: Garchomp|Earthquake|p1b: Delphox\n|-immune|p1b: Delphox|[from] ability: Levitate\n|\n|-weather|SunnyDay|[upkeep]\n|-fieldend|move: Trick Room\n|upkeep\n|\n|t:|1776442348\n|switch|p2a: mi cabesona|Rampardos, L50, M|100/100\n|switch|p2b: Tyranitar|Tyranitar, L50, M|100/100\n|-weather|Sandstorm|[from] ability: Sand Stream|[of] p2b: Tyranitar\n|turn|6\n|\n|t:|1776442360\n|detailschange|p2b: Tyranitar|Tyranitar-Mega, L50, M\n|-mega|p2b: Tyranitar|Tyranitar|Tyranitarite\n|move|p2a: mi cabesona|Protect|p2a: mi cabesona\n|-singleturn|p2a: mi cabesona|Protect\n|move|p1a: Garchomp|Earthquake|p2b: Tyranitar|[spread] p2b\n|-activate|p2a: mi cabesona|move: Protect\n|-immune|p1b: Delphox|[from] ability: Levitate\n|-supereffective|p2b: Tyranitar|1\n|-damage|p2b: Tyranitar|57/100\n|move|p1b: Delphox|Heat Wave|p2b: Tyranitar|[spread] p2b\n|-activate|p2a: mi cabesona|move: Protect\n|-resisted|p2b: Tyranitar|1\n|-damage|p2b: Tyranitar|47/100\n|move|p2b: Tyranitar|Blizzard|p1b: Delphox|[spread] p1a,p1b\n|-supereffective|p1a: Garchomp|2\n|-resisted|p1b: Delphox|1\n|-damage|p1a: Garchomp|0 fnt\n|-damage|p1b: Delphox|60/100\n|faint|p1a: Garchomp\n|\n|-weather|Sandstorm|[upkeep]\n|-damage|p1b: Delphox|54/100|[from] Sandstorm\n|upkeep\n|\n|t:|1776442375\n|switch|p1a: Rotom|Rotom-Wash, L50|100/100\n|turn|7\n|\n|t:|1776442387\n|move|p1b: Delphox|Heat Wave|p2a: mi cabesona|[spread] p2a,p2b\n|-resisted|p2a: mi cabesona|1\n|-resisted|p2b: Tyranitar|1\n|-damage|p2a: mi cabesona|78/100\n|-damage|p2b: Tyranitar|36/100\n|move|p1a: Rotom|Will-O-Wisp|p2a: mi cabesona|[miss]\n|-miss|p1a: Rotom|p2a: mi cabesona\n|move|p2b: Tyranitar|Dark Pulse|p1b: Delphox\n|-supereffective|p1b: Delphox|1\n|-damage|p1b: Delphox|0 fnt\n|faint|p1b: Delphox\n|move|p2a: mi cabesona|Head Smash|p1a: Rotom\n|-damage|p1a: Rotom|0 fnt\n|faint|p1a: Rotom\n|-damage|p2a: mi cabesona|40/100|[from] Recoil\n|\n|win|dragonbokiabierto\n|raw|Gootchie's rating: 1231 &rarr; <strong>1208</strong><br />(-23 for losing)\n|raw|dragonbokiabierto's rating: 1261 &rarr; <strong>1284</strong><br />(+23 for winning)\n|l|\u2606Gootchie\n|player|p1|\n",
  "uploadtime": 1776442429,
  "views": 33,
  "formatid": "gen9championsvgc2026regma",
  "rating": 1208,
  "private": 0,
  "password": null
}