{
  "id": "gen9championsvgc2026regma-2580388617",
  "format": "[Gen 9 Champions] VGC 2026 Reg M-A",
  "players": [
    "jumpshujinkou",
    "Joh Prime"
  ],
  "log": "|j|\u2606jumpshujinkou\n|j|\u2606Joh Prime\n|t:|1775889106\n|gametype|doubles\n|player|p1|jumpshujinkou|170|1000\n|player|p2|Joh Prime|marley|1089\n|gen|9\n|tier|[Gen 9 Champions] VGC 2026 Reg M-A\n|rated|\n|rule|Species Clause: Limit one of each Pok\u00e9mon\n|rule|Item Clause: Limit 1 of each item\n|clearpoke\n|poke|p1|Alakazam, L50, F|\n|poke|p1|Meowstic, L50, M|\n|poke|p1|Hawlucha, L50, F|\n|poke|p1|Ninetales-Alola, L50, M|\n|poke|p1|Hydreigon, L50, F|\n|poke|p1|Maushold-Four, L50|\n|poke|p2|Venusaur, L50, M|\n|poke|p2|Audino, L50, F|\n|poke|p2|Maushold-Four, L50|\n|poke|p2|Kingambit, L50, M|\n|poke|p2|Politoed, L50, F|\n|poke|p2|Incineroar, L50, M|\n|teampreview|4\n|\n|t:|1775889148\n|teamsize|p1|4\n|teamsize|p2|4\n|start\n|switch|p1a: Alakazam|Alakazam, L50, F|100/100\n|switch|p1b: Meowstic|Meowstic, L50, M|100/100\n|switch|p2a: Audino|Audino, L50, F, shiny|100/100\n|switch|p2b: Maushold|Maushold-Four, L50, shiny|100/100\n|turn|1\n|\n|t:|1775889170\n|detailschange|p1a: Alakazam|Alakazam-Mega, L50, F\n|-mega|p1a: Alakazam|Alakazam|Alakazite\n|-ability|p1a: Alakazam|Friend Guard|Trace|[from] ability: Trace|[of] p2b: Maushold\n|detailschange|p2a: Audino|Audino-Mega, L50, F, shiny\n|-mega|p2a: Audino|Audino|Audinite\n|move|p1b: Meowstic|Psychic Terrain|p1b: Meowstic\n|-fieldstart|move: Psychic Terrain\n|move|p1a: Alakazam|Expanding Force|p2a: Audino|[spread] p2a,p2b\n|-damage|p2a: Audino|63/100\n|-damage|p2b: Maushold|4/100\n|move|p2b: Maushold|Taunt|p1b: Meowstic\n|-start|p1b: Meowstic|move: Taunt\n|move|p2a: Audino|Calm Mind|p2a: Audino\n|-boost|p2a: Audino|spa|1\n|-boost|p2a: Audino|spd|1\n|\n|upkeep\n|turn|2\n|\n|t:|1775889190\n|move|p2b: Maushold|Protect|p2b: Maushold\n|-singleturn|p2b: Maushold|Protect\n|move|p1a: Alakazam|Expanding Force|p2b: Maushold|[spread] p2a\n|-activate|p2b: Maushold|move: Protect\n|-damage|p2a: Audino|35/100\n|move|p1b: Meowstic|Dark Pulse|p2a: Audino\n|-resisted|p2a: Audino|1\n|-damage|p2a: Audino|32/100\n|cant|p2a: Audino|flinch\n|\n|upkeep\n|turn|3\n|\n|t:|1775889208\n|switch|p1b: Maushold|Maushold-Four, L50|100/100\n|move|p2b: Maushold|Protect|p2b: Maushold\n|-singleturn|p2b: Maushold|Protect\n|move|p1a: Alakazam|Expanding Force|p2b: Maushold|[spread] p2a\n|-activate|p2b: Maushold|move: Protect\n|-damage|p2a: Audino|3/100\n|move|p2a: Audino|Draining Kiss|p1a: Alakazam\n|-damage|p1a: Alakazam|79/100\n|-heal|p2a: Audino|13/100|[from] drain|[of] p1a: Alakazam\n|\n|upkeep\n|turn|4\n|\n|t:|1775889234\n|move|p1b: Maushold|Helping Hand|p1a: Alakazam\n|-singleturn|p1a: Alakazam|Helping Hand|[of] p1b: Maushold\n|move|p1a: Alakazam|Expanding Force|p2a: Audino|[spread] p2a,p2b\n|-damage|p2a: Audino|0 fnt\n|-damage|p2b: Maushold|0 fnt\n|faint|p2a: Audino\n|faint|p2b: Maushold\n|\n|upkeep\n|\n|t:|1775889240\n|switch|p2b: Incineroar|Incineroar, L50, M, shiny|100/100\n|switch|p2a: Kingambit|Kingambit, L50, M, shiny|100/100\n|-ability|p2b: Incineroar|Intimidate|boost\n|-unboost|p1a: Alakazam|atk|1\n|-unboost|p1b: Maushold|atk|1\n|-activate|p2a: Kingambit|ability: Supreme Overlord\n|-start|p2a: Kingambit|fallen2|[silent]\n|turn|5\n|\n|t:|1775889281\n|move|p1b: Maushold|Follow Me|p1b: Maushold\n|-singleturn|p1b: Maushold|move: Follow Me\n|move|p1a: Alakazam|Dazzling Gleam|p2b: Incineroar|[spread] p2a,p2b\n|-damage|p2a: Kingambit|72/100\n|-damage|p2b: Incineroar|77/100\n|move|p2b: Incineroar|Darkest Lariat|p1b: Maushold\n|-damage|p1b: Maushold|65/100\n|move|p2a: Kingambit|Kowtow Cleave|p1b: Maushold\n|-damage|p1b: Maushold|2/100\n|\n|-fieldend|move: Psychic Terrain\n|upkeep\n|turn|6\n|\n|t:|1775889308\n|move|p1a: Alakazam|Protect|p1a: Alakazam\n|-singleturn|p1a: Alakazam|Protect\n|move|p1b: Maushold|Super Fang|p2b: Incineroar\n|-damage|p2b: Incineroar|39/100\n|-enditem|p2b: Incineroar|Sitrus Berry|[eat]\n|-heal|p2b: Incineroar|64/100|[from] item: Sitrus Berry\n|move|p2b: Incineroar|Darkest Lariat|p1b: Maushold\n|-damage|p1b: Maushold|0 fnt\n|faint|p1b: Maushold\n|move|p2a: Kingambit|Kowtow Cleave|p1a: Alakazam\n|-activate|p1a: Alakazam|move: Protect\n|\n|upkeep\n|\n|t:|1775889325\n|switch|p1b: Meowstic|Meowstic, L50, M|100/100\n|turn|7\n|\n|t:|1775889334\n|move|p1b: Meowstic|Psychic Terrain|p1b: Meowstic\n|-fieldstart|move: Psychic Terrain\n|move|p1a: Alakazam|Dazzling Gleam|p2b: Incineroar|[spread] p2a,p2b\n|-damage|p2a: Kingambit|46/100\n|-damage|p2b: Incineroar|42/100\n|move|p2b: Incineroar|Darkest Lariat|p1a: Alakazam\n|-supereffective|p1a: Alakazam|1\n|-damage|p1a: Alakazam|0 fnt\n|faint|p1a: Alakazam\n|move|p2a: Kingambit|Kowtow Cleave|p1b: Meowstic\n|-supereffective|p1b: Meowstic|1\n|-damage|p1b: Meowstic|0 fnt\n|faint|p1b: Meowstic\n|\n|upkeep\n|\n|t:|1775889349\n|switch|p1b: Hawlucha|Hawlucha, L50, F|100/100\n|turn|8\n|\n|t:|1775889361\n|move|p2b: Incineroar|Protect|p2b: Incineroar\n|-singleturn|p2b: Incineroar|Protect\n|move|p2a: Kingambit|Protect|p2a: Kingambit\n|-singleturn|p2a: Kingambit|Protect\n|move|p1b: Hawlucha|Close Combat|p2a: Kingambit\n|-activate|p2a: Kingambit|move: Protect\n|\n|upkeep\n|turn|9\n|\n|t:|1775889380\n|move|p1b: Hawlucha|Close Combat|p2a: Kingambit\n|-supereffective|p2a: Kingambit|2\n|-damage|p2a: Kingambit|0 fnt\n|-unboost|p1b: Hawlucha|def|1\n|-unboost|p1b: Hawlucha|spd|1\n|faint|p2a: Kingambit\n|-end|p2a: Kingambit|fallen2|[silent]\n|move|p2b: Incineroar|Darkest Lariat|p1b: Hawlucha\n|-resisted|p1b: Hawlucha|1\n|-damage|p1b: Hawlucha|74/100\n|\n|upkeep\n|turn|10\n|\n|t:|1775889404\n|move|p2b: Incineroar|Protect|p2b: Incineroar\n|-singleturn|p2b: Incineroar|Protect\n|move|p1b: Hawlucha|Close Combat|p2b: Incineroar\n|-activate|p2b: Incineroar|move: Protect\n|\n|upkeep\n|turn|11\n|\n|t:|1775889411\n|move|p1b: Hawlucha|Close Combat|p2b: Incineroar\n|-supereffective|p2b: Incineroar|1\n|-damage|p2b: Incineroar|0 fnt\n|-unboost|p1b: Hawlucha|def|1\n|-unboost|p1b: Hawlucha|spd|1\n|faint|p2b: Incineroar\n|\n|win|jumpshujinkou\n|raw|jumpshujinkou's rating: 1000 &rarr; <strong>1050</strong><br />(+50 for winning)\n|raw|Joh Prime's rating: 1089 &rarr; <strong>1060</strong><br />(-29 for losing)\n|l|\u2606Joh Prime\n|player|p2|\n",
  "uploadtime": 1775889455,
  "views": 11,
  "formatid": "gen9championsvgc2026regma",
  "rating": 1050,
  "private": 0,
  "password": null
}