{
  "id": "gen9championsvgc2026regma-2586003933",
  "format": "[Gen 9 Champions] VGC 2026 Reg M-A",
  "players": [
    "capacete5",
    "DAVID867"
  ],
  "log": "|j|\u2606capacete5\n|j|\u2606DAVID867\n|t:|1776389369\n|gametype|doubles\n|player|p1|capacete5|byron|\n|player|p2|DAVID867|1|\n|gen|9\n|tier|[Gen 9 Champions] VGC 2026 Reg M-A\n|rule|Species Clause: Limit one of each Pok\u00e9mon\n|rule|Item Clause: Limit 1 of each item\n|clearpoke\n|poke|p1|Sableye, L50, F|\n|poke|p1|Espathra, L50, F|\n|poke|p1|Charizard, L50, M|\n|poke|p1|Milotic, L50, F|\n|poke|p1|Garchomp, L50, F|\n|poke|p1|Gardevoir, L50, F|\n|poke|p2|Sableye, L50, F|\n|poke|p2|Espathra, L50, M|\n|poke|p2|Charizard, L50, M|\n|poke|p2|Milotic, L50, F|\n|poke|p2|Garchomp, L50, F|\n|poke|p2|Gardevoir, L50, F|\n|teampreview|4\n|inactive|Battle timer is ON: inactive players will automatically lose when time's up. (requested by capacete5)\ncapacete5 has agreed to open team sheets.\n|\n|t:|1776389384\n|teamsize|p1|4\n|teamsize|p2|4\n|start\n|switch|p1a: Sableye|Sableye, L50, F|100/100\n|switch|p1b: Espathra|Espathra, L50, F|100/100\n|switch|p2a: Charizard|Charizard, L50, M|100/100\n|switch|p2b: Gardevoir|Gardevoir, L50, F|100/100\n|turn|1\n|inactive|DAVID867 has 30 seconds left.\n|\n|t:|1776389409\n|detailschange|p2a: Charizard|Charizard-Mega-Y, L50, M\n|-mega|p2a: Charizard|Charizard|Charizardite Y\n|-weather|SunnyDay|[from] ability: Drought|[of] p2a: Charizard\n|move|p1a: Sableye|Fake Out|p2b: Gardevoir\n|-damage|p2b: Gardevoir|87/100\n|cant|p2b: Gardevoir|flinch\n|move|p1b: Espathra|Psychic Terrain|p1b: Espathra\n|-fieldstart|move: Psychic Terrain\n|move|p2a: Charizard|Heat Wave|p1a: Sableye|[spread] p1a,p1b\n|-damage|p1a: Sableye|25/100\n|-enditem|p1b: Espathra|Focus Sash\n|-damage|p1b: Espathra|1/100\n|-status|p1a: Sableye|brn\n|\n|-weather|SunnyDay|[upkeep]\n|-damage|p1a: Sableye|20/100 brn|[from] brn\n|-ability|p1b: Espathra|Speed Boost|boost\n|-boost|p1b: Espathra|spe|1\n|upkeep\n|turn|2\n|inactive|capacete5 has 30 seconds left.\n|\n|t:|1776389439\n|move|p2a: Charizard|Protect|p2a: Charizard\n|-singleturn|p2a: Charizard|Protect\n|move|p1a: Sableye|Feint|p2a: Charizard\n|-hint|Psychic Terrain doesn't affect airborne Pok\u00e9mon.\n|-activate|p2a: Charizard|move: Feint\n|-damage|p2a: Charizard|97/100\n|move|p1b: Espathra|Lumina Crash|p2a: Charizard\n|-damage|p2a: Charizard|52/100\n|-unboost|p2a: Charizard|spd|2\n|move|p2b: Gardevoir|Dazzling Gleam|p1b: Espathra|[spread] p1a,p1b\n|-supereffective|p1a: Sableye|1\n|-crit|p1a: Sableye\n|-enditem|p1a: Sableye|Roseli Berry|[eat]\n|-enditem|p1a: Sableye|Roseli Berry|[weaken]\n|-damage|p1a: Sableye|0 fnt\n|-damage|p1b: Espathra|0 fnt\n|faint|p1a: Sableye\n|faint|p1b: Espathra\n|\n|-weather|SunnyDay|[upkeep]\n|upkeep\n|\n|t:|1776389456\n|switch|p1b: Charizard|Charizard, L50, M|100/100\n|switch|p1a: Gardevoir|Gardevoir, L50, F|100/100\n|turn|3\n|\n|t:|1776389476\n|detailschange|p1b: Charizard|Charizard-Mega-Y, L50, M\n|-mega|p1b: Charizard|Charizard|Charizardite Y\n|move|p1a: Gardevoir|Expanding Force|p2a: Charizard|[spread] p2a,p2b\n|-resisted|p2b: Gardevoir|1\n|-damage|p2a: Charizard|0 fnt\n|-damage|p2b: Gardevoir|54/100\n|faint|p2a: Charizard\n|move|p2b: Gardevoir|Dazzling Gleam|p1b: Charizard|[spread] p1a,p1b\n|-resisted|p1b: Charizard|1\n|-damage|p1a: Gardevoir|69/100\n|-damage|p1b: Charizard|88/100\n|move|p1b: Charizard|Heat Wave|p2b: Gardevoir|[miss]\n|-miss|p1b: Charizard|p2b: Gardevoir\n|\n|-weather|SunnyDay|[upkeep]\n|upkeep\n|\n|t:|1776389490\n|switch|p2a: Espathra|Espathra, L50, M|100/100\n|turn|4\n|\n|t:|1776389501\n|move|p1a: Gardevoir|Expanding Force|p2b: Gardevoir|[spread] p2a,p2b\n|-resisted|p2a: Espathra|1\n|-crit|p2a: Espathra\n|-resisted|p2b: Gardevoir|1\n|-damage|p2a: Espathra|28/100\n|-damage|p2b: Gardevoir|22/100\n|move|p2b: Gardevoir|Dazzling Gleam|p1a: Gardevoir|[spread] p1a,p1b\n|-resisted|p1b: Charizard|1\n|-damage|p1a: Gardevoir|38/100\n|-damage|p1b: Charizard|74/100\n|move|p2a: Espathra|Lumina Crash|p1b: Charizard\n|-damage|p1b: Charizard|33/100\n|-unboost|p1b: Charizard|spd|2\n|move|p1b: Charizard|Heat Wave|p2b: Gardevoir|[spread] p2a\n|-miss|p1b: Charizard|p2b: Gardevoir\n|-damage|p2a: Espathra|0 fnt\n|faint|p2a: Espathra\n|\n|-weather|SunnyDay|[upkeep]\n|upkeep\n|\n|t:|1776389516\n|switch|p2a: Garchomp|Garchomp, L50, F|100/100\n|turn|5\n|\n|t:|1776389535\n|move|p2a: Garchomp|Protect|p2a: Garchomp\n|-singleturn|p2a: Garchomp|Protect\n|move|p2b: Gardevoir|Dazzling Gleam|p1a: Gardevoir|[spread] p1a,p1b\n|-resisted|p1b: Charizard|1\n|-damage|p1a: Gardevoir|6/100\n|-damage|p1b: Charizard|8/100\n|move|p1a: Gardevoir|Expanding Force|p2b: Gardevoir|[spread] p2b\n|-activate|p2a: Garchomp|move: Protect\n|-resisted|p2b: Gardevoir|1\n|-damage|p2b: Gardevoir|0 fnt\n|faint|p2b: Gardevoir\n|move|p1b: Charizard|Weather Ball|p2a: Garchomp\n|-activate|p2a: Garchomp|move: Protect\n|\n|-weather|none\n|-fieldend|move: Psychic Terrain\n|upkeep\n|turn|6\n|\n|t:|1776389556\n|move|p1a: Gardevoir|Expanding Force|p2a: Garchomp\n|-damage|p2a: Garchomp|62/100\n|move|p2a: Garchomp|Rock Slide|p1b: Charizard|[spread] p1a,p1b\n|-supereffective|p1b: Charizard|2\n|-damage|p1a: Gardevoir|0 fnt\n|-damage|p1b: Charizard|0 fnt\n|faint|p1a: Gardevoir\n|faint|p1b: Charizard\n|\n|win|DAVID867\n",
  "uploadtime": 1776389557,
  "views": 15,
  "formatid": "gen9championsvgc2026regma",
  "rating": null,
  "private": 0,
  "password": null
}