{
  "id": "gen9championsvgc2026regma-2584858716",
  "format": "[Gen 9 Champions] VGC 2026 Reg M-A",
  "players": [
    "toxmyself",
    "Plznis"
  ],
  "log": "|j|\u2606toxmyself\n|j|\u2606Plznis\n|t:|1776289253\n|gametype|doubles\n|player|p1|toxmyself|norman|1283\n|player|p2|Plznis|265|1204\n|gen|9\n|tier|[Gen 9 Champions] VGC 2026 Reg M-A\n|rated|\n|rule|Species Clause: Limit one of each Pok\u00e9mon\n|rule|Item Clause: Limit 1 of each item\n|clearpoke\n|poke|p1|Charizard, L50, F|\n|poke|p1|Venusaur, L50, M|\n|poke|p1|Garchomp, L50, F|\n|poke|p1|Incineroar, L50, F|\n|poke|p1|Gardevoir, L50, F|\n|poke|p1|Milotic, L50, M|\n|poke|p2|Hatterene, L50, F|\n|poke|p2|Meowstic, L50, M|\n|poke|p2|Araquanid, L50, F|\n|poke|p2|Drampa, L50, F|\n|poke|p2|Incineroar, L50, F|\n|poke|p2|Sinistcha, L50|\n|teampreview|4\n|inactive|Battle timer is ON: inactive players will automatically lose when time's up. (requested by toxmyself)\n|inactive|Plznis has 60 seconds left.\n|inactive|Plznis has 30 seconds left.\n|inactive|Plznis has 20 seconds left.\n|inactive|Plznis has 15 seconds left.\n|inactive|Plznis has 10 seconds left.\n|\n|t:|1776289336\n|teamsize|p1|4\n|teamsize|p2|4\n|start\n|switch|p1a: Charizard|Charizard, L50, F|100/100\n|switch|p1b: Milotic|Milotic, L50, M|100/100\n|switch|p2a: Hatterene|Hatterene, L50, F, shiny|100/100\n|switch|p2b: Meowstic|Meowstic, L50, M, shiny|100/100\n|turn|1\n|inactive|toxmyself has 30 seconds left.\n|\n|t:|1776289365\n|move|p2b: Meowstic|Fake Out|p1a: Charizard\n|-damage|p1a: Charizard|93/100\n|cant|p1a: Charizard|flinch\n|move|p1b: Milotic|Scald|p2a: Hatterene\n|-damage|p2a: Hatterene|69/100\n|move|p2a: Hatterene|Trick Room|p2a: Hatterene\n|-fieldstart|move: Trick Room|[of] p2a: Hatterene\n|\n|upkeep\n|turn|2\n|\n|t:|1776289376\n|switch|p1a: Incineroar|Incineroar, L50, F|100/100\n|-ability|p1a: Incineroar|Intimidate|boost\n|-unboost|p2a: Hatterene|atk|1\n|-unboost|p2b: Meowstic|atk|1\n|move|p2b: Meowstic|Psychic Terrain|p2b: Meowstic\n|-fieldstart|move: Psychic Terrain\n|move|p2a: Hatterene|Expanding Force|p1a: Incineroar|[spread] p1b\n|-immune|p1a: Incineroar\n|-damage|p1b: Milotic|43/100\n|move|p1b: Milotic|Scald|p2a: Hatterene\n|-damage|p2a: Hatterene|40/100\n|\n|-heal|p1b: Milotic|49/100|[from] item: Leftovers\n|upkeep\n|turn|3\n|\n|t:|1776289401\n|switch|p2b: Araquanid|Araquanid, L50, F, shiny|100/100\n|move|p2a: Hatterene|Protect|p2a: Hatterene\n|-singleturn|p2a: Hatterene|Protect\n|move|p1b: Milotic|Protect|p1b: Milotic\n|-singleturn|p1b: Milotic|Protect\n|move|p1a: Incineroar|Throat Chop|p2b: Araquanid\n|-damage|p2b: Araquanid|65/100\n|-start|p2b: Araquanid|Throat Chop|[silent]\n|\n|-heal|p1b: Milotic|55/100|[from] item: Leftovers\n|upkeep\n|turn|4\n|\n|t:|1776289419\n|move|p2a: Hatterene|Expanding Force|p1b: Milotic|[spread] p1b\n|-immune|p1a: Incineroar\n|-damage|p1b: Milotic|0 fnt\n|faint|p1b: Milotic\n|move|p2b: Araquanid|Liquidation|p1a: Incineroar\n|-supereffective|p1a: Incineroar|1\n|-damage|p1a: Incineroar|0 fnt\n|faint|p1a: Incineroar\n|\n|-end|p2b: Araquanid|Throat Chop|[silent]\n|upkeep\n|\n|t:|1776289425\n|switch|p1a: Charizard|Charizard, L50, F|93/100\n|switch|p1b: Venusaur|Venusaur, L50, M|100/100\n|turn|5\n|\n|t:|1776289445\n|move|p1b: Venusaur|Protect|p1b: Venusaur\n|-singleturn|p1b: Venusaur|Protect\n|move|p1a: Charizard|Protect|p1a: Charizard\n|-singleturn|p1a: Charizard|Protect\n|move|p2a: Hatterene|Expanding Force|p1b: Venusaur|[spread] \n|-activate|p1a: Charizard|move: Protect\n|-activate|p1b: Venusaur|move: Protect\n|move|p2b: Araquanid|Liquidation|p1a: Charizard\n|-activate|p1a: Charizard|move: Protect\n|\n|-fieldend|move: Trick Room\n|upkeep\n|turn|6\n|\n|t:|1776289461\n|detailschange|p1a: Charizard|Charizard-Mega-Y, L50, F\n|-mega|p1a: Charizard|Charizard|Charizardite Y\n|-weather|SunnyDay|[from] ability: Drought|[of] p1a: Charizard\n|move|p2b: Araquanid|Wide Guard|p2b: Araquanid\n|-singleturn|p2b: Araquanid|Wide Guard\n|move|p1b: Venusaur|Sludge Bomb|p2a: Hatterene\n|-supereffective|p2a: Hatterene|1\n|-damage|p2a: Hatterene|0 fnt\n|faint|p2a: Hatterene\n|move|p1a: Charizard|Weather Ball|p2b: Araquanid\n|-damage|p2b: Araquanid|19/100\n|\n|-weather|SunnyDay|[upkeep]\n|-fieldend|move: Psychic Terrain\n|upkeep\n|\n|t:|1776289481\n|switch|p2a: Incineroar|Incineroar, L50, F|100/100\n|-ability|p2a: Incineroar|Intimidate|boost\n|-unboost|p1a: Charizard|atk|1\n|-unboost|p1b: Venusaur|atk|1\n|turn|7\n|\n|t:|1776289504\n|move|p1b: Venusaur|Protect|p1b: Venusaur\n|-singleturn|p1b: Venusaur|Protect\n|move|p1a: Charizard|Protect|p1a: Charizard\n|-singleturn|p1a: Charizard|Protect\n|move|p2a: Incineroar|Flare Blitz|p1b: Venusaur\n|-activate|p1b: Venusaur|move: Protect\n|move|p2b: Araquanid|Liquidation|p1a: Charizard\n|-activate|p1a: Charizard|move: Protect\n|\n|-weather|SunnyDay|[upkeep]\n|upkeep\n|turn|8\n|\n|t:|1776289523\n|switch|p2b: Meowstic|Meowstic, L50, M, shiny|100/100\n|move|p1b: Venusaur|Sludge Bomb|p2a: Incineroar\n|-damage|p2a: Incineroar|61/100\n|move|p1a: Charizard|Weather Ball|p2b: Meowstic\n|-enditem|p2b: Meowstic|Focus Sash\n|-damage|p2b: Meowstic|1/100\n|move|p2a: Incineroar|Flare Blitz|p1b: Venusaur\n|-supereffective|p1b: Venusaur|1\n|-enditem|p1b: Venusaur|Focus Sash\n|-damage|p1b: Venusaur|1/100\n|-damage|p2a: Incineroar|31/100|[from] Recoil\n|\n|-weather|SunnyDay|[upkeep]\n|upkeep\n|turn|9\n|inactive|Plznis has 30 seconds left.\n|\n|t:|1776289552\n|move|p1b: Venusaur|Protect|p1b: Venusaur\n|-singleturn|p1b: Venusaur|Protect\n|move|p1a: Charizard|Heat Wave|p2b: Meowstic|[spread] p2a,p2b\n|-resisted|p2a: Incineroar|1\n|-damage|p2a: Incineroar|3/100\n|-damage|p2b: Meowstic|0 fnt\n|faint|p2b: Meowstic\n|move|p2a: Incineroar|Darkest Lariat|p1a: Charizard\n|-damage|p1a: Charizard|43/100\n|\n|-weather|SunnyDay|[upkeep]\n|upkeep\n|\n|t:|1776289562\n|switch|p2b: Araquanid|Araquanid, L50, F, shiny|19/100\n|turn|10\n|\n|t:|1776289573\n|move|p1b: Venusaur|Sludge Bomb|p2a: Incineroar\n|-damage|p2a: Incineroar|0 fnt\n|faint|p2a: Incineroar\n|move|p1a: Charizard|Weather Ball|p2b: Araquanid\n|-damage|p2b: Araquanid|0 fnt\n|faint|p2b: Araquanid\n|\n|win|toxmyself\n|raw|toxmyself's rating: 1283 &rarr; <strong>1302</strong><br />(+19 for winning)\n|raw|Plznis's rating: 1204 &rarr; <strong>1185</strong><br />(-19 for losing)\n",
  "uploadtime": 1776289573,
  "views": 17,
  "formatid": "gen9championsvgc2026regma",
  "rating": 1185,
  "private": 0,
  "password": null
}