{
  "id": "gen9championsvgc2026regma-2583647856",
  "format": "[Gen 9 Champions] VGC 2026 Reg M-A",
  "players": [
    "pairinstability",
    "mossytreefrog"
  ],
  "log": "|j|\u2606pairinstability\n|j|\u2606mossytreefrog\n|t:|1776188625\n|gametype|doubles\n|player|p1|pairinstability|265|1065\n|player|p2|mossytreefrog|pokemaniac|1049\n|gen|9\n|tier|[Gen 9 Champions] VGC 2026 Reg M-A\n|rated|\n|rule|Species Clause: Limit one of each Pok\u00e9mon\n|rule|Item Clause: Limit 1 of each item\n|clearpoke\n|poke|p1|Victreebel, L50, F|\n|poke|p1|Mamoswine, L50, M|\n|poke|p1|Aegislash, L50, M|\n|poke|p1|Kommo-o, L50, M|\n|poke|p1|Aerodactyl, L50, M|\n|poke|p1|Rotom-Heat, L50|\n|poke|p2|Heliolisk, L50, F|\n|poke|p2|Sinistcha, L50|\n|poke|p2|Empoleon, L50, M|\n|poke|p2|Maushold, L50|\n|poke|p2|Meganium, L50, M|\n|poke|p2|Pelipper, L50, F|\n|teampreview|4\n|inactive|Battle timer is ON: inactive players will automatically lose when time's up. (requested by mossytreefrog)\n|inactive|pairinstability has 60 seconds left.\n|\n|t:|1776188661\n|teamsize|p1|4\n|teamsize|p2|4\n|start\n|switch|p1a: Aerodactyl|Aerodactyl, L50, M|100/100\n|switch|p1b: Victreebel|Victreebel, L50, F|100/100\n|switch|p2a: lizzy's in a box|Heliolisk, L50, F|100/100\n|switch|p2b: matcha|Sinistcha, L50|100/100\n|turn|1\n|\n|t:|1776188682\n|detailschange|p1b: Victreebel|Victreebel-Mega, L50, F\n|-mega|p1b: Victreebel|Victreebel|Victreebelite\n|move|p2a: lizzy's in a box|Shed Tail|p2a: lizzy's in a box\n|-start|p2a: lizzy's in a box|Substitute|[from] move: Shed Tail\n|-damage|p2a: lizzy's in a box|50/100\n|\n|t:|1776188690\n|switch|p2a: leaf dino|Meganium, L50, M, shiny|100/100|[from] Shed Tail\n|move|p1a: Aerodactyl|Tailwind|p1a: Aerodactyl\n|-sidestart|p1: pairinstability|move: Tailwind\n|move|p1b: Victreebel|Energy Ball|p2a: leaf dino\n|-resisted|p2a: leaf dino|1\n|-end|p2a: leaf dino|Substitute\n|move|p2b: matcha|Trick Room|p2b: matcha\n|-fieldstart|move: Trick Room|[of] p2b: matcha\n|\n|upkeep\n|turn|2\n|\n|t:|1776188706\n|detailschange|p2a: leaf dino|Meganium-Mega, L50, M, shiny\n|-mega|p2a: leaf dino|Meganium|Meganiumite\n|move|p2b: matcha|Rage Powder|p2b: matcha\n|-singleturn|p2b: matcha|move: Rage Powder\n|move|p2a: leaf dino|Weather Ball|p1b: Victreebel\n|-supereffective|p1b: Victreebel|1\n|-damage|p1b: Victreebel|0 fnt\n|-damage|p2a: leaf dino|0 fnt|[from] ability: Innards Out|[of] p1b: Victreebel\n|faint|p1b: Victreebel\n|faint|p2a: leaf dino\n|move|p1a: Aerodactyl|Dual Wingbeat|p2b: matcha|[miss]\n|-miss|p1a: Aerodactyl|p2b: matcha\n|\n|upkeep\n|\n|t:|1776188718\n|switch|p2a: lizzy's in a box|Heliolisk, L50, F|50/100\n|switch|p1b: Kommo-o|Kommo-o, L50, M|100/100\n|turn|3\n|\n|t:|1776188731\n|switch|p1a: Mamoswine|Mamoswine, L50, M|100/100\n|move|p2b: matcha|Matcha Gotcha|p1a: Mamoswine|[spread] p1a,p1b\n|-supereffective|p1a: Mamoswine|1\n|-resisted|p1b: Kommo-o|1\n|-damage|p1a: Mamoswine|18/100\n|-damage|p1b: Kommo-o|84/100\n|-status|p1b: Kommo-o|brn\n|move|p2a: lizzy's in a box|Thunderbolt|p1a: Mamoswine\n|-immune|p1a: Mamoswine\n|move|p1b: Kommo-o|Clanging Scales|p2b: matcha|[spread] p2a,p2b\n|-crit|p2a: lizzy's in a box\n|-damage|p2a: lizzy's in a box|0 fnt\n|-damage|p2b: matcha|63/100\n|faint|p2a: lizzy's in a box\n|-unboost|p1b: Kommo-o|def|1\n|-enditem|p1b: Kommo-o|White Herb\n|-clearnegativeboost|p1b: Kommo-o|[silent]\n|\n|-damage|p1b: Kommo-o|78/100 brn|[from] brn\n|upkeep\n|\n|t:|1776188740\n|switch|p2a: pelle pelle|Pelipper, L50, F, shiny|100/100\n|-weather|RainDance|[from] ability: Drizzle|[of] p2a: pelle pelle\n|turn|4\n|\n|t:|1776188758\n|move|p1a: Mamoswine|Protect|p1a: Mamoswine\n|-singleturn|p1a: Mamoswine|Protect\n|move|p1b: Kommo-o|Protect|p1b: Kommo-o\n|-singleturn|p1b: Kommo-o|Protect\n|move|p2a: pelle pelle|Hurricane|p1b: Kommo-o\n|-activate|p1b: Kommo-o|move: Protect\n|move|p2b: matcha|Matcha Gotcha|p1b: Kommo-o|[spread] \n|-activate|p1a: Mamoswine|move: Protect\n|-activate|p1b: Kommo-o|move: Protect\n|\n|-weather|RainDance|[upkeep]\n|-damage|p1b: Kommo-o|72/100 brn|[from] brn\n|-sideend|p1: pairinstability|move: Tailwind\n|upkeep\n|turn|5\n|\n|t:|1776188781\n|switch|p1b: Aerodactyl|Aerodactyl, L50, M|100/100\n|move|p2a: pelle pelle|Hurricane|p1b: Aerodactyl\n|-resisted|p1b: Aerodactyl|1\n|-damage|p1b: Aerodactyl|66/100\n|move|p2b: matcha|Matcha Gotcha|p1a: Mamoswine|[spread] p1b\n|-miss|p2b: matcha|p1a: Mamoswine\n|-damage|p1b: Aerodactyl|22/100\n|-heal|p2b: matcha|86/100|[from] drain|[of] p1b: Aerodactyl\n|-status|p1b: Aerodactyl|brn\n|-heal|p2b: matcha|92/100|[from] item: Shell Bell|[of] p1b: Aerodactyl\n|move|p1a: Mamoswine|Rock Slide|p2b: matcha|[spread] p2a,p2b\n|-supereffective|p2a: pelle pelle|1\n|-damage|p2a: pelle pelle|41/100\n|-damage|p2b: matcha|70/100\n|\n|-weather|RainDance|[upkeep]\n|-damage|p1b: Aerodactyl|17/100 brn|[from] brn\n|-fieldend|move: Trick Room\n|upkeep\n|turn|6\n|inactive|pairinstability has 30 seconds left.\n|\n|t:|1776188809\n|move|p2a: pelle pelle|Wide Guard|p2a: pelle pelle\n|-singleturn|p2a: pelle pelle|Wide Guard\n|move|p1a: Mamoswine|Ice Shard|p2a: pelle pelle\n|-damage|p2a: pelle pelle|9/100\n|move|p1b: Aerodactyl|Rock Slide|p2b: matcha|[spread] \n|-activate|p2a: pelle pelle|move: Wide Guard\n|-activate|p2b: matcha|move: Wide Guard\n|move|p2b: matcha|Trick Room|p2b: matcha\n|-fieldstart|move: Trick Room|[of] p2b: matcha\n|\n|-weather|RainDance|[upkeep]\n|-damage|p1b: Aerodactyl|11/100 brn|[from] brn\n|upkeep\n|turn|7\n|\n|t:|1776188826\n|move|p1a: Mamoswine|Ice Shard|p2a: pelle pelle\n|-damage|p2a: pelle pelle|0 fnt\n|faint|p2a: pelle pelle\n|move|p2b: matcha|Matcha Gotcha|p1a: Mamoswine|[spread] p1a\n|-miss|p2b: matcha|p1b: Aerodactyl\n|-supereffective|p1a: Mamoswine|1\n|-damage|p1a: Mamoswine|0 fnt\n|-heal|p2b: matcha|83/100|[from] drain|[of] p1a: Mamoswine\n|faint|p1a: Mamoswine\n|-heal|p2b: matcha|85/100|[from] item: Shell Bell|[of] p1b: Aerodactyl\n|move|p1b: Aerodactyl|Dual Wingbeat|p2b: matcha\n|-supereffective|p2b: matcha|1\n|-damage|p2b: matcha|67/100\n|-supereffective|p2b: matcha|1\n|-damage|p2b: matcha|46/100\n|-hitcount|p2b: matcha|2\n|\n|-weather|RainDance|[upkeep]\n|-damage|p1b: Aerodactyl|5/100 brn|[from] brn\n|upkeep\n|\n|t:|1776188843\n|switch|p1a: Kommo-o|Kommo-o, L50, M|72/100 brn\n|turn|8\n|\n|t:|1776188850\n|move|p2b: matcha|Matcha Gotcha|p1a: Kommo-o|[spread] p1a,p1b\n|-resisted|p1a: Kommo-o|1\n|-damage|p1a: Kommo-o|54/100 brn\n|-heal|p2b: matcha|56/100|[from] drain|[of] p1a: Kommo-o\n|-damage|p1b: Aerodactyl|0 fnt\n|-heal|p2b: matcha|59/100|[from] drain|[of] p1b: Aerodactyl\n|faint|p1b: Aerodactyl\n|-heal|p2b: matcha|61/100|[from] item: Shell Bell|[of] p1: Aerodactyl\n|move|p1a: Kommo-o|Clanging Scales|p2b: matcha\n|-damage|p2b: matcha|6/100\n|-unboost|p1a: Kommo-o|def|1\n|\n|-weather|none\n|-damage|p1a: Kommo-o|48/100 brn|[from] brn\n|upkeep\n|turn|9\n|\n|t:|1776188867\n|move|p2b: matcha|Shadow Ball|p1a: Kommo-o\n|-damage|p1a: Kommo-o|0 fnt\n|faint|p1a: Kommo-o\n|-heal|p2b: matcha|11/100|[from] item: Shell Bell|[of] p1: Kommo-o\n|\n|win|mossytreefrog\n|raw|pairinstability's rating: 1065 &rarr; <strong>1044</strong><br />(-21 for losing)\n|raw|mossytreefrog's rating: 1049 &rarr; <strong>1083</strong><br />(+34 for winning)\n",
  "uploadtime": 1776188875,
  "views": 14,
  "formatid": "gen9championsvgc2026regma",
  "rating": 1044,
  "private": 0,
  "password": null
}