{
  "id": "gen9championsvgc2026regma-2581108988",
  "format": "[Gen 9 Champions] VGC 2026 Reg M-A",
  "players": [
    "naoclxoxo",
    "HydraTrainer777"
  ],
  "log": "|j|\u2606naoclxoxo\n|j|\u2606HydraTrainer777\n|t:|1775960699\n|gametype|doubles\n|player|p1|naoclxoxo|lady-gen4|1107\n|player|p2|HydraTrainer777|102|1129\n|gen|9\n|tier|[Gen 9 Champions] VGC 2026 Reg M-A\n|rated|\n|rule|Species Clause: Limit one of each Pok\u00e9mon\n|rule|Item Clause: Limit 1 of each item\n|clearpoke\n|poke|p1|Charizard, L50, M|\n|poke|p1|Venusaur, L50, F|\n|poke|p1|Incineroar, L50, F|\n|poke|p1|Sneasler, L50, F|\n|poke|p1|Rotom-Wash, L50|\n|poke|p1|Garchomp, L50, F|\n|poke|p2|Floette-Eternal, L50, F|\n|poke|p2|Volcarona, L50, F|\n|poke|p2|Mimikyu, L50, M|\n|poke|p2|Jolteon, L50, M|\n|poke|p2|Gyarados, L50, M|\n|poke|p2|Garchomp, L50, F|\n|teampreview|4\n|\n|t:|1775960771\n|teamsize|p1|4\n|teamsize|p2|4\n|start\n|switch|p1a: Charizard|Charizard, L50, M|100/100\n|switch|p1b: Sneasler|Sneasler, L50, F|100/100\n|switch|p2a: Volcarona|Volcarona, L50, F, shiny|100/100\n|switch|p2b: Garchomp|Garchomp, L50, F|100/100\n|turn|1\n|\n|t:|1775960796\n|switch|p1b: Incineroar|Incineroar, L50, F|100/100\n|-ability|p1b: Incineroar|Intimidate|boost\n|-unboost|p2a: Volcarona|atk|1\n|-unboost|p2b: Garchomp|atk|1\n|-enditem|p2b: Garchomp|White Herb\n|-clearnegativeboost|p2b: Garchomp|[silent]\n|detailschange|p1a: Charizard|Charizard-Mega-Y, L50, M\n|-mega|p1a: Charizard|Charizard|Charizardite Y\n|-weather|SunnyDay|[from] ability: Drought|[of] p1a: Charizard\n|move|p2b: Garchomp|Protect|p2b: Garchomp\n|-singleturn|p2b: Garchomp|Protect\n|move|p1a: Charizard|Hurricane|p2a: Volcarona\n|-supereffective|p2a: Volcarona|1\n|-damage|p2a: Volcarona|0 fnt\n|faint|p2a: Volcarona\n|\n|-weather|SunnyDay|[upkeep]\n|upkeep\n|\n|t:|1775960825\n|switch|p2a: Gyarados|Gyarados, L50, M, shiny|100/100\n|-ability|p2a: Gyarados|Intimidate|boost\n|-unboost|p1a: Charizard|atk|1\n|-unboost|p1b: Incineroar|atk|1\n|turn|2\n|inactive|Battle timer is ON: inactive players will automatically lose when time's up. (requested by HydraTrainer777)\n|\n|t:|1775960839\n|detailschange|p2a: Gyarados|Gyarados-Mega, L50, M, shiny\n|-mega|p2a: Gyarados|Gyarados|Gyaradosite\n|-ability|p2a: Gyarados|Mold Breaker\n|move|p1b: Incineroar|Fake Out|p2b: Garchomp\n|-damage|p2b: Garchomp|92/100\n|move|p1a: Charizard|Heat Wave|p2a: Gyarados|[spread] p2a,p2b\n|-resisted|p2a: Gyarados|1\n|-resisted|p2b: Garchomp|1\n|-damage|p2a: Gyarados|73/100\n|-damage|p2b: Garchomp|56/100\n|-status|p2b: Garchomp|brn\n|cant|p2b: Garchomp|flinch\n|move|p2a: Gyarados|Dragon Dance|p2a: Gyarados\n|-boost|p2a: Gyarados|atk|1\n|-boost|p2a: Gyarados|spe|1\n|\n|-weather|SunnyDay|[upkeep]\n|-damage|p2b: Garchomp|50/100 brn|[from] brn\n|upkeep\n|turn|3\n|\n|t:|1775960860\n|switch|p1a: Venusaur|Venusaur, L50, F|100/100\n|move|p2a: Gyarados|Waterfall|p1b: Incineroar\n|-supereffective|p1b: Incineroar|1\n|-damage|p1b: Incineroar|37/100\n|move|p2b: Garchomp|Rock Slide|p1b: Incineroar|[spread] p1a,p1b\n|-supereffective|p1b: Incineroar|1\n|-damage|p1a: Venusaur|86/100\n|-damage|p1b: Incineroar|19/100\n|move|p1b: Incineroar|Parting Shot|p2a: Gyarados\n|-unboost|p2a: Gyarados|atk|1\n|-unboost|p2a: Gyarados|spa|1\n|\n|t:|1775960874\n|switch|p1b: Charizard|Charizard-Mega-Y, L50, M|100/100|[from] Parting Shot\n|\n|-weather|SunnyDay|[upkeep]\n|-heal|p1a: Venusaur|92/100|[from] item: Leftovers\n|-damage|p2b: Garchomp|44/100 brn|[from] brn\n|upkeep\n|turn|4\n|inactive|HydraTrainer777 has 30 seconds left.\n|\n|t:|1775960909\n|switch|p1b: Incineroar|Incineroar, L50, F|19/100\n|-ability|p1b: Incineroar|Intimidate|boost\n|-unboost|p2a: Gyarados|atk|1\n|-unboost|p2b: Garchomp|atk|1\n|move|p1a: Venusaur|Solar Beam||[still]\n|-prepare|p1a: Venusaur|Solar Beam\n|-anim|p1a: Venusaur|Solar Beam|p2a: Gyarados\n|-supereffective|p2a: Gyarados|1\n|-damage|p2a: Gyarados|0 fnt\n|faint|p2a: Gyarados\n|move|p2b: Garchomp|Outrage|p1b: Incineroar\n|-damage|p1b: Incineroar|3/100\n|\n|-weather|SunnyDay|[upkeep]\n|-heal|p1a: Venusaur|97/100|[from] item: Leftovers\n|-damage|p2b: Garchomp|38/100 brn|[from] brn\n|upkeep\n|\n|t:|1775960920\n|switch|p2a: Jolteon|Jolteon, L50, M|100/100\n|turn|5\n|\n|t:|1775960929\n|move|p1b: Incineroar|Fake Out|p2a: Jolteon\n|-damage|p2a: Jolteon|79/100\n|move|p1a: Venusaur|Solar Beam||[still]\n|-prepare|p1a: Venusaur|Solar Beam\n|-anim|p1a: Venusaur|Solar Beam|p2a: Jolteon\n|-damage|p2a: Jolteon|15/100\n|cant|p2a: Jolteon|flinch\n|move|p2b: Garchomp|Outrage|p1a: Venusaur|[from] lockedmove\n|-damage|p1a: Venusaur|67/100\n|-start|p2b: Garchomp|confusion|[fatigue]\n|\n|-weather|none\n|-heal|p1a: Venusaur|72/100|[from] item: Leftovers\n|-damage|p2b: Garchomp|32/100 brn|[from] brn\n|upkeep\n|turn|6\n|\n|t:|1775960946\n|switch|p1b: Charizard|Charizard-Mega-Y, L50, M|100/100\n|-weather|SunnyDay|[from] ability: Drought|[of] p1b: Charizard\n|move|p1a: Venusaur|Solar Beam||[still]\n|-prepare|p1a: Venusaur|Solar Beam\n|-anim|p1a: Venusaur|Solar Beam|p2a: Jolteon\n|-damage|p2a: Jolteon|0 fnt\n|faint|p2a: Jolteon\n|-activate|p2b: Garchomp|confusion\n|-damage|p2b: Garchomp|23/100 brn|[from] confusion\n|\n|-weather|SunnyDay|[upkeep]\n|-heal|p1a: Venusaur|78/100|[from] item: Leftovers\n|-damage|p2b: Garchomp|17/100 brn|[from] brn\n|upkeep\n|turn|7\n|\n|t:|1775960961\n|move|p1a: Venusaur|Solar Beam||[still]\n|-prepare|p1a: Venusaur|Solar Beam\n|-anim|p1a: Venusaur|Solar Beam|p2b: Garchomp\n|-damage|p2b: Garchomp|0 fnt\n|faint|p2b: Garchomp\n|\n|win|naoclxoxo\n|raw|naoclxoxo's rating: 1107 &rarr; <strong>1134</strong><br />(+27 for winning)\n|raw|HydraTrainer777's rating: 1129 &rarr; <strong>1102</strong><br />(-27 for losing)\n|l|\u2606HydraTrainer777\n|player|p2|\n",
  "uploadtime": 1775961182,
  "views": 14,
  "formatid": "gen9championsvgc2026regma",
  "rating": 1102,
  "private": 0,
  "password": null
}