{
  "id": "gen9championsvgc2026regma-2587796252",
  "format": "[Gen 9 Champions] VGC 2026 Reg M-A",
  "players": [
    "MessiahHezekiah",
    "wapop10086"
  ],
  "log": "|j|\u2606MessiahHezekiah\n|j|\u2606wapop10086\n|t:|1776564876\n|gametype|doubles\n|player|p1|MessiahHezekiah|roughneck|1165\n|player|p2|wapop10086|101|1181\n|gen|9\n|tier|[Gen 9 Champions] VGC 2026 Reg M-A\n|rated|\n|rule|Species Clause: Limit one of each Pok\u00e9mon\n|rule|Item Clause: Limit 1 of each item\n|clearpoke\n|poke|p1|Blastoise, L50, M|\n|poke|p1|Farigiraf, L50, F|\n|poke|p1|Typhlosion-Hisui, L50, M|\n|poke|p1|Sableye, L50, F|\n|poke|p1|Torkoal, L50, F|\n|poke|p1|Sinistcha, L50|\n|poke|p2|Torkoal, L50, M|\n|poke|p2|Audino, L50, F|\n|poke|p2|Basculegion, L50, M|\n|poke|p2|Maushold-Four, L50|\n|poke|p2|Ditto, L50|\n|poke|p2|Gyarados, L50, F|\n|teampreview|4\nMessiahHezekiah rejected open team sheets.\n|inactive|Battle timer is ON: inactive players will automatically lose when time's up. (requested by wapop10086)\n|inactive|MessiahHezekiah has 60 seconds left.\n|\n|t:|1776564930\n|teamsize|p1|4\n|teamsize|p2|4\n|start\n|switch|p1a: Typhlosion|Typhlosion-Hisui, L50, M|100/100\n|switch|p1b: Sableye|Sableye, L50, F|100/100\n|switch|p2a: Audino|Audino, L50, F|100/100\n|switch|p2b: Gyarados|Gyarados, L50, F|100/100\n|-item|p2a: Audino|Audinite|[from] ability: Frisk|[of] p1a: Typhlosion\n|-item|p2b: Gyarados|Bright Powder|[from] ability: Frisk|[of] p1a: Typhlosion\n|turn|1\n|inactive|wapop10086 has 30 seconds left.\n|\n|t:|1776564955\n|detailschange|p2a: Audino|Audino-Mega, L50, F\n|-mega|p2a: Audino|Audino|Audinite\n|move|p1b: Sableye|Fake Out|p2b: Gyarados|[miss]\n|-miss|p1b: Sableye|p2b: Gyarados\n|move|p1a: Typhlosion|Eruption|p2b: Gyarados|[spread] p2a,p2b\n|-resisted|p2b: Gyarados|1\n|-damage|p2a: Audino|68/100\n|-damage|p2b: Gyarados|75/100\n|move|p2b: Gyarados|Dragon Dance|p2b: Gyarados\n|-boost|p2b: Gyarados|atk|1\n|-boost|p2b: Gyarados|spe|1\n|move|p2a: Audino|Wish|p2a: Audino\n|\n|upkeep\n|turn|2\n|\n|t:|1776564972\n|move|p2a: Audino|Ally Switch|p2a: Audino\n|swap|p2a: Audino|1|[from] move: Ally Switch\n|move|p1b: Sableye|Sunny Day|p1b: Sableye\n|-weather|SunnyDay\n|move|p1a: Typhlosion|Eruption|p2b: Audino|[spread] p2a,p2b\n|-resisted|p2a: Gyarados|1\n|-damage|p2a: Gyarados|37/100\n|-damage|p2b: Audino|18/100\n|move|p2a: Gyarados|Waterfall|p1a: Typhlosion\n|-supereffective|p1a: Typhlosion|1\n|-damage|p1a: Typhlosion|27/100\n|\n|-weather|SunnyDay|[upkeep]\n|-heal|p2a: Gyarados|89/100|[from] move: Wish|[wisher] Audino\n|upkeep\n|turn|3\n|inactive|wapop10086 has 30 seconds left.\n|inactive|wapop10086 has 20 seconds left.\n|\n|t:|1776565008\n|switch|p2b: Basculegion|Basculegion, L50, M|100/100\n|move|p1b: Sableye|Feint|p2a: Gyarados\n|-damage|p2a: Gyarados|81/100\n|move|p1a: Typhlosion|Eruption|p2a: Gyarados|[spread] p2a,p2b\n|-resisted|p2a: Gyarados|1\n|-resisted|p2b: Basculegion|1\n|-damage|p2a: Gyarados|71/100\n|-damage|p2b: Basculegion|89/100\n|move|p2a: Gyarados|Dragon Dance|p2a: Gyarados\n|-boost|p2a: Gyarados|atk|1\n|-boost|p2a: Gyarados|spe|1\n|\n|-weather|SunnyDay|[upkeep]\n|upkeep\n|turn|4\n|\n|t:|1776565030\n|switch|p1a: Farigiraf|Farigiraf, L50, F|100/100\n|switch|p2b: Ditto|Ditto, L50|100/100\n|-transform|p2b: Ditto|p1a: Farigiraf|[from] ability: Imposter\n|switch|p1b: Blastoise|Blastoise, L50, M|100/100\n|move|p2a: Gyarados|Waterfall|p1a: Farigiraf\n|-damage|p1a: Farigiraf|71/100\n|\n|-weather|SunnyDay|[upkeep]\n|upkeep\n|turn|5\n|inactive|wapop10086 has 30 seconds left.\n|\n|t:|1776565061\n|move|p2a: Gyarados|Dragon Dance|p2a: Gyarados\n|-boost|p2a: Gyarados|atk|1\n|-boost|p2a: Gyarados|spe|1\n|move|p1b: Blastoise|Ice Beam|p2a: Gyarados\n|-damage|p2a: Gyarados|48/100\n|move|p1a: Farigiraf|Psychic|p2a: Gyarados\n|-damage|p2a: Gyarados|15/100\n|move|p2b: Ditto|Trick Room|p2b: Ditto\n|-fieldstart|move: Trick Room|[of] p2b: Ditto\n|\n|-weather|SunnyDay|[upkeep]\n|upkeep\n|turn|6\n|\n|t:|1776565083\n|detailschange|p1b: Blastoise|Blastoise-Mega, L50, M\n|-mega|p1b: Blastoise|Blastoise|Blastoisinite\n|move|p1a: Farigiraf|Rain Dance|p1a: Farigiraf\n|-weather|RainDance\n|move|p2b: Ditto|Rain Dance||[still]\n|-fail|p2b: Ditto\n|move|p1b: Blastoise|Water Spout|p2b: Ditto|[spread] p2a,p2b\n|-resisted|p2a: Gyarados|1\n|-damage|p2a: Gyarados|0 fnt\n|-damage|p2b: Ditto|0 fnt\n|faint|p2a: Gyarados\n|faint|p2b: Ditto\n|\n|-weather|RainDance|[upkeep]\n|upkeep\n|-message|wapop10086 forfeited.\n|\n|win|MessiahHezekiah\n|raw|MessiahHezekiah's rating: 1165 &rarr; <strong>1191</strong><br />(+26 for winning)\n|raw|wapop10086's rating: 1181 &rarr; <strong>1155</strong><br />(-26 for losing)\n|l|\u2606wapop10086\n|player|p2|\n",
  "uploadtime": 1776565099,
  "views": 9,
  "formatid": "gen9championsvgc2026regma",
  "rating": 1155,
  "private": 0,
  "password": null
}