{
  "id": "gen9championsvgc2026regma-2584063882",
  "format": "[Gen 9 Champions] VGC 2026 Reg M-A",
  "players": [
    "pokemonyoyoplayer",
    "ruddyreboot"
  ],
  "log": "|j|\u2606pokemonyoyoplayer\n|j|\u2606ruddyreboot\n|t:|1776221501\n|gametype|doubles\n|player|p1|pokemonyoyoplayer|265|1357\n|player|p2|ruddyreboot|2|1373\n|gen|9\n|tier|[Gen 9 Champions] VGC 2026 Reg M-A\n|rated|\n|rule|Species Clause: Limit one of each Pok\u00e9mon\n|rule|Item Clause: Limit 1 of each item\n|clearpoke\n|poke|p1|Sneasler, L50, M|\n|poke|p1|Kingambit, L50, F|\n|poke|p1|Aerodactyl, L50, M|\n|poke|p1|Gardevoir, L50, M|\n|poke|p1|Incineroar, L50, F|\n|poke|p1|Sinistcha, L50|\n|poke|p2|Kangaskhan, L50, F|\n|poke|p2|Torkoal, L50, M|\n|poke|p2|Farigiraf, L50, M|\n|poke|p2|Hatterene, L50, F|\n|poke|p2|Kingambit, L50, M|\n|poke|p2|Scovillain, L50, M|\n|teampreview|4\n|inactive|Battle timer is ON: inactive players will automatically lose when time's up. (requested by ruddyreboot)\n|inactive|pokemonyoyoplayer has 60 seconds left.\n|\n|t:|1776221541\n|teamsize|p1|4\n|teamsize|p2|4\n|start\n|switch|p1a: Sneasler|Sneasler, L50, M|100/100\n|switch|p1b: Gardevoir|Gardevoir, L50, M|100/100\n|switch|p2a: Farigiraf|Farigiraf, L50, M|100/100\n|switch|p2b: Scovillain|Scovillain, L50, M|100/100\n|-ability|p1b: Gardevoir|Armor Tail|Trace|[from] ability: Trace|[of] p2a: Farigiraf\n|turn|1\n|inactive|pokemonyoyoplayer has 30 seconds left.\n|\n|t:|1776221566\n|detailschange|p1b: Gardevoir|Gardevoir-Mega, L50, M\n|-mega|p1b: Gardevoir|Gardevoir|Gardevoirite\n|detailschange|p2b: Scovillain|Scovillain-Mega, L50, M\n|-mega|p2b: Scovillain|Scovillain|Scovillainite\n|move|p2b: Scovillain|Rage Powder|p2b: Scovillain\n|-singleturn|p2b: Scovillain|move: Rage Powder\n|move|p1a: Sneasler|Dire Claw|p2b: Scovillain\n|-supereffective|p2b: Scovillain|1\n|-damage|p2b: Scovillain|23/100\n|-status|p1a: Sneasler|brn|[from] ability: Spicy Spray|[of] p2b: Scovillain\n|move|p1b: Gardevoir|Trick Room|p1b: Gardevoir\n|-fieldstart|move: Trick Room|[of] p1b: Gardevoir\n|move|p2a: Farigiraf|Trick Room|p2a: Farigiraf\n|-fieldend|move: Trick Room\n|\n|-damage|p1a: Sneasler|95/100 brn|[from] brn\n|upkeep\n|turn|2\n|\n|t:|1776221590\n|switch|p2b: Kingambit|Kingambit, L50, M|100/100\n|move|p2a: Farigiraf|Protect|p2a: Farigiraf\n|-singleturn|p2a: Farigiraf|Protect\n|move|p1a: Sneasler|Dire Claw|p2a: Farigiraf\n|-activate|p2a: Farigiraf|move: Protect\n|move|p1b: Gardevoir|Hyper Voice|p2b: Kingambit|[spread] p2b\n|-activate|p2a: Farigiraf|move: Protect\n|-damage|p2b: Kingambit|46/100\n|\n|-damage|p1a: Sneasler|89/100 brn|[from] brn\n|upkeep\n|turn|3\n|inactive|pokemonyoyoplayer has 30 seconds left.\n|\n|t:|1776221620\n|move|p2b: Kingambit|Protect|p2b: Kingambit\n|-singleturn|p2b: Kingambit|Protect\n|move|p1a: Sneasler|Close Combat|p2a: Farigiraf\n|-damage|p2a: Farigiraf|67/100\n|-unboost|p1a: Sneasler|def|1\n|-unboost|p1a: Sneasler|spd|1\n|-enditem|p1a: Sneasler|White Herb\n|-clearnegativeboost|p1a: Sneasler|[silent]\n|move|p1b: Gardevoir|Hyper Voice|p2b: Kingambit|[spread] p2a\n|-activate|p2b: Kingambit|move: Protect\n|-damage|p2a: Farigiraf|11/100\n|-enditem|p2a: Farigiraf|Sitrus Berry|[eat]\n|-heal|p2a: Farigiraf|36/100|[from] item: Sitrus Berry\n|move|p2a: Farigiraf|Trick Room|p2a: Farigiraf\n|-fieldstart|move: Trick Room|[of] p2a: Farigiraf\n|\n|-damage|p1a: Sneasler|83/100 brn|[from] brn\n|upkeep\n|turn|4\n|inactive|pokemonyoyoplayer has 30 seconds left.\n|inactive|pokemonyoyoplayer has 20 seconds left.\n|inactive|pokemonyoyoplayer has 15 seconds left.\n|inactive|pokemonyoyoplayer has 10 seconds left.\n|inactive|pokemonyoyoplayer has 5 seconds left.\n|\n|t:|1776221670\n|switch|p1b: Incineroar|Incineroar, L50, F|100/100\n|-ability|p1b: Incineroar|Intimidate|boost\n|-unboost|p2a: Farigiraf|atk|1\n|-unboost|p2b: Kingambit|atk|1\n|-ability|p2b: Kingambit|Defiant|boost\n|-boost|p2b: Kingambit|atk|2\n|switch|p1a: Kingambit|Kingambit, L50, F|100/100\n|move|p2b: Kingambit|Iron Head|p1b: Incineroar\n|-resisted|p1b: Incineroar|1\n|-damage|p1b: Incineroar|69/100\n|move|p2a: Farigiraf|Hyper Voice|p1a: Kingambit|[spread] p1a,p1b\n|-resisted|p1a: Kingambit|1\n|-damage|p1a: Kingambit|84/100\n|-damage|p1b: Incineroar|36/100\n|\n|upkeep\n|turn|5\n|inactive|pokemonyoyoplayer has 30 seconds left.\n|\n|t:|1776221696\n|move|p2a: Farigiraf|Hyper Voice|p1b: Incineroar|[spread] p1a,p1b\n|-resisted|p1a: Kingambit|1\n|-damage|p1a: Kingambit|67/100\n|-damage|p1b: Incineroar|3/100\n|move|p1a: Kingambit|Kowtow Cleave|p2a: Farigiraf\n|-supereffective|p2a: Farigiraf|1\n|-damage|p2a: Farigiraf|0 fnt\n|faint|p2a: Farigiraf\n|move|p2b: Kingambit|Kowtow Cleave|p1a: Kingambit\n|-resisted|p1a: Kingambit|1\n|-damage|p1a: Kingambit|39/100\n|move|p1b: Incineroar|Flare Blitz|p2b: Kingambit\n|-supereffective|p2b: Kingambit|1\n|-damage|p2b: Kingambit|0 fnt\n|faint|p2b: Kingambit\n|-damage|p1b: Incineroar|0 fnt|[from] Recoil\n|faint|p1b: Incineroar\n|\n|upkeep\n|\n|t:|1776221717\n|switch|p2a: Scovillain|Scovillain-Mega, L50, M|23/100\n|switch|p2b: Torkoal|Torkoal, L50, M|100/100\n|switch|p1b: Gardevoir|Gardevoir-Mega, L50, M|100/100\n|-weather|SunnyDay|[from] ability: Drought|[of] p2b: Torkoal\n|turn|6\n|\n|t:|1776221735\n|move|p2a: Scovillain|Helping Hand|p2b: Torkoal\n|-singleturn|p2b: Torkoal|Helping Hand|[of] p2a: Scovillain\n|move|p1a: Kingambit|Protect|p1a: Kingambit\n|-singleturn|p1a: Kingambit|Protect\n|move|p1b: Gardevoir|Protect|p1b: Gardevoir\n|-singleturn|p1b: Gardevoir|Protect\n|move|p2b: Torkoal|Eruption|p1b: Gardevoir|[spread] \n|-activate|p1a: Kingambit|move: Protect\n|-activate|p1b: Gardevoir|move: Protect\n|\n|-weather|SunnyDay|[upkeep]\n|upkeep\n|turn|7\n|inactive|pokemonyoyoplayer has 30 seconds left.\n|\n|t:|1776221761\n|move|p1a: Kingambit|Sucker Punch|p2b: Torkoal\n|-damage|p2b: Torkoal|61/100\n|move|p2b: Torkoal|Eruption|p1a: Kingambit|[spread] p1a,p1b\n|-supereffective|p1a: Kingambit|1\n|-damage|p1a: Kingambit|0 fnt\n|-damage|p1b: Gardevoir|55/100\n|faint|p1a: Kingambit\n|move|p2a: Scovillain|Flare Blitz|p1b: Gardevoir\n|-damage|p1b: Gardevoir|0 fnt\n|faint|p1b: Gardevoir\n|-damage|p2a: Scovillain|6/100|[from] Recoil\n|\n|-weather|SunnyDay|[upkeep]\n|-fieldend|move: Trick Room\n|upkeep\n|\n|t:|1776221777\n|switch|p1b: Sneasler|Sneasler, L50, M|83/100 brn\n|turn|8\n|\n|t:|1776221785\n|move|p2a: Scovillain|Endure|p2a: Scovillain\n|-singleturn|p2a: Scovillain|move: Endure\n|move|p1b: Sneasler|Fake Out|p2a: Scovillain\n|-activate|p2a: Scovillain|move: Endure\n|-damage|p2a: Scovillain|1/100\n|move|p2b: Torkoal|Weather Ball|p1b: Sneasler\n|-damage|p1b: Sneasler|0 fnt\n|faint|p1b: Sneasler\n|\n|win|ruddyreboot\n|raw|pokemonyoyoplayer's rating: 1357 &rarr; <strong>1338</strong><br />(-19 for losing)\n|raw|ruddyreboot's rating: 1373 &rarr; <strong>1392</strong><br />(+19 for winning)\n|l|\u2606ruddyreboot\n|player|p2|\n",
  "uploadtime": 1776221796,
  "views": 28,
  "formatid": "gen9championsvgc2026regma",
  "rating": 1338,
  "private": 0,
  "password": null
}