{
  "id": "gen9championsvgc2026regma-2581799544",
  "format": "[Gen 9 Champions] VGC 2026 Reg M-A",
  "players": [
    "casualmode",
    "Itz_NotMick"
  ],
  "log": "|j|\u2606casualmode\n|j|\u2606Itz_NotMick\n|t:|1776029368\n|gametype|doubles\n|player|p1|casualmode|colress|1000\n|player|p2|Itz_NotMick|silver-masters|1000\n|gen|9\n|tier|[Gen 9 Champions] VGC 2026 Reg M-A\n|rated|\n|rule|Species Clause: Limit one of each Pok\u00e9mon\n|rule|Item Clause: Limit 1 of each item\n|clearpoke\n|poke|p1|Hawlucha, L50, M|\n|poke|p1|Krookodile, L50, M|\n|poke|p1|Glalie, L50, F|\n|poke|p1|Whimsicott, L50, F|\n|poke|p1|Maushold, L50|\n|poke|p1|Ninetales-Alola, L50, M|\n|poke|p2|Gengar, L50, M|\n|poke|p2|Incineroar, L50, M|\n|poke|p2|Sneasler, L50, F|\n|poke|p2|Clefable, L50, F|\n|poke|p2|Whimsicott, L50, F|\n|poke|p2|Slowbro, L50, F|\n|teampreview|4\n|inactive|Battle timer is ON: inactive players will automatically lose when time's up. (requested by Itz_NotMick)\n|\n|t:|1776029433\n|teamsize|p1|4\n|teamsize|p2|4\n|start\n|switch|p1a: Whimsicott|Whimsicott, L50, F|100/100\n|switch|p1b: Hawlucha|Hawlucha, L50, M|100/100\n|switch|p2a: Sneasler|Sneasler, L50, F|100/100\n|switch|p2b: Whimsicott|Whimsicott, L50, F|100/100\n|turn|1\n|inactive|casualmode has 30 seconds left.\n|inactive|Itz_NotMick has 30 seconds left.\n|inactive|Itz_NotMick has 20 seconds left.\n|inactive|Itz_NotMick has 15 seconds left.\n|inactive|Itz_NotMick has 10 seconds left.\n|\n|t:|1776029479\n|detailschange|p1b: Hawlucha|Hawlucha-Mega, L50, M\n|-mega|p1b: Hawlucha|Hawlucha|Hawluchanite\n|move|p2a: Sneasler|Fake Out|p1b: Hawlucha\n|-damage|p1b: Hawlucha|85/100\n|cant|p1b: Hawlucha|flinch\n|move|p1a: Whimsicott|Encore||[still]\n|-fail|p1a: Whimsicott\n|move|p2b: Whimsicott|Moonblast|p1b: Hawlucha\n|-supereffective|p1b: Hawlucha|1\n|-damage|p1b: Hawlucha|36/100\n|\n|upkeep\n|turn|2\n|\n|t:|1776029498\n|move|p1b: Hawlucha|Protect|p1b: Hawlucha\n|-singleturn|p1b: Hawlucha|Protect\n|move|p2b: Whimsicott|Tailwind|p2b: Whimsicott\n|-sidestart|p2: Itz_NotMick|move: Tailwind\n|move|p1a: Whimsicott|Encore|p2a: Sneasler\n|-start|p2a: Sneasler|Encore\n|move|p2a: Sneasler|Fake Out||[still]\n|-hint|Fake Out only works on your first turn out.\n|-fail|p2a: Sneasler\n|\n|upkeep\n|turn|3\n|inactive|casualmode has 30 seconds left.\n|\n|t:|1776029532\n|switch|p2a: Gengar|Gengar, L50, M|100/100\n|switch|p1a: Maushold|Maushold, L50|100/100\n|move|p2b: Whimsicott|Encore||[still]\n|-fail|p2b: Whimsicott\n|move|p1b: Hawlucha|Entrainment|p1a: Maushold\n|-ability|p1a: Maushold|No Guard|Friend Guard|[from] move: Entrainment|[of] p1b: Hawlucha\n|\n|upkeep\n|turn|4\n|inactive|casualmode has 30 seconds left.\n|\n|t:|1776029560\n|switch|p1b: Krookodile|Krookodile, L50, M|100/100\n|-ability|p1b: Krookodile|Intimidate|boost\n|-unboost|p2a: Gengar|atk|1\n|-unboost|p2b: Whimsicott|atk|1\n|detailschange|p2a: Gengar|Gengar-Mega, L50, M\n|-mega|p2a: Gengar|Gengar|Gengarite\n|move|p2b: Whimsicott|Moonblast|p1b: Krookodile\n|-supereffective|p1b: Krookodile|1\n|-damage|p1b: Krookodile|53/100\n|move|p2a: Gengar|Perish Song|p2a: Gengar\n|-start|p1a: Maushold|perish3|[silent]\n|-start|p1b: Krookodile|perish3|[silent]\n|-start|p2a: Gengar|perish3|[silent]\n|-start|p2b: Whimsicott|perish3|[silent]\n|-fieldactivate|move: Perish Song\n|move|p1a: Maushold|Population Bomb|p2b: Whimsicott\n|-damage|p2b: Whimsicott|89/100\n|-damage|p2b: Whimsicott|78/100\n|-damage|p2b: Whimsicott|67/100\n|-damage|p2b: Whimsicott|57/100\n|-damage|p2b: Whimsicott|46/100\n|-damage|p2b: Whimsicott|35/100\n|-damage|p2b: Whimsicott|24/100\n|-damage|p2b: Whimsicott|13/100\n|-damage|p2b: Whimsicott|3/100\n|-damage|p2b: Whimsicott|0 fnt\n|faint|p2b: Whimsicott\n|-hitcount|p2: Whimsicott|10\n|\n|-start|p2a: Gengar|perish3\n|-start|p1b: Krookodile|perish3\n|-start|p1a: Maushold|perish3\n|upkeep\n|\n|t:|1776029577\n|switch|p2b: Sneasler|Sneasler, L50, F|100/100\n|turn|5\n|inactive|casualmode has 30 seconds left.\n|\n|t:|1776029603\n|move|p2a: Gengar|Protect|p2a: Gengar\n|-singleturn|p2a: Gengar|Protect\n|move|p1a: Maushold|Protect|p1a: Maushold\n|-singleturn|p1a: Maushold|Protect\n|move|p2b: Sneasler|Fake Out|p1a: Maushold\n|-activate|p1a: Maushold|move: Protect\n|move|p1b: Krookodile|Knock Off|p2a: Gengar\n|-activate|p2a: Gengar|move: Protect\n|\n|-start|p2a: Gengar|perish2\n|-start|p1b: Krookodile|perish2\n|-start|p1a: Maushold|perish2\n|-sideend|p2: Itz_NotMick|move: Tailwind\n|upkeep\n|turn|6\n|\n|t:|1776029622\n|switch|p2a: Slowbro|Slowbro, L50, F|100/100\n|move|p2b: Sneasler|U-turn|p1b: Krookodile\n|-supereffective|p1b: Krookodile|1\n|-damage|p1b: Krookodile|0 fnt\n|faint|p1b: Krookodile\n|\n|t:|1776029624\n|switch|p2b: Gengar|Gengar-Mega, L50, M|100/100|[from] U-turn\n|move|p1a: Maushold|Population Bomb|p2b: Gengar\n|-immune|p2b: Gengar\n|\n|-start|p1a: Maushold|perish1\n|upkeep\n|\n|t:|1776029641\n|switch|p1b: Whimsicott|Whimsicott, L50, F|100/100\n|turn|7\n|-activate|p2a: Slowbro|item: Quick Claw\n|\n|t:|1776029655\n|move|p2a: Slowbro|Protect|p2a: Slowbro\n|-singleturn|p2a: Slowbro|Protect\n|move|p2b: Gengar|Protect|p2b: Gengar\n|-singleturn|p2b: Gengar|Protect\n|move|p1b: Whimsicott|Tailwind|p1b: Whimsicott\n|-sidestart|p1: casualmode|move: Tailwind\n|move|p1a: Maushold|U-turn|p2a: Slowbro\n|-activate|p2a: Slowbro|move: Protect\n|\n|-start|p1a: Maushold|perish0\n|faint|p1a: Maushold\n|upkeep\n|\n|t:|1776029665\n|switch|p1a: Hawlucha|Hawlucha-Mega, L50, M|36/100\n|turn|8\n|-message|casualmode forfeited.\n|\n|win|Itz_NotMick\n|raw|casualmode's rating: 1000 &rarr; <strong>1000</strong><br />(+0 for losing)\n|raw|Itz_NotMick's rating: 1000 &rarr; <strong>1040</strong><br />(+40 for winning)\n",
  "uploadtime": 1776029671,
  "views": 13,
  "formatid": "gen9championsvgc2026regma",
  "rating": 1000,
  "private": 0,
  "password": null
}