{
  "id": "gen9championsvgc2026regma-2583177735",
  "format": "[Gen 9 Champions] VGC 2026 Reg M-A",
  "players": [
    "Adirne",
    "lizardon0516"
  ],
  "log": "|j|\u2606Adirne\n|j|\u2606lizardon0516\n|t:|1776151414\n|gametype|doubles\n|player|p1|Adirne|flannery|1103\n|player|p2|lizardon0516|265|1136\n|gen|9\n|tier|[Gen 9 Champions] VGC 2026 Reg M-A\n|rated|\n|rule|Species Clause: Limit one of each Pok\u00e9mon\n|rule|Item Clause: Limit 1 of each item\n|clearpoke\n|poke|p1|Meganium, L50, F|\n|poke|p1|Raichu, L50, M|\n|poke|p1|Farigiraf, L50, F|\n|poke|p1|Politoed, L50, F|\n|poke|p1|Incineroar, L50, M|\n|poke|p1|Archaludon, L50, M|\n|poke|p2|Charizard, L50, M|\n|poke|p2|Milotic, L50, F|\n|poke|p2|Sinistcha, L50|\n|poke|p2|Incineroar, L50, M|\n|poke|p2|Sneasler, L50, M|\n|poke|p2|Aerodactyl, L50, M|\n|teampreview|4\n|inactive|Battle timer is ON: inactive players will automatically lose when time's up. (requested by Adirne)\n|inactive|Adirne has 60 seconds left.\n|inactive|lizardon0516 has 60 seconds left.\n|\n|t:|1776151455\n|teamsize|p1|4\n|teamsize|p2|4\n|start\n|switch|p1a: Farigiraf|Farigiraf, L50, F, shiny|100/100\n|switch|p1b: Raichu|Raichu, L50, M, shiny|100/100\n|switch|p2a: Charizard|Charizard, L50, M, shiny|100/100\n|switch|p2b: Sneasler|Sneasler, L50, M|100/100\n|turn|1\n|\n|t:|1776151472\n|detailschange|p2a: Charizard|Charizard-Mega-X, L50, M, shiny\n|-mega|p2a: Charizard|Charizard|Charizardite X\n|move|p1b: Raichu|Fake Out|p2a: Charizard\n|-damage|p2a: Charizard|92/100\n|move|p2b: Sneasler|Coaching|p2a: Charizard\n|-boost|p2a: Charizard|atk|1\n|-boost|p2a: Charizard|def|1\n|cant|p2a: Charizard|flinch\n|move|p1a: Farigiraf|Psychic|p2b: Sneasler\n|-supereffective|p2b: Sneasler|2\n|-damage|p2b: Sneasler|0 fnt\n|faint|p2b: Sneasler\n|\n|upkeep\n|\n|t:|1776151481\n|switch|p2b: Milotic|Milotic, L50, F, shiny|100/100\n|turn|2\n|\n|t:|1776151497\n|move|p1b: Raichu|Thunderbolt|p2b: Milotic\n|-supereffective|p2b: Milotic|1\n|-damage|p2b: Milotic|54/100\n|move|p2a: Charizard|Dragon Claw|p1a: Farigiraf\n|-damage|p1a: Farigiraf|13/100\n|-enditem|p1a: Farigiraf|Sitrus Berry|[eat]\n|-heal|p1a: Farigiraf|38/100|[from] item: Sitrus Berry\n|move|p2b: Milotic|Scald|p1b: Raichu\n|-damage|p1b: Raichu|51/100\n|move|p1a: Farigiraf|Trick Room|p1a: Farigiraf\n|-fieldstart|move: Trick Room|[of] p1a: Farigiraf\n|\n|-heal|p2b: Milotic|60/100|[from] item: Leftovers\n|upkeep\n|turn|3\n|\n|t:|1776151520\n|move|p1a: Farigiraf|Hyper Voice|p2b: Milotic|[spread] p2a,p2b\n|-damage|p2a: Charizard|45/100\n|-damage|p2b: Milotic|40/100\n|move|p2b: Milotic|Scald|p1b: Raichu\n|-damage|p1b: Raichu|0 fnt\n|faint|p1b: Raichu\n|move|p2a: Charizard|Dragon Claw|p1a: Farigiraf\n|-damage|p1a: Farigiraf|0 fnt\n|faint|p1a: Farigiraf\n|\n|-heal|p2b: Milotic|46/100|[from] item: Leftovers\n|upkeep\n|\n|t:|1776151532\n|switch|p1a: Politoed|Politoed, L50, F, shiny|100/100\n|switch|p1b: Meganium|Meganium, L50, F, shiny|100/100\n|-weather|RainDance|[from] ability: Drizzle|[of] p1a: Politoed\n|turn|4\n|\n|t:|1776151554\n|detailschange|p1b: Meganium|Meganium-Mega, L50, F, shiny\n|-mega|p1b: Meganium|Meganium|Meganiumite\n|move|p1a: Politoed|Helping Hand|p1b: Meganium\n|-singleturn|p1b: Meganium|Helping Hand|[of] p1a: Politoed\n|move|p2a: Charizard|Protect|p2a: Charizard\n|-singleturn|p2a: Charizard|Protect\n|move|p1b: Meganium|Dazzling Gleam|p2a: Charizard|[spread] p2b\n|-activate|p2a: Charizard|move: Protect\n|-damage|p2b: Milotic|13/100\n|move|p2b: Milotic|Scald|p1b: Meganium\n|-resisted|p1b: Meganium|1\n|-damage|p1b: Meganium|80/100\n|-status|p1b: Meganium|brn\n|\n|-weather|RainDance|[upkeep]\n|-heal|p2b: Milotic|19/100|[from] item: Leftovers\n|-damage|p1b: Meganium|74/100 brn|[from] brn\n|upkeep\n|turn|5\n|inactive|lizardon0516 has 30 seconds left.\n|\n|t:|1776151585\n|move|p2b: Milotic|Protect|p2b: Milotic\n|-singleturn|p2b: Milotic|Protect\n|move|p1a: Politoed|Weather Ball|p2a: Charizard\n|-damage|p2a: Charizard|0 fnt\n|faint|p2a: Charizard\n|move|p1b: Meganium|Dazzling Gleam|p2b: Milotic\n|-activate|p2b: Milotic|move: Protect\n|\n|-weather|RainDance|[upkeep]\n|-heal|p2b: Milotic|25/100|[from] item: Leftovers\n|-damage|p1b: Meganium|68/100 brn|[from] brn\n|upkeep\n|\n|t:|1776151591\n|switch|p2a: Incineroar|Incineroar, L50, M, shiny|100/100\n|-ability|p2a: Incineroar|Intimidate|boost\n|-unboost|p1a: Politoed|atk|1\n|-unboost|p1b: Meganium|atk|1\n|turn|6\n|\n|t:|1776151608\n|move|p1b: Meganium|Protect|p1b: Meganium\n|-singleturn|p1b: Meganium|Protect\n|move|p2a: Incineroar|Fake Out|p1b: Meganium\n|-activate|p1b: Meganium|move: Protect\n|move|p1a: Politoed|Muddy Water|p2b: Milotic|[spread] p2b\n|-miss|p1a: Politoed|p2a: Incineroar\n|-resisted|p2b: Milotic|1\n|-damage|p2b: Milotic|15/100\n|move|p2b: Milotic|Icy Wind|p1a: Politoed|[spread] p1a\n|-activate|p1b: Meganium|move: Protect\n|-resisted|p1a: Politoed|1\n|-damage|p1a: Politoed|95/100\n|-unboost|p1a: Politoed|spe|1\n|\n|-weather|RainDance|[upkeep]\n|-heal|p2b: Milotic|21/100|[from] item: Leftovers\n|-damage|p1b: Meganium|62/100 brn|[from] brn\n|-fieldend|move: Trick Room\n|upkeep\n|turn|7\n|inactive|Adirne has 30 seconds left.\n|\n|t:|1776151634\n|move|p2b: Milotic|Protect|p2b: Milotic\n|-singleturn|p2b: Milotic|Protect\n|move|p1b: Meganium|Dazzling Gleam|p2a: Incineroar|[spread] p2a\n|-activate|p2b: Milotic|move: Protect\n|-damage|p2a: Incineroar|67/100\n|move|p2a: Incineroar|Flare Blitz|p1b: Meganium\n|-supereffective|p1b: Meganium|1\n|-damage|p1b: Meganium|26/100 brn\n|-damage|p2a: Incineroar|56/100|[from] Recoil\n|move|p1a: Politoed|Muddy Water|p2b: Milotic|[spread] p2a\n|-activate|p2b: Milotic|move: Protect\n|-supereffective|p2a: Incineroar|1\n|-crit|p2a: Incineroar\n|-damage|p2a: Incineroar|0 fnt\n|faint|p2a: Incineroar\n|\n|-weather|RainDance|[upkeep]\n|-heal|p2b: Milotic|27/100|[from] item: Leftovers\n|-damage|p1b: Meganium|20/100 brn|[from] brn\n|upkeep\n|turn|8\n|\n|t:|1776151656\n|move|p2b: Milotic|Icy Wind|p1b: Meganium|[spread] p1a,p1b\n|-resisted|p1a: Politoed|1\n|-supereffective|p1b: Meganium|1\n|-crit|p1b: Meganium\n|-damage|p1a: Politoed|91/100\n|-damage|p1b: Meganium|0 fnt\n|-unboost|p1a: Politoed|spe|1\n|faint|p1b: Meganium\n|move|p1a: Politoed|Weather Ball|p2b: Milotic\n|-resisted|p2b: Milotic|1\n|-damage|p2b: Milotic|13/100\n|\n|-weather|none\n|-heal|p2b: Milotic|19/100|[from] item: Leftovers\n|upkeep\n|turn|9\n|inactive|Adirne has 30 seconds left.\n|inactive|Adirne has 20 seconds left.\n|\n|t:|1776151694\n|move|p2b: Milotic|Scald|p1a: Politoed\n|-resisted|p1a: Politoed|1\n|-damage|p1a: Politoed|77/100\n|move|p1a: Politoed|Weather Ball|p2b: Milotic\n|-damage|p2b: Milotic|12/100\n|\n|-heal|p2b: Milotic|18/100|[from] item: Leftovers\n|upkeep\n|turn|10\n|\n|t:|1776151706\n|move|p2b: Milotic|Scald|p1a: Politoed\n|-resisted|p1a: Politoed|1\n|-damage|p1a: Politoed|61/100\n|move|p1a: Politoed|Muddy Water|p2b: Milotic\n|-resisted|p2b: Milotic|1\n|-damage|p2b: Milotic|10/100\n|\n|-heal|p2b: Milotic|16/100|[from] item: Leftovers\n|upkeep\n|turn|11\n|\n|t:|1776151719\n|move|p2b: Milotic|Protect|p2b: Milotic\n|-singleturn|p2b: Milotic|Protect\n|move|p1a: Politoed|Muddy Water|p2b: Milotic\n|-activate|p2b: Milotic|move: Protect\n|\n|-heal|p2b: Milotic|22/100|[from] item: Leftovers\n|upkeep\n|turn|12\n|\n|t:|1776151728\n|move|p2b: Milotic|Scald|p1a: Politoed\n|-resisted|p1a: Politoed|1\n|-damage|p1a: Politoed|48/100\n|move|p1a: Politoed|Muddy Water|p2b: Milotic|[miss]\n|-miss|p1a: Politoed|p2b: Milotic\n|\n|-heal|p2b: Milotic|28/100|[from] item: Leftovers\n|upkeep\n|turn|13\n|\n|t:|1776151740\n|move|p2b: Milotic|Scald|p1a: Politoed\n|-resisted|p1a: Politoed|1\n|-damage|p1a: Politoed|36/100\n|-status|p1a: Politoed|brn\n|move|p1a: Politoed|Muddy Water|p2b: Milotic\n|-resisted|p2b: Milotic|1\n|-damage|p2b: Milotic|20/100\n|\n|-heal|p2b: Milotic|26/100|[from] item: Leftovers\n|-damage|p1a: Politoed|29/100 brn|[from] brn\n|upkeep\n|turn|14\n|-message|Adirne forfeited.\n|\n|win|lizardon0516\n|raw|Adirne's rating: 1103 &rarr; <strong>1080</strong><br />(-23 for losing)\n|raw|lizardon0516's rating: 1136 &rarr; <strong>1159</strong><br />(+23 for winning)\n|l|\u2606Adirne\n|player|p1|\n",
  "uploadtime": 1776151763,
  "views": 19,
  "formatid": "gen9championsvgc2026regma",
  "rating": 1080,
  "private": 0,
  "password": null
}