{
  "id": "gen9championsvgc2026regma-2583991730",
  "format": "[Gen 9 Champions] VGC 2026 Reg M-A",
  "players": [
    "Kirnil",
    "ivoryP"
  ],
  "log": "|j|\u2606Kirnil\n|j|\u2606ivoryP\n|html|<table width=\"100%\"><tr><td align=\"left\">Kirnil</td><td align=\"right\">ivoryP</tr><tr><td align=\"left\"><i class=\"fa fa-circle\"></i> <i class=\"fa fa-circle-o\"></i> </td><td align=\"right\"><i class=\"fa fa-circle-o\"></i> <i class=\"fa fa-circle\"></i> </tr></table>\n|uhtml|bestof|<h2><strong>Game 3</strong> of <a href=\"/game-bestof3-gen9championsvgc2026regma-2583987032\">a best-of-3</a></h2>\n|t:|1776214814\n|gametype|doubles\n|player|p1|Kirnil|skierf|\n|player|p2|ivoryP|bugcatcher-gen4dp|\n|gen|9\n|tier|[Gen 9 Champions] VGC 2026 Reg M-A\n|rated|Tournament battle\n|rule|Species Clause: Limit one of each Pok\u00e9mon\n|rule|Item Clause: Limit 1 of each item\n|raw|<div class=\"infobox\"><details class=\"readmore\" open><summary><strong>2 custom rules:</strong></summary> Force Open Team Sheets, Best of = 3</details></div>\n|clearpoke\n|poke|p1|Pelipper, L50, M|\n|poke|p1|Heliolisk, L50, F|\n|poke|p1|Basculegion, L50, M|\n|poke|p1|Quaquaval, L50, F|\n|poke|p1|Scizor, L50, F|\n|poke|p1|Klefki, L50, M|\n|poke|p2|Gengar, L50, F|\n|poke|p2|Whimsicott, L50, F|\n|poke|p2|Volcarona, L50, M|\n|poke|p2|Pelipper, L50, M|\n|poke|p2|Tyranitar, L50, M|\n|poke|p2|Dragonite, L50, M|\n|teampreview|4\n|showteam|p1|Pelipper||BrightPowder|Drizzle|WeatherBall,Hurricane,Tailwind,Protect|||M|||50|]Heliolisk||Magnet|DrySkin|Thunderbolt,Glare,RainDance,Protect|||F|||50|]Basculegion||ChoiceScarf|Adaptability|LastRespects,WaveCrash,AquaJet,FlipTurn|||M|||50|]Quaquaval||FocusSash|Moxie|AquaStep,CloseCombat,TripleAxel,Protect|||F|||50|]Scizor||Scizorite|Technician|BulletPunch,CloseCombat,DualWingbeat,Protect|||F|||50|]Klefki||Leftovers|Prankster|FlashCannon,Reflect,LightScreen,ThunderWave|||M|||50|\n|showteam|p2|Gengar||Gengarite|CursedBody|ShadowBall,Protect,Disable,SludgeBomb|||F|||50|]Whimsicott||FocusSash|Prankster|Tailwind,Moonblast,Encore,FakeTears|||F|||50|]Volcarona||Leftovers|FlameBody|QuiverDance,HeatWave,BugBuzz,RagePowder|||M|||50|]Pelipper||ChoiceScarf|Drizzle|WeatherBall,Uturn,Hurricane,Tailwind|||M|||50|]Tyranitar||ShucaBerry|SandStream|RockSlide,KnockOff,Protect,HighHorsepower|||M|||50|]Dragonite||Dragoninite|InnerFocus|Thunder,Hurricane,DragonPulse,Protect|||M|||50|\n|inactive|Battle timer is ON: inactive players will automatically lose when time's up. (requested by Kirnil)\n|j| jenny ki\n|inactive|ivoryP has 60 seconds left.\n|\n|t:|1776214855\n|teamsize|p1|4\n|teamsize|p2|4\n|start\n|switch|p1a: Basculegion|Basculegion, L50, M|100/100\n|switch|p1b: Pelipper|Pelipper, L50, M|100/100\n|switch|p2a: Tyranitar|Tyranitar, L50, M|100/100\n|switch|p2b: Volcarona|Volcarona, L50, M|100/100\n|-weather|Sandstorm|[from] ability: Sand Stream|[of] p2a: Tyranitar\n|-weather|RainDance|[from] ability: Drizzle|[of] p1b: Pelipper\n|turn|1\n|\n|t:|1776214869\n|switch|p2b: Whimsicott|Whimsicott, L50, F|100/100\n|move|p2a: Tyranitar|Protect|p2a: Tyranitar\n|-singleturn|p2a: Tyranitar|Protect\n|move|p1a: Basculegion|Flip Turn|p2b: Whimsicott\n|-resisted|p2b: Whimsicott|1\n|-damage|p2b: Whimsicott|50/100\n|\n|t:|1776214885\n|switch|p1a: Quaquaval|Quaquaval, L50, F|100/100|[from] Flip Turn\n|move|p1b: Pelipper|Weather Ball|p2a: Tyranitar\n|-activate|p2a: Tyranitar|move: Protect\n|\n|-weather|RainDance|[upkeep]\n|upkeep\n|turn|2\n|\n|t:|1776214901\n|move|p2b: Whimsicott|Moonblast|p1a: Quaquaval\n|-supereffective|p1a: Quaquaval|1\n|-enditem|p1a: Quaquaval|Focus Sash\n|-damage|p1a: Quaquaval|1/100\n|move|p1a: Quaquaval|Aqua Step|p2b: Whimsicott\n|-resisted|p2b: Whimsicott|1\n|-damage|p2b: Whimsicott|0 fnt\n|-boost|p1a: Quaquaval|spe|1\n|faint|p2b: Whimsicott\n|-ability|p1a: Quaquaval|Moxie|boost\n|-boost|p1a: Quaquaval|atk|1\n|move|p2a: Tyranitar|Rock Slide|p1b: Pelipper|[spread] p1a,p1b\n|-resisted|p1a: Quaquaval|1\n|-supereffective|p1b: Pelipper|1\n|-damage|p1a: Quaquaval|0 fnt\n|-damage|p1b: Pelipper|36/100\n|faint|p1a: Quaquaval\n|cant|p1b: Pelipper|flinch\n|\n|-weather|RainDance|[upkeep]\n|upkeep\n|\n|t:|1776214918\n|switch|p2b: Gengar|Gengar, L50, F, shiny|100/100\n|switch|p1a: Basculegion|Basculegion, L50, M|100/100\n|turn|3\n|inactive|Kirnil has 30 seconds left.\n|\n|t:|1776214951\n|detailschange|p2b: Gengar|Gengar-Mega, L50, F, shiny\n|-mega|p2b: Gengar|Gengar|Gengarite\n|move|p2b: Gengar|Protect|p2b: Gengar\n|-singleturn|p2b: Gengar|Protect\n|move|p1a: Basculegion|Wave Crash|p2a: Tyranitar\n|-supereffective|p2a: Tyranitar|1\n|-damage|p2a: Tyranitar|0 fnt\n|faint|p2a: Tyranitar\n|-damage|p1a: Basculegion|71/100|[from] Recoil\n|move|p1b: Pelipper|Weather Ball|p2b: Gengar\n|-activate|p2b: Gengar|move: Protect\n|\n|-weather|RainDance|[upkeep]\n|upkeep\n|\n|t:|1776214958\n|switch|p2a: Volcarona|Volcarona, L50, M|100/100\n|turn|4\n|\n|t:|1776214972\n|move|p1a: Basculegion|Wave Crash|p2a: Volcarona\n|-supereffective|p2a: Volcarona|1\n|-damage|p2a: Volcarona|0 fnt\n|faint|p2a: Volcarona\n|-damage|p1a: Basculegion|44/100|[from] Recoil\n|move|p2b: Gengar|Shadow Ball|p1a: Basculegion\n|-supereffective|p1a: Basculegion|1\n|-damage|p1a: Basculegion|0 fnt\n|faint|p1a: Basculegion\n|move|p1b: Pelipper|Weather Ball|p2b: Gengar\n|-damage|p2b: Gengar|10/100\n|\n|-weather|RainDance|[upkeep]\n|upkeep\n|\n|t:|1776214982\n|switch|p1a: Heliolisk|Heliolisk, L50, F|100/100\n|turn|5\n|c|\u2606Kirnil|gg\n|\n|t:|1776215007\n|move|p2b: Gengar|Protect|p2b: Gengar\n|-singleturn|p2b: Gengar|Protect\n|move|p1a: Heliolisk|Thunderbolt|p2b: Gengar\n|-activate|p2b: Gengar|move: Protect\n|move|p1b: Pelipper|Weather Ball|p2b: Gengar\n|-activate|p2b: Gengar|move: Protect\n|\n|-weather|none\n|upkeep\n|turn|6\n|\n|t:|1776215016\n|move|p1a: Heliolisk|Protect|p1a: Heliolisk\n|-singleturn|p1a: Heliolisk|Protect\n|move|p2b: Gengar|Disable|p1a: Heliolisk\n|-activate|p1a: Heliolisk|move: Protect\n|move|p1b: Pelipper|Tailwind|p1b: Pelipper\n|-sidestart|p1: Kirnil|move: Tailwind\n|\n|upkeep\n|turn|7\n|\n|t:|1776215026\n|move|p1a: Heliolisk|Thunderbolt|p2b: Gengar\n|-damage|p2b: Gengar|0 fnt\n|faint|p2b: Gengar\n|\n|win|Kirnil\n|l|\u2606ivoryP\n|player|p2|\n|l| jenny ki\n",
  "uploadtime": 1776215046,
  "views": 13,
  "formatid": "gen9championsvgc2026regma",
  "rating": null,
  "private": 0,
  "password": null
}