{
  "id": "gen9championsvgc2026regma-2586907456",
  "format": "[Gen 9 Champions] VGC 2026 Reg M-A",
  "players": [
    "william will",
    "dolphinbird"
  ],
  "log": "|j|\u2606william will\n|j|\u2606dolphinbird\n|t:|1776470647\n|gametype|doubles\n|player|p1|william will|265|1064\n|player|p2|dolphinbird|266|1126\n|gen|9\n|tier|[Gen 9 Champions] VGC 2026 Reg M-A\n|rated|\n|rule|Species Clause: Limit one of each Pok\u00e9mon\n|rule|Item Clause: Limit 1 of each item\n|clearpoke\n|poke|p1|Gengar, L50, M|\n|poke|p1|Drampa, L50, F|\n|poke|p1|Zoroark-Hisui, L50, M|\n|poke|p1|Azumarill, L50, F|\n|poke|p1|Incineroar, L50, M|\n|poke|p1|Sinistcha, L50|\n|poke|p2|Scovillain, L50, F|\n|poke|p2|Farigiraf, L50, F|\n|poke|p2|Kingambit, L50, M|\n|poke|p2|Tinkaton, L50, F|\n|poke|p2|Sinistcha, L50|\n|poke|p2|Tauros-Paldea-Aqua, L50, M|\n|teampreview|4\n|inactive|Battle timer is ON: inactive players will automatically lose when time's up. (requested by william will)\ndolphinbird has agreed to open team sheets.\n|\n|t:|1776470676\n|teamsize|p1|4\n|teamsize|p2|4\n|start\n|switch|p1a: Gengar|Gengar, L50, M, shiny|100/100\n|switch|p1b: Incineroar|Incineroar, L50, M, shiny|100/100\n|switch|p2a: Farigiraf|Farigiraf, L50, F|100/100\n|switch|p2b: Kingambit|Kingambit, L50, M|100/100\n|-ability|p1b: Incineroar|Intimidate|boost\n|-unboost|p2a: Farigiraf|atk|1\n|-unboost|p2b: Kingambit|atk|1\n|-ability|p2b: Kingambit|Defiant|boost\n|-boost|p2b: Kingambit|atk|2\n|turn|1\n|\n|t:|1776470697\n|switch|p1a: Drampa|Drampa, L50, F, shiny|100/100\n|-ability|p1a: Drampa|Cloud Nine\n|move|p1b: Incineroar|Flare Blitz|p2b: Kingambit\n|-supereffective|p2b: Kingambit|1\n|-damage|p2b: Kingambit|14/100\n|-damage|p1b: Incineroar|66/100|[from] Recoil\n|move|p2b: Kingambit|Swords Dance|p2b: Kingambit\n|-boost|p2b: Kingambit|atk|2\n|move|p2a: Farigiraf|Trick Room|p2a: Farigiraf\n|-fieldstart|move: Trick Room|[of] p2a: Farigiraf\n|\n|upkeep\n|turn|2\n|inactive|dolphinbird has 30 seconds left.\n|inactive|dolphinbird has 20 seconds left.\n|inactive|dolphinbird has 15 seconds left.\n|inactive|dolphinbird has 10 seconds left.\n|\n|t:|1776470745\n|switch|p2a: Tinkaton|Tinkaton, L50, F|100/100\n|move|p1a: Drampa|Earth Power|p2b: Kingambit\n|-supereffective|p2b: Kingambit|1\n|-damage|p2b: Kingambit|0 fnt\n|faint|p2b: Kingambit\n|move|p1b: Incineroar|Parting Shot|p2a: Tinkaton\n|-unboost|p2a: Tinkaton|atk|1\n|-unboost|p2a: Tinkaton|spa|1\n|\n|t:|1776470760\n|switch|p1b: Sinistcha|Sinistcha, L50, shiny|100/100|[from] Parting Shot\n|\n|upkeep\n|\n|t:|1776470768\n|switch|p2b: Sinistcha|Sinistcha, L50|100/100\n|turn|3\n|\n|t:|1776470787\n|switch|p1a: Incineroar|Incineroar, L50, M, shiny|66/100\n|-ability|p1a: Incineroar|Intimidate|boost\n|-fail|p2a: Tinkaton|unboost|Attack|[from] ability: Own Tempo|[of] p2a: Tinkaton\n|-unboost|p2b: Sinistcha|atk|1\n|switch|p2b: Farigiraf|Farigiraf, L50, F|100/100\n|move|p2a: Tinkaton|Fake Out|p1a: Incineroar\n|-damage|p1a: Incineroar|59/100\n|move|p1b: Sinistcha|Matcha Gotcha|p2b: Farigiraf|[spread] p2a,p2b\n|-resisted|p2a: Tinkaton|1\n|-damage|p2a: Tinkaton|90/100\n|-damage|p2b: Farigiraf|78/100\n|-status|p2b: Farigiraf|brn\n|\n|-damage|p2b: Farigiraf|72/100 brn|[from] brn\n|upkeep\n|turn|4\n|l|\u2606william will\n|inactive|william will disconnected and has a minute to reconnect!\n|player|p1|\n|inactive|william will has 30 seconds left.\n|inactive|dolphinbird has 30 seconds left.\n|j|\u2606william will\n|inactive|william will reconnected and has 30 seconds left.\n|player|p1|william will|265|\n|inactive|william will has 20 seconds left.\n|inactive|william will has 15 seconds left.\n|inactive|william will has 10 seconds left.\n|\n|t:|1776470834\n|move|p2b: Farigiraf|Nasty Plot|p2b: Farigiraf\n|-boost|p2b: Farigiraf|spa|2\n|move|p1a: Incineroar|Crunch|p2b: Farigiraf\n|-supereffective|p2b: Farigiraf|1\n|-damage|p2b: Farigiraf|0 fnt\n|faint|p2b: Farigiraf\n|move|p1b: Sinistcha|Life Dew||[still]|[spread] p1a,p1b\n|-heal|p1a: Incineroar|84/100\n|-fail|p1b: Sinistcha|heal\n|move|p2a: Tinkaton|Gigaton Hammer|p1b: Sinistcha\n|-damage|p1b: Sinistcha|69/100\n|\n|upkeep\n|\n|t:|1776470842\n|switch|p2b: Sinistcha|Sinistcha, L50|100/100\n|-heal|p2a: Tinkaton|100/100|[from] ability: Hospitality|[of] p2b: Sinistcha\n|turn|5\n|\n|t:|1776470856\n|move|p2a: Tinkaton|Helping Hand|p2b: Sinistcha\n|-singleturn|p2b: Sinistcha|Helping Hand|[of] p2a: Tinkaton\n|move|p1a: Incineroar|Parting Shot|p2a: Tinkaton\n|-unboost|p2a: Tinkaton|atk|1\n|-unboost|p2a: Tinkaton|spa|1\n|\n|t:|1776470868\n|switch|p1a: Drampa|Drampa, L50, F, shiny|100/100|[from] Parting Shot\n|-ability|p1a: Drampa|Cloud Nine\n|move|p1b: Sinistcha|Matcha Gotcha|p2a: Tinkaton|[spread] p2a,p2b\n|-resisted|p2a: Tinkaton|1\n|-resisted|p2b: Sinistcha|1\n|-damage|p2a: Tinkaton|91/100\n|-heal|p1b: Sinistcha|76/100|[from] drain|[of] p2a: Tinkaton\n|-damage|p2b: Sinistcha|89/100\n|-heal|p1b: Sinistcha|83/100|[from] drain|[of] p2b: Sinistcha\n|-status|p2a: Tinkaton|brn\n|-status|p2b: Sinistcha|brn\n|move|p2b: Sinistcha|Matcha Gotcha|p1a: Drampa|[spread] p1a\n|-miss|p2b: Sinistcha|p1b: Sinistcha\n|-resisted|p1a: Drampa|1\n|-damage|p1a: Drampa|82/100\n|-heal|p2b: Sinistcha|98/100 brn|[from] drain|[of] p1a: Drampa\n|\n|-damage|p2b: Sinistcha|92/100 brn|[from] brn\n|-damage|p2a: Tinkaton|85/100 brn|[from] brn\n|-fieldend|move: Trick Room\n|upkeep\n|turn|6\n|inactive|william will has 30 seconds left.\n|inactive|dolphinbird has 30 seconds left.\n|\n|t:|1776470901\n|move|p2a: Tinkaton|Gigaton Hammer|p1a: Drampa\n|-damage|p1a: Drampa|68/100\n|move|p2b: Sinistcha|Matcha Gotcha|p1a: Drampa|[spread] p1a,p1b\n|-resisted|p1a: Drampa|1\n|-resisted|p1b: Sinistcha|1\n|-damage|p1a: Drampa|56/100\n|-heal|p2b: Sinistcha|97/100 brn|[from] drain|[of] p1a: Drampa\n|-damage|p1b: Sinistcha|71/100\n|-heal|p2b: Sinistcha|100/100 brn|[from] drain|[of] p1b: Sinistcha\n|move|p1b: Sinistcha|Life Dew|p1b: Sinistcha|[spread] p1a,p1b\n|-heal|p1a: Drampa|81/100\n|-heal|p1b: Sinistcha|96/100\n|move|p1a: Drampa|Earth Power|p2a: Tinkaton\n|-supereffective|p2a: Tinkaton|1\n|-damage|p2a: Tinkaton|31/100 brn\n|\n|-damage|p2a: Tinkaton|26/100 brn|[from] brn\n|-damage|p2b: Sinistcha|94/100 brn|[from] brn\n|upkeep\n|turn|7\n|inactive|dolphinbird has 30 seconds left.\n|\n|t:|1776470930\n|move|p2a: Tinkaton|Encore|p1a: Drampa\n|-start|p1a: Drampa|Encore\n|move|p2b: Sinistcha|Matcha Gotcha|p1b: Sinistcha|[spread] p1a,p1b\n|-resisted|p1a: Drampa|1\n|-resisted|p1b: Sinistcha|1\n|-damage|p1a: Drampa|69/100\n|-heal|p2b: Sinistcha|99/100 brn|[from] drain|[of] p1a: Drampa\n|-damage|p1b: Sinistcha|85/100\n|-heal|p2b: Sinistcha|100/100 brn|[from] drain|[of] p1b: Sinistcha\n|-status|p1a: Drampa|brn\n|move|p1b: Sinistcha|Shadow Ball|p2b: Sinistcha\n|-supereffective|p2b: Sinistcha|1\n|-enditem|p2b: Sinistcha|Kasib Berry|[eat]\n|-enditem|p2b: Sinistcha|Kasib Berry|[weaken]\n|-damage|p2b: Sinistcha|72/100 brn\n|move|p1a: Drampa|Earth Power|p2a: Tinkaton\n|-supereffective|p2a: Tinkaton|1\n|-damage|p2a: Tinkaton|0 fnt\n|faint|p2a: Tinkaton\n|\n|-damage|p2b: Sinistcha|66/100 brn|[from] brn\n|-damage|p1a: Drampa|63/100 brn|[from] brn\n|upkeep\n|turn|8\n|inactive|william will has 30 seconds left.\n|inactive|william will has 20 seconds left.\n|\n|t:|1776470968\n|switch|p1a: Incineroar|Incineroar, L50, M, shiny|84/100\n|-ability|p1a: Incineroar|Intimidate|boost\n|-unboost|p2b: Sinistcha|atk|1\n|move|p2b: Sinistcha|Matcha Gotcha|p1a: Incineroar|[spread] p1a\n|-miss|p2b: Sinistcha|p1b: Sinistcha\n|-resisted|p1a: Incineroar|1\n|-damage|p1a: Incineroar|73/100\n|-heal|p2b: Sinistcha|71/100 brn|[from] drain|[of] p1a: Incineroar\n|move|p1b: Sinistcha|Life Dew|p1b: Sinistcha|[spread] p1a,p1b\n|-heal|p1a: Incineroar|98/100\n|-heal|p1b: Sinistcha|100/100\n|\n|-damage|p2b: Sinistcha|65/100 brn|[from] brn\n|upkeep\n|turn|9\n|inactive|william will has 30 seconds left.\n|inactive|william will has 20 seconds left.\n|inactive|william will has 15 seconds left.\n|\n|t:|1776471009\n|move|p2b: Sinistcha|Matcha Gotcha|p1a: Incineroar|[spread] p1a,p1b\n|-resisted|p1a: Incineroar|1\n|-resisted|p1b: Sinistcha|1\n|-crit|p1b: Sinistcha\n|-damage|p1a: Incineroar|88/100\n|-heal|p2b: Sinistcha|70/100 brn|[from] drain|[of] p1a: Incineroar\n|-damage|p1b: Sinistcha|83/100\n|-heal|p2b: Sinistcha|77/100 brn|[from] drain|[of] p1b: Sinistcha\n|move|p1b: Sinistcha|Shadow Ball|p1a: Incineroar\n|-resisted|p1a: Incineroar|1\n|-damage|p1a: Incineroar|73/100\n|move|p1a: Incineroar|Crunch|p2b: Sinistcha\n|-supereffective|p2b: Sinistcha|1\n|-damage|p2b: Sinistcha|9/100 brn\n|-unboost|p2b: Sinistcha|def|1\n|\n|-damage|p2b: Sinistcha|3/100 brn|[from] brn\n|upkeep\n|turn|10\n|\n|t:|1776471015\n|move|p2b: Sinistcha|Matcha Gotcha|p1a: Incineroar|[spread] p1a\n|-miss|p2b: Sinistcha|p1b: Sinistcha\n|-resisted|p1a: Incineroar|1\n|-damage|p1a: Incineroar|62/100\n|-heal|p2b: Sinistcha|8/100 brn|[from] drain|[of] p1a: Incineroar\n|move|p1b: Sinistcha|Matcha Gotcha|p2b: Sinistcha\n|-resisted|p2b: Sinistcha|1\n|-damage|p2b: Sinistcha|0 fnt\n|-heal|p1b: Sinistcha|88/100|[from] drain|[of] p2b: Sinistcha\n|faint|p2b: Sinistcha\n|\n|win|william will\n|raw|william will's rating: 1064 &rarr; <strong>1100</strong><br />(+36 for winning)\n|raw|dolphinbird's rating: 1126 &rarr; <strong>1097</strong><br />(-29 for losing)\n",
  "uploadtime": 1776471017,
  "views": 19,
  "formatid": "gen9championsvgc2026regma",
  "rating": 1097,
  "private": 0,
  "password": null
}