{
  "id": "gen9championsvgc2026regma-2586084914",
  "format": "[Gen 9 Champions] VGC 2026 Reg M-A",
  "players": [
    "yobiii",
    "Mithozz"
  ],
  "log": "|j|\u2606yobiii\n|j|\u2606Mithozz\n|t:|1776397323\n|gametype|doubles\n|player|p1|yobiii|veteran|1062\n|player|p2|Mithozz|169|1115\n|gen|9\n|tier|[Gen 9 Champions] VGC 2026 Reg M-A\n|rated|\n|rule|Species Clause: Limit one of each Pok\u00e9mon\n|rule|Item Clause: Limit 1 of each item\n|clearpoke\n|poke|p1|Milotic, L50, F|\n|poke|p1|Golurk, L50|\n|poke|p1|Whimsicott, L50, F|\n|poke|p1|Krookodile, L50, F|\n|poke|p1|Maushold, L50|\n|poke|p1|Dragonite, L50, F|\n|poke|p2|Meowstic, L50, M|\n|poke|p2|Venusaur, L50, F|\n|poke|p2|Torkoal, L50, M|\n|poke|p2|Milotic, L50, F|\n|poke|p2|Charizard, L50, M|\n|poke|p2|Typhlosion, L50, F|\n|teampreview|4\n|\n|t:|1776397372\n|teamsize|p1|4\n|teamsize|p2|4\n|start\n|switch|p1a: Maushold|Maushold, L50|100/100\n|switch|p1b: Golurk|Golurk, L50|100/100\n|switch|p2a: Meowstic|Meowstic, L50, M|100/100\n|switch|p2b: Milotic|Milotic, L50, F|100/100\n|turn|1\n|inactive|Battle timer is ON: inactive players will automatically lose when time's up. (requested by yobiii)\n|\n|t:|1776397397\n|move|p1b: Golurk|Protect|p1b: Golurk\n|-singleturn|p1b: Golurk|Protect\n|move|p2a: Meowstic|Rain Dance|p2a: Meowstic\n|-weather|RainDance\n|move|p1a: Maushold|Taunt|p2a: Meowstic\n|-start|p2a: Meowstic|move: Taunt\n|move|p2b: Milotic|Weather Ball|p1b: Golurk\n|-activate|p1b: Golurk|move: Protect\n|\n|-weather|RainDance|[upkeep]\n|upkeep\n|turn|2\n|\n|t:|1776397415\n|switch|p1b: Milotic|Milotic, L50, F|100/100\n|move|p1a: Maushold|Super Fang|p2b: Milotic\n|-damage|p2b: Milotic|50/100\n|-enditem|p2b: Milotic|Sitrus Berry|[eat]\n|-heal|p2b: Milotic|75/100|[from] item: Sitrus Berry\n|move|p2a: Meowstic|Expanding Force|p1a: Maushold\n|-damage|p1a: Maushold|62/100\n|move|p2b: Milotic|Weather Ball|p1a: Maushold\n|-damage|p1a: Maushold|0 fnt\n|faint|p1a: Maushold\n|\n|-weather|RainDance|[upkeep]\n|upkeep\n|\n|t:|1776397439\n|switch|p1a: Krookodile|Krookodile, L50, F|100/100\n|-ability|p1a: Krookodile|Intimidate|boost\n|-unboost|p2a: Meowstic|atk|1\n|-unboost|p2b: Milotic|atk|1\n|-ability|p2b: Milotic|Competitive|boost\n|-boost|p2b: Milotic|spa|2\n|turn|3\n|\n|t:|1776397451\n|move|p2a: Meowstic|Expanding Force|p1b: Milotic\n|-damage|p1b: Milotic|83/100\n|move|p1a: Krookodile|Knock Off|p2a: Meowstic\n|-supereffective|p2a: Meowstic|1\n|-crit|p2a: Meowstic\n|-enditem|p2a: Meowstic|Focus Sash\n|-damage|p2a: Meowstic|1/100\n|move|p2b: Milotic|Weather Ball|p1a: Krookodile\n|-supereffective|p1a: Krookodile|1\n|-damage|p1a: Krookodile|0 fnt\n|faint|p1a: Krookodile\n|move|p1b: Milotic|Weather Ball|p2b: Milotic\n|-resisted|p2b: Milotic|1\n|-damage|p2b: Milotic|57/100\n|\n|-weather|RainDance|[upkeep]\n|-heal|p1b: Milotic|89/100|[from] item: Leftovers\n|upkeep\n|\n|t:|1776397458\n|switch|p1a: Golurk|Golurk, L50|100/100\n|turn|4\n|inactive|yobiii has 30 seconds left.\n|\n|t:|1776397485\n|detailschange|p1a: Golurk|Golurk-Mega, L50\n|-mega|p1a: Golurk|Golurk|Golurkite\n|move|p2a: Meowstic|Expanding Force|p1b: Milotic\n|-damage|p1b: Milotic|71/100\n|move|p2b: Milotic|Weather Ball|p1a: Golurk\n|-supereffective|p1a: Golurk|1\n|-damage|p1a: Golurk|0 fnt\n|faint|p1a: Golurk\n|move|p1b: Milotic|Weather Ball|p2b: Milotic\n|-resisted|p2b: Milotic|1\n|-damage|p2b: Milotic|38/100\n|\n|-weather|RainDance|[upkeep]\n|-heal|p1b: Milotic|77/100|[from] item: Leftovers\n|-end|p2a: Meowstic|move: Taunt\n|upkeep\n|turn|5\n|inactive|Mithozz has 30 seconds left.\n|inactive|Mithozz has 20 seconds left.\n|c|\u2606yobiii|Gg wp\n|inactive|Mithozz has 15 seconds left.\n|\n|t:|1776397526\n|move|p2a: Meowstic|Expanding Force|p1b: Milotic\n|-crit|p1b: Milotic\n|-damage|p1b: Milotic|47/100\n|move|p2b: Milotic|Weather Ball|p1b: Milotic\n|-resisted|p1b: Milotic|1\n|-damage|p1b: Milotic|8/100\n|move|p1b: Milotic|Weather Ball|p2b: Milotic\n|-resisted|p2b: Milotic|1\n|-damage|p2b: Milotic|18/100\n|\n|-weather|none\n|-heal|p1b: Milotic|14/100|[from] item: Leftovers\n|upkeep\n|turn|6\n|\n|t:|1776397547\n|move|p2a: Meowstic|Expanding Force|p1b: Milotic\n|-damage|p1b: Milotic|0 fnt\n|faint|p1b: Milotic\n|\n|win|Mithozz\n|raw|yobiii's rating: 1062 &rarr; <strong>1046</strong><br />(-16 for losing)\n|raw|Mithozz's rating: 1115 &rarr; <strong>1136</strong><br />(+21 for winning)\n",
  "uploadtime": 1776397557,
  "views": 17,
  "formatid": "gen9championsvgc2026regma",
  "rating": 1046,
  "private": 0,
  "password": null
}