{
  "id": "gen9championsvgc2026regma-2581839339",
  "format": "[Gen 9 Champions] VGC 2026 Reg M-A",
  "players": [
    "EDJPP",
    "gymnmons"
  ],
  "log": "|j|\u2606EDJPP\n|j|\u2606gymnmons\n|t:|1776032660\n|gametype|doubles\n|player|p1|EDJPP|volkner|\n|player|p2|gymnmons|lance|\n|gen|9\n|tier|[Gen 9 Champions] VGC 2026 Reg M-A\n|rated|Tournament battle\n|rule|Species Clause: Limit one of each Pok\u00e9mon\n|rule|Item Clause: Limit 1 of each item\n|clearpoke\n|poke|p1|Froslass, L50, F|\n|poke|p1|Incineroar, L50, M|\n|poke|p1|Gyarados, L50, F|\n|poke|p1|Beartic, L50, M|\n|poke|p1|Sinistcha, L50|\n|poke|p1|Hatterene, L50, F|\n|poke|p2|Floette-Eternal, L50, F|\n|poke|p2|Delphox, L50, M|\n|poke|p2|Dragapult, L50, M|\n|poke|p2|Incineroar, L50, M|\n|poke|p2|Clefable, L50, M|\n|poke|p2|Maushold, L50|\n|teampreview|4\n|inactive|Battle timer is ON: inactive players will automatically lose when time's up. (requested by EDJPP)\n|inactive|EDJPP has 60 seconds left.\n|inactive|gymnmons has 60 seconds left.\n|inactive|EDJPP has 30 seconds left.\n|inactive|EDJPP has 20 seconds left.\n|inactive|EDJPP has 15 seconds left.\n|inactive|EDJPP has 10 seconds left.\n|inactive|EDJPP has 5 seconds left.\n|\n|t:|1776032751\n|teamsize|p1|4\n|teamsize|p2|4\n|start\n|switch|p1a: Froslass|Froslass, L50, F|100/100\n|switch|p1b: Incineroar|Incineroar, L50, M|100/100\n|switch|p2a: Maushold|Maushold, L50|100/100\n|switch|p2b: Delphox|Delphox, L50, M, shiny|100/100\n|-ability|p1b: Incineroar|Intimidate|boost\n|-unboost|p2a: Maushold|atk|1\n|-unboost|p2b: Delphox|atk|1\n|turn|1\n|inactive|EDJPP has 30 seconds left.\n|inactive|EDJPP has 20 seconds left.\n|inactive|EDJPP has 15 seconds left.\n|inactive|EDJPP has 10 seconds left.\n|\n|t:|1776032798\n|detailschange|p1a: Froslass|Froslass-Mega, L50, F\n|-mega|p1a: Froslass|Froslass|Froslassite\n|-weather|Snowscape|[from] ability: Snow Warning|[of] p1a: Froslass\n|move|p2b: Delphox|Protect|p2b: Delphox\n|-singleturn|p2b: Delphox|Protect\n|move|p2a: Maushold|Protect|p2a: Maushold\n|-singleturn|p2a: Maushold|Protect\n|move|p1b: Incineroar|Fake Out|p2b: Delphox\n|-activate|p2b: Delphox|move: Protect\n|move|p1a: Froslass|Aurora Veil|p1a: Froslass\n|-sidestart|p1: EDJPP|move: Aurora Veil\n|\n|-weather|Snowscape|[upkeep]\n|upkeep\n|turn|2\n|inactive|EDJPP has 30 seconds left.\n|\n|t:|1776032831\n|detailschange|p2b: Delphox|Delphox-Mega, L50, M, shiny\n|-mega|p2b: Delphox|Delphox|Delphoxite\n|move|p2a: Maushold|Follow Me|p2a: Maushold\n|-singleturn|p2a: Maushold|move: Follow Me\n|move|p2b: Delphox|Nasty Plot|p2b: Delphox\n|-boost|p2b: Delphox|spa|2\n|move|p1a: Froslass|Blizzard|p2a: Maushold|[spread] p2a,p2b\n|-resisted|p2b: Delphox|1\n|-damage|p2a: Maushold|47/100\n|-damage|p2b: Delphox|88/100\n|move|p1b: Incineroar|Darkest Lariat|p2a: Maushold\n|-damage|p2a: Maushold|10/100\n|\n|-weather|Snowscape|[upkeep]\n|upkeep\n|turn|3\n|inactive|gymnmons has 30 seconds left.\n|\n|t:|1776032857\n|switch|p1a: Gyarados|Gyarados, L50, F|100/100\n|-ability|p1a: Gyarados|Intimidate|boost\n|-unboost|p2a: Maushold|atk|1\n|-unboost|p2b: Delphox|atk|1\n|move|p2b: Delphox|Protect|p2b: Delphox\n|-singleturn|p2b: Delphox|Protect\n|move|p2a: Maushold|Super Fang|p1b: Incineroar\n|-damage|p1b: Incineroar|51/100\n|move|p1b: Incineroar|Darkest Lariat|p2b: Delphox\n|-activate|p2b: Delphox|move: Protect\n|\n|-weather|Snowscape|[upkeep]\n|-heal|p1b: Incineroar|57/100|[from] item: Leftovers\n|upkeep\n|turn|4\n|\n|t:|1776032874\n|move|p2a: Maushold|Follow Me|p2a: Maushold\n|-singleturn|p2a: Maushold|move: Follow Me\n|move|p2b: Delphox|Heat Wave|p1b: Incineroar|[spread] p1a,p1b\n|-resisted|p1a: Gyarados|1\n|-resisted|p1b: Incineroar|1\n|-damage|p1a: Gyarados|77/100\n|-damage|p1b: Incineroar|35/100\n|move|p1a: Gyarados|Dragon Dance|p1a: Gyarados\n|-boost|p1a: Gyarados|atk|1\n|-boost|p1a: Gyarados|spe|1\n|move|p1b: Incineroar|Darkest Lariat|p2a: Maushold\n|-damage|p2a: Maushold|0 fnt\n|faint|p2a: Maushold\n|\n|-weather|Snowscape|[upkeep]\n|-heal|p1b: Incineroar|41/100|[from] item: Leftovers\n|upkeep\n|\n|t:|1776032888\n|switch|p2a: Clefable|Clefable, L50, M|100/100\n|turn|5\n|\n|t:|1776032900\n|move|p1a: Gyarados|Protect|p1a: Gyarados\n|-singleturn|p1a: Gyarados|Protect\n|move|p2b: Delphox|Protect|p2b: Delphox\n|-singleturn|p2b: Delphox|Protect\n|move|p1b: Incineroar|Parting Shot|p2b: Delphox\n|-activate|p2b: Delphox|move: Protect\n|move|p2a: Clefable|Icy Wind|p1b: Incineroar|[spread] p1b\n|-activate|p1a: Gyarados|move: Protect\n|-resisted|p1b: Incineroar|1\n|-damage|p1b: Incineroar|38/100\n|-unboost|p1b: Incineroar|spe|1\n|\n|-weather|none\n|-heal|p1b: Incineroar|44/100|[from] item: Leftovers\n|-sideend|p1: EDJPP|move: Aurora Veil\n|upkeep\n|turn|6\n|\n|t:|1776032914\n|move|p2a: Clefable|Follow Me|p2a: Clefable\n|-singleturn|p2a: Clefable|move: Follow Me\n|move|p1a: Gyarados|Waterfall|p2a: Clefable\n|-damage|p2a: Clefable|44/100\n|move|p2b: Delphox|Heat Wave|p1b: Incineroar|[spread] p1a,p1b\n|-resisted|p1a: Gyarados|1\n|-resisted|p1b: Incineroar|1\n|-damage|p1a: Gyarados|41/100\n|-damage|p1b: Incineroar|14/100\n|move|p1b: Incineroar|Parting Shot|p2a: Clefable\n|-unboost|p2a: Clefable|atk|1\n|-unboost|p2a: Clefable|spa|1\n|\n|t:|1776032928\n|switch|p1b: Froslass|Froslass-Mega, L50, F|100/100|[from] Parting Shot\n|-weather|Snowscape|[from] ability: Snow Warning|[of] p1b: Froslass\n|\n|-weather|Snowscape|[upkeep]\n|upkeep\n|turn|7\n|inactive|gymnmons has 30 seconds left.\n|inactive|gymnmons has 20 seconds left.\n|inactive|gymnmons has 15 seconds left.\n|\n|t:|1776032968\n|move|p1b: Froslass|Protect|p1b: Froslass\n|-singleturn|p1b: Froslass|Protect\n|move|p2a: Clefable|Follow Me|p2a: Clefable\n|-singleturn|p2a: Clefable|move: Follow Me\n|move|p1a: Gyarados|Waterfall|p2a: Clefable\n|-damage|p2a: Clefable|0 fnt\n|faint|p2a: Clefable\n|move|p2b: Delphox|Psychic|p1a: Gyarados\n|-damage|p1a: Gyarados|0 fnt\n|faint|p1a: Gyarados\n|\n|-weather|Snowscape|[upkeep]\n|upkeep\n|\n|t:|1776032990\n|switch|p1a: Incineroar|Incineroar, L50, M|14/100\n|switch|p2a: Dragapult|Dragapult, L50, M|100/100\n|-ability|p1a: Incineroar|Intimidate|boost\n|-fail|p2a: Dragapult|unboost|[from] ability: Clear Body|[of] p2a: Dragapult\n|-unboost|p2b: Delphox|atk|1\n|turn|8\n|inactive|EDJPP has 30 seconds left.\n|inactive|EDJPP has 20 seconds left.\n|\n|t:|1776033026\n|move|p2b: Delphox|Protect|p2b: Delphox\n|-singleturn|p2b: Delphox|Protect\n|move|p1a: Incineroar|Fake Out|p2b: Delphox\n|-activate|p2b: Delphox|move: Protect\n|move|p2a: Dragapult|Phantom Force||[still]\n|-prepare|p2a: Dragapult|Phantom Force\n|move|p1b: Froslass|Aurora Veil|p1b: Froslass\n|-sidestart|p1: EDJPP|move: Aurora Veil\n|\n|-weather|Snowscape|[upkeep]\n|-heal|p1a: Incineroar|20/100|[from] item: Leftovers\n|upkeep\n|turn|9\n|\n|t:|1776033039\n|switch|p1b: Beartic|Beartic, L50, M|100/100\n|move|p2a: Dragapult|Phantom Force|p1b: Beartic|[from] lockedmove\n|-damage|p1b: Beartic|74/100\n|move|p2b: Delphox|Heat Wave|p1b: Beartic|[spread] p1a,p1b\n|-resisted|p1a: Incineroar|1\n|-supereffective|p1b: Beartic|1\n|-damage|p1a: Incineroar|0 fnt\n|-damage|p1b: Beartic|0 fnt\n|faint|p1a: Incineroar\n|faint|p1b: Beartic\n|\n|-weather|Snowscape|[upkeep]\n|upkeep\n|\n|t:|1776033042\n|switch|p1b: Froslass|Froslass-Mega, L50, F|100/100\n|turn|10\n|\n|t:|1776033052\n|move|p2b: Delphox|Protect|p2b: Delphox\n|-singleturn|p2b: Delphox|Protect\n|move|p2a: Dragapult|Phantom Force||[still]\n|-prepare|p2a: Dragapult|Phantom Force\n|move|p1b: Froslass|Shadow Ball|p2b: Delphox\n|-activate|p2b: Delphox|move: Protect\n|\n|-weather|none\n|upkeep\n|turn|11\n|\n|t:|1776033061\n|move|p2a: Dragapult|Phantom Force|p1b: Froslass|[from] lockedmove\n|-supereffective|p1b: Froslass|1\n|-damage|p1b: Froslass|5/100\n|move|p2b: Delphox|Psychic|p1b: Froslass\n|-damage|p1b: Froslass|0 fnt\n|faint|p1b: Froslass\n|\n|win|gymnmons\n|n|\u2606EDJPP|edjpp\n|n|\u2606gymnmons|gymnmons\n|c|\u2606gymnmons|gg\n",
  "uploadtime": 1776033067,
  "views": 11,
  "formatid": "gen9championsvgc2026regma",
  "rating": null,
  "private": 0,
  "password": null
}