{
  "id": "gen9championsvgc2026regma-2581265792",
  "format": "[Gen 9 Champions] VGC 2026 Reg M-A",
  "players": [
    "The_Raven628",
    "CasualitoGaming"
  ],
  "log": "|j|\u2606The_Raven628\n|j|\u2606CasualitoGaming\n|t:|1775978511\n|gametype|doubles\n|player|p1|The_Raven628|266|1099\n|player|p2|CasualitoGaming|harlequin|1047\n|gen|9\n|tier|[Gen 9 Champions] VGC 2026 Reg M-A\n|rated|\n|rule|Species Clause: Limit one of each Pok\u00e9mon\n|rule|Item Clause: Limit 1 of each item\n|clearpoke\n|poke|p1|Golurk, L50|\n|poke|p1|Farigiraf, L50, F|\n|poke|p1|Milotic, L50, M|\n|poke|p1|Torkoal, L50, F|\n|poke|p1|Sneasler, L50, M|\n|poke|p1|Charizard, L50, F|\n|poke|p2|Houndoom, L50, F|\n|poke|p2|Aerodactyl, L50, F|\n|poke|p2|Camerupt, L50, F|\n|poke|p2|Farigiraf, L50, F|\n|poke|p2|Incineroar, L50, M|\n|poke|p2|Weavile, L50, M|\n|teampreview|4\n|inactive|Battle timer is ON: inactive players will automatically lose when time's up. (requested by The_Raven628)\n|inactive|CasualitoGaming has 60 seconds left.\n|\n|t:|1775978555\n|teamsize|p1|4\n|teamsize|p2|4\n|start\n|switch|p1a: Farigiraf|Farigiraf, L50, F|100/100\n|switch|p1b: Golurk|Golurk, L50|100/100\n|switch|p2a: Houndoom|Houndoom, L50, F|100/100\n|switch|p2b: Aerodactyl|Aerodactyl, L50, F|100/100\n|-ability|p2b: Aerodactyl|Unnerve\n|turn|1\n|\n|t:|1775978575\n|detailschange|p2a: Houndoom|Houndoom-Mega, L50, F\n|-mega|p2a: Houndoom|Houndoom|Houndoominite\n|move|p1b: Golurk|Protect|p1b: Golurk\n|-singleturn|p1b: Golurk|Protect\n|move|p2b: Aerodactyl|Sunny Day|p2b: Aerodactyl\n|-weather|SunnyDay\n|move|p2a: Houndoom|Heat Wave|p1b: Golurk|[spread] p1a\n|-activate|p1b: Golurk|move: Protect\n|-damage|p1a: Farigiraf|38/100\n|move|p1a: Farigiraf|Trick Room|p1a: Farigiraf\n|-fieldstart|move: Trick Room|[of] p1a: Farigiraf\n|\n|-weather|SunnyDay|[upkeep]\n|-damage|p2a: Houndoom|88/100|[from] ability: Solar Power|[of] p2a: Houndoom\n|upkeep\n|turn|2\n|inactive|The_Raven628 has 30 seconds left.\n|\n|t:|1775978608\n|switch|p1a: Torkoal|Torkoal, L50, F|100/100\n|switch|p2a: Farigiraf|Farigiraf, L50, F|100/100\n|switch|p2b: Incineroar|Incineroar, L50, M|100/100\n|-ability|p2b: Incineroar|Intimidate|boost\n|-unboost|p1a: Torkoal|atk|1\n|-unboost|p1b: Golurk|atk|1\n|detailschange|p1b: Golurk|Golurk-Mega, L50\n|-mega|p1b: Golurk|Golurk|Golurkite\n|move|p1b: Golurk|Ice Punch|p2b: Incineroar\n|-resisted|p2b: Incineroar|1\n|-damage|p2b: Incineroar|90/100\n|\n|-weather|SunnyDay|[upkeep]\n|-heal|p2b: Incineroar|96/100|[from] item: Leftovers\n|upkeep\n|turn|3\n|\n|t:|1775978633\n|move|p2b: Incineroar|Fake Out|p1a: Torkoal\n|-damage|p1a: Torkoal|93/100\n|cant|p1a: Torkoal|flinch\n|move|p1b: Golurk|Headlong Rush|p2b: Incineroar\n|-supereffective|p2b: Incineroar|1\n|-damage|p2b: Incineroar|0 fnt\n|-unboost|p1b: Golurk|def|1\n|-unboost|p1b: Golurk|spd|1\n|faint|p2b: Incineroar\n|move|p2a: Farigiraf|Trick Room|p2a: Farigiraf\n|-fieldend|move: Trick Room\n|\n|-weather|SunnyDay|[upkeep]\n|upkeep\n|\n|t:|1775978651\n|switch|p2b: Houndoom|Houndoom-Mega, L50, F|88/100\n|turn|4\n|\n|t:|1775978664\n|switch|p1b: Farigiraf|Farigiraf, L50, F|38/100\n|switch|p1a: Sneasler|Sneasler, L50, M|100/100\n|move|p2b: Houndoom|Dark Pulse|p1b: Farigiraf\n|-supereffective|p1b: Farigiraf|1\n|-damage|p1b: Farigiraf|0 fnt\n|faint|p1b: Farigiraf\n|move|p2a: Farigiraf|Psychic|p1a: Sneasler\n|-supereffective|p1a: Sneasler|2\n|-damage|p1a: Sneasler|0 fnt\n|faint|p1a: Sneasler\n|\n|-weather|SunnyDay|[upkeep]\n|-damage|p2b: Houndoom|75/100|[from] ability: Solar Power|[of] p2b: Houndoom\n|upkeep\n|\n|t:|1775978678\n|switch|p1a: Torkoal|Torkoal, L50, F|93/100\n|switch|p1b: Golurk|Golurk-Mega, L50|100/100\n|turn|5\n|\n|t:|1775978686\n|move|p2b: Houndoom|Dark Pulse|p1b: Golurk\n|-supereffective|p1b: Golurk|1\n|-damage|p1b: Golurk|0 fnt\n|faint|p1b: Golurk\n|move|p2a: Farigiraf|Psychic|p1a: Torkoal\n|-damage|p1a: Torkoal|46/100\n|move|p1a: Torkoal|Eruption|p2a: Farigiraf|[spread] p2a,p2b\n|-resisted|p2b: Houndoom|1\n|-damage|p2a: Farigiraf|71/100\n|-damage|p2b: Houndoom|48/100\n|\n|-weather|none\n|upkeep\n|turn|6\n|\n|t:|1775978698\n|move|p2b: Houndoom|Dark Pulse|p1a: Torkoal\n|-damage|p1a: Torkoal|0 fnt\n|faint|p1a: Torkoal\n|\n|win|CasualitoGaming\n|raw|The_Raven628's rating: 1099 &rarr; <strong>1070</strong><br />(-29 for losing)\n|raw|CasualitoGaming's rating: 1047 &rarr; <strong>1085</strong><br />(+38 for winning)\n|c|\u2606CasualitoGaming|gg\n|l|\u2606The_Raven628\n|player|p1|\n",
  "uploadtime": 1775978708,
  "views": 12,
  "formatid": "gen9championsvgc2026regma",
  "rating": 1070,
  "private": 0,
  "password": null
}