{
  "id": "gen9championsvgc2026regma-2586848597",
  "format": "[Gen 9 Champions] VGC 2026 Reg M-A",
  "players": [
    "fwmeofwofnfwnfwnfn",
    "DavidTIS"
  ],
  "log": "|j|\u2606fwmeofwofnfwnfwnfn\n|j|\u2606DavidTIS\n|t:|1776465072\n|gametype|doubles\n|player|p1|fwmeofwofnfwnfwnfn|102|1122\n|player|p2|DavidTIS|170|1195\n|gen|9\n|tier|[Gen 9 Champions] VGC 2026 Reg M-A\n|rated|\n|rule|Species Clause: Limit one of each Pok\u00e9mon\n|rule|Item Clause: Limit 1 of each item\n|clearpoke\n|poke|p1|Pelipper, L50, M|\n|poke|p1|Dragonite, L50, M|\n|poke|p1|Archaludon, L50, M|\n|poke|p1|Basculegion, L50, M|\n|poke|p1|Sneasler, L50, F|\n|poke|p1|Rotom-Heat, L50|\n|poke|p2|Starmie, L50|\n|poke|p2|Lucario, L50, F|\n|poke|p2|Lycanroc-Dusk, L50, M|\n|poke|p2|Hydreigon, L50, M|\n|poke|p2|Slowbro-Galar, L50, M|\n|poke|p2|Skarmory, L50, F|\n|teampreview|4\n|\n|t:|1776465114\n|teamsize|p1|4\n|teamsize|p2|4\n|start\n|switch|p1a: Pelipper|Pelipper, L50, M|100/100\n|switch|p1b: Basculegion|Basculegion, L50, M|100/100\n|switch|p2a: Starmie|Starmie, L50|100/100\n|switch|p2b: Hydreigon|Hydreigon, L50, M|100/100\n|-weather|RainDance|[from] ability: Drizzle|[of] p1a: Pelipper\n|turn|1\n|l|\u2606fwmeofwofnfwnfwnfn\n|player|p1|\n|inactive|Battle timer is ON: inactive players will automatically lose when time's up. (requested by DavidTIS)\n|j|\u2606fwmeofwofnfwnfwnfn\n|inactive|fwmeofwofnfwnfwnfn reconnected and has 90 seconds left.\n|player|p1|fwmeofwofnfwnfwnfn|102|\n|\n|t:|1776465154\n|move|p2a: Starmie|Protect|p2a: Starmie\n|-singleturn|p2a: Starmie|Protect\n|move|p1b: Basculegion|Flip Turn|p2b: Hydreigon\n|-resisted|p2b: Hydreigon|1\n|-damage|p2b: Hydreigon|68/100\n|\n|t:|1776465160\n|switch|p1b: Dragonite|Dragonite, L50, M|100/100|[from] Flip Turn\n|move|p2b: Hydreigon|Dark Pulse|p1b: Dragonite\n|-damage|p1b: Dragonite|79/100\n|move|p1a: Pelipper|Tailwind|p1a: Pelipper\n|-sidestart|p1: fwmeofwofnfwnfwnfn|move: Tailwind\n|\n|-weather|RainDance|[upkeep]\n|upkeep\n|turn|2\n|\n|t:|1776465174\n|detailschange|p1b: Dragonite|Dragonite-Mega, L50, M\n|-mega|p1b: Dragonite|Dragonite|Dragoninite\n|detailschange|p2a: Starmie|Starmie-Mega, L50\n|-mega|p2a: Starmie|Starmie|Starminite\n|move|p2b: Hydreigon|Protect|p2b: Hydreigon\n|-singleturn|p2b: Hydreigon|Protect\n|move|p1b: Dragonite|Dragon Pulse|p2b: Hydreigon\n|-activate|p2b: Hydreigon|move: Protect\n|move|p1a: Pelipper|Hurricane|p2a: Starmie\n|-damage|p2a: Starmie|33/100\n|move|p2a: Starmie|Ice Spinner|p1b: Dragonite\n|-supereffective|p1b: Dragonite|2\n|-damage|p1b: Dragonite|0 fnt\n|faint|p1b: Dragonite\n|\n|-weather|RainDance|[upkeep]\n|upkeep\n|\n|t:|1776465189\n|switch|p1b: Rotom|Rotom-Heat, L50|100/100\n|turn|3\n|\n|t:|1776465205\n|move|p1b: Rotom|Volt Switch|p2a: Starmie\n|-supereffective|p2a: Starmie|1\n|-damage|p2a: Starmie|0 fnt\n|faint|p2a: Starmie\n|\n|t:|1776465210\n|switch|p1b: Basculegion|Basculegion, L50, M|100/100|[from] Volt Switch\n|move|p1a: Pelipper|Hurricane|p2b: Hydreigon\n|-damage|p2b: Hydreigon|5/100\n|-start|p2b: Hydreigon|confusion\n|-activate|p2b: Hydreigon|confusion\n|move|p2b: Hydreigon|Tailwind|p2b: Hydreigon\n|-sidestart|p2: DavidTIS|move: Tailwind\n|\n|-weather|RainDance|[upkeep]\n|upkeep\n|\n|t:|1776465223\n|switch|p2a: Lucario|Lucario, L50, F|100/100\n|turn|4\n|inactive|fwmeofwofnfwnfwnfn has 30 seconds left.\n|inactive|DavidTIS has 30 seconds left.\n|\n|t:|1776465254\n|-activate|p2b: Hydreigon|confusion\n|move|p2b: Hydreigon|Protect|p2b: Hydreigon\n|-singleturn|p2b: Hydreigon|Protect\n|move|p1b: Basculegion|Flip Turn|p2b: Hydreigon\n|-activate|p2b: Hydreigon|move: Protect\n|move|p2a: Lucario|Dark Pulse|p1b: Basculegion\n|-supereffective|p1b: Basculegion|1\n|-damage|p1b: Basculegion|32/100\n|move|p1a: Pelipper|Hurricane|p2a: Lucario\n|-damage|p2a: Lucario|14/100\n|\n|-weather|RainDance|[upkeep]\n|-sideend|p1: fwmeofwofnfwnfwnfn|move: Tailwind\n|upkeep\n|turn|5\n|inactive|DavidTIS has 30 seconds left.\n|inactive|fwmeofwofnfwnfwnfn has 30 seconds left.\n|\n|t:|1776465286\n|switch|p1a: Rotom|Rotom-Heat, L50|100/100\n|move|p1b: Basculegion|Aqua Jet|p2b: Hydreigon\n|-resisted|p2b: Hydreigon|1\n|-damage|p2b: Hydreigon|0 fnt\n|faint|p2b: Hydreigon\n|move|p2a: Lucario|Dark Pulse|p1b: Basculegion\n|-supereffective|p1b: Basculegion|1\n|-damage|p1b: Basculegion|0 fnt\n|faint|p1b: Basculegion\n|\n|-weather|none\n|upkeep\n|\n|t:|1776465298\n|switch|p2b: Slowbro|Slowbro-Galar, L50, M|100/100\n|switch|p1b: Pelipper|Pelipper, L50, M|100/100\n|-weather|RainDance|[from] ability: Drizzle|[of] p1b: Pelipper\n|turn|6\n|inactive|fwmeofwofnfwnfwnfn has 30 seconds left.\n|-activate|p2b: Slowbro|ability: Quick Draw\n|\n|t:|1776465331\n|move|p2b: Slowbro|Shell Side Arm|p1a: Rotom|[anim] Shell Side Arm Physical\n|-damage|p1a: Rotom|39/100\n|-hint|Physical Shell Side Arm\n|-enditem|p1a: Rotom|Sitrus Berry|[eat]\n|-heal|p1a: Rotom|63/100|[from] item: Sitrus Berry\n|move|p2a: Lucario|Aura Sphere|p1a: Rotom\n|-damage|p1a: Rotom|11/100\n|move|p1a: Rotom|Thunderbolt|p2b: Slowbro\n|-damage|p2b: Slowbro|45/100\n|move|p1b: Pelipper|Tailwind|p1b: Pelipper\n|-sidestart|p1: fwmeofwofnfwnfwnfn|move: Tailwind\n|\n|-weather|RainDance|[upkeep]\n|-heal|p2b: Slowbro|51/100|[from] item: Leftovers\n|-sideend|p2: DavidTIS|move: Tailwind\n|upkeep\n|turn|7\n|inactive|DavidTIS has 30 seconds left.\n|-activate|p2b: Slowbro|ability: Quick Draw\n|\n|t:|1776465356\n|move|p2a: Lucario|Vacuum Wave|p1a: Rotom\n|-damage|p1a: Rotom|0 fnt\n|faint|p1a: Rotom\n|move|p2b: Slowbro|Shell Side Arm|p1b: Pelipper|[anim] Shell Side Arm Special\n|-damage|p1b: Pelipper|46/100\n|-hint|Special Shell Side Arm\n|move|p1b: Pelipper|Hurricane|p2b: Slowbro\n|-damage|p2b: Slowbro|0 fnt\n|faint|p2b: Slowbro\n|\n|-weather|RainDance|[upkeep]\n|upkeep\n|turn|8\n|\n|t:|1776465372\n|move|p1b: Pelipper|Hurricane|p2a: Lucario\n|-damage|p2a: Lucario|0 fnt\n|faint|p2a: Lucario\n|\n|win|fwmeofwofnfwnfwnfn\n|raw|fwmeofwofnfwnfwnfn's rating: 1122 &rarr; <strong>1152</strong><br />(+30 for winning)\n|raw|DavidTIS's rating: 1195 &rarr; <strong>1165</strong><br />(-30 for losing)\n",
  "uploadtime": 1776465375,
  "views": 35,
  "formatid": "gen9championsvgc2026regma",
  "rating": 1152,
  "private": 0,
  "password": null
}