{
  "id": "gen9championsvgc2026regma-2582334199",
  "format": "[Gen 9 Champions] VGC 2026 Reg M-A",
  "players": [
    "Jah_08",
    "goober mcgoober"
  ],
  "log": "|j|\u2606Jah_08\n|j|\u2606goober mcgoober\n|t:|1776084238\n|gametype|doubles\n|player|p1|Jah_08|alder|1216\n|player|p2|goober mcgoober|harlequin|1185\n|gen|9\n|tier|[Gen 9 Champions] VGC 2026 Reg M-A\n|rated|\n|rule|Species Clause: Limit one of each Pok\u00e9mon\n|rule|Item Clause: Limit 1 of each item\n|clearpoke\n|poke|p1|Basculegion, L50, M|\n|poke|p1|Zoroark-Hisui, L50, M|\n|poke|p1|Conkeldurr, L50, M|\n|poke|p1|Whimsicott, L50, M|\n|poke|p1|Chandelure, L50, F|\n|poke|p1|Vanilluxe, L50, M|\n|poke|p2|Gengar, L50, F|\n|poke|p2|Sinistcha-Masterpiece, L50|\n|poke|p2|Ninetales-Alola, L50, M|\n|poke|p2|Floette-Eternal, L50, F|\n|poke|p2|Snorlax, L50, F|\n|poke|p2|Incineroar, L50, M|\n|teampreview|4\n|inactive|Battle timer is ON: inactive players will automatically lose when time's up. (requested by goober mcgoober)\n|inactive|goober mcgoober has 60 seconds left.\n|inactive|goober mcgoober has 30 seconds left.\n|\n|t:|1776084299\n|teamsize|p1|4\n|teamsize|p2|4\n|start\n|switch|p1a: Basculegion|Basculegion, L50, M|100/100\n|switch|p1b: Conkeldurr|Conkeldurr, L50, M, shiny|100/100\n|switch|p2a: Floette|Floette-Eternal, L50, F|100/100\n|switch|p2b: Ninetales|Ninetales-Alola, L50, M|100/100\n|-weather|Snowscape|[from] ability: Snow Warning|[of] p2b: Ninetales\n|turn|1\n|inactive|Jah_08 has 30 seconds left.\n|\n|t:|1776084329\n|detailschange|p2a: Floette|Floette-Mega, L50, F\n|-mega|p2a: Floette|Floette|Floettite\n|-ability|p2a: Floette|Fairy Aura\n|move|p2a: Floette|Protect|p2a: Floette\n|-singleturn|p2a: Floette|Protect\n|move|p1a: Basculegion|Wave Crash|p2a: Floette\n|-activate|p2a: Floette|move: Protect\n|move|p1b: Conkeldurr|Sludge Bomb|p2a: Floette\n|-activate|p2a: Floette|move: Protect\n|move|p2b: Ninetales|Aurora Veil|p2b: Ninetales\n|-sidestart|p2: goober mcgoober|move: Aurora Veil\n|\n|-weather|Snowscape|[upkeep]\n|upkeep\n|turn|2\n|inactive|goober mcgoober has 30 seconds left.\n|\n|t:|1776084356\n|switch|p2a: Incineroar|Incineroar, L50, M|100/100\n|-ability|p2a: Incineroar|Intimidate|boost\n|-unboost|p1a: Basculegion|atk|1\n|-unboost|p1b: Conkeldurr|atk|1\n|move|p1a: Basculegion|Wave Crash|p2a: Incineroar\n|-supereffective|p2a: Incineroar|1\n|-damage|p2a: Incineroar|33/100\n|-damage|p1a: Basculegion|77/100|[from] Recoil\n|move|p1b: Conkeldurr|Sludge Bomb|p2a: Incineroar\n|-damage|p2a: Incineroar|14/100\n|move|p2b: Ninetales|Blizzard|p1b: Conkeldurr|[spread] p1a,p1b\n|-resisted|p1a: Basculegion|1\n|-damage|p1a: Basculegion|64/100\n|-damage|p1b: Conkeldurr|54/100\n|replace|p1b: Zoroark|Zoroark-Hisui, L50, M\n|-end|p1b: Zoroark|Illusion\n|\n|-weather|Snowscape|[upkeep]\n|-heal|p2a: Incineroar|20/100|[from] item: Leftovers\n|upkeep\n|turn|3\n|inactive|Jah_08 has 30 seconds left.\n|inactive|goober mcgoober has 30 seconds left.\n|\n|t:|1776084383\n|move|p1a: Basculegion|Wave Crash|p2a: Incineroar\n|-supereffective|p2a: Incineroar|1\n|-damage|p2a: Incineroar|0 fnt\n|faint|p2a: Incineroar\n|-damage|p1a: Basculegion|57/100|[from] Recoil\n|move|p1b: Zoroark|Sludge Bomb|p2b: Ninetales\n|-supereffective|p2b: Ninetales|1\n|-damage|p2b: Ninetales|56/100\n|move|p2b: Ninetales|Blizzard|p1a: Basculegion|[spread] p1a,p1b\n|-resisted|p1a: Basculegion|1\n|-damage|p1a: Basculegion|42/100\n|-damage|p1b: Zoroark|5/100\n|-status|p1b: Zoroark|frz\n|\n|-weather|Snowscape|[upkeep]\n|upkeep\n|\n|t:|1776084399\n|switch|p2a: Sinistcha|Sinistcha-Masterpiece, L50|100/100\n|-heal|p2b: Ninetales|81/100|[from] ability: Hospitality|[of] p2a: Sinistcha\n|turn|4\n|\n|t:|1776084413\n|switch|p1a: Vanilluxe|Vanilluxe, L50, M, shiny|100/100\n|cant|p1b: Zoroark|frz\n|move|p2b: Ninetales|Blizzard|p1a: Vanilluxe|[spread] p1a,p1b\n|-resisted|p1a: Vanilluxe|1\n|-damage|p1a: Vanilluxe|91/100\n|-damage|p1b: Zoroark|0 fnt\n|faint|p1b: Zoroark\n|move|p2a: Sinistcha|Shadow Ball|p1a: Vanilluxe\n|-damage|p1a: Vanilluxe|67/100\n|\n|-weather|Snowscape|[upkeep]\n|upkeep\n|\n|t:|1776084432\n|switch|p1b: Basculegion|Basculegion, L50, M|42/100\n|turn|5\n|\n|t:|1776084449\n|move|p1b: Basculegion|Flip Turn|p2b: Ninetales\n|-damage|p2b: Ninetales|56/100\n|\n|t:|1776084452\n|switch|p1b: Conkeldurr|Conkeldurr, L50, M, shiny|100/100|[from] Flip Turn\n|move|p2b: Ninetales|Dazzling Gleam|p1b: Conkeldurr|[spread] p1a,p1b\n|-supereffective|p1b: Conkeldurr|1\n|-damage|p1a: Vanilluxe|53/100\n|-damage|p1b: Conkeldurr|58/100\n|move|p1a: Vanilluxe|Blizzard|p2a: Sinistcha|[spread] p2a,p2b\n|-supereffective|p2a: Sinistcha|1\n|-resisted|p2b: Ninetales|1\n|-damage|p2a: Sinistcha|53/100\n|-damage|p2b: Ninetales|47/100\n|move|p2a: Sinistcha|Shadow Ball|p1b: Conkeldurr\n|-damage|p1b: Conkeldurr|21/100\n|\n|-weather|none\n|-sideend|p2: goober mcgoober|move: Aurora Veil\n|upkeep\n|turn|6\n|inactive|Jah_08 has 30 seconds left.\n|\n|t:|1776084480\n|switch|p2b: Floette|Floette-Mega, L50, F|100/100\n|-ability|p2b: Floette|Fairy Aura\n|move|p1b: Conkeldurr|Wide Guard|p1b: Conkeldurr\n|-singleturn|p1b: Conkeldurr|Wide Guard\n|move|p2a: Sinistcha|Rage Powder|p2a: Sinistcha\n|-singleturn|p2a: Sinistcha|move: Rage Powder\n|move|p1a: Vanilluxe|Freeze-Dry|p2a: Sinistcha\n|-supereffective|p2a: Sinistcha|1\n|-damage|p2a: Sinistcha|0 fnt\n|faint|p2a: Sinistcha\n|\n|upkeep\n|\n|t:|1776084493\n|switch|p2a: Ninetales|Ninetales-Alola, L50, M|47/100\n|-weather|Snowscape|[from] ability: Snow Warning|[of] p2a: Ninetales\n|turn|7\n|\n|t:|1776084509\n|move|p2b: Floette|Light of Ruin|p1a: Vanilluxe\n|-damage|p1a: Vanilluxe|0 fnt\n|faint|p1a: Vanilluxe\n|-damage|p2b: Floette|69/100|[from] Recoil\n|move|p2a: Ninetales|Dazzling Gleam|p1b: Conkeldurr\n|-supereffective|p1b: Conkeldurr|1\n|-damage|p1b: Conkeldurr|0 fnt\n|faint|p1b: Conkeldurr\n|\n|-weather|Snowscape|[upkeep]\n|upkeep\n|\n|t:|1776084522\n|switch|p1a: Basculegion|Basculegion, L50, M|42/100\n|turn|8\n|\n|t:|1776084528\n|move|p1a: Basculegion|Last Respects|p2b: Floette\n|-damage|p2b: Floette|0 fnt\n|faint|p2b: Floette\n|move|p2a: Ninetales|Dazzling Gleam|p1a: Basculegion\n|-damage|p1a: Basculegion|15/100\n|\n|-weather|Snowscape|[upkeep]\n|upkeep\n|turn|9\n|\n|t:|1776084540\n|move|p1a: Basculegion|Last Respects|p2a: Ninetales\n|-damage|p2a: Ninetales|0 fnt\n|faint|p2a: Ninetales\n|\n|win|Jah_08\n|raw|Jah_08's rating: 1216 &rarr; <strong>1239</strong><br />(+23 for winning)\n|raw|goober mcgoober's rating: 1185 &rarr; <strong>1162</strong><br />(-23 for losing)\n|l|\u2606goober mcgoober\n|player|p2|\n",
  "uploadtime": 1776084555,
  "views": 18,
  "formatid": "gen9championsvgc2026regma",
  "rating": 1162,
  "private": 0,
  "password": null
}