{
  "id": "gen9championsvgc2026regma-2585385837",
  "format": "[Gen 9 Champions] VGC 2026 Reg M-A",
  "players": [
    "miredsvgc",
    "abring15"
  ],
  "log": "|j|\u2606miredsvgc\n|j|\u2606abring15\n|t:|1776343382\n|gametype|doubles\n|player|p1|miredsvgc|1|1277\n|player|p2|abring15|102|1296\n|gen|9\n|tier|[Gen 9 Champions] VGC 2026 Reg M-A\n|rated|\n|rule|Species Clause: Limit one of each Pok\u00e9mon\n|rule|Item Clause: Limit 1 of each item\n|clearpoke\n|poke|p1|Sneasler, L50, M|\n|poke|p1|Kingambit, L50, F|\n|poke|p1|Garchomp, L50, M|\n|poke|p1|Basculegion, L50, M|\n|poke|p1|Floette-Eternal, L50, F|\n|poke|p1|Froslass, L50, F|\n|poke|p2|Meganium, L50, F|\n|poke|p2|Tyranitar, L50, F|\n|poke|p2|Excadrill, L50, M|\n|poke|p2|Farigiraf, L50, M|\n|poke|p2|Aerodactyl, L50, F|\n|poke|p2|Incineroar, L50, F|\n|teampreview|4\n|inactive|Battle timer is ON: inactive players will automatically lose when time's up. (requested by abring15)\nabring15 rejected open team sheets.\n|inactive|miredsvgc has 60 seconds left.\n|inactive|miredsvgc has 30 seconds left.\n|\n|t:|1776343462\n|teamsize|p1|4\n|teamsize|p2|4\n|start\n|switch|p1a: Froslass|Froslass, L50, F|100/100\n|switch|p1b: Kingambit|Kingambit, L50, F|100/100\n|switch|p2a: Meganium|Meganium, L50, F|100/100\n|switch|p2b: Farigiraf|Farigiraf, L50, M|100/100\n|turn|1\n|inactive|miredsvgc has 30 seconds left.\n|\n|t:|1776343490\n|detailschange|p1a: Froslass|Froslass-Mega, L50, F\n|-mega|p1a: Froslass|Froslass|Froslassite\n|-weather|Snowscape|[from] ability: Snow Warning|[of] p1a: Froslass\n|detailschange|p2a: Meganium|Meganium-Mega, L50, F\n|-mega|p2a: Meganium|Meganium|Meganiumite\n|move|p1a: Froslass|Aurora Veil|p1a: Froslass\n|-sidestart|p1: miredsvgc|move: Aurora Veil\n|move|p2a: Meganium|Weather Ball|p1b: Kingambit\n|-supereffective|p1b: Kingambit|1\n|-damage|p1b: Kingambit|17/100\n|move|p1b: Kingambit|Kowtow Cleave|p2b: Farigiraf\n|-supereffective|p2b: Farigiraf|1\n|-damage|p2b: Farigiraf|20/100\n|-enditem|p2b: Farigiraf|Sitrus Berry|[eat]\n|-heal|p2b: Farigiraf|45/100|[from] item: Sitrus Berry\n|move|p2b: Farigiraf|Psychic|p1a: Froslass\n|-damage|p1a: Froslass|76/100\n|-unboost|p1a: Froslass|spd|1\n|\n|-weather|Snowscape|[upkeep]\n|upkeep\n|turn|2\n|\n|t:|1776343513\n|switch|p1b: Basculegion|Basculegion, L50, M|100/100\n|switch|p2b: Tyranitar|Tyranitar, L50, F|100/100\n|-weather|Sandstorm|[from] ability: Sand Stream|[of] p2b: Tyranitar\n|move|p2a: Meganium|Protect|p2a: Meganium\n|-singleturn|p2a: Meganium|Protect\n|move|p1a: Froslass|Blizzard|p2a: Meganium|[spread] p2b\n|-activate|p2a: Meganium|move: Protect\n|-damage|p2b: Tyranitar|82/100\n|\n|-weather|Sandstorm|[upkeep]\n|-damage|p1a: Froslass|70/100|[from] Sandstorm\n|-damage|p1b: Basculegion|94/100|[from] Sandstorm\n|-damage|p2a: Meganium|95/100|[from] Sandstorm\n|-heal|p2b: Tyranitar|87/100|[from] item: Leftovers\n|upkeep\n|turn|3\n|inactive|miredsvgc has 30 seconds left.\n|\n|t:|1776343539\n|switch|p1a: Garchomp|Garchomp, L50, M|100/100\n|switch|p2a: Incineroar|Incineroar, L50, F|100/100\n|-ability|p2a: Incineroar|Intimidate|boost\n|-unboost|p1a: Garchomp|atk|1\n|-unboost|p1b: Basculegion|atk|1\n|move|p1b: Basculegion|Wave Crash|p2b: Tyranitar\n|-supereffective|p2b: Tyranitar|1\n|-damage|p2b: Tyranitar|0 fnt\n|faint|p2b: Tyranitar\n|-damage|p1b: Basculegion|67/100|[from] Recoil\n|\n|-weather|Sandstorm|[upkeep]\n|-damage|p1b: Basculegion|61/100|[from] Sandstorm\n|-damage|p2a: Incineroar|95/100|[from] Sandstorm\n|upkeep\n|\n|t:|1776343552\n|switch|p2b: Meganium|Meganium-Mega, L50, F|95/100\n|turn|4\n|\n|t:|1776343561\n|switch|p1b: Froslass|Froslass-Mega, L50, F|70/100\n|-weather|Snowscape|[from] ability: Snow Warning|[of] p1b: Froslass\n|move|p2a: Incineroar|Fake Out|p1a: Garchomp\n|-damage|p1a: Garchomp|94/100\n|-damage|p2a: Incineroar|82/100|[from] ability: Rough Skin|[of] p1a: Garchomp\n|cant|p1a: Garchomp|flinch\n|move|p2b: Meganium|Solar Beam||[still]\n|-prepare|p2b: Meganium|Solar Beam\n|-activate|p2b: Meganium|ability: Mega Sol\n|-anim|p2b: Meganium|Solar Beam|p1b: Froslass\n|-damage|p1b: Froslass|19/100\n|\n|-weather|Snowscape|[upkeep]\n|upkeep\n|turn|5\n|\n|t:|1776343583\n|move|p2b: Meganium|Protect|p2b: Meganium\n|-singleturn|p2b: Meganium|Protect\n|move|p1b: Froslass|Blizzard|p2b: Meganium|[spread] p2a\n|-activate|p2b: Meganium|move: Protect\n|-resisted|p2a: Incineroar|1\n|-damage|p2a: Incineroar|65/100\n|-status|p2a: Incineroar|frz\n|move|p1a: Garchomp|Rock Slide|p2b: Meganium|[spread] p2a\n|-activate|p2b: Meganium|move: Protect\n|-supereffective|p2a: Incineroar|1\n|-damage|p2a: Incineroar|44/100 frz\n|-curestatus|p2a: Incineroar|frz|[from] move: Flare Blitz\n|move|p2a: Incineroar|Flare Blitz|p1b: Froslass\n|-supereffective|p1b: Froslass|1\n|-damage|p1b: Froslass|0 fnt\n|faint|p1b: Froslass\n|-damage|p2a: Incineroar|39/100|[from] Recoil\n|\n|-weather|Snowscape|[upkeep]\n|-sideend|p1: miredsvgc|move: Aurora Veil\n|upkeep\n|\n|t:|1776343602\n|switch|p1b: Basculegion|Basculegion, L50, M|61/100\n|turn|6\n|\n|t:|1776343609\n|switch|p2a: Farigiraf|Farigiraf, L50, M|45/100\n|move|p1a: Garchomp|Rock Slide|p2a: Farigiraf|[spread] p2b\n|-miss|p1a: Garchomp|p2a: Farigiraf\n|-damage|p2b: Meganium|84/100\n|move|p1b: Basculegion|Last Respects|p2b: Meganium\n|-damage|p2b: Meganium|26/100\n|move|p2b: Meganium|Solar Beam||[still]\n|-prepare|p2b: Meganium|Solar Beam\n|-activate|p2b: Meganium|ability: Mega Sol\n|-anim|p2b: Meganium|Solar Beam|p1a: Garchomp\n|-damage|p1a: Garchomp|24/100\n|\n|-weather|Snowscape|[upkeep]\n|upkeep\n|turn|7\n|inactive|miredsvgc has 30 seconds left.\n|\n|t:|1776343641\n|switch|p2b: Incineroar|Incineroar, L50, F|39/100\n|-ability|p2b: Incineroar|Intimidate|boost\n|-unboost|p1a: Garchomp|atk|1\n|-unboost|p1b: Basculegion|atk|1\n|move|p1a: Garchomp|Rock Slide|p2b: Incineroar|[spread] p2a,p2b\n|-supereffective|p2b: Incineroar|1\n|-damage|p2a: Farigiraf|38/100\n|-damage|p2b: Incineroar|24/100\n|move|p1b: Basculegion|Wave Crash|p2a: Farigiraf\n|-damage|p2a: Farigiraf|0 fnt\n|faint|p2a: Farigiraf\n|-damage|p1b: Basculegion|48/100|[from] Recoil\n|-enditem|p1b: Basculegion|Sitrus Berry|[eat]\n|-heal|p1b: Basculegion|73/100|[from] item: Sitrus Berry\n|\n|-weather|Snowscape|[upkeep]\n|upkeep\n|\n|t:|1776343651\n|switch|p2a: Meganium|Meganium-Mega, L50, F|26/100\n|turn|8\n|\n|t:|1776343669\n|switch|p1a: Kingambit|Kingambit, L50, F|17/100\n|move|p1b: Basculegion|Protect|p1b: Basculegion\n|-singleturn|p1b: Basculegion|Protect\n|move|p2a: Meganium|Protect|p2a: Meganium\n|-singleturn|p2a: Meganium|Protect\n|move|p2b: Incineroar|Darkest Lariat|p1b: Basculegion\n|-activate|p1b: Basculegion|move: Protect\n|\n|-weather|none\n|upkeep\n|turn|9\n|inactive|miredsvgc has 30 seconds left.\n|\n|t:|1776343697\n|move|p2a: Meganium|Protect|p2a: Meganium\n|-singleturn|p2a: Meganium|Protect\n|move|p1b: Basculegion|Last Respects|p2a: Meganium\n|-activate|p2a: Meganium|move: Protect\n|move|p1a: Kingambit|Low Kick|p2b: Incineroar\n|-supereffective|p2b: Incineroar|1\n|-damage|p2b: Incineroar|0 fnt\n|faint|p2b: Incineroar\n|\n|upkeep\n|turn|10\n|-message|abring15 forfeited.\n|\n|win|miredsvgc\n|raw|miredsvgc's rating: 1277 &rarr; <strong>1303</strong><br />(+26 for winning)\n|raw|abring15's rating: 1296 &rarr; <strong>1270</strong><br />(-26 for losing)\n|l|\u2606abring15\n|player|p2|\n",
  "uploadtime": 1776343709,
  "views": 48,
  "formatid": "gen9championsvgc2026regma",
  "rating": 1270,
  "private": 0,
  "password": null
}