{
  "id": "gen9championsvgc2026regma-2587963428",
  "format": "[Gen 9 Champions] VGC 2026 Reg M-A",
  "players": [
    "kettil",
    "ihatecalyrexes"
  ],
  "log": "|j|\u2606kettil\n|j|\u2606ihatecalyrexes\n|t:|1776585571\n|gametype|doubles\n|player|p1|kettil|waiter-gen4dp|1164\n|player|p2|ihatecalyrexes|hilbert|1160\n|gen|9\n|tier|[Gen 9 Champions] VGC 2026 Reg M-A\n|rated|\n|rule|Species Clause: Limit one of each Pok\u00e9mon\n|rule|Item Clause: Limit 1 of each item\n|clearpoke\n|poke|p1|Golurk, L50|\n|poke|p1|Farigiraf, L50, F|\n|poke|p1|Incineroar, L50, M|\n|poke|p1|Torkoal, L50, M|\n|poke|p1|Sneasler, L50, M|\n|poke|p1|Venusaur, L50, M|\n|poke|p2|Blastoise, L50, M|\n|poke|p2|Pelipper, L50, F|\n|poke|p2|Incineroar, L50, M|\n|poke|p2|Clefable, L50, F|\n|poke|p2|Basculegion, L50, M|\n|poke|p2|Archaludon, L50, M|\n|teampreview|4\n|\n|t:|1776585594\n|teamsize|p1|4\n|teamsize|p2|4\n|start\n|switch|p1a: Farigiraf|Farigiraf, L50, F|100/100\n|switch|p1b: Incineroar|Incineroar, L50, M|100/100\n|switch|p2a: Basculegion|Basculegion, L50, M|100/100\n|switch|p2b: WOLFE GLICK|Incineroar, L50, M|100/100\n|-ability|p1b: Incineroar|Intimidate|boost\n|-unboost|p2a: Basculegion|atk|1\n|-unboost|p2b: WOLFE GLICK|atk|1\n|-ability|p2b: WOLFE GLICK|Intimidate|boost\n|-unboost|p1a: Farigiraf|atk|1\n|-unboost|p1b: Incineroar|atk|1\n|turn|1\n|inactive|Battle timer is ON: inactive players will automatically lose when time's up. (requested by ihatecalyrexes)\n|\n|t:|1776585612\n|switch|p2b: Pelipper|Pelipper, L50, F|100/100\n|-weather|RainDance|[from] ability: Drizzle|[of] p2b: Pelipper\n|move|p2a: Basculegion|Wave Crash|p1a: Farigiraf\n|-damage|p1a: Farigiraf|35/100\n|-enditem|p1a: Farigiraf|Sitrus Berry|[eat]\n|-heal|p1a: Farigiraf|60/100|[from] item: Sitrus Berry\n|-damage|p2a: Basculegion|76/100|[from] Recoil\n|move|p1b: Incineroar|Throat Chop|p2a: Basculegion\n|-supereffective|p2a: Basculegion|1\n|-damage|p2a: Basculegion|18/100\n|-start|p2a: Basculegion|Throat Chop|[silent]\n|move|p1a: Farigiraf|Trick Room|p1a: Farigiraf\n|-fieldstart|move: Trick Room|[of] p1a: Farigiraf\n|\n|-weather|RainDance|[upkeep]\n|upkeep\n|turn|2\n|inactive|ihatecalyrexes has 30 seconds left.\n|inactive|ihatecalyrexes has 20 seconds left.\n|inactive|ihatecalyrexes has 15 seconds left.\n|\n|t:|1776585654\n|switch|p2a: WOLFE GLICK|Incineroar, L50, M|100/100\n|-ability|p2a: WOLFE GLICK|Intimidate|boost\n|-unboost|p1a: Farigiraf|atk|1\n|-unboost|p1b: Incineroar|atk|1\n|move|p1a: Farigiraf|Psychic|p2a: WOLFE GLICK\n|-immune|p2a: WOLFE GLICK\n|move|p1b: Incineroar|Parting Shot|p2b: Pelipper\n|-unboost|p2b: Pelipper|atk|1\n|-unboost|p2b: Pelipper|spa|1\n|\n|t:|1776585667\n|switch|p1b: Golurk|Golurk, L50|100/100|[from] Parting Shot\n|move|p2b: Pelipper|Weather Ball|p1a: Farigiraf\n|-damage|p1a: Farigiraf|20/100\n|\n|-weather|RainDance|[upkeep]\n|upkeep\n|turn|3\n|\n|t:|1776585690\n|detailschange|p1b: Golurk|Golurk-Mega, L50\n|-mega|p1b: Golurk|Golurk|Golurkite\n|move|p1a: Farigiraf|Helping Hand|p1b: Golurk\n|-singleturn|p1b: Golurk|Helping Hand|[of] p1a: Farigiraf\n|move|p2b: Pelipper|Protect|p2b: Pelipper\n|-singleturn|p2b: Pelipper|Protect\n|move|p1b: Golurk|Drain Punch|p2a: WOLFE GLICK\n|-supereffective|p2a: WOLFE GLICK|1\n|-damage|p2a: WOLFE GLICK|21/100\n|-enditem|p2a: WOLFE GLICK|Sitrus Berry|[eat]\n|-heal|p2a: WOLFE GLICK|46/100|[from] item: Sitrus Berry\n|move|p2a: WOLFE GLICK|Parting Shot|p1b: Golurk\n|-unboost|p1b: Golurk|atk|1\n|-unboost|p1b: Golurk|spa|1\n|\n|t:|1776585703\n|switch|p2a: Basculegion|Basculegion, L50, M|18/100|[from] Parting Shot\n|\n|-weather|RainDance|[upkeep]\n|upkeep\n|turn|4\n|inactive|ihatecalyrexes has 30 seconds left.\n|\n|t:|1776585730\n|switch|p1b: Torkoal|Torkoal, L50, M|100/100\n|-weather|SunnyDay|[from] ability: Drought|[of] p1b: Torkoal\n|switch|p2a: WOLFE GLICK|Incineroar, L50, M|46/100\n|-ability|p2a: WOLFE GLICK|Intimidate|boost\n|-unboost|p1a: Farigiraf|atk|1\n|-unboost|p1b: Torkoal|atk|1\n|move|p1a: Farigiraf|Psychic|p2a: WOLFE GLICK\n|-immune|p2a: WOLFE GLICK\n|move|p2b: Pelipper|Weather Ball|p1a: Farigiraf\n|-damage|p1a: Farigiraf|0 fnt\n|faint|p1a: Farigiraf\n|\n|-weather|SunnyDay|[upkeep]\n|upkeep\n|\n|t:|1776585752\n|switch|p1a: Golurk|Golurk-Mega, L50|100/100\n|turn|5\n|\n|t:|1776585761\n|switch|p2a: Basculegion|Basculegion, L50, M|18/100\n|switch|p2b: Blastoise|Blastoise, L50, M|100/100\n|move|p1b: Torkoal|Eruption|p2b: Blastoise|[spread] p2a,p2b\n|-resisted|p2a: Basculegion|1\n|-resisted|p2b: Blastoise|1\n|-damage|p2a: Basculegion|0 fnt\n|-damage|p2b: Blastoise|56/100\n|faint|p2a: Basculegion\n|move|p1a: Golurk|Drain Punch|p2b: Blastoise\n|-crit|p2b: Blastoise\n|-damage|p2b: Blastoise|2/100\n|\n|-weather|SunnyDay|[upkeep]\n|-fieldend|move: Trick Room\n|upkeep\n|\n|t:|1776585771\n|switch|p2a: Pelipper|Pelipper, L50, F|100/100\n|-weather|RainDance|[from] ability: Drizzle|[of] p2a: Pelipper\n|turn|6\n|l|\u2606kettil\n|inactive|kettil disconnected and has a minute to reconnect!\n|player|p1|\n|inactive|kettil has 30 seconds left.\n|inactive|ihatecalyrexes has 30 seconds left.\n|inactive|kettil has 20 seconds left.\n|inactive|kettil has 15 seconds left.\n|j|\u2606kettil\n|inactive|kettil reconnected and has 15 seconds left.\n|player|p1|kettil|waiter-gen4dp|\n|inactive|kettil has 10 seconds left.\n|inactive|kettil has 5 seconds left.\n|\n|t:|1776585826\n|detailschange|p2b: Blastoise|Blastoise-Mega, L50, M\n|-mega|p2b: Blastoise|Blastoise|Blastoisinite\n|move|p2b: Blastoise|Water Pulse|p1a: Golurk\n|-supereffective|p1a: Golurk|1\n|-damage|p1a: Golurk|0 fnt\n|faint|p1a: Golurk\n|move|p2a: Pelipper|Weather Ball|p1b: Torkoal\n|-supereffective|p1b: Torkoal|1\n|-damage|p1b: Torkoal|0 fnt\n|faint|p1b: Torkoal\n|\n|-weather|RainDance|[upkeep]\n|upkeep\n|\n|t:|1776585838\n|switch|p1a: Incineroar|Incineroar, L50, M|100/100\n|-ability|p1a: Incineroar|Intimidate|boost\n|-unboost|p2a: Pelipper|atk|1\n|-unboost|p2b: Blastoise|atk|1\n|turn|7\n|\n|t:|1776585845\n|move|p2b: Blastoise|Protect|p2b: Blastoise\n|-singleturn|p2b: Blastoise|Protect\n|move|p1a: Incineroar|Fake Out|p2b: Blastoise\n|-activate|p2b: Blastoise|move: Protect\n|move|p2a: Pelipper|Weather Ball|p1a: Incineroar\n|-supereffective|p1a: Incineroar|1\n|-damage|p1a: Incineroar|0 fnt\n|faint|p1a: Incineroar\n|\n|win|ihatecalyrexes\n|raw|kettil's rating: 1164 &rarr; <strong>1139</strong><br />(-25 for losing)\n|raw|ihatecalyrexes's rating: 1160 &rarr; <strong>1185</strong><br />(+25 for winning)\n",
  "uploadtime": 1776585863,
  "views": 16,
  "formatid": "gen9championsvgc2026regma",
  "rating": 1139,
  "private": 0,
  "password": null
}