{
  "id": "gen9championsvgc2026regma-2585776550",
  "format": "[Gen 9 Champions] VGC 2026 Reg M-A",
  "players": [
    "Wartac",
    "Eureca"
  ],
  "log": "|j|\u2606Wartac\n|j|\u2606Eureca\n|t:|1776369846\n|gametype|doubles\n|player|p1|Wartac|gambler|1052\n|player|p2|Eureca|170|1040\n|gen|9\n|tier|[Gen 9 Champions] VGC 2026 Reg M-A\n|rated|\n|rule|Species Clause: Limit one of each Pok\u00e9mon\n|rule|Item Clause: Limit 1 of each item\n|clearpoke\n|poke|p1|Venusaur, L50, F|\n|poke|p1|Basculegion, L50, M|\n|poke|p1|Incineroar, L50, M|\n|poke|p1|Sneasler, L50, F|\n|poke|p1|Dragonite, L50, F|\n|poke|p1|Kingambit, L50, F|\n|poke|p2|Gengar, L50, M|\n|poke|p2|Sinistcha, L50|\n|poke|p2|Tyranitar, L50, F|\n|poke|p2|Kingambit, L50, M|\n|poke|p2|Incineroar, L50, M|\n|poke|p2|Kommo-o, L50, F|\n|teampreview|4\n|inactive|Battle timer is ON: inactive players will automatically lose when time's up. (requested by Eureca)\n|inactive|Eureca has 60 seconds left.\n|\n|t:|1776369886\n|teamsize|p1|4\n|teamsize|p2|4\n|start\n|switch|p1a: Sneasler|Sneasler, L50, F|100/100\n|switch|p1b: Dragonite|Dragonite, L50, F, shiny|100/100\n|switch|p2a: Gengar|Gengar, L50, M|100/100\n|switch|p2b: Tyranitar|Tyranitar, L50, F|100/100\n|-weather|Sandstorm|[from] ability: Sand Stream|[of] p2b: Tyranitar\n|turn|1\n|inactive|Wartac has 30 seconds left.\n|\n|t:|1776369916\n|switch|p1a: Basculegion|Basculegion, L50, M|100/100\n|detailschange|p2a: Gengar|Gengar-Mega, L50, M\n|-mega|p2a: Gengar|Gengar|Gengarite\n|detailschange|p1b: Dragonite|Dragonite-Mega, L50, F, shiny\n|-mega|p1b: Dragonite|Dragonite|Dragoninite\n|move|p2a: Gengar|Shadow Ball|p1b: Dragonite\n|-damage|p1b: Dragonite|80/100\n|-unboost|p1b: Dragonite|spd|1\n|move|p2b: Tyranitar|Rock Slide|p1b: Dragonite|[spread] p1a\n|-miss|p2b: Tyranitar|p1b: Dragonite\n|-damage|p1a: Basculegion|63/100\n|move|p1b: Dragonite|Dragon Pulse|p2a: Gengar\n|-damage|p2a: Gengar|31/100\n|\n|-weather|Sandstorm|[upkeep]\n|-damage|p1a: Basculegion|57/100|[from] Sandstorm\n|-damage|p2a: Gengar|25/100|[from] Sandstorm\n|-damage|p1b: Dragonite|74/100|[from] Sandstorm\n|upkeep\n|turn|2\n|inactive|Eureca has 30 seconds left.\n|\n|t:|1776369943\n|move|p2a: Gengar|Protect|p2a: Gengar\n|-singleturn|p2a: Gengar|Protect\n|move|p1a: Basculegion|Flip Turn|p2a: Gengar\n|-activate|p2a: Gengar|move: Protect\n|move|p2b: Tyranitar|Rock Slide|p1b: Dragonite|[spread] p1a\n|-miss|p2b: Tyranitar|p1b: Dragonite\n|-crit|p1a: Basculegion\n|-damage|p1a: Basculegion|0 fnt\n|faint|p1a: Basculegion\n|move|p1b: Dragonite|Roost|p1b: Dragonite\n|-heal|p1b: Dragonite|100/100\n|-singleturn|p1b: Dragonite|move: Roost\n|\n|-weather|Sandstorm|[upkeep]\n|-damage|p2a: Gengar|19/100|[from] Sandstorm\n|-damage|p1b: Dragonite|94/100|[from] Sandstorm\n|upkeep\n|\n|t:|1776369956\n|switch|p1a: Kingambit|Kingambit, L50, F|100/100\n|turn|3\n|\n|t:|1776369973\n|switch|p2a: Kingambit|Kingambit, L50, M|100/100\n|switch|p2b: Sinistcha|Sinistcha, L50|100/100\n|move|p1b: Dragonite|Dragon Pulse|p2a: Kingambit\n|-resisted|p2a: Kingambit|1\n|-damage|p2a: Kingambit|76/100\n|move|p1a: Kingambit|Iron Head|p2b: Sinistcha\n|-damage|p2b: Sinistcha|68/100\n|\n|-weather|Sandstorm|[upkeep]\n|-damage|p1b: Dragonite|88/100|[from] Sandstorm\n|-damage|p2b: Sinistcha|62/100|[from] Sandstorm\n|upkeep\n|turn|4\n|\n|t:|1776369991\n|move|p1a: Kingambit|Protect|p1a: Kingambit\n|-singleturn|p1a: Kingambit|Protect\n|move|p2b: Sinistcha|Rage Powder|p2b: Sinistcha\n|-singleturn|p2b: Sinistcha|move: Rage Powder\n|move|p1b: Dragonite|Thunderbolt|p2b: Sinistcha\n|-resisted|p2b: Sinistcha|1\n|-damage|p2b: Sinistcha|41/100\n|-status|p2b: Sinistcha|par\n|-enditem|p2b: Sinistcha|Sitrus Berry|[eat]\n|-heal|p2b: Sinistcha|66/100 par|[from] item: Sitrus Berry\n|move|p2a: Kingambit|Low Kick|p1a: Kingambit\n|-activate|p1a: Kingambit|move: Protect\n|\n|-weather|Sandstorm|[upkeep]\n|-damage|p1b: Dragonite|82/100|[from] Sandstorm\n|-damage|p2b: Sinistcha|59/100 par|[from] Sandstorm\n|upkeep\n|turn|5\n|inactive|Wartac has 30 seconds left.\n|\n|t:|1776370021\n|switch|p1a: Sneasler|Sneasler, L50, F|100/100\n|move|p2b: Sinistcha|Rage Powder|p2b: Sinistcha\n|-singleturn|p2b: Sinistcha|move: Rage Powder\n|move|p1b: Dragonite|Dragon Pulse|p2b: Sinistcha\n|-crit|p2b: Sinistcha\n|-damage|p2b: Sinistcha|0 fnt\n|faint|p2b: Sinistcha\n|move|p2a: Kingambit|Low Kick|p1a: Sneasler\n|-resisted|p1a: Sneasler|1\n|-damage|p1a: Sneasler|82/100\n|\n|-weather|none\n|upkeep\n|\n|t:|1776370031\n|switch|p2b: Tyranitar|Tyranitar, L50, F|100/100\n|-weather|Sandstorm|[from] ability: Sand Stream|[of] p2b: Tyranitar\n|turn|6\n|\n|t:|1776370045\n|move|p2a: Kingambit|Sucker Punch|p1a: Sneasler\n|-resisted|p1a: Sneasler|1\n|-damage|p1a: Sneasler|46/100\n|move|p1a: Sneasler|Close Combat|p2b: Tyranitar\n|-supereffective|p2b: Tyranitar|2\n|-crit|p2b: Tyranitar\n|-damage|p2b: Tyranitar|0 fnt\n|-unboost|p1a: Sneasler|def|1\n|-unboost|p1a: Sneasler|spd|1\n|faint|p2b: Tyranitar\n|move|p1b: Dragonite|Roost|p1b: Dragonite\n|-heal|p1b: Dragonite|100/100\n|-singleturn|p1b: Dragonite|move: Roost\n|\n|-weather|Sandstorm|[upkeep]\n|-damage|p1a: Sneasler|40/100|[from] Sandstorm\n|-damage|p1b: Dragonite|94/100|[from] Sandstorm\n|upkeep\n|\n|t:|1776370051\n|switch|p2b: Gengar|Gengar-Mega, L50, M|19/100\n|turn|7\n|\n|t:|1776370060\n|move|p1a: Sneasler|Protect|p1a: Sneasler\n|-singleturn|p1a: Sneasler|Protect\n|move|p1b: Dragonite|Protect|p1b: Dragonite\n|-singleturn|p1b: Dragonite|Protect\n|move|p2a: Kingambit|Sucker Punch||[still]\n|-fail|p2a: Kingambit\n|move|p2b: Gengar|Shadow Ball|p1b: Dragonite\n|-activate|p1b: Dragonite|move: Protect\n|\n|-weather|Sandstorm|[upkeep]\n|-damage|p2b: Gengar|13/100|[from] Sandstorm\n|-damage|p1a: Sneasler|34/100|[from] Sandstorm\n|-damage|p1b: Dragonite|88/100|[from] Sandstorm\n|upkeep\n|turn|8\n|\n|t:|1776370068\n|move|p1a: Sneasler|Protect||[still]\n|-fail|p1a: Sneasler\n|move|p2a: Kingambit|Sucker Punch||[still]\n|-fail|p2a: Kingambit\n|move|p2b: Gengar|Shadow Ball|p1b: Dragonite\n|-damage|p1b: Dragonite|26/100\n|move|p1b: Dragonite|Dragon Pulse|p2b: Gengar\n|-damage|p2b: Gengar|0 fnt\n|faint|p2b: Gengar\n|\n|-weather|Sandstorm|[upkeep]\n|-damage|p1a: Sneasler|28/100|[from] Sandstorm\n|-damage|p1b: Dragonite|20/100|[from] Sandstorm\n|upkeep\n|turn|9\n|\n|t:|1776370084\n|move|p2a: Kingambit|Sucker Punch|p1a: Sneasler\n|-resisted|p1a: Sneasler|1\n|-damage|p1a: Sneasler|0 fnt\n|faint|p1a: Sneasler\n|move|p1b: Dragonite|Roost|p1b: Dragonite\n|-heal|p1b: Dragonite|70/100\n|-singleturn|p1b: Dragonite|move: Roost\n|\n|-weather|Sandstorm|[upkeep]\n|-damage|p1b: Dragonite|64/100|[from] Sandstorm\n|upkeep\n|\n|t:|1776370094\n|switch|p1a: Kingambit|Kingambit, L50, F|100/100\n|turn|10\n|\n|t:|1776370101\n|move|p1a: Kingambit|Protect|p1a: Kingambit\n|-singleturn|p1a: Kingambit|Protect\n|move|p1b: Dragonite|Roost|p1b: Dragonite\n|-heal|p1b: Dragonite|100/100\n|-singleturn|p1b: Dragonite|move: Roost\n|move|p2a: Kingambit|Low Kick|p1a: Kingambit\n|-activate|p1a: Kingambit|move: Protect\n|\n|-weather|none\n|upkeep\n|turn|11\n|\n|t:|1776370123\n|move|p1b: Dragonite|Thunderbolt|p2a: Kingambit\n|-crit|p2a: Kingambit\n|-damage|p2a: Kingambit|19/100\n|move|p1a: Kingambit|Kowtow Cleave|p2a: Kingambit\n|-resisted|p2a: Kingambit|1\n|-damage|p2a: Kingambit|0 fnt\n|faint|p2a: Kingambit\n|\n|win|Wartac\n|raw|Wartac's rating: 1052 &rarr; <strong>1083</strong><br />(+31 for winning)\n|raw|Eureca's rating: 1040 &rarr; <strong>1025</strong><br />(-15 for losing)\n|l|\u2606Eureca\n|player|p2|\n",
  "uploadtime": 1776370139,
  "views": 27,
  "formatid": "gen9championsvgc2026regma",
  "rating": 1025,
  "private": 0,
  "password": null
}