{
  "id": "gen9championsvgc2026regma-2586370903",
  "format": "[Gen 9 Champions] VGC 2026 Reg M-A",
  "players": [
    "ChronicNikos",
    "W0kMeDed"
  ],
  "log": "|j|\u2606ChronicNikos\n|j|\u2606W0kMeDed\n|t:|1776429612\n|gametype|doubles\n|player|p1|ChronicNikos|cynthia-gen4|1382\n|player|p2|W0kMeDed|palmer|1443\n|gen|9\n|tier|[Gen 9 Champions] VGC 2026 Reg M-A\n|rated|\n|rule|Species Clause: Limit one of each Pok\u00e9mon\n|rule|Item Clause: Limit 1 of each item\n|clearpoke\n|poke|p1|Gengar, L50, F|\n|poke|p1|Incineroar, L50, M|\n|poke|p1|Politoed, L50, M|\n|poke|p1|Archaludon, L50, F|\n|poke|p1|Basculegion, L50, M|\n|poke|p1|Meganium, L50, M|\n|poke|p2|Kangaskhan, L50, F|\n|poke|p2|Sylveon, L50, F|\n|poke|p2|Sneasler, L50, M|\n|poke|p2|Talonflame, L50, M|\n|poke|p2|Sinistcha, L50|\n|poke|p2|Milotic, L50, F|\n|teampreview|4\nChronicNikos rejected open team sheets.\n|\n|t:|1776429651\n|teamsize|p1|4\n|teamsize|p2|4\n|start\n|switch|p1a: AllThingsMustDie|Gengar, L50, F, shiny|100/100\n|switch|p1b: Tri-Hard|Basculegion, L50, M|100/100\n|switch|p2a: Ramiel|Sylveon, L50, F|100/100\n|switch|p2b: Hwoarang|Talonflame, L50, M|100/100\n|turn|1\n|\n|t:|1776429698\n|detailschange|p1a: AllThingsMustDie|Gengar-Mega, L50, F, shiny\n|-mega|p1a: AllThingsMustDie|Gengar|Gengarite\n|move|p2b: Hwoarang|Tailwind|p2b: Hwoarang\n|-sidestart|p2: W0kMeDed|move: Tailwind\n|move|p2a: Ramiel|Hyper Voice|p1b: Tri-Hard|[spread] p1a,p1b\n|-resisted|p1a: AllThingsMustDie|1\n|-damage|p1a: AllThingsMustDie|71/100\n|-damage|p1b: Tri-Hard|39/100\n|move|p1b: Tri-Hard|Wave Crash|p2a: Ramiel\n|-damage|p2a: Ramiel|0 fnt\n|faint|p2a: Ramiel\n|-damage|p1b: Tri-Hard|10/100|[from] Recoil\n|move|p1a: AllThingsMustDie|Perish Song|p1a: AllThingsMustDie\n|-start|p1a: AllThingsMustDie|perish3|[silent]\n|-start|p1b: Tri-Hard|perish3|[silent]\n|-start|p2b: Hwoarang|perish3|[silent]\n|-fieldactivate|move: Perish Song\n|\n|-start|p2b: Hwoarang|perish3\n|-start|p1b: Tri-Hard|perish3\n|-start|p1a: AllThingsMustDie|perish3\n|upkeep\n|\n|t:|1776429715\n|switch|p2a: The Destroyer|Kangaskhan, L50, F|100/100\n|turn|2\n|\n|t:|1776429731\n|switch|p1b: Due Process|Archaludon, L50, F|100/100\n|move|p1a: AllThingsMustDie|Protect|p1a: AllThingsMustDie\n|-singleturn|p1a: AllThingsMustDie|Protect\n|move|p2a: The Destroyer|Fake Out|p1a: AllThingsMustDie\n|-activate|p1a: AllThingsMustDie|move: Protect\n|move|p2b: Hwoarang|Dual Wingbeat|p1b: Due Process\n|-resisted|p1b: Due Process|1\n|-damage|p1b: Due Process|95/100\n|-ability|p1b: Due Process|Stamina|boost\n|-boost|p1b: Due Process|def|1\n|-resisted|p1b: Due Process|1\n|-damage|p1b: Due Process|91/100\n|-ability|p1b: Due Process|Stamina|boost\n|-boost|p1b: Due Process|def|1\n|-hitcount|p1b: Due Process|2\n|\n|-start|p2b: Hwoarang|perish2\n|-start|p1a: AllThingsMustDie|perish2\n|upkeep\n|turn|3\n|\n|t:|1776429760\n|switch|p1a: I May Fall|Politoed, L50, M|100/100\n|-weather|RainDance|[from] ability: Drizzle|[of] p1a: I May Fall\n|move|p2b: Hwoarang|Dual Wingbeat|p1a: I May Fall\n|-damage|p1a: I May Fall|85/100\n|-damage|p1a: I May Fall|70/100\n|-hitcount|p1a: I May Fall|2\n|move|p2a: The Destroyer|Double-Edge|p1a: I May Fall\n|-damage|p1a: I May Fall|24/100\n|-damage|p2a: The Destroyer|86/100|[from] Recoil\n|move|p1b: Due Process|Electro Shot||[still]\n|-prepare|p1b: Due Process|Electro Shot\n|-boost|p1b: Due Process|spa|1\n|-anim|p1b: Due Process|Electro Shot|p2a: The Destroyer\n|-damage|p2a: The Destroyer|16/100\n|\n|-weather|RainDance|[upkeep]\n|-heal|p1a: I May Fall|30/100|[from] item: Leftovers\n|-start|p2b: Hwoarang|perish1\n|upkeep\n|turn|4\n|\n|t:|1776429795\n|switch|p2b: Vega|Sneasler, L50, M|100/100\n|detailschange|p2a: The Destroyer|Kangaskhan-Mega, L50, F\n|-mega|p2a: The Destroyer|Kangaskhan|Kangaskhanite\n|move|p2a: The Destroyer|Double-Edge|p1a: I May Fall\n|-damage|p1a: I May Fall|0 fnt\n|faint|p1a: I May Fall\n|-hitcount|p1: I May Fall|1\n|-damage|p2a: The Destroyer|7/100|[from] Recoil\n|move|p1b: Due Process|Electro Shot||[still]\n|-prepare|p1b: Due Process|Electro Shot\n|-boost|p1b: Due Process|spa|1\n|-anim|p1b: Due Process|Electro Shot|p2a: The Destroyer\n|-damage|p2a: The Destroyer|0 fnt\n|faint|p2a: The Destroyer\n|\n|-weather|RainDance|[upkeep]\n|-sideend|p2: W0kMeDed|move: Tailwind\n|upkeep\n|\n|t:|1776429816\n|switch|p2a: Hwoarang|Talonflame, L50, M|100/100\n|switch|p1a: Tri-Hard|Basculegion, L50, M|10/100\n|turn|5\n|\n|t:|1776429843\n|move|p2a: Hwoarang|Dual Wingbeat|p1a: Tri-Hard\n|-damage|p1a: Tri-Hard|0 fnt\n|faint|p1a: Tri-Hard\n|-hitcount|p1: Tri-Hard|1\n|move|p2b: Vega|Close Combat|p1b: Due Process\n|-supereffective|p1b: Due Process|1\n|-enditem|p1b: Due Process|Chople Berry|[eat]\n|-enditem|p1b: Due Process|Chople Berry|[weaken]\n|-damage|p1b: Due Process|67/100\n|-unboost|p2b: Vega|def|1\n|-unboost|p2b: Vega|spd|1\n|-ability|p1b: Due Process|Stamina|boost\n|-boost|p1b: Due Process|def|1\n|-enditem|p2b: Vega|White Herb\n|-clearnegativeboost|p2b: Vega|[silent]\n|move|p1b: Due Process|Electro Shot||[still]\n|-prepare|p1b: Due Process|Electro Shot\n|-boost|p1b: Due Process|spa|1\n|-anim|p1b: Due Process|Electro Shot|p2a: Hwoarang\n|-supereffective|p2a: Hwoarang|1\n|-enditem|p2a: Hwoarang|Focus Sash\n|-damage|p2a: Hwoarang|1/100\n|\n|-weather|RainDance|[upkeep]\n|upkeep\n|\n|t:|1776429863\n|switch|p1a: AllThingsMustDie|Gengar-Mega, L50, F, shiny|71/100\n|turn|6\n|\n|t:|1776429886\n|move|p2b: Vega|Close Combat|p1b: Due Process\n|-supereffective|p1b: Due Process|1\n|-damage|p1b: Due Process|29/100\n|-unboost|p2b: Vega|def|1\n|-unboost|p2b: Vega|spd|1\n|-ability|p1b: Due Process|Stamina|boost\n|-boost|p1b: Due Process|def|1\n|move|p2a: Hwoarang|Tailwind|p2a: Hwoarang\n|-sidestart|p2: W0kMeDed|move: Tailwind\n|move|p1a: AllThingsMustDie|Shadow Ball|p2b: Vega\n|-damage|p2b: Vega|6/100\n|move|p1b: Due Process|Electro Shot||[still]\n|-prepare|p1b: Due Process|Electro Shot\n|-boost|p1b: Due Process|spa|1\n|-anim|p1b: Due Process|Electro Shot|p2a: Hwoarang\n|-supereffective|p2a: Hwoarang|1\n|-damage|p2a: Hwoarang|0 fnt\n|faint|p2a: Hwoarang\n|\n|-weather|RainDance|[upkeep]\n|upkeep\n|turn|7\n|\n|t:|1776429907\n|move|p2b: Vega|Close Combat|p1b: Due Process\n|-supereffective|p1b: Due Process|1\n|-damage|p1b: Due Process|0 fnt\n|-unboost|p2b: Vega|def|1\n|-unboost|p2b: Vega|spd|1\n|faint|p1b: Due Process\n|move|p1a: AllThingsMustDie|Shadow Ball|p2b: Vega\n|-damage|p2b: Vega|0 fnt\n|faint|p2b: Vega\n|\n|win|ChronicNikos\n|raw|ChronicNikos's rating: 1382 &rarr; <strong>1405</strong><br />(+23 for winning)\n|raw|W0kMeDed's rating: 1443 &rarr; <strong>1420</strong><br />(-23 for losing)\n",
  "uploadtime": 1776429919,
  "views": 48,
  "formatid": "gen9championsvgc2026regma",
  "rating": 1405,
  "private": 0,
  "password": null
}