{
  "id": "gen9championsvgc2026regma-2585470023",
  "format": "[Gen 9 Champions] VGC 2026 Reg M-A",
  "players": [
    "Haechu",
    "HyugaAnbu"
  ],
  "log": "|j|\u2606Haechu\n|j|\u2606HyugaAnbu\n|t:|1776349414\n|gametype|doubles\n|player|p1|Haechu|170|1203\n|player|p2|HyugaAnbu|101|1141\n|gen|9\n|tier|[Gen 9 Champions] VGC 2026 Reg M-A\n|rated|\n|rule|Species Clause: Limit one of each Pok\u00e9mon\n|rule|Item Clause: Limit 1 of each item\n|clearpoke\n|poke|p1|Aerodactyl, L50, M|\n|poke|p1|Kingambit, L50, F|\n|poke|p1|Basculegion, L50, M|\n|poke|p1|Garchomp, L50, F|\n|poke|p1|Gardevoir, L50, F|\n|poke|p1|Sneasler, L50, M|\n|poke|p2|Kommo-o, L50, F|\n|poke|p2|Gengar, L50, F|\n|poke|p2|Primarina, L50, F|\n|poke|p2|Maushold-Four, L50|\n|poke|p2|Incineroar, L50, M|\n|poke|p2|Sinistcha, L50|\n|teampreview|4\n|inactive|Battle timer is ON: inactive players will automatically lose when time's up. (requested by HyugaAnbu)\n|inactive|Haechu has 60 seconds left.\n|\n|t:|1776349462\n|teamsize|p1|4\n|teamsize|p2|4\n|start\n|switch|p1a: Basculegion|Basculegion, L50, M|100/100\n|switch|p1b: Sneasler|Sneasler, L50, M|100/100\n|switch|p2a: Kommo-o|Kommo-o, L50, F|100/100\n|switch|p2b: Gengar|Gengar, L50, F|100/100\n|turn|1\n|\n|t:|1776349480\n|detailschange|p2b: Gengar|Gengar-Mega, L50, F\n|-mega|p2b: Gengar|Gengar|Gengarite\n|move|p1b: Sneasler|Fake Out|p2a: Kommo-o\n|-damage|p2a: Kommo-o|85/100\n|move|p1a: Basculegion|Flip Turn|p2b: Gengar\n|-damage|p2b: Gengar|61/100\n|\n|t:|1776349494\n|switch|p1a: Aerodactyl|Aerodactyl, L50, M|100/100|[from] Flip Turn\n|-ability|p1a: Aerodactyl|Unnerve\n|move|p2b: Gengar|Perish Song|p2b: Gengar\n|-start|p1a: Aerodactyl|perish3|[silent]\n|-start|p1b: Sneasler|perish3|[silent]\n|-immune|p2a: Kommo-o|[from] ability: Soundproof\n|-start|p2b: Gengar|perish3|[silent]\n|-fieldactivate|move: Perish Song\n|cant|p2a: Kommo-o|flinch\n|\n|-start|p1a: Aerodactyl|perish3\n|-start|p1b: Sneasler|perish3\n|-start|p2b: Gengar|perish3\n|upkeep\n|turn|2\n|inactive|Haechu has 30 seconds left.\n|\n|t:|1776349520\n|move|p2b: Gengar|Protect|p2b: Gengar\n|-singleturn|p2b: Gengar|Protect\n|move|p1a: Aerodactyl|Rock Slide|p2b: Gengar|[spread] p2a\n|-activate|p2b: Gengar|move: Protect\n|-resisted|p2a: Kommo-o|1\n|-damage|p2a: Kommo-o|72/100\n|move|p1b: Sneasler|Dire Claw|p2a: Kommo-o\n|-damage|p2a: Kommo-o|28/100\n|-status|p2a: Kommo-o|psn\n|move|p2a: Kommo-o|Aura Sphere|p1a: Aerodactyl\n|-damage|p1a: Aerodactyl|49/100\n|\n|-damage|p2a: Kommo-o|16/100 psn|[from] psn\n|-start|p1a: Aerodactyl|perish2\n|-start|p1b: Sneasler|perish2\n|-start|p2b: Gengar|perish2\n|upkeep\n|turn|3\n|inactive|HyugaAnbu has 30 seconds left.\n|\n|t:|1776349548\n|switch|p2b: Sinistcha|Sinistcha, L50|100/100\n|-heal|p2a: Kommo-o|41/100 psn|[from] ability: Hospitality|[of] p2b: Sinistcha\n|move|p2a: Kommo-o|Protect|p2a: Kommo-o\n|-singleturn|p2a: Kommo-o|Protect\n|move|p1a: Aerodactyl|Rock Slide|p2b: Sinistcha|[spread] p2b\n|-activate|p2a: Kommo-o|move: Protect\n|-damage|p2b: Sinistcha|80/100\n|move|p1b: Sneasler|Dire Claw|p2b: Sinistcha\n|-damage|p2b: Sinistcha|44/100\n|\n|-damage|p2a: Kommo-o|28/100 psn|[from] psn\n|-start|p1a: Aerodactyl|perish1\n|-start|p1b: Sneasler|perish1\n|upkeep\n|turn|4\n|inactive|Haechu has 30 seconds left.\n|inactive|Haechu has 20 seconds left.\n|inactive|Haechu has 15 seconds left.\n|inactive|Haechu has 10 seconds left.\n|\n|t:|1776349596\n|switch|p2a: Gengar|Gengar-Mega, L50, F|61/100\n|move|p1a: Aerodactyl|Dual Wingbeat|p2a: Gengar\n|-damage|p2a: Gengar|42/100\n|-damage|p2a: Gengar|24/100\n|-hitcount|p2a: Gengar|2\n|move|p1b: Sneasler|Dire Claw|p2b: Sinistcha\n|-damage|p2b: Sinistcha|5/100\n|move|p2b: Sinistcha|Life Dew|p2b: Sinistcha|[spread] p2a,p2b\n|-heal|p2a: Gengar|49/100\n|-heal|p2b: Sinistcha|30/100\n|\n|-start|p1a: Aerodactyl|perish0\n|-start|p1b: Sneasler|perish0\n|faint|p1a: Aerodactyl\n|faint|p1b: Sneasler\n|upkeep\n|\n|t:|1776349602\n|switch|p1a: Kingambit|Kingambit, L50, F|100/100\n|switch|p1b: Basculegion|Basculegion, L50, M|100/100\n|turn|5\n|\n|t:|1776349620\n|move|p2b: Sinistcha|Rage Powder|p2b: Sinistcha\n|-singleturn|p2b: Sinistcha|move: Rage Powder\n|move|p1b: Basculegion|Last Respects|p2b: Sinistcha\n|-supereffective|p2b: Sinistcha|1\n|-damage|p2b: Sinistcha|0 fnt\n|faint|p2b: Sinistcha\n|move|p2a: Gengar|Perish Song|p2a: Gengar\n|-start|p1a: Kingambit|perish3|[silent]\n|-start|p1b: Basculegion|perish3|[silent]\n|-start|p2a: Gengar|perish3|[silent]\n|-fieldactivate|move: Perish Song\n|move|p1a: Kingambit|Kowtow Cleave|p2a: Gengar\n|-supereffective|p2a: Gengar|1\n|-damage|p2a: Gengar|0 fnt\n|faint|p2a: Gengar\n|\n|-start|p1b: Basculegion|perish3\n|-start|p1a: Kingambit|perish3\n|upkeep\n|\n|t:|1776349637\n|switch|p2a: Kommo-o|Kommo-o, L50, F|28/100 psn\n|switch|p2b: Primarina|Primarina, L50, F|100/100\n|turn|6\n|\n|t:|1776349657\n|move|p1b: Basculegion|Last Respects|p2b: Primarina\n|-damage|p2b: Primarina|0 fnt\n|faint|p2b: Primarina\n|move|p2a: Kommo-o|Aura Sphere|p1a: Kingambit\n|-supereffective|p1a: Kingambit|2\n|-damage|p1a: Kingambit|0 fnt\n|faint|p1a: Kingambit\n|\n|-damage|p2a: Kommo-o|16/100 psn|[from] psn\n|-start|p1b: Basculegion|perish2\n|upkeep\n|turn|7\n|c|\u2606Haechu|GG WP\n|\n|t:|1776349669\n|move|p2a: Kommo-o|Protect|p2a: Kommo-o\n|-singleturn|p2a: Kommo-o|Protect\n|move|p1b: Basculegion|Last Respects|p2a: Kommo-o\n|-activate|p2a: Kommo-o|move: Protect\n|\n|-damage|p2a: Kommo-o|3/100 psn|[from] psn\n|-start|p1b: Basculegion|perish1\n|upkeep\n|turn|8\n|c|\u2606Haechu|Regardless of outcome\n|c|\u2606Haechu|Perish trap was pog\n|\n|t:|1776349679\n|move|p2a: Kommo-o|Protect|p2a: Kommo-o\n|-singleturn|p2a: Kommo-o|Protect\n|move|p1b: Basculegion|Last Respects|p2a: Kommo-o\n|-activate|p2a: Kommo-o|move: Protect\n|\n|-damage|p2a: Kommo-o|0 fnt|[from] psn\n|faint|p2a: Kommo-o\n|\n|win|Haechu\n|raw|Haechu's rating: 1203 &rarr; <strong>1224</strong><br />(+21 for winning)\n|raw|HyugaAnbu's rating: 1141 &rarr; <strong>1120</strong><br />(-21 for losing)\n|l|\u2606HyugaAnbu\n|player|p2|\n|c|\u2606Haechu|Good on ya for tryin though\n",
  "uploadtime": 1776349690,
  "views": 34,
  "formatid": "gen9championsvgc2026regma",
  "rating": 1120,
  "private": 0,
  "password": null
}