{
  "id": "gen9championsvgc2026regma-2588414346",
  "format": "[Gen 9 Champions] VGC 2026 Reg M-A",
  "players": [
    "Patitovergador",
    "nk.luna"
  ],
  "log": "|j|\u2606Patitovergador\n|j|\u2606nk.luna\n|t:|1776631507\n|gametype|doubles\n|player|p1|Patitovergador|265|1099\n|player|p2|nk.luna|marley|1029\n|gen|9\n|tier|[Gen 9 Champions] VGC 2026 Reg M-A\n|rated|\n|rule|Species Clause: Limit one of each Pok\u00e9mon\n|rule|Item Clause: Limit 1 of each item\n|clearpoke\n|poke|p1|Gengar, L50, M, shiny|\n|poke|p1|Maushold-Four, L50, shiny|\n|poke|p1|Clefable, L50, F|\n|poke|p1|Sinistcha, L50|\n|poke|p1|Incineroar, L50, F|\n|poke|p1|Bastiodon, L50, F|\n|poke|p2|Gardevoir, L50, F, shiny|\n|poke|p2|Whimsicott, L50, F|\n|poke|p2|Incineroar, L50, M|\n|poke|p2|Primarina, L50, M|\n|poke|p2|Meowstic, L50, M|\n|poke|p2|Farigiraf, L50, M|\n|teampreview|4\n|inactive|Battle timer is ON: inactive players will automatically lose when time's up. (requested by nk.luna)\n|inactive|Patitovergador has 60 seconds left.\n|\n|t:|1776631544\n|teamsize|p1|4\n|teamsize|p2|4\n|start\n|switch|p1a: Gengar|Gengar, L50, M, shiny|100/100\n|switch|p1b: Incineroar|Incineroar, L50, F|100/100\n|switch|p2a: Meowstic|Meowstic, L50, M|100/100\n|switch|p2b: fire bear|Incineroar, L50, M|100/100\n|-ability|p2b: fire bear|Intimidate|boost\n|-unboost|p1a: Gengar|atk|1\n|-unboost|p1b: Incineroar|atk|1\n|-ability|p1b: Incineroar|Intimidate|boost\n|-unboost|p2a: Meowstic|atk|1\n|-unboost|p2b: fire bear|atk|1\n|turn|1\n|\n|t:|1776631566\n|detailschange|p1a: Gengar|Gengar-Mega, L50, M, shiny\n|-mega|p1a: Gengar|Gengar|Gengarite\n|move|p1b: Incineroar|Fake Out|p2a: Meowstic\n|-damage|p2a: Meowstic|93/100\n|cant|p2a: Meowstic|flinch\n|move|p1a: Gengar|Perish Song|p1a: Gengar\n|-start|p1a: Gengar|perish3|[silent]\n|-start|p1b: Incineroar|perish3|[silent]\n|-start|p2a: Meowstic|perish3|[silent]\n|-start|p2b: fire bear|perish3|[silent]\n|-fieldactivate|move: Perish Song\n|move|p2b: fire bear|Darkest Lariat|p1a: Gengar\n|-supereffective|p1a: Gengar|1\n|-damage|p1a: Gengar|45/100\n|\n|-start|p1a: Gengar|perish3\n|-start|p2a: Meowstic|perish3\n|-start|p2b: fire bear|perish3\n|-start|p1b: Incineroar|perish3\n|upkeep\n|turn|2\n|inactive|Patitovergador has 30 seconds left.\n|\n|t:|1776631595\n|move|p1a: Gengar|Protect|p1a: Gengar\n|-singleturn|p1a: Gengar|Protect\n|move|p2a: Meowstic|Psychic Terrain|p2a: Meowstic\n|-fieldstart|move: Psychic Terrain\n|move|p2b: fire bear|Parting Shot|p1a: Gengar\n|-activate|p1a: Gengar|move: Protect\n|move|p1b: Incineroar|Throat Chop|p2b: fire bear\n|-resisted|p2b: fire bear|1\n|-damage|p2b: fire bear|91/100\n|-start|p2b: fire bear|Throat Chop|[silent]\n|\n|-start|p1a: Gengar|perish2\n|-start|p2a: Meowstic|perish2\n|-start|p2b: fire bear|perish2\n|-start|p1b: Incineroar|perish2\n|upkeep\n|turn|3\n|inactive|Patitovergador has 30 seconds left.\n|inactive|Patitovergador has 20 seconds left.\n|inactive|Patitovergador has 15 seconds left.\n|\n|t:|1776631640\n|switch|p1a: Bastiodon|Bastiodon, L50, F|100/100\n|move|p2a: Meowstic|Expanding Force|p1b: Incineroar|[spread] p1a\n|-immune|p1b: Incineroar\n|-resisted|p1a: Bastiodon|1\n|-damage|p1a: Bastiodon|87/100\n|move|p2b: fire bear|Darkest Lariat|p1a: Bastiodon\n|-damage|p1a: Bastiodon|72/100\n|move|p1b: Incineroar|Parting Shot|p2a: Meowstic\n|-unboost|p2a: Meowstic|atk|1\n|-unboost|p2a: Meowstic|spa|1\n|\n|t:|1776631652\n|switch|p1b: Gengar|Gengar-Mega, L50, M, shiny|45/100|[from] Parting Shot\n|\n|-end|p2b: fire bear|Throat Chop|[silent]\n|-start|p2a: Meowstic|perish1\n|-start|p2b: fire bear|perish1\n|upkeep\n|turn|4\n|\n|t:|1776631670\n|switch|p1a: Incineroar|Incineroar, L50, F|100/100\n|-ability|p1a: Incineroar|Intimidate|boost\n|-unboost|p2a: Meowstic|atk|1\n|-unboost|p2b: fire bear|atk|1\n|move|p1b: Gengar|Protect|p1b: Gengar\n|-singleturn|p1b: Gengar|Protect\n|move|p2a: Meowstic|Expanding Force|p1b: Gengar|[spread] \n|-activate|p1b: Gengar|move: Protect\n|-immune|p1a: Incineroar\n|move|p2b: fire bear|Parting Shot|p1a: Incineroar\n|-unboost|p1a: Incineroar|atk|1\n|-unboost|p1a: Incineroar|spa|1\n|\n|t:|1776631684\n|switch|p2b: Gardevoir|Gardevoir, L50, F, shiny|100/100|[from] Parting Shot\n|\n|-start|p2a: Meowstic|perish0\n|faint|p2a: Meowstic\n|upkeep\n|\n|t:|1776631688\n|switch|p2a: Primarina|Primarina, L50, M|100/100\n|turn|5\n|\n|t:|1776631707\n|detailschange|p2b: Gardevoir|Gardevoir-Mega, L50, F, shiny\n|-mega|p2b: Gardevoir|Gardevoir|Gardevoirite\n|move|p1a: Incineroar|Fake Out|p2b: Gardevoir\n|-activate|p2b: Gardevoir|move: Psychic Terrain\n|move|p1b: Gengar|Perish Song|p1b: Gengar\n|-start|p1a: Incineroar|perish3|[silent]\n|-start|p1b: Gengar|perish3|[silent]\n|-start|p2a: Primarina|perish3|[silent]\n|-start|p2b: Gardevoir|perish3|[silent]\n|-fieldactivate|move: Perish Song\n|move|p2b: Gardevoir|Hyper Voice|p1b: Gengar|[spread] p1a,p1b\n|-resisted|p1b: Gengar|1\n|-damage|p1a: Incineroar|57/100\n|-damage|p1b: Gengar|17/100\n|move|p2a: Primarina|Hyper Voice|p1b: Gengar|[spread] p1a,p1b\n|-supereffective|p1a: Incineroar|1\n|-damage|p1a: Incineroar|0 fnt\n|-damage|p1b: Gengar|0 fnt\n|faint|p1a: Incineroar\n|faint|p1b: Gengar\n|\n|-start|p2b: Gardevoir|perish3\n|-start|p2a: Primarina|perish3\n|upkeep\n|\n|t:|1776631722\n|switch|p1b: Maushold|Maushold-Four, L50, shiny|100/100\n|switch|p1a: Bastiodon|Bastiodon, L50, F|72/100\n|turn|6\n|\n|t:|1776631737\n|switch|p2a: fire bear|Incineroar, L50, M|91/100\n|-ability|p2a: fire bear|Intimidate|boost\n|-unboost|p1a: Bastiodon|atk|1\n|-unboost|p1b: Maushold|atk|1\n|move|p1b: Maushold|Protect|p1b: Maushold\n|-singleturn|p1b: Maushold|Protect\n|move|p2b: Gardevoir|Aura Sphere|p1a: Bastiodon\n|-supereffective|p1a: Bastiodon|2\n|-damage|p1a: Bastiodon|2/100\n|move|p1a: Bastiodon|Block|p2b: Gardevoir\n|-activate|p2b: Gardevoir|trapped\n|\n|-start|p2b: Gardevoir|perish2\n|-fieldend|move: Psychic Terrain\n|upkeep\n|turn|7\n|\n|t:|1776631759\n|move|p1b: Maushold|Protect||[still]\n|-fail|p1b: Maushold\n|move|p1a: Bastiodon|Protect|p1a: Bastiodon\n|-singleturn|p1a: Bastiodon|Protect\n|move|p2a: fire bear|Fake Out|p1b: Maushold\n|-damage|p1b: Maushold|87/100\n|move|p2b: Gardevoir|Hyper Voice|p1b: Maushold|[spread] p1b\n|-activate|p1a: Bastiodon|move: Protect\n|-damage|p1b: Maushold|28/100\n|\n|-heal|p1b: Maushold|34/100|[from] item: Leftovers\n|-start|p2b: Gardevoir|perish1\n|upkeep\n|turn|8\n|\n|t:|1776631775\n|move|p1a: Bastiodon|Wide Guard|p1a: Bastiodon\n|-singleturn|p1a: Bastiodon|Wide Guard\n|move|p1b: Maushold|Substitute|p1b: Maushold\n|-start|p1b: Maushold|Substitute\n|-damage|p1b: Maushold|9/100\n|move|p2b: Gardevoir|Hyper Voice|p1b: Maushold|[spread] \n|-activate|p1a: Bastiodon|move: Wide Guard\n|-activate|p1b: Maushold|move: Wide Guard\n|move|p2a: fire bear|Darkest Lariat|p1a: Bastiodon\n|-damage|p1a: Bastiodon|0 fnt\n|faint|p1a: Bastiodon\n|\n|-heal|p1b: Maushold|15/100|[from] item: Leftovers\n|-start|p2b: Gardevoir|perish0\n|upkeep\n|faint|p2b: Gardevoir\n|\n|t:|1776631780\n|switch|p2b: Primarina|Primarina, L50, M|100/100\n|turn|9\n|-message|Patitovergador forfeited.\n|\n|win|nk.luna\n|raw|Patitovergador's rating: 1099 &rarr; <strong>1069</strong><br />(-30 for losing)\n|raw|nk.luna's rating: 1029 &rarr; <strong>1072</strong><br />(+43 for winning)\n|l|\u2606Patitovergador\n|player|p1|\n",
  "uploadtime": 1776631787,
  "views": 15,
  "formatid": "gen9championsvgc2026regma",
  "rating": 1069,
  "private": 0,
  "password": null
}