{
  "id": "gen9championsvgc2026regma-2584530097",
  "format": "[Gen 9 Champions] VGC 2026 Reg M-A",
  "players": [
    "a mf city girl",
    "Gatorl0ver"
  ],
  "log": "|j|\u203da mf city girl\n|j|\u2606Gatorl0ver\n|t:|1776266878\n|gametype|doubles\n|player|p1|a mf city girl|flannery|1082\n|player|p2|Gatorl0ver|1|1179\n|gen|9\n|tier|[Gen 9 Champions] VGC 2026 Reg M-A\n|rated|\n|rule|Species Clause: Limit one of each Pok\u00e9mon\n|rule|Item Clause: Limit 1 of each item\n|clearpoke\n|poke|p1|Excadrill, L50, M|\n|poke|p1|Clefable, L50, F|\n|poke|p1|Dragonite, L50, M|\n|poke|p1|Pelipper, L50, M|\n|poke|p1|Sneasler, L50, F|\n|poke|p1|Primarina, L50, M|\n|poke|p2|Feraligatr, L50, M|\n|poke|p2|Ninetales-Alola, L50, M|\n|poke|p2|Incineroar, L50, M|\n|poke|p2|Sinistcha, L50|\n|poke|p2|Sneasler, L50, M|\n|poke|p2|Corviknight, L50, M|\n|teampreview|4\nGatorl0ver has agreed to open team sheets.\na mf city girl rejected open team sheets.\n|inactive|Battle timer is ON: inactive players will automatically lose when time's up. (requested by Gatorl0ver)\n|\n|t:|1776266926\n|teamsize|p1|4\n|teamsize|p2|4\n|start\n|switch|p1a: Sneasler|Sneasler, L50, F|100/100\n|switch|p1b: Clefable|Clefable, L50, F|100/100\n|switch|p2a: Feraligatr|Feraligatr, L50, M|100/100\n|switch|p2b: Sneasler|Sneasler, L50, M|100/100\n|turn|1\n|inactive|Gatorl0ver has 30 seconds left.\n|\n|t:|1776266955\n|move|p1a: Sneasler|Protect|p1a: Sneasler\n|-singleturn|p1a: Sneasler|Protect\n|move|p2a: Feraligatr|Protect|p2a: Feraligatr\n|-singleturn|p2a: Feraligatr|Protect\n|move|p2b: Sneasler|Coaching|p2a: Feraligatr\n|-boost|p2a: Feraligatr|atk|1\n|-boost|p2a: Feraligatr|def|1\n|move|p1b: Clefable|Moonblast|p2a: Feraligatr\n|-activate|p2a: Feraligatr|move: Protect\n|\n|upkeep\n|turn|2\n|\n|t:|1776266973\n|detailschange|p2a: Feraligatr|Feraligatr-Mega, L50, M\n|-mega|p2a: Feraligatr|Feraligatr|Feraligite\n|move|p2b: Sneasler|Dire Claw|p1b: Clefable\n|-supereffective|p1b: Clefable|1\n|-damage|p1b: Clefable|8/100\n|-status|p1b: Clefable|slp\n|move|p1a: Sneasler|Dire Claw|p2a: Feraligatr\n|-damage|p2a: Feraligatr|72/100\n|move|p2a: Feraligatr|Liquidation|p1b: Clefable\n|-damage|p1b: Clefable|0 fnt\n|faint|p1b: Clefable\n|\n|upkeep\n|\n|t:|1776266985\n|switch|p1b: Primarina|Primarina, L50, M|100/100\n|turn|3\n|inactive|Gatorl0ver has 30 seconds left.\n|\n|t:|1776267018\n|move|p2a: Feraligatr|Protect|p2a: Feraligatr\n|-singleturn|p2a: Feraligatr|Protect\n|move|p2b: Sneasler|Dire Claw|p1b: Primarina\n|-supereffective|p1b: Primarina|1\n|-damage|p1b: Primarina|0 fnt\n|faint|p1b: Primarina\n|move|p1a: Sneasler|Close Combat|p2b: Sneasler\n|-resisted|p2b: Sneasler|1\n|-damage|p2b: Sneasler|41/100\n|-unboost|p1a: Sneasler|def|1\n|-unboost|p1a: Sneasler|spd|1\n|-enditem|p1a: Sneasler|White Herb\n|-clearnegativeboost|p1a: Sneasler|[silent]\n|\n|upkeep\n|\n|t:|1776267030\n|switch|p1b: Excadrill|Excadrill, L50, M|100/100\n|turn|4\n|\n|t:|1776267046\n|switch|p2b: Sinistcha|Sinistcha, L50|100/100\n|-heal|p2a: Feraligatr|97/100|[from] ability: Hospitality|[of] p2b: Sinistcha\n|detailschange|p1b: Excadrill|Excadrill-Mega, L50, M\n|-mega|p1b: Excadrill|Excadrill|Excadrite\n|move|p1a: Sneasler|Close Combat|p2b: Sinistcha\n|-immune|p2b: Sinistcha\n|move|p1b: Excadrill|High Horsepower|p2a: Feraligatr\n|-damage|p2a: Feraligatr|60/100\n|move|p2a: Feraligatr|Liquidation|p1b: Excadrill\n|-supereffective|p1b: Excadrill|1\n|-damage|p1b: Excadrill|0 fnt\n|faint|p1b: Excadrill\n|\n|upkeep\n|turn|5\n|-message|a mf city girl forfeited.\n|\n|win|Gatorl0ver\n|raw|a mf city girl's rating: 1082 &rarr; <strong>1066</strong><br />(-16 for losing)\n|raw|Gatorl0ver's rating: 1179 &rarr; <strong>1197</strong><br />(+18 for winning)\n|l|\u203da mf city girl\n|player|p1|\n",
  "uploadtime": 1776267073,
  "views": 18,
  "formatid": "gen9championsvgc2026regma",
  "rating": 1066,
  "private": 0,
  "password": null
}