{
  "id": "gen9championsvgc2026regma-2584390565",
  "format": "[Gen 9 Champions] VGC 2026 Reg M-A",
  "players": [
    "dadebigo",
    "katsuragiKyon"
  ],
  "log": "|j|\u203ddadebigo\n|j|\u2606katsuragiKyon\n|t:|1776257335\n|gametype|doubles\n|player|p1|dadebigo|102|1066\n|player|p2|katsuragiKyon|101|1074\n|gen|9\n|tier|[Gen 9 Champions] VGC 2026 Reg M-A\n|rated|\n|rule|Species Clause: Limit one of each Pok\u00e9mon\n|rule|Item Clause: Limit 1 of each item\n|clearpoke\n|poke|p1|Gengar, L50, F|\n|poke|p1|Corviknight, L50, M|\n|poke|p1|Drampa, L50, F|\n|poke|p1|Incineroar, L50, M|\n|poke|p1|Sableye, L50, F|\n|poke|p1|Sinistcha, L50|\n|poke|p2|Crabominable, L50, F|\n|poke|p2|Sinistcha, L50|\n|poke|p2|Pelipper, L50, M|\n|poke|p2|Archaludon, L50, F|\n|poke|p2|Incineroar, L50, M|\n|poke|p2|Basculegion, L50, M|\n|teampreview|4\n|inactive|Battle timer is ON: inactive players will automatically lose when time's up. (requested by dadebigo)\n|\n|t:|1776257359\n|teamsize|p1|4\n|teamsize|p2|4\n|start\n|switch|p1a: Corviknight|Corviknight, L50, M|100/100\n|switch|p1b: Sableye|Sableye, L50, F|100/100\n|switch|p2a: Sinistcha|Sinistcha, L50|100/100\n|switch|p2b: Incineroar|Incineroar, L50, M|100/100\n|-ability|p1a: Corviknight|Pressure\n|-ability|p2b: Incineroar|Intimidate|boost\n|-unboost|p1a: Corviknight|atk|1\n|-unboost|p1b: Sableye|atk|1\n|turn|1\n|\n|t:|1776257378\n|move|p2b: Incineroar|Fake Out|p1a: Corviknight\n|-resisted|p1a: Corviknight|1\n|-damage|p1a: Corviknight|96/100\n|move|p1b: Sableye|Fake Out|p2b: Incineroar\n|-crit|p2b: Incineroar\n|-damage|p2b: Incineroar|91/100\n|cant|p1a: Corviknight|flinch\n|move|p2a: Sinistcha|Trick Room|p2a: Sinistcha\n|-fieldstart|move: Trick Room|[of] p2a: Sinistcha\n|\n|-heal|p1a: Corviknight|100/100|[from] item: Leftovers\n|upkeep\n|turn|2\n|\n|t:|1776257400\n|switch|p2a: Crabominable|Crabominable, L50, F|100/100\n|move|p1b: Sableye|Encore||[still]\n|-fail|p1b: Sableye\n|move|p2b: Incineroar|Parting Shot|p1a: Corviknight\n|-unboost|p1a: Corviknight|atk|1\n|-unboost|p1a: Corviknight|spa|1\n|\n|t:|1776257411\n|switch|p2b: Sinistcha|Sinistcha, L50|100/100|[from] Parting Shot\n|move|p1a: Corviknight|Bulk Up|p1a: Corviknight\n|-boost|p1a: Corviknight|atk|1\n|-boost|p1a: Corviknight|def|1\n|\n|upkeep\n|turn|3\n|\n|t:|1776257425\n|detailschange|p2a: Crabominable|Crabominable-Mega, L50, F\n|-mega|p2a: Crabominable|Crabominable|Crabominite\n|move|p1b: Sableye|Will-O-Wisp|p2a: Crabominable|[miss]\n|-miss|p1b: Sableye|p2a: Crabominable\n|move|p2a: Crabominable|Ice Hammer|p1a: Corviknight\n|-damage|p1a: Corviknight|60/100\n|-unboost|p2a: Crabominable|spe|1\n|move|p2b: Sinistcha|Shadow Ball|p1a: Corviknight\n|-damage|p1a: Corviknight|34/100\n|-unboost|p1a: Corviknight|spd|1\n|move|p1a: Corviknight|Body Press|p2a: Crabominable\n|-supereffective|p2a: Crabominable|1\n|-damage|p2a: Crabominable|50/100\n|\n|-heal|p1a: Corviknight|40/100|[from] item: Leftovers\n|upkeep\n|turn|4\n|\n|t:|1776257448\n|switch|p1b: Sinistcha|Sinistcha, L50|100/100\n|-heal|p1a: Corviknight|64/100|[from] ability: Hospitality|[of] p1b: Sinistcha\n|switch|p2b: Incineroar|Incineroar, L50, M|91/100\n|-ability|p2b: Incineroar|Intimidate|boost\n|-unboost|p1a: Corviknight|atk|1\n|-unboost|p1b: Sinistcha|atk|1\n|move|p2a: Crabominable|Protect|p2a: Crabominable\n|-singleturn|p2a: Crabominable|Protect\n|move|p1a: Corviknight|Roost|p1a: Corviknight\n|-heal|p1a: Corviknight|100/100\n|-singleturn|p1a: Corviknight|move: Roost\n|\n|upkeep\n|turn|5\n|inactive|katsuragiKyon has 30 seconds left.\n|\n|t:|1776257477\n|switch|p1b: Sableye|Sableye, L50, F|100/100\n|move|p2a: Crabominable|Ice Hammer|p1b: Sableye\n|-damage|p1b: Sableye|0 fnt\n|-unboost|p2a: Crabominable|spe|1\n|faint|p1b: Sableye\n|move|p2b: Incineroar|Parting Shot|p1a: Corviknight\n|-unboost|p1a: Corviknight|atk|1\n|-unboost|p1a: Corviknight|spa|1\n|\n|t:|1776257487\n|switch|p2b: Sinistcha|Sinistcha, L50|100/100|[from] Parting Shot\n|-heal|p2a: Crabominable|75/100|[from] ability: Hospitality|[of] p2b: Sinistcha\n|move|p1a: Corviknight|Bulk Up|p1a: Corviknight\n|-boost|p1a: Corviknight|atk|1\n|-boost|p1a: Corviknight|def|1\n|\n|-fieldend|move: Trick Room\n|upkeep\n|\n|t:|1776257496\n|switch|p1b: Drampa|Drampa, L50, F|100/100\n|-ability|p1b: Drampa|Cloud Nine\n|turn|6\n|\n|t:|1776257523\n|switch|p2a: Basculegion|Basculegion, L50, M|100/100\n|move|p1b: Drampa|Protect|p1b: Drampa\n|-singleturn|p1b: Drampa|Protect\n|move|p1a: Corviknight|Body Press|p2a: Basculegion\n|-immune|p2a: Basculegion\n|move|p2b: Sinistcha|Shadow Ball|p1a: Corviknight\n|-damage|p1a: Corviknight|63/100\n|\n|-heal|p1a: Corviknight|69/100|[from] item: Leftovers\n|upkeep\n|turn|7\n|inactive|dadebigo has 30 seconds left.\n|inactive|katsuragiKyon has 30 seconds left.\n|\n|t:|1776257550\n|move|p2a: Basculegion|Flip Turn|p1a: Corviknight\n|-damage|p1a: Corviknight|56/100\n|\n|t:|1776257560\n|switch|p2a: Incineroar|Incineroar, L50, M|91/100|[from] Flip Turn\n|-ability|p2a: Incineroar|Intimidate|boost\n|-unboost|p1a: Corviknight|atk|1\n|-unboost|p1b: Drampa|atk|1\n|move|p1a: Corviknight|Brave Bird|p2b: Sinistcha\n|-supereffective|p2b: Sinistcha|1\n|-damage|p2b: Sinistcha|79/100\n|-damage|p1a: Corviknight|49/100|[from] Recoil\n|move|p1b: Drampa|Draco Meteor|p2a: Incineroar\n|-damage|p2a: Incineroar|38/100\n|-unboost|p1b: Drampa|spa|2\n|move|p2b: Sinistcha|Trick Room|p2b: Sinistcha\n|-fieldstart|move: Trick Room|[of] p2b: Sinistcha\n|\n|-heal|p1a: Corviknight|55/100|[from] item: Leftovers\n|upkeep\n|turn|8\n|inactive|dadebigo has 30 seconds left.\n|inactive|katsuragiKyon has 30 seconds left.\n|\n|t:|1776257595\n|switch|p1b: Sinistcha|Sinistcha, L50|100/100\n|-heal|p1a: Corviknight|80/100|[from] ability: Hospitality|[of] p1b: Sinistcha\n|move|p2a: Incineroar|Fake Out|p1a: Corviknight\n|-resisted|p1a: Corviknight|1\n|-damage|p1a: Corviknight|78/100\n|move|p2b: Sinistcha|Shadow Ball|p1a: Corviknight\n|-damage|p1a: Corviknight|41/100\n|cant|p1a: Corviknight|flinch\n|\n|-heal|p1a: Corviknight|47/100|[from] item: Leftovers\n|upkeep\n|turn|9\n|\n|t:|1776257619\n|switch|p2a: Basculegion|Basculegion, L50, M|100/100\n|move|p2b: Sinistcha|Shadow Ball|p1a: Corviknight\n|-damage|p1a: Corviknight|7/100\n|move|p1a: Corviknight|Roost|p1a: Corviknight\n|-heal|p1a: Corviknight|58/100\n|-singleturn|p1a: Corviknight|move: Roost\n|move|p1b: Sinistcha|Matcha Gotcha|p2a: Basculegion|[spread] p2b\n|-miss|p1b: Sinistcha|p2a: Basculegion\n|-resisted|p2b: Sinistcha|1\n|-damage|p2b: Sinistcha|58/100\n|\n|-heal|p1a: Corviknight|63/100|[from] item: Leftovers\n|upkeep\n|turn|10\n|\n|t:|1776257641\n|move|p2b: Sinistcha|Shadow Ball|p1a: Corviknight\n|-damage|p1a: Corviknight|23/100\n|-unboost|p1a: Corviknight|spd|1\n|move|p1a: Corviknight|Roost|p1a: Corviknight\n|-heal|p1a: Corviknight|74/100\n|-singleturn|p1a: Corviknight|move: Roost\n|move|p1b: Sinistcha|Matcha Gotcha|p2b: Sinistcha|[spread] p2a,p2b\n|-supereffective|p2a: Basculegion|1\n|-crit|p2a: Basculegion\n|-resisted|p2b: Sinistcha|1\n|-damage|p2a: Basculegion|0 fnt\n|-damage|p2b: Sinistcha|39/100\n|faint|p2a: Basculegion\n|\n|-heal|p1a: Corviknight|80/100|[from] item: Leftovers\n|upkeep\n|\n|t:|1776257659\n|switch|p2a: Crabominable|Crabominable-Mega, L50, F|75/100\n|turn|11\n|\n|t:|1776257671\n|move|p2a: Crabominable|Close Combat|p1a: Corviknight\n|-damage|p1a: Corviknight|47/100\n|-unboost|p2a: Crabominable|def|1\n|-unboost|p2a: Crabominable|spd|1\n|move|p2b: Sinistcha|Shadow Ball|p1a: Corviknight\n|-damage|p1a: Corviknight|0 fnt\n|faint|p1a: Corviknight\n|move|p1b: Sinistcha|Matcha Gotcha|p2a: Crabominable|[spread] p2a,p2b\n|-resisted|p2b: Sinistcha|1\n|-damage|p2a: Crabominable|33/100\n|-damage|p2b: Sinistcha|20/100\n|\n|-fieldend|move: Trick Room\n|upkeep\n|\n|t:|1776257685\n|switch|p1a: Drampa|Drampa, L50, F|100/100\n|-ability|p1a: Drampa|Cloud Nine\n|turn|12\n|\n|t:|1776257709\n|switch|p2a: Incineroar|Incineroar, L50, M|38/100\n|-ability|p2a: Incineroar|Intimidate|boost\n|-unboost|p1a: Drampa|atk|1\n|-unboost|p1b: Sinistcha|atk|1\n|move|p2b: Sinistcha|Protect|p2b: Sinistcha\n|-singleturn|p2b: Sinistcha|Protect\n|move|p1b: Sinistcha|Matcha Gotcha|p2a: Incineroar|[spread] p2a\n|-activate|p2b: Sinistcha|move: Protect\n|-resisted|p2a: Incineroar|1\n|-damage|p2a: Incineroar|26/100\n|move|p1a: Drampa|Earth Power|p2a: Incineroar\n|-supereffective|p2a: Incineroar|1\n|-damage|p2a: Incineroar|0 fnt\n|faint|p2a: Incineroar\n|\n|upkeep\n|\n|t:|1776257726\n|switch|p2a: Crabominable|Crabominable-Mega, L50, F|33/100\n|turn|13\n|\n|t:|1776257740\n|detailschange|p1a: Drampa|Drampa-Mega, L50, F\n|-mega|p1a: Drampa|Drampa|Drampanite\n|move|p1b: Sinistcha|Rage Powder|p1b: Sinistcha\n|-singleturn|p1b: Sinistcha|move: Rage Powder\n|move|p1a: Drampa|Earth Power|p2a: Crabominable\n|-damage|p2a: Crabominable|0 fnt\n|faint|p2a: Crabominable\n|move|p2b: Sinistcha|Trick Room|p2b: Sinistcha\n|-fieldstart|move: Trick Room|[of] p2b: Sinistcha\n|\n|upkeep\n|turn|14\n|-message|katsuragiKyon forfeited.\n|\n|win|dadebigo\n|raw|dadebigo's rating: 1066 &rarr; <strong>1097</strong><br />(+31 for winning)\n|raw|katsuragiKyon's rating: 1074 &rarr; <strong>1052</strong><br />(-22 for losing)\n|l|\u2606katsuragiKyon\n|player|p2|\n",
  "uploadtime": 1776257764,
  "views": 22,
  "formatid": "gen9championsvgc2026regma",
  "rating": 1052,
  "private": 0,
  "password": null
}