{
  "id": "gen9championsvgc2026regma-2587709797",
  "format": "[Gen 9 Champions] VGC 2026 Reg M-A",
  "players": [
    "disciple of blahaj",
    "SzlRavioli"
  ],
  "log": "|j|\u2606disciple of blahaj\n|j|\u2606SzlRavioli\n|t:|1776556165\n|gametype|doubles\n|player|p1|disciple of blahaj|jacinthe|1251\n|player|p2|SzlRavioli|101|1155\n|gen|9\n|tier|[Gen 9 Champions] VGC 2026 Reg M-A\n|rated|\n|rule|Species Clause: Limit one of each Pok\u00e9mon\n|rule|Item Clause: Limit 1 of each item\n|clearpoke\n|poke|p1|Skarmory, L50, M|\n|poke|p1|Sneasler, L50, M, shiny|\n|poke|p1|Politoed, L50, F|\n|poke|p1|Whimsicott, L50, M|\n|poke|p1|Garchomp, L50, F|\n|poke|p1|Basculegion, L50, M|\n|poke|p2|Blastoise, L50, M, shiny|\n|poke|p2|Sinistcha-Masterpiece, L50|\n|poke|p2|Incineroar, L50, M|\n|poke|p2|Aerodactyl, L50, M, shiny|\n|poke|p2|Farigiraf, L50, F, shiny|\n|poke|p2|Gengar, L50, F|\n|teampreview|4\n|inactive|Battle timer is ON: inactive players will automatically lose when time's up. (requested by SzlRavioli)\n|inactive|disciple of blahaj has 60 seconds left.\n|\n|t:|1776556201\n|teamsize|p1|4\n|teamsize|p2|4\n|start\n|switch|p1a: Skarmory|Skarmory, L50, M|100/100\n|switch|p1b: Sneasler|Sneasler, L50, M, shiny|100/100\n|switch|p2a: Aerodactyl|Aerodactyl, L50, M, shiny|100/100\n|switch|p2b: Farigiraf|Farigiraf, L50, F, shiny|100/100\n|-ability|p2a: Aerodactyl|Unnerve\n|turn|1\n|\n|t:|1776556214\n|move|p2a: Aerodactyl|Tailwind|p2a: Aerodactyl\n|-sidestart|p2: SzlRavioli|move: Tailwind\n|move|p2b: Farigiraf|Psychic|p1b: Sneasler\n|-supereffective|p1b: Sneasler|2\n|-damage|p1b: Sneasler|0 fnt\n|faint|p1b: Sneasler\n|move|p1a: Skarmory|Swords Dance|p1a: Skarmory\n|-boost|p1a: Skarmory|atk|2\n|\n|upkeep\n|\n|t:|1776556223\n|switch|p1b: Whimsicott|Whimsicott, L50, M|100/100\n|turn|2\n|\n|t:|1776556235\n|move|p2a: Aerodactyl|Rock Slide|p1b: Whimsicott|[spread] p1a,p1b\n|-damage|p1a: Skarmory|77/100\n|-damage|p1b: Whimsicott|65/100\n|-ability|p1a: Skarmory|Weak Armor|boost\n|-unboost|p1a: Skarmory|def|1\n|-boost|p1a: Skarmory|spe|2\n|move|p1a: Skarmory|Iron Head|p2a: Aerodactyl\n|-supereffective|p2a: Aerodactyl|1\n|-enditem|p2a: Aerodactyl|Focus Sash\n|-damage|p2a: Aerodactyl|1/100\n|move|p2b: Farigiraf|Calm Mind|p2b: Farigiraf\n|-boost|p2b: Farigiraf|spa|1\n|-boost|p2b: Farigiraf|spd|1\n|move|p1b: Whimsicott|Moonblast|p2a: Aerodactyl\n|-damage|p2a: Aerodactyl|0 fnt\n|faint|p2a: Aerodactyl\n|\n|upkeep\n|\n|t:|1776556249\n|switch|p2a: Sinistcha|Sinistcha-Masterpiece, L50|100/100\n|turn|3\n|\n|t:|1776556266\n|detailschange|p1a: Skarmory|Skarmory-Mega, L50, M\n|-mega|p1a: Skarmory|Skarmory|Skarmorite\n|move|p2a: Sinistcha|Rage Powder|p2a: Sinistcha\n|-singleturn|p2a: Sinistcha|move: Rage Powder\n|move|p1b: Whimsicott|Tailwind|p1b: Whimsicott\n|-sidestart|p1: disciple of blahaj|move: Tailwind\n|move|p1a: Skarmory|Iron Head|p2b: Farigiraf\n|-damage|p2b: Farigiraf|10/100\n|move|p2b: Farigiraf|Baton Pass|p2b: Farigiraf\n|\n|t:|1776556273\n|switch|p2b: Blastoise|Blastoise, L50, M, shiny|100/100|[from] Baton Pass\n|\n|upkeep\n|turn|4\n|\n|t:|1776556297\n|detailschange|p2b: Blastoise|Blastoise-Mega, L50, M, shiny\n|-mega|p2b: Blastoise|Blastoise|Blastoisinite\n|move|p1a: Skarmory|Dual Wingbeat|p2b: Blastoise\n|-damage|p2b: Blastoise|62/100\n|-crit|p2b: Blastoise\n|-damage|p2b: Blastoise|0 fnt\n|faint|p2b: Blastoise\n|-hitcount|p2: Blastoise|2\n|move|p1b: Whimsicott|Moonblast|p2a: Sinistcha\n|-damage|p2a: Sinistcha|65/100\n|move|p2a: Sinistcha|Matcha Gotcha|p1a: Skarmory|[spread] p1a,p1b\n|-resisted|p1a: Skarmory|2\n|-resisted|p1b: Whimsicott|1\n|-damage|p1a: Skarmory|70/100\n|-heal|p2a: Sinistcha|68/100|[from] drain|[of] p1a: Skarmory\n|-damage|p1b: Whimsicott|46/100\n|-heal|p2a: Sinistcha|75/100|[from] drain|[of] p1b: Whimsicott\n|\n|-sideend|p2: SzlRavioli|move: Tailwind\n|upkeep\n|\n|t:|1776556304\n|switch|p2b: Farigiraf|Farigiraf, L50, F, shiny|10/100\n|turn|5\n|-message|SzlRavioli forfeited.\n|\n|win|disciple of blahaj\n|raw|disciple of blahaj's rating: 1251 &rarr; <strong>1269</strong><br />(+18 for winning)\n|raw|SzlRavioli's rating: 1155 &rarr; <strong>1137</strong><br />(-18 for losing)\n|l|\u2606SzlRavioli\n|player|p2|\n",
  "uploadtime": 1776556325,
  "views": 15,
  "formatid": "gen9championsvgc2026regma",
  "rating": 1137,
  "private": 0,
  "password": null
}