{
  "id": "gen9championsvgc2026regma-2584825250",
  "format": "[Gen 9 Champions] VGC 2026 Reg M-A",
  "players": [
    "Taiyougestu",
    "stringbeanis22"
  ],
  "log": "|j|\u2606Taiyougestu\n|j|\u2606stringbeanis22\n|t:|1776286525\n|gametype|doubles\n|player|p1|Taiyougestu|170|1000\n|player|p2|stringbeanis22|266|1063\n|gen|9\n|tier|[Gen 9 Champions] VGC 2026 Reg M-A\n|rated|\n|rule|Species Clause: Limit one of each Pok\u00e9mon\n|rule|Item Clause: Limit 1 of each item\n|clearpoke\n|poke|p1|Incineroar, L50, F|\n|poke|p1|Primarina, L50, F|\n|poke|p1|Oranguru, L50, F|\n|poke|p1|Sneasler, L50, F|\n|poke|p1|Golurk, L50|\n|poke|p1|Meganium, L50, M|\n|poke|p2|Sneasler, L50, M|\n|poke|p2|Incineroar, L50, F|\n|poke|p2|Charizard, L50, F|\n|poke|p2|Whimsicott, L50, M|\n|poke|p2|Venusaur, L50, F|\n|poke|p2|Garchomp, L50, F|\n|teampreview|4\n|inactive|Battle timer is ON: inactive players will automatically lose when time's up. (requested by stringbeanis22)\n|\n|t:|1776286542\n|teamsize|p1|4\n|teamsize|p2|4\n|start\n|switch|p1a: Incineroar|Incineroar, L50, F|100/100\n|switch|p1b: Primarina|Primarina, L50, F|100/100\n|switch|p2a: Sneasler|Sneasler, L50, M|100/100\n|switch|p2b: Charizard|Charizard, L50, F|100/100\n|-ability|p1a: Incineroar|Intimidate|boost\n|-unboost|p2a: Sneasler|atk|1\n|-unboost|p2b: Charizard|atk|1\n|-enditem|p2a: Sneasler|White Herb\n|-clearnegativeboost|p2a: Sneasler|[silent]\n|turn|1\n|\n|t:|1776286562\n|detailschange|p2b: Charizard|Charizard-Mega-Y, L50, F\n|-mega|p2b: Charizard|Charizard|Charizardite Y\n|-weather|SunnyDay|[from] ability: Drought|[of] p2b: Charizard\n|move|p2a: Sneasler|Fake Out|p1a: Incineroar\n|-damage|p1a: Incineroar|87/100\n|cant|p1a: Incineroar|flinch\n|move|p2b: Charizard|Solar Beam||[still]\n|-prepare|p2b: Charizard|Solar Beam\n|-anim|p2b: Charizard|Solar Beam|p1b: Primarina\n|-supereffective|p1b: Primarina|1\n|-damage|p1b: Primarina|26/100\n|move|p1b: Primarina|Icy Wind|p2a: Sneasler|[spread] p2a,p2b\n|-damage|p2a: Sneasler|80/100\n|-damage|p2b: Charizard|84/100\n|-unboost|p2a: Sneasler|spe|1\n|-unboost|p2b: Charizard|spe|1\n|\n|-weather|SunnyDay|[upkeep]\n|upkeep\n|turn|2\n|\n|t:|1776286582\n|switch|p2b: Venusaur|Venusaur, L50, F|100/100\n|move|p1b: Primarina|Protect|p1b: Primarina\n|-singleturn|p1b: Primarina|Protect\n|move|p1a: Incineroar|Protect|p1a: Incineroar\n|-singleturn|p1a: Incineroar|Protect\n|move|p2a: Sneasler|Dire Claw|p1b: Primarina\n|-activate|p1b: Primarina|move: Protect\n|\n|-weather|SunnyDay|[upkeep]\n|upkeep\n|turn|3\n|\n|t:|1776286598\n|switch|p1b: Golurk|Golurk, L50|100/100\n|move|p2b: Venusaur|Sleep Powder|p1a: Incineroar\n|-status|p1a: Incineroar|slp|[from] move: Sleep Powder\n|move|p2a: Sneasler|Dire Claw|p1b: Golurk\n|-resisted|p1b: Golurk|2\n|-damage|p1b: Golurk|88/100\n|cant|p1a: Incineroar|slp\n|\n|-weather|SunnyDay|[upkeep]\n|upkeep\n|turn|4\n|\n|t:|1776286618\n|switch|p2a: Garchomp|Garchomp, L50, F|100/100\n|detailschange|p1b: Golurk|Golurk-Mega, L50\n|-mega|p1b: Golurk|Golurk|Golurkite\n|move|p2b: Venusaur|Leaf Storm|p1b: Golurk\n|-supereffective|p1b: Golurk|1\n|-damage|p1b: Golurk|0 fnt\n|-unboost|p2b: Venusaur|spa|2\n|faint|p1b: Golurk\n|cant|p1a: Incineroar|slp\n|\n|-weather|SunnyDay|[upkeep]\n|upkeep\n|\n|t:|1776286626\n|switch|p1b: Primarina|Primarina, L50, F|26/100\n|turn|5\n|\n|t:|1776286642\n|switch|p2b: Charizard|Charizard-Mega-Y, L50, F|84/100\n|move|p2a: Garchomp|Earthquake|p1b: Primarina|[spread] p1a,p1b\n|-immune|p2b: Charizard\n|-supereffective|p1a: Incineroar|1\n|-damage|p1a: Incineroar|24/100 slp\n|-damage|p1b: Primarina|0 fnt\n|-enditem|p1a: Incineroar|Sitrus Berry|[eat]\n|-heal|p1a: Incineroar|49/100 slp|[from] item: Sitrus Berry\n|faint|p1b: Primarina\n|-curestatus|p1a: Incineroar|slp|[msg]\n|move|p1a: Incineroar|Darkest Lariat|p2a: Garchomp\n|-damage|p2a: Garchomp|61/100\n|-damage|p1a: Incineroar|36/100|[from] ability: Rough Skin|[of] p2a: Garchomp\n|\n|-weather|none\n|upkeep\n|inactive|Taiyougestu has 30 seconds left.\n|\n|t:|1776286676\n|switch|p1b: Oranguru|Oranguru, L50, F|100/100\n|turn|6\n|inactive|stringbeanis22 has 30 seconds left.\n|\n|t:|1776286701\n|switch|p2a: Venusaur|Venusaur, L50, F|100/100\n|switch|p2b: Sneasler|Sneasler, L50, M|80/100\n|move|p1b: Oranguru|Instruct|p1a: Incineroar\n|-singleturn|p1a: Incineroar|move: Instruct|[of] p1b: Oranguru\n|move|p1a: Incineroar|Darkest Lariat|p2a: Venusaur\n|-damage|p2a: Venusaur|48/100\n|move|p1a: Incineroar|Darkest Lariat|p2a: Venusaur\n|-damage|p2a: Venusaur|0 fnt\n|faint|p2a: Venusaur\n|\n|upkeep\n|\n|t:|1776286716\n|switch|p2a: Charizard|Charizard-Mega-Y, L50, F|84/100\n|-weather|SunnyDay|[from] ability: Drought|[of] p2a: Charizard\n|turn|7\n|\n|t:|1776286728\n|move|p2b: Sneasler|Fake Out|p1a: Incineroar\n|-damage|p1a: Incineroar|23/100\n|move|p2a: Charizard|Heat Wave|p1b: Oranguru|[spread] p1a,p1b\n|-resisted|p1a: Incineroar|1\n|-damage|p1a: Incineroar|0 fnt\n|-damage|p1b: Oranguru|53/100\n|faint|p1a: Incineroar\n|move|p1b: Oranguru|Instruct|p1: Incineroar|[notarget]\n|-fail|p1b: Oranguru\n|\n|-weather|SunnyDay|[upkeep]\n|-heal|p1b: Oranguru|59/100|[from] item: Leftovers\n|upkeep\n|turn|8\n|\n|t:|1776286743\n|move|p2b: Sneasler|Dire Claw|p1b: Oranguru\n|-damage|p1b: Oranguru|6/100\n|move|p2a: Charizard|Heat Wave|p1b: Oranguru\n|-damage|p1b: Oranguru|0 fnt\n|faint|p1b: Oranguru\n|\n|win|stringbeanis22\n|raw|Taiyougestu's rating: 1000 &rarr; <strong>1000</strong><br />(+0 for losing)\n|raw|stringbeanis22's rating: 1063 &rarr; <strong>1088</strong><br />(+25 for winning)\n|c|\u2606stringbeanis22|gg\n",
  "uploadtime": 1776286747,
  "views": 18,
  "formatid": "gen9championsvgc2026regma",
  "rating": 1000,
  "private": 0,
  "password": null
}