{
  "id": "gen9championsvgc2026regma-2587034556",
  "format": "[Gen 9 Champions] VGC 2026 Reg M-A",
  "players": [
    "SammerJammer",
    "hoooooboi26"
  ],
  "log": "|j|\u2606SammerJammer\n|j|\u2606hoooooboi26\n|t:|1776483542\n|gametype|doubles\n|player|p1|SammerJammer|2|1120\n|player|p2|hoooooboi26|2|1215\n|gen|9\n|tier|[Gen 9 Champions] VGC 2026 Reg M-A\n|rated|\n|rule|Species Clause: Limit one of each Pok\u00e9mon\n|rule|Item Clause: Limit 1 of each item\n|clearpoke\n|poke|p1|Gengar, L50, M|\n|poke|p1|Gardevoir, L50, M|\n|poke|p1|Arcanine, L50, F|\n|poke|p1|Incineroar, L50, F|\n|poke|p1|Sneasler, L50, F|\n|poke|p1|Rotom-Wash, L50|\n|poke|p2|Floette-Eternal, L50, F|\n|poke|p2|Basculegion, L50, M|\n|poke|p2|Aerodactyl, L50, F|\n|poke|p2|Sneasler, L50, F|\n|poke|p2|Garchomp, L50, F|\n|poke|p2|Kingambit, L50, F|\n|teampreview|4\n|inactive|Battle timer is ON: inactive players will automatically lose when time's up. (requested by hoooooboi26)\n|\n|t:|1776483575\n|teamsize|p1|4\n|teamsize|p2|4\n|start\n|switch|p1a: Gardevoir|Gardevoir, L50, M|100/100\n|switch|p1b: Incineroar|Incineroar, L50, F|100/100\n|switch|p2a: Garchomp|Garchomp, L50, F|100/100\n|switch|p2b: Aerodactyl|Aerodactyl, L50, F|100/100\n|-ability|p2b: Aerodactyl|Unnerve\n|-ability|p1a: Gardevoir|Rough Skin|Trace|[from] ability: Trace|[of] p2a: Garchomp\n|-ability|p1b: Incineroar|Intimidate|boost\n|-unboost|p2a: Garchomp|atk|1\n|-unboost|p2b: Aerodactyl|atk|1\n|turn|1\n|\n|t:|1776483595\n|detailschange|p2b: Aerodactyl|Aerodactyl-Mega, L50, F\n|-mega|p2b: Aerodactyl|Aerodactyl|Aerodactylite\n|detailschange|p1a: Gardevoir|Gardevoir-Mega, L50, M\n|-mega|p1a: Gardevoir|Gardevoir|Gardevoirite\n|move|p1b: Incineroar|Fake Out|p2b: Aerodactyl\n|-resisted|p2b: Aerodactyl|1\n|-damage|p2b: Aerodactyl|93/100\n|cant|p2b: Aerodactyl|flinch\n|move|p2a: Garchomp|Earthquake|p1a: Gardevoir|[spread] p1a,p1b\n|-immune|p2b: Aerodactyl\n|-supereffective|p1b: Incineroar|1\n|-damage|p1a: Gardevoir|61/100\n|-damage|p1b: Incineroar|55/100\n|move|p1a: Gardevoir|Trick Room|p1a: Gardevoir\n|-fieldstart|move: Trick Room|[of] p1a: Gardevoir\n|\n|upkeep\n|turn|2\n|inactive|SammerJammer has 30 seconds left.\n|\n|t:|1776483627\n|move|p2a: Garchomp|Protect|p2a: Garchomp\n|-singleturn|p2a: Garchomp|Protect\n|move|p1b: Incineroar|Parting Shot|p2b: Aerodactyl\n|-unboost|p2b: Aerodactyl|atk|1\n|-unboost|p2b: Aerodactyl|spa|1\n|\n|t:|1776483643\n|switch|p1b: Gengar|Gengar, L50, M|100/100|[from] Parting Shot\n|move|p1a: Gardevoir|Moonblast|p2a: Garchomp\n|-activate|p2a: Garchomp|move: Protect\n|move|p2b: Aerodactyl|Rock Slide|p1a: Gardevoir|[spread] p1a,p1b\n|-damage|p1a: Gardevoir|39/100\n|-damage|p1b: Gengar|74/100\n|-start|p2b: Aerodactyl|Disable|Rock Slide|[from] ability: Cursed Body|[of] p1b: Gengar\n|\n|upkeep\n|turn|3\n|\n|t:|1776483660\n|switch|p2a: Kingambit|Kingambit, L50, F, shiny|100/100\n|move|p2b: Aerodactyl|Protect|p2b: Aerodactyl\n|-singleturn|p2b: Aerodactyl|Protect\n|move|p1a: Gardevoir|Moonblast|p2a: Kingambit\n|-damage|p2a: Kingambit|37/100\n|move|p1b: Gengar|Shadow Ball|p2b: Aerodactyl\n|-activate|p2b: Aerodactyl|move: Protect\n|\n|upkeep\n|turn|4\n|\n|t:|1776483682\n|switch|p2b: Garchomp|Garchomp, L50, F|100/100\n|move|p1b: Gengar|Protect|p1b: Gengar\n|-singleturn|p1b: Gengar|Protect\n|move|p2a: Kingambit|Sucker Punch||[still]\n|-fail|p2a: Kingambit\n|move|p1a: Gardevoir|Moonblast|p2a: Kingambit\n|-damage|p2a: Kingambit|0 fnt\n|faint|p2a: Kingambit\n|\n|upkeep\n|\n|t:|1776483697\n|switch|p2a: Aerodactyl|Aerodactyl-Mega, L50, F|93/100\n|turn|5\n|\n|t:|1776483707\n|move|p2b: Garchomp|Protect|p2b: Garchomp\n|-singleturn|p2b: Garchomp|Protect\n|move|p2a: Aerodactyl|Protect|p2a: Aerodactyl\n|-singleturn|p2a: Aerodactyl|Protect\n|move|p1a: Gardevoir|Encore|p2b: Garchomp\n|-activate|p2b: Garchomp|move: Protect\n|move|p1b: Gengar|Icy Wind|p2a: Aerodactyl|[spread] \n|-activate|p2a: Aerodactyl|move: Protect\n|-activate|p2b: Garchomp|move: Protect\n|\n|-fieldend|move: Trick Room\n|upkeep\n|turn|6\n|\n|t:|1776483733\n|switch|p2b: Basculegion|Basculegion, L50, M|100/100\n|switch|p1a: Incineroar|Incineroar, L50, F|55/100\n|-ability|p1a: Incineroar|Intimidate|boost\n|-unboost|p2a: Aerodactyl|atk|1\n|-unboost|p2b: Basculegion|atk|1\n|move|p2a: Aerodactyl|Rock Slide|p1a: Incineroar|[spread] p1a,p1b\n|-supereffective|p1a: Incineroar|1\n|-damage|p1a: Incineroar|20/100\n|-damage|p1b: Gengar|35/100\n|cant|p1b: Gengar|flinch\n|\n|upkeep\n|turn|7\n|\n|t:|1776483757\n|move|p2a: Aerodactyl|Protect|p2a: Aerodactyl\n|-singleturn|p2a: Aerodactyl|Protect\n|move|p2b: Basculegion|Protect|p2b: Basculegion\n|-singleturn|p2b: Basculegion|Protect\n|move|p1a: Incineroar|Fake Out|p2a: Aerodactyl\n|-activate|p2a: Aerodactyl|move: Protect\n|move|p1b: Gengar|Icy Wind|p2b: Basculegion|[spread] \n|-activate|p2a: Aerodactyl|move: Protect\n|-activate|p2b: Basculegion|move: Protect\n|\n|upkeep\n|turn|8\n|\n|t:|1776483780\n|move|p2b: Basculegion|Aqua Jet|p1b: Gengar\n|-damage|p1b: Gengar|1/100\n|move|p2a: Aerodactyl|Rock Slide|p1b: Gengar|[spread] p1a,p1b\n|-supereffective|p1a: Incineroar|1\n|-damage|p1a: Incineroar|0 fnt\n|-damage|p1b: Gengar|0 fnt\n|faint|p1a: Incineroar\n|faint|p1b: Gengar\n|\n|upkeep\n|\n|t:|1776483787\n|switch|p1b: Gardevoir|Gardevoir-Mega, L50, M|39/100\n|switch|p1a: Sneasler|Sneasler, L50, F|100/100\n|turn|9\n|\n|t:|1776483807\n|move|p2b: Basculegion|Aqua Jet|p1b: Gardevoir\n|-damage|p1b: Gardevoir|13/100\n|move|p2a: Aerodactyl|Dual Wingbeat|p1a: Sneasler\n|-supereffective|p1a: Sneasler|1\n|-damage|p1a: Sneasler|32/100\n|-supereffective|p1a: Sneasler|1\n|-damage|p1a: Sneasler|0 fnt\n|faint|p1a: Sneasler\n|-hitcount|p1: Sneasler|2\n|move|p1b: Gardevoir|Psychic|p2a: Aerodactyl\n|-damage|p2a: Aerodactyl|20/100\n|\n|upkeep\n|turn|10\n|-message|SammerJammer forfeited.\n|\n|win|hoooooboi26\n|raw|SammerJammer's rating: 1120 &rarr; <strong>1102</strong><br />(-18 for losing)\n|raw|hoooooboi26's rating: 1215 &rarr; <strong>1233</strong><br />(+18 for winning)\n|l|\u2606SammerJammer\n|player|p1|\n|c|\u2606hoooooboi26|Ggs\n",
  "uploadtime": 1776483826,
  "views": 21,
  "formatid": "gen9championsvgc2026regma",
  "rating": 1102,
  "private": 0,
  "password": null
}