{
  "id": "gen9championsvgc2026regma-2586052930",
  "format": "[Gen 9 Champions] VGC 2026 Reg M-A",
  "players": [
    "simon1000000",
    "Amukhan"
  ],
  "log": "|j|\u2606simon1000000\n|j|\u2606Amukhan\n|t:|1776394076\n|gametype|doubles\n|player|p1|simon1000000|nate-pokestar3|1125\n|player|p2|Amukhan|ingo|1163\n|gen|9\n|tier|[Gen 9 Champions] VGC 2026 Reg M-A\n|rated|\n|rule|Species Clause: Limit one of each Pok\u00e9mon\n|rule|Item Clause: Limit 1 of each item\n|clearpoke\n|poke|p1|Sinistcha, L50|\n|poke|p1|Drampa, L50, F|\n|poke|p1|Pelipper, L50, M|\n|poke|p1|Alakazam, L50, M|\n|poke|p1|Scizor, L50, F|\n|poke|p1|Basculegion, L50, M|\n|poke|p2|Whimsicott, L50, F|\n|poke|p2|Tyranitar, L50, F|\n|poke|p2|Garchomp, L50, M|\n|poke|p2|Basculegion, L50, M|\n|poke|p2|Glimmora, L50, M|\n|poke|p2|Corviknight, L50, M|\n|teampreview|4\n|inactive|Battle timer is ON: inactive players will automatically lose when time's up. (requested by simon1000000)\n|inactive|Amukhan has 60 seconds left.\n|inactive|Amukhan has 30 seconds left.\n|inactive|Amukhan has 20 seconds left.\n|\n|t:|1776394186\n|teamsize|p1|4\n|teamsize|p2|4\n|start\n|switch|p1a: Drampa|Drampa, L50, F|100/100\n|switch|p1b: Alakazam|Alakazam, L50, M|100/100\n|switch|p2a: Tyranitar|Tyranitar, L50, F|100/100\n|switch|p2b: Basculegion|Basculegion, L50, M|100/100\n|-weather|Sandstorm|[from] ability: Sand Stream|[of] p2a: Tyranitar\n|-ability|p1a: Drampa|Cloud Nine\n|turn|1\n|inactive|Amukhan has 30 seconds left.\n|\n|t:|1776394218\n|move|p2b: Basculegion|Icy Wind|p1a: Drampa|[spread] p1a,p1b\n|-supereffective|p1a: Drampa|1\n|-damage|p1a: Drampa|84/100\n|-damage|p1b: Alakazam|91/100\n|-unboost|p1a: Drampa|spe|1\n|-unboost|p1b: Alakazam|spe|1\n|move|p1b: Alakazam|Reflect|p1b: Alakazam\n|-sidestart|p1: simon1000000|Reflect\n|move|p2a: Tyranitar|Dragon Dance|p2a: Tyranitar\n|-boost|p2a: Tyranitar|atk|1\n|-boost|p2a: Tyranitar|spe|1\n|move|p1a: Drampa|Calm Mind|p1a: Drampa\n|-boost|p1a: Drampa|spa|1\n|-boost|p1a: Drampa|spd|1\n|\n|-weather|Sandstorm|[upkeep]\n|upkeep\n|turn|2\n|inactive|simon1000000 has 30 seconds left.\n|inactive|Amukhan has 30 seconds left.\n|inactive|simon1000000 has 20 seconds left.\n|inactive|Amukhan has 20 seconds left.\n|inactive|simon1000000 has 15 seconds left.\n|inactive|Amukhan has 15 seconds left.\n|inactive|simon1000000 has 10 seconds left.\n|inactive|Amukhan has 10 seconds left.\n|inactive|simon1000000 has 5 seconds left.\n|\n|t:|1776394273\n|switch|p2b: Whimsicott|Whimsicott, L50, F, shiny|100/100\n|move|p1a: Drampa|Protect|p1a: Drampa\n|-singleturn|p1a: Drampa|Protect\n|move|p2a: Tyranitar|Rock Slide|p1a: Drampa|[spread] p1b\n|-activate|p1a: Drampa|move: Protect\n|-damage|p1b: Alakazam|27/100\n|move|p1b: Alakazam|Light Screen|p1b: Alakazam\n|-sidestart|p1: simon1000000|move: Light Screen\n|\n|-weather|Sandstorm|[upkeep]\n|upkeep\n|turn|3\n|inactive|simon1000000 has 30 seconds left.\n|inactive|Amukhan has 30 seconds left.\n|\n|t:|1776394308\n|move|p2a: Tyranitar|Rock Slide|p1a: Drampa|[spread] p1a,p1b\n|-damage|p1a: Drampa|51/100\n|-damage|p1b: Alakazam|0 fnt\n|faint|p1b: Alakazam\n|move|p2b: Whimsicott|Moonblast|p1a: Drampa\n|-supereffective|p1a: Drampa|1\n|-damage|p1a: Drampa|14/100\n|move|p1a: Drampa|Earth Power|p2a: Tyranitar\n|-supereffective|p2a: Tyranitar|1\n|-damage|p2a: Tyranitar|0 fnt\n|faint|p2a: Tyranitar\n|\n|-weather|Sandstorm|[upkeep]\n|upkeep\n|\n|t:|1776394322\n|switch|p1b: Sinistcha|Sinistcha, L50|100/100\n|switch|p2a: Glimmora|Glimmora, L50, M, shiny|100/100\n|-heal|p1a: Drampa|39/100|[from] ability: Hospitality|[of] p1b: Sinistcha\n|turn|4\n|\n|t:|1776394347\n|detailschange|p2a: Glimmora|Glimmora-Mega, L50, M, shiny\n|-mega|p2a: Glimmora|Glimmora|Glimmoranite\n|detailschange|p1a: Drampa|Drampa-Mega, L50, F\n|-mega|p1a: Drampa|Drampa|Drampanite\n|move|p1a: Drampa|Protect|p1a: Drampa\n|-singleturn|p1a: Drampa|Protect\n|move|p2b: Whimsicott|Tailwind|p2b: Whimsicott\n|-sidestart|p2: Amukhan|move: Tailwind\n|move|p2a: Glimmora|Sludge Bomb|p1b: Sinistcha\n|-damage|p1b: Sinistcha|42/100\n|-enditem|p1b: Sinistcha|Sitrus Berry|[eat]\n|-heal|p1b: Sinistcha|67/100|[from] item: Sitrus Berry\n|move|p1b: Sinistcha|Trick Room|p1b: Sinistcha\n|-fieldstart|move: Trick Room|[of] p1b: Sinistcha\n|\n|-weather|Sandstorm|[upkeep]\n|-damage|p1a: Drampa|33/100|[from] Sandstorm\n|-damage|p1b: Sinistcha|61/100|[from] Sandstorm\n|-damage|p2b: Whimsicott|95/100|[from] Sandstorm\n|upkeep\n|turn|5\n|c|\u2606Amukhan|Way too bulky\n|inactive|Amukhan has 30 seconds left.\n|inactive|Amukhan has 20 seconds left.\n|\n|t:|1776394386\n|move|p2a: Glimmora|Spiky Shield|p2a: Glimmora\n|-singleturn|p2a: Glimmora|move: Protect\n|move|p1a: Drampa|Hyper Voice|p2a: Glimmora|[spread] p2b\n|-activate|p2a: Glimmora|move: Protect\n|-damage|p2b: Whimsicott|8/100\n|move|p1b: Sinistcha|Life Dew|p1b: Sinistcha|[spread] p1a,p1b\n|-heal|p1a: Drampa|58/100\n|-heal|p1b: Sinistcha|86/100\n|move|p2b: Whimsicott|Moonblast|p1a: Drampa\n|-supereffective|p1a: Drampa|1\n|-damage|p1a: Drampa|31/100\n|-ability|p1a: Drampa|Berserk|boost\n|-boost|p1a: Drampa|spa|1\n|\n|-weather|none\n|-sideend|p1: simon1000000|Reflect\n|upkeep\n|turn|6\n|inactive|Amukhan has 30 seconds left.\n|inactive|Amukhan has 20 seconds left.\n|inactive|Amukhan has 15 seconds left.\n|\n|t:|1776394426\n|move|p2b: Whimsicott|Fake Tears|p1b: Sinistcha\n|-unboost|p1b: Sinistcha|spd|2\n|move|p1a: Drampa|Hyper Voice|p2a: Glimmora|[spread] p2a,p2b\n|-resisted|p2a: Glimmora|1\n|-damage|p2a: Glimmora|58/100\n|-damage|p2b: Whimsicott|0 fnt\n|faint|p2b: Whimsicott\n|move|p1b: Sinistcha|Matcha Gotcha|p2a: Glimmora|[miss]\n|-miss|p1b: Sinistcha|p2a: Glimmora\n|move|p2a: Glimmora|Sludge Bomb|p1b: Sinistcha\n|-damage|p1b: Sinistcha|0 fnt\n|faint|p1b: Sinistcha\n|\n|-sideend|p1: simon1000000|move: Light Screen\n|upkeep\n|\n|t:|1776394444\n|switch|p1b: Pelipper|Pelipper, L50, M|100/100\n|switch|p2b: Basculegion|Basculegion, L50, M|100/100\n|-weather|RainDance|[from] ability: Drizzle|[of] p1b: Pelipper\n|turn|7\n|\n|t:|1776394457\n|move|p2a: Glimmora|Spiky Shield|p2a: Glimmora\n|-singleturn|p2a: Glimmora|move: Protect\n|move|p1a: Drampa|Earth Power|p2a: Glimmora\n|-activate|p2a: Glimmora|move: Protect\n|move|p1b: Pelipper|Hurricane|p2b: Basculegion\n|-damage|p2b: Basculegion|60/100\n|move|p2b: Basculegion|Wave Crash|p1a: Drampa\n|-resisted|p1a: Drampa|1\n|-damage|p1a: Drampa|0 fnt\n|faint|p1a: Drampa\n|-damage|p2b: Basculegion|51/100|[from] Recoil\n|\n|-weather|RainDance|[upkeep]\n|-sideend|p2: Amukhan|move: Tailwind\n|upkeep\n|turn|8\n|\n|t:|1776394477\n|move|p1b: Pelipper|Hurricane|p2b: Basculegion\n|-damage|p2b: Basculegion|6/100\n|-start|p2b: Basculegion|confusion\n|move|p2a: Glimmora|Power Gem|p1b: Pelipper\n|-supereffective|p1b: Pelipper|1\n|-enditem|p1b: Pelipper|Focus Sash\n|-damage|p1b: Pelipper|1/100\n|-activate|p2b: Basculegion|confusion\n|-damage|p2b: Basculegion|0 fnt|[from] confusion\n|faint|p2b: Basculegion\n|\n|-weather|RainDance|[upkeep]\n|-fieldend|move: Trick Room\n|upkeep\n|turn|9\n|\n|t:|1776394493\n|move|p2a: Glimmora|Power Gem|p1b: Pelipper\n|-supereffective|p1b: Pelipper|1\n|-damage|p1b: Pelipper|0 fnt\n|faint|p1b: Pelipper\n|\n|win|Amukhan\n|raw|simon1000000's rating: 1125 &rarr; <strong>1103</strong><br />(-22 for losing)\n|raw|Amukhan's rating: 1163 &rarr; <strong>1185</strong><br />(+22 for winning)\n|l|\u2606simon1000000\n|player|p1|\n|c|\u2606Amukhan|Gg\n",
  "uploadtime": 1776394501,
  "views": 15,
  "formatid": "gen9championsvgc2026regma",
  "rating": 1103,
  "private": 0,
  "password": null
}