{
  "id": "gen9championsvgc2026regma-2584013564",
  "format": "[Gen 9 Champions] VGC 2026 Reg M-A",
  "players": [
    "MaxiSilv",
    "SmokeyToken"
  ],
  "log": "|j|\u2606MaxiSilv\n|j|\u2606SmokeyToken\n|t:|1776216797\n|gametype|doubles\n|player|p1|MaxiSilv|169|1096\n|player|p2|SmokeyToken|170|1027\n|gen|9\n|tier|[Gen 9 Champions] VGC 2026 Reg M-A\n|rated|\n|rule|Species Clause: Limit one of each Pok\u00e9mon\n|rule|Item Clause: Limit 1 of each item\n|clearpoke\n|poke|p1|Floette-Eternal, L50, F|\n|poke|p1|Sinistcha, L50|\n|poke|p1|Aerodactyl, L50, M|\n|poke|p1|Garchomp, L50, M|\n|poke|p1|Incineroar, L50, F|\n|poke|p1|Rotom-Wash, L50|\n|poke|p2|Beedrill, L50, M|\n|poke|p2|Sinistcha, L50|\n|poke|p2|Farigiraf, L50, M|\n|poke|p2|Talonflame, L50, M|\n|poke|p2|Quaquaval, L50, F|\n|poke|p2|Hawlucha, L50, M|\n|teampreview|4\n|inactive|Battle timer is ON: inactive players will automatically lose when time's up. (requested by SmokeyToken)\nMaxiSilv has agreed to open team sheets.\n|inactive|MaxiSilv has 60 seconds left.\nSmokeyToken rejected open team sheets.\n|\n|t:|1776216845\n|teamsize|p1|4\n|teamsize|p2|4\n|start\n|switch|p1a: Aerodactyl|Aerodactyl, L50, M|100/100\n|switch|p1b: Incineroar|Incineroar, L50, F|100/100\n|switch|p2a: Beedrill|Beedrill, L50, M|100/100\n|switch|p2b: Talonflame|Talonflame, L50, M|100/100\n|-ability|p1a: Aerodactyl|Unnerve\n|-ability|p1b: Incineroar|Intimidate|boost\n|-unboost|p2a: Beedrill|atk|1\n|-unboost|p2b: Talonflame|atk|1\n|turn|1\n|\n|t:|1776216861\n|switch|p2a: Quaquaval|Quaquaval, L50, F|100/100\n|move|p1b: Incineroar|Fake Out|p2b: Talonflame\n|-damage|p2b: Talonflame|86/100\n|move|p1a: Aerodactyl|Rock Slide|p2b: Talonflame|[spread] p2a,p2b\n|-resisted|p2a: Quaquaval|1\n|-supereffective|p2b: Talonflame|2\n|-damage|p2a: Quaquaval|84/100\n|-damage|p2b: Talonflame|0 fnt\n|faint|p2b: Talonflame\n|\n|upkeep\n|\n|t:|1776216870\n|switch|p2b: Beedrill|Beedrill, L50, M|100/100\n|turn|2\n|\n|t:|1776216885\n|switch|p1b: Sinistcha|Sinistcha, L50|100/100\n|detailschange|p2b: Beedrill|Beedrill-Mega, L50, M\n|-mega|p2b: Beedrill|Beedrill|Beedrillite\n|move|p2a: Quaquaval|Aqua Step|p1a: Aerodactyl\n|-supereffective|p1a: Aerodactyl|1\n|-enditem|p1a: Aerodactyl|Focus Sash\n|-damage|p1a: Aerodactyl|1/100\n|-boost|p2a: Quaquaval|spe|1\n|move|p2b: Beedrill|Lunge|p1b: Sinistcha\n|-damage|p1b: Sinistcha|53/100\n|-unboost|p1b: Sinistcha|atk|1\n|move|p1a: Aerodactyl|Tailwind|p1a: Aerodactyl\n|-sidestart|p1: MaxiSilv|move: Tailwind\n|\n|upkeep\n|turn|3\n|inactive|MaxiSilv has 30 seconds left.\n|\n|t:|1776216911\n|move|p1b: Sinistcha|Rage Powder|p1b: Sinistcha\n|-singleturn|p1b: Sinistcha|move: Rage Powder\n|move|p1a: Aerodactyl|Dual Wingbeat|p2a: Quaquaval\n|-supereffective|p2a: Quaquaval|1\n|-damage|p2a: Quaquaval|33/100\n|-supereffective|p2a: Quaquaval|1\n|-damage|p2a: Quaquaval|0 fnt\n|faint|p2a: Quaquaval\n|-hitcount|p2: Quaquaval|2\n|move|p2b: Beedrill|Poison Jab|p1b: Sinistcha\n|-damage|p1b: Sinistcha|3/100\n|\n|upkeep\n|\n|t:|1776216922\n|switch|p2a: Sinistcha|Sinistcha, L50|100/100\n|turn|4\n|\n|t:|1776216935\n|switch|p1b: Incineroar|Incineroar, L50, F|100/100\n|-ability|p1b: Incineroar|Intimidate|boost\n|-unboost|p2a: Sinistcha|atk|1\n|-unboost|p2b: Beedrill|atk|1\n|move|p2a: Sinistcha|Rage Powder|p2a: Sinistcha\n|-singleturn|p2a: Sinistcha|move: Rage Powder\n|move|p1a: Aerodactyl|Dual Wingbeat|p2a: Sinistcha\n|-supereffective|p2a: Sinistcha|1\n|-damage|p2a: Sinistcha|70/100\n|-supereffective|p2a: Sinistcha|1\n|-damage|p2a: Sinistcha|36/100\n|-hitcount|p2a: Sinistcha|2\n|move|p2b: Beedrill|Dual Wingbeat|p1b: Incineroar\n|-damage|p1b: Incineroar|94/100\n|-damage|p1b: Incineroar|87/100\n|-hitcount|p1b: Incineroar|2\n|\n|upkeep\n|turn|5\n|inactive|MaxiSilv has 30 seconds left.\n|inactive|SmokeyToken has 30 seconds left.\n|\n|t:|1776216961\n|move|p2a: Sinistcha|Rage Powder|p2a: Sinistcha\n|-singleturn|p2a: Sinistcha|move: Rage Powder\n|move|p1a: Aerodactyl|Dual Wingbeat|p2a: Sinistcha\n|-supereffective|p2a: Sinistcha|1\n|-damage|p2a: Sinistcha|5/100\n|-supereffective|p2a: Sinistcha|1\n|-damage|p2a: Sinistcha|0 fnt\n|faint|p2a: Sinistcha\n|-hitcount|p2: Sinistcha|2\n|move|p2b: Beedrill|Dual Wingbeat|p1a: Aerodactyl\n|-resisted|p1a: Aerodactyl|1\n|-damage|p1a: Aerodactyl|0 fnt\n|faint|p1a: Aerodactyl\n|-hitcount|p1: Aerodactyl|1\n|move|p1b: Incineroar|Flare Blitz|p2b: Beedrill\n|-supereffective|p2b: Beedrill|1\n|-damage|p2b: Beedrill|0 fnt\n|faint|p2b: Beedrill\n|-damage|p1b: Incineroar|58/100|[from] Recoil\n|\n|win|MaxiSilv\n|raw|MaxiSilv's rating: 1096 &rarr; <strong>1117</strong><br />(+21 for winning)\n|raw|SmokeyToken's rating: 1027 &rarr; <strong>1016</strong><br />(-11 for losing)\n|l|\u2606SmokeyToken\n|player|p2|\n|c|\u2606MaxiSilv|gg\n",
  "uploadtime": 1776216961,
  "views": 31,
  "formatid": "gen9championsvgc2026regma",
  "rating": 1016,
  "private": 0,
  "password": null
}