{
  "id": "gen9championsvgc2026regma-2583060282",
  "format": "[Gen 9 Champions] VGC 2026 Reg M-A",
  "players": [
    "tapedcrusader",
    "owl_with_scarf"
  ],
  "log": "|j|\u2606tapedcrusader\n|j|\u2606owl_with_scarf\n|t:|1776137691\n|gametype|doubles\n|player|p1|tapedcrusader|red|1200\n|player|p2|owl_with_scarf|#owlwithscarf|1194\n|gen|9\n|tier|[Gen 9 Champions] VGC 2026 Reg M-A\n|rated|\n|rule|Species Clause: Limit one of each Pok\u00e9mon\n|rule|Item Clause: Limit 1 of each item\n|clearpoke\n|poke|p1|Floette-Eternal, L50, F|\n|poke|p1|Gengar, L50, F|\n|poke|p1|Incineroar, L50, M|\n|poke|p1|Sneasler, L50, F|\n|poke|p1|Whimsicott, L50, F|\n|poke|p1|Basculegion, L50, M|\n|poke|p2|Talonflame, L50, F|\n|poke|p2|Floette-Eternal, L50, F|\n|poke|p2|Rotom-Wash, L50|\n|poke|p2|Sneasler, L50, M|\n|poke|p2|Primarina, L50, F|\n|poke|p2|Sylveon, L50, F|\n|teampreview|4\n|inactive|Battle timer is ON: inactive players will automatically lose when time's up. (requested by owl_with_scarf)\n|\n|t:|1776137717\n|teamsize|p1|4\n|teamsize|p2|4\n|start\n|switch|p1a: Gengar|Gengar, L50, F|100/100\n|switch|p1b: Sneasler|Sneasler, L50, F|100/100\n|switch|p2a: Rotom|Rotom-Wash, L50|100/100\n|switch|p2b: Sneasler|Sneasler, L50, M|100/100\n|-ability|p1b: Sneasler|Pressure\n|turn|1\n|inactive|owl_with_scarf has 30 seconds left.\n|inactive|owl_with_scarf has 20 seconds left.\n|\n|t:|1776137756\n|switch|p1b: Whimsicott|Whimsicott, L50, F|100/100\n|detailschange|p1a: Gengar|Gengar-Mega, L50, F\n|-mega|p1a: Gengar|Gengar|Gengarite\n|move|p1a: Gengar|Protect|p1a: Gengar\n|-singleturn|p1a: Gengar|Protect\n|move|p2b: Sneasler|Dire Claw|p1a: Gengar\n|-activate|p1a: Gengar|move: Protect\n|move|p2a: Rotom|Volt Switch|p1a: Gengar\n|-activate|p1a: Gengar|move: Protect\n|\n|upkeep\n|turn|2\n|inactive|tapedcrusader has 30 seconds left.\n|inactive|tapedcrusader has 20 seconds left.\n|\n|t:|1776137793\n|move|p2b: Sneasler|Dire Claw|p1b: Whimsicott\n|-supereffective|p1b: Whimsicott|2\n|-enditem|p1b: Whimsicott|Focus Sash\n|-damage|p1b: Whimsicott|1/100\n|-status|p1b: Whimsicott|par\n|move|p1a: Gengar|Shadow Ball|p2b: Sneasler\n|-damage|p2b: Sneasler|39/100\n|move|p2a: Rotom|Volt Switch|p1a: Gengar\n|-damage|p1a: Gengar|66/100\n|inactive|owl_with_scarf has 30 seconds left.\n|c|\u2606tapedcrusader|Scarf!?\n|inactive|owl_with_scarf has 20 seconds left.\n|inactive|owl_with_scarf has 15 seconds left.\n|\n|t:|1776137835\n|switch|p2a: Sylveon|Sylveon, L50, F|100/100|[from] Volt Switch\n|move|p1b: Whimsicott|Energy Ball|p2a: Sylveon\n|-damage|p2a: Sylveon|77/100\n|\n|upkeep\n|turn|3\n|\n|t:|1776137856\n|move|p1b: Whimsicott|Tailwind|p1b: Whimsicott\n|-sidestart|p1: tapedcrusader|move: Tailwind\n|move|p1a: Gengar|Shadow Ball|p2b: Sneasler\n|-damage|p2b: Sneasler|0 fnt\n|faint|p2b: Sneasler\n|move|p2a: Sylveon|Yawn|p1a: Gengar\n|-start|p1a: Gengar|move: Yawn|[of] p2a: Sylveon\n|\n|upkeep\n|\n|t:|1776137879\n|switch|p2b: Rotom|Rotom-Wash, L50|100/100\n|turn|4\n|\n|t:|1776137890\n|switch|p1a: Sneasler|Sneasler, L50, F|100/100\n|-ability|p1a: Sneasler|Pressure\n|move|p1b: Whimsicott|Protect|p1b: Whimsicott\n|-singleturn|p1b: Whimsicott|Protect\n|move|p2b: Rotom|Protect|p2b: Rotom\n|-singleturn|p2b: Rotom|Protect\n|move|p2a: Sylveon|Hyper Voice|p1b: Whimsicott|[spread] p1a\n|-activate|p1b: Whimsicott|move: Protect\n|-damage|p1a: Sneasler|45/100\n|\n|upkeep\n|turn|5\n|\n|t:|1776137907\n|move|p2b: Rotom|Protect||[still]\n|-fail|p2b: Rotom\n|move|p2a: Sylveon|Protect|p2a: Sylveon\n|-singleturn|p2a: Sylveon|Protect\n|move|p1b: Whimsicott|Encore|p2b: Rotom\n|-start|p2b: Rotom|Encore\n|move|p1a: Sneasler|Dire Claw|p2a: Sylveon\n|-activate|p2a: Sylveon|move: Protect\n|\n|upkeep\n|turn|6\n|\n|t:|1776137922\n|switch|p2a: Talonflame|Talonflame, L50, F|100/100\n|move|p2b: Rotom|Protect|p2b: Rotom\n|-singleturn|p2b: Rotom|Protect\n|move|p1a: Sneasler|Dire Claw|p2a: Talonflame\n|-damage|p2a: Talonflame|42/100\n|-status|p2a: Talonflame|slp\n|move|p1b: Whimsicott|Energy Ball|p2b: Rotom\n|-activate|p2b: Rotom|move: Protect\n|\n|-sideend|p1: tapedcrusader|move: Tailwind\n|upkeep\n|turn|7\n|\n|t:|1776137943\n|switch|p2b: Sylveon|Sylveon, L50, F|77/100\n|cant|p1b: Whimsicott|par\n|cant|p2a: Talonflame|slp\n|move|p1a: Sneasler|Dire Claw|p2a: Talonflame\n|-damage|p2a: Talonflame|0 fnt\n|faint|p2a: Talonflame\n|\n|upkeep\n|inactive|owl_with_scarf has 30 seconds left.\n|\n|t:|1776137978\n|switch|p2a: Rotom|Rotom-Wash, L50|100/100\n|turn|8\n|\n|t:|1776137983\n|move|p1a: Sneasler|Protect|p1a: Sneasler\n|-singleturn|p1a: Sneasler|Protect\n|move|p2b: Sylveon|Protect|p2b: Sylveon\n|-singleturn|p2b: Sylveon|Protect\n|move|p1b: Whimsicott|Tailwind|p1b: Whimsicott\n|-sidestart|p1: tapedcrusader|move: Tailwind\n|move|p2a: Rotom|Hydro Pump|p1a: Sneasler\n|-activate|p1a: Sneasler|move: Protect\n|\n|upkeep\n|turn|9\n|\n|t:|1776137998\n|move|p2b: Sylveon|Protect|p2b: Sylveon\n|-singleturn|p2b: Sylveon|Protect\n|move|p1b: Whimsicott|Encore|p2b: Sylveon\n|-activate|p2b: Sylveon|move: Protect\n|move|p1a: Sneasler|Dire Claw|p2a: Rotom\n|-damage|p2a: Rotom|64/100\n|-status|p2a: Rotom|psn\n|move|p2a: Rotom|Hydro Pump|p1a: Sneasler|[miss]\n|-miss|p2a: Rotom|p1a: Sneasler\n|\n|-heal|p2a: Rotom|69/100 psn|[from] item: Leftovers\n|-damage|p2a: Rotom|57/100 psn|[from] psn\n|upkeep\n|turn|10\n|-message|owl_with_scarf forfeited.\n|\n|win|tapedcrusader\n|raw|tapedcrusader's rating: 1200 &rarr; <strong>1224</strong><br />(+24 for winning)\n|raw|owl_with_scarf's rating: 1189 &rarr; <strong>1165</strong><br />(-24 for losing)\n|l|\u2606owl_with_scarf\n|player|p2|\n",
  "uploadtime": 1776138031,
  "views": 19,
  "formatid": "gen9championsvgc2026regma",
  "rating": 1165,
  "private": 0,
  "password": null
}