{
  "id": "gen9championsvgc2026regma-2584111560",
  "format": "[Gen 9 Champions] VGC 2026 Reg M-A",
  "players": [
    "Ace_shiv",
    "jingming"
  ],
  "log": "|j|\u2606Ace_shiv\n|j|\u2606jingming\n|t:|1776226372\n|gametype|doubles\n|player|p1|Ace_shiv|170|1200\n|player|p2|jingming|nate|1164\n|gen|9\n|tier|[Gen 9 Champions] VGC 2026 Reg M-A\n|rated|\n|rule|Species Clause: Limit one of each Pok\u00e9mon\n|rule|Item Clause: Limit 1 of each item\n|clearpoke\n|poke|p1|Farigiraf, L50, M|\n|poke|p1|Kangaskhan, L50, F|\n|poke|p1|Incineroar, L50, M|\n|poke|p1|Sylveon, L50, M|\n|poke|p1|Aerodactyl, L50, M|\n|poke|p1|Basculegion, L50, M|\n|poke|p2|Sneasler, L50, F|\n|poke|p2|Incineroar, L50, F|\n|poke|p2|Corviknight, L50, F|\n|poke|p2|Dragonite, L50, M|\n|poke|p2|Garchomp, L50, F|\n|poke|p2|Greninja-*, L50, M|\n|teampreview|4\n|inactive|Battle timer is ON: inactive players will automatically lose when time's up. (requested by jingming)\n|inactive|Ace_shiv has 60 seconds left.\n|inactive|jingming has 60 seconds left.\n|\n|t:|1776226423\n|teamsize|p1|4\n|teamsize|p2|4\n|start\n|switch|p1a: Farigiraf|Farigiraf, L50, M|100/100\n|switch|p1b: Kangaskhan|Kangaskhan, L50, F|100/100\n|switch|p2a: Incineroar|Incineroar, L50, F|100/100\n|switch|p2b: Dragonite|Dragonite, L50, M|100/100\n|-ability|p2a: Incineroar|Intimidate|boost\n|-unboost|p1a: Farigiraf|atk|1\n|-fail|p1b: Kangaskhan|unboost|Attack|[from] ability: Scrappy|[of] p1b: Kangaskhan\n|turn|1\n|\n|t:|1776226442\n|detailschange|p1b: Kangaskhan|Kangaskhan-Mega, L50, F\n|-mega|p1b: Kangaskhan|Kangaskhan|Kangaskhanite\n|detailschange|p2b: Dragonite|Dragonite-Mega, L50, M\n|-mega|p2b: Dragonite|Dragonite|Dragoninite\n|move|p1b: Kangaskhan|Fake Out|p2a: Incineroar\n|-damage|p2a: Incineroar|83/100\n|-damage|p2a: Incineroar|79/100\n|-hitcount|p2a: Incineroar|2\n|move|p2b: Dragonite|Draco Meteor|p1b: Kangaskhan|[miss]\n|-miss|p2b: Dragonite|p1b: Kangaskhan\n|cant|p2a: Incineroar|flinch\n|move|p1a: Farigiraf|Trick Room|p1a: Farigiraf\n|-fieldstart|move: Trick Room|[of] p1a: Farigiraf\n|\n|upkeep\n|turn|2\n|inactive|Ace_shiv has 30 seconds left.\n|\n|t:|1776226474\n|switch|p2a: Corviknight|Corviknight, L50, F|100/100\n|move|p1a: Farigiraf|Hyper Voice|p2a: Corviknight|[spread] p2a,p2b\n|-resisted|p2a: Corviknight|1\n|-damage|p2a: Corviknight|90/100\n|-damage|p2b: Dragonite|89/100\n|move|p2b: Dragonite|Draco Meteor|p1b: Kangaskhan\n|-damage|p1b: Kangaskhan|48/100\n|-unboost|p2b: Dragonite|spa|2\n|move|p1b: Kangaskhan|Double-Edge|p2b: Dragonite\n|-damage|p2b: Dragonite|48/100\n|-crit|p2b: Dragonite\n|-damage|p2b: Dragonite|32/100\n|-hitcount|p2b: Dragonite|2\n|-damage|p1b: Kangaskhan|31/100|[from] Recoil\n|\n|-heal|p2a: Corviknight|96/100|[from] item: Leftovers\n|upkeep\n|turn|3\n|inactive|Ace_shiv has 30 seconds left.\n|\n|t:|1776226500\n|switch|p1b: Sylveon|Sylveon, L50, M|100/100\n|move|p1a: Farigiraf|Nasty Plot|p1a: Farigiraf\n|-boost|p1a: Farigiraf|spa|2\n|move|p2a: Corviknight|Iron Defense|p2a: Corviknight\n|-boost|p2a: Corviknight|def|2\n|move|p2b: Dragonite|Roost|p2b: Dragonite\n|-heal|p2b: Dragonite|82/100\n|-singleturn|p2b: Dragonite|move: Roost\n|\n|-heal|p2a: Corviknight|100/100|[from] item: Leftovers\n|upkeep\n|turn|4\n|inactive|jingming has 30 seconds left.\n|\n|t:|1776226526\n|move|p1b: Sylveon|Hyper Voice|p2a: Corviknight|[spread] p2a,p2b\n|-resisted|p2a: Corviknight|1\n|-crit|p2a: Corviknight\n|-supereffective|p2b: Dragonite|1\n|-damage|p2a: Corviknight|80/100\n|-damage|p2b: Dragonite|29/100\n|move|p1a: Farigiraf|Psychic|p2a: Corviknight\n|-resisted|p2a: Corviknight|1\n|-damage|p2a: Corviknight|53/100\n|move|p2a: Corviknight|Body Press|p1a: Farigiraf\n|-damage|p1a: Farigiraf|61/100\n|move|p2b: Dragonite|Hurricane|p1a: Farigiraf\n|-damage|p1a: Farigiraf|35/100\n|-enditem|p1a: Farigiraf|Sitrus Berry|[eat]\n|-heal|p1a: Farigiraf|60/100|[from] item: Sitrus Berry\n|\n|-heal|p2a: Corviknight|59/100|[from] item: Leftovers\n|upkeep\n|turn|5\n|inactive|Ace_shiv has 30 seconds left.\n|inactive|Ace_shiv has 20 seconds left.\n|inactive|Ace_shiv has 15 seconds left.\n|\n|t:|1776226567\n|move|p1b: Sylveon|Calm Mind|p1b: Sylveon\n|-boost|p1b: Sylveon|spa|1\n|-boost|p1b: Sylveon|spd|1\n|move|p1a: Farigiraf|Psychic|p2a: Corviknight\n|-resisted|p2a: Corviknight|1\n|-damage|p2a: Corviknight|31/100\n|move|p2a: Corviknight|Roost|p2a: Corviknight\n|-heal|p2a: Corviknight|81/100\n|-singleturn|p2a: Corviknight|move: Roost\n|move|p2b: Dragonite|Hurricane|p1a: Farigiraf|[miss]\n|-miss|p2b: Dragonite|p1a: Farigiraf\n|\n|-heal|p2a: Corviknight|87/100|[from] item: Leftovers\n|-fieldend|move: Trick Room\n|upkeep\n|turn|6\n|\n|t:|1776226591\n|move|p2b: Dragonite|Hurricane|p1a: Farigiraf\n|-damage|p1a: Farigiraf|32/100\n|move|p2a: Corviknight|Iron Head|p1b: Sylveon\n|-supereffective|p1b: Sylveon|1\n|-damage|p1b: Sylveon|49/100\n|move|p1b: Sylveon|Hyper Voice|p2b: Dragonite|[spread] p2a,p2b\n|-resisted|p2a: Corviknight|1\n|-supereffective|p2b: Dragonite|1\n|-damage|p2a: Corviknight|67/100\n|-damage|p2b: Dragonite|0 fnt\n|faint|p2b: Dragonite\n|move|p1a: Farigiraf|Trick Room|p1a: Farigiraf\n|-fieldstart|move: Trick Room|[of] p1a: Farigiraf\n|\n|-heal|p1b: Sylveon|55/100|[from] item: Leftovers\n|-heal|p2a: Corviknight|73/100|[from] item: Leftovers\n|upkeep\n|\n|t:|1776226598\n|switch|p2b: Incineroar|Incineroar, L50, F|79/100\n|-ability|p2b: Incineroar|Intimidate|boost\n|-unboost|p1a: Farigiraf|atk|1\n|-unboost|p1b: Sylveon|atk|1\n|turn|7\n|\n|t:|1776226619\n|move|p2b: Incineroar|Snarl|p1a: Farigiraf|[spread] p1a,p1b\n|-supereffective|p1a: Farigiraf|1\n|-resisted|p1b: Sylveon|1\n|-damage|p1a: Farigiraf|7/100\n|-damage|p1b: Sylveon|52/100\n|-unboost|p1a: Farigiraf|spa|1\n|-unboost|p1b: Sylveon|spa|1\n|move|p1b: Sylveon|Hyper Voice|p2b: Incineroar|[spread] p2a,p2b\n|-resisted|p2a: Corviknight|1\n|-damage|p2a: Corviknight|60/100\n|-damage|p2b: Incineroar|47/100\n|move|p1a: Farigiraf|Hyper Voice|p2a: Corviknight|[spread] p2a,p2b\n|-resisted|p2a: Corviknight|1\n|-damage|p2a: Corviknight|42/100\n|-damage|p2b: Incineroar|9/100\n|move|p2a: Corviknight|Roost|p2a: Corviknight\n|-heal|p2a: Corviknight|93/100\n|-singleturn|p2a: Corviknight|move: Roost\n|\n|-heal|p1b: Sylveon|58/100|[from] item: Leftovers\n|-heal|p2a: Corviknight|99/100|[from] item: Leftovers\n|upkeep\n|turn|8\n|inactive|Ace_shiv has 30 seconds left.\n|\n|t:|1776226647\n|move|p1b: Sylveon|Quick Attack|p2b: Incineroar\n|-damage|p2b: Incineroar|3/100\n|move|p2b: Incineroar|Snarl|p1b: Sylveon|[spread] p1a,p1b\n|-supereffective|p1a: Farigiraf|1\n|-crit|p1a: Farigiraf\n|-resisted|p1b: Sylveon|1\n|-damage|p1a: Farigiraf|0 fnt\n|-damage|p1b: Sylveon|56/100\n|-unboost|p1b: Sylveon|spa|1\n|faint|p1a: Farigiraf\n|move|p2a: Corviknight|Iron Head|p1b: Sylveon\n|-supereffective|p1b: Sylveon|1\n|-damage|p1b: Sylveon|4/100\n|\n|-heal|p1b: Sylveon|10/100|[from] item: Leftovers\n|-heal|p2a: Corviknight|100/100|[from] item: Leftovers\n|upkeep\n|\n|t:|1776226665\n|switch|p1a: Kangaskhan|Kangaskhan-Mega, L50, F|31/100\n|turn|9\n|\n|t:|1776226676\n|move|p1a: Kangaskhan|Fake Out|p2a: Corviknight\n|-resisted|p2a: Corviknight|1\n|-damage|p2a: Corviknight|95/100\n|-resisted|p2a: Corviknight|1\n|-damage|p2a: Corviknight|94/100\n|-hitcount|p2a: Corviknight|2\n|move|p2b: Incineroar|Snarl|p1a: Kangaskhan|[spread] p1a\n|-miss|p2b: Incineroar|p1b: Sylveon\n|-damage|p1a: Kangaskhan|21/100\n|-unboost|p1a: Kangaskhan|spa|1\n|move|p1b: Sylveon|Hyper Voice|p2a: Corviknight|[spread] p2a,p2b\n|-resisted|p2a: Corviknight|1\n|-damage|p2a: Corviknight|86/100\n|-damage|p2b: Incineroar|0 fnt\n|faint|p2b: Incineroar\n|cant|p2a: Corviknight|flinch\n|\n|-heal|p1b: Sylveon|16/100|[from] item: Leftovers\n|-heal|p2a: Corviknight|92/100|[from] item: Leftovers\n|upkeep\n|\n|t:|1776226679\n|switch|p2b: Sneasler|Sneasler, L50, F|100/100\n|turn|10\n|inactive|Ace_shiv has 30 seconds left.\n|\n|t:|1776226707\n|move|p2b: Sneasler|Fake Out|p1b: Sylveon\n|-damage|p1b: Sylveon|2/100\n|cant|p1b: Sylveon|flinch\n|move|p2a: Corviknight|Body Press|p1a: Kangaskhan\n|-supereffective|p1a: Kangaskhan|1\n|-damage|p1a: Kangaskhan|0 fnt\n|faint|p1a: Kangaskhan\n|\n|-heal|p1b: Sylveon|8/100|[from] item: Leftovers\n|-heal|p2a: Corviknight|98/100|[from] item: Leftovers\n|-fieldend|move: Trick Room\n|upkeep\n|\n|t:|1776226716\n|switch|p1a: Basculegion|Basculegion, L50, M|100/100\n|turn|11\n|\n|t:|1776226741\n|move|p1a: Basculegion|Last Respects|p2b: Sneasler\n|-damage|p2b: Sneasler|0 fnt\n|faint|p2b: Sneasler\n|move|p2a: Corviknight|Iron Head|p1a: Basculegion\n|-resisted|p1a: Basculegion|1\n|-damage|p1a: Basculegion|87/100\n|move|p1b: Sylveon|Hyper Voice|p2a: Corviknight\n|-resisted|p2a: Corviknight|1\n|-damage|p2a: Corviknight|86/100\n|\n|-heal|p2a: Corviknight|92/100|[from] item: Leftovers\n|-heal|p1b: Sylveon|14/100|[from] item: Leftovers\n|upkeep\n|turn|12\n|inactive|Ace_shiv has 30 seconds left.\n|inactive|Ace_shiv has 20 seconds left.\n|\n|t:|1776226777\n|move|p1a: Basculegion|Last Respects|p2a: Corviknight\n|-crit|p2a: Corviknight\n|-damage|p2a: Corviknight|0 fnt\n|faint|p2a: Corviknight\n|\n|win|Ace_shiv\n|raw|Ace_shiv's rating: 1200 &rarr; <strong>1222</strong><br />(+22 for winning)\n|raw|jingming's rating: 1164 &rarr; <strong>1142</strong><br />(-22 for losing)\n",
  "uploadtime": 1776226785,
  "views": 26,
  "formatid": "gen9championsvgc2026regma",
  "rating": 1142,
  "private": 0,
  "password": null
}