{
  "id": "gen9championsvgc2026regma-2583031309",
  "format": "[Gen 9 Champions] VGC 2026 Reg M-A",
  "players": [
    "chillerpi2",
    "Noodles_007_"
  ],
  "log": "|j|\u2606chillerpi2\n|j|\u2606Noodles_007_\n|t:|1776134973\n|gametype|doubles\n|player|p1|chillerpi2|169|\n|player|p2|Noodles_007_|ethan|\n|gen|9\n|tier|[Gen 9 Champions] VGC 2026 Reg M-A\n|rule|Species Clause: Limit one of each Pok\u00e9mon\n|rule|Item Clause: Limit 1 of each item\n|clearpoke\n|poke|p1|Tyranitar, L50, F|\n|poke|p1|Kingambit, L50, F|\n|poke|p1|Basculegion, L50, M|\n|poke|p1|Orthworm, L50, M|\n|poke|p1|Incineroar, L50, M|\n|poke|p1|Whimsicott, L50, F|\n|poke|p2|Gengar, L50, M|\n|poke|p2|Incineroar, L50, M|\n|poke|p2|Tyranitar, L50, F|\n|poke|p2|Basculegion, L50, M|\n|poke|p2|Scizor, L50, M|\n|poke|p2|Whimsicott, L50, F|\n|teampreview|4\n|l|\u2606chillerpi2\n|player|p1|\n|j|\u2606chillerpi2\n|player|p1|chillerpi2|169|\n|\n|t:|1776135039\n|teamsize|p1|4\n|teamsize|p2|4\n|start\n|switch|p1a: Orthworm|Orthworm, L50, M|100/100\n|switch|p1b: Whimsicott|Whimsicott, L50, F|100/100\n|switch|p2a: Basculegion|Basculegion, L50, M|100/100\n|switch|p2b: Incineroar|Incineroar, L50, M|100/100\n|-ability|p2b: Incineroar|Intimidate|boost\n|-unboost|p1a: Orthworm|atk|1\n|-unboost|p1b: Whimsicott|atk|1\n|turn|1\n|inactive|Battle timer is ON: inactive players will automatically lose when time's up. (requested by chillerpi2)\n|inactive|Noodles_007_ has 60 seconds left.\n|-activate|p2a: Basculegion|item: Quick Claw\n|\n|t:|1776135121\n|move|p2a: Basculegion|Flip Turn|p1a: Orthworm\n|-damage|p1a: Orthworm|69/100\n|\n|t:|1776135135\n|switch|p2a: Tyranitar|Tyranitar, L50, F|100/100|[from] Flip Turn\n|-weather|Sandstorm|[from] ability: Sand Stream|[of] p2a: Tyranitar\n|move|p1b: Whimsicott|Giga Drain|p2a: Tyranitar\n|-supereffective|p2a: Tyranitar|1\n|-damage|p2a: Tyranitar|59/100\n|move|p1a: Orthworm|Shed Tail|p1a: Orthworm\n|-start|p1a: Orthworm|Substitute|[from] move: Shed Tail\n|-damage|p1a: Orthworm|19/100\n|\n|t:|1776135146\n|switch|p1a: Tyranitar|Tyranitar, L50, F|100/100|[from] Shed Tail\n|move|p2b: Incineroar|Flare Blitz|p1b: Whimsicott\n|-supereffective|p1b: Whimsicott|1\n|-enditem|p1b: Whimsicott|Focus Sash\n|-damage|p1b: Whimsicott|1/100\n|-damage|p2b: Incineroar|75/100|[from] Recoil\n|\n|-weather|Sandstorm|[upkeep]\n|-damage|p1b: Whimsicott|0 fnt|[from] Sandstorm\n|-damage|p2b: Incineroar|69/100|[from] Sandstorm\n|faint|p1b: Whimsicott\n|upkeep\n|\n|t:|1776135152\n|switch|p1b: Incineroar|Incineroar, L50, M|100/100\n|-ability|p1b: Incineroar|Intimidate|boost\n|-unboost|p2a: Tyranitar|atk|1\n|-unboost|p2b: Incineroar|atk|1\n|turn|2\n|inactive|Noodles_007_ has 30 seconds left.\n|inactive|Noodles_007_ has 20 seconds left.\n|inactive|Noodles_007_ has 15 seconds left.\n|inactive|Noodles_007_ has 10 seconds left.\n|inactive|Noodles_007_ has 5 seconds left.\n|\n|t:|1776135204\n|detailschange|p1a: Tyranitar|Tyranitar-Mega, L50, F\n|-mega|p1a: Tyranitar|Tyranitar|Tyranitarite\n|move|p1b: Incineroar|Fake Out|p2a: Tyranitar\n|-resisted|p2a: Tyranitar|1\n|-damage|p2a: Tyranitar|55/100\n|cant|p2a: Tyranitar|flinch\n|move|p1a: Tyranitar|Rock Slide|p2b: Incineroar|[spread] p2a,p2b\n|-supereffective|p2b: Incineroar|1\n|-damage|p2a: Tyranitar|22/100\n|-damage|p2b: Incineroar|13/100\n|move|p2b: Incineroar|Parting Shot|p1b: Incineroar\n|-unboost|p1b: Incineroar|atk|1\n|-unboost|p1b: Incineroar|spa|1\n|\n|t:|1776135220\n|switch|p2b: Basculegion|Basculegion, L50, M|100/100|[from] Parting Shot\n|\n|-weather|Sandstorm|[upkeep]\n|-damage|p2b: Basculegion|94/100|[from] Sandstorm\n|-damage|p1b: Incineroar|95/100|[from] Sandstorm\n|upkeep\n|turn|3\n|inactive|Noodles_007_ has 30 seconds left.\n|inactive|Noodles_007_ has 20 seconds left.\n|inactive|Noodles_007_ has 15 seconds left.\n|inactive|Noodles_007_ has 10 seconds left.\n|c|\u2606chillerpi2|Nevan you have 10 seconds\n|\n|t:|1776135269\n|switch|p1b: Orthworm|Orthworm, L50, M|19/100\n|move|p2a: Tyranitar|Rock Slide|p1a: Tyranitar|[spread] p1a,p1b\n|-activate|p1a: Tyranitar|move: Substitute|[damage]\n|-resisted|p1b: Orthworm|1\n|-damage|p1b: Orthworm|11/100\n|move|p1a: Tyranitar|Thunder Punch|p2b: Basculegion\n|-supereffective|p2b: Basculegion|1\n|-damage|p2b: Basculegion|18/100\n|move|p2b: Basculegion|Wave Crash|p1b: Orthworm\n|-damage|p1b: Orthworm|0 fnt\n|faint|p1b: Orthworm\n|-damage|p2b: Basculegion|15/100|[from] Recoil\n|\n|-weather|Sandstorm|[upkeep]\n|-damage|p2b: Basculegion|9/100|[from] Sandstorm\n|upkeep\n|\n|t:|1776135282\n|switch|p1b: Incineroar|Incineroar, L50, M|95/100\n|-ability|p1b: Incineroar|Intimidate|boost\n|-unboost|p2a: Tyranitar|atk|1\n|-unboost|p2b: Basculegion|atk|1\n|turn|4\n|\n|t:|1776135299\n|move|p2b: Basculegion|Protect|p2b: Basculegion\n|-singleturn|p2b: Basculegion|Protect\n|move|p1b: Incineroar|Fake Out|p2a: Tyranitar\n|-resisted|p2a: Tyranitar|1\n|-damage|p2a: Tyranitar|18/100\n|cant|p2a: Tyranitar|flinch\n|move|p1a: Tyranitar|Thunder Punch|p2b: Basculegion\n|-activate|p2b: Basculegion|move: Protect\n|\n|-weather|Sandstorm|[upkeep]\n|-damage|p2b: Basculegion|3/100|[from] Sandstorm\n|-damage|p1b: Incineroar|89/100|[from] Sandstorm\n|upkeep\n|turn|5\n|inactive|Noodles_007_ has 30 seconds left.\n|inactive|Noodles_007_ has 20 seconds left.\n|inactive|Noodles_007_ has 15 seconds left.\n|inactive|Noodles_007_ has 10 seconds left.\n|\n|t:|1776135348\n|move|p2a: Tyranitar|Rock Slide|p1b: Incineroar|[spread] p1a,p1b\n|-end|p1a: Tyranitar|Substitute\n|-supereffective|p1b: Incineroar|1\n|-damage|p1b: Incineroar|67/100\n|move|p1a: Tyranitar|Rock Slide|p2b: Basculegion|[spread] p2a,p2b\n|-damage|p2a: Tyranitar|0 fnt\n|-damage|p2b: Basculegion|0 fnt\n|faint|p2a: Tyranitar\n|faint|p2b: Basculegion\n|cant|p1b: Incineroar|flinch\n|\n|-weather|none\n|upkeep\n|\n|t:|1776135363\n|switch|p2b: Incineroar|Incineroar, L50, M|13/100\n|switch|p2a: Gengar|Gengar, L50, M|100/100\n|-ability|p2b: Incineroar|Intimidate|boost\n|-unboost|p1a: Tyranitar|atk|1\n|-unboost|p1b: Incineroar|atk|1\n|turn|6\n|inactive|Noodles_007_ has 30 seconds left.\n|inactive|Noodles_007_ has 20 seconds left.\n|inactive|Noodles_007_ has 15 seconds left.\n|inactive|Noodles_007_ has 10 seconds left.\n|\n|t:|1776135412\n|detailschange|p2a: Gengar|Gengar-Mega, L50, M\n|-mega|p2a: Gengar|Gengar|Gengarite\n|move|p2b: Incineroar|Fake Out|p1b: Incineroar\n|-damage|p1b: Incineroar|57/100\n|move|p2a: Gengar|Sludge Wave|p1a: Tyranitar|[spread] p2b,p1a,p1b\n|-resisted|p1a: Tyranitar|1\n|-damage|p2b: Incineroar|0 fnt\n|-damage|p1a: Tyranitar|80/100\n|-damage|p1b: Incineroar|16/100\n|faint|p2b: Incineroar\n|move|p1a: Tyranitar|Rock Slide|p2a: Gengar\n|-damage|p2a: Gengar|52/100\n|cant|p1b: Incineroar|flinch\n|\n|upkeep\n|turn|7\n|\n|t:|1776135428\n|move|p2a: Gengar|Protect|p2a: Gengar\n|-singleturn|p2a: Gengar|Protect\n|move|p1a: Tyranitar|Crunch|p2a: Gengar\n|-activate|p2a: Gengar|move: Protect\n|move|p1b: Incineroar|Darkest Lariat|p2a: Gengar\n|-activate|p2a: Gengar|move: Protect\n|\n|upkeep\n|turn|8\n|\n|t:|1776135444\n|move|p2a: Gengar|Sludge Wave|p1a: Tyranitar|[spread] p1a,p1b\n|-resisted|p1a: Tyranitar|1\n|-damage|p1a: Tyranitar|59/100\n|-damage|p1b: Incineroar|0 fnt\n|faint|p1b: Incineroar\n|move|p1a: Tyranitar|Crunch|p2a: Gengar\n|-supereffective|p2a: Gengar|1\n|-damage|p2a: Gengar|0 fnt\n|faint|p2a: Gengar\n|\n|win|chillerpi2\n",
  "uploadtime": 1776135455,
  "views": 10,
  "formatid": "gen9championsvgc2026regma",
  "rating": null,
  "private": 0,
  "password": null
}