{
  "id": "gen9championsvgc2026regma-2587453506",
  "format": "[Gen 9 Champions] VGC 2026 Reg M-A",
  "players": [
    "Alltret",
    "Myxx17"
  ],
  "log": "|j|\u2606Alltret\n|j|\u2606Myxx17\n|t:|1776533114\n|gametype|doubles\n|player|p1|Alltret|dragontamer|1026\n|player|p2|Myxx17|266|1000\n|gen|9\n|tier|[Gen 9 Champions] VGC 2026 Reg M-A\n|rated|\n|rule|Species Clause: Limit one of each Pok\u00e9mon\n|rule|Item Clause: Limit 1 of each item\n|clearpoke\n|poke|p1|Meganium, L50, F|\n|poke|p1|Pelipper, L50, M|\n|poke|p1|Archaludon, L50, F|\n|poke|p1|Heliolisk, L50, F|\n|poke|p1|Tauros-Paldea-Aqua, L50, M|\n|poke|p1|Kangaskhan, L50, F|\n|poke|p2|Crabominable, L50, M, shiny|\n|poke|p2|Espeon, L50, M, shiny|\n|poke|p2|Sinistcha-Masterpiece, L50, shiny|\n|poke|p2|Kingambit, L50, M|\n|poke|p2|Clefable, L50, M|\n|poke|p2|Dragapult, L50, F|\n|teampreview|4\n|\n|t:|1776533145\n|teamsize|p1|4\n|teamsize|p2|4\n|start\n|switch|p1a: Pelipper|Pelipper, L50, M|100/100\n|switch|p1b: Archaludon|Archaludon, L50, F|100/100\n|switch|p2a: Espeon|Espeon, L50, M, shiny|100/100\n|switch|p2b: Clefable|Clefable, L50, M|100/100\n|-weather|RainDance|[from] ability: Drizzle|[of] p1a: Pelipper\n|turn|1\n|\n|t:|1776533159\n|move|p2b: Clefable|Follow Me|p2b: Clefable\n|-singleturn|p2b: Clefable|move: Follow Me\n|move|p1b: Archaludon|Electro Shot||[still]\n|-prepare|p1b: Archaludon|Electro Shot\n|-boost|p1b: Archaludon|spa|1\n|-anim|p1b: Archaludon|Electro Shot|p2b: Clefable\n|-damage|p2b: Clefable|45/100\n|move|p1a: Pelipper|Hurricane|p2b: Clefable\n|-damage|p2b: Clefable|10/100\n|move|p2a: Espeon|Trick Room|p2a: Espeon\n|-fieldstart|move: Trick Room|[of] p2a: Espeon\n|\n|-weather|RainDance|[upkeep]\n|upkeep\n|turn|2\n|\n|t:|1776533188\n|move|p2b: Clefable|Follow Me|p2b: Clefable\n|-singleturn|p2b: Clefable|move: Follow Me\n|move|p2a: Espeon|Curse|p2a: Espeon\n|-unboost|p2a: Espeon|spe|1\n|-boost|p2a: Espeon|atk|1\n|-boost|p2a: Espeon|def|1\n|move|p1a: Pelipper|Weather Ball|p2b: Clefable\n|-damage|p2b: Clefable|0 fnt\n|faint|p2b: Clefable\n|move|p1b: Archaludon|Electro Shot||[still]\n|-prepare|p1b: Archaludon|Electro Shot\n|-boost|p1b: Archaludon|spa|1\n|-anim|p1b: Archaludon|Electro Shot|p2a: Espeon\n|-damage|p2a: Espeon|15/100\n|\n|-weather|RainDance|[upkeep]\n|-heal|p2a: Espeon|21/100|[from] item: Leftovers\n|upkeep\n|\n|t:|1776533214\n|switch|p2b: Kingambit|Kingambit, L50, M|100/100\n|turn|3\n|\n|t:|1776533232\n|move|p2b: Kingambit|Kowtow Cleave|p1a: Pelipper\n|-damage|p1a: Pelipper|43/100\n|move|p2a: Espeon|Baton Pass|p2a: Espeon\n|\n|t:|1776533236\n|switch|p2a: Crabominable|Crabominable, L50, M, shiny|100/100|[from] Baton Pass\n|move|p1a: Pelipper|Weather Ball|p2a: Crabominable\n|-damage|p2a: Crabominable|38/100\n|move|p1b: Archaludon|Electro Shot||[still]\n|-prepare|p1b: Archaludon|Electro Shot\n|-boost|p1b: Archaludon|spa|1\n|-anim|p1b: Archaludon|Electro Shot|p2b: Kingambit\n|-enditem|p2b: Kingambit|Focus Sash\n|-damage|p2b: Kingambit|1/100\n|\n|-weather|RainDance|[upkeep]\n|upkeep\n|turn|4\n|\n|t:|1776533260\n|detailschange|p2a: Crabominable|Crabominable-Mega, L50, M, shiny\n|-mega|p2a: Crabominable|Crabominable|Crabominite\n|move|p1b: Archaludon|Protect|p1b: Archaludon\n|-singleturn|p1b: Archaludon|Protect\n|move|p2a: Crabominable|Drain Punch|p1b: Archaludon\n|-activate|p1b: Archaludon|move: Protect\n|move|p2b: Kingambit|Kowtow Cleave|p1a: Pelipper\n|-damage|p1a: Pelipper|0 fnt\n|faint|p1a: Pelipper\n|\n|-weather|RainDance|[upkeep]\n|upkeep\n|\n|t:|1776533272\n|switch|p1a: Heliolisk|Heliolisk, L50, F|100/100\n|turn|5\n|\n|t:|1776533288\n|move|p2a: Crabominable|Drain Punch|p1b: Archaludon\n|-supereffective|p1b: Archaludon|1\n|-ability|p1b: Archaludon|Sturdy\n|-damage|p1b: Archaludon|1/100\n|-heal|p2a: Crabominable|85/100|[from] drain|[of] p1b: Archaludon\n|move|p2b: Kingambit|Kowtow Cleave|p1a: Heliolisk\n|-damage|p1a: Heliolisk|0 fnt\n|faint|p1a: Heliolisk\n|move|p1b: Archaludon|Electro Shot||[still]\n|-prepare|p1b: Archaludon|Electro Shot\n|-boost|p1b: Archaludon|spa|1\n|-anim|p1b: Archaludon|Electro Shot|p2a: Crabominable\n|-damage|p2a: Crabominable|0 fnt\n|faint|p2a: Crabominable\n|\n|-weather|none\n|-fieldend|move: Trick Room\n|upkeep\n|\n|t:|1776533303\n|switch|p1a: Meganium|Meganium, L50, F|100/100\n|switch|p2a: Espeon|Espeon, L50, M, shiny|21/100\n|turn|6\n|\n|t:|1776533315\n|detailschange|p1a: Meganium|Meganium-Mega, L50, F\n|-mega|p1a: Meganium|Meganium|Meganiumite\n|move|p1b: Archaludon|Protect|p1b: Archaludon\n|-singleturn|p1b: Archaludon|Protect\n|move|p2a: Espeon|Expanding Force|p1b: Archaludon\n|-activate|p1b: Archaludon|move: Protect\n|move|p1a: Meganium|Weather Ball|p2b: Kingambit\n|-supereffective|p2b: Kingambit|1\n|-damage|p2b: Kingambit|0 fnt\n|faint|p2b: Kingambit\n|\n|-heal|p2a: Espeon|27/100|[from] item: Leftovers\n|upkeep\n|turn|7\n|-message|Myxx17 forfeited.\n|\n|win|Alltret\n|raw|Alltret's rating: 1026 &rarr; <strong>1059</strong><br />(+33 for winning)\n|raw|Myxx17's rating: 1000 &rarr; <strong>1000</strong><br />(+0 for losing)\n|l|\u2606Myxx17\n|player|p2|\n",
  "uploadtime": 1776533328,
  "views": 16,
  "formatid": "gen9championsvgc2026regma",
  "rating": 1000,
  "private": 0,
  "password": null
}