{
  "id": "gen9championsvgc2026regma-2583750326",
  "format": "[Gen 9 Champions] VGC 2026 Reg M-A",
  "players": [
    "filipelima0617",
    "mofriu4334"
  ],
  "log": "|j|\u2606filipelima0617\n|j|\u2606mofriu4334\n|t:|1776195162\n|gametype|doubles\n|player|p1|filipelima0617|skier|\n|player|p2|mofriu4334|bianca|\n|gen|9\n|tier|[Gen 9 Champions] VGC 2026 Reg M-A\n|rule|Species Clause: Limit one of each Pok\u00e9mon\n|rule|Item Clause: Limit 1 of each item\n|clearpoke\n|poke|p1|Toxapex, L50, F|\n|poke|p1|Rotom-Wash, L50|\n|poke|p1|Hippowdon, L50, M|\n|poke|p1|Scizor, L50, M|\n|poke|p1|Mamoswine, L50, M|\n|poke|p1|Gengar, L50, M|\n|poke|p2|Scizor, L50, F|\n|poke|p2|Rotom-Wash, L50|\n|poke|p2|Sylveon, L50, M|\n|poke|p2|Incineroar, L50, M|\n|poke|p2|Garchomp, L50, M|\n|poke|p2|Dragonite, L50, M|\n|teampreview|4\n|j| lisarb660\n|\n|t:|1776195193\n|teamsize|p1|4\n|teamsize|p2|4\n|start\n|switch|p1a: Rotom|Rotom-Wash, L50|100/100\n|switch|p1b: Gengar|Gengar, L50, M|100/100\n|switch|p2a: Dragonite|Dragonite, L50, M, shiny|100/100\n|switch|p2b: Scizor|Scizor, L50, F|100/100\n|turn|1\n|c| lisarb660|ae to aq\n|c| lisarb660|bora ver\n|\n|t:|1776195226\n|switch|p2b: Garchomp|Garchomp, L50, M|100/100\n|detailschange|p2a: Dragonite|Dragonite-Mega, L50, M, shiny\n|-mega|p2a: Dragonite|Dragonite|Dragoninite\n|move|p1b: Gengar|Hypnosis|p2a: Dragonite\n|-status|p2a: Dragonite|slp|[from] move: Hypnosis\n|cant|p2a: Dragonite|slp\n|move|p1a: Rotom|Thunderbolt|p2a: Dragonite\n|-damage|p2a: Dragonite|88/100 slp\n|\n|upkeep\n|turn|2\n|c| lisarb660|t\u00e1......\n|c| lisarb660|ok\n|c| lisarb660|dragonite dormindo\n|c| lisarb660|nada de impressionante at\u00e9 agr\n|j| jeanmixed\n|\n|t:|1776195270\n|move|p1a: Rotom|Protect|p1a: Rotom\n|-singleturn|p1a: Rotom|Protect\n|move|p1b: Gengar|Hypnosis|p2b: Garchomp|[miss]\n|-miss|p1b: Gengar|p2b: Garchomp\n|move|p2b: Garchomp|Earthquake|p1b: Gengar|[spread] p1b\n|-activate|p1a: Rotom|move: Protect\n|-immune|p2a: Dragonite\n|-supereffective|p1b: Gengar|1\n|-damage|p1b: Gengar|0 fnt\n|faint|p1b: Gengar\n|-curestatus|p2a: Dragonite|slp|[msg]\n|move|p2a: Dragonite|Dragon Dance|p2a: Dragonite\n|-boost|p2a: Dragonite|atk|1\n|-boost|p2a: Dragonite|spe|1\n|\n|upkeep\n|c| jeanmixed|Tbm t\u00f4 kk\n|\n|t:|1776195319\n|switch|p1b: Mamoswine|Mamoswine, L50, M|100/100\n|turn|3\n|\n|t:|1776195340\n|switch|p1a: Toxapex|Toxapex, L50, F|100/100\n|move|p2a: Dragonite|Protect|p2a: Dragonite\n|-singleturn|p2a: Dragonite|Protect\n|move|p2b: Garchomp|Rock Slide|p1b: Mamoswine|[spread] p1a,p1b\n|-damage|p1a: Toxapex|86/100\n|-damage|p1b: Mamoswine|78/100\n|cant|p1b: Mamoswine|flinch\n|\n|-heal|p1a: Toxapex|92/100|[from] item: Leftovers\n|upkeep\n|turn|4\n|\n|t:|1776195370\n|switch|p2a: Scizor|Scizor, L50, F|100/100\n|move|p2b: Garchomp|Earthquake|p1a: Toxapex|[spread] p2a,p1a,p1b\n|-supereffective|p1a: Toxapex|1\n|-damage|p2a: Scizor|60/100\n|-damage|p1a: Toxapex|31/100\n|-damage|p1b: Mamoswine|30/100\n|move|p1b: Mamoswine|Icicle Crash|p2a: Scizor\n|-resisted|p2a: Scizor|1\n|-damage|p2a: Scizor|38/100\n|move|p1a: Toxapex|Toxic|p2a: Scizor\n|-immune|p2a: Scizor\n|\n|-heal|p1a: Toxapex|37/100|[from] item: Leftovers\n|upkeep\n|turn|5\n|c| lisarb660|tas aq \u00e9 jean kk\n|\n|t:|1776195399\n|move|p1b: Mamoswine|Protect|p1b: Mamoswine\n|-singleturn|p1b: Mamoswine|Protect\n|move|p2a: Scizor|Bullet Punch|p1b: Mamoswine\n|-activate|p1b: Mamoswine|move: Protect\n|move|p2b: Garchomp|Dragon Claw|p1a: Toxapex\n|-damage|p1a: Toxapex|8/100\n|move|p1a: Toxapex|Recover|p1a: Toxapex\n|-heal|p1a: Toxapex|58/100\n|\n|-heal|p1a: Toxapex|64/100|[from] item: Leftovers\n|upkeep\n|turn|6\n|c| jeanmixed|Ent\u00e3o kk\n|c| lisarb660|eita poxa fui pegar uma agua e agora o scizor e o mamoswine t\u00e1 com vida baixa\n|\n|t:|1776195471\n|move|p2b: Garchomp|Protect|p2b: Garchomp\n|-singleturn|p2b: Garchomp|Protect\n|move|p2a: Scizor|Bullet Punch|p1b: Mamoswine\n|-supereffective|p1b: Mamoswine|1\n|-damage|p1b: Mamoswine|0 fnt\n|faint|p1b: Mamoswine\n|move|p1a: Toxapex|Toxic|p2b: Garchomp\n|-activate|p2b: Garchomp|move: Protect\n|\n|-heal|p1a: Toxapex|69/100|[from] item: Leftovers\n|upkeep\n|c| lisarb660|F\n|\n|t:|1776195483\n|switch|p1b: Rotom|Rotom-Wash, L50|100/100\n|turn|7\n|\n|t:|1776195499\n|switch|p2a: Dragonite|Dragonite-Mega, L50, M, shiny|88/100\n|move|p1b: Rotom|Protect|p1b: Rotom\n|-singleturn|p1b: Rotom|Protect\n|move|p2b: Garchomp|Earthquake|p1a: Toxapex|[spread] p1a\n|-activate|p1b: Rotom|move: Protect\n|-immune|p2a: Dragonite\n|-supereffective|p1a: Toxapex|1\n|-damage|p1a: Toxapex|12/100\n|move|p1a: Toxapex|Toxic|p2b: Garchomp\n|-status|p2b: Garchomp|tox\n|\n|-heal|p1a: Toxapex|18/100|[from] item: Leftovers\n|-damage|p2b: Garchomp|95/100 tox|[from] psn\n|upkeep\n|turn|8\n|c| jeanmixed|Lipe ta perdendo o Gengar muito r\u00e1pido\n|\n|t:|1776195545\n|move|p2a: Dragonite|Extreme Speed|p1a: Toxapex\n|-damage|p1a: Toxapex|0 fnt\n|faint|p1a: Toxapex\n|move|p2b: Garchomp|Dragon Claw|p1b: Rotom\n|-damage|p1b: Rotom|64/100\n|move|p1b: Rotom|Thunderbolt|p2a: Dragonite\n|-damage|p2a: Dragonite|62/100\n|\n|-damage|p2b: Garchomp|83/100 tox|[from] psn\n|upkeep\n|turn|9\n|c| lisarb660|VDD\n|c| lisarb660|vdd\n|-message|filipelima0617 forfeited.\n|\n|win|mofriu4334\n|l|\u2606filipelima0617\n|player|p1|\n|c| lisarb660|ea agr o toxapex foi de base\n|c| lisarb660|forfeit?\n|l|\u2606mofriu4334\n|player|p2|\n|c| lisarb660|ok gg\n",
  "uploadtime": 1776195585,
  "views": 17,
  "formatid": "gen9championsvgc2026regma",
  "rating": null,
  "private": 0,
  "password": null
}