{
  "id": "gen9championsvgc2026regma-2584930592",
  "format": "[Gen 9 Champions] VGC 2026 Reg M-A",
  "players": [
    "milk salt",
    "azumarillsky"
  ],
  "log": "|j|\u2606milk salt\n|j|\u2606azumarillsky\n|t:|1776295567\n|gametype|doubles\n|player|p1|milk salt|miku-ground|1247\n|player|p2|azumarillsky|169|1344\n|gen|9\n|tier|[Gen 9 Champions] VGC 2026 Reg M-A\n|rated|\n|rule|Species Clause: Limit one of each Pok\u00e9mon\n|rule|Item Clause: Limit 1 of each item\n|clearpoke\n|poke|p1|Cofagrigus, L50, M|\n|poke|p1|Tyranitar, L50, M|\n|poke|p1|Aegislash, L50, M|\n|poke|p1|Goodra-Hisui, L50, M|\n|poke|p1|Excadrill, L50, M|\n|poke|p1|Abomasnow, L50, M|\n|poke|p2|Sylveon, L50, F|\n|poke|p2|Scizor, L50, F|\n|poke|p2|Sneasler, L50, F|\n|poke|p2|Whimsicott, L50, F|\n|poke|p2|Blastoise, L50, F|\n|poke|p2|Pelipper, L50, M|\n|teampreview|4\n|inactive|Battle timer is ON: inactive players will automatically lose when time's up. (requested by milk salt)\nmilk salt rejected open team sheets.\n|inactive|azumarillsky has 60 seconds left.\n|\n|t:|1776295608\n|teamsize|p1|4\n|teamsize|p2|4\n|start\n|switch|p1a: Cofagrigus|Cofagrigus, L50, M, shiny|100/100\n|switch|p1b: Goodra|Goodra-Hisui, L50, M, shiny|100/100\n|switch|p2a: Sylveon|Sylveon, L50, F|100/100\n|switch|p2b: Blastoise|Blastoise, L50, F|100/100\n|turn|1\n|\n|t:|1776295629\n|detailschange|p2b: Blastoise|Blastoise-Mega, L50, F\n|-mega|p2b: Blastoise|Blastoise|Blastoisinite\n|move|p2b: Blastoise|Water Spout|p1a: Cofagrigus|[spread] p1a,p1b\n|-resisted|p1b: Goodra|1\n|-damage|p1a: Cofagrigus|46/100\n|-damage|p1b: Goodra|80/100\n|-enditem|p1a: Cofagrigus|Sitrus Berry|[eat]\n|-heal|p1a: Cofagrigus|71/100|[from] item: Sitrus Berry\n|move|p2a: Sylveon|Hyper Voice|p1b: Goodra|[spread] p1a,p1b\n|-damage|p1a: Cofagrigus|38/100\n|-damage|p1b: Goodra|47/100\n|move|p1b: Goodra|Flash Cannon|p2a: Sylveon\n|-supereffective|p2a: Sylveon|1\n|-damage|p2a: Sylveon|38/100\n|move|p1a: Cofagrigus|Trick Room|p1a: Cofagrigus\n|-fieldstart|move: Trick Room|[of] p1a: Cofagrigus\n|\n|-heal|p1b: Goodra|53/100|[from] item: Leftovers\n|upkeep\n|turn|2\n|inactive|azumarillsky has 30 seconds left.\n|inactive|azumarillsky has 20 seconds left.\n|inactive|azumarillsky has 15 seconds left.\n|\n|t:|1776295670\n|move|p1a: Cofagrigus|Fake Tears|p2b: Blastoise\n|-unboost|p2b: Blastoise|spd|2\n|move|p1b: Goodra|Dragon Pulse|p2b: Blastoise\n|-damage|p2b: Blastoise|17/100\n|move|p2a: Sylveon|Hyper Voice|p1a: Cofagrigus|[spread] p1a,p1b\n|-crit|p1b: Goodra\n|-damage|p1a: Cofagrigus|5/100\n|-damage|p1b: Goodra|11/100\n|move|p2b: Blastoise|Water Spout|p1a: Cofagrigus|[spread] p1a,p1b\n|-resisted|p1b: Goodra|1\n|-damage|p1a: Cofagrigus|0 fnt\n|-damage|p1b: Goodra|7/100\n|faint|p1a: Cofagrigus\n|\n|-heal|p1b: Goodra|13/100|[from] item: Leftovers\n|upkeep\n|inactive|milk salt has 30 seconds left.\n|\n|t:|1776295699\n|switch|p1a: Abomasnow|Abomasnow, L50, M, shiny|100/100\n|-weather|Snowscape|[from] ability: Snow Warning|[of] p1a: Abomasnow\n|turn|3\n|\n|t:|1776295708\n|switch|p2b: Pelipper|Pelipper, L50, M|100/100\n|-weather|RainDance|[from] ability: Drizzle|[of] p2b: Pelipper\n|detailschange|p1a: Abomasnow|Abomasnow-Mega, L50, M, shiny\n|-mega|p1a: Abomasnow|Abomasnow|Abomasite\n|-weather|Snowscape|[from] ability: Snow Warning|[of] p1a: Abomasnow\n|move|p2a: Sylveon|Protect|p2a: Sylveon\n|-singleturn|p2a: Sylveon|Protect\n|move|p1a: Abomasnow|Blizzard|p2a: Sylveon|[spread] p2b\n|-activate|p2a: Sylveon|move: Protect\n|-damage|p2b: Pelipper|38/100\n|move|p1b: Goodra|Flash Cannon|p2a: Sylveon\n|-activate|p2a: Sylveon|move: Protect\n|\n|-weather|Snowscape|[upkeep]\n|-heal|p1b: Goodra|19/100|[from] item: Leftovers\n|upkeep\n|turn|4\n|inactive|azumarillsky has 30 seconds left.\n|\n|t:|1776295738\n|switch|p2a: Blastoise|Blastoise-Mega, L50, F|17/100\n|move|p2b: Pelipper|Protect|p2b: Pelipper\n|-singleturn|p2b: Pelipper|Protect\n|move|p1a: Abomasnow|Blizzard|p2a: Blastoise|[spread] p2a\n|-activate|p2b: Pelipper|move: Protect\n|-resisted|p2a: Blastoise|1\n|-crit|p2a: Blastoise\n|-damage|p2a: Blastoise|0 fnt\n|faint|p2a: Blastoise\n|move|p1b: Goodra|Flash Cannon|p2b: Pelipper\n|-activate|p2b: Pelipper|move: Protect\n|\n|-weather|Snowscape|[upkeep]\n|-heal|p1b: Goodra|25/100|[from] item: Leftovers\n|upkeep\n|\n|t:|1776295754\n|switch|p2a: Sneasler|Sneasler, L50, F|100/100\n|turn|5\n|inactive|milk salt has 30 seconds left.\n|inactive|milk salt has 20 seconds left.\n|inactive|milk salt has 15 seconds left.\n|inactive|milk salt has 10 seconds left.\n|\n|t:|1776295803\n|move|p2a: Sneasler|Fake Out|p1b: Goodra\n|-resisted|p1b: Goodra|1\n|-damage|p1b: Goodra|18/100\n|move|p1a: Abomasnow|Blizzard|p2b: Pelipper|[spread] p2a,p2b\n|-damage|p2a: Sneasler|32/100\n|-damage|p2b: Pelipper|0 fnt\n|faint|p2b: Pelipper\n|cant|p1b: Goodra|flinch\n|\n|-weather|Snowscape|[upkeep]\n|-heal|p1b: Goodra|23/100|[from] item: Leftovers\n|-fieldend|move: Trick Room\n|upkeep\n|\n|t:|1776295815\n|switch|p2b: Sylveon|Sylveon, L50, F|38/100\n|turn|6\n|\n|t:|1776295826\n|move|p1b: Goodra|Protect|p1b: Goodra\n|-singleturn|p1b: Goodra|Protect\n|move|p2a: Sneasler|Close Combat|p1a: Abomasnow\n|-supereffective|p1a: Abomasnow|1\n|-damage|p1a: Abomasnow|23/100\n|-unboost|p2a: Sneasler|def|1\n|-unboost|p2a: Sneasler|spd|1\n|move|p2b: Sylveon|Hyper Voice|p1b: Goodra|[spread] p1a\n|-activate|p1b: Goodra|move: Protect\n|-damage|p1a: Abomasnow|0 fnt\n|faint|p1a: Abomasnow\n|\n|-weather|Snowscape|[upkeep]\n|-heal|p1b: Goodra|29/100|[from] item: Leftovers\n|upkeep\n|\n|t:|1776295836\n|switch|p1a: Aegislash|Aegislash, L50, M|100/100\n|turn|7\n|-message|azumarillsky forfeited.\n|\n|win|milk salt\n|raw|milk salt's rating: 1247 &rarr; <strong>1279</strong><br />(+32 for winning)\n|raw|azumarillsky's rating: 1344 &rarr; <strong>1319</strong><br />(-25 for losing)\n|l|\u2606azumarillsky\n|player|p2|\n",
  "uploadtime": 1776295851,
  "views": 28,
  "formatid": "gen9championsvgc2026regma",
  "rating": 1279,
  "private": 0,
  "password": null
}