{
  "id": "gen9championsvgc2026regma-2584628552",
  "format": "[Gen 9 Champions] VGC 2026 Reg M-A",
  "players": [
    "chs10",
    "aiingee"
  ],
  "log": "|j|\u2606chs10\n|j|\u2606aiingee\n|t:|1776273101\n|gametype|doubles\n|player|p1|chs10|101|1152\n|player|p2|aiingee|102|1219\n|gen|9\n|tier|[Gen 9 Champions] VGC 2026 Reg M-A\n|rated|\n|rule|Species Clause: Limit one of each Pok\u00e9mon\n|rule|Item Clause: Limit 1 of each item\n|clearpoke\n|poke|p1|Scovillain, L50, F|\n|poke|p1|Incineroar, L50, M|\n|poke|p1|Farigiraf, L50, M|\n|poke|p1|Gallade, L50, M|\n|poke|p1|Kingambit, L50, M|\n|poke|p1|Pelipper, L50, F|\n|poke|p2|Scovillain, L50, F|\n|poke|p2|Farigiraf, L50, F|\n|poke|p2|Kingambit, L50, M|\n|poke|p2|Incineroar, L50, F|\n|poke|p2|Gallade, L50, M|\n|poke|p2|Pelipper, L50, M|\n|teampreview|4\n|c|\u2606chs10|:o\naiingee rejected open team sheets.\n|inactive|Battle timer is ON: inactive players will automatically lose when time's up. (requested by aiingee)\n|inactive|chs10 has 60 seconds left.\n|\n|t:|1776273203\n|teamsize|p1|4\n|teamsize|p2|4\n|start\n|switch|p1a: Scovillain|Scovillain, L50, F, shiny|100/100\n|switch|p1b: Incineroar|Incineroar, L50, M, shiny|100/100\n|switch|p2a: Farigiraf|Farigiraf, L50, F|100/100\n|switch|p2b: Kingambit|Kingambit, L50, M|100/100\n|-ability|p1b: Incineroar|Intimidate|boost\n|-unboost|p2a: Farigiraf|atk|1\n|-unboost|p2b: Kingambit|atk|1\n|-ability|p2b: Kingambit|Defiant|boost\n|-boost|p2b: Kingambit|atk|2\n|turn|1\n|inactive|aiingee has 30 seconds left.\n|inactive|aiingee has 20 seconds left.\n|\n|t:|1776273243\n|switch|p2b: Incineroar|Incineroar, L50, F|100/100\n|-ability|p2b: Incineroar|Intimidate|boost\n|-unboost|p1a: Scovillain|atk|1\n|-unboost|p1b: Incineroar|atk|1\n|-enditem|p1b: Incineroar|White Herb\n|-clearnegativeboost|p1b: Incineroar|[silent]\n|detailschange|p1a: Scovillain|Scovillain-Mega, L50, F, shiny\n|-mega|p1a: Scovillain|Scovillain|Scovillainite\n|move|p1a: Scovillain|Overheat|p2b: Incineroar\n|-resisted|p2b: Incineroar|1\n|-damage|p2b: Incineroar|74/100\n|-unboost|p1a: Scovillain|spa|2\n|move|p1b: Incineroar|Darkest Lariat|p2a: Farigiraf\n|-supereffective|p2a: Farigiraf|1\n|-damage|p2a: Farigiraf|15/100\n|-enditem|p2a: Farigiraf|Sitrus Berry|[eat]\n|-heal|p2a: Farigiraf|40/100|[from] item: Sitrus Berry\n|move|p2a: Farigiraf|Nasty Plot|p2a: Farigiraf\n|-boost|p2a: Farigiraf|spa|2\n|\n|upkeep\n|turn|2\n|inactive|chs10 has 30 seconds left.\n|inactive|aiingee has 30 seconds left.\n|inactive|chs10 has 20 seconds left.\n|inactive|aiingee has 20 seconds left.\n|inactive|chs10 has 15 seconds left.\n|inactive|chs10 has 10 seconds left.\n|inactive|chs10 has 5 seconds left.\n|\n|t:|1776273294\n|switch|p1b: Gallade|Gallade, L50, M, shiny|100/100\n|move|p1a: Scovillain|Protect|p1a: Scovillain\n|-singleturn|p1a: Scovillain|Protect\n|move|p2b: Incineroar|Close Combat|p1b: Gallade\n|-resisted|p1b: Gallade|1\n|-damage|p1b: Gallade|72/100\n|-unboost|p2b: Incineroar|def|1\n|-unboost|p2b: Incineroar|spd|1\n|-enditem|p2b: Incineroar|White Herb\n|-clearnegativeboost|p2b: Incineroar|[silent]\n|move|p2a: Farigiraf|Hyper Voice|p1b: Gallade|[spread] p1b\n|-activate|p1a: Scovillain|move: Protect\n|-damage|p1b: Gallade|12/100\n|\n|upkeep\n|turn|3\n|inactive|chs10 has 30 seconds left.\n|inactive|chs10 has 20 seconds left.\n|inactive|chs10 has 15 seconds left.\n|\n|t:|1776273335\n|switch|p1a: Kingambit|Kingambit, L50, M, shiny|100/100\n|move|p1b: Gallade|Sacred Sword|p2b: Incineroar\n|-supereffective|p2b: Incineroar|1\n|-damage|p2b: Incineroar|0 fnt\n|faint|p2b: Incineroar\n|move|p2a: Farigiraf|Hyper Voice|p1a: Kingambit|[spread] p1a,p1b\n|-resisted|p1a: Kingambit|1\n|-damage|p1a: Kingambit|69/100\n|-damage|p1b: Gallade|0 fnt\n|faint|p1b: Gallade\n|\n|upkeep\n|inactive|chs10 has 30 seconds left.\n|\n|t:|1776273368\n|switch|p1b: Scovillain|Scovillain-Mega, L50, F, shiny|100/100\n|switch|p2b: Gallade|Gallade, L50, M|100/100\n|turn|4\n|inactive|chs10 has 30 seconds left.\n|inactive|aiingee has 30 seconds left.\n|inactive|aiingee has 20 seconds left.\n|\n|t:|1776273407\n|move|p2b: Gallade|Protect|p2b: Gallade\n|-singleturn|p2b: Gallade|Protect\n|move|p1b: Scovillain|Rage Powder|p1b: Scovillain\n|-singleturn|p1b: Scovillain|move: Rage Powder\n|move|p2a: Farigiraf|Psychic|p1b: Scovillain\n|-damage|p1b: Scovillain|25/100\n|-status|p2a: Farigiraf|brn|[from] ability: Spicy Spray|[of] p1b: Scovillain\n|move|p1a: Kingambit|Kowtow Cleave|p2a: Farigiraf\n|-supereffective|p2a: Farigiraf|1\n|-damage|p2a: Farigiraf|0 fnt\n|faint|p2a: Farigiraf\n|\n|upkeep\n|\n|t:|1776273418\n|switch|p2a: Kingambit|Kingambit, L50, M|100/100\n|turn|5\n|inactive|chs10 has 30 seconds left.\n|\n|t:|1776273450\n|move|p1b: Scovillain|Overheat|p2a: Kingambit\n|-supereffective|p2a: Kingambit|1\n|-damage|p2a: Kingambit|0 fnt\n|-unboost|p1b: Scovillain|spa|2\n|faint|p2a: Kingambit\n|move|p1a: Kingambit|Swords Dance|p1a: Kingambit\n|-boost|p1a: Kingambit|atk|2\n|move|p2b: Gallade|Trick Room|p2b: Gallade\n|-fieldstart|move: Trick Room|[of] p2b: Gallade\n|\n|upkeep\n|turn|6\n|-message|aiingee forfeited.\n|\n|win|chs10\n|raw|chs10's rating: 1152 &rarr; <strong>1182</strong><br />(+30 for winning)\n|raw|aiingee's rating: 1219 &rarr; <strong>1189</strong><br />(-30 for losing)\n|l|\u2606aiingee\n|player|p2|\n",
  "uploadtime": 1776273491,
  "views": 25,
  "formatid": "gen9championsvgc2026regma",
  "rating": 1182,
  "private": 0,
  "password": null
}