{
  "id": "gen9championsvgc2026regma-2586975659",
  "format": "[Gen 9 Champions] VGC 2026 Reg M-A",
  "players": [
    "Miles_ath",
    "Leowo29"
  ],
  "log": "|j|\u2606Miles_ath\n|j|\u2606Leowo29\n|t:|1776477381\n|gametype|doubles\n|player|p1|Miles_ath|102|1211\n|player|p2|Leowo29|169|1154\n|gen|9\n|tier|[Gen 9 Champions] VGC 2026 Reg M-A\n|rated|\n|rule|Species Clause: Limit one of each Pok\u00e9mon\n|rule|Item Clause: Limit 1 of each item\n|clearpoke\n|poke|p1|Scizor, L50, M|\n|poke|p1|Crabominable, L50, F|\n|poke|p1|Pelipper, L50, F|\n|poke|p1|Archaludon, L50, M|\n|poke|p1|Basculegion, L50, M|\n|poke|p1|Sinistcha-Masterpiece, L50|\n|poke|p2|Gardevoir, L50, F|\n|poke|p2|Farigiraf, L50, F|\n|poke|p2|Incineroar, L50, M|\n|poke|p2|Torkoal, L50, M|\n|poke|p2|Aegislash, L50, F|\n|poke|p2|Mimikyu, L50, F|\n|teampreview|4\n|l|\u2606Leowo29\n|player|p2|\n|j|\u2606Leowo29\n|player|p2|Leowo29|169|\n|\n|t:|1776477422\n|teamsize|p1|4\n|teamsize|p2|4\n|start\n|switch|p1a: Archaludon|Archaludon, L50, M|100/100\n|switch|p1b: Pelipper|Pelipper, L50, F|100/100\n|switch|p2a: Farigiraf|Farigiraf, L50, F|100/100\n|switch|p2b: Incineroar|Incineroar, L50, M|100/100\n|-weather|RainDance|[from] ability: Drizzle|[of] p1b: Pelipper\n|-ability|p2b: Incineroar|Intimidate|boost\n|-unboost|p1a: Archaludon|atk|1\n|-unboost|p1b: Pelipper|atk|1\n|turn|1\n|inactive|Battle timer is ON: inactive players will automatically lose when time's up. (requested by Leowo29)\n|\n|t:|1776477444\n|switch|p1b: Basculegion|Basculegion, L50, M|100/100\n|move|p2b: Incineroar|Fake Out|p1a: Archaludon\n|-resisted|p1a: Archaludon|1\n|-damage|p1a: Archaludon|97/100\n|-ability|p1a: Archaludon|Stamina|boost\n|-boost|p1a: Archaludon|def|1\n|cant|p1a: Archaludon|flinch\n|move|p2a: Farigiraf|Trick Room|p2a: Farigiraf\n|-fieldstart|move: Trick Room|[of] p2a: Farigiraf\n|\n|-weather|RainDance|[upkeep]\n|-heal|p1a: Archaludon|100/100|[from] item: Leftovers\n|upkeep\n|turn|2\n|\n|t:|1776477468\n|move|p1b: Basculegion|Protect|p1b: Basculegion\n|-singleturn|p1b: Basculegion|Protect\n|move|p2a: Farigiraf|Dazzling Gleam|p1b: Basculegion|[spread] p1a\n|-activate|p1b: Basculegion|move: Protect\n|-damage|p1a: Archaludon|82/100\n|-ability|p1a: Archaludon|Stamina|boost\n|-boost|p1a: Archaludon|def|1\n|move|p2b: Incineroar|Parting Shot|p1b: Basculegion\n|-activate|p1b: Basculegion|move: Protect\n|move|p1a: Archaludon|Electro Shot||[still]\n|-prepare|p1a: Archaludon|Electro Shot\n|-boost|p1a: Archaludon|spa|1\n|-anim|p1a: Archaludon|Electro Shot|p2b: Incineroar\n|-damage|p2b: Incineroar|50/100\n|-enditem|p2b: Incineroar|Sitrus Berry|[eat]\n|-heal|p2b: Incineroar|75/100|[from] item: Sitrus Berry\n|\n|-weather|RainDance|[upkeep]\n|-heal|p1a: Archaludon|88/100|[from] item: Leftovers\n|upkeep\n|turn|3\n|\n|t:|1776477490\n|move|p1b: Basculegion|Aqua Jet||[still]\n|cant|p2a: Farigiraf|ability: Armor Tail|Aqua Jet|[of] p1b: Basculegion\n|move|p2a: Farigiraf|Light Screen|p2a: Farigiraf\n|-sidestart|p2: Leowo29|move: Light Screen\n|move|p2b: Incineroar|Parting Shot|p1a: Archaludon\n|-unboost|p1a: Archaludon|atk|1\n|-unboost|p1a: Archaludon|spa|1\n|\n|t:|1776477498\n|switch|p2b: Torkoal|Torkoal, L50, M|100/100|[from] Parting Shot\n|-weather|SunnyDay|[from] ability: Drought|[of] p2b: Torkoal\n|move|p1a: Archaludon|Electro Shot||[still]\n|-prepare|p1a: Archaludon|Electro Shot\n|-boost|p1a: Archaludon|spa|1\n|\n|-weather|SunnyDay|[upkeep]\n|-heal|p1a: Archaludon|94/100|[from] item: Leftovers\n|upkeep\n|turn|4\n|\n|t:|1776477510\n|switch|p1b: Pelipper|Pelipper, L50, F|100/100\n|-weather|RainDance|[from] ability: Drizzle|[of] p1b: Pelipper\n|move|p2a: Farigiraf|Helping Hand|p2b: Torkoal\n|-singleturn|p2b: Torkoal|Helping Hand|[of] p2a: Farigiraf\n|move|p2b: Torkoal|Eruption|p1a: Archaludon|[spread] p1a,p1b\n|-resisted|p1b: Pelipper|1\n|-damage|p1a: Archaludon|61/100\n|-damage|p1b: Pelipper|76/100\n|-ability|p1a: Archaludon|Stamina|boost\n|-boost|p1a: Archaludon|def|1\n|move|p1a: Archaludon|Electro Shot|p2a: Farigiraf|[from] lockedmove\n|-damage|p2a: Farigiraf|61/100\n|\n|-weather|RainDance|[upkeep]\n|-heal|p2a: Farigiraf|67/100|[from] item: Leftovers\n|-heal|p1a: Archaludon|67/100|[from] item: Leftovers\n|upkeep\n|turn|5\n|\n|t:|1776477530\n|move|p1b: Pelipper|Protect|p1b: Pelipper\n|-singleturn|p1b: Pelipper|Protect\n|move|p1a: Archaludon|Protect|p1a: Archaludon\n|-singleturn|p1a: Archaludon|Protect\n|move|p2b: Torkoal|Ancient Power|p1b: Pelipper\n|-activate|p1b: Pelipper|move: Protect\n|move|p2a: Farigiraf|Dazzling Gleam|p1b: Pelipper|[spread] \n|-activate|p1a: Archaludon|move: Protect\n|-activate|p1b: Pelipper|move: Protect\n|\n|-weather|RainDance|[upkeep]\n|-heal|p2a: Farigiraf|73/100|[from] item: Leftovers\n|-heal|p1a: Archaludon|73/100|[from] item: Leftovers\n|-fieldend|move: Trick Room\n|upkeep\n|turn|6\n|\n|t:|1776477545\n|move|p2b: Torkoal|Protect|p2b: Torkoal\n|-singleturn|p2b: Torkoal|Protect\n|move|p1a: Archaludon|Electro Shot||[still]\n|-prepare|p1a: Archaludon|Electro Shot\n|-boost|p1a: Archaludon|spa|1\n|-anim|p1a: Archaludon|Electro Shot|p2b: Torkoal\n|-activate|p2b: Torkoal|move: Protect\n|move|p1b: Pelipper|Weather Ball|p2b: Torkoal\n|-activate|p2b: Torkoal|move: Protect\n|move|p2a: Farigiraf|Trick Room|p2a: Farigiraf\n|-fieldstart|move: Trick Room|[of] p2a: Farigiraf\n|\n|-weather|RainDance|[upkeep]\n|-heal|p2a: Farigiraf|79/100|[from] item: Leftovers\n|-heal|p1a: Archaludon|80/100|[from] item: Leftovers\n|upkeep\n|turn|7\n|inactive|Miles_ath has 30 seconds left.\n|\n|t:|1776477574\n|switch|p2b: Incineroar|Incineroar, L50, M|75/100\n|-ability|p2b: Incineroar|Intimidate|boost\n|-unboost|p1a: Archaludon|atk|1\n|-unboost|p1b: Pelipper|atk|1\n|move|p2a: Farigiraf|Dazzling Gleam|p1a: Archaludon|[spread] p1a,p1b\n|-crit|p1a: Archaludon\n|-damage|p1a: Archaludon|53/100\n|-damage|p1b: Pelipper|49/100\n|-ability|p1a: Archaludon|Stamina|boost\n|-boost|p1a: Archaludon|def|1\n|move|p1b: Pelipper|Hurricane|p2a: Farigiraf\n|-damage|p2a: Farigiraf|50/100\n|move|p1a: Archaludon|Electro Shot||[still]\n|-prepare|p1a: Archaludon|Electro Shot\n|-boost|p1a: Archaludon|spa|1\n|-anim|p1a: Archaludon|Electro Shot|p2b: Incineroar\n|-damage|p2b: Incineroar|23/100\n|\n|-weather|RainDance|[upkeep]\n|-heal|p2a: Farigiraf|56/100|[from] item: Leftovers\n|-heal|p1a: Archaludon|59/100|[from] item: Leftovers\n|-sideend|p2: Leowo29|move: Light Screen\n|upkeep\n|turn|8\n|\n|t:|1776477598\n|switch|p1b: Basculegion|Basculegion, L50, M|100/100\n|move|p1a: Archaludon|Protect|p1a: Archaludon\n|-singleturn|p1a: Archaludon|Protect\n|move|p2b: Incineroar|Fake Out|p1a: Archaludon\n|-activate|p1a: Archaludon|move: Protect\n|move|p2a: Farigiraf|Light Screen|p2a: Farigiraf\n|-sidestart|p2: Leowo29|move: Light Screen\n|\n|-weather|none\n|-heal|p2a: Farigiraf|61/100|[from] item: Leftovers\n|-heal|p1a: Archaludon|65/100|[from] item: Leftovers\n|upkeep\n|turn|9\n|inactive|Miles_ath has 30 seconds left.\n|\n|t:|1776477626\n|move|p2a: Farigiraf|Dazzling Gleam|p1b: Basculegion|[spread] p1a,p1b\n|-damage|p1a: Archaludon|46/100\n|-damage|p1b: Basculegion|79/100\n|-ability|p1a: Archaludon|Stamina|boost\n|-boost|p1a: Archaludon|def|1\n|move|p2b: Incineroar|Parting Shot|p1a: Archaludon\n|-unboost|p1a: Archaludon|atk|1\n|-unboost|p1a: Archaludon|spa|1\n|\n|t:|1776477634\n|switch|p2b: Gardevoir|Gardevoir, L50, F, shiny|100/100|[from] Parting Shot\n|-ability|p2b: Gardevoir|Stamina|Trace|[from] ability: Trace|[of] p1a: Archaludon\n|move|p1a: Archaludon|Flash Cannon|p2a: Farigiraf\n|-damage|p2a: Farigiraf|8/100\n|move|p1b: Basculegion|Wave Crash|p2b: Gardevoir\n|-damage|p2b: Gardevoir|16/100\n|-ability|p2b: Gardevoir|Stamina|boost\n|-boost|p2b: Gardevoir|def|1\n|-damage|p1b: Basculegion|57/100|[from] Recoil\n|\n|-heal|p2a: Farigiraf|14/100|[from] item: Leftovers\n|-heal|p1a: Archaludon|53/100|[from] item: Leftovers\n|upkeep\n|turn|10\n|\n|t:|1776477650\n|detailschange|p2b: Gardevoir|Gardevoir-Mega, L50, F, shiny\n|-mega|p2b: Gardevoir|Gardevoir|Gardevoirite\n|move|p2a: Farigiraf|Helping Hand|p2b: Gardevoir\n|-singleturn|p2b: Gardevoir|Helping Hand|[of] p2a: Farigiraf\n|move|p1a: Archaludon|Protect|p1a: Archaludon\n|-singleturn|p1a: Archaludon|Protect\n|move|p1b: Basculegion|Protect|p1b: Basculegion\n|-singleturn|p1b: Basculegion|Protect\n|move|p2b: Gardevoir|Hyper Voice|p1a: Archaludon|[spread] \n|-activate|p1a: Archaludon|move: Protect\n|-activate|p1b: Basculegion|move: Protect\n|\n|-heal|p2a: Farigiraf|20/100|[from] item: Leftovers\n|-heal|p1a: Archaludon|59/100|[from] item: Leftovers\n|-fieldend|move: Trick Room\n|upkeep\n|turn|11\n|\n|t:|1776477669\n|switch|p1a: Pelipper|Pelipper, L50, F|49/100\n|-weather|RainDance|[from] ability: Drizzle|[of] p1a: Pelipper\n|move|p2b: Gardevoir|Protect|p2b: Gardevoir\n|-singleturn|p2b: Gardevoir|Protect\n|move|p1b: Basculegion|Wave Crash|p2b: Gardevoir\n|-activate|p2b: Gardevoir|move: Protect\n|move|p2a: Farigiraf|Trick Room|p2a: Farigiraf\n|-fieldstart|move: Trick Room|[of] p2a: Farigiraf\n|\n|-weather|RainDance|[upkeep]\n|-heal|p2a: Farigiraf|26/100|[from] item: Leftovers\n|upkeep\n|turn|12\n|\n|t:|1776477691\n|move|p2a: Farigiraf|Helping Hand|p2b: Gardevoir\n|-singleturn|p2b: Gardevoir|Helping Hand|[of] p2a: Farigiraf\n|move|p1b: Basculegion|Protect|p1b: Basculegion\n|-singleturn|p1b: Basculegion|Protect\n|move|p1a: Pelipper|Weather Ball|p2b: Gardevoir\n|-damage|p2b: Gardevoir|0 fnt\n|faint|p2b: Gardevoir\n|\n|-weather|RainDance|[upkeep]\n|-heal|p2a: Farigiraf|31/100|[from] item: Leftovers\n|-sideend|p2: Leowo29|move: Light Screen\n|upkeep\n|-message|Leowo29 forfeited.\n|\n|win|Miles_ath\n|raw|Miles_ath's rating: 1211 &rarr; <strong>1232</strong><br />(+21 for winning)\n|raw|Leowo29's rating: 1154 &rarr; <strong>1133</strong><br />(-21 for losing)\n|l|\u2606Leowo29\n|player|p2|\n",
  "uploadtime": 1776477714,
  "views": 17,
  "formatid": "gen9championsvgc2026regma",
  "rating": 1133,
  "private": 0,
  "password": null
}