{
  "id": "gen9championsvgc2026regma-2586888927",
  "format": "[Gen 9 Champions] VGC 2026 Reg M-A",
  "players": [
    "Kittiesarecool",
    "pianta.png"
  ],
  "log": "|j|\u2606Kittiesarecool\n|j|\u2606pianta.png\n|t:|1776468834\n|gametype|doubles\n|player|p1|Kittiesarecool|1|1064\n|player|p2|pianta.png|dawn-gen4pt|1041\n|gen|9\n|tier|[Gen 9 Champions] VGC 2026 Reg M-A\n|rated|\n|rule|Species Clause: Limit one of each Pok\u00e9mon\n|rule|Item Clause: Limit 1 of each item\n|clearpoke\n|poke|p1|Dragonite, L50, M|\n|poke|p1|Pelipper, L50, F|\n|poke|p1|Incineroar, L50, F|\n|poke|p1|Sneasler, L50, M|\n|poke|p1|Archaludon, L50, F|\n|poke|p1|Basculegion, L50, M|\n|poke|p2|Gardevoir, L50, F|\n|poke|p2|Maushold-Four, L50|\n|poke|p2|Talonflame, L50, M|\n|poke|p2|Samurott-Hisui, L50, M|\n|poke|p2|Lucario, L50, M|\n|poke|p2|Serperior, L50, F|\n|teampreview|4\n|inactive|Battle timer is ON: inactive players will automatically lose when time's up. (requested by pianta.png)\npianta.png rejected open team sheets.\n|\n|t:|1776468850\n|teamsize|p1|4\n|teamsize|p2|4\n|start\n|switch|p1a: Archaludon|Archaludon, L50, F|100/100\n|switch|p1b: Pelipper|Pelipper, L50, F|100/100\n|switch|p2a: Talonflame|Talonflame, L50, M|100/100\n|switch|p2b: Samurott|Samurott-Hisui, L50, M|100/100\n|-weather|RainDance|[from] ability: Drizzle|[of] p1b: Pelipper\n|turn|1\n|\n|t:|1776468862\n|move|p2a: Talonflame|Tailwind|p2a: Talonflame\n|-sidestart|p2: pianta.png|move: Tailwind\n|move|p2b: Samurott|Ceaseless Edge|p1b: Pelipper\n|-damage|p1b: Pelipper|52/100\n|-sidestart|p1: Kittiesarecool|Spikes\n|move|p1a: Archaludon|Electro Shot||[still]\n|-prepare|p1a: Archaludon|Electro Shot\n|-boost|p1a: Archaludon|spa|1\n|-anim|p1a: Archaludon|Electro Shot|p2b: Samurott\n|-supereffective|p2b: Samurott|1\n|-damage|p2b: Samurott|0 fnt\n|faint|p2b: Samurott\n|move|p1b: Pelipper|Tailwind|p1b: Pelipper\n|-sidestart|p1: Kittiesarecool|move: Tailwind\n|\n|-weather|RainDance|[upkeep]\n|upkeep\n|\n|t:|1776468885\n|switch|p2b: Maushold|Maushold-Four, L50|100/100\n|turn|2\n|inactive|Kittiesarecool has 30 seconds left.\n|\n|t:|1776468917\n|move|p1b: Pelipper|Protect|p1b: Pelipper\n|-singleturn|p1b: Pelipper|Protect\n|move|p2a: Talonflame|Dual Wingbeat|p1b: Pelipper\n|-activate|p1b: Pelipper|move: Protect\n|move|p2b: Maushold|Super Fang|p1a: Archaludon\n|-damage|p1a: Archaludon|51/100\n|-ability|p1a: Archaludon|Stamina|boost\n|-boost|p1a: Archaludon|def|1\n|move|p1a: Archaludon|Electro Shot||[still]\n|-prepare|p1a: Archaludon|Electro Shot\n|-boost|p1a: Archaludon|spa|1\n|-anim|p1a: Archaludon|Electro Shot|p2a: Talonflame\n|-supereffective|p2a: Talonflame|1\n|-damage|p2a: Talonflame|0 fnt\n|faint|p2a: Talonflame\n|\n|-weather|RainDance|[upkeep]\n|upkeep\n|\n|t:|1776468932\n|switch|p2a: Gardevoir|Gardevoir, L50, F, shiny|100/100\n|-ability|p2a: Gardevoir|Drizzle|Trace|[from] ability: Trace|[of] p1b: Pelipper\n|turn|3\n|\n|t:|1776468940\n|detailschange|p2a: Gardevoir|Gardevoir-Mega, L50, F, shiny\n|-mega|p2a: Gardevoir|Gardevoir|Gardevoirite\n|move|p2b: Maushold|Helping Hand|p2a: Gardevoir\n|-singleturn|p2a: Gardevoir|Helping Hand|[of] p2b: Maushold\n|move|p2a: Gardevoir|Hyper Voice|p1b: Pelipper|[spread] p1a,p1b\n|-damage|p1a: Archaludon|0 fnt\n|-damage|p1b: Pelipper|0 fnt\n|faint|p1a: Archaludon\n|faint|p1b: Pelipper\n|\n|-weather|RainDance|[upkeep]\n|upkeep\n|\n|t:|1776468951\n|switch|p1a: Dragonite|Dragonite, L50, M, shiny|100/100\n|switch|p1b: Basculegion|Basculegion, L50, M|100/100\n|-damage|p1b: Basculegion|88/100|[from] Spikes\n|turn|4\n|\n|t:|1776468959\n|detailschange|p1a: Dragonite|Dragonite-Mega, L50, M, shiny\n|-mega|p1a: Dragonite|Dragonite|Dragoninite\n|move|p2b: Maushold|Follow Me|p2b: Maushold\n|-singleturn|p2b: Maushold|move: Follow Me\n|move|p1b: Basculegion|Last Respects|p2b: Maushold\n|-immune|p2b: Maushold\n|move|p2a: Gardevoir|Hyper Voice|p1b: Basculegion|[spread] p1a,p1b\n|-supereffective|p1a: Dragonite|1\n|-damage|p1a: Dragonite|51/100\n|-damage|p1b: Basculegion|27/100\n|move|p1a: Dragonite|Hurricane|p2b: Maushold\n|-damage|p2b: Maushold|34/100\n|-enditem|p2b: Maushold|Sitrus Berry|[eat]\n|-heal|p2b: Maushold|59/100|[from] item: Sitrus Berry\n|\n|-weather|RainDance|[upkeep]\n|-sideend|p2: pianta.png|move: Tailwind\n|-sideend|p1: Kittiesarecool|move: Tailwind\n|upkeep\n|turn|5\n|n|!Kittiesarecool|kittiesarecool\n|-message|Kittiesarecool forfeited.\n|\n|win|pianta.png\n",
  "uploadtime": 1776468967,
  "views": 11,
  "formatid": "gen9championsvgc2026regma",
  "rating": null,
  "private": 0,
  "password": null
}