{
  "id": "gen9championsvgc2026regma-2587577262",
  "format": "[Gen 9 Champions] VGC 2026 Reg M-A",
  "players": [
    "deinotheworld",
    "0v4n"
  ],
  "log": "|j|\u2606deinotheworld\n|j|\u26060v4n\n|t:|1776543795\n|gametype|doubles\n|player|p1|deinotheworld|169|1018\n|player|p2|0v4n|101|1000\n|gen|9\n|tier|[Gen 9 Champions] VGC 2026 Reg M-A\n|rated|\n|rule|Species Clause: Limit one of each Pok\u00e9mon\n|rule|Item Clause: Limit 1 of each item\n|clearpoke\n|poke|p1|Whimsicott, L50, M|\n|poke|p1|Chandelure, L50, F|\n|poke|p1|Rotom-Wash, L50|\n|poke|p1|Gallade, L50, M|\n|poke|p1|Weavile, L50, F|\n|poke|p1|Vivillon, L50, F|\n|poke|p2|Incineroar, L50, F|\n|poke|p2|Tyranitar, L50, M|\n|poke|p2|Sinistcha, L50|\n|poke|p2|Victreebel, L50, F|\n|poke|p2|Arbok, L50, M|\n|poke|p2|Primarina, L50, F|\n|teampreview|4\n|inactive|Battle timer is ON: inactive players will automatically lose when time's up. (requested by 0v4n)\n|\n|t:|1776543856\n|teamsize|p1|4\n|teamsize|p2|4\n|start\n|switch|p1a: Whimsicott|Whimsicott, L50, M|100/100\n|switch|p1b: Chandelure|Chandelure, L50, F|100/100\n|switch|p2a: The Technology|Arbok, L50, M|100/100\n|switch|p2b: Incineroar|Incineroar, L50, F|100/100\n|-ability|p2a: The Technology|Intimidate|boost\n|-unboost|p1a: Whimsicott|atk|1\n|-unboost|p1b: Chandelure|atk|1\n|-ability|p2b: Incineroar|Intimidate|boost\n|-unboost|p1a: Whimsicott|atk|1\n|-unboost|p1b: Chandelure|atk|1\n|turn|1\n|\n|t:|1776543869\n|detailschange|p1b: Chandelure|Chandelure-Mega, L50, F\n|-mega|p1b: Chandelure|Chandelure|Chandelurite\n|move|p1b: Chandelure|Protect|p1b: Chandelure\n|-singleturn|p1b: Chandelure|Protect\n|move|p1a: Whimsicott|Tailwind|p1a: Whimsicott\n|-sidestart|p1: deinotheworld|move: Tailwind\n|move|p2a: The Technology|Poison Jab|p1a: Whimsicott\n|-supereffective|p1a: Whimsicott|2\n|-damage|p1a: Whimsicott|0 fnt\n|faint|p1a: Whimsicott\n|move|p2b: Incineroar|Throat Chop|p1b: Chandelure\n|-activate|p1b: Chandelure|move: Protect\n|\n|upkeep\n|\n|t:|1776543880\n|switch|p1a: Weavile|Weavile, L50, F|100/100\n|turn|2\n|\n|t:|1776543891\n|switch|p2a: Primarina|Primarina, L50, F|100/100\n|move|p1a: Weavile|Fake Out|p2b: Incineroar\n|-damage|p2b: Incineroar|89/100\n|move|p1b: Chandelure|Heat Wave|p2b: Incineroar|[spread] p2a,p2b\n|-resisted|p2a: Primarina|1\n|-resisted|p2b: Incineroar|1\n|-damage|p2a: Primarina|80/100\n|-damage|p2b: Incineroar|63/100\n|cant|p2b: Incineroar|flinch\n|\n|upkeep\n|turn|3\n|\n|t:|1776543911\n|move|p1a: Weavile|Triple Axel|p2b: Incineroar\n|-resisted|p2b: Incineroar|1\n|-damage|p2b: Incineroar|59/100\n|-hitcount|p2b: Incineroar|1\n|move|p1b: Chandelure|Energy Ball|p2a: Primarina\n|-supereffective|p2a: Primarina|1\n|-enditem|p2a: Primarina|Rindo Berry|[eat]\n|-enditem|p2a: Primarina|Rindo Berry|[weaken]\n|-damage|p2a: Primarina|47/100\n|move|p2b: Incineroar|Parting Shot|p1b: Chandelure\n|-unboost|p1b: Chandelure|atk|1\n|-unboost|p1b: Chandelure|spa|1\n|\n|t:|1776543922\n|switch|p2b: Victreebel|Victreebel, L50, F|100/100|[from] Parting Shot\n|move|p2a: Primarina|Hyper Voice|p1b: Chandelure|[spread] p1a,p1b\n|-supereffective|p1b: Chandelure|1\n|-damage|p1a: Weavile|47/100\n|-damage|p1b: Chandelure|25/100\n|\n|upkeep\n|turn|4\n|\n|t:|1776543939\n|switch|p1b: Rotom|Rotom-Wash, L50|100/100\n|detailschange|p2b: Victreebel|Victreebel-Mega, L50, F\n|-mega|p2b: Victreebel|Victreebel|Victreebelite\n|move|p2a: Primarina|Protect|p2a: Primarina\n|-singleturn|p2a: Primarina|Protect\n|move|p1a: Weavile|Triple Axel|p2b: Victreebel\n|-supereffective|p2b: Victreebel|1\n|-damage|p2b: Victreebel|84/100\n|-supereffective|p2b: Victreebel|1\n|-damage|p2b: Victreebel|52/100\n|-supereffective|p2b: Victreebel|1\n|-damage|p2b: Victreebel|0 fnt\n|-damage|p1a: Weavile|0 fnt|[from] ability: Innards Out|[of] p2b: Victreebel\n|faint|p2b: Victreebel\n|faint|p1a: Weavile\n|-hitcount|p2: Victreebel|3\n|\n|-sideend|p1: deinotheworld|move: Tailwind\n|upkeep\n|\n|t:|1776543957\n|switch|p1a: Chandelure|Chandelure-Mega, L50, F|25/100\n|switch|p2b: The Technology|Arbok, L50, M|100/100\n|-ability|p2b: The Technology|Intimidate|boost\n|-unboost|p1a: Chandelure|atk|1\n|-unboost|p1b: Rotom|atk|1\n|turn|5\n|\n|t:|1776543970\n|move|p2b: The Technology|Sucker Punch|p1a: Chandelure\n|-supereffective|p1a: Chandelure|1\n|-damage|p1a: Chandelure|0 fnt\n|faint|p1a: Chandelure\n|move|p1b: Rotom|Volt Switch|p2a: Primarina\n|-supereffective|p2a: Primarina|1\n|-damage|p2a: Primarina|4/100\n|move|p2a: Primarina|Moonblast|p1b: Rotom\n|-damage|p1b: Rotom|60/100\n|\n|-heal|p1b: Rotom|65/100|[from] item: Leftovers\n|upkeep\n|turn|6\n|\n|t:|1776543984\n|move|p2a: Primarina|Protect|p2a: Primarina\n|-singleturn|p2a: Primarina|Protect\n|move|p1b: Rotom|Will-O-Wisp|p2b: The Technology\n|-status|p2b: The Technology|brn\n|move|p2b: The Technology|Poison Jab|p1b: Rotom\n|-damage|p1b: Rotom|44/100\n|\n|-heal|p1b: Rotom|50/100|[from] item: Leftovers\n|-damage|p2b: The Technology|95/100 brn|[from] brn\n|upkeep\n|turn|7\n|\n|t:|1776543999\n|move|p1b: Rotom|Protect|p1b: Rotom\n|-singleturn|p1b: Rotom|Protect\n|move|p2b: The Technology|Poison Jab|p1b: Rotom\n|-activate|p1b: Rotom|move: Protect\n|move|p2a: Primarina|Moonblast|p1b: Rotom\n|-activate|p1b: Rotom|move: Protect\n|\n|-heal|p1b: Rotom|55/100|[from] item: Leftovers\n|-damage|p2b: The Technology|89/100 brn|[from] brn\n|upkeep\n|turn|8\n|\n|t:|1776544011\n|move|p2b: The Technology|Protect|p2b: The Technology\n|-singleturn|p2b: The Technology|Protect\n|move|p1b: Rotom|Electroweb|p2b: The Technology|[spread] p2a\n|-activate|p2b: The Technology|move: Protect\n|-supereffective|p2a: Primarina|1\n|-damage|p2a: Primarina|0 fnt\n|faint|p2a: Primarina\n|\n|-heal|p1b: Rotom|61/100|[from] item: Leftovers\n|-damage|p2b: The Technology|83/100 brn|[from] brn\n|upkeep\n|\n|t:|1776544021\n|switch|p2a: Incineroar|Incineroar, L50, F|59/100\n|-ability|p2a: Incineroar|Intimidate|boost\n|-unboost|p1b: Rotom|atk|1\n|turn|9\n|\n|t:|1776544033\n|move|p1b: Rotom|Protect|p1b: Rotom\n|-singleturn|p1b: Rotom|Protect\n|move|p2b: The Technology|Poison Jab|p1b: Rotom\n|-activate|p1b: Rotom|move: Protect\n|move|p2a: Incineroar|Throat Chop|p1b: Rotom\n|-activate|p1b: Rotom|move: Protect\n|\n|-heal|p1b: Rotom|67/100|[from] item: Leftovers\n|-damage|p2b: The Technology|77/100 brn|[from] brn\n|upkeep\n|turn|10\n|\n|t:|1776544046\n|move|p1b: Rotom|Volt Switch|p2a: Incineroar\n|-damage|p2a: Incineroar|36/100\n|-enditem|p2a: Incineroar|Sitrus Berry|[eat]\n|-heal|p2a: Incineroar|61/100|[from] item: Sitrus Berry\n|move|p2b: The Technology|Poison Jab|p1b: Rotom\n|-damage|p1b: Rotom|45/100\n|move|p2a: Incineroar|Throat Chop|p1b: Rotom\n|-damage|p1b: Rotom|2/100\n|-start|p1b: Rotom|Throat Chop|[silent]\n|\n|-heal|p1b: Rotom|8/100|[from] item: Leftovers\n|-damage|p2b: The Technology|71/100 brn|[from] brn\n|upkeep\n|turn|11\n|\n|t:|1776544062\n|move|p2a: Incineroar|Protect|p2a: Incineroar\n|-singleturn|p2a: Incineroar|Protect\n|move|p2b: The Technology|Sucker Punch|p1b: Rotom\n|-damage|p1b: Rotom|0 fnt\n|faint|p1b: Rotom\n|\n|win|0v4n\n|raw|deinotheworld's rating: 1018 &rarr; <strong>1005</strong><br />(-13 for losing)\n|raw|0v4n's rating: 1000 &rarr; <strong>1042</strong><br />(+42 for winning)\n|l|\u2606deinotheworld\n|player|p1|\n",
  "uploadtime": 1776544077,
  "views": 26,
  "formatid": "gen9championsvgc2026regma",
  "rating": 1005,
  "private": 0,
  "password": null
}