{
  "id": "gen9championsvgc2026regma-2581292546",
  "format": "[Gen 9 Champions] VGC 2026 Reg M-A",
  "players": [
    "Centric07",
    "leader-starmie"
  ],
  "log": "|j|\u2606Centric07\n|j|\u2606leader-starmie\n|t:|1775982350\n|gametype|doubles\n|player|p1|Centric07|hilda-wonderlauncher|1199\n|player|p2|leader-starmie|lida|1263\n|gen|9\n|tier|[Gen 9 Champions] VGC 2026 Reg M-A\n|rated|\n|rule|Species Clause: Limit one of each Pok\u00e9mon\n|rule|Item Clause: Limit 1 of each item\n|clearpoke\n|poke|p1|Pelipper, L50, M|\n|poke|p1|Archaludon, L50, M|\n|poke|p1|Incineroar, L50, M|\n|poke|p1|Farigiraf, L50, F|\n|poke|p1|Primarina, L50, F|\n|poke|p1|Gengar, L50, F|\n|poke|p2|Lucario, L50, M|\n|poke|p2|Milotic, L50, F|\n|poke|p2|Venusaur, L50, M|\n|poke|p2|Rotom-Wash, L50|\n|poke|p2|Arcanine-Hisui, L50, M|\n|poke|p2|Garchomp, L50, F|\n|teampreview|4\n|\n|t:|1775982390\n|teamsize|p1|4\n|teamsize|p2|4\n|start\n|switch|p1a: Gengar|Gengar, L50, F|100/100\n|switch|p1b: King|Incineroar, L50, M|100/100\n|switch|p2a: Milotic|Milotic, L50, F|100/100\n|switch|p2b: Venusaur|Venusaur, L50, M|100/100\n|-ability|p1b: King|Intimidate|boost\n|-unboost|p2a: Milotic|atk|1\n|-ability|p2a: Milotic|Competitive|boost\n|-boost|p2a: Milotic|spa|2\n|-unboost|p2b: Venusaur|atk|1\n|turn|1\n|\n|t:|1775982410\n|detailschange|p1a: Gengar|Gengar-Mega, L50, F\n|-mega|p1a: Gengar|Gengar|Gengarite\n|detailschange|p2b: Venusaur|Venusaur-Mega, L50, M\n|-mega|p2b: Venusaur|Venusaur|Venusaurite\n|move|p1b: King|Fake Out|p2a: Milotic\n|-damage|p2a: Milotic|85/100\n|move|p1a: Gengar|Perish Song|p1a: Gengar\n|-start|p1a: Gengar|perish3|[silent]\n|-start|p1b: King|perish3|[silent]\n|-start|p2a: Milotic|perish3|[silent]\n|-start|p2b: Venusaur|perish3|[silent]\n|-fieldactivate|move: Perish Song\n|move|p2b: Venusaur|Leech Seed|p1a: Gengar\n|-start|p1a: Gengar|move: Leech Seed\n|cant|p2a: Milotic|flinch\n|\n|-heal|p2a: Milotic|91/100|[from] item: Leftovers\n|-damage|p1a: Gengar|89/100|[from] Leech Seed|[of] p2b: Venusaur\n|-start|p1a: Gengar|perish3\n|-start|p2b: Venusaur|perish3\n|-start|p2a: Milotic|perish3\n|-start|p1b: King|perish3\n|upkeep\n|turn|2\n|\n|t:|1775982432\n|switch|p1a: Iris|Farigiraf, L50, F|100/100\n|move|p2b: Venusaur|Sludge Bomb|p1b: King\n|-damage|p1b: King|57/100\n|move|p2a: Milotic|Scald|p1b: King\n|-supereffective|p1b: King|1\n|-damage|p1b: King|0 fnt\n|faint|p1b: King\n|\n|-heal|p2a: Milotic|97/100|[from] item: Leftovers\n|-start|p2b: Venusaur|perish2\n|-start|p2a: Milotic|perish2\n|upkeep\n|\n|t:|1775982441\n|switch|p1b: Gengar|Gengar-Mega, L50, F|89/100\n|turn|3\n|\n|t:|1775982458\n|move|p1b: Gengar|Shadow Ball|p2a: Milotic\n|-damage|p2a: Milotic|57/100\n|-unboost|p2a: Milotic|spd|1\n|-ability|p2a: Milotic|Competitive|boost\n|-boost|p2a: Milotic|spa|2\n|move|p2b: Venusaur|Sludge Bomb|p1a: Iris\n|-damage|p1a: Iris|52/100\n|move|p2a: Milotic|Ice Beam|p1a: Iris\n|-damage|p1a: Iris|0 fnt\n|faint|p1a: Iris\n|\n|-heal|p2a: Milotic|63/100|[from] item: Leftovers\n|-start|p2b: Venusaur|perish1\n|-start|p2a: Milotic|perish1\n|upkeep\n|\n|t:|1775982470\n|switch|p1a: Donna|Primarina, L50, F|100/100\n|turn|4\n|\n|t:|1775982479\n|move|p1b: Gengar|Protect|p1b: Gengar\n|-singleturn|p1b: Gengar|Protect\n|move|p1a: Donna|Protect|p1a: Donna\n|-singleturn|p1a: Donna|Protect\n|move|p2b: Venusaur|Giga Drain|p1a: Donna\n|-activate|p1a: Donna|move: Protect\n|move|p2a: Milotic|Icy Wind|p1a: Donna|[spread] \n|-activate|p1a: Donna|move: Protect\n|-activate|p1b: Gengar|move: Protect\n|\n|-heal|p2a: Milotic|69/100|[from] item: Leftovers\n|-start|p2b: Venusaur|perish0\n|-start|p2a: Milotic|perish0\n|faint|p2b: Venusaur\n|faint|p2a: Milotic\n|upkeep\n|\n|t:|1775982493\n|switch|p2b: Garchomp|Garchomp, L50, F|100/100\n|switch|p2a: Rotom|Rotom-Wash, L50|100/100\n|turn|5\n|\n|t:|1775982506\n|move|p1b: Gengar|Shadow Ball|p2b: Garchomp\n|-damage|p2b: Garchomp|47/100\n|move|p2b: Garchomp|Earthquake|p1a: Donna|[spread] p1a,p1b\n|-immune|p2a: Rotom|[from] ability: Levitate\n|-supereffective|p1b: Gengar|1\n|-damage|p1a: Donna|54/100\n|-damage|p1b: Gengar|0 fnt\n|faint|p1b: Gengar\n|move|p2a: Rotom|Thunderbolt|p1a: Donna\n|-supereffective|p1a: Donna|1\n|-damage|p1a: Donna|0 fnt\n|faint|p1a: Donna\n|\n|win|leader-starmie\n|raw|Centric07's rating: 1199 &rarr; <strong>1179</strong><br />(-20 for losing)\n|raw|leader-starmie's rating: 1263 &rarr; <strong>1283</strong><br />(+20 for winning)\n|l|\u2606Centric07\n|player|p1|\n",
  "uploadtime": 1775982522,
  "views": 19,
  "formatid": "gen9championsvgc2026regma",
  "rating": 1179,
  "private": 0,
  "password": null
}