{
  "id": "gen9championsvgc2026regma-2585933533",
  "format": "[Gen 9 Champions] VGC 2026 Reg M-A",
  "players": [
    "StarryNight2255",
    "blixby2"
  ],
  "log": "|j|\u203dStarryNight2255\n|j|\u2606blixby2\n|t:|1776382763\n|gametype|doubles\n|player|p1|StarryNight2255|170|1126\n|player|p2|blixby2|rosa|1148\n|gen|9\n|tier|[Gen 9 Champions] VGC 2026 Reg M-A\n|rated|\n|rule|Species Clause: Limit one of each Pok\u00e9mon\n|rule|Item Clause: Limit 1 of each item\n|clearpoke\n|poke|p1|Dragapult, L50, M|\n|poke|p1|Clefable, L50, F|\n|poke|p1|Incineroar, L50, M|\n|poke|p1|Sinistcha, L50|\n|poke|p1|Medicham, L50, F|\n|poke|p1|Floette-Eternal, L50, F|\n|poke|p2|Charizard, L50, M|\n|poke|p2|Venusaur, L50, M|\n|poke|p2|Incineroar, L50, F|\n|poke|p2|Sneasler, L50, F|\n|poke|p2|Garchomp, L50, F|\n|poke|p2|Basculegion, L50, M|\n|teampreview|4\n|inactive|Battle timer is ON: inactive players will automatically lose when time's up. (requested by StarryNight2255)\nStarryNight2255 rejected open team sheets.\n|\n|t:|1776382771\n|teamsize|p1|4\n|teamsize|p2|4\n|start\n|switch|p1a: Dragapult|Dragapult, L50, M|100/100\n|switch|p1b: Medicham|Medicham, L50, F|100/100\n|switch|p2a: Garchomp|Garchomp, L50, F|100/100\n|switch|p2b: Basculegion|Basculegion, L50, M|100/100\n|turn|1\n|\n|t:|1776382786\n|move|p1a: Dragapult|Dragon Dance|p1a: Dragapult\n|-boost|p1a: Dragapult|atk|1\n|-boost|p1a: Dragapult|spe|1\n|move|p2b: Basculegion|Flip Turn|p1a: Dragapult\n|-resisted|p1a: Dragapult|1\n|-damage|p1a: Dragapult|70/100\n|\n|t:|1776382791\n|switch|p2b: Charizard|Charizard, L50, M|100/100|[from] Flip Turn\n|move|p2a: Garchomp|Earthquake|p1a: Dragapult|[spread] p1a,p1b\n|-immune|p2b: Charizard\n|-damage|p1a: Dragapult|4/100\n|-damage|p1b: Medicham|35/100\n|move|p1b: Medicham|Skill Swap|p1a: Dragapult\n|-activate|p1b: Medicham|Skill Swap|||[of] p1a: Dragapult\n|\n|upkeep\n|turn|2\n|\n|t:|1776382805\n|switch|p1b: Sinistcha|Sinistcha, L50|100/100\n|-heal|p1a: Dragapult|28/100|[from] ability: Hospitality|[of] p1b: Sinistcha\n|move|p2b: Charizard|Protect|p2b: Charizard\n|-singleturn|p2b: Charizard|Protect\n|move|p1a: Dragapult|Dragon Darts|p2a: Garchomp\n|-supereffective|p2a: Garchomp|1\n|-damage|p2a: Garchomp|0 fnt\n|faint|p2a: Garchomp\n|\n|upkeep\n|\n|t:|1776382815\n|switch|p2a: Basculegion|Basculegion, L50, M|100/100\n|turn|3\n|\n|t:|1776382823\n|switch|p2b: Venusaur|Venusaur, L50, M|100/100\n|move|p1b: Sinistcha|Rage Powder|p1b: Sinistcha\n|-singleturn|p1b: Sinistcha|move: Rage Powder\n|move|p1a: Dragapult|Sucker Punch|p2a: Basculegion\n|-supereffective|p2a: Basculegion|1\n|-damage|p2a: Basculegion|0 fnt\n|faint|p2a: Basculegion\n|\n|upkeep\n|\n|t:|1776382832\n|switch|p2a: Charizard|Charizard, L50, M|100/100\n|turn|4\n|\n|t:|1776382843\n|detailschange|p2a: Charizard|Charizard-Mega-Y, L50, M\n|-mega|p2a: Charizard|Charizard|Charizardite Y\n|-weather|SunnyDay|[from] ability: Drought|[of] p2a: Charizard\n|move|p1a: Dragapult|Dragon Darts|p2a: Charizard\n|-damage|p2a: Charizard|0 fnt\n|-anim|p1a: Dragapult|Dragon Darts|p2b: Venusaur\n|-enditem|p2b: Venusaur|Focus Sash\n|-damage|p2b: Venusaur|1/100\n|faint|p2a: Charizard\n|move|p2b: Venusaur|Sludge Bomb|p1b: Sinistcha\n|-damage|p1b: Sinistcha|56/100\n|-status|p1b: Sinistcha|psn\n|move|p1b: Sinistcha|Life Dew|p1b: Sinistcha|[spread] p1a,p1b\n|-heal|p1a: Dragapult|53/100\n|-heal|p1b: Sinistcha|81/100 psn\n|\n|-weather|SunnyDay|[upkeep]\n|-damage|p1b: Sinistcha|69/100 psn|[from] psn\n|upkeep\n|turn|5\n|-message|blixby2 forfeited.\n|\n|win|StarryNight2255\n|raw|StarryNight2255's rating: 1126 &rarr; <strong>1153</strong><br />(+27 for winning)\n|raw|blixby2's rating: 1148 &rarr; <strong>1121</strong><br />(-27 for losing)\n|l|\u2606blixby2\n|player|p2|\n",
  "uploadtime": 1776382862,
  "views": 16,
  "formatid": "gen9championsvgc2026regma",
  "rating": 1121,
  "private": 0,
  "password": null
}