{
  "id": "gen9championsvgc2026regma-2580508008",
  "format": "[Gen 9 Champions] VGC 2026 Reg M-A",
  "players": [
    "insano012",
    "Novicebest"
  ],
  "log": "|j|\u2606insano012\n|j|\u2606Novicebest\n|t:|1775906520\n|gametype|doubles\n|player|p1|insano012|blackbelt-gen4dp|1061\n|player|p2|Novicebest|dawn|1157\n|gen|9\n|tier|[Gen 9 Champions] VGC 2026 Reg M-A\n|rated|\n|rule|Species Clause: Limit one of each Pok\u00e9mon\n|rule|Item Clause: Limit 1 of each item\n|clearpoke\n|poke|p1|Tyranitar, L50, F|\n|poke|p1|Corviknight, L50, M|\n|poke|p1|Primarina, L50, M|\n|poke|p1|Incineroar, L50, M|\n|poke|p1|Excadrill, L50, M|\n|poke|p1|Sinistcha-Masterpiece, L50|\n|poke|p2|Charizard, L50, M|\n|poke|p2|Whimsicott, L50, F|\n|poke|p2|Farigiraf, L50, M|\n|poke|p2|Sneasler, L50, F|\n|poke|p2|Rotom-Wash, L50|\n|poke|p2|Incineroar, L50, M|\n|teampreview|4\n|inactive|Battle timer is ON: inactive players will automatically lose when time's up. (requested by Novicebest)\n|l|\u2606insano012\n|inactive|insano012 disconnected and has a minute to reconnect!\n|player|p1|\n|j|\u2606insano012\n|inactive|insano012 reconnected and has 70 seconds left.\n|player|p1|insano012|blackbelt-gen4dp|\n|inactive|insano012 has 60 seconds left.\n|l|\u2606insano012\n|inactive|insano012 disconnected and has a minute to reconnect!\n|player|p1|\n|j|\u2606insano012\n|inactive|insano012 reconnected and has 40 seconds left.\n|player|p1|insano012|blackbelt-gen4dp|\n|inactive|insano012 has 30 seconds left.\n|inactive|insano012 has 20 seconds left.\n|\n|t:|1775906598\n|teamsize|p1|4\n|teamsize|p2|4\n|start\n|switch|p1a: Incineroar|Incineroar, L50, M|100/100\n|switch|p1b: Corviknight|Corviknight, L50, M|100/100\n|switch|p2a: Incineroar|Incineroar, L50, M|100/100\n|switch|p2b: Rotom|Rotom-Wash, L50|100/100\n|-ability|p1a: Incineroar|Intimidate|boost\n|-unboost|p2a: Incineroar|atk|1\n|-unboost|p2b: Rotom|atk|1\n|-ability|p2a: Incineroar|Intimidate|boost\n|-unboost|p1a: Incineroar|atk|1\n|-ability|p1b: Corviknight|Mirror Armor\n|-unboost|p2a: Incineroar|atk|1\n|turn|1\n|l|\u2606insano012\n|inactive|insano012 disconnected and has a minute to reconnect!\n|player|p1|\n|j|\u2606insano012\n|inactive|insano012 reconnected and has 35 seconds left.\n|player|p1|insano012|blackbelt-gen4dp|\n|inactive|insano012 has 30 seconds left.\n|\n|t:|1775906629\n|move|p1a: Incineroar|Fake Out|p2a: Incineroar\n|-damage|p2a: Incineroar|94/100\n|cant|p2a: Incineroar|flinch\n|move|p2b: Rotom|Nasty Plot|p2b: Rotom\n|-boost|p2b: Rotom|spa|2\n|move|p1b: Corviknight|Tailwind|p1b: Corviknight\n|-sidestart|p1: insano012|move: Tailwind\n|\n|upkeep\n|turn|2\n|inactive|insano012 has 30 seconds left.\n|inactive|Novicebest has 30 seconds left.\n|\n|t:|1775906661\n|switch|p2a: Whimsicott|Whimsicott, L50, F|100/100\n|move|p2b: Rotom|Protect|p2b: Rotom\n|-singleturn|p2b: Rotom|Protect\n|move|p1a: Incineroar|Parting Shot|p2b: Rotom\n|-activate|p2b: Rotom|move: Protect\n|move|p1b: Corviknight|Bulk Up|p1b: Corviknight\n|-boost|p1b: Corviknight|atk|1\n|-boost|p1b: Corviknight|def|1\n|\n|upkeep\n|turn|3\n|\n|t:|1775906675\n|switch|p1a: Tyranitar|Tyranitar, L50, F|100/100\n|-weather|Sandstorm|[from] ability: Sand Stream|[of] p1a: Tyranitar\n|move|p2a: Whimsicott|Tailwind|p2a: Whimsicott\n|-sidestart|p2: Novicebest|move: Tailwind\n|move|p2b: Rotom|Hydro Pump|p1a: Tyranitar\n|-supereffective|p1a: Tyranitar|1\n|-damage|p1a: Tyranitar|0 fnt\n|faint|p1a: Tyranitar\n|move|p1b: Corviknight|Brave Bird|p2a: Whimsicott\n|-supereffective|p2a: Whimsicott|1\n|-enditem|p2a: Whimsicott|Focus Sash\n|-damage|p2a: Whimsicott|1/100\n|-damage|p1b: Corviknight|79/100|[from] Recoil\n|\n|-weather|Sandstorm|[upkeep]\n|-damage|p2a: Whimsicott|0 fnt|[from] Sandstorm\n|-damage|p2b: Rotom|95/100|[from] Sandstorm\n|faint|p2a: Whimsicott\n|-heal|p2b: Rotom|100/100|[from] item: Leftovers\n|-heal|p1b: Corviknight|84/100|[from] item: Leftovers\n|upkeep\n|\n|t:|1775906697\n|switch|p2a: Sneasler|Sneasler, L50, F|100/100\n|switch|p1a: Sinistcha|Sinistcha-Masterpiece, L50|100/100\n|-heal|p1b: Corviknight|100/100|[from] ability: Hospitality|[of] p1a: Sinistcha\n|turn|4\n|l|\u2606insano012\n|inactive|insano012 disconnected and has a minute to reconnect!\n|player|p1|\n|j|\u2606insano012\n|inactive|insano012 reconnected and has 35 seconds left.\n|player|p1|insano012|blackbelt-gen4dp|\n|inactive|insano012 has 30 seconds left.\n|inactive|Novicebest has 30 seconds left.\n|inactive|insano012 has 20 seconds left.\n|inactive|insano012 has 15 seconds left.\n|\n|t:|1775906737\n|switch|p1b: Incineroar|Incineroar, L50, M|100/100\n|-ability|p1b: Incineroar|Intimidate|boost\n|-unboost|p2a: Sneasler|atk|1\n|-unboost|p2b: Rotom|atk|1\n|-enditem|p2a: Sneasler|White Herb\n|-clearnegativeboost|p2a: Sneasler|[silent]\n|move|p2a: Sneasler|Dire Claw|p1a: Sinistcha\n|-damage|p1a: Sinistcha|69/100\n|move|p2b: Rotom|Thunderbolt|p1b: Incineroar\n|-damage|p1b: Incineroar|21/100\n|move|p1a: Sinistcha|Trick Room|p1a: Sinistcha\n|-fieldstart|move: Trick Room|[of] p1a: Sinistcha\n|\n|-weather|Sandstorm|[upkeep]\n|-damage|p1a: Sinistcha|63/100|[from] Sandstorm\n|-damage|p2b: Rotom|95/100|[from] Sandstorm\n|-damage|p1b: Incineroar|15/100|[from] Sandstorm\n|-damage|p2a: Sneasler|95/100|[from] Sandstorm\n|-heal|p2b: Rotom|100/100|[from] item: Leftovers\n|-sideend|p1: insano012|move: Tailwind\n|upkeep\n|turn|5\n|l|\u2606insano012\n|inactive|insano012 disconnected and has a minute to reconnect!\n|player|p1|\n|inactive|insano012 has 30 seconds left.\n|j|\u2606insano012\n|inactive|insano012 reconnected and has 30 seconds left.\n|player|p1|insano012|blackbelt-gen4dp|\n|inactive|insano012 has 20 seconds left.\n|\n|t:|1775906775\n|move|p2b: Rotom|Protect|p2b: Rotom\n|-singleturn|p2b: Rotom|Protect\n|move|p1a: Sinistcha|Matcha Gotcha|p2a: Sneasler|[spread] p2a\n|-activate|p2b: Rotom|move: Protect\n|-resisted|p2a: Sneasler|1\n|-damage|p2a: Sneasler|78/100\n|-heal|p1a: Sinistcha|71/100|[from] drain|[of] p2a: Sneasler\n|-status|p2a: Sneasler|brn\n|move|p1b: Incineroar|Flare Blitz|p2a: Sneasler\n|-damage|p2a: Sneasler|0 fnt\n|faint|p2a: Sneasler\n|-damage|p1b: Incineroar|0 fnt|[from] Recoil\n|faint|p1b: Incineroar\n|\n|-weather|Sandstorm|[upkeep]\n|-damage|p1a: Sinistcha|65/100|[from] Sandstorm\n|-damage|p2b: Rotom|95/100|[from] Sandstorm\n|-heal|p2b: Rotom|100/100|[from] item: Leftovers\n|upkeep\n|\n|t:|1775906795\n|switch|p1b: Corviknight|Corviknight, L50, M|100/100\n|switch|p2a: Incineroar|Incineroar, L50, M|94/100\n|-ability|p2a: Incineroar|Intimidate|boost\n|-unboost|p1a: Sinistcha|atk|1\n|-ability|p1b: Corviknight|Mirror Armor\n|-unboost|p2a: Incineroar|atk|1\n|turn|6\n|\n|t:|1775906815\n|move|p1b: Corviknight|Brave Bird|p2b: Rotom\n|-resisted|p2b: Rotom|1\n|-damage|p2b: Rotom|79/100\n|-damage|p1b: Corviknight|95/100|[from] Recoil\n|move|p1a: Sinistcha|Matcha Gotcha|p2b: Rotom|[spread] p2a,p2b\n|-resisted|p2a: Incineroar|1\n|-supereffective|p2b: Rotom|1\n|-damage|p2a: Incineroar|83/100\n|-heal|p1a: Sinistcha|71/100|[from] drain|[of] p2a: Incineroar\n|-damage|p2b: Rotom|30/100\n|-heal|p1a: Sinistcha|93/100|[from] drain|[of] p2b: Rotom\n|-status|p2b: Rotom|brn\n|move|p2a: Incineroar|Throat Chop|p1a: Sinistcha\n|-supereffective|p1a: Sinistcha|1\n|-damage|p1a: Sinistcha|61/100\n|-start|p1a: Sinistcha|Throat Chop|[silent]\n|move|p2b: Rotom|Thunderbolt|p1a: Sinistcha\n|-resisted|p1a: Sinistcha|1\n|-damage|p1a: Sinistcha|22/100\n|-status|p1a: Sinistcha|par\n|-enditem|p1a: Sinistcha|Sitrus Berry|[eat]\n|-heal|p1a: Sinistcha|47/100 par|[from] item: Sitrus Berry\n|\n|-weather|Sandstorm|[upkeep]\n|-damage|p1a: Sinistcha|41/100 par|[from] Sandstorm\n|-damage|p2a: Incineroar|77/100|[from] Sandstorm\n|-damage|p2b: Rotom|24/100 brn|[from] Sandstorm\n|-heal|p1b: Corviknight|100/100|[from] item: Leftovers\n|-heal|p2b: Rotom|30/100 brn|[from] item: Leftovers\n|-damage|p2b: Rotom|24/100 brn|[from] brn\n|-sideend|p2: Novicebest|move: Tailwind\n|upkeep\n|turn|7\n|l|\u2606insano012\n|inactive|insano012 disconnected and has a minute to reconnect!\n|player|p1|\n|j|\u2606insano012\n|inactive|insano012 reconnected and has 35 seconds left.\n|player|p1|insano012|blackbelt-gen4dp|\n|inactive|insano012 has 30 seconds left.\n|inactive|Novicebest has 30 seconds left.\n|inactive|insano012 has 20 seconds left.\n|inactive|Novicebest has 20 seconds left.\n|inactive|insano012 has 15 seconds left.\n|\n|t:|1775906858\n|cant|p1a: Sinistcha|par\n|move|p1b: Corviknight|Brave Bird|p2b: Rotom\n|-resisted|p2b: Rotom|1\n|-damage|p2b: Rotom|3/100 brn\n|-damage|p1b: Corviknight|95/100|[from] Recoil\n|move|p2a: Incineroar|Throat Chop|p1a: Sinistcha\n|-supereffective|p1a: Sinistcha|1\n|-damage|p1a: Sinistcha|9/100 par\n|move|p2b: Rotom|Thunderbolt|p1b: Corviknight\n|-supereffective|p1b: Corviknight|1\n|-damage|p1b: Corviknight|0 fnt\n|faint|p1b: Corviknight\n|\n|-weather|none\n|-heal|p2b: Rotom|9/100 brn|[from] item: Leftovers\n|-damage|p2b: Rotom|3/100 brn|[from] brn\n|-end|p1a: Sinistcha|Throat Chop|[silent]\n|upkeep\n|turn|8\n|\n|t:|1775906877\n|move|p2b: Rotom|Protect|p2b: Rotom\n|-singleturn|p2b: Rotom|Protect\n|cant|p1a: Sinistcha|par\n|move|p2a: Incineroar|Throat Chop|p1a: Sinistcha\n|-supereffective|p1a: Sinistcha|1\n|-damage|p1a: Sinistcha|0 fnt\n|faint|p1a: Sinistcha\n|\n|win|Novicebest\n|raw|insano012's rating: 1061 &rarr; <strong>1047</strong><br />(-14 for losing)\n|raw|Novicebest's rating: 1157 &rarr; <strong>1175</strong><br />(+18 for winning)\n|l|\u2606insano012\n|player|p1|\n",
  "uploadtime": 1775906879,
  "views": 13,
  "formatid": "gen9championsvgc2026regma",
  "rating": 1047,
  "private": 0,
  "password": null
}