{
  "id": "gen9championsvgc2026regma-2588269741",
  "format": "[Gen 9 Champions] VGC 2026 Reg M-A",
  "players": [
    "GarboHanzo",
    "siunhanech"
  ],
  "log": "|j|\u2606GarboHanzo\n|j|\u2606siunhanech\n|t:|1776619695\n|gametype|doubles\n|player|p1|GarboHanzo|parasollady|1381\n|player|p2|siunhanech|101|1484\n|gen|9\n|tier|[Gen 9 Champions] VGC 2026 Reg M-A\n|rated|\n|rule|Species Clause: Limit one of each Pok\u00e9mon\n|rule|Item Clause: Limit 1 of each item\n|clearpoke\n|poke|p1|Froslass, L50, F|\n|poke|p1|Kingambit, L50, F|\n|poke|p1|Sneasler, L50, M|\n|poke|p1|Palafin, L50, M|\n|poke|p1|Sinistcha, L50|\n|poke|p1|Arcanine-Hisui, L50, F|\n|poke|p2|Sableye, L50, M|\n|poke|p2|Archaludon, L50, F|\n|poke|p2|Espathra, L50, F|\n|poke|p2|Sinistcha, L50|\n|poke|p2|Gengar, L50, F|\n|poke|p2|Blastoise, L50, F|\n|teampreview|4\n|inactive|Battle timer is ON: inactive players will automatically lose when time's up. (requested by siunhanech)\n|inactive|GarboHanzo has 60 seconds left.\n|inactive|siunhanech has 60 seconds left.\n|\n|t:|1776619736\n|teamsize|p1|4\n|teamsize|p2|4\n|start\n|switch|p1a: Kingambit|Kingambit, L50, F|100/100\n|switch|p1b: Palafin|Palafin, L50, M|100/100\n|switch|p2a: B\u1eafn t\u00f9m lum|Blastoise, L50, F|100/100\n|switch|p2b: \u0110\u00e0 \u0111i\u1ec3u|Espathra, L50, F|100/100\n|turn|1\n|\n|t:|1776619757\n|detailschange|p1b: Palafin|Palafin-Hero, L50, M\n|switch|p1b: Sinistcha|Sinistcha, L50|100/100\n|detailschange|p2a: B\u1eafn t\u00f9m lum|Blastoise-Mega, L50, F\n|-mega|p2a: B\u1eafn t\u00f9m lum|Blastoise|Blastoisinite\n|move|p2b: \u0110\u00e0 \u0111i\u1ec3u|Calm Mind|p2b: \u0110\u00e0 \u0111i\u1ec3u\n|-boost|p2b: \u0110\u00e0 \u0111i\u1ec3u|spa|1\n|-boost|p2b: \u0110\u00e0 \u0111i\u1ec3u|spd|1\n|move|p2a: B\u1eafn t\u00f9m lum|Aura Sphere|p1a: Kingambit\n|-supereffective|p1a: Kingambit|2\n|-damage|p1a: Kingambit|0 fnt\n|faint|p1a: Kingambit\n|\n|-ability|p2b: \u0110\u00e0 \u0111i\u1ec3u|Speed Boost|boost\n|-boost|p2b: \u0110\u00e0 \u0111i\u1ec3u|spe|1\n|upkeep\n|\n|t:|1776619775\n|switch|p1a: Froslass|Froslass, L50, F|100/100\n|turn|2\n|\n|t:|1776619792\n|detailschange|p1a: Froslass|Froslass-Mega, L50, F\n|-mega|p1a: Froslass|Froslass|Froslassite\n|-weather|Snowscape|[from] ability: Snow Warning|[of] p1a: Froslass\n|move|p1a: Froslass|Shadow Ball|p2b: \u0110\u00e0 \u0111i\u1ec3u\n|-supereffective|p2b: \u0110\u00e0 \u0111i\u1ec3u|1\n|-enditem|p2b: \u0110\u00e0 \u0111i\u1ec3u|Kasib Berry|[eat]\n|-enditem|p2b: \u0110\u00e0 \u0111i\u1ec3u|Kasib Berry|[weaken]\n|-damage|p2b: \u0110\u00e0 \u0111i\u1ec3u|58/100\n|move|p2b: \u0110\u00e0 \u0111i\u1ec3u|Calm Mind|p2b: \u0110\u00e0 \u0111i\u1ec3u\n|-boost|p2b: \u0110\u00e0 \u0111i\u1ec3u|spa|1\n|-boost|p2b: \u0110\u00e0 \u0111i\u1ec3u|spd|1\n|move|p2a: B\u1eafn t\u00f9m lum|Ice Beam|p1b: Sinistcha\n|-supereffective|p1b: Sinistcha|1\n|-damage|p1b: Sinistcha|27/100\n|-enditem|p1b: Sinistcha|Sitrus Berry|[eat]\n|-heal|p1b: Sinistcha|52/100|[from] item: Sitrus Berry\n|move|p1b: Sinistcha|Matcha Gotcha|p2b: \u0110\u00e0 \u0111i\u1ec3u|[spread] p2a,p2b\n|-supereffective|p2a: B\u1eafn t\u00f9m lum|1\n|-crit|p2a: B\u1eafn t\u00f9m lum\n|-damage|p2a: B\u1eafn t\u00f9m lum|39/100\n|-heal|p1b: Sinistcha|84/100|[from] drain|[of] p2a: B\u1eafn t\u00f9m lum\n|-damage|p2b: \u0110\u00e0 \u0111i\u1ec3u|42/100\n|-heal|p1b: Sinistcha|94/100|[from] drain|[of] p2b: \u0110\u00e0 \u0111i\u1ec3u\n|-status|p2a: B\u1eafn t\u00f9m lum|brn\n|-status|p2b: \u0110\u00e0 \u0111i\u1ec3u|brn\n|\n|-weather|Snowscape|[upkeep]\n|-damage|p2b: \u0110\u00e0 \u0111i\u1ec3u|36/100 brn|[from] brn\n|-damage|p2a: B\u1eafn t\u00f9m lum|33/100 brn|[from] brn\n|-ability|p2b: \u0110\u00e0 \u0111i\u1ec3u|Speed Boost|boost\n|-boost|p2b: \u0110\u00e0 \u0111i\u1ec3u|spe|1\n|upkeep\n|turn|3\n|inactive|GarboHanzo has 30 seconds left.\n|\n|t:|1776619823\n|move|p1b: Sinistcha|Rage Powder|p1b: Sinistcha\n|-singleturn|p1b: Sinistcha|move: Rage Powder\n|move|p2b: \u0110\u00e0 \u0111i\u1ec3u|Baton Pass|p2b: \u0110\u00e0 \u0111i\u1ec3u\n|\n|t:|1776619827\n|switch|p2b: C\u1ea7u V\u0129nh Tuy|Archaludon, L50, F|100/100|[from] Baton Pass\n|move|p1a: Froslass|Blizzard|p2b: C\u1ea7u V\u0129nh Tuy|[spread] p2a,p2b\n|-resisted|p2a: B\u1eafn t\u00f9m lum|1\n|-damage|p2a: B\u1eafn t\u00f9m lum|11/100 brn\n|-damage|p2b: C\u1ea7u V\u0129nh Tuy|69/100\n|-status|p2b: C\u1ea7u V\u0129nh Tuy|frz\n|-ability|p2b: C\u1ea7u V\u0129nh Tuy|Stamina|boost\n|-boost|p2b: C\u1ea7u V\u0129nh Tuy|def|1\n|move|p2a: B\u1eafn t\u00f9m lum|Ice Beam|p1b: Sinistcha\n|-supereffective|p1b: Sinistcha|1\n|-damage|p1b: Sinistcha|15/100\n|\n|-weather|Snowscape|[upkeep]\n|-heal|p2b: C\u1ea7u V\u0129nh Tuy|75/100 frz|[from] item: Leftovers\n|-damage|p2a: B\u1eafn t\u00f9m lum|5/100 brn|[from] brn\n|upkeep\n|turn|4\n|inactive|GarboHanzo has 30 seconds left.\n|inactive|GarboHanzo has 20 seconds left.\n|\n|t:|1776619862\n|cant|p2b: C\u1ea7u V\u0129nh Tuy|frz\n|move|p1a: Froslass|Blizzard|p2b: C\u1ea7u V\u0129nh Tuy|[spread] p2a,p2b\n|-resisted|p2a: B\u1eafn t\u00f9m lum|1\n|-damage|p2a: B\u1eafn t\u00f9m lum|0 fnt\n|-damage|p2b: C\u1ea7u V\u0129nh Tuy|44/100 frz\n|-ability|p2b: C\u1ea7u V\u0129nh Tuy|Stamina|boost\n|-boost|p2b: C\u1ea7u V\u0129nh Tuy|def|1\n|faint|p2a: B\u1eafn t\u00f9m lum\n|move|p1b: Sinistcha|Trick Room|p1b: Sinistcha\n|-fieldstart|move: Trick Room|[of] p1b: Sinistcha\n|\n|-weather|Snowscape|[upkeep]\n|-heal|p2b: C\u1ea7u V\u0129nh Tuy|50/100 frz|[from] item: Leftovers\n|upkeep\n|\n|t:|1776619875\n|switch|p2a: Tr\u00e0 t\u1eeb tay|Sinistcha, L50|100/100\n|-heal|p2b: C\u1ea7u V\u0129nh Tuy|75/100 frz|[from] ability: Hospitality|[of] p2a: Tr\u00e0 t\u1eeb tay\n|turn|5\n|\n|t:|1776619893\n|switch|p2a: \u0110\u00e0 \u0111i\u1ec3u|Espathra, L50, F|36/100 brn\n|move|p1b: Sinistcha|Rage Powder|p1b: Sinistcha\n|-singleturn|p1b: Sinistcha|move: Rage Powder\n|move|p1a: Froslass|Blizzard|p2a: \u0110\u00e0 \u0111i\u1ec3u|[spread] p2a,p2b\n|-damage|p2a: \u0110\u00e0 \u0111i\u1ec3u|0 fnt\n|-damage|p2b: C\u1ea7u V\u0129nh Tuy|44/100 frz\n|-ability|p2b: C\u1ea7u V\u0129nh Tuy|Stamina|boost\n|-boost|p2b: C\u1ea7u V\u0129nh Tuy|def|1\n|faint|p2a: \u0110\u00e0 \u0111i\u1ec3u\n|cant|p2b: C\u1ea7u V\u0129nh Tuy|frz\n|\n|-weather|Snowscape|[upkeep]\n|-heal|p2b: C\u1ea7u V\u0129nh Tuy|50/100 frz|[from] item: Leftovers\n|upkeep\n|\n|t:|1776619900\n|switch|p2a: Tr\u00e0 t\u1eeb tay|Sinistcha, L50|100/100\n|-heal|p2b: C\u1ea7u V\u0129nh Tuy|75/100 frz|[from] ability: Hospitality|[of] p2a: Tr\u00e0 t\u1eeb tay\n|turn|6\n|\n|t:|1776619910\n|move|p1b: Sinistcha|Rage Powder|p1b: Sinistcha\n|-singleturn|p1b: Sinistcha|move: Rage Powder\n|move|p2a: Tr\u00e0 t\u1eeb tay|Life Dew||[still]|[spread] p2a,p2b\n|-fail|p2a: Tr\u00e0 t\u1eeb tay|heal\n|-heal|p2b: C\u1ea7u V\u0129nh Tuy|99/100 frz\n|move|p1a: Froslass|Blizzard|p2b: C\u1ea7u V\u0129nh Tuy|[spread] p2a,p2b\n|-supereffective|p2a: Tr\u00e0 t\u1eeb tay|1\n|-crit|p2a: Tr\u00e0 t\u1eeb tay\n|-damage|p2a: Tr\u00e0 t\u1eeb tay|0 fnt\n|-damage|p2b: C\u1ea7u V\u0129nh Tuy|73/100 frz\n|-ability|p2b: C\u1ea7u V\u0129nh Tuy|Stamina|boost\n|-boost|p2b: C\u1ea7u V\u0129nh Tuy|def|1\n|faint|p2a: Tr\u00e0 t\u1eeb tay\n|-curestatus|p2b: C\u1ea7u V\u0129nh Tuy|frz|[msg]\n|move|p2b: C\u1ea7u V\u0129nh Tuy|Flash Cannon|p1b: Sinistcha\n|-damage|p1b: Sinistcha|0 fnt\n|faint|p1b: Sinistcha\n|\n|-weather|none\n|-heal|p2b: C\u1ea7u V\u0129nh Tuy|79/100|[from] item: Leftovers\n|upkeep\n|\n|t:|1776619929\n|switch|p1b: Palafin|Palafin-Hero, L50, M|100/100\n|-activate|p1b: Palafin|ability: Zero to Hero\n|turn|7\n|\n|t:|1776619934\n|move|p1a: Froslass|Protect|p1a: Froslass\n|-singleturn|p1a: Froslass|Protect\n|move|p2b: C\u1ea7u V\u0129nh Tuy|Protect|p2b: C\u1ea7u V\u0129nh Tuy\n|-singleturn|p2b: C\u1ea7u V\u0129nh Tuy|Protect\n|move|p1b: Palafin|Close Combat|p2b: C\u1ea7u V\u0129nh Tuy\n|-activate|p2b: C\u1ea7u V\u0129nh Tuy|move: Protect\n|\n|-heal|p2b: C\u1ea7u V\u0129nh Tuy|85/100|[from] item: Leftovers\n|upkeep\n|turn|8\n|\n|t:|1776619950\n|move|p1a: Froslass|Protect||[still]\n|-fail|p1a: Froslass\n|move|p1b: Palafin|Close Combat|p2b: C\u1ea7u V\u0129nh Tuy\n|-supereffective|p2b: C\u1ea7u V\u0129nh Tuy|1\n|-damage|p2b: C\u1ea7u V\u0129nh Tuy|57/100\n|-unboost|p1b: Palafin|def|1\n|-unboost|p1b: Palafin|spd|1\n|-ability|p2b: C\u1ea7u V\u0129nh Tuy|Stamina|boost\n|-boost|p2b: C\u1ea7u V\u0129nh Tuy|def|1\n|move|p2b: C\u1ea7u V\u0129nh Tuy|Flash Cannon|p1a: Froslass\n|-supereffective|p1a: Froslass|1\n|-damage|p1a: Froslass|0 fnt\n|faint|p1a: Froslass\n|\n|-heal|p2b: C\u1ea7u V\u0129nh Tuy|63/100|[from] item: Leftovers\n|-fieldend|move: Trick Room\n|upkeep\n|turn|9\n|\n|t:|1776619963\n|move|p2b: C\u1ea7u V\u0129nh Tuy|Dragon Pulse|p1b: Palafin\n|-damage|p1b: Palafin|0 fnt\n|faint|p1b: Palafin\n|\n|win|siunhanech\n|raw|GarboHanzo's rating: 1381 &rarr; <strong>1367</strong><br />(-14 for losing)\n|raw|siunhanech's rating: 1484 &rarr; <strong>1498</strong><br />(+14 for winning)\n|l|\u2606GarboHanzo\n|player|p1|\n",
  "uploadtime": 1776620046,
  "views": 14,
  "formatid": "gen9championsvgc2026regma",
  "rating": 1367,
  "private": 0,
  "password": null
}