{
  "id": "gen9championsvgc2026regma-2583160380",
  "format": "[Gen 9 Champions] VGC 2026 Reg M-A",
  "players": [
    "Denial0025",
    "slyvesterccd"
  ],
  "log": "|j|\u2606Denial0025\n|j|\u2606slyvesterccd\n|t:|1776149363\n|gametype|doubles\n|player|p1|Denial0025|bellelba|1089\n|player|p2|slyvesterccd|169|1096\n|gen|9\n|tier|[Gen 9 Champions] VGC 2026 Reg M-A\n|rated|\n|rule|Species Clause: Limit one of each Pok\u00e9mon\n|rule|Item Clause: Limit 1 of each item\n|clearpoke\n|poke|p1|Gallade, L50, M|\n|poke|p1|Gardevoir, L50, F|\n|poke|p1|Slowbro, L50, F|\n|poke|p1|Dragonite, L50, F|\n|poke|p1|Krookodile, L50, M|\n|poke|p1|Incineroar, L50, F|\n|poke|p2|Gyarados, L50, M|\n|poke|p2|Sinistcha, L50|\n|poke|p2|Arcanine, L50, M|\n|poke|p2|Kingambit, L50, M|\n|poke|p2|Dragapult, L50, M|\n|poke|p2|Raichu, L50, F|\n|teampreview|4\n|\n|t:|1776149406\n|teamsize|p1|4\n|teamsize|p2|4\n|start\n|switch|p1a: Slowbro|Slowbro, L50, F|100/100\n|switch|p1b: Gardevoir|Gardevoir, L50, F|100/100\n|switch|p2a: Arcanine|Arcanine, L50, M|100/100\n|switch|p2b: Kingambit|Kingambit, L50, M|100/100\n|-ability|p1b: Gardevoir|Defiant|Trace|[from] ability: Trace|[of] p2b: Kingambit\n|-ability|p2a: Arcanine|Intimidate|boost\n|-fail|p1a: Slowbro|unboost|Attack|[from] ability: Oblivious|[of] p1a: Slowbro\n|-unboost|p1b: Gardevoir|atk|1\n|-ability|p1b: Gardevoir|Defiant|boost\n|-boost|p1b: Gardevoir|atk|2\n|turn|1\n|inactive|Battle timer is ON: inactive players will automatically lose when time's up. (requested by slyvesterccd)\n|inactive|Denial0025 has 60 seconds left.\n|inactive|slyvesterccd has 60 seconds left.\n|\n|t:|1776149458\n|switch|p1a: Krookodile|Krookodile, L50, M|100/100\n|-ability|p1a: Krookodile|Intimidate|boost\n|-unboost|p2a: Arcanine|atk|1\n|-unboost|p2b: Kingambit|atk|1\n|-ability|p2b: Kingambit|Defiant|boost\n|-boost|p2b: Kingambit|atk|2\n|move|p1b: Gardevoir|Protect|p1b: Gardevoir\n|-singleturn|p1b: Gardevoir|Protect\n|move|p2a: Arcanine|Flare Blitz|p1b: Gardevoir\n|-activate|p1b: Gardevoir|move: Protect\n|move|p2b: Kingambit|Kowtow Cleave|p1a: Krookodile\n|-resisted|p1a: Krookodile|1\n|-damage|p1a: Krookodile|42/100\n|\n|upkeep\n|turn|2\n|\n|t:|1776149478\n|switch|p1b: Incineroar|Incineroar, L50, F|100/100\n|-ability|p1b: Incineroar|Intimidate|boost\n|-unboost|p2a: Arcanine|atk|1\n|-unboost|p2b: Kingambit|atk|1\n|-ability|p2b: Kingambit|Defiant|boost\n|-boost|p2b: Kingambit|atk|2\n|move|p2b: Kingambit|Protect|p2b: Kingambit\n|-singleturn|p2b: Kingambit|Protect\n|move|p2a: Arcanine|Extreme Speed|p1a: Krookodile\n|-damage|p1a: Krookodile|28/100\n|move|p1a: Krookodile|Foul Play|p2b: Kingambit\n|-activate|p2b: Kingambit|move: Protect\n|\n|upkeep\n|turn|3\n|inactive|Denial0025 has 30 seconds left.\n|\n|t:|1776149503\n|move|p1b: Incineroar|Fake Out|p2b: Kingambit\n|-resisted|p2b: Kingambit|1\n|-damage|p2b: Kingambit|97/100\n|cant|p2b: Kingambit|flinch\n|move|p1a: Krookodile|Foul Play|p2b: Kingambit\n|-resisted|p2b: Kingambit|1\n|-damage|p2b: Kingambit|57/100\n|move|p2a: Arcanine|Will-O-Wisp|p1a: Krookodile\n|-status|p1a: Krookodile|brn\n|\n|-damage|p1a: Krookodile|22/100 brn|[from] brn\n|upkeep\n|turn|4\n|inactive|slyvesterccd has 30 seconds left.\n|\n|t:|1776149530\n|move|p2a: Arcanine|Extreme Speed|p1a: Krookodile\n|-damage|p1a: Krookodile|8/100 brn\n|move|p2b: Kingambit|Sucker Punch|p1b: Incineroar\n|-resisted|p1b: Incineroar|1\n|-damage|p1b: Incineroar|62/100\n|move|p1a: Krookodile|Knock Off|p2b: Kingambit\n|-resisted|p2b: Kingambit|1\n|-damage|p2b: Kingambit|49/100\n|-enditem|p2b: Kingambit|Black Glasses|[from] move: Knock Off|[of] p1a: Krookodile\n|move|p1b: Incineroar|Flare Blitz|p2b: Kingambit\n|-supereffective|p2b: Kingambit|1\n|-damage|p2b: Kingambit|0 fnt\n|faint|p2b: Kingambit\n|-damage|p1b: Incineroar|46/100|[from] Recoil\n|\n|-damage|p1a: Krookodile|2/100 brn|[from] brn\n|upkeep\n|\n|t:|1776149539\n|switch|p2b: Gyarados|Gyarados, L50, M, shiny|100/100\n|-ability|p2b: Gyarados|Intimidate|boost\n|-unboost|p1a: Krookodile|atk|1\n|-unboost|p1b: Incineroar|atk|1\n|turn|5\n|\n|t:|1776149550\n|detailschange|p2b: Gyarados|Gyarados-Mega, L50, M, shiny\n|-mega|p2b: Gyarados|Gyarados|Gyaradosite\n|-ability|p2b: Gyarados|Mold Breaker\n|move|p2a: Arcanine|Extreme Speed|p1a: Krookodile\n|-damage|p1a: Krookodile|0 fnt\n|faint|p1a: Krookodile\n|move|p2b: Gyarados|Dragon Dance|p2b: Gyarados\n|-boost|p2b: Gyarados|atk|1\n|-boost|p2b: Gyarados|spe|1\n|move|p1b: Incineroar|Parting Shot|p2b: Gyarados\n|-unboost|p2b: Gyarados|atk|1\n|-unboost|p2b: Gyarados|spa|1\n|\n|t:|1776149565\n|switch|p1b: Gardevoir|Gardevoir, L50, F|100/100|[from] Parting Shot\n|-ability|p1b: Gardevoir|Intimidate|Trace|[from] ability: Trace|[of] p2a: Arcanine\n|-ability|p1b: Gardevoir|Intimidate|boost\n|-unboost|p2a: Arcanine|atk|1\n|-unboost|p2b: Gyarados|atk|1\n|\n|upkeep\n|\n|t:|1776149574\n|switch|p1a: Slowbro|Slowbro, L50, F|100/100\n|turn|6\n|inactive|Denial0025 has 30 seconds left.\n|\n|t:|1776149602\n|switch|p2a: Sinistcha|Sinistcha, L50|100/100\n|detailschange|p1b: Gardevoir|Gardevoir-Mega, L50, F\n|-mega|p1b: Gardevoir|Gardevoir|Gardevoirite\n|move|p2b: Gyarados|Protect|p2b: Gyarados\n|-singleturn|p2b: Gyarados|Protect\n|move|p1a: Slowbro|Psychic Terrain|p1a: Slowbro\n|-fieldstart|move: Psychic Terrain\n|move|p1b: Gardevoir|Trick Room|p1b: Gardevoir\n|-fieldstart|move: Trick Room|[of] p1b: Gardevoir\n|\n|upkeep\n|turn|7\n|inactive|Denial0025 has 30 seconds left.\n|\n|t:|1776149628\n|move|p2a: Sinistcha|Rage Powder|p2a: Sinistcha\n|-singleturn|p2a: Sinistcha|move: Rage Powder\n|move|p1a: Slowbro|Imprison|p1a: Slowbro\n|-start|p1a: Slowbro|move: Imprison\n|move|p1b: Gardevoir|Hyper Voice|p2b: Gyarados|[spread] p2a,p2b\n|-supereffective|p2b: Gyarados|1\n|-damage|p2a: Sinistcha|49/100\n|-damage|p2b: Gyarados|12/100\n|move|p2b: Gyarados|Waterfall|p1b: Gardevoir\n|-damage|p1b: Gardevoir|41/100\n|\n|-heal|p2a: Sinistcha|55/100|[from] item: Leftovers\n|upkeep\n|turn|8\n|inactive|Denial0025 has 30 seconds left.\n|inactive|slyvesterccd has 30 seconds left.\n|\n|t:|1776149663\n|switch|p2b: Arcanine|Arcanine, L50, M|100/100\n|-ability|p2b: Arcanine|Intimidate|boost\n|-fail|p1a: Slowbro|unboost|Attack|[from] ability: Oblivious|[of] p1a: Slowbro\n|-unboost|p1b: Gardevoir|atk|1\n|move|p1a: Slowbro|Protect|p1a: Slowbro\n|-singleturn|p1a: Slowbro|Protect\n|move|p1b: Gardevoir|Protect|p1b: Gardevoir\n|-singleturn|p1b: Gardevoir|Protect\n|move|p2a: Sinistcha|Matcha Gotcha|p1b: Gardevoir|[spread] \n|-activate|p1a: Slowbro|move: Protect\n|-activate|p1b: Gardevoir|move: Protect\n|\n|-heal|p2a: Sinistcha|61/100|[from] item: Leftovers\n|upkeep\n|turn|9\n|inactive|slyvesterccd has 30 seconds left.\n|\n|t:|1776149693\n|move|p1a: Slowbro|Disable|p2a: Sinistcha\n|-start|p2a: Sinistcha|Disable|Matcha Gotcha\n|cant|p2a: Sinistcha|Disable|Matcha Gotcha\n|move|p2b: Arcanine|Flare Blitz|p1b: Gardevoir\n|-damage|p1b: Gardevoir|0 fnt\n|faint|p1b: Gardevoir\n|-damage|p2b: Arcanine|91/100|[from] Recoil\n|\n|-heal|p2a: Sinistcha|67/100|[from] item: Leftovers\n|upkeep\n|\n|t:|1776149706\n|switch|p1b: Incineroar|Incineroar, L50, F|46/100\n|-ability|p1b: Incineroar|Intimidate|boost\n|-unboost|p2a: Sinistcha|atk|1\n|-unboost|p2b: Arcanine|atk|1\n|turn|10\n|inactive|Denial0025 has 30 seconds left.\n|\n|t:|1776149736\n|move|p1a: Slowbro|Disable|p2b: Arcanine\n|-start|p2b: Arcanine|Disable|Flare Blitz\n|move|p1b: Incineroar|Darkest Lariat|p2b: Arcanine\n|-damage|p2b: Arcanine|56/100\n|cant|p2b: Arcanine|Disable|Flare Blitz\n|move|p2a: Sinistcha|Trick Room|p2a: Sinistcha\n|-fieldend|move: Trick Room\n|\n|-heal|p2a: Sinistcha|73/100|[from] item: Leftovers\n|-fieldend|move: Psychic Terrain\n|upkeep\n|turn|11\n|\n|t:|1776149756\n|switch|p2b: Gyarados|Gyarados-Mega, L50, M, shiny|12/100\n|-ability|p2b: Gyarados|Mold Breaker\n|move|p2a: Sinistcha|Life Dew|p2a: Sinistcha|[spread] p2a,p2b\n|-heal|p2a: Sinistcha|98/100\n|-heal|p2b: Gyarados|38/100\n|move|p1b: Incineroar|Darkest Lariat|p2b: Gyarados\n|-resisted|p2b: Gyarados|1\n|-damage|p2b: Gyarados|21/100\n|move|p1a: Slowbro|Psychic Terrain|p1a: Slowbro\n|-fieldstart|move: Psychic Terrain\n|\n|-heal|p2a: Sinistcha|100/100|[from] item: Leftovers\n|upkeep\n|turn|12\n|inactive|Denial0025 has 30 seconds left.\n|\n|t:|1776149791\n|move|p2b: Gyarados|Waterfall|p1b: Incineroar\n|-supereffective|p1b: Incineroar|1\n|-damage|p1b: Incineroar|0 fnt\n|faint|p1b: Incineroar\n|move|p2a: Sinistcha|Life Dew||[still]|[spread] p2a,p2b\n|-fail|p2a: Sinistcha|heal\n|-heal|p2b: Gyarados|46/100\n|move|p1a: Slowbro|Disable||[still]\n|-fail|p1a: Slowbro\n|\n|-end|p2a: Sinistcha|Disable\n|upkeep\n|turn|13\n|-message|Denial0025 forfeited.\n|\n|win|slyvesterccd\n|raw|Denial0025's rating: 1089 &rarr; <strong>1066</strong><br />(-23 for losing)\n|raw|slyvesterccd's rating: 1096 &rarr; <strong>1121</strong><br />(+25 for winning)\n|l|\u2606Denial0025\n|player|p1|\n",
  "uploadtime": 1776149804,
  "views": 18,
  "formatid": "gen9championsvgc2026regma",
  "rating": 1066,
  "private": 0,
  "password": null
}