{
  "id": "gen9championsvgc2026regma-2586239091",
  "format": "[Gen 9 Champions] VGC 2026 Reg M-A",
  "players": [
    "AVATAROSENTAI",
    "Isidino"
  ],
  "log": "|j|\u2606AVATAROSENTAI\n|j|\u2606Isidino\n|t:|1776416067\n|gametype|doubles\n|player|p1|AVATAROSENTAI|lusamine-nihilego|1167\n|player|p2|Isidino|170|1241\n|gen|9\n|tier|[Gen 9 Champions] VGC 2026 Reg M-A\n|rated|\n|rule|Species Clause: Limit one of each Pok\u00e9mon\n|rule|Item Clause: Limit 1 of each item\n|clearpoke\n|poke|p1|Excadrill, L50, F|\n|poke|p1|Tyranitar, L50, M|\n|poke|p1|Garchomp, L50, F|\n|poke|p1|Corviknight, L50, F|\n|poke|p1|Gyarados, L50, M|\n|poke|p1|Sinistcha, L50|\n|poke|p2|Pelipper, L50, M|\n|poke|p2|Basculegion-F, L50, F|\n|poke|p2|Starmie, L50|\n|poke|p2|Sneasler, L50, M|\n|poke|p2|Sableye, L50, M|\n|poke|p2|Dragapult, L50, M|\n|teampreview|4\n|inactive|Battle timer is ON: inactive players will automatically lose when time's up. (requested by Isidino)\n|inactive|Isidino has 60 seconds left.\n|\n|t:|1776416103\n|teamsize|p1|4\n|teamsize|p2|4\n|start\n|switch|p1a: Gyarados|Gyarados, L50, M|100/100\n|switch|p1b: Excadrill|Excadrill, L50, F|100/100\n|switch|p2a: Sableye|Sableye, L50, M, shiny|100/100\n|switch|p2b: Basculegion|Basculegion-F, L50, F, shiny|100/100\n|-ability|p1a: Gyarados|Intimidate|boost\n|-unboost|p2a: Sableye|atk|1\n|-unboost|p2b: Basculegion|atk|1\n|turn|1\n|\n|t:|1776416123\n|move|p1b: Excadrill|Protect|p1b: Excadrill\n|-singleturn|p1b: Excadrill|Protect\n|move|p2a: Sableye|Rain Dance|p2a: Sableye\n|-weather|RainDance\n|move|p2b: Basculegion|Muddy Water|p1b: Excadrill|[spread] p1a\n|-activate|p1b: Excadrill|move: Protect\n|-resisted|p1a: Gyarados|1\n|-damage|p1a: Gyarados|73/100\n|-unboost|p1a: Gyarados|accuracy|1\n|move|p1a: Gyarados|Thunder Wave|p2b: Basculegion|[miss]\n|-miss|p1a: Gyarados|p2b: Basculegion\n|\n|-weather|RainDance|[upkeep]\n|upkeep\n|turn|2\n|\n|t:|1776416143\n|switch|p1b: Sinistcha|Sinistcha, L50|100/100\n|-heal|p1a: Gyarados|98/100|[from] ability: Hospitality|[of] p1b: Sinistcha\n|move|p2a: Sableye|Rain Dance||[still]\n|-fail|p2a: Sableye\n|move|p2b: Basculegion|Muddy Water|p1b: Sinistcha|[spread] p1a,p1b\n|-resisted|p1a: Gyarados|1\n|-resisted|p1b: Sinistcha|1\n|-damage|p1a: Gyarados|70/100\n|-damage|p1b: Sinistcha|66/100\n|move|p1a: Gyarados|Thunder Wave|p2b: Basculegion\n|-status|p2b: Basculegion|par\n|\n|-weather|RainDance|[upkeep]\n|upkeep\n|turn|3\n|\n|t:|1776416163\n|move|p2b: Basculegion|Shadow Ball|p1b: Sinistcha\n|-supereffective|p1b: Sinistcha|1\n|-damage|p1b: Sinistcha|0 fnt\n|faint|p1b: Sinistcha\n|move|p1a: Gyarados|Power Whip|p2b: Basculegion\n|-supereffective|p2b: Basculegion|1\n|-damage|p2b: Basculegion|0 fnt\n|faint|p2b: Basculegion\n|move|p2a: Sableye|Night Shade|p1a: Gyarados\n|-damage|p1a: Gyarados|44/100\n|\n|-weather|RainDance|[upkeep]\n|upkeep\n|\n|t:|1776416175\n|switch|p2b: Dragapult|Dragapult, L50, M, shiny|100/100\n|switch|p1b: Tyranitar|Tyranitar, L50, M|100/100\n|-weather|Sandstorm|[from] ability: Sand Stream|[of] p1b: Tyranitar\n|turn|4\n|inactive|AVATAROSENTAI has 30 seconds left.\n|\n|t:|1776416202\n|detailschange|p1b: Tyranitar|Tyranitar-Mega, L50, M\n|-mega|p1b: Tyranitar|Tyranitar|Tyranitarite\n|move|p2a: Sableye|Rain Dance|p2a: Sableye\n|-weather|RainDance\n|move|p2b: Dragapult|Draco Meteor|p1b: Tyranitar\n|-damage|p1b: Tyranitar|55/100\n|-unboost|p2b: Dragapult|spa|2\n|move|p1a: Gyarados|Thunder Wave|p2a: Sableye\n|-status|p2a: Sableye|par\n|move|p1b: Tyranitar|Dragon Dance|p1b: Tyranitar\n|-boost|p1b: Tyranitar|atk|1\n|-boost|p1b: Tyranitar|spe|1\n|\n|-weather|RainDance|[upkeep]\n|upkeep\n|turn|5\n|\n|t:|1776416225\n|move|p2a: Sableye|Encore|p1a: Gyarados\n|-start|p1a: Gyarados|Encore\n|move|p2b: Dragapult|Draco Meteor|p1b: Tyranitar|[miss]\n|-miss|p2b: Dragapult|p1b: Tyranitar\n|move|p1b: Tyranitar|Knock Off|p2b: Dragapult\n|-supereffective|p2b: Dragapult|1\n|-damage|p2b: Dragapult|0 fnt\n|-enditem|p2b: Dragapult|Choice Scarf|[from] move: Knock Off|[of] p1b: Tyranitar\n|faint|p2b: Dragapult\n|move|p1a: Gyarados|Thunder Wave|p2a: Sableye|[miss]\n|-miss|p1a: Gyarados|p2a: Sableye\n|\n|-weather|RainDance|[upkeep]\n|upkeep\n|\n|t:|1776416230\n|switch|p2b: Starmie|Starmie, L50, shiny|100/100\n|turn|6\n|\n|t:|1776416245\n|switch|p1b: Excadrill|Excadrill, L50, F|100/100\n|detailschange|p2b: Starmie|Starmie-Mega, L50, shiny\n|-mega|p2b: Starmie|Starmie|Starminite\n|move|p2b: Starmie|Aqua Jet|p1b: Excadrill\n|-supereffective|p1b: Excadrill|1\n|-enditem|p1b: Excadrill|Focus Sash\n|-damage|p1b: Excadrill|1/100\n|cant|p2a: Sableye|par\n|move|p1a: Gyarados|Thunder Wave|p2a: Sableye|[miss]\n|-miss|p1a: Gyarados|p2a: Sableye\n|\n|-weather|RainDance|[upkeep]\n|upkeep\n|turn|7\n|\n|t:|1776416260\n|switch|p1a: Tyranitar|Tyranitar-Mega, L50, M|55/100\n|-weather|Sandstorm|[from] ability: Sand Stream|[of] p1a: Tyranitar\n|move|p2a: Sableye|Rain Dance|p2a: Sableye\n|-weather|RainDance\n|move|p2b: Starmie|Liquidation|p1a: Tyranitar\n|-supereffective|p1a: Tyranitar|1\n|-damage|p1a: Tyranitar|0 fnt\n|faint|p1a: Tyranitar\n|move|p1b: Excadrill|Iron Head|p2b: Starmie\n|-resisted|p2b: Starmie|1\n|-damage|p2b: Starmie|78/100\n|\n|-weather|RainDance|[upkeep]\n|upkeep\n|-message|AVATAROSENTAI forfeited.\n|\n|win|Isidino\n|raw|AVATAROSENTAI's rating: 1167 &rarr; <strong>1147</strong><br />(-20 for losing)\n|raw|Isidino's rating: 1241 &rarr; <strong>1261</strong><br />(+20 for winning)\n|l|\u2606AVATAROSENTAI\n|player|p1|\n",
  "uploadtime": 1776416273,
  "views": 23,
  "formatid": "gen9championsvgc2026regma",
  "rating": 1147,
  "private": 0,
  "password": null
}