{
  "id": "gen9championsvgc2026regma-2582672877",
  "format": "[Gen 9 Champions] VGC 2026 Reg M-A",
  "players": [
    "Yenkfoggin",
    "Whitt8237"
  ],
  "log": "|j|\u2606Yenkfoggin\n|j|\u2606Whitt8237\n|t:|1776106382\n|gametype|doubles\n|player|p1|Yenkfoggin|102|1051\n|player|p2|Whitt8237|nate|1078\n|gen|9\n|tier|[Gen 9 Champions] VGC 2026 Reg M-A\n|rated|\n|rule|Species Clause: Limit one of each Pok\u00e9mon\n|rule|Item Clause: Limit 1 of each item\n|clearpoke\n|poke|p1|Kingambit, L50, M|\n|poke|p1|Garganacl, L50, F|\n|poke|p1|Farigiraf, L50, F|\n|poke|p1|Sinistcha, L50|\n|poke|p1|Torkoal, L50, M|\n|poke|p1|Heracross, L50, M|\n|poke|p2|Basculegion, L50, M|\n|poke|p2|Glimmora, L50, M|\n|poke|p2|Dragapult, L50, M|\n|poke|p2|Whimsicott, L50, F|\n|poke|p2|Maushold-Four, L50|\n|poke|p2|Mimikyu, L50, M|\n|teampreview|4\n|\n|t:|1776106406\n|teamsize|p1|4\n|teamsize|p2|4\n|start\n|switch|p1a: Nara|Sinistcha, L50|100/100\n|switch|p1b: Jeffrey|Farigiraf, L50, F|100/100\n|switch|p2a: Caeruleo|Glimmora, L50, M|100/100\n|switch|p2b: El Criaturo|Mimikyu, L50, M|100/100\n|turn|1\n|\n|t:|1776106429\n|detailschange|p2a: Caeruleo|Glimmora-Mega, L50, M\n|-mega|p2a: Caeruleo|Glimmora|Glimmoranite\n|move|p1a: Nara|Rage Powder|p1a: Nara\n|-singleturn|p1a: Nara|move: Rage Powder\n|move|p2a: Caeruleo|Sludge Bomb|p1a: Nara\n|-damage|p1a: Nara|32/100\n|-enditem|p1a: Nara|Sitrus Berry|[eat]\n|-heal|p1a: Nara|57/100|[from] item: Sitrus Berry\n|move|p2b: El Criaturo|Trick Room|p2b: El Criaturo\n|-fieldstart|move: Trick Room|[of] p2b: El Criaturo\n|move|p1b: Jeffrey|Trick Room|p1b: Jeffrey\n|-fieldend|move: Trick Room\n|\n|upkeep\n|turn|2\n|\n|t:|1776106453\n|switch|p1a: Mayan|Garganacl, L50, F|100/100\n|switch|p1b: Magnus|Kingambit, L50, M|100/100\n|move|p2a: Caeruleo|Sludge Bomb|p1a: Mayan\n|-resisted|p1a: Mayan|1\n|-damage|p1a: Mayan|74/100\n|move|p2b: El Criaturo|Swords Dance|p2b: El Criaturo\n|-boost|p2b: El Criaturo|atk|2\n|\n|-heal|p1a: Mayan|80/100|[from] item: Leftovers\n|upkeep\n|turn|3\n|\n|t:|1776106495\n|move|p2a: Caeruleo|Earth Power|p1b: Magnus\n|-supereffective|p1b: Magnus|1\n|-damage|p1b: Magnus|37/100\n|move|p2b: El Criaturo|Swords Dance|p2b: El Criaturo\n|-boost|p2b: El Criaturo|atk|2\n|move|p1b: Magnus|Swords Dance|p1b: Magnus\n|-boost|p1b: Magnus|atk|2\n|move|p1a: Mayan|Stealth Rock|p2b: El Criaturo\n|-sidestart|p2: Whitt8237|move: Stealth Rock\n|\n|-heal|p1a: Mayan|86/100|[from] item: Leftovers\n|upkeep\n|turn|4\n|\n|t:|1776106527\n|move|p2a: Caeruleo|Spiky Shield|p2a: Caeruleo\n|-singleturn|p2a: Caeruleo|move: Protect\n|move|p2b: El Criaturo|Play Rough|p1b: Magnus\n|-damage|p1b: Magnus|0 fnt\n|faint|p1b: Magnus\n|move|p1a: Mayan|Salt Cure|p2b: El Criaturo\n|-activate|p2b: El Criaturo|ability: Disguise\n|-damage|p2b: El Criaturo|100/100\n|-start|p2b: El Criaturo|Salt Cure\n|detailschange|p2b: El Criaturo|Mimikyu-Busted, L50, M\n|-damage|p2b: El Criaturo|88/100|[from] pokemon: Mimikyu-Busted\n|\n|-heal|p1a: Mayan|92/100|[from] item: Leftovers\n|-damage|p2b: El Criaturo|82/100|[from] Salt Cure\n|upkeep\n|\n|t:|1776106543\n|switch|p1b: Jeffrey|Farigiraf, L50, F|100/100\n|turn|5\n|\n|t:|1776106558\n|move|p1b: Jeffrey|Protect|p1b: Jeffrey\n|-singleturn|p1b: Jeffrey|Protect\n|move|p2a: Caeruleo|Power Gem|p1b: Jeffrey\n|-activate|p1b: Jeffrey|move: Protect\n|move|p2b: El Criaturo|Play Rough|p1b: Jeffrey\n|-activate|p1b: Jeffrey|move: Protect\n|move|p1a: Mayan|Salt Cure|p2a: Caeruleo\n|-damage|p2a: Caeruleo|85/100\n|-start|p2a: Caeruleo|Salt Cure\n|\n|-heal|p1a: Mayan|98/100|[from] item: Leftovers\n|-damage|p2a: Caeruleo|79/100|[from] Salt Cure\n|-damage|p2b: El Criaturo|76/100|[from] Salt Cure\n|upkeep\n|turn|6\n|\n|t:|1776106604\n|switch|p1a: Nara|Sinistcha, L50|57/100\n|move|p2a: Caeruleo|Power Gem|p1b: Jeffrey\n|-damage|p1b: Jeffrey|49/100\n|move|p2b: El Criaturo|Play Rough|p1b: Jeffrey\n|-damage|p1b: Jeffrey|0 fnt\n|faint|p1b: Jeffrey\n|\n|-damage|p2a: Caeruleo|73/100|[from] Salt Cure\n|-damage|p2b: El Criaturo|70/100|[from] Salt Cure\n|upkeep\n|\n|t:|1776106614\n|switch|p1b: Mayan|Garganacl, L50, F|98/100\n|turn|7\n|\n|t:|1776106634\n|move|p1a: Nara|Protect|p1a: Nara\n|-singleturn|p1a: Nara|Protect\n|move|p2a: Caeruleo|Sludge Bomb|p1a: Nara\n|-activate|p1a: Nara|move: Protect\n|move|p2b: El Criaturo|Play Rough|p1b: Mayan|[miss]\n|-miss|p2b: El Criaturo|p1b: Mayan\n|move|p1b: Mayan|Salt Cure|p2a: Caeruleo\n|-damage|p2a: Caeruleo|57/100\n|\n|-heal|p1b: Mayan|100/100|[from] item: Leftovers\n|-damage|p2a: Caeruleo|51/100|[from] Salt Cure\n|-damage|p2b: El Criaturo|64/100|[from] Salt Cure\n|upkeep\n|turn|8\n|\n|t:|1776106655\n|move|p1b: Mayan|Protect|p1b: Mayan\n|-singleturn|p1b: Mayan|Protect\n|move|p2a: Caeruleo|Sludge Bomb|p1a: Nara\n|-damage|p1a: Nara|0 fnt\n|faint|p1a: Nara\n|move|p2b: El Criaturo|Play Rough|p1b: Mayan\n|-activate|p1b: Mayan|move: Protect\n|\n|-damage|p2a: Caeruleo|45/100|[from] Salt Cure\n|-damage|p2b: El Criaturo|58/100|[from] Salt Cure\n|upkeep\n|turn|9\n|\n|t:|1776106670\n|move|p2a: Caeruleo|Earth Power|p1b: Mayan\n|-supereffective|p1b: Mayan|1\n|-damage|p1b: Mayan|46/100\n|move|p2b: El Criaturo|Play Rough|p1b: Mayan\n|-damage|p1b: Mayan|0 fnt\n|faint|p1b: Mayan\n|\n|win|Whitt8237\n|raw|Yenkfoggin's rating: 1051 &rarr; <strong>1035</strong><br />(-16 for losing)\n|raw|Whitt8237's rating: 1078 &rarr; <strong>1104</strong><br />(+26 for winning)\n|l|\u2606Yenkfoggin\n|player|p1|\n",
  "uploadtime": 1776106703,
  "views": 17,
  "formatid": "gen9championsvgc2026regma",
  "rating": 1035,
  "private": 0,
  "password": null
}