{
  "id": "gen9championsvgc2026regma-2583751376",
  "format": "[Gen 9 Champions] VGC 2026 Reg M-A",
  "players": [
    "Holibrand",
    "k0r3y!"
  ],
  "log": "|j|\u2606Holibrand\n|j|\u2606k0r3y!\n|t:|1776195231\n|gametype|doubles\n|player|p1|Holibrand|pokemonbreeder-gen4|1084\n|player|p2|k0r3y!|lady|1083\n|gen|9\n|tier|[Gen 9 Champions] VGC 2026 Reg M-A\n|rated|\n|rule|Species Clause: Limit one of each Pok\u00e9mon\n|rule|Item Clause: Limit 1 of each item\n|clearpoke\n|poke|p1|Gyarados, L50, M|\n|poke|p1|Rotom-Fan, L50|\n|poke|p1|Sinistcha, L50|\n|poke|p1|Incineroar, L50, M|\n|poke|p1|Excadrill, L50, F|\n|poke|p1|Sneasler, L50, F|\n|poke|p2|Meganium, L50, F|\n|poke|p2|Pelipper, L50, F|\n|poke|p2|Raichu, L50, M|\n|poke|p2|Archaludon, L50, M|\n|poke|p2|Basculegion, L50, M|\n|poke|p2|Aegislash, L50, M|\n|teampreview|4\n|inactive|Battle timer is ON: inactive players will automatically lose when time's up. (requested by Holibrand)\n|inactive|Holibrand has 60 seconds left.\n|inactive|k0r3y! has 60 seconds left.\n|inactive|k0r3y! has 30 seconds left.\n|inactive|k0r3y! has 20 seconds left.\n|inactive|k0r3y! has 15 seconds left.\n|inactive|k0r3y! has 10 seconds left.\n|inactive|k0r3y! has 5 seconds left.\n|\n|t:|1776195324\n|teamsize|p1|4\n|teamsize|p2|4\n|start\n|switch|p1a: Gyarados|Gyarados, L50, M|100/100\n|switch|p1b: Sneasler|Sneasler, L50, F|100/100\n|switch|p2a: toilet birb|Pelipper, L50, F, shiny|100/100\n|switch|p2b: THE RAI|Raichu, L50, M, shiny|100/100\n|-ability|p1a: Gyarados|Intimidate|boost\n|-unboost|p2a: toilet birb|atk|1\n|-unboost|p2b: THE RAI|atk|1\n|-weather|RainDance|[from] ability: Drizzle|[of] p2a: toilet birb\n|turn|1\n|inactive|k0r3y! has 30 seconds left.\n|\n|t:|1776195353\n|detailschange|p1a: Gyarados|Gyarados-Mega, L50, M\n|-mega|p1a: Gyarados|Gyarados|Gyaradosite\n|-ability|p1a: Gyarados|Mold Breaker\n|move|p1b: Sneasler|Fake Out|p2a: toilet birb\n|-damage|p2a: toilet birb|86/100\n|move|p2b: THE RAI|Fake Out|p1b: Sneasler\n|-damage|p1b: Sneasler|91/100\n|move|p1a: Gyarados|Dragon Dance|p1a: Gyarados\n|-boost|p1a: Gyarados|atk|1\n|-boost|p1a: Gyarados|spe|1\n|cant|p2a: toilet birb|flinch\n|\n|-weather|RainDance|[upkeep]\n|upkeep\n|turn|2\n|inactive|Holibrand has 30 seconds left.\n|\n|t:|1776195382\n|move|p2b: THE RAI|Protect|p2b: THE RAI\n|-singleturn|p2b: THE RAI|Protect\n|move|p1a: Gyarados|Crunch|p2a: toilet birb\n|-damage|p2a: toilet birb|24/100\n|-enditem|p2a: toilet birb|Sitrus Berry|[eat]\n|-heal|p2a: toilet birb|49/100|[from] item: Sitrus Berry\n|move|p1b: Sneasler|Dire Claw|p2a: toilet birb\n|-damage|p2a: toilet birb|9/100\n|move|p2a: toilet birb|Tailwind|p2a: toilet birb\n|-sidestart|p2: k0r3y!|move: Tailwind\n|\n|-weather|RainDance|[upkeep]\n|upkeep\n|turn|3\n|inactive|Holibrand has 30 seconds left.\n|\n|t:|1776195408\n|switch|p1b: Incineroar|Incineroar, L50, M|100/100\n|-ability|p1b: Incineroar|Intimidate|boost\n|-unboost|p2a: toilet birb|atk|1\n|-unboost|p2b: THE RAI|atk|1\n|move|p2b: THE RAI|Thunder|p1a: Gyarados\n|-supereffective|p1a: Gyarados|1\n|-damage|p1a: Gyarados|48/100\n|move|p2a: toilet birb|Hurricane|p1b: Incineroar\n|-damage|p1b: Incineroar|71/100\n|move|p1a: Gyarados|Waterfall|p2b: THE RAI\n|-enditem|p2b: THE RAI|Focus Sash\n|-damage|p2b: THE RAI|1/100\n|\n|-weather|RainDance|[upkeep]\n|upkeep\n|turn|4\n|\n|t:|1776195426\n|move|p2b: THE RAI|Protect|p2b: THE RAI\n|-singleturn|p2b: THE RAI|Protect\n|move|p1b: Incineroar|Fake Out|p2b: THE RAI\n|-activate|p2b: THE RAI|move: Protect\n|move|p2a: toilet birb|Weather Ball|p1b: Incineroar\n|-supereffective|p1b: Incineroar|1\n|-damage|p1b: Incineroar|0 fnt\n|faint|p1b: Incineroar\n|move|p1a: Gyarados|Dragon Dance|p1a: Gyarados\n|-boost|p1a: Gyarados|atk|1\n|-boost|p1a: Gyarados|spe|1\n|\n|-weather|RainDance|[upkeep]\n|upkeep\n|\n|t:|1776195437\n|switch|p1b: Sinistcha|Sinistcha, L50|100/100\n|-heal|p1a: Gyarados|73/100|[from] ability: Hospitality|[of] p1b: Sinistcha\n|turn|5\n|\n|t:|1776195447\n|move|p1b: Sinistcha|Rage Powder|p1b: Sinistcha\n|-singleturn|p1b: Sinistcha|move: Rage Powder\n|move|p2b: THE RAI|Thunder|p1b: Sinistcha\n|-resisted|p1b: Sinistcha|1\n|-damage|p1b: Sinistcha|82/100\n|move|p1a: Gyarados|Waterfall|p2a: toilet birb\n|-resisted|p2a: toilet birb|1\n|-damage|p2a: toilet birb|0 fnt\n|faint|p2a: toilet birb\n|\n|-weather|none\n|-sideend|p2: k0r3y!|move: Tailwind\n|upkeep\n|\n|t:|1776195465\n|switch|p2a: bdy prs removed \ud83d\ude2d|Archaludon, L50, M|100/100\n|turn|6\n|inactive|k0r3y! has 30 seconds left.\n|\n|t:|1776195500\n|move|p1a: Gyarados|Dragon Dance|p1a: Gyarados\n|-boost|p1a: Gyarados|atk|1\n|-boost|p1a: Gyarados|spe|1\n|move|p2b: THE RAI|Thunder|p1b: Sinistcha\n|-resisted|p1b: Sinistcha|1\n|-damage|p1b: Sinistcha|62/100\n|move|p2a: bdy prs removed \ud83d\ude2d|Draco Meteor|p1a: Gyarados\n|-damage|p1a: Gyarados|29/100\n|-unboost|p2a: bdy prs removed \ud83d\ude2d|spa|2\n|move|p1b: Sinistcha|Shadow Ball|p2b: THE RAI\n|-damage|p2b: THE RAI|0 fnt\n|faint|p2b: THE RAI\n|\n|upkeep\n|\n|t:|1776195510\n|switch|p2b: calyrex-s wannabe|Basculegion, L50, M, shiny|100/100\n|turn|7\n|\n|t:|1776195519\n|switch|p1b: Sneasler|Sneasler, L50, F|91/100\n|move|p1a: Gyarados|Protect|p1a: Gyarados\n|-singleturn|p1a: Gyarados|Protect\n|move|p2b: calyrex-s wannabe|Last Respects|p1a: Gyarados\n|-activate|p1a: Gyarados|move: Protect\n|move|p2a: bdy prs removed \ud83d\ude2d|Draco Meteor|p1a: Gyarados\n|-activate|p1a: Gyarados|move: Protect\n|\n|upkeep\n|turn|8\n|\n|t:|1776195535\n|move|p1a: Gyarados|Crunch|p2b: calyrex-s wannabe\n|-supereffective|p2b: calyrex-s wannabe|1\n|-damage|p2b: calyrex-s wannabe|0 fnt\n|faint|p2b: calyrex-s wannabe\n|move|p1b: Sneasler|Close Combat|p2a: bdy prs removed \ud83d\ude2d\n|-supereffective|p2a: bdy prs removed \ud83d\ude2d|1\n|-damage|p2a: bdy prs removed \ud83d\ude2d|24/100\n|-unboost|p1b: Sneasler|def|1\n|-unboost|p1b: Sneasler|spd|1\n|-ability|p2a: bdy prs removed \ud83d\ude2d|Stamina|boost\n|-boost|p2a: bdy prs removed \ud83d\ude2d|def|1\n|move|p2a: bdy prs removed \ud83d\ude2d|Draco Meteor|p1a: Gyarados\n|-damage|p1a: Gyarados|4/100\n|-unboost|p2a: bdy prs removed \ud83d\ude2d|spa|2\n|\n|-heal|p2a: bdy prs removed \ud83d\ude2d|30/100|[from] item: Leftovers\n|upkeep\n|turn|9\n|-message|k0r3y! forfeited.\n|\n|win|Holibrand\n|raw|Holibrand's rating: 1084 &rarr; <strong>1111</strong><br />(+27 for winning)\n|raw|k0r3y!'s rating: 1083 &rarr; <strong>1061</strong><br />(-22 for losing)\n|l|\u2606k0r3y!\n|player|p2|\n",
  "uploadtime": 1776195570,
  "views": 24,
  "formatid": "gen9championsvgc2026regma",
  "rating": 1061,
  "private": 0,
  "password": null
}