{
  "id": "gen9championsvgc2026regma-2580647940",
  "format": "[Gen 9 Champions] VGC 2026 Reg M-A",
  "players": [
    "mmesmerizer",
    "La boss vgc"
  ],
  "log": "|j|\u2606mmesmerizer\n|j|\u2606La boss vgc\n|t:|1775921127\n|gametype|doubles\n|player|p1|mmesmerizer|n|1034\n|player|p2|La boss vgc|1|1088\n|gen|9\n|tier|[Gen 9 Champions] VGC 2026 Reg M-A\n|rated|\n|rule|Species Clause: Limit one of each Pok\u00e9mon\n|rule|Item Clause: Limit 1 of each item\n|clearpoke\n|poke|p1|Dragonite, L50, F|\n|poke|p1|Pelipper, L50, F|\n|poke|p1|Sinistcha, L50|\n|poke|p1|Basculegion, L50, M|\n|poke|p1|Archaludon, L50, M|\n|poke|p1|Sneasler, L50, M|\n|poke|p2|Sneasler, L50, F|\n|poke|p2|Blastoise, L50, F|\n|poke|p2|Raichu, L50, M|\n|poke|p2|Kingambit, L50, M|\n|teampreview|4\n|inactive|Battle timer is ON: inactive players will automatically lose when time's up. (requested by mmesmerizer)\n|\n|t:|1775921148\n|teamsize|p1|4\n|teamsize|p2|4\n|start\n|switch|p1a: Pelipper|Pelipper, L50, F, shiny|100/100\n|switch|p1b: Dragonite|Dragonite, L50, F, shiny|100/100\n|switch|p2a: Sneasler|Sneasler, L50, F|100/100\n|switch|p2b: Blastoise|Blastoise, L50, F|100/100\n|-weather|RainDance|[from] ability: Drizzle|[of] p1a: Pelipper\n|turn|1\n|inactive|La boss vgc has 30 seconds left.\n|\n|t:|1775921177\n|move|p2b: Blastoise|Protect|p2b: Blastoise\n|-singleturn|p2b: Blastoise|Protect\n|move|p1b: Dragonite|Protect|p1b: Dragonite\n|-singleturn|p1b: Dragonite|Protect\n|move|p2a: Sneasler|Dire Claw|p1b: Dragonite\n|-activate|p1b: Dragonite|move: Protect\n|move|p1a: Pelipper|Tailwind|p1a: Pelipper\n|-sidestart|p1: mmesmerizer|move: Tailwind\n|\n|-weather|RainDance|[upkeep]\n|upkeep\n|turn|2\n|inactive|mmesmerizer has 30 seconds left.\n|\n|t:|1775921208\n|switch|p1a: Sneasler|Sneasler, L50, M, shiny|100/100\n|switch|p2a: Kingambit|Kingambit, L50, M|100/100\n|detailschange|p1b: Dragonite|Dragonite-Mega, L50, F, shiny\n|-mega|p1b: Dragonite|Dragonite|Dragoninite\n|detailschange|p2b: Blastoise|Blastoise-Mega, L50, F\n|-mega|p2b: Blastoise|Blastoise|Blastoisinite\n|move|p1b: Dragonite|Thunder|p2b: Blastoise\n|-supereffective|p2b: Blastoise|1\n|-damage|p2b: Blastoise|19/100\n|move|p2b: Blastoise|Dragon Pulse|p1b: Dragonite\n|-supereffective|p1b: Dragonite|1\n|-damage|p1b: Dragonite|69/100\n|\n|-weather|RainDance|[upkeep]\n|upkeep\n|turn|3\n|inactive|La boss vgc has 30 seconds left.\n|\n|t:|1775921240\n|move|p2b: Blastoise|Protect|p2b: Blastoise\n|-singleturn|p2b: Blastoise|Protect\n|move|p1a: Sneasler|Fake Out|p2a: Kingambit\n|-resisted|p2a: Kingambit|1\n|-damage|p2a: Kingambit|94/100\n|move|p1b: Dragonite|Hurricane|p2b: Blastoise\n|-activate|p2b: Blastoise|move: Protect\n|cant|p2a: Kingambit|flinch\n|\n|-weather|RainDance|[upkeep]\n|upkeep\n|turn|4\n|\n|t:|1775921257\n|move|p2a: Kingambit|Sucker Punch|p1b: Dragonite\n|-damage|p1b: Dragonite|32/100\n|move|p1a: Sneasler|Close Combat|p2a: Kingambit\n|-supereffective|p2a: Kingambit|2\n|-damage|p2a: Kingambit|0 fnt\n|-unboost|p1a: Sneasler|def|1\n|-unboost|p1a: Sneasler|spd|1\n|faint|p2a: Kingambit\n|-enditem|p1a: Sneasler|White Herb\n|-clearnegativeboost|p1a: Sneasler|[silent]\n|move|p1b: Dragonite|Hurricane|p2b: Blastoise\n|-damage|p2b: Blastoise|0 fnt\n|faint|p2b: Blastoise\n|\n|-weather|RainDance|[upkeep]\n|-sideend|p1: mmesmerizer|move: Tailwind\n|upkeep\n|\n|t:|1775921275\n|switch|p2b: Sneasler|Sneasler, L50, F|100/100\n|switch|p2a: Raichu|Raichu, L50, M|100/100\n|turn|5\n|\n|t:|1775921288\n|move|p1a: Sneasler|Protect|p1a: Sneasler\n|-singleturn|p1a: Sneasler|Protect\n|move|p1b: Dragonite|Protect|p1b: Dragonite\n|-singleturn|p1b: Dragonite|Protect\n|move|p2b: Sneasler|Fake Out|p1a: Sneasler\n|-activate|p1a: Sneasler|move: Protect\n|move|p2a: Raichu|Volt Switch|p1b: Dragonite\n|-activate|p1b: Dragonite|move: Protect\n|\n|-weather|none\n|upkeep\n|turn|6\n|\n|t:|1775921308\n|switch|p1b: Pelipper|Pelipper, L50, F, shiny|100/100\n|-weather|RainDance|[from] ability: Drizzle|[of] p1b: Pelipper\n|move|p2b: Sneasler|Protect|p2b: Sneasler\n|-singleturn|p2b: Sneasler|Protect\n|move|p1a: Sneasler|Dire Claw|p2a: Raichu\n|-damage|p2a: Raichu|25/100\n|move|p2a: Raichu|Encore||[still]\n|-fail|p2a: Raichu\n|\n|-weather|RainDance|[upkeep]\n|upkeep\n|turn|7\n|-message|La boss vgc forfeited.\n|\n|win|mmesmerizer\n|raw|mmesmerizer's rating: 1034 &rarr; <strong>1074</strong><br />(+40 for winning)\n|raw|La boss vgc's rating: 1088 &rarr; <strong>1061</strong><br />(-27 for losing)\n|l|\u2606La boss vgc\n|player|p2|\n",
  "uploadtime": 1775921328,
  "views": 14,
  "formatid": "gen9championsvgc2026regma",
  "rating": 1061,
  "private": 0,
  "password": null
}