{
  "id": "gen9championsvgc2026regma-2585191693",
  "format": "[Gen 9 Champions] VGC 2026 Reg M-A",
  "players": [
    "SlickyNinjy",
    "lucio m"
  ],
  "log": "|j|\u2606SlickyNinjy\n|j|\u2606lucio m\n|t:|1776323156\n|gametype|doubles\n|player|p1|SlickyNinjy|1|1303\n|player|p2|lucio m|101|1366\n|gen|9\n|tier|[Gen 9 Champions] VGC 2026 Reg M-A\n|rated|\n|rule|Species Clause: Limit one of each Pok\u00e9mon\n|rule|Item Clause: Limit 1 of each item\n|clearpoke\n|poke|p1|Emboar, L50, M|\n|poke|p1|Araquanid, L50, F|\n|poke|p1|Farigiraf, L50, F|\n|poke|p1|Sylveon, L50, F|\n|poke|p1|Kingambit, L50, M|\n|poke|p1|Maushold, L50|\n|poke|p2|Charizard, L50, M|\n|poke|p2|Meganium, L50, M|\n|poke|p2|Corviknight, L50, M|\n|poke|p2|Garchomp, L50, M|\n|poke|p2|Gengar, L50, M|\n|poke|p2|Rotom-Wash, L50|\n|teampreview|4\nSlickyNinjy has agreed to open team sheets.\n|inactive|Battle timer is ON: inactive players will automatically lose when time's up. (requested by SlickyNinjy)\n|inactive|lucio m has 60 seconds left.\n|\n|t:|1776323210\n|teamsize|p1|4\n|teamsize|p2|4\n|start\n|switch|p1a: Araquanid|Araquanid, L50, F|100/100\n|switch|p1b: Farigiraf|Farigiraf, L50, F|100/100\n|switch|p2a: Gengar|Gengar, L50, M|100/100\n|switch|p2b: Charizard|Charizard, L50, M|100/100\n|turn|1\n|\n|t:|1776323230\n|detailschange|p2b: Charizard|Charizard-Mega-Y, L50, M\n|-mega|p2b: Charizard|Charizard|Charizardite Y\n|-weather|SunnyDay|[from] ability: Drought|[of] p2b: Charizard\n|move|p2b: Charizard|Protect|p2b: Charizard\n|-singleturn|p2b: Charizard|Protect\n|move|p1a: Araquanid|Wide Guard|p1a: Araquanid\n|-singleturn|p1a: Araquanid|Wide Guard\n|move|p2a: Gengar|Trick Room|p2a: Gengar\n|-fieldstart|move: Trick Room|[of] p2a: Gengar\n|move|p1b: Farigiraf|Trick Room|p1b: Farigiraf\n|-fieldend|move: Trick Room\n|\n|-weather|SunnyDay|[upkeep]\n|upkeep\n|turn|2\n|inactive|SlickyNinjy has 30 seconds left.\n|inactive|SlickyNinjy has 20 seconds left.\n|inactive|SlickyNinjy has 15 seconds left.\n|\n|t:|1776323276\n|move|p2a: Gengar|Sludge Bomb|p1b: Farigiraf\n|-damage|p1b: Farigiraf|60/100\n|-status|p1b: Farigiraf|psn\n|move|p2b: Charizard|Overheat|p1b: Farigiraf\n|-damage|p1b: Farigiraf|0 fnt\n|-unboost|p2b: Charizard|spa|2\n|faint|p1b: Farigiraf\n|move|p1a: Araquanid|Liquidation|p2b: Charizard\n|-supereffective|p2b: Charizard|1\n|-damage|p2b: Charizard|24/100\n|\n|-weather|SunnyDay|[upkeep]\n|upkeep\n|\n|t:|1776323284\n|switch|p1b: Emboar|Emboar, L50, M|100/100\n|turn|3\n|\n|t:|1776323296\n|detailschange|p1b: Emboar|Emboar-Mega, L50, M\n|-mega|p1b: Emboar|Emboar|Emboarite\n|-ability|p1b: Emboar|Mold Breaker\n|move|p2b: Charizard|Protect|p2b: Charizard\n|-singleturn|p2b: Charizard|Protect\n|move|p1b: Emboar|Protect|p1b: Emboar\n|-singleturn|p1b: Emboar|Protect\n|move|p2a: Gengar|Sludge Bomb|p1b: Emboar\n|-activate|p1b: Emboar|move: Protect\n|move|p1a: Araquanid|Liquidation|p2a: Gengar\n|-damage|p2a: Gengar|29/100\n|\n|-weather|SunnyDay|[upkeep]\n|upkeep\n|turn|4\n|\n|t:|1776323319\n|switch|p2b: Rotom|Rotom-Wash, L50|100/100\n|move|p2a: Gengar|Destiny Bond|p2a: Gengar\n|-singlemove|p2a: Gengar|Destiny Bond\n|move|p1b: Emboar|Flare Blitz|p2a: Gengar\n|-damage|p2a: Gengar|0 fnt\n|-start|p1b: Emboar|Disable|Flare Blitz|[from] ability: Cursed Body|[of] p2a: Gengar\n|faint|p2a: Gengar\n|-activate|p2a: Gengar|move: Destiny Bond\n|faint|p1b: Emboar\n|move|p1a: Araquanid|Liquidation|p2b: Rotom\n|-resisted|p2b: Rotom|1\n|-damage|p2b: Rotom|81/100\n|\n|-weather|SunnyDay|[upkeep]\n|upkeep\n|\n|t:|1776323327\n|switch|p2a: Charizard|Charizard-Mega-Y, L50, M|24/100\n|switch|p1b: Sylveon|Sylveon, L50, F|100/100\n|turn|5\n|\n|t:|1776323336\n|move|p2a: Charizard|Overheat|p1b: Sylveon\n|-damage|p1b: Sylveon|6/100\n|-unboost|p2a: Charizard|spa|2\n|move|p2b: Rotom|Thunderbolt|p1b: Sylveon\n|-damage|p1b: Sylveon|0 fnt\n|faint|p1b: Sylveon\n|move|p1a: Araquanid|Liquidation|p2a: Charizard\n|-supereffective|p2a: Charizard|1\n|-damage|p2a: Charizard|0 fnt\n|faint|p2a: Charizard\n|\n|-weather|none\n|upkeep\n|\n|t:|1776323340\n|switch|p2a: Corviknight|Corviknight, L50, M|100/100\n|turn|6\n|\n|t:|1776323347\n|move|p2b: Rotom|Thunderbolt|p1a: Araquanid\n|-supereffective|p1a: Araquanid|1\n|-damage|p1a: Araquanid|25/100\n|move|p2a: Corviknight|Iron Defense|p2a: Corviknight\n|-boost|p2a: Corviknight|def|2\n|move|p1a: Araquanid|Liquidation|p2a: Corviknight\n|-damage|p2a: Corviknight|73/100\n|-ability|p2a: Corviknight|Mirror Armor\n|-unboost|p1a: Araquanid|def|1\n|\n|-heal|p2a: Corviknight|79/100|[from] item: Leftovers\n|upkeep\n|turn|7\n|\n|t:|1776323356\n|move|p2b: Rotom|Thunderbolt|p1a: Araquanid\n|-supereffective|p1a: Araquanid|1\n|-damage|p1a: Araquanid|0 fnt\n|faint|p1a: Araquanid\n|\n|win|lucio m\n|raw|SlickyNinjy's rating: 1303 &rarr; <strong>1287</strong><br />(-16 for losing)\n|raw|lucio m's rating: 1366 &rarr; <strong>1382</strong><br />(+16 for winning)\n|l|\u2606SlickyNinjy\n|player|p1|\n",
  "uploadtime": 1776323368,
  "views": 25,
  "formatid": "gen9championsvgc2026regma",
  "rating": 1287,
  "private": 0,
  "password": null
}