{
  "id": "gen9championsvgc2026regma-2581141289",
  "format": "[Gen 9 Champions] VGC 2026 Reg M-A",
  "players": [
    "KIN07",
    "lauraboosaann"
  ],
  "log": "|j|\u2606KIN07\n|j|\u203dlauraboosaann\n|t:|1775963855\n|gametype|doubles\n|player|p1|KIN07|hilda-wonderlauncher|1060\n|player|p2|lauraboosaann|lance|1033\n|gen|9\n|tier|[Gen 9 Champions] VGC 2026 Reg M-A\n|rated|\n|rule|Species Clause: Limit one of each Pok\u00e9mon\n|rule|Item Clause: Limit 1 of each item\n|clearpoke\n|poke|p1|Aerodactyl, L50, F|\n|poke|p1|Floette-Eternal, L50, F|\n|poke|p1|Incineroar, L50, F|\n|poke|p1|Kingambit, L50, F|\n|poke|p1|Sneasler, L50, M|\n|poke|p1|Sinistcha, L50|\n|poke|p2|Ampharos, L50, M|\n|poke|p2|Heracross, L50, F|\n|poke|p2|Oranguru, L50, M|\n|poke|p2|Garganacl, L50, M|\n|poke|p2|Sylveon, L50, F|\n|poke|p2|Whimsicott, L50, M|\n|teampreview|4\n|inactive|Battle timer is ON: inactive players will automatically lose when time's up. (requested by lauraboosaann)\n|inactive|KIN07 also wants the timer to be on.\n|inactive|KIN07 has 60 seconds left.\n|inactive|lauraboosaann has 60 seconds left.\n|inactive|KIN07 has 30 seconds left.\n|inactive|KIN07 has 20 seconds left.\n|\n|t:|1775963928\n|teamsize|p1|4\n|teamsize|p2|4\n|start\n|switch|p1a: Incineroar|Incineroar, L50, F|100/100\n|switch|p1b: Sinistcha|Sinistcha, L50|100/100\n|switch|p2a: Garganacl|Garganacl, L50, M|100/100\n|switch|p2b: Oranguru|Oranguru, L50, M|100/100\n|-ability|p1a: Incineroar|Intimidate|boost\n|-unboost|p2a: Garganacl|atk|1\n|-fail|p2b: Oranguru|unboost|Attack|[from] ability: Inner Focus|[of] p2b: Oranguru\n|turn|1\n|\n|t:|1775963951\n|move|p1a: Incineroar|Fake Out|p2a: Garganacl\n|-resisted|p2a: Garganacl|1\n|-damage|p2a: Garganacl|97/100\n|move|p1b: Sinistcha|Matcha Gotcha|p2a: Garganacl|[spread] p2a,p2b\n|-supereffective|p2a: Garganacl|1\n|-crit|p2a: Garganacl\n|-damage|p2a: Garganacl|15/100\n|-damage|p2b: Oranguru|79/100\n|cant|p2a: Garganacl|flinch\n|move|p2b: Oranguru|Trick Room|p2b: Oranguru\n|-fieldstart|move: Trick Room|[of] p2b: Oranguru\n|\n|upkeep\n|turn|2\n|inactive|KIN07 has 30 seconds left.\n|\n|t:|1775963984\n|switch|p1b: Kingambit|Kingambit, L50, F|100/100\n|move|p2a: Garganacl|Rock Slide|p1a: Incineroar|[spread] p1a,p1b\n|-supereffective|p1a: Incineroar|1\n|-resisted|p1b: Kingambit|1\n|-damage|p1a: Incineroar|74/100\n|-damage|p1b: Kingambit|95/100\n|move|p2b: Oranguru|Instruct|p2a: Garganacl\n|-singleturn|p2a: Garganacl|move: Instruct|[of] p2b: Oranguru\n|move|p2a: Garganacl|Rock Slide|p1a: Incineroar|[spread] p1a,p1b\n|-supereffective|p1a: Incineroar|1\n|-resisted|p1b: Kingambit|1\n|-damage|p1a: Incineroar|49/100\n|-damage|p1b: Kingambit|89/100\n|cant|p1a: Incineroar|flinch\n|\n|upkeep\n|turn|3\n|\n|t:|1775964006\n|move|p1b: Kingambit|Sucker Punch||[still]\n|-fail|p1b: Kingambit\n|move|p2a: Garganacl|Recover|p2a: Garganacl\n|-heal|p2a: Garganacl|65/100\n|move|p2b: Oranguru|Instruct|p2a: Garganacl\n|-singleturn|p2a: Garganacl|move: Instruct|[of] p2b: Oranguru\n|move|p2a: Garganacl|Recover|p2a: Garganacl\n|-heal|p2a: Garganacl|100/100\n|move|p1a: Incineroar|Parting Shot|p2b: Oranguru\n|-unboost|p2b: Oranguru|atk|1\n|-unboost|p2b: Oranguru|spa|1\n|\n|t:|1775964017\n|switch|p1a: Floette|Floette-Eternal, L50, F|100/100|[from] Parting Shot\n|\n|upkeep\n|turn|4\n|\n|t:|1775964040\n|switch|p1b: Incineroar|Incineroar, L50, F|49/100\n|-ability|p1b: Incineroar|Intimidate|boost\n|-unboost|p2a: Garganacl|atk|1\n|-fail|p2b: Oranguru|unboost|Attack|[from] ability: Inner Focus|[of] p2b: Oranguru\n|move|p1a: Floette|Protect|p1a: Floette\n|-singleturn|p1a: Floette|Protect\n|move|p2a: Garganacl|Salt Cure|p1b: Incineroar\n|-supereffective|p1b: Incineroar|1\n|-damage|p1b: Incineroar|36/100\n|-start|p1b: Incineroar|Salt Cure\n|move|p2b: Oranguru|Hyper Voice|p1a: Floette|[spread] p1b\n|-activate|p1a: Floette|move: Protect\n|-damage|p1b: Incineroar|21/100\n|\n|-damage|p1b: Incineroar|15/100|[from] Salt Cure\n|upkeep\n|turn|5\n|\n|t:|1775964065\n|move|p2a: Garganacl|Wide Guard|p2a: Garganacl\n|-singleturn|p2a: Garganacl|Wide Guard\n|move|p1b: Incineroar|Fake Out|p2a: Garganacl\n|-resisted|p2a: Garganacl|1\n|-damage|p2a: Garganacl|97/100\n|move|p2b: Oranguru|Hyper Voice|p1a: Floette|[spread] p1a,p1b\n|-crit|p1b: Incineroar\n|-damage|p1a: Floette|83/100\n|-damage|p1b: Incineroar|0 fnt\n|faint|p1b: Incineroar\n|move|p1a: Floette|Calm Mind|p1a: Floette\n|-boost|p1a: Floette|spa|1\n|-boost|p1a: Floette|spd|1\n|\n|-fieldend|move: Trick Room\n|upkeep\n|\n|t:|1775964074\n|switch|p1b: Sinistcha|Sinistcha, L50|100/100\n|-heal|p1a: Floette|100/100|[from] ability: Hospitality|[of] p1b: Sinistcha\n|turn|6\n|\n|t:|1775964098\n|move|p2a: Garganacl|Wide Guard|p2a: Garganacl\n|-singleturn|p2a: Garganacl|Wide Guard\n|move|p1a: Floette|Moonblast|p2a: Garganacl\n|-damage|p2a: Garganacl|23/100\n|move|p1b: Sinistcha|Trick Room|p1b: Sinistcha\n|-fieldstart|move: Trick Room|[of] p1b: Sinistcha\n|move|p2b: Oranguru|Trick Room|p2b: Oranguru\n|-fieldend|move: Trick Room\n|\n|upkeep\n|turn|7\n|\n|t:|1775964125\n|switch|p1b: Kingambit|Kingambit, L50, F|89/100\n|move|p1a: Floette|Moonblast|p2a: Garganacl\n|-damage|p2a: Garganacl|0 fnt\n|faint|p2a: Garganacl\n|move|p2b: Oranguru|Psychic|p1a: Floette\n|-damage|p1a: Floette|85/100\n|\n|upkeep\n|\n|t:|1775964136\n|switch|p2a: Sylveon|Sylveon, L50, F|100/100\n|turn|8\n|\n|t:|1775964158\n|detailschange|p1a: Floette|Floette-Mega, L50, F\n|-mega|p1a: Floette|Floette|Floettite\n|-ability|p1a: Floette|Fairy Aura\n|move|p1a: Floette|Dazzling Gleam|p2b: Oranguru|[spread] p2a,p2b\n|-damage|p2a: Sylveon|42/100\n|-damage|p2b: Oranguru|19/100\n|move|p1b: Kingambit|Iron Head|p2a: Sylveon\n|-supereffective|p2a: Sylveon|1\n|-damage|p2a: Sylveon|0 fnt\n|faint|p2a: Sylveon\n|move|p2b: Oranguru|Trick Room|p2b: Oranguru\n|-fieldstart|move: Trick Room|[of] p2b: Oranguru\n|\n|upkeep\n|\n|t:|1775964179\n|switch|p2a: Heracross|Heracross, L50, F|100/100\n|turn|9\n|inactive|KIN07 has 30 seconds left.\n|\n|t:|1775964204\n|switch|p1b: Sinistcha|Sinistcha, L50|100/100\n|-heal|p1a: Floette|100/100|[from] ability: Hospitality|[of] p1b: Sinistcha\n|detailschange|p2a: Heracross|Heracross-Mega, L50, F\n|-mega|p2a: Heracross|Heracross|Heracronite\n|move|p2b: Oranguru|Psychic|p1a: Floette\n|-damage|p1a: Floette|88/100\n|move|p2a: Heracross|Rock Blast|p1a: Floette\n|-damage|p1a: Floette|76/100\n|-damage|p1a: Floette|63/100\n|-damage|p1a: Floette|51/100\n|-damage|p1a: Floette|39/100\n|-damage|p1a: Floette|26/100\n|-hitcount|p1a: Floette|5\n|move|p1a: Floette|Dazzling Gleam|p2b: Oranguru|[spread] p2a,p2b\n|-supereffective|p2a: Heracross|1\n|-damage|p2a: Heracross|0 fnt\n|-damage|p2b: Oranguru|0 fnt\n|faint|p2a: Heracross\n|faint|p2b: Oranguru\n|\n|win|KIN07\n|raw|KIN07's rating: 1060 &rarr; <strong>1089</strong><br />(+29 for winning)\n|raw|lauraboosaann's rating: 1033 &rarr; <strong>1019</strong><br />(-14 for losing)\n|l|\u203dlauraboosaann\n|player|p2|\n",
  "uploadtime": 1775964241,
  "views": 12,
  "formatid": "gen9championsvgc2026regma",
  "rating": 1019,
  "private": 0,
  "password": null
}