{
  "id": "gen9championsvgc2026regma-2587698839",
  "format": "[Gen 9 Champions] VGC 2026 Reg M-A",
  "players": [
    "MarsieHehe",
    "Lioxim"
  ],
  "log": "|j|\u2606MarsieHehe\n|j|\u2606Lioxim\n|t:|1776555082\n|gametype|doubles\n|player|p1|MarsieHehe|102|1354\n|player|p2|Lioxim|169|1385\n|gen|9\n|tier|[Gen 9 Champions] VGC 2026 Reg M-A\n|rated|\n|rule|Species Clause: Limit one of each Pok\u00e9mon\n|rule|Item Clause: Limit 1 of each item\n|clearpoke\n|poke|p1|Froslass, L50, F|\n|poke|p1|Sneasler, L50, F|\n|poke|p1|Rotom-Frost, L50|\n|poke|p1|Garchomp, L50, M|\n|poke|p1|Whimsicott, L50, M|\n|poke|p1|Kingambit, L50, F|\n|poke|p2|Charizard, L50, M|\n|poke|p2|Whimsicott, L50, F|\n|poke|p2|Sneasler, L50, M|\n|poke|p2|Incineroar, L50, F|\n|poke|p2|Aegislash, L50, F|\n|poke|p2|Garchomp, L50, M|\n|teampreview|4\n|inactive|Battle timer is ON: inactive players will automatically lose when time's up. (requested by Lioxim)\n|\n|t:|1776555136\n|teamsize|p1|4\n|teamsize|p2|4\n|start\n|switch|p1a: Garchomp|Garchomp, L50, M|100/100\n|switch|p1b: Sneasler|Sneasler, L50, F|100/100\n|switch|p2a: Charizard|Charizard, L50, M|100/100\n|switch|p2b: Whimsicott|Whimsicott, L50, F|100/100\n|turn|1\n|inactive|Lioxim has 30 seconds left.\n|inactive|Lioxim has 20 seconds left.\n|\n|t:|1776555174\n|switch|p2b: Aegislash|Aegislash, L50, F|100/100\n|move|p2a: Charizard|Protect|p2a: Charizard\n|-singleturn|p2a: Charizard|Protect\n|move|p1b: Sneasler|Fake Out|p2b: Aegislash\n|-immune|p2b: Aegislash\n|move|p1a: Garchomp|Rock Slide|p2a: Charizard|[spread] p2b\n|-activate|p2a: Charizard|move: Protect\n|-resisted|p2b: Aegislash|1\n|-damage|p2b: Aegislash|93/100\n|\n|upkeep\n|turn|2\n|\n|t:|1776555195\n|detailschange|p2a: Charizard|Charizard-Mega-Y, L50, M\n|-mega|p2a: Charizard|Charizard|Charizardite Y\n|-weather|SunnyDay|[from] ability: Drought|[of] p2a: Charizard\n|move|p1b: Sneasler|Protect|p1b: Sneasler\n|-singleturn|p1b: Sneasler|Protect\n|move|p2b: Aegislash|Wide Guard|p2b: Aegislash\n|-singleturn|p2b: Aegislash|Wide Guard\n|move|p1a: Garchomp|Rock Slide|p2b: Aegislash|[spread] \n|-activate|p2a: Charizard|move: Wide Guard\n|-activate|p2b: Aegislash|move: Wide Guard\n|move|p2a: Charizard|Heat Wave|p1b: Sneasler|[spread] p1a\n|-activate|p1b: Sneasler|move: Protect\n|-resisted|p1a: Garchomp|1\n|-damage|p1a: Garchomp|64/100\n|\n|-weather|SunnyDay|[upkeep]\n|upkeep\n|turn|3\n|\n|t:|1776555216\n|switch|p1a: Rotom|Rotom-Frost, L50|100/100\n|move|p2b: Aegislash|Wide Guard|p2b: Aegislash\n|-singleturn|p2b: Aegislash|Wide Guard\n|move|p1b: Sneasler|Dire Claw|p2a: Charizard\n|-crit|p2a: Charizard\n|-damage|p2a: Charizard|13/100\n|move|p2a: Charizard|Heat Wave|p1a: Rotom|[spread] \n|-miss|p2a: Charizard|p1a: Rotom\n|-miss|p2a: Charizard|p1b: Sneasler\n|\n|-weather|SunnyDay|[upkeep]\n|upkeep\n|turn|4\n|c|\u2606Lioxim|Ok\n|c|\u2606MarsieHehe|i mean\n|inactive|MarsieHehe has 30 seconds left.\n|inactive|Lioxim has 30 seconds left.\n|c|\u2606MarsieHehe|happens to us all\n|inactive|MarsieHehe has 20 seconds left.\n|\n|t:|1776555254\n|move|p1b: Sneasler|Protect|p1b: Sneasler\n|-singleturn|p1b: Sneasler|Protect\n|move|p2a: Charizard|Protect|p2a: Charizard\n|-singleturn|p2a: Charizard|Protect\n|move|p1a: Rotom|Protect|p1a: Rotom\n|-singleturn|p1a: Rotom|Protect\n|-formechange|p2b: Aegislash|Aegislash-Blade|\n|move|p2b: Aegislash|Flash Cannon|p1a: Rotom\n|-activate|p1a: Rotom|move: Protect\n|\n|-weather|SunnyDay|[upkeep]\n|upkeep\n|turn|5\n|\n|t:|1776555277\n|switch|p2a: Incineroar|Incineroar, L50, F|100/100\n|-ability|p2a: Incineroar|Intimidate|boost\n|-unboost|p1a: Rotom|atk|1\n|-unboost|p1b: Sneasler|atk|1\n|-enditem|p1b: Sneasler|White Herb\n|-clearnegativeboost|p1b: Sneasler|[silent]\n|switch|p1a: Garchomp|Garchomp, L50, M|64/100\n|-formechange|p2b: Aegislash|Aegislash|\n|move|p2b: Aegislash|King's Shield|p2b: Aegislash\n|-singleturn|p2b: Aegislash|Protect\n|move|p1b: Sneasler|Dire Claw|p2a: Incineroar\n|-damage|p2a: Incineroar|61/100\n|-status|p2a: Incineroar|psn\n|\n|-weather|SunnyDay|[upkeep]\n|-damage|p2a: Incineroar|49/100 psn|[from] psn\n|upkeep\n|-enditem|p2a: Incineroar|Sitrus Berry|[eat]\n|-heal|p2a: Incineroar|73/100 psn|[from] item: Sitrus Berry\n|turn|6\n|inactive|MarsieHehe has 30 seconds left.\n|inactive|MarsieHehe has 20 seconds left.\n|\n|t:|1776555313\n|move|p1b: Sneasler|Protect|p1b: Sneasler\n|-singleturn|p1b: Sneasler|Protect\n|move|p2b: Aegislash|Wide Guard|p2b: Aegislash\n|-singleturn|p2b: Aegislash|Wide Guard\n|move|p1a: Garchomp|Stomping Tantrum|p2a: Incineroar\n|-supereffective|p2a: Incineroar|1\n|-damage|p2a: Incineroar|0 fnt\n|faint|p2a: Incineroar\n|\n|-weather|none\n|upkeep\n|\n|t:|1776555325\n|switch|p2a: Whimsicott|Whimsicott, L50, F|100/100\n|turn|7\n|\n|t:|1776555345\n|move|p2a: Whimsicott|Encore|p1b: Sneasler\n|-start|p1b: Sneasler|Encore\n|move|p1b: Sneasler|Protect||[still]\n|-fail|p1b: Sneasler\n|move|p1a: Garchomp|Stomping Tantrum|p2b: Aegislash\n|-supereffective|p2b: Aegislash|1\n|-damage|p2b: Aegislash|23/100\n|-formechange|p2b: Aegislash|Aegislash-Blade|\n|move|p2b: Aegislash|Shadow Ball|p1a: Garchomp\n|-damage|p1a: Garchomp|0 fnt\n|faint|p1a: Garchomp\n|\n|upkeep\n|\n|t:|1776555366\n|switch|p1a: Froslass|Froslass, L50, F|100/100\n|turn|8\n|\n|t:|1776555380\n|switch|p1b: Rotom|Rotom-Frost, L50|100/100\n|move|p1a: Froslass|Protect|p1a: Froslass\n|-singleturn|p1a: Froslass|Protect\n|move|p2a: Whimsicott|Tailwind|p2a: Whimsicott\n|-sidestart|p2: Lioxim|move: Tailwind\n|move|p2b: Aegislash|Flash Cannon|p1a: Froslass\n|-activate|p1a: Froslass|move: Protect\n|\n|upkeep\n|turn|9\n|\n|t:|1776555404\n|move|p1b: Rotom|Protect|p1b: Rotom\n|-singleturn|p1b: Rotom|Protect\n|move|p2a: Whimsicott|Encore|p1a: Froslass\n|-start|p1a: Froslass|Encore\n|move|p1a: Froslass|Protect||[still]\n|-fail|p1a: Froslass\n|move|p2b: Aegislash|Flash Cannon|p1b: Rotom\n|-activate|p1b: Rotom|move: Protect\n|\n|upkeep\n|turn|10\n|\n|t:|1776555428\n|switch|p1a: Sneasler|Sneasler, L50, F|100/100\n|move|p2a: Whimsicott|Encore|p1b: Rotom\n|-start|p1b: Rotom|Encore\n|move|p1b: Rotom|Protect|p1b: Rotom\n|-singleturn|p1b: Rotom|Protect\n|move|p2b: Aegislash|Shadow Ball|p1a: Sneasler\n|-damage|p1a: Sneasler|16/100\n|\n|upkeep\n|turn|11\n|\n|t:|1776555442\n|switch|p1b: Froslass|Froslass, L50, F|100/100\n|move|p1a: Sneasler|Fake Out|p2a: Whimsicott\n|-damage|p2a: Whimsicott|79/100\n|cant|p2a: Whimsicott|flinch\n|move|p2b: Aegislash|Flash Cannon|p1b: Froslass\n|-supereffective|p1b: Froslass|1\n|-damage|p1b: Froslass|0 fnt\n|-start|p2b: Aegislash|Disable|Flash Cannon|[from] ability: Cursed Body|[of] p1b: Froslass\n|faint|p1b: Froslass\n|\n|-sideend|p2: Lioxim|move: Tailwind\n|upkeep\n|\n|t:|1776555453\n|switch|p1b: Rotom|Rotom-Frost, L50|100/100\n|turn|12\n|\n|t:|1776555465\n|-formechange|p2b: Aegislash|Aegislash|\n|move|p2b: Aegislash|King's Shield|p2b: Aegislash\n|-singleturn|p2b: Aegislash|Protect\n|move|p1a: Sneasler|Dire Claw|p2a: Whimsicott\n|-supereffective|p2a: Whimsicott|2\n|-damage|p2a: Whimsicott|0 fnt\n|faint|p2a: Whimsicott\n|move|p1b: Rotom|Volt Switch|p2b: Aegislash\n|-activate|p2b: Aegislash|move: Protect\n|\n|upkeep\n|\n|t:|1776555472\n|switch|p2a: Charizard|Charizard-Mega-Y, L50, M|13/100\n|-weather|SunnyDay|[from] ability: Drought|[of] p2a: Charizard\n|turn|13\n|\n|t:|1776555488\n|move|p1a: Sneasler|Dire Claw|p2a: Charizard\n|-damage|p2a: Charizard|0 fnt\n|faint|p2a: Charizard\n|move|p1b: Rotom|Volt Switch|p2b: Aegislash\n|-damage|p2b: Aegislash|0 fnt\n|faint|p2b: Aegislash\n|\n|win|MarsieHehe\n|raw|MarsieHehe's rating: 1354 &rarr; <strong>1376</strong><br />(+22 for winning)\n|raw|Lioxim's rating: 1385 &rarr; <strong>1363</strong><br />(-22 for losing)\n|l|\u2606Lioxim\n|player|p2|\n|c|\u2606MarsieHehe|gg\n",
  "uploadtime": 1776555498,
  "views": 22,
  "formatid": "gen9championsvgc2026regma",
  "rating": 1363,
  "private": 0,
  "password": null
}