{
  "id": "gen9championsvgc2026regma-2589432935",
  "format": "[Gen 9 Champions] VGC 2026 Reg M-A",
  "players": [
    "Cazador492",
    "DieselDrinker"
  ],
  "log": "|j|\u203dCazador492\n|j|\u2606DieselDrinker\n|t:|1776722515\n|gametype|doubles\n|player|p1|Cazador492|skyla|1109\n|player|p2|DieselDrinker|iris-gen5bw2|1042\n|gen|9\n|tier|[Gen 9 Champions] VGC 2026 Reg M-A\n|rated|\n|rule|Species Clause: Limit one of each Pok\u00e9mon\n|rule|Item Clause: Limit 1 of each item\n|clearpoke\n|poke|p1|Blastoise, L50, M, shiny|\n|poke|p1|Basculegion, L50, M|\n|poke|p1|Whimsicott, L50, M|\n|poke|p1|Sinistcha, L50|\n|poke|p1|Kingambit, L50, F|\n|poke|p1|Sneasler, L50, F|\n|poke|p2|Araquanid, L50, F|\n|poke|p2|Blastoise, L50, F|\n|poke|p2|Farigiraf, L50, F|\n|poke|p2|Incineroar, L50, M|\n|poke|p2|Feraligatr, L50, M|\n|poke|p2|Aerodactyl, L50, M|\n|teampreview|4\n|\n|t:|1776722545\n|teamsize|p1|4\n|teamsize|p2|4\n|start\n|switch|p1a: Whimsicott|Whimsicott, L50, M|100/100\n|switch|p1b: Blastoise|Blastoise, L50, M, shiny|100/100\n|switch|p2a: Blastoise|Blastoise, L50, F|100/100\n|switch|p2b: Farigiraf|Farigiraf, L50, F|100/100\n|turn|1\n|\n|t:|1776722596\n|detailschange|p1b: Blastoise|Blastoise-Mega, L50, M, shiny\n|-mega|p1b: Blastoise|Blastoise|Blastoisinite\n|detailschange|p2a: Blastoise|Blastoise-Mega, L50, F\n|-mega|p2a: Blastoise|Blastoise|Blastoisinite\n|move|p2a: Blastoise|Fake Out|p1b: Blastoise\n|-damage|p1b: Blastoise|92/100\n|move|p1a: Whimsicott|Tailwind|p1a: Whimsicott\n|-sidestart|p1: Cazador492|move: Tailwind\n|cant|p1b: Blastoise|flinch\n|move|p2b: Farigiraf|Trick Room|p2b: Farigiraf\n|-fieldstart|move: Trick Room|[of] p2b: Farigiraf\n|\n|upkeep\n|turn|2\n|\n|t:|1776722619\n|switch|p2b: Araquanid|Araquanid, L50, F|100/100\n|move|p2a: Blastoise|Protect|p2a: Blastoise\n|-singleturn|p2a: Blastoise|Protect\n|move|p1a: Whimsicott|Encore||[still]\n|-fail|p1a: Whimsicott\n|move|p1b: Blastoise|Dark Pulse|p2b: Araquanid\n|-damage|p2b: Araquanid|60/100\n|\n|upkeep\n|turn|3\n|\n|t:|1776722661\n|move|p1a: Whimsicott|Encore|p2a: Blastoise\n|-start|p2a: Blastoise|Encore\n|move|p2a: Blastoise|Protect||[still]\n|-fail|p2a: Blastoise\n|move|p2b: Araquanid|Entrainment|p2a: Blastoise\n|-ability|p2a: Blastoise|Water Bubble|Mega Launcher|[from] move: Entrainment|[of] p2b: Araquanid\n|move|p1b: Blastoise|Aura Sphere|p2a: Blastoise\n|-damage|p2a: Blastoise|56/100\n|\n|upkeep\n|turn|4\n|\n|t:|1776722699\n|switch|p2b: Farigiraf|Farigiraf, L50, F|100/100\n|switch|p1b: Sinistcha|Sinistcha, L50|100/100\n|move|p2a: Blastoise|Protect|p2a: Blastoise\n|-singleturn|p2a: Blastoise|Protect\n|move|p1a: Whimsicott|Encore||[still]\n|cant|p2b: Farigiraf|ability: Armor Tail|Encore|[of] p1a: Whimsicott\n|\n|-sideend|p1: Cazador492|move: Tailwind\n|upkeep\n|turn|5\n|\n|t:|1776722734\n|move|p2a: Blastoise|Protect|p2a: Blastoise\n|-singleturn|p2a: Blastoise|Protect\n|move|p1a: Whimsicott|Tailwind|p1a: Whimsicott\n|-sidestart|p1: Cazador492|move: Tailwind\n|move|p2b: Farigiraf|Psychic|p1b: Sinistcha\n|-damage|p1b: Sinistcha|46/100\n|-enditem|p1b: Sinistcha|Sitrus Berry|[eat]\n|-heal|p1b: Sinistcha|71/100|[from] item: Sitrus Berry\n|move|p1b: Sinistcha|Matcha Gotcha|p2b: Farigiraf|[spread] p2b\n|-activate|p2a: Blastoise|move: Protect\n|-damage|p2b: Farigiraf|75/100\n|-heal|p1b: Sinistcha|87/100|[from] drain|[of] p2b: Farigiraf\n|\n|-end|p2a: Blastoise|Encore\n|-fieldend|move: Trick Room\n|upkeep\n|turn|6\n|\n|t:|1776722778\n|move|p2a: Blastoise|Protect||[still]\n|-fail|p2a: Blastoise\n|move|p1a: Whimsicott|Moonblast|p2b: Farigiraf\n|-damage|p2b: Farigiraf|47/100\n|-enditem|p2b: Farigiraf|Sitrus Berry|[eat]\n|-heal|p2b: Farigiraf|72/100|[from] item: Sitrus Berry\n|move|p1b: Sinistcha|Matcha Gotcha|p2b: Farigiraf|[spread] p2a\n|-miss|p1b: Sinistcha|p2b: Farigiraf\n|-supereffective|p2a: Blastoise|1\n|-damage|p2a: Blastoise|18/100\n|-heal|p1b: Sinistcha|100/100|[from] drain|[of] p2a: Blastoise\n|move|p2b: Farigiraf|Trick Room|p2b: Farigiraf\n|-fieldstart|move: Trick Room|[of] p2b: Farigiraf\n|\n|upkeep\n|turn|7\n|\n|t:|1776722805\n|switch|p1a: Blastoise|Blastoise-Mega, L50, M, shiny|92/100\n|move|p1b: Sinistcha|Rage Powder|p1b: Sinistcha\n|-singleturn|p1b: Sinistcha|move: Rage Powder\n|move|p2b: Farigiraf|Hyper Voice|p1b: Sinistcha|[spread] p1a\n|-immune|p1b: Sinistcha\n|-damage|p1a: Blastoise|56/100\n|move|p2a: Blastoise|Surf|p1b: Sinistcha|[spread] p2b,p1a,p1b\n|-resisted|p1a: Blastoise|1\n|-crit|p1a: Blastoise\n|-resisted|p1b: Sinistcha|1\n|-damage|p2b: Farigiraf|0 fnt\n|-damage|p1a: Blastoise|0 fnt\n|-damage|p1b: Sinistcha|58/100\n|faint|p2b: Farigiraf\n|faint|p1a: Blastoise\n|\n|upkeep\n|\n|t:|1776722819\n|switch|p2b: Incineroar|Incineroar, L50, M|100/100\n|switch|p1a: Sneasler|Sneasler, L50, F|100/100\n|-ability|p2b: Incineroar|Intimidate|boost\n|-unboost|p1a: Sneasler|atk|1\n|-unboost|p1b: Sinistcha|atk|1\n|-enditem|p1a: Sneasler|White Herb\n|-clearnegativeboost|p1a: Sneasler|[silent]\n|turn|8\n|\n|t:|1776722834\n|move|p1a: Sneasler|Protect|p1a: Sneasler\n|-singleturn|p1a: Sneasler|Protect\n|move|p2b: Incineroar|Darkest Lariat|p1b: Sinistcha\n|-supereffective|p1b: Sinistcha|1\n|-damage|p1b: Sinistcha|3/100\n|move|p2a: Blastoise|Surf|p1b: Sinistcha|[spread] p2b,p1b\n|-activate|p1a: Sneasler|move: Protect\n|-supereffective|p2b: Incineroar|1\n|-resisted|p1b: Sinistcha|1\n|-damage|p2b: Incineroar|0 fnt\n|-damage|p1b: Sinistcha|0 fnt\n|faint|p2b: Incineroar\n|faint|p1b: Sinistcha\n|\n|-sideend|p1: Cazador492|move: Tailwind\n|upkeep\n|\n|t:|1776722848\n|switch|p2b: Araquanid|Araquanid, L50, F|60/100\n|switch|p1b: Whimsicott|Whimsicott, L50, M|100/100\n|turn|9\n|\n|t:|1776722893\n|move|p2b: Araquanid|Pounce|p1a: Sneasler\n|-resisted|p1a: Sneasler|2\n|-damage|p1a: Sneasler|95/100\n|-unboost|p1a: Sneasler|spe|1\n|move|p2a: Blastoise|Surf|p1a: Sneasler|[spread] p2b,p1a,p1b\n|-resisted|p2b: Araquanid|1\n|-resisted|p1b: Whimsicott|1\n|-damage|p2b: Araquanid|26/100\n|-damage|p1a: Sneasler|0 fnt\n|-damage|p1b: Whimsicott|50/100\n|faint|p1a: Sneasler\n|move|p1b: Whimsicott|Moonblast|p2b: Araquanid\n|-damage|p2b: Araquanid|2/100\n|\n|upkeep\n|turn|10\n|\n|t:|1776722907\n|move|p1b: Whimsicott|Protect|p1b: Whimsicott\n|-singleturn|p1b: Whimsicott|Protect\n|move|p2b: Araquanid|Pounce|p1b: Whimsicott\n|-activate|p1b: Whimsicott|move: Protect\n|move|p2a: Blastoise|Surf|p1b: Whimsicott|[spread] p2b\n|-activate|p1b: Whimsicott|move: Protect\n|-resisted|p2b: Araquanid|1\n|-damage|p2b: Araquanid|0 fnt\n|faint|p2b: Araquanid\n|\n|-fieldend|move: Trick Room\n|upkeep\n|turn|11\n|c|\u2606DieselDrinker|He\u2019s a maniac\n|c|\u2606DieselDrinker|aw\n|\n|t:|1776722921\n|move|p1b: Whimsicott|Moonblast|p2a: Blastoise\n|-damage|p2a: Blastoise|0 fnt\n|faint|p2a: Blastoise\n|\n|win|Cazador492\n|raw|Cazador492's rating: 1109 &rarr; <strong>1129</strong><br />(+20 for winning)\n|raw|DieselDrinker's rating: 1042 &rarr; <strong>1029</strong><br />(-13 for losing)\n|c|\u2606DieselDrinker|Gg\n",
  "uploadtime": 1776722933,
  "views": 19,
  "formatid": "gen9championsvgc2026regma",
  "rating": 1029,
  "private": 0,
  "password": null
}