{
  "id": "gen9championsvgc2026regma-2584769903",
  "format": "[Gen 9 Champions] VGC 2026 Reg M-A",
  "players": [
    "thewxfr",
    "gasertheegyptain"
  ],
  "log": "|j|\u2606thewxfr\n|j|\u2606gasertheegyptain\n|t:|1776282413\n|gametype|doubles\n|player|p1|thewxfr|1|\n|player|p2|gasertheegyptain|unknown|\n|gen|9\n|tier|[Gen 9 Champions] VGC 2026 Reg M-A\n|rule|Species Clause: Limit one of each Pok\u00e9mon\n|rule|Item Clause: Limit 1 of each item\n|clearpoke\n|poke|p1|Meganium, L50, F|\n|poke|p1|Aegislash, L50, F|\n|poke|p1|Clefable, L50, M|\n|poke|p1|Alcremie, L50, F|\n|poke|p1|Whimsicott, L50, F|\n|poke|p1|Oranguru, L50, F|\n|poke|p2|Blastoise, L50, F|\n|poke|p2|Oranguru, L50, F|\n|poke|p2|Kingambit, L50, F|\n|poke|p2|Sinistcha-Masterpiece, L50|\n|poke|p2|Sneasler, L50, F|\n|poke|p2|Aegislash, L50, M|\n|teampreview|4\n|c|\u2606thewxfr|since i'm still making the other teams i'll use this one lol\n|c|\u2606gasertheegyptain|bet lol\n|c|\u2606thewxfr|i'll absolutely get wrecked\nthewxfr rejected open team sheets.\n|c|\u2606thewxfr|steel, steel and poison\n|c|\u2606thewxfr|let us see :)\n|\n|t:|1776282474\n|teamsize|p1|4\n|teamsize|p2|4\n|start\n|switch|p1a: Meganium|Meganium, L50, F|100/100\n|switch|p1b: Clefable|Clefable, L50, M|100/100\n|switch|p2a: Maxie|Sneasler, L50, F|100/100\n|switch|p2b: Aegislash|Aegislash, L50, M|100/100\n|turn|1\n|\n|t:|1776282485\n|detailschange|p1a: Meganium|Meganium-Mega, L50, F\n|-mega|p1a: Meganium|Meganium|Meganiumite\n|move|p2a: Maxie|Fake Out|p1a: Meganium\n|-damage|p1a: Meganium|89/100\n|move|p1b: Clefable|Follow Me|p1b: Clefable\n|-singleturn|p1b: Clefable|move: Follow Me\n|cant|p1a: Meganium|flinch\n|-formechange|p2b: Aegislash|Aegislash-Blade|\n|move|p2b: Aegislash|Iron Head|p1b: Clefable\n|-supereffective|p1b: Clefable|1\n|-damage|p1b: Clefable|22/100\n|\n|upkeep\n|turn|2\n|\n|t:|1776282497\n|move|p2a: Maxie|Protect|p2a: Maxie\n|-singleturn|p2a: Maxie|Protect\n|-formechange|p2b: Aegislash|Aegislash|\n|move|p2b: Aegislash|King's Shield|p2b: Aegislash\n|-singleturn|p2b: Aegislash|Protect\n|move|p1b: Clefable|Follow Me|p1b: Clefable\n|-singleturn|p1b: Clefable|move: Follow Me\n|move|p1a: Meganium|Weather Ball|p2a: Maxie\n|-activate|p2a: Maxie|move: Protect\n|\n|upkeep\n|turn|3\n|c|\u2606gasertheegyptain|wait fuck\n|c|\u2606gasertheegyptain|im stupid\n|c|\u2606thewxfr|what did he do lol\n|\n|t:|1776282538\n|move|p1b: Clefable|Follow Me|p1b: Clefable\n|-singleturn|p1b: Clefable|move: Follow Me\n|move|p2a: Maxie|Dire Claw|p1b: Clefable\n|-supereffective|p1b: Clefable|1\n|-damage|p1b: Clefable|0 fnt\n|faint|p1b: Clefable\n|move|p1a: Meganium|Weather Ball|p2a: Maxie\n|-damage|p2a: Maxie|22/100\n|-formechange|p2b: Aegislash|Aegislash-Blade|\n|move|p2b: Aegislash|Iron Head|p1a: Meganium\n|-supereffective|p1a: Meganium|1\n|-damage|p1a: Meganium|9/100\n|\n|upkeep\n|\n|t:|1776282550\n|switch|p1b: Whimsicott|Whimsicott, L50, F|100/100\n|turn|4\n|\n|t:|1776282569\n|move|p1b: Whimsicott|Tailwind|p1b: Whimsicott\n|-sidestart|p1: thewxfr|move: Tailwind\n|move|p1a: Meganium|Dazzling Gleam|p2b: Aegislash|[spread] p2a,p2b\n|-resisted|p2b: Aegislash|1\n|-damage|p2a: Maxie|0 fnt\n|-damage|p2b: Aegislash|66/100\n|faint|p2a: Maxie\n|move|p2b: Aegislash|Iron Head|p1b: Whimsicott\n|-supereffective|p1b: Whimsicott|1\n|-damage|p1b: Whimsicott|29/100\n|\n|upkeep\n|\n|t:|1776282576\n|switch|p2a: Kingambit|Kingambit, L50, F|100/100\n|turn|5\n|\n|t:|1776282606\n|move|p1b: Whimsicott|Memento|p2a: Kingambit\n|-hint|Since gen 7, Dark is immune to Prankster moves.\n|-immune|p2a: Kingambit\n|move|p2a: Kingambit|Sucker Punch||[still]\n|-fail|p2a: Kingambit\n|move|p1a: Meganium|Synthesis|p1a: Meganium\n|-heal|p1a: Meganium|76/100\n|move|p2b: Aegislash|Iron Head|p1b: Whimsicott\n|-supereffective|p1b: Whimsicott|1\n|-damage|p1b: Whimsicott|0 fnt\n|faint|p1b: Whimsicott\n|\n|upkeep\n|\n|t:|1776282611\n|switch|p1b: Alcremie|Alcremie, L50, F|100/100\n|turn|6\n|\n|t:|1776282624\n|move|p1b: Alcremie|Decorate|p1a: Meganium\n|-boost|p1a: Meganium|atk|2\n|-boost|p1a: Meganium|spa|2\n|move|p1a: Meganium|Dazzling Gleam|p2a: Kingambit|[spread] p2a,p2b\n|-resisted|p2b: Aegislash|1\n|-damage|p2a: Kingambit|33/100\n|-damage|p2b: Aegislash|0 fnt\n|faint|p2b: Aegislash\n|move|p2a: Kingambit|Swords Dance|p2a: Kingambit\n|-boost|p2a: Kingambit|atk|2\n|\n|upkeep\n|\n|t:|1776282629\n|switch|p2b: Sinistcha|Sinistcha-Masterpiece, L50|100/100\n|-heal|p2a: Kingambit|58/100|[from] ability: Hospitality|[of] p2b: Sinistcha\n|turn|7\n|\n|t:|1776282645\n|move|p2a: Kingambit|Protect|p2a: Kingambit\n|-singleturn|p2a: Kingambit|Protect\n|move|p1b: Alcremie|Decorate|p1a: Meganium\n|-boost|p1a: Meganium|atk|2\n|-boost|p1a: Meganium|spa|2\n|move|p1a: Meganium|Dazzling Gleam|p2a: Kingambit|[spread] p2b\n|-activate|p2a: Kingambit|move: Protect\n|-damage|p2b: Sinistcha|2/100\n|move|p2b: Sinistcha|Strength Sap|p1b: Alcremie\n|-unboost|p1b: Alcremie|atk|1\n|-heal|p2b: Sinistcha|43/100\n|\n|-sideend|p1: thewxfr|move: Tailwind\n|upkeep\n|turn|8\n|\n|t:|1776282669\n|move|p1b: Alcremie|Decorate|p1a: Meganium\n|-boost|p1a: Meganium|atk|2\n|-boost|p1a: Meganium|spa|2\n|move|p1a: Meganium|Dazzling Gleam|p2a: Kingambit|[spread] p2a,p2b\n|-damage|p2a: Kingambit|0 fnt\n|-damage|p2b: Sinistcha|0 fnt\n|faint|p2a: Kingambit\n|faint|p2b: Sinistcha\n|\n|win|thewxfr\n|c|\u2606gasertheegyptain|aint no way\n|c|\u2606thewxfr|gg\n|c|\u2606gasertheegyptain|DUDE HOW\n|c|\u2606gasertheegyptain|gg man\n|c|\u2606thewxfr|i told you i did build this team knowing my weakness\n|c|\u2606gasertheegyptain|but thats crazy\n|c|\u2606thewxfr|i picked all my fairies to prove it lol\n|c|\u2606thewxfr|they're bulky enough somehow\n|c|\u2606gasertheegyptain|crazy shit\n|c|\u2606thewxfr|ikr\n|c|\u2606gasertheegyptain|dude decorate is busted\n|c|\u2606gasertheegyptain|but ik bro\n|c|\u2606thewxfr|indeed\n|c|\u2606gasertheegyptain|if you against a charizard x your dead\n|c|\u2606gasertheegyptain|want me to prove it?\n|c|\u2606thewxfr|i made it 101 speed and my meganium is 100\n|c|\u2606gasertheegyptain|sun team charizard X demolishes meganium\n|c|\u2606thewxfr|i mean we could try\n|c|\u2606thewxfr|charizard is its actual weakness\n|c|\u2606gasertheegyptain|yeah true\n",
  "uploadtime": 1776282738,
  "views": 18,
  "formatid": "gen9championsvgc2026regma",
  "rating": null,
  "private": 0,
  "password": null
}