{
  "id": "gen9championsvgc2026regma-2588550325",
  "format": "[Gen 9 Champions] VGC 2026 Reg M-A",
  "players": [
    "yuriimon",
    "DukeofDudes"
  ],
  "log": "|j|\u2606yuriimon\n|j|\u2606DukeofDudes\n|t:|1776644044\n|gametype|doubles\n|player|p1|yuriimon|waitress-gen4|1269\n|player|p2|DukeofDudes|170|1269\n|gen|9\n|tier|[Gen 9 Champions] VGC 2026 Reg M-A\n|rated|\n|rule|Species Clause: Limit one of each Pok\u00e9mon\n|rule|Item Clause: Limit 1 of each item\n|clearpoke\n|poke|p1|Glimmora, L50, F|\n|poke|p1|Archaludon, L50, F|\n|poke|p1|Politoed, L50, M|\n|poke|p1|Chesnaught, L50, F|\n|poke|p1|Incineroar, L50, M|\n|poke|p1|Garchomp, L50, F|\n|poke|p2|Corviknight, L50, F|\n|poke|p2|Ninetales-Alola, L50, M|\n|poke|p2|Glimmora, L50, M|\n|poke|p2|Tyranitar, L50, M|\n|poke|p2|Rotom-Wash, L50|\n|poke|p2|Excadrill, L50, M|\n|teampreview|4\n|inactive|Battle timer is ON: inactive players will automatically lose when time's up. (requested by yuriimon)\n|inactive|DukeofDudes has 60 seconds left.\n|\n|t:|1776644079\n|teamsize|p1|4\n|teamsize|p2|4\n|start\n|switch|p1a: Chesnaught|Chesnaught, L50, F|100/100\n|switch|p1b: Garchomp|Garchomp, L50, F|100/100\n|switch|p2a: Rotom|Rotom-Wash, L50|100/100\n|switch|p2b: Excadrill|Excadrill, L50, M|100/100\n|turn|1\n|inactive|DukeofDudes has 30 seconds left.\n|inactive|DukeofDudes has 20 seconds left.\n|\n|t:|1776644115\n|switch|p2b: Corviknight|Corviknight, L50, F|100/100\n|detailschange|p1a: Chesnaught|Chesnaught-Mega, L50, F\n|-mega|p1a: Chesnaught|Chesnaught|Chesnaughtite\n|move|p1b: Garchomp|Rock Slide|p2a: Rotom|[spread] p2a,p2b\n|-damage|p2a: Rotom|71/100\n|-damage|p2b: Corviknight|82/100\n|move|p2a: Rotom|Will-O-Wisp|p1a: Chesnaught\n|-status|p1a: Chesnaught|brn\n|move|p1a: Chesnaught|Iron Defense|p1a: Chesnaught\n|-boost|p1a: Chesnaught|def|2\n|\n|-damage|p1a: Chesnaught|94/100 brn|[from] brn\n|upkeep\n|turn|2\n|\n|t:|1776644133\n|move|p1b: Garchomp|Rock Slide|p2a: Rotom|[spread] p2a,p2b\n|-damage|p2a: Rotom|46/100\n|-damage|p2b: Corviknight|64/100\n|cant|p2a: Rotom|flinch\n|cant|p2b: Corviknight|flinch\n|move|p1a: Chesnaught|Body Press|p2a: Rotom\n|-damage|p2a: Rotom|0 fnt\n|faint|p2a: Rotom\n|\n|-damage|p1a: Chesnaught|88/100 brn|[from] brn\n|upkeep\n|\n|t:|1776644149\n|switch|p2a: Tyranitar|Tyranitar, L50, M|100/100\n|-weather|Sandstorm|[from] ability: Sand Stream|[of] p2a: Tyranitar\n|turn|3\n|\n|t:|1776644166\n|detailschange|p2a: Tyranitar|Tyranitar-Mega, L50, M\n|-mega|p2a: Tyranitar|Tyranitar|Tyranitarite\n|move|p1b: Garchomp|Rock Slide|p2b: Corviknight|[spread] p2a,p2b\n|-damage|p2a: Tyranitar|88/100\n|-damage|p2b: Corviknight|46/100\n|move|p2a: Tyranitar|Ice Punch|p1b: Garchomp\n|-supereffective|p1b: Garchomp|2\n|-damage|p1b: Garchomp|0 fnt\n|-damage|p2a: Tyranitar|76/100|[from] ability: Rough Skin|[of] p1b: Garchomp\n|faint|p1b: Garchomp\n|move|p2b: Corviknight|Iron Defense|p2b: Corviknight\n|-boost|p2b: Corviknight|def|2\n|move|p1a: Chesnaught|Body Press|p2a: Tyranitar\n|-supereffective|p2a: Tyranitar|2\n|-damage|p2a: Tyranitar|0 fnt\n|faint|p2a: Tyranitar\n|\n|-weather|Sandstorm|[upkeep]\n|-damage|p1a: Chesnaught|82/100 brn|[from] Sandstorm\n|-damage|p1a: Chesnaught|76/100 brn|[from] brn\n|upkeep\n|\n|t:|1776644183\n|switch|p1b: Politoed|Politoed, L50, M|100/100\n|switch|p2a: Excadrill|Excadrill, L50, M|100/100\n|-weather|RainDance|[from] ability: Drizzle|[of] p1b: Politoed\n|turn|4\n|\n|t:|1776644194\n|move|p2a: Excadrill|Earthquake|p1b: Politoed|[spread] p1a,p1b\n|-immune|p2b: Corviknight\n|-resisted|p1a: Chesnaught|1\n|-damage|p1a: Chesnaught|69/100 brn\n|-damage|p1b: Politoed|58/100\n|move|p1b: Politoed|Weather Ball|p2b: Corviknight\n|-damage|p2b: Corviknight|10/100\n|move|p2b: Corviknight|Body Press|p1b: Politoed\n|-damage|p1b: Politoed|20/100\n|move|p1a: Chesnaught|Body Press|p2a: Excadrill\n|-supereffective|p2a: Excadrill|1\n|-damage|p2a: Excadrill|0 fnt\n|faint|p2a: Excadrill\n|\n|-weather|RainDance|[upkeep]\n|-damage|p1a: Chesnaught|63/100 brn|[from] brn\n|upkeep\n|turn|5\n|-message|DukeofDudes forfeited.\n|\n|win|yuriimon\n|raw|yuriimon's rating: 1269 &rarr; <strong>1294</strong><br />(+25 for winning)\n|raw|DukeofDudes's rating: 1269 &rarr; <strong>1244</strong><br />(-25 for losing)\n|l|\u2606DukeofDudes\n|player|p2|\n",
  "uploadtime": 1776644217,
  "views": 8,
  "formatid": "gen9championsvgc2026regma",
  "rating": 1244,
  "private": 0,
  "password": null
}