{
  "id": "gen9championsvgc2026regma-2583032028",
  "format": "[Gen 9 Champions] VGC 2026 Reg M-A",
  "players": [
    "Therealmyan",
    "supertaj26"
  ],
  "log": "|j|\u2606Therealmyan\n|j|\u2606supertaj26\n|t:|1776135039\n|gametype|doubles\n|player|p1|Therealmyan|miku-grass|1000\n|player|p2|supertaj26|266|1000\n|gen|9\n|tier|[Gen 9 Champions] VGC 2026 Reg M-A\n|rated|\n|rule|Species Clause: Limit one of each Pok\u00e9mon\n|rule|Item Clause: Limit 1 of each item\n|clearpoke\n|poke|p1|Pelipper, L50, F|\n|poke|p1|Basculegion, L50, M|\n|poke|p1|Sneasler, L50, M|\n|poke|p1|Incineroar, L50, M|\n|poke|p1|Meganium, L50, M|\n|poke|p1|Archaludon, L50, M|\n|poke|p2|Dragonite, L50, M|\n|poke|p2|Sneasler, L50, F|\n|poke|p2|Incineroar, L50, F|\n|poke|p2|Rotom-Wash, L50|\n|poke|p2|Farigiraf, L50, F|\n|poke|p2|Torkoal, L50, F|\n|teampreview|4\n|inactive|Battle timer is ON: inactive players will automatically lose when time's up. (requested by supertaj26)\n|inactive|Therealmyan has 60 seconds left.\n|inactive|Therealmyan has 30 seconds left.\n|\n|t:|1776135101\n|teamsize|p1|4\n|teamsize|p2|4\n|start\n|switch|p1a: Incineroar|Incineroar, L50, M, shiny|100/100\n|switch|p1b: Archaludon|Archaludon, L50, M|100/100\n|switch|p2a: Farigiraf|Farigiraf, L50, F|100/100\n|switch|p2b: Incineroar|Incineroar, L50, F|100/100\n|-ability|p1a: Incineroar|Intimidate|boost\n|-unboost|p2a: Farigiraf|atk|1\n|-unboost|p2b: Incineroar|atk|1\n|-ability|p2b: Incineroar|Intimidate|boost\n|-unboost|p1a: Incineroar|atk|1\n|-unboost|p1b: Archaludon|atk|1\n|-enditem|p2b: Incineroar|White Herb\n|-clearnegativeboost|p2b: Incineroar|[silent]\n|turn|1\n|inactive|Therealmyan has 30 seconds left.\n|inactive|supertaj26 has 30 seconds left.\n|inactive|Therealmyan has 20 seconds left.\n|inactive|Therealmyan has 15 seconds left.\n|inactive|Therealmyan has 10 seconds left.\n|\n|t:|1776135148\n|move|p1a: Incineroar|Fake Out||[still]\n|cant|p2a: Farigiraf|ability: Armor Tail|Fake Out|[of] p1a: Incineroar\n|move|p2b: Incineroar|Fake Out|p1b: Archaludon\n|-resisted|p1b: Archaludon|1\n|-damage|p1b: Archaludon|95/100\n|-ability|p1b: Archaludon|Stamina|boost\n|-boost|p1b: Archaludon|def|1\n|cant|p1b: Archaludon|flinch\n|move|p2a: Farigiraf|Dazzling Gleam|p1a: Incineroar|[spread] p1a,p1b\n|-damage|p1a: Incineroar|88/100\n|-damage|p1b: Archaludon|78/100\n|-ability|p1b: Archaludon|Stamina|boost\n|-boost|p1b: Archaludon|def|1\n|\n|upkeep\n|turn|2\n|inactive|Therealmyan has 30 seconds left.\n|inactive|Therealmyan has 20 seconds left.\n|inactive|Therealmyan has 15 seconds left.\n|inactive|Therealmyan has 10 seconds left.\n|\n|t:|1776135197\n|move|p1b: Archaludon|Protect|p1b: Archaludon\n|-singleturn|p1b: Archaludon|Protect\n|move|p1a: Incineroar|Darkest Lariat|p2a: Farigiraf\n|-supereffective|p2a: Farigiraf|1\n|-damage|p2a: Farigiraf|64/100\n|move|p2b: Incineroar|Snarl|p1b: Archaludon|[spread] p1a\n|-activate|p1b: Archaludon|move: Protect\n|-resisted|p1a: Incineroar|1\n|-damage|p1a: Incineroar|82/100\n|-unboost|p1a: Incineroar|spa|1\n|move|p2a: Farigiraf|Dazzling Gleam|p1a: Incineroar|[spread] p1a\n|-activate|p1b: Archaludon|move: Protect\n|-damage|p1a: Incineroar|68/100\n|\n|-heal|p2a: Farigiraf|70/100|[from] item: Leftovers\n|upkeep\n|turn|3\n|inactive|Therealmyan has 30 seconds left.\n|inactive|Therealmyan has 20 seconds left.\n|inactive|Therealmyan has 15 seconds left.\n|\n|t:|1776135242\n|move|p2a: Farigiraf|Helping Hand|p2b: Incineroar\n|-singleturn|p2b: Incineroar|Helping Hand|[of] p2a: Farigiraf\n|move|p1b: Archaludon|Dragon Pulse|p2a: Farigiraf\n|-damage|p2a: Farigiraf|33/100\n|move|p1a: Incineroar|Darkest Lariat|p2a: Farigiraf\n|-supereffective|p2a: Farigiraf|1\n|-damage|p2a: Farigiraf|0 fnt\n|faint|p2a: Farigiraf\n|move|p2b: Incineroar|Close Combat|p1b: Archaludon\n|-supereffective|p1b: Archaludon|1\n|-damage|p1b: Archaludon|29/100\n|-unboost|p2b: Incineroar|def|1\n|-unboost|p2b: Incineroar|spd|1\n|-ability|p1b: Archaludon|Stamina|boost\n|-boost|p1b: Archaludon|def|1\n|\n|upkeep\n|\n|t:|1776135266\n|switch|p2a: Dragonite|Dragonite, L50, M|100/100\n|turn|4\n|inactive|Therealmyan has 30 seconds left.\n|\n|t:|1776135297\n|switch|p1a: Sneasler|Sneasler, L50, M, shiny|100/100\n|detailschange|p2a: Dragonite|Dragonite-Mega, L50, M\n|-mega|p2a: Dragonite|Dragonite|Dragoninite\n|move|p1b: Archaludon|Protect|p1b: Archaludon\n|-singleturn|p1b: Archaludon|Protect\n|move|p2a: Dragonite|Heat Wave|p1a: Sneasler|[spread] p1a\n|-activate|p1b: Archaludon|move: Protect\n|-damage|p1a: Sneasler|62/100\n|move|p2b: Incineroar|Close Combat|p1a: Sneasler\n|-resisted|p1a: Sneasler|1\n|-damage|p1a: Sneasler|26/100\n|-unboost|p2b: Incineroar|def|1\n|-unboost|p2b: Incineroar|spd|1\n|\n|upkeep\n|turn|5\n|inactive|Therealmyan has 30 seconds left.\n|\n|t:|1776135328\n|move|p1a: Sneasler|Fake Out|p2b: Incineroar\n|-damage|p2b: Incineroar|73/100\n|move|p2a: Dragonite|Air Cutter|p1b: Archaludon|[spread] p1a,p1b\n|-supereffective|p1a: Sneasler|1\n|-resisted|p1b: Archaludon|1\n|-damage|p1a: Sneasler|0 fnt\n|-damage|p1b: Archaludon|16/100\n|-ability|p1b: Archaludon|Stamina|boost\n|-boost|p1b: Archaludon|def|1\n|faint|p1a: Sneasler\n|move|p1b: Archaludon|Dragon Pulse|p2a: Dragonite\n|-supereffective|p2a: Dragonite|1\n|-damage|p2a: Dragonite|65/100\n|cant|p2b: Incineroar|flinch\n|\n|upkeep\n|\n|t:|1776135348\n|switch|p1a: Meganium|Meganium, L50, M|100/100\n|turn|6\n|inactive|Therealmyan has 30 seconds left.\n|inactive|Therealmyan has 20 seconds left.\n|\n|t:|1776135387\n|detailschange|p1a: Meganium|Meganium-Mega, L50, M\n|-mega|p1a: Meganium|Meganium|Meganiumite\n|move|p1a: Meganium|Protect|p1a: Meganium\n|-singleturn|p1a: Meganium|Protect\n|move|p2a: Dragonite|Heat Wave|p1b: Archaludon|[spread] p1b\n|-activate|p1a: Meganium|move: Protect\n|-damage|p1b: Archaludon|0 fnt\n|faint|p1b: Archaludon\n|move|p2b: Incineroar|Flare Blitz|p1a: Meganium\n|-activate|p1a: Meganium|move: Protect\n|\n|upkeep\n|\n|t:|1776135401\n|switch|p1b: Incineroar|Incineroar, L50, M, shiny|68/100\n|-ability|p1b: Incineroar|Intimidate|boost\n|-unboost|p2a: Dragonite|atk|1\n|-unboost|p2b: Incineroar|atk|1\n|turn|7\n|\n|t:|1776135425\n|move|p1b: Incineroar|Fake Out|p2b: Incineroar\n|-damage|p2b: Incineroar|54/100\n|move|p1a: Meganium|Dazzling Gleam|p2b: Incineroar|[spread] p2a,p2b\n|-supereffective|p2a: Dragonite|1\n|-damage|p2a: Dragonite|25/100\n|-damage|p2b: Incineroar|5/100\n|move|p2a: Dragonite|Heat Wave|p1b: Incineroar|[spread] p1b\n|-miss|p2a: Dragonite|p1a: Meganium\n|-resisted|p1b: Incineroar|1\n|-damage|p1b: Incineroar|56/100\n|cant|p2b: Incineroar|flinch\n|\n|upkeep\n|turn|8\n|-message|supertaj26 forfeited.\n|\n|win|Therealmyan\n|raw|Therealmyan's rating: 1000 &rarr; <strong>1040</strong><br />(+40 for winning)\n|raw|supertaj26's rating: 1000 &rarr; <strong>1000</strong><br />(+0 for losing)\n|l|\u2606supertaj26\n|player|p2|\n",
  "uploadtime": 1776135455,
  "views": 12,
  "formatid": "gen9championsvgc2026regma",
  "rating": 1000,
  "private": 0,
  "password": null
}