{
  "id": "gen9championsvgc2026regma-2586215335",
  "format": "[Gen 9 Champions] VGC 2026 Reg M-A",
  "players": [
    "ohko_muk",
    "Pokeventurer"
  ],
  "log": "|j|\u2606ohko_muk\n|j|\u2606Pokeventurer\n|t:|1776413388\n|gametype|doubles\n|player|p1|ohko_muk|gambler|1437\n|player|p2|Pokeventurer|170|1543\n|gen|9\n|tier|[Gen 9 Champions] VGC 2026 Reg M-A\n|rated|\n|rule|Species Clause: Limit one of each Pok\u00e9mon\n|rule|Item Clause: Limit 1 of each item\n|clearpoke\n|poke|p1|Farigiraf, L50, M|\n|poke|p1|Blastoise, L50, M|\n|poke|p1|Bellibolt, L50, M|\n|poke|p1|Mamoswine, L50, F|\n|poke|p1|Delphox, L50, F|\n|poke|p1|Whimsicott, L50, F|\n|poke|p2|Talonflame, L50, M|\n|poke|p2|Kingambit, L50, F|\n|poke|p2|Garchomp, L50, M|\n|poke|p2|Basculegion, L50, M|\n|poke|p2|Floette-Eternal, L50, F|\n|poke|p2|Pelipper, L50, M|\n|teampreview|4\n|inactive|Battle timer is ON: inactive players will automatically lose when time's up. (requested by Pokeventurer)\n|inactive|ohko_muk has 60 seconds left.\n|\n|t:|1776413428\n|teamsize|p1|4\n|teamsize|p2|4\n|start\n|switch|p1a: Delphox|Delphox, L50, F|100/100\n|switch|p1b: Whimsicott|Whimsicott, L50, F|100/100\n|switch|p2a: Basculegion|Basculegion, L50, M|100/100\n|switch|p2b: Kingambit|Kingambit, L50, F|100/100\n|turn|1\n|j| 1#MiraidonHater\n|\n|t:|1776413449\n|switch|p2b: Talonflame|Talonflame, L50, M|100/100\n|move|p1a: Delphox|Protect|p1a: Delphox\n|-singleturn|p1a: Delphox|Protect\n|move|p1b: Whimsicott|Sunny Day|p1b: Whimsicott\n|-weather|SunnyDay\n|move|p2a: Basculegion|Flip Turn|p1a: Delphox\n|-activate|p1a: Delphox|move: Protect\n|\n|-weather|SunnyDay|[upkeep]\n|upkeep\n|turn|2\n|j| Crvstal_K!tty\n|inactive|ohko_muk has 30 seconds left.\n|\n|t:|1776413477\n|detailschange|p1a: Delphox|Delphox-Mega, L50, F\n|-mega|p1a: Delphox|Delphox|Delphoxite\n|move|p2b: Talonflame|Tailwind|p2b: Talonflame\n|-sidestart|p2: Pokeventurer|move: Tailwind\n|move|p2a: Basculegion|Flip Turn|p1a: Delphox\n|-supereffective|p1a: Delphox|1\n|-damage|p1a: Delphox|48/100\n|\n|t:|1776413496\n|switch|p2a: Garchomp|Garchomp, L50, M|100/100|[from] Flip Turn\n|move|p1a: Delphox|Heat Wave|p2b: Talonflame|[spread] p2a,p2b\n|-resisted|p2a: Garchomp|1\n|-resisted|p2b: Talonflame|1\n|-damage|p2a: Garchomp|68/100\n|-damage|p2b: Talonflame|52/100\n|move|p1b: Whimsicott|Moonblast|p2a: Garchomp\n|-supereffective|p2a: Garchomp|1\n|-damage|p2a: Garchomp|6/100\n|\n|-weather|SunnyDay|[upkeep]\n|upkeep\n|turn|3\n|\n|t:|1776413517\n|switch|p2a: Kingambit|Kingambit, L50, F|100/100\n|move|p1b: Whimsicott|Tailwind|p1b: Whimsicott\n|-sidestart|p1: ohko_muk|move: Tailwind\n|move|p1a: Delphox|Heat Wave|p2a: Kingambit|[spread] \n|-miss|p1a: Delphox|p2a: Kingambit\n|-miss|p1a: Delphox|p2b: Talonflame\n|move|p2b: Talonflame|Dual Wingbeat|p1b: Whimsicott\n|-supereffective|p1b: Whimsicott|1\n|-enditem|p1b: Whimsicott|Coba Berry|[eat]\n|-enditem|p1b: Whimsicott|Coba Berry|[weaken]\n|-damage|p1b: Whimsicott|80/100\n|-supereffective|p1b: Whimsicott|1\n|-damage|p1b: Whimsicott|43/100\n|-hitcount|p1b: Whimsicott|2\n|\n|-weather|SunnyDay|[upkeep]\n|upkeep\n|turn|4\n|inactive|ohko_muk has 30 seconds left.\n|\n|t:|1776413550\n|switch|p1a: Bellibolt|Bellibolt, L50, M|100/100\n|move|p2a: Kingambit|Sucker Punch||[still]\n|-fail|p2a: Kingambit\n|move|p2b: Talonflame|Dual Wingbeat|p1b: Whimsicott\n|-supereffective|p1b: Whimsicott|1\n|-damage|p1b: Whimsicott|6/100\n|-supereffective|p1b: Whimsicott|1\n|-crit|p1b: Whimsicott\n|-damage|p1b: Whimsicott|0 fnt\n|faint|p1b: Whimsicott\n|-hitcount|p1: Whimsicott|2\n|\n|-weather|SunnyDay|[upkeep]\n|upkeep\n|\n|t:|1776413561\n|switch|p1b: Mamoswine|Mamoswine, L50, F|100/100\n|turn|5\n|\n|t:|1776413581\n|move|p1b: Mamoswine|Ice Shard|p2a: Kingambit\n|-resisted|p2a: Kingambit|1\n|-damage|p2a: Kingambit|92/100\n|move|p2b: Talonflame|Dual Wingbeat|p1b: Mamoswine\n|-damage|p1b: Mamoswine|80/100\n|-crit|p1b: Mamoswine\n|-damage|p1b: Mamoswine|47/100\n|-hitcount|p1b: Mamoswine|2\n|move|p2a: Kingambit|Low Kick|p1b: Mamoswine\n|-supereffective|p1b: Mamoswine|1\n|-crit|p1b: Mamoswine\n|-damage|p1b: Mamoswine|0 fnt\n|faint|p1b: Mamoswine\n|move|p1a: Bellibolt|Discharge|p2a: Kingambit|[spread] p2a,p2b\n|-supereffective|p2b: Talonflame|1\n|-damage|p2a: Kingambit|65/100\n|-damage|p2b: Talonflame|0 fnt\n|faint|p2b: Talonflame\n|\n|-weather|none\n|-sideend|p2: Pokeventurer|move: Tailwind\n|upkeep\n|\n|t:|1776413600\n|switch|p2b: Basculegion|Basculegion, L50, M|100/100\n|switch|p1b: Delphox|Delphox-Mega, L50, F|48/100\n|turn|6\n|\n|t:|1776413614\n|move|p2a: Kingambit|Sucker Punch|p1b: Delphox\n|-supereffective|p1b: Delphox|1\n|-damage|p1b: Delphox|0 fnt\n|faint|p1b: Delphox\n|move|p2b: Basculegion|Wave Crash|p1a: Bellibolt\n|-damage|p1a: Bellibolt|30/100\n|-start|p1a: Bellibolt|Charge|Wave Crash|[from] ability: Electromorphosis\n|-enditem|p1a: Bellibolt|Sitrus Berry|[eat]\n|-heal|p1a: Bellibolt|55/100|[from] item: Sitrus Berry\n|-damage|p2b: Basculegion|79/100|[from] Recoil\n|move|p1a: Bellibolt|Parabolic Charge|p2b: Basculegion|[spread] p2a,p2b\n|-supereffective|p2b: Basculegion|1\n|-damage|p2a: Kingambit|22/100\n|-heal|p1a: Bellibolt|79/100|[from] drain|[of] p2a: Kingambit\n|-damage|p2b: Basculegion|0 fnt\n|-heal|p1a: Bellibolt|100/100|[from] drain|[of] p2b: Basculegion\n|faint|p2b: Basculegion\n|-end|p1a: Bellibolt|Charge|[silent]\n|\n|-sideend|p1: ohko_muk|move: Tailwind\n|upkeep\n|\n|t:|1776413617\n|switch|p2b: Garchomp|Garchomp, L50, M|6/100\n|turn|7\n|-message|ohko_muk forfeited.\n|\n|win|Pokeventurer\n|raw|ohko_muk's rating: 1437 &rarr; <strong>1423</strong><br />(-14 for losing)\n|raw|Pokeventurer's rating: 1543 &rarr; <strong>1557</strong><br />(+14 for winning)\n|l|\u2606ohko_muk\n|player|p1|\n",
  "uploadtime": 1776413625,
  "views": 47,
  "formatid": "gen9championsvgc2026regma",
  "rating": 1423,
  "private": 0,
  "password": null
}