{
  "id": "gen9championsvgc2026regma-2588613970",
  "format": "[Gen 9 Champions] VGC 2026 Reg M-A",
  "players": [
    "OJ32",
    "MarioPr7"
  ],
  "log": "|j|\u2606OJ32\n|j|\u2606MarioPr7\n|t:|1776650208\n|gametype|doubles\n|player|p1|OJ32|1|1225\n|player|p2|MarioPr7|koga|1288\n|gen|9\n|tier|[Gen 9 Champions] VGC 2026 Reg M-A\n|rated|\n|rule|Species Clause: Limit one of each Pok\u00e9mon\n|rule|Item Clause: Limit 1 of each item\n|clearpoke\n|poke|p1|Sneasler, L50, F|\n|poke|p1|Garchomp, L50, M|\n|poke|p1|Sinistcha, L50|\n|poke|p1|Floette-Eternal, L50, F|\n|poke|p1|Aerodactyl, L50, M|\n|poke|p1|Milotic, L50, F|\n|poke|p2|Dragonite, L50, M|\n|poke|p2|Pelipper, L50, F|\n|poke|p2|Archaludon, L50, M|\n|poke|p2|Basculegion, L50, M|\n|poke|p2|Sneasler, L50, F|\n|poke|p2|Sinistcha, L50|\n|teampreview|4\n|inactive|Battle timer is ON: inactive players will automatically lose when time's up. (requested by OJ32)\nMarioPr7 rejected open team sheets.\n|inactive|MarioPr7 has 60 seconds left.\n|\n|t:|1776650246\n|teamsize|p1|4\n|teamsize|p2|4\n|start\n|switch|p1a: Aerodactyl|Aerodactyl, L50, M|100/100\n|switch|p1b: Floette|Floette-Eternal, L50, F|100/100\n|switch|p2a: Archaludon|Archaludon, L50, M|100/100\n|switch|p2b: Pelipper|Pelipper, L50, F|100/100\n|-ability|p1a: Aerodactyl|Unnerve\n|-weather|RainDance|[from] ability: Drizzle|[of] p2b: Pelipper\n|turn|1\n|\n|t:|1776650264\n|move|p1b: Floette|Protect|p1b: Floette\n|-singleturn|p1b: Floette|Protect\n|move|p2b: Pelipper|Wide Guard|p2b: Pelipper\n|-singleturn|p2b: Pelipper|Wide Guard\n|move|p1a: Aerodactyl|Tailwind|p1a: Aerodactyl\n|-sidestart|p1: OJ32|move: Tailwind\n|move|p2a: Archaludon|Flash Cannon|p1b: Floette\n|-activate|p1b: Floette|move: Protect\n|\n|-weather|RainDance|[upkeep]\n|upkeep\n|turn|2\n|\n|t:|1776650282\n|switch|p1b: Sneasler|Sneasler, L50, F|100/100\n|move|p1a: Aerodactyl|Dual Wingbeat|p2b: Pelipper\n|-damage|p2b: Pelipper|76/100\n|-damage|p2b: Pelipper|52/100\n|-hitcount|p2b: Pelipper|2\n|move|p2b: Pelipper|Weather Ball|p1a: Aerodactyl\n|-supereffective|p1a: Aerodactyl|1\n|-enditem|p1a: Aerodactyl|Focus Sash\n|-damage|p1a: Aerodactyl|1/100\n|move|p2a: Archaludon|Flash Cannon|p1b: Sneasler\n|-damage|p1b: Sneasler|55/100\n|\n|-weather|RainDance|[upkeep]\n|upkeep\n|turn|3\n|\n|t:|1776650306\n|move|p1a: Aerodactyl|Protect|p1a: Aerodactyl\n|-singleturn|p1a: Aerodactyl|Protect\n|move|p1b: Sneasler|Protect|p1b: Sneasler\n|-singleturn|p1b: Sneasler|Protect\n|move|p2a: Archaludon|Protect|p2a: Archaludon\n|-singleturn|p2a: Archaludon|Protect\n|move|p2b: Pelipper|Weather Ball|p1a: Aerodactyl\n|-activate|p1a: Aerodactyl|move: Protect\n|\n|-weather|RainDance|[upkeep]\n|upkeep\n|turn|4\n|\n|t:|1776650324\n|move|p2b: Pelipper|Wide Guard|p2b: Pelipper\n|-singleturn|p2b: Pelipper|Wide Guard\n|move|p1a: Aerodactyl|Dual Wingbeat|p2b: Pelipper\n|-damage|p2b: Pelipper|28/100\n|-damage|p2b: Pelipper|3/100\n|-hitcount|p2b: Pelipper|2\n|move|p1b: Sneasler|Close Combat|p2a: Archaludon\n|-supereffective|p2a: Archaludon|1\n|-damage|p2a: Archaludon|23/100\n|-unboost|p1b: Sneasler|def|1\n|-unboost|p1b: Sneasler|spd|1\n|-ability|p2a: Archaludon|Stamina|boost\n|-boost|p2a: Archaludon|def|1\n|-enditem|p1b: Sneasler|White Herb\n|-clearnegativeboost|p1b: Sneasler|[silent]\n|move|p2a: Archaludon|Draco Meteor|p1b: Sneasler\n|-damage|p1b: Sneasler|0 fnt\n|-unboost|p2a: Archaludon|spa|2\n|faint|p1b: Sneasler\n|\n|-weather|RainDance|[upkeep]\n|-heal|p2a: Archaludon|29/100|[from] item: Leftovers\n|-sideend|p1: OJ32|move: Tailwind\n|upkeep\n|\n|t:|1776650332\n|switch|p1b: Floette|Floette-Eternal, L50, F|100/100\n|turn|5\n|\n|t:|1776650356\n|detailschange|p1b: Floette|Floette-Mega, L50, F\n|-mega|p1b: Floette|Floette|Floettite\n|-ability|p1b: Floette|Fairy Aura\n|move|p1a: Aerodactyl|Tailwind|p1a: Aerodactyl\n|-sidestart|p1: OJ32|move: Tailwind\n|move|p1b: Floette|Moonblast|p2a: Archaludon\n|-damage|p2a: Archaludon|0 fnt\n|faint|p2a: Archaludon\n|move|p2b: Pelipper|Weather Ball|p1b: Floette\n|-damage|p1b: Floette|35/100\n|\n|-weather|none\n|upkeep\n|\n|t:|1776650369\n|switch|p2a: Sneasler|Sneasler, L50, F|100/100\n|turn|6\n|\n|t:|1776650384\n|move|p1a: Aerodactyl|Protect|p1a: Aerodactyl\n|-singleturn|p1a: Aerodactyl|Protect\n|move|p1b: Floette|Protect|p1b: Floette\n|-singleturn|p1b: Floette|Protect\n|move|p2a: Sneasler|Fake Out|p1a: Aerodactyl\n|-activate|p1a: Aerodactyl|move: Protect\n|move|p2b: Pelipper|Hurricane|p1b: Floette\n|-activate|p1b: Floette|move: Protect\n|\n|upkeep\n|turn|7\n|\n|t:|1776650396\n|move|p2a: Sneasler|Protect|p2a: Sneasler\n|-singleturn|p2a: Sneasler|Protect\n|move|p2b: Pelipper|Protect|p2b: Pelipper\n|-singleturn|p2b: Pelipper|Protect\n|move|p1a: Aerodactyl|Dual Wingbeat|p2a: Sneasler\n|-activate|p2a: Sneasler|move: Protect\n|move|p1b: Floette|Moonblast|p2a: Sneasler\n|-activate|p2a: Sneasler|move: Protect\n|\n|upkeep\n|turn|8\n|\n|t:|1776650413\n|switch|p2a: Dragonite|Dragonite, L50, M|100/100\n|move|p1a: Aerodactyl|Dual Wingbeat|p2a: Dragonite\n|-damage|p2a: Dragonite|92/100\n|-damage|p2a: Dragonite|75/100\n|-hitcount|p2a: Dragonite|2\n|move|p1b: Floette|Moonblast|p2a: Dragonite\n|-supereffective|p2a: Dragonite|1\n|-damage|p2a: Dragonite|0 fnt\n|faint|p2a: Dragonite\n|move|p2b: Pelipper|Hurricane|p1a: Aerodactyl\n|-resisted|p1a: Aerodactyl|1\n|-damage|p1a: Aerodactyl|0 fnt\n|faint|p1a: Aerodactyl\n|\n|-sideend|p1: OJ32|move: Tailwind\n|upkeep\n|\n|t:|1776650425\n|switch|p1a: Sinistcha|Sinistcha, L50|100/100\n|switch|p2a: Sneasler|Sneasler, L50, F|100/100\n|-heal|p1b: Floette|59/100|[from] ability: Hospitality|[of] p1a: Sinistcha\n|turn|9\n|\n|t:|1776650439\n|move|p1b: Floette|Protect|p1b: Floette\n|-singleturn|p1b: Floette|Protect\n|move|p2a: Sneasler|Dire Claw|p1b: Floette\n|-activate|p1b: Floette|move: Protect\n|move|p2b: Pelipper|Hurricane|p1a: Sinistcha|[miss]\n|-miss|p2b: Pelipper|p1a: Sinistcha\n|move|p1a: Sinistcha|Shadow Ball|p2a: Sneasler\n|-damage|p2a: Sneasler|51/100\n|-unboost|p2a: Sneasler|spd|1\n|-enditem|p2a: Sneasler|White Herb\n|-clearnegativeboost|p2a: Sneasler|[silent]\n|\n|upkeep\n|turn|10\n|\n|t:|1776650452\n|move|p1a: Sinistcha|Rage Powder|p1a: Sinistcha\n|-singleturn|p1a: Sinistcha|move: Rage Powder\n|move|p2a: Sneasler|Dire Claw|p1a: Sinistcha\n|-damage|p1a: Sinistcha|68/100\n|move|p1b: Floette|Moonblast|p2a: Sneasler\n|-damage|p2a: Sneasler|0 fnt\n|faint|p2a: Sneasler\n|move|p2b: Pelipper|Hurricane|p1a: Sinistcha\n|-supereffective|p1a: Sinistcha|1\n|-damage|p1a: Sinistcha|0 fnt\n|faint|p1a: Sinistcha\n|\n|upkeep\n|turn|11\n|\n|t:|1776650465\n|move|p1b: Floette|Moonblast|p2b: Pelipper\n|-damage|p2b: Pelipper|0 fnt\n|faint|p2b: Pelipper\n|\n|win|OJ32\n|raw|OJ32's rating: 1225 &rarr; <strong>1254</strong><br />(+29 for winning)\n|raw|MarioPr7's rating: 1288 &rarr; <strong>1259</strong><br />(-29 for losing)\n",
  "uploadtime": 1776650465,
  "views": 9,
  "formatid": "gen9championsvgc2026regma",
  "rating": 1254,
  "private": 0,
  "password": null
}