{
  "id": "gen9championsvgc2026regma-2587497694",
  "format": "[Gen 9 Champions] VGC 2026 Reg M-A",
  "players": [
    "uhhncertain",
    "Jay is decent"
  ],
  "log": "|j|\u2606uhhncertain\n|j|\u2606Jay is decent\n|t:|1776536867\n|gametype|doubles\n|player|p1|uhhncertain|plasmagrunt|\n|player|p2|Jay is decent|170|\n|gen|9\n|tier|[Gen 9 Champions] VGC 2026 Reg M-A\n|rated|Tournament battle\n|rule|Species Clause: Limit one of each Pok\u00e9mon\n|rule|Item Clause: Limit 1 of each item\n|raw|<div class=\"infobox\"><details class=\"readmore\" open><summary><strong>1 custom rule:</strong></summary> Force Open Team Sheets</details></div>\n|clearpoke\n|poke|p1|Kingambit, L50, F, shiny|\n|poke|p1|Blastoise, L50, M|\n|poke|p1|Sinistcha, L50|\n|poke|p1|Farigiraf, L50, F|\n|poke|p1|Pelipper, L50, M|\n|poke|p1|Gallade, L50, M|\n|poke|p2|Charizard, L50, F|\n|poke|p2|Maushold-Four, L50|\n|poke|p2|Aegislash, L50, M|\n|poke|p2|Sneasler, L50, F|\n|poke|p2|Milotic, L50, M|\n|poke|p2|Aerodactyl, L50, M|\n|teampreview|4\n|showteam|p1|Kingambit||BlackGlasses|Defiant|KowtowCleave,IronHead,SuckerPunch,Protect|||F|||50|]Blastoise||Blastoisinite|RainDish|WaterSpout,WaterPulse,DarkPulse,FakeOut|||M|||50|]Sinistcha||ColburBerry|Hospitality|MatchaGotcha,RagePowder,LifeDew,TrickRoom||||||50|]Farigiraf||SitrusBerry|ArmorTail|Psychic,RainDance,TrickRoom,HelpingHand|||F|||50|]Pelipper||ChoiceScarf|Drizzle|Hurricane,WeatherBall,IceBeam,Tailwind|||M|||50|]Gallade||Galladite|Sharpness|PsychoCut,SacredSword,AquaCutter,Protect|||M|||50|\n|showteam|p2|Charizard||CharizarditeX|Blaze|DragonDance,FlareBlitz,BreakingSwipe,Protect|||F|||50|]Maushold-Four||ChopleBerry|FriendGuard|SuperFang,FollowMe,Protect,Taunt||||||50|]Aegislash||SpellTag|StanceChange|KingsShield,Poltergeist,ShadowSneak,IronHead|||M|||50|]Sneasler||WhiteHerb|Unburden|FakeOut,CloseCombat,DireClaw,Protect|||F|||50|]Milotic||Leftovers|Competitive|Scald,IceBeam,LifeDew,Protect|||M|||50|]Aerodactyl||FocusSash|Unnerve|RockSlide,DualWingbeat,Tailwind,Protect|||M|||50|\n|j| pudimdelimao\n|j| maxdeesevgc\n|j| whizz whoosh\n|j| WenteBig\n|\n|t:|1776536914\n|teamsize|p1|4\n|teamsize|p2|4\n|start\n|switch|p1a: Blastoise|Blastoise, L50, M|100/100\n|switch|p1b: Farigiraf|Farigiraf, L50, F|100/100\n|switch|p2a: Maushold|Maushold-Four, L50|100/100\n|switch|p2b: Aegislash|Aegislash, L50, M|100/100\n|turn|1\n|l| pudimdelimao\n|\n|t:|1776536936\n|detailschange|p1a: Blastoise|Blastoise-Mega, L50, M\n|-mega|p1a: Blastoise|Blastoise|Blastoisinite\n|move|p1a: Blastoise|Fake Out|p2a: Maushold\n|-damage|p2a: Maushold|89/100\n|cant|p2a: Maushold|flinch\n|-formechange|p2b: Aegislash|Aegislash-Blade|\n|move|p2b: Aegislash|Poltergeist|p1a: Blastoise\n|-activate|p1a: Blastoise|move: Poltergeist|Blastoisinite\n|-damage|p1a: Blastoise|35/100\n|move|p1b: Farigiraf|Trick Room|p1b: Farigiraf\n|-fieldstart|move: Trick Room|[of] p1b: Farigiraf\n|\n|upkeep\n|turn|2\n|j| La voz favorita\n|l| La voz favorita\n|\n|t:|1776536952\n|-formechange|p2b: Aegislash|Aegislash|\n|move|p2b: Aegislash|King's Shield|p2b: Aegislash\n|-singleturn|p2b: Aegislash|Protect\n|move|p2a: Maushold|Protect|p2a: Maushold\n|-singleturn|p2a: Maushold|Protect\n|move|p1b: Farigiraf|Rain Dance|p1b: Farigiraf\n|-weather|RainDance\n|move|p1a: Blastoise|Water Pulse|p2a: Maushold\n|-activate|p2a: Maushold|move: Protect\n|\n|-weather|RainDance|[upkeep]\n|upkeep\n|turn|3\n|\n|t:|1776536973\n|switch|p1b: Sinistcha|Sinistcha, L50|100/100\n|-heal|p1a: Blastoise|60/100|[from] ability: Hospitality|[of] p1b: Sinistcha\n|-formechange|p2b: Aegislash|Aegislash-Blade|\n|move|p2b: Aegislash|Poltergeist|p1a: Blastoise\n|-activate|p1a: Blastoise|move: Poltergeist|Blastoisinite\n|-damage|p1a: Blastoise|0 fnt\n|faint|p1a: Blastoise\n|move|p2a: Maushold|Super Fang|p1b: Sinistcha\n|-immune|p1b: Sinistcha\n|\n|-weather|RainDance|[upkeep]\n|upkeep\n|c| WenteBig|rain dance farig is crazy\n|\n|t:|1776536982\n|switch|p1a: Kingambit|Kingambit, L50, F, shiny|100/100\n|turn|4\n|l| WenteBig\n|c|\u2606uhhncertain|ty i saw it randomly online\n|\n|t:|1776536997\n|move|p2a: Maushold|Follow Me|p2a: Maushold\n|-singleturn|p2a: Maushold|move: Follow Me\n|move|p1a: Kingambit|Kowtow Cleave|p2a: Maushold\n|-damage|p2a: Maushold|13/100\n|move|p1b: Sinistcha|Matcha Gotcha|p2a: Maushold|[spread] p2a,p2b\n|-resisted|p2b: Aegislash|1\n|-damage|p2a: Maushold|0 fnt\n|-damage|p2b: Aegislash|84/100\n|faint|p2a: Maushold\n|move|p2b: Aegislash|Poltergeist|p1b: Sinistcha\n|-activate|p1b: Sinistcha|move: Poltergeist|Colbur Berry\n|-supereffective|p1b: Sinistcha|1\n|-damage|p1b: Sinistcha|0 fnt\n|faint|p1b: Sinistcha\n|\n|-weather|RainDance|[upkeep]\n|upkeep\n|\n|t:|1776537004\n|switch|p1b: Farigiraf|Farigiraf, L50, F|100/100\n|switch|p2a: Milotic|Milotic, L50, M|100/100\n|turn|5\n|c|\u2606uhhncertain|this aegislash is tearing me up tho\n|j| ido1234567890\n|\n|t:|1776537025\n|-formechange|p2b: Aegislash|Aegislash|\n|move|p2b: Aegislash|King's Shield|p2b: Aegislash\n|-singleturn|p2b: Aegislash|Protect\n|move|p1a: Kingambit|Kowtow Cleave|p2b: Aegislash\n|-activate|p2b: Aegislash|move: Protect\n|-unboost|p1a: Kingambit|atk|1\n|-ability|p1a: Kingambit|Defiant|boost\n|-boost|p1a: Kingambit|atk|2\n|move|p1b: Farigiraf|Psychic|p2a: Milotic\n|-damage|p2a: Milotic|74/100\n|move|p2a: Milotic|Scald|p1a: Kingambit\n|-damage|p1a: Kingambit|53/100\n|-status|p1a: Kingambit|brn\n|\n|-weather|RainDance|[upkeep]\n|-heal|p2a: Milotic|80/100|[from] item: Leftovers\n|-damage|p1a: Kingambit|47/100 brn|[from] brn\n|-fieldend|move: Trick Room\n|upkeep\n|turn|6\n|c|\u2606uhhncertain|ow\n|\n|t:|1776537045\n|move|p1b: Farigiraf|Helping Hand|p1a: Kingambit\n|-singleturn|p1a: Kingambit|Helping Hand|[of] p1b: Farigiraf\n|-formechange|p2b: Aegislash|Aegislash-Blade|\n|move|p2b: Aegislash|Iron Head|p1b: Farigiraf\n|-damage|p1b: Farigiraf|68/100\n|move|p2a: Milotic|Scald|p1a: Kingambit\n|-damage|p1a: Kingambit|2/100 brn\n|move|p1a: Kingambit|Kowtow Cleave|p2b: Aegislash\n|-supereffective|p2b: Aegislash|1\n|-damage|p2b: Aegislash|0 fnt\n|faint|p2b: Aegislash\n|\n|-weather|none\n|-heal|p2a: Milotic|86/100|[from] item: Leftovers\n|-damage|p1a: Kingambit|0 fnt|[from] brn\n|faint|p1a: Kingambit\n|upkeep\n|j| mysticmarshtomp\n|\n|t:|1776537054\n|switch|p2b: Charizard|Charizard, L50, F|100/100\n|turn|7\n|c|\u2606uhhncertain|gg\n|\n|t:|1776537059\n|detailschange|p2b: Charizard|Charizard-Mega-X, L50, F\n|-mega|p2b: Charizard|Charizard|Charizardite X\n|move|p2b: Charizard|Flare Blitz|p1b: Farigiraf\n|-damage|p1b: Farigiraf|6/100\n|-enditem|p1b: Farigiraf|Sitrus Berry|[eat]\n|-heal|p1b: Farigiraf|31/100|[from] item: Sitrus Berry\n|-damage|p2b: Charizard|76/100|[from] Recoil\n|move|p2a: Milotic|Scald|p1b: Farigiraf\n|-damage|p1b: Farigiraf|0 fnt\n|faint|p1b: Farigiraf\n|\n|win|Jay is decent\n|n|\u2606uhhncertain|uhhncertain\n|n|\u2606Jay is decent|jayisdecent\n|n| maxdeesevgc|maxdeesevgc\n|n| whizz whoosh|whizzwhoosh\n|n| ido1234567890|ido1234567890\n|n| mysticmarshtomp|mysticmarshtomp\n",
  "uploadtime": 1776537059,
  "views": 10,
  "formatid": "gen9championsvgc2026regma",
  "rating": null,
  "private": 0,
  "password": null
}