{
  "id": "gen9championsvgc2026regma-2581288745",
  "format": "[Gen 9 Champions] VGC 2026 Reg M-A",
  "players": [
    "I\u2764\ufe0f\u5a1c\u7984Forever",
    "bluedriver14"
  ],
  "log": "|j|\u2606I\u2764\ufe0f\u5a1c\u7984Forever\n|j|\u2606bluedriver14\n|t:|1775981831\n|gametype|doubles\n|player|p1|I\u2764\ufe0f\u5a1c\u7984Forever|youngcouple-gen4dp|\n|player|p2|bluedriver14|infielder|\n|gen|9\n|tier|[Gen 9 Champions] VGC 2026 Reg M-A\n|rated|Tournament battle\n|rule|Species Clause: Limit one of each Pok\u00e9mon\n|rule|Item Clause: Limit 1 of each item\n|clearpoke\n|poke|p1|Tyranitar, L50, F|\n|poke|p1|Milotic, L50, M|\n|poke|p1|Sylveon, L50, F|\n|poke|p1|Zoroark-Hisui, L50, M|\n|poke|p1|Excadrill, L50, F|\n|poke|p1|Wyrdeer, L50, F|\n|poke|p2|Arcanine-Hisui, L50, M|\n|poke|p2|Basculegion, L50, M|\n|poke|p2|Hydreigon, L50, F|\n|poke|p2|Clefable, L50, M|\n|poke|p2|Corviknight, L50, F|\n|poke|p2|Gallade, L50, M|\n|teampreview|4\n|j| drwyz\n|l| drwyz\n|j| mysticmarshtomp\n|j| mynamegrassgreen\n|j| JaviRu18\n|\n|t:|1775981904\n|teamsize|p1|4\n|teamsize|p2|4\n|start\n|switch|p1a: Milotic|Milotic, L50, M|100/100\n|switch|p1b: Neko Neko.NeNe|Sylveon, L50, F|100/100\n|switch|p2a: Basculegion|Basculegion, L50, M|100/100\n|switch|p2b: Corviknight|Corviknight, L50, F|100/100\n|turn|1\n|j| reanschawrzer\n|\n|t:|1775981928\n|move|p2a: Basculegion|Flip Turn|p1b: Neko Neko.NeNe\n|-crit|p1b: Neko Neko.NeNe\n|-damage|p1b: Neko Neko.NeNe|37/100\n|\n|t:|1775981934\n|switch|p2a: Hydreigon|Hydreigon, L50, F|100/100|[from] Flip Turn\n|move|p2b: Corviknight|Bulk Up|p2b: Corviknight\n|-boost|p2b: Corviknight|atk|1\n|-boost|p2b: Corviknight|def|1\n|move|p1a: Milotic|Substitute|p1a: Milotic\n|-start|p1a: Milotic|Substitute\n|-damage|p1a: Milotic|76/100\n|move|p1b: Neko Neko.NeNe|Hyper Voice|p2a: Hydreigon|[spread] p2a,p2b\n|-supereffective|p2a: Hydreigon|2\n|-enditem|p2a: Hydreigon|Roseli Berry|[eat]\n|-enditem|p2a: Hydreigon|Roseli Berry|[weaken]\n|-resisted|p2b: Corviknight|1\n|-damage|p2a: Hydreigon|15/100\n|-damage|p2b: Corviknight|81/100\n|\n|-heal|p1a: Milotic|82/100|[from] item: Leftovers\n|upkeep\n|turn|2\n|\n|t:|1775981956\n|move|p2a: Hydreigon|Protect|p2a: Hydreigon\n|-singleturn|p2a: Hydreigon|Protect\n|move|p1b: Neko Neko.NeNe|Quick Attack|p2a: Hydreigon\n|-activate|p2a: Hydreigon|move: Protect\n|move|p2b: Corviknight|Brave Bird|p1b: Neko Neko.NeNe\n|-damage|p1b: Neko Neko.NeNe|0 fnt\n|faint|p1b: Neko Neko.NeNe\n|-damage|p2b: Corviknight|69/100|[from] Recoil\n|move|p1a: Milotic|Scald|p2b: Corviknight\n|-damage|p2b: Corviknight|46/100\n|-status|p2b: Corviknight|brn\n|-enditem|p2b: Corviknight|Sitrus Berry|[eat]\n|-heal|p2b: Corviknight|71/100 brn|[from] item: Sitrus Berry\n|\n|-heal|p1a: Milotic|88/100|[from] item: Leftovers\n|-damage|p2b: Corviknight|64/100 brn|[from] brn\n|upkeep\n|\n|t:|1775981968\n|switch|p1b: Excadrill|Excadrill, L50, F|100/100\n|turn|3\n|\n|t:|1775981984\n|move|p1b: Excadrill|Rock Slide|p2b: Corviknight|[spread] p2a,p2b\n|-damage|p2a: Hydreigon|0 fnt\n|-damage|p2b: Corviknight|53/100 brn\n|faint|p2a: Hydreigon\n|move|p2b: Corviknight|Body Press|p1b: Excadrill\n|-supereffective|p1b: Excadrill|1\n|-damage|p1b: Excadrill|62/100\n|move|p1a: Milotic|Scald|p2b: Corviknight\n|-damage|p2b: Corviknight|31/100 brn\n|\n|-heal|p1a: Milotic|94/100|[from] item: Leftovers\n|-damage|p2b: Corviknight|25/100 brn|[from] brn\n|upkeep\n|\n|t:|1775981999\n|switch|p2a: Gallade|Gallade, L50, M|100/100\n|turn|4\n|\n|t:|1775982008\n|detailschange|p2a: Gallade|Gallade-Mega, L50, M\n|-mega|p2a: Gallade|Gallade|Galladite\n|move|p1b: Excadrill|Rock Slide|p2b: Corviknight|[spread] p2a,p2b\n|-resisted|p2a: Gallade|1\n|-crit|p2a: Gallade\n|-damage|p2a: Gallade|86/100\n|-damage|p2b: Corviknight|12/100 brn\n|move|p2a: Gallade|Sacred Sword|p1b: Excadrill\n|-supereffective|p1b: Excadrill|1\n|-damage|p1b: Excadrill|0 fnt\n|faint|p1b: Excadrill\n|move|p2b: Corviknight|Roost|p2b: Corviknight\n|-heal|p2b: Corviknight|62/100 brn\n|-singleturn|p2b: Corviknight|move: Roost\n|move|p1a: Milotic|Scald|p2b: Corviknight\n|-damage|p2b: Corviknight|38/100 brn\n|\n|-heal|p1a: Milotic|100/100|[from] item: Leftovers\n|-damage|p2b: Corviknight|31/100 brn|[from] brn\n|upkeep\n|j| aurora ltd\n|\n|t:|1775982021\n|switch|p1b: Tyranitar|Tyranitar, L50, F|100/100\n|-weather|Sandstorm|[from] ability: Sand Stream|[of] p1b: Tyranitar\n|turn|5\n|\n|t:|1775982038\n|move|p1b: Tyranitar|Protect|p1b: Tyranitar\n|-singleturn|p1b: Tyranitar|Protect\n|move|p2a: Gallade|Sacred Sword|p1b: Tyranitar\n|-activate|p1b: Tyranitar|move: Protect\n|move|p2b: Corviknight|Roost|p2b: Corviknight\n|-heal|p2b: Corviknight|81/100 brn\n|-singleturn|p2b: Corviknight|move: Roost\n|move|p1a: Milotic|Scald|p2a: Gallade\n|-damage|p2a: Gallade|57/100\n|\n|-weather|Sandstorm|[upkeep]\n|-damage|p2a: Gallade|51/100|[from] Sandstorm\n|-damage|p1a: Milotic|94/100|[from] Sandstorm\n|-heal|p1a: Milotic|100/100|[from] item: Leftovers\n|-damage|p2b: Corviknight|75/100 brn|[from] brn\n|upkeep\n|turn|6\n|j| Cannon14\n|\n|t:|1775982066\n|detailschange|p1b: Tyranitar|Tyranitar-Mega, L50, F\n|-mega|p1b: Tyranitar|Tyranitar|Tyranitarite\n|move|p1b: Tyranitar|Protect||[still]\n|-fail|p1b: Tyranitar\n|move|p2a: Gallade|Sacred Sword|p1b: Tyranitar\n|-supereffective|p1b: Tyranitar|2\n|-damage|p1b: Tyranitar|0 fnt\n|faint|p1b: Tyranitar\n|move|p2b: Corviknight|Roost|p2b: Corviknight\n|-heal|p2b: Corviknight|100/100 brn\n|-singleturn|p2b: Corviknight|move: Roost\n|move|p1a: Milotic|Scald|p2a: Gallade\n|-damage|p2a: Gallade|22/100\n|\n|-weather|Sandstorm|[upkeep]\n|-damage|p2a: Gallade|16/100|[from] Sandstorm\n|-damage|p1a: Milotic|94/100|[from] Sandstorm\n|-heal|p1a: Milotic|100/100|[from] item: Leftovers\n|-damage|p2b: Corviknight|94/100 brn|[from] brn\n|upkeep\n|turn|7\n|\n|t:|1775982091\n|move|p2a: Gallade|Sacred Sword|p1a: Milotic\n|-end|p1a: Milotic|Substitute\n|move|p2b: Corviknight|Bulk Up|p2b: Corviknight\n|-boost|p2b: Corviknight|atk|1\n|-boost|p2b: Corviknight|def|1\n|move|p1a: Milotic|Scald|p2a: Gallade\n|-crit|p2a: Gallade\n|-damage|p2a: Gallade|0 fnt\n|faint|p2a: Gallade\n|\n|-weather|Sandstorm|[upkeep]\n|-damage|p1a: Milotic|94/100|[from] Sandstorm\n|-heal|p1a: Milotic|100/100|[from] item: Leftovers\n|-damage|p2b: Corviknight|88/100 brn|[from] brn\n|upkeep\n|\n|t:|1775982107\n|switch|p2a: Basculegion|Basculegion, L50, M|100/100\n|turn|8\n|\n|t:|1775982119\n|move|p2a: Basculegion|Last Respects|p1a: Milotic\n|-damage|p1a: Milotic|27/100\n|move|p2b: Corviknight|Bulk Up|p2b: Corviknight\n|-boost|p2b: Corviknight|atk|1\n|-boost|p2b: Corviknight|def|1\n|move|p1a: Milotic|Substitute|p1a: Milotic\n|-start|p1a: Milotic|Substitute\n|-damage|p1a: Milotic|3/100\n|\n|-weather|Sandstorm|[upkeep]\n|-damage|p2a: Basculegion|94/100|[from] Sandstorm\n|-damage|p1a: Milotic|0 fnt|[from] Sandstorm\n|faint|p1a: Milotic\n|\n|win|bluedriver14\n|n|\u2606I\u2764\ufe0f\u5a1c\u7984Forever|iforever\n|n|\u2606bluedriver14|bluedriver14\n|n| mysticmarshtomp|mysticmarshtomp\n|n| mynamegrassgreen|mynamegrassgreen\n|n| JaviRu18|javiru18\n|n| reanschawrzer|reanschawrzer\n|n| aurora ltd|auroraltd\n|n| Cannon14|cannon14\n|c|\u2606bluedriver14|GG\n|c|\u2606I\u2764\ufe0f\u5a1c\u7984Forever|ggwp\n",
  "uploadtime": 1775982119,
  "views": 12,
  "formatid": "gen9championsvgc2026regma",
  "rating": null,
  "private": 0,
  "password": null
}