{
  "id": "gen9championsvgc2026regma-2582076934",
  "format": "[Gen 9 Champions] VGC 2026 Reg M-A",
  "players": [
    "Hongtao7",
    "hayniu"
  ],
  "log": "|j|\u2606Hongtao7\n|j|\u2606hayniu\n|t:|1776054983\n|gametype|doubles\n|player|p1|Hongtao7|gambler|1176\n|player|p2|hayniu|1|1177\n|gen|9\n|tier|[Gen 9 Champions] VGC 2026 Reg M-A\n|rated|\n|rule|Species Clause: Limit one of each Pok\u00e9mon\n|rule|Item Clause: Limit 1 of each item\n|clearpoke\n|poke|p1|Incineroar, L50, F|\n|poke|p1|Garchomp, L50, M|\n|poke|p1|Floette-Eternal, L50, F|\n|poke|p1|Delphox, L50, M|\n|poke|p1|Maushold-Four, L50|\n|poke|p1|Aerodactyl, L50, M|\n|poke|p2|Camerupt, L50, F|\n|poke|p2|Chesnaught, L50, M|\n|poke|p2|Crabominable, L50, M|\n|poke|p2|Aurorus, L50, F|\n|poke|p2|Mimikyu, L50, M|\n|poke|p2|Floette-Eternal, L50, F|\n|teampreview|4\n|inactive|Battle timer is ON: inactive players will automatically lose when time's up. (requested by Hongtao7)\n|inactive|Hongtao7 has 60 seconds left.\n|inactive|hayniu has 60 seconds left.\n|\n|t:|1776055050\n|teamsize|p1|4\n|teamsize|p2|4\n|start\n|switch|p1a: Garchomp|Garchomp, L50, M|100/100\n|switch|p1b: Floette|Floette-Eternal, L50, F|100/100\n|switch|p2a: Chesnaught|Chesnaught, L50, M|100/100\n|switch|p2b: Mimikyu|Mimikyu, L50, M|100/100\n|turn|1\n|inactive|hayniu has 30 seconds left.\n|\n|t:|1776055076\n|detailschange|p1b: Floette|Floette-Mega, L50, F\n|-mega|p1b: Floette|Floette|Floettite\n|-ability|p1b: Floette|Fairy Aura\n|move|p2a: Chesnaught|Wide Guard|p2a: Chesnaught\n|-singleturn|p2a: Chesnaught|Wide Guard\n|move|p1b: Floette|Dazzling Gleam|p2a: Chesnaught|[spread] \n|-activate|p2a: Chesnaught|move: Wide Guard\n|-activate|p2b: Mimikyu|move: Wide Guard\n|move|p1a: Garchomp|Rock Slide|p2b: Mimikyu|[spread] \n|-activate|p2a: Chesnaught|move: Wide Guard\n|-activate|p2b: Mimikyu|move: Wide Guard\n|move|p2b: Mimikyu|Trick Room|p2b: Mimikyu\n|-fieldstart|move: Trick Room|[of] p2b: Mimikyu\n|\n|upkeep\n|turn|2\n|inactive|Hongtao7 has 30 seconds left.\n|inactive|Hongtao7 has 20 seconds left.\n|inactive|Hongtao7 has 15 seconds left.\n|\n|t:|1776055117\n|move|p1a: Garchomp|Protect|p1a: Garchomp\n|-singleturn|p1a: Garchomp|Protect\n|move|p1b: Floette|Protect|p1b: Floette\n|-singleturn|p1b: Floette|Protect\n|move|p2a: Chesnaught|Coaching|p2b: Mimikyu\n|-boost|p2b: Mimikyu|atk|1\n|-boost|p2b: Mimikyu|def|1\n|move|p2b: Mimikyu|Play Rough|p1a: Garchomp\n|-activate|p1a: Garchomp|move: Protect\n|\n|upkeep\n|turn|3\n|\n|t:|1776055132\n|switch|p1a: Incineroar|Incineroar, L50, F|100/100\n|-ability|p1a: Incineroar|Intimidate|boost\n|-unboost|p2a: Chesnaught|atk|1\n|-unboost|p2b: Mimikyu|atk|1\n|move|p2a: Chesnaught|Coaching|p2b: Mimikyu\n|-boost|p2b: Mimikyu|atk|1\n|-boost|p2b: Mimikyu|def|1\n|move|p2b: Mimikyu|Play Rough|p1b: Floette\n|-damage|p1b: Floette|0 fnt\n|faint|p1b: Floette\n|\n|upkeep\n|\n|t:|1776055151\n|switch|p1b: Maushold|Maushold-Four, L50|100/100\n|turn|4\n|\n|t:|1776055158\n|move|p1a: Incineroar|Fake Out|p2a: Chesnaught\n|-damage|p2a: Chesnaught|93/100\n|move|p1b: Maushold|Follow Me|p1b: Maushold\n|-singleturn|p1b: Maushold|move: Follow Me\n|cant|p2a: Chesnaught|flinch\n|move|p2b: Mimikyu|Play Rough|p1b: Maushold\n|-damage|p1b: Maushold|44/100\n|\n|upkeep\n|turn|5\n|\n|t:|1776055175\n|move|p1b: Maushold|Protect|p1b: Maushold\n|-singleturn|p1b: Maushold|Protect\n|move|p1a: Incineroar|Parting Shot|p2b: Mimikyu\n|-unboost|p2b: Mimikyu|atk|1\n|-unboost|p2b: Mimikyu|spa|1\n|\n|t:|1776055181\n|switch|p1a: Garchomp|Garchomp, L50, M|100/100|[from] Parting Shot\n|move|p2a: Chesnaught|Body Press|p1a: Garchomp\n|-damage|p1a: Garchomp|65/100\n|-damage|p2a: Chesnaught|81/100|[from] ability: Rough Skin|[of] p1a: Garchomp\n|move|p2b: Mimikyu|Play Rough|p1b: Maushold\n|-activate|p1b: Maushold|move: Protect\n|\n|-fieldend|move: Trick Room\n|upkeep\n|turn|6\n|\n|t:|1776055201\n|switch|p1a: Incineroar|Incineroar, L50, F|100/100\n|-ability|p1a: Incineroar|Intimidate|boost\n|-unboost|p2a: Chesnaught|atk|1\n|-unboost|p2b: Mimikyu|atk|1\n|move|p2a: Chesnaught|Wide Guard|p2a: Chesnaught\n|-singleturn|p2a: Chesnaught|Wide Guard\n|move|p1b: Maushold|Taunt|p2a: Chesnaught\n|-start|p2a: Chesnaught|move: Taunt\n|move|p2b: Mimikyu|Trick Room|p2b: Mimikyu\n|-fieldstart|move: Trick Room|[of] p2b: Mimikyu\n|\n|upkeep\n|turn|7\n|\n|t:|1776055222\n|switch|p2b: Camerupt|Camerupt, L50, F|100/100\n|move|p1b: Maushold|Follow Me|p1b: Maushold\n|-singleturn|p1b: Maushold|move: Follow Me\n|move|p1a: Incineroar|Parting Shot|p2b: Camerupt\n|-unboost|p2b: Camerupt|atk|1\n|-unboost|p2b: Camerupt|spa|1\n|\n|t:|1776055233\n|switch|p1a: Garchomp|Garchomp, L50, M|65/100|[from] Parting Shot\n|move|p2a: Chesnaught|Body Press|p1b: Maushold\n|-supereffective|p1b: Maushold|1\n|-enditem|p1b: Maushold|Chople Berry|[eat]\n|-enditem|p1b: Maushold|Chople Berry|[weaken]\n|-damage|p1b: Maushold|3/100\n|\n|upkeep\n|turn|8\n|\n|t:|1776055248\n|detailschange|p2b: Camerupt|Camerupt-Mega, L50, F\n|-mega|p2b: Camerupt|Camerupt|Cameruptite\n|move|p1b: Maushold|Protect|p1b: Maushold\n|-singleturn|p1b: Maushold|Protect\n|move|p1a: Garchomp|Protect|p1a: Garchomp\n|-singleturn|p1a: Garchomp|Protect\n|move|p2b: Camerupt|Heat Wave|p1a: Garchomp|[spread] \n|-activate|p1a: Garchomp|move: Protect\n|-activate|p1b: Maushold|move: Protect\n|move|p2a: Chesnaught|Body Press|p1b: Maushold\n|-activate|p1b: Maushold|move: Protect\n|\n|upkeep\n|turn|9\n|\n|t:|1776055268\n|switch|p2b: Aurorus|Aurorus, L50, F|100/100\n|-weather|Snowscape|[from] ability: Snow Warning|[of] p2b: Aurorus\n|switch|p1a: Incineroar|Incineroar, L50, F|100/100\n|-ability|p1a: Incineroar|Intimidate|boost\n|-unboost|p2a: Chesnaught|atk|1\n|-unboost|p2b: Aurorus|atk|1\n|move|p1b: Maushold|Follow Me|p1b: Maushold\n|-singleturn|p1b: Maushold|move: Follow Me\n|move|p2a: Chesnaught|Body Press|p1b: Maushold\n|-supereffective|p1b: Maushold|1\n|-damage|p1b: Maushold|0 fnt\n|faint|p1b: Maushold\n|\n|-weather|Snowscape|[upkeep]\n|-end|p2a: Chesnaught|move: Taunt\n|upkeep\n|\n|t:|1776055279\n|switch|p1b: Garchomp|Garchomp, L50, M|65/100\n|turn|10\n|\n|t:|1776055303\n|move|p1a: Incineroar|Fake Out|p2b: Aurorus\n|-resisted|p2b: Aurorus|1\n|-damage|p2b: Aurorus|97/100\n|move|p2a: Chesnaught|Wide Guard|p2a: Chesnaught\n|-singleturn|p2a: Chesnaught|Wide Guard\n|cant|p2b: Aurorus|flinch\n|move|p1b: Garchomp|Rock Slide|p2b: Aurorus|[spread] \n|-activate|p2a: Chesnaught|move: Wide Guard\n|-activate|p2b: Aurorus|move: Wide Guard\n|\n|-weather|Snowscape|[upkeep]\n|-fieldend|move: Trick Room\n|upkeep\n|turn|11\n|\n|t:|1776055311\n|move|p1b: Garchomp|Protect|p1b: Garchomp\n|-singleturn|p1b: Garchomp|Protect\n|move|p2a: Chesnaught|Wide Guard|p2a: Chesnaught\n|-singleturn|p2a: Chesnaught|Wide Guard\n|move|p1a: Incineroar|Flare Blitz|p2a: Chesnaught\n|-supereffective|p2a: Chesnaught|1\n|-damage|p2a: Chesnaught|19/100\n|-enditem|p2a: Chesnaught|Sitrus Berry|[eat]\n|-heal|p2a: Chesnaught|43/100|[from] item: Sitrus Berry\n|-damage|p1a: Incineroar|82/100|[from] Recoil\n|move|p2b: Aurorus|Blizzard|p1b: Garchomp|[spread] p1a\n|-activate|p1b: Garchomp|move: Protect\n|-resisted|p1a: Incineroar|1\n|-damage|p1a: Incineroar|68/100\n|\n|-weather|Snowscape|[upkeep]\n|upkeep\n|turn|12\n|\n|t:|1776055334\n|move|p2a: Chesnaught|Wide Guard|p2a: Chesnaught\n|-singleturn|p2a: Chesnaught|Wide Guard\n|move|p1b: Garchomp|Dragon Claw|p2b: Aurorus\n|-damage|p2b: Aurorus|68/100\n|move|p1a: Incineroar|Flare Blitz|p2a: Chesnaught\n|-supereffective|p2a: Chesnaught|1\n|-damage|p2a: Chesnaught|0 fnt\n|faint|p2a: Chesnaught\n|-damage|p1a: Incineroar|55/100|[from] Recoil\n|move|p2b: Aurorus|Blizzard|p1b: Garchomp|[spread] p1a,p1b\n|-resisted|p1a: Incineroar|1\n|-supereffective|p1b: Garchomp|2\n|-damage|p1a: Incineroar|43/100\n|-damage|p1b: Garchomp|0 fnt\n|-enditem|p1a: Incineroar|Sitrus Berry|[eat]\n|-heal|p1a: Incineroar|68/100|[from] item: Sitrus Berry\n|faint|p1b: Garchomp\n|\n|-weather|Snowscape|[upkeep]\n|upkeep\n|-message|Hongtao7 forfeited.\n|\n|win|hayniu\n|raw|Hongtao7's rating: 1176 &rarr; <strong>1151</strong><br />(-25 for losing)\n|raw|hayniu's rating: 1177 &rarr; <strong>1202</strong><br />(+25 for winning)\n|l|\u2606Hongtao7\n|player|p1|\n",
  "uploadtime": 1776055342,
  "views": 12,
  "formatid": "gen9championsvgc2026regma",
  "rating": 1151,
  "private": 0,
  "password": null
}