{
  "id": "gen9championsvgc2026regma-2584436912",
  "format": "[Gen 9 Champions] VGC 2026 Reg M-A",
  "players": [
    "MDoomHound",
    "Daehkcarc420"
  ],
  "log": "|j|\u2606MDoomHound\n|j|\u2606Daehkcarc420\n|t:|1776260787\n|gametype|doubles\n|player|p1|MDoomHound|biker|1145\n|player|p2|Daehkcarc420|266|1187\n|gen|9\n|tier|[Gen 9 Champions] VGC 2026 Reg M-A\n|rated|\n|rule|Species Clause: Limit one of each Pok\u00e9mon\n|rule|Item Clause: Limit 1 of each item\n|clearpoke\n|poke|p1|Houndoom, L50, M|\n|poke|p1|Torkoal, L50, M|\n|poke|p1|Whimsicott, L50, M|\n|poke|p1|Sinistcha-Masterpiece, L50|\n|poke|p1|Farigiraf, L50, M|\n|poke|p1|Emboar, L50, M|\n|poke|p2|Flapple, L50, F|\n|poke|p2|Farigiraf, L50, F|\n|poke|p2|Camerupt, L50, M|\n|poke|p2|Crabominable, L50, M|\n|poke|p2|Sinistcha-Masterpiece, L50|\n|poke|p2|Hatterene, L50, F|\n|teampreview|4\n|inactive|Battle timer is ON: inactive players will automatically lose when time's up. (requested by Daehkcarc420)\n|c|\u2606MDoomHound|Dare to use my own spell against me potter?\n|inactive|MDoomHound has 60 seconds left.\n|c|\u2606Daehkcarc420|imagine having weather\n|c|\u2606Daehkcarc420|could not be me\n|c|\u2606MDoomHound|:(\n|inactive|MDoomHound has 30 seconds left.\n|c|\u2606MDoomHound|Its a hybrid\n|\n|t:|1776260852\n|teamsize|p1|4\n|teamsize|p2|4\n|start\n|switch|p1a: Torkoal|Torkoal, L50, M|100/100\n|switch|p1b: Whimsicott|Whimsicott, L50, M|100/100\n|switch|p2a: Farigiraf|Farigiraf, L50, F|100/100\n|switch|p2b: Flapple|Flapple, L50, F|100/100\n|-weather|SunnyDay|[from] ability: Drought|[of] p1a: Torkoal\n|turn|1\n|c|\u2606Daehkcarc420|full trick room for me\n|c|\u2606MDoomHound|i Saw\n|\n|t:|1776260876\n|move|p1a: Torkoal|Protect|p1a: Torkoal\n|-singleturn|p1a: Torkoal|Protect\n|move|p1b: Whimsicott|Moonblast|p2b: Flapple\n|-supereffective|p2b: Flapple|1\n|-enditem|p2b: Flapple|Focus Sash\n|-damage|p2b: Flapple|1/100\n|move|p2b: Flapple|Growth|p2b: Flapple\n|-boost|p2b: Flapple|atk|2\n|-boost|p2b: Flapple|spa|2\n|move|p2a: Farigiraf|Trick Room|p2a: Farigiraf\n|-fieldstart|move: Trick Room|[of] p2a: Farigiraf\n|\n|-weather|SunnyDay|[upkeep]\n|upkeep\n|turn|2\n|c|\u2606Daehkcarc420|fck i forgot flapple too fast\n|inactive|Daehkcarc420 has 30 seconds left.\n|c|\u2606MDoomHound|yeah, hesa pretty fast\n|c|\u2606Daehkcarc420|welp hes dead\n|inactive|Daehkcarc420 has 20 seconds left.\n|inactive|Daehkcarc420 has 15 seconds left.\n|\n|t:|1776260917\n|move|p1a: Torkoal|Eruption|p2b: Flapple|[spread] p2a,p2b\n|-damage|p2a: Farigiraf|35/100\n|-damage|p2b: Flapple|0 fnt\n|faint|p2b: Flapple\n|move|p2a: Farigiraf|Psychic Terrain|p2a: Farigiraf\n|-fieldstart|move: Psychic Terrain\n|move|p1b: Whimsicott|Moonblast|p2a: Farigiraf\n|-damage|p2a: Farigiraf|4/100\n|\n|-weather|SunnyDay|[upkeep]\n|upkeep\n|\n|t:|1776260924\n|switch|p2b: Hatterene|Hatterene, L50, F|100/100\n|turn|3\n|\n|t:|1776260936\n|switch|p2a: Camerupt|Camerupt, L50, M|100/100\n|move|p1a: Torkoal|Eruption|p2b: Hatterene|[spread] p2a,p2b\n|-resisted|p2a: Camerupt|1\n|-damage|p2a: Camerupt|45/100\n|-damage|p2b: Hatterene|8/100\n|move|p2b: Hatterene|Expanding Force|p1b: Whimsicott|[spread] p1a,p1b\n|-damage|p1a: Torkoal|0 fnt\n|-enditem|p1b: Whimsicott|Focus Sash\n|-damage|p1b: Whimsicott|1/100\n|faint|p1a: Torkoal\n|move|p1b: Whimsicott|Moonblast|p2b: Hatterene\n|-damage|p2b: Hatterene|0 fnt\n|faint|p2b: Hatterene\n|\n|-weather|SunnyDay|[upkeep]\n|upkeep\n|\n|t:|1776260952\n|switch|p1a: Sinistcha|Sinistcha-Masterpiece, L50|100/100\n|switch|p2b: Farigiraf|Farigiraf, L50, F|4/100\n|-heal|p1b: Whimsicott|26/100|[from] ability: Hospitality|[of] p1a: Sinistcha\n|turn|4\n|inactive|MDoomHound has 30 seconds left.\n|\n|t:|1776260985\n|detailschange|p2a: Camerupt|Camerupt-Mega, L50, M\n|-mega|p2a: Camerupt|Camerupt|Cameruptite\n|move|p2a: Camerupt|Heat Wave|p1a: Sinistcha|[spread] p1a,p1b\n|-supereffective|p1a: Sinistcha|1\n|-supereffective|p1b: Whimsicott|1\n|-damage|p1a: Sinistcha|0 fnt\n|-damage|p1b: Whimsicott|0 fnt\n|faint|p1a: Sinistcha\n|faint|p1b: Whimsicott\n|move|p2b: Farigiraf|Expanding Force|p1: Sinistcha|[notarget]\n|-fail|p2b: Farigiraf\n|\n|-weather|SunnyDay|[upkeep]\n|upkeep\n|\n|t:|1776260990\n|switch|p1b: Emboar|Emboar, L50, M|100/100\n|turn|5\n|c|\u2606MDoomHound|gg\n|c|\u2606Daehkcarc420|ggs\n|c|\u2606Daehkcarc420|expanding force op tho\n|inactive|MDoomHound has 30 seconds left.\n|c|\u2606MDoomHound|yeah its good\n|\n|t:|1776261021\n|detailschange|p1b: Emboar|Emboar-Mega, L50, M\n|-mega|p1b: Emboar|Emboar|Emboarite\n|-ability|p1b: Emboar|Mold Breaker\n|move|p2a: Camerupt|Earth Power|p1b: Emboar\n|-supereffective|p1b: Emboar|1\n|-damage|p1b: Emboar|0 fnt\n|faint|p1b: Emboar\n|\n|win|Daehkcarc420\n|raw|MDoomHound's rating: 1145 &rarr; <strong>1123</strong><br />(-22 for losing)\n|raw|Daehkcarc420's rating: 1187 &rarr; <strong>1209</strong><br />(+22 for winning)\n|c|\u2606Daehkcarc420|if u had protect lowk winnable\n|c|\u2606MDoomHound|yeah. i think i will do that with some more mons\n",
  "uploadtime": 1776261051,
  "views": 20,
  "formatid": "gen9championsvgc2026regma",
  "rating": 1123,
  "private": 0,
  "password": null
}