{
  "id": "gen9championsvgc2026regma-2581628355",
  "format": "[Gen 9 Champions] VGC 2026 Reg M-A",
  "players": [
    "pokemon_oofer",
    "AcoolDude211"
  ],
  "log": "|j|\u2606pokemon_oofer\n|j|\u2606AcoolDude211\n|t:|1776016311\n|gametype|doubles\n|player|p1|pokemon_oofer|miku-ground|1128\n|player|p2|AcoolDude211|265|1076\n|gen|9\n|tier|[Gen 9 Champions] VGC 2026 Reg M-A\n|rated|\n|rule|Species Clause: Limit one of each Pok\u00e9mon\n|rule|Item Clause: Limit 1 of each item\n|clearpoke\n|poke|p1|Floette-Eternal, L50, F|\n|poke|p1|Garchomp, L50, F|\n|poke|p1|Delphox, L50, M|\n|poke|p1|Orthworm, L50, F|\n|poke|p1|Whimsicott, L50, F|\n|poke|p1|Rotom-Wash, L50|\n|poke|p2|Emboar, L50, M|\n|poke|p2|Reuniclus, L50, M|\n|poke|p2|Dragonite, L50, F|\n|poke|p2|Palafin, L50, F|\n|poke|p2|Sinistcha, L50|\n|poke|p2|Lycanroc-Dusk, L50, F|\n|teampreview|4\n|inactive|Battle timer is ON: inactive players will automatically lose when time's up. (requested by AcoolDude211)\n|\n|t:|1776016357\n|teamsize|p1|4\n|teamsize|p2|4\n|start\n|switch|p1a: Garchomp|Garchomp, L50, F|100/100\n|switch|p1b: Orthworm|Orthworm, L50, F|100/100\n|switch|p2a: Emboar|Emboar, L50, M|100/100\n|switch|p2b: Reuniclus|Reuniclus, L50, M|100/100\n|turn|1\n|inactive|AcoolDude211 has 30 seconds left.\n|inactive|AcoolDude211 has 20 seconds left.\n|inactive|AcoolDude211 has 15 seconds left.\n|inactive|AcoolDude211 has 10 seconds left.\n|inactive|AcoolDude211 has 5 seconds left.\n|\n|t:|1776016408\n|detailschange|p2a: Emboar|Emboar-Mega, L50, M\n|-mega|p2a: Emboar|Emboar|Emboarite\n|-ability|p2a: Emboar|Mold Breaker\n|move|p1b: Orthworm|Protect|p1b: Orthworm\n|-singleturn|p1b: Orthworm|Protect\n|move|p2a: Emboar|Sucker Punch|p1a: Garchomp\n|-damage|p1a: Garchomp|70/100\n|-damage|p2a: Emboar|88/100|[from] ability: Rough Skin|[of] p1a: Garchomp\n|move|p1a: Garchomp|Breaking Swipe|p2a: Emboar|[spread] p2a,p2b\n|-damage|p2a: Emboar|55/100\n|-damage|p2b: Reuniclus|76/100\n|-unboost|p2a: Emboar|atk|1\n|-unboost|p2b: Reuniclus|atk|1\n|move|p2b: Reuniclus|Trick Room|p2b: Reuniclus\n|-fieldstart|move: Trick Room|[of] p2b: Reuniclus\n|\n|upkeep\n|turn|2\n|inactive|pokemon_oofer has 30 seconds left.\n|inactive|AcoolDude211 has 30 seconds left.\n|inactive|pokemon_oofer has 20 seconds left.\n|inactive|AcoolDude211 has 20 seconds left.\n|inactive|pokemon_oofer has 15 seconds left.\n|inactive|AcoolDude211 has 15 seconds left.\n|inactive|pokemon_oofer has 10 seconds left.\n|inactive|AcoolDude211 has 10 seconds left.\n|\n|t:|1776016457\n|move|p2b: Reuniclus|Reflect|p2b: Reuniclus\n|-sidestart|p2: AcoolDude211|Reflect\n|move|p1b: Orthworm|Shed Tail|p1b: Orthworm\n|-start|p1b: Orthworm|Substitute|[from] move: Shed Tail\n|-damage|p1b: Orthworm|50/100\n|-enditem|p1b: Orthworm|Sitrus Berry|[eat]\n|-heal|p1b: Orthworm|75/100|[from] item: Sitrus Berry\n|\n|t:|1776016464\n|switch|p1b: Floette|Floette-Eternal, L50, F|100/100|[from] Shed Tail\n|move|p2a: Emboar|Hammer Arm|p1b: Floette\n|-resisted|p1b: Floette|1\n|-end|p1b: Floette|Substitute\n|-unboost|p2a: Emboar|spe|1\n|move|p1a: Garchomp|Earthquake|p2a: Emboar|[spread] p1b,p2a,p2b\n|-supereffective|p2a: Emboar|1\n|-damage|p1b: Floette|33/100\n|-damage|p2a: Emboar|0 fnt\n|-damage|p2b: Reuniclus|48/100\n|faint|p2a: Emboar\n|\n|upkeep\n|\n|t:|1776016486\n|switch|p2a: Lycanroc|Lycanroc-Dusk, L50, F|100/100\n|turn|3\n|inactive|AcoolDude211 has 30 seconds left.\n|\n|t:|1776016517\n|switch|p2a: Palafin|Palafin, L50, F|100/100\n|move|p1b: Floette|Protect|p1b: Floette\n|-singleturn|p1b: Floette|Protect\n|move|p2b: Reuniclus|Encore|p1a: Garchomp\n|-start|p1a: Garchomp|Encore\n|move|p1a: Garchomp|Earthquake|p2a: Palafin|[spread] p2a,p2b\n|-activate|p1b: Floette|move: Protect\n|-damage|p2a: Palafin|74/100\n|-damage|p2b: Reuniclus|18/100\n|\n|upkeep\n|turn|4\n|inactive|pokemon_oofer has 30 seconds left.\n|inactive|AcoolDude211 has 30 seconds left.\n|inactive|pokemon_oofer has 20 seconds left.\n|inactive|pokemon_oofer has 15 seconds left.\n|inactive|pokemon_oofer has 10 seconds left.\n|\n|t:|1776016566\n|move|p2b: Reuniclus|Psychic|p1a: Garchomp\n|-crit|p1a: Garchomp\n|-damage|p1a: Garchomp|6/100\n|move|p1b: Floette|Energy Ball|p2a: Palafin\n|-supereffective|p2a: Palafin|1\n|-damage|p2a: Palafin|0 fnt\n|faint|p2a: Palafin\n|move|p1a: Garchomp|Earthquake|p2b: Reuniclus|[spread] p1b,p2b\n|-damage|p1b: Floette|0 fnt\n|-damage|p2b: Reuniclus|0 fnt\n|faint|p1b: Floette\n|faint|p2b: Reuniclus\n|\n|upkeep\n|\n|t:|1776016581\n|switch|p2b: Lycanroc|Lycanroc-Dusk, L50, F|100/100\n|switch|p1b: Orthworm|Orthworm, L50, F|75/100\n|turn|5\n|\n|t:|1776016592\n|move|p2b: Lycanroc|Accelerock|p1a: Garchomp\n|-resisted|p1a: Garchomp|1\n|-damage|p1a: Garchomp|0 fnt\n|-damage|p2b: Lycanroc|88/100|[from] ability: Rough Skin|[of] p1a: Garchomp\n|faint|p1a: Garchomp\n|move|p1b: Orthworm|Heavy Slam|p2b: Lycanroc\n|-supereffective|p2b: Lycanroc|1\n|-damage|p2b: Lycanroc|14/100\n|\n|-fieldend|move: Trick Room\n|upkeep\n|\n|t:|1776016600\n|switch|p1a: Whimsicott|Whimsicott, L50, F|100/100\n|turn|6\n|\n|t:|1776016608\n|move|p1a: Whimsicott|Encore|p2b: Lycanroc\n|-start|p2b: Lycanroc|Encore\n|move|p2b: Lycanroc|Accelerock|p1b: Orthworm\n|-resisted|p1b: Orthworm|1\n|-damage|p1b: Orthworm|68/100\n|move|p1b: Orthworm|Heavy Slam|p2b: Lycanroc\n|-supereffective|p2b: Lycanroc|1\n|-damage|p2b: Lycanroc|0 fnt\n|faint|p2b: Lycanroc\n|\n|win|pokemon_oofer\n|raw|pokemon_oofer's rating: 1128 &rarr; <strong>1149</strong><br />(+21 for winning)\n|raw|AcoolDude211's rating: 1076 &rarr; <strong>1058</strong><br />(-18 for losing)\n|c|\u2606pokemon_oofer|gg\n|l|\u2606AcoolDude211\n|player|p2|\n",
  "uploadtime": 1776016625,
  "views": 21,
  "formatid": "gen9championsvgc2026regma",
  "rating": 1058,
  "private": 0,
  "password": null
}