{
  "id": "gen9championsvgc2026regma-2588346497",
  "format": "[Gen 9 Champions] VGC 2026 Reg M-A",
  "players": [
    "yrrap",
    "shu0910"
  ],
  "log": "|j|\u2606yrrap\n|j|\u2606shu0910\n|html|<table width=\"100%\"><tr><td align=\"left\">yrrap</td><td align=\"right\">shu0910</tr><tr><td align=\"left\"><i class=\"fa fa-circle\"></i> <i class=\"fa fa-circle-o\"></i> </td><td align=\"right\"><i class=\"fa fa-circle-o\"></i> <i class=\"fa fa-circle-o\"></i> </tr></table>\n|uhtml|bestof|<h2><strong>Game 2</strong> of <a href=\"/game-bestof3-gen9championsvgc2026regma-2588343599\">a best-of-3</a></h2>\n|t:|1776625969\n|gametype|doubles\n|player|p1|yrrap|lance-masters2|\n|player|p2|shu0910|101|\n|gen|9\n|tier|[Gen 9 Champions] VGC 2026 Reg M-A\n|rule|Species Clause: Limit one of each Pok\u00e9mon\n|rule|Item Clause: Limit 1 of each item\n|raw|<div class=\"infobox\"><details class=\"readmore\" open><summary><strong>1 custom rule:</strong></summary> Best of = 3</details></div>\n|clearpoke\n|poke|p1|Simisear, L50, F, shiny|\n|poke|p1|Simipour, L50, M, shiny|\n|poke|p1|Simisage, L50, M, shiny|\n|poke|p1|Floette-Eternal, L50, F|\n|poke|p1|Maushold, L50|\n|poke|p1|Noivern, L50, F|\n|poke|p2|Froslass, L50, F|\n|poke|p2|Corviknight, L50, M|\n|poke|p2|Milotic, L50, M|\n|poke|p2|Ceruledge, L50, M|\n|poke|p2|Ninetales-Alola, L50, M|\n|poke|p2|Samurott-Hisui, L50, F|\n|teampreview|4\nyrrap rejected open team sheets.\n|c|\u2606yrrap|Glhf g2\n|\n|t:|1776626052\n|teamsize|p1|4\n|teamsize|p2|4\n|start\n|switch|p1a: Dark Sear|Simisear, L50, F, shiny|100/100\n|switch|p1b: Dark Pour|Simipour, L50, M, shiny|100/100\n|switch|p2a: Ninetales|Ninetales-Alola, L50, M|100/100\n|switch|p2b: Ceruledge|Ceruledge, L50, M|100/100\n|turn|1\n|\n|t:|1776626086\n|switch|p2b: Milotic|Milotic, L50, M|100/100\n|move|p1a: Dark Sear|Fake Out|p2a: Ninetales\n|-damage|p2a: Ninetales|87/100\n|cant|p2a: Ninetales|flinch\n|move|p1b: Dark Pour|Hydro Pump|p2b: Milotic|[miss]\n|-miss|p1b: Dark Pour|p2b: Milotic\n|\n|upkeep\n|turn|2\n|\n|t:|1776626112\n|switch|p1b: Dark Sage|Simisage, L50, M, shiny|100/100\n|move|p2a: Ninetales|Freeze-Dry|p1b: Dark Sage\n|-supereffective|p1b: Dark Sage|1\n|-crit|p1b: Dark Sage\n|-enditem|p1b: Dark Sage|Yache Berry|[eat]\n|-enditem|p1b: Dark Sage|Yache Berry|[weaken]\n|-damage|p1b: Dark Sage|32/100\n|move|p1a: Dark Sear|Heat Wave|p2a: Ninetales|[spread] p2a,p2b\n|-supereffective|p2a: Ninetales|1\n|-resisted|p2b: Milotic|1\n|-damage|p2a: Ninetales|0 fnt\n|-damage|p2b: Milotic|84/100\n|faint|p2a: Ninetales\n|move|p2b: Milotic|Muddy Water|p1b: Dark Sage|[spread] p1a,p1b\n|-supereffective|p1a: Dark Sear|1\n|-resisted|p1b: Dark Sage|1\n|-damage|p1a: Dark Sear|8/100\n|-damage|p1b: Dark Sage|9/100\n|-unboost|p1b: Dark Sage|accuracy|1\n|\n|upkeep\n|\n|t:|1776626128\n|switch|p2a: Froslass|Froslass, L50, F|100/100\n|turn|3\n|\n|t:|1776626139\n|detailschange|p2a: Froslass|Froslass-Mega, L50, F\n|-mega|p2a: Froslass|Froslass|Froslassite\n|-weather|Snowscape|[from] ability: Snow Warning|[of] p2a: Froslass\n|move|p1b: Dark Sage|Fake Out|p2b: Milotic\n|-damage|p2b: Milotic|67/100\n|move|p2a: Froslass|Aurora Veil|p2a: Froslass\n|-sidestart|p2: shu0910|move: Aurora Veil\n|move|p1a: Dark Sear|Heat Wave|p2b: Milotic|[spread] p2a,p2b\n|-supereffective|p2a: Froslass|1\n|-resisted|p2b: Milotic|1\n|-damage|p2a: Froslass|1/100\n|-damage|p2b: Milotic|50/100\n|-enditem|p2b: Milotic|Sitrus Berry|[eat]\n|-heal|p2b: Milotic|75/100|[from] item: Sitrus Berry\n|cant|p2b: Milotic|flinch\n|\n|-weather|Snowscape|[upkeep]\n|upkeep\n|turn|4\n|j| pokemon_and_beer\n|\n|t:|1776626160\n|move|p2a: Froslass|Blizzard|p1a: Dark Sear|[spread] p1a,p1b\n|-resisted|p1a: Dark Sear|1\n|-supereffective|p1b: Dark Sage|1\n|-damage|p1a: Dark Sear|0 fnt\n|-damage|p1b: Dark Sage|0 fnt\n|faint|p1a: Dark Sear\n|faint|p1b: Dark Sage\n|move|p2b: Milotic|Muddy Water|p1: Dark Sear|[notarget]\n|-fail|p2b: Milotic\n|\n|-weather|Snowscape|[upkeep]\n|upkeep\n|\n|t:|1776626161\n|switch|p1b: Fleur|Floette-Eternal, L50, F|100/100\n|switch|p1a: Dark Pour|Simipour, L50, M, shiny|100/100\n|turn|5\n|\n|t:|1776626182\n|detailschange|p1b: Fleur|Floette-Mega, L50, F\n|-mega|p1b: Fleur|Floette|Floettite\n|-ability|p1b: Fleur|Fairy Aura\n|move|p1a: Dark Pour|Blizzard|p2a: Froslass|[spread] p2a,p2b\n|-resisted|p2a: Froslass|1\n|-resisted|p2b: Milotic|1\n|-damage|p2a: Froslass|0 fnt\n|-damage|p2b: Milotic|69/100\n|faint|p2a: Froslass\n|move|p2b: Milotic|Muddy Water|p1a: Dark Pour|[spread] p1a,p1b\n|-resisted|p1a: Dark Pour|1\n|-damage|p1a: Dark Pour|79/100\n|-damage|p1b: Fleur|77/100\n|move|p1b: Fleur|Calm Mind|p1b: Fleur\n|-boost|p1b: Fleur|spa|1\n|-boost|p1b: Fleur|spd|1\n|\n|-weather|Snowscape|[upkeep]\n|upkeep\n|\n|t:|1776626195\n|switch|p2a: Ceruledge|Ceruledge, L50, M|100/100\n|turn|6\n|\n|t:|1776626203\n|move|p1a: Dark Pour|Blizzard|p2b: Milotic|[spread] p2a,p2b\n|-resisted|p2a: Ceruledge|1\n|-resisted|p2b: Milotic|1\n|-damage|p2a: Ceruledge|91/100\n|-damage|p2b: Milotic|61/100\n|move|p2a: Ceruledge|Bitter Blade|p1b: Fleur\n|-damage|p1b: Fleur|39/100\n|-heal|p2a: Ceruledge|100/100|[from] drain|[of] p1b: Fleur\n|move|p2b: Milotic|Muddy Water|p1b: Fleur|[spread] p1a,p1b\n|-resisted|p1a: Dark Pour|1\n|-damage|p1a: Dark Pour|58/100\n|-damage|p1b: Fleur|25/100\n|-unboost|p1a: Dark Pour|accuracy|1\n|move|p1b: Fleur|Psychic|p2a: Ceruledge\n|-damage|p2a: Ceruledge|64/100\n|\n|-weather|Snowscape|[upkeep]\n|upkeep\n|turn|7\n|\n|t:|1776626228\n|move|p1b: Fleur|Protect|p1b: Fleur\n|-singleturn|p1b: Fleur|Protect\n|move|p1a: Dark Pour|Blizzard|p2b: Milotic|[spread] p2a,p2b\n|-resisted|p2a: Ceruledge|1\n|-resisted|p2b: Milotic|1\n|-damage|p2a: Ceruledge|54/100\n|-damage|p2b: Milotic|53/100\n|-status|p2b: Milotic|frz\n|move|p2a: Ceruledge|Bitter Blade|p1b: Fleur\n|-activate|p1b: Fleur|move: Protect\n|cant|p2b: Milotic|frz\n|\n|-weather|none\n|-sideend|p2: shu0910|move: Aurora Veil\n|upkeep\n|turn|8\n|\n|t:|1776626247\n|move|p1a: Dark Pour|Blizzard|p2b: Milotic|[spread] p2a,p2b\n|-resisted|p2a: Ceruledge|1\n|-resisted|p2b: Milotic|1\n|-damage|p2a: Ceruledge|39/100\n|-damage|p2b: Milotic|42/100 frz\n|move|p2a: Ceruledge|Bitter Blade|p1b: Fleur\n|-damage|p1b: Fleur|0 fnt\n|-heal|p2a: Ceruledge|54/100|[from] drain|[of] p1b: Fleur\n|faint|p1b: Fleur\n|-heal|p2a: Ceruledge|58/100|[from] item: Shell Bell|[of] p1: Fleur\n|-curestatus|p2b: Milotic|frz|[msg]\n|move|p2b: Milotic|Dragon Pulse|p1a: Dark Pour\n|-damage|p1a: Dark Pour|24/100\n|\n|upkeep\n|turn|9\n|\n|t:|1776626266\n|move|p1a: Dark Pour|Blizzard|p2a: Ceruledge|[spread] \n|-miss|p1a: Dark Pour|p2a: Ceruledge\n|-miss|p1a: Dark Pour|p2b: Milotic\n|move|p2a: Ceruledge|Night Slash|p1a: Dark Pour\n|-damage|p1a: Dark Pour|0 fnt\n|faint|p1a: Dark Pour\n|-heal|p2a: Ceruledge|61/100|[from] item: Shell Bell|[of] p1: Dark Pour\n|\n|win|shu0910\n||yrrap is ready for game 3.\n||shu0910 is ready for game 3.\n|uhtml|next|Next: <a href=\"/battle-gen9championsvgc2026regma-2588350289\"><strong>Game 3 of 3</strong></a>\n|l| pokemon_and_beer\n|l|\u2606yrrap\n|player|p1|\n",
  "uploadtime": 1776626268,
  "views": 7,
  "formatid": "gen9championsvgc2026regma",
  "rating": null,
  "private": 0,
  "password": null
}