{
  "id": "gen9championsvgc2026regma-2583627891",
  "format": "[Gen 9 Champions] VGC 2026 Reg M-A",
  "players": [
    "toedskool&thegang",
    "helmy"
  ],
  "log": "|j|\u2606toedskool&thegang\n|j|\u2606helmy\n|t:|1776187436\n|gametype|doubles\n|player|p1|toedskool&thegang|policeman-gen4|1353\n|player|p2|helmy|265|1264\n|gen|9\n|tier|[Gen 9 Champions] VGC 2026 Reg M-A\n|rated|\n|rule|Species Clause: Limit one of each Pok\u00e9mon\n|rule|Item Clause: Limit 1 of each item\n|clearpoke\n|poke|p1|Charizard, L50, M|\n|poke|p1|Venusaur, L50, M|\n|poke|p1|Politoed, L50, M|\n|poke|p1|Hydreigon, L50, M|\n|poke|p1|Steelix, L50, F|\n|poke|p1|Heliolisk, L50, F|\n|poke|p2|Aerodactyl, L50, F|\n|poke|p2|Garchomp, L50, M|\n|poke|p2|Chimecho, L50, M|\n|poke|p2|Blastoise, L50, F|\n|poke|p2|Sinistcha, L50|\n|poke|p2|Torkoal, L50, F|\n|teampreview|4\n|inactive|Battle timer is ON: inactive players will automatically lose when time's up. (requested by helmy)\nhelmy has agreed to open team sheets.\n|\n|t:|1776187475\n|teamsize|p1|4\n|teamsize|p2|4\n|start\n|switch|p1a: Charizard|Charizard, L50, M|100/100\n|switch|p1b: Steelix|Steelix, L50, F|100/100\n|switch|p2a: Blastoise|Blastoise, L50, F|100/100\n|switch|p2b: Chimecho|Chimecho, L50, M|100/100\n|turn|1\n|\n|t:|1776187484\n|detailschange|p1a: Charizard|Charizard-Mega-Y, L50, M\n|-mega|p1a: Charizard|Charizard|Charizardite Y\n|-weather|SunnyDay|[from] ability: Drought|[of] p1a: Charizard\n|detailschange|p2b: Chimecho|Chimecho-Mega, L50, M\n|-mega|p2b: Chimecho|Chimecho|Chimechite\n|move|p1a: Charizard|Weather Ball|p2b: Chimecho\n|-supereffective|p2b: Chimecho|1\n|-damage|p2b: Chimecho|0 fnt\n|faint|p2b: Chimecho\n|move|p2a: Blastoise|Shell Smash|p2a: Blastoise\n|-unboost|p2a: Blastoise|def|1\n|-unboost|p2a: Blastoise|spd|1\n|-boost|p2a: Blastoise|atk|2\n|-boost|p2a: Blastoise|spa|2\n|-boost|p2a: Blastoise|spe|2\n|-enditem|p2a: Blastoise|White Herb\n|-clearnegativeboost|p2a: Blastoise|[silent]\n|move|p1b: Steelix|Sand Tomb|p2a: Blastoise\n|-damage|p2a: Blastoise|90/100\n|-activate|p2a: Blastoise|move: Sand Tomb|[of] p1b: Steelix\n|\n|-weather|SunnyDay|[upkeep]\n|-damage|p2a: Blastoise|78/100|[from] move: Sand Tomb|[partiallytrapped]\n|upkeep\n|\n|t:|1776187487\n|switch|p2b: Sinistcha|Sinistcha, L50|100/100\n|-heal|p2a: Blastoise|100/100|[from] ability: Hospitality|[of] p2b: Sinistcha\n|turn|2\n|\n|t:|1776187507\n|move|p1a: Charizard|Protect|p1a: Charizard\n|-singleturn|p1a: Charizard|Protect\n|move|p1b: Steelix|Protect|p1b: Steelix\n|-singleturn|p1b: Steelix|Protect\n|move|p2a: Blastoise|Water Spout|p1a: Charizard|[spread] \n|-activate|p1a: Charizard|move: Protect\n|-activate|p1b: Steelix|move: Protect\n|move|p2b: Sinistcha|Matcha Gotcha|p1b: Steelix|[spread] \n|-activate|p1a: Charizard|move: Protect\n|-activate|p1b: Steelix|move: Protect\n|\n|-weather|SunnyDay|[upkeep]\n|-damage|p2a: Blastoise|88/100|[from] move: Sand Tomb|[partiallytrapped]\n|upkeep\n|turn|3\n|\n|t:|1776187519\n|move|p1b: Steelix|Wide Guard|p1b: Steelix\n|-singleturn|p1b: Steelix|Wide Guard\n|move|p2a: Blastoise|Water Spout|p1b: Steelix|[spread] \n|-activate|p1a: Charizard|move: Wide Guard\n|-activate|p1b: Steelix|move: Wide Guard\n|move|p1a: Charizard|Heat Wave|p2a: Blastoise|[spread] p2a,p2b\n|-resisted|p2a: Blastoise|1\n|-crit|p2a: Blastoise\n|-supereffective|p2b: Sinistcha|1\n|-damage|p2a: Blastoise|30/100\n|-damage|p2b: Sinistcha|0 fnt\n|-status|p2a: Blastoise|brn\n|faint|p2b: Sinistcha\n|\n|-weather|SunnyDay|[upkeep]\n|-damage|p2a: Blastoise|24/100 brn|[from] brn\n|-damage|p2a: Blastoise|12/100 brn|[from] move: Sand Tomb|[partiallytrapped]\n|upkeep\n|\n|t:|1776187522\n|switch|p2b: Torkoal|Torkoal, L50, F|100/100\n|turn|4\n|\n|t:|1776187535\n|move|p1b: Steelix|Wide Guard|p1b: Steelix\n|-singleturn|p1b: Steelix|Wide Guard\n|move|p2a: Blastoise|Water Spout|p1a: Charizard|[spread] \n|-activate|p1a: Charizard|move: Wide Guard\n|-activate|p1b: Steelix|move: Wide Guard\n|move|p1a: Charizard|Heat Wave|p2b: Torkoal|[spread] p2a,p2b\n|-resisted|p2a: Blastoise|1\n|-resisted|p2b: Torkoal|1\n|-damage|p2a: Blastoise|0 fnt\n|-damage|p2b: Torkoal|54/100\n|faint|p2a: Blastoise\n|move|p2b: Torkoal|Earth Power|p1b: Steelix\n|-supereffective|p1b: Steelix|1\n|-crit|p1b: Steelix\n|-damage|p1b: Steelix|24/100\n|\n|-weather|SunnyDay|[upkeep]\n|-heal|p1b: Steelix|30/100|[from] item: Leftovers\n|upkeep\n|turn|5\n|\n|t:|1776187546\n|move|p1a: Charizard|Weather Ball|p2b: Torkoal\n|-resisted|p2b: Torkoal|1\n|-damage|p2b: Torkoal|0 fnt\n|faint|p2b: Torkoal\n|\n|win|toedskool&thegang\n|raw|toedskool&amp;thegang's rating: 1353 &rarr; <strong>1368</strong><br />(+15 for winning)\n|raw|helmy's rating: 1264 &rarr; <strong>1245</strong><br />(-19 for losing)\n|l|\u2606helmy\n|player|p2|\n",
  "uploadtime": 1776187652,
  "views": 44,
  "formatid": "gen9championsvgc2026regma",
  "rating": 1245,
  "private": 0,
  "password": null
}