{
  "id": "gen9championsvgc2026regma-2581957661",
  "format": "[Gen 9 Champions] VGC 2026 Reg M-A",
  "players": [
    "FreshSvilor",
    "eggnoggue"
  ],
  "log": "|j|\u2606FreshSvilor\n|j|\u2606eggnoggue\n|t:|1776043205\n|gametype|doubles\n|player|p1|FreshSvilor|265|1090\n|player|p2|eggnoggue|wicke|1001\n|gen|9\n|tier|[Gen 9 Champions] VGC 2026 Reg M-A\n|rated|\n|rule|Species Clause: Limit one of each Pok\u00e9mon\n|rule|Item Clause: Limit 1 of each item\n|clearpoke\n|poke|p1|Charizard, L50, M|\n|poke|p1|Sneasler, L50, M|\n|poke|p1|Basculegion, L50, M|\n|poke|p1|Garchomp, L50, F|\n|poke|p1|Incineroar, L50, F|\n|poke|p1|Venusaur, L50, M|\n|poke|p2|Araquanid, L50, M|\n|poke|p2|Vivillon, L50, M|\n|poke|p2|Volcarona, L50, M|\n|poke|p2|Scizor, L50, F|\n|poke|p2|Heracross, L50, F|\n|poke|p2|Pinsir, L50, M|\n|teampreview|4\n|inactive|Battle timer is ON: inactive players will automatically lose when time's up. (requested by FreshSvilor)\n|inactive|FreshSvilor has 60 seconds left.\n|inactive|eggnoggue has 60 seconds left.\n|\n|t:|1776043252\n|teamsize|p1|4\n|teamsize|p2|4\n|start\n|switch|p1a: Charizard|Charizard, L50, M|100/100\n|switch|p1b: Sneasler|Sneasler, L50, M|100/100\n|switch|p2a: Vivillon|Vivillon, L50, M|100/100\n|switch|p2b: Volcarona|Volcarona, L50, M|100/100\n|turn|1\n|inactive|FreshSvilor has 30 seconds left.\n|inactive|FreshSvilor has 20 seconds left.\n|\n|t:|1776043289\n|detailschange|p1a: Charizard|Charizard-Mega-Y, L50, M\n|-mega|p1a: Charizard|Charizard|Charizardite Y\n|-weather|SunnyDay|[from] ability: Drought|[of] p1a: Charizard\n|move|p1b: Sneasler|Rock Slide|p2b: Volcarona|[spread] p2a\n|-miss|p1b: Sneasler|p2b: Volcarona\n|-supereffective|p2a: Vivillon|2\n|-enditem|p2a: Vivillon|Focus Sash\n|-damage|p2a: Vivillon|1/100\n|move|p2a: Vivillon|Tailwind|p2a: Vivillon\n|-sidestart|p2: eggnoggue|move: Tailwind\n|move|p2b: Volcarona|Will-O-Wisp|p1b: Sneasler\n|-status|p1b: Sneasler|brn\n|move|p1a: Charizard|Air Slash|p2b: Volcarona\n|-supereffective|p2b: Volcarona|1\n|-damage|p2b: Volcarona|4/100\n|\n|-weather|SunnyDay|[upkeep]\n|-damage|p1b: Sneasler|95/100 brn|[from] brn\n|upkeep\n|turn|2\n|inactive|FreshSvilor has 30 seconds left.\n|inactive|eggnoggue has 30 seconds left.\n|inactive|FreshSvilor has 20 seconds left.\n|\n|t:|1776043326\n|move|p2a: Vivillon|Sleep Powder|p1a: Charizard\n|-status|p1a: Charizard|slp|[from] move: Sleep Powder\n|move|p2b: Volcarona|Heat Wave|p1a: Charizard|[spread] p1a,p1b\n|-resisted|p1a: Charizard|1\n|-damage|p1a: Charizard|73/100 slp\n|-damage|p1b: Sneasler|15/100 brn\n|move|p1b: Sneasler|Rock Slide|p2a: Vivillon|[spread] p2b\n|-miss|p1b: Sneasler|p2a: Vivillon\n|-supereffective|p2b: Volcarona|2\n|-damage|p2b: Volcarona|0 fnt\n|faint|p2b: Volcarona\n|cant|p1a: Charizard|slp\n|\n|-weather|SunnyDay|[upkeep]\n|-damage|p1b: Sneasler|10/100 brn|[from] brn\n|upkeep\n|\n|t:|1776043339\n|switch|p2b: Heracross|Heracross, L50, F|100/100\n|turn|3\n|\n|t:|1776043355\n|switch|p1a: Incineroar|Incineroar, L50, F|100/100\n|-ability|p1a: Incineroar|Intimidate|boost\n|-unboost|p2a: Vivillon|atk|1\n|-unboost|p2b: Heracross|atk|1\n|move|p1b: Sneasler|Protect|p1b: Sneasler\n|-singleturn|p1b: Sneasler|Protect\n|move|p2a: Vivillon|Pollen Puff|p1b: Sneasler\n|-activate|p1b: Sneasler|move: Protect\n|move|p2b: Heracross|Rock Blast|p1a: Incineroar\n|-supereffective|p1a: Incineroar|1\n|-damage|p1a: Incineroar|89/100\n|-supereffective|p1a: Incineroar|1\n|-damage|p1a: Incineroar|77/100\n|-supereffective|p1a: Incineroar|1\n|-damage|p1a: Incineroar|64/100\n|-hitcount|p1a: Incineroar|3\n|\n|-weather|SunnyDay|[upkeep]\n|-damage|p1b: Sneasler|4/100 brn|[from] brn\n|upkeep\n|turn|4\n|inactive|FreshSvilor has 30 seconds left.\n|inactive|eggnoggue has 30 seconds left.\n|inactive|eggnoggue has 20 seconds left.\n|inactive|eggnoggue has 15 seconds left.\n|\n|t:|1776043395\n|move|p1a: Incineroar|Fake Out|p2b: Heracross\n|-damage|p2b: Heracross|87/100\n|move|p2a: Vivillon|Rage Powder|p2a: Vivillon\n|-singleturn|p2a: Vivillon|move: Rage Powder\n|cant|p2b: Heracross|flinch\n|move|p1b: Sneasler|Dire Claw|p2a: Vivillon\n|-damage|p2a: Vivillon|0 fnt\n|faint|p2a: Vivillon\n|\n|-weather|SunnyDay|[upkeep]\n|-damage|p1b: Sneasler|0 fnt|[from] brn\n|faint|p1b: Sneasler\n|-sideend|p2: eggnoggue|move: Tailwind\n|upkeep\n|\n|t:|1776043405\n|switch|p1b: Charizard|Charizard-Mega-Y, L50, M|73/100 slp\n|switch|p2a: Araquanid|Araquanid, L50, M|100/100\n|turn|5\n|inactive|eggnoggue has 30 seconds left.\n|\n|t:|1776043438\n|cant|p1b: Charizard|slp\n|move|p2b: Heracross|Close Combat|p1a: Incineroar\n|-supereffective|p1a: Incineroar|1\n|-damage|p1a: Incineroar|0 fnt\n|-unboost|p2b: Heracross|def|1\n|-unboost|p2b: Heracross|spd|1\n|faint|p1a: Incineroar\n|-ability|p2b: Heracross|Moxie|boost\n|-boost|p2b: Heracross|atk|1\n|move|p2a: Araquanid|Substitute|p2a: Araquanid\n|-start|p2a: Araquanid|Substitute\n|-damage|p2a: Araquanid|76/100\n|\n|-weather|none\n|upkeep\n|\n|t:|1776043444\n|switch|p1a: Garchomp|Garchomp, L50, F|100/100\n|turn|6\n|\n|t:|1776043453\n|detailschange|p2b: Heracross|Heracross-Mega, L50, F\n|-mega|p2b: Heracross|Heracross|Heracronite\n|move|p2a: Araquanid|Wide Guard|p2a: Araquanid\n|-singleturn|p2a: Araquanid|Wide Guard\n|move|p1a: Garchomp|Earthquake|p2b: Heracross|[spread] \n|-activate|p2a: Araquanid|move: Wide Guard\n|-activate|p2b: Heracross|move: Wide Guard\n|-immune|p1b: Charizard\n|-curestatus|p1b: Charizard|slp|[msg]\n|move|p1b: Charizard|Heat Wave|p2a: Araquanid|[spread] \n|-activate|p2a: Araquanid|move: Wide Guard\n|-activate|p2b: Heracross|move: Wide Guard\n|move|p2b: Heracross|Rock Blast|p1b: Charizard\n|-supereffective|p1b: Charizard|2\n|-damage|p1b: Charizard|13/100\n|-supereffective|p1b: Charizard|2\n|-damage|p1b: Charizard|0 fnt\n|faint|p1b: Charizard\n|-hitcount|p1: Charizard|2\n|\n|upkeep\n|turn|7\n|\n|t:|1776043477\n|move|p1a: Garchomp|Dragon Claw|p2b: Heracross\n|-damage|p2b: Heracross|35/100\n|move|p2b: Heracross|Close Combat|p1a: Garchomp\n|-damage|p1a: Garchomp|25/100\n|-unboost|p2b: Heracross|def|1\n|-unboost|p2b: Heracross|spd|1\n|-damage|p2b: Heracross|23/100|[from] ability: Rough Skin|[of] p1a: Garchomp\n|move|p2a: Araquanid|Liquidation|p1a: Garchomp\n|-damage|p1a: Garchomp|0 fnt\n|-damage|p2a: Araquanid|64/100|[from] ability: Rough Skin|[of] p1a: Garchomp\n|faint|p1a: Garchomp\n|\n|win|eggnoggue\n|raw|FreshSvilor's rating: 1090 &rarr; <strong>1061</strong><br />(-29 for losing)\n|raw|eggnoggue's rating: 1001 &rarr; <strong>1051</strong><br />(+50 for winning)\n|l|\u2606FreshSvilor\n|player|p1|\n",
  "uploadtime": 1776043502,
  "views": 28,
  "formatid": "gen9championsvgc2026regma",
  "rating": 1051,
  "private": 0,
  "password": null
}