{
  "id": "gen9championsvgc2026regma-2586319566",
  "format": "[Gen 9 Champions] VGC 2026 Reg M-A",
  "players": [
    "ShashKetchum",
    "Mozilla Fennekin"
  ],
  "log": "|j|\u2606ShashKetchum\n|j|\u2606Mozilla Fennekin\n|t:|1776424890\n|gametype|doubles\n|player|p1|ShashKetchum|rocketgrunt|1152\n|player|p2|Mozilla Fennekin|marnie-masters3|1114\n|gen|9\n|tier|[Gen 9 Champions] VGC 2026 Reg M-A\n|rated|\n|rule|Species Clause: Limit one of each Pok\u00e9mon\n|rule|Item Clause: Limit 1 of each item\n|clearpoke\n|poke|p1|Charizard, L50, M|\n|poke|p1|Aegislash, L50, F|\n|poke|p1|Sneasler, L50, M|\n|poke|p1|Milotic, L50, F|\n|poke|p1|Aerodactyl, L50, F|\n|poke|p1|Sylveon, L50, F|\n|poke|p2|Gyarados, L50, M|\n|poke|p2|Starmie, L50|\n|poke|p2|Ninetales-Alola, L50, F|\n|poke|p2|Oranguru, L50, F|\n|poke|p2|Aerodactyl, L50, F|\n|poke|p2|Hydreigon, L50, F|\n|teampreview|4\n|inactive|Battle timer is ON: inactive players will automatically lose when time's up. (requested by ShashKetchum)\n|\n|t:|1776424973\n|teamsize|p1|4\n|teamsize|p2|4\n|start\n|switch|p1a: Aerodactyl|Aerodactyl, L50, F|100/100\n|switch|p1b: Sylveon|Sylveon, L50, F|100/100\n|switch|p2a: Starmie|Starmie, L50|100/100\n|switch|p2b: Aerodactyl|Aerodactyl, L50, F|100/100\n|-ability|p2b: Aerodactyl|Unnerve\n|-ability|p1a: Aerodactyl|Unnerve\n|turn|1\n|inactive|ShashKetchum has 30 seconds left.\n|inactive|ShashKetchum has 20 seconds left.\n|\n|t:|1776425011\n|detailschange|p2a: Starmie|Starmie-Mega, L50\n|-mega|p2a: Starmie|Starmie|Starminite\n|move|p1a: Aerodactyl|Rock Slide|p2b: Aerodactyl|[spread] p2a,p2b\n|-supereffective|p2b: Aerodactyl|1\n|-damage|p2a: Starmie|60/100\n|-damage|p2b: Aerodactyl|32/100\n|move|p2b: Aerodactyl|Tailwind|p2b: Aerodactyl\n|-sidestart|p2: Mozilla Fennekin|move: Tailwind\n|cant|p2a: Starmie|flinch\n|move|p1b: Sylveon|Hyper Beam|p2a: Starmie\n|-damage|p2a: Starmie|0 fnt\n|-mustrecharge|p1b: Sylveon\n|faint|p2a: Starmie\n|\n|upkeep\n|\n|t:|1776425025\n|switch|p2a: Gyarados|Gyarados, L50, M|100/100\n|-ability|p2a: Gyarados|Intimidate|boost\n|-unboost|p1a: Aerodactyl|atk|1\n|-unboost|p1b: Sylveon|atk|1\n|turn|2\n|\n|t:|1776425035\n|move|p1a: Aerodactyl|Protect|p1a: Aerodactyl\n|-singleturn|p1a: Aerodactyl|Protect\n|move|p2b: Aerodactyl|Rock Slide|p1b: Sylveon|[spread] p1b\n|-activate|p1a: Aerodactyl|move: Protect\n|-damage|p1b: Sylveon|77/100\n|move|p2a: Gyarados|Dragon Dance|p2a: Gyarados\n|-boost|p2a: Gyarados|atk|1\n|-boost|p2a: Gyarados|spe|1\n|cant|p1b: Sylveon|recharge\n|\n|upkeep\n|turn|3\n|inactive|ShashKetchum has 30 seconds left.\n|\n|t:|1776425061\n|move|p2b: Aerodactyl|Taunt|p1a: Aerodactyl\n|-start|p1a: Aerodactyl|move: Taunt\n|move|p2a: Gyarados|Iron Head|p1b: Sylveon\n|-supereffective|p1b: Sylveon|1\n|-damage|p1b: Sylveon|0 fnt\n|faint|p1b: Sylveon\n|cant|p1a: Aerodactyl|move: Taunt|Tailwind\n|\n|upkeep\n|\n|t:|1776425070\n|switch|p1b: Charizard|Charizard, L50, M|100/100\n|turn|4\n|inactive|ShashKetchum has 30 seconds left.\n|\n|t:|1776425104\n|detailschange|p1b: Charizard|Charizard-Mega-X, L50, M\n|-mega|p1b: Charizard|Charizard|Charizardite X\n|move|p2b: Aerodactyl|Rock Slide|p1a: Aerodactyl|[spread] p1a,p1b\n|-supereffective|p1a: Aerodactyl|1\n|-supereffective|p1b: Charizard|1\n|-damage|p1a: Aerodactyl|32/100\n|-damage|p1b: Charizard|62/100\n|move|p2a: Gyarados|Iron Head|p1a: Aerodactyl\n|-supereffective|p1a: Aerodactyl|1\n|-damage|p1a: Aerodactyl|0 fnt\n|faint|p1a: Aerodactyl\n|cant|p1b: Charizard|flinch\n|\n|-sideend|p2: Mozilla Fennekin|move: Tailwind\n|upkeep\n|c|\u2606ShashKetchum|nahhh\n|\n|t:|1776425119\n|switch|p1a: Milotic|Milotic, L50, F|100/100\n|turn|5\n|inactive|Mozilla Fennekin has 30 seconds left.\n|\n|t:|1776425147\n|move|p1b: Charizard|Protect|p1b: Charizard\n|-singleturn|p1b: Charizard|Protect\n|move|p2b: Aerodactyl|Dual Wingbeat|p1a: Milotic\n|-damage|p1a: Milotic|88/100\n|-damage|p1a: Milotic|76/100\n|-hitcount|p1a: Milotic|2\n|move|p2a: Gyarados|Lash Out|p1a: Milotic\n|-damage|p1a: Milotic|40/100\n|move|p1a: Milotic|Icy Wind|p2a: Gyarados|[spread] p2a,p2b\n|-supereffective|p2b: Aerodactyl|1\n|-damage|p2a: Gyarados|89/100\n|-damage|p2b: Aerodactyl|6/100\n|-unboost|p2a: Gyarados|spe|1\n|-unboost|p2b: Aerodactyl|spe|1\n|\n|-heal|p1a: Milotic|46/100|[from] item: Leftovers\n|upkeep\n|turn|6\n|inactive|ShashKetchum has 30 seconds left.\n|inactive|ShashKetchum has 20 seconds left.\n|\n|t:|1776425186\n|move|p1b: Charizard|Dragon Claw|p2a: Gyarados\n|-damage|p2a: Gyarados|40/100\n|move|p2b: Aerodactyl|Tailwind|p2b: Aerodactyl\n|-sidestart|p2: Mozilla Fennekin|move: Tailwind\n|move|p2a: Gyarados|Lash Out|p1a: Milotic\n|-damage|p1a: Milotic|9/100\n|move|p1a: Milotic|Scald|p2b: Aerodactyl\n|-supereffective|p2b: Aerodactyl|1\n|-damage|p2b: Aerodactyl|0 fnt\n|faint|p2b: Aerodactyl\n|\n|-heal|p1a: Milotic|15/100|[from] item: Leftovers\n|upkeep\n|\n|t:|1776425195\n|switch|p2b: Hydreigon|Hydreigon, L50, F|100/100\n|turn|7\n|\n|t:|1776425219\n|move|p1b: Charizard|Protect|p1b: Charizard\n|-singleturn|p1b: Charizard|Protect\n|move|p1a: Milotic|Protect|p1a: Milotic\n|-singleturn|p1a: Milotic|Protect\n|move|p2b: Hydreigon|Draco Meteor|p1b: Charizard\n|-activate|p1b: Charizard|move: Protect\n|move|p2a: Gyarados|Lash Out|p1a: Milotic\n|-activate|p1a: Milotic|move: Protect\n|\n|-heal|p1a: Milotic|21/100|[from] item: Leftovers\n|upkeep\n|turn|8\n|\n|t:|1776425238\n|move|p2b: Hydreigon|Draco Meteor|p1b: Charizard\n|-supereffective|p1b: Charizard|1\n|-damage|p1b: Charizard|0 fnt\n|-unboost|p2b: Hydreigon|spa|2\n|faint|p1b: Charizard\n|move|p2a: Gyarados|Lash Out|p1a: Milotic\n|-damage|p1a: Milotic|0 fnt\n|faint|p1a: Milotic\n|\n|win|Mozilla Fennekin\n|raw|ShashKetchum's rating: 1152 &rarr; <strong>1124</strong><br />(-28 for losing)\n|raw|Mozilla Fennekin's rating: 1114 &rarr; <strong>1142</strong><br />(+28 for winning)\n",
  "uploadtime": 1776425244,
  "views": 31,
  "formatid": "gen9championsvgc2026regma",
  "rating": 1124,
  "private": 0,
  "password": null
}