{
  "id": "gen9championsvgc2026regma-2582539979",
  "format": "[Gen 9 Champions] VGC 2026 Reg M-A",
  "players": [
    "Tunio",
    "mmmjam"
  ],
  "log": "|j|\u2606Tunio\n|j|\u2606mmmjam\n|t:|1776098152\n|gametype|doubles\n|player|p1|Tunio|1|1071\n|player|p2|mmmjam|102|1157\n|gen|9\n|tier|[Gen 9 Champions] VGC 2026 Reg M-A\n|rated|\n|rule|Species Clause: Limit one of each Pok\u00e9mon\n|rule|Item Clause: Limit 1 of each item\n|clearpoke\n|poke|p1|Sneasler, L50, F|\n|poke|p1|Crabominable, L50, F|\n|poke|p1|Tauros-Paldea-Aqua, L50, M|\n|poke|p1|Toxicroak, L50, M|\n|poke|p1|Lucario, L50, M|\n|poke|p1|Chesnaught, L50, M|\n|poke|p2|Meganium, L50, M|\n|poke|p2|Politoed, L50, M|\n|poke|p2|Basculegion, L50, M|\n|poke|p2|Archaludon, L50, M|\n|poke|p2|Sneasler, L50, M|\n|poke|p2|Talonflame, L50, F|\n|teampreview|4\n|\n|t:|1776098199\n|teamsize|p1|4\n|teamsize|p2|4\n|start\n|switch|p1a: Toxicroak|Toxicroak, L50, M|100/100\n|switch|p1b: Crabominable|Crabominable, L50, F|100/100\n|switch|p2a: Politoed|Politoed, L50, M|100/100\n|switch|p2b: Basculegion|Basculegion, L50, M|100/100\n|-weather|RainDance|[from] ability: Drizzle|[of] p2a: Politoed\n|turn|1\n|\n|t:|1776098241\n|detailschange|p1b: Crabominable|Crabominable-Mega, L50, F\n|-mega|p1b: Crabominable|Crabominable|Crabominite\n|move|p1a: Toxicroak|Fake Out|p2a: Politoed\n|-damage|p2a: Politoed|90/100\n|move|p2b: Basculegion|Wave Crash|p1a: Toxicroak\n|-enditem|p1a: Toxicroak|Focus Sash\n|-damage|p1a: Toxicroak|1/100\n|-damage|p2b: Basculegion|74/100|[from] Recoil\n|cant|p2a: Politoed|flinch\n|move|p1b: Crabominable|Thunder Punch|p2b: Basculegion\n|-supereffective|p2b: Basculegion|1\n|-damage|p2b: Basculegion|0 fnt\n|faint|p2b: Basculegion\n|\n|-weather|RainDance|[upkeep]\n|upkeep\n|\n|t:|1776098255\n|switch|p2b: Sneasler|Sneasler, L50, M|100/100\n|turn|2\n|c|\u2606Tunio|Lmaooo I have the wrong ability\n|\n|t:|1776098284\n|move|p2b: Sneasler|Close Combat|p1b: Crabominable\n|-supereffective|p1b: Crabominable|1\n|-damage|p1b: Crabominable|0 fnt\n|-unboost|p2b: Sneasler|def|1\n|-unboost|p2b: Sneasler|spd|1\n|faint|p1b: Crabominable\n|-enditem|p2b: Sneasler|White Herb\n|-clearnegativeboost|p2b: Sneasler|[silent]\n|move|p1a: Toxicroak|Gunk Shot|p2a: Politoed\n|-damage|p2a: Politoed|40/100\n|-status|p2a: Politoed|psn\n|-enditem|p2a: Politoed|Sitrus Berry|[eat]\n|-heal|p2a: Politoed|64/100 psn|[from] item: Sitrus Berry\n|move|p2a: Politoed|Icy Wind|p1a: Toxicroak\n|-damage|p1a: Toxicroak|0 fnt\n|faint|p1a: Toxicroak\n|\n|-weather|RainDance|[upkeep]\n|-damage|p2a: Politoed|52/100 psn|[from] psn\n|upkeep\n|\n|t:|1776098289\n|switch|p1a: Sneasler|Sneasler, L50, F|100/100\n|switch|p1b: Lucario|Lucario, L50, M|100/100\n|turn|3\n|inactive|Battle timer is ON: inactive players will automatically lose when time's up. (requested by Tunio)\n|\n|t:|1776098341\n|move|p2b: Sneasler|Protect|p2b: Sneasler\n|-singleturn|p2b: Sneasler|Protect\n|move|p1b: Lucario|Protect|p1b: Lucario\n|-singleturn|p1b: Lucario|Protect\n|move|p2a: Politoed|Protect|p2a: Politoed\n|-singleturn|p2a: Politoed|Protect\n|move|p1a: Sneasler|Close Combat|p2a: Politoed\n|-activate|p2a: Politoed|move: Protect\n|\n|-weather|RainDance|[upkeep]\n|-damage|p2a: Politoed|40/100 psn|[from] psn\n|upkeep\n|turn|4\n|\n|t:|1776098361\n|move|p2a: Politoed|Helping Hand|p2b: Sneasler\n|-singleturn|p2b: Sneasler|Helping Hand|[of] p2a: Politoed\n|move|p2b: Sneasler|Close Combat|p1b: Lucario\n|-supereffective|p1b: Lucario|1\n|-damage|p1b: Lucario|0 fnt\n|-unboost|p2b: Sneasler|def|1\n|-unboost|p2b: Sneasler|spd|1\n|faint|p1b: Lucario\n|move|p1a: Sneasler|Close Combat|p2a: Politoed\n|-damage|p2a: Politoed|0 fnt\n|-unboost|p1a: Sneasler|def|1\n|-unboost|p1a: Sneasler|spd|1\n|faint|p2a: Politoed\n|-enditem|p1a: Sneasler|White Herb\n|-clearnegativeboost|p1a: Sneasler|[silent]\n|\n|-weather|RainDance|[upkeep]\n|upkeep\n|\n|t:|1776098376\n|switch|p2a: Talonflame|Talonflame, L50, F, shiny|100/100\n|turn|5\n|\n|t:|1776098388\n|move|p2a: Talonflame|Brave Bird|p1a: Sneasler\n|-supereffective|p1a: Sneasler|1\n|-damage|p1a: Sneasler|0 fnt\n|faint|p1a: Sneasler\n|-damage|p2a: Talonflame|67/100|[from] Recoil\n|\n|win|mmmjam\n|raw|Tunio's rating: 1071 &rarr; <strong>1055</strong><br />(-16 for losing)\n|raw|mmmjam's rating: 1157 &rarr; <strong>1176</strong><br />(+19 for winning)\n|l|\u2606Tunio\n|player|p1|\n",
  "uploadtime": 1776098414,
  "views": 19,
  "formatid": "gen9championsvgc2026regma",
  "rating": 1055,
  "private": 0,
  "password": null
}