{
  "id": "gen9championsvgc2026regma-2586539396",
  "format": "[Gen 9 Champions] VGC 2026 Reg M-A",
  "players": [
    "Kian1104",
    "BisasamundLuis"
  ],
  "log": "|j|\u2606Kian1104\n|j|\u2606BisasamundLuis\n|t:|1776441634\n|gametype|doubles\n|player|p1|Kian1104|ethan|1106\n|player|p2|BisasamundLuis|101|1081\n|gen|9\n|tier|[Gen 9 Champions] VGC 2026 Reg M-A\n|rated|\n|rule|Species Clause: Limit one of each Pok\u00e9mon\n|rule|Item Clause: Limit 1 of each item\n|clearpoke\n|poke|p1|Gengar, L50, M|\n|poke|p1|Politoed, L50, F|\n|poke|p1|Incineroar, L50, F|\n|poke|p1|Basculegion, L50, M|\n|poke|p1|Umbreon, L50, M|\n|poke|p1|Raichu, L50, M|\n|poke|p2|Floette-Eternal, L50, F|\n|poke|p2|Talonflame, L50, F|\n|poke|p2|Garchomp, L50, M|\n|poke|p2|Rotom-Wash, L50|\n|poke|p2|Maushold-Four, L50|\n|poke|p2|Sneasler, L50, M|\n|teampreview|4\n|inactive|Battle timer is ON: inactive players will automatically lose when time's up. (requested by BisasamundLuis)\nKian1104 rejected open team sheets.\n|inactive|BisasamundLuis has 60 seconds left.\n|inactive|BisasamundLuis has 30 seconds left.\n|inactive|BisasamundLuis has 20 seconds left.\n|l|\u2606BisasamundLuis\n|inactive|BisasamundLuis disconnected and has a minute to reconnect!\n|player|p2|\n|inactive|BisasamundLuis has 15 seconds left.\n|j|\u2606BisasamundLuis\n|inactive|BisasamundLuis reconnected and has 15 seconds left.\n|player|p2|BisasamundLuis|101|\n|inactive|BisasamundLuis has 10 seconds left.\n|inactive|BisasamundLuis has 5 seconds left.\n|\n|t:|1776441719\n|teamsize|p1|4\n|teamsize|p2|4\n|start\n|switch|p1a: Gengar|Gengar, L50, M, shiny|100/100\n|switch|p1b: Basculegion|Basculegion, L50, M|100/100\n|switch|p2a: Talonflame|Talonflame, L50, F|100/100\n|switch|p2b: Garchomp|Garchomp, L50, M|100/100\n|turn|1\n|inactive|BisasamundLuis has 30 seconds left.\n|inactive|Kian1104 has 30 seconds left.\n|inactive|BisasamundLuis has 20 seconds left.\n|inactive|BisasamundLuis has 15 seconds left.\n|inactive|BisasamundLuis has 10 seconds left.\n|\n|t:|1776441769\n|detailschange|p1a: Gengar|Gengar-Mega, L50, M, shiny\n|-mega|p1a: Gengar|Gengar|Gengarite\n|move|p1b: Basculegion|Flip Turn|p2a: Talonflame\n|-supereffective|p2a: Talonflame|1\n|-damage|p2a: Talonflame|0 fnt\n|faint|p2a: Talonflame\n|\n|t:|1776441777\n|switch|p1b: Incineroar|Incineroar, L50, F, shiny|100/100|[from] Flip Turn\n|-ability|p1b: Incineroar|Intimidate|boost\n|-unboost|p2b: Garchomp|atk|1\n|move|p1a: Gengar|Shadow Ball|p2b: Garchomp\n|-damage|p2b: Garchomp|49/100\n|-unboost|p2b: Garchomp|spd|1\n|move|p2b: Garchomp|Earthquake|p1a: Gengar|[spread] p1a,p1b\n|-supereffective|p1a: Gengar|1\n|-supereffective|p1b: Incineroar|1\n|-damage|p1a: Gengar|29/100\n|-damage|p1b: Incineroar|46/100\n|\n|upkeep\n|inactive|BisasamundLuis has 30 seconds left.\n|\n|t:|1776441806\n|switch|p2a: Rotom|Rotom-Wash, L50|100/100\n|turn|2\n|\n|t:|1776441815\n|move|p2b: Garchomp|Protect|p2b: Garchomp\n|-singleturn|p2b: Garchomp|Protect\n|move|p2a: Rotom|Protect|p2a: Rotom\n|-singleturn|p2a: Rotom|Protect\n|move|p1b: Incineroar|Fake Out|p2a: Rotom\n|-activate|p2a: Rotom|move: Protect\n|move|p1a: Gengar|Shadow Ball|p2b: Garchomp\n|-activate|p2b: Garchomp|move: Protect\n|\n|upkeep\n|turn|3\n|\n|t:|1776441842\n|move|p2b: Garchomp|Protect||[still]\n|-fail|p2b: Garchomp\n|move|p1a: Gengar|Shadow Ball|p2b: Garchomp\n|-damage|p2b: Garchomp|0 fnt\n|faint|p2b: Garchomp\n|move|p2a: Rotom|Thunderbolt|p1a: Gengar\n|-damage|p1a: Gengar|0 fnt\n|faint|p1a: Gengar\n|move|p1b: Incineroar|Close Combat|p2a: Rotom\n|-damage|p2a: Rotom|57/100\n|-unboost|p1b: Incineroar|def|1\n|-unboost|p1b: Incineroar|spd|1\n|\n|upkeep\n|\n|t:|1776441858\n|switch|p1a: Politoed|Politoed, L50, F|100/100\n|switch|p2b: Floette|Floette-Eternal, L50, F|100/100\n|-weather|RainDance|[from] ability: Drizzle|[of] p1a: Politoed\n|turn|4\n|\n|t:|1776441874\n|detailschange|p2b: Floette|Floette-Mega, L50, F\n|-mega|p2b: Floette|Floette|Floettite\n|-ability|p2b: Floette|Fairy Aura\n|move|p2b: Floette|Calm Mind|p2b: Floette\n|-boost|p2b: Floette|spa|1\n|-boost|p2b: Floette|spd|1\n|move|p2a: Rotom|Thunderbolt|p1b: Incineroar\n|-damage|p1b: Incineroar|0 fnt\n|faint|p1b: Incineroar\n|move|p1a: Politoed|Perish Song|p1a: Politoed\n|-start|p1a: Politoed|perish3|[silent]\n|-start|p2a: Rotom|perish3|[silent]\n|-start|p2b: Floette|perish3|[silent]\n|-fieldactivate|move: Perish Song\n|\n|-weather|RainDance|[upkeep]\n|-start|p2b: Floette|perish3\n|-start|p2a: Rotom|perish3\n|-start|p1a: Politoed|perish3\n|upkeep\n|\n|t:|1776441886\n|switch|p1b: Basculegion|Basculegion, L50, M|100/100\n|turn|5\n|\n|t:|1776441900\n|move|p2b: Floette|Protect|p2b: Floette\n|-singleturn|p2b: Floette|Protect\n|move|p1a: Politoed|Protect|p1a: Politoed\n|-singleturn|p1a: Politoed|Protect\n|move|p1b: Basculegion|Wave Crash|p2b: Floette\n|-activate|p2b: Floette|move: Protect\n|move|p2a: Rotom|Thunderbolt|p1b: Basculegion\n|-supereffective|p1b: Basculegion|1\n|-damage|p1b: Basculegion|2/100\n|-status|p1b: Basculegion|par\n|\n|-weather|RainDance|[upkeep]\n|-start|p2b: Floette|perish2\n|-start|p2a: Rotom|perish2\n|-start|p1a: Politoed|perish2\n|upkeep\n|turn|6\n|inactive|Kian1104 has 30 seconds left.\n|c|\u2606Kian1104|Wow\n|inactive|Kian1104 has 20 seconds left.\n|inactive|Kian1104 has 15 seconds left.\n|-activate|p1a: Politoed|item: Quick Claw\n|\n|t:|1776441945\n|move|p2a: Rotom|Helping Hand|p2b: Floette\n|-singleturn|p2b: Floette|Helping Hand|[of] p2a: Rotom\n|move|p1a: Politoed|Weather Ball|p2b: Floette\n|-damage|p2b: Floette|69/100\n|move|p2b: Floette|Dazzling Gleam|p1a: Politoed|[spread] p1a,p1b\n|-damage|p1a: Politoed|13/100\n|-damage|p1b: Basculegion|0 fnt\n|faint|p1b: Basculegion\n|\n|-weather|RainDance|[upkeep]\n|-start|p2b: Floette|perish1\n|-start|p2a: Rotom|perish1\n|-start|p1a: Politoed|perish1\n|upkeep\n|turn|7\n|\n|t:|1776441965\n|move|p1a: Politoed|Protect|p1a: Politoed\n|-singleturn|p1a: Politoed|Protect\n|move|p2b: Floette|Moonblast|p1a: Politoed\n|-activate|p1a: Politoed|move: Protect\n|move|p2a: Rotom|Thunderbolt|p1a: Politoed\n|-activate|p1a: Politoed|move: Protect\n|\n|-weather|RainDance|[upkeep]\n|-start|p2b: Floette|perish0\n|-start|p2a: Rotom|perish0\n|-start|p1a: Politoed|perish0\n|faint|p2b: Floette\n|faint|p2a: Rotom\n|faint|p1a: Politoed\n|\n|win|Kian1104\n|raw|Kian1104's rating: 1106 &rarr; <strong>1129</strong><br />(+23 for winning)\n|raw|BisasamundLuis's rating: 1081 &rarr; <strong>1060</strong><br />(-21 for losing)\n|c|\u2606Kian1104|Gg\n|l|\u2606BisasamundLuis\n|player|p2|\n|l|\u2606Kian1104\n|player|p1|\n|j|\u2606Kian1104\n|player|p1|Kian1104|ethan|\n",
  "uploadtime": 1776441994,
  "views": 23,
  "formatid": "gen9championsvgc2026regma",
  "rating": 1060,
  "private": 0,
  "password": null
}