{
  "id": "gen9championsvgc2026regma-2588424055",
  "format": "[Gen 9 Champions] VGC 2026 Reg M-A",
  "players": [
    "Northx213",
    "manuelfachero577"
  ],
  "log": "|j|\u2606Northx213\n|j|\u2606manuelfachero577\n|t:|1776632328\n|gametype|doubles\n|player|p1|Northx213|1|1021\n|player|p2|manuelfachero577|nate|1121\n|gen|9\n|tier|[Gen 9 Champions] VGC 2026 Reg M-A\n|rated|\n|rule|Species Clause: Limit one of each Pok\u00e9mon\n|rule|Item Clause: Limit 1 of each item\n|clearpoke\n|poke|p1|Chesnaught, L50, M|\n|poke|p1|Incineroar, L50, M|\n|poke|p1|Farigiraf, L50, F|\n|poke|p1|Rotom-Wash, L50|\n|poke|p1|Tyranitar, L50, F|\n|poke|p1|Scizor, L50, F|\n|poke|p2|Charizard, L50, M|\n|poke|p2|Torkoal, L50, F|\n|poke|p2|Sneasler, L50, M|\n|poke|p2|Milotic, L50, F|\n|poke|p2|Krookodile, L50, M|\n|poke|p2|Sinistcha-Masterpiece, L50|\n|teampreview|4\n|\n|t:|1776632369\n|teamsize|p1|4\n|teamsize|p2|4\n|start\n|switch|p1a: Rotom|Rotom-Wash, L50|100/100\n|switch|p1b: Farigiraf|Farigiraf, L50, F|100/100\n|switch|p2a: Krookodile|Krookodile, L50, M|100/100\n|switch|p2b: Milotic|Milotic, L50, F|100/100\n|turn|1\n|\n|t:|1776632392\n|move|p2a: Krookodile|Crunch|p1b: Farigiraf\n|-supereffective|p1b: Farigiraf|1\n|-damage|p1b: Farigiraf|21/100\n|move|p1a: Rotom|Hydro Pump|p2a: Krookodile\n|-supereffective|p2a: Krookodile|1\n|-damage|p2a: Krookodile|0 fnt\n|faint|p2a: Krookodile\n|move|p2b: Milotic|Icy Wind|p1b: Farigiraf|[spread] p1a,p1b\n|-resisted|p1a: Rotom|1\n|-damage|p1a: Rotom|95/100\n|-damage|p1b: Farigiraf|13/100\n|-unboost|p1a: Rotom|spe|1\n|-unboost|p1b: Farigiraf|spe|1\n|move|p1b: Farigiraf|Trick Room|p1b: Farigiraf\n|-fieldstart|move: Trick Room|[of] p1b: Farigiraf\n|\n|upkeep\n|\n|t:|1776632406\n|switch|p2a: Torkoal|Torkoal, L50, F|100/100\n|-weather|SunnyDay|[from] ability: Drought|[of] p2a: Torkoal\n|turn|2\n|\n|t:|1776632426\n|move|p1b: Farigiraf|Helping Hand|p1a: Rotom\n|-singleturn|p1a: Rotom|Helping Hand|[of] p1b: Farigiraf\n|move|p2a: Torkoal|Solar Beam||[still]\n|-prepare|p2a: Torkoal|Solar Beam\n|-anim|p2a: Torkoal|Solar Beam|p1a: Rotom\n|-supereffective|p1a: Rotom|1\n|-damage|p1a: Rotom|33/100\n|move|p2b: Milotic|Scald|p1b: Farigiraf\n|-damage|p1b: Farigiraf|2/100\n|move|p1a: Rotom|Hydro Pump|p2a: Torkoal\n|-supereffective|p2a: Torkoal|1\n|-damage|p2a: Torkoal|36/100\n|\n|-weather|SunnyDay|[upkeep]\n|upkeep\n|turn|3\n|\n|t:|1776632449\n|switch|p1a: Chesnaught|Chesnaught, L50, M|100/100\n|move|p2a: Torkoal|Heat Wave|p1a: Chesnaught|[spread] p1a,p1b\n|-supereffective|p1a: Chesnaught|1\n|-damage|p1a: Chesnaught|23/100\n|-damage|p1b: Farigiraf|0 fnt\n|faint|p1b: Farigiraf\n|move|p2b: Milotic|Scald|p1a: Chesnaught\n|-resisted|p1a: Chesnaught|1\n|-damage|p1a: Chesnaught|15/100\n|\n|-weather|SunnyDay|[upkeep]\n|upkeep\n|\n|t:|1776632461\n|switch|p1b: Tyranitar|Tyranitar, L50, F|100/100\n|-weather|Sandstorm|[from] ability: Sand Stream|[of] p1b: Tyranitar\n|turn|4\n|\n|t:|1776632483\n|detailschange|p1a: Chesnaught|Chesnaught-Mega, L50, M\n|-mega|p1a: Chesnaught|Chesnaught|Chesnaughtite\n|move|p2a: Torkoal|Protect|p2a: Torkoal\n|-singleturn|p2a: Torkoal|Protect\n|move|p1a: Chesnaught|Wood Hammer|p2b: Milotic\n|-supereffective|p2b: Milotic|1\n|-damage|p2b: Milotic|0 fnt\n|faint|p2b: Milotic\n|-damage|p1a: Chesnaught|0 fnt|[from] Recoil\n|faint|p1a: Chesnaught\n|move|p1b: Tyranitar|Rock Slide|p2a: Torkoal\n|-activate|p2a: Torkoal|move: Protect\n|\n|-weather|Sandstorm|[upkeep]\n|-damage|p2a: Torkoal|30/100|[from] Sandstorm\n|upkeep\n|\n|t:|1776632499\n|switch|p1a: Rotom|Rotom-Wash, L50|33/100\n|switch|p2b: Charizard|Charizard, L50, M|100/100\n|turn|5\n|\n|t:|1776632524\n|detailschange|p2b: Charizard|Charizard-Mega-X, L50, M\n|-mega|p2b: Charizard|Charizard|Charizardite X\n|move|p2a: Torkoal|Solar Beam||[still]\n|-prepare|p2a: Torkoal|Solar Beam\n|move|p1b: Tyranitar|Rock Slide|p2a: Torkoal|[spread] p2a,p2b\n|-supereffective|p2a: Torkoal|1\n|-supereffective|p2b: Charizard|1\n|-damage|p2a: Torkoal|0 fnt\n|-damage|p2b: Charizard|45/100\n|faint|p2a: Torkoal\n|move|p2b: Charizard|Dragon Claw|p1a: Rotom\n|-damage|p1a: Rotom|0 fnt\n|faint|p1a: Rotom\n|\n|-weather|Sandstorm|[upkeep]\n|-damage|p2b: Charizard|39/100|[from] Sandstorm\n|-fieldend|move: Trick Room\n|upkeep\n|turn|6\n|\n|t:|1776632548\n|move|p2b: Charizard|Dragon Dance|p2b: Charizard\n|-boost|p2b: Charizard|atk|1\n|-boost|p2b: Charizard|spe|1\n|move|p1b: Tyranitar|Rock Slide|p2b: Charizard\n|-supereffective|p2b: Charizard|1\n|-damage|p2b: Charizard|0 fnt\n|faint|p2b: Charizard\n|\n|win|Northx213\n|raw|Northx213's rating: 1021 &rarr; <strong>1068</strong><br />(+47 for winning)\n|raw|manuelfachero577's rating: 1121 &rarr; <strong>1089</strong><br />(-32 for losing)\n",
  "uploadtime": 1776632553,
  "views": 11,
  "formatid": "gen9championsvgc2026regma",
  "rating": 1068,
  "private": 0,
  "password": null
}