{
  "id": "gen9championsvgc2026regma-2582790458",
  "format": "[Gen 9 Champions] VGC 2026 Reg M-A",
  "players": [
    "varick_00",
    "azblaze07"
  ],
  "log": "|j|\u2606varick_00\n|j|\u2606azblaze07\n|t:|1776114345\n|gametype|doubles\n|player|p1|varick_00|dragontamer|1141\n|player|p2|azblaze07|101|1127\n|gen|9\n|tier|[Gen 9 Champions] VGC 2026 Reg M-A\n|rated|\n|rule|Species Clause: Limit one of each Pok\u00e9mon\n|rule|Item Clause: Limit 1 of each item\n|clearpoke\n|poke|p1|Pelipper, L50, M|\n|poke|p1|Dragonite, L50, F|\n|poke|p1|Basculegion, L50, M|\n|poke|p1|Venusaur, L50, F|\n|poke|p1|Torkoal, L50, F|\n|poke|p1|Lycanroc-Dusk, L50, M|\n|poke|p2|Floette-Eternal, L50, F|\n|poke|p2|Incineroar, L50, M|\n|poke|p2|Sinistcha, L50|\n|poke|p2|Rotom-Wash, L50|\n|poke|p2|Garchomp, L50, F|\n|poke|p2|Talonflame, L50, F|\n|teampreview|4\n|\n|t:|1776114390\n|teamsize|p1|4\n|teamsize|p2|4\n|start\n|switch|p1a: Lycanroc|Lycanroc-Dusk, L50, M|100/100\n|switch|p1b: Basculegion|Basculegion, L50, M|100/100\n|switch|p2a: Talonflame|Talonflame, L50, F|100/100\n|switch|p2b: Rotom|Rotom-Wash, L50|100/100\n|turn|1\n|\n|t:|1776114409\n|move|p2a: Talonflame|Tailwind|p2a: Talonflame\n|-sidestart|p2: azblaze07|move: Tailwind\n|move|p1a: Lycanroc|Accelerock|p2a: Talonflame\n|-supereffective|p2a: Talonflame|2\n|-damage|p2a: Talonflame|0 fnt\n|faint|p2a: Talonflame\n|move|p2b: Rotom|Volt Switch|p1b: Basculegion\n|-supereffective|p1b: Basculegion|1\n|-damage|p1b: Basculegion|24/100\n|\n|t:|1776114423\n|switch|p2b: Floette|Floette-Eternal, L50, F|100/100|[from] Volt Switch\n|move|p1b: Basculegion|Flip Turn|p2b: Floette\n|-damage|p2b: Floette|53/100\n|\n|t:|1776114431\n|switch|p1b: Pelipper|Pelipper, L50, M|100/100|[from] Flip Turn\n|-weather|RainDance|[from] ability: Drizzle|[of] p1b: Pelipper\n|\n|-weather|RainDance|[upkeep]\n|upkeep\n|\n|t:|1776114439\n|switch|p2a: Rotom|Rotom-Wash, L50|100/100\n|turn|2\n|\n|t:|1776114465\n|detailschange|p2b: Floette|Floette-Mega, L50, F\n|-mega|p2b: Floette|Floette|Floettite\n|-ability|p2b: Floette|Fairy Aura\n|move|p1b: Pelipper|Protect|p1b: Pelipper\n|-singleturn|p1b: Pelipper|Protect\n|move|p1a: Lycanroc|Accelerock|p2b: Floette\n|-damage|p2b: Floette|24/100\n|move|p2b: Floette|Dazzling Gleam|p1b: Pelipper|[spread] p1a\n|-activate|p1b: Pelipper|move: Protect\n|-damage|p1a: Lycanroc|11/100\n|move|p2a: Rotom|Thunderbolt|p1b: Pelipper\n|-activate|p1b: Pelipper|move: Protect\n|\n|-weather|RainDance|[upkeep]\n|upkeep\n|turn|3\n|\n|t:|1776114501\n|move|p1a: Lycanroc|Accelerock|p2b: Floette\n|-damage|p2b: Floette|0 fnt\n|faint|p2b: Floette\n|move|p2a: Rotom|Thunderbolt|p1b: Pelipper\n|-supereffective|p1b: Pelipper|2\n|-damage|p1b: Pelipper|0 fnt\n|faint|p1b: Pelipper\n|\n|-weather|RainDance|[upkeep]\n|upkeep\n|\n|t:|1776114514\n|switch|p2b: Garchomp|Garchomp, L50, F|100/100\n|switch|p1b: Dragonite|Dragonite, L50, F|100/100\n|turn|4\n|\n|t:|1776114529\n|detailschange|p1b: Dragonite|Dragonite-Mega, L50, F\n|-mega|p1b: Dragonite|Dragonite|Dragoninite\n|move|p1b: Dragonite|Protect|p1b: Dragonite\n|-singleturn|p1b: Dragonite|Protect\n|move|p1a: Lycanroc|Accelerock|p2a: Rotom\n|-damage|p2a: Rotom|74/100\n|move|p2b: Garchomp|Stone Edge|p1b: Dragonite\n|-activate|p1b: Dragonite|move: Protect\n|move|p2a: Rotom|Thunderbolt|p1b: Dragonite\n|-activate|p1b: Dragonite|move: Protect\n|\n|-weather|RainDance|[upkeep]\n|-heal|p2a: Rotom|79/100|[from] item: Leftovers\n|-sideend|p2: azblaze07|move: Tailwind\n|upkeep\n|turn|5\n|\n|t:|1776114551\n|move|p1a: Lycanroc|Close Combat|p2a: Rotom\n|-crit|p2a: Rotom\n|-damage|p2a: Rotom|2/100\n|-unboost|p1a: Lycanroc|def|1\n|-unboost|p1a: Lycanroc|spd|1\n|move|p2b: Garchomp|Stone Edge|p1b: Dragonite\n|-supereffective|p1b: Dragonite|1\n|-damage|p1b: Dragonite|67/100\n|move|p1b: Dragonite|Draco Meteor|p2b: Garchomp\n|-supereffective|p2b: Garchomp|1\n|-crit|p2b: Garchomp\n|-damage|p2b: Garchomp|0 fnt\n|-unboost|p1b: Dragonite|spa|2\n|faint|p2b: Garchomp\n|move|p2a: Rotom|Thunderbolt|p1b: Dragonite\n|-damage|p1b: Dragonite|30/100\n|\n|-weather|none\n|-heal|p2a: Rotom|8/100|[from] item: Leftovers\n|upkeep\n|turn|6\n|-message|azblaze07 forfeited.\n|\n|win|varick_00\n|raw|varick_00's rating: 1141 &rarr; <strong>1165</strong><br />(+24 for winning)\n|raw|azblaze07's rating: 1127 &rarr; <strong>1103</strong><br />(-24 for losing)\n|l|\u2606azblaze07\n|player|p2|\n",
  "uploadtime": 1776114572,
  "views": 20,
  "formatid": "gen9championsvgc2026regma",
  "rating": 1103,
  "private": 0,
  "password": null
}