{
  "id": "gen9championsvgc2026regma-2585965374",
  "format": "[Gen 9 Champions] VGC 2026 Reg M-A",
  "players": [
    "superboy245",
    "dragalgg"
  ],
  "log": "|j|\u2606superboy245\n|j|\u2606dragalgg\n|t:|1776385759\n|gametype|doubles\n|player|p1|superboy245|buck|1344\n|player|p2|dragalgg|brycen|1382\n|gen|9\n|tier|[Gen 9 Champions] VGC 2026 Reg M-A\n|rated|\n|rule|Species Clause: Limit one of each Pok\u00e9mon\n|rule|Item Clause: Limit 1 of each item\n|clearpoke\n|poke|p1|Greninja-*, L50, M|\n|poke|p1|Politoed, L50, M|\n|poke|p1|Basculegion, L50, M|\n|poke|p1|Lucario, L50, M|\n|poke|p1|Sinistcha, L50|\n|poke|p1|Toxicroak, L50, M|\n|poke|p2|Froslass, L50, F|\n|poke|p2|Farigiraf, L50, F|\n|poke|p2|Beartic, L50, F|\n|poke|p2|Incineroar, L50, M|\n|poke|p2|Abomasnow, L50, F|\n|poke|p2|Milotic, L50, M|\n|teampreview|4\nsuperboy245 rejected open team sheets.\n|\n|t:|1776385841\n|teamsize|p1|4\n|teamsize|p2|4\n|start\n|switch|p1a: Lucario|Lucario, L50, M|100/100\n|switch|p1b: Toxicroak|Toxicroak, L50, M|100/100\n|switch|p2a: Farigiraf|Farigiraf, L50, F|100/100\n|switch|p2b: Abomasnow|Abomasnow, L50, F|100/100\n|-weather|Snowscape|[from] ability: Snow Warning|[of] p2b: Abomasnow\n|turn|1\n|inactive|Battle timer is ON: inactive players will automatically lose when time's up. (requested by dragalgg)\n|\n|t:|1776385870\n|switch|p2b: Incineroar|Incineroar, L50, M|100/100\n|-ability|p2b: Incineroar|Intimidate|boost\n|-fail|p1a: Lucario|unboost|Attack|[from] ability: Inner Focus|[of] p1a: Lucario\n|-unboost|p1b: Toxicroak|atk|1\n|detailschange|p1a: Lucario|Lucario-Mega, L50, M\n|-mega|p1a: Lucario|Lucario|Lucarionite\n|move|p1a: Lucario|Close Combat|p2a: Farigiraf\n|-damage|p2a: Farigiraf|1/100\n|-unboost|p1a: Lucario|def|1\n|-unboost|p1a: Lucario|spd|1\n|move|p1b: Toxicroak|Poison Jab|p2a: Farigiraf\n|-damage|p2a: Farigiraf|0 fnt\n|faint|p2a: Farigiraf\n|\n|-weather|Snowscape|[upkeep]\n|upkeep\n|\n|t:|1776385887\n|switch|p2a: Froslass|Froslass, L50, F|100/100\n|turn|2\n|\n|t:|1776385904\n|detailschange|p2a: Froslass|Froslass-Mega, L50, F\n|-mega|p2a: Froslass|Froslass|Froslassite\n|move|p1a: Lucario|Protect|p1a: Lucario\n|-singleturn|p1a: Lucario|Protect\n|move|p1b: Toxicroak|Protect|p1b: Toxicroak\n|-singleturn|p1b: Toxicroak|Protect\n|move|p2a: Froslass|Blizzard|p1a: Lucario|[spread] \n|-activate|p1a: Lucario|move: Protect\n|-activate|p1b: Toxicroak|move: Protect\n|move|p2b: Incineroar|Flare Blitz|p1a: Lucario\n|-activate|p1a: Lucario|move: Protect\n|\n|-weather|Snowscape|[upkeep]\n|upkeep\n|turn|3\n|inactive|dragalgg has 30 seconds left.\n|inactive|dragalgg has 20 seconds left.\n|inactive|dragalgg has 15 seconds left.\n|\n|t:|1776385948\n|move|p1a: Lucario|Bullet Punch|p2a: Froslass\n|-supereffective|p2a: Froslass|1\n|-damage|p2a: Froslass|34/100\n|move|p1b: Toxicroak|Sucker Punch||[still]\n|-fail|p1b: Toxicroak\n|move|p2a: Froslass|Aurora Veil|p2a: Froslass\n|-sidestart|p2: dragalgg|move: Aurora Veil\n|move|p2b: Incineroar|Flare Blitz|p1a: Lucario\n|-supereffective|p1a: Lucario|1\n|-damage|p1a: Lucario|0 fnt\n|faint|p1a: Lucario\n|-damage|p2b: Incineroar|76/100|[from] Recoil\n|\n|-weather|Snowscape|[upkeep]\n|upkeep\n|\n|t:|1776385958\n|switch|p1a: Basculegion|Basculegion, L50, M|100/100\n|turn|4\n|\n|t:|1776385982\n|switch|p2a: Abomasnow|Abomasnow, L50, F|100/100\n|switch|p1a: Politoed|Politoed, L50, M|100/100\n|-weather|RainDance|[from] ability: Drizzle|[of] p1a: Politoed\n|move|p1b: Toxicroak|Sucker Punch||[still]\n|-fail|p1b: Toxicroak\n|move|p2b: Incineroar|Darkest Lariat|p1a: Politoed\n|-damage|p1a: Politoed|55/100\n|\n|-weather|RainDance|[upkeep]\n|upkeep\n|turn|5\n|inactive|superboy245 has 30 seconds left.\n|inactive|dragalgg has 30 seconds left.\n|inactive|dragalgg has 20 seconds left.\n|inactive|superboy245 has 20 seconds left.\n|inactive|dragalgg has 15 seconds left.\n|inactive|superboy245 has 15 seconds left.\n|inactive|dragalgg has 10 seconds left.\n|inactive|superboy245 has 10 seconds left.\n|inactive|dragalgg has 5 seconds left.\n|\n|t:|1776386037\n|switch|p1b: Basculegion|Basculegion, L50, M|100/100\n|move|p1a: Politoed|Protect|p1a: Politoed\n|-singleturn|p1a: Politoed|Protect\n|move|p2b: Incineroar|Parting Shot|p1a: Politoed\n|-activate|p1a: Politoed|move: Protect\n|move|p2a: Abomasnow|Blizzard|p1b: Basculegion|[spread] p1b\n|-activate|p1a: Politoed|move: Protect\n|-resisted|p1b: Basculegion|1\n|-damage|p1b: Basculegion|79/100\n|\n|-weather|RainDance|[upkeep]\n|upkeep\n|turn|6\n|\n|t:|1776386061\n|switch|p2b: Froslass|Froslass-Mega, L50, F|34/100\n|-weather|Snowscape|[from] ability: Snow Warning|[of] p2b: Froslass\n|move|p1a: Politoed|Helping Hand|p1b: Basculegion\n|-singleturn|p1b: Basculegion|Helping Hand|[of] p1a: Politoed\n|move|p1b: Basculegion|Flip Turn|p2b: Froslass\n|-damage|p2b: Froslass|0 fnt\n|faint|p2b: Froslass\n|\n|t:|1776386072\n|switch|p1b: Toxicroak|Toxicroak, L50, M|100/100|[from] Flip Turn\n|move|p2a: Abomasnow|Giga Drain|p1b: Toxicroak\n|-resisted|p1b: Toxicroak|1\n|-damage|p1b: Toxicroak|73/100\n|\n|-weather|Snowscape|[upkeep]\n|upkeep\n|\n|t:|1776386080\n|switch|p2b: Incineroar|Incineroar, L50, M|76/100\n|-ability|p2b: Incineroar|Intimidate|boost\n|-unboost|p1a: Politoed|atk|1\n|-unboost|p1b: Toxicroak|atk|1\n|turn|7\n|\n|t:|1776386098\n|switch|p1b: Basculegion|Basculegion, L50, M|79/100\n|move|p1a: Politoed|Protect|p1a: Politoed\n|-singleturn|p1a: Politoed|Protect\n|move|p2b: Incineroar|Fake Out|p1b: Basculegion\n|-immune|p1b: Basculegion\n|move|p2a: Abomasnow|Earth Power|p1b: Basculegion\n|-damage|p1b: Basculegion|46/100\n|\n|-weather|Snowscape|[upkeep]\n|-sideend|p2: dragalgg|move: Aurora Veil\n|upkeep\n|turn|8\n|\n|t:|1776386119\n|switch|p1a: Toxicroak|Toxicroak, L50, M|73/100\n|move|p1b: Basculegion|Flip Turn|p2b: Incineroar\n|-supereffective|p2b: Incineroar|1\n|-damage|p2b: Incineroar|13/100\n|\n|t:|1776386124\n|switch|p1b: Politoed|Politoed, L50, M|55/100|[from] Flip Turn\n|-weather|RainDance|[from] ability: Drizzle|[of] p1b: Politoed\n|move|p2b: Incineroar|Darkest Lariat|p1a: Toxicroak\n|-resisted|p1a: Toxicroak|1\n|-damage|p1a: Toxicroak|42/100\n|move|p2a: Abomasnow|Blizzard|p1b: Politoed|[spread] p1a\n|-miss|p2a: Abomasnow|p1b: Politoed\n|-damage|p1a: Toxicroak|0 fnt\n|faint|p1a: Toxicroak\n|\n|-weather|RainDance|[upkeep]\n|upkeep\n|\n|t:|1776386130\n|switch|p1a: Basculegion|Basculegion, L50, M|46/100\n|turn|9\n|\n|t:|1776386147\n|move|p1b: Politoed|Helping Hand|p1a: Basculegion\n|-singleturn|p1a: Basculegion|Helping Hand|[of] p1b: Politoed\n|move|p1a: Basculegion|Last Respects|p2a: Abomasnow\n|-crit|p2a: Abomasnow\n|-damage|p2a: Abomasnow|0 fnt\n|faint|p2a: Abomasnow\n|move|p2b: Incineroar|Darkest Lariat|p1b: Politoed\n|-damage|p1b: Politoed|8/100\n|-enditem|p1b: Politoed|Sitrus Berry|[eat]\n|-heal|p1b: Politoed|32/100|[from] item: Sitrus Berry\n|\n|-weather|RainDance|[upkeep]\n|upkeep\n|turn|10\n|-message|dragalgg forfeited.\n|\n|win|superboy245\n|raw|superboy245's rating: 1344 &rarr; <strong>1366</strong><br />(+22 for winning)\n|raw|dragalgg's rating: 1382 &rarr; <strong>1360</strong><br />(-22 for losing)\n|l|\u2606dragalgg\n|player|p2|\n|c|\u2606superboy245|Gg\n",
  "uploadtime": 1776386161,
  "views": 28,
  "formatid": "gen9championsvgc2026regma",
  "rating": 1360,
  "private": 0,
  "password": null
}