{
  "id": "gen9championsvgc2026regma-2581868865",
  "format": "[Gen 9 Champions] VGC 2026 Reg M-A",
  "players": [
    "Talon239",
    "frizaro"
  ],
  "log": "|j|\u2606Talon239\n|j|\u2606frizaro\n|t:|1776035214\n|gametype|doubles\n|player|p1|Talon239|266|1104\n|player|p2|frizaro|volkner|1018\n|gen|9\n|tier|[Gen 9 Champions] VGC 2026 Reg M-A\n|rated|\n|rule|Species Clause: Limit one of each Pok\u00e9mon\n|rule|Item Clause: Limit 1 of each item\n|clearpoke\n|poke|p1|Aerodactyl, L50, F|\n|poke|p1|Heliolisk, L50, F|\n|poke|p1|Tyranitar, L50, M|\n|poke|p1|Excadrill, L50, M|\n|poke|p1|Talonflame, L50, M|\n|poke|p1|Feraligatr, L50, M|\n|poke|p2|Meganium, L50, F|\n|poke|p2|Pelipper, L50, M|\n|poke|p2|Basculegion, L50, M|\n|poke|p2|Incineroar, L50, F|\n|poke|p2|Appletun, L50, F|\n|poke|p2|Garchomp, L50, F|\n|teampreview|4\n|inactive|Battle timer is ON: inactive players will automatically lose when time's up. (requested by Talon239)\n|\n|t:|1776035267\n|teamsize|p1|4\n|teamsize|p2|4\n|start\n|switch|p1a: Aerodactyl|Aerodactyl, L50, F|100/100\n|switch|p1b: Talonflame|Talonflame, L50, M|100/100\n|switch|p2a: Garchomp|Garchomp, L50, F|100/100\n|switch|p2b: Pelipper|Pelipper, L50, M|100/100\n|-ability|p1a: Aerodactyl|Unnerve\n|-weather|RainDance|[from] ability: Drizzle|[of] p2b: Pelipper\n|turn|1\n|\n|t:|1776035286\n|move|p2a: Garchomp|Stone Edge|p1a: Aerodactyl|[miss]\n|-miss|p2a: Garchomp|p1a: Aerodactyl\n|move|p1a: Aerodactyl|Sandstorm|p1a: Aerodactyl\n|-weather|Sandstorm\n|move|p1b: Talonflame|Will-O-Wisp|p2a: Garchomp\n|-status|p2a: Garchomp|brn\n|move|p2b: Pelipper|Tailwind|p2b: Pelipper\n|-sidestart|p2: frizaro|move: Tailwind\n|\n|-weather|Sandstorm|[upkeep]\n|-damage|p1b: Talonflame|95/100|[from] Sandstorm\n|-damage|p2b: Pelipper|95/100|[from] Sandstorm\n|-heal|p2b: Pelipper|100/100|[from] item: Leftovers\n|-damage|p2a: Garchomp|94/100 brn|[from] brn\n|upkeep\n|turn|2\n|\n|t:|1776035304\n|move|p2a: Garchomp|Stone Edge|p1b: Talonflame\n|-supereffective|p1b: Talonflame|2\n|-crit|p1b: Talonflame\n|-damage|p1b: Talonflame|0 fnt\n|faint|p1b: Talonflame\n|move|p1a: Aerodactyl|Tailwind|p1a: Aerodactyl\n|-sidestart|p1: Talon239|move: Tailwind\n|move|p2b: Pelipper|U-turn|p1a: Aerodactyl\n|-resisted|p1a: Aerodactyl|1\n|-damage|p1a: Aerodactyl|93/100\n|\n|t:|1776035317\n|switch|p2b: Appletun|Appletun, L50, F|100/100|[from] U-turn\n|\n|-weather|Sandstorm|[upkeep]\n|-damage|p2b: Appletun|95/100|[from] Sandstorm\n|-damage|p2a: Garchomp|88/100 brn|[from] brn\n|upkeep\n|\n|t:|1776035324\n|switch|p1b: Feraligatr|Feraligatr, L50, M|100/100\n|turn|3\n|\n|t:|1776035347\n|detailschange|p1b: Feraligatr|Feraligatr-Mega, L50, M\n|-mega|p1b: Feraligatr|Feraligatr|Feraligite\n|move|p2a: Garchomp|Stone Edge|p1a: Aerodactyl\n|-supereffective|p1a: Aerodactyl|1\n|-damage|p1a: Aerodactyl|32/100\n|move|p1a: Aerodactyl|Rock Slide|p2b: Appletun|[spread] p2a,p2b\n|-resisted|p2a: Garchomp|1\n|-damage|p2a: Garchomp|75/100 brn\n|-damage|p2b: Appletun|68/100\n|move|p1b: Feraligatr|Body Slam|p2b: Appletun\n|-supereffective|p2b: Appletun|1\n|-damage|p2b: Appletun|0 fnt\n|faint|p2b: Appletun\n|\n|-weather|Sandstorm|[upkeep]\n|-damage|p1b: Feraligatr|94/100|[from] Sandstorm\n|-damage|p2a: Garchomp|69/100 brn|[from] brn\n|upkeep\n|\n|t:|1776035364\n|switch|p2b: Pelipper|Pelipper, L50, M|100/100\n|-weather|RainDance|[from] ability: Drizzle|[of] p2b: Pelipper\n|turn|4\n|\n|t:|1776035373\n|move|p2a: Garchomp|Stone Edge|p1a: Aerodactyl\n|-supereffective|p1a: Aerodactyl|1\n|-damage|p1a: Aerodactyl|0 fnt\n|faint|p1a: Aerodactyl\n|move|p1b: Feraligatr|Body Slam|p2a: Garchomp\n|-supereffective|p2a: Garchomp|1\n|-damage|p2a: Garchomp|0 fnt\n|-damage|p1b: Feraligatr|82/100|[from] ability: Rough Skin|[of] p2a: Garchomp\n|faint|p2a: Garchomp\n|move|p2b: Pelipper|Hurricane|p1b: Feraligatr\n|-damage|p1b: Feraligatr|30/100\n|\n|-weather|RainDance|[upkeep]\n|-sideend|p2: frizaro|move: Tailwind\n|upkeep\n|\n|t:|1776035387\n|switch|p1a: Excadrill|Excadrill, L50, M|100/100\n|switch|p2a: Basculegion|Basculegion, L50, M|100/100\n|turn|5\n|\n|t:|1776035397\n|move|p1a: Excadrill|Protect|p1a: Excadrill\n|-singleturn|p1a: Excadrill|Protect\n|move|p1b: Feraligatr|Body Slam|p2a: Basculegion\n|-damage|p2a: Basculegion|8/100\n|-status|p2a: Basculegion|par\n|cant|p2a: Basculegion|par\n|move|p2b: Pelipper|Tailwind|p2b: Pelipper\n|-sidestart|p2: frizaro|move: Tailwind\n|\n|-weather|RainDance|[upkeep]\n|-sideend|p1: Talon239|move: Tailwind\n|upkeep\n|turn|6\n|inactive|frizaro has 30 seconds left.\n|\n|t:|1776035423\n|move|p2a: Basculegion|Waterfall|p1a: Excadrill\n|-supereffective|p1a: Excadrill|1\n|-damage|p1a: Excadrill|0 fnt\n|faint|p1a: Excadrill\n|move|p2b: Pelipper|Hurricane|p1b: Feraligatr\n|-damage|p1b: Feraligatr|0 fnt\n|faint|p1b: Feraligatr\n|\n|win|frizaro\n|raw|Talon239's rating: 1104 &rarr; <strong>1073</strong><br />(-31 for losing)\n|raw|frizaro's rating: 1018 &rarr; <strong>1064</strong><br />(+46 for winning)\n",
  "uploadtime": 1776035429,
  "views": 11,
  "formatid": "gen9championsvgc2026regma",
  "rating": 1064,
  "private": 0,
  "password": null
}