{
  "id": "gen9championsvgc2026regma-2585833699",
  "format": "[Gen 9 Champions] VGC 2026 Reg M-A",
  "players": [
    "oldbangeroldbanger",
    "KUTF1"
  ],
  "log": "|j|\u2606oldbangeroldbanger\n|j|\u2606KUTF1\n|t:|1776374104\n|gametype|doubles\n|player|p1|oldbangeroldbanger|101|1322\n|player|p2|KUTF1|harlequin|1388\n|gen|9\n|tier|[Gen 9 Champions] VGC 2026 Reg M-A\n|rated|\n|rule|Species Clause: Limit one of each Pok\u00e9mon\n|rule|Item Clause: Limit 1 of each item\n|clearpoke\n|poke|p1|Gengar, L50, M|\n|poke|p1|Incineroar, L50, M|\n|poke|p1|Aerodactyl, L50, F|\n|poke|p1|Manectric, L50, M|\n|poke|p1|Primarina, L50, F|\n|poke|p1|Kingambit, L50, F|\n|poke|p2|Drampa, L50, M|\n|poke|p2|Emboar, L50, F|\n|poke|p2|Decidueye-Hisui, L50, F|\n|poke|p2|Kingambit, L50, F|\n|poke|p2|Farigiraf, L50, F|\n|poke|p2|Incineroar, L50, M|\n|teampreview|4\n|inactive|Battle timer is ON: inactive players will automatically lose when time's up. (requested by KUTF1)\n|inactive|oldbangeroldbanger has 60 seconds left.\n|inactive|KUTF1 has 60 seconds left.\n|\n|t:|1776374164\n|teamsize|p1|4\n|teamsize|p2|4\n|start\n|switch|p1a: Primarina|Primarina, L50, F|100/100\n|switch|p1b: Aerodactyl|Aerodactyl, L50, F|100/100\n|switch|p2a: Yoo Mira|Farigiraf, L50, F|100/100\n|switch|p2b: The Gourd|Incineroar, L50, M|100/100\n|-ability|p1b: Aerodactyl|Unnerve\n|-ability|p2b: The Gourd|Intimidate|boost\n|-unboost|p1a: Primarina|atk|1\n|-unboost|p1b: Aerodactyl|atk|1\n|turn|1\n|\n|t:|1776374179\n|move|p2b: The Gourd|Fake Out|p1b: Aerodactyl\n|-resisted|p1b: Aerodactyl|1\n|-damage|p1b: Aerodactyl|90/100\n|cant|p1b: Aerodactyl|flinch\n|move|p1a: Primarina|Hyper Voice|p2a: Yoo Mira|[spread] p2a,p2b\n|-supereffective|p2b: The Gourd|1\n|-damage|p2a: Yoo Mira|74/100\n|-damage|p2b: The Gourd|35/100\n|move|p2a: Yoo Mira|Trick Room|p2a: Yoo Mira\n|-fieldstart|move: Trick Room|[of] p2a: Yoo Mira\n|\n|upkeep\n|turn|2\n|\n|t:|1776374194\n|move|p2a: Yoo Mira|Hyper Voice|p1a: Primarina|[spread] p1a,p1b\n|-resisted|p1b: Aerodactyl|1\n|-damage|p1a: Primarina|78/100\n|-damage|p1b: Aerodactyl|70/100\n|move|p2b: The Gourd|Flare Blitz|p1a: Primarina\n|-resisted|p1a: Primarina|1\n|-damage|p1a: Primarina|45/100\n|-damage|p2b: The Gourd|25/100|[from] Recoil\n|move|p1a: Primarina|Calm Mind|p1a: Primarina\n|-boost|p1a: Primarina|spa|1\n|-boost|p1a: Primarina|spd|1\n|move|p1b: Aerodactyl|Rock Slide|p2a: Yoo Mira|[spread] p2b\n|-miss|p1b: Aerodactyl|p2a: Yoo Mira\n|-supereffective|p2b: The Gourd|1\n|-damage|p2b: The Gourd|0 fnt\n|faint|p2b: The Gourd\n|\n|-heal|p1a: Primarina|51/100|[from] item: Leftovers\n|upkeep\n|\n|t:|1776374197\n|switch|p2b: Yeoui|Decidueye-Hisui, L50, F|100/100\n|turn|3\n|\n|t:|1776374214\n|move|p1a: Primarina|Protect|p1a: Primarina\n|-singleturn|p1a: Primarina|Protect\n|move|p2a: Yoo Mira|Psychic|p1b: Aerodactyl\n|-damage|p1b: Aerodactyl|16/100\n|-unboost|p1b: Aerodactyl|spd|1\n|move|p2b: Yeoui|Triple Arrows|p1b: Aerodactyl\n|-damage|p1b: Aerodactyl|0 fnt\n|faint|p1b: Aerodactyl\n|\n|-heal|p1a: Primarina|57/100|[from] item: Leftovers\n|upkeep\n|\n|t:|1776374225\n|switch|p1b: Gengar|Gengar, L50, M|100/100\n|turn|4\n|\n|t:|1776374237\n|detailschange|p1b: Gengar|Gengar-Mega, L50, M\n|-mega|p1b: Gengar|Gengar|Gengarite\n|move|p2b: Yeoui|Leaf Blade|p1a: Primarina\n|-supereffective|p1a: Primarina|1\n|-damage|p1a: Primarina|0 fnt\n|faint|p1a: Primarina\n|move|p2a: Yoo Mira|Psychic|p1b: Gengar\n|-supereffective|p1b: Gengar|1\n|-damage|p1b: Gengar|30/100\n|move|p1b: Gengar|Sludge Bomb|p2b: Yeoui\n|-supereffective|p2b: Yeoui|1\n|-damage|p2b: Yeoui|13/100\n|\n|upkeep\n|\n|t:|1776374244\n|switch|p1a: Kingambit|Kingambit, L50, F|100/100\n|turn|5\n|\n|t:|1776374249\n|move|p1a: Kingambit|Protect|p1a: Kingambit\n|-singleturn|p1a: Kingambit|Protect\n|move|p1b: Gengar|Protect|p1b: Gengar\n|-singleturn|p1b: Gengar|Protect\n|move|p2a: Yoo Mira|Psychic|p1b: Gengar\n|-activate|p1b: Gengar|move: Protect\n|move|p2b: Yeoui|Triple Arrows|p1a: Kingambit\n|-activate|p1a: Kingambit|move: Protect\n|\n|-fieldend|move: Trick Room\n|upkeep\n|turn|6\n|\n|t:|1776374266\n|move|p2b: Yeoui|Protect|p2b: Yeoui\n|-singleturn|p2b: Yeoui|Protect\n|move|p1b: Gengar|Sludge Bomb|p2b: Yeoui\n|-activate|p2b: Yeoui|move: Protect\n|move|p2a: Yoo Mira|Psychic|p1b: Gengar\n|-supereffective|p1b: Gengar|1\n|-damage|p1b: Gengar|0 fnt\n|faint|p1b: Gengar\n|move|p1a: Kingambit|Iron Head|p2a: Yoo Mira\n|-damage|p2a: Yoo Mira|29/100\n|\n|upkeep\n|turn|7\n|\n|t:|1776374280\n|move|p2b: Yeoui|Triple Arrows|p1a: Kingambit\n|-supereffective|p1a: Kingambit|2\n|-enditem|p1a: Kingambit|Chople Berry|[eat]\n|-enditem|p1a: Kingambit|Chople Berry|[weaken]\n|-damage|p1a: Kingambit|33/100\n|move|p1a: Kingambit|Iron Head|p2b: Yeoui\n|-damage|p2b: Yeoui|0 fnt\n|faint|p2b: Yeoui\n|move|p2a: Yoo Mira|Trick Room|p2a: Yoo Mira\n|-fieldstart|move: Trick Room|[of] p2a: Yoo Mira\n|\n|upkeep\n|\n|t:|1776374284\n|switch|p2b: Guendoowun|Drampa, L50, M, shiny|100/100\n|-ability|p2b: Guendoowun|Cloud Nine\n|turn|8\n|-message|oldbangeroldbanger forfeited.\n|\n|win|KUTF1\n|raw|oldbangeroldbanger's rating: 1322 &rarr; <strong>1306</strong><br />(-16 for losing)\n|raw|KUTF1's rating: 1388 &rarr; <strong>1404</strong><br />(+16 for winning)\n|l|\u2606oldbangeroldbanger\n|player|p1|\n",
  "uploadtime": 1776374289,
  "views": 40,
  "formatid": "gen9championsvgc2026regma",
  "rating": 1306,
  "private": 0,
  "password": null
}