{
  "id": "gen9championsvgc2026regma-2580459926",
  "format": "[Gen 9 Champions] VGC 2026 Reg M-A",
  "players": [
    "sodarist",
    "GeelGee"
  ],
  "log": "|j|\u2606sodarist\n|j|\u2606GeelGee\n|t:|1775899838\n|gametype|doubles\n|player|p1|sodarist|steven|1043\n|player|p2|GeelGee|170|1000\n|gen|9\n|tier|[Gen 9 Champions] VGC 2026 Reg M-A\n|rated|\n|rule|Species Clause: Limit one of each Pok\u00e9mon\n|rule|Item Clause: Limit 1 of each item\n|clearpoke\n|poke|p1|Tyranitar, L50, F|\n|poke|p1|Whimsicott, L50, M|\n|poke|p1|Excadrill, L50, M|\n|poke|p1|Milotic, L50, M|\n|poke|p1|Meowscarada, L50, M|\n|poke|p1|Incineroar, L50, M|\n|poke|p2|Incineroar, L50, F|\n|poke|p2|Meganium, L50, F|\n|poke|p2|Garchomp, L50, M|\n|poke|p2|Basculegion, L50, M|\n|poke|p2|Pelipper, L50, M|\n|poke|p2|Archaludon, L50, M|\n|teampreview|4\n|\n|t:|1775899873\n|teamsize|p1|4\n|teamsize|p2|4\n|start\n|switch|p1a: Whimsicott|Whimsicott, L50, M|100/100\n|switch|p1b: Milotic|Milotic, L50, M|100/100\n|switch|p2a: Incineroar|Incineroar, L50, F|100/100\n|switch|p2b: Basculegion|Basculegion, L50, M|100/100\n|-ability|p2a: Incineroar|Intimidate|boost\n|-unboost|p1a: Whimsicott|atk|1\n|-unboost|p1b: Milotic|atk|1\n|-ability|p1b: Milotic|Competitive|boost\n|-boost|p1b: Milotic|spa|2\n|turn|1\n|\n|t:|1775899895\n|move|p2a: Incineroar|Fake Out|p1a: Whimsicott\n|-damage|p1a: Whimsicott|82/100\n|cant|p1a: Whimsicott|flinch\n|move|p2b: Basculegion|Flip Turn|p1b: Milotic\n|-resisted|p1b: Milotic|1\n|-damage|p1b: Milotic|82/100\n|\n|t:|1775899903\n|switch|p2b: Meganium|Meganium, L50, F|100/100|[from] Flip Turn\n|move|p1b: Milotic|Scald|p2a: Incineroar\n|-supereffective|p2a: Incineroar|1\n|-damage|p2a: Incineroar|2/100\n|-enditem|p2a: Incineroar|Sitrus Berry|[eat]\n|-heal|p2a: Incineroar|27/100|[from] item: Sitrus Berry\n|\n|upkeep\n|turn|2\n|\n|t:|1775899946\n|switch|p2a: Pelipper|Pelipper, L50, M|100/100\n|-weather|RainDance|[from] ability: Drizzle|[of] p2a: Pelipper\n|detailschange|p2b: Meganium|Meganium-Mega, L50, F\n|-mega|p2b: Meganium|Meganium|Meganiumite\n|move|p1a: Whimsicott|Tailwind|p1a: Whimsicott\n|-sidestart|p1: sodarist|move: Tailwind\n|move|p1b: Milotic|Ice Beam|p2b: Meganium\n|-supereffective|p2b: Meganium|1\n|-damage|p2b: Meganium|33/100\n|move|p2b: Meganium|Dazzling Gleam|p1b: Milotic|[spread] p1a,p1b\n|-damage|p1a: Whimsicott|35/100\n|-damage|p1b: Milotic|60/100\n|\n|-weather|RainDance|[upkeep]\n|upkeep\n|turn|3\n|\n|t:|1775899973\n|switch|p1a: Tyranitar|Tyranitar, L50, F|100/100\n|-weather|Sandstorm|[from] ability: Sand Stream|[of] p1a: Tyranitar\n|move|p2b: Meganium|Protect|p2b: Meganium\n|-singleturn|p2b: Meganium|Protect\n|move|p1b: Milotic|Ice Beam|p2a: Pelipper\n|-damage|p2a: Pelipper|35/100\n|-status|p2a: Pelipper|frz\n|cant|p2a: Pelipper|frz\n|\n|-weather|Sandstorm|[upkeep]\n|-damage|p1b: Milotic|55/100|[from] Sandstorm\n|-damage|p2a: Pelipper|29/100 frz|[from] Sandstorm\n|-damage|p2b: Meganium|27/100|[from] Sandstorm\n|upkeep\n|turn|4\n|\n|t:|1775900001\n|move|p1b: Milotic|Ice Beam|p2a: Pelipper\n|-damage|p2a: Pelipper|0 fnt\n|faint|p2a: Pelipper\n|move|p1a: Tyranitar|Rock Slide|p2b: Meganium\n|-damage|p2b: Meganium|0 fnt\n|faint|p2b: Meganium\n|\n|-weather|Sandstorm|[upkeep]\n|-damage|p1b: Milotic|49/100|[from] Sandstorm\n|-enditem|p1b: Milotic|Sitrus Berry|[eat]\n|-heal|p1b: Milotic|74/100|[from] item: Sitrus Berry\n|upkeep\n|\n|t:|1775900023\n|switch|p2a: Incineroar|Incineroar, L50, F|27/100\n|switch|p2b: Basculegion|Basculegion, L50, M|100/100\n|-ability|p2a: Incineroar|Intimidate|boost\n|-unboost|p1a: Tyranitar|atk|1\n|-unboost|p1b: Milotic|atk|1\n|-ability|p1b: Milotic|Competitive|boost\n|-boost|p1b: Milotic|spa|2\n|turn|5\n|\n|t:|1775900056\n|move|p1b: Milotic|Scald|p2a: Incineroar\n|-supereffective|p2a: Incineroar|1\n|-damage|p2a: Incineroar|0 fnt\n|faint|p2a: Incineroar\n|move|p1a: Tyranitar|Rock Slide|p2b: Basculegion\n|-damage|p2b: Basculegion|74/100\n|move|p2b: Basculegion|Last Respects|p1b: Milotic\n|-damage|p1b: Milotic|0 fnt\n|faint|p1b: Milotic\n|\n|-weather|Sandstorm|[upkeep]\n|-damage|p2b: Basculegion|68/100|[from] Sandstorm\n|-sideend|p1: sodarist|move: Tailwind\n|upkeep\n|-message|GeelGee forfeited.\n|\n|win|sodarist\n|raw|sodarist's rating: 1027 &rarr; <strong>1060</strong><br />(+33 for winning)\n|raw|GeelGee's rating: 1000 &rarr; <strong>1000</strong><br />(+0 for losing)\n|l|\u2606GeelGee\n|player|p2|\n",
  "uploadtime": 1775900115,
  "views": 13,
  "formatid": "gen9championsvgc2026regma",
  "rating": 1000,
  "private": 0,
  "password": null
}