{
  "id": "gen9championsvgc2026regma-2587764936",
  "format": "[Gen 9 Champions] VGC 2026 Reg M-A",
  "players": [
    "Dr.Aero",
    "Juave"
  ],
  "log": "|j|\u2606Dr.Aero\n|j|\u2606Juave\n|t:|1776561707\n|gametype|doubles\n|player|p1|Dr.Aero|camper|1044\n|player|p2|Juave|waitress-gen4|1136\n|gen|9\n|tier|[Gen 9 Champions] VGC 2026 Reg M-A\n|rated|\n|rule|Species Clause: Limit one of each Pok\u00e9mon\n|rule|Item Clause: Limit 1 of each item\n|clearpoke\n|poke|p1|Aggron, L50, F|\n|poke|p1|Sinistcha, L50|\n|poke|p1|Volcarona, L50, M|\n|poke|p1|Rotom-Wash, L50, shiny|\n|poke|p1|Sneasler, L50, M|\n|poke|p1|Chimecho, L50, F|\n|poke|p2|Venusaur, L50, F|\n|poke|p2|Incineroar, L50, F|\n|poke|p2|Sneasler, L50, F|\n|poke|p2|Gengar, L50, F|\n|poke|p2|Weavile, L50, F|\n|poke|p2|Whimsicott, L50, F|\n|teampreview|4\n|inactive|Battle timer is ON: inactive players will automatically lose when time's up. (requested by Dr.Aero)\nJuave rejected open team sheets.\n|inactive|Dr.Aero has 60 seconds left.\n|\n|t:|1776561765\n|teamsize|p1|4\n|teamsize|p2|4\n|start\n|switch|p1a: Volcarona|Volcarona, L50, M|100/100\n|switch|p1b: Can I have scald?|Rotom-Wash, L50, shiny|100/100\n|switch|p2a: Cimenamina ey ey|Gengar, L50, F|100/100\n|switch|p2b: Ragebaiter|Whimsicott, L50, F|100/100\n|turn|1\n|inactive|Dr.Aero has 30 seconds left.\n|inactive|Juave has 30 seconds left.\n|\n|t:|1776561793\n|detailschange|p2a: Cimenamina ey ey|Gengar-Mega, L50, F\n|-mega|p2a: Cimenamina ey ey|Gengar|Gengarite\n|move|p2b: Ragebaiter|Tailwind|p2b: Ragebaiter\n|-sidestart|p2: Juave|move: Tailwind\n|move|p2a: Cimenamina ey ey|Sludge Bomb|p1b: Can I have scald?\n|-damage|p1b: Can I have scald?|33/100\n|-status|p1b: Can I have scald?|psn\n|-enditem|p1b: Can I have scald?|Sitrus Berry|[eat]\n|-heal|p1b: Can I have scald?|58/100 psn|[from] item: Sitrus Berry\n|move|p1a: Volcarona|Struggle Bug|p2b: Ragebaiter|[spread] p2a,p2b\n|-resisted|p2a: Cimenamina ey ey|2\n|-damage|p2a: Cimenamina ey ey|95/100\n|-damage|p2b: Ragebaiter|77/100\n|-unboost|p2a: Cimenamina ey ey|spa|1\n|-unboost|p2b: Ragebaiter|spa|1\n|move|p1b: Can I have scald?|Volt Switch|p2a: Cimenamina ey ey\n|-damage|p2a: Cimenamina ey ey|50/100\n|\n|t:|1776561804\n|switch|p1b: Sinistcha|Sinistcha, L50|100/100|[from] Volt Switch\n|\n|upkeep\n|turn|2\n|\n|t:|1776561816\n|switch|p2a: Meow|Incineroar, L50, F|100/100\n|-ability|p2a: Meow|Intimidate|boost\n|-unboost|p1a: Volcarona|atk|1\n|-unboost|p1b: Sinistcha|atk|1\n|move|p1a: Volcarona|Rage Powder|p1a: Volcarona\n|-singleturn|p1a: Volcarona|move: Rage Powder\n|move|p2b: Ragebaiter|Encore|p1a: Volcarona\n|-start|p1a: Volcarona|Encore\n|move|p1b: Sinistcha|Trick Room|p1b: Sinistcha\n|-fieldstart|move: Trick Room|[of] p1b: Sinistcha\n|\n|upkeep\n|turn|3\n|\n|t:|1776561830\n|switch|p1b: Can I have scald?|Rotom-Wash, L50, shiny|58/100 psn\n|switch|p1a: Bulky boi|Aggron, L50, F|100/100\n|move|p2a: Meow|Fake Out|p1a: Bulky boi\n|-resisted|p1a: Bulky boi|2\n|-damage|p1a: Bulky boi|99/100\n|move|p2b: Ragebaiter|Encore||[still]\n|-fail|p2b: Ragebaiter\n|\n|-damage|p1b: Can I have scald?|45/100 psn|[from] psn\n|upkeep\n|turn|4\n|\n|t:|1776561854\n|switch|p1b: Volcarona|Volcarona, L50, M|100/100\n|switch|p2a: Gremlin|Weavile, L50, F|100/100\n|-ability|p2a: Gremlin|Pressure\n|detailschange|p1a: Bulky boi|Aggron-Mega, L50, F\n|-mega|p1a: Bulky boi|Aggron|Aggronite\n|move|p2b: Ragebaiter|Taunt|p1a: Bulky boi\n|-start|p1a: Bulky boi|move: Taunt\n|move|p1a: Bulky boi|Heavy Slam|p2b: Ragebaiter\n|-supereffective|p2b: Ragebaiter|1\n|-damage|p2b: Ragebaiter|0 fnt\n|faint|p2b: Ragebaiter\n|\n|-sideend|p2: Juave|move: Tailwind\n|upkeep\n|\n|t:|1776561865\n|switch|p2b: Meow|Incineroar, L50, F|100/100\n|-ability|p2b: Meow|Intimidate|boost\n|-unboost|p1a: Bulky boi|atk|1\n|-unboost|p1b: Volcarona|atk|1\n|turn|5\n|\n|t:|1776561878\n|move|p2a: Gremlin|Fake Out|p1b: Volcarona\n|-damage|p1b: Volcarona|87/100\n|move|p1a: Bulky boi|Body Press|p2b: Meow\n|-supereffective|p2b: Meow|1\n|-crit|p2b: Meow\n|-damage|p2b: Meow|0 fnt\n|faint|p2b: Meow\n|cant|p1b: Volcarona|flinch\n|\n|-heal|p1b: Volcarona|94/100|[from] item: Leftovers\n|upkeep\n|\n|t:|1776561883\n|switch|p2b: Cimenamina ey ey|Gengar-Mega, L50, F|50/100\n|turn|6\n|\n|t:|1776561895\n|move|p2b: Cimenamina ey ey|Protect|p2b: Cimenamina ey ey\n|-singleturn|p2b: Cimenamina ey ey|Protect\n|move|p1a: Bulky boi|Heavy Slam|p2b: Cimenamina ey ey\n|-activate|p2b: Cimenamina ey ey|move: Protect\n|move|p1b: Volcarona|Fiery Dance|p2a: Gremlin\n|-supereffective|p2a: Gremlin|1\n|-enditem|p2a: Gremlin|Focus Sash\n|-damage|p2a: Gremlin|1/100\n|-boost|p1b: Volcarona|spa|1\n|move|p2a: Gremlin|Knock Off|p1b: Volcarona\n|-damage|p1b: Volcarona|42/100\n|-enditem|p1b: Volcarona|Leftovers|[from] move: Knock Off|[of] p2a: Gremlin\n|\n|-end|p1a: Bulky boi|move: Taunt\n|-fieldend|move: Trick Room\n|upkeep\n|turn|7\n|\n|t:|1776561916\n|move|p1b: Volcarona|Rage Powder|p1b: Volcarona\n|-singleturn|p1b: Volcarona|move: Rage Powder\n|move|p2b: Cimenamina ey ey|Shadow Ball|p1b: Volcarona\n|-damage|p1b: Volcarona|0 fnt\n|faint|p1b: Volcarona\n|move|p2a: Gremlin|Knock Off|p1a: Bulky boi\n|-damage|p1a: Bulky boi|84/100\n|move|p1a: Bulky boi|Heavy Slam|p2b: Cimenamina ey ey\n|-damage|p2b: Cimenamina ey ey|0 fnt\n|faint|p2b: Cimenamina ey ey\n|\n|upkeep\n|\n|t:|1776561923\n|switch|p1b: Sinistcha|Sinistcha, L50|100/100\n|-heal|p1a: Bulky boi|100/100|[from] ability: Hospitality|[of] p1b: Sinistcha\n|turn|8\n|-message|Juave forfeited.\n|\n|win|Dr.Aero\n|raw|Dr.Aero's rating: 1044 &rarr; <strong>1086</strong><br />(+42 for winning)\n|raw|Juave's rating: 1136 &rarr; <strong>1105</strong><br />(-31 for losing)\n|l|\u2606Juave\n|player|p2|\n",
  "uploadtime": 1776561925,
  "views": 11,
  "formatid": "gen9championsvgc2026regma",
  "rating": 1086,
  "private": 0,
  "password": null
}