{
  "id": "gen9championsvgc2026regma-2584289235",
  "format": "[Gen 9 Champions] VGC 2026 Reg M-A",
  "players": [
    "BadasShesho",
    "Simplekiwi"
  ],
  "log": "|j|\u2606BadasShesho\n|j|\u2606Simplekiwi\n|t:|1776247559\n|gametype|doubles\n|player|p1|BadasShesho|alain|1059\n|player|p2|Simplekiwi|richboy-gen4|1160\n|gen|9\n|tier|[Gen 9 Champions] VGC 2026 Reg M-A\n|rated|\n|rule|Species Clause: Limit one of each Pok\u00e9mon\n|rule|Item Clause: Limit 1 of each item\n|clearpoke\n|poke|p1|Gengar, L50, F|\n|poke|p1|Dragonite, L50, F|\n|poke|p1|Archaludon, L50, M|\n|poke|p1|Maushold, L50|\n|poke|p1|Sneasler, L50, F|\n|poke|p1|Milotic, L50, M|\n|poke|p2|Charizard, L50, F|\n|poke|p2|Houndoom, L50, M|\n|poke|p2|Whimsicott, L50, M|\n|poke|p2|Incineroar, L50, F|\n|poke|p2|Torkoal, L50, M|\n|poke|p2|Venusaur, L50, F|\n|teampreview|4\nSimplekiwi rejected open team sheets.\n|inactive|Battle timer is ON: inactive players will automatically lose when time's up. (requested by BadasShesho)\n|\n|t:|1776247607\n|teamsize|p1|4\n|teamsize|p2|4\n|start\n|switch|p1a: Milotic|Milotic, L50, M|100/100\n|switch|p1b: Gengar|Gengar, L50, F, shiny|100/100\n|switch|p2a: Torkoal|Torkoal, L50, M|100/100\n|switch|p2b: Venusaur|Venusaur, L50, F, shiny|100/100\n|-weather|SunnyDay|[from] ability: Drought|[of] p2a: Torkoal\n|turn|1\n|\n|t:|1776247625\n|detailschange|p1b: Gengar|Gengar-Mega, L50, F, shiny\n|-mega|p1b: Gengar|Gengar|Gengarite\n|move|p2a: Torkoal|Helping Hand|p2b: Venusaur\n|-singleturn|p2b: Venusaur|Helping Hand|[of] p2a: Torkoal\n|move|p2b: Venusaur|Earth Power|p1b: Gengar\n|-supereffective|p1b: Gengar|1\n|-damage|p1b: Gengar|0 fnt\n|faint|p1b: Gengar\n|move|p1a: Milotic|Ice Beam|p2b: Venusaur\n|-supereffective|p2b: Venusaur|1\n|-damage|p2b: Venusaur|46/100\n|\n|-weather|SunnyDay|[upkeep]\n|upkeep\n|\n|t:|1776247642\n|switch|p1b: Dragonite|Dragonite, L50, F|100/100\n|turn|2\n|\n|t:|1776247650\n|move|p2a: Torkoal|Helping Hand|p2b: Venusaur\n|-singleturn|p2b: Venusaur|Helping Hand|[of] p2a: Torkoal\n|move|p1a: Milotic|Protect|p1a: Milotic\n|-singleturn|p1a: Milotic|Protect\n|move|p2b: Venusaur|Energy Ball|p1a: Milotic\n|-activate|p1a: Milotic|move: Protect\n|move|p1b: Dragonite|Tailwind|p1b: Dragonite\n|-sidestart|p1: BadasShesho|move: Tailwind\n|\n|-weather|SunnyDay|[upkeep]\n|upkeep\n|turn|3\n|\n|t:|1776247669\n|move|p1b: Dragonite|Extreme Speed|p2b: Venusaur\n|-crit|p2b: Venusaur\n|-damage|p2b: Venusaur|0 fnt\n|faint|p2b: Venusaur\n|move|p1a: Milotic|Surf|p2a: Torkoal|[spread] p1b,p2a\n|-resisted|p1b: Dragonite|1\n|-supereffective|p2a: Torkoal|1\n|-damage|p1b: Dragonite|98/100\n|-damage|p2a: Torkoal|73/100\n|move|p2a: Torkoal|Heat Wave|p1b: Dragonite|[spread] p1a,p1b\n|-resisted|p1a: Milotic|1\n|-resisted|p1b: Dragonite|1\n|-damage|p1a: Milotic|90/100\n|-damage|p1b: Dragonite|83/100\n|-status|p1b: Dragonite|brn\n|-enditem|p1b: Dragonite|Lum Berry|[eat]\n|-curestatus|p1b: Dragonite|brn|[msg]\n|\n|-weather|SunnyDay|[upkeep]\n|-heal|p1a: Milotic|96/100|[from] item: Leftovers\n|upkeep\n|\n|t:|1776247680\n|switch|p2b: Houndoom|Houndoom, L50, M, shiny|100/100\n|turn|4\n|\n|t:|1776247687\n|detailschange|p2b: Houndoom|Houndoom-Mega, L50, M, shiny\n|-mega|p2b: Houndoom|Houndoom|Houndoominite\n|move|p1b: Dragonite|Protect|p1b: Dragonite\n|-singleturn|p1b: Dragonite|Protect\n|move|p1a: Milotic|Surf|p2a: Torkoal|[spread] p2a,p2b\n|-activate|p1b: Dragonite|move: Protect\n|-supereffective|p2a: Torkoal|1\n|-supereffective|p2b: Houndoom|1\n|-damage|p2a: Torkoal|49/100\n|-damage|p2b: Houndoom|70/100\n|move|p2b: Houndoom|Solar Beam||[still]\n|-prepare|p2b: Houndoom|Solar Beam\n|-anim|p2b: Houndoom|Solar Beam|p1a: Milotic\n|-supereffective|p1a: Milotic|1\n|-damage|p1a: Milotic|10/100\n|move|p2a: Torkoal|Body Press|p1a: Milotic\n|-damage|p1a: Milotic|0 fnt\n|faint|p1a: Milotic\n|\n|-weather|SunnyDay|[upkeep]\n|-damage|p2b: Houndoom|58/100|[from] ability: Solar Power|[of] p2b: Houndoom\n|upkeep\n|\n|t:|1776247700\n|switch|p1a: Archaludon|Archaludon, L50, M|100/100\n|turn|5\n|\n|t:|1776247708\n|move|p1a: Archaludon|Protect|p1a: Archaludon\n|-singleturn|p1a: Archaludon|Protect\n|move|p1b: Dragonite|Tailwind||[still]\n|-fail|p1b: Dragonite\n|move|p2b: Houndoom|Dark Pulse|p1b: Dragonite\n|-damage|p1b: Dragonite|23/100\n|move|p2a: Torkoal|Heat Wave|p1a: Archaludon|[spread] p1b\n|-activate|p1a: Archaludon|move: Protect\n|-resisted|p1b: Dragonite|1\n|-damage|p1b: Dragonite|9/100\n|\n|-weather|none\n|-sideend|p1: BadasShesho|move: Tailwind\n|upkeep\n|turn|6\n|\n|t:|1776247721\n|switch|p2a: Charizard|Charizard, L50, F, shiny|100/100\n|move|p2b: Houndoom|Protect|p2b: Houndoom\n|-singleturn|p2b: Houndoom|Protect\n|move|p1a: Archaludon|Meteor Beam||[still]\n|-prepare|p1a: Archaludon|Meteor Beam\n|-boost|p1a: Archaludon|spa|1\n|move|p1b: Dragonite|Tailwind|p1b: Dragonite\n|-sidestart|p1: BadasShesho|move: Tailwind\n|\n|upkeep\n|turn|7\n|\n|t:|1776247745\n|switch|p2b: Torkoal|Torkoal, L50, M|49/100\n|-weather|SunnyDay|[from] ability: Drought|[of] p2b: Torkoal\n|move|p1b: Dragonite|Extreme Speed|p2b: Torkoal\n|-damage|p2b: Torkoal|26/100\n|move|p1a: Archaludon|Meteor Beam|p2b: Torkoal|[from] lockedmove\n|-supereffective|p2b: Torkoal|1\n|-damage|p2b: Torkoal|0 fnt\n|faint|p2b: Torkoal\n|move|p2a: Charizard|Heat Wave|p1b: Dragonite|[spread] p1a,p1b\n|-resisted|p1b: Dragonite|1\n|-damage|p1a: Archaludon|0 fnt\n|-damage|p1b: Dragonite|0 fnt\n|faint|p1a: Archaludon\n|faint|p1b: Dragonite\n|\n|win|Simplekiwi\n|raw|BadasShesho's rating: 1059 &rarr; <strong>1045</strong><br />(-14 for losing)\n|raw|Simplekiwi's rating: 1160 &rarr; <strong>1178</strong><br />(+18 for winning)\n",
  "uploadtime": 1776247757,
  "views": 22,
  "formatid": "gen9championsvgc2026regma",
  "rating": 1045,
  "private": 0,
  "password": null
}