{
  "id": "gen9championsvgc2026regma-2584926433",
  "format": "[Gen 9 Champions] VGC 2026 Reg M-A",
  "players": [
    "Krupp99",
    "Marcio Lira"
  ],
  "log": "|j|\u2606Krupp99\n|j|\u2606Marcio Lira\n|t:|1776295189\n|gametype|doubles\n|player|p1|Krupp99|roark|1199\n|player|p2|Marcio Lira|bugcatcher-gen4dp|1230\n|gen|9\n|tier|[Gen 9 Champions] VGC 2026 Reg M-A\n|rated|\n|rule|Species Clause: Limit one of each Pok\u00e9mon\n|rule|Item Clause: Limit 1 of each item\n|clearpoke\n|poke|p1|Delphox, L50, F|\n|poke|p1|Garchomp, L50, F|\n|poke|p1|Sneasler, L50, M|\n|poke|p1|Floette-Eternal, L50, F|\n|poke|p1|Basculegion, L50, M|\n|poke|p1|Whimsicott, L50, F|\n|poke|p2|Floette-Eternal, L50, F|\n|poke|p2|Sinistcha, L50|\n|poke|p2|Volcarona, L50, F|\n|poke|p2|Talonflame, L50, F|\n|poke|p2|Garchomp, L50, M|\n|poke|p2|Tyranitar, L50, M|\n|teampreview|4\n|inactive|Battle timer is ON: inactive players will automatically lose when time's up. (requested by Krupp99)\n|inactive|Marcio Lira has 60 seconds left.\n|\n|t:|1776295239\n|teamsize|p1|4\n|teamsize|p2|4\n|start\n|switch|p1a: Delphox|Delphox, L50, F|100/100\n|switch|p1b: Sneasler|Sneasler, L50, M|100/100\n|switch|p2a: Talonflame|Talonflame, L50, F|100/100\n|switch|p2b: Floette|Floette-Eternal, L50, F|100/100\n|turn|1\n|\n|t:|1776295252\n|detailschange|p1a: Delphox|Delphox-Mega, L50, F\n|-mega|p1a: Delphox|Delphox|Delphoxite\n|detailschange|p2b: Floette|Floette-Mega, L50, F\n|-mega|p2b: Floette|Floette|Floettite\n|-ability|p2b: Floette|Fairy Aura\n|move|p2a: Talonflame|Upper Hand|p1b: Sneasler\n|-resisted|p1b: Sneasler|1\n|-damage|p1b: Sneasler|85/100\n|cant|p1b: Sneasler|flinch\n|move|p1a: Delphox|Heat Wave|p2a: Talonflame|[spread] p2a,p2b\n|-resisted|p2a: Talonflame|1\n|-damage|p2a: Talonflame|67/100\n|-damage|p2b: Floette|68/100\n|move|p2b: Floette|Moonblast|p1b: Sneasler\n|-damage|p1b: Sneasler|0 fnt\n|faint|p1b: Sneasler\n|\n|upkeep\n|\n|t:|1776295270\n|switch|p1b: Basculegion|Basculegion, L50, M|100/100\n|turn|2\n|\n|t:|1776295287\n|move|p2b: Floette|Protect|p2b: Floette\n|-singleturn|p2b: Floette|Protect\n|move|p1b: Basculegion|Last Respects|p2b: Floette\n|-activate|p2b: Floette|move: Protect\n|move|p1a: Delphox|Psychic|p2a: Talonflame\n|-damage|p2a: Talonflame|0 fnt\n|faint|p2a: Talonflame\n|\n|upkeep\n|\n|t:|1776295299\n|switch|p2a: Tyranitar|Tyranitar, L50, M|100/100\n|-weather|Sandstorm|[from] ability: Sand Stream|[of] p2a: Tyranitar\n|turn|3\n|\n|t:|1776295323\n|switch|p1a: Garchomp|Garchomp, L50, F|100/100\n|move|p1b: Basculegion|Last Respects|p2b: Floette\n|-crit|p2b: Floette\n|-damage|p2b: Floette|0 fnt\n|faint|p2b: Floette\n|move|p2a: Tyranitar|Crunch|p1b: Basculegion\n|-supereffective|p1b: Basculegion|1\n|-damage|p1b: Basculegion|0 fnt\n|faint|p1b: Basculegion\n|\n|-weather|Sandstorm|[upkeep]\n|upkeep\n|\n|t:|1776295332\n|switch|p2b: Sinistcha|Sinistcha, L50|100/100\n|switch|p1b: Delphox|Delphox-Mega, L50, F|100/100\n|turn|4\n|inactive|Marcio Lira has 30 seconds left.\n|\n|t:|1776295357\n|move|p1b: Delphox|Heat Wave|p2a: Tyranitar|[spread] p2b\n|-miss|p1b: Delphox|p2a: Tyranitar\n|-supereffective|p2b: Sinistcha|1\n|-crit|p2b: Sinistcha\n|-damage|p2b: Sinistcha|0 fnt\n|faint|p2b: Sinistcha\n|move|p1a: Garchomp|Earthquake|p2a: Tyranitar|[spread] p2a\n|-immune|p1b: Delphox|[from] ability: Levitate\n|-supereffective|p2a: Tyranitar|1\n|-enditem|p2a: Tyranitar|Shuca Berry|[eat]\n|-enditem|p2a: Tyranitar|Shuca Berry|[weaken]\n|-damage|p2a: Tyranitar|66/100\n|move|p2a: Tyranitar|Ice Punch|p1a: Garchomp\n|-supereffective|p1a: Garchomp|2\n|-damage|p1a: Garchomp|0 fnt\n|-damage|p2a: Tyranitar|54/100|[from] ability: Rough Skin|[of] p1a: Garchomp\n|faint|p1a: Garchomp\n|\n|-weather|Sandstorm|[upkeep]\n|-damage|p1b: Delphox|94/100|[from] Sandstorm\n|upkeep\n|turn|5\n|l|\u2606Krupp99\n|inactive|Krupp99 disconnected and has a minute to reconnect!\n|player|p1|\n|inactive|Krupp99 has 30 seconds left.\n|j|\u2606Krupp99\n|inactive|Krupp99 reconnected and has 25 seconds left.\n|player|p1|Krupp99|roark|\n|inactive|Krupp99 has 20 seconds left.\n|\n|t:|1776295396\n|move|p1b: Delphox|Protect|p1b: Delphox\n|-singleturn|p1b: Delphox|Protect\n|move|p2a: Tyranitar|Crunch|p1b: Delphox\n|-activate|p1b: Delphox|move: Protect\n|\n|-weather|Sandstorm|[upkeep]\n|-damage|p1b: Delphox|88/100|[from] Sandstorm\n|upkeep\n|turn|6\n|\n|t:|1776295407\n|move|p1b: Delphox|Heat Wave|p2a: Tyranitar\n|-resisted|p2a: Tyranitar|1\n|-damage|p2a: Tyranitar|34/100\n|move|p2a: Tyranitar|Crunch|p1b: Delphox\n|-supereffective|p1b: Delphox|1\n|-damage|p1b: Delphox|0 fnt\n|faint|p1b: Delphox\n|\n|win|Marcio Lira\n|raw|Krupp99's rating: 1199 &rarr; <strong>1176</strong><br />(-23 for losing)\n|raw|Marcio Lira's rating: 1230 &rarr; <strong>1253</strong><br />(+23 for winning)\n",
  "uploadtime": 1776295415,
  "views": 20,
  "formatid": "gen9championsvgc2026regma",
  "rating": 1176,
  "private": 0,
  "password": null
}