{
  "id": "gen9championsvgc2026regma-2584298894",
  "format": "[Gen 9 Champions] VGC 2026 Reg M-A",
  "players": [
    "pabli9090",
    "MimeYourBusiness"
  ],
  "log": "|j|\u2606pabli9090\n|j|\u2606MimeYourBusiness\n|t:|1776248614\n|gametype|doubles\n|player|p1|pabli9090|265|1085\n|player|p2|MimeYourBusiness|nemona-s|1161\n|gen|9\n|tier|[Gen 9 Champions] VGC 2026 Reg M-A\n|rated|\n|rule|Species Clause: Limit one of each Pok\u00e9mon\n|rule|Item Clause: Limit 1 of each item\n|clearpoke\n|poke|p1|Floette-Eternal, L50, F|\n|poke|p1|Aerodactyl, L50, M|\n|poke|p1|Incineroar, L50, F|\n|poke|p1|Garchomp, L50, M|\n|poke|p1|Charizard, L50, F|\n|poke|p1|Venusaur, L50, F|\n|poke|p2|Aerodactyl, L50, F|\n|poke|p2|Garchomp, L50, F|\n|poke|p2|Froslass, L50, F|\n|poke|p2|Sneasler, L50, F|\n|poke|p2|Basculegion, L50, M|\n|poke|p2|Incineroar, L50, F|\n|teampreview|4\n|inactive|Battle timer is ON: inactive players will automatically lose when time's up. (requested by MimeYourBusiness)\n|\n|t:|1776248660\n|teamsize|p1|4\n|teamsize|p2|4\n|start\n|switch|p1a: Floette|Floette-Eternal, L50, F|100/100\n|switch|p1b: Aerodactyl|Aerodactyl, L50, M|100/100\n|switch|p2a: Sneasler|Sneasler, L50, F|100/100\n|switch|p2b: Aerodactyl|Aerodactyl, L50, F|100/100\n|-ability|p2b: Aerodactyl|Unnerve\n|-ability|p1b: Aerodactyl|Unnerve\n|turn|1\n|\n|t:|1776248680\n|move|p2a: Sneasler|Protect|p2a: Sneasler\n|-singleturn|p2a: Sneasler|Protect\n|move|p1a: Floette|Protect|p1a: Floette\n|-singleturn|p1a: Floette|Protect\n|move|p2b: Aerodactyl|Tailwind|p2b: Aerodactyl\n|-sidestart|p2: MimeYourBusiness|move: Tailwind\n|move|p1b: Aerodactyl|Tailwind|p1b: Aerodactyl\n|-sidestart|p1: pabli9090|move: Tailwind\n|\n|upkeep\n|turn|2\n|inactive|MimeYourBusiness has 30 seconds left.\n|inactive|MimeYourBusiness has 20 seconds left.\n|inactive|MimeYourBusiness has 15 seconds left.\n|inactive|MimeYourBusiness has 10 seconds left.\n|\n|t:|1776248729\n|switch|p1a: Garchomp|Garchomp, L50, M|100/100\n|move|p2b: Aerodactyl|Rock Slide|p1a: Garchomp|[spread] p1a\n|-miss|p2b: Aerodactyl|p1b: Aerodactyl\n|-resisted|p1a: Garchomp|1\n|-damage|p1a: Garchomp|90/100\n|move|p2a: Sneasler|Dire Claw|p1a: Garchomp\n|-resisted|p1a: Garchomp|1\n|-damage|p1a: Garchomp|70/100\n|-damage|p2a: Sneasler|88/100|[from] ability: Rough Skin|[of] p1a: Garchomp\n|move|p1b: Aerodactyl|Rock Slide|p2a: Sneasler|[spread] p2a,p2b\n|-resisted|p2a: Sneasler|1\n|-supereffective|p2b: Aerodactyl|1\n|-damage|p2a: Sneasler|66/100\n|-damage|p2b: Aerodactyl|23/100\n|\n|upkeep\n|turn|3\n|inactive|MimeYourBusiness has 30 seconds left.\n|\n|t:|1776248761\n|move|p1a: Garchomp|Earthquake|p2b: Aerodactyl|[spread] p2a\n|-immune|p1b: Aerodactyl\n|-immune|p2b: Aerodactyl\n|-supereffective|p2a: Sneasler|1\n|-damage|p2a: Sneasler|0 fnt\n|faint|p2a: Sneasler\n|move|p2b: Aerodactyl|Rock Slide|p1b: Aerodactyl|[spread] p1a,p1b\n|-resisted|p1a: Garchomp|1\n|-supereffective|p1b: Aerodactyl|1\n|-damage|p1a: Garchomp|58/100\n|-damage|p1b: Aerodactyl|33/100\n|move|p1b: Aerodactyl|Rock Slide|p2b: Aerodactyl|[miss]\n|-miss|p1b: Aerodactyl|p2b: Aerodactyl\n|\n|upkeep\n|\n|t:|1776248775\n|switch|p2a: Froslass|Froslass, L50, F|100/100\n|turn|4\n|inactive|pabli9090 has 30 seconds left.\n|inactive|MimeYourBusiness has 30 seconds left.\n|inactive|pabli9090 has 20 seconds left.\n|inactive|pabli9090 has 15 seconds left.\n|\n|t:|1776248817\n|move|p1b: Aerodactyl|Protect|p1b: Aerodactyl\n|-singleturn|p1b: Aerodactyl|Protect\n|move|p2a: Froslass|Protect|p2a: Froslass\n|-singleturn|p2a: Froslass|Protect\n|move|p1a: Garchomp|Earthquake|p2b: Aerodactyl|[spread] \n|-activate|p1b: Aerodactyl|move: Protect\n|-activate|p2a: Froslass|move: Protect\n|-immune|p2b: Aerodactyl\n|move|p2b: Aerodactyl|Rock Slide|p1a: Garchomp|[spread] p1a\n|-activate|p1b: Aerodactyl|move: Protect\n|-resisted|p1a: Garchomp|1\n|-damage|p1a: Garchomp|47/100\n|\n|-sideend|p2: MimeYourBusiness|move: Tailwind\n|-sideend|p1: pabli9090|move: Tailwind\n|upkeep\n|turn|5\n|inactive|pabli9090 has 30 seconds left.\n|inactive|MimeYourBusiness has 30 seconds left.\n|inactive|pabli9090 has 20 seconds left.\n|inactive|MimeYourBusiness has 20 seconds left.\n|inactive|pabli9090 has 15 seconds left.\n|\n|t:|1776248858\n|detailschange|p2a: Froslass|Froslass-Mega, L50, F\n|-mega|p2a: Froslass|Froslass|Froslassite\n|-weather|Snowscape|[from] ability: Snow Warning|[of] p2a: Froslass\n|move|p1a: Garchomp|Earthquake|p2b: Aerodactyl|[spread] p2a\n|-immune|p1b: Aerodactyl\n|-immune|p2b: Aerodactyl\n|-damage|p2a: Froslass|56/100\n|move|p2b: Aerodactyl|Tailwind|p2b: Aerodactyl\n|-sidestart|p2: MimeYourBusiness|move: Tailwind\n|move|p2a: Froslass|Aurora Veil|p2a: Froslass\n|-sidestart|p2: MimeYourBusiness|move: Aurora Veil\n|move|p1b: Aerodactyl|Tailwind|p1b: Aerodactyl\n|-sidestart|p1: pabli9090|move: Tailwind\n|\n|-weather|Snowscape|[upkeep]\n|upkeep\n|turn|6\n|\n|t:|1776248881\n|move|p2a: Froslass|Protect|p2a: Froslass\n|-singleturn|p2a: Froslass|Protect\n|move|p1a: Garchomp|Earthquake|p2b: Aerodactyl|[spread] \n|-activate|p2a: Froslass|move: Protect\n|-immune|p1b: Aerodactyl\n|-immune|p2b: Aerodactyl\n|move|p2b: Aerodactyl|Rock Slide|p1b: Aerodactyl|[spread] p1a,p1b\n|-resisted|p1a: Garchomp|1\n|-supereffective|p1b: Aerodactyl|1\n|-damage|p1a: Garchomp|35/100\n|-damage|p1b: Aerodactyl|0 fnt\n|faint|p1b: Aerodactyl\n|\n|-weather|Snowscape|[upkeep]\n|upkeep\n|\n|t:|1776248884\n|switch|p1b: Floette|Floette-Eternal, L50, F|100/100\n|turn|7\n|\n|t:|1776248902\n|detailschange|p1b: Floette|Floette-Mega, L50, F\n|-mega|p1b: Floette|Floette|Floettite\n|-ability|p1b: Floette|Fairy Aura\n|move|p1a: Garchomp|Earthquake|p2a: Froslass|[spread] p1b,p2a\n|-immune|p2b: Aerodactyl\n|-damage|p1b: Floette|59/100\n|-damage|p2a: Froslass|28/100\n|move|p2b: Aerodactyl|Dual Wingbeat|p1b: Floette\n|-damage|p1b: Floette|38/100\n|-damage|p1b: Floette|18/100\n|-hitcount|p1b: Floette|2\n|move|p2a: Froslass|Blizzard|p1a: Garchomp|[spread] p1a,p1b\n|-supereffective|p1a: Garchomp|2\n|-damage|p1a: Garchomp|0 fnt\n|-damage|p1b: Floette|0 fnt\n|faint|p1a: Garchomp\n|faint|p1b: Floette\n|\n|-weather|Snowscape|[upkeep]\n|upkeep\n|\n|t:|1776248917\n|switch|p1b: Venusaur|Venusaur, L50, F|100/100\n|turn|8\n|\n|t:|1776248921\n|move|p2b: Aerodactyl|Dual Wingbeat|p1b: Venusaur\n|-supereffective|p1b: Venusaur|1\n|-damage|p1b: Venusaur|55/100\n|-supereffective|p1b: Venusaur|1\n|-damage|p1b: Venusaur|5/100\n|-hitcount|p1b: Venusaur|2\n|move|p2a: Froslass|Blizzard|p1b: Venusaur\n|-supereffective|p1b: Venusaur|1\n|-damage|p1b: Venusaur|0 fnt\n|faint|p1b: Venusaur\n|\n|win|MimeYourBusiness\n|raw|pabli9090's rating: 1085 &rarr; <strong>1067</strong><br />(-18 for losing)\n|raw|MimeYourBusiness's rating: 1161 &rarr; <strong>1181</strong><br />(+20 for winning)\n",
  "uploadtime": 1776248929,
  "views": 17,
  "formatid": "gen9championsvgc2026regma",
  "rating": 1067,
  "private": 0,
  "password": null
}