{
  "id": "gen9championsvgc2026regma-2584056965",
  "format": "[Gen 9 Champions] VGC 2026 Reg M-A",
  "players": [
    "juanbase22",
    "SecretAdept"
  ],
  "log": "|j|\u2606juanbase22\n|j|\u2606SecretAdept\n|t:|1776220843\n|gametype|doubles\n|player|p1|juanbase22|102|1000\n|player|p2|SecretAdept|blue-masters2|1032\n|gen|9\n|tier|[Gen 9 Champions] VGC 2026 Reg M-A\n|rated|\n|rule|Species Clause: Limit one of each Pok\u00e9mon\n|rule|Item Clause: Limit 1 of each item\n|clearpoke\n|poke|p1|Sableye, L50, F|\n|poke|p1|Gengar, L50, M|\n|poke|p1|Dragonite, L50, M|\n|poke|p1|Palafin, L50, M|\n|poke|p1|Corviknight, L50, M|\n|poke|p1|Sinistcha, L50|\n|poke|p2|Steelix, L50, F|\n|poke|p2|Tyranitar, L50, M|\n|poke|p2|Empoleon, L50, F|\n|poke|p2|Aerodactyl, L50, F|\n|poke|p2|Archaludon, L50, M|\n|poke|p2|Primarina, L50, M|\n|teampreview|4\n|inactive|Battle timer is ON: inactive players will automatically lose when time's up. (requested by SecretAdept)\n|\n|t:|1776220879\n|teamsize|p1|4\n|teamsize|p2|4\n|start\n|switch|p1a: Sableye|Sableye, L50, F, shiny|100/100\n|switch|p1b: Gengar|Gengar, L50, M, shiny|100/100\n|switch|p2a: Aerodactyl|Aerodactyl, L50, F|100/100\n|switch|p2b: Tyranitar|Tyranitar, L50, M|100/100\n|-ability|p2a: Aerodactyl|Unnerve\n|-weather|Sandstorm|[from] ability: Sand Stream|[of] p2b: Tyranitar\n|turn|1\n|inactive|juanbase22 has 30 seconds left.\n|inactive|juanbase22 has 20 seconds left.\n|inactive|juanbase22 has 15 seconds left.\n|inactive|juanbase22 has 10 seconds left.\n|\n|t:|1776220925\n|detailschange|p1b: Gengar|Gengar-Mega, L50, M, shiny\n|-mega|p1b: Gengar|Gengar|Gengarite\n|move|p1a: Sableye|Fake Out|p2a: Aerodactyl\n|-resisted|p2a: Aerodactyl|1\n|-damage|p2a: Aerodactyl|95/100\n|move|p1b: Gengar|Perish Song|p1b: Gengar\n|-start|p1a: Sableye|perish3|[silent]\n|-start|p1b: Gengar|perish3|[silent]\n|-start|p2a: Aerodactyl|perish3|[silent]\n|-start|p2b: Tyranitar|perish3|[silent]\n|-fieldactivate|move: Perish Song\n|cant|p2a: Aerodactyl|flinch\n|move|p2b: Tyranitar|Knock Off|p1b: Gengar\n|-supereffective|p1b: Gengar|1\n|-damage|p1b: Gengar|0 fnt\n|faint|p1b: Gengar\n|\n|-weather|Sandstorm|[upkeep]\n|-damage|p1a: Sableye|95/100|[from] Sandstorm\n|-start|p2a: Aerodactyl|perish3\n|-start|p2b: Tyranitar|perish3\n|-start|p1a: Sableye|perish3\n|upkeep\n|\n|t:|1776220947\n|switch|p1b: Corviknight|Corviknight, L50, M, shiny|100/100\n|turn|2\n|\n|t:|1776220961\n|move|p1a: Sableye|Protect|p1a: Sableye\n|-singleturn|p1a: Sableye|Protect\n|move|p2a: Aerodactyl|Rock Slide|p1b: Corviknight|[spread] p1b\n|-activate|p1a: Sableye|move: Protect\n|-damage|p1b: Corviknight|81/100\n|move|p1b: Corviknight|Bulk Up|p1b: Corviknight\n|-boost|p1b: Corviknight|atk|1\n|-boost|p1b: Corviknight|def|1\n|move|p2b: Tyranitar|Knock Off|p1b: Corviknight\n|-damage|p1b: Corviknight|50/100\n|-enditem|p1b: Corviknight|Leftovers|[from] move: Knock Off|[of] p2b: Tyranitar\n|\n|-weather|Sandstorm|[upkeep]\n|-damage|p1a: Sableye|89/100|[from] Sandstorm\n|-start|p2a: Aerodactyl|perish2\n|-start|p2b: Tyranitar|perish2\n|-start|p1a: Sableye|perish2\n|upkeep\n|turn|3\n|inactive|juanbase22 has 30 seconds left.\n|inactive|SecretAdept has 30 seconds left.\n|inactive|juanbase22 has 20 seconds left.\n|\n|t:|1776220999\n|switch|p2b: Archaludon|Archaludon, L50, M|100/100\n|move|p1a: Sableye|Encore|p2a: Aerodactyl\n|-start|p2a: Aerodactyl|Encore\n|move|p2a: Aerodactyl|Rock Slide|p1b: Corviknight|[spread] p1a,p1b\n|-damage|p1a: Sableye|58/100\n|-damage|p1b: Corviknight|38/100\n|move|p1b: Corviknight|Body Press|p2b: Archaludon\n|-supereffective|p2b: Archaludon|1\n|-crit|p2b: Archaludon\n|-damage|p2b: Archaludon|37/100\n|-ability|p2b: Archaludon|Stamina|boost\n|-boost|p2b: Archaludon|def|1\n|\n|-weather|Sandstorm|[upkeep]\n|-damage|p1a: Sableye|53/100|[from] Sandstorm\n|-heal|p2b: Archaludon|43/100|[from] item: Leftovers\n|-start|p2a: Aerodactyl|perish1\n|-start|p1a: Sableye|perish1\n|upkeep\n|turn|4\n|inactive|juanbase22 has 30 seconds left.\n|inactive|SecretAdept has 30 seconds left.\n|\n|t:|1776221025\n|switch|p1a: Sinistcha|Sinistcha, L50|100/100\n|-heal|p1b: Corviknight|62/100|[from] ability: Hospitality|[of] p1a: Sinistcha\n|move|p2b: Archaludon|Protect|p2b: Archaludon\n|-singleturn|p2b: Archaludon|Protect\n|move|p1b: Corviknight|Protect|p1b: Corviknight\n|-singleturn|p1b: Corviknight|Protect\n|move|p2a: Aerodactyl|Rock Slide|p1a: Sinistcha|[spread] p1a\n|-activate|p1b: Corviknight|move: Protect\n|-damage|p1a: Sinistcha|78/100\n|\n|-weather|Sandstorm|[upkeep]\n|-damage|p1a: Sinistcha|72/100|[from] Sandstorm\n|-heal|p2b: Archaludon|49/100|[from] item: Leftovers\n|-start|p2a: Aerodactyl|perish0\n|faint|p2a: Aerodactyl\n|upkeep\n|\n|t:|1776221046\n|switch|p2a: Primarina|Primarina, L50, M|100/100\n|turn|5\n|inactive|juanbase22 has 30 seconds left.\n|\n|t:|1776221072\n|move|p2b: Archaludon|Thunderbolt|p1b: Corviknight\n|-supereffective|p1b: Corviknight|1\n|-damage|p1b: Corviknight|12/100\n|move|p1a: Sinistcha|Matcha Gotcha|p2b: Archaludon|[spread] p2a,p2b\n|-supereffective|p2a: Primarina|1\n|-resisted|p2b: Archaludon|2\n|-damage|p2a: Primarina|58/100\n|-heal|p1a: Sinistcha|90/100|[from] drain|[of] p2a: Primarina\n|-damage|p2b: Archaludon|41/100\n|-heal|p1a: Sinistcha|95/100|[from] drain|[of] p2b: Archaludon\n|-ability|p2b: Archaludon|Stamina|boost\n|-boost|p2b: Archaludon|def|1\n|move|p1b: Corviknight|Body Press|p2b: Archaludon\n|-supereffective|p2b: Archaludon|1\n|-damage|p2b: Archaludon|19/100\n|-ability|p2b: Archaludon|Stamina|boost\n|-boost|p2b: Archaludon|def|1\n|move|p2a: Primarina|Shadow Ball|p1a: Sinistcha\n|-supereffective|p1a: Sinistcha|1\n|-damage|p1a: Sinistcha|41/100\n|-enditem|p1a: Sinistcha|Sitrus Berry|[eat]\n|-heal|p1a: Sinistcha|65/100|[from] item: Sitrus Berry\n|\n|-weather|none\n|-heal|p2b: Archaludon|25/100|[from] item: Leftovers\n|upkeep\n|turn|6\n|inactive|juanbase22 has 30 seconds left.\n|\n|t:|1776221105\n|switch|p1a: Sableye|Sableye, L50, F, shiny|53/100\n|move|p2b: Archaludon|Protect|p2b: Archaludon\n|-singleturn|p2b: Archaludon|Protect\n|move|p1b: Corviknight|Protect|p1b: Corviknight\n|-singleturn|p1b: Corviknight|Protect\n|move|p2a: Primarina|Blizzard|p1b: Corviknight|[spread] p1a\n|-activate|p1b: Corviknight|move: Protect\n|-damage|p1a: Sableye|14/100\n|\n|-heal|p2b: Archaludon|31/100|[from] item: Leftovers\n|upkeep\n|turn|7\n|inactive|juanbase22 has 30 seconds left.\n|\n|t:|1776221137\n|move|p1a: Sableye|Fake Out|p2a: Primarina\n|-damage|p2a: Primarina|48/100\n|move|p2b: Archaludon|Flash Cannon|p1a: Sableye\n|-damage|p1a: Sableye|0 fnt\n|faint|p1a: Sableye\n|move|p1b: Corviknight|Body Press|p2b: Archaludon\n|-supereffective|p2b: Archaludon|1\n|-damage|p2b: Archaludon|11/100\n|-ability|p2b: Archaludon|Stamina|boost\n|-boost|p2b: Archaludon|def|1\n|cant|p2a: Primarina|flinch\n|\n|-heal|p2b: Archaludon|17/100|[from] item: Leftovers\n|upkeep\n|\n|t:|1776221151\n|switch|p1a: Sinistcha|Sinistcha, L50|65/100\n|-heal|p1b: Corviknight|37/100|[from] ability: Hospitality|[of] p1a: Sinistcha\n|turn|8\n|\n|t:|1776221161\n|move|p1b: Corviknight|Protect|p1b: Corviknight\n|-singleturn|p1b: Corviknight|Protect\n|move|p2b: Archaludon|Flash Cannon|p1a: Sinistcha\n|-crit|p1a: Sinistcha\n|-damage|p1a: Sinistcha|7/100\n|move|p1a: Sinistcha|Matcha Gotcha|p2a: Primarina|[spread] p2b\n|-miss|p1a: Sinistcha|p2a: Primarina\n|-resisted|p2b: Archaludon|2\n|-damage|p2b: Archaludon|9/100\n|-heal|p1a: Sinistcha|12/100|[from] drain|[of] p2b: Archaludon\n|-ability|p2b: Archaludon|Stamina|boost\n|-boost|p2b: Archaludon|def|1\n|move|p2a: Primarina|Blizzard|p1a: Sinistcha|[spread] \n|-activate|p1b: Corviknight|move: Protect\n|-miss|p2a: Primarina|p1a: Sinistcha\n|\n|-heal|p2b: Archaludon|15/100|[from] item: Leftovers\n|upkeep\n|turn|9\n|c|\u2606SecretAdept|!dt Matcha Gotcha\n|c|\u2606SecretAdept|/raw <ul class=\"utilichart\"><li class=\"result\"><span class=\"col movenamecol\"><a href=\"https://dex.pokemonshowdown.com/moves/matchagotcha\">Matcha Gotcha</a></span> <span class=\"col typecol\"><img src=\"//play.pokemonshowdown.com/sprites/types/Grass.png\" alt=\"Grass\" width=\"32\" height=\"14\"><img src=\"//play.pokemonshowdown.com/sprites/categories/Special.png\" alt=\"Special\" width=\"32\" height=\"14\"></span> <span class=\"col labelcol\"><em>Power</em><br>80</span> <span class=\"col widelabelcol\"><em>Accuracy</em><br>90%</span> <span class=\"col pplabelcol\"><em>PP</em><br>24</span> <span class=\"col movedesccol\">20% burn. Recovers 50% dmg dealt. Thaws foe(s).</span> </li><li style=\"clear:both\"></li></ul>\n|c|\u2606SecretAdept|/raw <font size=\"1\"><font color=\"#686868\">Priority:</font> 0&nbsp;|&ThickSpace;<font color=\"#686868\">Gen:</font> 9&nbsp;|&ThickSpace;&#10003; Boosted by Sheer Force&nbsp;|&ThickSpace;&#10003; Thaws user&nbsp;|&ThickSpace;<font color=\"#686868\">Z-Power:</font> 160&nbsp;|&ThickSpace;<font color=\"#686868\">Target:</font> All Adjacent Opponents</font>\n\n|inactive|juanbase22 has 30 seconds left.\n|\n|t:|1776221192\n|move|p2b: Archaludon|Protect|p2b: Archaludon\n|-singleturn|p2b: Archaludon|Protect\n|move|p1a: Sinistcha|Protect|p1a: Sinistcha\n|-singleturn|p1a: Sinistcha|Protect\n|move|p1b: Corviknight|Body Press|p2a: Primarina\n|-resisted|p2a: Primarina|1\n|-damage|p2a: Primarina|26/100\n|move|p2a: Primarina|Hyper Voice|p1a: Sinistcha|[spread] p1b\n|-activate|p1a: Sinistcha|move: Protect\n|-damage|p1b: Corviknight|1/100\n|\n|-heal|p2b: Archaludon|21/100|[from] item: Leftovers\n|upkeep\n|turn|10\n|inactive|juanbase22 has 30 seconds left.\n|inactive|juanbase22 has 20 seconds left.\n|inactive|juanbase22 has 15 seconds left.\n|\n|t:|1776221235\n|move|p1a: Sinistcha|Rage Powder|p1a: Sinistcha\n|-singleturn|p1a: Sinistcha|move: Rage Powder\n|move|p2b: Archaludon|Flash Cannon|p1a: Sinistcha\n|-damage|p1a: Sinistcha|0 fnt\n|faint|p1a: Sinistcha\n|move|p1b: Corviknight|Bulk Up|p1b: Corviknight\n|-boost|p1b: Corviknight|atk|1\n|-boost|p1b: Corviknight|def|1\n|move|p2a: Primarina|Hyper Voice|p1b: Corviknight\n|-damage|p1b: Corviknight|0 fnt\n|faint|p1b: Corviknight\n|\n|win|SecretAdept\n|raw|juanbase22's rating: 1000 &rarr; <strong>1000</strong><br />(+0 for losing)\n|raw|SecretAdept's rating: 1032 &rarr; <strong>1064</strong><br />(+32 for winning)\n|c|\u2606SecretAdept|gg\n|l|\u2606juanbase22\n|player|p1|\n",
  "uploadtime": 1776221253,
  "views": 21,
  "formatid": "gen9championsvgc2026regma",
  "rating": 1000,
  "private": 0,
  "password": null
}