{
  "id": "gen9championsvgc2026regma-2585901557",
  "format": "[Gen 9 Champions] VGC 2026 Reg M-A",
  "players": [
    "youngbriks",
    "Grizzberry"
  ],
  "log": "|j|\u2606youngbriks\n|j|\u2606Grizzberry\n|t:|1776379825\n|gametype|doubles\n|player|p1|youngbriks|palmer|1137\n|player|p2|Grizzberry|170|1081\n|gen|9\n|tier|[Gen 9 Champions] VGC 2026 Reg M-A\n|rated|\n|rule|Species Clause: Limit one of each Pok\u00e9mon\n|rule|Item Clause: Limit 1 of each item\n|clearpoke\n|poke|p1|Floette-Eternal, L50, F|\n|poke|p1|Garchomp, L50, M|\n|poke|p1|Sneasler, L50, F|\n|poke|p1|Rotom-Wash, L50|\n|poke|p1|Aerodactyl, L50, M|\n|poke|p1|Incineroar, L50, F|\n|poke|p2|Charizard, L50, F|\n|poke|p2|Venusaur, L50, F|\n|poke|p2|Garchomp, L50, F|\n|poke|p2|Aerodactyl, L50, F|\n|poke|p2|Farigiraf, L50, M|\n|poke|p2|Froslass, L50, F|\n|teampreview|4\n|\n|t:|1776379863\n|teamsize|p1|4\n|teamsize|p2|4\n|start\n|switch|p1a: Aerodactyl|Aerodactyl, L50, M|100/100\n|switch|p1b: Incineroar|Incineroar, L50, F, shiny|100/100\n|switch|p2a: Farigiraf|Farigiraf, L50, M|100/100\n|switch|p2b: Charizard|Charizard, L50, F|100/100\n|-ability|p1a: Aerodactyl|Unnerve\n|-ability|p1b: Incineroar|Intimidate|boost\n|-unboost|p2a: Farigiraf|atk|1\n|-unboost|p2b: Charizard|atk|1\n|turn|1\n|\n|t:|1776379890\n|detailschange|p2b: Charizard|Charizard-Mega-Y, L50, F\n|-mega|p2b: Charizard|Charizard|Charizardite Y\n|-weather|SunnyDay|[from] ability: Drought|[of] p2b: Charizard\n|move|p1a: Aerodactyl|Rock Slide|p2a: Farigiraf|[spread] p2a\n|-miss|p1a: Aerodactyl|p2b: Charizard\n|-damage|p2a: Farigiraf|76/100\n|move|p2b: Charizard|Weather Ball|p1a: Aerodactyl\n|-resisted|p1a: Aerodactyl|1\n|-damage|p1a: Aerodactyl|32/100\n|move|p1b: Incineroar|Throat Chop|p2a: Farigiraf\n|-supereffective|p2a: Farigiraf|1\n|-damage|p2a: Farigiraf|18/100\n|-start|p2a: Farigiraf|Throat Chop|[silent]\n|move|p2a: Farigiraf|Psychic|p1a: Aerodactyl\n|-damage|p1a: Aerodactyl|0 fnt\n|faint|p1a: Aerodactyl\n|\n|-weather|SunnyDay|[upkeep]\n|upkeep\n|\n|t:|1776379920\n|switch|p1a: Rotom|Rotom-Wash, L50, shiny|100/100\n|turn|2\n|\n|t:|1776379939\n|switch|p2a: Venusaur|Venusaur, L50, F|100/100\n|move|p2b: Charizard|Protect|p2b: Charizard\n|-singleturn|p2b: Charizard|Protect\n|move|p1a: Rotom|Electroweb|p2a: Venusaur|[spread] p2a\n|-activate|p2b: Charizard|move: Protect\n|-resisted|p2a: Venusaur|1\n|-damage|p2a: Venusaur|93/100\n|-unboost|p2a: Venusaur|spe|1\n|move|p1b: Incineroar|Throat Chop|p2a: Venusaur\n|-damage|p2a: Venusaur|52/100\n|-start|p2a: Venusaur|Throat Chop|[silent]\n|\n|-weather|SunnyDay|[upkeep]\n|upkeep\n|turn|3\n|\n|t:|1776379983\n|move|p1a: Rotom|Electroweb|p2a: Venusaur|[spread] p2a,p2b\n|-resisted|p2a: Venusaur|1\n|-supereffective|p2b: Charizard|1\n|-damage|p2a: Venusaur|45/100\n|-damage|p2b: Charizard|65/100\n|-unboost|p2a: Venusaur|spe|1\n|-unboost|p2b: Charizard|spe|1\n|-enditem|p2a: Venusaur|Sitrus Berry|[eat]\n|-heal|p2a: Venusaur|70/100|[from] item: Sitrus Berry\n|move|p2a: Venusaur|Energy Ball|p1a: Rotom\n|-supereffective|p1a: Rotom|1\n|-damage|p1a: Rotom|4/100\n|move|p2b: Charizard|Air Slash|p1b: Incineroar\n|-damage|p1b: Incineroar|58/100\n|cant|p1b: Incineroar|flinch\n|\n|-weather|SunnyDay|[upkeep]\n|-end|p2a: Venusaur|Throat Chop|[silent]\n|upkeep\n|turn|4\n|\n|t:|1776380005\n|switch|p1b: Floette|Floette-Eternal, L50, F|100/100\n|move|p1a: Rotom|Electroweb|p2b: Charizard|[spread] p2a,p2b\n|-resisted|p2a: Venusaur|1\n|-supereffective|p2b: Charizard|1\n|-damage|p2a: Venusaur|63/100\n|-damage|p2b: Charizard|34/100\n|-unboost|p2a: Venusaur|spe|1\n|-unboost|p2b: Charizard|spe|1\n|move|p2a: Venusaur|Earth Power|p1b: Floette\n|-damage|p1b: Floette|78/100\n|move|p2b: Charizard|Heat Wave|p1b: Floette|[spread] p1a,p1b\n|-resisted|p1a: Rotom|1\n|-damage|p1a: Rotom|0 fnt\n|-damage|p1b: Floette|21/100\n|faint|p1a: Rotom\n|\n|-weather|SunnyDay|[upkeep]\n|upkeep\n|\n|t:|1776380021\n|switch|p1a: Incineroar|Incineroar, L50, F, shiny|58/100\n|-ability|p1a: Incineroar|Intimidate|boost\n|-unboost|p2a: Venusaur|atk|1\n|-unboost|p2b: Charizard|atk|1\n|turn|5\n|\n|t:|1776380033\n|switch|p2a: Farigiraf|Farigiraf, L50, M|18/100\n|switch|p2b: Garchomp|Garchomp, L50, F|100/100\n|move|p1a: Incineroar|Fake Out||[still]\n|cant|p2a: Farigiraf|ability: Armor Tail|Fake Out|[of] p1a: Incineroar\n|move|p1b: Floette|Dazzling Gleam|p2a: Farigiraf|[spread] p2a,p2b\n|-supereffective|p2b: Garchomp|1\n|-damage|p2a: Farigiraf|0 fnt\n|-damage|p2b: Garchomp|33/100\n|faint|p2a: Farigiraf\n|\n|-weather|none\n|upkeep\n|\n|t:|1776380045\n|switch|p2a: Charizard|Charizard-Mega-Y, L50, F|34/100\n|-weather|SunnyDay|[from] ability: Drought|[of] p2a: Charizard\n|turn|6\n|\n|t:|1776380064\n|detailschange|p1b: Floette|Floette-Mega, L50, F\n|-mega|p1b: Floette|Floette|Floettite\n|-ability|p1b: Floette|Fairy Aura\n|move|p1b: Floette|Protect|p1b: Floette\n|-singleturn|p1b: Floette|Protect\n|move|p2b: Garchomp|Earthquake|p1a: Incineroar|[spread] p1a\n|-activate|p1b: Floette|move: Protect\n|-immune|p2a: Charizard\n|-supereffective|p1a: Incineroar|1\n|-damage|p1a: Incineroar|0 fnt\n|faint|p1a: Incineroar\n|move|p2a: Charizard|Heat Wave|p1b: Floette\n|-activate|p1b: Floette|move: Protect\n|\n|-weather|SunnyDay|[upkeep]\n|upkeep\n|turn|7\n|\n|t:|1776380083\n|move|p2b: Garchomp|Rock Slide|p1b: Floette\n|-damage|p1b: Floette|0 fnt\n|faint|p1b: Floette\n|\n|win|Grizzberry\n|raw|youngbriks's rating: 1137 &rarr; <strong>1108</strong><br />(-29 for losing)\n|raw|Grizzberry's rating: 1081 &rarr; <strong>1113</strong><br />(+32 for winning)\n",
  "uploadtime": 1776380088,
  "views": 22,
  "formatid": "gen9championsvgc2026regma",
  "rating": 1108,
  "private": 0,
  "password": null
}