{
  "id": "gen9championsvgc2026regma-2585512191",
  "format": "[Gen 9 Champions] VGC 2026 Reg M-A",
  "players": [
    "Future Alice haver",
    "Ricola7_YT"
  ],
  "log": "|j|\u2606Future Alice haver\n|j|\u2606Ricola7_YT\n|t:|1776352503\n|gametype|doubles\n|player|p1|Future Alice haver|kimonogirl|1076\n|player|p2|Ricola7_YT|102|1030\n|gen|9\n|tier|[Gen 9 Champions] VGC 2026 Reg M-A\n|rated|\n|rule|Species Clause: Limit one of each Pok\u00e9mon\n|rule|Item Clause: Limit 1 of each item\n|clearpoke\n|poke|p1|Charizard, L50, F|\n|poke|p1|Venusaur, L50, M|\n|poke|p1|Orthworm, L50, F|\n|poke|p1|Garchomp, L50, M|\n|poke|p1|Maushold, L50|\n|poke|p1|Milotic, L50, M|\n|poke|p2|Whimsicott, L50, M|\n|poke|p2|Lucario, L50, M|\n|poke|p2|Farigiraf, L50, F|\n|poke|p2|Garchomp, L50, M|\n|poke|p2|Basculegion, L50, M|\n|poke|p2|Sinistcha, L50|\n|teampreview|4\n|\n|t:|1776352544\n|teamsize|p1|4\n|teamsize|p2|4\n|start\n|switch|p1a: Charizard|Charizard, L50, F|100/100\n|switch|p1b: Milotic|Milotic, L50, M|100/100\n|switch|p2a: Whimsicott|Whimsicott, L50, M|100/100\n|switch|p2b: Farigiraf|Farigiraf, L50, F|100/100\n|turn|1\n|\n|t:|1776352562\n|detailschange|p1a: Charizard|Charizard-Mega-Y, L50, F\n|-mega|p1a: Charizard|Charizard|Charizardite Y\n|-weather|SunnyDay|[from] ability: Drought|[of] p1a: Charizard\n|move|p2a: Whimsicott|Tailwind|p2a: Whimsicott\n|-sidestart|p2: Ricola7_YT|move: Tailwind\n|move|p2b: Farigiraf|Rain Dance|p2b: Farigiraf\n|-weather|RainDance\n|move|p1a: Charizard|Overheat|p2b: Farigiraf\n|-damage|p2b: Farigiraf|64/100\n|-unboost|p1a: Charizard|spa|2\n|move|p1b: Milotic|Ice Beam|p2a: Whimsicott\n|-supereffective|p2a: Whimsicott|1\n|-damage|p2a: Whimsicott|20/100\n|\n|-weather|RainDance|[upkeep]\n|-heal|p2b: Farigiraf|71/100|[from] item: Leftovers\n|upkeep\n|turn|2\n|\n|t:|1776352585\n|switch|p1a: Venusaur|Venusaur, L50, M|100/100\n|move|p2b: Farigiraf|Protect|p2b: Farigiraf\n|-singleturn|p2b: Farigiraf|Protect\n|move|p2a: Whimsicott|Memento|p1a: Venusaur\n|-unboost|p1a: Venusaur|atk|2\n|-unboost|p1a: Venusaur|spa|2\n|faint|p2a: Whimsicott\n|move|p1b: Milotic|Icy Wind|p2b: Farigiraf\n|-activate|p2b: Farigiraf|move: Protect\n|\n|-weather|RainDance|[upkeep]\n|-heal|p2b: Farigiraf|77/100|[from] item: Leftovers\n|upkeep\n|\n|t:|1776352596\n|switch|p2a: Lucario|Lucario, L50, M|100/100\n|turn|3\n|\n|t:|1776352620\n|switch|p1a: Charizard|Charizard-Mega-Y, L50, F|100/100\n|-weather|SunnyDay|[from] ability: Drought|[of] p1a: Charizard\n|move|p2b: Farigiraf|Beat Up|p2a: Lucario\n|-resisted|p2a: Lucario|1\n|-damage|p2a: Lucario|99/100\n|-ability|p2a: Lucario|Justified|boost\n|-boost|p2a: Lucario|atk|1\n|-resisted|p2a: Lucario|1\n|-damage|p2a: Lucario|98/100\n|-ability|p2a: Lucario|Justified|boost\n|-boost|p2a: Lucario|atk|1\n|-resisted|p2a: Lucario|1\n|-damage|p2a: Lucario|97/100\n|-ability|p2a: Lucario|Justified|boost\n|-boost|p2a: Lucario|atk|1\n|-hitcount|p2a: Lucario|3\n|move|p2a: Lucario|Ice Punch|p1a: Charizard\n|-damage|p1a: Charizard|45/100\n|move|p1b: Milotic|Icy Wind|p2a: Lucario|[spread] p2a,p2b\n|-resisted|p2a: Lucario|1\n|-damage|p2a: Lucario|89/100\n|-damage|p2b: Farigiraf|65/100\n|-unboost|p2a: Lucario|spe|1\n|-unboost|p2b: Farigiraf|spe|1\n|\n|-weather|SunnyDay|[upkeep]\n|-heal|p2b: Farigiraf|71/100|[from] item: Leftovers\n|upkeep\n|turn|4\n|\n|t:|1776352664\n|detailschange|p2a: Lucario|Lucario-Mega, L50, M\n|-mega|p2a: Lucario|Lucario|Lucarionite\n|move|p1a: Charizard|Protect|p1a: Charizard\n|-singleturn|p1a: Charizard|Protect\n|move|p1b: Milotic|Protect|p1b: Milotic\n|-singleturn|p1b: Milotic|Protect\n|move|p2a: Lucario|Bullet Punch|p1a: Charizard\n|-activate|p1a: Charizard|move: Protect\n|move|p2b: Farigiraf|Rain Dance|p2b: Farigiraf\n|-weather|RainDance\n|\n|-weather|RainDance|[upkeep]\n|-heal|p2b: Farigiraf|78/100|[from] item: Leftovers\n|-sideend|p2: Ricola7_YT|move: Tailwind\n|upkeep\n|turn|5\n|\n|t:|1776352694\n|switch|p1a: Venusaur|Venusaur, L50, M|100/100\n|move|p1b: Milotic|Scald|p2a: Lucario\n|-damage|p2a: Lucario|17/100\n|-status|p2a: Lucario|brn\n|move|p2a: Lucario|Drain Punch|p1b: Milotic\n|-damage|p1b: Milotic|44/100\n|-heal|p2a: Lucario|50/100 brn|[from] drain|[of] p1b: Milotic\n|move|p2b: Farigiraf|Beat Up|p1b: Milotic\n|-damage|p1b: Milotic|41/100\n|-damage|p1b: Milotic|39/100\n|-hitcount|p1b: Milotic|2\n|\n|-weather|RainDance|[upkeep]\n|-heal|p2b: Farigiraf|84/100|[from] item: Leftovers\n|-damage|p2a: Lucario|44/100 brn|[from] brn\n|upkeep\n|turn|6\n|\n|t:|1776352714\n|switch|p2b: Sinistcha|Sinistcha, L50|100/100\n|-heal|p2a: Lucario|69/100 brn|[from] ability: Hospitality|[of] p2b: Sinistcha\n|move|p2a: Lucario|Protect|p2a: Lucario\n|-singleturn|p2a: Lucario|Protect\n|move|p1a: Venusaur|Sleep Powder|p2b: Sinistcha\n|-immune|p2b: Sinistcha\n|move|p1b: Milotic|Scald|p2a: Lucario\n|-activate|p2a: Lucario|move: Protect\n|\n|-weather|RainDance|[upkeep]\n|-damage|p2a: Lucario|63/100 brn|[from] brn\n|upkeep\n|turn|7\n|\n|t:|1776352734\n|switch|p1a: Charizard|Charizard-Mega-Y, L50, F|45/100\n|-weather|SunnyDay|[from] ability: Drought|[of] p1a: Charizard\n|move|p1b: Milotic|Icy Wind|p2a: Lucario|[spread] p2a,p2b\n|-resisted|p2a: Lucario|1\n|-supereffective|p2b: Sinistcha|1\n|-damage|p2a: Lucario|55/100 brn\n|-damage|p2b: Sinistcha|78/100\n|-unboost|p2a: Lucario|spe|1\n|-unboost|p2b: Sinistcha|spe|1\n|move|p2a: Lucario|Ice Punch|p1a: Charizard\n|-damage|p1a: Charizard|12/100\n|move|p2b: Sinistcha|Matcha Gotcha|p1b: Milotic|[spread] p1a,p1b\n|-resisted|p1a: Charizard|2\n|-supereffective|p1b: Milotic|1\n|-damage|p1a: Charizard|8/100\n|-heal|p2b: Sinistcha|80/100|[from] drain|[of] p1a: Charizard\n|-damage|p1b: Milotic|2/100\n|-heal|p2b: Sinistcha|100/100|[from] drain|[of] p1b: Milotic\n|\n|-weather|SunnyDay|[upkeep]\n|-damage|p2a: Lucario|49/100 brn|[from] brn\n|upkeep\n|turn|8\n|\n|t:|1776352767\n|move|p1a: Charizard|Protect|p1a: Charizard\n|-singleturn|p1a: Charizard|Protect\n|move|p2a: Lucario|Bullet Punch|p1a: Charizard\n|-activate|p1a: Charizard|move: Protect\n|move|p1b: Milotic|Ice Beam|p2a: Lucario\n|-resisted|p2a: Lucario|1\n|-damage|p2a: Lucario|33/100 brn\n|move|p2b: Sinistcha|Life Dew||[still]|[spread] p2a,p2b\n|-heal|p2a: Lucario|58/100 brn\n|-fail|p2b: Sinistcha|heal\n|\n|-weather|SunnyDay|[upkeep]\n|-damage|p2a: Lucario|52/100 brn|[from] brn\n|upkeep\n|turn|9\n|\n|t:|1776352784\n|move|p2a: Lucario|Bullet Punch|p1a: Charizard\n|-resisted|p1a: Charizard|1\n|-damage|p1a: Charizard|0 fnt\n|faint|p1a: Charizard\n|move|p1b: Milotic|Ice Beam|p2b: Sinistcha\n|-supereffective|p2b: Sinistcha|1\n|-damage|p2b: Sinistcha|51/100\n|move|p2b: Sinistcha|Matcha Gotcha|p1b: Milotic\n|-supereffective|p1b: Milotic|1\n|-damage|p1b: Milotic|0 fnt\n|-heal|p2b: Sinistcha|52/100|[from] drain|[of] p1b: Milotic\n|faint|p1b: Milotic\n|\n|-weather|SunnyDay|[upkeep]\n|-damage|p2a: Lucario|46/100 brn|[from] brn\n|upkeep\n|\n|t:|1776352792\n|switch|p1a: Garchomp|Garchomp, L50, M|100/100\n|switch|p1b: Venusaur|Venusaur, L50, M|100/100\n|turn|10\n|\n|t:|1776352814\n|move|p1b: Venusaur|Protect|p1b: Venusaur\n|-singleturn|p1b: Venusaur|Protect\n|move|p2a: Lucario|Protect|p2a: Lucario\n|-singleturn|p2a: Lucario|Protect\n|move|p1a: Garchomp|Earthquake|p2a: Lucario|[spread] p2b\n|-activate|p1b: Venusaur|move: Protect\n|-activate|p2a: Lucario|move: Protect\n|-resisted|p2b: Sinistcha|1\n|-damage|p2b: Sinistcha|36/100\n|-enditem|p2b: Sinistcha|Sitrus Berry|[eat]\n|-heal|p2b: Sinistcha|61/100|[from] item: Sitrus Berry\n|move|p2b: Sinistcha|Trick Room|p2b: Sinistcha\n|-fieldstart|move: Trick Room|[of] p2b: Sinistcha\n|\n|-weather|SunnyDay|[upkeep]\n|-damage|p2a: Lucario|39/100 brn|[from] brn\n|upkeep\n|turn|11\n|\n|t:|1776352831\n|move|p2b: Sinistcha|Life Dew|p2b: Sinistcha|[spread] p2a,p2b\n|-heal|p2a: Lucario|64/100 brn\n|-heal|p2b: Sinistcha|86/100\n|move|p2a: Lucario|Ice Punch|p1b: Venusaur\n|-supereffective|p1b: Venusaur|1\n|-damage|p1b: Venusaur|22/100\n|move|p1a: Garchomp|Earthquake|p2b: Sinistcha|[spread] p1b,p2a,p2b\n|-supereffective|p2a: Lucario|1\n|-resisted|p2b: Sinistcha|1\n|-damage|p1b: Venusaur|0 fnt\n|-damage|p2a: Lucario|0 fnt\n|-damage|p2b: Sinistcha|71/100\n|faint|p1b: Venusaur\n|faint|p2a: Lucario\n|\n|-weather|none\n|upkeep\n|\n|t:|1776352836\n|switch|p2a: Farigiraf|Farigiraf, L50, F|84/100\n|turn|12\n|\n|t:|1776352843\n|move|p2b: Sinistcha|Matcha Gotcha|p1a: Garchomp\n|-damage|p1a: Garchomp|64/100\n|-heal|p2b: Sinistcha|90/100|[from] drain|[of] p1a: Garchomp\n|-status|p1a: Garchomp|brn\n|move|p2a: Farigiraf|Beat Up|p1a: Garchomp\n|-damage|p1a: Garchomp|61/100 brn\n|-damage|p1a: Garchomp|58/100 brn\n|-hitcount|p1a: Garchomp|2\n|move|p1a: Garchomp|Earthquake|p2a: Farigiraf|[spread] p2a,p2b\n|-resisted|p2b: Sinistcha|1\n|-damage|p2a: Farigiraf|64/100\n|-damage|p2b: Sinistcha|83/100\n|\n|-heal|p2a: Farigiraf|71/100|[from] item: Leftovers\n|-damage|p1a: Garchomp|52/100 brn|[from] brn\n|upkeep\n|turn|13\n|\n|t:|1776352851\n|move|p2b: Sinistcha|Matcha Gotcha|p1a: Garchomp\n|-damage|p1a: Garchomp|18/100 brn\n|-heal|p2b: Sinistcha|100/100|[from] drain|[of] p1a: Garchomp\n|move|p2a: Farigiraf|Beat Up|p1a: Garchomp\n|-damage|p1a: Garchomp|15/100 brn\n|-damage|p1a: Garchomp|13/100 brn\n|-hitcount|p1a: Garchomp|2\n|move|p1a: Garchomp|Earthquake|p2b: Sinistcha|[spread] p2a,p2b\n|-resisted|p2b: Sinistcha|1\n|-damage|p2a: Farigiraf|50/100\n|-damage|p2b: Sinistcha|93/100\n|\n|-heal|p2a: Farigiraf|56/100|[from] item: Leftovers\n|-damage|p1a: Garchomp|7/100 brn|[from] brn\n|upkeep\n|turn|14\n|-message|Future Alice haver forfeited.\n|\n|win|Ricola7_YT\n|raw|Future Alice haver's rating: 1076 &rarr; <strong>1052</strong><br />(-24 for losing)\n|raw|Ricola7_YT's rating: 1030 &rarr; <strong>1070</strong><br />(+40 for winning)\n",
  "uploadtime": 1776352853,
  "views": 23,
  "formatid": "gen9championsvgc2026regma",
  "rating": 1052,
  "private": 0,
  "password": null
}