{
  "id": "gen9championsvgc2026regma-2583772567",
  "format": "[Gen 9 Champions] VGC 2026 Reg M-A",
  "players": [
    "u09u",
    "john gcv"
  ],
  "log": "|j|\u2606u09u\n|j|\u2606john gcv\n|t:|1776196676\n|gametype|doubles\n|player|p1|u09u|1|1000\n|player|p2|john gcv|hilbert-wonderlauncher|1097\n|gen|9\n|tier|[Gen 9 Champions] VGC 2026 Reg M-A\n|rated|\n|rule|Species Clause: Limit one of each Pok\u00e9mon\n|rule|Item Clause: Limit 1 of each item\n|clearpoke\n|poke|p1|Chandelure, L50, M|\n|poke|p1|Araquanid, L50, M|\n|poke|p1|Sinistcha, L50|\n|poke|p1|Incineroar, L50, M|\n|poke|p1|Sneasler, L50, F|\n|poke|p1|Torkoal, L50, F|\n|poke|p2|Hydreigon, L50, F|\n|poke|p2|Aegislash, L50, F|\n|poke|p2|Gardevoir, L50, M|\n|poke|p2|Aerodactyl, L50, M|\n|poke|p2|Mamoswine, L50, F|\n|poke|p2|Ninetales-Alola, L50, F|\n|teampreview|4\n|\n|t:|1776196705\n|teamsize|p1|4\n|teamsize|p2|4\n|start\n|switch|p1a: Araquanid|Araquanid, L50, M, shiny|100/100\n|switch|p1b: Incineroar|Incineroar, L50, M|100/100\n|switch|p2a: Hydreigon|Hydreigon, L50, F|100/100\n|switch|p2b: Mamoswine|Mamoswine, L50, F|100/100\n|-ability|p1b: Incineroar|Intimidate|boost\n|-unboost|p2a: Hydreigon|atk|1\n|-fail|p2b: Mamoswine|unboost|Attack|[from] ability: Oblivious|[of] p2b: Mamoswine\n|turn|1\n|inactive|Battle timer is ON: inactive players will automatically lose when time's up. (requested by john gcv)\n|\n|t:|1776196737\n|move|p2b: Mamoswine|Protect|p2b: Mamoswine\n|-singleturn|p2b: Mamoswine|Protect\n|move|p1b: Incineroar|Fake Out|p2a: Hydreigon\n|-damage|p2a: Hydreigon|85/100\n|cant|p2a: Hydreigon|flinch\n|move|p1a: Araquanid|Hydro Pump|p2b: Mamoswine\n|-activate|p2b: Mamoswine|move: Protect\n|\n|upkeep\n|turn|2\n|\n|t:|1776196757\n|move|p2a: Hydreigon|Dragon Pulse|p1a: Araquanid\n|-damage|p1a: Araquanid|63/100\n|move|p2b: Mamoswine|Earthquake|p1b: Incineroar|[spread] p1a,p1b\n|-immune|p2a: Hydreigon|[from] ability: Levitate\n|-resisted|p1a: Araquanid|1\n|-supereffective|p1b: Incineroar|1\n|-damage|p1a: Araquanid|40/100\n|-damage|p1b: Incineroar|25/100\n|move|p1b: Incineroar|Will-O-Wisp|p2b: Mamoswine\n|-status|p2b: Mamoswine|brn\n|move|p1a: Araquanid|Sticky Web|p2a: Hydreigon\n|-sidestart|p2: john gcv|move: Sticky Web\n|\n|-damage|p2b: Mamoswine|95/100 brn|[from] brn\n|upkeep\n|turn|3\n|\n|t:|1776196779\n|move|p1a: Araquanid|Protect|p1a: Araquanid\n|-singleturn|p1a: Araquanid|Protect\n|move|p2a: Hydreigon|Dragon Pulse|p1a: Araquanid\n|-activate|p1a: Araquanid|move: Protect\n|move|p2b: Mamoswine|Earthquake|p1a: Araquanid|[spread] p1b\n|-activate|p1a: Araquanid|move: Protect\n|-immune|p2a: Hydreigon|[from] ability: Levitate\n|-supereffective|p1b: Incineroar|1\n|-damage|p1b: Incineroar|0 fnt\n|faint|p1b: Incineroar\n|\n|-damage|p2b: Mamoswine|89/100 brn|[from] brn\n|upkeep\n|\n|t:|1776196790\n|switch|p1b: Sneasler|Sneasler, L50, F, shiny|100/100\n|turn|4\n|\n|t:|1776196802\n|switch|p2a: Aegislash|Aegislash, L50, F|100/100\n|-activate|p2a: Aegislash|move: Sticky Web\n|-unboost|p2a: Aegislash|spe|1\n|move|p2b: Mamoswine|Protect|p2b: Mamoswine\n|-singleturn|p2b: Mamoswine|Protect\n|move|p1b: Sneasler|Close Combat|p2a: Aegislash\n|-immune|p2a: Aegislash\n|move|p1a: Araquanid|Hydro Pump|p2b: Mamoswine\n|-activate|p2b: Mamoswine|move: Protect\n|\n|-damage|p2b: Mamoswine|83/100 brn|[from] brn\n|upkeep\n|turn|5\n|\n|t:|1776196825\n|switch|p1b: Chandelure|Chandelure, L50, M, shiny|100/100\n|switch|p2b: Ninetales|Ninetales-Alola, L50, F|100/100\n|-activate|p2b: Ninetales|move: Sticky Web\n|-unboost|p2b: Ninetales|spe|1\n|-weather|Snowscape|[from] ability: Snow Warning|[of] p2b: Ninetales\n|move|p1a: Araquanid|Hydro Pump|p2b: Ninetales\n|-damage|p2b: Ninetales|18/100\n|-formechange|p2a: Aegislash|Aegislash-Blade|\n|move|p2a: Aegislash|Poltergeist|p1a: Araquanid\n|-activate|p1a: Araquanid|move: Poltergeist|Mystic Water\n|-damage|p1a: Araquanid|0 fnt\n|faint|p1a: Araquanid\n|\n|-weather|Snowscape|[upkeep]\n|upkeep\n|\n|t:|1776196838\n|switch|p1a: Sneasler|Sneasler, L50, F, shiny|100/100\n|turn|6\n|\n|t:|1776196858\n|switch|p2b: Mamoswine|Mamoswine, L50, F|83/100 brn\n|-activate|p2b: Mamoswine|move: Sticky Web\n|-unboost|p2b: Mamoswine|spe|1\n|detailschange|p1b: Chandelure|Chandelure-Mega, L50, M, shiny\n|-mega|p1b: Chandelure|Chandelure|Chandelurite\n|-formechange|p2a: Aegislash|Aegislash|\n|move|p2a: Aegislash|King's Shield|p2a: Aegislash\n|-singleturn|p2a: Aegislash|Protect\n|move|p1a: Sneasler|Fake Out|p2b: Mamoswine\n|-crit|p2b: Mamoswine\n|-damage|p2b: Mamoswine|64/100 brn\n|move|p1b: Chandelure|Heat Wave|p2b: Mamoswine|[spread] p2b\n|-activate|p2a: Aegislash|move: Protect\n|-supereffective|p2b: Mamoswine|1\n|-damage|p2b: Mamoswine|0 fnt\n|faint|p2b: Mamoswine\n|\n|-weather|Snowscape|[upkeep]\n|upkeep\n|\n|t:|1776196874\n|switch|p2b: Hydreigon|Hydreigon, L50, F|85/100\n|turn|7\n|inactive|john gcv has 30 seconds left.\n|\n|t:|1776196900\n|switch|p2b: Ninetales|Ninetales-Alola, L50, F|18/100\n|-activate|p2b: Ninetales|move: Sticky Web\n|-unboost|p2b: Ninetales|spe|1\n|move|p1b: Chandelure|Protect|p1b: Chandelure\n|-singleturn|p1b: Chandelure|Protect\n|move|p1a: Sneasler|Close Combat|p2b: Ninetales\n|-damage|p2b: Ninetales|0 fnt\n|-unboost|p1a: Sneasler|def|1\n|-unboost|p1a: Sneasler|spd|1\n|faint|p2b: Ninetales\n|-formechange|p2a: Aegislash|Aegislash-Blade|\n|move|p2a: Aegislash|Poltergeist|p1b: Chandelure\n|-activate|p1b: Chandelure|move: Protect\n|\n|-weather|Snowscape|[upkeep]\n|upkeep\n|\n|t:|1776196914\n|switch|p2b: Hydreigon|Hydreigon, L50, F|85/100\n|turn|8\n|\n|t:|1776196930\n|-formechange|p2a: Aegislash|Aegislash|\n|move|p2a: Aegislash|King's Shield|p2a: Aegislash\n|-singleturn|p2a: Aegislash|Protect\n|move|p2b: Hydreigon|Dark Pulse|p1b: Chandelure\n|-supereffective|p1b: Chandelure|1\n|-damage|p1b: Chandelure|1/100\n|move|p1a: Sneasler|Close Combat|p2b: Hydreigon\n|-supereffective|p2b: Hydreigon|1\n|-damage|p2b: Hydreigon|0 fnt\n|-unboost|p1a: Sneasler|def|1\n|-unboost|p1a: Sneasler|spd|1\n|faint|p2b: Hydreigon\n|move|p1b: Chandelure|Heat Wave|p2a: Aegislash\n|-activate|p2a: Aegislash|move: Protect\n|\n|-weather|Snowscape|[upkeep]\n|upkeep\n|turn|9\n|inactive|u09u has 30 seconds left.\n|\n|t:|1776196961\n|-formechange|p2a: Aegislash|Aegislash-Blade|\n|move|p2a: Aegislash|Shadow Sneak|p1b: Chandelure\n|-supereffective|p1b: Chandelure|1\n|-damage|p1b: Chandelure|0 fnt\n|faint|p1b: Chandelure\n|move|p1a: Sneasler|Dire Claw|p2a: Aegislash\n|-immune|p2a: Aegislash\n|\n|-weather|none\n|upkeep\n|turn|10\n|-message|u09u forfeited.\n|\n|win|john gcv\n|raw|u09u's rating: 1000 &rarr; <strong>1000</strong><br />(+0 for losing)\n|raw|john gcv's rating: 1097 &rarr; <strong>1116</strong><br />(+19 for winning)\n|l|\u2606u09u\n|player|p1|\n",
  "uploadtime": 1776196970,
  "views": 25,
  "formatid": "gen9championsvgc2026regma",
  "rating": 1000,
  "private": 0,
  "password": null
}