{
  "id": "gen9championsvgc2026regma-2584968838",
  "format": "[Gen 9 Champions] VGC 2026 Reg M-A",
  "players": [
    "Noobilio",
    "LelBoii"
  ],
  "log": "|j|\u2606Noobilio\n|j|\u2606LelBoii\n|t:|1776299152\n|gametype|doubles\n|player|p1|Noobilio|nurse|1358\n|player|p2|LelBoii|cynthia-gen4|1337\n|gen|9\n|tier|[Gen 9 Champions] VGC 2026 Reg M-A\n|rated|\n|rule|Species Clause: Limit one of each Pok\u00e9mon\n|rule|Item Clause: Limit 1 of each item\n|clearpoke\n|poke|p1|Hawlucha, L50, F|\n|poke|p1|Floette-Eternal, L50, F|\n|poke|p1|Incineroar, L50, F|\n|poke|p1|Sinistcha, L50|\n|poke|p1|Snorlax, L50, F|\n|poke|p1|Aerodactyl, L50, F|\n|poke|p2|Charizard, L50, M|\n|poke|p2|Whimsicott, L50, F|\n|poke|p2|Garchomp, L50, M|\n|poke|p2|Incineroar, L50, M|\n|poke|p2|Venusaur, L50, M|\n|poke|p2|Rotom-Wash, L50|\n|teampreview|4\n|\n|t:|1776299190\n|teamsize|p1|4\n|teamsize|p2|4\n|start\n|switch|p1a: Hawlucha|Hawlucha, L50, F, shiny|100/100\n|switch|p1b: Snorlax|Snorlax, L50, F|100/100\n|switch|p2a: Incineroar|Incineroar, L50, M, shiny|100/100\n|switch|p2b: Rotom|Rotom-Wash, L50|100/100\n|-ability|p1a: Hawlucha|Mold Breaker\n|-ability|p2a: Incineroar|Intimidate|boost\n|-unboost|p1a: Hawlucha|atk|1\n|-unboost|p1b: Snorlax|atk|1\n|turn|1\n|inactive|Battle timer is ON: inactive players will automatically lose when time's up. (requested by LelBoii)\n|\n|t:|1776299207\n|detailschange|p1a: Hawlucha|Hawlucha-Mega, L50, F, shiny\n|-mega|p1a: Hawlucha|Hawlucha|Hawluchanite\n|move|p1a: Hawlucha|Protect|p1a: Hawlucha\n|-singleturn|p1a: Hawlucha|Protect\n|move|p1b: Snorlax|Protect|p1b: Snorlax\n|-singleturn|p1b: Snorlax|Protect\n|move|p2a: Incineroar|Fake Out|p1a: Hawlucha\n|-activate|p1a: Hawlucha|move: Protect\n|move|p2b: Rotom|Will-O-Wisp|p1b: Snorlax\n|-activate|p1b: Snorlax|move: Protect\n|\n|upkeep\n|turn|2\n|\n|t:|1776299220\n|move|p1a: Hawlucha|Entrainment|p1b: Snorlax\n|-ability|p1b: Snorlax|No Guard|Thick Fat|[from] move: Entrainment|[of] p1a: Hawlucha\n|move|p2b: Rotom|Will-O-Wisp|p1b: Snorlax\n|-status|p1b: Snorlax|brn\n|move|p2a: Incineroar|Taunt|p1a: Hawlucha\n|-start|p1a: Hawlucha|move: Taunt\n|move|p1b: Snorlax|Fissure|p2a: Incineroar\n|-damage|p2a: Incineroar|0 fnt\n|faint|p2a: Incineroar\n|-ohko\n|\n|-damage|p1b: Snorlax|94/100 brn|[from] brn\n|upkeep\n|\n|t:|1776299230\n|switch|p2a: Charizard|Charizard, L50, M, shiny|100/100\n|turn|3\n|\n|t:|1776299237\n|switch|p1a: Incineroar|Incineroar, L50, F|100/100\n|-ability|p1a: Incineroar|Intimidate|boost\n|-unboost|p2a: Charizard|atk|1\n|-unboost|p2b: Rotom|atk|1\n|detailschange|p2a: Charizard|Charizard-Mega-Y, L50, M, shiny\n|-mega|p2a: Charizard|Charizard|Charizardite Y\n|-weather|SunnyDay|[from] ability: Drought|[of] p2a: Charizard\n|move|p2a: Charizard|Heat Wave|p1a: Incineroar|[spread] p1a,p1b\n|-resisted|p1a: Incineroar|1\n|-damage|p1a: Incineroar|75/100\n|-damage|p1b: Snorlax|50/100 brn\n|move|p2b: Rotom|Electroweb|p1a: Incineroar|[spread] p1a,p1b\n|-damage|p1a: Incineroar|63/100\n|-damage|p1b: Snorlax|40/100 brn\n|-unboost|p1a: Incineroar|spe|1\n|-unboost|p1b: Snorlax|spe|1\n|move|p1b: Snorlax|Smack Down|p2a: Charizard\n|-supereffective|p2a: Charizard|2\n|-damage|p2a: Charizard|77/100\n|-start|p2a: Charizard|Smack Down\n|\n|-weather|SunnyDay|[upkeep]\n|-heal|p1b: Snorlax|46/100 brn|[from] item: Leftovers\n|-damage|p1b: Snorlax|40/100 brn|[from] brn\n|upkeep\n|turn|4\n|\n|t:|1776299260\n|move|p1a: Incineroar|Fake Out|p2a: Charizard\n|-damage|p2a: Charizard|61/100\n|cant|p2a: Charizard|flinch\n|move|p2b: Rotom|Thunderbolt|p1b: Snorlax\n|-damage|p1b: Snorlax|19/100 brn\n|move|p1b: Snorlax|Yawn|p2b: Rotom\n|-start|p2b: Rotom|move: Yawn|[of] p1b: Snorlax\n|\n|-weather|SunnyDay|[upkeep]\n|-heal|p1b: Snorlax|25/100 brn|[from] item: Leftovers\n|-damage|p1b: Snorlax|19/100 brn|[from] brn\n|upkeep\n|turn|5\n|\n|t:|1776299277\n|switch|p2b: Venusaur|Venusaur, L50, M, shiny|100/100\n|switch|p1b: Hawlucha|Hawlucha-Mega, L50, F, shiny|100/100\n|move|p2a: Charizard|Heat Wave|p1b: Hawlucha|[spread] p1a,p1b\n|-resisted|p1a: Incineroar|1\n|-damage|p1a: Incineroar|35/100\n|-damage|p1b: Hawlucha|35/100\n|move|p1a: Incineroar|Flare Blitz|p2b: Venusaur\n|-supereffective|p2b: Venusaur|1\n|-damage|p2b: Venusaur|0 fnt\n|faint|p2b: Venusaur\n|-damage|p1a: Incineroar|9/100|[from] Recoil\n|\n|-weather|SunnyDay|[upkeep]\n|upkeep\n|\n|t:|1776299286\n|switch|p2b: Rotom|Rotom-Wash, L50|100/100\n|turn|6\n|inactive|Noobilio has 30 seconds left.\n|\n|t:|1776299312\n|switch|p1a: Sinistcha|Sinistcha, L50|100/100\n|-heal|p1b: Hawlucha|59/100|[from] ability: Hospitality|[of] p1a: Sinistcha\n|move|p1b: Hawlucha|Protect|p1b: Hawlucha\n|-singleturn|p1b: Hawlucha|Protect\n|move|p2a: Charizard|Heat Wave|p1b: Hawlucha|[spread] p1a\n|-activate|p1b: Hawlucha|move: Protect\n|-supereffective|p1a: Sinistcha|1\n|-damage|p1a: Sinistcha|0 fnt\n|faint|p1a: Sinistcha\n|move|p2b: Rotom|Electroweb|p1b: Hawlucha\n|-activate|p1b: Hawlucha|move: Protect\n|\n|-weather|SunnyDay|[upkeep]\n|upkeep\n|\n|t:|1776299326\n|switch|p1a: Incineroar|Incineroar, L50, F|9/100\n|-ability|p1a: Incineroar|Intimidate|boost\n|-unboost|p2a: Charizard|atk|1\n|-unboost|p2b: Rotom|atk|1\n|turn|7\n|\n|t:|1776299338\n|move|p2a: Charizard|Protect|p2a: Charizard\n|-singleturn|p2a: Charizard|Protect\n|move|p1a: Incineroar|Fake Out|p2b: Rotom\n|-damage|p2b: Rotom|90/100\n|move|p1b: Hawlucha|Close Combat|p2b: Rotom\n|-damage|p2b: Rotom|26/100\n|-unboost|p1b: Hawlucha|def|1\n|-unboost|p1b: Hawlucha|spd|1\n|cant|p2b: Rotom|flinch\n|\n|-weather|none\n|-heal|p2b: Rotom|32/100|[from] item: Leftovers\n|upkeep\n|turn|8\n|\n|t:|1776299352\n|move|p1b: Hawlucha|Brave Bird|p2a: Charizard\n|-damage|p2a: Charizard|0 fnt\n|faint|p2a: Charizard\n|-damage|p1b: Hawlucha|42/100|[from] Recoil\n|move|p2b: Rotom|Electroweb|p1b: Hawlucha|[spread] p1a,p1b\n|-supereffective|p1b: Hawlucha|1\n|-damage|p1a: Incineroar|0 fnt\n|-damage|p1b: Hawlucha|0 fnt\n|faint|p1a: Incineroar\n|faint|p1b: Hawlucha\n|\n|-heal|p2b: Rotom|38/100|[from] item: Leftovers\n|upkeep\n|\n|t:|1776299359\n|switch|p1a: Snorlax|Snorlax, L50, F|19/100 brn\n|turn|9\n|\n|t:|1776299364\n|move|p2b: Rotom|Thunderbolt|p1a: Snorlax\n|-damage|p1a: Snorlax|0 fnt\n|faint|p1a: Snorlax\n|\n|win|LelBoii\n|raw|Noobilio's rating: 1358 &rarr; <strong>1337</strong><br />(-21 for losing)\n|raw|LelBoii's rating: 1337 &rarr; <strong>1358</strong><br />(+21 for winning)\n",
  "uploadtime": 1776299367,
  "views": 37,
  "formatid": "gen9championsvgc2026regma",
  "rating": 1337,
  "private": 0,
  "password": null
}