{
  "id": "gen9championsvgc2026regma-2587260093",
  "format": "[Gen 9 Champions] VGC 2026 Reg M-A",
  "players": [
    "DarkPrinceZack",
    "empoleon154"
  ],
  "log": "|j|\u2606DarkPrinceZack\n|j|\u2606empoleon154\n|html|<table width=\"100%\"><tr><td align=\"left\">DarkPrinceZack</td><td align=\"right\">empoleon154</tr><tr><td align=\"left\"><i class=\"fa fa-circle\"></i> <i class=\"fa fa-circle-o\"></i> </td><td align=\"right\"><i class=\"fa fa-circle-o\"></i> <i class=\"fa fa-circle-o\"></i> </tr></table>\n|uhtml|bestof|<h2><strong>Game 2</strong> of <a href=\"/game-bestof3-gen9championsvgc2026regma-2587258301\">a best-of-3</a></h2>\n|t:|1776515558\n|gametype|doubles\n|player|p1|DarkPrinceZack|cheren-gen5bw2|\n|player|p2|empoleon154|bruno|\n|gen|9\n|tier|[Gen 9 Champions] VGC 2026 Reg M-A\n|rule|Species Clause: Limit one of each Pok\u00e9mon\n|rule|Item Clause: Limit 1 of each item\n|raw|<div class=\"infobox\"><details class=\"readmore\" open><summary><strong>1 custom rule:</strong></summary> Best of = 3</details></div>\n|clearpoke\n|poke|p1|Typhlosion-Hisui, L50, F|\n|poke|p1|Whimsicott, L50, F|\n|poke|p1|Farigiraf, L50, M|\n|poke|p1|Kangaskhan, L50, F|\n|poke|p1|Sneasler, L50, M|\n|poke|p1|Floette-Eternal, L50, F|\n|poke|p2|Charizard, L50, F|\n|poke|p2|Milotic, L50, F|\n|poke|p2|Meowscarada, L50, F|\n|poke|p2|Clefable, L50, F|\n|poke|p2|Kingambit, L50, M|\n|poke|p2|Sneasler, L50, M|\n|teampreview|4\n|\n|t:|1776515605\n|teamsize|p1|4\n|teamsize|p2|4\n|start\n|switch|p1a: Sneasler|Sneasler, L50, M|100/100\n|switch|p1b: Typhlosion|Typhlosion-Hisui, L50, F|100/100\n|switch|p2a: Sneasler|Sneasler, L50, M|100/100\n|switch|p2b: Meowscarada|Meowscarada, L50, F|100/100\n|-item|p2a: Sneasler|Focus Sash|[from] ability: Frisk|[of] p1b: Typhlosion\n|-item|p2b: Meowscarada|Choice Scarf|[from] ability: Frisk|[of] p1b: Typhlosion\n|turn|1\n|\n|t:|1776515649\n|move|p1a: Sneasler|Fake Out|p2a: Sneasler\n|-damage|p2a: Sneasler|78/100\n|cant|p2a: Sneasler|flinch\n|move|p2b: Meowscarada|Throat Chop|p1b: Typhlosion\n|-supereffective|p1b: Typhlosion|1\n|-damage|p1b: Typhlosion|0 fnt\n|faint|p1b: Typhlosion\n|\n|upkeep\n|\n|t:|1776515660\n|switch|p1b: Whimsicott|Whimsicott, L50, F|100/100\n|turn|2\n|\n|t:|1776515695\n|move|p2a: Sneasler|Protect|p2a: Sneasler\n|-singleturn|p2a: Sneasler|Protect\n|move|p1b: Whimsicott|Encore|p2a: Sneasler\n|-activate|p2a: Sneasler|move: Protect\n|move|p2b: Meowscarada|Throat Chop|p1a: Sneasler\n|-resisted|p1a: Sneasler|1\n|-damage|p1a: Sneasler|68/100\n|-start|p1a: Sneasler|Throat Chop|[silent]\n|move|p1a: Sneasler|Close Combat|p2b: Meowscarada\n|-supereffective|p2b: Meowscarada|1\n|-damage|p2b: Meowscarada|0 fnt\n|-unboost|p1a: Sneasler|def|1\n|-unboost|p1a: Sneasler|spd|1\n|faint|p2b: Meowscarada\n|-enditem|p1a: Sneasler|White Herb\n|-clearnegativeboost|p1a: Sneasler|[silent]\n|\n|upkeep\n|j| Pokekman\n|\n|t:|1776515710\n|switch|p2b: Kingambit|Kingambit, L50, M|100/100\n|turn|3\n|\n|t:|1776515715\n|switch|p2a: Charizard|Charizard, L50, F|100/100\n|move|p1b: Whimsicott|Encore||[still]\n|-fail|p1b: Whimsicott\n|move|p2b: Kingambit|Sucker Punch|p1a: Sneasler\n|-resisted|p1a: Sneasler|1\n|-damage|p1a: Sneasler|27/100\n|move|p1a: Sneasler|Close Combat|p2b: Kingambit\n|-supereffective|p2b: Kingambit|2\n|-damage|p2b: Kingambit|0 fnt\n|-unboost|p1a: Sneasler|def|1\n|-unboost|p1a: Sneasler|spd|1\n|faint|p2b: Kingambit\n|\n|-end|p1a: Sneasler|Throat Chop|[silent]\n|upkeep\n|\n|t:|1776515727\n|switch|p2b: Sneasler|Sneasler, L50, M|78/100\n|turn|4\n|\n|t:|1776515750\n|detailschange|p2a: Charizard|Charizard-Mega-X, L50, F\n|-mega|p2a: Charizard|Charizard|Charizardite X\n|move|p2b: Sneasler|Fake Out|p1b: Whimsicott\n|-damage|p1b: Whimsicott|76/100\n|cant|p1b: Whimsicott|flinch\n|move|p1a: Sneasler|Dire Claw|p2a: Charizard\n|-damage|p2a: Charizard|62/100\n|move|p2a: Charizard|Fire Blast|p1b: Whimsicott\n|-supereffective|p1b: Whimsicott|1\n|-damage|p1b: Whimsicott|0 fnt\n|faint|p1b: Whimsicott\n|\n|upkeep\n|\n|t:|1776515761\n|switch|p1b: Floette|Floette-Eternal, L50, F|100/100\n|turn|5\n|\n|t:|1776515782\n|detailschange|p1b: Floette|Floette-Mega, L50, F\n|-mega|p1b: Floette|Floette|Floettite\n|-ability|p1b: Floette|Fairy Aura\n|move|p1a: Sneasler|Close Combat|p2a: Charizard\n|-damage|p2a: Charizard|0 fnt\n|-unboost|p1a: Sneasler|def|1\n|-unboost|p1a: Sneasler|spd|1\n|faint|p2a: Charizard\n|move|p2b: Sneasler|Dire Claw|p1b: Floette\n|-supereffective|p1b: Floette|1\n|-damage|p1b: Floette|0 fnt\n|faint|p1b: Floette\n|\n|upkeep\n|turn|6\n|\n|t:|1776515795\n|move|p1a: Sneasler|Close Combat|p2b: Sneasler\n|-resisted|p2b: Sneasler|1\n|-damage|p2b: Sneasler|24/100\n|-unboost|p1a: Sneasler|def|1\n|-unboost|p1a: Sneasler|spd|1\n|move|p2b: Sneasler|Close Combat|p1a: Sneasler\n|-resisted|p1a: Sneasler|1\n|-damage|p1a: Sneasler|0 fnt\n|-unboost|p2b: Sneasler|def|1\n|-unboost|p2b: Sneasler|spd|1\n|faint|p1a: Sneasler\n|\n|win|empoleon154\n",
  "uploadtime": 1776515795,
  "views": 11,
  "formatid": "gen9championsvgc2026regma",
  "rating": null,
  "private": 0,
  "password": null
}