{
  "id": "gen9championsvgc2026regma-2581403769",
  "format": "[Gen 9 Champions] VGC 2026 Reg M-A",
  "players": [
    "Mask4M",
    "alexgohan"
  ],
  "log": "|j|\u2606Mask4M\n|j|\u2606alexgohan\n|t:|1775996836\n|gametype|doubles\n|player|p1|Mask4M|102|1093\n|player|p2|alexgohan|1|1078\n|gen|9\n|tier|[Gen 9 Champions] VGC 2026 Reg M-A\n|rated|\n|rule|Species Clause: Limit one of each Pok\u00e9mon\n|rule|Item Clause: Limit 1 of each item\n|clearpoke\n|poke|p1|Glimmora, L50, M|\n|poke|p1|Froslass, L50, F|\n|poke|p1|Sneasler, L50, M|\n|poke|p1|Incineroar, L50, M|\n|poke|p1|Whimsicott, L50, F|\n|poke|p1|Gyarados, L50, F|\n|poke|p2|Empoleon, L50, F|\n|poke|p2|Whimsicott, L50, M|\n|poke|p2|Garchomp, L50, F|\n|poke|p2|Typhlosion-Hisui, L50, M|\n|poke|p2|Incineroar, L50, F|\n|poke|p2|Sneasler, L50, M|\n|teampreview|4\n|inactive|Battle timer is ON: inactive players will automatically lose when time's up. (requested by alexgohan)\nMask4M has agreed to open team sheets.\n|inactive|Mask4M has 60 seconds left.\n|\n|t:|1775996882\n|teamsize|p1|4\n|teamsize|p2|4\n|start\n|switch|p1a: Glimmora|Glimmora, L50, M|100/100\n|switch|p1b: Whimsicott|Whimsicott, L50, F|100/100\n|switch|p2a: Empoleon|Empoleon, L50, F|100/100\n|switch|p2b: Whimsicott|Whimsicott, L50, M|100/100\n|turn|1\n|\n|t:|1775996904\n|switch|p1a: Gyarados|Gyarados, L50, F|100/100\n|-ability|p1a: Gyarados|Intimidate|boost\n|-unboost|p2a: Empoleon|atk|1\n|-ability|p2a: Empoleon|Competitive|boost\n|-boost|p2a: Empoleon|spa|2\n|-unboost|p2b: Whimsicott|atk|1\n|move|p2b: Whimsicott|Tailwind|p2b: Whimsicott\n|-sidestart|p2: alexgohan|move: Tailwind\n|move|p1b: Whimsicott|Tailwind|p1b: Whimsicott\n|-sidestart|p1: Mask4M|move: Tailwind\n|move|p2a: Empoleon|Ice Beam|p1b: Whimsicott\n|-supereffective|p1b: Whimsicott|1\n|-enditem|p1b: Whimsicott|Focus Sash\n|-damage|p1b: Whimsicott|1/100\n|\n|upkeep\n|turn|2\n|inactive|Mask4M has 30 seconds left.\n|\n|t:|1775996933\n|move|p1b: Whimsicott|Encore|p2a: Empoleon\n|-start|p2a: Empoleon|Encore\n|move|p2b: Whimsicott|Moonblast|p1a: Gyarados\n|-damage|p1a: Gyarados|72/100\n|move|p1a: Gyarados|Taunt|p2b: Whimsicott\n|-start|p2b: Whimsicott|move: Taunt\n|move|p2a: Empoleon|Ice Beam|p1b: Whimsicott\n|-supereffective|p1b: Whimsicott|1\n|-damage|p1b: Whimsicott|0 fnt\n|faint|p1b: Whimsicott\n|\n|-heal|p1a: Gyarados|78/100|[from] item: Leftovers\n|upkeep\n|\n|t:|1775996947\n|switch|p1b: Glimmora|Glimmora, L50, M|100/100\n|turn|3\n|inactive|Mask4M has 30 seconds left.\n|inactive|alexgohan has 30 seconds left.\n|inactive|Mask4M has 20 seconds left.\n|inactive|Mask4M has 15 seconds left.\n|inactive|Mask4M has 10 seconds left.\n|inactive|Mask4M has 5 seconds left.\n|\n|t:|1775996999\n|detailschange|p1b: Glimmora|Glimmora-Mega, L50, M\n|-mega|p1b: Glimmora|Glimmora|Glimmoranite\n|move|p1b: Glimmora|Earth Power|p2a: Empoleon\n|-supereffective|p2a: Empoleon|1\n|-damage|p2a: Empoleon|54/100\n|move|p2b: Whimsicott|Moonblast|p1a: Gyarados\n|-damage|p1a: Gyarados|51/100\n|-unboost|p1a: Gyarados|spa|1\n|move|p1a: Gyarados|Waterfall|p2b: Whimsicott\n|-resisted|p2b: Whimsicott|1\n|-damage|p2b: Whimsicott|77/100\n|move|p2a: Empoleon|Ice Beam|p1b: Glimmora\n|-damage|p1b: Glimmora|50/100\n|\n|-heal|p1a: Gyarados|57/100|[from] item: Leftovers\n|-heal|p2a: Empoleon|60/100|[from] item: Leftovers\n|upkeep\n|turn|4\n|\n|t:|1775997019\n|move|p1a: Gyarados|Helping Hand|p1b: Glimmora\n|-singleturn|p1b: Glimmora|Helping Hand|[of] p1a: Gyarados\n|move|p1b: Glimmora|Earth Power|p2a: Empoleon\n|-supereffective|p2a: Empoleon|1\n|-damage|p2a: Empoleon|0 fnt\n|faint|p2a: Empoleon\n|move|p2b: Whimsicott|Moonblast|p1b: Glimmora\n|-resisted|p1b: Glimmora|1\n|-damage|p1b: Glimmora|30/100\n|\n|-heal|p1a: Gyarados|63/100|[from] item: Leftovers\n|-sideend|p1: Mask4M|move: Tailwind\n|-sideend|p2: alexgohan|move: Tailwind\n|upkeep\n|\n|t:|1775997026\n|switch|p2a: Typhlosion|Typhlosion-Hisui, L50, M|100/100\n|-item|p1a: Gyarados|Leftovers|[from] ability: Frisk|[of] p2a: Typhlosion\n|-item|p1b: Glimmora|Glimmoranite|[from] ability: Frisk|[of] p2a: Typhlosion\n|turn|5\n|inactive|Mask4M has 30 seconds left.\n|inactive|Mask4M has 20 seconds left.\n|\n|t:|1775997061\n|move|p1b: Glimmora|Spiky Shield|p1b: Glimmora\n|-singleturn|p1b: Glimmora|move: Protect\n|move|p2a: Typhlosion|Eruption|p1b: Glimmora|[spread] p1a\n|-activate|p1b: Glimmora|move: Protect\n|-resisted|p1a: Gyarados|1\n|-crit|p1a: Gyarados\n|-damage|p1a: Gyarados|32/100\n|move|p2b: Whimsicott|Moonblast|p1a: Gyarados\n|-damage|p1a: Gyarados|3/100\n|move|p1a: Gyarados|Waterfall|p2a: Typhlosion\n|-supereffective|p2a: Typhlosion|1\n|-damage|p2a: Typhlosion|0 fnt\n|faint|p2a: Typhlosion\n|\n|-heal|p1a: Gyarados|9/100|[from] item: Leftovers\n|-end|p2b: Whimsicott|move: Taunt\n|upkeep\n|\n|t:|1775997067\n|switch|p2a: Garchomp|Garchomp, L50, F|100/100\n|turn|6\n|inactive|Mask4M has 30 seconds left.\n|inactive|Mask4M has 20 seconds left.\n|inactive|Mask4M has 15 seconds left.\n|inactive|Mask4M has 10 seconds left.\n|inactive|Mask4M has 5 seconds left.\n|\n|t:|1775997121\n|detailschange|p2a: Garchomp|Garchomp-Mega, L50, F\n|-mega|p2a: Garchomp|Garchomp|Garchompite\n|move|p1b: Glimmora|Spiky Shield||[still]\n|-fail|p1b: Glimmora\n|move|p2b: Whimsicott|Tailwind|p2b: Whimsicott\n|-sidestart|p2: alexgohan|move: Tailwind\n|move|p2a: Garchomp|Rock Slide|p1b: Glimmora|[spread] p1a,p1b\n|-supereffective|p1a: Gyarados|1\n|-damage|p1a: Gyarados|0 fnt\n|-damage|p1b: Glimmora|0 fnt\n|faint|p1a: Gyarados\n|faint|p1b: Glimmora\n|\n|upkeep\n|\n|t:|1775997130\n|switch|p1b: Sneasler|Sneasler, L50, M|100/100\n|turn|7\n|-message|Mask4M forfeited.\n|\n|win|alexgohan\n|raw|Mask4M's rating: 1093 &rarr; <strong>1072</strong><br />(-21 for losing)\n|raw|alexgohan's rating: 1133 &rarr; <strong>1155</strong><br />(+22 for winning)\n|l|\u2606alexgohan\n|player|p2|\n",
  "uploadtime": 1775997263,
  "views": 34,
  "formatid": "gen9championsvgc2026regma",
  "rating": 1072,
  "private": 0,
  "password": null
}