{
  "id": "gen9championsvgc2026regma-2582767433",
  "format": "[Gen 9 Champions] VGC 2026 Reg M-A",
  "players": [
    "SHyperdestroyerVGC",
    "viroxzyn"
  ],
  "log": "|j|\u2606SHyperdestroyerVGC\n|j|\u2606viroxzyn\n|t:|1776112684\n|gametype|doubles\n|player|p1|SHyperdestroyerVGC|lady|1174\n|player|p2|viroxzyn|veteran|1186\n|gen|9\n|tier|[Gen 9 Champions] VGC 2026 Reg M-A\n|rated|\n|rule|Species Clause: Limit one of each Pok\u00e9mon\n|rule|Item Clause: Limit 1 of each item\n|clearpoke\n|poke|p1|Charizard, L50, M|\n|poke|p1|Venusaur, L50, M|\n|poke|p1|Whimsicott, L50, F|\n|poke|p1|Kingambit, L50, F|\n|poke|p1|Kommo-o, L50, M|\n|poke|p1|Typhlosion-Hisui, L50, M|\n|poke|p2|Aggron, L50, M|\n|poke|p2|Pelipper, L50, F|\n|poke|p2|Dragapult, L50, F|\n|poke|p2|Archaludon, L50, F|\n|poke|p2|Greninja-*, L50, M|\n|poke|p2|Sinistcha, L50|\n|teampreview|4\nSHyperdestroyerVGC has agreed to open team sheets.\n|\n|t:|1776112717\n|teamsize|p1|4\n|teamsize|p2|4\n|start\n|switch|p1a: Kingambit|Kingambit, L50, F|100/100\n|switch|p1b: Charizard|Charizard, L50, M|100/100\n|switch|p2a: Pelipper|Pelipper, L50, F|100/100\n|switch|p2b: Greninja|Greninja, L50, M|100/100\n|-weather|RainDance|[from] ability: Drizzle|[of] p2a: Pelipper\n|turn|1\n|\n|t:|1776112745\n|detailschange|p1b: Charizard|Charizard-Mega-Y, L50, M\n|-mega|p1b: Charizard|Charizard|Charizardite Y\n|-weather|SunnyDay|[from] ability: Drought|[of] p1b: Charizard\n|move|p2b: Greninja|Weather Ball|p1a: Kingambit\n|-start|p2b: Greninja|typechange|Fire|[from] ability: Protean\n|-supereffective|p1a: Kingambit|1\n|-damage|p1a: Kingambit|0 fnt\n|faint|p1a: Kingambit\n|move|p1b: Charizard|Air Slash|p2a: Pelipper\n|-damage|p2a: Pelipper|39/100\n|move|p2a: Pelipper|Tailwind|p2a: Pelipper\n|-sidestart|p2: viroxzyn|move: Tailwind\n|\n|-weather|SunnyDay|[upkeep]\n|upkeep\n|\n|t:|1776112759\n|switch|p1a: Whimsicott|Whimsicott, L50, F|100/100\n|turn|2\n|\n|t:|1776112768\n|move|p1a: Whimsicott|Tailwind|p1a: Whimsicott\n|-sidestart|p1: SHyperdestroyerVGC|move: Tailwind\n|move|p2b: Greninja|Weather Ball|p1a: Whimsicott\n|-supereffective|p1a: Whimsicott|1\n|-enditem|p1a: Whimsicott|Focus Sash\n|-damage|p1a: Whimsicott|1/100\n|move|p1b: Charizard|Heat Wave|p2b: Greninja|[spread] p2b\n|-miss|p1b: Charizard|p2a: Pelipper\n|-resisted|p2b: Greninja|1\n|-damage|p2b: Greninja|49/100\n|move|p2a: Pelipper|Icy Wind|p1a: Whimsicott|[spread] p1a,p1b\n|-supereffective|p1a: Whimsicott|1\n|-damage|p1a: Whimsicott|0 fnt\n|-damage|p1b: Charizard|92/100\n|-unboost|p1b: Charizard|spe|1\n|faint|p1a: Whimsicott\n|\n|-weather|SunnyDay|[upkeep]\n|upkeep\n|\n|t:|1776112777\n|switch|p1a: Venusaur|Venusaur, L50, M|100/100\n|turn|3\n|\n|t:|1776112791\n|move|p2a: Pelipper|Helping Hand|p2b: Greninja\n|-singleturn|p2b: Greninja|Helping Hand|[of] p2a: Pelipper\n|move|p1a: Venusaur|Earth Power|p2b: Greninja\n|-supereffective|p2b: Greninja|1\n|-damage|p2b: Greninja|0 fnt\n|faint|p2b: Greninja\n|move|p1b: Charizard|Air Slash|p2a: Pelipper\n|-damage|p2a: Pelipper|0 fnt\n|faint|p2a: Pelipper\n|\n|-weather|SunnyDay|[upkeep]\n|upkeep\n|\n|t:|1776112806\n|switch|p2b: Aggron|Aggron, L50, M|100/100\n|switch|p2a: Sinistcha|Sinistcha, L50|100/100\n|turn|4\n|\n|t:|1776112825\n|detailschange|p2b: Aggron|Aggron-Mega, L50, M\n|-mega|p2b: Aggron|Aggron|Aggronite\n|move|p2a: Sinistcha|Rage Powder|p2a: Sinistcha\n|-singleturn|p2a: Sinistcha|move: Rage Powder\n|move|p1a: Venusaur|Sleep Powder|p2b: Aggron|[miss]\n|-miss|p1a: Venusaur|p2b: Aggron\n|move|p1b: Charizard|Heat Wave|p2a: Sinistcha|[spread] p2a,p2b\n|-supereffective|p2a: Sinistcha|1\n|-supereffective|p2b: Aggron|1\n|-damage|p2a: Sinistcha|0 fnt\n|-damage|p2b: Aggron|13/100\n|faint|p2a: Sinistcha\n|move|p2b: Aggron|Heavy Slam|p1a: Venusaur\n|-damage|p1a: Venusaur|61/100\n|\n|-weather|SunnyDay|[upkeep]\n|-sideend|p2: viroxzyn|move: Tailwind\n|upkeep\n|turn|5\n|-message|viroxzyn forfeited.\n|\n|win|SHyperdestroyerVGC\n|raw|SHyperdestroyerVGC's rating: 1174 &rarr; <strong>1200</strong><br />(+26 for winning)\n|raw|viroxzyn's rating: 1186 &rarr; <strong>1160</strong><br />(-26 for losing)\n|l|\u2606viroxzyn\n|player|p2|\n",
  "uploadtime": 1776112844,
  "views": 15,
  "formatid": "gen9championsvgc2026regma",
  "rating": 1160,
  "private": 0,
  "password": null
}