{
  "id": "gen9championsvgc2026regma-2588542596",
  "format": "[Gen 9 Champions] VGC 2026 Reg M-A",
  "players": [
    "lemond",
    "lun4rspace"
  ],
  "log": "|j|\u2606lemond\n|j|\u2606lun4rspace\n|t:|1776643277\n|gametype|doubles\n|player|p1|lemond|1|1344\n|player|p2|lun4rspace|266|1257\n|gen|9\n|tier|[Gen 9 Champions] VGC 2026 Reg M-A\n|rated|\n|rule|Species Clause: Limit one of each Pok\u00e9mon\n|rule|Item Clause: Limit 1 of each item\n|clearpoke\n|poke|p1|Tyranitar, L50, M|\n|poke|p1|Excadrill, L50, M|\n|poke|p1|Gyarados, L50, F|\n|poke|p1|Gardevoir, L50, M|\n|poke|p1|Sinistcha, L50|\n|poke|p1|Rotom-Heat, L50|\n|poke|p2|Aerodactyl, L50, M|\n|poke|p2|Basculegion, L50, M|\n|poke|p2|Kommo-o, L50, M|\n|poke|p2|Scizor, L50, M|\n|poke|p2|Scovillain, L50, F|\n|poke|p2|Sneasler, L50, M|\n|teampreview|4\n|inactive|Battle timer is ON: inactive players will automatically lose when time's up. (requested by lemond)\n|inactive|lemond has 60 seconds left.\n|\n|t:|1776643321\n|teamsize|p1|4\n|teamsize|p2|4\n|start\n|switch|p1a: Tyranitar|Tyranitar, L50, M|100/100\n|switch|p1b: Excadrill|Excadrill, L50, M|100/100\n|switch|p2a: Scovillain|Scovillain, L50, F|100/100\n|switch|p2b: Kommo-o|Kommo-o, L50, M|100/100\n|-weather|Sandstorm|[from] ability: Sand Stream|[of] p1a: Tyranitar\n|turn|1\n|\n|t:|1776643343\n|switch|p1a: Gardevoir|Gardevoir, L50, M|100/100\n|detailschange|p2a: Scovillain|Scovillain-Mega, L50, F\n|-mega|p2a: Scovillain|Scovillain|Scovillainite\n|move|p2a: Scovillain|Rage Powder|p2a: Scovillain\n|-singleturn|p2a: Scovillain|move: Rage Powder\n|move|p1b: Excadrill|Earthquake|p2a: Scovillain|[spread] p2a,p2b\n|-activate|p1a: Gardevoir|ability: Telepathy\n|-damage|p2a: Scovillain|65/100\n|-damage|p2b: Kommo-o|64/100\n|-status|p1b: Excadrill|brn|[from] ability: Spicy Spray|[of] p2a: Scovillain\n|move|p2b: Kommo-o|Clangorous Soul|p2b: Kommo-o\n|-boost|p2b: Kommo-o|atk|1\n|-boost|p2b: Kommo-o|def|1\n|-boost|p2b: Kommo-o|spa|1\n|-boost|p2b: Kommo-o|spd|1\n|-boost|p2b: Kommo-o|spe|1\n|-damage|p2b: Kommo-o|31/100\n|\n|-weather|Sandstorm|[upkeep]\n|-damage|p2b: Kommo-o|25/100|[from] Sandstorm\n|-damage|p1a: Gardevoir|95/100|[from] Sandstorm\n|-damage|p2a: Scovillain|59/100|[from] Sandstorm\n|-heal|p2b: Kommo-o|31/100|[from] item: Leftovers\n|-damage|p1b: Excadrill|95/100 brn|[from] brn\n|upkeep\n|turn|2\n|inactive|lemond has 30 seconds left.\n|inactive|lun4rspace has 30 seconds left.\n|inactive|lun4rspace has 20 seconds left.\n|\n|t:|1776643382\n|detailschange|p1a: Gardevoir|Gardevoir-Mega, L50, M\n|-mega|p1a: Gardevoir|Gardevoir|Gardevoirite\n|move|p2a: Scovillain|Rage Powder|p2a: Scovillain\n|-singleturn|p2a: Scovillain|move: Rage Powder\n|move|p1b: Excadrill|High Horsepower|p2a: Scovillain\n|-damage|p2a: Scovillain|38/100\n|move|p2b: Kommo-o|Aura Sphere|p1b: Excadrill\n|-supereffective|p1b: Excadrill|1\n|-crit|p1b: Excadrill\n|-damage|p1b: Excadrill|0 fnt\n|faint|p1b: Excadrill\n|move|p1a: Gardevoir|Hyper Voice|p2a: Scovillain|[spread] p2a\n|-immune|p2b: Kommo-o|[from] ability: Soundproof\n|-resisted|p2a: Scovillain|1\n|-crit|p2a: Scovillain\n|-damage|p2a: Scovillain|2/100\n|-status|p1a: Gardevoir|brn|[from] ability: Spicy Spray|[of] p2a: Scovillain\n|\n|-weather|Sandstorm|[upkeep]\n|-damage|p2b: Kommo-o|25/100|[from] Sandstorm\n|-damage|p1a: Gardevoir|89/100 brn|[from] Sandstorm\n|-damage|p2a: Scovillain|0 fnt|[from] Sandstorm\n|faint|p2a: Scovillain\n|-heal|p2b: Kommo-o|31/100|[from] item: Leftovers\n|-damage|p1a: Gardevoir|83/100 brn|[from] brn\n|upkeep\n|\n|t:|1776643405\n|switch|p1b: Tyranitar|Tyranitar, L50, M|100/100\n|switch|p2a: Sneasler|Sneasler, L50, M|100/100\n|turn|3\n|\n|t:|1776643412\n|move|p1b: Tyranitar|Protect|p1b: Tyranitar\n|-singleturn|p1b: Tyranitar|Protect\n|move|p1a: Gardevoir|Protect|p1a: Gardevoir\n|-singleturn|p1a: Gardevoir|Protect\n|move|p2b: Kommo-o|Aura Sphere|p1a: Gardevoir\n|-activate|p1a: Gardevoir|move: Protect\n|move|p2a: Sneasler|Close Combat|p1b: Tyranitar\n|-activate|p1b: Tyranitar|move: Protect\n|\n|-weather|Sandstorm|[upkeep]\n|-damage|p2b: Kommo-o|25/100|[from] Sandstorm\n|-damage|p2a: Sneasler|95/100|[from] Sandstorm\n|-damage|p1a: Gardevoir|78/100 brn|[from] Sandstorm\n|-heal|p2b: Kommo-o|31/100|[from] item: Leftovers\n|-damage|p1a: Gardevoir|72/100 brn|[from] brn\n|upkeep\n|turn|4\n|inactive|lun4rspace has 30 seconds left.\n|inactive|lemond has 30 seconds left.\n|\n|t:|1776643443\n|move|p1b: Tyranitar|Protect|p1b: Tyranitar\n|-singleturn|p1b: Tyranitar|Protect\n|move|p2b: Kommo-o|Aura Sphere|p1b: Tyranitar\n|-activate|p1b: Tyranitar|move: Protect\n|move|p2a: Sneasler|Dire Claw|p1a: Gardevoir\n|-supereffective|p1a: Gardevoir|1\n|-damage|p1a: Gardevoir|0 fnt\n|faint|p1a: Gardevoir\n|\n|-weather|Sandstorm|[upkeep]\n|-damage|p2b: Kommo-o|25/100|[from] Sandstorm\n|-damage|p2a: Sneasler|89/100|[from] Sandstorm\n|-heal|p2b: Kommo-o|31/100|[from] item: Leftovers\n|upkeep\n|\n|t:|1776643454\n|switch|p1a: Rotom|Rotom-Heat, L50|100/100\n|turn|5\n|\n|t:|1776643469\n|move|p2b: Kommo-o|Aura Sphere|p1b: Tyranitar\n|-supereffective|p1b: Tyranitar|2\n|-damage|p1b: Tyranitar|0 fnt\n|faint|p1b: Tyranitar\n|move|p1a: Rotom|Electroweb|p2b: Kommo-o|[spread] p2a,p2b\n|-resisted|p2b: Kommo-o|1\n|-damage|p2a: Sneasler|66/100\n|-damage|p2b: Kommo-o|25/100\n|-unboost|p2a: Sneasler|spe|1\n|-unboost|p2b: Kommo-o|spe|1\n|-enditem|p2a: Sneasler|White Herb\n|-clearnegativeboost|p2a: Sneasler|[silent]\n|move|p2a: Sneasler|Close Combat|p1a: Rotom\n|-damage|p1a: Rotom|22/100\n|-unboost|p2a: Sneasler|def|1\n|-unboost|p2a: Sneasler|spd|1\n|\n|-weather|none\n|-heal|p2b: Kommo-o|31/100|[from] item: Leftovers\n|upkeep\n|turn|6\n|-message|lemond forfeited.\n|\n|win|lun4rspace\n|raw|lemond's rating: 1344 &rarr; <strong>1319</strong><br />(-25 for losing)\n|raw|lun4rspace's rating: 1257 &rarr; <strong>1288</strong><br />(+31 for winning)\n",
  "uploadtime": 1776643474,
  "views": 15,
  "formatid": "gen9championsvgc2026regma",
  "rating": 1288,
  "private": 0,
  "password": null
}