{
  "id": "gen9championsvgc2026regma-2585950932",
  "format": "[Gen 9 Champions] VGC 2026 Reg M-A",
  "players": [
    "Mr. Bean Stan",
    "benjiapollo"
  ],
  "log": "|j|\u2606Mr. Bean Stan\n|j|\u2606benjiapollo\n|t:|1776384407\n|gametype|doubles\n|player|p1|Mr. Bean Stan|gentleman-gen6|1305\n|player|p2|benjiapollo|giovanni|1270\n|gen|9\n|tier|[Gen 9 Champions] VGC 2026 Reg M-A\n|rated|\n|rule|Species Clause: Limit one of each Pok\u00e9mon\n|rule|Item Clause: Limit 1 of each item\n|clearpoke\n|poke|p1|Corviknight, L50, F|\n|poke|p1|Farigiraf, L50, F|\n|poke|p1|Heracross, L50, F|\n|poke|p1|Milotic, L50, F|\n|poke|p1|Talonflame, L50, M|\n|poke|p1|Sneasler, L50, M|\n|poke|p2|Basculegion, L50, M|\n|poke|p2|Charizard, L50, M|\n|poke|p2|Kingambit, L50, F|\n|poke|p2|Sneasler, L50, F|\n|poke|p2|Venusaur, L50, M|\n|poke|p2|Talonflame, L50, F|\n|teampreview|4\n|inactive|Battle timer is ON: inactive players will automatically lose when time's up. (requested by benjiapollo)\n|\n|t:|1776384429\n|teamsize|p1|4\n|teamsize|p2|4\n|start\n|switch|p1a: Heracross|Heracross, L50, F|100/100\n|switch|p1b: Talonflame|Talonflame, L50, M|100/100\n|switch|p2a: Talonflame|Talonflame, L50, F|100/100\n|switch|p2b: Kingambit|Kingambit, L50, F|100/100\n|turn|1\n|\n|t:|1776384445\n|move|p1a: Heracross|Protect|p1a: Heracross\n|-singleturn|p1a: Heracross|Protect\n|move|p2b: Kingambit|Protect|p2b: Kingambit\n|-singleturn|p2b: Kingambit|Protect\n|move|p2a: Talonflame|Brave Bird|p1a: Heracross\n|-activate|p1a: Heracross|move: Protect\n|move|p1b: Talonflame|Dual Wingbeat|p2a: Talonflame\n|-damage|p2a: Talonflame|73/100\n|-damage|p2a: Talonflame|48/100\n|-hitcount|p2a: Talonflame|2\n|\n|upkeep\n|turn|2\n|\n|t:|1776384468\n|switch|p2b: Basculegion|Basculegion, L50, M|100/100\n|detailschange|p1a: Heracross|Heracross-Mega, L50, F\n|-mega|p1a: Heracross|Heracross|Heracronite\n|move|p2a: Talonflame|Quick Guard|p2a: Talonflame\n|-singleturn|p2a: Talonflame|Quick Guard\n|move|p1b: Talonflame|Tailwind|p1b: Talonflame\n|-sidestart|p1: Mr. Bean Stan|move: Tailwind\n|move|p1a: Heracross|Rock Blast|p2a: Talonflame|[miss]\n|-miss|p1a: Heracross|p2a: Talonflame\n|\n|upkeep\n|turn|3\n|\n|t:|1776384491\n|switch|p1b: Farigiraf|Farigiraf, L50, F|100/100\n|move|p2b: Basculegion|Aqua Jet||[still]\n|cant|p1b: Farigiraf|ability: Armor Tail|Aqua Jet|[of] p2b: Basculegion\n|move|p1a: Heracross|Rock Blast|p2a: Talonflame\n|-supereffective|p2a: Talonflame|2\n|-damage|p2a: Talonflame|0 fnt\n|faint|p2a: Talonflame\n|-hitcount|p2: Talonflame|1\n|\n|upkeep\n|\n|t:|1776384500\n|switch|p2a: Kingambit|Kingambit, L50, F|100/100\n|turn|4\n|\n|t:|1776384506\n|switch|p2b: Charizard|Charizard, L50, M|100/100\n|move|p1a: Heracross|Close Combat|p2a: Kingambit\n|-supereffective|p2a: Kingambit|2\n|-damage|p2a: Kingambit|0 fnt\n|-unboost|p1a: Heracross|def|1\n|-unboost|p1a: Heracross|spd|1\n|faint|p2a: Kingambit\n|move|p1b: Farigiraf|Foul Play|p2b: Charizard\n|-damage|p2b: Charizard|68/100\n|\n|upkeep\n|\n|t:|1776384515\n|switch|p2a: Basculegion|Basculegion, L50, M|100/100\n|turn|5\n|\n|t:|1776384522\n|switch|p1a: Talonflame|Talonflame, L50, M|100/100\n|detailschange|p2b: Charizard|Charizard-Mega-X, L50, M\n|-mega|p2b: Charizard|Charizard|Charizardite X\n|move|p2b: Charizard|Protect|p2b: Charizard\n|-singleturn|p2b: Charizard|Protect\n|move|p2a: Basculegion|Wave Crash|p1b: Farigiraf\n|-damage|p1b: Farigiraf|8/100\n|-enditem|p1b: Farigiraf|Sitrus Berry|[eat]\n|-heal|p1b: Farigiraf|32/100|[from] item: Sitrus Berry\n|-damage|p2a: Basculegion|68/100|[from] Recoil\n|move|p1b: Farigiraf|Foul Play|p2a: Basculegion\n|-supereffective|p2a: Basculegion|1\n|-damage|p2a: Basculegion|0 fnt\n|faint|p2a: Basculegion\n|\n|-sideend|p1: Mr. Bean Stan|move: Tailwind\n|upkeep\n|turn|6\n|\n|t:|1776384539\n|move|p1a: Talonflame|Tailwind|p1a: Talonflame\n|-sidestart|p1: Mr. Bean Stan|move: Tailwind\n|move|p1b: Farigiraf|Foul Play|p2b: Charizard\n|-damage|p2b: Charizard|31/100\n|move|p2b: Charizard|Flare Blitz|p1b: Farigiraf\n|-damage|p1b: Farigiraf|0 fnt\n|faint|p1b: Farigiraf\n|-damage|p2b: Charizard|17/100|[from] Recoil\n|\n|upkeep\n|\n|t:|1776384545\n|switch|p1b: Sneasler|Sneasler, L50, M|100/100\n|turn|7\n|-message|benjiapollo forfeited.\n|\n|win|Mr. Bean Stan\n|raw|Mr. Bean Stan's rating: 1305 &rarr; <strong>1323</strong><br />(+18 for winning)\n|raw|benjiapollo's rating: 1270 &rarr; <strong>1248</strong><br />(-22 for losing)\n",
  "uploadtime": 1776384555,
  "views": 25,
  "formatid": "gen9championsvgc2026regma",
  "rating": 1248,
  "private": 0,
  "password": null
}