{
  "id": "gen9championsvgc2026regma-2582067814",
  "format": "[Gen 9 Champions] VGC 2026 Reg M-A",
  "players": [
    "DragonairJordan23",
    "cjvghcr"
  ],
  "log": "|j|\u2606DragonairJordan23\n|j|\u2606cjvghcr\n|t:|1776053931\n|gametype|doubles\n|player|p1|DragonairJordan23|dancer|1160\n|player|p2|cjvghcr|169|1082\n|gen|9\n|tier|[Gen 9 Champions] VGC 2026 Reg M-A\n|rated|\n|rule|Species Clause: Limit one of each Pok\u00e9mon\n|rule|Item Clause: Limit 1 of each item\n|clearpoke\n|poke|p1|Incineroar, L50, M|\n|poke|p1|Farigiraf, L50, M|\n|poke|p1|Torkoal, L50, M|\n|poke|p1|Venusaur, L50, F|\n|poke|p1|Floette-Eternal, L50, F|\n|poke|p1|Garchomp, L50, F|\n|poke|p2|Tyranitar, L50, M|\n|poke|p2|Excadrill, L50, F|\n|poke|p2|Dragonite, L50, F|\n|poke|p2|Rotom-Wash, L50|\n|poke|p2|Whimsicott, L50, F|\n|poke|p2|Arcanine, L50, M|\n|teampreview|4\n|\n|t:|1776053965\n|teamsize|p1|4\n|teamsize|p2|4\n|start\n|switch|p1a: Incineroar|Incineroar, L50, M|100/100\n|switch|p1b: Farigiraf|Farigiraf, L50, M|100/100\n|switch|p2a: Dragonite|Dragonite, L50, F|100/100\n|switch|p2b: Arcanine|Arcanine, L50, M|100/100\n|-ability|p2b: Arcanine|Intimidate|boost\n|-unboost|p1a: Incineroar|atk|1\n|-unboost|p1b: Farigiraf|atk|1\n|-ability|p1a: Incineroar|Intimidate|boost\n|-fail|p2a: Dragonite|unboost|Attack|[from] ability: Inner Focus|[of] p2a: Dragonite\n|-unboost|p2b: Arcanine|atk|1\n|turn|1\n|\n|t:|1776053971\n|move|p2b: Arcanine|Protect|p2b: Arcanine\n|-singleturn|p2b: Arcanine|Protect\n|move|p1a: Incineroar|Fake Out|p2b: Arcanine\n|-activate|p2b: Arcanine|move: Protect\n|move|p2a: Dragonite|Draco Meteor|p1a: Incineroar\n|-damage|p1a: Incineroar|48/100\n|-unboost|p2a: Dragonite|spa|2\n|-enditem|p1a: Incineroar|Sitrus Berry|[eat]\n|-heal|p1a: Incineroar|73/100|[from] item: Sitrus Berry\n|move|p1b: Farigiraf|Trick Room|p1b: Farigiraf\n|-fieldstart|move: Trick Room|[of] p1b: Farigiraf\n|\n|upkeep\n|turn|2\n|\n|t:|1776053986\n|switch|p2a: Tyranitar|Tyranitar, L50, M|100/100\n|-weather|Sandstorm|[from] ability: Sand Stream|[of] p2a: Tyranitar\n|move|p1a: Incineroar|Parting Shot|p2b: Arcanine\n|-unboost|p2b: Arcanine|atk|1\n|-unboost|p2b: Arcanine|spa|1\n|\n|t:|1776053989\n|switch|p1a: Floette|Floette-Eternal, L50, F|100/100|[from] Parting Shot\n|move|p1b: Farigiraf|Hyper Voice|p2a: Tyranitar|[spread] p2a,p2b\n|-resisted|p2a: Tyranitar|1\n|-damage|p2a: Tyranitar|92/100\n|-damage|p2b: Arcanine|76/100\n|move|p2b: Arcanine|Howl|p2b: Arcanine|[spread] p2a,p2b\n|-boost|p2a: Tyranitar|atk|1\n|-boost|p2b: Arcanine|atk|1\n|\n|-weather|Sandstorm|[upkeep]\n|-damage|p1b: Farigiraf|94/100|[from] Sandstorm\n|-damage|p1a: Floette|94/100|[from] Sandstorm\n|-damage|p2b: Arcanine|70/100|[from] Sandstorm\n|-heal|p2b: Arcanine|76/100|[from] item: Leftovers\n|upkeep\n|turn|3\n|\n|t:|1776053998\n|switch|p1b: Incineroar|Incineroar, L50, M|73/100\n|-ability|p1b: Incineroar|Intimidate|boost\n|-unboost|p2a: Tyranitar|atk|1\n|-unboost|p2b: Arcanine|atk|1\n|detailschange|p1a: Floette|Floette-Mega, L50, F\n|-mega|p1a: Floette|Floette|Floettite\n|-ability|p1a: Floette|Fairy Aura\n|move|p2a: Tyranitar|Protect|p2a: Tyranitar\n|-singleturn|p2a: Tyranitar|Protect\n|move|p2b: Arcanine|Flare Blitz|p1a: Floette\n|-damage|p1a: Floette|76/100\n|-damage|p2b: Arcanine|70/100|[from] Recoil\n|move|p1a: Floette|Calm Mind|p1a: Floette\n|-boost|p1a: Floette|spa|1\n|-boost|p1a: Floette|spd|1\n|\n|-weather|Sandstorm|[upkeep]\n|-damage|p1b: Incineroar|67/100|[from] Sandstorm\n|-damage|p2b: Arcanine|64/100|[from] Sandstorm\n|-damage|p1a: Floette|70/100|[from] Sandstorm\n|-heal|p2b: Arcanine|70/100|[from] item: Leftovers\n|upkeep\n|turn|4\n|\n|t:|1776054025\n|switch|p2a: Excadrill|Excadrill, L50, F|100/100\n|move|p1b: Incineroar|Fake Out|p2b: Arcanine\n|-damage|p2b: Arcanine|60/100\n|cant|p2b: Arcanine|flinch\n|move|p1a: Floette|Dazzling Gleam|p2b: Arcanine|[spread] p2a,p2b\n|-resisted|p2a: Excadrill|1\n|-resisted|p2b: Arcanine|1\n|-damage|p2a: Excadrill|52/100\n|-damage|p2b: Arcanine|34/100\n|\n|-weather|Sandstorm|[upkeep]\n|-damage|p1b: Incineroar|61/100|[from] Sandstorm\n|-damage|p2b: Arcanine|28/100|[from] Sandstorm\n|-damage|p1a: Floette|63/100|[from] Sandstorm\n|-heal|p2b: Arcanine|34/100|[from] item: Leftovers\n|upkeep\n|turn|5\n|\n|t:|1776054050\n|move|p2a: Excadrill|Protect|p2a: Excadrill\n|-singleturn|p2a: Excadrill|Protect\n|move|p1b: Incineroar|Parting Shot|p2b: Arcanine\n|-unboost|p2b: Arcanine|atk|1\n|-unboost|p2b: Arcanine|spa|1\n|\n|t:|1776054056\n|switch|p1b: Garchomp|Garchomp, L50, F|100/100|[from] Parting Shot\n|move|p2b: Arcanine|Howl|p2b: Arcanine|[spread] p2a,p2b\n|-boost|p2a: Excadrill|atk|1\n|-boost|p2b: Arcanine|atk|1\n|move|p1a: Floette|Dazzling Gleam|p2a: Excadrill|[spread] p2b\n|-activate|p2a: Excadrill|move: Protect\n|-resisted|p2b: Arcanine|1\n|-damage|p2b: Arcanine|7/100\n|\n|-weather|Sandstorm|[upkeep]\n|-damage|p2b: Arcanine|1/100|[from] Sandstorm\n|-damage|p1a: Floette|57/100|[from] Sandstorm\n|-heal|p2b: Arcanine|7/100|[from] item: Leftovers\n|-fieldend|move: Trick Room\n|upkeep\n|turn|6\n|\n|t:|1776054076\n|switch|p2b: Dragonite|Dragonite, L50, F|100/100\n|move|p1a: Floette|Protect|p1a: Floette\n|-singleturn|p1a: Floette|Protect\n|move|p2a: Excadrill|Earthquake|p1a: Floette|[spread] p1b\n|-activate|p1a: Floette|move: Protect\n|-immune|p2b: Dragonite\n|-damage|p1b: Garchomp|45/100\n|move|p1b: Garchomp|Stomping Tantrum|p2a: Excadrill\n|-supereffective|p2a: Excadrill|1\n|-damage|p2a: Excadrill|0 fnt\n|faint|p2a: Excadrill\n|\n|-weather|none\n|upkeep\n|\n|t:|1776054087\n|switch|p2a: Tyranitar|Tyranitar, L50, M|92/100\n|-weather|Sandstorm|[from] ability: Sand Stream|[of] p2a: Tyranitar\n|turn|7\n|\n|t:|1776054101\n|detailschange|p2a: Tyranitar|Tyranitar-Mega, L50, M\n|-mega|p2a: Tyranitar|Tyranitar|Tyranitarite\n|move|p1b: Garchomp|Stomping Tantrum|p2a: Tyranitar\n|-supereffective|p2a: Tyranitar|1\n|-damage|p2a: Tyranitar|49/100\n|move|p2b: Dragonite|Ice Beam|p1a: Floette\n|-damage|p1a: Floette|45/100\n|move|p2a: Tyranitar|Rock Slide|p1a: Floette|[spread] p1a\n|-miss|p2a: Tyranitar|p1b: Garchomp\n|-damage|p1a: Floette|18/100\n|move|p1a: Floette|Dazzling Gleam|p2b: Dragonite|[spread] p2a,p2b\n|-supereffective|p2a: Tyranitar|1\n|-supereffective|p2b: Dragonite|1\n|-damage|p2a: Tyranitar|0 fnt\n|-damage|p2b: Dragonite|0 fnt\n|faint|p2a: Tyranitar\n|faint|p2b: Dragonite\n|\n|-weather|Sandstorm|[upkeep]\n|-damage|p1a: Floette|12/100|[from] Sandstorm\n|upkeep\n|-message|cjvghcr forfeited.\n|\n|win|DragonairJordan23\n|raw|DragonairJordan23's rating: 1160 &rarr; <strong>1179</strong><br />(+19 for winning)\n|raw|cjvghcr's rating: 1082 &rarr; <strong>1065</strong><br />(-17 for losing)\n|l|\u2606cjvghcr\n|player|p2|\n",
  "uploadtime": 1776054108,
  "views": 11,
  "formatid": "gen9championsvgc2026regma",
  "rating": 1065,
  "private": 0,
  "password": null
}