{
  "id": "gen9championsvgc2026regma-2580587600",
  "format": "[Gen 9 Champions] VGC 2026 Reg M-A",
  "players": [
    "niko highway",
    "NASA_1212"
  ],
  "log": "|j|\u2606niko highway\n|j|\u2606NASA_1212\n|t:|1775915693\n|gametype|doubles\n|player|p1|niko highway|265|1223\n|player|p2|NASA_1212|veteranf|1233\n|gen|9\n|tier|[Gen 9 Champions] VGC 2026 Reg M-A\n|rated|\n|rule|Species Clause: Limit one of each Pok\u00e9mon\n|rule|Item Clause: Limit 1 of each item\n|clearpoke\n|poke|p1|Incineroar, L50, F|\n|poke|p1|Conkeldurr, L50, F|\n|poke|p1|Sinistcha, L50|\n|poke|p1|Corviknight, L50, F|\n|poke|p1|Drampa, L50, F|\n|poke|p1|Cofagrigus, L50, F|\n|poke|p2|Oranguru, L50, M|\n|poke|p2|Camerupt, L50, M|\n|poke|p2|Sylveon, L50, M|\n|poke|p2|Goodra-Hisui, L50, M|\n|poke|p2|Incineroar, L50, M|\n|poke|p2|Whimsicott, L50, M|\n|teampreview|4\n|j| Harrie Harktand\n|\n|t:|1775915746\n|teamsize|p1|4\n|teamsize|p2|4\n|start\n|switch|p1a: Incineroar|Incineroar, L50, F|100/100\n|switch|p1b: Cofagrigus|Cofagrigus, L50, F|100/100\n|switch|p2a: Camerupt|Camerupt, L50, M|100/100\n|switch|p2b: Oranguru|Oranguru, L50, M|100/100\n|-ability|p1a: Incineroar|Intimidate|boost\n|-unboost|p2a: Camerupt|atk|1\n|-fail|p2b: Oranguru|unboost|Attack|[from] ability: Inner Focus|[of] p2b: Oranguru\n|turn|1\n|\n|t:|1775915762\n|detailschange|p2a: Camerupt|Camerupt-Mega, L50, M\n|-mega|p2a: Camerupt|Camerupt|Cameruptite\n|move|p1a: Incineroar|Parting Shot|p2a: Camerupt\n|-unboost|p2a: Camerupt|atk|1\n|-unboost|p2a: Camerupt|spa|1\n|\n|t:|1775915770\n|switch|p1a: Drampa|Drampa, L50, F|100/100|[from] Parting Shot\n|-ability|p1a: Drampa|Cloud Nine\n|move|p1b: Cofagrigus|Shadow Ball|p2a: Camerupt\n|-damage|p2a: Camerupt|71/100\n|move|p2a: Camerupt|Earth Power|p1a: Drampa\n|-damage|p1a: Drampa|53/100\n|move|p2b: Oranguru|Trick Room|p2b: Oranguru\n|-fieldstart|move: Trick Room|[of] p2b: Oranguru\n|\n|upkeep\n|turn|2\n|\n|t:|1775915811\n|move|p1a: Drampa|Protect|p1a: Drampa\n|-singleturn|p1a: Drampa|Protect\n|move|p2a: Camerupt|Eruption|p1b: Cofagrigus|[spread] p1b\n|-activate|p1a: Drampa|move: Protect\n|-damage|p1b: Cofagrigus|66/100\n|move|p2b: Oranguru|Instruct|p2a: Camerupt\n|-singleturn|p2a: Camerupt|move: Instruct|[of] p2b: Oranguru\n|move|p2a: Camerupt|Eruption|p1b: Cofagrigus|[spread] p1b\n|-activate|p1a: Drampa|move: Protect\n|-damage|p1b: Cofagrigus|36/100\n|move|p1b: Cofagrigus|Trick Room|p1b: Cofagrigus\n|-fieldend|move: Trick Room\n|\n|-heal|p1b: Cofagrigus|42/100|[from] item: Leftovers\n|upkeep\n|turn|3\n|\n|t:|1775915835\n|detailschange|p1a: Drampa|Drampa-Mega, L50, F\n|-mega|p1a: Drampa|Drampa|Drampanite\n|move|p2b: Oranguru|Psychic|p1a: Drampa\n|-damage|p1a: Drampa|29/100\n|-ability|p1a: Drampa|Berserk|boost\n|-boost|p1a: Drampa|spa|1\n|move|p1a: Drampa|Dragon Pulse|p2b: Oranguru\n|-damage|p2b: Oranguru|35/100\n|move|p1b: Cofagrigus|Body Press|p2b: Oranguru\n|-damage|p2b: Oranguru|11/100\n|move|p2a: Camerupt|Earth Power|p1a: Drampa\n|-damage|p1a: Drampa|0 fnt\n|faint|p1a: Drampa\n|\n|-heal|p1b: Cofagrigus|49/100|[from] item: Leftovers\n|upkeep\n|\n|t:|1775915857\n|switch|p1a: Incineroar|Incineroar, L50, F|100/100\n|-ability|p1a: Incineroar|Intimidate|boost\n|-unboost|p2a: Camerupt|atk|1\n|-fail|p2b: Oranguru|unboost|Attack|[from] ability: Inner Focus|[of] p2b: Oranguru\n|turn|4\n|\n|t:|1775915873\n|switch|p2b: Goodra|Goodra-Hisui, L50, M|100/100\n|move|p2a: Camerupt|Protect|p2a: Camerupt\n|-singleturn|p2a: Camerupt|Protect\n|move|p1a: Incineroar|Fake Out|p2a: Camerupt\n|-activate|p2a: Camerupt|move: Protect\n|move|p1b: Cofagrigus|Body Press|p2b: Goodra\n|-supereffective|p2b: Goodra|1\n|-damage|p2b: Goodra|57/100\n|\n|-heal|p2b: Goodra|63/100|[from] item: Leftovers\n|-heal|p1b: Cofagrigus|55/100|[from] item: Leftovers\n|upkeep\n|turn|5\n|\n|t:|1775915899\n|move|p1a: Incineroar|Parting Shot|p2a: Camerupt\n|-unboost|p2a: Camerupt|atk|1\n|-unboost|p2a: Camerupt|spa|1\n|\n|t:|1775915901\n|switch|p1a: Conkeldurr|Conkeldurr, L50, F|100/100|[from] Parting Shot\n|move|p2b: Goodra|Curse|p2b: Goodra\n|-unboost|p2b: Goodra|spe|1\n|-boost|p2b: Goodra|atk|1\n|-boost|p2b: Goodra|def|1\n|move|p1b: Cofagrigus|Will-O-Wisp|p2b: Goodra\n|-status|p2b: Goodra|brn\n|move|p2a: Camerupt|Earth Power|p1a: Conkeldurr\n|-damage|p1a: Conkeldurr|60/100\n|\n|-heal|p2b: Goodra|68/100 brn|[from] item: Leftovers\n|-heal|p1b: Cofagrigus|61/100|[from] item: Leftovers\n|-damage|p2b: Goodra|63/100 brn|[from] brn\n|upkeep\n|turn|6\n|inactive|Battle timer is ON: inactive players will automatically lose when time's up. (requested by niko highway)\n|\n|t:|1775915975\n|move|p1a: Conkeldurr|Drain Punch|p2a: Camerupt\n|-damage|p2a: Camerupt|7/100\n|-heal|p1a: Conkeldurr|87/100|[from] drain|[of] p2a: Camerupt\n|move|p2b: Goodra|Heavy Slam|p1b: Cofagrigus\n|-damage|p1b: Cofagrigus|42/100\n|-activate|p1b: Cofagrigus|ability: Mummy|p2b: Goodra|[ability] Sap Sipper\n|move|p1b: Cofagrigus|Shadow Ball|p2a: Camerupt\n|-damage|p2a: Camerupt|0 fnt\n|faint|p2a: Camerupt\n|\n|-heal|p2b: Goodra|68/100 brn|[from] item: Leftovers\n|-heal|p1b: Cofagrigus|49/100|[from] item: Leftovers\n|-damage|p2b: Goodra|63/100 brn|[from] brn\n|upkeep\n|\n|t:|1775915986\n|switch|p2a: Sylveon|Sylveon, L50, M|100/100\n|turn|7\n|\n|t:|1775916010\n|move|p2a: Sylveon|Protect|p2a: Sylveon\n|-singleturn|p2a: Sylveon|Protect\n|move|p1a: Conkeldurr|Wide Guard|p1a: Conkeldurr\n|-singleturn|p1a: Conkeldurr|Wide Guard\n|move|p2b: Goodra|Heavy Slam|p1b: Cofagrigus\n|-damage|p1b: Cofagrigus|28/100\n|move|p1b: Cofagrigus|Trick Room|p1b: Cofagrigus\n|-fieldstart|move: Trick Room|[of] p1b: Cofagrigus\n|\n|-heal|p1b: Cofagrigus|34/100|[from] item: Leftovers\n|-heal|p2b: Goodra|68/100 brn|[from] item: Leftovers\n|-damage|p2b: Goodra|63/100 brn|[from] brn\n|upkeep\n|turn|8\n|inactive|NASA_1212 has 30 seconds left.\n|inactive|NASA_1212 has 20 seconds left.\n|inactive|NASA_1212 has 15 seconds left.\n|inactive|NASA_1212 has 10 seconds left.\n|\n|t:|1775916056\n|switch|p2a: Oranguru|Oranguru, L50, M|11/100\n|move|p1b: Cofagrigus|Shadow Ball|p2a: Oranguru\n|-immune|p2a: Oranguru\n|move|p2b: Goodra|Heavy Slam|p1b: Cofagrigus\n|-damage|p1b: Cofagrigus|15/100\n|move|p1a: Conkeldurr|Knock Off|p2a: Oranguru\n|-supereffective|p2a: Oranguru|1\n|-crit|p2a: Oranguru\n|-damage|p2a: Oranguru|0 fnt\n|-enditem|p2a: Oranguru|Mental Herb|[from] move: Knock Off|[of] p1a: Conkeldurr\n|faint|p2a: Oranguru\n|\n|-heal|p1b: Cofagrigus|22/100|[from] item: Leftovers\n|-heal|p2b: Goodra|68/100 brn|[from] item: Leftovers\n|-damage|p2b: Goodra|63/100 brn|[from] brn\n|upkeep\n|\n|t:|1775916066\n|switch|p2a: Sylveon|Sylveon, L50, M|100/100\n|turn|9\n|\n|t:|1775916088\n|move|p1b: Cofagrigus|Shadow Ball|p2a: Sylveon\n|-damage|p2a: Sylveon|82/100\n|-unboost|p2a: Sylveon|spd|1\n|move|p2b: Goodra|Heavy Slam|p1b: Cofagrigus\n|-damage|p1b: Cofagrigus|2/100\n|move|p1a: Conkeldurr|Knock Off|p2a: Sylveon\n|-resisted|p2a: Sylveon|1\n|-damage|p2a: Sylveon|57/100\n|-enditem|p2a: Sylveon|Fairy Feather|[from] move: Knock Off|[of] p1a: Conkeldurr\n|move|p2a: Sylveon|Hyper Voice|p1b: Cofagrigus|[spread] p1a,p1b\n|-supereffective|p1a: Conkeldurr|1\n|-damage|p1a: Conkeldurr|0 fnt\n|-damage|p1b: Cofagrigus|0 fnt\n|faint|p1a: Conkeldurr\n|faint|p1b: Cofagrigus\n|\n|-heal|p2b: Goodra|68/100 brn|[from] item: Leftovers\n|-damage|p2b: Goodra|63/100 brn|[from] brn\n|upkeep\n|\n|t:|1775916102\n|switch|p1b: Incineroar|Incineroar, L50, F|100/100\n|-ability|p1b: Incineroar|Intimidate|boost\n|-unboost|p2a: Sylveon|atk|1\n|-unboost|p2b: Goodra|atk|1\n|turn|10\n|\n|t:|1775916113\n|move|p2b: Goodra|Body Press|p1b: Incineroar\n|-supereffective|p1b: Incineroar|1\n|-damage|p1b: Incineroar|67/100\n|move|p1b: Incineroar|Flare Blitz|p2a: Sylveon\n|-damage|p2a: Sylveon|0 fnt\n|faint|p2a: Sylveon\n|-damage|p1b: Incineroar|49/100|[from] Recoil\n|-enditem|p1b: Incineroar|Sitrus Berry|[eat]\n|-heal|p1b: Incineroar|73/100|[from] item: Sitrus Berry\n|\n|-heal|p2b: Goodra|68/100 brn|[from] item: Leftovers\n|-damage|p2b: Goodra|63/100 brn|[from] brn\n|upkeep\n|turn|11\n|\n|t:|1775916125\n|move|p2b: Goodra|Body Press|p1b: Incineroar\n|-supereffective|p1b: Incineroar|1\n|-damage|p1b: Incineroar|44/100\n|move|p1b: Incineroar|Flare Blitz|p2b: Goodra\n|-damage|p2b: Goodra|32/100 brn\n|-activate|p2b: Goodra|ability: Mummy|p1b: Incineroar|[ability] Intimidate\n|-damage|p1b: Incineroar|34/100|[from] Recoil\n|\n|-heal|p2b: Goodra|37/100 brn|[from] item: Leftovers\n|-damage|p2b: Goodra|32/100 brn|[from] brn\n|-fieldend|move: Trick Room\n|upkeep\n|turn|12\n|\n|t:|1775916146\n|move|p1b: Incineroar|Flare Blitz|p2b: Goodra\n|-damage|p2b: Goodra|0 fnt\n|faint|p2b: Goodra\n|-damage|p1b: Incineroar|25/100|[from] Recoil\n|\n|win|niko highway\n|raw|niko highway's rating: 1223 &rarr; <strong>1248</strong><br />(+25 for winning)\n|raw|NASA_1212's rating: 1222 &rarr; <strong>1197</strong><br />(-25 for losing)\n|l|\u2606NASA_1212\n|player|p2|\n",
  "uploadtime": 1775916154,
  "views": 25,
  "formatid": "gen9championsvgc2026regma",
  "rating": 1197,
  "private": 0,
  "password": null
}