{
  "id": "gen9championsvgc2026regma-2583583218",
  "format": "[Gen 9 Champions] VGC 2026 Reg M-A",
  "players": [
    "thecolordown",
    "voltei hoje"
  ],
  "log": "|j|\u2606thecolordown\n|j|\u2606voltei hoje\n|t:|1776184753\n|gametype|doubles\n|player|p1|thecolordown|102|1119\n|player|p2|voltei hoje|iris|1194\n|gen|9\n|tier|[Gen 9 Champions] VGC 2026 Reg M-A\n|rated|\n|rule|Species Clause: Limit one of each Pok\u00e9mon\n|rule|Item Clause: Limit 1 of each item\n|clearpoke\n|poke|p1|Zoroark-Hisui, L50, F|\n|poke|p1|Delphox, L50, M|\n|poke|p1|Kingambit, L50, F|\n|poke|p1|Sneasler, L50, F|\n|poke|p1|Clefable, L50, F|\n|poke|p1|Dragonite, L50, M|\n|poke|p2|Gardevoir, L50, M|\n|poke|p2|Palafin, L50, M|\n|poke|p2|Incineroar, L50, F|\n|poke|p2|Sinistcha, L50|\n|poke|p2|Machamp, L50, M|\n|poke|p2|Aegislash, L50, M|\n|teampreview|4\nvoltei hoje rejected open team sheets.\n|inactive|Battle timer is ON: inactive players will automatically lose when time's up. (requested by thecolordown)\n|\n|t:|1776184788\n|teamsize|p1|4\n|teamsize|p2|4\n|start\n|switch|p1a: Clefable|Clefable, L50, F|100/100\n|switch|p1b: Delphox|Delphox, L50, M|100/100\n|switch|p2a: Palafin|Palafin, L50, M|100/100\n|switch|p2b: Incineroar|Incineroar, L50, F|100/100\n|-ability|p2b: Incineroar|Intimidate|boost\n|-unboost|p1a: Clefable|atk|1\n|-unboost|p1b: Delphox|atk|1\n|turn|1\n|inactive|thecolordown has 30 seconds left.\n|\n|t:|1776184814\n|detailschange|p2a: Palafin|Palafin-Hero, L50, M\n|switch|p2a: Aegislash|Aegislash, L50, M|100/100\n|detailschange|p1b: Delphox|Delphox-Mega, L50, M\n|-mega|p1b: Delphox|Delphox|Delphoxite\n|move|p1a: Clefable|Focus Blast|p2b: Incineroar\n|-supereffective|p2b: Incineroar|1\n|-damage|p2b: Incineroar|59/100\n|move|p1b: Delphox|Substitute|p1b: Delphox\n|-start|p1b: Delphox|Substitute\n|-damage|p1b: Delphox|76/100\n|move|p2b: Incineroar|Darkest Lariat|p1b: Delphox\n|-supereffective|p1b: Delphox|1\n|-end|p1b: Delphox|Substitute\n|\n|upkeep\n|turn|2\n|\n|t:|1776184836\n|switch|p1a: Clefable|Clefable, L50, F|100/100\n|move|p1b: Delphox|Protect|p1b: Delphox\n|-singleturn|p1b: Delphox|Protect\n|move|p2a: Aegislash|King's Shield|p2a: Aegislash\n|-singleturn|p2a: Aegislash|Protect\n|move|p2b: Incineroar|Darkest Lariat|p1b: Delphox\n|-activate|p1b: Delphox|move: Protect\n|\n|upkeep\n|turn|3\n|\n|t:|1776184853\n|move|p1a: Clefable|Follow Me|p1a: Clefable\n|-singleturn|p1a: Clefable|move: Follow Me\n|move|p1b: Delphox|Heat Wave|p2a: Aegislash|[spread] p2a,p2b\n|-supereffective|p2a: Aegislash|1\n|-resisted|p2b: Incineroar|1\n|-damage|p2a: Aegislash|35/100\n|-damage|p2b: Incineroar|45/100\n|-enditem|p2b: Incineroar|Sitrus Berry|[eat]\n|-heal|p2b: Incineroar|69/100|[from] item: Sitrus Berry\n|-formechange|p2a: Aegislash|Aegislash-Blade|\n|move|p2a: Aegislash|Poltergeist|p1a: Clefable\n|-activate|p1a: Clefable|move: Poltergeist|Sitrus Berry\n|-damage|p1a: Clefable|47/100\n|-enditem|p1a: Clefable|Sitrus Berry|[eat]\n|-heal|p1a: Clefable|72/100|[from] item: Sitrus Berry\n|move|p2b: Incineroar|Darkest Lariat|p1a: Clefable\n|-resisted|p1a: Clefable|1\n|-damage|p1a: Clefable|59/100\n|\n|upkeep\n|turn|4\n|\n|t:|1776184872\n|-formechange|p2a: Aegislash|Aegislash|\n|move|p2a: Aegislash|King's Shield|p2a: Aegislash\n|-singleturn|p2a: Aegislash|Protect\n|move|p1a: Clefable|Follow Me|p1a: Clefable\n|-singleturn|p1a: Clefable|move: Follow Me\n|move|p1b: Delphox|Heat Wave|p2a: Aegislash|[spread] p2b\n|-activate|p2a: Aegislash|move: Protect\n|-resisted|p2b: Incineroar|1\n|-crit|p2b: Incineroar\n|-damage|p2b: Incineroar|47/100\n|move|p2b: Incineroar|Parting Shot|p1a: Clefable\n|-unboost|p1a: Clefable|atk|1\n|-unboost|p1a: Clefable|spa|1\n|\n|t:|1776184886\n|switch|p2b: Palafin|Palafin-Hero, L50, M|100/100|[from] Parting Shot\n|-activate|p2b: Palafin|ability: Zero to Hero\n|\n|upkeep\n|turn|5\n|\n|t:|1776184897\n|switch|p2a: Incineroar|Incineroar, L50, F|47/100\n|-ability|p2a: Incineroar|Intimidate|boost\n|-unboost|p1a: Clefable|atk|1\n|-unboost|p1b: Delphox|atk|1\n|move|p1a: Clefable|Follow Me|p1a: Clefable\n|-singleturn|p1a: Clefable|move: Follow Me\n|move|p1b: Delphox|Heat Wave|p2a: Incineroar|[spread] p2a,p2b\n|-resisted|p2a: Incineroar|1\n|-resisted|p2b: Palafin|1\n|-damage|p2a: Incineroar|32/100\n|-damage|p2b: Palafin|85/100\n|move|p2b: Palafin|Bulk Up|p2b: Palafin\n|-boost|p2b: Palafin|atk|1\n|-boost|p2b: Palafin|def|1\n|\n|-heal|p2b: Palafin|90/100|[from] item: Leftovers\n|upkeep\n|turn|6\n|c|\u2606thecolordown|wp\n|inactive|thecolordown has 30 seconds left.\n|\n|t:|1776184926\n|switch|p1b: Kingambit|Kingambit, L50, F|100/100\n|move|p2a: Incineroar|Fake Out|p1a: Clefable\n|-damage|p1a: Clefable|50/100\n|move|p2b: Palafin|Jet Punch|p1b: Kingambit\n|-damage|p1b: Kingambit|60/100\n|cant|p1a: Clefable|flinch\n|\n|-heal|p2b: Palafin|96/100|[from] item: Leftovers\n|upkeep\n|turn|7\n|\n|t:|1776184946\n|move|p2b: Palafin|Drain Punch|p1b: Kingambit\n|-supereffective|p1b: Kingambit|2\n|-damage|p1b: Kingambit|0 fnt\n|-heal|p2b: Palafin|100/100|[from] drain|[of] p1b: Kingambit\n|faint|p1b: Kingambit\n|move|p2a: Incineroar|Parting Shot|p1a: Clefable\n|-unboost|p1a: Clefable|atk|1\n|-unboost|p1a: Clefable|spa|1\n|c|\u2606voltei hoje|thanks :)\n|\n|t:|1776184961\n|switch|p2a: Gardevoir|Gardevoir, L50, M, shiny|100/100|[from] Parting Shot\n|-ability|p2a: Gardevoir|Unaware|Trace|[from] ability: Trace|[of] p1a: Clefable\n|move|p1a: Clefable|Moonblast|p2a: Gardevoir\n|-damage|p2a: Gardevoir|67/100\n|-unboost|p2a: Gardevoir|spa|1\n|\n|upkeep\n|\n|t:|1776184977\n|switch|p1b: Delphox|Delphox-Mega, L50, M|100/100\n|turn|8\n|\n|t:|1776184993\n|detailschange|p2a: Gardevoir|Gardevoir-Mega, L50, M, shiny\n|-mega|p2a: Gardevoir|Gardevoir|Gardevoirite\n|move|p1a: Clefable|Helping Hand|p1b: Delphox\n|-singleturn|p1b: Delphox|Helping Hand|[of] p1a: Clefable\n|move|p2a: Gardevoir|Protect|p2a: Gardevoir\n|-singleturn|p2a: Gardevoir|Protect\n|move|p2b: Palafin|Jet Punch|p1b: Delphox\n|-damage|p1b: Delphox|1/100\n|replace|p1b: Zoroark|Zoroark-Hisui, L50, F\n|-end|p1b: Zoroark|Illusion\n|move|p1b: Zoroark|Bitter Malice|p2b: Palafin\n|-damage|p2b: Palafin|72/100\n|-unboost|p2b: Palafin|atk|1\n|\n|-heal|p2b: Palafin|77/100|[from] item: Leftovers\n|upkeep\n|turn|9\n|\n|t:|1776185015\n|switch|p2a: Incineroar|Incineroar, L50, F|32/100\n|-ability|p2a: Incineroar|Intimidate|boost\n|-unboost|p1a: Clefable|atk|1\n|-unboost|p1b: Zoroark|atk|1\n|move|p1a: Clefable|Follow Me|p1a: Clefable\n|-singleturn|p1a: Clefable|move: Follow Me\n|move|p2b: Palafin|Jet Punch|p1a: Clefable\n|-damage|p1a: Clefable|23/100\n|move|p1b: Zoroark|Bitter Malice|p2a: Incineroar\n|-resisted|p2a: Incineroar|1\n|-damage|p2a: Incineroar|22/100\n|-unboost|p2a: Incineroar|atk|1\n|\n|-heal|p2b: Palafin|83/100|[from] item: Leftovers\n|upkeep\n|turn|10\n|c|\u2606thecolordown|hot diggity dawh\n|\n|t:|1776185032\n|move|p2a: Incineroar|Fake Out|p1a: Clefable\n|-damage|p1a: Clefable|14/100\n|cant|p1a: Clefable|flinch\n|move|p2b: Palafin|Jet Punch|p1b: Zoroark\n|-damage|p1b: Zoroark|0 fnt\n|faint|p1b: Zoroark\n|\n|-heal|p2b: Palafin|89/100|[from] item: Leftovers\n|upkeep\n|\n|t:|1776185040\n|switch|p1b: Delphox|Delphox-Mega, L50, M|76/100\n|turn|11\n|\n|t:|1776185050\n|move|p2a: Incineroar|Protect|p2a: Incineroar\n|-singleturn|p2a: Incineroar|Protect\n|move|p1a: Clefable|Follow Me|p1a: Clefable\n|-singleturn|p1a: Clefable|move: Follow Me\n|move|p2b: Palafin|Jet Punch|p1a: Clefable\n|-damage|p1a: Clefable|0 fnt\n|faint|p1a: Clefable\n|move|p1b: Delphox|Heat Wave|p2b: Palafin|[spread] p2b\n|-activate|p2a: Incineroar|move: Protect\n|-resisted|p2b: Palafin|1\n|-damage|p2b: Palafin|73/100\n|\n|-heal|p2b: Palafin|79/100|[from] item: Leftovers\n|upkeep\n|turn|12\n|c|\u2606thecolordown|thas ggs\n|-message|thecolordown forfeited.\n|\n|win|voltei hoje\n|raw|thecolordown's rating: 1119 &rarr; <strong>1099</strong><br />(-20 for losing)\n|raw|voltei hoje's rating: 1194 &rarr; <strong>1214</strong><br />(+20 for winning)\n",
  "uploadtime": 1776185093,
  "views": 13,
  "formatid": "gen9championsvgc2026regma",
  "rating": 1099,
  "private": 0,
  "password": null
}