{
  "id": "gen9championsvgc2026regma-2586673686",
  "format": "[Gen 9 Champions] VGC 2026 Reg M-A",
  "players": [
    "EkCantDrawLol",
    "lobotomiagames"
  ],
  "log": "|j|\u203dEkCantDrawLol\n|j|\u2606lobotomiagames\n|t:|1776451045\n|gametype|doubles\n|player|p1|EkCantDrawLol|skierf|1318\n|player|p2|lobotomiagames|harlequin|1273\n|gen|9\n|tier|[Gen 9 Champions] VGC 2026 Reg M-A\n|rated|\n|rule|Species Clause: Limit one of each Pok\u00e9mon\n|rule|Item Clause: Limit 1 of each item\n|clearpoke\n|poke|p1|Delphox, L50, F|\n|poke|p1|Corviknight, L50, M|\n|poke|p1|Garchomp, L50, M|\n|poke|p1|Floette-Eternal, L50, F|\n|poke|p1|Sneasler, L50, F|\n|poke|p1|Basculegion, L50, M|\n|poke|p2|Kangaskhan, L50, F|\n|poke|p2|Froslass, L50, F|\n|poke|p2|Garchomp, L50, F|\n|poke|p2|Milotic, L50, M|\n|poke|p2|Incineroar, L50, F|\n|poke|p2|Rotom-Wash, L50|\n|teampreview|4\n|inactive|Battle timer is ON: inactive players will automatically lose when time's up. (requested by lobotomiagames)\n|inactive|lobotomiagames has 60 seconds left.\n|\n|t:|1776451090\n|teamsize|p1|4\n|teamsize|p2|4\n|start\n|switch|p1a: Basculegion|Basculegion, L50, M|100/100\n|switch|p1b: Corviknight|Corviknight, L50, M|100/100\n|switch|p2a: Kangaskhan|Kangaskhan, L50, F, shiny|100/100\n|switch|p2b: Rotom|Rotom-Wash, L50, shiny|100/100\n|turn|1\n|\n|t:|1776451105\n|switch|p1a: Floette|Floette-Eternal, L50, F|100/100\n|detailschange|p2a: Kangaskhan|Kangaskhan-Mega, L50, F, shiny\n|-mega|p2a: Kangaskhan|Kangaskhan|Kangaskhanite\n|move|p2a: Kangaskhan|Fake Out|p1b: Corviknight\n|-resisted|p1b: Corviknight|1\n|-damage|p1b: Corviknight|94/100\n|-resisted|p1b: Corviknight|1\n|-damage|p1b: Corviknight|93/100\n|-hitcount|p1b: Corviknight|2\n|move|p2b: Rotom|Electroweb|p1b: Corviknight|[spread] p1a,p1b\n|-supereffective|p1b: Corviknight|1\n|-damage|p1a: Floette|80/100\n|-damage|p1b: Corviknight|57/100\n|-unboost|p1a: Floette|spe|1\n|-ability|p1b: Corviknight|Mirror Armor\n|-unboost|p2b: Rotom|spe|1\n|cant|p1b: Corviknight|flinch\n|\n|upkeep\n|turn|2\n|\n|t:|1776451130\n|switch|p1a: Basculegion|Basculegion, L50, M|100/100\n|move|p2b: Rotom|Electroweb|p1b: Corviknight|[spread] p1a,p1b\n|-supereffective|p1a: Basculegion|1\n|-supereffective|p1b: Corviknight|1\n|-damage|p1a: Basculegion|58/100\n|-damage|p1b: Corviknight|18/100\n|-unboost|p1a: Basculegion|spe|1\n|-ability|p1b: Corviknight|Mirror Armor\n|-unboost|p2b: Rotom|spe|1\n|move|p2a: Kangaskhan|Body Slam|p1a: Basculegion\n|-immune|p1a: Basculegion\n|move|p1b: Corviknight|Tailwind|p1b: Corviknight\n|-sidestart|p1: EkCantDrawLol|move: Tailwind\n|\n|upkeep\n|turn|3\n|\n|t:|1776451150\n|move|p1a: Basculegion|Flip Turn|p2a: Kangaskhan\n|-damage|p2a: Kangaskhan|69/100\n|\n|t:|1776451155\n|switch|p1a: Sneasler|Sneasler, L50, F|100/100|[from] Flip Turn\n|move|p1b: Corviknight|Body Press|p2b: Rotom\n|-damage|p2b: Rotom|62/100\n|move|p2a: Kangaskhan|Body Slam|p1a: Sneasler\n|-damage|p1a: Sneasler|23/100\n|-status|p1a: Sneasler|par\n|-damage|p1a: Sneasler|3/100 par\n|-hitcount|p1a: Sneasler|2\n|move|p2b: Rotom|Electroweb|p1b: Corviknight|[spread] p1a,p1b\n|-supereffective|p1b: Corviknight|1\n|-damage|p1a: Sneasler|0 fnt\n|-damage|p1b: Corviknight|0 fnt\n|faint|p1a: Sneasler\n|faint|p1b: Corviknight\n|\n|upkeep\n|\n|t:|1776451158\n|switch|p1a: Basculegion|Basculegion, L50, M|58/100\n|switch|p1b: Floette|Floette-Eternal, L50, F|80/100\n|turn|4\n|\n|t:|1776451176\n|detailschange|p1b: Floette|Floette-Mega, L50, F\n|-mega|p1b: Floette|Floette|Floettite\n|-ability|p1b: Floette|Fairy Aura\n|move|p1a: Basculegion|Last Respects|p2b: Rotom\n|-damage|p2b: Rotom|0 fnt\n|faint|p2b: Rotom\n|move|p1b: Floette|Light of Ruin|p2a: Kangaskhan\n|-damage|p2a: Kangaskhan|0 fnt\n|faint|p2a: Kangaskhan\n|-damage|p1b: Floette|31/100|[from] Recoil\n|\n|upkeep\n|\n|t:|1776451185\n|switch|p2b: Milotic|Milotic, L50, M, shiny|100/100\n|switch|p2a: Garchomp|Garchomp, L50, F, shiny|100/100\n|turn|5\n|\n|t:|1776451194\n|move|p2a: Garchomp|Protect|p2a: Garchomp\n|-singleturn|p2a: Garchomp|Protect\n|move|p1a: Basculegion|Last Respects|p2b: Milotic\n|-damage|p2b: Milotic|0 fnt\n|faint|p2b: Milotic\n|move|p1b: Floette|Dazzling Gleam|p2a: Garchomp\n|-activate|p2a: Garchomp|move: Protect\n|\n|-sideend|p1: EkCantDrawLol|move: Tailwind\n|upkeep\n|turn|6\n|l|\u203dEkCantDrawLol\n|inactive|EkCantDrawLol disconnected and has a minute to reconnect!\n|player|p1|\n|j|\u203dEkCantDrawLol\n|inactive|EkCantDrawLol reconnected and has 45 seconds left.\n|player|p1|EkCantDrawLol|skierf|\n|n|\u203dEkCantDrawLol|ekcantdrawlol\n|\n|t:|1776451213\n|move|p1a: Basculegion|Last Respects|p2a: Garchomp\n|-damage|p2a: Garchomp|3/100\n|move|p1b: Floette|Dazzling Gleam|p2a: Garchomp\n|-supereffective|p2a: Garchomp|1\n|-damage|p2a: Garchomp|0 fnt\n|faint|p2a: Garchomp\n|\n|win|EkCantDrawLol\n|raw|EkCantDrawLol's rating: 1318 &rarr; <strong>1335</strong><br />(+17 for winning)\n|raw|lobotomiagames's rating: 1273 &rarr; <strong>1251</strong><br />(-22 for losing)\n",
  "uploadtime": 1776451221,
  "views": 48,
  "formatid": "gen9championsvgc2026regma",
  "rating": 1251,
  "private": 0,
  "password": null
}