{
  "id": "gen9championsvgc2026regma-2588382994",
  "format": "[Gen 9 Champions] VGC 2026 Reg M-A",
  "players": [
    "piemaster583",
    "Roadhog04"
  ],
  "log": "|j|\u2606piemaster583\n|j|\u2606Roadhog04\n|t:|1776628909\n|gametype|doubles\n|player|p1|piemaster583|hilbert|1075\n|player|p2|Roadhog04|ghetsis-gen5bw|1039\n|gen|9\n|tier|[Gen 9 Champions] VGC 2026 Reg M-A\n|rated|\n|rule|Species Clause: Limit one of each Pok\u00e9mon\n|rule|Item Clause: Limit 1 of each item\n|clearpoke\n|poke|p1|Zoroark-Hisui, L50, F|\n|poke|p1|Incineroar, L50, M, shiny|\n|poke|p1|Garchomp, L50, M|\n|poke|p1|Sneasler, L50, M|\n|poke|p1|Milotic, L50, F, shiny|\n|poke|p1|Meowscarada, L50, F|\n|poke|p2|Feraligatr, L50, M|\n|poke|p2|Talonflame, L50, F|\n|poke|p2|Sinistcha-Masterpiece, L50|\n|poke|p2|Kingambit, L50, M|\n|poke|p2|Sneasler, L50, M|\n|poke|p2|Gardevoir, L50, M|\n|teampreview|4\n|inactive|Battle timer is ON: inactive players will automatically lose when time's up. (requested by piemaster583)\n|\n|t:|1776628940\n|teamsize|p1|4\n|teamsize|p2|4\n|start\n|switch|p1a: Meowscarada|Meowscarada, L50, F|100/100\n|switch|p1b: Garchomp|Garchomp, L50, M|100/100\n|switch|p2a: Feraligatr|Feraligatr, L50, M|100/100\n|switch|p2b: Sinistcha|Sinistcha-Masterpiece, L50|100/100\n|turn|1\n|\n|t:|1776628955\n|detailschange|p2a: Feraligatr|Feraligatr-Mega, L50, M\n|-mega|p2a: Feraligatr|Feraligatr|Feraligite\n|move|p1b: Garchomp|Protect|p1b: Garchomp\n|-singleturn|p1b: Garchomp|Protect\n|move|p1a: Meowscarada|Bitter Malice|p2b: Sinistcha\n|-supereffective|p2b: Sinistcha|1\n|-damage|p2b: Sinistcha|12/100\n|-unboost|p2b: Sinistcha|atk|1\n|-enditem|p2b: Sinistcha|Sitrus Berry|[eat]\n|-heal|p2b: Sinistcha|36/100|[from] item: Sitrus Berry\n|move|p2a: Feraligatr|Double-Edge|p1b: Garchomp\n|-activate|p1b: Garchomp|move: Protect\n|move|p2b: Sinistcha|Trick Room|p2b: Sinistcha\n|-fieldstart|move: Trick Room|[of] p2b: Sinistcha\n|\n|upkeep\n|turn|2\n|inactive|Roadhog04 has 30 seconds left.\n|\n|t:|1776628989\n|switch|p2b: Kingambit|Kingambit, L50, M|100/100\n|switch|p1b: Incineroar|Incineroar, L50, M, shiny|100/100\n|-ability|p1b: Incineroar|Intimidate|boost\n|-unboost|p2a: Feraligatr|atk|1\n|-unboost|p2b: Kingambit|atk|1\n|-ability|p2b: Kingambit|Defiant|boost\n|-boost|p2b: Kingambit|atk|2\n|move|p2a: Feraligatr|Double-Edge|p1b: Incineroar\n|-damage|p1b: Incineroar|37/100\n|-enditem|p1b: Incineroar|Sitrus Berry|[eat]\n|-heal|p1b: Incineroar|61/100|[from] item: Sitrus Berry\n|-damage|p2a: Feraligatr|76/100|[from] Recoil\n|move|p1a: Meowscarada|Icy Wind|p2b: Kingambit|[spread] p2a,p2b\n|-resisted|p2b: Kingambit|1\n|-damage|p2a: Feraligatr|62/100\n|-damage|p2b: Kingambit|94/100\n|-unboost|p2a: Feraligatr|spe|1\n|-unboost|p2b: Kingambit|spe|1\n|-ability|p2b: Kingambit|Defiant|boost\n|-boost|p2b: Kingambit|atk|2\n|\n|upkeep\n|turn|3\n|inactive|piemaster583 has 30 seconds left.\n|inactive|Roadhog04 has 30 seconds left.\n|inactive|Roadhog04 has 20 seconds left.\n|\n|t:|1776629025\n|switch|p1a: Meowscarada|Meowscarada, L50, F|100/100\n|move|p1b: Incineroar|Fake Out|p2b: Kingambit\n|-resisted|p2b: Kingambit|1\n|-damage|p2b: Kingambit|88/100\n|move|p2a: Feraligatr|Aqua Jet|p1b: Incineroar\n|-supereffective|p1b: Incineroar|1\n|-damage|p1b: Incineroar|26/100\n|cant|p2b: Kingambit|flinch\n|\n|upkeep\n|turn|4\n|\n|t:|1776629048\n|move|p2a: Feraligatr|Aqua Jet|p1b: Incineroar\n|-supereffective|p1b: Incineroar|1\n|-damage|p1b: Incineroar|0 fnt\n|faint|p1b: Incineroar\n|move|p2b: Kingambit|Iron Head|p1a: Meowscarada\n|-damage|p1a: Meowscarada|0 fnt\n|faint|p1a: Meowscarada\n|\n|upkeep\n|\n|t:|1776629056\n|switch|p1b: Garchomp|Garchomp, L50, M|100/100\n|switch|p1a: Garchomp|Garchomp, L50, M|100/100\n|turn|5\n|inactive|Roadhog04 has 30 seconds left.\n|\n|t:|1776629084\n|move|p1b: Garchomp|Protect|p1b: Garchomp\n|-singleturn|p1b: Garchomp|Protect\n|move|p2b: Kingambit|Kowtow Cleave|p1a: Garchomp\n|-damage|p1a: Garchomp|0 fnt\n|-damage|p2b: Kingambit|75/100|[from] ability: Rough Skin|[of] p1a: Garchomp\n|faint|p1a: Garchomp\n|move|p2a: Feraligatr|Double-Edge|p1b: Garchomp\n|-activate|p1b: Garchomp|move: Protect\n|\n|-fieldend|move: Trick Room\n|upkeep\n|turn|6\n|\n|t:|1776629108\n|switch|p2a: Sneasler|Sneasler, L50, M|100/100\n|move|p2b: Kingambit|Sucker Punch|p1b: Garchomp\n|-supereffective|p1b: Garchomp|1\n|-enditem|p1b: Garchomp|Focus Sash\n|-damage|p1b: Garchomp|1/100\n|replace|p1b: Zoroark|Zoroark-Hisui, L50, F\n|-end|p1b: Zoroark|Illusion\n|move|p1b: Zoroark|Hyper Voice|p2a: Sneasler|[spread] p2a,p2b\n|-resisted|p2b: Kingambit|1\n|-damage|p2a: Sneasler|57/100\n|-damage|p2b: Kingambit|60/100\n|\n|upkeep\n|turn|7\n|\n|t:|1776629131\n|move|p1b: Zoroark|Protect|p1b: Zoroark\n|-singleturn|p1b: Zoroark|Protect\n|move|p2b: Kingambit|Sucker Punch||[still]\n|-fail|p2b: Kingambit\n|move|p2a: Sneasler|Coaching|p2b: Kingambit\n|-boost|p2b: Kingambit|atk|1\n|-boost|p2b: Kingambit|def|1\n|\n|upkeep\n|turn|8\n|\n|t:|1776629144\n|move|p2b: Kingambit|Sucker Punch|p1b: Zoroark\n|-supereffective|p1b: Zoroark|1\n|-damage|p1b: Zoroark|0 fnt\n|faint|p1b: Zoroark\n|\n|win|Roadhog04\n|raw|piemaster583's rating: 1075 &rarr; <strong>1052</strong><br />(-23 for losing)\n|raw|Roadhog04's rating: 1039 &rarr; <strong>1077</strong><br />(+38 for winning)\n",
  "uploadtime": 1776629150,
  "views": 17,
  "formatid": "gen9championsvgc2026regma",
  "rating": 1052,
  "private": 0,
  "password": null
}