{
  "id": "gen9championsvgc2026regma-2588847320",
  "format": "[Gen 9 Champions] VGC 2026 Reg M-A",
  "players": [
    "gonzalobarrasa",
    "samo00001"
  ],
  "log": "|j|\u2606gonzalobarrasa\n|j|\u2606samo00001\n|t:|1776678069\n|gametype|doubles\n|player|p1|gonzalobarrasa|169|1280\n|player|p2|samo00001|170|1239\n|gen|9\n|tier|[Gen 9 Champions] VGC 2026 Reg M-A\n|rated|\n|rule|Species Clause: Limit one of each Pok\u00e9mon\n|rule|Item Clause: Limit 1 of each item\n|clearpoke\n|poke|p1|Starmie, L50|\n|poke|p1|Sneasler, L50, F|\n|poke|p1|Archaludon, L50, M|\n|poke|p1|Aegislash, L50, M|\n|poke|p1|Pelipper, L50, M|\n|poke|p1|Maushold, L50|\n|poke|p2|Ninetales-Alola, L50, F|\n|poke|p2|Froslass, L50, F|\n|poke|p2|Incineroar, L50, M|\n|poke|p2|Floette-Eternal, L50, F|\n|poke|p2|Rotom-Wash, L50|\n|poke|p2|Gallade, L50, M|\n|teampreview|4\n|inactive|Battle timer is ON: inactive players will automatically lose when time's up. (requested by gonzalobarrasa)\ngonzalobarrasa rejected open team sheets.\n|c|\u2606gonzalobarrasa|is gallade good?\n|inactive|gonzalobarrasa has 60 seconds left.\n|\n|t:|1776678126\n|teamsize|p1|4\n|teamsize|p2|4\n|start\n|switch|p1a: Pelipper|Pelipper, L50, M|100/100\n|switch|p1b: Archaludon|Archaludon, L50, M|100/100\n|switch|p2a: Ninetales|Ninetales-Alola, L50, F|100/100\n|switch|p2b: Froslass|Froslass, L50, F|100/100\n|-weather|Snowscape|[from] ability: Snow Warning|[of] p2a: Ninetales\n|-weather|RainDance|[from] ability: Drizzle|[of] p1a: Pelipper\n|turn|1\n|\n|t:|1776678148\n|switch|p1a: Aegislash|Aegislash, L50, M|100/100\n|detailschange|p2b: Froslass|Froslass-Mega, L50, F\n|-mega|p2b: Froslass|Froslass|Froslassite\n|-weather|Snowscape|[from] ability: Snow Warning|[of] p2b: Froslass\n|move|p2b: Froslass|Blizzard|p1b: Archaludon|[spread] p1a,p1b\n|-resisted|p1a: Aegislash|1\n|-damage|p1a: Aegislash|80/100\n|-damage|p1b: Archaludon|52/100\n|-ability|p1b: Archaludon|Stamina|boost\n|-boost|p1b: Archaludon|def|1\n|move|p2a: Ninetales|Aurora Veil|p2a: Ninetales\n|-sidestart|p2: samo00001|move: Aurora Veil\n|move|p1b: Archaludon|Flash Cannon|p2b: Froslass\n|-supereffective|p2b: Froslass|1\n|-damage|p2b: Froslass|38/100\n|\n|-weather|Snowscape|[upkeep]\n|-heal|p1b: Archaludon|58/100|[from] item: Leftovers\n|upkeep\n|turn|2\n|inactive|gonzalobarrasa has 30 seconds left.\n|inactive|samo00001 has 30 seconds left.\n|inactive|samo00001 has 20 seconds left.\n|\n|t:|1776678187\n|switch|p1a: Pelipper|Pelipper, L50, M|100/100\n|-weather|RainDance|[from] ability: Drizzle|[of] p1a: Pelipper\n|move|p2b: Froslass|Blizzard|p1b: Archaludon|[spread] p1a,p1b\n|-damage|p1a: Pelipper|15/100\n|-damage|p1b: Archaludon|10/100\n|-status|p1b: Archaludon|frz\n|-ability|p1b: Archaludon|Stamina|boost\n|-boost|p1b: Archaludon|def|1\n|move|p2a: Ninetales|Blizzard|p1a: Pelipper|[spread] p1a,p1b\n|-damage|p1a: Pelipper|0 fnt\n|-damage|p1b: Archaludon|0 fnt\n|faint|p1a: Pelipper\n|faint|p1b: Archaludon\n|\n|-weather|RainDance|[upkeep]\n|upkeep\n|\n|t:|1776678198\n|switch|p1a: Starmie|Starmie, L50|100/100\n|switch|p1b: Aegislash|Aegislash, L50, M|80/100\n|turn|3\n|c|\u2606gonzalobarrasa|this is your strat?\n|\n|t:|1776678215\n|switch|p2a: Incineroar|Incineroar, L50, M|100/100\n|-ability|p2a: Incineroar|Intimidate|boost\n|-unboost|p1a: Starmie|atk|1\n|-unboost|p1b: Aegislash|atk|1\n|detailschange|p1a: Starmie|Starmie-Mega, L50\n|-mega|p1a: Starmie|Starmie|Starminite\n|move|p2b: Froslass|Protect|p2b: Froslass\n|-singleturn|p2b: Froslass|Protect\n|move|p1a: Starmie|Liquidation|p2b: Froslass\n|-activate|p2b: Froslass|move: Protect\n|-formechange|p1b: Aegislash|Aegislash-Blade|\n|move|p1b: Aegislash|Iron Head|p2a: Incineroar\n|-resisted|p2a: Incineroar|1\n|-damage|p2a: Incineroar|91/100\n|\n|-weather|RainDance|[upkeep]\n|upkeep\n|turn|4\n|inactive|samo00001 has 30 seconds left.\n|\n|t:|1776678241\n|switch|p2a: Ninetales|Ninetales-Alola, L50, F|100/100\n|-weather|Snowscape|[from] ability: Snow Warning|[of] p2a: Ninetales\n|move|p1a: Starmie|Protect|p1a: Starmie\n|-singleturn|p1a: Starmie|Protect\n|-formechange|p1b: Aegislash|Aegislash|\n|move|p1b: Aegislash|King's Shield|p1b: Aegislash\n|-singleturn|p1b: Aegislash|Protect\n|move|p2b: Froslass|Blizzard|p1a: Starmie|[spread] \n|-activate|p1a: Starmie|move: Protect\n|-activate|p1b: Aegislash|move: Protect\n|\n|-weather|Snowscape|[upkeep]\n|upkeep\n|turn|5\n|\n|t:|1776678257\n|move|p2b: Froslass|Shadow Ball|p1b: Aegislash\n|-supereffective|p1b: Aegislash|1\n|-enditem|p1b: Aegislash|Kasib Berry|[eat]\n|-enditem|p1b: Aegislash|Kasib Berry|[weaken]\n|-damage|p1b: Aegislash|43/100\n|-unboost|p1b: Aegislash|spd|1\n|move|p2a: Ninetales|Blizzard|p1a: Starmie|[spread] p1a,p1b\n|-resisted|p1a: Starmie|1\n|-resisted|p1b: Aegislash|1\n|-damage|p1a: Starmie|81/100\n|-damage|p1b: Aegislash|23/100\n|move|p1a: Starmie|Liquidation|p2b: Froslass\n|-crit|p2b: Froslass\n|-damage|p2b: Froslass|0 fnt\n|faint|p2b: Froslass\n|-formechange|p1b: Aegislash|Aegislash-Blade|\n|move|p1b: Aegislash|Iron Head|p2a: Ninetales\n|-supereffective|p2a: Ninetales|2\n|-damage|p2a: Ninetales|13/100\n|\n|-weather|Snowscape|[upkeep]\n|-sideend|p2: samo00001|move: Aurora Veil\n|upkeep\n|\n|t:|1776678273\n|switch|p2b: Rotom|Rotom-Wash, L50|100/100\n|turn|6\n|c|\u2606gonzalobarrasa|ur srat sucks\n|\n|t:|1776678291\n|move|p2b: Rotom|Thunderbolt|p1a: Starmie\n|-supereffective|p1a: Starmie|1\n|-damage|p1a: Starmie|0 fnt\n|faint|p1a: Starmie\n|move|p2a: Ninetales|Blizzard|p1b: Aegislash\n|-resisted|p1b: Aegislash|1\n|-damage|p1b: Aegislash|0 fnt\n|faint|p1b: Aegislash\n|\n|win|samo00001\n",
  "uploadtime": 1776678278,
  "views": 15,
  "formatid": "gen9championsvgc2026regma",
  "rating": null,
  "private": 0,
  "password": null
}