{
  "id": "gen9championsvgc2026regma-2586313311",
  "format": "[Gen 9 Champions] VGC 2026 Reg M-A",
  "players": [
    "fangyusuhe",
    "Ongalabong"
  ],
  "log": "|j|\u2606fangyusuhe\n|j|\u2606Ongalabong\n|t:|1776424257\n|gametype|doubles\n|player|p1|fangyusuhe|dawn|1381\n|player|p2|Ongalabong|benga|1410\n|gen|9\n|tier|[Gen 9 Champions] VGC 2026 Reg M-A\n|rated|\n|rule|Species Clause: Limit one of each Pok\u00e9mon\n|rule|Item Clause: Limit 1 of each item\n|clearpoke\n|poke|p1|Floette-Eternal, L50, F|\n|poke|p1|Garchomp, L50, M|\n|poke|p1|Sinistcha, L50|\n|poke|p1|Kingambit, L50, F|\n|poke|p1|Delphox, L50, M|\n|poke|p1|Aerodactyl, L50, F|\n|poke|p2|Crabominable, L50, F|\n|poke|p2|Farigiraf, L50, F|\n|poke|p2|Incineroar, L50, M|\n|poke|p2|Venusaur, L50, F|\n|poke|p2|Basculegion, L50, M|\n|poke|p2|Ninetales-Alola, L50, F|\n|teampreview|4\n|\n|t:|1776424277\n|teamsize|p1|4\n|teamsize|p2|4\n|start\n|switch|p1a: Floette|Floette-Eternal, L50, F|100/100\n|switch|p1b: Kingambit|Kingambit, L50, F|100/100\n|switch|p2a: Incineroar|Incineroar, L50, M|100/100\n|switch|p2b: Farigiraf|Farigiraf, L50, F|100/100\n|-ability|p2a: Incineroar|Intimidate|boost\n|-unboost|p1a: Floette|atk|1\n|-unboost|p1b: Kingambit|atk|1\n|-ability|p1b: Kingambit|Defiant|boost\n|-boost|p1b: Kingambit|atk|2\n|turn|1\n|inactive|Battle timer is ON: inactive players will automatically lose when time's up. (requested by fangyusuhe)\n|\n|t:|1776424288\n|detailschange|p1a: Floette|Floette-Mega, L50, F\n|-mega|p1a: Floette|Floette|Floettite\n|-ability|p1a: Floette|Fairy Aura\n|move|p1a: Floette|Light of Ruin|p2b: Farigiraf\n|-damage|p2b: Farigiraf|5/100\n|-damage|p1a: Floette|33/100|[from] Recoil\n|move|p2a: Incineroar|Parting Shot|p1a: Floette\n|-unboost|p1a: Floette|atk|1\n|-unboost|p1a: Floette|spa|1\n|\n|t:|1776424297\n|switch|p2a: Crabominable|Crabominable, L50, F|100/100|[from] Parting Shot\n|move|p1b: Kingambit|Kowtow Cleave|p2b: Farigiraf\n|-supereffective|p2b: Farigiraf|1\n|-enditem|p2b: Farigiraf|Colbur Berry|[eat]\n|-enditem|p2b: Farigiraf|Colbur Berry|[weaken]\n|-damage|p2b: Farigiraf|0 fnt\n|faint|p2b: Farigiraf\n|\n|upkeep\n|\n|t:|1776424307\n|switch|p2b: Basculegion|Basculegion, L50, M|100/100\n|turn|2\n|\n|t:|1776424318\n|switch|p2b: Incineroar|Incineroar, L50, M|100/100\n|-ability|p2b: Incineroar|Intimidate|boost\n|-unboost|p1a: Floette|atk|1\n|-unboost|p1b: Kingambit|atk|1\n|-ability|p1b: Kingambit|Defiant|boost\n|-boost|p1b: Kingambit|atk|2\n|switch|p1b: Sinistcha|Sinistcha, L50|100/100\n|-heal|p1a: Floette|58/100|[from] ability: Hospitality|[of] p1b: Sinistcha\n|detailschange|p2a: Crabominable|Crabominable-Mega, L50, F\n|-mega|p2a: Crabominable|Crabominable|Crabominite\n|move|p1a: Floette|Dazzling Gleam|p2a: Crabominable|[spread] p2a,p2b\n|-supereffective|p2a: Crabominable|1\n|-damage|p2a: Crabominable|45/100\n|-damage|p2b: Incineroar|78/100\n|move|p2a: Crabominable|Drain Punch|p1b: Sinistcha\n|-immune|p1b: Sinistcha\n|\n|upkeep\n|turn|3\n|\n|t:|1776424330\n|move|p1a: Floette|Protect|p1a: Floette\n|-singleturn|p1a: Floette|Protect\n|move|p2b: Incineroar|Fake Out|p1a: Floette\n|-activate|p1a: Floette|move: Protect\n|move|p1b: Sinistcha|Matcha Gotcha|p2b: Incineroar|[spread] p2a,p2b\n|-resisted|p2b: Incineroar|1\n|-damage|p2a: Crabominable|24/100\n|-damage|p2b: Incineroar|68/100\n|move|p2a: Crabominable|Ice Hammer|p1b: Sinistcha|[miss]\n|-miss|p2a: Crabominable|p1b: Sinistcha\n|\n|upkeep\n|turn|4\n|\n|t:|1776424336\n|move|p1a: Floette|Dazzling Gleam|p2a: Crabominable|[spread] p2a,p2b\n|-supereffective|p2a: Crabominable|1\n|-crit|p2b: Incineroar\n|-damage|p2a: Crabominable|0 fnt\n|-damage|p2b: Incineroar|11/100\n|-enditem|p2b: Incineroar|Sitrus Berry|[eat]\n|-heal|p2b: Incineroar|36/100|[from] item: Sitrus Berry\n|faint|p2a: Crabominable\n|move|p1b: Sinistcha|Matcha Gotcha|p2b: Incineroar\n|-resisted|p2b: Incineroar|1\n|-damage|p2b: Incineroar|25/100\n|move|p2b: Incineroar|Flare Blitz|p1a: Floette\n|-damage|p1a: Floette|0 fnt\n|faint|p1a: Floette\n|-damage|p2b: Incineroar|10/100|[from] Recoil\n|\n|upkeep\n|\n|t:|1776424342\n|switch|p1a: Kingambit|Kingambit, L50, F|100/100\n|switch|p2a: Basculegion|Basculegion, L50, M|100/100\n|turn|5\n|\n|t:|1776424347\n|move|p2a: Basculegion|Last Respects|p1b: Sinistcha\n|-supereffective|p1b: Sinistcha|1\n|-damage|p1b: Sinistcha|0 fnt\n|faint|p1b: Sinistcha\n|move|p2b: Incineroar|Flare Blitz|p1a: Kingambit\n|-supereffective|p1a: Kingambit|1\n|-damage|p1a: Kingambit|36/100\n|-damage|p2b: Incineroar|0 fnt|[from] Recoil\n|faint|p2b: Incineroar\n|move|p1a: Kingambit|Kowtow Cleave|p2a: Basculegion\n|-supereffective|p2a: Basculegion|1\n|-crit|p2a: Basculegion\n|-damage|p2a: Basculegion|0 fnt\n|faint|p2a: Basculegion\n|\n|win|fangyusuhe\n|raw|fangyusuhe's rating: 1381 &rarr; <strong>1403</strong><br />(+22 for winning)\n|raw|Ongalabong's rating: 1410 &rarr; <strong>1388</strong><br />(-22 for losing)\n",
  "uploadtime": 1776424353,
  "views": 64,
  "formatid": "gen9championsvgc2026regma",
  "rating": 1388,
  "private": 0,
  "password": null
}