{
  "id": "gen9championsvgc2026regma-2583327935",
  "format": "[Gen 9 Champions] VGC 2026 Reg M-A",
  "players": [
    "FerQ80",
    "busterblader95"
  ],
  "log": "|j|\u2606FerQ80\n|j|\u2606busterblader95\n|t:|1776167284\n|gametype|doubles\n|player|p1|FerQ80|n|1020\n|player|p2|busterblader95|102|1029\n|gen|9\n|tier|[Gen 9 Champions] VGC 2026 Reg M-A\n|rated|\n|rule|Species Clause: Limit one of each Pok\u00e9mon\n|rule|Item Clause: Limit 1 of each item\n|clearpoke\n|poke|p1|Hawlucha, L50, F|\n|poke|p1|Kingambit, L50, F|\n|poke|p1|Hippowdon, L50, F|\n|poke|p1|Incineroar, L50, M|\n|poke|p1|Slowking-Galar, L50, F|\n|poke|p1|Volcarona, L50, M|\n|poke|p2|Pelipper, L50, F|\n|poke|p2|Dragonite, L50, M|\n|poke|p2|Archaludon, L50, F|\n|poke|p2|Basculegion, L50, M|\n|poke|p2|Sneasler, L50, F|\n|poke|p2|Rotom-Heat, L50|\n|teampreview|4\n|inactive|Battle timer is ON: inactive players will automatically lose when time's up. (requested by busterblader95)\n|inactive|FerQ80 has 60 seconds left.\n|inactive|FerQ80 has 30 seconds left.\n|inactive|FerQ80 has 20 seconds left.\n|inactive|FerQ80 has 15 seconds left.\n|\n|t:|1776167369\n|teamsize|p1|4\n|teamsize|p2|4\n|start\n|switch|p1a: Incineroar|Incineroar, L50, M, shiny|100/100\n|switch|p1b: Kingambit|Kingambit, L50, F|100/100\n|switch|p2a: Pelipper|Pelipper, L50, F|100/100\n|switch|p2b: Dragonite|Dragonite, L50, M|100/100\n|-weather|RainDance|[from] ability: Drizzle|[of] p2a: Pelipper\n|-ability|p1a: Incineroar|Intimidate|boost\n|-unboost|p2a: Pelipper|atk|1\n|-unboost|p2b: Dragonite|atk|1\n|turn|1\n|inactive|FerQ80 has 30 seconds left.\n|inactive|FerQ80 has 20 seconds left.\n|inactive|FerQ80 has 15 seconds left.\n|inactive|FerQ80 has 10 seconds left.\n|inactive|FerQ80 has 5 seconds left.\n|\n|t:|1776167419\n|switch|p1b: Hippowdon|Hippowdon, L50, F|100/100\n|-weather|Sandstorm|[from] ability: Sand Stream|[of] p1b: Hippowdon\n|detailschange|p2b: Dragonite|Dragonite-Mega, L50, M\n|-mega|p2b: Dragonite|Dragonite|Dragoninite\n|move|p1a: Incineroar|Fake Out|p2b: Dragonite\n|-damage|p2b: Dragonite|95/100\n|cant|p2b: Dragonite|flinch\n|move|p2a: Pelipper|Weather Ball|p1a: Incineroar\n|-supereffective|p1a: Incineroar|1\n|-damage|p1a: Incineroar|59/100\n|\n|-weather|Sandstorm|[upkeep]\n|-damage|p2b: Dragonite|89/100|[from] Sandstorm\n|-damage|p2a: Pelipper|95/100|[from] Sandstorm\n|-damage|p1a: Incineroar|53/100|[from] Sandstorm\n|upkeep\n|turn|2\n|inactive|FerQ80 has 30 seconds left.\n|inactive|busterblader95 has 30 seconds left.\n|inactive|busterblader95 has 20 seconds left.\n|inactive|busterblader95 has 15 seconds left.\n|\n|t:|1776167460\n|switch|p2a: Sneasler|Sneasler, L50, F|100/100\n|move|p2b: Dragonite|Hurricane|p1a: Incineroar\n|-damage|p1a: Incineroar|2/100\n|move|p1a: Incineroar|Parting Shot|p2b: Dragonite\n|-unboost|p2b: Dragonite|atk|1\n|-unboost|p2b: Dragonite|spa|1\n|\n|t:|1776167474\n|switch|p1a: Hawlucha|Hawlucha, L50, F|100/100|[from] Parting Shot\n|move|p1b: Hippowdon|Stealth Rock|p2a: Sneasler\n|-sidestart|p2: busterblader95|move: Stealth Rock\n|\n|-weather|Sandstorm|[upkeep]\n|-damage|p2a: Sneasler|95/100|[from] Sandstorm\n|-damage|p1a: Hawlucha|95/100|[from] Sandstorm\n|-damage|p2b: Dragonite|83/100|[from] Sandstorm\n|upkeep\n|turn|3\n|\n|t:|1776167498\n|switch|p2a: Pelipper|Pelipper, L50, F|95/100\n|-damage|p2a: Pelipper|70/100|[from] Stealth Rock\n|-weather|RainDance|[from] ability: Drizzle|[of] p2a: Pelipper\n|detailschange|p1a: Hawlucha|Hawlucha-Mega, L50, F\n|-mega|p1a: Hawlucha|Hawlucha|Hawluchanite\n|move|p1a: Hawlucha|Rock Slide|p2a: Pelipper|[spread] p2a,p2b\n|-supereffective|p2a: Pelipper|1\n|-supereffective|p2b: Dragonite|1\n|-damage|p2a: Pelipper|14/100\n|-damage|p2b: Dragonite|45/100\n|cant|p2b: Dragonite|flinch\n|move|p1b: Hippowdon|Earthquake|p2a: Pelipper|[spread] \n|-immune|p1a: Hawlucha\n|-immune|p2a: Pelipper\n|-immune|p2b: Dragonite\n|\n|-weather|RainDance|[upkeep]\n|upkeep\n|turn|4\n|n|!busterblader95|busterblader95\n|inactive|FerQ80 has 30 seconds left.\n|inactive|busterblader95 has 30 seconds left.\n|\n|t:|1776167532\n|switch|p1b: Kingambit|Kingambit, L50, F|100/100\n|move|p1a: Hawlucha|Entrainment|p1b: Kingambit\n|-ability|p1b: Kingambit|No Guard|Defiant|[from] move: Entrainment|[of] p1a: Hawlucha\n|move|p2b: Dragonite|Hurricane|p1a: Hawlucha\n|-supereffective|p1a: Hawlucha|1\n|-crit|p1a: Hawlucha\n|-damage|p1a: Hawlucha|0 fnt\n|faint|p1a: Hawlucha\n|move|p2a: Pelipper|Weather Ball|p1b: Kingambit\n|-damage|p1b: Kingambit|19/100\n|\n|-weather|RainDance|[upkeep]\n|upkeep\n|\n|t:|1776167547\n|switch|p1a: Hippowdon|Hippowdon, L50, F|100/100\n|-weather|Sandstorm|[from] ability: Sand Stream|[of] p1a: Hippowdon\n|turn|5\n|\n|t:|1776167569\n|switch|p2a: Sneasler|Sneasler, L50, F|95/100\n|-damage|p2a: Sneasler|89/100|[from] Stealth Rock\n|move|p1a: Hippowdon|Protect|p1a: Hippowdon\n|-singleturn|p1a: Hippowdon|Protect\n|move|p1b: Kingambit|Guillotine|p2b: Dragonite\n|-damage|p2b: Dragonite|0 fnt\n|faint|p2b: Dragonite\n|-ohko\n|\n|-weather|Sandstorm|[upkeep]\n|-damage|p2a: Sneasler|83/100|[from] Sandstorm\n|upkeep\n|\n|t:|1776167592\n|switch|p2b: Pelipper|Pelipper, L50, F|14/100\n|-damage|p2b: Pelipper|0 fnt|[from] Stealth Rock\n|faint|p2b: Pelipper\n|\n|t:|1776167594\n|switch|p2b: Basculegion|Basculegion, L50, M|100/100\n|-damage|p2b: Basculegion|88/100|[from] Stealth Rock\n|turn|6\n|\n|t:|1776167618\n|move|p2a: Sneasler|Protect|p2a: Sneasler\n|-singleturn|p2a: Sneasler|Protect\n|move|p1b: Kingambit|Guillotine|p2a: Sneasler\n|-activate|p2a: Sneasler|move: Protect\n|move|p2b: Basculegion|Wave Crash|p1b: Kingambit\n|-damage|p1b: Kingambit|0 fnt\n|faint|p1b: Kingambit\n|-damage|p2b: Basculegion|83/100|[from] Recoil\n|move|p1a: Hippowdon|Slack Off||[still]\n|-fail|p1a: Hippowdon|heal\n|\n|-weather|Sandstorm|[upkeep]\n|-damage|p2a: Sneasler|78/100|[from] Sandstorm\n|-damage|p2b: Basculegion|77/100|[from] Sandstorm\n|upkeep\n|\n|t:|1776167632\n|switch|p1b: Incineroar|Incineroar, L50, M, shiny|2/100\n|-ability|p1b: Incineroar|Intimidate|boost\n|-unboost|p2a: Sneasler|atk|1\n|-unboost|p2b: Basculegion|atk|1\n|-enditem|p2a: Sneasler|White Herb\n|-clearnegativeboost|p2a: Sneasler|[silent]\n|turn|7\n|\n|t:|1776167655\n|move|p1a: Hippowdon|Protect|p1a: Hippowdon\n|-singleturn|p1a: Hippowdon|Protect\n|move|p2a: Sneasler|Dire Claw|p1b: Incineroar\n|-damage|p1b: Incineroar|0 fnt\n|faint|p1b: Incineroar\n|move|p2b: Basculegion|Wave Crash|p1a: Hippowdon\n|-activate|p1a: Hippowdon|move: Protect\n|\n|-weather|Sandstorm|[upkeep]\n|-damage|p2a: Sneasler|72/100|[from] Sandstorm\n|-damage|p2b: Basculegion|71/100|[from] Sandstorm\n|upkeep\n|turn|8\n|\n|t:|1776167668\n|move|p2a: Sneasler|Close Combat|p1a: Hippowdon\n|-damage|p1a: Hippowdon|67/100\n|-unboost|p2a: Sneasler|def|1\n|-unboost|p2a: Sneasler|spd|1\n|move|p2b: Basculegion|Wave Crash|p1a: Hippowdon\n|-supereffective|p1a: Hippowdon|1\n|-damage|p1a: Hippowdon|8/100\n|-damage|p2b: Basculegion|49/100|[from] Recoil\n|move|p1a: Hippowdon|Earthquake|p2b: Basculegion|[spread] p2a,p2b\n|-supereffective|p2a: Sneasler|1\n|-damage|p2a: Sneasler|0 fnt\n|-damage|p2b: Basculegion|14/100\n|faint|p2a: Sneasler\n|\n|-weather|Sandstorm|[upkeep]\n|-damage|p2b: Basculegion|8/100|[from] Sandstorm\n|-heal|p1a: Hippowdon|14/100|[from] item: Leftovers\n|upkeep\n|turn|9\n|\n|t:|1776167686\n|move|p1a: Hippowdon|Protect|p1a: Hippowdon\n|-singleturn|p1a: Hippowdon|Protect\n|move|p2b: Basculegion|Last Respects|p1a: Hippowdon\n|-activate|p1a: Hippowdon|move: Protect\n|\n|-weather|none\n|-heal|p1a: Hippowdon|20/100|[from] item: Leftovers\n|upkeep\n|turn|10\n|\n|t:|1776167701\n|move|p2b: Basculegion|Wave Crash|p1a: Hippowdon\n|-supereffective|p1a: Hippowdon|1\n|-damage|p1a: Hippowdon|0 fnt\n|faint|p1a: Hippowdon\n|-damage|p2b: Basculegion|0 fnt|[from] Recoil\n|faint|p2b: Basculegion\n|\n|win|busterblader95\n",
  "uploadtime": 1776167513,
  "views": 12,
  "formatid": "gen9championsvgc2026regma",
  "rating": null,
  "private": 0,
  "password": null
}