{
  "id": "gen9championsvgc2026regma-2588779994",
  "format": "[Gen 9 Champions] VGC 2026 Reg M-A",
  "players": [
    "xepher008",
    "BlueMeltan"
  ],
  "log": "|j|\u2606xepher008\n|j|\u2606BlueMeltan\n|t:|1776669820\n|gametype|doubles\n|player|p1|xepher008|265|1060\n|player|p2|BlueMeltan|265|1012\n|gen|9\n|tier|[Gen 9 Champions] VGC 2026 Reg M-A\n|rated|\n|rule|Species Clause: Limit one of each Pok\u00e9mon\n|rule|Item Clause: Limit 1 of each item\n|clearpoke\n|poke|p1|Gengar, L50, M|\n|poke|p1|Incineroar, L50, F|\n|poke|p1|Milotic, L50, F, shiny|\n|poke|p1|Heracross, L50, F|\n|poke|p1|Tyranitar, L50, F|\n|poke|p1|Scizor, L50, F|\n|poke|p2|Charizard, L50, M|\n|poke|p2|Gyarados, L50, M|\n|poke|p2|Sinistcha, L50, shiny|\n|poke|p2|Aegislash, L50, F, shiny|\n|poke|p2|Empoleon, L50, M|\n|poke|p2|Farigiraf, L50, F|\n|teampreview|4\n|\n|t:|1776669867\n|teamsize|p1|4\n|teamsize|p2|4\n|start\n|switch|p1a: Heracross|Heracross, L50, F|100/100\n|switch|p1b: Milotic|Milotic, L50, F, shiny|100/100\n|switch|p2a: Aegislash|Aegislash, L50, F, shiny|100/100\n|switch|p2b: Empoleon|Empoleon, L50, M|100/100\n|turn|1\n|inactive|Battle timer is ON: inactive players will automatically lose when time's up. (requested by xepher008)\n|\n|t:|1776669915\n|move|p1a: Heracross|Close Combat|p2b: Empoleon\n|-supereffective|p2b: Empoleon|1\n|-enditem|p2b: Empoleon|Focus Sash\n|-damage|p2b: Empoleon|1/100\n|-unboost|p1a: Heracross|def|1\n|-unboost|p1a: Heracross|spd|1\n|move|p1b: Milotic|Scald|p2a: Aegislash\n|-damage|p2a: Aegislash|70/100\n|move|p2b: Empoleon|Grass Knot|p1b: Milotic\n|-supereffective|p1b: Milotic|1\n|-damage|p1b: Milotic|51/100\n|-formechange|p2a: Aegislash|Aegislash-Blade|\n|move|p2a: Aegislash|Iron Head|p1a: Heracross\n|-damage|p1a: Heracross|13/100\n|\n|-heal|p1b: Milotic|57/100|[from] item: Leftovers\n|upkeep\n|turn|2\n|inactive|xepher008 has 30 seconds left.\n|inactive|BlueMeltan has 30 seconds left.\n|inactive|BlueMeltan has 20 seconds left.\n|\n|t:|1776669953\n|switch|p1a: Tyranitar|Tyranitar, L50, F|100/100\n|-weather|Sandstorm|[from] ability: Sand Stream|[of] p1a: Tyranitar\n|switch|p2b: Charizard|Charizard, L50, M|100/100\n|move|p2a: Aegislash|Protect|p2a: Aegislash\n|-singleturn|p2a: Aegislash|Protect\n|move|p1b: Milotic|Icy Wind|p2b: Charizard|[spread] p2b\n|-activate|p2a: Aegislash|move: Protect\n|-damage|p2b: Charizard|87/100\n|-unboost|p2b: Charizard|spe|1\n|\n|-weather|Sandstorm|[upkeep]\n|-damage|p1b: Milotic|51/100|[from] Sandstorm\n|-damage|p2b: Charizard|81/100|[from] Sandstorm\n|-heal|p1b: Milotic|57/100|[from] item: Leftovers\n|upkeep\n|turn|3\n|inactive|xepher008 has 30 seconds left.\n|inactive|BlueMeltan has 30 seconds left.\n|\n|t:|1776669980\n|switch|p1a: Heracross|Heracross, L50, F|13/100\n|detailschange|p2b: Charizard|Charizard-Mega-X, L50, M\n|-mega|p2b: Charizard|Charizard|Charizardite X\n|move|p1b: Milotic|Protect|p1b: Milotic\n|-singleturn|p1b: Milotic|Protect\n|move|p2a: Aegislash|Sacred Sword|p1a: Heracross\n|-resisted|p1a: Heracross|1\n|-damage|p1a: Heracross|0 fnt\n|faint|p1a: Heracross\n|move|p2b: Charizard|Dragon Claw|p1b: Milotic\n|-activate|p1b: Milotic|move: Protect\n|\n|-weather|Sandstorm|[upkeep]\n|-damage|p1b: Milotic|51/100|[from] Sandstorm\n|-damage|p2b: Charizard|75/100|[from] Sandstorm\n|-heal|p1b: Milotic|57/100|[from] item: Leftovers\n|upkeep\n|\n|t:|1776669998\n|switch|p1a: Tyranitar|Tyranitar, L50, F|100/100\n|turn|4\n|\n|t:|1776670023\n|move|p1b: Milotic|Scald|p2a: Aegislash\n|-damage|p2a: Aegislash|0 fnt\n|faint|p2a: Aegislash\n|move|p1a: Tyranitar|Rock Slide|p2b: Charizard\n|-supereffective|p2b: Charizard|1\n|-damage|p2b: Charizard|0 fnt\n|faint|p2b: Charizard\n|\n|-weather|Sandstorm|[upkeep]\n|-damage|p1b: Milotic|51/100|[from] Sandstorm\n|-heal|p1b: Milotic|57/100|[from] item: Leftovers\n|upkeep\n|\n|t:|1776670036\n|switch|p2b: Empoleon|Empoleon, L50, M|1/100\n|switch|p2a: Gyarados|Gyarados, L50, M|100/100\n|-ability|p2a: Gyarados|Intimidate|boost\n|-unboost|p1a: Tyranitar|atk|1\n|-unboost|p1b: Milotic|atk|1\n|-ability|p1b: Milotic|Competitive|boost\n|-boost|p1b: Milotic|spa|2\n|turn|5\n|\n|t:|1776670052\n|move|p2b: Empoleon|Vacuum Wave|p1a: Tyranitar\n|-supereffective|p1a: Tyranitar|2\n|-enditem|p1a: Tyranitar|Chople Berry|[eat]\n|-enditem|p1a: Tyranitar|Chople Berry|[weaken]\n|-damage|p1a: Tyranitar|83/100\n|move|p1b: Milotic|Scald|p2a: Gyarados\n|-resisted|p2a: Gyarados|1\n|-damage|p2a: Gyarados|71/100\n|move|p2a: Gyarados|Earthquake|p1a: Tyranitar|[spread] p2b,p1a,p1b\n|-supereffective|p2b: Empoleon|1\n|-supereffective|p1a: Tyranitar|1\n|-damage|p2b: Empoleon|0 fnt\n|-damage|p1a: Tyranitar|43/100\n|-damage|p1b: Milotic|35/100\n|faint|p2b: Empoleon\n|move|p1a: Tyranitar|Rock Slide|p2a: Gyarados\n|-supereffective|p2a: Gyarados|1\n|-damage|p2a: Gyarados|7/100\n|\n|-weather|Sandstorm|[upkeep]\n|-damage|p1b: Milotic|28/100|[from] Sandstorm\n|-damage|p2a: Gyarados|1/100|[from] Sandstorm\n|-heal|p1b: Milotic|35/100|[from] item: Leftovers\n|upkeep\n|turn|6\n|\n|t:|1776670074\n|move|p1b: Milotic|Protect|p1b: Milotic\n|-singleturn|p1b: Milotic|Protect\n|move|p1a: Tyranitar|Protect|p1a: Tyranitar\n|-singleturn|p1a: Tyranitar|Protect\n|move|p2a: Gyarados|Earthquake|p1b: Milotic|[spread] \n|-activate|p1a: Tyranitar|move: Protect\n|-activate|p1b: Milotic|move: Protect\n|\n|-weather|none\n|-heal|p1b: Milotic|41/100|[from] item: Leftovers\n|upkeep\n|turn|7\n|\n|t:|1776670097\n|move|p1b: Milotic|Scald|p2a: Gyarados\n|-resisted|p2a: Gyarados|1\n|-damage|p2a: Gyarados|0 fnt\n|faint|p2a: Gyarados\n|\n|win|xepher008\n|raw|xepher008's rating: 1060 &rarr; <strong>1087</strong><br />(+27 for winning)\n|raw|BlueMeltan's rating: 1012 &rarr; <strong>1002</strong><br />(-10 for losing)\n|l|\u2606BlueMeltan\n|player|p2|\n",
  "uploadtime": 1776670296,
  "views": 11,
  "formatid": "gen9championsvgc2026regma",
  "rating": 1002,
  "private": 0,
  "password": null
}