{
  "id": "gen9championsvgc2026regma-2580715255",
  "format": "[Gen 9 Champions] VGC 2026 Reg M-A",
  "players": [
    "WhiteBoySharia",
    "Okanial"
  ],
  "log": "|j|\u2606WhiteBoySharia\n|j|\u2606Okanial\n|t:|1775926581\n|gametype|doubles\n|player|p1|WhiteBoySharia|kieran|1179\n|player|p2|Okanial|170|1237\n|gen|9\n|tier|[Gen 9 Champions] VGC 2026 Reg M-A\n|rated|\n|rule|Species Clause: Limit one of each Pok\u00e9mon\n|rule|Item Clause: Limit 1 of each item\n|clearpoke\n|poke|p1|Floette-Eternal, L50, F|\n|poke|p1|Archaludon, L50, M|\n|poke|p1|Whimsicott, L50, F|\n|poke|p1|Incineroar, L50, M|\n|poke|p1|Palafin, L50, M|\n|poke|p1|Sneasler, L50, F|\n|poke|p2|Crabominable, L50, F|\n|poke|p2|Sinistcha, L50|\n|poke|p2|Raichu, L50, F|\n|poke|p2|Milotic, L50, M|\n|poke|p2|Garchomp, L50, F|\n|poke|p2|Incineroar, L50, M|\n|teampreview|4\n|inactive|Battle timer is ON: inactive players will automatically lose when time's up. (requested by WhiteBoySharia)\n|\n|t:|1775926610\n|teamsize|p1|4\n|teamsize|p2|4\n|start\n|switch|p1a: Floette|Floette-Eternal, L50, F|100/100\n|switch|p1b: Whimsicott|Whimsicott, L50, F, shiny|100/100\n|switch|p2a: Sinistcha|Sinistcha, L50|100/100\n|switch|p2b: Crabominable|Crabominable, L50, F|100/100\n|turn|1\n|\n|t:|1775926625\n|detailschange|p1a: Floette|Floette-Mega, L50, F\n|-mega|p1a: Floette|Floette|Floettite\n|-ability|p1a: Floette|Fairy Aura\n|move|p2b: Crabominable|Protect|p2b: Crabominable\n|-singleturn|p2b: Crabominable|Protect\n|move|p1a: Floette|Dazzling Gleam|p2a: Sinistcha|[spread] p2a\n|-activate|p2b: Crabominable|move: Protect\n|-damage|p2a: Sinistcha|56/100\n|move|p1b: Whimsicott|Moonblast|p2b: Crabominable\n|-activate|p2b: Crabominable|move: Protect\n|move|p2a: Sinistcha|Trick Room|p2a: Sinistcha\n|-fieldstart|move: Trick Room|[of] p2a: Sinistcha\n|\n|upkeep\n|turn|2\n|\n|t:|1775926655\n|detailschange|p2b: Crabominable|Crabominable-Mega, L50, F\n|-mega|p2b: Crabominable|Crabominable|Crabominite\n|move|p2a: Sinistcha|Rage Powder|p2a: Sinistcha\n|-singleturn|p2a: Sinistcha|move: Rage Powder\n|move|p1b: Whimsicott|Encore|p2a: Sinistcha\n|-start|p2a: Sinistcha|Encore\n|-enditem|p2a: Sinistcha|Mental Herb\n|-end|p2a: Sinistcha|Encore\n|move|p2b: Crabominable|Ice Hammer|p1a: Floette|[miss]\n|-miss|p2b: Crabominable|p1a: Floette\n|move|p1a: Floette|Dazzling Gleam|p2a: Sinistcha|[spread] p2a,p2b\n|-supereffective|p2b: Crabominable|1\n|-damage|p2a: Sinistcha|12/100\n|-damage|p2b: Crabominable|25/100\n|\n|upkeep\n|turn|3\n|\n|t:|1775926674\n|move|p1a: Floette|Protect|p1a: Floette\n|-singleturn|p1a: Floette|Protect\n|move|p2a: Sinistcha|Rage Powder|p2a: Sinistcha\n|-singleturn|p2a: Sinistcha|move: Rage Powder\n|move|p1b: Whimsicott|Encore|p2a: Sinistcha\n|-start|p2a: Sinistcha|Encore\n|move|p2b: Crabominable|Ice Hammer|p1a: Floette\n|-activate|p1a: Floette|move: Protect\n|\n|upkeep\n|turn|4\n|\n|t:|1775926691\n|move|p2a: Sinistcha|Rage Powder|p2a: Sinistcha\n|-singleturn|p2a: Sinistcha|move: Rage Powder\n|move|p2b: Crabominable|Ice Hammer|p1a: Floette\n|-damage|p1a: Floette|0 fnt\n|-unboost|p2b: Crabominable|spe|1\n|faint|p1a: Floette\n|move|p1b: Whimsicott|Moonblast|p2b: Crabominable\n|-supereffective|p2b: Crabominable|1\n|-damage|p2b: Crabominable|0 fnt\n|faint|p2b: Crabominable\n|\n|upkeep\n|\n|t:|1775926706\n|switch|p2b: Incineroar|Incineroar, L50, M|100/100\n|switch|p1a: Archaludon|Archaludon, L50, M|100/100\n|-ability|p2b: Incineroar|Intimidate|boost\n|-unboost|p1a: Archaludon|atk|1\n|-unboost|p1b: Whimsicott|atk|1\n|turn|5\n|\n|t:|1775926717\n|move|p2a: Sinistcha|Rage Powder|p2a: Sinistcha\n|-singleturn|p2a: Sinistcha|move: Rage Powder\n|move|p2b: Incineroar|Flare Blitz|p1b: Whimsicott\n|-supereffective|p1b: Whimsicott|1\n|-damage|p1b: Whimsicott|0 fnt\n|faint|p1b: Whimsicott\n|-damage|p2b: Incineroar|73/100|[from] Recoil\n|move|p1a: Archaludon|Snarl|p2b: Incineroar|[spread] p2a\n|-miss|p1a: Archaludon|p2b: Incineroar\n|-supereffective|p2a: Sinistcha|1\n|-damage|p2a: Sinistcha|0 fnt\n|faint|p2a: Sinistcha\n|\n|-fieldend|move: Trick Room\n|upkeep\n|\n|t:|1775926729\n|switch|p1b: Sneasler|Sneasler, L50, F|100/100\n|switch|p2a: Milotic|Milotic, L50, M|100/100\n|turn|6\n|\n|t:|1775926743\n|move|p2a: Milotic|Protect|p2a: Milotic\n|-singleturn|p2a: Milotic|Protect\n|move|p1b: Sneasler|Fake Out|p2b: Incineroar\n|-damage|p2b: Incineroar|59/100\n|move|p1a: Archaludon|Electro Shot||[still]\n|-prepare|p1a: Archaludon|Electro Shot\n|-boost|p1a: Archaludon|spa|1\n|cant|p2b: Incineroar|flinch\n|\n|upkeep\n|turn|7\n|\n|t:|1775926754\n|move|p1b: Sneasler|Close Combat|p2b: Incineroar\n|-supereffective|p2b: Incineroar|1\n|-damage|p2b: Incineroar|0 fnt\n|-unboost|p1b: Sneasler|def|1\n|-unboost|p1b: Sneasler|spd|1\n|faint|p2b: Incineroar\n|move|p2a: Milotic|Muddy Water|p1a: Archaludon|[spread] \n|-miss|p2a: Milotic|p1a: Archaludon\n|-miss|p2a: Milotic|p1b: Sneasler\n|move|p1a: Archaludon|Electro Shot|p2a: Milotic|[from] lockedmove\n|-supereffective|p2a: Milotic|1\n|-damage|p2a: Milotic|17/100\n|-enditem|p2a: Milotic|Sitrus Berry|[eat]\n|-heal|p2a: Milotic|42/100|[from] item: Sitrus Berry\n|\n|upkeep\n|turn|8\n|-message|Okanial forfeited.\n|\n|win|WhiteBoySharia\n|raw|WhiteBoySharia's rating: 1179 &rarr; <strong>1208</strong><br />(+29 for winning)\n|raw|Okanial's rating: 1237 &rarr; <strong>1208</strong><br />(-29 for losing)\n|l|\u2606Okanial\n|player|p2|\n",
  "uploadtime": 1775926766,
  "views": 18,
  "formatid": "gen9championsvgc2026regma",
  "rating": 1208,
  "private": 0,
  "password": null
}