{
  "id": "gen9championsvgc2026regma-2589446379",
  "format": "[Gen 9 Champions] VGC 2026 Reg M-A",
  "players": [
    "arkgaming_",
    "Pabrotti"
  ],
  "log": "|j|\u2606arkgaming_\n|j|\u2606Pabrotti\n|t:|1776723667\n|gametype|doubles\n|player|p1|arkgaming_|102|1124\n|player|p2|Pabrotti|rosa|1144\n|gen|9\n|tier|[Gen 9 Champions] VGC 2026 Reg M-A\n|rated|\n|rule|Species Clause: Limit one of each Pok\u00e9mon\n|rule|Item Clause: Limit 1 of each item\n|clearpoke\n|poke|p1|Charizard, L50, M|\n|poke|p1|Aerodactyl, L50, F|\n|poke|p1|Sneasler, L50, F|\n|poke|p1|Incineroar, L50, M|\n|poke|p1|Meganium, L50, F|\n|poke|p1|Garchomp, L50, F|\n|poke|p2|Charizard, L50, M, shiny|\n|poke|p2|Kangaskhan, L50, F, shiny|\n|poke|p2|Sinistcha-Masterpiece, L50|\n|poke|p2|Azumarill, L50, F, shiny|\n|poke|p2|Aegislash, L50, M, shiny|\n|poke|p2|Aerodactyl, L50, M, shiny|\n|teampreview|4\n|\n|t:|1776723695\n|teamsize|p1|4\n|teamsize|p2|4\n|start\n|switch|p1a: Meganium|Meganium, L50, F|100/100\n|switch|p1b: Aerodactyl|Aerodactyl, L50, F|100/100\n|switch|p2a: Aerodactyl|Aerodactyl, L50, M, shiny|100/100\n|switch|p2b: Kangaskhan|Kangaskhan, L50, F, shiny|100/100\n|-ability|p1b: Aerodactyl|Unnerve\n|-ability|p2a: Aerodactyl|Unnerve\n|turn|1\n|\n|t:|1776723709\n|switch|p1a: Incineroar|Incineroar, L50, M|100/100\n|-ability|p1a: Incineroar|Intimidate|boost\n|-unboost|p2a: Aerodactyl|atk|1\n|-fail|p2b: Kangaskhan|unboost|Attack|[from] ability: Inner Focus|[of] p2b: Kangaskhan\n|detailschange|p2b: Kangaskhan|Kangaskhan-Mega, L50, F, shiny\n|-mega|p2b: Kangaskhan|Kangaskhan|Kangaskhanite\n|move|p2b: Kangaskhan|Fake Out|p1b: Aerodactyl\n|-resisted|p1b: Aerodactyl|1\n|-damage|p1b: Aerodactyl|83/100\n|-resisted|p1b: Aerodactyl|1\n|-damage|p1b: Aerodactyl|79/100\n|-hitcount|p1b: Aerodactyl|2\n|cant|p1b: Aerodactyl|flinch\n|move|p2a: Aerodactyl|Tailwind|p2a: Aerodactyl\n|-sidestart|p2: Pabrotti|move: Tailwind\n|\n|upkeep\n|turn|2\n|\n|t:|1776723734\n|move|p1a: Incineroar|Fake Out|p2b: Kangaskhan\n|-damage|p2b: Kangaskhan|90/100\n|move|p2a: Aerodactyl|Rock Slide|p1a: Incineroar|[spread] p1b\n|-miss|p2a: Aerodactyl|p1a: Incineroar\n|-supereffective|p1b: Aerodactyl|1\n|-damage|p1b: Aerodactyl|26/100\n|cant|p2b: Kangaskhan|flinch\n|cant|p1b: Aerodactyl|flinch\n|\n|upkeep\n|turn|3\n|c|\u2606arkgaming_|bruh\n|\n|t:|1776723749\n|move|p2a: Aerodactyl|Rock Slide|p1a: Incineroar|[spread] p1a,p1b\n|-supereffective|p1a: Incineroar|1\n|-supereffective|p1b: Aerodactyl|1\n|-damage|p1a: Incineroar|70/100\n|-damage|p1b: Aerodactyl|0 fnt\n|faint|p1b: Aerodactyl\n|move|p2b: Kangaskhan|Drain Punch|p1a: Incineroar\n|-supereffective|p1a: Incineroar|1\n|-damage|p1a: Incineroar|19/100\n|-heal|p2b: Kangaskhan|100/100|[from] drain|[of] p1a: Incineroar\n|-supereffective|p1a: Incineroar|1\n|-damage|p1a: Incineroar|7/100\n|-hitcount|p1a: Incineroar|2\n|move|p1a: Incineroar|Parting Shot|p2b: Kangaskhan\n|-unboost|p2b: Kangaskhan|atk|1\n|-unboost|p2b: Kangaskhan|spa|1\n|\n|t:|1776723753\n|switch|p1a: Garchomp|Garchomp, L50, F|100/100|[from] Parting Shot\n|\n|upkeep\n|\n|t:|1776723754\n|switch|p1b: Incineroar|Incineroar, L50, M|7/100\n|-ability|p1b: Incineroar|Intimidate|boost\n|-unboost|p2a: Aerodactyl|atk|1\n|-unboost|p2b: Kangaskhan|atk|1\n|turn|4\n|\n|t:|1776723771\n|switch|p2b: Azumarill|Azumarill, L50, F, shiny|100/100\n|move|p1b: Incineroar|Fake Out|p2a: Aerodactyl\n|-resisted|p2a: Aerodactyl|1\n|-damage|p2a: Aerodactyl|91/100\n|cant|p2a: Aerodactyl|flinch\n|move|p1a: Garchomp|Rock Slide|p2b: Azumarill|[spread] p2a,p2b\n|-supereffective|p2a: Aerodactyl|1\n|-damage|p2a: Aerodactyl|29/100\n|-damage|p2b: Azumarill|81/100\n|\n|-sideend|p2: Pabrotti|move: Tailwind\n|upkeep\n|turn|5\n|\n|t:|1776723785\n|move|p2a: Aerodactyl|Tailwind|p2a: Aerodactyl\n|-sidestart|p2: Pabrotti|move: Tailwind\n|move|p1a: Garchomp|Rock Slide|p2a: Aerodactyl|[spread] p2b\n|-miss|p1a: Garchomp|p2a: Aerodactyl\n|-damage|p2b: Azumarill|62/100\n|move|p2b: Azumarill|Play Rough|p1a: Garchomp\n|-supereffective|p1a: Garchomp|1\n|-damage|p1a: Garchomp|0 fnt\n|-damage|p2b: Azumarill|50/100|[from] ability: Rough Skin|[of] p1a: Garchomp\n|faint|p1a: Garchomp\n|move|p1b: Incineroar|Taunt|p2b: Azumarill\n|-start|p2b: Azumarill|move: Taunt\n|\n|upkeep\n|\n|t:|1776723791\n|switch|p1a: Meganium|Meganium, L50, F|100/100\n|turn|6\n|\n|t:|1776723800\n|detailschange|p1a: Meganium|Meganium-Mega, L50, F\n|-mega|p1a: Meganium|Meganium|Meganiumite\n|move|p2b: Azumarill|Aqua Jet|p1b: Incineroar\n|-supereffective|p1b: Incineroar|1\n|-damage|p1b: Incineroar|0 fnt\n|faint|p1b: Incineroar\n|move|p2a: Aerodactyl|Dual Wingbeat|p1a: Meganium\n|-supereffective|p1a: Meganium|1\n|-damage|p1a: Meganium|84/100\n|-supereffective|p1a: Meganium|1\n|-damage|p1a: Meganium|68/100\n|-hitcount|p1a: Meganium|2\n|move|p1a: Meganium|Solar Beam||[still]\n|-prepare|p1a: Meganium|Solar Beam\n|-activate|p1a: Meganium|ability: Mega Sol\n|-anim|p1a: Meganium|Solar Beam|p2b: Azumarill\n|-supereffective|p2b: Azumarill|1\n|-damage|p2b: Azumarill|0 fnt\n|faint|p2b: Azumarill\n|\n|upkeep\n|\n|t:|1776723805\n|switch|p2b: Kangaskhan|Kangaskhan-Mega, L50, F, shiny|100/100\n|turn|7\n|\n|t:|1776723819\n|move|p1a: Meganium|Protect|p1a: Meganium\n|-singleturn|p1a: Meganium|Protect\n|move|p2a: Aerodactyl|Dual Wingbeat|p1a: Meganium\n|-activate|p1a: Meganium|move: Protect\n|move|p2b: Kangaskhan|Double-Edge|p1a: Meganium\n|-activate|p1a: Meganium|move: Protect\n|\n|upkeep\n|turn|8\n|\n|t:|1776723825\n|move|p1a: Meganium|Protect|p1a: Meganium\n|-singleturn|p1a: Meganium|Protect\n|move|p2a: Aerodactyl|Dual Wingbeat|p1a: Meganium\n|-activate|p1a: Meganium|move: Protect\n|move|p2b: Kangaskhan|Double-Edge|p1a: Meganium\n|-activate|p1a: Meganium|move: Protect\n|\n|-sideend|p2: Pabrotti|move: Tailwind\n|upkeep\n|turn|9\n|\n|t:|1776723833\n|move|p2a: Aerodactyl|Dual Wingbeat|p1a: Meganium\n|-supereffective|p1a: Meganium|1\n|-damage|p1a: Meganium|51/100\n|-supereffective|p1a: Meganium|1\n|-damage|p1a: Meganium|35/100\n|-hitcount|p1a: Meganium|2\n|move|p1a: Meganium|Dazzling Gleam|p2a: Aerodactyl|[spread] p2a,p2b\n|-damage|p2a: Aerodactyl|0 fnt\n|-damage|p2b: Kangaskhan|74/100\n|faint|p2a: Aerodactyl\n|move|p2b: Kangaskhan|Double-Edge|p1a: Meganium\n|-damage|p1a: Meganium|0 fnt\n|faint|p1a: Meganium\n|-hitcount|p1: Meganium|1\n|-damage|p2b: Kangaskhan|65/100|[from] Recoil\n|\n|win|Pabrotti\n|raw|arkgaming_'s rating: 1124 &rarr; <strong>1100</strong><br />(-24 for losing)\n|raw|Pabrotti's rating: 1144 &rarr; <strong>1168</strong><br />(+24 for winning)\n|l|\u2606arkgaming_\n|player|p1|\n",
  "uploadtime": 1776723845,
  "views": 4,
  "formatid": "gen9championsvgc2026regma",
  "rating": 1100,
  "private": 0,
  "password": null
}