{
  "id": "gen9championsvgc2026regma-2583086591",
  "format": "[Gen 9 Champions] VGC 2026 Reg M-A",
  "players": [
    "hi_jpx",
    "statusqo"
  ],
  "log": "|j|\u2606hi_jpx\n|j|\u2606statusqo\n|t:|1776140433\n|gametype|doubles\n|player|p1|hi_jpx|1|1032\n|player|p2|statusqo|265|1000\n|gen|9\n|tier|[Gen 9 Champions] VGC 2026 Reg M-A\n|rated|\n|rule|Species Clause: Limit one of each Pok\u00e9mon\n|rule|Item Clause: Limit 1 of each item\n|clearpoke\n|poke|p1|Archaludon, L50, F|\n|poke|p1|Pelipper, L50, F|\n|poke|p1|Basculegion, L50, M|\n|poke|p1|Dragonite, L50, M|\n|poke|p1|Sneasler, L50, M|\n|poke|p1|Incineroar, L50, F|\n|poke|p2|Sinistcha, L50|\n|poke|p2|Slowbro, L50, F|\n|poke|p2|Drampa, L50, F|\n|poke|p2|Corviknight, L50, F|\n|poke|p2|Rhyperior, L50, M|\n|poke|p2|Kingambit, L50, F|\n|teampreview|4\n|\n|t:|1776140488\n|teamsize|p1|4\n|teamsize|p2|4\n|start\n|switch|p1a: chepe-town|Archaludon, L50, F, shiny|100/100\n|switch|p1b: Tuasa|Sneasler, L50, M|100/100\n|switch|p2a: Slowbro|Slowbro, L50, F|100/100\n|switch|p2b: Drampa|Drampa, L50, F|100/100\n|-ability|p2b: Drampa|Cloud Nine\n|turn|1\n|\n|t:|1776140557\n|switch|p1a: D10S|Pelipper, L50, F|100/100\n|-weather|RainDance|[from] ability: Drizzle|[of] p1a: D10S\n|switch|p2b: Sinistcha|Sinistcha, L50|100/100\n|move|p1b: Tuasa|Fake Out|p2a: Slowbro\n|-crit|p2a: Slowbro\n|-damage|p2a: Slowbro|84/100\n|cant|p2a: Slowbro|flinch\n|\n|-weather|RainDance|[upkeep]\n|upkeep\n|turn|2\n|\n|t:|1776140590\n|switch|p1b: chepe-town|Archaludon, L50, F, shiny|100/100\n|detailschange|p2a: Slowbro|Slowbro-Mega, L50, F\n|-mega|p2a: Slowbro|Slowbro|Slowbronite\n|move|p2b: Sinistcha|Rage Powder|p2b: Sinistcha\n|-singleturn|p2b: Sinistcha|move: Rage Powder\n|move|p1a: D10S|Tailwind|p1a: D10S\n|-sidestart|p1: hi_jpx|move: Tailwind\n|move|p2a: Slowbro|Trick Room|p2a: Slowbro\n|-fieldstart|move: Trick Room|[of] p2a: Slowbro\n|\n|-weather|RainDance|[upkeep]\n|upkeep\n|turn|3\n|\n|t:|1776140628\n|switch|p2a: Drampa|Drampa, L50, F|100/100\n|-ability|p2a: Drampa|Cloud Nine\n|switch|p2b: Rhyperior|Rhyperior, L50, M|100/100\n|move|p1b: chepe-town|Electro Shot||[still]\n|-prepare|p1b: chepe-town|Electro Shot\n|-boost|p1b: chepe-town|spa|1\n|move|p1a: D10S|Hurricane|p2b: Rhyperior\n|-resisted|p2b: Rhyperior|1\n|-damage|p2b: Rhyperior|74/100\n|\n|-weather|RainDance|[upkeep]\n|upkeep\n|turn|4\n|\n|t:|1776140655\n|switch|p1a: Tuasa|Sneasler, L50, M|100/100\n|move|p2b: Rhyperior|Protect|p2b: Rhyperior\n|-singleturn|p2b: Rhyperior|Protect\n|move|p2a: Drampa|Earth Power|p1b: chepe-town\n|-supereffective|p1b: chepe-town|1\n|-damage|p1b: chepe-town|37/100\n|-ability|p1b: chepe-town|Stamina|boost\n|-boost|p1b: chepe-town|def|1\n|move|p1b: chepe-town|Electro Shot|p2b: Rhyperior|[from] lockedmove\n|-activate|p2b: Rhyperior|ability: Lightning Rod\n|-activate|p2b: Rhyperior|move: Protect\n|\n|-weather|RainDance|[upkeep]\n|-heal|p1b: chepe-town|43/100|[from] item: Leftovers\n|upkeep\n|turn|5\n|\n|t:|1776140692\n|move|p1b: chepe-town|Protect|p1b: chepe-town\n|-singleturn|p1b: chepe-town|Protect\n|move|p2a: Drampa|Dragon Pulse|p1b: chepe-town\n|-activate|p1b: chepe-town|move: Protect\n|move|p2b: Rhyperior|High Horsepower|p1a: Tuasa\n|-supereffective|p1a: Tuasa|1\n|-damage|p1a: Tuasa|0 fnt\n|faint|p1a: Tuasa\n|\n|-weather|none\n|-heal|p1b: chepe-town|49/100|[from] item: Leftovers\n|-sideend|p1: hi_jpx|move: Tailwind\n|upkeep\n|\n|t:|1776140703\n|switch|p1a: D10S|Pelipper, L50, F|100/100\n|-weather|RainDance|[from] ability: Drizzle|[of] p1a: D10S\n|turn|6\n|\n|t:|1776140722\n|move|p2a: Drampa|Earth Power|p1b: chepe-town\n|-supereffective|p1b: chepe-town|1\n|-damage|p1b: chepe-town|0 fnt\n|faint|p1b: chepe-town\n|move|p2b: Rhyperior|Stone Edge|p1a: D10S|[miss]\n|-miss|p2b: Rhyperior|p1a: D10S\n|move|p1a: D10S|Tailwind|p1a: D10S\n|-sidestart|p1: hi_jpx|move: Tailwind\n|\n|-weather|RainDance|[upkeep]\n|-fieldend|move: Trick Room\n|upkeep\n|\n|t:|1776140733\n|switch|p1b: Bascule\u00f3n|Basculegion, L50, M|100/100\n|turn|7\n|\n|t:|1776140765\n|move|p1a: D10S|Protect|p1a: D10S\n|-singleturn|p1a: D10S|Protect\n|move|p2b: Rhyperior|Protect|p2b: Rhyperior\n|-singleturn|p2b: Rhyperior|Protect\n|move|p1b: Bascule\u00f3n|Flip Turn|p2b: Rhyperior\n|-activate|p2b: Rhyperior|move: Protect\n|move|p2a: Drampa|Thunderbolt|p2b: Rhyperior\n|-activate|p2b: Rhyperior|ability: Lightning Rod\n|-activate|p2b: Rhyperior|move: Protect\n|\n|-weather|RainDance|[upkeep]\n|upkeep\n|turn|8\n|\n|t:|1776140792\n|switch|p2b: Slowbro|Slowbro-Mega, L50, F|84/100\n|move|p1b: Bascule\u00f3n|Wave Crash|p2a: Drampa\n|-resisted|p2a: Drampa|1\n|-damage|p2a: Drampa|59/100\n|-damage|p1b: Bascule\u00f3n|89/100|[from] Recoil\n|move|p1a: D10S|Hurricane|p2a: Drampa\n|-damage|p2a: Drampa|4/100\n|move|p2a: Drampa|Thunderbolt|p1a: D10S\n|-supereffective|p1a: D10S|2\n|-enditem|p1a: D10S|Focus Sash\n|-damage|p1a: D10S|1/100\n|\n|-weather|RainDance|[upkeep]\n|upkeep\n|turn|9\n|\n|t:|1776140829\n|switch|p2a: Rhyperior|Rhyperior, L50, M|74/100\n|move|p1b: Bascule\u00f3n|Aqua Jet|p2a: Rhyperior\n|-supereffective|p2a: Rhyperior|2\n|-damage|p2a: Rhyperior|0 fnt\n|faint|p2a: Rhyperior\n|move|p1a: D10S|Hurricane|p2b: Slowbro\n|-damage|p2b: Slowbro|45/100\n|-start|p2b: Slowbro|confusion\n|-activate|p2b: Slowbro|confusion\n|move|p2b: Slowbro|Psychic|p1a: D10S\n|-damage|p1a: D10S|0 fnt\n|faint|p1a: D10S\n|\n|-weather|RainDance|[upkeep]\n|-sideend|p1: hi_jpx|move: Tailwind\n|upkeep\n|\n|t:|1776140853\n|switch|p2a: Sinistcha|Sinistcha, L50|100/100\n|-heal|p2b: Slowbro|70/100|[from] ability: Hospitality|[of] p2a: Sinistcha\n|turn|10\n|\n|t:|1776140865\n|move|p2a: Sinistcha|Rage Powder|p2a: Sinistcha\n|-singleturn|p2a: Sinistcha|move: Rage Powder\n|move|p1b: Bascule\u00f3n|Last Respects|p2a: Sinistcha\n|-supereffective|p2a: Sinistcha|1\n|-damage|p2a: Sinistcha|0 fnt\n|faint|p2a: Sinistcha\n|-end|p2b: Slowbro|confusion\n|move|p2b: Slowbro|Trick Room|p2b: Slowbro\n|-fieldstart|move: Trick Room|[of] p2b: Slowbro\n|\n|-weather|none\n|upkeep\n|\n|t:|1776140876\n|switch|p2a: Drampa|Drampa, L50, F|4/100\n|-ability|p2a: Drampa|Cloud Nine\n|turn|11\n|\n|t:|1776140885\n|move|p1b: Bascule\u00f3n|Aqua Jet|p2a: Drampa\n|-resisted|p2a: Drampa|1\n|-damage|p2a: Drampa|0 fnt\n|faint|p2a: Drampa\n|move|p2b: Slowbro|Psychic|p1b: Bascule\u00f3n\n|-damage|p1b: Bascule\u00f3n|45/100\n|\n|upkeep\n|turn|12\n|\n|t:|1776140894\n|move|p2b: Slowbro|Psychic|p1b: Bascule\u00f3n\n|-damage|p1b: Bascule\u00f3n|0 fnt\n|faint|p1b: Bascule\u00f3n\n|\n|win|statusqo\n|raw|hi_jpx's rating: 1032 &rarr; <strong>1016</strong><br />(-16 for losing)\n|raw|statusqo's rating: 1000 &rarr; <strong>1044</strong><br />(+44 for winning)\n|l|\u2606hi_jpx\n|player|p1|\n",
  "uploadtime": 1776140905,
  "views": 20,
  "formatid": "gen9championsvgc2026regma",
  "rating": 1016,
  "private": 0,
  "password": null
}