{
  "id": "gen9championsvgc2026regma-2585940975",
  "format": "[Gen 9 Champions] VGC 2026 Reg M-A",
  "players": [
    "Rokusonno",
    "cookingorcooked2"
  ],
  "log": "|j|\u2606Rokusonno\n|j|\u2606cookingorcooked2\n|t:|1776383454\n|gametype|doubles\n|player|p1|Rokusonno|102|1083\n|player|p2|cookingorcooked2|1|1000\n|gen|9\n|tier|[Gen 9 Champions] VGC 2026 Reg M-A\n|rated|\n|rule|Species Clause: Limit one of each Pok\u00e9mon\n|rule|Item Clause: Limit 1 of each item\n|clearpoke\n|poke|p1|Dragonite, L50, F|\n|poke|p1|Pelipper, L50, M|\n|poke|p1|Aggron, L50, F|\n|poke|p1|Incineroar, L50, M|\n|poke|p1|Basculegion, L50, M|\n|poke|p1|Sinistcha, L50|\n|poke|p2|Golurk, L50|\n|poke|p2|Hatterene, L50, F|\n|poke|p2|Sneasler, L50, F|\n|poke|p2|Maushold-Four, L50|\n|poke|p2|Archaludon, L50, F|\n|poke|p2|Aerodactyl, L50, F|\n|teampreview|4\n|inactive|Battle timer is ON: inactive players will automatically lose when time's up. (requested by cookingorcooked2)\n|\n|t:|1776383546\n|teamsize|p1|4\n|teamsize|p2|4\n|start\n|switch|p1a: Aggron|Aggron, L50, F|100/100\n|switch|p1b: Incineroar|Incineroar, L50, M|100/100\n|switch|p2a: Hatterene|Hatterene, L50, F|100/100\n|switch|p2b: Sneasler|Sneasler, L50, F|100/100\n|-ability|p2b: Sneasler|Pressure\n|-ability|p1b: Incineroar|Intimidate|boost\n|-unboost|p2a: Hatterene|atk|1\n|-unboost|p2b: Sneasler|atk|1\n|-enditem|p2b: Sneasler|White Herb\n|-clearnegativeboost|p2b: Sneasler|[silent]\n|turn|1\n|inactive|Rokusonno has 30 seconds left.\n|inactive|cookingorcooked2 has 30 seconds left.\n|inactive|Rokusonno has 20 seconds left.\n|inactive|Rokusonno has 15 seconds left.\n|inactive|Rokusonno has 10 seconds left.\n|inactive|Rokusonno has 5 seconds left.\n|\n|t:|1776383600\n|switch|p2a: Golurk|Golurk, L50|100/100\n|detailschange|p1a: Aggron|Aggron-Mega, L50, F\n|-mega|p1a: Aggron|Aggron|Aggronite\n|move|p2b: Sneasler|Fake Out|p1a: Aggron\n|-resisted|p1a: Aggron|1\n|-damage|p1a: Aggron|97/100\n|move|p1b: Incineroar|Fake Out|p2a: Golurk\n|-immune|p2a: Golurk\n|cant|p1a: Aggron|flinch\n|\n|upkeep\n|turn|2\n|inactive|Rokusonno has 30 seconds left.\n|inactive|Rokusonno has 20 seconds left.\n|inactive|Rokusonno has 15 seconds left.\n|inactive|Rokusonno has 10 seconds left.\n|inactive|Rokusonno has 5 seconds left.\n|\n|t:|1776383651\n|detailschange|p2a: Golurk|Golurk-Mega, L50\n|-mega|p2a: Golurk|Golurk|Golurkite\n|move|p1a: Aggron|Protect|p1a: Aggron\n|-singleturn|p1a: Aggron|Protect\n|move|p2b: Sneasler|Close Combat|p1b: Incineroar\n|-supereffective|p1b: Incineroar|1\n|-damage|p1b: Incineroar|0 fnt\n|-unboost|p2b: Sneasler|def|1\n|-unboost|p2b: Sneasler|spd|1\n|faint|p1b: Incineroar\n|move|p2a: Golurk|Headlong Rush|p1a: Aggron\n|-supereffective|p1a: Aggron|1\n|-ability|p2a: Golurk|Unseen Fist\n|-zbroken|p1a: Aggron\n|-damage|p1a: Aggron|82/100\n|-unboost|p2a: Golurk|def|1\n|-unboost|p2a: Golurk|spd|1\n|\n|upkeep\n|\n|t:|1776383664\n|switch|p1b: Sinistcha|Sinistcha, L50|100/100\n|-heal|p1a: Aggron|100/100|[from] ability: Hospitality|[of] p1b: Sinistcha\n|turn|3\n|\n|t:|1776383670\n|move|p1b: Sinistcha|Rage Powder|p1b: Sinistcha\n|-singleturn|p1b: Sinistcha|move: Rage Powder\n|move|p2b: Sneasler|Dire Claw|p1b: Sinistcha\n|-damage|p1b: Sinistcha|68/100\n|move|p2a: Golurk|Poltergeist|p1b: Sinistcha\n|-activate|p1b: Sinistcha|move: Poltergeist|Colbur Berry\n|-supereffective|p1b: Sinistcha|1\n|-crit|p1b: Sinistcha\n|-damage|p1b: Sinistcha|0 fnt\n|faint|p1b: Sinistcha\n|move|p1a: Aggron|Iron Defense|p1a: Aggron\n|-boost|p1a: Aggron|def|2\n|\n|upkeep\n|\n|t:|1776383678\n|switch|p1b: Basculegion|Basculegion, L50, M|100/100\n|turn|4\n|\n|t:|1776383699\n|switch|p2a: Maushold|Maushold-Four, L50|100/100\n|move|p1b: Basculegion|Last Respects|p2a: Maushold\n|-immune|p2a: Maushold\n|move|p2b: Sneasler|Close Combat|p1a: Aggron\n|-supereffective|p1a: Aggron|1\n|-damage|p1a: Aggron|75/100\n|-unboost|p2b: Sneasler|def|1\n|-unboost|p2b: Sneasler|spd|1\n|move|p1a: Aggron|Heavy Slam|p2b: Sneasler\n|-damage|p2b: Sneasler|0 fnt\n|faint|p2b: Sneasler\n|\n|upkeep\n|\n|t:|1776383716\n|switch|p2b: Golurk|Golurk-Mega, L50|100/100\n|turn|5\n|\n|t:|1776383738\n|move|p2a: Maushold|Follow Me|p2a: Maushold\n|-singleturn|p2a: Maushold|move: Follow Me\n|move|p1b: Basculegion|Last Respects|p2a: Maushold\n|-immune|p2a: Maushold\n|move|p2b: Golurk|Poltergeist|p1b: Basculegion\n|-activate|p1b: Basculegion|move: Poltergeist|Choice Scarf\n|-supereffective|p1b: Basculegion|1\n|-damage|p1b: Basculegion|0 fnt\n|faint|p1b: Basculegion\n|move|p1a: Aggron|Body Press|p2a: Maushold\n|-supereffective|p2a: Maushold|1\n|-enditem|p2a: Maushold|Chople Berry|[eat]\n|-enditem|p2a: Maushold|Chople Berry|[weaken]\n|-damage|p2a: Maushold|0 fnt\n|faint|p2a: Maushold\n|\n|upkeep\n|\n|t:|1776383750\n|switch|p2a: Hatterene|Hatterene, L50, F|100/100\n|turn|6\n|\n|t:|1776383759\n|move|p2a: Hatterene|Protect|p2a: Hatterene\n|-singleturn|p2a: Hatterene|Protect\n|move|p2b: Golurk|Substitute|p2b: Golurk\n|-start|p2b: Golurk|Substitute\n|-damage|p2b: Golurk|76/100\n|move|p1a: Aggron|Heavy Slam|p2a: Hatterene\n|-activate|p2a: Hatterene|move: Protect\n|\n|upkeep\n|turn|7\n|\n|t:|1776383768\n|move|p2b: Golurk|Headlong Rush|p1a: Aggron\n|-supereffective|p1a: Aggron|1\n|-damage|p1a: Aggron|47/100\n|-unboost|p2b: Golurk|def|1\n|-unboost|p2b: Golurk|spd|1\n|move|p1a: Aggron|Heavy Slam|p2a: Hatterene\n|-supereffective|p2a: Hatterene|1\n|-damage|p2a: Hatterene|0 fnt\n|faint|p2a: Hatterene\n|\n|upkeep\n|turn|8\n|\n|t:|1776383774\n|move|p2b: Golurk|Headlong Rush|p1a: Aggron\n|-supereffective|p1a: Aggron|1\n|-damage|p1a: Aggron|19/100\n|-unboost|p2b: Golurk|def|1\n|-unboost|p2b: Golurk|spd|1\n|move|p1a: Aggron|Heavy Slam|p2b: Golurk\n|-end|p2b: Golurk|Substitute\n|\n|upkeep\n|turn|9\n|\n|t:|1776383778\n|move|p2b: Golurk|Headlong Rush|p1a: Aggron\n|-supereffective|p1a: Aggron|1\n|-damage|p1a: Aggron|0 fnt\n|-unboost|p2b: Golurk|def|1\n|-unboost|p2b: Golurk|spd|1\n|faint|p1a: Aggron\n|\n|win|cookingorcooked2\n|raw|Rokusonno's rating: 1083 &rarr; <strong>1055</strong><br />(-28 for losing)\n|raw|cookingorcooked2's rating: 1000 &rarr; <strong>1049</strong><br />(+49 for winning)\n|l|\u2606Rokusonno\n|player|p1|\n",
  "uploadtime": 1776383784,
  "views": 17,
  "formatid": "gen9championsvgc2026regma",
  "rating": 1049,
  "private": 0,
  "password": null
}