{
  "id": "gen9championsvgc2026regma-2586147694",
  "format": "[Gen 9 Champions] VGC 2026 Reg M-A",
  "players": [
    "shadowluffy2002",
    "JustJakeyVGC"
  ],
  "log": "|j|\u2606shadowluffy2002\n|j|\u2606JustJakeyVGC\n|t:|1776405011\n|gametype|doubles\n|player|p1|shadowluffy2002|1|1425\n|player|p2|JustJakeyVGC|102|1493\n|gen|9\n|tier|[Gen 9 Champions] VGC 2026 Reg M-A\n|rated|\n|rule|Species Clause: Limit one of each Pok\u00e9mon\n|rule|Item Clause: Limit 1 of each item\n|clearpoke\n|poke|p1|Basculegion, L50, M|\n|poke|p1|Archaludon, L50, M|\n|poke|p1|Pelipper, L50, F|\n|poke|p1|Farigiraf, L50, M|\n|poke|p1|Delphox, L50, M|\n|poke|p1|Whimsicott, L50, F|\n|poke|p2|Lopunny, L50, F|\n|poke|p2|Incineroar, L50, F|\n|poke|p2|Basculegion, L50, M|\n|poke|p2|Volcarona, L50, M|\n|poke|p2|Farigiraf, L50, F|\n|poke|p2|Drampa, L50, F|\n|teampreview|4\n|inactive|Battle timer is ON: inactive players will automatically lose when time's up. (requested by JustJakeyVGC)\n|\n|t:|1776405063\n|teamsize|p1|4\n|teamsize|p2|4\n|start\n|switch|p1a: Delphox|Delphox, L50, M|100/100\n|switch|p1b: Whimsicott|Whimsicott, L50, F|100/100\n|switch|p2a: Lopunny|Lopunny, L50, F|100/100\n|switch|p2b: Volcarona|Volcarona, L50, M|100/100\n|turn|1\n|inactive|JustJakeyVGC has 30 seconds left.\n|\n|t:|1776405092\n|detailschange|p1a: Delphox|Delphox-Mega, L50, M\n|-mega|p1a: Delphox|Delphox|Delphoxite\n|detailschange|p2a: Lopunny|Lopunny-Mega, L50, F\n|-mega|p2a: Lopunny|Lopunny|Lopunnite\n|move|p1b: Whimsicott|Tailwind|p1b: Whimsicott\n|-sidestart|p1: shadowluffy2002|move: Tailwind\n|move|p1a: Delphox|Nasty Plot|p1a: Delphox\n|-boost|p1a: Delphox|spa|2\n|move|p2a: Lopunny|Triple Axel|p1b: Whimsicott\n|-supereffective|p1b: Whimsicott|1\n|-damage|p1b: Whimsicott|81/100\n|-supereffective|p1b: Whimsicott|1\n|-damage|p1b: Whimsicott|44/100\n|-supereffective|p1b: Whimsicott|1\n|-damage|p1b: Whimsicott|0 fnt\n|faint|p1b: Whimsicott\n|-hitcount|p1: Whimsicott|3\n|move|p2b: Volcarona|Quiver Dance|p2b: Volcarona\n|-boost|p2b: Volcarona|spa|1\n|-boost|p2b: Volcarona|spd|1\n|-boost|p2b: Volcarona|spe|1\n|\n|upkeep\n|\n|t:|1776405105\n|switch|p1b: Basculegion|Basculegion, L50, M|100/100\n|turn|2\n|inactive|JustJakeyVGC has 30 seconds left.\n|inactive|JustJakeyVGC has 20 seconds left.\n|inactive|JustJakeyVGC has 15 seconds left.\n|inactive|JustJakeyVGC has 10 seconds left.\n|\n|t:|1776405153\n|move|p1a: Delphox|Psychic|p2a: Lopunny\n|-supereffective|p2a: Lopunny|1\n|-damage|p2a: Lopunny|0 fnt\n|faint|p2a: Lopunny\n|move|p1b: Basculegion|Wave Crash|p2b: Volcarona\n|-supereffective|p2b: Volcarona|1\n|-enditem|p2b: Volcarona|Focus Sash\n|-damage|p2b: Volcarona|1/100\n|-status|p1b: Basculegion|brn|[from] ability: Flame Body|[of] p2b: Volcarona\n|-damage|p1b: Basculegion|73/100 brn|[from] Recoil\n|move|p2b: Volcarona|Giga Drain|p1b: Basculegion\n|-supereffective|p1b: Basculegion|1\n|-damage|p1b: Basculegion|0 fnt\n|-heal|p2b: Volcarona|45/100|[from] drain|[of] p1b: Basculegion\n|faint|p1b: Basculegion\n|\n|upkeep\n|inactive|JustJakeyVGC has 30 seconds left.\n|\n|t:|1776405188\n|switch|p2a: Basculegion|Basculegion, L50, M|100/100\n|switch|p1b: Farigiraf|Farigiraf, L50, M|100/100\n|turn|3\n|\n|t:|1776405210\n|move|p1b: Farigiraf|Protect|p1b: Farigiraf\n|-singleturn|p1b: Farigiraf|Protect\n|move|p1a: Delphox|Psychic|p2a: Basculegion\n|-damage|p2a: Basculegion|0 fnt\n|faint|p2a: Basculegion\n|move|p2b: Volcarona|Giga Drain|p1b: Farigiraf\n|-activate|p1b: Farigiraf|move: Protect\n|\n|upkeep\n|\n|t:|1776405217\n|switch|p2a: Drampa|Drampa, L50, F|100/100\n|-ability|p2a: Drampa|Cloud Nine\n|turn|4\n|\n|t:|1776405229\n|move|p1a: Delphox|Heat Wave|p2b: Volcarona|[spread] p2a,p2b\n|-resisted|p2a: Drampa|1\n|-damage|p2a: Drampa|58/100\n|-damage|p2b: Volcarona|0 fnt\n|faint|p2b: Volcarona\n|move|p1b: Farigiraf|Psychic|p2a: Drampa\n|-damage|p2a: Drampa|23/100\n|move|p2a: Drampa|Hyper Voice|p1a: Delphox|[spread] p1a,p1b\n|-damage|p1a: Delphox|59/100\n|-damage|p1b: Farigiraf|67/100\n|\n|-sideend|p1: shadowluffy2002|move: Tailwind\n|upkeep\n|turn|5\n|-message|JustJakeyVGC forfeited.\n|\n|win|shadowluffy2002\n|raw|shadowluffy2002's rating: 1425 &rarr; <strong>1449</strong><br />(+24 for winning)\n|raw|JustJakeyVGC's rating: 1493 &rarr; <strong>1469</strong><br />(-24 for losing)\n|l|\u2606JustJakeyVGC\n|player|p2|\n|l|\u2606shadowluffy2002\n|player|p1|\n",
  "uploadtime": 1776405270,
  "views": 37,
  "formatid": "gen9championsvgc2026regma",
  "rating": 1449,
  "private": 0,
  "password": null
}