{
  "id": "gen9championsvgc2026regma-2581079355",
  "format": "[Gen 9 Champions] VGC 2026 Reg M-A",
  "players": [
    "bettername22",
    "loklastaji"
  ],
  "log": "|j|\u2606bettername22\n|j|\u2606loklastaji\n|t:|1775957884\n|gametype|doubles\n|player|p1|bettername22|101|1046\n|player|p2|loklastaji|101|1137\n|gen|9\n|tier|[Gen 9 Champions] VGC 2026 Reg M-A\n|rated|\n|rule|Species Clause: Limit one of each Pok\u00e9mon\n|rule|Item Clause: Limit 1 of each item\n|clearpoke\n|poke|p1|Incineroar, L50, M|\n|poke|p1|Feraligatr, L50, F|\n|poke|p1|Sneasler, L50, M|\n|poke|p1|Pelipper, L50, F|\n|poke|p1|Archaludon, L50, M|\n|poke|p1|Sinistcha, L50|\n|poke|p2|Samurott-Hisui, L50, M|\n|poke|p2|Mamoswine, L50, M|\n|poke|p2|Delphox, L50, M|\n|poke|p2|Clefable, L50, M|\n|poke|p2|Corviknight, L50, M|\n|poke|p2|Dragonite, L50, M|\n|teampreview|4\n|\n|t:|1775957932\n|teamsize|p1|4\n|teamsize|p2|4\n|start\n|switch|p1a: Feraligatr|Feraligatr, L50, F|100/100\n|switch|p1b: Pelipper|Pelipper, L50, F|100/100\n|switch|p2a: Corviknight|Corviknight, L50, M|100/100\n|switch|p2b: Samurott|Samurott-Hisui, L50, M|100/100\n|-weather|RainDance|[from] ability: Drizzle|[of] p1b: Pelipper\n|turn|1\n|\n|t:|1775957953\n|move|p2b: Samurott|Ceaseless Edge|p1a: Feraligatr\n|-damage|p1a: Feraligatr|49/100\n|-sidestart|p1: bettername22|Spikes\n|move|p1a: Feraligatr|Dragon Dance|p1a: Feraligatr\n|-boost|p1a: Feraligatr|atk|1\n|-boost|p1a: Feraligatr|spe|1\n|move|p1b: Pelipper|Tailwind|p1b: Pelipper\n|-sidestart|p1: bettername22|move: Tailwind\n|move|p2a: Corviknight|Brave Bird|p1a: Feraligatr\n|-damage|p1a: Feraligatr|0 fnt\n|faint|p1a: Feraligatr\n|-damage|p2a: Corviknight|85/100|[from] Recoil\n|\n|-weather|RainDance|[upkeep]\n|-heal|p2a: Corviknight|91/100|[from] item: Leftovers\n|upkeep\n|\n|t:|1775957967\n|switch|p1a: Archaludon|Archaludon, L50, M|100/100\n|-damage|p1a: Archaludon|89/100|[from] Spikes\n|turn|2\n|\n|t:|1775957984\n|switch|p1b: Incineroar|Incineroar, L50, M|100/100\n|-damage|p1b: Incineroar|88/100|[from] Spikes\n|-ability|p1b: Incineroar|Intimidate|boost\n|-ability|p2a: Corviknight|Mirror Armor\n|-unboost|p1b: Incineroar|atk|1\n|-unboost|p2b: Samurott|atk|1\n|-enditem|p2b: Samurott|White Herb\n|-clearnegativeboost|p2b: Samurott|[silent]\n|move|p1a: Archaludon|Electro Shot||[still]\n|-prepare|p1a: Archaludon|Electro Shot\n|-boost|p1a: Archaludon|spa|1\n|-anim|p1a: Archaludon|Electro Shot|p2b: Samurott\n|-supereffective|p2b: Samurott|1\n|-damage|p2b: Samurott|0 fnt\n|faint|p2b: Samurott\n|move|p2a: Corviknight|Tailwind|p2a: Corviknight\n|-sidestart|p2: loklastaji|move: Tailwind\n|\n|-weather|RainDance|[upkeep]\n|-heal|p2a: Corviknight|97/100|[from] item: Leftovers\n|-heal|p1b: Incineroar|94/100|[from] item: Leftovers\n|upkeep\n|\n|t:|1775958003\n|switch|p2b: Dragonite|Dragonite, L50, M|100/100\n|turn|3\n|\n|t:|1775958019\n|switch|p2a: Mamoswine|Mamoswine, L50, M|100/100\n|move|p1b: Incineroar|Helping Hand|p1a: Archaludon\n|-singleturn|p1a: Archaludon|Helping Hand|[of] p1b: Incineroar\n|move|p2b: Dragonite|Protect|p2b: Dragonite\n|-singleturn|p2b: Dragonite|Protect\n|move|p1a: Archaludon|Draco Meteor|p2b: Dragonite\n|-activate|p2b: Dragonite|move: Protect\n|\n|-weather|RainDance|[upkeep]\n|-heal|p1b: Incineroar|99/100|[from] item: Leftovers\n|upkeep\n|turn|4\n|\n|t:|1775958037\n|switch|p2b: Corviknight|Corviknight, L50, M|97/100\n|move|p1b: Incineroar|Helping Hand|p1a: Archaludon\n|-singleturn|p1a: Archaludon|Helping Hand|[of] p1b: Incineroar\n|move|p2a: Mamoswine|Earthquake|p1a: Archaludon|[spread] p1a,p1b\n|-immune|p2b: Corviknight\n|-supereffective|p1a: Archaludon|1\n|-supereffective|p1b: Incineroar|1\n|-damage|p1a: Archaludon|19/100\n|-damage|p1b: Incineroar|33/100\n|-ability|p1a: Archaludon|Stamina|boost\n|-boost|p1a: Archaludon|def|1\n|-enditem|p1a: Archaludon|Sitrus Berry|[eat]\n|-heal|p1a: Archaludon|44/100|[from] item: Sitrus Berry\n|move|p1a: Archaludon|Draco Meteor|p2b: Corviknight\n|-resisted|p2b: Corviknight|1\n|-damage|p2b: Corviknight|7/100\n|-unboost|p1a: Archaludon|spa|2\n|\n|-weather|RainDance|[upkeep]\n|-heal|p2b: Corviknight|13/100|[from] item: Leftovers\n|-heal|p1b: Incineroar|39/100|[from] item: Leftovers\n|-sideend|p1: bettername22|move: Tailwind\n|upkeep\n|turn|5\n|\n|t:|1775958078\n|switch|p1b: Pelipper|Pelipper, L50, F|100/100\n|move|p2b: Corviknight|Protect|p2b: Corviknight\n|-singleturn|p2b: Corviknight|Protect\n|move|p2a: Mamoswine|Earthquake|p1a: Archaludon|[spread] p1a\n|-activate|p2b: Corviknight|move: Protect\n|-immune|p1b: Pelipper\n|-supereffective|p1a: Archaludon|1\n|-damage|p1a: Archaludon|0 fnt\n|faint|p1a: Archaludon\n|\n|-weather|none\n|-heal|p2b: Corviknight|18/100|[from] item: Leftovers\n|-sideend|p2: loklastaji|move: Tailwind\n|upkeep\n|\n|t:|1775958092\n|switch|p1a: Incineroar|Incineroar, L50, M|39/100\n|-damage|p1a: Incineroar|26/100|[from] Spikes\n|-ability|p1a: Incineroar|Intimidate|boost\n|-fail|p2a: Mamoswine|unboost|Attack|[from] ability: Oblivious|[of] p2a: Mamoswine\n|-ability|p2b: Corviknight|Mirror Armor\n|-unboost|p1a: Incineroar|atk|1\n|turn|6\n|\n|t:|1775958119\n|switch|p2a: Dragonite|Dragonite, L50, M|100/100\n|move|p1a: Incineroar|Fake Out|p2b: Corviknight\n|-resisted|p2b: Corviknight|1\n|-damage|p2b: Corviknight|15/100\n|move|p1b: Pelipper|Tailwind|p1b: Pelipper\n|-sidestart|p1: bettername22|move: Tailwind\n|cant|p2b: Corviknight|flinch\n|\n|-heal|p1a: Incineroar|32/100|[from] item: Leftovers\n|-heal|p2b: Corviknight|21/100|[from] item: Leftovers\n|upkeep\n|turn|7\n|\n|t:|1775958139\n|detailschange|p2a: Dragonite|Dragonite-Mega, L50, M\n|-mega|p2a: Dragonite|Dragonite|Dragoninite\n|move|p1b: Pelipper|Tailwind||[still]\n|-fail|p1b: Pelipper\n|move|p1a: Incineroar|Flare Blitz|p2b: Corviknight\n|-supereffective|p2b: Corviknight|1\n|-damage|p2b: Corviknight|0 fnt\n|faint|p2b: Corviknight\n|-damage|p1a: Incineroar|25/100|[from] Recoil\n|move|p2a: Dragonite|Thunderbolt|p1b: Pelipper\n|-supereffective|p1b: Pelipper|2\n|-enditem|p1b: Pelipper|Focus Sash\n|-damage|p1b: Pelipper|1/100\n|\n|-heal|p1a: Incineroar|31/100|[from] item: Leftovers\n|upkeep\n|-message|bettername22 forfeited.\n|\n|win|loklastaji\n|raw|bettername22's rating: 1046 &rarr; <strong>1033</strong><br />(-13 for losing)\n|raw|loklastaji's rating: 1137 &rarr; <strong>1156</strong><br />(+19 for winning)\n|l|\u2606bettername22\n|player|p1|\n",
  "uploadtime": 1775958157,
  "views": 12,
  "formatid": "gen9championsvgc2026regma",
  "rating": 1033,
  "private": 0,
  "password": null
}