{
  "id": "gen9championsvgc2026regma-2582769142",
  "format": "[Gen 9 Champions] VGC 2026 Reg M-A",
  "players": [
    "Professor_J93",
    "ataraxiacg"
  ],
  "log": "|j|\u2606Professor_J93\n|j|\u2606ataraxiacg\n|html|<table width=\"100%\"><tr><td align=\"left\">Professor_J93</td><td align=\"right\">ataraxiacg</tr><tr><td align=\"left\"><i class=\"fa fa-circle-o\"></i> <i class=\"fa fa-circle-o\"></i> </td><td align=\"right\"><i class=\"fa fa-circle-o\"></i> <i class=\"fa fa-circle\"></i> </tr></table>\n|uhtml|bestof|<h2><strong>Game 2</strong> of <a href=\"/game-bestof3-gen9championsvgc2026regma-2582764413\">a best-of-3</a></h2>\n|t:|1776112804\n|gametype|doubles\n|player|p1|Professor_J93|n|\n|player|p2|ataraxiacg|169|\n|gen|9\n|tier|[Gen 9 Champions] VGC 2026 Reg M-A\n|rule|Species Clause: Limit one of each Pok\u00e9mon\n|rule|Item Clause: Limit 1 of each item\n|raw|<div class=\"infobox\"><details class=\"readmore\" open><summary><strong>1 custom rule:</strong></summary> Best of = 3</details></div>\n|clearpoke\n|poke|p1|Incineroar, L50, M|\n|poke|p1|Gengar, L50, F|\n|poke|p1|Floette-Eternal, L50, F|\n|poke|p1|Politoed, L50, F|\n|poke|p1|Whimsicott, L50, M|\n|poke|p1|Kommo-o, L50, F|\n|poke|p2|Aerodactyl, L50, M|\n|poke|p2|Meowscarada, L50, F|\n|poke|p2|Floette-Eternal, L50, F|\n|poke|p2|Maushold, L50|\n|poke|p2|Basculegion, L50, M|\n|poke|p2|Sneasler, L50, F|\n|teampreview|4\n|inactive|Battle timer is ON: inactive players will automatically lose when time's up. (requested by Professor_J93)\n|j| ParadoxPerry\n|c| ParadoxPerry|Hi\n|c|\u2606Professor_J93|yooooo\n|c| ParadoxPerry|Nice game one\n|inactive|ataraxiacg has 60 seconds left.\n|\n|t:|1776112837\n|teamsize|p1|4\n|teamsize|p2|4\n|start\n|switch|p1a: Incineroar|Incineroar, L50, M|100/100\n|switch|p1b: Gengar|Gengar, L50, F|100/100\n|switch|p2a: Maushold|Maushold, L50|100/100\n|switch|p2b: Basculegion|Basculegion, L50, M|100/100\n|-ability|p1a: Incineroar|Intimidate|boost\n|-unboost|p2a: Maushold|atk|1\n|-unboost|p2b: Basculegion|atk|1\n|turn|1\n|c| ParadoxPerry|This is dialing btw, on my alt lol\n|c|\u2606Professor_J93|what no way\n|inactive|Professor_J93 has 30 seconds left.\n|inactive|ataraxiacg has 30 seconds left.\n|c|\u2606Professor_J93|I never knew\n|c|\u2606Professor_J93|(that was sarcasm dont kill me)\n|inactive|Professor_J93 has 20 seconds left.\n|inactive|ataraxiacg has 20 seconds left.\n|inactive|Professor_J93 has 15 seconds left.\n|\n|t:|1776112879\n|detailschange|p1b: Gengar|Gengar-Mega, L50, F\n|-mega|p1b: Gengar|Gengar|Gengarite\n|move|p1a: Incineroar|Fake Out|p2a: Maushold\n|-damage|p2a: Maushold|87/100\n|move|p2b: Basculegion|Flip Turn|p1a: Incineroar\n|-supereffective|p1a: Incineroar|1\n|-damage|p1a: Incineroar|59/100\n|c| ParadoxPerry|I\u2019m killing you\n|\n|t:|1776112899\n|switch|p2b: Sneasler|Sneasler, L50, F|100/100|[from] Flip Turn\n|move|p1b: Gengar|Perish Song|p1b: Gengar\n|-start|p1a: Incineroar|perish3|[silent]\n|-start|p1b: Gengar|perish3|[silent]\n|-start|p2a: Maushold|perish3|[silent]\n|-start|p2b: Sneasler|perish3|[silent]\n|-fieldactivate|move: Perish Song\n|cant|p2a: Maushold|flinch\n|\n|-start|p1b: Gengar|perish3\n|-start|p2b: Sneasler|perish3\n|-start|p2a: Maushold|perish3\n|-start|p1a: Incineroar|perish3\n|upkeep\n|turn|2\n|inactive|ataraxiacg has 30 seconds left.\n|\n|t:|1776112928\n|switch|p1a: Whimsicott|Whimsicott, L50, M|100/100\n|move|p1b: Gengar|Protect|p1b: Gengar\n|-singleturn|p1b: Gengar|Protect\n|move|p2b: Sneasler|Close Combat|p1a: Whimsicott\n|-resisted|p1a: Whimsicott|1\n|-damage|p1a: Whimsicott|50/100\n|-unboost|p2b: Sneasler|def|1\n|-unboost|p2b: Sneasler|spd|1\n|-enditem|p2b: Sneasler|White Herb\n|-clearnegativeboost|p2b: Sneasler|[silent]\n|move|p2a: Maushold|Super Fang|p1a: Whimsicott\n|-damage|p1a: Whimsicott|26/100\n|\n|-start|p2b: Sneasler|perish2\n|-start|p1b: Gengar|perish2\n|-start|p2a: Maushold|perish2\n|upkeep\n|turn|3\n|inactive|Professor_J93 has 30 seconds left.\n|inactive|ataraxiacg has 30 seconds left.\n|inactive|ataraxiacg has 20 seconds left.\n|inactive|ataraxiacg has 15 seconds left.\n|inactive|ataraxiacg has 10 seconds left.\n|\n|t:|1776112978\n|move|p1a: Whimsicott|Protect|p1a: Whimsicott\n|-singleturn|p1a: Whimsicott|Protect\n|move|p2b: Sneasler|Dire Claw|p1b: Gengar\n|-resisted|p1b: Gengar|2\n|-damage|p1b: Gengar|83/100\n|move|p1b: Gengar|Shadow Ball|p2b: Sneasler\n|-damage|p2b: Sneasler|51/100\n|move|p2a: Maushold|Super Fang|p1a: Whimsicott\n|-activate|p1a: Whimsicott|move: Protect\n|\n|-start|p2b: Sneasler|perish1\n|-start|p1b: Gengar|perish1\n|-start|p2a: Maushold|perish1\n|upkeep\n|turn|4\n|\n|t:|1776113002\n|switch|p1b: Politoed|Politoed, L50, F|100/100\n|-weather|RainDance|[from] ability: Drizzle|[of] p1b: Politoed\n|move|p1a: Whimsicott|Tailwind|p1a: Whimsicott\n|-sidestart|p1: Professor_J93|move: Tailwind\n|move|p2b: Sneasler|Dire Claw|p1a: Whimsicott\n|-supereffective|p1a: Whimsicott|2\n|-damage|p1a: Whimsicott|0 fnt\n|faint|p1a: Whimsicott\n|move|p2a: Maushold|Super Fang|p1b: Politoed\n|-damage|p1b: Politoed|50/100\n|-enditem|p1b: Politoed|Sitrus Berry|[eat]\n|-heal|p1b: Politoed|75/100|[from] item: Sitrus Berry\n|\n|-weather|RainDance|[upkeep]\n|-start|p2b: Sneasler|perish0\n|-start|p2a: Maushold|perish0\n|faint|p2b: Sneasler\n|faint|p2a: Maushold\n|upkeep\n|\n|t:|1776113020\n|switch|p2b: Basculegion|Basculegion, L50, M|100/100\n|switch|p1a: Incineroar|Incineroar, L50, M|59/100\n|switch|p2a: Floette|Floette-Eternal, L50, F|100/100\n|-ability|p1a: Incineroar|Intimidate|boost\n|-unboost|p2a: Floette|atk|1\n|-unboost|p2b: Basculegion|atk|1\n|turn|5\n|inactive|ataraxiacg has 30 seconds left.\n|inactive|ataraxiacg has 20 seconds left.\n|\n|t:|1776113057\n|detailschange|p2a: Floette|Floette-Mega, L50, F\n|-mega|p2a: Floette|Floette|Floettite\n|-ability|p2a: Floette|Fairy Aura\n|move|p2a: Floette|Protect|p2a: Floette\n|-singleturn|p2a: Floette|Protect\n|move|p1a: Incineroar|Fake Out|p2a: Floette\n|-activate|p2a: Floette|move: Protect\n|move|p2b: Basculegion|Wave Crash|p1a: Incineroar\n|-supereffective|p1a: Incineroar|1\n|-damage|p1a: Incineroar|0 fnt\n|faint|p1a: Incineroar\n|-damage|p2b: Basculegion|81/100|[from] Recoil\n|move|p1b: Politoed|Perish Song|p1b: Politoed\n|-start|p1b: Politoed|perish3|[silent]\n|-start|p2a: Floette|perish3|[silent]\n|-start|p2b: Basculegion|perish3|[silent]\n|-fieldactivate|move: Perish Song\n|\n|-weather|RainDance|[upkeep]\n|-start|p2b: Basculegion|perish3\n|-start|p1b: Politoed|perish3\n|-start|p2a: Floette|perish3\n|upkeep\n|\n|t:|1776113068\n|switch|p1a: Gengar|Gengar-Mega, L50, F|83/100\n|turn|6\n|\n|t:|1776113085\n|move|p1a: Gengar|Protect|p1a: Gengar\n|-singleturn|p1a: Gengar|Protect\n|move|p2b: Basculegion|Wave Crash|p1a: Gengar\n|-activate|p1a: Gengar|move: Protect\n|move|p1b: Politoed|Muddy Water|p2a: Floette|[spread] p2a,p2b\n|-resisted|p2b: Basculegion|1\n|-damage|p2a: Floette|69/100\n|-damage|p2b: Basculegion|61/100\n|move|p2a: Floette|Dazzling Gleam|p1a: Gengar|[spread] p1b\n|-activate|p1a: Gengar|move: Protect\n|-damage|p1b: Politoed|36/100\n|\n|-weather|RainDance|[upkeep]\n|-start|p2b: Basculegion|perish2\n|-start|p1b: Politoed|perish2\n|-start|p2a: Floette|perish2\n|upkeep\n|turn|7\n|inactive|ataraxiacg has 30 seconds left.\n|\n|t:|1776113111\n|move|p1b: Politoed|Protect|p1b: Politoed\n|-singleturn|p1b: Politoed|Protect\n|move|p1a: Gengar|Shadow Ball|p2b: Basculegion\n|-supereffective|p2b: Basculegion|1\n|-damage|p2b: Basculegion|0 fnt\n|faint|p2b: Basculegion\n|move|p2a: Floette|Dazzling Gleam|p1b: Politoed|[spread] p1a\n|-activate|p1b: Politoed|move: Protect\n|-resisted|p1a: Gengar|1\n|-damage|p1a: Gengar|52/100\n|\n|-weather|RainDance|[upkeep]\n|-start|p1b: Politoed|perish1\n|-start|p2a: Floette|perish1\n|-sideend|p1: Professor_J93|move: Tailwind\n|upkeep\n|turn|8\n|\n|t:|1776113126\n|move|p1a: Gengar|Protect|p1a: Gengar\n|-singleturn|p1a: Gengar|Protect\n|move|p1b: Politoed|Protect|p1b: Politoed\n|-singleturn|p1b: Politoed|Protect\n|move|p2a: Floette|Dazzling Gleam|p1a: Gengar|[spread] \n|-activate|p1a: Gengar|move: Protect\n|-activate|p1b: Politoed|move: Protect\n|\n|-weather|none\n|-start|p2a: Floette|perish0\n|-start|p1b: Politoed|perish0\n|faint|p2a: Floette\n|faint|p1b: Politoed\n|\n|win|Professor_J93\n||Professor_J93 is ready for game 3.\n|inactive|ataraxiacg has 30 seconds to confirm battle start!\n||ataraxiacg is ready for game 3.\n|uhtml|next|Next: <a href=\"/battle-gen9championsvgc2026regma-2582773933\"><strong>Game 3 of 3</strong></a>\n",
  "uploadtime": 1776113371,
  "views": 13,
  "formatid": "gen9championsvgc2026regma",
  "rating": null,
  "private": 0,
  "password": null
}