{
  "id": "gen9championsvgc2026regma-2584353811",
  "format": "[Gen 9 Champions] VGC 2026 Reg M-A",
  "players": [
    "maimon32",
    "Manpreet Squidwho"
  ],
  "log": "|j|\u2606maimon32\n|j|\u2606Manpreet Squidwho\n|t:|1776254190\n|gametype|doubles\n|player|p1|maimon32|101|1076\n|player|p2|Manpreet Squidwho|169|1000\n|gen|9\n|tier|[Gen 9 Champions] VGC 2026 Reg M-A\n|rated|\n|rule|Species Clause: Limit one of each Pok\u00e9mon\n|rule|Item Clause: Limit 1 of each item\n|clearpoke\n|poke|p1|Arcanine, L50, F|\n|poke|p1|Rotom-Wash, L50|\n|poke|p1|Garchomp, L50, M|\n|poke|p1|Gardevoir, L50, M|\n|poke|p1|Corviknight, L50, F|\n|poke|p1|Glimmora, L50, M|\n|poke|p2|Meowstic, L50, M|\n|poke|p2|Aerodactyl, L50, F|\n|poke|p2|Delphox, L50, M|\n|poke|p2|Garchomp, L50, F|\n|poke|p2|Orthworm, L50, M|\n|poke|p2|Gardevoir, L50, M|\n|teampreview|4\n|\n|t:|1776254206\n|teamsize|p1|4\n|teamsize|p2|4\n|start\n|switch|p1a: Arcanine|Arcanine, L50, F|100/100\n|switch|p1b: Rotom|Rotom-Wash, L50, shiny|100/100\n|switch|p2a: Meowstic|Meowstic, L50, M|100/100\n|switch|p2b: Delphox|Delphox, L50, M|100/100\n|-ability|p1a: Arcanine|Intimidate|boost\n|-unboost|p2a: Meowstic|atk|1\n|-unboost|p2b: Delphox|atk|1\n|turn|1\n|inactive|Battle timer is ON: inactive players will automatically lose when time's up. (requested by maimon32)\n|\n|t:|1776254214\n|detailschange|p2b: Delphox|Delphox-Mega, L50, M\n|-mega|p2b: Delphox|Delphox|Delphoxite\n|move|p1b: Rotom|Hydro Pump|p2b: Delphox\n|-supereffective|p2b: Delphox|1\n|-damage|p2b: Delphox|0 fnt\n|faint|p2b: Delphox\n|move|p2a: Meowstic|Psychic Terrain|p2a: Meowstic\n|-fieldstart|move: Psychic Terrain\n|move|p1a: Arcanine|Snarl|p2a: Meowstic\n|-supereffective|p2a: Meowstic|1\n|-damage|p2a: Meowstic|63/100\n|-unboost|p2a: Meowstic|spa|1\n|\n|upkeep\n|\n|t:|1776254229\n|switch|p2b: Garchomp|Garchomp, L50, F|100/100\n|turn|2\n|inactive|maimon32 has 30 seconds left.\n|\n|t:|1776254260\n|move|p1b: Rotom|Hydro Pump|p2b: Garchomp\n|-damage|p2b: Garchomp|42/100\n|move|p2a: Meowstic|Gravity|p2a: Meowstic\n|-fieldstart|move: Gravity\n|move|p2b: Garchomp|Earthquake|p1a: Arcanine|[spread] p2a,p1a,p1b\n|-supereffective|p1a: Arcanine|1\n|-supereffective|p1b: Rotom|1\n|-damage|p2a: Meowstic|0 fnt\n|-damage|p1a: Arcanine|6/100\n|-damage|p1b: Rotom|0 fnt\n|-enditem|p1a: Arcanine|Sitrus Berry|[eat]\n|-heal|p1a: Arcanine|31/100|[from] item: Sitrus Berry\n|faint|p2a: Meowstic\n|faint|p1b: Rotom\n|move|p1a: Arcanine|Will-O-Wisp|p2b: Garchomp\n|-status|p2b: Garchomp|brn\n|\n|-damage|p2b: Garchomp|36/100 brn|[from] brn\n|upkeep\n|\n|t:|1776254269\n|switch|p2a: Gardevoir|Gardevoir, L50, M|100/100\n|switch|p1b: Garchomp|Garchomp, L50, M, shiny|100/100\n|turn|3\n|\n|t:|1776254288\n|move|p1b: Garchomp|Protect|p1b: Garchomp\n|-singleturn|p1b: Garchomp|Protect\n|move|p2a: Gardevoir|Expanding Force|p1a: Arcanine|[spread] p1a\n|-activate|p1b: Garchomp|move: Protect\n|-damage|p1a: Arcanine|0 fnt\n|faint|p1a: Arcanine\n|move|p2b: Garchomp|Earthquake|p1b: Garchomp|[spread] \n|-activate|p1b: Garchomp|move: Protect\n|-activate|p2a: Gardevoir|ability: Telepathy\n|\n|-damage|p2b: Garchomp|30/100 brn|[from] brn\n|upkeep\n|inactive|maimon32 has 30 seconds left.\n|\n|t:|1776254317\n|switch|p1a: Glimmora|Glimmora, L50, M, shiny|100/100\n|turn|4\n|\n|t:|1776254331\n|detailschange|p1a: Glimmora|Glimmora-Mega, L50, M, shiny\n|-mega|p1a: Glimmora|Glimmora|Glimmoranite\n|move|p1a: Glimmora|Spiky Shield|p1a: Glimmora\n|-singleturn|p1a: Glimmora|move: Protect\n|move|p2a: Gardevoir|Expanding Force|p1b: Garchomp|[spread] p1b\n|-activate|p1a: Glimmora|move: Protect\n|-damage|p1b: Garchomp|30/100\n|move|p2b: Garchomp|Earthquake|p1a: Glimmora|[spread] p1b\n|-activate|p1a: Glimmora|move: Protect\n|-activate|p2a: Gardevoir|ability: Telepathy\n|-damage|p1b: Garchomp|8/100\n|move|p1b: Garchomp|Earthquake|p2b: Garchomp|[spread] p2a,p2b\n|-activate|p1a: Glimmora|move: Protect\n|-damage|p2a: Gardevoir|26/100\n|-damage|p2b: Garchomp|0 fnt\n|faint|p2b: Garchomp\n|\n|upkeep\n|turn|5\n|\n|t:|1776254347\n|move|p2a: Gardevoir|Expanding Force|p1b: Garchomp|[spread] p1a,p1b\n|-supereffective|p1a: Glimmora|1\n|-damage|p1a: Glimmora|0 fnt\n|-damage|p1b: Garchomp|0 fnt\n|faint|p1a: Glimmora\n|faint|p1b: Garchomp\n|\n|win|Manpreet Squidwho\n|raw|maimon32's rating: 1076 &rarr; <strong>1050</strong><br />(-26 for losing)\n|raw|Manpreet Squidwho's rating: 1000 &rarr; <strong>1049</strong><br />(+49 for winning)\n",
  "uploadtime": 1776254350,
  "views": 28,
  "formatid": "gen9championsvgc2026regma",
  "rating": 1049,
  "private": 0,
  "password": null
}