{
  "id": "gen9championsvgc2026regma-2582615478",
  "format": "[Gen 9 Champions] VGC 2026 Reg M-A",
  "players": [
    "Papuas",
    "zefiro9999"
  ],
  "log": "|j|\u2606Papuas\n|j|\u2606zefiro9999\n|t:|1776102795\n|gametype|doubles\n|player|p1|Papuas|blue|1128\n|player|p2|zefiro9999|n|1183\n|gen|9\n|tier|[Gen 9 Champions] VGC 2026 Reg M-A\n|rated|\n|rule|Species Clause: Limit one of each Pok\u00e9mon\n|rule|Item Clause: Limit 1 of each item\n|clearpoke\n|poke|p1|Gengar, L50, F|\n|poke|p1|Kommo-o, L50, M|\n|poke|p1|Floette-Eternal, L50, F|\n|poke|p1|Incineroar, L50, M|\n|poke|p1|Primarina, L50, M|\n|poke|p1|Sinistcha, L50|\n|poke|p2|Scizor, L50, M|\n|poke|p2|Basculegion, L50, M|\n|poke|p2|Politoed, L50, M|\n|poke|p2|Sneasler, L50, F|\n|poke|p2|Incineroar, L50, M|\n|poke|p2|Sableye, L50, M|\n|teampreview|4\n|inactive|Battle timer is ON: inactive players will automatically lose when time's up. (requested by zefiro9999)\n|inactive|Papuas has 60 seconds left.\n|inactive|zefiro9999 has 60 seconds left.\n|\n|t:|1776102851\n|teamsize|p1|4\n|teamsize|p2|4\n|start\n|switch|p1a: Kommo-o|Kommo-o, L50, M|100/100\n|switch|p1b: Incineroar|Incineroar, L50, M|100/100\n|switch|p2a: Sneasler|Sneasler, L50, F|100/100\n|switch|p2b: Scizor|Scizor, L50, M|100/100\n|-ability|p1b: Incineroar|Intimidate|boost\n|-unboost|p2a: Sneasler|atk|1\n|-unboost|p2b: Scizor|atk|1\n|turn|1\n|inactive|Papuas has 30 seconds left.\n|\n|t:|1776102877\n|switch|p2b: Sableye|Sableye, L50, M|100/100\n|move|p2a: Sneasler|Fake Out|p1a: Kommo-o\n|-damage|p1a: Kommo-o|91/100\n|move|p1b: Incineroar|Fake Out|p2b: Sableye\n|-immune|p2b: Sableye\n|cant|p1a: Kommo-o|flinch\n|\n|upkeep\n|turn|2\n|\n|t:|1776102897\n|move|p1b: Incineroar|Protect|p1b: Incineroar\n|-singleturn|p1b: Incineroar|Protect\n|move|p2b: Sableye|Fake Out|p1a: Kommo-o\n|-damage|p1a: Kommo-o|84/100\n|move|p2a: Sneasler|Close Combat|p1b: Incineroar\n|-activate|p1b: Incineroar|move: Protect\n|cant|p1a: Kommo-o|flinch\n|\n|upkeep\n|turn|3\n|\n|t:|1776102915\n|switch|p1b: Sinistcha|Sinistcha, L50|100/100\n|-heal|p1a: Kommo-o|100/100|[from] ability: Hospitality|[of] p1b: Sinistcha\n|move|p2b: Sableye|Will-O-Wisp|p1a: Kommo-o\n|-status|p1a: Kommo-o|brn\n|move|p2a: Sneasler|Close Combat|p1b: Sinistcha\n|-immune|p1b: Sinistcha\n|move|p1a: Kommo-o|Clangorous Soul|p1a: Kommo-o\n|-boost|p1a: Kommo-o|atk|1\n|-boost|p1a: Kommo-o|def|1\n|-boost|p1a: Kommo-o|spa|1\n|-boost|p1a: Kommo-o|spd|1\n|-boost|p1a: Kommo-o|spe|1\n|-damage|p1a: Kommo-o|68/100 brn\n|\n|-damage|p1a: Kommo-o|62/100 brn|[from] brn\n|upkeep\n|turn|4\n|\n|t:|1776102940\n|move|p1a: Kommo-o|Clanging Scales|p2a: Sneasler|[spread] p2a,p2b\n|-damage|p2a: Sneasler|12/100\n|-damage|p2b: Sableye|11/100\n|-unboost|p1a: Kommo-o|def|1\n|move|p2a: Sneasler|Dire Claw|p1b: Sinistcha\n|-damage|p1b: Sinistcha|72/100\n|move|p1b: Sinistcha|Life Dew|p1b: Sinistcha|[spread] p1a,p1b\n|-heal|p1a: Kommo-o|87/100 brn\n|-heal|p1b: Sinistcha|97/100\n|move|p2b: Sableye|Foul Play|p1b: Sinistcha\n|-supereffective|p1b: Sinistcha|1\n|-damage|p1b: Sinistcha|62/100\n|\n|-damage|p1a: Kommo-o|81/100 brn|[from] brn\n|upkeep\n|turn|5\n|\n|t:|1776102963\n|switch|p1b: Incineroar|Incineroar, L50, M|100/100\n|-ability|p1b: Incineroar|Intimidate|boost\n|-unboost|p2a: Sneasler|atk|1\n|-unboost|p2b: Sableye|atk|1\n|move|p2b: Sableye|Rain Dance|p2b: Sableye\n|-weather|RainDance\n|move|p1a: Kommo-o|Clangorous Soul|p1a: Kommo-o\n|-boost|p1a: Kommo-o|atk|1\n|-boost|p1a: Kommo-o|def|1\n|-boost|p1a: Kommo-o|spa|1\n|-boost|p1a: Kommo-o|spd|1\n|-boost|p1a: Kommo-o|spe|1\n|-damage|p1a: Kommo-o|48/100 brn\n|move|p2a: Sneasler|Dire Claw|p1b: Incineroar\n|-damage|p1b: Incineroar|79/100\n|\n|-weather|RainDance|[upkeep]\n|-damage|p1a: Kommo-o|42/100 brn|[from] brn\n|upkeep\n|turn|6\n|\n|t:|1776102986\n|switch|p1b: Sinistcha|Sinistcha, L50|62/100\n|-heal|p1a: Kommo-o|67/100 brn|[from] ability: Hospitality|[of] p1b: Sinistcha\n|move|p1a: Kommo-o|Clanging Scales|p2b: Sableye|[spread] p2a,p2b\n|-damage|p2a: Sneasler|0 fnt\n|-damage|p2b: Sableye|0 fnt\n|faint|p2a: Sneasler\n|faint|p2b: Sableye\n|-unboost|p1a: Kommo-o|def|1\n|\n|-weather|RainDance|[upkeep]\n|-damage|p1a: Kommo-o|61/100 brn|[from] brn\n|upkeep\n|\n|t:|1776102988\n|switch|p2a: Basculegion|Basculegion, L50, M|100/100\n|switch|p2b: Scizor|Scizor, L50, M|100/100\n|turn|7\n|\n|t:|1776103001\n|detailschange|p2b: Scizor|Scizor-Mega, L50, M\n|-mega|p2b: Scizor|Scizor|Scizorite\n|move|p1b: Sinistcha|Rage Powder|p1b: Sinistcha\n|-singleturn|p1b: Sinistcha|move: Rage Powder\n|move|p1a: Kommo-o|Clanging Scales|p2b: Scizor|[spread] p2a,p2b\n|-resisted|p2b: Scizor|1\n|-damage|p2a: Basculegion|0 fnt\n|-damage|p2b: Scizor|52/100\n|faint|p2a: Basculegion\n|-unboost|p1a: Kommo-o|def|1\n|move|p2b: Scizor|Swords Dance|p2b: Scizor\n|-boost|p2b: Scizor|atk|2\n|\n|-weather|RainDance|[upkeep]\n|-damage|p1a: Kommo-o|54/100 brn|[from] brn\n|upkeep\n|turn|8\n|\n|t:|1776103014\n|move|p1b: Sinistcha|Rage Powder|p1b: Sinistcha\n|-singleturn|p1b: Sinistcha|move: Rage Powder\n|move|p2b: Scizor|Bullet Punch|p1b: Sinistcha\n|-damage|p1b: Sinistcha|0 fnt\n|faint|p1b: Sinistcha\n|move|p1a: Kommo-o|Clanging Scales|p2b: Scizor\n|-resisted|p2b: Scizor|1\n|-damage|p2b: Scizor|0 fnt\n|faint|p2b: Scizor\n|\n|win|Papuas\n|raw|Papuas's rating: 1128 &rarr; <strong>1157</strong><br />(+29 for winning)\n|raw|zefiro9999's rating: 1183 &rarr; <strong>1154</strong><br />(-29 for losing)\n|l|\u2606zefiro9999\n|player|p2|\n",
  "uploadtime": 1776103024,
  "views": 15,
  "formatid": "gen9championsvgc2026regma",
  "rating": 1154,
  "private": 0,
  "password": null
}