{
  "id": "gen9championsvgc2026regma-2586967245",
  "format": "[Gen 9 Champions] VGC 2026 Reg M-A",
  "players": [
    "25th_mang",
    "iqsolid"
  ],
  "log": "|j|\u260625th_mang\n|j|\u2606iqsolid\n|t:|1776476529\n|gametype|doubles\n|player|p1|25th_mang|ballguy|1385\n|player|p2|iqsolid|steven|1380\n|gen|9\n|tier|[Gen 9 Champions] VGC 2026 Reg M-A\n|rated|\n|rule|Species Clause: Limit one of each Pok\u00e9mon\n|rule|Item Clause: Limit 1 of each item\n|clearpoke\n|poke|p1|Blastoise, L50, M|\n|poke|p1|Kingambit, L50, M|\n|poke|p1|Kangaskhan, L50, F|\n|poke|p1|Sinistcha-Masterpiece, L50|\n|poke|p1|Aerodactyl, L50, F|\n|poke|p1|Farigiraf, L50, M|\n|poke|p2|Maushold, L50|\n|poke|p2|Rotom-Wash, L50|\n|poke|p2|Incineroar, L50, M|\n|poke|p2|Whimsicott, L50, F|\n|poke|p2|Gengar, L50, M|\n|poke|p2|Goodra-Hisui, L50, F|\n|teampreview|4\n|inactive|Battle timer is ON: inactive players will automatically lose when time's up. (requested by 25th_mang)\n|inactive|iqsolid has 60 seconds left.\n|\n|t:|1776476574\n|teamsize|p1|4\n|teamsize|p2|4\n|start\n|switch|p1a: Farigiraf|Farigiraf, L50, M, shiny|100/100\n|switch|p1b: Blastoise|Blastoise, L50, M|100/100\n|switch|p2a: Rotom|Rotom-Wash, L50|100/100\n|switch|p2b: Gengar|Gengar, L50, M|100/100\n|turn|1\n|\n|t:|1776476602\n|detailschange|p2b: Gengar|Gengar-Mega, L50, M\n|-mega|p2b: Gengar|Gengar|Gengarite\n|move|p1b: Blastoise|Fake Out|p2a: Rotom\n|-damage|p2a: Rotom|92/100\n|cant|p2a: Rotom|flinch\n|move|p2b: Gengar|Sludge Bomb|p1a: Farigiraf\n|-damage|p1a: Farigiraf|48/100\n|-enditem|p1a: Farigiraf|Sitrus Berry|[eat]\n|-heal|p1a: Farigiraf|73/100|[from] item: Sitrus Berry\n|move|p1a: Farigiraf|Trick Room|p1a: Farigiraf\n|-fieldstart|move: Trick Room|[of] p1a: Farigiraf\n|\n|upkeep\n|turn|2\n|\n|t:|1776476624\n|detailschange|p1b: Blastoise|Blastoise-Mega, L50, M\n|-mega|p1b: Blastoise|Blastoise|Blastoisinite\n|move|p1a: Farigiraf|Helping Hand|p1b: Blastoise\n|-singleturn|p1b: Blastoise|Helping Hand|[of] p1a: Farigiraf\n|move|p2b: Gengar|Protect|p2b: Gengar\n|-singleturn|p2b: Gengar|Protect\n|move|p1b: Blastoise|Dark Pulse|p2a: Rotom\n|-damage|p2a: Rotom|16/100\n|move|p2a: Rotom|Trick|p1a: Farigiraf\n|-activate|p2a: Rotom|move: Trick|[of] p1a: Farigiraf\n|-item|p1a: Farigiraf|Choice Scarf|[from] move: Trick\n|-enditem|p2a: Rotom|Choice Scarf|[silent]|[from] move: Trick\n|\n|upkeep\n|turn|3\n|inactive|iqsolid has 30 seconds left.\n|\n|t:|1776476650\n|switch|p2b: Whimsicott|Whimsicott, L50, F|100/100\n|move|p1a: Farigiraf|Helping Hand|p1b: Blastoise\n|-singleturn|p1b: Blastoise|Helping Hand|[of] p1a: Farigiraf\n|move|p1b: Blastoise|Water Spout|p2b: Whimsicott|[spread] p2a,p2b\n|-resisted|p2a: Rotom|1\n|-resisted|p2b: Whimsicott|1\n|-damage|p2a: Rotom|0 fnt\n|-damage|p2b: Whimsicott|16/100\n|faint|p2a: Rotom\n|\n|upkeep\n|\n|t:|1776476662\n|switch|p2a: Goodra|Goodra-Hisui, L50, F|100/100\n|turn|4\n|\n|t:|1776476674\n|move|p1a: Farigiraf|Helping Hand|p1b: Blastoise\n|-singleturn|p1b: Blastoise|Helping Hand|[of] p1a: Farigiraf\n|move|p2b: Whimsicott|Protect|p2b: Whimsicott\n|-singleturn|p2b: Whimsicott|Protect\n|move|p2a: Goodra|Body Press|p1b: Blastoise\n|-damage|p1b: Blastoise|81/100\n|move|p1b: Blastoise|Water Spout|p2b: Whimsicott|[spread] p2a\n|-activate|p2b: Whimsicott|move: Protect\n|-resisted|p2a: Goodra|1\n|-damage|p2a: Goodra|75/100\n|\n|-heal|p2a: Goodra|81/100|[from] item: Leftovers\n|upkeep\n|turn|5\n|\n|t:|1776476697\n|switch|p1a: Sinistcha|Sinistcha-Masterpiece, L50|100/100\n|-heal|p1b: Blastoise|100/100|[from] ability: Hospitality|[of] p1a: Sinistcha\n|move|p2b: Whimsicott|Protect|p2b: Whimsicott\n|-singleturn|p2b: Whimsicott|Protect\n|move|p2a: Goodra|Shelter|p2a: Goodra\n|-boost|p2a: Goodra|def|2\n|move|p1b: Blastoise|Water Spout|p2a: Goodra|[spread] p2a\n|-activate|p2b: Whimsicott|move: Protect\n|-resisted|p2a: Goodra|1\n|-crit|p2a: Goodra\n|-damage|p2a: Goodra|53/100\n|\n|-heal|p2a: Goodra|59/100|[from] item: Leftovers\n|-fieldend|move: Trick Room\n|upkeep\n|turn|6\n|\n|t:|1776476721\n|switch|p1b: Farigiraf|Farigiraf, L50, M, shiny|73/100\n|move|p2b: Whimsicott|Fake Tears||[still]\n|cant|p1b: Farigiraf|ability: Armor Tail|Fake Tears|[of] p2b: Whimsicott\n|move|p2a: Goodra|Flash Cannon|p1a: Sinistcha\n|-damage|p1a: Sinistcha|72/100\n|move|p1a: Sinistcha|Trick Room|p1a: Sinistcha\n|-fieldstart|move: Trick Room|[of] p1a: Sinistcha\n|\n|-heal|p2a: Goodra|65/100|[from] item: Leftovers\n|upkeep\n|turn|7\n|\n|t:|1776476739\n|move|p2b: Whimsicott|Protect|p2b: Whimsicott\n|-singleturn|p2b: Whimsicott|Protect\n|move|p2a: Goodra|Shelter|p2a: Goodra\n|-boost|p2a: Goodra|def|2\n|move|p1a: Sinistcha|Matcha Gotcha|p2b: Whimsicott|[spread] p2a\n|-activate|p2b: Whimsicott|move: Protect\n|-resisted|p2a: Goodra|2\n|-damage|p2a: Goodra|61/100\n|-heal|p1a: Sinistcha|74/100|[from] drain|[of] p2a: Goodra\n|move|p1b: Farigiraf|Psychic|p2a: Goodra\n|-resisted|p2a: Goodra|1\n|-damage|p2a: Goodra|51/100\n|\n|-heal|p2a: Goodra|57/100|[from] item: Leftovers\n|upkeep\n|turn|8\n|inactive|25th_mang has 30 seconds left.\n|inactive|iqsolid has 30 seconds left.\n|\n|t:|1776476774\n|switch|p1a: Kingambit|Kingambit, L50, M|100/100\n|move|p2a: Goodra|Shelter|p2a: Goodra\n|-boost|p2a: Goodra|def|2\n|move|p1b: Farigiraf|Psychic|p2a: Goodra\n|-resisted|p2a: Goodra|1\n|-damage|p2a: Goodra|45/100\n|move|p2b: Whimsicott|Moonblast|p1a: Kingambit\n|-damage|p1a: Kingambit|67/100\n|\n|-heal|p2a: Goodra|51/100|[from] item: Leftovers\n|upkeep\n|turn|9\n|\n|t:|1776476792\n|move|p2b: Whimsicott|Protect|p2b: Whimsicott\n|-singleturn|p2b: Whimsicott|Protect\n|move|p1a: Kingambit|Low Kick|p2a: Goodra\n|-supereffective|p2a: Goodra|1\n|-damage|p2a: Goodra|33/100\n|-ability|p2a: Goodra|Gooey\n|-unboost|p1a: Kingambit|spe|1\n|-ability|p1a: Kingambit|Defiant|boost\n|-boost|p1a: Kingambit|atk|2\n|move|p2a: Goodra|Body Press|p1a: Kingambit\n|-supereffective|p1a: Kingambit|2\n|-crit|p1a: Kingambit\n|-damage|p1a: Kingambit|0 fnt\n|faint|p1a: Kingambit\n|move|p1b: Farigiraf|Psychic|p2a: Goodra\n|-resisted|p2a: Goodra|1\n|-damage|p2a: Goodra|22/100\n|\n|-heal|p2a: Goodra|28/100|[from] item: Leftovers\n|upkeep\n|\n|t:|1776476812\n|switch|p1a: Blastoise|Blastoise-Mega, L50, M|100/100\n|turn|10\n|\n|t:|1776476829\n|move|p2a: Goodra|Protect|p2a: Goodra\n|-singleturn|p2a: Goodra|Protect\n|move|p1a: Blastoise|Water Spout|p2b: Whimsicott|[spread] p2b\n|-activate|p2a: Goodra|move: Protect\n|-resisted|p2b: Whimsicott|1\n|-damage|p2b: Whimsicott|0 fnt\n|faint|p2b: Whimsicott\n|move|p1b: Farigiraf|Psychic|p2a: Goodra\n|-activate|p2a: Goodra|move: Protect\n|\n|-heal|p2a: Goodra|34/100|[from] item: Leftovers\n|-fieldend|move: Trick Room\n|upkeep\n|\n|t:|1776476838\n|switch|p2b: Gengar|Gengar-Mega, L50, M|100/100\n|turn|11\n|\n|t:|1776476852\n|move|p2b: Gengar|Protect|p2b: Gengar\n|-singleturn|p2b: Gengar|Protect\n|move|p1b: Farigiraf|Psychic|p2b: Gengar\n|-activate|p2b: Gengar|move: Protect\n|move|p1a: Blastoise|Dark Pulse|p2b: Gengar\n|-activate|p2b: Gengar|move: Protect\n|move|p2a: Goodra|Body Press|p1b: Farigiraf\n|-damage|p1b: Farigiraf|10/100\n|\n|-heal|p2a: Goodra|40/100|[from] item: Leftovers\n|upkeep\n|turn|12\n|inactive|iqsolid has 30 seconds left.\n|\n|t:|1776476880\n|move|p2b: Gengar|Sludge Bomb|p1b: Farigiraf\n|-damage|p1b: Farigiraf|0 fnt\n|faint|p1b: Farigiraf\n|move|p1a: Blastoise|Dark Pulse|p2b: Gengar\n|-supereffective|p2b: Gengar|1\n|-damage|p2b: Gengar|0 fnt\n|faint|p2b: Gengar\n|move|p2a: Goodra|Body Press|p1a: Blastoise\n|-damage|p1a: Blastoise|28/100\n|\n|-heal|p2a: Goodra|45/100|[from] item: Leftovers\n|upkeep\n|\n|t:|1776476887\n|switch|p1b: Sinistcha|Sinistcha-Masterpiece, L50|74/100\n|-heal|p1a: Blastoise|52/100|[from] ability: Hospitality|[of] p1b: Sinistcha\n|turn|13\n|inactive|25th_mang has 30 seconds left.\n|\n|t:|1776476915\n|move|p1a: Blastoise|Dark Pulse|p2a: Goodra\n|-damage|p2a: Goodra|18/100\n|move|p1b: Sinistcha|Life Dew|p1b: Sinistcha|[spread] p1a,p1b\n|-heal|p1a: Blastoise|78/100\n|-heal|p1b: Sinistcha|99/100\n|cant|p2a: Goodra|flinch\n|\n|-heal|p2a: Goodra|24/100|[from] item: Leftovers\n|upkeep\n|turn|14\n|\n|t:|1776476926\n|move|p1a: Blastoise|Dark Pulse|p2a: Goodra\n|-damage|p2a: Goodra|0 fnt\n|faint|p2a: Goodra\n|\n|win|25th_mang\n|raw|25th_mang's rating: 1385 &rarr; <strong>1405</strong><br />(+20 for winning)\n|raw|iqsolid's rating: 1380 &rarr; <strong>1360</strong><br />(-20 for losing)\n",
  "uploadtime": 1776476930,
  "views": 30,
  "formatid": "gen9championsvgc2026regma",
  "rating": 1360,
  "private": 0,
  "password": null
}