{
  "id": "gen9championsvgc2026regma-2581571801",
  "format": "[Gen 9 Champions] VGC 2026 Reg M-A",
  "players": [
    "coooooking?",
    "NewwDawn"
  ],
  "log": "|j|\u2606coooooking?\n|j|\u2606NewwDawn\n|t:|1776011914\n|gametype|doubles\n|player|p1|coooooking?|unknown|1072\n|player|p2|NewwDawn|n-masters|1000\n|gen|9\n|tier|[Gen 9 Champions] VGC 2026 Reg M-A\n|rated|\n|rule|Species Clause: Limit one of each Pok\u00e9mon\n|rule|Item Clause: Limit 1 of each item\n|clearpoke\n|poke|p1|Blastoise, L50, F|\n|poke|p1|Pelipper, L50, F|\n|poke|p1|Archaludon, L50, M|\n|poke|p1|Whimsicott, L50, F|\n|poke|p1|Farigiraf, L50, M|\n|poke|p1|Venusaur, L50, F|\n|poke|p2|Krookodile, L50, F|\n|poke|p2|Hawlucha, L50, F|\n|poke|p2|Gardevoir, L50, M|\n|poke|p2|Maushold, L50|\n|poke|p2|Corviknight, L50, M|\n|poke|p2|Rotom-Wash, L50|\n|teampreview|4\n|\n|t:|1776011944\n|teamsize|p1|4\n|teamsize|p2|4\n|start\n|switch|p1a: Pelipper|Pelipper, L50, F|100/100\n|switch|p1b: Archaludon|Archaludon, L50, M|100/100\n|switch|p2a: Rotom|Rotom-Wash, L50|100/100\n|switch|p2b: Hawlucha|Hawlucha, L50, F|100/100\n|-weather|RainDance|[from] ability: Drizzle|[of] p1a: Pelipper\n|turn|1\n|\n|t:|1776011965\n|detailschange|p2b: Hawlucha|Hawlucha-Mega, L50, F\n|-mega|p2b: Hawlucha|Hawlucha|Hawluchanite\n|move|p1a: Pelipper|Protect|p1a: Pelipper\n|-singleturn|p1a: Pelipper|Protect\n|move|p2b: Hawlucha|Substitute|p2b: Hawlucha\n|-start|p2b: Hawlucha|Substitute\n|-damage|p2b: Hawlucha|76/100\n|move|p2a: Rotom|Volt Switch|p1b: Archaludon\n|-resisted|p1b: Archaludon|1\n|-damage|p1b: Archaludon|86/100\n|-ability|p1b: Archaludon|Stamina|boost\n|-boost|p1b: Archaludon|def|1\n|\n|t:|1776011973\n|switch|p2a: Krookodile|Krookodile, L50, F|100/100|[from] Volt Switch\n|-ability|p2a: Krookodile|Intimidate|boost\n|-unboost|p1a: Pelipper|atk|1\n|-unboost|p1b: Archaludon|atk|1\n|move|p1b: Archaludon|Electro Shot||[still]\n|-prepare|p1b: Archaludon|Electro Shot\n|-boost|p1b: Archaludon|spa|1\n|-anim|p1b: Archaludon|Electro Shot|p2a: Krookodile\n|-immune|p2a: Krookodile\n|\n|-weather|RainDance|[upkeep]\n|-heal|p1b: Archaludon|92/100|[from] item: Leftovers\n|upkeep\n|turn|2\n|\n|t:|1776012016\n|switch|p2a: Rotom|Rotom-Wash, L50|100/100\n|switch|p1b: Farigiraf|Farigiraf, L50, M|100/100\n|move|p2b: Hawlucha|Close Combat|p1b: Farigiraf\n|-damage|p1b: Farigiraf|25/100\n|-unboost|p2b: Hawlucha|def|1\n|-unboost|p2b: Hawlucha|spd|1\n|move|p1a: Pelipper|Weather Ball|p2a: Rotom\n|-resisted|p2a: Rotom|1\n|-damage|p2a: Rotom|81/100\n|\n|-weather|RainDance|[upkeep]\n|upkeep\n|turn|3\n|\n|t:|1776012036\n|move|p2a: Rotom|Protect|p2a: Rotom\n|-singleturn|p2a: Rotom|Protect\n|move|p2b: Hawlucha|Rock Slide|p1b: Farigiraf|[spread] p1a,p1b\n|-supereffective|p1a: Pelipper|1\n|-damage|p1a: Pelipper|54/100\n|-damage|p1b: Farigiraf|1/100\n|move|p1a: Pelipper|Hurricane|p2b: Hawlucha\n|-supereffective|p2b: Hawlucha|1\n|-end|p2b: Hawlucha|Substitute\n|cant|p1b: Farigiraf|flinch\n|\n|-weather|RainDance|[upkeep]\n|upkeep\n|turn|4\n|\n|t:|1776012059\n|move|p2b: Hawlucha|Substitute|p2b: Hawlucha\n|-start|p2b: Hawlucha|Substitute\n|-damage|p2b: Hawlucha|51/100\n|move|p1a: Pelipper|Weather Ball|p2b: Hawlucha\n|-end|p2b: Hawlucha|Substitute\n|move|p2a: Rotom|Volt Switch|p1a: Pelipper\n|-supereffective|p1a: Pelipper|2\n|-crit|p1a: Pelipper\n|-damage|p1a: Pelipper|0 fnt\n|faint|p1a: Pelipper\n|\n|t:|1776012067\n|switch|p2a: Krookodile|Krookodile, L50, F|100/100|[from] Volt Switch\n|-ability|p2a: Krookodile|Intimidate|boost\n|-unboost|p1b: Farigiraf|atk|1\n|move|p1b: Farigiraf|Trick Room|p1b: Farigiraf\n|-fieldstart|move: Trick Room|[of] p1b: Farigiraf\n|\n|-weather|RainDance|[upkeep]\n|upkeep\n|\n|t:|1776012074\n|switch|p1a: Blastoise|Blastoise, L50, F|100/100\n|turn|5\n|\n|t:|1776012091\n|detailschange|p1a: Blastoise|Blastoise-Mega, L50, F\n|-mega|p1a: Blastoise|Blastoise|Blastoisinite\n|move|p1b: Farigiraf|Helping Hand|p1a: Blastoise\n|-singleturn|p1a: Blastoise|Helping Hand|[of] p1b: Farigiraf\n|move|p1a: Blastoise|Water Spout|p2b: Hawlucha|[spread] p2a,p2b\n|-supereffective|p2a: Krookodile|1\n|-damage|p2a: Krookodile|0 fnt\n|-damage|p2b: Hawlucha|0 fnt\n|faint|p2a: Krookodile\n|faint|p2b: Hawlucha\n|\n|-weather|none\n|upkeep\n|\n|t:|1776012101\n|switch|p2a: Rotom|Rotom-Wash, L50|81/100\n|switch|p2b: Gardevoir|Gardevoir, L50, M|100/100\n|-ability|p2b: Gardevoir|Armor Tail|Trace|[from] ability: Trace|[of] p1b: Farigiraf\n|turn|6\n|\n|t:|1776012121\n|move|p1b: Farigiraf|Helping Hand|p1a: Blastoise\n|-singleturn|p1a: Blastoise|Helping Hand|[of] p1b: Farigiraf\n|move|p2a: Rotom|Protect|p2a: Rotom\n|-singleturn|p2a: Rotom|Protect\n|move|p1a: Blastoise|Water Spout|p2a: Rotom|[spread] p2b\n|-activate|p2a: Rotom|move: Protect\n|-damage|p2b: Gardevoir|1/100\n|move|p2b: Gardevoir|Hypnosis|p1a: Blastoise|[miss]\n|-miss|p2b: Gardevoir|p1a: Blastoise\n|\n|upkeep\n|turn|7\n|\n|t:|1776012135\n|move|p1b: Farigiraf|Helping Hand|p1a: Blastoise\n|-singleturn|p1a: Blastoise|Helping Hand|[of] p1b: Farigiraf\n|move|p1a: Blastoise|Water Spout|p2b: Gardevoir|[spread] p2a,p2b\n|-resisted|p2a: Rotom|1\n|-damage|p2a: Rotom|43/100\n|-damage|p2b: Gardevoir|0 fnt\n|-enditem|p2a: Rotom|Sitrus Berry|[eat]\n|-heal|p2a: Rotom|68/100|[from] item: Sitrus Berry\n|faint|p2b: Gardevoir\n|move|p2a: Rotom|Volt Switch|p1a: Blastoise\n|-supereffective|p1a: Blastoise|1\n|-damage|p1a: Blastoise|57/100\n|\n|upkeep\n|turn|8\n|\n|t:|1776012150\n|move|p1b: Farigiraf|Helping Hand|p1a: Blastoise\n|-singleturn|p1a: Blastoise|Helping Hand|[of] p1b: Farigiraf\n|move|p1a: Blastoise|Aura Sphere|p2a: Rotom\n|-damage|p2a: Rotom|12/100\n|move|p2a: Rotom|Volt Switch|p1a: Blastoise\n|-supereffective|p1a: Blastoise|1\n|-damage|p1a: Blastoise|12/100\n|\n|-fieldend|move: Trick Room\n|upkeep\n|turn|9\n|\n|t:|1776012159\n|move|p2a: Rotom|Volt Switch|p1a: Blastoise\n|-supereffective|p1a: Blastoise|1\n|-damage|p1a: Blastoise|0 fnt\n|faint|p1a: Blastoise\n|move|p1b: Farigiraf|Hyper Voice|p2a: Rotom\n|-damage|p2a: Rotom|0 fnt\n|faint|p2a: Rotom\n|\n|win|coooooking?\n|raw|coooooking?'s rating: 1072 &rarr; <strong>1095</strong><br />(+23 for winning)\n|raw|NewwDawn's rating: 1000 &rarr; <strong>1000</strong><br />(+0 for losing)\n|l|\u2606NewwDawn\n|player|p2|\n",
  "uploadtime": 1776012164,
  "views": 15,
  "formatid": "gen9championsvgc2026regma",
  "rating": 1000,
  "private": 0,
  "password": null
}