{
  "id": "gen9championsvgc2026regma-2588516580",
  "format": "[Gen 9 Champions] VGC 2026 Reg M-A",
  "players": [
    "sdlt 2krl coolguy",
    "Clids"
  ],
  "log": "|j|\u2606sdlt 2krl coolguy\n|j|\u2606Clids\n|t:|1776640761\n|gametype|doubles\n|player|p1|sdlt 2krl coolguy|leon-masters2|1188\n|player|p2|Clids|169|1088\n|gen|9\n|tier|[Gen 9 Champions] VGC 2026 Reg M-A\n|rated|\n|rule|Species Clause: Limit one of each Pok\u00e9mon\n|rule|Item Clause: Limit 1 of each item\n|clearpoke\n|poke|p1|Floette-Eternal, L50, F|\n|poke|p1|Incineroar, L50, F|\n|poke|p1|Sinistcha, L50|\n|poke|p1|Garchomp, L50, M|\n|poke|p1|Sneasler, L50, M|\n|poke|p1|Kingambit, L50, F|\n|poke|p2|Pelipper, L50, M|\n|poke|p2|Archaludon, L50, F, shiny|\n|poke|p2|Basculegion, L50, M, shiny|\n|poke|p2|Sinistcha, L50|\n|poke|p2|Gengar, L50, F|\n|poke|p2|Rotom-Heat, L50|\n|teampreview|4\n|inactive|Battle timer is ON: inactive players will automatically lose when time's up. (requested by sdlt 2krl coolguy)\n|inactive|Clids has 60 seconds left.\n|\n|t:|1776640806\n|teamsize|p1|4\n|teamsize|p2|4\n|start\n|switch|p1a: Floette|Floette-Eternal, L50, F|100/100\n|switch|p1b: Sinistcha|Sinistcha, L50|100/100\n|switch|p2a: The reaper|Gengar, L50, F|100/100\n|switch|p2b: Bob|Basculegion, L50, M, shiny|100/100\n|turn|1\n|\n|t:|1776640816\n|switch|p1a: Kingambit|Kingambit, L50, F|100/100\n|detailschange|p2a: The reaper|Gengar-Mega, L50, F\n|-mega|p2a: The reaper|Gengar|Gengarite\n|move|p2a: The reaper|Sludge Wave|p1b: Sinistcha|[spread] p2b,p1b\n|-immune|p1a: Kingambit\n|-resisted|p2b: Bob|1\n|-damage|p2b: Bob|74/100\n|-damage|p1b: Sinistcha|58/100\n|-status|p2b: Bob|psn\n|move|p2b: Bob|Last Respects|p1b: Sinistcha\n|-supereffective|p1b: Sinistcha|1\n|-damage|p1b: Sinistcha|8/100\n|-enditem|p1b: Sinistcha|Sitrus Berry|[eat]\n|-heal|p1b: Sinistcha|33/100|[from] item: Sitrus Berry\n|move|p1b: Sinistcha|Matcha Gotcha|p2b: Bob|[spread] p2a,p2b\n|-resisted|p2a: The reaper|1\n|-supereffective|p2b: Bob|1\n|-damage|p2a: The reaper|84/100\n|-heal|p1b: Sinistcha|39/100|[from] drain|[of] p2a: The reaper\n|-damage|p2b: Bob|22/100 psn\n|-heal|p1b: Sinistcha|67/100|[from] drain|[of] p2b: Bob\n|-status|p2a: The reaper|brn\n|\n|-damage|p2b: Bob|10/100 psn|[from] psn\n|-damage|p2a: The reaper|78/100 brn|[from] brn\n|upkeep\n|turn|2\n|j| traceyscetchit\n|l| traceyscetchit\n|\n|t:|1776640841\n|move|p1a: Kingambit|Sucker Punch|p2a: The reaper\n|-supereffective|p2a: The reaper|1\n|-damage|p2a: The reaper|0 fnt\n|faint|p2a: The reaper\n|move|p2b: Bob|Flip Turn|p1a: Kingambit\n|-damage|p1a: Kingambit|72/100\n|\n|t:|1776640848\n|switch|p2b: Guardiola|Pelipper, L50, M|100/100|[from] Flip Turn\n|-weather|RainDance|[from] ability: Drizzle|[of] p2b: Guardiola\n|move|p1b: Sinistcha|Trick Room|p1b: Sinistcha\n|-fieldstart|move: Trick Room|[of] p1b: Sinistcha\n|\n|-weather|RainDance|[upkeep]\n|upkeep\n|\n|t:|1776640854\n|switch|p2a: London Bridge|Archaludon, L50, F, shiny|100/100\n|turn|3\n|\n|t:|1776640874\n|move|p1a: Kingambit|Kowtow Cleave|p2b: Guardiola\n|-damage|p2b: Guardiola|44/100\n|move|p1b: Sinistcha|Matcha Gotcha|p2b: Guardiola|[spread] p2a,p2b\n|-resisted|p2a: London Bridge|2\n|-damage|p2a: London Bridge|91/100\n|-heal|p1b: Sinistcha|72/100|[from] drain|[of] p2a: London Bridge\n|-damage|p2b: Guardiola|2/100\n|-heal|p1b: Sinistcha|88/100|[from] drain|[of] p2b: Guardiola\n|-status|p2a: London Bridge|brn\n|-ability|p2a: London Bridge|Stamina|boost\n|-boost|p2a: London Bridge|def|1\n|move|p2b: Guardiola|Tailwind|p2b: Guardiola\n|-sidestart|p2: Clids|move: Tailwind\n|move|p2a: London Bridge|Electro Shot||[still]\n|-prepare|p2a: London Bridge|Electro Shot\n|-boost|p2a: London Bridge|spa|1\n|-anim|p2a: London Bridge|Electro Shot|p1a: Kingambit\n|-damage|p1a: Kingambit|8/100\n|\n|-weather|RainDance|[upkeep]\n|-damage|p2a: London Bridge|85/100 brn|[from] brn\n|upkeep\n|turn|4\n|inactive|Clids has 30 seconds left.\n|\n|t:|1776640904\n|move|p1a: Kingambit|Kowtow Cleave|p2a: London Bridge\n|-damage|p2a: London Bridge|50/100 brn\n|-ability|p2a: London Bridge|Stamina|boost\n|-boost|p2a: London Bridge|def|1\n|move|p1b: Sinistcha|Matcha Gotcha|p2a: London Bridge|[spread] p2a,p2b\n|-resisted|p2a: London Bridge|2\n|-damage|p2a: London Bridge|41/100 brn\n|-heal|p1b: Sinistcha|93/100|[from] drain|[of] p2a: London Bridge\n|-damage|p2b: Guardiola|0 fnt\n|-heal|p1b: Sinistcha|93/100|[from] drain|[of] p2b: Guardiola\n|-ability|p2a: London Bridge|Stamina|boost\n|-boost|p2a: London Bridge|def|1\n|faint|p2b: Guardiola\n|move|p2a: London Bridge|Flash Cannon|p1a: Kingambit\n|-resisted|p1a: Kingambit|1\n|-damage|p1a: Kingambit|0 fnt\n|faint|p1a: Kingambit\n|\n|-weather|RainDance|[upkeep]\n|-damage|p2a: London Bridge|35/100 brn|[from] brn\n|upkeep\n|\n|t:|1776640922\n|switch|p1a: Floette|Floette-Eternal, L50, F|100/100\n|switch|p2b: Bob|Basculegion, L50, M, shiny|10/100 psn\n|turn|5\n|\n|t:|1776640932\n|detailschange|p1a: Floette|Floette-Mega, L50, F\n|-mega|p1a: Floette|Floette|Floettite\n|-ability|p1a: Floette|Fairy Aura\n|move|p1b: Sinistcha|Rage Powder|p1b: Sinistcha\n|-singleturn|p1b: Sinistcha|move: Rage Powder\n|move|p1a: Floette|Dazzling Gleam|p2a: London Bridge|[spread] p2a,p2b\n|-damage|p2a: London Bridge|0 fnt\n|-damage|p2b: Bob|0 fnt\n|faint|p2a: London Bridge\n|faint|p2b: Bob\n|\n|win|sdlt 2krl coolguy\n|raw|sdlt 2krl coolguy's rating: 1188 &rarr; <strong>1206</strong><br />(+18 for winning)\n|raw|Clids's rating: 1088 &rarr; <strong>1071</strong><br />(-17 for losing)\n",
  "uploadtime": 1776640932,
  "views": 7,
  "formatid": "gen9championsvgc2026regma",
  "rating": 1071,
  "private": 0,
  "password": null
}