{
  "id": "gen9championsvgc2026regma-2586885263",
  "format": "[Gen 9 Champions] VGC 2026 Reg M-A",
  "players": [
    "lloni",
    "Hudie EU"
  ],
  "log": "|j|\u2606lloni\n|j|\u2606Hudie EU\n|t:|1776468480\n|gametype|doubles\n|player|p1|lloni|iris-gen5bw2|1312\n|player|p2|Hudie EU|hilda|1319\n|gen|9\n|tier|[Gen 9 Champions] VGC 2026 Reg M-A\n|rated|\n|rule|Species Clause: Limit one of each Pok\u00e9mon\n|rule|Item Clause: Limit 1 of each item\n|clearpoke\n|poke|p1|Kommo-o, L50, M|\n|poke|p1|Excadrill, L50, F|\n|poke|p1|Gyarados, L50, F|\n|poke|p1|Sinistcha, L50|\n|poke|p1|Volcarona, L50, F|\n|poke|p1|Tyranitar, L50, M|\n|poke|p2|Scizor, L50, F|\n|poke|p2|Pelipper, L50, M|\n|poke|p2|Incineroar, L50, F|\n|poke|p2|Sinistcha, L50|\n|poke|p2|Farigiraf, L50, F|\n|poke|p2|Sneasler, L50, F|\n|teampreview|4\n|inactive|Battle timer is ON: inactive players will automatically lose when time's up. (requested by lloni)\n|j| TallyTulo\n|inactive|lloni has 60 seconds left.\n|\n|t:|1776468513\n|teamsize|p1|4\n|teamsize|p2|4\n|start\n|switch|p1a: Tyranitar|Tyranitar, L50, M|100/100\n|switch|p1b: Excadrill|Excadrill, L50, F|100/100\n|switch|p2a: Scizor|Scizor, L50, F|100/100\n|switch|p2b: Incineroar|Incineroar, L50, F|100/100\n|-weather|Sandstorm|[from] ability: Sand Stream|[of] p1a: Tyranitar\n|-ability|p2b: Incineroar|Intimidate|boost\n|-unboost|p1a: Tyranitar|atk|1\n|-unboost|p1b: Excadrill|atk|1\n|turn|1\n|\n|t:|1776468524\n|switch|p1a: Volcarona|Volcarona, L50, F|100/100\n|detailschange|p2a: Scizor|Scizor-Mega, L50, F\n|-mega|p2a: Scizor|Scizor|Scizorite\n|move|p2b: Incineroar|Fake Out|p1a: Volcarona\n|-damage|p1a: Volcarona|87/100\n|-immune|p2b: Incineroar\n|move|p1b: Excadrill|High Horsepower|p2b: Incineroar\n|-supereffective|p2b: Incineroar|1\n|-damage|p2b: Incineroar|48/100\n|-enditem|p2b: Incineroar|Sitrus Berry|[eat]\n|-heal|p2b: Incineroar|73/100|[from] item: Sitrus Berry\n|move|p2a: Scizor|Swords Dance|p2a: Scizor\n|-boost|p2a: Scizor|atk|2\n|\n|-weather|Sandstorm|[upkeep]\n|-damage|p1a: Volcarona|81/100|[from] Sandstorm\n|-damage|p2b: Incineroar|67/100|[from] Sandstorm\n|upkeep\n|turn|2\n|\n|t:|1776468545\n|switch|p2b: Pelipper|Pelipper, L50, M|100/100\n|-weather|RainDance|[from] ability: Drizzle|[of] p2b: Pelipper\n|move|p2a: Scizor|Protect|p2a: Scizor\n|-singleturn|p2a: Scizor|Protect\n|move|p1a: Volcarona|Heat Wave|p2a: Scizor|[spread] p2b\n|-activate|p2a: Scizor|move: Protect\n|-resisted|p2b: Pelipper|1\n|-damage|p2b: Pelipper|85/100\n|-status|p2b: Pelipper|brn\n|move|p1b: Excadrill|High Horsepower|p2b: Pelipper\n|-immune|p2b: Pelipper\n|\n|-weather|RainDance|[upkeep]\n|-damage|p2b: Pelipper|79/100 brn|[from] brn\n|upkeep\n|turn|3\n|\n|t:|1776468561\n|switch|p1a: Tyranitar|Tyranitar, L50, M|100/100\n|-weather|Sandstorm|[from] ability: Sand Stream|[of] p1a: Tyranitar\n|move|p2b: Pelipper|Wide Guard|p2b: Pelipper\n|-singleturn|p2b: Pelipper|Wide Guard\n|move|p2a: Scizor|Bullet Punch|p1b: Excadrill\n|-resisted|p1b: Excadrill|1\n|-damage|p1b: Excadrill|51/100\n|move|p1b: Excadrill|Rock Slide|p2b: Pelipper|[spread] \n|-activate|p2a: Scizor|move: Wide Guard\n|-activate|p2b: Pelipper|move: Wide Guard\n|\n|-weather|Sandstorm|[upkeep]\n|-damage|p2b: Pelipper|73/100 brn|[from] Sandstorm\n|-damage|p2b: Pelipper|67/100 brn|[from] brn\n|upkeep\n|turn|4\n|\n|t:|1776468578\n|switch|p1b: Volcarona|Volcarona, L50, F|81/100\n|switch|p2b: Incineroar|Incineroar, L50, F|67/100\n|-ability|p2b: Incineroar|Intimidate|boost\n|-unboost|p1a: Tyranitar|atk|1\n|-unboost|p1b: Volcarona|atk|1\n|detailschange|p1a: Tyranitar|Tyranitar-Mega, L50, M\n|-mega|p1a: Tyranitar|Tyranitar|Tyranitarite\n|move|p1a: Tyranitar|Crunch|p2a: Scizor\n|-damage|p2a: Scizor|76/100\n|move|p2a: Scizor|Bug Bite|p1a: Tyranitar\n|-supereffective|p1a: Tyranitar|1\n|-damage|p1a: Tyranitar|0 fnt\n|faint|p1a: Tyranitar\n|\n|-weather|Sandstorm|[upkeep]\n|-damage|p1b: Volcarona|74/100|[from] Sandstorm\n|-damage|p2b: Incineroar|61/100|[from] Sandstorm\n|upkeep\n|\n|t:|1776468590\n|switch|p1a: Sinistcha|Sinistcha, L50|100/100\n|-heal|p1b: Volcarona|99/100|[from] ability: Hospitality|[of] p1a: Sinistcha\n|turn|5\n|\n|t:|1776468602\n|move|p2b: Incineroar|Fake Out|p1b: Volcarona\n|-damage|p1b: Volcarona|87/100\n|move|p1a: Sinistcha|Rage Powder|p1a: Sinistcha\n|-singleturn|p1a: Sinistcha|move: Rage Powder\n|cant|p1b: Volcarona|flinch\n|move|p2a: Scizor|Swords Dance|p2a: Scizor\n|-boost|p2a: Scizor|atk|2\n|\n|-weather|Sandstorm|[upkeep]\n|-damage|p1b: Volcarona|81/100|[from] Sandstorm\n|-damage|p1a: Sinistcha|94/100|[from] Sandstorm\n|-damage|p2b: Incineroar|55/100|[from] Sandstorm\n|upkeep\n|turn|6\n|\n|t:|1776468614\n|move|p2a: Scizor|Protect|p2a: Scizor\n|-singleturn|p2a: Scizor|Protect\n|move|p1a: Sinistcha|Rage Powder|p1a: Sinistcha\n|-singleturn|p1a: Sinistcha|move: Rage Powder\n|move|p1b: Volcarona|Quiver Dance|p1b: Volcarona\n|-boost|p1b: Volcarona|spa|1\n|-boost|p1b: Volcarona|spd|1\n|-boost|p1b: Volcarona|spe|1\n|move|p2b: Incineroar|Parting Shot|p1a: Sinistcha\n|-unboost|p1a: Sinistcha|atk|1\n|-unboost|p1a: Sinistcha|spa|1\n|\n|t:|1776468619\n|switch|p2b: Pelipper|Pelipper, L50, M|67/100 brn|[from] Parting Shot\n|-weather|RainDance|[from] ability: Drizzle|[of] p2b: Pelipper\n|\n|-weather|RainDance|[upkeep]\n|-damage|p2b: Pelipper|61/100 brn|[from] brn\n|upkeep\n|turn|7\n|\n|t:|1776468628\n|move|p2b: Pelipper|Wide Guard|p2b: Pelipper\n|-singleturn|p2b: Pelipper|Wide Guard\n|move|p1a: Sinistcha|Rage Powder|p1a: Sinistcha\n|-singleturn|p1a: Sinistcha|move: Rage Powder\n|move|p1b: Volcarona|Quiver Dance|p1b: Volcarona\n|-boost|p1b: Volcarona|spa|1\n|-boost|p1b: Volcarona|spd|1\n|-boost|p1b: Volcarona|spe|1\n|move|p2a: Scizor|Bug Bite|p1a: Sinistcha\n|-damage|p1a: Sinistcha|0 fnt\n|faint|p1a: Sinistcha\n|\n|-weather|RainDance|[upkeep]\n|-damage|p2b: Pelipper|55/100 brn|[from] brn\n|upkeep\n|\n|t:|1776468637\n|switch|p1a: Excadrill|Excadrill, L50, F|51/100\n|turn|8\n|\n|t:|1776468653\n|switch|p2b: Incineroar|Incineroar, L50, F|55/100\n|-ability|p2b: Incineroar|Intimidate|boost\n|-unboost|p1a: Excadrill|atk|1\n|-unboost|p1b: Volcarona|atk|1\n|move|p1b: Volcarona|Protect|p1b: Volcarona\n|-singleturn|p1b: Volcarona|Protect\n|move|p2a: Scizor|Protect|p2a: Scizor\n|-singleturn|p2a: Scizor|Protect\n|move|p1a: Excadrill|Iron Head|p2b: Incineroar\n|-resisted|p2b: Incineroar|1\n|-damage|p2b: Incineroar|45/100\n|\n|-weather|RainDance|[upkeep]\n|upkeep\n|turn|9\n|\n|t:|1776468671\n|move|p1b: Volcarona|Protect|p1b: Volcarona\n|-singleturn|p1b: Volcarona|Protect\n|move|p2b: Incineroar|Fake Out|p1b: Volcarona\n|-activate|p1b: Volcarona|move: Protect\n|move|p2a: Scizor|Bullet Punch|p1a: Excadrill\n|-resisted|p1a: Excadrill|1\n|-damage|p1a: Excadrill|0 fnt\n|faint|p1a: Excadrill\n|\n|-weather|RainDance|[upkeep]\n|upkeep\n|turn|10\n|\n|t:|1776468688\n|move|p2a: Scizor|Protect|p2a: Scizor\n|-singleturn|p2a: Scizor|Protect\n|move|p1b: Volcarona|Heat Wave|p2a: Scizor|[spread] p2b\n|-activate|p2a: Scizor|move: Protect\n|-resisted|p2b: Incineroar|1\n|-damage|p2b: Incineroar|30/100\n|move|p2b: Incineroar|Parting Shot|p1b: Volcarona\n|-unboost|p1b: Volcarona|atk|1\n|-unboost|p1b: Volcarona|spa|1\n|\n|t:|1776468694\n|switch|p2b: Pelipper|Pelipper, L50, M|55/100 brn|[from] Parting Shot\n|\n|-weather|none\n|-damage|p2b: Pelipper|49/100 brn|[from] brn\n|upkeep\n|turn|11\n|\n|t:|1776468700\n|move|p2b: Pelipper|Wide Guard|p2b: Pelipper\n|-singleturn|p2b: Pelipper|Wide Guard\n|move|p1b: Volcarona|Giga Drain|p2b: Pelipper\n|-damage|p2b: Pelipper|0 fnt\n|-heal|p1b: Volcarona|98/100|[from] drain|[of] p2b: Pelipper\n|faint|p2b: Pelipper\n|move|p2a: Scizor|Bug Bite|p1b: Volcarona\n|-resisted|p1b: Volcarona|1\n|-damage|p1b: Volcarona|0 fnt\n|-enditem|p1b: Volcarona|Sitrus Berry|[from] stealeat|[move] Bug Bite|[of] p2a: Scizor\n|-heal|p2a: Scizor|100/100|[from] item: Sitrus Berry\n|faint|p1b: Volcarona\n|\n|win|Hudie EU\n|raw|lloni's rating: 1312 &rarr; <strong>1292</strong><br />(-20 for losing)\n|raw|Hudie EU's rating: 1319 &rarr; <strong>1339</strong><br />(+20 for winning)\n|l|\u2606lloni\n|player|p1|\n",
  "uploadtime": 1776468718,
  "views": 45,
  "formatid": "gen9championsvgc2026regma",
  "rating": 1292,
  "private": 0,
  "password": null
}