{
  "id": "gen9championsvgc2026regma-2582377984",
  "format": "[Gen 9 Champions] VGC 2026 Reg M-A",
  "players": [
    "dracovideogames",
    "jontar gurning"
  ],
  "log": "|j|\u2606dracovideogames\n|j|\u203djontar gurning\n|t:|1776087631\n|gametype|doubles\n|player|p1|dracovideogames|265|1035\n|player|p2|jontar gurning|swimmerf-gen4dp|1040\n|gen|9\n|tier|[Gen 9 Champions] VGC 2026 Reg M-A\n|rated|\n|rule|Species Clause: Limit one of each Pok\u00e9mon\n|rule|Item Clause: Limit 1 of each item\n|clearpoke\n|poke|p1|Floette-Eternal, L50, F|\n|poke|p1|Milotic, L50, F|\n|poke|p1|Arcanine, L50, M|\n|poke|p1|Raichu, L50, M|\n|poke|p1|Tyranitar, L50, M|\n|poke|p1|Sinistcha, L50|\n|poke|p2|Venusaur, L50, M|\n|poke|p2|Charizard, L50, F|\n|poke|p2|Corviknight, L50, M|\n|poke|p2|Sylveon, L50, M|\n|poke|p2|Incineroar, L50, M|\n|poke|p2|Oranguru, L50, M|\n|teampreview|4\n|\n|t:|1776087656\n|teamsize|p1|4\n|teamsize|p2|4\n|start\n|switch|p1a: Raichu|Raichu, L50, M|100/100\n|switch|p1b: Milotic|Milotic, L50, F|100/100\n|switch|p2a: Oranguru|Oranguru, L50, M|100/100\n|switch|p2b: Sylveon|Sylveon, L50, M|100/100\n|turn|1\n|\n|t:|1776087686\n|move|p1a: Raichu|Nuzzle|p2a: Oranguru\n|-damage|p2a: Oranguru|95/100\n|-status|p2a: Oranguru|par\n|move|p1b: Milotic|Scald|p2a: Oranguru\n|-damage|p2a: Oranguru|72/100 par\n|move|p2b: Sylveon|Substitute|p2b: Sylveon\n|-start|p2b: Sylveon|Substitute\n|-damage|p2b: Sylveon|76/100\n|move|p2a: Oranguru|Trick Room|p2a: Oranguru\n|-fieldstart|move: Trick Room|[of] p2a: Oranguru\n|\n|-heal|p2b: Sylveon|82/100|[from] item: Leftovers\n|upkeep\n|turn|2\n|\n|t:|1776087711\n|move|p1b: Milotic|Protect|p1b: Milotic\n|-singleturn|p1b: Milotic|Protect\n|move|p1a: Raichu|Protect|p1a: Raichu\n|-singleturn|p1a: Raichu|Protect\n|move|p2a: Oranguru|Psychic|p1a: Raichu\n|-activate|p1a: Raichu|move: Protect\n|move|p2b: Sylveon|Calm Mind|p2b: Sylveon\n|-boost|p2b: Sylveon|spa|1\n|-boost|p2b: Sylveon|spd|1\n|\n|-heal|p2b: Sylveon|88/100|[from] item: Leftovers\n|upkeep\n|turn|3\n|inactive|Battle timer is ON: inactive players will automatically lose when time's up. (requested by jontar gurning)\n|\n|t:|1776087733\n|move|p2a: Oranguru|Instruct|p2b: Sylveon\n|-singleturn|p2b: Sylveon|move: Instruct|[of] p2a: Oranguru\n|move|p2b: Sylveon|Calm Mind|p2b: Sylveon\n|-boost|p2b: Sylveon|spa|1\n|-boost|p2b: Sylveon|spd|1\n|move|p2b: Sylveon|Hyper Voice|p1a: Raichu|[spread] p1a,p1b\n|-enditem|p1a: Raichu|Focus Sash\n|-damage|p1a: Raichu|1/100\n|-damage|p1b: Milotic|39/100\n|move|p1b: Milotic|Scald|p2b: Sylveon\n|-activate|p2b: Sylveon|move: Substitute|[damage]\n|move|p1a: Raichu|Nuzzle|p2b: Sylveon\n|-activate|p2b: Sylveon|move: Substitute|[damage]\n|\n|-heal|p2b: Sylveon|94/100|[from] item: Leftovers\n|-heal|p1b: Milotic|45/100|[from] item: Leftovers\n|upkeep\n|turn|4\n|\n|t:|1776087753\n|move|p1b: Milotic|Protect|p1b: Milotic\n|-singleturn|p1b: Milotic|Protect\n|move|p1a: Raichu|Protect|p1a: Raichu\n|-singleturn|p1a: Raichu|Protect\n|move|p2a: Oranguru|Instruct|p2b: Sylveon\n|-singleturn|p2b: Sylveon|move: Instruct|[of] p2a: Oranguru\n|move|p2b: Sylveon|Hyper Voice|p1b: Milotic|[spread] \n|-activate|p1a: Raichu|move: Protect\n|-activate|p1b: Milotic|move: Protect\n|move|p2b: Sylveon|Hyper Voice|p1b: Milotic|[spread] \n|-activate|p1a: Raichu|move: Protect\n|-activate|p1b: Milotic|move: Protect\n|\n|-heal|p2b: Sylveon|99/100|[from] item: Leftovers\n|-heal|p1b: Milotic|52/100|[from] item: Leftovers\n|upkeep\n|turn|5\n|\n|t:|1776087772\n|move|p1b: Milotic|Protect||[still]\n|-fail|p1b: Milotic\n|move|p1a: Raichu|Protect||[still]\n|-fail|p1a: Raichu\n|move|p2a: Oranguru|Instruct|p2b: Sylveon\n|-singleturn|p2b: Sylveon|move: Instruct|[of] p2a: Oranguru\n|move|p2b: Sylveon|Hyper Voice|p1a: Raichu|[spread] p1a,p1b\n|-damage|p1a: Raichu|0 fnt\n|-damage|p1b: Milotic|0 fnt\n|faint|p1a: Raichu\n|faint|p1b: Milotic\n|move|p2b: Sylveon|Calm Mind|p2b: Sylveon\n|-boost|p2b: Sylveon|spa|1\n|-boost|p2b: Sylveon|spd|1\n|\n|-heal|p2b: Sylveon|100/100|[from] item: Leftovers\n|-fieldend|move: Trick Room\n|upkeep\n|\n|t:|1776087790\n|switch|p1a: Tyranitar|Tyranitar, L50, M|100/100\n|switch|p1b: Arcanine|Arcanine, L50, M|100/100\n|-ability|p1b: Arcanine|Intimidate|boost\n|-fail|p2a: Oranguru|unboost|Attack|[from] ability: Inner Focus|[of] p2a: Oranguru\n|-immune|p2b: Sylveon\n|-weather|Sandstorm|[from] ability: Sand Stream|[of] p1a: Tyranitar\n|turn|6\n|\n|t:|1776087815\n|detailschange|p1a: Tyranitar|Tyranitar-Mega, L50, M\n|-mega|p1a: Tyranitar|Tyranitar|Tyranitarite\n|move|p1b: Arcanine|Snarl|p2a: Oranguru|[spread] p2a,p2b\n|-supereffective|p2a: Oranguru|1\n|-resisted|p2b: Sylveon|1\n|-damage|p2a: Oranguru|59/100 par\n|-damage|p2b: Sylveon|99/100\n|-unboost|p2a: Oranguru|spa|1\n|-unboost|p2b: Sylveon|spa|1\n|move|p1a: Tyranitar|Rock Slide|p2b: Sylveon|[spread] p2a,p2b\n|-end|p2b: Sylveon|Substitute\n|-damage|p2a: Oranguru|27/100 par\n|move|p2b: Sylveon|Hyper Voice|p1a: Tyranitar|[spread] p1a,p1b\n|-supereffective|p1a: Tyranitar|1\n|-resisted|p1b: Arcanine|1\n|-damage|p1a: Tyranitar|24/100\n|-damage|p1b: Arcanine|56/100\n|move|p2a: Oranguru|Instruct|p2b: Sylveon\n|-singleturn|p2b: Sylveon|move: Instruct|[of] p2a: Oranguru\n|move|p2b: Sylveon|Hyper Voice|p1a: Tyranitar|[spread] p1a,p1b\n|-supereffective|p1a: Tyranitar|1\n|-resisted|p1b: Arcanine|1\n|-damage|p1a: Tyranitar|0 fnt\n|-damage|p1b: Arcanine|12/100\n|-enditem|p1b: Arcanine|Sitrus Berry|[eat]\n|-heal|p1b: Arcanine|36/100|[from] item: Sitrus Berry\n|faint|p1a: Tyranitar\n|\n|-weather|Sandstorm|[upkeep]\n|-damage|p1b: Arcanine|30/100|[from] Sandstorm\n|-damage|p2b: Sylveon|94/100|[from] Sandstorm\n|-damage|p2a: Oranguru|21/100 par|[from] Sandstorm\n|-heal|p2b: Sylveon|99/100|[from] item: Leftovers\n|upkeep\n|turn|7\n|-message|dracovideogames forfeited.\n|\n|win|jontar gurning\n|raw|dracovideogames's rating: 1035 &rarr; <strong>1020</strong><br />(-15 for losing)\n|raw|jontar gurning's rating: 1040 &rarr; <strong>1074</strong><br />(+34 for winning)\n|l|\u2606dracovideogames\n|player|p1|\n",
  "uploadtime": 1776087846,
  "views": 16,
  "formatid": "gen9championsvgc2026regma",
  "rating": 1020,
  "private": 0,
  "password": null
}