{
  "id": "gen9championsvgc2026regma-2584546675",
  "format": "[Gen 9 Champions] VGC 2026 Reg M-A",
  "players": [
    "Zeke837",
    "CanYouFeelTheRush?"
  ],
  "log": "|j|\u2606Zeke837\n|j|\u2606CanYouFeelTheRush?\n|html|<table width=\"100%\"><tr><td align=\"left\">Zeke837</td><td align=\"right\">CanYouFeelTheRush?</tr><tr><td align=\"left\"><i class=\"fa fa-circle-o\"></i> <i class=\"fa fa-circle-o\"></i> </td><td align=\"right\"><i class=\"fa fa-circle-o\"></i> <i class=\"fa fa-circle\"></i> </tr></table>\n|uhtml|bestof|<h2><strong>Game 2</strong> of <a href=\"/game-bestof3-gen9championsvgc2026regma-2584543238\">a best-of-3</a></h2>\n|t:|1776267922\n|gametype|doubles\n|player|p1|Zeke837|miku-ground|\n|player|p2|CanYouFeelTheRush?|266|\n|gen|9\n|tier|[Gen 9 Champions] VGC 2026 Reg M-A\n|rated|Tournament battle\n|rule|Species Clause: Limit one of each Pok\u00e9mon\n|rule|Item Clause: Limit 1 of each item\n|raw|<div class=\"infobox\"><details class=\"readmore\" open><summary><strong>2 custom rules:</strong></summary> Force Open Team Sheets, Best of = 3</details></div>\n|clearpoke\n|poke|p1|Araquanid, L50, M|\n|poke|p1|Meganium, L50, M|\n|poke|p1|Pelipper, L50, F|\n|poke|p1|Basculegion, L50, M|\n|poke|p1|Scizor, L50, F|\n|poke|p1|Gliscor, L50, M|\n|poke|p2|Whimsicott, L50, F|\n|poke|p2|Incineroar, L50, F|\n|poke|p2|Garchomp, L50, F|\n|poke|p2|Floette-Eternal, L50, F|\n|poke|p2|Sneasler, L50, F|\n|poke|p2|Corviknight, L50, M|\n|teampreview|4\n|showteam|p1|Araquanid||MysticWater|WaterBubble|Lunge,PoisonJab,Protect,Liquidation|||M|||50|]Meganium||Meganiumite|Overgrow|DazzlingGleam,WeatherBall,Protect,SolarBeam|||M|||50|]Pelipper||Leftovers|Drizzle|Protect,Tailwind,IcyWind,Hurricane|||F|||50|]Basculegion||WhiteHerb|SwiftSwim|LastRespects,FlipTurn,Protect,Liquidation|||M|||50|]Scizor||MetalCoat|Technician|BulletPunch,Tailwind,IronHead,Protect|||F|||50|]Gliscor||YacheBerry|HyperCutter|Acrobatics,Earthquake,Tailwind,RainDance|||M|||50|\n|showteam|p2|Whimsicott||FocusSash|Prankster|Protect,Moonblast,Encore,Tailwind|||F|||50|]Incineroar||SitrusBerry|Intimidate|FakeOut,ThroatChop,FlareBlitz,PartingShot|||F|||50|]Garchomp||LumBerry|RoughSkin|Protect,StompingTantrum,DragonClaw,RockSlide|||F|||50|]Floette-Eternal||Floettite|FlowerVeil|Protect,Moonblast,Psychic,DazzlingGleam|||F|||50|]Sneasler||WhiteHerb|Unburden|FakeOut,CloseCombat,DireClaw,RockTomb|||F|||50|]Corviknight||Leftovers|Unnerve|BraveBird,IronHead,BodyPress,Roost|||M|||50|\n|inactive|Battle timer is ON: inactive players will automatically lose when time's up. (requested by CanYouFeelTheRush?)\n|\n|t:|1776267936\n|teamsize|p1|4\n|teamsize|p2|4\n|start\n|switch|p1a: Meganium|Meganium, L50, M, shiny|100/100\n|switch|p1b: Pelipper|Pelipper, L50, F, shiny|100/100\n|switch|p2a: Incineroar|Incineroar, L50, F|100/100\n|switch|p2b: Floette|Floette-Eternal, L50, F|100/100\n|-weather|RainDance|[from] ability: Drizzle|[of] p1b: Pelipper\n|-ability|p2a: Incineroar|Intimidate|boost\n|-unboost|p1a: Meganium|atk|1\n|-unboost|p1b: Pelipper|atk|1\n|turn|1\n|\n|t:|1776267954\n|detailschange|p2b: Floette|Floette-Mega, L50, F\n|-mega|p2b: Floette|Floette|Floettite\n|-ability|p2b: Floette|Fairy Aura\n|move|p2a: Incineroar|Fake Out|p1a: Meganium\n|-damage|p1a: Meganium|89/100\n|move|p2b: Floette|Moonblast|p1b: Pelipper\n|-damage|p1b: Pelipper|5/100\n|cant|p1a: Meganium|flinch\n|move|p1b: Pelipper|Icy Wind|p2a: Incineroar|[spread] p2a,p2b\n|-resisted|p2a: Incineroar|1\n|-damage|p2a: Incineroar|96/100\n|-damage|p2b: Floette|94/100\n|-unboost|p2a: Incineroar|spe|1\n|-unboost|p2b: Floette|spe|1\n|\n|-weather|RainDance|[upkeep]\n|-heal|p1b: Pelipper|11/100|[from] item: Leftovers\n|upkeep\n|turn|2\n|\n|t:|1776267972\n|move|p1a: Meganium|Weather Ball|p2a: Incineroar\n|-supereffective|p2a: Incineroar|1\n|-damage|p2a: Incineroar|22/100\n|-enditem|p2a: Incineroar|Sitrus Berry|[eat]\n|-heal|p2a: Incineroar|47/100|[from] item: Sitrus Berry\n|move|p2b: Floette|Moonblast|p1a: Meganium\n|-damage|p1a: Meganium|7/100\n|move|p1b: Pelipper|Hurricane|p2b: Floette\n|-damage|p2b: Floette|68/100\n|-start|p2b: Floette|confusion\n|move|p2a: Incineroar|Parting Shot|p1a: Meganium\n|-unboost|p1a: Meganium|atk|1\n|-unboost|p1a: Meganium|spa|1\n|\n|t:|1776267977\n|switch|p2a: Whimsicott|Whimsicott, L50, F|100/100|[from] Parting Shot\n|\n|-weather|RainDance|[upkeep]\n|-heal|p1b: Pelipper|17/100|[from] item: Leftovers\n|upkeep\n|turn|3\n|\n|t:|1776267984\n|detailschange|p1a: Meganium|Meganium-Mega, L50, M, shiny\n|-mega|p1a: Meganium|Meganium|Meganiumite\n|move|p2a: Whimsicott|Tailwind|p2a: Whimsicott\n|-sidestart|p2: CanYouFeelTheRush?|move: Tailwind\n|-activate|p2b: Floette|confusion\n|move|p2b: Floette|Dazzling Gleam|p1a: Meganium|[spread] p1a,p1b\n|-damage|p1a: Meganium|0 fnt\n|-damage|p1b: Pelipper|0 fnt\n|faint|p1a: Meganium\n|faint|p1b: Pelipper\n|\n|-weather|RainDance|[upkeep]\n|upkeep\n|\n|t:|1776267990\n|switch|p1a: Scizor|Scizor, L50, F|100/100\n|switch|p1b: Basculegion|Basculegion, L50, M, shiny|100/100\n|turn|4\n|\n|t:|1776268003\n|switch|p2b: Incineroar|Incineroar, L50, F|47/100\n|-ability|p2b: Incineroar|Intimidate|boost\n|-unboost|p1a: Scizor|atk|1\n|-unboost|p1b: Basculegion|atk|1\n|-enditem|p1b: Basculegion|White Herb\n|-clearnegativeboost|p1b: Basculegion|[silent]\n|move|p1a: Scizor|Bullet Punch|p2b: Incineroar\n|-resisted|p2b: Incineroar|1\n|-damage|p2b: Incineroar|36/100\n|move|p2a: Whimsicott|Moonblast|p1b: Basculegion\n|-damage|p1b: Basculegion|59/100\n|move|p1b: Basculegion|Last Respects|p2a: Whimsicott\n|-enditem|p2a: Whimsicott|Focus Sash\n|-damage|p2a: Whimsicott|1/100\n|\n|-weather|RainDance|[upkeep]\n|upkeep\n|turn|5\n|\n|t:|1776268020\n|move|p2a: Whimsicott|Protect|p2a: Whimsicott\n|-singleturn|p2a: Whimsicott|Protect\n|move|p1a: Scizor|Bullet Punch|p2a: Whimsicott\n|-activate|p2a: Whimsicott|move: Protect\n|move|p1b: Basculegion|Liquidation|p2b: Incineroar\n|-supereffective|p2b: Incineroar|1\n|-damage|p2b: Incineroar|0 fnt\n|faint|p2b: Incineroar\n|\n|-weather|none\n|upkeep\n|\n|t:|1776268024\n|switch|p2b: Floette|Floette-Mega, L50, F|68/100\n|-ability|p2b: Floette|Fairy Aura\n|turn|6\n|\n|t:|1776268041\n|move|p2b: Floette|Protect|p2b: Floette\n|-singleturn|p2b: Floette|Protect\n|move|p1b: Basculegion|Protect|p1b: Basculegion\n|-singleturn|p1b: Basculegion|Protect\n|move|p1a: Scizor|Protect|p1a: Scizor\n|-singleturn|p1a: Scizor|Protect\n|move|p2a: Whimsicott|Encore|p1a: Scizor\n|-activate|p1a: Scizor|move: Protect\n|\n|-sideend|p2: CanYouFeelTheRush?|move: Tailwind\n|upkeep\n|turn|7\n|\n|t:|1776268055\n|move|p2a: Whimsicott|Encore|p1a: Scizor\n|-start|p1a: Scizor|Encore\n|move|p1a: Scizor|Protect||[still]\n|-fail|p1a: Scizor\n|move|p2b: Floette|Moonblast|p1b: Basculegion\n|-damage|p1b: Basculegion|0 fnt\n|faint|p1b: Basculegion\n|\n|upkeep\n|turn|8\n|\n|t:|1776268061\n|move|p1a: Scizor|Protect|p1a: Scizor\n|-singleturn|p1a: Scizor|Protect\n|move|p2a: Whimsicott|Moonblast|p1a: Scizor\n|-activate|p1a: Scizor|move: Protect\n|move|p2b: Floette|Moonblast|p1a: Scizor\n|-activate|p1a: Scizor|move: Protect\n|\n|upkeep\n|turn|9\n|\n|t:|1776268065\n|move|p1a: Scizor|Protect||[still]\n|-fail|p1a: Scizor\n|move|p2a: Whimsicott|Moonblast|p1a: Scizor\n|-resisted|p1a: Scizor|1\n|-damage|p1a: Scizor|71/100\n|move|p2b: Floette|Moonblast|p1a: Scizor\n|-resisted|p1a: Scizor|1\n|-damage|p1a: Scizor|19/100\n|\n|-end|p1a: Scizor|Encore\n|upkeep\n|turn|10\n|\n|t:|1776268073\n|move|p2a: Whimsicott|Encore|p1a: Scizor\n|-start|p1a: Scizor|Encore\n|move|p1a: Scizor|Protect|p1a: Scizor\n|-singleturn|p1a: Scizor|Protect\n|move|p2b: Floette|Moonblast|p1a: Scizor\n|-activate|p1a: Scizor|move: Protect\n|\n|upkeep\n|turn|11\n|-message|Zeke837 forfeited.\n|\n|win|CanYouFeelTheRush?\n|l|\u2606Zeke837\n|player|p1|\n",
  "uploadtime": 1776268078,
  "views": 15,
  "formatid": "gen9championsvgc2026regma",
  "rating": null,
  "private": 0,
  "password": null
}