{
  "id": "gen9championsvgc2026regma-2582441908",
  "format": "[Gen 9 Champions] VGC 2026 Reg M-A",
  "players": [
    "yin_lite",
    "NewBlood_Champions"
  ],
  "log": "|j|\u2606yin_lite\n|j|\u2606NewBlood_Champions\n|t:|1776091931\n|gametype|doubles\n|player|p1|yin_lite|266|1147\n|player|p2|NewBlood_Champions|2|1080\n|gen|9\n|tier|[Gen 9 Champions] VGC 2026 Reg M-A\n|rated|\n|rule|Species Clause: Limit one of each Pok\u00e9mon\n|rule|Item Clause: Limit 1 of each item\n|clearpoke\n|poke|p1|Zoroark-Hisui, L50, M|\n|poke|p1|Incineroar, L50, M|\n|poke|p1|Froslass, L50, F|\n|poke|p1|Goodra-Hisui, L50, M|\n|poke|p1|Sneasler, L50, M|\n|poke|p1|Araquanid, L50, M|\n|poke|p2|Greninja-*, L50, M|\n|poke|p2|Pelipper, L50, F|\n|poke|p2|Basculegion, L50, M|\n|poke|p2|Sneasler, L50, M|\n|poke|p2|Garchomp, L50, M|\n|poke|p2|Kingambit, L50, F|\n|teampreview|4\n|inactive|Battle timer is ON: inactive players will automatically lose when time's up. (requested by NewBlood_Champions)\n|\n|t:|1776091986\n|teamsize|p1|4\n|teamsize|p2|4\n|start\n|switch|p1a: Froslass|Froslass, L50, F, shiny|100/100\n|switch|p1b: Goodra|Goodra-Hisui, L50, M, shiny|100/100\n|switch|p2a: Basculegion|Basculegion, L50, M|100/100\n|switch|p2b: Sneasler|Sneasler, L50, M|100/100\n|turn|1\n|inactive|NewBlood_Champions has 30 seconds left.\n|inactive|NewBlood_Champions has 20 seconds left.\n|inactive|NewBlood_Champions has 15 seconds left.\n|\n|t:|1776092026\n|move|p2b: Sneasler|Fake Out|p1b: Goodra\n|-resisted|p1b: Goodra|1\n|-damage|p1b: Goodra|94/100\n|move|p2a: Basculegion|Last Respects|p1a: Froslass\n|-immune|p1a: Froslass\n|move|p1a: Froslass|Will-O-Wisp|p2b: Sneasler\n|-status|p2b: Sneasler|brn\n|cant|p1b: Goodra|flinch\n|\n|-heal|p1b: Goodra|99/100|[from] item: Leftovers\n|-damage|p2b: Sneasler|95/100 brn|[from] brn\n|upkeep\n|turn|2\n|\n|t:|1776092050\n|switch|p2a: Kingambit|Kingambit, L50, F|100/100\n|move|p2b: Sneasler|Dire Claw|p1a: Froslass\n|-resisted|p1a: Froslass|1\n|-damage|p1a: Froslass|82/100\n|replace|p1a: Zoroark|Zoroark-Hisui, L50, M\n|-end|p1a: Zoroark|Illusion\n|move|p1a: Zoroark|Will-O-Wisp|p2a: Kingambit\n|-status|p2a: Kingambit|brn\n|move|p1b: Goodra|Shelter|p1b: Goodra\n|-boost|p1b: Goodra|def|2\n|\n|-heal|p1b: Goodra|100/100|[from] item: Leftovers\n|-damage|p2b: Sneasler|89/100 brn|[from] brn\n|-damage|p2a: Kingambit|94/100 brn|[from] brn\n|upkeep\n|turn|3\n|\n|t:|1776092073\n|move|p2b: Sneasler|Dire Claw|p1a: Zoroark\n|-resisted|p1a: Zoroark|1\n|-damage|p1a: Zoroark|62/100\n|move|p1a: Zoroark|Shadow Ball|p2b: Sneasler\n|-damage|p2b: Sneasler|41/100 brn\n|move|p2a: Kingambit|Swords Dance|p2a: Kingambit\n|-boost|p2a: Kingambit|atk|2\n|move|p1b: Goodra|Shelter|p1b: Goodra\n|-boost|p1b: Goodra|def|2\n|\n|-damage|p2b: Sneasler|35/100 brn|[from] brn\n|-damage|p2a: Kingambit|88/100 brn|[from] brn\n|upkeep\n|turn|4\n|inactive|NewBlood_Champions has 30 seconds left.\n|\n|t:|1776092100\n|switch|p2b: Pelipper|Pelipper, L50, F|100/100\n|-weather|RainDance|[from] ability: Drizzle|[of] p2b: Pelipper\n|move|p2a: Kingambit|Sucker Punch|p1a: Zoroark\n|-supereffective|p1a: Zoroark|1\n|-enditem|p1a: Zoroark|Colbur Berry|[eat]\n|-enditem|p1a: Zoroark|Colbur Berry|[weaken]\n|-damage|p1a: Zoroark|0 fnt\n|faint|p1a: Zoroark\n|move|p1b: Goodra|Body Press|p2a: Kingambit\n|-supereffective|p2a: Kingambit|2\n|-damage|p2a: Kingambit|0 fnt\n|faint|p2a: Kingambit\n|-end|p2a: Kingambit|fallenundefined|[silent]\n|\n|-weather|RainDance|[upkeep]\n|upkeep\n|\n|t:|1776092118\n|switch|p1a: Araquanid|Araquanid, L50, M, shiny|100/100\n|switch|p2a: Basculegion|Basculegion, L50, M|100/100\n|turn|5\n|\n|t:|1776092136\n|move|p1a: Araquanid|Protect|p1a: Araquanid\n|-singleturn|p1a: Araquanid|Protect\n|move|p2a: Basculegion|Wave Crash|p1a: Araquanid\n|-activate|p1a: Araquanid|move: Protect\n|move|p2b: Pelipper|Hurricane|p1a: Araquanid\n|-activate|p1a: Araquanid|move: Protect\n|move|p1b: Goodra|Body Press|p2b: Pelipper\n|-resisted|p2b: Pelipper|1\n|-damage|p2b: Pelipper|76/100\n|\n|-weather|RainDance|[upkeep]\n|upkeep\n|turn|6\n|\n|t:|1776092154\n|move|p2a: Basculegion|Wave Crash|p1a: Araquanid\n|-resisted|p1a: Araquanid|1\n|-damage|p1a: Araquanid|33/100\n|-damage|p2a: Basculegion|81/100|[from] Recoil\n|move|p2b: Pelipper|Hurricane|p1a: Araquanid\n|-supereffective|p1a: Araquanid|1\n|-damage|p1a: Araquanid|0 fnt\n|faint|p1a: Araquanid\n|move|p1b: Goodra|Shelter|p1b: Goodra\n|-boost|p1b: Goodra|def|2\n|\n|-weather|RainDance|[upkeep]\n|upkeep\n|\n|t:|1776092167\n|switch|p1a: Froslass|Froslass, L50, F, shiny|100/100\n|turn|7\n|\n|t:|1776092176\n|switch|p2b: Sneasler|Sneasler, L50, M|35/100 brn\n|move|p1a: Froslass|Protect|p1a: Froslass\n|-singleturn|p1a: Froslass|Protect\n|move|p2a: Basculegion|Wave Crash|p1a: Froslass\n|-activate|p1a: Froslass|move: Protect\n|move|p1b: Goodra|Body Press|p2b: Sneasler\n|-resisted|p2b: Sneasler|1\n|-damage|p2b: Sneasler|0 fnt\n|faint|p2b: Sneasler\n|\n|-weather|RainDance|[upkeep]\n|upkeep\n|\n|t:|1776092183\n|switch|p2b: Pelipper|Pelipper, L50, F|76/100\n|turn|8\n|\n|t:|1776092203\n|detailschange|p1a: Froslass|Froslass-Mega, L50, F, shiny\n|-mega|p1a: Froslass|Froslass|Froslassite\n|-weather|Snowscape|[from] ability: Snow Warning|[of] p1a: Froslass\n|move|p2a: Basculegion|Wave Crash|p1a: Froslass\n|-damage|p1a: Froslass|30/100\n|-damage|p2a: Basculegion|63/100|[from] Recoil\n|move|p1a: Froslass|Hex|p2a: Basculegion\n|-supereffective|p2a: Basculegion|1\n|-damage|p2a: Basculegion|0 fnt\n|faint|p2a: Basculegion\n|move|p2b: Pelipper|Hurricane|p1a: Froslass\n|-damage|p1a: Froslass|0 fnt\n|faint|p1a: Froslass\n|move|p1b: Goodra|Life Dew||[still]\n|-fail|p1b: Goodra|heal\n|\n|-weather|Snowscape|[upkeep]\n|upkeep\n|turn|9\n|\n|t:|1776092223\n|move|p2b: Pelipper|Hurricane|p1b: Goodra\n|-resisted|p1b: Goodra|1\n|-damage|p1b: Goodra|88/100\n|move|p1b: Goodra|Body Press|p2b: Pelipper\n|-resisted|p2b: Pelipper|1\n|-damage|p2b: Pelipper|42/100\n|\n|-weather|Snowscape|[upkeep]\n|-heal|p1b: Goodra|94/100|[from] item: Leftovers\n|upkeep\n|turn|10\n|\n|t:|1776092234\n|move|p2b: Pelipper|Weather Ball|p1b: Goodra\n|-damage|p1b: Goodra|78/100\n|move|p1b: Goodra|Body Press|p2b: Pelipper\n|-resisted|p2b: Pelipper|1\n|-damage|p2b: Pelipper|10/100\n|\n|-weather|Snowscape|[upkeep]\n|-heal|p1b: Goodra|84/100|[from] item: Leftovers\n|upkeep\n|turn|11\n|\n|t:|1776092244\n|move|p2b: Pelipper|Hurricane|p1b: Goodra|[miss]\n|-miss|p2b: Pelipper|p1b: Goodra\n|move|p1b: Goodra|Body Press|p2b: Pelipper\n|-resisted|p2b: Pelipper|1\n|-damage|p2b: Pelipper|0 fnt\n|faint|p2b: Pelipper\n|\n|win|yin_lite\n|raw|yin_lite's rating: 1147 &rarr; <strong>1167</strong><br />(+20 for winning)\n|raw|NewBlood_Champions's rating: 1080 &rarr; <strong>1062</strong><br />(-18 for losing)\n|l|\u2606NewBlood_Champions\n|player|p2|\n",
  "uploadtime": 1776092252,
  "views": 19,
  "formatid": "gen9championsvgc2026regma",
  "rating": 1062,
  "private": 0,
  "password": null
}