{
  "id": "gen9championsvgc2026regma-2589510829",
  "format": "[Gen 9 Champions] VGC 2026 Reg M-A",
  "players": [
    "DraggunFyre",
    "dvnielgvtica__"
  ],
  "log": "|j|\u2606DraggunFyre\n|j|\u2606dvnielgvtica__\n|t:|1776729573\n|gametype|doubles\n|player|p1|DraggunFyre|rika|1104\n|player|p2|dvnielgvtica__|palmer|1001\n|gen|9\n|tier|[Gen 9 Champions] VGC 2026 Reg M-A\n|rated|\n|rule|Species Clause: Limit one of each Pok\u00e9mon\n|rule|Item Clause: Limit 1 of each item\n|clearpoke\n|poke|p1|Chesnaught, L50, F|\n|poke|p1|Kleavor, L50, M|\n|poke|p1|Farigiraf, L50, F|\n|poke|p1|Kingambit, L50, F|\n|poke|p1|Sneasler, L50, F|\n|poke|p1|Torkoal, L50, F|\n|poke|p2|Charizard, L50, F, shiny|\n|poke|p2|Pelipper, L50, M|\n|poke|p2|Milotic, L50, M, shiny|\n|poke|p2|Rotom-Heat, L50|\n|poke|p2|Incineroar, L50, F|\n|poke|p2|Venusaur, L50, M|\n|teampreview|4\ndvnielgvtica__ rejected open team sheets.\n|\n|t:|1776729619\n|teamsize|p1|4\n|teamsize|p2|4\n|start\n|switch|p1a: Sneasler|Sneasler, L50, F|100/100\n|switch|p1b: Kleavor|Kleavor, L50, M|100/100\n|switch|p2a: Charizard|Charizard, L50, F, shiny|100/100\n|switch|p2b: Venusaur|Venusaur, L50, M|100/100\n|turn|1\n|\n|t:|1776729646\n|detailschange|p2a: Charizard|Charizard-Mega-Y, L50, F, shiny\n|-mega|p2a: Charizard|Charizard|Charizardite Y\n|-weather|SunnyDay|[from] ability: Drought|[of] p2a: Charizard\n|move|p2a: Charizard|Protect|p2a: Charizard\n|-singleturn|p2a: Charizard|Protect\n|move|p1a: Sneasler|Fake Out|p2b: Venusaur\n|-damage|p2b: Venusaur|79/100\n|cant|p2b: Venusaur|flinch\n|move|p1b: Kleavor|Stone Axe|p2a: Charizard\n|-activate|p2a: Charizard|move: Protect\n|\n|-weather|SunnyDay|[upkeep]\n|upkeep\n|turn|2\n|\n|t:|1776729692\n|switch|p2a: Milotic|Milotic, L50, M, shiny|100/100\n|move|p2b: Venusaur|Sleep Powder|p1b: Kleavor\n|-status|p1b: Kleavor|slp|[from] move: Sleep Powder\n|cant|p1b: Kleavor|slp\n|move|p1a: Sneasler|Dire Claw|p2b: Venusaur\n|-damage|p2b: Venusaur|17/100\n|-status|p2b: Venusaur|par\n|\n|-weather|SunnyDay|[upkeep]\n|upkeep\n|turn|3\n|\n|t:|1776729724\n|switch|p1b: Chesnaught|Chesnaught, L50, F|100/100\n|switch|p1a: Kingambit|Kingambit, L50, F|100/100\n|move|p2b: Venusaur|Protect|p2b: Venusaur\n|-singleturn|p2b: Venusaur|Protect\n|move|p2a: Milotic|Weather Ball|p1a: Kingambit\n|-supereffective|p1a: Kingambit|1\n|-damage|p1a: Kingambit|30/100\n|\n|-weather|SunnyDay|[upkeep]\n|upkeep\n|turn|4\n|\n|t:|1776729758\n|detailschange|p1b: Chesnaught|Chesnaught-Mega, L50, F\n|-mega|p1b: Chesnaught|Chesnaught|Chesnaughtite\n|cant|p2b: Venusaur|par\n|move|p2a: Milotic|Weather Ball|p1b: Chesnaught\n|-immune|p1b: Chesnaught|[from] ability: Bulletproof\n|move|p1a: Kingambit|Iron Head|p2b: Venusaur\n|-damage|p2b: Venusaur|0 fnt\n|faint|p2b: Venusaur\n|move|p1b: Chesnaught|Wood Hammer|p2a: Milotic\n|-supereffective|p2a: Milotic|1\n|-damage|p2a: Milotic|0 fnt\n|faint|p2a: Milotic\n|-damage|p1b: Chesnaught|66/100|[from] Recoil\n|\n|-weather|SunnyDay|[upkeep]\n|upkeep\n|\n|t:|1776729786\n|switch|p2b: Pelipper|Pelipper, L50, M|100/100\n|switch|p2a: Charizard|Charizard-Mega-Y, L50, F, shiny|100/100\n|-weather|RainDance|[from] ability: Drizzle|[of] p2b: Pelipper\n|turn|5\n|\n|t:|1776729839\n|move|p1a: Kingambit|Sucker Punch|p2b: Pelipper\n|-damage|p2b: Pelipper|63/100\n|move|p2a: Charizard|Dragon Pulse|p1a: Kingambit\n|-resisted|p1a: Kingambit|1\n|-damage|p1a: Kingambit|12/100\n|move|p2b: Pelipper|Air Slash|p1b: Chesnaught|[miss]\n|-miss|p2b: Pelipper|p1b: Chesnaught\n|move|p1b: Chesnaught|Wood Hammer|p2b: Pelipper\n|-damage|p2b: Pelipper|14/100\n|-damage|p1b: Chesnaught|55/100|[from] Recoil\n|\n|-weather|RainDance|[upkeep]\n|upkeep\n|turn|6\n|\n|t:|1776729869\n|switch|p1b: Sneasler|Sneasler, L50, F|100/100\n|move|p2a: Charizard|Protect|p2a: Charizard\n|-singleturn|p2a: Charizard|Protect\n|move|p1a: Kingambit|Sucker Punch|p2b: Pelipper\n|-damage|p2b: Pelipper|0 fnt\n|faint|p2b: Pelipper\n|\n|-weather|RainDance|[upkeep]\n|upkeep\n|turn|7\n|\n|t:|1776729882\n|move|p1b: Sneasler|Fake Out|p2a: Charizard\n|-damage|p2a: Charizard|79/100\n|move|p1a: Kingambit|Sucker Punch|p2a: Charizard\n|-damage|p2a: Charizard|19/100\n|cant|p2a: Charizard|flinch\n|\n|-weather|RainDance|[upkeep]\n|upkeep\n|turn|8\n|\n|t:|1776729897\n|move|p1a: Kingambit|Sucker Punch|p2a: Charizard\n|-damage|p2a: Charizard|0 fnt\n|faint|p2a: Charizard\n|\n|win|DraggunFyre\n|raw|DraggunFyre's rating: 1104 &rarr; <strong>1122</strong><br />(+18 for winning)\n|raw|dvnielgvtica__'s rating: 1001 &rarr; <strong>1000</strong><br />(-1 for losing)\n",
  "uploadtime": 1776729900,
  "views": 4,
  "formatid": "gen9championsvgc2026regma",
  "rating": 1000,
  "private": 0,
  "password": null
}