{
  "id": "gen9championsvgc2026regma-2586113603",
  "format": "[Gen 9 Champions] VGC 2026 Reg M-A",
  "players": [
    "Phillip Blevin",
    "Kiki_the_Tiki"
  ],
  "log": "|j|\u2606Phillip Blevin\n|j|\u2606Kiki_the_Tiki\n|t:|1776400597\n|gametype|doubles\n|player|p1|Phillip Blevin|cynthia-masters4|1322\n|player|p2|Kiki_the_Tiki|plasmagrunt|1339\n|gen|9\n|tier|[Gen 9 Champions] VGC 2026 Reg M-A\n|rated|\n|rule|Species Clause: Limit one of each Pok\u00e9mon\n|rule|Item Clause: Limit 1 of each item\n|clearpoke\n|poke|p1|Froslass, L50, F|\n|poke|p1|Corviknight, L50, M|\n|poke|p1|Incineroar, L50, F|\n|poke|p1|Rotom-Mow, L50|\n|poke|p1|Sneasler, L50, F|\n|poke|p1|Primarina, L50, F|\n|poke|p2|Aerodactyl, L50, F|\n|poke|p2|Gardevoir, L50, M|\n|poke|p2|Kingambit, L50, F|\n|poke|p2|Sneasler, L50, M|\n|poke|p2|Garchomp, L50, F|\n|poke|p2|Rotom-Wash, L50|\n|teampreview|4\n|inactive|Battle timer is ON: inactive players will automatically lose when time's up. (requested by Kiki_the_Tiki)\n|inactive|Phillip Blevin also wants the timer to be on.\nPhillip Blevin has agreed to open team sheets.\n|\n|t:|1776400617\n|teamsize|p1|4\n|teamsize|p2|4\n|start\n|switch|p1a: Rotom|Rotom-Mow, L50|100/100\n|switch|p1b: Froslass|Froslass, L50, F|100/100\n|switch|p2a: Aerodactyl|Aerodactyl, L50, F|100/100\n|switch|p2b: Sneasler|Sneasler, L50, M|100/100\n|-ability|p2a: Aerodactyl|Unnerve\n|turn|1\n|j| NoSidE417\n|\n|t:|1776400628\n|detailschange|p1b: Froslass|Froslass-Mega, L50, F\n|-mega|p1b: Froslass|Froslass|Froslassite\n|-weather|Snowscape|[from] ability: Snow Warning|[of] p1b: Froslass\n|move|p2b: Sneasler|Fake Out|p1a: Rotom\n|-damage|p1a: Rotom|86/100\n|cant|p1a: Rotom|flinch\n|move|p2a: Aerodactyl|Tailwind|p2a: Aerodactyl\n|-sidestart|p2: Kiki_the_Tiki|move: Tailwind\n|move|p1b: Froslass|Blizzard|p2b: Sneasler|[spread] p2a,p2b\n|-supereffective|p2a: Aerodactyl|1\n|-enditem|p2a: Aerodactyl|Focus Sash\n|-damage|p2a: Aerodactyl|1/100\n|-damage|p2b: Sneasler|42/100\n|\n|-weather|Snowscape|[upkeep]\n|upkeep\n|turn|2\n|\n|t:|1776400647\n|move|p2a: Aerodactyl|Rock Slide|p1a: Rotom|[spread] p1a\n|-miss|p2a: Aerodactyl|p1b: Froslass\n|-damage|p1a: Rotom|58/100\n|move|p2b: Sneasler|Dire Claw|p1a: Rotom\n|-supereffective|p1a: Rotom|1\n|-damage|p1a: Rotom|0 fnt\n|faint|p1a: Rotom\n|move|p1b: Froslass|Aurora Veil|p1b: Froslass\n|-sidestart|p1: Phillip Blevin|move: Aurora Veil\n|\n|-weather|Snowscape|[upkeep]\n|upkeep\n|\n|t:|1776400656\n|switch|p1a: Corviknight|Corviknight, L50, M|100/100\n|turn|3\n|\n|t:|1776400664\n|move|p2a: Aerodactyl|Rock Slide|p1a: Corviknight|[spread] p1a,p1b\n|-supereffective|p1b: Froslass|1\n|-damage|p1a: Corviknight|91/100\n|-damage|p1b: Froslass|62/100\n|move|p2b: Sneasler|Close Combat|p1a: Corviknight\n|-damage|p1a: Corviknight|66/100\n|-unboost|p2b: Sneasler|def|1\n|-unboost|p2b: Sneasler|spd|1\n|-enditem|p2b: Sneasler|White Herb\n|-clearnegativeboost|p2b: Sneasler|[silent]\n|cant|p1b: Froslass|flinch\n|move|p1a: Corviknight|Bulk Up|p1a: Corviknight\n|-boost|p1a: Corviknight|atk|1\n|-boost|p1a: Corviknight|def|1\n|\n|-weather|Snowscape|[upkeep]\n|-heal|p1a: Corviknight|72/100|[from] item: Leftovers\n|upkeep\n|turn|4\n|\n|t:|1776400681\n|move|p2b: Sneasler|Rock Slide|p1b: Froslass|[spread] p1a,p1b\n|-supereffective|p1b: Froslass|1\n|-damage|p1a: Corviknight|67/100\n|-damage|p1b: Froslass|33/100\n|move|p2a: Aerodactyl|Rock Slide|p1b: Froslass|[spread] p1a,p1b\n|-supereffective|p1b: Froslass|1\n|-damage|p1a: Corviknight|59/100\n|-damage|p1b: Froslass|0 fnt\n|faint|p1b: Froslass\n|cant|p1a: Corviknight|flinch\n|\n|-weather|Snowscape|[upkeep]\n|-heal|p1a: Corviknight|65/100|[from] item: Leftovers\n|-sideend|p2: Kiki_the_Tiki|move: Tailwind\n|upkeep\n|\n|t:|1776400690\n|switch|p1b: Sneasler|Sneasler, L50, F|100/100\n|turn|5\n|\n|t:|1776400715\n|move|p2a: Aerodactyl|Protect|p2a: Aerodactyl\n|-singleturn|p2a: Aerodactyl|Protect\n|move|p1b: Sneasler|Fake Out|p2a: Aerodactyl\n|-activate|p2a: Aerodactyl|move: Protect\n|move|p2b: Sneasler|Close Combat|p1a: Corviknight\n|-damage|p1a: Corviknight|49/100\n|-unboost|p2b: Sneasler|def|1\n|-unboost|p2b: Sneasler|spd|1\n|move|p1a: Corviknight|Brave Bird|p2b: Sneasler\n|-supereffective|p2b: Sneasler|1\n|-damage|p2b: Sneasler|0 fnt\n|faint|p2b: Sneasler\n|-damage|p1a: Corviknight|39/100|[from] Recoil\n|\n|-weather|none\n|-heal|p1a: Corviknight|44/100|[from] item: Leftovers\n|upkeep\n|\n|t:|1776400731\n|switch|p2b: Gardevoir|Gardevoir, L50, M|100/100\n|-ability|p2b: Gardevoir|Poison Touch|Trace|[from] ability: Trace|[of] p1b: Sneasler\n|turn|6\n|\n|t:|1776400745\n|detailschange|p2b: Gardevoir|Gardevoir-Mega, L50, M\n|-mega|p2b: Gardevoir|Gardevoir|Gardevoirite\n|move|p2a: Aerodactyl|Tailwind|p2a: Aerodactyl\n|-sidestart|p2: Kiki_the_Tiki|move: Tailwind\n|move|p2b: Gardevoir|Hyper Voice|p1a: Corviknight|[spread] p1a,p1b\n|-resisted|p1a: Corviknight|1\n|-damage|p1a: Corviknight|29/100\n|-damage|p1b: Sneasler|62/100\n|move|p1b: Sneasler|Rock Tomb|p2a: Aerodactyl\n|-supereffective|p2a: Aerodactyl|1\n|-damage|p2a: Aerodactyl|0 fnt\n|faint|p2a: Aerodactyl\n|move|p1a: Corviknight|Roost|p1a: Corviknight\n|-heal|p1a: Corviknight|79/100\n|-singleturn|p1a: Corviknight|move: Roost\n|\n|-heal|p1a: Corviknight|85/100|[from] item: Leftovers\n|-sideend|p1: Phillip Blevin|move: Aurora Veil\n|upkeep\n|\n|t:|1776400759\n|switch|p2a: Kingambit|Kingambit, L50, F|100/100\n|turn|7\n|\n|t:|1776400776\n|move|p2a: Kingambit|Sucker Punch|p1b: Sneasler\n|-resisted|p1b: Sneasler|1\n|-damage|p1b: Sneasler|27/100\n|move|p2b: Gardevoir|Hyper Voice|p1b: Sneasler|[spread] p1a,p1b\n|-resisted|p1a: Corviknight|1\n|-damage|p1a: Corviknight|63/100\n|-damage|p1b: Sneasler|0 fnt\n|faint|p1b: Sneasler\n|move|p1a: Corviknight|Body Press|p2a: Kingambit\n|-supereffective|p2a: Kingambit|2\n|-enditem|p2a: Kingambit|Chople Berry|[eat]\n|-enditem|p2a: Kingambit|Chople Berry|[weaken]\n|-damage|p2a: Kingambit|44/100\n|\n|-heal|p1a: Corviknight|69/100|[from] item: Leftovers\n|upkeep\n|turn|8\n|\n|t:|1776400791\n|move|p2b: Gardevoir|Calm Mind|p2b: Gardevoir\n|-boost|p2b: Gardevoir|spa|1\n|-boost|p2b: Gardevoir|spd|1\n|move|p2a: Kingambit|Kowtow Cleave|p1a: Corviknight\n|-damage|p1a: Corviknight|50/100\n|move|p1a: Corviknight|Roost|p1a: Corviknight\n|-heal|p1a: Corviknight|99/100\n|-singleturn|p1a: Corviknight|move: Roost\n|\n|-heal|p1a: Corviknight|100/100|[from] item: Leftovers\n|upkeep\n|turn|9\n|\n|t:|1776400806\n|move|p2b: Gardevoir|Shadow Ball|p1a: Corviknight\n|-damage|p1a: Corviknight|55/100\n|-ability|p1a: Corviknight|Mirror Armor\n|-unboost|p2b: Gardevoir|spd|1\n|move|p2a: Kingambit|Kowtow Cleave|p1a: Corviknight\n|-damage|p1a: Corviknight|35/100\n|move|p1a: Corviknight|Brave Bird|p2b: Gardevoir\n|-damage|p2b: Gardevoir|43/100\n|-damage|p1a: Corviknight|19/100|[from] Recoil\n|\n|-heal|p1a: Corviknight|25/100|[from] item: Leftovers\n|-sideend|p2: Kiki_the_Tiki|move: Tailwind\n|upkeep\n|turn|10\n|-message|Phillip Blevin forfeited.\n|\n|win|Kiki_the_Tiki\n|raw|Phillip Blevin's rating: 1322 &rarr; <strong>1303</strong><br />(-19 for losing)\n|raw|Kiki_the_Tiki's rating: 1339 &rarr; <strong>1358</strong><br />(+19 for winning)\n",
  "uploadtime": 1776400817,
  "views": 27,
  "formatid": "gen9championsvgc2026regma",
  "rating": 1303,
  "private": 0,
  "password": null
}