{
  "id": "gen9championsvgc2026regma-2582380039",
  "format": "[Gen 9 Champions] VGC 2026 Reg M-A",
  "players": [
    "Niko highway",
    "ester98"
  ],
  "log": "|j|\u2606Niko highway\n|j|\u2606ester98\n|t:|1776087777\n|gametype|doubles\n|player|p1|Niko highway|169|1359\n|player|p2|ester98|lebanne|1422\n|gen|9\n|tier|[Gen 9 Champions] VGC 2026 Reg M-A\n|rated|\n|rule|Species Clause: Limit one of each Pok\u00e9mon\n|rule|Item Clause: Limit 1 of each item\n|clearpoke\n|poke|p1|Incineroar, L50, M|\n|poke|p1|Conkeldurr, L50, M|\n|poke|p1|Sinistcha, L50|\n|poke|p1|Cofagrigus, L50, F|\n|poke|p1|Drampa, L50, F|\n|poke|p1|Aggron, L50, M|\n|poke|p2|Tauros-Paldea-Aqua, L50, M|\n|poke|p2|Tyranitar, L50, M|\n|poke|p2|Garchomp, L50, F|\n|poke|p2|Corviknight, L50, M|\n|poke|p2|Decidueye, L50, M|\n|poke|p2|Delphox, L50, F|\n|teampreview|4\n|\n|t:|1776087818\n|teamsize|p1|4\n|teamsize|p2|4\n|start\n|switch|p1a: Incineroar|Incineroar, L50, M|100/100\n|switch|p1b: Cofagrigus|Cofagrigus, L50, F|100/100\n|switch|p2a: Delphox|Delphox, L50, F|100/100\n|switch|p2b: Tyranitar|Tyranitar, L50, M|100/100\n|-weather|Sandstorm|[from] ability: Sand Stream|[of] p2b: Tyranitar\n|-ability|p1a: Incineroar|Intimidate|boost\n|-unboost|p2a: Delphox|atk|1\n|-unboost|p2b: Tyranitar|atk|1\n|turn|1\n|\n|t:|1776087865\n|move|p1a: Incineroar|Fake Out|p2b: Tyranitar\n|-resisted|p2b: Tyranitar|1\n|-damage|p2b: Tyranitar|95/100\n|move|p2a: Delphox|Substitute|p2a: Delphox\n|-start|p2a: Delphox|Substitute\n|-damage|p2a: Delphox|76/100\n|cant|p2b: Tyranitar|flinch\n|move|p1b: Cofagrigus|Trick Room|p1b: Cofagrigus\n|-fieldstart|move: Trick Room|[of] p1b: Cofagrigus\n|\n|-weather|Sandstorm|[upkeep]\n|-damage|p1b: Cofagrigus|94/100|[from] Sandstorm\n|-damage|p1a: Incineroar|95/100|[from] Sandstorm\n|-damage|p2a: Delphox|70/100|[from] Sandstorm\n|-heal|p1b: Cofagrigus|100/100|[from] item: Leftovers\n|upkeep\n|turn|2\n|\n|t:|1776087883\n|move|p2a: Delphox|Protect|p2a: Delphox\n|-singleturn|p2a: Delphox|Protect\n|move|p1b: Cofagrigus|Shadow Ball|p2a: Delphox\n|-activate|p2a: Delphox|move: Protect\n|move|p1a: Incineroar|Throat Chop|p2a: Delphox\n|-activate|p2a: Delphox|move: Protect\n|move|p2b: Tyranitar|Knock Off|p1b: Cofagrigus\n|-supereffective|p1b: Cofagrigus|1\n|-damage|p1b: Cofagrigus|47/100\n|-activate|p1b: Cofagrigus|ability: Mummy|p2b: Tyranitar|[ability] Sand Stream\n|-enditem|p1b: Cofagrigus|Leftovers|[from] move: Knock Off|[of] p2b: Tyranitar\n|\n|-weather|Sandstorm|[upkeep]\n|-damage|p1b: Cofagrigus|40/100|[from] Sandstorm\n|-damage|p1a: Incineroar|89/100|[from] Sandstorm\n|-damage|p2a: Delphox|64/100|[from] Sandstorm\n|upkeep\n|turn|3\n|\n|t:|1776087898\n|detailschange|p2a: Delphox|Delphox-Mega, L50, F\n|-mega|p2a: Delphox|Delphox|Delphoxite\n|move|p1b: Cofagrigus|Body Press|p2b: Tyranitar\n|-supereffective|p2b: Tyranitar|2\n|-damage|p2b: Tyranitar|0 fnt\n|faint|p2b: Tyranitar\n|move|p1a: Incineroar|Throat Chop|p2a: Delphox\n|-supereffective|p2a: Delphox|1\n|-end|p2a: Delphox|Substitute\n|move|p2a: Delphox|Heat Wave|p1b: Cofagrigus|[spread] p1a,p1b\n|-resisted|p1a: Incineroar|1\n|-damage|p1a: Incineroar|66/100\n|-damage|p1b: Cofagrigus|0 fnt\n|faint|p1b: Cofagrigus\n|\n|-weather|Sandstorm|[upkeep]\n|-damage|p1a: Incineroar|60/100|[from] Sandstorm\n|-damage|p2a: Delphox|58/100|[from] Sandstorm\n|upkeep\n|\n|t:|1776087915\n|switch|p1b: Sinistcha|Sinistcha, L50|100/100\n|switch|p2b: Tauros|Tauros-Paldea-Aqua, L50, M|100/100\n|-ability|p2b: Tauros|Intimidate|boost\n|-unboost|p1a: Incineroar|atk|1\n|-unboost|p1b: Sinistcha|atk|1\n|-heal|p1a: Incineroar|85/100|[from] ability: Hospitality|[of] p1b: Sinistcha\n|turn|4\n|\n|t:|1776087935\n|move|p2b: Tauros|Protect|p2b: Tauros\n|-singleturn|p2b: Tauros|Protect\n|move|p2a: Delphox|Protect|p2a: Delphox\n|-singleturn|p2a: Delphox|Protect\n|move|p1b: Sinistcha|Rage Powder|p1b: Sinistcha\n|-singleturn|p1b: Sinistcha|move: Rage Powder\n|move|p1a: Incineroar|Throat Chop|p2a: Delphox\n|-activate|p2a: Delphox|move: Protect\n|\n|-weather|Sandstorm|[upkeep]\n|-damage|p1a: Incineroar|79/100|[from] Sandstorm\n|-damage|p1b: Sinistcha|94/100|[from] Sandstorm\n|-damage|p2b: Tauros|95/100|[from] Sandstorm\n|-damage|p2a: Delphox|52/100|[from] Sandstorm\n|upkeep\n|turn|5\n|\n|t:|1776087943\n|switch|p2a: Decidueye|Decidueye, L50, M|100/100\n|move|p1a: Incineroar|Throat Chop|p2a: Decidueye\n|-supereffective|p2a: Decidueye|1\n|-damage|p2a: Decidueye|45/100\n|-start|p2a: Decidueye|Throat Chop|[silent]\n|move|p1b: Sinistcha|Matcha Gotcha|p2a: Decidueye|[spread] p2a,p2b\n|-resisted|p2a: Decidueye|1\n|-supereffective|p2b: Tauros|1\n|-damage|p2a: Decidueye|30/100\n|-heal|p1b: Sinistcha|100/100|[from] drain|[of] p2a: Decidueye\n|-damage|p2b: Tauros|0 fnt\n|-status|p2a: Decidueye|brn\n|faint|p2b: Tauros\n|\n|-weather|none\n|-damage|p2a: Decidueye|24/100 brn|[from] brn\n|-fieldend|move: Trick Room\n|upkeep\n|\n|t:|1776087945\n|switch|p2b: Delphox|Delphox-Mega, L50, F|52/100\n|turn|6\n|\n|t:|1776087955\n|switch|p1b: Conkeldurr|Conkeldurr, L50, M|100/100\n|move|p2b: Delphox|Heat Wave|p1a: Incineroar|[spread] p1a,p1b\n|-resisted|p1a: Incineroar|1\n|-damage|p1a: Incineroar|57/100\n|-damage|p1b: Conkeldurr|51/100\n|move|p2a: Decidueye|Leaf Storm|p1a: Incineroar\n|-resisted|p1a: Incineroar|1\n|-damage|p1a: Incineroar|17/100\n|-unboost|p2a: Decidueye|spa|2\n|-enditem|p1a: Incineroar|Sitrus Berry|[eat]\n|-heal|p1a: Incineroar|42/100|[from] item: Sitrus Berry\n|move|p1a: Incineroar|Throat Chop|p2b: Delphox\n|-supereffective|p2b: Delphox|1\n|-damage|p2b: Delphox|0 fnt\n|faint|p2b: Delphox\n|\n|-damage|p2a: Decidueye|18/100 brn|[from] brn\n|-end|p2a: Decidueye|Throat Chop|[silent]\n|upkeep\n|turn|7\n|\n|t:|1776087967\n|move|p2a: Decidueye|Shadow Ball|p1a: Incineroar\n|-resisted|p1a: Incineroar|1\n|-damage|p1a: Incineroar|31/100\n|move|p1a: Incineroar|Flare Blitz|p2a: Decidueye\n|-supereffective|p2a: Decidueye|1\n|-damage|p2a: Decidueye|0 fnt\n|faint|p2a: Decidueye\n|-damage|p1a: Incineroar|26/100|[from] Recoil\n|\n|win|Niko highway\n|raw|Niko highway's rating: 1359 &rarr; <strong>1383</strong><br />(+24 for winning)\n|raw|ester98's rating: 1422 &rarr; <strong>1398</strong><br />(-24 for losing)\n|l|\u2606ester98\n|player|p2|\n",
  "uploadtime": 1776088062,
  "views": 57,
  "formatid": "gen9championsvgc2026regma",
  "rating": 1383,
  "private": 0,
  "password": null
}