{
  "id": "gen9championsvgc2026regma-2585217649",
  "format": "[Gen 9 Champions] VGC 2026 Reg M-A",
  "players": [
    "ilveroseby",
    "gogozeppeli190"
  ],
  "log": "|j|\u2606ilveroseby\n|j|\u2606gogozeppeli190\n|t:|1776326225\n|gametype|doubles\n|player|p1|ilveroseby|169|1287\n|player|p2|gogozeppeli190|265|1203\n|gen|9\n|tier|[Gen 9 Champions] VGC 2026 Reg M-A\n|rated|\n|rule|Species Clause: Limit one of each Pok\u00e9mon\n|rule|Item Clause: Limit 1 of each item\n|clearpoke\n|poke|p1|Charizard, L50, F|\n|poke|p1|Garchomp, L50, M|\n|poke|p1|Sneasler, L50, F|\n|poke|p1|Rotom-Wash, L50|\n|poke|p1|Incineroar, L50, F|\n|poke|p1|Kingambit, L50, F|\n|poke|p2|Scizor, L50, M|\n|poke|p2|Sneasler, L50, F|\n|poke|p2|Incineroar, L50, F|\n|poke|p2|Rotom-Wash, L50|\n|poke|p2|Ditto, L50|\n|poke|p2|Dragonite, L50, F|\n|teampreview|4\n|inactive|Battle timer is ON: inactive players will automatically lose when time's up. (requested by ilveroseby)\n|\n|t:|1776326276\n|teamsize|p1|4\n|teamsize|p2|4\n|start\n|switch|p1a: Rotom|Rotom-Wash, L50|100/100\n|switch|p1b: Charizard|Charizard, L50, F, shiny|100/100\n|switch|p2a: Dragonite|Dragonite, L50, F|100/100\n|switch|p2b: Rotom|Rotom-Wash, L50|100/100\n|turn|1\n|inactive|ilveroseby has 30 seconds left.\n|inactive|gogozeppeli190 has 30 seconds left.\n|\n|t:|1776326311\n|detailschange|p1b: Charizard|Charizard-Mega-Y, L50, F, shiny\n|-mega|p1b: Charizard|Charizard|Charizardite Y\n|-weather|SunnyDay|[from] ability: Drought|[of] p1b: Charizard\n|move|p2a: Dragonite|Protect|p2a: Dragonite\n|-singleturn|p2a: Dragonite|Protect\n|move|p2b: Rotom|Hydro Pump|p1b: Charizard\n|-supereffective|p1b: Charizard|1\n|-damage|p1b: Charizard|54/100\n|move|p1a: Rotom|Electroweb|p2a: Dragonite|[spread] p2b\n|-activate|p2a: Dragonite|move: Protect\n|-damage|p2b: Rotom|81/100\n|-unboost|p2b: Rotom|spe|1\n|move|p1b: Charizard|Solar Beam||[still]\n|-prepare|p1b: Charizard|Solar Beam\n|-anim|p1b: Charizard|Solar Beam|p2b: Rotom\n|-supereffective|p2b: Rotom|1\n|-damage|p2b: Rotom|0 fnt\n|faint|p2b: Rotom\n|\n|-weather|SunnyDay|[upkeep]\n|upkeep\n|\n|t:|1776326330\n|switch|p2b: Ditto|Ditto, L50|100/100\n|-transform|p2b: Ditto|p1a: Rotom|[from] ability: Imposter\n|turn|2\n|\n|t:|1776326348\n|detailschange|p2a: Dragonite|Dragonite-Mega, L50, F\n|-mega|p2a: Dragonite|Dragonite|Dragoninite\n|move|p1b: Charizard|Protect|p1b: Charizard\n|-singleturn|p1b: Charizard|Protect\n|move|p2a: Dragonite|Draco Meteor|p1b: Charizard\n|-activate|p1b: Charizard|move: Protect\n|move|p2b: Ditto|Electroweb|p1b: Charizard|[spread] p1a\n|-activate|p1b: Charizard|move: Protect\n|-damage|p1a: Rotom|86/100\n|-unboost|p1a: Rotom|spe|1\n|move|p1a: Rotom|Electroweb|p2b: Ditto|[spread] p2a,p2b\n|-damage|p2a: Dragonite|94/100\n|-damage|p2b: Ditto|85/100\n|-unboost|p2a: Dragonite|spe|1\n|-unboost|p2b: Ditto|spe|1\n|\n|-weather|SunnyDay|[upkeep]\n|-heal|p1a: Rotom|92/100|[from] item: Leftovers\n|upkeep\n|turn|3\n|inactive|ilveroseby has 30 seconds left.\n|inactive|gogozeppeli190 has 30 seconds left.\n|\n|t:|1776326381\n|switch|p1b: Incineroar|Incineroar, L50, F|100/100\n|-ability|p1b: Incineroar|Intimidate|boost\n|-unboost|p2a: Dragonite|atk|1\n|-unboost|p2b: Ditto|atk|1\n|move|p2a: Dragonite|Draco Meteor|p1a: Rotom\n|-damage|p1a: Rotom|21/100\n|-unboost|p2a: Dragonite|spa|2\n|move|p1a: Rotom|Volt Switch|p2b: Ditto\n|-damage|p2b: Ditto|56/100\n|\n|t:|1776326398\n|switch|p1a: Garchomp|Garchomp, L50, M|100/100|[from] Volt Switch\n|move|p2b: Ditto|Volt Switch|p1b: Incineroar\n|-damage|p1b: Incineroar|76/100\n|\n|t:|1776326407\n|switch|p2b: Sneasler|Sneasler, L50, F|100/100|[from] Volt Switch\n|\n|-weather|SunnyDay|[upkeep]\n|upkeep\n|turn|4\n|inactive|ilveroseby has 30 seconds left.\n|\n|t:|1776326436\n|switch|p2a: Ditto|Ditto, L50|56/100\n|-transform|p2a: Ditto|p1b: Incineroar|[from] ability: Imposter\n|-ability|p2a: Ditto|Intimidate|boost\n|-unboost|p1a: Garchomp|atk|1\n|-unboost|p1b: Incineroar|atk|1\n|move|p1a: Garchomp|Dragon Claw|p2a: Ditto\n|-damage|p2a: Ditto|15/100\n|move|p2b: Sneasler|Close Combat|p1b: Incineroar\n|-supereffective|p1b: Incineroar|1\n|-damage|p1b: Incineroar|0 fnt\n|-unboost|p2b: Sneasler|def|1\n|-unboost|p2b: Sneasler|spd|1\n|faint|p1b: Incineroar\n|-enditem|p2b: Sneasler|White Herb\n|-clearnegativeboost|p2b: Sneasler|[silent]\n|\n|-weather|SunnyDay|[upkeep]\n|upkeep\n|\n|t:|1776326454\n|switch|p1b: Charizard|Charizard-Mega-Y, L50, F, shiny|54/100\n|turn|5\n|\n|t:|1776326477\n|move|p2a: Ditto|Fake Out|p1b: Charizard\n|-damage|p1b: Charizard|43/100\n|move|p2b: Sneasler|Dire Claw|p1b: Charizard\n|-damage|p1b: Charizard|3/100\n|move|p1a: Garchomp|Dragon Claw|p2b: Sneasler\n|-damage|p2b: Sneasler|48/100\n|cant|p1b: Charizard|flinch\n|\n|-weather|none\n|upkeep\n|turn|6\n|\n|t:|1776326499\n|switch|p1b: Rotom|Rotom-Wash, L50|21/100\n|move|p2b: Sneasler|Feint|p1b: Rotom\n|-damage|p1b: Rotom|8/100\n|move|p1a: Garchomp|Dragon Claw|p2b: Sneasler\n|-damage|p2b: Sneasler|0 fnt\n|faint|p2b: Sneasler\n|move|p2a: Ditto|Parting Shot|p1a: Garchomp\n|-unboost|p1a: Garchomp|atk|1\n|-unboost|p1a: Garchomp|spa|1\n|\n|t:|1776326509\n|switch|p2a: Dragonite|Dragonite-Mega, L50, F|94/100|[from] Parting Shot\n|\n|-heal|p1b: Rotom|14/100|[from] item: Leftovers\n|upkeep\n|\n|t:|1776326514\n|switch|p2b: Ditto|Ditto, L50|15/100\n|-transform|p2b: Ditto|p1a: Garchomp|[from] ability: Imposter\n|turn|7\n|inactive|gogozeppeli190 has 30 seconds left.\n|\n|t:|1776326548\n|switch|p1a: Charizard|Charizard-Mega-Y, L50, F, shiny|3/100\n|-weather|SunnyDay|[from] ability: Drought|[of] p1a: Charizard\n|move|p2a: Dragonite|Draco Meteor|p1a: Charizard\n|-damage|p1a: Charizard|0 fnt\n|-unboost|p2a: Dragonite|spa|2\n|faint|p1a: Charizard\n|move|p2b: Ditto|Rock Slide|p1b: Rotom\n|-damage|p1b: Rotom|0 fnt\n|faint|p1b: Rotom\n|\n|-weather|SunnyDay|[upkeep]\n|upkeep\n|\n|t:|1776326561\n|switch|p1b: Garchomp|Garchomp, L50, M|100/100\n|turn|8\n|\n|t:|1776326574\n|move|p1b: Garchomp|Dragon Claw|p2a: Dragonite\n|-supereffective|p2a: Dragonite|1\n|-damage|p2a: Dragonite|2/100\n|move|p2a: Dragonite|Draco Meteor|p1b: Garchomp\n|-supereffective|p1b: Garchomp|1\n|-damage|p1b: Garchomp|32/100\n|-unboost|p2a: Dragonite|spa|2\n|move|p2b: Ditto|Dragon Claw|p1b: Garchomp\n|-supereffective|p1b: Garchomp|1\n|-damage|p1b: Garchomp|0 fnt\n|-damage|p2b: Ditto|3/100|[from] ability: Rough Skin|[of] p1b: Garchomp\n|faint|p1b: Garchomp\n|\n|win|gogozeppeli190\n|raw|ilveroseby's rating: 1287 &rarr; <strong>1256</strong><br />(-31 for losing)\n|raw|gogozeppeli190's rating: 1203 &rarr; <strong>1234</strong><br />(+31 for winning)\n|l|\u2606ilveroseby\n|player|p1|\n",
  "uploadtime": 1776326632,
  "views": 48,
  "formatid": "gen9championsvgc2026regma",
  "rating": 1234,
  "private": 0,
  "password": null
}