{
  "id": "gen9championsvgc2026regma-2586597868",
  "format": "[Gen 9 Champions] VGC 2026 Reg M-A",
  "players": [
    "ProfessorKnightVGC",
    "babonicplague"
  ],
  "log": "|j|\u203dProfessorKnightVGC\n|j|\u2606babonicplague\n|t:|1776445775\n|gametype|doubles\n|player|p1|ProfessorKnightVGC|palmer|1300\n|player|p2|babonicplague|n|1376\n|gen|9\n|tier|[Gen 9 Champions] VGC 2026 Reg M-A\n|rated|\n|rule|Species Clause: Limit one of each Pok\u00e9mon\n|rule|Item Clause: Limit 1 of each item\n|clearpoke\n|poke|p1|Charizard, L50, F|\n|poke|p1|Basculegion, L50, M|\n|poke|p1|Incineroar, L50, M|\n|poke|p1|Sneasler, L50, F|\n|poke|p1|Garchomp, L50, M|\n|poke|p1|Venusaur, L50, M|\n|poke|p2|Pelipper, L50, F|\n|poke|p2|Meganium, L50, F|\n|poke|p2|Basculegion, L50, M|\n|poke|p2|Dragonite, L50, F|\n|poke|p2|Sinistcha, L50|\n|poke|p2|Sneasler, L50, M|\n|teampreview|4\n|inactive|Battle timer is ON: inactive players will automatically lose when time's up. (requested by ProfessorKnightVGC)\n|c|\u2606babonicplague|glhf\n|inactive|ProfessorKnightVGC has 60 seconds left.\n|inactive|babonicplague has 60 seconds left.\n|\n|t:|1776445816\n|teamsize|p1|4\n|teamsize|p2|4\n|start\n|switch|p1a: Incineroar|Incineroar, L50, M|100/100\n|switch|p1b: Charizard|Charizard, L50, F|100/100\n|switch|p2a: Sneasler|Sneasler, L50, M|100/100\n|switch|p2b: Basculegion|Basculegion, L50, M|100/100\n|-ability|p1a: Incineroar|Intimidate|boost\n|-unboost|p2a: Sneasler|atk|1\n|-unboost|p2b: Basculegion|atk|1\n|-enditem|p2a: Sneasler|White Herb\n|-clearnegativeboost|p2a: Sneasler|[silent]\n|turn|1\n|inactive|ProfessorKnightVGC has 30 seconds left.\n|inactive|babonicplague has 30 seconds left.\n|\n|t:|1776445842\n|move|p1b: Charizard|Protect|p1b: Charizard\n|-singleturn|p1b: Charizard|Protect\n|move|p2a: Sneasler|Fake Out|p1b: Charizard\n|-activate|p1b: Charizard|move: Protect\n|move|p1a: Incineroar|Fake Out|p2a: Sneasler\n|-damage|p2a: Sneasler|82/100\n|move|p2b: Basculegion|Flip Turn|p1a: Incineroar\n|-supereffective|p1a: Incineroar|1\n|-damage|p1a: Incineroar|53/100\n|\n|t:|1776445852\n|switch|p2b: Dragonite|Dragonite, L50, F|100/100|[from] Flip Turn\n|\n|upkeep\n|turn|2\n|\n|t:|1776445874\n|switch|p1a: Basculegion|Basculegion, L50, M|100/100\n|detailschange|p1b: Charizard|Charizard-Mega-Y, L50, F\n|-mega|p1b: Charizard|Charizard|Charizardite Y\n|-weather|SunnyDay|[from] ability: Drought|[of] p1b: Charizard\n|detailschange|p2b: Dragonite|Dragonite-Mega, L50, F\n|-mega|p2b: Dragonite|Dragonite|Dragoninite\n|move|p2a: Sneasler|Close Combat|p1a: Basculegion\n|-immune|p1a: Basculegion\n|move|p2b: Dragonite|Thunder|p1b: Charizard|[miss]\n|-miss|p2b: Dragonite|p1b: Charizard\n|move|p1b: Charizard|Air Slash|p2a: Sneasler\n|-supereffective|p2a: Sneasler|1\n|-damage|p2a: Sneasler|0 fnt\n|faint|p2a: Sneasler\n|\n|-weather|SunnyDay|[upkeep]\n|upkeep\n|\n|t:|1776445891\n|switch|p2a: Pelipper|Pelipper, L50, F|100/100\n|-weather|RainDance|[from] ability: Drizzle|[of] p2a: Pelipper\n|turn|3\n|\n|t:|1776445915\n|switch|p1b: Incineroar|Incineroar, L50, M|53/100\n|-ability|p1b: Incineroar|Intimidate|boost\n|-unboost|p2a: Pelipper|atk|1\n|-unboost|p2b: Dragonite|atk|1\n|move|p1a: Basculegion|Flip Turn|p2a: Pelipper\n|-resisted|p2a: Pelipper|1\n|-damage|p2a: Pelipper|61/100\n|\n|t:|1776445923\n|switch|p1a: Charizard|Charizard-Mega-Y, L50, F|100/100|[from] Flip Turn\n|-weather|SunnyDay|[from] ability: Drought|[of] p1a: Charizard\n|move|p2b: Dragonite|Thunder|p1a: Charizard|[miss]\n|-miss|p2b: Dragonite|p1a: Charizard\n|move|p2a: Pelipper|Tailwind|p2a: Pelipper\n|-sidestart|p2: babonicplague|move: Tailwind\n|\n|-weather|SunnyDay|[upkeep]\n|upkeep\n|turn|4\n|\n|t:|1776445944\n|switch|p2a: Basculegion|Basculegion, L50, M|100/100\n|move|p2b: Dragonite|Protect|p2b: Dragonite\n|-singleturn|p2b: Dragonite|Protect\n|move|p1b: Incineroar|Fake Out|p2b: Dragonite\n|-activate|p2b: Dragonite|move: Protect\n|move|p1a: Charizard|Heat Wave|p2a: Basculegion|[spread] p2a\n|-activate|p2b: Dragonite|move: Protect\n|-resisted|p2a: Basculegion|1\n|-damage|p2a: Basculegion|57/100\n|\n|-weather|SunnyDay|[upkeep]\n|upkeep\n|turn|5\n|\n|t:|1776445968\n|switch|p1a: Sneasler|Sneasler, L50, F|100/100\n|move|p2a: Basculegion|Flip Turn|p1b: Incineroar\n|-supereffective|p1b: Incineroar|1\n|-damage|p1b: Incineroar|21/100\n|-enditem|p1b: Incineroar|Sitrus Berry|[eat]\n|-heal|p1b: Incineroar|46/100|[from] item: Sitrus Berry\n|\n|t:|1776445975\n|switch|p2a: Pelipper|Pelipper, L50, F|61/100|[from] Flip Turn\n|-weather|RainDance|[from] ability: Drizzle|[of] p2a: Pelipper\n|move|p2b: Dragonite|Thunder|p1a: Sneasler\n|-damage|p1a: Sneasler|33/100\n|move|p1b: Incineroar|Throat Chop|p2a: Pelipper\n|-damage|p2a: Pelipper|12/100\n|-start|p2a: Pelipper|Throat Chop|[silent]\n|\n|-weather|RainDance|[upkeep]\n|upkeep\n|turn|6\n|inactive|ProfessorKnightVGC has 30 seconds left.\n|inactive|babonicplague has 30 seconds left.\n|inactive|babonicplague has 20 seconds left.\n|\n|t:|1776446013\n|move|p2b: Dragonite|Protect|p2b: Dragonite\n|-singleturn|p2b: Dragonite|Protect\n|move|p2a: Pelipper|Protect|p2a: Pelipper\n|-singleturn|p2a: Pelipper|Protect\n|move|p1a: Sneasler|Protect|p1a: Sneasler\n|-singleturn|p1a: Sneasler|Protect\n|move|p1b: Incineroar|Throat Chop|p2a: Pelipper\n|-activate|p2a: Pelipper|move: Protect\n|\n|-weather|RainDance|[upkeep]\n|-end|p2a: Pelipper|Throat Chop|[silent]\n|-sideend|p2: babonicplague|move: Tailwind\n|upkeep\n|turn|7\n|\n|t:|1776446037\n|switch|p2a: Basculegion|Basculegion, L50, M|57/100\n|switch|p1b: Charizard|Charizard-Mega-Y, L50, F|100/100\n|-weather|SunnyDay|[from] ability: Drought|[of] p1b: Charizard\n|move|p1a: Sneasler|Dire Claw|p2a: Basculegion\n|-resisted|p2a: Basculegion|1\n|-damage|p2a: Basculegion|27/100\n|move|p2b: Dragonite|Hurricane|p1b: Charizard\n|-damage|p1b: Charizard|38/100\n|\n|-weather|SunnyDay|[upkeep]\n|upkeep\n|turn|8\n|inactive|ProfessorKnightVGC has 30 seconds left.\n|inactive|babonicplague has 30 seconds left.\n|inactive|babonicplague has 20 seconds left.\n|inactive|babonicplague has 15 seconds left.\n|\n|t:|1776446078\n|switch|p1b: Incineroar|Incineroar, L50, M|46/100\n|-ability|p1b: Incineroar|Intimidate|boost\n|-unboost|p2a: Basculegion|atk|1\n|-unboost|p2b: Dragonite|atk|1\n|move|p2a: Basculegion|Flip Turn|p1b: Incineroar\n|-supereffective|p1b: Incineroar|1\n|-damage|p1b: Incineroar|22/100\n|\n|t:|1776446085\n|switch|p2a: Pelipper|Pelipper, L50, F|12/100|[from] Flip Turn\n|-weather|RainDance|[from] ability: Drizzle|[of] p2a: Pelipper\n|move|p1a: Sneasler|Rock Slide|p2a: Pelipper|[spread] p2b\n|-miss|p1a: Sneasler|p2a: Pelipper\n|-supereffective|p2b: Dragonite|1\n|-damage|p2b: Dragonite|80/100\n|move|p2b: Dragonite|Hurricane|p1a: Sneasler\n|-supereffective|p1a: Sneasler|1\n|-damage|p1a: Sneasler|0 fnt\n|faint|p1a: Sneasler\n|\n|-weather|RainDance|[upkeep]\n|upkeep\n|\n|t:|1776446101\n|switch|p1a: Basculegion|Basculegion, L50, M|100/100\n|turn|9\n|\n|t:|1776446123\n|switch|p2b: Basculegion|Basculegion, L50, M|27/100\n|move|p2a: Pelipper|Protect|p2a: Pelipper\n|-singleturn|p2a: Pelipper|Protect\n|move|p1b: Incineroar|Fake Out|p2a: Pelipper\n|-activate|p2a: Pelipper|move: Protect\n|move|p1a: Basculegion|Last Respects|p2b: Basculegion\n|-supereffective|p2b: Basculegion|1\n|-damage|p2b: Basculegion|0 fnt\n|faint|p2b: Basculegion\n|\n|-weather|RainDance|[upkeep]\n|upkeep\n|\n|t:|1776446132\n|switch|p2b: Dragonite|Dragonite-Mega, L50, F|80/100\n|turn|10\n|\n|t:|1776446143\n|switch|p1b: Charizard|Charizard-Mega-Y, L50, F|38/100\n|-weather|SunnyDay|[from] ability: Drought|[of] p1b: Charizard\n|move|p1a: Basculegion|Last Respects|p2b: Dragonite\n|-damage|p2b: Dragonite|17/100\n|move|p2b: Dragonite|Thunder|p1a: Basculegion\n|-supereffective|p1a: Basculegion|1\n|-damage|p1a: Basculegion|0 fnt\n|faint|p1a: Basculegion\n|move|p2a: Pelipper|Tailwind|p2a: Pelipper\n|-sidestart|p2: babonicplague|move: Tailwind\n|\n|-weather|SunnyDay|[upkeep]\n|upkeep\n|\n|t:|1776446152\n|switch|p1a: Incineroar|Incineroar, L50, M|22/100\n|-ability|p1a: Incineroar|Intimidate|boost\n|-unboost|p2a: Pelipper|atk|1\n|-unboost|p2b: Dragonite|atk|1\n|turn|11\n|\n|t:|1776446167\n|move|p2b: Dragonite|Protect|p2b: Dragonite\n|-singleturn|p2b: Dragonite|Protect\n|move|p2a: Pelipper|Protect|p2a: Pelipper\n|-singleturn|p2a: Pelipper|Protect\n|move|p1a: Incineroar|Fake Out|p2b: Dragonite\n|-activate|p2b: Dragonite|move: Protect\n|move|p1b: Charizard|Air Slash|p2a: Pelipper\n|-activate|p2a: Pelipper|move: Protect\n|\n|-weather|SunnyDay|[upkeep]\n|upkeep\n|turn|12\n|\n|t:|1776446182\n|move|p1b: Charizard|Protect|p1b: Charizard\n|-singleturn|p1b: Charizard|Protect\n|move|p2b: Dragonite|Draco Meteor|p1b: Charizard\n|-activate|p1b: Charizard|move: Protect\n|move|p2a: Pelipper|Hurricane|p1a: Incineroar|[miss]\n|-miss|p2a: Pelipper|p1a: Incineroar\n|move|p1a: Incineroar|Throat Chop|p2a: Pelipper\n|-damage|p2a: Pelipper|0 fnt\n|faint|p2a: Pelipper\n|\n|-weather|SunnyDay|[upkeep]\n|upkeep\n|turn|13\n|inactive|babonicplague has 30 seconds left.\n|c|\u2606babonicplague|never playing this team again lmao\n|inactive|babonicplague has 20 seconds left.\n|\n|t:|1776446221\n|move|p2b: Dragonite|Hurricane|p1a: Incineroar|[miss]\n|-miss|p2b: Dragonite|p1a: Incineroar\n|move|p1b: Charizard|Air Slash|p2b: Dragonite\n|-damage|p2b: Dragonite|0 fnt\n|faint|p2b: Dragonite\n|\n|win|ProfessorKnightVGC\n|raw|ProfessorKnightVGC's rating: 1300 &rarr; <strong>1330</strong><br />(+30 for winning)\n|raw|babonicplague's rating: 1376 &rarr; <strong>1352</strong><br />(-24 for losing)\n|n|\u2606ProfessorKnightVGC|professorknightvgc\n",
  "uploadtime": 1776446330,
  "views": 38,
  "formatid": "gen9championsvgc2026regma",
  "rating": 1330,
  "private": 0,
  "password": null
}