{
  "id": "gen9championsvgc2026regma-2580754748",
  "format": "[Gen 9 Champions] VGC 2026 Reg M-A",
  "players": [
    "perjutsu24",
    "udilson"
  ],
  "log": "|j|\u2606perjutsu24\n|j|\u2606udilson\n|t:|1775929801\n|gametype|doubles\n|player|p1|perjutsu24|cynthia-gen4|1086\n|player|p2|udilson|102|1066\n|gen|9\n|tier|[Gen 9 Champions] VGC 2026 Reg M-A\n|rated|\n|rule|Species Clause: Limit one of each Pok\u00e9mon\n|rule|Item Clause: Limit 1 of each item\n|clearpoke\n|poke|p1|Aggron, L50, M|\n|poke|p1|Sinistcha-Masterpiece, L50|\n|poke|p1|Pelipper, L50, M|\n|poke|p1|Basculegion, L50, M|\n|poke|p1|Incineroar, L50, M|\n|poke|p1|Sneasler, L50, F|\n|poke|p2|Froslass, L50, F|\n|poke|p2|Maushold, L50|\n|poke|p2|Garchomp, L50, F|\n|poke|p2|Primarina, L50, F|\n|poke|p2|Incineroar, L50, F|\n|poke|p2|Rotom-Mow, L50|\n|teampreview|4\n|\n|t:|1775929891\n|teamsize|p1|4\n|teamsize|p2|4\n|start\n|switch|p1a: Aggron|Aggron, L50, M|100/100\n|switch|p1b: Sneasler|Sneasler, L50, F|100/100\n|switch|p2a: Froslass|Froslass, L50, F|100/100\n|switch|p2b: Rotom|Rotom-Mow, L50|100/100\n|turn|1\n|\n|t:|1775929926\n|detailschange|p2a: Froslass|Froslass-Mega, L50, F\n|-mega|p2a: Froslass|Froslass|Froslassite\n|-weather|Snowscape|[from] ability: Snow Warning|[of] p2a: Froslass\n|move|p1b: Sneasler|Fake Out|p2b: Rotom\n|-damage|p2b: Rotom|84/100\n|move|p2a: Froslass|Aurora Veil|p2a: Froslass\n|-sidestart|p2: udilson|move: Aurora Veil\n|cant|p2b: Rotom|flinch\n|move|p1a: Aggron|Iron Defense|p1a: Aggron\n|-boost|p1a: Aggron|def|2\n|\n|-weather|Snowscape|[upkeep]\n|-heal|p2b: Rotom|90/100|[from] item: Leftovers\n|upkeep\n|turn|2\n|\n|t:|1775929960\n|detailschange|p1a: Aggron|Aggron-Mega, L50, M\n|-mega|p1a: Aggron|Aggron|Aggronite\n|move|p2b: Rotom|Helping Hand|p2a: Froslass\n|-singleturn|p2a: Froslass|Helping Hand|[of] p2b: Rotom\n|move|p1b: Sneasler|Dire Claw|p2b: Rotom\n|-supereffective|p2b: Rotom|1\n|-damage|p2b: Rotom|33/100\n|-status|p2b: Rotom|psn\n|move|p2a: Froslass|Blizzard|p1b: Sneasler|[spread] p1a,p1b\n|-resisted|p1a: Aggron|1\n|-damage|p1a: Aggron|62/100\n|-damage|p1b: Sneasler|11/100\n|-status|p1a: Aggron|frz\n|-curestatus|p1a: Aggron|frz|[msg]\n|move|p1a: Aggron|Heavy Slam|p2a: Froslass\n|-supereffective|p2a: Froslass|1\n|-damage|p2a: Froslass|19/100\n|\n|-weather|Snowscape|[upkeep]\n|-heal|p2b: Rotom|39/100 psn|[from] item: Leftovers\n|-damage|p2b: Rotom|27/100 psn|[from] psn\n|upkeep\n|turn|3\n|\n|t:|1775930006\n|move|p2b: Rotom|Helping Hand|p2a: Froslass\n|-singleturn|p2a: Froslass|Helping Hand|[of] p2b: Rotom\n|move|p1b: Sneasler|Dire Claw|p2b: Rotom\n|-supereffective|p2b: Rotom|1\n|-damage|p2b: Rotom|0 fnt\n|faint|p2b: Rotom\n|move|p2a: Froslass|Blizzard|p1a: Aggron|[spread] p1a,p1b\n|-resisted|p1a: Aggron|1\n|-damage|p1a: Aggron|24/100\n|-damage|p1b: Sneasler|0 fnt\n|-status|p1a: Aggron|frz\n|faint|p1b: Sneasler\n|-curestatus|p1a: Aggron|frz|[msg]\n|move|p1a: Aggron|Heavy Slam|p2a: Froslass\n|-supereffective|p2a: Froslass|1\n|-damage|p2a: Froslass|0 fnt\n|faint|p2a: Froslass\n|\n|-weather|Snowscape|[upkeep]\n|upkeep\n|\n|t:|1775930026\n|switch|p2a: Primarina|Primarina, L50, F|100/100\n|switch|p1b: Sinistcha|Sinistcha-Masterpiece, L50|100/100\n|switch|p2b: Garchomp|Garchomp, L50, F|100/100\n|-heal|p1a: Aggron|49/100|[from] ability: Hospitality|[of] p1b: Sinistcha\n|turn|4\n|\n|t:|1775930050\n|move|p1a: Aggron|Protect|p1a: Aggron\n|-singleturn|p1a: Aggron|Protect\n|move|p2a: Primarina|Protect|p2a: Primarina\n|-singleturn|p2a: Primarina|Protect\n|move|p2b: Garchomp|Earthquake|p1b: Sinistcha|[spread] p1b\n|-activate|p2a: Primarina|move: Protect\n|-activate|p1a: Aggron|move: Protect\n|-resisted|p1b: Sinistcha|1\n|-damage|p1b: Sinistcha|81/100\n|move|p1b: Sinistcha|Trick Room|p1b: Sinistcha\n|-fieldstart|move: Trick Room|[of] p1b: Sinistcha\n|\n|-weather|Snowscape|[upkeep]\n|upkeep\n|turn|5\n|\n|t:|1775930091\n|move|p2a: Primarina|Ice Beam|p1b: Sinistcha\n|-supereffective|p1b: Sinistcha|1\n|-damage|p1b: Sinistcha|20/100\n|-enditem|p1b: Sinistcha|Sitrus Berry|[eat]\n|-heal|p1b: Sinistcha|45/100|[from] item: Sitrus Berry\n|move|p1a: Aggron|Body Press|p2b: Garchomp\n|-crit|p2b: Garchomp\n|-damage|p2b: Garchomp|0 fnt\n|-damage|p1a: Aggron|37/100|[from] ability: Rough Skin|[of] p2b: Garchomp\n|faint|p2b: Garchomp\n|move|p1b: Sinistcha|Matcha Gotcha|p2a: Primarina\n|-supereffective|p2a: Primarina|1\n|-damage|p2a: Primarina|62/100\n|-heal|p1b: Sinistcha|65/100|[from] drain|[of] p2a: Primarina\n|\n|-weather|none\n|-sideend|p2: udilson|move: Aurora Veil\n|upkeep\n|turn|6\n|\n|t:|1775930133\n|move|p2a: Primarina|Hyper Voice|p1a: Aggron|[spread] p1a,p1b\n|-resisted|p1b: Sinistcha|1\n|-damage|p1a: Aggron|0 fnt\n|-damage|p1b: Sinistcha|46/100\n|faint|p1a: Aggron\n|move|p1b: Sinistcha|Matcha Gotcha|p2a: Primarina\n|-supereffective|p2a: Primarina|1\n|-damage|p2a: Primarina|3/100\n|-heal|p1b: Sinistcha|77/100|[from] drain|[of] p2a: Primarina\n|\n|upkeep\n|\n|t:|1775930143\n|switch|p1a: Pelipper|Pelipper, L50, M|100/100\n|-weather|RainDance|[from] ability: Drizzle|[of] p1a: Pelipper\n|turn|7\n|-message|udilson forfeited.\n|\n|win|perjutsu24\n|raw|perjutsu24's rating: 1086 &rarr; <strong>1112</strong><br />(+26 for winning)\n|raw|udilson's rating: 1066 &rarr; <strong>1047</strong><br />(-19 for losing)\n|l|\u2606udilson\n|player|p2|\n|c|\u2606perjutsu24|gg\n",
  "uploadtime": 1775930162,
  "views": 19,
  "formatid": "gen9championsvgc2026regma",
  "rating": 1047,
  "private": 0,
  "password": null
}