{
  "id": "gen9championsvgc2026regma-2581219507",
  "format": "[Gen 9 Champions] VGC 2026 Reg M-A",
  "players": [
    "yamzinyobooty",
    "gentlebird"
  ],
  "log": "|j|\u2606yamzinyobooty\n|j|\u2606gentlebird\n|t:|1775972309\n|gametype|doubles\n|player|p1|yamzinyobooty|102|1104\n|player|p2|gentlebird|170|1090\n|gen|9\n|tier|[Gen 9 Champions] VGC 2026 Reg M-A\n|rated|\n|rule|Species Clause: Limit one of each Pok\u00e9mon\n|rule|Item Clause: Limit 1 of each item\n|clearpoke\n|poke|p1|Starmie, L50|\n|poke|p1|Whimsicott, L50, M|\n|poke|p1|Incineroar, L50, M|\n|poke|p1|Rotom-Wash, L50|\n|poke|p1|Kommo-o, L50, M|\n|poke|p1|Sneasler, L50, F|\n|poke|p2|Incineroar, L50, M|\n|poke|p2|Gengar, L50, F|\n|poke|p2|Sinistcha, L50|\n|poke|p2|Kingambit, L50, F|\n|poke|p2|Tyranitar, L50, F|\n|poke|p2|Kommo-o, L50, F|\n|teampreview|4\n|inactive|Battle timer is ON: inactive players will automatically lose when time's up. (requested by yamzinyobooty)\n|c|\u2606gentlebird|glhf\n|\n|t:|1775972332\n|teamsize|p1|4\n|teamsize|p2|4\n|start\n|switch|p1a: Sneasler|Sneasler, L50, F|100/100\n|switch|p1b: Rotom|Rotom-Wash, L50, shiny|100/100\n|switch|p2a: Kingambit|Kingambit, L50, F|100/100\n|switch|p2b: Incineroar|Incineroar, L50, M|100/100\n|-ability|p2b: Incineroar|Intimidate|boost\n|-unboost|p1a: Sneasler|atk|1\n|-unboost|p1b: Rotom|atk|1\n|-enditem|p1a: Sneasler|White Herb\n|-clearnegativeboost|p1a: Sneasler|[silent]\n|turn|1\n|\n|t:|1775972351\n|move|p2b: Incineroar|Protect|p2b: Incineroar\n|-singleturn|p2b: Incineroar|Protect\n|move|p2a: Kingambit|Protect|p2a: Kingambit\n|-singleturn|p2a: Kingambit|Protect\n|move|p1a: Sneasler|Close Combat|p2a: Kingambit\n|-activate|p2a: Kingambit|move: Protect\n|move|p1b: Rotom|Double Team|p1b: Rotom\n|-boost|p1b: Rotom|evasion|1\n|\n|upkeep\n|turn|2\n|c|\u2606yamzinyobooty|u2\n|\n|t:|1775972374\n|move|p1a: Sneasler|Close Combat|p2b: Incineroar\n|-supereffective|p2b: Incineroar|1\n|-damage|p2b: Incineroar|0 fnt\n|-unboost|p1a: Sneasler|def|1\n|-unboost|p1a: Sneasler|spd|1\n|faint|p2b: Incineroar\n|move|p1b: Rotom|Double Team|p1b: Rotom\n|-boost|p1b: Rotom|evasion|1\n|move|p2a: Kingambit|Iron Head|p1a: Sneasler\n|-damage|p1a: Sneasler|0 fnt\n|faint|p1a: Sneasler\n|\n|upkeep\n|\n|t:|1775972386\n|switch|p1a: Incineroar|Incineroar, L50, M|100/100\n|switch|p2b: Sinistcha|Sinistcha, L50|100/100\n|-ability|p1a: Incineroar|Intimidate|boost\n|-unboost|p2a: Kingambit|atk|1\n|-ability|p2a: Kingambit|Defiant|boost\n|-boost|p2a: Kingambit|atk|2\n|-unboost|p2b: Sinistcha|atk|1\n|turn|3\n|\n|t:|1775972403\n|move|p2a: Kingambit|Protect|p2a: Kingambit\n|-singleturn|p2a: Kingambit|Protect\n|move|p1b: Rotom|Electroweb|p2b: Sinistcha|[spread] p2b\n|-activate|p2a: Kingambit|move: Protect\n|-resisted|p2b: Sinistcha|1\n|-crit|p2b: Sinistcha\n|-damage|p2b: Sinistcha|89/100\n|-unboost|p2b: Sinistcha|spe|1\n|move|p1a: Incineroar|Flare Blitz|p2a: Kingambit\n|-activate|p2a: Kingambit|move: Protect\n|move|p2b: Sinistcha|Matcha Gotcha|p1b: Rotom|[spread] p1a,p1b\n|-resisted|p1a: Incineroar|1\n|-supereffective|p1b: Rotom|1\n|-crit|p1b: Rotom\n|-damage|p1a: Incineroar|89/100\n|-heal|p2b: Sinistcha|95/100|[from] drain|[of] p1a: Incineroar\n|-damage|p1b: Rotom|18/100\n|-heal|p2b: Sinistcha|100/100|[from] drain|[of] p1b: Rotom\n|-status|p1b: Rotom|brn\n|\n|-damage|p1b: Rotom|13/100 brn|[from] brn\n|upkeep\n|turn|4\n|inactive|gentlebird has 30 seconds left.\n|\n|t:|1775972429\n|move|p2b: Sinistcha|Protect|p2b: Sinistcha\n|-singleturn|p2b: Sinistcha|Protect\n|move|p1b: Rotom|Electroweb|p2b: Sinistcha|[spread] p2a\n|-activate|p2b: Sinistcha|move: Protect\n|-damage|p2a: Kingambit|84/100\n|-unboost|p2a: Kingambit|spe|1\n|-ability|p2a: Kingambit|Defiant|boost\n|-boost|p2a: Kingambit|atk|2\n|move|p1a: Incineroar|Flare Blitz|p2b: Sinistcha\n|-activate|p2b: Sinistcha|move: Protect\n|move|p2a: Kingambit|Low Kick|p1a: Incineroar\n|-supereffective|p1a: Incineroar|1\n|-damage|p1a: Incineroar|0 fnt\n|faint|p1a: Incineroar\n|\n|-damage|p1b: Rotom|7/100 brn|[from] brn\n|upkeep\n|\n|t:|1775972445\n|switch|p1a: Starmie|Starmie, L50|100/100\n|turn|5\n|\n|t:|1775972454\n|detailschange|p1a: Starmie|Starmie-Mega, L50\n|-mega|p1a: Starmie|Starmie|Starminite\n|move|p2a: Kingambit|Sucker Punch|p1b: Rotom\n|-damage|p1b: Rotom|0 fnt\n|faint|p1b: Rotom\n|move|p1a: Starmie|Liquidation|p2a: Kingambit\n|-crit|p2a: Kingambit\n|-damage|p2a: Kingambit|6/100\n|move|p2b: Sinistcha|Matcha Gotcha|p1a: Starmie\n|-supereffective|p1a: Starmie|1\n|-damage|p1a: Starmie|25/100\n|\n|upkeep\n|turn|6\n|c|\u2606yamzinyobooty|ggs\n|-message|yamzinyobooty forfeited.\n|\n|win|gentlebird\n|raw|yamzinyobooty's rating: 1104 &rarr; <strong>1078</strong><br />(-26 for losing)\n|raw|gentlebird's rating: 1090 &rarr; <strong>1118</strong><br />(+28 for winning)\n",
  "uploadtime": 1775972467,
  "views": 10,
  "formatid": "gen9championsvgc2026regma",
  "rating": 1078,
  "private": 0,
  "password": null
}