{
  "id": "gen9championsvgc2026regma-2582446230",
  "format": "[Gen 9 Champions] VGC 2026 Reg M-A",
  "players": [
    "Flagbox",
    "nix_star22"
  ],
  "log": "|j|\u2606Flagbox\n|j|\u2606nix_star22\n|t:|1776092213\n|gametype|doubles\n|player|p1|Flagbox|101|1079\n|player|p2|nix_star22|2|1170\n|gen|9\n|tier|[Gen 9 Champions] VGC 2026 Reg M-A\n|rated|\n|rule|Species Clause: Limit one of each Pok\u00e9mon\n|rule|Item Clause: Limit 1 of each item\n|clearpoke\n|poke|p1|Charizard, L50, M|\n|poke|p1|Sneasler, L50, F|\n|poke|p1|Torkoal, L50, F|\n|poke|p1|Rotom-Wash, L50|\n|poke|p1|Whimsicott, L50, F|\n|poke|p1|Incineroar, L50, M|\n|poke|p2|Dragonite, L50, M|\n|poke|p2|Archaludon, L50, F|\n|poke|p2|Basculegion, L50, M|\n|poke|p2|Pelipper, L50, M|\n|poke|p2|Incineroar, L50, F|\n|poke|p2|Meganium, L50, M|\n|teampreview|4\n|\n|t:|1776092260\n|teamsize|p1|4\n|teamsize|p2|4\n|start\n|switch|p1a: Rotom|Rotom-Wash, L50, shiny|100/100\n|switch|p1b: Whimsicott|Whimsicott, L50, F|100/100\n|switch|p2a: Wissam|Dragonite, L50, M|100/100\n|switch|p2b: Incineroar|Incineroar, L50, F|100/100\n|-ability|p2b: Incineroar|Intimidate|boost\n|-unboost|p1a: Rotom|atk|1\n|-unboost|p1b: Whimsicott|atk|1\n|turn|1\n|\n|t:|1776092284\n|move|p2b: Incineroar|Fake Out|p1b: Whimsicott\n|-damage|p1b: Whimsicott|85/100\n|cant|p1b: Whimsicott|flinch\n|move|p1a: Rotom|Volt Switch|p2a: Wissam\n|-damage|p2a: Wissam|73/100\n|\n|t:|1776092300\n|switch|p1a: Torkoal|Torkoal, L50, F|100/100|[from] Volt Switch\n|-weather|SunnyDay|[from] ability: Drought|[of] p1a: Torkoal\n|move|p2a: Wissam|Tailwind|p2a: Wissam\n|-sidestart|p2: nix_star22|move: Tailwind\n|\n|-weather|SunnyDay|[upkeep]\n|-heal|p1b: Whimsicott|91/100|[from] item: Leftovers\n|upkeep\n|turn|2\n|\n|t:|1776092340\n|detailschange|p2a: Wissam|Dragonite-Mega, L50, M\n|-mega|p2a: Wissam|Dragonite|Dragoninite\n|move|p2a: Wissam|Extreme Speed|p1a: Torkoal\n|-damage|p1a: Torkoal|81/100\n|move|p1b: Whimsicott|Encore|p2b: Incineroar\n|-hint|Since gen 7, Dark is immune to Prankster moves.\n|-immune|p2b: Incineroar\n|move|p2b: Incineroar|Flare Blitz|p1b: Whimsicott\n|-supereffective|p1b: Whimsicott|1\n|-damage|p1b: Whimsicott|0 fnt\n|faint|p1b: Whimsicott\n|-damage|p2b: Incineroar|74/100|[from] Recoil\n|move|p1a: Torkoal|Eruption|p2a: Wissam|[spread] p2a,p2b\n|-resisted|p2a: Wissam|1\n|-resisted|p2b: Incineroar|1\n|-damage|p2a: Wissam|47/100\n|-damage|p2b: Incineroar|41/100\n|-enditem|p2b: Incineroar|Sitrus Berry|[eat]\n|-heal|p2b: Incineroar|66/100|[from] item: Sitrus Berry\n|\n|-weather|SunnyDay|[upkeep]\n|upkeep\n|\n|t:|1776092367\n|switch|p1b: Charizard|Charizard, L50, M|100/100\n|turn|3\n|\n|t:|1776092389\n|detailschange|p1b: Charizard|Charizard-Mega-X, L50, M\n|-mega|p1b: Charizard|Charizard|Charizardite X\n|move|p2a: Wissam|Roost|p2a: Wissam\n|-heal|p2a: Wissam|97/100\n|-singleturn|p2a: Wissam|move: Roost\n|move|p2b: Incineroar|Darkest Lariat|p1b: Charizard\n|-damage|p1b: Charizard|59/100\n|move|p1b: Charizard|Dragon Claw|p2a: Wissam\n|-supereffective|p2a: Wissam|1\n|-damage|p2a: Wissam|0 fnt\n|faint|p2a: Wissam\n|move|p1a: Torkoal|Eruption|p2b: Incineroar\n|-resisted|p2b: Incineroar|1\n|-damage|p2b: Incineroar|21/100\n|\n|-weather|SunnyDay|[upkeep]\n|upkeep\n|\n|t:|1776092404\n|switch|p2a: Pelipper|Pelipper, L50, M|100/100\n|-weather|RainDance|[from] ability: Drizzle|[of] p2a: Pelipper\n|turn|4\n|\n|t:|1776092436\n|switch|p1a: Rotom|Rotom-Wash, L50, shiny|100/100\n|move|p1b: Charizard|Protect|p1b: Charizard\n|-singleturn|p1b: Charizard|Protect\n|move|p2a: Pelipper|Weather Ball|p1a: Rotom\n|-resisted|p1a: Rotom|1\n|-damage|p1a: Rotom|60/100\n|move|p2b: Incineroar|Parting Shot|p1b: Charizard\n|-activate|p1b: Charizard|move: Protect\n|\n|-weather|RainDance|[upkeep]\n|-sideend|p2: nix_star22|move: Tailwind\n|upkeep\n|turn|5\n|\n|t:|1776092474\n|move|p2a: Pelipper|Protect|p2a: Pelipper\n|-singleturn|p2a: Pelipper|Protect\n|move|p1a: Rotom|Volt Switch|p2a: Pelipper\n|-activate|p2a: Pelipper|move: Protect\n|move|p1b: Charizard|Dragon Claw|p2b: Incineroar\n|-damage|p2b: Incineroar|0 fnt\n|faint|p2b: Incineroar\n|\n|-weather|RainDance|[upkeep]\n|upkeep\n|\n|t:|1776092484\n|switch|p2b: Basculegion|Basculegion, L50, M, shiny|100/100\n|turn|6\n|\n|t:|1776092495\n|move|p1b: Charizard|Protect|p1b: Charizard\n|-singleturn|p1b: Charizard|Protect\n|move|p1a: Rotom|Volt Switch|p2a: Pelipper\n|-supereffective|p2a: Pelipper|2\n|-crit|p2a: Pelipper\n|-enditem|p2a: Pelipper|Focus Sash\n|-damage|p2a: Pelipper|1/100\n|\n|t:|1776092502\n|switch|p1a: Torkoal|Torkoal, L50, F|81/100|[from] Volt Switch\n|-weather|SunnyDay|[from] ability: Drought|[of] p1a: Torkoal\n|move|p2b: Basculegion|Last Respects|p1a: Torkoal\n|-damage|p1a: Torkoal|4/100\n|move|p2a: Pelipper|Tailwind|p2a: Pelipper\n|-sidestart|p2: nix_star22|move: Tailwind\n|\n|-weather|SunnyDay|[upkeep]\n|upkeep\n|turn|7\n|\n|t:|1776092529\n|move|p2b: Basculegion|Last Respects|p1b: Charizard\n|-damage|p1b: Charizard|0 fnt\n|faint|p1b: Charizard\n|move|p2a: Pelipper|Weather Ball|p1a: Torkoal\n|-resisted|p1a: Torkoal|1\n|-damage|p1a: Torkoal|0 fnt\n|faint|p1a: Torkoal\n|\n|-weather|SunnyDay|[upkeep]\n|upkeep\n|\n|t:|1776092540\n|switch|p1b: Rotom|Rotom-Wash, L50, shiny|60/100\n|turn|8\n|\n|t:|1776092549\n|move|p2a: Pelipper|Protect|p2a: Pelipper\n|-singleturn|p2a: Pelipper|Protect\n|move|p2b: Basculegion|Last Respects|p1b: Rotom\n|-damage|p1b: Rotom|0 fnt\n|faint|p1b: Rotom\n|\n|win|nix_star22\n|raw|Flagbox's rating: 1079 &rarr; <strong>1063</strong><br />(-16 for losing)\n|raw|nix_star22's rating: 1170 &rarr; <strong>1189</strong><br />(+19 for winning)\n|l|\u2606Flagbox\n|player|p1|\n",
  "uploadtime": 1776092558,
  "views": 12,
  "formatid": "gen9championsvgc2026regma",
  "rating": 1063,
  "private": 0,
  "password": null
}