{
  "id": "gen9championsvgc2026regma-2581068220",
  "format": "[Gen 9 Champions] VGC 2026 Reg M-A",
  "players": [
    "LozTakesABreak",
    "Lacertos"
  ],
  "log": "|j|\u2606LozTakesABreak\n|j|\u203dLacertos\n|t:|1775956843\n|gametype|doubles\n|player|p1|LozTakesABreak|swimmerf|1080\n|player|p2|Lacertos|waitress-gen4|1024\n|gen|9\n|tier|[Gen 9 Champions] VGC 2026 Reg M-A\n|rated|\n|rule|Species Clause: Limit one of each Pok\u00e9mon\n|rule|Item Clause: Limit 1 of each item\n|clearpoke\n|poke|p1|Camerupt, L50, M|\n|poke|p1|Torkoal, L50, M|\n|poke|p1|Meowstic, L50, M|\n|poke|p1|Oranguru, L50, M|\n|poke|p1|Armarouge, L50, F|\n|poke|p1|Kingambit, L50, F|\n|poke|p2|Scovillain, L50, M|\n|poke|p2|Typhlosion-Hisui, L50, F|\n|poke|p2|Tinkaton, L50, F|\n|poke|p2|Milotic, L50, F|\n|poke|p2|Talonflame, L50, F|\n|poke|p2|Conkeldurr, L50, F|\n|teampreview|4\n|inactive|Battle timer is ON: inactive players will automatically lose when time's up. (requested by LozTakesABreak)\n|\n|t:|1775956918\n|teamsize|p1|4\n|teamsize|p2|4\n|start\n|switch|p1a: Meowstic|Meowstic, L50, M|100/100\n|switch|p1b: Armarouge|Armarouge, L50, F|100/100\n|switch|p2a: Scovillain|Scovillain, L50, M|100/100\n|switch|p2b: Typhlosion|Typhlosion-Hisui, L50, F|100/100\n|-item|p1a: Meowstic|Bright Powder|[from] ability: Frisk|[of] p2b: Typhlosion\n|-item|p1b: Armarouge|Focus Sash|[from] ability: Frisk|[of] p2b: Typhlosion\n|turn|1\n|inactive|Lacertos has 30 seconds left.\n|\n|t:|1775956948\n|detailschange|p2a: Scovillain|Scovillain-Mega, L50, M\n|-mega|p2a: Scovillain|Scovillain|Scovillainite\n|move|p2a: Scovillain|Rage Powder|p2a: Scovillain\n|-singleturn|p2a: Scovillain|move: Rage Powder\n|move|p1a: Meowstic|Psychic Terrain|p1a: Meowstic\n|-fieldstart|move: Psychic Terrain\n|move|p2b: Typhlosion|Infernal Parade|p1b: Armarouge\n|-supereffective|p1b: Armarouge|1\n|-damage|p1b: Armarouge|35/100\n|move|p1b: Armarouge|Trick Room|p1b: Armarouge\n|-fieldstart|move: Trick Room|[of] p1b: Armarouge\n|\n|upkeep\n|turn|2\n|\n|t:|1775956969\n|move|p2a: Scovillain|Rage Powder|p2a: Scovillain\n|-singleturn|p2a: Scovillain|move: Rage Powder\n|move|p1b: Armarouge|Expanding Force|p2b: Typhlosion|[spread] p2a,p2b\n|-damage|p2a: Scovillain|41/100\n|-damage|p2b: Typhlosion|5/100\n|-immune|p1b: Armarouge\n|move|p1a: Meowstic|Expanding Force|p2b: Typhlosion|[spread] p2a,p2b\n|-damage|p2a: Scovillain|11/100\n|-damage|p2b: Typhlosion|0 fnt\n|-status|p1a: Meowstic|brn|[from] ability: Spicy Spray|[of] p2a: Scovillain\n|faint|p2b: Typhlosion\n|\n|-damage|p1a: Meowstic|94/100 brn|[from] brn\n|upkeep\n|\n|t:|1775956989\n|switch|p2b: Milotic|Milotic, L50, F|100/100\n|turn|3\n|\n|t:|1775957005\n|move|p2a: Scovillain|Protect|p2a: Scovillain\n|-singleturn|p2a: Scovillain|Protect\n|move|p1b: Armarouge|Expanding Force|p2b: Milotic|[spread] p2b\n|-activate|p2a: Scovillain|move: Protect\n|-damage|p2b: Milotic|53/100\n|move|p2b: Milotic|Scald|p1b: Armarouge\n|-supereffective|p1b: Armarouge|1\n|-damage|p1b: Armarouge|0 fnt\n|faint|p1b: Armarouge\n|move|p1a: Meowstic|Expanding Force|p2b: Milotic|[spread] p2b\n|-activate|p2a: Scovillain|move: Protect\n|-damage|p2b: Milotic|29/100\n|\n|-heal|p2b: Milotic|35/100|[from] item: Leftovers\n|-damage|p1a: Meowstic|88/100 brn|[from] brn\n|upkeep\n|\n|t:|1775957013\n|switch|p1b: Camerupt|Camerupt, L50, M, shiny|100/100\n|turn|4\n|inactive|Lacertos has 30 seconds left.\n|\n|t:|1775957039\n|detailschange|p1b: Camerupt|Camerupt-Mega, L50, M, shiny\n|-mega|p1b: Camerupt|Camerupt|Cameruptite\n|move|p2b: Milotic|Protect|p2b: Milotic\n|-singleturn|p2b: Milotic|Protect\n|move|p1b: Camerupt|Eruption|p2a: Scovillain|[spread] p2a\n|-activate|p2b: Milotic|move: Protect\n|-damage|p2a: Scovillain|0 fnt\n|-immune|p1b: Camerupt\n|faint|p2a: Scovillain\n|move|p1a: Meowstic|Expanding Force|p2b: Milotic\n|-activate|p2b: Milotic|move: Protect\n|\n|-heal|p2b: Milotic|41/100|[from] item: Leftovers\n|-damage|p1a: Meowstic|82/100 brn|[from] brn\n|upkeep\n|\n|t:|1775957056\n|switch|p2a: Tinkaton|Tinkaton, L50, F|100/100\n|-ability|p2a: Tinkaton|Mold Breaker\n|turn|5\n|inactive|Lacertos has 30 seconds left.\n|inactive|Lacertos has 20 seconds left.\n|inactive|Lacertos has 15 seconds left.\n|inactive|Lacertos has 10 seconds left.\n|\n|t:|1775957102\n|move|p1b: Camerupt|Eruption|p2a: Tinkaton|[spread] p2a,p2b\n|-supereffective|p2a: Tinkaton|1\n|-resisted|p2b: Milotic|1\n|-damage|p2a: Tinkaton|0 fnt\n|-damage|p2b: Milotic|13/100\n|faint|p2a: Tinkaton\n|move|p2b: Milotic|Recover|p2b: Milotic\n|-heal|p2b: Milotic|63/100\n|move|p1a: Meowstic|Expanding Force|p2b: Milotic\n|-damage|p2b: Milotic|27/100\n|\n|-heal|p2b: Milotic|33/100|[from] item: Leftovers\n|-damage|p1a: Meowstic|76/100 brn|[from] brn\n|-fieldend|move: Trick Room\n|-fieldend|move: Psychic Terrain\n|upkeep\n|turn|6\n|\n|t:|1775957117\n|switch|p1b: Torkoal|Torkoal, L50, M|100/100\n|-weather|SunnyDay|[from] ability: Drought|[of] p1b: Torkoal\n|move|p1a: Meowstic|Psychic Terrain|p1a: Meowstic\n|-fieldstart|move: Psychic Terrain\n|move|p2b: Milotic|Recover|p2b: Milotic\n|-heal|p2b: Milotic|83/100\n|\n|-weather|SunnyDay|[upkeep]\n|-heal|p2b: Milotic|89/100|[from] item: Leftovers\n|-damage|p1a: Meowstic|70/100 brn|[from] brn\n|upkeep\n|turn|7\n|\n|t:|1775957132\n|move|p1a: Meowstic|Expanding Force|p2b: Milotic\n|-damage|p2b: Milotic|52/100\n|move|p2b: Milotic|Scald|p1b: Torkoal\n|-supereffective|p1b: Torkoal|1\n|-damage|p1b: Torkoal|52/100\n|move|p1b: Torkoal|Solar Beam||[still]\n|-prepare|p1b: Torkoal|Solar Beam\n|-anim|p1b: Torkoal|Solar Beam|p2b: Milotic\n|-supereffective|p2b: Milotic|1\n|-damage|p2b: Milotic|1/100\n|\n|-weather|SunnyDay|[upkeep]\n|-heal|p2b: Milotic|7/100|[from] item: Leftovers\n|-damage|p1a: Meowstic|64/100 brn|[from] brn\n|upkeep\n|turn|8\n|\n|t:|1775957147\n|move|p1a: Meowstic|Expanding Force|p2b: Milotic\n|-damage|p2b: Milotic|0 fnt\n|faint|p2b: Milotic\n|\n|win|LozTakesABreak\n|raw|LozTakesABreak's rating: 1080 &rarr; <strong>1104</strong><br />(+24 for winning)\n|raw|Lacertos's rating: 1024 &rarr; <strong>1013</strong><br />(-11 for losing)\n|l|\u203dLacertos\n|player|p2|\n|l|\u2606LozTakesABreak\n|player|p1|\n|j|\u2606LozTakesABreak\n|player|p1|LozTakesABreak|swimmerf|\n",
  "uploadtime": 1775957609,
  "views": 15,
  "formatid": "gen9championsvgc2026regma",
  "rating": 1013,
  "private": 0,
  "password": null
}