{
  "id": "gen9championsvgc2026regma-2584990703",
  "format": "[Gen 9 Champions] VGC 2026 Reg M-A",
  "players": [
    "ajgreen99",
    "Amukhan"
  ],
  "log": "|j|\u2606ajgreen99\n|j|\u2606Amukhan\n|t:|1776301202\n|gametype|doubles\n|player|p1|ajgreen99|102|1048\n|player|p2|Amukhan|ingo|1073\n|gen|9\n|tier|[Gen 9 Champions] VGC 2026 Reg M-A\n|rated|\n|rule|Species Clause: Limit one of each Pok\u00e9mon\n|rule|Item Clause: Limit 1 of each item\n|clearpoke\n|poke|p1|Alakazam, L50, F|\n|poke|p1|Ampharos, L50, F|\n|poke|p1|Pelipper, L50, M|\n|poke|p1|Basculegion, L50, M|\n|poke|p1|Scizor, L50, F|\n|poke|p1|Sinistcha, L50|\n|poke|p2|Whimsicott, L50, M|\n|poke|p2|Tyranitar, L50, M|\n|poke|p2|Garchomp, L50, F|\n|poke|p2|Basculegion, L50, M|\n|poke|p2|Glimmora, L50, F|\n|poke|p2|Corviknight, L50, M|\n|teampreview|4\n|\n|t:|1776301257\n|teamsize|p1|4\n|teamsize|p2|4\n|start\n|switch|p1a: Ampharos|Ampharos, L50, F|100/100\n|switch|p1b: Alakazam|Alakazam, L50, F|100/100\n|switch|p2a: Whimsicott|Whimsicott, L50, M, shiny|100/100\n|switch|p2b: Basculegion|Basculegion, L50, M|100/100\n|turn|1\n|\n|t:|1776301286\n|detailschange|p1a: Ampharos|Ampharos-Mega, L50, F\n|-mega|p1a: Ampharos|Ampharos|Ampharosite\n|-ability|p1a: Ampharos|Mold Breaker\n|move|p2a: Whimsicott|Tickle|p1a: Ampharos\n|-unboost|p1a: Ampharos|atk|1\n|-unboost|p1a: Ampharos|def|1\n|move|p2b: Basculegion|Wave Crash|p1a: Ampharos\n|-resisted|p1a: Ampharos|1\n|-damage|p1a: Ampharos|57/100\n|-damage|p2b: Basculegion|86/100|[from] Recoil\n|move|p1b: Alakazam|Speed Swap|p1a: Ampharos\n|-activate|p1b: Alakazam|move: Speed Swap|[of] p1a: Ampharos\n|move|p1a: Ampharos|Thunderbolt|p2b: Basculegion\n|-supereffective|p2b: Basculegion|1\n|-damage|p2b: Basculegion|0 fnt\n|faint|p2b: Basculegion\n|\n|upkeep\n|\n|t:|1776301305\n|switch|p2b: Garchomp|Garchomp, L50, F|100/100\n|turn|2\n|\n|t:|1776301313\n|switch|p2a: Corviknight|Corviknight, L50, M, shiny|100/100\n|detailschange|p2b: Garchomp|Garchomp-Mega, L50, F\n|-mega|p2b: Garchomp|Garchomp|Garchompite\n|move|p1a: Ampharos|Protect|p1a: Ampharos\n|-singleturn|p1a: Ampharos|Protect\n|move|p2b: Garchomp|Earthquake|p1b: Alakazam|[spread] p1b\n|-activate|p1a: Ampharos|move: Protect\n|-immune|p2a: Corviknight\n|-damage|p1b: Alakazam|21/100\n|move|p1b: Alakazam|Reflect|p1b: Alakazam\n|-sidestart|p1: ajgreen99|Reflect\n|\n|upkeep\n|turn|3\n|\n|t:|1776301333\n|switch|p1a: Pelipper|Pelipper, L50, M|100/100\n|-weather|RainDance|[from] ability: Drizzle|[of] p1a: Pelipper\n|switch|p1b: Basculegion|Basculegion, L50, M|100/100\n|move|p2b: Garchomp|Protect|p2b: Garchomp\n|-singleturn|p2b: Garchomp|Protect\n|move|p2a: Corviknight|Tailwind|p2a: Corviknight\n|-sidestart|p2: Amukhan|move: Tailwind\n|\n|-weather|RainDance|[upkeep]\n|upkeep\n|turn|4\n|\n|t:|1776301369\n|move|p1a: Pelipper|Wide Guard|p1a: Pelipper\n|-singleturn|p1a: Pelipper|Wide Guard\n|move|p2b: Garchomp|Rock Slide|p1a: Pelipper|[spread] \n|-activate|p1a: Pelipper|move: Wide Guard\n|-activate|p1b: Basculegion|move: Wide Guard\n|move|p1b: Basculegion|Wave Crash|p2b: Garchomp\n|-damage|p2b: Garchomp|6/100\n|-damage|p1b: Basculegion|71/100|[from] Recoil\n|move|p2a: Corviknight|Drill Peck|p1b: Basculegion\n|-damage|p1b: Basculegion|53/100\n|\n|-weather|RainDance|[upkeep]\n|upkeep\n|turn|5\n|\n|t:|1776301391\n|move|p2b: Garchomp|Scale Shot|p1b: Basculegion\n|-damage|p1b: Basculegion|41/100\n|-damage|p1b: Basculegion|31/100\n|-damage|p1b: Basculegion|19/100\n|-hitcount|p1b: Basculegion|3\n|-unboost|p2b: Garchomp|def|1\n|-boost|p2b: Garchomp|spe|1\n|move|p1b: Basculegion|Wave Crash|p2a: Corviknight\n|-damage|p2a: Corviknight|8/100\n|-damage|p1b: Basculegion|0 fnt|[from] Recoil\n|faint|p1b: Basculegion\n|move|p2a: Corviknight|Iron Head|p1a: Pelipper\n|-resisted|p1a: Pelipper|1\n|-damage|p1a: Pelipper|87/100\n|cant|p1a: Pelipper|flinch\n|\n|-weather|RainDance|[upkeep]\n|-heal|p2a: Corviknight|14/100|[from] item: Leftovers\n|upkeep\n|c|\u2606Amukhan|Man I threw this one\n|c|\u2606Amukhan|Lol\n|inactive|Battle timer is ON: inactive players will automatically lose when time's up. (requested by Amukhan)\n|\n|t:|1776301410\n|switch|p1b: Alakazam|Alakazam, L50, F|21/100\n|turn|6\n|inactive|Amukhan has 30 seconds left.\n|\n|t:|1776301438\n|move|p2b: Garchomp|Rock Slide|p1a: Pelipper|[spread] p1a,p1b\n|-supereffective|p1a: Pelipper|1\n|-damage|p1a: Pelipper|43/100\n|-damage|p1b: Alakazam|0 fnt\n|faint|p1b: Alakazam\n|move|p2a: Corviknight|Iron Head|p1a: Pelipper\n|-resisted|p1a: Pelipper|1\n|-damage|p1a: Pelipper|30/100\n|move|p1a: Pelipper|Weather Ball|p2b: Garchomp\n|-damage|p2b: Garchomp|0 fnt\n|faint|p2b: Garchomp\n|\n|-weather|RainDance|[upkeep]\n|-heal|p2a: Corviknight|20/100|[from] item: Leftovers\n|-sideend|p1: ajgreen99|Reflect\n|-sideend|p2: Amukhan|move: Tailwind\n|upkeep\n|\n|t:|1776301451\n|switch|p1b: Ampharos|Ampharos-Mega, L50, F|57/100\n|switch|p2b: Whimsicott|Whimsicott, L50, M, shiny|100/100\n|-ability|p1b: Ampharos|Mold Breaker\n|turn|7\n|inactive|Amukhan has 30 seconds left.\n|inactive|Amukhan has 20 seconds left.\n|\n|t:|1776301487\n|move|p2b: Whimsicott|Moonblast|p1b: Ampharos\n|-supereffective|p1b: Ampharos|1\n|-damage|p1b: Ampharos|0 fnt\n|faint|p1b: Ampharos\n|move|p1a: Pelipper|Weather Ball|p2a: Corviknight\n|-damage|p2a: Corviknight|0 fnt\n|faint|p2a: Corviknight\n|\n|-weather|none\n|upkeep\n|turn|8\n|\n|t:|1776301499\n|move|p2b: Whimsicott|Moonblast|p1a: Pelipper\n|-damage|p1a: Pelipper|0 fnt\n|faint|p1a: Pelipper\n|\n|win|Amukhan\n|raw|ajgreen99's rating: 1048 &rarr; <strong>1032</strong><br />(-16 for losing)\n|raw|Amukhan's rating: 1073 &rarr; <strong>1100</strong><br />(+27 for winning)\n|c|\u2606Amukhan|Ah gg\n",
  "uploadtime": 1776301522,
  "views": 17,
  "formatid": "gen9championsvgc2026regma",
  "rating": 1032,
  "private": 0,
  "password": null
}