{
  "id": "gen9championsvgc2026regma-2584005338",
  "format": "[Gen 9 Champions] VGC 2026 Reg M-A",
  "players": [
    "pogchew",
    "Bananaramic"
  ],
  "log": "|j|\u2606pogchew\n|j|\u2606Bananaramic\n|t:|1776216036\n|gametype|doubles\n|player|p1|pogchew|102|\n|player|p2|Bananaramic|169|\n|gen|9\n|tier|[Gen 9 Champions] VGC 2026 Reg M-A\n|rule|Species Clause: Limit one of each Pok\u00e9mon\n|rule|Item Clause: Limit 1 of each item\n|clearpoke\n|poke|p1|Gardevoir, L50, F|\n|poke|p1|Milotic, L50, F|\n|poke|p1|Conkeldurr, L50, M|\n|poke|p1|Skarmory, L50, F|\n|poke|p1|Incineroar, L50, M|\n|poke|p1|Rotom-Mow, L50|\n|poke|p2|Froslass, L50, F|\n|poke|p2|Slowking, L50, M|\n|poke|p2|Noivern, L50, F|\n|poke|p2|Trevenant, L50, M|\n|poke|p2|Primarina, L50, F|\n|poke|p2|Arcanine, L50, M|\n|teampreview|4\n|c|\u2606pogchew|one sec\n|c|\u2606pogchew|lemme post\n|c|\u2606pogchew|my spotify logged me out too\n|c|\u2606Bananaramic|okie\n|c|\u2606Bananaramic|does it save replay automatically\n|c|\u2606Bananaramic|or do we need to turn on a setting\n|j| Blaze Gol D Blade\n|c| Blaze Gol D Blade|interesting\n|c|\u2606pogchew|you just save it\n|c| Blaze Gol D Blade|it lets u save at the end of a match\n|c|\u2606pogchew|after the game\n|c|\u2606Bananaramic|ok r u r\n|c|\u2606pogchew|ya\npogchew rejected open team sheets.\n|j| DannyMelon\n|l| Blaze Gol D Blade\n|j| Blaze Gol D Blade\n|c| DannyMelon|There\u2019s a button\n|\n|t:|1776216247\n|teamsize|p1|4\n|teamsize|p2|4\n|start\n|switch|p1a: Cat|Incineroar, L50, M, shiny|100/100\n|switch|p1b: Rainbow Dash|Milotic, L50, F, shiny|100/100\n|switch|p2a: Noivern|Noivern, L50, F|100/100\n|switch|p2b: Slowking|Slowking, L50, M|100/100\n|-item|p1a: Cat|Leftovers|[from] ability: Frisk|[of] p2a: Noivern\n|-item|p1b: Rainbow Dash|Sitrus Berry|[from] ability: Frisk|[of] p2a: Noivern\n|-ability|p1a: Cat|Intimidate|boost\n|-unboost|p2a: Noivern|atk|1\n|-unboost|p2b: Slowking|atk|1\n|turn|1\n|c|\u2606Bananaramic|omg my game is so laggy\n|c| Blaze Gol D Blade|wow leading incin\n|c| Blaze Gol D Blade|shhocker\n|l|\u2606pogchew\n|player|p1|\n|j|\u2606pogchew\n|player|p1|pogchew|102|\n|c|\u2606pogchew|just refresh\n|c|\u2606pogchew|mine was too\n|c|\u2606Bananaramic|ok\n|l|\u2606Bananaramic\n|player|p2|\n|j|\u2606Bananaramic\n|player|p2|Bananaramic|169|\n|\n|t:|1776216311\n|move|p2a: Noivern|Super Fang|p1a: Cat\n|-damage|p1a: Cat|50/100\n|move|p1b: Rainbow Dash|Icy Wind|p2b: Slowking|[spread] p2a,p2b\n|-supereffective|p2a: Noivern|2\n|-resisted|p2b: Slowking|1\n|-damage|p2a: Noivern|52/100\n|-damage|p2b: Slowking|97/100\n|-unboost|p2a: Noivern|spe|1\n|-unboost|p2b: Slowking|spe|1\n|move|p1a: Cat|Taunt|p2b: Slowking\n|-start|p2b: Slowking|move: Taunt\n|-enditem|p2b: Slowking|Mental Herb\n|-end|p2b: Slowking|move: Taunt\n|move|p2b: Slowking|Trick Room|p2b: Slowking\n|-fieldstart|move: Trick Room|[of] p2b: Slowking\n|\n|-heal|p1a: Cat|56/100|[from] item: Leftovers\n|upkeep\n|turn|2\n|\n|t:|1776216368\n|switch|p1a: Chores|Rotom-Mow, L50|100/100\n|move|p2b: Slowking|Scald|p1a: Chores\n|-resisted|p1a: Chores|1\n|-damage|p1a: Chores|79/100\n|move|p1b: Rainbow Dash|Icy Wind|p2a: Noivern|[spread] p2a,p2b\n|-supereffective|p2a: Noivern|2\n|-resisted|p2b: Slowking|1\n|-crit|p2b: Slowking\n|-damage|p2a: Noivern|7/100\n|-damage|p2b: Slowking|91/100\n|-unboost|p2a: Noivern|spe|1\n|-unboost|p2b: Slowking|spe|1\n|move|p2a: Noivern|U-turn|p1b: Rainbow Dash\n|-damage|p1b: Rainbow Dash|95/100\n|\n|t:|1776216390\n|switch|p2a: Trevenant|Trevenant, L50, M|100/100|[from] U-turn\n|\n|upkeep\n|turn|3\n|\n|t:|1776216441\n|move|p1b: Rainbow Dash|Protect|p1b: Rainbow Dash\n|-singleturn|p1b: Rainbow Dash|Protect\n|move|p2b: Slowking|Shadow Ball|p1a: Chores\n|-damage|p1a: Chores|53/100\n|move|p2a: Trevenant|Wood Hammer|p1b: Rainbow Dash\n|-activate|p1b: Rainbow Dash|move: Protect\n|move|p1a: Chores|Thunderbolt|p2b: Slowking\n|-supereffective|p2b: Slowking|1\n|-damage|p2b: Slowking|21/100\n|-status|p2b: Slowking|par\n|\n|upkeep\n|turn|4\n|\n|t:|1776216502\n|switch|p2b: Froslass|Froslass, L50, F|100/100\n|switch|p1b: Cat|Incineroar, L50, M, shiny|56/100\n|-ability|p1b: Cat|Intimidate|boost\n|-unboost|p2a: Trevenant|atk|1\n|-unboost|p2b: Froslass|atk|1\n|move|p2a: Trevenant|Poltergeist|p1a: Chores\n|-activate|p1a: Chores|move: Poltergeist|Focus Sash\n|-damage|p1a: Chores|8/100\n|move|p1a: Chores|Thunderbolt|p2b: Froslass\n|-damage|p2b: Froslass|51/100\n|-start|p1a: Chores|Disable|Thunderbolt|[from] ability: Cursed Body|[of] p2b: Froslass\n|\n|-heal|p1b: Cat|62/100|[from] item: Leftovers\n|upkeep\n|turn|5\n|\n|t:|1776216569\n|detailschange|p2b: Froslass|Froslass-Mega, L50, F\n|-mega|p2b: Froslass|Froslass|Froslassite\n|-weather|Snowscape|[from] ability: Snow Warning|[of] p2b: Froslass\n|move|p2b: Froslass|Protect|p2b: Froslass\n|-singleturn|p2b: Froslass|Protect\n|move|p1a: Chores|Protect|p1a: Chores\n|-singleturn|p1a: Chores|Protect\n|move|p2a: Trevenant|Wood Hammer|p1a: Chores\n|-activate|p1a: Chores|move: Protect\n|move|p1b: Cat|Darkest Lariat|p2b: Froslass\n|-activate|p2b: Froslass|move: Protect\n|\n|-weather|Snowscape|[upkeep]\n|-heal|p1b: Cat|68/100|[from] item: Leftovers\n|-fieldend|move: Trick Room\n|upkeep\n|turn|6\n|\n|t:|1776216619\n|switch|p1a: Rainbow Dash|Milotic, L50, F, shiny|95/100\n|move|p2b: Froslass|Aurora Veil|p2b: Froslass\n|-sidestart|p2: Bananaramic|move: Aurora Veil\n|move|p1b: Cat|Flare Blitz|p2a: Trevenant\n|-supereffective|p2a: Trevenant|1\n|-damage|p2a: Trevenant|21/100\n|-status|p2a: Trevenant|brn\n|-enditem|p2a: Trevenant|Sitrus Berry|[eat]\n|-heal|p2a: Trevenant|46/100 brn|[from] item: Sitrus Berry\n|-damage|p1b: Cat|44/100|[from] Recoil\n|move|p2a: Trevenant|Wood Hammer|p1a: Rainbow Dash\n|-supereffective|p1a: Rainbow Dash|1\n|-damage|p1a: Rainbow Dash|71/100\n|-damage|p2a: Trevenant|37/100 brn|[from] Recoil\n|\n|-weather|Snowscape|[upkeep]\n|-heal|p1b: Cat|50/100|[from] item: Leftovers\n|-damage|p2a: Trevenant|31/100 brn|[from] brn\n|upkeep\n|turn|7\n|\n|t:|1776216662\n|switch|p2a: Slowking|Slowking, L50, M|54/100 par\n|move|p2b: Froslass|Protect|p2b: Froslass\n|-singleturn|p2b: Froslass|Protect\n|move|p1a: Rainbow Dash|Icy Wind|p2b: Froslass|[spread] p2a\n|-activate|p2b: Froslass|move: Protect\n|-resisted|p2a: Slowking|1\n|-damage|p2a: Slowking|52/100 par\n|-unboost|p2a: Slowking|spe|1\n|move|p1b: Cat|Flare Blitz|p2a: Slowking\n|-resisted|p2a: Slowking|1\n|-damage|p2a: Slowking|36/100 par\n|-damage|p1b: Cat|44/100|[from] Recoil\n|\n|-weather|Snowscape|[upkeep]\n|-heal|p1b: Cat|50/100|[from] item: Leftovers\n|upkeep\n|turn|8\n|\n|t:|1776216708\n|switch|p2b: Trevenant|Trevenant, L50, M|31/100 brn\n|move|p1a: Rainbow Dash|Life Dew|p1a: Rainbow Dash|[spread] p1a,p1b\n|-heal|p1a: Rainbow Dash|96/100\n|-heal|p1b: Cat|75/100\n|move|p1b: Cat|Darkest Lariat|p2a: Slowking\n|-supereffective|p2a: Slowking|1\n|-damage|p2a: Slowking|0 fnt\n|faint|p2a: Slowking\n|\n|-weather|Snowscape|[upkeep]\n|-heal|p1b: Cat|81/100|[from] item: Leftovers\n|-damage|p2b: Trevenant|25/100 brn|[from] brn\n|-item|p2b: Trevenant|Sitrus Berry|[from] ability: Harvest\n|upkeep\n|-enditem|p2b: Trevenant|Sitrus Berry|[eat]\n|-heal|p2b: Trevenant|50/100 brn|[from] item: Sitrus Berry\n|\n|t:|1776216719\n|switch|p2a: Noivern|Noivern, L50, F|7/100\n|-item|p1a: Rainbow Dash|Sitrus Berry|[from] ability: Frisk|[of] p2a: Noivern\n|-item|p1b: Cat|Leftovers|[from] ability: Frisk|[of] p2a: Noivern\n|turn|9\n|\n|t:|1776216743\n|move|p1a: Rainbow Dash|Protect|p1a: Rainbow Dash\n|-singleturn|p1a: Rainbow Dash|Protect\n|move|p2a: Noivern|Super Fang|p1b: Cat\n|-damage|p1b: Cat|41/100\n|move|p1b: Cat|Flare Blitz|p2b: Trevenant\n|-supereffective|p2b: Trevenant|1\n|-damage|p2b: Trevenant|0 fnt\n|faint|p2b: Trevenant\n|-damage|p1b: Cat|26/100|[from] Recoil\n|\n|-weather|none\n|-heal|p1b: Cat|32/100|[from] item: Leftovers\n|upkeep\n|\n|t:|1776216754\n|switch|p2b: Froslass|Froslass-Mega, L50, F|51/100\n|-weather|Snowscape|[from] ability: Snow Warning|[of] p2b: Froslass\n|turn|10\n|\n|t:|1776216771\n|move|p2a: Noivern|Super Fang|p1b: Cat\n|-damage|p1b: Cat|16/100\n|move|p2b: Froslass|Aurora Veil||[still]\n|-fail|p2b: Froslass\n|move|p1a: Rainbow Dash|Icy Wind|p2a: Noivern|[spread] p2a,p2b\n|-supereffective|p2a: Noivern|2\n|-resisted|p2b: Froslass|1\n|-damage|p2a: Noivern|0 fnt\n|-damage|p2b: Froslass|48/100\n|-unboost|p2b: Froslass|spe|1\n|faint|p2a: Noivern\n|move|p1b: Cat|Flare Blitz|p2b: Froslass\n|-supereffective|p2b: Froslass|1\n|-damage|p2b: Froslass|0 fnt\n|faint|p2b: Froslass\n|-damage|p1b: Cat|2/100|[from] Recoil\n|\n|win|pogchew\n|c|\u2606Bananaramic|all right gg g1\n|c|\u2606pogchew|ggs\n|c|\u2606pogchew|can you save\n|c|\u2606pogchew|csu you are on left of match\n",
  "uploadtime": 1776216782,
  "views": 42,
  "formatid": "gen9championsvgc2026regma",
  "rating": null,
  "private": 0,
  "password": null
}