{
  "id": "gen9championsvgc2026regma-2583992349",
  "format": "[Gen 9 Champions] VGC 2026 Reg M-A",
  "players": [
    "Knoss",
    "gakkaowu"
  ],
  "log": "|j|\u2606Knoss\n|j|\u2606gakkaowu\n|t:|1776214868\n|gametype|doubles\n|player|p1|Knoss|benga|1096\n|player|p2|gakkaowu|170|1000\n|gen|9\n|tier|[Gen 9 Champions] VGC 2026 Reg M-A\n|rated|\n|rule|Species Clause: Limit one of each Pok\u00e9mon\n|rule|Item Clause: Limit 1 of each item\n|clearpoke\n|poke|p1|Kingambit, L50, F|\n|poke|p1|Basculegion, L50, M|\n|poke|p1|Sneasler, L50, F|\n|poke|p1|Mamoswine, L50, F|\n|poke|p1|Armarouge, L50, F|\n|poke|p1|Sinistcha, L50|\n|poke|p2|Pelipper, L50, M|\n|poke|p2|Archaludon, L50, F|\n|poke|p2|Sableye, L50, M|\n|poke|p2|Meganium, L50, F|\n|poke|p2|Arbok, L50, F|\n|poke|p2|Jolteon, L50, F|\n|teampreview|4\n|inactive|Battle timer is ON: inactive players will automatically lose when time's up. (requested by gakkaowu)\n|\n|t:|1776214906\n|teamsize|p1|4\n|teamsize|p2|4\n|start\n|switch|p1a: Sneasler|Sneasler, L50, F|100/100\n|switch|p1b: Mamoswine|Mamoswine, L50, F|100/100\n|switch|p2a: Pelipper|Pelipper, L50, M|100/100\n|switch|p2b: Sableye|Sableye, L50, M|100/100\n|-weather|RainDance|[from] ability: Drizzle|[of] p2a: Pelipper\n|turn|1\n|inactive|gakkaowu has 30 seconds left.\n|inactive|gakkaowu has 20 seconds left.\n|\n|t:|1776214941\n|switch|p1b: Armarouge|Armarouge, L50, F|100/100\n|move|p1a: Sneasler|Fake Out|p2a: Pelipper\n|-damage|p2a: Pelipper|87/100\n|move|p2b: Sableye|Fake Out|p1a: Sneasler\n|-damage|p1a: Sneasler|86/100\n|cant|p2a: Pelipper|flinch\n|\n|-weather|RainDance|[upkeep]\n|upkeep\n|turn|2\n|inactive|Knoss has 30 seconds left.\n|inactive|Knoss has 20 seconds left.\n|\n|t:|1776214981\n|move|p1b: Armarouge|Protect|p1b: Armarouge\n|-singleturn|p1b: Armarouge|Protect\n|move|p2b: Sableye|Quash|p1a: Sneasler\n|-activate|p1a: Sneasler|move: Quash\n|move|p2a: Pelipper|Hurricane|p1a: Sneasler\n|-supereffective|p1a: Sneasler|1\n|-damage|p1a: Sneasler|0 fnt\n|faint|p1a: Sneasler\n|\n|-weather|RainDance|[upkeep]\n|upkeep\n|\n|t:|1776214989\n|switch|p1a: Mamoswine|Mamoswine, L50, F|100/100\n|turn|3\n|\n|t:|1776214999\n|move|p2b: Sableye|Protect|p2b: Sableye\n|-singleturn|p2b: Sableye|Protect\n|move|p1a: Mamoswine|Rock Slide|p2b: Sableye|[spread] p2a\n|-activate|p2b: Sableye|move: Protect\n|-supereffective|p2a: Pelipper|1\n|-crit|p2a: Pelipper\n|-damage|p2a: Pelipper|35/100\n|move|p1b: Armarouge|Scorching Sands|p2b: Sableye\n|-activate|p2b: Sableye|move: Protect\n|move|p2a: Pelipper|U-turn|p1b: Armarouge\n|-crit|p1b: Armarouge\n|-damage|p1b: Armarouge|89/100\n|\n|t:|1776215018\n|switch|p2a: Archaludon|Archaludon, L50, F|100/100|[from] U-turn\n|\n|-weather|RainDance|[upkeep]\n|upkeep\n|turn|4\n|\n|t:|1776215034\n|move|p2b: Sableye|Quash|p1a: Mamoswine\n|-activate|p1a: Mamoswine|move: Quash\n|move|p2a: Archaludon|Flash Cannon|p1a: Mamoswine\n|-supereffective|p1a: Mamoswine|1\n|-damage|p1a: Mamoswine|0 fnt\n|faint|p1a: Mamoswine\n|move|p1b: Armarouge|Scorching Sands|p2a: Archaludon\n|-supereffective|p2a: Archaludon|1\n|-damage|p2a: Archaludon|18/100\n|-status|p2a: Archaludon|brn\n|-enditem|p2a: Archaludon|Sitrus Berry|[eat]\n|-heal|p2a: Archaludon|42/100 brn|[from] item: Sitrus Berry\n|\n|-weather|RainDance|[upkeep]\n|-damage|p2a: Archaludon|36/100 brn|[from] brn\n|upkeep\n|\n|t:|1776215039\n|switch|p1a: Basculegion|Basculegion, L50, M|100/100\n|turn|5\n|inactive|Knoss has 30 seconds left.\n|\n|t:|1776215066\n|move|p2b: Sableye|Quash|p1a: Basculegion\n|-activate|p1a: Basculegion|move: Quash\n|move|p2a: Archaludon|Electro Shot||[still]\n|-prepare|p2a: Archaludon|Electro Shot\n|-boost|p2a: Archaludon|spa|1\n|-anim|p2a: Archaludon|Electro Shot|p1a: Basculegion\n|-supereffective|p1a: Basculegion|1\n|-damage|p1a: Basculegion|0 fnt\n|faint|p1a: Basculegion\n|move|p1b: Armarouge|Scorching Sands|p2b: Sableye\n|-damage|p2b: Sableye|57/100\n|\n|-weather|none\n|-damage|p2a: Archaludon|30/100 brn|[from] brn\n|upkeep\n|turn|6\n|-message|Knoss forfeited.\n|\n|win|gakkaowu\n|raw|Knoss's rating: 1096 &rarr; <strong>1065</strong><br />(-31 for losing)\n|raw|gakkaowu's rating: 1000 &rarr; <strong>1051</strong><br />(+51 for winning)\n|l|\u2606Knoss\n|player|p1|\n",
  "uploadtime": 1776215094,
  "views": 14,
  "formatid": "gen9championsvgc2026regma",
  "rating": 1051,
  "private": 0,
  "password": null
}