{
  "id": "gen9championsvgc2026regma-2589564089",
  "format": "[Gen 9 Champions] VGC 2026 Reg M-A",
  "players": [
    "Ovojeglupo",
    "Adicire"
  ],
  "log": "|j|\u2606Ovojeglupo\n|j|\u2606Adicire\n|t:|1776734541\n|gametype|doubles\n|player|p1|Ovojeglupo|beauty-gen2jp|1383\n|player|p2|Adicire|101|1350\n|gen|9\n|tier|[Gen 9 Champions] VGC 2026 Reg M-A\n|rated|\n|rule|Species Clause: Limit one of each Pok\u00e9mon\n|rule|Item Clause: Limit 1 of each item\n|clearpoke\n|poke|p1|Gardevoir, L50, M|\n|poke|p1|Drampa, L50, F|\n|poke|p1|Incineroar, L50, F|\n|poke|p1|Aerodactyl, L50, M|\n|poke|p1|Kingambit, L50, M|\n|poke|p1|Farigiraf, L50, F|\n|poke|p2|Charizard, L50, M|\n|poke|p2|Sneasler, L50, F|\n|poke|p2|Milotic, L50, F|\n|poke|p2|Venusaur, L50, M|\n|poke|p2|Incineroar, L50, M|\n|poke|p2|Garchomp, L50, M|\n|teampreview|4\n|\n|t:|1776734560\n|teamsize|p1|4\n|teamsize|p2|4\n|start\n|switch|p1a: Aerodactyl|Aerodactyl, L50, M|100/100\n|switch|p1b: Incineroar|Incineroar, L50, F|100/100\n|switch|p2a: Charizard|Charizard, L50, M|100/100\n|switch|p2b: Venusaur|Venusaur, L50, M|100/100\n|-ability|p1a: Aerodactyl|Unnerve\n|-ability|p1b: Incineroar|Intimidate|boost\n|-unboost|p2a: Charizard|atk|1\n|-unboost|p2b: Venusaur|atk|1\n|turn|1\n|\n|t:|1776734619\n|switch|p1b: Drampa|Drampa, L50, F|100/100\n|-ability|p1b: Drampa|Cloud Nine\n|detailschange|p2a: Charizard|Charizard-Mega-Y, L50, M\n|-mega|p2a: Charizard|Charizard|Charizardite Y\n|-weather|SunnyDay|[from] ability: Drought|[of] p2a: Charizard\n|move|p1a: Aerodactyl|Tailwind|p1a: Aerodactyl\n|-sidestart|p1: Ovojeglupo|move: Tailwind\n|move|p2a: Charizard|Heat Wave|p1b: Drampa|[spread] p1a\n|-miss|p2a: Charizard|p1b: Drampa\n|-resisted|p1a: Aerodactyl|1\n|-damage|p1a: Aerodactyl|69/100\n|move|p2b: Venusaur|Sleep Powder|p1a: Aerodactyl|[miss]\n|-miss|p2b: Venusaur|p1a: Aerodactyl\n|\n|-weather|SunnyDay|[upkeep]\n|upkeep\n|turn|2\n|c|\u2606Adicire|Ofc\n|\n|t:|1776734648\n|move|p2a: Charizard|Protect|p2a: Charizard\n|-singleturn|p2a: Charizard|Protect\n|move|p1a: Aerodactyl|Rock Slide|p2a: Charizard|[spread] p2b\n|-activate|p2a: Charizard|move: Protect\n|-damage|p2b: Venusaur|68/100\n|move|p2b: Venusaur|Sludge Bomb|p1a: Aerodactyl\n|-resisted|p1a: Aerodactyl|1\n|-damage|p1a: Aerodactyl|35/100\n|move|p1b: Drampa|Hyper Voice|p2a: Charizard|[spread] p2b\n|-activate|p2a: Charizard|move: Protect\n|-damage|p2b: Venusaur|22/100\n|\n|-weather|SunnyDay|[upkeep]\n|upkeep\n|turn|3\n|\n|t:|1776734667\n|switch|p2a: Milotic|Milotic, L50, F|100/100\n|switch|p2b: Sneasler|Sneasler, L50, F|100/100\n|move|p1a: Aerodactyl|Rock Slide|p2b: Sneasler|[spread] p2b\n|-miss|p1a: Aerodactyl|p2a: Milotic\n|-resisted|p2b: Sneasler|1\n|-damage|p2b: Sneasler|78/100\n|move|p1b: Drampa|Hyper Voice|p2b: Sneasler|[spread] p2a,p2b\n|-damage|p2a: Milotic|75/100\n|-damage|p2b: Sneasler|21/100\n|\n|-weather|SunnyDay|[upkeep]\n|-heal|p2a: Milotic|81/100|[from] item: Leftovers\n|upkeep\n|turn|4\n|\n|t:|1776734699\n|move|p2b: Sneasler|Fake Out|p1b: Drampa\n|-damage|p1b: Drampa|84/100\n|move|p1a: Aerodactyl|Round|p2a: Milotic\n|-damage|p2a: Milotic|75/100\n|cant|p1b: Drampa|flinch\n|move|p2a: Milotic|Coil|p2a: Milotic\n|-boost|p2a: Milotic|atk|1\n|-boost|p2a: Milotic|def|1\n|-boost|p2a: Milotic|accuracy|1\n|\n|-weather|SunnyDay|[upkeep]\n|-heal|p2a: Milotic|81/100|[from] item: Leftovers\n|-sideend|p1: Ovojeglupo|move: Tailwind\n|upkeep\n|turn|5\n|\n|t:|1776734709\n|move|p1a: Aerodactyl|Round|p2a: Milotic\n|-damage|p2a: Milotic|75/100\n|move|p1b: Drampa|Round|p2b: Sneasler|[from] move: Round\n|-damage|p2b: Sneasler|0 fnt\n|faint|p2b: Sneasler\n|move|p2a: Milotic|Coil|p2a: Milotic\n|-boost|p2a: Milotic|atk|1\n|-boost|p2a: Milotic|def|1\n|-boost|p2a: Milotic|accuracy|1\n|\n|-weather|none\n|-heal|p2a: Milotic|81/100|[from] item: Leftovers\n|upkeep\n|\n|t:|1776734718\n|switch|p2b: Charizard|Charizard-Mega-Y, L50, M|100/100\n|-weather|SunnyDay|[from] ability: Drought|[of] p2b: Charizard\n|turn|6\n|\n|t:|1776734743\n|move|p2b: Charizard|Protect|p2b: Charizard\n|-singleturn|p2b: Charizard|Protect\n|move|p1b: Drampa|Protect|p1b: Drampa\n|-singleturn|p1b: Drampa|Protect\n|move|p1a: Aerodactyl|Tailwind|p1a: Aerodactyl\n|-sidestart|p1: Ovojeglupo|move: Tailwind\n|move|p2a: Milotic|Muddy Water|p1a: Aerodactyl|[spread] p1a\n|-activate|p1b: Drampa|move: Protect\n|-supereffective|p1a: Aerodactyl|1\n|-damage|p1a: Aerodactyl|0 fnt\n|faint|p1a: Aerodactyl\n|\n|-weather|SunnyDay|[upkeep]\n|-heal|p2a: Milotic|87/100|[from] item: Leftovers\n|upkeep\n|\n|t:|1776734753\n|switch|p1a: Incineroar|Incineroar, L50, F|100/100\n|-ability|p1a: Incineroar|Intimidate|boost\n|-unboost|p2a: Milotic|atk|1\n|-ability|p2a: Milotic|Competitive|boost\n|-boost|p2a: Milotic|spa|2\n|-unboost|p2b: Charizard|atk|1\n|turn|7\n|\n|t:|1776734765\n|move|p1a: Incineroar|Fake Out|p2b: Charizard\n|-damage|p2b: Charizard|88/100\n|cant|p2b: Charizard|flinch\n|move|p2a: Milotic|Hypnosis|p1b: Drampa\n|-status|p1b: Drampa|slp|[from] move: Hypnosis\n|cant|p1b: Drampa|slp\n|\n|-weather|SunnyDay|[upkeep]\n|-heal|p2a: Milotic|93/100|[from] item: Leftovers\n|upkeep\n|turn|8\n|\n|t:|1776734779\n|move|p1a: Incineroar|Parting Shot|p2b: Charizard\n|-unboost|p2b: Charizard|atk|1\n|-unboost|p2b: Charizard|spa|1\n|\n|t:|1776734783\n|switch|p1a: Gardevoir|Gardevoir, L50, M|100/100|[from] Parting Shot\n|-ability|p1a: Gardevoir|Competitive|Trace|[from] ability: Trace|[of] p2a: Milotic\n|move|p2b: Charizard|Heat Wave|p1b: Drampa|[spread] p1a,p1b\n|-resisted|p1b: Drampa|1\n|-damage|p1a: Gardevoir|69/100\n|-damage|p1b: Drampa|68/100 slp\n|move|p2a: Milotic|Muddy Water|p1b: Drampa|[spread] p1a,p1b\n|-resisted|p1b: Drampa|1\n|-damage|p1a: Gardevoir|22/100\n|-damage|p1b: Drampa|45/100 slp\n|cant|p1b: Drampa|slp\n|\n|-weather|SunnyDay|[upkeep]\n|-heal|p2a: Milotic|99/100|[from] item: Leftovers\n|upkeep\n|turn|9\n|\n|t:|1776734810\n|detailschange|p1a: Gardevoir|Gardevoir-Mega, L50, M\n|-mega|p1a: Gardevoir|Gardevoir|Gardevoirite\n|move|p1a: Gardevoir|Hyper Voice|p2a: Milotic|[spread] p2a,p2b\n|-resisted|p2b: Charizard|1\n|-damage|p2a: Milotic|64/100\n|-damage|p2b: Charizard|58/100\n|move|p2b: Charizard|Heat Wave|p1a: Gardevoir|[spread] p1a\n|-miss|p2b: Charizard|p1b: Drampa\n|-damage|p1a: Gardevoir|0 fnt\n|faint|p1a: Gardevoir\n|move|p2a: Milotic|Recover|p2a: Milotic\n|-heal|p2a: Milotic|100/100\n|-curestatus|p1b: Drampa|slp|[msg]\n|move|p1b: Drampa|Hyper Voice|p2a: Milotic|[spread] p2a,p2b\n|-damage|p2a: Milotic|71/100\n|-damage|p2b: Charizard|22/100\n|\n|-weather|SunnyDay|[upkeep]\n|-heal|p2a: Milotic|77/100|[from] item: Leftovers\n|-sideend|p1: Ovojeglupo|move: Tailwind\n|upkeep\n|\n|t:|1776734825\n|switch|p1a: Incineroar|Incineroar, L50, F|100/100\n|-ability|p1a: Incineroar|Intimidate|boost\n|-unboost|p2a: Milotic|atk|1\n|-ability|p2a: Milotic|Competitive|boost\n|-boost|p2a: Milotic|spa|2\n|-unboost|p2b: Charizard|atk|1\n|turn|10\n|\n|t:|1776734833\n|move|p2b: Charizard|Protect|p2b: Charizard\n|-singleturn|p2b: Charizard|Protect\n|move|p1a: Incineroar|Fake Out|p2a: Milotic\n|-damage|p2a: Milotic|72/100\n|cant|p2a: Milotic|flinch\n|move|p1b: Drampa|Hyper Voice|p2a: Milotic|[spread] p2a\n|-activate|p2b: Charizard|move: Protect\n|-damage|p2a: Milotic|45/100\n|\n|-weather|none\n|-heal|p2a: Milotic|51/100|[from] item: Leftovers\n|upkeep\n|turn|11\n|\n|t:|1776734841\n|move|p2b: Charizard|Heat Wave|p1a: Incineroar|[spread] p1a,p1b\n|-resisted|p1a: Incineroar|1\n|-resisted|p1b: Drampa|1\n|-damage|p1a: Incineroar|89/100\n|-damage|p1b: Drampa|29/100\n|-status|p1b: Drampa|brn\n|move|p2a: Milotic|Muddy Water|p1a: Incineroar|[spread] p1a,p1b\n|-supereffective|p1a: Incineroar|1\n|-resisted|p1b: Drampa|1\n|-damage|p1a: Incineroar|0 fnt\n|-damage|p1b: Drampa|0 fnt\n|faint|p1a: Incineroar\n|faint|p1b: Drampa\n|\n|win|Adicire\n|raw|Ovojeglupo's rating: 1362 &rarr; <strong>1341</strong><br />(-21 for losing)\n|raw|Adicire's rating: 1350 &rarr; <strong>1371</strong><br />(+21 for winning)\n|l|\u2606Ovojeglupo\n|player|p1|\n|c|\u2606Adicire|:D\n",
  "uploadtime": 1776734858,
  "views": 7,
  "formatid": "gen9championsvgc2026regma",
  "rating": 1341,
  "private": 0,
  "password": null
}