{
  "id": "gen9championsvgc2026regma-2581266559",
  "format": "[Gen 9 Champions] VGC 2026 Reg M-A",
  "players": [
    "It'sJustKen VGC",
    "Ron9007"
  ],
  "log": "|j|\u2606It'sJustKen VGC\n|j|\u2606Ron9007\n|t:|1775978624\n|gametype|doubles\n|player|p1|It'sJustKen VGC|170|1160\n|player|p2|Ron9007|101|1115\n|gen|9\n|tier|[Gen 9 Champions] VGC 2026 Reg M-A\n|rated|\n|rule|Species Clause: Limit one of each Pok\u00e9mon\n|rule|Item Clause: Limit 1 of each item\n|clearpoke\n|poke|p1|Farigiraf, L50, F|\n|poke|p1|Incineroar, L50, M|\n|poke|p1|Torkoal, L50, M|\n|poke|p1|Charizard, L50, F|\n|poke|p1|Dragonite, L50, M|\n|poke|p1|Typhlosion-Hisui, L50, F|\n|poke|p2|Pelipper, L50, F|\n|poke|p2|Drampa, L50, F|\n|poke|p2|Primarina, L50, F|\n|poke|p2|Alakazam, L50, M|\n|poke|p2|Incineroar, L50, F|\n|poke|p2|Sinistcha-Masterpiece, L50|\n|teampreview|4\n|inactive|Battle timer is ON: inactive players will automatically lose when time's up. (requested by It'sJustKen VGC)\n|\n|t:|1775978644\n|teamsize|p1|4\n|teamsize|p2|4\n|start\n|switch|p1a: I'm Done Hiding|Farigiraf, L50, F|100/100\n|switch|p1b: Now I'm Shining|Incineroar, L50, M|100/100\n|switch|p2a: Alakazam|Alakazam, L50, M|100/100\n|switch|p2b: Drampa|Drampa, L50, F|100/100\n|-ability|p1b: Now I'm Shining|Intimidate|boost\n|-fail|p2a: Alakazam|unboost|Attack|[from] ability: Inner Focus|[of] p2a: Alakazam\n|-unboost|p2b: Drampa|atk|1\n|-ability|p2b: Drampa|Cloud Nine\n|turn|1\n|\n|t:|1775978655\n|move|p2b: Drampa|Protect|p2b: Drampa\n|-singleturn|p2b: Drampa|Protect\n|move|p1b: Now I'm Shining|Fake Out|p2b: Drampa\n|-activate|p2b: Drampa|move: Protect\n|move|p2a: Alakazam|Light Screen|p2a: Alakazam\n|-sidestart|p2: Ron9007|move: Light Screen\n|move|p1a: I'm Done Hiding|Hyper Voice|p2a: Alakazam|[spread] p2a\n|-activate|p2b: Drampa|move: Protect\n|-damage|p2a: Alakazam|71/100\n|\n|upkeep\n|turn|2\n|\n|t:|1775978670\n|detailschange|p2b: Drampa|Drampa-Mega, L50, F\n|-mega|p2b: Drampa|Drampa|Drampanite\n|move|p2a: Alakazam|Speed Swap|p2b: Drampa\n|-activate|p2a: Alakazam|move: Speed Swap|[of] p2b: Drampa\n|move|p2b: Drampa|Calm Mind|p2b: Drampa\n|-boost|p2b: Drampa|spa|1\n|-boost|p2b: Drampa|spd|1\n|move|p1a: I'm Done Hiding|Hyper Voice|p2a: Alakazam|[spread] p2a,p2b\n|-crit|p2b: Drampa\n|-damage|p2a: Alakazam|44/100\n|-damage|p2b: Drampa|57/100\n|move|p1b: Now I'm Shining|Darkest Lariat|p2b: Drampa\n|-damage|p2b: Drampa|18/100\n|-ability|p2b: Drampa|Berserk|boost\n|-boost|p2b: Drampa|spa|1\n|\n|upkeep\n|turn|3\n|\n|t:|1775978688\n|switch|p2a: Sinistcha|Sinistcha-Masterpiece, L50|100/100\n|-heal|p2b: Drampa|43/100|[from] ability: Hospitality|[of] p2a: Sinistcha\n|move|p2b: Drampa|Protect|p2b: Drampa\n|-singleturn|p2b: Drampa|Protect\n|move|p1b: Now I'm Shining|Darkest Lariat|p2b: Drampa\n|-activate|p2b: Drampa|move: Protect\n|move|p1a: I'm Done Hiding|Trick Room|p1a: I'm Done Hiding\n|-fieldstart|move: Trick Room|[of] p1a: I'm Done Hiding\n|\n|upkeep\n|turn|4\n|inactive|Ron9007 has 30 seconds left.\n|inactive|Ron9007 has 20 seconds left.\n|inactive|Ron9007 has 15 seconds left.\n|inactive|Ron9007 has 10 seconds left.\n|inactive|Ron9007 has 5 seconds left.\n|\n|t:|1775978740\n|switch|p2a: Incineroar|Incineroar, L50, F|100/100\n|-ability|p2a: Incineroar|Intimidate|boost\n|-unboost|p1a: I'm Done Hiding|atk|1\n|-unboost|p1b: Now I'm Shining|atk|1\n|switch|p2b: Alakazam|Alakazam, L50, M|44/100\n|move|p1a: I'm Done Hiding|Helping Hand|p1b: Now I'm Shining\n|-singleturn|p1b: Now I'm Shining|Helping Hand|[of] p1a: I'm Done Hiding\n|move|p1b: Now I'm Shining|Darkest Lariat|p2a: Incineroar\n|-resisted|p2a: Incineroar|1\n|-damage|p2a: Incineroar|83/100\n|\n|-heal|p2a: Incineroar|89/100|[from] item: Leftovers\n|upkeep\n|turn|5\n|\n|t:|1775978754\n|move|p2a: Incineroar|Fake Out||[still]\n|cant|p1a: I'm Done Hiding|ability: Armor Tail|Fake Out|[of] p2a: Incineroar\n|move|p1b: Now I'm Shining|Parting Shot|p2a: Incineroar\n|-unboost|p2a: Incineroar|atk|1\n|-unboost|p2a: Incineroar|spa|1\n|\n|t:|1775978776\n|switch|p1b: Like I'm|Torkoal, L50, M|100/100|[from] Parting Shot\n|-weather|SunnyDay|[from] ability: Drought|[of] p1b: Like I'm\n|move|p1a: I'm Done Hiding|Hyper Voice|p2b: Alakazam|[spread] p2a,p2b\n|-damage|p2a: Incineroar|67/100\n|-damage|p2b: Alakazam|13/100\n|move|p2b: Alakazam|Reflect|p2b: Alakazam\n|-sidestart|p2: Ron9007|Reflect\n|\n|-weather|SunnyDay|[upkeep]\n|-heal|p2a: Incineroar|73/100|[from] item: Leftovers\n|-sideend|p2: Ron9007|move: Light Screen\n|upkeep\n|turn|6\n|inactive|Ron9007 has 30 seconds left.\n|\n|t:|1775978804\n|move|p1b: Like I'm|Eruption|p2a: Incineroar|[spread] p2a,p2b\n|-resisted|p2a: Incineroar|1\n|-damage|p2a: Incineroar|31/100\n|-damage|p2b: Alakazam|0 fnt\n|faint|p2b: Alakazam\n|move|p2a: Incineroar|Parting Shot|p1b: Like I'm\n|-unboost|p1b: Like I'm|atk|1\n|-unboost|p1b: Like I'm|spa|1\n|\n|t:|1775978810\n|switch|p2a: Drampa|Drampa-Mega, L50, F|43/100|[from] Parting Shot\n|move|p1a: I'm Done Hiding|Hyper Voice|p2a: Drampa\n|-damage|p2a: Drampa|5/100\n|\n|-weather|SunnyDay|[upkeep]\n|upkeep\n|\n|t:|1775978813\n|switch|p2b: Sinistcha|Sinistcha-Masterpiece, L50|100/100\n|-heal|p2a: Drampa|29/100|[from] ability: Hospitality|[of] p2b: Sinistcha\n|turn|7\n|\n|t:|1775978827\n|switch|p1a: Born To Be|Charizard, L50, F|100/100\n|move|p1b: Like I'm|Eruption|p2b: Sinistcha|[spread] p2a,p2b\n|-resisted|p2a: Drampa|1\n|-supereffective|p2b: Sinistcha|1\n|-damage|p2a: Drampa|3/100\n|-damage|p2b: Sinistcha|0 fnt\n|faint|p2b: Sinistcha\n|move|p2a: Drampa|Earth Power|p1b: Like I'm\n|-supereffective|p1b: Like I'm|1\n|-damage|p1b: Like I'm|0 fnt\n|faint|p1b: Like I'm\n|\n|-weather|SunnyDay|[upkeep]\n|-damage|p1a: Born To Be|88/100|[from] ability: Solar Power|[of] p1a: Born To Be\n|-fieldend|move: Trick Room\n|upkeep\n|\n|t:|1775978834\n|switch|p2b: Incineroar|Incineroar, L50, F|31/100\n|switch|p1b: Now I'm Shining|Incineroar, L50, M|100/100\n|-ability|p1b: Now I'm Shining|Intimidate|boost\n|-unboost|p2a: Drampa|atk|1\n|-unboost|p2b: Incineroar|atk|1\n|-ability|p2b: Incineroar|Intimidate|boost\n|-unboost|p1a: Born To Be|atk|1\n|-unboost|p1b: Now I'm Shining|atk|1\n|turn|8\n|\n|t:|1775978849\n|move|p2a: Drampa|Protect|p2a: Drampa\n|-singleturn|p2a: Drampa|Protect\n|move|p1b: Now I'm Shining|Fake Out|p2a: Drampa\n|-activate|p2a: Drampa|move: Protect\n|move|p1a: Born To Be|Weather Ball|p2b: Incineroar\n|-resisted|p2b: Incineroar|1\n|-damage|p2b: Incineroar|0 fnt\n|faint|p2b: Incineroar\n|\n|-weather|SunnyDay|[upkeep]\n|-damage|p1a: Born To Be|76/100|[from] ability: Solar Power|[of] p1a: Born To Be\n|upkeep\n|turn|9\n|\n|t:|1775978859\n|move|p1a: Born To Be|Weather Ball|p2a: Drampa\n|-resisted|p2a: Drampa|1\n|-damage|p2a: Drampa|0 fnt\n|faint|p2a: Drampa\n|\n|win|It'sJustKen VGC\n|raw|It&apos;sJustKen VGC's rating: 1160 &rarr; <strong>1182</strong><br />(+22 for winning)\n|raw|Ron9007's rating: 1115 &rarr; <strong>1093</strong><br />(-22 for losing)\n",
  "uploadtime": 1775978861,
  "views": 11,
  "formatid": "gen9championsvgc2026regma",
  "rating": 1093,
  "private": 0,
  "password": null
}