{
  "id": "gen9championsvgc2026regma-2586293231",
  "format": "[Gen 9 Champions] VGC 2026 Reg M-A",
  "players": [
    "zetuh",
    "wilduce"
  ],
  "log": "|j|\u2606zetuh\n|j|\u2606wilduce\n|t:|1776422158\n|gametype|doubles\n|player|p1|zetuh|iris|1267\n|player|p2|wilduce|n|1305\n|gen|9\n|tier|[Gen 9 Champions] VGC 2026 Reg M-A\n|rated|\n|rule|Species Clause: Limit one of each Pok\u00e9mon\n|rule|Item Clause: Limit 1 of each item\n|clearpoke\n|poke|p1|Abomasnow, L50, M|\n|poke|p1|Glaceon, L50, F|\n|poke|p1|Slowking, L50, M|\n|poke|p1|Kleavor, L50, F|\n|poke|p1|Farigiraf, L50, M|\n|poke|p1|Incineroar, L50, M|\n|poke|p2|Sneasler, L50, F|\n|poke|p2|Tauros-Paldea-Aqua, L50, M|\n|poke|p2|Basculegion, L50, M|\n|poke|p2|Froslass, L50, F|\n|poke|p2|Aerodactyl, L50, M|\n|poke|p2|Kangaskhan, L50, F|\n|teampreview|4\n|\n|t:|1776422187\n|teamsize|p1|4\n|teamsize|p2|4\n|start\n|switch|p1a: Farigiraf|Farigiraf, L50, M|100/100\n|switch|p1b: Kleavor|Kleavor, L50, F|100/100\n|switch|p2a: Sneasler|Sneasler, L50, F|100/100\n|switch|p2b: Aerodactyl|Aerodactyl, L50, M|100/100\n|-ability|p2b: Aerodactyl|Unnerve\n|turn|1\n|\n|t:|1776422204\n|move|p2b: Aerodactyl|Taunt|p1a: Farigiraf\n|-start|p1a: Farigiraf|move: Taunt\n|move|p2a: Sneasler|Close Combat|p1b: Kleavor\n|-damage|p1b: Kleavor|38/100\n|-unboost|p2a: Sneasler|def|1\n|-unboost|p2a: Sneasler|spd|1\n|-enditem|p2a: Sneasler|White Herb\n|-clearnegativeboost|p2a: Sneasler|[silent]\n|move|p1b: Kleavor|Stone Axe|p2b: Aerodactyl\n|-supereffective|p2b: Aerodactyl|1\n|-enditem|p2b: Aerodactyl|Focus Sash\n|-damage|p2b: Aerodactyl|1/100\n|-sidestart|p2: wilduce|move: Stealth Rock\n|cant|p1a: Farigiraf|move: Taunt|Trick Room\n|\n|upkeep\n|turn|2\n|\n|t:|1776422227\n|move|p1b: Kleavor|Feint|p2b: Aerodactyl\n|-resisted|p2b: Aerodactyl|1\n|-damage|p2b: Aerodactyl|0 fnt\n|faint|p2b: Aerodactyl\n|move|p2a: Sneasler|Close Combat|p1a: Farigiraf\n|-damage|p1a: Farigiraf|32/100\n|-unboost|p2a: Sneasler|def|1\n|-unboost|p2a: Sneasler|spd|1\n|move|p1a: Farigiraf|Twin Beam|p2a: Sneasler\n|-supereffective|p2a: Sneasler|2\n|-damage|p2a: Sneasler|0 fnt\n|faint|p2a: Sneasler\n|-hitcount|p2: Sneasler|1\n|\n|-heal|p1a: Farigiraf|38/100|[from] item: Leftovers\n|upkeep\n|\n|t:|1776422234\n|switch|p2b: Basculegion|Basculegion, L50, M|100/100\n|switch|p2a: Froslass|Froslass, L50, F|100/100\n|-damage|p2b: Basculegion|88/100|[from] Stealth Rock\n|-damage|p2a: Froslass|76/100|[from] Stealth Rock\n|turn|3\n|\n|t:|1776422259\n|detailschange|p2a: Froslass|Froslass-Mega, L50, F\n|-mega|p2a: Froslass|Froslass|Froslassite\n|-weather|Snowscape|[from] ability: Snow Warning|[of] p2a: Froslass\n|move|p2b: Basculegion|Last Respects|p1b: Kleavor\n|-damage|p1b: Kleavor|0 fnt\n|faint|p1b: Kleavor\n|move|p2a: Froslass|Nasty Plot|p2a: Froslass\n|-boost|p2a: Froslass|spa|2\n|move|p1a: Farigiraf|Twin Beam|p2a: Froslass\n|-damage|p2a: Froslass|49/100\n|-damage|p2a: Froslass|25/100\n|-hitcount|p2a: Froslass|2\n|\n|-weather|Snowscape|[upkeep]\n|-heal|p1a: Farigiraf|44/100|[from] item: Leftovers\n|-end|p1a: Farigiraf|move: Taunt\n|upkeep\n|\n|t:|1776422281\n|switch|p1b: Abomasnow|Abomasnow, L50, M|100/100\n|turn|4\n|\n|t:|1776422287\n|detailschange|p1b: Abomasnow|Abomasnow-Mega, L50, M\n|-mega|p1b: Abomasnow|Abomasnow|Abomasite\n|move|p2b: Basculegion|Last Respects|p1b: Abomasnow\n|-damage|p1b: Abomasnow|51/100\n|move|p2a: Froslass|Blizzard|p1a: Farigiraf|[spread] p1a,p1b\n|-damage|p1a: Farigiraf|0 fnt\n|-damage|p1b: Abomasnow|0 fnt\n|faint|p1a: Farigiraf\n|faint|p1b: Abomasnow\n|\n|-weather|Snowscape|[upkeep]\n|upkeep\n|\n|t:|1776422297\n|switch|p1b: Glaceon|Glaceon, L50, F|100/100\n|turn|5\n|\n|t:|1776422302\n|move|p2b: Basculegion|Last Respects|p1b: Glaceon|[miss]\n|-miss|p2b: Basculegion|p1b: Glaceon\n|move|p2a: Froslass|Shadow Ball|p1b: Glaceon|[miss]\n|-miss|p2a: Froslass|p1b: Glaceon\n|move|p1b: Glaceon|Blizzard|p2a: Froslass|[spread] p2a,p2b\n|-resisted|p2a: Froslass|1\n|-resisted|p2b: Basculegion|1\n|-damage|p2a: Froslass|0 fnt\n|-damage|p2b: Basculegion|62/100\n|faint|p2a: Froslass\n|\n|-weather|Snowscape|[upkeep]\n|upkeep\n|turn|6\n|c|\u2606wilduce|bruh\n|\n|t:|1776422314\n|move|p2b: Basculegion|Last Respects|p1b: Glaceon\n|-damage|p1b: Glaceon|25/100\n|move|p1b: Glaceon|Freeze-Dry|p2b: Basculegion\n|-supereffective|p2b: Basculegion|1\n|-damage|p2b: Basculegion|0 fnt\n|faint|p2b: Basculegion\n|\n|win|zetuh\n|raw|zetuh's rating: 1267 &rarr; <strong>1295</strong><br />(+28 for winning)\n|raw|wilduce's rating: 1305 &rarr; <strong>1283</strong><br />(-22 for losing)\n|c|\u2606wilduce|cant believe i lost this way\n|l|\u2606zetuh\n|player|p1|\n",
  "uploadtime": 1776422330,
  "views": 42,
  "formatid": "gen9championsvgc2026regma",
  "rating": 1283,
  "private": 0,
  "password": null
}