{
  "id": "gen9championsvgc2026regma-2586699456",
  "format": "[Gen 9 Champions] VGC 2026 Reg M-A",
  "players": [
    "hunterbarber",
    "Sceptilicious"
  ],
  "log": "|j|\u2606hunterbarber\n|j|\u2606Sceptilicious\n|t:|1776453134\n|gametype|doubles\n|player|p1|hunterbarber|170|1208\n|player|p2|Sceptilicious|266|1227\n|gen|9\n|tier|[Gen 9 Champions] VGC 2026 Reg M-A\n|rated|\n|rule|Species Clause: Limit one of each Pok\u00e9mon\n|rule|Item Clause: Limit 1 of each item\n|clearpoke\n|poke|p1|Glimmora, L50, M|\n|poke|p1|Ninetales-Alola, L50, M|\n|poke|p1|Tinkaton, L50, F|\n|poke|p1|Hydreigon, L50, F|\n|poke|p1|Gliscor, L50, M|\n|poke|p1|Gyarados, L50, F|\n|poke|p2|Tyranitar, L50, M|\n|poke|p2|Excadrill, L50, M|\n|poke|p2|Glimmora, L50, F|\n|poke|p2|Arcanine-Hisui, L50, F|\n|poke|p2|Corviknight, L50, M|\n|poke|p2|Venusaur, L50, F|\n|teampreview|4\n|inactive|Battle timer is ON: inactive players will automatically lose when time's up. (requested by hunterbarber)\n|\n|t:|1776453174\n|teamsize|p1|4\n|teamsize|p2|4\n|start\n|switch|p1a: Gliscor|Gliscor, L50, M|100/100\n|switch|p1b: Gyarados|Gyarados, L50, F|100/100\n|switch|p2a: Arcanine|Arcanine-Hisui, L50, F|100/100\n|switch|p2b: Corviknight|Corviknight, L50, M, shiny|100/100\n|-ability|p2a: Arcanine|Intimidate|boost\n|-fail|p1a: Gliscor|unboost|Attack|[from] ability: Hyper Cutter|[of] p1a: Gliscor\n|-unboost|p1b: Gyarados|atk|1\n|-ability|p1b: Gyarados|Intimidate|boost\n|-unboost|p2a: Arcanine|atk|1\n|-ability|p2b: Corviknight|Mirror Armor\n|-unboost|p1b: Gyarados|atk|1\n|turn|1\n|\n|t:|1776453194\n|switch|p1b: Hydreigon|Hydreigon, L50, F|100/100\n|move|p2a: Arcanine|Will-O-Wisp|p1a: Gliscor\n|-status|p1a: Gliscor|brn\n|move|p2b: Corviknight|Iron Defense|p2b: Corviknight\n|-boost|p2b: Corviknight|def|2\n|move|p1a: Gliscor|Tailwind|p1a: Gliscor\n|-sidestart|p1: hunterbarber|move: Tailwind\n|\n|-damage|p1a: Gliscor|94/100 brn|[from] brn\n|upkeep\n|turn|2\n|inactive|hunterbarber has 30 seconds left.\n|inactive|hunterbarber has 20 seconds left.\n|\n|t:|1776453231\n|move|p2a: Arcanine|Protect|p2a: Arcanine\n|-singleturn|p2a: Arcanine|Protect\n|move|p1b: Hydreigon|Dark Pulse|p2b: Corviknight\n|-damage|p2b: Corviknight|57/100\n|move|p1a: Gliscor|Earthquake|p2b: Corviknight|[spread] \n|-activate|p2a: Arcanine|move: Protect\n|-immune|p1b: Hydreigon|[from] ability: Levitate\n|-immune|p2b: Corviknight\n|move|p2b: Corviknight|Body Press|p1b: Hydreigon\n|-supereffective|p1b: Hydreigon|1\n|-damage|p1b: Hydreigon|12/100\n|\n|-heal|p2b: Corviknight|62/100|[from] item: Leftovers\n|-damage|p1a: Gliscor|88/100 brn|[from] brn\n|upkeep\n|turn|3\n|\n|t:|1776453251\n|move|p1b: Hydreigon|Protect|p1b: Hydreigon\n|-singleturn|p1b: Hydreigon|Protect\n|move|p1a: Gliscor|Earthquake|p2b: Corviknight|[spread] \n|-activate|p1b: Hydreigon|move: Protect\n|-immune|p2b: Corviknight\n|-miss|p1a: Gliscor|p2a: Arcanine\n|move|p2a: Arcanine|Rock Slide|p1b: Hydreigon|[spread] p1a\n|-activate|p1b: Hydreigon|move: Protect\n|-crit|p1a: Gliscor\n|-damage|p1a: Gliscor|64/100 brn\n|move|p2b: Corviknight|Roost|p2b: Corviknight\n|-heal|p2b: Corviknight|100/100\n|-singleturn|p2b: Corviknight|move: Roost\n|\n|-damage|p1a: Gliscor|58/100 brn|[from] brn\n|upkeep\n|turn|4\n|inactive|hunterbarber has 30 seconds left.\n|\n|t:|1776453276\n|move|p1b: Hydreigon|Dark Pulse|p2a: Arcanine\n|-damage|p2a: Arcanine|55/100\n|move|p1a: Gliscor|Earthquake|p2a: Arcanine|[spread] p2a\n|-immune|p1b: Hydreigon|[from] ability: Levitate\n|-immune|p2b: Corviknight\n|-supereffective|p2a: Arcanine|2\n|-damage|p2a: Arcanine|0 fnt\n|faint|p2a: Arcanine\n|move|p2b: Corviknight|Body Press|p1b: Hydreigon\n|-supereffective|p1b: Hydreigon|1\n|-damage|p1b: Hydreigon|0 fnt\n|faint|p1b: Hydreigon\n|\n|-damage|p1a: Gliscor|52/100 brn|[from] brn\n|-sideend|p1: hunterbarber|move: Tailwind\n|upkeep\n|\n|t:|1776453300\n|switch|p2a: Venusaur|Venusaur, L50, F|100/100\n|switch|p1b: Ninetales|Ninetales-Alola, L50, M|100/100\n|-weather|Snowscape|[from] ability: Snow Warning|[of] p1b: Ninetales\n|turn|5\n|\n|t:|1776453316\n|move|p2a: Venusaur|Protect|p2a: Venusaur\n|-singleturn|p2a: Venusaur|Protect\n|move|p1b: Ninetales|Aurora Veil|p1b: Ninetales\n|-sidestart|p1: hunterbarber|move: Aurora Veil\n|move|p2b: Corviknight|Brave Bird|p1a: Gliscor\n|-damage|p1a: Gliscor|31/100 brn\n|-damage|p2b: Corviknight|93/100|[from] Recoil\n|move|p1a: Gliscor|Dual Wingbeat|p2a: Venusaur\n|-activate|p2a: Venusaur|move: Protect\n|\n|-weather|Snowscape|[upkeep]\n|-heal|p2b: Corviknight|99/100|[from] item: Leftovers\n|-damage|p1a: Gliscor|25/100 brn|[from] brn\n|upkeep\n|turn|6\n|inactive|Sceptilicious has 30 seconds left.\n|inactive|hunterbarber has 30 seconds left.\n|\n|t:|1776453354\n|detailschange|p2a: Venusaur|Venusaur-Mega, L50, F\n|-mega|p2a: Venusaur|Venusaur|Venusaurite\n|move|p1b: Ninetales|Encore|p2a: Venusaur\n|-start|p2a: Venusaur|Encore\n|move|p2a: Venusaur|Protect|p2a: Venusaur\n|-singleturn|p2a: Venusaur|Protect\n|move|p2b: Corviknight|Brave Bird|p1a: Gliscor\n|-damage|p1a: Gliscor|5/100 brn\n|-damage|p2b: Corviknight|92/100|[from] Recoil\n|move|p1a: Gliscor|Dual Wingbeat|p2a: Venusaur\n|-activate|p2a: Venusaur|move: Protect\n|\n|-weather|Snowscape|[upkeep]\n|-heal|p2b: Corviknight|98/100|[from] item: Leftovers\n|-damage|p1a: Gliscor|0 fnt|[from] brn\n|faint|p1a: Gliscor\n|upkeep\n|\n|t:|1776453364\n|switch|p1a: Gyarados|Gyarados, L50, F|100/100\n|-ability|p1a: Gyarados|Intimidate|boost\n|-unboost|p2a: Venusaur|atk|1\n|-ability|p2b: Corviknight|Mirror Armor\n|-unboost|p1a: Gyarados|atk|1\n|turn|7\n|\n|t:|1776453385\n|switch|p2a: Tyranitar|Tyranitar, L50, M|100/100\n|-weather|Sandstorm|[from] ability: Sand Stream|[of] p2a: Tyranitar\n|move|p1b: Ninetales|Encore|p2b: Corviknight\n|-start|p2b: Corviknight|Encore\n|move|p2b: Corviknight|Brave Bird|p1a: Gyarados\n|-damage|p1a: Gyarados|75/100\n|-damage|p2b: Corviknight|88/100|[from] Recoil\n|move|p1a: Gyarados|Dragon Dance|p1a: Gyarados\n|-boost|p1a: Gyarados|atk|1\n|-boost|p1a: Gyarados|spe|1\n|\n|-weather|Sandstorm|[upkeep]\n|-damage|p1b: Ninetales|94/100|[from] Sandstorm\n|-damage|p1a: Gyarados|69/100|[from] Sandstorm\n|-heal|p2b: Corviknight|94/100|[from] item: Leftovers\n|upkeep\n|turn|8\n|inactive|hunterbarber has 30 seconds left.\n|\n|t:|1776453410\n|move|p1b: Ninetales|Blizzard|p2b: Corviknight|[spread] p2a,p2b\n|-damage|p2a: Tyranitar|84/100\n|-damage|p2b: Corviknight|60/100\n|move|p1a: Gyarados|Waterfall|p2a: Tyranitar\n|-supereffective|p2a: Tyranitar|1\n|-damage|p2a: Tyranitar|30/100\n|move|p2b: Corviknight|Brave Bird|p1a: Gyarados\n|-damage|p1a: Gyarados|45/100\n|-damage|p2b: Corviknight|50/100|[from] Recoil\n|cant|p2a: Tyranitar|flinch\n|\n|-weather|Sandstorm|[upkeep]\n|-damage|p1b: Ninetales|88/100|[from] Sandstorm\n|-damage|p1a: Gyarados|39/100|[from] Sandstorm\n|-heal|p2b: Corviknight|56/100|[from] item: Leftovers\n|upkeep\n|turn|9\n|\n|t:|1776453432\n|detailschange|p1a: Gyarados|Gyarados-Mega, L50, F\n|-mega|p1a: Gyarados|Gyarados|Gyaradosite\n|-ability|p1a: Gyarados|Mold Breaker\n|move|p2a: Tyranitar|Protect|p2a: Tyranitar\n|-singleturn|p2a: Tyranitar|Protect\n|move|p1b: Ninetales|Blizzard|p2a: Tyranitar|[spread] \n|-activate|p2a: Tyranitar|move: Protect\n|-miss|p1b: Ninetales|p2b: Corviknight\n|move|p1a: Gyarados|Waterfall|p2b: Corviknight\n|-damage|p2b: Corviknight|39/100\n|move|p2b: Corviknight|Brave Bird|p1b: Ninetales\n|-damage|p1b: Ninetales|50/100\n|-damage|p2b: Corviknight|28/100|[from] Recoil\n|\n|-weather|Sandstorm|[upkeep]\n|-damage|p1b: Ninetales|44/100|[from] Sandstorm\n|-damage|p1a: Gyarados|33/100|[from] Sandstorm\n|-heal|p2b: Corviknight|33/100|[from] item: Leftovers\n|-end|p2b: Corviknight|Encore\n|-sideend|p1: hunterbarber|move: Aurora Veil\n|upkeep\n|turn|10\n|\n|t:|1776453455\n|move|p1b: Ninetales|Encore|p2a: Tyranitar\n|-start|p2a: Tyranitar|Encore\n|move|p2a: Tyranitar|Protect||[still]\n|-fail|p2a: Tyranitar\n|move|p1a: Gyarados|Waterfall|p2b: Corviknight\n|-damage|p2b: Corviknight|14/100\n|move|p2b: Corviknight|Brave Bird|p1a: Gyarados\n|-damage|p1a: Gyarados|4/100\n|-damage|p2b: Corviknight|3/100|[from] Recoil\n|\n|-weather|Sandstorm|[upkeep]\n|-damage|p1b: Ninetales|38/100|[from] Sandstorm\n|-damage|p1a: Gyarados|0 fnt|[from] Sandstorm\n|faint|p1a: Gyarados\n|-heal|p2b: Corviknight|9/100|[from] item: Leftovers\n|upkeep\n|turn|11\n|\n|t:|1776453471\n|move|p2a: Tyranitar|Protect|p2a: Tyranitar\n|-singleturn|p2a: Tyranitar|Protect\n|move|p1b: Ninetales|Blizzard|p2a: Tyranitar|[spread] p2b\n|-activate|p2a: Tyranitar|move: Protect\n|-damage|p2b: Corviknight|0 fnt\n|faint|p2b: Corviknight\n|\n|-weather|none\n|upkeep\n|\n|t:|1776453478\n|switch|p2b: Venusaur|Venusaur-Mega, L50, F|100/100\n|turn|12\n|\n|t:|1776453483\n|move|p2a: Tyranitar|Protect||[still]\n|-fail|p2a: Tyranitar\n|move|p1b: Ninetales|Blizzard|p2b: Venusaur|[spread] p2b\n|-miss|p1b: Ninetales|p2a: Tyranitar\n|-supereffective|p2b: Venusaur|1\n|-damage|p2b: Venusaur|73/100\n|move|p2b: Venusaur|Sludge Bomb|p1b: Ninetales\n|-supereffective|p1b: Ninetales|1\n|-damage|p1b: Ninetales|0 fnt\n|faint|p1b: Ninetales\n|\n|win|Sceptilicious\n|raw|hunterbarber's rating: 1208 &rarr; <strong>1184</strong><br />(-24 for losing)\n|raw|Sceptilicious's rating: 1227 &rarr; <strong>1251</strong><br />(+24 for winning)\n|l|\u2606hunterbarber\n|player|p1|\n",
  "uploadtime": 1776453494,
  "views": 31,
  "formatid": "gen9championsvgc2026regma",
  "rating": 1184,
  "private": 0,
  "password": null
}