{
  "id": "gen9championsvgc2026regma-2581044046",
  "format": "[Gen 9 Champions] VGC 2026 Reg M-A",
  "players": [
    "Oras_4996",
    "Portallus"
  ],
  "log": "|j|\u2606Oras_4996\n|j|\u2606Portallus\n|t:|1775954593\n|gametype|doubles\n|player|p1|Oras_4996|pokemaniac|1050\n|player|p2|Portallus|ethan-gen2|1108\n|gen|9\n|tier|[Gen 9 Champions] VGC 2026 Reg M-A\n|rated|\n|rule|Species Clause: Limit one of each Pok\u00e9mon\n|rule|Item Clause: Limit 1 of each item\n|clearpoke\n|poke|p1|Meowstic-F, L50, F|\n|poke|p1|Garchomp, L50, M|\n|poke|p1|Clefable, L50, F|\n|poke|p1|Sneasler, L50, F|\n|poke|p1|Farigiraf, L50, F|\n|poke|p1|Rotom-Wash, L50|\n|poke|p2|Corviknight, L50, F|\n|poke|p2|Garchomp, L50, F|\n|poke|p2|Rotom-Heat, L50|\n|poke|p2|Sinistcha, L50|\n|poke|p2|Milotic, L50, F|\n|poke|p2|Tyranitar, L50, M|\n|teampreview|4\n|inactive|Battle timer is ON: inactive players will automatically lose when time's up. (requested by Portallus)\n|inactive|Oras_4996 has 60 seconds left.\n|\n|t:|1775954647\n|teamsize|p1|4\n|teamsize|p2|4\n|start\n|switch|p1a: Garchomp|Garchomp, L50, M, shiny|100/100\n|switch|p1b: Rotom|Rotom-Wash, L50, shiny|100/100\n|switch|p2a: Garchomp|Garchomp, L50, F|100/100\n|switch|p2b: Rotom|Rotom-Heat, L50|100/100\n|turn|1\n|inactive|Portallus has 30 seconds left.\n|\n|t:|1775954679\n|move|p1a: Garchomp|Dragon Claw|p2a: Garchomp\n|-supereffective|p2a: Garchomp|1\n|-damage|p2a: Garchomp|15/100\n|-damage|p1a: Garchomp|88/100|[from] ability: Rough Skin|[of] p2a: Garchomp\n|move|p2b: Rotom|Trick|p1a: Garchomp\n|-activate|p2b: Rotom|move: Trick|[of] p1a: Garchomp\n|-item|p1a: Garchomp|Choice Scarf|[from] move: Trick\n|-item|p2b: Rotom|Choice Scarf|[from] move: Trick\n|move|p2a: Garchomp|Dragon Claw|p1a: Garchomp\n|-supereffective|p1a: Garchomp|1\n|-damage|p1a: Garchomp|5/100\n|-damage|p2a: Garchomp|2/100|[from] ability: Rough Skin|[of] p1a: Garchomp\n|move|p1b: Rotom|Hydro Pump|p2a: Garchomp|[miss]\n|-miss|p1b: Rotom|p2a: Garchomp\n|\n|upkeep\n|turn|2\n|inactive|Oras_4996 has 30 seconds left.\n|\n|t:|1775954712\n|move|p2a: Garchomp|Protect|p2a: Garchomp\n|-singleturn|p2a: Garchomp|Protect\n|move|p1a: Garchomp|Earthquake|p2a: Garchomp|[spread] \n|-activate|p2a: Garchomp|move: Protect\n|-immune|p1b: Rotom|[from] ability: Levitate\n|-immune|p2b: Rotom|[from] ability: Levitate\n|move|p2b: Rotom|Discharge|p1a: Garchomp|[spread] p1b\n|-activate|p2a: Garchomp|move: Protect\n|-immune|p1a: Garchomp\n|-damage|p1b: Rotom|68/100\n|move|p1b: Rotom|Hydro Pump|p2b: Rotom|[miss]\n|-miss|p1b: Rotom|p2b: Rotom\n|\n|upkeep\n|turn|3\n|\n|t:|1775954735\n|move|p1a: Garchomp|Earthquake|p2b: Rotom|[spread] p2a\n|-immune|p1b: Rotom|[from] ability: Levitate\n|-immune|p2b: Rotom|[from] ability: Levitate\n|-damage|p2a: Garchomp|0 fnt\n|faint|p2a: Garchomp\n|move|p2b: Rotom|Discharge|p1b: Rotom|[spread] p1b\n|-immune|p1a: Garchomp\n|-damage|p1b: Rotom|30/100\n|move|p1b: Rotom|Hydro Pump|p2b: Rotom\n|-supereffective|p2b: Rotom|1\n|-damage|p2b: Rotom|0 fnt\n|faint|p2b: Rotom\n|\n|upkeep\n|\n|t:|1775954749\n|switch|p2a: Tyranitar|Tyranitar, L50, M|100/100\n|switch|p2b: Sinistcha|Sinistcha, L50|100/100\n|-weather|Sandstorm|[from] ability: Sand Stream|[of] p2a: Tyranitar\n|turn|4\n|\n|t:|1775954769\n|move|p2a: Tyranitar|Protect|p2a: Tyranitar\n|-singleturn|p2a: Tyranitar|Protect\n|move|p1a: Garchomp|Earthquake|p2a: Tyranitar|[spread] p2b\n|-activate|p2a: Tyranitar|move: Protect\n|-immune|p1b: Rotom|[from] ability: Levitate\n|-resisted|p2b: Sinistcha|1\n|-damage|p2b: Sinistcha|82/100\n|move|p1b: Rotom|Hydro Pump|p2a: Tyranitar\n|-activate|p2a: Tyranitar|move: Protect\n|move|p2b: Sinistcha|Matcha Gotcha|p1b: Rotom|[spread] p1b\n|-miss|p2b: Sinistcha|p1a: Garchomp\n|-supereffective|p1b: Rotom|1\n|-damage|p1b: Rotom|0 fnt\n|-heal|p2b: Sinistcha|93/100|[from] drain|[of] p1b: Rotom\n|faint|p1b: Rotom\n|\n|-weather|Sandstorm|[upkeep]\n|-damage|p2b: Sinistcha|87/100|[from] Sandstorm\n|upkeep\n|inactive|Oras_4996 has 30 seconds left.\n|\n|t:|1775954799\n|switch|p1b: Sneasler|Sneasler, L50, F, shiny|100/100\n|turn|5\n|inactive|Oras_4996 has 30 seconds left.\n|\n|t:|1775954832\n|switch|p1b: Farigiraf|Farigiraf, L50, F, shiny|100/100\n|detailschange|p2a: Tyranitar|Tyranitar-Mega, L50, M\n|-mega|p2a: Tyranitar|Tyranitar|Tyranitarite\n|move|p1a: Garchomp|Earthquake|p2a: Tyranitar|[spread] p1b,p2a,p2b\n|-supereffective|p2a: Tyranitar|1\n|-resisted|p2b: Sinistcha|1\n|-damage|p1b: Farigiraf|66/100\n|-damage|p2a: Tyranitar|47/100\n|-damage|p2b: Sinistcha|70/100\n|move|p2a: Tyranitar|Rock Slide|p1a: Garchomp|[spread] p1a,p1b\n|-resisted|p1a: Garchomp|1\n|-damage|p1a: Garchomp|0 fnt\n|-damage|p1b: Farigiraf|36/100\n|faint|p1a: Garchomp\n|move|p2b: Sinistcha|Matcha Gotcha|p1b: Farigiraf|[miss]\n|-miss|p2b: Sinistcha|p1b: Farigiraf\n|\n|-weather|Sandstorm|[upkeep]\n|-damage|p2b: Sinistcha|64/100|[from] Sandstorm\n|-damage|p1b: Farigiraf|30/100|[from] Sandstorm\n|-heal|p1b: Farigiraf|36/100|[from] item: Leftovers\n|upkeep\n|\n|t:|1775954850\n|switch|p1a: Sneasler|Sneasler, L50, F, shiny|100/100\n|turn|6\n|\n|t:|1775954870\n|move|p2a: Tyranitar|Protect|p2a: Tyranitar\n|-singleturn|p2a: Tyranitar|Protect\n|move|p1a: Sneasler|Dire Claw|p2b: Sinistcha\n|-damage|p2b: Sinistcha|24/100\n|-status|p2b: Sinistcha|par\n|move|p1b: Farigiraf|Hyper Voice|p2a: Tyranitar|[spread] \n|-activate|p2a: Tyranitar|move: Protect\n|-immune|p2b: Sinistcha\n|move|p2b: Sinistcha|Life Dew|p2b: Sinistcha|[spread] p2a,p2b\n|-heal|p2a: Tyranitar|72/100\n|-heal|p2b: Sinistcha|49/100 par\n|\n|-weather|Sandstorm|[upkeep]\n|-damage|p1a: Sneasler|95/100|[from] Sandstorm\n|-damage|p1b: Farigiraf|30/100|[from] Sandstorm\n|-damage|p2b: Sinistcha|43/100 par|[from] Sandstorm\n|-heal|p1b: Farigiraf|36/100|[from] item: Leftovers\n|upkeep\n|turn|7\n|inactive|Oras_4996 has 30 seconds left.\n|inactive|Portallus has 30 seconds left.\n|\n|t:|1775954897\n|move|p1a: Sneasler|Close Combat|p2a: Tyranitar\n|-supereffective|p2a: Tyranitar|2\n|-damage|p2a: Tyranitar|0 fnt\n|-unboost|p1a: Sneasler|def|1\n|-unboost|p1a: Sneasler|spd|1\n|faint|p2a: Tyranitar\n|-enditem|p1a: Sneasler|White Herb\n|-clearnegativeboost|p1a: Sneasler|[silent]\n|move|p1b: Farigiraf|Hyper Voice|p2b: Sinistcha\n|-immune|p2b: Sinistcha\n|cant|p2b: Sinistcha|par\n|\n|-weather|Sandstorm|[upkeep]\n|-damage|p1a: Sneasler|89/100|[from] Sandstorm\n|-damage|p1b: Farigiraf|30/100|[from] Sandstorm\n|-damage|p2b: Sinistcha|36/100 par|[from] Sandstorm\n|-heal|p1b: Farigiraf|36/100|[from] item: Leftovers\n|upkeep\n|turn|8\n|-message|Portallus forfeited.\n|\n|win|Oras_4996\n|raw|Oras_4996's rating: 1050 &rarr; <strong>1088</strong><br />(+38 for winning)\n|raw|Portallus's rating: 1108 &rarr; <strong>1079</strong><br />(-29 for losing)\n|l|\u2606Portallus\n|player|p2|\n",
  "uploadtime": 1775954914,
  "views": 12,
  "formatid": "gen9championsvgc2026regma",
  "rating": 1079,
  "private": 0,
  "password": null
}