{
  "id": "gen9championsvgc2026regma-2588239895",
  "format": "[Gen 9 Champions] VGC 2026 Reg M-A",
  "players": [
    "Echlics",
    "DracoSpirit"
  ],
  "log": "|j|\u2606Echlics\n|j|\u2606DracoSpirit\n|t:|1776617197\n|gametype|doubles\n|player|p1|Echlics|hilda-wonderlauncher|1338\n|player|p2|DracoSpirit|ingo|1443\n|gen|9\n|tier|[Gen 9 Champions] VGC 2026 Reg M-A\n|rated|\n|rule|Species Clause: Limit one of each Pok\u00e9mon\n|rule|Item Clause: Limit 1 of each item\n|clearpoke\n|poke|p1|Sneasler, L50, F|\n|poke|p1|Floette-Eternal, L50, F|\n|poke|p1|Delphox, L50, F|\n|poke|p1|Aegislash, L50, F|\n|poke|p1|Garchomp, L50, M|\n|poke|p1|Rotom-Wash, L50|\n|poke|p2|Tyranitar, L50, F|\n|poke|p2|Garchomp, L50, F|\n|poke|p2|Excadrill, L50, F|\n|poke|p2|Milotic, L50, F|\n|poke|p2|Gardevoir, L50, F|\n|poke|p2|Rotom-Mow, L50|\n|teampreview|4\n|\n|t:|1776617239\n|teamsize|p1|4\n|teamsize|p2|4\n|start\n|switch|p1a: Delphox|Delphox, L50, F|100/100\n|switch|p1b: Rotom|Rotom-Wash, L50|100/100\n|switch|p2a: Tyranitar|Tyranitar, L50, F|100/100\n|switch|p2b: Garchomp|Garchomp, L50, F|100/100\n|-weather|Sandstorm|[from] ability: Sand Stream|[of] p2a: Tyranitar\n|turn|1\n|\n|t:|1776617275\n|detailschange|p1a: Delphox|Delphox-Mega, L50, F\n|-mega|p1a: Delphox|Delphox|Delphoxite\n|detailschange|p2a: Tyranitar|Tyranitar-Mega, L50, F\n|-mega|p2a: Tyranitar|Tyranitar|Tyranitarite\n|move|p1a: Delphox|Protect|p1a: Delphox\n|-singleturn|p1a: Delphox|Protect\n|move|p1b: Rotom|Volt Switch|p2a: Tyranitar\n|-damage|p2a: Tyranitar|84/100\n|\n|t:|1776617284\n|switch|p1b: Garchomp|Garchomp, L50, M|100/100|[from] Volt Switch\n|move|p2b: Garchomp|Substitute|p2b: Garchomp\n|-start|p2b: Garchomp|Substitute\n|-damage|p2b: Garchomp|76/100\n|move|p2a: Tyranitar|Rock Slide|p1a: Delphox|[spread] p1b\n|-activate|p1a: Delphox|move: Protect\n|-resisted|p1b: Garchomp|1\n|-damage|p1b: Garchomp|82/100\n|\n|-weather|Sandstorm|[upkeep]\n|-damage|p1a: Delphox|95/100|[from] Sandstorm\n|upkeep\n|turn|2\n|\n|t:|1776617308\n|move|p1a: Delphox|Substitute|p1a: Delphox\n|-start|p1a: Delphox|Substitute\n|-damage|p1a: Delphox|70/100\n|move|p2b: Garchomp|Dragon Claw|p1b: Garchomp\n|-supereffective|p1b: Garchomp|1\n|-damage|p1b: Garchomp|0 fnt\n|-damage|p2b: Garchomp|63/100|[from] ability: Rough Skin|[of] p1b: Garchomp\n|faint|p1b: Garchomp\n|move|p2a: Tyranitar|Lash Out|p1a: Delphox\n|-supereffective|p1a: Delphox|1\n|-end|p1a: Delphox|Substitute\n|\n|-weather|Sandstorm|[upkeep]\n|-damage|p1a: Delphox|64/100|[from] Sandstorm\n|upkeep\n|\n|t:|1776617320\n|switch|p1b: Sneasler|Sneasler, L50, F|100/100\n|turn|3\n|\n|t:|1776617347\n|switch|p2a: Gardevoir|Gardevoir, L50, F|100/100\n|move|p1a: Delphox|Psychic|p2b: Garchomp\n|-end|p2b: Garchomp|Substitute\n|move|p1b: Sneasler|Close Combat|p2b: Garchomp|[miss]\n|-miss|p1b: Sneasler|p2b: Garchomp\n|move|p2b: Garchomp|Earthquake|p1b: Sneasler|[spread] p1b\n|-activate|p2a: Gardevoir|ability: Telepathy\n|-immune|p1a: Delphox|[from] ability: Levitate\n|-supereffective|p1b: Sneasler|1\n|-damage|p1b: Sneasler|0 fnt\n|faint|p1b: Sneasler\n|\n|-weather|Sandstorm|[upkeep]\n|-damage|p1a: Delphox|58/100|[from] Sandstorm\n|-damage|p2a: Gardevoir|94/100|[from] Sandstorm\n|upkeep\n|\n|t:|1776617363\n|switch|p1b: Rotom|Rotom-Wash, L50|100/100\n|turn|4\n|\n|t:|1776617377\n|move|p1b: Rotom|Hydro Pump|p2b: Garchomp|[miss]\n|-miss|p1b: Rotom|p2b: Garchomp\n|move|p1a: Delphox|Heat Wave|p2a: Gardevoir|[spread] p2a\n|-miss|p1a: Delphox|p2b: Garchomp\n|-damage|p2a: Gardevoir|49/100\n|move|p2a: Gardevoir|Icy Wind|p1a: Delphox|[spread] p1b\n|-miss|p2a: Gardevoir|p1a: Delphox\n|-resisted|p1b: Rotom|1\n|-damage|p1b: Rotom|91/100\n|-unboost|p1b: Rotom|spe|1\n|move|p2b: Garchomp|Substitute|p2b: Garchomp\n|-start|p2b: Garchomp|Substitute\n|-damage|p2b: Garchomp|38/100\n|\n|-weather|Sandstorm|[upkeep]\n|-damage|p1a: Delphox|52/100|[from] Sandstorm\n|-damage|p2a: Gardevoir|43/100|[from] Sandstorm\n|-damage|p1b: Rotom|86/100|[from] Sandstorm\n|upkeep\n|turn|5\n|-message|Echlics forfeited.\n|\n|win|DracoSpirit\n|raw|Echlics's rating: 1338 &rarr; <strong>1324</strong><br />(-14 for losing)\n|raw|DracoSpirit's rating: 1443 &rarr; <strong>1457</strong><br />(+14 for winning)\n|l|\u2606Echlics\n|player|p1|\n",
  "uploadtime": 1776617397,
  "views": 12,
  "formatid": "gen9championsvgc2026regma",
  "rating": 1324,
  "private": 0,
  "password": null
}