{
  "id": "gen9championsvgc2026regma-2582233520",
  "format": "[Gen 9 Champions] VGC 2026 Reg M-A",
  "players": [
    "porygon-epilepz",
    "Sqinnon"
  ],
  "log": "|j|\u2606porygon-epilepz\n|j|\u2606Sqinnon\n|t:|1776074289\n|gametype|doubles\n|player|p1|porygon-epilepz|hiker-gen4|1097\n|player|p2|Sqinnon|266|1047\n|gen|9\n|tier|[Gen 9 Champions] VGC 2026 Reg M-A\n|rated|\n|rule|Species Clause: Limit one of each Pok\u00e9mon\n|rule|Item Clause: Limit 1 of each item\n|clearpoke\n|poke|p1|Kommo-o, L50, F|\n|poke|p1|Incineroar, L50, M|\n|poke|p1|Glimmora, L50, F|\n|poke|p1|Sinistcha, L50|\n|poke|p1|Corviknight, L50, M|\n|poke|p1|Palafin, L50, M|\n|poke|p2|Froslass, L50, F|\n|poke|p2|Rotom-Frost, L50|\n|poke|p2|Garchomp, L50, M|\n|poke|p2|Incineroar, L50, F|\n|poke|p2|Kingambit, L50, M|\n|poke|p2|Orthworm, L50, M|\n|teampreview|4\n|inactive|Battle timer is ON: inactive players will automatically lose when time's up. (requested by Sqinnon)\n|\n|t:|1776074326\n|teamsize|p1|4\n|teamsize|p2|4\n|start\n|switch|p1a: Incineroar|Incineroar, L50, M|100/100\n|switch|p1b: Corviknight|Corviknight, L50, M|100/100\n|switch|p2a: Orthworm|Orthworm, L50, M|100/100\n|switch|p2b: Garchomp|Garchomp, L50, M|100/100\n|-ability|p1a: Incineroar|Intimidate|boost\n|-unboost|p2a: Orthworm|atk|1\n|-unboost|p2b: Garchomp|atk|1\n|-enditem|p2b: Garchomp|White Herb\n|-clearnegativeboost|p2b: Garchomp|[silent]\n|turn|1\n|\n|t:|1776074337\n|move|p2b: Garchomp|Protect|p2b: Garchomp\n|-singleturn|p2b: Garchomp|Protect\n|move|p1a: Incineroar|Fake Out|p2b: Garchomp\n|-activate|p2b: Garchomp|move: Protect\n|move|p1b: Corviknight|Tailwind|p1b: Corviknight\n|-sidestart|p1: porygon-epilepz|move: Tailwind\n|move|p2a: Orthworm|Iron Defense|p2a: Orthworm\n|-boost|p2a: Orthworm|def|2\n|\n|upkeep\n|turn|2\n|inactive|porygon-epilepz has 30 seconds left.\n|inactive|porygon-epilepz has 20 seconds left.\n|\n|t:|1776074376\n|move|p1b: Corviknight|Iron Head|p2b: Garchomp\n|-damage|p2b: Garchomp|75/100\n|-damage|p1b: Corviknight|88/100|[from] ability: Rough Skin|[of] p2b: Garchomp\n|move|p2b: Garchomp|Earthquake|p1b: Corviknight|[spread] p1a\n|-immune|p2a: Orthworm|[from] ability: Earth Eater\n|-immune|p1b: Corviknight\n|-supereffective|p1a: Incineroar|1\n|-enditem|p1a: Incineroar|Shuca Berry|[eat]\n|-enditem|p1a: Incineroar|Shuca Berry|[weaken]\n|-damage|p1a: Incineroar|71/100\n|move|p1a: Incineroar|Parting Shot|p2b: Garchomp\n|-unboost|p2b: Garchomp|atk|1\n|-unboost|p2b: Garchomp|spa|1\n|\n|t:|1776074393\n|switch|p1a: Kommo-o|Kommo-o, L50, F|100/100|[from] Parting Shot\n|move|p2a: Orthworm|Body Press|p1b: Corviknight\n|-damage|p1b: Corviknight|48/100\n|\n|upkeep\n|turn|3\n|\n|t:|1776074408\n|switch|p1b: Incineroar|Incineroar, L50, M|71/100\n|-ability|p1b: Incineroar|Intimidate|boost\n|-unboost|p2a: Orthworm|atk|1\n|-unboost|p2b: Garchomp|atk|1\n|move|p1a: Kommo-o|Clangorous Soul|p1a: Kommo-o\n|-boost|p1a: Kommo-o|atk|1\n|-boost|p1a: Kommo-o|def|1\n|-boost|p1a: Kommo-o|spa|1\n|-boost|p1a: Kommo-o|spd|1\n|-boost|p1a: Kommo-o|spe|1\n|-damage|p1a: Kommo-o|68/100\n|move|p2b: Garchomp|Earthquake|p1a: Kommo-o|[spread] p1a,p1b\n|-immune|p2a: Orthworm|[from] ability: Earth Eater\n|-supereffective|p1b: Incineroar|1\n|-damage|p1a: Kommo-o|57/100\n|-damage|p1b: Incineroar|40/100\n|move|p2a: Orthworm|Shed Tail|p2a: Orthworm\n|-start|p2a: Orthworm|Substitute|[from] move: Shed Tail\n|-damage|p2a: Orthworm|50/100\n|\n|t:|1776074426\n|switch|p2a: Froslass|Froslass, L50, F|100/100|[from] Shed Tail\n|\n|-heal|p1a: Kommo-o|63/100|[from] item: Leftovers\n|upkeep\n|turn|4\n|\n|t:|1776074442\n|switch|p2b: Orthworm|Orthworm, L50, M|50/100\n|move|p1a: Kommo-o|Protect|p1a: Kommo-o\n|-singleturn|p1a: Kommo-o|Protect\n|move|p2a: Froslass|Nasty Plot|p2a: Froslass\n|-boost|p2a: Froslass|spa|2\n|move|p1b: Incineroar|Throat Chop|p2a: Froslass\n|-supereffective|p2a: Froslass|1\n|-end|p2a: Froslass|Substitute\n|\n|-heal|p1a: Kommo-o|69/100|[from] item: Leftovers\n|-sideend|p1: porygon-epilepz|move: Tailwind\n|upkeep\n|turn|5\n|\n|t:|1776074462\n|detailschange|p2a: Froslass|Froslass-Mega, L50, F\n|-mega|p2a: Froslass|Froslass|Froslassite\n|-weather|Snowscape|[from] ability: Snow Warning|[of] p2a: Froslass\n|move|p1a: Kommo-o|Clanging Scales|p2a: Froslass|[spread] p2a,p2b\n|-resisted|p2b: Orthworm|1\n|-damage|p2a: Froslass|32/100\n|-damage|p2b: Orthworm|25/100\n|-unboost|p1a: Kommo-o|def|1\n|move|p2a: Froslass|Blizzard|p1a: Kommo-o|[spread] p1a,p1b\n|-supereffective|p1a: Kommo-o|1\n|-resisted|p1b: Incineroar|1\n|-damage|p1a: Kommo-o|0 fnt\n|-damage|p1b: Incineroar|3/100\n|faint|p1a: Kommo-o\n|move|p2b: Orthworm|Body Press|p1b: Incineroar\n|-supereffective|p1b: Incineroar|1\n|-damage|p1b: Incineroar|0 fnt\n|faint|p1b: Incineroar\n|\n|-weather|Snowscape|[upkeep]\n|upkeep\n|\n|t:|1776074472\n|switch|p1a: Glimmora|Glimmora, L50, F|100/100\n|switch|p1b: Corviknight|Corviknight, L50, M|48/100\n|turn|6\n|inactive|Sqinnon has 30 seconds left.\n|\n|t:|1776074499\n|move|p1a: Glimmora|Spiky Shield|p1a: Glimmora\n|-singleturn|p1a: Glimmora|move: Protect\n|move|p2a: Froslass|Shadow Ball|p1a: Glimmora\n|-activate|p1a: Glimmora|move: Protect\n|move|p1b: Corviknight|Tailwind|p1b: Corviknight\n|-sidestart|p1: porygon-epilepz|move: Tailwind\n|move|p2b: Orthworm|Body Press|p1b: Corviknight\n|-damage|p1b: Corviknight|26/100\n|\n|-weather|Snowscape|[upkeep]\n|upkeep\n|turn|7\n|\n|t:|1776074516\n|detailschange|p1a: Glimmora|Glimmora-Mega, L50, F\n|-mega|p1a: Glimmora|Glimmora|Glimmoranite\n|move|p2a: Froslass|Protect|p2a: Froslass\n|-singleturn|p2a: Froslass|Protect\n|move|p1a: Glimmora|Power Gem|p2a: Froslass\n|-activate|p2a: Froslass|move: Protect\n|move|p1b: Corviknight|Roost|p1b: Corviknight\n|-heal|p1b: Corviknight|77/100\n|-singleturn|p1b: Corviknight|move: Roost\n|move|p2b: Orthworm|Body Press|p1b: Corviknight\n|-supereffective|p1b: Corviknight|1\n|-damage|p1b: Corviknight|32/100\n|\n|-weather|Snowscape|[upkeep]\n|upkeep\n|turn|8\n|\n|t:|1776074531\n|move|p1a: Glimmora|Power Gem|p2a: Froslass\n|-supereffective|p2a: Froslass|1\n|-damage|p2a: Froslass|0 fnt\n|faint|p2a: Froslass\n|move|p1b: Corviknight|Roost|p1b: Corviknight\n|-heal|p1b: Corviknight|82/100\n|-singleturn|p1b: Corviknight|move: Roost\n|move|p2b: Orthworm|Heavy Slam|p1a: Glimmora\n|-supereffective|p1a: Glimmora|1\n|-damage|p1a: Glimmora|37/100\n|\n|-weather|Snowscape|[upkeep]\n|upkeep\n|\n|t:|1776074536\n|switch|p2a: Rotom|Rotom-Frost, L50|100/100\n|turn|9\n|\n|t:|1776074554\n|move|p1a: Glimmora|Power Gem|p2a: Rotom\n|-supereffective|p2a: Rotom|1\n|-damage|p2a: Rotom|0 fnt\n|faint|p2a: Rotom\n|move|p1b: Corviknight|Iron Head|p2b: Orthworm\n|-resisted|p2b: Orthworm|1\n|-damage|p2b: Orthworm|16/100\n|move|p2b: Orthworm|Heavy Slam|p1a: Glimmora\n|-supereffective|p1a: Glimmora|1\n|-damage|p1a: Glimmora|0 fnt\n|faint|p1a: Glimmora\n|\n|-weather|none\n|-sideend|p1: porygon-epilepz|move: Tailwind\n|upkeep\n|\n|t:|1776074558\n|switch|p2a: Garchomp|Garchomp, L50, M|75/100\n|turn|10\n|\n|t:|1776074582\n|move|p2a: Garchomp|Rock Slide|p1b: Corviknight\n|-damage|p1b: Corviknight|60/100\n|move|p1b: Corviknight|Iron Head|p2b: Orthworm\n|-resisted|p2b: Orthworm|1\n|-damage|p2b: Orthworm|6/100\n|cant|p2b: Orthworm|flinch\n|\n|upkeep\n|turn|11\n|\n|t:|1776074596\n|move|p2a: Garchomp|Rock Slide|p1b: Corviknight\n|-damage|p1b: Corviknight|40/100\n|move|p1b: Corviknight|Iron Head|p2b: Orthworm\n|-resisted|p2b: Orthworm|1\n|-damage|p2b: Orthworm|0 fnt\n|faint|p2b: Orthworm\n|\n|upkeep\n|turn|12\n|\n|t:|1776074604\n|move|p2a: Garchomp|Rock Slide|p1b: Corviknight\n|-damage|p1b: Corviknight|19/100\n|move|p1b: Corviknight|Roost|p1b: Corviknight\n|-heal|p1b: Corviknight|69/100\n|-singleturn|p1b: Corviknight|move: Roost\n|\n|upkeep\n|turn|13\n|\n|t:|1776074617\n|move|p2a: Garchomp|Rock Slide|p1b: Corviknight\n|-damage|p1b: Corviknight|48/100\n|move|p1b: Corviknight|Iron Head|p2a: Garchomp\n|-damage|p2a: Garchomp|50/100\n|-damage|p1b: Corviknight|36/100|[from] ability: Rough Skin|[of] p2a: Garchomp\n|\n|upkeep\n|turn|14\n|\n|t:|1776074627\n|move|p2a: Garchomp|Earthquake|p1b: Corviknight\n|-immune|p1b: Corviknight\n|move|p1b: Corviknight|Roost|p1b: Corviknight\n|-heal|p1b: Corviknight|86/100\n|-singleturn|p1b: Corviknight|move: Roost\n|\n|upkeep\n|turn|15\n|\n|t:|1776074635\n|move|p2a: Garchomp|Protect|p2a: Garchomp\n|-singleturn|p2a: Garchomp|Protect\n|move|p1b: Corviknight|Iron Head|p2a: Garchomp\n|-activate|p2a: Garchomp|move: Protect\n|\n|upkeep\n|turn|16\n|\n|t:|1776074646\n|move|p2a: Garchomp|Rock Slide|p1b: Corviknight\n|-damage|p1b: Corviknight|64/100\n|cant|p1b: Corviknight|flinch\n|\n|upkeep\n|turn|17\n|\n|t:|1776074655\n|move|p2a: Garchomp|Protect|p2a: Garchomp\n|-singleturn|p2a: Garchomp|Protect\n|move|p1b: Corviknight|Iron Head|p2a: Garchomp\n|-activate|p2a: Garchomp|move: Protect\n|\n|upkeep\n|turn|18\n|\n|t:|1776074661\n|move|p2a: Garchomp|Rock Slide|p1b: Corviknight\n|-damage|p1b: Corviknight|42/100\n|move|p1b: Corviknight|Iron Head|p2a: Garchomp\n|-damage|p2a: Garchomp|27/100\n|-damage|p1b: Corviknight|30/100|[from] ability: Rough Skin|[of] p2a: Garchomp\n|\n|upkeep\n|turn|19\n|\n|t:|1776074670\n|move|p2a: Garchomp|Rock Slide|p1b: Corviknight\n|-damage|p1b: Corviknight|8/100\n|cant|p1b: Corviknight|flinch\n|\n|upkeep\n|turn|20\n|\n|t:|1776074677\n|move|p2a: Garchomp|Rock Slide|p1b: Corviknight|[miss]\n|-miss|p2a: Garchomp|p1b: Corviknight\n|move|p1b: Corviknight|Roost|p1b: Corviknight\n|-heal|p1b: Corviknight|58/100\n|-singleturn|p1b: Corviknight|move: Roost\n|\n|upkeep\n|turn|21\n|\n|t:|1776074688\n|move|p2a: Garchomp|Rock Slide|p1b: Corviknight\n|-damage|p1b: Corviknight|36/100\n|move|p1b: Corviknight|Brave Bird|p2a: Garchomp\n|-damage|p2a: Garchomp|0 fnt\n|-damage|p1b: Corviknight|24/100|[from] ability: Rough Skin|[of] p2a: Garchomp\n|faint|p2a: Garchomp\n|-damage|p1b: Corviknight|16/100|[from] Recoil\n|\n|win|porygon-epilepz\n|raw|porygon-epilepz's rating: 1097 &rarr; <strong>1119</strong><br />(+22 for winning)\n|raw|Sqinnon's rating: 1047 &rarr; <strong>1032</strong><br />(-15 for losing)\n|l|\u2606Sqinnon\n|player|p2|\n|j| 1#MiraidonHater\n|l|\u2606porygon-epilepz\n|player|p1|\n|j|\u2606porygon-epilepz\n|player|p1|porygon-epilepz|hiker-gen4|\n|l|\u2606porygon-epilepz\n|player|p1|\n|j|\u2606porygon-epilepz\n|player|p1|porygon-epilepz|hiker-gen4|\n",
  "uploadtime": 1776074292,
  "views": 14,
  "formatid": "gen9championsvgc2026regma",
  "rating": 1032,
  "private": 0,
  "password": null
}