{
  "id": "gen9championsvgc2026regma-2585230685",
  "format": "[Gen 9 Champions] VGC 2026 Reg M-A",
  "players": [
    "jobidenkim1557",
    "Pinstress"
  ],
  "log": "|j|\u2606jobidenkim1557\n|j|\u2606Pinstress\n|t:|1776327751\n|gametype|doubles\n|player|p1|jobidenkim1557|battlegirl-gen4|1177\n|player|p2|Pinstress|psychicf-gen4|1107\n|gen|9\n|tier|[Gen 9 Champions] VGC 2026 Reg M-A\n|rated|\n|rule|Species Clause: Limit one of each Pok\u00e9mon\n|rule|Item Clause: Limit 1 of each item\n|clearpoke\n|poke|p1|Incineroar, L50, F|\n|poke|p1|Rhyperior, L50, F|\n|poke|p1|Kangaskhan, L50, F|\n|poke|p1|Delphox, L50, F|\n|poke|p1|Sylveon, L50, F|\n|poke|p1|Sinistcha-Masterpiece, L50|\n|poke|p2|Floette-Eternal, L50, F|\n|poke|p2|Incineroar, L50, M|\n|poke|p2|Sinistcha-Masterpiece, L50|\n|poke|p2|Sneasler, L50, M|\n|poke|p2|Kingambit, L50, F|\n|poke|p2|Aerodactyl, L50, M|\n|teampreview|4\n|inactive|Battle timer is ON: inactive players will automatically lose when time's up. (requested by jobidenkim1557)\n|\n|t:|1776327785\n|teamsize|p1|4\n|teamsize|p2|4\n|start\n|switch|p1a: Rhyperior|Rhyperior, L50, F|100/100\n|switch|p1b: Incineroar|Incineroar, L50, F|100/100\n|switch|p2a: Aerodactyl|Aerodactyl, L50, M|100/100\n|switch|p2b: Sneasler|Sneasler, L50, M|100/100\n|-ability|p2a: Aerodactyl|Unnerve\n|-ability|p1b: Incineroar|Intimidate|boost\n|-unboost|p2a: Aerodactyl|atk|1\n|-unboost|p2b: Sneasler|atk|1\n|-enditem|p2b: Sneasler|White Herb\n|-clearnegativeboost|p2b: Sneasler|[silent]\n|turn|1\n|inactive|Pinstress has 30 seconds left.\n|\n|t:|1776327811\n|switch|p1b: Sinistcha|Sinistcha-Masterpiece, L50|100/100\n|move|p2a: Aerodactyl|Protect|p2a: Aerodactyl\n|-singleturn|p2a: Aerodactyl|Protect\n|move|p1a: Rhyperior|Protect|p1a: Rhyperior\n|-singleturn|p1a: Rhyperior|Protect\n|move|p2b: Sneasler|Close Combat|p1a: Rhyperior\n|-activate|p1a: Rhyperior|move: Protect\n|\n|upkeep\n|turn|2\n|\n|t:|1776327832\n|switch|p1b: Incineroar|Incineroar, L50, F|100/100\n|-ability|p1b: Incineroar|Intimidate|boost\n|-unboost|p2a: Aerodactyl|atk|1\n|-unboost|p2b: Sneasler|atk|1\n|move|p2b: Sneasler|Dire Claw|p1b: Incineroar\n|-damage|p1b: Incineroar|81/100\n|move|p2a: Aerodactyl|Tailwind|p2a: Aerodactyl\n|-sidestart|p2: Pinstress|move: Tailwind\n|move|p1a: Rhyperior|Rock Slide|p2b: Sneasler|[spread] p2a,p2b\n|-supereffective|p2a: Aerodactyl|1\n|-resisted|p2b: Sneasler|1\n|-enditem|p2a: Aerodactyl|Focus Sash\n|-damage|p2a: Aerodactyl|1/100\n|-damage|p2b: Sneasler|72/100\n|\n|upkeep\n|turn|3\n|inactive|Pinstress has 30 seconds left.\n|\n|t:|1776327867\n|switch|p2a: Incineroar|Incineroar, L50, M|100/100\n|-ability|p2a: Incineroar|Intimidate|boost\n|-unboost|p1a: Rhyperior|atk|1\n|-unboost|p1b: Incineroar|atk|1\n|move|p1b: Incineroar|Fake Out|p2b: Sneasler\n|-damage|p2b: Sneasler|61/100\n|cant|p2b: Sneasler|flinch\n|move|p1a: Rhyperior|Rock Slide|p2a: Incineroar|[spread] p2a,p2b\n|-supereffective|p2a: Incineroar|1\n|-resisted|p2b: Sneasler|1\n|-damage|p2a: Incineroar|61/100\n|-damage|p2b: Sneasler|41/100\n|\n|upkeep\n|turn|4\n|inactive|Pinstress has 30 seconds left.\n|inactive|Pinstress has 20 seconds left.\n|\n|t:|1776327903\n|switch|p2b: Floette|Floette-Eternal, L50, F|100/100\n|move|p1a: Rhyperior|Protect|p1a: Rhyperior\n|-singleturn|p1a: Rhyperior|Protect\n|move|p2a: Incineroar|Fake Out|p1b: Incineroar\n|-damage|p1b: Incineroar|74/100\n|cant|p1b: Incineroar|flinch\n|\n|upkeep\n|turn|5\n|\n|t:|1776327920\n|detailschange|p2b: Floette|Floette-Mega, L50, F\n|-mega|p2b: Floette|Floette|Floettite\n|-ability|p2b: Floette|Fairy Aura\n|move|p2b: Floette|Calm Mind|p2b: Floette\n|-boost|p2b: Floette|spa|1\n|-boost|p2b: Floette|spd|1\n|move|p2a: Incineroar|Parting Shot|p1a: Rhyperior\n|-unboost|p1a: Rhyperior|atk|1\n|-unboost|p1a: Rhyperior|spa|1\n|\n|t:|1776327932\n|switch|p2a: Aerodactyl|Aerodactyl, L50, M|1/100|[from] Parting Shot\n|-ability|p2a: Aerodactyl|Unnerve\n|move|p1b: Incineroar|Snarl|p2b: Floette|[spread] p2a,p2b\n|-resisted|p2b: Floette|1\n|-damage|p2a: Aerodactyl|0 fnt\n|-damage|p2b: Floette|98/100\n|-unboost|p2b: Floette|spa|1\n|faint|p2a: Aerodactyl\n|move|p1a: Rhyperior|Rock Slide|p2b: Floette\n|-damage|p2b: Floette|75/100\n|\n|-sideend|p2: Pinstress|move: Tailwind\n|upkeep\n|\n|t:|1776327945\n|switch|p2a: Incineroar|Incineroar, L50, M|61/100\n|-ability|p2a: Incineroar|Intimidate|boost\n|-unboost|p1a: Rhyperior|atk|1\n|-unboost|p1b: Incineroar|atk|1\n|turn|6\n|\n|t:|1776327966\n|switch|p1a: Sinistcha|Sinistcha-Masterpiece, L50|100/100\n|-heal|p1b: Incineroar|99/100|[from] ability: Hospitality|[of] p1a: Sinistcha\n|move|p2a: Incineroar|Fake Out|p1b: Incineroar\n|-damage|p1b: Incineroar|91/100\n|move|p2b: Floette|Calm Mind|p2b: Floette\n|-boost|p2b: Floette|spa|1\n|-boost|p2b: Floette|spd|1\n|cant|p1b: Incineroar|flinch\n|\n|upkeep\n|turn|7\n|\n|t:|1776327983\n|move|p2b: Floette|Dazzling Gleam|p1a: Sinistcha|[spread] p1a,p1b\n|-damage|p1a: Sinistcha|20/100\n|-damage|p1b: Incineroar|19/100\n|-enditem|p1a: Sinistcha|Sitrus Berry|[eat]\n|-heal|p1a: Sinistcha|44/100|[from] item: Sitrus Berry\n|move|p1a: Sinistcha|Matcha Gotcha|p2b: Floette|[spread] p2a,p2b\n|-resisted|p2a: Incineroar|1\n|-damage|p2a: Incineroar|52/100\n|-heal|p1a: Sinistcha|49/100|[from] drain|[of] p2a: Incineroar\n|-damage|p2b: Floette|66/100\n|-heal|p1a: Sinistcha|54/100|[from] drain|[of] p2b: Floette\n|move|p1b: Incineroar|Snarl|p2a: Incineroar|[spread] p2a,p2b\n|-resisted|p2a: Incineroar|1\n|-resisted|p2b: Floette|1\n|-damage|p2a: Incineroar|48/100\n|-damage|p2b: Floette|65/100\n|-unboost|p2a: Incineroar|spa|1\n|-unboost|p2b: Floette|spa|1\n|move|p2a: Incineroar|Darkest Lariat|p1a: Sinistcha\n|-supereffective|p1a: Sinistcha|1\n|-damage|p1a: Sinistcha|3/100\n|\n|upkeep\n|turn|8\n|\n|t:|1776328006\n|switch|p2a: Sneasler|Sneasler, L50, M|41/100\n|move|p1a: Sinistcha|Protect|p1a: Sinistcha\n|-singleturn|p1a: Sinistcha|Protect\n|move|p2b: Floette|Dazzling Gleam|p1b: Incineroar|[spread] p1b\n|-activate|p1a: Sinistcha|move: Protect\n|-damage|p1b: Incineroar|0 fnt\n|faint|p1b: Incineroar\n|\n|upkeep\n|\n|t:|1776328014\n|switch|p1b: Rhyperior|Rhyperior, L50, F|100/100\n|turn|9\n|\n|t:|1776328025\n|move|p1b: Rhyperior|Protect|p1b: Rhyperior\n|-singleturn|p1b: Rhyperior|Protect\n|move|p2a: Sneasler|Dire Claw|p1a: Sinistcha\n|-crit|p1a: Sinistcha\n|-damage|p1a: Sinistcha|0 fnt\n|faint|p1a: Sinistcha\n|move|p2b: Floette|Moonblast|p1b: Rhyperior\n|-activate|p1b: Rhyperior|move: Protect\n|\n|upkeep\n|\n|t:|1776328030\n|switch|p1a: Delphox|Delphox, L50, F|100/100\n|turn|10\n|inactive|Pinstress has 30 seconds left.\n|\n|t:|1776328056\n|detailschange|p1a: Delphox|Delphox-Mega, L50, F\n|-mega|p1a: Delphox|Delphox|Delphoxite\n|move|p2b: Floette|Protect|p2b: Floette\n|-singleturn|p2b: Floette|Protect\n|move|p1a: Delphox|Heat Wave|p2a: Sneasler|[spread] p2a\n|-activate|p2b: Floette|move: Protect\n|-damage|p2a: Sneasler|0 fnt\n|faint|p2a: Sneasler\n|move|p1b: Rhyperior|Earthquake|p2b: Floette|[spread] \n|-activate|p2b: Floette|move: Protect\n|-immune|p1a: Delphox|[from] ability: Levitate\n|\n|upkeep\n|\n|t:|1776328067\n|switch|p2a: Incineroar|Incineroar, L50, M|48/100\n|-ability|p2a: Incineroar|Intimidate|boost\n|-unboost|p1a: Delphox|atk|1\n|-unboost|p1b: Rhyperior|atk|1\n|turn|11\n|inactive|Pinstress has 30 seconds left.\n|\n|t:|1776328093\n|move|p1b: Rhyperior|Protect|p1b: Rhyperior\n|-singleturn|p1b: Rhyperior|Protect\n|move|p2a: Incineroar|Fake Out|p1b: Rhyperior\n|-activate|p1b: Rhyperior|move: Protect\n|move|p1a: Delphox|Heat Wave|p2a: Incineroar|[spread] p2a,p2b\n|-resisted|p2a: Incineroar|1\n|-damage|p2a: Incineroar|32/100\n|-damage|p2b: Floette|50/100\n|move|p2b: Floette|Calm Mind|p2b: Floette\n|-boost|p2b: Floette|spa|1\n|-boost|p2b: Floette|spd|1\n|\n|upkeep\n|turn|12\n|\n|t:|1776328111\n|move|p1a: Delphox|Heat Wave|p2b: Floette|[spread] p2a,p2b\n|-resisted|p2a: Incineroar|1\n|-damage|p2a: Incineroar|15/100\n|-damage|p2b: Floette|39/100\n|move|p2b: Floette|Dazzling Gleam|p1b: Rhyperior|[spread] p1a,p1b\n|-resisted|p1a: Delphox|1\n|-damage|p1a: Delphox|63/100\n|-damage|p1b: Rhyperior|23/100\n|move|p2a: Incineroar|Parting Shot|p1b: Rhyperior\n|-unboost|p1b: Rhyperior|atk|1\n|-unboost|p1b: Rhyperior|spa|1\n|move|p1b: Rhyperior|Earthquake|p2a: Incineroar|[spread] p2a,p2b\n|-immune|p1a: Delphox|[from] ability: Levitate\n|-supereffective|p2a: Incineroar|1\n|-damage|p2a: Incineroar|0 fnt\n|-damage|p2b: Floette|17/100\n|faint|p2a: Incineroar\n|\n|-heal|p1b: Rhyperior|29/100|[from] item: Leftovers\n|upkeep\n|turn|13\n|\n|t:|1776328132\n|move|p1a: Delphox|Psychic|p2b: Floette\n|-crit|p2b: Floette\n|-damage|p2b: Floette|0 fnt\n|faint|p2b: Floette\n|\n|win|jobidenkim1557\n|raw|jobidenkim1557's rating: 1177 &rarr; <strong>1197</strong><br />(+20 for winning)\n|raw|Pinstress's rating: 1107 &rarr; <strong>1087</strong><br />(-20 for losing)\n",
  "uploadtime": 1776328137,
  "views": 23,
  "formatid": "gen9championsvgc2026regma",
  "rating": 1087,
  "private": 0,
  "password": null
}