{
  "id": "gen9championsvgc2026regma-2587718900",
  "format": "[Gen 9 Champions] VGC 2026 Reg M-A",
  "players": [
    "wazbois",
    "NewsDeivid"
  ],
  "log": "|j|\u2606wazbois\n|j|\u2606NewsDeivid\n|t:|1776557072\n|gametype|doubles\n|player|p1|wazbois|janitor|1163\n|player|p2|NewsDeivid|102|1088\n|gen|9\n|tier|[Gen 9 Champions] VGC 2026 Reg M-A\n|rated|\n|rule|Species Clause: Limit one of each Pok\u00e9mon\n|rule|Item Clause: Limit 1 of each item\n|clearpoke\n|poke|p1|Chimecho, L50, F|\n|poke|p1|Sinistcha-Masterpiece, L50|\n|poke|p1|Incineroar, L50, F|\n|poke|p1|Mudsdale, L50, F|\n|poke|p1|Slowbro, L50, M|\n|poke|p1|Talonflame, L50, M|\n|poke|p2|Floette-Eternal, L50, F, shiny|\n|poke|p2|Garchomp, L50, M|\n|poke|p2|Corviknight, L50, F, shiny|\n|poke|p2|Sneasler, L50, F|\n|poke|p2|Kingambit, L50, M|\n|poke|p2|Incineroar, L50, M|\n|teampreview|4\n|inactive|Battle timer is ON: inactive players will automatically lose when time's up. (requested by wazbois)\nwazbois has agreed to open team sheets.\n|inactive|wazbois has 60 seconds left.\n|inactive|NewsDeivid has 60 seconds left.\n|\n|t:|1776557119\n|teamsize|p1|4\n|teamsize|p2|4\n|start\n|switch|p1a: Sinistcha|Sinistcha-Masterpiece, L50|100/100\n|switch|p1b: Talonflame|Talonflame, L50, M|100/100\n|switch|p2a: Floette|Floette-Eternal, L50, F, shiny|100/100\n|switch|p2b: Garchomp|Garchomp, L50, M|100/100\n|turn|1\n|inactive|NewsDeivid has 30 seconds left.\n|inactive|wazbois has 30 seconds left.\n|\n|t:|1776557161\n|detailschange|p2a: Floette|Floette-Mega, L50, F, shiny\n|-mega|p2a: Floette|Floette|Floettite\n|-ability|p2a: Floette|Fairy Aura\n|move|p2b: Garchomp|Crunch|p1a: Sinistcha\n|-supereffective|p1a: Sinistcha|1\n|-damage|p1a: Sinistcha|58/100\n|move|p1b: Talonflame|Brave Bird|p2a: Floette\n|-damage|p2a: Floette|37/100\n|-damage|p1b: Talonflame|76/100|[from] Recoil\n|move|p2a: Floette|Calm Mind|p2a: Floette\n|-boost|p2a: Floette|spa|1\n|-boost|p2a: Floette|spd|1\n|move|p1a: Sinistcha|Matcha Gotcha|p2b: Garchomp|[spread] p2a,p2b\n|-damage|p2a: Floette|25/100\n|-heal|p1a: Sinistcha|64/100|[from] drain|[of] p2a: Floette\n|-damage|p2b: Garchomp|76/100\n|-heal|p1a: Sinistcha|77/100|[from] drain|[of] p2b: Garchomp\n|-status|p2a: Floette|brn\n|\n|-damage|p2a: Floette|19/100 brn|[from] brn\n|upkeep\n|turn|2\n|inactive|wazbois has 30 seconds left.\n|inactive|NewsDeivid has 30 seconds left.\n|\n|t:|1776557187\n|move|p2a: Floette|Protect|p2a: Floette\n|-singleturn|p2a: Floette|Protect\n|move|p2b: Garchomp|Crunch|p1a: Sinistcha\n|-supereffective|p1a: Sinistcha|1\n|-damage|p1a: Sinistcha|40/100\n|move|p1b: Talonflame|Brave Bird|p2a: Floette\n|-activate|p2a: Floette|move: Protect\n|move|p1a: Sinistcha|Trick Room|p1a: Sinistcha\n|-fieldstart|move: Trick Room|[of] p1a: Sinistcha\n|\n|-damage|p2a: Floette|13/100 brn|[from] brn\n|upkeep\n|turn|3\n|\n|t:|1776557208\n|switch|p2a: Incineroar|Incineroar, L50, M|100/100\n|-ability|p2a: Incineroar|Intimidate|boost\n|-unboost|p1a: Sinistcha|atk|1\n|-unboost|p1b: Talonflame|atk|1\n|move|p1a: Sinistcha|Life Dew|p1a: Sinistcha|[spread] p1a,p1b\n|-heal|p1a: Sinistcha|66/100\n|-heal|p1b: Talonflame|100/100\n|move|p1b: Talonflame|Brave Bird|p2a: Incineroar\n|-damage|p2a: Incineroar|69/100\n|-damage|p1b: Talonflame|87/100|[from] Recoil\n|move|p2b: Garchomp|Crunch|p1a: Sinistcha\n|-supereffective|p1a: Sinistcha|1\n|-damage|p1a: Sinistcha|27/100\n|-unboost|p1a: Sinistcha|def|1\n|\n|upkeep\n|turn|4\n|\n|t:|1776557225\n|move|p2a: Incineroar|Fake Out|p1b: Talonflame\n|-damage|p1b: Talonflame|71/100\n|-immune|p2a: Incineroar\n|move|p1a: Sinistcha|Life Dew|p1a: Sinistcha|[spread] p1a,p1b\n|-heal|p1a: Sinistcha|53/100\n|-heal|p1b: Talonflame|97/100\n|cant|p1b: Talonflame|flinch\n|move|p2b: Garchomp|Crunch|p1a: Sinistcha\n|-supereffective|p1a: Sinistcha|1\n|-damage|p1a: Sinistcha|0 fnt\n|faint|p1a: Sinistcha\n|\n|upkeep\n|\n|t:|1776557239\n|switch|p1a: Chimecho|Chimecho, L50, F|100/100\n|turn|5\n|\n|t:|1776557246\n|switch|p2b: Sneasler|Sneasler, L50, F|100/100\n|detailschange|p1a: Chimecho|Chimecho-Mega, L50, F\n|-mega|p1a: Chimecho|Chimecho|Chimechite\n|move|p2a: Incineroar|Protect|p2a: Incineroar\n|-singleturn|p2a: Incineroar|Protect\n|move|p1a: Chimecho|Dazzling Gleam|p2a: Incineroar|[spread] p2b\n|-activate|p2a: Incineroar|move: Protect\n|-damage|p2b: Sneasler|74/100\n|move|p1b: Talonflame|Brave Bird|p2a: Incineroar\n|-activate|p2a: Incineroar|move: Protect\n|\n|upkeep\n|turn|6\n|inactive|NewsDeivid has 30 seconds left.\n|\n|t:|1776557273\n|move|p2b: Sneasler|Fake Out|p1b: Talonflame\n|-damage|p1b: Talonflame|72/100\n|move|p1a: Chimecho|Psyshock|p2b: Sneasler\n|-supereffective|p2b: Sneasler|2\n|-damage|p2b: Sneasler|0 fnt\n|faint|p2b: Sneasler\n|move|p2a: Incineroar|Flare Blitz|p1a: Chimecho\n|-supereffective|p1a: Chimecho|1\n|-damage|p1a: Chimecho|0 fnt\n|faint|p1a: Chimecho\n|-damage|p2a: Incineroar|44/100|[from] Recoil\n|-enditem|p2a: Incineroar|Sitrus Berry|[eat]\n|-heal|p2a: Incineroar|69/100|[from] item: Sitrus Berry\n|cant|p1b: Talonflame|flinch\n|\n|-fieldend|move: Trick Room\n|upkeep\n|\n|t:|1776557289\n|switch|p2b: Floette|Floette-Mega, L50, F, shiny|13/100 brn\n|switch|p1a: Slowbro|Slowbro, L50, M|100/100\n|-ability|p2b: Floette|Fairy Aura\n|turn|7\n|\n|t:|1776557306\n|move|p2b: Floette|Protect|p2b: Floette\n|-singleturn|p2b: Floette|Protect\n|move|p1b: Talonflame|Brave Bird|p2b: Floette\n|-activate|p2b: Floette|move: Protect\n|move|p2a: Incineroar|Flare Blitz|p1b: Talonflame\n|-resisted|p1b: Talonflame|1\n|-damage|p1b: Talonflame|35/100\n|-damage|p2a: Incineroar|59/100|[from] Recoil\n|move|p1a: Slowbro|Scald|p2a: Incineroar\n|-supereffective|p2a: Incineroar|1\n|-damage|p2a: Incineroar|9/100\n|\n|-damage|p2b: Floette|7/100 brn|[from] brn\n|upkeep\n|turn|8\n|inactive|NewsDeivid has 30 seconds left.\n|inactive|NewsDeivid has 20 seconds left.\n|\n|t:|1776557344\n|switch|p2b: Garchomp|Garchomp, L50, M|76/100\n|move|p1b: Talonflame|Brave Bird|p2b: Garchomp\n|-damage|p2b: Garchomp|42/100\n|-damage|p1b: Talonflame|23/100|[from] ability: Rough Skin|[of] p2b: Garchomp\n|-damage|p1b: Talonflame|8/100|[from] Recoil\n|move|p2a: Incineroar|Parting Shot|p1b: Talonflame\n|-unboost|p1b: Talonflame|atk|1\n|-unboost|p1b: Talonflame|spa|1\n|\n|t:|1776557354\n|switch|p2a: Floette|Floette-Mega, L50, F, shiny|7/100 brn|[from] Parting Shot\n|-ability|p2a: Floette|Fairy Aura\n|move|p1a: Slowbro|Scald|p2a: Floette\n|-damage|p2a: Floette|0 fnt\n|faint|p2a: Floette\n|\n|upkeep\n|\n|t:|1776557362\n|switch|p2a: Incineroar|Incineroar, L50, M|9/100\n|-ability|p2a: Incineroar|Intimidate|boost\n|-unboost|p1a: Slowbro|atk|1\n|-unboost|p1b: Talonflame|atk|1\n|turn|9\n|\n|t:|1776557385\n|move|p2a: Incineroar|Fake Out|p1b: Talonflame\n|-damage|p1b: Talonflame|0 fnt\n|faint|p1b: Talonflame\n|move|p2b: Garchomp|Crunch|p1a: Slowbro\n|-supereffective|p1a: Slowbro|1\n|-damage|p1a: Slowbro|63/100\n|move|p1a: Slowbro|Scald|p2b: Garchomp\n|-damage|p2b: Garchomp|10/100\n|\n|upkeep\n|turn|10\n|\n|t:|1776557397\n|move|p2b: Garchomp|Crunch|p1a: Slowbro\n|-supereffective|p1a: Slowbro|1\n|-damage|p1a: Slowbro|22/100\n|move|p2a: Incineroar|Flare Blitz|p1a: Slowbro\n|-resisted|p1a: Slowbro|1\n|-damage|p1a: Slowbro|8/100\n|-damage|p2a: Incineroar|4/100|[from] Recoil\n|move|p1a: Slowbro|Scald|p2b: Garchomp\n|-damage|p2b: Garchomp|0 fnt\n|faint|p2b: Garchomp\n|\n|upkeep\n|turn|11\n|\n|t:|1776557411\n|move|p2a: Incineroar|Flare Blitz|p1a: Slowbro\n|-resisted|p1a: Slowbro|1\n|-damage|p1a: Slowbro|0 fnt\n|faint|p1a: Slowbro\n|-damage|p2a: Incineroar|1/100|[from] Recoil\n|\n|win|NewsDeivid\n|raw|wazbois's rating: 1163 &rarr; <strong>1133</strong><br />(-30 for losing)\n|raw|NewsDeivid's rating: 1088 &rarr; <strong>1120</strong><br />(+32 for winning)\n|l|\u2606wazbois\n|player|p1|\n",
  "uploadtime": 1776557421,
  "views": 18,
  "formatid": "gen9championsvgc2026regma",
  "rating": 1120,
  "private": 0,
  "password": null
}