{
  "id": "gen9championsvgc2026regma-2581376820",
  "format": "[Gen 9 Champions] VGC 2026 Reg M-A",
  "players": [
    "jfreson",
    "achbeet"
  ],
  "log": "|j|\u2606jfreson\n|j|\u2606achbeet\n|t:|1775993648\n|gametype|doubles\n|player|p1|jfreson|ghetsis-gen5bw|1021\n|player|p2|achbeet|102|1111\n|gen|9\n|tier|[Gen 9 Champions] VGC 2026 Reg M-A\n|rated|\n|rule|Species Clause: Limit one of each Pok\u00e9mon\n|rule|Item Clause: Limit 1 of each item\n|clearpoke\n|poke|p1|Hawlucha, L50, F|\n|poke|p1|Snorlax, L50, M|\n|poke|p1|Incineroar, L50, M|\n|poke|p1|Glimmora, L50, M|\n|poke|p1|Sinistcha, L50|\n|poke|p1|Rotom-Wash, L50|\n|poke|p2|Hydrapple, L50, M|\n|poke|p2|Klefki, L50, M|\n|poke|p2|Starmie, L50|\n|poke|p2|Glimmora, L50, M|\n|poke|p2|Dragonite, L50, F|\n|poke|p2|Excadrill, L50, M|\n|teampreview|4\njfreson rejected open team sheets.\n|\n|t:|1775993700\n|teamsize|p1|4\n|teamsize|p2|4\n|start\n|switch|p1a: Rotom|Rotom-Wash, L50|100/100\n|switch|p1b: Snorlax|Snorlax, L50, M|100/100\n|switch|p2a: Dragonite|Dragonite, L50, F|100/100\n|switch|p2b: Excadrill|Excadrill, L50, M|100/100\n|-ability|p2b: Excadrill|Mold Breaker\n|turn|1\n|\n|t:|1775993717\n|move|p1a: Rotom|Hydro Pump|p2b: Excadrill\n|-supereffective|p2b: Excadrill|1\n|-damage|p2b: Excadrill|0 fnt\n|faint|p2b: Excadrill\n|move|p2a: Dragonite|Dragon Claw|p1a: Rotom\n|-damage|p1a: Rotom|19/100\n|move|p1b: Snorlax|Smack Down|p2a: Dragonite\n|-supereffective|p2a: Dragonite|1\n|-damage|p2a: Dragonite|85/100\n|-start|p2a: Dragonite|Smack Down\n|\n|upkeep\n|\n|t:|1775993726\n|switch|p2b: Hydrapple|Hydrapple, L50, M|100/100\n|-ability|p2b: Hydrapple|Supersweet Syrup\n|-unboost|p1a: Rotom|evasion|1\n|-unboost|p1b: Snorlax|evasion|1\n|turn|2\n|\n|t:|1775993751\n|move|p2a: Dragonite|Protect|p2a: Dragonite\n|-singleturn|p2a: Dragonite|Protect\n|move|p1b: Snorlax|Protect|p1b: Snorlax\n|-singleturn|p1b: Snorlax|Protect\n|move|p1a: Rotom|Hydro Pump|p2a: Dragonite\n|-activate|p2a: Dragonite|move: Protect\n|move|p2b: Hydrapple|Dragon Cheer|p2a: Dragonite\n|-start|p2a: Dragonite|move: Dragon Cheer\n|\n|upkeep\n|turn|3\n|\n|t:|1775993766\n|move|p1a: Rotom|Hydro Pump|p2a: Dragonite\n|-resisted|p2a: Dragonite|1\n|-damage|p2a: Dragonite|56/100\n|move|p2a: Dragonite|Dragon Claw|p1b: Snorlax\n|-damage|p1b: Snorlax|65/100\n|move|p2b: Hydrapple|Fickle Beam|p1a: Rotom|[anim] Fickle Beam All Out\n|-activate|p2b: Hydrapple|move: Fickle Beam\n|-damage|p1a: Rotom|0 fnt\n|faint|p1a: Rotom\n|move|p1b: Snorlax|Fissure|p2b: Hydrapple\n|-damage|p2b: Hydrapple|0 fnt\n|faint|p2b: Hydrapple\n|-ohko\n|\n|-heal|p1b: Snorlax|71/100|[from] item: Leftovers\n|upkeep\n|\n|t:|1775993785\n|switch|p1a: Hawlucha|Hawlucha, L50, F|100/100\n|switch|p2b: Starmie|Starmie, L50|100/100\n|turn|4\n|\n|t:|1775993799\n|detailschange|p1a: Hawlucha|Hawlucha-Mega, L50, F\n|-mega|p1a: Hawlucha|Hawlucha|Hawluchanite\n|move|p2b: Starmie|Psychic|p1a: Hawlucha\n|-supereffective|p1a: Hawlucha|1\n|-damage|p1a: Hawlucha|18/100\n|move|p1a: Hawlucha|Entrainment|p1b: Snorlax\n|-ability|p1b: Snorlax|No Guard|Thick Fat|[from] move: Entrainment|[of] p1a: Hawlucha\n|move|p2a: Dragonite|Dragon Claw|p1b: Snorlax\n|-crit|p1b: Snorlax\n|-damage|p1b: Snorlax|15/100\n|move|p1b: Snorlax|Fissure|p2a: Dragonite\n|-damage|p2a: Dragonite|0 fnt\n|faint|p2a: Dragonite\n|-ohko\n|\n|-heal|p1b: Snorlax|21/100|[from] item: Leftovers\n|upkeep\n|turn|5\n|\n|t:|1775993827\n|switch|p1a: Sinistcha|Sinistcha, L50|100/100\n|-heal|p1b: Snorlax|46/100|[from] ability: Hospitality|[of] p1a: Sinistcha\n|move|p2b: Starmie|Psychic|p1b: Snorlax\n|-damage|p1b: Snorlax|23/100\n|move|p1b: Snorlax|Fissure|p2b: Starmie\n|-enditem|p2b: Starmie|Focus Sash\n|-damage|p2b: Starmie|1/100\n|\n|-heal|p1b: Snorlax|29/100|[from] item: Leftovers\n|upkeep\n|turn|6\n|\n|t:|1775993843\n|move|p1b: Snorlax|Protect|p1b: Snorlax\n|-singleturn|p1b: Snorlax|Protect\n|move|p2b: Starmie|Psychic|p1b: Snorlax\n|-activate|p1b: Snorlax|move: Protect\n|move|p1a: Sinistcha|Matcha Gotcha|p2b: Starmie\n|-supereffective|p2b: Starmie|1\n|-damage|p2b: Starmie|0 fnt\n|faint|p2b: Starmie\n|\n|win|jfreson\n|raw|jfreson's rating: 1021 &rarr; <strong>1064</strong><br />(+43 for winning)\n|raw|achbeet's rating: 1082 &rarr; <strong>1056</strong><br />(-26 for losing)\n",
  "uploadtime": 1775993853,
  "views": 17,
  "formatid": "gen9championsvgc2026regma",
  "rating": 1056,
  "private": 0,
  "password": null
}