{
  "id": "gen9championsvgc2026regma-2587167215",
  "format": "[Gen 9 Champions] VGC 2026 Reg M-A",
  "players": [
    "KMMULLER2020",
    "Effe97"
  ],
  "log": "|j|\u2606KMMULLER2020\n|j|\u2606Effe97\n|t:|1776503285\n|gametype|doubles\n|player|p1|KMMULLER2020|nate|1269\n|player|p2|Effe97|1|1203\n|gen|9\n|tier|[Gen 9 Champions] VGC 2026 Reg M-A\n|rated|\n|rule|Species Clause: Limit one of each Pok\u00e9mon\n|rule|Item Clause: Limit 1 of each item\n|clearpoke\n|poke|p1|Gardevoir, L50, M|\n|poke|p1|Kingambit, L50, F|\n|poke|p1|Ninetales-Alola, L50, F|\n|poke|p1|Arcanine-Hisui, L50, M|\n|poke|p1|Garchomp, L50, F|\n|poke|p1|Gyarados, L50, F|\n|poke|p2|Gengar, L50, M|\n|poke|p2|Incineroar, L50, M|\n|poke|p2|Politoed, L50, F|\n|poke|p2|Basculegion, L50, M|\n|poke|p2|Sneasler, L50, F|\n|poke|p2|Orthworm, L50, F|\n|teampreview|4\n|inactive|Battle timer is ON: inactive players will automatically lose when time's up. (requested by KMMULLER2020)\n|inactive|Effe97 has 60 seconds left.\n|\n|t:|1776503339\n|teamsize|p1|4\n|teamsize|p2|4\n|start\n|switch|p1a: Arcanine|Arcanine-Hisui, L50, M|100/100\n|switch|p1b: Kingambit|Kingambit, L50, F|100/100\n|switch|p2a: Sneasler|Sneasler, L50, F|100/100\n|switch|p2b: Politoed|Politoed, L50, F|100/100\n|-ability|p1a: Arcanine|Intimidate|boost\n|-unboost|p2a: Sneasler|atk|1\n|-unboost|p2b: Politoed|atk|1\n|-weather|RainDance|[from] ability: Drizzle|[of] p2b: Politoed\n|-enditem|p2a: Sneasler|White Herb\n|-clearnegativeboost|p2a: Sneasler|[silent]\n|turn|1\n|inactive|KMMULLER2020 has 30 seconds left.\n|inactive|KMMULLER2020 has 20 seconds left.\n|inactive|KMMULLER2020 has 15 seconds left.\n|inactive|KMMULLER2020 has 10 seconds left.\n|\n|t:|1776503386\n|switch|p1b: Gyarados|Gyarados, L50, F|100/100\n|-ability|p1b: Gyarados|Intimidate|boost\n|-unboost|p2a: Sneasler|atk|1\n|-unboost|p2b: Politoed|atk|1\n|move|p1a: Arcanine|Protect|p1a: Arcanine\n|-singleturn|p1a: Arcanine|Protect\n|move|p2a: Sneasler|Close Combat|p1b: Gyarados\n|-resisted|p1b: Gyarados|1\n|-damage|p1b: Gyarados|79/100\n|-unboost|p2a: Sneasler|def|1\n|-unboost|p2a: Sneasler|spd|1\n|move|p2b: Politoed|Weather Ball|p1a: Arcanine\n|-activate|p1a: Arcanine|move: Protect\n|\n|-weather|RainDance|[upkeep]\n|upkeep\n|turn|2\n|\n|t:|1776503403\n|switch|p2a: Orthworm|Orthworm, L50, F|100/100\n|switch|p1a: Garchomp|Garchomp, L50, F|100/100\n|detailschange|p1b: Gyarados|Gyarados-Mega, L50, F\n|-mega|p1b: Gyarados|Gyarados|Gyaradosite\n|-ability|p1b: Gyarados|Mold Breaker\n|move|p1b: Gyarados|Dragon Dance|p1b: Gyarados\n|-boost|p1b: Gyarados|atk|1\n|-boost|p1b: Gyarados|spe|1\n|move|p2b: Politoed|Weather Ball|p1a: Garchomp\n|-damage|p1a: Garchomp|56/100\n|\n|-weather|RainDance|[upkeep]\n|upkeep\n|turn|3\n|\n|t:|1776503422\n|move|p1a: Garchomp|Dragon Claw|p2b: Politoed\n|-damage|p2b: Politoed|51/100\n|move|p1b: Gyarados|Waterfall|p2a: Orthworm\n|-damage|p2a: Orthworm|44/100\n|move|p2b: Politoed|Icy Wind|p1b: Gyarados|[spread] p1a,p1b\n|-supereffective|p1a: Garchomp|2\n|-resisted|p1b: Gyarados|1\n|-damage|p1a: Garchomp|17/100\n|-damage|p1b: Gyarados|77/100\n|-unboost|p1a: Garchomp|spe|1\n|-unboost|p1b: Gyarados|spe|1\n|move|p2a: Orthworm|Body Press|p1b: Gyarados\n|-supereffective|p1b: Gyarados|1\n|-damage|p1b: Gyarados|17/100\n|\n|-weather|RainDance|[upkeep]\n|-heal|p2a: Orthworm|50/100|[from] item: Leftovers\n|upkeep\n|turn|4\n|\n|t:|1776503446\n|move|p1a: Garchomp|Dragon Claw|p2b: Politoed\n|-damage|p2b: Politoed|3/100\n|-enditem|p2b: Politoed|Sitrus Berry|[eat]\n|-heal|p2b: Politoed|27/100|[from] item: Sitrus Berry\n|move|p1b: Gyarados|Waterfall|p2a: Orthworm\n|-damage|p2a: Orthworm|0 fnt\n|faint|p2a: Orthworm\n|move|p2b: Politoed|Icy Wind|p1a: Garchomp|[spread] p1a,p1b\n|-supereffective|p1a: Garchomp|2\n|-resisted|p1b: Gyarados|1\n|-damage|p1a: Garchomp|0 fnt\n|-damage|p1b: Gyarados|15/100\n|-unboost|p1b: Gyarados|spe|1\n|faint|p1a: Garchomp\n|\n|-weather|RainDance|[upkeep]\n|upkeep\n|\n|t:|1776503464\n|switch|p1a: Arcanine|Arcanine-Hisui, L50, M|100/100\n|switch|p2a: Sneasler|Sneasler, L50, F|100/100\n|-ability|p1a: Arcanine|Intimidate|boost\n|-unboost|p2a: Sneasler|atk|1\n|-unboost|p2b: Politoed|atk|1\n|turn|5\n|\n|t:|1776503474\n|switch|p1a: Kingambit|Kingambit, L50, F|100/100\n|move|p2a: Sneasler|Fake Out|p1b: Gyarados\n|-damage|p1b: Gyarados|7/100\n|move|p2b: Politoed|Icy Wind|p1b: Gyarados|[spread] p1a,p1b\n|-resisted|p1a: Kingambit|1\n|-resisted|p1b: Gyarados|1\n|-damage|p1a: Kingambit|96/100\n|-damage|p1b: Gyarados|4/100\n|-unboost|p1a: Kingambit|spe|1\n|-ability|p1a: Kingambit|Defiant|boost\n|-boost|p1a: Kingambit|atk|2\n|-unboost|p1b: Gyarados|spe|1\n|cant|p1b: Gyarados|flinch\n|\n|-weather|none\n|upkeep\n|turn|6\n|\n|t:|1776503497\n|move|p1a: Kingambit|Sucker Punch|p2b: Politoed\n|-damage|p2b: Politoed|0 fnt\n|faint|p2b: Politoed\n|move|p2a: Sneasler|Close Combat|p1a: Kingambit\n|-supereffective|p1a: Kingambit|2\n|-damage|p1a: Kingambit|0 fnt\n|-unboost|p2a: Sneasler|def|1\n|-unboost|p2a: Sneasler|spd|1\n|faint|p1a: Kingambit\n|move|p1b: Gyarados|Waterfall|p2a: Sneasler\n|-damage|p2a: Sneasler|0 fnt\n|faint|p2a: Sneasler\n|\n|upkeep\n|\n|t:|1776503508\n|switch|p2a: Gengar|Gengar, L50, M|100/100\n|switch|p1a: Arcanine|Arcanine-Hisui, L50, M|100/100\n|-ability|p1a: Arcanine|Intimidate|boost\n|-unboost|p2a: Gengar|atk|1\n|turn|7\n|\n|t:|1776503516\n|detailschange|p2a: Gengar|Gengar-Mega, L50, M\n|-mega|p2a: Gengar|Gengar|Gengarite\n|move|p2a: Gengar|Sludge Bomb|p1b: Gyarados\n|-damage|p1b: Gyarados|0 fnt\n|faint|p1b: Gyarados\n|move|p1a: Arcanine|Flare Blitz|p2a: Gengar\n|-damage|p2a: Gengar|17/100\n|-damage|p1a: Arcanine|80/100|[from] Recoil\n|\n|upkeep\n|turn|8\n|\n|t:|1776503525\n|move|p2a: Gengar|Shadow Ball|p1a: Arcanine\n|-damage|p1a: Arcanine|24/100\n|move|p1a: Arcanine|Flare Blitz|p2a: Gengar\n|-damage|p2a: Gengar|0 fnt\n|faint|p2a: Gengar\n|-damage|p1a: Arcanine|20/100|[from] Recoil\n|\n|win|KMMULLER2020\n|raw|KMMULLER2020's rating: 1269 &rarr; <strong>1289</strong><br />(+20 for winning)\n|raw|Effe97's rating: 1203 &rarr; <strong>1183</strong><br />(-20 for losing)\n|l|\u2606Effe97\n|player|p2|\n",
  "uploadtime": 1776503546,
  "views": 16,
  "formatid": "gen9championsvgc2026regma",
  "rating": 1183,
  "private": 0,
  "password": null
}