{
  "id": "gen9championsvgc2026regma-2582107579",
  "format": "[Gen 9 Champions] VGC 2026 Reg M-A",
  "players": [
    "henitusec",
    "Oxajn"
  ],
  "log": "|j|\u2606henitusec\n|j|\u2606Oxajn\n|t:|1776058825\n|gametype|doubles\n|player|p1|henitusec|volo|1111\n|player|p2|Oxajn|drayden|1031\n|gen|9\n|tier|[Gen 9 Champions] VGC 2026 Reg M-A\n|rated|\n|rule|Species Clause: Limit one of each Pok\u00e9mon\n|rule|Item Clause: Limit 1 of each item\n|clearpoke\n|poke|p1|Froslass, L50, F|\n|poke|p1|Garchomp, L50, F|\n|poke|p1|Rotom-Frost, L50|\n|poke|p1|Empoleon, L50, M|\n|poke|p1|Incineroar, L50, M|\n|poke|p1|Kingambit, L50, F|\n|poke|p2|Sableye, L50, M|\n|poke|p2|Avalugg-Hisui, L50, F|\n|poke|p2|Hawlucha, L50, M|\n|poke|p2|Arcanine, L50, M|\n|poke|p2|Hydrapple, L50, M|\n|poke|p2|Whimsicott, L50, F|\n|teampreview|4\n|inactive|Battle timer is ON: inactive players will automatically lose when time's up. (requested by henitusec)\nhenitusec rejected open team sheets.\n|inactive|Oxajn has 60 seconds left.\n|\n|t:|1776058870\n|teamsize|p1|4\n|teamsize|p2|4\n|start\n|switch|p1a: Kingambit|Kingambit, L50, F|100/100\n|switch|p1b: Incineroar|Incineroar, L50, M|100/100\n|switch|p2a: Arcanine|Arcanine, L50, M|100/100\n|switch|p2b: Avalugg|Avalugg-Hisui, L50, F|100/100\n|-ability|p2a: Arcanine|Intimidate|boost\n|-unboost|p1a: Kingambit|atk|1\n|-ability|p1a: Kingambit|Defiant|boost\n|-boost|p1a: Kingambit|atk|2\n|-unboost|p1b: Incineroar|atk|1\n|-ability|p1b: Incineroar|Intimidate|boost\n|-unboost|p2a: Arcanine|atk|1\n|-unboost|p2b: Avalugg|atk|1\n|turn|1\n|inactive|Oxajn has 30 seconds left.\n|inactive|Oxajn has 20 seconds left.\n|inactive|Oxajn has 15 seconds left.\n|\n|t:|1776058914\n|switch|p2b: Hawlucha|Hawlucha, L50, M|100/100\n|-ability|p2b: Hawlucha|Mold Breaker\n|move|p1b: Incineroar|Fake Out|p2b: Hawlucha\n|-damage|p2b: Hawlucha|87/100\n|move|p2a: Arcanine|Flare Blitz|p1a: Kingambit\n|-supereffective|p1a: Kingambit|1\n|-damage|p1a: Kingambit|31/100\n|-damage|p2a: Arcanine|77/100|[from] Recoil\n|move|p1a: Kingambit|Low Kick|p2b: Hawlucha\n|-resisted|p2b: Hawlucha|1\n|-damage|p2b: Hawlucha|71/100\n|\n|-heal|p2a: Arcanine|83/100|[from] item: Leftovers\n|upkeep\n|turn|2\n|inactive|Oxajn has 30 seconds left.\n|\n|t:|1776058941\n|detailschange|p2b: Hawlucha|Hawlucha-Mega, L50, M\n|-mega|p2b: Hawlucha|Hawlucha|Hawluchanite\n|move|p2a: Arcanine|Extreme Speed|p1a: Kingambit\n|-resisted|p1a: Kingambit|1\n|-damage|p1a: Kingambit|24/100\n|move|p1a: Kingambit|Sucker Punch||[still]\n|-fail|p1a: Kingambit\n|move|p2b: Hawlucha|Stone Edge|p1b: Incineroar\n|-supereffective|p1b: Incineroar|1\n|-damage|p1b: Incineroar|25/100\n|-enditem|p1b: Incineroar|Sitrus Berry|[eat]\n|-heal|p1b: Incineroar|50/100|[from] item: Sitrus Berry\n|move|p1b: Incineroar|Flare Blitz|p2b: Hawlucha\n|-damage|p2b: Hawlucha|23/100\n|-damage|p1b: Incineroar|38/100|[from] Recoil\n|\n|-heal|p2a: Arcanine|89/100|[from] item: Leftovers\n|upkeep\n|turn|3\n|inactive|henitusec has 30 seconds left.\n|\n|t:|1776058971\n|move|p1a: Kingambit|Sucker Punch|p2b: Hawlucha\n|-resisted|p2b: Hawlucha|1\n|-damage|p2b: Hawlucha|0 fnt\n|faint|p2b: Hawlucha\n|move|p2a: Arcanine|Flare Blitz|p1a: Kingambit\n|-supereffective|p1a: Kingambit|1\n|-damage|p1a: Kingambit|0 fnt\n|faint|p1a: Kingambit\n|-damage|p2a: Arcanine|80/100|[from] Recoil\n|move|p1b: Incineroar|Darkest Lariat|p2a: Arcanine\n|-damage|p2a: Arcanine|40/100\n|\n|-heal|p2a: Arcanine|46/100|[from] item: Leftovers\n|upkeep\n|\n|t:|1776058990\n|switch|p2b: Whimsicott|Whimsicott, L50, F|100/100\n|switch|p1a: Froslass|Froslass, L50, F|100/100\n|turn|4\n|\n|t:|1776059004\n|move|p1a: Froslass|Protect|p1a: Froslass\n|-singleturn|p1a: Froslass|Protect\n|move|p2b: Whimsicott|Tailwind|p2b: Whimsicott\n|-sidestart|p2: Oxajn|move: Tailwind\n|move|p2a: Arcanine|Flare Blitz|p1a: Froslass\n|-activate|p1a: Froslass|move: Protect\n|move|p1b: Incineroar|Flare Blitz|p2b: Whimsicott\n|-supereffective|p2b: Whimsicott|1\n|-damage|p2b: Whimsicott|0 fnt\n|faint|p2b: Whimsicott\n|-damage|p1b: Incineroar|15/100|[from] Recoil\n|\n|-heal|p2a: Arcanine|52/100|[from] item: Leftovers\n|upkeep\n|\n|t:|1776059018\n|switch|p2b: Avalugg|Avalugg-Hisui, L50, F|100/100\n|turn|5\n|inactive|henitusec has 30 seconds left.\n|\n|t:|1776059045\n|detailschange|p1a: Froslass|Froslass-Mega, L50, F\n|-mega|p1a: Froslass|Froslass|Froslassite\n|-weather|Snowscape|[from] ability: Snow Warning|[of] p1a: Froslass\n|move|p2a: Arcanine|Flare Blitz|p1a: Froslass\n|-supereffective|p1a: Froslass|1\n|-damage|p1a: Froslass|18/100\n|-damage|p2a: Arcanine|28/100|[from] Recoil\n|move|p1a: Froslass|Blizzard|p2a: Arcanine|[spread] p2a,p2b\n|-resisted|p2a: Arcanine|1\n|-resisted|p2b: Avalugg|1\n|-damage|p2a: Arcanine|0 fnt\n|-damage|p2b: Avalugg|46/100\n|faint|p2a: Arcanine\n|move|p2b: Avalugg|Ice Fang|p1b: Incineroar\n|-resisted|p1b: Incineroar|1\n|-damage|p1b: Incineroar|0 fnt\n|faint|p1b: Incineroar\n|\n|-weather|Snowscape|[upkeep]\n|upkeep\n|\n|t:|1776059059\n|switch|p1b: Rotom|Rotom-Frost, L50|100/100\n|turn|6\n|\n|t:|1776059075\n|move|p1b: Rotom|Thunderbolt|p2b: Avalugg\n|-damage|p2b: Avalugg|0 fnt\n|faint|p2b: Avalugg\n|\n|win|henitusec\n|raw|henitusec's rating: 1111 &rarr; <strong>1130</strong><br />(+19 for winning)\n|raw|Oxajn's rating: 1031 &rarr; <strong>1020</strong><br />(-11 for losing)\n",
  "uploadtime": 1776059077,
  "views": 12,
  "formatid": "gen9championsvgc2026regma",
  "rating": 1020,
  "private": 0,
  "password": null
}