{
  "id": "gen9championsvgc2026regma-2581534985",
  "format": "[Gen 9 Champions] VGC 2026 Reg M-A",
  "players": [
    "CODZ-UWWU",
    "Arib1906"
  ],
  "log": "|j|\u2606CODZ-UWWU\n|j|\u2606Arib1906\n|t:|1776008966\n|gametype|doubles\n|player|p1|CODZ-UWWU|102|1071\n|player|p2|Arib1906|byron|1040\n|gen|9\n|tier|[Gen 9 Champions] VGC 2026 Reg M-A\n|rated|\n|rule|Species Clause: Limit one of each Pok\u00e9mon\n|rule|Item Clause: Limit 1 of each item\n|clearpoke\n|poke|p1|Froslass, L50, F|\n|poke|p1|Sneasler, L50, F|\n|poke|p1|Sinistcha, L50|\n|poke|p1|Incineroar, L50, F|\n|poke|p1|Kingambit, L50, F|\n|poke|p1|Basculegion, L50, M|\n|poke|p2|Gengar, L50, M|\n|poke|p2|Incineroar, L50, M|\n|poke|p2|Maushold-Four, L50|\n|poke|p2|Archaludon, L50, M|\n|poke|p2|Politoed, L50, M|\n|teampreview|4\nArib1906 has agreed to open team sheets.\n|\n|t:|1776009006\n|teamsize|p1|4\n|teamsize|p2|4\n|start\n|switch|p1a: Froslass|Froslass, L50, F|100/100\n|switch|p1b: Sneasler|Sneasler, L50, F|100/100\n|switch|p2a: Archaludon|Archaludon, L50, M|100/100\n|switch|p2b: Maushold|Maushold-Four, L50|100/100\n|turn|1\n|\n|t:|1776009053\n|detailschange|p1a: Froslass|Froslass-Mega, L50, F\n|-mega|p1a: Froslass|Froslass|Froslassite\n|-weather|Snowscape|[from] ability: Snow Warning|[of] p1a: Froslass\n|move|p2a: Archaludon|Protect|p2a: Archaludon\n|-singleturn|p2a: Archaludon|Protect\n|move|p1b: Sneasler|Fake Out|p2a: Archaludon\n|-activate|p2a: Archaludon|move: Protect\n|move|p1a: Froslass|Blizzard|p2a: Archaludon|[spread] p2b\n|-activate|p2a: Archaludon|move: Protect\n|-damage|p2b: Maushold|42/100\n|-enditem|p2b: Maushold|Sitrus Berry|[eat]\n|-heal|p2b: Maushold|67/100|[from] item: Sitrus Berry\n|-heal|p2b: Maushold|100/100|[from] ability: Cheek Pouch\n|move|p2b: Maushold|Population Bomb|p1b: Sneasler\n|-damage|p1b: Sneasler|89/100\n|-damage|p1b: Sneasler|79/100\n|-crit|p1b: Sneasler\n|-damage|p1b: Sneasler|63/100\n|-damage|p1b: Sneasler|53/100\n|-damage|p1b: Sneasler|44/100\n|-damage|p1b: Sneasler|34/100\n|-damage|p1b: Sneasler|24/100\n|-damage|p1b: Sneasler|15/100\n|-damage|p1b: Sneasler|5/100\n|-damage|p1b: Sneasler|0 fnt\n|faint|p1b: Sneasler\n|-hitcount|p1: Sneasler|10\n|\n|-weather|Snowscape|[upkeep]\n|upkeep\n|\n|t:|1776009067\n|switch|p1b: Sinistcha|Sinistcha, L50|100/100\n|turn|2\n|\n|t:|1776009094\n|switch|p2b: Politoed|Politoed, L50, M|100/100\n|-weather|RainDance|[from] ability: Drizzle|[of] p2b: Politoed\n|move|p1b: Sinistcha|Rage Powder|p1b: Sinistcha\n|-singleturn|p1b: Sinistcha|move: Rage Powder\n|move|p1a: Froslass|Nasty Plot|p1a: Froslass\n|-boost|p1a: Froslass|spa|2\n|move|p2a: Archaludon|Electro Shot||[still]\n|-prepare|p2a: Archaludon|Electro Shot\n|-boost|p2a: Archaludon|spa|1\n|-anim|p2a: Archaludon|Electro Shot|p1b: Sinistcha\n|-resisted|p1b: Sinistcha|1\n|-damage|p1b: Sinistcha|51/100\n|\n|-weather|RainDance|[upkeep]\n|upkeep\n|turn|3\n|\n|t:|1776009125\n|move|p1b: Sinistcha|Rage Powder|p1b: Sinistcha\n|-singleturn|p1b: Sinistcha|move: Rage Powder\n|move|p1a: Froslass|Shadow Ball|p2a: Archaludon\n|-damage|p2a: Archaludon|12/100\n|-unboost|p2a: Archaludon|spd|1\n|-ability|p2a: Archaludon|Stamina|boost\n|-boost|p2a: Archaludon|def|1\n|move|p2a: Archaludon|Flash Cannon|p1b: Sinistcha\n|-damage|p1b: Sinistcha|0 fnt\n|faint|p1b: Sinistcha\n|move|p2b: Politoed|Perish Song|p2b: Politoed\n|-start|p1a: Froslass|perish3|[silent]\n|-start|p2a: Archaludon|perish3|[silent]\n|-start|p2b: Politoed|perish3|[silent]\n|-fieldactivate|move: Perish Song\n|\n|-weather|RainDance|[upkeep]\n|-start|p1a: Froslass|perish3\n|-start|p2a: Archaludon|perish3\n|-start|p2b: Politoed|perish3\n|upkeep\n|\n|t:|1776009144\n|switch|p1b: Basculegion|Basculegion, L50, M|100/100\n|turn|4\n|\n|t:|1776009165\n|switch|p2a: Maushold|Maushold-Four, L50|100/100\n|move|p2b: Politoed|Protect|p2b: Politoed\n|-singleturn|p2b: Politoed|Protect\n|move|p1b: Basculegion|Last Respects|p2b: Politoed\n|-activate|p2b: Politoed|move: Protect\n|move|p1a: Froslass|Blizzard|p2a: Maushold|[spread] p2a\n|-activate|p2b: Politoed|move: Protect\n|-damage|p2a: Maushold|0 fnt\n|faint|p2a: Maushold\n|\n|-weather|RainDance|[upkeep]\n|-start|p1a: Froslass|perish2\n|-start|p2b: Politoed|perish2\n|upkeep\n|\n|t:|1776009189\n|switch|p2a: Incineroar|Incineroar, L50, M|100/100\n|-ability|p2a: Incineroar|Intimidate|boost\n|-unboost|p1a: Froslass|atk|1\n|-unboost|p1b: Basculegion|atk|1\n|turn|5\n|\n|t:|1776009196\n|switch|p2b: Archaludon|Archaludon, L50, M|12/100\n|move|p2a: Incineroar|Protect|p2a: Incineroar\n|-singleturn|p2a: Incineroar|Protect\n|move|p1b: Basculegion|Last Respects|p2a: Incineroar\n|-activate|p2a: Incineroar|move: Protect\n|move|p1a: Froslass|Shadow Ball|p2b: Archaludon\n|-crit|p2b: Archaludon\n|-damage|p2b: Archaludon|0 fnt\n|faint|p2b: Archaludon\n|\n|-weather|RainDance|[upkeep]\n|-start|p1a: Froslass|perish1\n|upkeep\n|\n|t:|1776009211\n|switch|p2b: Politoed|Politoed, L50, M|100/100\n|turn|6\n|\n|t:|1776009227\n|move|p2b: Politoed|Protect|p2b: Politoed\n|-singleturn|p2b: Politoed|Protect\n|move|p2a: Incineroar|Protect||[still]\n|-fail|p2a: Incineroar\n|move|p1b: Basculegion|Last Respects|p2a: Incineroar\n|-resisted|p2a: Incineroar|1\n|-damage|p2a: Incineroar|76/100\n|move|p1a: Froslass|Shadow Ball|p2a: Incineroar\n|-resisted|p2a: Incineroar|1\n|-damage|p2a: Incineroar|46/100\n|-unboost|p2a: Incineroar|spd|1\n|\n|-weather|none\n|-start|p1a: Froslass|perish0\n|faint|p1a: Froslass\n|upkeep\n|turn|7\n|\n|t:|1776009251\n|move|p1b: Basculegion|Last Respects|p2b: Politoed\n|-damage|p2b: Politoed|20/100\n|move|p2b: Politoed|Perish Song|p2b: Politoed\n|-start|p1b: Basculegion|perish3|[silent]\n|-start|p2a: Incineroar|perish3|[silent]\n|-start|p2b: Politoed|perish3|[silent]\n|-fieldactivate|move: Perish Song\n|move|p2a: Incineroar|Parting Shot|p1b: Basculegion\n|-unboost|p1b: Basculegion|atk|1\n|-unboost|p1b: Basculegion|spa|1\n|\n|-start|p1b: Basculegion|perish3\n|-start|p2b: Politoed|perish3\n|-start|p2a: Incineroar|perish3\n|upkeep\n|turn|8\n|\n|t:|1776009276\n|move|p2b: Politoed|Protect|p2b: Politoed\n|-singleturn|p2b: Politoed|Protect\n|move|p1b: Basculegion|Last Respects|p2b: Politoed\n|-activate|p2b: Politoed|move: Protect\n|move|p2a: Incineroar|Parting Shot|p1b: Basculegion\n|-unboost|p1b: Basculegion|atk|1\n|-unboost|p1b: Basculegion|spa|1\n|\n|-start|p1b: Basculegion|perish2\n|-start|p2b: Politoed|perish2\n|-start|p2a: Incineroar|perish2\n|upkeep\n|turn|9\n|\n|t:|1776009292\n|move|p2b: Politoed|Protect|p2b: Politoed\n|-singleturn|p2b: Politoed|Protect\n|move|p1b: Basculegion|Last Respects|p2b: Politoed\n|-activate|p2b: Politoed|move: Protect\n|move|p2a: Incineroar|Parting Shot|p1b: Basculegion\n|-unboost|p1b: Basculegion|atk|1\n|-unboost|p1b: Basculegion|spa|1\n|\n|-start|p1b: Basculegion|perish1\n|-start|p2b: Politoed|perish1\n|-start|p2a: Incineroar|perish1\n|upkeep\n|turn|10\n|c|\u2606CODZ-UWWU|Ggs\n|\n|t:|1776009308\n|move|p2b: Politoed|Protect||[still]\n|-fail|p2b: Politoed\n|move|p2a: Incineroar|Protect|p2a: Incineroar\n|-singleturn|p2a: Incineroar|Protect\n|move|p1b: Basculegion|Last Respects|p2b: Politoed\n|-damage|p2b: Politoed|0 fnt\n|faint|p2b: Politoed\n|\n|-start|p1b: Basculegion|perish0\n|-start|p2a: Incineroar|perish0\n|faint|p1b: Basculegion\n|faint|p2a: Incineroar\n|\n|win|Arib1906\n|raw|CODZ-UWWU's rating: 1071 &rarr; <strong>1049</strong><br />(-22 for losing)\n|raw|Arib1906's rating: 1040 &rarr; <strong>1077</strong><br />(+37 for winning)\n|l|\u2606CODZ-UWWU\n|player|p1|\n",
  "uploadtime": 1776009334,
  "views": 18,
  "formatid": "gen9championsvgc2026regma",
  "rating": 1049,
  "private": 0,
  "password": null
}