{
  "id": "gen9championsvgc2026regma-2581778027",
  "format": "[Gen 9 Champions] VGC 2026 Reg M-A",
  "players": [
    "thegodacpp",
    "juansimon383"
  ],
  "log": "|j|\u2606thegodacpp\n|j|\u2606juansimon383\n|t:|1776027652\n|gametype|doubles\n|player|p1|thegodacpp|101|1352\n|player|p2|juansimon383|swimmerf|1447\n|gen|9\n|tier|[Gen 9 Champions] VGC 2026 Reg M-A\n|rated|\n|rule|Species Clause: Limit one of each Pok\u00e9mon\n|rule|Item Clause: Limit 1 of each item\n|clearpoke\n|poke|p1|Kangaskhan, L50, F|\n|poke|p1|Aerodactyl, L50, M|\n|poke|p1|Sinistcha, L50|\n|poke|p1|Rotom-Wash, L50|\n|poke|p1|Corviknight, L50, F|\n|poke|p1|Garchomp, L50, M|\n|poke|p2|Milotic, L50, F|\n|poke|p2|Gengar, L50, M|\n|poke|p2|Incineroar, L50, F|\n|poke|p2|Garchomp, L50, M|\n|poke|p2|Rotom-Mow, L50|\n|poke|p2|Aerodactyl, L50, F|\n|teampreview|4\n|inactive|Battle timer is ON: inactive players will automatically lose when time's up. (requested by juansimon383)\n|\n|t:|1776027707\n|teamsize|p1|4\n|teamsize|p2|4\n|start\n|switch|p1a: Kangaskhan|Kangaskhan, L50, F|100/100\n|switch|p1b: Aerodactyl|Aerodactyl, L50, M|100/100\n|switch|p2a: Rotom|Rotom-Mow, L50, shiny|100/100\n|switch|p2b: Milotic|Milotic, L50, F, shiny|100/100\n|-ability|p1b: Aerodactyl|Unnerve\n|turn|1\n|\n|t:|1776027728\n|detailschange|p1a: Kangaskhan|Kangaskhan-Mega, L50, F\n|-mega|p1a: Kangaskhan|Kangaskhan|Kangaskhanite\n|move|p1a: Kangaskhan|Fake Out|p2b: Milotic\n|-damage|p2b: Milotic|83/100\n|-damage|p2b: Milotic|79/100\n|-hitcount|p2b: Milotic|2\n|move|p1b: Aerodactyl|Rock Slide|p2b: Milotic|[spread] p2a,p2b\n|-damage|p2a: Rotom|78/100\n|-damage|p2b: Milotic|57/100\n|move|p2a: Rotom|Will-O-Wisp|p1a: Kangaskhan\n|-status|p1a: Kangaskhan|brn\n|cant|p2b: Milotic|flinch\n|\n|-heal|p2b: Milotic|63/100|[from] item: Leftovers\n|-damage|p1a: Kangaskhan|94/100 brn|[from] brn\n|upkeep\n|turn|2\n|inactive|thegodacpp has 30 seconds left.\n|\n|t:|1776027758\n|move|p1b: Aerodactyl|Rock Slide|p2a: Rotom|[spread] p2a,p2b\n|-damage|p2a: Rotom|57/100\n|-damage|p2b: Milotic|42/100\n|move|p1a: Kangaskhan|Ice Punch|p2a: Rotom\n|-supereffective|p2a: Rotom|1\n|-damage|p2a: Rotom|32/100\n|-supereffective|p2a: Rotom|1\n|-damage|p2a: Rotom|26/100\n|-hitcount|p2a: Rotom|2\n|cant|p2a: Rotom|flinch\n|cant|p2b: Milotic|flinch\n|\n|-heal|p2b: Milotic|48/100|[from] item: Leftovers\n|-damage|p1a: Kangaskhan|88/100 brn|[from] brn\n|upkeep\n|turn|3\n|inactive|thegodacpp has 30 seconds left.\n|\n|t:|1776027787\n|switch|p2a: Incineroar|Incineroar, L50, F|100/100\n|-ability|p2a: Incineroar|Intimidate|boost\n|-unboost|p1a: Kangaskhan|atk|1\n|-unboost|p1b: Aerodactyl|atk|1\n|move|p1b: Aerodactyl|Rock Slide|p2b: Milotic|[spread] p2a,p2b\n|-supereffective|p2a: Incineroar|1\n|-damage|p2a: Incineroar|73/100\n|-damage|p2b: Milotic|33/100\n|move|p1a: Kangaskhan|Double-Edge|p2b: Milotic\n|-damage|p2b: Milotic|15/100\n|-damage|p2b: Milotic|12/100\n|-hitcount|p2b: Milotic|2\n|-damage|p1a: Kangaskhan|81/100 brn|[from] Recoil\n|move|p2b: Milotic|Recover|p2b: Milotic\n|-heal|p2b: Milotic|62/100\n|\n|-heal|p2b: Milotic|68/100|[from] item: Leftovers\n|-damage|p1a: Kangaskhan|75/100 brn|[from] brn\n|upkeep\n|turn|4\n|inactive|thegodacpp has 30 seconds left.\n|\n|t:|1776027818\n|switch|p1b: Rotom|Rotom-Wash, L50|100/100\n|switch|p1a: Corviknight|Corviknight, L50, F|100/100\n|move|p2a: Incineroar|Fake Out|p1b: Rotom\n|-damage|p1b: Rotom|87/100\n|move|p2b: Milotic|Recover|p2b: Milotic\n|-heal|p2b: Milotic|100/100\n|\n|upkeep\n|turn|5\n|inactive|thegodacpp has 30 seconds left.\n|inactive|juansimon383 has 30 seconds left.\n|\n|t:|1776027852\n|switch|p1b: Kangaskhan|Kangaskhan-Mega, L50, F|75/100 brn\n|move|p2b: Milotic|Scald|p1a: Corviknight\n|-damage|p1a: Corviknight|71/100\n|move|p1a: Corviknight|Bulk Up|p1a: Corviknight\n|-boost|p1a: Corviknight|atk|1\n|-boost|p1a: Corviknight|def|1\n|move|p2a: Incineroar|Flare Blitz|p1a: Corviknight\n|-supereffective|p1a: Corviknight|1\n|-damage|p1a: Corviknight|30/100\n|-damage|p2a: Incineroar|59/100|[from] Recoil\n|\n|-heal|p1a: Corviknight|36/100|[from] item: Leftovers\n|-damage|p1b: Kangaskhan|69/100 brn|[from] brn\n|upkeep\n|turn|6\n|inactive|thegodacpp has 30 seconds left.\n|inactive|juansimon383 has 30 seconds left.\n|\n|t:|1776027878\n|switch|p2a: Gengar|Gengar, L50, M, shiny|100/100\n|move|p1b: Kangaskhan|Fake Out|p2b: Milotic\n|-damage|p2b: Milotic|92/100\n|-damage|p2b: Milotic|91/100\n|-hitcount|p2b: Milotic|2\n|cant|p2b: Milotic|flinch\n|move|p1a: Corviknight|Body Press|p2a: Gengar\n|-immune|p2a: Gengar\n|\n|-heal|p2b: Milotic|97/100|[from] item: Leftovers\n|-heal|p1a: Corviknight|41/100|[from] item: Leftovers\n|-damage|p1b: Kangaskhan|63/100 brn|[from] brn\n|upkeep\n|turn|7\n|-message|thegodacpp forfeited.\n|\n|win|juansimon383\n|raw|thegodacpp's rating: 1352 &rarr; <strong>1337</strong><br />(-15 for losing)\n|raw|juansimon383's rating: 1447 &rarr; <strong>1462</strong><br />(+15 for winning)\n|l|\u2606thegodacpp\n|player|p1|\n|l|\u2606juansimon383\n|player|p2|\n",
  "uploadtime": 1776027988,
  "views": 39,
  "formatid": "gen9championsvgc2026regma",
  "rating": 1337,
  "private": 0,
  "password": null
}