{
  "id": "gen9championsvgc2026regma-2580780505",
  "format": "[Gen 9 Champions] VGC 2026 Reg M-A",
  "players": [
    "Pankake_Rangler",
    "RazzvyBerry"
  ],
  "log": "|j|\u2606Pankake_Rangler\n|j|\u2606RazzvyBerry\n|t:|1775931906\n|gametype|doubles\n|player|p1|Pankake_Rangler|emmet|1126\n|player|p2|RazzvyBerry|harlequin|1143\n|gen|9\n|tier|[Gen 9 Champions] VGC 2026 Reg M-A\n|rated|\n|rule|Species Clause: Limit one of each Pok\u00e9mon\n|rule|Item Clause: Limit 1 of each item\n|clearpoke\n|poke|p1|Wyrdeer, L50, F|\n|poke|p1|Crabominable, L50, M|\n|poke|p1|Primarina, L50, F|\n|poke|p1|Incineroar, L50, M|\n|poke|p1|Aegislash, L50, F|\n|poke|p1|Hydrapple, L50, M|\n|poke|p2|Azumarill, L50, M|\n|poke|p2|Froslass, L50, F|\n|poke|p2|Sinistcha, L50|\n|poke|p2|Incineroar, L50, F|\n|poke|p2|Sneasler, L50, M|\n|poke|p2|Pelipper, L50, F|\n|teampreview|4\n|c|\u2606Pankake_Rangler|glhf\n|c|\u2606RazzvyBerry|crab gaming\n|c|\u2606Pankake_Rangler|i love my crab\n|\n|t:|1775931973\n|teamsize|p1|4\n|teamsize|p2|4\n|start\n|switch|p1a: Wyrdeer|Wyrdeer, L50, F, shiny|100/100\n|switch|p1b: Incineroar|Incineroar, L50, M|100/100\n|switch|p2a: Azumarill|Azumarill, L50, M|100/100\n|switch|p2b: Sneasler|Sneasler, L50, M|100/100\n|-ability|p1a: Wyrdeer|Intimidate|boost\n|-unboost|p2a: Azumarill|atk|1\n|-unboost|p2b: Sneasler|atk|1\n|-ability|p1b: Incineroar|Intimidate|boost\n|-unboost|p2a: Azumarill|atk|1\n|-unboost|p2b: Sneasler|atk|1\n|-enditem|p2b: Sneasler|White Herb\n|-clearnegativeboost|p2b: Sneasler|[silent]\n|turn|1\n|\n|t:|1775931992\n|move|p2b: Sneasler|Fake Out|p1b: Incineroar\n|-damage|p1b: Incineroar|87/100\n|move|p2a: Azumarill|Belly Drum|p2a: Azumarill\n|-damage|p2a: Azumarill|50/100\n|-setboost|p2a: Azumarill|atk|6|[from] move: Belly Drum\n|-enditem|p2a: Azumarill|Sitrus Berry|[eat]\n|-heal|p2a: Azumarill|75/100|[from] item: Sitrus Berry\n|cant|p1b: Incineroar|flinch\n|move|p1a: Wyrdeer|Trick Room|p1a: Wyrdeer\n|-fieldstart|move: Trick Room|[of] p1a: Wyrdeer\n|\n|upkeep\n|turn|2\n|\n|t:|1775932021\n|switch|p2b: Incineroar|Incineroar, L50, F|100/100\n|-ability|p2b: Incineroar|Intimidate|boost\n|-unboost|p1a: Wyrdeer|atk|1\n|-unboost|p1b: Incineroar|atk|1\n|move|p2a: Azumarill|Aqua Jet|p1b: Incineroar\n|-supereffective|p1b: Incineroar|1\n|-damage|p1b: Incineroar|0 fnt\n|faint|p1b: Incineroar\n|move|p1a: Wyrdeer|Psyshock|p2b: Incineroar\n|-immune|p2b: Incineroar\n|\n|upkeep\n|\n|t:|1775932037\n|switch|p1b: The Crab|Crabominable, L50, M, shiny|100/100\n|turn|3\n|c|\u2606Pankake_Rangler|accualy i might be swept by the azu\n|\n|t:|1775932082\n|detailschange|p1b: The Crab|Crabominable-Mega, L50, M, shiny\n|-mega|p1b: The Crab|Crabominable|Crabominite\n|move|p2b: Incineroar|Fake Out|p1a: Wyrdeer\n|-damage|p1a: Wyrdeer|82/100\n|move|p1b: The Crab|Drain Punch|p2b: Incineroar\n|-supereffective|p2b: Incineroar|1\n|-damage|p2b: Incineroar|0 fnt\n|faint|p2b: Incineroar\n|move|p2a: Azumarill|Play Rough|p1b: The Crab\n|-supereffective|p1b: The Crab|1\n|-damage|p1b: The Crab|0 fnt\n|faint|p1b: The Crab\n|cant|p1a: Wyrdeer|flinch\n|\n|upkeep\n|\n|t:|1775932097\n|switch|p1b: Aegislash|Aegislash, L50, F, shiny|100/100\n|switch|p2b: Sneasler|Sneasler, L50, M|100/100\n|turn|4\n|j| Togekiss2000\n|l| Togekiss2000\n|j| Togekiss2000\n|l| Togekiss2000\n|\n|t:|1775932122\n|move|p1b: Aegislash|King's Shield|p1b: Aegislash\n|-singleturn|p1b: Aegislash|Protect\n|move|p2b: Sneasler|Fake Out|p1a: Wyrdeer\n|-damage|p1a: Wyrdeer|64/100\n|move|p2a: Azumarill|Aqua Jet|p1a: Wyrdeer\n|-damage|p1a: Wyrdeer|0 fnt\n|faint|p1a: Wyrdeer\n|\n|upkeep\n|turn|5\n|-message|Pankake_Rangler forfeited.\n|\n|win|RazzvyBerry\n|raw|Pankake_Rangler's rating: 1126 &rarr; <strong>1102</strong><br />(-24 for losing)\n|raw|RazzvyBerry's rating: 1143 &rarr; <strong>1167</strong><br />(+24 for winning)\n|l|\u2606Pankake_Rangler\n|player|p1|\n|c|\u2606RazzvyBerry|rip crab\n",
  "uploadtime": 1775932145,
  "views": 20,
  "formatid": "gen9championsvgc2026regma",
  "rating": 1102,
  "private": 0,
  "password": null
}