{
  "id": "gen9championsvgc2026regma-2588532095",
  "format": "[Gen 9 Champions] VGC 2026 Reg M-A",
  "players": [
    "Charizar314",
    "CHOSSYxVGC"
  ],
  "log": "|j|\u2606Charizar314\n|j|\u2606CHOSSYxVGC\n|t:|1776642266\n|gametype|doubles\n|player|p1|Charizar314|richboy-gen4|1178\n|player|p2|CHOSSYxVGC|265|1215\n|gen|9\n|tier|[Gen 9 Champions] VGC 2026 Reg M-A\n|rated|\n|rule|Species Clause: Limit one of each Pok\u00e9mon\n|rule|Item Clause: Limit 1 of each item\n|clearpoke\n|poke|p1|Charizard, L50, F, shiny|\n|poke|p1|Rotom-Wash, L50, shiny|\n|poke|p1|Whimsicott, L50, M, shiny|\n|poke|p1|Garchomp, L50, F, shiny|\n|poke|p1|Sneasler, L50, M, shiny|\n|poke|p1|Incineroar, L50, M, shiny|\n|poke|p2|Sneasler, L50, M, shiny|\n|poke|p2|Vivillon-Tundra, L50, M, shiny|\n|poke|p2|Froslass, L50, F, shiny|\n|poke|p2|Ninetales-Alola, L50, F, shiny|\n|poke|p2|Kingambit, L50, M, shiny|\n|poke|p2|Farigiraf, L50, M, shiny|\n|teampreview|4\n|inactive|Battle timer is ON: inactive players will automatically lose when time's up. (requested by Charizar314)\n|\n|t:|1776642292\n|teamsize|p1|4\n|teamsize|p2|4\n|start\n|switch|p1a: Garchomp|Garchomp, L50, F, shiny|100/100\n|switch|p1b: Rotom|Rotom-Wash, L50, shiny|100/100\n|switch|p2a: Vivillon|Vivillon-Tundra, L50, M, shiny|100/100\n|switch|p2b: Sneasler|Sneasler, L50, M, shiny|100/100\n|turn|1\n|inactive|CHOSSYxVGC has 30 seconds left.\n|\n|t:|1776642320\n|move|p2b: Sneasler|Close Combat|p1b: Rotom\n|-damage|p1b: Rotom|39/100\n|-unboost|p2b: Sneasler|def|1\n|-unboost|p2b: Sneasler|spd|1\n|-enditem|p2b: Sneasler|White Herb\n|-clearnegativeboost|p2b: Sneasler|[silent]\n|move|p1a: Garchomp|Rock Slide|p2b: Sneasler|[spread] p2b\n|-miss|p1a: Garchomp|p2a: Vivillon\n|-resisted|p2b: Sneasler|1\n|-damage|p2b: Sneasler|88/100\n|move|p2a: Vivillon|Tailwind|p2a: Vivillon\n|-sidestart|p2: CHOSSYxVGC|move: Tailwind\n|move|p1b: Rotom|Will-O-Wisp|p2b: Sneasler|[miss]\n|-miss|p1b: Rotom|p2b: Sneasler\n|\n|-heal|p1b: Rotom|45/100|[from] item: Leftovers\n|upkeep\n|turn|2\n|\n|t:|1776642345\n|move|p1b: Rotom|Protect|p1b: Rotom\n|-singleturn|p1b: Rotom|Protect\n|move|p2b: Sneasler|Close Combat|p1b: Rotom\n|-activate|p1b: Rotom|move: Protect\n|move|p2a: Vivillon|Sleep Powder|p1a: Garchomp\n|-status|p1a: Garchomp|slp|[from] move: Sleep Powder\n|cant|p1a: Garchomp|slp\n|\n|-heal|p1b: Rotom|51/100|[from] item: Leftovers\n|upkeep\n|turn|3\n|\n|t:|1776642362\n|move|p2b: Sneasler|Close Combat|p1a: Garchomp\n|-damage|p1a: Garchomp|31/100 slp\n|-unboost|p2b: Sneasler|def|1\n|-unboost|p2b: Sneasler|spd|1\n|-damage|p2b: Sneasler|76/100|[from] ability: Rough Skin|[of] p1a: Garchomp\n|move|p2a: Vivillon|Sleep Powder|p1b: Rotom|[miss]\n|-miss|p2a: Vivillon|p1b: Rotom\n|cant|p1a: Garchomp|slp\n|move|p1b: Rotom|Will-O-Wisp|p2b: Sneasler|[miss]\n|-miss|p1b: Rotom|p2b: Sneasler\n|\n|-heal|p1b: Rotom|57/100|[from] item: Leftovers\n|upkeep\n|turn|4\n|\n|t:|1776642381\n|move|p2b: Sneasler|Close Combat|p1a: Garchomp\n|-damage|p1a: Garchomp|0 fnt\n|-unboost|p2b: Sneasler|def|1\n|-unboost|p2b: Sneasler|spd|1\n|-damage|p2b: Sneasler|64/100|[from] ability: Rough Skin|[of] p1a: Garchomp\n|faint|p1a: Garchomp\n|move|p2a: Vivillon|Sleep Powder|p1b: Rotom|[miss]\n|-miss|p2a: Vivillon|p1b: Rotom\n|move|p1b: Rotom|Will-O-Wisp|p2b: Sneasler\n|-status|p2b: Sneasler|brn\n|\n|-heal|p1b: Rotom|62/100|[from] item: Leftovers\n|-damage|p2b: Sneasler|58/100 brn|[from] brn\n|-sideend|p2: CHOSSYxVGC|move: Tailwind\n|upkeep\n|\n|t:|1776642401\n|switch|p1a: Sneasler|Sneasler, L50, M, shiny|100/100\n|turn|5\n|\n|t:|1776642410\n|move|p2b: Sneasler|Dire Claw|p1a: Sneasler\n|-resisted|p1a: Sneasler|1\n|-damage|p1a: Sneasler|81/100\n|move|p1a: Sneasler|Dire Claw|p2a: Vivillon\n|-damage|p2a: Vivillon|16/100\n|-status|p2a: Vivillon|psn\n|move|p2a: Vivillon|Tailwind|p2a: Vivillon\n|-sidestart|p2: CHOSSYxVGC|move: Tailwind\n|move|p1b: Rotom|Thunderbolt|p2a: Vivillon\n|-supereffective|p2a: Vivillon|1\n|-damage|p2a: Vivillon|0 fnt\n|faint|p2a: Vivillon\n|\n|-heal|p1b: Rotom|68/100|[from] item: Leftovers\n|-damage|p2b: Sneasler|53/100 brn|[from] brn\n|upkeep\n|\n|t:|1776642419\n|switch|p2a: Froslass|Froslass, L50, F, shiny|100/100\n|turn|6\n|\n|t:|1776642433\n|detailschange|p2a: Froslass|Froslass-Mega, L50, F, shiny\n|-mega|p2a: Froslass|Froslass|Froslassite\n|-weather|Snowscape|[from] ability: Snow Warning|[of] p2a: Froslass\n|move|p1a: Sneasler|Protect|p1a: Sneasler\n|-singleturn|p1a: Sneasler|Protect\n|move|p2b: Sneasler|Dire Claw|p1b: Rotom\n|-damage|p1b: Rotom|48/100\n|-status|p1b: Rotom|slp\n|move|p2a: Froslass|Blizzard|p1a: Sneasler|[spread] p1b\n|-activate|p1a: Sneasler|move: Protect\n|-resisted|p1b: Rotom|1\n|-damage|p1b: Rotom|27/100 slp\n|cant|p1b: Rotom|slp\n|\n|-weather|Snowscape|[upkeep]\n|-heal|p1b: Rotom|33/100 slp|[from] item: Leftovers\n|-damage|p2b: Sneasler|47/100 brn|[from] brn\n|upkeep\n|turn|7\n|\n|t:|1776642457\n|move|p2b: Sneasler|Dire Claw|p1a: Sneasler\n|-resisted|p1a: Sneasler|1\n|-damage|p1a: Sneasler|60/100\n|-status|p1a: Sneasler|slp\n|move|p2a: Froslass|Blizzard|p1b: Rotom|[spread] p1a,p1b\n|-resisted|p1b: Rotom|1\n|-damage|p1a: Sneasler|0 fnt\n|-damage|p1b: Rotom|11/100 slp\n|faint|p1a: Sneasler\n|cant|p1b: Rotom|slp\n|\n|-weather|Snowscape|[upkeep]\n|-heal|p1b: Rotom|17/100 slp|[from] item: Leftovers\n|-damage|p2b: Sneasler|41/100 brn|[from] brn\n|upkeep\n|\n|t:|1776642468\n|switch|p1a: Charizard|Charizard, L50, F, shiny|100/100\n|turn|8\n|\n|t:|1776642484\n|detailschange|p1a: Charizard|Charizard-Mega-X, L50, F, shiny\n|-mega|p1a: Charizard|Charizard|Charizardite X\n|move|p2a: Froslass|Protect|p2a: Froslass\n|-singleturn|p2a: Froslass|Protect\n|move|p2b: Sneasler|Rock Slide|p1b: Rotom|[spread] p1a,p1b\n|-supereffective|p1a: Charizard|1\n|-damage|p1a: Charizard|78/100\n|-damage|p1b: Rotom|8/100 slp\n|move|p1a: Charizard|Dragon Dance|p1a: Charizard\n|-boost|p1a: Charizard|atk|1\n|-boost|p1a: Charizard|spe|1\n|-curestatus|p1b: Rotom|slp|[msg]\n|move|p1b: Rotom|Thunderbolt|p2a: Froslass\n|-activate|p2a: Froslass|move: Protect\n|\n|-weather|Snowscape|[upkeep]\n|-heal|p1b: Rotom|14/100|[from] item: Leftovers\n|-damage|p2b: Sneasler|36/100 brn|[from] brn\n|-sideend|p2: CHOSSYxVGC|move: Tailwind\n|upkeep\n|turn|9\n|\n|t:|1776642496\n|switch|p2b: Ninetales|Ninetales-Alola, L50, F, shiny|100/100\n|move|p1a: Charizard|Rock Slide|p2a: Froslass|[spread] p2b\n|-miss|p1a: Charizard|p2a: Froslass\n|-supereffective|p2b: Ninetales|1\n|-damage|p2b: Ninetales|40/100\n|move|p2a: Froslass|Blizzard|p1a: Charizard|[spread] p1a,p1b\n|-resisted|p1b: Rotom|1\n|-damage|p1a: Charizard|10/100\n|-damage|p1b: Rotom|0 fnt\n|faint|p1b: Rotom\n|\n|-weather|Snowscape|[upkeep]\n|upkeep\n|turn|10\n|\n|t:|1776642511\n|move|p1a: Charizard|Rock Slide|p2a: Froslass|[spread] p2a\n|-miss|p1a: Charizard|p2b: Ninetales\n|-supereffective|p2a: Froslass|1\n|-damage|p2a: Froslass|37/100\n|move|p2a: Froslass|Shadow Ball|p1a: Charizard\n|-damage|p1a: Charizard|0 fnt\n|faint|p1a: Charizard\n|\n|win|CHOSSYxVGC\n|raw|Charizar314's rating: 1178 &rarr; <strong>1156</strong><br />(-22 for losing)\n|raw|CHOSSYxVGC's rating: 1215 &rarr; <strong>1237</strong><br />(+22 for winning)\n|l|\u2606CHOSSYxVGC\n|player|p2|\n",
  "uploadtime": 1776644514,
  "views": 10,
  "formatid": "gen9championsvgc2026regma",
  "rating": 1156,
  "private": 0,
  "password": null
}