{
  "id": "gen9championsvgc2026regma-2583203173",
  "format": "[Gen 9 Champions] VGC 2026 Reg M-A",
  "players": [
    "r1xohbilbaopremo",
    "airpodjuniors"
  ],
  "log": "|j|\u2606r1xohbilbaopremo\n|j|\u2606airpodjuniors\n|t:|1776154316\n|gametype|doubles\n|player|p1|r1xohbilbaopremo|ltsurge|1194\n|player|p2|airpodjuniors|102|1172\n|gen|9\n|tier|[Gen 9 Champions] VGC 2026 Reg M-A\n|rated|\n|rule|Species Clause: Limit one of each Pok\u00e9mon\n|rule|Item Clause: Limit 1 of each item\n|clearpoke\n|poke|p1|Glimmora, L50, M|\n|poke|p1|Orthworm, L50, F|\n|poke|p1|Garchomp, L50, M|\n|poke|p1|Tauros-Paldea-Aqua, L50, M|\n|poke|p1|Gardevoir, L50, M|\n|poke|p1|Sinistcha-Masterpiece, L50|\n|poke|p2|Meganium, L50, M|\n|poke|p2|Archaludon, L50, F|\n|poke|p2|Politoed, L50, F|\n|poke|p2|Basculegion, L50, M|\n|poke|p2|Sneasler, L50, M|\n|poke|p2|Arcanine-Hisui, L50, M|\n|teampreview|4\n|inactive|Battle timer is ON: inactive players will automatically lose when time's up. (requested by r1xohbilbaopremo)\nr1xohbilbaopremo rejected open team sheets.\n|inactive|airpodjuniors has 60 seconds left.\n|inactive|airpodjuniors has 30 seconds left.\n|\n|t:|1776154379\n|teamsize|p1|4\n|teamsize|p2|4\n|start\n|switch|p1a: Tauros|Tauros-Paldea-Aqua, L50, M|100/100\n|switch|p1b: Gardevoir|Gardevoir, L50, M|100/100\n|switch|p2a: Archaludon|Archaludon, L50, F|100/100\n|switch|p2b: Politoed|Politoed, L50, F|100/100\n|-weather|RainDance|[from] ability: Drizzle|[of] p2b: Politoed\n|-ability|p1a: Tauros|Intimidate|boost\n|-unboost|p2a: Archaludon|atk|1\n|-unboost|p2b: Politoed|atk|1\n|turn|1\n|inactive|r1xohbilbaopremo has 30 seconds left.\n|\n|t:|1776154406\n|move|p2b: Politoed|Icy Wind|p1a: Tauros|[spread] p1a,p1b\n|-resisted|p1a: Tauros|1\n|-damage|p1a: Tauros|92/100\n|-damage|p1b: Gardevoir|87/100\n|-unboost|p1a: Tauros|spe|1\n|-unboost|p1b: Gardevoir|spe|1\n|-enditem|p1a: Tauros|White Herb\n|-clearnegativeboost|p1a: Tauros|[silent]\n|move|p1a: Tauros|Close Combat|p2a: Archaludon\n|-supereffective|p2a: Archaludon|1\n|-damage|p2a: Archaludon|9/100\n|-unboost|p1a: Tauros|def|1\n|-unboost|p1a: Tauros|spd|1\n|move|p2a: Archaludon|Electro Shot||[still]\n|-prepare|p2a: Archaludon|Electro Shot\n|-boost|p2a: Archaludon|spa|1\n|-anim|p2a: Archaludon|Electro Shot|p1a: Tauros\n|-supereffective|p1a: Tauros|1\n|-damage|p1a: Tauros|0 fnt\n|faint|p1a: Tauros\n|move|p1b: Gardevoir|Moonblast|p2a: Archaludon\n|-damage|p2a: Archaludon|0 fnt\n|faint|p2a: Archaludon\n|\n|-weather|RainDance|[upkeep]\n|upkeep\n|inactive|airpodjuniors has 30 seconds left.\n|\n|t:|1776154435\n|switch|p1a: Glimmora|Glimmora, L50, M|100/100\n|switch|p2a: Meganium|Meganium, L50, M|100/100\n|turn|2\n|\n|t:|1776154445\n|switch|p2b: Basculegion|Basculegion, L50, M|100/100\n|switch|p1b: Sinistcha|Sinistcha-Masterpiece, L50|100/100\n|move|p1a: Glimmora|Spiky Shield|p1a: Glimmora\n|-singleturn|p1a: Glimmora|move: Protect\n|move|p2a: Meganium|Protect||[still]\n|-fail|p2a: Meganium\n|\n|-weather|RainDance|[upkeep]\n|upkeep\n|turn|3\n|\n|t:|1776154465\n|switch|p2b: Politoed|Politoed, L50, F|100/100\n|detailschange|p1a: Glimmora|Glimmora-Mega, L50, M\n|-mega|p1a: Glimmora|Glimmora|Glimmoranite\n|detailschange|p2a: Meganium|Meganium-Mega, L50, M\n|-mega|p2a: Meganium|Meganium|Meganiumite\n|move|p1b: Sinistcha|Rage Powder|p1b: Sinistcha\n|-singleturn|p1b: Sinistcha|move: Rage Powder\n|move|p1a: Glimmora|Sludge Wave|p2b: Politoed|[spread] p1b,p2a,p2b\n|-supereffective|p2a: Meganium|2\n|-damage|p1b: Sinistcha|50/100\n|-damage|p2a: Meganium|0 fnt\n|-damage|p2b: Politoed|47/100\n|faint|p2a: Meganium\n|\n|-weather|RainDance|[upkeep]\n|-heal|p1b: Sinistcha|56/100|[from] item: Leftovers\n|upkeep\n|\n|t:|1776154478\n|switch|p2a: Basculegion|Basculegion, L50, M|100/100\n|turn|4\n|\n|t:|1776154499\n|move|p2a: Basculegion|Protect|p2a: Basculegion\n|-singleturn|p2a: Basculegion|Protect\n|move|p1b: Sinistcha|Rage Powder|p1b: Sinistcha\n|-singleturn|p1b: Sinistcha|move: Rage Powder\n|move|p2b: Politoed|Muddy Water|p1b: Sinistcha|[spread] p1a,p1b\n|-supereffective|p1a: Glimmora|1\n|-resisted|p1b: Sinistcha|1\n|-damage|p1a: Glimmora|0 fnt\n|-damage|p1b: Sinistcha|38/100\n|faint|p1a: Glimmora\n|\n|-weather|RainDance|[upkeep]\n|-heal|p1b: Sinistcha|44/100|[from] item: Leftovers\n|upkeep\n|\n|t:|1776154507\n|switch|p1a: Gardevoir|Gardevoir, L50, M|87/100\n|turn|5\n|\n|t:|1776154526\n|move|p2a: Basculegion|Last Respects|p1a: Gardevoir\n|-supereffective|p1a: Gardevoir|1\n|-damage|p1a: Gardevoir|0 fnt\n|faint|p1a: Gardevoir\n|move|p2b: Politoed|Muddy Water|p1b: Sinistcha\n|-resisted|p1b: Sinistcha|1\n|-damage|p1b: Sinistcha|23/100\n|-unboost|p1b: Sinistcha|accuracy|1\n|move|p1b: Sinistcha|Matcha Gotcha|p2b: Politoed|[spread] \n|-miss|p1b: Sinistcha|p2a: Basculegion\n|-miss|p1b: Sinistcha|p2b: Politoed\n|\n|-weather|none\n|-heal|p1b: Sinistcha|29/100|[from] item: Leftovers\n|upkeep\n|turn|6\n|-message|r1xohbilbaopremo forfeited.\n|\n|win|airpodjuniors\n|raw|r1xohbilbaopremo's rating: 1194 &rarr; <strong>1167</strong><br />(-27 for losing)\n|raw|airpodjuniors's rating: 1172 &rarr; <strong>1199</strong><br />(+27 for winning)\n|l|\u2606r1xohbilbaopremo\n|player|p1|\n",
  "uploadtime": 1776154541,
  "views": 27,
  "formatid": "gen9championsvgc2026regma",
  "rating": 1167,
  "private": 0,
  "password": null
}