{
  "id": "gen9championsvgc2026regma-2584997768",
  "format": "[Gen 9 Champions] VGC 2026 Reg M-A",
  "players": [
    "yowooper",
    "KarmicPines2002"
  ],
  "log": "|j|\u2606yowooper\n|j|\u2606KarmicPines2002\n|t:|1776301872\n|gametype|doubles\n|player|p1|yowooper|proton|1148\n|player|p2|KarmicPines2002|101|1146\n|gen|9\n|tier|[Gen 9 Champions] VGC 2026 Reg M-A\n|rated|\n|rule|Species Clause: Limit one of each Pok\u00e9mon\n|rule|Item Clause: Limit 1 of each item\n|clearpoke\n|poke|p1|Pelipper, L50, M|\n|poke|p1|Archaludon, L50, M|\n|poke|p1|Lopunny, L50, M|\n|poke|p1|Palafin, L50, F|\n|poke|p1|Basculegion, L50, M|\n|poke|p1|Rotom-Heat, L50|\n|poke|p2|Pelipper, L50, F|\n|poke|p2|Basculegion, L50, M|\n|poke|p2|Incineroar, L50, M|\n|poke|p2|Meganium, L50, F|\n|poke|p2|Scizor, L50, M|\n|poke|p2|Garchomp, L50, F|\n|teampreview|4\n|inactive|Battle timer is ON: inactive players will automatically lose when time's up. (requested by KarmicPines2002)\n|inactive|KarmicPines2002 has 60 seconds left.\n|\n|t:|1776301928\n|teamsize|p1|4\n|teamsize|p2|4\n|start\n|switch|p1a: OneMoveWonder|Archaludon, L50, M|100/100\n|switch|p1b: Femboy|Lopunny, L50, M|100/100\n|switch|p2a: Meganium|Meganium, L50, F|100/100\n|switch|p2b: Incineroar|Incineroar, L50, M|100/100\n|-ability|p2b: Incineroar|Intimidate|boost\n|-unboost|p1a: OneMoveWonder|atk|1\n|-unboost|p1b: Femboy|atk|1\n|-enditem|p1a: OneMoveWonder|White Herb\n|-clearnegativeboost|p1a: OneMoveWonder|[silent]\n|turn|1\n|inactive|yowooper has 30 seconds left.\n|inactive|KarmicPines2002 has 30 seconds left.\n|inactive|yowooper has 20 seconds left.\n|inactive|KarmicPines2002 has 20 seconds left.\n|\n|t:|1776301966\n|detailschange|p1b: Femboy|Lopunny-Mega, L50, M\n|-mega|p1b: Femboy|Lopunny|Lopunnite\n|detailschange|p2a: Meganium|Meganium-Mega, L50, F\n|-mega|p2a: Meganium|Meganium|Meganiumite\n|move|p1b: Femboy|Fake Out|p2b: Incineroar\n|-damage|p2b: Incineroar|88/100\n|cant|p2b: Incineroar|flinch\n|move|p2a: Meganium|Weather Ball|p1a: OneMoveWonder\n|-crit|p1a: OneMoveWonder\n|-damage|p1a: OneMoveWonder|0 fnt\n|faint|p1a: OneMoveWonder\n|\n|upkeep\n|\n|t:|1776301981\n|switch|p1a: Fih 2|Basculegion, L50, M|100/100\n|turn|2\n|\n|t:|1776302003\n|move|p2a: Meganium|Protect|p2a: Meganium\n|-singleturn|p2a: Meganium|Protect\n|move|p1b: Femboy|Close Combat|p2a: Meganium\n|-activate|p2a: Meganium|move: Protect\n|move|p1a: Fih 2|Last Respects|p2a: Meganium\n|-activate|p2a: Meganium|move: Protect\n|move|p2b: Incineroar|Parting Shot|p1a: Fih 2\n|-unboost|p1a: Fih 2|atk|1\n|-unboost|p1a: Fih 2|spa|1\n|\n|t:|1776302014\n|switch|p2b: Pelipper|Pelipper, L50, F|100/100|[from] Parting Shot\n|-weather|RainDance|[from] ability: Drizzle|[of] p2b: Pelipper\n|\n|-weather|RainDance|[upkeep]\n|upkeep\n|turn|3\n|\n|t:|1776302030\n|move|p1a: Fih 2|Last Respects|p2a: Meganium\n|-damage|p2a: Meganium|69/100\n|move|p1b: Femboy|U-turn|p2a: Meganium\n|-damage|p2a: Meganium|55/100\n|\n|t:|1776302037\n|switch|p1b: Fih gulper|Pelipper, L50, M|100/100|[from] U-turn\n|move|p2b: Pelipper|Tailwind|p2b: Pelipper\n|-sidestart|p2: KarmicPines2002|move: Tailwind\n|move|p2a: Meganium|Dazzling Gleam|p1a: Fih 2|[spread] p1a,p1b\n|-damage|p1a: Fih 2|60/100\n|-damage|p1b: Fih gulper|59/100\n|\n|-weather|RainDance|[upkeep]\n|upkeep\n|turn|4\n|inactive|KarmicPines2002 has 30 seconds left.\n|\n|t:|1776302068\n|switch|p1a: Femboy|Lopunny-Mega, L50, M|100/100\n|switch|p2b: Incineroar|Incineroar, L50, M|88/100\n|-ability|p2b: Incineroar|Intimidate|boost\n|-fail|p1a: Femboy|unboost|Attack|[from] ability: Scrappy|[of] p1a: Femboy\n|-unboost|p1b: Fih gulper|atk|1\n|move|p2a: Meganium|Solar Beam||[still]\n|-prepare|p2a: Meganium|Solar Beam\n|-activate|p2a: Meganium|ability: Mega Sol\n|-anim|p2a: Meganium|Solar Beam|p1a: Femboy\n|-damage|p1a: Femboy|0 fnt\n|faint|p1a: Femboy\n|move|p1b: Fih gulper|Hurricane|p2a: Meganium\n|-supereffective|p2a: Meganium|1\n|-damage|p2a: Meganium|0 fnt\n|faint|p2a: Meganium\n|\n|-weather|RainDance|[upkeep]\n|upkeep\n|inactive|KarmicPines2002 has 30 seconds left.\n|\n|t:|1776302094\n|switch|p1a: Fih 2|Basculegion, L50, M|60/100\n|switch|p2a: Basculegion|Basculegion, L50, M|100/100\n|turn|5\n|\n|t:|1776302110\n|move|p2b: Incineroar|Fake Out|p1b: Fih gulper\n|-damage|p1b: Fih gulper|47/100\n|move|p2a: Basculegion|Last Respects|p1a: Fih 2\n|-supereffective|p1a: Fih 2|1\n|-damage|p1a: Fih 2|0 fnt\n|faint|p1a: Fih 2\n|cant|p1b: Fih gulper|flinch\n|\n|-weather|RainDance|[upkeep]\n|upkeep\n|turn|6\n|-message|yowooper forfeited.\n|\n|win|KarmicPines2002\n|raw|yowooper's rating: 1148 &rarr; <strong>1123</strong><br />(-25 for losing)\n|raw|KarmicPines2002's rating: 1146 &rarr; <strong>1171</strong><br />(+25 for winning)\n|l|\u2606yowooper\n|player|p1|\n",
  "uploadtime": 1776302122,
  "views": 23,
  "formatid": "gen9championsvgc2026regma",
  "rating": 1123,
  "private": 0,
  "password": null
}