{
  "id": "gen9championsvgc2026regma-2580810577",
  "format": "[Gen 9 Champions] VGC 2026 Reg M-A",
  "players": [
    "Juju34",
    "manubule"
  ],
  "log": "|j|\u2606Juju34\n|j|\u203dmanubule\n|t:|1775934343\n|gametype|doubles\n|player|p1|Juju34|veteran|1070\n|player|p2|manubule|265|1000\n|gen|9\n|tier|[Gen 9 Champions] VGC 2026 Reg M-A\n|rated|\n|rule|Species Clause: Limit one of each Pok\u00e9mon\n|rule|Item Clause: Limit 1 of each item\n|clearpoke\n|poke|p1|Meganium, L50, F|\n|poke|p1|Politoed, L50, M|\n|poke|p1|Primarina, L50, F|\n|poke|p1|Dragonite, L50, M|\n|poke|p1|Rotom-Wash, L50|\n|poke|p1|Basculegion, L50, M|\n|poke|p2|Hatterene, L50, F|\n|poke|p2|Farigiraf, L50, M|\n|poke|p2|Camerupt, L50, F|\n|poke|p2|Incineroar, L50, F|\n|poke|p2|Conkeldurr, L50, M|\n|poke|p2|Sinistcha, L50|\n|teampreview|4\n|inactive|Battle timer is ON: inactive players will automatically lose when time's up. (requested by Juju34)\n|\n|t:|1775934376\n|teamsize|p1|4\n|teamsize|p2|4\n|start\n|switch|p1a: Meganium|Meganium, L50, F|100/100\n|switch|p1b: Rotom|Rotom-Wash, L50|100/100\n|switch|p2a: Incineroar|Incineroar, L50, F|100/100\n|switch|p2b: Sinistcha|Sinistcha, L50|100/100\n|-ability|p2a: Incineroar|Intimidate|boost\n|-unboost|p1a: Meganium|atk|1\n|-unboost|p1b: Rotom|atk|1\n|turn|1\n|\n|t:|1775934400\n|detailschange|p1a: Meganium|Meganium-Mega, L50, F\n|-mega|p1a: Meganium|Meganium|Meganiumite\n|move|p2a: Incineroar|Fake Out|p1a: Meganium\n|-damage|p1a: Meganium|91/100\n|move|p1b: Rotom|Trick|p2a: Incineroar\n|-activate|p1b: Rotom|move: Trick|[of] p2a: Incineroar\n|-item|p2a: Incineroar|Choice Scarf|[from] move: Trick\n|-item|p1b: Rotom|Sitrus Berry|[from] move: Trick\n|cant|p1a: Meganium|flinch\n|move|p2b: Sinistcha|Trick Room|p2b: Sinistcha\n|-fieldstart|move: Trick Room|[of] p2b: Sinistcha\n|\n|upkeep\n|turn|2\n|\n|t:|1775934419\n|move|p2b: Sinistcha|Matcha Gotcha|p1a: Meganium|[spread] p1a,p1b\n|-resisted|p1a: Meganium|1\n|-supereffective|p1b: Rotom|1\n|-damage|p1a: Meganium|78/100\n|-damage|p1b: Rotom|11/100\n|-status|p1b: Rotom|brn\n|-enditem|p1b: Rotom|Sitrus Berry|[eat]\n|-heal|p1b: Rotom|35/100 brn|[from] item: Sitrus Berry\n|move|p1a: Meganium|Weather Ball|p2b: Sinistcha\n|-supereffective|p2b: Sinistcha|1\n|-damage|p2b: Sinistcha|13/100\n|move|p2a: Incineroar|Parting Shot|p1a: Meganium\n|-unboost|p1a: Meganium|atk|1\n|-unboost|p1a: Meganium|spa|1\n|\n|t:|1775934433\n|switch|p2a: Hatterene|Hatterene, L50, F|100/100|[from] Parting Shot\n|move|p1b: Rotom|Volt Switch|p2a: Hatterene\n|-damage|p2a: Hatterene|68/100\n|\n|t:|1775934444\n|switch|p1b: Basculegion|Basculegion, L50, M|100/100|[from] Volt Switch\n|\n|upkeep\n|turn|3\n|\n|t:|1775934466\n|switch|p1a: Politoed|Politoed, L50, M|100/100\n|-weather|RainDance|[from] ability: Drizzle|[of] p1a: Politoed\n|move|p2a: Hatterene|Psyshock|p1b: Basculegion\n|-damage|p1b: Basculegion|50/100\n|move|p2b: Sinistcha|Matcha Gotcha|p1b: Basculegion|[spread] p1a,p1b\n|-supereffective|p1a: Politoed|1\n|-supereffective|p1b: Basculegion|1\n|-damage|p1a: Politoed|57/100\n|-heal|p2b: Sinistcha|37/100|[from] drain|[of] p1a: Politoed\n|-damage|p1b: Basculegion|0 fnt\n|-heal|p2b: Sinistcha|69/100|[from] drain|[of] p1b: Basculegion\n|-status|p1a: Politoed|brn\n|faint|p1b: Basculegion\n|\n|-weather|RainDance|[upkeep]\n|-heal|p1a: Politoed|63/100 brn|[from] item: Leftovers\n|-damage|p1a: Politoed|57/100 brn|[from] brn\n|upkeep\n|\n|t:|1775934489\n|switch|p1b: Meganium|Meganium-Mega, L50, F|78/100\n|turn|4\n|\n|t:|1775934499\n|move|p2a: Hatterene|Dazzling Gleam|p1a: Politoed|[spread] p1a,p1b\n|-damage|p1a: Politoed|29/100 brn\n|-damage|p1b: Meganium|44/100\n|move|p2b: Sinistcha|Matcha Gotcha|p1b: Meganium|[spread] p1a,p1b\n|-supereffective|p1a: Politoed|1\n|-resisted|p1b: Meganium|1\n|-damage|p1a: Politoed|0 fnt\n|-heal|p2b: Sinistcha|85/100|[from] drain|[of] p1a: Politoed\n|-damage|p1b: Meganium|31/100\n|-heal|p2b: Sinistcha|92/100|[from] drain|[of] p1b: Meganium\n|faint|p1a: Politoed\n|move|p1b: Meganium|Solar Beam||[still]\n|-prepare|p1b: Meganium|Solar Beam\n|-activate|p1b: Meganium|ability: Mega Sol\n|-anim|p1b: Meganium|Solar Beam|p2a: Hatterene\n|-damage|p2a: Hatterene|0 fnt\n|faint|p2a: Hatterene\n|\n|-weather|RainDance|[upkeep]\n|upkeep\n|\n|t:|1775934520\n|switch|p2a: Incineroar|Incineroar, L50, F|100/100\n|switch|p1a: Rotom|Rotom-Wash, L50|35/100 brn\n|-ability|p2a: Incineroar|Intimidate|boost\n|-unboost|p1a: Rotom|atk|1\n|-unboost|p1b: Meganium|atk|1\n|turn|5\n|inactive|manubule has 30 seconds left.\n|-message|Juju34 forfeited.\n|\n|win|manubule\n|raw|Juju34's rating: 1070 &rarr; <strong>1045</strong><br />(-25 for losing)\n|raw|manubule's rating: 1000 &rarr; <strong>1048</strong><br />(+48 for winning)\n|l|\u2606Juju34\n|player|p1|\n",
  "uploadtime": 1775934554,
  "views": 12,
  "formatid": "gen9championsvgc2026regma",
  "rating": 1045,
  "private": 0,
  "password": null
}