{
  "id": "gen9championsvgc2026regma-2581896409",
  "format": "[Gen 9 Champions] VGC 2026 Reg M-A",
  "players": [
    "StonerXVIII",
    "igor1707"
  ],
  "log": "|j|\u2606StonerXVIII\n|j|\u2606igor1707\n|t:|1776037678\n|gametype|doubles\n|player|p1|StonerXVIII|lucas-gen4pt|1056\n|player|p2|igor1707|170|1100\n|gen|9\n|tier|[Gen 9 Champions] VGC 2026 Reg M-A\n|rated|\n|rule|Species Clause: Limit one of each Pok\u00e9mon\n|rule|Item Clause: Limit 1 of each item\n|clearpoke\n|poke|p1|Delphox, L50, F|\n|poke|p1|Garchomp, L50, F|\n|poke|p1|Sneasler, L50, F|\n|poke|p1|Incineroar, L50, F|\n|poke|p1|Tyranitar, L50, F|\n|poke|p1|Excadrill, L50, M|\n|poke|p2|Manectric, L50, F|\n|poke|p2|Pelipper, L50, M|\n|poke|p2|Sneasler, L50, F|\n|poke|p2|Meganium, L50, M|\n|poke|p2|Basculegion, L50, M|\n|poke|p2|Araquanid, L50, M|\n|teampreview|4\n|inactive|Battle timer is ON: inactive players will automatically lose when time's up. (requested by StonerXVIII)\n|\n|t:|1776037712\n|teamsize|p1|4\n|teamsize|p2|4\n|start\n|switch|p1a: Incineroar|Incineroar, L50, F|100/100\n|switch|p1b: Garchomp|Garchomp, L50, F|100/100\n|switch|p2a: Basculegion|Basculegion, L50, M|100/100\n|switch|p2b: Araquanid|Araquanid, L50, M|100/100\n|-ability|p1a: Incineroar|Intimidate|boost\n|-unboost|p2a: Basculegion|atk|1\n|-unboost|p2b: Araquanid|atk|1\n|turn|1\n|inactive|StonerXVIII has 30 seconds left.\n|\n|t:|1776037746\n|move|p2b: Araquanid|Protect|p2b: Araquanid\n|-singleturn|p2b: Araquanid|Protect\n|move|p1a: Incineroar|Fake Out|p2b: Araquanid\n|-activate|p2b: Araquanid|move: Protect\n|move|p1b: Garchomp|Rock Slide|p2a: Basculegion|[spread] p2a\n|-activate|p2b: Araquanid|move: Protect\n|-damage|p2a: Basculegion|76/100\n|move|p2a: Basculegion|Flip Turn|p1a: Incineroar\n|-supereffective|p1a: Incineroar|1\n|-damage|p1a: Incineroar|50/100\n|-enditem|p1a: Incineroar|Sitrus Berry|[eat]\n|-heal|p1a: Incineroar|75/100|[from] item: Sitrus Berry\n|\n|t:|1776037765\n|switch|p2a: Pelipper|Pelipper, L50, M|100/100|[from] Flip Turn\n|-weather|RainDance|[from] ability: Drizzle|[of] p2a: Pelipper\n|\n|-weather|RainDance|[upkeep]\n|upkeep\n|turn|2\n|\n|t:|1776037794\n|move|p1b: Garchomp|Protect|p1b: Garchomp\n|-singleturn|p1b: Garchomp|Protect\n|move|p2a: Pelipper|Tailwind|p2a: Pelipper\n|-sidestart|p2: igor1707|move: Tailwind\n|move|p2b: Araquanid|Liquidation|p1a: Incineroar\n|-supereffective|p1a: Incineroar|1\n|-damage|p1a: Incineroar|0 fnt\n|faint|p1a: Incineroar\n|\n|-weather|RainDance|[upkeep]\n|upkeep\n|\n|t:|1776037802\n|switch|p1a: Tyranitar|Tyranitar, L50, F|100/100\n|-weather|Sandstorm|[from] ability: Sand Stream|[of] p1a: Tyranitar\n|turn|3\n|\n|t:|1776037815\n|move|p2a: Pelipper|Protect|p2a: Pelipper\n|-singleturn|p2a: Pelipper|Protect\n|move|p1b: Garchomp|Swords Dance|p1b: Garchomp\n|-boost|p1b: Garchomp|atk|2\n|move|p2b: Araquanid|Liquidation|p1a: Tyranitar\n|-supereffective|p1a: Tyranitar|1\n|-damage|p1a: Tyranitar|56/100\n|move|p1a: Tyranitar|Rock Slide|p2a: Pelipper|[spread] p2b\n|-activate|p2a: Pelipper|move: Protect\n|-supereffective|p2b: Araquanid|1\n|-damage|p2b: Araquanid|55/100\n|\n|-weather|Sandstorm|[upkeep]\n|-damage|p2a: Pelipper|95/100|[from] Sandstorm\n|-damage|p2b: Araquanid|49/100|[from] Sandstorm\n|-heal|p1a: Tyranitar|62/100|[from] item: Leftovers\n|upkeep\n|turn|4\n|inactive|igor1707 has 30 seconds left.\n|\n|t:|1776037841\n|switch|p2a: Basculegion|Basculegion, L50, M|76/100\n|move|p2b: Araquanid|Wide Guard|p2b: Araquanid\n|-singleturn|p2b: Araquanid|Wide Guard\n|move|p1b: Garchomp|Rock Slide|p2b: Araquanid|[spread] \n|-activate|p2a: Basculegion|move: Wide Guard\n|-activate|p2b: Araquanid|move: Wide Guard\n|move|p1a: Tyranitar|Rock Slide|p2a: Basculegion|[spread] \n|-activate|p2a: Basculegion|move: Wide Guard\n|-activate|p2b: Araquanid|move: Wide Guard\n|\n|-weather|Sandstorm|[upkeep]\n|-damage|p2a: Basculegion|70/100|[from] Sandstorm\n|-damage|p2b: Araquanid|43/100|[from] Sandstorm\n|-heal|p1a: Tyranitar|68/100|[from] item: Leftovers\n|upkeep\n|turn|5\n|inactive|igor1707 has 30 seconds left.\n|\n|t:|1776037867\n|switch|p2b: Pelipper|Pelipper, L50, M|95/100\n|-weather|RainDance|[from] ability: Drizzle|[of] p2b: Pelipper\n|move|p2a: Basculegion|Wave Crash|p1a: Tyranitar\n|-supereffective|p1a: Tyranitar|1\n|-damage|p1a: Tyranitar|0 fnt\n|faint|p1a: Tyranitar\n|-damage|p2a: Basculegion|47/100|[from] Recoil\n|move|p1b: Garchomp|Rock Slide|p2a: Basculegion|[spread] p2a,p2b\n|-supereffective|p2b: Pelipper|1\n|-damage|p2a: Basculegion|0 fnt\n|-damage|p2b: Pelipper|16/100\n|faint|p2a: Basculegion\n|\n|-weather|RainDance|[upkeep]\n|-sideend|p2: igor1707|move: Tailwind\n|upkeep\n|\n|t:|1776037887\n|switch|p2a: Meganium|Meganium, L50, M|100/100\n|switch|p1a: Delphox|Delphox, L50, F|100/100\n|turn|6\n|inactive|StonerXVIII has 30 seconds left.\n|\n|t:|1776037913\n|detailschange|p1a: Delphox|Delphox-Mega, L50, F\n|-mega|p1a: Delphox|Delphox|Delphoxite\n|detailschange|p2a: Meganium|Meganium-Mega, L50, M\n|-mega|p2a: Meganium|Meganium|Meganiumite\n|move|p1a: Delphox|Protect|p1a: Delphox\n|-singleturn|p1a: Delphox|Protect\n|move|p1b: Garchomp|Rock Slide|p2b: Pelipper|[spread] p2a,p2b\n|-supereffective|p2b: Pelipper|1\n|-damage|p2a: Meganium|62/100\n|-damage|p2b: Pelipper|0 fnt\n|faint|p2b: Pelipper\n|cant|p2a: Meganium|flinch\n|\n|-weather|RainDance|[upkeep]\n|upkeep\n|\n|t:|1776037929\n|switch|p2b: Araquanid|Araquanid, L50, M|43/100\n|turn|7\n|\n|t:|1776037947\n|move|p1b: Garchomp|Protect|p1b: Garchomp\n|-singleturn|p1b: Garchomp|Protect\n|move|p2b: Araquanid|Wide Guard|p2b: Araquanid\n|-singleturn|p2b: Araquanid|Wide Guard\n|move|p1a: Delphox|Heat Wave|p2b: Araquanid|[spread] \n|-activate|p2a: Meganium|move: Wide Guard\n|-activate|p2b: Araquanid|move: Wide Guard\n|move|p2a: Meganium|Solar Beam||[still]\n|-prepare|p2a: Meganium|Solar Beam\n|-activate|p2a: Meganium|ability: Mega Sol\n|-anim|p2a: Meganium|Solar Beam|p1b: Garchomp\n|-activate|p1b: Garchomp|move: Protect\n|\n|-weather|RainDance|[upkeep]\n|upkeep\n|turn|8\n|inactive|StonerXVIII has 30 seconds left.\n|inactive|igor1707 has 30 seconds left.\n|\n|t:|1776037977\n|move|p2b: Araquanid|Wide Guard|p2b: Araquanid\n|-singleturn|p2b: Araquanid|Wide Guard\n|move|p1a: Delphox|Psychic|p2b: Araquanid\n|-damage|p2b: Araquanid|7/100\n|move|p1b: Garchomp|Swords Dance|p1b: Garchomp\n|-boost|p1b: Garchomp|atk|2\n|move|p2a: Meganium|Solar Beam||[still]\n|-prepare|p2a: Meganium|Solar Beam\n|-activate|p2a: Meganium|ability: Mega Sol\n|-anim|p2a: Meganium|Solar Beam|p1b: Garchomp\n|-damage|p1b: Garchomp|25/100\n|\n|-weather|RainDance|[upkeep]\n|upkeep\n|turn|9\n|inactive|igor1707 has 30 seconds left.\n|\n|t:|1776038002\n|move|p2b: Araquanid|Wide Guard|p2b: Araquanid\n|-singleturn|p2b: Araquanid|Wide Guard\n|move|p1a: Delphox|Psychic|p2b: Araquanid\n|-damage|p2b: Araquanid|0 fnt\n|faint|p2b: Araquanid\n|move|p1b: Garchomp|Rock Slide|p2a: Meganium\n|-activate|p2a: Meganium|move: Wide Guard\n|move|p2a: Meganium|Dazzling Gleam|p1b: Garchomp|[spread] p1a,p1b\n|-resisted|p1a: Delphox|1\n|-supereffective|p1b: Garchomp|1\n|-damage|p1a: Delphox|85/100\n|-damage|p1b: Garchomp|0 fnt\n|faint|p1b: Garchomp\n|\n|-weather|none\n|upkeep\n|turn|10\n|inactive|igor1707 has 30 seconds left.\n|\n|t:|1776038031\n|move|p1a: Delphox|Heat Wave|p2a: Meganium|[miss]\n|-miss|p1a: Delphox|p2a: Meganium\n|move|p2a: Meganium|Solar Beam||[still]\n|-prepare|p2a: Meganium|Solar Beam\n|-activate|p2a: Meganium|ability: Mega Sol\n|-anim|p2a: Meganium|Solar Beam|p1a: Delphox\n|-resisted|p1a: Delphox|1\n|-damage|p1a: Delphox|51/100\n|\n|upkeep\n|turn|11\n|\n|t:|1776038044\n|move|p1a: Delphox|Heat Wave|p2a: Meganium\n|-supereffective|p2a: Meganium|1\n|-damage|p2a: Meganium|0 fnt\n|faint|p2a: Meganium\n|\n|win|StonerXVIII\n|raw|StonerXVIII's rating: 1056 &rarr; <strong>1092</strong><br />(+36 for winning)\n|raw|igor1707's rating: 1100 &rarr; <strong>1072</strong><br />(-28 for losing)\n",
  "uploadtime": 1776038050,
  "views": 9,
  "formatid": "gen9championsvgc2026regma",
  "rating": 1072,
  "private": 0,
  "password": null
}