{
  "id": "gen9championsvgc2026regma-2582513846",
  "format": "[Gen 9 Champions] VGC 2026 Reg M-A",
  "players": [
    "RainCalc",
    "LGPESWEEPER"
  ],
  "log": "|j|\u2606RainCalc\n|j|\u2606LGPESWEEPER\n|t:|1776096522\n|gametype|doubles\n|player|p1|RainCalc|volkner|1102\n|player|p2|LGPESWEEPER|169|1115\n|gen|9\n|tier|[Gen 9 Champions] VGC 2026 Reg M-A\n|rated|\n|rule|Species Clause: Limit one of each Pok\u00e9mon\n|rule|Item Clause: Limit 1 of each item\n|clearpoke\n|poke|p1|Aggron, L50, F|\n|poke|p1|Incineroar, L50, F|\n|poke|p1|Sinistcha, L50|\n|poke|p1|Tyranitar, L50, M|\n|poke|p1|Sneasler, L50, F|\n|poke|p1|Lycanroc, L50, F|\n|poke|p2|Gyarados, L50, F|\n|poke|p2|Garchomp, L50, M|\n|poke|p2|Tinkaton, L50, F|\n|poke|p2|Sneasler, L50, M|\n|poke|p2|Sinistcha, L50|\n|poke|p2|Pelipper, L50, M|\n|teampreview|4\nRainCalc has agreed to open team sheets.\n|\n|t:|1776096571\n|teamsize|p1|4\n|teamsize|p2|4\n|start\n|switch|p1a: THE WALL|Aggron, L50, F, shiny|100/100\n|switch|p1b: Incineroar|Incineroar, L50, F, shiny|100/100\n|switch|p2a: Garchomp|Garchomp, L50, M|100/100\n|switch|p2b: Sneasler|Sneasler, L50, M|100/100\n|-ability|p1b: Incineroar|Intimidate|boost\n|-unboost|p2a: Garchomp|atk|1\n|-unboost|p2b: Sneasler|atk|1\n|-enditem|p2b: Sneasler|White Herb\n|-clearnegativeboost|p2b: Sneasler|[silent]\n|turn|1\n|\n|t:|1776096590\n|detailschange|p1a: THE WALL|Aggron-Mega, L50, F, shiny\n|-mega|p1a: THE WALL|Aggron|Aggronite\n|move|p2b: Sneasler|Upper Hand|p1b: Incineroar\n|-supereffective|p1b: Incineroar|1\n|-damage|p1b: Incineroar|40/100\n|-enditem|p1b: Incineroar|Sitrus Berry|[eat]\n|-heal|p1b: Incineroar|65/100|[from] item: Sitrus Berry\n|cant|p1b: Incineroar|flinch\n|move|p2a: Garchomp|Stomping Tantrum|p1a: THE WALL\n|-supereffective|p1a: THE WALL|1\n|-damage|p1a: THE WALL|80/100\n|move|p1a: THE WALL|Iron Defense|p1a: THE WALL\n|-boost|p1a: THE WALL|def|2\n|\n|upkeep\n|turn|2\n|\n|t:|1776096615\n|switch|p2a: Pelipper|Pelipper, L50, M|100/100\n|-weather|RainDance|[from] ability: Drizzle|[of] p2a: Pelipper\n|move|p1a: THE WALL|Protect|p1a: THE WALL\n|-singleturn|p1a: THE WALL|Protect\n|move|p2b: Sneasler|Close Combat|p1b: Incineroar\n|-supereffective|p1b: Incineroar|1\n|-damage|p1b: Incineroar|0 fnt\n|-unboost|p2b: Sneasler|def|1\n|-unboost|p2b: Sneasler|spd|1\n|faint|p1b: Incineroar\n|\n|-weather|RainDance|[upkeep]\n|upkeep\n|\n|t:|1776096622\n|switch|p1b: Tyranitar|Tyranitar, L50, M|100/100\n|-weather|Sandstorm|[from] ability: Sand Stream|[of] p1b: Tyranitar\n|turn|3\n|\n|t:|1776096646\n|switch|p2a: Gyarados|Gyarados, L50, F|100/100\n|-ability|p2a: Gyarados|Intimidate|boost\n|-unboost|p1a: THE WALL|atk|1\n|-unboost|p1b: Tyranitar|atk|1\n|move|p2b: Sneasler|Close Combat|p1b: Tyranitar\n|-supereffective|p1b: Tyranitar|2\n|-damage|p1b: Tyranitar|0 fnt\n|-unboost|p2b: Sneasler|def|1\n|-unboost|p2b: Sneasler|spd|1\n|faint|p1b: Tyranitar\n|move|p1a: THE WALL|Body Press|p2b: Sneasler\n|-resisted|p2b: Sneasler|1\n|-damage|p2b: Sneasler|0 fnt\n|faint|p2b: Sneasler\n|\n|-weather|Sandstorm|[upkeep]\n|-damage|p2a: Gyarados|94/100|[from] Sandstorm\n|upkeep\n|\n|t:|1776096661\n|switch|p2b: Pelipper|Pelipper, L50, M|100/100\n|switch|p1b: Lycanroc|Lycanroc, L50, F, shiny|100/100\n|-weather|RainDance|[from] ability: Drizzle|[of] p2b: Pelipper\n|turn|4\n|inactive|Battle timer is ON: inactive players will automatically lose when time's up. (requested by LGPESWEEPER)\n|\n|t:|1776096713\n|switch|p2a: Garchomp|Garchomp, L50, M|100/100\n|move|p2b: Pelipper|Protect|p2b: Pelipper\n|-singleturn|p2b: Pelipper|Protect\n|move|p1b: Lycanroc|Rock Slide|p2a: Garchomp|[spread] p2a\n|-activate|p2b: Pelipper|move: Protect\n|-resisted|p2a: Garchomp|1\n|-damage|p2a: Garchomp|86/100\n|move|p1a: THE WALL|Body Press|p2a: Garchomp\n|-damage|p2a: Garchomp|0 fnt\n|-damage|p1a: THE WALL|68/100|[from] ability: Rough Skin|[of] p2a: Garchomp\n|faint|p2a: Garchomp\n|\n|-weather|RainDance|[upkeep]\n|upkeep\n|\n|t:|1776096727\n|switch|p2a: Gyarados|Gyarados, L50, F|94/100\n|-ability|p2a: Gyarados|Intimidate|boost\n|-unboost|p1a: THE WALL|atk|1\n|-unboost|p1b: Lycanroc|atk|1\n|turn|5\n|\n|t:|1776096745\n|detailschange|p2a: Gyarados|Gyarados-Mega, L50, F\n|-mega|p2a: Gyarados|Gyarados|Gyaradosite\n|-ability|p2a: Gyarados|Mold Breaker\n|move|p1b: Lycanroc|Rock Slide|p2a: Gyarados|[spread] p2a,p2b\n|-supereffective|p2b: Pelipper|1\n|-damage|p2a: Gyarados|78/100\n|-damage|p2b: Pelipper|52/100\n|move|p2a: Gyarados|Waterfall|p1b: Lycanroc\n|-supereffective|p1b: Lycanroc|1\n|-enditem|p1b: Lycanroc|Focus Sash\n|-damage|p1b: Lycanroc|1/100\n|move|p2b: Pelipper|Weather Ball|p1a: THE WALL\n|-damage|p1a: THE WALL|0 fnt\n|faint|p1a: THE WALL\n|\n|-weather|RainDance|[upkeep]\n|upkeep\n|turn|6\n|\n|t:|1776096764\n|move|p1b: Lycanroc|Rock Slide|p2b: Pelipper|[spread] p2a,p2b\n|-supereffective|p2b: Pelipper|1\n|-damage|p2a: Gyarados|59/100\n|-damage|p2b: Pelipper|4/100\n|cant|p2a: Gyarados|flinch\n|move|p2b: Pelipper|Weather Ball|p1b: Lycanroc\n|-supereffective|p1b: Lycanroc|1\n|-damage|p1b: Lycanroc|0 fnt\n|faint|p1b: Lycanroc\n|\n|win|LGPESWEEPER\n|raw|RainCalc's rating: 1102 &rarr; <strong>1078</strong><br />(-24 for losing)\n|raw|LGPESWEEPER's rating: 1115 &rarr; <strong>1139</strong><br />(+24 for winning)\n",
  "uploadtime": 1776096774,
  "views": 8,
  "formatid": "gen9championsvgc2026regma",
  "rating": 1078,
  "private": 0,
  "password": null
}