{
  "id": "gen9championsvgc2026regma-2581960394",
  "format": "[Gen 9 Champions] VGC 2026 Reg M-A",
  "players": [
    "corek",
    "itstorkoaltime"
  ],
  "log": "|j|\u2606corek\n|j|\u2606itstorkoaltime\n|t:|1776043449\n|gametype|doubles\n|player|p1|corek|lucas|1015\n|player|p2|itstorkoaltime|erika|1000\n|gen|9\n|tier|[Gen 9 Champions] VGC 2026 Reg M-A\n|rated|\n|rule|Species Clause: Limit one of each Pok\u00e9mon\n|rule|Item Clause: Limit 1 of each item\n|clearpoke\n|poke|p1|Armarouge, L50, M|\n|poke|p1|Ceruledge, L50, F|\n|poke|p1|Starmie, L50|\n|poke|p1|Torkoal, L50, M|\n|poke|p1|Scizor, L50, M|\n|poke|p1|Lucario, L50, M|\n|poke|p2|Incineroar, L50, M|\n|poke|p2|Venusaur, L50, F|\n|poke|p2|Charizard, L50, F|\n|poke|p2|Talonflame, L50, M|\n|poke|p2|Typhlosion-Hisui, L50, F|\n|poke|p2|Rotom-Wash, L50|\n|teampreview|4\n|inactive|Battle timer is ON: inactive players will automatically lose when time's up. (requested by corek)\n|\n|t:|1776043494\n|teamsize|p1|4\n|teamsize|p2|4\n|start\n|switch|p1a: Lucario|Lucario, L50, M|100/100\n|switch|p1b: Armarouge|Armarouge, L50, M|100/100\n|switch|p2a: Incineroar|Incineroar, L50, M, shiny|100/100\n|switch|p2b: Venusaur|Venusaur, L50, F|100/100\n|-ability|p2a: Incineroar|Intimidate|boost\n|-fail|p1a: Lucario|unboost|Attack|[from] ability: Inner Focus|[of] p1a: Lucario\n|-unboost|p1b: Armarouge|atk|1\n|turn|1\n|inactive|itstorkoaltime has 30 seconds left.\n|\n|t:|1776043526\n|move|p2b: Venusaur|Protect|p2b: Venusaur\n|-singleturn|p2b: Venusaur|Protect\n|move|p1a: Lucario|Quick Guard|p1a: Lucario\n|-singleturn|p1a: Lucario|Quick Guard\n|move|p1b: Armarouge|Armor Cannon|p2b: Venusaur\n|-activate|p2b: Venusaur|move: Protect\n|move|p2a: Incineroar|Throat Chop|p1b: Armarouge\n|-supereffective|p1b: Armarouge|1\n|-damage|p1b: Armarouge|2/100\n|-start|p1b: Armarouge|Throat Chop|[silent]\n|-ability|p1b: Armarouge|Weak Armor|boost\n|-unboost|p1b: Armarouge|def|1\n|-boost|p1b: Armarouge|spe|2\n|\n|upkeep\n|turn|2\n|inactive|itstorkoaltime has 30 seconds left.\n|inactive|itstorkoaltime has 20 seconds left.\n|\n|t:|1776043564\n|switch|p2b: Charizard|Charizard, L50, F, shiny|100/100\n|switch|p2a: Typhlosion|Typhlosion-Hisui, L50, F|100/100\n|-item|p1a: Lucario|Focus Sash|[from] ability: Frisk|[of] p2a: Typhlosion\n|-item|p1b: Armarouge|Shuca Berry|[from] ability: Frisk|[of] p2a: Typhlosion\n|move|p1b: Armarouge|Armor Cannon|p2b: Charizard\n|-resisted|p2b: Charizard|1\n|-damage|p2b: Charizard|62/100\n|-unboost|p1b: Armarouge|def|1\n|-unboost|p1b: Armarouge|spd|1\n|move|p1a: Lucario|High Jump Kick|p2a: Typhlosion\n|-immune|p2a: Typhlosion\n|-damage|p1a: Lucario|51/100|[from] highjumpkick\n|\n|-end|p1b: Armarouge|Throat Chop|[silent]\n|upkeep\n|turn|3\n|inactive|itstorkoaltime has 30 seconds left.\n|\n|t:|1776043592\n|detailschange|p2b: Charizard|Charizard-Mega-Y, L50, F, shiny\n|-mega|p2b: Charizard|Charizard|Charizardite Y\n|-weather|SunnyDay|[from] ability: Drought|[of] p2b: Charizard\n|move|p2b: Charizard|Protect|p2b: Charizard\n|-singleturn|p2b: Charizard|Protect\n|move|p1b: Armarouge|Wide Guard|p1b: Armarouge\n|-singleturn|p1b: Armarouge|Wide Guard\n|move|p2a: Typhlosion|Eruption|p1a: Lucario|[spread] \n|-activate|p1a: Lucario|move: Wide Guard\n|-activate|p1b: Armarouge|move: Wide Guard\n|move|p1a: Lucario|Ice Punch|p2b: Charizard\n|-activate|p2b: Charizard|move: Protect\n|\n|-weather|SunnyDay|[upkeep]\n|upkeep\n|turn|4\n|inactive|itstorkoaltime has 30 seconds left.\n|\n|t:|1776043622\n|move|p1a: Lucario|Protect|p1a: Lucario\n|-singleturn|p1a: Lucario|Protect\n|move|p1b: Armarouge|Wide Guard|p1b: Armarouge\n|-singleturn|p1b: Armarouge|Wide Guard\n|move|p2a: Typhlosion|Eruption|p1b: Armarouge|[spread] \n|-activate|p1a: Lucario|move: Wide Guard\n|-activate|p1b: Armarouge|move: Wide Guard\n|move|p2b: Charizard|Scorching Sands|p1b: Armarouge\n|-supereffective|p1b: Armarouge|1\n|-enditem|p1b: Armarouge|Shuca Berry|[eat]\n|-enditem|p1b: Armarouge|Shuca Berry|[weaken]\n|-damage|p1b: Armarouge|0 fnt\n|faint|p1b: Armarouge\n|\n|-weather|SunnyDay|[upkeep]\n|upkeep\n|\n|t:|1776043643\n|switch|p1b: Ceruledge|Ceruledge, L50, F|100/100\n|turn|5\n|\n|t:|1776043654\n|move|p2a: Typhlosion|Eruption|p1a: Lucario|[spread] p1a,p1b\n|-supereffective|p1a: Lucario|1\n|-resisted|p1b: Ceruledge|1\n|-damage|p1a: Lucario|0 fnt\n|-damage|p1b: Ceruledge|43/100\n|faint|p1a: Lucario\n|move|p2b: Charizard|Scorching Sands|p1b: Ceruledge\n|-supereffective|p1b: Ceruledge|1\n|-damage|p1b: Ceruledge|0 fnt\n|faint|p1b: Ceruledge\n|\n|-weather|SunnyDay|[upkeep]\n|upkeep\n|\n|t:|1776043666\n|switch|p1b: Starmie|Starmie, L50|100/100\n|turn|6\n|\n|t:|1776043682\n|switch|p2b: Incineroar|Incineroar, L50, M, shiny|100/100\n|-ability|p2b: Incineroar|Intimidate|boost\n|-unboost|p1b: Starmie|atk|1\n|detailschange|p1b: Starmie|Starmie-Mega, L50\n|-mega|p1b: Starmie|Starmie|Starminite\n|move|p2a: Typhlosion|Eruption|p1b: Starmie\n|-resisted|p1b: Starmie|1\n|-damage|p1b: Starmie|28/100\n|move|p1b: Starmie|Ice Spinner|p2b: Incineroar\n|-resisted|p2b: Incineroar|1\n|-damage|p2b: Incineroar|85/100\n|\n|-weather|SunnyDay|[upkeep]\n|upkeep\n|turn|7\n|\n|t:|1776043697\n|move|p1b: Starmie|Protect|p1b: Starmie\n|-singleturn|p1b: Starmie|Protect\n|move|p2b: Incineroar|Fake Out|p1b: Starmie\n|-activate|p1b: Starmie|move: Protect\n|move|p2a: Typhlosion|Eruption|p1b: Starmie\n|-activate|p1b: Starmie|move: Protect\n|\n|-weather|none\n|upkeep\n|turn|8\n|\n|t:|1776043711\n|move|p2a: Typhlosion|Eruption|p1b: Starmie\n|-resisted|p1b: Starmie|1\n|-damage|p1b: Starmie|0 fnt\n|faint|p1b: Starmie\n|\n|win|itstorkoaltime\n|raw|corek's rating: 1015 &rarr; <strong>1002</strong><br />(-13 for losing)\n|raw|itstorkoaltime's rating: 1000 &rarr; <strong>1042</strong><br />(+42 for winning)\n",
  "uploadtime": 1776043726,
  "views": 11,
  "formatid": "gen9championsvgc2026regma",
  "rating": 1002,
  "private": 0,
  "password": null
}