{
  "id": "gen9championsvgc2026regma-2582369713",
  "format": "[Gen 9 Champions] VGC 2026 Reg M-A",
  "players": [
    "PendulumKami",
    "Kior"
  ],
  "log": "|j|\u2606PendulumKami\n|j|\u2606Kior\n|t:|1776087024\n|gametype|doubles\n|player|p1|PendulumKami|266|1285\n|player|p2|Kior|guitarist-gen4|1349\n|gen|9\n|tier|[Gen 9 Champions] VGC 2026 Reg M-A\n|rated|\n|rule|Species Clause: Limit one of each Pok\u00e9mon\n|rule|Item Clause: Limit 1 of each item\n|clearpoke\n|poke|p1|Ninetales-Alola, L50, M|\n|poke|p1|Tyranitar, L50, M|\n|poke|p1|Greninja-*, L50, F|\n|poke|p1|Scizor, L50, M|\n|poke|p1|Whimsicott, L50, F|\n|poke|p1|Armarouge, L50, F|\n|poke|p2|Farigiraf, L50, M|\n|poke|p2|Kingambit, L50, F|\n|poke|p2|Golurk, L50|\n|poke|p2|Drampa, L50, F|\n|poke|p2|Incineroar, L50, M|\n|poke|p2|Sinistcha, L50|\n|teampreview|4\n|\n|t:|1776087056\n|teamsize|p1|4\n|teamsize|p2|4\n|start\n|switch|p1a: Sol Badguy|Scizor, L50, M|100/100\n|switch|p1b: Windy|Greninja, L50, F|100/100\n|switch|p2a: Farigiraf|Farigiraf, L50, M|100/100\n|switch|p2b: Incineroar|Incineroar, L50, M|100/100\n|-ability|p2b: Incineroar|Intimidate|boost\n|-unboost|p1a: Sol Badguy|atk|1\n|-unboost|p1b: Windy|atk|1\n|turn|1\n|\n|t:|1776087076\n|detailschange|p1a: Sol Badguy|Scizor-Mega, L50, M\n|-mega|p1a: Sol Badguy|Scizor|Scizorite\n|move|p2b: Incineroar|Fake Out|p1b: Windy\n|-damage|p1b: Windy|80/100\n|cant|p1b: Windy|flinch\n|move|p1a: Sol Badguy|Dual Wingbeat|p2a: Farigiraf\n|-damage|p2a: Farigiraf|86/100\n|-damage|p2a: Farigiraf|72/100\n|-hitcount|p2a: Farigiraf|2\n|move|p2a: Farigiraf|Trick Room|p2a: Farigiraf\n|-fieldstart|move: Trick Room|[of] p2a: Farigiraf\n|\n|upkeep\n|turn|2\n|\n|t:|1776087100\n|switch|p2a: Kingambit|Kingambit, L50, F|100/100\n|switch|p1a: Counter|Armarouge, L50, F|100/100\n|move|p2b: Incineroar|Flare Blitz|p1a: Counter\n|-start|p1a: Counter|ability: Flash Fire\n|move|p1b: Windy|U-turn|p2a: Kingambit\n|-start|p1b: Windy|typechange|Bug|[from] ability: Protean\n|-damage|p2a: Kingambit|89/100\n|\n|t:|1776087107\n|switch|p1b: Sol Badguy|Scizor-Mega, L50, M|100/100|[from] U-turn\n|\n|upkeep\n|turn|3\n|\n|t:|1776087123\n|move|p1a: Counter|Ally Switch|p1a: Counter\n|swap|p1a: Counter|1|[from] move: Ally Switch\n|move|p2a: Kingambit|Kowtow Cleave|p1a: Sol Badguy\n|-damage|p1a: Sol Badguy|56/100\n|move|p2b: Incineroar|Flare Blitz|p1b: Counter\n|-immune|p1b: Counter|[from] ability: Flash Fire\n|move|p1a: Sol Badguy|Swords Dance|p1a: Sol Badguy\n|-boost|p1a: Sol Badguy|atk|2\n|\n|upkeep\n|turn|4\n|\n|t:|1776087155\n|-end|p1b: Counter|ability: Flash Fire|[silent]\n|switch|p1b: Ghoul|Ninetales-Alola, L50, M, shiny|100/100\n|-weather|Snowscape|[from] ability: Snow Warning|[of] p1b: Ghoul\n|move|p1a: Sol Badguy|Protect|p1a: Sol Badguy\n|-singleturn|p1a: Sol Badguy|Protect\n|move|p2a: Kingambit|Kowtow Cleave|p1b: Ghoul\n|-resisted|p1b: Ghoul|1\n|-damage|p1b: Ghoul|68/100\n|move|p2b: Incineroar|Flare Blitz|p1a: Sol Badguy\n|-activate|p1a: Sol Badguy|move: Protect\n|\n|-weather|Snowscape|[upkeep]\n|upkeep\n|turn|5\n|\n|t:|1776087174\n|switch|p1a: Counter|Armarouge, L50, F|100/100\n|move|p1b: Ghoul|Protect|p1b: Ghoul\n|-singleturn|p1b: Ghoul|Protect\n|move|p2a: Kingambit|Iron Head|p1b: Ghoul\n|-activate|p1b: Ghoul|move: Protect\n|move|p2b: Incineroar|Flare Blitz|p1a: Counter\n|-start|p1a: Counter|ability: Flash Fire\n|\n|-weather|Snowscape|[upkeep]\n|-fieldend|move: Trick Room\n|upkeep\n|turn|6\n|\n|t:|1776087206\n|move|p2a: Kingambit|Protect|p2a: Kingambit\n|-singleturn|p2a: Kingambit|Protect\n|move|p1b: Ghoul|Aurora Veil|p1b: Ghoul\n|-sidestart|p1: PendulumKami|move: Aurora Veil\n|move|p1a: Counter|Heat Wave|p2b: Incineroar|[spread] p2b\n|-activate|p2a: Kingambit|move: Protect\n|-resisted|p2b: Incineroar|1\n|-crit|p2b: Incineroar\n|-damage|p2b: Incineroar|71/100\n|move|p2b: Incineroar|Parting Shot|p1a: Counter\n|-unboost|p1a: Counter|atk|1\n|-unboost|p1a: Counter|spa|1\n|\n|t:|1776087219\n|switch|p2b: Farigiraf|Farigiraf, L50, M|72/100|[from] Parting Shot\n|\n|-weather|Snowscape|[upkeep]\n|upkeep\n|turn|7\n|\n|t:|1776087230\n|switch|p2a: Incineroar|Incineroar, L50, M|71/100\n|-ability|p2a: Incineroar|Intimidate|boost\n|-unboost|p1a: Counter|atk|1\n|-unboost|p1b: Ghoul|atk|1\n|move|p2b: Farigiraf|Protect|p2b: Farigiraf\n|-singleturn|p2b: Farigiraf|Protect\n|move|p1b: Ghoul|Blizzard|p2b: Farigiraf|[spread] p2a\n|-activate|p2b: Farigiraf|move: Protect\n|-resisted|p2a: Incineroar|1\n|-damage|p2a: Incineroar|58/100\n|move|p1a: Counter|Heat Wave|p2a: Incineroar|[spread] p2a\n|-activate|p2b: Farigiraf|move: Protect\n|-resisted|p2a: Incineroar|1\n|-damage|p2a: Incineroar|44/100\n|\n|-weather|Snowscape|[upkeep]\n|upkeep\n|turn|8\n|\n|t:|1776087254\n|move|p1b: Ghoul|Protect|p1b: Ghoul\n|-singleturn|p1b: Ghoul|Protect\n|move|p2a: Incineroar|Fake Out|p1a: Counter\n|-damage|p1a: Counter|95/100\n|cant|p1a: Counter|flinch\n|move|p2b: Farigiraf|Trick Room|p2b: Farigiraf\n|-fieldstart|move: Trick Room|[of] p2b: Farigiraf\n|\n|-weather|none\n|upkeep\n|turn|9\n|\n|t:|1776087292\n|switch|p2b: Kingambit|Kingambit, L50, F|89/100\n|-end|p1a: Counter|ability: Flash Fire|[silent]\n|switch|p1a: Sol Badguy|Scizor-Mega, L50, M|56/100\n|move|p2a: Incineroar|Flare Blitz|p1a: Sol Badguy\n|-supereffective|p1a: Sol Badguy|2\n|-damage|p1a: Sol Badguy|0 fnt\n|faint|p1a: Sol Badguy\n|-damage|p2a: Incineroar|28/100|[from] Recoil\n|move|p1b: Ghoul|Moonblast|p2a: Incineroar\n|-damage|p2a: Incineroar|0 fnt\n|faint|p2a: Incineroar\n|\n|upkeep\n|\n|t:|1776087306\n|switch|p2a: Golurk|Golurk, L50|100/100\n|switch|p1a: Counter|Armarouge, L50, F|95/100\n|turn|10\n|\n|t:|1776087322\n|switch|p1b: Windy|Greninja, L50, F|80/100\n|detailschange|p2a: Golurk|Golurk-Mega, L50\n|-mega|p2a: Golurk|Golurk|Golurkite\n|move|p2b: Kingambit|Kowtow Cleave|p1b: Windy\n|-resisted|p1b: Windy|1\n|-damage|p1b: Windy|42/100\n|move|p2a: Golurk|Headlong Rush|p1a: Counter\n|-supereffective|p1a: Counter|1\n|-damage|p1a: Counter|16/100\n|-unboost|p2a: Golurk|def|1\n|-unboost|p2a: Golurk|spd|1\n|-enditem|p1a: Counter|Sitrus Berry|[eat]\n|-heal|p1a: Counter|41/100|[from] item: Sitrus Berry\n|move|p1a: Counter|Heat Wave|p2a: Golurk|[spread] p2a,p2b\n|-supereffective|p2b: Kingambit|1\n|-damage|p2a: Golurk|55/100\n|-damage|p2b: Kingambit|18/100\n|\n|-sideend|p1: PendulumKami|move: Aurora Veil\n|upkeep\n|turn|11\n|\n|t:|1776087366\n|switch|p1b: Ghoul|Ninetales-Alola, L50, M, shiny|68/100\n|-weather|Snowscape|[from] ability: Snow Warning|[of] p1b: Ghoul\n|move|p1a: Counter|Ally Switch|p1a: Counter\n|swap|p1a: Counter|1|[from] move: Ally Switch\n|move|p2b: Kingambit|Kowtow Cleave|p1a: Ghoul\n|-resisted|p1a: Ghoul|1\n|-damage|p1a: Ghoul|35/100\n|move|p2a: Golurk|Headlong Rush|p1b: Counter\n|-supereffective|p1b: Counter|1\n|-damage|p1b: Counter|0 fnt\n|-unboost|p2a: Golurk|def|1\n|-unboost|p2a: Golurk|spd|1\n|faint|p1b: Counter\n|\n|-weather|Snowscape|[upkeep]\n|upkeep\n|\n|t:|1776087376\n|switch|p1b: Windy|Greninja, L50, F|42/100\n|turn|12\n|\n|t:|1776087398\n|switch|p2a: Farigiraf|Farigiraf, L50, M|72/100\n|move|p1a: Ghoul|Protect|p1a: Ghoul\n|-singleturn|p1a: Ghoul|Protect\n|move|p2b: Kingambit|Kowtow Cleave|p1b: Windy\n|-resisted|p1b: Windy|1\n|-damage|p1b: Windy|0 fnt\n|faint|p1b: Windy\n|\n|-weather|Snowscape|[upkeep]\n|-fieldend|move: Trick Room\n|upkeep\n|turn|13\n|\n|t:|1776087412\n|move|p2b: Kingambit|Protect|p2b: Kingambit\n|-singleturn|p2b: Kingambit|Protect\n|move|p1a: Ghoul|Blizzard|p2a: Farigiraf|[spread] p2a\n|-activate|p2b: Kingambit|move: Protect\n|-damage|p2a: Farigiraf|46/100\n|-enditem|p2a: Farigiraf|Sitrus Berry|[eat]\n|-heal|p2a: Farigiraf|71/100|[from] item: Sitrus Berry\n|move|p2a: Farigiraf|Trick Room|p2a: Farigiraf\n|-fieldstart|move: Trick Room|[of] p2a: Farigiraf\n|\n|-weather|Snowscape|[upkeep]\n|upkeep\n|turn|14\n|c|\u2606PendulumKami|gg\n|\n|t:|1776087424\n|move|p2b: Kingambit|Iron Head|p1a: Ghoul\n|-supereffective|p1a: Ghoul|2\n|-damage|p1a: Ghoul|0 fnt\n|faint|p1a: Ghoul\n|\n|win|Kior\n|raw|PendulumKami's rating: 1285 &rarr; <strong>1265</strong><br />(-20 for losing)\n|raw|Kior's rating: 1349 &rarr; <strong>1365</strong><br />(+16 for winning)\n|c|\u2606Kior|gg\n|c|\u2606PendulumKami|the fblitz prediction was good lol\n|l|\u2606PendulumKami\n|player|p1|\n|c|\u2606Kior|thx nice team build\n",
  "uploadtime": 1776087459,
  "views": 21,
  "formatid": "gen9championsvgc2026regma",
  "rating": 1265,
  "private": 0,
  "password": null
}