{
  "id": "gen9championsvgc2026regma-2586140384",
  "format": "[Gen 9 Champions] VGC 2026 Reg M-A",
  "players": [
    "ezius",
    "De Axl"
  ],
  "log": "|j|\u2606ezius\n|j|\u2606De Axl\n|t:|1776404054\n|gametype|doubles\n|player|p1|ezius|ghetsis|1048\n|player|p2|De Axl|richboy-gen4|1114\n|gen|9\n|tier|[Gen 9 Champions] VGC 2026 Reg M-A\n|rated|\n|rule|Species Clause: Limit one of each Pok\u00e9mon\n|rule|Item Clause: Limit 1 of each item\n|clearpoke\n|poke|p1|Greninja-*, L50, F|\n|poke|p1|Palafin, L50, M|\n|poke|p1|Maushold, L50|\n|poke|p1|Pelipper, L50, M|\n|poke|p1|Archaludon, L50, M|\n|poke|p1|Sneasler, L50, F|\n|poke|p2|Noivern, L50, F|\n|poke|p2|Gardevoir, L50, F|\n|poke|p2|Typhlosion, L50, M|\n|poke|p2|Garchomp, L50, M|\n|poke|p2|Aegislash, L50, M|\n|poke|p2|Beedrill, L50, M|\n|teampreview|4\n|inactive|Battle timer is ON: inactive players will automatically lose when time's up. (requested by De Axl)\n|\n|t:|1776404080\n|teamsize|p1|4\n|teamsize|p2|4\n|start\n|switch|p1a: Palafin|Palafin, L50, M|100/100\n|switch|p1b: Pelipper|Pelipper, L50, M|100/100\n|switch|p2a: Noivern|Noivern, L50, F|100/100\n|switch|p2b: Gardevoir|Gardevoir, L50, F|100/100\n|-weather|RainDance|[from] ability: Drizzle|[of] p1b: Pelipper\n|turn|1\n|inactive|ezius has 30 seconds left.\n|inactive|ezius has 20 seconds left.\n|inactive|ezius has 15 seconds left.\n|\n|t:|1776404121\n|move|p2a: Noivern|Tailwind|p2a: Noivern\n|-sidestart|p2: De Axl|move: Tailwind\n|move|p2b: Gardevoir|Reflect|p2b: Gardevoir\n|-sidestart|p2: De Axl|Reflect\n|move|p1a: Palafin|Ice Punch|p2a: Noivern\n|-supereffective|p2a: Noivern|2\n|-damage|p2a: Noivern|28/100\n|move|p1b: Pelipper|Hurricane|p2b: Gardevoir\n|-damage|p2b: Gardevoir|48/100\n|\n|-weather|RainDance|[upkeep]\n|-heal|p2a: Noivern|34/100|[from] item: Leftovers\n|upkeep\n|turn|2\n|\n|t:|1776404149\n|detailschange|p1a: Palafin|Palafin-Hero, L50, M\n|switch|p1a: Archaludon|Archaludon, L50, M|100/100\n|move|p1b: Pelipper|Wide Guard|p1b: Pelipper\n|-singleturn|p1b: Pelipper|Wide Guard\n|move|p2a: Noivern|Hurricane|p1a: Archaludon\n|-resisted|p1a: Archaludon|1\n|-damage|p1a: Archaludon|73/100\n|-start|p1a: Archaludon|confusion\n|-ability|p1a: Archaludon|Stamina|boost\n|-boost|p1a: Archaludon|def|1\n|move|p2b: Gardevoir|Misty Explosion|p1b: Pelipper|[spread] \n|-activate|p1a: Archaludon|move: Wide Guard\n|-activate|p1b: Pelipper|move: Wide Guard\n|-activate|p2a: Noivern|ability: Telepathy\n|faint|p2b: Gardevoir\n|\n|-weather|RainDance|[upkeep]\n|-heal|p2a: Noivern|40/100|[from] item: Leftovers\n|-heal|p1a: Archaludon|79/100|[from] item: Leftovers\n|upkeep\n|\n|t:|1776404168\n|switch|p2b: Typhlosion|Typhlosion, L50, M|100/100\n|turn|3\n|\n|t:|1776404179\n|move|p2a: Noivern|Hurricane|p1b: Pelipper\n|-damage|p1b: Pelipper|21/100\n|-start|p1b: Pelipper|confusion\n|move|p2b: Typhlosion|Scorching Sands|p1a: Archaludon\n|-supereffective|p1a: Archaludon|1\n|-damage|p1a: Archaludon|20/100\n|-ability|p1a: Archaludon|Stamina|boost\n|-boost|p1a: Archaludon|def|1\n|-activate|p1a: Archaludon|confusion\n|move|p1a: Archaludon|Electro Shot||[still]\n|-prepare|p1a: Archaludon|Electro Shot\n|-boost|p1a: Archaludon|spa|1\n|-anim|p1a: Archaludon|Electro Shot|p2a: Noivern\n|-damage|p2a: Noivern|0 fnt\n|faint|p2a: Noivern\n|-activate|p1b: Pelipper|confusion\n|-damage|p1b: Pelipper|14/100|[from] confusion\n|\n|-weather|RainDance|[upkeep]\n|-heal|p1a: Archaludon|26/100|[from] item: Leftovers\n|upkeep\n|\n|t:|1776404196\n|switch|p2a: Beedrill|Beedrill, L50, M|100/100\n|turn|4\n|\n|t:|1776404208\n|detailschange|p2a: Beedrill|Beedrill-Mega, L50, M\n|-mega|p2a: Beedrill|Beedrill|Beedrillite\n|-end|p1a: Archaludon|confusion\n|move|p1a: Archaludon|Protect|p1a: Archaludon\n|-singleturn|p1a: Archaludon|Protect\n|move|p2a: Beedrill|Fell Stinger|p1b: Pelipper\n|-resisted|p1b: Pelipper|1\n|-damage|p1b: Pelipper|0 fnt\n|faint|p1b: Pelipper\n|-boost|p2a: Beedrill|atk|3\n|move|p2b: Typhlosion|Scorching Sands|p1a: Archaludon\n|-activate|p1a: Archaludon|move: Protect\n|\n|-weather|RainDance|[upkeep]\n|-heal|p1a: Archaludon|32/100|[from] item: Leftovers\n|-sideend|p2: De Axl|move: Tailwind\n|upkeep\n|\n|t:|1776404217\n|switch|p1b: Palafin|Palafin-Hero, L50, M|100/100\n|-activate|p1b: Palafin|ability: Zero to Hero\n|turn|5\n|\n|t:|1776404234\n|move|p2a: Beedrill|Lunge|p1b: Palafin\n|-damage|p1b: Palafin|0 fnt\n|faint|p1b: Palafin\n|move|p1a: Archaludon|Electro Shot||[still]\n|-prepare|p1a: Archaludon|Electro Shot\n|-boost|p1a: Archaludon|spa|1\n|-anim|p1a: Archaludon|Electro Shot|p2a: Beedrill\n|-damage|p2a: Beedrill|0 fnt\n|faint|p2a: Beedrill\n|move|p2b: Typhlosion|Scorching Sands|p1a: Archaludon\n|-supereffective|p1a: Archaludon|1\n|-damage|p1a: Archaludon|0 fnt\n|faint|p1a: Archaludon\n|\n|-weather|none\n|-sideend|p2: De Axl|Reflect\n|upkeep\n|\n|t:|1776404243\n|switch|p1b: Greninja|Greninja, L50, F|100/100\n|turn|6\n|inactive|De Axl has 30 seconds left.\n|inactive|De Axl has 20 seconds left.\n|\n|t:|1776404281\n|detailschange|p1b: Greninja|Greninja-Mega, L50, F\n|-mega|p1b: Greninja|Greninja|Greninjite\n|move|p1b: Greninja|Surf|p2b: Typhlosion\n|-start|p1b: Greninja|typechange|Water|[from] ability: Protean\n|-supereffective|p2b: Typhlosion|1\n|-damage|p2b: Typhlosion|0 fnt\n|faint|p2b: Typhlosion\n|\n|win|ezius\n|raw|ezius's rating: 1048 &rarr; <strong>1087</strong><br />(+39 for winning)\n|raw|De Axl's rating: 1114 &rarr; <strong>1084</strong><br />(-30 for losing)\n|l|\u2606De Axl\n|player|p2|\n",
  "uploadtime": 1776404304,
  "views": 20,
  "formatid": "gen9championsvgc2026regma",
  "rating": 1084,
  "private": 0,
  "password": null
}