{
  "id": "gen9championsvgc2026regma-2587557917",
  "format": "[Gen 9 Champions] VGC 2026 Reg M-A",
  "players": [
    "WojtusG",
    "Maxspir"
  ],
  "log": "|j|\u2606WojtusG\n|j|\u2606Maxspir\n|t:|1776542123\n|gametype|doubles\n|player|p1|WojtusG|265|1194\n|player|p2|Maxspir|sada-ai|1198\n|gen|9\n|tier|[Gen 9 Champions] VGC 2026 Reg M-A\n|rated|\n|rule|Species Clause: Limit one of each Pok\u00e9mon\n|rule|Item Clause: Limit 1 of each item\n|clearpoke\n|poke|p1|Floette-Eternal, L50, F|\n|poke|p1|Dragapult, L50, F|\n|poke|p1|Milotic, L50, M|\n|poke|p1|Incineroar, L50, M|\n|poke|p1|Excadrill, L50, F|\n|poke|p1|Whimsicott, L50, F|\n|poke|p2|Froslass, L50, F|\n|poke|p2|Farigiraf, L50, F|\n|poke|p2|Milotic, L50, F|\n|poke|p2|Crabominable, L50, M|\n|poke|p2|Gallade, L50, M|\n|poke|p2|Sneasler, L50, F|\n|teampreview|4\n|inactive|Battle timer is ON: inactive players will automatically lose when time's up. (requested by Maxspir)\n|inactive|WojtusG has 60 seconds left.\n|inactive|Maxspir has 60 seconds left.\n|inactive|Maxspir has 30 seconds left.\n|inactive|Maxspir has 20 seconds left.\n|inactive|Maxspir has 15 seconds left.\n|inactive|Maxspir has 10 seconds left.\n|inactive|Maxspir has 5 seconds left.\n|\n|t:|1776542211\n|teamsize|p1|4\n|teamsize|p2|4\n|start\n|switch|p1a: Jane!|Floette-Eternal, L50, F|100/100\n|switch|p1b: Dragapult|Dragapult, L50, F|100/100\n|switch|p2a: Sneasler|Sneasler, L50, F|100/100\n|switch|p2b: Froslass|Froslass, L50, F|100/100\n|turn|1\n|inactive|Maxspir has 30 seconds left.\n|\n|t:|1776542244\n|switch|p2b: Farigiraf|Farigiraf, L50, F|100/100\n|move|p1a: Jane!|Protect|p1a: Jane!\n|-singleturn|p1a: Jane!|Protect\n|move|p2a: Sneasler|Fake Out|p1a: Jane!\n|-activate|p1a: Jane!|move: Protect\n|move|p1b: Dragapult|Reflect|p1b: Dragapult\n|-sidestart|p1: WojtusG|Reflect\n|\n|upkeep\n|turn|2\n|\n|t:|1776542264\n|switch|p1a: Incineroar|Incineroar, L50, M|100/100\n|-ability|p1a: Incineroar|Intimidate|boost\n|-unboost|p2a: Sneasler|atk|1\n|-unboost|p2b: Farigiraf|atk|1\n|-enditem|p2a: Sneasler|White Herb\n|-clearnegativeboost|p2a: Sneasler|[silent]\n|move|p2a: Sneasler|Dire Claw|p1a: Incineroar\n|-damage|p1a: Incineroar|69/100\n|move|p1b: Dragapult|U-turn|p2b: Farigiraf\n|-supereffective|p2b: Farigiraf|1\n|-damage|p2b: Farigiraf|62/100\n|\n|t:|1776542276\n|switch|p1b: Excadrill|Excadrill, L50, F|100/100|[from] U-turn\n|move|p2b: Farigiraf|Trick Room|p2b: Farigiraf\n|-fieldstart|move: Trick Room|[of] p2b: Farigiraf\n|\n|upkeep\n|turn|3\n|inactive|Maxspir has 30 seconds left.\n|\n|t:|1776542306\n|switch|p2b: Crabominable|Crabominable, L50, M|100/100\n|switch|p2a: Froslass|Froslass, L50, F|100/100\n|move|p1a: Incineroar|Darkest Lariat|p2b: Crabominable\n|-resisted|p2b: Crabominable|1\n|-damage|p2b: Crabominable|77/100\n|move|p1b: Excadrill|High Horsepower|p2a: Froslass\n|-damage|p2a: Froslass|16/100\n|-start|p1b: Excadrill|Disable|High Horsepower|[from] ability: Cursed Body|[of] p2a: Froslass\n|\n|upkeep\n|turn|4\n|inactive|WojtusG has 30 seconds left.\n|\n|t:|1776542335\n|switch|p1b: Jane!|Floette-Eternal, L50, F|100/100\n|detailschange|p2a: Froslass|Froslass-Mega, L50, F\n|-mega|p2a: Froslass|Froslass|Froslassite\n|-weather|Snowscape|[from] ability: Snow Warning|[of] p2a: Froslass\n|move|p2a: Froslass|Protect|p2a: Froslass\n|-singleturn|p2a: Froslass|Protect\n|move|p2b: Crabominable|Drain Punch|p1a: Incineroar\n|-supereffective|p1a: Incineroar|1\n|-damage|p1a: Incineroar|17/100\n|-heal|p2b: Crabominable|100/100|[from] drain|[of] p1a: Incineroar\n|move|p1a: Incineroar|Parting Shot|p2b: Crabominable\n|-unboost|p2b: Crabominable|atk|1\n|-unboost|p2b: Crabominable|spa|1\n|\n|t:|1776542351\n|switch|p1a: Excadrill|Excadrill, L50, F|100/100|[from] Parting Shot\n|\n|-weather|Snowscape|[upkeep]\n|upkeep\n|turn|5\n|\n|t:|1776542365\n|switch|p1a: Dragapult|Dragapult, L50, F|100/100\n|detailschange|p1b: Jane!|Floette-Mega, L50, F\n|-mega|p1b: Jane!|Floette|Floettite\n|-ability|p1b: Jane!|Fairy Aura\n|move|p2b: Crabominable|Ice Hammer|p1b: Jane!\n|-damage|p1b: Jane!|69/100\n|-unboost|p2b: Crabominable|spe|1\n|move|p1b: Jane!|Dazzling Gleam|p2a: Froslass|[spread] p2a,p2b\n|-supereffective|p2b: Crabominable|1\n|-damage|p2a: Froslass|0 fnt\n|-damage|p2b: Crabominable|0 fnt\n|faint|p2a: Froslass\n|faint|p2b: Crabominable\n|\n|-weather|Snowscape|[upkeep]\n|-sideend|p1: WojtusG|Reflect\n|upkeep\n|\n|t:|1776542383\n|switch|p2b: Farigiraf|Farigiraf, L50, F|62/100\n|switch|p2a: Sneasler|Sneasler, L50, F|100/100\n|turn|6\n|\n|t:|1776542409\n|move|p2a: Sneasler|Fake Out|p1b: Jane!\n|-damage|p1b: Jane!|46/100\n|move|p2b: Farigiraf|Psychic|p1a: Dragapult\n|-damage|p1a: Dragapult|46/100\n|cant|p1b: Jane!|flinch\n|move|p1a: Dragapult|Dragon Claw|p2a: Sneasler\n|-crit|p2a: Sneasler\n|-damage|p2a: Sneasler|0 fnt\n|faint|p2a: Sneasler\n|\n|-weather|Snowscape|[upkeep]\n|-fieldend|move: Trick Room\n|upkeep\n|turn|7\n|-message|Maxspir forfeited.\n|\n|win|WojtusG\n|raw|WojtusG's rating: 1194 &rarr; <strong>1219</strong><br />(+25 for winning)\n|raw|Maxspir's rating: 1198 &rarr; <strong>1173</strong><br />(-25 for losing)\n|l|\u2606Maxspir\n|player|p2|\n",
  "uploadtime": 1776542428,
  "views": 22,
  "formatid": "gen9championsvgc2026regma",
  "rating": 1173,
  "private": 0,
  "password": null
}