{
  "id": "gen9championsvgc2026regma-2584278846",
  "format": "[Gen 9 Champions] VGC 2026 Reg M-A",
  "players": [
    "Xtreme diarheaa",
    "24darklight24"
  ],
  "log": "|j|\u2606Xtreme diarheaa\n|j|\u260624darklight24\n|t:|1776246425\n|gametype|doubles\n|player|p1|Xtreme diarheaa|shadowtriad|1084\n|player|p2|24darklight24|101|1012\n|gen|9\n|tier|[Gen 9 Champions] VGC 2026 Reg M-A\n|rated|\n|rule|Species Clause: Limit one of each Pok\u00e9mon\n|rule|Item Clause: Limit 1 of each item\n|clearpoke\n|poke|p1|Hydreigon, L50, F|\n|poke|p1|Krookodile, L50, F|\n|poke|p1|Meowscarada, L50, M|\n|poke|p1|Kingambit, L50, M|\n|poke|p1|Greninja-*, L50, M|\n|poke|p1|Tyranitar, L50, M|\n|poke|p2|Starmie, L50|\n|poke|p2|Dragonite, L50, F|\n|poke|p2|Incineroar, L50, F|\n|poke|p2|Sableye, L50, F|\n|poke|p2|Tsareena, L50, F|\n|poke|p2|Sneasler, L50, M|\n|teampreview|4\n|\n|t:|1776246453\n|teamsize|p1|4\n|teamsize|p2|4\n|start\n|switch|p1a: Greninja|Greninja, L50, M|100/100\n|switch|p1b: Meowscarada|Meowscarada, L50, M|100/100\n|switch|p2a: Sneasler|Sneasler, L50, M|100/100\n|switch|p2b: Tsareena|Tsareena, L50, F|100/100\n|turn|1\n|\n|t:|1776246473\n|switch|p1a: Krookodile|Krookodile, L50, F|100/100\n|move|p1b: Meowscarada|Flower Trick|p1a: Krookodile\n|-start|p1b: Meowscarada|typechange|Grass|[from] ability: Protean\n|-supereffective|p1a: Krookodile|1\n|-crit|p1a: Krookodile\n|-enditem|p1a: Krookodile|Rindo Berry|[eat]\n|-enditem|p1a: Krookodile|Rindo Berry|[weaken]\n|-damage|p1a: Krookodile|66/100\n|-setboost|p1a: Krookodile|atk|6|[from] ability: Anger Point\n|move|p2a: Sneasler|Dire Claw|p1b: Meowscarada\n|-supereffective|p1b: Meowscarada|1\n|-enditem|p1b: Meowscarada|Focus Sash\n|-damage|p1b: Meowscarada|1/100\n|move|p2b: Tsareena|Triple Axel|p1b: Meowscarada\n|-supereffective|p1b: Meowscarada|1\n|-damage|p1b: Meowscarada|0 fnt\n|faint|p1b: Meowscarada\n|-hitcount|p1: Meowscarada|1\n|\n|upkeep\n|\n|t:|1776246492\n|switch|p1b: Kingambit|Kingambit, L50, M|100/100\n|-activate|p1b: Kingambit|ability: Supreme Overlord\n|-start|p1b: Kingambit|fallen1|[silent]\n|turn|2\n|\n|t:|1776246506\n|switch|p2a: Dragonite|Dragonite, L50, F|100/100\n|move|p1b: Kingambit|Protect|p1b: Kingambit\n|-singleturn|p1b: Kingambit|Protect\n|move|p2b: Tsareena|Trop Kick|p1a: Krookodile\n|-supereffective|p1a: Krookodile|1\n|-damage|p1a: Krookodile|3/100\n|-unboost|p1a: Krookodile|atk|1\n|move|p1a: Krookodile|Earthquake|p2a: Dragonite|[spread] p2b\n|-activate|p1b: Kingambit|move: Protect\n|-immune|p2a: Dragonite\n|-resisted|p2b: Tsareena|1\n|-damage|p2b: Tsareena|43/100\n|\n|upkeep\n|turn|3\n|\n|t:|1776246529\n|move|p2a: Dragonite|Tailwind|p2a: Dragonite\n|-sidestart|p2: 24darklight24|move: Tailwind\n|move|p2b: Tsareena|High Jump Kick|p1b: Kingambit\n|-supereffective|p1b: Kingambit|2\n|-damage|p1b: Kingambit|0 fnt\n|faint|p1b: Kingambit\n|-end|p1b: Kingambit|fallen1|[silent]\n|move|p1a: Krookodile|Rock Slide|p2b: Tsareena|[spread] p2a,p2b\n|-supereffective|p2a: Dragonite|1\n|-damage|p2a: Dragonite|3/100\n|-damage|p2b: Tsareena|0 fnt\n|faint|p2b: Tsareena\n|\n|upkeep\n|\n|t:|1776246543\n|switch|p2b: Sneasler|Sneasler, L50, M|100/100\n|switch|p1b: Greninja|Greninja, L50, M|100/100\n|turn|4\n|\n|t:|1776246553\n|switch|p2a: Starmie|Starmie, L50|100/100\n|detailschange|p1b: Greninja|Greninja-Mega, L50, M\n|-mega|p1b: Greninja|Greninja|Greninjite\n|move|p2b: Sneasler|Fake Out|p1a: Krookodile\n|-damage|p1a: Krookodile|0 fnt\n|faint|p1a: Krookodile\n|move|p1b: Greninja|Surf|p2b: Sneasler|[spread] p2a,p2b\n|-start|p1b: Greninja|typechange|Water|[from] ability: Protean\n|-resisted|p2a: Starmie|1\n|-damage|p2a: Starmie|77/100\n|-damage|p2b: Sneasler|49/100\n|\n|upkeep\n|turn|5\n|\n|t:|1776246581\n|detailschange|p2a: Starmie|Starmie-Mega, L50\n|-mega|p2a: Starmie|Starmie|Starminite\n|move|p2b: Sneasler|Dire Claw|p1b: Greninja\n|-damage|p1b: Greninja|41/100\n|move|p2a: Starmie|Skill Swap|p2b: Sneasler\n|-activate|p2a: Starmie|Skill Swap|||[of] p2b: Sneasler\n|move|p1b: Greninja|Blizzard|p2a: Starmie|[spread] p2a\n|-miss|p1b: Greninja|p2b: Sneasler\n|-resisted|p2a: Starmie|1\n|-damage|p2a: Starmie|61/100\n|\n|upkeep\n|turn|6\n|\n|t:|1776246601\n|move|p2b: Sneasler|Close Combat|p1b: Greninja\n|-damage|p1b: Greninja|0 fnt\n|-unboost|p2b: Sneasler|def|1\n|-unboost|p2b: Sneasler|spd|1\n|faint|p1b: Greninja\n|\n|win|24darklight24\n|raw|Xtreme diarheaa's rating: 1084 &rarr; <strong>1057</strong><br />(-27 for losing)\n|raw|24darklight24's rating: 1012 &rarr; <strong>1058</strong><br />(+46 for winning)\n|l|\u2606Xtreme diarheaa\n|player|p1|\n",
  "uploadtime": 1776246612,
  "views": 19,
  "formatid": "gen9championsvgc2026regma",
  "rating": 1057,
  "private": 0,
  "password": null
}