{
  "id": "gen9championsvgc2026regma-2581365206",
  "format": "[Gen 9 Champions] VGC 2026 Reg M-A",
  "players": [
    "pumpkinbob",
    "Proverbs 3"
  ],
  "log": "|j|\u2606pumpkinbob\n|j|\u2606Proverbs 3\n|t:|1775992182\n|gametype|doubles\n|player|p1|pumpkinbob|clown|1128\n|player|p2|Proverbs 3|1|1043\n|gen|9\n|tier|[Gen 9 Champions] VGC 2026 Reg M-A\n|rated|\n|rule|Species Clause: Limit one of each Pok\u00e9mon\n|rule|Item Clause: Limit 1 of each item\n|clearpoke\n|poke|p1|Slowbro, L50, M|\n|poke|p1|Kingambit, L50, F|\n|poke|p1|Incineroar, L50, M|\n|poke|p1|Sinistcha, L50|\n|poke|p1|Sneasler, L50, M|\n|poke|p1|Typhlosion-Hisui, L50, M|\n|poke|p2|Garchomp, L50, M|\n|poke|p2|Charizard, L50, M|\n|poke|p2|Sinistcha, L50|\n|poke|p2|Ditto, L50|\n|poke|p2|Kingambit, L50, F|\n|poke|p2|Gengar, L50, M|\n|teampreview|4\n|inactive|Battle timer is ON: inactive players will automatically lose when time's up. (requested by pumpkinbob)\n|inactive|pumpkinbob has 60 seconds left.\n|inactive|pumpkinbob has 30 seconds left.\n|\n|t:|1775992249\n|teamsize|p1|4\n|teamsize|p2|4\n|start\n|switch|p1a: Slowvro|Slowbro, L50, M, shiny|100/100\n|switch|p1b: Bird|Sneasler, L50, M|100/100\n|switch|p2a: Garchomp|Garchomp, L50, M|100/100\n|switch|p2b: Gengar|Gengar, L50, M, shiny|100/100\n|turn|1\n|inactive|Proverbs 3 has 30 seconds left.\n|\n|t:|1775992276\n|detailschange|p2b: Gengar|Gengar-Mega, L50, M, shiny\n|-mega|p2b: Gengar|Gengar|Gengarite\n|detailschange|p1a: Slowvro|Slowbro-Mega, L50, M, shiny\n|-mega|p1a: Slowvro|Slowbro|Slowbronite\n|move|p1b: Bird|Fake Out|p2a: Garchomp\n|-damage|p2a: Garchomp|84/100\n|-damage|p1b: Bird|88/100|[from] ability: Rough Skin|[of] p2a: Garchomp\n|cant|p2a: Garchomp|flinch\n|move|p2b: Gengar|Shadow Ball|p1a: Slowvro\n|-supereffective|p1a: Slowvro|1\n|-damage|p1a: Slowvro|28/100\n|move|p1a: Slowvro|Psychic|p2b: Gengar\n|-supereffective|p2b: Gengar|1\n|-damage|p2b: Gengar|0 fnt\n|faint|p2b: Gengar\n|\n|upkeep\n|\n|t:|1775992291\n|switch|p2b: Ditto|Ditto, L50, shiny|100/100\n|-transform|p2b: Ditto|p1a: Slowvro|[from] ability: Imposter\n|turn|2\n|\n|t:|1775992310\n|switch|p1a: rawr!|Incineroar, L50, M, shiny|100/100\n|-ability|p1a: rawr!|Intimidate|boost\n|-unboost|p2a: Garchomp|atk|1\n|-unboost|p2b: Ditto|atk|1\n|move|p1b: Bird|Protect|p1b: Bird\n|-singleturn|p1b: Bird|Protect\n|move|p2b: Ditto|Protect|p2b: Ditto\n|-singleturn|p2b: Ditto|Protect\n|move|p2a: Garchomp|Earthquake|p1a: rawr!|[spread] p1a\n|-activate|p2b: Ditto|move: Protect\n|-activate|p1b: Bird|move: Protect\n|-supereffective|p1a: rawr!|1\n|-damage|p1a: rawr!|53/100\n|\n|upkeep\n|turn|3\n|inactive|Proverbs 3 has 30 seconds left.\n|\n|t:|1775992338\n|switch|p2a: Sinistcha|Sinistcha, L50|100/100\n|move|p1a: rawr!|Fake Out|p2a: Sinistcha\n|-immune|p2a: Sinistcha\n|move|p1b: Bird|Close Combat|p2a: Sinistcha\n|-immune|p2a: Sinistcha\n|move|p2b: Ditto|Scald|p1a: rawr!\n|-supereffective|p1a: rawr!|1\n|-damage|p1a: rawr!|0 fnt\n|faint|p1a: rawr!\n|\n|upkeep\n|\n|t:|1775992343\n|switch|p1a: Moustache|Kingambit, L50, F, shiny|100/100\n|turn|4\n|\n|t:|1775992361\n|move|p2a: Sinistcha|Rage Powder|p2a: Sinistcha\n|-singleturn|p2a: Sinistcha|move: Rage Powder\n|move|p1b: Bird|Dire Claw|p2a: Sinistcha\n|-damage|p2a: Sinistcha|58/100\n|move|p1a: Moustache|Kowtow Cleave|p2a: Sinistcha\n|-supereffective|p2a: Sinistcha|1\n|-damage|p2a: Sinistcha|0 fnt\n|faint|p2a: Sinistcha\n|move|p2b: Ditto|Psychic|p1b: Bird\n|-supereffective|p1b: Bird|2\n|-damage|p1b: Bird|0 fnt\n|faint|p1b: Bird\n|\n|upkeep\n|\n|t:|1775992369\n|switch|p1b: Slowvro|Slowbro-Mega, L50, M, shiny|28/100\n|switch|p2a: Garchomp|Garchomp, L50, M|84/100\n|turn|5\n|\n|t:|1775992384\n|move|p1a: Moustache|Protect|p1a: Moustache\n|-singleturn|p1a: Moustache|Protect\n|move|p2b: Ditto|Protect|p2b: Ditto\n|-singleturn|p2b: Ditto|Protect\n|move|p2a: Garchomp|Earthquake|p1a: Moustache|[spread] p1b\n|-activate|p2b: Ditto|move: Protect\n|-activate|p1a: Moustache|move: Protect\n|-damage|p1b: Slowvro|7/100\n|move|p1b: Slowvro|Scald|p2a: Garchomp\n|-damage|p2a: Garchomp|40/100\n|-status|p2a: Garchomp|brn\n|\n|-damage|p2a: Garchomp|35/100 brn|[from] brn\n|upkeep\n|turn|6\n|inactive|pumpkinbob has 30 seconds left.\n|inactive|Proverbs 3 has 30 seconds left.\n|inactive|pumpkinbob has 20 seconds left.\n|inactive|pumpkinbob has 15 seconds left.\n|inactive|Proverbs 3 has 20 seconds left.\n|inactive|Proverbs 3 has 15 seconds left.\n|\n|t:|1775992429\n|move|p1a: Moustache|Sucker Punch|p2a: Garchomp\n|-damage|p2a: Garchomp|0 fnt\n|-damage|p1a: Moustache|88/100|[from] ability: Rough Skin|[of] p2a: Garchomp\n|faint|p2a: Garchomp\n|move|p2b: Ditto|Scald|p1a: Moustache\n|-damage|p1a: Moustache|49/100\n|-status|p1a: Moustache|brn\n|move|p1b: Slowvro|Scald|p2b: Ditto\n|-resisted|p2b: Ditto|1\n|-damage|p2b: Ditto|77/100\n|-status|p2b: Ditto|brn\n|\n|-damage|p1a: Moustache|43/100 brn|[from] brn\n|-damage|p2b: Ditto|71/100 brn|[from] brn\n|upkeep\n|turn|7\n|-message|Proverbs 3 forfeited.\n|\n|win|pumpkinbob\n|raw|pumpkinbob's rating: 1128 &rarr; <strong>1147</strong><br />(+19 for winning)\n|raw|Proverbs 3's rating: 1043 &rarr; <strong>1030</strong><br />(-13 for losing)\n|l|\u2606Proverbs 3\n|player|p2|\n",
  "uploadtime": 1775992473,
  "views": 27,
  "formatid": "gen9championsvgc2026regma",
  "rating": 1030,
  "private": 0,
  "password": null
}