{
  "id": "gen9championsvgc2026regma-2581346375",
  "format": "[Gen 9 Champions] VGC 2026 Reg M-A",
  "players": [
    "Flipsicle",
    "stirix_11"
  ],
  "log": "|j|\u2606Flipsicle\n|j|\u2606stirix_11\n|t:|1775989746\n|gametype|doubles\n|player|p1|Flipsicle|elesa-masters|\n|player|p2|stirix_11|102|\n|gen|9\n|tier|[Gen 9 Champions] VGC 2026 Reg M-A\n|rated|Tournament battle\n|rule|Species Clause: Limit one of each Pok\u00e9mon\n|rule|Item Clause: Limit 1 of each item\n|clearpoke\n|poke|p1|Garchomp, L50, M|\n|poke|p1|Kingambit, L50, F|\n|poke|p1|Primarina, L50, M|\n|poke|p1|Sneasler, L50, M|\n|poke|p1|Dragonite, L50, M|\n|poke|p1|Scovillain, L50, M|\n|poke|p2|Aerodactyl, L50, F|\n|poke|p2|Garchomp, L50, M|\n|poke|p2|Orthworm, L50, F|\n|poke|p2|Tyranitar, L50, M|\n|poke|p2|Incineroar, L50, M|\n|poke|p2|Basculegion, L50, M|\n|teampreview|4\n|inactive|Battle timer is ON: inactive players will automatically lose when time's up. (requested by stirix_11)\nstirix_11 has agreed to open team sheets.\n|c|\u2606Flipsicle|glhf\n|j| DavidTIS\nFlipsicle rejected open team sheets.\n|c|\u2606stirix_11|glhf\n|l| DavidTIS\n|inactive|Flipsicle has 60 seconds left.\n|inactive|stirix_11 has 60 seconds left.\n|\n|t:|1775989791\n|teamsize|p1|4\n|teamsize|p2|4\n|start\n|switch|p1a: Scovillain|Scovillain, L50, M|100/100\n|switch|p1b: Kingambit|Kingambit, L50, F|100/100\n|switch|p2a: Garchomp|Garchomp, L50, M|100/100\n|switch|p2b: Orthworm|Orthworm, L50, F|100/100\n|turn|1\n|j| Kingofyee\n|inactive|Flipsicle has 30 seconds left.\n|inactive|stirix_11 has 30 seconds left.\n|\n|t:|1775989820\n|move|p1b: Kingambit|Protect|p1b: Kingambit\n|-singleturn|p1b: Kingambit|Protect\n|move|p2a: Garchomp|Earthquake|p1a: Scovillain|[spread] p1a\n|-activate|p1b: Kingambit|move: Protect\n|-immune|p2b: Orthworm|[from] ability: Earth Eater\n|-damage|p1a: Scovillain|46/100\n|move|p1a: Scovillain|Flamethrower|p2b: Orthworm\n|-supereffective|p2b: Orthworm|1\n|-damage|p2b: Orthworm|0 fnt\n|faint|p2b: Orthworm\n|\n|-ability|p1a: Scovillain|Moody|boost\n|-boost|p1a: Scovillain|spa|2\n|-unboost|p1a: Scovillain|atk|1\n|upkeep\n|j| tranier lucas\n|l| tranier lucas\n|\n|t:|1775989838\n|switch|p2b: Basculegion|Basculegion, L50, M|100/100\n|turn|2\n|inactive|Flipsicle has 30 seconds left.\n|inactive|Flipsicle has 20 seconds left.\n|\n|t:|1775989877\n|switch|p2b: Tyranitar|Tyranitar, L50, M|100/100\n|-weather|Sandstorm|[from] ability: Sand Stream|[of] p2b: Tyranitar\n|switch|p1b: Garchomp|Garchomp, L50, M|100/100\n|detailschange|p1a: Scovillain|Scovillain-Mega, L50, M\n|-mega|p1a: Scovillain|Scovillain|Scovillainite\n|move|p2a: Garchomp|Stomping Tantrum|p1a: Scovillain\n|-damage|p1a: Scovillain|3/100\n|-status|p2a: Garchomp|brn|[from] ability: Spicy Spray|[of] p1a: Scovillain\n|move|p1a: Scovillain|Energy Ball|p2b: Tyranitar\n|-supereffective|p2b: Tyranitar|1\n|-crit|p2b: Tyranitar\n|-damage|p2b: Tyranitar|0 fnt\n|faint|p2b: Tyranitar\n|\n|-weather|Sandstorm|[upkeep]\n|-damage|p1a: Scovillain|0 fnt|[from] Sandstorm\n|faint|p1a: Scovillain\n|-damage|p2a: Garchomp|95/100 brn|[from] brn\n|upkeep\n|inactive|Flipsicle has 30 seconds left.\n|\n|t:|1775989903\n|switch|p2b: Basculegion|Basculegion, L50, M|100/100\n|switch|p1a: Kingambit|Kingambit, L50, F|100/100\n|turn|3\n|j| VC824\n|\n|t:|1775989910\n|move|p2b: Basculegion|Aqua Jet|p1a: Kingambit\n|-damage|p1a: Kingambit|81/100\n|move|p1a: Kingambit|Sucker Punch||[still]\n|-fail|p1a: Kingambit\n|move|p1b: Garchomp|Dragon Claw|p2a: Garchomp\n|-supereffective|p2a: Garchomp|1\n|-damage|p2a: Garchomp|3/100 brn\n|-damage|p1b: Garchomp|88/100|[from] ability: Rough Skin|[of] p2a: Garchomp\n|move|p2a: Garchomp|Stomping Tantrum|p1a: Kingambit\n|-supereffective|p1a: Kingambit|1\n|-damage|p1a: Kingambit|48/100\n|\n|-weather|Sandstorm|[upkeep]\n|-damage|p2b: Basculegion|95/100|[from] Sandstorm\n|-damage|p2a: Garchomp|0 fnt|[from] brn\n|faint|p2a: Garchomp\n|upkeep\n|turn|4\n|\n|t:|1775989924\n|move|p2b: Basculegion|Aqua Jet|p1a: Kingambit\n|-damage|p1a: Kingambit|28/100\n|move|p1a: Kingambit|Sucker Punch||[still]\n|-fail|p1a: Kingambit\n|move|p1b: Garchomp|Dragon Claw|p2b: Basculegion\n|-damage|p2b: Basculegion|43/100\n|\n|-weather|Sandstorm|[upkeep]\n|-damage|p2b: Basculegion|37/100|[from] Sandstorm\n|upkeep\n|turn|5\n|c|\u2606stirix_11|gg\n|c|\u2606Flipsicle|gg\n|\n|t:|1775989934\n|move|p2b: Basculegion|Aqua Jet|p1a: Kingambit\n|-damage|p1a: Kingambit|10/100\n|move|p1a: Kingambit|Sucker Punch||[still]\n|-fail|p1a: Kingambit\n|move|p1b: Garchomp|Stomping Tantrum|p2b: Basculegion\n|-damage|p2b: Basculegion|0 fnt\n|faint|p2b: Basculegion\n|\n|win|Flipsicle\n|n|\u2606Flipsicle|flipsicle\n|n|\u2606stirix_11|stirix11\n|n| Kingofyee|kingofyee\n|n| VC824|vc824\n|c|\u2606stirix_11|damn scovilion boomed me\n|l| VC824\n|l|\u2606stirix_11\n|player|p2|\n",
  "uploadtime": 1775989959,
  "views": 19,
  "formatid": "gen9championsvgc2026regma",
  "rating": null,
  "private": 0,
  "password": null
}