{
  "id": "gen9championsvgc2026regma-2583206149",
  "format": "[Gen 9 Champions] VGC 2026 Reg M-A",
  "players": [
    "tokenbsian",
    "yadazei"
  ],
  "log": "|j|\u2606tokenbsian\n|j|\u2606yadazei\n|t:|1776154652\n|gametype|doubles\n|player|p1|tokenbsian|101|1116\n|player|p2|yadazei|twins|1060\n|gen|9\n|tier|[Gen 9 Champions] VGC 2026 Reg M-A\n|rated|\n|rule|Species Clause: Limit one of each Pok\u00e9mon\n|rule|Item Clause: Limit 1 of each item\n|clearpoke\n|poke|p1|Crabominable, L50, F|\n|poke|p1|Mr. Rime, L50, M|\n|poke|p1|Kingambit, L50, F|\n|poke|p1|Rotom-Wash, L50|\n|poke|p1|Chimecho, L50, F|\n|poke|p1|Skarmory, L50, M|\n|poke|p2|Greninja-*, L50, M|\n|poke|p2|Pelipper, L50, F|\n|poke|p2|Palafin, L50, M|\n|poke|p2|Archaludon, L50, F|\n|poke|p2|Maushold, L50|\n|poke|p2|Sneasler, L50, F|\n|teampreview|4\n|inactive|Battle timer is ON: inactive players will automatically lose when time's up. (requested by yadazei)\n|\n|t:|1776154675\n|teamsize|p1|4\n|teamsize|p2|4\n|start\n|switch|p1a: Mr. Rime|Mr. Rime, L50, M|100/100\n|switch|p1b: Rotom|Rotom-Wash, L50|100/100\n|switch|p2a: Archaludon|Archaludon, L50, F|100/100\n|switch|p2b: Pelipper|Pelipper, L50, F|100/100\n|-weather|RainDance|[from] ability: Drizzle|[of] p2b: Pelipper\n|turn|1\n|\n|t:|1776154694\n|switch|p2b: Sneasler|Sneasler, L50, F|100/100\n|move|p1b: Rotom|Volt Switch|p2b: Sneasler\n|-damage|p2b: Sneasler|67/100\n|\n|t:|1776154700\n|switch|p1b: Crabominable|Crabominable, L50, F|100/100|[from] Volt Switch\n|move|p2a: Archaludon|Electro Shot||[still]\n|-prepare|p2a: Archaludon|Electro Shot\n|-boost|p2a: Archaludon|spa|1\n|-anim|p2a: Archaludon|Electro Shot|p1b: Crabominable\n|-damage|p1b: Crabominable|23/100\n|-enditem|p1b: Crabominable|Sitrus Berry|[eat]\n|-heal|p1b: Crabominable|48/100|[from] item: Sitrus Berry\n|move|p1a: Mr. Rime|Trick Room|p1a: Mr. Rime\n|-fieldstart|move: Trick Room|[of] p1a: Mr. Rime\n|\n|-weather|RainDance|[upkeep]\n|upkeep\n|turn|2\n|\n|t:|1776154720\n|move|p2b: Sneasler|Fake Out|p1b: Crabominable\n|-damage|p1b: Crabominable|31/100\n|move|p1a: Mr. Rime|Frost Breath|p1b: Crabominable\n|-resisted|p1b: Crabominable|1\n|-crit|p1b: Crabominable\n|-damage|p1b: Crabominable|0 fnt\n|faint|p1b: Crabominable\n|move|p2a: Archaludon|Electro Shot||[still]\n|-prepare|p2a: Archaludon|Electro Shot\n|-boost|p2a: Archaludon|spa|1\n|-anim|p2a: Archaludon|Electro Shot|p1a: Mr. Rime\n|-damage|p1a: Mr. Rime|30/100\n|\n|-weather|RainDance|[upkeep]\n|upkeep\n|\n|t:|1776154731\n|switch|p1b: Chimecho|Chimecho, L50, F|100/100\n|turn|3\n|\n|t:|1776154756\n|detailschange|p1b: Chimecho|Chimecho-Mega, L50, F\n|-mega|p1b: Chimecho|Chimecho|Chimechite\n|move|p1b: Chimecho|Heal Pulse|p1a: Mr. Rime\n|-heal|p1a: Mr. Rime|80/100\n|move|p1a: Mr. Rime|Psychic|p2b: Sneasler\n|-supereffective|p2b: Sneasler|2\n|-damage|p2b: Sneasler|0 fnt\n|faint|p2b: Sneasler\n|move|p2a: Archaludon|Electro Shot||[still]\n|-prepare|p2a: Archaludon|Electro Shot\n|-boost|p2a: Archaludon|spa|1\n|-anim|p2a: Archaludon|Electro Shot|p1b: Chimecho\n|-damage|p1b: Chimecho|37/100\n|\n|-weather|RainDance|[upkeep]\n|upkeep\n|\n|t:|1776154771\n|switch|p2b: Greninja|Greninja, L50, M|100/100\n|turn|4\n|\n|t:|1776154789\n|switch|p1b: Rotom|Rotom-Wash, L50|100/100\n|detailschange|p2b: Greninja|Greninja-Mega, L50, M\n|-mega|p2b: Greninja|Greninja|Greninjite\n|move|p1a: Mr. Rime|Freeze-Dry|p2b: Greninja\n|-supereffective|p2b: Greninja|1\n|-damage|p2b: Greninja|0 fnt\n|faint|p2b: Greninja\n|move|p2a: Archaludon|Electro Shot||[still]\n|-prepare|p2a: Archaludon|Electro Shot\n|-boost|p2a: Archaludon|spa|1\n|-anim|p2a: Archaludon|Electro Shot|p1b: Rotom\n|-damage|p1b: Rotom|0 fnt\n|faint|p1b: Rotom\n|\n|-weather|RainDance|[upkeep]\n|upkeep\n|\n|t:|1776154802\n|switch|p1b: Chimecho|Chimecho-Mega, L50, F|37/100\n|switch|p2b: Pelipper|Pelipper, L50, F|100/100\n|turn|5\n|\n|t:|1776154820\n|move|p1b: Chimecho|Heal Pulse|p1a: Mr. Rime\n|-heal|p1a: Mr. Rime|100/100\n|move|p1a: Mr. Rime|Freeze-Dry|p2b: Pelipper\n|-supereffective|p2b: Pelipper|2\n|-enditem|p2b: Pelipper|Focus Sash\n|-damage|p2b: Pelipper|1/100\n|move|p2b: Pelipper|Hurricane|p1a: Mr. Rime\n|-damage|p1a: Mr. Rime|53/100\n|move|p2a: Archaludon|Electro Shot||[still]\n|-prepare|p2a: Archaludon|Electro Shot\n|-boost|p2a: Archaludon|spa|1\n|-anim|p2a: Archaludon|Electro Shot|p1a: Mr. Rime\n|-damage|p1a: Mr. Rime|0 fnt\n|faint|p1a: Mr. Rime\n|\n|-weather|none\n|-fieldend|move: Trick Room\n|upkeep\n|turn|6\n|\n|t:|1776154837\n|move|p2a: Archaludon|Flash Cannon|p1b: Chimecho\n|-resisted|p1b: Chimecho|1\n|-damage|p1b: Chimecho|0 fnt\n|faint|p1b: Chimecho\n|\n|win|yadazei\n|raw|tokenbsian's rating: 1116 &rarr; <strong>1087</strong><br />(-29 for losing)\n|raw|yadazei's rating: 1060 &rarr; <strong>1096</strong><br />(+36 for winning)\n|l|\u2606tokenbsian\n|player|p1|\n",
  "uploadtime": 1776154847,
  "views": 24,
  "formatid": "gen9championsvgc2026regma",
  "rating": 1087,
  "private": 0,
  "password": null
}