{
  "id": "gen9championsvgc2026regma-2587851077",
  "format": "[Gen 9 Champions] VGC 2026 Reg M-A",
  "players": [
    "Bman311",
    "eLi4280"
  ],
  "log": "|j|\u2606Bman311\n|j|\u2606eLi4280\n|t:|1776570590\n|gametype|doubles\n|player|p1|Bman311|101|\n|player|p2|eLi4280|170|\n|gen|9\n|tier|[Gen 9 Champions] VGC 2026 Reg M-A\n|rated|Tournament battle\n|rule|Species Clause: Limit one of each Pok\u00e9mon\n|rule|Item Clause: Limit 1 of each item\n|raw|<div class=\"infobox\"><details class=\"readmore\" open><summary><strong>1 custom rule:</strong></summary> Force Open Team Sheets</details></div>\n|clearpoke\n|poke|p1|Floette-Eternal, L50, F|\n|poke|p1|Aerodactyl, L50, F|\n|poke|p1|Sneasler, L50, F|\n|poke|p1|Incineroar, L50, M|\n|poke|p1|Sinistcha, L50|\n|poke|p1|Basculegion, L50, M|\n|poke|p2|Incineroar, L50, M, shiny|\n|poke|p2|Gengar, L50, F|\n|poke|p2|Sinistcha, L50|\n|poke|p2|Kingambit, L50, M, shiny|\n|poke|p2|Tyranitar, L50, M|\n|poke|p2|Kommo-o, L50, M, shiny|\n|teampreview|4\n|showteam|p1|Floette-Eternal||Floettite|FlowerVeil|Moonblast,DazzlingGleam,CalmMind,Protect|||F|||50|]Aerodactyl||FocusSash|Unnerve|Tailwind,RockSlide,DualWingbeat,Protect|||F|||50|]Sneasler||WhiteHerb|Unburden|FakeOut,DireClaw,CloseCombat,Protect|||F|||50|]Incineroar||ChopleBerry|Intimidate|FakeOut,ThroatChop,FlareBlitz,PartingShot|||M|||50|]Sinistcha||SitrusBerry|Hospitality|MatchaGotcha,RagePowder,LifeDew,TrickRoom||||||50|]Basculegion||ChoiceScarf|Adaptability|WaveCrash,LastRespects,AquaJet,FlipTurn|||M|||50|\n|showteam|p2|Incineroar||ShucaBerry|Intimidate|PartingShot,FakeOut,Protect,ThroatChop|||M|||50|]Gengar||Gengarite|CursedBody|ShadowBall,PerishSong,Protect,Substitute|||F|||50|]Sinistcha||SitrusBerry|Hospitality|MatchaGotcha,RagePowder,Protect,LifeDew||||||50|]Kingambit||ChopleBerry|Defiant|IronHead,Protect,LowKick,SuckerPunch|||M|||50|]Tyranitar||ChoiceScarf|SandStream|StoneEdge,IcePunch,LowKick,RockSlide|||M|||50|]Kommo-o||Leftovers|Soundproof|ClangingScales,ClangorousSoul,AuraSphere,Protect|||M|||50|\n|inactive|Battle timer is ON: inactive players will automatically lose when time's up. (requested by Bman311)\n|inactive|eLi4280 also wants the timer to be on.\nBman311 has agreed to open team sheets.\n|j| LamXYZ\n|j| 138mysx\n|c|\u2606eLi4280|glhf\n|inactive|Bman311 has 60 seconds left.\n|\n|t:|1776570622\n|teamsize|p1|4\n|teamsize|p2|4\n|start\n|switch|p1a: Aerodactyl|Aerodactyl, L50, F|100/100\n|switch|p1b: Basculegion|Basculegion, L50, M|100/100\n|switch|p2a: Incineroar|Incineroar, L50, M, shiny|100/100\n|switch|p2b: Gengar|Gengar, L50, F|100/100\n|-ability|p1a: Aerodactyl|Unnerve\n|-ability|p2a: Incineroar|Intimidate|boost\n|-unboost|p1a: Aerodactyl|atk|1\n|-unboost|p1b: Basculegion|atk|1\n|turn|1\n|j| alexanderbr039\n|\n|t:|1776570638\n|detailschange|p2b: Gengar|Gengar-Mega, L50, F\n|-mega|p2b: Gengar|Gengar|Gengarite\n|move|p1a: Aerodactyl|Protect|p1a: Aerodactyl\n|-singleturn|p1a: Aerodactyl|Protect\n|move|p2a: Incineroar|Fake Out|p1a: Aerodactyl\n|-activate|p1a: Aerodactyl|move: Protect\n|move|p1b: Basculegion|Wave Crash|p2a: Incineroar\n|-supereffective|p2a: Incineroar|1\n|-damage|p2a: Incineroar|9/100\n|-damage|p1b: Basculegion|70/100|[from] Recoil\n|move|p2b: Gengar|Perish Song|p2b: Gengar\n|-start|p1a: Aerodactyl|perish3|[silent]\n|-start|p1b: Basculegion|perish3|[silent]\n|-start|p2a: Incineroar|perish3|[silent]\n|-start|p2b: Gengar|perish3|[silent]\n|-fieldactivate|move: Perish Song\n|\n|-start|p1b: Basculegion|perish3\n|-start|p1a: Aerodactyl|perish3\n|-start|p2b: Gengar|perish3\n|-start|p2a: Incineroar|perish3\n|upkeep\n|turn|2\n|\n|t:|1776570658\n|move|p2a: Incineroar|Protect|p2a: Incineroar\n|-singleturn|p2a: Incineroar|Protect\n|move|p1b: Basculegion|Wave Crash|p2b: Gengar\n|-crit|p2b: Gengar\n|-damage|p2b: Gengar|0 fnt\n|faint|p2b: Gengar\n|-damage|p1b: Basculegion|42/100|[from] Recoil\n|move|p1a: Aerodactyl|Rock Slide|p2a: Incineroar\n|-activate|p2a: Incineroar|move: Protect\n|\n|-start|p1b: Basculegion|perish2\n|-start|p1a: Aerodactyl|perish2\n|-start|p2a: Incineroar|perish2\n|upkeep\n|c|\u2606eLi4280|damn\n|c|\u2606Bman311|unlucky\n|\n|t:|1776570673\n|switch|p2b: Kingambit|Kingambit, L50, M, shiny|100/100\n|turn|3\n|c|\u2606Bman311|idk if it mattered with the rock slide follow\n|c|\u2606eLi4280|honestly, no i was js too greedy\n|c|\u2606Bman311|u went for sub?\n|c|\u2606eLi4280|ye\n|inactive|eLi4280 has 30 seconds left.\n|\n|t:|1776570707\n|switch|p1b: Sneasler|Sneasler, L50, F|100/100\n|switch|p2a: Sinistcha|Sinistcha, L50|100/100\n|move|p2b: Kingambit|Sucker Punch||[still]\n|-fail|p2b: Kingambit\n|move|p1a: Aerodactyl|Rock Slide|p2b: Kingambit|[spread] p2a,p2b\n|-resisted|p2b: Kingambit|1\n|-damage|p2a: Sinistcha|86/100\n|-damage|p2b: Kingambit|95/100\n|\n|-start|p1a: Aerodactyl|perish1\n|upkeep\n|turn|4\n|\n|t:|1776570725\n|switch|p1a: Basculegion|Basculegion, L50, M|42/100\n|move|p1b: Sneasler|Fake Out|p2b: Kingambit\n|-resisted|p2b: Kingambit|1\n|-damage|p2b: Kingambit|89/100\n|move|p2a: Sinistcha|Matcha Gotcha|p1b: Sneasler|[spread] p1a,p1b\n|-supereffective|p1a: Basculegion|1\n|-resisted|p1b: Sneasler|1\n|-damage|p1a: Basculegion|0 fnt\n|-heal|p2a: Sinistcha|100/100|[from] drain|[of] p1a: Basculegion\n|-damage|p1b: Sneasler|85/100\n|faint|p1a: Basculegion\n|cant|p2b: Kingambit|flinch\n|\n|upkeep\n|\n|t:|1776570732\n|switch|p1a: Floette|Floette-Eternal, L50, F|100/100\n|turn|5\n|\n|t:|1776570741\n|detailschange|p1a: Floette|Floette-Mega, L50, F\n|-mega|p1a: Floette|Floette|Floettite\n|-ability|p1a: Floette|Fairy Aura\n|move|p2a: Sinistcha|Rage Powder|p2a: Sinistcha\n|-singleturn|p2a: Sinistcha|move: Rage Powder\n|move|p1b: Sneasler|Dire Claw|p2a: Sinistcha\n|-damage|p2a: Sinistcha|59/100\n|move|p1a: Floette|Dazzling Gleam|p2a: Sinistcha|[spread] p2a,p2b\n|-damage|p2a: Sinistcha|16/100\n|-damage|p2b: Kingambit|44/100\n|-enditem|p2a: Sinistcha|Sitrus Berry|[eat]\n|-heal|p2a: Sinistcha|41/100|[from] item: Sitrus Berry\n|move|p2b: Kingambit|Iron Head|p1a: Floette\n|-supereffective|p1a: Floette|1\n|-damage|p1a: Floette|13/100\n|\n|upkeep\n|turn|6\n|\n|t:|1776570764\n|switch|p1a: Aerodactyl|Aerodactyl, L50, F|100/100\n|-ability|p1a: Aerodactyl|Unnerve\n|move|p2b: Kingambit|Sucker Punch||[still]\n|-fail|p2b: Kingambit\n|move|p1b: Sneasler|Dire Claw|p2a: Sinistcha\n|-damage|p2a: Sinistcha|0 fnt\n|faint|p2a: Sinistcha\n|\n|upkeep\n|c|\u2606eLi4280|y bro so tanky?\n|\n|t:|1776570774\n|switch|p2a: Incineroar|Incineroar, L50, M, shiny|9/100\n|-ability|p2a: Incineroar|Intimidate|boost\n|-unboost|p1a: Aerodactyl|atk|1\n|-unboost|p1b: Sneasler|atk|1\n|-enditem|p1b: Sneasler|White Herb\n|-clearnegativeboost|p1b: Sneasler|[silent]\n|turn|7\n|c|\u2606Bman311|so it can do that\n|c|\u2606eLi4280|gg\n|-message|eLi4280 forfeited.\n|\n|win|Bman311\n|n|\u2606Bman311|bman311\n|n|\u2606eLi4280|eli4280\n|n| LamXYZ|lamxyz\n|n| 138mysx|138mysx\n|n| alexanderbr039|alexanderbr039\n|c|\u2606eLi4280|wp\n|c|\u2606Bman311|gg\n|l| 138mysx\n|l| LamXYZ\n|l|\u2606eLi4280\n|player|p2|\n",
  "uploadtime": 1776570791,
  "views": 9,
  "formatid": "gen9championsvgc2026regma",
  "rating": null,
  "private": 0,
  "password": null
}