{
  "id": "gen9championsvgc2026regma-2583730327",
  "format": "[Gen 9 Champions] VGC 2026 Reg M-A",
  "players": [
    "sixthsavior",
    "jotaesquerdinha"
  ],
  "log": "|j|\u2606sixthsavior\n|j|\u2606jotaesquerdinha\n|t:|1776193786\n|gametype|doubles\n|player|p1|sixthsavior|102|1050\n|player|p2|jotaesquerdinha|1|1048\n|gen|9\n|tier|[Gen 9 Champions] VGC 2026 Reg M-A\n|rated|\n|rule|Species Clause: Limit one of each Pok\u00e9mon\n|rule|Item Clause: Limit 1 of each item\n|clearpoke\n|poke|p1|Scovillain, L50, F|\n|poke|p1|Azumarill, L50, F|\n|poke|p1|Maushold-Four, L50|\n|poke|p1|Sinistcha-Masterpiece, L50|\n|poke|p1|Pelipper, L50, M|\n|poke|p1|Incineroar, L50, M|\n|poke|p2|Crabominable, L50, M|\n|poke|p2|Incineroar, L50, F|\n|poke|p2|Farigiraf, L50, F|\n|poke|p2|Sinistcha, L50|\n|poke|p2|Primarina, L50, M|\n|poke|p2|Volcarona, L50, M|\n|teampreview|4\n|inactive|Battle timer is ON: inactive players will automatically lose when time's up. (requested by sixthsavior)\n|\n|t:|1776193851\n|teamsize|p1|4\n|teamsize|p2|4\n|start\n|switch|p1a: Pelipper|Pelipper, L50, M|100/100\n|switch|p1b: Azumarill|Azumarill, L50, F|100/100\n|switch|p2a: Farigiraf|Farigiraf, L50, F|100/100\n|switch|p2b: Incineroar|Incineroar, L50, F|100/100\n|-weather|RainDance|[from] ability: Drizzle|[of] p1a: Pelipper\n|-ability|p2b: Incineroar|Intimidate|boost\n|-unboost|p1a: Pelipper|atk|1\n|-unboost|p1b: Azumarill|atk|1\n|turn|1\n|\n|t:|1776193867\n|move|p2b: Incineroar|Fake Out|p1b: Azumarill\n|-damage|p1b: Azumarill|90/100\n|move|p1a: Pelipper|Weather Ball|p2b: Incineroar\n|-supereffective|p2b: Incineroar|1\n|-damage|p2b: Incineroar|0 fnt\n|faint|p2b: Incineroar\n|cant|p1b: Azumarill|flinch\n|move|p2a: Farigiraf|Trick Room|p2a: Farigiraf\n|-fieldstart|move: Trick Room|[of] p2a: Farigiraf\n|\n|-weather|RainDance|[upkeep]\n|upkeep\n|\n|t:|1776193882\n|switch|p2b: Crabominable|Crabominable, L50, M|100/100\n|turn|2\n|\n|t:|1776193897\n|switch|p1a: Incineroar|Incineroar, L50, M|100/100\n|-ability|p1a: Incineroar|Intimidate|boost\n|-unboost|p2a: Farigiraf|atk|1\n|-unboost|p2b: Crabominable|atk|1\n|detailschange|p2b: Crabominable|Crabominable-Mega, L50, M\n|-mega|p2b: Crabominable|Crabominable|Crabominite\n|move|p1b: Azumarill|Protect|p1b: Azumarill\n|-singleturn|p1b: Azumarill|Protect\n|move|p2b: Crabominable|Ice Punch|p1a: Incineroar\n|-resisted|p1a: Incineroar|1\n|-damage|p1a: Incineroar|80/100\n|move|p2a: Farigiraf|Hyper Voice|p1a: Incineroar|[spread] p1a\n|-activate|p1b: Azumarill|move: Protect\n|-damage|p1a: Incineroar|41/100\n|\n|-weather|RainDance|[upkeep]\n|upkeep\n|turn|3\n|inactive|jotaesquerdinha has 30 seconds left.\n|inactive|jotaesquerdinha has 20 seconds left.\n|inactive|jotaesquerdinha has 15 seconds left.\n|\n|t:|1776193939\n|switch|p1a: Sinistcha|Sinistcha-Masterpiece, L50|100/100\n|-heal|p1b: Azumarill|100/100|[from] ability: Hospitality|[of] p1a: Sinistcha\n|move|p2b: Crabominable|Drain Punch|p1a: Sinistcha\n|-immune|p1a: Sinistcha\n|move|p1b: Azumarill|Belly Drum|p1b: Azumarill\n|-damage|p1b: Azumarill|51/100\n|-setboost|p1b: Azumarill|atk|6|[from] move: Belly Drum\n|move|p2a: Farigiraf|Psychic|p1b: Azumarill\n|-damage|p1b: Azumarill|5/100\n|-enditem|p1b: Azumarill|Sitrus Berry|[eat]\n|-heal|p1b: Azumarill|30/100|[from] item: Sitrus Berry\n|\n|-weather|RainDance|[upkeep]\n|upkeep\n|turn|4\n|\n|t:|1776193961\n|move|p1a: Sinistcha|Rage Powder|p1a: Sinistcha\n|-singleturn|p1a: Sinistcha|move: Rage Powder\n|move|p2b: Crabominable|Ice Punch|p1a: Sinistcha\n|-supereffective|p1a: Sinistcha|1\n|-damage|p1a: Sinistcha|49/100\n|move|p1b: Azumarill|Liquidation|p2a: Farigiraf\n|-damage|p2a: Farigiraf|0 fnt\n|faint|p2a: Farigiraf\n|\n|-weather|RainDance|[upkeep]\n|-heal|p1a: Sinistcha|55/100|[from] item: Leftovers\n|upkeep\n|\n|t:|1776193973\n|switch|p2a: Primarina|Primarina, L50, M|100/100\n|turn|5\n|\n|t:|1776193984\n|move|p1b: Azumarill|Protect|p1b: Azumarill\n|-singleturn|p1b: Azumarill|Protect\n|move|p2b: Crabominable|Ice Punch|p1a: Sinistcha\n|-supereffective|p1a: Sinistcha|1\n|-crit|p1a: Sinistcha\n|-damage|p1a: Sinistcha|0 fnt\n|faint|p1a: Sinistcha\n|move|p2a: Primarina|Moonblast|p1b: Azumarill\n|-activate|p1b: Azumarill|move: Protect\n|\n|-weather|none\n|-fieldend|move: Trick Room\n|upkeep\n|\n|t:|1776194000\n|switch|p1a: Incineroar|Incineroar, L50, M|41/100\n|-ability|p1a: Incineroar|Intimidate|boost\n|-unboost|p2a: Primarina|atk|1\n|-unboost|p2b: Crabominable|atk|1\n|turn|6\n|-activate|p1a: Incineroar|item: Quick Claw\n|\n|t:|1776194007\n|move|p2a: Primarina|Protect|p2a: Primarina\n|-singleturn|p2a: Primarina|Protect\n|move|p2b: Crabominable|Protect|p2b: Crabominable\n|-singleturn|p2b: Crabominable|Protect\n|move|p1a: Incineroar|Fake Out|p2a: Primarina\n|-activate|p2a: Primarina|move: Protect\n|move|p1b: Azumarill|Liquidation|p2b: Crabominable\n|-activate|p2b: Crabominable|move: Protect\n|\n|upkeep\n|turn|7\n|\n|t:|1776194026\n|switch|p1a: Pelipper|Pelipper, L50, M|100/100\n|-weather|RainDance|[from] ability: Drizzle|[of] p1a: Pelipper\n|move|p1b: Azumarill|Protect|p1b: Azumarill\n|-singleturn|p1b: Azumarill|Protect\n|move|p2a: Primarina|Hyper Voice|p1a: Pelipper|[spread] p1a\n|-activate|p1b: Azumarill|move: Protect\n|-resisted|p1a: Pelipper|1\n|-damage|p1a: Pelipper|63/100\n|move|p2b: Crabominable|Drain Punch|p1b: Azumarill\n|-activate|p1b: Azumarill|move: Protect\n|\n|-weather|RainDance|[upkeep]\n|upkeep\n|turn|8\n|inactive|jotaesquerdinha has 30 seconds left.\n|inactive|jotaesquerdinha has 20 seconds left.\n|\n|t:|1776194062\n|move|p2b: Crabominable|Protect|p2b: Crabominable\n|-singleturn|p2b: Crabominable|Protect\n|move|p1a: Pelipper|Tailwind|p1a: Pelipper\n|-sidestart|p1: sixthsavior|move: Tailwind\n|move|p1b: Azumarill|Liquidation|p2a: Primarina\n|-resisted|p2a: Primarina|1\n|-damage|p2a: Primarina|0 fnt\n|faint|p2a: Primarina\n|\n|-weather|RainDance|[upkeep]\n|upkeep\n|turn|9\n|\n|t:|1776194083\n|switch|p1a: Incineroar|Incineroar, L50, M|41/100\n|-ability|p1a: Incineroar|Intimidate|boost\n|-unboost|p2b: Crabominable|atk|1\n|move|p1b: Azumarill|Liquidation|p2b: Crabominable\n|-damage|p2b: Crabominable|0 fnt\n|faint|p2b: Crabominable\n|\n|win|sixthsavior\n|raw|sixthsavior's rating: 1050 &rarr; <strong>1082</strong><br />(+32 for winning)\n|raw|jotaesquerdinha's rating: 1048 &rarr; <strong>1031</strong><br />(-17 for losing)\n|l|\u2606jotaesquerdinha\n|player|p2|\n",
  "uploadtime": 1776194102,
  "views": 25,
  "formatid": "gen9championsvgc2026regma",
  "rating": 1031,
  "private": 0,
  "password": null
}