{
  "id": "gen9championsvgc2026regma-2587259554",
  "format": "[Gen 9 Champions] VGC 2026 Reg M-A",
  "players": [
    "hide on whimscott",
    "UtterlyIncapable"
  ],
  "log": "|j|\u2606hide on whimscott\n|j|\u2606UtterlyIncapable\n|t:|1776515496\n|gametype|doubles\n|player|p1|hide on whimscott|artist-gen4|1404\n|player|p2|UtterlyIncapable|firebreather|1418\n|gen|9\n|tier|[Gen 9 Champions] VGC 2026 Reg M-A\n|rated|\n|rule|Species Clause: Limit one of each Pok\u00e9mon\n|rule|Item Clause: Limit 1 of each item\n|clearpoke\n|poke|p1|Venusaur, L50, M|\n|poke|p1|Sneasler, L50, M|\n|poke|p1|Kingambit, L50, F|\n|poke|p1|Incineroar, L50, M|\n|poke|p1|Basculegion, L50, M|\n|poke|p1|Charizard, L50, M|\n|poke|p2|Zoroark-Hisui, L50, M|\n|poke|p2|Whimsicott, L50, F|\n|poke|p2|Garchomp, L50, F|\n|poke|p2|Glimmora, L50, M|\n|poke|p2|Corviknight, L50, M|\n|poke|p2|Aegislash, L50, M|\n|teampreview|4\n|\n|t:|1776515565\n|teamsize|p1|4\n|teamsize|p2|4\n|start\n|switch|p1a: Basculegion|Basculegion, L50, M|100/100\n|switch|p1b: Charizard|Charizard, L50, M|100/100\n|switch|p2a: Glimmora|Glimmora, L50, M|100/100\n|switch|p2b: Whimsicott|Whimsicott, L50, F|100/100\n|turn|1\n|\n|t:|1776515579\n|switch|p1b: Kingambit|Kingambit, L50, F|100/100\n|move|p2a: Glimmora|Spiky Shield|p2a: Glimmora\n|-singleturn|p2a: Glimmora|move: Protect\n|move|p2b: Whimsicott|Tailwind|p2b: Whimsicott\n|-sidestart|p2: UtterlyIncapable|move: Tailwind\n|move|p1a: Basculegion|Flip Turn|p2b: Whimsicott\n|-resisted|p2b: Whimsicott|1\n|-damage|p2b: Whimsicott|78/100\n|\n|t:|1776515590\n|switch|p1a: Sneasler|Sneasler, L50, M|100/100|[from] Flip Turn\n|\n|upkeep\n|turn|2\n|\n|t:|1776515608\n|switch|p2b: Garchomp|Garchomp, L50, F|100/100\n|move|p2a: Glimmora|Substitute|p2a: Glimmora\n|-start|p2a: Glimmora|Substitute\n|-damage|p2a: Glimmora|76/100\n|move|p1a: Sneasler|Dire Claw|p2b: Garchomp\n|-resisted|p2b: Garchomp|1\n|-damage|p2b: Garchomp|78/100\n|-status|p2b: Garchomp|psn\n|-damage|p1a: Sneasler|88/100|[from] ability: Rough Skin|[of] p2b: Garchomp\n|move|p1b: Kingambit|Swords Dance|p1b: Kingambit\n|-boost|p1b: Kingambit|atk|2\n|\n|-damage|p2b: Garchomp|65/100 psn|[from] psn\n|upkeep\n|turn|3\n|\n|t:|1776515632\n|move|p2a: Glimmora|Spiky Shield|p2a: Glimmora\n|-singleturn|p2a: Glimmora|move: Protect\n|move|p1b: Kingambit|Sucker Punch|p2b: Garchomp\n|-damage|p2b: Garchomp|0 fnt\n|-damage|p1b: Kingambit|88/100|[from] ability: Rough Skin|[of] p2b: Garchomp\n|faint|p2b: Garchomp\n|move|p1a: Sneasler|Close Combat|p2a: Glimmora\n|-activate|p2a: Glimmora|move: Protect\n|-damage|p1a: Sneasler|76/100|[from] Spiky Shield|[of] p2a: Glimmora\n|\n|upkeep\n|\n|t:|1776515638\n|switch|p2b: Corviknight|Corviknight, L50, M|100/100\n|turn|4\n|\n|t:|1776515656\n|detailschange|p2a: Glimmora|Glimmora-Mega, L50, M\n|-mega|p2a: Glimmora|Glimmora|Glimmoranite\n|move|p1b: Kingambit|Sucker Punch||[still]\n|-fail|p1b: Kingambit\n|move|p2a: Glimmora|Power Gem|p1a: Sneasler\n|-resisted|p1a: Sneasler|1\n|-damage|p1a: Sneasler|42/100\n|move|p2b: Corviknight|Iron Defense|p2b: Corviknight\n|-boost|p2b: Corviknight|def|2\n|move|p1a: Sneasler|Close Combat|p2a: Glimmora\n|-end|p2a: Glimmora|Substitute\n|-unboost|p1a: Sneasler|def|1\n|-unboost|p1a: Sneasler|spd|1\n|\n|-sideend|p2: UtterlyIncapable|move: Tailwind\n|upkeep\n|turn|5\n|\n|t:|1776515685\n|move|p2a: Glimmora|Spiky Shield|p2a: Glimmora\n|-singleturn|p2a: Glimmora|move: Protect\n|move|p1a: Sneasler|Close Combat|p2b: Corviknight\n|-damage|p2b: Corviknight|77/100\n|-unboost|p1a: Sneasler|def|1\n|-unboost|p1a: Sneasler|spd|1\n|move|p2b: Corviknight|Body Press|p1b: Kingambit\n|-supereffective|p1b: Kingambit|2\n|-enditem|p1b: Kingambit|Chople Berry|[eat]\n|-enditem|p1b: Kingambit|Chople Berry|[weaken]\n|-damage|p1b: Kingambit|6/100\n|move|p1b: Kingambit|Kowtow Cleave|p2b: Corviknight\n|-damage|p2b: Corviknight|49/100\n|-enditem|p2b: Corviknight|Sitrus Berry|[eat]\n|-heal|p2b: Corviknight|74/100|[from] item: Sitrus Berry\n|\n|upkeep\n|turn|6\n|\n|t:|1776515708\n|move|p1b: Kingambit|Sucker Punch||[still]\n|-fail|p1b: Kingambit\n|move|p1a: Sneasler|Dire Claw|p2a: Glimmora\n|-resisted|p2a: Glimmora|2\n|-damage|p2a: Glimmora|66/100\n|move|p2a: Glimmora|Substitute|p2a: Glimmora\n|-start|p2a: Glimmora|Substitute\n|-damage|p2a: Glimmora|41/100\n|move|p2b: Corviknight|Iron Defense|p2b: Corviknight\n|-boost|p2b: Corviknight|def|2\n|\n|upkeep\n|turn|7\n|\n|t:|1776515723\n|move|p2a: Glimmora|Spiky Shield|p2a: Glimmora\n|-singleturn|p2a: Glimmora|move: Protect\n|move|p1a: Sneasler|Close Combat|p2a: Glimmora\n|-activate|p2a: Glimmora|move: Protect\n|-damage|p1a: Sneasler|30/100|[from] Spiky Shield|[of] p2a: Glimmora\n|move|p2b: Corviknight|Body Press|p1b: Kingambit\n|-supereffective|p1b: Kingambit|2\n|-damage|p1b: Kingambit|0 fnt\n|faint|p1b: Kingambit\n|\n|upkeep\n|\n|t:|1776515726\n|switch|p1b: Basculegion|Basculegion, L50, M|100/100\n|turn|8\n|\n|t:|1776515739\n|move|p1b: Basculegion|Wave Crash|p2a: Glimmora\n|-supereffective|p2a: Glimmora|1\n|-end|p2a: Glimmora|Substitute\n|-damage|p1b: Basculegion|92/100|[from] Recoil|[of] p2a: Glimmora\n|move|p1a: Sneasler|Close Combat|p2a: Glimmora\n|-damage|p2a: Glimmora|0 fnt\n|-unboost|p1a: Sneasler|def|1\n|-unboost|p1a: Sneasler|spd|1\n|faint|p2a: Glimmora\n|move|p2b: Corviknight|Brave Bird|p1b: Basculegion\n|-damage|p1b: Basculegion|43/100\n|-damage|p2b: Corviknight|58/100|[from] Recoil\n|\n|upkeep\n|\n|t:|1776515744\n|switch|p2a: Whimsicott|Whimsicott, L50, F|78/100\n|turn|9\n|\n|t:|1776515753\n|move|p2a: Whimsicott|Tailwind|p2a: Whimsicott\n|-sidestart|p2: UtterlyIncapable|move: Tailwind\n|move|p1b: Basculegion|Wave Crash|p2a: Whimsicott\n|-resisted|p2a: Whimsicott|1\n|-damage|p2a: Whimsicott|31/100\n|-damage|p1b: Basculegion|29/100|[from] Recoil\n|move|p2b: Corviknight|Brave Bird|p1b: Basculegion\n|-damage|p1b: Basculegion|0 fnt\n|faint|p1b: Basculegion\n|-damage|p2b: Corviknight|49/100|[from] Recoil\n|move|p1a: Sneasler|Dire Claw|p2a: Whimsicott\n|-supereffective|p2a: Whimsicott|2\n|-damage|p2a: Whimsicott|0 fnt\n|faint|p2a: Whimsicott\n|\n|upkeep\n|\n|t:|1776515758\n|switch|p1b: Charizard|Charizard, L50, M|100/100\n|turn|10\n|\n|t:|1776515770\n|detailschange|p1b: Charizard|Charizard-Mega-X, L50, M\n|-mega|p1b: Charizard|Charizard|Charizardite X\n|move|p2b: Corviknight|Brave Bird|p1b: Charizard\n|-damage|p1b: Charizard|66/100\n|-damage|p2b: Corviknight|38/100|[from] Recoil\n|move|p1a: Sneasler|Close Combat|p2b: Corviknight\n|-damage|p2b: Corviknight|23/100\n|-unboost|p1a: Sneasler|def|1\n|-unboost|p1a: Sneasler|spd|1\n|move|p1b: Charizard|Dragon Dance|p1b: Charizard\n|-boost|p1b: Charizard|atk|1\n|-boost|p1b: Charizard|spe|1\n|\n|upkeep\n|turn|11\n|\n|t:|1776515780\n|move|p1b: Charizard|Flare Blitz|p2b: Corviknight\n|-supereffective|p2b: Corviknight|1\n|-damage|p2b: Corviknight|0 fnt\n|faint|p2b: Corviknight\n|-damage|p1b: Charizard|58/100|[from] Recoil\n|\n|win|hide on whimscott\n|raw|hide on whimscott's rating: 1404 &rarr; <strong>1425</strong><br />(+21 for winning)\n|raw|UtterlyIncapable's rating: 1418 &rarr; <strong>1397</strong><br />(-21 for losing)\n",
  "uploadtime": 1776515781,
  "views": 41,
  "formatid": "gen9championsvgc2026regma",
  "rating": 1397,
  "private": 0,
  "password": null
}