{
  "id": "gen9championsvgc2026regma-2583858054",
  "format": "[Gen 9 Champions] VGC 2026 Reg M-A",
  "players": [
    "monky bred (brown)",
    "Cure Answer"
  ],
  "log": "|j|\u2606monky bred (brown)\n|j|\u2606Cure Answer\n|t:|1776203203\n|gametype|doubles\n|player|p1|monky bred (brown)|265|1030\n|player|p2|Cure Answer|taunie|1127\n|gen|9\n|tier|[Gen 9 Champions] VGC 2026 Reg M-A\n|rated|\n|rule|Species Clause: Limit one of each Pok\u00e9mon\n|rule|Item Clause: Limit 1 of each item\n|clearpoke\n|poke|p1|Sinistcha-Masterpiece, L50|\n|poke|p1|Pelipper, L50, F|\n|poke|p1|Meganium, L50, M|\n|poke|p1|Archaludon, L50, M|\n|poke|p1|Delphox, L50, M|\n|poke|p1|Basculegion, L50, M|\n|poke|p2|Aggron, L50, F|\n|poke|p2|Floette-Eternal, L50, F|\n|poke|p2|Sinistcha, L50|\n|poke|p2|Basculegion, L50, M|\n|poke|p2|Sableye, L50, M|\n|poke|p2|Tyranitar, L50, M|\n|teampreview|4\n|inactive|Battle timer is ON: inactive players will automatically lose when time's up. (requested by monky bred (brown))\n|inactive|monky bred (brown) has 60 seconds left.\n|inactive|Cure Answer has 60 seconds left.\n|inactive|monky bred (brown) has 30 seconds left.\n|\n|t:|1776203288\n|teamsize|p1|4\n|teamsize|p2|4\n|start\n|switch|p1a: Archaludon|Archaludon, L50, M|100/100\n|switch|p1b: Basculegion|Basculegion, L50, M|100/100\n|switch|p2a: Trillium|Floette-Eternal, L50, F|100/100\n|switch|p2b: Crinealato 2|Basculegion, L50, M|100/100\n|turn|1\n|\n|t:|1776203306\n|detailschange|p2a: Trillium|Floette-Mega, L50, F\n|-mega|p2a: Trillium|Floette|Floettite\n|-ability|p2a: Trillium|Fairy Aura\n|move|p2a: Trillium|Protect|p2a: Trillium\n|-singleturn|p2a: Trillium|Protect\n|move|p2b: Crinealato 2|Flip Turn|p1b: Basculegion\n|-resisted|p1b: Basculegion|1\n|-crit|p1b: Basculegion\n|-damage|p1b: Basculegion|67/100\n|\n|t:|1776203313\n|switch|p2b: goof juice|Sinistcha, L50, shiny|100/100|[from] Flip Turn\n|move|p1b: Basculegion|Flip Turn|p2a: Trillium\n|-activate|p2a: Trillium|move: Protect\n|move|p1a: Archaludon|Electro Shot||[still]\n|-prepare|p1a: Archaludon|Electro Shot\n|-boost|p1a: Archaludon|spa|1\n|\n|upkeep\n|turn|2\n|inactive|Cure Answer has 30 seconds left.\n|\n|t:|1776203339\n|move|p2b: goof juice|Rage Powder|p2b: goof juice\n|-singleturn|p2b: goof juice|move: Rage Powder\n|move|p2a: Trillium|Calm Mind|p2a: Trillium\n|-boost|p2a: Trillium|spa|1\n|-boost|p2a: Trillium|spd|1\n|move|p1b: Basculegion|Flip Turn|p2b: goof juice\n|-resisted|p2b: goof juice|1\n|-damage|p2b: goof juice|85/100\n|\n|t:|1776203346\n|switch|p1b: Pelipper|Pelipper, L50, F|100/100|[from] Flip Turn\n|-weather|RainDance|[from] ability: Drizzle|[of] p1b: Pelipper\n|move|p1a: Archaludon|Electro Shot|p2b: goof juice|[from] lockedmove\n|-resisted|p2b: goof juice|1\n|-damage|p2b: goof juice|55/100\n|\n|-weather|RainDance|[upkeep]\n|upkeep\n|turn|3\n|inactive|monky bred (brown) has 30 seconds left.\n|\n|t:|1776203373\n|switch|p2b: Consistency|Tyranitar, L50, M|100/100\n|-weather|Sandstorm|[from] ability: Sand Stream|[of] p2b: Consistency\n|move|p2a: Trillium|Dazzling Gleam|p1b: Pelipper|[spread] p1a,p1b\n|-damage|p1a: Archaludon|28/100\n|-damage|p1b: Pelipper|30/100\n|-ability|p1a: Archaludon|Stamina|boost\n|-boost|p1a: Archaludon|def|1\n|move|p1a: Archaludon|Flash Cannon|p2a: Trillium\n|-supereffective|p2a: Trillium|1\n|-damage|p2a: Trillium|34/100\n|move|p1b: Pelipper|Hurricane|p2b: Consistency\n|-resisted|p2b: Consistency|1\n|-damage|p2b: Consistency|90/100\n|\n|-weather|Sandstorm|[upkeep]\n|-damage|p2a: Trillium|28/100|[from] Sandstorm\n|-damage|p1b: Pelipper|24/100|[from] Sandstorm\n|-heal|p1a: Archaludon|34/100|[from] item: Leftovers\n|upkeep\n|turn|4\n|\n|t:|1776203392\n|switch|p2b: goof juice|Sinistcha, L50, shiny|55/100\n|-heal|p2a: Trillium|53/100|[from] ability: Hospitality|[of] p2b: goof juice\n|move|p1b: Pelipper|Wide Guard|p1b: Pelipper\n|-singleturn|p1b: Pelipper|Wide Guard\n|move|p2a: Trillium|Moonblast|p1a: Archaludon\n|-damage|p1a: Archaludon|0 fnt\n|faint|p1a: Archaludon\n|\n|-weather|Sandstorm|[upkeep]\n|-damage|p2a: Trillium|47/100|[from] Sandstorm\n|-damage|p2b: goof juice|49/100|[from] Sandstorm\n|-damage|p1b: Pelipper|18/100|[from] Sandstorm\n|-enditem|p2b: goof juice|Sitrus Berry|[eat]\n|-heal|p2b: goof juice|74/100|[from] item: Sitrus Berry\n|upkeep\n|\n|t:|1776203403\n|switch|p1a: Delphox|Delphox, L50, M|100/100\n|turn|5\n|\n|t:|1776203414\n|switch|p1b: Basculegion|Basculegion, L50, M|67/100\n|detailschange|p1a: Delphox|Delphox-Mega, L50, M\n|-mega|p1a: Delphox|Delphox|Delphoxite\n|move|p1a: Delphox|Heat Wave|p2a: Trillium|[spread] p2a\n|-miss|p1a: Delphox|p2b: goof juice\n|-damage|p2a: Trillium|25/100\n|move|p2a: Trillium|Moonblast|p1b: Basculegion\n|-crit|p1b: Basculegion\n|-damage|p1b: Basculegion|0 fnt\n|faint|p1b: Basculegion\n|move|p2b: goof juice|Life Dew|p2b: goof juice|[spread] p2a,p2b\n|-heal|p2a: Trillium|50/100\n|-heal|p2b: goof juice|99/100\n|\n|-weather|Sandstorm|[upkeep]\n|-damage|p1a: Delphox|94/100|[from] Sandstorm\n|-damage|p2a: Trillium|44/100|[from] Sandstorm\n|-damage|p2b: goof juice|93/100|[from] Sandstorm\n|upkeep\n|\n|t:|1776203424\n|switch|p1b: Pelipper|Pelipper, L50, F|18/100\n|-weather|RainDance|[from] ability: Drizzle|[of] p1b: Pelipper\n|turn|6\n|\n|t:|1776203439\n|move|p2b: goof juice|Rage Powder|p2b: goof juice\n|-singleturn|p2b: goof juice|move: Rage Powder\n|move|p1a: Delphox|Heat Wave|p2b: goof juice|[spread] p2a,p2b\n|-supereffective|p2b: goof juice|1\n|-damage|p2a: Trillium|32/100\n|-damage|p2b: goof juice|51/100\n|move|p2a: Trillium|Moonblast|p1b: Pelipper\n|-damage|p1b: Pelipper|0 fnt\n|faint|p1b: Pelipper\n|\n|-weather|RainDance|[upkeep]\n|upkeep\n|turn|7\n|-message|monky bred (brown) forfeited.\n|\n|win|Cure Answer\n|raw|monky bred (brown)'s rating: 1030 &rarr; <strong>1019</strong><br />(-11 for losing)\n|raw|Cure Answer's rating: 1127 &rarr; <strong>1145</strong><br />(+18 for winning)\n|l|\u2606monky bred (brown)\n|player|p1|\n",
  "uploadtime": 1776203456,
  "views": 21,
  "formatid": "gen9championsvgc2026regma",
  "rating": 1019,
  "private": 0,
  "password": null
}