{
  "id": "gen9championsvgc2026regma-2585650722",
  "format": "[Gen 9 Champions] VGC 2026 Reg M-A",
  "players": [
    "breloomb01",
    "perferw"
  ],
  "log": "|j|\u2606breloomb01\n|j|\u2606perferw\n|t:|1776361295\n|gametype|doubles\n|player|p1|breloomb01|roughneck|1321\n|player|p2|perferw|2|1408\n|gen|9\n|tier|[Gen 9 Champions] VGC 2026 Reg M-A\n|rated|\n|rule|Species Clause: Limit one of each Pok\u00e9mon\n|rule|Item Clause: Limit 1 of each item\n|clearpoke\n|poke|p1|Sinistcha, L50|\n|poke|p1|Aerodactyl, L50, M|\n|poke|p1|Rotom-Wash, L50|\n|poke|p1|Garchomp, L50, M|\n|poke|p1|Sneasler, L50, M|\n|poke|p1|Delphox, L50, F|\n|poke|p2|Milotic, L50, F|\n|poke|p2|Scizor, L50, M|\n|poke|p2|Pelipper, L50, F|\n|poke|p2|Sneasler, L50, F|\n|poke|p2|Kingambit, L50, M|\n|poke|p2|Garchomp, L50, F|\n|teampreview|4\n|inactive|Battle timer is ON: inactive players will automatically lose when time's up. (requested by perferw)\n|\n|t:|1776361323\n|teamsize|p1|4\n|teamsize|p2|4\n|start\n|switch|p1a: Garchomp|Garchomp, L50, M|100/100\n|switch|p1b: Aerodactyl|Aerodactyl, L50, M|100/100\n|switch|p2a: Garchomp|Garchomp, L50, F|100/100\n|switch|p2b: Milotic|Milotic, L50, F|100/100\n|-ability|p1b: Aerodactyl|Unnerve\n|turn|1\n|\n|t:|1776361340\n|move|p1a: Garchomp|Protect|p1a: Garchomp\n|-singleturn|p1a: Garchomp|Protect\n|move|p2a: Garchomp|Rock Slide|p1a: Garchomp|[spread] p1b\n|-activate|p1a: Garchomp|move: Protect\n|-supereffective|p1b: Aerodactyl|1\n|-damage|p1b: Aerodactyl|36/100\n|move|p1b: Aerodactyl|Tailwind|p1b: Aerodactyl\n|-sidestart|p1: breloomb01|move: Tailwind\n|move|p2b: Milotic|Ice Beam|p1a: Garchomp\n|-activate|p1a: Garchomp|move: Protect\n|\n|upkeep\n|turn|2\n|\n|t:|1776361355\n|switch|p2a: Kingambit|Kingambit, L50, M|100/100\n|move|p1b: Aerodactyl|Dual Wingbeat|p2a: Kingambit\n|-resisted|p2a: Kingambit|1\n|-damage|p2a: Kingambit|93/100\n|-resisted|p2a: Kingambit|1\n|-damage|p2a: Kingambit|86/100\n|-hitcount|p2a: Kingambit|2\n|move|p1a: Garchomp|Earthquake|p2b: Milotic|[spread] p2a,p2b\n|-immune|p1b: Aerodactyl\n|-supereffective|p2a: Kingambit|1\n|-damage|p2a: Kingambit|12/100\n|-damage|p2b: Milotic|58/100\n|move|p2b: Milotic|Scald|p1a: Garchomp\n|-damage|p1a: Garchomp|66/100\n|\n|-heal|p2b: Milotic|65/100|[from] item: Leftovers\n|upkeep\n|turn|3\n|inactive|perferw has 30 seconds left.\n|\n|t:|1776361387\n|move|p2a: Kingambit|Sucker Punch|p1b: Aerodactyl\n|-damage|p1b: Aerodactyl|0 fnt\n|faint|p1b: Aerodactyl\n|move|p1a: Garchomp|Earthquake|p2b: Milotic|[spread] p2a,p2b\n|-supereffective|p2a: Kingambit|1\n|-damage|p2a: Kingambit|0 fnt\n|-damage|p2b: Milotic|22/100\n|faint|p2a: Kingambit\n|move|p2b: Milotic|Ice Beam|p1a: Garchomp\n|-supereffective|p1a: Garchomp|2\n|-damage|p1a: Garchomp|0 fnt\n|faint|p1a: Garchomp\n|\n|-heal|p2b: Milotic|28/100|[from] item: Leftovers\n|upkeep\n|\n|t:|1776361396\n|switch|p1b: Delphox|Delphox, L50, F|100/100\n|switch|p1a: Rotom|Rotom-Wash, L50|100/100\n|switch|p2a: Scizor|Scizor, L50, M|100/100\n|turn|4\n|\n|t:|1776361409\n|detailschange|p1b: Delphox|Delphox-Mega, L50, F\n|-mega|p1b: Delphox|Delphox|Delphoxite\n|detailschange|p2a: Scizor|Scizor-Mega, L50, M\n|-mega|p2a: Scizor|Scizor|Scizorite\n|move|p2a: Scizor|Protect|p2a: Scizor\n|-singleturn|p2a: Scizor|Protect\n|move|p1a: Rotom|Hydro Pump|p2b: Milotic\n|-resisted|p2b: Milotic|1\n|-damage|p2b: Milotic|8/100\n|move|p1b: Delphox|Heat Wave|p2b: Milotic|[spread] p2b\n|-activate|p2a: Scizor|move: Protect\n|-resisted|p2b: Milotic|1\n|-damage|p2b: Milotic|0 fnt\n|faint|p2b: Milotic\n|\n|-sideend|p1: breloomb01|move: Tailwind\n|upkeep\n|\n|t:|1776361419\n|switch|p2b: Garchomp|Garchomp, L50, F|100/100\n|turn|5\n|\n|t:|1776361423\n|move|p2b: Garchomp|Rock Slide|p1b: Delphox|[spread] p1a,p1b\n|-supereffective|p1b: Delphox|1\n|-damage|p1a: Rotom|77/100\n|-damage|p1b: Delphox|43/100\n|move|p1a: Rotom|Hydro Pump|p2b: Garchomp\n|-damage|p2b: Garchomp|44/100\n|move|p1b: Delphox|Psychic|p2b: Garchomp\n|-damage|p2b: Garchomp|0 fnt\n|faint|p2b: Garchomp\n|move|p2a: Scizor|Close Combat|p1a: Rotom\n|-damage|p1a: Rotom|7/100\n|-unboost|p2a: Scizor|def|1\n|-unboost|p2a: Scizor|spd|1\n|\n|upkeep\n|turn|6\n|\n|t:|1776361435\n|move|p1a: Rotom|Hydro Pump|p2a: Scizor|[miss]\n|-miss|p1a: Rotom|p2a: Scizor\n|move|p1b: Delphox|Heat Wave|p2a: Scizor|[miss]\n|-miss|p1b: Delphox|p2a: Scizor\n|move|p2a: Scizor|Close Combat|p1b: Delphox\n|-resisted|p1b: Delphox|1\n|-damage|p1b: Delphox|4/100\n|-unboost|p2a: Scizor|def|1\n|-unboost|p2a: Scizor|spd|1\n|\n|upkeep\n|turn|7\n|\n|t:|1776361445\n|move|p2a: Scizor|Bullet Punch|p1b: Delphox\n|-resisted|p1b: Delphox|1\n|-damage|p1b: Delphox|0 fnt\n|faint|p1b: Delphox\n|move|p1a: Rotom|Hydro Pump|p2a: Scizor\n|-damage|p2a: Scizor|7/100\n|\n|upkeep\n|turn|8\n|\n|t:|1776361447\n|move|p2a: Scizor|Bullet Punch|p1a: Rotom\n|-resisted|p1a: Rotom|2\n|-damage|p1a: Rotom|0 fnt\n|faint|p1a: Rotom\n|\n|win|perferw\n|raw|breloomb01's rating: 1321 &rarr; <strong>1306</strong><br />(-15 for losing)\n|raw|perferw's rating: 1408 &rarr; <strong>1423</strong><br />(+15 for winning)\n|c|\u2606breloomb01|Wasn't meant to be\n|c|\u2606perferw|sorry\n|c|\u2606perferw|that was tuff\n|l|\u2606perferw\n|player|p2|\n",
  "uploadtime": 1776361477,
  "views": 44,
  "formatid": "gen9championsvgc2026regma",
  "rating": 1306,
  "private": 0,
  "password": null
}