{
  "id": "gen9championsvgc2026regma-2586678406",
  "format": "[Gen 9 Champions] VGC 2026 Reg M-A",
  "players": [
    "Sapitoch 3",
    "snipedrone"
  ],
  "log": "|j|\u2606Sapitoch 3\n|j|\u2606snipedrone\n|t:|1776451494\n|gametype|doubles\n|player|p1|Sapitoch 3|ltsurge|1082\n|player|p2|snipedrone|2|1049\n|gen|9\n|tier|[Gen 9 Champions] VGC 2026 Reg M-A\n|rated|\n|rule|Species Clause: Limit one of each Pok\u00e9mon\n|rule|Item Clause: Limit 1 of each item\n|clearpoke\n|poke|p1|Palafin, L50, M|\n|poke|p1|Rotom-Heat, L50|\n|poke|p1|Froslass, L50, F|\n|poke|p1|Kingambit, L50, M|\n|poke|p1|Kommo-o, L50, M|\n|poke|p1|Clefable, L50, M|\n|poke|p2|Gengar, L50, M|\n|poke|p2|Politoed, L50, M|\n|poke|p2|Incineroar, L50, M|\n|poke|p2|Basculegion, L50, M|\n|poke|p2|Manectric, L50, M|\n|poke|p2|Archaludon, L50, M|\n|teampreview|4\n|j| prof. jubokko\n|n|\u2606snipedrone|snipedrone\n|n|\u2606snipedrone|snipedrone\n|n|\u2606Snipedrone|snipedrone\n|n|\u2606snipedrone|snipedrone\n|\n|t:|1776451540\n|teamsize|p1|4\n|teamsize|p2|4\n|start\n|switch|p1a: Froslass|Froslass, L50, F|100/100\n|switch|p1b: Kingambit|Kingambit, L50, M|100/100\n|switch|p2a: Gengar|Gengar, L50, M, shiny|100/100\n|switch|p2b: Incineroar|Incineroar, L50, M, shiny|100/100\n|-ability|p2b: Incineroar|Intimidate|boost\n|-unboost|p1a: Froslass|atk|1\n|-unboost|p1b: Kingambit|atk|1\n|-ability|p1b: Kingambit|Defiant|boost\n|-boost|p1b: Kingambit|atk|2\n|turn|1\n|\n|t:|1776451555\n|detailschange|p2a: Gengar|Gengar-Mega, L50, M, shiny\n|-mega|p2a: Gengar|Gengar|Gengarite\n|move|p1a: Froslass|Protect|p1a: Froslass\n|-singleturn|p1a: Froslass|Protect\n|move|p1b: Kingambit|Protect|p1b: Kingambit\n|-singleturn|p1b: Kingambit|Protect\n|move|p2b: Incineroar|Fake Out|p1b: Kingambit\n|-activate|p1b: Kingambit|move: Protect\n|move|p2a: Gengar|Shadow Ball|p1a: Froslass\n|-activate|p1a: Froslass|move: Protect\n|\n|upkeep\n|turn|2\n|\n|t:|1776451569\n|detailschange|p1a: Froslass|Froslass-Mega, L50, F\n|-mega|p1a: Froslass|Froslass|Froslassite\n|-weather|Snowscape|[from] ability: Snow Warning|[of] p1a: Froslass\n|move|p2a: Gengar|Protect|p2a: Gengar\n|-singleturn|p2a: Gengar|Protect\n|move|p1b: Kingambit|Sucker Punch||[still]\n|-fail|p1b: Kingambit\n|move|p1a: Froslass|Shadow Ball|p2a: Gengar\n|-activate|p2a: Gengar|move: Protect\n|move|p2b: Incineroar|Parting Shot|p1a: Froslass\n|-unboost|p1a: Froslass|atk|1\n|-unboost|p1a: Froslass|spa|1\n|\n|t:|1776451573\n|switch|p2b: Politoed|Politoed, L50, M, shiny|100/100|[from] Parting Shot\n|-weather|RainDance|[from] ability: Drizzle|[of] p2b: Politoed\n|\n|-weather|RainDance|[upkeep]\n|upkeep\n|turn|3\n|\n|t:|1776451600\n|switch|p1a: Kommo-o|Kommo-o, L50, M|100/100\n|move|p2a: Gengar|Perish Song|p2a: Gengar\n|-start|p1a: Kommo-o|perish3|[silent]\n|-start|p1b: Kingambit|perish3|[silent]\n|-start|p2a: Gengar|perish3|[silent]\n|-start|p2b: Politoed|perish3|[silent]\n|-fieldactivate|move: Perish Song\n|move|p2b: Politoed|Encore|p1b: Kingambit\n|-start|p1b: Kingambit|Encore\n|move|p1b: Kingambit|Sucker Punch||[still]\n|-fail|p1b: Kingambit\n|\n|-weather|RainDance|[upkeep]\n|-start|p2a: Gengar|perish3\n|-start|p1a: Kommo-o|perish3\n|-start|p2b: Politoed|perish3\n|-start|p1b: Kingambit|perish3\n|upkeep\n|turn|4\n|\n|t:|1776451612\n|move|p2a: Gengar|Protect|p2a: Gengar\n|-singleturn|p2a: Gengar|Protect\n|move|p2b: Politoed|Protect|p2b: Politoed\n|-singleturn|p2b: Politoed|Protect\n|move|p1b: Kingambit|Sucker Punch||[still]\n|-fail|p1b: Kingambit\n|move|p1a: Kommo-o|Clangorous Soul|p1a: Kommo-o\n|-boost|p1a: Kommo-o|atk|1\n|-boost|p1a: Kommo-o|def|1\n|-boost|p1a: Kommo-o|spa|1\n|-boost|p1a: Kommo-o|spd|1\n|-boost|p1a: Kommo-o|spe|1\n|-damage|p1a: Kommo-o|68/100\n|\n|-weather|RainDance|[upkeep]\n|-heal|p1a: Kommo-o|74/100|[from] item: Leftovers\n|-start|p1a: Kommo-o|perish2\n|-start|p2a: Gengar|perish2\n|-start|p2b: Politoed|perish2\n|-start|p1b: Kingambit|perish2\n|upkeep\n|turn|5\n|\n|t:|1776451624\n|switch|p2a: Incineroar|Incineroar, L50, M, shiny|100/100\n|-ability|p2a: Incineroar|Intimidate|boost\n|-unboost|p1a: Kommo-o|atk|1\n|-unboost|p1b: Kingambit|atk|1\n|-ability|p1b: Kingambit|Defiant|boost\n|-boost|p1b: Kingambit|atk|2\n|move|p1b: Kingambit|Sucker Punch||[still]\n|-fail|p1b: Kingambit\n|move|p1a: Kommo-o|Clanging Scales|p2a: Incineroar|[spread] p2a,p2b\n|-damage|p2a: Incineroar|60/100\n|-damage|p2b: Politoed|59/100\n|-unboost|p1a: Kommo-o|def|1\n|move|p2b: Politoed|Encore|p1a: Kommo-o\n|-start|p1a: Kommo-o|Encore\n|\n|-weather|RainDance|[upkeep]\n|-heal|p1a: Kommo-o|80/100|[from] item: Leftovers\n|-heal|p2b: Politoed|65/100|[from] item: Leftovers\n|-end|p1b: Kingambit|Encore\n|-start|p1a: Kommo-o|perish1\n|-start|p2b: Politoed|perish1\n|-start|p1b: Kingambit|perish1\n|upkeep\n|turn|6\n|\n|t:|1776451649\n|switch|p1a: Froslass|Froslass-Mega, L50, F|100/100\n|-weather|Snowscape|[from] ability: Snow Warning|[of] p1a: Froslass\n|switch|p2b: Gengar|Gengar-Mega, L50, M, shiny|100/100\n|switch|p1b: Clefable|Clefable, L50, M|100/100\n|move|p2a: Incineroar|Darkest Lariat|p1b: Clefable\n|-resisted|p1b: Clefable|1\n|-damage|p1b: Clefable|86/100\n|\n|-weather|Snowscape|[upkeep]\n|upkeep\n|turn|7\n|\n|t:|1776451670\n|move|p1a: Froslass|Protect|p1a: Froslass\n|-singleturn|p1a: Froslass|Protect\n|move|p2b: Gengar|Shadow Ball|p1a: Froslass\n|-activate|p1a: Froslass|move: Protect\n|move|p1b: Clefable|Thunder Wave|p2b: Gengar\n|-status|p2b: Gengar|par\n|move|p2a: Incineroar|Parting Shot|p1b: Clefable\n|-unboost|p1b: Clefable|atk|1\n|-unboost|p1b: Clefable|spa|1\n|\n|t:|1776451675\n|switch|p2a: Politoed|Politoed, L50, M, shiny|65/100|[from] Parting Shot\n|-weather|RainDance|[from] ability: Drizzle|[of] p2a: Politoed\n|\n|-weather|RainDance|[upkeep]\n|-heal|p2a: Politoed|71/100|[from] item: Leftovers\n|upkeep\n|turn|8\n|inactive|Battle timer is ON: inactive players will automatically lose when time's up. (requested by snipedrone)\n|\n|t:|1776451726\n|move|p1a: Froslass|Shadow Ball|p2b: Gengar\n|-supereffective|p2b: Gengar|1\n|-damage|p2b: Gengar|14/100 par\n|move|p2b: Gengar|Shadow Ball|p1a: Froslass\n|-supereffective|p1a: Froslass|1\n|-damage|p1a: Froslass|8/100\n|move|p2a: Politoed|Perish Song|p2a: Politoed\n|-start|p1a: Froslass|perish3|[silent]\n|-start|p1b: Clefable|perish3|[silent]\n|-start|p2a: Politoed|perish3|[silent]\n|-start|p2b: Gengar|perish3|[silent]\n|-fieldactivate|move: Perish Song\n|move|p1b: Clefable|Moonblast|p2b: Gengar\n|-resisted|p2b: Gengar|1\n|-damage|p2b: Gengar|2/100 par\n|\n|-weather|RainDance|[upkeep]\n|-heal|p2a: Politoed|77/100|[from] item: Leftovers\n|-start|p1a: Froslass|perish3\n|-start|p2b: Gengar|perish3\n|-start|p2a: Politoed|perish3\n|-start|p1b: Clefable|perish3\n|upkeep\n|turn|9\n|inactive|snipedrone has 30 seconds left.\n|inactive|snipedrone has 20 seconds left.\n|inactive|snipedrone has 15 seconds left.\n|inactive|snipedrone has 10 seconds left.\n|\n|t:|1776451774\n|switch|p1a: Kommo-o|Kommo-o, L50, M|80/100\n|switch|p2b: Incineroar|Incineroar, L50, M, shiny|60/100\n|-ability|p2b: Incineroar|Intimidate|boost\n|-unboost|p1a: Kommo-o|atk|1\n|-unboost|p1b: Clefable|atk|1\n|switch|p2a: Archaludon|Archaludon, L50, M, shiny|100/100\n|move|p1b: Clefable|Moonblast|p2b: Incineroar\n|-damage|p2b: Incineroar|42/100\n|-enditem|p2b: Incineroar|Sitrus Berry|[eat]\n|-heal|p2b: Incineroar|67/100|[from] item: Sitrus Berry\n|\n|-weather|RainDance|[upkeep]\n|-heal|p1a: Kommo-o|86/100|[from] item: Leftovers\n|-start|p1b: Clefable|perish2\n|upkeep\n|turn|10\n|inactive|Sapitoch 3 has 30 seconds left.\n|inactive|snipedrone has 30 seconds left.\n|inactive|Sapitoch 3 has 20 seconds left.\n|inactive|snipedrone has 20 seconds left.\n|inactive|Sapitoch 3 has 15 seconds left.\n|inactive|Sapitoch 3 has 10 seconds left.\n|inactive|snipedrone has 15 seconds left.\n|\n|t:|1776451822\n|switch|p1b: Froslass|Froslass-Mega, L50, F|8/100\n|-weather|Snowscape|[from] ability: Snow Warning|[of] p1b: Froslass\n|move|p1a: Kommo-o|Protect|p1a: Kommo-o\n|-singleturn|p1a: Kommo-o|Protect\n|move|p2b: Incineroar|Fake Out|p1a: Kommo-o\n|-activate|p1a: Kommo-o|move: Protect\n|move|p2a: Archaludon|Electro Shot||[still]\n|-prepare|p2a: Archaludon|Electro Shot\n|-boost|p2a: Archaludon|spa|1\n|\n|-weather|Snowscape|[upkeep]\n|-heal|p1a: Kommo-o|92/100|[from] item: Leftovers\n|upkeep\n|turn|11\n|\n|t:|1776451836\n|switch|p2b: Gengar|Gengar-Mega, L50, M, shiny|2/100 par\n|move|p1b: Froslass|Blizzard|p2a: Archaludon|[spread] p2a,p2b\n|-damage|p2a: Archaludon|42/100\n|-damage|p2b: Gengar|0 fnt\n|faint|p2b: Gengar\n|move|p1a: Kommo-o|Aura Sphere|p2a: Archaludon\n|-supereffective|p2a: Archaludon|1\n|-crit|p2a: Archaludon\n|-damage|p2a: Archaludon|0 fnt\n|faint|p2a: Archaludon\n|\n|-weather|Snowscape|[upkeep]\n|-heal|p1a: Kommo-o|98/100|[from] item: Leftovers\n|upkeep\n|-message|snipedrone forfeited.\n|\n|win|Sapitoch 3\n|raw|Sapitoch 3's rating: 1082 &rarr; <strong>1107</strong><br />(+25 for winning)\n|raw|snipedrone's rating: 1049 &rarr; <strong>1033</strong><br />(-16 for losing)\n|l|\u2606snipedrone\n|player|p2|\n|l|\u2606Sapitoch 3\n|player|p1|\n",
  "uploadtime": 1776451854,
  "views": 24,
  "formatid": "gen9championsvgc2026regma",
  "rating": 1033,
  "private": 0,
  "password": null
}