{
  "id": "gen9championsvgc2026regma-2581798371",
  "format": "[Gen 9 Champions] VGC 2026 Reg M-A",
  "players": [
    "stopburns",
    "LogOffBroseph"
  ],
  "log": "|j|\u2606stopburns\n|j|\u2606LogOffBroseph\n|t:|1776029273\n|gametype|doubles\n|player|p1|stopburns|1|1110\n|player|p2|LogOffBroseph|265|1078\n|gen|9\n|tier|[Gen 9 Champions] VGC 2026 Reg M-A\n|rated|\n|rule|Species Clause: Limit one of each Pok\u00e9mon\n|rule|Item Clause: Limit 1 of each item\n|clearpoke\n|poke|p1|Sneasler, L50, M|\n|poke|p1|Kingambit, L50, M|\n|poke|p1|Incineroar, L50, M|\n|poke|p1|Basculegion, L50, M|\n|poke|p1|Froslass, L50, F|\n|poke|p1|Sinistcha, L50|\n|poke|p2|Alakazam, L50, M|\n|poke|p2|Meowstic, L50, M|\n|poke|p2|Floette-Eternal, L50, F|\n|poke|p2|Sneasler, L50, F|\n|poke|p2|Gyarados, L50, F|\n|poke|p2|Garchomp, L50, M|\n|teampreview|4\nstopburns rejected open team sheets.\n|inactive|Battle timer is ON: inactive players will automatically lose when time's up. (requested by stopburns)\n|\n|t:|1776029315\n|teamsize|p1|4\n|teamsize|p2|4\n|start\n|switch|p1a: Incineroar|Incineroar, L50, M|100/100\n|switch|p1b: Basculegion|Basculegion, L50, M|100/100\n|switch|p2a: Sneasler|Sneasler, L50, F|100/100\n|switch|p2b: Meowstic|Meowstic, L50, M|100/100\n|-ability|p1a: Incineroar|Intimidate|boost\n|-unboost|p2a: Sneasler|atk|1\n|-unboost|p2b: Meowstic|atk|1\n|-enditem|p2a: Sneasler|White Herb\n|-clearnegativeboost|p2a: Sneasler|[silent]\n|turn|1\n|\n|t:|1776029339\n|move|p2a: Sneasler|Quick Guard|p2a: Sneasler\n|-singleturn|p2a: Sneasler|Quick Guard\n|move|p1a: Incineroar|Fake Out|p2a: Sneasler\n|-activate|p2a: Sneasler|move: Quick Guard\n|move|p2b: Meowstic|Reflect|p2b: Meowstic\n|-sidestart|p2: LogOffBroseph|Reflect\n|move|p1b: Basculegion|Wave Crash|p2b: Meowstic\n|-damage|p2b: Meowstic|50/100\n|-damage|p1b: Basculegion|85/100|[from] Recoil\n|\n|upkeep\n|turn|2\n|\n|t:|1776029358\n|switch|p1a: Froslass|Froslass, L50, F|100/100\n|move|p2b: Meowstic|Psychic Terrain|p2b: Meowstic\n|-fieldstart|move: Psychic Terrain\n|move|p2a: Sneasler|Close Combat|p1a: Froslass\n|-immune|p1a: Froslass\n|move|p1b: Basculegion|Wave Crash|p2b: Meowstic\n|-damage|p2b: Meowstic|0 fnt\n|faint|p2b: Meowstic\n|-damage|p1b: Basculegion|70/100|[from] Recoil\n|\n|upkeep\n|\n|t:|1776029371\n|switch|p2b: Garchomp|Garchomp, L50, M|100/100\n|turn|3\n|\n|t:|1776029383\n|detailschange|p1a: Froslass|Froslass-Mega, L50, F\n|-mega|p1a: Froslass|Froslass|Froslassite\n|-weather|Snowscape|[from] ability: Snow Warning|[of] p1a: Froslass\n|move|p2a: Sneasler|Rock Slide|p1a: Froslass|[spread] p1a\n|-miss|p2a: Sneasler|p1b: Basculegion\n|-supereffective|p1a: Froslass|1\n|-damage|p1a: Froslass|56/100\n|move|p2b: Garchomp|Dragon Claw|p1a: Froslass\n|-damage|p1a: Froslass|6/100\n|move|p1b: Basculegion|Wave Crash|p2a: Sneasler\n|-damage|p2a: Sneasler|0 fnt\n|faint|p2a: Sneasler\n|-damage|p1b: Basculegion|44/100|[from] Recoil\n|move|p1a: Froslass|Aurora Veil|p1a: Froslass\n|-sidestart|p1: stopburns|move: Aurora Veil\n|\n|-weather|Snowscape|[upkeep]\n|upkeep\n|\n|t:|1776029390\n|switch|p2a: Floette|Floette-Eternal, L50, F|100/100\n|turn|4\n|inactive|stopburns has 30 seconds left.\n|\n|t:|1776029420\n|detailschange|p2a: Floette|Floette-Mega, L50, F\n|-mega|p2a: Floette|Floette|Floettite\n|-ability|p2a: Floette|Fairy Aura\n|move|p1a: Froslass|Protect|p1a: Froslass\n|-singleturn|p1a: Froslass|Protect\n|move|p2b: Garchomp|Dragon Claw|p1a: Froslass\n|-activate|p1a: Froslass|move: Protect\n|move|p1b: Basculegion|Wave Crash|p2a: Floette\n|-damage|p2a: Floette|43/100\n|-damage|p1b: Basculegion|26/100|[from] Recoil\n|move|p2a: Floette|Moonblast|p1b: Basculegion\n|-damage|p1b: Basculegion|0 fnt\n|faint|p1b: Basculegion\n|\n|-weather|Snowscape|[upkeep]\n|upkeep\n|\n|t:|1776029437\n|switch|p1b: Sinistcha|Sinistcha, L50|100/100\n|-heal|p1a: Froslass|31/100|[from] ability: Hospitality|[of] p1b: Sinistcha\n|turn|5\n|\n|t:|1776029445\n|move|p1b: Sinistcha|Rage Powder|p1b: Sinistcha\n|-singleturn|p1b: Sinistcha|move: Rage Powder\n|move|p2b: Garchomp|Dragon Claw|p1b: Sinistcha\n|-damage|p1b: Sinistcha|81/100\n|move|p1a: Froslass|Blizzard|p2b: Garchomp|[spread] p2a,p2b\n|-supereffective|p2b: Garchomp|2\n|-damage|p2a: Floette|6/100\n|-damage|p2b: Garchomp|0 fnt\n|faint|p2b: Garchomp\n|move|p2a: Floette|Calm Mind|p2a: Floette\n|-boost|p2a: Floette|spa|1\n|-boost|p2a: Floette|spd|1\n|\n|-weather|Snowscape|[upkeep]\n|-sideend|p2: LogOffBroseph|Reflect\n|upkeep\n|turn|6\n|\n|t:|1776029460\n|move|p1b: Sinistcha|Rage Powder|p1b: Sinistcha\n|-singleturn|p1b: Sinistcha|move: Rage Powder\n|move|p1a: Froslass|Blizzard|p2a: Floette\n|-damage|p2a: Floette|0 fnt\n|faint|p2a: Floette\n|\n|win|stopburns\n|raw|stopburns's rating: 1110 &rarr; <strong>1133</strong><br />(+23 for winning)\n|raw|LogOffBroseph's rating: 1078 &rarr; <strong>1058</strong><br />(-20 for losing)\n|l|\u2606LogOffBroseph\n|player|p2|\n|c|\u2606stopburns|gg\n",
  "uploadtime": 1776029466,
  "views": 12,
  "formatid": "gen9championsvgc2026regma",
  "rating": 1058,
  "private": 0,
  "password": null
}