{
  "id": "gen9championsvgc2026regma-2582599340",
  "format": "[Gen 9 Champions] VGC 2026 Reg M-A",
  "players": [
    "samqian8",
    "Zapdos79"
  ],
  "log": "|j|\u2606samqian8\n|j|\u2606Zapdos79\n|t:|1776101816\n|gametype|doubles\n|player|p1|samqian8|169|1231\n|player|p2|Zapdos79|flannery|1202\n|gen|9\n|tier|[Gen 9 Champions] VGC 2026 Reg M-A\n|rated|\n|rule|Species Clause: Limit one of each Pok\u00e9mon\n|rule|Item Clause: Limit 1 of each item\n|clearpoke\n|poke|p1|Pelipper, L50, F|\n|poke|p1|Archaludon, L50, M|\n|poke|p1|Dragonite, L50, M|\n|poke|p1|Basculegion, L50, M|\n|poke|p1|Sinistcha, L50|\n|poke|p1|Incineroar, L50, F|\n|poke|p2|Tyranitar, L50, M|\n|poke|p2|Talonflame, L50, F|\n|poke|p2|Excadrill, L50, M|\n|poke|p2|Meganium, L50, M|\n|poke|p2|Farigiraf, L50, F|\n|poke|p2|Incineroar, L50, F|\n|teampreview|4\n|\n|t:|1776101857\n|teamsize|p1|4\n|teamsize|p2|4\n|start\n|switch|p1a: Incineroar|Incineroar, L50, F|100/100\n|switch|p1b: Sinistcha|Sinistcha, L50|100/100\n|switch|p2a: Farigiraf|Farigiraf, L50, F|100/100\n|switch|p2b: Meganium|Meganium, L50, M|100/100\n|-ability|p1a: Incineroar|Intimidate|boost\n|-unboost|p2a: Farigiraf|atk|1\n|-unboost|p2b: Meganium|atk|1\n|turn|1\n|\n|t:|1776101881\n|detailschange|p2b: Meganium|Meganium-Mega, L50, M\n|-mega|p2b: Meganium|Meganium|Meganiumite\n|move|p1b: Sinistcha|Rage Powder|p1b: Sinistcha\n|-singleturn|p1b: Sinistcha|move: Rage Powder\n|move|p2a: Farigiraf|Ally Switch|p2a: Farigiraf\n|swap|p2a: Farigiraf|1|[from] move: Ally Switch\n|move|p2a: Meganium|Weather Ball|p1b: Sinistcha\n|-supereffective|p1b: Sinistcha|1\n|-damage|p1b: Sinistcha|0 fnt\n|faint|p1b: Sinistcha\n|move|p1a: Incineroar|Throat Chop|p2a: Meganium\n|-resisted|p2a: Meganium|1\n|-damage|p2a: Meganium|79/100\n|-start|p2a: Meganium|Throat Chop|[silent]\n|\n|upkeep\n|\n|t:|1776101892\n|switch|p1b: Pelipper|Pelipper, L50, F|100/100\n|-weather|RainDance|[from] ability: Drizzle|[of] p1b: Pelipper\n|turn|2\n|\n|t:|1776101910\n|switch|p2a: Tyranitar|Tyranitar, L50, M|100/100\n|-weather|Sandstorm|[from] ability: Sand Stream|[of] p2a: Tyranitar\n|move|p1b: Pelipper|Hurricane|p2a: Tyranitar\n|-resisted|p2a: Tyranitar|1\n|-damage|p2a: Tyranitar|85/100\n|move|p1a: Incineroar|Throat Chop|p2b: Farigiraf\n|-supereffective|p2b: Farigiraf|1\n|-damage|p2b: Farigiraf|20/100\n|-start|p2b: Farigiraf|Throat Chop|[silent]\n|move|p2b: Farigiraf|Thunder Wave|p1b: Pelipper\n|-status|p1b: Pelipper|par\n|\n|-weather|Sandstorm|[upkeep]\n|-damage|p1a: Incineroar|95/100|[from] Sandstorm\n|-damage|p2b: Farigiraf|14/100|[from] Sandstorm\n|-damage|p1b: Pelipper|95/100 par|[from] Sandstorm\n|upkeep\n|turn|3\n|\n|t:|1776101934\n|switch|p1b: Basculegion|Basculegion, L50, M|100/100\n|move|p2b: Farigiraf|Ally Switch|p2b: Farigiraf\n|swap|p2b: Farigiraf|0|[from] move: Ally Switch\n|move|p1a: Incineroar|Throat Chop|p2b: Tyranitar\n|-resisted|p2b: Tyranitar|1\n|-damage|p2b: Tyranitar|67/100\n|-start|p2b: Tyranitar|Throat Chop|[silent]\n|move|p2b: Tyranitar|Rock Slide|p1a: Incineroar|[spread] p1b\n|-miss|p2b: Tyranitar|p1a: Incineroar\n|-damage|p1b: Basculegion|60/100\n|\n|-weather|Sandstorm|[upkeep]\n|-damage|p1b: Basculegion|54/100|[from] Sandstorm\n|-damage|p1a: Incineroar|89/100|[from] Sandstorm\n|-damage|p2a: Farigiraf|8/100|[from] Sandstorm\n|-end|p2a: Farigiraf|Throat Chop|[silent]\n|upkeep\n|turn|4\n|\n|t:|1776101956\n|move|p2a: Farigiraf|Protect|p2a: Farigiraf\n|-singleturn|p2a: Farigiraf|Protect\n|move|p1b: Basculegion|Wave Crash|p2a: Farigiraf\n|-activate|p2a: Farigiraf|move: Protect\n|move|p1a: Incineroar|Throat Chop|p2a: Farigiraf\n|-activate|p2a: Farigiraf|move: Protect\n|move|p2b: Tyranitar|Breaking Swipe|p1a: Incineroar|[spread] p1a,p1b\n|-damage|p1a: Incineroar|70/100\n|-damage|p1b: Basculegion|33/100\n|-unboost|p1a: Incineroar|atk|1\n|-unboost|p1b: Basculegion|atk|1\n|\n|-weather|Sandstorm|[upkeep]\n|-damage|p1b: Basculegion|27/100|[from] Sandstorm\n|-damage|p1a: Incineroar|65/100|[from] Sandstorm\n|-damage|p2a: Farigiraf|2/100|[from] Sandstorm\n|-end|p2b: Tyranitar|Throat Chop|[silent]\n|upkeep\n|turn|5\n|\n|t:|1776101974\n|move|p1b: Basculegion|Wave Crash|p2b: Tyranitar\n|-supereffective|p2b: Tyranitar|1\n|-damage|p2b: Tyranitar|0 fnt\n|faint|p2b: Tyranitar\n|-damage|p1b: Basculegion|7/100|[from] Recoil\n|move|p1a: Incineroar|Throat Chop|p2a: Farigiraf\n|-supereffective|p2a: Farigiraf|1\n|-damage|p2a: Farigiraf|0 fnt\n|faint|p2a: Farigiraf\n|\n|-weather|Sandstorm|[upkeep]\n|-damage|p1b: Basculegion|0 fnt|[from] Sandstorm\n|-damage|p1a: Incineroar|59/100|[from] Sandstorm\n|faint|p1b: Basculegion\n|upkeep\n|\n|t:|1776101981\n|switch|p1b: Pelipper|Pelipper, L50, F|95/100 par\n|switch|p2b: Meganium|Meganium-Mega, L50, M|79/100\n|switch|p2a: Excadrill|Excadrill, L50, M|100/100\n|-weather|RainDance|[from] ability: Drizzle|[of] p1b: Pelipper\n|turn|6\n|\n|t:|1776101992\n|move|p2a: Excadrill|Rock Slide|p1b: Pelipper|[spread] p1a,p1b\n|-supereffective|p1a: Incineroar|1\n|-supereffective|p1b: Pelipper|1\n|-damage|p1a: Incineroar|15/100\n|-damage|p1b: Pelipper|44/100 par\n|-enditem|p1a: Incineroar|Sitrus Berry|[eat]\n|-heal|p1a: Incineroar|40/100|[from] item: Sitrus Berry\n|move|p2b: Meganium|Dazzling Gleam|p1b: Pelipper|[spread] p1a,p1b\n|-damage|p1a: Incineroar|0 fnt\n|-damage|p1b: Pelipper|0 fnt\n|faint|p1a: Incineroar\n|faint|p1b: Pelipper\n|\n|win|Zapdos79\n|raw|samqian8's rating: 1231 &rarr; <strong>1204</strong><br />(-27 for losing)\n|raw|Zapdos79's rating: 1202 &rarr; <strong>1229</strong><br />(+27 for winning)\n|l|\u2606samqian8\n|player|p1|\n",
  "uploadtime": 1776102012,
  "views": 34,
  "formatid": "gen9championsvgc2026regma",
  "rating": 1204,
  "private": 0,
  "password": null
}