{
  "id": "gen9championsvgc2026regma-2581282604",
  "format": "[Gen 9 Champions] VGC 2026 Reg M-A",
  "players": [
    "radoovak",
    "greeencross"
  ],
  "log": "|j|\u2606radoovak\n|j|\u2606greeencross\n|t:|1775980957\n|gametype|doubles\n|player|p1|radoovak|steven|1339\n|player|p2|greeencross|170|1384\n|gen|9\n|tier|[Gen 9 Champions] VGC 2026 Reg M-A\n|rated|\n|rule|Species Clause: Limit one of each Pok\u00e9mon\n|rule|Item Clause: Limit 1 of each item\n|clearpoke\n|poke|p1|Gengar, L50, F|\n|poke|p1|Sneasler, L50, M|\n|poke|p1|Incineroar, L50, F|\n|poke|p1|Whimsicott, L50, F|\n|poke|p1|Hydreigon, L50, F|\n|poke|p1|Palafin, L50, F|\n|poke|p2|Tyranitar, L50, M|\n|poke|p2|Rotom-Wash, L50|\n|poke|p2|Garchomp, L50, F|\n|poke|p2|Aerodactyl, L50, M|\n|poke|p2|Sinistcha, L50|\n|poke|p2|Sneasler, L50, F|\n|teampreview|4\n|inactive|Battle timer is ON: inactive players will automatically lose when time's up. (requested by greeencross)\n|j| Baby Kunai\n|j| gE1xjZRtuhW2DdT0AK\n|inactive|radoovak has 60 seconds left.\n|inactive|greeencross has 60 seconds left.\n|inactive|radoovak has 30 seconds left.\n|\n|t:|1775981019\n|teamsize|p1|4\n|teamsize|p2|4\n|start\n|switch|p1a: Hydreigon|Hydreigon, L50, F|100/100\n|switch|p1b: Palafin|Palafin, L50, F|100/100\n|switch|p2a: Sneasler|Sneasler, L50, F|100/100\n|switch|p2b: Tyranitar|Tyranitar, L50, M|100/100\n|-weather|Sandstorm|[from] ability: Sand Stream|[of] p2b: Tyranitar\n|turn|1\n|inactive|radoovak has 30 seconds left.\n|inactive|greeencross has 30 seconds left.\n|inactive|radoovak has 20 seconds left.\n|\n|t:|1775981058\n|switch|p1a: Sneasler|Sneasler, L50, M|100/100\n|detailschange|p1b: Palafin|Palafin-Hero, L50, F\n|switch|p1b: Incineroar|Incineroar, L50, F|100/100\n|-ability|p1b: Incineroar|Intimidate|boost\n|-unboost|p2a: Sneasler|atk|1\n|-unboost|p2b: Tyranitar|atk|1\n|-enditem|p2a: Sneasler|White Herb\n|-clearnegativeboost|p2a: Sneasler|[silent]\n|switch|p2b: Rotom|Rotom-Wash, L50|100/100\n|move|p2a: Sneasler|Close Combat|p1a: Sneasler\n|-resisted|p1a: Sneasler|1\n|-crit|p1a: Sneasler\n|-damage|p1a: Sneasler|20/100\n|-unboost|p2a: Sneasler|def|1\n|-unboost|p2a: Sneasler|spd|1\n|\n|-weather|Sandstorm|[upkeep]\n|-damage|p2a: Sneasler|95/100|[from] Sandstorm\n|-damage|p2b: Rotom|95/100|[from] Sandstorm\n|-damage|p1a: Sneasler|14/100|[from] Sandstorm\n|-damage|p1b: Incineroar|95/100|[from] Sandstorm\n|upkeep\n|turn|2\n|inactive|radoovak has 30 seconds left.\n|inactive|greeencross has 30 seconds left.\n|inactive|radoovak has 20 seconds left.\n|inactive|radoovak has 15 seconds left.\n|inactive|radoovak has 10 seconds left.\n|\n|t:|1775981107\n|move|p1a: Sneasler|Fake Out|p2b: Rotom\n|-damage|p2b: Rotom|75/100\n|move|p2a: Sneasler|Dire Claw|p1a: Sneasler\n|-resisted|p1a: Sneasler|1\n|-damage|p1a: Sneasler|0 fnt\n|faint|p1a: Sneasler\n|cant|p2b: Rotom|flinch\n|move|p1b: Incineroar|Flare Blitz|p2a: Sneasler\n|-damage|p2a: Sneasler|0 fnt\n|faint|p2a: Sneasler\n|-damage|p1b: Incineroar|70/100|[from] Recoil\n|\n|-weather|Sandstorm|[upkeep]\n|-damage|p2b: Rotom|69/100|[from] Sandstorm\n|-damage|p1b: Incineroar|64/100|[from] Sandstorm\n|upkeep\n|\n|t:|1775981126\n|switch|p2a: Aerodactyl|Aerodactyl, L50, M|100/100\n|switch|p1a: Hydreigon|Hydreigon, L50, F|100/100\n|-ability|p2a: Aerodactyl|Unnerve\n|turn|3\n|\n|t:|1775981147\n|switch|p1b: Palafin|Palafin-Hero, L50, F|100/100\n|-activate|p1b: Palafin|ability: Zero to Hero\n|move|p1a: Hydreigon|Dark Pulse|p2b: Rotom\n|-damage|p2b: Rotom|20/100\n|move|p2a: Aerodactyl|Rock Slide|p1b: Palafin|[spread] p1a,p1b\n|-crit|p1a: Hydreigon\n|-damage|p1a: Hydreigon|53/100\n|-damage|p1b: Palafin|76/100\n|move|p2b: Rotom|Electroweb|p1b: Palafin|[spread] p1a\n|-miss|p2b: Rotom|p1b: Palafin\n|-resisted|p1a: Hydreigon|1\n|-damage|p1a: Hydreigon|41/100\n|-unboost|p1a: Hydreigon|spe|1\n|\n|-weather|Sandstorm|[upkeep]\n|-damage|p2b: Rotom|14/100|[from] Sandstorm\n|-damage|p1a: Hydreigon|35/100|[from] Sandstorm\n|-damage|p1b: Palafin|70/100|[from] Sandstorm\n|upkeep\n|turn|4\n|\n|t:|1775981170\n|move|p1b: Palafin|Jet Punch|p2a: Aerodactyl\n|-supereffective|p2a: Aerodactyl|1\n|-enditem|p2a: Aerodactyl|Focus Sash\n|-damage|p2a: Aerodactyl|1/100\n|move|p2a: Aerodactyl|Tailwind|p2a: Aerodactyl\n|-sidestart|p2: greeencross|move: Tailwind\n|move|p2b: Rotom|Electroweb|p1b: Palafin|[spread] p1a,p1b\n|-resisted|p1a: Hydreigon|1\n|-supereffective|p1b: Palafin|1\n|-damage|p1a: Hydreigon|24/100\n|-damage|p1b: Palafin|31/100\n|-unboost|p1a: Hydreigon|spe|1\n|-unboost|p1b: Palafin|spe|1\n|move|p1a: Hydreigon|Dark Pulse|p2b: Rotom\n|-damage|p2b: Rotom|0 fnt\n|faint|p2b: Rotom\n|\n|-weather|Sandstorm|[upkeep]\n|-damage|p1a: Hydreigon|18/100|[from] Sandstorm\n|-damage|p1b: Palafin|25/100|[from] Sandstorm\n|upkeep\n|\n|t:|1775981186\n|switch|p2b: Tyranitar|Tyranitar, L50, M|100/100\n|turn|5\n|j| Crvstal_K!tty\n|\n|t:|1775981203\n|switch|p1a: Incineroar|Incineroar, L50, F|64/100\n|-ability|p1a: Incineroar|Intimidate|boost\n|-unboost|p2a: Aerodactyl|atk|1\n|-unboost|p2b: Tyranitar|atk|1\n|detailschange|p2b: Tyranitar|Tyranitar-Mega, L50, M\n|-mega|p2b: Tyranitar|Tyranitar|Tyranitarite\n|move|p1b: Palafin|Protect|p1b: Palafin\n|-singleturn|p1b: Palafin|Protect\n|move|p2a: Aerodactyl|Rock Slide|p1a: Incineroar|[spread] p1a\n|-activate|p1b: Palafin|move: Protect\n|-supereffective|p1a: Incineroar|1\n|-damage|p1a: Incineroar|34/100\n|move|p2b: Tyranitar|Rock Slide|p1a: Incineroar|[spread] p1a\n|-activate|p1b: Palafin|move: Protect\n|-supereffective|p1a: Incineroar|1\n|-damage|p1a: Incineroar|0 fnt\n|faint|p1a: Incineroar\n|\n|-weather|none\n|upkeep\n|\n|t:|1775981221\n|switch|p1a: Hydreigon|Hydreigon, L50, F|18/100\n|turn|6\n|\n|t:|1775981237\n|move|p1b: Palafin|Jet Punch|p2b: Tyranitar\n|-supereffective|p2b: Tyranitar|1\n|-damage|p2b: Tyranitar|40/100\n|move|p2a: Aerodactyl|Rock Slide|p1b: Palafin|[spread] p1b\n|-miss|p2a: Aerodactyl|p1a: Hydreigon\n|-damage|p1b: Palafin|10/100\n|move|p1a: Hydreigon|Hydro Pump|p2b: Tyranitar\n|-supereffective|p2b: Tyranitar|1\n|-damage|p2b: Tyranitar|0 fnt\n|faint|p2b: Tyranitar\n|\n|upkeep\n|turn|7\n|inactive|greeencross has 30 seconds left.\n|\n|t:|1775981263\n|move|p1b: Palafin|Jet Punch|p2a: Aerodactyl\n|-supereffective|p2a: Aerodactyl|1\n|-damage|p2a: Aerodactyl|0 fnt\n|faint|p2a: Aerodactyl\n|\n|win|radoovak\n|raw|radoovak's rating: 1339 &rarr; <strong>1362</strong><br />(+23 for winning)\n|raw|greeencross's rating: 1384 &rarr; <strong>1361</strong><br />(-23 for losing)\n|l|\u2606greeencross\n|player|p2|\n",
  "uploadtime": 1775981266,
  "views": 44,
  "formatid": "gen9championsvgc2026regma",
  "rating": 1361,
  "private": 0,
  "password": null
}