{
  "id": "gen9championsvgc2026regma-2581124212",
  "format": "[Gen 9 Champions] VGC 2026 Reg M-A",
  "players": [
    "Oras_4996",
    "seqwfds"
  ],
  "log": "|j|\u2606Oras_4996\n|j|\u2606seqwfds\n|t:|1775962194\n|gametype|doubles\n|player|p1|Oras_4996|pokemaniac|1111\n|player|p2|seqwfds|1|1192\n|gen|9\n|tier|[Gen 9 Champions] VGC 2026 Reg M-A\n|rated|\n|rule|Species Clause: Limit one of each Pok\u00e9mon\n|rule|Item Clause: Limit 1 of each item\n|clearpoke\n|poke|p1|Delphox, L50, M|\n|poke|p1|Garchomp, L50, F|\n|poke|p1|Whimsicott, L50, M|\n|poke|p1|Incineroar, L50, M|\n|poke|p1|Sinistcha, L50|\n|poke|p1|Kingambit, L50, M|\n|poke|p2|Meganium, L50, M|\n|poke|p2|Aerodactyl, L50, F|\n|poke|p2|Garchomp, L50, M|\n|poke|p2|Orthworm, L50, M|\n|poke|p2|Froslass, L50, F|\n|poke|p2|Incineroar, L50, M|\n|teampreview|4\n|inactive|Battle timer is ON: inactive players will automatically lose when time's up. (requested by seqwfds)\n|\n|t:|1775962236\n|teamsize|p1|4\n|teamsize|p2|4\n|start\n|switch|p1a: Garchomp|Garchomp, L50, F, shiny|100/100\n|switch|p1b: Kingambit|Kingambit, L50, M, shiny|100/100\n|switch|p2a: Froslass|Froslass, L50, F|100/100\n|switch|p2b: Aerodactyl|Aerodactyl, L50, F|100/100\n|-ability|p2b: Aerodactyl|Unnerve\n|turn|1\n|inactive|seqwfds has 30 seconds left.\n|\n|t:|1775962269\n|detailschange|p2a: Froslass|Froslass-Mega, L50, F\n|-mega|p2a: Froslass|Froslass|Froslassite\n|-weather|Snowscape|[from] ability: Snow Warning|[of] p2a: Froslass\n|move|p1b: Kingambit|Sucker Punch||[still]\n|-fail|p1b: Kingambit\n|move|p1a: Garchomp|Rock Slide|p2a: Froslass|[spread] p2a,p2b\n|-supereffective|p2a: Froslass|1\n|-supereffective|p2b: Aerodactyl|1\n|-damage|p2a: Froslass|59/100\n|-damage|p2b: Aerodactyl|25/100\n|move|p2b: Aerodactyl|Tailwind|p2b: Aerodactyl\n|-sidestart|p2: seqwfds|move: Tailwind\n|move|p2a: Froslass|Nasty Plot|p2a: Froslass\n|-boost|p2a: Froslass|spa|2\n|\n|-weather|Snowscape|[upkeep]\n|upkeep\n|turn|2\n|inactive|seqwfds has 30 seconds left.\n|\n|t:|1775962296\n|switch|p2b: Garchomp|Garchomp, L50, M|100/100\n|move|p2a: Froslass|Protect|p2a: Froslass\n|-singleturn|p2a: Froslass|Protect\n|move|p1b: Kingambit|Sucker Punch||[still]\n|-fail|p1b: Kingambit\n|move|p1a: Garchomp|Rock Slide|p2a: Froslass|[spread] p2b\n|-activate|p2a: Froslass|move: Protect\n|-resisted|p2b: Garchomp|1\n|-damage|p2b: Garchomp|91/100\n|\n|-weather|Snowscape|[upkeep]\n|upkeep\n|turn|3\n|inactive|seqwfds has 30 seconds left.\n|inactive|Oras_4996 has 30 seconds left.\n|\n|t:|1775962327\n|switch|p2a: Aerodactyl|Aerodactyl, L50, F|25/100\n|-ability|p2a: Aerodactyl|Unnerve\n|switch|p1a: Incineroar|Incineroar, L50, M, shiny|100/100\n|-ability|p1a: Incineroar|Intimidate|boost\n|-unboost|p2a: Aerodactyl|atk|1\n|-unboost|p2b: Garchomp|atk|1\n|move|p1b: Kingambit|Protect|p1b: Kingambit\n|-singleturn|p1b: Kingambit|Protect\n|move|p2b: Garchomp|Earthquake|p1b: Kingambit|[spread] p1a\n|-activate|p1b: Kingambit|move: Protect\n|-immune|p2a: Aerodactyl\n|-supereffective|p1a: Incineroar|1\n|-damage|p1a: Incineroar|60/100\n|\n|-weather|Snowscape|[upkeep]\n|upkeep\n|turn|4\n|inactive|Oras_4996 has 30 seconds left.\n|\n|t:|1775962354\n|move|p1a: Incineroar|Fake Out|p2b: Garchomp\n|-damage|p2b: Garchomp|81/100\n|-damage|p1a: Incineroar|48/100|[from] ability: Rough Skin|[of] p2b: Garchomp\n|cant|p2b: Garchomp|flinch\n|move|p2a: Aerodactyl|Rock Slide|p1a: Incineroar|[spread] p1a,p1b\n|-supereffective|p1a: Incineroar|1\n|-resisted|p1b: Kingambit|1\n|-damage|p1a: Incineroar|24/100\n|-damage|p1b: Kingambit|94/100\n|move|p1b: Kingambit|Kowtow Cleave|p2b: Garchomp\n|-damage|p2b: Garchomp|29/100\n|-damage|p1b: Kingambit|82/100|[from] ability: Rough Skin|[of] p2b: Garchomp\n|\n|-weather|Snowscape|[upkeep]\n|-sideend|p2: seqwfds|move: Tailwind\n|upkeep\n|turn|5\n|inactive|seqwfds has 30 seconds left.\n|\n|t:|1775962384\n|switch|p2b: Incineroar|Incineroar, L50, M|100/100\n|-ability|p2b: Incineroar|Intimidate|boost\n|-unboost|p1a: Incineroar|atk|1\n|-unboost|p1b: Kingambit|atk|1\n|-ability|p1b: Kingambit|Defiant|boost\n|-boost|p1b: Kingambit|atk|2\n|switch|p1a: Whimsicott|Whimsicott, L50, M, shiny|100/100\n|move|p1b: Kingambit|Sucker Punch||[still]\n|-fail|p1b: Kingambit\n|move|p2a: Aerodactyl|Rock Slide|p1b: Kingambit|[spread] p1a,p1b\n|-resisted|p1b: Kingambit|1\n|-damage|p1a: Whimsicott|73/100\n|-damage|p1b: Kingambit|76/100\n|\n|-weather|none\n|upkeep\n|turn|6\n|inactive|Oras_4996 has 30 seconds left.\n|\n|t:|1775962410\n|move|p1b: Kingambit|Protect|p1b: Kingambit\n|-singleturn|p1b: Kingambit|Protect\n|move|p1a: Whimsicott|Tailwind|p1a: Whimsicott\n|-sidestart|p1: Oras_4996|move: Tailwind\n|move|p2a: Aerodactyl|Dual Wingbeat|p1a: Whimsicott|[miss]\n|-miss|p2a: Aerodactyl|p1a: Whimsicott\n|move|p2b: Incineroar|Flare Blitz|p1b: Kingambit\n|-activate|p1b: Kingambit|move: Protect\n|\n|upkeep\n|turn|7\n|\n|t:|1775962428\n|switch|p1b: Incineroar|Incineroar, L50, M, shiny|24/100\n|-ability|p1b: Incineroar|Intimidate|boost\n|-unboost|p2a: Aerodactyl|atk|1\n|-unboost|p2b: Incineroar|atk|1\n|move|p1a: Whimsicott|Moonblast|p2a: Aerodactyl\n|-damage|p2a: Aerodactyl|0 fnt\n|-enditem|p1b: Incineroar|Sitrus Berry|[eat]\n|-heal|p1b: Incineroar|48/100|[from] item: Sitrus Berry\n|faint|p2a: Aerodactyl\n|move|p2b: Incineroar|Flare Blitz|p1b: Incineroar\n|-resisted|p1b: Incineroar|1\n|-damage|p1b: Incineroar|34/100\n|-damage|p2b: Incineroar|96/100|[from] Recoil\n|\n|upkeep\n|inactive|seqwfds has 30 seconds left.\n|\n|t:|1775962456\n|switch|p2a: Froslass|Froslass-Mega, L50, F|59/100\n|-weather|Snowscape|[from] ability: Snow Warning|[of] p2a: Froslass\n|turn|8\n|inactive|Oras_4996 has 30 seconds left.\n|\n|t:|1775962484\n|move|p2a: Froslass|Protect|p2a: Froslass\n|-singleturn|p2a: Froslass|Protect\n|move|p1a: Whimsicott|Moonblast|p2b: Incineroar\n|-damage|p2b: Incineroar|63/100\n|move|p1b: Incineroar|Flare Blitz|p2a: Froslass\n|-activate|p2a: Froslass|move: Protect\n|move|p2b: Incineroar|Flare Blitz|p1a: Whimsicott\n|-supereffective|p1a: Whimsicott|1\n|-damage|p1a: Whimsicott|0 fnt\n|faint|p1a: Whimsicott\n|-damage|p2b: Incineroar|48/100|[from] Recoil\n|\n|-weather|Snowscape|[upkeep]\n|upkeep\n|\n|t:|1775962492\n|switch|p1a: Garchomp|Garchomp, L50, F, shiny|100/100\n|turn|9\n|inactive|seqwfds has 30 seconds left.\n|inactive|seqwfds has 20 seconds left.\n|inactive|seqwfds has 15 seconds left.\n|inactive|seqwfds has 10 seconds left.\n|\n|t:|1775962539\n|switch|p2a: Garchomp|Garchomp, L50, M|29/100\n|move|p1a: Garchomp|Rock Slide|p2b: Incineroar|[spread] p2a,p2b\n|-resisted|p2a: Garchomp|1\n|-supereffective|p2b: Incineroar|1\n|-damage|p2a: Garchomp|19/100\n|-damage|p2b: Incineroar|14/100\n|move|p1b: Incineroar|Darkest Lariat|p2a: Garchomp\n|-crit|p2a: Garchomp\n|-damage|p2a: Garchomp|0 fnt\n|-damage|p1b: Incineroar|22/100|[from] ability: Rough Skin|[of] p2a: Garchomp\n|faint|p2a: Garchomp\n|move|p2b: Incineroar|Parting Shot|p1a: Garchomp\n|-unboost|p1a: Garchomp|atk|1\n|-unboost|p1a: Garchomp|spa|1\n|\n|t:|1775962541\n|switch|p2b: Froslass|Froslass-Mega, L50, F|59/100|[from] Parting Shot\n|\n|-weather|Snowscape|[upkeep]\n|-sideend|p1: Oras_4996|move: Tailwind\n|upkeep\n|\n|t:|1775962545\n|switch|p2a: Incineroar|Incineroar, L50, M|14/100\n|-ability|p2a: Incineroar|Intimidate|boost\n|-unboost|p1a: Garchomp|atk|1\n|-unboost|p1b: Incineroar|atk|1\n|turn|10\n|\n|t:|1775962565\n|switch|p1a: Kingambit|Kingambit, L50, M, shiny|76/100\n|move|p2b: Froslass|Blizzard|p1b: Incineroar|[spread] p1a,p1b\n|-resisted|p1a: Kingambit|1\n|-resisted|p1b: Incineroar|1\n|-damage|p1a: Kingambit|57/100\n|-damage|p1b: Incineroar|3/100\n|-status|p1a: Kingambit|frz\n|move|p2a: Incineroar|Flare Blitz|p1b: Incineroar\n|-resisted|p1b: Incineroar|1\n|-damage|p1b: Incineroar|0 fnt\n|faint|p1b: Incineroar\n|-damage|p2a: Incineroar|13/100|[from] Recoil\n|\n|-weather|Snowscape|[upkeep]\n|upkeep\n|\n|t:|1775962578\n|switch|p1b: Garchomp|Garchomp, L50, F, shiny|100/100\n|turn|11\n|\n|t:|1775962583\n|cant|p1a: Kingambit|frz\n|move|p1b: Garchomp|Rock Slide|p2b: Froslass|[spread] p2a,p2b\n|-supereffective|p2a: Incineroar|1\n|-supereffective|p2b: Froslass|1\n|-damage|p2a: Incineroar|0 fnt\n|-damage|p2b: Froslass|23/100\n|faint|p2a: Incineroar\n|move|p2b: Froslass|Blizzard|p1a: Kingambit|[spread] p1a,p1b\n|-resisted|p1a: Kingambit|1\n|-crit|p1a: Kingambit\n|-supereffective|p1b: Garchomp|2\n|-damage|p1a: Kingambit|28/100 frz\n|-damage|p1b: Garchomp|0 fnt\n|faint|p1b: Garchomp\n|\n|-weather|Snowscape|[upkeep]\n|upkeep\n|turn|12\n|\n|t:|1775962606\n|cant|p1a: Kingambit|frz\n|move|p2b: Froslass|Blizzard|p1a: Kingambit\n|-resisted|p1a: Kingambit|1\n|-damage|p1a: Kingambit|4/100 frz\n|\n|-weather|none\n|upkeep\n|turn|13\n|\n|t:|1775962620\n|-curestatus|p1a: Kingambit|frz|[msg]\n|move|p1a: Kingambit|Sucker Punch|p2b: Froslass\n|-supereffective|p2b: Froslass|1\n|-damage|p2b: Froslass|0 fnt\n|faint|p2b: Froslass\n|\n|win|Oras_4996\n|raw|Oras_4996's rating: 1111 &rarr; <strong>1142</strong><br />(+31 for winning)\n|raw|seqwfds's rating: 1192 &rarr; <strong>1161</strong><br />(-31 for losing)\n|l|\u2606seqwfds\n|player|p2|\n",
  "uploadtime": 1775962626,
  "views": 22,
  "formatid": "gen9championsvgc2026regma",
  "rating": 1142,
  "private": 0,
  "password": null
}