{
  "id": "gen9championsvgc2026regma-2589436368",
  "format": "[Gen 9 Champions] VGC 2026 Reg M-A",
  "players": [
    "Ammo78",
    "raiden104"
  ],
  "log": "|j|\u2606Ammo78\n|j|\u2606raiden104\n|t:|1776722805\n|gametype|doubles\n|player|p1|Ammo78|morty|1050\n|player|p2|raiden104|steven|1040\n|gen|9\n|tier|[Gen 9 Champions] VGC 2026 Reg M-A\n|rated|\n|rule|Species Clause: Limit one of each Pok\u00e9mon\n|rule|Item Clause: Limit 1 of each item\n|clearpoke\n|poke|p1|Decidueye, L50, M|\n|poke|p1|Feraligatr, L50, M|\n|poke|p1|Incineroar, L50, F|\n|poke|p1|Hatterene, L50, F|\n|poke|p1|Ampharos, L50, F|\n|poke|p1|Aegislash, L50, F|\n|poke|p2|Archaludon, L50, M|\n|poke|p2|Pelipper, L50, M|\n|poke|p2|Basculegion, L50, M, shiny|\n|poke|p2|Sinistcha-Masterpiece, L50|\n|poke|p2|Meganium, L50, F, shiny|\n|poke|p2|Kingambit, L50, M|\n|teampreview|4\n|\n|t:|1776722824\n|teamsize|p1|4\n|teamsize|p2|4\n|start\n|switch|p1a: Incineroar|Incineroar, L50, F|100/100\n|switch|p1b: Hatterene|Hatterene, L50, F|100/100\n|switch|p2a: Pelipper|Pelipper, L50, M|100/100\n|switch|p2b: Kingambit|Kingambit, L50, M|100/100\n|-weather|RainDance|[from] ability: Drizzle|[of] p2a: Pelipper\n|-ability|p1a: Incineroar|Intimidate|boost\n|-unboost|p2a: Pelipper|atk|1\n|-unboost|p2b: Kingambit|atk|1\n|-ability|p2b: Kingambit|Defiant|boost\n|-boost|p2b: Kingambit|atk|2\n|turn|1\n|inactive|Battle timer is ON: inactive players will automatically lose when time's up. (requested by raiden104)\n|\n|t:|1776722856\n|move|p2a: Pelipper|Protect|p2a: Pelipper\n|-singleturn|p2a: Pelipper|Protect\n|move|p2b: Kingambit|Protect|p2b: Kingambit\n|-singleturn|p2b: Kingambit|Protect\n|move|p1a: Incineroar|Fake Out|p2b: Kingambit\n|-activate|p2b: Kingambit|move: Protect\n|move|p1b: Hatterene|Trick Room|p1b: Hatterene\n|-fieldstart|move: Trick Room|[of] p1b: Hatterene\n|\n|-weather|RainDance|[upkeep]\n|upkeep\n|turn|2\n|inactive|Ammo78 has 30 seconds left.\n|\n|t:|1776722882\n|switch|p1b: Ampharos|Ampharos, L50, F|100/100\n|move|p2b: Kingambit|Low Kick|p1a: Incineroar\n|-supereffective|p1a: Incineroar|1\n|-damage|p1a: Incineroar|27/100\n|-enditem|p1a: Incineroar|Sitrus Berry|[eat]\n|-heal|p1a: Incineroar|52/100|[from] item: Sitrus Berry\n|move|p1a: Incineroar|Flare Blitz|p2b: Kingambit\n|-supereffective|p2b: Kingambit|1\n|-damage|p2b: Kingambit|68/100\n|-damage|p1a: Incineroar|39/100|[from] Recoil\n|move|p2a: Pelipper|Weather Ball|p1b: Ampharos\n|-damage|p1b: Ampharos|39/100\n|\n|-weather|RainDance|[upkeep]\n|upkeep\n|turn|3\n|inactive|Ammo78 has 30 seconds left.\n|inactive|Ammo78 has 20 seconds left.\n|\n|t:|1776722920\n|switch|p1a: Aegislash|Aegislash, L50, F|100/100\n|detailschange|p1b: Ampharos|Ampharos-Mega, L50, F\n|-mega|p1b: Ampharos|Ampharos|Ampharosite\n|-ability|p1b: Ampharos|Mold Breaker\n|move|p1b: Ampharos|Focus Blast|p2b: Kingambit\n|-supereffective|p2b: Kingambit|2\n|-enditem|p2b: Kingambit|Chople Berry|[eat]\n|-enditem|p2b: Kingambit|Chople Berry|[weaken]\n|-damage|p2b: Kingambit|0 fnt\n|faint|p2b: Kingambit\n|move|p2a: Pelipper|Hurricane|p1a: Aegislash\n|-resisted|p1a: Aegislash|1\n|-damage|p1a: Aegislash|81/100\n|\n|-weather|RainDance|[upkeep]\n|upkeep\n|\n|t:|1776722937\n|switch|p2b: Basculegion|Basculegion, L50, M, shiny|100/100\n|turn|4\n|\n|t:|1776722950\n|move|p2b: Basculegion|Protect|p2b: Basculegion\n|-singleturn|p2b: Basculegion|Protect\n|move|p2a: Pelipper|Protect|p2a: Pelipper\n|-singleturn|p2a: Pelipper|Protect\n|move|p1a: Aegislash|Wide Guard|p1a: Aegislash\n|-singleturn|p1a: Aegislash|Wide Guard\n|move|p1b: Ampharos|Thunder|p2a: Pelipper\n|-activate|p2a: Pelipper|move: Protect\n|\n|-weather|RainDance|[upkeep]\n|upkeep\n|turn|5\n|\n|t:|1776722973\n|move|p1b: Ampharos|Thunder|p2a: Pelipper\n|-supereffective|p2a: Pelipper|2\n|-enditem|p2a: Pelipper|Focus Sash\n|-damage|p2a: Pelipper|1/100\n|-formechange|p1a: Aegislash|Aegislash-Blade|\n|move|p1a: Aegislash|Shadow Ball|p2b: Basculegion\n|-supereffective|p2b: Basculegion|1\n|-damage|p2b: Basculegion|0 fnt\n|faint|p2b: Basculegion\n|move|p2a: Pelipper|Tailwind|p2a: Pelipper\n|-sidestart|p2: raiden104|move: Tailwind\n|\n|-weather|none\n|-fieldend|move: Trick Room\n|upkeep\n|\n|t:|1776722984\n|switch|p2b: Meganium|Meganium, L50, F, shiny|100/100\n|turn|6\n|\n|t:|1776723008\n|switch|p1a: Incineroar|Incineroar, L50, F|39/100\n|-ability|p1a: Incineroar|Intimidate|boost\n|-unboost|p2a: Pelipper|atk|1\n|-unboost|p2b: Meganium|atk|1\n|switch|p1b: Hatterene|Hatterene, L50, F|100/100\n|detailschange|p2b: Meganium|Meganium-Mega, L50, F, shiny\n|-mega|p2b: Meganium|Meganium|Meganiumite\n|move|p2a: Pelipper|Hurricane|p1b: Hatterene\n|-damage|p1b: Hatterene|49/100\n|move|p2b: Meganium|Weather Ball|p1a: Incineroar\n|-resisted|p1a: Incineroar|1\n|-damage|p1a: Incineroar|14/100\n|\n|-heal|p1b: Hatterene|55/100|[from] item: Leftovers\n|upkeep\n|turn|7\n|inactive|Ammo78 has 30 seconds left.\n|inactive|raiden104 has 30 seconds left.\n|\n|t:|1776723042\n|move|p1a: Incineroar|Fake Out|p2b: Meganium\n|-damage|p2b: Meganium|92/100\n|move|p2a: Pelipper|Hurricane|p1b: Hatterene\n|-crit|p1b: Hatterene\n|-damage|p1b: Hatterene|0 fnt\n|faint|p1b: Hatterene\n|cant|p2b: Meganium|flinch\n|\n|upkeep\n|\n|t:|1776723052\n|switch|p1b: Aegislash|Aegislash, L50, F|81/100\n|turn|8\n|\n|t:|1776723067\n|move|p2a: Pelipper|Protect|p2a: Pelipper\n|-singleturn|p2a: Pelipper|Protect\n|move|p1b: Aegislash|King's Shield|p1b: Aegislash\n|-singleturn|p1b: Aegislash|Protect\n|move|p2b: Meganium|Weather Ball|p1b: Aegislash\n|-activate|p1b: Aegislash|move: Protect\n|move|p1a: Incineroar|Parting Shot|p2b: Meganium\n|-unboost|p2b: Meganium|atk|1\n|-unboost|p2b: Meganium|spa|1\n|\n|t:|1776723079\n|switch|p1a: Ampharos|Ampharos-Mega, L50, F|39/100|[from] Parting Shot\n|-ability|p1a: Ampharos|Mold Breaker\n|\n|-sideend|p2: raiden104|move: Tailwind\n|upkeep\n|turn|9\n|\n|t:|1776723101\n|move|p2a: Pelipper|Tailwind|p2a: Pelipper\n|-sidestart|p2: raiden104|move: Tailwind\n|move|p2b: Meganium|Dazzling Gleam|p1a: Ampharos|[spread] p1a,p1b\n|-supereffective|p1a: Ampharos|1\n|-resisted|p1b: Aegislash|1\n|-damage|p1a: Ampharos|0 fnt\n|-damage|p1b: Aegislash|71/100\n|faint|p1a: Ampharos\n|-formechange|p1b: Aegislash|Aegislash-Blade|\n|move|p1b: Aegislash|Flash Cannon|p2b: Meganium\n|-supereffective|p2b: Meganium|1\n|-damage|p2b: Meganium|14/100\n|\n|upkeep\n|\n|t:|1776723113\n|switch|p1a: Incineroar|Incineroar, L50, F|14/100\n|-ability|p1a: Incineroar|Intimidate|boost\n|-unboost|p2a: Pelipper|atk|1\n|-unboost|p2b: Meganium|atk|1\n|turn|10\n|inactive|Ammo78 has 30 seconds left.\n|\n|t:|1776723138\n|move|p2a: Pelipper|Protect|p2a: Pelipper\n|-singleturn|p2a: Pelipper|Protect\n|move|p2b: Meganium|Protect|p2b: Meganium\n|-singleturn|p2b: Meganium|Protect\n|move|p1a: Incineroar|Fake Out|p2a: Pelipper\n|-activate|p2a: Pelipper|move: Protect\n|move|p1b: Aegislash|Flash Cannon|p2b: Meganium\n|-activate|p2b: Meganium|move: Protect\n|\n|upkeep\n|turn|11\n|inactive|raiden104 has 30 seconds left.\n|\n|t:|1776723164\n|-formechange|p1b: Aegislash|Aegislash|\n|move|p1b: Aegislash|King's Shield|p1b: Aegislash\n|-singleturn|p1b: Aegislash|Protect\n|move|p2a: Pelipper|Weather Ball|p1a: Incineroar\n|-damage|p1a: Incineroar|3/100\n|move|p2b: Meganium|Weather Ball|p1b: Aegislash\n|-activate|p1b: Aegislash|move: Protect\n|move|p1a: Incineroar|Flare Blitz|p2b: Meganium\n|-supereffective|p2b: Meganium|1\n|-damage|p2b: Meganium|0 fnt\n|faint|p2b: Meganium\n|-damage|p1a: Incineroar|0 fnt|[from] Recoil\n|faint|p1a: Incineroar\n|\n|upkeep\n|turn|12\n|inactive|Ammo78 has 30 seconds left.\n|inactive|Ammo78 has 20 seconds left.\n|\n|t:|1776723200\n|move|p2a: Pelipper|Hurricane|p1b: Aegislash|[miss]\n|-miss|p2a: Pelipper|p1b: Aegislash\n|-formechange|p1b: Aegislash|Aegislash-Blade|\n|move|p1b: Aegislash|Flash Cannon|p2a: Pelipper\n|-resisted|p2a: Pelipper|1\n|-damage|p2a: Pelipper|0 fnt\n|faint|p2a: Pelipper\n|\n|win|Ammo78\n|raw|Ammo78's rating: 1050 &rarr; <strong>1082</strong><br />(+32 for winning)\n|raw|raiden104's rating: 1040 &rarr; <strong>1024</strong><br />(-16 for losing)\n|l|\u2606raiden104\n|player|p2|\n",
  "uploadtime": 1776723216,
  "views": 6,
  "formatid": "gen9championsvgc2026regma",
  "rating": 1024,
  "private": 0,
  "password": null
}