{
  "id": "gen9championsvgc2026regma-2583956575",
  "format": "[Gen 9 Champions] VGC 2026 Reg M-A",
  "players": [
    "e242521",
    "Joelypoley"
  ],
  "log": "|j|\u2606e242521\n|j|\u2606Joelypoley\n|t:|1776211643\n|gametype|doubles\n|player|p1|e242521|boarder|1137\n|player|p2|Joelypoley|169|1093\n|gen|9\n|tier|[Gen 9 Champions] VGC 2026 Reg M-A\n|rated|\n|rule|Species Clause: Limit one of each Pok\u00e9mon\n|rule|Item Clause: Limit 1 of each item\n|clearpoke\n|poke|p1|Pikachu, L50, M|\n|poke|p1|Charizard, L50, M|\n|poke|p1|Whimsicott, L50, M|\n|poke|p1|Froslass, L50, F|\n|poke|p1|Incineroar, L50, M|\n|poke|p1|Rotom-Wash, L50|\n|poke|p2|Heracross, L50, M|\n|poke|p2|Sinistcha, L50|\n|poke|p2|Kingambit, L50, M|\n|poke|p2|Pelipper, L50, F|\n|poke|p2|Sneasler, L50, F|\n|poke|p2|Archaludon, L50, M|\n|teampreview|4\n|inactive|Battle timer is ON: inactive players will automatically lose when time's up. (requested by e242521)\n|inactive|Joelypoley has 60 seconds left.\n|\n|t:|1776211699\n|teamsize|p1|4\n|teamsize|p2|4\n|start\n|switch|p1a: Whimsicott|Whimsicott, L50, M|100/100\n|switch|p1b: Rotom|Rotom-Wash, L50|100/100\n|switch|p2a: Sinistcha|Sinistcha, L50|100/100\n|switch|p2b: Sneasler|Sneasler, L50, F|100/100\n|turn|1\n|\n|t:|1776211711\n|move|p2b: Sneasler|Fake Out|p1a: Whimsicott\n|-damage|p1a: Whimsicott|82/100\n|cant|p1a: Whimsicott|flinch\n|move|p1b: Rotom|Shadow Ball|p2a: Sinistcha\n|-supereffective|p2a: Sinistcha|1\n|-damage|p2a: Sinistcha|42/100\n|-enditem|p2a: Sinistcha|Sitrus Berry|[eat]\n|-heal|p2a: Sinistcha|67/100|[from] item: Sitrus Berry\n|move|p2a: Sinistcha|Trick Room|p2a: Sinistcha\n|-fieldstart|move: Trick Room|[of] p2a: Sinistcha\n|\n|upkeep\n|turn|2\n|\n|t:|1776211736\n|switch|p2a: Kingambit|Kingambit, L50, M|100/100\n|move|p1b: Rotom|Shadow Ball|p2a: Kingambit\n|-resisted|p2a: Kingambit|1\n|-damage|p2a: Kingambit|88/100\n|move|p1a: Whimsicott|Moonblast|p2b: Sneasler\n|-damage|p2b: Sneasler|60/100\n|move|p2b: Sneasler|Dire Claw|p1a: Whimsicott\n|-supereffective|p1a: Whimsicott|2\n|-damage|p1a: Whimsicott|0 fnt\n|faint|p1a: Whimsicott\n|\n|upkeep\n|\n|t:|1776211752\n|switch|p1a: Pikachu|Pikachu, L50, M|100/100\n|turn|3\n|inactive|Joelypoley has 30 seconds left.\n|\n|t:|1776211780\n|move|p2a: Kingambit|Kowtow Cleave|p1b: Rotom\n|-damage|p1b: Rotom|32/100\n|move|p1a: Pikachu|Thunderbolt|p2b: Sneasler\n|-crit|p2b: Sneasler\n|-damage|p2b: Sneasler|0 fnt\n|faint|p2b: Sneasler\n|move|p1b: Rotom|Discharge|p2a: Kingambit|[spread] p2a\n|-ability|p1a: Pikachu|Lightning Rod|boost\n|-boost|p1a: Pikachu|spa|1\n|-damage|p2a: Kingambit|54/100\n|-status|p2a: Kingambit|par\n|\n|upkeep\n|\n|t:|1776211792\n|switch|p2b: Heracross|Heracross, L50, M, shiny|100/100\n|turn|4\n|\n|t:|1776211809\n|detailschange|p2b: Heracross|Heracross-Mega, L50, M, shiny\n|-mega|p2b: Heracross|Heracross|Heracronite\n|move|p2a: Kingambit|Kowtow Cleave|p1a: Pikachu\n|-damage|p1a: Pikachu|0 fnt\n|faint|p1a: Pikachu\n|move|p2b: Heracross|Pin Missile|p1b: Rotom\n|-damage|p1b: Rotom|10/100\n|-damage|p1b: Rotom|0 fnt\n|faint|p1b: Rotom\n|-hitcount|p1: Rotom|2\n|\n|upkeep\n|\n|t:|1776211818\n|switch|p1b: Charizard|Charizard, L50, M|100/100\n|turn|5\n|\n|t:|1776211832\n|detailschange|p1b: Charizard|Charizard-Mega-Y, L50, M\n|-mega|p1b: Charizard|Charizard|Charizardite Y\n|-weather|SunnyDay|[from] ability: Drought|[of] p1b: Charizard\n|cant|p2a: Kingambit|par\n|move|p2b: Heracross|Rock Slide|p1b: Charizard|[miss]\n|-miss|p2b: Heracross|p1b: Charizard\n|move|p1b: Charizard|Heat Wave|p2a: Kingambit|[spread] p2a,p2b\n|-supereffective|p2a: Kingambit|1\n|-supereffective|p2b: Heracross|1\n|-damage|p2a: Kingambit|0 fnt\n|-damage|p2b: Heracross|0 fnt\n|faint|p2a: Kingambit\n|faint|p2b: Heracross\n|\n|-weather|SunnyDay|[upkeep]\n|-fieldend|move: Trick Room\n|upkeep\n|n|!Joelypoley|joelypoley\n|-message|Joelypoley forfeited.\n|\n|win|e242521\n",
  "uploadtime": 1776211847,
  "views": 14,
  "formatid": "gen9championsvgc2026regma",
  "rating": null,
  "private": 0,
  "password": null
}