{
  "id": "gen9championsvgc2026regma-2581676933",
  "format": "[Gen 9 Champions] VGC 2026 Reg M-A",
  "players": [
    "Tilo'sSon_Jsr",
    "Felipesol2"
  ],
  "log": "|j|\u2606Tilo'sSon_Jsr\n|j|\u2606Felipesol2\n|t:|1776019958\n|gametype|doubles\n|player|p1|Tilo'sSon_Jsr|lusamine-nihilego|1146\n|player|p2|Felipesol2|buck|1082\n|gen|9\n|tier|[Gen 9 Champions] VGC 2026 Reg M-A\n|rated|\n|rule|Species Clause: Limit one of each Pok\u00e9mon\n|rule|Item Clause: Limit 1 of each item\n|clearpoke\n|poke|p1|Sinistcha, L50|\n|poke|p1|Feraligatr, L50, F|\n|poke|p1|Pelipper, L50, F|\n|poke|p1|Archaludon, L50, M|\n|poke|p1|Farigiraf, L50, M|\n|poke|p1|Kingambit, L50, F|\n|poke|p2|Blastoise, L50, F|\n|poke|p2|Sinistcha, L50|\n|poke|p2|Talonflame, L50, M|\n|poke|p2|Sneasler, L50, F|\n|poke|p2|Garchomp, L50, F|\n|poke|p2|Rotom-Wash, L50|\n|teampreview|4\n|\n|t:|1776020004\n|teamsize|p1|4\n|teamsize|p2|4\n|start\n|switch|p1a: Sinistcha|Sinistcha, L50|100/100\n|switch|p1b: Archaludon|Archaludon, L50, M|100/100\n|switch|p2a: Rotom|Rotom-Wash, L50|100/100\n|switch|p2b: bull shark|Garchomp, L50, F|100/100\n|turn|1\n|\n|t:|1776020022\n|move|p1b: Archaludon|Protect|p1b: Archaludon\n|-singleturn|p1b: Archaludon|Protect\n|move|p2b: bull shark|Stomping Tantrum|p1b: Archaludon\n|-activate|p1b: Archaludon|move: Protect\n|move|p2a: Rotom|Volt Switch|p1b: Archaludon\n|-activate|p1b: Archaludon|move: Protect\n|move|p1a: Sinistcha|Matcha Gotcha|p2b: bull shark|[spread] p2b\n|-miss|p1a: Sinistcha|p2a: Rotom\n|-damage|p2b: bull shark|72/100\n|-status|p2b: bull shark|brn\n|\n|-damage|p2b: bull shark|66/100 brn|[from] brn\n|upkeep\n|turn|2\n|\n|t:|1776020054\n|move|p2b: bull shark|Stomping Tantrum|p1b: Archaludon\n|-supereffective|p1b: Archaludon|1\n|-damage|p1b: Archaludon|73/100\n|-ability|p1b: Archaludon|Stamina|boost\n|-boost|p1b: Archaludon|def|1\n|move|p2a: Rotom|Volt Switch|p1b: Archaludon\n|-resisted|p1b: Archaludon|1\n|-damage|p1b: Archaludon|60/100\n|-ability|p1b: Archaludon|Stamina|boost\n|-boost|p1b: Archaludon|def|1\n|\n|t:|1776020061\n|switch|p2a: Mc employee|Sneasler, L50, F|100/100|[from] Volt Switch\n|move|p1b: Archaludon|Flash Cannon|p2b: bull shark\n|-damage|p2b: bull shark|30/100 brn\n|move|p1a: Sinistcha|Matcha Gotcha|p2b: bull shark|[spread] p2a,p2b\n|-resisted|p2a: Mc employee|1\n|-damage|p2a: Mc employee|84/100\n|-damage|p2b: bull shark|4/100 brn\n|\n|-damage|p2b: bull shark|0 fnt|[from] brn\n|faint|p2b: bull shark\n|upkeep\n|\n|t:|1776020068\n|switch|p2b: Jane Juliet|Blastoise, L50, F|100/100\n|turn|3\n|c|\u2606Tilo'sSon_Jsr|Jane Juliet \ud83d\udc40\n|\n|t:|1776020094\n|detailschange|p2b: Jane Juliet|Blastoise-Mega, L50, F\n|-mega|p2b: Jane Juliet|Blastoise|Blastoisinite\n|move|p1b: Archaludon|Protect|p1b: Archaludon\n|-singleturn|p1b: Archaludon|Protect\n|move|p2a: Mc employee|Dire Claw|p1a: Sinistcha\n|-damage|p1a: Sinistcha|66/100\n|move|p2b: Jane Juliet|Shell Smash|p2b: Jane Juliet\n|-unboost|p2b: Jane Juliet|def|1\n|-unboost|p2b: Jane Juliet|spd|1\n|-boost|p2b: Jane Juliet|atk|2\n|-boost|p2b: Jane Juliet|spa|2\n|-boost|p2b: Jane Juliet|spe|2\n|move|p1a: Sinistcha|Strength Sap|p2a: Mc employee\n|-unboost|p2a: Mc employee|atk|1\n|-heal|p1a: Sinistcha|100/100\n|-enditem|p2a: Mc employee|White Herb\n|-clearnegativeboost|p2a: Mc employee|[silent]\n|\n|upkeep\n|turn|4\n|c|\u2606Felipesol2|lets use every last drop\n|c|\u2606Felipesol2|;-; without rain\n|\n|t:|1776020127\n|move|p2a: Mc employee|Dire Claw|p1a: Sinistcha\n|-damage|p1a: Sinistcha|64/100\n|move|p2b: Jane Juliet|Water Spout|p1a: Sinistcha|[spread] p1a,p1b\n|-resisted|p1a: Sinistcha|1\n|-crit|p1a: Sinistcha\n|-resisted|p1b: Archaludon|1\n|-damage|p1a: Sinistcha|0 fnt\n|-damage|p1b: Archaludon|0 fnt\n|faint|p1a: Sinistcha\n|faint|p1b: Archaludon\n|\n|upkeep\n|c|\u2606Felipesol2|HOLY\n|c|\u2606Tilo'sSon_Jsr|\ud83d\udc80\ud83d\udc80\n|\n|t:|1776020145\n|switch|p1b: Feraligatr|Feraligatr, L50, F|100/100\n|switch|p1a: Pelipper|Pelipper, L50, F|100/100\n|-weather|RainDance|[from] ability: Drizzle|[of] p1a: Pelipper\n|turn|5\n|\n|t:|1776020163\n|detailschange|p1b: Feraligatr|Feraligatr-Mega, L50, F\n|-mega|p1b: Feraligatr|Feraligatr|Feraligite\n|move|p1a: Pelipper|Wide Guard|p1a: Pelipper\n|-singleturn|p1a: Pelipper|Wide Guard\n|move|p2a: Mc employee|Dire Claw|p1b: Feraligatr\n|-damage|p1b: Feraligatr|56/100\n|move|p2b: Jane Juliet|Water Spout|p1a: Pelipper|[spread] \n|-activate|p1a: Pelipper|move: Wide Guard\n|-activate|p1b: Feraligatr|move: Wide Guard\n|move|p1b: Feraligatr|Double-Edge|p2b: Jane Juliet\n|-damage|p2b: Jane Juliet|0 fnt\n|faint|p2b: Jane Juliet\n|-damage|p1b: Feraligatr|21/100|[from] Recoil\n|\n|-weather|RainDance|[upkeep]\n|upkeep\n|\n|t:|1776020168\n|switch|p2b: Rotom|Rotom-Wash, L50|100/100\n|turn|6\n|\n|t:|1776020189\n|move|p2a: Mc employee|Dire Claw|p1b: Feraligatr\n|-damage|p1b: Feraligatr|0 fnt\n|faint|p1b: Feraligatr\n|move|p2b: Rotom|Volt Switch|p1a: Pelipper\n|-supereffective|p1a: Pelipper|2\n|-enditem|p1a: Pelipper|Focus Sash\n|-damage|p1a: Pelipper|1/100\n|move|p1a: Pelipper|Weather Ball|p2a: Mc employee\n|-damage|p2a: Mc employee|13/100\n|\n|-weather|RainDance|[upkeep]\n|upkeep\n|turn|7\n|c|\u2606Tilo'sSon_Jsr|GG\n|c|\u2606Felipesol2|gg\n|\n|t:|1776020205\n|move|p2a: Mc employee|Dire Claw|p1a: Pelipper\n|-damage|p1a: Pelipper|0 fnt\n|faint|p1a: Pelipper\n|\n|win|Felipesol2\n|raw|Tilo&apos;sSon_Jsr's rating: 1146 &rarr; <strong>1116</strong><br />(-30 for losing)\n|raw|Felipesol2's rating: 1082 &rarr; <strong>1115</strong><br />(+33 for winning)\n|l|\u2606Tilo'sSon_Jsr\n|player|p1|\n",
  "uploadtime": 1776020215,
  "views": 14,
  "formatid": "gen9championsvgc2026regma",
  "rating": 1115,
  "private": 0,
  "password": null
}