{
  "id": "gen9championsvgc2026regma-2580486779",
  "format": "[Gen 9 Champions] VGC 2026 Reg M-A",
  "players": [
    "dasabe\u76d6\u6b27\u5361\u4fa0",
    "pychul23"
  ],
  "log": "|j|\u2606dasabe\u76d6\u6b27\u5361\u4fa0\n|j|\u2606pychul23\n|t:|1775903662\n|gametype|doubles\n|player|p1|dasabe\u76d6\u6b27\u5361\u4fa0|may-masters4|1075\n|player|p2|pychul23|lucas|1026\n|gen|9\n|tier|[Gen 9 Champions] VGC 2026 Reg M-A\n|rated|\n|rule|Species Clause: Limit one of each Pok\u00e9mon\n|rule|Item Clause: Limit 1 of each item\n|clearpoke\n|poke|p1|Gengar, L50, F|\n|poke|p1|Incineroar, L50, M|\n|poke|p1|Whimsicott, L50, F|\n|poke|p1|Garchomp, L50, F|\n|poke|p1|Sneasler, L50, F|\n|poke|p1|Primarina, L50, F|\n|poke|p2|Ampharos, L50, M|\n|poke|p2|Rotom-Heat, L50|\n|poke|p2|Orthworm, L50, M|\n|poke|p2|Farigiraf, L50, M|\n|poke|p2|Sneasler, L50, M|\n|poke|p2|Basculegion, L50, M|\n|teampreview|4\n|\n|t:|1775903694\n|teamsize|p1|4\n|teamsize|p2|4\n|start\n|switch|p1a: \u9b3c\u5934|Gengar, L50, F, shiny|100/100\n|switch|p1b: \u62c9\u6016\u6016|Sneasler, L50, F, shiny|100/100\n|switch|p2a: Farigiraf|Farigiraf, L50, M|100/100\n|switch|p2b: Orthworm|Orthworm, L50, M|100/100\n|turn|1\n|\n|t:|1775903714\n|switch|p1b: \u629b\u5f00\u864e\u54e5\u54ee\u7a74|Incineroar, L50, M, shiny|100/100\n|-ability|p1b: \u629b\u5f00\u864e\u54e5\u54ee\u7a74|Intimidate|boost\n|-unboost|p2a: Farigiraf|atk|1\n|-unboost|p2b: Orthworm|atk|1\n|detailschange|p1a: \u9b3c\u5934|Gengar-Mega, L50, F, shiny\n|-mega|p1a: \u9b3c\u5934|Gengar|Gengarite\n|move|p2a: Farigiraf|Protect|p2a: Farigiraf\n|-singleturn|p2a: Farigiraf|Protect\n|move|p2b: Orthworm|Protect|p2b: Orthworm\n|-singleturn|p2b: Orthworm|Protect\n|move|p1a: \u9b3c\u5934|Perish Song|p1a: \u9b3c\u5934\n|-start|p1a: \u9b3c\u5934|perish3|[silent]\n|-start|p1b: \u629b\u5f00\u864e\u54e5\u54ee\u7a74|perish3|[silent]\n|-start|p2a: Farigiraf|perish3|[silent]\n|-start|p2b: Orthworm|perish3|[silent]\n|-fieldactivate|move: Perish Song\n|\n|-start|p1a: \u9b3c\u5934|perish3\n|-start|p1b: \u629b\u5f00\u864e\u54e5\u54ee\u7a74|perish3\n|-start|p2a: Farigiraf|perish3\n|-start|p2b: Orthworm|perish3\n|upkeep\n|turn|2\n|\n|t:|1775903763\n|switch|p1a: \u58ec\u517d|Primarina, L50, F, shiny|100/100\n|move|p1b: \u629b\u5f00\u864e\u54e5\u54ee\u7a74|Parting Shot|p2b: Orthworm\n|-unboost|p2b: Orthworm|atk|1\n|-unboost|p2b: Orthworm|spa|1\n|\n|t:|1775903772\n|switch|p1b: \u9b3c\u5934|Gengar-Mega, L50, F, shiny|100/100|[from] Parting Shot\n|move|p2b: Orthworm|Iron Defense|p2b: Orthworm\n|-boost|p2b: Orthworm|def|2\n|move|p2a: Farigiraf|Trick Room|p2a: Farigiraf\n|-fieldstart|move: Trick Room|[of] p2a: Farigiraf\n|\n|-start|p2b: Orthworm|perish2\n|-start|p2a: Farigiraf|perish2\n|upkeep\n|turn|3\n|\n|t:|1775903792\n|switch|p1a: \u629b\u5f00\u864e\u54e5\u54ee\u7a74|Incineroar, L50, M, shiny|100/100\n|-ability|p1a: \u629b\u5f00\u864e\u54e5\u54ee\u7a74|Intimidate|boost\n|-unboost|p2a: Farigiraf|atk|1\n|-unboost|p2b: Orthworm|atk|1\n|move|p1b: \u9b3c\u5934|Protect|p1b: \u9b3c\u5934\n|-singleturn|p1b: \u9b3c\u5934|Protect\n|move|p2b: Orthworm|Body Press|p1a: \u629b\u5f00\u864e\u54e5\u54ee\u7a74\n|-supereffective|p1a: \u629b\u5f00\u864e\u54e5\u54ee\u7a74|1\n|-damage|p1a: \u629b\u5f00\u864e\u54e5\u54ee\u7a74|7/100\n|-enditem|p1a: \u629b\u5f00\u864e\u54e5\u54ee\u7a74|Sitrus Berry|[eat]\n|-heal|p1a: \u629b\u5f00\u864e\u54e5\u54ee\u7a74|32/100|[from] item: Sitrus Berry\n|move|p2a: Farigiraf|Psychic|p1b: \u9b3c\u5934\n|-activate|p1b: \u9b3c\u5934|move: Protect\n|\n|-start|p2b: Orthworm|perish1\n|-start|p2a: Farigiraf|perish1\n|upkeep\n|turn|4\n|\n|t:|1775903812\n|switch|p1b: \u58ec\u517d|Primarina, L50, F, shiny|100/100\n|move|p1a: \u629b\u5f00\u864e\u54e5\u54ee\u7a74|Protect|p1a: \u629b\u5f00\u864e\u54e5\u54ee\u7a74\n|-singleturn|p1a: \u629b\u5f00\u864e\u54e5\u54ee\u7a74|Protect\n|move|p2b: Orthworm|Body Press|p1a: \u629b\u5f00\u864e\u54e5\u54ee\u7a74\n|-activate|p1a: \u629b\u5f00\u864e\u54e5\u54ee\u7a74|move: Protect\n|move|p2a: Farigiraf|Psychic|p1b: \u58ec\u517d\n|-damage|p1b: \u58ec\u517d|68/100\n|-unboost|p1b: \u58ec\u517d|spd|1\n|\n|-start|p2b: Orthworm|perish0\n|-start|p2a: Farigiraf|perish0\n|faint|p2b: Orthworm\n|faint|p2a: Farigiraf\n|upkeep\n|\n|t:|1775903827\n|switch|p2b: Sneasler|Sneasler, L50, M|100/100\n|switch|p2a: Ampharos|Ampharos, L50, M|100/100\n|-ability|p2b: Sneasler|Pressure\n|turn|5\n|\n|t:|1775903882\n|detailschange|p2a: Ampharos|Ampharos-Mega, L50, M\n|-mega|p2a: Ampharos|Ampharos|Ampharosite\n|-ability|p2a: Ampharos|Mold Breaker\n|move|p1b: \u58ec\u517d|Protect|p1b: \u58ec\u517d\n|-singleturn|p1b: \u58ec\u517d|Protect\n|move|p2b: Sneasler|Fake Out|p1b: \u58ec\u517d\n|-activate|p1b: \u58ec\u517d|move: Protect\n|move|p2a: Ampharos|Rising Voltage|p1a: \u629b\u5f00\u864e\u54e5\u54ee\u7a74\n|-damage|p1a: \u629b\u5f00\u864e\u54e5\u54ee\u7a74|0 fnt\n|faint|p1a: \u629b\u5f00\u864e\u54e5\u54ee\u7a74\n|\n|upkeep\n|\n|t:|1775903894\n|switch|p1a: \u62c9\u6016\u6016|Sneasler, L50, F, shiny|100/100\n|turn|6\n|\n|t:|1775903901\n|move|p2a: Ampharos|Protect|p2a: Ampharos\n|-singleturn|p2a: Ampharos|Protect\n|move|p2b: Sneasler|Protect|p2b: Sneasler\n|-singleturn|p2b: Sneasler|Protect\n|move|p1a: \u62c9\u6016\u6016|Fake Out|p2a: Ampharos\n|-activate|p2a: Ampharos|move: Protect\n|move|p1b: \u58ec\u517d|Perish Song|p1b: \u58ec\u517d\n|-start|p1a: \u62c9\u6016\u6016|perish3|[silent]\n|-start|p1b: \u58ec\u517d|perish3|[silent]\n|-start|p2a: Ampharos|perish3|[silent]\n|-start|p2b: Sneasler|perish3|[silent]\n|-fieldactivate|move: Perish Song\n|\n|-start|p2a: Ampharos|perish3\n|-start|p1b: \u58ec\u517d|perish3\n|-start|p1a: \u62c9\u6016\u6016|perish3\n|-start|p2b: Sneasler|perish3\n|-fieldend|move: Trick Room\n|upkeep\n|turn|7\n|\n|t:|1775903923\n|switch|p1a: \u9b3c\u5934|Gengar-Mega, L50, F, shiny|100/100\n|move|p1b: \u58ec\u517d|Protect|p1b: \u58ec\u517d\n|-singleturn|p1b: \u58ec\u517d|Protect\n|move|p2b: Sneasler|Dire Claw|p1b: \u58ec\u517d\n|-activate|p1b: \u58ec\u517d|move: Protect\n|move|p2a: Ampharos|Rising Voltage|p1a: \u9b3c\u5934\n|-damage|p1a: \u9b3c\u5934|47/100\n|\n|-start|p2b: Sneasler|perish2\n|-start|p1b: \u58ec\u517d|perish2\n|-start|p2a: Ampharos|perish2\n|upkeep\n|turn|8\n|\n|t:|1775903945\n|move|p1a: \u9b3c\u5934|Protect|p1a: \u9b3c\u5934\n|-singleturn|p1a: \u9b3c\u5934|Protect\n|move|p2b: Sneasler|Dire Claw|p1b: \u58ec\u517d\n|-supereffective|p1b: \u58ec\u517d|1\n|-damage|p1b: \u58ec\u517d|0 fnt\n|faint|p1b: \u58ec\u517d\n|move|p2a: Ampharos|Rising Voltage|p1a: \u9b3c\u5934\n|-activate|p1a: \u9b3c\u5934|move: Protect\n|\n|-start|p2b: Sneasler|perish1\n|-start|p2a: Ampharos|perish1\n|upkeep\n|\n|t:|1775903951\n|switch|p1b: \u62c9\u6016\u6016|Sneasler, L50, F, shiny|100/100\n|turn|9\n|\n|t:|1775903972\n|move|p1a: \u9b3c\u5934|Protect||[still]\n|-fail|p1a: \u9b3c\u5934\n|move|p1b: \u62c9\u6016\u6016|Protect|p1b: \u62c9\u6016\u6016\n|-singleturn|p1b: \u62c9\u6016\u6016|Protect\n|move|p2b: Sneasler|Dire Claw|p1a: \u9b3c\u5934\n|-resisted|p1a: \u9b3c\u5934|2\n|-damage|p1a: \u9b3c\u5934|35/100\n|move|p2a: Ampharos|Rising Voltage|p1a: \u9b3c\u5934\n|-damage|p1a: \u9b3c\u5934|0 fnt\n|faint|p1a: \u9b3c\u5934\n|\n|-start|p2b: Sneasler|perish0\n|-start|p2a: Ampharos|perish0\n|faint|p2b: Sneasler\n|faint|p2a: Ampharos\n|\n|win|dasabe\u76d6\u6b27\u5361\u4fa0\n|raw|dasabe\u76d6\u6b27\u5361\u4fa0's rating: 1075 &rarr; <strong>1100</strong><br />(+25 for winning)\n|raw|pychul23's rating: 1026 &rarr; <strong>1014</strong><br />(-12 for losing)\n",
  "uploadtime": 1775903983,
  "views": 16,
  "formatid": "gen9championsvgc2026regma",
  "rating": 1014,
  "private": 0,
  "password": null
}