{
  "id": "gen9championsvgc2026regma-2588230771",
  "format": "[Gen 9 Champions] VGC 2026 Reg M-A",
  "players": [
    "Cduke.VGC",
    "0v4n"
  ],
  "log": "|j|\u2606Cduke.VGC\n|j|\u26060v4n\n|t:|1776616426\n|gametype|doubles\n|player|p1|Cduke.VGC|1|1000\n|player|p2|0v4n|266|1078\n|gen|9\n|tier|[Gen 9 Champions] VGC 2026 Reg M-A\n|rated|\n|rule|Species Clause: Limit one of each Pok\u00e9mon\n|rule|Item Clause: Limit 1 of each item\n|clearpoke\n|poke|p1|Charizard, L50, F|\n|poke|p1|Venusaur, L50, F|\n|poke|p1|Garchomp, L50, M|\n|poke|p1|Milotic, L50, F|\n|poke|p1|Whimsicott, L50, M|\n|poke|p1|Kingambit, L50, M|\n|poke|p2|Tyranitar, L50, M|\n|poke|p2|Incineroar, L50, F|\n|poke|p2|Sinistcha, L50|\n|poke|p2|Victreebel, L50, M|\n|poke|p2|Arbok, L50, F|\n|poke|p2|Primarina, L50, F|\n|teampreview|4\n|\n|t:|1776616471\n|teamsize|p1|4\n|teamsize|p2|4\n|start\n|switch|p1a: Kingambit|Kingambit, L50, M|100/100\n|switch|p1b: Whimsicott|Whimsicott, L50, M|100/100\n|switch|p2a: Tyranitar|Tyranitar, L50, M|100/100\n|switch|p2b: Sinistcha|Sinistcha, L50|100/100\n|-ability|p2a: Tyranitar|Unnerve\n|turn|1\n|\n|t:|1776616499\n|detailschange|p2a: Tyranitar|Tyranitar-Mega, L50, M\n|-mega|p2a: Tyranitar|Tyranitar|Tyranitarite\n|-weather|Sandstorm|[from] ability: Sand Stream|[of] p2a: Tyranitar\n|move|p1b: Whimsicott|Tailwind|p1b: Whimsicott\n|-sidestart|p1: Cduke.VGC|move: Tailwind\n|move|p1a: Kingambit|Sucker Punch||[still]\n|-fail|p1a: Kingambit\n|move|p2a: Tyranitar|Brick Break|p1a: Kingambit\n|-supereffective|p1a: Kingambit|2\n|-damage|p1a: Kingambit|0 fnt\n|faint|p1a: Kingambit\n|move|p2b: Sinistcha|Trick Room|p2b: Sinistcha\n|-fieldstart|move: Trick Room|[of] p2b: Sinistcha\n|\n|-weather|Sandstorm|[upkeep]\n|-damage|p2b: Sinistcha|94/100|[from] Sandstorm\n|-damage|p1b: Whimsicott|95/100|[from] Sandstorm\n|-heal|p2b: Sinistcha|100/100|[from] item: Leftovers\n|upkeep\n|\n|t:|1776616526\n|switch|p1a: Charizard|Charizard, L50, F|100/100\n|turn|2\n|\n|t:|1776616547\n|switch|p2b: The Technology|Arbok, L50, F|100/100\n|-ability|p2b: The Technology|Intimidate|boost\n|-unboost|p1a: Charizard|atk|1\n|-unboost|p1b: Whimsicott|atk|1\n|detailschange|p1a: Charizard|Charizard-Mega-Y, L50, F\n|-mega|p1a: Charizard|Charizard|Charizardite Y\n|-weather|SunnyDay|[from] ability: Drought|[of] p1a: Charizard\n|move|p1b: Whimsicott|Encore||[still]\n|-fail|p1b: Whimsicott\n|move|p2a: Tyranitar|Rock Slide|p1b: Whimsicott|[spread] p1a,p1b\n|-supereffective|p1a: Charizard|2\n|-damage|p1a: Charizard|0 fnt\n|-damage|p1b: Whimsicott|50/100\n|-enditem|p1b: Whimsicott|Sitrus Berry|[eat]\n|-heal|p1b: Whimsicott|74/100|[from] item: Sitrus Berry\n|faint|p1a: Charizard\n|\n|-weather|SunnyDay|[upkeep]\n|upkeep\n|\n|t:|1776616565\n|switch|p1a: Garchomp|Garchomp, L50, M|100/100\n|turn|3\n|\n|t:|1776616587\n|switch|p2a: Sinistcha|Sinistcha, L50|100/100\n|move|p1b: Whimsicott|Protect|p1b: Whimsicott\n|-singleturn|p1b: Whimsicott|Protect\n|move|p2b: The Technology|Poison Jab|p1b: Whimsicott\n|-activate|p1b: Whimsicott|move: Protect\n|move|p1a: Garchomp|Earthquake|p2b: The Technology|[spread] p2a,p2b\n|-activate|p1b: Whimsicott|move: Protect\n|-resisted|p2a: Sinistcha|1\n|-supereffective|p2b: The Technology|1\n|-enditem|p2b: The Technology|Shuca Berry|[eat]\n|-enditem|p2b: The Technology|Shuca Berry|[weaken]\n|-damage|p2a: Sinistcha|81/100\n|-damage|p2b: The Technology|45/100\n|\n|-weather|SunnyDay|[upkeep]\n|-heal|p2a: Sinistcha|87/100|[from] item: Leftovers\n|upkeep\n|turn|4\n|\n|t:|1776616624\n|move|p2a: Sinistcha|Matcha Gotcha|p1a: Garchomp|[spread] p1a,p1b\n|-resisted|p1b: Whimsicott|1\n|-damage|p1a: Garchomp|61/100\n|-heal|p2a: Sinistcha|100/100|[from] drain|[of] p1a: Garchomp\n|-damage|p1b: Whimsicott|50/100\n|move|p2b: The Technology|Poison Jab|p1b: Whimsicott\n|-supereffective|p1b: Whimsicott|2\n|-damage|p1b: Whimsicott|0 fnt\n|faint|p1b: Whimsicott\n|move|p1a: Garchomp|Earthquake|p2b: The Technology|[spread] p2a,p2b\n|-resisted|p2a: Sinistcha|1\n|-supereffective|p2b: The Technology|1\n|-damage|p2a: Sinistcha|82/100\n|-damage|p2b: The Technology|0 fnt\n|faint|p2b: The Technology\n|\n|-weather|SunnyDay|[upkeep]\n|-heal|p2a: Sinistcha|88/100|[from] item: Leftovers\n|-sideend|p1: Cduke.VGC|move: Tailwind\n|upkeep\n|\n|t:|1776616642\n|switch|p2b: Primarina|Primarina, L50, F|100/100\n|turn|5\n|\n|t:|1776616653\n|move|p2b: Primarina|Ice Beam|p1a: Garchomp\n|-supereffective|p1a: Garchomp|2\n|-damage|p1a: Garchomp|0 fnt\n|faint|p1a: Garchomp\n|\n|win|0v4n\n|raw|Cduke.VGC's rating: 1000 &rarr; <strong>1000</strong><br />(+0 for losing)\n|raw|0v4n's rating: 1078 &rarr; <strong>1100</strong><br />(+22 for winning)\n",
  "uploadtime": 1776616667,
  "views": 12,
  "formatid": "gen9championsvgc2026regma",
  "rating": 1000,
  "private": 0,
  "password": null
}