{
  "id": "gen9championsvgc2026regma-2582523053",
  "format": "[Gen 9 Champions] VGC 2026 Reg M-A",
  "players": [
    "mynamegrassgreen",
    "ZuriHan"
  ],
  "log": "|j|\u2606mynamegrassgreen\n|j|\u2606ZuriHan\n|t:|1776097099\n|gametype|doubles\n|player|p1|mynamegrassgreen|n-masters3|\n|player|p2|ZuriHan|ingo|\n|gen|9\n|tier|[Gen 9 Champions] VGC 2026 Reg M-A\n|rated|Tournament battle\n|rule|Species Clause: Limit one of each Pok\u00e9mon\n|rule|Item Clause: Limit 1 of each item\n|raw|<div class=\"infobox\"><details class=\"readmore\" open><summary><strong>1 custom rule:</strong></summary> Force Open Team Sheets</details></div>\n|clearpoke\n|poke|p1|Kommo-o, L50, M|\n|poke|p1|Gengar, L50, F|\n|poke|p1|Whimsicott, L50, M|\n|poke|p1|Sinistcha-Masterpiece, L50|\n|poke|p1|Incineroar, L50, M|\n|poke|p1|Tyranitar, L50, M|\n|poke|p2|Aggron, L50, M|\n|poke|p2|Incineroar, L50, M|\n|poke|p2|Sinistcha, L50|\n|poke|p2|Pelipper, L50, M|\n|poke|p2|Archaludon, L50, F|\n|poke|p2|Farigiraf, L50, F|\n|teampreview|4\n|showteam|p1|Kommo-o||Leftovers|Overcoat|ClangorousSoul,ClangingScales,AuraSphere,Protect|||M|||50|]Gengar||Gengarite|CursedBody|ShadowBall,PerishSong,Substitute,Protect|||F|||50|]Whimsicott||FocusSash|Prankster|Moonblast,Encore,Tailwind,Protect|||M|||50|]Sinistcha-Masterpiece||SitrusBerry|Hospitality|MatchaGotcha,RagePowder,TrickRoom,StrengthSap||||||50|]Incineroar||ShucaBerry|Intimidate|FakeOut,FlareBlitz,Protect,PartingShot|||M|||50|]Tyranitar||ChoiceScarf|SandStream|RockSlide,KnockOff,StoneEdge,LowKick|||M|||50|\n|showteam|p2|Aggron||Aggronite|Sturdy|BodyPress,HeavySlam,IronDefense,Protect|||M|||50|]Incineroar||SitrusBerry|Intimidate|ThroatChop,FakeOut,PartingShot,FlareBlitz|||M|||50|]Sinistcha||Leftovers|Hospitality|MatchaGotcha,RagePowder,LifeDew,TrickRoom||||||50|]Pelipper||FocusSash|Drizzle|Hurricane,WideGuard,WeatherBall,Protect|||M|||50|]Archaludon||ChoiceScarf|Sturdy|ElectroShot,AuraSphere,DracoMeteor,FlashCannon|||F|||50|]Farigiraf||ColburBerry|ArmorTail|TrickRoom,TwinBeam,AllySwitch,HyperVoice|||F|||50|\n|c|\u2606mynamegrassgreen|THE WALL?\n|c|\u2606ZuriHan|the wall\n|c|\u2606mynamegrassgreen|wrong\n|j| Narfidex\n|c|\u2606mynamegrassgreen|THE WALL\n|j| Pavo116\n|c|\u2606ZuriHan|sorry THE WALL\n|inactive|Battle timer is ON: inactive players will automatically lose when time's up. (requested by mynamegrassgreen)\n|j| H1r4\n|c|\u2606mynamegrassgreen|better\n|j| Atlhawk8357\n|l| Narfidex\n|\n|t:|1776097170\n|teamsize|p1|4\n|teamsize|p2|4\n|start\n|switch|p1a: Incineroar|Incineroar, L50, M|100/100\n|switch|p1b: Gengar|Gengar, L50, F|100/100\n|switch|p2a: Archaludon|Archaludon, L50, F|100/100\n|switch|p2b: Farigiraf|Farigiraf, L50, F|100/100\n|-ability|p1a: Incineroar|Intimidate|boost\n|-unboost|p2a: Archaludon|atk|1\n|-unboost|p2b: Farigiraf|atk|1\n|turn|1\n|j| Narfidex\n|\n|t:|1776097188\n|detailschange|p1b: Gengar|Gengar-Mega, L50, F\n|-mega|p1b: Gengar|Gengar|Gengarite\n|move|p1a: Incineroar|Fake Out||[still]\n|cant|p2b: Farigiraf|ability: Armor Tail|Fake Out|[of] p1a: Incineroar\n|move|p2a: Archaludon|Flash Cannon|p1b: Gengar\n|-damage|p1b: Gengar|46/100\n|move|p1b: Gengar|Perish Song|p1b: Gengar\n|-start|p1a: Incineroar|perish3|[silent]\n|-start|p1b: Gengar|perish3|[silent]\n|-start|p2a: Archaludon|perish3|[silent]\n|-start|p2b: Farigiraf|perish3|[silent]\n|-fieldactivate|move: Perish Song\n|move|p2b: Farigiraf|Trick Room|p2b: Farigiraf\n|-fieldstart|move: Trick Room|[of] p2b: Farigiraf\n|\n|-start|p1a: Incineroar|perish3\n|-start|p2b: Farigiraf|perish3\n|-start|p1b: Gengar|perish3\n|-start|p2a: Archaludon|perish3\n|upkeep\n|turn|2\n|c|\u2606mynamegrassgreen|wanna hear the wall song?\n|\n|t:|1776097208\n|move|p1b: Gengar|Protect|p1b: Gengar\n|-singleturn|p1b: Gengar|Protect\n|move|p2b: Farigiraf|Hyper Voice|p1b: Gengar|[spread] p1a\n|-activate|p1b: Gengar|move: Protect\n|-damage|p1a: Incineroar|83/100\n|move|p1a: Incineroar|Parting Shot|p2a: Archaludon\n|-unboost|p2a: Archaludon|atk|1\n|-unboost|p2a: Archaludon|spa|1\n|\n|t:|1776097217\n|switch|p1a: Sinistcha|Sinistcha-Masterpiece, L50|100/100|[from] Parting Shot\n|-heal|p1b: Gengar|71/100|[from] ability: Hospitality|[of] p1a: Sinistcha\n|move|p2a: Archaludon|Flash Cannon|p1a: Sinistcha\n|-damage|p1a: Sinistcha|68/100\n|\n|-start|p2b: Farigiraf|perish2\n|-start|p1b: Gengar|perish2\n|-start|p2a: Archaludon|perish2\n|upkeep\n|turn|3\n|\n|t:|1776097238\n|move|p1a: Sinistcha|Rage Powder|p1a: Sinistcha\n|-singleturn|p1a: Sinistcha|move: Rage Powder\n|move|p2b: Farigiraf|Twin Beam|p1a: Sinistcha\n|-damage|p1a: Sinistcha|54/100\n|-damage|p1a: Sinistcha|38/100\n|-enditem|p1a: Sinistcha|Sitrus Berry|[eat]\n|-heal|p1a: Sinistcha|62/100|[from] item: Sitrus Berry\n|-hitcount|p1a: Sinistcha|2\n|move|p1b: Gengar|Substitute|p1b: Gengar\n|-start|p1b: Gengar|Substitute\n|-damage|p1b: Gengar|46/100\n|move|p2a: Archaludon|Flash Cannon|p1a: Sinistcha\n|-damage|p1a: Sinistcha|32/100\n|\n|-start|p2b: Farigiraf|perish1\n|-start|p1b: Gengar|perish1\n|-start|p2a: Archaludon|perish1\n|upkeep\n|turn|4\n|j| villaingamer\n|\n|t:|1776097262\n|switch|p1b: Incineroar|Incineroar, L50, M|83/100\n|-ability|p1b: Incineroar|Intimidate|boost\n|-unboost|p2a: Archaludon|atk|1\n|-unboost|p2b: Farigiraf|atk|1\n|move|p2b: Farigiraf|Hyper Voice|p1b: Incineroar|[spread] p1b\n|-immune|p1a: Sinistcha\n|-damage|p1b: Incineroar|63/100\n|move|p1a: Sinistcha|Strength Sap|p2b: Farigiraf\n|-unboost|p2b: Farigiraf|atk|1\n|-heal|p1a: Sinistcha|59/100\n|move|p2a: Archaludon|Flash Cannon|p1a: Sinistcha\n|-damage|p1a: Sinistcha|31/100\n|\n|-start|p2b: Farigiraf|perish0\n|-start|p2a: Archaludon|perish0\n|faint|p2b: Farigiraf\n|faint|p2a: Archaludon\n|upkeep\n|\n|t:|1776097278\n|switch|p2b: Pelipper|Pelipper, L50, M|100/100\n|switch|p2a: THE WALL|Aggron, L50, M|100/100\n|-weather|RainDance|[from] ability: Drizzle|[of] p2b: Pelipper\n|turn|5\n|\n|t:|1776097299\n|detailschange|p2a: THE WALL|Aggron-Mega, L50, M\n|-mega|p2a: THE WALL|Aggron|Aggronite\n|move|p2a: THE WALL|Body Press|p1b: Incineroar\n|-supereffective|p1b: Incineroar|1\n|-damage|p1b: Incineroar|0 fnt\n|faint|p1b: Incineroar\n|move|p1a: Sinistcha|Matcha Gotcha|p2b: Pelipper|[spread] p2a,p2b\n|-resisted|p2a: THE WALL|1\n|-damage|p2a: THE WALL|88/100\n|-heal|p1a: Sinistcha|37/100|[from] drain|[of] p2a: THE WALL\n|-damage|p2b: Pelipper|56/100\n|-heal|p1a: Sinistcha|54/100|[from] drain|[of] p2b: Pelipper\n|-status|p2b: Pelipper|brn\n|move|p2b: Pelipper|Hurricane|p1a: Sinistcha\n|-supereffective|p1a: Sinistcha|1\n|-damage|p1a: Sinistcha|0 fnt\n|faint|p1a: Sinistcha\n|\n|-weather|RainDance|[upkeep]\n|-damage|p2b: Pelipper|50/100 brn|[from] brn\n|-fieldend|move: Trick Room\n|upkeep\n|\n|t:|1776097313\n|switch|p1a: Gengar|Gengar-Mega, L50, F|46/100\n|switch|p1b: Tyranitar|Tyranitar, L50, M|100/100\n|-weather|Sandstorm|[from] ability: Sand Stream|[of] p1b: Tyranitar\n|turn|6\n|\n|t:|1776097330\n|move|p2b: Pelipper|Wide Guard|p2b: Pelipper\n|-singleturn|p2b: Pelipper|Wide Guard\n|move|p1a: Gengar|Shadow Ball|p2a: THE WALL\n|-damage|p2a: THE WALL|43/100\n|move|p1b: Tyranitar|Low Kick|p2a: THE WALL\n|-supereffective|p2a: THE WALL|1\n|-damage|p2a: THE WALL|13/100\n|move|p2a: THE WALL|Heavy Slam|p1a: Gengar\n|-damage|p1a: Gengar|0 fnt\n|faint|p1a: Gengar\n|\n|-weather|Sandstorm|[upkeep]\n|-damage|p2b: Pelipper|44/100 brn|[from] Sandstorm\n|-damage|p2b: Pelipper|38/100 brn|[from] brn\n|upkeep\n|turn|7\n|l| Narfidex\n|\n|t:|1776097350\n|move|p2a: THE WALL|Protect|p2a: THE WALL\n|-singleturn|p2a: THE WALL|Protect\n|move|p1b: Tyranitar|Low Kick|p2a: THE WALL\n|-activate|p2a: THE WALL|move: Protect\n|move|p2b: Pelipper|Hurricane|p1b: Tyranitar\n|-resisted|p1b: Tyranitar|1\n|-damage|p1b: Tyranitar|84/100\n|\n|-weather|Sandstorm|[upkeep]\n|-damage|p2b: Pelipper|32/100 brn|[from] Sandstorm\n|-damage|p2b: Pelipper|26/100 brn|[from] brn\n|upkeep\n|turn|8\n|j| speedyturtle87\n|j| Music_Man3\n|j| ImAtWorkVGC\n|j| chai56\n|j| knoxxzeta\n|inactive|ZuriHan has 30 seconds left.\n|\n|t:|1776097385\n|move|p2a: THE WALL|Protect||[still]\n|-fail|p2a: THE WALL\n|move|p1b: Tyranitar|Low Kick|p2a: THE WALL\n|-supereffective|p2a: THE WALL|1\n|-damage|p2a: THE WALL|0 fnt\n|faint|p2a: THE WALL\n|move|p2b: Pelipper|Hurricane|p1b: Tyranitar\n|-resisted|p1b: Tyranitar|1\n|-damage|p1b: Tyranitar|68/100\n|\n|-weather|Sandstorm|[upkeep]\n|-damage|p2b: Pelipper|20/100 brn|[from] Sandstorm\n|-damage|p2b: Pelipper|15/100 brn|[from] brn\n|upkeep\n|turn|9\n|j| firegame197\n|c|\u2606mynamegrassgreen|ty sinia\n|\n|t:|1776097397\n|move|p1b: Tyranitar|Low Kick|p2b: Pelipper\n|-resisted|p2b: Pelipper|1\n|-damage|p2b: Pelipper|0 fnt\n|faint|p2b: Pelipper\n|\n|win|mynamegrassgreen\n|n|\u2606mynamegrassgreen|mynamegrassgreen\n|n|\u2606ZuriHan|zurihan\n|n| Pavo116|pavo116\n|n| H1r4|h1r4\n|n| Atlhawk8357|atlhawk8357\n|n| villaingamer|villaingamer\n|n| speedyturtle87|speedyturtle87\n|n| Music_Man3|musicman3\n|n| ImAtWorkVGC|imatworkvgc\n|n| chai56|chai56\n|n| knoxxzeta|knoxxzeta\n|n| firegame197|firegame197\n|c|\u2606mynamegrassgreen|sinia\n|c|\u2606ZuriHan|gg\n|c|\u2606mynamegrassgreen|ggs wp\n|l| Music_Man3\n|l| firegame197\n|l| speedyturtle87\n|l| Pavo116\n|c|\u2606mynamegrassgreen|wall scary\n|l| knoxxzeta\n|l| ImAtWorkVGC\n|l|\u2606mynamegrassgreen\n|player|p1|\n|l| H1r4\n|c|\u2606ZuriHan|someone has to keep floette honest\n|l| chai56\n|l| villaingamer\n",
  "uploadtime": 1776097713,
  "views": 18,
  "formatid": "gen9championsvgc2026regma",
  "rating": null,
  "private": 0,
  "password": null
}