{
  "id": "gen9championsvgc2026regma-2587172158",
  "format": "[Gen 9 Champions] VGC 2026 Reg M-A",
  "players": [
    "Jaytomonga",
    "targos14"
  ],
  "log": "|j|\u2606Jaytomonga\n|j|\u2606targos14\n|t:|1776503999\n|gametype|doubles\n|player|p1|Jaytomonga|102|1084\n|player|p2|targos14|102|1112\n|gen|9\n|tier|[Gen 9 Champions] VGC 2026 Reg M-A\n|rated|\n|rule|Species Clause: Limit one of each Pok\u00e9mon\n|rule|Item Clause: Limit 1 of each item\n|clearpoke\n|poke|p1|Aerodactyl, L50, M, shiny|\n|poke|p1|Alcremie, L50, F|\n|poke|p1|Ditto, L50, shiny|\n|poke|p1|Froslass, L50, F, shiny|\n|poke|p1|Milotic, L50, F|\n|poke|p1|Kangaskhan, L50, F, shiny|\n|poke|p2|Arcanine, L50, M|\n|poke|p2|Rotom-Wash, L50|\n|poke|p2|Garchomp, L50, F|\n|poke|p2|Venusaur, L50, M|\n|poke|p2|Corviknight, L50, M|\n|poke|p2|Sneasler, L50, M|\n|teampreview|4\n|inactive|Battle timer is ON: inactive players will automatically lose when time's up. (requested by Jaytomonga)\n|\n|t:|1776504039\n|teamsize|p1|4\n|teamsize|p2|4\n|start\n|switch|p1a: Froslass|Froslass, L50, F, shiny|100/100\n|switch|p1b: Milotic|Milotic, L50, F|100/100\n|switch|p2a: Rotom|Rotom-Wash, L50|100/100\n|switch|p2b: Sneasler|Sneasler, L50, M|100/100\n|turn|1\n|inactive|targos14 has 30 seconds left.\n|inactive|targos14 has 20 seconds left.\n|inactive|targos14 has 15 seconds left.\n|\n|t:|1776504082\n|detailschange|p1a: Froslass|Froslass-Mega, L50, F, shiny\n|-mega|p1a: Froslass|Froslass|Froslassite\n|-weather|Snowscape|[from] ability: Snow Warning|[of] p1a: Froslass\n|move|p2b: Sneasler|Fake Out|p1b: Milotic\n|-damage|p1b: Milotic|82/100\n|move|p2a: Rotom|Thunderbolt|p1b: Milotic\n|-supereffective|p1b: Milotic|1\n|-damage|p1b: Milotic|25/100\n|move|p1a: Froslass|Blizzard|p2a: Rotom|[spread] p2a,p2b\n|-resisted|p2a: Rotom|1\n|-damage|p2a: Rotom|70/100\n|-damage|p2b: Sneasler|30/100\n|cant|p1b: Milotic|flinch\n|\n|-weather|Snowscape|[upkeep]\n|upkeep\n|turn|2\n|inactive|targos14 has 30 seconds left.\n|\n|t:|1776504109\n|move|p2a: Rotom|Thunderbolt|p1b: Milotic\n|-supereffective|p1b: Milotic|1\n|-damage|p1b: Milotic|0 fnt\n|faint|p1b: Milotic\n|move|p2b: Sneasler|Dire Claw|p1a: Froslass\n|-resisted|p1a: Froslass|1\n|-damage|p1a: Froslass|78/100\n|move|p1a: Froslass|Blizzard|p2a: Rotom|[spread] p2a,p2b\n|-resisted|p2a: Rotom|1\n|-damage|p2a: Rotom|39/100\n|-damage|p2b: Sneasler|0 fnt\n|faint|p2b: Sneasler\n|\n|-weather|Snowscape|[upkeep]\n|upkeep\n|\n|t:|1776504123\n|switch|p2b: Venusaur|Venusaur, L50, M|100/100\n|switch|p1b: Alcremie|Alcremie, L50, F|100/100\n|turn|3\n|\n|t:|1776504140\n|detailschange|p2b: Venusaur|Venusaur-Mega, L50, M\n|-mega|p2b: Venusaur|Venusaur|Venusaurite\n|move|p2a: Rotom|Thunderbolt|p1b: Alcremie\n|-damage|p1b: Alcremie|69/100\n|move|p1a: Froslass|Nasty Plot|p1a: Froslass\n|-boost|p1a: Froslass|spa|2\n|move|p2b: Venusaur|Leech Seed|p1b: Alcremie|[miss]\n|-miss|p2b: Venusaur|p1b: Alcremie\n|move|p1b: Alcremie|Decorate|p1a: Froslass\n|-boost|p1a: Froslass|atk|2\n|-boost|p1a: Froslass|spa|2\n|\n|-weather|Snowscape|[upkeep]\n|upkeep\n|turn|4\n|\n|t:|1776504159\n|move|p1b: Alcremie|Protect|p1b: Alcremie\n|-singleturn|p1b: Alcremie|Protect\n|move|p2a: Rotom|Thunderbolt|p1a: Froslass\n|-damage|p1a: Froslass|19/100\n|move|p1a: Froslass|Blizzard|p2b: Venusaur|[spread] p2a,p2b\n|-resisted|p2a: Rotom|1\n|-supereffective|p2b: Venusaur|1\n|-damage|p2a: Rotom|0 fnt\n|-damage|p2b: Venusaur|0 fnt\n|faint|p2a: Rotom\n|faint|p2b: Venusaur\n|\n|-weather|Snowscape|[upkeep]\n|upkeep\n|\n|t:|1776504172\n|switch|p2b: Arcanine|Arcanine, L50, M|100/100\n|-ability|p2b: Arcanine|Intimidate|boost\n|-unboost|p1a: Froslass|atk|1\n|-unboost|p1b: Alcremie|atk|1\n|turn|5\n|\n|t:|1776504196\n|move|p1a: Froslass|Blizzard|p2b: Arcanine\n|-resisted|p2b: Arcanine|1\n|-crit|p2b: Arcanine\n|-damage|p2b: Arcanine|0 fnt\n|faint|p2b: Arcanine\n|\n|win|Jaytomonga\n|raw|Jaytomonga's rating: 1084 &rarr; <strong>1114</strong><br />(+30 for winning)\n|raw|targos14's rating: 1112 &rarr; <strong>1085</strong><br />(-27 for losing)\n",
  "uploadtime": 1776504202,
  "views": 19,
  "formatid": "gen9championsvgc2026regma",
  "rating": 1085,
  "private": 0,
  "password": null
}