{
  "id": "gen9championsvgc2026regma-2580423494",
  "format": "[Gen 9 Champions] VGC 2026 Reg M-A",
  "players": [
    "florb morb",
    "dem0n2011"
  ],
  "log": "|j|\u2606florb morb\n|j|\u2606dem0n2011\n|t:|1775894297\n|gametype|doubles\n|player|p1|florb morb|benga|1082\n|player|p2|dem0n2011|benga|1059\n|gen|9\n|tier|[Gen 9 Champions] VGC 2026 Reg M-A\n|rated|\n|rule|Species Clause: Limit one of each Pok\u00e9mon\n|rule|Item Clause: Limit 1 of each item\n|clearpoke\n|poke|p1|Incineroar, L50, F|\n|poke|p1|Sinistcha-Masterpiece, L50|\n|poke|p1|Kommo-o, L50, F|\n|poke|p1|Gengar, L50, F|\n|poke|p1|Aerodactyl, L50, M|\n|poke|p1|Primarina, L50, F|\n|poke|p2|Farigiraf, L50, M|\n|poke|p2|Abomasnow, L50, M|\n|poke|p2|Rampardos, L50, M|\n|poke|p2|Slowking, L50, F|\n|poke|p2|Ninetales-Alola, L50, M|\n|poke|p2|Araquanid, L50, M|\n|teampreview|4\n|inactive|Battle timer is ON: inactive players will automatically lose when time's up. (requested by dem0n2011)\n|inactive|florb morb has 60 seconds left.\n|inactive|dem0n2011 has 60 seconds left.\n|\n|t:|1775894334\n|teamsize|p1|4\n|teamsize|p2|4\n|start\n|switch|p1a: Primarina|Primarina, L50, F|100/100\n|switch|p1b: Gengar|Gengar, L50, F|100/100\n|switch|p2a: Farigiraf|Farigiraf, L50, M|100/100\n|switch|p2b: Obamasnow|Abomasnow, L50, M|100/100\n|-weather|Snowscape|[from] ability: Snow Warning|[of] p2b: Obamasnow\n|turn|1\n|\n|t:|1775894346\n|detailschange|p1b: Gengar|Gengar-Mega, L50, F\n|-mega|p1b: Gengar|Gengar|Gengarite\n|move|p2b: Obamasnow|Protect|p2b: Obamasnow\n|-singleturn|p2b: Obamasnow|Protect\n|move|p1b: Gengar|Sludge Bomb|p2b: Obamasnow\n|-activate|p2b: Obamasnow|move: Protect\n|move|p1a: Primarina|Perish Song|p1a: Primarina\n|-start|p1a: Primarina|perish3|[silent]\n|-start|p1b: Gengar|perish3|[silent]\n|-start|p2a: Farigiraf|perish3|[silent]\n|-start|p2b: Obamasnow|perish3|[silent]\n|-fieldactivate|move: Perish Song\n|move|p2a: Farigiraf|Trick Room|p2a: Farigiraf\n|-fieldstart|move: Trick Room|[of] p2a: Farigiraf\n|\n|-weather|Snowscape|[upkeep]\n|-start|p2b: Obamasnow|perish3\n|-start|p2a: Farigiraf|perish3\n|-start|p1a: Primarina|perish3\n|-start|p1b: Gengar|perish3\n|upkeep\n|turn|2\n|\n|t:|1775894364\n|move|p1a: Primarina|Protect|p1a: Primarina\n|-singleturn|p1a: Primarina|Protect\n|move|p1b: Gengar|Protect|p1b: Gengar\n|-singleturn|p1b: Gengar|Protect\n|move|p2b: Obamasnow|Giga Drain|p1a: Primarina\n|-activate|p1a: Primarina|move: Protect\n|move|p2a: Farigiraf|Psychic|p1b: Gengar\n|-activate|p1b: Gengar|move: Protect\n|\n|-weather|Snowscape|[upkeep]\n|-start|p2b: Obamasnow|perish2\n|-start|p2a: Farigiraf|perish2\n|-start|p1a: Primarina|perish2\n|-start|p1b: Gengar|perish2\n|upkeep\n|turn|3\n|inactive|florb morb has 30 seconds left.\n|inactive|florb morb has 20 seconds left.\n|inactive|florb morb has 15 seconds left.\n|\n|t:|1775894408\n|switch|p1a: Incineroar|Incineroar, L50, F|100/100\n|-ability|p1a: Incineroar|Intimidate|boost\n|-unboost|p2a: Farigiraf|atk|1\n|-unboost|p2b: Obamasnow|atk|1\n|detailschange|p2b: Obamasnow|Abomasnow-Mega, L50, M\n|-mega|p2b: Obamasnow|Abomasnow|Abomasite\n|move|p2b: Obamasnow|Blizzard|p1b: Gengar|[spread] p1a,p1b\n|-resisted|p1a: Incineroar|1\n|-damage|p1a: Incineroar|83/100\n|-damage|p1b: Gengar|36/100\n|-status|p1b: Gengar|frz\n|move|p2a: Farigiraf|Psychic|p1b: Gengar\n|-supereffective|p1b: Gengar|1\n|-damage|p1b: Gengar|0 fnt\n|faint|p1b: Gengar\n|\n|-weather|Snowscape|[upkeep]\n|-start|p2b: Obamasnow|perish1\n|-start|p2a: Farigiraf|perish1\n|upkeep\n|inactive|florb morb has 30 seconds left.\n|\n|t:|1775894436\n|switch|p1b: Kommo-o|Kommo-o, L50, F|100/100\n|turn|4\n|\n|t:|1775894443\n|switch|p2b: Slowking|Slowking, L50, F|100/100\n|switch|p2a: Araquanid|Araquanid, L50, M|100/100\n|move|p1b: Kommo-o|Protect|p1b: Kommo-o\n|-singleturn|p1b: Kommo-o|Protect\n|move|p1a: Incineroar|Throat Chop|p2a: Araquanid\n|-damage|p2a: Araquanid|59/100\n|-start|p2a: Araquanid|Throat Chop|[silent]\n|\n|-weather|Snowscape|[upkeep]\n|upkeep\n|turn|5\n|\n|t:|1775894457\n|switch|p1a: Primarina|Primarina, L50, F|100/100\n|move|p2b: Slowking|Disable|p1b: Kommo-o\n|-start|p1b: Kommo-o|Disable|Protect\n|move|p2a: Araquanid|Liquidation|p1a: Primarina\n|-resisted|p1a: Primarina|1\n|-damage|p1a: Primarina|59/100\n|-unboost|p1a: Primarina|def|1\n|move|p1b: Kommo-o|Clangorous Soul|p1b: Kommo-o\n|-boost|p1b: Kommo-o|atk|1\n|-boost|p1b: Kommo-o|def|1\n|-boost|p1b: Kommo-o|spa|1\n|-boost|p1b: Kommo-o|spd|1\n|-boost|p1b: Kommo-o|spe|1\n|-damage|p1b: Kommo-o|68/100\n|\n|-weather|none\n|-heal|p1a: Primarina|65/100|[from] item: Leftovers\n|-end|p2a: Araquanid|Throat Chop|[silent]\n|-fieldend|move: Trick Room\n|upkeep\n|turn|6\n|inactive|florb morb has 30 seconds left.\n|inactive|florb morb has 20 seconds left.\n|\n|t:|1775894494\n|move|p1b: Kommo-o|Body Press|p2b: Slowking\n|-resisted|p2b: Slowking|1\n|-damage|p2b: Slowking|71/100\n|move|p1a: Primarina|Moonblast|p2b: Slowking\n|-damage|p2b: Slowking|38/100\n|move|p2a: Araquanid|Liquidation|p1a: Primarina\n|-resisted|p1a: Primarina|1\n|-damage|p1a: Primarina|0 fnt\n|faint|p1a: Primarina\n|move|p2b: Slowking|Trick Room|p2b: Slowking\n|-fieldstart|move: Trick Room|[of] p2b: Slowking\n|\n|-heal|p2b: Slowking|44/100|[from] item: Leftovers\n|upkeep\n|\n|t:|1775894506\n|switch|p1a: Incineroar|Incineroar, L50, F|83/100\n|-ability|p1a: Incineroar|Intimidate|boost\n|-unboost|p2a: Araquanid|atk|1\n|-unboost|p2b: Slowking|atk|1\n|turn|7\n|\n|t:|1775894520\n|switch|p2b: Farigiraf|Farigiraf, L50, M|100/100\n|move|p1a: Incineroar|Fake Out||[still]\n|cant|p2b: Farigiraf|ability: Armor Tail|Fake Out|[of] p1a: Incineroar\n|move|p2a: Araquanid|Liquidation|p1a: Incineroar\n|-supereffective|p1a: Incineroar|1\n|-damage|p1a: Incineroar|0 fnt\n|faint|p1a: Incineroar\n|move|p1b: Kommo-o|Body Press|p2a: Araquanid\n|-resisted|p2a: Araquanid|1\n|-damage|p2a: Araquanid|18/100\n|\n|upkeep\n|turn|8\n|\n|t:|1775894532\n|move|p2a: Araquanid|Liquidation|p1b: Kommo-o\n|-resisted|p1b: Kommo-o|1\n|-damage|p1b: Kommo-o|56/100\n|move|p2b: Farigiraf|Dazzling Gleam|p1b: Kommo-o\n|-supereffective|p1b: Kommo-o|2\n|-damage|p1b: Kommo-o|0 fnt\n|faint|p1b: Kommo-o\n|\n|win|dem0n2011\n|raw|florb morb's rating: 1082 &rarr; <strong>1058</strong><br />(-24 for losing)\n|raw|dem0n2011's rating: 1059 &rarr; <strong>1092</strong><br />(+33 for winning)\n",
  "uploadtime": 1775894537,
  "views": 107,
  "formatid": "gen9championsvgc2026regma",
  "rating": 1058,
  "private": 0,
  "password": null
}