{
  "id": "gen9championsvgc2026regma-2587532658",
  "format": "[Gen 9 Champions] VGC 2026 Reg M-A",
  "players": [
    "Moxiemencefan21",
    "Telerath"
  ],
  "log": "|j|\u2606Moxiemencefan21\n|j|\u2606Telerath\n|t:|1776539921\n|gametype|doubles\n|player|p1|Moxiemencefan21|1|1158\n|player|p2|Telerath|101|1121\n|gen|9\n|tier|[Gen 9 Champions] VGC 2026 Reg M-A\n|rated|\n|rule|Species Clause: Limit one of each Pok\u00e9mon\n|rule|Item Clause: Limit 1 of each item\n|clearpoke\n|poke|p1|Kangaskhan, L50, F|\n|poke|p1|Volcarona, L50, F|\n|poke|p1|Tauros-Paldea-Aqua, L50, M|\n|poke|p1|Sinistcha, L50|\n|poke|p1|Aerodactyl, L50, F|\n|poke|p1|Garchomp, L50, F|\n|poke|p2|Floette-Eternal, L50, F|\n|poke|p2|Delphox, L50, F|\n|poke|p2|Aerodactyl, L50, F|\n|poke|p2|Garchomp, L50, M|\n|poke|p2|Maushold, L50|\n|poke|p2|Incineroar, L50, M|\n|teampreview|4\n|inactive|Battle timer is ON: inactive players will automatically lose when time's up. (requested by Telerath)\n|inactive|Telerath has 60 seconds left.\n|\n|t:|1776539972\n|teamsize|p1|4\n|teamsize|p2|4\n|start\n|switch|p1a: Kangaskhan|Kangaskhan, L50, F|100/100\n|switch|p1b: Volcarona|Volcarona, L50, F|100/100\n|switch|p2a: Aerodactyl|Aerodactyl, L50, F|100/100\n|switch|p2b: Garchomp|Garchomp, L50, M|100/100\n|-ability|p2a: Aerodactyl|Unnerve\n|turn|1\n|inactive|Moxiemencefan21 has 30 seconds left.\n|\n|t:|1776540004\n|switch|p1b: Tauros|Tauros-Paldea-Aqua, L50, M|100/100\n|-ability|p1b: Tauros|Intimidate|boost\n|-unboost|p2a: Aerodactyl|atk|1\n|-unboost|p2b: Garchomp|atk|1\n|-enditem|p2b: Garchomp|White Herb\n|-clearnegativeboost|p2b: Garchomp|[silent]\n|detailschange|p1a: Kangaskhan|Kangaskhan-Mega, L50, F\n|-mega|p1a: Kangaskhan|Kangaskhan|Kangaskhanite\n|move|p2a: Aerodactyl|Protect|p2a: Aerodactyl\n|-singleturn|p2a: Aerodactyl|Protect\n|move|p1a: Kangaskhan|Fake Out|p2a: Aerodactyl\n|-activate|p2a: Aerodactyl|move: Protect\n|move|p2b: Garchomp|Earthquake|p1a: Kangaskhan|[spread] p1a,p1b\n|-activate|p2a: Aerodactyl|move: Protect\n|-damage|p1a: Kangaskhan|69/100\n|-damage|p1b: Tauros|62/100\n|\n|upkeep\n|turn|2\n|inactive|Moxiemencefan21 has 30 seconds left.\n|\n|t:|1776540030\n|switch|p2b: Incineroar|Incineroar, L50, M|100/100\n|-ability|p2b: Incineroar|Intimidate|boost\n|-unboost|p1a: Kangaskhan|atk|1\n|-unboost|p1b: Tauros|atk|1\n|move|p1b: Tauros|Protect|p1b: Tauros\n|-singleturn|p1b: Tauros|Protect\n|move|p2a: Aerodactyl|Tailwind|p2a: Aerodactyl\n|-sidestart|p2: Telerath|move: Tailwind\n|move|p1a: Kangaskhan|Drain Punch|p2a: Aerodactyl\n|-damage|p2a: Aerodactyl|70/100\n|-heal|p1a: Kangaskhan|81/100|[from] drain|[of] p2a: Aerodactyl\n|-damage|p2a: Aerodactyl|64/100\n|-heal|p1a: Kangaskhan|83/100|[from] drain|[of] p2a: Aerodactyl\n|-hitcount|p2a: Aerodactyl|2\n|\n|upkeep\n|turn|3\n|inactive|Moxiemencefan21 has 30 seconds left.\n|\n|t:|1776540058\n|switch|p1b: Garchomp|Garchomp, L50, F|100/100\n|move|p1a: Kangaskhan|Protect|p1a: Kangaskhan\n|-singleturn|p1a: Kangaskhan|Protect\n|move|p2a: Aerodactyl|Dual Wingbeat|p1b: Garchomp\n|-crit|p1b: Garchomp\n|-damage|p1b: Garchomp|75/100\n|-damage|p2a: Aerodactyl|51/100|[from] ability: Rough Skin|[of] p1b: Garchomp\n|-damage|p1b: Garchomp|65/100\n|-damage|p2a: Aerodactyl|39/100|[from] ability: Rough Skin|[of] p1b: Garchomp\n|-hitcount|p1b: Garchomp|2\n|move|p2b: Incineroar|Parting Shot|p1a: Kangaskhan\n|-activate|p1a: Kangaskhan|move: Protect\n|\n|upkeep\n|turn|4\n|inactive|Moxiemencefan21 has 30 seconds left.\n|inactive|Moxiemencefan21 has 20 seconds left.\n|\n|t:|1776540093\n|switch|p2a: Garchomp|Garchomp, L50, M|100/100\n|move|p2b: Incineroar|Parting Shot|p1a: Kangaskhan\n|-unboost|p1a: Kangaskhan|atk|1\n|-unboost|p1a: Kangaskhan|spa|1\n|\n|t:|1776540102\n|switch|p2b: Floette|Floette-Eternal, L50, F|100/100|[from] Parting Shot\n|move|p1b: Garchomp|Dragon Claw|p2b: Floette\n|-immune|p2b: Floette\n|move|p1a: Kangaskhan|Drain Punch|p2b: Floette\n|-resisted|p2b: Floette|1\n|-crit|p2b: Floette\n|-damage|p2b: Floette|72/100\n|-heal|p1a: Kangaskhan|95/100|[from] drain|[of] p2b: Floette\n|-resisted|p2b: Floette|1\n|-damage|p2b: Floette|70/100\n|-heal|p1a: Kangaskhan|96/100|[from] drain|[of] p2b: Floette\n|-hitcount|p2b: Floette|2\n|\n|upkeep\n|turn|5\n|inactive|Moxiemencefan21 has 30 seconds left.\n|inactive|Moxiemencefan21 has 20 seconds left.\n|inactive|Moxiemencefan21 has 15 seconds left.\n|inactive|Moxiemencefan21 has 10 seconds left.\n|inactive|Moxiemencefan21 has 5 seconds left.\n|\n|t:|1776540153\n|detailschange|p2b: Floette|Floette-Mega, L50, F\n|-mega|p2b: Floette|Floette|Floettite\n|-ability|p2b: Floette|Fairy Aura\n|move|p2a: Garchomp|Dragon Claw|p1b: Garchomp\n|-supereffective|p1b: Garchomp|1\n|-damage|p1b: Garchomp|0 fnt\n|-damage|p2a: Garchomp|88/100|[from] ability: Rough Skin|[of] p1b: Garchomp\n|faint|p1b: Garchomp\n|move|p2b: Floette|Calm Mind|p2b: Floette\n|-boost|p2b: Floette|spa|1\n|-boost|p2b: Floette|spd|1\n|move|p1a: Kangaskhan|Double-Edge|p2b: Floette\n|-damage|p2b: Floette|35/100\n|-damage|p2b: Floette|26/100\n|-hitcount|p2b: Floette|2\n|-damage|p1a: Kangaskhan|84/100|[from] Recoil\n|\n|-sideend|p2: Telerath|move: Tailwind\n|upkeep\n|\n|t:|1776540170\n|switch|p1b: Volcarona|Volcarona, L50, F|100/100\n|turn|6\n|\n|t:|1776540188\n|switch|p2a: Aerodactyl|Aerodactyl, L50, F|39/100\n|-ability|p2a: Aerodactyl|Unnerve\n|switch|p1a: Tauros|Tauros-Paldea-Aqua, L50, M|62/100\n|-ability|p1a: Tauros|Intimidate|boost\n|-unboost|p2a: Aerodactyl|atk|1\n|-unboost|p2b: Floette|atk|1\n|move|p2b: Floette|Protect|p2b: Floette\n|-singleturn|p2b: Floette|Protect\n|move|p1b: Volcarona|Quiver Dance|p1b: Volcarona\n|-boost|p1b: Volcarona|spa|1\n|-boost|p1b: Volcarona|spd|1\n|-boost|p1b: Volcarona|spe|1\n|\n|upkeep\n|turn|7\n|\n|t:|1776540208\n|move|p1a: Tauros|Aqua Jet|p2a: Aerodactyl\n|-supereffective|p2a: Aerodactyl|1\n|-damage|p2a: Aerodactyl|0 fnt\n|faint|p2a: Aerodactyl\n|move|p1b: Volcarona|Heat Wave|p2b: Floette\n|-damage|p2b: Floette|0 fnt\n|faint|p2b: Floette\n|\n|upkeep\n|\n|t:|1776540212\n|switch|p2a: Incineroar|Incineroar, L50, M|100/100\n|switch|p2b: Garchomp|Garchomp, L50, M|88/100\n|-ability|p2a: Incineroar|Intimidate|boost\n|-unboost|p1a: Tauros|atk|1\n|-unboost|p1b: Volcarona|atk|1\n|turn|8\n|\n|t:|1776540229\n|switch|p1a: Kangaskhan|Kangaskhan-Mega, L50, F|84/100\n|move|p1b: Volcarona|Protect|p1b: Volcarona\n|-singleturn|p1b: Volcarona|Protect\n|move|p2a: Incineroar|Fake Out|p1a: Kangaskhan\n|-damage|p1a: Kangaskhan|75/100\n|move|p2b: Garchomp|Rock Slide|p1b: Volcarona|[spread] p1a\n|-activate|p1b: Volcarona|move: Protect\n|-damage|p1a: Kangaskhan|58/100\n|\n|upkeep\n|turn|9\n|\n|t:|1776540252\n|move|p1a: Kangaskhan|Fake Out|p2b: Garchomp\n|-damage|p2b: Garchomp|69/100\n|-damage|p1a: Kangaskhan|46/100|[from] ability: Rough Skin|[of] p2b: Garchomp\n|-damage|p2b: Garchomp|65/100\n|-damage|p1a: Kangaskhan|34/100|[from] ability: Rough Skin|[of] p2b: Garchomp\n|-hitcount|p2b: Garchomp|2\n|move|p1b: Volcarona|Heat Wave|p2a: Incineroar|[spread] p2a,p2b\n|-resisted|p2a: Incineroar|1\n|-resisted|p2b: Garchomp|1\n|-crit|p2b: Garchomp\n|-damage|p2a: Incineroar|79/100\n|-damage|p2b: Garchomp|26/100\n|cant|p2b: Garchomp|flinch\n|move|p2a: Incineroar|Flare Blitz|p1b: Volcarona\n|-damage|p1b: Volcarona|49/100\n|-damage|p2a: Incineroar|62/100|[from] Recoil\n|\n|-heal|p1b: Volcarona|55/100|[from] item: Leftovers\n|upkeep\n|turn|10\n|inactive|Telerath has 30 seconds left.\n|\n|t:|1776540286\n|switch|p1a: Tauros|Tauros-Paldea-Aqua, L50, M|62/100\n|-ability|p1a: Tauros|Intimidate|boost\n|-unboost|p2a: Incineroar|atk|1\n|-unboost|p2b: Garchomp|atk|1\n|move|p1b: Volcarona|Protect|p1b: Volcarona\n|-singleturn|p1b: Volcarona|Protect\n|move|p2b: Garchomp|Rock Slide|p1a: Tauros|[spread] p1a\n|-activate|p1b: Volcarona|move: Protect\n|-resisted|p1a: Tauros|1\n|-damage|p1a: Tauros|56/100\n|move|p2a: Incineroar|Parting Shot|p1b: Volcarona\n|-activate|p1b: Volcarona|move: Protect\n|\n|-heal|p1b: Volcarona|61/100|[from] item: Leftovers\n|upkeep\n|turn|11\n|\n|t:|1776540308\n|move|p1a: Tauros|Aqua Jet|p2b: Garchomp\n|-damage|p2b: Garchomp|8/100\n|-damage|p1a: Tauros|44/100|[from] ability: Rough Skin|[of] p2b: Garchomp\n|move|p1b: Volcarona|Heat Wave|p2b: Garchomp|[spread] p2b\n|-miss|p1b: Volcarona|p2a: Incineroar\n|-resisted|p2b: Garchomp|1\n|-damage|p2b: Garchomp|0 fnt\n|faint|p2b: Garchomp\n|move|p2a: Incineroar|Parting Shot|p1b: Volcarona\n|-unboost|p1b: Volcarona|atk|1\n|-unboost|p1b: Volcarona|spa|1\n|\n|-heal|p1b: Volcarona|68/100|[from] item: Leftovers\n|upkeep\n|turn|12\n|\n|t:|1776540326\n|move|p1b: Volcarona|Bug Buzz|p2a: Incineroar\n|-damage|p2a: Incineroar|28/100\n|-enditem|p2a: Incineroar|Sitrus Berry|[eat]\n|-heal|p2a: Incineroar|52/100|[from] item: Sitrus Berry\n|move|p1a: Tauros|Close Combat|p2a: Incineroar\n|-supereffective|p2a: Incineroar|1\n|-damage|p2a: Incineroar|0 fnt\n|-unboost|p1a: Tauros|def|1\n|-unboost|p1a: Tauros|spd|1\n|faint|p2a: Incineroar\n|\n|win|Moxiemencefan21\n|raw|Moxiemencefan21's rating: 1158 &rarr; <strong>1180</strong><br />(+22 for winning)\n|raw|Telerath's rating: 1121 &rarr; <strong>1099</strong><br />(-22 for losing)\n",
  "uploadtime": 1776540347,
  "views": 15,
  "formatid": "gen9championsvgc2026regma",
  "rating": 1099,
  "private": 0,
  "password": null
}