{
  "id": "gen9championsvgc2026regma-2581551155",
  "format": "[Gen 9 Champions] VGC 2026 Reg M-A",
  "players": [
    "Jah_08",
    "actuary97"
  ],
  "log": "|j|\u2606Jah_08\n|j|\u2606actuary97\n|t:|1776010277\n|gametype|doubles\n|player|p1|Jah_08|2|1260\n|player|p2|actuary97|sabrina-frlg|1300\n|gen|9\n|tier|[Gen 9 Champions] VGC 2026 Reg M-A\n|rated|\n|rule|Species Clause: Limit one of each Pok\u00e9mon\n|rule|Item Clause: Limit 1 of each item\n|clearpoke\n|poke|p1|Basculegion, L50, M|\n|poke|p1|Zoroark-Hisui, L50, F|\n|poke|p1|Conkeldurr, L50, M|\n|poke|p1|Whimsicott, L50, M|\n|poke|p1|Chandelure, L50, F|\n|poke|p1|Vanilluxe, L50, M|\n|poke|p2|Tyranitar, L50, F|\n|poke|p2|Gallade, L50, M|\n|poke|p2|Sinistcha, L50|\n|poke|p2|Corviknight, L50, F|\n|poke|p2|Incineroar, L50, M|\n|poke|p2|Starmie, L50|\n|teampreview|4\n|inactive|Battle timer is ON: inactive players will automatically lose when time's up. (requested by actuary97)\n|\n|t:|1776010313\n|teamsize|p1|4\n|teamsize|p2|4\n|start\n|switch|p1a: Basculegion|Basculegion, L50, M|100/100\n|switch|p1b: Conkeldurr|Conkeldurr, L50, M|100/100\n|switch|p2a: Tyranitar|Tyranitar, L50, F, shiny|100/100\n|switch|p2b: Incineroar|Incineroar, L50, M|100/100\n|-weather|Sandstorm|[from] ability: Sand Stream|[of] p2a: Tyranitar\n|-ability|p2b: Incineroar|Intimidate|boost\n|-unboost|p1a: Basculegion|atk|1\n|-unboost|p1b: Conkeldurr|atk|1\n|turn|1\n|inactive|Jah_08 has 30 seconds left.\n|inactive|Jah_08 has 20 seconds left.\n|inactive|Jah_08 has 15 seconds left.\n|\n|t:|1776010353\n|move|p2a: Tyranitar|Protect|p2a: Tyranitar\n|-singleturn|p2a: Tyranitar|Protect\n|move|p1a: Basculegion|Wave Crash|p2a: Tyranitar\n|-activate|p2a: Tyranitar|move: Protect\n|move|p1b: Conkeldurr|Sludge Bomb|p2b: Incineroar\n|-damage|p2b: Incineroar|75/100\n|move|p2b: Incineroar|Will-O-Wisp|p1a: Basculegion\n|-status|p1a: Basculegion|brn\n|\n|-weather|Sandstorm|[upkeep]\n|-damage|p1a: Basculegion|94/100 brn|[from] Sandstorm\n|-damage|p1b: Conkeldurr|94/100|[from] Sandstorm\n|-damage|p2b: Incineroar|69/100|[from] Sandstorm\n|-damage|p1a: Basculegion|88/100 brn|[from] brn\n|upkeep\n|turn|2\n|\n|t:|1776010376\n|move|p1a: Basculegion|Wave Crash|p2a: Tyranitar\n|-supereffective|p2a: Tyranitar|1\n|-damage|p2a: Tyranitar|56/100\n|-damage|p1a: Basculegion|73/100 brn|[from] Recoil\n|move|p1b: Conkeldurr|Icy Wind|p2a: Tyranitar|[spread] p2a,p2b\n|-resisted|p2b: Incineroar|1\n|-crit|p2b: Incineroar\n|-damage|p2a: Tyranitar|48/100\n|-damage|p2b: Incineroar|61/100\n|-unboost|p2a: Tyranitar|spe|1\n|-unboost|p2b: Incineroar|spe|1\n|move|p2a: Tyranitar|Dragon Dance|p2a: Tyranitar\n|-boost|p2a: Tyranitar|atk|1\n|-boost|p2a: Tyranitar|spe|1\n|move|p2b: Incineroar|Parting Shot|p1a: Basculegion\n|-unboost|p1a: Basculegion|atk|1\n|-unboost|p1a: Basculegion|spa|1\n|\n|t:|1776010389\n|switch|p2b: Corviknight|Corviknight, L50, F|100/100|[from] Parting Shot\n|\n|-weather|Sandstorm|[upkeep]\n|-damage|p1a: Basculegion|67/100 brn|[from] Sandstorm\n|-damage|p1b: Conkeldurr|88/100|[from] Sandstorm\n|-damage|p1a: Basculegion|60/100 brn|[from] brn\n|upkeep\n|turn|3\n|\n|t:|1776010406\n|move|p2a: Tyranitar|Protect|p2a: Tyranitar\n|-singleturn|p2a: Tyranitar|Protect\n|move|p1a: Basculegion|Wave Crash|p2a: Tyranitar\n|-activate|p2a: Tyranitar|move: Protect\n|move|p1b: Conkeldurr|Icy Wind|p2a: Tyranitar|[spread] p2b\n|-activate|p2a: Tyranitar|move: Protect\n|-damage|p2b: Corviknight|90/100\n|-ability|p2b: Corviknight|Mirror Armor\n|-unboost|p1b: Conkeldurr|spe|1\n|move|p2b: Corviknight|Tailwind|p2b: Corviknight\n|-sidestart|p2: actuary97|move: Tailwind\n|\n|-weather|Sandstorm|[upkeep]\n|-damage|p1a: Basculegion|54/100 brn|[from] Sandstorm\n|-damage|p1b: Conkeldurr|82/100|[from] Sandstorm\n|-heal|p2b: Corviknight|96/100|[from] item: Leftovers\n|-damage|p1a: Basculegion|48/100 brn|[from] brn\n|upkeep\n|turn|4\n|inactive|Jah_08 has 30 seconds left.\n|inactive|actuary97 has 30 seconds left.\n|\n|t:|1776010432\n|move|p2a: Tyranitar|Knock Off|p1a: Basculegion\n|-supereffective|p1a: Basculegion|1\n|-damage|p1a: Basculegion|0 fnt\n|-enditem|p1a: Basculegion|Choice Scarf|[from] move: Knock Off|[of] p2a: Tyranitar\n|faint|p1a: Basculegion\n|move|p2b: Corviknight|Bulk Up|p2b: Corviknight\n|-boost|p2b: Corviknight|atk|1\n|-boost|p2b: Corviknight|def|1\n|move|p1b: Conkeldurr|Will-O-Wisp|p2a: Tyranitar\n|-status|p2a: Tyranitar|brn\n|\n|-weather|Sandstorm|[upkeep]\n|-damage|p1b: Conkeldurr|76/100|[from] Sandstorm\n|-heal|p2b: Corviknight|100/100|[from] item: Leftovers\n|-damage|p2a: Tyranitar|43/100 brn|[from] brn\n|upkeep\n|\n|t:|1776010451\n|switch|p1a: Conkeldurr|Conkeldurr, L50, M|100/100\n|turn|5\n|\n|t:|1776010459\n|detailschange|p2a: Tyranitar|Tyranitar-Mega, L50, F, shiny\n|-mega|p2a: Tyranitar|Tyranitar|Tyranitarite\n|move|p2a: Tyranitar|Knock Off|p1b: Conkeldurr\n|-supereffective|p1b: Conkeldurr|1\n|-damage|p1b: Conkeldurr|0 fnt\n|replace|p1b: Zoroark|Zoroark-Hisui, L50, F\n|-end|p1b: Zoroark|Illusion\n|-enditem|p1b: Zoroark|Focus Sash|[from] move: Knock Off|[of] p2a: Tyranitar\n|faint|p1b: Zoroark\n|move|p2b: Corviknight|Brave Bird|p1a: Conkeldurr\n|-supereffective|p1a: Conkeldurr|1\n|-damage|p1a: Conkeldurr|9/100\n|-damage|p2b: Corviknight|69/100|[from] Recoil\n|move|p1a: Conkeldurr|Thunder Punch|p2b: Corviknight\n|-supereffective|p2b: Corviknight|1\n|-damage|p2b: Corviknight|30/100\n|-status|p2b: Corviknight|par\n|\n|-weather|none\n|-heal|p2b: Corviknight|36/100 par|[from] item: Leftovers\n|-damage|p2a: Tyranitar|37/100 brn|[from] brn\n|upkeep\n|\n|t:|1776010480\n|switch|p1b: Chandelure|Chandelure, L50, F|100/100\n|turn|6\n|\n|t:|1776010491\n|detailschange|p1b: Chandelure|Chandelure-Mega, L50, F\n|-mega|p1b: Chandelure|Chandelure|Chandelurite\n|move|p1a: Conkeldurr|Mach Punch|p2a: Tyranitar\n|-supereffective|p2a: Tyranitar|2\n|-damage|p2a: Tyranitar|0 fnt\n|faint|p2a: Tyranitar\n|move|p1b: Chandelure|Heat Wave|p2b: Corviknight\n|-supereffective|p2b: Corviknight|1\n|-damage|p2b: Corviknight|0 fnt\n|faint|p2b: Corviknight\n|\n|-sideend|p2: actuary97|move: Tailwind\n|upkeep\n|\n|t:|1776010495\n|switch|p2a: Gallade|Gallade, L50, M, shiny|100/100\n|switch|p2b: Incineroar|Incineroar, L50, M|61/100\n|-ability|p2b: Incineroar|Intimidate|boost\n|-unboost|p1a: Conkeldurr|atk|1\n|-unboost|p1b: Chandelure|atk|1\n|turn|7\n|inactive|Jah_08 has 30 seconds left.\n|inactive|actuary97 has 30 seconds left.\n|\n|t:|1776010527\n|move|p1a: Conkeldurr|Mach Punch|p2b: Incineroar\n|-supereffective|p2b: Incineroar|1\n|-damage|p2b: Incineroar|28/100\n|move|p1b: Chandelure|Shadow Ball|p2a: Gallade\n|-supereffective|p2a: Gallade|1\n|-damage|p2a: Gallade|0 fnt\n|faint|p2a: Gallade\n|move|p2b: Incineroar|Flare Blitz|p1a: Conkeldurr\n|-damage|p1a: Conkeldurr|0 fnt\n|faint|p1a: Conkeldurr\n|-damage|p2b: Incineroar|25/100|[from] Recoil\n|\n|upkeep\n|turn|8\n|\n|t:|1776010541\n|move|p1b: Chandelure|Overheat|p2b: Incineroar\n|-resisted|p2b: Incineroar|1\n|-damage|p2b: Incineroar|0 fnt\n|-unboost|p1b: Chandelure|spa|2\n|faint|p2b: Incineroar\n|\n|win|Jah_08\n|raw|Jah_08's rating: 1260 &rarr; <strong>1288</strong><br />(+28 for winning)\n|raw|actuary97's rating: 1300 &rarr; <strong>1272</strong><br />(-28 for losing)\n|l|\u2606actuary97\n|player|p2|\n",
  "uploadtime": 1776010549,
  "views": 21,
  "formatid": "gen9championsvgc2026regma",
  "rating": 1272,
  "private": 0,
  "password": null
}