{
  "id": "gen9championsvgc2026regma-2580825082",
  "format": "[Gen 9 Champions] VGC 2026 Reg M-A",
  "players": [
    "IAmScorpo",
    "wanapax"
  ],
  "log": "|j|\u2606IAmScorpo\n|j|\u2606wanapax\n|t:|1775935521\n|gametype|doubles\n|player|p1|IAmScorpo|yellow|1012\n|player|p2|wanapax|101|1000\n|gen|9\n|tier|[Gen 9 Champions] VGC 2026 Reg M-A\n|rated|\n|rule|Species Clause: Limit one of each Pok\u00e9mon\n|rule|Item Clause: Limit 1 of each item\n|clearpoke\n|poke|p1|Scovillain, L50, F|\n|poke|p1|Sneasler, L50, M|\n|poke|p1|Sinistcha, L50|\n|poke|p1|Rotom-Wash, L50|\n|poke|p2|Charizard, L50, F|\n|poke|p2|Sinistcha, L50|\n|poke|p2|Sneasler, L50, M|\n|poke|p2|Garchomp, L50, M|\n|poke|p2|Milotic, L50, M|\n|poke|p2|Kingambit, L50, F|\n|teampreview|4\nIAmScorpo has agreed to open team sheets.\n|\n|t:|1775935577\n|teamsize|p1|4\n|teamsize|p2|4\n|start\n|switch|p1a: Scovillain|Scovillain, L50, F|100/100\n|switch|p1b: Sneasler|Sneasler, L50, M|100/100\n|switch|p2a: Garchomp|Garchomp, L50, M|100/100\n|switch|p2b: Milotic|Milotic, L50, M|100/100\n|turn|1\n|inactive|Battle timer is ON: inactive players will automatically lose when time's up. (requested by wanapax)\n|\n|t:|1775935604\n|switch|p1b: Rotom|Rotom-Wash, L50|100/100\n|detailschange|p1a: Scovillain|Scovillain-Mega, L50, F\n|-mega|p1a: Scovillain|Scovillain|Scovillainite\n|move|p2a: Garchomp|Breaking Swipe|p1a: Scovillain|[spread] p1a,p1b\n|-damage|p1a: Scovillain|76/100\n|-damage|p1b: Rotom|71/100\n|-unboost|p1a: Scovillain|atk|1\n|-unboost|p1b: Rotom|atk|1\n|-status|p2a: Garchomp|brn|[from] ability: Spicy Spray|[of] p1a: Scovillain\n|-enditem|p2a: Garchomp|Lum Berry|[eat]\n|-curestatus|p2a: Garchomp|brn|[msg]\n|move|p2b: Milotic|Icy Wind|p1b: Rotom|[spread] p1a,p1b\n|-resisted|p1b: Rotom|1\n|-damage|p1a: Scovillain|67/100\n|-damage|p1b: Rotom|64/100\n|-unboost|p1a: Scovillain|spe|1\n|-unboost|p1b: Rotom|spe|1\n|-status|p2b: Milotic|brn|[from] ability: Spicy Spray|[of] p1a: Scovillain\n|move|p1a: Scovillain|Super Fang|p2b: Milotic\n|-damage|p2b: Milotic|50/100 brn\n|\n|-heal|p2b: Milotic|57/100 brn|[from] item: Leftovers\n|-damage|p2b: Milotic|50/100 brn|[from] brn\n|upkeep\n|turn|2\n|inactive|IAmScorpo has 30 seconds left.\n|inactive|wanapax has 30 seconds left.\n|inactive|IAmScorpo has 20 seconds left.\n|inactive|wanapax has 20 seconds left.\n|inactive|IAmScorpo has 15 seconds left.\n|inactive|wanapax has 15 seconds left.\n|inactive|IAmScorpo has 10 seconds left.\n|\n|t:|1775935650\n|move|p2b: Milotic|Protect|p2b: Milotic\n|-singleturn|p2b: Milotic|Protect\n|move|p2a: Garchomp|Rock Slide|p1a: Scovillain|[spread] p1a,p1b\n|-supereffective|p1a: Scovillain|1\n|-damage|p1a: Scovillain|26/100\n|-damage|p1b: Rotom|38/100\n|-status|p2a: Garchomp|brn|[from] ability: Spicy Spray|[of] p1a: Scovillain\n|move|p1b: Rotom|Thunderbolt|p2b: Milotic\n|-activate|p2b: Milotic|move: Protect\n|move|p1a: Scovillain|Super Fang|p2a: Garchomp\n|-damage|p2a: Garchomp|51/100 brn\n|-damage|p1a: Scovillain|14/100|[from] ability: Rough Skin|[of] p2a: Garchomp\n|\n|-heal|p2b: Milotic|57/100 brn|[from] item: Leftovers\n|-damage|p2a: Garchomp|45/100 brn|[from] brn\n|-damage|p2b: Milotic|50/100 brn|[from] brn\n|upkeep\n|turn|3\n|inactive|wanapax has 30 seconds left.\n|inactive|wanapax has 20 seconds left.\n|inactive|wanapax has 15 seconds left.\n|\n|t:|1775935690\n|move|p1a: Scovillain|Protect|p1a: Scovillain\n|-singleturn|p1a: Scovillain|Protect\n|move|p2a: Garchomp|Rock Slide|p1a: Scovillain|[spread] p1b\n|-activate|p1a: Scovillain|move: Protect\n|-damage|p1b: Rotom|23/100\n|move|p2b: Milotic|Scald|p1b: Rotom\n|-resisted|p1b: Rotom|1\n|-damage|p1b: Rotom|4/100\n|move|p1b: Rotom|Hex|p2a: Garchomp\n|-damage|p2a: Garchomp|0 fnt\n|faint|p2a: Garchomp\n|\n|-heal|p2b: Milotic|57/100 brn|[from] item: Leftovers\n|-damage|p2b: Milotic|50/100 brn|[from] brn\n|upkeep\n|\n|t:|1775935713\n|switch|p2a: Charizard|Charizard, L50, F, shiny|100/100\n|turn|4\n|\n|t:|1775935732\n|switch|p2b: Kingambit|Kingambit, L50, F, shiny|100/100\n|switch|p1a: Sinistcha|Sinistcha, L50|100/100\n|-heal|p1b: Rotom|29/100|[from] ability: Hospitality|[of] p1a: Sinistcha\n|detailschange|p2a: Charizard|Charizard-Mega-Y, L50, F, shiny\n|-mega|p2a: Charizard|Charizard|Charizardite Y\n|-weather|SunnyDay|[from] ability: Drought|[of] p2a: Charizard\n|move|p2a: Charizard|Heat Wave|p1a: Sinistcha|[spread] p1a,p1b\n|-supereffective|p1a: Sinistcha|1\n|-resisted|p1b: Rotom|1\n|-damage|p1a: Sinistcha|0 fnt\n|-damage|p1b: Rotom|0 fnt\n|faint|p1a: Sinistcha\n|faint|p1b: Rotom\n|\n|-weather|SunnyDay|[upkeep]\n|upkeep\n|\n|t:|1775935748\n|switch|p1b: Sneasler|Sneasler, L50, M|100/100\n|switch|p1a: Scovillain|Scovillain-Mega, L50, F|14/100\n|turn|5\n|\n|t:|1775935760\n|move|p2b: Kingambit|Protect|p2b: Kingambit\n|-singleturn|p2b: Kingambit|Protect\n|move|p1b: Sneasler|Fake Out|p2a: Charizard\n|-damage|p2a: Charizard|84/100\n|cant|p2a: Charizard|flinch\n|move|p1a: Scovillain|Spicy Extract|p1b: Sneasler\n|-boost|p1b: Sneasler|atk|2\n|-unboost|p1b: Sneasler|def|2\n|-enditem|p1b: Sneasler|White Herb\n|-clearnegativeboost|p1b: Sneasler|[silent]\n|\n|-weather|SunnyDay|[upkeep]\n|upkeep\n|turn|6\n|inactive|wanapax has 30 seconds left.\n|\n|t:|1775935786\n|move|p2a: Charizard|Protect|p2a: Charizard\n|-singleturn|p2a: Charizard|Protect\n|move|p1a: Scovillain|Rage Powder|p1a: Scovillain\n|-singleturn|p1a: Scovillain|move: Rage Powder\n|move|p2b: Kingambit|Sucker Punch||[still]\n|-fail|p2b: Kingambit\n|move|p1b: Sneasler|Dire Claw|p2a: Charizard\n|-activate|p2a: Charizard|move: Protect\n|\n|-weather|SunnyDay|[upkeep]\n|upkeep\n|turn|7\n|\n|t:|1775935799\n|move|p1a: Scovillain|Rage Powder|p1a: Scovillain\n|-singleturn|p1a: Scovillain|move: Rage Powder\n|move|p2b: Kingambit|Sucker Punch||[still]\n|-fail|p2b: Kingambit\n|move|p1b: Sneasler|Dire Claw|p2a: Charizard\n|-damage|p2a: Charizard|0 fnt\n|faint|p2a: Charizard\n|\n|-weather|SunnyDay|[upkeep]\n|upkeep\n|\n|t:|1775935808\n|switch|p2a: Milotic|Milotic, L50, M|50/100 brn\n|turn|8\n|\n|t:|1775935831\n|move|p2a: Milotic|Protect|p2a: Milotic\n|-singleturn|p2a: Milotic|Protect\n|move|p1a: Scovillain|Rage Powder|p1a: Scovillain\n|-singleturn|p1a: Scovillain|move: Rage Powder\n|move|p1b: Sneasler|Close Combat|p2b: Kingambit\n|-supereffective|p2b: Kingambit|2\n|-damage|p2b: Kingambit|0 fnt\n|-unboost|p1b: Sneasler|def|1\n|-unboost|p1b: Sneasler|spd|1\n|faint|p2b: Kingambit\n|\n|-weather|none\n|-heal|p2a: Milotic|57/100 brn|[from] item: Leftovers\n|-damage|p2a: Milotic|50/100 brn|[from] brn\n|upkeep\n|turn|9\n|-message|wanapax forfeited.\n|\n|win|IAmScorpo\n|raw|IAmScorpo's rating: 1012 &rarr; <strong>1049</strong><br />(+37 for winning)\n|raw|wanapax's rating: 1000 &rarr; <strong>1000</strong><br />(+0 for losing)\n|l|\u2606wanapax\n|player|p2|\n",
  "uploadtime": 1775935847,
  "views": 20,
  "formatid": "gen9championsvgc2026regma",
  "rating": 1000,
  "private": 0,
  "password": null
}