{
  "id": "gen9championsvgc2026regma-2585834304",
  "format": "[Gen 9 Champions] VGC 2026 Reg M-A",
  "players": [
    "superG195",
    "Future Alice haver"
  ],
  "log": "|j|\u2606superG195\n|j|\u2606Future Alice haver\n|t:|1776374152\n|gametype|doubles\n|player|p1|superG195|brawly|1138\n|player|p2|Future Alice haver|kimonogirl|1229\n|gen|9\n|tier|[Gen 9 Champions] VGC 2026 Reg M-A\n|rated|\n|rule|Species Clause: Limit one of each Pok\u00e9mon\n|rule|Item Clause: Limit 1 of each item\n|clearpoke\n|poke|p1|Kangaskhan, L50, F|\n|poke|p1|Typhlosion-Hisui, L50, F|\n|poke|p1|Aerodactyl, L50, M|\n|poke|p1|Milotic, L50, F|\n|poke|p1|Scizor, L50, M|\n|poke|p1|Sinistcha, L50|\n|poke|p2|Charizard, L50, F|\n|poke|p2|Venusaur, L50, M|\n|poke|p2|Orthworm, L50, F|\n|poke|p2|Garchomp, L50, M|\n|poke|p2|Milotic, L50, M|\n|poke|p2|Whimsicott, L50, F|\n|teampreview|4\n|inactive|Battle timer is ON: inactive players will automatically lose when time's up. (requested by Future Alice haver)\n|\n|t:|1776374191\n|teamsize|p1|4\n|teamsize|p2|4\n|start\n|switch|p1a: Aerodactyl|Aerodactyl, L50, M|100/100\n|switch|p1b: Typhlosion|Typhlosion-Hisui, L50, F|100/100\n|switch|p2a: Charizard|Charizard, L50, F|100/100\n|switch|p2b: Whimsicott|Whimsicott, L50, F|100/100\n|-ability|p1a: Aerodactyl|Unnerve\n|-item|p2a: Charizard|Charizardite Y|[from] ability: Frisk|[of] p1b: Typhlosion\n|-item|p2b: Whimsicott|Focus Sash|[from] ability: Frisk|[of] p1b: Typhlosion\n|turn|1\n|inactive|superG195 has 30 seconds left.\n|inactive|Future Alice haver has 30 seconds left.\n|\n|t:|1776374221\n|switch|p2a: Garchomp|Garchomp, L50, M|100/100\n|move|p2b: Whimsicott|Tailwind|p2b: Whimsicott\n|-sidestart|p2: Future Alice haver|move: Tailwind\n|move|p1b: Typhlosion|Eruption|p2b: Whimsicott|[spread] p2a,p2b\n|-resisted|p2a: Garchomp|1\n|-supereffective|p2b: Whimsicott|1\n|-damage|p2a: Garchomp|69/100\n|-enditem|p2b: Whimsicott|Focus Sash\n|-damage|p2b: Whimsicott|1/100\n|move|p1a: Aerodactyl|Dual Wingbeat|p2b: Whimsicott\n|-supereffective|p2b: Whimsicott|1\n|-crit|p2b: Whimsicott\n|-damage|p2b: Whimsicott|0 fnt\n|faint|p2b: Whimsicott\n|-hitcount|p2: Whimsicott|1\n|\n|upkeep\n|\n|t:|1776374237\n|switch|p2b: Orthworm|Orthworm, L50, F|100/100\n|turn|2\n|inactive|Future Alice haver has 30 seconds left.\n|\n|t:|1776374263\n|move|p2a: Garchomp|Earthquake|p1b: Typhlosion|[spread] p1b\n|-immune|p2b: Orthworm|[from] ability: Earth Eater\n|-immune|p1a: Aerodactyl\n|-supereffective|p1b: Typhlosion|1\n|-damage|p1b: Typhlosion|0 fnt\n|faint|p1b: Typhlosion\n|move|p1a: Aerodactyl|Tailwind|p1a: Aerodactyl\n|-sidestart|p1: superG195|move: Tailwind\n|move|p2b: Orthworm|Heavy Slam|p1a: Aerodactyl\n|-supereffective|p1a: Aerodactyl|1\n|-enditem|p1a: Aerodactyl|Focus Sash\n|-damage|p1a: Aerodactyl|1/100\n|\n|upkeep\n|\n|t:|1776374279\n|switch|p1b: Milotic|Milotic, L50, F|100/100\n|turn|3\n|inactive|Future Alice haver has 30 seconds left.\n|\n|t:|1776374305\n|move|p2a: Garchomp|Earthquake|p1b: Milotic|[spread] p1b\n|-immune|p2b: Orthworm|[from] ability: Earth Eater\n|-immune|p1a: Aerodactyl\n|-damage|p1b: Milotic|65/100\n|move|p1a: Aerodactyl|Rock Slide|p2b: Orthworm|[spread] p2a\n|-miss|p1a: Aerodactyl|p2b: Orthworm\n|-resisted|p2a: Garchomp|1\n|-damage|p2a: Garchomp|56/100\n|move|p1b: Milotic|Icy Wind|p2b: Orthworm|[spread] p2a,p2b\n|-supereffective|p2a: Garchomp|2\n|-resisted|p2b: Orthworm|1\n|-damage|p2a: Garchomp|9/100\n|-damage|p2b: Orthworm|92/100\n|-unboost|p2a: Garchomp|spe|1\n|-unboost|p2b: Orthworm|spe|1\n|move|p2b: Orthworm|Heavy Slam|p1a: Aerodactyl\n|-supereffective|p1a: Aerodactyl|1\n|-damage|p1a: Aerodactyl|0 fnt\n|faint|p1a: Aerodactyl\n|\n|-heal|p1b: Milotic|71/100|[from] item: Leftovers\n|upkeep\n|\n|t:|1776374324\n|switch|p1a: Scizor|Scizor, L50, M|100/100\n|turn|4\n|inactive|superG195 has 30 seconds left.\n|inactive|superG195 has 20 seconds left.\n|\n|t:|1776374361\n|move|p1a: Scizor|Bullet Punch|p2a: Garchomp\n|-damage|p2a: Garchomp|0 fnt\n|-damage|p1a: Scizor|88/100|[from] ability: Rough Skin|[of] p2a: Garchomp\n|faint|p2a: Garchomp\n|move|p1b: Milotic|Scald|p2b: Orthworm\n|-damage|p2b: Orthworm|39/100\n|-enditem|p2b: Orthworm|Sitrus Berry|[eat]\n|-heal|p2b: Orthworm|64/100|[from] item: Sitrus Berry\n|move|p2b: Orthworm|Body Press|p1b: Milotic\n|-damage|p1b: Milotic|40/100\n|\n|-heal|p1b: Milotic|46/100|[from] item: Leftovers\n|-sideend|p2: Future Alice haver|move: Tailwind\n|upkeep\n|\n|t:|1776374371\n|switch|p2a: Charizard|Charizard, L50, F|100/100\n|turn|5\n|\n|t:|1776374391\n|detailschange|p1a: Scizor|Scizor-Mega, L50, M\n|-mega|p1a: Scizor|Scizor|Scizorite\n|detailschange|p2a: Charizard|Charizard-Mega-Y, L50, F\n|-mega|p2a: Charizard|Charizard|Charizardite Y\n|-weather|SunnyDay|[from] ability: Drought|[of] p2a: Charizard\n|move|p2a: Charizard|Protect|p2a: Charizard\n|-singleturn|p2a: Charizard|Protect\n|move|p2b: Orthworm|Protect|p2b: Orthworm\n|-singleturn|p2b: Orthworm|Protect\n|move|p1b: Milotic|Recover|p1b: Milotic\n|-heal|p1b: Milotic|96/100\n|move|p1a: Scizor|Close Combat|p2b: Orthworm\n|-activate|p2b: Orthworm|move: Protect\n|\n|-weather|SunnyDay|[upkeep]\n|-heal|p1b: Milotic|100/100|[from] item: Leftovers\n|-sideend|p1: superG195|move: Tailwind\n|upkeep\n|turn|6\n|\n|t:|1776374414\n|move|p1a: Scizor|Protect|p1a: Scizor\n|-singleturn|p1a: Scizor|Protect\n|move|p2a: Charizard|Heat Wave|p1a: Scizor|[spread] p1b\n|-activate|p1a: Scizor|move: Protect\n|-resisted|p1b: Milotic|1\n|-damage|p1b: Milotic|79/100\n|move|p1b: Milotic|Icy Wind|p2b: Orthworm|[spread] p2a,p2b\n|-resisted|p2b: Orthworm|1\n|-damage|p2a: Charizard|90/100\n|-damage|p2b: Orthworm|55/100\n|-unboost|p2a: Charizard|spe|1\n|-unboost|p2b: Orthworm|spe|1\n|move|p2b: Orthworm|Body Press|p1b: Milotic\n|-damage|p1b: Milotic|48/100\n|\n|-weather|SunnyDay|[upkeep]\n|-heal|p1b: Milotic|53/100|[from] item: Leftovers\n|upkeep\n|turn|7\n|inactive|superG195 has 30 seconds left.\n|inactive|superG195 has 20 seconds left.\n|inactive|superG195 has 15 seconds left.\n|\n|t:|1776374457\n|move|p1b: Milotic|Scald|p2a: Charizard\n|-supereffective|p2a: Charizard|1\n|-damage|p2a: Charizard|64/100\n|move|p2a: Charizard|Heat Wave|p1a: Scizor|[spread] p1a,p1b\n|-supereffective|p1a: Scizor|2\n|-resisted|p1b: Milotic|1\n|-damage|p1a: Scizor|0 fnt\n|-damage|p1b: Milotic|31/100\n|faint|p1a: Scizor\n|move|p2b: Orthworm|Body Press|p1b: Milotic\n|-damage|p1b: Milotic|1/100\n|\n|-weather|SunnyDay|[upkeep]\n|-heal|p1b: Milotic|7/100|[from] item: Leftovers\n|upkeep\n|turn|8\n|-message|superG195 forfeited.\n|\n|win|Future Alice haver\n|raw|superG195's rating: 1138 &rarr; <strong>1119</strong><br />(-19 for losing)\n|raw|Future Alice haver's rating: 1229 &rarr; <strong>1248</strong><br />(+19 for winning)\n|l|\u2606superG195\n|player|p1|\n",
  "uploadtime": 1776374476,
  "views": 23,
  "formatid": "gen9championsvgc2026regma",
  "rating": 1119,
  "private": 0,
  "password": null
}