{
  "id": "gen9championsvgc2026regma-2588845697",
  "format": "[Gen 9 Champions] VGC 2026 Reg M-A",
  "players": [
    "dellpm1",
    "sixthsavior"
  ],
  "log": "|j|\u2606dellpm1\n|j|\u2606sixthsavior\n|t:|1776677886\n|gametype|doubles\n|player|p1|dellpm1|102|1228\n|player|p2|sixthsavior|265|1326\n|gen|9\n|tier|[Gen 9 Champions] VGC 2026 Reg M-A\n|rated|\n|rule|Species Clause: Limit one of each Pok\u00e9mon\n|rule|Item Clause: Limit 1 of each item\n|clearpoke\n|poke|p1|Scovillain, L50, F|\n|poke|p1|Sinistcha-Masterpiece, L50|\n|poke|p1|Aerodactyl, L50, F|\n|poke|p1|Incineroar, L50, F|\n|poke|p1|Palafin, L50, M|\n|poke|p1|Sneasler, L50, M|\n|poke|p2|Charizard, L50, F|\n|poke|p2|Rotom-Wash, L50|\n|poke|p2|Garchomp, L50, M|\n|poke|p2|Talonflame, L50, M|\n|poke|p2|Dragonite, L50, F|\n|poke|p2|Dragapult, L50, M|\n|teampreview|4\n|inactive|Battle timer is ON: inactive players will automatically lose when time's up. (requested by sixthsavior)\n|\n|t:|1776677955\n|teamsize|p1|4\n|teamsize|p2|4\n|start\n|switch|p1a: Palafin|Palafin, L50, M|100/100\n|switch|p1b: Aerodactyl|Aerodactyl, L50, F|100/100\n|switch|p2a: Talonflame|Talonflame, L50, M|100/100\n|switch|p2b: Rotom|Rotom-Wash, L50|100/100\n|-ability|p1b: Aerodactyl|Unnerve\n|turn|1\n|\n|t:|1776677970\n|move|p2a: Talonflame|Protect|p2a: Talonflame\n|-singleturn|p2a: Talonflame|Protect\n|move|p1a: Palafin|Flip Turn|p2a: Talonflame\n|-activate|p2a: Talonflame|move: Protect\n|move|p1b: Aerodactyl|Rock Slide|p2b: Rotom|[spread] p2b\n|-activate|p2a: Talonflame|move: Protect\n|-damage|p2b: Rotom|73/100\n|move|p2b: Rotom|Electroweb|p1b: Aerodactyl|[spread] p1a,p1b\n|-supereffective|p1a: Palafin|1\n|-supereffective|p1b: Aerodactyl|1\n|-damage|p1a: Palafin|38/100\n|-damage|p1b: Aerodactyl|46/100\n|-unboost|p1a: Palafin|spe|1\n|-unboost|p1b: Aerodactyl|spe|1\n|\n|upkeep\n|turn|2\n|\n|t:|1776677989\n|detailschange|p1a: Palafin|Palafin-Hero, L50, M\n|switch|p1a: Incineroar|Incineroar, L50, F|100/100\n|-ability|p1a: Incineroar|Intimidate|boost\n|-unboost|p2a: Talonflame|atk|1\n|-unboost|p2b: Rotom|atk|1\n|move|p2a: Talonflame|Tailwind|p2a: Talonflame\n|-sidestart|p2: sixthsavior|move: Tailwind\n|move|p2b: Rotom|Electroweb|p1a: Incineroar|[spread] p1a,p1b\n|-supereffective|p1b: Aerodactyl|1\n|-damage|p1a: Incineroar|85/100\n|-damage|p1b: Aerodactyl|0 fnt\n|-unboost|p1a: Incineroar|spe|1\n|faint|p1b: Aerodactyl\n|\n|upkeep\n|\n|t:|1776678001\n|switch|p1b: Palafin|Palafin-Hero, L50, M|38/100\n|-activate|p1b: Palafin|ability: Zero to Hero\n|turn|3\n|\n|t:|1776678017\n|move|p2a: Talonflame|Upper Hand|p1a: Incineroar\n|-supereffective|p1a: Incineroar|1\n|-damage|p1a: Incineroar|62/100\n|cant|p1a: Incineroar|flinch\n|move|p1b: Palafin|Close Combat|p2b: Rotom\n|-damage|p2b: Rotom|20/100\n|-unboost|p1b: Palafin|def|1\n|-unboost|p1b: Palafin|spd|1\n|-enditem|p2b: Rotom|Sitrus Berry|[eat]\n|-heal|p2b: Rotom|44/100|[from] item: Sitrus Berry\n|move|p2b: Rotom|Volt Switch|p1b: Palafin\n|-supereffective|p1b: Palafin|1\n|-damage|p1b: Palafin|0 fnt\n|faint|p1b: Palafin\n|\n|t:|1776678035\n|switch|p2b: Garchomp|Garchomp, L50, M|100/100|[from] Volt Switch\n|\n|upkeep\n|\n|t:|1776678038\n|switch|p1b: Scovillain|Scovillain, L50, F|100/100\n|turn|4\n|\n|t:|1776678045\n|move|p1b: Scovillain|Protect|p1b: Scovillain\n|-singleturn|p1b: Scovillain|Protect\n|move|p2a: Talonflame|Brave Bird|p1b: Scovillain\n|-activate|p1b: Scovillain|move: Protect\n|move|p2b: Garchomp|Earthquake|p1b: Scovillain|[spread] p1a\n|-activate|p1b: Scovillain|move: Protect\n|-immune|p2a: Talonflame\n|-supereffective|p1a: Incineroar|1\n|-damage|p1a: Incineroar|0 fnt\n|faint|p1a: Incineroar\n|\n|-ability|p1b: Scovillain|Moody|boost\n|-boost|p1b: Scovillain|def|2\n|-unboost|p1b: Scovillain|spa|1\n|upkeep\n|turn|5\n|\n|t:|1776678059\n|detailschange|p1b: Scovillain|Scovillain-Mega, L50, F\n|-mega|p1b: Scovillain|Scovillain|Scovillainite\n|move|p2a: Talonflame|Brave Bird|p1b: Scovillain\n|-supereffective|p1b: Scovillain|1\n|-damage|p1b: Scovillain|59/100\n|-immune|p2a: Talonflame\n|-damage|p2a: Talonflame|85/100|[from] Recoil\n|move|p2b: Garchomp|Earthquake|p1b: Scovillain|[spread] p1b\n|-immune|p2a: Talonflame\n|-damage|p1b: Scovillain|34/100\n|-status|p2b: Garchomp|brn|[from] ability: Spicy Spray|[of] p1b: Scovillain\n|move|p1b: Scovillain|Flamethrower|p2a: Talonflame\n|-resisted|p2a: Talonflame|1\n|-damage|p2a: Talonflame|64/100\n|\n|-damage|p2b: Garchomp|95/100 brn|[from] brn\n|-sideend|p2: sixthsavior|move: Tailwind\n|upkeep\n|turn|6\n|\n|t:|1776678076\n|move|p2b: Garchomp|Earthquake|p1b: Scovillain|[spread] p1b\n|-immune|p2a: Talonflame\n|-damage|p1b: Scovillain|22/100\n|move|p2a: Talonflame|Brave Bird|p1b: Scovillain\n|-supereffective|p1b: Scovillain|1\n|-damage|p1b: Scovillain|0 fnt\n|-immune|p2a: Talonflame\n|faint|p1b: Scovillain\n|-damage|p2a: Talonflame|56/100|[from] Recoil\n|\n|win|sixthsavior\n|raw|dellpm1's rating: 1228 &rarr; <strong>1210</strong><br />(-18 for losing)\n|raw|sixthsavior's rating: 1326 &rarr; <strong>1341</strong><br />(+15 for winning)\n|l|\u2606dellpm1\n|player|p1|\n",
  "uploadtime": 1776678094,
  "views": 10,
  "formatid": "gen9championsvgc2026regma",
  "rating": 1210,
  "private": 0,
  "password": null
}