{
  "id": "gen9championsvgc2026regma-2580630756",
  "format": "[Gen 9 Champions] VGC 2026 Reg M-A",
  "players": [
    "tortussa",
    "bear gamer 999"
  ],
  "log": "|j|\u2606tortussa\n|j|\u2606bear gamer 999\n|t:|1775919662\n|gametype|doubles\n|player|p1|tortussa|hiker-gen4|1095\n|player|p2|bear gamer 999|ninjaboy|1000\n|gen|9\n|tier|[Gen 9 Champions] VGC 2026 Reg M-A\n|rated|\n|rule|Species Clause: Limit one of each Pok\u00e9mon\n|rule|Item Clause: Limit 1 of each item\n|clearpoke\n|poke|p1|Altaria, L50, F|\n|poke|p1|Arcanine-Hisui, L50, M|\n|poke|p1|Sinistcha, L50|\n|poke|p1|Espathra, L50, M|\n|poke|p1|Sneasler, L50, F|\n|poke|p1|Kingambit, L50, F|\n|poke|p2|Pelipper, L50, M|\n|poke|p2|Greninja-*, L50, F|\n|poke|p2|Sneasler, L50, F|\n|poke|p2|Maushold-Four, L50|\n|poke|p2|Basculegion, L50, M|\n|poke|p2|Starmie, L50|\n|teampreview|4\n|inactive|Battle timer is ON: inactive players will automatically lose when time's up. (requested by bear gamer 999)\n|\n|t:|1775919687\n|teamsize|p1|4\n|teamsize|p2|4\n|start\n|switch|p1a: Altaria|Altaria, L50, F|100/100\n|switch|p1b: Sinistcha|Sinistcha, L50|100/100\n|switch|p2a: Starmie|Starmie, L50, shiny|100/100\n|switch|p2b: Sneasler|Sneasler, L50, F, shiny|100/100\n|-ability|p1a: Altaria|Cloud Nine\n|turn|1\n|inactive|bear gamer 999 has 30 seconds left.\n|\n|t:|1775919712\n|detailschange|p2a: Starmie|Starmie-Mega, L50, shiny\n|-mega|p2a: Starmie|Starmie|Starminite\n|move|p2b: Sneasler|Fake Out|p1a: Altaria\n|-damage|p1a: Altaria|86/100\n|move|p2a: Starmie|Flip Turn|p1b: Sinistcha\n|-resisted|p1b: Sinistcha|1\n|-damage|p1b: Sinistcha|74/100\n|\n|t:|1775919724\n|switch|p2a: Basculegion|Basculegion, L50, M, shiny|100/100|[from] Flip Turn\n|cant|p1a: Altaria|flinch\n|move|p1b: Sinistcha|Matcha Gotcha|p2a: Basculegion|[spread] p2a,p2b\n|-supereffective|p2a: Basculegion|1\n|-resisted|p2b: Sneasler|1\n|-damage|p2a: Basculegion|35/100\n|-heal|p1b: Sinistcha|100/100|[from] drain|[of] p2a: Basculegion\n|-damage|p2b: Sneasler|79/100\n|\n|upkeep\n|turn|2\n|\n|t:|1775919747\n|detailschange|p1a: Altaria|Altaria-Mega, L50, F\n|-mega|p1a: Altaria|Altaria|Altarianite\n|move|p1b: Sinistcha|Rage Powder|p1b: Sinistcha\n|-singleturn|p1b: Sinistcha|move: Rage Powder\n|move|p2b: Sneasler|Dire Claw|p1b: Sinistcha\n|-damage|p1b: Sinistcha|59/100\n|move|p2a: Basculegion|Phantom Force||[still]\n|-prepare|p2a: Basculegion|Phantom Force\n|move|p1a: Altaria|Hyper Voice|p2a: Basculegion|[spread] p2b\n|-miss|p1a: Altaria|p2a: Basculegion\n|-damage|p2b: Sneasler|21/100\n|\n|-heal|p1b: Sinistcha|66/100|[from] item: Leftovers\n|upkeep\n|turn|3\n|\n|t:|1775919765\n|switch|p2b: Pelipper|Pelipper, L50, M|100/100\n|-weather|RainDance|[from] ability: Drizzle|[of] p2b: Pelipper\n|move|p1b: Sinistcha|Rage Powder|p1b: Sinistcha\n|-singleturn|p1b: Sinistcha|move: Rage Powder\n|move|p2a: Basculegion|Phantom Force|p1b: Sinistcha|[from] lockedmove\n|-supereffective|p1b: Sinistcha|1\n|-damage|p1b: Sinistcha|0 fnt\n|faint|p1b: Sinistcha\n|move|p1a: Altaria|Hyper Voice|p2b: Pelipper|[spread] p2a,p2b\n|-crit|p2a: Basculegion\n|-damage|p2a: Basculegion|0 fnt\n|-damage|p2b: Pelipper|63/100\n|faint|p2a: Basculegion\n|\n|-weather|RainDance|[upkeep]\n|upkeep\n|\n|t:|1775919783\n|switch|p2a: Starmie|Starmie-Mega, L50, shiny|100/100\n|switch|p1b: Espathra|Espathra, L50, M|100/100\n|turn|4\n|\n|t:|1775919797\n|move|p1b: Espathra|Protect|p1b: Espathra\n|-singleturn|p1b: Espathra|Protect\n|move|p2a: Starmie|Psycho Cut|p1a: Altaria\n|-damage|p1a: Altaria|28/100\n|move|p1a: Altaria|Tailwind|p1a: Altaria\n|-sidestart|p1: tortussa|move: Tailwind\n|move|p2b: Pelipper|Tailwind|p2b: Pelipper\n|-sidestart|p2: bear gamer 999|move: Tailwind\n|\n|-weather|RainDance|[upkeep]\n|-ability|p1b: Espathra|Speed Boost|boost\n|-boost|p1b: Espathra|spe|1\n|upkeep\n|turn|5\n|inactive|tortussa has 30 seconds left.\n|inactive|tortussa has 20 seconds left.\n|\n|t:|1775919834\n|move|p1b: Espathra|Lumina Crash|p2b: Pelipper\n|-damage|p2b: Pelipper|21/100\n|-unboost|p2b: Pelipper|spd|2\n|move|p2a: Starmie|Psycho Cut|p1a: Altaria\n|-damage|p1a: Altaria|0 fnt\n|faint|p1a: Altaria\n|move|p2b: Pelipper|Hurricane|p1b: Espathra\n|-damage|p1b: Espathra|39/100\n|-start|p1b: Espathra|confusion\n|\n|-weather|RainDance|[upkeep]\n|-ability|p1b: Espathra|Speed Boost|boost\n|-boost|p1b: Espathra|spe|1\n|upkeep\n|\n|t:|1775919845\n|switch|p1a: Kingambit|Kingambit, L50, F|100/100\n|turn|6\n|\n|t:|1775919862\n|move|p2b: Pelipper|Protect|p2b: Pelipper\n|-singleturn|p2b: Pelipper|Protect\n|move|p1a: Kingambit|Sucker Punch|p2a: Starmie\n|-supereffective|p2a: Starmie|1\n|-damage|p2a: Starmie|0 fnt\n|faint|p2a: Starmie\n|-activate|p1b: Espathra|confusion\n|-damage|p1b: Espathra|31/100|[from] confusion\n|\n|-weather|RainDance|[upkeep]\n|-ability|p1b: Espathra|Speed Boost|boost\n|-boost|p1b: Espathra|spe|1\n|upkeep\n|\n|t:|1775919873\n|switch|p2a: Sneasler|Sneasler, L50, F, shiny|21/100\n|turn|7\n|\n|t:|1775919889\n|-activate|p1b: Espathra|confusion\n|move|p1b: Espathra|Protect|p1b: Espathra\n|-singleturn|p1b: Espathra|Protect\n|move|p1a: Kingambit|Protect|p1a: Kingambit\n|-singleturn|p1a: Kingambit|Protect\n|move|p2a: Sneasler|Fake Out|p1b: Espathra\n|-activate|p1b: Espathra|move: Protect\n|move|p2b: Pelipper|Weather Ball|p1a: Kingambit\n|-activate|p1a: Kingambit|move: Protect\n|\n|-weather|none\n|-sideend|p1: tortussa|move: Tailwind\n|-sideend|p2: bear gamer 999|move: Tailwind\n|-ability|p1b: Espathra|Speed Boost|boost\n|-boost|p1b: Espathra|spe|1\n|upkeep\n|turn|8\n|\n|t:|1775919907\n|-activate|p1b: Espathra|confusion\n|move|p1b: Espathra|Lumina Crash|p2a: Sneasler\n|-supereffective|p2a: Sneasler|2\n|-damage|p2a: Sneasler|0 fnt\n|faint|p2a: Sneasler\n|move|p2b: Pelipper|Tailwind|p2b: Pelipper\n|-sidestart|p2: bear gamer 999|move: Tailwind\n|move|p1a: Kingambit|Kowtow Cleave|p2b: Pelipper\n|-damage|p2b: Pelipper|0 fnt\n|faint|p2b: Pelipper\n|\n|win|tortussa\n|raw|tortussa's rating: 1095 &rarr; <strong>1114</strong><br />(+19 for winning)\n|raw|bear gamer 999's rating: 1000 &rarr; <strong>1000</strong><br />(+0 for losing)\n|l|\u2606tortussa\n|player|p1|\n",
  "uploadtime": 1775919925,
  "views": 10,
  "formatid": "gen9championsvgc2026regma",
  "rating": 1000,
  "private": 0,
  "password": null
}