{
  "id": "gen9championsvgc2026regma-2587979032",
  "format": "[Gen 9 Champions] VGC 2026 Reg M-A",
  "players": [
    "maya_schwrz",
    "hitmonchanny"
  ],
  "log": "|j|\u2606maya_schwrz\n|j|\u2606hitmonchanny\n|t:|1776587917\n|gametype|doubles\n|player|p1|maya_schwrz|102|1030\n|player|p2|hitmonchanny|265|1001\n|gen|9\n|tier|[Gen 9 Champions] VGC 2026 Reg M-A\n|rated|\n|rule|Species Clause: Limit one of each Pok\u00e9mon\n|rule|Item Clause: Limit 1 of each item\n|clearpoke\n|poke|p1|Snorlax, L50, F|\n|poke|p1|Meganium, L50, F|\n|poke|p1|Aerodactyl, L50, M|\n|poke|p1|Garchomp, L50, M|\n|poke|p1|Sinistcha, L50|\n|poke|p1|Incineroar, L50, M|\n|poke|p2|Pelipper, L50, M|\n|poke|p2|Farigiraf, L50, F|\n|poke|p2|Basculegion-F, L50, F|\n|poke|p2|Sneasler, L50, F|\n|poke|p2|Archaludon, L50, F|\n|poke|p2|Dragonite, L50, M|\n|teampreview|4\nhitmonchanny has agreed to open team sheets.\nmaya_schwrz has agreed to open team sheets.\n|showteam|p1|Snorlax|||Immunity|Rest,SleepTalk,ZenHeadbutt,IcePunch|||F|||50|]Meganium||Meganiumite|LeafGuard|SolarBeam,Synthesis,DazzlingGleam,Substitute|||F|||50|]Aerodactyl||Leftovers|RockHead|RockSlide,DualWingbeat,Tailwind,DragonDance|||M|||50|]Garchomp||FocusSash|RoughSkin|Earthquake,SwordsDance,FireFang,DragonClaw|||M|||50|]Sinistcha|||Hospitality|MatchaGotcha,RagePowder,TrickRoom,Imprison||||||50|]Incineroar||BlackGlasses|Intimidate|DarkestLariat,FakeOut,PartingShot,BrickBreak|||M|||50|\n|showteam|p2|Pelipper||WacanBerry|Drizzle|Hurricane,Uturn,WeatherBall,KnockOff|||M|||50|]Farigiraf||FocusSash|ArmorTail|FutureSight,TrickRoom,DazzlingGleam,GrassKnot|||F|||50|]Basculegion-F||ChoiceScarf|SwiftSwim|FlipTurn,PhantomForce,WaveCrash,IceBeam|||F|||50|]Sneasler||WhiteHerb|Unburden|CloseCombat,DireClaw,XScissor,FakeOut|||F|||50|]Archaludon||LumBerry|Stamina|ElectroShot,Outrage,FlashCannon,Protect|||F|||50|]Dragonite||Dragoninite|Multiscale|Hurricane,Thunderbolt,IronHead,DragonPulse|||M|||50|\n|\n|t:|1776587970\n|teamsize|p1|4\n|teamsize|p2|4\n|start\n|switch|p1a: Incineroar|Incineroar, L50, M|100/100\n|switch|p1b: Sinistcha|Sinistcha, L50|100/100\n|switch|p2a: Sneasler|Sneasler, L50, F|100/100\n|switch|p2b: Pelipper|Pelipper, L50, M|100/100\n|-weather|RainDance|[from] ability: Drizzle|[of] p2b: Pelipper\n|-ability|p1a: Incineroar|Intimidate|boost\n|-unboost|p2a: Sneasler|atk|1\n|-unboost|p2b: Pelipper|atk|1\n|-enditem|p2a: Sneasler|White Herb\n|-clearnegativeboost|p2a: Sneasler|[silent]\n|turn|1\n|\n|t:|1776588001\n|move|p2a: Sneasler|Fake Out|p1a: Incineroar\n|-damage|p1a: Incineroar|88/100\n|cant|p1a: Incineroar|flinch\n|move|p1b: Sinistcha|Rage Powder|p1b: Sinistcha\n|-singleturn|p1b: Sinistcha|move: Rage Powder\n|move|p2b: Pelipper|Hurricane|p1b: Sinistcha\n|-supereffective|p1b: Sinistcha|1\n|-damage|p1b: Sinistcha|17/100\n|\n|-weather|RainDance|[upkeep]\n|upkeep\n|turn|2\n|\n|t:|1776588034\n|move|p2a: Sneasler|Close Combat|p1a: Incineroar\n|-supereffective|p1a: Incineroar|1\n|-damage|p1a: Incineroar|0 fnt\n|-unboost|p2a: Sneasler|def|1\n|-unboost|p2a: Sneasler|spd|1\n|faint|p1a: Incineroar\n|move|p2b: Pelipper|U-turn|p1b: Sinistcha\n|-damage|p1b: Sinistcha|11/100\n|\n|t:|1776588041\n|switch|p2b: Basculegion|Basculegion-F, L50, F|100/100|[from] U-turn\n|move|p1b: Sinistcha|Trick Room|p1b: Sinistcha\n|-fieldstart|move: Trick Room|[of] p1b: Sinistcha\n|\n|-weather|RainDance|[upkeep]\n|upkeep\n|\n|t:|1776588049\n|switch|p1a: Garchomp|Garchomp, L50, M|100/100\n|turn|3\n|\n|t:|1776588059\n|switch|p2a: Dragonite|Dragonite, L50, M|100/100\n|move|p1b: Sinistcha|Matcha Gotcha|p2a: Dragonite|[spread] p2a,p2b\n|-resisted|p2a: Dragonite|2\n|-supereffective|p2b: Basculegion|1\n|-damage|p2a: Dragonite|97/100\n|-heal|p1b: Sinistcha|13/100|[from] drain|[of] p2a: Dragonite\n|-damage|p2b: Basculegion|45/100\n|-heal|p1b: Sinistcha|46/100|[from] drain|[of] p2b: Basculegion\n|move|p1a: Garchomp|Earthquake|p2b: Basculegion|[spread] p1b,p2b\n|-immune|p2a: Dragonite\n|-resisted|p1b: Sinistcha|1\n|-damage|p1b: Sinistcha|31/100\n|-damage|p2b: Basculegion|0 fnt\n|faint|p2b: Basculegion\n|\n|-weather|RainDance|[upkeep]\n|upkeep\n|\n|t:|1776588074\n|switch|p2b: Pelipper|Pelipper, L50, M|100/100\n|turn|4\n|\n|t:|1776588086\n|detailschange|p2a: Dragonite|Dragonite-Mega, L50, M\n|-mega|p2a: Dragonite|Dragonite|Dragoninite\n|move|p1b: Sinistcha|Matcha Gotcha|p2b: Pelipper|[spread] p2b\n|-miss|p1b: Sinistcha|p2a: Dragonite\n|-damage|p2b: Pelipper|67/100\n|-heal|p1b: Sinistcha|48/100|[from] drain|[of] p2b: Pelipper\n|move|p2b: Pelipper|Hurricane|p1b: Sinistcha\n|-supereffective|p1b: Sinistcha|1\n|-damage|p1b: Sinistcha|0 fnt\n|faint|p1b: Sinistcha\n|move|p1a: Garchomp|Dragon Claw|p2a: Dragonite\n|-supereffective|p2a: Dragonite|1\n|-damage|p2a: Dragonite|13/100\n|move|p2a: Dragonite|Dragon Pulse|p1a: Garchomp\n|-supereffective|p1a: Garchomp|1\n|-enditem|p1a: Garchomp|Focus Sash\n|-damage|p1a: Garchomp|1/100\n|\n|-weather|RainDance|[upkeep]\n|upkeep\n|\n|t:|1776588103\n|switch|p1b: Snorlax|Snorlax, L50, F|100/100\n|turn|5\n|\n|t:|1776588127\n|move|p1b: Snorlax|Ice Punch|p2a: Dragonite\n|-supereffective|p2a: Dragonite|2\n|-damage|p2a: Dragonite|0 fnt\n|faint|p2a: Dragonite\n|move|p2b: Pelipper|U-turn|p1b: Snorlax\n|-damage|p1b: Snorlax|92/100\n|\n|t:|1776588132\n|switch|p2b: Sneasler|Sneasler, L50, F|100/100|[from] U-turn\n|move|p1a: Garchomp|Dragon Claw|p2b: Sneasler\n|-damage|p2b: Sneasler|36/100\n|\n|-weather|none\n|upkeep\n|\n|t:|1776588139\n|switch|p2a: Pelipper|Pelipper, L50, M|67/100\n|-weather|RainDance|[from] ability: Drizzle|[of] p2a: Pelipper\n|turn|6\n|\n|t:|1776588175\n|move|p2b: Sneasler|Fake Out|p1b: Snorlax\n|-damage|p1b: Snorlax|82/100\n|cant|p1b: Snorlax|flinch\n|move|p2a: Pelipper|Weather Ball|p1a: Garchomp\n|-damage|p1a: Garchomp|0 fnt\n|faint|p1a: Garchomp\n|\n|-weather|RainDance|[upkeep]\n|-fieldend|move: Trick Room\n|upkeep\n|turn|7\n|\n|t:|1776588196\n|move|p2b: Sneasler|Close Combat|p1b: Snorlax\n|-supereffective|p1b: Snorlax|1\n|-damage|p1b: Snorlax|0 fnt\n|-unboost|p2b: Sneasler|def|1\n|-unboost|p2b: Sneasler|spd|1\n|faint|p1b: Snorlax\n|\n|win|hitmonchanny\n|raw|maya_schwrz's rating: 1030 &rarr; <strong>1014</strong><br />(-16 for losing)\n|raw|hitmonchanny's rating: 1001 &rarr; <strong>1044</strong><br />(+43 for winning)\n",
  "uploadtime": 1776588202,
  "views": 25,
  "formatid": "gen9championsvgc2026regma",
  "rating": 1014,
  "private": 0,
  "password": null
}