{
  "id": "gen9championsvgc2026regma-2585997264",
  "format": "[Gen 9 Champions] VGC 2026 Reg M-A",
  "players": [
    "Boline",
    "Brendan49"
  ],
  "log": "|j|\u2606Boline\n|j|\u2606Brendan49\n|t:|1776388748\n|gametype|doubles\n|player|p1|Boline|veteran|1172\n|player|p2|Brendan49|pokemaniac|1227\n|gen|9\n|tier|[Gen 9 Champions] VGC 2026 Reg M-A\n|rated|\n|rule|Species Clause: Limit one of each Pok\u00e9mon\n|rule|Item Clause: Limit 1 of each item\n|clearpoke\n|poke|p1|Venusaur, L50, M|\n|poke|p1|Incineroar, L50, M|\n|poke|p1|Rotom-Wash, L50|\n|poke|p1|Garchomp, L50, M|\n|poke|p1|Sylveon, L50, F|\n|poke|p1|Tyranitar, L50, M|\n|poke|p2|Slowbro, L50, M|\n|poke|p2|Sinistcha, L50|\n|poke|p2|Kangaskhan, L50, F|\n|poke|p2|Torkoal, L50, F|\n|poke|p2|Kingambit, L50, F|\n|poke|p2|Venusaur, L50, M|\n|teampreview|4\n|inactive|Battle timer is ON: inactive players will automatically lose when time's up. (requested by Boline)\n|inactive|Boline has 60 seconds left.\n|inactive|Brendan49 has 60 seconds left.\n|\n|t:|1776388799\n|teamsize|p1|4\n|teamsize|p2|4\n|start\n|switch|p1a: Venusaur|Venusaur, L50, M|100/100\n|switch|p1b: Rotom|Rotom-Wash, L50|100/100\n|switch|p2a: Kingambit|Kingambit, L50, F|100/100\n|switch|p2b: Kangaskhan|Kangaskhan, L50, F|100/100\n|turn|1\n|inactive|Brendan49 has 30 seconds left.\n|\n|t:|1776388826\n|detailschange|p2b: Kangaskhan|Kangaskhan-Mega, L50, F\n|-mega|p2b: Kangaskhan|Kangaskhan|Kangaskhanite\n|detailschange|p1a: Venusaur|Venusaur-Mega, L50, M\n|-mega|p1a: Venusaur|Venusaur|Venusaurite\n|move|p2b: Kangaskhan|Fake Out|p1b: Rotom\n|-damage|p1b: Rotom|77/100\n|-damage|p1b: Rotom|72/100\n|-hitcount|p1b: Rotom|2\n|move|p1a: Venusaur|Earth Power|p2a: Kingambit\n|-supereffective|p2a: Kingambit|1\n|-damage|p2a: Kingambit|51/100\n|cant|p1b: Rotom|flinch\n|move|p2a: Kingambit|Kowtow Cleave|p1a: Venusaur\n|-damage|p1a: Venusaur|65/100\n|\n|-heal|p1b: Rotom|78/100|[from] item: Leftovers\n|-heal|p2a: Kingambit|57/100|[from] item: Leftovers\n|upkeep\n|turn|2\n|inactive|Brendan49 has 30 seconds left.\n|\n|t:|1776388854\n|switch|p2a: Sinistcha|Sinistcha, L50|100/100\n|move|p2b: Kangaskhan|Double-Edge|p1a: Venusaur\n|-crit|p1a: Venusaur\n|-damage|p1a: Venusaur|0 fnt\n|faint|p1a: Venusaur\n|-hitcount|p1: Venusaur|1\n|-damage|p2b: Kangaskhan|82/100|[from] Recoil\n|move|p1b: Rotom|Will-O-Wisp|p2a: Sinistcha\n|-status|p2a: Sinistcha|brn\n|\n|-heal|p1b: Rotom|84/100|[from] item: Leftovers\n|-damage|p2a: Sinistcha|94/100 brn|[from] brn\n|upkeep\n|\n|t:|1776388869\n|switch|p1a: Incineroar|Incineroar, L50, M|100/100\n|-ability|p1a: Incineroar|Intimidate|boost\n|-unboost|p2a: Sinistcha|atk|1\n|-unboost|p2b: Kangaskhan|atk|1\n|turn|3\n|\n|t:|1776388881\n|switch|p2b: Kingambit|Kingambit, L50, F|57/100\n|move|p1b: Rotom|Will-O-Wisp|p2b: Kingambit\n|-status|p2b: Kingambit|brn\n|move|p1a: Incineroar|Flare Blitz|p2a: Sinistcha\n|-supereffective|p2a: Sinistcha|1\n|-damage|p2a: Sinistcha|7/100 brn\n|-damage|p1a: Incineroar|75/100|[from] Recoil\n|move|p2a: Sinistcha|Matcha Gotcha|p1b: Rotom|[spread] p1a,p1b\n|-resisted|p1a: Incineroar|1\n|-supereffective|p1b: Rotom|1\n|-damage|p1a: Incineroar|63/100\n|-heal|p2a: Sinistcha|13/100 brn|[from] drain|[of] p1a: Incineroar\n|-damage|p1b: Rotom|41/100\n|-heal|p2a: Sinistcha|33/100 brn|[from] drain|[of] p1b: Rotom\n|-status|p1b: Rotom|brn\n|\n|-heal|p1b: Rotom|46/100 brn|[from] item: Leftovers\n|-heal|p2b: Kingambit|63/100 brn|[from] item: Leftovers\n|-damage|p1b: Rotom|41/100 brn|[from] brn\n|-damage|p2a: Sinistcha|26/100 brn|[from] brn\n|-damage|p2b: Kingambit|57/100 brn|[from] brn\n|upkeep\n|turn|4\n|inactive|Boline has 30 seconds left.\n|inactive|Brendan49 has 30 seconds left.\n|inactive|Boline has 20 seconds left.\n|\n|t:|1776388917\n|move|p1b: Rotom|Thunderbolt|p2a: Sinistcha\n|-resisted|p2a: Sinistcha|1\n|-damage|p2a: Sinistcha|4/100 brn\n|move|p1a: Incineroar|Flare Blitz|p2b: Kingambit\n|-supereffective|p2b: Kingambit|1\n|-damage|p2b: Kingambit|0 fnt\n|faint|p2b: Kingambit\n|-damage|p1a: Incineroar|43/100|[from] Recoil\n|move|p2a: Sinistcha|Matcha Gotcha|p1b: Rotom|[spread] p1a\n|-miss|p2a: Sinistcha|p1b: Rotom\n|-resisted|p1a: Incineroar|1\n|-damage|p1a: Incineroar|33/100\n|-heal|p2a: Sinistcha|11/100 brn|[from] drain|[of] p1a: Incineroar\n|\n|-heal|p1b: Rotom|46/100 brn|[from] item: Leftovers\n|-damage|p1b: Rotom|41/100 brn|[from] brn\n|-damage|p2a: Sinistcha|4/100 brn|[from] brn\n|upkeep\n|\n|t:|1776388938\n|switch|p2b: Kangaskhan|Kangaskhan-Mega, L50, F|82/100\n|turn|5\n|inactive|Boline has 30 seconds left.\n|\n|t:|1776388969\n|move|p2b: Kangaskhan|Fake Out|p1b: Rotom\n|-crit|p1b: Rotom\n|-damage|p1b: Rotom|11/100 brn\n|-damage|p1b: Rotom|7/100 brn\n|-hitcount|p1b: Rotom|2\n|cant|p1b: Rotom|flinch\n|move|p1a: Incineroar|Flare Blitz|p2b: Kangaskhan\n|-crit|p2b: Kangaskhan\n|-damage|p2b: Kangaskhan|16/100\n|-damage|p1a: Incineroar|10/100|[from] Recoil\n|move|p2a: Sinistcha|Matcha Gotcha|p1a: Incineroar|[spread] p1a,p1b\n|-resisted|p1a: Incineroar|1\n|-supereffective|p1b: Rotom|1\n|-damage|p1a: Incineroar|0 fnt\n|-heal|p2a: Sinistcha|9/100 brn|[from] drain|[of] p1a: Incineroar\n|-damage|p1b: Rotom|0 fnt\n|-heal|p2a: Sinistcha|12/100 brn|[from] drain|[of] p1b: Rotom\n|faint|p1a: Incineroar\n|faint|p1b: Rotom\n|\n|-damage|p2a: Sinistcha|6/100 brn|[from] brn\n|upkeep\n|\n|t:|1776388973\n|switch|p1b: Tyranitar|Tyranitar, L50, M|100/100\n|-weather|Sandstorm|[from] ability: Sand Stream|[of] p1b: Tyranitar\n|turn|6\n|inactive|Brendan49 has 30 seconds left.\n|\n|t:|1776389004\n|switch|p2a: Torkoal|Torkoal, L50, F|100/100\n|-weather|SunnyDay|[from] ability: Drought|[of] p2a: Torkoal\n|move|p1b: Tyranitar|Rock Slide|p2b: Kangaskhan|[spread] p2a,p2b\n|-supereffective|p2a: Torkoal|1\n|-damage|p2a: Torkoal|55/100\n|-damage|p2b: Kangaskhan|0 fnt\n|faint|p2b: Kangaskhan\n|\n|-weather|SunnyDay|[upkeep]\n|upkeep\n|\n|t:|1776389010\n|switch|p2b: Sinistcha|Sinistcha, L50|6/100 brn\n|-heal|p2a: Torkoal|80/100|[from] ability: Hospitality|[of] p2b: Sinistcha\n|turn|7\n|\n|t:|1776389018\n|move|p1b: Tyranitar|Rock Slide|p2b: Sinistcha|[spread] p2a,p2b\n|-supereffective|p2a: Torkoal|1\n|-damage|p2a: Torkoal|33/100\n|-damage|p2b: Sinistcha|0 fnt\n|faint|p2b: Sinistcha\n|cant|p2a: Torkoal|flinch\n|\n|-weather|SunnyDay|[upkeep]\n|upkeep\n|turn|8\n|\n|t:|1776389022\n|move|p1b: Tyranitar|Rock Slide|p2a: Torkoal\n|-supereffective|p2a: Torkoal|1\n|-damage|p2a: Torkoal|0 fnt\n|faint|p2a: Torkoal\n|\n|win|Boline\n|raw|Boline's rating: 1172 &rarr; <strong>1201</strong><br />(+29 for winning)\n|raw|Brendan49's rating: 1227 &rarr; <strong>1198</strong><br />(-29 for losing)\n|c|\u2606Boline|Gg brotherman\n|l|\u2606Brendan49\n|player|p2|\n",
  "uploadtime": 1776389041,
  "views": 23,
  "formatid": "gen9championsvgc2026regma",
  "rating": 1198,
  "private": 0,
  "password": null
}