{
  "id": "gen9championsvgc2026regma-2587464944",
  "format": "[Gen 9 Champions] VGC 2026 Reg M-A",
  "players": [
    "Maatiiiii",
    "gymleaderirish"
  ],
  "log": "|j|\u2606Maatiiiii\n|j|\u2606gymleaderirish\n|t:|1776534078\n|gametype|doubles\n|player|p1|Maatiiiii|firebreather|1440\n|player|p2|gymleaderirish|eusine|1453\n|gen|9\n|tier|[Gen 9 Champions] VGC 2026 Reg M-A\n|rated|\n|rule|Species Clause: Limit one of each Pok\u00e9mon\n|rule|Item Clause: Limit 1 of each item\n|clearpoke\n|poke|p1|Sneasler, L50, M|\n|poke|p1|Delphox, L50, M|\n|poke|p1|Kingambit, L50, M|\n|poke|p1|Tsareena, L50, F|\n|poke|p1|Aerodactyl, L50, F|\n|poke|p1|Garchomp, L50, M|\n|poke|p2|Sneasler, L50, M, shiny|\n|poke|p2|Blastoise, L50, F, shiny|\n|poke|p2|Garchomp, L50, F|\n|poke|p2|Aerodactyl, L50, M|\n|poke|p2|Sylveon, L50, M|\n|poke|p2|Sinistcha, L50|\n|teampreview|4\n|inactive|Battle timer is ON: inactive players will automatically lose when time's up. (requested by gymleaderirish)\n|\n|t:|1776534107\n|teamsize|p1|4\n|teamsize|p2|4\n|start\n|switch|p1a: Aerodactyl|Aerodactyl, L50, F|100/100\n|switch|p1b: Sneasler|Sneasler, L50, M|100/100\n|switch|p2a: Aerodactyl|Aerodactyl, L50, M|100/100\n|switch|p2b: Sneasler|Sneasler, L50, M, shiny|100/100\n|-ability|p2a: Aerodactyl|Unnerve\n|-ability|p1a: Aerodactyl|Unnerve\n|turn|1\n|inactive|Maatiiiii has 30 seconds left.\n|\n|t:|1776534139\n|switch|p1b: Tsareena|Tsareena, L50, F|100/100\n|move|p2a: Aerodactyl|Protect|p2a: Aerodactyl\n|-singleturn|p2a: Aerodactyl|Protect\n|move|p2b: Sneasler|Protect|p2b: Sneasler\n|-singleturn|p2b: Sneasler|Protect\n|move|p1a: Aerodactyl|Dual Wingbeat|p2b: Sneasler\n|-activate|p2b: Sneasler|move: Protect\n|\n|upkeep\n|turn|2\n|inactive|Maatiiiii has 30 seconds left.\n|inactive|Maatiiiii has 20 seconds left.\n|\n|t:|1776534175\n|switch|p1b: Sneasler|Sneasler, L50, M|100/100\n|move|p1a: Aerodactyl|Tailwind|p1a: Aerodactyl\n|-sidestart|p1: Maatiiiii|move: Tailwind\n|move|p2a: Aerodactyl|Tailwind|p2a: Aerodactyl\n|-sidestart|p2: gymleaderirish|move: Tailwind\n|move|p2b: Sneasler|Close Combat|p1a: Aerodactyl\n|-enditem|p1a: Aerodactyl|Focus Sash\n|-damage|p1a: Aerodactyl|1/100\n|-unboost|p2b: Sneasler|def|1\n|-unboost|p2b: Sneasler|spd|1\n|-enditem|p2b: Sneasler|White Herb\n|-clearnegativeboost|p2b: Sneasler|[silent]\n|\n|upkeep\n|turn|3\n|inactive|Maatiiiii has 30 seconds left.\n|inactive|gymleaderirish has 30 seconds left.\n|inactive|Maatiiiii has 20 seconds left.\n|inactive|gymleaderirish has 20 seconds left.\n|inactive|Maatiiiii has 15 seconds left.\n|inactive|Maatiiiii has 10 seconds left.\n|inactive|Maatiiiii has 5 seconds left.\n|\n|t:|1776534226\n|switch|p1b: Delphox|Delphox, L50, M|100/100\n|move|p2b: Sneasler|Protect|p2b: Sneasler\n|-singleturn|p2b: Sneasler|Protect\n|move|p2a: Aerodactyl|Protect|p2a: Aerodactyl\n|-singleturn|p2a: Aerodactyl|Protect\n|move|p1a: Aerodactyl|Rock Slide|p2b: Sneasler|[spread] \n|-activate|p2a: Aerodactyl|move: Protect\n|-activate|p2b: Sneasler|move: Protect\n|\n|upkeep\n|turn|4\n|inactive|Maatiiiii has 30 seconds left.\n|inactive|gymleaderirish has 30 seconds left.\n|inactive|Maatiiiii has 20 seconds left.\n|inactive|Maatiiiii has 15 seconds left.\n|\n|t:|1776534267\n|detailschange|p1b: Delphox|Delphox-Mega, L50, M\n|-mega|p1b: Delphox|Delphox|Delphoxite\n|move|p1b: Delphox|Protect|p1b: Delphox\n|-singleturn|p1b: Delphox|Protect\n|move|p2b: Sneasler|Dire Claw|p1a: Aerodactyl\n|-resisted|p1a: Aerodactyl|1\n|-damage|p1a: Aerodactyl|0 fnt\n|faint|p1a: Aerodactyl\n|move|p2a: Aerodactyl|Rock Slide|p1b: Delphox\n|-activate|p1b: Delphox|move: Protect\n|\n|upkeep\n|\n|t:|1776534281\n|switch|p1a: Sneasler|Sneasler, L50, M|100/100\n|turn|5\n|\n|t:|1776534293\n|move|p2b: Sneasler|Protect|p2b: Sneasler\n|-singleturn|p2b: Sneasler|Protect\n|move|p1a: Sneasler|Fake Out|p2a: Aerodactyl\n|-resisted|p2a: Aerodactyl|1\n|-damage|p2a: Aerodactyl|89/100\n|move|p1b: Delphox|Psychic|p2b: Sneasler\n|-activate|p2b: Sneasler|move: Protect\n|cant|p2a: Aerodactyl|flinch\n|\n|-sideend|p1: Maatiiiii|move: Tailwind\n|-sideend|p2: gymleaderirish|move: Tailwind\n|upkeep\n|turn|6\n|inactive|Maatiiiii has 30 seconds left.\n|inactive|gymleaderirish has 30 seconds left.\n|\n|t:|1776534325\n|switch|p2b: Sinistcha|Sinistcha, L50|100/100\n|-heal|p2a: Aerodactyl|100/100|[from] ability: Hospitality|[of] p2b: Sinistcha\n|move|p1a: Sneasler|Protect|p1a: Sneasler\n|-singleturn|p1a: Sneasler|Protect\n|move|p1b: Delphox|Psychic|p2b: Sinistcha\n|-damage|p2b: Sinistcha|51/100\n|move|p2a: Aerodactyl|Dual Wingbeat|p1a: Sneasler\n|-activate|p1a: Sneasler|move: Protect\n|\n|upkeep\n|turn|7\n|\n|t:|1776534347\n|move|p1b: Delphox|Heat Wave|p2a: Aerodactyl|[spread] p2a,p2b\n|-resisted|p2a: Aerodactyl|1\n|-supereffective|p2b: Sinistcha|1\n|-damage|p2a: Aerodactyl|71/100\n|-damage|p2b: Sinistcha|0 fnt\n|faint|p2b: Sinistcha\n|move|p2a: Aerodactyl|Dual Wingbeat|p1a: Sneasler\n|-supereffective|p1a: Sneasler|1\n|-damage|p1a: Sneasler|41/100\n|-supereffective|p1a: Sneasler|1\n|-crit|p1a: Sneasler\n|-damage|p1a: Sneasler|0 fnt\n|faint|p1a: Sneasler\n|-hitcount|p1: Sneasler|2\n|\n|upkeep\n|\n|t:|1776534362\n|switch|p1a: Tsareena|Tsareena, L50, F|100/100\n|switch|p2b: Sneasler|Sneasler, L50, M, shiny|100/100\n|turn|8\n|inactive|Maatiiiii has 30 seconds left.\n|inactive|Maatiiiii has 20 seconds left.\n|inactive|Maatiiiii has 15 seconds left.\n|\n|t:|1776534407\n|move|p1b: Delphox|Protect|p1b: Delphox\n|-singleturn|p1b: Delphox|Protect\n|move|p2b: Sneasler|Fake Out||[still]\n|cant|p1a: Tsareena|ability: Queenly Majesty|Fake Out|[of] p2b: Sneasler\n|move|p2a: Aerodactyl|Tailwind|p2a: Aerodactyl\n|-sidestart|p2: gymleaderirish|move: Tailwind\n|move|p1a: Tsareena|Triple Axel|p2a: Aerodactyl\n|-supereffective|p2a: Aerodactyl|1\n|-damage|p2a: Aerodactyl|50/100\n|-supereffective|p2a: Aerodactyl|1\n|-damage|p2a: Aerodactyl|6/100\n|-supereffective|p2a: Aerodactyl|1\n|-damage|p2a: Aerodactyl|0 fnt\n|faint|p2a: Aerodactyl\n|-hitcount|p2: Aerodactyl|3\n|\n|upkeep\n|\n|t:|1776534420\n|switch|p2a: Blastoise|Blastoise, L50, F, shiny|100/100\n|turn|9\n|\n|t:|1776534441\n|detailschange|p2a: Blastoise|Blastoise-Mega, L50, F, shiny\n|-mega|p2a: Blastoise|Blastoise|Blastoisinite\n|move|p2b: Sneasler|Dire Claw|p1a: Tsareena\n|-supereffective|p1a: Tsareena|1\n|-damage|p1a: Tsareena|0 fnt\n|faint|p1a: Tsareena\n|move|p2a: Blastoise|Water Spout|p1b: Delphox\n|-supereffective|p1b: Delphox|1\n|-damage|p1b: Delphox|0 fnt\n|faint|p1b: Delphox\n|\n|win|gymleaderirish\n|raw|Maatiiiii's rating: 1440 &rarr; <strong>1421</strong><br />(-19 for losing)\n|raw|gymleaderirish's rating: 1453 &rarr; <strong>1472</strong><br />(+19 for winning)\n|l|\u2606Maatiiiii\n|player|p1|\n|c|\u2606gymleaderirish|gg\n|l|\u2606gymleaderirish\n|player|p2|\n",
  "uploadtime": 1776535169,
  "views": 19,
  "formatid": "gen9championsvgc2026regma",
  "rating": 1421,
  "private": 0,
  "password": null
}