{
  "id": "gen9championsvgc2026regma-2586357875",
  "format": "[Gen 9 Champions] VGC 2026 Reg M-A",
  "players": [
    "KlibbeKonnoisseur",
    "KennarDH"
  ],
  "log": "|j|\u2606KlibbeKonnoisseur\n|j|\u2606KennarDH\n|html|<table width=\"100%\"><tr><td align=\"left\">KlibbeKonnoisseur</td><td align=\"right\">KennarDH</tr><tr><td align=\"left\"><i class=\"fa fa-circle-o\"></i> <i class=\"fa fa-circle-o\"></i> </td><td align=\"right\"><i class=\"fa fa-circle-o\"></i> <i class=\"fa fa-circle-o\"></i> </tr></table>\n|uhtml|bestof|<h2><strong>Game 1</strong> of <a href=\"/game-bestof3-gen9championsvgc2026regma-2586357874\">a best-of-3</a></h2>\n|t:|1776428483\n|gametype|doubles\n|player|p1|KlibbeKonnoisseur|gentleman|\n|player|p2|KennarDH|rocketgruntf|\n|gen|9\n|tier|[Gen 9 Champions] VGC 2026 Reg M-A\n|rated|Tournament battle\n|rule|Species Clause: Limit one of each Pok\u00e9mon\n|rule|Item Clause: Limit 1 of each item\n|raw|<div class=\"infobox\"><details class=\"readmore\" open><summary><strong>2 custom rules:</strong></summary> Force Open Team Sheets, Best of = 3</details></div>\n|clearpoke\n|poke|p1|Incineroar, L50, M|\n|poke|p1|Garchomp, L50, M|\n|poke|p1|Aerodactyl, L50, M|\n|poke|p1|Aegislash, L50, M|\n|poke|p1|Floette-Eternal, L50, F|\n|poke|p1|Sinistcha, L50|\n|poke|p2|Farigiraf, L50, F|\n|poke|p2|Blastoise, L50, M|\n|poke|p2|Torkoal, L50, F|\n|poke|p2|Crabominable, L50, F|\n|poke|p2|Alakazam, L50, F|\n|poke|p2|Sinistcha, L50|\n|teampreview|4\n|showteam|p1|Incineroar||Leftovers|Intimidate|FakeOut,FlareBlitz,DarkestLariat,PartingShot|||M|||50|]Garchomp||ChoiceScarf|RoughSkin|DragonClaw,StompingTantrum,RockSlide,IronHead|||M|||50|]Aerodactyl||FocusSash|Unnerve|RockSlide,DualWingbeat,Tailwind,Protect|||M|||50|]Aegislash||ColburBerry|StanceChange|IronHead,ShadowSneak,SacredSword,KingsShield|||M|||50|]Floette-Eternal||Floettite|FlowerVeil|DazzlingGleam,DrainingKiss,CalmMind,Protect|||F|||50|]Sinistcha||SitrusBerry|Hospitality|MatchaGotcha,LifeDew,RagePowder,TrickRoom||||||50|\n|showteam|p2|Farigiraf||MentalHerb|ArmorTail|TwinBeam,HelpingHand,HyperVoice,TrickRoom|||F|||50|]Blastoise||Blastoisinite|RainDish|FakeOut,DarkPulse,WaterSpout,IceBeam|||M|||50|]Torkoal||Charcoal|Drought|Eruption,WeatherBall,EarthPower,Protect|||F|||50|]Crabominable||SitrusBerry|HyperCutter|WideGuard,IceHammer,CloseCombat,KnockOff|||F|||50|]Alakazam||FocusSash|InnerFocus|SpeedSwap,FocusBlast,Psychic,Protect|||F|||50|]Sinistcha||ColburBerry|Hospitality|TrickRoom,RagePowder,MatchaGotcha,ShadowBall||||||50|\n|inactive|Battle timer is ON: inactive players will automatically lose when time's up. (requested by KlibbeKonnoisseur)\n|inactive|KlibbeKonnoisseur has 60 seconds left.\n|\n|t:|1776428536\n|teamsize|p1|4\n|teamsize|p2|4\n|start\n|switch|p1a: Floette|Floette-Eternal, L50, F|100/100\n|switch|p1b: Garchomp|Garchomp, L50, M|100/100\n|switch|p2a: Farigiraf|Farigiraf, L50, F|100/100\n|switch|p2b: Blastoise|Blastoise, L50, M|100/100\n|turn|1\n|inactive|KlibbeKonnoisseur has 30 seconds left.\n|\n|t:|1776428569\n|switch|p1b: Aegislash|Aegislash, L50, M|100/100\n|detailschange|p1a: Floette|Floette-Mega, L50, F\n|-mega|p1a: Floette|Floette|Floettite\n|-ability|p1a: Floette|Fairy Aura\n|move|p2b: Blastoise|Fake Out|p1a: Floette\n|-crit|p1a: Floette\n|-damage|p1a: Floette|87/100\n|cant|p1a: Floette|flinch\n|move|p2a: Farigiraf|Trick Room|p2a: Farigiraf\n|-fieldstart|move: Trick Room|[of] p2a: Farigiraf\n|\n|upkeep\n|turn|2\n|inactive|KlibbeKonnoisseur has 30 seconds left.\n|inactive|KennarDH has 30 seconds left.\n|\n|t:|1776428602\n|detailschange|p2b: Blastoise|Blastoise-Mega, L50, M\n|-mega|p2b: Blastoise|Blastoise|Blastoisinite\n|move|p2a: Farigiraf|Twin Beam|p1a: Floette\n|-damage|p1a: Floette|76/100\n|-damage|p1a: Floette|64/100\n|-hitcount|p1a: Floette|2\n|-formechange|p1b: Aegislash|Aegislash-Blade|\n|move|p1b: Aegislash|Sacred Sword|p2b: Blastoise\n|-damage|p2b: Blastoise|72/100\n|move|p2b: Blastoise|Water Spout|p1a: Floette|[spread] p1a,p1b\n|-damage|p1a: Floette|34/100\n|-damage|p1b: Aegislash|21/100\n|move|p1a: Floette|Dazzling Gleam|p2b: Blastoise|[spread] p2a,p2b\n|-damage|p2a: Farigiraf|56/100\n|-damage|p2b: Blastoise|24/100\n|\n|upkeep\n|turn|3\n|\n|t:|1776428625\n|switch|p1b: Sinistcha|Sinistcha, L50|100/100\n|-heal|p1a: Floette|59/100|[from] ability: Hospitality|[of] p1b: Sinistcha\n|switch|p2b: Torkoal|Torkoal, L50, F|100/100\n|-weather|SunnyDay|[from] ability: Drought|[of] p2b: Torkoal\n|move|p2a: Farigiraf|Twin Beam|p1a: Floette\n|-damage|p1a: Floette|47/100\n|-damage|p1a: Floette|36/100\n|-hitcount|p1a: Floette|2\n|move|p1a: Floette|Dazzling Gleam|p2a: Farigiraf|[spread] p2a,p2b\n|-resisted|p2b: Torkoal|1\n|-damage|p2a: Farigiraf|10/100\n|-damage|p2b: Torkoal|68/100\n|\n|-weather|SunnyDay|[upkeep]\n|upkeep\n|turn|4\n|inactive|KlibbeKonnoisseur has 30 seconds left.\n|inactive|KlibbeKonnoisseur has 20 seconds left.\n|\n|t:|1776428660\n|switch|p1b: Aegislash|Aegislash, L50, M|21/100\n|move|p2a: Farigiraf|Helping Hand|p2b: Torkoal\n|-singleturn|p2b: Torkoal|Helping Hand|[of] p2a: Farigiraf\n|move|p1a: Floette|Protect|p1a: Floette\n|-singleturn|p1a: Floette|Protect\n|move|p2b: Torkoal|Eruption|p1a: Floette|[spread] p1b\n|-activate|p1a: Floette|move: Protect\n|-supereffective|p1b: Aegislash|1\n|-damage|p1b: Aegislash|0 fnt\n|faint|p1b: Aegislash\n|\n|-weather|SunnyDay|[upkeep]\n|upkeep\n|\n|t:|1776428672\n|switch|p1b: Sinistcha|Sinistcha, L50|100/100\n|-heal|p1a: Floette|61/100|[from] ability: Hospitality|[of] p1b: Sinistcha\n|turn|5\n|\n|t:|1776428678\n|switch|p1b: Garchomp|Garchomp, L50, M|100/100\n|move|p2a: Farigiraf|Helping Hand|p2b: Torkoal\n|-singleturn|p2b: Torkoal|Helping Hand|[of] p2a: Farigiraf\n|move|p2b: Torkoal|Eruption|p1b: Garchomp|[spread] p1a,p1b\n|-resisted|p1b: Garchomp|1\n|-damage|p1a: Floette|5/100\n|-damage|p1b: Garchomp|56/100\n|move|p1a: Floette|Dazzling Gleam|p2b: Torkoal|[spread] p2a,p2b\n|-resisted|p2b: Torkoal|1\n|-damage|p2a: Farigiraf|0 fnt\n|-damage|p2b: Torkoal|36/100\n|faint|p2a: Farigiraf\n|\n|-weather|SunnyDay|[upkeep]\n|-fieldend|move: Trick Room\n|upkeep\n|\n|t:|1776428691\n|switch|p2a: Alakazam|Alakazam, L50, F|100/100\n|turn|6\n|\n|t:|1776428706\n|move|p1b: Garchomp|Stomping Tantrum|p2b: Torkoal\n|-supereffective|p2b: Torkoal|1\n|-crit|p2b: Torkoal\n|-damage|p2b: Torkoal|0 fnt\n|faint|p2b: Torkoal\n|move|p2a: Alakazam|Psychic|p1b: Garchomp\n|-damage|p1b: Garchomp|4/100\n|-unboost|p1b: Garchomp|spd|1\n|move|p1a: Floette|Draining Kiss|p2a: Alakazam\n|-damage|p2a: Alakazam|38/100\n|-heal|p1a: Floette|39/100|[from] drain|[of] p2a: Alakazam\n|\n|-weather|SunnyDay|[upkeep]\n|upkeep\n|\n|t:|1776428718\n|switch|p2b: Blastoise|Blastoise-Mega, L50, M|24/100\n|turn|7\n|\n|t:|1776428732\n|move|p1b: Garchomp|Stomping Tantrum|p2b: Blastoise\n|-damage|p2b: Blastoise|0 fnt\n|faint|p2b: Blastoise\n|move|p2a: Alakazam|Psychic|p1b: Garchomp\n|-damage|p1b: Garchomp|0 fnt\n|faint|p1b: Garchomp\n|move|p1a: Floette|Draining Kiss|p2a: Alakazam\n|-damage|p2a: Alakazam|0 fnt\n|-heal|p1a: Floette|60/100|[from] drain|[of] p2a: Alakazam\n|faint|p2a: Alakazam\n|\n|win|KlibbeKonnoisseur\n||KennarDH is ready for game 2.\n|inactive|KlibbeKonnoisseur has 30 seconds to confirm battle start!\n||KlibbeKonnoisseur is ready for game 2.\n|uhtml|next|Next: <a href=\"/battle-gen9championsvgc2026regma-2586360895\"><strong>Game 2 of 3</strong></a>\n|l|\u2606KlibbeKonnoisseur\n|player|p1|\n",
  "uploadtime": 1776429075,
  "views": 21,
  "formatid": "gen9championsvgc2026regma",
  "rating": null,
  "private": 0,
  "password": null
}