{
  "id": "gen9championsvgc2026regma-2581456433",
  "format": "[Gen 9 Champions] VGC 2026 Reg M-A",
  "players": [
    "Jeremykhoo",
    "WubbaMudkip"
  ],
  "log": "|j|\u2606Jeremykhoo\n|j|\u2606WubbaMudkip\n|t:|1776002200\n|gametype|doubles\n|player|p1|Jeremykhoo|266|1068\n|player|p2|WubbaMudkip|1|1008\n|gen|9\n|tier|[Gen 9 Champions] VGC 2026 Reg M-A\n|rated|\n|rule|Species Clause: Limit one of each Pok\u00e9mon\n|rule|Item Clause: Limit 1 of each item\n|clearpoke\n|poke|p1|Tyranitar, L50, F|\n|poke|p1|Whimsicott, L50, M|\n|poke|p1|Aggron, L50, M|\n|poke|p1|Drampa, L50, F|\n|poke|p1|Sylveon, L50, M|\n|poke|p1|Arcanine, L50, M|\n|poke|p2|Camerupt, L50, F|\n|poke|p2|Hydreigon, L50, F|\n|poke|p2|Araquanid, L50, F|\n|poke|p2|Medicham, L50, F|\n|poke|p2|Abomasnow, L50, F|\n|poke|p2|Beartic, L50, F|\n|teampreview|4\n|\n|t:|1776002246\n|teamsize|p1|4\n|teamsize|p2|4\n|start\n|switch|p1a: Whimsicott|Whimsicott, L50, M|100/100\n|switch|p1b: Arcanine|Arcanine, L50, M|100/100\n|switch|p2a: Abomasnow|Abomasnow, L50, F, shiny|100/100\n|switch|p2b: Beartic|Beartic, L50, F|100/100\n|-ability|p1b: Arcanine|Intimidate|boost\n|-unboost|p2a: Abomasnow|atk|1\n|-unboost|p2b: Beartic|atk|1\n|-weather|Snowscape|[from] ability: Snow Warning|[of] p2a: Abomasnow\n|turn|1\n|\n|t:|1776002283\n|switch|p1a: Aggron|Aggron, L50, M|100/100\n|move|p1b: Arcanine|Flare Blitz|p2a: Abomasnow\n|-supereffective|p2a: Abomasnow|2\n|-damage|p2a: Abomasnow|0 fnt\n|faint|p2a: Abomasnow\n|-damage|p1b: Arcanine|73/100|[from] Recoil\n|move|p2b: Beartic|Heavy Slam|p1a: Aggron\n|-damage|p1a: Aggron|95/100\n|\n|-weather|Snowscape|[upkeep]\n|upkeep\n|\n|t:|1776002290\n|switch|p2a: Medicham|Medicham, L50, F|100/100\n|turn|2\n|inactive|Battle timer is ON: inactive players will automatically lose when time's up. (requested by WubbaMudkip)\n|\n|t:|1776002341\n|move|p1b: Arcanine|Protect|p1b: Arcanine\n|-singleturn|p1b: Arcanine|Protect\n|move|p1a: Aggron|Protect|p1a: Aggron\n|-singleturn|p1a: Aggron|Protect\n|move|p2b: Beartic|Earthquake|p1b: Arcanine|[spread] p2a\n|-activate|p1a: Aggron|move: Protect\n|-activate|p1b: Arcanine|move: Protect\n|-damage|p2a: Medicham|74/100\n|move|p2a: Medicham|Trick Room|p2a: Medicham\n|-fieldstart|move: Trick Room|[of] p2a: Medicham\n|\n|-weather|Snowscape|[upkeep]\n|upkeep\n|turn|3\n|inactive|Jeremykhoo has 30 seconds left.\n|inactive|WubbaMudkip has 30 seconds left.\n|inactive|Jeremykhoo has 20 seconds left.\n|\n|t:|1776002379\n|move|p2a: Medicham|Helping Hand|p2b: Beartic\n|-singleturn|p2b: Beartic|Helping Hand|[of] p2a: Medicham\n|move|p1a: Aggron|Body Press|p2b: Beartic\n|-supereffective|p2b: Beartic|1\n|-damage|p2b: Beartic|59/100\n|move|p2b: Beartic|Earthquake|p1b: Arcanine|[spread] p2a,p1a,p1b\n|-supereffective|p1a: Aggron|2\n|-supereffective|p1b: Arcanine|1\n|-enditem|p1b: Arcanine|Shuca Berry|[eat]\n|-enditem|p1b: Arcanine|Shuca Berry|[weaken]\n|-damage|p2a: Medicham|35/100\n|-damage|p1a: Aggron|34/100\n|-damage|p1b: Arcanine|41/100\n|move|p1b: Arcanine|Flare Blitz|p2a: Medicham\n|-damage|p2a: Medicham|0 fnt\n|faint|p2a: Medicham\n|-damage|p1b: Arcanine|31/100|[from] Recoil\n|\n|-weather|Snowscape|[upkeep]\n|upkeep\n|\n|t:|1776002397\n|switch|p2a: Camerupt|Camerupt, L50, F|100/100\n|turn|4\n|inactive|Jeremykhoo has 30 seconds left.\n|\n|t:|1776002423\n|detailschange|p2a: Camerupt|Camerupt-Mega, L50, F\n|-mega|p2a: Camerupt|Camerupt|Cameruptite\n|move|p1a: Aggron|Protect|p1a: Aggron\n|-singleturn|p1a: Aggron|Protect\n|move|p1b: Arcanine|Protect|p1b: Arcanine\n|-singleturn|p1b: Arcanine|Protect\n|move|p2a: Camerupt|Eruption|p1b: Arcanine|[spread] \n|-activate|p1a: Aggron|move: Protect\n|-activate|p1b: Arcanine|move: Protect\n|move|p2b: Beartic|Icicle Crash|p1b: Arcanine\n|-activate|p1b: Arcanine|move: Protect\n|\n|-weather|Snowscape|[upkeep]\n|upkeep\n|turn|5\n|inactive|Jeremykhoo has 30 seconds left.\n|\n|t:|1776002450\n|move|p1b: Arcanine|Protect||[still]\n|-fail|p1b: Arcanine\n|move|p2a: Camerupt|Eruption|p1b: Arcanine|[spread] p1a,p1b\n|-resisted|p1b: Arcanine|1\n|-damage|p1a: Aggron|0 fnt\n|-damage|p1b: Arcanine|0 fnt\n|faint|p1a: Aggron\n|faint|p1b: Arcanine\n|move|p2b: Beartic|Icicle Crash|p1: Aggron|[notarget]\n|-fail|p2b: Beartic\n|\n|-weather|none\n|upkeep\n|\n|t:|1776002460\n|switch|p1a: Whimsicott|Whimsicott, L50, M|100/100\n|switch|p1b: Sylveon|Sylveon, L50, M|100/100\n|turn|6\n|\n|t:|1776002476\n|move|p1b: Sylveon|Protect|p1b: Sylveon\n|-singleturn|p1b: Sylveon|Protect\n|move|p1a: Whimsicott|Fake Tears|p2a: Camerupt\n|-unboost|p2a: Camerupt|spd|2\n|move|p2a: Camerupt|Eruption|p1a: Whimsicott|[spread] p1a\n|-activate|p1b: Sylveon|move: Protect\n|-supereffective|p1a: Whimsicott|1\n|-damage|p1a: Whimsicott|0 fnt\n|faint|p1a: Whimsicott\n|move|p2b: Beartic|Heavy Slam|p1b: Sylveon\n|-activate|p1b: Sylveon|move: Protect\n|\n|-fieldend|move: Trick Room\n|upkeep\n|turn|7\n|\n|t:|1776002491\n|move|p1b: Sylveon|Hyper Voice|p2b: Beartic|[spread] p2a,p2b\n|-resisted|p2a: Camerupt|1\n|-damage|p2a: Camerupt|58/100\n|-damage|p2b: Beartic|5/100\n|move|p2b: Beartic|Heavy Slam|p1b: Sylveon\n|-supereffective|p1b: Sylveon|1\n|-damage|p1b: Sylveon|28/100\n|move|p2a: Camerupt|Earth Power|p1b: Sylveon\n|-damage|p1b: Sylveon|0 fnt\n|faint|p1b: Sylveon\n|\n|win|WubbaMudkip\n|raw|Jeremykhoo's rating: 1068 &rarr; <strong>1044</strong><br />(-24 for losing)\n|raw|WubbaMudkip's rating: 1008 &rarr; <strong>1053</strong><br />(+45 for winning)\n|l|\u2606WubbaMudkip\n|player|p2|\n",
  "uploadtime": 1776002503,
  "views": 17,
  "formatid": "gen9championsvgc2026regma",
  "rating": 1044,
  "private": 0,
  "password": null
}