{
  "id": "gen9championsvgc2026regma-2587807460",
  "format": "[Gen 9 Champions] VGC 2026 Reg M-A",
  "players": [
    "Wolfey-Hisui",
    "yandero"
  ],
  "log": "|j|\u2606Wolfey-Hisui\n|j|\u2606yandero\n|t:|1776566023\n|gametype|doubles\n|player|p1|Wolfey-Hisui|lance|1232\n|player|p2|yandero|102|1187\n|gen|9\n|tier|[Gen 9 Champions] VGC 2026 Reg M-A\n|rated|\n|rule|Species Clause: Limit one of each Pok\u00e9mon\n|rule|Item Clause: Limit 1 of each item\n|clearpoke\n|poke|p1|Gengar, L50, M|\n|poke|p1|Politoed, L50, F|\n|poke|p1|Incineroar, L50, M|\n|poke|p1|Archaludon, L50, M|\n|poke|p1|Sinistcha, L50|\n|poke|p1|Sneasler, L50, F|\n|poke|p2|Archaludon, L50, F|\n|poke|p2|Pelipper, L50, M|\n|poke|p2|Dragonite, L50, M|\n|poke|p2|Basculegion, L50, M|\n|poke|p2|Sinistcha, L50|\n|poke|p2|Sneasler, L50, F|\n|teampreview|4\n|l|\u2606Wolfey-Hisui\n|player|p1|\n|j|\u2606Wolfey-Hisui\n|player|p1|Wolfey-Hisui|lance|\n|\n|t:|1776566057\n|teamsize|p1|4\n|teamsize|p2|4\n|start\n|switch|p1a: martin|Archaludon, L50, M|100/100\n|switch|p1b: raxdnote|Sneasler, L50, F|100/100\n|switch|p2a: Archaludon|Archaludon, L50, F|100/100\n|switch|p2b: Dragonite|Dragonite, L50, M|100/100\n|turn|1\n|\n|t:|1776566077\n|switch|p2a: Pelipper|Pelipper, L50, M|100/100\n|-weather|RainDance|[from] ability: Drizzle|[of] p2a: Pelipper\n|move|p1b: raxdnote|Fake Out|p2a: Pelipper\n|-damage|p2a: Pelipper|86/100\n|move|p2b: Dragonite|Hurricane|p1b: raxdnote\n|-supereffective|p1b: raxdnote|1\n|-enditem|p1b: raxdnote|Focus Sash\n|-damage|p1b: raxdnote|1/100\n|move|p1a: martin|Dragon Pulse|p2b: Dragonite\n|-supereffective|p2b: Dragonite|1\n|-damage|p2b: Dragonite|0 fnt\n|faint|p2b: Dragonite\n|\n|-weather|RainDance|[upkeep]\n|upkeep\n|\n|t:|1776566090\n|switch|p2b: Sneasler|Sneasler, L50, F|100/100\n|turn|2\n|\n|t:|1776566106\n|move|p2b: Sneasler|Fake Out|p1b: raxdnote\n|-damage|p1b: raxdnote|0 fnt\n|faint|p1b: raxdnote\n|move|p1a: martin|Electro Shot||[still]\n|-prepare|p1a: martin|Electro Shot\n|-boost|p1a: martin|spa|1\n|-anim|p1a: martin|Electro Shot|p2b: Sneasler\n|-damage|p2b: Sneasler|0 fnt\n|faint|p2b: Sneasler\n|move|p2a: Pelipper|Tailwind|p2a: Pelipper\n|-sidestart|p2: yandero|move: Tailwind\n|\n|-weather|RainDance|[upkeep]\n|upkeep\n|\n|t:|1776566119\n|switch|p1b: >:)|Gengar, L50, M|100/100\n|switch|p2b: Archaludon|Archaludon, L50, F|100/100\n|turn|3\n|\n|t:|1776566135\n|detailschange|p1b: >:)|Gengar-Mega, L50, M\n|-mega|p1b: >:)|Gengar|Gengarite\n|move|p2b: Archaludon|Aura Sphere|p1a: martin\n|-supereffective|p1a: martin|1\n|-enditem|p1a: martin|Chople Berry|[eat]\n|-enditem|p1a: martin|Chople Berry|[weaken]\n|-damage|p1a: martin|66/100\n|-ability|p1a: martin|Stamina|boost\n|-boost|p1a: martin|def|1\n|move|p1b: >:)|Perish Song|p1b: >:)\n|-start|p1a: martin|perish3|[silent]\n|-start|p1b: >:)|perish3|[silent]\n|-start|p2a: Pelipper|perish3|[silent]\n|-start|p2b: Archaludon|perish3|[silent]\n|-fieldactivate|move: Perish Song\n|move|p2a: Pelipper|Weather Ball|p1a: martin\n|-resisted|p1a: martin|1\n|-damage|p1a: martin|39/100\n|-ability|p1a: martin|Stamina|boost\n|-boost|p1a: martin|def|1\n|move|p1a: martin|Electro Shot||[still]\n|-prepare|p1a: martin|Electro Shot\n|-boost|p1a: martin|spa|1\n|-anim|p1a: martin|Electro Shot|p2a: Pelipper\n|-supereffective|p2a: Pelipper|2\n|-enditem|p2a: Pelipper|Wacan Berry|[eat]\n|-enditem|p2a: Pelipper|Wacan Berry|[weaken]\n|-damage|p2a: Pelipper|0 fnt\n|faint|p2a: Pelipper\n|\n|-weather|RainDance|[upkeep]\n|-start|p2b: Archaludon|perish3\n|-start|p1b: >:)|perish3\n|-start|p1a: martin|perish3\n|upkeep\n|turn|4\n|\n|t:|1776566153\n|move|p1b: >:)|Protect|p1b: >:)\n|-singleturn|p1b: >:)|Protect\n|move|p1a: martin|Protect|p1a: martin\n|-singleturn|p1a: martin|Protect\n|move|p2b: Archaludon|Aura Sphere|p1a: martin\n|-activate|p1a: martin|move: Protect\n|\n|-weather|RainDance|[upkeep]\n|-start|p2b: Archaludon|perish2\n|-start|p1b: >:)|perish2\n|-start|p1a: martin|perish2\n|upkeep\n|turn|5\n|\n|t:|1776566167\n|switch|p1a: drink me|Sinistcha, L50|100/100\n|move|p2b: Archaludon|Aura Sphere|p1a: drink me\n|-immune|p1a: drink me\n|move|p1b: >:)|Disable|p2b: Archaludon\n|-start|p2b: Archaludon|Disable|Aura Sphere\n|\n|-weather|none\n|-start|p2b: Archaludon|perish1\n|-start|p1b: >:)|perish1\n|-sideend|p2: yandero|move: Tailwind\n|upkeep\n|turn|6\n|\n|t:|1776566183\n|switch|p1a: martin|Archaludon, L50, M|39/100\n|move|p1b: >:)|Protect|p1b: >:)\n|-singleturn|p1b: >:)|Protect\n|move|p2b: Archaludon|Electro Shot||[still]\n|-prepare|p2b: Archaludon|Electro Shot\n|-boost|p2b: Archaludon|spa|1\n|\n|-start|p1b: >:)|perish0\n|-start|p2b: Archaludon|perish0\n|faint|p1b: >:)\n|faint|p2b: Archaludon\n|\n|win|Wolfey-Hisui\n|raw|Wolfey-Hisui's rating: 1232 &rarr; <strong>1254</strong><br />(+22 for winning)\n|raw|yandero's rating: 1187 &rarr; <strong>1165</strong><br />(-22 for losing)\n",
  "uploadtime": 1776566235,
  "views": 8,
  "formatid": "gen9championsvgc2026regma",
  "rating": 1165,
  "private": 0,
  "password": null
}