{
  "id": "gen9championsvgc2026regma-2581125212",
  "format": "[Gen 9 Champions] VGC 2026 Reg M-A",
  "players": [
    "gaygoblin",
    "renato alakazam 7"
  ],
  "log": "|j|\u2606gaygoblin\n|j|\u2606renato alakazam 7\n|t:|1775962289\n|gametype|doubles\n|player|p1|gaygoblin|pokemaniac|1173\n|player|p2|renato alakazam 7|shadowtriad|1114\n|gen|9\n|tier|[Gen 9 Champions] VGC 2026 Reg M-A\n|rated|\n|rule|Species Clause: Limit one of each Pok\u00e9mon\n|rule|Item Clause: Limit 1 of each item\n|clearpoke\n|poke|p1|Floette-Eternal, L50, F|\n|poke|p1|Sneasler, L50, M|\n|poke|p1|Incineroar, L50, M|\n|poke|p1|Tyranitar, L50, M|\n|poke|p1|Sinistcha, L50|\n|poke|p1|Basculegion, L50, M|\n|poke|p2|Charizard, L50, M|\n|poke|p2|Venusaur, L50, M|\n|poke|p2|Garchomp, L50, M|\n|poke|p2|Incineroar, L50, M|\n|poke|p2|Gardevoir, L50, F|\n|poke|p2|Milotic, L50, F|\n|teampreview|4\n|inactive|Battle timer is ON: inactive players will automatically lose when time's up. (requested by renato alakazam 7)\n|\n|t:|1775962359\n|teamsize|p1|4\n|teamsize|p2|4\n|start\n|switch|p1a: Incineroar|Incineroar, L50, M|100/100\n|switch|p1b: Floette|Floette-Eternal, L50, F|100/100\n|switch|p2a: Gardevoir|Gardevoir, L50, F|100/100\n|switch|p2b: Milotic|Milotic, L50, F|100/100\n|-ability|p1a: Incineroar|Intimidate|boost\n|-unboost|p2a: Gardevoir|atk|1\n|-unboost|p2b: Milotic|atk|1\n|-ability|p2b: Milotic|Competitive|boost\n|-boost|p2b: Milotic|spa|2\n|turn|1\n|inactive|renato alakazam 7 has 30 seconds left.\n|\n|t:|1775962388\n|detailschange|p1b: Floette|Floette-Mega, L50, F\n|-mega|p1b: Floette|Floette|Floettite\n|-ability|p1b: Floette|Fairy Aura\n|move|p1a: Incineroar|Fake Out|p2b: Milotic\n|-damage|p2b: Milotic|90/100\n|move|p2a: Gardevoir|Aura Sphere|p1a: Incineroar\n|-supereffective|p1a: Incineroar|1\n|-damage|p1a: Incineroar|58/100\n|move|p1b: Floette|Calm Mind|p1b: Floette\n|-boost|p1b: Floette|spa|1\n|-boost|p1b: Floette|spd|1\n|cant|p2b: Milotic|flinch\n|\n|-heal|p2b: Milotic|96/100|[from] item: Leftovers\n|upkeep\n|turn|2\n|inactive|gaygoblin has 30 seconds left.\n|inactive|gaygoblin has 20 seconds left.\n|inactive|gaygoblin has 15 seconds left.\n|inactive|gaygoblin has 10 seconds left.\n|\n|t:|1775962437\n|move|p1b: Floette|Protect|p1b: Floette\n|-singleturn|p1b: Floette|Protect\n|move|p2a: Gardevoir|Aura Sphere|p1a: Incineroar\n|-supereffective|p1a: Incineroar|1\n|-damage|p1a: Incineroar|21/100\n|move|p2b: Milotic|Scald|p1a: Incineroar\n|-supereffective|p1a: Incineroar|1\n|-damage|p1a: Incineroar|0 fnt\n|faint|p1a: Incineroar\n|\n|-heal|p2b: Milotic|100/100|[from] item: Leftovers\n|upkeep\n|\n|t:|1775962450\n|switch|p1a: Sinistcha|Sinistcha, L50, shiny|100/100\n|turn|3\n|\n|t:|1775962468\n|switch|p2a: Charizard|Charizard, L50, M|100/100\n|switch|p2b: Venusaur|Venusaur, L50, M|100/100\n|move|p1b: Floette|Calm Mind|p1b: Floette\n|-boost|p1b: Floette|spa|1\n|-boost|p1b: Floette|spd|1\n|move|p1a: Sinistcha|Matcha Gotcha|p2a: Charizard|[spread] p2a,p2b\n|-resisted|p2a: Charizard|2\n|-resisted|p2b: Venusaur|2\n|-damage|p2a: Charizard|93/100\n|-damage|p2b: Venusaur|93/100\n|\n|upkeep\n|turn|4\n|inactive|gaygoblin has 30 seconds left.\n|\n|t:|1775962498\n|detailschange|p2a: Charizard|Charizard-Mega-Y, L50, M\n|-mega|p2a: Charizard|Charizard|Charizardite Y\n|-weather|SunnyDay|[from] ability: Drought|[of] p2a: Charizard\n|move|p1b: Floette|Protect|p1b: Floette\n|-singleturn|p1b: Floette|Protect\n|move|p2b: Venusaur|Sludge Bomb|p1b: Floette\n|-activate|p1b: Floette|move: Protect\n|move|p2a: Charizard|Overheat|p1b: Floette\n|-activate|p1b: Floette|move: Protect\n|move|p1a: Sinistcha|Trick Room|p1a: Sinistcha\n|-fieldstart|move: Trick Room|[of] p1a: Sinistcha\n|\n|-weather|SunnyDay|[upkeep]\n|upkeep\n|turn|5\n|\n|t:|1775962519\n|move|p2a: Charizard|Protect|p2a: Charizard\n|-singleturn|p2a: Charizard|Protect\n|move|p2b: Venusaur|Protect|p2b: Venusaur\n|-singleturn|p2b: Venusaur|Protect\n|move|p1a: Sinistcha|Shadow Ball|p2a: Charizard\n|-activate|p2a: Charizard|move: Protect\n|move|p1b: Floette|Moonblast|p2a: Charizard\n|-activate|p2a: Charizard|move: Protect\n|\n|-weather|SunnyDay|[upkeep]\n|upkeep\n|turn|6\n|inactive|gaygoblin has 30 seconds left.\n|inactive|renato alakazam 7 has 30 seconds left.\n|inactive|gaygoblin has 20 seconds left.\n|\n|t:|1775962558\n|switch|p1a: Tyranitar|Tyranitar, L50, M, shiny|100/100\n|-weather|Sandstorm|[from] ability: Sand Stream|[of] p1a: Tyranitar\n|move|p1b: Floette|Moonblast|p2b: Venusaur\n|-resisted|p2b: Venusaur|1\n|-damage|p2b: Venusaur|15/100\n|move|p2b: Venusaur|Sleep Powder|p1b: Floette|[miss]\n|-miss|p2b: Venusaur|p1b: Floette\n|move|p2a: Charizard|Heat Wave|p1b: Floette|[spread] p1a,p1b\n|-resisted|p1a: Tyranitar|1\n|-damage|p1a: Tyranitar|87/100\n|-damage|p1b: Floette|85/100\n|\n|-weather|Sandstorm|[upkeep]\n|-damage|p1b: Floette|79/100|[from] Sandstorm\n|-damage|p2b: Venusaur|9/100|[from] Sandstorm\n|-damage|p2a: Charizard|87/100|[from] Sandstorm\n|upkeep\n|turn|7\n|\n|t:|1775962582\n|switch|p2b: Milotic|Milotic, L50, F|100/100\n|switch|p2a: Gardevoir|Gardevoir, L50, F|100/100\n|move|p1a: Tyranitar|Rock Slide|p2b: Milotic|[spread] p2a,p2b\n|-damage|p2a: Gardevoir|48/100\n|-damage|p2b: Milotic|68/100\n|move|p1b: Floette|Draining Kiss|p2a: Gardevoir\n|-damage|p2a: Gardevoir|0 fnt\n|-heal|p1b: Floette|100/100|[from] drain|[of] p2a: Gardevoir\n|faint|p2a: Gardevoir\n|\n|-weather|Sandstorm|[upkeep]\n|-damage|p2b: Milotic|62/100|[from] Sandstorm\n|-damage|p1b: Floette|94/100|[from] Sandstorm\n|-heal|p2b: Milotic|68/100|[from] item: Leftovers\n|upkeep\n|\n|t:|1775962606\n|switch|p2a: Venusaur|Venusaur, L50, M|9/100\n|turn|8\n|\n|t:|1775962626\n|move|p2b: Milotic|Scald|p1b: Floette\n|-damage|p1b: Floette|81/100\n|move|p1a: Tyranitar|Dragon Dance|p1a: Tyranitar\n|-boost|p1a: Tyranitar|atk|1\n|-boost|p1a: Tyranitar|spe|1\n|move|p1b: Floette|Moonblast|p2b: Milotic\n|-damage|p2b: Milotic|0 fnt\n|faint|p2b: Milotic\n|move|p2a: Venusaur|Sleep Powder|p1a: Tyranitar|[miss]\n|-miss|p2a: Venusaur|p1a: Tyranitar\n|\n|-weather|Sandstorm|[upkeep]\n|-damage|p1b: Floette|75/100|[from] Sandstorm\n|-damage|p2a: Venusaur|3/100|[from] Sandstorm\n|-fieldend|move: Trick Room\n|upkeep\n|\n|t:|1775962642\n|switch|p2b: Charizard|Charizard-Mega-Y, L50, M|87/100\n|-weather|SunnyDay|[from] ability: Drought|[of] p2b: Charizard\n|turn|9\n|\n|t:|1775962657\n|move|p2a: Venusaur|Leaf Storm|p1a: Tyranitar\n|-supereffective|p1a: Tyranitar|1\n|-damage|p1a: Tyranitar|0 fnt\n|-unboost|p2a: Venusaur|spa|2\n|faint|p1a: Tyranitar\n|move|p2b: Charizard|Heat Wave|p1b: Floette\n|-damage|p1b: Floette|46/100\n|move|p1b: Floette|Moonblast|p2a: Venusaur\n|-resisted|p2a: Venusaur|1\n|-damage|p2a: Venusaur|0 fnt\n|faint|p2a: Venusaur\n|\n|-weather|SunnyDay|[upkeep]\n|upkeep\n|\n|t:|1775962661\n|switch|p1a: Sinistcha|Sinistcha, L50, shiny|100/100\n|-heal|p1b: Floette|71/100|[from] ability: Hospitality|[of] p1a: Sinistcha\n|turn|10\n|\n|t:|1775962682\n|move|p2b: Charizard|Heat Wave|p1a: Sinistcha|[spread] p1a,p1b\n|-supereffective|p1a: Sinistcha|1\n|-damage|p1a: Sinistcha|0 fnt\n|-damage|p1b: Floette|49/100\n|faint|p1a: Sinistcha\n|move|p1b: Floette|Draining Kiss|p2b: Charizard\n|-resisted|p2b: Charizard|1\n|-damage|p2b: Charizard|53/100\n|-heal|p1b: Floette|72/100|[from] drain|[of] p2b: Charizard\n|\n|-weather|SunnyDay|[upkeep]\n|upkeep\n|turn|11\n|\n|t:|1775962698\n|move|p2b: Charizard|Protect|p2b: Charizard\n|-singleturn|p2b: Charizard|Protect\n|move|p1b: Floette|Protect||[still]\n|-fail|p1b: Floette\n|\n|-weather|SunnyDay|[upkeep]\n|upkeep\n|turn|12\n|\n|t:|1775962709\n|move|p2b: Charizard|Overheat|p1b: Floette\n|-damage|p1b: Floette|29/100\n|-unboost|p2b: Charizard|spa|2\n|move|p1b: Floette|Moonblast|p2b: Charizard\n|-resisted|p2b: Charizard|1\n|-damage|p2b: Charizard|0 fnt\n|faint|p2b: Charizard\n|\n|win|gaygoblin\n|raw|gaygoblin's rating: 1173 &rarr; <strong>1194</strong><br />(+21 for winning)\n|raw|renato alakazam 7's rating: 1114 &rarr; <strong>1093</strong><br />(-21 for losing)\n",
  "uploadtime": 1775962714,
  "views": 29,
  "formatid": "gen9championsvgc2026regma",
  "rating": 1093,
  "private": 0,
  "password": null
}