{
  "id": "gen9championsvgc2026regma-2589580291",
  "format": "[Gen 9 Champions] VGC 2026 Reg M-A",
  "players": [
    "Shalnark06",
    "0008revO"
  ],
  "log": "|j|\u2606Shalnark06\n|j|\u26060008revO\n|t:|1776736036\n|gametype|doubles\n|player|p1|Shalnark06|hilbert-wonderlauncher|1128\n|player|p2|0008revO|hoopster|1085\n|gen|9\n|tier|[Gen 9 Champions] VGC 2026 Reg M-A\n|rated|\n|rule|Species Clause: Limit one of each Pok\u00e9mon\n|rule|Item Clause: Limit 1 of each item\n|clearpoke\n|poke|p1|Meganium, L50, F|\n|poke|p1|Aerodactyl, L50, M|\n|poke|p1|Tauros-Paldea-Aqua, L50, M|\n|poke|p1|Archaludon, L50, M|\n|poke|p1|Typhlosion-Hisui, L50, M|\n|poke|p1|Kangaskhan, L50, F|\n|poke|p2|Charizard, L50, M|\n|poke|p2|Venusaur, L50, F|\n|poke|p2|Whimsicott, L50, M|\n|poke|p2|Incineroar, L50, F|\n|poke|p2|Kingambit, L50, F|\n|poke|p2|Garchomp, L50, F|\n|teampreview|4\n0008revO has agreed to open team sheets.\n|\n|t:|1776736077\n|teamsize|p1|4\n|teamsize|p2|4\n|start\n|switch|p1a: Kangaskhan|Kangaskhan, L50, F|100/100\n|switch|p1b: Aerodactyl|Aerodactyl, L50, M|100/100\n|switch|p2a: Charizard|Charizard, L50, M|100/100\n|switch|p2b: Incineroar|Incineroar, L50, F|100/100\n|-ability|p1b: Aerodactyl|Unnerve\n|-ability|p2b: Incineroar|Intimidate|boost\n|-fail|p1a: Kangaskhan|unboost|Attack|[from] ability: Inner Focus|[of] p1a: Kangaskhan\n|-unboost|p1b: Aerodactyl|atk|1\n|turn|1\n|\n|t:|1776736097\n|detailschange|p2a: Charizard|Charizard-Mega-Y, L50, M\n|-mega|p2a: Charizard|Charizard|Charizardite Y\n|-weather|SunnyDay|[from] ability: Drought|[of] p2a: Charizard\n|detailschange|p1a: Kangaskhan|Kangaskhan-Mega, L50, F\n|-mega|p1a: Kangaskhan|Kangaskhan|Kangaskhanite\n|move|p1a: Kangaskhan|Fake Out|p2b: Incineroar\n|-damage|p2b: Incineroar|75/100\n|-damage|p2b: Incineroar|69/100\n|-hitcount|p2b: Incineroar|2\n|cant|p2b: Incineroar|flinch\n|move|p1b: Aerodactyl|Tailwind|p1b: Aerodactyl\n|-sidestart|p1: Shalnark06|move: Tailwind\n|move|p2a: Charizard|Heat Wave|p1b: Aerodactyl|[spread] p1a,p1b\n|-resisted|p1b: Aerodactyl|1\n|-damage|p1a: Kangaskhan|49/100\n|-damage|p1b: Aerodactyl|55/100\n|\n|-weather|SunnyDay|[upkeep]\n|upkeep\n|turn|2\n|\n|t:|1776736119\n|move|p2a: Charizard|Protect|p2a: Charizard\n|-singleturn|p2a: Charizard|Protect\n|move|p1b: Aerodactyl|Rock Slide|p2b: Incineroar|[spread] p2b\n|-activate|p2a: Charizard|move: Protect\n|-supereffective|p2b: Incineroar|1\n|-damage|p2b: Incineroar|27/100\n|move|p1a: Kangaskhan|Double-Edge|p2a: Charizard\n|-activate|p2a: Charizard|move: Protect\n|move|p2b: Incineroar|Parting Shot|p1b: Aerodactyl\n|-unboost|p1b: Aerodactyl|atk|1\n|-unboost|p1b: Aerodactyl|spa|1\n|\n|t:|1776736141\n|switch|p2b: Venusaur|Venusaur, L50, F|100/100|[from] Parting Shot\n|\n|-weather|SunnyDay|[upkeep]\n|upkeep\n|turn|3\n|\n|t:|1776736160\n|switch|p2a: Incineroar|Incineroar, L50, F|27/100\n|-ability|p2a: Incineroar|Intimidate|boost\n|-unboost|p1a: Kangaskhan|atk|1\n|-unboost|p1b: Aerodactyl|atk|1\n|move|p1b: Aerodactyl|Dual Wingbeat|p2b: Venusaur\n|-supereffective|p2b: Venusaur|1\n|-damage|p2b: Venusaur|81/100\n|-supereffective|p2b: Venusaur|1\n|-damage|p2b: Venusaur|62/100\n|-hitcount|p2b: Venusaur|2\n|move|p2b: Venusaur|Energy Ball|p1b: Aerodactyl\n|-damage|p1b: Aerodactyl|0 fnt\n|-enditem|p2a: Incineroar|Sitrus Berry|[eat]\n|-heal|p2a: Incineroar|52/100|[from] item: Sitrus Berry\n|faint|p1b: Aerodactyl\n|move|p1a: Kangaskhan|Double-Edge|p2a: Incineroar\n|-damage|p2a: Incineroar|7/100\n|-damage|p2a: Incineroar|0 fnt\n|faint|p2a: Incineroar\n|-hitcount|p2: Incineroar|2\n|-damage|p1a: Kangaskhan|35/100|[from] Recoil\n|\n|-weather|SunnyDay|[upkeep]\n|-heal|p2b: Venusaur|68/100|[from] item: Leftovers\n|upkeep\n|\n|t:|1776736186\n|switch|p1b: Archaludon|Archaludon, L50, M|100/100\n|switch|p2a: Garchomp|Garchomp, L50, F|100/100\n|turn|4\n|\n|t:|1776736196\n|move|p2a: Garchomp|Protect|p2a: Garchomp\n|-singleturn|p2a: Garchomp|Protect\n|move|p2b: Venusaur|Earth Power|p1b: Archaludon\n|-supereffective|p1b: Archaludon|1\n|-damage|p1b: Archaludon|28/100\n|move|p1a: Kangaskhan|Double-Edge|p2b: Venusaur\n|-damage|p2b: Venusaur|14/100\n|-damage|p2b: Venusaur|0 fnt\n|faint|p2b: Venusaur\n|-hitcount|p2: Venusaur|2\n|-damage|p1a: Kangaskhan|18/100|[from] Recoil\n|move|p1b: Archaludon|Draco Meteor|p2a: Garchomp\n|-activate|p2a: Garchomp|move: Protect\n|\n|-weather|SunnyDay|[upkeep]\n|-sideend|p1: Shalnark06|move: Tailwind\n|upkeep\n|\n|t:|1776736208\n|switch|p2b: Charizard|Charizard-Mega-Y, L50, M|100/100\n|turn|5\n|\n|t:|1776736217\n|switch|p1a: Tauros|Tauros-Paldea-Aqua, L50, M|100/100\n|-ability|p1a: Tauros|Intimidate|boost\n|-unboost|p2a: Garchomp|atk|1\n|-unboost|p2b: Charizard|atk|1\n|move|p1b: Archaludon|Protect|p1b: Archaludon\n|-singleturn|p1b: Archaludon|Protect\n|move|p2a: Garchomp|Earthquake|p1b: Archaludon|[spread] p1a\n|-activate|p1b: Archaludon|move: Protect\n|-immune|p2b: Charizard\n|-damage|p1a: Tauros|72/100\n|move|p2b: Charizard|Heat Wave|p1b: Archaludon|[spread] p1a\n|-activate|p1b: Archaludon|move: Protect\n|-resisted|p1a: Tauros|1\n|-damage|p1a: Tauros|23/100\n|\n|-weather|none\n|upkeep\n|turn|6\n|\n|t:|1776736251\n|move|p1a: Tauros|Aqua Jet|p2b: Charizard\n|-supereffective|p2b: Charizard|1\n|-damage|p2b: Charizard|45/100\n|move|p2a: Garchomp|Earthquake|p1a: Tauros|[spread] p1a,p1b\n|-immune|p2b: Charizard\n|-supereffective|p1b: Archaludon|1\n|-damage|p1a: Tauros|0 fnt\n|-damage|p1b: Archaludon|0 fnt\n|faint|p1a: Tauros\n|faint|p1b: Archaludon\n|move|p2b: Charizard|Heat Wave|p1: Tauros|[notarget]\n|-fail|p2b: Charizard\n|\n|upkeep\n|\n|t:|1776736263\n|switch|p1b: Kangaskhan|Kangaskhan-Mega, L50, F|18/100\n|turn|7\n|\n|t:|1776736268\n|move|p2a: Garchomp|Protect|p2a: Garchomp\n|-singleturn|p2a: Garchomp|Protect\n|move|p2b: Charizard|Protect|p2b: Charizard\n|-singleturn|p2b: Charizard|Protect\n|move|p1b: Kangaskhan|Fake Out|p2b: Charizard\n|-activate|p2b: Charizard|move: Protect\n|\n|upkeep\n|turn|8\n|inactive|Battle timer is ON: inactive players will automatically lose when time's up. (requested by Shalnark06)\n|\n|t:|1776736277\n|move|p1b: Kangaskhan|Sucker Punch|p2b: Charizard\n|-damage|p2b: Charizard|8/100\n|-damage|p2b: Charizard|0 fnt\n|faint|p2b: Charizard\n|-hitcount|p2: Charizard|2\n|move|p2a: Garchomp|Earthquake|p1b: Kangaskhan\n|-damage|p1b: Kangaskhan|0 fnt\n|faint|p1b: Kangaskhan\n|\n|win|0008revO\n|raw|Shalnark06's rating: 1128 &rarr; <strong>1100</strong><br />(-28 for losing)\n|raw|0008revO's rating: 1085 &rarr; <strong>1116</strong><br />(+31 for winning)\n",
  "uploadtime": 1776736277,
  "views": 0,
  "formatid": "gen9championsvgc2026regma",
  "rating": 1100,
  "private": 0,
  "password": null
}