{
  "id": "gen9championsvgc2026regma-2584859495",
  "format": "[Gen 9 Champions] VGC 2026 Reg M-A",
  "players": [
    "Sayayai",
    "SunTufo"
  ],
  "log": "|j|\u2606Sayayai\n|j|\u2606SunTufo\n|t:|1776289316\n|gametype|doubles\n|player|p1|Sayayai|clair|1308\n|player|p2|SunTufo|li|1226\n|gen|9\n|tier|[Gen 9 Champions] VGC 2026 Reg M-A\n|rated|\n|rule|Species Clause: Limit one of each Pok\u00e9mon\n|rule|Item Clause: Limit 1 of each item\n|clearpoke\n|poke|p1|Froslass, L50, F|\n|poke|p1|Incineroar, L50, M|\n|poke|p1|Kingambit, L50, M|\n|poke|p1|Milotic, L50, M|\n|poke|p1|Sinistcha, L50|\n|poke|p1|Aerodactyl, L50, F|\n|poke|p2|Skarmory, L50, M|\n|poke|p2|Garchomp, L50, M|\n|poke|p2|Milotic, L50, F|\n|poke|p2|Rotom-Wash, L50|\n|poke|p2|Sneasler, L50, M|\n|poke|p2|Tyranitar, L50, M|\n|teampreview|4\n|inactive|Battle timer is ON: inactive players will automatically lose when time's up. (requested by SunTufo)\n|inactive|Sayayai has 60 seconds left.\n|inactive|SunTufo has 60 seconds left.\n|\n|t:|1776289355\n|teamsize|p1|4\n|teamsize|p2|4\n|start\n|switch|p1a: Froslass|Froslass, L50, F|100/100\n|switch|p1b: Aerodactyl|Aerodactyl, L50, F|100/100\n|switch|p2a: Milotic|Milotic, L50, F, shiny|100/100\n|switch|p2b: Rotom|Rotom-Wash, L50, shiny|100/100\n|-ability|p1b: Aerodactyl|Unnerve\n|turn|1\n|\n|t:|1776289376\n|switch|p1b: Sinistcha|Sinistcha, L50|100/100\n|detailschange|p1a: Froslass|Froslass-Mega, L50, F\n|-mega|p1a: Froslass|Froslass|Froslassite\n|-weather|Snowscape|[from] ability: Snow Warning|[of] p1a: Froslass\n|move|p2b: Rotom|Volt Switch|p1b: Sinistcha\n|-resisted|p1b: Sinistcha|1\n|-damage|p1b: Sinistcha|82/100\n|\n|t:|1776289383\n|switch|p2b: Tyranitar|Tyranitar, L50, M, shiny|100/100|[from] Volt Switch\n|-weather|Sandstorm|[from] ability: Sand Stream|[of] p2b: Tyranitar\n|move|p1a: Froslass|Aurora Veil||[still]\n|-fail|p1a: Froslass\n|move|p2a: Milotic|Muddy Water|p1a: Froslass|[spread] p1a,p1b\n|-resisted|p1b: Sinistcha|1\n|-damage|p1a: Froslass|67/100\n|-damage|p1b: Sinistcha|67/100\n|\n|-weather|Sandstorm|[upkeep]\n|-damage|p1a: Froslass|60/100|[from] Sandstorm\n|-damage|p2a: Milotic|95/100|[from] Sandstorm\n|-damage|p1b: Sinistcha|61/100|[from] Sandstorm\n|upkeep\n|turn|2\n|\n|t:|1776289407\n|move|p1a: Froslass|Protect|p1a: Froslass\n|-singleturn|p1a: Froslass|Protect\n|move|p2a: Milotic|Muddy Water|p1b: Sinistcha|[spread] p1b\n|-activate|p1a: Froslass|move: Protect\n|-resisted|p1b: Sinistcha|1\n|-damage|p1b: Sinistcha|46/100\n|-enditem|p1b: Sinistcha|Sitrus Berry|[eat]\n|-heal|p1b: Sinistcha|70/100|[from] item: Sitrus Berry\n|move|p2b: Tyranitar|Knock Off|p1b: Sinistcha\n|-supereffective|p1b: Sinistcha|1\n|-damage|p1b: Sinistcha|9/100\n|move|p1b: Sinistcha|Matcha Gotcha|p2b: Tyranitar|[spread] p2a,p2b\n|-supereffective|p2a: Milotic|1\n|-supereffective|p2b: Tyranitar|1\n|-damage|p2a: Milotic|58/100\n|-heal|p1b: Sinistcha|34/100|[from] drain|[of] p2a: Milotic\n|-damage|p2b: Tyranitar|70/100\n|-heal|p1b: Sinistcha|53/100|[from] drain|[of] p2b: Tyranitar\n|\n|-weather|Sandstorm|[upkeep]\n|-damage|p1a: Froslass|54/100|[from] Sandstorm\n|-damage|p2a: Milotic|52/100|[from] Sandstorm\n|-damage|p1b: Sinistcha|46/100|[from] Sandstorm\n|upkeep\n|turn|3\n|inactive|Sayayai has 30 seconds left.\n|\n|t:|1776289433\n|switch|p1a: Aerodactyl|Aerodactyl, L50, F|100/100\n|-ability|p1a: Aerodactyl|Unnerve\n|move|p1b: Sinistcha|Protect|p1b: Sinistcha\n|-singleturn|p1b: Sinistcha|Protect\n|move|p2a: Milotic|Recover|p2a: Milotic\n|-heal|p2a: Milotic|100/100\n|move|p2b: Tyranitar|Rock Slide|p1b: Sinistcha|[spread] \n|-activate|p1b: Sinistcha|move: Protect\n|-miss|p2b: Tyranitar|p1a: Aerodactyl\n|\n|-weather|Sandstorm|[upkeep]\n|-damage|p2a: Milotic|95/100|[from] Sandstorm\n|-damage|p1b: Sinistcha|40/100|[from] Sandstorm\n|upkeep\n|turn|4\n|\n|t:|1776289451\n|move|p1a: Aerodactyl|Tailwind|p1a: Aerodactyl\n|-sidestart|p1: Sayayai|move: Tailwind\n|move|p1b: Sinistcha|Matcha Gotcha|p2b: Tyranitar|[spread] p2a,p2b\n|-supereffective|p2a: Milotic|1\n|-supereffective|p2b: Tyranitar|1\n|-damage|p2a: Milotic|58/100\n|-heal|p1b: Sinistcha|66/100|[from] drain|[of] p2a: Milotic\n|-damage|p2b: Tyranitar|36/100\n|-heal|p1b: Sinistcha|86/100|[from] drain|[of] p2b: Tyranitar\n|move|p2a: Milotic|Muddy Water|p1a: Aerodactyl|[spread] p1a,p1b\n|-supereffective|p1a: Aerodactyl|1\n|-resisted|p1b: Sinistcha|1\n|-damage|p1a: Aerodactyl|54/100\n|-damage|p1b: Sinistcha|70/100\n|move|p2b: Tyranitar|Rock Slide|p1b: Sinistcha|[spread] p1a,p1b\n|-supereffective|p1a: Aerodactyl|1\n|-damage|p1a: Aerodactyl|0 fnt\n|-damage|p1b: Sinistcha|40/100\n|faint|p1a: Aerodactyl\n|\n|-weather|Sandstorm|[upkeep]\n|-damage|p1b: Sinistcha|33/100|[from] Sandstorm\n|-damage|p2a: Milotic|52/100|[from] Sandstorm\n|upkeep\n|\n|t:|1776289471\n|switch|p1a: Froslass|Froslass-Mega, L50, F|54/100\n|-weather|Snowscape|[from] ability: Snow Warning|[of] p1a: Froslass\n|turn|5\n|\n|t:|1776289481\n|detailschange|p2b: Tyranitar|Tyranitar-Mega, L50, M, shiny\n|-mega|p2b: Tyranitar|Tyranitar|Tyranitarite\n|-weather|Sandstorm|[from] ability: Sand Stream|[of] p2b: Tyranitar\n|move|p1a: Froslass|Protect|p1a: Froslass\n|-singleturn|p1a: Froslass|Protect\n|move|p1b: Sinistcha|Matcha Gotcha|p2b: Tyranitar|[spread] p2b\n|-miss|p1b: Sinistcha|p2a: Milotic\n|-supereffective|p2b: Tyranitar|1\n|-damage|p2b: Tyranitar|9/100\n|-heal|p1b: Sinistcha|50/100|[from] drain|[of] p2b: Tyranitar\n|move|p2b: Tyranitar|Rock Slide|p1b: Sinistcha|[spread] p1b\n|-activate|p1a: Froslass|move: Protect\n|-damage|p1b: Sinistcha|16/100\n|move|p2a: Milotic|Recover|p2a: Milotic\n|-heal|p2a: Milotic|100/100\n|\n|-weather|Sandstorm|[upkeep]\n|-damage|p1a: Froslass|48/100|[from] Sandstorm\n|-damage|p1b: Sinistcha|10/100|[from] Sandstorm\n|-damage|p2a: Milotic|95/100|[from] Sandstorm\n|upkeep\n|turn|6\n|inactive|Sayayai has 30 seconds left.\n|\n|t:|1776289510\n|switch|p1a: Incineroar|Incineroar, L50, M|100/100\n|-ability|p1a: Incineroar|Intimidate|boost\n|-unboost|p2a: Milotic|atk|1\n|-ability|p2a: Milotic|Competitive|boost\n|-boost|p2a: Milotic|spa|2\n|-unboost|p2b: Tyranitar|atk|1\n|move|p2b: Tyranitar|Protect|p2b: Tyranitar\n|-singleturn|p2b: Tyranitar|Protect\n|move|p1b: Sinistcha|Matcha Gotcha|p2a: Milotic|[spread] p2a\n|-activate|p2b: Tyranitar|move: Protect\n|-supereffective|p2a: Milotic|1\n|-damage|p2a: Milotic|56/100\n|-heal|p1b: Sinistcha|37/100|[from] drain|[of] p2a: Milotic\n|-status|p2a: Milotic|brn\n|move|p2a: Milotic|Muddy Water|p1a: Incineroar|[spread] \n|-miss|p2a: Milotic|p1a: Incineroar\n|-miss|p2a: Milotic|p1b: Sinistcha\n|\n|-weather|Sandstorm|[upkeep]\n|-damage|p1a: Incineroar|95/100|[from] Sandstorm\n|-damage|p1b: Sinistcha|31/100|[from] Sandstorm\n|-damage|p2a: Milotic|50/100 brn|[from] Sandstorm\n|-damage|p2a: Milotic|44/100 brn|[from] brn\n|upkeep\n|turn|7\n|inactive|Sayayai has 30 seconds left.\n|\n|t:|1776289539\n|move|p2a: Milotic|Protect|p2a: Milotic\n|-singleturn|p2a: Milotic|Protect\n|move|p1a: Incineroar|Darkest Lariat|p2a: Milotic\n|-activate|p2a: Milotic|move: Protect\n|move|p1b: Sinistcha|Matcha Gotcha|p2b: Tyranitar|[spread] p2b\n|-activate|p2a: Milotic|move: Protect\n|-supereffective|p2b: Tyranitar|1\n|-damage|p2b: Tyranitar|0 fnt\n|-heal|p1b: Sinistcha|36/100|[from] drain|[of] p2b: Tyranitar\n|faint|p2b: Tyranitar\n|\n|-weather|Sandstorm|[upkeep]\n|-damage|p1a: Incineroar|89/100|[from] Sandstorm\n|-damage|p1b: Sinistcha|30/100|[from] Sandstorm\n|-damage|p2a: Milotic|38/100 brn|[from] Sandstorm\n|-damage|p2a: Milotic|32/100 brn|[from] brn\n|-sideend|p1: Sayayai|move: Tailwind\n|upkeep\n|\n|t:|1776289549\n|switch|p2b: Skarmory|Skarmory, L50, M, shiny|100/100\n|turn|8\n|\n|t:|1776289563\n|move|p1b: Sinistcha|Rage Powder|p1b: Sinistcha\n|-singleturn|p1b: Sinistcha|move: Rage Powder\n|move|p2b: Skarmory|Dual Wingbeat|p1b: Sinistcha\n|-supereffective|p1b: Sinistcha|1\n|-damage|p1b: Sinistcha|0 fnt\n|faint|p1b: Sinistcha\n|-hitcount|p1: Sinistcha|1\n|move|p2a: Milotic|Muddy Water|p1a: Incineroar\n|-supereffective|p1a: Incineroar|1\n|-damage|p1a: Incineroar|0 fnt\n|faint|p1a: Incineroar\n|\n|-weather|Sandstorm|[upkeep]\n|-damage|p2a: Milotic|26/100 brn|[from] Sandstorm\n|-damage|p2a: Milotic|20/100 brn|[from] brn\n|upkeep\n|\n|t:|1776289578\n|switch|p1b: Froslass|Froslass-Mega, L50, F|48/100\n|-weather|Snowscape|[from] ability: Snow Warning|[of] p1b: Froslass\n|turn|9\n|\n|t:|1776289586\n|move|p2a: Milotic|Protect|p2a: Milotic\n|-singleturn|p2a: Milotic|Protect\n|move|p1b: Froslass|Blizzard|p2b: Skarmory|[spread] p2b\n|-activate|p2a: Milotic|move: Protect\n|-damage|p2b: Skarmory|29/100\n|move|p2b: Skarmory|Tailwind|p2b: Skarmory\n|-sidestart|p2: SunTufo|move: Tailwind\n|\n|-weather|Snowscape|[upkeep]\n|-damage|p2a: Milotic|14/100 brn|[from] brn\n|upkeep\n|turn|10\n|\n|t:|1776289599\n|move|p2b: Skarmory|Iron Head|p1b: Froslass\n|-supereffective|p1b: Froslass|1\n|-damage|p1b: Froslass|0 fnt\n|faint|p1b: Froslass\n|\n|win|SunTufo\n|raw|Sayayai's rating: 1308 &rarr; <strong>1283</strong><br />(-25 for losing)\n|raw|SunTufo's rating: 1226 &rarr; <strong>1257</strong><br />(+31 for winning)\n",
  "uploadtime": 1776289599,
  "views": 28,
  "formatid": "gen9championsvgc2026regma",
  "rating": 1257,
  "private": 0,
  "password": null
}