{
  "id": "gen9championsvgc2026regma-2583241267",
  "format": "[Gen 9 Champions] VGC 2026 Reg M-A",
  "players": [
    "desrichards",
    "whistlejacket17"
  ],
  "log": "|j|\u2606desrichards\n|j|\u2606whistlejacket17\n|t:|1776158533\n|gametype|doubles\n|player|p1|desrichards|hilbert|1069\n|player|p2|whistlejacket17|cyrus|1142\n|gen|9\n|tier|[Gen 9 Champions] VGC 2026 Reg M-A\n|rated|\n|rule|Species Clause: Limit one of each Pok\u00e9mon\n|rule|Item Clause: Limit 1 of each item\n|clearpoke\n|poke|p1|Charizard, L50, M|\n|poke|p1|Kingambit, L50, F|\n|poke|p1|Rotom-Wash, L50|\n|poke|p1|Sinistcha, L50|\n|poke|p1|Sneasler, L50, M|\n|poke|p1|Ninetales-Alola, L50, F|\n|poke|p2|Dragonite, L50, M|\n|poke|p2|Pelipper, L50, M|\n|poke|p2|Garchomp, L50, M|\n|poke|p2|Sinistcha, L50|\n|poke|p2|Kingambit, L50, M|\n|poke|p2|Sneasler, L50, M|\n|teampreview|4\n|inactive|Battle timer is ON: inactive players will automatically lose when time's up. (requested by whistlejacket17)\n|\n|t:|1776158569\n|teamsize|p1|4\n|teamsize|p2|4\n|start\n|switch|p1a: Rotom|Rotom-Wash, L50|100/100\n|switch|p1b: Sneasler|Sneasler, L50, M|100/100\n|switch|p2a: Sneasler|Sneasler, L50, M|100/100\n|switch|p2b: Garchomp|Garchomp, L50, M|100/100\n|turn|1\n|\n|t:|1776158591\n|switch|p2b: Pelipper|Pelipper, L50, M|100/100\n|-weather|RainDance|[from] ability: Drizzle|[of] p2b: Pelipper\n|move|p1b: Sneasler|Fake Out|p2a: Sneasler\n|-damage|p2a: Sneasler|73/100\n|cant|p2a: Sneasler|flinch\n|move|p1a: Rotom|Will-O-Wisp|p2b: Pelipper\n|-status|p2b: Pelipper|brn\n|\n|-weather|RainDance|[upkeep]\n|-damage|p2b: Pelipper|95/100 brn|[from] brn\n|upkeep\n|turn|2\n|inactive|desrichards has 30 seconds left.\n|inactive|desrichards has 20 seconds left.\n|\n|t:|1776158628\n|move|p2a: Sneasler|Dire Claw|p1a: Rotom\n|-damage|p1a: Rotom|47/100\n|-enditem|p1a: Rotom|Sitrus Berry|[eat]\n|-heal|p1a: Rotom|72/100|[from] item: Sitrus Berry\n|move|p1b: Sneasler|Dire Claw|p2b: Pelipper\n|-damage|p2b: Pelipper|36/100 brn\n|move|p2b: Pelipper|Tailwind|p2b: Pelipper\n|-sidestart|p2: whistlejacket17|move: Tailwind\n|move|p1a: Rotom|Volt Switch|p2a: Sneasler\n|-damage|p2a: Sneasler|38/100\n|\n|t:|1776158633\n|switch|p1a: Ninetales|Ninetales-Alola, L50, F|100/100|[from] Volt Switch\n|-weather|Snowscape|[from] ability: Snow Warning|[of] p1a: Ninetales\n|\n|-weather|Snowscape|[upkeep]\n|-damage|p2b: Pelipper|30/100 brn|[from] brn\n|upkeep\n|turn|3\n|inactive|whistlejacket17 has 30 seconds left.\n|\n|t:|1776158661\n|switch|p2b: Garchomp|Garchomp, L50, M|100/100\n|move|p1a: Ninetales|Protect|p1a: Ninetales\n|-singleturn|p1a: Ninetales|Protect\n|move|p2a: Sneasler|Dire Claw|p1a: Ninetales\n|-activate|p1a: Ninetales|move: Protect\n|move|p1b: Sneasler|Close Combat|p2a: Sneasler\n|-resisted|p2a: Sneasler|1\n|-damage|p2a: Sneasler|0 fnt\n|-unboost|p1b: Sneasler|def|1\n|-unboost|p1b: Sneasler|spd|1\n|faint|p2a: Sneasler\n|-enditem|p1b: Sneasler|White Herb\n|-clearnegativeboost|p1b: Sneasler|[silent]\n|\n|-weather|Snowscape|[upkeep]\n|upkeep\n|\n|t:|1776158668\n|switch|p2a: Pelipper|Pelipper, L50, M|30/100 brn\n|-weather|RainDance|[from] ability: Drizzle|[of] p2a: Pelipper\n|turn|4\n|inactive|desrichards has 30 seconds left.\n|inactive|desrichards has 20 seconds left.\n|\n|t:|1776158706\n|move|p2b: Garchomp|Earthquake|p1b: Sneasler|[spread] p1a,p1b\n|-immune|p2a: Pelipper\n|-supereffective|p1b: Sneasler|1\n|-damage|p1a: Ninetales|38/100\n|-damage|p1b: Sneasler|0 fnt\n|faint|p1b: Sneasler\n|move|p2a: Pelipper|Weather Ball|p1a: Ninetales\n|-damage|p1a: Ninetales|0 fnt\n|faint|p1a: Ninetales\n|\n|-weather|RainDance|[upkeep]\n|-damage|p2a: Pelipper|24/100 brn|[from] brn\n|upkeep\n|\n|t:|1776158710\n|switch|p1a: Charizard|Charizard, L50, M|100/100\n|switch|p1b: Rotom|Rotom-Wash, L50|72/100\n|turn|5\n|inactive|whistlejacket17 has 30 seconds left.\n|\n|t:|1776158743\n|switch|p2b: Dragonite|Dragonite, L50, M|100/100\n|move|p2a: Pelipper|Protect|p2a: Pelipper\n|-singleturn|p2a: Pelipper|Protect\n|move|p1a: Charizard|Protect|p1a: Charizard\n|-singleturn|p1a: Charizard|Protect\n|move|p1b: Rotom|Thunderbolt|p2a: Pelipper\n|-activate|p2a: Pelipper|move: Protect\n|\n|-weather|RainDance|[upkeep]\n|-damage|p2a: Pelipper|18/100 brn|[from] brn\n|-sideend|p2: whistlejacket17|move: Tailwind\n|upkeep\n|turn|6\n|inactive|desrichards has 30 seconds left.\n|inactive|desrichards has 20 seconds left.\n|\n|t:|1776158781\n|switch|p2a: Garchomp|Garchomp, L50, M|100/100\n|detailschange|p2b: Dragonite|Dragonite-Mega, L50, M\n|-mega|p2b: Dragonite|Dragonite|Dragoninite\n|detailschange|p1a: Charizard|Charizard-Mega-X, L50, M\n|-mega|p1a: Charizard|Charizard|Charizardite X\n|move|p2b: Dragonite|Draco Meteor|p1b: Rotom\n|-damage|p1b: Rotom|16/100\n|-unboost|p2b: Dragonite|spa|2\n|move|p1a: Charizard|Dragon Claw|p2a: Garchomp\n|-supereffective|p2a: Garchomp|1\n|-damage|p2a: Garchomp|0 fnt\n|-damage|p1a: Charizard|88/100|[from] ability: Rough Skin|[of] p2a: Garchomp\n|faint|p2a: Garchomp\n|move|p1b: Rotom|Thunderbolt|p2b: Dragonite\n|-damage|p2b: Dragonite|86/100\n|-status|p2b: Dragonite|par\n|\n|-weather|RainDance|[upkeep]\n|upkeep\n|\n|t:|1776158796\n|switch|p2a: Pelipper|Pelipper, L50, M|18/100 brn\n|turn|7\n|inactive|desrichards has 30 seconds left.\n|\n|t:|1776158825\n|move|p2b: Dragonite|Extreme Speed|p1b: Rotom\n|-damage|p1b: Rotom|0 fnt\n|faint|p1b: Rotom\n|move|p1a: Charizard|Dragon Claw|p2a: Pelipper\n|-damage|p2a: Pelipper|0 fnt\n|faint|p2a: Pelipper\n|\n|-weather|RainDance|[upkeep]\n|upkeep\n|turn|8\n|\n|t:|1776158832\n|move|p1a: Charizard|Dragon Claw|p2b: Dragonite\n|-supereffective|p2b: Dragonite|1\n|-damage|p2b: Dragonite|0 fnt\n|faint|p2b: Dragonite\n|\n|win|desrichards\n|raw|desrichards's rating: 1069 &rarr; <strong>1105</strong><br />(+36 for winning)\n|raw|whistlejacket17's rating: 1142 &rarr; <strong>1112</strong><br />(-30 for losing)\n|l|\u2606whistlejacket17\n|player|p2|\n",
  "uploadtime": 1776158842,
  "views": 25,
  "formatid": "gen9championsvgc2026regma",
  "rating": 1105,
  "private": 0,
  "password": null
}