{
  "id": "gen9championsvgc2026regma-2582116181",
  "format": "[Gen 9 Champions] VGC 2026 Reg M-A",
  "players": [
    "NoxxinVGC",
    "BentoBoxBill"
  ],
  "log": "|j|\u2606NoxxinVGC\n|j|\u2606BentoBoxBill\n|t:|1776059966\n|gametype|doubles\n|player|p1|NoxxinVGC|170|1061\n|player|p2|BentoBoxBill|266|1124\n|gen|9\n|tier|[Gen 9 Champions] VGC 2026 Reg M-A\n|rated|\n|rule|Species Clause: Limit one of each Pok\u00e9mon\n|rule|Item Clause: Limit 1 of each item\n|clearpoke\n|poke|p1|Delphox, L50, F|\n|poke|p1|Basculegion, L50, M|\n|poke|p1|Clefable, L50, M|\n|poke|p1|Kingambit, L50, F|\n|poke|p1|Dragonite, L50, M|\n|poke|p1|Sneasler, L50, M|\n|poke|p2|Farigiraf, L50, M|\n|poke|p2|Rhyperior, L50, M|\n|poke|p2|Primarina, L50, F|\n|poke|p2|Tyranitar, L50, F|\n|poke|p2|Excadrill, L50, F|\n|poke|p2|Armarouge, L50, F|\n|teampreview|4\n|inactive|Battle timer is ON: inactive players will automatically lose when time's up. (requested by NoxxinVGC)\nBentoBoxBill rejected open team sheets.\n|inactive|NoxxinVGC has 60 seconds left.\n|inactive|BentoBoxBill has 60 seconds left.\n|\n|t:|1776060003\n|teamsize|p1|4\n|teamsize|p2|4\n|start\n|switch|p1a: Basculegion|Basculegion, L50, M|100/100\n|switch|p1b: Kingambit|Kingambit, L50, F|100/100\n|switch|p2a: Excadrill|Excadrill, L50, F|100/100\n|switch|p2b: Tyranitar|Tyranitar, L50, F|100/100\n|-weather|Sandstorm|[from] ability: Sand Stream|[of] p2b: Tyranitar\n|turn|1\n|\n|t:|1776060018\n|detailschange|p2b: Tyranitar|Tyranitar-Mega, L50, F\n|-mega|p2b: Tyranitar|Tyranitar|Tyranitarite\n|move|p1b: Kingambit|Protect|p1b: Kingambit\n|-singleturn|p1b: Kingambit|Protect\n|move|p2a: Excadrill|Shadow Claw|p1a: Basculegion\n|-supereffective|p1a: Basculegion|1\n|-damage|p1a: Basculegion|38/100\n|move|p1a: Basculegion|Wave Crash|p2b: Tyranitar\n|-supereffective|p2b: Tyranitar|1\n|-damage|p2b: Tyranitar|2/100\n|-damage|p1a: Basculegion|5/100|[from] Recoil\n|move|p2b: Tyranitar|Low Kick|p1b: Kingambit\n|-activate|p1b: Kingambit|move: Protect\n|\n|-weather|Sandstorm|[upkeep]\n|-damage|p1a: Basculegion|0 fnt|[from] Sandstorm\n|faint|p1a: Basculegion\n|upkeep\n|\n|t:|1776060034\n|switch|p1a: Sneasler|Sneasler, L50, M|100/100\n|turn|2\n|\n|t:|1776060054\n|move|p2b: Tyranitar|Protect|p2b: Tyranitar\n|-singleturn|p2b: Tyranitar|Protect\n|move|p1a: Sneasler|Fake Out|p2a: Excadrill\n|-resisted|p2a: Excadrill|1\n|-damage|p2a: Excadrill|89/100\n|move|p1b: Kingambit|Sucker Punch||[still]\n|-fail|p1b: Kingambit\n|cant|p2a: Excadrill|flinch\n|\n|-weather|Sandstorm|[upkeep]\n|-damage|p1a: Sneasler|95/100|[from] Sandstorm\n|upkeep\n|turn|3\n|\n|t:|1776060071\n|switch|p2b: Rhyperior|Rhyperior, L50, M|100/100\n|move|p1b: Kingambit|Sucker Punch||[still]\n|-fail|p1b: Kingambit\n|move|p2a: Excadrill|Drill Run|p1a: Sneasler\n|-supereffective|p1a: Sneasler|1\n|-damage|p1a: Sneasler|0 fnt\n|faint|p1a: Sneasler\n|\n|-weather|Sandstorm|[upkeep]\n|upkeep\n|\n|t:|1776060079\n|switch|p1a: Delphox|Delphox, L50, F, shiny|100/100\n|turn|4\n|\n|t:|1776060089\n|detailschange|p1a: Delphox|Delphox-Mega, L50, F, shiny\n|-mega|p1a: Delphox|Delphox|Delphoxite\n|move|p2a: Excadrill|Protect|p2a: Excadrill\n|-singleturn|p2a: Excadrill|Protect\n|move|p2b: Rhyperior|Protect|p2b: Rhyperior\n|-singleturn|p2b: Rhyperior|Protect\n|move|p1a: Delphox|Heat Wave|p2a: Excadrill|[spread] \n|-activate|p2a: Excadrill|move: Protect\n|-activate|p2b: Rhyperior|move: Protect\n|move|p1b: Kingambit|Swords Dance|p1b: Kingambit\n|-boost|p1b: Kingambit|atk|2\n|\n|-weather|Sandstorm|[upkeep]\n|-damage|p1a: Delphox|94/100|[from] Sandstorm\n|upkeep\n|turn|5\n|\n|t:|1776060110\n|move|p1b: Kingambit|Sucker Punch|p2a: Excadrill\n|-damage|p2a: Excadrill|0 fnt\n|faint|p2a: Excadrill\n|move|p1a: Delphox|Heat Wave|p2b: Rhyperior\n|-resisted|p2b: Rhyperior|1\n|-damage|p2b: Rhyperior|77/100\n|move|p2b: Rhyperior|Rock Slide|p1a: Delphox|[spread] p1a,p1b\n|-supereffective|p1a: Delphox|1\n|-resisted|p1b: Kingambit|1\n|-damage|p1a: Delphox|0 fnt\n|-damage|p1b: Kingambit|87/100\n|faint|p1a: Delphox\n|\n|-weather|none\n|-heal|p2b: Rhyperior|83/100|[from] item: Leftovers\n|upkeep\n|\n|t:|1776060122\n|switch|p2a: Tyranitar|Tyranitar-Mega, L50, F|2/100\n|-weather|Sandstorm|[from] ability: Sand Stream|[of] p2a: Tyranitar\n|turn|6\n|\n|t:|1776060132\n|move|p1b: Kingambit|Sucker Punch|p2a: Tyranitar\n|-resisted|p2a: Tyranitar|1\n|-damage|p2a: Tyranitar|0 fnt\n|faint|p2a: Tyranitar\n|move|p2b: Rhyperior|High Horsepower|p1b: Kingambit\n|-supereffective|p1b: Kingambit|1\n|-damage|p1b: Kingambit|6/100\n|\n|-weather|Sandstorm|[upkeep]\n|-heal|p2b: Rhyperior|89/100|[from] item: Leftovers\n|upkeep\n|\n|t:|1776060142\n|switch|p2a: Primarina|Primarina, L50, F|100/100\n|turn|7\n|\n|t:|1776060148\n|move|p1b: Kingambit|Sucker Punch|p2b: Rhyperior\n|-damage|p2b: Rhyperior|26/100\n|move|p2a: Primarina|Hyper Voice|p1b: Kingambit\n|-damage|p1b: Kingambit|0 fnt\n|faint|p1b: Kingambit\n|\n|win|BentoBoxBill\n|raw|NoxxinVGC's rating: 1061 &rarr; <strong>1045</strong><br />(-16 for losing)\n|raw|BentoBoxBill's rating: 1124 &rarr; <strong>1145</strong><br />(+21 for winning)\n",
  "uploadtime": 1776060148,
  "views": 9,
  "formatid": "gen9championsvgc2026regma",
  "rating": 1045,
  "private": 0,
  "password": null
}