{
  "id": "gen9championsvgc2026regma-2584465227",
  "format": "[Gen 9 Champions] VGC 2026 Reg M-A",
  "players": [
    "dbone11272",
    "alvarriderr"
  ],
  "log": "|j|\u2606dbone11272\n|j|\u2606alvarriderr\n|t:|1776262705\n|gametype|doubles\n|player|p1|dbone11272|170|1044\n|player|p2|alvarriderr|hilbert-wonderlauncher|1116\n|gen|9\n|tier|[Gen 9 Champions] VGC 2026 Reg M-A\n|rated|\n|rule|Species Clause: Limit one of each Pok\u00e9mon\n|rule|Item Clause: Limit 1 of each item\n|clearpoke\n|poke|p1|Sharpedo, L50, F|\n|poke|p1|Corviknight, L50, M|\n|poke|p1|Sneasler, L50, F|\n|poke|p1|Archaludon, L50, F|\n|poke|p1|Tauros-Paldea-Aqua, L50, M|\n|poke|p1|Pelipper, L50, F|\n|poke|p2|Hawlucha, L50, F|\n|poke|p2|Excadrill, L50, M|\n|poke|p2|Tyranitar, L50, M|\n|poke|p2|Sinistcha, L50|\n|poke|p2|Rotom-Wash, L50|\n|poke|p2|Volcarona, L50, M|\n|teampreview|4\n|\n|t:|1776262742\n|teamsize|p1|4\n|teamsize|p2|4\n|start\n|switch|p1a: Cockroach|Sneasler, L50, F|100/100\n|switch|p1b: Nue|Corviknight, L50, M, shiny|100/100\n|switch|p2a: Hawlucha|Hawlucha, L50, F|100/100\n|switch|p2b: Excadrill|Excadrill, L50, M|100/100\n|turn|1\n|\n|t:|1776262763\n|detailschange|p2a: Hawlucha|Hawlucha-Mega, L50, F\n|-mega|p2a: Hawlucha|Hawlucha|Hawluchanite\n|move|p1a: Cockroach|Fake Out|p2a: Hawlucha\n|-damage|p2a: Hawlucha|85/100\n|cant|p2a: Hawlucha|flinch\n|move|p2b: Excadrill|Earthquake|p1a: Cockroach|[spread] p1a\n|-immune|p2a: Hawlucha\n|-immune|p1b: Nue\n|-supereffective|p1a: Cockroach|1\n|-enditem|p1a: Cockroach|Focus Sash\n|-damage|p1a: Cockroach|1/100\n|move|p1b: Nue|Tailwind|p1b: Nue\n|-sidestart|p1: dbone11272|move: Tailwind\n|\n|upkeep\n|turn|2\n|\n|t:|1776262790\n|move|p2b: Excadrill|Protect|p2b: Excadrill\n|-singleturn|p2b: Excadrill|Protect\n|move|p1a: Cockroach|Close Combat|p2b: Excadrill\n|-activate|p2b: Excadrill|move: Protect\n|move|p1b: Nue|Brave Bird|p2a: Hawlucha\n|-supereffective|p2a: Hawlucha|1\n|-damage|p2a: Hawlucha|16/100\n|-damage|p1b: Nue|76/100|[from] Recoil\n|move|p2a: Hawlucha|Rock Tomb|p1a: Cockroach\n|-resisted|p1a: Cockroach|1\n|-damage|p1a: Cockroach|0 fnt\n|faint|p1a: Cockroach\n|\n|upkeep\n|\n|t:|1776262805\n|switch|p1a: Net & Yahu|Tauros-Paldea-Aqua, L50, M|100/100\n|-ability|p1a: Net & Yahu|Intimidate|boost\n|-unboost|p2a: Hawlucha|atk|1\n|-unboost|p2b: Excadrill|atk|1\n|turn|3\n|\n|t:|1776262847\n|switch|p2a: Rotom|Rotom-Wash, L50|100/100\n|move|p1a: Net & Yahu|Close Combat|p2b: Excadrill\n|-supereffective|p2b: Excadrill|1\n|-enditem|p2b: Excadrill|Focus Sash\n|-damage|p2b: Excadrill|1/100\n|-unboost|p1a: Net & Yahu|def|1\n|-unboost|p1a: Net & Yahu|spd|1\n|-enditem|p1a: Net & Yahu|White Herb\n|-clearnegativeboost|p1a: Net & Yahu|[silent]\n|move|p1b: Nue|Brave Bird|p2a: Rotom\n|-resisted|p2a: Rotom|1\n|-damage|p2a: Rotom|81/100\n|-damage|p1b: Nue|71/100|[from] Recoil\n|move|p2b: Excadrill|Fissure|p1a: Net & Yahu\n|-damage|p1a: Net & Yahu|0 fnt\n|faint|p1a: Net & Yahu\n|-ohko\n|\n|-heal|p2a: Rotom|87/100|[from] item: Leftovers\n|upkeep\n|\n|t:|1776262865\n|switch|p1a: Thorin|Sharpedo, L50, F, shiny|100/100\n|turn|4\n|\n|t:|1776262875\n|move|p1a: Thorin|Protect|p1a: Thorin\n|-singleturn|p1a: Thorin|Protect\n|move|p2b: Excadrill|Protect|p2b: Excadrill\n|-singleturn|p2b: Excadrill|Protect\n|move|p1b: Nue|Brave Bird|p2b: Excadrill\n|-activate|p2b: Excadrill|move: Protect\n|move|p2a: Rotom|Discharge|p1a: Thorin|[spread] p1b\n|-activate|p2b: Excadrill|move: Protect\n|-activate|p1a: Thorin|move: Protect\n|-supereffective|p1b: Nue|1\n|-damage|p1b: Nue|16/100\n|\n|-heal|p2a: Rotom|93/100|[from] item: Leftovers\n|-sideend|p1: dbone11272|move: Tailwind\n|-ability|p1a: Thorin|Speed Boost|boost\n|-boost|p1a: Thorin|spe|1\n|upkeep\n|turn|5\n|\n|t:|1776262897\n|switch|p2b: Tyranitar|Tyranitar, L50, M|100/100\n|-weather|Sandstorm|[from] ability: Sand Stream|[of] p2b: Tyranitar\n|detailschange|p1a: Thorin|Sharpedo-Mega, L50, F, shiny\n|-mega|p1a: Thorin|Sharpedo|Sharpedonite\n|move|p1a: Thorin|Crunch|p2a: Rotom\n|-damage|p2a: Rotom|20/100\n|move|p2a: Rotom|Discharge|p1b: Nue|[spread] p2b,p1a,p1b\n|-supereffective|p1a: Thorin|1\n|-crit|p1a: Thorin\n|-supereffective|p1b: Nue|1\n|-damage|p2b: Tyranitar|89/100\n|-damage|p1a: Thorin|0 fnt\n|-damage|p1b: Nue|0 fnt\n|-status|p2b: Tyranitar|par\n|faint|p1a: Thorin\n|faint|p1b: Nue\n|\n|win|alvarriderr\n|raw|dbone11272's rating: 1044 &rarr; <strong>1031</strong><br />(-13 for losing)\n|raw|alvarriderr's rating: 1116 &rarr; <strong>1136</strong><br />(+20 for winning)\n|l|\u2606dbone11272\n|player|p1|\n|c|\u2606alvarriderr|gg\n",
  "uploadtime": 1776262920,
  "views": 48,
  "formatid": "gen9championsvgc2026regma",
  "rating": 1031,
  "private": 0,
  "password": null
}