{
  "id": "gen9championsvgc2026regma-2583118097",
  "format": "[Gen 9 Champions] VGC 2026 Reg M-A",
  "players": [
    "CosmicHobbes",
    "cheeseguy43"
  ],
  "log": "|j|\u2606CosmicHobbes\n|j|\u2606cheeseguy43\n|t:|1776144131\n|gametype|doubles\n|player|p1|CosmicHobbes|ingo|1128\n|player|p2|cheeseguy43|lass-gen4|1027\n|gen|9\n|tier|[Gen 9 Champions] VGC 2026 Reg M-A\n|rated|\n|rule|Species Clause: Limit one of each Pok\u00e9mon\n|rule|Item Clause: Limit 1 of each item\n|clearpoke\n|poke|p1|Chandelure, L50, F|\n|poke|p1|Primarina, L50, F|\n|poke|p1|Scizor, L50, M|\n|poke|p1|Incineroar, L50, M|\n|poke|p1|Sinistcha, L50|\n|poke|p1|Araquanid, L50, F|\n|poke|p2|Whimsicott, L50, M|\n|poke|p2|Greninja-*, L50, F|\n|poke|p2|Dragonite, L50, F|\n|poke|p2|Maushold, L50|\n|poke|p2|Hawlucha, L50, M|\n|poke|p2|Garchomp, L50, M|\n|teampreview|4\n|inactive|Battle timer is ON: inactive players will automatically lose when time's up. (requested by CosmicHobbes)\n|inactive|cheeseguy43 has 60 seconds left.\n|\n|t:|1776144180\n|teamsize|p1|4\n|teamsize|p2|4\n|start\n|switch|p1a: Chandelure|Chandelure, L50, F|100/100\n|switch|p1b: Sinistcha|Sinistcha, L50|100/100\n|switch|p2a: Maushold|Maushold, L50|100/100\n|switch|p2b: Dragonite|Dragonite, L50, F|100/100\n|turn|1\n|-activate|p2b: Dragonite|item: Quick Claw\n|\n|t:|1776144202\n|detailschange|p1a: Chandelure|Chandelure-Mega, L50, F\n|-mega|p1a: Chandelure|Chandelure|Chandelurite\n|move|p2a: Maushold|Helping Hand|p2b: Dragonite\n|-singleturn|p2b: Dragonite|Helping Hand|[of] p2a: Maushold\n|move|p2b: Dragonite|Ice Spinner|p1b: Sinistcha\n|-supereffective|p1b: Sinistcha|1\n|-damage|p1b: Sinistcha|26/100\n|move|p1a: Chandelure|Heat Wave|p2a: Maushold|[spread] p2a,p2b\n|-resisted|p2b: Dragonite|1\n|-damage|p2a: Maushold|41/100\n|-damage|p2b: Dragonite|80/100\n|-enditem|p2a: Maushold|Sitrus Berry|[eat]\n|-heal|p2a: Maushold|66/100|[from] item: Sitrus Berry\n|move|p1b: Sinistcha|Matcha Gotcha|p2a: Maushold|[spread] p2b\n|-miss|p1b: Sinistcha|p2a: Maushold\n|-resisted|p2b: Dragonite|2\n|-damage|p2b: Dragonite|76/100\n|-heal|p1b: Sinistcha|29/100|[from] drain|[of] p2b: Dragonite\n|\n|upkeep\n|turn|2\n|inactive|CosmicHobbes has 30 seconds left.\n|inactive|cheeseguy43 has 30 seconds left.\n|inactive|cheeseguy43 has 20 seconds left.\n|inactive|cheeseguy43 has 15 seconds left.\n|\n|t:|1776144243\n|switch|p1b: Incineroar|Incineroar, L50, M|100/100\n|-ability|p1b: Incineroar|Intimidate|boost\n|-unboost|p2a: Maushold|atk|1\n|-fail|p2b: Dragonite|unboost|Attack|[from] ability: Inner Focus|[of] p2b: Dragonite\n|move|p2a: Maushold|Thunder Wave|p1a: Chandelure\n|-status|p1a: Chandelure|par\n|move|p2b: Dragonite|Dragon Dance|p2b: Dragonite\n|-boost|p2b: Dragonite|atk|1\n|-boost|p2b: Dragonite|spe|1\n|move|p1a: Chandelure|Heat Wave|p2a: Maushold|[spread] p2a,p2b\n|-resisted|p2b: Dragonite|1\n|-damage|p2a: Maushold|6/100\n|-damage|p2b: Dragonite|56/100\n|\n|upkeep\n|turn|3\n|inactive|CosmicHobbes has 30 seconds left.\n|\n|t:|1776144272\n|move|p1b: Incineroar|Fake Out|p2a: Maushold\n|-damage|p2a: Maushold|0 fnt\n|faint|p2a: Maushold\n|move|p2b: Dragonite|Stone Edge|p1a: Chandelure\n|-supereffective|p1a: Chandelure|1\n|-damage|p1a: Chandelure|0 fnt\n|faint|p1a: Chandelure\n|\n|upkeep\n|\n|t:|1776144282\n|switch|p2a: Hawlucha|Hawlucha, L50, M|100/100\n|switch|p1a: Primarina|Primarina, L50, F, shiny|100/100\n|-ability|p2a: Hawlucha|Mold Breaker\n|turn|4\n|\n|t:|1776144302\n|detailschange|p2a: Hawlucha|Hawlucha-Mega, L50, M\n|-mega|p2a: Hawlucha|Hawlucha|Hawluchanite\n|move|p1b: Incineroar|Protect|p1b: Incineroar\n|-singleturn|p1b: Incineroar|Protect\n|move|p2b: Dragonite|Iron Head|p1a: Primarina\n|-damage|p1a: Primarina|61/100\n|move|p2a: Hawlucha|Close Combat|p1b: Incineroar\n|-activate|p1b: Incineroar|move: Protect\n|cant|p1a: Primarina|flinch\n|\n|upkeep\n|turn|5\n|\n|t:|1776144323\n|switch|p1b: Sinistcha|Sinistcha, L50|29/100\n|-heal|p1a: Primarina|86/100|[from] ability: Hospitality|[of] p1b: Sinistcha\n|move|p2b: Dragonite|Stone Edge|p1b: Sinistcha\n|-damage|p1b: Sinistcha|0 fnt\n|faint|p1b: Sinistcha\n|move|p2a: Hawlucha|Brave Bird|p1a: Primarina\n|-damage|p1a: Primarina|21/100\n|-damage|p2a: Hawlucha|75/100|[from] Recoil\n|move|p1a: Primarina|Dazzling Gleam|p2b: Dragonite|[spread] p2a,p2b\n|-supereffective|p2a: Hawlucha|1\n|-supereffective|p2b: Dragonite|1\n|-damage|p2a: Hawlucha|8/100\n|-damage|p2b: Dragonite|0 fnt\n|faint|p2b: Dragonite\n|\n|upkeep\n|\n|t:|1776144337\n|switch|p2b: Garchomp|Garchomp, L50, M|100/100\n|switch|p1b: Incineroar|Incineroar, L50, M|100/100\n|-ability|p1b: Incineroar|Intimidate|boost\n|-unboost|p2a: Hawlucha|atk|1\n|-unboost|p2b: Garchomp|atk|1\n|turn|6\n|\n|t:|1776144347\n|move|p1a: Primarina|Protect|p1a: Primarina\n|-singleturn|p1a: Primarina|Protect\n|move|p1b: Incineroar|Fake Out|p2a: Hawlucha\n|-damage|p2a: Hawlucha|0 fnt\n|faint|p2a: Hawlucha\n|move|p2b: Garchomp|Earthquake|p1b: Incineroar|[spread] p1b\n|-activate|p1a: Primarina|move: Protect\n|-supereffective|p1b: Incineroar|1\n|-damage|p1b: Incineroar|51/100\n|\n|upkeep\n|turn|7\n|\n|t:|1776144363\n|move|p2b: Garchomp|Earthquake|p1a: Primarina|[spread] p1a,p1b\n|-supereffective|p1b: Incineroar|1\n|-damage|p1a: Primarina|0 fnt\n|-damage|p1b: Incineroar|8/100\n|-enditem|p1b: Incineroar|Sitrus Berry|[eat]\n|-heal|p1b: Incineroar|33/100|[from] item: Sitrus Berry\n|faint|p1a: Primarina\n|move|p1b: Incineroar|Throat Chop|p2b: Garchomp\n|-damage|p2b: Garchomp|67/100\n|-start|p2b: Garchomp|Throat Chop|[silent]\n|-damage|p1b: Incineroar|21/100|[from] ability: Rough Skin|[of] p2b: Garchomp\n|\n|upkeep\n|turn|8\n|c|\u2606cheeseguy43|Ggwp\n|\n|t:|1776144377\n|move|p2b: Garchomp|Earthquake|p1b: Incineroar\n|-supereffective|p1b: Incineroar|1\n|-damage|p1b: Incineroar|0 fnt\n|faint|p1b: Incineroar\n|\n|win|cheeseguy43\n|raw|CosmicHobbes's rating: 1128 &rarr; <strong>1096</strong><br />(-32 for losing)\n|raw|cheeseguy43's rating: 1027 &rarr; <strong>1073</strong><br />(+46 for winning)\n|l|\u2606CosmicHobbes\n|player|p1|\n",
  "uploadtime": 1776144380,
  "views": 14,
  "formatid": "gen9championsvgc2026regma",
  "rating": 1073,
  "private": 0,
  "password": null
}