{
  "id": "gen9championsvgc2026regma-2580836885",
  "format": "[Gen 9 Champions] VGC 2026 Reg M-A",
  "players": [
    "Anacardooooo",
    "YodaSlayer"
  ],
  "log": "|j|\u2606Anacardooooo\n|j|\u2606YodaSlayer\n|t:|1775936496\n|gametype|doubles\n|player|p1|Anacardooooo|170|1110\n|player|p2|YodaSlayer|169|1113\n|gen|9\n|tier|[Gen 9 Champions] VGC 2026 Reg M-A\n|rated|\n|rule|Species Clause: Limit one of each Pok\u00e9mon\n|rule|Item Clause: Limit 1 of each item\n|clearpoke\n|poke|p1|Gengar, L50, F|\n|poke|p1|Milotic, L50, M|\n|poke|p1|Garchomp, L50, M|\n|poke|p1|Incineroar, L50, M|\n|poke|p1|Sneasler, L50, M|\n|poke|p1|Vivillon-Elegant, L50, F|\n|poke|p2|Charizard, L50, F|\n|poke|p2|Garchomp, L50, M|\n|poke|p2|Venusaur, L50, M|\n|poke|p2|Gyarados, L50, M|\n|poke|p2|Aegislash, L50, M|\n|poke|p2|Talonflame, L50, F|\n|teampreview|4\n|\n|t:|1775936569\n|teamsize|p1|4\n|teamsize|p2|4\n|start\n|switch|p1a: Garchomp|Garchomp, L50, M|100/100\n|switch|p1b: Sneasler|Sneasler, L50, M|100/100\n|switch|p2a: Garchomp|Garchomp, L50, M|100/100\n|switch|p2b: Talonflame|Talonflame, L50, F|100/100\n|turn|1\n|l|\u2606YodaSlayer\n|player|p2|\n|j|\u2606YodaSlayer\n|player|p2|YodaSlayer|169|\n|\n|t:|1775936600\n|move|p2b: Talonflame|Protect|p2b: Talonflame\n|-singleturn|p2b: Talonflame|Protect\n|move|p2a: Garchomp|Protect|p2a: Garchomp\n|-singleturn|p2a: Garchomp|Protect\n|move|p1b: Sneasler|Fake Out|p2a: Garchomp\n|-activate|p2a: Garchomp|move: Protect\n|move|p1a: Garchomp|Stone Edge|p2b: Talonflame\n|-activate|p2b: Talonflame|move: Protect\n|\n|upkeep\n|turn|2\n|\n|t:|1775936620\n|switch|p1b: Milotic|Milotic, L50, M|100/100\n|move|p1a: Garchomp|Stone Edge|p2b: Talonflame|[miss]\n|-miss|p1a: Garchomp|p2b: Talonflame\n|move|p2b: Talonflame|Tailwind|p2b: Talonflame\n|-sidestart|p2: YodaSlayer|move: Tailwind\n|move|p2a: Garchomp|Earthquake|p1a: Garchomp|[spread] p1a,p1b\n|-immune|p2b: Talonflame\n|-crit|p1a: Garchomp\n|-damage|p1a: Garchomp|46/100\n|-damage|p1b: Milotic|66/100\n|\n|-heal|p1b: Milotic|72/100|[from] item: Leftovers\n|upkeep\n|turn|3\n|\n|t:|1775936641\n|move|p2b: Talonflame|Brave Bird|p1b: Milotic\n|-damage|p1b: Milotic|24/100\n|-damage|p2b: Talonflame|80/100|[from] Recoil\n|move|p2a: Garchomp|Substitute|p2a: Garchomp\n|-start|p2a: Garchomp|Substitute\n|-damage|p2a: Garchomp|76/100\n|move|p1a: Garchomp|Stone Edge|p2b: Talonflame\n|-supereffective|p2b: Talonflame|2\n|-damage|p2b: Talonflame|0 fnt\n|faint|p2b: Talonflame\n|move|p1b: Milotic|Ice Beam|p2a: Garchomp\n|-supereffective|p2a: Garchomp|2\n|-end|p2a: Garchomp|Substitute\n|\n|-heal|p1b: Milotic|30/100|[from] item: Leftovers\n|upkeep\n|\n|t:|1775936663\n|switch|p2b: Charizard|Charizard, L50, F|100/100\n|turn|4\n|\n|t:|1775936681\n|switch|p1a: Incineroar|Incineroar, L50, M|100/100\n|-ability|p1a: Incineroar|Intimidate|boost\n|-unboost|p2a: Garchomp|atk|1\n|-unboost|p2b: Charizard|atk|1\n|-enditem|p2a: Garchomp|White Herb\n|-clearnegativeboost|p2a: Garchomp|[silent]\n|detailschange|p2b: Charizard|Charizard-Mega-Y, L50, F\n|-mega|p2b: Charizard|Charizard|Charizardite Y\n|-weather|SunnyDay|[from] ability: Drought|[of] p2b: Charizard\n|move|p1b: Milotic|Protect|p1b: Milotic\n|-singleturn|p1b: Milotic|Protect\n|move|p2a: Garchomp|Earthquake|p1b: Milotic|[spread] p1a\n|-activate|p1b: Milotic|move: Protect\n|-immune|p2b: Charizard\n|-supereffective|p1a: Incineroar|1\n|-damage|p1a: Incineroar|35/100\n|-enditem|p1a: Incineroar|Sitrus Berry|[eat]\n|-heal|p1a: Incineroar|60/100|[from] item: Sitrus Berry\n|move|p2b: Charizard|Heat Wave|p1b: Milotic|[spread] \n|-activate|p1b: Milotic|move: Protect\n|-miss|p2b: Charizard|p1a: Incineroar\n|\n|-weather|SunnyDay|[upkeep]\n|-heal|p1b: Milotic|36/100|[from] item: Leftovers\n|upkeep\n|turn|5\n|\n|t:|1775936718\n|move|p2a: Garchomp|Earthquake|p1b: Milotic|[spread] p1a,p1b\n|-immune|p2b: Charizard\n|-supereffective|p1a: Incineroar|1\n|-damage|p1a: Incineroar|2/100\n|-damage|p1b: Milotic|1/100\n|move|p2b: Charizard|Heat Wave|p1b: Milotic|[spread] p1a,p1b\n|-resisted|p1a: Incineroar|1\n|-resisted|p1b: Milotic|1\n|-damage|p1a: Incineroar|0 fnt\n|-damage|p1b: Milotic|0 fnt\n|faint|p1a: Incineroar\n|faint|p1b: Milotic\n|\n|-weather|SunnyDay|[upkeep]\n|-sideend|p2: YodaSlayer|move: Tailwind\n|upkeep\n|\n|t:|1775936725\n|switch|p1b: Sneasler|Sneasler, L50, M|100/100\n|switch|p1a: Garchomp|Garchomp, L50, M|46/100\n|turn|6\n|\n|t:|1775936739\n|move|p2a: Garchomp|Protect|p2a: Garchomp\n|-singleturn|p2a: Garchomp|Protect\n|move|p2b: Charizard|Protect|p2b: Charizard\n|-singleturn|p2b: Charizard|Protect\n|move|p1b: Sneasler|Fake Out|p2a: Garchomp\n|-activate|p2a: Garchomp|move: Protect\n|move|p1a: Garchomp|Stone Edge|p2b: Charizard\n|-activate|p2b: Charizard|move: Protect\n|\n|-weather|SunnyDay|[upkeep]\n|upkeep\n|turn|7\n|\n|t:|1775936756\n|move|p1a: Garchomp|Stone Edge|p2b: Charizard\n|-supereffective|p2b: Charizard|2\n|-damage|p2b: Charizard|0 fnt\n|faint|p2b: Charizard\n|move|p1b: Sneasler|Close Combat|p2a: Garchomp\n|-damage|p2a: Garchomp|4/100\n|-unboost|p1b: Sneasler|def|1\n|-unboost|p1b: Sneasler|spd|1\n|-damage|p1b: Sneasler|88/100|[from] ability: Rough Skin|[of] p2a: Garchomp\n|-enditem|p1b: Sneasler|White Herb\n|-clearnegativeboost|p1b: Sneasler|[silent]\n|move|p2a: Garchomp|Earthquake|p1b: Sneasler|[spread] p1a,p1b\n|-supereffective|p1b: Sneasler|1\n|-damage|p1a: Garchomp|6/100\n|-damage|p1b: Sneasler|0 fnt\n|faint|p1b: Sneasler\n|\n|-weather|SunnyDay|[upkeep]\n|upkeep\n|\n|t:|1775936773\n|switch|p2b: Venusaur|Venusaur, L50, M|100/100\n|turn|8\n|\n|t:|1775936783\n|move|p1a: Garchomp|Stone Edge|p2b: Venusaur\n|-damage|p2b: Venusaur|65/100\n|move|p2b: Venusaur|Giga Drain|p1a: Garchomp\n|-damage|p1a: Garchomp|0 fnt\n|-heal|p2b: Venusaur|67/100|[from] drain|[of] p1a: Garchomp\n|faint|p1a: Garchomp\n|\n|win|YodaSlayer\n|raw|Anacardooooo's rating: 1110 &rarr; <strong>1085</strong><br />(-25 for losing)\n|raw|YodaSlayer's rating: 1113 &rarr; <strong>1138</strong><br />(+25 for winning)\n|l|\u2606YodaSlayer\n|player|p2|\n",
  "uploadtime": 1775936791,
  "views": 11,
  "formatid": "gen9championsvgc2026regma",
  "rating": 1085,
  "private": 0,
  "password": null
}