{
  "id": "gen9championsvgc2026regma-2582038246",
  "format": "[Gen 9 Champions] VGC 2026 Reg M-A",
  "players": [
    "BestPessoa",
    "Lqndon612"
  ],
  "log": "|j|\u2606BestPessoa\n|j|\u2606Lqndon612\n|t:|1776050777\n|gametype|doubles\n|player|p1|BestPessoa|cynthia-gen4|1121\n|player|p2|Lqndon612|266|1073\n|gen|9\n|tier|[Gen 9 Champions] VGC 2026 Reg M-A\n|rated|\n|rule|Species Clause: Limit one of each Pok\u00e9mon\n|rule|Item Clause: Limit 1 of each item\n|clearpoke\n|poke|p1|Farigiraf, L50, F|\n|poke|p1|Incineroar, L50, F|\n|poke|p1|Torkoal, L50, F|\n|poke|p1|Sneasler, L50, M|\n|poke|p1|Ampharos, L50, M|\n|poke|p1|Typhlosion-Hisui, L50, F|\n|poke|p2|Aerodactyl, L50, M|\n|poke|p2|Dragonite, L50, M|\n|poke|p2|Garchomp, L50, M|\n|poke|p2|Medicham, L50, M|\n|poke|p2|Archaludon, L50, F|\n|poke|p2|Hawlucha, L50, F|\n|teampreview|4\n|inactive|Battle timer is ON: inactive players will automatically lose when time's up. (requested by Lqndon612)\nLqndon612 rejected open team sheets.\n|\n|t:|1776050811\n|teamsize|p1|4\n|teamsize|p2|4\n|start\n|switch|p1a: Farigiraf|Farigiraf, L50, F|100/100\n|switch|p1b: Incineroar|Incineroar, L50, F|100/100\n|switch|p2a: Garchomp|Garchomp, L50, M|100/100\n|switch|p2b: Medicham|Medicham, L50, M|100/100\n|-ability|p1b: Incineroar|Intimidate|boost\n|-unboost|p2a: Garchomp|atk|1\n|-unboost|p2b: Medicham|atk|1\n|turn|1\n|inactive|BestPessoa has 30 seconds left.\n|\n|t:|1776050842\n|switch|p2a: Archaludon|Archaludon, L50, F|100/100\n|move|p1b: Incineroar|Fake Out|p2b: Medicham\n|-damage|p2b: Medicham|87/100\n|cant|p2b: Medicham|flinch\n|move|p1a: Farigiraf|Trick Room|p1a: Farigiraf\n|-fieldstart|move: Trick Room|[of] p1a: Farigiraf\n|\n|upkeep\n|turn|2\n|inactive|BestPessoa has 30 seconds left.\n|inactive|Lqndon612 has 30 seconds left.\n|\n|t:|1776050875\n|move|p1a: Farigiraf|Psychic|p2b: Medicham\n|-damage|p2b: Medicham|26/100\n|move|p1b: Incineroar|Parting Shot|p2a: Archaludon\n|-unboost|p2a: Archaludon|atk|1\n|-unboost|p2a: Archaludon|spa|1\n|\n|t:|1776050886\n|switch|p1b: Torkoal|Torkoal, L50, F|100/100|[from] Parting Shot\n|-weather|SunnyDay|[from] ability: Drought|[of] p1b: Torkoal\n|move|p2a: Archaludon|Dragon Cheer|p2b: Medicham\n|-start|p2b: Medicham|move: Dragon Cheer\n|move|p2b: Medicham|Trick|p1b: Torkoal\n|-activate|p2b: Medicham|move: Trick|[of] p1b: Torkoal\n|-item|p1b: Torkoal|Choice Scarf|[from] move: Trick\n|-item|p2b: Medicham|Charcoal|[from] move: Trick\n|\n|-weather|SunnyDay|[upkeep]\n|upkeep\n|turn|3\n|\n|t:|1776050908\n|move|p2a: Archaludon|Protect|p2a: Archaludon\n|-singleturn|p2a: Archaludon|Protect\n|move|p1b: Torkoal|Eruption|p2a: Archaludon|[spread] p2b\n|-activate|p2a: Archaludon|move: Protect\n|-damage|p2b: Medicham|0 fnt\n|faint|p2b: Medicham\n|move|p1a: Farigiraf|Psychic|p2a: Archaludon\n|-activate|p2a: Archaludon|move: Protect\n|\n|-weather|SunnyDay|[upkeep]\n|upkeep\n|\n|t:|1776050921\n|switch|p2b: Garchomp|Garchomp, L50, M|100/100\n|turn|4\n|\n|t:|1776050932\n|switch|p2a: Dragonite|Dragonite, L50, M|100/100\n|move|p2b: Garchomp|Protect|p2b: Garchomp\n|-singleturn|p2b: Garchomp|Protect\n|move|p1b: Torkoal|Eruption|p2b: Garchomp|[spread] p2a\n|-activate|p2b: Garchomp|move: Protect\n|-resisted|p2a: Dragonite|1\n|-damage|p2a: Dragonite|87/100\n|move|p1a: Farigiraf|Psychic|p2a: Dragonite\n|-damage|p2a: Dragonite|55/100\n|\n|-weather|SunnyDay|[upkeep]\n|upkeep\n|turn|5\n|\n|t:|1776050952\n|detailschange|p2b: Garchomp|Garchomp-Mega, L50, M\n|-mega|p2b: Garchomp|Garchomp|Garchompite\n|move|p1b: Torkoal|Eruption|p2a: Dragonite|[spread] p2a,p2b\n|-resisted|p2a: Dragonite|1\n|-crit|p2a: Dragonite\n|-resisted|p2b: Garchomp|1\n|-damage|p2a: Dragonite|11/100\n|-damage|p2b: Garchomp|63/100\n|-enditem|p2a: Dragonite|Sitrus Berry|[eat]\n|-heal|p2a: Dragonite|36/100|[from] item: Sitrus Berry\n|move|p1a: Farigiraf|Psychic|p2b: Garchomp\n|-damage|p2b: Garchomp|18/100\n|move|p2a: Dragonite|Roost|p2a: Dragonite\n|-heal|p2a: Dragonite|86/100\n|-singleturn|p2a: Dragonite|move: Roost\n|move|p2b: Garchomp|Earthquake|p1a: Farigiraf|[spread] p2a,p1a,p1b\n|-supereffective|p1b: Torkoal|1\n|-damage|p2a: Dragonite|38/100\n|-damage|p1a: Farigiraf|42/100\n|-damage|p1b: Torkoal|26/100\n|\n|-weather|SunnyDay|[upkeep]\n|-fieldend|move: Trick Room\n|upkeep\n|turn|6\n|inactive|BestPessoa has 30 seconds left.\n|\n|t:|1776050982\n|switch|p1b: Incineroar|Incineroar, L50, F|100/100\n|-ability|p1b: Incineroar|Intimidate|boost\n|-unboost|p2a: Dragonite|atk|1\n|-unboost|p2b: Garchomp|atk|1\n|move|p1a: Farigiraf|Protect|p1a: Farigiraf\n|-singleturn|p1a: Farigiraf|Protect\n|move|p2b: Garchomp|Earthquake|p1b: Incineroar|[spread] p1b\n|-activate|p1a: Farigiraf|move: Protect\n|-immune|p2a: Dragonite\n|-supereffective|p1b: Incineroar|1\n|-damage|p1b: Incineroar|50/100\n|-enditem|p1b: Incineroar|Sitrus Berry|[eat]\n|-heal|p1b: Incineroar|75/100|[from] item: Sitrus Berry\n|move|p2a: Dragonite|Roost|p2a: Dragonite\n|-heal|p2a: Dragonite|88/100\n|-singleturn|p2a: Dragonite|move: Roost\n|\n|-weather|none\n|upkeep\n|turn|7\n|inactive|Lqndon612 has 30 seconds left.\n|inactive|Lqndon612 has 20 seconds left.\n|\n|t:|1776051019\n|move|p2b: Garchomp|Protect|p2b: Garchomp\n|-singleturn|p2b: Garchomp|Protect\n|move|p1b: Incineroar|Fake Out|p2b: Garchomp\n|-activate|p2b: Garchomp|move: Protect\n|move|p2a: Dragonite|Roost|p2a: Dragonite\n|-heal|p2a: Dragonite|100/100\n|-singleturn|p2a: Dragonite|move: Roost\n|move|p1a: Farigiraf|Trick Room|p1a: Farigiraf\n|-fieldstart|move: Trick Room|[of] p1a: Farigiraf\n|\n|upkeep\n|turn|8\n|\n|t:|1776051037\n|switch|p2b: Archaludon|Archaludon, L50, F|100/100\n|move|p2a: Dragonite|Protect|p2a: Dragonite\n|-singleturn|p2a: Dragonite|Protect\n|move|p1b: Incineroar|Throat Chop|p2a: Dragonite\n|-activate|p2a: Dragonite|move: Protect\n|move|p1a: Farigiraf|Hyper Voice|p2b: Archaludon|[spread] p2b\n|-activate|p2a: Dragonite|move: Protect\n|-resisted|p2b: Archaludon|1\n|-damage|p2b: Archaludon|68/100\n|\n|upkeep\n|turn|9\n|inactive|BestPessoa has 30 seconds left.\n|\n|t:|1776051064\n|move|p2a: Dragonite|Helping Hand|p2b: Archaludon\n|-singleturn|p2b: Archaludon|Helping Hand|[of] p2a: Dragonite\n|move|p1a: Farigiraf|Psychic|p2a: Dragonite\n|-damage|p2a: Dragonite|83/100\n|move|p1b: Incineroar|Throat Chop|p2a: Dragonite\n|-damage|p2a: Dragonite|56/100\n|-start|p2a: Dragonite|Throat Chop|[silent]\n|move|p2b: Archaludon|Flash Cannon|p1a: Farigiraf\n|-damage|p1a: Farigiraf|0 fnt\n|faint|p1a: Farigiraf\n|\n|upkeep\n|inactive|BestPessoa has 30 seconds left.\n|\n|t:|1776051098\n|switch|p1a: Ampharos|Ampharos, L50, M|100/100\n|turn|10\n|\n|t:|1776051123\n|switch|p1b: Torkoal|Torkoal, L50, F|26/100\n|-weather|SunnyDay|[from] ability: Drought|[of] p1b: Torkoal\n|detailschange|p1a: Ampharos|Ampharos-Mega, L50, M\n|-mega|p1a: Ampharos|Ampharos|Ampharosite\n|-ability|p1a: Ampharos|Mold Breaker\n|move|p2b: Archaludon|Protect|p2b: Archaludon\n|-singleturn|p2b: Archaludon|Protect\n|move|p1a: Ampharos|Dragon Pulse|p2a: Dragonite\n|-supereffective|p2a: Dragonite|1\n|-damage|p2a: Dragonite|0 fnt\n|faint|p2a: Dragonite\n|\n|-weather|SunnyDay|[upkeep]\n|upkeep\n|\n|t:|1776051135\n|switch|p2a: Garchomp|Garchomp-Mega, L50, M|18/100\n|turn|11\n|\n|t:|1776051149\n|move|p2a: Garchomp|Protect|p2a: Garchomp\n|-singleturn|p2a: Garchomp|Protect\n|move|p1b: Torkoal|Weather Ball|p2b: Archaludon\n|-damage|p2b: Archaludon|0 fnt\n|faint|p2b: Archaludon\n|move|p1a: Ampharos|Dragon Pulse|p2a: Garchomp\n|-activate|p2a: Garchomp|move: Protect\n|\n|-weather|SunnyDay|[upkeep]\n|-fieldend|move: Trick Room\n|upkeep\n|turn|12\n|\n|t:|1776051170\n|switch|p1b: Incineroar|Incineroar, L50, F|75/100\n|-ability|p1b: Incineroar|Intimidate|boost\n|-unboost|p2a: Garchomp|atk|1\n|move|p1a: Ampharos|Protect|p1a: Ampharos\n|-singleturn|p1a: Ampharos|Protect\n|move|p2a: Garchomp|Earthquake|p1b: Incineroar|[spread] p1b\n|-activate|p1a: Ampharos|move: Protect\n|-supereffective|p1b: Incineroar|1\n|-damage|p1b: Incineroar|24/100\n|\n|-weather|SunnyDay|[upkeep]\n|upkeep\n|turn|13\n|\n|t:|1776051188\n|switch|p1b: Torkoal|Torkoal, L50, F|26/100\n|move|p2a: Garchomp|Protect|p2a: Garchomp\n|-singleturn|p2a: Garchomp|Protect\n|move|p1a: Ampharos|Dragon Pulse|p2a: Garchomp\n|-activate|p2a: Garchomp|move: Protect\n|\n|-weather|SunnyDay|[upkeep]\n|upkeep\n|turn|14\n|\n|t:|1776051208\n|switch|p1b: Incineroar|Incineroar, L50, F|24/100\n|-ability|p1b: Incineroar|Intimidate|boost\n|-unboost|p2a: Garchomp|atk|1\n|move|p1a: Ampharos|Protect|p1a: Ampharos\n|-singleturn|p1a: Ampharos|Protect\n|move|p2a: Garchomp|Rock Slide|p1a: Ampharos|[spread] p1b\n|-activate|p1a: Ampharos|move: Protect\n|-supereffective|p1b: Incineroar|1\n|-damage|p1b: Incineroar|5/100\n|\n|-weather|none\n|upkeep\n|turn|15\n|\n|t:|1776051223\n|move|p2a: Garchomp|Protect|p2a: Garchomp\n|-singleturn|p2a: Garchomp|Protect\n|move|p1b: Incineroar|Fake Out|p2a: Garchomp\n|-activate|p2a: Garchomp|move: Protect\n|move|p1a: Ampharos|Dragon Pulse|p2a: Garchomp\n|-activate|p2a: Garchomp|move: Protect\n|\n|upkeep\n|turn|16\n|\n|t:|1776051239\n|move|p2a: Garchomp|Rock Slide|p1a: Ampharos|[spread] p1a\n|-miss|p2a: Garchomp|p1b: Incineroar\n|-damage|p1a: Ampharos|89/100\n|move|p1b: Incineroar|Throat Chop|p2a: Garchomp\n|-damage|p2a: Garchomp|0 fnt\n|faint|p2a: Garchomp\n|\n|win|BestPessoa\n|raw|BestPessoa's rating: 1121 &rarr; <strong>1143</strong><br />(+22 for winning)\n|raw|Lqndon612's rating: 1073 &rarr; <strong>1055</strong><br />(-18 for losing)\n|l|\u2606Lqndon612\n|player|p2|\n",
  "uploadtime": 1776051372,
  "views": 11,
  "formatid": "gen9championsvgc2026regma",
  "rating": 1055,
  "private": 0,
  "password": null
}