{
  "id": "gen9championsvgc2026regma-2586201381",
  "format": "[Gen 9 Champions] VGC 2026 Reg M-A",
  "players": [
    "cats dream of you",
    "mdnctz"
  ],
  "log": "|j|\u2606cats dream of you\n|j|\u2606mdnctz\n|t:|1776411734\n|gametype|doubles\n|player|p1|cats dream of you|102|1193\n|player|p2|mdnctz|sycamore|1103\n|gen|9\n|tier|[Gen 9 Champions] VGC 2026 Reg M-A\n|rated|\n|rule|Species Clause: Limit one of each Pok\u00e9mon\n|rule|Item Clause: Limit 1 of each item\n|clearpoke\n|poke|p1|Corviknight, L50, F|\n|poke|p1|Gardevoir, L50, F|\n|poke|p1|Garchomp, L50, F|\n|poke|p1|Sinistcha, L50|\n|poke|p1|Dragonite, L50, F|\n|poke|p1|Sneasler, L50, F|\n|poke|p2|Meganium, L50, M|\n|poke|p2|Clawitzer, L50, M|\n|poke|p2|Incineroar, L50, M|\n|poke|p2|Klefki, L50, M|\n|poke|p2|Golurk, L50|\n|poke|p2|Hawlucha, L50, M|\n|teampreview|4\ncats dream of you has agreed to open team sheets.\n|inactive|Battle timer is ON: inactive players will automatically lose when time's up. (requested by cats dream of you)\n|\n|t:|1776411776\n|teamsize|p1|4\n|teamsize|p2|4\n|start\n|switch|p1a: Corviknight|Corviknight, L50, F, shiny|100/100\n|switch|p1b: Sneasler|Sneasler, L50, F, shiny|100/100\n|switch|p2a: Klefki|Klefki, L50, M|100/100\n|switch|p2b: Incineroar|Incineroar, L50, M|100/100\n|-ability|p2b: Incineroar|Intimidate|boost\n|-ability|p1a: Corviknight|Mirror Armor\n|-unboost|p2b: Incineroar|atk|1\n|-unboost|p1b: Sneasler|atk|1\n|turn|1\n|inactive|mdnctz has 30 seconds left.\n|inactive|mdnctz has 20 seconds left.\n|inactive|mdnctz has 15 seconds left.\n|inactive|cats dream of you has 30 seconds left.\n|\n|t:|1776411827\n|move|p2b: Incineroar|Fake Out|p1b: Sneasler\n|-damage|p1b: Sneasler|89/100\n|cant|p1b: Sneasler|flinch\n|move|p1a: Corviknight|Iron Head|p2a: Klefki\n|-damage|p2a: Klefki|63/100\n|cant|p2a: Klefki|flinch\n|\n|upkeep\n|turn|2\n|inactive|mdnctz has 30 seconds left.\n|\n|t:|1776411859\n|move|p1b: Sneasler|Coaching|p1a: Corviknight\n|-boost|p1a: Corviknight|atk|1\n|-boost|p1a: Corviknight|def|1\n|move|p2b: Incineroar|Parting Shot|p1b: Sneasler\n|-unboost|p1b: Sneasler|atk|1\n|-unboost|p1b: Sneasler|spa|1\n|\n|t:|1776411878\n|switch|p2b: Golurk|Golurk, L50|100/100|[from] Parting Shot\n|move|p1a: Corviknight|Iron Head|p2a: Klefki\n|-damage|p2a: Klefki|12/100\n|move|p2a: Klefki|Trick Room|p2a: Klefki\n|-fieldstart|move: Trick Room|[of] p2a: Klefki\n|\n|upkeep\n|turn|3\n|inactive|mdnctz has 30 seconds left.\n|\n|t:|1776411903\n|switch|p1b: Garchomp|Garchomp, L50, F|100/100\n|detailschange|p2b: Golurk|Golurk-Mega, L50\n|-mega|p2b: Golurk|Golurk|Golurkite\n|move|p2b: Golurk|Thunder Punch|p1a: Corviknight\n|-supereffective|p1a: Corviknight|1\n|-damage|p1a: Corviknight|65/100\n|move|p1a: Corviknight|Brave Bird|p2b: Golurk\n|-damage|p2b: Golurk|36/100\n|-damage|p1a: Corviknight|45/100|[from] Recoil\n|move|p2a: Klefki|Foul Play|p1a: Corviknight\n|-damage|p1a: Corviknight|20/100\n|\n|-heal|p1a: Corviknight|26/100|[from] item: Leftovers\n|upkeep\n|turn|4\n|inactive|mdnctz has 30 seconds left.\n|inactive|mdnctz has 20 seconds left.\n|inactive|mdnctz has 15 seconds left.\n|inactive|mdnctz has 10 seconds left.\n|\n|t:|1776411949\n|move|p2b: Golurk|Ice Punch|p1b: Garchomp\n|-supereffective|p1b: Garchomp|2\n|-damage|p1b: Garchomp|0 fnt\n|faint|p1b: Garchomp\n|move|p1a: Corviknight|Iron Head|p2b: Golurk\n|-damage|p2b: Golurk|0 fnt\n|faint|p2b: Golurk\n|move|p2a: Klefki|Foul Play|p1a: Corviknight\n|-damage|p1a: Corviknight|3/100\n|\n|-heal|p1a: Corviknight|9/100|[from] item: Leftovers\n|upkeep\n|\n|t:|1776411971\n|switch|p2b: Incineroar|Incineroar, L50, M|100/100\n|switch|p1b: Gardevoir|Gardevoir, L50, F, shiny|100/100\n|-ability|p2b: Incineroar|Intimidate|boost\n|-ability|p1a: Corviknight|Mirror Armor\n|-unboost|p2b: Incineroar|atk|1\n|-unboost|p1b: Gardevoir|atk|1\n|turn|5\n|\n|t:|1776411991\n|detailschange|p1b: Gardevoir|Gardevoir-Mega, L50, F, shiny\n|-mega|p1b: Gardevoir|Gardevoir|Gardevoirite\n|move|p2b: Incineroar|Fake Out|p1b: Gardevoir\n|-damage|p1b: Gardevoir|89/100\n|move|p1a: Corviknight|Roost|p1a: Corviknight\n|-heal|p1a: Corviknight|59/100\n|-singleturn|p1a: Corviknight|move: Roost\n|move|p2a: Klefki|Foul Play|p1a: Corviknight\n|-damage|p1a: Corviknight|35/100\n|cant|p1b: Gardevoir|flinch\n|\n|-heal|p1a: Corviknight|41/100|[from] item: Leftovers\n|upkeep\n|turn|6\n|inactive|mdnctz has 30 seconds left.\n|inactive|mdnctz has 20 seconds left.\n|inactive|mdnctz has 15 seconds left.\n|inactive|mdnctz has 10 seconds left.\n|inactive|mdnctz has 5 seconds left.\n|\n|t:|1776412041\n|move|p1a: Corviknight|Roost|p1a: Corviknight\n|-heal|p1a: Corviknight|91/100\n|-singleturn|p1a: Corviknight|move: Roost\n|move|p2b: Incineroar|Darkest Lariat|p1b: Gardevoir\n|-damage|p1b: Gardevoir|54/100\n|move|p2a: Klefki|Foul Play|p1a: Corviknight\n|-damage|p1a: Corviknight|67/100\n|move|p1b: Gardevoir|Hyper Voice|p2a: Klefki|[spread] p2a,p2b\n|-resisted|p2a: Klefki|1\n|-damage|p2a: Klefki|0 fnt\n|-damage|p2b: Incineroar|53/100\n|faint|p2a: Klefki\n|\n|-heal|p1a: Corviknight|73/100|[from] item: Leftovers\n|-fieldend|move: Trick Room\n|upkeep\n|\n|t:|1776412059\n|switch|p2a: Clawitzer|Clawitzer, L50, M|100/100\n|turn|7\n|\n|t:|1776412079\n|move|p1b: Gardevoir|Protect|p1b: Gardevoir\n|-singleturn|p1b: Gardevoir|Protect\n|move|p2b: Incineroar|Darkest Lariat|p1a: Corviknight\n|-damage|p1a: Corviknight|54/100\n|move|p2a: Clawitzer|Water Pulse|p1b: Gardevoir\n|-activate|p1b: Gardevoir|move: Protect\n|move|p1a: Corviknight|Brave Bird|p2a: Clawitzer\n|-damage|p2a: Clawitzer|6/100\n|-damage|p1a: Corviknight|27/100|[from] Recoil\n|\n|-heal|p2a: Clawitzer|12/100|[from] item: Leftovers\n|-heal|p1a: Corviknight|33/100|[from] item: Leftovers\n|upkeep\n|turn|8\n|inactive|mdnctz has 30 seconds left.\n|\n|t:|1776412104\n|move|p1b: Gardevoir|Hyper Voice|p2b: Incineroar|[spread] p2a,p2b\n|-damage|p2a: Clawitzer|0 fnt\n|-damage|p2b: Incineroar|10/100\n|faint|p2a: Clawitzer\n|move|p2b: Incineroar|Darkest Lariat|p1b: Gardevoir\n|-damage|p1b: Gardevoir|19/100\n|move|p1a: Corviknight|Roost|p1a: Corviknight\n|-heal|p1a: Corviknight|83/100\n|-singleturn|p1a: Corviknight|move: Roost\n|\n|-heal|p1a: Corviknight|89/100|[from] item: Leftovers\n|upkeep\n|turn|9\n|-message|mdnctz forfeited.\n|\n|win|cats dream of you\n|raw|cats dream of you's rating: 1193 &rarr; <strong>1212</strong><br />(+19 for winning)\n|raw|mdnctz's rating: 1103 &rarr; <strong>1084</strong><br />(-19 for losing)\n|l|\u2606mdnctz\n|player|p2|\n",
  "uploadtime": 1776412125,
  "views": 25,
  "formatid": "gen9championsvgc2026regma",
  "rating": 1084,
  "private": 0,
  "password": null
}