{
  "id": "gen9championsvgc2026regma-2589554068",
  "format": "[Gen 9 Champions] VGC 2026 Reg M-A",
  "players": [
    "Schlipperino",
    "guioguoguo"
  ],
  "log": "|j|\u2606Schlipperino\n|j|\u2606guioguoguo\n|t:|1776733611\n|gametype|doubles\n|player|p1|Schlipperino|170|1207\n|player|p2|guioguoguo|266|1175\n|gen|9\n|tier|[Gen 9 Champions] VGC 2026 Reg M-A\n|rated|\n|rule|Species Clause: Limit one of each Pok\u00e9mon\n|rule|Item Clause: Limit 1 of each item\n|clearpoke\n|poke|p1|Hydreigon, L50, F|\n|poke|p1|Zoroark-Hisui, L50, M|\n|poke|p1|Emboar, L50, M|\n|poke|p1|Archaludon, L50, F|\n|poke|p1|Aerodactyl, L50, M|\n|poke|p1|Sinistcha, L50|\n|poke|p2|Excadrill, L50, M, shiny|\n|poke|p2|Hawlucha, L50, F, shiny|\n|poke|p2|Tyranitar, L50, F, shiny|\n|poke|p2|Espathra, L50, M, shiny|\n|poke|p2|Sinistcha, L50, shiny|\n|poke|p2|Incineroar, L50, M, shiny|\n|teampreview|4\n|inactive|Battle timer is ON: inactive players will automatically lose when time's up. (requested by guioguoguo)\nguioguoguo rejected open team sheets.\n|inactive|Schlipperino has 60 seconds left.\n|inactive|guioguoguo has 60 seconds left.\n|inactive|guioguoguo has 30 seconds left.\n|\n|t:|1776733682\n|teamsize|p1|4\n|teamsize|p2|4\n|start\n|switch|p1a: Aerodactyl|Aerodactyl, L50, M|100/100\n|switch|p1b: Emboar|Emboar, L50, M|100/100\n|switch|p2a: Sinistcha|Sinistcha, L50, shiny|100/100\n|switch|p2b: Espathra|Espathra, L50, M, shiny|100/100\n|turn|1\n|inactive|Schlipperino has 30 seconds left.\n|\n|t:|1776733709\n|move|p1b: Emboar|Protect|p1b: Emboar\n|-singleturn|p1b: Emboar|Protect\n|move|p2a: Sinistcha|Matcha Gotcha|p1a: Aerodactyl|[spread] p1a\n|-activate|p1b: Emboar|move: Protect\n|-damage|p1a: Aerodactyl|44/100\n|replace|p1a: Zoroark|Zoroark-Hisui, L50, M\n|-end|p1a: Zoroark|Illusion\n|move|p1a: Zoroark|Icy Wind|p2a: Sinistcha|[spread] p2a,p2b\n|-supereffective|p2a: Sinistcha|1\n|-damage|p2a: Sinistcha|57/100\n|-damage|p2b: Espathra|81/100\n|-unboost|p2a: Sinistcha|spe|1\n|-unboost|p2b: Espathra|spe|1\n|move|p2b: Espathra|Calm Mind|p2b: Espathra\n|-boost|p2b: Espathra|spa|1\n|-boost|p2b: Espathra|spd|1\n|\n|-ability|p2b: Espathra|Speed Boost|boost\n|-boost|p2b: Espathra|spe|1\n|upkeep\n|turn|2\n|inactive|Schlipperino has 30 seconds left.\n|inactive|guioguoguo has 30 seconds left.\n|inactive|Schlipperino has 20 seconds left.\n|inactive|Schlipperino has 15 seconds left.\n|inactive|Schlipperino has 10 seconds left.\n|inactive|Schlipperino has 5 seconds left.\n|\n|t:|1776733764\n|switch|p2a: Excadrill|Excadrill, L50, M, shiny|100/100\n|move|p2b: Espathra|Protect|p2b: Espathra\n|-singleturn|p2b: Espathra|Protect\n|move|p1a: Zoroark|Hyper Voice|p2b: Espathra|[spread] p2a\n|-activate|p2b: Espathra|move: Protect\n|-resisted|p2a: Excadrill|1\n|-damage|p2a: Excadrill|75/100\n|move|p1b: Emboar|Flare Blitz|p2b: Espathra\n|-activate|p2b: Espathra|move: Protect\n|\n|-ability|p2b: Espathra|Speed Boost|boost\n|-boost|p2b: Espathra|spe|1\n|upkeep\n|turn|3\n|inactive|Schlipperino has 30 seconds left.\n|\n|t:|1776733798\n|move|p1b: Emboar|Protect|p1b: Emboar\n|-singleturn|p1b: Emboar|Protect\n|move|p2b: Espathra|Stored Power|p1b: Emboar\n|-activate|p1b: Emboar|move: Protect\n|move|p1a: Zoroark|Shadow Ball|p2b: Espathra\n|-supereffective|p2b: Espathra|1\n|-damage|p2b: Espathra|6/100\n|-unboost|p2b: Espathra|spd|1\n|move|p2a: Excadrill|Stomping Tantrum|p1a: Zoroark\n|-damage|p1a: Zoroark|0 fnt\n|faint|p1a: Zoroark\n|\n|-ability|p2b: Espathra|Speed Boost|boost\n|-boost|p2b: Espathra|spe|1\n|upkeep\n|\n|t:|1776733813\n|switch|p1a: Aerodactyl|Aerodactyl, L50, M|100/100\n|turn|4\n|\n|t:|1776733835\n|detailschange|p1b: Emboar|Emboar-Mega, L50, M\n|-mega|p1b: Emboar|Emboar|Emboarite\n|-ability|p1b: Emboar|Mold Breaker\n|move|p2b: Espathra|Protect|p2b: Espathra\n|-singleturn|p2b: Espathra|Protect\n|move|p1a: Aerodactyl|Protect|p1a: Aerodactyl\n|-singleturn|p1a: Aerodactyl|Protect\n|move|p1b: Emboar|Sucker Punch||[still]\n|-fail|p1b: Emboar\n|move|p2a: Excadrill|Stomping Tantrum|p1b: Emboar\n|-supereffective|p1b: Emboar|1\n|-damage|p1b: Emboar|34/100\n|\n|-ability|p2b: Espathra|Speed Boost|boost\n|-boost|p2b: Espathra|spe|1\n|upkeep\n|turn|5\n|inactive|guioguoguo has 30 seconds left.\n|\n|t:|1776733864\n|move|p2b: Espathra|Calm Mind|p2b: Espathra\n|-boost|p2b: Espathra|spa|1\n|-boost|p2b: Espathra|spd|1\n|move|p1a: Aerodactyl|Tailwind|p1a: Aerodactyl\n|-sidestart|p1: Schlipperino|move: Tailwind\n|move|p1b: Emboar|Flare Blitz|p2a: Excadrill\n|-supereffective|p2a: Excadrill|1\n|-damage|p2a: Excadrill|0 fnt\n|faint|p2a: Excadrill\n|-damage|p1b: Emboar|10/100|[from] Recoil\n|\n|-ability|p2b: Espathra|Speed Boost|boost\n|-boost|p2b: Espathra|spe|1\n|upkeep\n|\n|t:|1776733876\n|switch|p2a: Sinistcha|Sinistcha, L50, shiny|57/100\n|-heal|p2b: Espathra|31/100|[from] ability: Hospitality|[of] p2a: Sinistcha\n|turn|6\n|inactive|Schlipperino has 30 seconds left.\n|inactive|guioguoguo has 30 seconds left.\n|\n|t:|1776733910\n|switch|p1a: Archaludon|Archaludon, L50, F|100/100\n|move|p1b: Emboar|Protect|p1b: Emboar\n|-singleturn|p1b: Emboar|Protect\n|move|p2b: Espathra|Stored Power|p1a: Archaludon\n|-resisted|p1a: Archaludon|1\n|-damage|p1a: Archaludon|0 fnt\n|faint|p1a: Archaludon\n|move|p2a: Sinistcha|Shadow Ball|p1b: Emboar\n|-activate|p1b: Emboar|move: Protect\n|\n|-ability|p2b: Espathra|Speed Boost|boost\n|-boost|p2b: Espathra|spe|1\n|upkeep\n|l|\u2606Schlipperino\n|inactive|Schlipperino disconnected and has a minute to reconnect!\n|player|p1|\n|inactive|Schlipperino has 30 seconds left.\n|j|\u2606Schlipperino\n|inactive|Schlipperino reconnected and has 30 seconds left.\n|player|p1|Schlipperino|170|\n|\n|t:|1776733940\n|switch|p1a: Aerodactyl|Aerodactyl, L50, M|100/100\n|turn|7\n|inactive|guioguoguo has 30 seconds left.\n|\n|t:|1776733971\n|move|p2b: Espathra|Stored Power|p1a: Aerodactyl\n|-enditem|p1a: Aerodactyl|Focus Sash\n|-damage|p1a: Aerodactyl|1/100\n|move|p1a: Aerodactyl|Rock Slide|p2a: Sinistcha|[spread] p2a,p2b\n|-damage|p2a: Sinistcha|28/100\n|-damage|p2b: Espathra|0 fnt\n|faint|p2b: Espathra\n|move|p2a: Sinistcha|Shadow Ball|p1b: Emboar\n|-damage|p1b: Emboar|0 fnt\n|faint|p1b: Emboar\n|\n|upkeep\n|\n|t:|1776733984\n|switch|p2b: Hawlucha|Hawlucha, L50, F, shiny|100/100\n|-ability|p2b: Hawlucha|Mold Breaker\n|turn|8\n|\n|t:|1776733993\n|detailschange|p2b: Hawlucha|Hawlucha-Mega, L50, F, shiny\n|-mega|p2b: Hawlucha|Hawlucha|Hawluchanite\n|move|p1a: Aerodactyl|Rock Slide|p2a: Sinistcha|[spread] p2a,p2b\n|-damage|p2a: Sinistcha|0 fnt\n|-damage|p2b: Hawlucha|71/100\n|faint|p2a: Sinistcha\n|move|p2b: Hawlucha|Rock Slide|p1a: Aerodactyl\n|-supereffective|p1a: Aerodactyl|1\n|-damage|p1a: Aerodactyl|0 fnt\n|faint|p1a: Aerodactyl\n|\n|win|guioguoguo\n|raw|Schlipperino's rating: 1175 &rarr; <strong>1150</strong><br />(-25 for losing)\n|raw|guioguoguo's rating: 1175 &rarr; <strong>1200</strong><br />(+25 for winning)\n",
  "uploadtime": 1776734003,
  "views": 7,
  "formatid": "gen9championsvgc2026regma",
  "rating": 1150,
  "private": 0,
  "password": null
}