{
  "id": "gen9championsvgc2026regma-2580610224",
  "format": "[Gen 9 Champions] VGC 2026 Reg M-A",
  "players": [
    "Uncreative7452",
    "Alievew"
  ],
  "log": "|j|\u203dUncreative7452\n|j|\u2606Alievew\n|t:|1775917841\n|gametype|doubles\n|player|p1|Uncreative7452|tuber|1138\n|player|p2|Alievew|riley|1210\n|gen|9\n|tier|[Gen 9 Champions] VGC 2026 Reg M-A\n|rated|\n|rule|Species Clause: Limit one of each Pok\u00e9mon\n|rule|Item Clause: Limit 1 of each item\n|clearpoke\n|poke|p1|Charizard, L50, F|\n|poke|p1|Venusaur, L50, F|\n|poke|p1|Sneasler, L50, M|\n|poke|p1|Dragonite, L50, F|\n|poke|p1|Incineroar, L50, M|\n|poke|p1|Rhyperior, L50, F|\n|poke|p2|Pelipper, L50, M|\n|poke|p2|Incineroar, L50, F|\n|poke|p2|Sinistcha-Masterpiece, L50|\n|poke|p2|Archaludon, L50, M|\n|poke|p2|Meganium, L50, F|\n|poke|p2|Starmie, L50|\n|teampreview|4\n|inactive|Battle timer is ON: inactive players will automatically lose when time's up. (requested by Alievew)\n|\n|t:|1775917867\n|teamsize|p1|4\n|teamsize|p2|4\n|start\n|switch|p1a: Sneasler|Sneasler, L50, M|100/100\n|switch|p1b: Incineroar|Incineroar, L50, M|100/100\n|switch|p2a: Roaring Puss|Incineroar, L50, F|100/100\n|switch|p2b: Sploodgmie|Starmie, L50|100/100\n|-ability|p1b: Incineroar|Intimidate|boost\n|-unboost|p2a: Roaring Puss|atk|1\n|-unboost|p2b: Sploodgmie|atk|1\n|-ability|p2a: Roaring Puss|Intimidate|boost\n|-unboost|p1a: Sneasler|atk|1\n|-unboost|p1b: Incineroar|atk|1\n|-enditem|p1a: Sneasler|White Herb\n|-clearnegativeboost|p1a: Sneasler|[silent]\n|turn|1\n|\n|t:|1775917880\n|detailschange|p2b: Sploodgmie|Starmie-Mega, L50\n|-mega|p2b: Sploodgmie|Starmie|Starminite\n|move|p2b: Sploodgmie|Protect|p2b: Sploodgmie\n|-singleturn|p2b: Sploodgmie|Protect\n|move|p1b: Incineroar|Fake Out|p2b: Sploodgmie\n|-activate|p2b: Sploodgmie|move: Protect\n|move|p2a: Roaring Puss|Fake Out|p1b: Incineroar\n|-damage|p1b: Incineroar|94/100\n|move|p1a: Sneasler|Close Combat|p2a: Roaring Puss\n|-supereffective|p2a: Roaring Puss|1\n|-enditem|p2a: Roaring Puss|Chople Berry|[eat]\n|-enditem|p2a: Roaring Puss|Chople Berry|[weaken]\n|-damage|p2a: Roaring Puss|38/100\n|-unboost|p1a: Sneasler|def|1\n|-unboost|p1a: Sneasler|spd|1\n|\n|upkeep\n|turn|2\n|inactive|Uncreative7452 has 30 seconds left.\n|inactive|Alievew has 30 seconds left.\n|\n|t:|1775917911\n|switch|p2a: Deep Throat|Pelipper, L50, M|100/100\n|-weather|RainDance|[from] ability: Drizzle|[of] p2a: Deep Throat\n|move|p2b: Sploodgmie|Aqua Jet|p1a: Sneasler\n|-damage|p1a: Sneasler|13/100\n|move|p1a: Sneasler|Close Combat|p2a: Deep Throat\n|-resisted|p2a: Deep Throat|1\n|-damage|p2a: Deep Throat|74/100\n|-unboost|p1a: Sneasler|def|1\n|-unboost|p1a: Sneasler|spd|1\n|move|p1b: Incineroar|Parting Shot|p2b: Sploodgmie\n|-unboost|p2b: Sploodgmie|atk|1\n|-unboost|p2b: Sploodgmie|spa|1\n|\n|t:|1775917914\n|switch|p1b: Charizard|Charizard, L50, F, shiny|100/100|[from] Parting Shot\n|\n|-weather|RainDance|[upkeep]\n|upkeep\n|turn|3\n|\n|t:|1775917928\n|switch|p2a: Roaring Puss|Incineroar, L50, F|38/100\n|-ability|p2a: Roaring Puss|Intimidate|boost\n|-unboost|p1a: Sneasler|atk|1\n|-unboost|p1b: Charizard|atk|1\n|detailschange|p1b: Charizard|Charizard-Mega-Y, L50, F, shiny\n|-mega|p1b: Charizard|Charizard|Charizardite Y\n|-weather|SunnyDay|[from] ability: Drought|[of] p1b: Charizard\n|move|p2b: Sploodgmie|Protect|p2b: Sploodgmie\n|-singleturn|p2b: Sploodgmie|Protect\n|move|p1b: Charizard|Protect|p1b: Charizard\n|-singleturn|p1b: Charizard|Protect\n|move|p1a: Sneasler|Dire Claw|p2b: Sploodgmie\n|-activate|p2b: Sploodgmie|move: Protect\n|\n|-weather|SunnyDay|[upkeep]\n|upkeep\n|turn|4\n|\n|t:|1775917946\n|switch|p1a: Incineroar|Incineroar, L50, M|94/100\n|-ability|p1a: Incineroar|Intimidate|boost\n|-unboost|p2a: Roaring Puss|atk|1\n|-unboost|p2b: Sploodgmie|atk|1\n|switch|p2b: Deep Throat|Pelipper, L50, M|74/100\n|-weather|RainDance|[from] ability: Drizzle|[of] p2b: Deep Throat\n|move|p2a: Roaring Puss|Fake Out|p1a: Incineroar\n|-damage|p1a: Incineroar|88/100\n|move|p1b: Charizard|Heat Wave|p2b: Deep Throat|[spread] p2a,p2b\n|-resisted|p2a: Roaring Puss|1\n|-resisted|p2b: Deep Throat|1\n|-damage|p2a: Roaring Puss|31/100\n|-damage|p2b: Deep Throat|58/100\n|\n|-weather|RainDance|[upkeep]\n|upkeep\n|turn|5\n|\n|t:|1775917965\n|switch|p2a: Sploodgmie|Starmie-Mega, L50|100/100\n|move|p1a: Incineroar|Fake Out|p2b: Deep Throat\n|-damage|p2b: Deep Throat|48/100\n|move|p1b: Charizard|Scorching Sands|p2a: Sploodgmie\n|-damage|p2a: Sploodgmie|66/100\n|-status|p2a: Sploodgmie|brn\n|cant|p2b: Deep Throat|flinch\n|\n|-weather|RainDance|[upkeep]\n|-damage|p2a: Sploodgmie|60/100 brn|[from] brn\n|upkeep\n|turn|6\n|\n|t:|1775917976\n|switch|p1b: Sneasler|Sneasler, L50, M|13/100\n|move|p2a: Sploodgmie|Liquidation|p1b: Sneasler\n|-damage|p1b: Sneasler|0 fnt\n|faint|p1b: Sneasler\n|move|p2b: Deep Throat|Muddy Water|p1a: Incineroar\n|-supereffective|p1a: Incineroar|1\n|-damage|p1a: Incineroar|15/100\n|-unboost|p1a: Incineroar|accuracy|1\n|-enditem|p1a: Incineroar|Sitrus Berry|[eat]\n|-heal|p1a: Incineroar|40/100|[from] item: Sitrus Berry\n|move|p1a: Incineroar|Parting Shot|p2a: Sploodgmie\n|-unboost|p2a: Sploodgmie|atk|1\n|-unboost|p2a: Sploodgmie|spa|1\n|\n|t:|1775917978\n|switch|p1a: Venusaur|Venusaur, L50, F, shiny|100/100|[from] Parting Shot\n|\n|-weather|RainDance|[upkeep]\n|-damage|p2a: Sploodgmie|55/100 brn|[from] brn\n|upkeep\n|\n|t:|1775917980\n|switch|p1b: Charizard|Charizard-Mega-Y, L50, F, shiny|100/100\n|-weather|SunnyDay|[from] ability: Drought|[of] p1b: Charizard\n|turn|7\n|\n|t:|1775917996\n|switch|p2b: Roaring Puss|Incineroar, L50, F|31/100\n|-ability|p2b: Roaring Puss|Intimidate|boost\n|-unboost|p1a: Venusaur|atk|1\n|-unboost|p1b: Charizard|atk|1\n|move|p1a: Venusaur|Solar Beam||[still]\n|-prepare|p1a: Venusaur|Solar Beam\n|-anim|p1a: Venusaur|Solar Beam|p2a: Sploodgmie\n|-supereffective|p2a: Sploodgmie|1\n|-damage|p2a: Sploodgmie|0 fnt\n|faint|p2a: Sploodgmie\n|move|p1b: Charizard|Heat Wave|p2b: Roaring Puss\n|-resisted|p2b: Roaring Puss|1\n|-damage|p2b: Roaring Puss|1/100\n|\n|-weather|SunnyDay|[upkeep]\n|upkeep\n|\n|t:|1775918005\n|switch|p2a: Deep Throat|Pelipper, L50, M|48/100\n|-weather|RainDance|[from] ability: Drizzle|[of] p2a: Deep Throat\n|turn|8\n|\n|t:|1775918022\n|switch|p1b: Incineroar|Incineroar, L50, M|40/100\n|-ability|p1b: Incineroar|Intimidate|boost\n|-unboost|p2a: Deep Throat|atk|1\n|-unboost|p2b: Roaring Puss|atk|1\n|move|p1a: Venusaur|Protect|p1a: Venusaur\n|-singleturn|p1a: Venusaur|Protect\n|move|p2a: Deep Throat|Muddy Water|p1a: Venusaur|[spread] p1b\n|-activate|p1a: Venusaur|move: Protect\n|-supereffective|p1b: Incineroar|1\n|-damage|p1b: Incineroar|0 fnt\n|faint|p1b: Incineroar\n|move|p2b: Roaring Puss|Parting Shot|p1a: Venusaur\n|-activate|p1a: Venusaur|move: Protect\n|\n|-weather|RainDance|[upkeep]\n|upkeep\n|\n|t:|1775918031\n|switch|p1b: Charizard|Charizard-Mega-Y, L50, F, shiny|100/100\n|-weather|SunnyDay|[from] ability: Drought|[of] p1b: Charizard\n|turn|9\n|inactive|Alievew has 30 seconds left.\n|\n|t:|1775918061\n|switch|p2a: Chalu my Dong|Archaludon, L50, M|100/100\n|move|p1a: Venusaur|Sludge Bomb|p2a: Chalu my Dong\n|-immune|p2a: Chalu my Dong\n|move|p1b: Charizard|Heat Wave|p2a: Chalu my Dong|[spread] p2a,p2b\n|-resisted|p2b: Roaring Puss|1\n|-damage|p2a: Chalu my Dong|32/100\n|-damage|p2b: Roaring Puss|0 fnt\n|-status|p2a: Chalu my Dong|brn\n|-ability|p2a: Chalu my Dong|Stamina|boost\n|-boost|p2a: Chalu my Dong|def|1\n|faint|p2b: Roaring Puss\n|\n|-weather|SunnyDay|[upkeep]\n|-heal|p2a: Chalu my Dong|38/100 brn|[from] item: Leftovers\n|-damage|p2a: Chalu my Dong|32/100 brn|[from] brn\n|upkeep\n|\n|t:|1775918063\n|switch|p2b: Deep Throat|Pelipper, L50, M|48/100\n|-weather|RainDance|[from] ability: Drizzle|[of] p2b: Deep Throat\n|turn|10\n|\n|t:|1775918079\n|move|p1b: Charizard|Scorching Sands|p2a: Chalu my Dong\n|-supereffective|p2a: Chalu my Dong|1\n|-damage|p2a: Chalu my Dong|0 fnt\n|faint|p2a: Chalu my Dong\n|move|p1a: Venusaur|Sludge Bomb|p2b: Deep Throat\n|-damage|p2b: Deep Throat|0 fnt\n|faint|p2b: Deep Throat\n|\n|win|Uncreative7452\n|raw|Uncreative7452's rating: 1138 &rarr; <strong>1168</strong><br />(+30 for winning)\n|raw|Alievew's rating: 1210 &rarr; <strong>1180</strong><br />(-30 for losing)\n|l|\u2606Alievew\n|player|p2|\n",
  "uploadtime": 1775918091,
  "views": 23,
  "formatid": "gen9championsvgc2026regma",
  "rating": 1168,
  "private": 0,
  "password": null
}