{
  "id": "gen9championsvgc2026regma-2583963461",
  "format": "[Gen 9 Champions] VGC 2026 Reg M-A",
  "players": [
    "647w",
    "Rafaelos123"
  ],
  "log": "|j|\u2606647w\n|j|\u2606Rafaelos123\n|t:|1776212276\n|gametype|doubles\n|player|p1|647w|101|1138\n|player|p2|Rafaelos123|teamrocket|1073\n|gen|9\n|tier|[Gen 9 Champions] VGC 2026 Reg M-A\n|rated|\n|rule|Species Clause: Limit one of each Pok\u00e9mon\n|rule|Item Clause: Limit 1 of each item\n|clearpoke\n|poke|p1|Snorlax, L50, M|\n|poke|p1|Sinistcha, L50|\n|poke|p1|Incineroar, L50, M|\n|poke|p1|Clefable, L50, F|\n|poke|p1|Aerodactyl, L50, F|\n|poke|p1|Mimikyu, L50, M|\n|poke|p2|Rotom-Heat, L50|\n|poke|p2|Farigiraf, L50, M|\n|poke|p2|Golurk, L50|\n|poke|p2|Mimikyu, L50, M|\n|poke|p2|Goodra-Hisui, L50, F|\n|poke|p2|Kingambit, L50, M|\n|teampreview|4\n647w has agreed to open team sheets.\n|inactive|Battle timer is ON: inactive players will automatically lose when time's up. (requested by Rafaelos123)\n|\n|t:|1776212301\n|teamsize|p1|4\n|teamsize|p2|4\n|start\n|switch|p1a: Snorlax|Snorlax, L50, M|100/100\n|switch|p1b: Incineroar|Incineroar, L50, M|100/100\n|switch|p2a: Mimikyu|Mimikyu, L50, M|100/100\n|switch|p2b: Goodra|Goodra-Hisui, L50, F|100/100\n|-ability|p1b: Incineroar|Intimidate|boost\n|-unboost|p2a: Mimikyu|atk|1\n|-unboost|p2b: Goodra|atk|1\n|turn|1\n|\n|t:|1776212312\n|move|p1b: Incineroar|Fake Out|p2b: Goodra\n|-resisted|p2b: Goodra|1\n|-damage|p2b: Goodra|95/100\n|move|p1a: Snorlax|Belly Drum|p1a: Snorlax\n|-damage|p1a: Snorlax|50/100\n|-setboost|p1a: Snorlax|atk|6|[from] move: Belly Drum\n|-enditem|p1a: Snorlax|Sitrus Berry|[eat]\n|-heal|p1a: Snorlax|75/100|[from] item: Sitrus Berry\n|cant|p2b: Goodra|flinch\n|move|p2a: Mimikyu|Trick Room|p2a: Mimikyu\n|-fieldstart|move: Trick Room|[of] p2a: Mimikyu\n|\n|-heal|p2b: Goodra|100/100|[from] item: Leftovers\n|upkeep\n|turn|2\n|\n|t:|1776212325\n|move|p2b: Goodra|Shelter|p2b: Goodra\n|-boost|p2b: Goodra|def|2\n|move|p1b: Incineroar|Parting Shot|p2a: Mimikyu\n|-unboost|p2a: Mimikyu|atk|1\n|-unboost|p2a: Mimikyu|spa|1\n|\n|t:|1776212344\n|switch|p1b: Sinistcha|Sinistcha, L50|100/100|[from] Parting Shot\n|-heal|p1a: Snorlax|100/100|[from] ability: Hospitality|[of] p1b: Sinistcha\n|move|p1a: Snorlax|High Horsepower|p2b: Goodra\n|-supereffective|p2b: Goodra|1\n|-damage|p2b: Goodra|0 fnt\n|faint|p2b: Goodra\n|move|p2a: Mimikyu|Swords Dance|p2a: Mimikyu\n|-boost|p2a: Mimikyu|atk|2\n|\n|upkeep\n|\n|t:|1776212349\n|switch|p2b: Golurk|Golurk, L50|100/100\n|turn|3\n|\n|t:|1776212357\n|detailschange|p2b: Golurk|Golurk-Mega, L50\n|-mega|p2b: Golurk|Golurk|Golurkite\n|move|p2b: Golurk|Protect|p2b: Golurk\n|-singleturn|p2b: Golurk|Protect\n|move|p1a: Snorlax|High Horsepower|p2b: Golurk\n|-activate|p2b: Golurk|move: Protect\n|move|p1b: Sinistcha|Matcha Gotcha|p2b: Golurk|[spread] p2a\n|-activate|p2b: Golurk|move: Protect\n|-activate|p2a: Mimikyu|ability: Disguise\n|-damage|p2a: Mimikyu|100/100\n|detailschange|p2a: Mimikyu|Mimikyu-Busted, L50, M\n|-damage|p2a: Mimikyu|88/100|[from] pokemon: Mimikyu-Busted\n|move|p2a: Mimikyu|Swords Dance|p2a: Mimikyu\n|-boost|p2a: Mimikyu|atk|2\n|\n|upkeep\n|turn|4\n|\n|t:|1776212375\n|switch|p2b: Rotom|Rotom-Heat, L50|100/100\n|switch|p1b: Incineroar|Incineroar, L50, M|100/100\n|-ability|p1b: Incineroar|Intimidate|boost\n|-unboost|p2a: Mimikyu|atk|1\n|-unboost|p2b: Rotom|atk|1\n|move|p2a: Mimikyu|Shadow Sneak|p1b: Incineroar\n|-resisted|p1b: Incineroar|1\n|-crit|p1b: Incineroar\n|-damage|p1b: Incineroar|81/100\n|move|p1a: Snorlax|High Horsepower|p2a: Mimikyu\n|-damage|p2a: Mimikyu|0 fnt\n|faint|p2a: Mimikyu\n|\n|upkeep\n|\n|t:|1776212386\n|switch|p2a: Golurk|Golurk-Mega, L50|100/100\n|turn|5\n|\n|t:|1776212397\n|move|p2a: Golurk|Protect|p2a: Golurk\n|-singleturn|p2a: Golurk|Protect\n|move|p1b: Incineroar|Fake Out|p2b: Rotom\n|-damage|p2b: Rotom|87/100\n|move|p1a: Snorlax|Body Slam|p2b: Rotom\n|-damage|p2b: Rotom|0 fnt\n|faint|p2b: Rotom\n|\n|-fieldend|move: Trick Room\n|upkeep\n|turn|6\n|-message|Rafaelos123 forfeited.\n|\n|win|647w\n|raw|647w's rating: 1138 &rarr; <strong>1158</strong><br />(+20 for winning)\n|raw|Rafaelos123's rating: 1073 &rarr; <strong>1056</strong><br />(-17 for losing)\n|l|\u2606Rafaelos123\n|player|p2|\n",
  "uploadtime": 1776212408,
  "views": 22,
  "formatid": "gen9championsvgc2026regma",
  "rating": 1056,
  "private": 0,
  "password": null
}