{
  "id": "gen9championsvgc2026regma-2587736920",
  "format": "[Gen 9 Champions] VGC 2026 Reg M-A",
  "players": [
    "sebaas1g",
    "facundopro207"
  ],
  "log": "|j|\u2606sebaas1g\n|j|\u2606facundopro207\n|t:|1776558894\n|gametype|doubles\n|player|p1|sebaas1g|169|1119\n|player|p2|facundopro207|wallace|1210\n|gen|9\n|tier|[Gen 9 Champions] VGC 2026 Reg M-A\n|rated|\n|rule|Species Clause: Limit one of each Pok\u00e9mon\n|rule|Item Clause: Limit 1 of each item\n|clearpoke\n|poke|p1|Excadrill, L50, F|\n|poke|p1|Tyranitar, L50, M|\n|poke|p1|Corviknight, L50, M, shiny|\n|poke|p1|Rotom-Wash, L50, shiny|\n|poke|p1|Incineroar, L50, M|\n|poke|p1|Sneasler, L50, M|\n|poke|p2|Charizard, L50, F, shiny|\n|poke|p2|Sneasler, L50, M|\n|poke|p2|Venusaur, L50, M, shiny|\n|poke|p2|Garchomp, L50, F|\n|poke|p2|Maushold-Four, L50|\n|poke|p2|Incineroar, L50, F|\n|teampreview|4\n|inactive|Battle timer is ON: inactive players will automatically lose when time's up. (requested by sebaas1g)\n|\n|t:|1776558936\n|teamsize|p1|4\n|teamsize|p2|4\n|start\n|switch|p1a: Corviknight|Corviknight, L50, M, shiny|100/100\n|switch|p1b: Rotom|Rotom-Wash, L50, shiny|100/100\n|switch|p2a: Charizard|Charizard, L50, F, shiny|100/100\n|switch|p2b: Garchomp|Garchomp, L50, F|100/100\n|-ability|p1a: Corviknight|Unnerve\n|turn|1\n|inactive|sebaas1g has 30 seconds left.\n|\n|t:|1776558962\n|move|p2a: Charizard|Protect|p2a: Charizard\n|-singleturn|p2a: Charizard|Protect\n|move|p2b: Garchomp|Fire Fang|p1a: Corviknight\n|-supereffective|p1a: Corviknight|1\n|-damage|p1a: Corviknight|64/100\n|move|p1b: Rotom|Volt Switch|p2a: Charizard\n|-activate|p2a: Charizard|move: Protect\n|move|p1a: Corviknight|Tailwind|p1a: Corviknight\n|-sidestart|p1: sebaas1g|move: Tailwind\n|\n|upkeep\n|turn|2\n|\n|t:|1776558979\n|switch|p2a: Venusaur|Venusaur, L50, M, shiny|100/100\n|move|p1b: Rotom|Volt Switch|p2a: Venusaur\n|-resisted|p2a: Venusaur|1\n|-damage|p2a: Venusaur|84/100\n|\n|t:|1776558986\n|switch|p1b: Tyranitar|Tyranitar, L50, M|100/100|[from] Volt Switch\n|-weather|Sandstorm|[from] ability: Sand Stream|[of] p1b: Tyranitar\n|move|p2b: Garchomp|Fire Fang|p1a: Corviknight\n|-supereffective|p1a: Corviknight|1\n|-damage|p1a: Corviknight|28/100\n|move|p1a: Corviknight|Iron Defense|p1a: Corviknight\n|-boost|p1a: Corviknight|def|2\n|\n|-weather|Sandstorm|[upkeep]\n|-damage|p2a: Venusaur|79/100|[from] Sandstorm\n|-heal|p2a: Venusaur|84/100|[from] item: Leftovers\n|upkeep\n|turn|3\n|\n|t:|1776559009\n|switch|p1a: Rotom|Rotom-Wash, L50, shiny|100/100\n|move|p2b: Garchomp|Fire Fang|p1a: Rotom|[miss]\n|-miss|p2b: Garchomp|p1a: Rotom\n|move|p1b: Tyranitar|Ice Punch|p2a: Venusaur\n|-supereffective|p2a: Venusaur|1\n|-damage|p2a: Venusaur|11/100\n|-status|p2a: Venusaur|frz\n|cant|p2a: Venusaur|frz\n|\n|-weather|Sandstorm|[upkeep]\n|-damage|p1a: Rotom|95/100|[from] Sandstorm\n|-damage|p2a: Venusaur|5/100 frz|[from] Sandstorm\n|-heal|p1a: Rotom|100/100|[from] item: Leftovers\n|-heal|p2a: Venusaur|11/100 frz|[from] item: Leftovers\n|upkeep\n|turn|4\n|c|\u2606facundopro207|NO WAY\n|\n|t:|1776559032\n|switch|p2b: Charizard|Charizard, L50, F, shiny|100/100\n|cant|p2a: Venusaur|frz\n|move|p1a: Rotom|Will-O-Wisp|p2b: Charizard\n|-immune|p2b: Charizard\n|move|p1b: Tyranitar|Ice Punch|p2b: Charizard\n|-damage|p2b: Charizard|56/100\n|\n|-weather|Sandstorm|[upkeep]\n|-damage|p1a: Rotom|95/100|[from] Sandstorm\n|-damage|p2b: Charizard|50/100|[from] Sandstorm\n|-damage|p2a: Venusaur|5/100 frz|[from] Sandstorm\n|-heal|p1a: Rotom|100/100|[from] item: Leftovers\n|-heal|p2a: Venusaur|11/100 frz|[from] item: Leftovers\n|-sideend|p1: sebaas1g|move: Tailwind\n|upkeep\n|turn|5\n|inactive|sebaas1g has 30 seconds left.\n|\n|t:|1776559062\n|switch|p2a: Sneasler|Sneasler, L50, M|100/100\n|detailschange|p2b: Charizard|Charizard-Mega-Y, L50, F, shiny\n|-mega|p2b: Charizard|Charizard|Charizardite Y\n|-weather|SunnyDay|[from] ability: Drought|[of] p2b: Charizard\n|move|p2b: Charizard|Protect|p2b: Charizard\n|-singleturn|p2b: Charizard|Protect\n|move|p1a: Rotom|Volt Switch|p2a: Sneasler\n|-damage|p2a: Sneasler|57/100\n|\n|t:|1776559072\n|switch|p1a: Corviknight|Corviknight, L50, M, shiny|28/100|[from] Volt Switch\n|-ability|p1a: Corviknight|Unnerve\n|move|p1b: Tyranitar|Knock Off|p2b: Charizard\n|-activate|p2b: Charizard|move: Protect\n|\n|-weather|SunnyDay|[upkeep]\n|upkeep\n|turn|6\n|\n|t:|1776559085\n|switch|p1b: Rotom|Rotom-Wash, L50, shiny|100/100\n|move|p2a: Sneasler|Close Combat|p1b: Rotom\n|-damage|p1b: Rotom|11/100\n|-unboost|p2a: Sneasler|def|1\n|-unboost|p2a: Sneasler|spd|1\n|move|p2b: Charizard|Heat Wave|p1b: Rotom|[spread] p1b\n|-miss|p2b: Charizard|p1a: Corviknight\n|-resisted|p1b: Rotom|1\n|-damage|p1b: Rotom|0 fnt\n|faint|p1b: Rotom\n|move|p1a: Corviknight|Brave Bird|p2a: Sneasler\n|-supereffective|p2a: Sneasler|1\n|-damage|p2a: Sneasler|0 fnt\n|faint|p2a: Sneasler\n|-damage|p1a: Corviknight|14/100|[from] Recoil\n|\n|-weather|SunnyDay|[upkeep]\n|upkeep\n|c|\u2606facundopro207|LUCK\n|c|\u2606facundopro207|IH ATE ALL\n|inactive|facundopro207 has 30 seconds left.\n|n|!facundopro207|facundopro207\n|\n|t:|1776559113\n|switch|p2a: Garchomp|Garchomp, L50, F|100/100\n|switch|p1b: Tyranitar|Tyranitar, L50, M|100/100\n|-weather|Sandstorm|[from] ability: Sand Stream|[of] p1b: Tyranitar\n|turn|7\n|-message|sebaas1g forfeited by changing their name.\n|l| sebaas1g\n|\n|win|facundopro207\n",
  "uploadtime": 1776559111,
  "views": 10,
  "formatid": "gen9championsvgc2026regma",
  "rating": null,
  "private": 0,
  "password": null
}