{
  "id": "gen9championsvgc2026regma-2587450773",
  "format": "[Gen 9 Champions] VGC 2026 Reg M-A",
  "players": [
    "sheikhswampert",
    "buglover9"
  ],
  "log": "|j|\u203dsheikhswampert\n|j|\u2606buglover9\n|t:|1776532883\n|gametype|doubles\n|player|p1|sheikhswampert|102|1181\n|player|p2|buglover9|bugcatcher-gen4dp|1148\n|gen|9\n|tier|[Gen 9 Champions] VGC 2026 Reg M-A\n|rated|\n|rule|Species Clause: Limit one of each Pok\u00e9mon\n|rule|Item Clause: Limit 1 of each item\n|clearpoke\n|poke|p1|Milotic, L50, M, shiny|\n|poke|p1|Dragonite, L50, M|\n|poke|p1|Garchomp, L50, F|\n|poke|p1|Kingambit, L50, M|\n|poke|p1|Sneasler, L50, F|\n|poke|p1|Whimsicott, L50, F|\n|poke|p2|Araquanid, L50, M|\n|poke|p2|Arcanine, L50, M|\n|poke|p2|Kommo-o, L50, M|\n|poke|p2|Kangaskhan, L50, F|\n|poke|p2|Sinistcha, L50|\n|poke|p2|Clefable, L50, M|\n|teampreview|4\nbuglover9 rejected open team sheets.\n|\n|t:|1776532915\n|teamsize|p1|4\n|teamsize|p2|4\n|start\n|switch|p1a: Milotic|Milotic, L50, M, shiny|100/100\n|switch|p1b: Dragonite|Dragonite, L50, M|100/100\n|switch|p2a: Kangaskhan|Kangaskhan, L50, F|100/100\n|switch|p2b: Clefable|Clefable, L50, M|100/100\n|turn|1\n|inactive|Battle timer is ON: inactive players will automatically lose when time's up. (requested by buglover9)\n|\n|t:|1776532935\n|move|p1b: Dragonite|Protect|p1b: Dragonite\n|-singleturn|p1b: Dragonite|Protect\n|move|p2a: Kangaskhan|Fake Out|p1a: Milotic\n|-damage|p1a: Milotic|85/100\n|cant|p1a: Milotic|flinch\n|move|p2b: Clefable|Moonblast|p1b: Dragonite\n|-activate|p1b: Dragonite|move: Protect\n|\n|-heal|p1a: Milotic|91/100|[from] item: Leftovers\n|upkeep\n|turn|2\n|\n|t:|1776532956\n|detailschange|p2a: Kangaskhan|Kangaskhan-Mega, L50, F\n|-mega|p2a: Kangaskhan|Kangaskhan|Kangaskhanite\n|detailschange|p1b: Dragonite|Dragonite-Mega, L50, M\n|-mega|p1b: Dragonite|Dragonite|Dragoninite\n|move|p2a: Kangaskhan|Double-Edge|p1a: Milotic\n|-damage|p1a: Milotic|38/100\n|-damage|p1a: Milotic|24/100\n|-hitcount|p1a: Milotic|2\n|-damage|p2a: Kangaskhan|76/100|[from] Recoil\n|move|p1b: Dragonite|Thunderbolt|p2b: Clefable\n|-damage|p2b: Clefable|66/100\n|move|p1a: Milotic|Scald|p2b: Clefable\n|-damage|p2b: Clefable|34/100\n|move|p2b: Clefable|Moonblast|p1b: Dragonite\n|-supereffective|p1b: Dragonite|1\n|-damage|p1b: Dragonite|65/100\n|\n|-heal|p1a: Milotic|30/100|[from] item: Leftovers\n|upkeep\n|turn|3\n|inactive|buglover9 has 30 seconds left.\n|\n|t:|1776532988\n|switch|p2b: Sinistcha|Sinistcha, L50|100/100\n|-heal|p2a: Kangaskhan|100/100|[from] ability: Hospitality|[of] p2b: Sinistcha\n|move|p1a: Milotic|Protect|p1a: Milotic\n|-singleturn|p1a: Milotic|Protect\n|move|p2a: Kangaskhan|Double-Edge|p1a: Milotic\n|-activate|p1a: Milotic|move: Protect\n|move|p1b: Dragonite|Thunderbolt|p2b: Sinistcha\n|-resisted|p2b: Sinistcha|1\n|-damage|p2b: Sinistcha|85/100\n|\n|-heal|p1a: Milotic|36/100|[from] item: Leftovers\n|upkeep\n|turn|4\n|\n|t:|1776533009\n|move|p2a: Kangaskhan|Double-Edge|p1b: Dragonite\n|-damage|p1b: Dragonite|9/100\n|-damage|p1b: Dragonite|0 fnt\n|faint|p1b: Dragonite\n|-hitcount|p1: Dragonite|2\n|-damage|p2a: Kangaskhan|80/100|[from] Recoil\n|move|p1a: Milotic|Icy Wind|p2b: Sinistcha|[spread] p2b\n|-miss|p1a: Milotic|p2a: Kangaskhan\n|-supereffective|p2b: Sinistcha|1\n|-damage|p2b: Sinistcha|65/100\n|-unboost|p2b: Sinistcha|spe|1\n|move|p2b: Sinistcha|Matcha Gotcha|p1a: Milotic\n|-supereffective|p1a: Milotic|1\n|-damage|p1a: Milotic|0 fnt\n|-heal|p2b: Sinistcha|85/100|[from] drain|[of] p1a: Milotic\n|faint|p1a: Milotic\n|\n|upkeep\n|\n|t:|1776533026\n|switch|p1b: Kingambit|Kingambit, L50, M|100/100\n|switch|p1a: Sneasler|Sneasler, L50, F|100/100\n|-ability|p1a: Sneasler|Pressure\n|turn|5\n|\n|t:|1776533046\n|move|p1a: Sneasler|Protect|p1a: Sneasler\n|-singleturn|p1a: Sneasler|Protect\n|move|p2b: Sinistcha|Rage Powder|p2b: Sinistcha\n|-singleturn|p2b: Sinistcha|move: Rage Powder\n|move|p2a: Kangaskhan|Double-Edge|p1a: Sneasler\n|-activate|p1a: Sneasler|move: Protect\n|move|p1b: Kingambit|Kowtow Cleave|p2b: Sinistcha\n|-supereffective|p2b: Sinistcha|1\n|-damage|p2b: Sinistcha|0 fnt\n|faint|p2b: Sinistcha\n|\n|upkeep\n|\n|t:|1776533059\n|switch|p2b: Clefable|Clefable, L50, M|34/100\n|turn|6\n|\n|t:|1776533079\n|move|p2b: Clefable|Follow Me|p2b: Clefable\n|-singleturn|p2b: Clefable|move: Follow Me\n|move|p1a: Sneasler|Dire Claw|p2b: Clefable\n|-supereffective|p2b: Clefable|1\n|-enditem|p2b: Clefable|Kebia Berry|[eat]\n|-enditem|p2b: Clefable|Kebia Berry|[weaken]\n|-damage|p2b: Clefable|0 fnt\n|faint|p2b: Clefable\n|move|p2a: Kangaskhan|Double-Edge|p1a: Sneasler\n|-damage|p1a: Sneasler|0 fnt\n|faint|p1a: Sneasler\n|-hitcount|p1: Sneasler|1\n|-damage|p2a: Kangaskhan|52/100|[from] Recoil\n|move|p1b: Kingambit|Kowtow Cleave|p2a: Kangaskhan\n|-damage|p2a: Kangaskhan|0 fnt\n|faint|p2a: Kangaskhan\n|\n|upkeep\n|c|\u2606buglover9|gg\n|\n|t:|1776533095\n|switch|p2b: Kommo-o|Kommo-o, L50, M|100/100\n|turn|7\n|\n|t:|1776533104\n|move|p2b: Kommo-o|Aura Sphere|p1b: Kingambit\n|-supereffective|p1b: Kingambit|2\n|-enditem|p1b: Kingambit|Focus Sash\n|-damage|p1b: Kingambit|1/100\n|move|p1b: Kingambit|Kowtow Cleave|p2b: Kommo-o\n|-resisted|p2b: Kommo-o|1\n|-damage|p2b: Kommo-o|76/100\n|\n|-heal|p2b: Kommo-o|82/100|[from] item: Leftovers\n|upkeep\n|turn|8\n|\n|t:|1776533116\n|move|p2b: Kommo-o|Aura Sphere|p1b: Kingambit\n|-supereffective|p1b: Kingambit|2\n|-damage|p1b: Kingambit|0 fnt\n|faint|p1b: Kingambit\n|\n|win|buglover9\n|raw|sheikhswampert's rating: 1181 &rarr; <strong>1154</strong><br />(-27 for losing)\n|raw|buglover9's rating: 1148 &rarr; <strong>1175</strong><br />(+27 for winning)\n",
  "uploadtime": 1776533122,
  "views": 11,
  "formatid": "gen9championsvgc2026regma",
  "rating": 1154,
  "private": 0,
  "password": null
}