{
  "id": "gen9championsvgc2026regma-2583012489",
  "format": "[Gen 9 Champions] VGC 2026 Reg M-A",
  "players": [
    "Totaly_Not_Max",
    "thr33zz"
  ],
  "log": "|j|\u2606Totaly_Not_Max\n|j|\u2606thr33zz\n|t:|1776133263\n|gametype|doubles\n|player|p1|Totaly_Not_Max|acetrainersnowf|1147\n|player|p2|thr33zz|101|1053\n|gen|9\n|tier|[Gen 9 Champions] VGC 2026 Reg M-A\n|rated|\n|rule|Species Clause: Limit one of each Pok\u00e9mon\n|rule|Item Clause: Limit 1 of each item\n|clearpoke\n|poke|p1|Gardevoir, L50, F|\n|poke|p1|Talonflame, L50, F|\n|poke|p1|Garchomp, L50, M|\n|poke|p1|Meowstic, L50, M|\n|poke|p1|Kingambit, L50, M|\n|poke|p1|Sneasler, L50, F|\n|poke|p2|Tyranitar, L50, F|\n|poke|p2|Incineroar, L50, F|\n|poke|p2|Gengar, L50, M|\n|poke|p2|Excadrill, L50, F|\n|poke|p2|Sinistcha, L50|\n|poke|p2|Garchomp, L50, F|\n|teampreview|4\n|inactive|Battle timer is ON: inactive players will automatically lose when time's up. (requested by Totaly_Not_Max)\n|\n|t:|1776133286\n|teamsize|p1|4\n|teamsize|p2|4\n|start\n|switch|p1a: Talonflame|Talonflame, L50, F|100/100\n|switch|p1b: Garchomp|Garchomp, L50, M|100/100\n|switch|p2a: Incineroar|Incineroar, L50, F|100/100\n|switch|p2b: Gengar|Gengar, L50, M|100/100\n|-ability|p2a: Incineroar|Intimidate|boost\n|-unboost|p1a: Talonflame|atk|1\n|-unboost|p1b: Garchomp|atk|1\n|turn|1\n|\n|t:|1776133297\n|detailschange|p2b: Gengar|Gengar-Mega, L50, M\n|-mega|p2b: Gengar|Gengar|Gengarite\n|move|p1a: Talonflame|Upper Hand|p2a: Incineroar\n|-supereffective|p2a: Incineroar|1\n|-enditem|p2a: Incineroar|Chople Berry|[eat]\n|-enditem|p2a: Incineroar|Chople Berry|[weaken]\n|-damage|p2a: Incineroar|94/100\n|cant|p2a: Incineroar|flinch\n|move|p1b: Garchomp|Earthquake|p2b: Gengar|[spread] p2a,p2b\n|-immune|p1a: Talonflame\n|-supereffective|p2a: Incineroar|1\n|-supereffective|p2b: Gengar|1\n|-damage|p2a: Incineroar|51/100\n|-damage|p2b: Gengar|35/100\n|move|p2b: Gengar|Perish Song|p2b: Gengar\n|-start|p1a: Talonflame|perish3|[silent]\n|-start|p1b: Garchomp|perish3|[silent]\n|-start|p2a: Incineroar|perish3|[silent]\n|-start|p2b: Gengar|perish3|[silent]\n|-fieldactivate|move: Perish Song\n|\n|-start|p1b: Garchomp|perish3\n|-start|p2b: Gengar|perish3\n|-start|p1a: Talonflame|perish3\n|-start|p2a: Incineroar|perish3\n|upkeep\n|turn|2\n|inactive|Totaly_Not_Max has 30 seconds left.\n|inactive|thr33zz has 30 seconds left.\n|inactive|thr33zz has 20 seconds left.\n|inactive|thr33zz has 15 seconds left.\n|\n|t:|1776133339\n|switch|p2a: Sinistcha|Sinistcha, L50|100/100\n|-heal|p2b: Gengar|59/100|[from] ability: Hospitality|[of] p2a: Sinistcha\n|move|p2b: Gengar|Protect|p2b: Gengar\n|-singleturn|p2b: Gengar|Protect\n|move|p1a: Talonflame|Tailwind|p1a: Talonflame\n|-sidestart|p1: Totaly_Not_Max|move: Tailwind\n|move|p1b: Garchomp|Earthquake|p2b: Gengar|[spread] p2a\n|-activate|p2b: Gengar|move: Protect\n|-immune|p1a: Talonflame\n|-resisted|p2a: Sinistcha|1\n|-damage|p2a: Sinistcha|89/100\n|\n|-start|p1b: Garchomp|perish2\n|-start|p1a: Talonflame|perish2\n|-start|p2b: Gengar|perish2\n|upkeep\n|turn|3\n|\n|t:|1776133358\n|switch|p2b: Incineroar|Incineroar, L50, F|51/100\n|-ability|p2b: Incineroar|Intimidate|boost\n|-unboost|p1a: Talonflame|atk|1\n|-unboost|p1b: Garchomp|atk|1\n|move|p1a: Talonflame|Dual Wingbeat|p2b: Incineroar\n|-damage|p2b: Incineroar|45/100\n|-damage|p2b: Incineroar|39/100\n|-hitcount|p2b: Incineroar|2\n|move|p1b: Garchomp|Earthquake|p2a: Sinistcha|[spread] p2a,p2b\n|-immune|p1a: Talonflame\n|-resisted|p2a: Sinistcha|1\n|-supereffective|p2b: Incineroar|1\n|-damage|p2a: Sinistcha|81/100\n|-damage|p2b: Incineroar|6/100\n|move|p2a: Sinistcha|Life Dew|p2a: Sinistcha|[spread] p2a,p2b\n|-heal|p2a: Sinistcha|100/100\n|-heal|p2b: Incineroar|32/100\n|\n|-start|p1b: Garchomp|perish1\n|-start|p1a: Talonflame|perish1\n|upkeep\n|turn|4\n|inactive|thr33zz has 30 seconds left.\n|\n|t:|1776133389\n|switch|p1b: Gardevoir|Gardevoir, L50, F|100/100\n|switch|p1a: Meowstic|Meowstic, L50, M|100/100\n|switch|p2b: Gengar|Gengar-Mega, L50, M|59/100\n|move|p2a: Sinistcha|Matcha Gotcha|p1a: Meowstic|[spread] p1a,p1b\n|-crit|p1b: Gardevoir\n|-damage|p1a: Meowstic|79/100\n|-damage|p1b: Gardevoir|57/100\n|\n|upkeep\n|turn|5\n|\n|t:|1776133410\n|detailschange|p1b: Gardevoir|Gardevoir-Mega, L50, F\n|-mega|p1b: Gardevoir|Gardevoir|Gardevoirite\n|move|p2a: Sinistcha|Rage Powder|p2a: Sinistcha\n|-singleturn|p2a: Sinistcha|move: Rage Powder\n|move|p1a: Meowstic|Psychic Terrain|p1a: Meowstic\n|-fieldstart|move: Psychic Terrain\n|move|p1b: Gardevoir|Expanding Force|p2b: Gengar|[spread] p2a,p2b\n|-supereffective|p2b: Gengar|1\n|-damage|p2a: Sinistcha|39/100\n|-damage|p2b: Gengar|0 fnt\n|-enditem|p2a: Sinistcha|Sitrus Berry|[eat]\n|-heal|p2a: Sinistcha|64/100|[from] item: Sitrus Berry\n|faint|p2b: Gengar\n|\n|-sideend|p1: Totaly_Not_Max|move: Tailwind\n|upkeep\n|-message|thr33zz forfeited.\n|\n|win|Totaly_Not_Max\n|raw|Totaly_Not_Max's rating: 1147 &rarr; <strong>1165</strong><br />(+18 for winning)\n|raw|thr33zz's rating: 1053 &rarr; <strong>1040</strong><br />(-13 for losing)\n|l|\u2606thr33zz\n|player|p2|\n",
  "uploadtime": 1776133430,
  "views": 16,
  "formatid": "gen9championsvgc2026regma",
  "rating": 1040,
  "private": 0,
  "password": null
}