{
  "id": "gen9championsvgc2026regma-2583374189",
  "format": "[Gen 9 Champions] VGC 2026 Reg M-A",
  "players": [
    "Unchained",
    "Pegassin"
  ],
  "log": "|j|\u2606Unchained\n|j|\u203dPegassin\n|t:|1776171136\n|gametype|doubles\n|player|p1|Unchained|266|1069\n|player|p2|Pegassin|265|1139\n|gen|9\n|tier|[Gen 9 Champions] VGC 2026 Reg M-A\n|rated|\n|rule|Species Clause: Limit one of each Pok\u00e9mon\n|rule|Item Clause: Limit 1 of each item\n|clearpoke\n|poke|p1|Slowbro-Galar, L50, M|\n|poke|p1|Mimikyu, L50, F|\n|poke|p1|Banette, L50, F|\n|poke|p1|Drampa, L50, F|\n|poke|p1|Meowstic, L50, M|\n|poke|p1|Pangoro, L50, F|\n|poke|p2|Pelipper, L50, F|\n|poke|p2|Dragonite, L50, F|\n|poke|p2|Archaludon, L50, M|\n|poke|p2|Sneasler, L50, F|\n|poke|p2|Basculegion, L50, M|\n|poke|p2|Glimmora, L50, F|\n|teampreview|4\n|inactive|Battle timer is ON: inactive players will automatically lose when time's up. (requested by Unchained)\nPegassin rejected open team sheets.\n|\n|t:|1776171165\n|teamsize|p1|4\n|teamsize|p2|4\n|start\n|switch|p1a: Mimikyu|Mimikyu, L50, F|100/100\n|switch|p1b: Banette|Banette, L50, F|100/100\n|switch|p2a: Pelipper|Pelipper, L50, F|100/100\n|switch|p2b: Archaludon|Archaludon, L50, M|100/100\n|-weather|RainDance|[from] ability: Drizzle|[of] p2a: Pelipper\n|turn|1\n|inactive|Unchained has 30 seconds left.\n|inactive|Pegassin has 30 seconds left.\n|inactive|Unchained has 20 seconds left.\n|inactive|Unchained has 15 seconds left.\n|inactive|Unchained has 10 seconds left.\n|\n|t:|1776171214\n|switch|p1b: Drampa|Drampa, L50, F|100/100\n|-ability|p1b: Drampa|Cloud Nine\n|move|p2a: Pelipper|U-turn|p2b: Archaludon\n|-resisted|p2b: Archaludon|1\n|-damage|p2b: Archaludon|97/100\n|-ability|p2b: Archaludon|Stamina|boost\n|-boost|p2b: Archaludon|def|1\n|\n|t:|1776171221\n|switch|p2a: Dragonite|Dragonite, L50, F, shiny|100/100|[from] U-turn\n|move|p2b: Archaludon|Electro Shot||[still]\n|-prepare|p2b: Archaludon|Electro Shot\n|-boost|p2b: Archaludon|spa|1\n|move|p1a: Mimikyu|Trick Room|p1a: Mimikyu\n|-fieldstart|move: Trick Room|[of] p1a: Mimikyu\n|\n|-weather|RainDance|[upkeep]\n|upkeep\n|turn|2\n|\n|t:|1776171236\n|detailschange|p2a: Dragonite|Dragonite-Mega, L50, F, shiny\n|-mega|p2a: Dragonite|Dragonite|Dragoninite\n|move|p1b: Drampa|Ice Beam|p2a: Dragonite\n|-supereffective|p2a: Dragonite|2\n|-damage|p2a: Dragonite|46/100\n|move|p1a: Mimikyu|Play Rough|p2a: Dragonite\n|-supereffective|p2a: Dragonite|1\n|-damage|p2a: Dragonite|0 fnt\n|faint|p2a: Dragonite\n|move|p2b: Archaludon|Electro Shot|p1b: Drampa|[from] lockedmove\n|-resisted|p1b: Drampa|1\n|-damage|p1b: Drampa|65/100\n|\n|-weather|RainDance|[upkeep]\n|upkeep\n|\n|t:|1776171252\n|switch|p2a: Sneasler|Sneasler, L50, F, shiny|100/100\n|turn|3\n|inactive|Unchained has 30 seconds left.\n|\n|t:|1776171285\n|switch|p1b: Banette|Banette, L50, F|100/100\n|move|p2b: Archaludon|Protect|p2b: Archaludon\n|-singleturn|p2b: Archaludon|Protect\n|move|p1a: Mimikyu|Curse|p2b: Archaludon\n|-start|p2b: Archaludon|Curse|[of] p1a: Mimikyu\n|-damage|p1a: Mimikyu|50/100\n|move|p2a: Sneasler|Rock Tomb|p1b: Banette\n|-damage|p1b: Banette|68/100\n|-unboost|p1b: Banette|spe|1\n|\n|-weather|RainDance|[upkeep]\n|-damage|p2b: Archaludon|72/100|[from] Curse\n|upkeep\n|turn|4\n|inactive|Unchained has 30 seconds left.\n|inactive|Pegassin has 30 seconds left.\n|inactive|Pegassin has 20 seconds left.\n|\n|t:|1776171323\n|detailschange|p1b: Banette|Banette-Mega, L50, F\n|-mega|p1b: Banette|Banette|Banettite\n|move|p1b: Banette|Poltergeist|p2a: Sneasler\n|-activate|p2a: Sneasler|move: Poltergeist|Focus Sash\n|-enditem|p2a: Sneasler|Focus Sash\n|-damage|p2a: Sneasler|1/100\n|move|p1a: Mimikyu|Curse|p2a: Sneasler\n|-start|p2a: Sneasler|Curse|[of] p1a: Mimikyu\n|-damage|p1a: Mimikyu|0 fnt\n|faint|p1a: Mimikyu\n|move|p2b: Archaludon|Flash Cannon|p1b: Banette\n|-damage|p1b: Banette|0 fnt\n|faint|p1b: Banette\n|move|p2a: Sneasler|Dire Claw|p1: Mimikyu|[notarget]\n|-fail|p2a: Sneasler\n|\n|-weather|RainDance|[upkeep]\n|-damage|p2b: Archaludon|47/100|[from] Curse\n|-damage|p2a: Sneasler|0 fnt|[from] Curse\n|faint|p2a: Sneasler\n|upkeep\n|\n|t:|1776171345\n|switch|p1b: Drampa|Drampa, L50, F|65/100\n|switch|p1a: Slowbro|Slowbro-Galar, L50, M|100/100\n|switch|p2a: Pelipper|Pelipper, L50, F|100/100\n|-ability|p1b: Drampa|Cloud Nine\n|turn|5\n|-activate|p1a: Slowbro|item: Quick Claw\n|\n|t:|1776171365\n|move|p2b: Archaludon|Protect|p2b: Archaludon\n|-singleturn|p2b: Archaludon|Protect\n|move|p1a: Slowbro|Focus Blast|p2b: Archaludon\n|-activate|p2b: Archaludon|move: Protect\n|move|p1b: Drampa|Thunderbolt|p2a: Pelipper\n|-supereffective|p2a: Pelipper|2\n|-damage|p2a: Pelipper|0 fnt\n|faint|p2a: Pelipper\n|\n|-weather|none\n|-damage|p2b: Archaludon|22/100|[from] Curse\n|-fieldend|move: Trick Room\n|upkeep\n|turn|6\n|\n|t:|1776171388\n|move|p2b: Archaludon|Electro Shot||[still]\n|-prepare|p2b: Archaludon|Electro Shot\n|-boost|p2b: Archaludon|spa|1\n|move|p1b: Drampa|Focus Blast|p2b: Archaludon\n|-supereffective|p2b: Archaludon|1\n|-damage|p2b: Archaludon|0 fnt\n|faint|p2b: Archaludon\n|\n|win|Unchained\n|raw|Unchained's rating: 1069 &rarr; <strong>1105</strong><br />(+36 for winning)\n|raw|Pegassin's rating: 1139 &rarr; <strong>1109</strong><br />(-30 for losing)\n",
  "uploadtime": 1776171388,
  "views": 16,
  "formatid": "gen9championsvgc2026regma",
  "rating": 1105,
  "private": 0,
  "password": null
}