{
  "id": "gen9championsvgc2026regma-2584187207",
  "format": "[Gen 9 Champions] VGC 2026 Reg M-A",
  "players": [
    "San gerger",
    "dkapflzksh"
  ],
  "log": "|j|\u2606San gerger\n|j|\u2606dkapflzksh\n|t:|1776235843\n|gametype|doubles\n|player|p1|San gerger|1|1513\n|player|p2|dkapflzksh|scientist-gen4dp|1481\n|gen|9\n|tier|[Gen 9 Champions] VGC 2026 Reg M-A\n|rated|\n|rule|Species Clause: Limit one of each Pok\u00e9mon\n|rule|Item Clause: Limit 1 of each item\n|clearpoke\n|poke|p1|Delphox, L50, F|\n|poke|p1|Floette-Eternal, L50, F|\n|poke|p1|Aerodactyl, L50, M|\n|poke|p1|Kingambit, L50, M|\n|poke|p1|Basculegion-F, L50, F|\n|poke|p1|Sneasler, L50, M|\n|poke|p2|Pelipper, L50, M|\n|poke|p2|Basculegion, L50, M|\n|poke|p2|Dragonite, L50, F|\n|poke|p2|Archaludon, L50, M|\n|poke|p2|Sableye, L50, M|\n|poke|p2|Sinistcha-Masterpiece, L50|\n|teampreview|4\n|inactive|Battle timer is ON: inactive players will automatically lose when time's up. (requested by San gerger)\n|\n|t:|1776235865\n|teamsize|p1|4\n|teamsize|p2|4\n|start\n|switch|p1a: Basculegion|Basculegion-F, L50, F|100/100\n|switch|p1b: Floette|Floette-Eternal, L50, F|100/100\n|switch|p2a: Pelipper|Pelipper, L50, M, shiny|100/100\n|switch|p2b: Basculegion|Basculegion, L50, M, shiny|100/100\n|-weather|RainDance|[from] ability: Drizzle|[of] p2a: Pelipper\n|turn|1\n|inactive|dkapflzksh has 30 seconds left.\n|\n|t:|1776235894\n|move|p1b: Floette|Protect|p1b: Floette\n|-singleturn|p1b: Floette|Protect\n|move|p2b: Basculegion|Liquidation|p1b: Floette\n|-activate|p1b: Floette|move: Protect\n|move|p1a: Basculegion|Shadow Ball|p2b: Basculegion\n|-supereffective|p2b: Basculegion|1\n|-enditem|p2b: Basculegion|Focus Sash\n|-damage|p2b: Basculegion|1/100\n|-unboost|p2b: Basculegion|spd|1\n|move|p2a: Pelipper|Hurricane|p1b: Floette\n|-activate|p1b: Floette|move: Protect\n|\n|-weather|RainDance|[upkeep]\n|upkeep\n|turn|2\n|\n|t:|1776235915\n|detailschange|p1b: Floette|Floette-Mega, L50, F\n|-mega|p1b: Floette|Floette|Floettite\n|-ability|p1b: Floette|Fairy Aura\n|move|p2b: Basculegion|Flip Turn|p1b: Floette\n|-damage|p1b: Floette|50/100\n|\n|t:|1776235921\n|switch|p2b: Archaludon|Archaludon, L50, M, shiny|100/100|[from] Flip Turn\n|move|p1a: Basculegion|Shadow Ball|p2b: Archaludon\n|-crit|p2b: Archaludon\n|-damage|p2b: Archaludon|29/100\n|-ability|p2b: Archaludon|Stamina|boost\n|-boost|p2b: Archaludon|def|1\n|move|p2a: Pelipper|Hurricane|p1b: Floette\n|-damage|p1b: Floette|15/100\n|move|p1b: Floette|Moonblast|p2a: Pelipper\n|-damage|p2a: Pelipper|0 fnt\n|faint|p2a: Pelipper\n|\n|-weather|RainDance|[upkeep]\n|-heal|p2b: Archaludon|35/100|[from] item: Leftovers\n|upkeep\n|inactive|dkapflzksh has 30 seconds left.\n|\n|t:|1776235947\n|switch|p2a: Basculegion|Basculegion, L50, M, shiny|1/100\n|turn|3\n|inactive|San gerger has 30 seconds left.\n|inactive|San gerger has 20 seconds left.\n|inactive|San gerger has 15 seconds left.\n|\n|t:|1776235991\n|move|p2a: Basculegion|Flip Turn|p1a: Basculegion\n|-resisted|p1a: Basculegion|1\n|-damage|p1a: Basculegion|71/100\n|\n|t:|1776235995\n|switch|p2a: Sinistcha|Sinistcha-Masterpiece, L50|100/100|[from] Flip Turn\n|-heal|p2b: Archaludon|60/100|[from] ability: Hospitality|[of] p2a: Sinistcha\n|move|p1a: Basculegion|Shadow Ball|p2b: Archaludon\n|-damage|p2b: Archaludon|12/100\n|-ability|p2b: Archaludon|Stamina|boost\n|-boost|p2b: Archaludon|def|1\n|move|p1b: Floette|Dazzling Gleam|p2a: Sinistcha|[spread] p2a,p2b\n|-damage|p2a: Sinistcha|55/100\n|-damage|p2b: Archaludon|0 fnt\n|faint|p2b: Archaludon\n|\n|-weather|RainDance|[upkeep]\n|upkeep\n|\n|t:|1776236006\n|switch|p2b: Basculegion|Basculegion, L50, M, shiny|1/100\n|turn|4\n|\n|t:|1776236017\n|move|p2b: Basculegion|Aqua Jet|p1b: Floette\n|-damage|p1b: Floette|0 fnt\n|faint|p1b: Floette\n|move|p1a: Basculegion|Shadow Ball|p2b: Basculegion\n|-supereffective|p2b: Basculegion|1\n|-damage|p2b: Basculegion|0 fnt\n|faint|p2b: Basculegion\n|move|p2a: Sinistcha|Strength Sap|p1a: Basculegion\n|-unboost|p1a: Basculegion|atk|1\n|-heal|p2a: Sinistcha|100/100\n|\n|-weather|RainDance|[upkeep]\n|upkeep\n|\n|t:|1776236030\n|switch|p1b: Kingambit|Kingambit, L50, M|100/100\n|turn|5\n|\n|t:|1776236042\n|move|p1a: Basculegion|Shadow Ball|p2a: Sinistcha\n|-supereffective|p2a: Sinistcha|1\n|-damage|p2a: Sinistcha|11/100\n|-enditem|p2a: Sinistcha|Sitrus Berry|[eat]\n|-heal|p2a: Sinistcha|35/100|[from] item: Sitrus Berry\n|move|p2a: Sinistcha|Matcha Gotcha|p1a: Basculegion|[spread] p1a,p1b\n|-supereffective|p1a: Basculegion|1\n|-crit|p1a: Basculegion\n|-resisted|p1b: Kingambit|1\n|-damage|p1a: Basculegion|0 fnt\n|-heal|p2a: Sinistcha|75/100|[from] drain|[of] p1a: Basculegion\n|-damage|p1b: Kingambit|88/100\n|-heal|p2a: Sinistcha|82/100|[from] drain|[of] p1b: Kingambit\n|faint|p1a: Basculegion\n|move|p1b: Kingambit|Kowtow Cleave|p2a: Sinistcha\n|-supereffective|p2a: Sinistcha|1\n|-crit|p2a: Sinistcha\n|-damage|p2a: Sinistcha|0 fnt\n|faint|p2a: Sinistcha\n|\n|win|San gerger\n|raw|San gerger's rating: 1513 &rarr; <strong>1531</strong><br />(+18 for winning)\n|raw|dkapflzksh's rating: 1481 &rarr; <strong>1463</strong><br />(-18 for losing)\n",
  "uploadtime": 1776236042,
  "views": 60,
  "formatid": "gen9championsvgc2026regma",
  "rating": 1463,
  "private": 0,
  "password": null
}