{
  "id": "gen9championsvgc2026regma-2586323489",
  "format": "[Gen 9 Champions] VGC 2026 Reg M-A",
  "players": [
    "Kwasmop",
    "25528989d"
  ],
  "log": "|j|\u2606Kwasmop\n|j|\u260625528989d\n|t:|1776425275\n|gametype|doubles\n|player|p1|Kwasmop|169|1044\n|player|p2|25528989d|roxie-masters|1129\n|gen|9\n|tier|[Gen 9 Champions] VGC 2026 Reg M-A\n|rated|\n|rule|Species Clause: Limit one of each Pok\u00e9mon\n|rule|Item Clause: Limit 1 of each item\n|clearpoke\n|poke|p1|Tyranitar, L50, F|\n|poke|p1|Excadrill, L50, M|\n|poke|p1|Corviknight, L50, F|\n|poke|p1|Incineroar, L50, F|\n|poke|p1|Rotom-Wash, L50|\n|poke|p1|Aerodactyl, L50, F|\n|poke|p2|Charizard, L50, F|\n|poke|p2|Tyranitar, L50, M|\n|poke|p2|Gyarados, L50, F|\n|poke|p2|Garchomp, L50, F|\n|poke|p2|Rotom-Mow, L50|\n|poke|p2|Lucario, L50, F|\n|teampreview|4\n|\n|t:|1776425331\n|teamsize|p1|4\n|teamsize|p2|4\n|start\n|switch|p1a: Incineroar|Incineroar, L50, F|100/100\n|switch|p1b: Aerodactyl|Aerodactyl, L50, F|100/100\n|switch|p2a: Charizard|Charizard, L50, F|100/100\n|switch|p2b: Rotom|Rotom-Mow, L50|100/100\n|-ability|p1b: Aerodactyl|Unnerve\n|-ability|p1a: Incineroar|Intimidate|boost\n|-unboost|p2a: Charizard|atk|1\n|-unboost|p2b: Rotom|atk|1\n|turn|1\n|\n|t:|1776425367\n|detailschange|p1b: Aerodactyl|Aerodactyl-Mega, L50, F\n|-mega|p1b: Aerodactyl|Aerodactyl|Aerodactylite\n|move|p2a: Charizard|Protect|p2a: Charizard\n|-singleturn|p2a: Charizard|Protect\n|move|p2b: Rotom|Protect|p2b: Rotom\n|-singleturn|p2b: Rotom|Protect\n|move|p1a: Incineroar|Fake Out|p2b: Rotom\n|-activate|p2b: Rotom|move: Protect\n|move|p1b: Aerodactyl|Ice Fang|p2b: Rotom\n|-activate|p2b: Rotom|move: Protect\n|\n|upkeep\n|turn|2\n|\n|t:|1776425400\n|switch|p2a: Lucario|Lucario, L50, F|100/100\n|switch|p2b: Gyarados|Gyarados, L50, F|100/100\n|-ability|p2b: Gyarados|Intimidate|boost\n|-unboost|p1a: Incineroar|atk|1\n|-unboost|p1b: Aerodactyl|atk|1\n|move|p1b: Aerodactyl|Protect|p1b: Aerodactyl\n|-singleturn|p1b: Aerodactyl|Protect\n|move|p1a: Incineroar|Flare Blitz|p2b: Gyarados\n|-resisted|p2b: Gyarados|1\n|-damage|p2b: Gyarados|87/100\n|-damage|p1a: Incineroar|96/100|[from] Recoil\n|\n|upkeep\n|turn|3\n|\n|t:|1776425443\n|move|p2a: Lucario|Protect|p2a: Lucario\n|-singleturn|p2a: Lucario|Protect\n|move|p1b: Aerodactyl|Tailwind|p1b: Aerodactyl\n|-sidestart|p1: Kwasmop|move: Tailwind\n|move|p1a: Incineroar|Parting Shot|p2a: Lucario\n|-activate|p2a: Lucario|move: Protect\n|move|p2b: Gyarados|Waterfall|p1b: Aerodactyl\n|-supereffective|p1b: Aerodactyl|1\n|-damage|p1b: Aerodactyl|8/100\n|\n|upkeep\n|turn|4\n|\n|t:|1776425482\n|switch|p1b: Corviknight|Corviknight, L50, F|100/100\n|move|p2a: Lucario|Bullet Punch|p1b: Corviknight\n|-resisted|p1b: Corviknight|1\n|-damage|p1b: Corviknight|95/100\n|move|p1a: Incineroar|Parting Shot|p2b: Gyarados\n|-unboost|p2b: Gyarados|atk|1\n|-unboost|p2b: Gyarados|spa|1\n|\n|t:|1776425490\n|switch|p1a: Rotom|Rotom-Wash, L50|100/100|[from] Parting Shot\n|move|p2b: Gyarados|Waterfall|p1a: Rotom\n|-resisted|p1a: Rotom|1\n|-damage|p1a: Rotom|84/100\n|\n|-heal|p1b: Corviknight|100/100|[from] item: Leftovers\n|upkeep\n|turn|5\n|\n|t:|1776425512\n|switch|p2b: Rotom|Rotom-Mow, L50|100/100\n|move|p2a: Lucario|Protect|p2a: Lucario\n|-singleturn|p2a: Lucario|Protect\n|move|p1a: Rotom|Volt Switch|p2b: Rotom\n|-resisted|p2b: Rotom|2\n|-damage|p2b: Rotom|88/100\n|\n|t:|1776425524\n|switch|p1a: Aerodactyl|Aerodactyl-Mega, L50, F|8/100|[from] Volt Switch\n|move|p1b: Corviknight|Body Press|p2a: Lucario\n|-activate|p2a: Lucario|move: Protect\n|\n|upkeep\n|turn|6\n|\n|t:|1776425552\n|switch|p2a: Gyarados|Gyarados, L50, F|87/100\n|-ability|p2a: Gyarados|Intimidate|boost\n|-unboost|p1a: Aerodactyl|atk|1\n|-ability|p1b: Corviknight|Mirror Armor\n|-unboost|p2a: Gyarados|atk|1\n|move|p1a: Aerodactyl|Ice Fang|p2b: Rotom\n|-supereffective|p2b: Rotom|1\n|-damage|p2b: Rotom|53/100\n|-status|p2b: Rotom|frz\n|move|p1b: Corviknight|Body Press|p2a: Gyarados\n|-resisted|p2a: Gyarados|1\n|-damage|p2a: Gyarados|76/100\n|cant|p2b: Rotom|frz\n|\n|-sideend|p1: Kwasmop|move: Tailwind\n|upkeep\n|turn|7\n|\n|t:|1776425583\n|switch|p1a: Rotom|Rotom-Wash, L50|84/100\n|switch|p2b: Charizard|Charizard, L50, F|100/100\n|move|p2a: Gyarados|Waterfall|p1a: Rotom\n|-resisted|p1a: Rotom|1\n|-damage|p1a: Rotom|67/100\n|move|p1b: Corviknight|Tailwind|p1b: Corviknight\n|-sidestart|p1: Kwasmop|move: Tailwind\n|\n|upkeep\n|turn|8\n|\n|t:|1776425609\n|move|p2b: Charizard|Protect|p2b: Charizard\n|-singleturn|p2b: Charizard|Protect\n|move|p2a: Gyarados|Protect|p2a: Gyarados\n|-singleturn|p2a: Gyarados|Protect\n|move|p1a: Rotom|Thunderbolt|p2b: Charizard\n|-activate|p2b: Charizard|move: Protect\n|move|p1b: Corviknight|Brave Bird|p2b: Charizard\n|-activate|p2b: Charizard|move: Protect\n|\n|upkeep\n|turn|9\n|\n|t:|1776425663\n|switch|p2a: Rotom|Rotom-Mow, L50|53/100 frz\n|detailschange|p2b: Charizard|Charizard-Mega-Y, L50, F\n|-mega|p2b: Charizard|Charizard|Charizardite Y\n|-weather|SunnyDay|[from] ability: Drought|[of] p2b: Charizard\n|move|p1a: Rotom|Thunderbolt|p2b: Charizard\n|-supereffective|p2b: Charizard|1\n|-damage|p2b: Charizard|12/100\n|move|p1b: Corviknight|Brave Bird|p2b: Charizard\n|-damage|p2b: Charizard|0 fnt\n|faint|p2b: Charizard\n|-damage|p1b: Corviknight|97/100|[from] Recoil\n|\n|-weather|SunnyDay|[upkeep]\n|-heal|p1b: Corviknight|100/100|[from] item: Leftovers\n|upkeep\n|\n|t:|1776425679\n|switch|p2b: Lucario|Lucario, L50, F|100/100\n|turn|10\n|\n|t:|1776425689\n|move|p2b: Lucario|Protect|p2b: Lucario\n|-singleturn|p2b: Lucario|Protect\n|cant|p2a: Rotom|frz\n|move|p1a: Rotom|Volt Switch|p2a: Rotom\n|-resisted|p2a: Rotom|2\n|-damage|p2a: Rotom|42/100 frz\n|-enditem|p2a: Rotom|Sitrus Berry|[eat]\n|-heal|p2a: Rotom|67/100 frz|[from] item: Sitrus Berry\n|\n|t:|1776425709\n|switch|p1a: Incineroar|Incineroar, L50, F|96/100|[from] Volt Switch\n|-ability|p1a: Incineroar|Intimidate|boost\n|-unboost|p2a: Rotom|atk|1\n|-fail|p2b: Lucario|unboost|Attack|[from] ability: Inner Focus|[of] p2b: Lucario\n|move|p1b: Corviknight|Body Press|p2b: Lucario\n|-activate|p2b: Lucario|move: Protect\n|\n|-weather|SunnyDay|[upkeep]\n|-sideend|p1: Kwasmop|move: Tailwind\n|upkeep\n|turn|11\n|\n|t:|1776425753\n|move|p2b: Lucario|Close Combat|p1a: Incineroar\n|-supereffective|p1a: Incineroar|1\n|-damage|p1a: Incineroar|7/100\n|-unboost|p2b: Lucario|def|1\n|-unboost|p2b: Lucario|spd|1\n|-enditem|p1a: Incineroar|Sitrus Berry|[eat]\n|-heal|p1a: Incineroar|32/100|[from] item: Sitrus Berry\n|-curestatus|p2a: Rotom|frz|[msg]\n|move|p2a: Rotom|Will-O-Wisp|p1b: Corviknight\n|-status|p1b: Corviknight|brn\n|move|p1b: Corviknight|Body Press|p2b: Lucario\n|-supereffective|p2b: Lucario|1\n|-damage|p2b: Lucario|34/100\n|move|p1a: Incineroar|Flare Blitz|p2b: Lucario\n|-supereffective|p2b: Lucario|1\n|-damage|p2b: Lucario|0 fnt\n|faint|p2b: Lucario\n|-damage|p1a: Incineroar|23/100|[from] Recoil\n|\n|-weather|SunnyDay|[upkeep]\n|-damage|p1b: Corviknight|95/100 brn|[from] brn\n|upkeep\n|\n|t:|1776425768\n|switch|p2b: Gyarados|Gyarados, L50, F|76/100\n|-ability|p2b: Gyarados|Intimidate|boost\n|-unboost|p1a: Incineroar|atk|1\n|-ability|p1b: Corviknight|Mirror Armor\n|-unboost|p2b: Gyarados|atk|1\n|turn|12\n|\n|t:|1776425808\n|move|p2a: Rotom|Thunderbolt|p1b: Corviknight\n|-supereffective|p1b: Corviknight|1\n|-damage|p1b: Corviknight|30/100 brn\n|move|p2b: Gyarados|Waterfall|p1a: Incineroar\n|-supereffective|p1a: Incineroar|1\n|-damage|p1a: Incineroar|4/100\n|move|p1b: Corviknight|Tailwind|p1b: Corviknight\n|-sidestart|p1: Kwasmop|move: Tailwind\n|move|p1a: Incineroar|Parting Shot|p2b: Gyarados\n|-unboost|p2b: Gyarados|atk|1\n|-unboost|p2b: Gyarados|spa|1\n|\n|t:|1776425819\n|switch|p1a: Rotom|Rotom-Wash, L50|67/100|[from] Parting Shot\n|\n|-weather|SunnyDay|[upkeep]\n|-heal|p1b: Corviknight|36/100 brn|[from] item: Leftovers\n|-damage|p1b: Corviknight|30/100 brn|[from] brn\n|upkeep\n|turn|13\n|\n|t:|1776425828\n|move|p2b: Gyarados|Protect|p2b: Gyarados\n|-singleturn|p2b: Gyarados|Protect\n|move|p1a: Rotom|Thunderbolt|p2b: Gyarados\n|-activate|p2b: Gyarados|move: Protect\n|move|p1b: Corviknight|Body Press|p2a: Rotom\n|-damage|p2a: Rotom|56/100\n|move|p2a: Rotom|Leaf Storm|p1a: Rotom\n|-supereffective|p1a: Rotom|1\n|-damage|p1a: Rotom|0 fnt\n|-unboost|p2a: Rotom|spa|2\n|faint|p1a: Rotom\n|\n|-weather|none\n|-heal|p1b: Corviknight|36/100 brn|[from] item: Leftovers\n|-damage|p1b: Corviknight|30/100 brn|[from] brn\n|upkeep\n|\n|t:|1776425848\n|switch|p1a: Aerodactyl|Aerodactyl-Mega, L50, F|8/100\n|turn|14\n|\n|t:|1776425863\n|move|p1a: Aerodactyl|Ice Fang|p2a: Rotom\n|-supereffective|p2a: Rotom|1\n|-damage|p2a: Rotom|5/100\n|move|p1b: Corviknight|Roost|p1b: Corviknight\n|-heal|p1b: Corviknight|80/100 brn\n|-singleturn|p1b: Corviknight|move: Roost\n|move|p2a: Rotom|Thunderbolt|p1b: Corviknight\n|-damage|p1b: Corviknight|65/100 brn\n|move|p2b: Gyarados|Waterfall|p1a: Aerodactyl\n|-supereffective|p1a: Aerodactyl|1\n|-damage|p1a: Aerodactyl|0 fnt\n|faint|p1a: Aerodactyl\n|\n|-heal|p1b: Corviknight|71/100 brn|[from] item: Leftovers\n|-damage|p1b: Corviknight|65/100 brn|[from] brn\n|upkeep\n|\n|t:|1776425874\n|switch|p1a: Incineroar|Incineroar, L50, F|4/100\n|-ability|p1a: Incineroar|Intimidate|boost\n|-unboost|p2a: Rotom|atk|1\n|-unboost|p2b: Gyarados|atk|1\n|turn|15\n|\n|t:|1776425912\n|move|p2a: Rotom|Protect|p2a: Rotom\n|-singleturn|p2a: Rotom|Protect\n|move|p1a: Incineroar|Fake Out|p2a: Rotom\n|-activate|p2a: Rotom|move: Protect\n|move|p1b: Corviknight|Brave Bird|p2b: Gyarados\n|-damage|p2b: Gyarados|59/100\n|-damage|p1b: Corviknight|60/100 brn|[from] Recoil\n|move|p2b: Gyarados|Waterfall|p1a: Incineroar\n|-supereffective|p1a: Incineroar|1\n|-damage|p1a: Incineroar|0 fnt\n|faint|p1a: Incineroar\n|\n|-heal|p1b: Corviknight|66/100 brn|[from] item: Leftovers\n|-damage|p1b: Corviknight|60/100 brn|[from] brn\n|-sideend|p1: Kwasmop|move: Tailwind\n|upkeep\n|turn|16\n|-message|Kwasmop forfeited.\n|\n|win|25528989d\n|raw|Kwasmop's rating: 1044 &rarr; <strong>1031</strong><br />(-13 for losing)\n|raw|25528989d's rating: 1129 &rarr; <strong>1148</strong><br />(+19 for winning)\n|l|\u2606Kwasmop\n|player|p1|\n",
  "uploadtime": 1776425925,
  "views": 26,
  "formatid": "gen9championsvgc2026regma",
  "rating": 1031,
  "private": 0,
  "password": null
}