{
  "id": "gen9championsvgc2026regma-2586375296",
  "format": "[Gen 9 Champions] VGC 2026 Reg M-A",
  "players": [
    "Swaghirisenpai",
    "B0otyB3ar"
  ],
  "log": "|j|\u2606Swaghirisenpai\n|j|\u2606B0otyB3ar\n|t:|1776429980\n|gametype|doubles\n|player|p1|Swaghirisenpai|2|1158\n|player|p2|B0otyB3ar|pokemonranger-gen4|1209\n|gen|9\n|tier|[Gen 9 Champions] VGC 2026 Reg M-A\n|rated|\n|rule|Species Clause: Limit one of each Pok\u00e9mon\n|rule|Item Clause: Limit 1 of each item\n|clearpoke\n|poke|p1|Froslass, L50, F|\n|poke|p1|Basculegion, L50, M|\n|poke|p1|Krookodile, L50, M|\n|poke|p1|Primarina, L50, M|\n|poke|p1|Rotom-Frost, L50|\n|poke|p1|Corviknight, L50, M|\n|poke|p2|Gengar, L50, M|\n|poke|p2|Altaria, L50, F|\n|poke|p2|Incineroar, L50, M|\n|poke|p2|Kingambit, L50, F|\n|poke|p2|Rotom-Wash, L50|\n|poke|p2|Kommo-o, L50, F|\n|teampreview|4\n|\n|t:|1776429999\n|teamsize|p1|4\n|teamsize|p2|4\n|start\n|switch|p1a: Froslass|Froslass, L50, F|100/100\n|switch|p1b: Basculegion|Basculegion, L50, M|100/100\n|switch|p2a: Kingambit|Kingambit, L50, F|100/100\n|switch|p2b: Gengar|Gengar, L50, M|100/100\n|turn|1\n|\n|t:|1776430016\n|switch|p2b: Incineroar|Incineroar, L50, M|100/100\n|-ability|p2b: Incineroar|Intimidate|boost\n|-unboost|p1a: Froslass|atk|1\n|-unboost|p1b: Basculegion|atk|1\n|detailschange|p1a: Froslass|Froslass-Mega, L50, F\n|-mega|p1a: Froslass|Froslass|Froslassite\n|-weather|Snowscape|[from] ability: Snow Warning|[of] p1a: Froslass\n|move|p1b: Basculegion|Last Respects|p2b: Incineroar\n|-resisted|p2b: Incineroar|1\n|-damage|p2b: Incineroar|91/100\n|move|p1a: Froslass|Shadow Ball|p2b: Incineroar\n|-resisted|p2b: Incineroar|1\n|-damage|p2b: Incineroar|75/100\n|-unboost|p2b: Incineroar|spd|1\n|move|p2a: Kingambit|Kowtow Cleave|p1b: Basculegion\n|-supereffective|p1b: Basculegion|1\n|-damage|p1b: Basculegion|0 fnt\n|faint|p1b: Basculegion\n|\n|-weather|Snowscape|[upkeep]\n|upkeep\n|\n|t:|1776430036\n|switch|p1b: Primarina|Primarina, L50, M|100/100\n|turn|2\n|\n|t:|1776430050\n|move|p1a: Froslass|Protect|p1a: Froslass\n|-singleturn|p1a: Froslass|Protect\n|move|p2b: Incineroar|Fake Out|p1b: Primarina\n|-damage|p1b: Primarina|86/100\n|cant|p1b: Primarina|flinch\n|move|p2a: Kingambit|Kowtow Cleave|p1a: Froslass\n|-activate|p1a: Froslass|move: Protect\n|\n|-weather|Snowscape|[upkeep]\n|upkeep\n|turn|3\n|\n|t:|1776430063\n|move|p1a: Froslass|Blizzard|p2a: Kingambit|[spread] p2a,p2b\n|-resisted|p2a: Kingambit|1\n|-resisted|p2b: Incineroar|1\n|-damage|p2a: Kingambit|76/100\n|-damage|p2b: Incineroar|50/100\n|-status|p2a: Kingambit|frz\n|-enditem|p2b: Incineroar|Sitrus Berry|[eat]\n|-heal|p2b: Incineroar|75/100|[from] item: Sitrus Berry\n|move|p1b: Primarina|Hyper Voice|p2b: Incineroar|[spread] p2a,p2b\n|-supereffective|p2b: Incineroar|1\n|-damage|p2a: Kingambit|36/100 frz\n|-damage|p2b: Incineroar|0 fnt\n|faint|p2b: Incineroar\n|-curestatus|p2a: Kingambit|frz|[msg]\n|move|p2a: Kingambit|Kowtow Cleave|p1a: Froslass\n|-supereffective|p1a: Froslass|1\n|-damage|p1a: Froslass|0 fnt\n|faint|p1a: Froslass\n|\n|-weather|Snowscape|[upkeep]\n|upkeep\n|\n|t:|1776430079\n|switch|p1a: Rotom|Rotom-Frost, L50|100/100\n|switch|p2b: Gengar|Gengar, L50, M|100/100\n|turn|4\n|\n|t:|1776430089\n|switch|p2a: Rotom|Rotom-Wash, L50|100/100\n|detailschange|p2b: Gengar|Gengar-Mega, L50, M\n|-mega|p2b: Gengar|Gengar|Gengarite\n|move|p2b: Gengar|Perish Song|p2b: Gengar\n|-start|p1a: Rotom|perish3|[silent]\n|-start|p1b: Primarina|perish3|[silent]\n|-start|p2a: Rotom|perish3|[silent]\n|-start|p2b: Gengar|perish3|[silent]\n|-fieldactivate|move: Perish Song\n|move|p1b: Primarina|Hyper Voice|p2a: Rotom|[spread] p2a,p2b\n|-resisted|p2a: Rotom|1\n|-damage|p2a: Rotom|82/100\n|-damage|p2b: Gengar|55/100\n|move|p1a: Rotom|Blizzard|p2a: Rotom|[spread] p2a,p2b\n|-resisted|p2a: Rotom|1\n|-damage|p2a: Rotom|68/100\n|-damage|p2b: Gengar|20/100\n|-status|p2b: Gengar|frz\n|\n|-weather|Snowscape|[upkeep]\n|-start|p2b: Gengar|perish3\n|-start|p1b: Primarina|perish3\n|-start|p2a: Rotom|perish3\n|-start|p1a: Rotom|perish3\n|upkeep\n|turn|5\n|\n|t:|1776430109\n|-curestatus|p2b: Gengar|frz|[msg]\n|move|p2b: Gengar|Protect|p2b: Gengar\n|-singleturn|p2b: Gengar|Protect\n|move|p2a: Rotom|Protect|p2a: Rotom\n|-singleturn|p2a: Rotom|Protect\n|move|p1b: Primarina|Hyper Voice|p2b: Gengar|[spread] \n|-activate|p2a: Rotom|move: Protect\n|-activate|p2b: Gengar|move: Protect\n|move|p1a: Rotom|Blizzard|p2b: Gengar|[spread] \n|-activate|p2a: Rotom|move: Protect\n|-activate|p2b: Gengar|move: Protect\n|\n|-weather|none\n|-start|p2b: Gengar|perish2\n|-start|p1b: Primarina|perish2\n|-start|p2a: Rotom|perish2\n|-start|p1a: Rotom|perish2\n|upkeep\n|turn|6\n|\n|t:|1776430131\n|switch|p2b: Kingambit|Kingambit, L50, F|36/100\n|move|p1b: Primarina|Hyper Voice|p2a: Rotom|[spread] p2a,p2b\n|-resisted|p2a: Rotom|1\n|-damage|p2a: Rotom|50/100\n|-damage|p2b: Kingambit|0 fnt\n|faint|p2b: Kingambit\n|move|p2a: Rotom|Electroweb|p1a: Rotom|[spread] p1a,p1b\n|-resisted|p1a: Rotom|1\n|-supereffective|p1b: Primarina|1\n|-damage|p1a: Rotom|95/100\n|-damage|p1b: Primarina|54/100\n|-unboost|p1a: Rotom|spe|1\n|-unboost|p1b: Primarina|spe|1\n|move|p1a: Rotom|Volt Switch|p2a: Rotom\n|-damage|p2a: Rotom|25/100\n|\n|-heal|p1a: Rotom|100/100|[from] item: Leftovers\n|-start|p2a: Rotom|perish1\n|-start|p1b: Primarina|perish1\n|-start|p1a: Rotom|perish1\n|upkeep\n|\n|t:|1776430142\n|switch|p2b: Gengar|Gengar-Mega, L50, M|20/100\n|turn|7\n|-message|Swaghirisenpai forfeited.\n|\n|win|B0otyB3ar\n|raw|Swaghirisenpai's rating: 1158 &rarr; <strong>1137</strong><br />(-21 for losing)\n|raw|B0otyB3ar's rating: 1209 &rarr; <strong>1230</strong><br />(+21 for winning)\n|l|\u2606Swaghirisenpai\n|player|p1|\n",
  "uploadtime": 1776430153,
  "views": 33,
  "formatid": "gen9championsvgc2026regma",
  "rating": 1137,
  "private": 0,
  "password": null
}