{
  "id": "gen9championsvgc2026regma-2585526881",
  "format": "[Gen 9 Champions] VGC 2026 Reg M-A",
  "players": [
    "Srothy",
    "honeybeegirl122"
  ],
  "log": "|j|\u2606Srothy\n|j|\u2606honeybeegirl122\n|t:|1776353442\n|gametype|doubles\n|player|p1|Srothy|102|1104\n|player|p2|honeybeegirl122|lass|1064\n|gen|9\n|tier|[Gen 9 Champions] VGC 2026 Reg M-A\n|rated|\n|rule|Species Clause: Limit one of each Pok\u00e9mon\n|rule|Item Clause: Limit 1 of each item\n|clearpoke\n|poke|p1|Charizard, L50, M|\n|poke|p1|Venusaur, L50, F|\n|poke|p1|Garchomp, L50, F|\n|poke|p1|Rotom-Wash, L50|\n|poke|p1|Sneasler, L50, M|\n|poke|p1|Incineroar, L50, F|\n|poke|p2|Gengar, L50, F|\n|poke|p2|Politoed, L50, M|\n|poke|p2|Basculegion, L50, M|\n|poke|p2|Maushold, L50|\n|poke|p2|Incineroar, L50, F|\n|poke|p2|Aromatisse, L50, M|\n|teampreview|4\nSrothy rejected open team sheets.\n|\n|t:|1776353473\n|teamsize|p1|4\n|teamsize|p2|4\n|start\n|switch|p1a: Venusaur|Venusaur, L50, F|100/100\n|switch|p1b: Rotom|Rotom-Wash, L50|100/100\n|switch|p2a: Gengar|Gengar, L50, F|100/100\n|switch|p2b: Incineroar|Incineroar, L50, F|100/100\n|-ability|p2b: Incineroar|Intimidate|boost\n|-unboost|p1a: Venusaur|atk|1\n|-unboost|p1b: Rotom|atk|1\n|turn|1\n|inactive|Battle timer is ON: inactive players will automatically lose when time's up. (requested by Srothy)\n|\n|t:|1776353490\n|switch|p1a: Incineroar|Incineroar, L50, F|100/100\n|-ability|p1a: Incineroar|Intimidate|boost\n|-unboost|p2a: Gengar|atk|1\n|-unboost|p2b: Incineroar|atk|1\n|detailschange|p2a: Gengar|Gengar-Mega, L50, F\n|-mega|p2a: Gengar|Gengar|Gengarite\n|move|p2b: Incineroar|Fake Out|p1a: Incineroar\n|-crit|p1a: Incineroar\n|-damage|p1a: Incineroar|86/100\n|move|p2a: Gengar|Perish Song|p2a: Gengar\n|-start|p1a: Incineroar|perish3|[silent]\n|-start|p1b: Rotom|perish3|[silent]\n|-start|p2a: Gengar|perish3|[silent]\n|-start|p2b: Incineroar|perish3|[silent]\n|-fieldactivate|move: Perish Song\n|move|p1b: Rotom|Thunderbolt|p2a: Gengar\n|-damage|p2a: Gengar|59/100\n|\n|-start|p2a: Gengar|perish3\n|-start|p1b: Rotom|perish3\n|-start|p1a: Incineroar|perish3\n|-start|p2b: Incineroar|perish3\n|upkeep\n|turn|2\n|inactive|Srothy has 30 seconds left.\n|\n|t:|1776353515\n|move|p2a: Gengar|Protect|p2a: Gengar\n|-singleturn|p2a: Gengar|Protect\n|move|p2b: Incineroar|Protect|p2b: Incineroar\n|-singleturn|p2b: Incineroar|Protect\n|move|p1a: Incineroar|Fake Out|p2b: Incineroar\n|-activate|p2b: Incineroar|move: Protect\n|move|p1b: Rotom|Hydro Pump|p2a: Gengar\n|-activate|p2a: Gengar|move: Protect\n|\n|-start|p2a: Gengar|perish2\n|-start|p1b: Rotom|perish2\n|-start|p1a: Incineroar|perish2\n|-start|p2b: Incineroar|perish2\n|upkeep\n|turn|3\n|\n|t:|1776353535\n|switch|p2a: Aromatisse|Aromatisse, L50, M, shiny|100/100\n|move|p1b: Rotom|Hydro Pump|p2b: Incineroar\n|-supereffective|p2b: Incineroar|1\n|-damage|p2b: Incineroar|37/100\n|move|p1a: Incineroar|Darkest Lariat|p2a: Aromatisse\n|-resisted|p2a: Aromatisse|1\n|-damage|p2a: Aromatisse|85/100\n|move|p2b: Incineroar|Parting Shot|p2a: Aromatisse\n|-unboost|p2a: Aromatisse|atk|1\n|-unboost|p2a: Aromatisse|spa|1\n|\n|t:|1776353549\n|switch|p2b: Gengar|Gengar-Mega, L50, F|59/100|[from] Parting Shot\n|\n|-start|p1b: Rotom|perish1\n|-start|p1a: Incineroar|perish1\n|upkeep\n|turn|4\n|\n|t:|1776353563\n|move|p2b: Gengar|Protect|p2b: Gengar\n|-singleturn|p2b: Gengar|Protect\n|move|p2a: Aromatisse|Protect|p2a: Aromatisse\n|-singleturn|p2a: Aromatisse|Protect\n|move|p1b: Rotom|Thunderbolt|p2b: Gengar\n|-activate|p2b: Gengar|move: Protect\n|move|p1a: Incineroar|Parting Shot|p2b: Gengar\n|-activate|p2b: Gengar|move: Protect\n|\n|-start|p1b: Rotom|perish0\n|-start|p1a: Incineroar|perish0\n|faint|p1b: Rotom\n|faint|p1a: Incineroar\n|upkeep\n|\n|t:|1776353569\n|switch|p1b: Venusaur|Venusaur, L50, F|100/100\n|switch|p1a: Charizard|Charizard, L50, M|100/100\n|turn|5\n|\n|t:|1776353588\n|detailschange|p1a: Charizard|Charizard-Mega-Y, L50, M\n|-mega|p1a: Charizard|Charizard|Charizardite Y\n|-weather|SunnyDay|[from] ability: Drought|[of] p1a: Charizard\n|move|p2a: Aromatisse|Ally Switch|p2a: Aromatisse\n|swap|p2a: Aromatisse|1|[from] move: Ally Switch\n|move|p1b: Venusaur|Sleep Powder|p2b: Aromatisse\n|-status|p2b: Aromatisse|slp|[from] move: Sleep Powder\n|move|p2a: Gengar|Perish Song|p2a: Gengar\n|-start|p1a: Charizard|perish3|[silent]\n|-start|p1b: Venusaur|perish3|[silent]\n|-start|p2a: Gengar|perish3|[silent]\n|-start|p2b: Aromatisse|perish3|[silent]\n|-fieldactivate|move: Perish Song\n|move|p1a: Charizard|Heat Wave|p2a: Gengar|[spread] p2a\n|-miss|p1a: Charizard|p2b: Aromatisse\n|-damage|p2a: Gengar|0 fnt\n|faint|p2a: Gengar\n|\n|-weather|SunnyDay|[upkeep]\n|-start|p1b: Venusaur|perish3\n|-start|p1a: Charizard|perish3\n|-start|p2b: Aromatisse|perish3\n|upkeep\n|\n|t:|1776353611\n|switch|p2a: Politoed|Politoed, L50, M, shiny|100/100\n|-weather|RainDance|[from] ability: Drizzle|[of] p2a: Politoed\n|turn|6\n|\n|t:|1776353626\n|cant|p2b: Aromatisse|slp\n|move|p1a: Charizard|Weather Ball|p2b: Aromatisse\n|-damage|p2b: Aromatisse|27/100 slp\n|move|p1b: Venusaur|Sludge Bomb|p2b: Aromatisse\n|-supereffective|p2b: Aromatisse|1\n|-enditem|p2b: Aromatisse|Kebia Berry|[eat]\n|-enditem|p2b: Aromatisse|Kebia Berry|[weaken]\n|-damage|p2b: Aromatisse|0 fnt\n|faint|p2b: Aromatisse\n|move|p2a: Politoed|Encore|p1b: Venusaur\n|-start|p1b: Venusaur|Encore\n|\n|-weather|RainDance|[upkeep]\n|-start|p1a: Charizard|perish2\n|-start|p1b: Venusaur|perish2\n|upkeep\n|\n|t:|1776353642\n|switch|p2b: Incineroar|Incineroar, L50, F|37/100\n|-ability|p2b: Incineroar|Intimidate|boost\n|-unboost|p1a: Charizard|atk|1\n|-unboost|p1b: Venusaur|atk|1\n|turn|7\n|\n|t:|1776353658\n|move|p2a: Politoed|Protect|p2a: Politoed\n|-singleturn|p2a: Politoed|Protect\n|move|p2b: Incineroar|Fake Out|p1b: Venusaur\n|-damage|p1b: Venusaur|87/100\n|move|p1a: Charizard|Solar Beam||[still]\n|-prepare|p1a: Charizard|Solar Beam\n|cant|p1b: Venusaur|flinch\n|\n|-weather|RainDance|[upkeep]\n|-start|p1a: Charizard|perish1\n|-start|p1b: Venusaur|perish1\n|upkeep\n|turn|8\n|inactive|Srothy has 30 seconds left.\n|inactive|Srothy has 20 seconds left.\n|\n|t:|1776353697\n|move|p2b: Incineroar|Protect|p2b: Incineroar\n|-singleturn|p2b: Incineroar|Protect\n|move|p1a: Charizard|Solar Beam|p2a: Politoed|[from] lockedmove\n|-supereffective|p2a: Politoed|1\n|-damage|p2a: Politoed|63/100\n|move|p1b: Venusaur|Sludge Bomb|p2b: Incineroar\n|-activate|p2b: Incineroar|move: Protect\n|move|p2a: Politoed|Encore|p1a: Charizard\n|-start|p1a: Charizard|Encore\n|\n|-weather|RainDance|[upkeep]\n|-start|p1a: Charizard|perish0\n|-start|p1b: Venusaur|perish0\n|faint|p1a: Charizard\n|faint|p1b: Venusaur\n|\n|win|honeybeegirl122\n|raw|Srothy's rating: 1104 &rarr; <strong>1076</strong><br />(-28 for losing)\n|raw|honeybeegirl122's rating: 1064 &rarr; <strong>1098</strong><br />(+34 for winning)\n|c|\u2606Srothy|gg\n|l|\u2606Srothy\n|player|p1|\n",
  "uploadtime": 1776353728,
  "views": 30,
  "formatid": "gen9championsvgc2026regma",
  "rating": 1076,
  "private": 0,
  "password": null
}