{
  "id": "gen9championsvgc2026regma-2587999335",
  "format": "[Gen 9 Champions] VGC 2026 Reg M-A",
  "players": [
    "Dr Doommm",
    "B. Farro"
  ],
  "log": "|j|\u2606Dr Doommm\n|j|\u2606B. Farro\n|t:|1776590923\n|gametype|doubles\n|player|p1|Dr Doommm|266|1189\n|player|p2|B. Farro|ingo|1138\n|gen|9\n|tier|[Gen 9 Champions] VGC 2026 Reg M-A\n|rated|\n|rule|Species Clause: Limit one of each Pok\u00e9mon\n|rule|Item Clause: Limit 1 of each item\n|clearpoke\n|poke|p1|Alakazam, L50, M, shiny|\n|poke|p1|Meowstic, L50, M|\n|poke|p1|Primarina, L50, M|\n|poke|p1|Sneasler, L50, F|\n|poke|p1|Incineroar, L50, F|\n|poke|p1|Maushold-Four, L50|\n|poke|p2|Glimmora, L50, F|\n|poke|p2|Whimsicott, L50, F|\n|poke|p2|Altaria, L50, F|\n|poke|p2|Talonflame, L50, F|\n|poke|p2|Garchomp, L50, M|\n|poke|p2|Weavile, L50, F|\n|teampreview|4\nDr Doommm rejected open team sheets.\n|\n|t:|1776590972\n|teamsize|p1|4\n|teamsize|p2|4\n|start\n|switch|p1a: Sneasler|Sneasler, L50, F|100/100\n|switch|p1b: Alakazam|Alakazam, L50, M, shiny|100/100\n|switch|p2a: Weavile|Weavile, L50, F|100/100\n|switch|p2b: Talonflame|Talonflame, L50, F|100/100\n|-ability|p2a: Weavile|Pressure\n|turn|1\n|\n|t:|1776591001\n|detailschange|p1b: Alakazam|Alakazam-Mega, L50, M, shiny\n|-mega|p1b: Alakazam|Alakazam|Alakazite\n|-ability|p1b: Alakazam|Pressure|Trace|[from] ability: Trace|[of] p2a: Weavile\n|-ability|p1b: Alakazam|Pressure\n|move|p2a: Weavile|Fake Out|p1a: Sneasler\n|-damage|p1a: Sneasler|79/100\n|cant|p1a: Sneasler|flinch\n|move|p1b: Alakazam|Focus Blast|p2a: Weavile\n|-supereffective|p2a: Weavile|2\n|-enditem|p2a: Weavile|Focus Sash\n|-damage|p2a: Weavile|1/100\n|move|p2b: Talonflame|Tailwind|p2b: Talonflame\n|-sidestart|p2: B. Farro|move: Tailwind\n|\n|upkeep\n|turn|2\n|\n|t:|1776591028\n|switch|p1a: Primarina|Primarina, L50, M|100/100\n|move|p1b: Alakazam|Protect|p1b: Alakazam\n|-singleturn|p1b: Alakazam|Protect\n|move|p2b: Talonflame|Brave Bird|p1a: Primarina\n|-damage|p1a: Primarina|32/100\n|-damage|p2b: Talonflame|73/100|[from] Recoil\n|move|p2a: Weavile|Knock Off|p1b: Alakazam\n|-activate|p1b: Alakazam|move: Protect\n|\n|-heal|p1a: Primarina|37/100|[from] item: Leftovers\n|upkeep\n|turn|3\n|\n|t:|1776591050\n|switch|p1b: Meowstic|Meowstic, L50, M|100/100\n|move|p1a: Primarina|Protect|p1a: Primarina\n|-singleturn|p1a: Primarina|Protect\n|move|p2b: Talonflame|Brave Bird|p1a: Primarina\n|-activate|p1a: Primarina|move: Protect\n|move|p2a: Weavile|Knock Off|p1b: Meowstic\n|-supereffective|p1b: Meowstic|1\n|-damage|p1b: Meowstic|18/100\n|-enditem|p1b: Meowstic|Mental Herb|[from] move: Knock Off|[of] p2a: Weavile\n|\n|-heal|p1a: Primarina|43/100|[from] item: Leftovers\n|upkeep\n|turn|4\n|\n|t:|1776591088\n|switch|p2a: Garchomp|Garchomp, L50, M|100/100\n|move|p2b: Talonflame|Protect|p2b: Talonflame\n|-singleturn|p2b: Talonflame|Protect\n|move|p1b: Meowstic|Psychic Terrain|p1b: Meowstic\n|-fieldstart|move: Psychic Terrain\n|move|p1a: Primarina|Hyper Voice|p2a: Garchomp|[spread] p2a\n|-activate|p2b: Talonflame|move: Protect\n|-damage|p2a: Garchomp|65/100\n|\n|-heal|p1a: Primarina|49/100|[from] item: Leftovers\n|-sideend|p2: B. Farro|move: Tailwind\n|upkeep\n|turn|5\n|\n|t:|1776591165\n|move|p2b: Talonflame|Tailwind|p2b: Talonflame\n|-sidestart|p2: B. Farro|move: Tailwind\n|move|p2a: Garchomp|Earthquake|p1b: Meowstic|[spread] p1a,p1b\n|-immune|p2b: Talonflame\n|-damage|p1a: Primarina|2/100\n|-damage|p1b: Meowstic|0 fnt\n|faint|p1b: Meowstic\n|move|p1a: Primarina|Moonblast|p2a: Garchomp\n|-supereffective|p2a: Garchomp|1\n|-damage|p2a: Garchomp|0 fnt\n|faint|p2a: Garchomp\n|\n|-heal|p1a: Primarina|8/100|[from] item: Leftovers\n|upkeep\n|\n|t:|1776591191\n|switch|p2a: Weavile|Weavile, L50, F|1/100\n|switch|p1b: Alakazam|Alakazam-Mega, L50, M, shiny|100/100\n|-ability|p2a: Weavile|Pressure\n|-ability|p1b: Alakazam|Pressure|Trace|[from] ability: Trace|[of] p2a: Weavile\n|-ability|p1b: Alakazam|Pressure\n|turn|6\n|\n|t:|1776591208\n|move|p1b: Alakazam|Protect|p1b: Alakazam\n|-singleturn|p1b: Alakazam|Protect\n|move|p1a: Primarina|Protect|p1a: Primarina\n|-singleturn|p1a: Primarina|Protect\n|move|p2b: Talonflame|Brave Bird|p1a: Primarina\n|-activate|p1a: Primarina|move: Protect\n|move|p2a: Weavile|Knock Off|p1b: Alakazam\n|-activate|p1b: Alakazam|move: Protect\n|\n|-heal|p1a: Primarina|14/100|[from] item: Leftovers\n|upkeep\n|turn|7\n|inactive|Battle timer is ON: inactive players will automatically lose when time's up. (requested by B. Farro)\n|\n|t:|1776591269\n|move|p2b: Talonflame|Brave Bird|p1a: Primarina\n|-damage|p1a: Primarina|0 fnt\n|faint|p1a: Primarina\n|-damage|p2b: Talonflame|68/100|[from] Recoil\n|move|p2a: Weavile|Knock Off|p1b: Alakazam\n|-supereffective|p1b: Alakazam|1\n|-damage|p1b: Alakazam|0 fnt\n|faint|p1b: Alakazam\n|\n|upkeep\n|-message|Dr Doommm forfeited.\n|\n|win|B. Farro\n|raw|Dr Doommm's rating: 1189 &rarr; <strong>1160</strong><br />(-29 for losing)\n|raw|B. Farro's rating: 1138 &rarr; <strong>1167</strong><br />(+29 for winning)\n|l|\u2606Dr Doommm\n|player|p1|\n",
  "uploadtime": 1776591294,
  "views": 12,
  "formatid": "gen9championsvgc2026regma",
  "rating": 1160,
  "private": 0,
  "password": null
}