{
  "id": "gen9championsvgc2026regma-2588722525",
  "format": "[Gen 9 Champions] VGC 2026 Reg M-A",
  "players": [
    "SpartanSiege",
    "asouleoe"
  ],
  "log": "|j|\u2606SpartanSiege\n|j|\u2606asouleoe\n|t:|1776662082\n|gametype|doubles\n|player|p1|SpartanSiege|266|1179\n|player|p2|asouleoe|blue|1205\n|gen|9\n|tier|[Gen 9 Champions] VGC 2026 Reg M-A\n|rated|\n|rule|Species Clause: Limit one of each Pok\u00e9mon\n|rule|Item Clause: Limit 1 of each item\n|clearpoke\n|poke|p1|Aggron, L50, M|\n|poke|p1|Rotom-Wash, L50|\n|poke|p1|Aegislash, L50, M|\n|poke|p1|Farigiraf, L50, M|\n|poke|p1|Incineroar, L50, M|\n|poke|p1|Reuniclus, L50, M|\n|poke|p2|Maushold, L50|\n|poke|p2|Kommo-o, L50, M|\n|poke|p2|Froslass, L50, F|\n|poke|p2|Talonflame, L50, M|\n|poke|p2|Gengar, L50, M|\n|poke|p2|Incineroar, L50, F|\n|teampreview|4\n|inactive|Battle timer is ON: inactive players will automatically lose when time's up. (requested by asouleoe)\n|\n|t:|1776662114\n|teamsize|p1|4\n|teamsize|p2|4\n|start\n|switch|p1a: Reuniclus|Reuniclus, L50, M|100/100\n|switch|p1b: Aegislash|Aegislash, L50, M|100/100\n|switch|p2a: Gengar|Gengar, L50, M|100/100\n|switch|p2b: Incineroar|Incineroar, L50, F|100/100\n|-ability|p2b: Incineroar|Intimidate|boost\n|-unboost|p1a: Reuniclus|atk|1\n|-unboost|p1b: Aegislash|atk|1\n|turn|1\n|\n|t:|1776662129\n|detailschange|p2a: Gengar|Gengar-Mega, L50, M\n|-mega|p2a: Gengar|Gengar|Gengarite\n|move|p2a: Gengar|Protect|p2a: Gengar\n|-singleturn|p2a: Gengar|Protect\n|move|p1b: Aegislash|King's Shield|p1b: Aegislash\n|-singleturn|p1b: Aegislash|Protect\n|move|p1a: Reuniclus|Protect|p1a: Reuniclus\n|-singleturn|p1a: Reuniclus|Protect\n|move|p2b: Incineroar|Throat Chop|p1b: Aegislash\n|-activate|p1b: Aegislash|move: Protect\n|-unboost|p2b: Incineroar|atk|1\n|\n|upkeep\n|turn|2\n|\n|t:|1776662149\n|switch|p2a: Maushold|Maushold, L50|100/100\n|move|p2b: Incineroar|Parting Shot|p1b: Aegislash\n|-unboost|p1b: Aegislash|atk|1\n|-unboost|p1b: Aegislash|spa|1\n|\n|t:|1776662156\n|switch|p2b: Kommo-o|Kommo-o, L50, M|100/100|[from] Parting Shot\n|-formechange|p1b: Aegislash|Aegislash-Blade|\n|move|p1b: Aegislash|Shadow Ball|p2a: Maushold\n|-immune|p2a: Maushold\n|move|p1a: Reuniclus|Trick Room|p1a: Reuniclus\n|-fieldstart|move: Trick Room|[of] p1a: Reuniclus\n|\n|upkeep\n|turn|3\n|\n|t:|1776662171\n|switch|p1b: Aggron|Aggron, L50, M|100/100\n|move|p2a: Maushold|Follow Me|p2a: Maushold\n|-singleturn|p2a: Maushold|move: Follow Me\n|move|p1a: Reuniclus|Psychic|p2a: Maushold\n|-damage|p2a: Maushold|62/100\n|move|p2b: Kommo-o|Clangorous Soul|p2b: Kommo-o\n|-boost|p2b: Kommo-o|atk|1\n|-boost|p2b: Kommo-o|def|1\n|-boost|p2b: Kommo-o|spa|1\n|-boost|p2b: Kommo-o|spd|1\n|-boost|p2b: Kommo-o|spe|1\n|-damage|p2b: Kommo-o|68/100\n|\n|-heal|p2b: Kommo-o|74/100|[from] item: Leftovers\n|upkeep\n|turn|4\n|\n|t:|1776662188\n|detailschange|p1b: Aggron|Aggron-Mega, L50, M\n|-mega|p1b: Aggron|Aggron|Aggronite\n|move|p2a: Maushold|Protect|p2a: Maushold\n|-singleturn|p2a: Maushold|Protect\n|move|p2b: Kommo-o|Protect|p2b: Kommo-o\n|-singleturn|p2b: Kommo-o|Protect\n|move|p1a: Reuniclus|Psychic|p2b: Kommo-o\n|-activate|p2b: Kommo-o|move: Protect\n|move|p1b: Aggron|Iron Defense|p1b: Aggron\n|-boost|p1b: Aggron|def|2\n|\n|-heal|p2b: Kommo-o|80/100|[from] item: Leftovers\n|upkeep\n|turn|5\n|\n|t:|1776662206\n|move|p2a: Maushold|Follow Me|p2a: Maushold\n|-singleturn|p2a: Maushold|move: Follow Me\n|move|p1a: Reuniclus|Psychic|p2a: Maushold\n|-damage|p2a: Maushold|21/100\n|move|p1b: Aggron|Body Press|p2a: Maushold\n|-supereffective|p2a: Maushold|1\n|-enditem|p2a: Maushold|Chople Berry|[eat]\n|-enditem|p2a: Maushold|Chople Berry|[weaken]\n|-damage|p2a: Maushold|0 fnt\n|faint|p2a: Maushold\n|move|p2b: Kommo-o|Aura Sphere|p1b: Aggron\n|-supereffective|p1b: Aggron|1\n|-damage|p1b: Aggron|36/100\n|\n|-heal|p2b: Kommo-o|86/100|[from] item: Leftovers\n|upkeep\n|\n|t:|1776662223\n|switch|p2a: Gengar|Gengar-Mega, L50, M|100/100\n|turn|6\n|\n|t:|1776662234\n|move|p2a: Gengar|Protect|p2a: Gengar\n|-singleturn|p2a: Gengar|Protect\n|move|p2b: Kommo-o|Protect|p2b: Kommo-o\n|-singleturn|p2b: Kommo-o|Protect\n|move|p1a: Reuniclus|Psychic|p2a: Gengar\n|-activate|p2a: Gengar|move: Protect\n|move|p1b: Aggron|Heavy Slam|p2b: Kommo-o\n|-activate|p2b: Kommo-o|move: Protect\n|\n|-heal|p2b: Kommo-o|92/100|[from] item: Leftovers\n|-fieldend|move: Trick Room\n|upkeep\n|turn|7\n|\n|t:|1776662251\n|move|p1b: Aggron|Protect|p1b: Aggron\n|-singleturn|p1b: Aggron|Protect\n|move|p2b: Kommo-o|Clanging Scales|p1b: Aggron|[spread] p1a\n|-activate|p1b: Aggron|move: Protect\n|-damage|p1a: Reuniclus|54/100\n|-unboost|p2b: Kommo-o|def|1\n|move|p2a: Gengar|Shadow Ball|p1a: Reuniclus\n|-supereffective|p1a: Reuniclus|1\n|-damage|p1a: Reuniclus|0 fnt\n|faint|p1a: Reuniclus\n|\n|-heal|p2b: Kommo-o|99/100|[from] item: Leftovers\n|upkeep\n|\n|t:|1776662261\n|switch|p1a: Aegislash|Aegislash, L50, M|100/100\n|turn|8\n|\n|t:|1776662273\n|switch|p2a: Incineroar|Incineroar, L50, F|100/100\n|-ability|p2a: Incineroar|Intimidate|boost\n|-unboost|p1a: Aegislash|atk|1\n|-unboost|p1b: Aggron|atk|1\n|move|p1b: Aggron|Protect||[still]\n|-fail|p1b: Aggron\n|move|p2b: Kommo-o|Aura Sphere|p1b: Aggron\n|-supereffective|p1b: Aggron|1\n|-damage|p1b: Aggron|0 fnt\n|faint|p1b: Aggron\n|-formechange|p1a: Aegislash|Aegislash-Blade|\n|move|p1a: Aegislash|Shadow Ball|p2a: Incineroar\n|-resisted|p2a: Incineroar|1\n|-damage|p2a: Incineroar|82/100\n|\n|-heal|p2b: Kommo-o|100/100|[from] item: Leftovers\n|upkeep\n|\n|t:|1776662285\n|switch|p1b: Farigiraf|Farigiraf, L50, M|100/100\n|turn|9\n|\n|t:|1776662296\n|move|p2b: Kommo-o|Aura Sphere|p1b: Farigiraf\n|-damage|p1b: Farigiraf|63/100\n|move|p2a: Incineroar|Throat Chop|p1b: Farigiraf\n|-supereffective|p1b: Farigiraf|1\n|-damage|p1b: Farigiraf|0 fnt\n|faint|p1b: Farigiraf\n|move|p1a: Aegislash|Flash Cannon|p2b: Kommo-o\n|-damage|p2b: Kommo-o|67/100\n|\n|-heal|p2b: Kommo-o|73/100|[from] item: Leftovers\n|upkeep\n|turn|10\n|-message|SpartanSiege forfeited.\n|\n|win|asouleoe\n|raw|SpartanSiege's rating: 1179 &rarr; <strong>1156</strong><br />(-23 for losing)\n|raw|asouleoe's rating: 1205 &rarr; <strong>1228</strong><br />(+23 for winning)\n|l|\u2606SpartanSiege\n|player|p1|\n",
  "uploadtime": 1776662312,
  "views": 6,
  "formatid": "gen9championsvgc2026regma",
  "rating": 1156,
  "private": 0,
  "password": null
}