{
  "id": "gen9championsvgc2026regma-2585288669",
  "format": "[Gen 9 Champions] VGC 2026 Reg M-A",
  "players": [
    "james david vance",
    "manask28ada"
  ],
  "log": "|j|\u2606james david vance\n|j|\u2606manask28ada\n|t:|1776334188\n|gametype|doubles\n|player|p1|james david vance|iono|1140\n|player|p2|manask28ada|cynthia-gen4|1213\n|gen|9\n|tier|[Gen 9 Champions] VGC 2026 Reg M-A\n|rated|\n|rule|Species Clause: Limit one of each Pok\u00e9mon\n|rule|Item Clause: Limit 1 of each item\n|clearpoke\n|poke|p1|Delphox, L50, M|\n|poke|p1|Whimsicott, L50, M|\n|poke|p1|Garchomp, L50, F|\n|poke|p1|Aegislash, L50, F|\n|poke|p1|Lucario, L50, M|\n|poke|p1|Rotom-Wash, L50|\n|poke|p2|Floette-Eternal, L50, F|\n|poke|p2|Glimmora, L50, M|\n|poke|p2|Milotic, L50, F|\n|poke|p2|Garchomp, L50, M|\n|poke|p2|Tyranitar, L50, F|\n|poke|p2|Kangaskhan, L50, F|\n|teampreview|4\n|inactive|Battle timer is ON: inactive players will automatically lose when time's up. (requested by james david vance)\n|\n|t:|1776334221\n|teamsize|p1|4\n|teamsize|p2|4\n|start\n|switch|p1a: Rotom|Rotom-Wash, L50|100/100\n|switch|p1b: Delphox|Delphox, L50, M|100/100\n|switch|p2a: Milotic|Milotic, L50, F, shiny|100/100\n|switch|p2b: Floette|Floette-Eternal, L50, F|100/100\n|turn|1\n|l|\u2606manask28ada\n|inactive|manask28ada disconnected and has a minute to reconnect!\n|player|p2|\n|j|\u2606manask28ada\n|inactive|manask28ada reconnected and has 35 seconds left.\n|player|p2|manask28ada|cynthia-gen4|\n|inactive|manask28ada has 30 seconds left.\n|\n|t:|1776334252\n|detailschange|p1b: Delphox|Delphox-Mega, L50, M\n|-mega|p1b: Delphox|Delphox|Delphoxite\n|detailschange|p2b: Floette|Floette-Mega, L50, F\n|-mega|p2b: Floette|Floette|Floettite\n|-ability|p2b: Floette|Fairy Aura\n|move|p1a: Rotom|Volt Switch|p2a: Milotic\n|-supereffective|p2a: Milotic|1\n|-damage|p2a: Milotic|53/100\n|\n|t:|1776334259\n|switch|p1a: Whimsicott|Whimsicott, L50, M|100/100|[from] Volt Switch\n|move|p1b: Delphox|Psyshock|p2b: Floette\n|-damage|p2b: Floette|38/100\n|move|p2b: Floette|Calm Mind|p2b: Floette\n|-boost|p2b: Floette|spa|1\n|-boost|p2b: Floette|spd|1\n|move|p2a: Milotic|Icy Wind|p1a: Whimsicott|[spread] p1a,p1b\n|-supereffective|p1a: Whimsicott|1\n|-resisted|p1b: Delphox|1\n|-damage|p1a: Whimsicott|64/100\n|-damage|p1b: Delphox|96/100\n|-unboost|p1a: Whimsicott|spe|1\n|-unboost|p1b: Delphox|spe|1\n|\n|-heal|p2a: Milotic|59/100|[from] item: Leftovers\n|upkeep\n|turn|2\n|\n|t:|1776334278\n|move|p2b: Floette|Protect|p2b: Floette\n|-singleturn|p2b: Floette|Protect\n|move|p1a: Whimsicott|Tailwind|p1a: Whimsicott\n|-sidestart|p1: james david vance|move: Tailwind\n|move|p1b: Delphox|Psyshock|p2b: Floette\n|-activate|p2b: Floette|move: Protect\n|move|p2a: Milotic|Scald|p1b: Delphox\n|-supereffective|p1b: Delphox|1\n|-damage|p1b: Delphox|37/100\n|\n|-heal|p2a: Milotic|65/100|[from] item: Leftovers\n|upkeep\n|turn|3\n|inactive|james david vance has 30 seconds left.\n|\n|t:|1776334306\n|move|p2b: Floette|Protect|p2b: Floette\n|-singleturn|p2b: Floette|Protect\n|move|p1a: Whimsicott|Sunny Day|p1a: Whimsicott\n|-weather|SunnyDay\n|move|p1b: Delphox|Heat Wave|p2a: Milotic|[spread] p2a\n|-activate|p2b: Floette|move: Protect\n|-resisted|p2a: Milotic|1\n|-damage|p2a: Milotic|41/100\n|move|p2a: Milotic|Scald|p1b: Delphox\n|-supereffective|p1b: Delphox|1\n|-damage|p1b: Delphox|12/100\n|\n|-weather|SunnyDay|[upkeep]\n|-heal|p2a: Milotic|47/100|[from] item: Leftovers\n|upkeep\n|turn|4\n|\n|t:|1776334325\n|switch|p2b: Glimmora|Glimmora, L50, M|100/100\n|move|p1b: Delphox|Heat Wave|p2b: Glimmora|[spread] p2b\n|-miss|p1b: Delphox|p2a: Milotic\n|-resisted|p2b: Glimmora|1\n|-damage|p2b: Glimmora|55/100\n|move|p1a: Whimsicott|Moonblast|p2a: Milotic\n|-damage|p2a: Milotic|19/100\n|move|p2a: Milotic|Icy Wind|p1a: Whimsicott|[spread] p1a,p1b\n|-supereffective|p1a: Whimsicott|1\n|-resisted|p1b: Delphox|1\n|-damage|p1a: Whimsicott|33/100\n|-damage|p1b: Delphox|7/100\n|-unboost|p1a: Whimsicott|spe|1\n|-unboost|p1b: Delphox|spe|1\n|\n|-weather|SunnyDay|[upkeep]\n|-heal|p2a: Milotic|25/100|[from] item: Leftovers\n|upkeep\n|turn|5\n|inactive|james david vance has 30 seconds left.\n|inactive|manask28ada has 30 seconds left.\n|\n|t:|1776334359\n|move|p1b: Delphox|Heat Wave|p2a: Milotic|[spread] p2a,p2b\n|-resisted|p2a: Milotic|1\n|-resisted|p2b: Glimmora|1\n|-damage|p2a: Milotic|0 fnt\n|-damage|p2b: Glimmora|11/100\n|faint|p2a: Milotic\n|move|p1a: Whimsicott|Moonblast|p2b: Glimmora\n|-resisted|p2b: Glimmora|1\n|-damage|p2b: Glimmora|0 fnt\n|faint|p2b: Glimmora\n|\n|-weather|SunnyDay|[upkeep]\n|-sideend|p1: james david vance|move: Tailwind\n|upkeep\n|\n|t:|1776334362\n|switch|p2b: Garchomp|Garchomp, L50, M|100/100\n|switch|p2a: Floette|Floette-Mega, L50, F|38/100\n|-ability|p2a: Floette|Fairy Aura\n|turn|6\n|\n|t:|1776334369\n|move|p2a: Floette|Protect|p2a: Floette\n|-singleturn|p2a: Floette|Protect\n|move|p1a: Whimsicott|Tailwind|p1a: Whimsicott\n|-sidestart|p1: james david vance|move: Tailwind\n|move|p1b: Delphox|Heat Wave|p2a: Floette|[spread] p2b\n|-activate|p2a: Floette|move: Protect\n|-resisted|p2b: Garchomp|1\n|-damage|p2b: Garchomp|64/100\n|move|p2b: Garchomp|Earthquake|p1a: Whimsicott|[spread] p1a\n|-activate|p2a: Floette|move: Protect\n|-immune|p1b: Delphox|[from] ability: Levitate\n|-resisted|p1a: Whimsicott|1\n|-damage|p1a: Whimsicott|7/100\n|\n|-weather|SunnyDay|[upkeep]\n|upkeep\n|turn|7\n|-message|manask28ada forfeited.\n|\n|win|james david vance\n|raw|james david vance's rating: 1140 &rarr; <strong>1170</strong><br />(+30 for winning)\n|raw|manask28ada's rating: 1213 &rarr; <strong>1183</strong><br />(-30 for losing)\n|l|\u2606manask28ada\n|player|p2|\n",
  "uploadtime": 1776334391,
  "views": 23,
  "formatid": "gen9championsvgc2026regma",
  "rating": 1170,
  "private": 0,
  "password": null
}