{
  "id": "gen9championsvgc2026regma-2583546740",
  "format": "[Gen 9 Champions] VGC 2026 Reg M-A",
  "players": [
    "Maphru",
    "Divine johto"
  ],
  "log": "|j|\u2606Maphru\n|j|\u2606Divine johto\n|t:|1776182499\n|gametype|doubles\n|player|p1|Maphru|1|1083\n|player|p2|Divine johto|2|1146\n|gen|9\n|tier|[Gen 9 Champions] VGC 2026 Reg M-A\n|rated|\n|rule|Species Clause: Limit one of each Pok\u00e9mon\n|rule|Item Clause: Limit 1 of each item\n|clearpoke\n|poke|p1|Politoed, L50, M|\n|poke|p1|Archaludon, L50, F|\n|poke|p1|Gengar, L50, F|\n|poke|p1|Snorlax, L50, M|\n|poke|p1|Sinistcha, L50|\n|poke|p1|Incineroar, L50, M|\n|poke|p2|Gardevoir, L50, F|\n|poke|p2|Garchomp, L50, M|\n|poke|p2|Corviknight, L50, M|\n|poke|p2|Gyarados, L50, M|\n|poke|p2|Umbreon, L50, M|\n|poke|p2|Venusaur, L50, M|\n|teampreview|4\n|\n|t:|1776182532\n|teamsize|p1|4\n|teamsize|p2|4\n|start\n|switch|p1a: Gengar|Gengar, L50, F|100/100\n|switch|p1b: Sinistcha|Sinistcha, L50|100/100\n|switch|p2a: Corviknight|Corviknight, L50, M|100/100\n|switch|p2b: Gyarados|Gyarados, L50, M|100/100\n|-ability|p2b: Gyarados|Intimidate|boost\n|-unboost|p1a: Gengar|atk|1\n|-unboost|p1b: Sinistcha|atk|1\n|turn|1\n|\n|t:|1776182597\n|move|p1a: Gengar|Perish Song|p1a: Gengar\n|-start|p1a: Gengar|perish3|[silent]\n|-start|p1b: Sinistcha|perish3|[silent]\n|-start|p2a: Corviknight|perish3|[silent]\n|-start|p2b: Gyarados|perish3|[silent]\n|-fieldactivate|move: Perish Song\n|move|p2b: Gyarados|Dragon Dance|p2b: Gyarados\n|-boost|p2b: Gyarados|atk|1\n|-boost|p2b: Gyarados|spe|1\n|move|p2a: Corviknight|Tailwind|p2a: Corviknight\n|-sidestart|p2: Divine johto|move: Tailwind\n|move|p1b: Sinistcha|Trick Room|p1b: Sinistcha\n|-fieldstart|move: Trick Room|[of] p1b: Sinistcha\n|\n|-start|p1b: Sinistcha|perish3\n|-start|p2a: Corviknight|perish3\n|-start|p1a: Gengar|perish3\n|-start|p2b: Gyarados|perish3\n|upkeep\n|turn|2\n|\n|t:|1776182625\n|move|p1a: Gengar|Protect|p1a: Gengar\n|-singleturn|p1a: Gengar|Protect\n|move|p1b: Sinistcha|Matcha Gotcha|p2b: Gyarados|[spread] p2a,p2b\n|-resisted|p2a: Corviknight|2\n|-damage|p2a: Corviknight|95/100\n|-damage|p2b: Gyarados|74/100\n|move|p2a: Corviknight|Brave Bird|p1b: Sinistcha\n|-supereffective|p1b: Sinistcha|1\n|-damage|p1b: Sinistcha|25/100\n|-damage|p2a: Corviknight|73/100|[from] Recoil\n|move|p2b: Gyarados|Earthquake|p1b: Sinistcha|[spread] p1b\n|-activate|p1a: Gengar|move: Protect\n|-immune|p2a: Corviknight\n|-resisted|p1b: Sinistcha|1\n|-damage|p1b: Sinistcha|10/100\n|\n|-heal|p1b: Sinistcha|16/100|[from] item: Leftovers\n|-start|p1b: Sinistcha|perish2\n|-start|p2a: Corviknight|perish2\n|-start|p1a: Gengar|perish2\n|-start|p2b: Gyarados|perish2\n|upkeep\n|turn|3\n|\n|t:|1776182680\n|switch|p1b: Incineroar|Incineroar, L50, M|100/100\n|-ability|p1b: Incineroar|Intimidate|boost\n|-ability|p2a: Corviknight|Mirror Armor\n|-unboost|p1b: Incineroar|atk|1\n|-unboost|p2b: Gyarados|atk|1\n|move|p2a: Corviknight|Brave Bird|p1a: Gengar\n|-damage|p1a: Gengar|20/100\n|-damage|p2a: Corviknight|56/100|[from] Recoil\n|move|p1a: Gengar|Shadow Ball|p2b: Gyarados\n|-damage|p2b: Gyarados|30/100\n|move|p2b: Gyarados|Earthquake|p1b: Incineroar|[spread] p1a,p1b\n|-immune|p2a: Corviknight\n|-supereffective|p1a: Gengar|1\n|-supereffective|p1b: Incineroar|1\n|-damage|p1a: Gengar|0 fnt\n|-damage|p1b: Incineroar|56/100\n|-start|p2b: Gyarados|Disable|Earthquake|[from] ability: Cursed Body|[of] p1a: Gengar\n|faint|p1a: Gengar\n|\n|-start|p2a: Corviknight|perish1\n|-start|p2b: Gyarados|perish1\n|upkeep\n|\n|t:|1776182705\n|switch|p1a: Snorlax|Snorlax, L50, M|100/100\n|turn|4\n|\n|t:|1776182727\n|switch|p2a: Garchomp|Garchomp, L50, M|100/100\n|switch|p2b: Venusaur|Venusaur, L50, M|100/100\n|move|p1a: Snorlax|Belly Drum|p1a: Snorlax\n|-damage|p1a: Snorlax|51/100\n|-setboost|p1a: Snorlax|atk|6|[from] move: Belly Drum\n|move|p1b: Incineroar|Parting Shot|p2a: Garchomp\n|-unboost|p2a: Garchomp|atk|1\n|-unboost|p2a: Garchomp|spa|1\n|\n|t:|1776182742\n|switch|p1b: Sinistcha|Sinistcha, L50|16/100|[from] Parting Shot\n|-heal|p1a: Snorlax|76/100|[from] ability: Hospitality|[of] p1b: Sinistcha\n|\n|-heal|p1b: Sinistcha|22/100|[from] item: Leftovers\n|-sideend|p2: Divine johto|move: Tailwind\n|upkeep\n|turn|5\n|\n|t:|1776182780\n|detailschange|p2b: Venusaur|Venusaur-Mega, L50, M\n|-mega|p2b: Venusaur|Venusaur|Venusaurite\n|move|p2a: Garchomp|Protect|p2a: Garchomp\n|-singleturn|p2a: Garchomp|Protect\n|move|p1a: Snorlax|Double-Edge|p2a: Garchomp\n|-activate|p2a: Garchomp|move: Protect\n|move|p1b: Sinistcha|Matcha Gotcha|p2a: Garchomp|[spread] p2b\n|-activate|p2a: Garchomp|move: Protect\n|-resisted|p2b: Venusaur|2\n|-damage|p2b: Venusaur|96/100\n|-heal|p1b: Sinistcha|25/100|[from] drain|[of] p2b: Venusaur\n|move|p2b: Venusaur|Sludge Bomb|p1a: Snorlax\n|-damage|p1a: Snorlax|42/100\n|-enditem|p1a: Snorlax|Sitrus Berry|[eat]\n|-heal|p1a: Snorlax|67/100|[from] item: Sitrus Berry\n|\n|-heal|p1b: Sinistcha|31/100|[from] item: Leftovers\n|-fieldend|move: Trick Room\n|upkeep\n|turn|6\n|\n|t:|1776182813\n|move|p1b: Sinistcha|Rage Powder|p1b: Sinistcha\n|-singleturn|p1b: Sinistcha|move: Rage Powder\n|move|p2a: Garchomp|Dragon Claw|p1b: Sinistcha\n|-damage|p1b: Sinistcha|7/100\n|move|p2b: Venusaur|Sludge Bomb|p1a: Snorlax\n|-damage|p1a: Snorlax|33/100\n|move|p1a: Snorlax|Double-Edge|p2a: Garchomp\n|-damage|p2a: Garchomp|0 fnt\n|-damage|p1a: Snorlax|20/100|[from] ability: Rough Skin|[of] p2a: Garchomp\n|faint|p2a: Garchomp\n|-damage|p1a: Snorlax|0 fnt|[from] Recoil\n|faint|p1a: Snorlax\n|\n|-heal|p1b: Sinistcha|13/100|[from] item: Leftovers\n|upkeep\n|\n|t:|1776182832\n|switch|p2a: Gyarados|Gyarados, L50, M|30/100\n|switch|p1a: Incineroar|Incineroar, L50, M|56/100\n|-ability|p2a: Gyarados|Intimidate|boost\n|-unboost|p1a: Incineroar|atk|1\n|-unboost|p1b: Sinistcha|atk|1\n|-ability|p1a: Incineroar|Intimidate|boost\n|-unboost|p2a: Gyarados|atk|1\n|-unboost|p2b: Venusaur|atk|1\n|turn|7\n|\n|t:|1776182853\n|move|p2b: Venusaur|Protect|p2b: Venusaur\n|-singleturn|p2b: Venusaur|Protect\n|move|p1a: Incineroar|Fake Out|p2a: Gyarados\n|-damage|p2a: Gyarados|19/100\n|cant|p2a: Gyarados|flinch\n|move|p1b: Sinistcha|Trick Room|p1b: Sinistcha\n|-fieldstart|move: Trick Room|[of] p1b: Sinistcha\n|\n|-heal|p1b: Sinistcha|20/100|[from] item: Leftovers\n|upkeep\n|turn|8\n|\n|t:|1776182875\n|switch|p2a: Corviknight|Corviknight, L50, M|56/100\n|move|p1b: Sinistcha|Matcha Gotcha|p2b: Venusaur|[spread] p2a,p2b\n|-resisted|p2a: Corviknight|2\n|-resisted|p2b: Venusaur|2\n|-damage|p2a: Corviknight|50/100\n|-heal|p1b: Sinistcha|23/100|[from] drain|[of] p2a: Corviknight\n|-damage|p2b: Venusaur|91/100\n|-heal|p1b: Sinistcha|26/100|[from] drain|[of] p2b: Venusaur\n|move|p1a: Incineroar|Flare Blitz|p2b: Venusaur\n|-supereffective|p2b: Venusaur|1\n|-damage|p2b: Venusaur|65/100\n|-damage|p1a: Incineroar|48/100|[from] Recoil\n|move|p2b: Venusaur|Earth Power|p1a: Incineroar\n|-supereffective|p1a: Incineroar|1\n|-damage|p1a: Incineroar|0 fnt\n|faint|p1a: Incineroar\n|\n|-heal|p1b: Sinistcha|32/100|[from] item: Leftovers\n|upkeep\n|turn|9\n|\n|t:|1776182904\n|move|p1b: Sinistcha|Matcha Gotcha|p2a: Corviknight|[spread] p2b\n|-miss|p1b: Sinistcha|p2a: Corviknight\n|-resisted|p2b: Venusaur|2\n|-damage|p2b: Venusaur|60/100\n|-heal|p1b: Sinistcha|35/100|[from] drain|[of] p2b: Venusaur\n|move|p2a: Corviknight|Brave Bird|p1b: Sinistcha\n|-supereffective|p1b: Sinistcha|1\n|-damage|p1b: Sinistcha|0 fnt\n|faint|p1b: Sinistcha\n|-damage|p2a: Corviknight|40/100|[from] Recoil\n|\n|win|Divine johto\n|raw|Maphru's rating: 1083 &rarr; <strong>1065</strong><br />(-18 for losing)\n|raw|Divine johto's rating: 1146 &rarr; <strong>1167</strong><br />(+21 for winning)\n",
  "uploadtime": 1776182918,
  "views": 22,
  "formatid": "gen9championsvgc2026regma",
  "rating": 1065,
  "private": 0,
  "password": null
}