{
  "id": "gen9championsvgc2026regma-2587206027",
  "format": "[Gen 9 Champions] VGC 2026 Reg M-A",
  "players": [
    "ItsnotAceee",
    "Copper05"
  ],
  "log": "|j|\u2606ItsnotAceee\n|j|\u2606Copper05\n|html|<table width=\"100%\"><tr><td align=\"left\">ItsnotAceee</td><td align=\"right\">Copper05</tr><tr><td align=\"left\"><i class=\"fa fa-circle-o\"></i> <i class=\"fa fa-circle-o\"></i> </td><td align=\"right\"><i class=\"fa fa-circle-o\"></i> <i class=\"fa fa-circle\"></i> </tr></table>\n|uhtml|bestof|<h2><strong>Game 2</strong> of <a href=\"/game-bestof3-gen9championsvgc2026regma-2587203713\">a best-of-3</a></h2>\n|t:|1776508793\n|gametype|doubles\n|player|p1|ItsnotAceee|1|\n|player|p2|Copper05|wallace|\n|gen|9\n|tier|[Gen 9 Champions] VGC 2026 Reg M-A\n|rated|Tournament battle\n|rule|Species Clause: Limit one of each Pok\u00e9mon\n|rule|Item Clause: Limit 1 of each item\n|raw|<div class=\"infobox\"><details class=\"readmore\" open><summary><strong>2 custom rules:</strong></summary> Force Open Team Sheets, Best of = 3</details></div>\n|clearpoke\n|poke|p1|Bellibolt, L50, F|\n|poke|p1|Camerupt, L50, M|\n|poke|p1|Farigiraf, L50, F|\n|poke|p1|Wyrdeer, L50, F|\n|poke|p1|Kingambit, L50, F, shiny|\n|poke|p1|Maushold-Four, L50|\n|poke|p2|Floette-Eternal, L50, F|\n|poke|p2|Aegislash, L50, F|\n|poke|p2|Aerodactyl, L50, M|\n|poke|p2|Incineroar, L50, F|\n|poke|p2|Garchomp, L50, F|\n|poke|p2|Rotom-Wash, L50|\n|teampreview|4\n|showteam|p1|Bellibolt||ShucaBerry|Electromorphosis|ParabolicCharge,Soak,EerieImpulse,Protect|||F|||50|]Camerupt||Cameruptite|MagmaArmor|HeatWave,EarthPower,AncientPower,Protect|||M|||50|]Farigiraf||ColburBerry|ArmorTail|Psychic,TrickRoom,Imprison,HelpingHand|||F|||50|]Wyrdeer||SitrusBerry|Intimidate|SkillSwap,Protect,Psychic,TrickRoom|||F|||50|]Kingambit||FocusSash|Defiant|IronHead,KowtowCleave,SuckerPunch,BrickBreak|||F|||50|]Maushold-Four||ChopleBerry|FriendGuard|SuperFang,HelpingHand,FollowMe,Protect||||||50|\n|showteam|p2|Floette-Eternal||Floettite|FlowerVeil|Moonblast,DazzlingGleam,CalmMind,Protect|||F|||50|]Aegislash||Leftovers|StanceChange|IronHead,Poltergeist,WideGuard,KingsShield|||F|||50|]Aerodactyl||FocusSash|Unnerve|RockSlide,DualWingbeat,Tailwind,Protect|||M|||50|]Incineroar||ChopleBerry|Intimidate|FakeOut,FlareBlitz,ThroatChop,PartingShot|||F|||50|]Garchomp||WhiteHerb|RoughSkin|Earthquake,Protect,DragonClaw,RockSlide|||F|||50|]Rotom-Wash||SitrusBerry|Levitate|Thunderbolt,HydroPump,Protect,WillOWisp||||||50|\n|j| LaClaveTeam\n|l| LaClaveTeam\n|\n|t:|1776508822\n|teamsize|p1|4\n|teamsize|p2|4\n|start\n|switch|p1a: Wyrdeer|Wyrdeer, L50, F|100/100\n|switch|p1b: Farigiraf|Farigiraf, L50, F|100/100\n|switch|p2a: Floette|Floette-Eternal, L50, F|100/100\n|switch|p2b: Garchomp|Garchomp, L50, F|100/100\n|-ability|p1a: Wyrdeer|Intimidate|boost\n|-unboost|p2a: Floette|atk|1\n|-unboost|p2b: Garchomp|atk|1\n|-enditem|p2b: Garchomp|White Herb\n|-clearnegativeboost|p2b: Garchomp|[silent]\n|turn|1\n|\n|t:|1776508842\n|detailschange|p2a: Floette|Floette-Mega, L50, F\n|-mega|p2a: Floette|Floette|Floettite\n|-ability|p2a: Floette|Fairy Aura\n|move|p2b: Garchomp|Dragon Claw|p1a: Wyrdeer\n|-damage|p1a: Wyrdeer|62/100\n|move|p2a: Floette|Moonblast|p1a: Wyrdeer\n|-damage|p1a: Wyrdeer|0 fnt\n|faint|p1a: Wyrdeer\n|move|p1b: Farigiraf|Trick Room|p1b: Farigiraf\n|-fieldstart|move: Trick Room|[of] p1b: Farigiraf\n|\n|upkeep\n|\n|t:|1776508853\n|switch|p1a: Camerupt|Camerupt, L50, M|100/100\n|turn|2\n|j| Hy3ll0\n|\n|t:|1776508866\n|switch|p1b: Maushold|Maushold-Four, L50|100/100\n|switch|p2a: Incineroar|Incineroar, L50, F|100/100\n|-ability|p2a: Incineroar|Intimidate|boost\n|-unboost|p1a: Camerupt|atk|1\n|-unboost|p1b: Maushold|atk|1\n|detailschange|p1a: Camerupt|Camerupt-Mega, L50, M\n|-mega|p1a: Camerupt|Camerupt|Cameruptite\n|move|p1a: Camerupt|Earth Power|p2b: Garchomp\n|-damage|p2b: Garchomp|17/100\n|move|p2b: Garchomp|Earthquake|p1b: Maushold|[spread] p2a,p1a,p1b\n|-supereffective|p2a: Incineroar|1\n|-supereffective|p1a: Camerupt|1\n|-crit|p1b: Maushold\n|-damage|p2a: Incineroar|34/100\n|-damage|p1a: Camerupt|42/100\n|-damage|p1b: Maushold|40/100\n|\n|upkeep\n|turn|3\n|\n|t:|1776508898\n|switch|p1b: Farigiraf|Farigiraf, L50, F|100/100\n|move|p2a: Incineroar|Fake Out||[still]\n|cant|p1b: Farigiraf|ability: Armor Tail|Fake Out|[of] p2a: Incineroar\n|move|p1a: Camerupt|Heat Wave|p2b: Garchomp|[spread] p2a,p2b\n|-resisted|p2a: Incineroar|1\n|-resisted|p2b: Garchomp|1\n|-damage|p2a: Incineroar|11/100\n|-damage|p2b: Garchomp|0 fnt\n|faint|p2b: Garchomp\n|\n|upkeep\n|\n|t:|1776508911\n|switch|p2b: Floette|Floette-Mega, L50, F|100/100\n|-ability|p2b: Floette|Fairy Aura\n|turn|4\n|\n|t:|1776508923\n|move|p1b: Farigiraf|Helping Hand|p1a: Camerupt\n|-singleturn|p1a: Camerupt|Helping Hand|[of] p1b: Farigiraf\n|move|p1a: Camerupt|Earth Power|p2b: Floette\n|-damage|p2b: Floette|3/100\n|move|p2a: Incineroar|Throat Chop|p1b: Farigiraf\n|-supereffective|p1b: Farigiraf|1\n|-enditem|p1b: Farigiraf|Colbur Berry|[eat]\n|-enditem|p1b: Farigiraf|Colbur Berry|[weaken]\n|-damage|p1b: Farigiraf|73/100\n|-start|p1b: Farigiraf|Throat Chop|[silent]\n|move|p2b: Floette|Calm Mind|p2b: Floette\n|-boost|p2b: Floette|spa|1\n|-boost|p2b: Floette|spd|1\n|\n|upkeep\n|turn|5\n|inactive|Battle timer is ON: inactive players will automatically lose when time's up. (requested by Copper05)\n|\n|t:|1776508966\n|move|p1b: Farigiraf|Helping Hand|p1a: Camerupt\n|-singleturn|p1a: Camerupt|Helping Hand|[of] p1b: Farigiraf\n|move|p2b: Floette|Protect|p2b: Floette\n|-singleturn|p2b: Floette|Protect\n|move|p1a: Camerupt|Heat Wave|p2b: Floette|[spread] \n|-activate|p2b: Floette|move: Protect\n|-miss|p1a: Camerupt|p2a: Incineroar\n|move|p2a: Incineroar|Throat Chop|p1b: Farigiraf\n|-supereffective|p1b: Farigiraf|1\n|-damage|p1b: Farigiraf|25/100\n|\n|-end|p1b: Farigiraf|Throat Chop|[silent]\n|-fieldend|move: Trick Room\n|upkeep\n|turn|6\n|inactive|ItsnotAceee has 30 seconds left.\n|\n|t:|1776508995\n|move|p1a: Camerupt|Protect|p1a: Camerupt\n|-singleturn|p1a: Camerupt|Protect\n|move|p2b: Floette|Moonblast|p1a: Camerupt\n|-activate|p1a: Camerupt|move: Protect\n|move|p2a: Incineroar|Throat Chop|p1b: Farigiraf\n|-supereffective|p1b: Farigiraf|1\n|-damage|p1b: Farigiraf|0 fnt\n|faint|p1b: Farigiraf\n|\n|upkeep\n|\n|t:|1776509004\n|switch|p1b: Maushold|Maushold-Four, L50|40/100\n|turn|7\n|\n|t:|1776509019\n|move|p2b: Floette|Protect|p2b: Floette\n|-singleturn|p2b: Floette|Protect\n|move|p1b: Maushold|Follow Me|p1b: Maushold\n|-singleturn|p1b: Maushold|move: Follow Me\n|move|p2a: Incineroar|Flare Blitz|p1b: Maushold\n|-damage|p1b: Maushold|0 fnt\n|faint|p1b: Maushold\n|-damage|p2a: Incineroar|0 fnt|[from] Recoil\n|faint|p2a: Incineroar\n|move|p1a: Camerupt|Heat Wave|p2b: Floette\n|-activate|p2b: Floette|move: Protect\n|\n|upkeep\n|j| LaClaveTeam\n|\n|t:|1776509024\n|switch|p2a: Aegislash|Aegislash, L50, F|100/100\n|turn|8\n|l| LaClaveTeam\n|\n|t:|1776509036\n|move|p2b: Floette|Moonblast|p1a: Camerupt\n|-resisted|p1a: Camerupt|1\n|-damage|p1a: Camerupt|0 fnt\n|faint|p1a: Camerupt\n|\n|win|Copper05\n|l|\u2606Copper05\n|player|p2|\n|l| Hy3ll0\n",
  "uploadtime": 1776509071,
  "views": 13,
  "formatid": "gen9championsvgc2026regma",
  "rating": null,
  "private": 0,
  "password": null
}