{
  "id": "gen9championsvgc2026regma-2588652212",
  "format": "[Gen 9 Champions] VGC 2026 Reg M-A",
  "players": [
    "Lkizzz",
    "W0kMeDed"
  ],
  "log": "|j|\u2606Lkizzz\n|j|\u2606W0kMeDed\n|t:|1776654011\n|gametype|doubles\n|player|p1|Lkizzz|swimmer-gen4dp|1452\n|player|p2|W0kMeDed|palmer|1536\n|gen|9\n|tier|[Gen 9 Champions] VGC 2026 Reg M-A\n|rated|\n|rule|Species Clause: Limit one of each Pok\u00e9mon\n|rule|Item Clause: Limit 1 of each item\n|clearpoke\n|poke|p1|Gengar, L50, F|\n|poke|p1|Incineroar, L50, F|\n|poke|p1|Whimsicott, L50, M, shiny|\n|poke|p1|Tyranitar, L50, M|\n|poke|p1|Garchomp, L50, M|\n|poke|p1|Rotom-Wash, L50|\n|poke|p2|Tyranitar, L50, M|\n|poke|p2|Excadrill, L50, M|\n|poke|p2|Dragapult, L50, M|\n|poke|p2|Sneasler, L50, M|\n|poke|p2|Rotom-Wash, L50|\n|poke|p2|Scovillain, L50, F|\n|teampreview|4\n|inactive|Battle timer is ON: inactive players will automatically lose when time's up. (requested by Lkizzz)\n|j| Ogirwun\n|inactive|W0kMeDed has 60 seconds left.\n|j| GoodraSweetheart76\n|j| palmeiras lixo\n|inactive|W0kMeDed has 30 seconds left.\n|inactive|W0kMeDed has 20 seconds left.\n|\n|t:|1776654083\n|teamsize|p1|4\n|teamsize|p2|4\n|start\n|switch|p1a: Whimsicott|Whimsicott, L50, M, shiny|100/100\n|switch|p1b: Gengar|Gengar, L50, F|100/100\n|switch|p2a: Mishima H.|Dragapult, L50, M|100/100\n|switch|p2b: Elgee|Rotom-Wash, L50|100/100\n|turn|1\n|\n|t:|1776654099\n|switch|p2b: Hakai|Tyranitar, L50, M|100/100\n|-weather|Sandstorm|[from] ability: Sand Stream|[of] p2b: Hakai\n|detailschange|p1b: Gengar|Gengar-Mega, L50, F\n|-mega|p1b: Gengar|Gengar|Gengarite\n|move|p1a: Whimsicott|Tailwind|p1a: Whimsicott\n|-sidestart|p1: Lkizzz|move: Tailwind\n|move|p1b: Gengar|Shadow Ball|p2a: Mishima H.\n|-supereffective|p2a: Mishima H.|1\n|-enditem|p2a: Mishima H.|Kasib Berry|[eat]\n|-enditem|p2a: Mishima H.|Kasib Berry|[weaken]\n|-damage|p2a: Mishima H.|31/100\n|move|p2a: Mishima H.|Phantom Force||[still]\n|-prepare|p2a: Mishima H.|Phantom Force\n|\n|-weather|Sandstorm|[upkeep]\n|-damage|p1b: Gengar|95/100|[from] Sandstorm\n|-damage|p1a: Whimsicott|95/100|[from] Sandstorm\n|-damage|p2a: Mishima H.|25/100|[from] Sandstorm\n|upkeep\n|turn|2\n|\n|t:|1776654122\n|switch|p1b: Big G|Incineroar, L50, F|100/100\n|-ability|p1b: Big G|Intimidate|boost\n|-fail|p2a: Mishima H.|unboost|[from] ability: Clear Body|[of] p2a: Mishima H.\n|-unboost|p2b: Hakai|atk|1\n|move|p1a: Whimsicott|Protect|p1a: Whimsicott\n|-singleturn|p1a: Whimsicott|Protect\n|move|p2a: Mishima H.|Phantom Force|p1b: Big G|[from] lockedmove\n|-resisted|p1b: Big G|1\n|-damage|p1b: Big G|81/100\n|move|p2b: Hakai|Rock Slide|p1a: Whimsicott|[spread] \n|-activate|p1a: Whimsicott|move: Protect\n|-miss|p2b: Hakai|p1b: Big G\n|\n|-weather|Sandstorm|[upkeep]\n|-damage|p1a: Whimsicott|89/100|[from] Sandstorm\n|-damage|p2a: Mishima H.|19/100|[from] Sandstorm\n|-damage|p1b: Big G|75/100|[from] Sandstorm\n|upkeep\n|turn|3\n|\n|t:|1776654145\n|switch|p2a: Zweilous-Fuego|Scovillain, L50, F|100/100\n|move|p1b: Big G|Fake Out|p2b: Hakai\n|-resisted|p2b: Hakai|1\n|-damage|p2b: Hakai|95/100\n|move|p1a: Whimsicott|Moonblast|p2a: Zweilous-Fuego\n|-resisted|p2a: Zweilous-Fuego|1\n|-damage|p2a: Zweilous-Fuego|79/100\n|cant|p2b: Hakai|flinch\n|\n|-weather|Sandstorm|[upkeep]\n|-damage|p1a: Whimsicott|83/100|[from] Sandstorm\n|-damage|p1b: Big G|69/100|[from] Sandstorm\n|-damage|p2a: Zweilous-Fuego|74/100|[from] Sandstorm\n|-ability|p2a: Zweilous-Fuego|Moody|boost\n|-boost|p2a: Zweilous-Fuego|atk|2\n|-unboost|p2a: Zweilous-Fuego|spa|1\n|upkeep\n|turn|4\n|l| palmeiras lixo\n|inactive|Lkizzz has 30 seconds left.\n|\n|t:|1776654171\n|move|p1a: Whimsicott|Protect|p1a: Whimsicott\n|-singleturn|p1a: Whimsicott|Protect\n|move|p1b: Big G|Parting Shot|p2b: Hakai\n|-unboost|p2b: Hakai|atk|1\n|-unboost|p2b: Hakai|spa|1\n|\n|t:|1776654177\n|switch|p1b: Gengar|Gengar-Mega, L50, F|95/100|[from] Parting Shot\n|move|p2b: Hakai|Rock Slide|p1b: Gengar|[spread] p1b\n|-activate|p1a: Whimsicott|move: Protect\n|-damage|p1b: Gengar|69/100\n|move|p2a: Zweilous-Fuego|Flamethrower|p1a: Whimsicott\n|-activate|p1a: Whimsicott|move: Protect\n|\n|-weather|Sandstorm|[upkeep]\n|-damage|p1b: Gengar|63/100|[from] Sandstorm\n|-damage|p1a: Whimsicott|77/100|[from] Sandstorm\n|-damage|p2a: Zweilous-Fuego|68/100|[from] Sandstorm\n|-sideend|p1: Lkizzz|move: Tailwind\n|-ability|p2a: Zweilous-Fuego|Moody|boost\n|-boost|p2a: Zweilous-Fuego|atk|2\n|-unboost|p2a: Zweilous-Fuego|spa|1\n|upkeep\n|turn|5\n|\n|t:|1776654199\n|switch|p1a: Big G|Incineroar, L50, F|69/100\n|-ability|p1a: Big G|Intimidate|boost\n|-unboost|p2a: Zweilous-Fuego|atk|1\n|-unboost|p2b: Hakai|atk|1\n|move|p2a: Zweilous-Fuego|Protect|p2a: Zweilous-Fuego\n|-singleturn|p2a: Zweilous-Fuego|Protect\n|move|p1b: Gengar|Sludge Bomb|p2a: Zweilous-Fuego\n|-activate|p2a: Zweilous-Fuego|move: Protect\n|move|p2b: Hakai|Knock Off|p1b: Gengar\n|-supereffective|p1b: Gengar|1\n|-damage|p1b: Gengar|16/100\n|\n|-weather|none\n|-ability|p2a: Zweilous-Fuego|Moody|boost\n|-boost|p2a: Zweilous-Fuego|spe|2\n|-unboost|p2a: Zweilous-Fuego|atk|1\n|upkeep\n|turn|6\n|inactive|Lkizzz has 30 seconds left.\n|inactive|W0kMeDed has 30 seconds left.\n|inactive|W0kMeDed has 20 seconds left.\n|\n|t:|1776654238\n|detailschange|p2b: Hakai|Tyranitar-Mega, L50, M\n|-mega|p2b: Hakai|Tyranitar|Tyranitarite\n|-weather|Sandstorm|[from] ability: Sand Stream|[of] p2b: Hakai\n|move|p1a: Big G|Fake Out|p2a: Zweilous-Fuego\n|-damage|p2a: Zweilous-Fuego|55/100\n|move|p1b: Gengar|Sludge Bomb|p2a: Zweilous-Fuego\n|-supereffective|p2a: Zweilous-Fuego|1\n|-damage|p2a: Zweilous-Fuego|0 fnt\n|faint|p2a: Zweilous-Fuego\n|move|p2b: Hakai|Rock Slide|p1b: Gengar|[spread] p1a,p1b\n|-supereffective|p1a: Big G|1\n|-damage|p1a: Big G|42/100\n|-damage|p1b: Gengar|0 fnt\n|faint|p1b: Gengar\n|\n|-weather|Sandstorm|[upkeep]\n|-damage|p1a: Big G|36/100|[from] Sandstorm\n|upkeep\n|\n|t:|1776654253\n|switch|p1b: Garchomp|Garchomp, L50, M|100/100\n|switch|p2a: Elgee|Rotom-Wash, L50|100/100\n|turn|7\n|l| Ogirwun\n|\n|t:|1776654264\n|switch|p2b: Mishima H.|Dragapult, L50, M|19/100\n|move|p1b: Garchomp|Stomping Tantrum|p2b: Mishima H.\n|-damage|p2b: Mishima H.|0 fnt\n|faint|p2b: Mishima H.\n|move|p2a: Elgee|Hydro Pump|p1a: Big G|[miss]\n|-miss|p2a: Elgee|p1a: Big G\n|move|p1a: Big G|Parting Shot|p2a: Elgee\n|-unboost|p2a: Elgee|atk|1\n|-unboost|p2a: Elgee|spa|1\n|\n|t:|1776654276\n|switch|p1a: Whimsicott|Whimsicott, L50, M, shiny|77/100|[from] Parting Shot\n|\n|-weather|Sandstorm|[upkeep]\n|-damage|p1a: Whimsicott|71/100|[from] Sandstorm\n|-damage|p2a: Elgee|95/100|[from] Sandstorm\n|upkeep\n|\n|t:|1776654279\n|switch|p2b: Hakai|Tyranitar-Mega, L50, M|95/100\n|turn|8\n|\n|t:|1776654296\n|switch|p1b: Big G|Incineroar, L50, F|36/100\n|-ability|p1b: Big G|Intimidate|boost\n|-unboost|p2a: Elgee|atk|1\n|-unboost|p2b: Hakai|atk|1\n|move|p1a: Whimsicott|Protect|p1a: Whimsicott\n|-singleturn|p1a: Whimsicott|Protect\n|move|p2b: Hakai|Ice Punch|p1b: Big G\n|-resisted|p1b: Big G|1\n|-damage|p1b: Big G|25/100\n|move|p2a: Elgee|Hydro Pump|p1a: Whimsicott\n|-activate|p1a: Whimsicott|move: Protect\n|\n|-weather|Sandstorm|[upkeep]\n|-damage|p1a: Whimsicott|65/100|[from] Sandstorm\n|-damage|p2a: Elgee|89/100|[from] Sandstorm\n|-damage|p1b: Big G|19/100|[from] Sandstorm\n|upkeep\n|turn|9\n|\n|t:|1776654313\n|move|p1a: Whimsicott|Tailwind|p1a: Whimsicott\n|-sidestart|p1: Lkizzz|move: Tailwind\n|move|p1b: Big G|Parting Shot|p2b: Hakai\n|-unboost|p2b: Hakai|atk|1\n|-unboost|p2b: Hakai|spa|1\n|\n|t:|1776654318\n|switch|p1b: Garchomp|Garchomp, L50, M|100/100|[from] Parting Shot\n|move|p2b: Hakai|Rock Slide|p1a: Whimsicott|[spread] p1a,p1b\n|-resisted|p1b: Garchomp|1\n|-damage|p1a: Whimsicott|39/100\n|-damage|p1b: Garchomp|92/100\n|move|p2a: Elgee|Thunderbolt|p1b: Garchomp\n|-immune|p1b: Garchomp\n|\n|-weather|Sandstorm|[upkeep]\n|-damage|p1a: Whimsicott|33/100|[from] Sandstorm\n|-damage|p2a: Elgee|83/100|[from] Sandstorm\n|upkeep\n|turn|10\n|\n|t:|1776654341\n|move|p1a: Whimsicott|Encore|p2b: Hakai\n|-hint|Since gen 7, Dark is immune to Prankster moves.\n|-immune|p2b: Hakai\n|move|p1b: Garchomp|Dragon Claw|p2a: Elgee\n|-damage|p2a: Elgee|35/100\n|-enditem|p2a: Elgee|Sitrus Berry|[eat]\n|-heal|p2a: Elgee|60/100|[from] item: Sitrus Berry\n|move|p2b: Hakai|Ice Punch|p1b: Garchomp\n|-supereffective|p1b: Garchomp|2\n|-damage|p1b: Garchomp|22/100\n|-status|p1b: Garchomp|frz\n|move|p2a: Elgee|Nasty Plot|p2a: Elgee\n|-boost|p2a: Elgee|spa|2\n|\n|-weather|none\n|upkeep\n|turn|11\n|\n|t:|1776654360\n|switch|p1b: Big G|Incineroar, L50, F|19/100\n|-ability|p1b: Big G|Intimidate|boost\n|-unboost|p2a: Elgee|atk|1\n|-unboost|p2b: Hakai|atk|1\n|move|p2a: Elgee|Protect|p2a: Elgee\n|-singleturn|p2a: Elgee|Protect\n|move|p1a: Whimsicott|Moonblast|p2a: Elgee\n|-activate|p2a: Elgee|move: Protect\n|move|p2b: Hakai|Ice Punch|p1a: Whimsicott\n|-supereffective|p1a: Whimsicott|1\n|-damage|p1a: Whimsicott|0 fnt\n|faint|p1a: Whimsicott\n|\n|upkeep\n|\n|t:|1776654368\n|switch|p1a: Garchomp|Garchomp, L50, M|22/100 frz\n|turn|12\n|\n|t:|1776654393\n|cant|p1a: Garchomp|frz\n|move|p1b: Big G|Flare Blitz|p2b: Hakai\n|-resisted|p2b: Hakai|1\n|-damage|p2b: Hakai|78/100\n|-damage|p1b: Big G|14/100|[from] Recoil\n|move|p2b: Hakai|Ice Punch|p1a: Garchomp\n|-supereffective|p1a: Garchomp|2\n|-damage|p1a: Garchomp|0 fnt\n|faint|p1a: Garchomp\n|move|p2a: Elgee|Thunderbolt|p1b: Big G\n|-damage|p1b: Big G|0 fnt\n|faint|p1b: Big G\n|\n|win|W0kMeDed\n|raw|Lkizzz's rating: 1452 &rarr; <strong>1437</strong><br />(-15 for losing)\n|raw|W0kMeDed's rating: 1536 &rarr; <strong>1551</strong><br />(+15 for winning)\n|l|\u2606Lkizzz\n|player|p1|\n|l|\u2606W0kMeDed\n|player|p2|\n",
  "uploadtime": 1776654424,
  "views": 11,
  "formatid": "gen9championsvgc2026regma",
  "rating": 1437,
  "private": 0,
  "password": null
}