{
  "id": "gen9championsvgc2026regma-2588051654",
  "format": "[Gen 9 Champions] VGC 2026 Reg M-A",
  "players": [
    "xtremeslayer",
    "RichardTheCompany"
  ],
  "log": "|j|\u2606xtremeslayer\n|j|\u2606RichardTheCompany\n|html|<table width=\"100%\"><tr><td align=\"left\">xtremeslayer</td><td align=\"right\">RichardTheCompany</tr><tr><td align=\"left\"><i class=\"fa fa-circle\"></i> <i class=\"fa fa-circle-o\"></i> </td><td align=\"right\"><i class=\"fa fa-circle-o\"></i> <i class=\"fa fa-circle-o\"></i> </tr></table>\n|uhtml|bestof|<h2><strong>Game 2</strong> of <a href=\"/game-bestof3-gen9championsvgc2026regma-2588048995\">a best-of-3</a></h2>\n|t:|1776598327\n|gametype|doubles\n|player|p1|xtremeslayer|striker|\n|player|p2|RichardTheCompany|larry|\n|gen|9\n|tier|[Gen 9 Champions] VGC 2026 Reg M-A\n|rated|Tournament battle\n|rule|Species Clause: Limit one of each Pok\u00e9mon\n|rule|Item Clause: Limit 1 of each item\n|raw|<div class=\"infobox\"><details class=\"readmore\" open><summary><strong>2 custom rules:</strong></summary> Force Open Team Sheets, Best of = 3</details></div>\n|clearpoke\n|poke|p1|Lucario, L50, M|\n|poke|p1|Palafin, L50, M|\n|poke|p1|Kingambit, L50, M|\n|poke|p1|Typhlosion-Hisui, L50, F|\n|poke|p1|Sinistcha-Masterpiece, L50|\n|poke|p1|Clefable, L50, M|\n|poke|p2|Pelipper, L50, F, shiny|\n|poke|p2|Slowbro, L50, F, shiny|\n|poke|p2|Tinkaton, L50, F, shiny|\n|poke|p2|Sinistcha, L50|\n|poke|p2|Kangaskhan, L50, F|\n|poke|p2|Garchomp, L50, F|\n|teampreview|4\n|showteam|p1|Lucario||Lucarionite|InnerFocus|CloseCombat,MeteorMash,BulletPunch,Protect|||M|||50|]Palafin||Leftovers|ZerotoHero|JetPunch,WaveCrash,BulkUp,Protect|||M|||50|]Kingambit||BlackGlasses|Defiant|SuckerPunch,IronHead,SwordsDance,Protect|||M|||50|]Typhlosion-Hisui||ChoiceScarf|Frisk|Eruption,HeatWave,Overheat,ShadowBall|||F|||50|]Sinistcha-Masterpiece||SitrusBerry|Hospitality|MatchaGotcha,StrengthSap,LifeDew,RagePowder||||||50|]Clefable||KebiaBerry|Unaware|Moonblast,HelpingHand,FollowMe,Protect|||M|||50|\n|showteam|p2|Pelipper||FocusSash|Drizzle|WeatherBall,Protect,WideGuard,Hurricane|||F|||50|]Slowbro||Slowbronite|Regenerator|CalmMind,Psychic,TrickRoom,MuddyWater|||F|||50|]Tinkaton||MetalCoat|MoldBreaker|FakeOut,PlayRough,Protect,GigatonHammer|||F|||50|]Sinistcha||SitrusBerry|Hospitality|RagePowder,MatchaGotcha,LifeDew,TrickRoom||||||50|]Kangaskhan||Kangaskhanite|Scrappy|FakeOut,DoubleEdge,DrainPunch,SuckerPunch|||F|||50|]Garchomp||ChoiceScarf|RoughSkin|RockSlide,Earthquake,StompingTantrum,DragonClaw|||F|||50|\n|inactive|Battle timer is ON: inactive players will automatically lose when time's up. (requested by xtremeslayer)\n|\n|t:|1776598358\n|teamsize|p1|4\n|teamsize|p2|4\n|start\n|switch|p1a: Clefable|Clefable, L50, M|100/100\n|switch|p1b: Lucario|Lucario, L50, M|100/100\n|switch|p2a: Pelipper|Pelipper, L50, F, shiny|100/100\n|switch|p2b: Garchomp|Garchomp, L50, F|100/100\n|-weather|RainDance|[from] ability: Drizzle|[of] p2a: Pelipper\n|turn|1\n|j| Zero Zizz\n|l| Zero Zizz\n|inactive|xtremeslayer has 30 seconds left.\n|inactive|RichardTheCompany has 30 seconds left.\n|\n|t:|1776598388\n|detailschange|p1b: Lucario|Lucario-Mega, L50, M\n|-mega|p1b: Lucario|Lucario|Lucarionite\n|move|p1b: Lucario|Protect|p1b: Lucario\n|-singleturn|p1b: Lucario|Protect\n|move|p2b: Garchomp|Earthquake|p1a: Clefable|[spread] p1a\n|-activate|p1b: Lucario|move: Protect\n|-immune|p2a: Pelipper\n|-damage|p1a: Clefable|69/100\n|move|p2a: Pelipper|Hurricane|p1b: Lucario\n|-activate|p1b: Lucario|move: Protect\n|move|p1a: Clefable|Moonblast|p2b: Garchomp\n|-supereffective|p2b: Garchomp|1\n|-damage|p2b: Garchomp|25/100\n|\n|-weather|RainDance|[upkeep]\n|upkeep\n|turn|2\n|\n|t:|1776598409\n|switch|p1b: Sinistcha|Sinistcha-Masterpiece, L50|100/100\n|-heal|p1a: Clefable|94/100|[from] ability: Hospitality|[of] p1b: Sinistcha\n|move|p2b: Garchomp|Earthquake|p1b: Sinistcha|[spread] p1a,p1b\n|-immune|p2a: Pelipper\n|-resisted|p1b: Sinistcha|1\n|-damage|p1a: Clefable|62/100\n|-damage|p1b: Sinistcha|83/100\n|move|p2a: Pelipper|Weather Ball|p1a: Clefable\n|-damage|p1a: Clefable|2/100\n|move|p1a: Clefable|Moonblast|p2b: Garchomp\n|-supereffective|p2b: Garchomp|1\n|-damage|p2b: Garchomp|0 fnt\n|faint|p2b: Garchomp\n|\n|-weather|RainDance|[upkeep]\n|upkeep\n|\n|t:|1776598431\n|switch|p2b: Kangaskhan|Kangaskhan, L50, F|100/100\n|turn|3\n|inactive|RichardTheCompany has 30 seconds left.\n|\n|t:|1776598463\n|move|p1a: Clefable|Helping Hand|p1b: Sinistcha\n|-singleturn|p1b: Sinistcha|Helping Hand|[of] p1a: Clefable\n|move|p2b: Kangaskhan|Fake Out|p1b: Sinistcha\n|-damage|p1b: Sinistcha|66/100\n|move|p2a: Pelipper|Hurricane|p1b: Sinistcha\n|-supereffective|p1b: Sinistcha|1\n|-damage|p1b: Sinistcha|0 fnt\n|faint|p1b: Sinistcha\n|\n|-weather|RainDance|[upkeep]\n|upkeep\n|\n|t:|1776598471\n|switch|p1b: Lucario|Lucario-Mega, L50, M|100/100\n|turn|4\n|\n|t:|1776598481\n|switch|p2b: Sinistcha|Sinistcha, L50|100/100\n|move|p1b: Lucario|Close Combat|p2b: Sinistcha\n|-immune|p2b: Sinistcha\n|move|p2a: Pelipper|Hurricane|p1b: Lucario\n|-damage|p1b: Lucario|20/100\n|move|p1a: Clefable|Moonblast|p2a: Pelipper\n|-damage|p2a: Pelipper|45/100\n|\n|-weather|RainDance|[upkeep]\n|upkeep\n|turn|5\n|\n|t:|1776598499\n|move|p1b: Lucario|Protect|p1b: Lucario\n|-singleturn|p1b: Lucario|Protect\n|move|p2b: Sinistcha|Rage Powder|p2b: Sinistcha\n|-singleturn|p2b: Sinistcha|move: Rage Powder\n|move|p2a: Pelipper|Hurricane|p1b: Lucario\n|-activate|p1b: Lucario|move: Protect\n|move|p1a: Clefable|Moonblast|p2b: Sinistcha\n|-damage|p2b: Sinistcha|68/100\n|\n|-weather|none\n|upkeep\n|turn|6\n|\n|t:|1776598514\n|switch|p2a: Kangaskhan|Kangaskhan, L50, F|100/100\n|move|p1a: Clefable|Helping Hand|p1b: Lucario\n|-singleturn|p1b: Lucario|Helping Hand|[of] p1a: Clefable\n|move|p2b: Sinistcha|Rage Powder|p2b: Sinistcha\n|-singleturn|p2b: Sinistcha|move: Rage Powder\n|move|p1b: Lucario|Meteor Mash|p2b: Sinistcha\n|-damage|p2b: Sinistcha|0 fnt\n|faint|p2b: Sinistcha\n|\n|upkeep\n|\n|t:|1776598523\n|switch|p2b: Pelipper|Pelipper, L50, F, shiny|45/100\n|-weather|RainDance|[from] ability: Drizzle|[of] p2b: Pelipper\n|turn|7\n|j| 1#miraidonhater\n|\n|t:|1776598545\n|detailschange|p2a: Kangaskhan|Kangaskhan-Mega, L50, F\n|-mega|p2a: Kangaskhan|Kangaskhan|Kangaskhanite\n|move|p1b: Lucario|Protect|p1b: Lucario\n|-singleturn|p1b: Lucario|Protect\n|move|p1a: Clefable|Protect|p1a: Clefable\n|-singleturn|p1a: Clefable|Protect\n|move|p2a: Kangaskhan|Fake Out|p1b: Lucario\n|-activate|p1b: Lucario|move: Protect\n|move|p2b: Pelipper|Weather Ball|p1a: Clefable\n|-activate|p1a: Clefable|move: Protect\n|\n|-weather|RainDance|[upkeep]\n|upkeep\n|turn|8\n|l|\u2606RichardTheCompany\n|inactive|RichardTheCompany disconnected and has a minute to reconnect!\n|player|p2|\n|j|\u2606RichardTheCompany\n|inactive|RichardTheCompany reconnected and has 45 seconds left.\n|player|p2|RichardTheCompany|larry|\n|inactive|RichardTheCompany has 30 seconds left.\n|\n|t:|1776598576\n|move|p2a: Kangaskhan|Sucker Punch|p1b: Lucario\n|-resisted|p1b: Lucario|1\n|-damage|p1b: Lucario|3/100\n|-resisted|p1b: Lucario|1\n|-damage|p1b: Lucario|0 fnt\n|faint|p1b: Lucario\n|-hitcount|p1: Lucario|2\n|move|p2b: Pelipper|Weather Ball|p1a: Clefable\n|-damage|p1a: Clefable|0 fnt\n|faint|p1a: Clefable\n|\n|-weather|RainDance|[upkeep]\n|upkeep\n|\n|t:|1776598581\n|switch|p1b: Kingambit|Kingambit, L50, M|100/100\n|turn|9\n|\n|t:|1776598590\n|move|p1b: Kingambit|Sucker Punch|p2b: Pelipper\n|-damage|p2b: Pelipper|0 fnt\n|faint|p2b: Pelipper\n|move|p2a: Kangaskhan|Drain Punch|p1b: Kingambit\n|-supereffective|p1b: Kingambit|2\n|-damage|p1b: Kingambit|31/100\n|-supereffective|p1b: Kingambit|2\n|-damage|p1b: Kingambit|14/100\n|-hitcount|p1b: Kingambit|2\n|\n|-weather|RainDance|[upkeep]\n|upkeep\n|turn|10\n|\n|t:|1776598600\n|move|p1b: Kingambit|Protect|p1b: Kingambit\n|-singleturn|p1b: Kingambit|Protect\n|move|p2a: Kangaskhan|Drain Punch|p1b: Kingambit\n|-activate|p1b: Kingambit|move: Protect\n|\n|-weather|RainDance|[upkeep]\n|upkeep\n|turn|11\n|\n|t:|1776598607\n|move|p1b: Kingambit|Sucker Punch|p2a: Kangaskhan\n|-damage|p2a: Kangaskhan|55/100\n|move|p2a: Kangaskhan|Drain Punch|p1b: Kingambit\n|-supereffective|p1b: Kingambit|2\n|-damage|p1b: Kingambit|0 fnt\n|-heal|p2a: Kangaskhan|62/100|[from] drain|[of] p1b: Kingambit\n|faint|p1b: Kingambit\n|-hitcount|p1: Kingambit|1\n|\n|win|RichardTheCompany\n||xtremeslayer is ready for game 3.\n|inactive|RichardTheCompany has 30 seconds to confirm battle start!\n|inactive|RichardTheCompany has 20 seconds to confirm battle start!\n|inactive|RichardTheCompany has 10 seconds to confirm battle start!\n|uhtml|next|Next: <a href=\"/battle-gen9championsvgc2026regma-2588054051\"><strong>Game 3 of 3</strong></a>\n|j| porygon-epilepz\n",
  "uploadtime": 1776598534,
  "views": 9,
  "formatid": "gen9championsvgc2026regma",
  "rating": null,
  "private": 0,
  "password": null
}