{
  "id": "gen9championsvgc2026regma-2585024798",
  "format": "[Gen 9 Champions] VGC 2026 Reg M-A",
  "players": [
    "llamas33",
    "BrotadYT"
  ],
  "log": "|j|\u2606llamas33\n|j|\u2606BrotadYT\n|t:|1776304396\n|gametype|doubles\n|player|p1|llamas33|bugcatcher-gen4dp|1079\n|player|p2|BrotadYT|266|1143\n|gen|9\n|tier|[Gen 9 Champions] VGC 2026 Reg M-A\n|rated|\n|rule|Species Clause: Limit one of each Pok\u00e9mon\n|rule|Item Clause: Limit 1 of each item\n|clearpoke\n|poke|p1|Maushold-Four, L50|\n|poke|p1|Sableye, L50, M|\n|poke|p1|Farigiraf, L50, F|\n|poke|p1|Excadrill, L50, F|\n|poke|p1|Hydrapple, L50, M|\n|poke|p1|Drampa, L50, M|\n|poke|p2|Maushold, L50|\n|poke|p2|Dragapult, L50, M|\n|poke|p2|Charizard, L50, F|\n|poke|p2|Milotic, L50, M|\n|poke|p2|Sableye, L50, F|\n|poke|p2|Glimmora, L50, F|\n|teampreview|4\n|inactive|Battle timer is ON: inactive players will automatically lose when time's up. (requested by BrotadYT)\n|\n|t:|1776304417\n|teamsize|p1|4\n|teamsize|p2|4\n|start\n|switch|p1a: Farigiraf|Farigiraf, L50, F|100/100\n|switch|p1b: Drampa|Drampa, L50, M|100/100\n|switch|p2a: Sableye|Sableye, L50, F, shiny|100/100\n|switch|p2b: Charizard|Charizard, L50, F, shiny|100/100\n|turn|1\n|\n|t:|1776304430\n|detailschange|p2b: Charizard|Charizard-Mega-X, L50, F, shiny\n|-mega|p2b: Charizard|Charizard|Charizardite X\n|move|p1b: Drampa|Protect|p1b: Drampa\n|-singleturn|p1b: Drampa|Protect\n|move|p2a: Sableye|Sunny Day|p2a: Sableye\n|-weather|SunnyDay\n|move|p2b: Charizard|Flare Blitz|p1a: Farigiraf\n|-damage|p1a: Farigiraf|0 fnt\n|faint|p1a: Farigiraf\n|-damage|p2b: Charizard|57/100|[from] Recoil\n|\n|-weather|SunnyDay|[upkeep]\n|upkeep\n|\n|t:|1776304444\n|switch|p1a: Sableye|Sableye, L50, M|100/100\n|turn|2\n|\n|t:|1776304455\n|detailschange|p1b: Drampa|Drampa-Mega, L50, M\n|-mega|p1b: Drampa|Drampa|Drampanite\n|move|p2a: Sableye|Encore|p1b: Drampa\n|-start|p1b: Drampa|Encore\n|move|p1b: Drampa|Protect|p1b: Drampa\n|-singleturn|p1b: Drampa|Protect\n|move|p1a: Sableye|Thunder Wave|p2b: Charizard\n|-status|p2b: Charizard|par\n|move|p2b: Charizard|Dragon Claw|p1b: Drampa\n|-activate|p1b: Drampa|move: Protect\n|\n|-weather|SunnyDay|[upkeep]\n|upkeep\n|turn|3\n|inactive|BrotadYT has 30 seconds left.\n|\n|t:|1776304483\n|switch|p1b: Hydrapple|Hydrapple, L50, M|100/100\n|-ability|p1b: Hydrapple|Supersweet Syrup\n|-unboost|p2a: Sableye|evasion|1\n|-unboost|p2b: Charizard|evasion|1\n|move|p2a: Sableye|Pain Split|p2b: Charizard\n|-sethp|p2b: Charizard|65/100 par|[from] move: Pain Split|[silent]\n|-sethp|p2a: Sableye|88/100|[from] move: Pain Split\n|move|p1a: Sableye|Disable|p2b: Charizard\n|-start|p2b: Charizard|Disable|Dragon Claw\n|cant|p2b: Charizard|Disable|Dragon Claw\n|\n|-weather|SunnyDay|[upkeep]\n|upkeep\n|turn|4\n|inactive|BrotadYT has 30 seconds left.\n|\n|t:|1776304513\n|switch|p1a: Drampa|Drampa-Mega, L50, M|100/100\n|switch|p2b: Milotic|Milotic, L50, M, shiny|100/100\n|move|p2a: Sableye|Quash|p1b: Hydrapple\n|-activate|p1b: Hydrapple|move: Quash\n|move|p1b: Hydrapple|Draco Meteor|p2a: Sableye\n|-crit|p2a: Sableye\n|-damage|p2a: Sableye|0 fnt\n|-unboost|p1b: Hydrapple|spa|2\n|faint|p2a: Sableye\n|\n|-weather|SunnyDay|[upkeep]\n|upkeep\n|\n|t:|1776304517\n|switch|p2a: Charizard|Charizard-Mega-X, L50, F, shiny|65/100 par\n|turn|5\n|\n|t:|1776304533\n|move|p2a: Charizard|Protect|p2a: Charizard\n|-singleturn|p2a: Charizard|Protect\n|move|p1b: Hydrapple|Protect|p1b: Hydrapple\n|-singleturn|p1b: Hydrapple|Protect\n|move|p2b: Milotic|Icy Wind|p1a: Drampa|[spread] \n|-activate|p1b: Hydrapple|move: Protect\n|-miss|p2b: Milotic|p1a: Drampa\n|move|p1a: Drampa|Dragon Cheer|p1b: Hydrapple\n|-start|p1b: Hydrapple|move: Dragon Cheer\n|\n|-weather|none\n|upkeep\n|turn|6\n|\n|t:|1776304554\n|switch|p1a: Sableye|Sableye, L50, M|100/100\n|move|p2b: Milotic|Icy Wind|p1a: Sableye|[spread] p1a,p1b\n|-crit|p1a: Sableye\n|-supereffective|p1b: Hydrapple|2\n|-damage|p1a: Sableye|74/100\n|-damage|p1b: Hydrapple|54/100\n|-unboost|p1a: Sableye|spe|1\n|-unboost|p1b: Hydrapple|spe|1\n|move|p2a: Charizard|Dragon Claw|p1a: Sableye\n|-damage|p1a: Sableye|15/100\n|move|p1b: Hydrapple|Leaf Storm|p2b: Milotic\n|-supereffective|p2b: Milotic|1\n|-crit|p2b: Milotic\n|-damage|p2b: Milotic|0 fnt\n|-unboost|p1b: Hydrapple|spa|2\n|faint|p2b: Milotic\n|\n|upkeep\n|\n|t:|1776304567\n|switch|p2b: Dragapult|Dragapult, L50, M, shiny|100/100\n|turn|7\n|\n|t:|1776304585\n|move|p1b: Hydrapple|Protect|p1b: Hydrapple\n|-singleturn|p1b: Hydrapple|Protect\n|move|p1a: Sableye|Disable|p2a: Charizard\n|-start|p2a: Charizard|Disable|Dragon Claw\n|move|p2b: Dragapult|Dragon Darts|p1a: Sableye\n|-damage|p1a: Sableye|0 fnt\n|faint|p1a: Sableye\n|cant|p2a: Charizard|Disable|Dragon Claw\n|\n|upkeep\n|\n|t:|1776304596\n|switch|p1a: Drampa|Drampa-Mega, L50, M|100/100\n|turn|8\n|\n|t:|1776304604\n|move|p2b: Dragapult|Dragon Darts|p1a: Drampa\n|-supereffective|p1a: Drampa|1\n|-damage|p1a: Drampa|52/100\n|-anim|p2b: Dragapult|Dragon Darts|p1b: Hydrapple\n|-supereffective|p1b: Hydrapple|1\n|-damage|p1b: Hydrapple|14/100\n|move|p2a: Charizard|Dragon Dance|p2a: Charizard\n|-boost|p2a: Charizard|atk|1\n|-boost|p2a: Charizard|spe|1\n|move|p1a: Drampa|Heat Wave|p2b: Dragapult|[spread] p2b\n|-miss|p1a: Drampa|p2a: Charizard\n|-resisted|p2b: Dragapult|1\n|-crit|p2b: Dragapult\n|-damage|p2b: Dragapult|73/100\n|move|p1b: Hydrapple|Draco Meteor|p2b: Dragapult\n|-supereffective|p2b: Dragapult|1\n|-crit|p2b: Dragapult\n|-damage|p2b: Dragapult|0 fnt\n|-unboost|p1b: Hydrapple|spa|2\n|faint|p2b: Dragapult\n|\n|upkeep\n|turn|9\n|\n|t:|1776304624\n|move|p2a: Charizard|Protect|p2a: Charizard\n|-singleturn|p2a: Charizard|Protect\n|move|p1a: Drampa|Hyper Voice|p2a: Charizard\n|-activate|p2a: Charizard|move: Protect\n|move|p1b: Hydrapple|Recover|p1b: Hydrapple\n|-heal|p1b: Hydrapple|64/100\n|\n|upkeep\n|turn|10\n|\n|t:|1776304635\n|move|p2a: Charizard|Flare Blitz|p1b: Hydrapple\n|-damage|p1b: Hydrapple|0 fnt\n|faint|p1b: Hydrapple\n|-damage|p2a: Charizard|39/100 par|[from] Recoil\n|move|p1a: Drampa|Hyper Voice|p2a: Charizard\n|-damage|p2a: Charizard|0 fnt\n|faint|p2a: Charizard\n|\n|win|llamas33\n|raw|llamas33's rating: 1079 &rarr; <strong>1112</strong><br />(+33 for winning)\n|raw|BrotadYT's rating: 1143 &rarr; <strong>1113</strong><br />(-30 for losing)\n|l|\u2606BrotadYT\n|player|p2|\n",
  "uploadtime": 1776304645,
  "views": 22,
  "formatid": "gen9championsvgc2026regma",
  "rating": 1112,
  "private": 0,
  "password": null
}