{
  "id": "gen9championsvgc2026regma-2587802034",
  "format": "[Gen 9 Champions] VGC 2026 Reg M-A",
  "players": [
    "Moxxdd",
    "Mac_Time"
  ],
  "log": "|j|\u2606Moxxdd\n|j|\u2606Mac_Time\n|t:|1776565461\n|gametype|doubles\n|player|p1|Moxxdd|emmet|\n|player|p2|Mac_Time|266|\n|gen|9\n|tier|[Gen 9 Champions] VGC 2026 Reg M-A\n|rule|Species Clause: Limit one of each Pok\u00e9mon\n|rule|Item Clause: Limit 1 of each item\n|clearpoke\n|poke|p1|Meganium, L50, F|\n|poke|p1|Sinistcha, L50|\n|poke|p1|Pelipper, L50, M|\n|poke|p1|Archaludon, L50, F|\n|poke|p1|Starmie, L50|\n|poke|p1|Basculegion, L50, M|\n|poke|p2|Emboar, L50, M|\n|poke|p2|Volcarona, L50, F|\n|poke|p2|Zoroark, L50, F|\n|poke|p2|Garbodor, L50, M|\n|poke|p2|Hydreigon, L50, M|\n|poke|p2|Kingambit, L50, M|\n|teampreview|4\nMoxxdd has agreed to open team sheets.\n|\n|t:|1776565517\n|teamsize|p1|4\n|teamsize|p2|4\n|start\n|switch|p1a: Pelipper|Pelipper, L50, M|100/100\n|switch|p1b: Archaludon|Archaludon, L50, F|100/100\n|switch|p2a: Baconator|Emboar, L50, M|100/100\n|switch|p2b: Me myself and I|Hydreigon, L50, M|100/100\n|-weather|RainDance|[from] ability: Drizzle|[of] p1a: Pelipper\n|turn|1\n|\n|t:|1776565542\n|move|p2b: Me myself and I|Dark Pulse|p1a: Pelipper\n|-crit|p1a: Pelipper\n|-damage|p1a: Pelipper|27/100\n|move|p2a: Baconator|Night Daze|p1a: Pelipper\n|-damage|p1a: Pelipper|0 fnt\n|faint|p1a: Pelipper\n|move|p1b: Archaludon|Electro Shot||[still]\n|-prepare|p1b: Archaludon|Electro Shot\n|-boost|p1b: Archaludon|spa|1\n|-anim|p1b: Archaludon|Electro Shot|p2b: Me myself and I\n|-resisted|p2b: Me myself and I|1\n|-damage|p2b: Me myself and I|57/100\n|\n|-weather|RainDance|[upkeep]\n|upkeep\n|\n|t:|1776565560\n|switch|p1a: Meganium|Meganium, L50, F|100/100\n|turn|2\n|\n|t:|1776565583\n|move|p2b: Me myself and I|Dark Pulse|p1b: Archaludon\n|-damage|p1b: Archaludon|58/100\n|-ability|p1b: Archaludon|Stamina|boost\n|-boost|p1b: Archaludon|def|1\n|move|p2a: Baconator|Sludge Bomb|p1a: Meganium\n|-supereffective|p1a: Meganium|1\n|-damage|p1a: Meganium|44/100\n|-status|p1a: Meganium|psn\n|move|p1b: Archaludon|Electro Shot||[still]\n|-prepare|p1b: Archaludon|Electro Shot\n|-boost|p1b: Archaludon|spa|1\n|-anim|p1b: Archaludon|Electro Shot|p2b: Me myself and I\n|-resisted|p2b: Me myself and I|1\n|-damage|p2b: Me myself and I|4/100\n|move|p1a: Meganium|Weather Ball|p2b: Me myself and I\n|-resisted|p2b: Me myself and I|1\n|-damage|p2b: Me myself and I|0 fnt\n|faint|p2b: Me myself and I\n|\n|-weather|RainDance|[upkeep]\n|-damage|p1a: Meganium|32/100 psn|[from] psn\n|upkeep\n|\n|t:|1776565609\n|switch|p2b: YOOOOOOOOOO|Kingambit, L50, M|100/100\n|-activate|p2b: YOOOOOOOOOO|ability: Supreme Overlord\n|-start|p2b: YOOOOOOOOOO|fallen1|[silent]\n|turn|3\n|\n|t:|1776565631\n|switch|p1a: Sinistcha|Sinistcha, L50|100/100\n|-heal|p1b: Archaludon|83/100|[from] ability: Hospitality|[of] p1a: Sinistcha\n|move|p2b: YOOOOOOOOOO|Sucker Punch|p1b: Archaludon\n|-crit|p1b: Archaludon\n|-damage|p1b: Archaludon|29/100\n|-ability|p1b: Archaludon|Stamina|boost\n|-boost|p1b: Archaludon|def|1\n|move|p2a: Baconator|Night Daze|p1b: Archaludon\n|-damage|p1b: Archaludon|0 fnt\n|faint|p1b: Archaludon\n|\n|-weather|RainDance|[upkeep]\n|upkeep\n|\n|t:|1776565643\n|switch|p1b: Meganium|Meganium, L50, F|32/100 psn\n|turn|4\n|\n|t:|1776565654\n|detailschange|p1b: Meganium|Meganium-Mega, L50, F\n|-mega|p1b: Meganium|Meganium|Meganiumite\n|move|p1a: Sinistcha|Rage Powder|p1a: Sinistcha\n|-singleturn|p1a: Sinistcha|move: Rage Powder\n|move|p2a: Baconator|Night Daze|p1a: Sinistcha\n|-supereffective|p1a: Sinistcha|1\n|-damage|p1a: Sinistcha|0 fnt\n|faint|p1a: Sinistcha\n|move|p1b: Meganium|Synthesis|p1b: Meganium\n|-heal|p1b: Meganium|98/100 psn\n|move|p2b: YOOOOOOOOOO|Iron Head|p1b: Meganium\n|-supereffective|p1b: Meganium|1\n|-damage|p1b: Meganium|15/100 psn\n|\n|-weather|RainDance|[upkeep]\n|-damage|p1b: Meganium|3/100 psn|[from] psn\n|upkeep\n|turn|5\n|\n|t:|1776565675\n|move|p2a: Baconator|Sludge Bomb|p1b: Meganium\n|-supereffective|p1b: Meganium|2\n|-damage|p1b: Meganium|0 fnt\n|faint|p1b: Meganium\n|\n|win|Mac_Time\n|l|\u2606Moxxdd\n|player|p1|\n|c|\u2606Mac_Time|Gg\n",
  "uploadtime": 1776565686,
  "views": 24,
  "formatid": "gen9championsvgc2026regma",
  "rating": null,
  "private": 0,
  "password": null
}