{
  "id": "gen9championsvgc2026regma-2583964477",
  "format": "[Gen 9 Champions] VGC 2026 Reg M-A",
  "players": [
    "Xcelvgc",
    "buildtheansia"
  ],
  "log": "|j|\u2606Xcelvgc\n|j|\u2606buildtheansia\n|t:|1776212372\n|gametype|doubles\n|player|p1|Xcelvgc|266|1073\n|player|p2|buildtheansia|169|1130\n|gen|9\n|tier|[Gen 9 Champions] VGC 2026 Reg M-A\n|rated|\n|rule|Species Clause: Limit one of each Pok\u00e9mon\n|rule|Item Clause: Limit 1 of each item\n|clearpoke\n|poke|p1|Charizard, L50, M|\n|poke|p1|Venusaur, L50, M|\n|poke|p1|Archaludon, L50, F|\n|poke|p1|Sneasler, L50, F|\n|poke|p1|Milotic, L50, F|\n|poke|p1|Whimsicott, L50, M|\n|poke|p2|Politoed, L50, F|\n|poke|p2|Archaludon, L50, M|\n|poke|p2|Whimsicott, L50, F|\n|poke|p2|Gengar, L50, F|\n|poke|p2|Sneasler, L50, M|\n|poke|p2|Scizor, L50, M|\n|teampreview|4\n|inactive|Battle timer is ON: inactive players will automatically lose when time's up. (requested by Xcelvgc)\n|\n|t:|1776212424\n|teamsize|p1|4\n|teamsize|p2|4\n|start\n|switch|p1a: Sneasler|Sneasler, L50, F|100/100\n|switch|p1b: Whimsicott|Whimsicott, L50, M|100/100\n|switch|p2a: Sneasler|Sneasler, L50, M|100/100\n|switch|p2b: Gengar|Gengar, L50, F|100/100\n|turn|1\n|\n|t:|1776212445\n|detailschange|p2b: Gengar|Gengar-Mega, L50, F\n|-mega|p2b: Gengar|Gengar|Gengarite\n|move|p2a: Sneasler|Fake Out|p1b: Whimsicott\n|-damage|p1b: Whimsicott|81/100\n|cant|p1b: Whimsicott|flinch\n|move|p2b: Gengar|Icy Wind|p1a: Sneasler|[spread] p1a,p1b\n|-supereffective|p1b: Whimsicott|1\n|-damage|p1a: Sneasler|79/100\n|-damage|p1b: Whimsicott|36/100\n|-unboost|p1a: Sneasler|spe|1\n|-unboost|p1b: Whimsicott|spe|1\n|-enditem|p1a: Sneasler|White Herb\n|-clearnegativeboost|p1a: Sneasler|[silent]\n|move|p1a: Sneasler|Taunt|p2b: Gengar\n|-start|p2b: Gengar|move: Taunt\n|\n|upkeep\n|turn|2\n|inactive|Xcelvgc has 30 seconds left.\n|\n|t:|1776212476\n|move|p1b: Whimsicott|Encore|p2a: Sneasler\n|-start|p2a: Sneasler|Encore\n|move|p2a: Sneasler|Fake Out||[still]\n|-hint|Fake Out only works on your first turn out.\n|-fail|p2a: Sneasler\n|move|p1a: Sneasler|Dire Claw|p2b: Gengar\n|-resisted|p2b: Gengar|2\n|-damage|p2b: Gengar|89/100\n|move|p2b: Gengar|Shadow Ball|p1a: Sneasler\n|-damage|p1a: Sneasler|20/100\n|\n|upkeep\n|turn|3\n|inactive|Xcelvgc has 30 seconds left.\n|inactive|buildtheansia has 30 seconds left.\n|inactive|buildtheansia has 20 seconds left.\n|inactive|Xcelvgc has 20 seconds left.\n|\n|t:|1776212520\n|switch|p2a: Archaludon|Archaludon, L50, M|100/100\n|move|p1b: Whimsicott|Tailwind|p1b: Whimsicott\n|-sidestart|p1: Xcelvgc|move: Tailwind\n|move|p1a: Sneasler|Close Combat|p2a: Archaludon\n|-supereffective|p2a: Archaludon|1\n|-damage|p2a: Archaludon|0 fnt\n|-unboost|p1a: Sneasler|def|1\n|-unboost|p1a: Sneasler|spd|1\n|faint|p2a: Archaludon\n|move|p2b: Gengar|Icy Wind|p1a: Sneasler|[spread] p1a,p1b\n|-supereffective|p1b: Whimsicott|1\n|-damage|p1a: Sneasler|0 fnt\n|-damage|p1b: Whimsicott|0 fnt\n|faint|p1a: Sneasler\n|faint|p1b: Whimsicott\n|\n|upkeep\n|\n|t:|1776212538\n|switch|p1a: Venusaur|Venusaur, L50, M|100/100\n|switch|p1b: Charizard|Charizard, L50, M|100/100\n|switch|p2a: Sneasler|Sneasler, L50, M|100/100\n|turn|4\n|\n|t:|1776212561\n|detailschange|p1b: Charizard|Charizard-Mega-X, L50, M\n|-mega|p1b: Charizard|Charizard|Charizardite X\n|move|p2a: Sneasler|Fake Out|p1a: Venusaur\n|-damage|p1a: Venusaur|84/100\n|cant|p1a: Venusaur|flinch\n|move|p1b: Charizard|Dragon Claw|p2b: Gengar\n|-crit|p2b: Gengar\n|-damage|p2b: Gengar|4/100\n|move|p2b: Gengar|Icy Wind|p1a: Venusaur|[spread] p1a,p1b\n|-supereffective|p1a: Venusaur|1\n|-damage|p1a: Venusaur|50/100\n|-damage|p1b: Charizard|84/100\n|-unboost|p1a: Venusaur|spe|1\n|-unboost|p1b: Charizard|spe|1\n|\n|-end|p2b: Gengar|move: Taunt\n|upkeep\n|turn|5\n|inactive|Xcelvgc has 30 seconds left.\n|inactive|buildtheansia has 30 seconds left.\n|inactive|Xcelvgc has 20 seconds left.\n|inactive|buildtheansia has 20 seconds left.\n|\n|t:|1776212598\n|switch|p2a: Politoed|Politoed, L50, F|100/100\n|-weather|RainDance|[from] ability: Drizzle|[of] p2a: Politoed\n|move|p2b: Gengar|Protect|p2b: Gengar\n|-singleturn|p2b: Gengar|Protect\n|move|p1a: Venusaur|Sleep Powder|p2a: Politoed\n|-status|p2a: Politoed|slp|[from] move: Sleep Powder\n|move|p1b: Charizard|Dragon Dance|p1b: Charizard\n|-boost|p1b: Charizard|atk|1\n|-boost|p1b: Charizard|spe|1\n|\n|-weather|RainDance|[upkeep]\n|upkeep\n|turn|6\n|\n|t:|1776212621\n|switch|p2b: Sneasler|Sneasler, L50, M|100/100\n|move|p1b: Charizard|Dragon Claw|p2b: Sneasler\n|-damage|p2b: Sneasler|11/100\n|move|p1a: Venusaur|Sunny Day|p1a: Venusaur\n|-weather|SunnyDay\n|cant|p2a: Politoed|slp\n|\n|-weather|SunnyDay|[upkeep]\n|-sideend|p1: Xcelvgc|move: Tailwind\n|upkeep\n|turn|7\n|\n|t:|1776212646\n|move|p2b: Sneasler|Fake Out|p1a: Venusaur\n|-damage|p1a: Venusaur|35/100\n|cant|p1a: Venusaur|flinch\n|move|p1b: Charizard|Dragon Claw|p2a: Politoed\n|-damage|p2a: Politoed|33/100 slp\n|-curestatus|p2a: Politoed|slp|[msg]\n|move|p2a: Politoed|Earth Power|p1b: Charizard\n|-supereffective|p1b: Charizard|1\n|-damage|p1b: Charizard|37/100\n|\n|-weather|SunnyDay|[upkeep]\n|-heal|p2a: Politoed|39/100|[from] item: Leftovers\n|upkeep\n|turn|8\n|inactive|Xcelvgc has 30 seconds left.\n|inactive|buildtheansia has 30 seconds left.\n|\n|t:|1776212681\n|move|p2b: Sneasler|Protect|p2b: Sneasler\n|-singleturn|p2b: Sneasler|Protect\n|move|p2a: Politoed|Protect|p2a: Politoed\n|-singleturn|p2a: Politoed|Protect\n|move|p1a: Venusaur|Sludge Bomb|p2b: Sneasler\n|-activate|p2b: Sneasler|move: Protect\n|move|p1b: Charizard|Dragon Claw|p2a: Politoed\n|-activate|p2a: Politoed|move: Protect\n|\n|-weather|SunnyDay|[upkeep]\n|-heal|p2a: Politoed|45/100|[from] item: Leftovers\n|upkeep\n|turn|9\n|inactive|Xcelvgc has 30 seconds left.\n|inactive|buildtheansia has 30 seconds left.\n|inactive|buildtheansia has 20 seconds left.\n|\n|t:|1776212720\n|move|p1a: Venusaur|Sludge Bomb|p2b: Sneasler\n|-resisted|p2b: Sneasler|1\n|-damage|p2b: Sneasler|0 fnt\n|faint|p2b: Sneasler\n|move|p1b: Charizard|Dragon Claw|p2a: Politoed\n|-damage|p2a: Politoed|0 fnt\n|faint|p2a: Politoed\n|\n|-weather|SunnyDay|[upkeep]\n|upkeep\n|\n|t:|1776212727\n|switch|p2b: Gengar|Gengar-Mega, L50, F|4/100\n|turn|10\n|\n|t:|1776212737\n|move|p2b: Gengar|Protect|p2b: Gengar\n|-singleturn|p2b: Gengar|Protect\n|move|p1a: Venusaur|Sleep Powder|p2b: Gengar\n|-activate|p2b: Gengar|move: Protect\n|move|p1b: Charizard|Dragon Dance|p1b: Charizard\n|-boost|p1b: Charizard|atk|1\n|-boost|p1b: Charizard|spe|1\n|\n|-weather|none\n|upkeep\n|turn|11\n|inactive|Xcelvgc has 30 seconds left.\n|\n|t:|1776212762\n|move|p1b: Charizard|Dragon Claw|p2b: Gengar\n|-damage|p2b: Gengar|0 fnt\n|faint|p2b: Gengar\n|\n|win|Xcelvgc\n|raw|Xcelvgc's rating: 1073 &rarr; <strong>1107</strong><br />(+34 for winning)\n|raw|buildtheansia's rating: 1130 &rarr; <strong>1101</strong><br />(-29 for losing)\n|l|\u2606buildtheansia\n|player|p2|\n",
  "uploadtime": 1776212772,
  "views": 15,
  "formatid": "gen9championsvgc2026regma",
  "rating": 1101,
  "private": 0,
  "password": null
}