{
  "id": "gen9championsvgc2026regma-2582738966",
  "format": "[Gen 9 Champions] VGC 2026 Reg M-A",
  "players": [
    "ihammerhead23",
    "loklastaji"
  ],
  "log": "|j|\u2606ihammerhead23\n|j|\u2606loklastaji\n|t:|1776110739\n|gametype|doubles\n|player|p1|ihammerhead23|266|1334\n|player|p2|loklastaji|102|1388\n|gen|9\n|tier|[Gen 9 Champions] VGC 2026 Reg M-A\n|rated|\n|rule|Species Clause: Limit one of each Pok\u00e9mon\n|rule|Item Clause: Limit 1 of each item\n|clearpoke\n|poke|p1|Medicham, L50, M|\n|poke|p1|Aerodactyl, L50, M|\n|poke|p1|Garchomp, L50, F|\n|poke|p1|Tyranitar, L50, M|\n|poke|p1|Rotom-Heat, L50|\n|poke|p1|Aegislash, L50, M|\n|poke|p2|Samurott-Hisui, L50, M|\n|poke|p2|Mamoswine, L50, M|\n|poke|p2|Delphox, L50, F|\n|poke|p2|Tsareena, L50, F|\n|poke|p2|Corviknight, L50, M|\n|poke|p2|Altaria, L50, F|\n|teampreview|4\n|\n|t:|1776110786\n|teamsize|p1|4\n|teamsize|p2|4\n|start\n|switch|p1a: Rotom|Rotom-Heat, L50|100/100\n|switch|p1b: Garchomp|Garchomp, L50, F|100/100\n|switch|p2a: Corviknight|Corviknight, L50, M|100/100\n|switch|p2b: Mamoswine|Mamoswine, L50, M|100/100\n|turn|1\n|\n|t:|1776110819\n|switch|p1b: Aerodactyl|Aerodactyl, L50, M|100/100\n|-ability|p1b: Aerodactyl|Unnerve\n|move|p2b: Mamoswine|Ice Shard|p1b: Aerodactyl\n|-supereffective|p1b: Aerodactyl|1\n|-damage|p1b: Aerodactyl|38/100\n|move|p1a: Rotom|Volt Switch|p2a: Corviknight\n|-supereffective|p2a: Corviknight|1\n|-damage|p2a: Corviknight|31/100\n|\n|t:|1776110827\n|switch|p1a: Medicham|Medicham, L50, M|100/100|[from] Volt Switch\n|move|p2a: Corviknight|Tailwind|p2a: Corviknight\n|-sidestart|p2: loklastaji|move: Tailwind\n|\n|-heal|p2a: Corviknight|37/100|[from] item: Leftovers\n|upkeep\n|turn|2\n|\n|t:|1776110841\n|switch|p2a: Tsareena|Tsareena, L50, F|100/100\n|detailschange|p1a: Medicham|Medicham-Mega, L50, M\n|-mega|p1a: Medicham|Medicham|Medichamite\n|move|p1a: Medicham|Fake Out||[still]\n|cant|p2a: Tsareena|ability: Queenly Majesty|Fake Out|[of] p1a: Medicham\n|move|p2b: Mamoswine|Ice Shard|p1b: Aerodactyl\n|-supereffective|p1b: Aerodactyl|1\n|-damage|p1b: Aerodactyl|0 fnt\n|faint|p1b: Aerodactyl\n|\n|upkeep\n|\n|t:|1776110847\n|switch|p1b: Rotom|Rotom-Heat, L50|100/100\n|turn|3\n|\n|t:|1776110864\n|switch|p2b: Samurott|Samurott-Hisui, L50, M|100/100\n|move|p2a: Tsareena|Taunt|p1a: Medicham\n|-start|p1a: Medicham|move: Taunt\n|move|p1a: Medicham|Close Combat|p2b: Samurott\n|-supereffective|p2b: Samurott|1\n|-damage|p2b: Samurott|0 fnt\n|-unboost|p1a: Medicham|def|1\n|-unboost|p1a: Medicham|spd|1\n|faint|p2b: Samurott\n|move|p1b: Rotom|Overheat|p2a: Tsareena|[miss]\n|-miss|p1b: Rotom|p2a: Tsareena\n|\n|upkeep\n|c|\u2606ihammerhead23|rip\n|\n|t:|1776110885\n|switch|p2b: Mamoswine|Mamoswine, L50, M|100/100\n|turn|4\n|\n|t:|1776110896\n|switch|p1a: Garchomp|Garchomp, L50, F|100/100\n|move|p2b: Mamoswine|Rock Slide|p1a: Garchomp|[spread] p1a,p1b\n|-resisted|p1a: Garchomp|1\n|-supereffective|p1b: Rotom|1\n|-damage|p1a: Garchomp|91/100\n|-damage|p1b: Rotom|52/100\n|move|p2a: Tsareena|Power Whip|p1a: Garchomp\n|-damage|p1a: Garchomp|30/100\n|move|p1b: Rotom|Overheat|p2a: Tsareena\n|-supereffective|p2a: Tsareena|1\n|-enditem|p2a: Tsareena|Focus Sash\n|-damage|p2a: Tsareena|1/100\n|-unboost|p1b: Rotom|spa|2\n|\n|-sideend|p2: loklastaji|move: Tailwind\n|upkeep\n|turn|5\n|\n|t:|1776110942\n|switch|p2b: Corviknight|Corviknight, L50, M|37/100\n|move|p1a: Garchomp|Earthquake|p2a: Tsareena|[spread] p2a\n|-immune|p1b: Rotom|[from] ability: Levitate\n|-immune|p2b: Corviknight\n|-resisted|p2a: Tsareena|1\n|-damage|p2a: Tsareena|0 fnt\n|faint|p2a: Tsareena\n|move|p1b: Rotom|Discharge|p2b: Corviknight|[spread] p2b\n|-immune|p1a: Garchomp\n|-supereffective|p2b: Corviknight|1\n|-damage|p2b: Corviknight|6/100\n|-status|p2b: Corviknight|par\n|\n|-heal|p2b: Corviknight|11/100 par|[from] item: Leftovers\n|upkeep\n|\n|t:|1776110959\n|switch|p2a: Mamoswine|Mamoswine, L50, M|100/100\n|turn|6\n|inactive|Battle timer is ON: inactive players will automatically lose when time's up. (requested by ihammerhead23)\n|\n|t:|1776110984\n|move|p2a: Mamoswine|Rock Slide|p1b: Rotom|[spread] p1a,p1b\n|-resisted|p1a: Garchomp|1\n|-supereffective|p1b: Rotom|1\n|-damage|p1a: Garchomp|20/100\n|-damage|p1b: Rotom|0 fnt\n|faint|p1b: Rotom\n|cant|p1a: Garchomp|flinch\n|move|p2b: Corviknight|Brave Bird|p1a: Garchomp\n|-damage|p1a: Garchomp|0 fnt\n|faint|p1a: Garchomp\n|-damage|p2b: Corviknight|5/100 par|[from] Recoil\n|\n|-heal|p2b: Corviknight|10/100 par|[from] item: Leftovers\n|upkeep\n|\n|t:|1776110990\n|switch|p1b: Medicham|Medicham-Mega, L50, M|100/100\n|turn|7\n|\n|t:|1776111014\n|move|p2a: Mamoswine|Rock Slide|p1b: Medicham\n|-resisted|p1b: Medicham|1\n|-damage|p1b: Medicham|79/100\n|move|p1b: Medicham|Zen Headbutt|p2b: Corviknight\n|-resisted|p2b: Corviknight|1\n|-damage|p2b: Corviknight|0 fnt\n|faint|p2b: Corviknight\n|\n|upkeep\n|turn|8\n|\n|t:|1776111032\n|move|p2a: Mamoswine|Rock Slide|p1b: Medicham\n|-resisted|p1b: Medicham|1\n|-damage|p1b: Medicham|59/100\n|cant|p1b: Medicham|flinch\n|\n|upkeep\n|turn|9\n|l|\u2606loklastaji\n|inactive|loklastaji disconnected and has a minute to reconnect!\n|player|p2|\n|inactive|loklastaji has 30 seconds left.\n|inactive|loklastaji has 20 seconds left.\n|inactive|loklastaji has 15 seconds left.\n|inactive|loklastaji has 10 seconds left.\n|inactive|loklastaji has 5 seconds left.\n|j|\u2606loklastaji\n|inactive|loklastaji reconnected and has 5 seconds left.\n|player|p2|loklastaji|102|\n|\n|t:|1776111087\n|move|p1b: Medicham|Protect|p1b: Medicham\n|-singleturn|p1b: Medicham|Protect\n|move|p2a: Mamoswine|Rock Slide|p1b: Medicham\n|-activate|p1b: Medicham|move: Protect\n|\n|upkeep\n|turn|10\n|\n|t:|1776111094\n|move|p2a: Mamoswine|Rock Slide|p1b: Medicham\n|-resisted|p1b: Medicham|1\n|-damage|p1b: Medicham|38/100\n|move|p1b: Medicham|Close Combat|p2a: Mamoswine\n|-supereffective|p2a: Mamoswine|1\n|-damage|p2a: Mamoswine|0 fnt\n|-unboost|p1b: Medicham|def|1\n|-unboost|p1b: Medicham|spd|1\n|faint|p2a: Mamoswine\n|\n|win|ihammerhead23\n|raw|ihammerhead23's rating: 1334 &rarr; <strong>1357</strong><br />(+23 for winning)\n|raw|loklastaji's rating: 1388 &rarr; <strong>1365</strong><br />(-23 for losing)\n",
  "uploadtime": 1776111108,
  "views": 38,
  "formatid": "gen9championsvgc2026regma",
  "rating": 1357,
  "private": 0,
  "password": null
}