{
  "id": "gen9championsvgc2026regma-2582147053",
  "format": "[Gen 9 Champions] VGC 2026 Reg M-A",
  "players": [
    "Synthiox",
    "MimikyuSmash"
  ],
  "log": "|j|\u2606Synthiox\n|j|\u2606MimikyuSmash\n|t:|1776064054\n|gametype|doubles\n|player|p1|Synthiox|ethan|1046\n|player|p2|MimikyuSmash|bugcatcher-gen4dp|1078\n|gen|9\n|tier|[Gen 9 Champions] VGC 2026 Reg M-A\n|rated|\n|rule|Species Clause: Limit one of each Pok\u00e9mon\n|rule|Item Clause: Limit 1 of each item\n|clearpoke\n|poke|p1|Delphox, L50, M|\n|poke|p1|Ninetales, L50, M|\n|poke|p1|Corviknight, L50, M|\n|poke|p1|Milotic, L50, M|\n|poke|p1|Clefable, L50, F|\n|poke|p1|Kingambit, L50, F|\n|poke|p2|Froslass, L50, F|\n|poke|p2|Kingambit, L50, F|\n|poke|p2|Meowscarada, L50, M|\n|poke|p2|Rotom-Wash, L50|\n|poke|p2|Talonflame, L50, F|\n|poke|p2|Garchomp, L50, M|\n|teampreview|4\n|\n|t:|1776064107\n|teamsize|p1|4\n|teamsize|p2|4\n|start\n|switch|p1a: Clefable|Clefable, L50, F|100/100\n|switch|p1b: Kingambit|Kingambit, L50, F|100/100\n|switch|p2a: Rotom|Rotom-Wash, L50|100/100\n|switch|p2b: Talonflame|Talonflame, L50, F|100/100\n|turn|1\n|\n|t:|1776064134\n|move|p1a: Clefable|Follow Me|p1a: Clefable\n|-singleturn|p1a: Clefable|move: Follow Me\n|move|p2b: Talonflame|Tailwind|p2b: Talonflame\n|-sidestart|p2: MimikyuSmash|move: Tailwind\n|move|p2a: Rotom|Will-O-Wisp|p1a: Clefable\n|-status|p1a: Clefable|brn\n|move|p1b: Kingambit|Swords Dance|p1b: Kingambit\n|-boost|p1b: Kingambit|atk|2\n|\n|upkeep\n|turn|2\n|\n|t:|1776064174\n|move|p1a: Clefable|Follow Me|p1a: Clefable\n|-singleturn|p1a: Clefable|move: Follow Me\n|move|p2b: Talonflame|Flare Blitz|p1a: Clefable\n|-damage|p1a: Clefable|47/100 brn\n|-damage|p2b: Talonflame|77/100|[from] Recoil\n|move|p2a: Rotom|Thunderbolt|p1a: Clefable\n|-damage|p1a: Clefable|18/100 brn\n|move|p1b: Kingambit|Swords Dance|p1b: Kingambit\n|-boost|p1b: Kingambit|atk|2\n|\n|upkeep\n|turn|3\n|\n|t:|1776064201\n|move|p1b: Kingambit|Sucker Punch|p2b: Talonflame\n|-damage|p2b: Talonflame|0 fnt\n|faint|p2b: Talonflame\n|move|p2a: Rotom|Thunderbolt|p1a: Clefable\n|-damage|p1a: Clefable|0 fnt\n|faint|p1a: Clefable\n|\n|upkeep\n|\n|t:|1776064216\n|switch|p2b: Garchomp|Garchomp, L50, M|100/100\n|switch|p1a: Ninetales|Ninetales, L50, M|100/100\n|-weather|SunnyDay|[from] ability: Drought|[of] p1a: Ninetales\n|turn|4\n|\n|t:|1776064231\n|move|p1a: Ninetales|Helping Hand|p1b: Kingambit\n|-singleturn|p1b: Kingambit|Helping Hand|[of] p1a: Ninetales\n|move|p1b: Kingambit|Sucker Punch|p2b: Garchomp\n|-damage|p2b: Garchomp|0 fnt\n|-damage|p1b: Kingambit|88/100|[from] ability: Rough Skin|[of] p2b: Garchomp\n|faint|p2b: Garchomp\n|move|p2a: Rotom|Will-O-Wisp|p1b: Kingambit\n|-status|p1b: Kingambit|brn\n|\n|-weather|SunnyDay|[upkeep]\n|-damage|p1b: Kingambit|83/100 brn|[from] brn\n|-sideend|p2: MimikyuSmash|move: Tailwind\n|upkeep\n|\n|t:|1776064244\n|switch|p2b: Meowscarada|Meowscarada, L50, M|100/100\n|turn|5\n|\n|t:|1776064280\n|move|p2b: Meowscarada|Knock Off|p1b: Kingambit\n|-start|p2b: Meowscarada|typechange|Dark|[from] ability: Protean\n|-resisted|p1b: Kingambit|1\n|-damage|p1b: Kingambit|64/100 brn\n|-enditem|p1b: Kingambit|Chople Berry|[from] move: Knock Off|[of] p2b: Meowscarada\n|move|p1a: Ninetales|Heat Wave|p2b: Meowscarada|[spread] p2a,p2b\n|-resisted|p2a: Rotom|1\n|-damage|p2a: Rotom|84/100\n|-damage|p2b: Meowscarada|43/100\n|move|p2a: Rotom|Hydro Pump|p1a: Ninetales\n|-supereffective|p1a: Ninetales|1\n|-damage|p1a: Ninetales|54/100\n|move|p1b: Kingambit|Kowtow Cleave|p2a: Rotom\n|-damage|p2a: Rotom|2/100\n|-enditem|p2a: Rotom|Sitrus Berry|[eat]\n|-heal|p2a: Rotom|27/100|[from] item: Sitrus Berry\n|\n|-weather|SunnyDay|[upkeep]\n|-damage|p1b: Kingambit|58/100 brn|[from] brn\n|upkeep\n|turn|6\n|\n|t:|1776064301\n|move|p1b: Kingambit|Sucker Punch|p2a: Rotom\n|-damage|p2a: Rotom|0 fnt\n|faint|p2a: Rotom\n|move|p2b: Meowscarada|Knock Off|p1a: Ninetales\n|-damage|p1a: Ninetales|0 fnt\n|-enditem|p1a: Ninetales|Focus Sash|[from] move: Knock Off|[of] p2b: Meowscarada\n|faint|p1a: Ninetales\n|\n|-weather|SunnyDay|[upkeep]\n|-damage|p1b: Kingambit|53/100 brn|[from] brn\n|upkeep\n|\n|t:|1776064310\n|switch|p1a: Delphox|Delphox, L50, M|100/100\n|turn|7\n|\n|t:|1776064316\n|detailschange|p1a: Delphox|Delphox-Mega, L50, M\n|-mega|p1a: Delphox|Delphox|Delphoxite\n|move|p1a: Delphox|Protect|p1a: Delphox\n|-singleturn|p1a: Delphox|Protect\n|move|p1b: Kingambit|Sucker Punch|p2b: Meowscarada\n|-resisted|p2b: Meowscarada|1\n|-damage|p2b: Meowscarada|0 fnt\n|faint|p2b: Meowscarada\n|\n|win|Synthiox\n|raw|Synthiox's rating: 1046 &rarr; <strong>1082</strong><br />(+36 for winning)\n|raw|MimikyuSmash's rating: 1078 &rarr; <strong>1054</strong><br />(-24 for losing)\n",
  "uploadtime": 1776064325,
  "views": 14,
  "formatid": "gen9championsvgc2026regma",
  "rating": 1054,
  "private": 0,
  "password": null
}