{
  "id": "gen9championsvgc2026regma-2589494891",
  "format": "[Gen 9 Champions] VGC 2026 Reg M-A",
  "players": [
    "SDLT 2KRL katamari",
    "muffinmcbluffin"
  ],
  "log": "|raw|<div class=\"broadcast-blue\"><strong>This battle is required to be public due to a player having a name starting with 'sdlt'.</div>\n|j|\u2606SDLT 2KRL katamari\n|j|\u2606muffinmcbluffin\n|t:|1776728116\n|gametype|doubles\n|player|p1|SDLT 2KRL katamari|rosa-masters|1407\n|player|p2|muffinmcbluffin|2|1342\n|gen|9\n|tier|[Gen 9 Champions] VGC 2026 Reg M-A\n|rated|\n|rule|Species Clause: Limit one of each Pok\u00e9mon\n|rule|Item Clause: Limit 1 of each item\n|clearpoke\n|poke|p1|Torkoal, L50, M|\n|poke|p1|Venusaur, L50, M|\n|poke|p1|Golurk, L50|\n|poke|p1|Farigiraf, L50, M|\n|poke|p1|Kingambit, L50, F|\n|poke|p1|Sneasler, L50, M|\n|poke|p2|Tyranitar, L50, M|\n|poke|p2|Corviknight, L50, F|\n|poke|p2|Rotom-Wash, L50|\n|poke|p2|Incineroar, L50, F|\n|poke|p2|Sinistcha, L50|\n|poke|p2|Excadrill, L50, M|\n|teampreview|4\n|inactive|Battle timer is ON: inactive players will automatically lose when time's up. (requested by SDLT 2KRL katamari)\nSDLT 2KRL katamari has agreed to open team sheets.\nmuffinmcbluffin has agreed to open team sheets.\n|showteam|p1|Torkoal||Charcoal|Drought|Eruption,HeatWave,EarthPower,Protect|||M|||50|]Venusaur||FocusSash|Chlorophyll|SleepPowder,SludgeBomb,LeafStorm,Protect|||M|||50|]Golurk||Golurkite|IronFist|HeadlongRush,Poltergeist,IcePunch,Protect||||||50|]Farigiraf||SitrusBerry|ArmorTail|Psychic,TrickRoom,HelpingHand,HyperVoice|||M|||50|]Kingambit||BlackGlasses|Defiant|KowtowCleave,SuckerPunch,SwordsDance,Protect|||F|||50|]Sneasler||WhiteHerb|Unburden|FakeOut,CloseCombat,DireClaw,Uturn|||M|||50|\n|showteam|p2|Tyranitar||Tyranitarite|SandStream|KnockOff,LowKick,RockSlide,Protect|||M|||50|]Corviknight||Leftovers|MirrorArmor|IronDefense,BodyPress,BraveBird,Roost|||F|||50|]Rotom-Wash||ChoiceScarf|Levitate|Electroweb,Thunderbolt,VoltSwitch,HydroPump||||||50|]Incineroar||ChopleBerry|Intimidate|FakeOut,FlareBlitz,PartingShot,DarkestLariat|||F|||50|]Sinistcha||SitrusBerry|Hospitality|TrickRoom,MatchaGotcha,LifeDew,RagePowder||||||50|]Excadrill||FocusSash|SandRush|Earthquake,Protect,IronHead,RockSlide|||M|||50|\n|inactive|muffinmcbluffin has 60 seconds left.\n|c|\u2606muffinmcbluffin|Glhf\n|inactive|muffinmcbluffin has 30 seconds left.\n|c|\u2606SDLT 2KRL katamari|u2\n|\n|t:|1776728185\n|teamsize|p1|4\n|teamsize|p2|4\n|start\n|switch|p1a: Farigiraf|Farigiraf, L50, M|100/100\n|switch|p1b: Sneasler|Sneasler, L50, M|100/100\n|switch|p2a: Tyranitar|Tyranitar, L50, M|100/100\n|switch|p2b: Rotom|Rotom-Wash, L50|100/100\n|-weather|Sandstorm|[from] ability: Sand Stream|[of] p2a: Tyranitar\n|turn|1\n|\n|t:|1776728198\n|switch|p2a: Corviknight|Corviknight, L50, F|100/100\n|move|p2b: Rotom|Thunderbolt|p1b: Sneasler\n|-damage|p1b: Sneasler|42/100\n|move|p1b: Sneasler|U-turn|p2b: Rotom\n|-damage|p2b: Rotom|66/100\n|\n|t:|1776728213\n|switch|p1b: Golurk|Golurk, L50|100/100|[from] U-turn\n|move|p1a: Farigiraf|Trick Room|p1a: Farigiraf\n|-fieldstart|move: Trick Room|[of] p1a: Farigiraf\n|\n|-weather|Sandstorm|[upkeep]\n|-damage|p1a: Farigiraf|94/100|[from] Sandstorm\n|-damage|p2b: Rotom|60/100|[from] Sandstorm\n|upkeep\n|turn|2\n|\n|t:|1776728230\n|switch|p1a: Kingambit|Kingambit, L50, F|100/100\n|switch|p2b: Excadrill|Excadrill, L50, M|100/100\n|detailschange|p1b: Golurk|Golurk-Mega, L50\n|-mega|p1b: Golurk|Golurk|Golurkite\n|move|p1b: Golurk|Poltergeist|p2a: Corviknight\n|-activate|p2a: Corviknight|move: Poltergeist|Leftovers\n|-damage|p2a: Corviknight|48/100\n|move|p2a: Corviknight|Iron Defense|p2a: Corviknight\n|-boost|p2a: Corviknight|def|2\n|\n|-weather|Sandstorm|[upkeep]\n|-heal|p2a: Corviknight|54/100|[from] item: Leftovers\n|upkeep\n|turn|3\n|\n|t:|1776728249\n|move|p1a: Kingambit|Swords Dance|p1a: Kingambit\n|-boost|p1a: Kingambit|atk|2\n|move|p1b: Golurk|Headlong Rush|p2b: Excadrill\n|-supereffective|p2b: Excadrill|1\n|-enditem|p2b: Excadrill|Focus Sash\n|-damage|p2b: Excadrill|1/100\n|-unboost|p1b: Golurk|def|1\n|-unboost|p1b: Golurk|spd|1\n|move|p2a: Corviknight|Roost|p2a: Corviknight\n|-heal|p2a: Corviknight|100/100\n|-singleturn|p2a: Corviknight|move: Roost\n|move|p2b: Excadrill|Earthquake|p1b: Golurk|[spread] p2a,p1a,p1b\n|-supereffective|p2a: Corviknight|1\n|-supereffective|p1a: Kingambit|1\n|-damage|p2a: Corviknight|62/100\n|-damage|p1a: Kingambit|30/100\n|-damage|p1b: Golurk|39/100\n|\n|-weather|Sandstorm|[upkeep]\n|-heal|p2a: Corviknight|68/100|[from] item: Leftovers\n|upkeep\n|turn|4\n|\n|t:|1776728273\n|move|p1a: Kingambit|Kowtow Cleave|p2a: Corviknight\n|-damage|p2a: Corviknight|21/100\n|move|p1b: Golurk|Ice Punch|p2b: Excadrill\n|-damage|p2b: Excadrill|0 fnt\n|faint|p2b: Excadrill\n|move|p2a: Corviknight|Roost|p2a: Corviknight\n|-heal|p2a: Corviknight|71/100\n|-singleturn|p2a: Corviknight|move: Roost\n|\n|-weather|Sandstorm|[upkeep]\n|-heal|p2a: Corviknight|77/100|[from] item: Leftovers\n|upkeep\n|\n|t:|1776728281\n|switch|p2b: Tyranitar|Tyranitar, L50, M|100/100\n|turn|5\n|\n|t:|1776728290\n|switch|p1b: Sneasler|Sneasler, L50, M|42/100\n|move|p2b: Tyranitar|Protect|p2b: Tyranitar\n|-singleturn|p2b: Tyranitar|Protect\n|move|p1a: Kingambit|Kowtow Cleave|p2a: Corviknight\n|-damage|p2a: Corviknight|32/100\n|move|p2a: Corviknight|Roost|p2a: Corviknight\n|-heal|p2a: Corviknight|82/100\n|-singleturn|p2a: Corviknight|move: Roost\n|\n|-weather|none\n|-heal|p2a: Corviknight|88/100|[from] item: Leftovers\n|-fieldend|move: Trick Room\n|upkeep\n|turn|6\n|\n|t:|1776728304\n|move|p1b: Sneasler|Close Combat|p2b: Tyranitar\n|-supereffective|p2b: Tyranitar|2\n|-damage|p2b: Tyranitar|0 fnt\n|-unboost|p1b: Sneasler|def|1\n|-unboost|p1b: Sneasler|spd|1\n|faint|p2b: Tyranitar\n|-enditem|p1b: Sneasler|White Herb\n|-clearnegativeboost|p1b: Sneasler|[silent]\n|move|p2a: Corviknight|Body Press|p1a: Kingambit\n|-supereffective|p1a: Kingambit|2\n|-damage|p1a: Kingambit|0 fnt\n|faint|p1a: Kingambit\n|\n|-heal|p2a: Corviknight|94/100|[from] item: Leftovers\n|upkeep\n|\n|t:|1776728309\n|switch|p2b: Rotom|Rotom-Wash, L50|60/100\n|switch|p1a: Farigiraf|Farigiraf, L50, M|94/100\n|turn|7\n|\n|t:|1776728323\n|move|p1b: Sneasler|Close Combat|p2b: Rotom\n|-damage|p2b: Rotom|0 fnt\n|-unboost|p1b: Sneasler|def|1\n|-unboost|p1b: Sneasler|spd|1\n|faint|p2b: Rotom\n|move|p2a: Corviknight|Iron Defense|p2a: Corviknight\n|-boost|p2a: Corviknight|def|2\n|move|p1a: Farigiraf|Trick Room|p1a: Farigiraf\n|-fieldstart|move: Trick Room|[of] p1a: Farigiraf\n|\n|-heal|p2a: Corviknight|99/100|[from] item: Leftovers\n|upkeep\n|turn|8\n|\n|t:|1776728331\n|move|p1a: Farigiraf|Psychic|p2a: Corviknight\n|-resisted|p2a: Corviknight|1\n|-damage|p2a: Corviknight|87/100\n|move|p2a: Corviknight|Body Press|p1b: Sneasler\n|-resisted|p1b: Sneasler|1\n|-damage|p1b: Sneasler|0 fnt\n|faint|p1b: Sneasler\n|\n|-heal|p2a: Corviknight|93/100|[from] item: Leftovers\n|upkeep\n|\n|t:|1776728335\n|switch|p1b: Golurk|Golurk-Mega, L50|39/100\n|turn|9\n|\n|t:|1776728338\n|move|p1b: Golurk|Poltergeist|p2a: Corviknight\n|-activate|p2a: Corviknight|move: Poltergeist|Leftovers\n|-damage|p2a: Corviknight|74/100\n|move|p1a: Farigiraf|Psychic|p2a: Corviknight\n|-resisted|p2a: Corviknight|1\n|-damage|p2a: Corviknight|61/100\n|move|p2a: Corviknight|Brave Bird|p1b: Golurk\n|-damage|p1b: Golurk|4/100\n|-damage|p2a: Corviknight|50/100|[from] Recoil\n|\n|-heal|p2a: Corviknight|56/100|[from] item: Leftovers\n|upkeep\n|turn|10\n|\n|t:|1776728351\n|move|p1b: Golurk|Poltergeist|p2a: Corviknight\n|-activate|p2a: Corviknight|move: Poltergeist|Leftovers\n|-damage|p2a: Corviknight|35/100\n|move|p1a: Farigiraf|Psychic|p2a: Corviknight\n|-resisted|p2a: Corviknight|1\n|-damage|p2a: Corviknight|23/100\n|move|p2a: Corviknight|Roost|p2a: Corviknight\n|-heal|p2a: Corviknight|73/100\n|-singleturn|p2a: Corviknight|move: Roost\n|\n|-heal|p2a: Corviknight|79/100|[from] item: Leftovers\n|upkeep\n|turn|11\n|\n|t:|1776728358\n|move|p1b: Golurk|Poltergeist|p2a: Corviknight\n|-activate|p2a: Corviknight|move: Poltergeist|Leftovers\n|-damage|p2a: Corviknight|58/100\n|move|p1a: Farigiraf|Psychic|p2a: Corviknight\n|-resisted|p2a: Corviknight|1\n|-damage|p2a: Corviknight|45/100\n|move|p2a: Corviknight|Brave Bird|p1b: Golurk\n|-damage|p1b: Golurk|0 fnt\n|faint|p1b: Golurk\n|-damage|p2a: Corviknight|44/100|[from] Recoil\n|\n|-heal|p2a: Corviknight|50/100|[from] item: Leftovers\n|-fieldend|move: Trick Room\n|upkeep\n|turn|12\n|\n|t:|1776728369\n|move|p2a: Corviknight|Roost|p2a: Corviknight\n|-heal|p2a: Corviknight|99/100\n|-singleturn|p2a: Corviknight|move: Roost\n|move|p1a: Farigiraf|Trick Room|p1a: Farigiraf\n|-fieldstart|move: Trick Room|[of] p1a: Farigiraf\n|\n|-heal|p2a: Corviknight|100/100|[from] item: Leftovers\n|upkeep\n|turn|13\n|\n|t:|1776728391\n|move|p1a: Farigiraf|Psychic|p2a: Corviknight\n|-resisted|p2a: Corviknight|1\n|-damage|p2a: Corviknight|89/100\n|move|p2a: Corviknight|Body Press|p1a: Farigiraf\n|-damage|p1a: Farigiraf|45/100\n|-enditem|p1a: Farigiraf|Sitrus Berry|[eat]\n|-heal|p1a: Farigiraf|70/100|[from] item: Sitrus Berry\n|\n|-heal|p2a: Corviknight|95/100|[from] item: Leftovers\n|upkeep\n|turn|14\n|\n|t:|1776728404\n|move|p1a: Farigiraf|Psychic|p2a: Corviknight\n|-resisted|p2a: Corviknight|1\n|-damage|p2a: Corviknight|82/100\n|move|p2a: Corviknight|Body Press|p1a: Farigiraf\n|-damage|p1a: Farigiraf|26/100\n|\n|-heal|p2a: Corviknight|88/100|[from] item: Leftovers\n|upkeep\n|turn|15\n|c|\u2606SDLT 2KRL katamari|gg\n|\n|t:|1776728409\n|move|p1a: Farigiraf|Psychic|p2a: Corviknight\n|-resisted|p2a: Corviknight|1\n|-crit|p2a: Corviknight\n|-damage|p2a: Corviknight|70/100\n|move|p2a: Corviknight|Body Press|p1a: Farigiraf\n|-damage|p1a: Farigiraf|0 fnt\n|faint|p1a: Farigiraf\n|\n|win|muffinmcbluffin\n|raw|SDLT 2KRL katamari's rating: 1407 &rarr; <strong>1383</strong><br />(-24 for losing)\n|raw|muffinmcbluffin's rating: 1342 &rarr; <strong>1366</strong><br />(+24 for winning)\n|l|\u2606SDLT 2KRL katamari\n|player|p1|\n",
  "uploadtime": 1776728501,
  "views": 3,
  "formatid": "gen9championsvgc2026regma",
  "rating": 1366,
  "private": 0,
  "password": null
}