{
  "id": "gen9championsvgc2026regma-2587826404",
  "format": "[Gen 9 Champions] VGC 2026 Reg M-A",
  "players": [
    "Meojidsu",
    "magato123"
  ],
  "log": "|j|\u2606Meojidsu\n|j|\u2606magato123\n|t:|1776567977\n|gametype|doubles\n|player|p1|Meojidsu|169|1042\n|player|p2|magato123|turo-ai|1024\n|gen|9\n|tier|[Gen 9 Champions] VGC 2026 Reg M-A\n|rated|\n|rule|Species Clause: Limit one of each Pok\u00e9mon\n|rule|Item Clause: Limit 1 of each item\n|clearpoke\n|poke|p1|Sneasler, L50, M, shiny|\n|poke|p1|Aerodactyl, L50, M, shiny|\n|poke|p1|Vanilluxe, L50, F, shiny|\n|poke|p1|Scizor, L50, M, shiny|\n|poke|p1|Meowscarada, L50, F, shiny|\n|poke|p1|Incineroar, L50, M, shiny|\n|poke|p2|Gengar, L50, M|\n|poke|p2|Garchomp, L50, F|\n|poke|p2|Basculegion, L50, M|\n|poke|p2|Clefable, L50, F|\n|poke|p2|Sneasler, L50, M|\n|poke|p2|Sableye, L50, M|\n|teampreview|4\n|inactive|Battle timer is ON: inactive players will automatically lose when time's up. (requested by magato123)\nmagato123 rejected open team sheets.\n|inactive|Meojidsu has 60 seconds left.\n|j| SADATO69\n|\n|t:|1776568015\n|teamsize|p1|4\n|teamsize|p2|4\n|start\n|switch|p1a: Aerodactyl|Aerodactyl, L50, M, shiny|100/100\n|switch|p1b: Sneasler|Sneasler, L50, M, shiny|100/100\n|switch|p2a: Clefable|Clefable, L50, F|100/100\n|switch|p2b: Sneasler|Sneasler, L50, M|100/100\n|-ability|p1a: Aerodactyl|Unnerve\n|turn|1\n|\n|t:|1776568033\n|detailschange|p1a: Aerodactyl|Aerodactyl-Mega, L50, M, shiny\n|-mega|p1a: Aerodactyl|Aerodactyl|Aerodactylite\n|move|p1a: Aerodactyl|Rock Slide|p2a: Clefable|[spread] p2a,p2b\n|-resisted|p2b: Sneasler|1\n|-damage|p2a: Clefable|74/100\n|-damage|p2b: Sneasler|76/100\n|move|p1b: Sneasler|Close Combat|p2a: Clefable\n|-resisted|p2a: Clefable|1\n|-damage|p2a: Clefable|44/100\n|-unboost|p1b: Sneasler|def|1\n|-unboost|p1b: Sneasler|spd|1\n|-enditem|p1b: Sneasler|White Herb\n|-clearnegativeboost|p1b: Sneasler|[silent]\n|move|p2b: Sneasler|Gunk Shot|p1a: Aerodactyl\n|-resisted|p1a: Aerodactyl|1\n|-damage|p1a: Aerodactyl|55/100\n|move|p2a: Clefable|Icy Wind|p1b: Sneasler|[spread] p1a,p1b\n|-supereffective|p1a: Aerodactyl|1\n|-damage|p1a: Aerodactyl|31/100\n|-damage|p1b: Sneasler|87/100\n|-unboost|p1a: Aerodactyl|spe|1\n|-unboost|p1b: Sneasler|spe|1\n|\n|-heal|p2a: Clefable|50/100|[from] item: Leftovers\n|upkeep\n|turn|2\n|inactive|Meojidsu has 30 seconds left.\n|\n|t:|1776568059\n|move|p1b: Sneasler|Close Combat|p2b: Sneasler\n|-resisted|p2b: Sneasler|1\n|-damage|p2b: Sneasler|19/100\n|-unboost|p1b: Sneasler|def|1\n|-unboost|p1b: Sneasler|spd|1\n|move|p2b: Sneasler|Close Combat|p1a: Aerodactyl\n|-damage|p1a: Aerodactyl|0 fnt\n|-unboost|p2b: Sneasler|def|1\n|-unboost|p2b: Sneasler|spd|1\n|faint|p1a: Aerodactyl\n|move|p2a: Clefable|Icy Wind|p1b: Sneasler\n|-damage|p1b: Sneasler|60/100\n|-unboost|p1b: Sneasler|spe|1\n|\n|-heal|p2a: Clefable|56/100|[from] item: Leftovers\n|upkeep\n|\n|t:|1776568071\n|switch|p1a: Vanilluxe|Vanilluxe, L50, F, shiny|100/100\n|-weather|Snowscape|[from] ability: Snow Warning|[of] p1a: Vanilluxe\n|turn|3\n|\n|t:|1776568076\n|move|p1a: Vanilluxe|Blizzard|p2a: Clefable|[spread] p2a,p2b\n|-damage|p2a: Clefable|23/100\n|-damage|p2b: Sneasler|0 fnt\n|faint|p2b: Sneasler\n|move|p1b: Sneasler|Dire Claw|p2a: Clefable\n|-supereffective|p2a: Clefable|1\n|-damage|p2a: Clefable|0 fnt\n|faint|p2a: Clefable\n|\n|-weather|Snowscape|[upkeep]\n|upkeep\n|\n|t:|1776568077\n|switch|p2b: Garchomp|Garchomp, L50, F|100/100\n|switch|p2a: Basculegion|Basculegion, L50, M|100/100\n|turn|4\n|\n|t:|1776568098\n|detailschange|p2b: Garchomp|Garchomp-Mega, L50, F\n|-mega|p2b: Garchomp|Garchomp|Garchompite\n|move|p1a: Vanilluxe|Blizzard|p2b: Garchomp|[spread] p2a,p2b\n|-resisted|p2a: Basculegion|1\n|-crit|p2a: Basculegion\n|-supereffective|p2b: Garchomp|2\n|-damage|p2a: Basculegion|67/100\n|-damage|p2b: Garchomp|0 fnt\n|faint|p2b: Garchomp\n|move|p2a: Basculegion|Last Respects|p1a: Vanilluxe\n|-damage|p1a: Vanilluxe|0 fnt\n|faint|p1a: Vanilluxe\n|move|p1b: Sneasler|Rock Tomb|p2a: Basculegion\n|-damage|p2a: Basculegion|42/100\n|-unboost|p2a: Basculegion|spe|1\n|\n|-weather|Snowscape|[upkeep]\n|upkeep\n|\n|t:|1776568111\n|switch|p1a: Meowscarada|Meowscarada, L50, F, shiny|100/100\n|turn|5\n|inactive|Meojidsu has 30 seconds left.\n|inactive|Meojidsu has 20 seconds left.\n|inactive|Meojidsu has 15 seconds left.\n|inactive|Meojidsu has 10 seconds left.\n|inactive|Meojidsu has 5 seconds left.\n|\n|t:|1776568166\n|move|p1a: Meowscarada|Flower Trick|p2a: Basculegion\n|-start|p1a: Meowscarada|typechange|Grass|[from] ability: Protean\n|-supereffective|p2a: Basculegion|1\n|-crit|p2a: Basculegion\n|-damage|p2a: Basculegion|0 fnt\n|faint|p2a: Basculegion\n|\n|win|Meojidsu\n|raw|Meojidsu's rating: 1042 &rarr; <strong>1074</strong><br />(+32 for winning)\n|raw|magato123's rating: 1024 &rarr; <strong>1011</strong><br />(-13 for losing)\n|l|\u2606magato123\n|player|p2|\n|l|\u2606Meojidsu\n|player|p1|\n|l| SADATO69\n|j| SADATO69\n",
  "uploadtime": 1776568166,
  "views": 10,
  "formatid": "gen9championsvgc2026regma",
  "rating": 1011,
  "private": 0,
  "password": null
}