{
  "id": "gen9championsvgc2026regma-2583580249",
  "format": "[Gen 9 Champions] VGC 2026 Reg M-A",
  "players": [
    "Snowball_seer",
    "Silbatoman"
  ],
  "log": "|j|\u2606Snowball_seer\n|j|\u2606Silbatoman\n|t:|1776184569\n|gametype|doubles\n|player|p1|Snowball_seer|allister-masters|1161\n|player|p2|Silbatoman|266|1163\n|gen|9\n|tier|[Gen 9 Champions] VGC 2026 Reg M-A\n|rated|\n|rule|Species Clause: Limit one of each Pok\u00e9mon\n|rule|Item Clause: Limit 1 of each item\n|clearpoke\n|poke|p1|Delphox, L50, F|\n|poke|p1|Garchomp, L50, M|\n|poke|p1|Incineroar, L50, M|\n|poke|p1|Rotom-Wash, L50|\n|poke|p1|Whimsicott, L50, F|\n|poke|p1|Clefable, L50, F|\n|poke|p2|Aggron, L50, M|\n|poke|p2|Sneasler, L50, F|\n|poke|p2|Sinistcha, L50|\n|poke|p2|Rotom-Wash, L50|\n|poke|p2|Aerodactyl, L50, F|\n|poke|p2|Tyranitar, L50, F|\n|teampreview|4\n|inactive|Battle timer is ON: inactive players will automatically lose when time's up. (requested by Snowball_seer)\n|inactive|Snowball_seer has 60 seconds left.\n|inactive|Silbatoman has 60 seconds left.\n|inactive|Silbatoman has 30 seconds left.\n|\n|t:|1776184638\n|teamsize|p1|4\n|teamsize|p2|4\n|start\n|switch|p1a: Delphox|Delphox, L50, F, shiny|100/100\n|switch|p1b: Garchomp|Garchomp, L50, M|100/100\n|switch|p2a: Sneasler|Sneasler, L50, F|100/100\n|switch|p2b: Sinistcha|Sinistcha, L50|100/100\n|turn|1\n|inactive|Silbatoman has 30 seconds left.\n|inactive|Silbatoman has 20 seconds left.\n|\n|t:|1776184676\n|detailschange|p1a: Delphox|Delphox-Mega, L50, F, shiny\n|-mega|p1a: Delphox|Delphox|Delphoxite\n|move|p2a: Sneasler|Fake Out|p1a: Delphox\n|-damage|p1a: Delphox|79/100\n|cant|p1a: Delphox|flinch\n|move|p1b: Garchomp|Earthquake|p2b: Sinistcha|[spread] p2a,p2b\n|-immune|p1a: Delphox|[from] ability: Levitate\n|-supereffective|p2a: Sneasler|1\n|-resisted|p2b: Sinistcha|1\n|-crit|p2b: Sinistcha\n|-damage|p2a: Sneasler|0 fnt\n|-damage|p2b: Sinistcha|78/100\n|faint|p2a: Sneasler\n|move|p2b: Sinistcha|Trick Room|p2b: Sinistcha\n|-fieldstart|move: Trick Room|[of] p2b: Sinistcha\n|\n|upkeep\n|\n|t:|1776184693\n|switch|p2a: Aggron|Aggron, L50, M, shiny|100/100\n|turn|2\n|\n|t:|1776184707\n|switch|p2b: Tyranitar|Tyranitar, L50, F|100/100\n|-weather|Sandstorm|[from] ability: Sand Stream|[of] p2b: Tyranitar\n|switch|p1b: Incineroar|Incineroar, L50, M|100/100\n|-ability|p1b: Incineroar|Intimidate|boost\n|-unboost|p2a: Aggron|atk|1\n|-unboost|p2b: Tyranitar|atk|1\n|detailschange|p2a: Aggron|Aggron-Mega, L50, M, shiny\n|-mega|p2a: Aggron|Aggron|Aggronite\n|move|p2a: Aggron|Iron Defense|p2a: Aggron\n|-boost|p2a: Aggron|def|2\n|move|p1a: Delphox|Heat Wave|p2b: Tyranitar|[spread] p2b\n|-miss|p1a: Delphox|p2a: Aggron\n|-resisted|p2b: Tyranitar|1\n|-damage|p2b: Tyranitar|87/100\n|\n|-weather|Sandstorm|[upkeep]\n|-damage|p1b: Incineroar|95/100|[from] Sandstorm\n|-damage|p1a: Delphox|74/100|[from] Sandstorm\n|upkeep\n|turn|3\n|\n|t:|1776184729\n|move|p1b: Incineroar|Fake Out|p2b: Tyranitar\n|-resisted|p2b: Tyranitar|1\n|-damage|p2b: Tyranitar|83/100\n|move|p2a: Aggron|Body Press|p1a: Delphox\n|-resisted|p1a: Delphox|1\n|-damage|p1a: Delphox|8/100\n|cant|p2b: Tyranitar|flinch\n|move|p1a: Delphox|Flamethrower|p2a: Aggron\n|-supereffective|p2a: Aggron|1\n|-damage|p2a: Aggron|21/100\n|-status|p2a: Aggron|brn\n|\n|-weather|Sandstorm|[upkeep]\n|-damage|p1b: Incineroar|89/100|[from] Sandstorm\n|-damage|p1a: Delphox|2/100|[from] Sandstorm\n|-damage|p2a: Aggron|15/100 brn|[from] brn\n|upkeep\n|turn|4\n|\n|t:|1776184752\n|switch|p2b: Sinistcha|Sinistcha, L50|78/100\n|-heal|p2a: Aggron|39/100 brn|[from] ability: Hospitality|[of] p2b: Sinistcha\n|switch|p1a: Clefable|Clefable, L50, F|100/100\n|move|p2a: Aggron|Body Press|p1b: Incineroar\n|-supereffective|p1b: Incineroar|1\n|-damage|p1b: Incineroar|10/100\n|move|p1b: Incineroar|Parting Shot|p2b: Sinistcha\n|-unboost|p2b: Sinistcha|atk|1\n|-unboost|p2b: Sinistcha|spa|1\n|\n|t:|1776184765\n|switch|p1b: Garchomp|Garchomp, L50, M|100/100|[from] Parting Shot\n|\n|-weather|Sandstorm|[upkeep]\n|-damage|p1a: Clefable|95/100|[from] Sandstorm\n|-damage|p2b: Sinistcha|72/100|[from] Sandstorm\n|-damage|p2a: Aggron|33/100 brn|[from] brn\n|upkeep\n|turn|5\n|\n|t:|1776184778\n|switch|p1a: Incineroar|Incineroar, L50, M|10/100\n|-ability|p1a: Incineroar|Intimidate|boost\n|-unboost|p2a: Aggron|atk|1\n|-unboost|p2b: Sinistcha|atk|1\n|move|p1b: Garchomp|Protect|p1b: Garchomp\n|-singleturn|p1b: Garchomp|Protect\n|move|p2a: Aggron|Iron Defense|p2a: Aggron\n|-boost|p2a: Aggron|def|2\n|move|p2b: Sinistcha|Life Dew|p2b: Sinistcha|[spread] p2a,p2b\n|-heal|p2a: Aggron|58/100 brn\n|-heal|p2b: Sinistcha|97/100\n|\n|-weather|Sandstorm|[upkeep]\n|-damage|p1a: Incineroar|4/100|[from] Sandstorm\n|-damage|p2b: Sinistcha|90/100|[from] Sandstorm\n|-damage|p2a: Aggron|52/100 brn|[from] brn\n|-fieldend|move: Trick Room\n|upkeep\n|turn|6\n|inactive|Snowball_seer has 30 seconds left.\n|\n|t:|1776184809\n|switch|p1b: Clefable|Clefable, L50, F|95/100\n|move|p1a: Incineroar|Taunt|p2b: Sinistcha\n|-start|p2b: Sinistcha|move: Taunt\n|move|p2a: Aggron|Body Press|p1b: Clefable\n|-resisted|p1b: Clefable|1\n|-damage|p1b: Clefable|87/100\n|cant|p2b: Sinistcha|move: Taunt|Trick Room\n|\n|-weather|none\n|-damage|p2a: Aggron|46/100 brn|[from] brn\n|upkeep\n|turn|7\n|\n|t:|1776184826\n|switch|p2b: Tyranitar|Tyranitar, L50, F|83/100\n|-weather|Sandstorm|[from] ability: Sand Stream|[of] p2b: Tyranitar\n|move|p1b: Clefable|Moonblast|p2b: Tyranitar\n|-supereffective|p2b: Tyranitar|1\n|-damage|p2b: Tyranitar|44/100\n|move|p1a: Incineroar|Flare Blitz|p2b: Tyranitar\n|-resisted|p2b: Tyranitar|1\n|-damage|p2b: Tyranitar|27/100\n|-damage|p1a: Incineroar|0 fnt|[from] Recoil\n|faint|p1a: Incineroar\n|move|p2a: Aggron|Heavy Slam|p1b: Clefable\n|-supereffective|p1b: Clefable|1\n|-damage|p1b: Clefable|39/100\n|-enditem|p1b: Clefable|Sitrus Berry|[eat]\n|-heal|p1b: Clefable|63/100|[from] item: Sitrus Berry\n|\n|-weather|Sandstorm|[upkeep]\n|-damage|p1b: Clefable|57/100|[from] Sandstorm\n|-damage|p2a: Aggron|39/100 brn|[from] brn\n|upkeep\n|\n|t:|1776184839\n|switch|p1a: Garchomp|Garchomp, L50, M|100/100\n|turn|8\n|\n|t:|1776184861\n|switch|p2b: Sinistcha|Sinistcha, L50|90/100\n|-heal|p2a: Aggron|64/100 brn|[from] ability: Hospitality|[of] p2b: Sinistcha\n|move|p1b: Clefable|Follow Me|p1b: Clefable\n|-singleturn|p1b: Clefable|move: Follow Me\n|move|p1a: Garchomp|Earthquake|p2a: Aggron|[spread] p1b,p2a,p2b\n|-supereffective|p2a: Aggron|1\n|-crit|p2a: Aggron\n|-resisted|p2b: Sinistcha|1\n|-damage|p1b: Clefable|23/100\n|-damage|p2a: Aggron|24/100 brn\n|-damage|p2b: Sinistcha|75/100\n|move|p2a: Aggron|Body Press|p1b: Clefable\n|-resisted|p1b: Clefable|1\n|-damage|p1b: Clefable|13/100\n|\n|-weather|Sandstorm|[upkeep]\n|-damage|p2b: Sinistcha|69/100|[from] Sandstorm\n|-damage|p1b: Clefable|7/100|[from] Sandstorm\n|-damage|p2a: Aggron|17/100 brn|[from] brn\n|upkeep\n|turn|9\n|inactive|Snowball_seer has 30 seconds left.\n|\n|t:|1776184892\n|move|p2a: Aggron|Protect|p2a: Aggron\n|-singleturn|p2a: Aggron|Protect\n|move|p1a: Garchomp|Earthquake|p2b: Sinistcha|[spread] p1b,p2b\n|-activate|p2a: Aggron|move: Protect\n|-resisted|p2b: Sinistcha|1\n|-damage|p1b: Clefable|0 fnt\n|-damage|p2b: Sinistcha|53/100\n|faint|p1b: Clefable\n|move|p2b: Sinistcha|Trick Room|p2b: Sinistcha\n|-fieldstart|move: Trick Room|[of] p2b: Sinistcha\n|\n|-weather|Sandstorm|[upkeep]\n|-damage|p2b: Sinistcha|47/100|[from] Sandstorm\n|-damage|p2a: Aggron|11/100 brn|[from] brn\n|upkeep\n|\n|t:|1776184899\n|switch|p1b: Delphox|Delphox-Mega, L50, F, shiny|2/100\n|turn|10\n|\n|t:|1776184915\n|move|p2a: Aggron|Body Press|p1a: Garchomp\n|-crit|p1a: Garchomp\n|-damage|p1a: Garchomp|0 fnt\n|-damage|p2a: Aggron|0 fnt|[from] ability: Rough Skin|[of] p1a: Garchomp\n|faint|p1a: Garchomp\n|faint|p2a: Aggron\n|move|p2b: Sinistcha|Life Dew|p2b: Sinistcha\n|-heal|p2b: Sinistcha|72/100\n|move|p1b: Delphox|Heat Wave|p2b: Sinistcha\n|-supereffective|p2b: Sinistcha|1\n|-damage|p2b: Sinistcha|0 fnt\n|faint|p2b: Sinistcha\n|\n|-weather|Sandstorm|[upkeep]\n|-damage|p1b: Delphox|0 fnt|[from] Sandstorm\n|faint|p1b: Delphox\n|\n|win|Silbatoman\n|raw|Snowball_seer's rating: 1161 &rarr; <strong>1136</strong><br />(-25 for losing)\n|raw|Silbatoman's rating: 1163 &rarr; <strong>1188</strong><br />(+25 for winning)\n|l|\u2606Snowball_seer\n|player|p1|\n",
  "uploadtime": 1776184934,
  "views": 18,
  "formatid": "gen9championsvgc2026regma",
  "rating": 1136,
  "private": 0,
  "password": null
}