{
  "id": "gen9championsvgc2026regma-2583728833",
  "format": "[Gen 9 Champions] VGC 2026 Reg M-A",
  "players": [
    "TGinge",
    "HL SIGNAL"
  ],
  "log": "|j|\u2606TGinge\n|j|\u2606HL SIGNAL\n|t:|1776193689\n|gametype|doubles\n|player|p1|TGinge|rocketgrunt|1270\n|player|p2|HL SIGNAL|drayden|1340\n|gen|9\n|tier|[Gen 9 Champions] VGC 2026 Reg M-A\n|rated|\n|rule|Species Clause: Limit one of each Pok\u00e9mon\n|rule|Item Clause: Limit 1 of each item\n|clearpoke\n|poke|p1|Chandelure, L50, F|\n|poke|p1|Hydrapple, L50, M|\n|poke|p1|Whimsicott, L50, M|\n|poke|p1|Incineroar, L50, F|\n|poke|p1|Basculegion, L50, M|\n|poke|p1|Kingambit, L50, M|\n|poke|p2|Pelipper, L50, M|\n|poke|p2|Basculegion, L50, M|\n|poke|p2|Archaludon, L50, M|\n|poke|p2|Floette-Eternal, L50, F|\n|poke|p2|Sinistcha, L50|\n|poke|p2|Incineroar, L50, F|\n|teampreview|4\n|inactive|Battle timer is ON: inactive players will automatically lose when time's up. (requested by TGinge)\n|\n|t:|1776193716\n|teamsize|p1|4\n|teamsize|p2|4\n|start\n|switch|p1a: Basculegion|Basculegion, L50, M|100/100\n|switch|p1b: Whimsicott|Whimsicott, L50, M|100/100\n|switch|p2a: Pelipper|Pelipper, L50, M|100/100\n|switch|p2b: Archaludon|Archaludon, L50, M|100/100\n|-weather|RainDance|[from] ability: Drizzle|[of] p2a: Pelipper\n|turn|1\n|\n|t:|1776193735\n|move|p1b: Whimsicott|Sunny Day|p1b: Whimsicott\n|-weather|SunnyDay\n|move|p1a: Basculegion|Flip Turn|p2a: Pelipper\n|-resisted|p2a: Pelipper|1\n|-damage|p2a: Pelipper|88/100\n|\n|t:|1776193740\n|switch|p1a: Chandelure|Chandelure, L50, F|100/100|[from] Flip Turn\n|move|p2b: Archaludon|Electro Shot||[still]\n|-prepare|p2b: Archaludon|Electro Shot\n|-boost|p2b: Archaludon|spa|1\n|move|p2a: Pelipper|Tailwind|p2a: Pelipper\n|-sidestart|p2: HL SIGNAL|move: Tailwind\n|\n|-weather|SunnyDay|[upkeep]\n|upkeep\n|turn|2\n|\n|t:|1776193746\n|detailschange|p1a: Chandelure|Chandelure-Mega, L50, F\n|-mega|p1a: Chandelure|Chandelure|Chandelurite\n|move|p2b: Archaludon|Electro Shot|p1a: Chandelure|[from] lockedmove\n|-crit|p1a: Chandelure\n|-damage|p1a: Chandelure|0 fnt\n|faint|p1a: Chandelure\n|move|p2a: Pelipper|Weather Ball|p1b: Whimsicott\n|-supereffective|p1b: Whimsicott|1\n|-enditem|p1b: Whimsicott|Focus Sash\n|-damage|p1b: Whimsicott|1/100\n|move|p1b: Whimsicott|Trick Room|p1b: Whimsicott\n|-fieldstart|move: Trick Room|[of] p1b: Whimsicott\n|\n|-weather|SunnyDay|[upkeep]\n|upkeep\n|\n|t:|1776193753\n|switch|p1a: Hydrapple|Hydrapple, L50, M|100/100\n|turn|3\n|\n|t:|1776193774\n|move|p2b: Archaludon|Protect|p2b: Archaludon\n|-singleturn|p2b: Archaludon|Protect\n|move|p1a: Hydrapple|Fickle Beam|p2b: Archaludon\n|-activate|p2b: Archaludon|move: Protect\n|move|p1b: Whimsicott|Moonblast|p2b: Archaludon\n|-activate|p2b: Archaludon|move: Protect\n|move|p2a: Pelipper|Hurricane|p1a: Hydrapple|[miss]\n|-miss|p2a: Pelipper|p1a: Hydrapple\n|\n|-weather|SunnyDay|[upkeep]\n|upkeep\n|turn|4\n|\n|t:|1776193793\n|switch|p1b: Basculegion|Basculegion, L50, M|100/100\n|switch|p2b: Sinistcha|Sinistcha, L50|100/100\n|-heal|p2a: Pelipper|100/100|[from] ability: Hospitality|[of] p2b: Sinistcha\n|move|p1a: Hydrapple|Fickle Beam|p2b: Sinistcha\n|-damage|p2b: Sinistcha|50/100\n|move|p2a: Pelipper|Weather Ball|p1a: Hydrapple\n|-damage|p1a: Hydrapple|61/100\n|\n|-weather|SunnyDay|[upkeep]\n|-heal|p1a: Hydrapple|67/100|[from] item: Leftovers\n|-heal|p2b: Sinistcha|56/100|[from] item: Leftovers\n|-sideend|p2: HL SIGNAL|move: Tailwind\n|upkeep\n|turn|5\n|inactive|TGinge has 30 seconds left.\n|\n|t:|1776193821\n|move|p1b: Basculegion|Aqua Jet|p2b: Sinistcha\n|-resisted|p2b: Sinistcha|1\n|-damage|p2b: Sinistcha|50/100\n|move|p1a: Hydrapple|Fickle Beam|p2b: Sinistcha\n|-damage|p2b: Sinistcha|0 fnt\n|faint|p2b: Sinistcha\n|move|p2a: Pelipper|Weather Ball|p1a: Hydrapple\n|-damage|p1a: Hydrapple|27/100\n|\n|-weather|none\n|-heal|p1a: Hydrapple|34/100|[from] item: Leftovers\n|upkeep\n|\n|t:|1776193829\n|switch|p2b: Floette|Floette-Eternal, L50, F|100/100\n|turn|6\n|\n|t:|1776193850\n|switch|p1b: Whimsicott|Whimsicott, L50, M|1/100\n|detailschange|p2b: Floette|Floette-Mega, L50, F\n|-mega|p2b: Floette|Floette|Floettite\n|-ability|p2b: Floette|Fairy Aura\n|move|p1a: Hydrapple|Solar Beam||[still]\n|-prepare|p1a: Hydrapple|Solar Beam\n|move|p2a: Pelipper|Tailwind|p2a: Pelipper\n|-sidestart|p2: HL SIGNAL|move: Tailwind\n|move|p2b: Floette|Calm Mind|p2b: Floette\n|-boost|p2b: Floette|spa|1\n|-boost|p2b: Floette|spd|1\n|\n|-heal|p1a: Hydrapple|40/100|[from] item: Leftovers\n|-fieldend|move: Trick Room\n|upkeep\n|turn|7\n|\n|t:|1776193870\n|switch|p2a: Archaludon|Archaludon, L50, M|100/100\n|move|p1b: Whimsicott|Tailwind|p1b: Whimsicott\n|-sidestart|p1: TGinge|move: Tailwind\n|move|p2b: Floette|Dazzling Gleam|p1b: Whimsicott|[spread] p1a,p1b\n|-supereffective|p1a: Hydrapple|1\n|-damage|p1a: Hydrapple|0 fnt\n|-damage|p1b: Whimsicott|0 fnt\n|faint|p1a: Hydrapple\n|faint|p1b: Whimsicott\n|\n|upkeep\n|\n|t:|1776193873\n|switch|p1b: Basculegion|Basculegion, L50, M|100/100\n|turn|8\n|\n|t:|1776193882\n|move|p1b: Basculegion|Last Respects|p2b: Floette\n|-damage|p2b: Floette|0 fnt\n|faint|p2b: Floette\n|move|p2a: Archaludon|Electro Shot||[still]\n|-prepare|p2a: Archaludon|Electro Shot\n|-boost|p2a: Archaludon|spa|1\n|\n|upkeep\n|\n|t:|1776193886\n|switch|p2b: Pelipper|Pelipper, L50, M|100/100\n|-weather|RainDance|[from] ability: Drizzle|[of] p2b: Pelipper\n|turn|9\n|\n|t:|1776193894\n|move|p1b: Basculegion|Last Respects|p2a: Archaludon\n|-damage|p2a: Archaludon|0 fnt\n|faint|p2a: Archaludon\n|move|p2b: Pelipper|Hurricane|p1b: Basculegion\n|-damage|p1b: Basculegion|46/100\n|-start|p1b: Basculegion|confusion\n|\n|-weather|RainDance|[upkeep]\n|-sideend|p2: HL SIGNAL|move: Tailwind\n|upkeep\n|turn|10\n|\n|t:|1776193898\n|-activate|p1b: Basculegion|confusion\n|move|p1b: Basculegion|Last Respects|p2b: Pelipper\n|-enditem|p2b: Pelipper|Focus Sash\n|-damage|p2b: Pelipper|1/100\n|move|p2b: Pelipper|Hurricane|p1b: Basculegion\n|-damage|p1b: Basculegion|0 fnt\n|faint|p1b: Basculegion\n|\n|win|HL SIGNAL\n|raw|TGinge's rating: 1270 &rarr; <strong>1250</strong><br />(-20 for losing)\n|raw|HL SIGNAL's rating: 1340 &rarr; <strong>1356</strong><br />(+16 for winning)\n",
  "uploadtime": 1776193906,
  "views": 23,
  "formatid": "gen9championsvgc2026regma",
  "rating": 1250,
  "private": 0,
  "password": null
}