{
  "id": "gen9championsvgc2026regma-2581312277",
  "format": "[Gen 9 Champions] VGC 2026 Reg M-A",
  "players": [
    "Jamyrok",
    "3ncio"
  ],
  "log": "|j|\u2606Jamyrok\n|j|\u26063ncio\n|t:|1775985094\n|gametype|doubles\n|player|p1|Jamyrok|101|1269\n|player|p2|3ncio|1|1288\n|gen|9\n|tier|[Gen 9 Champions] VGC 2026 Reg M-A\n|rated|\n|rule|Species Clause: Limit one of each Pok\u00e9mon\n|rule|Item Clause: Limit 1 of each item\n|clearpoke\n|poke|p1|Mamoswine, L50, F|\n|poke|p1|Abomasnow, L50, M|\n|poke|p1|Froslass, L50, F|\n|poke|p1|Kingambit, L50, M|\n|poke|p1|Armarouge, L50, F|\n|poke|p1|Rotom-Wash, L50|\n|poke|p2|Corviknight, L50, M|\n|poke|p2|Incineroar, L50, F|\n|poke|p2|Dragapult, L50, M|\n|poke|p2|Kleavor, L50, F|\n|poke|p2|Chesnaught, L50, F|\n|poke|p2|Volcarona, L50, M|\n|teampreview|4\n|j| gE1xjZRtuhW2DdT0AK\n|\n|t:|1775985126\n|teamsize|p1|4\n|teamsize|p2|4\n|start\n|switch|p1a: Mamoswine|Mamoswine, L50, F|100/100\n|switch|p1b: Kingambit|Kingambit, L50, M|100/100\n|switch|p2a: Kleavor|Kleavor, L50, F|100/100\n|switch|p2b: Volcarona|Volcarona, L50, M|100/100\n|turn|1\n|j| kyon233\n|\n|t:|1775985151\n|switch|p2b: Chesnaught|Chesnaught, L50, F|100/100\n|move|p2a: Kleavor|Stone Axe|p1a: Mamoswine\n|-damage|p1a: Mamoswine|49/100\n|-sidestart|p1: Jamyrok|move: Stealth Rock\n|move|p1a: Mamoswine|High Horsepower|p2a: Kleavor\n|-damage|p2a: Kleavor|26/100\n|move|p1b: Kingambit|Iron Head|p2a: Kleavor\n|-supereffective|p2a: Kleavor|1\n|-damage|p2a: Kleavor|0 fnt\n|faint|p2a: Kleavor\n|\n|upkeep\n|\n|t:|1775985168\n|switch|p2a: Volcarona|Volcarona, L50, M|100/100\n|turn|2\n|\n|t:|1775985184\n|switch|p1a: Froslass|Froslass, L50, F|100/100\n|-damage|p1a: Froslass|76/100|[from] Stealth Rock\n|switch|p1b: Armarouge|Armarouge, L50, F|100/100\n|-damage|p1b: Armarouge|76/100|[from] Stealth Rock\n|detailschange|p2b: Chesnaught|Chesnaught-Mega, L50, F\n|-mega|p2b: Chesnaught|Chesnaught|Chesnaughtite\n|move|p2a: Volcarona|Quiver Dance|p2a: Volcarona\n|-boost|p2a: Volcarona|spa|1\n|-boost|p2a: Volcarona|spd|1\n|-boost|p2a: Volcarona|spe|1\n|move|p2b: Chesnaught|Body Press|p1b: Armarouge\n|-resisted|p1b: Armarouge|1\n|-damage|p1b: Armarouge|49/100\n|\n|upkeep\n|turn|3\n|\n|t:|1775985212\n|detailschange|p1a: Froslass|Froslass-Mega, L50, F\n|-mega|p1a: Froslass|Froslass|Froslassite\n|-weather|Snowscape|[from] ability: Snow Warning|[of] p1a: Froslass\n|move|p2a: Volcarona|Struggle Bug|p1b: Armarouge|[spread] p1a,p1b\n|-resisted|p1a: Froslass|1\n|-damage|p1a: Froslass|58/100\n|-damage|p1b: Armarouge|12/100\n|-unboost|p1a: Froslass|spa|1\n|-unboost|p1b: Armarouge|spa|1\n|move|p1b: Armarouge|Psychic|p2b: Chesnaught\n|-supereffective|p2b: Chesnaught|1\n|-damage|p2b: Chesnaught|60/100\n|move|p1a: Froslass|Aurora Veil|p1a: Froslass\n|-sidestart|p1: Jamyrok|move: Aurora Veil\n|move|p2b: Chesnaught|Leech Seed|p1a: Froslass\n|-start|p1a: Froslass|move: Leech Seed\n|\n|-weather|Snowscape|[upkeep]\n|-damage|p1a: Froslass|46/100|[from] Leech Seed|[of] p2b: Chesnaught\n|-heal|p2b: Chesnaught|70/100|[silent]\n|upkeep\n|turn|4\n|\n|t:|1775985246\n|switch|p1a: Kingambit|Kingambit, L50, M|100/100\n|-damage|p1a: Kingambit|95/100|[from] Stealth Rock\n|move|p2a: Volcarona|Struggle Bug|p1b: Armarouge|[spread] p1a,p1b\n|-damage|p1a: Kingambit|77/100\n|-damage|p1b: Armarouge|0 fnt\n|-unboost|p1a: Kingambit|spa|1\n|-ability|p1a: Kingambit|Defiant|boost\n|-boost|p1a: Kingambit|atk|2\n|faint|p1b: Armarouge\n|move|p2b: Chesnaught|Iron Defense|p2b: Chesnaught\n|-boost|p2b: Chesnaught|def|2\n|\n|-weather|Snowscape|[upkeep]\n|upkeep\n|\n|t:|1775985266\n|switch|p1b: Mamoswine|Mamoswine, L50, F|49/100\n|-damage|p1b: Mamoswine|36/100|[from] Stealth Rock\n|turn|5\n|\n|t:|1775985280\n|move|p2a: Volcarona|Heat Wave|p1a: Kingambit|[spread] p1a,p1b\n|-supereffective|p1a: Kingambit|1\n|-supereffective|p1b: Mamoswine|1\n|-damage|p1a: Kingambit|10/100\n|-damage|p1b: Mamoswine|0 fnt\n|faint|p1b: Mamoswine\n|move|p1a: Kingambit|Kowtow Cleave|p2a: Volcarona\n|-damage|p2a: Volcarona|0 fnt\n|faint|p2a: Volcarona\n|move|p2b: Chesnaught|Body Press|p1a: Kingambit\n|-supereffective|p1a: Kingambit|2\n|-damage|p1a: Kingambit|0 fnt\n|faint|p1a: Kingambit\n|\n|-weather|Snowscape|[upkeep]\n|upkeep\n|-message|Jamyrok forfeited.\n|\n|win|3ncio\n|raw|Jamyrok's rating: 1269 &rarr; <strong>1245</strong><br />(-24 for losing)\n|raw|3ncio's rating: 1288 &rarr; <strong>1312</strong><br />(+24 for winning)\n|l|\u2606Jamyrok\n|player|p1|\n|l| kyon233\n|l|\u26063ncio\n|player|p2|\n",
  "uploadtime": 1775985368,
  "views": 22,
  "formatid": "gen9championsvgc2026regma",
  "rating": 1245,
  "private": 0,
  "password": null
}