{
  "id": "gen9championsvgc2026regma-2588478871",
  "format": "[Gen 9 Champions] VGC 2026 Reg M-A",
  "players": [
    "NotAShortKid232323",
    "thicc latina lover"
  ],
  "log": "|j|\u2606NotAShortKid232323\n|j|\u2606thicc latina lover\n|t:|1776637170\n|gametype|doubles\n|player|p1|NotAShortKid232323|1|1326\n|player|p2|thicc latina lover|skyla|1412\n|gen|9\n|tier|[Gen 9 Champions] VGC 2026 Reg M-A\n|rated|\n|rule|Species Clause: Limit one of each Pok\u00e9mon\n|rule|Item Clause: Limit 1 of each item\n|clearpoke\n|poke|p1|Delphox, L50, F|\n|poke|p1|Whimsicott, L50, M|\n|poke|p1|Rotom-Wash, L50|\n|poke|p1|Garchomp, L50, M|\n|poke|p1|Incineroar, L50, M|\n|poke|p1|Farigiraf, L50, F|\n|poke|p2|Venusaur, L50, M, shiny|\n|poke|p2|Pelipper, L50, F, shiny|\n|poke|p2|Basculegion, L50, M|\n|poke|p2|Archaludon, L50, F|\n|poke|p2|Sneasler, L50, M|\n|poke|p2|Garchomp, L50, F|\n|teampreview|4\n|inactive|Battle timer is ON: inactive players will automatically lose when time's up. (requested by NotAShortKid232323)\n|inactive|thicc latina lover has 60 seconds left.\n|\n|t:|1776637210\n|teamsize|p1|4\n|teamsize|p2|4\n|start\n|switch|p1a: Whimsicott|Whimsicott, L50, M|100/100\n|switch|p1b: Delphox|Delphox, L50, F|100/100\n|switch|p2a: Venusaur|Venusaur, L50, M, shiny|100/100\n|switch|p2b: Pelipper|Pelipper, L50, F, shiny|100/100\n|-weather|RainDance|[from] ability: Drizzle|[of] p2b: Pelipper\n|turn|1\n|inactive|NotAShortKid232323 has 30 seconds left.\n|\n|t:|1776637236\n|detailschange|p1b: Delphox|Delphox-Mega, L50, F\n|-mega|p1b: Delphox|Delphox|Delphoxite\n|detailschange|p2a: Venusaur|Venusaur-Mega, L50, M, shiny\n|-mega|p2a: Venusaur|Venusaur|Venusaurite\n|move|p1b: Delphox|Protect|p1b: Delphox\n|-singleturn|p1b: Delphox|Protect\n|move|p1a: Whimsicott|Moonblast|p2b: Pelipper\n|-damage|p2b: Pelipper|44/100\n|move|p2b: Pelipper|Weather Ball|p1a: Whimsicott\n|-resisted|p1a: Whimsicott|1\n|-damage|p1a: Whimsicott|48/100\n|move|p2a: Venusaur|Leech Seed|p1b: Delphox\n|-activate|p1b: Delphox|move: Protect\n|\n|-weather|RainDance|[upkeep]\n|upkeep\n|turn|2\n|\n|t:|1776637253\n|switch|p2b: Archaludon|Archaludon, L50, F|100/100\n|move|p1b: Delphox|Psychic|p2a: Venusaur\n|-supereffective|p2a: Venusaur|1\n|-damage|p2a: Venusaur|36/100\n|move|p1a: Whimsicott|Moonblast|p2b: Archaludon\n|-damage|p2b: Archaludon|69/100\n|-ability|p2b: Archaludon|Stamina|boost\n|-boost|p2b: Archaludon|def|1\n|move|p2a: Venusaur|Leech Seed|p1b: Delphox\n|-start|p1b: Delphox|move: Leech Seed\n|\n|-weather|RainDance|[upkeep]\n|-heal|p2b: Archaludon|75/100|[from] item: Leftovers\n|-damage|p1b: Delphox|88/100|[from] Leech Seed|[of] p2a: Venusaur\n|-heal|p2a: Venusaur|46/100|[silent]\n|upkeep\n|turn|3\n|\n|t:|1776637278\n|move|p2a: Venusaur|Protect|p2a: Venusaur\n|-singleturn|p2a: Venusaur|Protect\n|move|p1a: Whimsicott|Fake Tears|p2b: Archaludon\n|-unboost|p2b: Archaludon|spd|2\n|move|p1b: Delphox|Heat Wave|p2b: Archaludon|[spread] p2b\n|-activate|p2a: Venusaur|move: Protect\n|-damage|p2b: Archaludon|38/100\n|-ability|p2b: Archaludon|Stamina|boost\n|-boost|p2b: Archaludon|def|1\n|move|p2b: Archaludon|Electro Shot||[still]\n|-prepare|p2b: Archaludon|Electro Shot\n|-boost|p2b: Archaludon|spa|1\n|-anim|p2b: Archaludon|Electro Shot|p1a: Whimsicott\n|-resisted|p1a: Whimsicott|1\n|-damage|p1a: Whimsicott|5/100\n|\n|-weather|RainDance|[upkeep]\n|-heal|p2b: Archaludon|44/100|[from] item: Leftovers\n|-damage|p1b: Delphox|75/100|[from] Leech Seed|[of] p2a: Venusaur\n|-heal|p2a: Venusaur|57/100|[silent]\n|upkeep\n|turn|4\n|inactive|NotAShortKid232323 has 30 seconds left.\n|inactive|thicc latina lover has 30 seconds left.\n|\n|t:|1776637306\n|switch|p2a: Pelipper|Pelipper, L50, F, shiny|44/100\n|move|p1b: Delphox|Psychic|p2a: Pelipper\n|-damage|p2a: Pelipper|0 fnt\n|faint|p2a: Pelipper\n|move|p1a: Whimsicott|Moonblast|p2b: Archaludon\n|-damage|p2b: Archaludon|0 fnt\n|faint|p2b: Archaludon\n|\n|-weather|RainDance|[upkeep]\n|upkeep\n|\n|t:|1776637310\n|switch|p2a: Venusaur|Venusaur-Mega, L50, M, shiny|57/100\n|switch|p2b: Basculegion|Basculegion, L50, M|100/100\n|turn|5\n|\n|t:|1776637320\n|switch|p1b: Rotom|Rotom-Wash, L50|100/100\n|move|p2b: Basculegion|Aqua Jet|p1b: Rotom\n|-resisted|p1b: Rotom|1\n|-damage|p1b: Rotom|77/100\n|move|p1a: Whimsicott|Tailwind|p1a: Whimsicott\n|-sidestart|p1: NotAShortKid232323|move: Tailwind\n|move|p2a: Venusaur|Sludge Bomb|p1a: Whimsicott\n|-supereffective|p1a: Whimsicott|2\n|-damage|p1a: Whimsicott|0 fnt\n|faint|p1a: Whimsicott\n|\n|-weather|none\n|upkeep\n|\n|t:|1776637334\n|switch|p1a: Garchomp|Garchomp, L50, M|100/100\n|turn|6\n|\n|t:|1776637343\n|move|p2b: Basculegion|Aqua Jet|p1a: Garchomp\n|-crit|p1a: Garchomp\n|-damage|p1a: Garchomp|61/100\n|-damage|p2b: Basculegion|88/100|[from] ability: Rough Skin|[of] p1a: Garchomp\n|move|p1a: Garchomp|Earthquake|p2a: Venusaur|[spread] p2a,p2b\n|-immune|p1b: Rotom|[from] ability: Levitate\n|-damage|p2a: Venusaur|21/100\n|-damage|p2b: Basculegion|35/100\n|move|p1b: Rotom|Thunderbolt|p2b: Basculegion\n|-supereffective|p2b: Basculegion|1\n|-crit|p2b: Basculegion\n|-damage|p2b: Basculegion|0 fnt\n|faint|p2b: Basculegion\n|move|p2a: Venusaur|Leech Seed|p1a: Garchomp\n|-start|p1a: Garchomp|move: Leech Seed\n|\n|-damage|p1a: Garchomp|49/100|[from] Leech Seed|[of] p2a: Venusaur\n|-heal|p2a: Venusaur|34/100|[silent]\n|upkeep\n|turn|7\n|\n|t:|1776637358\n|switch|p1a: Delphox|Delphox-Mega, L50, F|75/100\n|move|p2a: Venusaur|Protect|p2a: Venusaur\n|-singleturn|p2a: Venusaur|Protect\n|move|p1b: Rotom|Thunderbolt|p2a: Venusaur\n|-activate|p2a: Venusaur|move: Protect\n|\n|upkeep\n|turn|8\n|-message|thicc latina lover forfeited.\n|\n|win|NotAShortKid232323\n|raw|NotAShortKid232323's rating: 1326 &rarr; <strong>1351</strong><br />(+25 for winning)\n|raw|thicc latina lover's rating: 1412 &rarr; <strong>1387</strong><br />(-25 for losing)\n",
  "uploadtime": 1776637363,
  "views": 11,
  "formatid": "gen9championsvgc2026regma",
  "rating": 1351,
  "private": 0,
  "password": null
}