{
  "id": "gen9championsvgc2026regma-2588040193",
  "format": "[Gen 9 Champions] VGC 2026 Reg M-A",
  "players": [
    "plopy14",
    "GBVGC Superb7"
  ],
  "log": "|j|\u2606plopy14\n|j|\u2606GBVGC Superb7\n|html|<table width=\"100%\"><tr><td align=\"left\">plopy14</td><td align=\"right\">GBVGC Superb7</tr><tr><td align=\"left\"><i class=\"fa fa-circle\"></i> <i class=\"fa fa-circle-o\"></i> </td><td align=\"right\"><i class=\"fa fa-circle-o\"></i> <i class=\"fa fa-circle-o\"></i> </tr></table>\n|uhtml|bestof|<h2><strong>Game 2</strong> of <a href=\"/game-bestof3-gen9championsvgc2026regma-2588038834\">a best-of-3</a></h2>\n|t:|1776596753\n|gametype|doubles\n|player|p1|plopy14|bugcatcher|\n|player|p2|GBVGC Superb7|spark|\n|gen|9\n|tier|[Gen 9 Champions] VGC 2026 Reg M-A\n|rated|Tournament battle\n|rule|Species Clause: Limit one of each Pok\u00e9mon\n|rule|Item Clause: Limit 1 of each item\n|raw|<div class=\"infobox\"><details class=\"readmore\" open><summary><strong>2 custom rules:</strong></summary> Force Open Team Sheets, Best of = 3</details></div>\n|clearpoke\n|poke|p1|Charizard, L50, M|\n|poke|p1|Sinistcha, L50|\n|poke|p1|Sneasler, L50, F|\n|poke|p1|Ninetales-Alola, L50, M|\n|poke|p1|Kingambit, L50, M|\n|poke|p1|Rotom-Wash, L50|\n|poke|p2|Aerodactyl, L50, F, shiny|\n|poke|p2|Kingambit, L50, F|\n|poke|p2|Floette-Eternal, L50, F|\n|poke|p2|Ninetales-Alola, L50, F, shiny|\n|poke|p2|Sneasler, L50, F|\n|poke|p2|Basculegion, L50, M|\n|teampreview|4\n|showteam|p1|Charizard||CharizarditeX|Blaze|FlareBlitz,BreakingSwipe,DragonDance,Roost|||M|||50|]Sinistcha||SitrusBerry|Hospitality|MatchaGotcha,LifeDew,RagePowder,Protect||||||50|]Sneasler||WhiteHerb|Unburden|GunkShot,CloseCombat,FakeOut,Coaching|||F|||50|]Ninetales-Alola||NeverMeltIce|SnowWarning|Blizzard,FreezeDry,AuroraVeil,Protect|||M|||50|]Kingambit||FocusSash|Defiant|SuckerPunch,IronHead,LowKick,Protect|||M|||50|]Rotom-Wash||ChoiceScarf|Levitate|Electroweb,HydroPump,VoltSwitch,Trick||||||50|\n|showteam|p2|Aerodactyl||Aerodactylite|Unnerve|RockSlide,DualWingbeat,Tailwind,Protect|||F|||50|]Kingambit||BlackGlasses|Defiant|KowtowCleave,SuckerPunch,SwordsDance,Protect|||F|||50|]Floette-Eternal||Floettite|FlowerVeil|Moonblast,DazzlingGleam,LightofRuin,Protect|||F|||50|]Ninetales-Alola||FocusSash|SnowWarning|Blizzard,IcyWind,AuroraVeil,Protect|||F|||50|]Sneasler||WhiteHerb|Unburden|GunkShot,CloseCombat,FakeOut,Coaching|||F|||50|]Basculegion||SpellTag|Adaptability|WaveCrash,LastRespects,AquaJet,Protect|||M|||50|\n|j| mysticmarshtomp\n|j| Jamstiffer\n|j|@llefface\n|\n|t:|1776596811\n|teamsize|p1|4\n|teamsize|p2|4\n|start\n|switch|p1a: Ninetales|Ninetales-Alola, L50, M|100/100\n|switch|p1b: Sneasler|Sneasler, L50, F|100/100\n|switch|p2a: Longclaw|Sneasler, L50, F|100/100\n|switch|p2b: Cupid|Aerodactyl, L50, F, shiny|100/100\n|-ability|p2b: Cupid|Unnerve\n|-weather|Snowscape|[from] ability: Snow Warning|[of] p1a: Ninetales\n|turn|1\n|\n|t:|1776596830\n|move|p2a: Longclaw|Fake Out|p1a: Ninetales\n|-damage|p1a: Ninetales|89/100\n|move|p1b: Sneasler|Fake Out|p2b: Cupid\n|-resisted|p2b: Cupid|1\n|-damage|p2b: Cupid|91/100\n|cant|p2b: Cupid|flinch\n|cant|p1a: Ninetales|flinch\n|\n|-weather|Snowscape|[upkeep]\n|upkeep\n|turn|2\n|\n|t:|1776596848\n|detailschange|p2b: Cupid|Aerodactyl-Mega, L50, F, shiny\n|-mega|p2b: Cupid|Aerodactyl|Aerodactylite\n|move|p1a: Ninetales|Protect|p1a: Ninetales\n|-singleturn|p1a: Ninetales|Protect\n|move|p2b: Cupid|Tailwind|p2b: Cupid\n|-sidestart|p2: GBVGC Superb7|move: Tailwind\n|move|p2a: Longclaw|Gunk Shot|p1a: Ninetales\n|-activate|p1a: Ninetales|move: Protect\n|move|p1b: Sneasler|Close Combat|p2b: Cupid\n|-damage|p2b: Cupid|22/100\n|-unboost|p1b: Sneasler|def|1\n|-unboost|p1b: Sneasler|spd|1\n|-enditem|p1b: Sneasler|White Herb\n|-clearnegativeboost|p1b: Sneasler|[silent]\n|\n|-weather|Snowscape|[upkeep]\n|upkeep\n|turn|3\n|\n|t:|1776596868\n|move|p2b: Cupid|Dual Wingbeat|p1b: Sneasler\n|-supereffective|p1b: Sneasler|1\n|-damage|p1b: Sneasler|49/100\n|-supereffective|p1b: Sneasler|1\n|-crit|p1b: Sneasler\n|-damage|p1b: Sneasler|0 fnt\n|faint|p1b: Sneasler\n|-hitcount|p1: Sneasler|2\n|move|p2a: Longclaw|Gunk Shot|p1a: Ninetales\n|-supereffective|p1a: Ninetales|1\n|-damage|p1a: Ninetales|0 fnt\n|faint|p1a: Ninetales\n|\n|-weather|Snowscape|[upkeep]\n|upkeep\n|\n|t:|1776596877\n|switch|p1a: Kingambit|Kingambit, L50, M|100/100\n|switch|p1b: Charizard|Charizard, L50, M|100/100\n|turn|4\n|\n|t:|1776596887\n|detailschange|p1b: Charizard|Charizard-Mega-X, L50, M\n|-mega|p1b: Charizard|Charizard|Charizardite X\n|move|p1a: Kingambit|Sucker Punch|p2b: Cupid\n|-damage|p2b: Cupid|0 fnt\n|faint|p2b: Cupid\n|move|p2a: Longclaw|Close Combat|p1a: Kingambit\n|-supereffective|p1a: Kingambit|2\n|-enditem|p1a: Kingambit|Focus Sash\n|-damage|p1a: Kingambit|1/100\n|-unboost|p2a: Longclaw|def|1\n|-unboost|p2a: Longclaw|spd|1\n|-enditem|p2a: Longclaw|White Herb\n|-clearnegativeboost|p2a: Longclaw|[silent]\n|move|p1b: Charizard|Dragon Dance|p1b: Charizard\n|-boost|p1b: Charizard|atk|1\n|-boost|p1b: Charizard|spe|1\n|\n|-weather|Snowscape|[upkeep]\n|upkeep\n|\n|t:|1776596902\n|switch|p2b: Houndfish|Basculegion, L50, M|100/100\n|turn|5\n|\n|t:|1776596912\n|move|p1a: Kingambit|Sucker Punch|p2b: Houndfish\n|-supereffective|p2b: Houndfish|1\n|-damage|p2b: Houndfish|23/100\n|move|p2a: Longclaw|Coaching|p2b: Houndfish\n|-boost|p2b: Houndfish|atk|1\n|-boost|p2b: Houndfish|def|1\n|move|p2b: Houndfish|Last Respects|p1b: Charizard\n|-damage|p1b: Charizard|14/100\n|move|p1b: Charizard|Breaking Swipe|p2b: Houndfish|[spread] p2a,p2b\n|-damage|p2a: Longclaw|49/100\n|-damage|p2b: Houndfish|0 fnt\n|-unboost|p2a: Longclaw|atk|1\n|faint|p2b: Houndfish\n|\n|-weather|none\n|-sideend|p2: GBVGC Superb7|move: Tailwind\n|upkeep\n|\n|t:|1776596925\n|switch|p2b: Robespierre|Kingambit, L50, F|100/100\n|turn|6\n|\n|t:|1776596933\n|move|p2b: Robespierre|Sucker Punch||[still]\n|-fail|p2b: Robespierre\n|move|p2a: Longclaw|Close Combat|p1a: Kingambit\n|-supereffective|p1a: Kingambit|2\n|-damage|p1a: Kingambit|0 fnt\n|-unboost|p2a: Longclaw|def|1\n|-unboost|p2a: Longclaw|spd|1\n|faint|p1a: Kingambit\n|move|p1b: Charizard|Roost|p1b: Charizard\n|-heal|p1b: Charizard|64/100\n|-singleturn|p1b: Charizard|move: Roost\n|\n|upkeep\n|turn|7\n|\n|t:|1776596950\n|move|p2b: Robespierre|Sucker Punch|p1b: Charizard\n|-damage|p1b: Charizard|22/100\n|move|p2a: Longclaw|Coaching|p2b: Robespierre\n|-boost|p2b: Robespierre|atk|1\n|-boost|p2b: Robespierre|def|1\n|move|p1b: Charizard|Flare Blitz|p2b: Robespierre\n|-supereffective|p2b: Robespierre|1\n|-damage|p2b: Robespierre|0 fnt\n|faint|p2b: Robespierre\n|-damage|p1b: Charizard|0 fnt|[from] Recoil\n|faint|p1b: Charizard\n|\n|win|GBVGC Superb7\n||plopy14 is ready for game 3.\n|inactive|GBVGC Superb7 has 30 seconds to confirm battle start!\n||GBVGC Superb7 is ready for game 3.\n|uhtml|next|Next: <a href=\"/battle-gen9championsvgc2026regma-2588041685\"><strong>Game 3 of 3</strong></a>\n|l|@llefface\n|l| Jamstiffer\n|l| mysticmarshtomp\n",
  "uploadtime": 1776596950,
  "views": 15,
  "formatid": "gen9championsvgc2026regma",
  "rating": null,
  "private": 0,
  "password": null
}