{
  "id": "gen9championsvgc2026regma-2588317801",
  "format": "[Gen 9 Champions] VGC 2026 Reg M-A",
  "players": [
    "im baked bread",
    "BossgodoraII"
  ],
  "log": "|j|\u2606im baked bread\n|j|\u2606BossgodoraII\n|t:|1776623631\n|gametype|doubles\n|player|p1|im baked bread|cynthia-gen4|1375\n|player|p2|BossgodoraII|gentleman-gen4|1454\n|gen|9\n|tier|[Gen 9 Champions] VGC 2026 Reg M-A\n|rated|\n|rule|Species Clause: Limit one of each Pok\u00e9mon\n|rule|Item Clause: Limit 1 of each item\n|clearpoke\n|poke|p1|Charizard, L50, M|\n|poke|p1|Whimsicott, L50, M|\n|poke|p1|Sneasler, L50, M|\n|poke|p1|Farigiraf, L50, F|\n|poke|p1|Garchomp, L50, F|\n|poke|p1|Kingambit, L50, M|\n|poke|p2|Delphox, L50, M|\n|poke|p2|Floette-Eternal, L50, F|\n|poke|p2|Sneasler, L50, M|\n|poke|p2|Aerodactyl, L50, M|\n|poke|p2|Garchomp, L50, F|\n|poke|p2|Kingambit, L50, F|\n|teampreview|4\n|inactive|Battle timer is ON: inactive players will automatically lose when time's up. (requested by im baked bread)\nBossgodoraII rejected open team sheets.\n|inactive|im baked bread has 60 seconds left.\n|inactive|BossgodoraII has 60 seconds left.\n|\n|t:|1776623675\n|teamsize|p1|4\n|teamsize|p2|4\n|start\n|switch|p1a: Farigiraf|Farigiraf, L50, F|100/100\n|switch|p1b: Sneasler|Sneasler, L50, M|100/100\n|switch|p2a: Delphox|Delphox, L50, M|100/100\n|switch|p2b: Garchomp|Garchomp, L50, F|100/100\n|turn|1\n|\n|t:|1776623694\n|detailschange|p2a: Delphox|Delphox-Mega, L50, M\n|-mega|p2a: Delphox|Delphox|Delphoxite\n|move|p1b: Sneasler|Fake Out|p2b: Garchomp\n|-damage|p2b: Garchomp|86/100\n|-damage|p1b: Sneasler|88/100|[from] ability: Rough Skin|[of] p2b: Garchomp\n|move|p2a: Delphox|Flamethrower|p1a: Farigiraf\n|-damage|p1a: Farigiraf|42/100\n|-enditem|p1a: Farigiraf|Sitrus Berry|[eat]\n|-heal|p1a: Farigiraf|67/100|[from] item: Sitrus Berry\n|cant|p2b: Garchomp|flinch\n|move|p1a: Farigiraf|Hyper Voice|p2a: Delphox|[spread] p2a,p2b\n|-damage|p2a: Delphox|68/100\n|-damage|p2b: Garchomp|44/100\n|\n|upkeep\n|turn|2\n|inactive|im baked bread has 30 seconds left.\n|inactive|BossgodoraII has 30 seconds left.\n|inactive|BossgodoraII has 20 seconds left.\n|\n|t:|1776623729\n|move|p2a: Delphox|Psychic|p1b: Sneasler\n|-supereffective|p1b: Sneasler|2\n|-crit|p1b: Sneasler\n|-damage|p1b: Sneasler|0 fnt\n|faint|p1b: Sneasler\n|move|p2b: Garchomp|Earthquake|p1a: Farigiraf|[spread] p1a\n|-immune|p2a: Delphox|[from] ability: Levitate\n|-damage|p1a: Farigiraf|10/100\n|move|p1a: Farigiraf|Hyper Voice|p2a: Delphox|[spread] p2a,p2b\n|-damage|p2a: Delphox|37/100\n|-damage|p2b: Garchomp|8/100\n|\n|-activate|p1a: Farigiraf|ability: Cud Chew\n|-enditem|p1a: Farigiraf|Sitrus Berry|[eat]\n|-heal|p1a: Farigiraf|34/100|[from] item: Sitrus Berry\n|upkeep\n|\n|t:|1776623741\n|switch|p1b: Garchomp|Garchomp, L50, F|100/100\n|turn|3\n|\n|t:|1776623755\n|switch|p1a: Charizard|Charizard, L50, M|100/100\n|move|p1b: Garchomp|Dragon Claw|p2a: Delphox\n|-damage|p2a: Delphox|0 fnt\n|faint|p2a: Delphox\n|move|p2b: Garchomp|Earthquake|p1b: Garchomp|[spread] p1b\n|-immune|p1a: Charizard\n|-damage|p1b: Garchomp|54/100\n|\n|upkeep\n|\n|t:|1776623760\n|switch|p2a: Aerodactyl|Aerodactyl, L50, M|100/100\n|-ability|p2a: Aerodactyl|Unnerve\n|turn|4\n|\n|t:|1776623768\n|detailschange|p1a: Charizard|Charizard-Mega-Y, L50, M\n|-mega|p1a: Charizard|Charizard|Charizardite Y\n|-weather|SunnyDay|[from] ability: Drought|[of] p1a: Charizard\n|move|p1a: Charizard|Protect|p1a: Charizard\n|-singleturn|p1a: Charizard|Protect\n|move|p1b: Garchomp|Dragon Claw|p2b: Garchomp\n|-supereffective|p2b: Garchomp|1\n|-crit|p2b: Garchomp\n|-damage|p2b: Garchomp|0 fnt\n|-damage|p1b: Garchomp|42/100|[from] ability: Rough Skin|[of] p2b: Garchomp\n|faint|p2b: Garchomp\n|move|p2a: Aerodactyl|Tailwind|p2a: Aerodactyl\n|-sidestart|p2: BossgodoraII|move: Tailwind\n|\n|-weather|SunnyDay|[upkeep]\n|upkeep\n|\n|t:|1776623774\n|switch|p2b: Sneasler|Sneasler, L50, M|100/100\n|turn|5\n|\n|t:|1776623793\n|move|p2a: Aerodactyl|Rock Slide|p1a: Charizard|[spread] p1a,p1b\n|-supereffective|p1a: Charizard|2\n|-resisted|p1b: Garchomp|1\n|-damage|p1a: Charizard|0 fnt\n|-damage|p1b: Garchomp|31/100\n|faint|p1a: Charizard\n|move|p2b: Sneasler|Close Combat|p1b: Garchomp\n|-damage|p1b: Garchomp|0 fnt\n|-unboost|p2b: Sneasler|def|1\n|-unboost|p2b: Sneasler|spd|1\n|-damage|p2b: Sneasler|89/100|[from] ability: Rough Skin|[of] p1b: Garchomp\n|faint|p1b: Garchomp\n|-enditem|p2b: Sneasler|White Herb\n|-clearnegativeboost|p2b: Sneasler|[silent]\n|\n|-weather|SunnyDay|[upkeep]\n|upkeep\n|-message|im baked bread forfeited.\n|\n|win|BossgodoraII\n|raw|im baked bread's rating: 1375 &rarr; <strong>1359</strong><br />(-16 for losing)\n|raw|BossgodoraII's rating: 1454 &rarr; <strong>1470</strong><br />(+16 for winning)\n|l|\u2606im baked bread\n|player|p1|\n",
  "uploadtime": 1776624050,
  "views": 25,
  "formatid": "gen9championsvgc2026regma",
  "rating": 1359,
  "private": 0,
  "password": null
}