{
  "id": "gen9championsvgc2026regma-2581253243",
  "format": "[Gen 9 Champions] VGC 2026 Reg M-A",
  "players": [
    "lilJesus07",
    "Tindall64"
  ],
  "log": "|j|\u2606lilJesus07\n|j|\u2606Tindall64\n|t:|1775976721\n|gametype|doubles\n|player|p1|lilJesus07|brawly|1238\n|player|p2|Tindall64|ranmaru-conquest|1156\n|gen|9\n|tier|[Gen 9 Champions] VGC 2026 Reg M-A\n|rated|\n|rule|Species Clause: Limit one of each Pok\u00e9mon\n|rule|Item Clause: Limit 1 of each item\n|clearpoke\n|poke|p1|Corviknight, L50, M|\n|poke|p1|Arcanine-Hisui, L50, F|\n|poke|p1|Kommo-o, L50, M|\n|poke|p1|Drampa, L50, F|\n|poke|p1|Farigiraf, L50, M|\n|poke|p1|Sinistcha, L50|\n|poke|p2|Noivern, L50, F|\n|poke|p2|Farigiraf, L50, M|\n|poke|p2|Glimmora, L50, F|\n|poke|p2|Kingambit, L50, F|\n|poke|p2|Garchomp, L50, M|\n|poke|p2|Incineroar, L50, M|\n|teampreview|4\n|inactive|Battle timer is ON: inactive players will automatically lose when time's up. (requested by lilJesus07)\n|\n|t:|1775976751\n|teamsize|p1|4\n|teamsize|p2|4\n|start\n|switch|p1a: Sinistcha|Sinistcha, L50|100/100\n|switch|p1b: Kommo-o|Kommo-o, L50, M|100/100\n|switch|p2a: Noivern|Noivern, L50, F|100/100\n|switch|p2b: Glimmora|Glimmora, L50, F|100/100\n|turn|1\n|\n|t:|1775976768\n|switch|p1a: Arcanine|Arcanine-Hisui, L50, F, shiny|100/100\n|-ability|p1a: Arcanine|Intimidate|boost\n|-unboost|p2a: Noivern|atk|1\n|-unboost|p2b: Glimmora|atk|1\n|detailschange|p2b: Glimmora|Glimmora-Mega, L50, F\n|-mega|p2b: Glimmora|Glimmora|Glimmoranite\n|move|p1b: Kommo-o|Protect|p1b: Kommo-o\n|-singleturn|p1b: Kommo-o|Protect\n|move|p2a: Noivern|Tailwind|p2a: Noivern\n|-sidestart|p2: Tindall64|move: Tailwind\n|move|p2b: Glimmora|Sludge Wave|p1a: Arcanine|[spread] p1a\n|-activate|p1b: Kommo-o|move: Protect\n|-activate|p2a: Noivern|ability: Telepathy\n|-resisted|p1a: Arcanine|1\n|-damage|p1a: Arcanine|66/100\n|\n|upkeep\n|turn|2\n|\n|t:|1775976793\n|switch|p1b: Corviknight|Corviknight, L50, M, shiny|100/100\n|move|p2a: Noivern|Air Slash|p1b: Corviknight\n|-resisted|p1b: Corviknight|1\n|-damage|p1b: Corviknight|84/100\n|move|p2b: Glimmora|Power Gem|p1a: Arcanine\n|-supereffective|p1a: Arcanine|1\n|-damage|p1a: Arcanine|0 fnt\n|faint|p1a: Arcanine\n|\n|upkeep\n|\n|t:|1775976804\n|switch|p1a: Sinistcha|Sinistcha, L50|100/100\n|-heal|p1b: Corviknight|100/100|[from] ability: Hospitality|[of] p1a: Sinistcha\n|turn|3\n|\n|t:|1775976816\n|switch|p1a: Kommo-o|Kommo-o, L50, M|100/100\n|move|p2a: Noivern|Air Slash|p1a: Kommo-o\n|-supereffective|p1a: Kommo-o|1\n|-damage|p1a: Kommo-o|38/100\n|move|p2b: Glimmora|Power Gem|p1b: Corviknight\n|-damage|p1b: Corviknight|38/100\n|-enditem|p1b: Corviknight|Sitrus Berry|[eat]\n|-heal|p1b: Corviknight|63/100|[from] item: Sitrus Berry\n|move|p1b: Corviknight|Tailwind|p1b: Corviknight\n|-sidestart|p1: lilJesus07|move: Tailwind\n|\n|-heal|p1a: Kommo-o|44/100|[from] item: Leftovers\n|upkeep\n|turn|4\n|inactive|Tindall64 has 30 seconds left.\n|inactive|Tindall64 has 20 seconds left.\n|\n|t:|1775976853\n|switch|p1b: Sinistcha|Sinistcha, L50|100/100\n|-heal|p1a: Kommo-o|69/100|[from] ability: Hospitality|[of] p1b: Sinistcha\n|move|p2a: Noivern|Air Slash|p1a: Kommo-o\n|-supereffective|p1a: Kommo-o|1\n|-damage|p1a: Kommo-o|15/100\n|move|p2b: Glimmora|Power Gem|p1b: Sinistcha\n|-damage|p1b: Sinistcha|18/100\n|move|p1a: Kommo-o|Clangorous Soul||[still]\n|-fail|p1a: Kommo-o\n|\n|-heal|p1a: Kommo-o|21/100|[from] item: Leftovers\n|-sideend|p2: Tindall64|move: Tailwind\n|upkeep\n|turn|5\n|\n|t:|1775976867\n|move|p1a: Kommo-o|Clanging Scales|p2a: Noivern|[spread] p2a,p2b\n|-supereffective|p2a: Noivern|1\n|-damage|p2a: Noivern|21/100\n|-damage|p2b: Glimmora|66/100\n|-unboost|p1a: Kommo-o|def|1\n|move|p2a: Noivern|Tailwind|p2a: Noivern\n|-sidestart|p2: Tindall64|move: Tailwind\n|move|p2b: Glimmora|Sludge Wave|p1b: Sinistcha|[spread] p1a,p1b\n|-activate|p2a: Noivern|ability: Telepathy\n|-damage|p1a: Kommo-o|0 fnt\n|-damage|p1b: Sinistcha|0 fnt\n|faint|p1a: Kommo-o\n|faint|p1b: Sinistcha\n|\n|upkeep\n|-message|lilJesus07 forfeited.\n|\n|win|Tindall64\n|raw|lilJesus07's rating: 1238 &rarr; <strong>1207</strong><br />(-31 for losing)\n|raw|Tindall64's rating: 1156 &rarr; <strong>1187</strong><br />(+31 for winning)\n|l|\u2606lilJesus07\n|player|p1|\n",
  "uploadtime": 1775976975,
  "views": 15,
  "formatid": "gen9championsvgc2026regma",
  "rating": 1187,
  "private": 0,
  "password": null
}