{
  "id": "gen9championsvgc2026regma-2580595657",
  "format": "[Gen 9 Champions] VGC 2026 Reg M-A",
  "players": [
    "ShashKetchum",
    "KeyKanon"
  ],
  "log": "|j|\u2606ShashKetchum\n|j|\u2606KeyKanon\n|t:|1775916477\n|gametype|doubles\n|player|p1|ShashKetchum|rocketgrunt|1058\n|player|p2|KeyKanon|guitarist|1118\n|gen|9\n|tier|[Gen 9 Champions] VGC 2026 Reg M-A\n|rated|\n|rule|Species Clause: Limit one of each Pok\u00e9mon\n|rule|Item Clause: Limit 1 of each item\n|clearpoke\n|poke|p1|Politoed, L50, M|\n|poke|p1|Scizor, L50, F|\n|poke|p1|Corviknight, L50, M|\n|poke|p1|Dragapult, L50, F|\n|poke|p1|Sneasler, L50, M|\n|poke|p1|Gyarados, L50, M|\n|poke|p2|Crabominable, L50, M|\n|poke|p2|Chandelure, L50, F|\n|poke|p2|Sinistcha, L50|\n|poke|p2|Kingambit, L50, M|\n|poke|p2|Tinkaton, L50, F|\n|poke|p2|Tyranitar, L50, M|\n|teampreview|4\n|\n|t:|1775916518\n|teamsize|p1|4\n|teamsize|p2|4\n|start\n|switch|p1a: Dragapult|Dragapult, L50, F|100/100\n|switch|p1b: Corviknight|Corviknight, L50, M|100/100\n|switch|p2a: Crabominable|Crabominable, L50, M|100/100\n|switch|p2b: Sinistcha|Sinistcha, L50|100/100\n|turn|1\n|\n|t:|1775916540\n|detailschange|p2a: Crabominable|Crabominable-Mega, L50, M\n|-mega|p2a: Crabominable|Crabominable|Crabominite\n|move|p2a: Crabominable|Protect|p2a: Crabominable\n|-singleturn|p2a: Crabominable|Protect\n|move|p1a: Dragapult|Dragon Darts|p2b: Sinistcha\n|-damage|p2b: Sinistcha|76/100\n|-anim|p1a: Dragapult|Dragon Darts|p2b: Sinistcha\n|-damage|p2b: Sinistcha|56/100\n|move|p1b: Corviknight|Brave Bird|p2a: Crabominable\n|-activate|p2a: Crabominable|move: Protect\n|move|p2b: Sinistcha|Trick Room|p2b: Sinistcha\n|-fieldstart|move: Trick Room|[of] p2b: Sinistcha\n|\n|upkeep\n|turn|2\n|\n|t:|1775916566\n|move|p1b: Corviknight|Protect|p1b: Corviknight\n|-singleturn|p1b: Corviknight|Protect\n|move|p2b: Sinistcha|Rage Powder|p2b: Sinistcha\n|-singleturn|p2b: Sinistcha|move: Rage Powder\n|move|p2a: Crabominable|Ice Hammer|p1a: Dragapult\n|-supereffective|p1a: Dragapult|1\n|-crit|p1a: Dragapult\n|-damage|p1a: Dragapult|0 fnt\n|-unboost|p2a: Crabominable|spe|1\n|faint|p1a: Dragapult\n|\n|upkeep\n|\n|t:|1775916582\n|switch|p1a: Politoed|Politoed, L50, M|100/100\n|-weather|RainDance|[from] ability: Drizzle|[of] p1a: Politoed\n|turn|3\n|\n|t:|1775916598\n|move|p1a: Politoed|Protect|p1a: Politoed\n|-singleturn|p1a: Politoed|Protect\n|move|p2a: Crabominable|Ice Hammer|p1b: Corviknight\n|-damage|p1b: Corviknight|48/100\n|-unboost|p2a: Crabominable|spe|1\n|move|p2b: Sinistcha|Matcha Gotcha|p1b: Corviknight|[spread] p1b\n|-activate|p1a: Politoed|move: Protect\n|-resisted|p1b: Corviknight|2\n|-damage|p1b: Corviknight|40/100\n|-heal|p2b: Sinistcha|61/100|[from] drain|[of] p1b: Corviknight\n|-status|p1b: Corviknight|brn\n|move|p1b: Corviknight|Brave Bird|p2a: Crabominable\n|-supereffective|p2a: Crabominable|1\n|-damage|p2a: Crabominable|74/100\n|-damage|p1b: Corviknight|32/100 brn|[from] Recoil\n|\n|-weather|RainDance|[upkeep]\n|-damage|p1b: Corviknight|26/100 brn|[from] brn\n|upkeep\n|turn|4\n|\n|t:|1775916638\n|switch|p1a: Sneasler|Sneasler, L50, M|100/100\n|move|p2a: Crabominable|Drain Punch|p1a: Sneasler\n|-resisted|p1a: Sneasler|1\n|-damage|p1a: Sneasler|52/100\n|-heal|p2a: Crabominable|93/100|[from] drain|[of] p1a: Sneasler\n|move|p2b: Sinistcha|Matcha Gotcha|p1b: Corviknight|[spread] p1a,p1b\n|-resisted|p1a: Sneasler|1\n|-resisted|p1b: Corviknight|2\n|-damage|p1a: Sneasler|31/100\n|-heal|p2b: Sinistcha|70/100|[from] drain|[of] p1a: Sneasler\n|-damage|p1b: Corviknight|18/100 brn\n|-heal|p2b: Sinistcha|74/100|[from] drain|[of] p1b: Corviknight\n|-status|p1a: Sneasler|brn\n|move|p1b: Corviknight|Tailwind|p1b: Corviknight\n|-sidestart|p1: ShashKetchum|move: Tailwind\n|\n|-weather|RainDance|[upkeep]\n|-damage|p1b: Corviknight|12/100 brn|[from] brn\n|-damage|p1a: Sneasler|26/100 brn|[from] brn\n|upkeep\n|turn|5\n|\n|t:|1775916667\n|move|p2a: Crabominable|Mach Punch|p1a: Sneasler\n|-resisted|p1a: Sneasler|1\n|-damage|p1a: Sneasler|0 fnt\n|faint|p1a: Sneasler\n|move|p2b: Sinistcha|Matcha Gotcha|p1b: Corviknight\n|-resisted|p1b: Corviknight|2\n|-damage|p1b: Corviknight|1/100 brn\n|-heal|p2b: Sinistcha|80/100|[from] drain|[of] p1b: Corviknight\n|move|p1b: Corviknight|Brave Bird|p2a: Crabominable\n|-supereffective|p2a: Crabominable|1\n|-damage|p2a: Crabominable|66/100\n|-damage|p1b: Corviknight|0 fnt|[from] Recoil\n|faint|p1b: Corviknight\n|\n|-weather|RainDance|[upkeep]\n|-fieldend|move: Trick Room\n|upkeep\n|\n|t:|1775916685\n|switch|p1b: Politoed|Politoed, L50, M|100/100\n|turn|6\n|\n|t:|1775916694\n|move|p1b: Politoed|Hydro Pump|p2b: Sinistcha\n|-resisted|p2b: Sinistcha|1\n|-damage|p2b: Sinistcha|50/100\n|-enditem|p2b: Sinistcha|Sitrus Berry|[eat]\n|-heal|p2b: Sinistcha|75/100|[from] item: Sitrus Berry\n|move|p2a: Crabominable|Drain Punch|p1b: Politoed\n|-damage|p1b: Politoed|35/100\n|-heal|p2a: Crabominable|98/100|[from] drain|[of] p1b: Politoed\n|-enditem|p1b: Politoed|Sitrus Berry|[eat]\n|-heal|p1b: Politoed|60/100|[from] item: Sitrus Berry\n|move|p2b: Sinistcha|Trick Room|p2b: Sinistcha\n|-fieldstart|move: Trick Room|[of] p2b: Sinistcha\n|\n|-weather|RainDance|[upkeep]\n|upkeep\n|turn|7\n|\n|t:|1775916709\n|move|p2a: Crabominable|Drain Punch|p1b: Politoed\n|-damage|p1b: Politoed|0 fnt\n|-heal|p2a: Crabominable|100/100|[from] drain|[of] p1b: Politoed\n|faint|p1b: Politoed\n|\n|win|KeyKanon\n|raw|ShashKetchum's rating: 1058 &rarr; <strong>1042</strong><br />(-16 for losing)\n|raw|KeyKanon's rating: 1118 &rarr; <strong>1139</strong><br />(+21 for winning)\n",
  "uploadtime": 1775916716,
  "views": 19,
  "formatid": "gen9championsvgc2026regma",
  "rating": 1042,
  "private": 0,
  "password": null
}