{
  "id": "gen9championsvgc2026regma-2587702882",
  "format": "[Gen 9 Champions] VGC 2026 Reg M-A",
  "players": [
    "Radagui95",
    "Caligula21z"
  ],
  "log": "|j|\u2606Radagui95\n|j|\u2606Caligula21z\n|t:|1776555484\n|gametype|doubles\n|player|p1|Radagui95|101|1056\n|player|p2|Caligula21z|102|1057\n|gen|9\n|tier|[Gen 9 Champions] VGC 2026 Reg M-A\n|rated|\n|rule|Species Clause: Limit one of each Pok\u00e9mon\n|rule|Item Clause: Limit 1 of each item\n|clearpoke\n|poke|p1|Trevenant, L50, F, shiny|\n|poke|p1|Aerodactyl, L50, M|\n|poke|p1|Charizard, L50, F, shiny|\n|poke|p1|Sneasler, L50, M|\n|poke|p1|Gengar, L50, M|\n|poke|p1|Archaludon, L50, M, shiny|\n|poke|p2|Azumarill, L50, F, shiny|\n|poke|p2|Farigiraf, L50, M|\n|poke|p2|Incineroar, L50, M|\n|poke|p2|Pelipper, L50, F|\n|poke|p2|Rotom-Wash, L50|\n|poke|p2|Garchomp, L50, M|\n|teampreview|4\n|inactive|Battle timer is ON: inactive players will automatically lose when time's up. (requested by Radagui95)\n|\n|t:|1776555534\n|teamsize|p1|4\n|teamsize|p2|4\n|start\n|switch|p1a: Archaludon|Archaludon, L50, M, shiny|100/100\n|switch|p1b: Trevenant|Trevenant, L50, F, shiny|100/100\n|switch|p2a: Farigiraf|Farigiraf, L50, M|100/100\n|switch|p2b: Incineroar|Incineroar, L50, M|100/100\n|-ability|p2b: Incineroar|Intimidate|boost\n|-unboost|p1a: Archaludon|atk|1\n|-unboost|p1b: Trevenant|atk|1\n|turn|1\n|inactive|Radagui95 has 30 seconds left.\n|inactive|Radagui95 has 20 seconds left.\n|inactive|Caligula21z has 30 seconds left.\n|\n|t:|1776555571\n|move|p1a: Archaludon|Thunderbolt|p2b: Incineroar\n|-damage|p2b: Incineroar|69/100\n|move|p1b: Trevenant|Leech Seed|p2b: Incineroar\n|-start|p2b: Incineroar|move: Leech Seed\n|move|p2b: Incineroar|Parting Shot|p1a: Archaludon\n|-unboost|p1a: Archaludon|atk|1\n|-unboost|p1a: Archaludon|spa|1\n|\n|t:|1776555579\n|switch|p2b: Garchomp|Garchomp, L50, M|100/100|[from] Parting Shot\n|move|p2a: Farigiraf|Trick Room|p2a: Farigiraf\n|-fieldstart|move: Trick Room|[of] p2a: Farigiraf\n|\n|upkeep\n|turn|2\n|\n|t:|1776555596\n|move|p2a: Farigiraf|Helping Hand|p2b: Garchomp\n|-singleturn|p2b: Garchomp|Helping Hand|[of] p2a: Farigiraf\n|move|p1a: Archaludon|Protect|p1a: Archaludon\n|-singleturn|p1a: Archaludon|Protect\n|move|p1b: Trevenant|Will-O-Wisp|p2b: Garchomp\n|-status|p2b: Garchomp|brn\n|move|p2b: Garchomp|Dragon Claw|p1a: Archaludon\n|-activate|p1a: Archaludon|move: Protect\n|\n|-damage|p2b: Garchomp|94/100 brn|[from] brn\n|upkeep\n|turn|3\n|inactive|Radagui95 has 30 seconds left.\n|\n|t:|1776555622\n|switch|p1a: Aerodactyl|Aerodactyl, L50, M|100/100\n|move|p2a: Farigiraf|Helping Hand|p2b: Garchomp\n|-singleturn|p2b: Garchomp|Helping Hand|[of] p2a: Farigiraf\n|move|p1b: Trevenant|Leech Seed|p2a: Farigiraf\n|-start|p2a: Farigiraf|move: Leech Seed\n|move|p2b: Garchomp|Dragon Claw|p1a: Aerodactyl\n|-crit|p1a: Aerodactyl\n|-damage|p1a: Aerodactyl|43/100\n|\n|-damage|p2a: Farigiraf|88/100|[from] Leech Seed|[of] p1b: Trevenant\n|-damage|p2b: Garchomp|88/100 brn|[from] brn\n|upkeep\n|turn|4\n|inactive|Caligula21z has 30 seconds left.\n|\n|t:|1776555649\n|switch|p2a: Incineroar|Incineroar, L50, M|69/100\n|-ability|p2a: Incineroar|Intimidate|boost\n|-unboost|p1a: Aerodactyl|atk|1\n|-unboost|p1b: Trevenant|atk|1\n|detailschange|p2b: Garchomp|Garchomp-Mega, L50, M\n|-mega|p2b: Garchomp|Garchomp|Garchompite\n|move|p1a: Aerodactyl|Protect|p1a: Aerodactyl\n|-singleturn|p1a: Aerodactyl|Protect\n|move|p1b: Trevenant|Leech Seed|p2b: Garchomp\n|-start|p2b: Garchomp|move: Leech Seed\n|move|p2b: Garchomp|Iron Head|p1a: Aerodactyl\n|-activate|p1a: Aerodactyl|move: Protect\n|\n|-damage|p2b: Garchomp|76/100 brn|[from] Leech Seed|[of] p1b: Trevenant\n|-damage|p2b: Garchomp|69/100 brn|[from] brn\n|upkeep\n|turn|5\n|inactive|Radagui95 has 30 seconds left.\n|\n|t:|1776555674\n|switch|p1a: Archaludon|Archaludon, L50, M, shiny|100/100\n|move|p1b: Trevenant|Protect|p1b: Trevenant\n|-singleturn|p1b: Trevenant|Protect\n|move|p2a: Incineroar|Fake Out|p1b: Trevenant\n|-activate|p1b: Trevenant|move: Protect\n|move|p2b: Garchomp|Iron Head|p1a: Archaludon\n|-resisted|p1a: Archaludon|1\n|-damage|p1a: Archaludon|93/100\n|-ability|p1a: Archaludon|Stamina|boost\n|-boost|p1a: Archaludon|def|1\n|\n|-heal|p1a: Archaludon|99/100|[from] item: Leftovers\n|-damage|p2b: Garchomp|57/100 brn|[from] Leech Seed|[of] p1b: Trevenant\n|-damage|p2b: Garchomp|51/100 brn|[from] brn\n|-fieldend|move: Trick Room\n|upkeep\n|turn|6\n|\n|t:|1776555690\n|move|p2b: Garchomp|Dragon Claw|p1a: Archaludon\n|-damage|p1a: Archaludon|87/100\n|-ability|p1a: Archaludon|Stamina|boost\n|-boost|p1a: Archaludon|def|1\n|move|p1a: Archaludon|Thunderbolt|p2a: Incineroar\n|-damage|p2a: Incineroar|40/100\n|-status|p2a: Incineroar|par\n|-enditem|p2a: Incineroar|Sitrus Berry|[eat]\n|-heal|p2a: Incineroar|65/100 par|[from] item: Sitrus Berry\n|move|p1b: Trevenant|Leech Seed|p2a: Incineroar\n|-start|p2a: Incineroar|move: Leech Seed\n|move|p2a: Incineroar|Flare Blitz|p1b: Trevenant\n|-supereffective|p1b: Trevenant|1\n|-damage|p1b: Trevenant|0 fnt\n|faint|p1b: Trevenant\n|-damage|p2a: Incineroar|37/100 par|[from] Recoil\n|\n|-heal|p1a: Archaludon|93/100|[from] item: Leftovers\n|-damage|p2b: Garchomp|45/100 brn|[from] brn\n|upkeep\n|-message|Caligula21z forfeited.\n|\n|win|Radagui95\n|raw|Radagui95's rating: 1056 &rarr; <strong>1088</strong><br />(+32 for winning)\n|raw|Caligula21z's rating: 1057 &rarr; <strong>1038</strong><br />(-19 for losing)\n|l|\u2606Caligula21z\n|player|p2|\n",
  "uploadtime": 1776555723,
  "views": 17,
  "formatid": "gen9championsvgc2026regma",
  "rating": 1038,
  "private": 0,
  "password": null
}