{
  "id": "gen9championsvgc2026regma-2582614330",
  "format": "[Gen 9 Champions] VGC 2026 Reg M-A",
  "players": [
    "Rockletz",
    "inthebrain"
  ],
  "log": "|j|\u2606Rockletz\n|j|\u2606inthebrain\n|t:|1776102723\n|gametype|doubles\n|player|p1|Rockletz|hilda-wonderlauncher|1082\n|player|p2|inthebrain|rika|1122\n|gen|9\n|tier|[Gen 9 Champions] VGC 2026 Reg M-A\n|rated|\n|rule|Species Clause: Limit one of each Pok\u00e9mon\n|rule|Item Clause: Limit 1 of each item\n|clearpoke\n|poke|p1|Gengar, L50, F|\n|poke|p1|Incineroar, L50, F|\n|poke|p1|Politoed, L50, M|\n|poke|p1|Sinistcha, L50|\n|poke|p1|Basculegion, L50, M|\n|poke|p1|Archaludon, L50, M|\n|poke|p2|Vivillon, L50, F|\n|poke|p2|Gengar, L50, M|\n|poke|p2|Dragapult, L50, M|\n|poke|p2|Garchomp, L50, M|\n|poke|p2|Ninetales-Alola, L50, M|\n|poke|p2|Incineroar, L50, F|\n|teampreview|4\n|inactive|Battle timer is ON: inactive players will automatically lose when time's up. (requested by inthebrain)\n|inactive|Rockletz has 60 seconds left.\n|\n|t:|1776102775\n|teamsize|p1|4\n|teamsize|p2|4\n|start\n|switch|p1a: Archaludon|Archaludon, L50, M|100/100\n|switch|p1b: Politoed|Politoed, L50, M|100/100\n|switch|p2a: Vivillon|Vivillon, L50, F, shiny|100/100\n|switch|p2b: Dragapult|Dragapult, L50, M, shiny|100/100\n|-weather|RainDance|[from] ability: Drizzle|[of] p1b: Politoed\n|turn|1\n|inactive|Rockletz has 30 seconds left.\n|inactive|inthebrain has 30 seconds left.\n|\n|t:|1776102805\n|move|p1a: Archaludon|Protect|p1a: Archaludon\n|-singleturn|p1a: Archaludon|Protect\n|move|p2b: Dragapult|Phantom Force||[still]\n|-prepare|p2b: Dragapult|Phantom Force\n|move|p2a: Vivillon|Sleep Powder|p1a: Archaludon\n|-activate|p1a: Archaludon|move: Protect\n|move|p1b: Politoed|Perish Song|p1b: Politoed\n|-start|p1a: Archaludon|perish3|[silent]\n|-start|p1b: Politoed|perish3|[silent]\n|-start|p2a: Vivillon|perish3|[silent]\n|-miss|p1b: Politoed|p2b: Dragapult\n|-fieldactivate|move: Perish Song\n|\n|-weather|RainDance|[upkeep]\n|-start|p2a: Vivillon|perish3\n|-start|p1a: Archaludon|perish3\n|-start|p1b: Politoed|perish3\n|upkeep\n|turn|2\n|inactive|Rockletz has 30 seconds left.\n|inactive|Rockletz has 20 seconds left.\n|inactive|Rockletz has 15 seconds left.\n|\n|t:|1776102849\n|switch|p2a: Ninetales|Ninetales-Alola, L50, M, shiny|100/100\n|-weather|Snowscape|[from] ability: Snow Warning|[of] p2a: Ninetales\n|move|p2b: Dragapult|Phantom Force|p1b: Politoed|[from] lockedmove\n|-damage|p1b: Politoed|53/100\n|move|p1a: Archaludon|Electro Shot||[still]\n|-prepare|p1a: Archaludon|Electro Shot\n|-boost|p1a: Archaludon|spa|1\n|move|p1b: Politoed|Weather Ball|p2a: Ninetales\n|-resisted|p2a: Ninetales|1\n|-damage|p2a: Ninetales|89/100\n|\n|-weather|Snowscape|[upkeep]\n|-start|p1a: Archaludon|perish2\n|-start|p1b: Politoed|perish2\n|upkeep\n|turn|3\n|inactive|Rockletz has 30 seconds left.\n|inactive|Rockletz has 20 seconds left.\n|inactive|Rockletz has 15 seconds left.\n|inactive|Rockletz has 10 seconds left.\n|\n|t:|1776102896\n|move|p2b: Dragapult|Phantom Force||[still]\n|-prepare|p2b: Dragapult|Phantom Force\n|move|p2a: Ninetales|Blizzard|p1b: Politoed|[spread] p1a,p1b\n|-resisted|p1b: Politoed|1\n|-damage|p1a: Archaludon|67/100\n|-damage|p1b: Politoed|43/100\n|-enditem|p1b: Politoed|Sitrus Berry|[eat]\n|-heal|p1b: Politoed|68/100|[from] item: Sitrus Berry\n|move|p1a: Archaludon|Electro Shot|p2a: Ninetales|[from] lockedmove\n|-damage|p2a: Ninetales|15/100\n|move|p1b: Politoed|Weather Ball|p2b: Dragapult|[miss]\n|-miss|p1b: Politoed|p2b: Dragapult\n|\n|-weather|Snowscape|[upkeep]\n|-start|p1a: Archaludon|perish1\n|-start|p1b: Politoed|perish1\n|upkeep\n|turn|4\n|inactive|Rockletz has 30 seconds left.\n|\n|t:|1776102927\n|switch|p1a: Basculegion|Basculegion, L50, M|100/100\n|move|p2a: Ninetales|Protect|p2a: Ninetales\n|-singleturn|p2a: Ninetales|Protect\n|move|p2b: Dragapult|Phantom Force|p1a: Basculegion|[from] lockedmove\n|-supereffective|p1a: Basculegion|1\n|-damage|p1a: Basculegion|0 fnt\n|faint|p1a: Basculegion\n|move|p1b: Politoed|Weather Ball|p2b: Dragapult\n|-supereffective|p2b: Dragapult|1\n|-damage|p2b: Dragapult|37/100\n|\n|-weather|Snowscape|[upkeep]\n|-start|p1b: Politoed|perish0\n|faint|p1b: Politoed\n|upkeep\n|\n|t:|1776102944\n|switch|p1a: Archaludon|Archaludon, L50, M|67/100\n|switch|p1b: Gengar|Gengar, L50, F|100/100\n|turn|5\n|\n|t:|1776102960\n|detailschange|p1b: Gengar|Gengar-Mega, L50, F\n|-mega|p1b: Gengar|Gengar|Gengarite\n|move|p2b: Dragapult|Phantom Force||[still]\n|-prepare|p2b: Dragapult|Phantom Force\n|move|p1b: Gengar|Shadow Ball|p2a: Ninetales\n|-damage|p2a: Ninetales|0 fnt\n|faint|p2a: Ninetales\n|move|p1a: Archaludon|Aura Sphere|p2b: Dragapult|[miss]\n|-miss|p1a: Archaludon|p2b: Dragapult\n|\n|-weather|Snowscape|[upkeep]\n|upkeep\n|\n|t:|1776102968\n|switch|p2a: Garchomp|Garchomp, L50, M|100/100\n|turn|6\n|\n|t:|1776102976\n|move|p1b: Gengar|Protect|p1b: Gengar\n|-singleturn|p1b: Gengar|Protect\n|move|p2a: Garchomp|Earthquake|p1a: Archaludon|[spread] p1a\n|-miss|p2a: Garchomp|p2b: Dragapult\n|-activate|p1b: Gengar|move: Protect\n|-supereffective|p1a: Archaludon|1\n|-damage|p1a: Archaludon|12/100\n|move|p2b: Dragapult|Phantom Force|p1b: Gengar|[from] lockedmove\n|-activate|p1b: Gengar|move: Phantom Force|[broken]\n|-supereffective|p1b: Gengar|1\n|-damage|p1b: Gengar|0 fnt\n|faint|p1b: Gengar\n|move|p1a: Archaludon|Draco Meteor|p2a: Garchomp\n|-supereffective|p2a: Garchomp|1\n|-damage|p2a: Garchomp|0 fnt\n|-unboost|p1a: Archaludon|spa|2\n|faint|p2a: Garchomp\n|-enditem|p1a: Archaludon|White Herb\n|-clearnegativeboost|p1a: Archaludon|[silent]\n|\n|-weather|none\n|upkeep\n|\n|t:|1776102983\n|switch|p2a: Vivillon|Vivillon, L50, F, shiny|100/100\n|turn|7\n|-message|Rockletz forfeited.\n|\n|win|inthebrain\n|raw|Rockletz's rating: 1082 &rarr; <strong>1062</strong><br />(-20 for losing)\n|raw|inthebrain's rating: 1122 &rarr; <strong>1144</strong><br />(+22 for winning)\n|l|\u2606Rockletz\n|player|p1|\n",
  "uploadtime": 1776102994,
  "views": 43,
  "formatid": "gen9championsvgc2026regma",
  "rating": 1062,
  "private": 0,
  "password": null
}