{
  "id": "gen9championsvgc2026regma-2580981090",
  "format": "[Gen 9 Champions] VGC 2026 Reg M-A",
  "players": [
    "Ma Balls OMEGALOL",
    "Joe15g"
  ],
  "log": "|j|\u2606Ma Balls OMEGALOL\n|j|\u2606Joe15g\n|t:|1775948734\n|gametype|doubles\n|player|p1|Ma Balls OMEGALOL|169|1030\n|player|p2|Joe15g|102|1088\n|gen|9\n|tier|[Gen 9 Champions] VGC 2026 Reg M-A\n|rated|\n|rule|Species Clause: Limit one of each Pok\u00e9mon\n|rule|Item Clause: Limit 1 of each item\n|clearpoke\n|poke|p1|Vivillon-High Plains, L50, M|\n|poke|p1|Diggersby, L50, M|\n|poke|p1|Torkoal, L50, M|\n|poke|p1|Corviknight, L50, F|\n|poke|p1|Vaporeon, L50, F|\n|poke|p1|Venusaur, L50, M|\n|poke|p2|Aegislash, L50, M|\n|poke|p2|Incineroar, L50, M|\n|poke|p2|Milotic, L50, M|\n|poke|p2|Sneasler, L50, F|\n|poke|p2|Gardevoir, L50, F|\n|poke|p2|Vivillon, L50, M|\n|teampreview|4\n|\n|t:|1775948760\n|teamsize|p1|4\n|teamsize|p2|4\n|start\n|switch|p1a: Vivillon|Vivillon-High Plains, L50, M|100/100\n|switch|p1b: Diggersby|Diggersby, L50, M|100/100\n|switch|p2a: Incineroar|Incineroar, L50, M|100/100\n|switch|p2b: Vivillon|Vivillon, L50, M|100/100\n|-ability|p2a: Incineroar|Intimidate|boost\n|-unboost|p1a: Vivillon|atk|1\n|-unboost|p1b: Diggersby|atk|1\n|turn|1\n|\n|t:|1775948776\n|move|p1a: Vivillon|Protect|p1a: Vivillon\n|-singleturn|p1a: Vivillon|Protect\n|move|p1b: Diggersby|Protect|p1b: Diggersby\n|-singleturn|p1b: Diggersby|Protect\n|move|p2a: Incineroar|Fake Out|p1a: Vivillon\n|-activate|p1a: Vivillon|move: Protect\n|move|p2b: Vivillon|Tailwind|p2b: Vivillon\n|-sidestart|p2: Joe15g|move: Tailwind\n|\n|upkeep\n|turn|2\n|\n|t:|1775948791\n|switch|p1b: Vaporeon|Vaporeon, L50, F|100/100\n|move|p2b: Vivillon|Sleep Powder|p1b: Vaporeon\n|-status|p1b: Vaporeon|slp|[from] move: Sleep Powder\n|move|p2a: Incineroar|Flare Blitz|p1a: Vivillon\n|-supereffective|p1a: Vivillon|1\n|-enditem|p1a: Vivillon|Focus Sash\n|-damage|p1a: Vivillon|1/100\n|-damage|p2a: Incineroar|70/100|[from] Recoil\n|move|p1a: Vivillon|Tailwind|p1a: Vivillon\n|-sidestart|p1: Ma Balls OMEGALOL|move: Tailwind\n|\n|upkeep\n|turn|3\n|\n|t:|1775948816\n|move|p2b: Vivillon|Hurricane|p1b: Vaporeon\n|-damage|p1b: Vaporeon|64/100 slp\n|move|p1a: Vivillon|Sleep Powder|p2a: Incineroar\n|-status|p2a: Incineroar|slp|[from] move: Sleep Powder\n|cant|p1b: Vaporeon|slp\n|cant|p2a: Incineroar|slp\n|\n|upkeep\n|turn|4\n|c|\u2606Ma Balls OMEGALOL|Vivllon is slept on\n|c|\u2606Ma Balls OMEGALOL|I see you\n|c|\u2606Ma Balls OMEGALOL|Do you see me?\n|\n|t:|1775948840\n|move|p1a: Vivillon|Protect|p1a: Vivillon\n|-singleturn|p1a: Vivillon|Protect\n|move|p2b: Vivillon|Hurricane|p1a: Vivillon\n|-activate|p1a: Vivillon|move: Protect\n|cant|p1b: Vaporeon|slp\n|cant|p2a: Incineroar|slp\n|\n|-sideend|p2: Joe15g|move: Tailwind\n|upkeep\n|turn|5\n|\n|t:|1775948858\n|move|p1a: Vivillon|Sleep Powder|p2b: Vivillon\n|-status|p2b: Vivillon|slp|[from] move: Sleep Powder\n|-curestatus|p1b: Vaporeon|slp|[msg]\n|move|p1b: Vaporeon|Scald|p2a: Incineroar\n|-supereffective|p2a: Incineroar|1\n|-damage|p2a: Incineroar|0 fnt\n|faint|p2a: Incineroar\n|cant|p2b: Vivillon|slp\n|\n|-sideend|p1: Ma Balls OMEGALOL|move: Tailwind\n|upkeep\n|\n|t:|1775948879\n|switch|p2a: Gardevoir|Gardevoir, L50, F|100/100\n|-ability|p2a: Gardevoir|Compound Eyes|Trace|[from] ability: Trace|[of] p1a: Vivillon\n|turn|6\n|\n|t:|1775948893\n|detailschange|p2a: Gardevoir|Gardevoir-Mega, L50, F\n|-mega|p2a: Gardevoir|Gardevoir|Gardevoirite\n|move|p1a: Vivillon|Tailwind|p1a: Vivillon\n|-sidestart|p1: Ma Balls OMEGALOL|move: Tailwind\n|move|p1b: Vaporeon|Shadow Ball|p2a: Gardevoir\n|-supereffective|p2a: Gardevoir|1\n|-damage|p2a: Gardevoir|51/100\n|cant|p2b: Vivillon|slp\n|move|p2a: Gardevoir|Calm Mind|p2a: Gardevoir\n|-boost|p2a: Gardevoir|spa|1\n|-boost|p2a: Gardevoir|spd|1\n|\n|upkeep\n|turn|7\n|\n|t:|1775948917\n|move|p1a: Vivillon|Sleep Powder|p2a: Gardevoir\n|-status|p2a: Gardevoir|slp|[from] move: Sleep Powder\n|move|p1b: Vaporeon|Shadow Ball|p2a: Gardevoir\n|-supereffective|p2a: Gardevoir|1\n|-damage|p2a: Gardevoir|12/100 slp\n|-unboost|p2a: Gardevoir|spd|1\n|-curestatus|p2b: Vivillon|slp|[msg]\n|move|p2b: Vivillon|Tailwind|p2b: Vivillon\n|-sidestart|p2: Joe15g|move: Tailwind\n|cant|p2a: Gardevoir|slp\n|\n|upkeep\n|turn|8\n|\n|t:|1775948935\n|move|p2b: Vivillon|Sleep Powder|p1b: Vaporeon\n|-status|p1b: Vaporeon|slp|[from] move: Sleep Powder\n|move|p1a: Vivillon|Pollen Puff|p1b: Vaporeon\n|-heal|p1b: Vaporeon|100/100 slp\n|cant|p2a: Gardevoir|slp\n|cant|p1b: Vaporeon|slp\n|\n|upkeep\n|turn|9\n|\n|t:|1775948950\n|move|p1a: Vivillon|Protect|p1a: Vivillon\n|-singleturn|p1a: Vivillon|Protect\n|move|p2b: Vivillon|Hurricane|p1a: Vivillon\n|-activate|p1a: Vivillon|move: Protect\n|-curestatus|p2a: Gardevoir|slp|[msg]\n|move|p2a: Gardevoir|Hyper Voice|p1b: Vaporeon|[spread] p1b\n|-activate|p1a: Vivillon|move: Protect\n|-damage|p1b: Vaporeon|32/100 slp\n|-enditem|p1b: Vaporeon|Sitrus Berry|[eat]\n|-heal|p1b: Vaporeon|57/100 slp|[from] item: Sitrus Berry\n|-curestatus|p1b: Vaporeon|slp|[msg]\n|move|p1b: Vaporeon|Shadow Ball|p2a: Gardevoir\n|-supereffective|p2a: Gardevoir|1\n|-damage|p2a: Gardevoir|0 fnt\n|faint|p2a: Gardevoir\n|\n|-sideend|p1: Ma Balls OMEGALOL|move: Tailwind\n|upkeep\n|\n|t:|1775948976\n|switch|p2a: Milotic|Milotic, L50, M|100/100\n|turn|10\n|\n|t:|1775948987\n|move|p2b: Vivillon|Sleep Powder|p1b: Vaporeon\n|-status|p1b: Vaporeon|slp|[from] move: Sleep Powder\n|move|p2a: Milotic|Icy Wind|p1a: Vivillon|[spread] p1a,p1b\n|-supereffective|p1a: Vivillon|1\n|-resisted|p1b: Vaporeon|1\n|-damage|p1a: Vivillon|0 fnt\n|-damage|p1b: Vaporeon|52/100 slp\n|-unboost|p1b: Vaporeon|spe|1\n|faint|p1a: Vivillon\n|cant|p1b: Vaporeon|slp\n|\n|-sideend|p2: Joe15g|move: Tailwind\n|upkeep\n|\n|t:|1775948994\n|switch|p1a: Corviknight|Corviknight, L50, F, shiny|100/100\n|turn|11\n|\n|t:|1775949009\n|move|p2b: Vivillon|Sleep Powder|p1a: Corviknight\n|-status|p1a: Corviknight|slp|[from] move: Sleep Powder\n|move|p2a: Milotic|Scald|p1a: Corviknight\n|-damage|p1a: Corviknight|75/100 slp\n|cant|p1a: Corviknight|slp\n|cant|p1b: Vaporeon|slp\n|\n|upkeep\n|turn|12\n|\n|t:|1775949024\n|move|p2b: Vivillon|Hurricane|p1b: Vaporeon\n|-damage|p1b: Vaporeon|16/100 slp\n|move|p2a: Milotic|Scald|p1a: Corviknight\n|-damage|p1a: Corviknight|50/100 slp\n|cant|p1a: Corviknight|slp\n|-curestatus|p1b: Vaporeon|slp|[msg]\n|move|p1b: Vaporeon|Ice Beam|p2b: Vivillon\n|-supereffective|p2b: Vivillon|1\n|-enditem|p2b: Vivillon|Focus Sash\n|-damage|p2b: Vivillon|1/100\n|\n|upkeep\n|turn|13\n|\n|t:|1775949046\n|-curestatus|p1a: Corviknight|slp|[msg]\n|move|p1a: Corviknight|Protect|p1a: Corviknight\n|-singleturn|p1a: Corviknight|Protect\n|move|p2b: Vivillon|Hurricane|p1b: Vaporeon\n|-damage|p1b: Vaporeon|0 fnt\n|faint|p1b: Vaporeon\n|move|p2a: Milotic|Scald|p1a: Corviknight\n|-activate|p1a: Corviknight|move: Protect\n|\n|upkeep\n|\n|t:|1775949052\n|switch|p1b: Diggersby|Diggersby, L50, M|100/100\n|turn|14\n|\n|t:|1775949064\n|move|p1b: Diggersby|Quick Attack|p2b: Vivillon\n|-damage|p2b: Vivillon|0 fnt\n|faint|p2b: Vivillon\n|move|p2a: Milotic|Icy Wind|p1a: Corviknight|[spread] p1a,p1b\n|-supereffective|p1b: Diggersby|1\n|-damage|p1a: Corviknight|40/100\n|-damage|p1b: Diggersby|70/100\n|-ability|p1a: Corviknight|Mirror Armor\n|-unboost|p2a: Milotic|spe|1\n|-ability|p2a: Milotic|Competitive|boost\n|-boost|p2a: Milotic|spa|2\n|-unboost|p1b: Diggersby|spe|1\n|move|p1a: Corviknight|Iron Head|p2a: Milotic\n|-resisted|p2a: Milotic|1\n|-damage|p2a: Milotic|89/100\n|\n|-heal|p2a: Milotic|95/100|[from] item: Leftovers\n|upkeep\n|turn|15\n|\n|t:|1775949081\n|move|p1a: Corviknight|Iron Head|p2a: Milotic\n|-resisted|p2a: Milotic|1\n|-damage|p2a: Milotic|83/100\n|move|p1b: Diggersby|Giga Impact|p2a: Milotic\n|-damage|p2a: Milotic|2/100\n|-mustrecharge|p1b: Diggersby\n|move|p2a: Milotic|Icy Wind|p1b: Diggersby|[spread] p1a,p1b\n|-supereffective|p1b: Diggersby|1\n|-damage|p1a: Corviknight|22/100\n|-damage|p1b: Diggersby|15/100\n|-ability|p1a: Corviknight|Mirror Armor\n|-unboost|p2a: Milotic|spe|1\n|-ability|p2a: Milotic|Competitive|boost\n|-boost|p2a: Milotic|spa|2\n|-unboost|p1b: Diggersby|spe|1\n|\n|-heal|p2a: Milotic|8/100|[from] item: Leftovers\n|upkeep\n|turn|16\n|\n|t:|1775949098\n|move|p1a: Corviknight|Iron Head|p2a: Milotic\n|-resisted|p2a: Milotic|1\n|-damage|p2a: Milotic|0 fnt\n|faint|p2a: Milotic\n|\n|win|Ma Balls OMEGALOL\n|raw|Ma Balls OMEGALOL's rating: 1030 &rarr; <strong>1071</strong><br />(+41 for winning)\n|raw|Joe15g's rating: 1088 &rarr; <strong>1061</strong><br />(-27 for losing)\n|c|\u2606Ma Balls OMEGALOL|Gg\n|l|\u2606Joe15g\n|player|p2|\n",
  "uploadtime": 1775949134,
  "views": 38,
  "formatid": "gen9championsvgc2026regma",
  "rating": 1061,
  "private": 0,
  "password": null
}