{
  "id": "gen9championsvgc2026regma-2589425363",
  "format": "[Gen 9 Champions] VGC 2026 Reg M-A",
  "players": [
    "NoMoreRegFAgain",
    "LMTAHMED99"
  ],
  "log": "|j|\u2606NoMoreRegFAgain\n|j|\u2606LMTAHMED99\n|t:|1776721882\n|gametype|doubles\n|player|p1|NoMoreRegFAgain|li|1253\n|player|p2|LMTAHMED99|n|1162\n|gen|9\n|tier|[Gen 9 Champions] VGC 2026 Reg M-A\n|rated|\n|rule|Species Clause: Limit one of each Pok\u00e9mon\n|rule|Item Clause: Limit 1 of each item\n|clearpoke\n|poke|p1|Delphox, L50, M, shiny|\n|poke|p1|Aerodactyl, L50, M, shiny|\n|poke|p1|Sneasler, L50, M|\n|poke|p1|Tsareena, L50, F, shiny|\n|poke|p1|Milotic, L50, F, shiny|\n|poke|p1|Garchomp, L50, F|\n|poke|p2|Sneasler, L50, M, shiny|\n|poke|p2|Palafin, L50, F, shiny|\n|poke|p2|Milotic, L50, F, shiny|\n|poke|p2|Incineroar, L50, M|\n|poke|p2|Aegislash, L50, M, shiny|\n|poke|p2|Banette, L50, F, shiny|\n|teampreview|4\n|inactive|Battle timer is ON: inactive players will automatically lose when time's up. (requested by NoMoreRegFAgain)\n|\n|t:|1776721910\n|teamsize|p1|4\n|teamsize|p2|4\n|start\n|switch|p1a: Aerodactyl|Aerodactyl, L50, M, shiny|100/100\n|switch|p1b: Tsareena|Tsareena, L50, F, shiny|100/100\n|switch|p2a: Sneasler|Sneasler, L50, M, shiny|100/100\n|switch|p2b: Banette|Banette, L50, F, shiny|100/100\n|-ability|p1a: Aerodactyl|Unnerve\n|-item|p1a: Aerodactyl|Aerodactylite|[from] ability: Frisk|[of] p2b: Banette\n|-item|p1b: Tsareena|Never-Melt Ice|[from] ability: Frisk|[of] p2b: Banette\n|turn|1\n|inactive|LMTAHMED99 has 30 seconds left.\n|\n|t:|1776721938\n|detailschange|p2b: Banette|Banette-Mega, L50, F, shiny\n|-mega|p2b: Banette|Banette|Banettite\n|move|p2b: Banette|Swords Dance|p2b: Banette\n|-boost|p2b: Banette|atk|2\n|move|p1a: Aerodactyl|Dual Wingbeat|p2a: Sneasler|[miss]\n|-miss|p1a: Aerodactyl|p2a: Sneasler\n|move|p2a: Sneasler|Dire Claw|p1b: Tsareena\n|-supereffective|p1b: Tsareena|1\n|-damage|p1b: Tsareena|0 fnt\n|faint|p1b: Tsareena\n|\n|upkeep\n|\n|t:|1776721948\n|switch|p1b: Garchomp|Garchomp, L50, F|100/100\n|turn|2\n|\n|t:|1776721966\n|switch|p2a: Incineroar|Incineroar, L50, M|100/100\n|-ability|p2a: Incineroar|Intimidate|boost\n|-unboost|p1a: Aerodactyl|atk|1\n|-unboost|p1b: Garchomp|atk|1\n|-enditem|p1b: Garchomp|White Herb\n|-clearnegativeboost|p1b: Garchomp|[silent]\n|detailschange|p1a: Aerodactyl|Aerodactyl-Mega, L50, M, shiny\n|-mega|p1a: Aerodactyl|Aerodactyl|Aerodactylite\n|move|p2b: Banette|Will-O-Wisp|p1b: Garchomp\n|-status|p1b: Garchomp|brn\n|move|p1a: Aerodactyl|Rock Slide|p2a: Incineroar|[spread] p2b\n|-miss|p1a: Aerodactyl|p2a: Incineroar\n|-damage|p2b: Banette|72/100\n|move|p1b: Garchomp|Earthquake|p2a: Incineroar|[spread] p2a,p2b\n|-immune|p1a: Aerodactyl\n|-supereffective|p2a: Incineroar|1\n|-damage|p2a: Incineroar|54/100\n|-damage|p2b: Banette|45/100\n|\n|-damage|p1b: Garchomp|95/100 brn|[from] brn\n|upkeep\n|turn|3\n|inactive|LMTAHMED99 has 30 seconds left.\n|inactive|LMTAHMED99 has 20 seconds left.\n|\n|t:|1776722005\n|move|p1a: Aerodactyl|Protect|p1a: Aerodactyl\n|-singleturn|p1a: Aerodactyl|Protect\n|move|p2a: Incineroar|Fake Out|p1b: Garchomp\n|-damage|p1b: Garchomp|82/100 brn\n|-damage|p2a: Incineroar|42/100|[from] ability: Rough Skin|[of] p1b: Garchomp\n|-enditem|p2a: Incineroar|Sitrus Berry|[eat]\n|-heal|p2a: Incineroar|67/100|[from] item: Sitrus Berry\n|move|p2b: Banette|Shadow Sneak|p1b: Garchomp\n|-damage|p1b: Garchomp|26/100 brn\n|-damage|p2b: Banette|33/100|[from] ability: Rough Skin|[of] p1b: Garchomp\n|cant|p1b: Garchomp|flinch\n|\n|-damage|p1b: Garchomp|20/100 brn|[from] brn\n|upkeep\n|turn|4\n|inactive|LMTAHMED99 has 30 seconds left.\n|inactive|LMTAHMED99 has 20 seconds left.\n|\n|t:|1776722044\n|switch|p1a: Delphox|Delphox, L50, M, shiny|100/100\n|move|p2b: Banette|Encore||[still]\n|-fail|p2b: Banette\n|move|p1b: Garchomp|Dragon Claw|p2b: Banette\n|-damage|p2b: Banette|3/100\n|move|p2a: Incineroar|Parting Shot|p1a: Delphox\n|-unboost|p1a: Delphox|atk|1\n|-unboost|p1a: Delphox|spa|1\n|\n|t:|1776722054\n|switch|p2a: Milotic|Milotic, L50, F, shiny|100/100|[from] Parting Shot\n|\n|-damage|p1b: Garchomp|15/100 brn|[from] brn\n|upkeep\n|turn|5\n|\n|t:|1776722068\n|move|p2b: Banette|Shadow Sneak|p1a: Delphox\n|-supereffective|p1a: Delphox|1\n|-damage|p1a: Delphox|0 fnt\n|faint|p1a: Delphox\n|move|p1b: Garchomp|Earthquake|p2a: Milotic|[spread] p2a,p2b\n|-damage|p2a: Milotic|80/100\n|-damage|p2b: Banette|0 fnt\n|faint|p2b: Banette\n|move|p2a: Milotic|Coil|p2a: Milotic\n|-boost|p2a: Milotic|atk|1\n|-boost|p2a: Milotic|def|1\n|-boost|p2a: Milotic|accuracy|1\n|\n|-heal|p2a: Milotic|86/100|[from] item: Leftovers\n|-damage|p1b: Garchomp|9/100 brn|[from] brn\n|upkeep\n|-message|NoMoreRegFAgain forfeited.\n|\n|win|LMTAHMED99\n|raw|NoMoreRegFAgain's rating: 1253 &rarr; <strong>1222</strong><br />(-31 for losing)\n|raw|LMTAHMED99's rating: 1162 &rarr; <strong>1193</strong><br />(+31 for winning)\n",
  "uploadtime": 1776722074,
  "views": 3,
  "formatid": "gen9championsvgc2026regma",
  "rating": 1193,
  "private": 0,
  "password": null
}