{
  "id": "gen9championsvgc2026regma-2584969304",
  "format": "[Gen 9 Champions] VGC 2026 Reg M-A",
  "players": [
    "ketchuphi",
    "WizardGibby"
  ],
  "log": "|j|\u2606ketchuphi\n|j|\u2606WizardGibby\n|t:|1776299198\n|gametype|doubles\n|player|p1|ketchuphi|170|1089\n|player|p2|WizardGibby|scientistf|1023\n|gen|9\n|tier|[Gen 9 Champions] VGC 2026 Reg M-A\n|rated|\n|rule|Species Clause: Limit one of each Pok\u00e9mon\n|rule|Item Clause: Limit 1 of each item\n|clearpoke\n|poke|p1|Charizard, L50, M|\n|poke|p1|Basculegion, L50, M|\n|poke|p1|Incineroar, L50, F|\n|poke|p1|Sneasler, L50, F|\n|poke|p1|Garchomp, L50, F|\n|poke|p1|Venusaur, L50, M|\n|poke|p2|Hawlucha, L50, M|\n|poke|p2|Mr. Rime, L50, M|\n|poke|p2|Sneasler, L50, M|\n|poke|p2|Snorlax, L50, M|\n|poke|p2|Ninetales-Alola, L50, F|\n|poke|p2|Appletun, L50, M|\n|teampreview|4\n|\n|t:|1776299229\n|teamsize|p1|4\n|teamsize|p2|4\n|start\n|switch|p1a: Charizard|Charizard, L50, M|100/100\n|switch|p1b: Venusaur|Venusaur, L50, M|100/100\n|switch|p2a: Sneasler|Sneasler, L50, M|100/100\n|switch|p2b: Hawlucha|Hawlucha, L50, M|100/100\n|turn|1\n|\n|t:|1776299263\n|detailschange|p2b: Hawlucha|Hawlucha-Mega, L50, M\n|-mega|p2b: Hawlucha|Hawlucha|Hawluchanite\n|detailschange|p1a: Charizard|Charizard-Mega-Y, L50, M\n|-mega|p1a: Charizard|Charizard|Charizardite Y\n|-weather|SunnyDay|[from] ability: Drought|[of] p1a: Charizard\n|move|p2a: Sneasler|Fake Out|p1a: Charizard\n|-damage|p1a: Charizard|84/100\n|move|p1b: Venusaur|Earth Power|p2a: Sneasler\n|-supereffective|p2a: Sneasler|1\n|-damage|p2a: Sneasler|16/100\n|move|p2b: Hawlucha|Entrainment|p1b: Venusaur\n|-ability|p1b: Venusaur|No Guard|Chlorophyll|[from] move: Entrainment|[of] p2b: Hawlucha\n|cant|p1a: Charizard|flinch\n|\n|-weather|SunnyDay|[upkeep]\n|upkeep\n|turn|2\n|\n|t:|1776299304\n|move|p2b: Hawlucha|Protect|p2b: Hawlucha\n|-singleturn|p2b: Hawlucha|Protect\n|move|p2a: Sneasler|Dire Claw|p1a: Charizard\n|-damage|p1a: Charizard|36/100\n|-status|p1a: Charizard|psn|[from] ability: Poison Touch|[of] p2a: Sneasler\n|move|p1a: Charizard|Heat Wave|p2a: Sneasler|[spread] \n|-activate|p2b: Hawlucha|move: Protect\n|-miss|p1a: Charizard|p2a: Sneasler\n|move|p1b: Venusaur|Sleep Powder|p2b: Hawlucha\n|-activate|p2b: Hawlucha|move: Protect\n|\n|-weather|SunnyDay|[upkeep]\n|-damage|p1a: Charizard|24/100 psn|[from] psn\n|upkeep\n|turn|3\n|inactive|Battle timer is ON: inactive players will automatically lose when time's up. (requested by ketchuphi)\n|\n|t:|1776299356\n|move|p2a: Sneasler|Dire Claw|p1a: Charizard\n|-damage|p1a: Charizard|0 fnt\n|faint|p1a: Charizard\n|move|p2b: Hawlucha|Entrainment||[still]\n|-fail|p2b: Hawlucha\n|move|p1b: Venusaur|Sleep Powder|p2b: Hawlucha\n|-status|p2b: Hawlucha|slp|[from] move: Sleep Powder\n|\n|-weather|SunnyDay|[upkeep]\n|upkeep\n|\n|t:|1776299376\n|switch|p1a: Basculegion|Basculegion, L50, M|100/100\n|turn|4\n|\n|t:|1776299400\n|move|p1a: Basculegion|Flip Turn|p2a: Sneasler\n|-damage|p2a: Sneasler|0 fnt\n|faint|p2a: Sneasler\n|\n|t:|1776299408\n|switch|p1a: Incineroar|Incineroar, L50, F|100/100|[from] Flip Turn\n|-ability|p1a: Incineroar|Intimidate|boost\n|-unboost|p2b: Hawlucha|atk|1\n|cant|p2b: Hawlucha|slp\n|move|p1b: Venusaur|Sludge Bomb|p2b: Hawlucha\n|-damage|p2b: Hawlucha|56/100 slp\n|\n|-weather|SunnyDay|[upkeep]\n|upkeep\n|\n|t:|1776299423\n|switch|p2a: Ninetales|Ninetales-Alola, L50, F|100/100\n|-weather|Snowscape|[from] ability: Snow Warning|[of] p2a: Ninetales\n|turn|5\n|\n|t:|1776299440\n|move|p1a: Incineroar|Fake Out|p2a: Ninetales\n|-damage|p2a: Ninetales|86/100\n|cant|p2a: Ninetales|flinch\n|-curestatus|p2b: Hawlucha|slp|[msg]\n|move|p2b: Hawlucha|Encore|p1a: Incineroar\n|-start|p1a: Incineroar|Encore\n|move|p1b: Venusaur|Sludge Bomb|p2b: Hawlucha\n|-damage|p2b: Hawlucha|9/100\n|-status|p2b: Hawlucha|psn\n|\n|-weather|Snowscape|[upkeep]\n|-damage|p2b: Hawlucha|0 fnt|[from] psn\n|faint|p2b: Hawlucha\n|upkeep\n|\n|t:|1776299455\n|switch|p2b: Snorlax|Snorlax, L50, M|100/100\n|turn|6\n|\n|t:|1776299470\n|switch|p1a: Basculegion|Basculegion, L50, M|100/100\n|move|p2a: Ninetales|Blizzard|p1a: Basculegion|[spread] p1a,p1b\n|-resisted|p1a: Basculegion|1\n|-supereffective|p1b: Venusaur|1\n|-damage|p1a: Basculegion|82/100\n|-damage|p1b: Venusaur|34/100\n|move|p1b: Venusaur|Sleep Powder|p2a: Ninetales\n|-status|p2a: Ninetales|slp|[from] move: Sleep Powder\n|move|p2b: Snorlax|Thunder Punch|p1a: Basculegion\n|-supereffective|p1a: Basculegion|1\n|-damage|p1a: Basculegion|34/100\n|\n|-weather|Snowscape|[upkeep]\n|upkeep\n|turn|7\n|inactive|ketchuphi has 30 seconds left.\n|inactive|WizardGibby has 30 seconds left.\n|inactive|ketchuphi has 20 seconds left.\n|inactive|WizardGibby has 20 seconds left.\n|\n|t:|1776299514\n|move|p2b: Snorlax|Protect|p2b: Snorlax\n|-singleturn|p2b: Snorlax|Protect\n|cant|p2a: Ninetales|slp\n|move|p1a: Basculegion|Flip Turn|p2a: Ninetales\n|-damage|p2a: Ninetales|46/100 slp\n|\n|t:|1776299522\n|switch|p1a: Incineroar|Incineroar, L50, F|100/100|[from] Flip Turn\n|-ability|p1a: Incineroar|Intimidate|boost\n|-unboost|p2a: Ninetales|atk|1\n|-unboost|p2b: Snorlax|atk|1\n|move|p1b: Venusaur|Sludge Bomb|p2a: Ninetales\n|-supereffective|p2a: Ninetales|1\n|-damage|p2a: Ninetales|0 fnt\n|faint|p2a: Ninetales\n|\n|-weather|Snowscape|[upkeep]\n|upkeep\n|turn|8\n|\n|t:|1776299544\n|move|p1a: Incineroar|Fake Out|p2b: Snorlax\n|-damage|p2b: Snorlax|93/100\n|move|p1b: Venusaur|Sleep Powder|p2b: Snorlax\n|-status|p2b: Snorlax|slp|[from] move: Sleep Powder\n|cant|p2b: Snorlax|slp\n|\n|-weather|Snowscape|[upkeep]\n|-heal|p2b: Snorlax|99/100 slp|[from] item: Leftovers\n|upkeep\n|turn|9\n|-message|WizardGibby forfeited.\n|\n|win|ketchuphi\n|raw|ketchuphi's rating: 1089 &rarr; <strong>1111</strong><br />(+22 for winning)\n|raw|WizardGibby's rating: 1023 &rarr; <strong>1012</strong><br />(-11 for losing)\n|l|\u2606WizardGibby\n|player|p2|\n",
  "uploadtime": 1776299560,
  "views": 18,
  "formatid": "gen9championsvgc2026regma",
  "rating": 1012,
  "private": 0,
  "password": null
}