{
  "id": "gen9championsvgc2026regma-2586779663",
  "format": "[Gen 9 Champions] VGC 2026 Reg M-A",
  "players": [
    "IICloudXIII",
    "bosubosu"
  ],
  "log": "|j|\u2606IICloudXIII\n|j|\u2606bosubosu\n|t:|1776459275\n|gametype|doubles\n|player|p1|IICloudXIII|102|1075\n|player|p2|bosubosu|265|1043\n|gen|9\n|tier|[Gen 9 Champions] VGC 2026 Reg M-A\n|rated|\n|rule|Species Clause: Limit one of each Pok\u00e9mon\n|rule|Item Clause: Limit 1 of each item\n|clearpoke\n|poke|p1|Charizard, L50, F|\n|poke|p1|Venusaur, L50, F|\n|poke|p1|Garchomp, L50, M|\n|poke|p1|Rotom-Wash, L50|\n|poke|p1|Sneasler, L50, M|\n|poke|p1|Incineroar, L50, F|\n|poke|p2|Jolteon, L50, M|\n|poke|p2|Ninetales-Alola, L50, F|\n|poke|p2|Garchomp, L50, M|\n|poke|p2|Kleavor, L50, F|\n|poke|p2|Incineroar, L50, F|\n|poke|p2|Charizard, L50, F|\n|teampreview|4\n|inactive|Battle timer is ON: inactive players will automatically lose when time's up. (requested by IICloudXIII)\n|\n|t:|1776459321\n|teamsize|p1|4\n|teamsize|p2|4\n|start\n|switch|p1a: Garchomp|Garchomp, L50, M|100/100\n|switch|p1b: Incineroar|Incineroar, L50, F|100/100\n|switch|p2a: Incineroar|Incineroar, L50, F|100/100\n|switch|p2b: Kleavor|Kleavor, L50, F|100/100\n|-ability|p1b: Incineroar|Intimidate|boost\n|-unboost|p2a: Incineroar|atk|1\n|-unboost|p2b: Kleavor|atk|1\n|-ability|p2a: Incineroar|Intimidate|boost\n|-unboost|p1a: Garchomp|atk|1\n|-unboost|p1b: Incineroar|atk|1\n|turn|1\n|inactive|IICloudXIII has 30 seconds left.\n|inactive|bosubosu has 30 seconds left.\n|inactive|IICloudXIII has 20 seconds left.\n|inactive|bosubosu has 20 seconds left.\n|inactive|bosubosu has 15 seconds left.\n|\n|t:|1776459365\n|move|p2a: Incineroar|Fake Out|p1b: Incineroar\n|-damage|p1b: Incineroar|91/100\n|cant|p1b: Incineroar|flinch\n|move|p1a: Garchomp|Rock Slide|p2a: Incineroar|[spread] p2a,p2b\n|-supereffective|p2a: Incineroar|1\n|-supereffective|p2b: Kleavor|1\n|-damage|p2a: Incineroar|71/100\n|-damage|p2b: Kleavor|61/100\n|cant|p2b: Kleavor|flinch\n|\n|upkeep\n|turn|2\n|\n|t:|1776459383\n|switch|p1b: Rotom|Rotom-Wash, L50|100/100\n|move|p1a: Garchomp|Rock Slide|p2a: Incineroar|[spread] p2a,p2b\n|-supereffective|p2a: Incineroar|1\n|-supereffective|p2b: Kleavor|1\n|-damage|p2a: Incineroar|40/100\n|-damage|p2b: Kleavor|24/100\n|-enditem|p2a: Incineroar|Sitrus Berry|[eat]\n|-heal|p2a: Incineroar|65/100|[from] item: Sitrus Berry\n|cant|p2b: Kleavor|flinch\n|move|p2a: Incineroar|Parting Shot|p1a: Garchomp\n|-unboost|p1a: Garchomp|atk|1\n|-unboost|p1a: Garchomp|spa|1\n|\n|t:|1776459399\n|switch|p2a: Garchomp|Garchomp, L50, M|100/100|[from] Parting Shot\n|\n|upkeep\n|turn|3\n|inactiveoff|Battle timer is now OFF.\n|\n|t:|1776459442\n|move|p1a: Garchomp|Rock Slide|p2a: Garchomp|[spread] p2a,p2b\n|-resisted|p2a: Garchomp|1\n|-supereffective|p2b: Kleavor|1\n|-damage|p2a: Garchomp|96/100\n|-damage|p2b: Kleavor|0 fnt\n|faint|p2b: Kleavor\n|cant|p2a: Garchomp|flinch\n|move|p1b: Rotom|Hydro Pump|p2a: Garchomp\n|-damage|p2a: Garchomp|46/100\n|\n|upkeep\n|\n|t:|1776459450\n|switch|p2b: Incineroar|Incineroar, L50, F|65/100\n|-ability|p2b: Incineroar|Intimidate|boost\n|-unboost|p1a: Garchomp|atk|1\n|-unboost|p1b: Rotom|atk|1\n|turn|4\n|\n|t:|1776459465\n|move|p2b: Incineroar|Fake Out|p1b: Rotom\n|-damage|p1b: Rotom|86/100\n|move|p1a: Garchomp|Rock Slide|p2a: Garchomp|[spread] p2a,p2b\n|-resisted|p2a: Garchomp|1\n|-supereffective|p2b: Incineroar|1\n|-damage|p2a: Garchomp|42/100\n|-damage|p2b: Incineroar|49/100\n|cant|p2a: Garchomp|flinch\n|cant|p1b: Rotom|flinch\n|\n|-heal|p1b: Rotom|92/100|[from] item: Leftovers\n|upkeep\n|turn|5\n|\n|t:|1776459487\n|switch|p1a: Sneasler|Sneasler, L50, M|100/100\n|move|p1b: Rotom|Protect|p1b: Rotom\n|-singleturn|p1b: Rotom|Protect\n|move|p2a: Garchomp|Rock Slide|p1a: Sneasler|[spread] p1a\n|-activate|p1b: Rotom|move: Protect\n|-resisted|p1a: Sneasler|1\n|-damage|p1a: Sneasler|85/100\n|move|p2b: Incineroar|Parting Shot|p1a: Sneasler\n|-unboost|p1a: Sneasler|atk|1\n|-unboost|p1a: Sneasler|spa|1\n|\n|t:|1776459497\n|switch|p2b: Charizard|Charizard, L50, F|100/100|[from] Parting Shot\n|-enditem|p1a: Sneasler|White Herb\n|-clearnegativeboost|p1a: Sneasler|[silent]\n|\n|-heal|p1b: Rotom|98/100|[from] item: Leftovers\n|upkeep\n|turn|6\n|\n|t:|1776459529\n|switch|p1b: Garchomp|Garchomp, L50, M|100/100\n|detailschange|p2b: Charizard|Charizard-Mega-Y, L50, F\n|-mega|p2b: Charizard|Charizard|Charizardite Y\n|-weather|SunnyDay|[from] ability: Drought|[of] p2b: Charizard\n|move|p2b: Charizard|Protect|p2b: Charizard\n|-singleturn|p2b: Charizard|Protect\n|move|p1a: Sneasler|Close Combat|p2a: Garchomp\n|-damage|p2a: Garchomp|0 fnt\n|-unboost|p1a: Sneasler|def|1\n|-unboost|p1a: Sneasler|spd|1\n|-damage|p1a: Sneasler|73/100|[from] ability: Rough Skin|[of] p2a: Garchomp\n|faint|p2a: Garchomp\n|\n|-weather|SunnyDay|[upkeep]\n|upkeep\n|\n|t:|1776459540\n|switch|p2a: Incineroar|Incineroar, L50, F|49/100\n|-ability|p2a: Incineroar|Intimidate|boost\n|-unboost|p1a: Sneasler|atk|1\n|-unboost|p1b: Garchomp|atk|1\n|turn|7\n|\n|t:|1776459567\n|switch|p1a: Rotom|Rotom-Wash, L50|98/100\n|move|p2a: Incineroar|Fake Out|p1b: Garchomp\n|-crit|p1b: Garchomp\n|-damage|p1b: Garchomp|81/100\n|-damage|p2a: Incineroar|37/100|[from] ability: Rough Skin|[of] p1b: Garchomp\n|cant|p1b: Garchomp|flinch\n|move|p2b: Charizard|Heat Wave|p1b: Garchomp|[spread] p1a,p1b\n|-resisted|p1a: Rotom|1\n|-resisted|p1b: Garchomp|1\n|-damage|p1a: Rotom|64/100\n|-damage|p1b: Garchomp|47/100\n|\n|-weather|SunnyDay|[upkeep]\n|-heal|p1a: Rotom|70/100|[from] item: Leftovers\n|upkeep\n|turn|8\n|\n|t:|1776459595\n|move|p2b: Charizard|Protect|p2b: Charizard\n|-singleturn|p2b: Charizard|Protect\n|move|p1b: Garchomp|Rock Slide|p2b: Charizard|[spread] p2a\n|-activate|p2b: Charizard|move: Protect\n|-supereffective|p2a: Incineroar|1\n|-damage|p2a: Incineroar|9/100\n|move|p1a: Rotom|Hydro Pump|p2a: Incineroar\n|-supereffective|p2a: Incineroar|1\n|-damage|p2a: Incineroar|0 fnt\n|faint|p2a: Incineroar\n|\n|-weather|SunnyDay|[upkeep]\n|-heal|p1a: Rotom|76/100|[from] item: Leftovers\n|upkeep\n|turn|9\n|-message|bosubosu forfeited.\n|\n|win|IICloudXIII\n|raw|IICloudXIII's rating: 1075 &rarr; <strong>1101</strong><br />(+26 for winning)\n|raw|bosubosu's rating: 1043 &rarr; <strong>1028</strong><br />(-15 for losing)\n|l|\u2606bosubosu\n|player|p2|\n",
  "uploadtime": 1776459624,
  "views": 39,
  "formatid": "gen9championsvgc2026regma",
  "rating": 1028,
  "private": 0,
  "password": null
}