{
  "id": "gen9championsvgc2026regma-2588489269",
  "format": "[Gen 9 Champions] VGC 2026 Reg M-A",
  "players": [
    "anexorto1",
    "chessin776"
  ],
  "log": "|j|\u2606anexorto1\n|j|\u2606chessin776\n|t:|1776638137\n|gametype|doubles\n|player|p1|anexorto1|drayden|1099\n|player|p2|chessin776|cheryl|1088\n|gen|9\n|tier|[Gen 9 Champions] VGC 2026 Reg M-A\n|rated|\n|rule|Species Clause: Limit one of each Pok\u00e9mon\n|rule|Item Clause: Limit 1 of each item\n|clearpoke\n|poke|p1|Froslass, L50, F|\n|poke|p1|Incineroar, L50, M|\n|poke|p1|Basculegion, L50, M|\n|poke|p1|Gallade, L50, M, shiny|\n|poke|p1|Whimsicott, L50, M|\n|poke|p1|Scizor, L50, M|\n|poke|p2|Charizard, L50, M|\n|poke|p2|Venusaur, L50, M|\n|poke|p2|Clefable, L50, F|\n|poke|p2|Primarina, L50, F|\n|poke|p2|Farigiraf, L50, F|\n|poke|p2|Aegislash, L50, M|\n|teampreview|4\n|inactive|Battle timer is ON: inactive players will automatically lose when time's up. (requested by anexorto1)\n|j| shreves0\nchessin776 has agreed to open team sheets.\n|inactive|anexorto1 has 60 seconds left.\n|inactive|chessin776 has 60 seconds left.\n|\n|t:|1776638177\n|teamsize|p1|4\n|teamsize|p2|4\n|start\n|switch|p1a: Froslass|Froslass, L50, F|100/100\n|switch|p1b: Basculegion|Basculegion, L50, M|100/100\n|switch|p2a: Roaring Flame|Charizard, L50, M|100/100\n|switch|p2b: Roaring Nature|Venusaur, L50, M|100/100\n|turn|1\n|\n|t:|1776638200\n|detailschange|p2a: Roaring Flame|Charizard-Mega-Y, L50, M\n|-mega|p2a: Roaring Flame|Charizard|Charizardite Y\n|-weather|SunnyDay|[from] ability: Drought|[of] p2a: Roaring Flame\n|move|p2a: Roaring Flame|Protect|p2a: Roaring Flame\n|-singleturn|p2a: Roaring Flame|Protect\n|move|p1a: Froslass|Protect|p1a: Froslass\n|-singleturn|p1a: Froslass|Protect\n|move|p2b: Roaring Nature|Sleep Powder|p1b: Basculegion\n|-status|p1b: Basculegion|slp|[from] move: Sleep Powder\n|cant|p1b: Basculegion|slp\n|\n|-weather|SunnyDay|[upkeep]\n|upkeep\n|turn|2\n|inactive|anexorto1 has 30 seconds left.\n|inactive|anexorto1 has 20 seconds left.\n|inactive|anexorto1 has 15 seconds left.\n|\n|t:|1776638241\n|switch|p2a: Roaring Knight|Aegislash, L50, M|100/100\n|detailschange|p1a: Froslass|Froslass-Mega, L50, F\n|-mega|p1a: Froslass|Froslass|Froslassite\n|-weather|Snowscape|[from] ability: Snow Warning|[of] p1a: Froslass\n|move|p2b: Roaring Nature|Protect|p2b: Roaring Nature\n|-singleturn|p2b: Roaring Nature|Protect\n|-curestatus|p1b: Basculegion|slp|[msg]\n|move|p1b: Basculegion|Wave Crash|p2a: Roaring Knight\n|-damage|p2a: Roaring Knight|39/100\n|-damage|p1b: Basculegion|83/100|[from] Recoil\n|move|p1a: Froslass|Blizzard|p2a: Roaring Knight|[spread] p2a\n|-activate|p2b: Roaring Nature|move: Protect\n|-resisted|p2a: Roaring Knight|1\n|-damage|p2a: Roaring Knight|21/100\n|\n|-weather|Snowscape|[upkeep]\n|upkeep\n|turn|3\n|inactive|anexorto1 has 30 seconds left.\n|inactive|chessin776 has 30 seconds left.\n|\n|t:|1776638268\n|switch|p1b: Gallade|Gallade, L50, M, shiny|100/100\n|switch|p1a: Incineroar|Incineroar, L50, M|100/100\n|-ability|p1a: Incineroar|Intimidate|boost\n|-unboost|p2a: Roaring Knight|atk|1\n|-unboost|p2b: Roaring Nature|atk|1\n|move|p2a: Roaring Knight|King's Shield|p2a: Roaring Knight\n|-singleturn|p2a: Roaring Knight|Protect\n|move|p2b: Roaring Nature|Petal Blizzard|p1b: Gallade|[spread] p1a,p1b\n|-activate|p2a: Roaring Knight|move: Protect\n|-resisted|p1a: Incineroar|1\n|-crit|p1a: Incineroar\n|-damage|p1a: Incineroar|77/100\n|-damage|p1b: Gallade|75/100\n|\n|-weather|Snowscape|[upkeep]\n|upkeep\n|turn|4\n|inactive|chessin776 has 30 seconds left.\n|inactive|anexorto1 has 30 seconds left.\n|inactive|chessin776 has 20 seconds left.\n|\n|t:|1776638304\n|switch|p2b: Cheers|Clefable, L50, F|100/100\n|switch|p2a: Roaring Flame|Charizard-Mega-Y, L50, M|100/100\n|-weather|SunnyDay|[from] ability: Drought|[of] p2a: Roaring Flame\n|move|p1a: Incineroar|Throat Chop|p2a: Roaring Flame\n|-crit|p2a: Roaring Flame\n|-damage|p2a: Roaring Flame|25/100\n|-start|p2a: Roaring Flame|Throat Chop|[silent]\n|move|p1b: Gallade|Psycho Cut|p2b: Cheers\n|-crit|p2b: Cheers\n|-damage|p2b: Cheers|34/100\n|\n|-weather|SunnyDay|[upkeep]\n|upkeep\n|turn|5\n|\n|t:|1776638323\n|move|p2b: Cheers|Helping Hand|p2a: Roaring Flame\n|-singleturn|p2a: Roaring Flame|Helping Hand|[of] p2b: Cheers\n|move|p1b: Gallade|Wide Guard|p1b: Gallade\n|-singleturn|p1b: Gallade|Wide Guard\n|move|p2a: Roaring Flame|Heat Wave|p1a: Incineroar|[spread] \n|-activate|p1a: Incineroar|move: Wide Guard\n|-activate|p1b: Gallade|move: Wide Guard\n|move|p1a: Incineroar|Flare Blitz|p2b: Cheers\n|-damage|p2b: Cheers|0 fnt\n|faint|p2b: Cheers\n|-damage|p1a: Incineroar|65/100|[from] Recoil\n|\n|-weather|SunnyDay|[upkeep]\n|-end|p2a: Roaring Flame|Throat Chop|[silent]\n|upkeep\n|\n|t:|1776638329\n|switch|p2b: Roaring Nature|Venusaur, L50, M|100/100\n|turn|6\n|\n|t:|1776638348\n|switch|p1b: Basculegion|Basculegion, L50, M|83/100\n|move|p2b: Roaring Nature|Sleep Powder|p1a: Incineroar|[miss]\n|-miss|p2b: Roaring Nature|p1a: Incineroar\n|move|p2a: Roaring Flame|Heat Wave|p1b: Basculegion|[spread] p1a,p1b\n|-resisted|p1a: Incineroar|1\n|-resisted|p1b: Basculegion|1\n|-damage|p1a: Incineroar|36/100\n|-damage|p1b: Basculegion|46/100\n|-enditem|p1a: Incineroar|Sitrus Berry|[eat]\n|-heal|p1a: Incineroar|60/100|[from] item: Sitrus Berry\n|move|p1a: Incineroar|Parting Shot|p2a: Roaring Flame\n|-unboost|p2a: Roaring Flame|atk|1\n|-unboost|p2a: Roaring Flame|spa|1\n|\n|t:|1776638355\n|switch|p1a: Froslass|Froslass-Mega, L50, F|100/100|[from] Parting Shot\n|-weather|Snowscape|[from] ability: Snow Warning|[of] p1a: Froslass\n|\n|-weather|Snowscape|[upkeep]\n|upkeep\n|turn|7\n|l| shreves0\n|\n|t:|1776638370\n|move|p2b: Roaring Nature|Protect|p2b: Roaring Nature\n|-singleturn|p2b: Roaring Nature|Protect\n|move|p1b: Basculegion|Flip Turn|p2a: Roaring Flame\n|-supereffective|p2a: Roaring Flame|1\n|-damage|p2a: Roaring Flame|0 fnt\n|faint|p2a: Roaring Flame\n|\n|t:|1776638374\n|switch|p1b: Incineroar|Incineroar, L50, M|60/100|[from] Flip Turn\n|-ability|p1b: Incineroar|Intimidate|boost\n|-unboost|p2b: Roaring Nature|atk|1\n|move|p1a: Froslass|Nasty Plot|p1a: Froslass\n|-boost|p1a: Froslass|spa|2\n|\n|-weather|Snowscape|[upkeep]\n|upkeep\n|c|\u2606chessin776|ggs man thanks for the insight\n|-message|chessin776 forfeited.\n|\n|win|anexorto1\n|raw|anexorto1's rating: 1099 &rarr; <strong>1123</strong><br />(+24 for winning)\n|raw|chessin776's rating: 1088 &rarr; <strong>1066</strong><br />(-22 for losing)\n|c|\u2606anexorto1|ggs\n",
  "uploadtime": 1776638399,
  "views": 9,
  "formatid": "gen9championsvgc2026regma",
  "rating": 1066,
  "private": 0,
  "password": null
}