{
  "id": "gen9championsvgc2026regma-2581070177",
  "format": "[Gen 9 Champions] VGC 2026 Reg M-A",
  "players": [
    "krius777",
    "TheMoshi"
  ],
  "log": "|j|\u2606krius777\n|j|\u2606TheMoshi\n|t:|1775957028\n|gametype|doubles\n|player|p1|krius777|pokekid|1108\n|player|p2|TheMoshi|rosa|1163\n|gen|9\n|tier|[Gen 9 Champions] VGC 2026 Reg M-A\n|rated|\n|rule|Species Clause: Limit one of each Pok\u00e9mon\n|rule|Item Clause: Limit 1 of each item\n|clearpoke\n|poke|p1|Medicham, L50, M|\n|poke|p1|Tinkaton, L50, F|\n|poke|p1|Politoed, L50, M|\n|poke|p1|Chimecho, L50, F|\n|poke|p1|Espathra, L50, F|\n|poke|p1|Toxicroak, L50, M|\n|poke|p2|Gardevoir, L50, F|\n|poke|p2|Milotic, L50, F|\n|poke|p2|Sinistcha, L50|\n|poke|p2|Sneasler, L50, M|\n|poke|p2|Whimsicott, L50, M|\n|poke|p2|Garchomp, L50, F|\n|teampreview|4\n|inactive|Battle timer is ON: inactive players will automatically lose when time's up. (requested by krius777)\n|\n|t:|1775957106\n|teamsize|p1|4\n|teamsize|p2|4\n|start\n|switch|p1a: Toxicroak|Toxicroak, L50, M, shiny|100/100\n|switch|p1b: Medicham|Medicham, L50, M, shiny|100/100\n|switch|p2a: Sinistcha|Sinistcha, L50|100/100\n|switch|p2b: Gardevoir|Gardevoir, L50, F, shiny|100/100\n|-ability|p2b: Gardevoir|Pure Power|Trace|[from] ability: Trace|[of] p1b: Medicham\n|turn|1\n|inactive|krius777 has 30 seconds left.\n|inactive|TheMoshi has 30 seconds left.\n|inactive|TheMoshi has 20 seconds left.\n|\n|t:|1775957144\n|detailschange|p2b: Gardevoir|Gardevoir-Mega, L50, F, shiny\n|-mega|p2b: Gardevoir|Gardevoir|Gardevoirite\n|detailschange|p1b: Medicham|Medicham-Mega, L50, M, shiny\n|-mega|p1b: Medicham|Medicham|Medichamite\n|move|p1b: Medicham|Fake Out|p2b: Gardevoir\n|-damage|p2b: Gardevoir|57/100\n|move|p2a: Sinistcha|Rage Powder|p2a: Sinistcha\n|-singleturn|p2a: Sinistcha|move: Rage Powder\n|move|p1a: Toxicroak|Bullet Punch|p2a: Sinistcha\n|-damage|p2a: Sinistcha|89/100\n|cant|p2b: Gardevoir|flinch\n|\n|upkeep\n|turn|2\n|inactive|TheMoshi has 30 seconds left.\n|\n|t:|1775957173\n|move|p1a: Toxicroak|Bullet Punch|p2b: Gardevoir\n|-supereffective|p2b: Gardevoir|1\n|-damage|p2b: Gardevoir|13/100\n|move|p2b: Gardevoir|Hyper Voice|p1b: Medicham|[spread] p1a,p1b\n|-crit|p1a: Toxicroak\n|-supereffective|p1b: Medicham|1\n|-damage|p1a: Toxicroak|2/100\n|-damage|p1b: Medicham|0 fnt\n|faint|p1b: Medicham\n|move|p2a: Sinistcha|Matcha Gotcha|p1a: Toxicroak\n|-resisted|p1a: Toxicroak|1\n|-damage|p1a: Toxicroak|0 fnt\n|-heal|p2a: Sinistcha|90/100|[from] drain|[of] p1a: Toxicroak\n|faint|p1a: Toxicroak\n|\n|upkeep\n|\n|t:|1775957186\n|switch|p1b: Chimecho|Chimecho, L50, F, shiny|100/100\n|switch|p1a: Tinkaton|Tinkaton, L50, F|100/100\n|turn|3\n|\n|t:|1775957197\n|move|p2b: Gardevoir|Protect|p2b: Gardevoir\n|-singleturn|p2b: Gardevoir|Protect\n|move|p1a: Tinkaton|Fake Out|p2b: Gardevoir\n|-activate|p2b: Gardevoir|move: Protect\n|move|p2a: Sinistcha|Matcha Gotcha|p1b: Chimecho|[spread] p1a,p1b\n|-resisted|p1a: Tinkaton|1\n|-damage|p1a: Tinkaton|89/100\n|-heal|p2a: Sinistcha|97/100|[from] drain|[of] p1a: Tinkaton\n|-damage|p1b: Chimecho|77/100\n|-heal|p2a: Sinistcha|100/100|[from] drain|[of] p1b: Chimecho\n|-status|p1b: Chimecho|brn\n|move|p1b: Chimecho|Light Screen|p1b: Chimecho\n|-sidestart|p1: krius777|move: Light Screen\n|\n|-heal|p1b: Chimecho|83/100 brn|[from] item: Leftovers\n|-damage|p1b: Chimecho|77/100 brn|[from] brn\n|upkeep\n|turn|4\n|inactive|krius777 has 30 seconds left.\n|inactive|TheMoshi has 30 seconds left.\n|inactive|TheMoshi has 20 seconds left.\n|inactive|TheMoshi has 15 seconds left.\n|\n|t:|1775957238\n|move|p2a: Sinistcha|Rage Powder|p2a: Sinistcha\n|-singleturn|p2a: Sinistcha|move: Rage Powder\n|move|p2b: Gardevoir|Hyper Voice|p1b: Chimecho|[spread] p1a,p1b\n|-resisted|p1a: Tinkaton|1\n|-damage|p1a: Tinkaton|74/100\n|-damage|p1b: Chimecho|44/100 brn\n|move|p1a: Tinkaton|Gigaton Hammer|p2a: Sinistcha\n|-damage|p2a: Sinistcha|43/100\n|-enditem|p2a: Sinistcha|Sitrus Berry|[eat]\n|-heal|p2a: Sinistcha|68/100|[from] item: Sitrus Berry\n|move|p1b: Chimecho|Reflect|p1b: Chimecho\n|-sidestart|p1: krius777|Reflect\n|\n|-heal|p1b: Chimecho|50/100 brn|[from] item: Leftovers\n|-damage|p1b: Chimecho|44/100 brn|[from] brn\n|upkeep\n|turn|5\n|inactive|krius777 has 30 seconds left.\n|inactive|TheMoshi has 30 seconds left.\n|\n|t:|1775957269\n|move|p2a: Sinistcha|Rage Powder|p2a: Sinistcha\n|-singleturn|p2a: Sinistcha|move: Rage Powder\n|move|p2b: Gardevoir|Hyper Voice|p1a: Tinkaton|[spread] p1a,p1b\n|-resisted|p1a: Tinkaton|1\n|-damage|p1a: Tinkaton|60/100\n|-damage|p1b: Chimecho|8/100 brn\n|move|p1a: Tinkaton|Play Rough|p2a: Sinistcha\n|-damage|p2a: Sinistcha|35/100\n|move|p1b: Chimecho|Cosmic Power|p1b: Chimecho\n|-boost|p1b: Chimecho|def|1\n|-boost|p1b: Chimecho|spd|1\n|\n|-heal|p1b: Chimecho|14/100 brn|[from] item: Leftovers\n|-damage|p1b: Chimecho|8/100 brn|[from] brn\n|upkeep\n|turn|6\n|\n|t:|1775957286\n|move|p2a: Sinistcha|Rage Powder|p2a: Sinistcha\n|-singleturn|p2a: Sinistcha|move: Rage Powder\n|move|p2b: Gardevoir|Hyper Voice|p1a: Tinkaton|[spread] p1a,p1b\n|-resisted|p1a: Tinkaton|1\n|-crit|p1a: Tinkaton\n|-damage|p1a: Tinkaton|24/100\n|-damage|p1b: Chimecho|0 fnt\n|-enditem|p1a: Tinkaton|Sitrus Berry|[eat]\n|-heal|p1a: Tinkaton|49/100|[from] item: Sitrus Berry\n|faint|p1b: Chimecho\n|move|p1a: Tinkaton|Gigaton Hammer|p2a: Sinistcha\n|-crit|p2a: Sinistcha\n|-damage|p2a: Sinistcha|0 fnt\n|faint|p2a: Sinistcha\n|\n|upkeep\n|-message|krius777 forfeited.\n|\n|win|TheMoshi\n|raw|krius777's rating: 1108 &rarr; <strong>1087</strong><br />(-21 for losing)\n|raw|TheMoshi's rating: 1163 &rarr; <strong>1184</strong><br />(+21 for winning)\n|l|\u2606krius777\n|player|p1|\n",
  "uploadtime": 1775957304,
  "views": 10,
  "formatid": "gen9championsvgc2026regma",
  "rating": 1087,
  "private": 0,
  "password": null
}