{
  "id": "gen9championsvgc2026regma-2580945893",
  "format": "[Gen 9 Champions] VGC 2026 Reg M-A",
  "players": [
    "JustDevi",
    "Yeatlover20"
  ],
  "log": "|j|\u2606JustDevi\n|j|\u2606Yeatlover20\n|t:|1775945619\n|gametype|doubles\n|player|p1|JustDevi|265|1213\n|player|p2|Yeatlover20|170|1122\n|gen|9\n|tier|[Gen 9 Champions] VGC 2026 Reg M-A\n|rated|\n|rule|Species Clause: Limit one of each Pok\u00e9mon\n|rule|Item Clause: Limit 1 of each item\n|clearpoke\n|poke|p1|Archaludon, L50, M|\n|poke|p1|Chesnaught, L50, F|\n|poke|p1|Basculegion, L50, M|\n|poke|p1|Pelipper, L50, F|\n|poke|p1|Maushold-Four, L50|\n|poke|p1|Araquanid, L50, M|\n|poke|p2|Basculegion, L50, M|\n|poke|p2|Incineroar, L50, F|\n|poke|p2|Sneasler, L50, F|\n|poke|p2|Gengar, L50, M|\n|poke|p2|Maushold-Four, L50|\n|poke|p2|Garchomp, L50, F|\n|teampreview|4\n|inactive|Battle timer is ON: inactive players will automatically lose when time's up. (requested by Yeatlover20)\nJustDevi rejected open team sheets.\n|inactive|Yeatlover20 has 60 seconds left.\n|\n|t:|1775945654\n|teamsize|p1|4\n|teamsize|p2|4\n|start\n|switch|p1a: VENGEANCE|Basculegion, L50, M|100/100\n|switch|p1b: Chispin|Chesnaught, L50, F|100/100\n|switch|p2a: Sneasler|Sneasler, L50, F, shiny|100/100\n|switch|p2b: Gengar|Gengar, L50, M|100/100\n|turn|1\n|\n|t:|1775945670\n|switch|p2a: Maushold|Maushold-Four, L50|100/100\n|detailschange|p1b: Chispin|Chesnaught-Mega, L50, F\n|-mega|p1b: Chispin|Chesnaught|Chesnaughtite\n|move|p2b: Gengar|Protect|p2b: Gengar\n|-singleturn|p2b: Gengar|Protect\n|move|p1b: Chispin|Spiky Shield|p1b: Chispin\n|-singleturn|p1b: Chispin|move: Protect\n|move|p1a: VENGEANCE|Last Respects|p2b: Gengar\n|-activate|p2b: Gengar|move: Protect\n|\n|upkeep\n|turn|2\n|\n|t:|1775945690\n|switch|p1a: MINE MINE MINE|Pelipper, L50, F|100/100\n|-weather|RainDance|[from] ability: Drizzle|[of] p1a: MINE MINE MINE\n|switch|p2b: Incineroar|Incineroar, L50, F, shiny|100/100\n|-ability|p2b: Incineroar|Intimidate|boost\n|-unboost|p1a: MINE MINE MINE|atk|1\n|-unboost|p1b: Chispin|atk|1\n|move|p2a: Maushold|Encore|p1b: Chispin\n|-start|p1b: Chispin|Encore\n|move|p1b: Chispin|Spiky Shield||[still]\n|-fail|p1b: Chispin\n|\n|-weather|RainDance|[upkeep]\n|upkeep\n|turn|3\n|\n|t:|1775945708\n|switch|p2a: Gengar|Gengar, L50, M|100/100\n|switch|p1b: MIKE KILL ALL|Archaludon, L50, M, shiny|100/100\n|move|p2b: Incineroar|Fake Out|p1a: MINE MINE MINE\n|-damage|p1a: MINE MINE MINE|87/100\n|cant|p1a: MINE MINE MINE|flinch\n|\n|-weather|RainDance|[upkeep]\n|upkeep\n|turn|4\n|\n|t:|1775945731\n|detailschange|p2a: Gengar|Gengar-Mega, L50, M\n|-mega|p2a: Gengar|Gengar|Gengarite\n|move|p2a: Gengar|Shadow Ball|p1a: MINE MINE MINE\n|-damage|p1a: MINE MINE MINE|0 fnt\n|faint|p1a: MINE MINE MINE\n|move|p1b: MIKE KILL ALL|Electro Shot||[still]\n|-prepare|p1b: MIKE KILL ALL|Electro Shot\n|-boost|p1b: MIKE KILL ALL|spa|1\n|-anim|p1b: MIKE KILL ALL|Electro Shot|p2b: Incineroar\n|-damage|p2b: Incineroar|50/100\n|-enditem|p2b: Incineroar|Sitrus Berry|[eat]\n|-heal|p2b: Incineroar|75/100|[from] item: Sitrus Berry\n|move|p2b: Incineroar|Parting Shot|p1b: MIKE KILL ALL\n|-unboost|p1b: MIKE KILL ALL|atk|1\n|-unboost|p1b: MIKE KILL ALL|spa|1\n|\n|t:|1775945742\n|switch|p2b: Sneasler|Sneasler, L50, F, shiny|100/100|[from] Parting Shot\n|\n|-weather|RainDance|[upkeep]\n|upkeep\n|\n|t:|1775945748\n|switch|p1a: VENGEANCE|Basculegion, L50, M|100/100\n|turn|5\n|\n|t:|1775945775\n|switch|p2a: Maushold|Maushold-Four, L50|100/100\n|move|p1a: VENGEANCE|Flip Turn|p2b: Sneasler\n|-damage|p2b: Sneasler|30/100\n|\n|t:|1775945781\n|switch|p1a: Chispin|Chesnaught-Mega, L50, F|100/100|[from] Flip Turn\n|move|p2b: Sneasler|Close Combat|p1b: MIKE KILL ALL\n|-supereffective|p1b: MIKE KILL ALL|1\n|-damage|p1b: MIKE KILL ALL|17/100\n|-unboost|p2b: Sneasler|def|1\n|-unboost|p2b: Sneasler|spd|1\n|-ability|p1b: MIKE KILL ALL|Stamina|boost\n|-boost|p1b: MIKE KILL ALL|def|1\n|-enditem|p2b: Sneasler|White Herb\n|-clearnegativeboost|p2b: Sneasler|[silent]\n|move|p1b: MIKE KILL ALL|Electro Shot||[still]\n|-prepare|p1b: MIKE KILL ALL|Electro Shot\n|-boost|p1b: MIKE KILL ALL|spa|1\n|-anim|p1b: MIKE KILL ALL|Electro Shot|p2b: Sneasler\n|-damage|p2b: Sneasler|0 fnt\n|faint|p2b: Sneasler\n|\n|-weather|RainDance|[upkeep]\n|-heal|p1b: MIKE KILL ALL|23/100|[from] item: Leftovers\n|upkeep\n|\n|t:|1775945796\n|switch|p2b: Incineroar|Incineroar, L50, F, shiny|75/100\n|-ability|p2b: Incineroar|Intimidate|boost\n|-unboost|p1a: Chispin|atk|1\n|-unboost|p1b: MIKE KILL ALL|atk|1\n|turn|6\n|\n|t:|1775945814\n|move|p1a: Chispin|Spiky Shield|p1a: Chispin\n|-singleturn|p1a: Chispin|move: Protect\n|move|p2a: Maushold|Super Fang|p1a: Chispin\n|-activate|p1a: Chispin|move: Protect\n|-damage|p2a: Maushold|88/100|[from] Spiky Shield|[of] p1a: Chispin\n|move|p1b: MIKE KILL ALL|Electro Shot||[still]\n|-prepare|p1b: MIKE KILL ALL|Electro Shot\n|-boost|p1b: MIKE KILL ALL|spa|1\n|-anim|p1b: MIKE KILL ALL|Electro Shot|p2a: Maushold\n|-damage|p2a: Maushold|0 fnt\n|faint|p2a: Maushold\n|move|p2b: Incineroar|Parting Shot|p1b: MIKE KILL ALL\n|-unboost|p1b: MIKE KILL ALL|atk|1\n|-unboost|p1b: MIKE KILL ALL|spa|1\n|\n|t:|1775945825\n|switch|p2b: Gengar|Gengar-Mega, L50, M|100/100|[from] Parting Shot\n|\n|-weather|none\n|-heal|p1b: MIKE KILL ALL|29/100|[from] item: Leftovers\n|upkeep\n|\n|t:|1775945827\n|switch|p2a: Incineroar|Incineroar, L50, F, shiny|75/100\n|-ability|p2a: Incineroar|Intimidate|boost\n|-unboost|p1a: Chispin|atk|1\n|-unboost|p1b: MIKE KILL ALL|atk|1\n|turn|7\n|\n|t:|1775945840\n|move|p2b: Gengar|Shadow Ball|p1b: MIKE KILL ALL\n|-damage|p1b: MIKE KILL ALL|0 fnt\n|faint|p1b: MIKE KILL ALL\n|move|p2a: Incineroar|Flare Blitz|p1a: Chispin\n|-supereffective|p1a: Chispin|1\n|-damage|p1a: Chispin|56/100\n|-damage|p2a: Incineroar|61/100|[from] Recoil\n|move|p1a: Chispin|Leech Seed|p2b: Gengar\n|-start|p2b: Gengar|move: Leech Seed\n|\n|-damage|p2b: Gengar|88/100|[from] Leech Seed|[of] p1a: Chispin\n|-heal|p1a: Chispin|65/100|[silent]\n|upkeep\n|\n|t:|1775945851\n|switch|p1b: VENGEANCE|Basculegion, L50, M|100/100\n|turn|8\n|\n|t:|1775945862\n|move|p1a: Chispin|Spiky Shield|p1a: Chispin\n|-singleturn|p1a: Chispin|move: Protect\n|move|p1b: VENGEANCE|Last Respects|p2a: Incineroar\n|-resisted|p2a: Incineroar|1\n|-damage|p2a: Incineroar|16/100\n|move|p2b: Gengar|Shadow Ball|p1b: VENGEANCE\n|-supereffective|p1b: VENGEANCE|1\n|-damage|p1b: VENGEANCE|0 fnt\n|faint|p1b: VENGEANCE\n|move|p2a: Incineroar|Flare Blitz|p1a: Chispin\n|-activate|p1a: Chispin|move: Protect\n|-damage|p2a: Incineroar|4/100|[from] Spiky Shield|[of] p1a: Chispin\n|\n|-damage|p2b: Gengar|76/100|[from] Leech Seed|[of] p1a: Chispin\n|-heal|p1a: Chispin|74/100|[silent]\n|upkeep\n|turn|9\n|\n|t:|1775945878\n|move|p2b: Gengar|Disable|p1a: Chispin\n|-start|p1a: Chispin|Disable|Spiky Shield\n|move|p2a: Incineroar|Flare Blitz|p1a: Chispin\n|-supereffective|p1a: Chispin|1\n|-damage|p1a: Chispin|27/100\n|-damage|p2a: Incineroar|0 fnt|[from] Recoil\n|faint|p2a: Incineroar\n|move|p1a: Chispin|Knock Off|p2b: Gengar\n|-supereffective|p2b: Gengar|1\n|-damage|p2b: Gengar|42/100\n|\n|-damage|p2b: Gengar|30/100|[from] Leech Seed|[of] p1a: Chispin\n|-heal|p1a: Chispin|36/100|[silent]\n|upkeep\n|turn|10\n|\n|t:|1775945893\n|move|p2b: Gengar|Shadow Ball|p1a: Chispin\n|-immune|p1a: Chispin|[from] ability: Bulletproof\n|move|p1a: Chispin|Knock Off|p2b: Gengar\n|-supereffective|p2b: Gengar|1\n|-damage|p2b: Gengar|0 fnt\n|faint|p2b: Gengar\n|\n|win|JustDevi\n|raw|JustDevi's rating: 1213 &rarr; <strong>1232</strong><br />(+19 for winning)\n|raw|Yeatlover20's rating: 1122 &rarr; <strong>1103</strong><br />(-19 for losing)\n|l|\u2606Yeatlover20\n|player|p2|\n",
  "uploadtime": 1775945902,
  "views": 26,
  "formatid": "gen9championsvgc2026regma",
  "rating": 1103,
  "private": 0,
  "password": null
}