{
  "id": "gen9championsvgc2026regma-2582310030",
  "format": "[Gen 9 Champions] VGC 2026 Reg M-A",
  "players": [
    "Braute",
    "alxback"
  ],
  "log": "|j|\u2606Braute\n|j|\u2606alxback\n|t:|1776082136\n|gametype|doubles\n|player|p1|Braute|miku-fire|1302\n|player|p2|alxback|swimmer|1288\n|gen|9\n|tier|[Gen 9 Champions] VGC 2026 Reg M-A\n|rated|\n|rule|Species Clause: Limit one of each Pok\u00e9mon\n|rule|Item Clause: Limit 1 of each item\n|clearpoke\n|poke|p1|Beedrill, L50, F|\n|poke|p1|Incineroar, L50, M|\n|poke|p1|Talonflame, L50, M|\n|poke|p1|Kingambit, L50, M|\n|poke|p1|Tyranitar, L50, F|\n|poke|p1|Excadrill, L50, F|\n|poke|p2|Blastoise, L50, M|\n|poke|p2|Farigiraf, L50, F|\n|poke|p2|Bellibolt, L50, F|\n|poke|p2|Sinistcha, L50|\n|poke|p2|Rhyperior, L50, F|\n|poke|p2|Camerupt, L50, M|\n|teampreview|4\n|inactive|Battle timer is ON: inactive players will automatically lose when time's up. (requested by Braute)\n|inactive|alxback also wants the timer to be on.\n|\n|t:|1776082160\n|teamsize|p1|4\n|teamsize|p2|4\n|start\n|switch|p1a: Tyranitar|Tyranitar, L50, F|100/100\n|switch|p1b: Excadrill|Excadrill, L50, F|100/100\n|switch|p2a: UK boi|Farigiraf, L50, F, shiny|100/100\n|switch|p2b: US Big belly|Blastoise, L50, M, shiny|100/100\n|-weather|Sandstorm|[from] ability: Sand Stream|[of] p1a: Tyranitar\n|turn|1\n|\n|t:|1776082178\n|detailschange|p1a: Tyranitar|Tyranitar-Mega, L50, F\n|-mega|p1a: Tyranitar|Tyranitar|Tyranitarite\n|move|p2b: US Big belly|Fake Out|p1a: Tyranitar\n|-resisted|p1a: Tyranitar|1\n|-damage|p1a: Tyranitar|98/100\n|move|p1b: Excadrill|High Horsepower|p2b: US Big belly\n|-damage|p2b: US Big belly|52/100\n|cant|p1a: Tyranitar|flinch\n|move|p2a: UK boi|Trick Room|p2a: UK boi\n|-fieldstart|move: Trick Room|[of] p2a: UK boi\n|\n|-weather|Sandstorm|[upkeep]\n|-damage|p2a: UK boi|94/100|[from] Sandstorm\n|-damage|p2b: US Big belly|46/100|[from] Sandstorm\n|upkeep\n|turn|2\n|\n|t:|1776082198\n|switch|p1b: Incineroar|Incineroar, L50, M, shiny|100/100\n|-ability|p1b: Incineroar|Intimidate|boost\n|-unboost|p2a: UK boi|atk|1\n|-unboost|p2b: US Big belly|atk|1\n|move|p2a: UK boi|Hyper Voice|p1a: Tyranitar|[spread] p1a,p1b\n|-resisted|p1a: Tyranitar|1\n|-damage|p1a: Tyranitar|87/100\n|-damage|p1b: Incineroar|70/100\n|move|p2b: US Big belly|Aura Sphere|p1a: Tyranitar\n|-supereffective|p1a: Tyranitar|2\n|-damage|p1a: Tyranitar|30/100\n|move|p1a: Tyranitar|Rock Slide|p2b: US Big belly|[spread] p2a,p2b\n|-crit|p2a: UK boi\n|-damage|p2a: UK boi|39/100\n|-damage|p2b: US Big belly|10/100\n|\n|-weather|Sandstorm|[upkeep]\n|-damage|p2a: UK boi|33/100|[from] Sandstorm\n|-damage|p1b: Incineroar|64/100|[from] Sandstorm\n|-damage|p2b: US Big belly|4/100|[from] Sandstorm\n|upkeep\n|turn|3\n|\n|t:|1776082216\n|move|p1a: Tyranitar|Protect|p1a: Tyranitar\n|-singleturn|p1a: Tyranitar|Protect\n|move|p2a: UK boi|Hyper Voice|p1b: Incineroar|[spread] p1b\n|-activate|p1a: Tyranitar|move: Protect\n|-damage|p1b: Incineroar|37/100\n|-enditem|p1b: Incineroar|Sitrus Berry|[eat]\n|-heal|p1b: Incineroar|61/100|[from] item: Sitrus Berry\n|move|p1b: Incineroar|Darkest Lariat|p2a: UK boi\n|-supereffective|p2a: UK boi|1\n|-damage|p2a: UK boi|0 fnt\n|faint|p2a: UK boi\n|move|p2b: US Big belly|Water Pulse|p1b: Incineroar\n|-supereffective|p1b: Incineroar|1\n|-damage|p1b: Incineroar|0 fnt\n|faint|p1b: Incineroar\n|\n|-weather|Sandstorm|[upkeep]\n|-damage|p2b: US Big belly|0 fnt|[from] Sandstorm\n|faint|p2b: US Big belly\n|upkeep\n|\n|t:|1776082233\n|switch|p2a: China blue|Camerupt, L50, M, shiny|100/100\n|switch|p1b: Kingambit|Kingambit, L50, M, shiny|100/100\n|switch|p2b: Japan yamede|Sinistcha, L50|100/100\n|turn|4\n|\n|t:|1776082243\n|detailschange|p2a: China blue|Camerupt-Mega, L50, M, shiny\n|-mega|p2a: China blue|Camerupt|Cameruptite\n|move|p1b: Kingambit|Protect|p1b: Kingambit\n|-singleturn|p1b: Kingambit|Protect\n|move|p2b: Japan yamede|Rage Powder|p2b: Japan yamede\n|-singleturn|p2b: Japan yamede|move: Rage Powder\n|move|p2a: China blue|Heat Wave|p1a: Tyranitar|[spread] p1a\n|-activate|p1b: Kingambit|move: Protect\n|-resisted|p1a: Tyranitar|1\n|-damage|p1a: Tyranitar|14/100\n|move|p1a: Tyranitar|Knock Off|p2b: Japan yamede\n|-supereffective|p2b: Japan yamede|1\n|-damage|p2b: Japan yamede|3/100\n|-enditem|p2b: Japan yamede|Sitrus Berry|[from] move: Knock Off|[of] p1a: Tyranitar\n|\n|-weather|Sandstorm|[upkeep]\n|-damage|p2b: Japan yamede|0 fnt|[from] Sandstorm\n|faint|p2b: Japan yamede\n|upkeep\n|turn|5\n|c|\u2606alxback|oh\n|c|\u2606alxback|gg\n|inactive|Braute has 30 seconds left.\n|\n|t:|1776082268\n|move|p1a: Tyranitar|Protect|p1a: Tyranitar\n|-singleturn|p1a: Tyranitar|Protect\n|move|p1b: Kingambit|Sucker Punch|p2a: China blue\n|-damage|p2a: China blue|48/100\n|move|p2a: China blue|Heat Wave|p1b: Kingambit|[spread] p1b\n|-activate|p1a: Tyranitar|move: Protect\n|-supereffective|p1b: Kingambit|1\n|-damage|p1b: Kingambit|1/100\n|\n|-weather|none\n|-fieldend|move: Trick Room\n|upkeep\n|turn|6\n|-message|alxback forfeited.\n|\n|win|Braute\n|raw|Braute's rating: 1302 &rarr; <strong>1321</strong><br />(+19 for winning)\n|raw|alxback's rating: 1288 &rarr; <strong>1264</strong><br />(-24 for losing)\n",
  "uploadtime": 1776082277,
  "views": 43,
  "formatid": "gen9championsvgc2026regma",
  "rating": 1264,
  "private": 0,
  "password": null
}