{
  "id": "gen9championsvgc2026regma-2587372287",
  "format": "[Gen 9 Champions] VGC 2026 Reg M-A",
  "players": [
    "autiorez",
    "yuriimon"
  ],
  "log": "|j|\u2606autiorez\n|j|\u2606yuriimon\n|t:|1776526277\n|gametype|doubles\n|player|p1|autiorez|youngn|1181\n|player|p2|yuriimon|waitress-gen4|1218\n|gen|9\n|tier|[Gen 9 Champions] VGC 2026 Reg M-A\n|rated|\n|rule|Species Clause: Limit one of each Pok\u00e9mon\n|rule|Item Clause: Limit 1 of each item\n|clearpoke\n|poke|p1|Skarmory, L50, M, shiny|\n|poke|p1|Umbreon, L50, M, shiny|\n|poke|p1|Farigiraf, L50, F|\n|poke|p1|Cofagrigus, L50, F|\n|poke|p1|Clefable, L50, F|\n|poke|p1|Sableye, L50, M|\n|poke|p2|Glimmora, L50, F|\n|poke|p2|Incineroar, L50, M|\n|poke|p2|Politoed, L50, M|\n|poke|p2|Basculegion, L50, M|\n|poke|p2|Chesnaught, L50, F|\n|poke|p2|Dragapult, L50, F|\n|teampreview|4\n|inactive|Battle timer is ON: inactive players will automatically lose when time's up. (requested by yuriimon)\n|inactive|autiorez also wants the timer to be on.\n|inactive|autiorez has 60 seconds left.\n|inactive|yuriimon has 60 seconds left.\n|\n|t:|1776526321\n|teamsize|p1|4\n|teamsize|p2|4\n|start\n|switch|p1a: Friend Ball|Skarmory, L50, M, shiny|100/100\n|switch|p1b: Ultra Ball|Cofagrigus, L50, F|100/100\n|switch|p2a: Chesnaught|Chesnaught, L50, F|100/100\n|switch|p2b: Incineroar|Incineroar, L50, M|100/100\n|-ability|p2b: Incineroar|Intimidate|boost\n|-unboost|p1a: Friend Ball|atk|1\n|-unboost|p1b: Ultra Ball|atk|1\n|turn|1\n|\n|t:|1776526337\n|detailschange|p2a: Chesnaught|Chesnaught-Mega, L50, F\n|-mega|p2a: Chesnaught|Chesnaught|Chesnaughtite\n|move|p1a: Friend Ball|Protect|p1a: Friend Ball\n|-singleturn|p1a: Friend Ball|Protect\n|move|p2b: Incineroar|Fake Out|p1a: Friend Ball\n|-activate|p1a: Friend Ball|move: Protect\n|move|p1b: Ultra Ball|Trick|p2b: Incineroar\n|-activate|p1b: Ultra Ball|move: Trick|[of] p2b: Incineroar\n|-item|p2b: Incineroar|Choice Scarf|[from] move: Trick\n|-item|p1b: Ultra Ball|Sitrus Berry|[from] move: Trick\n|move|p2a: Chesnaught|Iron Defense|p2a: Chesnaught\n|-boost|p2a: Chesnaught|def|2\n|\n|upkeep\n|turn|2\n|inactive|autiorez has 30 seconds left.\n|\n|t:|1776526364\n|detailschange|p1a: Friend Ball|Skarmory-Mega, L50, M, shiny\n|-mega|p1a: Friend Ball|Skarmory|Skarmorite\n|move|p1b: Ultra Ball|Protect|p1b: Ultra Ball\n|-singleturn|p1b: Ultra Ball|Protect\n|move|p2b: Incineroar|Darkest Lariat|p1b: Ultra Ball\n|-activate|p1b: Ultra Ball|move: Protect\n|move|p1a: Friend Ball|Swords Dance|p1a: Friend Ball\n|-boost|p1a: Friend Ball|atk|2\n|move|p2a: Chesnaught|Body Press|p1a: Friend Ball\n|-damage|p1a: Friend Ball|0 fnt\n|faint|p1a: Friend Ball\n|\n|upkeep\n|\n|t:|1776526381\n|switch|p1a: Heal Ball|Clefable, L50, F|100/100\n|turn|3\n|inactive|autiorez has 30 seconds left.\n|inactive|yuriimon has 30 seconds left.\n|inactive|autiorez has 20 seconds left.\n|inactive|autiorez has 15 seconds left.\n|\n|t:|1776526422\n|switch|p2b: Glimmora|Glimmora, L50, F|100/100\n|move|p1a: Heal Ball|Dazzling Gleam|p2a: Chesnaught|[spread] p2a,p2b\n|-supereffective|p2a: Chesnaught|1\n|-resisted|p2b: Glimmora|1\n|-damage|p2a: Chesnaught|70/100\n|-damage|p2b: Glimmora|87/100\n|move|p2a: Chesnaught|Knock Off|p1b: Ultra Ball\n|-supereffective|p1b: Ultra Ball|1\n|-damage|p1b: Ultra Ball|65/100\n|-activate|p1b: Ultra Ball|ability: Mummy|p2a: Chesnaught|[ability] Bulletproof\n|-enditem|p1b: Ultra Ball|Sitrus Berry|[from] move: Knock Off|[of] p2a: Chesnaught\n|move|p1b: Ultra Ball|Memento|p2a: Chesnaught\n|-unboost|p2a: Chesnaught|atk|2\n|-unboost|p2a: Chesnaught|spa|2\n|faint|p1b: Ultra Ball\n|\n|upkeep\n|\n|t:|1776526424\n|switch|p1b: Level Ball|Farigiraf, L50, F|100/100\n|turn|4\n|\n|t:|1776526448\n|move|p1a: Heal Ball|Protect|p1a: Heal Ball\n|-singleturn|p1a: Heal Ball|Protect\n|move|p2a: Chesnaught|Protect|p2a: Chesnaught\n|-singleturn|p2a: Chesnaught|Protect\n|move|p2b: Glimmora|Sludge Wave|p1a: Heal Ball|[spread] p1b\n|-activate|p2a: Chesnaught|move: Protect\n|-activate|p1a: Heal Ball|move: Protect\n|-damage|p1b: Level Ball|56/100\n|move|p1b: Level Ball|Trick Room|p1b: Level Ball\n|-fieldstart|move: Trick Room|[of] p1b: Level Ball\n|\n|upkeep\n|turn|5\n|\n|t:|1776526465\n|move|p2a: Chesnaught|Body Press|p1b: Level Ball\n|-damage|p1b: Level Ball|0 fnt\n|faint|p1b: Level Ball\n|move|p1a: Heal Ball|Heal Pulse|p1: Level Ball|[notarget]\n|-fail|p1a: Heal Ball\n|move|p2b: Glimmora|Sludge Wave|p1a: Heal Ball|[spread] p2a,p1a\n|-supereffective|p2a: Chesnaught|1\n|-supereffective|p1a: Heal Ball|1\n|-damage|p2a: Chesnaught|0 fnt\n|-damage|p1a: Heal Ball|46/100\n|-enditem|p1a: Heal Ball|Sitrus Berry|[eat]\n|-heal|p1a: Heal Ball|71/100|[from] item: Sitrus Berry\n|faint|p2a: Chesnaught\n|\n|upkeep\n|-message|autiorez forfeited.\n|\n|win|yuriimon\n|raw|autiorez's rating: 1181 &rarr; <strong>1159</strong><br />(-22 for losing)\n|raw|yuriimon's rating: 1218 &rarr; <strong>1240</strong><br />(+22 for winning)\n|l|\u2606autiorez\n|player|p1|\n",
  "uploadtime": 1776526479,
  "views": 22,
  "formatid": "gen9championsvgc2026regma",
  "rating": 1159,
  "private": 0,
  "password": null
}