{
  "id": "gen9championsvgc2026regma-2585171017",
  "format": "[Gen 9 Champions] VGC 2026 Reg M-A",
  "players": [
    "Pinnecks",
    "Tbrox1234"
  ],
  "log": "|j|\u2606Pinnecks\n|j|\u2606Tbrox1234\n|t:|1776320632\n|gametype|doubles\n|player|p1|Pinnecks|lyra|1099\n|player|p2|Tbrox1234|102|1055\n|gen|9\n|tier|[Gen 9 Champions] VGC 2026 Reg M-A\n|rated|\n|rule|Species Clause: Limit one of each Pok\u00e9mon\n|rule|Item Clause: Limit 1 of each item\n|clearpoke\n|poke|p1|Aerodactyl, L50, M|\n|poke|p1|Altaria, L50, F|\n|poke|p1|Milotic, L50, F|\n|poke|p1|Aegislash, L50, M|\n|poke|p1|Salazzle, L50, F|\n|poke|p1|Raichu-Alola, L50, M|\n|poke|p2|Altaria, L50, F|\n|poke|p2|Greninja-*, L50, F|\n|poke|p2|Lucario, L50, M|\n|poke|p2|Alakazam, L50, M|\n|poke|p2|Meowstic, L50, M|\n|poke|p2|Milotic, L50, F|\n|teampreview|4\n|inactive|Battle timer is ON: inactive players will automatically lose when time's up. (requested by Pinnecks)\n|\n|t:|1776320658\n|teamsize|p1|4\n|teamsize|p2|4\n|start\n|switch|p1a: Aerodactyl|Aerodactyl, L50, M|100/100\n|switch|p1b: Raichu|Raichu-Alola, L50, M|100/100\n|switch|p2a: Meowstic|Meowstic, L50, M|100/100\n|switch|p2b: Alakazam|Alakazam, L50, M|100/100\n|-ability|p1a: Aerodactyl|Unnerve\n|turn|1\n|\n|t:|1776320679\n|detailschange|p2b: Alakazam|Alakazam-Mega, L50, M\n|-mega|p2b: Alakazam|Alakazam|Alakazite\n|-ability|p2b: Alakazam|Unnerve|Trace|[from] ability: Trace|[of] p1a: Aerodactyl\n|-ability|p2b: Alakazam|Unnerve\n|move|p1b: Raichu|Fake Out|p2b: Alakazam\n|-damage|p2b: Alakazam|85/100\n|move|p2a: Meowstic|Psychic Terrain|p2a: Meowstic\n|-fieldstart|move: Psychic Terrain\n|cant|p2b: Alakazam|flinch\n|move|p1a: Aerodactyl|Rock Slide|p2a: Meowstic|[spread] p2a,p2b\n|-damage|p2a: Meowstic|71/100\n|-damage|p2b: Alakazam|37/100\n|\n|upkeep\n|turn|2\n|\n|t:|1776320699\n|move|p2a: Meowstic|Light Screen|p2a: Meowstic\n|-sidestart|p2: Tbrox1234|move: Light Screen\n|move|p2b: Alakazam|Expanding Force|p1b: Raichu|[spread] p1a,p1b\n|-resisted|p1b: Raichu|1\n|-enditem|p1a: Aerodactyl|Focus Sash\n|-damage|p1a: Aerodactyl|1/100\n|-damage|p1b: Raichu|57/100\n|move|p1a: Aerodactyl|Tailwind|p1a: Aerodactyl\n|-sidestart|p1: Pinnecks|move: Tailwind\n|move|p1b: Raichu|Thunderbolt|p2a: Meowstic\n|-damage|p2a: Meowstic|55/100\n|\n|upkeep\n|turn|3\n|inactive|Tbrox1234 has 30 seconds left.\n|\n|t:|1776320725\n|move|p1a: Aerodactyl|Rock Slide|p2a: Meowstic|[spread] p2a,p2b\n|-damage|p2a: Meowstic|26/100\n|-damage|p2b: Alakazam|0 fnt\n|faint|p2b: Alakazam\n|move|p1b: Raichu|Thunderbolt|p2a: Meowstic\n|-damage|p2a: Meowstic|10/100\n|move|p2a: Meowstic|Expanding Force|p1a: Aerodactyl|[spread] p1a,p1b\n|-resisted|p1b: Raichu|1\n|-damage|p1a: Aerodactyl|0 fnt\n|-damage|p1b: Raichu|34/100\n|faint|p1a: Aerodactyl\n|\n|upkeep\n|\n|t:|1776320740\n|switch|p2b: Greninja|Greninja, L50, F, shiny|100/100\n|switch|p1a: Altaria|Altaria, L50, F, shiny|100/100\n|-ability|p1a: Altaria|Cloud Nine\n|turn|4\n|\n|t:|1776320761\n|detailschange|p1a: Altaria|Altaria-Mega, L50, F, shiny\n|-mega|p1a: Altaria|Altaria|Altarianite\n|move|p1b: Raichu|Thunderbolt|p2b: Greninja\n|-supereffective|p2b: Greninja|1\n|-damage|p2b: Greninja|37/100\n|move|p1a: Altaria|Hyper Voice|p2a: Meowstic|[spread] p2a,p2b\n|-supereffective|p2b: Greninja|1\n|-damage|p2a: Meowstic|0 fnt\n|-damage|p2b: Greninja|0 fnt\n|faint|p2a: Meowstic\n|faint|p2b: Greninja\n|\n|upkeep\n|\n|t:|1776320779\n|switch|p2a: Milotic|Milotic, L50, F|100/100\n|turn|5\n|\n|t:|1776320786\n|move|p1b: Raichu|Thunderbolt|p2a: Milotic\n|-supereffective|p2a: Milotic|1\n|-damage|p2a: Milotic|79/100\n|move|p1a: Altaria|Draco Meteor|p2a: Milotic\n|-damage|p2a: Milotic|53/100\n|-unboost|p1a: Altaria|spa|2\n|move|p2a: Milotic|Ice Beam|p1a: Altaria\n|-supereffective|p1a: Altaria|1\n|-damage|p1a: Altaria|51/100\n|\n|-heal|p2a: Milotic|59/100|[from] item: Leftovers\n|-sideend|p1: Pinnecks|move: Tailwind\n|-fieldend|move: Psychic Terrain\n|upkeep\n|turn|6\n|-message|Tbrox1234 forfeited.\n|\n|win|Pinnecks\n|raw|Pinnecks's rating: 1099 &rarr; <strong>1121</strong><br />(+22 for winning)\n|raw|Tbrox1234's rating: 1055 &rarr; <strong>1039</strong><br />(-16 for losing)\n|l|\u2606Tbrox1234\n|player|p2|\n",
  "uploadtime": 1776320802,
  "views": 19,
  "formatid": "gen9championsvgc2026regma",
  "rating": 1039,
  "private": 0,
  "password": null
}