{
  "id": "gen9championsvgc2026regma-2585441882",
  "format": "[Gen 9 Champions] VGC 2026 Reg M-A",
  "players": [
    "Lilmoose01",
    "KUTF1"
  ],
  "log": "|j|\u2606Lilmoose01\n|j|\u2606KUTF1\n|t:|1776347553\n|gametype|doubles\n|player|p1|Lilmoose01|red|1224\n|player|p2|KUTF1|harlequin|1305\n|gen|9\n|tier|[Gen 9 Champions] VGC 2026 Reg M-A\n|rated|\n|rule|Species Clause: Limit one of each Pok\u00e9mon\n|rule|Item Clause: Limit 1 of each item\n|clearpoke\n|poke|p1|Charizard, L50, M|\n|poke|p1|Venusaur, L50, M|\n|poke|p1|Sneasler, L50, F|\n|poke|p1|Rotom-Wash, L50|\n|poke|p1|Incineroar, L50, F|\n|poke|p1|Garchomp, L50, M|\n|poke|p2|Drampa, L50, F|\n|poke|p2|Emboar, L50, F|\n|poke|p2|Decidueye-Hisui, L50, F|\n|poke|p2|Kingambit, L50, M|\n|poke|p2|Farigiraf, L50, F|\n|poke|p2|Incineroar, L50, M|\n|teampreview|4\n|inactive|Battle timer is ON: inactive players will automatically lose when time's up. (requested by KUTF1)\nLilmoose01 has agreed to open team sheets.\n|inactive|Lilmoose01 has 60 seconds left.\n|\n|t:|1776347592\n|teamsize|p1|4\n|teamsize|p2|4\n|start\n|switch|p1a: Charizard|Charizard, L50, M|100/100\n|switch|p1b: Venusaur|Venusaur, L50, M|100/100\n|switch|p2a: Yoo Mira|Farigiraf, L50, F|100/100\n|switch|p2b: The Gourd|Incineroar, L50, M|100/100\n|-ability|p2b: The Gourd|Intimidate|boost\n|-unboost|p1a: Charizard|atk|1\n|-unboost|p1b: Venusaur|atk|1\n|turn|1\n|\n|t:|1776347608\n|detailschange|p1a: Charizard|Charizard-Mega-Y, L50, M\n|-mega|p1a: Charizard|Charizard|Charizardite Y\n|-weather|SunnyDay|[from] ability: Drought|[of] p1a: Charizard\n|move|p2b: The Gourd|Fake Out|p1a: Charizard\n|-damage|p1a: Charizard|80/100\n|move|p1b: Venusaur|Sleep Powder|p2a: Yoo Mira\n|-status|p2a: Yoo Mira|slp|[from] move: Sleep Powder\n|-enditem|p2a: Yoo Mira|Lum Berry|[eat]\n|-curestatus|p2a: Yoo Mira|slp|[msg]\n|cant|p1a: Charizard|flinch\n|move|p2a: Yoo Mira|Trick Room|p2a: Yoo Mira\n|-fieldstart|move: Trick Room|[of] p2a: Yoo Mira\n|\n|-weather|SunnyDay|[upkeep]\n|upkeep\n|turn|2\n|\n|t:|1776347623\n|move|p1b: Venusaur|Protect|p1b: Venusaur\n|-singleturn|p1b: Venusaur|Protect\n|move|p2a: Yoo Mira|Hyper Voice|p1a: Charizard|[spread] p1a\n|-activate|p1b: Venusaur|move: Protect\n|-damage|p1a: Charizard|52/100\n|move|p2b: The Gourd|Flare Blitz|p1b: Venusaur\n|-activate|p1b: Venusaur|move: Protect\n|move|p1a: Charizard|Heat Wave|p2b: The Gourd|[spread] p2a,p2b\n|-resisted|p2b: The Gourd|1\n|-damage|p2a: Yoo Mira|47/100\n|-damage|p2b: The Gourd|70/100\n|\n|-weather|SunnyDay|[upkeep]\n|upkeep\n|turn|3\n|\n|t:|1776347638\n|switch|p1b: Garchomp|Garchomp, L50, M|100/100\n|move|p2a: Yoo Mira|Hyper Voice|p1b: Garchomp|[spread] p1a,p1b\n|-damage|p1a: Charizard|23/100\n|-damage|p1b: Garchomp|72/100\n|move|p2b: The Gourd|Flare Blitz|p1b: Garchomp\n|-resisted|p1b: Garchomp|1\n|-damage|p1b: Garchomp|22/100\n|-damage|p2b: The Gourd|57/100|[from] ability: Rough Skin|[of] p1b: Garchomp\n|-damage|p2b: The Gourd|43/100|[from] Recoil\n|-enditem|p2b: The Gourd|Sitrus Berry|[eat]\n|-heal|p2b: The Gourd|67/100|[from] item: Sitrus Berry\n|move|p1a: Charizard|Heat Wave|p2b: The Gourd|[spread] p2b\n|-miss|p1a: Charizard|p2a: Yoo Mira\n|-resisted|p2b: The Gourd|1\n|-damage|p2b: The Gourd|34/100\n|\n|-weather|SunnyDay|[upkeep]\n|upkeep\n|turn|4\n|\n|t:|1776347651\n|move|p2a: Yoo Mira|Hyper Voice|p1b: Garchomp|[spread] p1a,p1b\n|-damage|p1a: Charizard|0 fnt\n|-damage|p1b: Garchomp|0 fnt\n|faint|p1a: Charizard\n|faint|p1b: Garchomp\n|move|p2b: The Gourd|Parting Shot|p1: Charizard|[notarget]\n|-fail|p2b: The Gourd\n|\n|-weather|SunnyDay|[upkeep]\n|upkeep\n|\n|t:|1776347653\n|switch|p1b: Venusaur|Venusaur, L50, M|100/100\n|switch|p1a: Sneasler|Sneasler, L50, F|100/100\n|turn|5\n|\n|t:|1776347667\n|move|p2a: Yoo Mira|Psychic|p1a: Sneasler\n|-supereffective|p1a: Sneasler|2\n|-damage|p1a: Sneasler|0 fnt\n|faint|p1a: Sneasler\n|move|p2b: The Gourd|Flare Blitz|p1b: Venusaur\n|-supereffective|p1b: Venusaur|1\n|-enditem|p1b: Venusaur|Focus Sash\n|-damage|p1b: Venusaur|1/100\n|-damage|p2b: The Gourd|9/100|[from] Recoil\n|move|p1b: Venusaur|Sludge Bomb|p2b: The Gourd\n|-damage|p2b: The Gourd|0 fnt\n|faint|p2b: The Gourd\n|\n|-weather|none\n|-fieldend|move: Trick Room\n|upkeep\n|\n|t:|1776347669\n|switch|p2b: Guendoowun|Drampa, L50, F, shiny|100/100\n|-ability|p2b: Guendoowun|Cloud Nine\n|turn|6\n|\n|t:|1776347675\n|move|p1b: Venusaur|Sludge Bomb|p2a: Yoo Mira\n|-damage|p2a: Yoo Mira|15/100\n|move|p2a: Yoo Mira|Hyper Voice|p1b: Venusaur\n|-damage|p1b: Venusaur|0 fnt\n|faint|p1b: Venusaur\n|\n|win|KUTF1\n|raw|Lilmoose01's rating: 1224 &rarr; <strong>1205</strong><br />(-19 for losing)\n|raw|KUTF1's rating: 1305 &rarr; <strong>1320</strong><br />(+15 for winning)\n|l|\u2606Lilmoose01\n|player|p1|\n",
  "uploadtime": 1776347682,
  "views": 40,
  "formatid": "gen9championsvgc2026regma",
  "rating": 1205,
  "private": 0,
  "password": null
}