{
  "id": "gen9championsvgc2026regma-2588033515",
  "format": "[Gen 9 Champions] VGC 2026 Reg M-A",
  "players": [
    "horohorovasey",
    "laparoscopia"
  ],
  "log": "|j|\u2606horohorovasey\n|j|\u2606laparoscopia\n|t:|1776595800\n|gametype|doubles\n|player|p1|horohorovasey|miku-ghost|1011\n|player|p2|laparoscopia|1|1000\n|gen|9\n|tier|[Gen 9 Champions] VGC 2026 Reg M-A\n|rated|\n|rule|Species Clause: Limit one of each Pok\u00e9mon\n|rule|Item Clause: Limit 1 of each item\n|clearpoke\n|poke|p1|Gourgeist-Super, L50, F, shiny|\n|poke|p1|Crabominable, L50, M|\n|poke|p1|Tyranitar, L50, M|\n|poke|p1|Incineroar, L50, M|\n|poke|p1|Rotom-Wash, L50|\n|poke|p1|Tinkaton, L50, F|\n|poke|p2|Froslass, L50, F|\n|poke|p2|Ninetales-Alola, L50, F|\n|poke|p2|Incineroar, L50, M|\n|poke|p2|Corviknight, L50, M|\n|poke|p2|Garchomp, L50, F|\n|poke|p2|Aegislash, L50, M, shiny|\n|teampreview|4\n|inactive|Battle timer is ON: inactive players will automatically lose when time's up. (requested by laparoscopia)\n|\n|t:|1776595828\n|teamsize|p1|4\n|teamsize|p2|4\n|start\n|switch|p1a: Incineroar|Incineroar, L50, M|100/100\n|switch|p1b: Goo Goo Dolls|Gourgeist-Super, L50, F, shiny|100/100\n|switch|p2a: Froslass|Froslass, L50, F|100/100\n|switch|p2b: Incineroar|Incineroar, L50, M|100/100\n|-ability|p2b: Incineroar|Intimidate|boost\n|-unboost|p1a: Incineroar|atk|1\n|-unboost|p1b: Goo Goo Dolls|atk|1\n|-ability|p1a: Incineroar|Intimidate|boost\n|-unboost|p2a: Froslass|atk|1\n|-unboost|p2b: Incineroar|atk|1\n|-item|p2a: Froslass|Froslassite|[from] ability: Frisk|[of] p1b: Goo Goo Dolls\n|-item|p2b: Incineroar|Chople Berry|[from] ability: Frisk|[of] p1b: Goo Goo Dolls\n|turn|1\n|inactive|horohorovasey has 30 seconds left.\n|inactive|laparoscopia has 30 seconds left.\n|inactive|horohorovasey has 20 seconds left.\n|inactive|laparoscopia has 20 seconds left.\n|\n|t:|1776595866\n|move|p2a: Froslass|Protect|p2a: Froslass\n|-singleturn|p2a: Froslass|Protect\n|move|p2b: Incineroar|Fake Out|p1a: Incineroar\n|-damage|p1a: Incineroar|95/100\n|cant|p1a: Incineroar|flinch\n|move|p1b: Goo Goo Dolls|Trick Room|p1b: Goo Goo Dolls\n|-fieldstart|move: Trick Room|[of] p1b: Goo Goo Dolls\n|\n|upkeep\n|turn|2\n|inactive|laparoscopia has 30 seconds left.\n|\n|t:|1776595892\n|switch|p2a: Garchomp|Garchomp, L50, F|100/100\n|move|p1b: Goo Goo Dolls|Poltergeist|p2a: Garchomp\n|-activate|p2a: Garchomp|move: Poltergeist|Mental Herb\n|-damage|p2a: Garchomp|73/100\n|move|p1a: Incineroar|Flare Blitz|p2a: Garchomp\n|-resisted|p2a: Garchomp|1\n|-damage|p2a: Garchomp|58/100\n|-damage|p1a: Incineroar|82/100|[from] ability: Rough Skin|[of] p2a: Garchomp\n|-damage|p1a: Incineroar|78/100|[from] Recoil\n|move|p2b: Incineroar|Parting Shot|p1a: Incineroar\n|-unboost|p1a: Incineroar|atk|1\n|-unboost|p1a: Incineroar|spa|1\n|\n|t:|1776595907\n|switch|p2b: Aegislash|Aegislash, L50, M, shiny|100/100|[from] Parting Shot\n|\n|upkeep\n|turn|3\n|\n|t:|1776595914\n|switch|p2a: Incineroar|Incineroar, L50, M|100/100\n|-ability|p2a: Incineroar|Intimidate|boost\n|-unboost|p1a: Incineroar|atk|1\n|-unboost|p1b: Goo Goo Dolls|atk|1\n|move|p2b: Aegislash|King's Shield|p2b: Aegislash\n|-singleturn|p2b: Aegislash|Protect\n|move|p1b: Goo Goo Dolls|Will-O-Wisp|p2b: Aegislash\n|-status|p2b: Aegislash|brn\n|move|p1a: Incineroar|Parting Shot|p2a: Incineroar\n|-unboost|p2a: Incineroar|atk|1\n|-unboost|p2a: Incineroar|spa|1\n|\n|t:|1776595929\n|switch|p1a: Tyranocif|Tyranitar, L50, M|100/100|[from] Parting Shot\n|-weather|Sandstorm|[from] ability: Sand Stream|[of] p1a: Tyranocif\n|\n|-weather|Sandstorm|[upkeep]\n|-damage|p1b: Goo Goo Dolls|94/100|[from] Sandstorm\n|-damage|p2a: Incineroar|95/100|[from] Sandstorm\n|-damage|p2b: Aegislash|95/100 brn|[from] brn\n|upkeep\n|turn|4\n|\n|t:|1776595945\n|switch|p1b: Incineroar|Incineroar, L50, M|78/100\n|-ability|p1b: Incineroar|Intimidate|boost\n|-unboost|p2a: Incineroar|atk|1\n|-unboost|p2b: Aegislash|atk|1\n|move|p2a: Incineroar|Fake Out|p1a: Tyranocif\n|-resisted|p1a: Tyranocif|1\n|-damage|p1a: Tyranocif|98/100\n|cant|p1a: Tyranocif|flinch\n|-formechange|p2b: Aegislash|Aegislash-Blade|\n|move|p2b: Aegislash|Sacred Sword|p1a: Tyranocif\n|-supereffective|p1a: Tyranocif|2\n|-enditem|p1a: Tyranocif|Chople Berry|[eat]\n|-enditem|p1a: Tyranocif|Chople Berry|[weaken]\n|-damage|p1a: Tyranocif|78/100\n|\n|-weather|Sandstorm|[upkeep]\n|-damage|p1b: Incineroar|72/100|[from] Sandstorm\n|-damage|p2a: Incineroar|89/100|[from] Sandstorm\n|-damage|p2b: Aegislash|89/100 brn|[from] brn\n|upkeep\n|turn|5\n|inactive|horohorovasey has 30 seconds left.\n|\n|t:|1776595971\n|switch|p2b: Garchomp|Garchomp, L50, F|58/100\n|move|p1b: Incineroar|Parting Shot|p2b: Garchomp\n|-unboost|p2b: Garchomp|atk|1\n|-unboost|p2b: Garchomp|spa|1\n|\n|t:|1776595974\n|switch|p1b: Goo Goo Dolls|Gourgeist-Super, L50, F, shiny|94/100|[from] Parting Shot\n|-item|p2a: Incineroar|Chople Berry|[from] ability: Frisk|[of] p1b: Goo Goo Dolls\n|-item|p2b: Garchomp|Mental Herb|[from] ability: Frisk|[of] p1b: Goo Goo Dolls\n|move|p1a: Tyranocif|Rock Slide|p2a: Incineroar|[spread] p2a,p2b\n|-supereffective|p2a: Incineroar|1\n|-resisted|p2b: Garchomp|1\n|-damage|p2a: Incineroar|30/100\n|-damage|p2b: Garchomp|42/100\n|move|p2a: Incineroar|Parting Shot|p1a: Tyranocif\n|-unboost|p1a: Tyranocif|atk|1\n|-unboost|p1a: Tyranocif|spa|1\n|\n|t:|1776595992\n|switch|p2a: Froslass|Froslass, L50, F|100/100|[from] Parting Shot\n|\n|-weather|Sandstorm|[upkeep]\n|-damage|p1b: Goo Goo Dolls|88/100|[from] Sandstorm\n|-damage|p2a: Froslass|94/100|[from] Sandstorm\n|-fieldend|move: Trick Room\n|upkeep\n|turn|6\n|\n|t:|1776596008\n|switch|p1a: Incineroar|Incineroar, L50, M|72/100\n|-ability|p1a: Incineroar|Intimidate|boost\n|-unboost|p2a: Froslass|atk|1\n|-unboost|p2b: Garchomp|atk|1\n|detailschange|p2a: Froslass|Froslass-Mega, L50, F\n|-mega|p2a: Froslass|Froslass|Froslassite\n|-weather|Snowscape|[from] ability: Snow Warning|[of] p2a: Froslass\n|move|p2a: Froslass|Blizzard|p1b: Goo Goo Dolls|[spread] p1a,p1b\n|-resisted|p1a: Incineroar|1\n|-supereffective|p1b: Goo Goo Dolls|1\n|-damage|p1a: Incineroar|54/100\n|-damage|p1b: Goo Goo Dolls|0 fnt\n|faint|p1b: Goo Goo Dolls\n|move|p2b: Garchomp|Dragon Claw|p1a: Incineroar\n|-damage|p1a: Incineroar|35/100\n|-enditem|p1a: Incineroar|Sitrus Berry|[eat]\n|-heal|p1a: Incineroar|59/100|[from] item: Sitrus Berry\n|\n|-weather|Snowscape|[upkeep]\n|upkeep\n|\n|t:|1776596012\n|switch|p1b: Tyranocif|Tyranitar, L50, M|78/100\n|-weather|Sandstorm|[from] ability: Sand Stream|[of] p1b: Tyranocif\n|turn|7\n|\n|t:|1776596031\n|switch|p2a: Incineroar|Incineroar, L50, M|30/100\n|-ability|p2a: Incineroar|Intimidate|boost\n|-unboost|p1a: Incineroar|atk|1\n|-unboost|p1b: Tyranocif|atk|1\n|move|p1a: Incineroar|Fake Out|p2b: Garchomp\n|-damage|p2b: Garchomp|34/100\n|-damage|p1a: Incineroar|47/100|[from] ability: Rough Skin|[of] p2b: Garchomp\n|cant|p2b: Garchomp|flinch\n|move|p1b: Tyranocif|Rock Slide|p2b: Garchomp|[spread] p2a,p2b\n|-supereffective|p2a: Incineroar|1\n|-resisted|p2b: Garchomp|1\n|-damage|p2a: Incineroar|0 fnt\n|-damage|p2b: Garchomp|24/100\n|faint|p2a: Incineroar\n|\n|-weather|Sandstorm|[upkeep]\n|-damage|p1a: Incineroar|41/100|[from] Sandstorm\n|upkeep\n|\n|t:|1776596050\n|switch|p2a: Froslass|Froslass-Mega, L50, F|94/100\n|-weather|Snowscape|[from] ability: Snow Warning|[of] p2a: Froslass\n|turn|8\n|\n|t:|1776596060\n|move|p1b: Tyranocif|Protect|p1b: Tyranocif\n|-singleturn|p1b: Tyranocif|Protect\n|move|p2a: Froslass|Blizzard|p1b: Tyranocif|[spread] p1a\n|-activate|p1b: Tyranocif|move: Protect\n|-resisted|p1a: Incineroar|1\n|-damage|p1a: Incineroar|23/100\n|move|p2b: Garchomp|Rock Slide|p1b: Tyranocif|[spread] p1a\n|-activate|p1b: Tyranocif|move: Protect\n|-supereffective|p1a: Incineroar|1\n|-damage|p1a: Incineroar|3/100\n|move|p1a: Incineroar|Parting Shot|p2a: Froslass\n|-unboost|p2a: Froslass|atk|1\n|-unboost|p2a: Froslass|spa|1\n|\n|t:|1776596066\n|switch|p1a: Crabominable|Crabominable, L50, M|100/100|[from] Parting Shot\n|\n|-weather|Snowscape|[upkeep]\n|upkeep\n|turn|9\n|\n|t:|1776596086\n|switch|p2b: Aegislash|Aegislash, L50, M, shiny|89/100 brn\n|detailschange|p1a: Crabominable|Crabominable-Mega, L50, M\n|-mega|p1a: Crabominable|Crabominable|Crabominite\n|move|p1a: Crabominable|Mach Punch|p2b: Aegislash\n|-immune|p2b: Aegislash\n|move|p2a: Froslass|Blizzard|p1b: Tyranocif|[spread] p1a,p1b\n|-resisted|p1a: Crabominable|1\n|-crit|p1a: Crabominable\n|-damage|p1a: Crabominable|70/100\n|-damage|p1b: Tyranocif|47/100\n|move|p1b: Tyranocif|Crunch|p2a: Froslass\n|-supereffective|p2a: Froslass|1\n|-damage|p2a: Froslass|25/100\n|\n|-weather|Snowscape|[upkeep]\n|-damage|p2b: Aegislash|83/100 brn|[from] brn\n|upkeep\n|turn|10\n|inactive|laparoscopia has 30 seconds left.\n|\n|t:|1776596117\n|switch|p1b: Incineroar|Incineroar, L50, M|3/100\n|-ability|p1b: Incineroar|Intimidate|boost\n|-unboost|p2a: Froslass|atk|1\n|-unboost|p2b: Aegislash|atk|1\n|move|p1a: Crabominable|Protect|p1a: Crabominable\n|-singleturn|p1a: Crabominable|Protect\n|move|p2a: Froslass|Blizzard|p1a: Crabominable|[spread] p1b\n|-activate|p1a: Crabominable|move: Protect\n|-resisted|p1b: Incineroar|1\n|-damage|p1b: Incineroar|0 fnt\n|faint|p1b: Incineroar\n|-formechange|p2b: Aegislash|Aegislash-Blade|\n|move|p2b: Aegislash|Sacred Sword|p1a: Crabominable\n|-activate|p1a: Crabominable|move: Protect\n|\n|-weather|Snowscape|[upkeep]\n|-damage|p2b: Aegislash|77/100 brn|[from] brn\n|upkeep\n|\n|t:|1776596123\n|switch|p1b: Tyranocif|Tyranitar, L50, M|47/100\n|-weather|Sandstorm|[from] ability: Sand Stream|[of] p1b: Tyranocif\n|turn|11\n|\n|t:|1776596141\n|switch|p2a: Garchomp|Garchomp, L50, F|24/100\n|-formechange|p2b: Aegislash|Aegislash|\n|move|p2b: Aegislash|King's Shield|p2b: Aegislash\n|-singleturn|p2b: Aegislash|Protect\n|move|p1b: Tyranocif|Crunch|p2b: Aegislash\n|-activate|p2b: Aegislash|move: Protect\n|-unboost|p1b: Tyranocif|atk|1\n|move|p1a: Crabominable|Ice Hammer|p2a: Garchomp\n|-supereffective|p2a: Garchomp|2\n|-damage|p2a: Garchomp|0 fnt\n|-unboost|p1a: Crabominable|spe|1\n|-damage|p1a: Crabominable|58/100|[from] ability: Rough Skin|[of] p2a: Garchomp\n|faint|p2a: Garchomp\n|\n|-weather|Sandstorm|[upkeep]\n|-damage|p1a: Crabominable|52/100|[from] Sandstorm\n|-damage|p2b: Aegislash|71/100 brn|[from] brn\n|upkeep\n|\n|t:|1776596160\n|switch|p2a: Froslass|Froslass-Mega, L50, F|25/100\n|-weather|Snowscape|[from] ability: Snow Warning|[of] p2a: Froslass\n|turn|12\n|\n|t:|1776596175\n|move|p1b: Tyranocif|Protect|p1b: Tyranocif\n|-singleturn|p1b: Tyranocif|Protect\n|move|p2a: Froslass|Thunderbolt|p1b: Tyranocif\n|-activate|p1b: Tyranocif|move: Protect\n|-formechange|p2b: Aegislash|Aegislash-Blade|\n|move|p2b: Aegislash|Iron Head|p1a: Crabominable\n|-supereffective|p1a: Crabominable|1\n|-damage|p1a: Crabominable|35/100\n|cant|p1a: Crabominable|flinch\n|\n|-weather|Snowscape|[upkeep]\n|-damage|p2b: Aegislash|65/100 brn|[from] brn\n|upkeep\n|turn|13\n|\n|t:|1776596192\n|-formechange|p2b: Aegislash|Aegislash|\n|move|p2b: Aegislash|King's Shield|p2b: Aegislash\n|-singleturn|p2b: Aegislash|Protect\n|move|p1b: Tyranocif|Protect|p1b: Tyranocif\n|-singleturn|p1b: Tyranocif|Protect\n|move|p2a: Froslass|Thunderbolt|p1b: Tyranocif\n|-activate|p1b: Tyranocif|move: Protect\n|move|p1a: Crabominable|Ice Hammer|p2a: Froslass\n|-resisted|p2a: Froslass|1\n|-damage|p2a: Froslass|0 fnt\n|-unboost|p1a: Crabominable|spe|1\n|faint|p2a: Froslass\n|\n|-weather|Snowscape|[upkeep]\n|-damage|p2b: Aegislash|59/100 brn|[from] brn\n|upkeep\n|turn|14\n|inactive|laparoscopia has 30 seconds left.\n|\n|t:|1776596218\n|-formechange|p2b: Aegislash|Aegislash-Blade|\n|move|p2b: Aegislash|Sacred Sword|p1b: Tyranocif\n|-supereffective|p1b: Tyranocif|2\n|-damage|p1b: Tyranocif|6/100\n|move|p1b: Tyranocif|Crunch|p2b: Aegislash\n|-supereffective|p2b: Aegislash|1\n|-damage|p2b: Aegislash|0 fnt\n|faint|p2b: Aegislash\n|\n|win|horohorovasey\n|raw|horohorovasey's rating: 1011 &rarr; <strong>1048</strong><br />(+37 for winning)\n|raw|laparoscopia's rating: 1000 &rarr; <strong>1000</strong><br />(+0 for losing)\n|l|\u2606laparoscopia\n|player|p2|\n",
  "uploadtime": 1776596227,
  "views": 10,
  "formatid": "gen9championsvgc2026regma",
  "rating": 1000,
  "private": 0,
  "password": null
}