{
  "id": "gen9championsvgc2026regma-2581548467",
  "format": "[Gen 9 Champions] VGC 2026 Reg M-A",
  "players": [
    "Kojiiii",
    "fortune_king"
  ],
  "log": "|j|\u2606Kojiiii\n|j|\u2606fortune_king\n|t:|1776010060\n|gametype|doubles\n|player|p1|Kojiiii|266|1160\n|player|p2|fortune_king|169|1066\n|gen|9\n|tier|[Gen 9 Champions] VGC 2026 Reg M-A\n|rated|\n|rule|Species Clause: Limit one of each Pok\u00e9mon\n|rule|Item Clause: Limit 1 of each item\n|clearpoke\n|poke|p1|Pelipper, L50, M|\n|poke|p1|Basculegion, L50, M|\n|poke|p1|Sinistcha, L50|\n|poke|p1|Incineroar, L50, F|\n|poke|p1|Dragonite, L50, M|\n|poke|p1|Aggron, L50, M|\n|poke|p2|Torkoal, L50, M|\n|poke|p2|Heracross, L50, M|\n|poke|p2|Volcarona, L50, F|\n|poke|p2|Gardevoir, L50, M|\n|poke|p2|Kingambit, L50, F|\n|poke|p2|Farigiraf, L50, F|\n|teampreview|4\n|inactive|Battle timer is ON: inactive players will automatically lose when time's up. (requested by fortune_king)\n|inactive|Kojiiii has 60 seconds left.\n|inactive|Kojiiii has 30 seconds left.\n|inactive|Kojiiii has 20 seconds left.\n|\n|t:|1776010153\n|teamsize|p1|4\n|teamsize|p2|4\n|start\n|switch|p1a: Pelipper|Pelipper, L50, M, shiny|100/100\n|switch|p1b: Aggron|Aggron, L50, M, shiny|100/100\n|switch|p2a: Volcarona|Volcarona, L50, F|100/100\n|switch|p2b: Farigiraf|Farigiraf, L50, F, shiny|100/100\n|-weather|RainDance|[from] ability: Drizzle|[of] p1a: Pelipper\n|turn|1\n|inactive|Kojiiii has 30 seconds left.\n|\n|t:|1776010180\n|switch|p1b: Incineroar|Incineroar, L50, F, shiny|100/100\n|-ability|p1b: Incineroar|Intimidate|boost\n|-unboost|p2a: Volcarona|atk|1\n|-unboost|p2b: Farigiraf|atk|1\n|move|p2a: Volcarona|Rage Powder|p2a: Volcarona\n|-singleturn|p2a: Volcarona|move: Rage Powder\n|move|p1a: Pelipper|Weather Ball|p2a: Volcarona\n|-supereffective|p2a: Volcarona|1\n|-damage|p2a: Volcarona|4/100\n|move|p2b: Farigiraf|Trick Room|p2b: Farigiraf\n|-fieldstart|move: Trick Room|[of] p2b: Farigiraf\n|\n|-weather|RainDance|[upkeep]\n|-heal|p2a: Volcarona|10/100|[from] item: Leftovers\n|upkeep\n|turn|2\n|inactive|Kojiiii has 30 seconds left.\n|inactive|fortune_king has 30 seconds left.\n|inactive|fortune_king has 20 seconds left.\n|inactive|fortune_king has 15 seconds left.\n|inactive|fortune_king has 10 seconds left.\n|\n|t:|1776010230\n|move|p2b: Farigiraf|Hyper Voice|p1a: Pelipper|[spread] p1a,p1b\n|-damage|p1a: Pelipper|36/100\n|-damage|p1b: Incineroar|75/100\n|move|p1b: Incineroar|Flare Blitz|p2a: Volcarona\n|-damage|p2a: Volcarona|0 fnt\n|faint|p2a: Volcarona\n|-damage|p1b: Incineroar|72/100|[from] Recoil\n|move|p1a: Pelipper|Hurricane|p2b: Farigiraf\n|-damage|p2b: Farigiraf|57/100\n|\n|-weather|RainDance|[upkeep]\n|upkeep\n|\n|t:|1776010244\n|switch|p2a: Torkoal|Torkoal, L50, M|100/100\n|-weather|SunnyDay|[from] ability: Drought|[of] p2a: Torkoal\n|turn|3\n|inactive|Kojiiii has 30 seconds left.\n|\n|t:|1776010272\n|switch|p1a: Dragonite|Dragonite, L50, M, shiny|100/100\n|move|p2b: Farigiraf|Helping Hand|p2a: Torkoal\n|-singleturn|p2a: Torkoal|Helping Hand|[of] p2b: Farigiraf\n|move|p2a: Torkoal|Eruption|p1b: Incineroar|[spread] p1a,p1b\n|-resisted|p1a: Dragonite|1\n|-resisted|p1b: Incineroar|1\n|-damage|p1a: Dragonite|35/100\n|-damage|p1b: Incineroar|21/100\n|move|p1b: Incineroar|Parting Shot|p2a: Torkoal\n|-unboost|p2a: Torkoal|atk|1\n|-unboost|p2a: Torkoal|spa|1\n|inactive|Kojiiii has 30 seconds left.\n|inactive|Kojiiii has 20 seconds left.\n|inactive|Kojiiii has 15 seconds left.\n|\n|t:|1776010312\n|switch|p1b: Pelipper|Pelipper, L50, M, shiny|36/100|[from] Parting Shot\n|-weather|RainDance|[from] ability: Drizzle|[of] p1b: Pelipper\n|\n|-weather|RainDance|[upkeep]\n|upkeep\n|turn|4\n|\n|t:|1776010335\n|switch|p2b: Gardevoir|Gardevoir, L50, M, shiny|100/100\n|-ability|p2b: Gardevoir|Drizzle|Trace|[from] ability: Trace|[of] p1b: Pelipper\n|switch|p1b: Incineroar|Incineroar, L50, F, shiny|21/100\n|-ability|p1b: Incineroar|Intimidate|boost\n|-unboost|p2a: Torkoal|atk|1\n|-unboost|p2b: Gardevoir|atk|1\n|move|p2a: Torkoal|Protect|p2a: Torkoal\n|-singleturn|p2a: Torkoal|Protect\n|move|p1a: Dragonite|Protect||[still]\n|-fail|p1a: Dragonite\n|\n|-weather|RainDance|[upkeep]\n|upkeep\n|turn|5\n|\n|t:|1776010358\n|switch|p2a: Farigiraf|Farigiraf, L50, F, shiny|57/100\n|detailschange|p2b: Gardevoir|Gardevoir-Mega, L50, M, shiny\n|-mega|p2b: Gardevoir|Gardevoir|Gardevoirite\n|move|p1b: Incineroar|Parting Shot|p2b: Gardevoir\n|-unboost|p2b: Gardevoir|atk|1\n|-unboost|p2b: Gardevoir|spa|1\n|\n|t:|1776010365\n|switch|p1b: Aggron|Aggron, L50, M, shiny|100/100|[from] Parting Shot\n|move|p1a: Dragonite|Hurricane|p2a: Farigiraf\n|-damage|p2a: Farigiraf|6/100\n|move|p2b: Gardevoir|Hyper Voice|p1b: Aggron|[spread] p1a,p1b\n|-supereffective|p1a: Dragonite|1\n|-resisted|p1b: Aggron|1\n|-damage|p1a: Dragonite|0 fnt\n|-damage|p1b: Aggron|82/100\n|faint|p1a: Dragonite\n|\n|-weather|RainDance|[upkeep]\n|-fieldend|move: Trick Room\n|upkeep\n|\n|t:|1776010385\n|switch|p1a: Incineroar|Incineroar, L50, F, shiny|21/100\n|-ability|p1a: Incineroar|Intimidate|boost\n|-unboost|p2a: Farigiraf|atk|1\n|-unboost|p2b: Gardevoir|atk|1\n|turn|6\n|\n|t:|1776010400\n|switch|p2b: Torkoal|Torkoal, L50, M|100/100\n|-weather|SunnyDay|[from] ability: Drought|[of] p2b: Torkoal\n|detailschange|p1b: Aggron|Aggron-Mega, L50, M, shiny\n|-mega|p1b: Aggron|Aggron|Aggronite\n|move|p1a: Incineroar|Flare Blitz|p2a: Farigiraf\n|-damage|p2a: Farigiraf|0 fnt\n|faint|p2a: Farigiraf\n|-damage|p1a: Incineroar|19/100|[from] Recoil\n|move|p1b: Aggron|Heavy Slam|p2b: Torkoal\n|-resisted|p2b: Torkoal|1\n|-damage|p2b: Torkoal|83/100\n|\n|-weather|SunnyDay|[upkeep]\n|upkeep\n|\n|t:|1776010416\n|switch|p2a: Gardevoir|Gardevoir-Mega, L50, M, shiny|100/100\n|turn|7\n|\n|t:|1776010428\n|switch|p1a: Pelipper|Pelipper, L50, M, shiny|36/100\n|-weather|RainDance|[from] ability: Drizzle|[of] p1a: Pelipper\n|move|p1b: Aggron|Heavy Slam|p2a: Gardevoir\n|-supereffective|p2a: Gardevoir|1\n|-damage|p2a: Gardevoir|0 fnt\n|faint|p2a: Gardevoir\n|move|p2b: Torkoal|Flamethrower|p1b: Aggron\n|-supereffective|p1b: Aggron|1\n|-damage|p1b: Aggron|54/100\n|\n|-weather|RainDance|[upkeep]\n|upkeep\n|turn|8\n|-message|fortune_king forfeited.\n|\n|win|Kojiiii\n|raw|Kojiiii's rating: 1160 &rarr; <strong>1178</strong><br />(+18 for winning)\n|raw|fortune_king's rating: 1066 &rarr; <strong>1051</strong><br />(-15 for losing)\n|l|\u2606fortune_king\n|player|p2|\n",
  "uploadtime": 1776010447,
  "views": 16,
  "formatid": "gen9championsvgc2026regma",
  "rating": 1051,
  "private": 0,
  "password": null
}