{
  "id": "gen9championsvgc2026regma-2585642304",
  "format": "[Gen 9 Champions] VGC 2026 Reg M-A",
  "players": [
    "fukan123",
    "Jongo09"
  ],
  "log": "|j|\u2606fukan123\n|j|\u2606Jongo09\n|t:|1776360759\n|gametype|doubles\n|player|p1|fukan123|steven|1281\n|player|p2|Jongo09|1|1208\n|gen|9\n|tier|[Gen 9 Champions] VGC 2026 Reg M-A\n|rated|\n|rule|Species Clause: Limit one of each Pok\u00e9mon\n|rule|Item Clause: Limit 1 of each item\n|clearpoke\n|poke|p1|Floette-Eternal, L50, F|\n|poke|p1|Incineroar, L50, M|\n|poke|p1|Aerodactyl, L50, F|\n|poke|p1|Garchomp, L50, F|\n|poke|p1|Sinistcha-Masterpiece, L50|\n|poke|p1|Kingambit, L50, M|\n|poke|p2|Venusaur, L50, M|\n|poke|p2|Aegislash, L50, M|\n|poke|p2|Pelipper, L50, M|\n|poke|p2|Basculegion, L50, M|\n|poke|p2|Scizor, L50, M|\n|poke|p2|Sneasler, L50, M|\n|teampreview|4\n|\n|t:|1776360808\n|teamsize|p1|4\n|teamsize|p2|4\n|start\n|switch|p1a: Floette|Floette-Eternal, L50, F|100/100\n|switch|p1b: Aerodactyl|Aerodactyl, L50, F|100/100\n|switch|p2a: Sneasler|Sneasler, L50, M|100/100\n|switch|p2b: Basculegion|Basculegion, L50, M|100/100\n|-ability|p1b: Aerodactyl|Unnerve\n|turn|1\n|\n|t:|1776360826\n|detailschange|p1a: Floette|Floette-Mega, L50, F\n|-mega|p1a: Floette|Floette|Floettite\n|-ability|p1a: Floette|Fairy Aura\n|move|p1b: Aerodactyl|Protect|p1b: Aerodactyl\n|-singleturn|p1b: Aerodactyl|Protect\n|move|p1a: Floette|Protect|p1a: Floette\n|-singleturn|p1a: Floette|Protect\n|move|p2a: Sneasler|Fake Out|p1b: Aerodactyl\n|-activate|p1b: Aerodactyl|move: Protect\n|move|p2b: Basculegion|Flip Turn|p1b: Aerodactyl\n|-activate|p1b: Aerodactyl|move: Protect\n|\n|upkeep\n|turn|2\n|\n|t:|1776360845\n|switch|p2a: Aegislash|Aegislash, L50, M, shiny|100/100\n|move|p2b: Basculegion|Flip Turn|p1b: Aerodactyl\n|-supereffective|p1b: Aerodactyl|1\n|-damage|p1b: Aerodactyl|11/100\n|\n|t:|1776360855\n|switch|p2b: Scizor|Scizor, L50, M|100/100|[from] Flip Turn\n|move|p1b: Aerodactyl|Dual Wingbeat|p2a: Aegislash\n|-resisted|p2a: Aegislash|1\n|-damage|p2a: Aegislash|93/100\n|-resisted|p2a: Aegislash|1\n|-damage|p2a: Aegislash|86/100\n|-hitcount|p2a: Aegislash|2\n|move|p1a: Floette|Calm Mind|p1a: Floette\n|-boost|p1a: Floette|spa|1\n|-boost|p1a: Floette|spd|1\n|\n|-heal|p2a: Aegislash|91/100|[from] item: Leftovers\n|upkeep\n|turn|3\n|\n|t:|1776360877\n|switch|p1b: Incineroar|Incineroar, L50, M, shiny|100/100\n|-ability|p1b: Incineroar|Intimidate|boost\n|-unboost|p2a: Aegislash|atk|1\n|-unboost|p2b: Scizor|atk|1\n|detailschange|p2b: Scizor|Scizor-Mega, L50, M\n|-mega|p2b: Scizor|Scizor|Scizorite\n|move|p1a: Floette|Protect|p1a: Floette\n|-singleturn|p1a: Floette|Protect\n|move|p2a: Aegislash|Wide Guard|p2a: Aegislash\n|-singleturn|p2a: Aegislash|Wide Guard\n|move|p2b: Scizor|Swords Dance|p2b: Scizor\n|-boost|p2b: Scizor|atk|2\n|\n|-heal|p2a: Aegislash|97/100|[from] item: Leftovers\n|upkeep\n|turn|4\n|\n|t:|1776360906\n|move|p2b: Scizor|Protect|p2b: Scizor\n|-singleturn|p2b: Scizor|Protect\n|move|p1b: Incineroar|Fake Out|p2b: Scizor\n|-activate|p2b: Scizor|move: Protect\n|move|p1a: Floette|Moonblast|p2a: Aegislash\n|-resisted|p2a: Aegislash|1\n|-damage|p2a: Aegislash|62/100\n|-unboost|p2a: Aegislash|spa|1\n|-formechange|p2a: Aegislash|Aegislash-Blade|\n|move|p2a: Aegislash|Iron Head|p1a: Floette\n|-supereffective|p1a: Floette|1\n|-damage|p1a: Floette|44/100\n|\n|-heal|p2a: Aegislash|68/100|[from] item: Leftovers\n|upkeep\n|turn|5\n|\n|t:|1776360947\n|switch|p2b: Basculegion|Basculegion, L50, M|100/100\n|move|p1a: Floette|Protect|p1a: Floette\n|-singleturn|p1a: Floette|Protect\n|-formechange|p2a: Aegislash|Aegislash|\n|move|p2a: Aegislash|King's Shield|p2a: Aegislash\n|-singleturn|p2a: Aegislash|Protect\n|move|p1b: Incineroar|Parting Shot|p2b: Basculegion\n|-unboost|p2b: Basculegion|atk|1\n|-unboost|p2b: Basculegion|spa|1\n|\n|t:|1776360958\n|switch|p1b: Sinistcha|Sinistcha-Masterpiece, L50|100/100|[from] Parting Shot\n|-heal|p1a: Floette|69/100|[from] ability: Hospitality|[of] p1b: Sinistcha\n|\n|-heal|p2a: Aegislash|74/100|[from] item: Leftovers\n|upkeep\n|turn|6\n|\n|t:|1776360989\n|move|p1b: Sinistcha|Rage Powder|p1b: Sinistcha\n|-singleturn|p1b: Sinistcha|move: Rage Powder\n|move|p2b: Basculegion|Flip Turn|p1b: Sinistcha\n|-resisted|p1b: Sinistcha|1\n|-damage|p1b: Sinistcha|94/100\n|\n|t:|1776360994\n|switch|p2b: Scizor|Scizor-Mega, L50, M|100/100|[from] Flip Turn\n|move|p1a: Floette|Calm Mind|p1a: Floette\n|-boost|p1a: Floette|spa|1\n|-boost|p1a: Floette|spd|1\n|-formechange|p2a: Aegislash|Aegislash-Blade|\n|move|p2a: Aegislash|Iron Head|p1b: Sinistcha\n|-damage|p1b: Sinistcha|76/100\n|\n|-heal|p2a: Aegislash|79/100|[from] item: Leftovers\n|upkeep\n|turn|7\n|\n|t:|1776361014\n|switch|p2a: Sneasler|Sneasler, L50, M|100/100\n|move|p1b: Sinistcha|Rage Powder|p1b: Sinistcha\n|-singleturn|p1b: Sinistcha|move: Rage Powder\n|move|p1a: Floette|Moonblast|p2b: Scizor\n|-resisted|p2b: Scizor|1\n|-damage|p2b: Scizor|24/100\n|move|p2b: Scizor|Swords Dance|p2b: Scizor\n|-boost|p2b: Scizor|atk|2\n|\n|upkeep\n|turn|8\n|\n|t:|1776361027\n|move|p1a: Floette|Protect|p1a: Floette\n|-singleturn|p1a: Floette|Protect\n|move|p1b: Sinistcha|Protect|p1b: Sinistcha\n|-singleturn|p1b: Sinistcha|Protect\n|move|p2a: Sneasler|Fake Out|p1a: Floette\n|-activate|p1a: Floette|move: Protect\n|move|p2b: Scizor|Bug Bite|p1b: Sinistcha\n|-activate|p1b: Sinistcha|move: Protect\n|\n|upkeep\n|turn|9\n|\n|t:|1776361043\n|move|p2b: Scizor|Protect|p2b: Scizor\n|-singleturn|p2b: Scizor|Protect\n|move|p1b: Sinistcha|Rage Powder|p1b: Sinistcha\n|-singleturn|p1b: Sinistcha|move: Rage Powder\n|move|p2a: Sneasler|Dire Claw|p1b: Sinistcha\n|-damage|p1b: Sinistcha|47/100\n|move|p1a: Floette|Dazzling Gleam|p2a: Sneasler|[spread] p2a\n|-activate|p2b: Scizor|move: Protect\n|-damage|p2a: Sneasler|0 fnt\n|faint|p2a: Sneasler\n|\n|upkeep\n|\n|t:|1776361054\n|switch|p2a: Basculegion|Basculegion, L50, M|100/100\n|turn|10\n|\n|t:|1776361084\n|switch|p1b: Incineroar|Incineroar, L50, M, shiny|100/100\n|-ability|p1b: Incineroar|Intimidate|boost\n|-unboost|p2a: Basculegion|atk|1\n|-unboost|p2b: Scizor|atk|1\n|move|p1a: Floette|Protect|p1a: Floette\n|-singleturn|p1a: Floette|Protect\n|move|p2b: Scizor|Bullet Punch|p1a: Floette\n|-activate|p1a: Floette|move: Protect\n|move|p2a: Basculegion|Last Respects|p1a: Floette\n|-activate|p1a: Floette|move: Protect\n|\n|upkeep\n|turn|11\n|\n|t:|1776361105\n|move|p2b: Scizor|Protect|p2b: Scizor\n|-singleturn|p2b: Scizor|Protect\n|move|p1b: Incineroar|Fake Out|p2b: Scizor\n|-activate|p2b: Scizor|move: Protect\n|move|p2a: Basculegion|Last Respects|p1a: Floette\n|-damage|p1a: Floette|34/100\n|move|p1a: Floette|Dazzling Gleam|p2a: Basculegion|[spread] p2a\n|-activate|p2b: Scizor|move: Protect\n|-damage|p2a: Basculegion|3/100\n|\n|upkeep\n|turn|12\n|\n|t:|1776361132\n|switch|p2a: Aegislash|Aegislash, L50, M, shiny|79/100\n|move|p1a: Floette|Protect|p1a: Floette\n|-singleturn|p1a: Floette|Protect\n|move|p2b: Scizor|Bullet Punch|p1a: Floette\n|-activate|p1a: Floette|move: Protect\n|move|p1b: Incineroar|Parting Shot|p2b: Scizor\n|-unboost|p2b: Scizor|atk|1\n|-unboost|p2b: Scizor|spa|1\n|\n|t:|1776361142\n|switch|p1b: Sinistcha|Sinistcha-Masterpiece, L50|47/100|[from] Parting Shot\n|-heal|p1a: Floette|58/100|[from] ability: Hospitality|[of] p1b: Sinistcha\n|\n|-heal|p2a: Aegislash|85/100|[from] item: Leftovers\n|upkeep\n|turn|13\n|\n|t:|1776361169\n|move|p1b: Sinistcha|Rage Powder|p1b: Sinistcha\n|-singleturn|p1b: Sinistcha|move: Rage Powder\n|move|p2b: Scizor|Bullet Punch|p1b: Sinistcha\n|-damage|p1b: Sinistcha|21/100\n|move|p1a: Floette|Moonblast|p2b: Scizor\n|-resisted|p2b: Scizor|1\n|-damage|p2b: Scizor|0 fnt\n|faint|p2b: Scizor\n|-formechange|p2a: Aegislash|Aegislash-Blade|\n|move|p2a: Aegislash|Iron Head|p1b: Sinistcha\n|-damage|p1b: Sinistcha|0 fnt\n|faint|p1b: Sinistcha\n|\n|-heal|p2a: Aegislash|91/100|[from] item: Leftovers\n|upkeep\n|\n|t:|1776361186\n|switch|p2b: Basculegion|Basculegion, L50, M|3/100\n|switch|p1b: Incineroar|Incineroar, L50, M, shiny|100/100\n|-ability|p1b: Incineroar|Intimidate|boost\n|-unboost|p2a: Aegislash|atk|1\n|-unboost|p2b: Basculegion|atk|1\n|turn|14\n|\n|t:|1776361199\n|move|p1a: Floette|Protect|p1a: Floette\n|-singleturn|p1a: Floette|Protect\n|move|p2a: Aegislash|Shadow Sneak|p1a: Floette\n|-activate|p1a: Floette|move: Protect\n|move|p2b: Basculegion|Last Respects|p1a: Floette\n|-activate|p1a: Floette|move: Protect\n|move|p1b: Incineroar|Parting Shot|p2a: Aegislash\n|-unboost|p2a: Aegislash|atk|1\n|-unboost|p2a: Aegislash|spa|1\n|\n|t:|1776361210\n|switch|p1b: Aerodactyl|Aerodactyl, L50, F|11/100|[from] Parting Shot\n|-ability|p1b: Aerodactyl|Unnerve\n|\n|-heal|p2a: Aegislash|96/100|[from] item: Leftovers\n|upkeep\n|turn|15\n|-message|Jongo09 forfeited.\n|\n|win|fukan123\n|raw|fukan123's rating: 1281 &rarr; <strong>1301</strong><br />(+20 for winning)\n|raw|Jongo09's rating: 1208 &rarr; <strong>1188</strong><br />(-20 for losing)\n|l|\u2606Jongo09\n|player|p2|\n",
  "uploadtime": 1776361223,
  "views": 19,
  "formatid": "gen9championsvgc2026regma",
  "rating": 1188,
  "private": 0,
  "password": null
}