{
  "id": "gen9championsvgc2026regma-2582774186",
  "format": "[Gen 9 Champions] VGC 2026 Reg M-A",
  "players": [
    "gway09",
    "NewVGCNewMe"
  ],
  "log": "|j|\u2606gway09\n|j|\u2606NewVGCNewMe\n|t:|1776113160\n|gametype|doubles\n|player|p1|gway09|102|1140\n|player|p2|NewVGCNewMe|ballguy|1181\n|gen|9\n|tier|[Gen 9 Champions] VGC 2026 Reg M-A\n|rated|\n|rule|Species Clause: Limit one of each Pok\u00e9mon\n|rule|Item Clause: Limit 1 of each item\n|clearpoke\n|poke|p1|Tyranitar, L50, M|\n|poke|p1|Excadrill, L50, F|\n|poke|p1|Greninja-*, L50, F|\n|poke|p1|Hydreigon, L50, M|\n|poke|p1|Rotom, L50|\n|poke|p1|Garchomp, L50, F|\n|poke|p2|Froslass, L50, F|\n|poke|p2|Kingambit, L50, M|\n|poke|p2|Palafin, L50, M|\n|poke|p2|Sneasler, L50, M|\n|poke|p2|Volcarona, L50, F|\n|poke|p2|Meowscarada, L50, M|\n|teampreview|4\n|inactive|Battle timer is ON: inactive players will automatically lose when time's up. (requested by gway09)\n|\n|t:|1776113198\n|teamsize|p1|4\n|teamsize|p2|4\n|start\n|switch|p1a: Tyranitar|Tyranitar, L50, M|100/100\n|switch|p1b: Excadrill|Excadrill, L50, F|100/100\n|switch|p2a: Meowscarada|Meowscarada, L50, M|100/100\n|switch|p2b: Palafin|Palafin, L50, M, shiny|100/100\n|-weather|Sandstorm|[from] ability: Sand Stream|[of] p1a: Tyranitar\n|turn|1\n|inactive|gway09 has 30 seconds left.\n|inactive|gway09 has 20 seconds left.\n|inactive|gway09 has 15 seconds left.\n|inactive|gway09 has 10 seconds left.\n|inactive|gway09 has 5 seconds left.\n|\n|t:|1776113253\n|detailschange|p2b: Palafin|Palafin-Hero, L50, M, shiny\n|switch|p2b: Kingambit|Kingambit, L50, M|100/100\n|move|p1a: Tyranitar|Protect|p1a: Tyranitar\n|-singleturn|p1a: Tyranitar|Protect\n|move|p1b: Excadrill|Swords Dance|p1b: Excadrill\n|-boost|p1b: Excadrill|atk|2\n|move|p2a: Meowscarada|Flower Trick|p1a: Tyranitar\n|-activate|p1a: Tyranitar|move: Protect\n|\n|-weather|Sandstorm|[upkeep]\n|-damage|p2a: Meowscarada|95/100|[from] Sandstorm\n|upkeep\n|turn|2\n|l|\u2606gway09\n|inactive|gway09 disconnected and has a minute to reconnect!\n|player|p1|\n|j|\u2606gway09\n|inactive|gway09 reconnected and has 35 seconds left.\n|player|p1|gway09|102|\n|inactive|gway09 has 30 seconds left.\n|inactive|NewVGCNewMe has 30 seconds left.\n|\n|t:|1776113284\n|move|p2b: Kingambit|Protect|p2b: Kingambit\n|-singleturn|p2b: Kingambit|Protect\n|move|p1b: Excadrill|Rock Slide|p2b: Kingambit|[spread] p2a\n|-activate|p2b: Kingambit|move: Protect\n|-damage|p2a: Meowscarada|30/100\n|move|p2a: Meowscarada|Flower Trick|p1a: Tyranitar\n|-supereffective|p1a: Tyranitar|1\n|-crit|p1a: Tyranitar\n|-damage|p1a: Tyranitar|0 fnt\n|faint|p1a: Tyranitar\n|\n|-weather|Sandstorm|[upkeep]\n|-damage|p2a: Meowscarada|24/100|[from] Sandstorm\n|upkeep\n|\n|t:|1776113296\n|switch|p1a: Hydreigon|Hydreigon, L50, M|100/100\n|turn|3\n|inactive|NewVGCNewMe has 30 seconds left.\n|\n|t:|1776113323\n|move|p2b: Kingambit|Sucker Punch|p1b: Excadrill\n|-damage|p1b: Excadrill|25/100\n|move|p1b: Excadrill|Earthquake|p2a: Meowscarada|[spread] p2a,p2b\n|-immune|p1a: Hydreigon|[from] ability: Levitate\n|-resisted|p2a: Meowscarada|1\n|-supereffective|p2b: Kingambit|1\n|-damage|p2a: Meowscarada|0 fnt\n|-damage|p2b: Kingambit|0 fnt\n|faint|p2a: Meowscarada\n|faint|p2b: Kingambit\n|move|p1a: Hydreigon|Focus Blast|p2: Meowscarada|[notarget]\n|-fail|p1a: Hydreigon\n|\n|-weather|Sandstorm|[upkeep]\n|-damage|p1a: Hydreigon|95/100|[from] Sandstorm\n|upkeep\n|\n|t:|1776113331\n|switch|p2a: Froslass|Froslass, L50, F|100/100\n|switch|p2b: Palafin|Palafin-Hero, L50, M, shiny|100/100\n|-activate|p2b: Palafin|ability: Zero to Hero\n|turn|4\n|\n|t:|1776113342\n|switch|p1a: Rotom|Rotom, L50|100/100\n|detailschange|p2a: Froslass|Froslass-Mega, L50, F\n|-mega|p2a: Froslass|Froslass|Froslassite\n|-weather|Snowscape|[from] ability: Snow Warning|[of] p2a: Froslass\n|move|p2b: Palafin|Jet Punch|p1b: Excadrill\n|-supereffective|p1b: Excadrill|1\n|-damage|p1b: Excadrill|0 fnt\n|faint|p1b: Excadrill\n|move|p2a: Froslass|Blizzard|p1a: Rotom\n|-damage|p1a: Rotom|43/100\n|\n|-weather|Snowscape|[upkeep]\n|-heal|p1a: Rotom|48/100|[from] item: Leftovers\n|upkeep\n|\n|t:|1776113350\n|switch|p1b: Hydreigon|Hydreigon, L50, M|95/100\n|turn|5\n|\n|t:|1776113364\n|move|p2b: Palafin|Jet Punch|p1b: Hydreigon\n|-resisted|p1b: Hydreigon|1\n|-damage|p1b: Hydreigon|66/100\n|move|p2a: Froslass|Blizzard|p1b: Hydreigon|[spread] p1a,p1b\n|-supereffective|p1b: Hydreigon|1\n|-damage|p1a: Rotom|6/100\n|-damage|p1b: Hydreigon|0 fnt\n|faint|p1b: Hydreigon\n|move|p1a: Rotom|Discharge|p2a: Froslass|[spread] p2a,p2b\n|-supereffective|p2b: Palafin|1\n|-damage|p2a: Froslass|78/100\n|-damage|p2b: Palafin|51/100\n|\n|-weather|Snowscape|[upkeep]\n|-heal|p1a: Rotom|11/100|[from] item: Leftovers\n|upkeep\n|turn|6\n|\n|t:|1776113376\n|move|p2b: Palafin|Jet Punch|p1a: Rotom\n|-damage|p1a: Rotom|0 fnt\n|faint|p1a: Rotom\n|\n|win|NewVGCNewMe\n|raw|gway09's rating: 1140 &rarr; <strong>1118</strong><br />(-22 for losing)\n|raw|NewVGCNewMe's rating: 1181 &rarr; <strong>1203</strong><br />(+22 for winning)\n|l|\u2606gway09\n|player|p1|\n",
  "uploadtime": 1776113382,
  "views": 20,
  "formatid": "gen9championsvgc2026regma",
  "rating": 1118,
  "private": 0,
  "password": null
}