{
  "id": "gen9championsvgc2026regma-2586535437",
  "format": "[Gen 9 Champions] VGC 2026 Reg M-A",
  "players": [
    "uruyuri",
    "regufe"
  ],
  "log": "|j|\u2606uruyuri\n|j|\u2606regufe\n|t:|1776441366\n|gametype|doubles\n|player|p1|uruyuri|101|1143\n|player|p2|regufe|pokemonbreeder|1109\n|gen|9\n|tier|[Gen 9 Champions] VGC 2026 Reg M-A\n|rated|\n|rule|Species Clause: Limit one of each Pok\u00e9mon\n|rule|Item Clause: Limit 1 of each item\n|clearpoke\n|poke|p1|Tyranitar, L50, F|\n|poke|p1|Garchomp, L50, M|\n|poke|p1|Rotom-Wash, L50|\n|poke|p1|Sneasler, L50, M|\n|poke|p1|Sinistcha, L50|\n|poke|p1|Kingambit, L50, M|\n|poke|p2|Lopunny, L50, F|\n|poke|p2|Basculegion, L50, M|\n|poke|p2|Zoroark-Hisui, L50, F|\n|poke|p2|Sableye, L50, F|\n|poke|p2|Aerodactyl, L50, F|\n|poke|p2|Meowscarada, L50, F|\n|teampreview|4\n|inactive|Battle timer is ON: inactive players will automatically lose when time's up. (requested by uruyuri)\n|inactive|regufe has 60 seconds left.\n|\n|t:|1776441499\n|teamsize|p1|4\n|teamsize|p2|4\n|start\n|switch|p1a: Rotom|Rotom-Wash, L50|100/100\n|switch|p1b: Sinistcha|Sinistcha, L50|100/100\n|switch|p2a: Basculegion|Basculegion, L50, M|100/100\n|switch|p2b: Meowscarada|Meowscarada, L50, F|100/100\n|turn|1\n|inactive|regufe has 30 seconds left.\n|inactive|regufe has 20 seconds left.\n|\n|t:|1776441540\n|move|p1a: Rotom|Protect|p1a: Rotom\n|-singleturn|p1a: Rotom|Protect\n|move|p2a: Basculegion|Wave Crash|p1b: Sinistcha\n|-resisted|p1b: Sinistcha|1\n|-damage|p1b: Sinistcha|68/100\n|-damage|p2a: Basculegion|92/100|[from] Recoil\n|move|p2b: Meowscarada|Triple Axel|p1b: Sinistcha|[miss]\n|-start|p2b: Meowscarada|typechange|Ice|[from] ability: Protean\n|-miss|p2b: Meowscarada|p1b: Sinistcha\n|move|p1b: Sinistcha|Trick Room|p1b: Sinistcha\n|-fieldstart|move: Trick Room|[of] p1b: Sinistcha\n|\n|-heal|p1b: Sinistcha|74/100|[from] item: Leftovers\n|upkeep\n|turn|2\n|inactive|regufe has 30 seconds left.\n|inactive|regufe has 20 seconds left.\n|inactive|regufe has 15 seconds left.\n|inactive|regufe has 10 seconds left.\n|\n|t:|1776441586\n|switch|p2a: Sableye|Sableye, L50, F|100/100\n|move|p1b: Sinistcha|Matcha Gotcha|p2b: Meowscarada|[spread] p2a,p2b\n|-damage|p2a: Sableye|75/100\n|-heal|p1b: Sinistcha|88/100|[from] drain|[of] p2a: Sableye\n|-damage|p2b: Meowscarada|65/100\n|-heal|p1b: Sinistcha|100/100|[from] drain|[of] p2b: Meowscarada\n|move|p1a: Rotom|Will-O-Wisp|p2b: Meowscarada\n|-status|p2b: Meowscarada|brn\n|move|p2b: Meowscarada|Flower Trick|p1a: Rotom\n|-supereffective|p1a: Rotom|1\n|-crit|p1a: Rotom\n|-damage|p1a: Rotom|67/100\n|\n|-damage|p2b: Meowscarada|59/100 brn|[from] brn\n|upkeep\n|turn|3\n|inactive|uruyuri has 30 seconds left.\n|inactive|regufe has 30 seconds left.\n|inactive|uruyuri has 20 seconds left.\n|\n|t:|1776441624\n|switch|p1b: Sneasler|Sneasler, L50, M|100/100\n|move|p1a: Rotom|Protect|p1a: Rotom\n|-singleturn|p1a: Rotom|Protect\n|move|p2a: Sableye|Disable||[still]\n|-fail|p2a: Sableye\n|move|p2b: Meowscarada|Flower Trick|p1a: Rotom\n|-activate|p1a: Rotom|move: Protect\n|\n|-damage|p2b: Meowscarada|53/100 brn|[from] brn\n|upkeep\n|turn|4\n|inactive|uruyuri has 30 seconds left.\n|inactive|regufe has 30 seconds left.\n|inactive|uruyuri has 20 seconds left.\n|inactive|uruyuri has 15 seconds left.\n|inactive|uruyuri has 10 seconds left.\n|\n|t:|1776441670\n|switch|p2b: Basculegion|Basculegion, L50, M|92/100\n|move|p2a: Sableye|Will-O-Wisp|p1b: Sneasler\n|-status|p1b: Sneasler|brn\n|move|p1a: Rotom|Thunderbolt|p2a: Sableye\n|-damage|p2a: Sableye|38/100\n|-enditem|p2a: Sableye|Sitrus Berry|[eat]\n|-heal|p2a: Sableye|63/100|[from] item: Sitrus Berry\n|move|p1b: Sneasler|Close Combat|p2b: Basculegion\n|-immune|p2b: Basculegion\n|\n|-damage|p1b: Sneasler|95/100 brn|[from] brn\n|upkeep\n|turn|5\n|inactive|regufe has 30 seconds left.\n|\n|t:|1776441698\n|move|p1b: Sneasler|Protect|p1b: Sneasler\n|-singleturn|p1b: Sneasler|Protect\n|move|p2a: Sableye|Disable|p1a: Rotom\n|-start|p1a: Rotom|Disable|Thunderbolt\n|cant|p1a: Rotom|Disable|Thunderbolt\n|move|p2b: Basculegion|Psychic Fangs|p1b: Sneasler\n|-activate|p1b: Sneasler|move: Protect\n|\n|-damage|p1b: Sneasler|89/100 brn|[from] brn\n|-fieldend|move: Trick Room\n|upkeep\n|turn|6\n|-message|uruyuri forfeited.\n|\n|win|regufe\n|raw|uruyuri's rating: 1143 &rarr; <strong>1116</strong><br />(-27 for losing)\n|raw|regufe's rating: 1109 &rarr; <strong>1136</strong><br />(+27 for winning)\n|l|\u2606uruyuri\n|player|p1|\n",
  "uploadtime": 1776441712,
  "views": 22,
  "formatid": "gen9championsvgc2026regma",
  "rating": 1116,
  "private": 0,
  "password": null
}