{
  "id": "gen9championsvgc2026regma-2585168984",
  "format": "[Gen 9 Champions] VGC 2026 Reg M-A",
  "players": [
    "yagumon",
    "dellpm1"
  ],
  "log": "|j|\u2606yagumon\n|j|\u2606dellpm1\n|t:|1776320372\n|gametype|doubles\n|player|p1|yagumon|tuber|1128\n|player|p2|dellpm1|265|1228\n|gen|9\n|tier|[Gen 9 Champions] VGC 2026 Reg M-A\n|rated|\n|rule|Species Clause: Limit one of each Pok\u00e9mon\n|rule|Item Clause: Limit 1 of each item\n|clearpoke\n|poke|p1|Meowstic, L50, M|\n|poke|p1|Armarouge, L50, M|\n|poke|p1|Zoroark-Hisui, L50, M|\n|poke|p1|Lycanroc-Dusk, L50, M|\n|poke|p1|Milotic, L50, F|\n|poke|p1|Whimsicott, L50, M|\n|poke|p2|Charizard, L50, F|\n|poke|p2|Torkoal, L50, F|\n|poke|p2|Slowking, L50, F|\n|poke|p2|Kingambit, L50, F|\n|poke|p2|Typhlosion-Hisui, L50, F|\n|poke|p2|Lopunny, L50, F|\n|teampreview|4\n|\n|t:|1776320400\n|teamsize|p1|4\n|teamsize|p2|4\n|start\n|switch|p1a: Armarouge|Armarouge, L50, M, shiny|100/100\n|switch|p1b: Meowstic|Meowstic, L50, M|100/100\n|switch|p2a: Slowking|Slowking, L50, F|100/100\n|switch|p2b: Lopunny|Lopunny, L50, F|100/100\n|turn|1\n|\n|t:|1776320437\n|detailschange|p2b: Lopunny|Lopunny-Mega, L50, F\n|-mega|p2b: Lopunny|Lopunny|Lopunnite\n|move|p2b: Lopunny|Fake Out|p1b: Meowstic\n|-damage|p1b: Meowstic|53/100\n|replace|p1b: Zoroark|Zoroark-Hisui, L50, M, shiny\n|-end|p1b: Zoroark|Illusion\n|cant|p1b: Zoroark|flinch\n|move|p1a: Armarouge|Expanding Force|p2b: Lopunny\n|-supereffective|p2b: Lopunny|1\n|-damage|p2b: Lopunny|0 fnt\n|faint|p2b: Lopunny\n|move|p2a: Slowking|Trick Room|p2a: Slowking\n|-fieldstart|move: Trick Room|[of] p2a: Slowking\n|\n|upkeep\n|inactive|Battle timer is ON: inactive players will automatically lose when time's up. (requested by dellpm1)\n|\n|t:|1776320449\n|switch|p2b: Torkoal|Torkoal, L50, F|100/100\n|-weather|SunnyDay|[from] ability: Drought|[of] p2b: Torkoal\n|turn|2\n|\n|t:|1776320467\n|move|p1a: Armarouge|Wide Guard|p1a: Armarouge\n|-singleturn|p1a: Armarouge|Wide Guard\n|move|p2b: Torkoal|Solar Beam||[still]\n|-prepare|p2b: Torkoal|Solar Beam\n|-anim|p2b: Torkoal|Solar Beam|p1b: Zoroark\n|-damage|p1b: Zoroark|0 fnt\n|faint|p1b: Zoroark\n|move|p2a: Slowking|Power Gem|p1a: Armarouge\n|-supereffective|p1a: Armarouge|1\n|-damage|p1a: Armarouge|56/100\n|\n|-weather|SunnyDay|[upkeep]\n|upkeep\n|\n|t:|1776320480\n|switch|p1b: Milotic|Milotic, L50, F, shiny|100/100\n|turn|3\n|\n|t:|1776320492\n|move|p2b: Torkoal|Solar Beam||[still]\n|-prepare|p2b: Torkoal|Solar Beam\n|-anim|p2b: Torkoal|Solar Beam|p1b: Milotic\n|-supereffective|p1b: Milotic|1\n|-damage|p1b: Milotic|51/100\n|move|p2a: Slowking|Power Gem|p1a: Armarouge\n|-supereffective|p1a: Armarouge|1\n|-damage|p1a: Armarouge|11/100\n|-enditem|p1a: Armarouge|Sitrus Berry|[eat]\n|-heal|p1a: Armarouge|36/100|[from] item: Sitrus Berry\n|move|p1a: Armarouge|Expanding Force|p2b: Torkoal\n|-damage|p2b: Torkoal|39/100\n|move|p1b: Milotic|Scald|p2b: Torkoal\n|-supereffective|p2b: Torkoal|1\n|-damage|p2b: Torkoal|0 fnt\n|faint|p2b: Torkoal\n|\n|-weather|SunnyDay|[upkeep]\n|-heal|p1b: Milotic|57/100|[from] item: Leftovers\n|upkeep\n|\n|t:|1776320505\n|switch|p2b: Kingambit|Kingambit, L50, F|100/100\n|turn|4\n|\n|t:|1776320518\n|move|p1a: Armarouge|Protect|p1a: Armarouge\n|-singleturn|p1a: Armarouge|Protect\n|move|p2b: Kingambit|Sucker Punch||[still]\n|-fail|p2b: Kingambit\n|move|p2a: Slowking|Psychic|p1b: Milotic\n|-damage|p1b: Milotic|33/100\n|-unboost|p1b: Milotic|spd|1\n|-ability|p1b: Milotic|Competitive|boost\n|-boost|p1b: Milotic|spa|2\n|move|p1b: Milotic|Life Dew|p1b: Milotic|[spread] p1a,p1b\n|-heal|p1a: Armarouge|61/100\n|-heal|p1b: Milotic|58/100\n|\n|-weather|SunnyDay|[upkeep]\n|-heal|p1b: Milotic|64/100|[from] item: Leftovers\n|upkeep\n|turn|5\n|inactive|yagumon has 30 seconds left.\n|inactive|dellpm1 has 30 seconds left.\n|inactive|dellpm1 has 20 seconds left.\n|inactive|yagumon has 20 seconds left.\n|inactive|yagumon has 15 seconds left.\n|inactive|yagumon has 10 seconds left.\n|inactive|yagumon has 5 seconds left.\n|\n|t:|1776320587\n|move|p1a: Armarouge|Protect|p1a: Armarouge\n|-singleturn|p1a: Armarouge|Protect\n|move|p2b: Kingambit|Sucker Punch||[still]\n|-fail|p2b: Kingambit\n|move|p2a: Slowking|Psychic|p1b: Milotic\n|-damage|p1b: Milotic|30/100\n|move|p1b: Milotic|Life Dew|p1b: Milotic|[spread] p1a,p1b\n|-heal|p1a: Armarouge|86/100\n|-heal|p1b: Milotic|55/100\n|\n|-weather|SunnyDay|[upkeep]\n|-heal|p1b: Milotic|61/100|[from] item: Leftovers\n|-fieldend|move: Trick Room\n|upkeep\n|turn|6\n|\n|t:|1776320610\n|move|p2b: Kingambit|Sucker Punch|p1a: Armarouge\n|-supereffective|p1a: Armarouge|1\n|-damage|p1a: Armarouge|7/100\n|move|p1b: Milotic|Life Dew|p1b: Milotic|[spread] p1a,p1b\n|-heal|p1a: Armarouge|32/100\n|-heal|p1b: Milotic|87/100\n|move|p1a: Armarouge|Armor Cannon|p2b: Kingambit\n|-supereffective|p2b: Kingambit|1\n|-damage|p2b: Kingambit|0 fnt\n|-unboost|p1a: Armarouge|def|1\n|-unboost|p1a: Armarouge|spd|1\n|faint|p2b: Kingambit\n|move|p2a: Slowking|Psychic|p1b: Milotic\n|-damage|p1b: Milotic|53/100\n|\n|-weather|none\n|-heal|p1b: Milotic|59/100|[from] item: Leftovers\n|upkeep\n|turn|7\n|-message|dellpm1 forfeited.\n|\n|win|yagumon\n|raw|yagumon's rating: 1128 &rarr; <strong>1160</strong><br />(+32 for winning)\n|raw|dellpm1's rating: 1228 &rarr; <strong>1196</strong><br />(-32 for losing)\n|l|\u2606dellpm1\n|player|p2|\n",
  "uploadtime": 1776320632,
  "views": 32,
  "formatid": "gen9championsvgc2026regma",
  "rating": 1160,
  "private": 0,
  "password": null
}