{
  "id": "gen9championsvgc2026regma-2585634361",
  "format": "[Gen 9 Champions] VGC 2026 Reg M-A",
  "players": [
    "testdigi",
    "glimana"
  ],
  "log": "|j|\u2606testdigi\n|j|\u2606glimana\n|t:|1776360257\n|gametype|doubles\n|player|p1|testdigi|170|1075\n|player|p2|glimana|101|1160\n|gen|9\n|tier|[Gen 9 Champions] VGC 2026 Reg M-A\n|rated|\n|rule|Species Clause: Limit one of each Pok\u00e9mon\n|rule|Item Clause: Limit 1 of each item\n|clearpoke\n|poke|p1|Mimikyu, L50, M|\n|poke|p1|Floette-Eternal, L50, F|\n|poke|p1|Sneasler, L50, F|\n|poke|p1|Incineroar, L50, M|\n|poke|p1|Tyranitar, L50, M|\n|poke|p1|Corviknight, L50, M|\n|poke|p2|Mamoswine, L50, M|\n|poke|p2|Tyranitar, L50, M|\n|poke|p2|Glimmora, L50, M|\n|poke|p2|Froslass, L50, F|\n|poke|p2|Noivern, L50, M|\n|poke|p2|Aegislash, L50, M|\n|teampreview|4\n|inactive|Battle timer is ON: inactive players will automatically lose when time's up. (requested by glimana)\n|inactive|testdigi has 60 seconds left.\n|inactive|glimana has 60 seconds left.\n|\n|t:|1776360311\n|teamsize|p1|4\n|teamsize|p2|4\n|start\n|switch|p1a: Corviknight|Corviknight, L50, M, shiny|100/100\n|switch|p1b: Tyranitar|Tyranitar, L50, M|100/100\n|switch|p2a: Glimmora|Glimmora, L50, M|100/100\n|switch|p2b: Noivern|Noivern, L50, M|100/100\n|-weather|Sandstorm|[from] ability: Sand Stream|[of] p1b: Tyranitar\n|turn|1\n|inactive|testdigi has 30 seconds left.\n|inactive|glimana has 30 seconds left.\n|inactive|glimana has 20 seconds left.\n|inactive|testdigi has 20 seconds left.\n|\n|t:|1776360356\n|detailschange|p2a: Glimmora|Glimmora-Mega, L50, M\n|-mega|p2a: Glimmora|Glimmora|Glimmoranite\n|detailschange|p1b: Tyranitar|Tyranitar-Mega, L50, M\n|-mega|p1b: Tyranitar|Tyranitar|Tyranitarite\n|move|p2a: Glimmora|Spiky Shield|p2a: Glimmora\n|-singleturn|p2a: Glimmora|move: Protect\n|move|p2b: Noivern|Tailwind|p2b: Noivern\n|-sidestart|p2: glimana|move: Tailwind\n|move|p1a: Corviknight|Tailwind|p1a: Corviknight\n|-sidestart|p1: testdigi|move: Tailwind\n|move|p1b: Tyranitar|Knock Off|p2a: Glimmora\n|-activate|p2a: Glimmora|move: Protect\n|-damage|p1b: Tyranitar|88/100|[from] Spiky Shield|[of] p2a: Glimmora\n|\n|-weather|Sandstorm|[upkeep]\n|-damage|p2b: Noivern|94/100|[from] Sandstorm\n|upkeep\n|turn|2\n|inactive|glimana has 30 seconds left.\n|inactive|glimana has 20 seconds left.\n|\n|t:|1776360392\n|switch|p2b: Aegislash|Aegislash, L50, M|100/100\n|move|p2a: Glimmora|Power Gem|p1a: Corviknight\n|-damage|p1a: Corviknight|41/100\n|move|p1a: Corviknight|Iron Head|p2a: Glimmora\n|-supereffective|p2a: Glimmora|1\n|-damage|p2a: Glimmora|44/100\n|move|p1b: Tyranitar|Rock Slide|p2a: Glimmora|[spread] p2a,p2b\n|-resisted|p2b: Aegislash|1\n|-damage|p2a: Glimmora|6/100\n|-damage|p2b: Aegislash|86/100\n|\n|-weather|Sandstorm|[upkeep]\n|upkeep\n|turn|3\n|\n|t:|1776360414\n|move|p1a: Corviknight|Protect|p1a: Corviknight\n|-singleturn|p1a: Corviknight|Protect\n|move|p2b: Aegislash|Wide Guard|p2b: Aegislash\n|-singleturn|p2b: Aegislash|Wide Guard\n|move|p2a: Glimmora|Power Gem|p1a: Corviknight\n|-activate|p1a: Corviknight|move: Protect\n|move|p1b: Tyranitar|Dragon Dance|p1b: Tyranitar\n|-boost|p1b: Tyranitar|atk|1\n|-boost|p1b: Tyranitar|spe|1\n|\n|-weather|Sandstorm|[upkeep]\n|upkeep\n|turn|4\n|inactive|testdigi has 30 seconds left.\n|inactive|glimana has 30 seconds left.\n|\n|t:|1776360448\n|switch|p1a: Incineroar|Incineroar, L50, M|100/100\n|-ability|p1a: Incineroar|Intimidate|boost\n|-unboost|p2a: Glimmora|atk|1\n|-unboost|p2b: Aegislash|atk|1\n|-enditem|p2b: Aegislash|White Herb\n|-clearnegativeboost|p2b: Aegislash|[silent]\n|move|p2a: Glimmora|Spiky Shield|p2a: Glimmora\n|-singleturn|p2a: Glimmora|move: Protect\n|move|p1b: Tyranitar|Knock Off|p2a: Glimmora\n|-activate|p2a: Glimmora|move: Protect\n|-damage|p1b: Tyranitar|76/100|[from] Spiky Shield|[of] p2a: Glimmora\n|-formechange|p2b: Aegislash|Aegislash-Blade|\n|move|p2b: Aegislash|Iron Head|p1b: Tyranitar\n|-supereffective|p1b: Tyranitar|1\n|-damage|p1b: Tyranitar|23/100\n|\n|-weather|Sandstorm|[upkeep]\n|-damage|p1a: Incineroar|95/100|[from] Sandstorm\n|-sideend|p2: glimana|move: Tailwind\n|-sideend|p1: testdigi|move: Tailwind\n|upkeep\n|turn|5\n|inactive|glimana has 30 seconds left.\n|inactive|glimana has 20 seconds left.\n|inactive|glimana has 15 seconds left.\n|\n|t:|1776360490\n|switch|p2a: Noivern|Noivern, L50, M|94/100\n|move|p1a: Incineroar|Fake Out|p2a: Noivern\n|-damage|p2a: Noivern|78/100\n|move|p1b: Tyranitar|Rock Slide|p2b: Aegislash|[spread] p2a,p2b\n|-supereffective|p2a: Noivern|1\n|-enditem|p2a: Noivern|Charti Berry|[eat]\n|-enditem|p2a: Noivern|Charti Berry|[weaken]\n|-resisted|p2b: Aegislash|1\n|-damage|p2a: Noivern|9/100\n|-damage|p2b: Aegislash|44/100\n|cant|p2b: Aegislash|flinch\n|\n|-weather|none\n|upkeep\n|turn|6\n|\n|t:|1776360511\n|-formechange|p2b: Aegislash|Aegislash|\n|move|p2b: Aegislash|King's Shield|p2b: Aegislash\n|-singleturn|p2b: Aegislash|Protect\n|move|p2a: Noivern|Tailwind|p2a: Noivern\n|-sidestart|p2: glimana|move: Tailwind\n|move|p1b: Tyranitar|Rock Slide|p2b: Aegislash|[spread] \n|-activate|p2b: Aegislash|move: Protect\n|-miss|p1b: Tyranitar|p2a: Noivern\n|move|p1a: Incineroar|Flare Blitz|p2b: Aegislash\n|-activate|p2b: Aegislash|move: Protect\n|-unboost|p1a: Incineroar|atk|1\n|\n|upkeep\n|turn|7\n|inactive|testdigi has 30 seconds left.\n|inactive|glimana has 30 seconds left.\n|\n|t:|1776360542\n|move|p1b: Tyranitar|Protect|p1b: Tyranitar\n|-singleturn|p1b: Tyranitar|Protect\n|move|p2a: Noivern|Draco Meteor|p1b: Tyranitar\n|-activate|p1b: Tyranitar|move: Protect\n|-formechange|p2b: Aegislash|Aegislash-Blade|\n|move|p2b: Aegislash|Iron Head|p1b: Tyranitar\n|-activate|p1b: Tyranitar|move: Protect\n|move|p1a: Incineroar|Throat Chop|p2b: Aegislash\n|-supereffective|p2b: Aegislash|1\n|-damage|p2b: Aegislash|0 fnt\n|faint|p2b: Aegislash\n|\n|upkeep\n|\n|t:|1776360559\n|switch|p2b: Glimmora|Glimmora-Mega, L50, M|6/100\n|turn|8\n|\n|t:|1776360581\n|move|p2a: Noivern|Draco Meteor|p1a: Incineroar\n|-damage|p1a: Incineroar|42/100\n|-unboost|p2a: Noivern|spa|2\n|move|p2b: Glimmora|Earth Power|p1b: Tyranitar\n|-supereffective|p1b: Tyranitar|1\n|-damage|p1b: Tyranitar|0 fnt\n|faint|p1b: Tyranitar\n|move|p1a: Incineroar|Parting Shot|p2a: Noivern\n|-unboost|p2a: Noivern|atk|1\n|-unboost|p2a: Noivern|spa|1\n|\n|t:|1776360589\n|switch|p1a: Corviknight|Corviknight, L50, M, shiny|41/100|[from] Parting Shot\n|\n|upkeep\n|\n|t:|1776360591\n|switch|p1b: Incineroar|Incineroar, L50, M|42/100\n|-ability|p1b: Incineroar|Intimidate|boost\n|-unboost|p2a: Noivern|atk|1\n|-unboost|p2b: Glimmora|atk|1\n|turn|9\n|\n|t:|1776360604\n|switch|p2a: Mamoswine|Mamoswine, L50, M|100/100\n|move|p2b: Glimmora|Spiky Shield|p2b: Glimmora\n|-singleturn|p2b: Glimmora|move: Protect\n|move|p1b: Incineroar|Fake Out|p2a: Mamoswine\n|-damage|p2a: Mamoswine|88/100\n|move|p1a: Corviknight|Tailwind|p1a: Corviknight\n|-sidestart|p1: testdigi|move: Tailwind\n|\n|-sideend|p2: glimana|move: Tailwind\n|upkeep\n|turn|10\n|inactive|glimana has 30 seconds left.\n|\n|t:|1776360637\n|switch|p2b: Noivern|Noivern, L50, M|9/100\n|move|p1a: Corviknight|Iron Head|p2b: Noivern\n|-damage|p2b: Noivern|0 fnt\n|faint|p2b: Noivern\n|move|p1b: Incineroar|Flare Blitz|p2a: Mamoswine\n|-supereffective|p2a: Mamoswine|1\n|-damage|p2a: Mamoswine|0 fnt\n|faint|p2a: Mamoswine\n|-damage|p1b: Incineroar|13/100|[from] Recoil\n|\n|upkeep\n|\n|t:|1776360648\n|switch|p2b: Glimmora|Glimmora-Mega, L50, M|6/100\n|turn|11\n|\n|t:|1776360656\n|move|p1a: Corviknight|Protect|p1a: Corviknight\n|-singleturn|p1a: Corviknight|Protect\n|move|p2b: Glimmora|Spiky Shield|p2b: Glimmora\n|-singleturn|p2b: Glimmora|move: Protect\n|move|p1b: Incineroar|Parting Shot|p2b: Glimmora\n|-activate|p2b: Glimmora|move: Protect\n|\n|upkeep\n|turn|12\n|\n|t:|1776360664\n|move|p2b: Glimmora|Spiky Shield||[still]\n|-fail|p2b: Glimmora\n|move|p1a: Corviknight|Iron Head|p2b: Glimmora\n|-supereffective|p2b: Glimmora|1\n|-damage|p2b: Glimmora|0 fnt\n|faint|p2b: Glimmora\n|\n|win|testdigi\n",
  "uploadtime": 1776360260,
  "views": 21,
  "formatid": "gen9championsvgc2026regma",
  "rating": null,
  "private": 0,
  "password": null
}