{
  "id": "gen9championsvgc2026regma-2587119469",
  "format": "[Gen 9 Champions] VGC 2026 Reg M-A",
  "players": [
    "AidzPlayz",
    "test4anerd"
  ],
  "log": "|j|\u2606AidzPlayz\n|j|\u2606test4anerd\n|t:|1776496162\n|gametype|doubles\n|player|p1|AidzPlayz|ghetsis-gen5bw|1352\n|player|p2|test4anerd|266|1253\n|gen|9\n|tier|[Gen 9 Champions] VGC 2026 Reg M-A\n|rated|\n|rule|Species Clause: Limit one of each Pok\u00e9mon\n|rule|Item Clause: Limit 1 of each item\n|clearpoke\n|poke|p1|Aerodactyl, L50, M|\n|poke|p1|Incineroar, L50, F|\n|poke|p1|Floette-Eternal, L50, F|\n|poke|p1|Basculegion, L50, M|\n|poke|p1|Garchomp, L50, F|\n|poke|p1|Sneasler, L50, M|\n|poke|p2|Milotic, L50, F|\n|poke|p2|Vivillon, L50, M|\n|poke|p2|Aegislash, L50, M|\n|poke|p2|Tsareena, L50, F|\n|poke|p2|Chimecho, L50, F|\n|poke|p2|Pelipper, L50, F|\n|teampreview|4\n|inactive|Battle timer is ON: inactive players will automatically lose when time's up. (requested by AidzPlayz)\n|\n|t:|1776496219\n|teamsize|p1|4\n|teamsize|p2|4\n|start\n|switch|p1a: Incineroar|Incineroar, L50, F|100/100\n|switch|p1b: Floette|Floette-Eternal, L50, F|100/100\n|switch|p2a: Tsareena|Tsareena, L50, F|100/100\n|switch|p2b: Chimecho|Chimecho, L50, F|100/100\n|-ability|p1a: Incineroar|Intimidate|boost\n|-unboost|p2a: Tsareena|atk|1\n|-unboost|p2b: Chimecho|atk|1\n|turn|1\n|\n|t:|1776496243\n|switch|p2a: Aegislash|Aegislash, L50, M|100/100\n|detailschange|p1b: Floette|Floette-Mega, L50, F\n|-mega|p1b: Floette|Floette|Floettite\n|-ability|p1b: Floette|Fairy Aura\n|detailschange|p2b: Chimecho|Chimecho-Mega, L50, F\n|-mega|p2b: Chimecho|Chimecho|Chimechite\n|move|p1b: Floette|Dazzling Gleam|p2a: Aegislash|[spread] p2a,p2b\n|-resisted|p2a: Aegislash|1\n|-resisted|p2b: Chimecho|1\n|-damage|p2a: Aegislash|78/100\n|-damage|p2b: Chimecho|79/100\n|move|p1a: Incineroar|Flare Blitz|p2b: Chimecho\n|-supereffective|p2b: Chimecho|1\n|-damage|p2b: Chimecho|0 fnt\n|faint|p2b: Chimecho\n|-damage|p1a: Incineroar|77/100|[from] Recoil\n|\n|upkeep\n|\n|t:|1776496260\n|switch|p2b: Milotic|Milotic, L50, F|100/100\n|turn|2\n|inactive|test4anerd has 30 seconds left.\n|\n|t:|1776496293\n|move|p2a: Aegislash|King's Shield|p2a: Aegislash\n|-singleturn|p2a: Aegislash|Protect\n|move|p1b: Floette|Light of Ruin|p2b: Milotic|[miss]\n|-miss|p1b: Floette|p2b: Milotic\n|move|p2b: Milotic|Scald|p1a: Incineroar\n|-supereffective|p1a: Incineroar|1\n|-damage|p1a: Incineroar|30/100\n|-enditem|p1a: Incineroar|Sitrus Berry|[eat]\n|-heal|p1a: Incineroar|54/100|[from] item: Sitrus Berry\n|move|p1a: Incineroar|Flare Blitz|p2a: Aegislash\n|-activate|p2a: Aegislash|move: Protect\n|-unboost|p1a: Incineroar|atk|1\n|\n|upkeep\n|turn|3\n|inactive|test4anerd has 30 seconds left.\n|\n|t:|1776496319\n|move|p1a: Incineroar|Helping Hand|p1b: Floette\n|-singleturn|p1b: Floette|Helping Hand|[of] p1a: Incineroar\n|move|p1b: Floette|Dazzling Gleam|p2a: Aegislash|[spread] p2a,p2b\n|-resisted|p2a: Aegislash|1\n|-damage|p2a: Aegislash|44/100\n|-damage|p2b: Milotic|47/100\n|move|p2b: Milotic|Scald|p1a: Incineroar\n|-supereffective|p1a: Incineroar|1\n|-damage|p1a: Incineroar|0 fnt\n|faint|p1a: Incineroar\n|-formechange|p2a: Aegislash|Aegislash-Blade|\n|move|p2a: Aegislash|Iron Head|p1b: Floette\n|-supereffective|p1b: Floette|1\n|-damage|p1b: Floette|0 fnt\n|faint|p1b: Floette\n|\n|-heal|p2b: Milotic|52/100|[from] item: Leftovers\n|upkeep\n|\n|t:|1776496332\n|switch|p1b: Basculegion|Basculegion, L50, M|100/100\n|switch|p1a: Aerodactyl|Aerodactyl, L50, M|100/100\n|-ability|p1a: Aerodactyl|Unnerve\n|turn|4\n|\n|t:|1776496352\n|-formechange|p2a: Aegislash|Aegislash|\n|move|p2a: Aegislash|King's Shield|p2a: Aegislash\n|-singleturn|p2a: Aegislash|Protect\n|move|p1b: Basculegion|Last Respects|p2b: Milotic\n|-damage|p2b: Milotic|0 fnt\n|faint|p2b: Milotic\n|move|p1a: Aerodactyl|Rock Slide|p2a: Aegislash\n|-activate|p2a: Aegislash|move: Protect\n|\n|upkeep\n|\n|t:|1776496359\n|switch|p2b: Tsareena|Tsareena, L50, F|100/100\n|turn|5\n|\n|t:|1776496372\n|move|p1b: Basculegion|Last Respects|p2a: Aegislash\n|-supereffective|p2a: Aegislash|1\n|-damage|p2a: Aegislash|0 fnt\n|faint|p2a: Aegislash\n|move|p1a: Aerodactyl|Dual Wingbeat|p2b: Tsareena|[miss]\n|-miss|p1a: Aerodactyl|p2b: Tsareena\n|move|p2b: Tsareena|Power Whip|p1b: Basculegion\n|-supereffective|p1b: Basculegion|1\n|-damage|p1b: Basculegion|0 fnt\n|faint|p1b: Basculegion\n|\n|upkeep\n|turn|6\n|\n|t:|1776496389\n|move|p1a: Aerodactyl|Dual Wingbeat|p2b: Tsareena|[miss]\n|-miss|p1a: Aerodactyl|p2b: Tsareena\n|move|p2b: Tsareena|Triple Axel|p1a: Aerodactyl\n|-supereffective|p1a: Aerodactyl|1\n|-damage|p1a: Aerodactyl|76/100\n|-supereffective|p1a: Aerodactyl|1\n|-damage|p1a: Aerodactyl|30/100\n|-supereffective|p1a: Aerodactyl|1\n|-damage|p1a: Aerodactyl|0 fnt\n|faint|p1a: Aerodactyl\n|-hitcount|p1: Aerodactyl|3\n|\n|win|test4anerd\n|raw|AidzPlayz's rating: 1352 &rarr; <strong>1326</strong><br />(-26 for losing)\n|raw|test4anerd's rating: 1253 &rarr; <strong>1285</strong><br />(+32 for winning)\n",
  "uploadtime": 1776496389,
  "views": 21,
  "formatid": "gen9championsvgc2026regma",
  "rating": 1285,
  "private": 0,
  "password": null
}