{
  "id": "gen9championsvgc2026regma-2587071901",
  "format": "[Gen 9 Champions] VGC 2026 Reg M-A",
  "players": [
    "bootyheans",
    "Oramgee"
  ],
  "log": "|j|\u2606bootyheans\n|j|\u2606Oramgee\n|t:|1776489574\n|gametype|doubles\n|player|p1|bootyheans|burglar|\n|player|p2|Oramgee|plasmagrunt-gen5bw|\n|gen|9\n|tier|[Gen 9 Champions] VGC 2026 Reg M-A\n|rule|Species Clause: Limit one of each Pok\u00e9mon\n|rule|Item Clause: Limit 1 of each item\n|clearpoke\n|poke|p1|Dedenne, L50, M|\n|poke|p1|Incineroar, L50, M|\n|poke|p1|Feraligatr, L50, M|\n|poke|p1|Ninetales-Alola, L50, F|\n|poke|p1|Sinistcha, L50|\n|poke|p1|Garchomp, L50, M|\n|poke|p2|Charizard, L50, F, shiny|\n|poke|p2|Alakazam, L50, M, shiny|\n|poke|p2|Decidueye, L50, M, shiny|\n|poke|p2|Floette-Eternal, L50, F|\n|poke|p2|Meowscarada, L50, F, shiny|\n|poke|p2|Roserade, L50, M|\n|teampreview|4\n|\n|t:|1776489668\n|teamsize|p1|4\n|teamsize|p2|4\n|start\n|switch|p1a: Dedenne|Dedenne, L50, M|100/100\n|switch|p1b: Incineroar|Incineroar, L50, M|100/100\n|switch|p2a: Charizard|Charizard, L50, F, shiny|100/100\n|switch|p2b: Floette|Floette-Eternal, L50, F|100/100\n|-ability|p1b: Incineroar|Intimidate|boost\n|-unboost|p2a: Charizard|atk|1\n|-unboost|p2b: Floette|atk|1\n|turn|1\n|\n|t:|1776489694\n|move|p1b: Incineroar|Fake Out|p2b: Floette\n|-damage|p2b: Floette|89/100\n|move|p1a: Dedenne|Nuzzle|p2a: Charizard\n|-supereffective|p2a: Charizard|1\n|-damage|p2a: Charizard|90/100\n|-status|p2a: Charizard|par\n|cant|p2b: Floette|flinch\n|cant|p2a: Charizard|par\n|\n|upkeep\n|turn|2\n|\n|t:|1776489712\n|move|p1a: Dedenne|Nuzzle|p2b: Floette\n|-damage|p2b: Floette|84/100\n|-status|p2b: Floette|par\n|move|p1b: Incineroar|Parting Shot|p2a: Charizard\n|-unboost|p2a: Charizard|atk|1\n|-unboost|p2a: Charizard|spa|1\n|\n|t:|1776489720\n|switch|p1b: Feraligatr|Feraligatr, L50, M|100/100|[from] Parting Shot\n|move|p2a: Charizard|Dragon Dance|p2a: Charizard\n|-boost|p2a: Charizard|atk|1\n|-boost|p2a: Charizard|spe|1\n|move|p2b: Floette|Draining Kiss|p1a: Dedenne\n|-damage|p1a: Dedenne|68/100\n|-heal|p2b: Floette|100/100 par|[from] drain|[of] p1a: Dedenne\n|\n|upkeep\n|turn|3\n|\n|t:|1776489735\n|move|p1a: Dedenne|Volt Switch|p2a: Charizard\n|-supereffective|p2a: Charizard|1\n|-damage|p2a: Charizard|48/100 par\n|\n|t:|1776489739\n|switch|p1a: Ninetales|Ninetales-Alola, L50, F|100/100|[from] Volt Switch\n|-weather|Snowscape|[from] ability: Snow Warning|[of] p1a: Ninetales\n|move|p1b: Feraligatr|Dragon Dance|p1b: Feraligatr\n|-boost|p1b: Feraligatr|atk|1\n|-boost|p1b: Feraligatr|spe|1\n|move|p2a: Charizard|Flamethrower|p1b: Feraligatr\n|-resisted|p1b: Feraligatr|1\n|-damage|p1b: Feraligatr|86/100\n|move|p2b: Floette|Alluring Voice|p1b: Feraligatr\n|-damage|p1b: Feraligatr|47/100\n|-start|p1b: Feraligatr|confusion\n|\n|-weather|Snowscape|[upkeep]\n|upkeep\n|turn|4\n|\n|t:|1776489770\n|detailschange|p1b: Feraligatr|Feraligatr-Mega, L50, M\n|-mega|p1b: Feraligatr|Feraligatr|Feraligite\n|-activate|p1b: Feraligatr|confusion\n|move|p1b: Feraligatr|Liquidation|p2b: Floette\n|-damage|p2b: Floette|22/100 par\n|move|p1a: Ninetales|Aurora Veil|p1a: Ninetales\n|-sidestart|p1: bootyheans|move: Aurora Veil\n|move|p2a: Charizard|Dragon Claw|p1b: Feraligatr\n|-supereffective|p1b: Feraligatr|1\n|-damage|p1b: Feraligatr|36/100\n|move|p2b: Floette|Light Screen|p2b: Floette\n|-sidestart|p2: Oramgee|move: Light Screen\n|\n|-weather|Snowscape|[upkeep]\n|upkeep\n|turn|5\n|\n|t:|1776489790\n|detailschange|p2a: Charizard|Charizard-Mega-X, L50, F, shiny\n|-mega|p2a: Charizard|Charizard|Charizardite X\n|-activate|p1b: Feraligatr|confusion\n|-damage|p1b: Feraligatr|15/100|[from] confusion\n|move|p1a: Ninetales|Blizzard|p2a: Charizard|[spread] p2a,p2b\n|-crit|p2b: Floette\n|-damage|p2a: Charizard|28/100 par\n|-damage|p2b: Floette|0 fnt\n|faint|p2b: Floette\n|move|p2a: Charizard|Flamethrower|p1b: Feraligatr\n|-resisted|p1b: Feraligatr|2\n|-damage|p1b: Feraligatr|10/100\n|\n|-weather|Snowscape|[upkeep]\n|upkeep\n|\n|t:|1776489803\n|switch|p2b: Meowscarada|Meowscarada, L50, F, shiny|100/100\n|turn|6\n|\n|t:|1776489812\n|switch|p1b: Incineroar|Incineroar, L50, M|100/100\n|-ability|p1b: Incineroar|Intimidate|boost\n|-unboost|p2a: Charizard|atk|1\n|-unboost|p2b: Meowscarada|atk|1\n|move|p1a: Ninetales|Blizzard|p2a: Charizard|[spread] p2a,p2b\n|-supereffective|p2b: Meowscarada|1\n|-damage|p2a: Charizard|9/100 par\n|-damage|p2b: Meowscarada|34/100\n|move|p2b: Meowscarada|Flower Trick|p1a: Ninetales\n|-crit|p1a: Ninetales\n|-damage|p1a: Ninetales|54/100\n|move|p2a: Charizard|Dragon Claw|p1b: Incineroar\n|-damage|p1b: Incineroar|88/100\n|\n|-weather|Snowscape|[upkeep]\n|upkeep\n|turn|7\n|\n|t:|1776489838\n|move|p1b: Incineroar|Fake Out|p2b: Meowscarada\n|-damage|p2b: Meowscarada|24/100\n|move|p1a: Ninetales|Blizzard|p2b: Meowscarada|[spread] p2a,p2b\n|-supereffective|p2b: Meowscarada|1\n|-damage|p2a: Charizard|0 fnt\n|-damage|p2b: Meowscarada|0 fnt\n|faint|p2a: Charizard\n|faint|p2b: Meowscarada\n|\n|-weather|none\n|upkeep\n|\n|t:|1776489854\n|switch|p2b: Alakazam|Alakazam, L50, M, shiny|100/100\n|turn|8\n|\n|t:|1776489862\n|move|p1a: Ninetales|Moonblast|p2b: Alakazam\n|-damage|p2b: Alakazam|70/100\n|move|p2b: Alakazam|Psychic|p1a: Ninetales\n|-damage|p1a: Ninetales|20/100\n|move|p1b: Incineroar|Darkest Lariat|p2b: Alakazam\n|-supereffective|p2b: Alakazam|1\n|-damage|p2b: Alakazam|0 fnt\n|faint|p2b: Alakazam\n|\n|win|bootyheans\n",
  "uploadtime": 1776489872,
  "views": 13,
  "formatid": "gen9championsvgc2026regma",
  "rating": null,
  "private": 0,
  "password": null
}