{
  "id": "gen9championsvgc2026regma-2582078193",
  "format": "[Gen 9 Champions] VGC 2026 Reg M-A",
  "players": [
    "wangfirex77\\",
    "Natholidis"
  ],
  "log": "|j|\u2606wangfirex77\\\n|j|\u2606Natholidis\n|t:|1776055135\n|gametype|doubles\n|player|p1|wangfirex77\\|265|1151\n|player|p2|Natholidis|101|1090\n|gen|9\n|tier|[Gen 9 Champions] VGC 2026 Reg M-A\n|rated|\n|rule|Species Clause: Limit one of each Pok\u00e9mon\n|rule|Item Clause: Limit 1 of each item\n|clearpoke\n|poke|p1|Floette-Eternal, L50, F|\n|poke|p1|Vivillon, L50, M|\n|poke|p1|Aerodactyl, L50, M|\n|poke|p1|Ditto, L50|\n|poke|p1|Typhlosion-Hisui, L50, M|\n|poke|p1|Incineroar, L50, M|\n|poke|p2|Sneasler, L50, M|\n|poke|p2|Kingambit, L50, M|\n|poke|p2|Floette-Eternal, L50, F|\n|poke|p2|Tsareena, L50, F|\n|poke|p2|Klefki, L50, F|\n|poke|p2|Basculegion, L50, M|\n|teampreview|4\n|\n|t:|1776055165\n|teamsize|p1|4\n|teamsize|p2|4\n|start\n|switch|p1a: Floette|Floette-Eternal, L50, F|100/100\n|switch|p1b: Vivillon|Vivillon, L50, M|100/100\n|switch|p2a: Sneasler|Sneasler, L50, M|100/100\n|switch|p2b: Floette|Floette-Eternal, L50, F|100/100\n|turn|1\n|\n|t:|1776055215\n|detailschange|p1a: Floette|Floette-Mega, L50, F\n|-mega|p1a: Floette|Floette|Floettite\n|-ability|p1a: Floette|Fairy Aura\n|move|p1b: Vivillon|Protect|p1b: Vivillon\n|-singleturn|p1b: Vivillon|Protect\n|move|p1a: Floette|Protect|p1a: Floette\n|-singleturn|p1a: Floette|Protect\n|move|p2a: Sneasler|Gunk Shot|p1a: Floette\n|-activate|p1a: Floette|move: Protect\n|move|p2b: Floette|Calm Mind|p2b: Floette\n|-boost|p2b: Floette|spa|1\n|-boost|p2b: Floette|spd|1\n|\n|upkeep\n|turn|2\n|l|\u2606wangfirex77\\\n|player|p1|\n|j|\u2606wangfirex77\\\n|player|p1|wangfirex77\\|265|\n|\n|t:|1776055256\n|detailschange|p2b: Floette|Floette-Mega, L50, F\n|-mega|p2b: Floette|Floette|Floettite\n|-ability|p2b: Floette|Fairy Aura\n|move|p2a: Sneasler|Gunk Shot|p1a: Floette|[miss]\n|-miss|p2a: Sneasler|p1a: Floette\n|move|p2b: Floette|Moonblast|p1b: Vivillon\n|-enditem|p1b: Vivillon|Focus Sash\n|-damage|p1b: Vivillon|1/100\n|move|p1b: Vivillon|Tailwind|p1b: Vivillon\n|-sidestart|p1: wangfirex77\\|move: Tailwind\n|move|p1a: Floette|Dazzling Gleam|p2b: Floette|[spread] p2a,p2b\n|-damage|p2a: Sneasler|32/100\n|-damage|p2b: Floette|72/100\n|\n|upkeep\n|turn|3\n|\n|t:|1776055301\n|switch|p2a: Kingambit|Kingambit, L50, M|100/100\n|move|p1b: Vivillon|Sleep Powder|p2b: Floette\n|-status|p2b: Floette|slp|[from] move: Sleep Powder\n|move|p1a: Floette|Dazzling Gleam|p2b: Floette|[spread] p2a,p2b\n|-damage|p2a: Kingambit|54/100\n|-damage|p2b: Floette|43/100 slp\n|cant|p2b: Floette|slp\n|\n|upkeep\n|turn|4\n|\n|t:|1776055341\n|move|p1b: Vivillon|Sleep Powder|p2a: Kingambit|[miss]\n|-miss|p1b: Vivillon|p2a: Kingambit\n|move|p1a: Floette|Dazzling Gleam|p2b: Floette|[spread] p2a,p2b\n|-damage|p2a: Kingambit|4/100\n|-damage|p2b: Floette|16/100 slp\n|-curestatus|p2b: Floette|slp|[msg]\n|move|p2b: Floette|Dazzling Gleam|p1a: Floette|[spread] p1a,p1b\n|-damage|p1a: Floette|64/100\n|-damage|p1b: Vivillon|0 fnt\n|faint|p1b: Vivillon\n|move|p2a: Kingambit|Kowtow Cleave|p1a: Floette\n|-resisted|p1a: Floette|1\n|-damage|p1a: Floette|34/100\n|\n|upkeep\n|\n|t:|1776055358\n|switch|p1b: Typhlosion|Typhlosion-Hisui, L50, M|100/100\n|-item|p2a: Kingambit|Black Glasses|[from] ability: Frisk|[of] p1b: Typhlosion\n|-item|p2b: Floette|Floettite|[from] ability: Frisk|[of] p1b: Typhlosion\n|turn|5\n|\n|t:|1776055380\n|switch|p1a: Ditto|Ditto, L50|100/100\n|-transform|p1a: Ditto|p2b: Floette|[from] ability: Imposter\n|-ability|p1a: Ditto|Fairy Aura\n|move|p2b: Floette|Protect|p2b: Floette\n|-singleturn|p2b: Floette|Protect\n|move|p2a: Kingambit|Protect|p2a: Kingambit\n|-singleturn|p2a: Kingambit|Protect\n|move|p1b: Typhlosion|Eruption|p2a: Kingambit|[spread] \n|-activate|p2a: Kingambit|move: Protect\n|-activate|p2b: Floette|move: Protect\n|\n|-sideend|p1: wangfirex77\\|move: Tailwind\n|upkeep\n|turn|6\n|\n|t:|1776055402\n|move|p2a: Kingambit|Sucker Punch|p1b: Typhlosion\n|-supereffective|p1b: Typhlosion|1\n|-damage|p1b: Typhlosion|0 fnt\n|faint|p1b: Typhlosion\n|move|p1a: Ditto|Dazzling Gleam|p2b: Floette|[spread] p2a,p2b\n|-damage|p2a: Kingambit|0 fnt\n|-damage|p2b: Floette|0 fnt\n|faint|p2a: Kingambit\n|faint|p2b: Floette\n|\n|upkeep\n|\n|t:|1776055412\n|switch|p2b: Basculegion|Basculegion, L50, M|100/100\n|switch|p1b: Floette|Floette-Mega, L50, F|34/100\n|switch|p2a: Sneasler|Sneasler, L50, M|32/100\n|-ability|p1b: Floette|Fairy Aura\n|turn|7\n|\n|t:|1776055436\n|move|p1a: Ditto|Protect|p1a: Ditto\n|-singleturn|p1a: Ditto|Protect\n|move|p1b: Floette|Protect|p1b: Floette\n|-singleturn|p1b: Floette|Protect\n|move|p2a: Sneasler|Fake Out|p1a: Ditto\n|-activate|p1a: Ditto|move: Protect\n|move|p2b: Basculegion|Last Respects|p1b: Floette\n|-activate|p1b: Floette|move: Protect\n|\n|upkeep\n|turn|8\n|-activate|p1a: Ditto|item: Quick Claw\n|\n|t:|1776055460\n|move|p1a: Ditto|Dazzling Gleam|p2a: Sneasler|[spread] p2a,p2b\n|-damage|p2a: Sneasler|0 fnt\n|-damage|p2b: Basculegion|25/100\n|faint|p2a: Sneasler\n|move|p2b: Basculegion|Last Respects|p1b: Floette\n|-crit|p1b: Floette\n|-damage|p1b: Floette|0 fnt\n|faint|p1b: Floette\n|\n|upkeep\n|turn|9\n|c|\u2606Natholidis|bruh quick claw\n|-activate|p1a: Ditto|item: Quick Claw\n|\n|t:|1776055518\n|move|p1a: Ditto|Dazzling Gleam|p2b: Basculegion\n|-damage|p2b: Basculegion|0 fnt\n|faint|p2b: Basculegion\n|\n|win|wangfirex77\\\n|raw|wangfirex77\\'s rating: 1151 &rarr; <strong>1172</strong><br />(+21 for winning)\n|raw|Natholidis's rating: 1090 &rarr; <strong>1071</strong><br />(-19 for losing)\n|c|\u2606Natholidis|bruh\n",
  "uploadtime": 1776055527,
  "views": 9,
  "formatid": "gen9championsvgc2026regma",
  "rating": 1071,
  "private": 0,
  "password": null
}