{
  "id": "gen9championsvgc2026regma-2581726783",
  "format": "[Gen 9 Champions] VGC 2026 Reg M-A",
  "players": [
    "SunTufo",
    "Cereales_Hacendado"
  ],
  "log": "|j|\u2606SunTufo\n|j|\u2606Cereales_Hacendado\n|t:|1776023744\n|gametype|doubles\n|player|p1|SunTufo|li|1244\n|player|p2|Cereales_Hacendado|ghetsis|1289\n|gen|9\n|tier|[Gen 9 Champions] VGC 2026 Reg M-A\n|rated|\n|rule|Species Clause: Limit one of each Pok\u00e9mon\n|rule|Item Clause: Limit 1 of each item\n|clearpoke\n|poke|p1|Basculegion, L50, M|\n|poke|p1|Pelipper, L50, M|\n|poke|p1|Floette-Eternal, L50, F|\n|poke|p1|Archaludon, L50, M|\n|poke|p1|Sinistcha, L50|\n|poke|p1|Talonflame, L50, F|\n|poke|p2|Rotom-Heat, L50|\n|poke|p2|Corviknight, L50, M|\n|poke|p2|Starmie, L50|\n|poke|p2|Gallade, L50, M|\n|poke|p2|Milotic, L50, F|\n|poke|p2|Gengar, L50, F|\n|teampreview|4\n|inactive|Battle timer is ON: inactive players will automatically lose when time's up. (requested by SunTufo)\nCereales_Hacendado rejected open team sheets.\n|\n|t:|1776023766\n|teamsize|p1|4\n|teamsize|p2|4\n|start\n|switch|p1a: Talonflame|Talonflame, L50, F|100/100\n|switch|p1b: Basculegion|Basculegion, L50, M|100/100\n|switch|p2a: Skip leg day|Starmie, L50, shiny|100/100\n|switch|p2b: Sir Galahad|Gallade, L50, M, shiny|100/100\n|turn|1\n|\n|t:|1776023785\n|switch|p2b: Metal Krowy|Corviknight, L50, M, shiny|100/100\n|detailschange|p2a: Skip leg day|Starmie-Mega, L50, shiny\n|-mega|p2a: Skip leg day|Starmie|Starminite\n|move|p2a: Skip leg day|Protect|p2a: Skip leg day\n|-singleturn|p2a: Skip leg day|Protect\n|move|p1a: Talonflame|Tailwind|p1a: Talonflame\n|-sidestart|p1: SunTufo|move: Tailwind\n|move|p1b: Basculegion|Wave Crash|p2b: Metal Krowy\n|-damage|p2b: Metal Krowy|41/100\n|-enditem|p2b: Metal Krowy|Sitrus Berry|[eat]\n|-heal|p2b: Metal Krowy|66/100|[from] item: Sitrus Berry\n|-damage|p1b: Basculegion|80/100|[from] Recoil\n|\n|upkeep\n|turn|2\n|\n|t:|1776023803\n|move|p1b: Basculegion|Wave Crash|p2b: Metal Krowy\n|-damage|p2b: Metal Krowy|0 fnt\n|faint|p2b: Metal Krowy\n|-damage|p1b: Basculegion|57/100|[from] Recoil\n|move|p1a: Talonflame|Will-O-Wisp|p2a: Skip leg day\n|-status|p2a: Skip leg day|brn\n|move|p2a: Skip leg day|Liquidation|p1a: Talonflame\n|-supereffective|p1a: Talonflame|1\n|-damage|p1a: Talonflame|0 fnt\n|faint|p1a: Talonflame\n|\n|-damage|p2a: Skip leg day|95/100 brn|[from] brn\n|upkeep\n|\n|t:|1776023815\n|switch|p1a: Archaludon|Archaludon, L50, M|100/100\n|switch|p2b: Risitas|Gengar, L50, F|100/100\n|turn|3\n|\n|t:|1776023825\n|move|p2b: Risitas|Protect|p2b: Risitas\n|-singleturn|p2b: Risitas|Protect\n|move|p1b: Basculegion|Wave Crash|p2b: Risitas\n|-activate|p2b: Risitas|move: Protect\n|move|p2a: Skip leg day|Thunderbolt|p1b: Basculegion\n|-supereffective|p1b: Basculegion|1\n|-damage|p1b: Basculegion|0 fnt\n|faint|p1b: Basculegion\n|move|p1a: Archaludon|Dragon Pulse|p2b: Risitas\n|-activate|p2b: Risitas|move: Protect\n|\n|-damage|p2a: Skip leg day|89/100 brn|[from] brn\n|upkeep\n|\n|t:|1776023828\n|switch|p1b: Pelipper|Pelipper, L50, M|100/100\n|-weather|RainDance|[from] ability: Drizzle|[of] p1b: Pelipper\n|turn|4\n|\n|t:|1776023847\n|move|p1b: Pelipper|Weather Ball|p2b: Risitas\n|-enditem|p2b: Risitas|Focus Sash\n|-damage|p2b: Risitas|1/100\n|-start|p1b: Pelipper|Disable|Weather Ball|[from] ability: Cursed Body|[of] p2b: Risitas\n|move|p2a: Skip leg day|Thunderbolt|p1b: Pelipper\n|-supereffective|p1b: Pelipper|2\n|-enditem|p1b: Pelipper|Focus Sash\n|-damage|p1b: Pelipper|1/100\n|-status|p1b: Pelipper|par\n|move|p1a: Archaludon|Electro Shot||[still]\n|-prepare|p1a: Archaludon|Electro Shot\n|-boost|p1a: Archaludon|spa|1\n|-anim|p1a: Archaludon|Electro Shot|p2a: Skip leg day\n|-supereffective|p2a: Skip leg day|1\n|-damage|p2a: Skip leg day|0 fnt\n|faint|p2a: Skip leg day\n|move|p2b: Risitas|Shadow Ball|p1a: Archaludon\n|-damage|p1a: Archaludon|55/100\n|-unboost|p1a: Archaludon|spd|1\n|-ability|p1a: Archaludon|Stamina|boost\n|-boost|p1a: Archaludon|def|1\n|\n|-weather|RainDance|[upkeep]\n|-sideend|p1: SunTufo|move: Tailwind\n|upkeep\n|\n|t:|1776023868\n|switch|p2a: Sir Galahad|Gallade, L50, M, shiny|100/100\n|turn|5\n|inactive|SunTufo has 30 seconds left.\n|\n|t:|1776023897\n|move|p2a: Sir Galahad|Sacred Sword|p1a: Archaludon\n|-supereffective|p1a: Archaludon|1\n|-damage|p1a: Archaludon|0 fnt\n|faint|p1a: Archaludon\n|move|p2b: Risitas|Shadow Ball|p1b: Pelipper\n|-damage|p1b: Pelipper|0 fnt\n|faint|p1b: Pelipper\n|\n|win|Cereales_Hacendado\n|raw|SunTufo's rating: 1244 &rarr; <strong>1222</strong><br />(-22 for losing)\n|raw|Cereales_Hacendado's rating: 1289 &rarr; <strong>1311</strong><br />(+22 for winning)\n",
  "uploadtime": 1776023898,
  "views": 33,
  "formatid": "gen9championsvgc2026regma",
  "rating": 1222,
  "private": 0,
  "password": null
}