{
  "id": "gen9championsvgc2026regma-2583818959",
  "format": "[Gen 9 Champions] VGC 2026 Reg M-A",
  "players": [
    "Mastah VGC",
    "Mvincent05"
  ],
  "log": "|j|\u2606Mastah VGC\n|j|\u2606Mvincent05\n|t:|1776200144\n|gametype|doubles\n|player|p1|Mastah VGC|265|1117\n|player|p2|Mvincent05|nate-pokestar3|1073\n|gen|9\n|tier|[Gen 9 Champions] VGC 2026 Reg M-A\n|rated|\n|rule|Species Clause: Limit one of each Pok\u00e9mon\n|rule|Item Clause: Limit 1 of each item\n|clearpoke\n|poke|p1|Pelipper, L50, M|\n|poke|p1|Basculegion, L50, M|\n|poke|p1|Archaludon, L50, M|\n|poke|p1|Sneasler, L50, M|\n|poke|p1|Sinistcha, L50|\n|poke|p1|Starmie, L50|\n|poke|p2|Froslass, L50, F|\n|poke|p2|Maushold, L50|\n|poke|p2|Incineroar, L50, F|\n|poke|p2|Aerodactyl, L50, M|\n|poke|p2|Starmie, L50|\n|poke|p2|Sneasler, L50, F|\n|teampreview|4\n|c|\u2606Mvincent05|glhf!\nMvincent05 rejected open team sheets.\n|\n|t:|1776200202\n|teamsize|p1|4\n|teamsize|p2|4\n|start\n|switch|p1a: Pelipper|Pelipper, L50, M|100/100\n|switch|p1b: Basculegion|Basculegion, L50, M|100/100\n|switch|p2a: Froslass|Froslass, L50, F|100/100\n|switch|p2b: Maushold|Maushold, L50|100/100\n|-weather|RainDance|[from] ability: Drizzle|[of] p1a: Pelipper\n|turn|1\n|\n|t:|1776200220\n|detailschange|p2a: Froslass|Froslass-Mega, L50, F\n|-mega|p2a: Froslass|Froslass|Froslassite\n|-weather|Snowscape|[from] ability: Snow Warning|[of] p2a: Froslass\n|move|p2b: Maushold|Follow Me|p2b: Maushold\n|-singleturn|p2b: Maushold|move: Follow Me\n|move|p1a: Pelipper|Icy Wind|p2b: Maushold|[spread] p2a,p2b\n|-resisted|p2a: Froslass|1\n|-damage|p2a: Froslass|95/100\n|-damage|p2b: Maushold|86/100\n|-unboost|p2a: Froslass|spe|1\n|-unboost|p2b: Maushold|spe|1\n|move|p1b: Basculegion|Flip Turn|p2b: Maushold\n|-damage|p2b: Maushold|45/100\n|\n|t:|1776200232\n|switch|p1b: Starmie|Starmie, L50|100/100|[from] Flip Turn\n|move|p2a: Froslass|Nasty Plot|p2a: Froslass\n|-boost|p2a: Froslass|spa|2\n|\n|-weather|Snowscape|[upkeep]\n|upkeep\n|turn|2\n|\n|t:|1776200242\n|move|p1b: Starmie|Protect|p1b: Starmie\n|-singleturn|p1b: Starmie|Protect\n|move|p2b: Maushold|Follow Me|p2b: Maushold\n|-singleturn|p2b: Maushold|move: Follow Me\n|move|p1a: Pelipper|Icy Wind|p2a: Froslass|[spread] p2a,p2b\n|-resisted|p2a: Froslass|1\n|-damage|p2a: Froslass|90/100\n|-damage|p2b: Maushold|31/100\n|-unboost|p2a: Froslass|spe|1\n|-unboost|p2b: Maushold|spe|1\n|move|p2a: Froslass|Shadow Ball|p1b: Starmie\n|-activate|p1b: Starmie|move: Protect\n|\n|-weather|Snowscape|[upkeep]\n|upkeep\n|turn|3\n|\n|t:|1776200264\n|detailschange|p1b: Starmie|Starmie-Mega, L50\n|-mega|p1b: Starmie|Starmie|Starminite\n|move|p2b: Maushold|Follow Me|p2b: Maushold\n|-singleturn|p2b: Maushold|move: Follow Me\n|move|p1b: Starmie|Aqua Jet|p2b: Maushold\n|-crit|p2b: Maushold\n|-damage|p2b: Maushold|0 fnt\n|faint|p2b: Maushold\n|move|p1a: Pelipper|Icy Wind|p2a: Froslass\n|-resisted|p2a: Froslass|1\n|-damage|p2a: Froslass|80/100\n|-unboost|p2a: Froslass|spe|1\n|move|p2a: Froslass|Blizzard|p1a: Pelipper|[spread] p1a,p1b\n|-resisted|p1b: Starmie|1\n|-damage|p1a: Pelipper|0 fnt\n|-damage|p1b: Starmie|42/100\n|faint|p1a: Pelipper\n|\n|-weather|Snowscape|[upkeep]\n|upkeep\n|\n|t:|1776200278\n|switch|p2b: Incineroar|Incineroar, L50, F|100/100\n|switch|p1a: Basculegion|Basculegion, L50, M|100/100\n|-ability|p2b: Incineroar|Intimidate|boost\n|-unboost|p1a: Basculegion|atk|1\n|-unboost|p1b: Starmie|atk|1\n|turn|4\n|\n|t:|1776200305\n|move|p2b: Incineroar|Fake Out|p1b: Starmie\n|-damage|p1b: Starmie|29/100\n|cant|p1b: Starmie|flinch\n|move|p1a: Basculegion|Flip Turn|p2b: Incineroar\n|-supereffective|p2b: Incineroar|1\n|-damage|p2b: Incineroar|58/100\n|\n|t:|1776200312\n|switch|p1a: Sinistcha|Sinistcha, L50|100/100|[from] Flip Turn\n|-heal|p1b: Starmie|54/100|[from] ability: Hospitality|[of] p1a: Sinistcha\n|move|p2a: Froslass|Shadow Ball|p1a: Sinistcha\n|-supereffective|p1a: Sinistcha|1\n|-damage|p1a: Sinistcha|0 fnt\n|faint|p1a: Sinistcha\n|\n|-weather|Snowscape|[upkeep]\n|upkeep\n|\n|t:|1776200314\n|switch|p1a: Basculegion|Basculegion, L50, M|100/100\n|turn|5\n|\n|t:|1776200322\n|move|p1b: Starmie|Psycho Cut|p2a: Froslass\n|-damage|p2a: Froslass|34/100\n|move|p1a: Basculegion|Wave Crash|p2b: Incineroar\n|-supereffective|p2b: Incineroar|1\n|-damage|p2b: Incineroar|0 fnt\n|faint|p2b: Incineroar\n|-damage|p1a: Basculegion|81/100|[from] Recoil\n|move|p2a: Froslass|Shadow Ball|p1b: Starmie\n|-supereffective|p1b: Starmie|1\n|-damage|p1b: Starmie|0 fnt\n|faint|p1b: Starmie\n|\n|-weather|none\n|upkeep\n|\n|t:|1776200332\n|switch|p2b: Aerodactyl|Aerodactyl, L50, M|100/100\n|-ability|p2b: Aerodactyl|Unnerve\n|turn|6\n|\n|t:|1776200352\n|move|p2a: Froslass|Protect|p2a: Froslass\n|-singleturn|p2a: Froslass|Protect\n|move|p2b: Aerodactyl|Tailwind|p2b: Aerodactyl\n|-sidestart|p2: Mvincent05|move: Tailwind\n|move|p1a: Basculegion|Last Respects|p2a: Froslass\n|-activate|p2a: Froslass|move: Protect\n|\n|upkeep\n|turn|7\n|c|\u2606Mastah VGC|end it irl\n|-message|Mastah VGC forfeited.\n|\n|win|Mvincent05\n|raw|Mastah VGC's rating: 1117 &rarr; <strong>1089</strong><br />(-28 for losing)\n|raw|Mvincent05's rating: 1073 &rarr; <strong>1106</strong><br />(+33 for winning)\n|l|\u2606Mastah VGC\n|player|p1|\n|c|\u2606Mvincent05|???\n",
  "uploadtime": 1776200392,
  "views": 29,
  "formatid": "gen9championsvgc2026regma",
  "rating": 1089,
  "private": 0,
  "password": null
}