{
  "id": "gen9championsvgc2026regma-2586311040",
  "format": "[Gen 9 Champions] VGC 2026 Reg M-A",
  "players": [
    "KaFe-03",
    "Harley Getsinger"
  ],
  "log": "|j|\u2606KaFe-03\n|j|\u2606Harley Getsinger\n|t:|1776424031\n|gametype|doubles\n|player|p1|KaFe-03|crispin|1000\n|player|p2|Harley Getsinger|linebacker|1098\n|gen|9\n|tier|[Gen 9 Champions] VGC 2026 Reg M-A\n|rated|\n|rule|Species Clause: Limit one of each Pok\u00e9mon\n|rule|Item Clause: Limit 1 of each item\n|clearpoke\n|poke|p1|Archaludon, L50, F|\n|poke|p1|Pelipper, L50, M|\n|poke|p1|Sinistcha-Masterpiece, L50|\n|poke|p1|Sneasler, L50, F|\n|poke|p1|Dragonite, L50, M|\n|poke|p1|Basculegion, L50, M|\n|poke|p2|Crabominable, L50, M|\n|poke|p2|Oranguru, L50, M|\n|poke|p2|Torkoal, L50, M|\n|poke|p2|Armarouge, L50, M|\n|poke|p2|Luxray, L50, M|\n|poke|p2|Mr. Rime, L50, M|\n|teampreview|4\n|inactive|Battle timer is ON: inactive players will automatically lose when time's up. (requested by KaFe-03)\n|inactive|KaFe-03 has 60 seconds left.\nHarley Getsinger has agreed to open team sheets.\n|\n|t:|1776424087\n|teamsize|p1|4\n|teamsize|p2|4\n|start\n|switch|p1a: Sneasler|Sneasler, L50, F|100/100\n|switch|p1b: Basculegion|Basculegion, L50, M|100/100\n|switch|p2a: Crabominable|Crabominable, L50, M|100/100\n|switch|p2b: Oranguru|Oranguru, L50, M|100/100\n|turn|1\n|inactive|KaFe-03 has 30 seconds left.\n|inactive|Harley Getsinger has 30 seconds left.\n|inactive|KaFe-03 has 20 seconds left.\n|inactive|KaFe-03 has 15 seconds left.\n|inactive|KaFe-03 has 10 seconds left.\n|inactive|KaFe-03 has 5 seconds left.\n|\n|t:|1776424139\n|detailschange|p2a: Crabominable|Crabominable-Mega, L50, M\n|-mega|p2a: Crabominable|Crabominable|Crabominite\n|move|p1a: Sneasler|Fake Out|p2b: Oranguru\n|-damage|p2b: Oranguru|87/100\n|move|p1b: Basculegion|Phantom Force||[still]\n|-prepare|p1b: Basculegion|Phantom Force\n|move|p2a: Crabominable|Crabhammer|p1a: Sneasler\n|-damage|p1a: Sneasler|22/100\n|cant|p2b: Oranguru|flinch\n|\n|upkeep\n|turn|2\n|inactive|Harley Getsinger has 30 seconds left.\n|\n|t:|1776424167\n|move|p1a: Sneasler|Close Combat|p2a: Crabominable\n|-supereffective|p2a: Crabominable|1\n|-damage|p2a: Crabominable|0 fnt\n|-unboost|p1a: Sneasler|def|1\n|-unboost|p1a: Sneasler|spd|1\n|faint|p2a: Crabominable\n|-enditem|p1a: Sneasler|White Herb\n|-clearnegativeboost|p1a: Sneasler|[silent]\n|move|p1b: Basculegion|Phantom Force|p2b: Oranguru|[from] lockedmove\n|-immune|p2b: Oranguru\n|move|p2b: Oranguru|Trick Room|p2b: Oranguru\n|-fieldstart|move: Trick Room|[of] p2b: Oranguru\n|\n|upkeep\n|\n|t:|1776424182\n|switch|p2a: Torkoal|Torkoal, L50, M|100/100\n|-weather|SunnyDay|[from] ability: Drought|[of] p2a: Torkoal\n|turn|3\n|\n|t:|1776424204\n|move|p1b: Basculegion|Protect|p1b: Basculegion\n|-singleturn|p1b: Basculegion|Protect\n|move|p1a: Sneasler|Protect|p1a: Sneasler\n|-singleturn|p1a: Sneasler|Protect\n|move|p2a: Torkoal|Eruption|p1a: Sneasler|[spread] \n|-activate|p1a: Sneasler|move: Protect\n|-activate|p1b: Basculegion|move: Protect\n|move|p2b: Oranguru|Instruct|p2a: Torkoal\n|-singleturn|p2a: Torkoal|move: Instruct|[of] p2b: Oranguru\n|move|p2a: Torkoal|Eruption|p1b: Basculegion|[spread] \n|-activate|p1a: Sneasler|move: Protect\n|-activate|p1b: Basculegion|move: Protect\n|\n|-weather|SunnyDay|[upkeep]\n|upkeep\n|turn|4\n|inactive|KaFe-03 has 30 seconds left.\n|\n|t:|1776424239\n|switch|p1a: Dragonite|Dragonite, L50, M|100/100\n|move|p1b: Basculegion|Aqua Jet|p2a: Torkoal\n|-supereffective|p2a: Torkoal|1\n|-damage|p2a: Torkoal|81/100\n|move|p2a: Torkoal|Eruption|p1b: Basculegion|[spread] p1a,p1b\n|-resisted|p1a: Dragonite|1\n|-resisted|p1b: Basculegion|1\n|-damage|p1a: Dragonite|82/100\n|-damage|p1b: Basculegion|58/100\n|move|p2b: Oranguru|Instruct|p2a: Torkoal\n|-singleturn|p2a: Torkoal|move: Instruct|[of] p2b: Oranguru\n|move|p2a: Torkoal|Eruption|p1a: Dragonite|[spread] p1a,p1b\n|-resisted|p1a: Dragonite|1\n|-resisted|p1b: Basculegion|1\n|-damage|p1a: Dragonite|43/100\n|-damage|p1b: Basculegion|21/100\n|\n|-weather|SunnyDay|[upkeep]\n|upkeep\n|turn|5\n|\n|t:|1776424262\n|detailschange|p1a: Dragonite|Dragonite-Mega, L50, M\n|-mega|p1a: Dragonite|Dragonite|Dragoninite\n|move|p1b: Basculegion|Protect|p1b: Basculegion\n|-singleturn|p1b: Basculegion|Protect\n|move|p1a: Dragonite|Protect|p1a: Dragonite\n|-singleturn|p1a: Dragonite|Protect\n|move|p2a: Torkoal|Heat Wave|p1b: Basculegion|[spread] \n|-activate|p1a: Dragonite|move: Protect\n|-activate|p1b: Basculegion|move: Protect\n|move|p2b: Oranguru|Instruct|p2a: Torkoal\n|-singleturn|p2a: Torkoal|move: Instruct|[of] p2b: Oranguru\n|move|p2a: Torkoal|Heat Wave|p1b: Basculegion|[spread] \n|-activate|p1a: Dragonite|move: Protect\n|-activate|p1b: Basculegion|move: Protect\n|\n|-weather|SunnyDay|[upkeep]\n|upkeep\n|turn|6\n|inactive|KaFe-03 has 30 seconds left.\n|inactive|Harley Getsinger has 30 seconds left.\n|inactive|KaFe-03 has 20 seconds left.\n|inactive|KaFe-03 has 15 seconds left.\n|\n|t:|1776424305\n|move|p1b: Basculegion|Aqua Jet|p2a: Torkoal\n|-supereffective|p2a: Torkoal|1\n|-damage|p2a: Torkoal|61/100\n|move|p2a: Torkoal|Heat Wave|p1a: Dragonite|[spread] p1a,p1b\n|-resisted|p1a: Dragonite|1\n|-resisted|p1b: Basculegion|1\n|-damage|p1a: Dragonite|18/100\n|-damage|p1b: Basculegion|0 fnt\n|faint|p1b: Basculegion\n|move|p2b: Oranguru|Instruct|p2a: Torkoal\n|-singleturn|p2a: Torkoal|move: Instruct|[of] p2b: Oranguru\n|move|p2a: Torkoal|Heat Wave|p1a: Dragonite|[miss]\n|-miss|p2a: Torkoal|p1a: Dragonite\n|move|p1a: Dragonite|Hurricane|p2b: Oranguru\n|-damage|p2b: Oranguru|37/100\n|\n|-weather|SunnyDay|[upkeep]\n|-fieldend|move: Trick Room\n|upkeep\n|\n|t:|1776424317\n|switch|p1b: Sneasler|Sneasler, L50, F|22/100\n|turn|7\n|\n|t:|1776424329\n|move|p2a: Torkoal|Protect|p2a: Torkoal\n|-singleturn|p2a: Torkoal|Protect\n|move|p1b: Sneasler|Fake Out|p2b: Oranguru\n|-damage|p2b: Oranguru|21/100\n|move|p1a: Dragonite|Tailwind|p1a: Dragonite\n|-sidestart|p1: KaFe-03|move: Tailwind\n|cant|p2b: Oranguru|flinch\n|\n|-weather|none\n|upkeep\n|turn|8\n|inactive|KaFe-03 has 30 seconds left.\n|\n|t:|1776424356\n|move|p1b: Sneasler|Dire Claw|p2b: Oranguru\n|-damage|p2b: Oranguru|0 fnt\n|faint|p2b: Oranguru\n|move|p1a: Dragonite|Hurricane|p2a: Torkoal\n|-damage|p2a: Torkoal|0 fnt\n|faint|p2a: Torkoal\n|\n|upkeep\n|\n|t:|1776424371\n|switch|p2a: Armarouge|Armarouge, L50, M|100/100\n|turn|9\n|\n|t:|1776424390\n|move|p1b: Sneasler|Dire Claw|p2a: Armarouge\n|-damage|p2a: Armarouge|56/100\n|-status|p2a: Armarouge|psn\n|move|p1a: Dragonite|Draco Meteor|p2a: Armarouge\n|-damage|p2a: Armarouge|0 fnt\n|-unboost|p1a: Dragonite|spa|2\n|faint|p2a: Armarouge\n|\n|win|KaFe-03\n|raw|KaFe-03's rating: 1000 &rarr; <strong>1051</strong><br />(+51 for winning)\n|raw|Harley Getsinger's rating: 1098 &rarr; <strong>1067</strong><br />(-31 for losing)\n|l|\u2606Harley Getsinger\n|player|p2|\n|l|\u2606KaFe-03\n|player|p1|\n|j|\u2606KaFe-03\n|player|p1|KaFe-03|crispin|\n",
  "uploadtime": 1776424427,
  "views": 23,
  "formatid": "gen9championsvgc2026regma",
  "rating": 1051,
  "private": 0,
  "password": null
}