{
  "id": "gen9championsvgc2026regma-2584407929",
  "format": "[Gen 9 Champions] VGC 2026 Reg M-A",
  "players": [
    "ShashKetchum",
    "Sun and Moon Rock"
  ],
  "log": "|j|\u2606ShashKetchum\n|j|\u2606Sun and Moon Rock\n|t:|1776258698\n|gametype|doubles\n|player|p1|ShashKetchum|rocketgrunt|1098\n|player|p2|Sun and Moon Rock|wallace|1158\n|gen|9\n|tier|[Gen 9 Champions] VGC 2026 Reg M-A\n|rated|\n|rule|Species Clause: Limit one of each Pok\u00e9mon\n|rule|Item Clause: Limit 1 of each item\n|clearpoke\n|poke|p1|Sinistcha, L50|\n|poke|p1|Mamoswine, L50, F|\n|poke|p1|Incineroar, L50, M|\n|poke|p1|Basculegion, L50, M|\n|poke|p1|Lucario, L50, M|\n|poke|p1|Noivern, L50, F|\n|poke|p2|Skarmory, L50, F|\n|poke|p2|Incineroar, L50, F|\n|poke|p2|Kommo-o, L50, M|\n|poke|p2|Starmie, L50|\n|poke|p2|Orthworm, L50, M|\n|poke|p2|Garchomp, L50, M|\n|teampreview|4\n|inactive|Battle timer is ON: inactive players will automatically lose when time's up. (requested by Sun and Moon Rock)\n|inactive|ShashKetchum has 60 seconds left.\n|\n|t:|1776258729\n|teamsize|p1|4\n|teamsize|p2|4\n|start\n|switch|p1a: Basculegion|Basculegion, L50, M|100/100\n|switch|p1b: Noivern|Noivern, L50, F|100/100\n|switch|p2a: Garchomp|Garchomp, L50, M|100/100\n|switch|p2b: Orthworm|Orthworm, L50, M|100/100\n|turn|1\n|\n|t:|1776258753\n|move|p1a: Basculegion|Flip Turn|p2b: Orthworm\n|-damage|p2b: Orthworm|80/100\n|\n|t:|1776258758\n|switch|p1a: Incineroar|Incineroar, L50, M|100/100|[from] Flip Turn\n|-ability|p1a: Incineroar|Intimidate|boost\n|-unboost|p2a: Garchomp|atk|1\n|-unboost|p2b: Orthworm|atk|1\n|move|p1b: Noivern|Draco Meteor|p2a: Garchomp\n|-supereffective|p2a: Garchomp|1\n|-enditem|p2a: Garchomp|Focus Sash\n|-damage|p2a: Garchomp|1/100\n|-unboost|p1b: Noivern|spa|2\n|-enditem|p1b: Noivern|White Herb\n|-clearnegativeboost|p1b: Noivern|[silent]\n|move|p2a: Garchomp|Rock Slide|p1b: Noivern|[spread] p1a,p1b\n|-supereffective|p1a: Incineroar|1\n|-supereffective|p1b: Noivern|1\n|-damage|p1a: Incineroar|76/100\n|-damage|p1b: Noivern|65/100\n|move|p2b: Orthworm|Shed Tail|p2b: Orthworm\n|-start|p2b: Orthworm|Substitute|[from] move: Shed Tail\n|-damage|p2b: Orthworm|30/100\n|-enditem|p2b: Orthworm|Sitrus Berry|[eat]\n|-heal|p2b: Orthworm|55/100|[from] item: Sitrus Berry\n|\n|t:|1776258782\n|switch|p2b: Starmie|Starmie, L50|100/100|[from] Shed Tail\n|\n|upkeep\n|turn|2\n|\n|t:|1776258802\n|detailschange|p2b: Starmie|Starmie-Mega, L50\n|-mega|p2b: Starmie|Starmie|Starminite\n|move|p2a: Garchomp|Protect|p2a: Garchomp\n|-singleturn|p2a: Garchomp|Protect\n|move|p1a: Incineroar|Protect|p1a: Incineroar\n|-singleturn|p1a: Incineroar|Protect\n|move|p1b: Noivern|Boomburst|p2b: Starmie|[spread] p2b\n|-activate|p1a: Incineroar|move: Protect\n|-activate|p2a: Garchomp|move: Protect\n|-damage|p2b: Starmie|64/100\n|move|p2b: Starmie|Liquidation|p1a: Incineroar\n|-activate|p1a: Incineroar|move: Protect\n|\n|upkeep\n|turn|3\n|inactive|ShashKetchum has 30 seconds left.\n|inactive|Sun and Moon Rock has 30 seconds left.\n|inactive|ShashKetchum has 20 seconds left.\n|\n|t:|1776258840\n|switch|p2a: Incineroar|Incineroar, L50, F|100/100\n|-ability|p2a: Incineroar|Intimidate|boost\n|-unboost|p1a: Incineroar|atk|1\n|-unboost|p1b: Noivern|atk|1\n|switch|p1a: Basculegion|Basculegion, L50, M|100/100\n|move|p1b: Noivern|Boomburst|p2b: Starmie|[spread] p2a,p2b\n|-immune|p1a: Basculegion\n|-damage|p2a: Incineroar|69/100\n|-damage|p2b: Starmie|23/100\n|move|p2b: Starmie|Zen Headbutt|p1b: Noivern\n|-damage|p1b: Noivern|0 fnt\n|faint|p1b: Noivern\n|\n|upkeep\n|\n|t:|1776258859\n|switch|p1b: Incineroar|Incineroar, L50, M|76/100\n|-ability|p1b: Incineroar|Intimidate|boost\n|-unboost|p2a: Incineroar|atk|1\n|-immune|p2b: Starmie\n|turn|4\n|\n|t:|1776258882\n|move|p1b: Incineroar|Protect|p1b: Incineroar\n|-singleturn|p1b: Incineroar|Protect\n|move|p1a: Basculegion|Flip Turn|p2a: Incineroar\n|-supereffective|p2a: Incineroar|1\n|-damage|p2a: Incineroar|0 fnt\n|faint|p2a: Incineroar\n|\n|t:|1776258889\n|switch|p1a: Lucario|Lucario, L50, M|100/100|[from] Flip Turn\n|move|p2b: Starmie|Liquidation|p1b: Incineroar\n|-activate|p1b: Incineroar|move: Protect\n|\n|upkeep\n|\n|t:|1776258895\n|switch|p2a: Garchomp|Garchomp, L50, M|1/100\n|turn|5\n|\n|t:|1776258915\n|switch|p1b: Basculegion|Basculegion, L50, M|100/100\n|detailschange|p1a: Lucario|Lucario-Mega, L50, M\n|-mega|p1a: Lucario|Lucario|Lucarionite\n|move|p2b: Starmie|Protect|p2b: Starmie\n|-singleturn|p2b: Starmie|Protect\n|move|p1a: Lucario|Bullet Punch|p2a: Garchomp\n|-damage|p2a: Garchomp|0 fnt\n|-damage|p1a: Lucario|88/100|[from] ability: Rough Skin|[of] p2a: Garchomp\n|faint|p2a: Garchomp\n|\n|upkeep\n|\n|t:|1776258928\n|switch|p2a: Orthworm|Orthworm, L50, M|55/100\n|turn|6\n|\n|t:|1776258937\n|move|p1b: Basculegion|Last Respects|p2b: Starmie\n|-supereffective|p2b: Starmie|1\n|-end|p2b: Starmie|Substitute\n|move|p2b: Starmie|Zen Headbutt|p1b: Basculegion\n|-damage|p1b: Basculegion|15/100\n|move|p1a: Lucario|Shadow Ball|p2b: Starmie\n|-supereffective|p2b: Starmie|1\n|-damage|p2b: Starmie|0 fnt\n|faint|p2b: Starmie\n|move|p2a: Orthworm|Iron Defense|p2a: Orthworm\n|-boost|p2a: Orthworm|def|2\n|\n|upkeep\n|turn|7\n|\n|t:|1776258954\n|move|p1b: Basculegion|Last Respects|p2a: Orthworm\n|-damage|p2a: Orthworm|34/100\n|move|p1a: Lucario|Aura Sphere|p2a: Orthworm\n|-supereffective|p2a: Orthworm|1\n|-damage|p2a: Orthworm|0 fnt\n|faint|p2a: Orthworm\n|\n|win|ShashKetchum\n|raw|ShashKetchum's rating: 1098 &rarr; <strong>1128</strong><br />(+30 for winning)\n|raw|Sun and Moon Rock's rating: 1158 &rarr; <strong>1129</strong><br />(-29 for losing)\n|l|\u2606Sun and Moon Rock\n|player|p2|\n",
  "uploadtime": 1776258969,
  "views": 27,
  "formatid": "gen9championsvgc2026regma",
  "rating": 1128,
  "private": 0,
  "password": null
}