{
  "id": "gen9championsvgc2026regma-2583857845",
  "format": "[Gen 9 Champions] VGC 2026 Reg M-A",
  "players": [
    "theyoler",
    "lulvdisc"
  ],
  "log": "|j|\u2606theyoler\n|j|\u2606lulvdisc\n|t:|1776203187\n|gametype|doubles\n|player|p1|theyoler|lucas|1262\n|player|p2|lulvdisc|sailor|1216\n|gen|9\n|tier|[Gen 9 Champions] VGC 2026 Reg M-A\n|rated|\n|rule|Species Clause: Limit one of each Pok\u00e9mon\n|rule|Item Clause: Limit 1 of each item\n|clearpoke\n|poke|p1|Kingambit, L50, M|\n|poke|p1|Dragonite, L50, M|\n|poke|p1|Sneasler, L50, F|\n|poke|p1|Incineroar, L50, M|\n|poke|p1|Venusaur, L50, M|\n|poke|p1|Basculegion, L50, M|\n|poke|p2|Pelipper, L50, F|\n|poke|p2|Archaludon, L50, F|\n|poke|p2|Dragonite, L50, M|\n|poke|p2|Basculegion, L50, M|\n|poke|p2|Rotom-Mow, L50|\n|poke|p2|Tauros-Paldea-Blaze, L50, M|\n|teampreview|4\n|inactive|Battle timer is ON: inactive players will automatically lose when time's up. (requested by lulvdisc)\n|inactive|theyoler has 60 seconds left.\n|\n|t:|1776203234\n|teamsize|p1|4\n|teamsize|p2|4\n|start\n|switch|p1a: Sneasler|Sneasler, L50, F|100/100\n|switch|p1b: Incineroar|Incineroar, L50, M|100/100\n|switch|p2a: Rotom|Rotom-Mow, L50|100/100\n|switch|p2b: Basculegion|Basculegion, L50, M|100/100\n|-ability|p1b: Incineroar|Intimidate|boost\n|-unboost|p2a: Rotom|atk|1\n|-unboost|p2b: Basculegion|atk|1\n|turn|1\n|\n|t:|1776203250\n|switch|p2a: Archaludon|Archaludon, L50, F|100/100\n|move|p2b: Basculegion|Flip Turn|p1b: Incineroar\n|-supereffective|p1b: Incineroar|1\n|-damage|p1b: Incineroar|61/100\n|\n|t:|1776203255\n|switch|p2b: Pelipper|Pelipper, L50, F|100/100|[from] Flip Turn\n|-weather|RainDance|[from] ability: Drizzle|[of] p2b: Pelipper\n|move|p1a: Sneasler|Dire Claw|p2a: Archaludon\n|-immune|p2a: Archaludon\n|move|p1b: Incineroar|Darkest Lariat|p2b: Pelipper\n|-damage|p2b: Pelipper|70/100\n|\n|-weather|RainDance|[upkeep]\n|upkeep\n|turn|2\n|\n|t:|1776203273\n|move|p2a: Archaludon|Protect|p2a: Archaludon\n|-singleturn|p2a: Archaludon|Protect\n|move|p1a: Sneasler|Close Combat|p2a: Archaludon\n|-activate|p2a: Archaludon|move: Protect\n|move|p2b: Pelipper|Hurricane|p1a: Sneasler\n|-supereffective|p1a: Sneasler|1\n|-enditem|p1a: Sneasler|Focus Sash\n|-damage|p1a: Sneasler|1/100\n|move|p1b: Incineroar|Parting Shot|p2b: Pelipper\n|-unboost|p2b: Pelipper|atk|1\n|-unboost|p2b: Pelipper|spa|1\n|\n|t:|1776203287\n|switch|p1b: Dragonite|Dragonite, L50, M|100/100|[from] Parting Shot\n|\n|-weather|RainDance|[upkeep]\n|upkeep\n|turn|3\n|\n|t:|1776203300\n|switch|p2a: Basculegion|Basculegion, L50, M|100/100\n|detailschange|p1b: Dragonite|Dragonite-Mega, L50, M\n|-mega|p1b: Dragonite|Dragonite|Dragoninite\n|move|p1a: Sneasler|Close Combat|p2a: Basculegion\n|-immune|p2a: Basculegion\n|move|p1b: Dragonite|Dragon Pulse|p2b: Pelipper\n|-damage|p2b: Pelipper|0 fnt\n|faint|p2b: Pelipper\n|\n|-weather|RainDance|[upkeep]\n|upkeep\n|\n|t:|1776203317\n|switch|p2b: Archaludon|Archaludon, L50, F|100/100\n|turn|4\n|\n|t:|1776203327\n|move|p2a: Basculegion|Aqua Jet|p1a: Sneasler\n|-damage|p1a: Sneasler|0 fnt\n|faint|p1a: Sneasler\n|move|p1b: Dragonite|Dragon Pulse|p2a: Basculegion\n|-damage|p2a: Basculegion|44/100\n|move|p2b: Archaludon|Dragon Pulse|p1b: Dragonite\n|-supereffective|p1b: Dragonite|1\n|-damage|p1b: Dragonite|75/100\n|\n|-weather|RainDance|[upkeep]\n|upkeep\n|\n|t:|1776203331\n|switch|p1a: Kingambit|Kingambit, L50, M|100/100\n|turn|5\n|\n|t:|1776203340\n|switch|p2a: Rotom|Rotom-Mow, L50|100/100\n|move|p1a: Kingambit|Sucker Punch||[still]\n|-fail|p1a: Kingambit\n|move|p1b: Dragonite|Dragon Pulse|p2b: Archaludon\n|-damage|p2b: Archaludon|54/100\n|-ability|p2b: Archaludon|Stamina|boost\n|-boost|p2b: Archaludon|def|1\n|move|p2b: Archaludon|Dragon Pulse|p1b: Dragonite\n|-supereffective|p1b: Dragonite|1\n|-damage|p1b: Dragonite|25/100\n|\n|-weather|none\n|-heal|p2b: Archaludon|60/100|[from] item: Leftovers\n|upkeep\n|turn|6\n|\n|t:|1776203355\n|move|p2b: Archaludon|Protect|p2b: Archaludon\n|-singleturn|p2b: Archaludon|Protect\n|move|p2a: Rotom|Will-O-Wisp|p1a: Kingambit|[miss]\n|-miss|p2a: Rotom|p1a: Kingambit\n|move|p1b: Dragonite|Dragon Pulse|p2b: Archaludon\n|-activate|p2b: Archaludon|move: Protect\n|move|p1a: Kingambit|Swords Dance|p1a: Kingambit\n|-boost|p1a: Kingambit|atk|2\n|\n|-heal|p2b: Archaludon|66/100|[from] item: Leftovers\n|upkeep\n|turn|7\n|\n|t:|1776203378\n|move|p1a: Kingambit|Protect|p1a: Kingambit\n|-singleturn|p1a: Kingambit|Protect\n|move|p2a: Rotom|Thunderbolt|p1b: Dragonite\n|-damage|p1b: Dragonite|0 fnt\n|faint|p1b: Dragonite\n|move|p2b: Archaludon|Dragon Pulse|p1a: Kingambit\n|-activate|p1a: Kingambit|move: Protect\n|\n|-heal|p2b: Archaludon|73/100|[from] item: Leftovers\n|upkeep\n|\n|t:|1776203388\n|switch|p1b: Incineroar|Incineroar, L50, M|61/100\n|-ability|p1b: Incineroar|Intimidate|boost\n|-unboost|p2a: Rotom|atk|1\n|-unboost|p2b: Archaludon|atk|1\n|turn|8\n|inactive|lulvdisc has 30 seconds left.\n|\n|t:|1776203419\n|move|p2a: Rotom|Protect|p2a: Rotom\n|-singleturn|p2a: Rotom|Protect\n|move|p1a: Kingambit|Sucker Punch|p2b: Archaludon\n|-damage|p2b: Archaludon|30/100\n|-ability|p2b: Archaludon|Stamina|boost\n|-boost|p2b: Archaludon|def|1\n|move|p2b: Archaludon|Dragon Pulse|p1b: Incineroar\n|-damage|p1b: Incineroar|32/100\n|move|p1b: Incineroar|Flare Blitz|p2a: Rotom\n|-activate|p2a: Rotom|move: Protect\n|\n|-heal|p2b: Archaludon|36/100|[from] item: Leftovers\n|upkeep\n|turn|9\n|inactive|theyoler has 30 seconds left.\n|\n|t:|1776203450\n|move|p1a: Kingambit|Sucker Punch|p2b: Archaludon\n|-damage|p2b: Archaludon|3/100\n|-ability|p2b: Archaludon|Stamina|boost\n|-boost|p2b: Archaludon|def|1\n|move|p2a: Rotom|Will-O-Wisp|p1a: Kingambit\n|-status|p1a: Kingambit|brn\n|move|p2b: Archaludon|Dragon Pulse|p1b: Incineroar\n|-damage|p1b: Incineroar|0 fnt\n|faint|p1b: Incineroar\n|\n|-heal|p2b: Archaludon|9/100|[from] item: Leftovers\n|-damage|p1a: Kingambit|95/100 brn|[from] brn\n|upkeep\n|turn|10\n|\n|t:|1776203470\n|switch|p2a: Basculegion|Basculegion, L50, M|44/100\n|move|p2b: Archaludon|Protect|p2b: Archaludon\n|-singleturn|p2b: Archaludon|Protect\n|move|p1a: Kingambit|Sucker Punch||[still]\n|-fail|p1a: Kingambit\n|\n|-heal|p2b: Archaludon|15/100|[from] item: Leftovers\n|-damage|p1a: Kingambit|89/100 brn|[from] brn\n|upkeep\n|turn|11\n|\n|t:|1776203486\n|switch|p2a: Rotom|Rotom-Mow, L50|100/100\n|move|p2b: Archaludon|Dragon Pulse|p1a: Kingambit\n|-resisted|p1a: Kingambit|1\n|-damage|p1a: Kingambit|71/100 brn\n|move|p1a: Kingambit|Kowtow Cleave|p2b: Archaludon\n|-damage|p2b: Archaludon|0 fnt\n|faint|p2b: Archaludon\n|\n|-damage|p1a: Kingambit|65/100 brn|[from] brn\n|upkeep\n|\n|t:|1776203494\n|switch|p2b: Basculegion|Basculegion, L50, M|44/100\n|turn|12\n|\n|t:|1776203500\n|move|p2b: Basculegion|Wave Crash|p1a: Kingambit\n|-damage|p1a: Kingambit|1/100 brn\n|-damage|p2b: Basculegion|21/100|[from] Recoil\n|move|p2a: Rotom|Thunderbolt|p1a: Kingambit\n|-damage|p1a: Kingambit|0 fnt\n|faint|p1a: Kingambit\n|\n|win|lulvdisc\n|raw|theyoler's rating: 1262 &rarr; <strong>1234</strong><br />(-28 for losing)\n|raw|lulvdisc's rating: 1216 &rarr; <strong>1244</strong><br />(+28 for winning)\n|l|\u2606theyoler\n|player|p1|\n",
  "uploadtime": 1776203519,
  "views": 46,
  "formatid": "gen9championsvgc2026regma",
  "rating": 1234,
  "private": 0,
  "password": null
}