{
  "id": "gen9championsvgc2026regma-2585354719",
  "format": "[Gen 9 Champions] VGC 2026 Reg M-A",
  "players": [
    "Thechienchien",
    "Cmiguezf"
  ],
  "log": "|j|\u2606Thechienchien\n|j|\u2606Cmiguezf\n|t:|1776340724\n|gametype|doubles\n|player|p1|Thechienchien|170|1224\n|player|p2|Cmiguezf|boarder|1228\n|gen|9\n|tier|[Gen 9 Champions] VGC 2026 Reg M-A\n|rated|\n|rule|Species Clause: Limit one of each Pok\u00e9mon\n|rule|Item Clause: Limit 1 of each item\n|clearpoke\n|poke|p1|Farigiraf, L50, F|\n|poke|p1|Camerupt, L50, F|\n|poke|p1|Goodra-Hisui, L50, F|\n|poke|p1|Sinistcha, L50|\n|poke|p1|Rampardos, L50, M|\n|poke|p1|Primarina, L50, M|\n|poke|p2|Charizard, L50, M|\n|poke|p2|Maushold-Four, L50|\n|poke|p2|Sneasler, L50, F|\n|poke|p2|Garchomp, L50, M|\n|poke|p2|Kingambit, L50, F|\n|poke|p2|Dragapult, L50, M|\n|teampreview|4\n|inactive|Battle timer is ON: inactive players will automatically lose when time's up. (requested by Thechienchien)\n|\n|t:|1776340757\n|teamsize|p1|4\n|teamsize|p2|4\n|start\n|switch|p1a: Farigiraf|Farigiraf, L50, F|100/100\n|switch|p1b: Rampardos|Rampardos, L50, M|100/100\n|switch|p2a: Charizard|Charizard, L50, M|100/100\n|switch|p2b: Kingambit|Kingambit, L50, F|100/100\n|turn|1\n|inactive|Cmiguezf has 30 seconds left.\n|\n|t:|1776340785\n|detailschange|p2a: Charizard|Charizard-Mega-Y, L50, M\n|-mega|p2a: Charizard|Charizard|Charizardite Y\n|-weather|SunnyDay|[from] ability: Drought|[of] p2a: Charizard\n|move|p2a: Charizard|Overheat|p1a: Farigiraf\n|-damage|p1a: Farigiraf|5/100\n|-unboost|p2a: Charizard|spa|2\n|move|p2b: Kingambit|Low Kick|p1b: Rampardos\n|-supereffective|p1b: Rampardos|1\n|-crit|p1b: Rampardos\n|-enditem|p1b: Rampardos|Focus Sash\n|-damage|p1b: Rampardos|1/100\n|move|p1b: Rampardos|Swords Dance|p1b: Rampardos\n|-boost|p1b: Rampardos|atk|2\n|move|p1a: Farigiraf|Trick Room|p1a: Farigiraf\n|-fieldstart|move: Trick Room|[of] p1a: Farigiraf\n|\n|-weather|SunnyDay|[upkeep]\n|upkeep\n|turn|2\n|inactive|Cmiguezf has 30 seconds left.\n|\n|t:|1776340811\n|move|p1a: Farigiraf|Helping Hand|p1b: Rampardos\n|-singleturn|p1b: Rampardos|Helping Hand|[of] p1a: Farigiraf\n|move|p2a: Charizard|Protect|p2a: Charizard\n|-singleturn|p2a: Charizard|Protect\n|move|p2b: Kingambit|Sucker Punch||[still]\n|cant|p1a: Farigiraf|ability: Armor Tail|Sucker Punch|[of] p2b: Kingambit\n|move|p1b: Rampardos|Rock Slide|p2a: Charizard|[spread] p2b\n|-activate|p2a: Charizard|move: Protect\n|-resisted|p2b: Kingambit|1\n|-damage|p2b: Kingambit|39/100\n|\n|-weather|SunnyDay|[upkeep]\n|upkeep\n|turn|3\n|\n|t:|1776340830\n|switch|p2b: Garchomp|Garchomp, L50, M|100/100\n|switch|p2a: Maushold|Maushold-Four, L50|100/100\n|move|p1a: Farigiraf|Helping Hand|p1b: Rampardos\n|-singleturn|p1b: Rampardos|Helping Hand|[of] p1a: Farigiraf\n|move|p1b: Rampardos|Rock Slide|p2a: Maushold|[spread] p2a,p2b\n|-resisted|p2b: Garchomp|1\n|-damage|p2a: Maushold|0 fnt\n|-damage|p2b: Garchomp|40/100\n|faint|p2a: Maushold\n|\n|-weather|SunnyDay|[upkeep]\n|upkeep\n|\n|t:|1776340846\n|switch|p2a: Kingambit|Kingambit, L50, F|39/100\n|turn|4\n|\n|t:|1776340863\n|move|p1b: Rampardos|Rock Slide|p2a: Kingambit|[spread] p2a,p2b\n|-resisted|p2a: Kingambit|1\n|-resisted|p2b: Garchomp|1\n|-damage|p2a: Kingambit|0 fnt\n|-damage|p2b: Garchomp|0 fnt\n|faint|p2a: Kingambit\n|faint|p2b: Garchomp\n|move|p1a: Farigiraf|Hyper Voice|p2: Kingambit|[notarget]\n|-fail|p1a: Farigiraf\n|\n|-weather|SunnyDay|[upkeep]\n|upkeep\n|\n|t:|1776340871\n|switch|p2b: Charizard|Charizard-Mega-Y, L50, M|100/100\n|turn|5\n|\n|t:|1776340878\n|move|p2b: Charizard|Protect|p2b: Charizard\n|-singleturn|p2b: Charizard|Protect\n|move|p1b: Rampardos|Rock Slide|p2b: Charizard\n|-activate|p2b: Charizard|move: Protect\n|move|p1a: Farigiraf|Hyper Voice|p2b: Charizard\n|-activate|p2b: Charizard|move: Protect\n|\n|-weather|none\n|-fieldend|move: Trick Room\n|upkeep\n|turn|6\n|\n|t:|1776340889\n|move|p2b: Charizard|Heat Wave|p1a: Farigiraf|[spread] p1a,p1b\n|-resisted|p1b: Rampardos|1\n|-damage|p1a: Farigiraf|0 fnt\n|-damage|p1b: Rampardos|0 fnt\n|faint|p1a: Farigiraf\n|faint|p1b: Rampardos\n|\n|upkeep\n|\n|t:|1776340892\n|switch|p1a: Goodra|Goodra-Hisui, L50, F|100/100\n|switch|p1b: Primarina|Primarina, L50, M|100/100\n|turn|7\n|\n|t:|1776340901\n|move|p2b: Charizard|Heat Wave|p1a: Goodra|[spread] p1b\n|-miss|p2b: Charizard|p1a: Goodra\n|-resisted|p1b: Primarina|1\n|-damage|p1b: Primarina|84/100\n|move|p1b: Primarina|Hyper Voice|p2b: Charizard\n|-supereffective|p2b: Charizard|1\n|-damage|p2b: Charizard|0 fnt\n|faint|p2b: Charizard\n|\n|win|Thechienchien\n|raw|Thechienchien's rating: 1224 &rarr; <strong>1249</strong><br />(+25 for winning)\n|raw|Cmiguezf's rating: 1228 &rarr; <strong>1203</strong><br />(-25 for losing)\n",
  "uploadtime": 1776340904,
  "views": 24,
  "formatid": "gen9championsvgc2026regma",
  "rating": 1203,
  "private": 0,
  "password": null
}