{
  "id": "gen9championsvgc2026regma-2584917806",
  "format": "[Gen 9 Champions] VGC 2026 Reg M-A",
  "players": [
    "novahdango",
    "thedatguy"
  ],
  "log": "|j|\u2606novahdango\n|j|\u2606thedatguy\n|t:|1776294384\n|gametype|doubles\n|player|p1|novahdango|266|1000\n|player|p2|thedatguy|102|1043\n|gen|9\n|tier|[Gen 9 Champions] VGC 2026 Reg M-A\n|rated|\n|rule|Species Clause: Limit one of each Pok\u00e9mon\n|rule|Item Clause: Limit 1 of each item\n|clearpoke\n|poke|p1|Starmie, L50|\n|poke|p1|Meganium, L50, M|\n|poke|p1|Pelipper, L50, M|\n|poke|p1|Archaludon, L50, F|\n|poke|p1|Incineroar, L50, F|\n|poke|p1|Aerodactyl, L50, F|\n|poke|p2|Heliolisk, L50, F|\n|poke|p2|Scizor, L50, F|\n|poke|p2|Maushold-Four, L50|\n|poke|p2|Aerodactyl, L50, M|\n|poke|p2|Garchomp, L50, M|\n|poke|p2|Sinistcha, L50|\n|teampreview|4\n|\n|t:|1776294435\n|teamsize|p1|4\n|teamsize|p2|4\n|start\n|switch|p1a: Starmie|Starmie, L50, shiny|100/100\n|switch|p1b: Pelipper|Pelipper, L50, M|100/100\n|switch|p2a: Heliolisk|Heliolisk, L50, F|100/100\n|switch|p2b: Garchomp|Garchomp, L50, M|100/100\n|-weather|RainDance|[from] ability: Drizzle|[of] p1b: Pelipper\n|turn|1\n|\n|t:|1776294485\n|detailschange|p1a: Starmie|Starmie-Mega, L50, shiny\n|-mega|p1a: Starmie|Starmie|Starminite\n|move|p1a: Starmie|Protect|p1a: Starmie\n|-singleturn|p1a: Starmie|Protect\n|move|p2a: Heliolisk|Electroweb|p1a: Starmie|[spread] p1b\n|-activate|p1a: Starmie|move: Protect\n|-supereffective|p1b: Pelipper|2\n|-damage|p1b: Pelipper|0 fnt\n|faint|p1b: Pelipper\n|move|p2b: Garchomp|Dragon Claw|p1a: Starmie\n|-activate|p1a: Starmie|move: Protect\n|\n|-weather|RainDance|[upkeep]\n|upkeep\n|\n|t:|1776294495\n|switch|p1b: Incineroar|Incineroar, L50, F|100/100\n|-ability|p1b: Incineroar|Intimidate|boost\n|-unboost|p2a: Heliolisk|atk|1\n|-unboost|p2b: Garchomp|atk|1\n|turn|2\n|\n|t:|1776294511\n|move|p1b: Incineroar|Fake Out|p2a: Heliolisk\n|-damage|p2a: Heliolisk|72/100\n|cant|p2a: Heliolisk|flinch\n|move|p1a: Starmie|Ice Spinner|p2b: Garchomp\n|-supereffective|p2b: Garchomp|2\n|-enditem|p2b: Garchomp|Yache Berry|[eat]\n|-enditem|p2b: Garchomp|Yache Berry|[weaken]\n|-damage|p2b: Garchomp|0 fnt\n|-damage|p1a: Starmie|88/100|[from] ability: Rough Skin|[of] p2b: Garchomp\n|faint|p2b: Garchomp\n|\n|-weather|RainDance|[upkeep]\n|-heal|p2a: Heliolisk|84/100|[from] ability: Dry Skin\n|upkeep\n|\n|t:|1776294537\n|switch|p2b: Aerodactyl|Aerodactyl, L50, M|100/100\n|turn|3\n|\n|t:|1776294574\n|detailschange|p2b: Aerodactyl|Aerodactyl-Mega, L50, M\n|-mega|p2b: Aerodactyl|Aerodactyl|Aerodactylite\n|move|p1a: Starmie|Protect|p1a: Starmie\n|-singleturn|p1a: Starmie|Protect\n|move|p2a: Heliolisk|Electroweb|p1b: Incineroar|[spread] p1b\n|-activate|p1a: Starmie|move: Protect\n|-damage|p1b: Incineroar|82/100\n|-unboost|p1b: Incineroar|spe|1\n|move|p2b: Aerodactyl|Stone Edge|p1a: Starmie\n|-activate|p1a: Starmie|move: Protect\n|move|p1b: Incineroar|Drain Punch|p2a: Heliolisk\n|-supereffective|p2a: Heliolisk|1\n|-damage|p2a: Heliolisk|0 fnt\n|-heal|p1b: Incineroar|100/100|[from] drain|[of] p2a: Heliolisk\n|faint|p2a: Heliolisk\n|\n|-weather|RainDance|[upkeep]\n|upkeep\n|\n|t:|1776294594\n|switch|p2a: Sinistcha|Sinistcha, L50|100/100\n|turn|4\n|\n|t:|1776294653\n|switch|p1a: Aerodactyl|Aerodactyl, L50, F, shiny|100/100\n|-ability|p1a: Aerodactyl|Unnerve\n|move|p2b: Aerodactyl|Dual Wingbeat|p1a: Aerodactyl\n|-resisted|p1a: Aerodactyl|1\n|-damage|p1a: Aerodactyl|75/100\n|-resisted|p1a: Aerodactyl|1\n|-damage|p1a: Aerodactyl|54/100\n|-hitcount|p1a: Aerodactyl|2\n|move|p2a: Sinistcha|Matcha Gotcha|p1a: Aerodactyl|[spread] p1a,p1b\n|-resisted|p1b: Incineroar|1\n|-damage|p1a: Aerodactyl|17/100\n|-damage|p1b: Incineroar|86/100\n|move|p1b: Incineroar|Parting Shot|p2b: Aerodactyl\n|-unboost|p2b: Aerodactyl|atk|1\n|-unboost|p2b: Aerodactyl|spa|1\n|\n|t:|1776294677\n|switch|p1b: Starmie|Starmie-Mega, L50, shiny|88/100|[from] Parting Shot\n|\n|-weather|RainDance|[upkeep]\n|upkeep\n|turn|5\n|\n|t:|1776294694\n|move|p1b: Starmie|Protect|p1b: Starmie\n|-singleturn|p1b: Starmie|Protect\n|move|p2b: Aerodactyl|Dual Wingbeat|p1b: Starmie\n|-activate|p1b: Starmie|move: Protect\n|move|p1a: Aerodactyl|Tailwind|p1a: Aerodactyl\n|-sidestart|p1: novahdango|move: Tailwind\n|move|p2a: Sinistcha|Matcha Gotcha|p1b: Starmie|[spread] p1a\n|-activate|p1b: Starmie|move: Protect\n|-damage|p1a: Aerodactyl|0 fnt\n|faint|p1a: Aerodactyl\n|\n|-weather|none\n|upkeep\n|\n|t:|1776294705\n|switch|p1a: Incineroar|Incineroar, L50, F|86/100\n|-ability|p1a: Incineroar|Intimidate|boost\n|-unboost|p2a: Sinistcha|atk|1\n|-unboost|p2b: Aerodactyl|atk|1\n|turn|6\n|\n|t:|1776294717\n|move|p1a: Incineroar|Fake Out|p2b: Aerodactyl\n|-resisted|p2b: Aerodactyl|1\n|-damage|p2b: Aerodactyl|92/100\n|move|p1b: Starmie|Liquidation|p2b: Aerodactyl\n|-supereffective|p2b: Aerodactyl|1\n|-damage|p2b: Aerodactyl|0 fnt\n|faint|p2b: Aerodactyl\n|move|p2a: Sinistcha|Matcha Gotcha|p1b: Starmie|[spread] p1a,p1b\n|-resisted|p1a: Incineroar|1\n|-supereffective|p1b: Starmie|1\n|-damage|p1a: Incineroar|74/100\n|-damage|p1b: Starmie|14/100\n|-status|p1b: Starmie|brn\n|\n|-damage|p1b: Starmie|8/100 brn|[from] brn\n|upkeep\n|turn|7\n|\n|t:|1776294738\n|move|p1b: Starmie|Ice Spinner|p2a: Sinistcha\n|-supereffective|p2a: Sinistcha|1\n|-damage|p2a: Sinistcha|51/100\n|move|p1a: Incineroar|Darkest Lariat|p2a: Sinistcha\n|-supereffective|p2a: Sinistcha|1\n|-damage|p2a: Sinistcha|0 fnt\n|faint|p2a: Sinistcha\n|\n|win|novahdango\n|raw|novahdango's rating: 1000 &rarr; <strong>1045</strong><br />(+45 for winning)\n|raw|thedatguy's rating: 1043 &rarr; <strong>1025</strong><br />(-18 for losing)\n|l|\u2606thedatguy\n|player|p2|\n",
  "uploadtime": 1776294746,
  "views": 18,
  "formatid": "gen9championsvgc2026regma",
  "rating": 1025,
  "private": 0,
  "password": null
}