{
  "id": "gen9championsvgc2026regma-2586498102",
  "format": "[Gen 9 Champions] VGC 2026 Reg M-A",
  "players": [
    "CharninjaGamingYT",
    "Kinggavi"
  ],
  "log": "|j|\u2606CharninjaGamingYT\n|j|\u203dKinggavi\n|t:|1776438814\n|gametype|doubles\n|player|p1|CharninjaGamingYT|shadowtriad|1024\n|player|p2|Kinggavi|roxie|1062\n|gen|9\n|tier|[Gen 9 Champions] VGC 2026 Reg M-A\n|rated|\n|rule|Species Clause: Limit one of each Pok\u00e9mon\n|rule|Item Clause: Limit 1 of each item\n|clearpoke\n|poke|p1|Gengar, L50, M|\n|poke|p1|Maushold, L50|\n|poke|p1|Bastiodon, L50, M|\n|poke|p1|Clefable, L50, M|\n|poke|p1|Sinistcha, L50|\n|poke|p1|Incineroar, L50, F|\n|poke|p2|Rotom-Frost, L50|\n|poke|p2|Froslass, L50, F|\n|poke|p2|Garchomp, L50, M|\n|poke|p2|Talonflame, L50, F|\n|poke|p2|Lopunny, L50, F|\n|poke|p2|Kingambit, L50, M|\n|teampreview|4\n|inactive|Battle timer is ON: inactive players will automatically lose when time's up. (requested by CharninjaGamingYT)\n|\n|t:|1776438841\n|teamsize|p1|4\n|teamsize|p2|4\n|start\n|switch|p1a: Maushold|Maushold, L50|100/100\n|switch|p1b: Gengar|Gengar, L50, M, shiny|100/100\n|switch|p2a: Talonflame|Talonflame, L50, F|100/100\n|switch|p2b: Kingambit|Kingambit, L50, M|100/100\n|turn|1\n|\n|t:|1776438849\n|detailschange|p1b: Gengar|Gengar-Mega, L50, M, shiny\n|-mega|p1b: Gengar|Gengar|Gengarite\n|move|p1a: Maushold|Follow Me|p1a: Maushold\n|-singleturn|p1a: Maushold|move: Follow Me\n|move|p2a: Talonflame|Tailwind|p2a: Talonflame\n|-sidestart|p2: Kinggavi|move: Tailwind\n|move|p2b: Kingambit|Kowtow Cleave|p1a: Maushold\n|-damage|p1a: Maushold|54/100\n|move|p1b: Gengar|Perish Song|p1b: Gengar\n|-start|p1a: Maushold|perish3|[silent]\n|-start|p1b: Gengar|perish3|[silent]\n|-start|p2a: Talonflame|perish3|[silent]\n|-start|p2b: Kingambit|perish3|[silent]\n|-fieldactivate|move: Perish Song\n|\n|-start|p2a: Talonflame|perish3\n|-start|p2b: Kingambit|perish3\n|-start|p1b: Gengar|perish3\n|-start|p1a: Maushold|perish3\n|upkeep\n|turn|2\n|inactive|CharninjaGamingYT has 30 seconds left.\n|\n|t:|1776438883\n|move|p1a: Maushold|Follow Me|p1a: Maushold\n|-singleturn|p1a: Maushold|move: Follow Me\n|move|p2a: Talonflame|Brave Bird|p1a: Maushold\n|-damage|p1a: Maushold|2/100\n|-damage|p2a: Talonflame|80/100|[from] Recoil\n|move|p2b: Kingambit|Kowtow Cleave|p1a: Maushold\n|-damage|p1a: Maushold|0 fnt\n|faint|p1a: Maushold\n|move|p1b: Gengar|Disable|p2b: Kingambit\n|-start|p2b: Kingambit|Disable|Kowtow Cleave\n|\n|-start|p2a: Talonflame|perish2\n|-start|p2b: Kingambit|perish2\n|-start|p1b: Gengar|perish2\n|upkeep\n|\n|t:|1776438892\n|switch|p1a: Clefable|Clefable, L50, M|100/100\n|turn|3\n|\n|t:|1776438907\n|move|p1b: Gengar|Protect|p1b: Gengar\n|-singleturn|p1b: Gengar|Protect\n|move|p1a: Clefable|Protect|p1a: Clefable\n|-singleturn|p1a: Clefable|Protect\n|move|p2a: Talonflame|Brave Bird|p1b: Gengar\n|-activate|p1b: Gengar|move: Protect\n|move|p2b: Kingambit|Iron Head|p1a: Clefable\n|-activate|p1a: Clefable|move: Protect\n|\n|-start|p2a: Talonflame|perish1\n|-start|p2b: Kingambit|perish1\n|-start|p1b: Gengar|perish1\n|upkeep\n|turn|4\n|\n|t:|1776438927\n|switch|p1b: Bastiodon|Bastiodon, L50, M|100/100\n|move|p2a: Talonflame|Brave Bird|p1b: Bastiodon\n|-resisted|p1b: Bastiodon|2\n|-damage|p1b: Bastiodon|95/100\n|-damage|p2a: Talonflame|79/100|[from] Recoil\n|move|p2b: Kingambit|Iron Head|p1a: Clefable\n|-supereffective|p1a: Clefable|1\n|-damage|p1a: Clefable|25/100\n|-enditem|p1a: Clefable|Sitrus Berry|[eat]\n|-heal|p1a: Clefable|50/100|[from] item: Sitrus Berry\n|move|p1a: Clefable|Life Dew|p1a: Clefable|[spread] p1a,p1b\n|-heal|p1a: Clefable|75/100\n|-heal|p1b: Bastiodon|100/100\n|\n|-start|p2a: Talonflame|perish0\n|-start|p2b: Kingambit|perish0\n|-sideend|p2: Kinggavi|move: Tailwind\n|upkeep\n|faint|p2a: Talonflame\n|faint|p2b: Kingambit\n|\n|t:|1776438939\n|switch|p2a: Lopunny|Lopunny, L50, F|100/100\n|switch|p2b: Garchomp|Garchomp, L50, M|100/100\n|turn|5\n|\n|t:|1776438950\n|switch|p1b: Gengar|Gengar-Mega, L50, M, shiny|100/100\n|detailschange|p2a: Lopunny|Lopunny-Mega, L50, F\n|-mega|p2a: Lopunny|Lopunny|Lopunnite\n|move|p1a: Clefable|Follow Me|p1a: Clefable\n|-singleturn|p1a: Clefable|move: Follow Me\n|move|p2a: Lopunny|Close Combat|p1a: Clefable\n|-resisted|p1a: Clefable|1\n|-damage|p1a: Clefable|46/100\n|-unboost|p2a: Lopunny|def|1\n|-unboost|p2a: Lopunny|spd|1\n|move|p2b: Garchomp|Rock Slide|p1a: Clefable|[spread] p1a,p1b\n|-damage|p1a: Clefable|27/100\n|-damage|p1b: Gengar|73/100\n|\n|upkeep\n|turn|6\n|\n|t:|1776438966\n|move|p2a: Lopunny|Protect|p2a: Lopunny\n|-singleturn|p2a: Lopunny|Protect\n|move|p1a: Clefable|Follow Me|p1a: Clefable\n|-singleturn|p1a: Clefable|move: Follow Me\n|move|p1b: Gengar|Perish Song|p1b: Gengar\n|-start|p1a: Clefable|perish3|[silent]\n|-start|p1b: Gengar|perish3|[silent]\n|-start|p2a: Lopunny|perish3|[silent]\n|-start|p2b: Garchomp|perish3|[silent]\n|-fieldactivate|move: Perish Song\n|move|p2b: Garchomp|Earthquake|p1a: Clefable|[spread] p1a,p1b\n|-activate|p2a: Lopunny|move: Protect\n|-supereffective|p1b: Gengar|1\n|-damage|p1a: Clefable|0 fnt\n|-damage|p1b: Gengar|0 fnt\n|faint|p1a: Clefable\n|faint|p1b: Gengar\n|\n|-start|p2a: Lopunny|perish3\n|-start|p2b: Garchomp|perish3\n|upkeep\n|\n|t:|1776438975\n|switch|p1b: Bastiodon|Bastiodon, L50, M|100/100\n|turn|7\n|\n|t:|1776438982\n|move|p1b: Bastiodon|Protect|p1b: Bastiodon\n|-singleturn|p1b: Bastiodon|Protect\n|move|p2a: Lopunny|Close Combat|p1b: Bastiodon\n|-activate|p1b: Bastiodon|move: Protect\n|move|p2b: Garchomp|Earthquake|p1b: Bastiodon|[spread] p2a\n|-activate|p1b: Bastiodon|move: Protect\n|-damage|p2a: Lopunny|12/100\n|\n|-start|p2a: Lopunny|perish2\n|-start|p2b: Garchomp|perish2\n|upkeep\n|turn|8\n|\n|t:|1776438990\n|move|p1b: Bastiodon|Protect|p1b: Bastiodon\n|-singleturn|p1b: Bastiodon|Protect\n|move|p2a: Lopunny|Close Combat|p1b: Bastiodon\n|-activate|p1b: Bastiodon|move: Protect\n|move|p2b: Garchomp|Earthquake|p1b: Bastiodon|[spread] p2a\n|-activate|p1b: Bastiodon|move: Protect\n|-damage|p2a: Lopunny|0 fnt\n|faint|p2a: Lopunny\n|\n|-start|p2b: Garchomp|perish1\n|upkeep\n|turn|9\n|\n|t:|1776439002\n|move|p2b: Garchomp|Earthquake|p1b: Bastiodon\n|-supereffective|p1b: Bastiodon|2\n|-enditem|p1b: Bastiodon|Focus Sash\n|-damage|p1b: Bastiodon|1/100\n|move|p1b: Bastiodon|Metal Burst|p2b: Garchomp\n|-damage|p2b: Garchomp|0 fnt\n|faint|p2b: Garchomp\n|\n|win|CharninjaGamingYT\n|raw|CharninjaGamingYT's rating: 1024 &rarr; <strong>1064</strong><br />(+40 for winning)\n|raw|Kinggavi's rating: 1062 &rarr; <strong>1041</strong><br />(-21 for losing)\n",
  "uploadtime": 1776439014,
  "views": 22,
  "formatid": "gen9championsvgc2026regma",
  "rating": 1041,
  "private": 0,
  "password": null
}