{
  "id": "gen9championsvgc2026regma-2581538823",
  "format": "[Gen 9 Champions] VGC 2026 Reg M-A",
  "players": [
    "masterbr231",
    "Bosse12345"
  ],
  "log": "|j|\u2606masterbr231\n|j|\u2606Bosse12345\n|t:|1776009279\n|gametype|doubles\n|player|p1|masterbr231|170|1053\n|player|p2|Bosse12345|102|1063\n|gen|9\n|tier|[Gen 9 Champions] VGC 2026 Reg M-A\n|rated|\n|rule|Species Clause: Limit one of each Pok\u00e9mon\n|rule|Item Clause: Limit 1 of each item\n|clearpoke\n|poke|p1|Meganium, L50, M|\n|poke|p1|Archaludon, L50, M|\n|poke|p1|Pelipper, L50, F|\n|poke|p1|Floette-Eternal, L50, F|\n|poke|p1|Sinistcha, L50|\n|poke|p1|Incineroar, L50, M|\n|poke|p2|Tyranitar, L50, F|\n|poke|p2|Skarmory, L50, F|\n|poke|p2|Excadrill, L50, F|\n|poke|p2|Hydrapple, L50, M|\n|poke|p2|Incineroar, L50, M|\n|poke|p2|Hatterene, L50, F|\n|teampreview|4\nBosse12345 has agreed to open team sheets.\n|\n|t:|1776009311\n|teamsize|p1|4\n|teamsize|p2|4\n|start\n|switch|p1a: Pelipper|Pelipper, L50, F|100/100\n|switch|p1b: Archaludon|Archaludon, L50, M|100/100\n|switch|p2a: Hatterene|Hatterene, L50, F|100/100\n|switch|p2b: Incineroar|Incineroar, L50, M|100/100\n|-weather|RainDance|[from] ability: Drizzle|[of] p1a: Pelipper\n|-ability|p2b: Incineroar|Intimidate|boost\n|-unboost|p1a: Pelipper|atk|1\n|-unboost|p1b: Archaludon|atk|1\n|-enditem|p1b: Archaludon|White Herb\n|-clearnegativeboost|p1b: Archaludon|[silent]\n|turn|1\n|\n|t:|1776009338\n|move|p2b: Incineroar|Fake Out|p1b: Archaludon\n|-resisted|p1b: Archaludon|1\n|-damage|p1b: Archaludon|96/100\n|-ability|p1b: Archaludon|Stamina|boost\n|-boost|p1b: Archaludon|def|1\n|cant|p1b: Archaludon|flinch\n|move|p1a: Pelipper|Tailwind|p1a: Pelipper\n|-sidestart|p1: masterbr231|move: Tailwind\n|move|p2a: Hatterene|Trick Room|p2a: Hatterene\n|-fieldstart|move: Trick Room|[of] p2a: Hatterene\n|\n|-weather|RainDance|[upkeep]\n|upkeep\n|turn|2\n|\n|t:|1776009369\n|move|p2a: Hatterene|Dazzling Gleam|p1a: Pelipper|[spread] p1a,p1b\n|-crit|p1b: Archaludon\n|-damage|p1a: Pelipper|54/100\n|-damage|p1b: Archaludon|14/100\n|-ability|p1b: Archaludon|Stamina|boost\n|-boost|p1b: Archaludon|def|1\n|move|p2b: Incineroar|Parting Shot|p1b: Archaludon\n|-unboost|p1b: Archaludon|atk|1\n|-unboost|p1b: Archaludon|spa|1\n|\n|t:|1776009379\n|switch|p2b: Tyranitar|Tyranitar, L50, F|100/100|[from] Parting Shot\n|-weather|Sandstorm|[from] ability: Sand Stream|[of] p2b: Tyranitar\n|move|p1a: Pelipper|U-turn|p2a: Hatterene\n|-damage|p2a: Hatterene|94/100\n|\n|t:|1776009385\n|switch|p1a: Meganium|Meganium, L50, M|100/100|[from] U-turn\n|move|p1b: Archaludon|Flash Cannon|p2a: Hatterene\n|-supereffective|p2a: Hatterene|1\n|-damage|p2a: Hatterene|30/100\n|\n|-weather|Sandstorm|[upkeep]\n|-damage|p2a: Hatterene|24/100|[from] Sandstorm\n|-damage|p1a: Meganium|94/100|[from] Sandstorm\n|upkeep\n|turn|3\n|\n|t:|1776009407\n|switch|p1b: Incineroar|Incineroar, L50, M|100/100\n|-ability|p1b: Incineroar|Intimidate|boost\n|-unboost|p2a: Hatterene|atk|1\n|-unboost|p2b: Tyranitar|atk|1\n|detailschange|p2b: Tyranitar|Tyranitar-Mega, L50, F\n|-mega|p2b: Tyranitar|Tyranitar|Tyranitarite\n|detailschange|p1a: Meganium|Meganium-Mega, L50, M\n|-mega|p1a: Meganium|Meganium|Meganiumite\n|move|p2a: Hatterene|Dazzling Gleam|p1a: Meganium|[spread] p1a,p1b\n|-damage|p1a: Meganium|65/100\n|-damage|p1b: Incineroar|73/100\n|move|p2b: Tyranitar|Rock Slide|p1b: Incineroar|[spread] p1a,p1b\n|-supereffective|p1b: Incineroar|1\n|-damage|p1a: Meganium|44/100\n|-damage|p1b: Incineroar|36/100\n|-enditem|p1b: Incineroar|Sitrus Berry|[eat]\n|-heal|p1b: Incineroar|61/100|[from] item: Sitrus Berry\n|move|p1a: Meganium|Dazzling Gleam|p2a: Hatterene|[spread] p2a,p2b\n|-supereffective|p2b: Tyranitar|1\n|-damage|p2a: Hatterene|0 fnt\n|-damage|p2b: Tyranitar|38/100\n|faint|p2a: Hatterene\n|\n|-weather|Sandstorm|[upkeep]\n|-damage|p1b: Incineroar|55/100|[from] Sandstorm\n|-damage|p1a: Meganium|38/100|[from] Sandstorm\n|upkeep\n|\n|t:|1776009432\n|switch|p2a: Incineroar|Incineroar, L50, M|100/100\n|-ability|p2a: Incineroar|Intimidate|boost\n|-unboost|p1a: Meganium|atk|1\n|-unboost|p1b: Incineroar|atk|1\n|turn|4\n|\n|t:|1776009447\n|move|p2a: Incineroar|Fake Out|p1b: Incineroar\n|-damage|p1b: Incineroar|45/100\n|cant|p1b: Incineroar|flinch\n|move|p2b: Tyranitar|Rock Slide|p1a: Meganium|[spread] p1b\n|-miss|p2b: Tyranitar|p1a: Meganium\n|-supereffective|p1b: Incineroar|1\n|-damage|p1b: Incineroar|8/100\n|move|p1a: Meganium|Dazzling Gleam|p2a: Incineroar|[spread] p2a,p2b\n|-supereffective|p2b: Tyranitar|1\n|-damage|p2a: Incineroar|69/100\n|-damage|p2b: Tyranitar|0 fnt\n|faint|p2b: Tyranitar\n|\n|-weather|Sandstorm|[upkeep]\n|-damage|p2a: Incineroar|63/100|[from] Sandstorm\n|-damage|p1b: Incineroar|2/100|[from] Sandstorm\n|-damage|p1a: Meganium|32/100|[from] Sandstorm\n|-sideend|p1: masterbr231|move: Tailwind\n|upkeep\n|\n|t:|1776009465\n|switch|p2b: Excadrill|Excadrill, L50, F|100/100\n|turn|5\n|inactive|Battle timer is ON: inactive players will automatically lose when time's up. (requested by Bosse12345)\n|\n|t:|1776009523\n|move|p1b: Incineroar|Parting Shot|p2a: Incineroar\n|-unboost|p2a: Incineroar|atk|1\n|-unboost|p2a: Incineroar|spa|1\n|\n|t:|1776009533\n|switch|p1b: Archaludon|Archaludon, L50, M|14/100|[from] Parting Shot\n|move|p2a: Incineroar|Flare Blitz|p1a: Meganium\n|-supereffective|p1a: Meganium|1\n|-damage|p1a: Meganium|0 fnt\n|faint|p1a: Meganium\n|-damage|p2a: Incineroar|52/100|[from] Recoil\n|move|p2b: Excadrill|Rock Slide|p1b: Archaludon\n|-resisted|p1b: Archaludon|1\n|-damage|p1b: Archaludon|0 fnt\n|faint|p1b: Archaludon\n|\n|-weather|Sandstorm|[upkeep]\n|-damage|p2a: Incineroar|46/100|[from] Sandstorm\n|-fieldend|move: Trick Room\n|upkeep\n|\n|t:|1776009548\n|switch|p1b: Incineroar|Incineroar, L50, M|2/100\n|switch|p1a: Pelipper|Pelipper, L50, F|54/100\n|-weather|RainDance|[from] ability: Drizzle|[of] p1a: Pelipper\n|-ability|p1b: Incineroar|Intimidate|boost\n|-unboost|p2a: Incineroar|atk|1\n|-unboost|p2b: Excadrill|atk|1\n|turn|6\n|\n|t:|1776009572\n|move|p1b: Incineroar|Fake Out|p2b: Excadrill\n|-resisted|p2b: Excadrill|1\n|-damage|p2b: Excadrill|93/100\n|cant|p2b: Excadrill|flinch\n|move|p1a: Pelipper|Hurricane|p2a: Incineroar\n|-damage|p2a: Incineroar|6/100\n|move|p2a: Incineroar|Throat Chop|p1a: Pelipper\n|-damage|p1a: Pelipper|33/100\n|-start|p1a: Pelipper|Throat Chop|[silent]\n|\n|-weather|RainDance|[upkeep]\n|upkeep\n|turn|7\n|inactive|masterbr231 has 30 seconds left.\n|inactive|masterbr231 has 20 seconds left.\n|\n|t:|1776009608\n|move|p2b: Excadrill|Rock Slide|p1a: Pelipper|[spread] p1a\n|-miss|p2b: Excadrill|p1b: Incineroar\n|-supereffective|p1a: Pelipper|1\n|-damage|p1a: Pelipper|0 fnt\n|faint|p1a: Pelipper\n|move|p2a: Incineroar|Flare Blitz|p1b: Incineroar\n|-resisted|p1b: Incineroar|1\n|-damage|p1b: Incineroar|0 fnt\n|faint|p1b: Incineroar\n|-damage|p2a: Incineroar|6/100|[from] Recoil\n|\n|win|Bosse12345\n|raw|masterbr231's rating: 1053 &rarr; <strong>1036</strong><br />(-17 for losing)\n|raw|Bosse12345's rating: 1063 &rarr; <strong>1093</strong><br />(+30 for winning)\n|l|\u2606masterbr231\n|player|p1|\n",
  "uploadtime": 1776009622,
  "views": 15,
  "formatid": "gen9championsvgc2026regma",
  "rating": 1036,
  "private": 0,
  "password": null
}