{
  "id": "gen9championsvgc2026regma-2582313267",
  "format": "[Gen 9 Champions] VGC 2026 Reg M-A",
  "players": [
    "oscareox553",
    "ironman3168"
  ],
  "log": "|j|\u2606oscareox553\n|j|\u2606ironman3168\n|t:|1776082436\n|gametype|doubles\n|player|p1|oscareox553|101|1102\n|player|p2|ironman3168|ash|1053\n|gen|9\n|tier|[Gen 9 Champions] VGC 2026 Reg M-A\n|rated|\n|rule|Species Clause: Limit one of each Pok\u00e9mon\n|rule|Item Clause: Limit 1 of each item\n|clearpoke\n|poke|p1|Glimmora, L50, F|\n|poke|p1|Sinistcha, L50|\n|poke|p1|Rotom-Wash, L50|\n|poke|p1|Hydreigon, L50, F|\n|poke|p1|Orthworm, L50, M|\n|poke|p1|Tyranitar, L50, M|\n|poke|p2|Drampa, L50, F|\n|poke|p2|Sinistcha, L50|\n|poke|p2|Farigiraf, L50, M|\n|poke|p2|Torkoal, L50, M|\n|poke|p2|Incineroar, L50, M|\n|poke|p2|Kingambit, L50, F|\n|teampreview|4\n|inactive|Battle timer is ON: inactive players will automatically lose when time's up. (requested by oscareox553)\n|inactive|oscareox553 has 60 seconds left.\n|\n|t:|1776082489\n|teamsize|p1|4\n|teamsize|p2|4\n|start\n|switch|p1a: Hydreigon|Hydreigon, L50, F|100/100\n|switch|p1b: Tyranitar|Tyranitar, L50, M|100/100\n|switch|p2a: Magnetic|Sinistcha, L50|100/100\n|switch|p2b: Drampa|Drampa, L50, F|100/100\n|-weather|Sandstorm|[from] ability: Sand Stream|[of] p1b: Tyranitar\n|-ability|p2b: Drampa|Cloud Nine\n|turn|1\n|inactive|oscareox553 has 30 seconds left.\n|\n|t:|1776082515\n|detailschange|p2b: Drampa|Drampa-Mega, L50, F\n|-mega|p2b: Drampa|Drampa|Drampanite\n|move|p2a: Magnetic|Rage Powder|p2a: Magnetic\n|-singleturn|p2a: Magnetic|move: Rage Powder\n|move|p1a: Hydreigon|Tailwind|p1a: Hydreigon\n|-sidestart|p1: oscareox553|move: Tailwind\n|move|p1b: Tyranitar|Knock Off|p2a: Magnetic\n|-supereffective|p2a: Magnetic|1\n|-damage|p2a: Magnetic|2/100\n|-enditem|p2a: Magnetic|Sitrus Berry|[from] move: Knock Off|[of] p1b: Tyranitar\n|move|p2b: Drampa|Calm Mind|p2b: Drampa\n|-boost|p2b: Drampa|spa|1\n|-boost|p2b: Drampa|spd|1\n|\n|-weather|Sandstorm|[upkeep]\n|-damage|p1a: Hydreigon|94/100|[from] Sandstorm\n|-damage|p2a: Magnetic|0 fnt|[from] Sandstorm\n|-damage|p2b: Drampa|95/100|[from] Sandstorm\n|faint|p2a: Magnetic\n|upkeep\n|\n|t:|1776082524\n|switch|p2a: Farigiraf|Farigiraf, L50, M|100/100\n|turn|2\n|\n|t:|1776082546\n|switch|p1a: Sinistcha|Sinistcha, L50|100/100\n|move|p2b: Drampa|Protect|p2b: Drampa\n|-singleturn|p2b: Drampa|Protect\n|move|p1b: Tyranitar|Knock Off|p2a: Farigiraf\n|-supereffective|p2a: Farigiraf|1\n|-damage|p2a: Farigiraf|17/100\n|-enditem|p2a: Farigiraf|Mental Herb|[from] move: Knock Off|[of] p1b: Tyranitar\n|move|p2a: Farigiraf|Trick Room|p2a: Farigiraf\n|-fieldstart|move: Trick Room|[of] p2a: Farigiraf\n|\n|-weather|Sandstorm|[upkeep]\n|-damage|p2b: Drampa|89/100|[from] Sandstorm\n|-damage|p2a: Farigiraf|11/100|[from] Sandstorm\n|-damage|p1a: Sinistcha|94/100|[from] Sandstorm\n|upkeep\n|turn|3\n|inactive|ironman3168 has 30 seconds left.\n|\n|t:|1776082573\n|move|p2b: Drampa|Calm Mind|p2b: Drampa\n|-boost|p2b: Drampa|spa|1\n|-boost|p2b: Drampa|spd|1\n|move|p1b: Tyranitar|Rock Slide|p2a: Farigiraf|[spread] p2a,p2b\n|-damage|p2a: Farigiraf|0 fnt\n|-damage|p2b: Drampa|60/100\n|faint|p2a: Farigiraf\n|move|p1a: Sinistcha|Trick Room|p1a: Sinistcha\n|-fieldend|move: Trick Room\n|\n|-weather|Sandstorm|[upkeep]\n|-damage|p1a: Sinistcha|88/100|[from] Sandstorm\n|-damage|p2b: Drampa|55/100|[from] Sandstorm\n|upkeep\n|\n|t:|1776082580\n|switch|p2a: Potential|Torkoal, L50, M|100/100\n|-weather|SunnyDay|[from] ability: Drought|[of] p2a: Potential\n|turn|4\n|\n|t:|1776082597\n|move|p1a: Sinistcha|Matcha Gotcha|p2a: Potential|[spread] p2a,p2b\n|-resisted|p2a: Potential|1\n|-resisted|p2b: Drampa|1\n|-damage|p2a: Potential|85/100\n|-heal|p1a: Sinistcha|96/100|[from] drain|[of] p2a: Potential\n|-damage|p2b: Drampa|50/100\n|-heal|p1a: Sinistcha|99/100|[from] drain|[of] p2b: Drampa\n|-status|p2b: Drampa|brn\n|-ability|p2b: Drampa|Berserk|boost\n|-boost|p2b: Drampa|spa|1\n|move|p1b: Tyranitar|Rock Slide|p2a: Potential|[spread] p2a,p2b\n|-supereffective|p2a: Potential|1\n|-damage|p2a: Potential|38/100\n|-damage|p2b: Drampa|23/100 brn\n|cant|p2b: Drampa|flinch\n|cant|p2a: Potential|flinch\n|\n|-weather|SunnyDay|[upkeep]\n|-damage|p2b: Drampa|17/100 brn|[from] brn\n|-sideend|p1: oscareox553|move: Tailwind\n|upkeep\n|turn|5\n|inactive|oscareox553 has 30 seconds left.\n|inactive|ironman3168 has 30 seconds left.\n|-message|ironman3168 forfeited.\n|\n|win|oscareox553\n|raw|oscareox553's rating: 1102 &rarr; <strong>1123</strong><br />(+21 for winning)\n|raw|ironman3168's rating: 1053 &rarr; <strong>1038</strong><br />(-15 for losing)\n",
  "uploadtime": 1776082629,
  "views": 12,
  "formatid": "gen9championsvgc2026regma",
  "rating": 1038,
  "private": 0,
  "password": null
}