{
  "id": "gen9championsvgc2026regma-2583046508",
  "format": "[Gen 9 Champions] VGC 2026 Reg M-A",
  "players": [
    "aoiharada",
    "Jah_08"
  ],
  "log": "|j|\u2606aoiharada\n|j|\u2606Jah_08\n|t:|1776136368\n|gametype|doubles\n|player|p1|aoiharada|101|1368\n|player|p2|Jah_08|alder|1342\n|gen|9\n|tier|[Gen 9 Champions] VGC 2026 Reg M-A\n|rated|\n|rule|Species Clause: Limit one of each Pok\u00e9mon\n|rule|Item Clause: Limit 1 of each item\n|clearpoke\n|poke|p1|Garchomp, L50, M|\n|poke|p1|Rotom-Wash, L50|\n|poke|p1|Incineroar, L50, M|\n|poke|p1|Sneasler, L50, F|\n|poke|p1|Floette-Eternal, L50, F|\n|poke|p1|Sinistcha-Masterpiece, L50|\n|poke|p2|Excadrill, L50, M|\n|poke|p2|Whimsicott, L50, M|\n|poke|p2|Chandelure, L50, M|\n|poke|p2|Zoroark-Hisui, L50, M|\n|poke|p2|Basculegion, L50, M|\n|poke|p2|Conkeldurr, L50, M|\n|teampreview|4\n|l|\u2606aoiharada\n|player|p1|\n|j|\u2606aoiharada\n|player|p1|aoiharada|101|\nJah_08 rejected open team sheets.\n|inactive|Battle timer is ON: inactive players will automatically lose when time's up. (requested by aoiharada)\n|\n|t:|1776136452\n|teamsize|p1|4\n|teamsize|p2|4\n|start\n|switch|p1a: Floette|Floette-Eternal, L50, F|100/100\n|switch|p1b: Incineroar|Incineroar, L50, M|100/100\n|switch|p2a: Excadrill|Excadrill, L50, M|100/100\n|switch|p2b: Basculegion|Basculegion, L50, M|100/100\n|-ability|p1b: Incineroar|Intimidate|boost\n|-unboost|p2a: Excadrill|atk|1\n|-unboost|p2b: Basculegion|atk|1\n|turn|1\n|inactive|aoiharada has 30 seconds left.\n|\n|t:|1776136483\n|switch|p1b: Sinistcha|Sinistcha-Masterpiece, L50|100/100\n|detailschange|p1a: Floette|Floette-Mega, L50, F\n|-mega|p1a: Floette|Floette|Floettite\n|-ability|p1a: Floette|Fairy Aura\n|move|p1a: Floette|Protect|p1a: Floette\n|-singleturn|p1a: Floette|Protect\n|move|p2b: Basculegion|Wave Crash|p1b: Sinistcha\n|-resisted|p1b: Sinistcha|1\n|-damage|p1b: Sinistcha|76/100\n|-damage|p2b: Basculegion|93/100|[from] Recoil\n|move|p2a: Excadrill|Sludge Bomb|p1a: Floette\n|-activate|p1a: Floette|move: Protect\n|\n|-heal|p1b: Sinistcha|83/100|[from] item: Leftovers\n|upkeep\n|turn|2\n|inactive|Jah_08 has 30 seconds left.\n|\n|t:|1776136508\n|switch|p1b: Incineroar|Incineroar, L50, M|100/100\n|-ability|p1b: Incineroar|Intimidate|boost\n|-unboost|p2a: Excadrill|atk|1\n|-unboost|p2b: Basculegion|atk|1\n|move|p2b: Basculegion|Wave Crash|p1a: Floette\n|-damage|p1a: Floette|68/100\n|-damage|p2b: Basculegion|84/100|[from] Recoil\n|move|p2a: Excadrill|Shadow Ball|p1b: Incineroar\n|-resisted|p1b: Incineroar|1\n|-damage|p1b: Incineroar|85/100\n|move|p1a: Floette|Calm Mind|p1a: Floette\n|-boost|p1a: Floette|spa|1\n|-boost|p1a: Floette|spd|1\n|\n|upkeep\n|turn|3\n|\n|t:|1776136527\n|switch|p1b: Sinistcha|Sinistcha-Masterpiece, L50|83/100\n|-heal|p1a: Floette|93/100|[from] ability: Hospitality|[of] p1b: Sinistcha\n|move|p2b: Basculegion|Wave Crash|p1a: Floette\n|-damage|p1a: Floette|61/100\n|-damage|p2b: Basculegion|74/100|[from] Recoil\n|move|p2a: Excadrill|Sludge Bomb|p1a: Floette\n|-supereffective|p1a: Floette|1\n|-damage|p1a: Floette|30/100\n|move|p1a: Floette|Dazzling Gleam|p2a: Excadrill|[spread] p2b\n|-miss|p1a: Floette|p2a: Excadrill\n|-damage|p2b: Basculegion|9/100\n|\n|-heal|p1b: Sinistcha|89/100|[from] item: Leftovers\n|upkeep\n|turn|4\n|inactive|Jah_08 has 30 seconds left.\n|inactive|Jah_08 has 20 seconds left.\n|inactive|Jah_08 has 15 seconds left.\n|\n|t:|1776136568\n|switch|p2b: Whimsicott|Whimsicott, L50, M, shiny|100/100\n|move|p1b: Sinistcha|Rage Powder|p1b: Sinistcha\n|-singleturn|p1b: Sinistcha|move: Rage Powder\n|move|p2a: Excadrill|Sludge Bomb|p1b: Sinistcha\n|-damage|p1b: Sinistcha|64/100\n|move|p1a: Floette|Draining Kiss|p2a: Excadrill\n|-damage|p2a: Excadrill|0 fnt\n|-heal|p1a: Floette|85/100|[from] drain|[of] p2a: Excadrill\n|replace|p2a: Zoroark|Zoroark-Hisui, L50, M\n|-end|p2a: Zoroark|Illusion\n|faint|p2a: Zoroark\n|\n|-heal|p1b: Sinistcha|70/100|[from] item: Leftovers\n|upkeep\n|inactive|Jah_08 has 30 seconds left.\n|\n|t:|1776136596\n|switch|p2a: Basculegion|Basculegion, L50, M|9/100\n|turn|5\n|inactive|Jah_08 has 30 seconds left.\n|\n|t:|1776136626\n|move|p1b: Sinistcha|Rage Powder|p1b: Sinistcha\n|-singleturn|p1b: Sinistcha|move: Rage Powder\n|move|p2a: Basculegion|Last Respects|p1b: Sinistcha\n|-supereffective|p1b: Sinistcha|1\n|-damage|p1b: Sinistcha|0 fnt\n|faint|p1b: Sinistcha\n|move|p2b: Whimsicott|Moonblast|p1a: Floette\n|-damage|p1a: Floette|62/100\n|move|p1a: Floette|Dazzling Gleam|p2a: Basculegion|[spread] p2a,p2b\n|-damage|p2a: Basculegion|0 fnt\n|-damage|p2b: Whimsicott|23/100\n|faint|p2a: Basculegion\n|\n|upkeep\n|\n|t:|1776136640\n|switch|p2a: Excadrill|Excadrill, L50, M|100/100\n|switch|p1b: Incineroar|Incineroar, L50, M|85/100\n|-ability|p2a: Excadrill|Mold Breaker\n|-ability|p1b: Incineroar|Intimidate|boost\n|-unboost|p2a: Excadrill|atk|1\n|-unboost|p2b: Whimsicott|atk|1\n|turn|6\n|\n|t:|1776136660\n|move|p2b: Whimsicott|Protect|p2b: Whimsicott\n|-singleturn|p2b: Whimsicott|Protect\n|move|p2a: Excadrill|Protect|p2a: Excadrill\n|-singleturn|p2a: Excadrill|Protect\n|move|p1a: Floette|Dazzling Gleam|p2b: Whimsicott|[spread] \n|-activate|p2a: Excadrill|move: Protect\n|-activate|p2b: Whimsicott|move: Protect\n|move|p1b: Incineroar|Parting Shot|p2a: Excadrill\n|-activate|p2a: Excadrill|move: Protect\n|\n|upkeep\n|turn|7\n|inactive|Jah_08 has 30 seconds left.\n|inactive|Jah_08 has 20 seconds left.\n|inactive|Jah_08 has 15 seconds left.\n|\n|t:|1776136704\n|move|p2b: Whimsicott|Moonblast|p1b: Incineroar\n|-damage|p1b: Incineroar|51/100\n|move|p2a: Excadrill|Iron Head|p1a: Floette\n|-supereffective|p1a: Floette|1\n|-damage|p1a: Floette|18/100\n|move|p1a: Floette|Dazzling Gleam|p2a: Excadrill|[spread] p2a,p2b\n|-resisted|p2a: Excadrill|1\n|-damage|p2a: Excadrill|63/100\n|-damage|p2b: Whimsicott|0 fnt\n|faint|p2b: Whimsicott\n|move|p1b: Incineroar|Parting Shot|p2a: Excadrill\n|-unboost|p2a: Excadrill|atk|1\n|-unboost|p2a: Excadrill|spa|1\n|\n|t:|1776136709\n|switch|p1b: Garchomp|Garchomp, L50, M|100/100|[from] Parting Shot\n|\n|upkeep\n|turn|8\n|\n|t:|1776136721\n|switch|p1b: Incineroar|Incineroar, L50, M|51/100\n|-ability|p1b: Incineroar|Intimidate|boost\n|-unboost|p2a: Excadrill|atk|1\n|move|p2a: Excadrill|Rock Slide|p1a: Floette|[spread] \n|-miss|p2a: Excadrill|p1a: Floette\n|-miss|p2a: Excadrill|p1b: Incineroar\n|move|p1a: Floette|Dazzling Gleam|p2a: Excadrill\n|-resisted|p2a: Excadrill|1\n|-damage|p2a: Excadrill|9/100\n|\n|upkeep\n|turn|9\n|\n|t:|1776136740\n|move|p2a: Excadrill|Protect|p2a: Excadrill\n|-singleturn|p2a: Excadrill|Protect\n|move|p1a: Floette|Dazzling Gleam|p2a: Excadrill\n|-activate|p2a: Excadrill|move: Protect\n|move|p1b: Incineroar|Throat Chop|p2a: Excadrill\n|-activate|p2a: Excadrill|move: Protect\n|\n|upkeep\n|turn|10\n|j| Rainbow Chrome\n|\n|t:|1776136763\n|move|p2a: Excadrill|Rock Slide|p1b: Incineroar|[spread] p1b\n|-miss|p2a: Excadrill|p1a: Floette\n|-supereffective|p1b: Incineroar|1\n|-damage|p1b: Incineroar|35/100\n|move|p1a: Floette|Dazzling Gleam|p2a: Excadrill\n|-resisted|p2a: Excadrill|1\n|-damage|p2a: Excadrill|0 fnt\n|faint|p2a: Excadrill\n|\n|win|aoiharada\n|raw|aoiharada's rating: 1368 &rarr; <strong>1387</strong><br />(+19 for winning)\n|raw|Jah_08's rating: 1342 &rarr; <strong>1323</strong><br />(-19 for losing)\n|l|\u2606aoiharada\n|player|p1|\n",
  "uploadtime": 1776136776,
  "views": 38,
  "formatid": "gen9championsvgc2026regma",
  "rating": 1323,
  "private": 0,
  "password": null
}