{
  "id": "gen9championsvgc2026regma-2580609381",
  "format": "[Gen 9 Champions] VGC 2026 Reg M-A",
  "players": [
    "StrawberryBalloons",
    "bruhgokusolo"
  ],
  "log": "|j|\u2606StrawberryBalloons\n|j|\u2606bruhgokusolo\n|t:|1775917763\n|gametype|doubles\n|player|p1|StrawberryBalloons|fisherman-gen4|1000\n|player|p2|bruhgokusolo|265|1069\n|gen|9\n|tier|[Gen 9 Champions] VGC 2026 Reg M-A\n|rated|\n|rule|Species Clause: Limit one of each Pok\u00e9mon\n|rule|Item Clause: Limit 1 of each item\n|clearpoke\n|poke|p1|Starmie, L50|\n|poke|p1|Tinkaton, L50, F|\n|poke|p1|Incineroar, L50, F|\n|poke|p1|Ninetales-Alola, L50, M|\n|poke|p1|Floette-Eternal, L50, F|\n|poke|p1|Sableye, L50, M|\n|poke|p2|Incineroar, L50, F|\n|poke|p2|Garchomp, L50, F|\n|poke|p2|Froslass, L50, F|\n|poke|p2|Orthworm, L50, M|\n|poke|p2|Basculegion, L50, M|\n|poke|p2|Rotom-Frost, L50|\n|teampreview|4\n|inactive|Battle timer is ON: inactive players will automatically lose when time's up. (requested by StrawberryBalloons)\n|inactive|StrawberryBalloons has 60 seconds left.\n|\n|t:|1775917795\n|teamsize|p1|4\n|teamsize|p2|4\n|start\n|switch|p1a: MeowMeow|Tinkaton, L50, F, shiny|100/100\n|switch|p1b: Ninetales|Ninetales-Alola, L50, M|100/100\n|switch|p2a: Orthworm|Orthworm, L50, M|100/100\n|switch|p2b: Incineroar|Incineroar, L50, F, shiny|100/100\n|-weather|Snowscape|[from] ability: Snow Warning|[of] p1b: Ninetales\n|-ability|p1a: MeowMeow|Mold Breaker\n|-ability|p2b: Incineroar|Intimidate|boost\n|-unboost|p1a: MeowMeow|atk|1\n|-unboost|p1b: Ninetales|atk|1\n|turn|1\n|inactive|bruhgokusolo has 30 seconds left.\n|l|\u2606bruhgokusolo\n|inactive|bruhgokusolo disconnected and has a minute to reconnect!\n|player|p2|\n|inactive|bruhgokusolo has 20 seconds left.\n|inactive|bruhgokusolo has 15 seconds left.\n|j|\u2606bruhgokusolo\n|inactive|bruhgokusolo reconnected and has 15 seconds left.\n|player|p2|bruhgokusolo|265|\n|inactive|bruhgokusolo has 10 seconds left.\n|\n|t:|1775917843\n|move|p1a: MeowMeow|Fake Out|p2b: Incineroar\n|-damage|p2b: Incineroar|97/100\n|move|p1b: Ninetales|Aurora Veil|p1b: Ninetales\n|-sidestart|p1: StrawberryBalloons|move: Aurora Veil\n|move|p2a: Orthworm|Heavy Slam|p1b: Ninetales\n|-supereffective|p1b: Ninetales|2\n|-enditem|p1b: Ninetales|Babiri Berry|[eat]\n|-enditem|p1b: Ninetales|Babiri Berry|[weaken]\n|-damage|p1b: Ninetales|49/100\n|cant|p2b: Incineroar|flinch\n|\n|-weather|Snowscape|[upkeep]\n|-heal|p2b: Incineroar|100/100|[from] item: Leftovers\n|upkeep\n|turn|2\n|\n|t:|1775917854\n|switch|p1b: Incineroar|Incineroar, L50, F|100/100\n|-ability|p1b: Incineroar|Intimidate|boost\n|-unboost|p2a: Orthworm|atk|1\n|-unboost|p2b: Incineroar|atk|1\n|switch|p1a: Floette|Floette-Eternal, L50, F|100/100\n|move|p2a: Orthworm|Heavy Slam|p1b: Incineroar\n|-resisted|p1b: Incineroar|1\n|-damage|p1b: Incineroar|96/100\n|move|p2b: Incineroar|Flare Blitz|p1a: Floette\n|-damage|p1a: Floette|68/100\n|-damage|p2b: Incineroar|93/100|[from] Recoil\n|\n|-weather|Snowscape|[upkeep]\n|-heal|p2b: Incineroar|99/100|[from] item: Leftovers\n|upkeep\n|turn|3\n|\n|t:|1775917861\n|move|p1b: Incineroar|Fake Out|p2a: Orthworm\n|-resisted|p2a: Orthworm|1\n|-damage|p2a: Orthworm|97/100\n|move|p1a: Floette|Calm Mind|p1a: Floette\n|-boost|p1a: Floette|spa|1\n|-boost|p1a: Floette|spd|1\n|cant|p2a: Orthworm|flinch\n|move|p2b: Incineroar|Flare Blitz|p1a: Floette\n|-damage|p1a: Floette|33/100\n|-damage|p2b: Incineroar|90/100|[from] Recoil\n|\n|-weather|Snowscape|[upkeep]\n|-heal|p2b: Incineroar|96/100|[from] item: Leftovers\n|upkeep\n|turn|4\n|\n|t:|1775917886\n|move|p1a: Floette|Protect|p1a: Floette\n|-singleturn|p1a: Floette|Protect\n|move|p2a: Orthworm|Heavy Slam|p1a: Floette\n|-activate|p1a: Floette|move: Protect\n|move|p2b: Incineroar|Flare Blitz|p1a: Floette\n|-activate|p1a: Floette|move: Protect\n|move|p1b: Incineroar|Parting Shot|p2b: Incineroar\n|-unboost|p2b: Incineroar|atk|1\n|-unboost|p2b: Incineroar|spa|1\n|\n|t:|1775917896\n|switch|p1b: Ninetales|Ninetales-Alola, L50, M|49/100|[from] Parting Shot\n|\n|-weather|Snowscape|[upkeep]\n|-heal|p2b: Incineroar|100/100|[from] item: Leftovers\n|upkeep\n|turn|5\n|\n|t:|1775917909\n|detailschange|p1a: Floette|Floette-Mega, L50, F\n|-mega|p1a: Floette|Floette|Floettite\n|-ability|p1a: Floette|Fairy Aura\n|move|p1b: Ninetales|Fake Tears|p2a: Orthworm\n|-unboost|p2a: Orthworm|spd|2\n|move|p1a: Floette|Moonblast|p2a: Orthworm\n|-resisted|p2a: Orthworm|1\n|-damage|p2a: Orthworm|0 fnt\n|faint|p2a: Orthworm\n|move|p2b: Incineroar|Flare Blitz|p1b: Ninetales\n|-supereffective|p1b: Ninetales|1\n|-damage|p1b: Ninetales|19/100\n|-damage|p2b: Incineroar|93/100|[from] Recoil\n|\n|-weather|none\n|-heal|p2b: Incineroar|99/100|[from] item: Leftovers\n|-sideend|p1: StrawberryBalloons|move: Aurora Veil\n|upkeep\n|\n|t:|1775917930\n|switch|p2a: Froslass|Froslass, L50, F|100/100\n|turn|6\n|\n|t:|1775917941\n|switch|p1b: MeowMeow|Tinkaton, L50, F, shiny|100/100\n|-ability|p1b: MeowMeow|Mold Breaker\n|detailschange|p2a: Froslass|Froslass-Mega, L50, F\n|-mega|p2a: Froslass|Froslass|Froslassite\n|-weather|Snowscape|[from] ability: Snow Warning|[of] p2a: Froslass\n|move|p1a: Floette|Protect|p1a: Floette\n|-singleturn|p1a: Floette|Protect\n|move|p2a: Froslass|Blizzard|p1a: Floette|[spread] p1b\n|-activate|p1a: Floette|move: Protect\n|-resisted|p1b: MeowMeow|1\n|-damage|p1b: MeowMeow|79/100\n|move|p2b: Incineroar|Flare Blitz|p1a: Floette\n|-activate|p1a: Floette|move: Protect\n|\n|-weather|Snowscape|[upkeep]\n|-heal|p2b: Incineroar|100/100|[from] item: Leftovers\n|upkeep\n|turn|7\n|\n|t:|1775917960\n|move|p1b: MeowMeow|Fake Out|p2b: Incineroar\n|-damage|p2b: Incineroar|94/100\n|move|p2a: Froslass|Blizzard|p1a: Floette|[spread] p1a,p1b\n|-resisted|p1b: MeowMeow|1\n|-damage|p1a: Floette|5/100\n|-damage|p1b: MeowMeow|59/100\n|move|p1a: Floette|Dazzling Gleam|p2a: Froslass|[spread] p2a,p2b\n|-damage|p2a: Froslass|16/100\n|-damage|p2b: Incineroar|32/100\n|cant|p2b: Incineroar|flinch\n|\n|-weather|Snowscape|[upkeep]\n|-heal|p2b: Incineroar|38/100|[from] item: Leftovers\n|upkeep\n|turn|8\n|\n|t:|1775917969\n|move|p1a: Floette|Protect|p1a: Floette\n|-singleturn|p1a: Floette|Protect\n|move|p2a: Froslass|Blizzard|p1b: MeowMeow|[spread] p1b\n|-activate|p1a: Floette|move: Protect\n|-resisted|p1b: MeowMeow|1\n|-damage|p1b: MeowMeow|39/100\n|move|p1b: MeowMeow|Gigaton Hammer|p2a: Froslass\n|-supereffective|p2a: Froslass|1\n|-damage|p2a: Froslass|0 fnt\n|faint|p2a: Froslass\n|move|p2b: Incineroar|Flare Blitz|p1b: MeowMeow\n|-supereffective|p1b: MeowMeow|1\n|-crit|p1b: MeowMeow\n|-damage|p1b: MeowMeow|0 fnt\n|faint|p1b: MeowMeow\n|-damage|p2b: Incineroar|26/100|[from] Recoil\n|\n|-weather|Snowscape|[upkeep]\n|-heal|p2b: Incineroar|32/100|[from] item: Leftovers\n|upkeep\n|\n|t:|1775917982\n|switch|p2a: Rotom|Rotom-Frost, L50|100/100\n|switch|p1b: Incineroar|Incineroar, L50, F|96/100\n|-ability|p1b: Incineroar|Intimidate|boost\n|-unboost|p2a: Rotom|atk|1\n|-unboost|p2b: Incineroar|atk|1\n|turn|9\n|\n|t:|1775917999\n|move|p1b: Incineroar|Fake Out|p2a: Rotom\n|-damage|p2a: Rotom|92/100\n|move|p1a: Floette|Moonblast|p2b: Incineroar\n|-damage|p2b: Incineroar|0 fnt\n|faint|p2b: Incineroar\n|cant|p2a: Rotom|flinch\n|\n|-weather|Snowscape|[upkeep]\n|upkeep\n|turn|10\n|\n|t:|1775918008\n|move|p1a: Floette|Protect|p1a: Floette\n|-singleturn|p1a: Floette|Protect\n|move|p2a: Rotom|Blizzard|p1a: Floette|[spread] p1b\n|-activate|p1a: Floette|move: Protect\n|-resisted|p1b: Incineroar|1\n|-damage|p1b: Incineroar|78/100\n|move|p1b: Incineroar|Parting Shot|p2a: Rotom\n|-unboost|p2a: Rotom|atk|1\n|-unboost|p2a: Rotom|spa|1\n|\n|t:|1775918013\n|switch|p1b: Ninetales|Ninetales-Alola, L50, M|19/100|[from] Parting Shot\n|\n|-weather|none\n|upkeep\n|turn|11\n|\n|t:|1775918018\n|move|p1b: Ninetales|Fake Tears|p2a: Rotom\n|-unboost|p2a: Rotom|spd|2\n|move|p1a: Floette|Moonblast|p2a: Rotom\n|-damage|p2a: Rotom|0 fnt\n|faint|p2a: Rotom\n|\n|win|StrawberryBalloons\n|raw|StrawberryBalloons's rating: 1000 &rarr; <strong>1048</strong><br />(+48 for winning)\n|raw|bruhgokusolo's rating: 1069 &rarr; <strong>1045</strong><br />(-24 for losing)\n|l|\u2606bruhgokusolo\n|player|p2|\n",
  "uploadtime": 1775918024,
  "views": 11,
  "formatid": "gen9championsvgc2026regma",
  "rating": 1045,
  "private": 0,
  "password": null
}