{
  "id": "gen9championsvgc2026regma-2585422624",
  "format": "[Gen 9 Champions] VGC 2026 Reg M-A",
  "players": [
    "1Neku",
    "Moncholo55"
  ],
  "log": "|j|\u26061Neku\n|j|\u2606Moncholo55\n|t:|1776346223\n|gametype|doubles\n|player|p1|1Neku|265|1093\n|player|p2|Moncholo55|mira|1102\n|gen|9\n|tier|[Gen 9 Champions] VGC 2026 Reg M-A\n|rated|\n|rule|Species Clause: Limit one of each Pok\u00e9mon\n|rule|Item Clause: Limit 1 of each item\n|clearpoke\n|poke|p1|Pelipper, L50, M|\n|poke|p1|Basculegion, L50, M|\n|poke|p1|Sinistcha, L50|\n|poke|p1|Archaludon, L50, M|\n|poke|p1|Sneasler, L50, M|\n|poke|p1|Dragonite, L50, F|\n|poke|p2|Kommo-o, L50, M|\n|poke|p2|Gyarados, L50, F|\n|poke|p2|Mamoswine, L50, F|\n|poke|p2|Whimsicott, L50, F|\n|poke|p2|Charizard, L50, M|\n|poke|p2|Gallade, L50, M|\n|teampreview|4\n|\n|t:|1776346260\n|teamsize|p1|4\n|teamsize|p2|4\n|start\n|switch|p1a: Sneasler|Sneasler, L50, M|100/100\n|switch|p1b: Basculegion|Basculegion, L50, M|100/100\n|switch|p2a: Whimsicott|Whimsicott, L50, F|100/100\n|switch|p2b: Charizard|Charizard, L50, M|100/100\n|turn|1\n|\n|t:|1776346306\n|move|p2b: Charizard|Protect|p2b: Charizard\n|-singleturn|p2b: Charizard|Protect\n|move|p1a: Sneasler|Fake Out|p2b: Charizard\n|-activate|p2b: Charizard|move: Protect\n|move|p2a: Whimsicott|Tailwind|p2a: Whimsicott\n|-sidestart|p2: Moncholo55|move: Tailwind\n|move|p1b: Basculegion|Wave Crash|p2b: Charizard\n|-activate|p2b: Charizard|move: Protect\n|\n|upkeep\n|turn|2\n|\n|t:|1776346328\n|switch|p1b: Archaludon|Archaludon, L50, M|100/100\n|detailschange|p2b: Charizard|Charizard-Mega-X, L50, M\n|-mega|p2b: Charizard|Charizard|Charizardite X\n|move|p1a: Sneasler|Protect|p1a: Sneasler\n|-singleturn|p1a: Sneasler|Protect\n|move|p2a: Whimsicott|Sunny Day|p2a: Whimsicott\n|-weather|SunnyDay\n|move|p2b: Charizard|Thunder Punch|p1b: Archaludon\n|-resisted|p1b: Archaludon|1\n|-damage|p1b: Archaludon|87/100\n|-ability|p1b: Archaludon|Stamina|boost\n|-boost|p1b: Archaludon|def|1\n|\n|-weather|SunnyDay|[upkeep]\n|-heal|p1b: Archaludon|93/100|[from] item: Leftovers\n|upkeep\n|turn|3\n|\n|t:|1776346356\n|switch|p1b: Pelipper|Pelipper, L50, M, shiny|100/100\n|-weather|RainDance|[from] ability: Drizzle|[of] p1b: Pelipper\n|move|p2a: Whimsicott|Encore|p1a: Sneasler\n|-start|p1a: Sneasler|Encore\n|move|p1a: Sneasler|Protect||[still]\n|-fail|p1a: Sneasler\n|move|p2b: Charizard|Flare Blitz|p1b: Pelipper\n|-resisted|p1b: Pelipper|1\n|-damage|p1b: Pelipper|71/100\n|-damage|p2b: Charizard|92/100|[from] Recoil\n|\n|-weather|RainDance|[upkeep]\n|upkeep\n|turn|4\n|\n|t:|1776346384\n|switch|p1a: Basculegion|Basculegion, L50, M|100/100\n|switch|p1b: Archaludon|Archaludon, L50, M|93/100\n|move|p2a: Whimsicott|Sunny Day|p2a: Whimsicott\n|-weather|SunnyDay\n|move|p2b: Charizard|Thunder Punch|p1b: Archaludon\n|-resisted|p1b: Archaludon|1\n|-damage|p1b: Archaludon|81/100\n|-status|p1b: Archaludon|par\n|-ability|p1b: Archaludon|Stamina|boost\n|-boost|p1b: Archaludon|def|1\n|\n|-weather|SunnyDay|[upkeep]\n|-heal|p1b: Archaludon|87/100 par|[from] item: Leftovers\n|-sideend|p2: Moncholo55|move: Tailwind\n|upkeep\n|turn|5\n|\n|t:|1776346406\n|switch|p1b: Pelipper|Pelipper, L50, M, shiny|71/100\n|-weather|RainDance|[from] ability: Drizzle|[of] p1b: Pelipper\n|move|p2a: Whimsicott|Sunny Day|p2a: Whimsicott\n|-weather|SunnyDay\n|move|p1a: Basculegion|Wave Crash|p2b: Charizard\n|-damage|p2b: Charizard|56/100\n|-damage|p1a: Basculegion|91/100|[from] Recoil\n|move|p2b: Charizard|Thunder Punch|p1a: Basculegion\n|-supereffective|p1a: Basculegion|1\n|-damage|p1a: Basculegion|0 fnt\n|faint|p1a: Basculegion\n|\n|-weather|SunnyDay|[upkeep]\n|upkeep\n|\n|t:|1776346421\n|switch|p1a: Sneasler|Sneasler, L50, M|100/100\n|turn|6\n|inactive|Battle timer is ON: inactive players will automatically lose when time's up. (requested by 1Neku)\n|inactive|Moncholo55 has 60 seconds left.\n|\n|t:|1776346496\n|switch|p2a: Kommo-o|Kommo-o, L50, M|100/100\n|move|p2b: Charizard|Protect|p2b: Charizard\n|-singleturn|p2b: Charizard|Protect\n|move|p1a: Sneasler|Fake Out|p2b: Charizard\n|-activate|p2b: Charizard|move: Protect\n|move|p1b: Pelipper|Weather Ball|p2a: Kommo-o\n|-resisted|p2a: Kommo-o|1\n|-damage|p2a: Kommo-o|77/100\n|\n|-weather|SunnyDay|[upkeep]\n|-heal|p2a: Kommo-o|83/100|[from] item: Leftovers\n|upkeep\n|turn|7\n|inactive|1Neku has 30 seconds left.\n|inactive|Moncholo55 has 30 seconds left.\n|\n|t:|1776346523\n|switch|p1b: Archaludon|Archaludon, L50, M|87/100 par\n|move|p1a: Sneasler|Close Combat|p2b: Charizard\n|-crit|p2b: Charizard\n|-damage|p2b: Charizard|0 fnt\n|-unboost|p1a: Sneasler|def|1\n|-unboost|p1a: Sneasler|spd|1\n|faint|p2b: Charizard\n|-enditem|p1a: Sneasler|White Herb\n|-clearnegativeboost|p1a: Sneasler|[silent]\n|move|p2a: Kommo-o|Clangorous Soul|p2a: Kommo-o\n|-boost|p2a: Kommo-o|atk|1\n|-boost|p2a: Kommo-o|def|1\n|-boost|p2a: Kommo-o|spa|1\n|-boost|p2a: Kommo-o|spd|1\n|-boost|p2a: Kommo-o|spe|1\n|-damage|p2a: Kommo-o|50/100\n|\n|-weather|SunnyDay|[upkeep]\n|-heal|p2a: Kommo-o|57/100|[from] item: Leftovers\n|-heal|p1b: Archaludon|93/100 par|[from] item: Leftovers\n|upkeep\n|inactive|Moncholo55 has 30 seconds left.\n|inactive|Moncholo55 has 20 seconds left.\n|\n|t:|1776346558\n|switch|p2b: Whimsicott|Whimsicott, L50, F|100/100\n|turn|8\n|\n|t:|1776346579\n|cant|p1b: Archaludon|par\n|move|p2b: Whimsicott|Tailwind|p2b: Whimsicott\n|-sidestart|p2: Moncholo55|move: Tailwind\n|move|p2a: Kommo-o|Aura Sphere|p1b: Archaludon\n|-supereffective|p1b: Archaludon|1\n|-damage|p1b: Archaludon|0 fnt\n|faint|p1b: Archaludon\n|move|p1a: Sneasler|Dire Claw|p2b: Whimsicott\n|-supereffective|p2b: Whimsicott|2\n|-enditem|p2b: Whimsicott|Focus Sash\n|-damage|p2b: Whimsicott|1/100\n|-status|p2b: Whimsicott|slp\n|\n|-weather|SunnyDay|[upkeep]\n|-heal|p2a: Kommo-o|63/100|[from] item: Leftovers\n|upkeep\n|\n|t:|1776346596\n|switch|p1b: Pelipper|Pelipper, L50, M, shiny|71/100\n|-weather|RainDance|[from] ability: Drizzle|[of] p1b: Pelipper\n|turn|9\n|\n|t:|1776346611\n|move|p2a: Kommo-o|Protect|p2a: Kommo-o\n|-singleturn|p2a: Kommo-o|Protect\n|cant|p2b: Whimsicott|slp\n|move|p1a: Sneasler|Dire Claw|p2b: Whimsicott\n|-supereffective|p2b: Whimsicott|2\n|-damage|p2b: Whimsicott|0 fnt\n|faint|p2b: Whimsicott\n|move|p1b: Pelipper|Weather Ball|p2a: Kommo-o\n|-activate|p2a: Kommo-o|move: Protect\n|\n|-weather|RainDance|[upkeep]\n|-heal|p2a: Kommo-o|69/100|[from] item: Leftovers\n|upkeep\n|\n|t:|1776346625\n|switch|p2b: Gyarados|Gyarados, L50, F|100/100\n|-ability|p2b: Gyarados|Intimidate|boost\n|-unboost|p1a: Sneasler|atk|1\n|-unboost|p1b: Pelipper|atk|1\n|turn|10\n|\n|t:|1776346636\n|move|p1a: Sneasler|Protect|p1a: Sneasler\n|-singleturn|p1a: Sneasler|Protect\n|move|p1b: Pelipper|Protect|p1b: Pelipper\n|-singleturn|p1b: Pelipper|Protect\n|move|p2a: Kommo-o|Clanging Scales|p1a: Sneasler|[spread] \n|-activate|p1a: Sneasler|move: Protect\n|-activate|p1b: Pelipper|move: Protect\n|move|p2b: Gyarados|Waterfall|p1a: Sneasler\n|-activate|p1a: Sneasler|move: Protect\n|\n|-weather|RainDance|[upkeep]\n|-heal|p2a: Kommo-o|75/100|[from] item: Leftovers\n|upkeep\n|turn|11\n|inactive|1Neku has 30 seconds left.\n|\n|t:|1776346666\n|move|p2a: Kommo-o|Clanging Scales|p1b: Pelipper|[spread] p1a,p1b\n|-damage|p1a: Sneasler|36/100\n|-damage|p1b: Pelipper|0 fnt\n|faint|p1b: Pelipper\n|-unboost|p2a: Kommo-o|def|1\n|move|p1a: Sneasler|Dire Claw|p2a: Kommo-o\n|-damage|p2a: Kommo-o|53/100\n|move|p2b: Gyarados|Waterfall|p1a: Sneasler\n|-damage|p1a: Sneasler|0 fnt\n|faint|p1a: Sneasler\n|\n|win|Moncholo55\n|raw|1Neku's rating: 1093 &rarr; <strong>1070</strong><br />(-23 for losing)\n|raw|Moncholo55's rating: 1102 &rarr; <strong>1126</strong><br />(+24 for winning)\n",
  "uploadtime": 1776346680,
  "views": 25,
  "formatid": "gen9championsvgc2026regma",
  "rating": 1070,
  "private": 0,
  "password": null
}