{
  "id": "gen9championsvgc2026regma-2587777803",
  "format": "[Gen 9 Champions] VGC 2026 Reg M-A",
  "players": [
    "coberdt",
    "shiver419"
  ],
  "log": "|j|\u2606coberdt\n|j|\u2606shiver419\n|t:|1776563007\n|gametype|doubles\n|player|p1|coberdt|lebanne|1333\n|player|p2|shiver419|266|1266\n|gen|9\n|tier|[Gen 9 Champions] VGC 2026 Reg M-A\n|rated|\n|rule|Species Clause: Limit one of each Pok\u00e9mon\n|rule|Item Clause: Limit 1 of each item\n|clearpoke\n|poke|p1|Archaludon, L50, M|\n|poke|p1|Pelipper, L50, F|\n|poke|p1|Basculegion, L50, M|\n|poke|p1|Incineroar, L50, F|\n|poke|p1|Sneasler, L50, M|\n|poke|p1|Gengar, L50, M|\n|poke|p2|Abomasnow, L50, M|\n|poke|p2|Farigiraf, L50, F|\n|poke|p2|Machamp, L50, M|\n|poke|p2|Slowking, L50, F|\n|poke|p2|Incineroar, L50, M|\n|poke|p2|Drampa, L50, F|\n|teampreview|4\ncoberdt has agreed to open team sheets.\n|inactive|Battle timer is ON: inactive players will automatically lose when time's up. (requested by coberdt)\n|inactive|shiver419 has 60 seconds left.\n|\n|t:|1776563090\n|teamsize|p1|4\n|teamsize|p2|4\n|start\n|switch|p1a: Gengar|Gengar, L50, M|100/100\n|switch|p1b: Sneasler|Sneasler, L50, M|100/100\n|switch|p2a: Farigiraf|Farigiraf, L50, F|100/100\n|switch|p2b: Abomasnow|Abomasnow, L50, M|100/100\n|-weather|Snowscape|[from] ability: Snow Warning|[of] p2b: Abomasnow\n|turn|1\n|\n|t:|1776563110\n|detailschange|p1a: Gengar|Gengar-Mega, L50, M\n|-mega|p1a: Gengar|Gengar|Gengarite\n|detailschange|p2b: Abomasnow|Abomasnow-Mega, L50, M\n|-mega|p2b: Abomasnow|Abomasnow|Abomasite\n|move|p1a: Gengar|Sludge Bomb|p2a: Farigiraf\n|-damage|p2a: Farigiraf|56/100\n|move|p1b: Sneasler|Dire Claw|p2a: Farigiraf\n|-damage|p2a: Farigiraf|17/100\n|-enditem|p2a: Farigiraf|Sitrus Berry|[eat]\n|-heal|p2a: Farigiraf|42/100|[from] item: Sitrus Berry\n|move|p2b: Abomasnow|Blizzard|p1a: Gengar|[spread] p1a,p1b\n|-damage|p1a: Gengar|41/100\n|-damage|p1b: Sneasler|34/100\n|move|p2a: Farigiraf|Trick Room|p2a: Farigiraf\n|-fieldstart|move: Trick Room|[of] p2a: Farigiraf\n|\n|-weather|Snowscape|[upkeep]\n|upkeep\n|turn|2\n|\n|t:|1776563133\n|switch|p1b: Pelipper|Pelipper, L50, F|100/100\n|-weather|RainDance|[from] ability: Drizzle|[of] p1b: Pelipper\n|move|p1a: Gengar|Protect|p1a: Gengar\n|-singleturn|p1a: Gengar|Protect\n|move|p2b: Abomasnow|Earth Power|p1a: Gengar\n|-activate|p1a: Gengar|move: Protect\n|move|p2a: Farigiraf|Twin Beam|p1b: Pelipper\n|-damage|p1b: Pelipper|72/100\n|-damage|p1b: Pelipper|45/100\n|-hitcount|p1b: Pelipper|2\n|\n|-weather|RainDance|[upkeep]\n|upkeep\n|turn|3\n|\n|t:|1776563156\n|switch|p1a: Archaludon|Archaludon, L50, M|100/100\n|move|p2b: Abomasnow|Earth Power|p1a: Archaludon\n|-supereffective|p1a: Archaludon|1\n|-damage|p1a: Archaludon|28/100\n|-ability|p1a: Archaludon|Stamina|boost\n|-boost|p1a: Archaludon|def|1\n|move|p2a: Farigiraf|Twin Beam|p1b: Pelipper\n|-damage|p1b: Pelipper|18/100\n|-damage|p1b: Pelipper|0 fnt\n|faint|p1b: Pelipper\n|-hitcount|p1: Pelipper|2\n|\n|-weather|RainDance|[upkeep]\n|-heal|p1a: Archaludon|35/100|[from] item: Leftovers\n|upkeep\n|\n|t:|1776563167\n|switch|p1b: Gengar|Gengar-Mega, L50, M|41/100\n|turn|4\n|\n|t:|1776563189\n|move|p1a: Archaludon|Protect|p1a: Archaludon\n|-singleturn|p1a: Archaludon|Protect\n|move|p1b: Gengar|Protect|p1b: Gengar\n|-singleturn|p1b: Gengar|Protect\n|move|p2b: Abomasnow|Earth Power|p1a: Archaludon\n|-activate|p1a: Archaludon|move: Protect\n|move|p2a: Farigiraf|Twin Beam|p1b: Gengar\n|-activate|p1b: Gengar|move: Protect\n|\n|-weather|RainDance|[upkeep]\n|-heal|p1a: Archaludon|41/100|[from] item: Leftovers\n|upkeep\n|turn|5\n|\n|t:|1776563208\n|switch|p1b: Sneasler|Sneasler, L50, M|34/100\n|move|p2b: Abomasnow|Earth Power|p1a: Archaludon\n|-supereffective|p1a: Archaludon|1\n|-damage|p1a: Archaludon|0 fnt\n|faint|p1a: Archaludon\n|move|p2a: Farigiraf|Twin Beam|p1b: Sneasler\n|-supereffective|p1b: Sneasler|2\n|-damage|p1b: Sneasler|0 fnt\n|faint|p1b: Sneasler\n|-hitcount|p1: Sneasler|1\n|\n|-weather|RainDance|[upkeep]\n|-fieldend|move: Trick Room\n|upkeep\n|\n|t:|1776563214\n|switch|p1b: Gengar|Gengar-Mega, L50, M|41/100\n|turn|6\n|inactive|shiver419 has 30 seconds left.\n|inactive|shiver419 has 20 seconds left.\n|inactive|shiver419 has 15 seconds left.\n|\n|t:|1776563256\n|move|p1b: Gengar|Sludge Bomb|p2b: Abomasnow\n|-supereffective|p2b: Abomasnow|1\n|-crit|p2b: Abomasnow\n|-damage|p2b: Abomasnow|0 fnt\n|faint|p2b: Abomasnow\n|move|p2a: Farigiraf|Twin Beam|p1b: Gengar\n|-supereffective|p1b: Gengar|1\n|-damage|p1b: Gengar|0 fnt\n|faint|p1b: Gengar\n|-hitcount|p1: Gengar|1\n|\n|win|shiver419\n|raw|coberdt's rating: 1333 &rarr; <strong>1309</strong><br />(-24 for losing)\n|raw|shiver419's rating: 1266 &rarr; <strong>1296</strong><br />(+30 for winning)\n",
  "uploadtime": 1776563260,
  "views": 47,
  "formatid": "gen9championsvgc2026regma",
  "rating": 1296,
  "private": 0,
  "password": null
}