{
  "id": "gen9championsvgc2026regma-2583883535",
  "format": "[Gen 9 Champions] VGC 2026 Reg M-A",
  "players": [
    "Srgt.Hunter",
    "Dudeman 64"
  ],
  "log": "|j|\u2606Srgt.Hunter\n|j|\u2606Dudeman 64\n|t:|1776205266\n|gametype|doubles\n|player|p1|Srgt.Hunter|hilbert-wonderlauncher|1196\n|player|p2|Dudeman 64|2|1228\n|gen|9\n|tier|[Gen 9 Champions] VGC 2026 Reg M-A\n|rated|\n|rule|Species Clause: Limit one of each Pok\u00e9mon\n|rule|Item Clause: Limit 1 of each item\n|clearpoke\n|poke|p1|Garchomp, L50, M|\n|poke|p1|Incineroar, L50, F|\n|poke|p1|Meganium, L50, M|\n|poke|p1|Gyarados, L50, M|\n|poke|p1|Dragonite, L50, M|\n|poke|p1|Aerodactyl, L50, M|\n|poke|p2|Aggron, L50, M|\n|poke|p2|Pelipper, L50, F|\n|poke|p2|Hydreigon, L50, F|\n|poke|p2|Sinistcha, L50|\n|poke|p2|Glimmora, L50, M|\n|poke|p2|Incineroar, L50, M|\n|teampreview|4\n|inactive|Battle timer is ON: inactive players will automatically lose when time's up. (requested by Dudeman 64)\n|inactive|Srgt.Hunter has 60 seconds left.\n|\n|t:|1776205368\n|teamsize|p1|4\n|teamsize|p2|4\n|start\n|switch|p1a: Aerodactyl|Aerodactyl, L50, M|100/100\n|switch|p1b: Meganium|Meganium, L50, M|100/100\n|switch|p2a: Aggron|Aggron, L50, M|100/100\n|switch|p2b: Glimmora|Glimmora, L50, M|100/100\n|-ability|p1a: Aerodactyl|Unnerve\n|turn|1\n|inactive|Dudeman 64 has 30 seconds left.\n|\n|t:|1776205395\n|detailschange|p1b: Meganium|Meganium-Mega, L50, M\n|-mega|p1b: Meganium|Meganium|Meganiumite\n|detailschange|p2a: Aggron|Aggron-Mega, L50, M\n|-mega|p2a: Aggron|Aggron|Aggronite\n|move|p1a: Aerodactyl|Tailwind|p1a: Aerodactyl\n|-sidestart|p1: Srgt.Hunter|move: Tailwind\n|move|p1b: Meganium|Weather Ball|p2a: Aggron\n|-supereffective|p2a: Aggron|1\n|-damage|p2a: Aggron|23/100\n|move|p2b: Glimmora|Sludge Wave|p1b: Meganium|[spread] p1a,p1b\n|-immune|p2a: Aggron\n|-resisted|p1a: Aerodactyl|1\n|-supereffective|p1b: Meganium|2\n|-damage|p1a: Aerodactyl|73/100\n|-damage|p1b: Meganium|0 fnt\n|faint|p1b: Meganium\n|move|p2a: Aggron|Iron Defense|p2a: Aggron\n|-boost|p2a: Aggron|def|2\n|\n|upkeep\n|\n|t:|1776205419\n|switch|p1b: Garchomp|Garchomp, L50, M|100/100\n|turn|2\n|\n|t:|1776205426\n|switch|p2b: Sinistcha|Sinistcha, L50|100/100\n|-heal|p2a: Aggron|47/100|[from] ability: Hospitality|[of] p2b: Sinistcha\n|move|p2a: Aggron|Protect|p2a: Aggron\n|-singleturn|p2a: Aggron|Protect\n|move|p1a: Aerodactyl|Rock Slide|p2a: Aggron|[spread] p2b\n|-activate|p2a: Aggron|move: Protect\n|-damage|p2b: Sinistcha|83/100\n|move|p1b: Garchomp|Earthquake|p2a: Aggron|[spread] p2b\n|-activate|p2a: Aggron|move: Protect\n|-immune|p1a: Aerodactyl\n|-resisted|p2b: Sinistcha|1\n|-damage|p2b: Sinistcha|70/100\n|\n|upkeep\n|turn|3\n|inactive|Dudeman 64 has 30 seconds left.\n|\n|t:|1776205454\n|move|p1a: Aerodactyl|Dual Wingbeat|p2b: Sinistcha\n|-supereffective|p2b: Sinistcha|1\n|-damage|p2b: Sinistcha|43/100\n|-supereffective|p2b: Sinistcha|1\n|-damage|p2b: Sinistcha|15/100\n|-hitcount|p2b: Sinistcha|2\n|move|p1b: Garchomp|Earthquake|p2a: Aggron|[spread] p2a,p2b\n|-immune|p1a: Aerodactyl\n|-supereffective|p2a: Aggron|1\n|-resisted|p2b: Sinistcha|1\n|-damage|p2a: Aggron|31/100\n|-damage|p2b: Sinistcha|2/100\n|move|p2a: Aggron|Heavy Slam|p1a: Aerodactyl\n|-supereffective|p1a: Aerodactyl|1\n|-damage|p1a: Aerodactyl|0 fnt\n|faint|p1a: Aerodactyl\n|move|p2b: Sinistcha|Trick Room|p2b: Sinistcha\n|-fieldstart|move: Trick Room|[of] p2b: Sinistcha\n|\n|upkeep\n|\n|t:|1776205470\n|switch|p1a: Gyarados|Gyarados, L50, M|100/100\n|-ability|p1a: Gyarados|Intimidate|boost\n|-unboost|p2a: Aggron|atk|1\n|-unboost|p2b: Sinistcha|atk|1\n|turn|4\n|\n|t:|1776205480\n|move|p2a: Aggron|Iron Defense|p2a: Aggron\n|-boost|p2a: Aggron|def|2\n|move|p2b: Sinistcha|Life Dew|p2b: Sinistcha|[spread] p2a,p2b\n|-heal|p2a: Aggron|56/100\n|-heal|p2b: Sinistcha|27/100\n|move|p1a: Gyarados|Thunder Wave|p2a: Aggron\n|-status|p2a: Aggron|par\n|move|p1b: Garchomp|Earthquake|p2a: Aggron|[spread] p2a,p2b\n|-immune|p1a: Gyarados\n|-supereffective|p2a: Aggron|1\n|-resisted|p2b: Sinistcha|1\n|-damage|p2a: Aggron|46/100 par\n|-damage|p2b: Sinistcha|12/100\n|\n|-sideend|p1: Srgt.Hunter|move: Tailwind\n|upkeep\n|turn|5\n|\n|t:|1776205503\n|move|p2a: Aggron|Protect|p2a: Aggron\n|-singleturn|p2a: Aggron|Protect\n|move|p2b: Sinistcha|Life Dew|p2b: Sinistcha|[spread] p2a,p2b\n|-heal|p2a: Aggron|71/100 par\n|-heal|p2b: Sinistcha|37/100\n|move|p1a: Gyarados|Waterfall|p2b: Sinistcha\n|-resisted|p2b: Sinistcha|1\n|-damage|p2b: Sinistcha|25/100\n|move|p1b: Garchomp|Earthquake|p2b: Sinistcha|[spread] p2b\n|-activate|p2a: Aggron|move: Protect\n|-immune|p1a: Gyarados\n|-resisted|p2b: Sinistcha|1\n|-damage|p2b: Sinistcha|10/100\n|\n|upkeep\n|turn|6\n|\n|t:|1776205522\n|move|p2a: Aggron|Iron Defense|p2a: Aggron\n|-boost|p2a: Aggron|def|2\n|move|p2b: Sinistcha|Matcha Gotcha|p1b: Garchomp|[spread] p1a,p1b\n|-damage|p1a: Gyarados|81/100\n|-heal|p2b: Sinistcha|22/100|[from] drain|[of] p1a: Gyarados\n|-damage|p1b: Garchomp|71/100\n|-heal|p2b: Sinistcha|37/100|[from] drain|[of] p1b: Garchomp\n|move|p1a: Gyarados|Thunder Wave|p2b: Sinistcha\n|-status|p2b: Sinistcha|par\n|move|p1b: Garchomp|Earthquake|p2a: Aggron|[spread] p2a,p2b\n|-immune|p1a: Gyarados\n|-supereffective|p2a: Aggron|1\n|-resisted|p2b: Sinistcha|1\n|-damage|p2a: Aggron|64/100 par\n|-damage|p2b: Sinistcha|21/100 par\n|\n|-heal|p1a: Gyarados|87/100|[from] item: Leftovers\n|upkeep\n|turn|7\n|inactive|Srgt.Hunter has 30 seconds left.\n|\n|t:|1776205549\n|move|p2a: Aggron|Body Press|p1b: Garchomp\n|-damage|p1b: Garchomp|0 fnt\n|-damage|p2a: Aggron|52/100 par|[from] ability: Rough Skin|[of] p1b: Garchomp\n|faint|p1b: Garchomp\n|move|p2b: Sinistcha|Life Dew|p2b: Sinistcha|[spread] p2a,p2b\n|-heal|p2a: Aggron|77/100 par\n|-heal|p2b: Sinistcha|46/100 par\n|move|p1a: Gyarados|Waterfall|p2b: Sinistcha\n|-resisted|p2b: Sinistcha|1\n|-damage|p2b: Sinistcha|33/100 par\n|\n|-heal|p1a: Gyarados|93/100|[from] item: Leftovers\n|-fieldend|move: Trick Room\n|upkeep\n|turn|8\n|\n|t:|1776205564\n|move|p1a: Gyarados|Earthquake|p2b: Sinistcha|[spread] p2a,p2b\n|-supereffective|p2a: Aggron|1\n|-resisted|p2b: Sinistcha|1\n|-damage|p2a: Aggron|73/100 par\n|-damage|p2b: Sinistcha|26/100 par\n|move|p2b: Sinistcha|Life Dew|p2b: Sinistcha|[spread] p2a,p2b\n|-heal|p2a: Aggron|98/100 par\n|-heal|p2b: Sinistcha|51/100 par\n|cant|p2a: Aggron|par\n|\n|-heal|p1a: Gyarados|99/100|[from] item: Leftovers\n|upkeep\n|turn|9\n|\n|t:|1776205577\n|move|p1a: Gyarados|Earthquake|p2b: Sinistcha|[spread] p2a,p2b\n|-supereffective|p2a: Aggron|1\n|-resisted|p2b: Sinistcha|1\n|-damage|p2a: Aggron|94/100 par\n|-damage|p2b: Sinistcha|43/100 par\n|move|p2b: Sinistcha|Life Dew|p2b: Sinistcha|[spread] p2a,p2b\n|-heal|p2a: Aggron|100/100 par\n|-heal|p2b: Sinistcha|68/100 par\n|move|p2a: Aggron|Body Press|p1a: Gyarados\n|-resisted|p1a: Gyarados|1\n|-damage|p1a: Gyarados|26/100\n|\n|-heal|p1a: Gyarados|32/100|[from] item: Leftovers\n|upkeep\n|turn|10\n|\n|t:|1776205590\n|move|p1a: Gyarados|Earthquake|p2b: Sinistcha|[spread] p2a,p2b\n|-supereffective|p2a: Aggron|1\n|-resisted|p2b: Sinistcha|1\n|-damage|p2a: Aggron|96/100 par\n|-damage|p2b: Sinistcha|60/100 par\n|move|p2b: Sinistcha|Matcha Gotcha|p1a: Gyarados\n|-damage|p1a: Gyarados|6/100\n|-heal|p2b: Sinistcha|74/100 par|[from] drain|[of] p1a: Gyarados\n|cant|p2a: Aggron|par\n|\n|-heal|p1a: Gyarados|12/100|[from] item: Leftovers\n|upkeep\n|turn|11\n|\n|t:|1776205603\n|move|p1a: Gyarados|Earthquake|p2b: Sinistcha|[spread] p2a,p2b\n|-supereffective|p2a: Aggron|1\n|-resisted|p2b: Sinistcha|1\n|-damage|p2a: Aggron|92/100 par\n|-damage|p2b: Sinistcha|66/100 par\n|move|p2b: Sinistcha|Matcha Gotcha|p1a: Gyarados\n|-damage|p1a: Gyarados|0 fnt\n|-heal|p2b: Sinistcha|73/100 par|[from] drain|[of] p1a: Gyarados\n|faint|p1a: Gyarados\n|\n|win|Dudeman 64\n|raw|Srgt.Hunter's rating: 1196 &rarr; <strong>1173</strong><br />(-23 for losing)\n|raw|Dudeman 64's rating: 1228 &rarr; <strong>1251</strong><br />(+23 for winning)\n",
  "uploadtime": 1776205611,
  "views": 22,
  "formatid": "gen9championsvgc2026regma",
  "rating": 1173,
  "private": 0,
  "password": null
}