{
  "id": "gen9championsvgc2026regma-2586950293",
  "format": "[Gen 9 Champions] VGC 2026 Reg M-A",
  "players": [
    "raikudosenien",
    "stonewallceo"
  ],
  "log": "|j|\u2606raikudosenien\n|j|\u2606stonewallceo\n|t:|1776474831\n|gametype|doubles\n|player|p1|raikudosenien|2|1021\n|player|p2|stonewallceo|biker-gen4|1030\n|gen|9\n|tier|[Gen 9 Champions] VGC 2026 Reg M-A\n|rated|\n|rule|Species Clause: Limit one of each Pok\u00e9mon\n|rule|Item Clause: Limit 1 of each item\n|clearpoke\n|poke|p1|Gengar, L50, M|\n|poke|p1|Abomasnow, L50, F|\n|poke|p1|Cofagrigus, L50, F|\n|poke|p1|Toxapex, L50, M|\n|poke|p1|Kingambit, L50, F|\n|poke|p1|Hydrapple, L50, M|\n|poke|p2|Quaquaval, L50, M|\n|poke|p2|Pelipper, L50, M|\n|poke|p2|Scizor, L50, M|\n|poke|p2|Manectric, L50, M|\n|poke|p2|Meowscarada, L50, F|\n|poke|p2|Clefable, L50, F|\n|teampreview|4\n|inactive|Battle timer is ON: inactive players will automatically lose when time's up. (requested by raikudosenien)\n|inactive|stonewallceo has 60 seconds left.\n|inactive|stonewallceo has 30 seconds left.\n|inactive|stonewallceo has 20 seconds left.\n|inactive|stonewallceo has 15 seconds left.\n|inactive|stonewallceo has 10 seconds left.\n|inactive|stonewallceo has 5 seconds left.\n|\n|t:|1776474972\n|teamsize|p1|4\n|teamsize|p2|4\n|start\n|switch|p1a: Cofagrigus|Cofagrigus, L50, F, shiny|100/100\n|switch|p1b: Toxapex|Toxapex, L50, M|100/100\n|switch|p2a: Quaquaval|Quaquaval, L50, M|100/100\n|switch|p2b: Pelipper|Pelipper, L50, M|100/100\n|-weather|RainDance|[from] ability: Drizzle|[of] p2b: Pelipper\n|turn|1\n|inactive|stonewallceo has 30 seconds left.\n|inactive|stonewallceo has 20 seconds left.\n|inactive|stonewallceo has 15 seconds left.\n|inactive|stonewallceo has 10 seconds left.\n|inactive|stonewallceo has 5 seconds left.\n|\n|t:|1776475027\n|move|p1b: Toxapex|Baneful Bunker|p1b: Toxapex\n|-singleturn|p1b: Toxapex|move: Protect\n|move|p2a: Quaquaval|Aqua Jet|p1b: Toxapex\n|-activate|p1b: Toxapex|move: Protect\n|-status|p2a: Quaquaval|psn\n|move|p2b: Pelipper|Weather Ball|p1a: Cofagrigus\n|-damage|p1a: Cofagrigus|42/100\n|move|p1a: Cofagrigus|Trick Room|p1a: Cofagrigus\n|-fieldstart|move: Trick Room|[of] p1a: Cofagrigus\n|\n|-weather|RainDance|[upkeep]\n|-damage|p2a: Quaquaval|88/100 psn|[from] psn\n|upkeep\n|turn|2\n|inactive|raikudosenien has 30 seconds left.\n|inactive|stonewallceo has 30 seconds left.\n|inactive|stonewallceo has 20 seconds left.\n|inactive|stonewallceo has 15 seconds left.\n|inactive|stonewallceo has 10 seconds left.\n|inactive|stonewallceo has 5 seconds left.\n|\n|t:|1776475083\n|switch|p1a: Abomasnow|Abomasnow, L50, F|100/100\n|-weather|Snowscape|[from] ability: Snow Warning|[of] p1a: Abomasnow\n|move|p2a: Quaquaval|Aqua Jet|p1b: Toxapex\n|-resisted|p1b: Toxapex|1\n|-damage|p1b: Toxapex|94/100\n|move|p1b: Toxapex|Toxic|p2b: Pelipper\n|-status|p2b: Pelipper|tox\n|move|p2b: Pelipper|Weather Ball|p1b: Toxapex\n|-resisted|p1b: Toxapex|1\n|-damage|p1b: Toxapex|83/100\n|\n|-weather|Snowscape|[upkeep]\n|-heal|p1b: Toxapex|89/100|[from] item: Leftovers\n|-damage|p2b: Pelipper|95/100 tox|[from] psn\n|-damage|p2a: Quaquaval|76/100 psn|[from] psn\n|upkeep\n|turn|3\n|inactive|raikudosenien has 30 seconds left.\n|inactive|stonewallceo has 30 seconds left.\n|inactive|raikudosenien has 20 seconds left.\n|inactive|stonewallceo has 20 seconds left.\n|inactive|raikudosenien has 15 seconds left.\n|inactive|stonewallceo has 15 seconds left.\n|inactive|stonewallceo has 10 seconds left.\n|inactive|stonewallceo has 5 seconds left.\n|\n|t:|1776475138\n|move|p2a: Quaquaval|Aqua Jet|p1a: Abomasnow\n|-resisted|p1a: Abomasnow|1\n|-damage|p1a: Abomasnow|93/100\n|move|p1b: Toxapex|Infestation|p2b: Pelipper\n|-resisted|p2b: Pelipper|1\n|-damage|p2b: Pelipper|93/100 tox\n|-activate|p2b: Pelipper|move: Infestation|[of] p1b: Toxapex\n|move|p1a: Abomasnow|Aurora Veil|p1a: Abomasnow\n|-sidestart|p1: raikudosenien|move: Aurora Veil\n|move|p2b: Pelipper|Weather Ball|p1a: Abomasnow\n|-damage|p1a: Abomasnow|77/100\n|\n|-weather|Snowscape|[upkeep]\n|-heal|p1b: Toxapex|95/100|[from] item: Leftovers\n|-damage|p2b: Pelipper|81/100 tox|[from] psn\n|-damage|p2a: Quaquaval|63/100 psn|[from] psn\n|-damage|p2b: Pelipper|69/100 tox|[from] move: Infestation|[partiallytrapped]\n|upkeep\n|turn|4\n|inactive|raikudosenien has 30 seconds left.\n|inactive|stonewallceo has 30 seconds left.\n|inactive|stonewallceo has 20 seconds left.\n|inactive|stonewallceo has 15 seconds left.\n|inactive|stonewallceo has 10 seconds left.\n|inactive|stonewallceo has 5 seconds left.\n|\n|t:|1776475193\n|move|p2a: Quaquaval|Aqua Jet|p1a: Abomasnow\n|-resisted|p1a: Abomasnow|1\n|-damage|p1a: Abomasnow|72/100\n|move|p1b: Toxapex|Infestation|p2a: Quaquaval\n|-resisted|p2a: Quaquaval|1\n|-damage|p2a: Quaquaval|61/100 psn\n|-activate|p2a: Quaquaval|move: Infestation|[of] p1b: Toxapex\n|move|p1a: Abomasnow|Blizzard|p2a: Quaquaval|[spread] p2a,p2b\n|-resisted|p2a: Quaquaval|1\n|-crit|p2a: Quaquaval\n|-damage|p2a: Quaquaval|21/100 psn\n|-damage|p2b: Pelipper|17/100 tox\n|move|p2b: Pelipper|Weather Ball|p1a: Abomasnow\n|-damage|p1a: Abomasnow|57/100\n|\n|-weather|Snowscape|[upkeep]\n|-heal|p1b: Toxapex|100/100|[from] item: Leftovers\n|-damage|p2b: Pelipper|0 fnt|[from] psn\n|faint|p2b: Pelipper\n|-damage|p2a: Quaquaval|9/100 psn|[from] psn\n|-damage|p2a: Quaquaval|0 fnt|[from] move: Infestation|[partiallytrapped]\n|faint|p2a: Quaquaval\n|upkeep\n|inactive|stonewallceo has 30 seconds left.\n|inactive|stonewallceo has 20 seconds left.\n|inactive|stonewallceo has 15 seconds left.\n|inactive|stonewallceo has 10 seconds left.\n|inactive|stonewallceo has 5 seconds left.\n|\n|t:|1776475248\n|switch|p2b: Manectric|Manectric, L50, M|100/100\n|switch|p2a: Scizor|Scizor, L50, M|100/100\n|turn|5\n|inactive|stonewallceo has 30 seconds left.\n|inactive|stonewallceo has 20 seconds left.\n|inactive|stonewallceo has 15 seconds left.\n|inactive|stonewallceo has 10 seconds left.\n|inactive|stonewallceo has 5 seconds left.\n|\n|t:|1776475303\n|switch|p1a: Cofagrigus|Cofagrigus, L50, F, shiny|42/100\n|move|p1b: Toxapex|Toxic|p2b: Manectric\n|-status|p2b: Manectric|tox\n|move|p2a: Scizor|Bug Bite|p1a: Cofagrigus\n|-resisted|p1a: Cofagrigus|1\n|-damage|p1a: Cofagrigus|31/100\n|-activate|p1a: Cofagrigus|ability: Mummy|p2a: Scizor|[ability] Technician\n|move|p2b: Manectric|Thunder|p1b: Toxapex\n|-supereffective|p1b: Toxapex|1\n|-damage|p1b: Toxapex|44/100\n|-status|p1b: Toxapex|par\n|\n|-weather|Snowscape|[upkeep]\n|-heal|p1b: Toxapex|50/100 par|[from] item: Leftovers\n|-damage|p2b: Manectric|94/100 tox|[from] psn\n|-fieldend|move: Trick Room\n|upkeep\n|turn|6\n|inactive|raikudosenien has 30 seconds left.\n|inactive|stonewallceo has 30 seconds left.\n|inactive|raikudosenien has 20 seconds left.\n|inactive|stonewallceo has 20 seconds left.\n|inactive|stonewallceo has 15 seconds left.\n|inactive|stonewallceo has 10 seconds left.\n|inactive|stonewallceo has 5 seconds left.\n|\n|t:|1776475358\n|move|p1b: Toxapex|Baneful Bunker|p1b: Toxapex\n|-singleturn|p1b: Toxapex|move: Protect\n|move|p2b: Manectric|Thunder|p1a: Cofagrigus\n|-damage|p1a: Cofagrigus|0 fnt\n|faint|p1a: Cofagrigus\n|move|p2a: Scizor|Bug Bite|p1b: Toxapex\n|-activate|p1b: Toxapex|move: Protect\n|\n|-weather|none\n|-heal|p1b: Toxapex|55/100 par|[from] item: Leftovers\n|-damage|p2b: Manectric|82/100 tox|[from] psn\n|upkeep\n|\n|t:|1776475372\n|switch|p1a: Gengar|Gengar, L50, M|100/100\n|turn|7\n|inactive|stonewallceo has 30 seconds left.\n|inactive|stonewallceo has 20 seconds left.\n|inactive|stonewallceo has 15 seconds left.\n|inactive|stonewallceo has 10 seconds left.\n|inactive|stonewallceo has 5 seconds left.\n|-message|stonewallceo lost due to inactivity.\n|\n|win|raikudosenien\n|raw|raikudosenien's rating: 1021 &rarr; <strong>1059</strong><br />(+38 for winning)\n|raw|stonewallceo's rating: 1030 &rarr; <strong>1015</strong><br />(-15 for losing)\n",
  "uploadtime": 1776475414,
  "views": 18,
  "formatid": "gen9championsvgc2026regma",
  "rating": 1015,
  "private": 0,
  "password": null
}