{
  "id": "gen9championsvgc2026regma-2583652216",
  "format": "[Gen 9 Champions] VGC 2026 Reg M-A",
  "players": [
    "CoolTrainerBu",
    "kemp1412"
  ],
  "log": "|j|\u2606CoolTrainerBu\n|j|\u2606kemp1412\n|t:|1776188886\n|gametype|doubles\n|player|p1|CoolTrainerBu|2|1248\n|player|p2|kemp1412|1|1260\n|gen|9\n|tier|[Gen 9 Champions] VGC 2026 Reg M-A\n|rated|\n|rule|Species Clause: Limit one of each Pok\u00e9mon\n|rule|Item Clause: Limit 1 of each item\n|clearpoke\n|poke|p1|Charizard, L50, F|\n|poke|p1|Whimsicott, L50, M|\n|poke|p1|Garchomp, L50, M|\n|poke|p1|Sneasler, L50, M|\n|poke|p1|Maushold, L50|\n|poke|p1|Incineroar, L50, M|\n|poke|p2|Kingambit, L50, F|\n|poke|p2|Sylveon, L50, F|\n|poke|p2|Incineroar, L50, F|\n|poke|p2|Sneasler, L50, M|\n|poke|p2|Starmie, L50|\n|poke|p2|Sinistcha, L50|\n|teampreview|4\n|\n|t:|1776188961\n|teamsize|p1|4\n|teamsize|p2|4\n|start\n|switch|p1a: Maushold|Maushold, L50|100/100\n|switch|p1b: Charizard|Charizard, L50, F|100/100\n|switch|p2a: Sneasler|Sneasler, L50, M|100/100\n|switch|p2b: Starmie|Starmie, L50|100/100\n|turn|1\n|\n|t:|1776188979\n|detailschange|p2b: Starmie|Starmie-Mega, L50\n|-mega|p2b: Starmie|Starmie|Starminite\n|move|p1b: Charizard|Protect|p1b: Charizard\n|-singleturn|p1b: Charizard|Protect\n|move|p1a: Maushold|Follow Me|p1a: Maushold\n|-singleturn|p1a: Maushold|move: Follow Me\n|move|p2a: Sneasler|Rock Slide|p1a: Maushold|[spread] p1a\n|-activate|p1b: Charizard|move: Protect\n|-damage|p1a: Maushold|76/100\n|move|p2b: Starmie|Liquidation|p1a: Maushold\n|-crit|p1a: Maushold\n|-damage|p1a: Maushold|0 fnt\n|faint|p1a: Maushold\n|\n|upkeep\n|\n|t:|1776188995\n|switch|p1a: Incineroar|Incineroar, L50, M|100/100\n|-ability|p1a: Incineroar|Intimidate|boost\n|-unboost|p2a: Sneasler|atk|1\n|-unboost|p2b: Starmie|atk|1\n|turn|2\n|\n|t:|1776189041\n|switch|p2a: Sinistcha|Sinistcha, L50|100/100\n|detailschange|p1b: Charizard|Charizard-Mega-Y, L50, F\n|-mega|p1b: Charizard|Charizard|Charizardite Y\n|-weather|SunnyDay|[from] ability: Drought|[of] p1b: Charizard\n|move|p1a: Incineroar|Fake Out|p2b: Starmie\n|-damage|p2b: Starmie|87/100\n|cant|p2b: Starmie|flinch\n|move|p1b: Charizard|Weather Ball|p2a: Sinistcha\n|-supereffective|p2a: Sinistcha|1\n|-damage|p2a: Sinistcha|0 fnt\n|faint|p2a: Sinistcha\n|\n|-weather|SunnyDay|[upkeep]\n|upkeep\n|\n|t:|1776189051\n|switch|p2a: Sneasler|Sneasler, L50, M|100/100\n|turn|3\n|\n|t:|1776189064\n|move|p1b: Charizard|Protect|p1b: Charizard\n|-singleturn|p1b: Charizard|Protect\n|move|p2a: Sneasler|Rock Slide|p1a: Incineroar|[spread] p1a\n|-activate|p1b: Charizard|move: Protect\n|-supereffective|p1a: Incineroar|1\n|-damage|p1a: Incineroar|67/100\n|move|p2b: Starmie|Liquidation|p1a: Incineroar\n|-supereffective|p1a: Incineroar|1\n|-damage|p1a: Incineroar|18/100\n|move|p1a: Incineroar|Parting Shot|p2a: Sneasler\n|-unboost|p2a: Sneasler|atk|1\n|-unboost|p2a: Sneasler|spa|1\n|\n|t:|1776189077\n|switch|p1a: Whimsicott|Whimsicott, L50, M|100/100|[from] Parting Shot\n|\n|-weather|SunnyDay|[upkeep]\n|upkeep\n|turn|4\n|\n|t:|1776189106\n|move|p1a: Whimsicott|Tailwind|p1a: Whimsicott\n|-sidestart|p1: CoolTrainerBu|move: Tailwind\n|move|p1b: Charizard|Solar Beam||[still]\n|-prepare|p1b: Charizard|Solar Beam\n|-anim|p1b: Charizard|Solar Beam|p2b: Starmie\n|-supereffective|p2b: Starmie|1\n|-damage|p2b: Starmie|0 fnt\n|faint|p2b: Starmie\n|move|p2a: Sneasler|Rock Slide|p1b: Charizard|[spread] p1a,p1b\n|-supereffective|p1b: Charizard|2\n|-damage|p1a: Whimsicott|80/100\n|-damage|p1b: Charizard|40/100\n|\n|-weather|SunnyDay|[upkeep]\n|upkeep\n|\n|t:|1776189121\n|switch|p2b: Sylveon|Sylveon, L50, F|100/100\n|turn|5\n|\n|t:|1776189131\n|move|p1a: Whimsicott|Moonblast|p2a: Sneasler\n|-damage|p2a: Sneasler|48/100\n|move|p1b: Charizard|Heat Wave|p2a: Sneasler|[spread] p2a,p2b\n|-damage|p2a: Sneasler|0 fnt\n|-damage|p2b: Sylveon|49/100\n|faint|p2a: Sneasler\n|move|p2b: Sylveon|Hyper Voice|p1b: Charizard|[spread] p1a,p1b\n|-resisted|p1b: Charizard|1\n|-damage|p1a: Whimsicott|12/100\n|-damage|p1b: Charizard|21/100\n|\n|-weather|SunnyDay|[upkeep]\n|upkeep\n|turn|6\n|-message|kemp1412 forfeited.\n|\n|win|CoolTrainerBu\n|raw|CoolTrainerBu's rating: 1248 &rarr; <strong>1274</strong><br />(+26 for winning)\n|raw|kemp1412's rating: 1260 &rarr; <strong>1234</strong><br />(-26 for losing)\n|l|\u2606kemp1412\n|player|p2|\n",
  "uploadtime": 1776189150,
  "views": 21,
  "formatid": "gen9championsvgc2026regma",
  "rating": 1234,
  "private": 0,
  "password": null
}