{
  "id": "gen9championsvgc2026regma-2583573344",
  "format": "[Gen 9 Champions] VGC 2026 Reg M-A",
  "players": [
    "kurama802",
    "blissfulmisery"
  ],
  "log": "|j|\u2606kurama802\n|j|\u2606blissfulmisery\n|t:|1776184146\n|gametype|doubles\n|player|p1|kurama802|jasmine-masters|1317\n|player|p2|blissfulmisery|265|1318\n|gen|9\n|tier|[Gen 9 Champions] VGC 2026 Reg M-A\n|rated|\n|rule|Species Clause: Limit one of each Pok\u00e9mon\n|rule|Item Clause: Limit 1 of each item\n|clearpoke\n|poke|p1|Sneasler, L50, M|\n|poke|p1|Ampharos, L50, M|\n|poke|p1|Sinistcha, L50|\n|poke|p1|Skarmory, L50, M|\n|poke|p1|Incineroar, L50, M|\n|poke|p1|Glimmora, L50, M|\n|poke|p2|Froslass, L50, F|\n|poke|p2|Rotom-Frost, L50|\n|poke|p2|Empoleon, L50, M|\n|poke|p2|Kingambit, L50, M|\n|poke|p2|Garchomp, L50, M|\n|poke|p2|Incineroar, L50, F|\n|teampreview|4\n|inactive|Battle timer is ON: inactive players will automatically lose when time's up. (requested by blissfulmisery)\n|\n|t:|1776184165\n|teamsize|p1|4\n|teamsize|p2|4\n|start\n|switch|p1a: Skarmory|Skarmory, L50, M|100/100\n|switch|p1b: The Sneasler|Sneasler, L50, M|100/100\n|switch|p2a: Froslass|Froslass, L50, F|100/100\n|switch|p2b: Rotom|Rotom-Frost, L50|100/100\n|turn|1\n|\n|t:|1776184183\n|detailschange|p2a: Froslass|Froslass-Mega, L50, F\n|-mega|p2a: Froslass|Froslass|Froslassite\n|-weather|Snowscape|[from] ability: Snow Warning|[of] p2a: Froslass\n|detailschange|p1a: Skarmory|Skarmory-Mega, L50, M\n|-mega|p1a: Skarmory|Skarmory|Skarmorite\n|move|p1b: The Sneasler|Fake Out|p2b: Rotom\n|-damage|p2b: Rotom|86/100\n|cant|p2b: Rotom|flinch\n|move|p2a: Froslass|Aurora Veil|p2a: Froslass\n|-sidestart|p2: blissfulmisery|move: Aurora Veil\n|move|p1a: Skarmory|Iron Head|p2a: Froslass\n|-supereffective|p2a: Froslass|1\n|-damage|p2a: Froslass|40/100\n|\n|-weather|Snowscape|[upkeep]\n|upkeep\n|turn|2\n|inactive|kurama802 has 30 seconds left.\n|\n|t:|1776184214\n|move|p1a: Skarmory|Protect|p1a: Skarmory\n|-singleturn|p1a: Skarmory|Protect\n|move|p2b: Rotom|Volt Switch|p1a: Skarmory\n|-activate|p1a: Skarmory|move: Protect\n|move|p2a: Froslass|Blizzard|p1a: Skarmory|[spread] p1b\n|-activate|p1a: Skarmory|move: Protect\n|-damage|p1b: The Sneasler|46/100\n|move|p1b: The Sneasler|Close Combat|p2b: Rotom\n|-supereffective|p2b: Rotom|1\n|-damage|p2b: Rotom|11/100\n|-unboost|p1b: The Sneasler|def|1\n|-unboost|p1b: The Sneasler|spd|1\n|\n|-weather|Snowscape|[upkeep]\n|upkeep\n|turn|3\n|inactive|kurama802 has 30 seconds left.\n|inactive|kurama802 has 20 seconds left.\n|inactive|kurama802 has 15 seconds left.\n|\n|t:|1776184255\n|switch|p2b: Incineroar|Incineroar, L50, F|100/100\n|-ability|p2b: Incineroar|Intimidate|boost\n|-unboost|p1a: Skarmory|atk|1\n|-unboost|p1b: The Sneasler|atk|1\n|switch|p1a: Glimmora|Glimmora, L50, M|100/100\n|move|p2a: Froslass|Protect|p2a: Froslass\n|-singleturn|p2a: Froslass|Protect\n|move|p1b: The Sneasler|Protect||[still]\n|-fail|p1b: The Sneasler\n|\n|-weather|Snowscape|[upkeep]\n|upkeep\n|turn|4\n|inactive|kurama802 has 30 seconds left.\n|\n|t:|1776184286\n|switch|p1b: Wolfey|Incineroar, L50, M|100/100\n|-ability|p1b: Wolfey|Intimidate|boost\n|-unboost|p2a: Froslass|atk|1\n|-unboost|p2b: Incineroar|atk|1\n|move|p2b: Incineroar|Fake Out|p1a: Glimmora\n|-resisted|p1a: Glimmora|1\n|-damage|p1a: Glimmora|95/100\n|-activate|p1a: Glimmora|ability: Toxic Debris\n|-sidestart|p2: blissfulmisery|move: Toxic Spikes\n|cant|p1a: Glimmora|flinch\n|move|p2a: Froslass|Blizzard|p1a: Glimmora|[spread] p1a,p1b\n|-resisted|p1b: Wolfey|1\n|-damage|p1a: Glimmora|33/100\n|-damage|p1b: Wolfey|82/100\n|\n|-weather|Snowscape|[upkeep]\n|upkeep\n|turn|5\n|inactive|kurama802 has 30 seconds left.\n|\n|t:|1776184312\n|move|p1b: Wolfey|Fake Out|p2b: Incineroar\n|-damage|p2b: Incineroar|92/100\n|move|p1a: Glimmora|Power Gem|p2a: Froslass\n|-supereffective|p2a: Froslass|1\n|-crit|p2a: Froslass\n|-damage|p2a: Froslass|0 fnt\n|faint|p2a: Froslass\n|cant|p2b: Incineroar|flinch\n|\n|-weather|none\n|-sideend|p2: blissfulmisery|move: Aurora Veil\n|upkeep\n|\n|t:|1776184319\n|switch|p2a: Rotom|Rotom-Frost, L50|11/100\n|turn|6\n|\n|t:|1776184330\n|move|p1a: Glimmora|Power Gem|p2a: Rotom\n|-supereffective|p2a: Rotom|1\n|-damage|p2a: Rotom|0 fnt\n|faint|p2a: Rotom\n|move|p2b: Incineroar|Parting Shot|p1b: Wolfey\n|-unboost|p1b: Wolfey|atk|1\n|-unboost|p1b: Wolfey|spa|1\n|\n|t:|1776184336\n|switch|p2b: Empoleon|Empoleon, L50, M|100/100|[from] Parting Shot\n|move|p1b: Wolfey|Parting Shot|p2b: Empoleon\n|-unboost|p2b: Empoleon|atk|1\n|-ability|p2b: Empoleon|Competitive|boost\n|-boost|p2b: Empoleon|spa|2\n|-unboost|p2b: Empoleon|spa|1\n|-ability|p2b: Empoleon|Competitive|boost\n|-boost|p2b: Empoleon|spa|2\n|\n|t:|1776184348\n|switch|p1b: The Sneasler|Sneasler, L50, M|46/100|[from] Parting Shot\n|\n|upkeep\n|\n|t:|1776184351\n|switch|p2a: Incineroar|Incineroar, L50, F|92/100\n|-status|p2a: Incineroar|psn\n|-ability|p2a: Incineroar|Intimidate|boost\n|-unboost|p1a: Glimmora|atk|1\n|-unboost|p1b: The Sneasler|atk|1\n|turn|7\n|\n|t:|1776184367\n|switch|p1a: Wolfey|Incineroar, L50, M|82/100\n|-ability|p1a: Wolfey|Intimidate|boost\n|-unboost|p2a: Incineroar|atk|1\n|-unboost|p2b: Empoleon|atk|1\n|-ability|p2b: Empoleon|Competitive|boost\n|-boost|p2b: Empoleon|spa|2\n|move|p2b: Empoleon|Protect|p2b: Empoleon\n|-singleturn|p2b: Empoleon|Protect\n|move|p1b: The Sneasler|Fake Out|p2b: Empoleon\n|-activate|p2b: Empoleon|move: Protect\n|move|p2a: Incineroar|Fake Out|p1a: Wolfey\n|-damage|p1a: Wolfey|74/100\n|\n|-damage|p2a: Incineroar|79/100 psn|[from] psn\n|upkeep\n|turn|8\n|\n|t:|1776184390\n|move|p2b: Empoleon|Protect||[still]\n|-fail|p2b: Empoleon\n|move|p1a: Wolfey|Fake Out|p2b: Empoleon\n|-resisted|p2b: Empoleon|1\n|-damage|p2b: Empoleon|94/100\n|move|p1b: The Sneasler|Close Combat|p2b: Empoleon\n|-supereffective|p2b: Empoleon|1\n|-damage|p2b: Empoleon|6/100\n|-unboost|p1b: The Sneasler|def|1\n|-unboost|p1b: The Sneasler|spd|1\n|move|p2a: Incineroar|Flare Blitz|p1b: The Sneasler\n|-crit|p1b: The Sneasler\n|-damage|p1b: The Sneasler|0 fnt\n|faint|p1b: The Sneasler\n|-damage|p2a: Incineroar|67/100 psn|[from] Recoil\n|\n|-heal|p2b: Empoleon|11/100|[from] item: Leftovers\n|-damage|p2a: Incineroar|54/100 psn|[from] psn\n|upkeep\n|\n|t:|1776184410\n|switch|p1b: Glimmora|Glimmora, L50, M|33/100\n|turn|9\n|\n|t:|1776184421\n|move|p1b: Glimmora|Earth Power|p2b: Empoleon\n|-supereffective|p2b: Empoleon|1\n|-damage|p2b: Empoleon|0 fnt\n|faint|p2b: Empoleon\n|move|p2a: Incineroar|Darkest Lariat|p1b: Glimmora\n|-damage|p1b: Glimmora|0 fnt\n|-activate|p1b: Glimmora|ability: Toxic Debris\n|-sidestart|p2: blissfulmisery|move: Toxic Spikes\n|faint|p1b: Glimmora\n|move|p1a: Wolfey|Parting Shot|p2a: Incineroar\n|-unboost|p2a: Incineroar|atk|1\n|-unboost|p2a: Incineroar|spa|1\n|\n|t:|1776184432\n|switch|p1a: Skarmory|Skarmory-Mega, L50, M|100/100|[from] Parting Shot\n|\n|-damage|p2a: Incineroar|42/100 psn|[from] psn\n|upkeep\n|-enditem|p2a: Incineroar|Sitrus Berry|[eat]\n|-heal|p2a: Incineroar|67/100 psn|[from] item: Sitrus Berry\n|-message|blissfulmisery forfeited.\n|\n|win|kurama802\n|raw|kurama802's rating: 1317 &rarr; <strong>1337</strong><br />(+20 for winning)\n|raw|blissfulmisery's rating: 1318 &rarr; <strong>1298</strong><br />(-20 for losing)\n|l|\u2606blissfulmisery\n|player|p2|\n|c|\u2606kurama802|gg\n",
  "uploadtime": 1776184478,
  "views": 36,
  "formatid": "gen9championsvgc2026regma",
  "rating": 1298,
  "private": 0,
  "password": null
}