{
  "id": "gen9championsvgc2026regma-2581861958",
  "format": "[Gen 9 Champions] VGC 2026 Reg M-A",
  "players": [
    "ub student",
    "MysticRy"
  ],
  "log": "|j|\u2606ub student\n|j|\u2606MysticRy\n|t:|1776034597\n|gametype|doubles\n|player|p1|ub student|265|1393\n|player|p2|MysticRy|ghetsis|1410\n|gen|9\n|tier|[Gen 9 Champions] VGC 2026 Reg M-A\n|rated|\n|rule|Species Clause: Limit one of each Pok\u00e9mon\n|rule|Item Clause: Limit 1 of each item\n|clearpoke\n|poke|p1|Crabominable, L50, F|\n|poke|p1|Incineroar, L50, F|\n|poke|p1|Farigiraf, L50, F|\n|poke|p1|Torkoal, L50, M|\n|poke|p1|Venusaur, L50, M|\n|poke|p1|Drampa, L50, F|\n|poke|p2|Froslass, L50, F|\n|poke|p2|Kingambit, L50, F|\n|poke|p2|Primarina, L50, M|\n|poke|p2|Sneasler, L50, M|\n|poke|p2|Arcanine-Hisui, L50, M|\n|poke|p2|Pelipper, L50, M|\n|teampreview|4\n|inactive|Battle timer is ON: inactive players will automatically lose when time's up. (requested by ub student)\n|inactive|ub student has 60 seconds left.\n|\n|t:|1776034639\n|teamsize|p1|4\n|teamsize|p2|4\n|start\n|switch|p1a: Farigiraf|Farigiraf, L50, F|100/100\n|switch|p1b: Venusaur|Venusaur, L50, M|100/100\n|switch|p2a: Sneasler|Sneasler, L50, M|100/100\n|switch|p2b: Primarina|Primarina, L50, M|100/100\n|turn|1\n|inactive|MysticRy has 30 seconds left.\n|\n|t:|1776034673\n|move|p2a: Sneasler|Close Combat|p1a: Farigiraf\n|-damage|p1a: Farigiraf|51/100\n|-unboost|p2a: Sneasler|def|1\n|-unboost|p2a: Sneasler|spd|1\n|-enditem|p2a: Sneasler|White Herb\n|-clearnegativeboost|p2a: Sneasler|[silent]\n|move|p1b: Venusaur|Giga Drain|p2b: Primarina\n|-supereffective|p2b: Primarina|1\n|-damage|p2b: Primarina|35/100\n|move|p2b: Primarina|Calm Mind|p2b: Primarina\n|-boost|p2b: Primarina|spa|1\n|-boost|p2b: Primarina|spd|1\n|move|p1a: Farigiraf|Trick Room|p1a: Farigiraf\n|-fieldstart|move: Trick Room|[of] p1a: Farigiraf\n|\n|upkeep\n|turn|2\n|inactive|MysticRy has 30 seconds left.\n|inactive|MysticRy has 20 seconds left.\n|inactive|MysticRy has 15 seconds left.\n|\n|t:|1776034717\n|switch|p2a: Pelipper|Pelipper, L50, M|100/100\n|-weather|RainDance|[from] ability: Drizzle|[of] p2a: Pelipper\n|move|p1a: Farigiraf|Psychic|p2a: Pelipper\n|-damage|p2a: Pelipper|57/100\n|move|p2b: Primarina|Hyper Voice|p1b: Venusaur|[spread] p1a,p1b\n|-resisted|p1b: Venusaur|1\n|-damage|p1a: Farigiraf|0 fnt\n|-damage|p1b: Venusaur|46/100\n|faint|p1a: Farigiraf\n|move|p1b: Venusaur|Giga Drain|p2b: Primarina\n|-supereffective|p2b: Primarina|1\n|-damage|p2b: Primarina|0 fnt\n|-heal|p1b: Venusaur|63/100|[from] drain|[of] p2b: Primarina\n|faint|p2b: Primarina\n|\n|-weather|RainDance|[upkeep]\n|upkeep\n|\n|t:|1776034736\n|switch|p1a: Drampa|Drampa, L50, F|100/100\n|switch|p2b: Sneasler|Sneasler, L50, M|100/100\n|-ability|p1a: Drampa|Cloud Nine\n|turn|3\n|inactive|ub student has 30 seconds left.\n|inactive|MysticRy has 30 seconds left.\n|inactive|ub student has 20 seconds left.\n|inactive|MysticRy has 20 seconds left.\n|inactive|ub student has 15 seconds left.\n|inactive|MysticRy has 15 seconds left.\n|\n|t:|1776034778\n|move|p1a: Drampa|Thunderbolt|p2a: Pelipper\n|-supereffective|p2a: Pelipper|2\n|-damage|p2a: Pelipper|0 fnt\n|faint|p2a: Pelipper\n|move|p1b: Venusaur|Earth Power|p2b: Sneasler\n|-supereffective|p2b: Sneasler|1\n|-damage|p2b: Sneasler|14/100\n|move|p2b: Sneasler|Close Combat|p1a: Drampa\n|-supereffective|p1a: Drampa|1\n|-damage|p1a: Drampa|0 fnt\n|-unboost|p2b: Sneasler|def|1\n|-unboost|p2b: Sneasler|spd|1\n|faint|p1a: Drampa\n|\n|-weather|RainDance|[upkeep]\n|upkeep\n|\n|t:|1776034793\n|switch|p1a: Crabominable|Crabominable, L50, F|100/100\n|switch|p2a: Froslass|Froslass, L50, F|100/100\n|turn|4\n|inactive|ub student has 30 seconds left.\n|\n|t:|1776034822\n|detailschange|p1b: Venusaur|Venusaur-Mega, L50, M\n|-mega|p1b: Venusaur|Venusaur|Venusaurite\n|detailschange|p2a: Froslass|Froslass-Mega, L50, F\n|-mega|p2a: Froslass|Froslass|Froslassite\n|-weather|Snowscape|[from] ability: Snow Warning|[of] p2a: Froslass\n|move|p2b: Sneasler|Protect|p2b: Sneasler\n|-singleturn|p2b: Sneasler|Protect\n|move|p1a: Crabominable|Mach Punch|p2b: Sneasler\n|-activate|p2b: Sneasler|move: Protect\n|move|p1b: Venusaur|Weather Ball|p2a: Froslass\n|-resisted|p2a: Froslass|1\n|-damage|p2a: Froslass|77/100\n|move|p2a: Froslass|Aurora Veil|p2a: Froslass\n|-sidestart|p2: MysticRy|move: Aurora Veil\n|\n|-weather|Snowscape|[upkeep]\n|upkeep\n|turn|5\n|inactive|MysticRy has 30 seconds left.\n|inactive|ub student has 30 seconds left.\n|inactive|MysticRy has 20 seconds left.\n|j| randomlybrian\n|inactive|MysticRy has 15 seconds left.\n|\n|t:|1776034865\n|move|p1a: Crabominable|Drain Punch|p2b: Sneasler\n|-resisted|p2b: Sneasler|1\n|-damage|p2b: Sneasler|0 fnt\n|faint|p2b: Sneasler\n|move|p1b: Venusaur|Sleep Powder|p2a: Froslass\n|-status|p2a: Froslass|slp|[from] move: Sleep Powder\n|cant|p2a: Froslass|slp\n|\n|-weather|Snowscape|[upkeep]\n|-fieldend|move: Trick Room\n|upkeep\n|turn|6\n|\n|t:|1776034880\n|cant|p2a: Froslass|slp\n|move|p1b: Venusaur|Giga Drain|p2a: Froslass\n|-damage|p2a: Froslass|44/100 slp\n|-heal|p1b: Venusaur|77/100|[from] drain|[of] p2a: Froslass\n|move|p1a: Crabominable|Ice Hammer|p2a: Froslass\n|-resisted|p2a: Froslass|1\n|-damage|p2a: Froslass|23/100 slp\n|-unboost|p1a: Crabominable|spe|1\n|\n|-weather|Snowscape|[upkeep]\n|upkeep\n|turn|7\n|\n|t:|1776034891\n|-curestatus|p2a: Froslass|slp|[msg]\n|move|p2a: Froslass|Blizzard|p1a: Crabominable|[spread] p1a,p1b\n|-resisted|p1a: Crabominable|1\n|-supereffective|p1b: Venusaur|1\n|-damage|p1a: Crabominable|76/100\n|-damage|p1b: Venusaur|35/100\n|move|p1b: Venusaur|Giga Drain|p2a: Froslass\n|-damage|p2a: Froslass|0 fnt\n|-heal|p1b: Venusaur|45/100|[from] drain|[of] p2a: Froslass\n|faint|p2a: Froslass\n|\n|win|ub student\n|raw|ub student's rating: 1393 &rarr; <strong>1414</strong><br />(+21 for winning)\n|raw|MysticRy's rating: 1410 &rarr; <strong>1389</strong><br />(-21 for losing)\n|l|\u2606ub student\n|player|p1|\n|l|\u2606MysticRy\n|player|p2|\n|l| randomlybrian\n",
  "uploadtime": 1776034944,
  "views": 44,
  "formatid": "gen9championsvgc2026regma",
  "rating": 1389,
  "private": 0,
  "password": null
}