{
  "id": "gen9championsvgc2026regma-2588103617",
  "format": "[Gen 9 Champions] VGC 2026 Reg M-A",
  "players": [
    "qubofan",
    "Bazmac636"
  ],
  "log": "|j|\u2606qubofan\n|j|\u2606Bazmac636\n|t:|1776604647\n|gametype|doubles\n|player|p1|qubofan|1|1043\n|player|p2|Bazmac636|1|1129\n|gen|9\n|tier|[Gen 9 Champions] VGC 2026 Reg M-A\n|rated|\n|rule|Species Clause: Limit one of each Pok\u00e9mon\n|rule|Item Clause: Limit 1 of each item\n|clearpoke\n|poke|p1|Drampa, L50, M|\n|poke|p1|Skarmory, L50, F|\n|poke|p1|Aerodactyl, L50, F|\n|poke|p1|Incineroar, L50, F|\n|poke|p1|Rotom-Wash, L50|\n|poke|p1|Tyranitar, L50, M|\n|poke|p2|Sylveon, L50, M|\n|poke|p2|Gengar, L50, F|\n|poke|p2|Lopunny, L50, M|\n|poke|p2|Froslass, L50, F|\n|poke|p2|Rotom-Frost, L50|\n|poke|p2|Whimsicott, L50, M|\n|teampreview|4\n|\n|t:|1776604655\n|teamsize|p1|4\n|teamsize|p2|4\n|start\n|switch|p1a: Tyranitar|Tyranitar, L50, M|100/100\n|switch|p1b: Skarmory|Skarmory, L50, F|100/100\n|switch|p2a: Lopunny|Lopunny, L50, M|100/100\n|switch|p2b: Gengar|Gengar, L50, F|100/100\n|-weather|Sandstorm|[from] ability: Sand Stream|[of] p1a: Tyranitar\n|turn|1\n|inactive|Battle timer is ON: inactive players will automatically lose when time's up. (requested by Bazmac636)\n|\n|t:|1776604671\n|detailschange|p2b: Gengar|Gengar-Mega, L50, F\n|-mega|p2b: Gengar|Gengar|Gengarite\n|detailschange|p1a: Tyranitar|Tyranitar-Mega, L50, M\n|-mega|p1a: Tyranitar|Tyranitar|Tyranitarite\n|move|p2a: Lopunny|Fake Out|p1b: Skarmory\n|-resisted|p1b: Skarmory|1\n|-damage|p1b: Skarmory|95/100\n|move|p2b: Gengar|Perish Song|p2b: Gengar\n|-start|p1a: Tyranitar|perish3|[silent]\n|-start|p1b: Skarmory|perish3|[silent]\n|-start|p2a: Lopunny|perish3|[silent]\n|-start|p2b: Gengar|perish3|[silent]\n|-fieldactivate|move: Perish Song\n|cant|p1b: Skarmory|flinch\n|move|p1a: Tyranitar|Power Gem|p2a: Lopunny\n|-damage|p2a: Lopunny|71/100\n|\n|-weather|Sandstorm|[upkeep]\n|-damage|p2b: Gengar|95/100|[from] Sandstorm\n|-damage|p2a: Lopunny|65/100|[from] Sandstorm\n|-heal|p2a: Lopunny|71/100|[from] item: Leftovers\n|-start|p2b: Gengar|perish3\n|-start|p2a: Lopunny|perish3\n|-start|p1b: Skarmory|perish3\n|-start|p1a: Tyranitar|perish3\n|upkeep\n|turn|2\n|\n|t:|1776604694\n|move|p2b: Gengar|Protect|p2b: Gengar\n|-singleturn|p2b: Gengar|Protect\n|move|p2a: Lopunny|Protect|p2a: Lopunny\n|-singleturn|p2a: Lopunny|Protect\n|move|p1b: Skarmory|Drill Run|p2b: Gengar\n|-activate|p2b: Gengar|move: Protect\n|move|p1a: Tyranitar|Crunch|p2b: Gengar\n|-activate|p2b: Gengar|move: Protect\n|\n|-weather|Sandstorm|[upkeep]\n|-damage|p2b: Gengar|89/100|[from] Sandstorm\n|-damage|p2a: Lopunny|65/100|[from] Sandstorm\n|-heal|p2a: Lopunny|71/100|[from] item: Leftovers\n|-start|p2b: Gengar|perish2\n|-start|p2a: Lopunny|perish2\n|-start|p1b: Skarmory|perish2\n|-start|p1a: Tyranitar|perish2\n|upkeep\n|turn|3\n|\n|t:|1776604716\n|switch|p2b: Sylveon|Sylveon, L50, M|100/100\n|move|p2a: Lopunny|U-turn|p1a: Tyranitar\n|-supereffective|p1a: Tyranitar|1\n|-damage|p1a: Tyranitar|87/100\n|\n|t:|1776604721\n|switch|p2a: Gengar|Gengar-Mega, L50, F|89/100|[from] U-turn\n|move|p1b: Skarmory|Drill Run|p2b: Sylveon\n|-damage|p2b: Sylveon|76/100\n|move|p1a: Tyranitar|Crunch|p2b: Sylveon\n|-resisted|p2b: Sylveon|1\n|-damage|p2b: Sylveon|41/100\n|\n|-weather|Sandstorm|[upkeep]\n|-damage|p2a: Gengar|83/100|[from] Sandstorm\n|-damage|p2b: Sylveon|35/100|[from] Sandstorm\n|-start|p1b: Skarmory|perish1\n|-start|p1a: Tyranitar|perish1\n|upkeep\n|turn|4\n|\n|t:|1776604738\n|move|p2a: Gengar|Protect|p2a: Gengar\n|-singleturn|p2a: Gengar|Protect\n|move|p2b: Sylveon|Protect|p2b: Sylveon\n|-singleturn|p2b: Sylveon|Protect\n|move|p1b: Skarmory|Drill Run|p2a: Gengar\n|-activate|p2a: Gengar|move: Protect\n|move|p1a: Tyranitar|Crunch|p2a: Gengar\n|-activate|p2a: Gengar|move: Protect\n|\n|-weather|Sandstorm|[upkeep]\n|-damage|p2a: Gengar|77/100|[from] Sandstorm\n|-damage|p2b: Sylveon|30/100|[from] Sandstorm\n|-start|p1b: Skarmory|perish0\n|-start|p1a: Tyranitar|perish0\n|faint|p1b: Skarmory\n|faint|p1a: Tyranitar\n|upkeep\n|\n|t:|1776604751\n|switch|p1b: Rotom|Rotom-Wash, L50|100/100\n|switch|p1a: Incineroar|Incineroar, L50, F|100/100\n|-ability|p1a: Incineroar|Intimidate|boost\n|-unboost|p2a: Gengar|atk|1\n|-unboost|p2b: Sylveon|atk|1\n|turn|5\n|\n|t:|1776604763\n|switch|p2b: Rotom|Rotom-Frost, L50|100/100\n|move|p1a: Incineroar|Fake Out|p2b: Rotom\n|-damage|p2b: Rotom|84/100\n|move|p2a: Gengar|Perish Song|p2a: Gengar\n|-start|p1a: Incineroar|perish3|[silent]\n|-start|p1b: Rotom|perish3|[silent]\n|-start|p2a: Gengar|perish3|[silent]\n|-start|p2b: Rotom|perish3|[silent]\n|-fieldactivate|move: Perish Song\n|move|p1b: Rotom|Thunderbolt|p2a: Gengar\n|-damage|p2a: Gengar|20/100\n|\n|-weather|none\n|-start|p2b: Rotom|perish3\n|-start|p2a: Gengar|perish3\n|-start|p1b: Rotom|perish3\n|-start|p1a: Incineroar|perish3\n|upkeep\n|turn|6\n|\n|t:|1776604782\n|move|p2a: Gengar|Protect|p2a: Gengar\n|-singleturn|p2a: Gengar|Protect\n|move|p2b: Rotom|Electroweb|p1a: Incineroar|[spread] p1a,p1b\n|-damage|p1a: Incineroar|79/100\n|-damage|p1b: Rotom|76/100\n|-unboost|p1a: Incineroar|spe|1\n|-unboost|p1b: Rotom|spe|1\n|move|p1b: Rotom|Thunderbolt|p2a: Gengar\n|-activate|p2a: Gengar|move: Protect\n|move|p1a: Incineroar|Temper Flare|p2b: Rotom\n|-supereffective|p2b: Rotom|1\n|-damage|p2b: Rotom|0 fnt\n|faint|p2b: Rotom\n|\n|-heal|p1a: Incineroar|85/100|[from] item: Leftovers\n|-start|p2a: Gengar|perish2\n|-start|p1b: Rotom|perish2\n|-start|p1a: Incineroar|perish2\n|upkeep\n|\n|t:|1776604800\n|switch|p2b: Lopunny|Lopunny, L50, M|71/100\n|turn|7\n|\n|t:|1776604808\n|move|p2b: Lopunny|Fake Out|p1a: Incineroar\n|-damage|p1a: Incineroar|77/100\n|move|p2a: Gengar|Sludge Bomb|p1b: Rotom\n|-damage|p1b: Rotom|8/100\n|move|p1b: Rotom|Thunderbolt|p2b: Lopunny\n|-damage|p2b: Lopunny|23/100\n|cant|p1a: Incineroar|flinch\n|\n|-heal|p2b: Lopunny|28/100|[from] item: Leftovers\n|-heal|p1a: Incineroar|83/100|[from] item: Leftovers\n|-start|p2a: Gengar|perish1\n|-start|p1b: Rotom|perish1\n|-start|p1a: Incineroar|perish1\n|upkeep\n|turn|8\n|\n|t:|1776604830\n|move|p2a: Gengar|Protect|p2a: Gengar\n|-singleturn|p2a: Gengar|Protect\n|move|p2b: Lopunny|Protect|p2b: Lopunny\n|-singleturn|p2b: Lopunny|Protect\n|move|p1b: Rotom|Thunderbolt|p2b: Lopunny\n|-activate|p2b: Lopunny|move: Protect\n|move|p1a: Incineroar|Darkest Lariat|p2a: Gengar\n|-activate|p2a: Gengar|move: Protect\n|\n|-heal|p2b: Lopunny|34/100|[from] item: Leftovers\n|-heal|p1a: Incineroar|89/100|[from] item: Leftovers\n|-start|p2a: Gengar|perish0\n|-start|p1b: Rotom|perish0\n|-start|p1a: Incineroar|perish0\n|faint|p2a: Gengar\n|faint|p1b: Rotom\n|faint|p1a: Incineroar\n|\n|win|Bazmac636\n|raw|qubofan's rating: 1043 &rarr; <strong>1031</strong><br />(-12 for losing)\n|raw|Bazmac636's rating: 1129 &rarr; <strong>1148</strong><br />(+19 for winning)\n|l|\u2606qubofan\n|player|p1|\n",
  "uploadtime": 1776604846,
  "views": 10,
  "formatid": "gen9championsvgc2026regma",
  "rating": 1031,
  "private": 0,
  "password": null
}