{
  "id": "gen9championsvgc2026regma-2587525045",
  "format": "[Gen 9 Champions] VGC 2026 Reg M-A",
  "players": [
    "sirae",
    "St Nothing"
  ],
  "log": "|j|\u2606sirae\n|j|\u2606St Nothing\n|t:|1776539265\n|gametype|doubles\n|player|p1|sirae|caitlin|1110\n|player|p2|St Nothing|marley|1034\n|gen|9\n|tier|[Gen 9 Champions] VGC 2026 Reg M-A\n|rated|\n|rule|Species Clause: Limit one of each Pok\u00e9mon\n|rule|Item Clause: Limit 1 of each item\n|clearpoke\n|poke|p1|Farigiraf, L50, F|\n|poke|p1|Aegislash, L50, F|\n|poke|p1|Incineroar, L50, F|\n|poke|p1|Sylveon, L50, F|\n|poke|p1|Feraligatr, L50, F|\n|poke|p1|Toxicroak, L50, F|\n|poke|p2|Sableye, L50, M, shiny|\n|poke|p2|Araquanid, L50, M, shiny|\n|poke|p2|Banette, L50, M, shiny|\n|poke|p2|Altaria, L50, M|\n|poke|p2|Gourgeist-Super, L50, F, shiny|\n|poke|p2|Empoleon, L50, M|\n|teampreview|4\n|inactive|Battle timer is ON: inactive players will automatically lose when time's up. (requested by sirae)\n|\n|t:|1776539296\n|teamsize|p1|4\n|teamsize|p2|4\n|start\n|switch|p1a: Sylveon|Sylveon, L50, F|100/100\n|switch|p1b: Toxicroak|Toxicroak, L50, F|100/100\n|switch|p2a: Legion|Empoleon, L50, M|100/100\n|switch|p2b: Wisp|Gourgeist-Super, L50, F, shiny|100/100\n|-item|p1a: Sylveon|Choice Scarf|[from] ability: Frisk|[of] p2b: Wisp\n|-item|p1b: Toxicroak|Focus Sash|[from] ability: Frisk|[of] p2b: Wisp\n|turn|1\n|\n|t:|1776539317\n|move|p1b: Toxicroak|Fake Out|p2a: Legion\n|-resisted|p2a: Legion|1\n|-damage|p2a: Legion|96/100\n|move|p1a: Sylveon|Shadow Ball|p2b: Wisp\n|-supereffective|p2b: Wisp|1\n|-damage|p2b: Wisp|61/100\n|cant|p2a: Legion|flinch\n|move|p2b: Wisp|Leech Seed|p1a: Sylveon\n|-start|p1a: Sylveon|move: Leech Seed\n|\n|-damage|p1a: Sylveon|88/100|[from] Leech Seed|[of] p2b: Wisp\n|-heal|p2b: Wisp|72/100|[silent]\n|upkeep\n|turn|2\n|inactive|St Nothing has 30 seconds left.\n|\n|t:|1776539346\n|switch|p1a: Feraligatr|Feraligatr, L50, F|100/100\n|move|p1b: Toxicroak|Coaching|p1a: Feraligatr\n|-boost|p1a: Feraligatr|atk|1\n|-boost|p1a: Feraligatr|def|1\n|move|p2a: Legion|Icy Wind|p1a: Feraligatr|[spread] p1a,p1b\n|-resisted|p1a: Feraligatr|1\n|-damage|p1a: Feraligatr|95/100\n|-damage|p1b: Toxicroak|85/100\n|-unboost|p1a: Feraligatr|spe|1\n|-unboost|p1b: Toxicroak|spe|1\n|move|p2b: Wisp|Skill Swap|p1a: Feraligatr\n|-activate|p2b: Wisp|Skill Swap|Sheer Force|Frisk|[of] p1a: Feraligatr\n|-item|p2a: Legion|Chople Berry|[from] ability: Frisk|[of] p1a: Feraligatr\n|-item|p2b: Wisp|Occa Berry|[from] ability: Frisk|[of] p1a: Feraligatr\n|\n|upkeep\n|turn|3\n|inactive|St Nothing has 30 seconds left.\n|\n|t:|1776539378\n|detailschange|p1a: Feraligatr|Feraligatr-Mega, L50, F\n|-mega|p1a: Feraligatr|Feraligatr|Feraligite\n|move|p2a: Legion|Protect|p2a: Legion\n|-singleturn|p2a: Legion|Protect\n|move|p1a: Feraligatr|Protect|p1a: Feraligatr\n|-singleturn|p1a: Feraligatr|Protect\n|move|p2b: Wisp|Phantom Force||[still]\n|-prepare|p2b: Wisp|Phantom Force\n|move|p1b: Toxicroak|Coaching|p1a: Feraligatr\n|-boost|p1a: Feraligatr|atk|1\n|-boost|p1a: Feraligatr|def|1\n|\n|upkeep\n|turn|4\n|\n|t:|1776539397\n|move|p2a: Legion|Icy Wind|p1b: Toxicroak|[spread] p1a\n|-miss|p2a: Legion|p1b: Toxicroak\n|-damage|p1a: Feraligatr|86/100\n|-unboost|p1a: Feraligatr|spe|1\n|move|p2b: Wisp|Phantom Force|p1a: Feraligatr|[from] lockedmove\n|-damage|p1a: Feraligatr|73/100\n|move|p1b: Toxicroak|Super Fang|p2a: Legion\n|-damage|p2a: Legion|48/100\n|move|p1a: Feraligatr|Body Slam|p2b: Wisp\n|-damage|p2b: Wisp|0 fnt\n|faint|p2b: Wisp\n|\n|upkeep\n|\n|t:|1776539417\n|switch|p2b: Styx|Banette, L50, M, shiny|100/100\n|turn|5\n|inactive|sirae has 30 seconds left.\n|\n|t:|1776539448\n|switch|p1b: Aegislash|Aegislash, L50, F|100/100\n|detailschange|p2b: Styx|Banette-Mega, L50, M, shiny\n|-mega|p2b: Styx|Banette|Banettite\n|move|p2a: Legion|Protect|p2a: Legion\n|-singleturn|p2a: Legion|Protect\n|move|p2b: Styx|Swords Dance|p2b: Styx\n|-boost|p2b: Styx|atk|2\n|move|p1a: Feraligatr|Aqua Jet|p2b: Styx\n|-damage|p2b: Styx|23/100\n|\n|upkeep\n|turn|6\n|inactive|sirae has 30 seconds left.\n|inactive|St Nothing has 30 seconds left.\n|\n|t:|1776539482\n|move|p2b: Styx|Protect|p2b: Styx\n|-singleturn|p2b: Styx|Protect\n|move|p2a: Legion|Surf|p1a: Feraligatr|[spread] p1a,p1b\n|-activate|p2b: Styx|move: Protect\n|-resisted|p1a: Feraligatr|2\n|-damage|p1a: Feraligatr|68/100\n|-damage|p1b: Aegislash|75/100\n|-formechange|p1b: Aegislash|Aegislash-Blade|\n|move|p1b: Aegislash|Shadow Ball|p2a: Legion\n|-damage|p2a: Legion|0 fnt\n|faint|p2a: Legion\n|move|p1a: Feraligatr|Body Slam|p2b: Styx\n|-activate|p2b: Styx|move: Protect\n|\n|upkeep\n|\n|t:|1776539495\n|switch|p2a: King|Araquanid, L50, M, shiny|100/100\n|turn|7\n|\n|t:|1776539505\n|-formechange|p1b: Aegislash|Aegislash|\n|move|p1b: Aegislash|King's Shield|p1b: Aegislash\n|-singleturn|p1b: Aegislash|Protect\n|move|p1a: Feraligatr|Aqua Jet|p2b: Styx\n|-damage|p2b: Styx|0 fnt\n|faint|p2b: Styx\n|move|p2a: King|Liquidation|p1b: Aegislash\n|-activate|p1b: Aegislash|move: Protect\n|-unboost|p2a: King|atk|1\n|\n|upkeep\n|turn|8\n|c|\u2606St Nothing|gg\n|\n|t:|1776539520\n|-formechange|p1b: Aegislash|Aegislash-Blade|\n|move|p1b: Aegislash|Shadow Ball|p2a: King\n|-damage|p2a: King|51/100\n|-unboost|p2a: King|spd|1\n|move|p2a: King|Liquidation|p1b: Aegislash\n|-crit|p1b: Aegislash\n|-damage|p1b: Aegislash|0 fnt\n|faint|p1b: Aegislash\n|move|p1a: Feraligatr|Body Slam|p2a: King\n|-damage|p2a: King|0 fnt\n|faint|p2a: King\n|\n|win|sirae\n|raw|sirae's rating: 1110 &rarr; <strong>1130</strong><br />(+20 for winning)\n|raw|St Nothing's rating: 1034 &rarr; <strong>1022</strong><br />(-12 for losing)\n",
  "uploadtime": 1776539531,
  "views": 18,
  "formatid": "gen9championsvgc2026regma",
  "rating": 1022,
  "private": 0,
  "password": null
}