{
  "id": "gen9championsvgc2026regma-2582134183",
  "format": "[Gen 9 Champions] VGC 2026 Reg M-A",
  "players": [
    "CptQuiggley",
    "loklastaji"
  ],
  "log": "|j|\u2606CptQuiggley\n|j|\u2606loklastaji\n|t:|1776062391\n|gametype|doubles\n|player|p1|CptQuiggley|veteran|1267\n|player|p2|loklastaji|265|1350\n|gen|9\n|tier|[Gen 9 Champions] VGC 2026 Reg M-A\n|rated|\n|rule|Species Clause: Limit one of each Pok\u00e9mon\n|rule|Item Clause: Limit 1 of each item\n|clearpoke\n|poke|p1|Starmie, L50|\n|poke|p1|Sneasler, L50, M|\n|poke|p1|Milotic, L50, F|\n|poke|p1|Zoroark-Hisui, L50, M|\n|poke|p1|Incineroar, L50, F|\n|poke|p1|Scizor, L50, M|\n|poke|p2|Samurott-Hisui, L50, M|\n|poke|p2|Mamoswine, L50, M|\n|poke|p2|Delphox, L50, F|\n|poke|p2|Tsareena, L50, F|\n|poke|p2|Corviknight, L50, M|\n|poke|p2|Altaria, L50, M|\n|teampreview|4\n|\n|t:|1776062425\n|teamsize|p1|4\n|teamsize|p2|4\n|start\n|switch|p1a: Sneasler|Sneasler, L50, M|100/100\n|switch|p1b: Incineroar|Incineroar, L50, F|100/100\n|switch|p2a: Tsareena|Tsareena, L50, F|100/100\n|switch|p2b: Mamoswine|Mamoswine, L50, M|100/100\n|-ability|p1b: Incineroar|Intimidate|boost\n|-unboost|p2a: Tsareena|atk|1\n|-fail|p2b: Mamoswine|unboost|Attack|[from] ability: Oblivious|[of] p2b: Mamoswine\n|turn|1\n|\n|t:|1776062452\n|move|p2a: Tsareena|Protect|p2a: Tsareena\n|-singleturn|p2a: Tsareena|Protect\n|move|p1b: Incineroar|Fake Out||[still]\n|cant|p2a: Tsareena|ability: Queenly Majesty|Fake Out|[of] p1b: Incineroar\n|move|p2b: Mamoswine|Earthquake|p1b: Incineroar|[spread] p1a,p1b\n|-activate|p2a: Tsareena|move: Protect\n|-supereffective|p1b: Incineroar|1\n|-damage|p1a: Sneasler|15/100\n|-damage|p1b: Incineroar|37/100\n|replace|p1a: Zoroark|Zoroark-Hisui, L50, M, shiny\n|-end|p1a: Zoroark|Illusion\n|-enditem|p1b: Incineroar|Sitrus Berry|[eat]\n|-heal|p1b: Incineroar|62/100|[from] item: Sitrus Berry\n|move|p1a: Zoroark|Focus Blast|p2b: Mamoswine\n|-supereffective|p2b: Mamoswine|1\n|-damage|p2b: Mamoswine|0 fnt\n|faint|p2b: Mamoswine\n|\n|upkeep\n|\n|t:|1776062476\n|switch|p2b: Samurott|Samurott-Hisui, L50, M|100/100\n|turn|2\n|\n|t:|1776062489\n|switch|p2a: Delphox|Delphox, L50, F|100/100\n|move|p2b: Samurott|Sucker Punch|p1a: Zoroark\n|-supereffective|p1a: Zoroark|1\n|-damage|p1a: Zoroark|0 fnt\n|faint|p1a: Zoroark\n|move|p1b: Incineroar|Flare Blitz|p2a: Delphox\n|-resisted|p2a: Delphox|1\n|-damage|p2a: Delphox|64/100\n|-damage|p1b: Incineroar|53/100|[from] Recoil\n|\n|upkeep\n|\n|t:|1776062510\n|switch|p1a: Sneasler|Sneasler, L50, M|100/100\n|turn|3\n|\n|t:|1776062532\n|switch|p2b: Tsareena|Tsareena, L50, F|100/100\n|detailschange|p2a: Delphox|Delphox-Mega, L50, F\n|-mega|p2a: Delphox|Delphox|Delphoxite\n|move|p1a: Sneasler|Fake Out||[still]\n|cant|p2b: Tsareena|ability: Queenly Majesty|Fake Out|[of] p1a: Sneasler\n|move|p2a: Delphox|Psychic|p1a: Sneasler\n|-supereffective|p1a: Sneasler|2\n|-crit|p1a: Sneasler\n|-damage|p1a: Sneasler|0 fnt\n|faint|p1a: Sneasler\n|move|p1b: Incineroar|Darkest Lariat|p2a: Delphox\n|-supereffective|p2a: Delphox|1\n|-damage|p2a: Delphox|0 fnt\n|faint|p2a: Delphox\n|\n|upkeep\n|\n|t:|1776062548\n|switch|p2a: Samurott|Samurott-Hisui, L50, M|100/100\n|switch|p1a: Scizor|Scizor, L50, M|100/100\n|turn|4\n|\n|t:|1776062590\n|detailschange|p1a: Scizor|Scizor-Mega, L50, M\n|-mega|p1a: Scizor|Scizor|Scizorite\n|move|p2a: Samurott|Sacred Sword|p1b: Incineroar\n|-supereffective|p1b: Incineroar|1\n|-damage|p1b: Incineroar|0 fnt\n|faint|p1b: Incineroar\n|move|p2b: Tsareena|High Jump Kick|p1a: Scizor\n|-damage|p1a: Scizor|64/100\n|move|p1a: Scizor|Bug Bite|p2a: Samurott\n|-supereffective|p2a: Samurott|1\n|-damage|p2a: Samurott|0 fnt\n|faint|p2a: Samurott\n|\n|upkeep\n|turn|5\n|\n|t:|1776062607\n|move|p2b: Tsareena|High Jump Kick|p1a: Scizor\n|-damage|p1a: Scizor|29/100\n|move|p1a: Scizor|Bug Bite|p2b: Tsareena\n|-supereffective|p2b: Tsareena|1\n|-enditem|p2b: Tsareena|Focus Sash\n|-damage|p2b: Tsareena|1/100\n|\n|upkeep\n|turn|6\n|\n|t:|1776062616\n|move|p1a: Scizor|Bullet Punch||[still]\n|cant|p2b: Tsareena|ability: Queenly Majesty|Bullet Punch|[of] p1a: Scizor\n|move|p2b: Tsareena|High Jump Kick|p1a: Scizor\n|-damage|p1a: Scizor|0 fnt\n|faint|p1a: Scizor\n|\n|win|loklastaji\n|raw|CptQuiggley's rating: 1267 &rarr; <strong>1248</strong><br />(-19 for losing)\n|raw|loklastaji's rating: 1350 &rarr; <strong>1365</strong><br />(+15 for winning)\n",
  "uploadtime": 1776062623,
  "views": 22,
  "formatid": "gen9championsvgc2026regma",
  "rating": 1248,
  "private": 0,
  "password": null
}