{
  "id": "gen9championsvgc2026regma-2588424325",
  "format": "[Gen 9 Champions] VGC 2026 Reg M-A",
  "players": [
    "shangenb",
    "MaxwellhehexD"
  ],
  "log": "|j|\u2606shangenb\n|j|\u2606MaxwellhehexD\n|t:|1776632350\n|gametype|doubles\n|player|p1|shangenb|102|1414\n|player|p2|MaxwellhehexD|gambler|1325\n|gen|9\n|tier|[Gen 9 Champions] VGC 2026 Reg M-A\n|rated|\n|rule|Species Clause: Limit one of each Pok\u00e9mon\n|rule|Item Clause: Limit 1 of each item\n|clearpoke\n|poke|p1|Floette-Eternal, L50, F|\n|poke|p1|Garchomp, L50, M|\n|poke|p1|Sneasler, L50, M|\n|poke|p1|Basculegion-F, L50, F|\n|poke|p1|Aerodactyl, L50, F|\n|poke|p1|Incineroar, L50, F|\n|poke|p2|Blastoise, L50, M|\n|poke|p2|Pelipper, L50, M|\n|poke|p2|Sinistcha, L50|\n|poke|p2|Sneasler, L50, M|\n|poke|p2|Garchomp, L50, F|\n|poke|p2|Kingambit, L50, F|\n|teampreview|4\n|inactive|Battle timer is ON: inactive players will automatically lose when time's up. (requested by MaxwellhehexD)\n|inactive|shangenb also wants the timer to be on.\n|inactive|shangenb has 60 seconds left.\n|\n|t:|1776632382\n|teamsize|p1|4\n|teamsize|p2|4\n|start\n|switch|p1a: Floette|Floette-Eternal, L50, F|100/100\n|switch|p1b: Aerodactyl|Aerodactyl, L50, F|100/100\n|switch|p2a: Blastoise|Blastoise, L50, M|100/100\n|switch|p2b: Pelipper|Pelipper, L50, M|100/100\n|-ability|p1b: Aerodactyl|Unnerve\n|-weather|RainDance|[from] ability: Drizzle|[of] p2b: Pelipper\n|turn|1\n|\n|t:|1776632405\n|switch|p2b: Kingambit|Kingambit, L50, F|100/100\n|detailschange|p1a: Floette|Floette-Mega, L50, F\n|-mega|p1a: Floette|Floette|Floettite\n|-ability|p1a: Floette|Fairy Aura\n|detailschange|p2a: Blastoise|Blastoise-Mega, L50, M\n|-mega|p2a: Blastoise|Blastoise|Blastoisinite\n|move|p1a: Floette|Protect|p1a: Floette\n|-singleturn|p1a: Floette|Protect\n|move|p1b: Aerodactyl|Tailwind|p1b: Aerodactyl\n|-sidestart|p1: shangenb|move: Tailwind\n|move|p2a: Blastoise|Water Spout|p1a: Floette|[spread] p1b\n|-activate|p1a: Floette|move: Protect\n|-supereffective|p1b: Aerodactyl|1\n|-enditem|p1b: Aerodactyl|Focus Sash\n|-damage|p1b: Aerodactyl|1/100\n|\n|-weather|RainDance|[upkeep]\n|upkeep\n|turn|2\n|inactive|shangenb has 30 seconds left.\n|\n|t:|1776632432\n|move|p1b: Aerodactyl|Rock Slide|p2a: Blastoise|[spread] p2a,p2b\n|-resisted|p2b: Kingambit|1\n|-damage|p2a: Blastoise|75/100\n|-damage|p2b: Kingambit|92/100\n|move|p1a: Floette|Light of Ruin|p2b: Kingambit\n|-damage|p2b: Kingambit|0 fnt\n|faint|p2b: Kingambit\n|-damage|p1a: Floette|45/100|[from] Recoil\n|move|p2a: Blastoise|Water Spout|p1a: Floette|[spread] p1a,p1b\n|-supereffective|p1b: Aerodactyl|1\n|-damage|p1a: Floette|0 fnt\n|-damage|p1b: Aerodactyl|0 fnt\n|faint|p1a: Floette\n|faint|p1b: Aerodactyl\n|\n|-weather|RainDance|[upkeep]\n|upkeep\n|\n|t:|1776632449\n|switch|p1b: Basculegion|Basculegion-F, L50, F|100/100\n|switch|p1a: Garchomp|Garchomp, L50, M|100/100\n|switch|p2b: Pelipper|Pelipper, L50, M|100/100\n|turn|3\n|\n|t:|1776632465\n|move|p2a: Blastoise|Protect|p2a: Blastoise\n|-singleturn|p2a: Blastoise|Protect\n|move|p1b: Basculegion|Shadow Ball|p2b: Pelipper\n|-damage|p2b: Pelipper|15/100\n|move|p1a: Garchomp|Rock Slide|p2a: Blastoise|[spread] p2b\n|-activate|p2a: Blastoise|move: Protect\n|-supereffective|p2b: Pelipper|1\n|-damage|p2b: Pelipper|0 fnt\n|faint|p2b: Pelipper\n|\n|-weather|RainDance|[upkeep]\n|upkeep\n|\n|t:|1776632475\n|switch|p2b: Sneasler|Sneasler, L50, M|100/100\n|turn|4\n|\n|t:|1776632486\n|move|p1a: Garchomp|Protect|p1a: Garchomp\n|-singleturn|p1a: Garchomp|Protect\n|move|p2b: Sneasler|Protect|p2b: Sneasler\n|-singleturn|p2b: Sneasler|Protect\n|move|p1b: Basculegion|Shadow Ball|p2a: Blastoise\n|-damage|p2a: Blastoise|28/100\n|move|p2a: Blastoise|Ice Beam|p1a: Garchomp\n|-activate|p1a: Garchomp|move: Protect\n|\n|-weather|RainDance|[upkeep]\n|-sideend|p1: shangenb|move: Tailwind\n|upkeep\n|turn|5\n|\n|t:|1776632503\n|move|p1b: Basculegion|Shadow Ball|p2a: Blastoise\n|-damage|p2a: Blastoise|0 fnt\n|faint|p2a: Blastoise\n|move|p2b: Sneasler|Rock Slide|p1b: Basculegion|[spread] p1a,p1b\n|-resisted|p1a: Garchomp|1\n|-damage|p1a: Garchomp|91/100\n|-damage|p1b: Basculegion|77/100\n|move|p1a: Garchomp|Stomping Tantrum|p2b: Sneasler\n|-supereffective|p2b: Sneasler|1\n|-enditem|p2b: Sneasler|Focus Sash\n|-damage|p2b: Sneasler|1/100\n|\n|-weather|none\n|upkeep\n|turn|6\n|-message|MaxwellhehexD forfeited.\n|\n|win|shangenb\n|raw|shangenb's rating: 1414 &rarr; <strong>1429</strong><br />(+15 for winning)\n|raw|MaxwellhehexD's rating: 1325 &rarr; <strong>1310</strong><br />(-15 for losing)\n|l|\u2606MaxwellhehexD\n|player|p2|\n",
  "uploadtime": 1776632519,
  "views": 13,
  "formatid": "gen9championsvgc2026regma",
  "rating": 1310,
  "private": 0,
  "password": null
}