{
  "id": "gen9championsvgc2026regma-2582355342",
  "format": "[Gen 9 Champions] VGC 2026 Reg M-A",
  "players": [
    "SimMikaze",
    "lohnernest"
  ],
  "log": "|j|\u2606SimMikaze\n|j|\u203dlohnernest\n|t:|1776085945\n|gametype|doubles\n|player|p1|SimMikaze|miku-ghost|1363\n|player|p2|lohnernest|swimmer-gen4|1293\n|gen|9\n|tier|[Gen 9 Champions] VGC 2026 Reg M-A\n|rated|\n|rule|Species Clause: Limit one of each Pok\u00e9mon\n|rule|Item Clause: Limit 1 of each item\n|clearpoke\n|poke|p1|Floette-Eternal, L50, F|\n|poke|p1|Maushold-Four, L50|\n|poke|p1|Garchomp, L50, F|\n|poke|p1|Talonflame, L50, F|\n|poke|p1|Sinistcha, L50|\n|poke|p1|Incineroar, L50, M|\n|poke|p2|Froslass, L50, F|\n|poke|p2|Palafin, L50, M|\n|poke|p2|Kingambit, L50, M|\n|poke|p2|Sneasler, L50, M|\n|poke|p2|Sinistcha, L50|\n|poke|p2|Arcanine-Hisui, L50, M|\n|teampreview|4\n|inactive|Battle timer is ON: inactive players will automatically lose when time's up. (requested by lohnernest)\n|inactive|lohnernest has 60 seconds left.\n|\n|t:|1776085979\n|teamsize|p1|4\n|teamsize|p2|4\n|start\n|switch|p1a: Talonflame|Talonflame, L50, F|100/100\n|switch|p1b: Garchomp|Garchomp, L50, F|100/100\n|switch|p2a: Sneasler|Sneasler, L50, M|100/100\n|switch|p2b: Palafin|Palafin, L50, M|100/100\n|turn|1\n|\n|t:|1776085998\n|move|p1a: Talonflame|Protect|p1a: Talonflame\n|-singleturn|p1a: Talonflame|Protect\n|move|p2a: Sneasler|Protect|p2a: Sneasler\n|-singleturn|p2a: Sneasler|Protect\n|move|p1b: Garchomp|Protect|p1b: Garchomp\n|-singleturn|p1b: Garchomp|Protect\n|move|p2b: Palafin|Jet Punch|p1a: Talonflame\n|-activate|p1a: Talonflame|move: Protect\n|\n|upkeep\n|turn|2\n|inactive|SimMikaze has 30 seconds left.\n|\n|t:|1776086025\n|switch|p2a: Froslass|Froslass, L50, F, shiny|100/100\n|move|p1a: Talonflame|Tailwind|p1a: Talonflame\n|-sidestart|p1: SimMikaze|move: Tailwind\n|move|p2b: Palafin|Jet Punch|p1a: Talonflame\n|-supereffective|p1a: Talonflame|1\n|-damage|p1a: Talonflame|13/100\n|move|p1b: Garchomp|Earthquake|p2b: Palafin|[spread] p2a,p2b\n|-immune|p1a: Talonflame\n|-damage|p2a: Froslass|38/100\n|-damage|p2b: Palafin|60/100\n|\n|upkeep\n|turn|3\n|inactive|SimMikaze has 30 seconds left.\n|inactive|lohnernest has 30 seconds left.\n|inactive|SimMikaze has 20 seconds left.\n|inactive|SimMikaze has 15 seconds left.\n|inactive|SimMikaze has 10 seconds left.\n|\n|t:|1776086072\n|move|p1a: Talonflame|Protect|p1a: Talonflame\n|-singleturn|p1a: Talonflame|Protect\n|move|p2a: Froslass|Protect|p2a: Froslass\n|-singleturn|p2a: Froslass|Protect\n|move|p2b: Palafin|Jet Punch|p1a: Talonflame\n|-activate|p1a: Talonflame|move: Protect\n|move|p1b: Garchomp|Earthquake|p2a: Froslass|[spread] p2b\n|-activate|p1a: Talonflame|move: Protect\n|-activate|p2a: Froslass|move: Protect\n|-damage|p2b: Palafin|18/100\n|\n|upkeep\n|turn|4\n|\n|t:|1776086084\n|switch|p1a: Sinistcha|Sinistcha, L50, shiny|100/100\n|detailschange|p2b: Palafin|Palafin-Hero, L50, M\n|switch|p2b: Sinistcha|Sinistcha, L50|100/100\n|-heal|p2a: Froslass|63/100|[from] ability: Hospitality|[of] p2b: Sinistcha\n|detailschange|p2a: Froslass|Froslass-Mega, L50, F, shiny\n|-mega|p2a: Froslass|Froslass|Froslassite\n|-weather|Snowscape|[from] ability: Snow Warning|[of] p2a: Froslass\n|move|p1b: Garchomp|Earthquake|p2b: Sinistcha|[spread] p1a,p2a,p2b\n|-resisted|p1a: Sinistcha|1\n|-resisted|p2b: Sinistcha|1\n|-damage|p1a: Sinistcha|84/100\n|-damage|p2a: Froslass|24/100\n|-damage|p2b: Sinistcha|84/100\n|move|p2a: Froslass|Aurora Veil|p2a: Froslass\n|-sidestart|p2: lohnernest|move: Aurora Veil\n|\n|-weather|Snowscape|[upkeep]\n|upkeep\n|turn|5\n|inactive|SimMikaze has 30 seconds left.\n|inactive|lohnernest has 30 seconds left.\n|\n|t:|1776086129\n|switch|p1a: Talonflame|Talonflame, L50, F|13/100\n|move|p1b: Garchomp|Earthquake|p2a: Froslass|[spread] p2a,p2b\n|-immune|p1a: Talonflame\n|-crit|p2a: Froslass\n|-resisted|p2b: Sinistcha|1\n|-damage|p2a: Froslass|0 fnt\n|-damage|p2b: Sinistcha|72/100\n|faint|p2a: Froslass\n|move|p2b: Sinistcha|Matcha Gotcha|p1a: Talonflame|[spread] p1a,p1b\n|-resisted|p1a: Talonflame|2\n|-damage|p1a: Talonflame|4/100\n|-heal|p2b: Sinistcha|76/100|[from] drain|[of] p1a: Talonflame\n|-damage|p1b: Garchomp|74/100\n|-heal|p2b: Sinistcha|90/100|[from] drain|[of] p1b: Garchomp\n|-status|p1b: Garchomp|brn\n|\n|-weather|Snowscape|[upkeep]\n|-damage|p1b: Garchomp|68/100 brn|[from] brn\n|-sideend|p1: SimMikaze|move: Tailwind\n|upkeep\n|\n|t:|1776086150\n|switch|p2a: Palafin|Palafin-Hero, L50, M|18/100\n|-activate|p2a: Palafin|ability: Zero to Hero\n|turn|6\n|\n|t:|1776086167\n|switch|p2b: Sneasler|Sneasler, L50, M|100/100\n|move|p1a: Talonflame|Protect|p1a: Talonflame\n|-singleturn|p1a: Talonflame|Protect\n|move|p2a: Palafin|Jet Punch|p1a: Talonflame\n|-activate|p1a: Talonflame|move: Protect\n|move|p1b: Garchomp|Earthquake|p2a: Palafin|[spread] p2a,p2b\n|-activate|p1a: Talonflame|move: Protect\n|-supereffective|p2b: Sneasler|1\n|-damage|p2a: Palafin|7/100\n|-damage|p2b: Sneasler|53/100\n|\n|-weather|Snowscape|[upkeep]\n|-damage|p1b: Garchomp|62/100 brn|[from] brn\n|upkeep\n|turn|7\n|\n|t:|1776086187\n|switch|p1a: Sinistcha|Sinistcha, L50, shiny|84/100\n|-heal|p1b: Garchomp|87/100 brn|[from] ability: Hospitality|[of] p1a: Sinistcha\n|move|p1b: Garchomp|Protect|p1b: Garchomp\n|-singleturn|p1b: Garchomp|Protect\n|move|p2a: Palafin|Jet Punch|p1a: Sinistcha\n|-resisted|p1a: Sinistcha|1\n|-damage|p1a: Sinistcha|66/100\n|move|p2b: Sneasler|Close Combat|p1b: Garchomp\n|-activate|p1b: Garchomp|move: Protect\n|\n|-weather|Snowscape|[upkeep]\n|-damage|p1b: Garchomp|81/100 brn|[from] brn\n|upkeep\n|turn|8\n|inactive|SimMikaze has 30 seconds left.\n|inactive|SimMikaze has 20 seconds left.\n|\n|t:|1776086227\n|move|p2a: Palafin|Jet Punch|p1b: Garchomp\n|-damage|p1b: Garchomp|29/100 brn\n|-damage|p2a: Palafin|0 fnt|[from] ability: Rough Skin|[of] p1b: Garchomp\n|faint|p2a: Palafin\n|move|p2b: Sneasler|Dire Claw|p1a: Sinistcha\n|-damage|p1a: Sinistcha|31/100\n|-enditem|p1a: Sinistcha|Sitrus Berry|[eat]\n|-heal|p1a: Sinistcha|56/100|[from] item: Sitrus Berry\n|move|p1b: Garchomp|Swords Dance|p1b: Garchomp\n|-boost|p1b: Garchomp|atk|2\n|move|p1a: Sinistcha|Life Dew|p1a: Sinistcha|[spread] p1a,p1b\n|-heal|p1a: Sinistcha|81/100\n|-heal|p1b: Garchomp|54/100 brn\n|\n|-weather|none\n|-damage|p1b: Garchomp|48/100 brn|[from] brn\n|-sideend|p2: lohnernest|move: Aurora Veil\n|upkeep\n|\n|t:|1776086231\n|switch|p2a: Sinistcha|Sinistcha, L50|90/100\n|-heal|p2b: Sneasler|78/100|[from] ability: Hospitality|[of] p2a: Sinistcha\n|turn|9\n|\n|t:|1776086249\n|move|p2b: Sneasler|Protect|p2b: Sneasler\n|-singleturn|p2b: Sneasler|Protect\n|move|p1a: Sinistcha|Rage Powder|p1a: Sinistcha\n|-singleturn|p1a: Sinistcha|move: Rage Powder\n|move|p1b: Garchomp|Earthquake|p2a: Sinistcha|[spread] p1a,p2a\n|-activate|p2b: Sneasler|move: Protect\n|-resisted|p1a: Sinistcha|1\n|-resisted|p2a: Sinistcha|1\n|-damage|p1a: Sinistcha|65/100\n|-damage|p2a: Sinistcha|73/100\n|move|p2a: Sinistcha|Matcha Gotcha|p1b: Garchomp|[spread] p1a,p1b\n|-resisted|p1a: Sinistcha|1\n|-crit|p1b: Garchomp\n|-damage|p1a: Sinistcha|52/100\n|-heal|p2a: Sinistcha|80/100|[from] drain|[of] p1a: Sinistcha\n|-damage|p1b: Garchomp|8/100 brn\n|-heal|p2a: Sinistcha|100/100|[from] drain|[of] p1b: Garchomp\n|-status|p1a: Sinistcha|brn\n|\n|-damage|p1b: Garchomp|2/100 brn|[from] brn\n|-damage|p1a: Sinistcha|46/100 brn|[from] brn\n|upkeep\n|turn|10\n|\n|t:|1776086265\n|move|p2a: Sinistcha|Rage Powder|p2a: Sinistcha\n|-singleturn|p2a: Sinistcha|move: Rage Powder\n|move|p1a: Sinistcha|Rage Powder|p1a: Sinistcha\n|-singleturn|p1a: Sinistcha|move: Rage Powder\n|move|p2b: Sneasler|Dire Claw|p1a: Sinistcha\n|-damage|p1a: Sinistcha|12/100 brn\n|move|p1b: Garchomp|Earthquake|p2b: Sneasler|[spread] p1a,p2a,p2b\n|-resisted|p1a: Sinistcha|1\n|-resisted|p2a: Sinistcha|1\n|-supereffective|p2b: Sneasler|1\n|-damage|p1a: Sinistcha|0 fnt\n|-damage|p2a: Sinistcha|82/100\n|-damage|p2b: Sneasler|0 fnt\n|faint|p1a: Sinistcha\n|faint|p2b: Sneasler\n|\n|-damage|p1b: Garchomp|0 fnt|[from] brn\n|faint|p1b: Garchomp\n|upkeep\n|\n|t:|1776086274\n|switch|p1b: Floette|Floette-Eternal, L50, F|100/100\n|switch|p1a: Talonflame|Talonflame, L50, F|4/100\n|turn|11\n|-message|lohnernest forfeited.\n|\n|win|SimMikaze\n|raw|SimMikaze's rating: 1363 &rarr; <strong>1379</strong><br />(+16 for winning)\n|raw|lohnernest's rating: 1293 &rarr; <strong>1273</strong><br />(-20 for losing)\n|l|\u203dlohnernest\n|player|p2|\n",
  "uploadtime": 1776086287,
  "views": 34,
  "formatid": "gen9championsvgc2026regma",
  "rating": 1273,
  "private": 0,
  "password": null
}