{
  "id": "gen9championsvgc2026regma-2584674403",
  "format": "[Gen 9 Champions] VGC 2026 Reg M-A",
  "players": [
    "ZTech6",
    "strami"
  ],
  "log": "|j|\u2606ZTech6\n|j|\u2606strami\n|t:|1776275979\n|gametype|doubles\n|player|p1|ZTech6|gambler|1305\n|player|p2|strami|hoopster|1398\n|gen|9\n|tier|[Gen 9 Champions] VGC 2026 Reg M-A\n|rated|\n|rule|Species Clause: Limit one of each Pok\u00e9mon\n|rule|Item Clause: Limit 1 of each item\n|clearpoke\n|poke|p1|Aerodactyl, L50, M|\n|poke|p1|Basculegion, L50, M|\n|poke|p1|Whimsicott, L50, F|\n|poke|p1|Charizard, L50, F|\n|poke|p1|Garchomp, L50, M|\n|poke|p1|Farigiraf, L50, F|\n|poke|p2|Scovillain, L50, M|\n|poke|p2|Primarina, L50, F|\n|poke|p2|Aerodactyl, L50, M|\n|poke|p2|Sneasler, L50, F|\n|poke|p2|Garchomp, L50, F|\n|poke|p2|Sinistcha, L50|\n|teampreview|4\n|inactive|Battle timer is ON: inactive players will automatically lose when time's up. (requested by strami)\n|inactive|ZTech6 has 60 seconds left.\n|inactive|strami has 60 seconds left.\n|\n|t:|1776276040\n|teamsize|p1|4\n|teamsize|p2|4\n|start\n|switch|p1a: Charizard|Charizard, L50, F|100/100\n|switch|p1b: Emily|Whimsicott, L50, F|100/100\n|switch|p2a: Scovillain|Scovillain, L50, M, shiny|100/100\n|switch|p2b: Primarina|Primarina, L50, F, shiny|100/100\n|turn|1\n|\n|t:|1776276063\n|detailschange|p1a: Charizard|Charizard-Mega-Y, L50, F\n|-mega|p1a: Charizard|Charizard|Charizardite Y\n|-weather|SunnyDay|[from] ability: Drought|[of] p1a: Charizard\n|move|p2a: Scovillain|Protect|p2a: Scovillain\n|-singleturn|p2a: Scovillain|Protect\n|move|p1b: Emily|Tailwind|p1b: Emily\n|-sidestart|p1: ZTech6|move: Tailwind\n|move|p1a: Charizard|Air Slash|p2a: Scovillain\n|-activate|p2a: Scovillain|move: Protect\n|move|p2b: Primarina|Calm Mind|p2b: Primarina\n|-boost|p2b: Primarina|spa|1\n|-boost|p2b: Primarina|spd|1\n|\n|-weather|SunnyDay|[upkeep]\n|-ability|p2a: Scovillain|Moody|boost\n|-boost|p2a: Scovillain|def|2\n|-unboost|p2a: Scovillain|spd|1\n|upkeep\n|turn|2\n|\n|t:|1776276082\n|switch|p2a: Aerodactyl|Aerodactyl, L50, M|100/100\n|move|p1b: Emily|Encore|p2b: Primarina\n|-start|p2b: Primarina|Encore\n|move|p1a: Charizard|Air Slash|p2a: Aerodactyl\n|-resisted|p2a: Aerodactyl|1\n|-damage|p2a: Aerodactyl|65/100\n|move|p2b: Primarina|Calm Mind|p2b: Primarina\n|-boost|p2b: Primarina|spa|1\n|-boost|p2b: Primarina|spd|1\n|\n|-weather|SunnyDay|[upkeep]\n|upkeep\n|turn|3\n|\n|t:|1776276097\n|move|p1b: Emily|Moonblast|p2a: Aerodactyl\n|-damage|p2a: Aerodactyl|15/100\n|-unboost|p2a: Aerodactyl|spa|1\n|move|p1a: Charizard|Heat Wave|p2a: Aerodactyl|[spread] p2b\n|-miss|p1a: Charizard|p2a: Aerodactyl\n|-resisted|p2b: Primarina|1\n|-damage|p2b: Primarina|86/100\n|move|p2a: Aerodactyl|Tailwind|p2a: Aerodactyl\n|-sidestart|p2: strami|move: Tailwind\n|move|p2b: Primarina|Calm Mind|p2b: Primarina\n|-boost|p2b: Primarina|spa|1\n|-boost|p2b: Primarina|spd|1\n|\n|-weather|SunnyDay|[upkeep]\n|-heal|p2b: Primarina|92/100|[from] item: Leftovers\n|upkeep\n|turn|4\n|\n|t:|1776276116\n|move|p1a: Charizard|Protect|p1a: Charizard\n|-singleturn|p1a: Charizard|Protect\n|move|p2a: Aerodactyl|Rock Slide|p1b: Emily|[spread] \n|-activate|p1a: Charizard|move: Protect\n|-miss|p2a: Aerodactyl|p1b: Emily\n|move|p1b: Emily|Moonblast|p2a: Aerodactyl\n|-damage|p2a: Aerodactyl|0 fnt\n|faint|p2a: Aerodactyl\n|move|p2b: Primarina|Calm Mind|p2b: Primarina\n|-boost|p2b: Primarina|spa|1\n|-boost|p2b: Primarina|spd|1\n|\n|-weather|SunnyDay|[upkeep]\n|-heal|p2b: Primarina|98/100|[from] item: Leftovers\n|-end|p2b: Primarina|Encore\n|-sideend|p1: ZTech6|move: Tailwind\n|upkeep\n|\n|t:|1776276127\n|switch|p2a: Sneasler|Sneasler, L50, F|100/100\n|turn|5\n|\n|t:|1776276139\n|move|p2a: Sneasler|Fake Out|p1b: Emily\n|-damage|p1b: Emily|79/100\n|cant|p1b: Emily|flinch\n|move|p2b: Primarina|Hyper Voice|p1a: Charizard|[spread] p1a,p1b\n|-supereffective|p1a: Charizard|1\n|-resisted|p1b: Emily|1\n|-damage|p1a: Charizard|0 fnt\n|-damage|p1b: Emily|33/100\n|faint|p1a: Charizard\n|\n|-weather|none\n|-heal|p2b: Primarina|100/100|[from] item: Leftovers\n|upkeep\n|\n|t:|1776276154\n|switch|p1a: Edward|Aerodactyl, L50, M|100/100\n|turn|6\n|\n|t:|1776276165\n|move|p1b: Emily|Tailwind|p1b: Emily\n|-sidestart|p1: ZTech6|move: Tailwind\n|move|p1a: Edward|Dual Wingbeat|p2a: Sneasler\n|-supereffective|p2a: Sneasler|1\n|-damage|p2a: Sneasler|36/100\n|-supereffective|p2a: Sneasler|1\n|-damage|p2a: Sneasler|0 fnt\n|faint|p2a: Sneasler\n|-hitcount|p2: Sneasler|2\n|move|p2b: Primarina|Hyper Voice|p1a: Edward|[spread] p1a,p1b\n|-supereffective|p1a: Edward|1\n|-resisted|p1b: Emily|1\n|-damage|p1a: Edward|0 fnt\n|-damage|p1b: Emily|0 fnt\n|faint|p1a: Edward\n|faint|p1b: Emily\n|\n|-sideend|p2: strami|move: Tailwind\n|upkeep\n|-message|ZTech6 forfeited.\n|\n|win|strami\n|raw|ZTech6's rating: 1305 &rarr; <strong>1290</strong><br />(-15 for losing)\n|raw|strami's rating: 1398 &rarr; <strong>1413</strong><br />(+15 for winning)\n|l|\u2606ZTech6\n|player|p1|\n",
  "uploadtime": 1776276298,
  "views": 42,
  "formatid": "gen9championsvgc2026regma",
  "rating": 1290,
  "private": 0,
  "password": null
}