{
  "id": "gen9championsvgc2026regma-2586289617",
  "format": "[Gen 9 Champions] VGC 2026 Reg M-A",
  "players": [
    "hsauraa02",
    "extracute"
  ],
  "log": "|j|\u2606hsauraa02\n|j|\u2606extracute\n|t:|1776421761\n|gametype|doubles\n|player|p1|hsauraa02|2|1090\n|player|p2|extracute|102|1150\n|gen|9\n|tier|[Gen 9 Champions] VGC 2026 Reg M-A\n|rated|\n|rule|Species Clause: Limit one of each Pok\u00e9mon\n|rule|Item Clause: Limit 1 of each item\n|clearpoke\n|poke|p1|Charizard, L50, M|\n|poke|p1|Incineroar, L50, F|\n|poke|p1|Kingambit, L50, F|\n|poke|p1|Sneasler, L50, M|\n|poke|p1|Archaludon, L50, M|\n|poke|p1|Pelipper, L50, M|\n|poke|p2|Venusaur, L50, M|\n|poke|p2|Charizard, L50, M|\n|poke|p2|Sneasler, L50, M|\n|poke|p2|Whimsicott, L50, M|\n|poke|p2|Milotic, L50, M|\n|poke|p2|Archaludon, L50, F|\n|teampreview|4\n|inactive|Battle timer is ON: inactive players will automatically lose when time's up. (requested by hsauraa02)\n|\n|t:|1776421817\n|teamsize|p1|4\n|teamsize|p2|4\n|start\n|switch|p1a: Archaludon|Archaludon, L50, M|100/100\n|switch|p1b: Pelipper|Pelipper, L50, M|100/100\n|switch|p2a: Whimsicott|Whimsicott, L50, M|100/100\n|switch|p2b: Milotic|Milotic, L50, M|100/100\n|-weather|RainDance|[from] ability: Drizzle|[of] p1b: Pelipper\n|turn|1\n|\n|t:|1776421836\n|move|p2b: Milotic|Protect|p2b: Milotic\n|-singleturn|p2b: Milotic|Protect\n|move|p2a: Whimsicott|Tailwind|p2a: Whimsicott\n|-sidestart|p2: extracute|move: Tailwind\n|move|p1a: Archaludon|Electro Shot||[still]\n|-prepare|p1a: Archaludon|Electro Shot\n|-boost|p1a: Archaludon|spa|1\n|-anim|p1a: Archaludon|Electro Shot|p2b: Milotic\n|-activate|p2b: Milotic|move: Protect\n|move|p1b: Pelipper|Hurricane|p2a: Whimsicott\n|-supereffective|p2a: Whimsicott|1\n|-enditem|p2a: Whimsicott|Focus Sash\n|-damage|p2a: Whimsicott|1/100\n|\n|-weather|RainDance|[upkeep]\n|upkeep\n|turn|2\n|\n|t:|1776421861\n|move|p2a: Whimsicott|Endeavor|p1a: Archaludon\n|-damage|p1a: Archaludon|1/100\n|-ability|p1a: Archaludon|Stamina|boost\n|-boost|p1a: Archaludon|def|1\n|move|p2b: Milotic|Icy Wind|p1a: Archaludon|[spread] p1a,p1b\n|-damage|p1a: Archaludon|0 fnt\n|-damage|p1b: Pelipper|86/100\n|-unboost|p1b: Pelipper|spe|1\n|faint|p1a: Archaludon\n|move|p1b: Pelipper|Tailwind|p1b: Pelipper\n|-sidestart|p1: hsauraa02|move: Tailwind\n|\n|-weather|RainDance|[upkeep]\n|upkeep\n|\n|t:|1776421877\n|switch|p1a: Sneasler|Sneasler, L50, M|100/100\n|turn|3\n|\n|t:|1776421893\n|switch|p2a: Sneasler|Sneasler, L50, M|100/100\n|move|p1a: Sneasler|Fake Out|p2a: Sneasler\n|-damage|p2a: Sneasler|74/100\n|move|p2b: Milotic|Scald|p1a: Sneasler\n|-damage|p1a: Sneasler|43/100\n|-status|p1a: Sneasler|brn\n|move|p1b: Pelipper|Hurricane|p2b: Milotic\n|-damage|p2b: Milotic|80/100\n|-start|p2b: Milotic|confusion\n|\n|-weather|RainDance|[upkeep]\n|-heal|p2b: Milotic|86/100|[from] item: Leftovers\n|-damage|p1a: Sneasler|37/100 brn|[from] brn\n|upkeep\n|turn|4\n|inactive|extracute has 30 seconds left.\n|\n|t:|1776421927\n|move|p1a: Sneasler|Protect|p1a: Sneasler\n|-singleturn|p1a: Sneasler|Protect\n|move|p1b: Pelipper|Protect|p1b: Pelipper\n|-singleturn|p1b: Pelipper|Protect\n|move|p2a: Sneasler|Fake Out|p1b: Pelipper\n|-activate|p1b: Pelipper|move: Protect\n|-activate|p2b: Milotic|confusion\n|move|p2b: Milotic|Scald|p1a: Sneasler\n|-activate|p1a: Sneasler|move: Protect\n|\n|-weather|RainDance|[upkeep]\n|-heal|p2b: Milotic|92/100|[from] item: Leftovers\n|-damage|p1a: Sneasler|32/100 brn|[from] brn\n|-sideend|p2: extracute|move: Tailwind\n|upkeep\n|turn|5\n|inactive|hsauraa02 has 30 seconds left.\n|\n|t:|1776421955\n|switch|p2a: Archaludon|Archaludon, L50, F|100/100\n|move|p1a: Sneasler|Close Combat|p2a: Archaludon\n|-supereffective|p2a: Archaludon|1\n|-damage|p2a: Archaludon|45/100\n|-unboost|p1a: Sneasler|def|1\n|-unboost|p1a: Sneasler|spd|1\n|-enditem|p1a: Sneasler|White Herb\n|-clearnegativeboost|p1a: Sneasler|[silent]\n|move|p1b: Pelipper|Hurricane|p2a: Archaludon\n|-resisted|p2a: Archaludon|1\n|-damage|p2a: Archaludon|20/100\n|-end|p2b: Milotic|confusion\n|move|p2b: Milotic|Icy Wind|p1a: Sneasler|[spread] p1a,p1b\n|-damage|p1a: Sneasler|18/100 brn\n|-damage|p1b: Pelipper|72/100\n|-unboost|p1a: Sneasler|spe|1\n|-unboost|p1b: Pelipper|spe|1\n|\n|-weather|none\n|-heal|p2b: Milotic|98/100|[from] item: Leftovers\n|-damage|p1a: Sneasler|12/100 brn|[from] brn\n|-sideend|p1: hsauraa02|move: Tailwind\n|upkeep\n|turn|6\n|inactive|hsauraa02 has 30 seconds left.\n|inactive|extracute has 30 seconds left.\n|\n|t:|1776421989\n|move|p1a: Sneasler|Close Combat|p2a: Archaludon\n|-supereffective|p2a: Archaludon|1\n|-damage|p2a: Archaludon|0 fnt\n|-unboost|p1a: Sneasler|def|1\n|-unboost|p1a: Sneasler|spd|1\n|faint|p2a: Archaludon\n|move|p2b: Milotic|Icy Wind|p1a: Sneasler|[spread] p1a,p1b\n|-damage|p1a: Sneasler|0 fnt\n|-damage|p1b: Pelipper|58/100\n|-unboost|p1b: Pelipper|spe|1\n|faint|p1a: Sneasler\n|move|p1b: Pelipper|Tailwind|p1b: Pelipper\n|-sidestart|p1: hsauraa02|move: Tailwind\n|\n|-heal|p2b: Milotic|100/100|[from] item: Leftovers\n|upkeep\n|\n|t:|1776422005\n|switch|p1a: Charizard|Charizard, L50, M|100/100\n|switch|p2a: Whimsicott|Whimsicott, L50, M|1/100\n|turn|7\n|\n|t:|1776422018\n|detailschange|p1a: Charizard|Charizard-Mega-Y, L50, M\n|-mega|p1a: Charizard|Charizard|Charizardite Y\n|-weather|SunnyDay|[from] ability: Drought|[of] p1a: Charizard\n|move|p1a: Charizard|Protect|p1a: Charizard\n|-singleturn|p1a: Charizard|Protect\n|move|p2a: Whimsicott|Tailwind|p2a: Whimsicott\n|-sidestart|p2: extracute|move: Tailwind\n|move|p2b: Milotic|Scald|p1a: Charizard\n|-activate|p1a: Charizard|move: Protect\n|move|p1b: Pelipper|Hurricane|p2a: Whimsicott\n|-supereffective|p2a: Whimsicott|1\n|-damage|p2a: Whimsicott|0 fnt\n|faint|p2a: Whimsicott\n|\n|-weather|SunnyDay|[upkeep]\n|upkeep\n|\n|t:|1776422029\n|switch|p2a: Sneasler|Sneasler, L50, M|74/100\n|turn|8\n|\n|t:|1776422045\n|move|p2a: Sneasler|Fake Out|p1a: Charizard\n|-damage|p1a: Charizard|80/100\n|cant|p1a: Charizard|flinch\n|move|p2b: Milotic|Icy Wind|p1a: Charizard|[spread] p1a,p1b\n|-damage|p1a: Charizard|70/100\n|-damage|p1b: Pelipper|43/100\n|-unboost|p1a: Charizard|spe|1\n|-unboost|p1b: Pelipper|spe|1\n|move|p1b: Pelipper|Hurricane|p2a: Sneasler|[miss]\n|-miss|p1b: Pelipper|p2a: Sneasler\n|\n|-weather|SunnyDay|[upkeep]\n|upkeep\n|turn|9\n|\n|t:|1776422069\n|move|p2a: Sneasler|Dire Claw|p1b: Pelipper\n|-crit|p1b: Pelipper\n|-damage|p1b: Pelipper|0 fnt\n|faint|p1b: Pelipper\n|move|p2b: Milotic|Scald|p1a: Charizard\n|-supereffective|p1a: Charizard|1\n|-damage|p1a: Charizard|42/100\n|move|p1a: Charizard|Solar Beam||[still]\n|-prepare|p1a: Charizard|Solar Beam\n|-anim|p1a: Charizard|Solar Beam|p2b: Milotic\n|-supereffective|p2b: Milotic|1\n|-damage|p2b: Milotic|38/100\n|\n|-weather|SunnyDay|[upkeep]\n|-heal|p2b: Milotic|44/100|[from] item: Leftovers\n|-sideend|p1: hsauraa02|move: Tailwind\n|upkeep\n|turn|10\n|\n|t:|1776422087\n|move|p2a: Sneasler|Dire Claw|p1a: Charizard\n|-damage|p1a: Charizard|0 fnt\n|faint|p1a: Charizard\n|\n|win|extracute\n|raw|hsauraa02's rating: 1090 &rarr; <strong>1071</strong><br />(-19 for losing)\n|raw|extracute's rating: 1150 &rarr; <strong>1171</strong><br />(+21 for winning)\n",
  "uploadtime": 1776422097,
  "views": 28,
  "formatid": "gen9championsvgc2026regma",
  "rating": 1071,
  "private": 0,
  "password": null
}