{
  "id": "gen9championsvgc2026regma-2588558505",
  "format": "[Gen 9 Champions] VGC 2026 Reg M-A",
  "players": [
    "soulo333",
    "barrmh"
  ],
  "log": "|j|\u2606soulo333\n|j|\u2606barrmh\n|t:|1776644854\n|gametype|doubles\n|player|p1|soulo333|102|1246\n|player|p2|barrmh|infielder|1270\n|gen|9\n|tier|[Gen 9 Champions] VGC 2026 Reg M-A\n|rated|\n|rule|Species Clause: Limit one of each Pok\u00e9mon\n|rule|Item Clause: Limit 1 of each item\n|clearpoke\n|poke|p1|Charizard, L50, F|\n|poke|p1|Sneasler, L50, M|\n|poke|p1|Sinistcha, L50|\n|poke|p1|Incineroar, L50, M|\n|poke|p1|Milotic, L50, F|\n|poke|p1|Tyranitar, L50, F|\n|poke|p2|Dragonite, L50, M|\n|poke|p2|Blastoise, L50, M|\n|poke|p2|Pelipper, L50, M|\n|poke|p2|Archaludon, L50, M|\n|poke|p2|Corviknight, L50, M|\n|poke|p2|Meganium, L50, M|\n|teampreview|4\n|inactive|Battle timer is ON: inactive players will automatically lose when time's up. (requested by barrmh)\n|\n|t:|1776644882\n|teamsize|p1|4\n|teamsize|p2|4\n|start\n|switch|p1a: Milotic|Milotic, L50, F|100/100\n|switch|p1b: Sneasler|Sneasler, L50, M|100/100\n|switch|p2a: Corviknight|Corviknight, L50, M|100/100\n|switch|p2b: Blastoise|Blastoise, L50, M|100/100\n|turn|1\n|inactive|barrmh has 30 seconds left.\n|\n|t:|1776644913\n|move|p1b: Sneasler|Fake Out|p2a: Corviknight\n|-resisted|p2a: Corviknight|1\n|-damage|p2a: Corviknight|94/100\n|move|p1a: Milotic|Icy Wind|p2a: Corviknight|[spread] p2a,p2b\n|-resisted|p2b: Blastoise|1\n|-damage|p2a: Corviknight|84/100\n|-damage|p2b: Blastoise|97/100\n|-ability|p2a: Corviknight|Mirror Armor\n|-unboost|p1a: Milotic|spe|1\n|-ability|p1a: Milotic|Competitive|boost\n|-boost|p1a: Milotic|spa|2\n|-unboost|p2b: Blastoise|spe|1\n|cant|p2a: Corviknight|flinch\n|move|p2b: Blastoise|Flip Turn|p1b: Sneasler\n|-damage|p1b: Sneasler|64/100\n|\n|t:|1776644931\n|switch|p2b: Meganium|Meganium, L50, M|100/100|[from] Flip Turn\n|\n|upkeep\n|turn|2\n|\n|t:|1776644956\n|switch|p1b: Sinistcha|Sinistcha, L50|100/100\n|switch|p2b: Blastoise|Blastoise, L50, M|97/100\n|move|p2a: Corviknight|Dual Wingbeat|p1b: Sinistcha\n|-supereffective|p1b: Sinistcha|1\n|-enditem|p1b: Sinistcha|Coba Berry|[eat]\n|-enditem|p1b: Sinistcha|Coba Berry|[weaken]\n|-damage|p1b: Sinistcha|85/100\n|-supereffective|p1b: Sinistcha|1\n|-damage|p1b: Sinistcha|55/100\n|-hitcount|p1b: Sinistcha|2\n|move|p1a: Milotic|Scald|p2a: Corviknight\n|-damage|p2a: Corviknight|21/100\n|\n|-heal|p2b: Blastoise|100/100|[from] item: Leftovers\n|upkeep\n|turn|3\n|\n|t:|1776644975\n|switch|p1b: Tyranitar|Tyranitar, L50, F|100/100\n|-weather|Sandstorm|[from] ability: Sand Stream|[of] p1b: Tyranitar\n|move|p2b: Blastoise|Fake Out|p1a: Milotic\n|-damage|p1a: Milotic|91/100\n|move|p2a: Corviknight|Dual Wingbeat|p1b: Tyranitar\n|-resisted|p1b: Tyranitar|1\n|-damage|p1b: Tyranitar|93/100\n|-resisted|p1b: Tyranitar|1\n|-damage|p1b: Tyranitar|86/100\n|-hitcount|p1b: Tyranitar|2\n|cant|p1a: Milotic|flinch\n|\n|-weather|Sandstorm|[upkeep]\n|-damage|p2b: Blastoise|94/100|[from] Sandstorm\n|-damage|p1a: Milotic|85/100|[from] Sandstorm\n|-heal|p2b: Blastoise|100/100|[from] item: Leftovers\n|-heal|p1a: Milotic|91/100|[from] item: Leftovers\n|upkeep\n|turn|4\n|\n|t:|1776644995\n|detailschange|p1b: Tyranitar|Tyranitar-Mega, L50, F\n|-mega|p1b: Tyranitar|Tyranitar|Tyranitarite\n|move|p1b: Tyranitar|Rock Slide|p2b: Blastoise|[spread] p2a,p2b\n|-damage|p2a: Corviknight|0 fnt\n|-damage|p2b: Blastoise|62/100\n|faint|p2a: Corviknight\n|move|p2b: Blastoise|Flip Turn|p1b: Tyranitar\n|-supereffective|p1b: Tyranitar|1\n|-damage|p1b: Tyranitar|57/100\n|\n|t:|1776645001\n|switch|p2b: Pelipper|Pelipper, L50, M|100/100|[from] Flip Turn\n|-weather|RainDance|[from] ability: Drizzle|[of] p2b: Pelipper\n|move|p1a: Milotic|Scald|p2b: Pelipper\n|-resisted|p2b: Pelipper|1\n|-damage|p2b: Pelipper|27/100\n|\n|-weather|RainDance|[upkeep]\n|-heal|p1a: Milotic|97/100|[from] item: Leftovers\n|upkeep\n|\n|t:|1776645013\n|switch|p2a: Meganium|Meganium, L50, M|100/100\n|turn|5\n|inactive|barrmh has 30 seconds left.\n|\n|t:|1776645038\n|detailschange|p2a: Meganium|Meganium-Mega, L50, M\n|-mega|p2a: Meganium|Meganium|Meganiumite\n|move|p2b: Pelipper|Hurricane|p1a: Milotic\n|-damage|p1a: Milotic|64/100\n|move|p1b: Tyranitar|Rock Slide|p2a: Meganium|[spread] p2a,p2b\n|-supereffective|p2b: Pelipper|1\n|-damage|p2a: Meganium|68/100\n|-damage|p2b: Pelipper|0 fnt\n|faint|p2b: Pelipper\n|move|p2a: Meganium|Solar Beam||[still]\n|-prepare|p2a: Meganium|Solar Beam\n|-activate|p2a: Meganium|ability: Mega Sol\n|-anim|p2a: Meganium|Solar Beam|p1b: Tyranitar\n|-supereffective|p1b: Tyranitar|1\n|-damage|p1b: Tyranitar|0 fnt\n|faint|p1b: Tyranitar\n|move|p1a: Milotic|Icy Wind|p2a: Meganium\n|-supereffective|p2a: Meganium|1\n|-damage|p2a: Meganium|25/100\n|-unboost|p2a: Meganium|spe|1\n|\n|-weather|RainDance|[upkeep]\n|-heal|p1a: Milotic|70/100|[from] item: Leftovers\n|upkeep\n|\n|t:|1776645052\n|switch|p2b: Blastoise|Blastoise, L50, M|62/100\n|switch|p1b: Sinistcha|Sinistcha, L50|55/100\n|-heal|p1a: Milotic|94/100|[from] ability: Hospitality|[of] p1b: Sinistcha\n|turn|6\n|\n|t:|1776645071\n|move|p2b: Blastoise|Fake Out|p1a: Milotic\n|-damage|p1a: Milotic|85/100\n|move|p1b: Sinistcha|Life Dew|p1b: Sinistcha|[spread] p1a,p1b\n|-heal|p1a: Milotic|100/100\n|-heal|p1b: Sinistcha|80/100\n|cant|p1a: Milotic|flinch\n|move|p2a: Meganium|Solar Beam||[still]\n|-prepare|p2a: Meganium|Solar Beam\n|-activate|p2a: Meganium|ability: Mega Sol\n|-anim|p2a: Meganium|Solar Beam|p1a: Milotic\n|-supereffective|p1a: Milotic|1\n|-damage|p1a: Milotic|12/100\n|\n|-weather|RainDance|[upkeep]\n|-heal|p2b: Blastoise|69/100|[from] ability: Rain Dish\n|-heal|p2b: Blastoise|75/100|[from] item: Leftovers\n|-heal|p1a: Milotic|18/100|[from] item: Leftovers\n|upkeep\n|turn|7\n|\n|t:|1776645091\n|move|p1b: Sinistcha|Rage Powder|p1b: Sinistcha\n|-singleturn|p1b: Sinistcha|move: Rage Powder\n|move|p2b: Blastoise|Life Dew|p2b: Blastoise|[spread] p2a,p2b\n|-heal|p2a: Meganium|50/100\n|-heal|p2b: Blastoise|99/100\n|move|p1a: Milotic|Icy Wind|p2b: Blastoise|[spread] p2a,p2b\n|-supereffective|p2a: Meganium|1\n|-resisted|p2b: Blastoise|1\n|-damage|p2a: Meganium|19/100\n|-damage|p2b: Blastoise|92/100\n|-unboost|p2a: Meganium|spe|1\n|-unboost|p2b: Blastoise|spe|1\n|move|p2a: Meganium|Solar Beam||[still]\n|-prepare|p2a: Meganium|Solar Beam\n|-activate|p2a: Meganium|ability: Mega Sol\n|-anim|p2a: Meganium|Solar Beam|p1a: Milotic\n|-supereffective|p1a: Milotic|1\n|-damage|p1a: Milotic|0 fnt\n|faint|p1a: Milotic\n|\n|-weather|RainDance|[upkeep]\n|-heal|p2b: Blastoise|98/100|[from] ability: Rain Dish\n|-heal|p2b: Blastoise|100/100|[from] item: Leftovers\n|upkeep\n|\n|t:|1776645104\n|switch|p1a: Sneasler|Sneasler, L50, M|64/100\n|turn|8\n|\n|t:|1776645118\n|move|p1a: Sneasler|Fake Out|p2b: Blastoise\n|-damage|p2b: Blastoise|86/100\n|move|p1b: Sinistcha|Matcha Gotcha|p2b: Blastoise|[spread] p2b\n|-miss|p1b: Sinistcha|p2a: Meganium\n|-supereffective|p2b: Blastoise|1\n|-damage|p2b: Blastoise|49/100\n|-heal|p1b: Sinistcha|98/100|[from] drain|[of] p2b: Blastoise\n|cant|p2b: Blastoise|flinch\n|move|p2a: Meganium|Weather Ball|p1b: Sinistcha\n|-supereffective|p1b: Sinistcha|1\n|-damage|p1b: Sinistcha|0 fnt\n|faint|p1b: Sinistcha\n|\n|-weather|none\n|-heal|p2b: Blastoise|55/100|[from] item: Leftovers\n|upkeep\n|turn|9\n|\n|t:|1776645138\n|move|p1a: Sneasler|Dire Claw|p2a: Meganium\n|-supereffective|p2a: Meganium|2\n|-damage|p2a: Meganium|0 fnt\n|faint|p2a: Meganium\n|move|p2b: Blastoise|Flip Turn|p1a: Sneasler\n|-damage|p1a: Sneasler|25/100\n|\n|-heal|p2b: Blastoise|61/100|[from] item: Leftovers\n|upkeep\n|turn|10\n|\n|t:|1776645151\n|move|p2b: Blastoise|Aqua Jet|p1a: Sneasler\n|-damage|p1a: Sneasler|0 fnt\n|faint|p1a: Sneasler\n|\n|win|barrmh\n|raw|soulo333's rating: 1246 &rarr; <strong>1223</strong><br />(-23 for losing)\n|raw|barrmh's rating: 1270 &rarr; <strong>1293</strong><br />(+23 for winning)\n",
  "uploadtime": 1776645151,
  "views": 8,
  "formatid": "gen9championsvgc2026regma",
  "rating": 1223,
  "private": 0,
  "password": null
}