{
  "id": "gen9championsvgc2026regma-2587179397",
  "format": "[Gen 9 Champions] VGC 2026 Reg M-A",
  "players": [
    "test66669999",
    "Sweet Pea"
  ],
  "log": "|j|\u2606test66669999\n|j|\u2606Sweet Pea\n|t:|1776505037\n|gametype|doubles\n|player|p1|test66669999|170|1437\n|player|p2|Sweet Pea|lass-gen4dp|1403\n|gen|9\n|tier|[Gen 9 Champions] VGC 2026 Reg M-A\n|rated|\n|rule|Species Clause: Limit one of each Pok\u00e9mon\n|rule|Item Clause: Limit 1 of each item\n|clearpoke\n|poke|p1|Floette-Eternal, L50, F|\n|poke|p1|Sinistcha, L50|\n|poke|p1|Archaludon, L50, F|\n|poke|p1|Sableye, L50, F|\n|poke|p1|Aerodactyl, L50, M|\n|poke|p1|Gengar, L50, M|\n|poke|p2|Garchomp, L50, M|\n|poke|p2|Ninetales-Alola, L50, F|\n|poke|p2|Froslass, L50, F|\n|poke|p2|Milotic, L50, F|\n|poke|p2|Arcanine-Hisui, L50, M|\n|poke|p2|Gardevoir, L50, F|\n|teampreview|4\n|inactive|Battle timer is ON: inactive players will automatically lose when time's up. (requested by test66669999)\n|inactive|Sweet Pea has 60 seconds left.\ntest66669999 rejected open team sheets.\n|\n|t:|1776505089\n|teamsize|p1|4\n|teamsize|p2|4\n|start\n|switch|p1a: Sableye|Sableye, L50, F|100/100\n|switch|p1b: Archaludon|Archaludon, L50, F|100/100\n|switch|p2a: Garchomp|Garchomp, L50, M|100/100\n|switch|p2b: Ninetales|Ninetales-Alola, L50, F|100/100\n|-weather|Snowscape|[from] ability: Snow Warning|[of] p2b: Ninetales\n|turn|1\n|\n|t:|1776505106\n|move|p2a: Garchomp|Protect|p2a: Garchomp\n|-singleturn|p2a: Garchomp|Protect\n|move|p1b: Archaludon|Protect|p1b: Archaludon\n|-singleturn|p1b: Archaludon|Protect\n|move|p1a: Sableye|Rain Dance|p1a: Sableye\n|-weather|RainDance\n|move|p2b: Ninetales|Encore|p1a: Sableye\n|-start|p1a: Sableye|Encore\n|\n|-weather|RainDance|[upkeep]\n|upkeep\n|turn|2\n|\n|t:|1776505126\n|switch|p1a: Aerodactyl|Aerodactyl, L50, M|100/100\n|-ability|p1a: Aerodactyl|Unnerve\n|move|p2b: Ninetales|Encore|p1b: Archaludon\n|-start|p1b: Archaludon|Encore\n|move|p1b: Archaludon|Protect||[still]\n|-fail|p1b: Archaludon\n|move|p2a: Garchomp|Dragon Claw|p1a: Aerodactyl\n|-damage|p1a: Aerodactyl|40/100\n|\n|-weather|RainDance|[upkeep]\n|upkeep\n|turn|3\n|inactive|Sweet Pea has 30 seconds left.\n|\n|t:|1776505152\n|switch|p2b: Milotic|Milotic, L50, F|100/100\n|switch|p1b: Sinistcha|Sinistcha, L50|100/100\n|-heal|p1a: Aerodactyl|64/100|[from] ability: Hospitality|[of] p1b: Sinistcha\n|detailschange|p1a: Aerodactyl|Aerodactyl-Mega, L50, M\n|-mega|p1a: Aerodactyl|Aerodactyl|Aerodactylite\n|move|p1a: Aerodactyl|Rock Slide|p2b: Milotic|[spread] p2a,p2b\n|-resisted|p2a: Garchomp|1\n|-damage|p2a: Garchomp|86/100\n|-damage|p2b: Milotic|73/100\n|move|p2a: Garchomp|Dragon Claw|p1a: Aerodactyl\n|-damage|p1a: Aerodactyl|13/100\n|\n|-weather|RainDance|[upkeep]\n|-heal|p2a: Garchomp|92/100|[from] item: Leftovers\n|upkeep\n|turn|4\n|inactive|test66669999 has 30 seconds left.\n|inactive|Sweet Pea has 30 seconds left.\n|inactive|Sweet Pea has 20 seconds left.\n|inactive|Sweet Pea has 15 seconds left.\n|\n|t:|1776505195\n|switch|p1a: Archaludon|Archaludon, L50, F|100/100\n|switch|p1b: Sableye|Sableye, L50, F|100/100\n|move|p2a: Garchomp|Dragon Claw|p1b: Sableye\n|-damage|p1b: Sableye|43/100\n|-enditem|p1b: Sableye|Sitrus Berry|[eat]\n|-heal|p1b: Sableye|67/100|[from] item: Sitrus Berry\n|move|p2b: Milotic|Ice Beam|p1b: Sableye\n|-damage|p1b: Sableye|43/100\n|-status|p1b: Sableye|frz\n|\n|-weather|RainDance|[upkeep]\n|-heal|p2a: Garchomp|98/100|[from] item: Leftovers\n|upkeep\n|turn|5\n|inactive|test66669999 has 30 seconds left.\n|\n|t:|1776505228\n|cant|p1b: Sableye|frz\n|move|p2a: Garchomp|Dragon Claw|p1a: Archaludon\n|-damage|p1a: Archaludon|69/100\n|-ability|p1a: Archaludon|Stamina|boost\n|-boost|p1a: Archaludon|def|1\n|move|p1a: Archaludon|Electro Shot||[still]\n|-prepare|p1a: Archaludon|Electro Shot\n|-boost|p1a: Archaludon|spa|1\n|-anim|p1a: Archaludon|Electro Shot|p2b: Milotic\n|-supereffective|p2b: Milotic|1\n|-damage|p2b: Milotic|0 fnt\n|faint|p2b: Milotic\n|\n|-weather|none\n|-heal|p2a: Garchomp|100/100|[from] item: Leftovers\n|-heal|p1a: Archaludon|75/100|[from] item: Leftovers\n|upkeep\n|\n|t:|1776505246\n|switch|p2b: Arcanine|Arcanine-Hisui, L50, M|100/100\n|-ability|p2b: Arcanine|Intimidate|boost\n|-unboost|p1a: Archaludon|atk|1\n|-unboost|p1b: Sableye|atk|1\n|turn|6\n|j| nyoomington\n|\n|t:|1776505257\n|move|p1a: Archaludon|Protect|p1a: Archaludon\n|-singleturn|p1a: Archaludon|Protect\n|cant|p1b: Sableye|frz\n|move|p2a: Garchomp|Dragon Claw|p1b: Sableye\n|-damage|p1b: Sableye|0 fnt\n|faint|p1b: Sableye\n|move|p2b: Arcanine|Close Combat|p1a: Archaludon\n|-activate|p1a: Archaludon|move: Protect\n|\n|-heal|p1a: Archaludon|81/100|[from] item: Leftovers\n|upkeep\n|\n|t:|1776505272\n|switch|p1b: Aerodactyl|Aerodactyl-Mega, L50, M|13/100\n|turn|7\n|inactive|Sweet Pea has 30 seconds left.\n|\n|t:|1776505303\n|switch|p1b: Sinistcha|Sinistcha, L50|100/100\n|-heal|p1a: Archaludon|100/100|[from] ability: Hospitality|[of] p1b: Sinistcha\n|switch|p2a: Ninetales|Ninetales-Alola, L50, F|100/100\n|-weather|Snowscape|[from] ability: Snow Warning|[of] p2a: Ninetales\n|move|p2b: Arcanine|Rock Slide|p1b: Sinistcha|[spread] p1a,p1b\n|-resisted|p1a: Archaludon|1\n|-damage|p1a: Archaludon|95/100\n|-damage|p1b: Sinistcha|81/100\n|-ability|p1a: Archaludon|Stamina|boost\n|-boost|p1a: Archaludon|def|1\n|cant|p1a: Archaludon|flinch\n|\n|-weather|Snowscape|[upkeep]\n|-heal|p1a: Archaludon|100/100|[from] item: Leftovers\n|upkeep\n|turn|8\n|\n|t:|1776505325\n|move|p1b: Sinistcha|Rage Powder|p1b: Sinistcha\n|-singleturn|p1b: Sinistcha|move: Rage Powder\n|move|p2a: Ninetales|Blizzard|p1a: Archaludon|[spread] p1a,p1b\n|-crit|p1a: Archaludon\n|-supereffective|p1b: Sinistcha|1\n|-damage|p1a: Archaludon|47/100\n|-damage|p1b: Sinistcha|27/100\n|-ability|p1a: Archaludon|Stamina|boost\n|-boost|p1a: Archaludon|def|1\n|move|p2b: Arcanine|Flare Blitz|p1b: Sinistcha\n|-supereffective|p1b: Sinistcha|1\n|-damage|p1b: Sinistcha|0 fnt\n|faint|p1b: Sinistcha\n|-damage|p2b: Arcanine|93/100|[from] Recoil\n|move|p1a: Archaludon|Flash Cannon|p2a: Ninetales\n|-supereffective|p2a: Ninetales|2\n|-enditem|p2a: Ninetales|Focus Sash\n|-damage|p2a: Ninetales|1/100\n|\n|-weather|Snowscape|[upkeep]\n|-heal|p1a: Archaludon|53/100|[from] item: Leftovers\n|upkeep\n|\n|t:|1776505344\n|switch|p1b: Aerodactyl|Aerodactyl-Mega, L50, M|13/100\n|turn|9\n|\n|t:|1776505353\n|move|p2a: Ninetales|Protect|p2a: Ninetales\n|-singleturn|p2a: Ninetales|Protect\n|move|p1b: Aerodactyl|Rock Slide|p2a: Ninetales|[spread] p2b\n|-activate|p2a: Ninetales|move: Protect\n|-supereffective|p2b: Arcanine|1\n|-damage|p2b: Arcanine|26/100\n|move|p2b: Arcanine|Flare Blitz|p1b: Aerodactyl\n|-resisted|p1b: Aerodactyl|1\n|-damage|p1b: Aerodactyl|0 fnt\n|faint|p1b: Aerodactyl\n|-damage|p2b: Arcanine|23/100|[from] Recoil\n|move|p1a: Archaludon|Flash Cannon|p2b: Arcanine\n|-crit|p2b: Arcanine\n|-damage|p2b: Arcanine|0 fnt\n|faint|p2b: Arcanine\n|\n|-weather|Snowscape|[upkeep]\n|-heal|p1a: Archaludon|59/100|[from] item: Leftovers\n|upkeep\n|\n|t:|1776505369\n|switch|p2b: Garchomp|Garchomp, L50, M|100/100\n|turn|10\n|\n|t:|1776505380\n|move|p2a: Ninetales|Encore|p1a: Archaludon\n|-start|p1a: Archaludon|Encore\n|move|p2b: Garchomp|Dragon Claw|p1a: Archaludon\n|-damage|p1a: Archaludon|49/100\n|-ability|p1a: Archaludon|Stamina|boost\n|-boost|p1a: Archaludon|def|1\n|move|p1a: Archaludon|Flash Cannon|p2b: Garchomp\n|-damage|p2b: Garchomp|38/100\n|\n|-weather|Snowscape|[upkeep]\n|-heal|p2b: Garchomp|44/100|[from] item: Leftovers\n|-heal|p1a: Archaludon|55/100|[from] item: Leftovers\n|upkeep\n|turn|11\n|inactive|Sweet Pea has 30 seconds left.\n|\n|t:|1776505407\n|move|p2a: Ninetales|Blizzard|p1a: Archaludon\n|-damage|p1a: Archaludon|9/100\n|-status|p1a: Archaludon|frz\n|-ability|p1a: Archaludon|Stamina|boost\n|-boost|p1a: Archaludon|def|1\n|move|p2b: Garchomp|Dragon Claw|p1a: Archaludon\n|-damage|p1a: Archaludon|0 fnt\n|faint|p1a: Archaludon\n|\n|win|Sweet Pea\n|raw|test66669999's rating: 1437 &rarr; <strong>1415</strong><br />(-22 for losing)\n|raw|Sweet Pea's rating: 1403 &rarr; <strong>1425</strong><br />(+22 for winning)\n|l|\u2606test66669999\n|player|p1|\n|l|\u2606Sweet Pea\n|player|p2|\n|l| nyoomington\n",
  "uploadtime": 1776505419,
  "views": 37,
  "formatid": "gen9championsvgc2026regma",
  "rating": 1415,
  "private": 0,
  "password": null
}