{
  "id": "gen9championsvgc2026regma-2585358858",
  "format": "[Gen 9 Champions] VGC 2026 Reg M-A",
  "players": [
    "aslaslaslalasla",
    "Sol4ri"
  ],
  "log": "|j|\u2606aslaslaslalasla\n|j|\u2606Sol4ri\n|t:|1776341100\n|gametype|doubles\n|player|p1|aslaslaslalasla|102|1000\n|player|p2|Sol4ri|will|1056\n|gen|9\n|tier|[Gen 9 Champions] VGC 2026 Reg M-A\n|rated|\n|rule|Species Clause: Limit one of each Pok\u00e9mon\n|rule|Item Clause: Limit 1 of each item\n|clearpoke\n|poke|p1|Chandelure, L50, F|\n|poke|p1|Meowscarada, L50, F|\n|poke|p1|Sinistcha, L50|\n|poke|p1|Orthworm, L50, M|\n|poke|p1|Sylveon, L50, M|\n|poke|p1|Decidueye, L50, M|\n|poke|p2|Zoroark-Hisui, L50, M|\n|poke|p2|Whimsicott, L50, F|\n|poke|p2|Aegislash, L50, M|\n|poke|p2|Houndoom, L50, M|\n|poke|p2|Milotic, L50, M|\n|poke|p2|Dragonite, L50, F|\n|teampreview|4\n|\n|t:|1776341123\n|teamsize|p1|4\n|teamsize|p2|4\n|start\n|switch|p1a: Telettubi|Orthworm, L50, M|100/100\n|switch|p1b: numero de avogrado|Sylveon, L50, M|100/100\n|switch|p2a: Whimsicott|Whimsicott, L50, F|100/100\n|switch|p2b: Aegislash|Aegislash, L50, M|100/100\n|turn|1\n|inactive|Battle timer is ON: inactive players will automatically lose when time's up. (requested by Sol4ri)\n|\n|t:|1776341168\n|move|p1b: numero de avogrado|Protect|p1b: numero de avogrado\n|-singleturn|p1b: numero de avogrado|Protect\n|move|p2a: Whimsicott|Tailwind|p2a: Whimsicott\n|-sidestart|p2: Sol4ri|move: Tailwind\n|move|p2b: Aegislash|Taunt|p1a: Telettubi\n|-start|p1a: Telettubi|move: Taunt\n|cant|p1a: Telettubi|move: Taunt|Iron Defense\n|\n|upkeep\n|turn|2\n|\n|t:|1776341188\n|move|p1b: numero de avogrado|Protect||[still]\n|-fail|p1b: numero de avogrado\n|move|p2a: Whimsicott|Fake Tears|p1a: Telettubi\n|-unboost|p1a: Telettubi|spd|2\n|move|p2b: Aegislash|Bitter Malice|p1a: Telettubi\n|-damage|p1a: Telettubi|0 fnt\n|faint|p1a: Telettubi\n|\n|upkeep\n|\n|t:|1776341198\n|switch|p1a: taza toca cojones|Sinistcha, L50|100/100\n|turn|3\n|\n|t:|1776341210\n|move|p1b: numero de avogrado|Protect|p1b: numero de avogrado\n|-singleturn|p1b: numero de avogrado|Protect\n|move|p2a: Whimsicott|Fake Tears|p1b: numero de avogrado\n|-activate|p1b: numero de avogrado|move: Protect\n|move|p2b: Aegislash|Bitter Malice|p1a: taza toca cojones\n|-supereffective|p1a: taza toca cojones|1\n|-damage|p1a: taza toca cojones|26/100\n|-unboost|p1a: taza toca cojones|atk|1\n|move|p1a: taza toca cojones|Strength Sap|p2a: Whimsicott\n|-unboost|p2a: Whimsicott|atk|1\n|-heal|p1a: taza toca cojones|70/100\n|\n|-heal|p1a: taza toca cojones|76/100|[from] item: Leftovers\n|upkeep\n|turn|4\n|inactive|Sol4ri has 30 seconds left.\n|inactive|Sol4ri has 20 seconds left.\n|inactive|Sol4ri has 15 seconds left.\n|\n|t:|1776341253\n|move|p1b: numero de avogrado|Protect||[still]\n|-fail|p1b: numero de avogrado\n|move|p2a: Whimsicott|Encore|p1b: numero de avogrado\n|-start|p1b: numero de avogrado|Encore\n|move|p2b: Aegislash|Bitter Malice|p1a: taza toca cojones\n|-supereffective|p1a: taza toca cojones|1\n|-damage|p1a: taza toca cojones|1/100\n|-unboost|p1a: taza toca cojones|atk|1\n|move|p1a: taza toca cojones|Trick Room|p1a: taza toca cojones\n|-fieldstart|move: Trick Room|[of] p1a: taza toca cojones\n|\n|-heal|p1a: taza toca cojones|7/100|[from] item: Leftovers\n|-sideend|p2: Sol4ri|move: Tailwind\n|upkeep\n|turn|5\n|\n|t:|1776341274\n|move|p1b: numero de avogrado|Protect|p1b: numero de avogrado\n|-singleturn|p1b: numero de avogrado|Protect\n|move|p2b: Aegislash|Protect|p2b: Aegislash\n|-singleturn|p2b: Aegislash|Protect\n|move|p2a: Whimsicott|Encore|p1a: taza toca cojones\n|-start|p1a: taza toca cojones|Encore\n|move|p1a: taza toca cojones|Trick Room|p1a: taza toca cojones\n|-fieldend|move: Trick Room\n|\n|-heal|p1a: taza toca cojones|13/100|[from] item: Leftovers\n|upkeep\n|turn|6\n|\n|t:|1776341298\n|switch|p1a: Paloma compuesta|Decidueye, L50, M|100/100\n|move|p1b: numero de avogrado|Protect||[still]\n|-fail|p1b: numero de avogrado\n|move|p2a: Whimsicott|Fake Tears|p1b: numero de avogrado\n|-unboost|p1b: numero de avogrado|spd|2\n|move|p2b: Aegislash|Bitter Malice|p1a: Paloma compuesta\n|-supereffective|p1a: Paloma compuesta|1\n|-damage|p1a: Paloma compuesta|26/100\n|-unboost|p1a: Paloma compuesta|atk|1\n|\n|upkeep\n|turn|7\n|\n|t:|1776341322\n|move|p1b: numero de avogrado|Protect|p1b: numero de avogrado\n|-singleturn|p1b: numero de avogrado|Protect\n|move|p2a: Whimsicott|Tailwind|p2a: Whimsicott\n|-sidestart|p2: Sol4ri|move: Tailwind\n|move|p2b: Aegislash|Bitter Malice|p1a: Paloma compuesta\n|-supereffective|p1a: Paloma compuesta|1\n|-damage|p1a: Paloma compuesta|0 fnt\n|faint|p1a: Paloma compuesta\n|\n|-end|p1b: numero de avogrado|Encore\n|upkeep\n|-message|aslaslaslalasla forfeited.\n|\n|win|Sol4ri\n|raw|aslaslaslalasla's rating: 1000 &rarr; <strong>1000</strong><br />(+0 for losing)\n|raw|Sol4ri's rating: 1056 &rarr; <strong>1083</strong><br />(+27 for winning)\n|l|\u2606aslaslaslalasla\n|player|p1|\n",
  "uploadtime": 1776341338,
  "views": 23,
  "formatid": "gen9championsvgc2026regma",
  "rating": 1000,
  "private": 0,
  "password": null
}