{
  "id": "gen9championsvgc2026regma-2586390642",
  "format": "[Gen 9 Champions] VGC 2026 Reg M-A",
  "players": [
    "vnunesp12",
    "jello197"
  ],
  "log": "|j|\u2606vnunesp12\n|j|\u2606jello197\n|t:|1776431232\n|gametype|doubles\n|player|p1|vnunesp12|red|1141\n|player|p2|jello197|clown|1045\n|gen|9\n|tier|[Gen 9 Champions] VGC 2026 Reg M-A\n|rated|\n|rule|Species Clause: Limit one of each Pok\u00e9mon\n|rule|Item Clause: Limit 1 of each item\n|clearpoke\n|poke|p1|Manectric, L50, M|\n|poke|p1|Pelipper, L50, M|\n|poke|p1|Basculegion, L50, M|\n|poke|p1|Sneasler, L50, M|\n|poke|p1|Kingambit, L50, M|\n|poke|p1|Archaludon, L50, F|\n|poke|p2|Incineroar, L50, M|\n|poke|p2|Charizard, L50, M|\n|poke|p2|Venusaur, L50, M|\n|poke|p2|Garchomp, L50, M|\n|poke|p2|Rotom-Wash, L50|\n|poke|p2|Sneasler, L50, M|\n|teampreview|4\n|inactive|Battle timer is ON: inactive players will automatically lose when time's up. (requested by vnunesp12)\njello197 has agreed to open team sheets.\n|inactive|jello197 has 60 seconds left.\n|\n|t:|1776431287\n|teamsize|p1|4\n|teamsize|p2|4\n|start\n|switch|p1a: Pulga|Sneasler, L50, M|100/100\n|switch|p1b: Luciano Juba|Manectric, L50, M|100/100\n|switch|p2a: Charizard|Charizard, L50, M, shiny|100/100\n|switch|p2b: Garchomp|Garchomp, L50, M, shiny|100/100\n|turn|1\n|inactive|vnunesp12 has 30 seconds left.\n|\n|t:|1776431322\n|detailschange|p1b: Luciano Juba|Manectric-Mega, L50, M\n|-mega|p1b: Luciano Juba|Manectric|Manectite\n|-ability|p1b: Luciano Juba|Intimidate|boost\n|-unboost|p2a: Charizard|atk|1\n|-unboost|p2b: Garchomp|atk|1\n|move|p2b: Garchomp|Protect|p2b: Garchomp\n|-singleturn|p2b: Garchomp|Protect\n|move|p2a: Charizard|Protect|p2a: Charizard\n|-singleturn|p2a: Charizard|Protect\n|move|p1a: Pulga|Fake Out|p2b: Garchomp\n|-activate|p2b: Garchomp|move: Protect\n|move|p1b: Luciano Juba|Volt Switch|p2a: Charizard\n|-activate|p2a: Charizard|move: Protect\n|\n|upkeep\n|turn|2\n|inactive|vnunesp12 has 30 seconds left.\n|inactive|jello197 has 30 seconds left.\n|inactive|jello197 has 20 seconds left.\n|\n|t:|1776431361\n|switch|p2a: Venusaur|Venusaur, L50, M|100/100\n|move|p1a: Pulga|Protect|p1a: Pulga\n|-singleturn|p1a: Pulga|Protect\n|move|p1b: Luciano Juba|Volt Switch|p2a: Venusaur\n|-resisted|p2a: Venusaur|1\n|-damage|p2a: Venusaur|79/100\n|\n|t:|1776431371\n|switch|p1b: Jean Lucas|Basculegion, L50, M|100/100|[from] Volt Switch\n|move|p2b: Garchomp|Earthquake|p1a: Pulga|[spread] p2a,p1b\n|-activate|p1a: Pulga|move: Protect\n|-damage|p2a: Venusaur|43/100\n|-damage|p1b: Jean Lucas|64/100\n|\n|upkeep\n|turn|3\n|inactive|vnunesp12 has 30 seconds left.\n|inactive|vnunesp12 has 20 seconds left.\n|\n|t:|1776431408\n|move|p2a: Venusaur|Protect|p2a: Venusaur\n|-singleturn|p2a: Venusaur|Protect\n|move|p1b: Jean Lucas|Flip Turn|p2b: Garchomp\n|-damage|p2b: Garchomp|71/100\n|-damage|p1b: Jean Lucas|51/100|[from] ability: Rough Skin|[of] p2b: Garchomp\n|\n|t:|1776431415\n|switch|p1b: Luciano Juba|Manectric-Mega, L50, M|100/100|[from] Flip Turn\n|-ability|p1b: Luciano Juba|Intimidate|boost\n|-unboost|p2a: Venusaur|atk|1\n|-unboost|p2b: Garchomp|atk|1\n|move|p1a: Pulga|Close Combat|p2b: Garchomp\n|-damage|p2b: Garchomp|10/100\n|-unboost|p1a: Pulga|def|1\n|-unboost|p1a: Pulga|spd|1\n|-damage|p1a: Pulga|88/100|[from] ability: Rough Skin|[of] p2b: Garchomp\n|-enditem|p1a: Pulga|White Herb\n|-clearnegativeboost|p1a: Pulga|[silent]\n|move|p2b: Garchomp|Earthquake|p1b: Luciano Juba|[spread] p1a,p1b\n|-activate|p2a: Venusaur|move: Protect\n|-supereffective|p1a: Pulga|1\n|-supereffective|p1b: Luciano Juba|1\n|-damage|p1a: Pulga|13/100\n|-damage|p1b: Luciano Juba|38/100\n|\n|upkeep\n|turn|4\n|inactive|vnunesp12 has 30 seconds left.\n|inactive|jello197 has 30 seconds left.\n|inactive|jello197 has 20 seconds left.\n|\n|t:|1776431452\n|switch|p2a: Sneasler|Sneasler, L50, M|100/100\n|move|p1a: Pulga|Protect|p1a: Pulga\n|-singleturn|p1a: Pulga|Protect\n|move|p1b: Luciano Juba|Volt Switch|p2a: Sneasler\n|-damage|p2a: Sneasler|39/100\n|\n|t:|1776431462\n|switch|p1b: Jean Lucas|Basculegion, L50, M|51/100|[from] Volt Switch\n|move|p2b: Garchomp|Rock Slide|p1a: Pulga|[spread] p1b\n|-activate|p1a: Pulga|move: Protect\n|-damage|p1b: Jean Lucas|37/100\n|\n|upkeep\n|turn|5\n|\n|t:|1776431490\n|switch|p1a: \u00c9verton Ribeiro|Pelipper, L50, M|100/100\n|-weather|RainDance|[from] ability: Drizzle|[of] p1a: \u00c9verton Ribeiro\n|move|p2a: Sneasler|Fake Out|p1a: \u00c9verton Ribeiro\n|-damage|p1a: \u00c9verton Ribeiro|85/100\n|move|p1b: Jean Lucas|Flip Turn|p2b: Garchomp\n|-damage|p2b: Garchomp|0 fnt\n|-damage|p1b: Jean Lucas|25/100|[from] ability: Rough Skin|[of] p2b: Garchomp\n|faint|p2b: Garchomp\n|\n|t:|1776431503\n|switch|p1b: Pulga|Sneasler, L50, M|13/100|[from] Flip Turn\n|\n|-weather|RainDance|[upkeep]\n|upkeep\n|\n|t:|1776431508\n|switch|p2b: Charizard|Charizard, L50, M, shiny|100/100\n|turn|6\n|inactive|vnunesp12 has 30 seconds left.\n|\n|t:|1776431538\n|detailschange|p2b: Charizard|Charizard-Mega-Y, L50, M, shiny\n|-mega|p2b: Charizard|Charizard|Charizardite Y\n|-weather|SunnyDay|[from] ability: Drought|[of] p2b: Charizard\n|move|p1b: Pulga|Close Combat|p2a: Sneasler\n|-resisted|p2a: Sneasler|1\n|-damage|p2a: Sneasler|0 fnt\n|-unboost|p1b: Pulga|def|1\n|-unboost|p1b: Pulga|spd|1\n|faint|p2a: Sneasler\n|move|p2b: Charizard|Flamethrower|p1b: Pulga\n|-damage|p1b: Pulga|0 fnt\n|faint|p1b: Pulga\n|move|p1a: \u00c9verton Ribeiro|Tailwind|p1a: \u00c9verton Ribeiro\n|-sidestart|p1: vnunesp12|move: Tailwind\n|\n|-weather|SunnyDay|[upkeep]\n|upkeep\n|\n|t:|1776431555\n|switch|p2a: Venusaur|Venusaur, L50, M|43/100\n|switch|p1b: Jean Lucas|Basculegion, L50, M|25/100\n|turn|7\n|inactive|vnunesp12 has 30 seconds left.\n|inactive|jello197 has 30 seconds left.\n|inactive|vnunesp12 has 20 seconds left.\n|inactive|vnunesp12 has 15 seconds left.\n|inactive|jello197 has 20 seconds left.\n|\n|t:|1776431604\n|move|p1b: Jean Lucas|Ice Fang|p2a: Venusaur\n|-supereffective|p2a: Venusaur|1\n|-damage|p2a: Venusaur|0 fnt\n|faint|p2a: Venusaur\n|move|p1a: \u00c9verton Ribeiro|Weather Ball|p2b: Charizard\n|-resisted|p2b: Charizard|1\n|-damage|p2b: Charizard|83/100\n|move|p2b: Charizard|Solar Beam||[still]\n|-prepare|p2b: Charizard|Solar Beam\n|-anim|p2b: Charizard|Solar Beam|p1a: \u00c9verton Ribeiro\n|-damage|p1a: \u00c9verton Ribeiro|13/100\n|\n|-weather|SunnyDay|[upkeep]\n|upkeep\n|turn|8\n|inactive|vnunesp12 has 30 seconds left.\n|\n|t:|1776431633\n|switch|p1b: Luciano Juba|Manectric-Mega, L50, M|38/100\n|-ability|p1b: Luciano Juba|Intimidate|boost\n|-unboost|p2b: Charizard|atk|1\n|move|p1a: \u00c9verton Ribeiro|Protect|p1a: \u00c9verton Ribeiro\n|-singleturn|p1a: \u00c9verton Ribeiro|Protect\n|move|p2b: Charizard|Flamethrower|p1b: Luciano Juba\n|-damage|p1b: Luciano Juba|0 fnt\n|faint|p1b: Luciano Juba\n|\n|-weather|SunnyDay|[upkeep]\n|upkeep\n|\n|t:|1776431648\n|switch|p1b: Jean Lucas|Basculegion, L50, M|25/100\n|turn|9\n|\n|t:|1776431665\n|move|p1b: Jean Lucas|Last Respects|p2b: Charizard\n|-damage|p2b: Charizard|0 fnt\n|faint|p2b: Charizard\n|\n|win|vnunesp12\n|raw|vnunesp12's rating: 1141 &rarr; <strong>1159</strong><br />(+18 for winning)\n|raw|jello197's rating: 1045 &rarr; <strong>1033</strong><br />(-12 for losing)\n|l|\u2606jello197\n|player|p2|\n",
  "uploadtime": 1776431683,
  "views": 32,
  "formatid": "gen9championsvgc2026regma",
  "rating": 1033,
  "private": 0,
  "password": null
}