{
  "id": "gen9championsvgc2026regma-2588928303",
  "format": "[Gen 9 Champions] VGC 2026 Reg M-A",
  "players": [
    "mahim2004",
    "mizutiga"
  ],
  "log": "|j|\u2606mahim2004\n|j|\u2606mizutiga\n|t:|1776686751\n|gametype|doubles\n|player|p1|mahim2004|2|1000\n|player|p2|mizutiga|266|1065\n|gen|9\n|tier|[Gen 9 Champions] VGC 2026 Reg M-A\n|rated|\n|rule|Species Clause: Limit one of each Pok\u00e9mon\n|rule|Item Clause: Limit 1 of each item\n|clearpoke\n|poke|p1|Chesnaught, L50, F|\n|poke|p1|Farigiraf, L50, F|\n|poke|p1|Corviknight, L50, F|\n|poke|p1|Incineroar, L50, F|\n|poke|p1|Milotic, L50, M|\n|poke|p1|Tyranitar, L50, F|\n|poke|p2|Serperior, L50, M, shiny|\n|poke|p2|Incineroar, L50, F|\n|poke|p2|Tauros-Paldea-Aqua, L50, M|\n|poke|p2|Pelipper, L50, F|\n|poke|p2|Dragonite, L50, F|\n|poke|p2|Milotic, L50, M|\n|teampreview|4\n|\n|t:|1776686789\n|teamsize|p1|4\n|teamsize|p2|4\n|start\n|switch|p1a: Farigiraf|Farigiraf, L50, F|100/100\n|switch|p1b: Incineroar|Incineroar, L50, F|100/100\n|switch|p2a: Serperior|Serperior, L50, M, shiny|100/100\n|switch|p2b: Incineroar|Incineroar, L50, F|100/100\n|-ability|p2b: Incineroar|Intimidate|boost\n|-unboost|p1a: Farigiraf|atk|1\n|-unboost|p1b: Incineroar|atk|1\n|-ability|p1b: Incineroar|Intimidate|boost\n|-boost|p2a: Serperior|atk|1\n|-unboost|p2b: Incineroar|atk|1\n|turn|1\n|inactive|Battle timer is ON: inactive players will automatically lose when time's up. (requested by mahim2004)\n|\n|t:|1776686806\n|move|p2a: Serperior|Protect|p2a: Serperior\n|-singleturn|p2a: Serperior|Protect\n|move|p1b: Incineroar|Fake Out|p2a: Serperior\n|-activate|p2a: Serperior|move: Protect\n|move|p2b: Incineroar|Darkest Lariat|p1a: Farigiraf\n|-supereffective|p1a: Farigiraf|1\n|-enditem|p1a: Farigiraf|Colbur Berry|[eat]\n|-enditem|p1a: Farigiraf|Colbur Berry|[weaken]\n|-damage|p1a: Farigiraf|84/100\n|move|p1a: Farigiraf|Trick Room|p1a: Farigiraf\n|-fieldstart|move: Trick Room|[of] p1a: Farigiraf\n|\n|upkeep\n|turn|2\n|inactive|mizutiga has 30 seconds left.\n|\n|t:|1776686832\n|switch|p2a: Tauros|Tauros-Paldea-Aqua, L50, M|100/100\n|-ability|p2a: Tauros|Intimidate|boost\n|-unboost|p1a: Farigiraf|atk|1\n|-unboost|p1b: Incineroar|atk|1\n|move|p1a: Farigiraf|Protect|p1a: Farigiraf\n|-singleturn|p1a: Farigiraf|Protect\n|move|p1b: Incineroar|Flare Blitz|p2a: Tauros\n|-resisted|p2a: Tauros|1\n|-damage|p2a: Tauros|81/100\n|-damage|p1b: Incineroar|96/100|[from] Recoil\n|move|p2b: Incineroar|Darkest Lariat|p1a: Farigiraf\n|-activate|p1a: Farigiraf|move: Protect\n|\n|upkeep\n|turn|3\n|\n|t:|1776686849\n|switch|p1a: Chesnaught|Chesnaught, L50, F|100/100\n|move|p1b: Incineroar|Parting Shot|p2a: Tauros\n|-unboost|p2a: Tauros|atk|1\n|-unboost|p2a: Tauros|spa|1\n|\n|t:|1776686855\n|switch|p1b: Corviknight|Corviknight, L50, F|100/100|[from] Parting Shot\n|-enditem|p2a: Tauros|White Herb\n|-clearnegativeboost|p2a: Tauros|[silent]\n|move|p2b: Incineroar|Darkest Lariat|p1a: Chesnaught\n|-resisted|p1a: Chesnaught|1\n|-damage|p1a: Chesnaught|94/100\n|move|p2a: Tauros|Close Combat|p1b: Corviknight\n|-damage|p1b: Corviknight|58/100\n|-unboost|p2a: Tauros|def|1\n|-unboost|p2a: Tauros|spd|1\n|\n|upkeep\n|turn|4\n|\n|t:|1776686878\n|switch|p2a: Dragonite|Dragonite, L50, F|100/100\n|detailschange|p1a: Chesnaught|Chesnaught-Mega, L50, F\n|-mega|p1a: Chesnaught|Chesnaught|Chesnaughtite\n|move|p1a: Chesnaught|Iron Defense|p1a: Chesnaught\n|-boost|p1a: Chesnaught|def|2\n|move|p1b: Corviknight|Brave Bird|p2a: Dragonite\n|-damage|p2a: Dragonite|77/100\n|-damage|p1b: Corviknight|50/100|[from] Recoil\n|move|p2b: Incineroar|Flare Blitz|p1a: Chesnaught\n|-supereffective|p1a: Chesnaught|1\n|-damage|p1a: Chesnaught|78/100\n|-damage|p2b: Incineroar|96/100|[from] Recoil\n|\n|upkeep\n|turn|5\n|\n|t:|1776686896\n|switch|p1b: Incineroar|Incineroar, L50, F|96/100\n|-ability|p1b: Incineroar|Intimidate|boost\n|-unboost|p2a: Dragonite|atk|1\n|-unboost|p2b: Incineroar|atk|1\n|detailschange|p2a: Dragonite|Dragonite-Mega, L50, F\n|-mega|p2a: Dragonite|Dragonite|Dragoninite\n|move|p1a: Chesnaught|Body Press|p2b: Incineroar\n|-supereffective|p2b: Incineroar|1\n|-damage|p2b: Incineroar|0 fnt\n|faint|p2b: Incineroar\n|move|p2a: Dragonite|Tailwind|p2a: Dragonite\n|-sidestart|p2: mizutiga|move: Tailwind\n|\n|-fieldend|move: Trick Room\n|upkeep\n|\n|t:|1776686919\n|switch|p2b: Serperior|Serperior, L50, M, shiny|100/100\n|turn|6\n|\n|t:|1776686928\n|move|p1b: Incineroar|Fake Out|p2a: Dragonite\n|-damage|p2a: Dragonite|66/100\n|move|p2b: Serperior|Leaf Storm|p1a: Chesnaught\n|-resisted|p1a: Chesnaught|1\n|-damage|p1a: Chesnaught|55/100\n|-boost|p2b: Serperior|spa|2\n|cant|p2a: Dragonite|flinch\n|move|p1a: Chesnaught|Body Press|p2a: Dragonite\n|-resisted|p2a: Dragonite|1\n|-damage|p2a: Dragonite|21/100\n|\n|upkeep\n|turn|7\n|\n|t:|1776686944\n|move|p1a: Chesnaught|Spiky Shield|p1a: Chesnaught\n|-singleturn|p1a: Chesnaught|move: Protect\n|move|p2b: Serperior|Leaf Storm|p1a: Chesnaught\n|-activate|p1a: Chesnaught|move: Protect\n|move|p2a: Dragonite|Draco Meteor|p1b: Incineroar\n|-crit|p1b: Incineroar\n|-damage|p1b: Incineroar|0 fnt\n|-unboost|p2a: Dragonite|spa|2\n|faint|p1b: Incineroar\n|\n|upkeep\n|\n|t:|1776686952\n|switch|p1b: Farigiraf|Farigiraf, L50, F|84/100\n|turn|8\n|\n|t:|1776686963\n|move|p2a: Dragonite|Protect|p2a: Dragonite\n|-singleturn|p2a: Dragonite|Protect\n|move|p2b: Serperior|Leaf Storm|p1b: Farigiraf\n|-damage|p1b: Farigiraf|0 fnt\n|-boost|p2b: Serperior|spa|2\n|faint|p1b: Farigiraf\n|move|p1a: Chesnaught|Body Press|p2b: Serperior\n|-damage|p2b: Serperior|0 fnt\n|faint|p2b: Serperior\n|\n|-sideend|p2: mizutiga|move: Tailwind\n|upkeep\n|\n|t:|1776686972\n|switch|p2b: Tauros|Tauros-Paldea-Aqua, L50, M|81/100\n|switch|p1b: Corviknight|Corviknight, L50, F|50/100\n|-ability|p2b: Tauros|Intimidate|boost\n|-unboost|p1a: Chesnaught|atk|1\n|-ability|p1b: Corviknight|Mirror Armor\n|-unboost|p2b: Tauros|atk|1\n|turn|9\n|\n|t:|1776686984\n|move|p2b: Tauros|Close Combat|p1a: Chesnaught\n|-damage|p1a: Chesnaught|47/100\n|-unboost|p2b: Tauros|def|1\n|-unboost|p2b: Tauros|spd|1\n|move|p2a: Dragonite|Thunder|p1b: Corviknight|[miss]\n|-miss|p2a: Dragonite|p1b: Corviknight\n|move|p1b: Corviknight|Brave Bird|p2a: Dragonite\n|-damage|p2a: Dragonite|0 fnt\n|faint|p2a: Dragonite\n|-damage|p1b: Corviknight|43/100|[from] Recoil\n|move|p1a: Chesnaught|Body Press|p2b: Tauros\n|-damage|p2b: Tauros|0 fnt\n|faint|p2b: Tauros\n|\n|win|mahim2004\n|raw|mahim2004's rating: 1000 &rarr; <strong>1047</strong><br />(+47 for winning)\n|raw|mizutiga's rating: 1065 &rarr; <strong>1042</strong><br />(-23 for losing)\n",
  "uploadtime": 1776686988,
  "views": 7,
  "formatid": "gen9championsvgc2026regma",
  "rating": 1042,
  "private": 0,
  "password": null
}