{
  "id": "gen9championsvgc2026regma-2581626944",
  "format": "[Gen 9 Champions] VGC 2026 Reg M-A",
  "players": [
    "cjmoolah",
    "picori10"
  ],
  "log": "|j|\u2606cjmoolah\n|j|\u2606picori10\n|t:|1776016204\n|gametype|doubles\n|player|p1|cjmoolah|steven|1000\n|player|p2|picori10|102|1000\n|gen|9\n|tier|[Gen 9 Champions] VGC 2026 Reg M-A\n|rated|\n|rule|Species Clause: Limit one of each Pok\u00e9mon\n|rule|Item Clause: Limit 1 of each item\n|clearpoke\n|poke|p1|Dragonite, L50, F|\n|poke|p1|Pelipper, L50, F|\n|poke|p1|Decidueye-Hisui, L50, M|\n|poke|p1|Rotom-Heat, L50|\n|poke|p1|Maushold-Four, L50|\n|poke|p1|Basculegion, L50, M|\n|poke|p2|Pelipper, L50, M|\n|poke|p2|Archaludon, L50, F|\n|poke|p2|Basculegion, L50, M|\n|poke|p2|Dragonite, L50, M|\n|poke|p2|Incineroar, L50, M|\n|poke|p2|Sneasler, L50, F|\n|teampreview|4\n|\n|t:|1776016249\n|teamsize|p1|4\n|teamsize|p2|4\n|start\n|switch|p1a: Rotom|Rotom-Heat, L50, shiny|100/100\n|switch|p1b: Decidueye|Decidueye-Hisui, L50, M, shiny|100/100\n|switch|p2a: Pelipper|Pelipper, L50, M|100/100\n|switch|p2b: Basculegion|Basculegion, L50, M|100/100\n|turn|1\n|inactive|Battle timer is ON: inactive players will automatically lose when time's up. (requested by cjmoolah)\n|\n|t:|1776016277\n|move|p2b: Basculegion|Flip Turn|p1a: Rotom\n|-supereffective|p1a: Rotom|1\n|-enditem|p1a: Rotom|Passho Berry|[eat]\n|-enditem|p1a: Rotom|Passho Berry|[weaken]\n|-damage|p1a: Rotom|46/100\n|\n|t:|1776016282\n|switch|p2b: Dragonite|Dragonite, L50, M|100/100|[from] Flip Turn\n|move|p1a: Rotom|Volt Switch|p2a: Pelipper\n|-supereffective|p2a: Pelipper|2\n|-enditem|p2a: Pelipper|Focus Sash\n|-damage|p2a: Pelipper|1/100\n|\n|t:|1776016291\n|switch|p1a: Pelipper|Pelipper, L50, F, shiny|100/100|[from] Volt Switch\n|-weather|RainDance|[from] ability: Drizzle|[of] p1a: Pelipper\n|move|p2a: Pelipper|Tailwind|p2a: Pelipper\n|-sidestart|p2: picori10|move: Tailwind\n|move|p1b: Decidueye|Leaf Blade|p2b: Dragonite\n|-resisted|p2b: Dragonite|2\n|-damage|p2b: Dragonite|95/100\n|\n|-weather|RainDance|[upkeep]\n|upkeep\n|turn|2\n|inactive|picori10 has 30 seconds left.\n|\n|t:|1776016316\n|detailschange|p2b: Dragonite|Dragonite-Mega, L50, M\n|-mega|p2b: Dragonite|Dragonite|Dragoninite\n|move|p2b: Dragonite|Hurricane|p1b: Decidueye\n|-supereffective|p1b: Decidueye|2\n|-enditem|p1b: Decidueye|Focus Sash\n|-damage|p1b: Decidueye|1/100\n|-start|p1b: Decidueye|confusion\n|move|p2a: Pelipper|Hurricane|p1a: Pelipper\n|-damage|p1a: Pelipper|51/100\n|-activate|p1b: Decidueye|confusion\n|move|p1b: Decidueye|Swords Dance|p1b: Decidueye\n|-boost|p1b: Decidueye|atk|2\n|move|p1a: Pelipper|Tailwind|p1a: Pelipper\n|-sidestart|p1: cjmoolah|move: Tailwind\n|\n|-weather|RainDance|[upkeep]\n|upkeep\n|turn|3\n|\n|t:|1776016341\n|switch|p1b: Basculegion|Basculegion, L50, M, shiny|100/100\n|move|p2b: Dragonite|Thunder|p1b: Basculegion\n|-supereffective|p1b: Basculegion|1\n|-damage|p1b: Basculegion|0 fnt\n|faint|p1b: Basculegion\n|move|p2a: Pelipper|Hurricane|p1a: Pelipper\n|-damage|p1a: Pelipper|2/100\n|move|p1a: Pelipper|Ice Beam|p2b: Dragonite\n|-supereffective|p2b: Dragonite|2\n|-damage|p2b: Dragonite|21/100\n|\n|-weather|RainDance|[upkeep]\n|upkeep\n|\n|t:|1776016357\n|switch|p1b: Rotom|Rotom-Heat, L50, shiny|46/100\n|turn|4\n|\n|t:|1776016372\n|move|p1a: Pelipper|Protect|p1a: Pelipper\n|-singleturn|p1a: Pelipper|Protect\n|move|p2b: Dragonite|Hurricane|p1b: Rotom\n|-resisted|p1b: Rotom|1\n|-damage|p1b: Rotom|0 fnt\n|faint|p1b: Rotom\n|move|p2a: Pelipper|Hurricane|p1a: Pelipper\n|-activate|p1a: Pelipper|move: Protect\n|\n|-weather|RainDance|[upkeep]\n|-sideend|p2: picori10|move: Tailwind\n|upkeep\n|\n|t:|1776016383\n|switch|p1b: Decidueye|Decidueye-Hisui, L50, M, shiny|1/100\n|turn|5\n|-message|cjmoolah forfeited.\n|\n|win|picori10\n|raw|cjmoolah's rating: 1000 &rarr; <strong>1000</strong><br />(+0 for losing)\n|raw|picori10's rating: 1000 &rarr; <strong>1040</strong><br />(+40 for winning)\n|l|\u2606cjmoolah\n|player|p1|\n",
  "uploadtime": 1776016400,
  "views": 14,
  "formatid": "gen9championsvgc2026regma",
  "rating": 1000,
  "private": 0,
  "password": null
}