{
  "id": "gen9championsvgc2026regma-2582669120",
  "format": "[Gen 9 Champions] VGC 2026 Reg M-A",
  "players": [
    "megarekuzza",
    "chiraquanid"
  ],
  "log": "|j|\u2606megarekuzza\n|j|\u2606chiraquanid\n|t:|1776106146\n|gametype|doubles\n|player|p1|megarekuzza|brycenman|1040\n|player|p2|chiraquanid|170|1119\n|gen|9\n|tier|[Gen 9 Champions] VGC 2026 Reg M-A\n|rated|\n|rule|Species Clause: Limit one of each Pok\u00e9mon\n|rule|Item Clause: Limit 1 of each item\n|clearpoke\n|poke|p1|Froslass, L50, F|\n|poke|p1|Palafin, L50, M|\n|poke|p1|Sneasler, L50, F|\n|poke|p1|Meowscarada, L50, F|\n|poke|p1|Incineroar, L50, F|\n|poke|p1|Maushold-Four, L50|\n|poke|p2|Skarmory, L50, F|\n|poke|p2|Salazzle, L50, F|\n|poke|p2|Rotom-Wash, L50|\n|poke|p2|Ninetales-Alola, L50, F|\n|poke|p2|Whimsicott, L50, M|\n|teampreview|4\n|inactive|Battle timer is ON: inactive players will automatically lose when time's up. (requested by megarekuzza)\n|\n|t:|1776106207\n|teamsize|p1|4\n|teamsize|p2|4\n|start\n|switch|p1a: Toxic claws \ud83d\ude08\ud83d\ude08|Sneasler, L50, F, shiny|100/100\n|switch|p1b: Wolfey|Incineroar, L50, F, shiny|100/100\n|switch|p2a: Salazzle|Salazzle, L50, F|100/100\n|switch|p2b: Skarmory|Skarmory, L50, F|100/100\n|-ability|p1b: Wolfey|Intimidate|boost\n|-fail|p2a: Salazzle|unboost|Attack|[from] ability: Oblivious|[of] p2a: Salazzle\n|-unboost|p2b: Skarmory|atk|1\n|turn|1\n|\n|t:|1776106222\n|move|p1a: Toxic claws \ud83d\ude08\ud83d\ude08|Fake Out|p2a: Salazzle\n|-damage|p2a: Salazzle|70/100\n|cant|p2a: Salazzle|flinch\n|move|p2b: Skarmory|Swords Dance|p2b: Skarmory\n|-boost|p2b: Skarmory|atk|2\n|move|p1b: Wolfey|Flare Blitz|p2b: Skarmory\n|-supereffective|p2b: Skarmory|1\n|-damage|p2b: Skarmory|5/100\n|-damage|p1b: Wolfey|74/100|[from] Recoil\n|\n|upkeep\n|turn|2\n|\n|t:|1776106243\n|move|p1a: Toxic claws \ud83d\ude08\ud83d\ude08|Protect|p1a: Toxic claws \ud83d\ude08\ud83d\ude08\n|-singleturn|p1a: Toxic claws \ud83d\ude08\ud83d\ude08|Protect\n|move|p2b: Skarmory|Protect|p2b: Skarmory\n|-singleturn|p2b: Skarmory|Protect\n|move|p2a: Salazzle|Sludge Wave|p1b: Wolfey|[spread] p1b\n|-activate|p2b: Skarmory|move: Protect\n|-activate|p1a: Toxic claws \ud83d\ude08\ud83d\ude08|move: Protect\n|-damage|p1b: Wolfey|34/100\n|move|p1b: Wolfey|Throat Chop|p2b: Skarmory\n|-activate|p2b: Skarmory|move: Protect\n|\n|upkeep\n|turn|3\n|\n|t:|1776106257\n|switch|p1a: Disguised hero|Palafin, L50, M, shiny|100/100\n|detailschange|p2b: Skarmory|Skarmory-Mega, L50, F\n|-mega|p2b: Skarmory|Skarmory|Skarmorite\n|move|p1b: Wolfey|Protect|p1b: Wolfey\n|-singleturn|p1b: Wolfey|Protect\n|move|p2a: Salazzle|Sludge Wave|p1a: Disguised hero|[spread] p1a\n|-activate|p1b: Wolfey|move: Protect\n|-immune|p2b: Skarmory\n|-damage|p1a: Disguised hero|39/100\n|move|p2b: Skarmory|Iron Head|p1a: Disguised hero\n|-resisted|p1a: Disguised hero|1\n|-damage|p1a: Disguised hero|0 fnt\n|faint|p1a: Disguised hero\n|\n|upkeep\n|\n|t:|1776106275\n|switch|p1a: Toxic claws \ud83d\ude08\ud83d\ude08|Sneasler, L50, F, shiny|100/100\n|turn|4\n|\n|t:|1776106285\n|move|p1a: Toxic claws \ud83d\ude08\ud83d\ude08|Fake Out|p2b: Skarmory\n|-resisted|p2b: Skarmory|1\n|-damage|p2b: Skarmory|0 fnt\n|faint|p2b: Skarmory\n|move|p2a: Salazzle|Sludge Wave|p1b: Wolfey|[spread] p1a,p1b\n|-resisted|p1a: Toxic claws \ud83d\ude08\ud83d\ude08|1\n|-damage|p1a: Toxic claws \ud83d\ude08\ud83d\ude08|73/100\n|-damage|p1b: Wolfey|0 fnt\n|faint|p1b: Wolfey\n|\n|upkeep\n|\n|t:|1776106294\n|switch|p2b: Whimsicott|Whimsicott, L50, M|100/100\n|switch|p1b: Girl Freeze'em|Froslass, L50, F|100/100\n|turn|5\n|\n|t:|1776106308\n|detailschange|p1b: Girl Freeze'em|Froslass-Mega, L50, F\n|-mega|p1b: Girl Freeze'em|Froslass|Froslassite\n|-weather|Snowscape|[from] ability: Snow Warning|[of] p1b: Girl Freeze'em\n|move|p2b: Whimsicott|Encore|p1a: Toxic claws \ud83d\ude08\ud83d\ude08\n|-start|p1a: Toxic claws \ud83d\ude08\ud83d\ude08|Encore\n|move|p1a: Toxic claws \ud83d\ude08\ud83d\ude08|Fake Out||[still]\n|-hint|Fake Out only works on your first turn out.\n|-fail|p1a: Toxic claws \ud83d\ude08\ud83d\ude08\n|move|p2a: Salazzle|Flamethrower|p1b: Girl Freeze'em\n|-supereffective|p1b: Girl Freeze'em|1\n|-damage|p1b: Girl Freeze'em|1/100\n|move|p1b: Girl Freeze'em|Aurora Veil|p1b: Girl Freeze'em\n|-sidestart|p1: megarekuzza|move: Aurora Veil\n|\n|-weather|Snowscape|[upkeep]\n|upkeep\n|turn|6\n|\n|t:|1776106325\n|move|p2a: Salazzle|Sludge Wave|p1a: Toxic claws \ud83d\ude08\ud83d\ude08|[spread] p2b,p1a,p1b\n|-supereffective|p2b: Whimsicott|2\n|-resisted|p1a: Toxic claws \ud83d\ude08\ud83d\ude08|1\n|-resisted|p1b: Girl Freeze'em|1\n|-enditem|p2b: Whimsicott|Focus Sash\n|-damage|p2b: Whimsicott|1/100\n|-damage|p1a: Toxic claws \ud83d\ude08\ud83d\ude08|54/100\n|-damage|p1b: Girl Freeze'em|0 fnt\n|faint|p1b: Girl Freeze'em\n|-activate|p1a: Toxic claws \ud83d\ude08\ud83d\ude08|move: Struggle\n|move|p1a: Toxic claws \ud83d\ude08\ud83d\ude08|Struggle|p2b: Whimsicott\n|-damage|p2b: Whimsicott|0 fnt\n|faint|p2b: Whimsicott\n|-damage|p1a: Toxic claws \ud83d\ude08\ud83d\ude08|29/100|[from] recoil\n|\n|-weather|Snowscape|[upkeep]\n|upkeep\n|\n|t:|1776106334\n|switch|p2b: Ninetales|Ninetales-Alola, L50, F|100/100\n|turn|7\n|-message|megarekuzza forfeited.\n|\n|win|chiraquanid\n|raw|megarekuzza's rating: 1040 &rarr; <strong>1028</strong><br />(-12 for losing)\n|raw|chiraquanid's rating: 1119 &rarr; <strong>1138</strong><br />(+19 for winning)\n|l|\u2606megarekuzza\n|player|p1|\n|j|\u2606megarekuzza\n|player|p1|megarekuzza|brycenman|\n|l|\u2606megarekuzza\n|player|p1|\n",
  "uploadtime": 1776106689,
  "views": 15,
  "formatid": "gen9championsvgc2026regma",
  "rating": 1028,
  "private": 0,
  "password": null
}