{
  "id": "gen9championsvgc2026regma-2582931466",
  "format": "[Gen 9 Champions] VGC 2026 Reg M-A",
  "players": [
    "kauezaovgc",
    "Slawppi"
  ],
  "log": "|j|\u2606kauezaovgc\n|j|\u2606Slawppi\n|t:|1776126076\n|gametype|doubles\n|player|p1|kauezaovgc|2|1258\n|player|p2|Slawppi|101|1185\n|gen|9\n|tier|[Gen 9 Champions] VGC 2026 Reg M-A\n|rated|\n|rule|Species Clause: Limit one of each Pok\u00e9mon\n|rule|Item Clause: Limit 1 of each item\n|clearpoke\n|poke|p1|Meowstic, L50, M|\n|poke|p1|Alakazam, L50, F|\n|poke|p1|Sneasler, L50, F|\n|poke|p1|Basculegion, L50, M|\n|poke|p1|Incineroar, L50, F|\n|poke|p1|Sinistcha, L50|\n|poke|p2|Garchomp, L50, M|\n|poke|p2|Charizard, L50, M|\n|poke|p2|Sneasler, L50, M|\n|poke|p2|Whimsicott, L50, F|\n|poke|p2|Incineroar, L50, F|\n|poke|p2|Maushold-Four, L50|\n|teampreview|4\n|inactive|Battle timer is ON: inactive players will automatically lose when time's up. (requested by kauezaovgc)\n|inactive|kauezaovgc has 60 seconds left.\n|inactive|Slawppi has 60 seconds left.\n|inactive|kauezaovgc has 30 seconds left.\n|\n|t:|1776126146\n|teamsize|p1|4\n|teamsize|p2|4\n|start\n|switch|p1a: Meowstic|Meowstic, L50, M|100/100\n|switch|p1b: Incineroar|Incineroar, L50, F|100/100\n|switch|p2a: Garchomp|Garchomp, L50, M|100/100\n|switch|p2b: Whimsicott|Whimsicott, L50, F|100/100\n|-ability|p1b: Incineroar|Intimidate|boost\n|-unboost|p2a: Garchomp|atk|1\n|-unboost|p2b: Whimsicott|atk|1\n|turn|1\n|\n|t:|1776126159\n|move|p1b: Incineroar|Fake Out|p2a: Garchomp\n|-damage|p2a: Garchomp|89/100\n|-damage|p1b: Incineroar|88/100|[from] ability: Rough Skin|[of] p2a: Garchomp\n|move|p2b: Whimsicott|Tailwind|p2b: Whimsicott\n|-sidestart|p2: Slawppi|move: Tailwind\n|move|p1a: Meowstic|Psychic Terrain|p1a: Meowstic\n|-fieldstart|move: Psychic Terrain\n|cant|p2a: Garchomp|flinch\n|\n|upkeep\n|turn|2\n|inactive|Slawppi has 30 seconds left.\n|\n|t:|1776126185\n|switch|p2a: Charizard|Charizard, L50, M|100/100\n|move|p1a: Meowstic|Reflect|p1a: Meowstic\n|-sidestart|p1: kauezaovgc|Reflect\n|move|p2b: Whimsicott|Moonblast|p1b: Incineroar\n|-damage|p1b: Incineroar|59/100\n|move|p1b: Incineroar|Parting Shot|p2a: Charizard\n|-unboost|p2a: Charizard|atk|1\n|-unboost|p2a: Charizard|spa|1\n|\n|t:|1776126191\n|switch|p1b: Alakazam|Alakazam, L50, F|100/100|[from] Parting Shot\n|\n|upkeep\n|turn|3\n|\n|t:|1776126210\n|detailschange|p2a: Charizard|Charizard-Mega-Y, L50, M\n|-mega|p2a: Charizard|Charizard|Charizardite Y\n|-weather|SunnyDay|[from] ability: Drought|[of] p2a: Charizard\n|detailschange|p1b: Alakazam|Alakazam-Mega, L50, F\n|-mega|p1b: Alakazam|Alakazam|Alakazite\n|-ability|p1b: Alakazam|Drought|Trace|[from] ability: Trace|[of] p2a: Charizard\n|move|p2b: Whimsicott|Helping Hand|p2a: Charizard\n|-singleturn|p2a: Charizard|Helping Hand|[of] p2b: Whimsicott\n|move|p1a: Meowstic|Light Screen|p1a: Meowstic\n|-sidestart|p1: kauezaovgc|move: Light Screen\n|move|p2a: Charizard|Heat Wave|p1a: Meowstic|[spread] p1a\n|-miss|p2a: Charizard|p1b: Alakazam\n|-damage|p1a: Meowstic|56/100\n|move|p1b: Alakazam|Expanding Force|p2a: Charizard|[spread] p2a,p2b\n|-crit|p2a: Charizard\n|-damage|p2a: Charizard|0 fnt\n|-enditem|p2b: Whimsicott|Focus Sash\n|-damage|p2b: Whimsicott|1/100\n|faint|p2a: Charizard\n|\n|-weather|SunnyDay|[upkeep]\n|upkeep\n|\n|t:|1776126229\n|switch|p2a: Garchomp|Garchomp, L50, M|89/100\n|turn|4\n|\n|t:|1776126240\n|move|p2b: Whimsicott|Helping Hand|p2a: Garchomp\n|-singleturn|p2a: Garchomp|Helping Hand|[of] p2b: Whimsicott\n|move|p2a: Garchomp|Earthquake|p1b: Alakazam|[spread] p2b,p1a,p1b\n|-resisted|p2b: Whimsicott|1\n|-damage|p2b: Whimsicott|0 fnt\n|-damage|p1a: Meowstic|19/100\n|-damage|p1b: Alakazam|22/100\n|faint|p2b: Whimsicott\n|move|p1b: Alakazam|Expanding Force|p2a: Garchomp\n|-damage|p2a: Garchomp|0 fnt\n|faint|p2a: Garchomp\n|move|p1a: Meowstic|Expanding Force|p2: Garchomp|[notarget]\n|-fail|p1a: Meowstic\n|\n|-weather|SunnyDay|[upkeep]\n|-sideend|p2: Slawppi|move: Tailwind\n|upkeep\n|\n|t:|1776126253\n|switch|p2a: Sneasler|Sneasler, L50, M|100/100\n|turn|5\n|\n|t:|1776126267\n|move|p1b: Alakazam|Expanding Force|p2a: Sneasler\n|-supereffective|p2a: Sneasler|2\n|-damage|p2a: Sneasler|0 fnt\n|faint|p2a: Sneasler\n|\n|win|kauezaovgc\n|raw|kauezaovgc's rating: 1258 &rarr; <strong>1278</strong><br />(+20 for winning)\n|raw|Slawppi's rating: 1185 &rarr; <strong>1165</strong><br />(-20 for losing)\n",
  "uploadtime": 1776126269,
  "views": 33,
  "formatid": "gen9championsvgc2026regma",
  "rating": 1165,
  "private": 0,
  "password": null
}