{
  "id": "gen9championsvgc2026regma-2588632878",
  "format": "[Gen 9 Champions] VGC 2026 Reg M-A",
  "players": [
    "BossgodoraII",
    "Krisuerte"
  ],
  "log": "|j|\u2606BossgodoraII\n|j|\u2606Krisuerte\n|t:|1776652071\n|gametype|doubles\n|player|p1|BossgodoraII|gentleman-gen4|1575\n|player|p2|Krisuerte|1|1500\n|gen|9\n|tier|[Gen 9 Champions] VGC 2026 Reg M-A\n|rated|\n|rule|Species Clause: Limit one of each Pok\u00e9mon\n|rule|Item Clause: Limit 1 of each item\n|clearpoke\n|poke|p1|Delphox, L50, M|\n|poke|p1|Floette-Eternal, L50, F|\n|poke|p1|Sneasler, L50, F|\n|poke|p1|Aerodactyl, L50, M|\n|poke|p1|Garchomp, L50, F|\n|poke|p1|Kingambit, L50, F|\n|poke|p2|Archaludon, L50, M|\n|poke|p2|Feraligatr, L50, M|\n|poke|p2|Pelipper, L50, M|\n|poke|p2|Scizor, L50, M|\n|poke|p2|Sneasler, L50, F|\n|poke|p2|Sinistcha-Masterpiece, L50|\n|teampreview|4\nBossgodoraII rejected open team sheets.\n|inactive|Battle timer is ON: inactive players will automatically lose when time's up. (requested by Krisuerte)\n|\n|t:|1776652115\n|teamsize|p1|4\n|teamsize|p2|4\n|start\n|switch|p1a: Delphox|Delphox, L50, M|100/100\n|switch|p1b: Sneasler|Sneasler, L50, F|100/100\n|switch|p2a: Archaludon|Archaludon, L50, M|100/100\n|switch|p2b: Scizor|Scizor, L50, M|100/100\n|turn|1\n|inactive|Krisuerte has 30 seconds left.\n|inactive|Krisuerte has 20 seconds left.\n|\n|t:|1776652152\n|switch|p2b: Feraligatr|Feraligatr, L50, M|100/100\n|detailschange|p1a: Delphox|Delphox-Mega, L50, M\n|-mega|p1a: Delphox|Delphox|Delphoxite\n|move|p2a: Archaludon|Protect|p2a: Archaludon\n|-singleturn|p2a: Archaludon|Protect\n|move|p1a: Delphox|Psychic|p2b: Feraligatr\n|-damage|p2b: Feraligatr|45/100\n|move|p1b: Sneasler|Close Combat|p2b: Feraligatr\n|-damage|p2b: Feraligatr|0 fnt\n|-unboost|p1b: Sneasler|def|1\n|-unboost|p1b: Sneasler|spd|1\n|faint|p2b: Feraligatr\n|-enditem|p1b: Sneasler|White Herb\n|-clearnegativeboost|p1b: Sneasler|[silent]\n|\n|upkeep\n|\n|t:|1776652170\n|switch|p2b: Pelipper|Pelipper, L50, M|100/100\n|-weather|RainDance|[from] ability: Drizzle|[of] p2b: Pelipper\n|turn|2\n|\n|t:|1776652182\n|switch|p1a: Aerodactyl|Aerodactyl, L50, M|100/100\n|-ability|p1a: Aerodactyl|Unnerve\n|move|p1b: Sneasler|Close Combat|p2a: Archaludon\n|-supereffective|p2a: Archaludon|1\n|-damage|p2a: Archaludon|17/100\n|-unboost|p1b: Sneasler|def|1\n|-unboost|p1b: Sneasler|spd|1\n|-ability|p2a: Archaludon|Stamina|boost\n|-boost|p2a: Archaludon|def|1\n|move|p2b: Pelipper|Weather Ball|p1a: Aerodactyl\n|-supereffective|p1a: Aerodactyl|1\n|-enditem|p1a: Aerodactyl|Focus Sash\n|-damage|p1a: Aerodactyl|1/100\n|move|p2a: Archaludon|Electro Shot||[still]\n|-prepare|p2a: Archaludon|Electro Shot\n|-boost|p2a: Archaludon|spa|1\n|-anim|p2a: Archaludon|Electro Shot|p1b: Sneasler\n|-damage|p1b: Sneasler|0 fnt\n|faint|p1b: Sneasler\n|\n|-weather|RainDance|[upkeep]\n|-heal|p2a: Archaludon|23/100|[from] item: Leftovers\n|upkeep\n|\n|t:|1776652187\n|switch|p1b: Kingambit|Kingambit, L50, F|100/100\n|turn|3\n|inactive|Krisuerte has 30 seconds left.\n|\n|t:|1776652218\n|move|p1a: Aerodactyl|Rock Slide|p2a: Archaludon|[spread] p2a,p2b\n|-resisted|p2a: Archaludon|1\n|-supereffective|p2b: Pelipper|1\n|-damage|p2a: Archaludon|18/100\n|-damage|p2b: Pelipper|35/100\n|-ability|p2a: Archaludon|Stamina|boost\n|-boost|p2a: Archaludon|def|1\n|move|p2b: Pelipper|Weather Ball|p1b: Kingambit\n|-damage|p1b: Kingambit|38/100\n|cant|p2a: Archaludon|flinch\n|move|p1b: Kingambit|Kowtow Cleave|p2a: Archaludon\n|-damage|p2a: Archaludon|0 fnt\n|faint|p2a: Archaludon\n|\n|-weather|RainDance|[upkeep]\n|upkeep\n|\n|t:|1776652235\n|switch|p2a: Scizor|Scizor, L50, M|100/100\n|turn|4\n|\n|t:|1776652250\n|move|p1a: Aerodactyl|Rock Slide|p2a: Scizor|[spread] p2b\n|-miss|p1a: Aerodactyl|p2a: Scizor\n|-supereffective|p2b: Pelipper|1\n|-damage|p2b: Pelipper|0 fnt\n|faint|p2b: Pelipper\n|move|p2a: Scizor|Swords Dance|p2a: Scizor\n|-boost|p2a: Scizor|atk|2\n|move|p1b: Kingambit|Kowtow Cleave|p2a: Scizor\n|-damage|p2a: Scizor|36/100\n|\n|-weather|RainDance|[upkeep]\n|upkeep\n|turn|5\n|j| frankyuan\n|inactive|BossgodoraII has 30 seconds left.\n|inactive|BossgodoraII has 20 seconds left.\n|inactive|BossgodoraII has 15 seconds left.\n|\n|t:|1776652295\n|move|p2a: Scizor|Bullet Punch|p1b: Kingambit\n|-resisted|p1b: Kingambit|1\n|-damage|p1b: Kingambit|5/100\n|move|p1a: Aerodactyl|Rock Slide|p2a: Scizor\n|-damage|p2a: Scizor|2/100\n|move|p1b: Kingambit|Kowtow Cleave|p2a: Scizor\n|-damage|p2a: Scizor|0 fnt\n|faint|p2a: Scizor\n|\n|win|BossgodoraII\n|raw|BossgodoraII's rating: 1575 &rarr; <strong>1591</strong><br />(+16 for winning)\n|raw|Krisuerte's rating: 1500 &rarr; <strong>1484</strong><br />(-16 for losing)\n|l|\u2606Krisuerte\n|player|p2|\n",
  "uploadtime": 1776652304,
  "views": 6,
  "formatid": "gen9championsvgc2026regma",
  "rating": 1484,
  "private": 0,
  "password": null
}