{
  "id": "gen9championsvgc2026regma-2587869508",
  "format": "[Gen 9 Champions] VGC 2026 Reg M-A",
  "players": [
    "LiquidCircuit",
    "KingOvershield"
  ],
  "log": "|j|\u2606LiquidCircuit\n|j|\u2606KingOvershield\n|t:|1776572676\n|gametype|doubles\n|player|p1|LiquidCircuit|cameraman|1225\n|player|p2|KingOvershield|bugcatcher-gen4dp|1132\n|gen|9\n|tier|[Gen 9 Champions] VGC 2026 Reg M-A\n|rated|\n|rule|Species Clause: Limit one of each Pok\u00e9mon\n|rule|Item Clause: Limit 1 of each item\n|clearpoke\n|poke|p1|Dragapult, L50, F|\n|poke|p1|Sableye, L50, M, shiny|\n|poke|p1|Aerodactyl, L50, M|\n|poke|p1|Kingambit, L50, F|\n|poke|p1|Delphox, L50, M, shiny|\n|poke|p1|Mamoswine, L50, F|\n|poke|p2|Sableye, L50, M|\n|poke|p2|Gyarados, L50, M|\n|poke|p2|Sinistcha, L50|\n|poke|p2|Lucario, L50, F|\n|poke|p2|Glimmora, L50, M|\n|poke|p2|Arcanine-Hisui, L50, M|\n|teampreview|4\n|inactive|Battle timer is ON: inactive players will automatically lose when time's up. (requested by LiquidCircuit)\n|inactive|LiquidCircuit has 60 seconds left.\n|inactive|KingOvershield has 60 seconds left.\n|\n|t:|1776572713\n|teamsize|p1|4\n|teamsize|p2|4\n|start\n|switch|p1a: Sableye|Sableye, L50, M, shiny|100/100\n|switch|p1b: Mamoswine|Mamoswine, L50, F|100/100\n|switch|p2a: Sableye|Sableye, L50, M|100/100\n|switch|p2b: Arcanine|Arcanine-Hisui, L50, M|100/100\n|-ability|p2b: Arcanine|Intimidate|boost\n|-unboost|p1a: Sableye|atk|1\n|-fail|p1b: Mamoswine|unboost|Attack|[from] ability: Oblivious|[of] p1b: Mamoswine\n|turn|1\n|inactive|LiquidCircuit has 30 seconds left.\n|inactive|KingOvershield has 30 seconds left.\n|\n|t:|1776572747\n|switch|p2b: Glimmora|Glimmora, L50, M|100/100\n|move|p2a: Sableye|Fake Out|p1b: Mamoswine\n|-damage|p1b: Mamoswine|91/100\n|move|p1a: Sableye|Gravity|p1a: Sableye\n|-fieldstart|move: Gravity\n|cant|p1b: Mamoswine|flinch\n|\n|upkeep\n|turn|2\n|inactive|KingOvershield has 30 seconds left.\n|inactive|KingOvershield has 20 seconds left.\n|\n|t:|1776572786\n|detailschange|p2b: Glimmora|Glimmora-Mega, L50, M\n|-mega|p2b: Glimmora|Glimmora|Glimmoranite\n|move|p2a: Sableye|Will-O-Wisp|p1b: Mamoswine\n|-status|p1b: Mamoswine|brn\n|move|p1a: Sableye|Encore|p2a: Sableye\n|-hint|Since gen 7, Dark is immune to Prankster moves.\n|-immune|p2a: Sableye\n|move|p1b: Mamoswine|Earthquake|p2b: Glimmora|[spread] p1a,p2a,p2b\n|-supereffective|p2b: Glimmora|2\n|-damage|p1a: Sableye|76/100\n|-damage|p2a: Sableye|70/100\n|-damage|p2b: Glimmora|13/100\n|move|p2b: Glimmora|Power Gem|p1b: Mamoswine\n|-damage|p1b: Mamoswine|0 fnt\n|faint|p1b: Mamoswine\n|\n|-heal|p1a: Sableye|81/100|[from] item: Leftovers\n|upkeep\n|\n|t:|1776572805\n|switch|p1b: Dragapult|Dragapult, L50, F|100/100\n|turn|3\n|\n|t:|1776572825\n|move|p2b: Glimmora|Spiky Shield|p2b: Glimmora\n|-singleturn|p2b: Glimmora|move: Protect\n|move|p2a: Sableye|Will-O-Wisp|p1b: Dragapult\n|-status|p1b: Dragapult|brn\n|move|p1a: Sableye|Disable|p2a: Sableye\n|-hint|Since gen 7, Dark is immune to Prankster moves.\n|-immune|p2a: Sableye\n|move|p1b: Dragapult|Dragon Darts|p2a: Sableye\n|-damage|p2a: Sableye|52/100\n|-anim|p1b: Dragapult|Dragon Darts|p2a: Sableye\n|-damage|p2a: Sableye|33/100\n|-enditem|p2a: Sableye|Sitrus Berry|[eat]\n|-heal|p2a: Sableye|58/100|[from] item: Sitrus Berry\n|\n|-heal|p1a: Sableye|87/100|[from] item: Leftovers\n|-damage|p1b: Dragapult|94/100 brn|[from] brn\n|upkeep\n|turn|4\n|inactive|LiquidCircuit has 30 seconds left.\n|inactive|KingOvershield has 30 seconds left.\n|\n|t:|1776572853\n|move|p1b: Dragapult|Protect|p1b: Dragapult\n|-singleturn|p1b: Dragapult|Protect\n|move|p2a: Sableye|Disable|p1b: Dragapult\n|-activate|p1b: Dragapult|move: Protect\n|move|p1a: Sableye|Will-O-Wisp|p2b: Glimmora\n|-status|p2b: Glimmora|brn\n|move|p2b: Glimmora|Power Gem|p1b: Dragapult\n|-activate|p1b: Dragapult|move: Protect\n|\n|-heal|p1a: Sableye|93/100|[from] item: Leftovers\n|-damage|p1b: Dragapult|88/100 brn|[from] brn\n|-damage|p2b: Glimmora|7/100 brn|[from] brn\n|upkeep\n|turn|5\n|inactive|LiquidCircuit has 30 seconds left.\n|inactive|KingOvershield has 30 seconds left.\n|\n|t:|1776572879\n|move|p2a: Sableye|Encore|p1b: Dragapult\n|-start|p1b: Dragapult|Encore\n|move|p1b: Dragapult|Protect||[still]\n|-fail|p1b: Dragapult\n|move|p1a: Sableye|Will-O-Wisp|p2a: Sableye\n|-hint|Since gen 7, Dark is immune to Prankster moves.\n|-immune|p2a: Sableye\n|move|p2b: Glimmora|Power Gem|p1a: Sableye\n|-damage|p1a: Sableye|0 fnt\n|faint|p1a: Sableye\n|\n|-damage|p1b: Dragapult|82/100 brn|[from] brn\n|-damage|p2b: Glimmora|2/100 brn|[from] brn\n|-fieldend|move: Gravity\n|upkeep\n|-message|LiquidCircuit forfeited.\n|\n|win|KingOvershield\n|raw|LiquidCircuit's rating: 1225 &rarr; <strong>1193</strong><br />(-32 for losing)\n|raw|KingOvershield's rating: 1132 &rarr; <strong>1164</strong><br />(+32 for winning)\n|l|\u2606LiquidCircuit\n|player|p1|\n",
  "uploadtime": 1776572910,
  "views": 8,
  "formatid": "gen9championsvgc2026regma",
  "rating": 1164,
  "private": 0,
  "password": null
}