{
  "id": "gen9championsvgc2026regma-2586711728",
  "format": "[Gen 9 Champions] VGC 2026 Reg M-A",
  "players": [
    "1ejuan",
    "Backtoreal"
  ],
  "log": "|j|\u26061ejuan\n|j|\u2606Backtoreal\n|t:|1776454052\n|gametype|doubles\n|player|p1|1ejuan|101|1090\n|player|p2|Backtoreal|170|1087\n|gen|9\n|tier|[Gen 9 Champions] VGC 2026 Reg M-A\n|rated|\n|rule|Species Clause: Limit one of each Pok\u00e9mon\n|rule|Item Clause: Limit 1 of each item\n|clearpoke\n|poke|p1|Froslass, L50, F|\n|poke|p1|Aerodactyl, L50, M|\n|poke|p1|Sneasler, L50, F|\n|poke|p1|Incineroar, L50, F|\n|poke|p1|Garchomp, L50, M|\n|poke|p1|Sinistcha, L50|\n|poke|p2|Scovillain, L50, M|\n|poke|p2|Conkeldurr, L50, M|\n|poke|p2|Farigiraf, L50, M|\n|poke|p2|Incineroar, L50, F|\n|poke|p2|Primarina, L50, F|\n|poke|p2|Slowking-Galar, L50, F|\n|teampreview|4\n|inactive|Battle timer is ON: inactive players will automatically lose when time's up. (requested by Backtoreal)\n|\n|t:|1776454097\n|teamsize|p1|4\n|teamsize|p2|4\n|start\n|switch|p1a: Aerodactyl|Aerodactyl, L50, M|100/100\n|switch|p1b: Garchomp|Garchomp, L50, M|100/100\n|switch|p2a: Farigiraf|Farigiraf, L50, M|100/100\n|switch|p2b: Scovillain|Scovillain, L50, M|100/100\n|-ability|p1a: Aerodactyl|Unnerve\n|turn|1\n|inactive|1ejuan has 30 seconds left.\n|inactive|Backtoreal has 30 seconds left.\n|inactive|1ejuan has 20 seconds left.\n|inactive|1ejuan has 15 seconds left.\n|inactive|1ejuan has 10 seconds left.\n|\n|t:|1776454143\n|move|p2b: Scovillain|Protect|p2b: Scovillain\n|-singleturn|p2b: Scovillain|Protect\n|move|p1b: Garchomp|Rock Slide|p2b: Scovillain|[spread] p2a\n|-activate|p2b: Scovillain|move: Protect\n|-damage|p2a: Farigiraf|77/100\n|move|p1a: Aerodactyl|Dual Wingbeat|p2b: Scovillain\n|-activate|p2b: Scovillain|move: Protect\n|move|p2a: Farigiraf|Trick Room|p2a: Farigiraf\n|-fieldstart|move: Trick Room|[of] p2a: Farigiraf\n|\n|-heal|p2a: Farigiraf|83/100|[from] item: Leftovers\n|-ability|p2b: Scovillain|Moody|boost\n|-boost|p2b: Scovillain|atk|2\n|-unboost|p2b: Scovillain|def|1\n|upkeep\n|turn|2\n|inactive|1ejuan has 30 seconds left.\n|inactive|Backtoreal has 30 seconds left.\n|inactive|1ejuan has 20 seconds left.\n|inactive|1ejuan has 15 seconds left.\n|inactive|1ejuan has 10 seconds left.\n|inactive|1ejuan has 5 seconds left.\n|\n|t:|1776454198\n|switch|p2a: Incineroar|Incineroar, L50, F|100/100\n|-ability|p2a: Incineroar|Intimidate|boost\n|-unboost|p1a: Aerodactyl|atk|1\n|-unboost|p1b: Garchomp|atk|1\n|detailschange|p2b: Scovillain|Scovillain-Mega, L50, M\n|-mega|p2b: Scovillain|Scovillain|Scovillainite\n|move|p1a: Aerodactyl|Protect|p1a: Aerodactyl\n|-singleturn|p1a: Aerodactyl|Protect\n|move|p2b: Scovillain|Leech Seed|p1b: Garchomp\n|-start|p1b: Garchomp|move: Leech Seed\n|move|p1b: Garchomp|Rock Slide|p2a: Incineroar|[spread] p2a,p2b\n|-supereffective|p2a: Incineroar|1\n|-supereffective|p2b: Scovillain|1\n|-damage|p2a: Incineroar|74/100\n|-damage|p2b: Scovillain|57/100\n|-status|p1b: Garchomp|brn|[from] ability: Spicy Spray|[of] p2b: Scovillain\n|\n|-damage|p1b: Garchomp|88/100 brn|[from] Leech Seed|[of] p2b: Scovillain\n|-heal|p2b: Scovillain|71/100|[silent]\n|-damage|p1b: Garchomp|82/100 brn|[from] brn\n|upkeep\n|turn|3\n|inactive|1ejuan has 30 seconds left.\n|l|\u26061ejuan\n|inactive|1ejuan disconnected and has a minute to reconnect!\n|player|p1|\n|inactive|1ejuan has 20 seconds left.\n|inactive|1ejuan has 15 seconds left.\n|inactive|1ejuan has 10 seconds left.\n|inactive|1ejuan has 5 seconds left.\n|j|\u26061ejuan\n|inactive|1ejuan reconnected and has 5 seconds left.\n|player|p1|1ejuan|101|\n|\n|t:|1776454253\n|move|p1a: Aerodactyl|Protect||[still]\n|-fail|p1a: Aerodactyl\n|move|p2a: Incineroar|Fake Out|p1a: Aerodactyl\n|-resisted|p1a: Aerodactyl|1\n|-damage|p1a: Aerodactyl|91/100\n|move|p2b: Scovillain|Leech Seed|p1a: Aerodactyl\n|-start|p1a: Aerodactyl|move: Leech Seed\n|move|p1b: Garchomp|Rock Slide|p2a: Incineroar|[spread] p2a,p2b\n|-supereffective|p2a: Incineroar|1\n|-supereffective|p2b: Scovillain|1\n|-crit|p2b: Scovillain\n|-damage|p2a: Incineroar|59/100\n|-damage|p2b: Scovillain|19/100\n|\n|-damage|p1a: Aerodactyl|79/100|[from] Leech Seed|[of] p2b: Scovillain\n|-heal|p2b: Scovillain|30/100|[silent]\n|-damage|p1b: Garchomp|70/100 brn|[from] Leech Seed|[of] p2b: Scovillain\n|-heal|p2b: Scovillain|44/100|[silent]\n|-damage|p1b: Garchomp|64/100 brn|[from] brn\n|upkeep\n|turn|4\n|inactive|Backtoreal has 30 seconds left.\n|inactive|Backtoreal has 20 seconds left.\n|\n|t:|1776454291\n|switch|p1b: Sinistcha|Sinistcha, L50|100/100\n|-heal|p1a: Aerodactyl|100/100|[from] ability: Hospitality|[of] p1b: Sinistcha\n|move|p2b: Scovillain|Protect|p2b: Scovillain\n|-singleturn|p2b: Scovillain|Protect\n|move|p1a: Aerodactyl|Protect|p1a: Aerodactyl\n|-singleturn|p1a: Aerodactyl|Protect\n|move|p2a: Incineroar|Parting Shot|p1b: Sinistcha\n|-unboost|p1b: Sinistcha|atk|1\n|-unboost|p1b: Sinistcha|spa|1\n|\n|t:|1776454301\n|switch|p2a: Conkeldurr|Conkeldurr, L50, M|100/100|[from] Parting Shot\n|\n|-damage|p1a: Aerodactyl|88/100|[from] Leech Seed|[of] p2b: Scovillain\n|-heal|p2b: Scovillain|55/100|[silent]\n|upkeep\n|turn|5\n|\n|t:|1776454315\n|switch|p1a: Froslass|Froslass, L50, F|100/100\n|move|p1b: Sinistcha|Rage Powder|p1b: Sinistcha\n|-singleturn|p1b: Sinistcha|move: Rage Powder\n|move|p2a: Conkeldurr|Earthquake|p1a: Froslass|[spread] p2b,p1a,p1b\n|-resisted|p1b: Sinistcha|1\n|-damage|p2b: Scovillain|7/100\n|-damage|p1a: Froslass|52/100\n|-damage|p1b: Sinistcha|87/100\n|-status|p2a: Conkeldurr|brn|[from] ability: Spicy Spray|[of] p2b: Scovillain\n|-start|p2a: Conkeldurr|Disable|Earthquake|[from] ability: Cursed Body|[of] p1a: Froslass\n|move|p2b: Scovillain|Flamethrower|p1b: Sinistcha\n|-supereffective|p1b: Sinistcha|1\n|-enditem|p1b: Sinistcha|Occa Berry|[eat]\n|-enditem|p1b: Sinistcha|Occa Berry|[weaken]\n|-damage|p1b: Sinistcha|49/100\n|-status|p1b: Sinistcha|brn\n|\n|-damage|p2a: Conkeldurr|94/100 brn|[from] brn\n|-damage|p1b: Sinistcha|43/100 brn|[from] brn\n|-fieldend|move: Trick Room\n|upkeep\n|turn|6\n|inactive|1ejuan has 30 seconds left.\n|inactive|Backtoreal has 30 seconds left.\n|\n|t:|1776454343\n|switch|p2b: Farigiraf|Farigiraf, L50, M|83/100\n|detailschange|p1a: Froslass|Froslass-Mega, L50, F\n|-mega|p1a: Froslass|Froslass|Froslassite\n|-weather|Snowscape|[from] ability: Snow Warning|[of] p1a: Froslass\n|move|p2a: Conkeldurr|Protect|p2a: Conkeldurr\n|-singleturn|p2a: Conkeldurr|Protect\n|move|p1b: Sinistcha|Rage Powder|p1b: Sinistcha\n|-singleturn|p1b: Sinistcha|move: Rage Powder\n|move|p1a: Froslass|Blizzard|p2a: Conkeldurr|[spread] p2b\n|-activate|p2a: Conkeldurr|move: Protect\n|-damage|p2b: Farigiraf|43/100\n|\n|-weather|Snowscape|[upkeep]\n|-heal|p2b: Farigiraf|49/100|[from] item: Leftovers\n|-damage|p1b: Sinistcha|37/100 brn|[from] brn\n|-damage|p2a: Conkeldurr|88/100 brn|[from] brn\n|upkeep\n|turn|7\n|inactive|1ejuan has 30 seconds left.\n|\n|t:|1776454377\n|switch|p2a: Incineroar|Incineroar, L50, F|59/100\n|-ability|p2a: Incineroar|Intimidate|boost\n|-unboost|p1a: Froslass|atk|1\n|-unboost|p1b: Sinistcha|atk|1\n|move|p1b: Sinistcha|Rage Powder|p1b: Sinistcha\n|-singleturn|p1b: Sinistcha|move: Rage Powder\n|move|p1a: Froslass|Aurora Veil|p1a: Froslass\n|-sidestart|p1: 1ejuan|move: Aurora Veil\n|move|p2b: Farigiraf|Trick Room|p2b: Farigiraf\n|-fieldstart|move: Trick Room|[of] p2b: Farigiraf\n|\n|-weather|Snowscape|[upkeep]\n|-heal|p2b: Farigiraf|55/100|[from] item: Leftovers\n|-damage|p1b: Sinistcha|31/100 brn|[from] brn\n|upkeep\n|turn|8\n|\n|t:|1776454402\n|switch|p1a: Garchomp|Garchomp, L50, M|64/100 brn\n|move|p2a: Incineroar|Assurance|p1a: Garchomp\n|-damage|p1a: Garchomp|46/100 brn\n|-damage|p2a: Incineroar|47/100|[from] ability: Rough Skin|[of] p1a: Garchomp\n|move|p2b: Farigiraf|Psychic|p1b: Sinistcha\n|-damage|p1b: Sinistcha|9/100 brn\n|move|p1b: Sinistcha|Trick Room|p1b: Sinistcha\n|-fieldend|move: Trick Room\n|\n|-weather|Snowscape|[upkeep]\n|-heal|p2b: Farigiraf|61/100|[from] item: Leftovers\n|-damage|p1a: Garchomp|40/100 brn|[from] brn\n|-damage|p1b: Sinistcha|3/100 brn|[from] brn\n|upkeep\n|turn|9\n|inactive|1ejuan has 30 seconds left.\n|\n|t:|1776454427\n|switch|p1b: Aerodactyl|Aerodactyl, L50, M|88/100\n|-ability|p1b: Aerodactyl|Unnerve\n|move|p1a: Garchomp|Rock Slide|p2a: Incineroar|[spread] p2a,p2b\n|-supereffective|p2a: Incineroar|1\n|-damage|p2a: Incineroar|24/100\n|-damage|p2b: Farigiraf|49/100\n|move|p2a: Incineroar|Assurance|p1a: Garchomp\n|-damage|p1a: Garchomp|22/100 brn\n|-damage|p2a: Incineroar|11/100|[from] ability: Rough Skin|[of] p1a: Garchomp\n|move|p2b: Farigiraf|Trick Room|p2b: Farigiraf\n|-fieldstart|move: Trick Room|[of] p2b: Farigiraf\n|\n|-weather|Snowscape|[upkeep]\n|-heal|p2b: Farigiraf|55/100|[from] item: Leftovers\n|-damage|p1a: Garchomp|16/100 brn|[from] brn\n|upkeep\n|turn|10\n|\n|t:|1776454446\n|switch|p2a: Scovillain|Scovillain-Mega, L50, M|7/100\n|move|p2b: Farigiraf|Hyper Voice|p1b: Aerodactyl|[spread] p1a,p1b\n|-resisted|p1b: Aerodactyl|1\n|-damage|p1a: Garchomp|0 fnt\n|-damage|p1b: Aerodactyl|76/100\n|faint|p1a: Garchomp\n|move|p1b: Aerodactyl|Rock Slide|p2b: Farigiraf|[spread] p2a,p2b\n|-supereffective|p2a: Scovillain|1\n|-damage|p2a: Scovillain|0 fnt\n|-damage|p2b: Farigiraf|29/100\n|-status|p1b: Aerodactyl|brn|[from] ability: Spicy Spray|[of] p2a: Scovillain\n|faint|p2a: Scovillain\n|\n|-weather|none\n|-heal|p2b: Farigiraf|36/100|[from] item: Leftovers\n|-damage|p1b: Aerodactyl|70/100 brn|[from] brn\n|upkeep\n|\n|t:|1776454463\n|switch|p2a: Conkeldurr|Conkeldurr, L50, M|88/100 brn\n|switch|p1a: Sinistcha|Sinistcha, L50|3/100 brn\n|-heal|p1b: Aerodactyl|95/100 brn|[from] ability: Hospitality|[of] p1a: Sinistcha\n|turn|11\n|inactive|1ejuan has 30 seconds left.\n|inactive|1ejuan has 20 seconds left.\n|inactive|1ejuan has 15 seconds left.\n|\n|t:|1776454505\n|move|p1a: Sinistcha|Rage Powder|p1a: Sinistcha\n|-singleturn|p1a: Sinistcha|move: Rage Powder\n|move|p2a: Conkeldurr|Close Combat|p1a: Sinistcha\n|-immune|p1a: Sinistcha\n|move|p2b: Farigiraf|Psychic|p1a: Sinistcha\n|-damage|p1a: Sinistcha|0 fnt\n|faint|p1a: Sinistcha\n|move|p1b: Aerodactyl|Rock Slide|p2a: Conkeldurr|[spread] p2a,p2b\n|-resisted|p2a: Conkeldurr|1\n|-damage|p2a: Conkeldurr|84/100 brn\n|-damage|p2b: Farigiraf|23/100\n|\n|-heal|p2b: Farigiraf|29/100|[from] item: Leftovers\n|-damage|p2a: Conkeldurr|77/100 brn|[from] brn\n|-damage|p1b: Aerodactyl|89/100 brn|[from] brn\n|-sideend|p1: 1ejuan|move: Aurora Veil\n|upkeep\n|\n|t:|1776454522\n|switch|p1a: Froslass|Froslass-Mega, L50, F|52/100\n|-weather|Snowscape|[from] ability: Snow Warning|[of] p1a: Froslass\n|turn|12\n|\n|t:|1776454532\n|move|p1b: Aerodactyl|Protect|p1b: Aerodactyl\n|-singleturn|p1b: Aerodactyl|Protect\n|move|p2a: Conkeldurr|Close Combat|p1b: Aerodactyl\n|-activate|p1b: Aerodactyl|move: Protect\n|move|p2b: Farigiraf|Psychic|p1a: Froslass\n|-damage|p1a: Froslass|7/100\n|move|p1a: Froslass|Blizzard|p2b: Farigiraf|[spread] p2a,p2b\n|-damage|p2a: Conkeldurr|20/100 brn\n|-damage|p2b: Farigiraf|0 fnt\n|faint|p2b: Farigiraf\n|\n|-weather|Snowscape|[upkeep]\n|-damage|p2a: Conkeldurr|14/100 brn|[from] brn\n|-damage|p1b: Aerodactyl|83/100 brn|[from] brn\n|upkeep\n|\n|t:|1776454535\n|switch|p2b: Incineroar|Incineroar, L50, F|11/100\n|-ability|p2b: Incineroar|Intimidate|boost\n|-unboost|p1a: Froslass|atk|1\n|-unboost|p1b: Aerodactyl|atk|1\n|turn|13\n|inactive|1ejuan has 30 seconds left.\n|\n|t:|1776454558\n|move|p1b: Aerodactyl|Protect|p1b: Aerodactyl\n|-singleturn|p1b: Aerodactyl|Protect\n|move|p2a: Conkeldurr|Close Combat|p1b: Aerodactyl\n|-activate|p1b: Aerodactyl|move: Protect\n|move|p2b: Incineroar|Assurance|p1a: Froslass\n|-supereffective|p1a: Froslass|1\n|-damage|p1a: Froslass|0 fnt\n|faint|p1a: Froslass\n|\n|-weather|Snowscape|[upkeep]\n|-damage|p2a: Conkeldurr|8/100 brn|[from] brn\n|-damage|p1b: Aerodactyl|78/100 brn|[from] brn\n|-fieldend|move: Trick Room\n|upkeep\n|turn|14\n|inactive|1ejuan has 25 seconds left this turn.\n|inactive|1ejuan has 20 seconds left.\n|inactive|1ejuan has 15 seconds left.\n|\n|t:|1776454572\n|move|p1b: Aerodactyl|Protect||[still]\n|-fail|p1b: Aerodactyl\n|move|p2a: Conkeldurr|Mach Punch|p1b: Aerodactyl\n|-damage|p1b: Aerodactyl|20/100 brn\n|move|p2b: Incineroar|Assurance|p1b: Aerodactyl\n|-damage|p1b: Aerodactyl|0 fnt\n|faint|p1b: Aerodactyl\n|\n|win|Backtoreal\n|raw|1ejuan's rating: 1090 &rarr; <strong>1066</strong><br />(-24 for losing)\n|raw|Backtoreal's rating: 1087 &rarr; <strong>1114</strong><br />(+27 for winning)\n",
  "uploadtime": 1776454584,
  "views": 37,
  "formatid": "gen9championsvgc2026regma",
  "rating": 1066,
  "private": 0,
  "password": null
}