{
  "id": "gen9championsvgc2026regma-2583947457",
  "format": "[Gen 9 Champions] VGC 2026 Reg M-A",
  "players": [
    "4Rose",
    "Realphoenixking"
  ],
  "log": "|j|\u26064Rose\n|j|\u2606Realphoenixking\n|t:|1776210800\n|gametype|doubles\n|player|p1|4Rose|102|1302\n|player|p2|Realphoenixking|ghetsis-gen5bw|1290\n|gen|9\n|tier|[Gen 9 Champions] VGC 2026 Reg M-A\n|rated|\n|rule|Species Clause: Limit one of each Pok\u00e9mon\n|rule|Item Clause: Limit 1 of each item\n|clearpoke\n|poke|p1|Incineroar, L50, M|\n|poke|p1|Garchomp, L50, F|\n|poke|p1|Aegislash, L50, M|\n|poke|p1|Sinistcha, L50|\n|poke|p1|Rotom-Wash, L50|\n|poke|p1|Floette-Eternal, L50, F|\n|poke|p2|Drampa, L50, F|\n|poke|p2|Torkoal, L50, F|\n|poke|p2|Farigiraf, L50, M|\n|poke|p2|Venusaur, L50, M|\n|poke|p2|Rotom-Wash, L50|\n|poke|p2|Aggron, L50, M|\n|teampreview|4\n|\n|t:|1776210817\n|teamsize|p1|4\n|teamsize|p2|4\n|start\n|switch|p1a: Incineroar|Incineroar, L50, M|100/100\n|switch|p1b: Floette|Floette-Eternal, L50, F|100/100\n|switch|p2a: Torkoal|Torkoal, L50, F|100/100\n|switch|p2b: Venusaur|Venusaur, L50, M, shiny|100/100\n|-ability|p1a: Incineroar|Intimidate|boost\n|-unboost|p2a: Torkoal|atk|1\n|-unboost|p2b: Venusaur|atk|1\n|-weather|SunnyDay|[from] ability: Drought|[of] p2a: Torkoal\n|turn|1\n|inactive|Battle timer is ON: inactive players will automatically lose when time's up. (requested by 4Rose)\n|\n|t:|1776210843\n|switch|p2a: Farigiraf|Farigiraf, L50, M|100/100\n|detailschange|p1b: Floette|Floette-Mega, L50, F\n|-mega|p1b: Floette|Floette|Floettite\n|-ability|p1b: Floette|Fairy Aura\n|move|p1a: Incineroar|Fake Out||[still]\n|cant|p2a: Farigiraf|ability: Armor Tail|Fake Out|[of] p1a: Incineroar\n|move|p2b: Venusaur|Sleep Powder|p1b: Floette\n|-status|p1b: Floette|slp|[from] move: Sleep Powder\n|cant|p1b: Floette|slp\n|\n|-weather|SunnyDay|[upkeep]\n|upkeep\n|turn|2\n|\n|t:|1776210867\n|switch|p1b: Aegislash|Aegislash, L50, M|100/100\n|switch|p1a: Sinistcha|Sinistcha, L50|100/100\n|move|p2b: Venusaur|Sleep Powder|p1a: Sinistcha\n|-immune|p1a: Sinistcha\n|move|p2a: Farigiraf|Hyper Voice|p1b: Aegislash|[spread] \n|-immune|p1a: Sinistcha\n|-immune|p1b: Aegislash\n|\n|-weather|SunnyDay|[upkeep]\n|upkeep\n|turn|3\n|\n|t:|1776210886\n|move|p2b: Venusaur|Sleep Powder|p1b: Aegislash\n|-status|p1b: Aegislash|slp|[from] move: Sleep Powder\n|cant|p1b: Aegislash|slp\n|move|p1a: Sinistcha|Trick Room|p1a: Sinistcha\n|-fieldstart|move: Trick Room|[of] p1a: Sinistcha\n|move|p2a: Farigiraf|Trick Room|p2a: Farigiraf\n|-fieldend|move: Trick Room\n|\n|-weather|SunnyDay|[upkeep]\n|upkeep\n|turn|4\n|\n|t:|1776210902\n|switch|p2b: Torkoal|Torkoal, L50, F|100/100\n|move|p1a: Sinistcha|Shadow Ball|p2b: Torkoal\n|-damage|p2b: Torkoal|56/100\n|-unboost|p2b: Torkoal|spd|1\n|cant|p1b: Aegislash|slp\n|move|p2a: Farigiraf|Trick Room|p2a: Farigiraf\n|-fieldstart|move: Trick Room|[of] p2a: Farigiraf\n|\n|-weather|SunnyDay|[upkeep]\n|upkeep\n|turn|5\n|\n|t:|1776210920\n|move|p2a: Farigiraf|Helping Hand|p2b: Torkoal\n|-singleturn|p2b: Torkoal|Helping Hand|[of] p2a: Farigiraf\n|move|p2b: Torkoal|Heat Wave|p1a: Sinistcha|[spread] p1a,p1b\n|-supereffective|p1a: Sinistcha|1\n|-supereffective|p1b: Aegislash|1\n|-damage|p1a: Sinistcha|0 fnt\n|-damage|p1b: Aegislash|0 fnt\n|faint|p1a: Sinistcha\n|faint|p1b: Aegislash\n|\n|-weather|none\n|upkeep\n|\n|t:|1776210928\n|switch|p1b: Floette|Floette-Mega, L50, F|100/100 slp\n|switch|p1a: Incineroar|Incineroar, L50, M|100/100\n|-ability|p1a: Incineroar|Intimidate|boost\n|-unboost|p2a: Farigiraf|atk|1\n|-unboost|p2b: Torkoal|atk|1\n|-ability|p1b: Floette|Fairy Aura\n|turn|6\n|\n|t:|1776210945\n|switch|p2b: Aggron|Aggron, L50, M|100/100\n|move|p1a: Incineroar|Darkest Lariat|p2b: Aggron\n|-damage|p2b: Aggron|82/100\n|move|p2a: Farigiraf|Psychic|p1b: Floette\n|-damage|p1b: Floette|76/100 slp\n|cant|p1b: Floette|slp\n|\n|upkeep\n|turn|7\n|\n|t:|1776210964\n|switch|p2a: Torkoal|Torkoal, L50, F|56/100\n|-weather|SunnyDay|[from] ability: Drought|[of] p2a: Torkoal\n|detailschange|p2b: Aggron|Aggron-Mega, L50, M\n|-mega|p2b: Aggron|Aggron|Aggronite\n|move|p2b: Aggron|Heavy Slam|p1b: Floette\n|-supereffective|p1b: Floette|1\n|-damage|p1b: Floette|0 fnt\n|faint|p1b: Floette\n|move|p1a: Incineroar|Flare Blitz|p2b: Aggron\n|-supereffective|p2b: Aggron|1\n|-damage|p2b: Aggron|36/100\n|-damage|p1a: Incineroar|88/100|[from] Recoil\n|\n|-weather|SunnyDay|[upkeep]\n|upkeep\n|turn|8\n|-message|4Rose forfeited.\n|\n|win|Realphoenixking\n|raw|4Rose's rating: 1302 &rarr; <strong>1281</strong><br />(-21 for losing)\n|raw|Realphoenixking's rating: 1290 &rarr; <strong>1316</strong><br />(+26 for winning)\n|l|\u26064Rose\n|player|p1|\n",
  "uploadtime": 1776210981,
  "views": 36,
  "formatid": "gen9championsvgc2026regma",
  "rating": 1281,
  "private": 0,
  "password": null
}