{
  "id": "gen9championsvgc2026regma-2584942625",
  "format": "[Gen 9 Champions] VGC 2026 Reg M-A",
  "players": [
    "BK Sergio",
    "Kazthor5"
  ],
  "log": "|j|\u2606BK Sergio\n|j|\u2606Kazthor5\n|t:|1776296689\n|gametype|doubles\n|player|p1|BK Sergio|birdkeeper-gen4dp|\n|player|p2|Kazthor5|drayden|\n|gen|9\n|tier|[Gen 9 Champions] VGC 2026 Reg M-A\n|rule|Species Clause: Limit one of each Pok\u00e9mon\n|rule|Item Clause: Limit 1 of each item\n|clearpoke\n|poke|p1|Pelipper, L50, M|\n|poke|p1|Scizor, L50, F|\n|poke|p1|Whimsicott, L50, F|\n|poke|p1|Feraligatr, L50, M|\n|poke|p1|Incineroar, L50, F|\n|poke|p1|Alakazam, L50, F|\n|poke|p2|Charizard, L50, M|\n|poke|p2|Dragapult, L50, F|\n|poke|p2|Venusaur, L50, F|\n|poke|p2|Sneasler, L50, F|\n|poke|p2|Farigiraf, L50, F|\n|poke|p2|Clefable, L50, F|\n|teampreview|4\nKazthor5 rejected open team sheets.\n|inactive|Battle timer is ON: inactive players will automatically lose when time's up. (requested by Kazthor5)\n|inactive|BK Sergio has 60 seconds left.\n|\n|t:|1776296746\n|teamsize|p1|4\n|teamsize|p2|4\n|start\n|switch|p1a: Incineroar|Incineroar, L50, F|100/100\n|switch|p1b: E|Alakazam, L50, F|100/100\n|switch|p2a: Nika|Charizard, L50, M|100/100\n|switch|p2b: Venusaur|Venusaur, L50, F|100/100\n|-ability|p1a: Incineroar|Intimidate|boost\n|-unboost|p2a: Nika|atk|1\n|-unboost|p2b: Venusaur|atk|1\n|turn|1\n|inactive|BK Sergio has 30 seconds left.\n|\n|t:|1776296777\n|switch|p2b: Lola|Farigiraf, L50, F|100/100\n|detailschange|p2a: Nika|Charizard-Mega-Y, L50, M\n|-mega|p2a: Nika|Charizard|Charizardite Y\n|-weather|SunnyDay|[from] ability: Drought|[of] p2a: Nika\n|move|p1a: Incineroar|Fake Out||[still]\n|cant|p2b: Lola|ability: Armor Tail|Fake Out|[of] p1a: Incineroar\n|move|p1b: E|Psychic|p2b: Lola\n|-resisted|p2b: Lola|1\n|-damage|p2b: Lola|79/100\n|move|p2a: Nika|Heat Wave|p1a: Incineroar|[spread] p1a,p1b\n|-resisted|p1a: Incineroar|1\n|-damage|p1a: Incineroar|64/100\n|-damage|p1b: E|10/100\n|\n|-weather|SunnyDay|[upkeep]\n|-heal|p2b: Lola|85/100|[from] item: Leftovers\n|upkeep\n|turn|2\n|inactive|BK Sergio has 30 seconds left.\n|\n|t:|1776296804\n|switch|p2a: Dragapult|Dragapult, L50, F|100/100\n|move|p1b: E|Protect|p1b: E\n|-singleturn|p1b: E|Protect\n|move|p1a: Incineroar|Darkest Lariat|p2b: Lola\n|-supereffective|p2b: Lola|1\n|-damage|p2b: Lola|5/100\n|move|p2b: Lola|Dazzling Gleam|p1a: Incineroar|[spread] p1a\n|-activate|p1b: E|move: Protect\n|-damage|p1a: Incineroar|47/100\n|-enditem|p1a: Incineroar|Sitrus Berry|[eat]\n|-heal|p1a: Incineroar|72/100|[from] item: Sitrus Berry\n|\n|-weather|SunnyDay|[upkeep]\n|-heal|p2b: Lola|11/100|[from] item: Leftovers\n|upkeep\n|turn|3\n|inactive|BK Sergio has 30 seconds left.\n|\n|t:|1776296831\n|move|p2b: Lola|Helping Hand|p2a: Dragapult\n|-singleturn|p2a: Dragapult|Helping Hand|[of] p2b: Lola\n|move|p2a: Dragapult|Dragon Darts|p1b: E\n|-damage|p1b: E|0 fnt\n|-anim|p2a: Dragapult|Dragon Darts|p1a: Incineroar\n|-damage|p1a: Incineroar|25/100\n|faint|p1b: E\n|move|p1a: Incineroar|Darkest Lariat|p2a: Dragapult\n|-supereffective|p2a: Dragapult|1\n|-enditem|p2a: Dragapult|Focus Sash\n|-damage|p2a: Dragapult|1/100\n|\n|-weather|SunnyDay|[upkeep]\n|-heal|p2b: Lola|17/100|[from] item: Leftovers\n|upkeep\n|\n|t:|1776296847\n|switch|p1b: Felipe|Pelipper, L50, M|100/100\n|-weather|RainDance|[from] ability: Drizzle|[of] p1b: Felipe\n|turn|4\n|inactive|Kazthor5 has 30 seconds left.\n|\n|t:|1776296878\n|move|p2b: Lola|Helping Hand|p2a: Dragapult\n|-singleturn|p2a: Dragapult|Helping Hand|[of] p2b: Lola\n|move|p2a: Dragapult|Dragon Darts|p1b: Felipe\n|-damage|p1b: Felipe|56/100\n|-anim|p2a: Dragapult|Dragon Darts|p1a: Incineroar\n|-damage|p1a: Incineroar|0 fnt\n|faint|p1a: Incineroar\n|move|p1b: Felipe|Weather Ball|p2a: Dragapult\n|-resisted|p2a: Dragapult|1\n|-damage|p2a: Dragapult|0 fnt\n|faint|p2a: Dragapult\n|\n|-weather|RainDance|[upkeep]\n|-heal|p2b: Lola|23/100|[from] item: Leftovers\n|upkeep\n|\n|t:|1776296890\n|switch|p2a: Venusaur|Venusaur, L50, F|100/100\n|switch|p1a: Feraligatr|Feraligatr, L50, M|100/100\n|turn|5\n|\n|t:|1776296904\n|switch|p2b: Nika|Charizard-Mega-Y, L50, M|100/100\n|-weather|SunnyDay|[from] ability: Drought|[of] p2b: Nika\n|detailschange|p1a: Feraligatr|Feraligatr-Mega, L50, M\n|-mega|p1a: Feraligatr|Feraligatr|Feraligite\n|move|p2a: Venusaur|Petal Dance|p1a: Feraligatr\n|-damage|p1a: Feraligatr|35/100\n|move|p1a: Feraligatr|Double-Edge|p2b: Nika\n|-damage|p2b: Nika|0 fnt\n|faint|p2b: Nika\n|-damage|p1a: Feraligatr|4/100|[from] Recoil\n|move|p1b: Felipe|Weather Ball|p2a: Venusaur\n|-supereffective|p2a: Venusaur|1\n|-damage|p2a: Venusaur|8/100\n|\n|-weather|SunnyDay|[upkeep]\n|upkeep\n|\n|t:|1776296915\n|switch|p2b: Lola|Farigiraf, L50, F|23/100\n|turn|6\n|\n|t:|1776296938\n|move|p2a: Venusaur|Petal Dance|p1a: Feraligatr|[from] lockedmove\n|-damage|p1a: Feraligatr|0 fnt\n|faint|p1a: Feraligatr\n|move|p1b: Felipe|Weather Ball|p2a: Venusaur\n|-supereffective|p2a: Venusaur|1\n|-damage|p2a: Venusaur|0 fnt\n|faint|p2a: Venusaur\n|move|p2b: Lola|Dazzling Gleam|p1b: Felipe\n|-damage|p1b: Felipe|29/100\n|\n|-weather|SunnyDay|[upkeep]\n|-heal|p2b: Lola|30/100|[from] item: Leftovers\n|upkeep\n|turn|7\n|\n|t:|1776296951\n|move|p1b: Felipe|Weather Ball|p2b: Lola\n|-damage|p2b: Lola|0 fnt\n|faint|p2b: Lola\n|\n|win|BK Sergio\n",
  "uploadtime": 1776296956,
  "views": 28,
  "formatid": "gen9championsvgc2026regma",
  "rating": null,
  "private": 0,
  "password": null
}