{
  "id": "gen9championsvgc2026regma-2581029051",
  "format": "[Gen 9 Champions] VGC 2026 Reg M-A",
  "players": [
    "fredrickrl",
    "Spottedwoot"
  ],
  "log": "|j|\u2606fredrickrl\n|j|\u2606Spottedwoot\n|t:|1775953199\n|gametype|doubles\n|player|p1|fredrickrl|doctor|1239\n|player|p2|Spottedwoot|1|1218\n|gen|9\n|tier|[Gen 9 Champions] VGC 2026 Reg M-A\n|rated|\n|rule|Species Clause: Limit one of each Pok\u00e9mon\n|rule|Item Clause: Limit 1 of each item\n|clearpoke\n|poke|p1|Blastoise, L50, F|\n|poke|p1|Incineroar, L50, M|\n|poke|p1|Sinistcha, L50|\n|poke|p1|Sneasler, L50, M|\n|poke|p1|Sylveon, L50, F|\n|poke|p1|Whimsicott, L50, F|\n|poke|p2|Incineroar, L50, M|\n|poke|p2|Sneasler, L50, M|\n|poke|p2|Kingambit, L50, M|\n|poke|p2|Aerodactyl, L50, F|\n|poke|p2|Rotom-Wash, L50|\n|poke|p2|Floette-Eternal, L50, F|\n|teampreview|4\n|inactive|Battle timer is ON: inactive players will automatically lose when time's up. (requested by fredrickrl)\n|\n|t:|1775953223\n|teamsize|p1|4\n|teamsize|p2|4\n|start\n|switch|p1a: Blastoise|Blastoise, L50, F|100/100\n|switch|p1b: Incineroar|Incineroar, L50, M|100/100\n|switch|p2a: Floette|Floette-Eternal, L50, F|100/100\n|switch|p2b: Aerodactyl|Aerodactyl, L50, F|100/100\n|-ability|p1b: Incineroar|Intimidate|boost\n|-unboost|p2a: Floette|atk|1\n|-unboost|p2b: Aerodactyl|atk|1\n|turn|1\n|\n|t:|1775953238\n|switch|p2b: Rotom|Rotom-Wash, L50|100/100\n|detailschange|p2a: Floette|Floette-Mega, L50, F\n|-mega|p2a: Floette|Floette|Floettite\n|-ability|p2a: Floette|Fairy Aura\n|detailschange|p1a: Blastoise|Blastoise-Mega, L50, F\n|-mega|p1a: Blastoise|Blastoise|Blastoisinite\n|move|p1b: Incineroar|Fake Out|p2a: Floette\n|-damage|p2a: Floette|87/100\n|cant|p2a: Floette|flinch\n|move|p1a: Blastoise|Muddy Water|p2a: Floette|[spread] p2a,p2b\n|-resisted|p2b: Rotom|1\n|-damage|p2a: Floette|52/100\n|-damage|p2b: Rotom|81/100\n|-unboost|p2a: Floette|accuracy|1\n|\n|-heal|p2b: Rotom|86/100|[from] item: Leftovers\n|upkeep\n|turn|2\n|\n|t:|1775953262\n|move|p1a: Blastoise|Protect|p1a: Blastoise\n|-singleturn|p1a: Blastoise|Protect\n|move|p2a: Floette|Moonblast|p1a: Blastoise\n|-activate|p1a: Blastoise|move: Protect\n|move|p2b: Rotom|Thunderbolt|p1a: Blastoise\n|-activate|p1a: Blastoise|move: Protect\n|move|p1b: Incineroar|Parting Shot|p2a: Floette\n|-unboost|p2a: Floette|atk|1\n|-unboost|p2a: Floette|spa|1\n|\n|t:|1775953272\n|switch|p1b: Sneasler|Sneasler, L50, M|100/100|[from] Parting Shot\n|\n|-heal|p2b: Rotom|92/100|[from] item: Leftovers\n|upkeep\n|turn|3\n|\n|t:|1775953288\n|switch|p2a: Sneasler|Sneasler, L50, M|100/100\n|move|p1b: Sneasler|Dire Claw|p2a: Sneasler\n|-resisted|p2a: Sneasler|1\n|-damage|p2a: Sneasler|64/100\n|move|p2b: Rotom|Thunderbolt|p1a: Blastoise\n|-supereffective|p1a: Blastoise|1\n|-damage|p1a: Blastoise|42/100\n|move|p1a: Blastoise|Dark Pulse|p2b: Rotom\n|-damage|p2b: Rotom|46/100\n|\n|-heal|p2b: Rotom|51/100|[from] item: Leftovers\n|upkeep\n|turn|4\n|\n|t:|1775953304\n|switch|p1a: Incineroar|Incineroar, L50, M|100/100\n|-ability|p1a: Incineroar|Intimidate|boost\n|-unboost|p2a: Sneasler|atk|1\n|-unboost|p2b: Rotom|atk|1\n|move|p1b: Sneasler|Protect|p1b: Sneasler\n|-singleturn|p1b: Sneasler|Protect\n|move|p2a: Sneasler|Close Combat|p1a: Incineroar\n|-supereffective|p1a: Incineroar|1\n|-enditem|p1a: Incineroar|Chople Berry|[eat]\n|-enditem|p1a: Incineroar|Chople Berry|[weaken]\n|-damage|p1a: Incineroar|60/100\n|-unboost|p2a: Sneasler|def|1\n|-unboost|p2a: Sneasler|spd|1\n|move|p2b: Rotom|Thunderbolt|p1b: Sneasler\n|-activate|p1b: Sneasler|move: Protect\n|\n|-heal|p2b: Rotom|57/100|[from] item: Leftovers\n|upkeep\n|turn|5\n|inactive|fredrickrl has 30 seconds left.\n|\n|t:|1775953332\n|move|p2a: Sneasler|Protect|p2a: Sneasler\n|-singleturn|p2a: Sneasler|Protect\n|move|p1a: Incineroar|Fake Out|p2a: Sneasler\n|-activate|p2a: Sneasler|move: Protect\n|move|p1b: Sneasler|Close Combat|p2b: Rotom\n|-damage|p2b: Rotom|7/100\n|-unboost|p1b: Sneasler|def|1\n|-unboost|p1b: Sneasler|spd|1\n|-enditem|p1b: Sneasler|White Herb\n|-clearnegativeboost|p1b: Sneasler|[silent]\n|move|p2b: Rotom|Hydro Pump|p1a: Incineroar|[miss]\n|-miss|p2b: Rotom|p1a: Incineroar\n|\n|-heal|p2b: Rotom|13/100|[from] item: Leftovers\n|upkeep\n|turn|6\n|inactive|fredrickrl has 30 seconds left.\n|\n|t:|1775953361\n|move|p1a: Incineroar|Protect|p1a: Incineroar\n|-singleturn|p1a: Incineroar|Protect\n|move|p1b: Sneasler|Dire Claw|p2a: Sneasler\n|-resisted|p2a: Sneasler|1\n|-damage|p2a: Sneasler|7/100\n|-status|p2a: Sneasler|slp\n|cant|p2a: Sneasler|slp\n|move|p2b: Rotom|Hydro Pump|p1a: Incineroar\n|-activate|p1a: Incineroar|move: Protect\n|\n|-heal|p2b: Rotom|18/100|[from] item: Leftovers\n|upkeep\n|turn|7\n|\n|t:|1775953378\n|move|p2b: Rotom|Protect|p2b: Rotom\n|-singleturn|p2b: Rotom|Protect\n|move|p1b: Sneasler|Dire Claw|p2b: Rotom\n|-activate|p2b: Rotom|move: Protect\n|cant|p2a: Sneasler|slp\n|move|p1a: Incineroar|Flare Blitz|p2a: Sneasler\n|-damage|p2a: Sneasler|0 fnt\n|faint|p2a: Sneasler\n|-damage|p1a: Incineroar|58/100|[from] Recoil\n|\n|-heal|p2b: Rotom|24/100|[from] item: Leftovers\n|upkeep\n|\n|t:|1775953386\n|switch|p2a: Aerodactyl|Aerodactyl, L50, F|100/100\n|turn|8\n|\n|t:|1775953401\n|switch|p1a: Whimsicott|Whimsicott, L50, F|100/100\n|move|p1b: Sneasler|Protect|p1b: Sneasler\n|-singleturn|p1b: Sneasler|Protect\n|move|p2b: Rotom|Protect||[still]\n|-fail|p2b: Rotom\n|move|p2a: Aerodactyl|Tailwind|p2a: Aerodactyl\n|-sidestart|p2: Spottedwoot|move: Tailwind\n|\n|-heal|p2b: Rotom|30/100|[from] item: Leftovers\n|upkeep\n|turn|9\n|\n|t:|1775953416\n|switch|p1b: Incineroar|Incineroar, L50, M|58/100\n|-ability|p1b: Incineroar|Intimidate|boost\n|-unboost|p2a: Aerodactyl|atk|1\n|-unboost|p2b: Rotom|atk|1\n|move|p1a: Whimsicott|Tailwind|p1a: Whimsicott\n|-sidestart|p1: fredrickrl|move: Tailwind\n|move|p2a: Aerodactyl|Dual Wingbeat|p1b: Incineroar\n|-damage|p1b: Incineroar|48/100\n|-damage|p1b: Incineroar|34/100\n|-hitcount|p1b: Incineroar|2\n|move|p2b: Rotom|Thunderbolt|p1b: Incineroar\n|-damage|p1b: Incineroar|11/100\n|\n|-heal|p2b: Rotom|36/100|[from] item: Leftovers\n|upkeep\n|turn|10\n|inactive|fredrickrl has 30 seconds left.\n|\n|t:|1775953443\n|switch|p2a: Floette|Floette-Mega, L50, F|52/100\n|-ability|p2a: Floette|Fairy Aura\n|move|p1b: Incineroar|Fake Out|p2a: Floette\n|-damage|p2a: Floette|38/100\n|move|p1a: Whimsicott|Moonblast|p2b: Rotom\n|-damage|p2b: Rotom|0 fnt\n|faint|p2b: Rotom\n|\n|upkeep\n|\n|t:|1775953451\n|switch|p2b: Aerodactyl|Aerodactyl, L50, F|100/100\n|turn|11\n|\n|t:|1775953467\n|switch|p1a: Blastoise|Blastoise-Mega, L50, F|42/100\n|move|p1b: Incineroar|Protect|p1b: Incineroar\n|-singleturn|p1b: Incineroar|Protect\n|move|p2b: Aerodactyl|Dual Wingbeat|p1a: Blastoise\n|-damage|p1a: Blastoise|27/100\n|-damage|p1a: Blastoise|14/100\n|-hitcount|p1a: Blastoise|2\n|move|p2a: Floette|Dazzling Gleam|p1b: Incineroar|[spread] p1a\n|-activate|p1b: Incineroar|move: Protect\n|-damage|p1a: Blastoise|0 fnt\n|faint|p1a: Blastoise\n|\n|-sideend|p2: Spottedwoot|move: Tailwind\n|upkeep\n|\n|t:|1775953481\n|switch|p1a: Sneasler|Sneasler, L50, M|100/100\n|turn|12\n|inactive|fredrickrl has 30 seconds left.\n|inactive|Spottedwoot has 30 seconds left.\n|\n|t:|1775953515\n|move|p1a: Sneasler|Dire Claw|p2a: Floette\n|-supereffective|p2a: Floette|1\n|-damage|p2a: Floette|0 fnt\n|faint|p2a: Floette\n|move|p2b: Aerodactyl|Dual Wingbeat|p1a: Sneasler\n|-supereffective|p1a: Sneasler|1\n|-damage|p1a: Sneasler|37/100\n|-supereffective|p1a: Sneasler|1\n|-damage|p1a: Sneasler|0 fnt\n|faint|p1a: Sneasler\n|-hitcount|p1: Sneasler|2\n|move|p1b: Incineroar|Flare Blitz|p2b: Aerodactyl\n|-resisted|p2b: Aerodactyl|1\n|-damage|p2b: Aerodactyl|66/100\n|-damage|p1b: Incineroar|2/100|[from] Recoil\n|\n|-sideend|p1: fredrickrl|move: Tailwind\n|upkeep\n|\n|t:|1775953530\n|switch|p1a: Whimsicott|Whimsicott, L50, F|100/100\n|turn|13\n|\n|t:|1775953544\n|move|p1a: Whimsicott|Tailwind|p1a: Whimsicott\n|-sidestart|p1: fredrickrl|move: Tailwind\n|move|p2b: Aerodactyl|Rock Slide|p1a: Whimsicott|[spread] p1a,p1b\n|-supereffective|p1b: Incineroar|1\n|-damage|p1a: Whimsicott|77/100\n|-damage|p1b: Incineroar|0 fnt\n|faint|p1b: Incineroar\n|\n|upkeep\n|turn|14\n|\n|t:|1775953553\n|move|p1a: Whimsicott|Encore|p2b: Aerodactyl\n|-start|p2b: Aerodactyl|Encore\n|move|p2b: Aerodactyl|Rock Slide|p1a: Whimsicott\n|-damage|p1a: Whimsicott|45/100\n|-enditem|p1a: Whimsicott|Sitrus Berry|[eat]\n|-heal|p1a: Whimsicott|69/100|[from] item: Sitrus Berry\n|\n|upkeep\n|turn|15\n|\n|t:|1775953563\n|move|p1a: Whimsicott|Moonblast|p2b: Aerodactyl\n|-damage|p2b: Aerodactyl|25/100\n|move|p2b: Aerodactyl|Rock Slide|p1a: Whimsicott\n|-damage|p1a: Whimsicott|33/100\n|\n|upkeep\n|turn|16\n|\n|t:|1775953571\n|move|p1a: Whimsicott|Moonblast|p2b: Aerodactyl\n|-damage|p2b: Aerodactyl|0 fnt\n|faint|p2b: Aerodactyl\n|\n|win|fredrickrl\n|raw|fredrickrl's rating: 1239 &rarr; <strong>1262</strong><br />(+23 for winning)\n|raw|Spottedwoot's rating: 1218 &rarr; <strong>1195</strong><br />(-23 for losing)\n|l|\u2606Spottedwoot\n|player|p2|\n",
  "uploadtime": 1775953578,
  "views": 13,
  "formatid": "gen9championsvgc2026regma",
  "rating": 1195,
  "private": 0,
  "password": null
}