{
  "id": "gen9championsvgc2026regma-2581061970",
  "format": "[Gen 9 Champions] VGC 2026 Reg M-A",
  "players": [
    "Dudeguy47",
    "oshoa"
  ],
  "log": "|j|\u2606Dudeguy47\n|j|\u2606oshoa\n|t:|1775956254\n|gametype|doubles\n|player|p1|Dudeguy47|1|1060\n|player|p2|oshoa|265|1088\n|gen|9\n|tier|[Gen 9 Champions] VGC 2026 Reg M-A\n|rated|\n|rule|Species Clause: Limit one of each Pok\u00e9mon\n|rule|Item Clause: Limit 1 of each item\n|clearpoke\n|poke|p1|Excadrill, L50, M|\n|poke|p1|Hydreigon, L50, M|\n|poke|p1|Clefable, L50, M|\n|poke|p1|Armarouge, L50, M|\n|poke|p1|Pelipper, L50, F|\n|poke|p1|Rotom-Wash, L50|\n|poke|p2|Aerodactyl, L50, F|\n|poke|p2|Sableye, L50, M|\n|poke|p2|Blastoise, L50, M|\n|poke|p2|Goodra-Hisui, L50, M|\n|poke|p2|Tsareena, L50, F|\n|poke|p2|Sinistcha, L50|\n|teampreview|4\n|inactive|Battle timer is ON: inactive players will automatically lose when time's up. (requested by Dudeguy47)\nDudeguy47 rejected open team sheets.\n|inactive|Dudeguy47 has 60 seconds left.\n|\n|t:|1775956301\n|teamsize|p1|4\n|teamsize|p2|4\n|start\n|switch|p1a: Pelipilep|Pelipper, L50, F, shiny|100/100\n|switch|p1b: Excacxe|Excadrill, L50, M, shiny|100/100\n|switch|p2a: Sableye|Sableye, L50, M|100/100\n|switch|p2b: Blastoise|Blastoise, L50, M|100/100\n|-ability|p1b: Excacxe|Mold Breaker\n|-weather|RainDance|[from] ability: Drizzle|[of] p1a: Pelipilep\n|turn|1\n|\n|t:|1775956319\n|switch|p1b: Rotor|Rotom-Wash, L50, shiny|100/100\n|detailschange|p2b: Blastoise|Blastoise-Mega, L50, M\n|-mega|p2b: Blastoise|Blastoise|Blastoisinite\n|move|p2a: Sableye|Fake Out|p1b: Rotor\n|-damage|p1b: Rotor|92/100\n|move|p2b: Blastoise|Water Pulse|p1b: Rotor\n|-resisted|p1b: Rotor|1\n|-damage|p1b: Rotor|49/100\n|-start|p1b: Rotor|confusion\n|move|p1a: Pelipilep|Tailwind|p1a: Pelipilep\n|-sidestart|p1: Dudeguy47|move: Tailwind\n|\n|-weather|RainDance|[upkeep]\n|upkeep\n|turn|2\n|inactive|oshoa has 30 seconds left.\n|inactive|oshoa has 20 seconds left.\n|inactive|oshoa has 15 seconds left.\n|\n|t:|1775956363\n|move|p2a: Sableye|Encore|p1a: Pelipilep\n|-start|p1a: Pelipilep|Encore\n|-activate|p1b: Rotor|confusion\n|move|p1b: Rotor|Volt Switch|p2b: Blastoise\n|-supereffective|p2b: Blastoise|1\n|-damage|p2b: Blastoise|44/100\n|\n|t:|1775956371\n|switch|p1b: Clefelc|Clefable, L50, M, shiny|100/100|[from] Volt Switch\n|move|p1a: Pelipilep|Tailwind||[still]\n|-fail|p1a: Pelipilep\n|move|p2b: Blastoise|Aura Sphere|p1b: Clefelc\n|-resisted|p1b: Clefelc|1\n|-damage|p1b: Clefelc|80/100\n|\n|-weather|RainDance|[upkeep]\n|-heal|p1b: Clefelc|86/100|[from] item: Leftovers\n|upkeep\n|turn|3\n|inactive|Dudeguy47 has 30 seconds left.\n|\n|t:|1775956397\n|switch|p1a: Rotor|Rotom-Wash, L50, shiny|49/100\n|switch|p2a: Sinistcha|Sinistcha, L50|100/100\n|-heal|p2b: Blastoise|69/100|[from] ability: Hospitality|[of] p2a: Sinistcha\n|move|p1b: Clefelc|Moonblast|p2a: Sinistcha\n|-damage|p2a: Sinistcha|68/100\n|move|p2b: Blastoise|Water Spout|p1b: Clefelc|[spread] p1a,p1b\n|-resisted|p1a: Rotor|1\n|-damage|p1a: Rotor|13/100\n|-damage|p1b: Clefelc|22/100\n|\n|-weather|RainDance|[upkeep]\n|-heal|p1b: Clefelc|28/100|[from] item: Leftovers\n|upkeep\n|turn|4\n|inactive|Dudeguy47 has 30 seconds left.\n|-activate|p1a: Rotor|item: Quick Claw\n|\n|t:|1775956429\n|move|p1b: Clefelc|Follow Me|p1b: Clefelc\n|-singleturn|p1b: Clefelc|move: Follow Me\n|move|p2a: Sinistcha|Rage Powder|p2a: Sinistcha\n|-singleturn|p2a: Sinistcha|move: Rage Powder\n|move|p1a: Rotor|Discharge|p2b: Blastoise|[spread] p1b,p2a,p2b\n|-resisted|p2a: Sinistcha|1\n|-supereffective|p2b: Blastoise|1\n|-damage|p1b: Clefelc|4/100\n|-damage|p2a: Sinistcha|54/100\n|-damage|p2b: Blastoise|23/100\n|-status|p1b: Clefelc|par\n|move|p2b: Blastoise|Water Pulse|p1b: Clefelc\n|-damage|p1b: Clefelc|0 fnt\n|faint|p1b: Clefelc\n|\n|-weather|RainDance|[upkeep]\n|-sideend|p1: Dudeguy47|move: Tailwind\n|upkeep\n|\n|t:|1775956445\n|switch|p1b: Excacxe|Excadrill, L50, M, shiny|100/100\n|-ability|p1b: Excacxe|Mold Breaker\n|turn|5\n|-activate|p1a: Rotor|item: Quick Claw\n|\n|t:|1775956457\n|detailschange|p1b: Excacxe|Excadrill-Mega, L50, M, shiny\n|-mega|p1b: Excacxe|Excadrill|Excadrite\n|move|p1a: Rotor|Discharge|p2a: Sinistcha|[spread] p2a,p2b\n|-immune|p1b: Excacxe\n|-resisted|p2a: Sinistcha|1\n|-supereffective|p2b: Blastoise|1\n|-damage|p2a: Sinistcha|41/100\n|-damage|p2b: Blastoise|0 fnt\n|-enditem|p2a: Sinistcha|Sitrus Berry|[eat]\n|-heal|p2a: Sinistcha|66/100|[from] item: Sitrus Berry\n|faint|p2b: Blastoise\n|move|p1b: Excacxe|Earthquake|p2a: Sinistcha|[spread] p2a\n|-immune|p1a: Rotor|[from] ability: Levitate\n|-resisted|p2a: Sinistcha|1\n|-damage|p2a: Sinistcha|49/100\n|move|p2a: Sinistcha|Matcha Gotcha|p1b: Excacxe|[spread] p1a,p1b\n|-supereffective|p1a: Rotor|1\n|-damage|p1a: Rotor|0 fnt\n|-heal|p2a: Sinistcha|54/100|[from] drain|[of] p1a: Rotor\n|-damage|p1b: Excacxe|74/100\n|-heal|p2a: Sinistcha|68/100|[from] drain|[of] p1b: Excacxe\n|-status|p1b: Excacxe|brn\n|faint|p1a: Rotor\n|\n|-weather|none\n|-damage|p1b: Excacxe|68/100 brn|[from] brn\n|upkeep\n|inactive|oshoa has 30 seconds left.\n|inactive|oshoa has 20 seconds left.\n|\n|t:|1775956494\n|switch|p1a: Pelipilep|Pelipper, L50, F, shiny|100/100\n|switch|p2b: Aerodactyl|Aerodactyl, L50, F|100/100\n|-ability|p2b: Aerodactyl|Unnerve\n|-weather|RainDance|[from] ability: Drizzle|[of] p1a: Pelipilep\n|turn|6\n|\n|t:|1775956508\n|move|p2b: Aerodactyl|Tailwind|p2b: Aerodactyl\n|-sidestart|p2: oshoa|move: Tailwind\n|move|p2a: Sinistcha|Matcha Gotcha|p1a: Pelipilep|[spread] p1a,p1b\n|-damage|p1a: Pelipilep|64/100\n|-heal|p2a: Sinistcha|82/100|[from] drain|[of] p1a: Pelipilep\n|-damage|p1b: Excacxe|43/100 brn\n|-heal|p2a: Sinistcha|95/100|[from] drain|[of] p1b: Excacxe\n|move|p1b: Excacxe|Iron Head|p2b: Aerodactyl\n|-supereffective|p2b: Aerodactyl|1\n|-damage|p2b: Aerodactyl|27/100\n|move|p1a: Pelipilep|Chilling Water|p2b: Aerodactyl\n|-supereffective|p2b: Aerodactyl|1\n|-damage|p2b: Aerodactyl|0 fnt\n|faint|p2b: Aerodactyl\n|\n|-weather|RainDance|[upkeep]\n|-damage|p1b: Excacxe|37/100 brn|[from] brn\n|upkeep\n|\n|t:|1775956525\n|switch|p2b: Sableye|Sableye, L50, M|100/100\n|turn|7\n|\n|t:|1775956541\n|move|p2b: Sableye|Fake Out|p1b: Excacxe\n|-resisted|p1b: Excacxe|1\n|-damage|p1b: Excacxe|33/100 brn\n|move|p2a: Sinistcha|Matcha Gotcha|p1b: Excacxe|[spread] p1a,p1b\n|-damage|p1a: Pelipilep|28/100\n|-heal|p2a: Sinistcha|100/100|[from] drain|[of] p1a: Pelipilep\n|-damage|p1b: Excacxe|9/100 brn\n|cant|p1b: Excacxe|flinch\n|move|p1a: Pelipilep|Hurricane|p2a: Sinistcha\n|-supereffective|p2a: Sinistcha|1\n|-damage|p2a: Sinistcha|0 fnt\n|faint|p2a: Sinistcha\n|\n|-weather|RainDance|[upkeep]\n|-damage|p1b: Excacxe|3/100 brn|[from] brn\n|upkeep\n|turn|8\n|\n|t:|1775956559\n|move|p2b: Sableye|Disable|p1a: Pelipilep\n|-start|p1a: Pelipilep|Disable|Hurricane\n|move|p1b: Excacxe|Iron Head|p2b: Sableye\n|-damage|p2b: Sableye|68/100\n|cant|p1a: Pelipilep|Disable|Hurricane\n|\n|-weather|RainDance|[upkeep]\n|-damage|p1b: Excacxe|0 fnt|[from] brn\n|faint|p1b: Excacxe\n|upkeep\n|turn|9\n|\n|t:|1775956574\n|move|p2b: Sableye|Encore|p1a: Pelipilep\n|-start|p1a: Pelipilep|Encore\n|cant|p1a: Pelipilep|Disable|Hurricane\n|\n|-weather|RainDance|[upkeep]\n|-sideend|p2: oshoa|move: Tailwind\n|upkeep\n|turn|10\n|\n|t:|1775956579\n|move|p2b: Sableye|Quash|p1a: Pelipilep\n|-activate|p1a: Pelipilep|move: Quash\n|-activate|p1a: Pelipilep|move: Struggle\n|move|p1a: Pelipilep|Struggle|p2b: Sableye\n|-damage|p2b: Sableye|60/100\n|-damage|p1a: Pelipilep|3/100|[from] recoil\n|\n|-weather|none\n|upkeep\n|turn|11\n|-message|Dudeguy47 forfeited.\n|\n|win|oshoa\n|raw|Dudeguy47's rating: 1060 &rarr; <strong>1043</strong><br />(-17 for losing)\n|raw|oshoa's rating: 1088 &rarr; <strong>1113</strong><br />(+25 for winning)\n|l|\u2606Dudeguy47\n|player|p1|\n",
  "uploadtime": 1775956587,
  "views": 9,
  "formatid": "gen9championsvgc2026regma",
  "rating": 1043,
  "private": 0,
  "password": null
}