{
  "id": "gen9championsvgc2026regma-2586314645",
  "format": "[Gen 9 Champions] VGC 2026 Reg M-A",
  "players": [
    "demeszurgedamdebi",
    "tsukifrombilllie"
  ],
  "log": "|j|\u2606demeszurgedamdebi\n|j|\u2606tsukifrombilllie\n|t:|1776424391\n|gametype|doubles\n|player|p1|demeszurgedamdebi|1|1199\n|player|p2|tsukifrombilllie|lyra|1155\n|gen|9\n|tier|[Gen 9 Champions] VGC 2026 Reg M-A\n|rated|\n|rule|Species Clause: Limit one of each Pok\u00e9mon\n|rule|Item Clause: Limit 1 of each item\n|clearpoke\n|poke|p1|Chandelure, L50, M|\n|poke|p1|Farigiraf, L50, M|\n|poke|p1|Torkoal, L50, M|\n|poke|p1|Sneasler, L50, F|\n|poke|p1|Aerodactyl, L50, M|\n|poke|p1|Sinistcha, L50|\n|poke|p2|Meganium, L50, M|\n|poke|p2|Excadrill, L50, F|\n|poke|p2|Tyranitar, L50, F|\n|poke|p2|Rotom-Wash, L50|\n|poke|p2|Dragapult, L50, M|\n|poke|p2|Sneasler, L50, M|\n|teampreview|4\n|inactive|Battle timer is ON: inactive players will automatically lose when time's up. (requested by tsukifrombilllie)\n|inactive|tsukifrombilllie has 60 seconds left.\n|\n|t:|1776424448\n|teamsize|p1|4\n|teamsize|p2|4\n|start\n|switch|p1a: Aerodactyl|Aerodactyl, L50, M|100/100\n|switch|p1b: Farigiraf|Farigiraf, L50, M|100/100\n|switch|p2a: Dragapult|Dragapult, L50, M, shiny|100/100\n|switch|p2b: Sneasler|Sneasler, L50, M|100/100\n|-ability|p1a: Aerodactyl|Unnerve\n|turn|1\n|inactive|tsukifrombilllie has 30 seconds left.\n|\n|t:|1776424473\n|move|p2a: Dragapult|Dragon Darts|p1b: Farigiraf\n|-damage|p1b: Farigiraf|83/100\n|-anim|p2a: Dragapult|Dragon Darts|p1a: Aerodactyl\n|-damage|p1a: Aerodactyl|60/100\n|move|p1a: Aerodactyl|Rock Slide|p2b: Sneasler|[spread] p2a,p2b\n|-resisted|p2b: Sneasler|1\n|-damage|p2a: Dragapult|60/100\n|-damage|p2b: Sneasler|82/100\n|move|p2b: Sneasler|Close Combat|p1b: Farigiraf\n|-damage|p1b: Farigiraf|39/100\n|-unboost|p2b: Sneasler|def|1\n|-unboost|p2b: Sneasler|spd|1\n|-enditem|p1b: Farigiraf|Sitrus Berry|[eat]\n|-heal|p1b: Farigiraf|64/100|[from] item: Sitrus Berry\n|-enditem|p2b: Sneasler|White Herb\n|-clearnegativeboost|p2b: Sneasler|[silent]\n|move|p1b: Farigiraf|Psyshock|p2b: Sneasler\n|-supereffective|p2b: Sneasler|2\n|-damage|p2b: Sneasler|0 fnt\n|faint|p2b: Sneasler\n|\n|upkeep\n|\n|t:|1776424493\n|switch|p2b: Tyranitar|Tyranitar, L50, F, shiny|100/100\n|-weather|Sandstorm|[from] ability: Sand Stream|[of] p2b: Tyranitar\n|turn|2\n|\n|t:|1776424505\n|move|p2a: Dragapult|Protect|p2a: Dragapult\n|-singleturn|p2a: Dragapult|Protect\n|move|p1a: Aerodactyl|Wide Guard|p1a: Aerodactyl\n|-singleturn|p1a: Aerodactyl|Wide Guard\n|move|p2b: Tyranitar|Rock Slide|p1a: Aerodactyl|[spread] \n|-activate|p1a: Aerodactyl|move: Wide Guard\n|-activate|p1b: Farigiraf|move: Wide Guard\n|move|p1b: Farigiraf|Trick Room|p1b: Farigiraf\n|-fieldstart|move: Trick Room|[of] p1b: Farigiraf\n|\n|-weather|Sandstorm|[upkeep]\n|-damage|p1b: Farigiraf|58/100|[from] Sandstorm\n|-damage|p2a: Dragapult|54/100|[from] Sandstorm\n|upkeep\n|turn|3\n|inactive|demeszurgedamdebi has 30 seconds left.\n|\n|t:|1776424533\n|switch|p1b: Chandelure|Chandelure, L50, M|100/100\n|move|p2b: Tyranitar|Protect|p2b: Tyranitar\n|-singleturn|p2b: Tyranitar|Protect\n|move|p1a: Aerodactyl|Rock Slide|p2a: Dragapult|[spread] p2a\n|-activate|p2b: Tyranitar|move: Protect\n|-damage|p2a: Dragapult|13/100\n|cant|p2a: Dragapult|flinch\n|\n|-weather|Sandstorm|[upkeep]\n|-damage|p1b: Chandelure|95/100|[from] Sandstorm\n|-damage|p2a: Dragapult|7/100|[from] Sandstorm\n|upkeep\n|turn|4\n|\n|t:|1776424557\n|switch|p2a: Excadrill|Excadrill, L50, F, shiny|100/100\n|detailschange|p1b: Chandelure|Chandelure-Mega, L50, M\n|-mega|p1b: Chandelure|Chandelure|Chandelurite\n|move|p1a: Aerodactyl|Wide Guard|p1a: Aerodactyl\n|-singleturn|p1a: Aerodactyl|Wide Guard\n|move|p2b: Tyranitar|Knock Off|p1b: Chandelure\n|-supereffective|p1b: Chandelure|1\n|-damage|p1b: Chandelure|23/100\n|move|p1b: Chandelure|Heat Wave|p2a: Excadrill|[spread] p2a,p2b\n|-supereffective|p2a: Excadrill|1\n|-resisted|p2b: Tyranitar|1\n|-enditem|p2a: Excadrill|Focus Sash\n|-damage|p2a: Excadrill|1/100\n|-damage|p2b: Tyranitar|85/100\n|\n|-weather|Sandstorm|[upkeep]\n|-damage|p1b: Chandelure|17/100|[from] Sandstorm\n|upkeep\n|turn|5\n|inactive|tsukifrombilllie has 30 seconds left.\n|\n|t:|1776424583\n|move|p1b: Chandelure|Protect|p1b: Chandelure\n|-singleturn|p1b: Chandelure|Protect\n|move|p2a: Excadrill|Protect|p2a: Excadrill\n|-singleturn|p2a: Excadrill|Protect\n|move|p2b: Tyranitar|Rock Slide|p1a: Aerodactyl|[spread] p1a\n|-activate|p1b: Chandelure|move: Protect\n|-supereffective|p1a: Aerodactyl|1\n|-damage|p1a: Aerodactyl|0 fnt\n|faint|p1a: Aerodactyl\n|\n|-weather|Sandstorm|[upkeep]\n|-damage|p1b: Chandelure|11/100|[from] Sandstorm\n|upkeep\n|\n|t:|1776424595\n|switch|p1a: Sneasler|Sneasler, L50, F|100/100\n|turn|6\n|\n|t:|1776424605\n|switch|p2a: Dragapult|Dragapult, L50, M, shiny|7/100\n|move|p2b: Tyranitar|Protect|p2b: Tyranitar\n|-singleturn|p2b: Tyranitar|Protect\n|move|p1a: Sneasler|Fake Out|p2b: Tyranitar\n|-activate|p2b: Tyranitar|move: Protect\n|move|p1b: Chandelure|Heat Wave|p2b: Tyranitar|[spread] p2a\n|-activate|p2b: Tyranitar|move: Protect\n|-resisted|p2a: Dragapult|1\n|-damage|p2a: Dragapult|0 fnt\n|faint|p2a: Dragapult\n|\n|-weather|none\n|-fieldend|move: Trick Room\n|upkeep\n|\n|t:|1776424618\n|switch|p2a: Excadrill|Excadrill, L50, F, shiny|1/100\n|turn|7\n|\n|t:|1776424638\n|move|p1b: Chandelure|Protect|p1b: Chandelure\n|-singleturn|p1b: Chandelure|Protect\n|move|p2a: Excadrill|Earthquake|p1a: Sneasler|[spread] p2b,p1a\n|-activate|p1b: Chandelure|move: Protect\n|-supereffective|p2b: Tyranitar|1\n|-supereffective|p1a: Sneasler|1\n|-damage|p2b: Tyranitar|8/100\n|-damage|p1a: Sneasler|0 fnt\n|faint|p1a: Sneasler\n|move|p2b: Tyranitar|Ice Punch|p1b: Chandelure\n|-activate|p1b: Chandelure|move: Protect\n|\n|upkeep\n|\n|t:|1776424648\n|switch|p1a: Farigiraf|Farigiraf, L50, M|58/100\n|turn|8\n|\n|t:|1776424661\n|move|p2b: Tyranitar|Protect|p2b: Tyranitar\n|-singleturn|p2b: Tyranitar|Protect\n|move|p2a: Excadrill|Earthquake|p1a: Farigiraf|[spread] p1a,p1b\n|-activate|p2b: Tyranitar|move: Protect\n|-crit|p1a: Farigiraf\n|-supereffective|p1b: Chandelure|1\n|-damage|p1a: Farigiraf|12/100\n|-damage|p1b: Chandelure|0 fnt\n|faint|p1b: Chandelure\n|move|p1a: Farigiraf|Trick Room|p1a: Farigiraf\n|-fieldstart|move: Trick Room|[of] p1a: Farigiraf\n|\n|upkeep\n|turn|9\n|\n|t:|1776424674\n|move|p1a: Farigiraf|Hyper Voice|p2b: Tyranitar|[spread] p2a,p2b\n|-resisted|p2a: Excadrill|1\n|-resisted|p2b: Tyranitar|1\n|-damage|p2a: Excadrill|0 fnt\n|-damage|p2b: Tyranitar|0 fnt\n|faint|p2a: Excadrill\n|faint|p2b: Tyranitar\n|\n|win|demeszurgedamdebi\n|raw|demeszurgedamdebi's rating: 1199 &rarr; <strong>1221</strong><br />(+22 for winning)\n|raw|tsukifrombilllie's rating: 1155 &rarr; <strong>1133</strong><br />(-22 for losing)\n",
  "uploadtime": 1776424680,
  "views": 34,
  "formatid": "gen9championsvgc2026regma",
  "rating": 1133,
  "private": 0,
  "password": null
}