{
  "id": "gen9championsvgc2026regma-2585121646",
  "format": "[Gen 9 Champions] VGC 2026 Reg M-A",
  "players": [
    "gaul peorge",
    "Senpai_1987"
  ],
  "log": "|j|\u2606gaul peorge\n|j|\u2606Senpai_1987\n|t:|1776314285\n|gametype|doubles\n|player|p1|gaul peorge|2|1403\n|player|p2|Senpai_1987|aromalady|1449\n|gen|9\n|tier|[Gen 9 Champions] VGC 2026 Reg M-A\n|rated|\n|rule|Species Clause: Limit one of each Pok\u00e9mon\n|rule|Item Clause: Limit 1 of each item\n|clearpoke\n|poke|p1|Starmie, L50|\n|poke|p1|Sneasler, L50, F|\n|poke|p1|Kingambit, L50, M|\n|poke|p1|Sinistcha, L50|\n|poke|p1|Pelipper, L50, M|\n|poke|p1|Incineroar, L50, F|\n|poke|p2|Pelipper, L50, M|\n|poke|p2|Basculegion, L50, M|\n|poke|p2|Archaludon, L50, F|\n|poke|p2|Feraligatr, L50, F|\n|poke|p2|Scizor, L50, F|\n|poke|p2|Incineroar, L50, M|\n|teampreview|4\n|inactive|Battle timer is ON: inactive players will automatically lose when time's up. (requested by gaul peorge)\n|inactive|gaul peorge has 60 seconds left.\n|\n|t:|1776314320\n|teamsize|p1|4\n|teamsize|p2|4\n|start\n|switch|p1a: Kingambit|Kingambit, L50, M|100/100\n|switch|p1b: Sneasler|Sneasler, L50, F|100/100\n|switch|p2a: The Log|Basculegion, L50, M, shiny|100/100\n|switch|p2b: The Sink|Archaludon, L50, F|100/100\n|turn|1\n|\n|t:|1776314336\n|switch|p2a: The Bowl|Pelipper, L50, M|100/100\n|-weather|RainDance|[from] ability: Drizzle|[of] p2a: The Bowl\n|move|p1a: Kingambit|Sucker Punch||[still]\n|-fail|p1a: Kingambit\n|move|p1b: Sneasler|Close Combat|p2b: The Sink\n|-supereffective|p2b: The Sink|1\n|-enditem|p2b: The Sink|Chople Berry|[eat]\n|-enditem|p2b: The Sink|Chople Berry|[weaken]\n|-damage|p2b: The Sink|40/100\n|-unboost|p1b: Sneasler|def|1\n|-unboost|p1b: Sneasler|spd|1\n|-enditem|p1b: Sneasler|White Herb\n|-clearnegativeboost|p1b: Sneasler|[silent]\n|move|p2b: The Sink|Aura Sphere|p1a: Kingambit\n|-supereffective|p1a: Kingambit|2\n|-enditem|p1a: Kingambit|Chople Berry|[eat]\n|-enditem|p1a: Kingambit|Chople Berry|[weaken]\n|-damage|p1a: Kingambit|48/100\n|\n|-weather|RainDance|[upkeep]\n|upkeep\n|turn|2\n|j| kokomi233233\n|\n|t:|1776314352\n|move|p1a: Kingambit|Sucker Punch||[still]\n|-fail|p1a: Kingambit\n|move|p1b: Sneasler|Dire Claw|p2a: The Bowl\n|-damage|p2a: The Bowl|37/100\n|-status|p2a: The Bowl|par\n|move|p2b: The Sink|Electro Shot||[still]\n|-prepare|p2b: The Sink|Electro Shot\n|-boost|p2b: The Sink|spa|1\n|-anim|p2b: The Sink|Electro Shot|p1b: Sneasler\n|-damage|p1b: Sneasler|6/100\n|move|p2a: The Bowl|Tailwind|p2a: The Bowl\n|-sidestart|p2: Senpai_1987|move: Tailwind\n|\n|-weather|RainDance|[upkeep]\n|upkeep\n|turn|3\n|l| kokomi233233\n|l|\u2606Senpai_1987\n|inactive|Senpai_1987 disconnected and has a minute to reconnect!\n|player|p2|\n|inactive|Senpai_1987 has 30 seconds left.\n|inactive|Senpai_1987 has 20 seconds left.\n|inactive|Senpai_1987 has 15 seconds left.\n|inactive|Senpai_1987 has 10 seconds left.\n|inactive|Senpai_1987 has 5 seconds left.\n|j|\u2606Senpai_1987\n|inactive|Senpai_1987 reconnected and has 5 seconds left.\n|player|p2|Senpai_1987|aromalady|\n|\n|t:|1776314407\n|move|p1a: Kingambit|Sucker Punch||[still]\n|-fail|p1a: Kingambit\n|move|p1b: Sneasler|Close Combat|p2b: The Sink\n|-supereffective|p2b: The Sink|1\n|-damage|p2b: The Sink|0 fnt\n|-unboost|p1b: Sneasler|def|1\n|-unboost|p1b: Sneasler|spd|1\n|faint|p2b: The Sink\n|move|p2a: The Bowl|Tailwind||[still]\n|-fail|p2a: The Bowl\n|\n|-weather|RainDance|[upkeep]\n|upkeep\n|\n|t:|1776314418\n|switch|p2b: The Lid|Feraligatr, L50, F|100/100\n|turn|4\n|\n|t:|1776314432\n|switch|p1b: Sinistcha|Sinistcha, L50|100/100\n|-heal|p1a: Kingambit|73/100|[from] ability: Hospitality|[of] p1b: Sinistcha\n|detailschange|p2b: The Lid|Feraligatr-Mega, L50, F\n|-mega|p2b: The Lid|Feraligatr|Feraligite\n|move|p2b: The Lid|Dragon Dance|p2b: The Lid\n|-boost|p2b: The Lid|atk|1\n|-boost|p2b: The Lid|spe|1\n|move|p2a: The Bowl|Hurricane|p1b: Sinistcha\n|-supereffective|p1b: Sinistcha|1\n|-damage|p1b: Sinistcha|5/100\n|-enditem|p1b: Sinistcha|Sitrus Berry|[eat]\n|-heal|p1b: Sinistcha|30/100|[from] item: Sitrus Berry\n|move|p1a: Kingambit|Kowtow Cleave|p2a: The Bowl\n|-damage|p2a: The Bowl|0 fnt\n|faint|p2a: The Bowl\n|\n|-weather|RainDance|[upkeep]\n|upkeep\n|\n|t:|1776314447\n|switch|p2a: The Log|Basculegion, L50, M, shiny|100/100\n|turn|5\n|\n|t:|1776314465\n|move|p1b: Sinistcha|Rage Powder|p1b: Sinistcha\n|-singleturn|p1b: Sinistcha|move: Rage Powder\n|move|p2a: The Log|Last Respects|p1b: Sinistcha\n|-supereffective|p1b: Sinistcha|1\n|-damage|p1b: Sinistcha|0 fnt\n|faint|p1b: Sinistcha\n|move|p2b: The Lid|Liquidation|p1a: Kingambit\n|-damage|p1a: Kingambit|0 fnt\n|faint|p1a: Kingambit\n|\n|-weather|none\n|-sideend|p2: Senpai_1987|move: Tailwind\n|upkeep\n|\n|t:|1776314474\n|switch|p1b: Starmie|Starmie, L50|100/100\n|switch|p1a: Sneasler|Sneasler, L50, F|6/100\n|turn|6\n|\n|t:|1776314483\n|detailschange|p1b: Starmie|Starmie-Mega, L50\n|-mega|p1b: Starmie|Starmie|Starminite\n|move|p2a: The Log|Last Respects|p1b: Starmie\n|-supereffective|p1b: Starmie|1\n|-damage|p1b: Starmie|0 fnt\n|faint|p1b: Starmie\n|move|p2b: The Lid|Double-Edge|p1a: Sneasler\n|-damage|p1a: Sneasler|0 fnt\n|faint|p1a: Sneasler\n|-damage|p2b: The Lid|99/100|[from] Recoil\n|\n|win|Senpai_1987\n|raw|gaul peorge's rating: 1403 &rarr; <strong>1386</strong><br />(-17 for losing)\n|raw|Senpai_1987's rating: 1449 &rarr; <strong>1466</strong><br />(+17 for winning)\n|l|\u2606gaul peorge\n|player|p1|\n",
  "uploadtime": 1776314498,
  "views": 31,
  "formatid": "gen9championsvgc2026regma",
  "rating": 1386,
  "private": 0,
  "password": null
}