{
  "id": "gen9championsvgc2026regma-2588667963",
  "format": "[Gen 9 Champions] VGC 2026 Reg M-A",
  "players": [
    "JosoTruco",
    "Agent Aquato"
  ],
  "log": "|j|\u2606JosoTruco\n|j|\u2606Agent Aquato\n|t:|1776655663\n|gametype|doubles\n|player|p1|JosoTruco|101|1386\n|player|p2|Agent Aquato|leon-tower|1397\n|gen|9\n|tier|[Gen 9 Champions] VGC 2026 Reg M-A\n|rated|\n|rule|Species Clause: Limit one of each Pok\u00e9mon\n|rule|Item Clause: Limit 1 of each item\n|clearpoke\n|poke|p1|Leafeon, L50, M|\n|poke|p1|Charizard, L50, F|\n|poke|p1|Whimsicott, L50, M|\n|poke|p1|Dragapult, L50, F|\n|poke|p1|Gallade, L50, M|\n|poke|p1|Scizor, L50, F|\n|poke|p2|Scizor, L50, M, shiny|\n|poke|p2|Pelipper, L50, M, shiny|\n|poke|p2|Sinistcha, L50, shiny|\n|poke|p2|Incineroar, L50, M, shiny|\n|poke|p2|Archaludon, L50, F, shiny|\n|poke|p2|Dragonite, L50, M, shiny|\n|teampreview|4\n|inactive|Battle timer is ON: inactive players will automatically lose when time's up. (requested by JosoTruco)\n|inactive|JosoTruco has 60 seconds left.\n|\n|t:|1776655715\n|teamsize|p1|4\n|teamsize|p2|4\n|start\n|switch|p1a: Whimsicott|Whimsicott, L50, M|100/100\n|switch|p1b: Gallade|Gallade, L50, M|100/100\n|switch|p2a: Dragonite|Dragonite, L50, M, shiny|100/100\n|switch|p2b: Incineroar|Incineroar, L50, M, shiny|100/100\n|-ability|p2b: Incineroar|Intimidate|boost\n|-unboost|p1a: Whimsicott|atk|1\n|-unboost|p1b: Gallade|atk|1\n|turn|1\n|inactive|Agent Aquato has 30 seconds left.\n|\n|t:|1776655741\n|switch|p2b: Pelipper|Pelipper, L50, M, shiny|100/100\n|-weather|RainDance|[from] ability: Drizzle|[of] p2b: Pelipper\n|detailschange|p2a: Dragonite|Dragonite-Mega, L50, M, shiny\n|-mega|p2a: Dragonite|Dragonite|Dragoninite\n|move|p1a: Whimsicott|Tailwind|p1a: Whimsicott\n|-sidestart|p1: JosoTruco|move: Tailwind\n|move|p1b: Gallade|Triple Axel|p2a: Dragonite\n|-supereffective|p2a: Dragonite|2\n|-damage|p2a: Dragonite|92/100\n|-supereffective|p2a: Dragonite|2\n|-damage|p2a: Dragonite|60/100\n|-supereffective|p2a: Dragonite|2\n|-damage|p2a: Dragonite|11/100\n|-hitcount|p2a: Dragonite|3\n|move|p2a: Dragonite|Hurricane|p1a: Whimsicott\n|-supereffective|p1a: Whimsicott|1\n|-enditem|p1a: Whimsicott|Focus Sash\n|-damage|p1a: Whimsicott|1/100\n|-start|p1a: Whimsicott|confusion\n|\n|-weather|RainDance|[upkeep]\n|upkeep\n|turn|2\n|inactive|JosoTruco has 30 seconds left.\n|inactive|Agent Aquato has 30 seconds left.\n|\n|t:|1776655771\n|switch|p2a: Archaludon|Archaludon, L50, F, shiny|100/100\n|-activate|p1a: Whimsicott|confusion\n|-damage|p1a: Whimsicott|0 fnt|[from] confusion\n|faint|p1a: Whimsicott\n|move|p1b: Gallade|Triple Axel|p2b: Pelipper\n|-damage|p2b: Pelipper|96/100\n|-damage|p2b: Pelipper|86/100\n|-hitcount|p2b: Pelipper|2\n|move|p2b: Pelipper|Hurricane|p1b: Gallade\n|-supereffective|p1b: Gallade|1\n|-damage|p1b: Gallade|11/100\n|\n|-weather|RainDance|[upkeep]\n|upkeep\n|\n|t:|1776655784\n|switch|p1a: Charizard|Charizard, L50, F|100/100\n|turn|3\n|\n|t:|1776655794\n|switch|p2b: Incineroar|Incineroar, L50, M, shiny|100/100\n|-ability|p2b: Incineroar|Intimidate|boost\n|-unboost|p1a: Charizard|atk|1\n|-unboost|p1b: Gallade|atk|1\n|detailschange|p1a: Charizard|Charizard-Mega-Y, L50, F\n|-mega|p1a: Charizard|Charizard|Charizardite Y\n|-weather|SunnyDay|[from] ability: Drought|[of] p1a: Charizard\n|move|p2a: Archaludon|Protect|p2a: Archaludon\n|-singleturn|p2a: Archaludon|Protect\n|move|p1b: Gallade|Triple Axel|p2b: Incineroar\n|-resisted|p2b: Incineroar|1\n|-damage|p2b: Incineroar|99/100\n|-resisted|p2b: Incineroar|1\n|-damage|p2b: Incineroar|97/100\n|-resisted|p2b: Incineroar|1\n|-damage|p2b: Incineroar|93/100\n|-hitcount|p2b: Incineroar|3\n|move|p1a: Charizard|Heat Wave|p2b: Incineroar|[spread] p2b\n|-activate|p2a: Archaludon|move: Protect\n|-resisted|p2b: Incineroar|1\n|-damage|p2b: Incineroar|61/100\n|\n|-weather|SunnyDay|[upkeep]\n|upkeep\n|turn|4\n|\n|t:|1776655815\n|switch|p1a: Dragapult|Dragapult, L50, F|100/100\n|move|p2b: Incineroar|Fake Out|p1a: Dragapult\n|-immune|p1a: Dragapult\n|move|p1b: Gallade|Triple Axel|p2b: Incineroar\n|-resisted|p2b: Incineroar|1\n|-damage|p2b: Incineroar|60/100\n|-resisted|p2b: Incineroar|1\n|-damage|p2b: Incineroar|57/100\n|-resisted|p2b: Incineroar|1\n|-damage|p2b: Incineroar|53/100\n|-hitcount|p2b: Incineroar|3\n|move|p2a: Archaludon|Dragon Pulse|p1b: Gallade\n|-damage|p1b: Gallade|0 fnt\n|faint|p1b: Gallade\n|\n|-weather|SunnyDay|[upkeep]\n|-sideend|p1: JosoTruco|move: Tailwind\n|upkeep\n|\n|t:|1776655829\n|switch|p1b: Charizard|Charizard-Mega-Y, L50, F|100/100\n|turn|5\n|\n|t:|1776655837\n|switch|p2b: Pelipper|Pelipper, L50, M, shiny|86/100\n|-weather|RainDance|[from] ability: Drizzle|[of] p2b: Pelipper\n|move|p1a: Dragapult|Dragon Darts|p2b: Pelipper\n|-damage|p2b: Pelipper|61/100\n|-anim|p1a: Dragapult|Dragon Darts|p2a: Archaludon\n|-damage|p2a: Archaludon|83/100\n|-ability|p2a: Archaludon|Stamina|boost\n|-boost|p2a: Archaludon|def|1\n|move|p1b: Charizard|Heat Wave|p2a: Archaludon|[spread] p2a,p2b\n|-resisted|p2b: Pelipper|1\n|-damage|p2a: Archaludon|62/100\n|-damage|p2b: Pelipper|49/100\n|-status|p2a: Archaludon|brn\n|-ability|p2a: Archaludon|Stamina|boost\n|-boost|p2a: Archaludon|def|1\n|-enditem|p2b: Pelipper|Sitrus Berry|[eat]\n|-heal|p2b: Pelipper|73/100|[from] item: Sitrus Berry\n|move|p2a: Archaludon|Electro Shot||[still]\n|-prepare|p2a: Archaludon|Electro Shot\n|-boost|p2a: Archaludon|spa|1\n|-anim|p2a: Archaludon|Electro Shot|p1b: Charizard\n|-supereffective|p1b: Charizard|1\n|-damage|p1b: Charizard|0 fnt\n|faint|p1b: Charizard\n|\n|-weather|RainDance|[upkeep]\n|-heal|p2a: Archaludon|69/100 brn|[from] item: Leftovers\n|-damage|p2a: Archaludon|62/100 brn|[from] brn\n|upkeep\n|turn|6\n|-message|JosoTruco forfeited.\n|\n|win|Agent Aquato\n|raw|JosoTruco's rating: 1386 &rarr; <strong>1367</strong><br />(-19 for losing)\n|raw|Agent Aquato's rating: 1397 &rarr; <strong>1416</strong><br />(+19 for winning)\n|l|\u2606JosoTruco\n|player|p1|\n",
  "uploadtime": 1776655876,
  "views": 8,
  "formatid": "gen9championsvgc2026regma",
  "rating": 1367,
  "private": 0,
  "password": null
}