{
  "id": "gen9championsvgc2026regma-2582761035",
  "format": "[Gen 9 Champions] VGC 2026 Reg M-A",
  "players": [
    "colfox",
    "zefuzz"
  ],
  "log": "|j|\u2606colfox\n|j|\u2606zefuzz\n|t:|1776112238\n|gametype|doubles\n|player|p1|colfox|170|1256\n|player|p2|zefuzz|170|1172\n|gen|9\n|tier|[Gen 9 Champions] VGC 2026 Reg M-A\n|rated|\n|rule|Species Clause: Limit one of each Pok\u00e9mon\n|rule|Item Clause: Limit 1 of each item\n|clearpoke\n|poke|p1|Ninetales, L50, F|\n|poke|p1|Dragonite, L50, F|\n|poke|p1|Sylveon, L50, F|\n|poke|p1|Milotic, L50, M|\n|poke|p1|Venusaur, L50, M|\n|poke|p1|Delphox, L50, F|\n|poke|p2|Drampa, L50, M|\n|poke|p2|Mimikyu, L50, F|\n|poke|p2|Sinistcha, L50|\n|poke|p2|Incineroar, L50, M|\n|poke|p2|Kingambit, L50, M|\n|poke|p2|Primarina, L50, M|\n|teampreview|4\n|\n|t:|1776112276\n|teamsize|p1|4\n|teamsize|p2|4\n|start\n|switch|p1a: Milotic|Milotic, L50, M|100/100\n|switch|p1b: Delphox|Delphox, L50, F|100/100\n|switch|p2a: Mimikyu|Mimikyu, L50, F, shiny|100/100\n|switch|p2b: Primarina|Primarina, L50, M|100/100\n|turn|1\n|\n|t:|1776112294\n|detailschange|p1b: Delphox|Delphox-Mega, L50, F\n|-mega|p1b: Delphox|Delphox|Delphoxite\n|move|p1b: Delphox|Protect|p1b: Delphox\n|-singleturn|p1b: Delphox|Protect\n|move|p1a: Milotic|Icy Wind|p2a: Mimikyu|[spread] p2a,p2b\n|-resisted|p2b: Primarina|1\n|-activate|p2a: Mimikyu|ability: Disguise\n|-damage|p2a: Mimikyu|100/100\n|-damage|p2b: Primarina|95/100\n|-unboost|p2a: Mimikyu|spe|1\n|-unboost|p2b: Primarina|spe|1\n|detailschange|p2a: Mimikyu|Mimikyu-Busted, L50, F, shiny\n|-damage|p2a: Mimikyu|88/100|[from] pokemon: Mimikyu-Busted\n|move|p2b: Primarina|Hyper Voice|p1a: Milotic|[spread] p1a\n|-activate|p1b: Delphox|move: Protect\n|-resisted|p1a: Milotic|1\n|-damage|p1a: Milotic|84/100\n|move|p2a: Mimikyu|Trick Room|p2a: Mimikyu\n|-fieldstart|move: Trick Room|[of] p2a: Mimikyu\n|\n|upkeep\n|turn|2\n|\n|t:|1776112323\n|switch|p1b: Venusaur|Venusaur, L50, M|100/100\n|move|p1a: Milotic|Protect|p1a: Milotic\n|-singleturn|p1a: Milotic|Protect\n|move|p2a: Mimikyu|Shadow Sneak|p1b: Venusaur\n|-damage|p1b: Venusaur|77/100\n|move|p2b: Primarina|Hyper Voice|p1b: Venusaur|[spread] p1b\n|-activate|p1a: Milotic|move: Protect\n|-resisted|p1b: Venusaur|1\n|-damage|p1b: Venusaur|54/100\n|\n|upkeep\n|turn|3\n|\n|t:|1776112361\n|switch|p2a: Drampa|Drampa, L50, M|100/100\n|-ability|p2a: Drampa|Cloud Nine\n|move|p2b: Primarina|Dazzling Gleam|p1b: Venusaur|[spread] p1a,p1b\n|-resisted|p1b: Venusaur|1\n|-damage|p1a: Milotic|60/100\n|-damage|p1b: Venusaur|33/100\n|move|p1a: Milotic|Scald|p2a: Drampa\n|-resisted|p2a: Drampa|1\n|-damage|p2a: Drampa|79/100\n|move|p1b: Venusaur|Sludge Bomb|p2b: Primarina\n|-supereffective|p2b: Primarina|1\n|-crit|p2b: Primarina\n|-damage|p2b: Primarina|0 fnt\n|faint|p2b: Primarina\n|\n|upkeep\n|\n|t:|1776112376\n|switch|p2b: Incineroar|Incineroar, L50, M, shiny|100/100\n|-ability|p2b: Incineroar|Intimidate|boost\n|-unboost|p1a: Milotic|atk|1\n|-ability|p1a: Milotic|Competitive|boost\n|-boost|p1a: Milotic|spa|2\n|-unboost|p1b: Venusaur|atk|1\n|turn|4\n|\n|t:|1776112388\n|detailschange|p2a: Drampa|Drampa-Mega, L50, M\n|-mega|p2a: Drampa|Drampa|Drampanite\n|move|p2b: Incineroar|Fake Out|p1a: Milotic\n|-damage|p1a: Milotic|48/100\n|move|p2a: Drampa|Hyper Voice|p1a: Milotic|[spread] p1a,p1b\n|-damage|p1a: Milotic|13/100\n|-damage|p1b: Venusaur|0 fnt\n|faint|p1b: Venusaur\n|cant|p1a: Milotic|flinch\n|\n|upkeep\n|\n|t:|1776112404\n|switch|p1b: Delphox|Delphox-Mega, L50, F|100/100\n|turn|5\n|\n|t:|1776112432\n|move|p1b: Delphox|Protect|p1b: Delphox\n|-singleturn|p1b: Delphox|Protect\n|move|p2a: Drampa|Calm Mind|p2a: Drampa\n|-boost|p2a: Drampa|spa|1\n|-boost|p2a: Drampa|spd|1\n|move|p1a: Milotic|Scald|p2b: Incineroar\n|-supereffective|p2b: Incineroar|1\n|-damage|p2b: Incineroar|0 fnt\n|faint|p2b: Incineroar\n|\n|-fieldend|move: Trick Room\n|upkeep\n|\n|t:|1776112441\n|switch|p2b: Mimikyu|Mimikyu-Busted, L50, F, shiny|88/100\n|turn|6\n|\n|t:|1776112477\n|move|p2a: Drampa|Protect|p2a: Drampa\n|-singleturn|p2a: Drampa|Protect\n|move|p1b: Delphox|Shadow Ball|p2b: Mimikyu\n|-supereffective|p2b: Mimikyu|1\n|-crit|p2b: Mimikyu\n|-damage|p2b: Mimikyu|0 fnt\n|faint|p2b: Mimikyu\n|move|p1a: Milotic|Icy Wind|p2a: Drampa\n|-activate|p2a: Drampa|move: Protect\n|\n|upkeep\n|turn|7\n|\n|t:|1776112496\n|move|p1b: Delphox|Psychic|p2a: Drampa\n|-damage|p2a: Drampa|48/100\n|-ability|p2a: Drampa|Berserk|boost\n|-boost|p2a: Drampa|spa|1\n|move|p1a: Milotic|Icy Wind|p2a: Drampa\n|-supereffective|p2a: Drampa|1\n|-damage|p2a: Drampa|7/100\n|-unboost|p2a: Drampa|spe|1\n|move|p2a: Drampa|Hyper Voice|p1a: Milotic|[spread] p1a,p1b\n|-crit|p1b: Delphox\n|-damage|p1a: Milotic|0 fnt\n|-damage|p1b: Delphox|0 fnt\n|faint|p1a: Milotic\n|faint|p1b: Delphox\n|\n|upkeep\n|\n|t:|1776112511\n|switch|p1b: Ninetales|Ninetales, L50, F|100/100\n|-weather|SunnyDay|[from] ability: Drought|[of] p1b: Ninetales\n|turn|8\n|\n|t:|1776112520\n|move|p1b: Ninetales|Heat Wave|p2a: Drampa\n|-resisted|p2a: Drampa|1\n|-damage|p2a: Drampa|0 fnt\n|faint|p2a: Drampa\n|\n|win|colfox\n|raw|colfox's rating: 1256 &rarr; <strong>1275</strong><br />(+19 for winning)\n|raw|zefuzz's rating: 1172 &rarr; <strong>1153</strong><br />(-19 for losing)\n|l|\u2606zefuzz\n|player|p2|\n",
  "uploadtime": 1776112556,
  "views": 30,
  "formatid": "gen9championsvgc2026regma",
  "rating": 1153,
  "private": 0,
  "password": null
}