{
  "id": "gen9championsvgc2026regma-2582796826",
  "format": "[Gen 9 Champions] VGC 2026 Reg M-A",
  "players": [
    "prof. jubokko",
    "miguelforever"
  ],
  "log": "|j|\u2606prof. jubokko\n|j|\u2606miguelforever\n|t:|1776114826\n|gametype|doubles\n|player|p1|prof. jubokko|cyrus|1147\n|player|p2|miguelforever|acetrainer-gen4dp|1202\n|gen|9\n|tier|[Gen 9 Champions] VGC 2026 Reg M-A\n|rated|\n|rule|Species Clause: Limit one of each Pok\u00e9mon\n|rule|Item Clause: Limit 1 of each item\n|clearpoke\n|poke|p1|Charizard, L50, F|\n|poke|p1|Venusaur, L50, F|\n|poke|p1|Whimsicott, L50, M|\n|poke|p1|Sylveon, L50, M|\n|poke|p1|Kingambit, L50, M|\n|poke|p1|Arcanine, L50, F|\n|poke|p2|Froslass, L50, F|\n|poke|p2|Orthworm, L50, M|\n|poke|p2|Garchomp, L50, M|\n|poke|p2|Basculegion, L50, M|\n|poke|p2|Scizor, L50, F|\n|poke|p2|Rotom-Frost, L50|\n|teampreview|4\n|inactive|Battle timer is ON: inactive players will automatically lose when time's up. (requested by miguelforever)\n|c|\u2606prof. jubokko|WOLFEVGC?!\nmiguelforever rejected open team sheets.\n|c|\u2606miguelforever|right wolfeys real name is miguel didn't you know\n|\n|t:|1776114862\n|teamsize|p1|4\n|teamsize|p2|4\n|start\n|switch|p1a: Arcanine|Arcanine, L50, F|100/100\n|switch|p1b: Sylveon|Sylveon, L50, M|100/100\n|switch|p2a: Orthworm|Orthworm, L50, M|100/100\n|switch|p2b: Garchomp|Garchomp, L50, M|100/100\n|-ability|p1a: Arcanine|Intimidate|boost\n|-unboost|p2a: Orthworm|atk|1\n|-unboost|p2b: Garchomp|atk|1\n|turn|1\n|\n|t:|1776114879\n|move|p2b: Garchomp|Protect|p2b: Garchomp\n|-singleturn|p2b: Garchomp|Protect\n|move|p2a: Orthworm|Shed Tail|p2a: Orthworm\n|-start|p2a: Orthworm|Substitute|[from] move: Shed Tail\n|-damage|p2a: Orthworm|50/100\n|-enditem|p2a: Orthworm|Sitrus Berry|[eat]\n|-heal|p2a: Orthworm|75/100|[from] item: Sitrus Berry\n|\n|t:|1776114887\n|switch|p2a: Froslass|Froslass, L50, F|100/100|[from] Shed Tail\n|move|p1a: Arcanine|Flare Blitz|p2a: Froslass\n|-supereffective|p2a: Froslass|1\n|-end|p2a: Froslass|Substitute\n|-damage|p1a: Arcanine|94/100|[from] Recoil|[of] p2a: Froslass\n|move|p1b: Sylveon|Hyper Voice|p2b: Garchomp|[spread] p2a\n|-activate|p2b: Garchomp|move: Protect\n|-damage|p2a: Froslass|24/100\n|\n|upkeep\n|turn|2\n|inactive|prof. jubokko has 30 seconds left.\n|inactive|miguelforever has 30 seconds left.\n|\n|t:|1776114913\n|detailschange|p2a: Froslass|Froslass-Mega, L50, F\n|-mega|p2a: Froslass|Froslass|Froslassite\n|-weather|Snowscape|[from] ability: Snow Warning|[of] p2a: Froslass\n|move|p2a: Froslass|Blizzard|p1a: Arcanine|[spread] p1a,p1b\n|-resisted|p1a: Arcanine|1\n|-damage|p1a: Arcanine|69/100\n|-damage|p1b: Sylveon|64/100\n|-status|p1a: Arcanine|frz\n|move|p2b: Garchomp|Rock Slide|p1a: Arcanine|[spread] p1a,p1b\n|-supereffective|p1a: Arcanine|1\n|-damage|p1a: Arcanine|36/100 frz\n|-damage|p1b: Sylveon|43/100\n|-enditem|p1a: Arcanine|Sitrus Berry|[eat]\n|-heal|p1a: Arcanine|61/100 frz|[from] item: Sitrus Berry\n|-curestatus|p1a: Arcanine|frz|[msg]\n|move|p1a: Arcanine|Will-O-Wisp|p2b: Garchomp\n|-status|p2b: Garchomp|brn\n|cant|p1b: Sylveon|flinch\n|\n|-weather|Snowscape|[upkeep]\n|-damage|p2b: Garchomp|94/100 brn|[from] brn\n|upkeep\n|turn|3\n|inactive|prof. jubokko has 30 seconds left.\n|\n|t:|1776114942\n|move|p1b: Sylveon|Protect|p1b: Sylveon\n|-singleturn|p1b: Sylveon|Protect\n|move|p2a: Froslass|Blizzard|p1b: Sylveon|[spread] p1a\n|-activate|p1b: Sylveon|move: Protect\n|-resisted|p1a: Arcanine|1\n|-damage|p1a: Arcanine|36/100\n|move|p2b: Garchomp|Rock Slide|p1b: Sylveon|[spread] p1a\n|-activate|p1b: Sylveon|move: Protect\n|-supereffective|p1a: Arcanine|1\n|-damage|p1a: Arcanine|18/100\n|cant|p1a: Arcanine|flinch\n|\n|-weather|Snowscape|[upkeep]\n|-damage|p2b: Garchomp|88/100 brn|[from] brn\n|upkeep\n|turn|4\n|inactive|prof. jubokko has 30 seconds left.\n|\n|t:|1776114968\n|move|p2a: Froslass|Blizzard|p1a: Arcanine|[spread] p1a,p1b\n|-resisted|p1a: Arcanine|1\n|-damage|p1a: Arcanine|0 fnt\n|-damage|p1b: Sylveon|5/100\n|faint|p1a: Arcanine\n|move|p2b: Garchomp|Rock Slide|p1b: Sylveon\n|-damage|p1b: Sylveon|0 fnt\n|faint|p1b: Sylveon\n|\n|-weather|Snowscape|[upkeep]\n|-damage|p2b: Garchomp|82/100 brn|[from] brn\n|upkeep\n|\n|t:|1776114971\n|switch|p1a: Charizard|Charizard, L50, F|100/100\n|switch|p1b: Venusaur|Venusaur, L50, F|100/100\n|turn|5\n|\n|t:|1776114986\n|switch|p2b: Orthworm|Orthworm, L50, M|75/100\n|detailschange|p1a: Charizard|Charizard-Mega-Y, L50, F\n|-mega|p1a: Charizard|Charizard|Charizardite Y\n|-weather|SunnyDay|[from] ability: Drought|[of] p1a: Charizard\n|move|p2a: Froslass|Protect|p2a: Froslass\n|-singleturn|p2a: Froslass|Protect\n|move|p1b: Venusaur|Energy Ball|p2b: Orthworm\n|-resisted|p2b: Orthworm|1\n|-damage|p2b: Orthworm|37/100\n|move|p1a: Charizard|Heat Wave|p2b: Orthworm|[spread] p2b\n|-activate|p2a: Froslass|move: Protect\n|-supereffective|p2b: Orthworm|1\n|-damage|p2b: Orthworm|0 fnt\n|faint|p2b: Orthworm\n|\n|-weather|SunnyDay|[upkeep]\n|upkeep\n|\n|t:|1776115005\n|switch|p2b: Basculegion|Basculegion, L50, M|100/100\n|turn|6\n|\n|t:|1776115023\n|move|p1b: Venusaur|Sleep Powder|p2b: Basculegion\n|-status|p2b: Basculegion|slp|[from] move: Sleep Powder\n|move|p2a: Froslass|Blizzard|p1b: Venusaur|[spread] \n|-miss|p2a: Froslass|p1a: Charizard\n|-miss|p2a: Froslass|p1b: Venusaur\n|move|p1a: Charizard|Weather Ball|p2a: Froslass\n|-supereffective|p2a: Froslass|1\n|-damage|p2a: Froslass|0 fnt\n|faint|p2a: Froslass\n|cant|p2b: Basculegion|slp\n|\n|-weather|SunnyDay|[upkeep]\n|upkeep\n|\n|t:|1776115036\n|switch|p2a: Garchomp|Garchomp, L50, M|82/100 brn\n|turn|7\n|\n|t:|1776115045\n|move|p1a: Charizard|Protect|p1a: Charizard\n|-singleturn|p1a: Charizard|Protect\n|move|p1b: Venusaur|Energy Ball|p2b: Basculegion\n|-supereffective|p2b: Basculegion|1\n|-damage|p2b: Basculegion|2/100 slp\n|move|p2a: Garchomp|Rock Slide|p1b: Venusaur|[spread] \n|-activate|p1a: Charizard|move: Protect\n|-miss|p2a: Garchomp|p1b: Venusaur\n|cant|p2b: Basculegion|slp\n|\n|-weather|SunnyDay|[upkeep]\n|-heal|p2b: Basculegion|8/100 slp|[from] item: Leftovers\n|-damage|p2a: Garchomp|76/100 brn|[from] brn\n|upkeep\n|turn|8\n|\n|t:|1776115063\n|move|p1b: Venusaur|Energy Ball|p2a: Garchomp\n|-damage|p2a: Garchomp|32/100 brn\n|move|p1a: Charizard|Heat Wave|p2a: Garchomp|[spread] p2a,p2b\n|-resisted|p2a: Garchomp|1\n|-resisted|p2b: Basculegion|1\n|-damage|p2a: Garchomp|0 fnt\n|-damage|p2b: Basculegion|0 fnt\n|faint|p2a: Garchomp\n|faint|p2b: Basculegion\n|\n|win|prof. jubokko\n|raw|prof. jubokko's rating: 1147 &rarr; <strong>1176</strong><br />(+29 for winning)\n|raw|miguelforever's rating: 1202 &rarr; <strong>1173</strong><br />(-29 for losing)\n|l|\u2606miguelforever\n|player|p2|\n|c|\u2606prof. jubokko|Ggs\n|l|\u2606prof. jubokko\n|player|p1|\n|j|\u2606prof. jubokko\n|player|p1|prof. jubokko|cyrus|\n",
  "uploadtime": 1776115074,
  "views": 20,
  "formatid": "gen9championsvgc2026regma",
  "rating": 1173,
  "private": 0,
  "password": null
}