{
  "id": "gen9championsvgc2026regma-2585583676",
  "format": "[Gen 9 Champions] VGC 2026 Reg M-A",
  "players": [
    "ClumbsyLilBeach",
    "Crene"
  ],
  "log": "|j|\u2606ClumbsyLilBeach\n|j|\u2606Crene\n|t:|1776357037\n|gametype|doubles\n|player|p1|ClumbsyLilBeach|jasmine|1479\n|player|p2|Crene|erika|1563\n|gen|9\n|tier|[Gen 9 Champions] VGC 2026 Reg M-A\n|rated|\n|rule|Species Clause: Limit one of each Pok\u00e9mon\n|rule|Item Clause: Limit 1 of each item\n|clearpoke\n|poke|p1|Dragonite, L50, F|\n|poke|p1|Salazzle, L50, F|\n|poke|p1|Farigiraf, L50, M|\n|poke|p1|Chesnaught, L50, F|\n|poke|p1|Scizor, L50, M|\n|poke|p1|Sableye, L50, M|\n|poke|p2|Banette, L50, M|\n|poke|p2|Basculegion, L50, M|\n|poke|p2|Sneasler, L50, M|\n|poke|p2|Pelipper, L50, M|\n|poke|p2|Archaludon, L50, M|\n|poke|p2|Sinistcha-Masterpiece, L50|\n|teampreview|4\n|inactive|Battle timer is ON: inactive players will automatically lose when time's up. (requested by Crene)\n|inactive|ClumbsyLilBeach also wants the timer to be on.\n|inactive|ClumbsyLilBeach has 60 seconds left.\n|inactive|Crene has 60 seconds left.\n|j| darumaka maracas\n|\n|t:|1776357095\n|teamsize|p1|4\n|teamsize|p2|4\n|start\n|switch|p1a: Dragonite|Dragonite, L50, F|100/100\n|switch|p1b: Salazzle|Salazzle, L50, F|100/100\n|switch|p2a: Bill Cosby|Banette, L50, M|100/100\n|switch|p2b: mistake 2|Basculegion, L50, M|100/100\n|-item|p1a: Dragonite|Dragoninite|[from] ability: Frisk|[of] p2a: Bill Cosby\n|-item|p1b: Salazzle|Focus Sash|[from] ability: Frisk|[of] p2a: Bill Cosby\n|turn|1\n|inactive|ClumbsyLilBeach has 30 seconds left.\n|inactive|Crene has 30 seconds left.\n|inactive|ClumbsyLilBeach has 20 seconds left.\n|inactive|Crene has 20 seconds left.\n|inactive|ClumbsyLilBeach has 15 seconds left.\n|inactive|Crene has 15 seconds left.\n|inactive|ClumbsyLilBeach has 10 seconds left.\n|inactive|Crene has 10 seconds left.\n|\n|t:|1776357145\n|detailschange|p1a: Dragonite|Dragonite-Mega, L50, F\n|-mega|p1a: Dragonite|Dragonite|Dragoninite\n|detailschange|p2a: Bill Cosby|Banette-Mega, L50, M\n|-mega|p2a: Bill Cosby|Banette|Banettite\n|move|p1b: Salazzle|Dragon Cheer|p1a: Dragonite\n|-start|p1a: Dragonite|move: Dragon Cheer\n|move|p1a: Dragonite|Tailwind|p1a: Dragonite\n|-sidestart|p1: ClumbsyLilBeach|move: Tailwind\n|move|p2b: mistake 2|Flip Turn|p1a: Dragonite\n|-resisted|p1a: Dragonite|1\n|-damage|p1a: Dragonite|92/100\n|inactive|Crene has 30 seconds left.\n|\n|t:|1776357170\n|switch|p2b: mistake 4|Pelipper, L50, M|100/100|[from] Flip Turn\n|-weather|RainDance|[from] ability: Drizzle|[of] p2b: mistake 4\n|move|p2a: Bill Cosby|Poltergeist|p1b: Salazzle\n|-activate|p1b: Salazzle|move: Poltergeist|Focus Sash\n|-enditem|p1b: Salazzle|Focus Sash\n|-damage|p1b: Salazzle|1/100\n|\n|-weather|RainDance|[upkeep]\n|upkeep\n|turn|2\n|inactive|ClumbsyLilBeach has 30 seconds left.\n|inactive|Crene has 30 seconds left.\n|\n|t:|1776357203\n|switch|p1b: Scizor|Scizor, L50, M|100/100\n|move|p2a: Bill Cosby|Encore|p1a: Dragonite\n|-start|p1a: Dragonite|Encore\n|move|p1a: Dragonite|Tailwind||[still]\n|-fail|p1a: Dragonite\n|move|p2b: mistake 4|Hurricane|p1a: Dragonite\n|-damage|p1a: Dragonite|45/100\n|-start|p1a: Dragonite|confusion\n|\n|-weather|RainDance|[upkeep]\n|upkeep\n|turn|3\n|inactive|ClumbsyLilBeach has 30 seconds left.\n|inactive|Crene has 30 seconds left.\n|\n|t:|1776357237\n|switch|p1a: Sableye|Sableye, L50, M|100/100\n|move|p1b: Scizor|Focus Energy|p1b: Scizor\n|-start|p1b: Scizor|move: Focus Energy\n|move|p2b: mistake 4|Weather Ball|p1b: Scizor\n|-damage|p1b: Scizor|15/100\n|move|p2a: Bill Cosby|Poltergeist|p1b: Scizor\n|-activate|p1b: Scizor|move: Poltergeist|Scope Lens\n|-damage|p1b: Scizor|0 fnt\n|faint|p1b: Scizor\n|\n|-weather|RainDance|[upkeep]\n|upkeep\n|c|\u2606Crene|are you guillotine on Scizor?\n|inactive|ClumbsyLilBeach has 30 seconds left.\n|c|\u2606Crene|ohhh\n|c|\u2606Crene|nv\n|inactive|ClumbsyLilBeach has 20 seconds left.\n|c|\u2606Crene|m\n|inactive|ClumbsyLilBeach has 15 seconds left.\n|inactive|ClumbsyLilBeach has 10 seconds left.\n|inactive|ClumbsyLilBeach has 5 seconds left.\n|\n|t:|1776357292\n|switch|p1b: Dragonite|Dragonite-Mega, L50, F|45/100\n|turn|4\n|inactive|ClumbsyLilBeach has 30 seconds left.\n|inactive|Crene has 30 seconds left.\n|\n|t:|1776357322\n|move|p1b: Dragonite|Draco Meteor|p2b: mistake 4\n|-enditem|p2b: mistake 4|Focus Sash\n|-damage|p2b: mistake 4|1/100\n|-unboost|p1b: Dragonite|spa|2\n|move|p1a: Sableye|Foul Play|p2a: Bill Cosby\n|-supereffective|p2a: Bill Cosby|1\n|-damage|p2a: Bill Cosby|0 fnt\n|faint|p2a: Bill Cosby\n|move|p2b: mistake 4|Hurricane|p1b: Dragonite\n|-crit|p1b: Dragonite\n|-damage|p1b: Dragonite|0 fnt\n|faint|p1b: Dragonite\n|\n|-weather|RainDance|[upkeep]\n|-sideend|p1: ClumbsyLilBeach|move: Tailwind\n|upkeep\n|\n|t:|1776357340\n|switch|p1b: Salazzle|Salazzle, L50, F|1/100\n|switch|p2a: mistake 5|Archaludon, L50, M|100/100\n|turn|5\n|\n|t:|1776357358\n|move|p1a: Sableye|Detect|p1a: Sableye\n|-singleturn|p1a: Sableye|Protect\n|move|p1b: Salazzle|Fake Out|p2b: mistake 4\n|-damage|p2b: mistake 4|0 fnt\n|faint|p2b: mistake 4\n|move|p2a: mistake 5|Electro Shot||[still]\n|-prepare|p2a: mistake 5|Electro Shot\n|-boost|p2a: mistake 5|spa|1\n|-anim|p2a: mistake 5|Electro Shot|p1a: Sableye\n|-activate|p1a: Sableye|move: Protect\n|\n|-weather|none\n|upkeep\n|c|\u2606Crene|bye bye salazzle\n|\n|t:|1776357361\n|switch|p2b: mistake 2|Basculegion, L50, M|100/100\n|turn|6\n|\n|t:|1776357381\n|move|p2b: mistake 2|Aqua Jet|p1b: Salazzle\n|-supereffective|p1b: Salazzle|1\n|-damage|p1b: Salazzle|0 fnt\n|faint|p1b: Salazzle\n|move|p1a: Sableye|Encore|p2a: mistake 5\n|-start|p2a: mistake 5|Encore\n|move|p2a: mistake 5|Electro Shot||[still]\n|-prepare|p2a: mistake 5|Electro Shot\n|-boost|p2a: mistake 5|spa|1\n|\n|upkeep\n|turn|7\n|c|\u2606Crene|scroll back up\n|\n|t:|1776357393\n|move|p2b: mistake 2|Wave Crash|p1a: Sableye\n|-damage|p1a: Sableye|6/100\n|-damage|p2b: mistake 2|75/100|[from] Recoil\n|move|p2a: mistake 5|Electro Shot|p1a: Sableye|[from] lockedmove\n|-crit|p1a: Sableye\n|-damage|p1a: Sableye|0 fnt\n|faint|p1a: Sableye\n|\n|win|Crene\n|raw|ClumbsyLilBeach's rating: 1479 &rarr; <strong>1464</strong><br />(-15 for losing)\n|raw|Crene's rating: 1563 &rarr; <strong>1578</strong><br />(+15 for winning)\n|c|\u2606Crene|if you want to know the best encore strat\n|c|\u2606Crene|like I did to you\n|l|\u2606ClumbsyLilBeach\n|player|p1|\n|l|\u2606Crene\n|player|p2|\n|j|\u2606Crene\n|player|p2|Crene|erika|\n",
  "uploadtime": 1776357490,
  "views": 44,
  "formatid": "gen9championsvgc2026regma",
  "rating": 1464,
  "private": 0,
  "password": null
}