{
  "id": "gen9championsvgc2026regma-2588193076",
  "format": "[Gen 9 Champions] VGC 2026 Reg M-A",
  "players": [
    "Carlosvto",
    "Mango404"
  ],
  "log": "|j|\u2606Carlosvto\n|j|\u2606Mango404\n|t:|1776613175\n|gametype|doubles\n|player|p1|Carlosvto|2|\n|player|p2|Mango404|harlequin|\n|gen|9\n|tier|[Gen 9 Champions] VGC 2026 Reg M-A\n|rule|Species Clause: Limit one of each Pok\u00e9mon\n|rule|Item Clause: Limit 1 of each item\n|clearpoke\n|poke|p1|Garchomp, L50, M|\n|poke|p1|Milotic, L50, F|\n|poke|p1|Kingambit, L50, F|\n|poke|p1|Dragapult, L50, M|\n|poke|p1|Whimsicott, L50, F|\n|poke|p1|Raichu-Alola, L50, F|\n|poke|p2|Gardevoir, L50, M|\n|poke|p2|Incineroar, L50, M|\n|poke|p2|Sinistcha, L50|\n|poke|p2|Sableye, L50, F|\n|poke|p2|Farigiraf, L50, M|\n|poke|p2|Sneasler, L50, M|\n|teampreview|4\nCarlosvto has agreed to open team sheets.\n|\n|t:|1776613208\n|teamsize|p1|4\n|teamsize|p2|4\n|start\n|switch|p1a: Whimsicott|Whimsicott, L50, F|100/100\n|switch|p1b: Kingambit|Kingambit, L50, F|100/100\n|switch|p2a: Gardevoir|Gardevoir, L50, M|100/100\n|switch|p2b: Sneasler|Sneasler, L50, M|100/100\n|-ability|p2a: Gardevoir|Defiant|Trace|[from] ability: Trace|[of] p1b: Kingambit\n|turn|1\n|\n|t:|1776613221\n|detailschange|p2a: Gardevoir|Gardevoir-Mega, L50, M\n|-mega|p2a: Gardevoir|Gardevoir|Gardevoirite\n|move|p2a: Gardevoir|Protect|p2a: Gardevoir\n|-singleturn|p2a: Gardevoir|Protect\n|move|p1b: Kingambit|Protect|p1b: Kingambit\n|-singleturn|p1b: Kingambit|Protect\n|move|p1a: Whimsicott|Tailwind|p1a: Whimsicott\n|-sidestart|p1: Carlosvto|move: Tailwind\n|move|p2b: Sneasler|Close Combat|p1b: Kingambit\n|-activate|p1b: Kingambit|move: Protect\n|\n|upkeep\n|turn|2\n|\n|t:|1776613238\n|switch|p2a: Sableye|Sableye, L50, F|100/100\n|move|p1a: Whimsicott|Taunt|p2a: Sableye\n|-hint|Since gen 7, Dark is immune to Prankster moves.\n|-immune|p2a: Sableye\n|move|p2b: Sneasler|Close Combat|p1b: Kingambit\n|-supereffective|p1b: Kingambit|2\n|-enditem|p1b: Kingambit|Chople Berry|[eat]\n|-enditem|p1b: Kingambit|Chople Berry|[weaken]\n|-damage|p1b: Kingambit|15/100\n|-unboost|p2b: Sneasler|def|1\n|-unboost|p2b: Sneasler|spd|1\n|-enditem|p2b: Sneasler|White Herb\n|-clearnegativeboost|p2b: Sneasler|[silent]\n|move|p1b: Kingambit|Iron Head|p2a: Sableye\n|-damage|p2a: Sableye|44/100\n|\n|upkeep\n|turn|3\n|\n|t:|1776613284\n|switch|p1b: Garchomp|Garchomp, L50, M|100/100\n|move|p2a: Sableye|Fake Out|p1a: Whimsicott\n|-damage|p1a: Whimsicott|91/100\n|move|p2b: Sneasler|Close Combat|p1b: Garchomp\n|-damage|p1b: Garchomp|28/100\n|-unboost|p2b: Sneasler|def|1\n|-unboost|p2b: Sneasler|spd|1\n|cant|p1a: Whimsicott|flinch\n|\n|upkeep\n|turn|4\n|\n|t:|1776613309\n|switch|p2a: Farigiraf|Farigiraf, L50, M|100/100\n|move|p2b: Sneasler|Dire Claw|p1a: Whimsicott\n|-supereffective|p1a: Whimsicott|2\n|-damage|p1a: Whimsicott|0 fnt\n|faint|p1a: Whimsicott\n|move|p1b: Garchomp|Dragon Claw|p2b: Sneasler\n|-damage|p2b: Sneasler|1/100\n|\n|-sideend|p1: Carlosvto|move: Tailwind\n|upkeep\n|\n|t:|1776613322\n|switch|p1a: Milotic|Milotic, L50, F|100/100\n|turn|5\n|\n|t:|1776613346\n|move|p2a: Farigiraf|Helping Hand|p2b: Sneasler\n|-singleturn|p2b: Sneasler|Helping Hand|[of] p2a: Farigiraf\n|move|p2b: Sneasler|Close Combat|p1a: Milotic\n|-damage|p1a: Milotic|0 fnt\n|-unboost|p2b: Sneasler|def|1\n|-unboost|p2b: Sneasler|spd|1\n|faint|p1a: Milotic\n|move|p1b: Garchomp|Dragon Claw|p2b: Sneasler\n|-damage|p2b: Sneasler|0 fnt\n|faint|p2b: Sneasler\n|\n|upkeep\n|\n|t:|1776613357\n|switch|p2b: Gardevoir|Gardevoir-Mega, L50, M|100/100\n|switch|p1a: Kingambit|Kingambit, L50, F|15/100\n|turn|6\n|\n|t:|1776613371\n|move|p2b: Gardevoir|Protect|p2b: Gardevoir\n|-singleturn|p2b: Gardevoir|Protect\n|move|p1b: Garchomp|Rock Slide|p2b: Gardevoir|[spread] p2a\n|-activate|p2b: Gardevoir|move: Protect\n|-damage|p2a: Farigiraf|87/100\n|move|p2a: Farigiraf|Twin Beam|p1b: Garchomp\n|-damage|p1b: Garchomp|13/100\n|-damage|p1b: Garchomp|0 fnt\n|faint|p1b: Garchomp\n|-hitcount|p1: Garchomp|2\n|move|p1a: Kingambit|Iron Head|p2b: Gardevoir\n|-activate|p2b: Gardevoir|move: Protect\n|\n|upkeep\n|turn|7\n|\n|t:|1776613387\n|move|p2b: Gardevoir|Hyper Voice|p1a: Kingambit\n|-damage|p1a: Kingambit|0 fnt\n|faint|p1a: Kingambit\n|\n|win|Mango404\n",
  "uploadtime": 1776613390,
  "views": 35,
  "formatid": "gen9championsvgc2026regma",
  "rating": null,
  "private": 0,
  "password": null
}