{
  "id": "gen9championsvgc2026regma-2586588111",
  "format": "[Gen 9 Champions] VGC 2026 Reg M-A",
  "players": [
    "Boredrake2",
    "rocci"
  ],
  "log": "|j|\u2606Boredrake2\n|j|\u2606rocci\n|t:|1776445109\n|gametype|doubles\n|player|p1|Boredrake2|steven|1300\n|player|p2|rocci|beauty-gen4dp|1220\n|gen|9\n|tier|[Gen 9 Champions] VGC 2026 Reg M-A\n|rated|\n|rule|Species Clause: Limit one of each Pok\u00e9mon\n|rule|Item Clause: Limit 1 of each item\n|clearpoke\n|poke|p1|Milotic, L50, M|\n|poke|p1|Farigiraf, L50, F|\n|poke|p1|Altaria, L50, F|\n|poke|p1|Volcarona, L50, F|\n|poke|p1|Gengar, L50, F|\n|poke|p1|Garchomp, L50, M|\n|poke|p2|Sylveon, L50, F|\n|poke|p2|Slowbro, L50, F|\n|poke|p2|Tyranitar, L50, M|\n|poke|p2|Farigiraf, L50, M|\n|poke|p2|Conkeldurr, L50, M|\n|poke|p2|Clefable, L50, M|\n|teampreview|4\n|inactive|Battle timer is ON: inactive players will automatically lose when time's up. (requested by Boredrake2)\n|inactive|rocci has 60 seconds left.\n|inactive|rocci has 30 seconds left.\n|inactive|rocci has 20 seconds left.\n|inactive|rocci has 15 seconds left.\n|\n|t:|1776445190\n|teamsize|p1|4\n|teamsize|p2|4\n|start\n|switch|p1a: Milotic|Milotic, L50, M|100/100\n|switch|p1b: Altaria|Altaria, L50, F|100/100\n|switch|p2a: Slowbro|Slowbro, L50, F|100/100\n|switch|p2b: Tyranitar|Tyranitar, L50, M|100/100\n|-ability|p1b: Altaria|Cloud Nine\n|-weather|Sandstorm|[from] ability: Sand Stream|[of] p2b: Tyranitar\n|turn|1\n|\n|t:|1776445207\n|move|p1b: Altaria|Protect|p1b: Altaria\n|-singleturn|p1b: Altaria|Protect\n|move|p2b: Tyranitar|Protect|p2b: Tyranitar\n|-singleturn|p2b: Tyranitar|Protect\n|move|p1a: Milotic|Scald|p2b: Tyranitar\n|-activate|p2b: Tyranitar|move: Protect\n|move|p2a: Slowbro|Trick Room|p2a: Slowbro\n|-fieldstart|move: Trick Room|[of] p2a: Slowbro\n|\n|-weather|Sandstorm|[upkeep]\n|upkeep\n|turn|2\n|\n|t:|1776445229\n|switch|p2b: Sylveon|Sylveon, L50, F|100/100\n|detailschange|p1b: Altaria|Altaria-Mega, L50, F\n|-mega|p1b: Altaria|Altaria|Altarianite\n|move|p2a: Slowbro|Scald|p1a: Milotic\n|-resisted|p1a: Milotic|1\n|-damage|p1a: Milotic|91/100\n|move|p1a: Milotic|Scald|p2b: Sylveon\n|-damage|p2b: Sylveon|75/100\n|move|p1b: Altaria|Will-O-Wisp|p2b: Sylveon\n|-status|p2b: Sylveon|brn\n|\n|-weather|Sandstorm|[upkeep]\n|-damage|p2a: Slowbro|95/100|[from] Sandstorm\n|-damage|p2b: Sylveon|69/100 brn|[from] Sandstorm\n|-damage|p1a: Milotic|85/100|[from] Sandstorm\n|-damage|p1b: Altaria|95/100|[from] Sandstorm\n|-damage|p2b: Sylveon|63/100 brn|[from] brn\n|upkeep\n|turn|3\n|\n|t:|1776445250\n|move|p1b: Altaria|Protect|p1b: Altaria\n|-singleturn|p1b: Altaria|Protect\n|move|p2a: Slowbro|Psychic|p1a: Milotic\n|-damage|p1a: Milotic|61/100\n|move|p2b: Sylveon|Hyper Voice|p1a: Milotic|[spread] p1a\n|-activate|p1b: Altaria|move: Protect\n|-damage|p1a: Milotic|24/100\n|-enditem|p1a: Milotic|Sitrus Berry|[eat]\n|-heal|p1a: Milotic|49/100|[from] item: Sitrus Berry\n|move|p1a: Milotic|Scald|p2b: Sylveon\n|-damage|p2b: Sylveon|38/100 brn\n|\n|-weather|Sandstorm|[upkeep]\n|-damage|p2a: Slowbro|89/100|[from] Sandstorm\n|-damage|p2b: Sylveon|32/100 brn|[from] Sandstorm\n|-damage|p1a: Milotic|43/100|[from] Sandstorm\n|-damage|p1b: Altaria|89/100|[from] Sandstorm\n|-damage|p2b: Sylveon|26/100 brn|[from] brn\n|upkeep\n|turn|4\n|\n|t:|1776445274\n|move|p2a: Slowbro|Psychic|p1b: Altaria\n|-damage|p1b: Altaria|59/100\n|move|p2b: Sylveon|Hyper Voice|p1b: Altaria|[spread] p1a,p1b\n|-supereffective|p1b: Altaria|1\n|-damage|p1a: Milotic|8/100\n|-damage|p1b: Altaria|0 fnt\n|faint|p1b: Altaria\n|move|p1a: Milotic|Life Dew|p1a: Milotic\n|-heal|p1a: Milotic|34/100\n|\n|-weather|Sandstorm|[upkeep]\n|-damage|p2a: Slowbro|83/100|[from] Sandstorm\n|-damage|p2b: Sylveon|20/100 brn|[from] Sandstorm\n|-damage|p1a: Milotic|28/100|[from] Sandstorm\n|-damage|p2b: Sylveon|14/100 brn|[from] brn\n|upkeep\n|\n|t:|1776445288\n|switch|p1b: Gengar|Gengar, L50, F|100/100\n|turn|5\n|\n|t:|1776445297\n|move|p1a: Milotic|Protect|p1a: Milotic\n|-singleturn|p1a: Milotic|Protect\n|move|p2a: Slowbro|Psychic|p1b: Gengar\n|-supereffective|p1b: Gengar|1\n|-enditem|p1b: Gengar|Focus Sash\n|-damage|p1b: Gengar|1/100\n|move|p2b: Sylveon|Hyper Voice|p1a: Milotic|[spread] p1b\n|-activate|p1a: Milotic|move: Protect\n|-resisted|p1b: Gengar|1\n|-damage|p1b: Gengar|0 fnt\n|faint|p1b: Gengar\n|\n|-weather|none\n|-damage|p2b: Sylveon|8/100 brn|[from] brn\n|-fieldend|move: Trick Room\n|upkeep\n|\n|t:|1776445310\n|switch|p1b: Garchomp|Garchomp, L50, M|100/100\n|turn|6\n|-message|Boredrake2 forfeited.\n|\n|win|rocci\n|raw|Boredrake2's rating: 1300 &rarr; <strong>1269</strong><br />(-31 for losing)\n|raw|rocci's rating: 1220 &rarr; <strong>1251</strong><br />(+31 for winning)\n|l|\u2606Boredrake2\n|player|p1|\n",
  "uploadtime": 1776445319,
  "views": 48,
  "formatid": "gen9championsvgc2026regma",
  "rating": 1251,
  "private": 0,
  "password": null
}