{
  "id": "gen9championsvgc2026regma-2587095776",
  "format": "[Gen 9 Champions] VGC 2026 Reg M-A",
  "players": [
    "vestapan",
    "freudianbreath"
  ],
  "log": "|j|\u2606vestapan\n|j|\u2606freudianbreath\n|t:|1776492762\n|gametype|doubles\n|player|p1|vestapan|nurse|1085\n|player|p2|freudianbreath|1|1000\n|gen|9\n|tier|[Gen 9 Champions] VGC 2026 Reg M-A\n|rated|\n|rule|Species Clause: Limit one of each Pok\u00e9mon\n|rule|Item Clause: Limit 1 of each item\n|clearpoke\n|poke|p1|Charizard, L50, F|\n|poke|p1|Incineroar, L50, F|\n|poke|p1|Garchomp, L50, F|\n|poke|p1|Scovillain, L50, M|\n|poke|p1|Kingambit, L50, M|\n|poke|p1|Sneasler, L50, M|\n|poke|p2|Banette, L50, F|\n|poke|p2|Whimsicott, L50, M|\n|poke|p2|Incineroar, L50, F|\n|poke|p2|Politoed, L50, F|\n|poke|p2|Blastoise, L50, F|\n|poke|p2|Maushold, L50|\n|teampreview|4\nfreudianbreath rejected open team sheets.\n|inactive|Battle timer is ON: inactive players will automatically lose when time's up. (requested by vestapan)\n|inactive|freudianbreath has 60 seconds left.\n|inactive|freudianbreath has 30 seconds left.\n|inactive|freudianbreath has 20 seconds left.\n|inactive|freudianbreath has 15 seconds left.\n|inactive|freudianbreath has 10 seconds left.\n|inactive|freudianbreath has 5 seconds left.\n|\n|t:|1776492881\n|teamsize|p1|4\n|teamsize|p2|4\n|start\n|switch|p1a: Charizard|Charizard, L50, F|100/100\n|switch|p1b: Sneasler|Sneasler, L50, M|100/100\n|switch|p2a: Banette|Banette, L50, F|100/100\n|switch|p2b: Maushold|Maushold, L50|100/100\n|turn|1\n|inactive|freudianbreath has 30 seconds left.\n|inactive|freudianbreath has 20 seconds left.\n|inactive|freudianbreath has 15 seconds left.\n|inactive|freudianbreath has 10 seconds left.\n|\n|t:|1776492929\n|detailschange|p2a: Banette|Banette-Mega, L50, F\n|-mega|p2a: Banette|Banette|Banettite\n|move|p1b: Sneasler|Protect|p1b: Sneasler\n|-singleturn|p1b: Sneasler|Protect\n|move|p1a: Charizard|Protect|p1a: Charizard\n|-singleturn|p1a: Charizard|Protect\n|move|p2b: Maushold|Follow Me|p2b: Maushold\n|-singleturn|p2b: Maushold|move: Follow Me\n|move|p2a: Banette|Will-O-Wisp|p1b: Sneasler\n|-activate|p1b: Sneasler|move: Protect\n|\n|upkeep\n|turn|2\n|inactive|vestapan has 30 seconds left.\n|inactive|freudianbreath has 30 seconds left.\n|inactive|vestapan has 20 seconds left.\n|inactive|freudianbreath has 20 seconds left.\n|inactive|vestapan has 15 seconds left.\n|inactive|freudianbreath has 15 seconds left.\n|inactive|vestapan has 10 seconds left.\n|inactive|freudianbreath has 10 seconds left.\n|inactive|vestapan has 5 seconds left.\n|\n|t:|1776492984\n|move|p2a: Banette|Will-O-Wisp|p1b: Sneasler\n|-status|p1b: Sneasler|brn\n|move|p1b: Sneasler|Close Combat|p2a: Banette\n|-immune|p2a: Banette\n|move|p2b: Maushold|Thunder Wave|p1a: Charizard\n|-status|p1a: Charizard|par\n|move|p1a: Charizard|Heat Wave|p2b: Maushold|[spread] p2a\n|-miss|p1a: Charizard|p2b: Maushold\n|-damage|p2a: Banette|66/100\n|-status|p2a: Banette|brn\n|\n|-damage|p1b: Sneasler|95/100 brn|[from] brn\n|-damage|p2a: Banette|61/100 brn|[from] brn\n|upkeep\n|turn|3\n|inactive|vestapan has 30 seconds left.\n|inactive|freudianbreath has 30 seconds left.\n|inactive|vestapan has 20 seconds left.\n|inactive|freudianbreath has 20 seconds left.\n|inactive|vestapan has 15 seconds left.\n|inactive|freudianbreath has 15 seconds left.\n|inactive|vestapan has 10 seconds left.\n|inactive|vestapan has 5 seconds left.\n|\n|t:|1776493035\n|detailschange|p1a: Charizard|Charizard-Mega-Y, L50, F\n|-mega|p1a: Charizard|Charizard|Charizardite Y\n|-weather|SunnyDay|[from] ability: Drought|[of] p1a: Charizard\n|move|p2b: Maushold|Follow Me|p2b: Maushold\n|-singleturn|p2b: Maushold|move: Follow Me\n|move|p2a: Banette|Swords Dance|p2a: Banette\n|-boost|p2a: Banette|atk|2\n|move|p1b: Sneasler|Close Combat|p2b: Maushold\n|-supereffective|p2b: Maushold|1\n|-damage|p2b: Maushold|22/100\n|-unboost|p1b: Sneasler|def|1\n|-unboost|p1b: Sneasler|spd|1\n|move|p1a: Charizard|Heat Wave|p2b: Maushold|[spread] p2a,p2b\n|-damage|p2a: Banette|0 fnt\n|-damage|p2b: Maushold|0 fnt\n|faint|p2a: Banette\n|faint|p2b: Maushold\n|\n|-weather|SunnyDay|[upkeep]\n|-damage|p1b: Sneasler|89/100 brn|[from] brn\n|upkeep\n|\n|t:|1776493050\n|switch|p2b: Whimsicott|Whimsicott, L50, M|100/100\n|switch|p2a: Incineroar|Incineroar, L50, F|100/100\n|-ability|p2a: Incineroar|Intimidate|boost\n|-unboost|p1a: Charizard|atk|1\n|-unboost|p1b: Sneasler|atk|1\n|turn|4\n|\n|t:|1776493071\n|switch|p1a: Garchomp|Garchomp, L50, F|100/100\n|move|p2a: Incineroar|Fake Out|p1b: Sneasler\n|-damage|p1b: Sneasler|62/100 brn\n|cant|p1b: Sneasler|flinch\n|move|p2b: Whimsicott|Trick Room|p2b: Whimsicott\n|-fieldstart|move: Trick Room|[of] p2b: Whimsicott\n|\n|-weather|SunnyDay|[upkeep]\n|-damage|p1b: Sneasler|57/100 brn|[from] brn\n|upkeep\n|turn|5\n|inactive|freudianbreath has 30 seconds left.\n|\n|t:|1776493103\n|move|p2a: Incineroar|Parting Shot|p1a: Garchomp\n|-unboost|p1a: Garchomp|atk|1\n|-unboost|p1a: Garchomp|spa|1\n|move|p1a: Garchomp|Earthquake|p2b: Whimsicott|[spread] p1b,p2a,p2b\n|-supereffective|p1b: Sneasler|1\n|-supereffective|p2a: Incineroar|1\n|-resisted|p2b: Whimsicott|1\n|-damage|p1b: Sneasler|0 fnt\n|-damage|p2a: Incineroar|61/100\n|-damage|p2b: Whimsicott|81/100\n|faint|p1b: Sneasler\n|move|p2b: Whimsicott|Dazzling Gleam|p1a: Garchomp\n|-supereffective|p1a: Garchomp|1\n|-damage|p1a: Garchomp|32/100\n|\n|-weather|SunnyDay|[upkeep]\n|-heal|p1a: Garchomp|38/100|[from] item: Leftovers\n|upkeep\n|inactive|vestapan has 30 seconds left.\n|inactive|vestapan has 20 seconds left.\n|inactive|vestapan has 15 seconds left.\n|inactive|vestapan has 10 seconds left.\n|inactive|vestapan has 5 seconds left.\n|\n|t:|1776493159\n|switch|p1b: Scovillain|Scovillain, L50, M|100/100\n|turn|6\n|inactive|freudianbreath has 30 seconds left.\n|inactive|freudianbreath has 20 seconds left.\n|inactive|freudianbreath has 15 seconds left.\n|inactive|freudianbreath has 10 seconds left.\n|\n|t:|1776493205\n|move|p1a: Garchomp|Protect|p1a: Garchomp\n|-singleturn|p1a: Garchomp|Protect\n|move|p2b: Whimsicott|Encore|p1a: Garchomp\n|-activate|p1a: Garchomp|move: Protect\n|move|p2a: Incineroar|Flare Blitz|p1b: Scovillain\n|-damage|p1b: Scovillain|0 fnt\n|faint|p1b: Scovillain\n|-damage|p2a: Incineroar|38/100|[from] Recoil\n|-enditem|p2a: Incineroar|Sitrus Berry|[eat]\n|-heal|p2a: Incineroar|63/100|[from] item: Sitrus Berry\n|\n|-weather|SunnyDay|[upkeep]\n|-heal|p1a: Garchomp|44/100|[from] item: Leftovers\n|upkeep\n|inactive|vestapan has 30 seconds left.\n|inactive|vestapan has 20 seconds left.\n|inactive|vestapan has 15 seconds left.\n|inactive|vestapan has 10 seconds left.\n|inactive|vestapan has 5 seconds left.\n|\n|t:|1776493260\n|switch|p1b: Charizard|Charizard-Mega-Y, L50, F|100/100 par\n|turn|7\n|inactive|freudianbreath has 30 seconds left.\n|inactive|freudianbreath has 20 seconds left.\n|inactive|freudianbreath has 15 seconds left.\n|inactive|freudianbreath has 10 seconds left.\n|\n|t:|1776493309\n|move|p2a: Incineroar|Darkest Lariat|p1b: Charizard\n|-damage|p1b: Charizard|48/100 par\n|move|p1b: Charizard|Heat Wave|p2b: Whimsicott|[spread] p2a\n|-miss|p1b: Charizard|p2b: Whimsicott\n|-resisted|p2a: Incineroar|1\n|-damage|p2a: Incineroar|38/100\n|move|p1a: Garchomp|Earthquake|p2b: Whimsicott|[spread] p2a,p2b\n|-immune|p1b: Charizard\n|-supereffective|p2a: Incineroar|1\n|-resisted|p2b: Whimsicott|1\n|-damage|p2a: Incineroar|0 fnt\n|-damage|p2b: Whimsicott|61/100\n|faint|p2a: Incineroar\n|move|p2b: Whimsicott|Dazzling Gleam|p1b: Charizard|[spread] p1a,p1b\n|-supereffective|p1a: Garchomp|1\n|-resisted|p1b: Charizard|1\n|-damage|p1a: Garchomp|0 fnt\n|-damage|p1b: Charizard|37/100 par\n|faint|p1a: Garchomp\n|\n|-weather|none\n|upkeep\n|turn|8\n|inactive|freudianbreath has 30 seconds left.\n|inactive|freudianbreath has 20 seconds left.\n|\n|t:|1776493346\n|move|p1b: Charizard|Heat Wave|p2b: Whimsicott\n|-supereffective|p2b: Whimsicott|1\n|-damage|p2b: Whimsicott|0 fnt\n|faint|p2b: Whimsicott\n|\n|win|vestapan\n|raw|vestapan's rating: 1085 &rarr; <strong>1106</strong><br />(+21 for winning)\n|raw|freudianbreath's rating: 1000 &rarr; <strong>1000</strong><br />(+0 for losing)\n",
  "uploadtime": 1776493348,
  "views": 16,
  "formatid": "gen9championsvgc2026regma",
  "rating": 1000,
  "private": 0,
  "password": null
}