{
  "id": "gen9championsvgc2026regma-2585545253",
  "format": "[Gen 9 Champions] VGC 2026 Reg M-A",
  "players": [
    "Rivel1",
    "Juanmabc"
  ],
  "log": "|j|\u2606Rivel1\n|j|\u2606Juanmabc\n|t:|1776354599\n|gametype|doubles\n|player|p1|Rivel1|bianca|1087\n|player|p2|Juanmabc|266|1056\n|gen|9\n|tier|[Gen 9 Champions] VGC 2026 Reg M-A\n|rated|\n|rule|Species Clause: Limit one of each Pok\u00e9mon\n|rule|Item Clause: Limit 1 of each item\n|clearpoke\n|poke|p1|Froslass, L50, F|\n|poke|p1|Garchomp, L50, F|\n|poke|p1|Rotom-Frost, L50|\n|poke|p1|Empoleon, L50, M|\n|poke|p1|Incineroar, L50, F|\n|poke|p1|Kingambit, L50, M|\n|poke|p2|Excadrill, L50, F|\n|poke|p2|Weavile, L50, M|\n|poke|p2|Milotic, L50, M|\n|poke|p2|Rotom-Mow, L50|\n|poke|p2|Talonflame, L50, M|\n|poke|p2|Hydreigon, L50, M|\n|teampreview|4\n|inactive|Battle timer is ON: inactive players will automatically lose when time's up. (requested by Rivel1)\n|inactive|Juanmabc has 60 seconds left.\n|\n|t:|1776354649\n|teamsize|p1|4\n|teamsize|p2|4\n|start\n|switch|p1a: Sub-Zero|Rotom-Frost, L50|100/100\n|switch|p1b: Checkmate|Kingambit, L50, M|100/100\n|switch|p2a: Talonflame|Talonflame, L50, M|100/100\n|switch|p2b: Milotic|Milotic, L50, M|100/100\n|turn|1\n|\n|t:|1776354673\n|move|p2a: Talonflame|Tailwind|p2a: Talonflame\n|-sidestart|p2: Juanmabc|move: Tailwind\n|move|p1a: Sub-Zero|Thunderbolt|p2a: Talonflame\n|-supereffective|p2a: Talonflame|1\n|-damage|p2a: Talonflame|0 fnt\n|faint|p2a: Talonflame\n|move|p2b: Milotic|Scald|p1b: Checkmate\n|-damage|p1b: Checkmate|64/100\n|-status|p1b: Checkmate|brn\n|move|p1b: Checkmate|Iron Head|p2b: Milotic\n|-resisted|p2b: Milotic|1\n|-damage|p2b: Milotic|92/100\n|\n|-damage|p1b: Checkmate|58/100 brn|[from] brn\n|upkeep\n|\n|t:|1776354689\n|switch|p2a: Excadrill|Excadrill, L50, F|100/100\n|-ability|p2a: Excadrill|Mold Breaker\n|turn|2\n|\n|t:|1776354709\n|move|p2a: Excadrill|High Horsepower|p1a: Sub-Zero\n|-supereffective|p1a: Sub-Zero|1\n|-damage|p1a: Sub-Zero|0 fnt\n|faint|p1a: Sub-Zero\n|move|p2b: Milotic|Scald|p1b: Checkmate\n|-damage|p1b: Checkmate|19/100 brn\n|move|p1b: Checkmate|Low Kick|p2a: Excadrill\n|-supereffective|p2a: Excadrill|1\n|-damage|p2a: Excadrill|67/100\n|\n|-damage|p1b: Checkmate|13/100 brn|[from] brn\n|upkeep\n|\n|t:|1776354715\n|switch|p1a: Fay|Froslass, L50, F|100/100\n|turn|3\n|inactive|Juanmabc has 30 seconds left.\n|\n|t:|1776354741\n|detailschange|p2a: Excadrill|Excadrill-Mega, L50, F\n|-mega|p2a: Excadrill|Excadrill|Excadrite\n|detailschange|p1a: Fay|Froslass-Mega, L50, F\n|-mega|p1a: Fay|Froslass|Froslassite\n|-weather|Snowscape|[from] ability: Snow Warning|[of] p1a: Fay\n|move|p1b: Checkmate|Sucker Punch|p2a: Excadrill\n|-crit|p2a: Excadrill\n|-damage|p2a: Excadrill|40/100\n|move|p2a: Excadrill|Iron Head|p1a: Fay\n|-supereffective|p1a: Fay|1\n|-damage|p1a: Fay|0 fnt\n|faint|p1a: Fay\n|move|p2b: Milotic|Scald|p1b: Checkmate\n|-damage|p1b: Checkmate|0 fnt\n|faint|p1b: Checkmate\n|\n|-weather|Snowscape|[upkeep]\n|upkeep\n|\n|t:|1776354756\n|switch|p1b: Pingu|Empoleon, L50, M|100/100\n|turn|4\n|\n|t:|1776354772\n|move|p1b: Pingu|Protect|p1b: Pingu\n|-singleturn|p1b: Pingu|Protect\n|move|p2a: Excadrill|High Horsepower|p1b: Pingu\n|-supereffective|p1b: Pingu|1\n|-ability|p2a: Excadrill|Piercing Drill\n|-zbroken|p1b: Pingu\n|-damage|p1b: Pingu|68/100\n|move|p2b: Milotic|Scald|p1b: Pingu\n|-activate|p1b: Pingu|move: Protect\n|\n|-weather|Snowscape|[upkeep]\n|-heal|p1b: Pingu|74/100|[from] item: Leftovers\n|-sideend|p2: Juanmabc|move: Tailwind\n|upkeep\n|turn|5\n|\n|t:|1776354786\n|move|p1b: Pingu|Protect|p1b: Pingu\n|-singleturn|p1b: Pingu|Protect\n|move|p2a: Excadrill|High Horsepower|p1b: Pingu\n|-supereffective|p1b: Pingu|1\n|-ability|p2a: Excadrill|Piercing Drill\n|-zbroken|p1b: Pingu\n|-damage|p1b: Pingu|42/100\n|move|p2b: Milotic|Scald|p1b: Pingu\n|-activate|p1b: Pingu|move: Protect\n|\n|-weather|Snowscape|[upkeep]\n|-heal|p1b: Pingu|48/100|[from] item: Leftovers\n|upkeep\n|turn|6\n|\n|t:|1776354805\n|move|p2a: Excadrill|High Horsepower|p1b: Pingu\n|-supereffective|p1b: Pingu|1\n|-damage|p1b: Pingu|0 fnt\n|faint|p1b: Pingu\n|\n|win|Juanmabc\n|raw|Rivel1's rating: 1087 &rarr; <strong>1062</strong><br />(-25 for losing)\n|raw|Juanmabc's rating: 1056 &rarr; <strong>1090</strong><br />(+34 for winning)\n",
  "uploadtime": 1776354810,
  "views": 18,
  "formatid": "gen9championsvgc2026regma",
  "rating": 1062,
  "private": 0,
  "password": null
}