{
  "id": "gen9championsvgc2026regma-2581404605",
  "format": "[Gen 9 Champions] VGC 2026 Reg M-A",
  "players": [
    "ithinkitsmatt",
    "asd4g"
  ],
  "log": "|j|\u2606ithinkitsmatt\n|j|\u2606asd4g\n|t:|1775996933\n|gametype|doubles\n|player|p1|ithinkitsmatt|backersf|1000\n|player|p2|asd4g|169|1090\n|gen|9\n|tier|[Gen 9 Champions] VGC 2026 Reg M-A\n|rated|\n|rule|Species Clause: Limit one of each Pok\u00e9mon\n|rule|Item Clause: Limit 1 of each item\n|clearpoke\n|poke|p1|Gliscor, L50, M|\n|poke|p1|Sneasler, L50, M|\n|poke|p1|Incineroar, L50, F|\n|poke|p1|Meganium, L50, F|\n|poke|p1|Slowking-Galar, L50, F|\n|poke|p1|Farigiraf, L50, F|\n|poke|p2|Pelipper, L50, M|\n|poke|p2|Blastoise, L50, M|\n|poke|p2|Zoroark-Hisui, L50, F|\n|poke|p2|Archaludon, L50, M|\n|poke|p2|Meganium, L50, F|\n|poke|p2|Sneasler, L50, M|\n|teampreview|4\n|\n|t:|1775996992\n|teamsize|p1|4\n|teamsize|p2|4\n|start\n|switch|p1a: Farigiraf|Farigiraf, L50, F|100/100\n|switch|p1b: Incineroar|Incineroar, L50, F|100/100\n|switch|p2a: Blastoise|Blastoise, L50, M, shiny|100/100\n|switch|p2b: Pelipper|Pelipper, L50, M, shiny|100/100\n|-weather|RainDance|[from] ability: Drizzle|[of] p2b: Pelipper\n|-ability|p1b: Incineroar|Intimidate|boost\n|-unboost|p2a: Blastoise|atk|1\n|-unboost|p2b: Pelipper|atk|1\n|turn|1\n|\n|t:|1775997031\n|detailschange|p2a: Blastoise|Blastoise-Mega, L50, M, shiny\n|-mega|p2a: Blastoise|Blastoise|Blastoisinite\n|move|p2a: Blastoise|Dark Pulse|p1a: Farigiraf\n|-supereffective|p1a: Farigiraf|1\n|-damage|p1a: Farigiraf|17/100\n|-enditem|p1a: Farigiraf|Sitrus Berry|[eat]\n|-heal|p1a: Farigiraf|41/100|[from] item: Sitrus Berry\n|move|p2b: Pelipper|Hurricane|p1a: Farigiraf\n|-damage|p1a: Farigiraf|1/100\n|move|p1b: Incineroar|Parting Shot|p2a: Blastoise\n|-unboost|p2a: Blastoise|atk|1\n|-unboost|p2a: Blastoise|spa|1\n|\n|t:|1775997043\n|switch|p1b: Meganium|Meganium, L50, F|100/100|[from] Parting Shot\n|move|p1a: Farigiraf|Trick Room|p1a: Farigiraf\n|-fieldstart|move: Trick Room|[of] p1a: Farigiraf\n|\n|-weather|RainDance|[upkeep]\n|upkeep\n|turn|2\n|\n|t:|1775997066\n|switch|p2a: Archaludon|Archaludon, L50, M, shiny|100/100\n|detailschange|p1b: Meganium|Meganium-Mega, L50, F\n|-mega|p1b: Meganium|Meganium|Meganiumite\n|move|p1a: Farigiraf|Hyper Voice|p2a: Archaludon|[spread] p2a,p2b\n|-resisted|p2a: Archaludon|1\n|-damage|p2a: Archaludon|83/100\n|-damage|p2b: Pelipper|64/100\n|move|p2b: Pelipper|Hurricane|p1b: Meganium\n|-supereffective|p1b: Meganium|1\n|-damage|p1b: Meganium|19/100\n|move|p1b: Meganium|Solar Beam||[still]\n|-prepare|p1b: Meganium|Solar Beam\n|-activate|p1b: Meganium|ability: Mega Sol\n|-anim|p1b: Meganium|Solar Beam|p2a: Archaludon\n|-resisted|p2a: Archaludon|2\n|-damage|p2a: Archaludon|62/100\n|\n|-weather|RainDance|[upkeep]\n|upkeep\n|turn|3\n|\n|t:|1775997090\n|move|p1b: Meganium|Protect|p1b: Meganium\n|-singleturn|p1b: Meganium|Protect\n|move|p1a: Farigiraf|Hyper Voice|p2b: Pelipper|[spread] p2a,p2b\n|-resisted|p2a: Archaludon|1\n|-damage|p2a: Archaludon|45/100\n|-damage|p2b: Pelipper|24/100\n|move|p2b: Pelipper|Hurricane|p1b: Meganium\n|-activate|p1b: Meganium|move: Protect\n|move|p2a: Archaludon|Electro Shot||[still]\n|-prepare|p2a: Archaludon|Electro Shot\n|-boost|p2a: Archaludon|spa|1\n|-anim|p2a: Archaludon|Electro Shot|p1a: Farigiraf\n|-damage|p1a: Farigiraf|0 fnt\n|faint|p1a: Farigiraf\n|\n|-weather|RainDance|[upkeep]\n|upkeep\n|\n|t:|1775997105\n|switch|p1a: Gliscor|Gliscor, L50, M|100/100\n|turn|4\n|\n|t:|1775997141\n|move|p2b: Pelipper|Liquidation|p1a: Gliscor\n|-supereffective|p1a: Gliscor|1\n|-damage|p1a: Gliscor|72/100\n|move|p2a: Archaludon|Flash Cannon|p1b: Meganium\n|-supereffective|p1b: Meganium|1\n|-damage|p1b: Meganium|0 fnt\n|faint|p1b: Meganium\n|move|p1a: Gliscor|Knock Off|p2a: Archaludon\n|-damage|p2a: Archaludon|28/100\n|-enditem|p2a: Archaludon|Shuca Berry|[from] move: Knock Off|[of] p1a: Gliscor\n|\n|-weather|RainDance|[upkeep]\n|upkeep\n|\n|t:|1775997151\n|switch|p1b: Incineroar|Incineroar, L50, F|100/100\n|-ability|p1b: Incineroar|Intimidate|boost\n|-unboost|p2a: Archaludon|atk|1\n|-unboost|p2b: Pelipper|atk|1\n|turn|5\n|\n|t:|1775997168\n|switch|p2b: Sneasler|Sneasler, L50, M, shiny|100/100\n|-ability|p2b: Sneasler|Pressure\n|move|p1b: Incineroar|Fake Out|p2a: Archaludon\n|-resisted|p2a: Archaludon|1\n|-damage|p2a: Archaludon|24/100\n|cant|p2a: Archaludon|flinch\n|move|p1a: Gliscor|Stealth Rock|p2b: Sneasler\n|-sidestart|p2: asd4g|move: Stealth Rock\n|\n|-weather|none\n|-fieldend|move: Trick Room\n|upkeep\n|turn|6\n|\n|t:|1775997190\n|move|p2b: Sneasler|Fake Out|p1a: Gliscor\n|-damage|p1a: Gliscor|60/100\n|cant|p1a: Gliscor|flinch\n|move|p2a: Archaludon|Aura Sphere|p1b: Incineroar\n|-supereffective|p1b: Incineroar|1\n|-enditem|p1b: Incineroar|Chople Berry|[eat]\n|-enditem|p1b: Incineroar|Chople Berry|[weaken]\n|-damage|p1b: Incineroar|69/100\n|move|p1b: Incineroar|Flare Blitz|p2a: Archaludon\n|-crit|p2a: Archaludon\n|-damage|p2a: Archaludon|0 fnt\n|faint|p2a: Archaludon\n|-damage|p1b: Incineroar|62/100|[from] Recoil\n|\n|upkeep\n|\n|t:|1775997206\n|switch|p2a: Blastoise|Blastoise-Mega, L50, M, shiny|100/100\n|-damage|p2a: Blastoise|88/100|[from] Stealth Rock\n|turn|7\n|\n|t:|1775997215\n|move|p2b: Sneasler|Close Combat|p1b: Incineroar\n|-supereffective|p1b: Incineroar|1\n|-damage|p1b: Incineroar|0 fnt\n|-unboost|p2b: Sneasler|def|1\n|-unboost|p2b: Sneasler|spd|1\n|faint|p1b: Incineroar\n|-enditem|p2b: Sneasler|White Herb\n|-clearnegativeboost|p2b: Sneasler|[silent]\n|move|p1a: Gliscor|Earthquake|p2a: Blastoise|[spread] p2a,p2b\n|-supereffective|p2b: Sneasler|1\n|-damage|p2a: Blastoise|61/100\n|-damage|p2b: Sneasler|0 fnt\n|faint|p2b: Sneasler\n|move|p2a: Blastoise|Water Spout|p1a: Gliscor\n|-supereffective|p1a: Gliscor|1\n|-damage|p1a: Gliscor|0 fnt\n|faint|p1a: Gliscor\n|\n|win|asd4g\n|raw|ithinkitsmatt's rating: 1000 &rarr; <strong>1000</strong><br />(+0 for losing)\n|raw|asd4g's rating: 1090 &rarr; <strong>1110</strong><br />(+20 for winning)\n",
  "uploadtime": 1775997229,
  "views": 18,
  "formatid": "gen9championsvgc2026regma",
  "rating": 1000,
  "private": 0,
  "password": null
}