{
  "id": "gen9championsvgc2026regma-2582863914",
  "format": "[Gen 9 Champions] VGC 2026 Reg M-A",
  "players": [
    "CHANGANG",
    "pinkfluit"
  ],
  "log": "|j|\u2606CHANGANG\n|j|\u2606pinkfluit\n|t:|1776120155\n|gametype|doubles\n|player|p1|CHANGANG|clay|1285\n|player|p2|pinkfluit|wattson|1320\n|gen|9\n|tier|[Gen 9 Champions] VGC 2026 Reg M-A\n|rated|\n|rule|Species Clause: Limit one of each Pok\u00e9mon\n|rule|Item Clause: Limit 1 of each item\n|clearpoke\n|poke|p1|Golurk, L50|\n|poke|p1|Farigiraf, L50, M|\n|poke|p1|Sneasler, L50, M|\n|poke|p1|Kingambit, L50, F|\n|poke|p1|Incineroar, L50, F|\n|poke|p1|Rotom-Mow, L50|\n|poke|p2|Glimmora, L50, F|\n|poke|p2|Corviknight, L50, F|\n|poke|p2|Sinistcha, L50|\n|poke|p2|Primarina, L50, F|\n|poke|p2|Incineroar, L50, F|\n|poke|p2|Dragapult, L50, F|\n|teampreview|4\n|j| Pikachu4Days\n|\n|t:|1776120220\n|teamsize|p1|4\n|teamsize|p2|4\n|start\n|switch|p1a: GASOLINA|Rotom-Mow, L50|100/100\n|switch|p1b: TylerBlevins|Farigiraf, L50, M|100/100\n|switch|p2a: Dragapult|Dragapult, L50, F|100/100\n|switch|p2b: Corviknight|Corviknight, L50, F|100/100\n|turn|1\n|\n|t:|1776120255\n|move|p1a: GASOLINA|Trick|p2b: Corviknight\n|-activate|p1a: GASOLINA|move: Trick|[of] p2b: Corviknight\n|-item|p2b: Corviknight|Choice Scarf|[from] move: Trick\n|-item|p1a: GASOLINA|Leftovers|[from] move: Trick\n|move|p2a: Dragapult|U-turn|p1b: TylerBlevins\n|-supereffective|p1b: TylerBlevins|1\n|-damage|p1b: TylerBlevins|60/100\n|\n|t:|1776120271\n|switch|p2a: Primarina|Primarina, L50, F|100/100|[from] U-turn\n|move|p2b: Corviknight|Brave Bird|p1a: GASOLINA\n|-damage|p1a: GASOLINA|49/100\n|-damage|p2b: Corviknight|89/100|[from] Recoil\n|move|p1b: TylerBlevins|Psychic|p2a: Primarina\n|-damage|p2a: Primarina|71/100\n|\n|-heal|p1a: GASOLINA|55/100|[from] item: Leftovers\n|upkeep\n|turn|2\n|\n|t:|1776120313\n|move|p2b: Corviknight|Brave Bird|p1a: GASOLINA\n|-damage|p1a: GASOLINA|3/100\n|-damage|p2b: Corviknight|77/100|[from] Recoil\n|move|p1a: GASOLINA|Volt Switch|p2b: Corviknight\n|-supereffective|p2b: Corviknight|1\n|-damage|p2b: Corviknight|0 fnt\n|faint|p2b: Corviknight\n|\n|t:|1776120322\n|switch|p1a: THE CULLING|Kingambit, L50, F, shiny|100/100|[from] Volt Switch\n|move|p2a: Primarina|Hyper Voice|p1a: THE CULLING|[spread] p1a,p1b\n|-damage|p1a: THE CULLING|57/100\n|-damage|p1b: TylerBlevins|21/100\n|move|p1b: TylerBlevins|Trick Room|p1b: TylerBlevins\n|-fieldstart|move: Trick Room|[of] p1b: TylerBlevins\n|\n|upkeep\n|\n|t:|1776120330\n|switch|p2b: Sinistcha|Sinistcha, L50|100/100\n|-heal|p2a: Primarina|96/100|[from] ability: Hospitality|[of] p2b: Sinistcha\n|turn|3\n|\n|t:|1776120346\n|move|p1b: TylerBlevins|Protect|p1b: TylerBlevins\n|-singleturn|p1b: TylerBlevins|Protect\n|move|p1a: THE CULLING|Kowtow Cleave|p2b: Sinistcha\n|-supereffective|p2b: Sinistcha|1\n|-damage|p2b: Sinistcha|0 fnt\n|faint|p2b: Sinistcha\n|move|p2a: Primarina|Hyper Voice|p1b: TylerBlevins|[spread] p1a\n|-activate|p1b: TylerBlevins|move: Protect\n|-damage|p1a: THE CULLING|10/100\n|\n|upkeep\n|\n|t:|1776120355\n|switch|p2b: Dragapult|Dragapult, L50, F|100/100\n|turn|4\n|\n|t:|1776120380\n|move|p1a: THE CULLING|Protect|p1a: THE CULLING\n|-singleturn|p1a: THE CULLING|Protect\n|move|p1b: TylerBlevins|Psychic|p2a: Primarina\n|-damage|p2a: Primarina|66/100\n|move|p2a: Primarina|Hyper Voice|p1a: THE CULLING|[spread] p1b\n|-activate|p1a: THE CULLING|move: Protect\n|-damage|p1b: TylerBlevins|0 fnt\n|faint|p1b: TylerBlevins\n|move|p2b: Dragapult|Phantom Force||[still]\n|-prepare|p2b: Dragapult|Phantom Force\n|\n|upkeep\n|\n|t:|1776120401\n|switch|p1b: MR. PUNCH|Golurk, L50|100/100\n|turn|5\n|\n|t:|1776120423\n|switch|p1a: GASOLINA|Rotom-Mow, L50|3/100\n|detailschange|p1b: MR. PUNCH|Golurk-Mega, L50\n|-mega|p1b: MR. PUNCH|Golurk|Golurkite\n|move|p1b: MR. PUNCH|Poltergeist|p2a: Primarina\n|-activate|p2a: Primarina|move: Poltergeist|Mystic Water\n|-damage|p2a: Primarina|0 fnt\n|faint|p2a: Primarina\n|move|p2b: Dragapult|Phantom Force|p1a: GASOLINA|[from] lockedmove\n|-damage|p1a: GASOLINA|0 fnt\n|faint|p1a: GASOLINA\n|\n|upkeep\n|\n|t:|1776120433\n|switch|p1a: THE CULLING|Kingambit, L50, F, shiny|10/100\n|turn|6\n|\n|t:|1776120448\n|move|p1a: THE CULLING|Kowtow Cleave|p2b: Dragapult\n|-supereffective|p2b: Dragapult|1\n|-enditem|p2b: Dragapult|Focus Sash\n|-damage|p2b: Dragapult|1/100\n|move|p1b: MR. PUNCH|Poltergeist||[still]\n|-fail|p1b: MR. PUNCH\n|move|p2b: Dragapult|Dragon Darts|p1a: THE CULLING\n|-resisted|p1a: THE CULLING|1\n|-damage|p1a: THE CULLING|0 fnt\n|-anim|p2b: Dragapult|Dragon Darts|p1b: MR. PUNCH\n|-damage|p1b: MR. PUNCH|77/100\n|faint|p1a: THE CULLING\n|\n|-fieldend|move: Trick Room\n|upkeep\n|turn|7\n|inactive|Battle timer is ON: inactive players will automatically lose when time's up. (requested by CHANGANG)\n|\n|t:|1776120465\n|move|p2b: Dragapult|Phantom Force||[still]\n|-prepare|p2b: Dragapult|Phantom Force\n|move|p1b: MR. PUNCH|Heavy Slam|p2b: Dragapult|[miss]\n|-miss|p1b: MR. PUNCH|p2b: Dragapult\n|\n|upkeep\n|turn|8\n|\n|t:|1776120470\n|move|p2b: Dragapult|Phantom Force|p1b: MR. PUNCH|[from] lockedmove\n|-supereffective|p1b: MR. PUNCH|1\n|-damage|p1b: MR. PUNCH|0 fnt\n|faint|p1b: MR. PUNCH\n|\n|win|pinkfluit\n|raw|CHANGANG's rating: 1285 &rarr; <strong>1263</strong><br />(-22 for losing)\n|raw|pinkfluit's rating: 1320 &rarr; <strong>1338</strong><br />(+18 for winning)\n|l|\u2606CHANGANG\n|player|p1|\n|l|\u2606pinkfluit\n|player|p2|\n",
  "uploadtime": 1776120488,
  "views": 33,
  "formatid": "gen9championsvgc2026regma",
  "rating": 1263,
  "private": 0,
  "password": null
}