{
  "id": "gen9championsvgc2026regma-2587429589",
  "format": "[Gen 9 Champions] VGC 2026 Reg M-A",
  "players": [
    "isore2080",
    "PM77Switch"
  ],
  "log": "|j|\u2606isore2080\n|j|\u2606PM77Switch\n|t:|1776531089\n|gametype|doubles\n|player|p1|isore2080|102|1000\n|player|p2|PM77Switch|169|1000\n|gen|9\n|tier|[Gen 9 Champions] VGC 2026 Reg M-A\n|rated|\n|rule|Species Clause: Limit one of each Pok\u00e9mon\n|rule|Item Clause: Limit 1 of each item\n|clearpoke\n|poke|p1|Arcanine, L50, M|\n|poke|p1|Drampa, L50, F|\n|poke|p1|Dedenne, L50, F|\n|poke|p1|Aerodactyl, L50, M|\n|poke|p1|Altaria, L50, F|\n|poke|p1|Gallade, L50, M|\n|poke|p2|Blastoise, L50, F|\n|poke|p2|Kingambit, L50, M|\n|poke|p2|Sneasler, L50, F|\n|poke|p2|Aerodactyl, L50, M|\n|poke|p2|Sinistcha, L50|\n|poke|p2|Incineroar, L50, M|\n|teampreview|4\n|inactive|Battle timer is ON: inactive players will automatically lose when time's up. (requested by isore2080)\nisore2080 has agreed to open team sheets.\nPM77Switch has agreed to open team sheets.\n|showteam|p1|Arcanine||ChartiBerry|Intimidate|WillOWisp,MorningSun,FlareBlitz,Protect|||M|||50|]Drampa||Drampanite|CloudNine|DracoMeteor,LightScreen,Glare,Whirlwind|||F|||50|]Dedenne||SitrusBerry|CheekPouch|Nuzzle,Charm,SuperFang,VoltSwitch|||F|||50|]Aerodactyl||Aerodactylite|Unnerve|RockSlide,DualWingbeat,Taunt,Tailwind|||M|||50|]Altaria||Altarianite|CloudNine|Haze,Tailwind,HyperVoice,DracoMeteor|||F|||50|]Gallade||WhiteHerb|Sharpness|SwordsDance,SacredSword,Protect,PsychoCut|||M|||50|\n|showteam|p2|Blastoise||Blastoisinite|Torrent|WaterSpout,IceBeam,AuraSphere,Protect|||F|||50|]Kingambit||ChopleBerry|Defiant|KowtowCleave,IronHead,SuckerPunch,Protect|||M|||50|]Sneasler||MentalHerb|Unburden|DireClaw,CloseCombat,FakeOut,Feint|||F|||50|]Aerodactyl||FocusSash|Unnerve|RockSlide,DualWingbeat,Tailwind,Protect|||M|||50|]Sinistcha||ColburBerry|Hospitality|MatchaGotcha,LifeDew,RagePowder,TrickRoom||||||50|]Incineroar||LumBerry|Intimidate|FlareBlitz,DarkestLariat,FakeOut,PartingShot|||M|||50|\n|inactive|PM77Switch has 60 seconds left.\n|\n|t:|1776531168\n|teamsize|p1|4\n|teamsize|p2|4\n|start\n|switch|p1a: Dedenne|Dedenne, L50, F|100/100\n|switch|p1b: Aerodactyl|Aerodactyl, L50, M|100/100\n|switch|p2a: Blastoise|Blastoise, L50, F|100/100\n|switch|p2b: Aerodactyl|Aerodactyl, L50, M|100/100\n|-ability|p1b: Aerodactyl|Unnerve\n|-ability|p2b: Aerodactyl|Unnerve\n|turn|1\n|\n|t:|1776531182\n|switch|p2a: Incineroar|Incineroar, L50, M|100/100\n|-ability|p2a: Incineroar|Intimidate|boost\n|-unboost|p1a: Dedenne|atk|1\n|-unboost|p1b: Aerodactyl|atk|1\n|detailschange|p1b: Aerodactyl|Aerodactyl-Mega, L50, M\n|-mega|p1b: Aerodactyl|Aerodactyl|Aerodactylite\n|move|p1b: Aerodactyl|Tailwind|p1b: Aerodactyl\n|-sidestart|p1: isore2080|move: Tailwind\n|move|p1a: Dedenne|Nuzzle|p2b: Aerodactyl\n|-supereffective|p2b: Aerodactyl|1\n|-damage|p2b: Aerodactyl|89/100\n|-status|p2b: Aerodactyl|par\n|cant|p2b: Aerodactyl|par\n|\n|upkeep\n|turn|2\n|inactive|isore2080 has 30 seconds left.\n|\n|t:|1776531215\n|switch|p1b: Arcanine|Arcanine, L50, M|100/100\n|-ability|p1b: Arcanine|Intimidate|boost\n|-unboost|p2a: Incineroar|atk|1\n|-unboost|p2b: Aerodactyl|atk|1\n|move|p2a: Incineroar|Fake Out|p1b: Arcanine\n|-damage|p1b: Arcanine|93/100\n|move|p1a: Dedenne|Charm|p2b: Aerodactyl\n|-unboost|p2b: Aerodactyl|atk|2\n|move|p2b: Aerodactyl|Tailwind|p2b: Aerodactyl\n|-sidestart|p2: PM77Switch|move: Tailwind\n|\n|upkeep\n|turn|3\n|inactive|isore2080 has 30 seconds left.\n|\n|t:|1776531244\n|switch|p1b: Gallade|Gallade, L50, M|100/100\n|switch|p2b: Sneasler|Sneasler, L50, F|100/100\n|move|p1a: Dedenne|Volt Switch|p2b: Sneasler\n|-damage|p2b: Sneasler|73/100\n|\n|t:|1776531252\n|switch|p1a: Arcanine|Arcanine, L50, M|93/100|[from] Volt Switch\n|-ability|p1a: Arcanine|Intimidate|boost\n|-unboost|p2a: Incineroar|atk|1\n|-unboost|p2b: Sneasler|atk|1\n|move|p2a: Incineroar|Parting Shot|p1b: Gallade\n|-unboost|p1b: Gallade|atk|1\n|-unboost|p1b: Gallade|spa|1\n|\n|t:|1776531266\n|switch|p2a: Aerodactyl|Aerodactyl, L50, M|89/100 par|[from] Parting Shot\n|-enditem|p1b: Gallade|White Herb\n|-clearnegativeboost|p1b: Gallade|[silent]\n|-ability|p2a: Aerodactyl|Unnerve\n|\n|upkeep\n|turn|4\n|inactive|PM77Switch has 30 seconds left.\n|\n|t:|1776531298\n|move|p2b: Sneasler|Fake Out|p1b: Gallade\n|-damage|p1b: Gallade|84/100\n|cant|p1b: Gallade|flinch\n|move|p1a: Arcanine|Will-O-Wisp|p2b: Sneasler\n|-status|p2b: Sneasler|brn\n|move|p2a: Aerodactyl|Dual Wingbeat|p1b: Gallade\n|-supereffective|p1b: Gallade|1\n|-damage|p1b: Gallade|21/100\n|-supereffective|p1b: Gallade|1\n|-damage|p1b: Gallade|0 fnt\n|faint|p1b: Gallade\n|-hitcount|p1: Gallade|2\n|\n|-damage|p2b: Sneasler|67/100 brn|[from] brn\n|-sideend|p1: isore2080|move: Tailwind\n|upkeep\n|\n|t:|1776531313\n|switch|p1b: Aerodactyl|Aerodactyl-Mega, L50, M|100/100\n|turn|5\n|\n|t:|1776531323\n|switch|p2b: Incineroar|Incineroar, L50, M|100/100\n|-ability|p2b: Incineroar|Intimidate|boost\n|-unboost|p1a: Arcanine|atk|1\n|-unboost|p1b: Aerodactyl|atk|1\n|move|p1b: Aerodactyl|Rock Slide|p2a: Aerodactyl|[spread] p2a,p2b\n|-supereffective|p2a: Aerodactyl|1\n|-supereffective|p2b: Incineroar|1\n|-damage|p2a: Aerodactyl|27/100 par\n|-damage|p2b: Incineroar|68/100\n|move|p2a: Aerodactyl|Rock Slide|p1b: Aerodactyl|[spread] p1a,p1b\n|-supereffective|p1a: Arcanine|1\n|-supereffective|p1b: Aerodactyl|1\n|-damage|p1a: Arcanine|50/100\n|-damage|p1b: Aerodactyl|31/100\n|move|p1a: Arcanine|Flare Blitz|p2b: Incineroar\n|-resisted|p2b: Incineroar|1\n|-damage|p2b: Incineroar|56/100\n|-damage|p1a: Arcanine|46/100|[from] Recoil\n|\n|-sideend|p2: PM77Switch|move: Tailwind\n|upkeep\n|turn|6\n|\n|t:|1776531346\n|move|p2b: Incineroar|Fake Out|p1b: Aerodactyl\n|-resisted|p1b: Aerodactyl|1\n|-damage|p1b: Aerodactyl|23/100\n|cant|p1b: Aerodactyl|flinch\n|move|p1a: Arcanine|Morning Sun|p1a: Arcanine\n|-heal|p1a: Arcanine|95/100\n|move|p2a: Aerodactyl|Tailwind|p2a: Aerodactyl\n|-sidestart|p2: PM77Switch|move: Tailwind\n|\n|upkeep\n|turn|7\n|\n|t:|1776531360\n|move|p1a: Arcanine|Protect|p1a: Arcanine\n|-singleturn|p1a: Arcanine|Protect\n|move|p1b: Aerodactyl|Tailwind|p1b: Aerodactyl\n|-sidestart|p1: isore2080|move: Tailwind\n|move|p2a: Aerodactyl|Rock Slide|p1b: Aerodactyl|[spread] p1b\n|-activate|p1a: Arcanine|move: Protect\n|-supereffective|p1b: Aerodactyl|1\n|-damage|p1b: Aerodactyl|0 fnt\n|faint|p1b: Aerodactyl\n|move|p2b: Incineroar|Parting Shot|p1a: Arcanine\n|-activate|p1a: Arcanine|move: Protect\n|\n|upkeep\n|\n|t:|1776531370\n|switch|p1b: Dedenne|Dedenne, L50, F|100/100\n|turn|8\n|\n|t:|1776531385\n|move|p1b: Dedenne|Volt Switch|p2b: Incineroar\n|-damage|p2b: Incineroar|38/100\n|move|p1a: Arcanine|Flare Blitz|p2a: Aerodactyl\n|-resisted|p2a: Aerodactyl|1\n|-damage|p2a: Aerodactyl|4/100 par\n|-damage|p1a: Arcanine|89/100|[from] Recoil\n|move|p2a: Aerodactyl|Rock Slide|p1b: Dedenne|[spread] p1b\n|-miss|p2a: Aerodactyl|p1a: Arcanine\n|-damage|p1b: Dedenne|74/100\n|move|p2b: Incineroar|Parting Shot|p1b: Dedenne\n|-unboost|p1b: Dedenne|atk|1\n|-unboost|p1b: Dedenne|spa|1\n|\n|t:|1776531399\n|switch|p2b: Sneasler|Sneasler, L50, F|67/100 brn|[from] Parting Shot\n|\n|-damage|p2b: Sneasler|61/100 brn|[from] brn\n|upkeep\n|turn|9\n|\n|t:|1776531410\n|switch|p2a: Incineroar|Incineroar, L50, M|38/100\n|-ability|p2a: Incineroar|Intimidate|boost\n|-unboost|p1a: Arcanine|atk|1\n|-unboost|p1b: Dedenne|atk|1\n|move|p2b: Sneasler|Fake Out|p1b: Dedenne\n|-damage|p1b: Dedenne|67/100\n|cant|p1b: Dedenne|flinch\n|move|p1a: Arcanine|Flare Blitz|p2b: Sneasler\n|-damage|p2b: Sneasler|22/100 brn\n|-damage|p1a: Arcanine|79/100|[from] Recoil\n|\n|-damage|p2b: Sneasler|17/100 brn|[from] brn\n|-sideend|p2: PM77Switch|move: Tailwind\n|upkeep\n|turn|10\n|inactive|isore2080 has 30 seconds left.\n|\n|t:|1776531437\n|move|p1a: Arcanine|Protect|p1a: Arcanine\n|-singleturn|p1a: Arcanine|Protect\n|move|p2a: Incineroar|Fake Out|p1a: Arcanine\n|-activate|p1a: Arcanine|move: Protect\n|move|p1b: Dedenne|Volt Switch|p2b: Sneasler\n|-crit|p2b: Sneasler\n|-damage|p2b: Sneasler|0 fnt\n|faint|p2b: Sneasler\n|\n|-sideend|p1: isore2080|move: Tailwind\n|upkeep\n|\n|t:|1776531448\n|switch|p2b: Blastoise|Blastoise, L50, F|100/100\n|turn|11\n|\n|t:|1776531461\n|detailschange|p2b: Blastoise|Blastoise-Mega, L50, F\n|-mega|p2b: Blastoise|Blastoise|Blastoisinite\n|move|p2b: Blastoise|Protect|p2b: Blastoise\n|-singleturn|p2b: Blastoise|Protect\n|move|p1b: Dedenne|Nuzzle|p2b: Blastoise\n|-activate|p2b: Blastoise|move: Protect\n|move|p1a: Arcanine|Flare Blitz|p2a: Incineroar\n|-resisted|p2a: Incineroar|1\n|-damage|p2a: Incineroar|28/100\n|-damage|p1a: Arcanine|76/100|[from] Recoil\n|move|p2a: Incineroar|Parting Shot|p1b: Dedenne\n|-unboost|p1b: Dedenne|atk|1\n|-unboost|p1b: Dedenne|spa|1\n|\n|t:|1776531472\n|switch|p2a: Aerodactyl|Aerodactyl, L50, M|4/100 par|[from] Parting Shot\n|-ability|p2a: Aerodactyl|Unnerve\n|\n|upkeep\n|turn|12\n|\n|t:|1776531488\n|switch|p2a: Incineroar|Incineroar, L50, M|28/100\n|-ability|p2a: Incineroar|Intimidate|boost\n|-unboost|p1a: Arcanine|atk|1\n|-unboost|p1b: Dedenne|atk|1\n|move|p1b: Dedenne|Volt Switch|p2a: Incineroar\n|-damage|p2a: Incineroar|19/100\n|move|p1a: Arcanine|Will-O-Wisp|p2b: Blastoise|[miss]\n|-miss|p1a: Arcanine|p2b: Blastoise\n|move|p2b: Blastoise|Water Spout|p1a: Arcanine|[spread] p1a,p1b\n|-supereffective|p1a: Arcanine|1\n|-damage|p1a: Arcanine|0 fnt\n|-damage|p1b: Dedenne|0 fnt\n|faint|p1a: Arcanine\n|faint|p1b: Dedenne\n|\n|win|PM77Switch\n|raw|isore2080's rating: 1000 &rarr; <strong>1000</strong><br />(+0 for losing)\n|raw|PM77Switch's rating: 1000 &rarr; <strong>1040</strong><br />(+40 for winning)\n|l|\u2606isore2080\n|player|p1|\n",
  "uploadtime": 1776531505,
  "views": 14,
  "formatid": "gen9championsvgc2026regma",
  "rating": 1000,
  "private": 0,
  "password": null
}