{
  "id": "gen9championsvgc2026regma-2589506303",
  "format": "[Gen 9 Champions] VGC 2026 Reg M-A",
  "players": [
    "scrambledegg62",
    "chzao"
  ],
  "log": "|j|\u2606scrambledegg62\n|j|\u2606chzao\n|t:|1776729159\n|gametype|doubles\n|player|p1|scrambledegg62|lance|1323\n|player|p2|chzao|clay|1417\n|gen|9\n|tier|[Gen 9 Champions] VGC 2026 Reg M-A\n|rated|\n|rule|Species Clause: Limit one of each Pok\u00e9mon\n|rule|Item Clause: Limit 1 of each item\n|clearpoke\n|poke|p1|Talonflame, L50, F, shiny|\n|poke|p1|Floette-Eternal, L50, F|\n|poke|p1|Garchomp, L50, F, shiny|\n|poke|p1|Basculegion, L50, M, shiny|\n|poke|p1|Sneasler, L50, M|\n|poke|p1|Farigiraf, L50, M, shiny|\n|poke|p2|Charizard, L50, F|\n|poke|p2|Weavile, L50, F|\n|poke|p2|Basculegion, L50, M|\n|poke|p2|Aerodactyl, L50, M|\n|poke|p2|Venusaur, L50, M|\n|poke|p2|Vivillon-Savanna, L50, F|\n|teampreview|4\n|inactive|Battle timer is ON: inactive players will automatically lose when time's up. (requested by scrambledegg62)\n|inactive|chzao also wants the timer to be on.\n|inactive|chzao has 60 seconds left.\n|\n|t:|1776729192\n|teamsize|p1|4\n|teamsize|p2|4\n|start\n|switch|p1a: Talonflame|Talonflame, L50, F, shiny|100/100\n|switch|p1b: Garchomp|Garchomp, L50, F, shiny|100/100\n|switch|p2a: Weavile|Weavile, L50, F|100/100\n|switch|p2b: Aerodactyl|Aerodactyl, L50, M|100/100\n|-ability|p2b: Aerodactyl|Unnerve\n|-ability|p2a: Weavile|Pressure\n|turn|1\n|\n|t:|1776729212\n|move|p1a: Talonflame|Tailwind|p1a: Talonflame\n|-sidestart|p1: scrambledegg62|move: Tailwind\n|move|p1b: Garchomp|Rock Tomb|p2a: Weavile\n|-supereffective|p2a: Weavile|1\n|-damage|p2a: Weavile|39/100\n|-unboost|p2a: Weavile|spe|1\n|move|p2b: Aerodactyl|Rock Slide|p1a: Talonflame|[spread] p1a,p1b\n|-supereffective|p1a: Talonflame|2\n|-resisted|p1b: Garchomp|1\n|-damage|p1a: Talonflame|0 fnt\n|-damage|p1b: Garchomp|89/100\n|faint|p1a: Talonflame\n|move|p2a: Weavile|Ice Spinner|p1b: Garchomp\n|-supereffective|p1b: Garchomp|2\n|-crit|p1b: Garchomp\n|-damage|p1b: Garchomp|0 fnt\n|-damage|p2a: Weavile|27/100|[from] ability: Rough Skin|[of] p1b: Garchomp\n|faint|p1b: Garchomp\n|\n|upkeep\n|\n|t:|1776729225\n|switch|p1a: Floette|Floette-Eternal, L50, F|100/100\n|switch|p1b: Basculegion|Basculegion, L50, M, shiny|100/100\n|turn|2\n|\n|t:|1776729239\n|switch|p2a: Vivillon|Vivillon-Savanna, L50, F|100/100\n|detailschange|p1a: Floette|Floette-Mega, L50, F\n|-mega|p1a: Floette|Floette|Floettite\n|-ability|p1a: Floette|Fairy Aura\n|move|p1b: Basculegion|Last Respects|p2b: Aerodactyl\n|-damage|p2b: Aerodactyl|9/100\n|move|p1a: Floette|Dazzling Gleam|p2b: Aerodactyl|[spread] p2a,p2b\n|-crit|p2a: Vivillon\n|-damage|p2a: Vivillon|0 fnt\n|-damage|p2b: Aerodactyl|0 fnt\n|faint|p2a: Vivillon\n|faint|p2b: Aerodactyl\n|\n|upkeep\n|\n|t:|1776729252\n|switch|p2b: Charizard|Charizard, L50, F|100/100\n|switch|p2a: Weavile|Weavile, L50, F|27/100\n|-ability|p2a: Weavile|Pressure\n|turn|3\n|inactive|scrambledegg62 has 30 seconds left.\n|inactive|chzao has 30 seconds left.\n|\n|t:|1776729279\n|detailschange|p2b: Charizard|Charizard-Mega-X, L50, F\n|-mega|p2b: Charizard|Charizard|Charizardite X\n|move|p2a: Weavile|Fake Out|p1a: Floette\n|-damage|p1a: Floette|86/100\n|move|p1b: Basculegion|Last Respects|p2b: Charizard\n|-damage|p2b: Charizard|14/100\n|cant|p1a: Floette|flinch\n|move|p2b: Charizard|Flame Charge|p1b: Basculegion\n|-resisted|p1b: Basculegion|1\n|-damage|p1b: Basculegion|81/100\n|-boost|p2b: Charizard|spe|1\n|\n|upkeep\n|turn|4\n|\n|t:|1776729295\n|move|p2b: Charizard|Protect|p2b: Charizard\n|-singleturn|p2b: Charizard|Protect\n|move|p2a: Weavile|Protect|p2a: Weavile\n|-singleturn|p2a: Weavile|Protect\n|move|p1b: Basculegion|Last Respects|p2a: Weavile\n|-activate|p2a: Weavile|move: Protect\n|move|p1a: Floette|Dazzling Gleam|p2b: Charizard|[spread] \n|-activate|p2a: Weavile|move: Protect\n|-activate|p2b: Charizard|move: Protect\n|\n|-sideend|p1: scrambledegg62|move: Tailwind\n|upkeep\n|turn|5\n|\n|t:|1776729303\n|move|p2b: Charizard|Flare Blitz|p1a: Floette\n|-damage|p1a: Floette|0 fnt\n|faint|p1a: Floette\n|-damage|p2b: Charizard|0 fnt|[from] Recoil\n|faint|p2b: Charizard\n|move|p1b: Basculegion|Last Respects|p2a: Weavile\n|-resisted|p2a: Weavile|1\n|-damage|p2a: Weavile|0 fnt\n|faint|p2a: Weavile\n|\n|win|scrambledegg62\n|raw|scrambledegg62's rating: 1323 &rarr; <strong>1348</strong><br />(+25 for winning)\n|raw|chzao's rating: 1417 &rarr; <strong>1392</strong><br />(-25 for losing)\n",
  "uploadtime": 1776729303,
  "views": 3,
  "formatid": "gen9championsvgc2026regma",
  "rating": 1348,
  "private": 0,
  "password": null
}