{
  "id": "gen9championsvgc2026regma-2585164707",
  "format": "[Gen 9 Champions] VGC 2026 Reg M-A",
  "players": [
    "TehwiXihahabi",
    "Veltrii"
  ],
  "log": "|j|\u2606TehwiXihahabi\n|j|\u2606Veltrii\n|t:|1776319825\n|gametype|doubles\n|player|p1|TehwiXihahabi|rosa|1143\n|player|p2|Veltrii|serena-masters|1048\n|gen|9\n|tier|[Gen 9 Champions] VGC 2026 Reg M-A\n|rated|\n|rule|Species Clause: Limit one of each Pok\u00e9mon\n|rule|Item Clause: Limit 1 of each item\n|clearpoke\n|poke|p1|Golurk, L50|\n|poke|p1|Farigiraf, L50, F|\n|poke|p1|Torkoal, L50, F|\n|poke|p1|Incineroar, L50, M|\n|poke|p1|Archaludon, L50, M|\n|poke|p1|Kingambit, L50, F|\n|poke|p2|Alcremie, L50, F|\n|poke|p2|Mudsdale, L50, M|\n|poke|p2|Delphox, L50, F|\n|poke|p2|Noivern, L50, M|\n|poke|p2|Whimsicott, L50, F|\n|poke|p2|Absol, L50, M|\n|teampreview|4\n|inactive|Battle timer is ON: inactive players will automatically lose when time's up. (requested by Veltrii)\n|\n|t:|1776319842\n|teamsize|p1|4\n|teamsize|p2|4\n|start\n|switch|p1a: Farigiraf|Farigiraf, L50, F|100/100\n|switch|p1b: Incineroar|Incineroar, L50, M|100/100\n|switch|p2a: Whimsicott|Whimsicott, L50, F|100/100\n|switch|p2b: Absol|Absol, L50, M|100/100\n|-ability|p1b: Incineroar|Intimidate|boost\n|-unboost|p2a: Whimsicott|atk|1\n|-unboost|p2b: Absol|atk|1\n|turn|1\n|\n|t:|1776319866\n|move|p1b: Incineroar|Fake Out|p2b: Absol\n|-damage|p2b: Absol|71/100\n|move|p2a: Whimsicott|Beat Up|p2b: Absol\n|-resisted|p2b: Absol|1\n|-damage|p2b: Absol|70/100\n|-ability|p2b: Absol|Justified|boost\n|-boost|p2b: Absol|atk|1\n|-resisted|p2b: Absol|1\n|-crit|p2b: Absol\n|-damage|p2b: Absol|66/100\n|-ability|p2b: Absol|Justified|boost\n|-boost|p2b: Absol|atk|1\n|-resisted|p2b: Absol|1\n|-damage|p2b: Absol|65/100\n|-ability|p2b: Absol|Justified|boost\n|-boost|p2b: Absol|atk|1\n|-resisted|p2b: Absol|1\n|-damage|p2b: Absol|63/100\n|-ability|p2b: Absol|Justified|boost\n|-boost|p2b: Absol|atk|1\n|-hitcount|p2b: Absol|4\n|cant|p2b: Absol|flinch\n|move|p1a: Farigiraf|Trick Room|p1a: Farigiraf\n|-fieldstart|move: Trick Room|[of] p1a: Farigiraf\n|\n|upkeep\n|turn|2\n|inactive|TehwiXihahabi has 30 seconds left.\n|inactive|Veltrii has 30 seconds left.\n|inactive|Veltrii has 20 seconds left.\n|inactive|Veltrii has 15 seconds left.\n|\n|t:|1776319910\n|detailschange|p2b: Absol|Absol-Mega, L50, M\n|-mega|p2b: Absol|Absol|Absolite\n|move|p1a: Farigiraf|Helping Hand|p1b: Incineroar\n|-singleturn|p1b: Incineroar|Helping Hand|[of] p1a: Farigiraf\n|move|p2a: Whimsicott|Encore||[still]\n|cant|p1a: Farigiraf|ability: Armor Tail|Encore|[of] p2a: Whimsicott\n|move|p1b: Incineroar|Flare Blitz|p2b: Absol\n|-damage|p2b: Absol|0 fnt\n|faint|p2b: Absol\n|-damage|p1b: Incineroar|86/100|[from] Recoil\n|\n|upkeep\n|\n|t:|1776319920\n|switch|p2b: Mudsdale|Mudsdale, L50, M|100/100\n|turn|3\n|\n|t:|1776319940\n|switch|p2a: Alcremie|Alcremie, L50, F, shiny|100/100\n|move|p2b: Mudsdale|Rock Slide|p1a: Farigiraf|[spread] p1a,p1b\n|-supereffective|p1b: Incineroar|1\n|-damage|p1a: Farigiraf|81/100\n|-damage|p1b: Incineroar|48/100\n|move|p1a: Farigiraf|Psychic|p2a: Alcremie\n|-damage|p2a: Alcremie|64/100\n|move|p1b: Incineroar|Parting Shot|p2b: Mudsdale\n|-unboost|p2b: Mudsdale|atk|1\n|-unboost|p2b: Mudsdale|spa|1\n|\n|t:|1776319950\n|switch|p1b: Golurk|Golurk, L50|100/100|[from] Parting Shot\n|\n|-heal|p2a: Alcremie|70/100|[from] item: Leftovers\n|upkeep\n|turn|4\n|\n|t:|1776319970\n|detailschange|p1b: Golurk|Golurk-Mega, L50\n|-mega|p1b: Golurk|Golurk|Golurkite\n|move|p2b: Mudsdale|Rock Slide|p1a: Farigiraf|[spread] p1b\n|-miss|p2b: Mudsdale|p1a: Farigiraf\n|-resisted|p1b: Golurk|1\n|-damage|p1b: Golurk|95/100\n|move|p1b: Golurk|Headlong Rush|p2b: Mudsdale\n|-damage|p2b: Mudsdale|38/100\n|-unboost|p1b: Golurk|def|1\n|-unboost|p1b: Golurk|spd|1\n|-ability|p2b: Mudsdale|Stamina|boost\n|-boost|p2b: Mudsdale|def|1\n|-enditem|p2b: Mudsdale|Sitrus Berry|[eat]\n|-heal|p2b: Mudsdale|62/100|[from] item: Sitrus Berry\n|move|p1a: Farigiraf|Psychic|p2a: Alcremie\n|-damage|p2a: Alcremie|29/100\n|-unboost|p2a: Alcremie|spd|1\n|move|p2a: Alcremie|Decorate|p2b: Mudsdale\n|-boost|p2b: Mudsdale|atk|2\n|-boost|p2b: Mudsdale|spa|2\n|\n|-heal|p2a: Alcremie|35/100|[from] item: Leftovers\n|upkeep\n|turn|5\n|inactive|TehwiXihahabi has 30 seconds left.\n|inactive|Veltrii has 30 seconds left.\n|\n|t:|1776319998\n|move|p1a: Farigiraf|Helping Hand|p1b: Golurk\n|-singleturn|p1b: Golurk|Helping Hand|[of] p1a: Farigiraf\n|move|p2b: Mudsdale|High Horsepower|p1b: Golurk\n|-damage|p1b: Golurk|0 fnt\n|faint|p1b: Golurk\n|move|p2a: Alcremie|Draining Kiss|p1a: Farigiraf\n|-damage|p1a: Farigiraf|61/100\n|-heal|p2a: Alcremie|55/100|[from] drain|[of] p1a: Farigiraf\n|\n|-heal|p2a: Alcremie|61/100|[from] item: Leftovers\n|-fieldend|move: Trick Room\n|upkeep\n|\n|t:|1776320007\n|switch|p1b: Incineroar|Incineroar, L50, M|48/100\n|-ability|p1b: Incineroar|Intimidate|boost\n|-unboost|p2a: Alcremie|atk|1\n|-unboost|p2b: Mudsdale|atk|1\n|turn|6\n|\n|t:|1776320020\n|move|p1b: Incineroar|Fake Out|p2b: Mudsdale\n|-damage|p2b: Mudsdale|54/100\n|-ability|p2b: Mudsdale|Stamina|boost\n|-boost|p2b: Mudsdale|def|1\n|move|p2a: Alcremie|Decorate|p2b: Mudsdale\n|-boost|p2b: Mudsdale|atk|2\n|-boost|p2b: Mudsdale|spa|2\n|cant|p2b: Mudsdale|flinch\n|move|p1a: Farigiraf|Trick Room|p1a: Farigiraf\n|-fieldstart|move: Trick Room|[of] p1a: Farigiraf\n|\n|-heal|p2a: Alcremie|67/100|[from] item: Leftovers\n|upkeep\n|turn|7\n|\n|t:|1776320040\n|move|p2b: Mudsdale|Body Press|p1b: Incineroar\n|-supereffective|p1b: Incineroar|1\n|-enditem|p1b: Incineroar|Chople Berry|[eat]\n|-enditem|p1b: Incineroar|Chople Berry|[weaken]\n|-damage|p1b: Incineroar|6/100\n|move|p1a: Farigiraf|Foul Play|p2b: Mudsdale\n|-damage|p2b: Mudsdale|29/100\n|-ability|p2b: Mudsdale|Stamina|boost\n|-boost|p2b: Mudsdale|def|1\n|move|p1b: Incineroar|Parting Shot|p2b: Mudsdale\n|-unboost|p2b: Mudsdale|atk|1\n|-unboost|p2b: Mudsdale|spa|1\n|\n|t:|1776320050\n|switch|p1b: Torkoal|Torkoal, L50, F|100/100|[from] Parting Shot\n|-weather|SunnyDay|[from] ability: Drought|[of] p1b: Torkoal\n|move|p2a: Alcremie|Draining Kiss|p1a: Farigiraf\n|-damage|p1a: Farigiraf|41/100\n|-heal|p2a: Alcremie|87/100|[from] drain|[of] p1a: Farigiraf\n|\n|-weather|SunnyDay|[upkeep]\n|-heal|p2a: Alcremie|93/100|[from] item: Leftovers\n|upkeep\n|turn|8\n|\n|t:|1776320066\n|move|p1b: Torkoal|Eruption|p2b: Mudsdale|[spread] p2a,p2b\n|-damage|p2a: Alcremie|0 fnt\n|-damage|p2b: Mudsdale|0 fnt\n|faint|p2a: Alcremie\n|faint|p2b: Mudsdale\n|move|p1a: Farigiraf|Foul Play|p2: Alcremie|[notarget]\n|-fail|p1a: Farigiraf\n|\n|-weather|SunnyDay|[upkeep]\n|upkeep\n|-message|Veltrii forfeited.\n|\n|win|TehwiXihahabi\n|raw|TehwiXihahabi's rating: 1143 &rarr; <strong>1161</strong><br />(+18 for winning)\n|raw|Veltrii's rating: 1048 &rarr; <strong>1035</strong><br />(-13 for losing)\n|l|\u2606Veltrii\n|player|p2|\n",
  "uploadtime": 1776320092,
  "views": 22,
  "formatid": "gen9championsvgc2026regma",
  "rating": 1035,
  "private": 0,
  "password": null
}