{
  "id": "gen9championsvgc2026regma-2587874918",
  "format": "[Gen 9 Champions] VGC 2026 Reg M-A",
  "players": [
    "rubbishteam2025",
    "Xyaolang_lee"
  ],
  "log": "|j|\u2606rubbishteam2025\n|j|\u2606Xyaolang_lee\n|t:|1776573318\n|gametype|doubles\n|player|p1|rubbishteam2025|169|1208\n|player|p2|Xyaolang_lee|170|1117\n|gen|9\n|tier|[Gen 9 Champions] VGC 2026 Reg M-A\n|rated|\n|rule|Species Clause: Limit one of each Pok\u00e9mon\n|rule|Item Clause: Limit 1 of each item\n|clearpoke\n|poke|p1|Talonflame, L50, F|\n|poke|p1|Kangaskhan, L50, F|\n|poke|p1|Sneasler, L50, M|\n|poke|p1|Garchomp, L50, M|\n|poke|p1|Rotom-Wash, L50|\n|poke|p1|Sylveon, L50, M|\n|poke|p2|Audino, L50, F|\n|poke|p2|Tinkaton, L50, F|\n|poke|p2|Toxapex, L50, F|\n|poke|p2|Corviknight, L50, F|\n|poke|p2|Politoed, L50, F|\n|poke|p2|Basculegion-F, L50, F|\n|teampreview|4\n|\n|t:|1776573373\n|teamsize|p1|4\n|teamsize|p2|4\n|start\n|switch|p1a: Talonflame|Talonflame, L50, F|100/100\n|switch|p1b: Kangaskhan|Kangaskhan, L50, F|100/100\n|switch|p2a: Toxapex|Toxapex, L50, F|100/100\n|switch|p2b: Audino|Audino, L50, F|100/100\n|turn|1\n|\n|t:|1776573410\n|detailschange|p1b: Kangaskhan|Kangaskhan-Mega, L50, F\n|-mega|p1b: Kangaskhan|Kangaskhan|Kangaskhanite\n|detailschange|p2b: Audino|Audino-Mega, L50, F\n|-mega|p2b: Audino|Audino|Audinite\n|move|p1a: Talonflame|Tailwind|p1a: Talonflame\n|-sidestart|p1: rubbishteam2025|move: Tailwind\n|move|p1b: Kangaskhan|Double-Edge|p2b: Audino\n|-damage|p2b: Audino|49/100\n|-damage|p2b: Audino|38/100\n|-hitcount|p2b: Audino|2\n|-damage|p1b: Kangaskhan|80/100|[from] Recoil\n|move|p2a: Toxapex|Toxic Spikes|p1b: Kangaskhan\n|-sidestart|p1: rubbishteam2025|move: Toxic Spikes\n|move|p2b: Audino|Trick Room|p2b: Audino\n|-fieldstart|move: Trick Room|[of] p2b: Audino\n|\n|upkeep\n|turn|2\n|\n|t:|1776573453\n|move|p2b: Audino|Protect|p2b: Audino\n|-singleturn|p2b: Audino|Protect\n|move|p2a: Toxapex|Poison Jab|p1b: Kangaskhan\n|-damage|p1b: Kangaskhan|55/100\n|-status|p1b: Kangaskhan|psn\n|move|p1b: Kangaskhan|Double-Edge|p2b: Audino\n|-activate|p2b: Audino|move: Protect\n|move|p1a: Talonflame|Taunt|p2a: Toxapex\n|-start|p2a: Toxapex|move: Taunt\n|\n|-damage|p1b: Kangaskhan|43/100 psn|[from] psn\n|upkeep\n|turn|3\n|\n|t:|1776573471\n|switch|p2b: Corviknight|Corviknight, L50, F|100/100\n|move|p1a: Talonflame|Brave Bird|p2a: Toxapex\n|-damage|p2a: Toxapex|53/100\n|-damage|p1a: Talonflame|84/100|[from] Recoil\n|move|p2a: Toxapex|Poison Jab|p1a: Talonflame\n|-damage|p1a: Talonflame|40/100\n|move|p1b: Kangaskhan|Double-Edge|p2b: Corviknight\n|-resisted|p2b: Corviknight|1\n|-damage|p2b: Corviknight|82/100\n|-resisted|p2b: Corviknight|1\n|-damage|p2b: Corviknight|78/100\n|-hitcount|p2b: Corviknight|2\n|-damage|p1b: Kangaskhan|35/100 psn|[from] Recoil\n|\n|-heal|p2a: Toxapex|58/100|[from] item: Leftovers\n|-damage|p1b: Kangaskhan|23/100 psn|[from] psn\n|upkeep\n|turn|4\n|\n|t:|1776573504\n|move|p2a: Toxapex|Poison Jab|p1a: Talonflame\n|-damage|p1a: Talonflame|0 fnt\n|faint|p1a: Talonflame\n|move|p2b: Corviknight|Brave Bird|p1b: Kangaskhan\n|-damage|p1b: Kangaskhan|0 fnt\n|faint|p1b: Kangaskhan\n|-damage|p2b: Corviknight|70/100|[from] Recoil\n|\n|-heal|p2a: Toxapex|64/100|[from] item: Leftovers\n|-sideend|p1: rubbishteam2025|move: Tailwind\n|upkeep\n|\n|t:|1776573521\n|switch|p1b: Sylveon|Sylveon, L50, M|100/100\n|switch|p1a: Rotom|Rotom-Wash, L50|100/100\n|-status|p1b: Sylveon|psn\n|turn|5\n|\n|t:|1776573547\n|move|p2a: Toxapex|Poison Jab|p1b: Sylveon\n|-supereffective|p1b: Sylveon|1\n|-crit|p1b: Sylveon\n|-damage|p1b: Sylveon|0 fnt\n|faint|p1b: Sylveon\n|move|p2b: Corviknight|Tailwind|p2b: Corviknight\n|-sidestart|p2: Xyaolang_lee|move: Tailwind\n|move|p1a: Rotom|Electroweb|p2a: Toxapex|[spread] p2a,p2b\n|-supereffective|p2a: Toxapex|1\n|-supereffective|p2b: Corviknight|1\n|-damage|p2a: Toxapex|34/100\n|-damage|p2b: Corviknight|31/100\n|-unboost|p2a: Toxapex|spe|1\n|-ability|p2b: Corviknight|Mirror Armor\n|-unboost|p1a: Rotom|spe|1\n|\n|-heal|p2a: Toxapex|39/100|[from] item: Leftovers\n|-end|p2a: Toxapex|move: Taunt\n|-fieldend|move: Trick Room\n|upkeep\n|turn|6\n|\n|t:|1776573578\n|switch|p2a: Politoed|Politoed, L50, F|100/100\n|-weather|RainDance|[from] ability: Drizzle|[of] p2a: Politoed\n|move|p2b: Corviknight|Body Press|p1a: Rotom\n|-damage|p1a: Rotom|66/100\n|move|p1a: Rotom|Electroweb|p2b: Corviknight|[spread] p2a,p2b\n|-supereffective|p2a: Politoed|1\n|-supereffective|p2b: Corviknight|1\n|-damage|p2a: Politoed|63/100\n|-damage|p2b: Corviknight|0 fnt\n|-unboost|p2a: Politoed|spe|1\n|faint|p2b: Corviknight\n|\n|-weather|RainDance|[upkeep]\n|upkeep\n|\n|t:|1776573593\n|switch|p2b: Audino|Audino-Mega, L50, F|38/100\n|turn|7\n|\n|t:|1776573603\n|move|p2a: Politoed|Helping Hand|p2b: Audino\n|-singleturn|p2b: Audino|Helping Hand|[of] p2a: Politoed\n|move|p1a: Rotom|Electroweb|p2b: Audino|[spread] p2a,p2b\n|-supereffective|p2a: Politoed|1\n|-crit|p2b: Audino\n|-damage|p2a: Politoed|25/100\n|-damage|p2b: Audino|19/100\n|-unboost|p2a: Politoed|spe|1\n|-unboost|p2b: Audino|spe|1\n|move|p2b: Audino|Dazzling Gleam|p1a: Rotom\n|-damage|p1a: Rotom|0 fnt\n|faint|p1a: Rotom\n|\n|win|Xyaolang_lee\n|raw|rubbishteam2025's rating: 1208 &rarr; <strong>1177</strong><br />(-31 for losing)\n|raw|Xyaolang_lee's rating: 1117 &rarr; <strong>1148</strong><br />(+31 for winning)\n",
  "uploadtime": 1776573615,
  "views": 19,
  "formatid": "gen9championsvgc2026regma",
  "rating": 1148,
  "private": 0,
  "password": null
}