{
  "id": "gen9championsvgc2026regma-2583728699",
  "format": "[Gen 9 Champions] VGC 2026 Reg M-A",
  "players": [
    "TheSmoothTwink",
    "ThtWhiteGuy12"
  ],
  "log": "|j|\u2606TheSmoothTwink\n|j|\u2606ThtWhiteGuy12\n|t:|1776193681\n|gametype|doubles\n|player|p1|TheSmoothTwink|101|1133\n|player|p2|ThtWhiteGuy12|265|1069\n|gen|9\n|tier|[Gen 9 Champions] VGC 2026 Reg M-A\n|rated|\n|rule|Species Clause: Limit one of each Pok\u00e9mon\n|rule|Item Clause: Limit 1 of each item\n|clearpoke\n|poke|p1|Basculegion, L50, M|\n|poke|p1|Incineroar, L50, F|\n|poke|p1|Floette-Eternal, L50, F|\n|poke|p1|Ninetales-Alola, L50, M|\n|poke|p1|Aerodactyl, L50, M|\n|poke|p1|Sinistcha, L50|\n|poke|p2|Glimmora, L50, F|\n|poke|p2|Meowscarada, L50, F|\n|poke|p2|Gyarados, L50, F|\n|poke|p2|Volcarona, L50, M|\n|poke|p2|Conkeldurr, L50, M|\n|poke|p2|Gardevoir, L50, M|\n|teampreview|4\n|inactive|Battle timer is ON: inactive players will automatically lose when time's up. (requested by TheSmoothTwink)\n|inactive|ThtWhiteGuy12 has 60 seconds left.\n|\n|t:|1776193723\n|teamsize|p1|4\n|teamsize|p2|4\n|start\n|switch|p1a: Aerodactyl|Aerodactyl, L50, M|100/100\n|switch|p1b: Basculegion|Basculegion, L50, M|100/100\n|switch|p2a: Glimmora|Glimmora, L50, F|100/100\n|switch|p2b: Volcarona|Volcarona, L50, M|100/100\n|-ability|p1a: Aerodactyl|Unnerve\n|turn|1\n|\n|t:|1776193746\n|detailschange|p2a: Glimmora|Glimmora-Mega, L50, F\n|-mega|p2a: Glimmora|Glimmora|Glimmoranite\n|move|p2b: Volcarona|Rage Powder|p2b: Volcarona\n|-singleturn|p2b: Volcarona|move: Rage Powder\n|move|p1b: Basculegion|Flip Turn|p2b: Volcarona\n|-supereffective|p2b: Volcarona|1\n|-damage|p2b: Volcarona|17/100\n|\n|t:|1776193754\n|switch|p1b: Incineroar|Incineroar, L50, F|100/100|[from] Flip Turn\n|-ability|p1b: Incineroar|Intimidate|boost\n|-unboost|p2a: Glimmora|atk|1\n|-unboost|p2b: Volcarona|atk|1\n|move|p1a: Aerodactyl|Rock Slide|p2b: Volcarona|[spread] p2a,p2b\n|-supereffective|p2b: Volcarona|2\n|-damage|p2a: Glimmora|72/100\n|-damage|p2b: Volcarona|0 fnt\n|faint|p2b: Volcarona\n|move|p2a: Glimmora|Power Gem|p1a: Aerodactyl\n|-supereffective|p1a: Aerodactyl|1\n|-enditem|p1a: Aerodactyl|Focus Sash\n|-damage|p1a: Aerodactyl|1/100\n|\n|upkeep\n|inactive|ThtWhiteGuy12 has 30 seconds left.\n|\n|t:|1776193782\n|switch|p2b: Meowscarada|Meowscarada, L50, F|100/100\n|turn|2\n|\n|t:|1776193796\n|move|p2b: Meowscarada|Protect|p2b: Meowscarada\n|-start|p2b: Meowscarada|typechange|Normal|[from] ability: Protean\n|-singleturn|p2b: Meowscarada|Protect\n|move|p2a: Glimmora|Protect|p2a: Glimmora\n|-singleturn|p2a: Glimmora|Protect\n|move|p1b: Incineroar|Fake Out|p2b: Meowscarada\n|-activate|p2b: Meowscarada|move: Protect\n|move|p1a: Aerodactyl|Tailwind|p1a: Aerodactyl\n|-sidestart|p1: TheSmoothTwink|move: Tailwind\n|\n|upkeep\n|turn|3\n|\n|t:|1776193819\n|move|p2b: Meowscarada|Sucker Punch|p1a: Aerodactyl\n|-damage|p1a: Aerodactyl|0 fnt\n|faint|p1a: Aerodactyl\n|move|p2a: Glimmora|Power Gem|p1b: Incineroar\n|-supereffective|p1b: Incineroar|1\n|-damage|p1b: Incineroar|5/100\n|move|p1b: Incineroar|Darkest Lariat|p2a: Glimmora\n|-damage|p2a: Glimmora|32/100\n|\n|upkeep\n|\n|t:|1776193834\n|switch|p1a: Basculegion|Basculegion, L50, M|100/100\n|turn|4\n|\n|t:|1776193844\n|move|p2a: Glimmora|Protect|p2a: Glimmora\n|-singleturn|p2a: Glimmora|Protect\n|move|p1a: Basculegion|Wave Crash|p2b: Meowscarada\n|-crit|p2b: Meowscarada\n|-enditem|p2b: Meowscarada|Focus Sash\n|-damage|p2b: Meowscarada|1/100\n|-damage|p1a: Basculegion|75/100|[from] Recoil\n|move|p2b: Meowscarada|Flower Trick|p1a: Basculegion\n|-supereffective|p1a: Basculegion|1\n|-crit|p1a: Basculegion\n|-damage|p1a: Basculegion|0 fnt\n|faint|p1a: Basculegion\n|move|p1b: Incineroar|Parting Shot|p2a: Glimmora\n|-activate|p2a: Glimmora|move: Protect\n|\n|upkeep\n|\n|t:|1776193859\n|switch|p1a: Floette|Floette-Eternal, L50, F|100/100\n|turn|5\n|\n|t:|1776193879\n|switch|p2a: Gyarados|Gyarados, L50, F|100/100\n|-ability|p2a: Gyarados|Intimidate|boost\n|-unboost|p1a: Floette|atk|1\n|-unboost|p1b: Incineroar|atk|1\n|detailschange|p1a: Floette|Floette-Mega, L50, F\n|-mega|p1a: Floette|Floette|Floettite\n|-ability|p1a: Floette|Fairy Aura\n|move|p1a: Floette|Dazzling Gleam|p2a: Gyarados|[spread] p2a,p2b\n|-damage|p2a: Gyarados|55/100\n|-damage|p2b: Meowscarada|0 fnt\n|faint|p2b: Meowscarada\n|move|p1b: Incineroar|Darkest Lariat|p2a: Gyarados\n|-damage|p2a: Gyarados|24/100\n|\n|-sideend|p1: TheSmoothTwink|move: Tailwind\n|upkeep\n|\n|t:|1776193896\n|switch|p2b: Glimmora|Glimmora-Mega, L50, F|32/100\n|turn|6\n|\n|t:|1776193902\n|move|p2b: Glimmora|Sludge Bomb|p1a: Floette\n|-supereffective|p1a: Floette|1\n|-damage|p1a: Floette|0 fnt\n|faint|p1a: Floette\n|move|p2a: Gyarados|Waterfall|p1b: Incineroar\n|-supereffective|p1b: Incineroar|1\n|-damage|p1b: Incineroar|0 fnt\n|faint|p1b: Incineroar\n|\n|win|ThtWhiteGuy12\n|raw|TheSmoothTwink's rating: 1133 &rarr; <strong>1103</strong><br />(-30 for losing)\n|raw|ThtWhiteGuy12's rating: 1069 &rarr; <strong>1104</strong><br />(+35 for winning)\n",
  "uploadtime": 1776193913,
  "views": 16,
  "formatid": "gen9championsvgc2026regma",
  "rating": 1103,
  "private": 0,
  "password": null
}