{
  "id": "gen9championsvgc2026regma-2585405561",
  "format": "[Gen 9 Champions] VGC 2026 Reg M-A",
  "players": [
    "larnyayprim",
    "Cube Holder"
  ],
  "log": "|j|\u2606larnyayprim\n|j|\u2606Cube Holder\n|t:|1776344951\n|gametype|doubles\n|player|p1|larnyayprim|170|1104\n|player|p2|Cube Holder|2|1147\n|gen|9\n|tier|[Gen 9 Champions] VGC 2026 Reg M-A\n|rated|\n|rule|Species Clause: Limit one of each Pok\u00e9mon\n|rule|Item Clause: Limit 1 of each item\n|clearpoke\n|poke|p1|Tyranitar, L50, M|\n|poke|p1|Excadrill, L50, M|\n|poke|p1|Whimsicott, L50, M|\n|poke|p1|Sinistcha-Masterpiece, L50|\n|poke|p1|Rotom-Wash, L50|\n|poke|p1|Sneasler, L50, M|\n|poke|p2|Aerodactyl, L50, M|\n|poke|p2|Greninja-*, L50, F|\n|poke|p2|Charizard, L50, M|\n|poke|p2|Sneasler, L50, F|\n|poke|p2|Kangaskhan, L50, F|\n|poke|p2|Venusaur, L50, M|\n|teampreview|4\nCube Holder has agreed to open team sheets.\n|\n|t:|1776344977\n|teamsize|p1|4\n|teamsize|p2|4\n|start\n|switch|p1a: Tyranitar|Tyranitar, L50, M, shiny|100/100\n|switch|p1b: Whimsicott|Whimsicott, L50, M, shiny|100/100\n|switch|p2a: Sneasler|Sneasler, L50, F|100/100\n|switch|p2b: Aerodactyl|Aerodactyl, L50, M, shiny|100/100\n|-ability|p2b: Aerodactyl|Pressure\n|-weather|Sandstorm|[from] ability: Sand Stream|[of] p1a: Tyranitar\n|turn|1\n|\n|t:|1776344997\n|move|p1a: Tyranitar|Protect|p1a: Tyranitar\n|-singleturn|p1a: Tyranitar|Protect\n|move|p1b: Whimsicott|Tailwind|p1b: Whimsicott\n|-sidestart|p1: larnyayprim|move: Tailwind\n|move|p2b: Aerodactyl|Dual Wingbeat|p1b: Whimsicott\n|-supereffective|p1b: Whimsicott|1\n|-damage|p1b: Whimsicott|53/100\n|-supereffective|p1b: Whimsicott|1\n|-damage|p1b: Whimsicott|6/100\n|-enditem|p1b: Whimsicott|Sitrus Berry|[eat]\n|-heal|p1b: Whimsicott|30/100|[from] item: Sitrus Berry\n|-hitcount|p1b: Whimsicott|2\n|move|p2a: Sneasler|Close Combat|p1a: Tyranitar\n|-activate|p1a: Tyranitar|move: Protect\n|\n|-weather|Sandstorm|[upkeep]\n|-damage|p1b: Whimsicott|24/100|[from] Sandstorm\n|-damage|p2a: Sneasler|95/100|[from] Sandstorm\n|upkeep\n|turn|2\n|\n|t:|1776345033\n|move|p1b: Whimsicott|Helping Hand|p1a: Tyranitar\n|-singleturn|p1a: Tyranitar|Helping Hand|[of] p1b: Whimsicott\n|move|p1a: Tyranitar|Rock Slide|p2a: Sneasler|[spread] p2a,p2b\n|-resisted|p2a: Sneasler|1\n|-supereffective|p2b: Aerodactyl|1\n|-damage|p2a: Sneasler|62/100\n|-damage|p2b: Aerodactyl|0 fnt\n|faint|p2b: Aerodactyl\n|move|p2a: Sneasler|Close Combat|p1a: Tyranitar\n|-supereffective|p1a: Tyranitar|2\n|-damage|p1a: Tyranitar|0 fnt\n|-unboost|p2a: Sneasler|def|1\n|-unboost|p2a: Sneasler|spd|1\n|faint|p1a: Tyranitar\n|-enditem|p2a: Sneasler|White Herb\n|-clearnegativeboost|p2a: Sneasler|[silent]\n|\n|-weather|Sandstorm|[upkeep]\n|-damage|p2a: Sneasler|57/100|[from] Sandstorm\n|-damage|p1b: Whimsicott|18/100|[from] Sandstorm\n|upkeep\n|\n|t:|1776345049\n|switch|p2b: Charizard|Charizard, L50, M|100/100\n|switch|p1a: Sneasler|Sneasler, L50, M, shiny|100/100\n|turn|3\n|\n|t:|1776345071\n|detailschange|p2b: Charizard|Charizard-Mega-Y, L50, M\n|-mega|p2b: Charizard|Charizard|Charizardite Y\n|-weather|SunnyDay|[from] ability: Drought|[of] p2b: Charizard\n|move|p1a: Sneasler|Fake Out|p2b: Charizard\n|-damage|p2b: Charizard|80/100\n|move|p1b: Whimsicott|Encore|p2a: Sneasler\n|-start|p2a: Sneasler|Encore\n|move|p2a: Sneasler|Close Combat|p1a: Sneasler\n|-resisted|p1a: Sneasler|1\n|-damage|p1a: Sneasler|37/100\n|-unboost|p2a: Sneasler|def|1\n|-unboost|p2a: Sneasler|spd|1\n|cant|p2b: Charizard|flinch\n|\n|-weather|SunnyDay|[upkeep]\n|upkeep\n|turn|4\n|\n|t:|1776345101\n|move|p1b: Whimsicott|Helping Hand|p1a: Sneasler\n|-singleturn|p1a: Sneasler|Helping Hand|[of] p1b: Whimsicott\n|move|p2b: Charizard|Protect|p2b: Charizard\n|-singleturn|p2b: Charizard|Protect\n|move|p2a: Sneasler|Close Combat|p1b: Whimsicott\n|-resisted|p1b: Whimsicott|1\n|-damage|p1b: Whimsicott|0 fnt\n|-unboost|p2a: Sneasler|def|1\n|-unboost|p2a: Sneasler|spd|1\n|faint|p1b: Whimsicott\n|move|p1a: Sneasler|Dire Claw|p2b: Charizard\n|-activate|p2b: Charizard|move: Protect\n|\n|-weather|SunnyDay|[upkeep]\n|-sideend|p1: larnyayprim|move: Tailwind\n|upkeep\n|\n|t:|1776345107\n|switch|p1b: Excadrill|Excadrill, L50, M, shiny|100/100\n|turn|5\n|\n|t:|1776345121\n|detailschange|p1b: Excadrill|Excadrill-Mega, L50, M, shiny\n|-mega|p1b: Excadrill|Excadrill|Excadrite\n|move|p1a: Sneasler|Protect|p1a: Sneasler\n|-singleturn|p1a: Sneasler|Protect\n|move|p2a: Sneasler|Close Combat|p1b: Excadrill\n|-supereffective|p1b: Excadrill|1\n|-damage|p1b: Excadrill|0 fnt\n|-unboost|p2a: Sneasler|def|1\n|-unboost|p2a: Sneasler|spd|1\n|faint|p1b: Excadrill\n|move|p2b: Charizard|Heat Wave|p1a: Sneasler\n|-activate|p1a: Sneasler|move: Protect\n|\n|-weather|SunnyDay|[upkeep]\n|-end|p2a: Sneasler|Encore\n|upkeep\n|turn|6\n|-message|larnyayprim forfeited.\n|\n|win|Cube Holder\n|raw|larnyayprim's rating: 1104 &rarr; <strong>1082</strong><br />(-22 for losing)\n|raw|Cube Holder's rating: 1147 &rarr; <strong>1169</strong><br />(+22 for winning)\n",
  "uploadtime": 1776345437,
  "views": 26,
  "formatid": "gen9championsvgc2026regma",
  "rating": 1082,
  "private": 0,
  "password": null
}