{
  "id": "gen9championsvgc2026regma-2582592886",
  "format": "[Gen 9 Champions] VGC 2026 Reg M-A",
  "players": [
    "CoolTrainerBu",
    "op0707"
  ],
  "log": "|j|\u2606CoolTrainerBu\n|j|\u2606op0707\n|t:|1776101416\n|gametype|doubles\n|player|p1|CoolTrainerBu|101|1079\n|player|p2|op0707|265|1116\n|gen|9\n|tier|[Gen 9 Champions] VGC 2026 Reg M-A\n|rated|\n|rule|Species Clause: Limit one of each Pok\u00e9mon\n|rule|Item Clause: Limit 1 of each item\n|clearpoke\n|poke|p1|Charizard, L50, M|\n|poke|p1|Whimsicott, L50, M|\n|poke|p1|Garchomp, L50, F|\n|poke|p1|Sneasler, L50, F|\n|poke|p1|Maushold, L50|\n|poke|p1|Incineroar, L50, F|\n|poke|p2|Maushold-Four, L50|\n|poke|p2|Hydreigon, L50, F|\n|poke|p2|Garchomp, L50, F|\n|poke|p2|Scovillain, L50, M|\n|poke|p2|Mimikyu, L50, F|\n|poke|p2|Excadrill, L50, F|\n|teampreview|4\n|l|\u2606op0707\n|player|p2|\n|inactive|Battle timer is ON: inactive players will automatically lose when time's up. (requested by CoolTrainerBu)\nCoolTrainerBu has agreed to open team sheets.\n|inactive|op0707 has 30 seconds to reconnect!\n|j|\u2606op0707\n|inactive|op0707 reconnected and has 60 seconds left.\n|player|p2|op0707|265|\n|\n|t:|1776101528\n|teamsize|p1|4\n|teamsize|p2|4\n|start\n|switch|p1a: Incineroar|Incineroar, L50, F|100/100\n|switch|p1b: Sneasler|Sneasler, L50, F|100/100\n|switch|p2a: Garchomp|Garchomp, L50, F|100/100\n|switch|p2b: Excadrill|Excadrill, L50, F|100/100\n|-ability|p1a: Incineroar|Intimidate|boost\n|-unboost|p2a: Garchomp|atk|1\n|-unboost|p2b: Excadrill|atk|1\n|turn|1\n|inactive|CoolTrainerBu has 30 seconds left.\n|inactive|op0707 has 30 seconds left.\n|\n|t:|1776101559\n|detailschange|p2a: Garchomp|Garchomp-Mega, L50, F\n|-mega|p2a: Garchomp|Garchomp|Garchompite\n|move|p1a: Incineroar|Fake Out|p2a: Garchomp\n|-damage|p2a: Garchomp|90/100\n|move|p1b: Sneasler|Close Combat|p2b: Excadrill\n|-supereffective|p2b: Excadrill|1\n|-damage|p2b: Excadrill|0 fnt\n|-unboost|p1b: Sneasler|def|1\n|-unboost|p1b: Sneasler|spd|1\n|faint|p2b: Excadrill\n|-enditem|p1b: Sneasler|White Herb\n|-clearnegativeboost|p1b: Sneasler|[silent]\n|cant|p2a: Garchomp|flinch\n|\n|upkeep\n|\n|t:|1776101580\n|switch|p2b: Maushold|Maushold-Four, L50|100/100\n|turn|2\n|\n|t:|1776101603\n|move|p2b: Maushold|Protect|p2b: Maushold\n|-singleturn|p2b: Maushold|Protect\n|move|p1b: Sneasler|Rock Tomb|p2a: Garchomp\n|-resisted|p2a: Garchomp|1\n|-damage|p2a: Garchomp|82/100\n|-unboost|p2a: Garchomp|spe|1\n|move|p2a: Garchomp|Earthquake|p1b: Sneasler|[spread] p1a,p1b\n|-activate|p2b: Maushold|move: Protect\n|-supereffective|p1a: Incineroar|1\n|-enditem|p1a: Incineroar|Shuca Berry|[eat]\n|-enditem|p1a: Incineroar|Shuca Berry|[weaken]\n|-supereffective|p1b: Sneasler|1\n|-damage|p1a: Incineroar|70/100\n|-damage|p1b: Sneasler|0 fnt\n|faint|p1b: Sneasler\n|move|p1a: Incineroar|Parting Shot|p2a: Garchomp\n|-unboost|p2a: Garchomp|atk|1\n|-unboost|p2a: Garchomp|spa|1\n|\n|t:|1776101623\n|switch|p1a: Garchomp|Garchomp, L50, F|100/100|[from] Parting Shot\n|\n|upkeep\n|\n|t:|1776101630\n|switch|p1b: Incineroar|Incineroar, L50, F|70/100\n|-ability|p1b: Incineroar|Intimidate|boost\n|-unboost|p2a: Garchomp|atk|1\n|-unboost|p2b: Maushold|atk|1\n|turn|3\n|\n|t:|1776101653\n|switch|p2a: Scovillain|Scovillain, L50, M|100/100\n|move|p1b: Incineroar|Fake Out|p2b: Maushold\n|-damage|p2b: Maushold|80/100\n|move|p1a: Garchomp|Dragon Claw|p2a: Scovillain\n|-damage|p2a: Scovillain|48/100\n|cant|p2b: Maushold|flinch\n|\n|-ability|p2a: Scovillain|Moody|boost\n|-boost|p2a: Scovillain|spa|2\n|-unboost|p2a: Scovillain|spd|1\n|upkeep\n|turn|4\n|inactive|CoolTrainerBu has 30 seconds left.\n|inactive|op0707 has 30 seconds left.\n|\n|t:|1776101683\n|move|p1a: Garchomp|Rock Slide|p2b: Maushold|[spread] p2a,p2b\n|-supereffective|p2a: Scovillain|1\n|-damage|p2a: Scovillain|0 fnt\n|-damage|p2b: Maushold|50/100\n|faint|p2a: Scovillain\n|move|p2b: Maushold|Population Bomb|p1b: Incineroar\n|-damage|p1b: Incineroar|64/100\n|-damage|p1b: Incineroar|58/100\n|-damage|p1b: Incineroar|51/100\n|-damage|p1b: Incineroar|46/100\n|-damage|p1b: Incineroar|40/100\n|-damage|p1b: Incineroar|34/100\n|-damage|p1b: Incineroar|28/100\n|-damage|p1b: Incineroar|22/100\n|-damage|p1b: Incineroar|15/100\n|-damage|p1b: Incineroar|9/100\n|-hitcount|p1b: Incineroar|10\n|move|p1b: Incineroar|Flare Blitz|p2b: Maushold\n|-damage|p2b: Maushold|0 fnt\n|faint|p2b: Maushold\n|-damage|p1b: Incineroar|0 fnt|[from] Recoil\n|faint|p1b: Incineroar\n|\n|upkeep\n|inactive|op0707 has 30 seconds left.\n|inactive|op0707 has 20 seconds left.\n|inactive|op0707 has 15 seconds left.\n|inactive|op0707 has 10 seconds left.\n|\n|t:|1776101729\n|switch|p2a: Garchomp|Garchomp-Mega, L50, F|82/100\n|switch|p1b: Whimsicott|Whimsicott, L50, M|100/100\n|turn|5\n|\n|t:|1776101742\n|move|p1b: Whimsicott|Tailwind|p1b: Whimsicott\n|-sidestart|p1: CoolTrainerBu|move: Tailwind\n|move|p1a: Garchomp|Dragon Claw|p2a: Garchomp\n|-supereffective|p2a: Garchomp|1\n|-damage|p2a: Garchomp|12/100\n|move|p2a: Garchomp|Dragon Claw|p1a: Garchomp\n|-supereffective|p1a: Garchomp|1\n|-damage|p1a: Garchomp|0 fnt\n|-damage|p2a: Garchomp|0 fnt|[from] ability: Rough Skin|[of] p1a: Garchomp\n|faint|p1a: Garchomp\n|faint|p2a: Garchomp\n|\n|win|CoolTrainerBu\n|raw|CoolTrainerBu's rating: 1079 &rarr; <strong>1110</strong><br />(+31 for winning)\n|raw|op0707's rating: 1116 &rarr; <strong>1088</strong><br />(-28 for losing)\n",
  "uploadtime": 1776101754,
  "views": 14,
  "formatid": "gen9championsvgc2026regma",
  "rating": 1088,
  "private": 0,
  "password": null
}