{
  "id": "gen9championsvgc2026regma-2580659638",
  "format": "[Gen 9 Champions] VGC 2026 Reg M-A",
  "players": [
    "minebloxgeust",
    "la-scamorza"
  ],
  "log": "|j|\u2606minebloxgeust\n|j|\u2606la-scamorza\n|t:|1775922079\n|gametype|doubles\n|player|p1|minebloxgeust|emmet|1078\n|player|p2|la-scamorza|2|1000\n|gen|9\n|tier|[Gen 9 Champions] VGC 2026 Reg M-A\n|rated|\n|rule|Species Clause: Limit one of each Pok\u00e9mon\n|rule|Item Clause: Limit 1 of each item\n|clearpoke\n|poke|p1|Torkoal, L50, F|\n|poke|p1|Farigiraf, L50, F|\n|poke|p1|Crabominable, L50, F|\n|poke|p1|Kingambit, L50, M|\n|poke|p1|Incineroar, L50, F|\n|poke|p1|Venusaur, L50, M|\n|poke|p2|Aggron, L50, F|\n|poke|p2|Sneasler, L50, F|\n|poke|p2|Incineroar, L50, M|\n|poke|p2|Sinistcha, L50|\n|poke|p2|Tyranitar, L50, F|\n|poke|p2|Lycanroc, L50, F|\n|teampreview|4\nla-scamorza has agreed to open team sheets.\nminebloxgeust has agreed to open team sheets.\n|showteam|p1|Torkoal||Charcoal|Drought|Eruption,HeatWave,BodyPress,Protect|||F|||50|]Farigiraf||ColburBerry|ArmorTail|Psychic,HyperVoice,TrickRoom,HelpingHand|||F|||50|]Crabominable||Crabominite|IronFist|IceHammer,DrainPunch,MachPunch,Substitute|||F|||50|]Kingambit||Leftovers|Defiant|SwordsDance,SuckerPunch,LowKick,KowtowCleave|||M|||50|]Incineroar||SitrusBerry|Intimidate|FakeOut,FlareBlitz,PartingShot,ThroatChop|||F|||50|]Venusaur||FocusSash|Chlorophyll|Protect,LeafStorm,SludgeBomb,SleepPowder|||M|||50|\n|showteam|p2|Aggron||Aggronite|Sturdy|BodyPress,IronDefense,HeavySlam,Protect|||F|||50|]Sneasler||BlackBelt|PoisonTouch|FakeOut,DireClaw,CloseCombat,Coaching|||F|||50|]Incineroar||SitrusBerry|Intimidate|PartingShot,FakeOut,DarkestLariat,WillOWisp|||M|||50|]Sinistcha||MentalHerb|Hospitality|MatchaGotcha,LifeDew,RagePowder,TrickRoom||||||50|]Tyranitar||FocusSash|SandStream|RockSlide,Protect,LowKick,Crunch|||F|||50|]Lycanroc||HardStone|SandRush|Accelerock,RockSlide,StealthRock,Protect|||F|||50|\n|\n|t:|1775922136\n|teamsize|p1|4\n|teamsize|p2|4\n|start\n|switch|p1a: Venusaur|Venusaur, L50, M|100/100\n|switch|p1b: Incineroar|Incineroar, L50, F|100/100\n|switch|p2a: Aggron|Aggron, L50, F|100/100\n|switch|p2b: Incineroar|Incineroar, L50, M|100/100\n|-ability|p1b: Incineroar|Intimidate|boost\n|-unboost|p2a: Aggron|atk|1\n|-unboost|p2b: Incineroar|atk|1\n|-ability|p2b: Incineroar|Intimidate|boost\n|-unboost|p1a: Venusaur|atk|1\n|-unboost|p1b: Incineroar|atk|1\n|turn|1\n|\n|t:|1775922157\n|detailschange|p2a: Aggron|Aggron-Mega, L50, F\n|-mega|p2a: Aggron|Aggron|Aggronite\n|move|p1b: Incineroar|Fake Out|p2b: Incineroar\n|-damage|p2b: Incineroar|95/100\n|cant|p2b: Incineroar|flinch\n|move|p1a: Venusaur|Sleep Powder|p2a: Aggron\n|-status|p2a: Aggron|slp|[from] move: Sleep Powder\n|cant|p2a: Aggron|slp\n|\n|upkeep\n|turn|2\n|\n|t:|1775922182\n|switch|p1a: Torkoal|Torkoal, L50, F|100/100\n|-weather|SunnyDay|[from] ability: Drought|[of] p1a: Torkoal\n|move|p1b: Incineroar|Parting Shot|p2b: Incineroar\n|-unboost|p2b: Incineroar|atk|1\n|-unboost|p2b: Incineroar|spa|1\n|\n|t:|1775922190\n|switch|p1b: Venusaur|Venusaur, L50, M|100/100|[from] Parting Shot\n|move|p2b: Incineroar|Parting Shot|p1a: Torkoal\n|-unboost|p1a: Torkoal|atk|1\n|-unboost|p1a: Torkoal|spa|1\n|\n|t:|1775922199\n|switch|p2b: Tyranitar|Tyranitar, L50, F|100/100|[from] Parting Shot\n|-weather|Sandstorm|[from] ability: Sand Stream|[of] p2b: Tyranitar\n|cant|p2a: Aggron|slp\n|\n|-weather|Sandstorm|[upkeep]\n|-damage|p1b: Venusaur|95/100|[from] Sandstorm\n|-damage|p1a: Torkoal|94/100|[from] Sandstorm\n|upkeep\n|turn|3\n|\n|t:|1775922216\n|switch|p1b: Incineroar|Incineroar, L50, F|100/100\n|-ability|p1b: Incineroar|Intimidate|boost\n|-unboost|p2a: Aggron|atk|1\n|-unboost|p2b: Tyranitar|atk|1\n|move|p2b: Tyranitar|Rock Slide|p1a: Torkoal|[spread] p1a,p1b\n|-supereffective|p1a: Torkoal|1\n|-supereffective|p1b: Incineroar|1\n|-damage|p1a: Torkoal|64/100\n|-damage|p1b: Incineroar|73/100\n|-curestatus|p2a: Aggron|slp|[msg]\n|move|p2a: Aggron|Iron Defense|p2a: Aggron\n|-boost|p2a: Aggron|def|2\n|move|p1a: Torkoal|Body Press|p2b: Tyranitar\n|-supereffective|p2b: Tyranitar|2\n|-damage|p2b: Tyranitar|2/100\n|\n|-weather|Sandstorm|[upkeep]\n|-damage|p1b: Incineroar|67/100|[from] Sandstorm\n|-damage|p1a: Torkoal|58/100|[from] Sandstorm\n|upkeep\n|turn|4\n|\n|t:|1775922246\n|move|p2b: Tyranitar|Protect|p2b: Tyranitar\n|-singleturn|p2b: Tyranitar|Protect\n|move|p1b: Incineroar|Fake Out|p2b: Tyranitar\n|-activate|p2b: Tyranitar|move: Protect\n|move|p2a: Aggron|Body Press|p1b: Incineroar\n|-supereffective|p1b: Incineroar|1\n|-damage|p1b: Incineroar|0 fnt\n|faint|p1b: Incineroar\n|move|p1a: Torkoal|Heat Wave|p2b: Tyranitar|[spread] p2a\n|-activate|p2b: Tyranitar|move: Protect\n|-supereffective|p2a: Aggron|1\n|-damage|p2a: Aggron|64/100\n|-status|p2a: Aggron|brn\n|\n|-weather|Sandstorm|[upkeep]\n|-damage|p1a: Torkoal|52/100|[from] Sandstorm\n|-damage|p2a: Aggron|58/100 brn|[from] brn\n|upkeep\n|\n|t:|1775922261\n|switch|p1b: Venusaur|Venusaur, L50, M|95/100\n|turn|5\n|\n|t:|1775922287\n|switch|p2b: Incineroar|Incineroar, L50, M|95/100\n|-ability|p2b: Incineroar|Intimidate|boost\n|-unboost|p1a: Torkoal|atk|1\n|-unboost|p1b: Venusaur|atk|1\n|move|p2a: Aggron|Protect|p2a: Aggron\n|-singleturn|p2a: Aggron|Protect\n|move|p1b: Venusaur|Sludge Bomb|p2b: Incineroar\n|-damage|p2b: Incineroar|62/100\n|move|p1a: Torkoal|Heat Wave|p2a: Aggron|[spread] p2b\n|-activate|p2a: Aggron|move: Protect\n|-resisted|p2b: Incineroar|1\n|-damage|p2b: Incineroar|52/100\n|\n|-weather|Sandstorm|[upkeep]\n|-damage|p1b: Venusaur|89/100|[from] Sandstorm\n|-damage|p2b: Incineroar|46/100|[from] Sandstorm\n|-damage|p1a: Torkoal|45/100|[from] Sandstorm\n|-enditem|p2b: Incineroar|Sitrus Berry|[eat]\n|-heal|p2b: Incineroar|71/100|[from] item: Sitrus Berry\n|-damage|p2a: Aggron|52/100 brn|[from] brn\n|upkeep\n|turn|6\n|\n|t:|1775922335\n|move|p2b: Incineroar|Fake Out|p1b: Venusaur\n|-damage|p1b: Venusaur|75/100\n|cant|p1b: Venusaur|flinch\n|move|p2a: Aggron|Body Press|p1a: Torkoal\n|-crit|p1a: Torkoal\n|-damage|p1a: Torkoal|0 fnt\n|faint|p1a: Torkoal\n|\n|-weather|none\n|-damage|p2a: Aggron|46/100 brn|[from] brn\n|upkeep\n|\n|t:|1775922340\n|switch|p1a: Kingambit|Kingambit, L50, M|100/100\n|turn|7\n|\n|t:|1775922359\n|move|p1b: Venusaur|Sludge Bomb|p2b: Incineroar\n|-damage|p2b: Incineroar|35/100\n|move|p2b: Incineroar|Will-O-Wisp|p1a: Kingambit\n|-status|p1a: Kingambit|brn\n|move|p2a: Aggron|Body Press|p1a: Kingambit\n|-supereffective|p1a: Kingambit|2\n|-damage|p1a: Kingambit|0 fnt\n|faint|p1a: Kingambit\n|\n|-damage|p2a: Aggron|40/100 brn|[from] brn\n|upkeep\n|turn|8\n|\n|t:|1775922384\n|move|p1b: Venusaur|Sludge Bomb|p2b: Incineroar\n|-crit|p2b: Incineroar\n|-damage|p2b: Incineroar|0 fnt\n|faint|p2b: Incineroar\n|move|p2a: Aggron|Body Press|p1b: Venusaur\n|-resisted|p1b: Venusaur|1\n|-damage|p1b: Venusaur|47/100\n|\n|-damage|p2a: Aggron|34/100 brn|[from] brn\n|upkeep\n|\n|t:|1775922387\n|switch|p2b: Sneasler|Sneasler, L50, F|100/100\n|turn|9\n|\n|t:|1775922394\n|move|p2b: Sneasler|Dire Claw|p1b: Venusaur\n|-damage|p1b: Venusaur|0 fnt\n|faint|p1b: Venusaur\n|\n|win|la-scamorza\n|raw|minebloxgeust's rating: 1078 &rarr; <strong>1052</strong><br />(-26 for losing)\n|raw|la-scamorza's rating: 1000 &rarr; <strong>1049</strong><br />(+49 for winning)\n|l|\u2606minebloxgeust\n|player|p1|\n",
  "uploadtime": 1775922401,
  "views": 12,
  "formatid": "gen9championsvgc2026regma",
  "rating": 1049,
  "private": 0,
  "password": null
}