{
  "id": "gen9championsvgc2026regma-2583567264",
  "format": "[Gen 9 Champions] VGC 2026 Reg M-A",
  "players": [
    "disenchantedrando",
    "VGCLeak"
  ],
  "log": "|j|\u2606disenchantedrando\n|j|\u2606VGCLeak\n|t:|1776183770\n|gametype|doubles\n|player|p1|disenchantedrando|266|1064\n|player|p2|VGCLeak|1|1000\n|gen|9\n|tier|[Gen 9 Champions] VGC 2026 Reg M-A\n|rated|\n|rule|Species Clause: Limit one of each Pok\u00e9mon\n|rule|Item Clause: Limit 1 of each item\n|clearpoke\n|poke|p1|Sneasler, L50, F|\n|poke|p1|Tyranitar, L50, F|\n|poke|p1|Rotom-Wash, L50|\n|poke|p1|Hawlucha, L50, F|\n|poke|p1|Whimsicott, L50, M|\n|poke|p1|Excadrill, L50, M|\n|poke|p2|Incineroar, L50, M|\n|poke|p2|Sneasler, L50, F|\n|poke|p2|Kommo-o, L50, M|\n|poke|p2|Basculegion, L50, M|\n|poke|p2|Ninetales-Alola, L50, F|\n|poke|p2|Scizor, L50, M|\n|teampreview|4\n|inactive|Battle timer is ON: inactive players will automatically lose when time's up. (requested by VGCLeak)\n|inactive|VGCLeak has 60 seconds left.\n|\n|t:|1776183823\n|teamsize|p1|4\n|teamsize|p2|4\n|start\n|switch|p1a: Whimsicott|Whimsicott, L50, M|100/100\n|switch|p1b: Hawlucha|Hawlucha, L50, F|100/100\n|switch|p2a: Basculegion|Basculegion, L50, M, shiny|100/100\n|switch|p2b: Scizor|Scizor, L50, M, shiny|100/100\n|turn|1\n|inactive|VGCLeak has 30 seconds left.\n|inactive|VGCLeak has 20 seconds left.\n|\n|t:|1776183859\n|detailschange|p2b: Scizor|Scizor-Mega, L50, M, shiny\n|-mega|p2b: Scizor|Scizor|Scizorite\n|move|p1b: Hawlucha|Protect|p1b: Hawlucha\n|-singleturn|p1b: Hawlucha|Protect\n|move|p1a: Whimsicott|Tailwind|p1a: Whimsicott\n|-sidestart|p1: disenchantedrando|move: Tailwind\n|move|p2a: Basculegion|Flip Turn|p1b: Hawlucha\n|-activate|p1b: Hawlucha|move: Protect\n|move|p2b: Scizor|Swords Dance|p2b: Scizor\n|-boost|p2b: Scizor|atk|2\n|\n|upkeep\n|turn|2\n|\n|t:|1776183878\n|switch|p1a: Excadrill|Excadrill, L50, M|100/100\n|detailschange|p1b: Hawlucha|Hawlucha-Mega, L50, F\n|-mega|p1b: Hawlucha|Hawlucha|Hawluchanite\n|move|p2b: Scizor|Bullet Punch|p1a: Excadrill\n|-resisted|p1a: Excadrill|1\n|-damage|p1a: Excadrill|55/100\n|move|p1b: Hawlucha|Entrainment|p1a: Excadrill\n|-ability|p1a: Excadrill|No Guard|Sand Rush|[from] move: Entrainment|[of] p1b: Hawlucha\n|move|p2a: Basculegion|Flip Turn|p1a: Excadrill\n|-supereffective|p1a: Excadrill|1\n|-damage|p1a: Excadrill|0 fnt\n|faint|p1a: Excadrill\n|\n|t:|1776183894\n|switch|p2a: Ninetales|Ninetales-Alola, L50, F, shiny|100/100|[from] Flip Turn\n|-weather|Snowscape|[from] ability: Snow Warning|[of] p2a: Ninetales\n|\n|-weather|Snowscape|[upkeep]\n|upkeep\n|\n|t:|1776183903\n|switch|p1a: Rotom|Rotom-Wash, L50|100/100\n|turn|3\n|\n|t:|1776183926\n|move|p2b: Scizor|Bullet Punch|p1b: Hawlucha\n|-damage|p1b: Hawlucha|22/100\n|move|p1b: Hawlucha|Entrainment|p1a: Rotom\n|-ability|p1a: Rotom|No Guard|Levitate|[from] move: Entrainment|[of] p1b: Hawlucha\n|move|p1a: Rotom|Thunder|p2b: Scizor\n|-damage|p2b: Scizor|52/100\n|move|p2a: Ninetales|Freeze-Dry|p1a: Rotom\n|-supereffective|p1a: Rotom|1\n|-damage|p1a: Rotom|31/100\n|\n|-weather|Snowscape|[upkeep]\n|-heal|p1a: Rotom|37/100|[from] item: Leftovers\n|upkeep\n|turn|4\n|\n|t:|1776183951\n|move|p2b: Scizor|Bullet Punch|p1b: Hawlucha\n|-damage|p1b: Hawlucha|0 fnt\n|faint|p1b: Hawlucha\n|move|p1a: Rotom|Thunder|p2a: Ninetales\n|-damage|p2a: Ninetales|44/100\n|move|p2a: Ninetales|Blizzard|p1a: Rotom\n|-resisted|p1a: Rotom|1\n|-damage|p1a: Rotom|12/100\n|\n|-weather|Snowscape|[upkeep]\n|-heal|p1a: Rotom|18/100|[from] item: Leftovers\n|-sideend|p1: disenchantedrando|move: Tailwind\n|upkeep\n|\n|t:|1776183962\n|switch|p1b: Whimsicott|Whimsicott, L50, M|100/100\n|turn|5\n|\n|t:|1776183977\n|move|p1b: Whimsicott|Tailwind|p1b: Whimsicott\n|-sidestart|p1: disenchantedrando|move: Tailwind\n|move|p2b: Scizor|Bullet Punch|p1b: Whimsicott\n|-supereffective|p1b: Whimsicott|1\n|-crit|p1b: Whimsicott\n|-damage|p1b: Whimsicott|0 fnt\n|faint|p1b: Whimsicott\n|move|p1a: Rotom|Thunder|p2a: Ninetales\n|-crit|p2a: Ninetales\n|-damage|p2a: Ninetales|0 fnt\n|faint|p2a: Ninetales\n|\n|-weather|Snowscape|[upkeep]\n|-heal|p1a: Rotom|24/100|[from] item: Leftovers\n|upkeep\n|-message|disenchantedrando forfeited.\n|\n|win|VGCLeak\n|raw|disenchantedrando's rating: 1064 &rarr; <strong>1041</strong><br />(-23 for losing)\n|raw|VGCLeak's rating: 1000 &rarr; <strong>1047</strong><br />(+47 for winning)\n|l|\u2606disenchantedrando\n|player|p1|\n",
  "uploadtime": 1776183990,
  "views": 28,
  "formatid": "gen9championsvgc2026regma",
  "rating": 1041,
  "private": 0,
  "password": null
}