{
  "id": "gen9championsvgc2026regma-2587248471",
  "format": "[Gen 9 Champions] VGC 2026 Reg M-A",
  "players": [
    "hhashem",
    "colfox"
  ],
  "log": "|j|\u2606hhashem\n|j|\u2606colfox\n|t:|1776514194\n|gametype|doubles\n|player|p1|hhashem|265|1266\n|player|p2|colfox|266|1181\n|gen|9\n|tier|[Gen 9 Champions] VGC 2026 Reg M-A\n|rated|\n|rule|Species Clause: Limit one of each Pok\u00e9mon\n|rule|Item Clause: Limit 1 of each item\n|clearpoke\n|poke|p1|Golurk, L50|\n|poke|p1|Farigiraf, L50, F|\n|poke|p1|Incineroar, L50, M|\n|poke|p1|Torkoal, L50, M|\n|poke|p1|Sneasler, L50, M|\n|poke|p1|Venusaur, L50, F|\n|poke|p2|Tyranitar, L50, F|\n|poke|p2|Excadrill, L50, M|\n|poke|p2|Dragapult, L50, F|\n|poke|p2|Milotic, L50, F|\n|poke|p2|Raichu, L50, M|\n|poke|p2|Scizor, L50, F|\n|teampreview|4\n|inactive|Battle timer is ON: inactive players will automatically lose when time's up. (requested by colfox)\n|\n|t:|1776514255\n|teamsize|p1|4\n|teamsize|p2|4\n|start\n|switch|p1a: Farigiraf|Farigiraf, L50, F|100/100\n|switch|p1b: Sneasler|Sneasler, L50, M|100/100\n|switch|p2a: Raichu|Raichu, L50, M|100/100\n|switch|p2b: Milotic|Milotic, L50, F|100/100\n|turn|1\n|\n|t:|1776514270\n|move|p2a: Raichu|Protect|p2a: Raichu\n|-singleturn|p2a: Raichu|Protect\n|move|p1b: Sneasler|Fake Out|p2b: Milotic\n|-damage|p2b: Milotic|85/100\n|cant|p2b: Milotic|flinch\n|move|p1a: Farigiraf|Trick Room|p1a: Farigiraf\n|-fieldstart|move: Trick Room|[of] p1a: Farigiraf\n|\n|upkeep\n|turn|2\n|\n|t:|1776514291\n|move|p1a: Farigiraf|Hyper Voice|p2a: Raichu|[spread] p2a,p2b\n|-damage|p2a: Raichu|56/100\n|-damage|p2b: Milotic|64/100\n|move|p2b: Milotic|Scald|p1b: Sneasler\n|-damage|p1b: Sneasler|46/100\n|move|p2a: Raichu|Thunderbolt|p1b: Sneasler\n|-damage|p1b: Sneasler|0 fnt\n|faint|p1b: Sneasler\n|\n|upkeep\n|\n|t:|1776514302\n|switch|p1b: Torkoal|Torkoal, L50, M|100/100\n|-weather|SunnyDay|[from] ability: Drought|[of] p1b: Torkoal\n|turn|3\n|\n|t:|1776514314\n|switch|p2a: Tyranitar|Tyranitar, L50, F|100/100\n|-weather|Sandstorm|[from] ability: Sand Stream|[of] p2a: Tyranitar\n|move|p1b: Torkoal|Eruption|p2b: Milotic|[spread] p2a,p2b\n|-resisted|p2a: Tyranitar|1\n|-resisted|p2b: Milotic|1\n|-damage|p2a: Tyranitar|84/100\n|-damage|p2b: Milotic|42/100\n|move|p1a: Farigiraf|Psychic|p2b: Milotic\n|-damage|p2b: Milotic|15/100\n|move|p2b: Milotic|Scald|p1b: Torkoal\n|-supereffective|p1b: Torkoal|1\n|-damage|p1b: Torkoal|5/100\n|\n|-weather|Sandstorm|[upkeep]\n|-damage|p1b: Torkoal|0 fnt|[from] Sandstorm\n|-damage|p1a: Farigiraf|94/100|[from] Sandstorm\n|-damage|p2b: Milotic|9/100|[from] Sandstorm\n|faint|p1b: Torkoal\n|upkeep\n|\n|t:|1776514325\n|switch|p1b: Golurk|Golurk, L50|100/100\n|turn|4\n|\n|t:|1776514340\n|detailschange|p1b: Golurk|Golurk-Mega, L50\n|-mega|p1b: Golurk|Golurk|Golurkite\n|detailschange|p2a: Tyranitar|Tyranitar-Mega, L50, F\n|-mega|p2a: Tyranitar|Tyranitar|Tyranitarite\n|move|p1a: Farigiraf|Hyper Voice|p2b: Milotic|[spread] p2a,p2b\n|-resisted|p2a: Tyranitar|1\n|-crit|p2a: Tyranitar\n|-damage|p2a: Tyranitar|74/100\n|-damage|p2b: Milotic|0 fnt\n|faint|p2b: Milotic\n|move|p1b: Golurk|Headlong Rush|p2a: Tyranitar\n|-supereffective|p2a: Tyranitar|1\n|-damage|p2a: Tyranitar|0 fnt\n|-unboost|p1b: Golurk|def|1\n|-unboost|p1b: Golurk|spd|1\n|faint|p2a: Tyranitar\n|\n|-weather|Sandstorm|[upkeep]\n|-damage|p1a: Farigiraf|88/100|[from] Sandstorm\n|upkeep\n|\n|t:|1776514358\n|switch|p2a: Excadrill|Excadrill, L50, M|100/100\n|switch|p2b: Raichu|Raichu, L50, M|56/100\n|turn|5\n|\n|t:|1776514377\n|move|p1a: Farigiraf|Hyper Voice|p2a: Excadrill|[spread] p2a,p2b\n|-resisted|p2a: Excadrill|1\n|-damage|p2a: Excadrill|82/100\n|-damage|p2b: Raichu|13/100\n|move|p1b: Golurk|Headlong Rush|p2a: Excadrill\n|-supereffective|p2a: Excadrill|1\n|-enditem|p2a: Excadrill|Shuca Berry|[eat]\n|-enditem|p2a: Excadrill|Shuca Berry|[weaken]\n|-damage|p2a: Excadrill|0 fnt\n|-unboost|p1b: Golurk|def|1\n|-unboost|p1b: Golurk|spd|1\n|faint|p2a: Excadrill\n|move|p2b: Raichu|Thunderbolt|p1a: Farigiraf\n|-damage|p1a: Farigiraf|48/100\n|-enditem|p1a: Farigiraf|Sitrus Berry|[eat]\n|-heal|p1a: Farigiraf|73/100|[from] item: Sitrus Berry\n|\n|-weather|Sandstorm|[upkeep]\n|-damage|p1a: Farigiraf|67/100|[from] Sandstorm\n|-damage|p2b: Raichu|7/100|[from] Sandstorm\n|-fieldend|move: Trick Room\n|upkeep\n|turn|6\n|\n|t:|1776514396\n|move|p2b: Raichu|Thunderbolt|p1a: Farigiraf\n|-damage|p1a: Farigiraf|23/100\n|move|p1b: Golurk|Ice Punch|p2b: Raichu\n|-damage|p2b: Raichu|0 fnt\n|faint|p2b: Raichu\n|\n|win|hhashem\n|raw|hhashem's rating: 1266 &rarr; <strong>1285</strong><br />(+19 for winning)\n|raw|colfox's rating: 1181 &rarr; <strong>1162</strong><br />(-19 for losing)\n|l|\u2606hhashem\n|player|p1|\n",
  "uploadtime": 1776514435,
  "views": 19,
  "formatid": "gen9championsvgc2026regma",
  "rating": 1162,
  "private": 0,
  "password": null
}