{
  "id": "gen9championsvgc2026regma-2585165613",
  "format": "[Gen 9 Champions] VGC 2026 Reg M-A",
  "players": [
    "jyotsha",
    "TEST PRE CHAMPS"
  ],
  "log": "|j|\u2606jyotsha\n|j|\u2606TEST PRE CHAMPS\n|t:|1776319940\n|gametype|doubles\n|player|p1|jyotsha|265|1219\n|player|p2|TEST PRE CHAMPS|265|1284\n|gen|9\n|tier|[Gen 9 Champions] VGC 2026 Reg M-A\n|rated|\n|rule|Species Clause: Limit one of each Pok\u00e9mon\n|rule|Item Clause: Limit 1 of each item\n|clearpoke\n|poke|p1|Torkoal, L50, F|\n|poke|p1|Basculegion, L50, M|\n|poke|p1|Delphox, L50, F|\n|poke|p1|Tauros-Paldea-Aqua, L50, M|\n|poke|p1|Skarmory, L50, F|\n|poke|p1|Farigiraf, L50, M|\n|poke|p2|Starmie, L50|\n|poke|p2|Aerodactyl, L50, F|\n|poke|p2|Rotom-Heat, L50|\n|poke|p2|Sinistcha, L50|\n|poke|p2|Kingambit, L50, F|\n|poke|p2|Ninetales-Alola, L50, F|\n|teampreview|4\n|inactive|Battle timer is ON: inactive players will automatically lose when time's up. (requested by jyotsha)\n|\n|t:|1776319982\n|teamsize|p1|4\n|teamsize|p2|4\n|start\n|switch|p1a: Basculegion|Basculegion, L50, M|100/100\n|switch|p1b: Delphox|Delphox, L50, F|100/100\n|switch|p2a: Rotom|Rotom-Heat, L50|100/100\n|switch|p2b: Kingambit|Kingambit, L50, F|100/100\n|turn|1\n|inactive|TEST PRE CHAMPS has 30 seconds left.\n|\n|t:|1776320017\n|switch|p2b: Aerodactyl|Aerodactyl, L50, F|100/100\n|-ability|p2b: Aerodactyl|Unnerve\n|detailschange|p1b: Delphox|Delphox-Mega, L50, F\n|-mega|p1b: Delphox|Delphox|Delphoxite\n|move|p2a: Rotom|Protect|p2a: Rotom\n|-singleturn|p2a: Rotom|Protect\n|move|p1a: Basculegion|Flip Turn|p2a: Rotom\n|-activate|p2a: Rotom|move: Protect\n|move|p1b: Delphox|Calm Mind|p1b: Delphox\n|-boost|p1b: Delphox|spa|1\n|-boost|p1b: Delphox|spd|1\n|\n|upkeep\n|turn|2\n|inactive|jyotsha has 30 seconds left.\n|inactive|TEST PRE CHAMPS has 30 seconds left.\n|inactive|TEST PRE CHAMPS has 20 seconds left.\n|\n|t:|1776320053\n|move|p1a: Basculegion|Flip Turn|p2a: Rotom\n|-supereffective|p2a: Rotom|1\n|-damage|p2a: Rotom|6/100\n|\n|t:|1776320058\n|switch|p1a: Tauros|Tauros-Paldea-Aqua, L50, M|100/100|[from] Flip Turn\n|-ability|p1a: Tauros|Intimidate|boost\n|-unboost|p2a: Rotom|atk|1\n|-unboost|p2b: Aerodactyl|atk|1\n|move|p1b: Delphox|Psychic|p2a: Rotom\n|-damage|p2a: Rotom|0 fnt\n|faint|p2a: Rotom\n|move|p2b: Aerodactyl|Tailwind|p2b: Aerodactyl\n|-sidestart|p2: TEST PRE CHAMPS|move: Tailwind\n|\n|upkeep\n|\n|t:|1776320076\n|switch|p2a: Sinistcha|Sinistcha, L50|100/100\n|turn|3\n|\n|t:|1776320093\n|switch|p1a: Basculegion|Basculegion, L50, M|100/100\n|move|p1b: Delphox|Protect|p1b: Delphox\n|-singleturn|p1b: Delphox|Protect\n|move|p2b: Aerodactyl|Rock Slide|p1a: Basculegion|[spread] p1a\n|-activate|p1b: Delphox|move: Protect\n|-damage|p1a: Basculegion|77/100\n|move|p2a: Sinistcha|Matcha Gotcha|p1b: Delphox|[spread] p1a\n|-activate|p1b: Delphox|move: Protect\n|-supereffective|p1a: Basculegion|1\n|-damage|p1a: Basculegion|15/100\n|-status|p1a: Basculegion|brn\n|\n|-damage|p1a: Basculegion|9/100 brn|[from] brn\n|upkeep\n|turn|4\n|inactive|TEST PRE CHAMPS has 30 seconds left.\n|inactive|TEST PRE CHAMPS has 20 seconds left.\n|inactive|TEST PRE CHAMPS has 15 seconds left.\n|inactive|TEST PRE CHAMPS has 10 seconds left.\n|\n|t:|1776320139\n|switch|p2a: Kingambit|Kingambit, L50, F|100/100\n|move|p2b: Aerodactyl|Protect|p2b: Aerodactyl\n|-singleturn|p2b: Aerodactyl|Protect\n|move|p1a: Basculegion|Aqua Jet|p2b: Aerodactyl\n|-activate|p2b: Aerodactyl|move: Protect\n|move|p1b: Delphox|Heat Wave|p2a: Kingambit|[spread] p2a\n|-activate|p2b: Aerodactyl|move: Protect\n|-supereffective|p2a: Kingambit|1\n|-damage|p2a: Kingambit|0 fnt\n|faint|p2a: Kingambit\n|\n|-damage|p1a: Basculegion|3/100 brn|[from] brn\n|upkeep\n|\n|t:|1776320150\n|switch|p2a: Sinistcha|Sinistcha, L50|100/100\n|turn|5\n|-message|TEST PRE CHAMPS forfeited.\n|\n|win|jyotsha\n|raw|jyotsha's rating: 1219 &rarr; <strong>1249</strong><br />(+30 for winning)\n|raw|TEST PRE CHAMPS's rating: 1284 &rarr; <strong>1254</strong><br />(-30 for losing)\n",
  "uploadtime": 1776320159,
  "views": 53,
  "formatid": "gen9championsvgc2026regma",
  "rating": 1249,
  "private": 0,
  "password": null
}