{
  "id": "gen9championsvgc2026regma-2585782337",
  "format": "[Gen 9 Champions] VGC 2026 Reg M-A",
  "players": [
    "sebtct",
    "iLiseq"
  ],
  "log": "|j|\u2606sebtct\n|j|\u2606iLiseq\n|html|<table width=\"100%\"><tr><td align=\"left\">sebtct</td><td align=\"right\">iLiseq</tr><tr><td align=\"left\"><i class=\"fa fa-circle-o\"></i> <i class=\"fa fa-circle-o\"></i> </td><td align=\"right\"><i class=\"fa fa-circle-o\"></i> <i class=\"fa fa-circle-o\"></i> </tr></table>\n|uhtml|bestof|<h2><strong>Game 1</strong> of <a href=\"/game-bestof3-gen9championsvgc2026regma-2585782333\">a best-of-3</a></h2>\n|t:|1776370259\n|gametype|doubles\n|player|p1|sebtct|2|\n|player|p2|iLiseq|guzma|\n|gen|9\n|tier|[Gen 9 Champions] VGC 2026 Reg M-A\n|rule|Species Clause: Limit one of each Pok\u00e9mon\n|rule|Item Clause: Limit 1 of each item\n|raw|<div class=\"infobox\"><details class=\"readmore\" open><summary><strong>1 custom rule:</strong></summary> Best of = 3</details></div>\n|clearpoke\n|poke|p1|Kangaskhan, L50, F|\n|poke|p1|Basculegion, L50, M|\n|poke|p1|Pelipper, L50, F|\n|poke|p1|Incineroar, L50, M|\n|poke|p1|Sinistcha, L50|\n|poke|p1|Slurpuff, L50, M|\n|poke|p2|Glimmora, L50, M|\n|poke|p2|Talonflame, L50, M|\n|poke|p2|Arcanine-Hisui, L50, F|\n|poke|p2|Gyarados, L50, F|\n|poke|p2|Meowscarada, L50, M|\n|poke|p2|Alakazam, L50, M|\n|teampreview|4\n|l|\u2606sebtct\n|player|p1|\n|j|\u2606sebtct\n|player|p1|sebtct|2|\n|c|\u2606iLiseq|same start bro?\n|c|\u2606sebtct|yeah that\u2019s fine\n|\n|t:|1776370363\n|teamsize|p1|4\n|teamsize|p2|4\n|start\n|switch|p1a: Incineroar|Incineroar, L50, M|100/100\n|switch|p1b: Pelipper|Pelipper, L50, F|100/100\n|switch|p2a: Talonflame|Talonflame, L50, M|100/100\n|switch|p2b: Meowscarada|Meowscarada, L50, M|100/100\n|-weather|RainDance|[from] ability: Drizzle|[of] p1b: Pelipper\n|-ability|p1a: Incineroar|Intimidate|boost\n|-unboost|p2a: Talonflame|atk|1\n|-unboost|p2b: Meowscarada|atk|1\n|turn|1\n|j| Unlikely Valentine\n|\n|t:|1776370387\n|switch|p2b: Gyarados|Gyarados, L50, F|100/100\n|-ability|p2b: Gyarados|Intimidate|boost\n|-unboost|p1a: Incineroar|atk|1\n|-unboost|p1b: Pelipper|atk|1\n|switch|p1a: Basculegion|Basculegion, L50, M|100/100\n|move|p2a: Talonflame|Protect|p2a: Talonflame\n|-singleturn|p2a: Talonflame|Protect\n|move|p1b: Pelipper|Tailwind|p1b: Pelipper\n|-sidestart|p1: sebtct|move: Tailwind\n|\n|-weather|RainDance|[upkeep]\n|upkeep\n|turn|2\n|\n|t:|1776370410\n|move|p1a: Basculegion|Aqua Jet|p2a: Talonflame\n|-supereffective|p2a: Talonflame|1\n|-damage|p2a: Talonflame|6/100\n|move|p1b: Pelipper|Hurricane|p2a: Talonflame\n|-damage|p2a: Talonflame|0 fnt\n|faint|p2a: Talonflame\n|move|p2b: Gyarados|Thunder Wave|p1a: Basculegion\n|-status|p1a: Basculegion|par\n|\n|-weather|RainDance|[upkeep]\n|upkeep\n|\n|t:|1776370439\n|switch|p2a: Meowscarada|Meowscarada, L50, M|100/100\n|turn|3\n|\n|t:|1776370453\n|move|p2a: Meowscarada|Flower Trick|p1a: Basculegion\n|-start|p2a: Meowscarada|typechange|Grass|[from] ability: Protean\n|-supereffective|p1a: Basculegion|1\n|-crit|p1a: Basculegion\n|-damage|p1a: Basculegion|0 fnt\n|faint|p1a: Basculegion\n|move|p1b: Pelipper|Hurricane|p2a: Meowscarada\n|-supereffective|p2a: Meowscarada|1\n|-damage|p2a: Meowscarada|0 fnt\n|faint|p2a: Meowscarada\n|move|p2b: Gyarados|Thunder Wave|p1b: Pelipper\n|-status|p1b: Pelipper|par\n|\n|-weather|RainDance|[upkeep]\n|upkeep\n|\n|t:|1776370468\n|switch|p2a: Mateo beam|Glimmora, L50, M|100/100\n|switch|p1a: Kangaskhan|Kangaskhan, L50, F|100/100\n|turn|4\n|\n|t:|1776370492\n|detailschange|p1a: Kangaskhan|Kangaskhan-Mega, L50, F\n|-mega|p1a: Kangaskhan|Kangaskhan|Kangaskhanite\n|detailschange|p2a: Mateo beam|Glimmora-Mega, L50, M\n|-mega|p2a: Mateo beam|Glimmora|Glimmoranite\n|move|p2a: Mateo beam|Spiky Shield|p2a: Mateo beam\n|-singleturn|p2a: Mateo beam|move: Protect\n|move|p1a: Kangaskhan|Thunder Punch|p2b: Gyarados\n|-supereffective|p2b: Gyarados|2\n|-damage|p2b: Gyarados|23/100\n|-status|p2b: Gyarados|par\n|-supereffective|p2b: Gyarados|2\n|-damage|p2b: Gyarados|7/100 par\n|-hitcount|p2b: Gyarados|2\n|move|p1b: Pelipper|Weather Ball|p2a: Mateo beam\n|-activate|p2a: Mateo beam|move: Protect\n|cant|p2b: Gyarados|par\n|\n|-weather|RainDance|[upkeep]\n|-heal|p2b: Gyarados|13/100 par|[from] item: Leftovers\n|-sideend|p1: sebtct|move: Tailwind\n|upkeep\n|turn|5\n|\n|t:|1776370536\n|move|p2b: Gyarados|Protect|p2b: Gyarados\n|-singleturn|p2b: Gyarados|Protect\n|move|p2a: Mateo beam|Power Gem|p1b: Pelipper\n|-supereffective|p1b: Pelipper|1\n|-enditem|p1b: Pelipper|Focus Sash\n|-damage|p1b: Pelipper|1/100 par\n|move|p1a: Kangaskhan|Thunder Punch|p2b: Gyarados\n|-activate|p2b: Gyarados|move: Protect\n|cant|p1b: Pelipper|par\n|\n|-weather|none\n|-heal|p2b: Gyarados|19/100 par|[from] item: Leftovers\n|upkeep\n|turn|6\n|\n|t:|1776370556\n|move|p2a: Mateo beam|Sludge Wave|p1a: Kangaskhan|[spread] p2b,p1a,p1b\n|-damage|p2b: Gyarados|0 fnt\n|-damage|p1a: Kangaskhan|48/100\n|-damage|p1b: Pelipper|0 fnt\n|faint|p2b: Gyarados\n|faint|p1b: Pelipper\n|move|p1a: Kangaskhan|Thunder Punch|p2a: Mateo beam\n|-damage|p2a: Mateo beam|73/100\n|-damage|p2a: Mateo beam|66/100\n|-hitcount|p2a: Mateo beam|2\n|\n|upkeep\n|\n|t:|1776370564\n|switch|p1b: Incineroar|Incineroar, L50, M|100/100\n|-ability|p1b: Incineroar|Intimidate|boost\n|-unboost|p2a: Mateo beam|atk|1\n|turn|7\n|j| Sahea\n|\n|t:|1776370577\n|move|p2a: Mateo beam|Spiky Shield|p2a: Mateo beam\n|-singleturn|p2a: Mateo beam|move: Protect\n|move|p1a: Kangaskhan|Protect|p1a: Kangaskhan\n|-singleturn|p1a: Kangaskhan|Protect\n|move|p1b: Incineroar|Parting Shot|p2a: Mateo beam\n|-activate|p2a: Mateo beam|move: Protect\n|\n|upkeep\n|turn|8\n|\n|t:|1776370585\n|move|p2a: Mateo beam|Sludge Wave|p1b: Incineroar|[spread] p1a,p1b\n|-damage|p1a: Kangaskhan|0 fnt\n|-damage|p1b: Incineroar|52/100\n|faint|p1a: Kangaskhan\n|move|p1b: Incineroar|Low Sweep|p2a: Mateo beam\n|-damage|p2a: Mateo beam|42/100\n|-unboost|p2a: Mateo beam|spe|1\n|\n|upkeep\n|turn|9\n|\n|t:|1776370593\n|move|p2a: Mateo beam|Spiky Shield|p2a: Mateo beam\n|-singleturn|p2a: Mateo beam|move: Protect\n|move|p1b: Incineroar|Darkest Lariat|p2a: Mateo beam\n|-activate|p2a: Mateo beam|move: Protect\n|-damage|p1b: Incineroar|40/100|[from] Spiky Shield|[of] p2a: Mateo beam\n|\n|upkeep\n|turn|10\n|\n|t:|1776370611\n|move|p2a: Mateo beam|Sludge Wave|p1b: Incineroar\n|-crit|p1b: Incineroar\n|-damage|p1b: Incineroar|0 fnt\n|faint|p1b: Incineroar\n|\n|win|iLiseq\n||sebtct is ready for game 2.\n||iLiseq is ready for game 2.\n|uhtml|next|Next: <a href=\"/battle-gen9championsvgc2026regma-2585787404\"><strong>Game 2 of 3</strong></a>\n|l| Unlikely Valentine\n|j| OuAndua\n|l| OuAndua\n|l| Sahea\n",
  "uploadtime": 1776370614,
  "views": 56,
  "formatid": "gen9championsvgc2026regma",
  "rating": null,
  "private": 0,
  "password": null
}