{
  "id": "gen9championsvgc2026regma-2581592974",
  "format": "[Gen 9 Champions] VGC 2026 Reg M-A",
  "players": [
    "darckph",
    "DavidTIS"
  ],
  "log": "|j|\u2606darckph\n|j|\u2606DavidTIS\n|t:|1776013567\n|gametype|doubles\n|player|p1|darckph|169|1093\n|player|p2|DavidTIS|volkner|1008\n|gen|9\n|tier|[Gen 9 Champions] VGC 2026 Reg M-A\n|rated|\n|rule|Species Clause: Limit one of each Pok\u00e9mon\n|rule|Item Clause: Limit 1 of each item\n|clearpoke\n|poke|p1|Garchomp, L50, F|\n|poke|p1|Charizard, L50, M|\n|poke|p1|Tyranitar, L50, F|\n|poke|p1|Excadrill, L50, F|\n|poke|p1|Venusaur, L50, F|\n|poke|p1|Incineroar, L50, M|\n|poke|p2|Garganacl, L50, M|\n|poke|p2|Mimikyu, L50, M|\n|poke|p2|Chimecho, L50, F|\n|poke|p2|Avalugg, L50, F|\n|poke|p2|Slowbro, L50, F|\n|poke|p2|Lucario, L50, F|\n|teampreview|4\n|inactive|Battle timer is ON: inactive players will automatically lose when time's up. (requested by DavidTIS)\n|\n|t:|1776013587\n|teamsize|p1|4\n|teamsize|p2|4\n|start\n|switch|p1a: Charizard|Charizard, L50, M|100/100\n|switch|p1b: Incineroar|Incineroar, L50, M|100/100\n|switch|p2a: Garganacl|Garganacl, L50, M|100/100\n|switch|p2b: Lucario|Lucario, L50, F|100/100\n|-ability|p1b: Incineroar|Intimidate|boost\n|-fail|p2a: Garganacl|unboost|[from] ability: Clear Body|[of] p2a: Garganacl\n|-fail|p2b: Lucario|unboost|Attack|[from] ability: Inner Focus|[of] p2b: Lucario\n|turn|1\n|\n|t:|1776013610\n|detailschange|p1a: Charizard|Charizard-Mega-Y, L50, M\n|-mega|p1a: Charizard|Charizard|Charizardite Y\n|-weather|SunnyDay|[from] ability: Drought|[of] p1a: Charizard\n|move|p1a: Charizard|Protect|p1a: Charizard\n|-singleturn|p1a: Charizard|Protect\n|move|p2b: Lucario|Aura Sphere|p1b: Incineroar\n|-supereffective|p1b: Incineroar|1\n|-damage|p1b: Incineroar|26/100\n|-enditem|p1b: Incineroar|Sitrus Berry|[eat]\n|-heal|p1b: Incineroar|51/100|[from] item: Sitrus Berry\n|move|p1b: Incineroar|Parting Shot|p2b: Lucario\n|-unboost|p2b: Lucario|atk|1\n|-unboost|p2b: Lucario|spa|1\n|\n|t:|1776013625\n|switch|p1b: Venusaur|Venusaur, L50, F|100/100|[from] Parting Shot\n|move|p2a: Garganacl|Rock Slide|p1a: Charizard|[spread] p1b\n|-activate|p1a: Charizard|move: Protect\n|-damage|p1b: Venusaur|70/100\n|\n|-weather|SunnyDay|[upkeep]\n|-heal|p1b: Venusaur|76/100|[from] item: Leftovers\n|upkeep\n|turn|2\n|\n|t:|1776013640\n|switch|p2b: Slowbro|Slowbro, L50, F|100/100\n|move|p1b: Venusaur|Giga Drain|p2a: Garganacl\n|-supereffective|p2a: Garganacl|1\n|-damage|p2a: Garganacl|24/100\n|-heal|p1b: Venusaur|100/100|[from] drain|[of] p2a: Garganacl\n|move|p1a: Charizard|Weather Ball|p2b: Slowbro\n|-resisted|p2b: Slowbro|1\n|-damage|p2b: Slowbro|51/100\n|move|p2a: Garganacl|Rock Slide|p1a: Charizard|[spread] p1a,p1b\n|-supereffective|p1a: Charizard|2\n|-damage|p1a: Charizard|0 fnt\n|-damage|p1b: Venusaur|69/100\n|faint|p1a: Charizard\n|\n|-weather|SunnyDay|[upkeep]\n|-heal|p1b: Venusaur|75/100|[from] item: Leftovers\n|-heal|p2b: Slowbro|57/100|[from] item: Leftovers\n|upkeep\n|\n|t:|1776013657\n|switch|p1a: Incineroar|Incineroar, L50, M|51/100\n|-ability|p1a: Incineroar|Intimidate|boost\n|-fail|p2a: Garganacl|unboost|[from] ability: Clear Body|[of] p2a: Garganacl\n|-unboost|p2b: Slowbro|atk|1\n|turn|3\n|\n|t:|1776013676\n|switch|p2b: Lucario|Lucario, L50, F|100/100\n|move|p2a: Garganacl|Protect|p2a: Garganacl\n|-singleturn|p2a: Garganacl|Protect\n|move|p1a: Incineroar|Fake Out|p2b: Lucario\n|-resisted|p2b: Lucario|1\n|-damage|p2b: Lucario|91/100\n|move|p1b: Venusaur|Giga Drain|p2a: Garganacl\n|-activate|p2a: Garganacl|move: Protect\n|\n|-weather|SunnyDay|[upkeep]\n|-heal|p1b: Venusaur|81/100|[from] item: Leftovers\n|upkeep\n|turn|4\n|\n|t:|1776013700\n|switch|p2a: Chimecho|Chimecho, L50, F|100/100\n|move|p1b: Venusaur|Giga Drain|p2a: Chimecho\n|-damage|p2a: Chimecho|60/100\n|-heal|p1b: Venusaur|99/100|[from] drain|[of] p2a: Chimecho\n|move|p2b: Lucario|Aura Sphere|p1a: Incineroar\n|-supereffective|p1a: Incineroar|1\n|-crit|p1a: Incineroar\n|-damage|p1a: Incineroar|0 fnt\n|faint|p1a: Incineroar\n|\n|-weather|SunnyDay|[upkeep]\n|-heal|p1b: Venusaur|100/100|[from] item: Leftovers\n|upkeep\n|\n|t:|1776013710\n|switch|p1a: Garchomp|Garchomp, L50, F|100/100\n|turn|5\n|inactive|darckph has 30 seconds left.\n|\n|t:|1776013735\n|detailschange|p2a: Chimecho|Chimecho-Mega, L50, F\n|-mega|p2a: Chimecho|Chimecho|Chimechite\n|move|p1b: Venusaur|Protect|p1b: Venusaur\n|-singleturn|p1b: Venusaur|Protect\n|move|p1a: Garchomp|Stomping Tantrum|p2b: Lucario\n|-supereffective|p2b: Lucario|1\n|-damage|p2b: Lucario|0 fnt\n|faint|p2b: Lucario\n|move|p2a: Chimecho|Psychic|p1b: Venusaur\n|-activate|p1b: Venusaur|move: Protect\n|\n|-weather|none\n|upkeep\n|\n|t:|1776013746\n|switch|p2b: Slowbro|Slowbro, L50, F|91/100\n|turn|6\n|\n|t:|1776013754\n|move|p1a: Garchomp|Stomping Tantrum|p2b: Slowbro\n|-damage|p2b: Slowbro|61/100\n|move|p1b: Venusaur|Giga Drain|p2b: Slowbro\n|-supereffective|p2b: Slowbro|1\n|-damage|p2b: Slowbro|0 fnt\n|faint|p2b: Slowbro\n|move|p2a: Chimecho|Psychic|p1b: Venusaur\n|-supereffective|p1b: Venusaur|1\n|-damage|p1b: Venusaur|0 fnt\n|faint|p1b: Venusaur\n|\n|upkeep\n|\n|t:|1776013764\n|switch|p2b: Garganacl|Garganacl, L50, M|24/100\n|turn|7\n|c|\u2606darckph|Gg\n|\n|t:|1776013770\n|move|p2b: Garganacl|Protect|p2b: Garganacl\n|-singleturn|p2b: Garganacl|Protect\n|move|p1a: Garchomp|Stomping Tantrum|p2b: Garganacl\n|-activate|p2b: Garganacl|move: Protect\n|move|p2a: Chimecho|Recover|p2a: Chimecho\n|-heal|p2a: Chimecho|100/100\n|\n|upkeep\n|turn|8\n|-message|darckph forfeited.\n|\n|win|DavidTIS\n|raw|darckph's rating: 1093 &rarr; <strong>1063</strong><br />(-30 for losing)\n|raw|DavidTIS's rating: 1008 &rarr; <strong>1056</strong><br />(+48 for winning)\n",
  "uploadtime": 1776013784,
  "views": 14,
  "formatid": "gen9championsvgc2026regma",
  "rating": 1056,
  "private": 0,
  "password": null
}