{
  "id": "gen9championsvgc2026regma-2587146697",
  "format": "[Gen 9 Champions] VGC 2026 Reg M-A",
  "players": [
    "Lazzaro1234",
    "alexit93"
  ],
  "log": "|j|\u2606Lazzaro1234\n|j|\u2606alexit93\n|t:|1776500246\n|gametype|doubles\n|player|p1|Lazzaro1234|pryce|1124\n|player|p2|alexit93|lucas-gen4pt|1233\n|gen|9\n|tier|[Gen 9 Champions] VGC 2026 Reg M-A\n|rated|\n|rule|Species Clause: Limit one of each Pok\u00e9mon\n|rule|Item Clause: Limit 1 of each item\n|clearpoke\n|poke|p1|Glimmora, L50, F|\n|poke|p1|Bellibolt, L50, M|\n|poke|p1|Incineroar, L50, M|\n|poke|p1|Froslass, L50, F|\n|poke|p1|Kingambit, L50, F|\n|poke|p1|Talonflame, L50, F|\n|poke|p2|Torterra, L50, M|\n|poke|p2|Whimsicott, L50, F|\n|poke|p2|Milotic, L50, F|\n|poke|p2|Rampardos, L50, F, shiny|\n|poke|p2|Corviknight, L50, M|\n|poke|p2|Charizard, L50, M|\n|teampreview|4\n|\n|t:|1776500269\n|teamsize|p1|4\n|teamsize|p2|4\n|start\n|switch|p1a: Incineroar|Incineroar, L50, M|100/100\n|switch|p1b: Glimmora|Glimmora, L50, F|100/100\n|switch|p2a: Whimsicott|Whimsicott, L50, F|100/100\n|switch|p2b: Rampardos|Rampardos, L50, F, shiny|100/100\n|-ability|p1a: Incineroar|Intimidate|boost\n|-unboost|p2a: Whimsicott|atk|1\n|-unboost|p2b: Rampardos|atk|1\n|turn|1\n|\n|t:|1776500288\n|detailschange|p1b: Glimmora|Glimmora-Mega, L50, F\n|-mega|p1b: Glimmora|Glimmora|Glimmoranite\n|move|p2a: Whimsicott|Protect|p2a: Whimsicott\n|-singleturn|p2a: Whimsicott|Protect\n|move|p1a: Incineroar|Fake Out|p2a: Whimsicott\n|-activate|p2a: Whimsicott|move: Protect\n|move|p2b: Rampardos|Bulldoze|p1b: Glimmora|[spread] p1a,p1b\n|-activate|p2a: Whimsicott|move: Protect\n|-supereffective|p1a: Incineroar|1\n|-crit|p1a: Incineroar\n|-supereffective|p1b: Glimmora|2\n|-damage|p1a: Incineroar|48/100\n|-damage|p1b: Glimmora|28/100\n|-enditem|p1a: Incineroar|Sitrus Berry|[eat]\n|-heal|p1a: Incineroar|73/100|[from] item: Sitrus Berry\n|move|p1b: Glimmora|Earth Power|p2b: Rampardos\n|-supereffective|p2b: Rampardos|1\n|-damage|p2b: Rampardos|0 fnt\n|faint|p2b: Rampardos\n|\n|upkeep\n|\n|t:|1776500298\n|switch|p2b: Milotic|Milotic, L50, F|100/100\n|turn|2\n|\n|t:|1776500321\n|move|p1b: Glimmora|Spiky Shield|p1b: Glimmora\n|-singleturn|p1b: Glimmora|move: Protect\n|move|p2a: Whimsicott|Tailwind|p2a: Whimsicott\n|-sidestart|p2: alexit93|move: Tailwind\n|move|p2b: Milotic|Scald|p1b: Glimmora\n|-activate|p1b: Glimmora|move: Protect\n|move|p1a: Incineroar|Parting Shot|p2a: Whimsicott\n|-unboost|p2a: Whimsicott|atk|1\n|-unboost|p2a: Whimsicott|spa|1\n|\n|t:|1776500331\n|switch|p1a: Bellibolt|Bellibolt, L50, M|100/100|[from] Parting Shot\n|\n|upkeep\n|turn|3\n|\n|t:|1776500340\n|switch|p2b: Torterra|Torterra, L50, M|100/100\n|switch|p1b: Kingambit|Kingambit, L50, F|100/100\n|move|p2a: Whimsicott|Encore|p1b: Kingambit\n|-hint|Since gen 7, Dark is immune to Prankster moves.\n|-immune|p1b: Kingambit\n|move|p1a: Bellibolt|Thunderbolt|p2b: Torterra\n|-immune|p2b: Torterra\n|\n|upkeep\n|turn|4\n|\n|t:|1776500381\n|switch|p2a: Milotic|Milotic, L50, F|100/100\n|switch|p1a: Incineroar|Incineroar, L50, M|73/100\n|-ability|p1a: Incineroar|Intimidate|boost\n|-unboost|p2a: Milotic|atk|1\n|-ability|p2a: Milotic|Competitive|boost\n|-boost|p2a: Milotic|spa|2\n|-unboost|p2b: Torterra|atk|1\n|-enditem|p2b: Torterra|White Herb\n|-clearnegativeboost|p2b: Torterra|[silent]\n|move|p2b: Torterra|Shell Smash|p2b: Torterra\n|-unboost|p2b: Torterra|def|1\n|-unboost|p2b: Torterra|spd|1\n|-boost|p2b: Torterra|atk|2\n|-boost|p2b: Torterra|spa|2\n|-boost|p2b: Torterra|spe|2\n|move|p1b: Kingambit|Swords Dance|p1b: Kingambit\n|-boost|p1b: Kingambit|atk|2\n|\n|upkeep\n|turn|5\n|\n|t:|1776500411\n|move|p2b: Torterra|Headlong Rush|p1b: Kingambit\n|-supereffective|p1b: Kingambit|1\n|-damage|p1b: Kingambit|0 fnt\n|-unboost|p2b: Torterra|def|1\n|-unboost|p2b: Torterra|spd|1\n|faint|p1b: Kingambit\n|move|p2a: Milotic|Scald|p1a: Incineroar\n|-supereffective|p1a: Incineroar|1\n|-damage|p1a: Incineroar|0 fnt\n|faint|p1a: Incineroar\n|\n|-sideend|p2: alexit93|move: Tailwind\n|upkeep\n|\n|t:|1776500424\n|switch|p1a: Bellibolt|Bellibolt, L50, M|100/100\n|switch|p1b: Glimmora|Glimmora-Mega, L50, F|28/100\n|turn|6\n|\n|t:|1776500451\n|move|p2b: Torterra|Protect|p2b: Torterra\n|-singleturn|p2b: Torterra|Protect\n|move|p2a: Milotic|Protect|p2a: Milotic\n|-singleturn|p2a: Milotic|Protect\n|move|p1b: Glimmora|Sludge Bomb|p2a: Milotic\n|-activate|p2a: Milotic|move: Protect\n|move|p1a: Bellibolt|Thunderbolt|p2a: Milotic\n|-activate|p2a: Milotic|move: Protect\n|\n|upkeep\n|turn|7\n|\n|t:|1776500466\n|move|p2b: Torterra|Headlong Rush|p1a: Bellibolt\n|-supereffective|p1a: Bellibolt|1\n|-damage|p1a: Bellibolt|0 fnt\n|-unboost|p2b: Torterra|def|1\n|-unboost|p2b: Torterra|spd|1\n|faint|p1a: Bellibolt\n|move|p1b: Glimmora|Sludge Bomb|p2b: Torterra\n|-damage|p2b: Torterra|0 fnt\n|faint|p2b: Torterra\n|move|p2a: Milotic|Scald|p1b: Glimmora\n|-supereffective|p1b: Glimmora|1\n|-damage|p1b: Glimmora|0 fnt\n|faint|p1b: Glimmora\n|\n|win|alexit93\n|raw|Lazzaro1234's rating: 1124 &rarr; <strong>1107</strong><br />(-17 for losing)\n|raw|alexit93's rating: 1233 &rarr; <strong>1250</strong><br />(+17 for winning)\n|l|\u2606Lazzaro1234\n|player|p1|\n",
  "uploadtime": 1776500479,
  "views": 19,
  "formatid": "gen9championsvgc2026regma",
  "rating": 1107,
  "private": 0,
  "password": null
}