{
  "id": "gen9championsvgc2026regma-2580978005",
  "format": "[Gen 9 Champions] VGC 2026 Reg M-A",
  "players": [
    "blue schucle",
    "bwahacough"
  ],
  "log": "|j|\u2606blue schucle\n|j|\u2606bwahacough\n|t:|1775948453\n|gametype|doubles\n|player|p1|blue schucle|lance|1298\n|player|p2|bwahacough|102|1429\n|gen|9\n|tier|[Gen 9 Champions] VGC 2026 Reg M-A\n|rated|\n|rule|Species Clause: Limit one of each Pok\u00e9mon\n|rule|Item Clause: Limit 1 of each item\n|clearpoke\n|poke|p1|Pelipper, L50, F|\n|poke|p1|Basculegion, L50, M|\n|poke|p1|Archaludon, L50, M|\n|poke|p1|Blastoise, L50, F|\n|poke|p1|Incineroar, L50, M|\n|poke|p1|Dragapult, L50, M|\n|poke|p2|Lycanroc, L50, M|\n|poke|p2|Tyranitar, L50, M|\n|poke|p2|Farigiraf, L50, M|\n|poke|p2|Meganium, L50, F|\n|poke|p2|Garchomp, L50, M|\n|poke|p2|Milotic, L50, F|\n|teampreview|4\n|\n|t:|1775948467\n|teamsize|p1|4\n|teamsize|p2|4\n|start\n|switch|p1a: Blastoise|Blastoise, L50, F|100/100\n|switch|p1b: Basculegion|Basculegion, L50, M|100/100\n|switch|p2a: Lycanroc|Lycanroc, L50, M|100/100\n|switch|p2b: Tyranitar|Tyranitar, L50, M|100/100\n|-weather|Sandstorm|[from] ability: Sand Stream|[of] p2b: Tyranitar\n|turn|1\n|\n|t:|1775948488\n|detailschange|p1a: Blastoise|Blastoise-Mega, L50, F\n|-mega|p1a: Blastoise|Blastoise|Blastoisinite\n|move|p2a: Lycanroc|Rock Slide|p1a: Blastoise|[spread] p1b\n|-miss|p2a: Lycanroc|p1a: Blastoise\n|-damage|p1b: Basculegion|62/100\n|move|p1b: Basculegion|Wave Crash|p2a: Lycanroc\n|-supereffective|p2a: Lycanroc|1\n|-enditem|p2a: Lycanroc|Focus Sash\n|-damage|p2a: Lycanroc|1/100\n|-damage|p1b: Basculegion|37/100|[from] Recoil\n|move|p1a: Blastoise|Aura Sphere|p2b: Tyranitar\n|-supereffective|p2b: Tyranitar|2\n|-enditem|p2b: Tyranitar|Chople Berry|[eat]\n|-enditem|p2b: Tyranitar|Chople Berry|[weaken]\n|-damage|p2b: Tyranitar|47/100\n|move|p2b: Tyranitar|Rock Slide|p1b: Basculegion|[spread] p1a,p1b\n|-damage|p1a: Blastoise|75/100\n|-damage|p1b: Basculegion|0 fnt\n|faint|p1b: Basculegion\n|\n|-weather|Sandstorm|[upkeep]\n|-damage|p1a: Blastoise|69/100|[from] Sandstorm\n|upkeep\n|\n|t:|1775948512\n|switch|p1b: Stormbringer|Pelipper, L50, F|100/100\n|-weather|RainDance|[from] ability: Drizzle|[of] p1b: Stormbringer\n|turn|2\n|\n|t:|1775948521\n|move|p2a: Lycanroc|Rock Slide|p1b: Stormbringer|[spread] p1a,p1b\n|-supereffective|p1b: Stormbringer|1\n|-damage|p1a: Blastoise|40/100\n|-damage|p1b: Stormbringer|20/100\n|move|p1b: Stormbringer|Tailwind|p1b: Stormbringer\n|-sidestart|p1: blue schucle|move: Tailwind\n|cant|p1a: Blastoise|flinch\n|move|p2b: Tyranitar|Rock Slide|p1b: Stormbringer|[spread] p1a,p1b\n|-supereffective|p1b: Stormbringer|1\n|-damage|p1a: Blastoise|15/100\n|-damage|p1b: Stormbringer|0 fnt\n|faint|p1b: Stormbringer\n|\n|-weather|RainDance|[upkeep]\n|upkeep\n|\n|t:|1775948536\n|switch|p1b: Obelisk|Archaludon, L50, M|100/100\n|turn|3\n|\n|t:|1775948543\n|switch|p2b: Farigiraf|Farigiraf, L50, M, shiny|100/100\n|move|p2a: Lycanroc|Protect|p2a: Lycanroc\n|-singleturn|p2a: Lycanroc|Protect\n|move|p1b: Obelisk|Electro Shot||[still]\n|-prepare|p1b: Obelisk|Electro Shot\n|-boost|p1b: Obelisk|spa|1\n|-anim|p1b: Obelisk|Electro Shot|p2a: Lycanroc\n|-activate|p2a: Lycanroc|move: Protect\n|move|p1a: Blastoise|Water Pulse|p2b: Farigiraf\n|-damage|p2b: Farigiraf|23/100\n|-start|p2b: Farigiraf|confusion\n|-enditem|p2b: Farigiraf|Sitrus Berry|[eat]\n|-heal|p2b: Farigiraf|48/100|[from] item: Sitrus Berry\n|\n|-weather|RainDance|[upkeep]\n|upkeep\n|turn|4\n|\n|t:|1775948565\n|switch|p2b: Tyranitar|Tyranitar, L50, M|47/100\n|-weather|Sandstorm|[from] ability: Sand Stream|[of] p2b: Tyranitar\n|move|p2a: Lycanroc|Rock Slide|p1b: Obelisk|[spread] p1a,p1b\n|-resisted|p1b: Obelisk|1\n|-crit|p1b: Obelisk\n|-damage|p1a: Blastoise|0 fnt\n|-damage|p1b: Obelisk|80/100\n|-ability|p1b: Obelisk|Stamina|boost\n|-boost|p1b: Obelisk|def|1\n|faint|p1a: Blastoise\n|move|p1b: Obelisk|Flash Cannon|p2b: Tyranitar\n|-supereffective|p2b: Tyranitar|1\n|-damage|p2b: Tyranitar|0 fnt\n|faint|p2b: Tyranitar\n|\n|-weather|Sandstorm|[upkeep]\n|upkeep\n|\n|t:|1775948570\n|switch|p2b: Farigiraf|Farigiraf, L50, M, shiny|48/100\n|turn|5\n|j| gE1xjZRtuhW2DdT0AK\n|\n|t:|1775948584\n|move|p2a: Lycanroc|Close Combat|p1b: Obelisk\n|-supereffective|p1b: Obelisk|1\n|-crit|p1b: Obelisk\n|-enditem|p1b: Obelisk|Chople Berry|[eat]\n|-enditem|p1b: Obelisk|Chople Berry|[weaken]\n|-damage|p1b: Obelisk|27/100\n|-unboost|p2a: Lycanroc|def|1\n|-unboost|p2a: Lycanroc|spd|1\n|-ability|p1b: Obelisk|Stamina|boost\n|-boost|p1b: Obelisk|def|1\n|move|p1b: Obelisk|Flash Cannon|p2a: Lycanroc\n|-supereffective|p2a: Lycanroc|1\n|-damage|p2a: Lycanroc|0 fnt\n|faint|p2a: Lycanroc\n|move|p2b: Farigiraf|Psychic|p1b: Obelisk\n|-resisted|p1b: Obelisk|1\n|-damage|p1b: Obelisk|0 fnt\n|faint|p1b: Obelisk\n|\n|win|bwahacough\n|raw|blue schucle's rating: 1298 &rarr; <strong>1283</strong><br />(-15 for losing)\n|raw|bwahacough's rating: 1442 &rarr; <strong>1454</strong><br />(+12 for winning)\n|l|\u2606bwahacough\n|player|p2|\n",
  "uploadtime": 1775948611,
  "views": 75,
  "formatid": "gen9championsvgc2026regma",
  "rating": 1283,
  "private": 0,
  "password": null
}