{
  "id": "gen9championsvgc2026regma-2588499239",
  "format": "[Gen 9 Champions] VGC 2026 Reg M-A",
  "players": [
    "DewEnjoyer",
    "Sciencetrainer"
  ],
  "log": "|j|\u2606DewEnjoyer\n|j|\u2606Sciencetrainer\n|t:|1776639078\n|gametype|doubles\n|player|p1|DewEnjoyer|169|1000\n|player|p2|Sciencetrainer|colress|1000\n|gen|9\n|tier|[Gen 9 Champions] VGC 2026 Reg M-A\n|rated|\n|rule|Species Clause: Limit one of each Pok\u00e9mon\n|rule|Item Clause: Limit 1 of each item\n|clearpoke\n|poke|p1|Aerodactyl, L50, F|\n|poke|p1|Garchomp, L50, M|\n|poke|p1|Mudsdale, L50, M|\n|poke|p1|Aegislash, L50, F|\n|poke|p1|Altaria, L50, F|\n|poke|p1|Beedrill, L50, F|\n|poke|p2|Feraligatr, L50, M, shiny|\n|poke|p2|Farigiraf, L50, F|\n|poke|p2|Sinistcha, L50|\n|poke|p2|Kingambit, L50, F|\n|poke|p2|Emboar, L50, F|\n|poke|p2|Hatterene, L50, F|\n|teampreview|4\nDewEnjoyer rejected open team sheets.\n|\n|t:|1776639111\n|teamsize|p1|4\n|teamsize|p2|4\n|start\n|switch|p1a: Aerodactyl|Aerodactyl, L50, F|100/100\n|switch|p1b: Garchomp|Garchomp, L50, M|100/100\n|switch|p2a: Feraligatr|Feraligatr, L50, M, shiny|100/100\n|switch|p2b: Farigiraf|Farigiraf, L50, F|100/100\n|turn|1\n|\n|t:|1776639130\n|move|p2b: Farigiraf|Ally Switch|p2b: Farigiraf\n|swap|p2b: Farigiraf|0|[from] move: Ally Switch\n|move|p1a: Aerodactyl|Rock Slide|p2b: Feraligatr|[spread] p2a,p2b\n|-damage|p2a: Farigiraf|78/100\n|-damage|p2b: Feraligatr|78/100\n|move|p1b: Garchomp|Rock Slide|p2b: Feraligatr|[spread] p2a,p2b\n|-damage|p2a: Farigiraf|61/100\n|-damage|p2b: Feraligatr|59/100\n|cant|p2b: Feraligatr|flinch\n|\n|upkeep\n|turn|2\n|\n|t:|1776639143\n|move|p2b: Feraligatr|Protect|p2b: Feraligatr\n|-singleturn|p2b: Feraligatr|Protect\n|move|p1a: Aerodactyl|Rock Slide|p2b: Feraligatr|[spread] p2a\n|-activate|p2b: Feraligatr|move: Protect\n|-damage|p2a: Farigiraf|36/100\n|move|p1b: Garchomp|Rock Slide|p2a: Farigiraf|[spread] p2a\n|-activate|p2b: Feraligatr|move: Protect\n|-damage|p2a: Farigiraf|19/100\n|move|p2a: Farigiraf|Trick Room|p2a: Farigiraf\n|-fieldstart|move: Trick Room|[of] p2a: Farigiraf\n|\n|upkeep\n|turn|3\n|c|\u2606DewEnjoyer|SCREENS WILL NOT HELP YOU HERE\n|\n|t:|1776639179\n|move|p2a: Farigiraf|Ally Switch|p2a: Farigiraf\n|swap|p2a: Farigiraf|1|[from] move: Ally Switch\n|move|p2a: Feraligatr|Ice Punch|p1b: Garchomp\n|-supereffective|p1b: Garchomp|2\n|-damage|p1b: Garchomp|0 fnt\n|faint|p1b: Garchomp\n|move|p1a: Aerodactyl|Rock Slide|p2a: Feraligatr|[spread] p2a,p2b\n|-damage|p2a: Feraligatr|35/100\n|-damage|p2b: Farigiraf|0 fnt\n|faint|p2b: Farigiraf\n|\n|upkeep\n|c|\u2606Sciencetrainer|lets see\n|\n|t:|1776639193\n|switch|p2b: Kingambit|Kingambit, L50, F|100/100\n|switch|p1b: Mudsdale|Mudsdale, L50, M|100/100\n|turn|4\n|\n|t:|1776639244\n|move|p1b: Mudsdale|Rock Slide|p2a: Feraligatr|[spread] p2a,p2b\n|-resisted|p2b: Kingambit|1\n|-damage|p2a: Feraligatr|17/100\n|-damage|p2b: Kingambit|93/100\n|move|p2b: Kingambit|Kowtow Cleave|p1b: Mudsdale\n|-damage|p1b: Mudsdale|50/100\n|move|p2a: Feraligatr|Liquidation|p1b: Mudsdale\n|-supereffective|p1b: Mudsdale|1\n|-damage|p1b: Mudsdale|0 fnt\n|faint|p1b: Mudsdale\n|move|p1a: Aerodactyl|Rock Slide|p2a: Feraligatr|[spread] p2a,p2b\n|-resisted|p2b: Kingambit|1\n|-damage|p2a: Feraligatr|0 fnt\n|-damage|p2b: Kingambit|82/100\n|faint|p2a: Feraligatr\n|\n|upkeep\n|inactive|Battle timer is ON: inactive players will automatically lose when time's up. (requested by Sciencetrainer)\n|\n|t:|1776639265\n|switch|p1b: Aegislash|Aegislash, L50, F|100/100\n|switch|p2a: Emboar|Emboar, L50, F|100/100\n|turn|5\n|inactive|Sciencetrainer has 30 seconds left.\n|inactive|Sciencetrainer has 20 seconds left.\n|\n|t:|1776639303\n|move|p2b: Kingambit|Kowtow Cleave|p1b: Aegislash\n|-supereffective|p1b: Aegislash|1\n|-damage|p1b: Aegislash|1/100\n|move|p2a: Emboar|High Horsepower|p1b: Aegislash\n|-supereffective|p1b: Aegislash|1\n|-damage|p1b: Aegislash|0 fnt\n|faint|p1b: Aegislash\n|move|p1a: Aerodactyl|Rock Slide|p2b: Kingambit|[spread] p2a,p2b\n|-resisted|p2b: Kingambit|1\n|-damage|p2a: Emboar|75/100\n|-damage|p2b: Kingambit|72/100\n|\n|upkeep\n|turn|6\n|c|\u2606Sciencetrainer|well played\n|c|\u2606DewEnjoyer|LET IT RIDEEE\n|inactive|Sciencetrainer has 30 seconds left.\n|inactive|Sciencetrainer has 20 seconds left.\n|inactive|Sciencetrainer has 15 seconds left.\n|\n|t:|1776639346\n|move|p2b: Kingambit|Iron Head|p1a: Aerodactyl\n|-supereffective|p1a: Aerodactyl|1\n|-damage|p1a: Aerodactyl|0 fnt\n|faint|p1a: Aerodactyl\n|\n|win|Sciencetrainer\n|raw|DewEnjoyer's rating: 1000 &rarr; <strong>1000</strong><br />(+0 for losing)\n|raw|Sciencetrainer's rating: 1000 &rarr; <strong>1040</strong><br />(+40 for winning)\n|l|\u2606Sciencetrainer\n|player|p2|\n",
  "uploadtime": 1776639352,
  "views": 15,
  "formatid": "gen9championsvgc2026regma",
  "rating": 1000,
  "private": 0,
  "password": null
}