{
  "id": "gen9championsvgc2026regma-2582951720",
  "format": "[Gen 9 Champions] VGC 2026 Reg M-A",
  "players": [
    "raparent2",
    "FunkyJigg"
  ],
  "log": "|j|\u2606raparent2\n|j|\u2606FunkyJigg\n|t:|1776127876\n|gametype|doubles\n|player|p1|raparent2|266|1168\n|player|p2|FunkyJigg|101|1122\n|gen|9\n|tier|[Gen 9 Champions] VGC 2026 Reg M-A\n|rated|\n|rule|Species Clause: Limit one of each Pok\u00e9mon\n|rule|Item Clause: Limit 1 of each item\n|clearpoke\n|poke|p1|Clefable, L50, F|\n|poke|p1|Oranguru, L50, F|\n|poke|p1|Hatterene, L50, F|\n|poke|p1|Torkoal, L50, M|\n|poke|p1|Gengar, L50, M|\n|poke|p1|Crabominable, L50, F|\n|poke|p2|Kangaskhan, L50, F|\n|poke|p2|Sylveon, L50, M|\n|poke|p2|Garchomp, L50, F|\n|poke|p2|Tyranitar, L50, F|\n|poke|p2|Rotom-Wash, L50|\n|poke|p2|Incineroar, L50, F|\n|teampreview|4\n|inactive|Battle timer is ON: inactive players will automatically lose when time's up. (requested by raparent2)\n|inactive|FunkyJigg has 60 seconds left.\n|c|\u2606raparent2|glhf\n|\n|t:|1776127929\n|teamsize|p1|4\n|teamsize|p2|4\n|start\n|switch|p1a: Clefable|Clefable, L50, F|100/100\n|switch|p1b: Oranguru|Oranguru, L50, F|100/100\n|switch|p2a: Tyranitar|Tyranitar, L50, F|100/100\n|switch|p2b: Garchomp|Garchomp, L50, F|100/100\n|-weather|Sandstorm|[from] ability: Sand Stream|[of] p2a: Tyranitar\n|turn|1\n|\n|t:|1776127950\n|move|p1a: Clefable|Follow Me|p1a: Clefable\n|-singleturn|p1a: Clefable|move: Follow Me\n|move|p2b: Garchomp|Rock Slide|p1b: Oranguru|[spread] p1a,p1b\n|-crit|p1a: Clefable\n|-damage|p1a: Clefable|72/100\n|-damage|p1b: Oranguru|78/100\n|move|p2a: Tyranitar|Crunch|p1a: Clefable\n|-resisted|p1a: Clefable|1\n|-damage|p1a: Clefable|54/100\n|move|p1b: Oranguru|Trick Room|p1b: Oranguru\n|-fieldstart|move: Trick Room|[of] p1b: Oranguru\n|\n|-weather|Sandstorm|[upkeep]\n|-damage|p1a: Clefable|48/100|[from] Sandstorm\n|-damage|p1b: Oranguru|72/100|[from] Sandstorm\n|upkeep\n|turn|2\n|inactive|raparent2 has 30 seconds left.\n|\n|t:|1776127978\n|move|p1a: Clefable|Follow Me|p1a: Clefable\n|-singleturn|p1a: Clefable|move: Follow Me\n|move|p1b: Oranguru|Psyshock|p2b: Garchomp\n|-damage|p2b: Garchomp|74/100\n|move|p2a: Tyranitar|Rock Slide|p1a: Clefable|[spread] p1b\n|-miss|p2a: Tyranitar|p1a: Clefable\n|-damage|p1b: Oranguru|41/100\n|move|p2b: Garchomp|Rock Slide|p1a: Clefable|[spread] p1a,p1b\n|-damage|p1a: Clefable|31/100\n|-damage|p1b: Oranguru|22/100\n|\n|-weather|Sandstorm|[upkeep]\n|-damage|p1a: Clefable|25/100|[from] Sandstorm\n|-damage|p1b: Oranguru|16/100|[from] Sandstorm\n|upkeep\n|turn|3\n|\n|t:|1776127993\n|move|p1a: Clefable|Moonblast|p2b: Garchomp\n|-supereffective|p2b: Garchomp|1\n|-damage|p2b: Garchomp|4/100\n|move|p1b: Oranguru|Instruct|p1a: Clefable\n|-singleturn|p1a: Clefable|move: Instruct|[of] p1b: Oranguru\n|move|p1a: Clefable|Moonblast|p2b: Garchomp\n|-supereffective|p2b: Garchomp|1\n|-damage|p2b: Garchomp|0 fnt\n|faint|p2b: Garchomp\n|move|p2a: Tyranitar|Rock Slide|p1a: Clefable|[spread] p1a,p1b\n|-damage|p1a: Clefable|0 fnt\n|-damage|p1b: Oranguru|0 fnt\n|faint|p1a: Clefable\n|faint|p1b: Oranguru\n|\n|-weather|Sandstorm|[upkeep]\n|upkeep\n|\n|t:|1776128009\n|switch|p1a: Hatterene|Hatterene, L50, F|100/100\n|switch|p1b: Gengar|Gengar, L50, M|100/100\n|switch|p2b: Kangaskhan|Kangaskhan, L50, F|100/100\n|turn|4\n|\n|t:|1776128032\n|detailschange|p2b: Kangaskhan|Kangaskhan-Mega, L50, F\n|-mega|p2b: Kangaskhan|Kangaskhan|Kangaskhanite\n|detailschange|p1b: Gengar|Gengar-Mega, L50, M\n|-mega|p1b: Gengar|Gengar|Gengarite\n|move|p1a: Hatterene|Dazzling Gleam|p2a: Tyranitar|[spread] p2a,p2b\n|-supereffective|p2a: Tyranitar|1\n|-crit|p2b: Kangaskhan\n|-damage|p2a: Tyranitar|57/100\n|-damage|p2b: Kangaskhan|42/100\n|move|p2a: Tyranitar|Crunch|p1b: Gengar\n|-supereffective|p1b: Gengar|1\n|-damage|p1b: Gengar|0 fnt\n|faint|p1b: Gengar\n|move|p2b: Kangaskhan|Double-Edge|p1a: Hatterene\n|-damage|p1a: Hatterene|34/100\n|-damage|p1a: Hatterene|19/100\n|-hitcount|p1a: Hatterene|2\n|-damage|p2b: Kangaskhan|17/100|[from] Recoil\n|\n|-weather|Sandstorm|[upkeep]\n|-damage|p1a: Hatterene|13/100|[from] Sandstorm\n|-damage|p2b: Kangaskhan|11/100|[from] Sandstorm\n|upkeep\n|turn|5\n|\n|t:|1776128053\n|move|p1a: Hatterene|Dazzling Gleam|p2b: Kangaskhan|[spread] p2a,p2b\n|-supereffective|p2a: Tyranitar|1\n|-damage|p2a: Tyranitar|11/100\n|-damage|p2b: Kangaskhan|0 fnt\n|faint|p2b: Kangaskhan\n|move|p2a: Tyranitar|Crunch|p1a: Hatterene\n|-damage|p1a: Hatterene|0 fnt\n|faint|p1a: Hatterene\n|\n|win|FunkyJigg\n|raw|raparent2's rating: 1168 &rarr; <strong>1140</strong><br />(-28 for losing)\n|raw|FunkyJigg's rating: 1122 &rarr; <strong>1150</strong><br />(+28 for winning)\n|l|\u2606raparent2\n|player|p1|\n|c|\u2606FunkyJigg|gg\n",
  "uploadtime": 1776128065,
  "views": 20,
  "formatid": "gen9championsvgc2026regma",
  "rating": 1140,
  "private": 0,
  "password": null
}