{
  "id": "gen9championsvgc2026regma-2584121022",
  "format": "[Gen 9 Champions] VGC 2026 Reg M-A",
  "players": [
    "Javitoxxx",
    "colfox"
  ],
  "log": "|j|\u2606Javitoxxx\n|j|\u203dcolfox\n|t:|1776227443\n|gametype|doubles\n|player|p1|Javitoxxx|266|1000\n|player|p2|colfox|169|1101\n|gen|9\n|tier|[Gen 9 Champions] VGC 2026 Reg M-A\n|rated|\n|rule|Species Clause: Limit one of each Pok\u00e9mon\n|rule|Item Clause: Limit 1 of each item\n|clearpoke\n|poke|p1|Aerodactyl, L50, F|\n|poke|p1|Floette-Eternal, L50, F|\n|poke|p1|Scizor, L50, M|\n|poke|p1|Garchomp, L50, M|\n|poke|p1|Incineroar, L50, M|\n|poke|p1|Milotic, L50, F|\n|poke|p2|Sylveon, L50, F|\n|poke|p2|Garchomp, L50, F|\n|poke|p2|Milotic, L50, F|\n|poke|p2|Ninetales, L50, F|\n|poke|p2|Raichu, L50, F|\n|poke|p2|Scizor, L50, F|\n|teampreview|4\n|inactive|Battle timer is ON: inactive players will automatically lose when time's up. (requested by Javitoxxx)\n|inactive|Javitoxxx has 60 seconds left.\n|\n|t:|1776227496\n|teamsize|p1|4\n|teamsize|p2|4\n|start\n|switch|p1a: Garchomp|Garchomp, L50, M|100/100\n|switch|p1b: Aerodactyl|Aerodactyl, L50, F|100/100\n|switch|p2a: Milotic|Milotic, L50, F|100/100\n|switch|p2b: Raichu|Raichu, L50, F|100/100\n|-ability|p1b: Aerodactyl|Unnerve\n|turn|1\n|inactive|Javitoxxx has 30 seconds left.\n|\n|t:|1776227521\n|move|p1b: Aerodactyl|Protect|p1b: Aerodactyl\n|-singleturn|p1b: Aerodactyl|Protect\n|move|p1a: Garchomp|Protect|p1a: Garchomp\n|-singleturn|p1a: Garchomp|Protect\n|move|p2b: Raichu|Fake Out|p1a: Garchomp\n|-activate|p1a: Garchomp|move: Protect\n|move|p2a: Milotic|Icy Wind|p1b: Aerodactyl|[spread] \n|-activate|p1a: Garchomp|move: Protect\n|-activate|p1b: Aerodactyl|move: Protect\n|\n|upkeep\n|turn|2\n|inactive|Javitoxxx has 30 seconds left.\n|inactive|colfox has 30 seconds left.\n|\n|t:|1776227550\n|move|p1b: Aerodactyl|Tailwind|p1b: Aerodactyl\n|-sidestart|p1: Javitoxxx|move: Tailwind\n|move|p1a: Garchomp|Earthquake|p2a: Milotic|[spread] p2a,p2b\n|-immune|p1b: Aerodactyl\n|-supereffective|p2b: Raichu|1\n|-damage|p2a: Milotic|58/100\n|-damage|p2b: Raichu|0 fnt\n|faint|p2b: Raichu\n|move|p2a: Milotic|Icy Wind|p1a: Garchomp|[spread] p1a,p1b\n|-supereffective|p1a: Garchomp|2\n|-supereffective|p1b: Aerodactyl|1\n|-damage|p1a: Garchomp|40/100\n|-damage|p1b: Aerodactyl|60/100\n|-unboost|p1a: Garchomp|spe|1\n|-unboost|p1b: Aerodactyl|spe|1\n|-enditem|p1a: Garchomp|White Herb\n|-clearnegativeboost|p1a: Garchomp|[silent]\n|\n|upkeep\n|\n|t:|1776227566\n|switch|p2b: Garchomp|Garchomp, L50, F|100/100\n|turn|3\n|inactive|Javitoxxx has 30 seconds left.\n|inactive|Javitoxxx has 20 seconds left.\n|inactive|Javitoxxx has 15 seconds left.\n|inactive|Javitoxxx has 10 seconds left.\n|inactive|Javitoxxx has 5 seconds left.\n|\n|t:|1776227621\n|move|p2b: Garchomp|Protect|p2b: Garchomp\n|-singleturn|p2b: Garchomp|Protect\n|move|p1a: Garchomp|Rock Slide|p2b: Garchomp|[spread] p2a\n|-activate|p2b: Garchomp|move: Protect\n|-damage|p2a: Milotic|37/100\n|move|p1b: Aerodactyl|Rock Slide|p2b: Garchomp|[spread] p2a\n|-activate|p2b: Garchomp|move: Protect\n|-damage|p2a: Milotic|10/100\n|move|p2a: Milotic|Recover|p2a: Milotic\n|-heal|p2a: Milotic|60/100\n|\n|upkeep\n|turn|4\n|inactive|colfox has 30 seconds left.\n|\n|t:|1776227655\n|move|p2a: Milotic|Protect|p2a: Milotic\n|-singleturn|p2a: Milotic|Protect\n|move|p1a: Garchomp|Dragon Claw|p2b: Garchomp\n|-supereffective|p2b: Garchomp|1\n|-damage|p2b: Garchomp|12/100\n|-damage|p1a: Garchomp|28/100|[from] ability: Rough Skin|[of] p2b: Garchomp\n|move|p1b: Aerodactyl|Dual Wingbeat|p2b: Garchomp\n|-damage|p2b: Garchomp|0 fnt\n|-damage|p1b: Aerodactyl|48/100|[from] ability: Rough Skin|[of] p2b: Garchomp\n|faint|p2b: Garchomp\n|-hitcount|p2: Garchomp|1\n|\n|upkeep\n|\n|t:|1776227670\n|switch|p2b: Ninetales|Ninetales, L50, F|100/100\n|-weather|SunnyDay|[from] ability: Drought|[of] p2b: Ninetales\n|turn|5\n|\n|t:|1776227679\n|move|p2b: Ninetales|Protect|p2b: Ninetales\n|-singleturn|p2b: Ninetales|Protect\n|move|p1a: Garchomp|Earthquake|p2b: Ninetales|[spread] p2a\n|-activate|p2b: Ninetales|move: Protect\n|-immune|p1b: Aerodactyl\n|-damage|p2a: Milotic|19/100\n|move|p1b: Aerodactyl|Rock Slide|p2b: Ninetales|[spread] p2a\n|-activate|p2b: Ninetales|move: Protect\n|-damage|p2a: Milotic|0 fnt\n|faint|p2a: Milotic\n|\n|-weather|SunnyDay|[upkeep]\n|-sideend|p1: Javitoxxx|move: Tailwind\n|upkeep\n|turn|6\n|-message|colfox forfeited.\n|\n|win|Javitoxxx\n|raw|Javitoxxx's rating: 1000 &rarr; <strong>1051</strong><br />(+51 for winning)\n|raw|colfox's rating: 1101 &rarr; <strong>1069</strong><br />(-32 for losing)\n|l|\u2606Javitoxxx\n|player|p1|\n",
  "uploadtime": 1776227701,
  "views": 44,
  "formatid": "gen9championsvgc2026regma",
  "rating": 1051,
  "private": 0,
  "password": null
}