{
  "id": "gen9championsvgc2026regma-2581971287",
  "format": "[Gen 9 Champions] VGC 2026 Reg M-A",
  "players": [
    "joetruo",
    "bloo-pix"
  ],
  "log": "|j|\u2606joetruo\n|j|\u2606bloo-pix\n|t:|1776044431\n|gametype|doubles\n|player|p1|joetruo|101|1202\n|player|p2|bloo-pix|candice|1274\n|gen|9\n|tier|[Gen 9 Champions] VGC 2026 Reg M-A\n|rated|\n|rule|Species Clause: Limit one of each Pok\u00e9mon\n|rule|Item Clause: Limit 1 of each item\n|clearpoke\n|poke|p1|Charizard, L50, M|\n|poke|p1|Incineroar, L50, M|\n|poke|p1|Venusaur, L50, F|\n|poke|p1|Kingambit, L50, F|\n|poke|p1|Tyranitar, L50, M|\n|poke|p1|Aerodactyl, L50, M|\n|poke|p2|Froslass, L50, F|\n|poke|p2|Rotom-Frost, L50|\n|poke|p2|Garchomp, L50, M|\n|poke|p2|Incineroar, L50, F|\n|poke|p2|Sneasler, L50, F|\n|poke|p2|Kingambit, L50, F|\n|teampreview|4\nbloo-pix has agreed to open team sheets.\n|\n|t:|1776044474\n|teamsize|p1|4\n|teamsize|p2|4\n|start\n|switch|p1a: Tyranitar|Tyranitar, L50, M|100/100\n|switch|p1b: Aerodactyl|Aerodactyl, L50, M|100/100\n|switch|p2a: Rotom|Rotom-Frost, L50|100/100\n|switch|p2b: Sneasler|Sneasler, L50, F|100/100\n|-ability|p1b: Aerodactyl|Unnerve\n|-weather|Sandstorm|[from] ability: Sand Stream|[of] p1a: Tyranitar\n|turn|1\n|\n|t:|1776044504\n|move|p2b: Sneasler|Fake Out|p1a: Tyranitar\n|-resisted|p1a: Tyranitar|1\n|-damage|p1a: Tyranitar|95/100\n|move|p2a: Rotom|Electroweb|p1b: Aerodactyl|[spread] p1a,p1b\n|-supereffective|p1b: Aerodactyl|1\n|-damage|p1a: Tyranitar|84/100\n|-damage|p1b: Aerodactyl|70/100\n|-unboost|p1a: Tyranitar|spe|1\n|-unboost|p1b: Aerodactyl|spe|1\n|move|p1b: Aerodactyl|Tailwind|p1b: Aerodactyl\n|-sidestart|p1: joetruo|move: Tailwind\n|cant|p1a: Tyranitar|flinch\n|\n|-weather|Sandstorm|[upkeep]\n|-damage|p2a: Rotom|95/100|[from] Sandstorm\n|-damage|p2b: Sneasler|95/100|[from] Sandstorm\n|upkeep\n|turn|2\n|\n|t:|1776044538\n|move|p2b: Sneasler|Protect|p2b: Sneasler\n|-singleturn|p2b: Sneasler|Protect\n|move|p2a: Rotom|Electroweb|p1a: Tyranitar|[spread] p1a,p1b\n|-supereffective|p1b: Aerodactyl|1\n|-damage|p1a: Tyranitar|74/100\n|-damage|p1b: Aerodactyl|39/100\n|-unboost|p1a: Tyranitar|spe|1\n|-unboost|p1b: Aerodactyl|spe|1\n|move|p1b: Aerodactyl|Dual Wingbeat|p2b: Sneasler\n|-activate|p2b: Sneasler|move: Protect\n|move|p1a: Tyranitar|Rock Slide|p2b: Sneasler|[spread] p2a\n|-activate|p2b: Sneasler|move: Protect\n|-supereffective|p2a: Rotom|1\n|-damage|p2a: Rotom|13/100\n|\n|-weather|Sandstorm|[upkeep]\n|-damage|p2a: Rotom|8/100|[from] Sandstorm\n|-damage|p2b: Sneasler|89/100|[from] Sandstorm\n|upkeep\n|turn|3\n|inactive|Battle timer is ON: inactive players will automatically lose when time's up. (requested by joetruo)\n|\n|t:|1776044563\n|switch|p2b: Garchomp|Garchomp, L50, M|100/100\n|move|p1b: Aerodactyl|Protect|p1b: Aerodactyl\n|-singleturn|p1b: Aerodactyl|Protect\n|move|p2a: Rotom|Electroweb|p1a: Tyranitar|[spread] p1a\n|-activate|p1b: Aerodactyl|move: Protect\n|-damage|p1a: Tyranitar|62/100\n|-unboost|p1a: Tyranitar|spe|1\n|move|p1a: Tyranitar|Rock Slide|p2b: Garchomp|[spread] p2a,p2b\n|-supereffective|p2a: Rotom|1\n|-resisted|p2b: Garchomp|1\n|-damage|p2a: Rotom|0 fnt\n|-damage|p2b: Garchomp|86/100\n|faint|p2a: Rotom\n|\n|-weather|Sandstorm|[upkeep]\n|-heal|p2b: Garchomp|92/100|[from] item: Leftovers\n|upkeep\n|inactive|bloo-pix has 30 seconds left.\n|inactive|bloo-pix has 20 seconds left.\n|\n|t:|1776044598\n|switch|p2a: Sneasler|Sneasler, L50, F|89/100\n|turn|4\n|\n|t:|1776044622\n|switch|p1b: Incineroar|Incineroar, L50, M|100/100\n|-ability|p1b: Incineroar|Intimidate|boost\n|-unboost|p2a: Sneasler|atk|1\n|-unboost|p2b: Garchomp|atk|1\n|-enditem|p2a: Sneasler|White Herb\n|-clearnegativeboost|p2a: Sneasler|[silent]\n|move|p2b: Garchomp|Protect|p2b: Garchomp\n|-singleturn|p2b: Garchomp|Protect\n|move|p2a: Sneasler|Fake Out|p1b: Incineroar\n|-damage|p1b: Incineroar|86/100\n|move|p1a: Tyranitar|Ice Punch|p2b: Garchomp\n|-activate|p2b: Garchomp|move: Protect\n|\n|-weather|Sandstorm|[upkeep]\n|-damage|p2a: Sneasler|83/100|[from] Sandstorm\n|-damage|p1b: Incineroar|80/100|[from] Sandstorm\n|-heal|p2b: Garchomp|98/100|[from] item: Leftovers\n|-sideend|p1: joetruo|move: Tailwind\n|upkeep\n|turn|5\n|\n|t:|1776044646\n|switch|p2b: Froslass|Froslass, L50, F|100/100\n|move|p2a: Sneasler|Protect|p2a: Sneasler\n|-singleturn|p2a: Sneasler|Protect\n|move|p1b: Incineroar|Fake Out|p2a: Sneasler\n|-activate|p2a: Sneasler|move: Protect\n|move|p1a: Tyranitar|Ice Punch|p2b: Froslass\n|-resisted|p2b: Froslass|1\n|-damage|p2b: Froslass|79/100\n|\n|-weather|none\n|upkeep\n|turn|6\n|inactive|joetruo has 30 seconds left.\n|\n|t:|1776044677\n|switch|p1a: Aerodactyl|Aerodactyl, L50, M|39/100\n|-ability|p1a: Aerodactyl|Unnerve\n|detailschange|p2b: Froslass|Froslass-Mega, L50, F\n|-mega|p2b: Froslass|Froslass|Froslassite\n|-weather|Snowscape|[from] ability: Snow Warning|[of] p2b: Froslass\n|move|p2a: Sneasler|Close Combat|p1b: Incineroar\n|-supereffective|p1b: Incineroar|1\n|-damage|p1b: Incineroar|0 fnt\n|-unboost|p2a: Sneasler|def|1\n|-unboost|p2a: Sneasler|spd|1\n|faint|p1b: Incineroar\n|move|p2b: Froslass|Aurora Veil|p2b: Froslass\n|-sidestart|p2: bloo-pix|move: Aurora Veil\n|\n|-weather|Snowscape|[upkeep]\n|upkeep\n|\n|t:|1776044688\n|switch|p1b: Tyranitar|Tyranitar, L50, M|62/100\n|-weather|Sandstorm|[from] ability: Sand Stream|[of] p1b: Tyranitar\n|turn|7\n|\n|t:|1776044710\n|switch|p2b: Garchomp|Garchomp, L50, M|98/100\n|move|p2a: Sneasler|Close Combat|p1b: Tyranitar\n|-supereffective|p1b: Tyranitar|2\n|-enditem|p1b: Tyranitar|Chople Berry|[eat]\n|-enditem|p1b: Tyranitar|Chople Berry|[weaken]\n|-damage|p1b: Tyranitar|0 fnt\n|-unboost|p2a: Sneasler|def|1\n|-unboost|p2a: Sneasler|spd|1\n|faint|p1b: Tyranitar\n|move|p1a: Aerodactyl|Dual Wingbeat|p2a: Sneasler\n|-supereffective|p2a: Sneasler|1\n|-damage|p2a: Sneasler|0 fnt\n|faint|p2a: Sneasler\n|-hitcount|p2: Sneasler|1\n|\n|-weather|Sandstorm|[upkeep]\n|-heal|p2b: Garchomp|100/100|[from] item: Leftovers\n|upkeep\n|\n|t:|1776044720\n|switch|p2a: Froslass|Froslass-Mega, L50, F|79/100\n|switch|p1b: Charizard|Charizard, L50, M, shiny|100/100\n|-weather|Snowscape|[from] ability: Snow Warning|[of] p2a: Froslass\n|turn|8\n|inactive|bloo-pix has 30 seconds left.\n|\n|t:|1776044752\n|detailschange|p1b: Charizard|Charizard-Mega-Y, L50, M, shiny\n|-mega|p1b: Charizard|Charizard|Charizardite Y\n|-weather|SunnyDay|[from] ability: Drought|[of] p1b: Charizard\n|move|p1b: Charizard|Protect|p1b: Charizard\n|-singleturn|p1b: Charizard|Protect\n|move|p1a: Aerodactyl|Protect|p1a: Aerodactyl\n|-singleturn|p1a: Aerodactyl|Protect\n|move|p2a: Froslass|Shadow Ball|p1b: Charizard\n|-activate|p1b: Charizard|move: Protect\n|move|p2b: Garchomp|Rock Slide|p1b: Charizard|[spread] \n|-activate|p1a: Aerodactyl|move: Protect\n|-activate|p1b: Charizard|move: Protect\n|\n|-weather|SunnyDay|[upkeep]\n|upkeep\n|turn|9\n|inactive|joetruo has 30 seconds left.\n|\n|t:|1776044778\n|move|p2a: Froslass|Shadow Ball|p1b: Charizard\n|-crit|p1b: Charizard\n|-damage|p1b: Charizard|36/100\n|move|p2b: Garchomp|Rock Slide|p1b: Charizard|[spread] p1a,p1b\n|-supereffective|p1a: Aerodactyl|1\n|-supereffective|p1b: Charizard|2\n|-damage|p1a: Aerodactyl|0 fnt\n|-damage|p1b: Charizard|0 fnt\n|faint|p1a: Aerodactyl\n|faint|p1b: Charizard\n|\n|win|bloo-pix\n|raw|joetruo's rating: 1202 &rarr; <strong>1182</strong><br />(-20 for losing)\n|raw|bloo-pix's rating: 1274 &rarr; <strong>1294</strong><br />(+20 for winning)\n|l|\u2606joetruo\n|player|p1|\n",
  "uploadtime": 1776044786,
  "views": 14,
  "formatid": "gen9championsvgc2026regma",
  "rating": 1182,
  "private": 0,
  "password": null
}