{
  "id": "gen9championsvgc2026regma-2586921270",
  "format": "[Gen 9 Champions] VGC 2026 Reg M-A",
  "players": [
    "Hakke112",
    "Guinato"
  ],
  "log": "|j|\u2606Hakke112\n|j|\u2606Guinato\n|t:|1776471996\n|gametype|doubles\n|player|p1|Hakke112|1|1056\n|player|p2|Guinato|riley|1051\n|gen|9\n|tier|[Gen 9 Champions] VGC 2026 Reg M-A\n|rated|\n|rule|Species Clause: Limit one of each Pok\u00e9mon\n|rule|Item Clause: Limit 1 of each item\n|clearpoke\n|poke|p1|Chandelure, L50, F|\n|poke|p1|Sinistcha, L50|\n|poke|p1|Incineroar, L50, M|\n|poke|p1|Skarmory, L50, F|\n|poke|p1|Farigiraf, L50, F|\n|poke|p1|Vanilluxe, L50, M|\n|poke|p2|Sinistcha-Masterpiece, L50|\n|poke|p2|Incineroar, L50, M|\n|poke|p2|Basculegion, L50, M|\n|poke|p2|Crabominable, L50, F|\n|poke|p2|Archaludon, L50, F|\n|poke|p2|Pelipper, L50, M|\n|teampreview|4\n|inactive|Battle timer is ON: inactive players will automatically lose when time's up. (requested by Hakke112)\n|inactive|Guinato has 60 seconds left.\n|\n|t:|1776472030\n|teamsize|p1|4\n|teamsize|p2|4\n|start\n|switch|p1a: Vanilluxe|Vanilluxe, L50, M|100/100\n|switch|p1b: Chandelure|Chandelure, L50, F|100/100\n|switch|p2a: Pelipper|Pelipper, L50, M|100/100\n|switch|p2b: Basculegion|Basculegion, L50, M|100/100\n|-weather|RainDance|[from] ability: Drizzle|[of] p2a: Pelipper\n|-weather|Snowscape|[from] ability: Snow Warning|[of] p1a: Vanilluxe\n|turn|1\n|inactive|Guinato has 30 seconds left.\n|inactive|Guinato has 20 seconds left.\n|\n|t:|1776472067\n|move|p2a: Pelipper|Protect|p2a: Pelipper\n|-singleturn|p2a: Pelipper|Protect\n|move|p1b: Chandelure|Protect|p1b: Chandelure\n|-singleturn|p1b: Chandelure|Protect\n|move|p2b: Basculegion|Wave Crash|p1b: Chandelure\n|-activate|p1b: Chandelure|move: Protect\n|move|p1a: Vanilluxe|Aurora Veil|p1a: Vanilluxe\n|-sidestart|p1: Hakke112|move: Aurora Veil\n|\n|-weather|Snowscape|[upkeep]\n|upkeep\n|turn|2\n|inactive|Hakke112 has 30 seconds left.\n|\n|t:|1776472102\n|switch|p2a: Crabominable|Crabominable, L50, F|100/100\n|switch|p1b: Sinistcha|Sinistcha, L50|100/100\n|move|p2b: Basculegion|Wave Crash|p1b: Sinistcha\n|-resisted|p1b: Sinistcha|1\n|-damage|p1b: Sinistcha|73/100\n|-damage|p2b: Basculegion|94/100|[from] Recoil\n|move|p1a: Vanilluxe|Blizzard|p2a: Crabominable|[spread] p2a,p2b\n|-resisted|p2a: Crabominable|1\n|-resisted|p2b: Basculegion|1\n|-damage|p2a: Crabominable|78/100\n|-damage|p2b: Basculegion|66/100\n|\n|-weather|Snowscape|[upkeep]\n|upkeep\n|turn|3\n|\n|t:|1776472126\n|switch|p2b: Pelipper|Pelipper, L50, M|100/100\n|-weather|RainDance|[from] ability: Drizzle|[of] p2b: Pelipper\n|detailschange|p2a: Crabominable|Crabominable-Mega, L50, F\n|-mega|p2a: Crabominable|Crabominable|Crabominite\n|move|p1a: Vanilluxe|Flash Cannon|p2a: Crabominable\n|-supereffective|p2a: Crabominable|1\n|-damage|p2a: Crabominable|40/100\n|move|p1b: Sinistcha|Matcha Gotcha|p2b: Pelipper|[spread] p2a\n|-miss|p1b: Sinistcha|p2b: Pelipper\n|-damage|p2a: Crabominable|22/100\n|-heal|p1b: Sinistcha|85/100|[from] drain|[of] p2a: Crabominable\n|move|p2a: Crabominable|Ice Hammer|p1b: Sinistcha\n|-supereffective|p1b: Sinistcha|1\n|-damage|p1b: Sinistcha|0 fnt\n|-unboost|p2a: Crabominable|spe|1\n|faint|p1b: Sinistcha\n|\n|-weather|RainDance|[upkeep]\n|upkeep\n|inactive|Hakke112 has 30 seconds left.\n|\n|t:|1776472156\n|switch|p1b: Incineroar|Incineroar, L50, M|100/100\n|-ability|p1b: Incineroar|Intimidate|boost\n|-unboost|p2a: Crabominable|atk|1\n|-unboost|p2b: Pelipper|atk|1\n|turn|4\n|\n|t:|1776472169\n|switch|p1a: Chandelure|Chandelure, L50, F|100/100\n|move|p1b: Incineroar|Fake Out|p2b: Pelipper\n|-damage|p2b: Pelipper|82/100\n|move|p2a: Crabominable|Mach Punch|p1a: Chandelure\n|-immune|p1a: Chandelure\n|cant|p2b: Pelipper|flinch\n|\n|-weather|RainDance|[upkeep]\n|upkeep\n|turn|5\n|inactive|Hakke112 has 30 seconds left.\n|\n|t:|1776472198\n|switch|p2b: Sinistcha|Sinistcha-Masterpiece, L50|100/100\n|-heal|p2a: Crabominable|47/100|[from] ability: Hospitality|[of] p2b: Sinistcha\n|switch|p1b: Vanilluxe|Vanilluxe, L50, M|100/100\n|-weather|Snowscape|[from] ability: Snow Warning|[of] p1b: Vanilluxe\n|detailschange|p1a: Chandelure|Chandelure-Mega, L50, F\n|-mega|p1a: Chandelure|Chandelure|Chandelurite\n|move|p1a: Chandelure|Calm Mind|p1a: Chandelure\n|-boost|p1a: Chandelure|spa|1\n|-boost|p1a: Chandelure|spd|1\n|move|p2a: Crabominable|Drain Punch|p1b: Vanilluxe\n|-supereffective|p1b: Vanilluxe|1\n|-damage|p1b: Vanilluxe|66/100\n|-heal|p2a: Crabominable|62/100|[from] drain|[of] p1b: Vanilluxe\n|\n|-weather|Snowscape|[upkeep]\n|-sideend|p1: Hakke112|move: Aurora Veil\n|upkeep\n|turn|6\n|inactive|Hakke112 has 30 seconds left.\n|\n|t:|1776472225\n|switch|p1b: Incineroar|Incineroar, L50, M|100/100\n|-ability|p1b: Incineroar|Intimidate|boost\n|-unboost|p2a: Crabominable|atk|1\n|-unboost|p2b: Sinistcha|atk|1\n|switch|p2a: Pelipper|Pelipper, L50, M|82/100\n|-weather|RainDance|[from] ability: Drizzle|[of] p2a: Pelipper\n|move|p1a: Chandelure|Flamethrower|p2b: Sinistcha\n|-supereffective|p2b: Sinistcha|1\n|-damage|p2b: Sinistcha|29/100\n|move|p2b: Sinistcha|Trick Room|p2b: Sinistcha\n|-fieldstart|move: Trick Room|[of] p2b: Sinistcha\n|\n|-weather|RainDance|[upkeep]\n|-heal|p2b: Sinistcha|35/100|[from] item: Leftovers\n|upkeep\n|turn|7\n|inactive|Hakke112 has 30 seconds left.\n|inactive|Guinato has 30 seconds left.\n|\n|t:|1776472257\n|move|p2b: Sinistcha|Protect|p2b: Sinistcha\n|-singleturn|p2b: Sinistcha|Protect\n|move|p2a: Pelipper|Protect|p2a: Pelipper\n|-singleturn|p2a: Pelipper|Protect\n|move|p1b: Incineroar|Fake Out|p2a: Pelipper\n|-activate|p2a: Pelipper|move: Protect\n|move|p1a: Chandelure|Calm Mind|p1a: Chandelure\n|-boost|p1a: Chandelure|spa|1\n|-boost|p1a: Chandelure|spd|1\n|\n|-weather|RainDance|[upkeep]\n|-heal|p2b: Sinistcha|41/100|[from] item: Leftovers\n|upkeep\n|turn|8\n|\n|t:|1776472276\n|move|p1a: Chandelure|Protect|p1a: Chandelure\n|-singleturn|p1a: Chandelure|Protect\n|move|p2b: Sinistcha|Rage Powder|p2b: Sinistcha\n|-singleturn|p2b: Sinistcha|move: Rage Powder\n|move|p1b: Incineroar|Parting Shot|p2b: Sinistcha\n|-unboost|p2b: Sinistcha|atk|1\n|-unboost|p2b: Sinistcha|spa|1\n|\n|t:|1776472285\n|switch|p1b: Vanilluxe|Vanilluxe, L50, M|66/100|[from] Parting Shot\n|-weather|Snowscape|[from] ability: Snow Warning|[of] p1b: Vanilluxe\n|move|p2a: Pelipper|Weather Ball|p1a: Chandelure\n|-activate|p1a: Chandelure|move: Protect\n|\n|-weather|Snowscape|[upkeep]\n|-heal|p2b: Sinistcha|48/100|[from] item: Leftovers\n|upkeep\n|turn|9\n|\n|t:|1776472297\n|switch|p2a: Crabominable|Crabominable-Mega, L50, F|62/100\n|move|p2b: Sinistcha|Rage Powder|p2b: Sinistcha\n|-singleturn|p2b: Sinistcha|move: Rage Powder\n|move|p1b: Vanilluxe|Blizzard|p2a: Crabominable|[spread] p2a,p2b\n|-resisted|p2a: Crabominable|1\n|-supereffective|p2b: Sinistcha|1\n|-damage|p2a: Crabominable|43/100\n|-damage|p2b: Sinistcha|0 fnt\n|faint|p2b: Sinistcha\n|move|p1a: Chandelure|Flamethrower|p2a: Crabominable\n|-supereffective|p2a: Crabominable|1\n|-damage|p2a: Crabominable|0 fnt\n|faint|p2a: Crabominable\n|\n|-weather|Snowscape|[upkeep]\n|upkeep\n|\n|t:|1776472311\n|switch|p2a: Pelipper|Pelipper, L50, M|82/100\n|switch|p2b: Basculegion|Basculegion, L50, M|66/100\n|-weather|RainDance|[from] ability: Drizzle|[of] p2a: Pelipper\n|turn|10\n|\n|t:|1776472332\n|switch|p1b: Incineroar|Incineroar, L50, M|100/100\n|-ability|p1b: Incineroar|Intimidate|boost\n|-unboost|p2a: Pelipper|atk|1\n|-unboost|p2b: Basculegion|atk|1\n|move|p2b: Basculegion|Aqua Jet|p1a: Chandelure\n|-supereffective|p1a: Chandelure|1\n|-damage|p1a: Chandelure|57/100\n|move|p1a: Chandelure|Shadow Ball|p2b: Basculegion\n|-supereffective|p2b: Basculegion|1\n|-damage|p2b: Basculegion|0 fnt\n|faint|p2b: Basculegion\n|move|p2a: Pelipper|Weather Ball|p1b: Incineroar\n|-supereffective|p1b: Incineroar|1\n|-enditem|p1b: Incineroar|Passho Berry|[eat]\n|-enditem|p1b: Incineroar|Passho Berry|[weaken]\n|-damage|p1b: Incineroar|40/100\n|\n|-weather|RainDance|[upkeep]\n|-fieldend|move: Trick Room\n|upkeep\n|turn|11\n|\n|t:|1776472352\n|move|p1b: Incineroar|Fake Out|p2a: Pelipper\n|-damage|p2a: Pelipper|63/100\n|cant|p2a: Pelipper|flinch\n|move|p1a: Chandelure|Shadow Ball|p2a: Pelipper\n|-damage|p2a: Pelipper|0 fnt\n|faint|p2a: Pelipper\n|\n|win|Hakke112\n|raw|Hakke112's rating: 1056 &rarr; <strong>1087</strong><br />(+31 for winning)\n|raw|Guinato's rating: 1051 &rarr; <strong>1034</strong><br />(-17 for losing)\n|c|\u2606Hakke112|Gg\n|l|\u2606Guinato\n|player|p2|\n",
  "uploadtime": 1776472373,
  "views": 38,
  "formatid": "gen9championsvgc2026regma",
  "rating": 1034,
  "private": 0,
  "password": null
}