{
  "id": "gen9championsvgc2026regma-2583711309",
  "format": "[Gen 9 Champions] VGC 2026 Reg M-A",
  "players": [
    "kanye2032",
    "Pabilisco"
  ],
  "log": "|j|\u2606kanye2032\n|j|\u2606Pabilisco\n|t:|1776192553\n|gametype|doubles\n|player|p1|kanye2032|winona|1020\n|player|p2|Pabilisco|rosa-masters3|1039\n|gen|9\n|tier|[Gen 9 Champions] VGC 2026 Reg M-A\n|rated|\n|rule|Species Clause: Limit one of each Pok\u00e9mon\n|rule|Item Clause: Limit 1 of each item\n|clearpoke\n|poke|p1|Orthworm, L50, F|\n|poke|p1|Froslass, L50, F|\n|poke|p1|Incineroar, L50, M|\n|poke|p1|Basculegion, L50, M|\n|poke|p1|Rotom-Frost, L50|\n|poke|p1|Garchomp, L50, M|\n|poke|p2|Serperior, L50, F|\n|poke|p2|Manectric, L50, M|\n|poke|p2|Pelipper, L50, F|\n|poke|p2|Basculegion, L50, M|\n|poke|p2|Incineroar, L50, M|\n|poke|p2|Vivillon, L50, F|\n|teampreview|4\n|inactive|Battle timer is ON: inactive players will automatically lose when time's up. (requested by kanye2032)\n|inactive|Pabilisco has 60 seconds left.\n|c|\u2606Pabilisco|Wolfe team Is so good...\n|\n|t:|1776192606\n|teamsize|p1|4\n|teamsize|p2|4\n|start\n|switch|p1a: Garchomp|Garchomp, L50, M|100/100\n|switch|p1b: Orthworm|Orthworm, L50, F|100/100\n|switch|p2a: Manectric|Manectric, L50, M|100/100\n|switch|p2b: Incineroar|Incineroar, L50, M|100/100\n|-ability|p2b: Incineroar|Intimidate|boost\n|-unboost|p1a: Garchomp|atk|1\n|-unboost|p1b: Orthworm|atk|1\n|turn|1\n|c|\u2606kanye2032|its ok im ahh\n|\n|t:|1776192620\n|detailschange|p2a: Manectric|Manectric-Mega, L50, M\n|-mega|p2a: Manectric|Manectric|Manectite\n|-ability|p2a: Manectric|Intimidate|boost\n|-unboost|p1a: Garchomp|atk|1\n|-unboost|p1b: Orthworm|atk|1\n|move|p2a: Manectric|Volt Switch|p1b: Orthworm\n|-damage|p1b: Orthworm|63/100\n|\n|t:|1776192629\n|switch|p2a: Pelipper|Pelipper, L50, F|100/100|[from] Volt Switch\n|-weather|RainDance|[from] ability: Drizzle|[of] p2a: Pelipper\n|move|p1a: Garchomp|Rock Slide|p2a: Pelipper|[spread] p2a\n|-miss|p1a: Garchomp|p2b: Incineroar\n|-supereffective|p2a: Pelipper|1\n|-damage|p2a: Pelipper|79/100\n|move|p2b: Incineroar|Parting Shot|p1a: Garchomp\n|-unboost|p1a: Garchomp|atk|1\n|-unboost|p1a: Garchomp|spa|1\n|\n|t:|1776192641\n|switch|p2b: Manectric|Manectric-Mega, L50, M|100/100|[from] Parting Shot\n|-ability|p2b: Manectric|Intimidate|boost\n|-unboost|p1a: Garchomp|atk|1\n|-unboost|p1b: Orthworm|atk|1\n|move|p1b: Orthworm|Shed Tail|p1b: Orthworm\n|-start|p1b: Orthworm|Substitute|[from] move: Shed Tail\n|-damage|p1b: Orthworm|12/100\n|-enditem|p1b: Orthworm|Sitrus Berry|[eat]\n|-heal|p1b: Orthworm|37/100|[from] item: Sitrus Berry\n|\n|t:|1776192647\n|switch|p1b: Froslass|Froslass, L50, F|100/100|[from] Shed Tail\n|\n|-weather|RainDance|[upkeep]\n|upkeep\n|turn|2\n|\n|t:|1776192659\n|switch|p1a: Orthworm|Orthworm, L50, F|37/100\n|switch|p2a: Incineroar|Incineroar, L50, M|100/100\n|-ability|p2a: Incineroar|Intimidate|boost\n|-unboost|p1a: Orthworm|atk|1\n|-immune|p1b: Froslass\n|detailschange|p1b: Froslass|Froslass-Mega, L50, F\n|-mega|p1b: Froslass|Froslass|Froslassite\n|-weather|Snowscape|[from] ability: Snow Warning|[of] p1b: Froslass\n|move|p2b: Manectric|Volt Switch|p1b: Froslass\n|-end|p1b: Froslass|Substitute\n|\n|t:|1776192672\n|switch|p2b: Pelipper|Pelipper, L50, F|79/100|[from] Volt Switch\n|-weather|RainDance|[from] ability: Drizzle|[of] p2b: Pelipper\n|move|p1b: Froslass|Nasty Plot|p1b: Froslass\n|-boost|p1b: Froslass|spa|2\n|\n|-weather|RainDance|[upkeep]\n|upkeep\n|turn|3\n|\n|t:|1776192684\n|switch|p1a: Garchomp|Garchomp, L50, M|100/100\n|move|p1b: Froslass|Protect|p1b: Froslass\n|-singleturn|p1b: Froslass|Protect\n|move|p2b: Pelipper|Wide Guard|p2b: Pelipper\n|-singleturn|p2b: Pelipper|Wide Guard\n|move|p2a: Incineroar|Throat Chop|p1b: Froslass\n|-activate|p1b: Froslass|move: Protect\n|\n|-weather|RainDance|[upkeep]\n|upkeep\n|turn|4\n|\n|t:|1776192703\n|switch|p1b: Orthworm|Orthworm, L50, F|37/100\n|move|p1a: Garchomp|Earthquake|p2b: Pelipper|[spread] p2a\n|-heal|p1b: Orthworm|62/100|[from] ability: Earth Eater|[of] p1a: Garchomp\n|-immune|p2b: Pelipper\n|-supereffective|p2a: Incineroar|1\n|-damage|p2a: Incineroar|41/100\n|-enditem|p2a: Incineroar|Sitrus Berry|[eat]\n|-heal|p2a: Incineroar|66/100|[from] item: Sitrus Berry\n|move|p2b: Pelipper|Tailwind|p2b: Pelipper\n|-sidestart|p2: Pabilisco|move: Tailwind\n|move|p2a: Incineroar|Throat Chop|p1b: Orthworm\n|-damage|p1b: Orthworm|38/100\n|-start|p1b: Orthworm|Throat Chop|[silent]\n|\n|-weather|RainDance|[upkeep]\n|upkeep\n|turn|5\n|\n|t:|1776192728\n|move|p2b: Pelipper|Muddy Water|p1b: Orthworm|[spread] p1a,p1b\n|-damage|p1a: Garchomp|68/100\n|-damage|p1b: Orthworm|3/100\n|-unboost|p1b: Orthworm|accuracy|1\n|move|p2a: Incineroar|Parting Shot|p1b: Orthworm\n|-unboost|p1b: Orthworm|atk|1\n|-unboost|p1b: Orthworm|spa|1\n|\n|t:|1776192735\n|switch|p2a: Serperior|Serperior, L50, F|100/100|[from] Parting Shot\n|move|p1a: Garchomp|Earthquake|p2a: Serperior|[spread] p2a\n|-heal|p1b: Orthworm|28/100|[from] ability: Earth Eater|[of] p1a: Garchomp\n|-immune|p2b: Pelipper\n|-resisted|p2a: Serperior|1\n|-damage|p2a: Serperior|82/100\n|move|p1b: Orthworm|Iron Defense|p1b: Orthworm\n|-boost|p1b: Orthworm|def|2\n|\n|-weather|RainDance|[upkeep]\n|-heal|p2a: Serperior|88/100|[from] item: Leftovers\n|-end|p1b: Orthworm|Throat Chop|[silent]\n|upkeep\n|turn|6\n|\n|t:|1776192755\n|switch|p1b: Basculegion|Basculegion, L50, M|100/100\n|move|p2a: Serperior|Leaf Storm|p1a: Garchomp\n|-damage|p1a: Garchomp|30/100\n|-boost|p2a: Serperior|spa|2\n|move|p2b: Pelipper|Hurricane|p1b: Basculegion\n|-damage|p1b: Basculegion|66/100\n|-start|p1b: Basculegion|confusion\n|move|p1a: Garchomp|Rock Slide|p2a: Serperior|[spread] p2a,p2b\n|-crit|p2a: Serperior\n|-supereffective|p2b: Pelipper|1\n|-damage|p2a: Serperior|56/100\n|-damage|p2b: Pelipper|36/100\n|\n|-weather|none\n|-heal|p2a: Serperior|62/100|[from] item: Leftovers\n|upkeep\n|turn|7\n|inactive|kanye2032 has 30 seconds left.\n|\n|t:|1776192789\n|move|p2b: Pelipper|Wide Guard|p2b: Pelipper\n|-singleturn|p2b: Pelipper|Wide Guard\n|move|p2a: Serperior|Leaf Storm|p1b: Basculegion\n|-supereffective|p1b: Basculegion|1\n|-damage|p1b: Basculegion|0 fnt\n|-boost|p2a: Serperior|spa|2\n|faint|p1b: Basculegion\n|move|p1a: Garchomp|Rock Slide|p2a: Serperior|[spread] \n|-activate|p2a: Serperior|move: Wide Guard\n|-activate|p2b: Pelipper|move: Wide Guard\n|\n|-heal|p2a: Serperior|68/100|[from] item: Leftovers\n|-sideend|p2: Pabilisco|move: Tailwind\n|upkeep\n|\n|t:|1776192795\n|switch|p1b: Orthworm|Orthworm, L50, F|28/100\n|turn|8\n|\n|t:|1776192809\n|switch|p2b: Manectric|Manectric-Mega, L50, M|100/100\n|-ability|p2b: Manectric|Intimidate|boost\n|-unboost|p1a: Garchomp|atk|1\n|-unboost|p1b: Orthworm|atk|1\n|move|p2a: Serperior|Dragon Pulse|p1a: Garchomp\n|-supereffective|p1a: Garchomp|1\n|-damage|p1a: Garchomp|0 fnt\n|faint|p1a: Garchomp\n|move|p1b: Orthworm|Body Press|p2a: Serperior\n|-damage|p2a: Serperior|42/100\n|\n|-heal|p2a: Serperior|48/100|[from] item: Leftovers\n|upkeep\n|\n|t:|1776192815\n|switch|p1a: Froslass|Froslass-Mega, L50, F|100/100\n|-weather|Snowscape|[from] ability: Snow Warning|[of] p1a: Froslass\n|turn|9\n|\n|t:|1776192823\n|move|p2a: Serperior|Protect|p2a: Serperior\n|-singleturn|p2a: Serperior|Protect\n|move|p2b: Manectric|Volt Switch|p1b: Orthworm\n|-damage|p1b: Orthworm|0 fnt\n|faint|p1b: Orthworm\n|\n|t:|1776192830\n|switch|p2b: Pelipper|Pelipper, L50, F|36/100|[from] Volt Switch\n|-weather|RainDance|[from] ability: Drizzle|[of] p2b: Pelipper\n|move|p1a: Froslass|Blizzard|p2a: Serperior|[spread] p2b\n|-activate|p2a: Serperior|move: Protect\n|-damage|p2b: Pelipper|0 fnt\n|faint|p2b: Pelipper\n|\n|-weather|RainDance|[upkeep]\n|-heal|p2a: Serperior|54/100|[from] item: Leftovers\n|upkeep\n|-message|kanye2032 forfeited.\n|\n|win|Pabilisco\n|raw|kanye2032's rating: 1020 &rarr; <strong>1008</strong><br />(-12 for losing)\n|raw|Pabilisco's rating: 1039 &rarr; <strong>1071</strong><br />(+32 for winning)\n|l|\u2606kanye2032\n|player|p1|\n",
  "uploadtime": 1776192853,
  "views": 16,
  "formatid": "gen9championsvgc2026regma",
  "rating": 1008,
  "private": 0,
  "password": null
}