{
  "id": "gen9championsvgc2026regma-2580316500",
  "format": "[Gen 9 Champions] VGC 2026 Reg M-A",
  "players": [
    "mathismathin",
    "AKJTds"
  ],
  "log": "|j|\u2606mathismathin\n|j|\u2606AKJTds\n|t:|1775879609\n|gametype|doubles\n|player|p1|mathismathin|bugsy-masters|1078\n|player|p2|AKJTds|170|1000\n|gen|9\n|tier|[Gen 9 Champions] VGC 2026 Reg M-A\n|rated|\n|rule|Species Clause: Limit one of each Pok\u00e9mon\n|rule|Item Clause: Limit 1 of each item\n|clearpoke\n|poke|p1|Gengar, L50, F|\n|poke|p1|Politoed, L50, M|\n|poke|p1|Arcanine-Hisui, L50, F|\n|poke|p1|Incineroar, L50, F|\n|poke|p1|Archaludon, L50, F|\n|poke|p1|Basculegion, L50, M|\n|poke|p2|Incineroar, L50, M|\n|poke|p2|Rotom-Wash, L50|\n|poke|p2|Crabominable, L50, F|\n|poke|p2|Goodra-Hisui, L50, M|\n|poke|p2|Sinistcha, L50|\n|poke|p2|Ninetales-Alola, L50, M|\n|teampreview|4\nAKJTds rejected open team sheets.\n|inactive|Battle timer is ON: inactive players will automatically lose when time's up. (requested by mathismathin)\n|inactive|AKJTds has 60 seconds left.\n|inactive|AKJTds has 30 seconds left.\n|inactive|AKJTds has 20 seconds left.\n|\n|t:|1775879713\n|teamsize|p1|4\n|teamsize|p2|4\n|start\n|switch|p1a: Gengar|Gengar, L50, F|100/100\n|switch|p1b: Arcanine|Arcanine-Hisui, L50, F|100/100\n|switch|p2a: Ninetales|Ninetales-Alola, L50, M|100/100\n|switch|p2b: Incineroar|Incineroar, L50, M|100/100\n|-weather|Snowscape|[from] ability: Snow Warning|[of] p2a: Ninetales\n|-ability|p1b: Arcanine|Intimidate|boost\n|-unboost|p2a: Ninetales|atk|1\n|-unboost|p2b: Incineroar|atk|1\n|-ability|p2b: Incineroar|Intimidate|boost\n|-unboost|p1a: Gengar|atk|1\n|-unboost|p1b: Arcanine|atk|1\n|turn|1\n|inactive|AKJTds has 30 seconds left.\n|inactive|AKJTds has 20 seconds left.\n|inactive|AKJTds has 15 seconds left.\n|inactive|AKJTds has 10 seconds left.\n|inactive|AKJTds has 5 seconds left.\n|\n|t:|1775879764\n|detailschange|p1a: Gengar|Gengar-Mega, L50, F\n|-mega|p1a: Gengar|Gengar|Gengarite\n|move|p2a: Ninetales|Protect|p2a: Ninetales\n|-singleturn|p2a: Ninetales|Protect\n|move|p1b: Arcanine|Rock Slide|p2b: Incineroar|[spread] p2b\n|-activate|p2a: Ninetales|move: Protect\n|-supereffective|p2b: Incineroar|1\n|-damage|p2b: Incineroar|67/100\n|move|p1a: Gengar|Sludge Bomb|p2a: Ninetales\n|-activate|p2a: Ninetales|move: Protect\n|move|p2b: Incineroar|Snarl|p1b: Arcanine|[spread] p1a,p1b\n|-supereffective|p1a: Gengar|1\n|-damage|p1a: Gengar|73/100\n|-damage|p1b: Arcanine|86/100\n|-unboost|p1a: Gengar|spa|1\n|-unboost|p1b: Arcanine|spa|1\n|\n|-weather|Snowscape|[upkeep]\n|upkeep\n|turn|2\n|inactive|AKJTds has 30 seconds left.\n|inactive|AKJTds has 20 seconds left.\n|inactive|AKJTds has 15 seconds left.\n|inactive|AKJTds has 10 seconds left.\n|inactive|AKJTds has 5 seconds left.\n|\n|t:|1775879815\n|move|p2a: Ninetales|Aurora Veil|p2a: Ninetales\n|-sidestart|p2: AKJTds|move: Aurora Veil\n|move|p1b: Arcanine|Rock Slide|p2a: Ninetales|[spread] p2a,p2b\n|-supereffective|p2a: Ninetales|1\n|-supereffective|p2b: Incineroar|1\n|-damage|p2a: Ninetales|78/100\n|-damage|p2b: Incineroar|45/100\n|move|p1a: Gengar|Sludge Bomb|p2a: Ninetales\n|-supereffective|p2a: Ninetales|1\n|-damage|p2a: Ninetales|19/100\n|-status|p2a: Ninetales|psn\n|move|p2b: Incineroar|Parting Shot|p1a: Gengar\n|-unboost|p1a: Gengar|atk|1\n|-unboost|p1a: Gengar|spa|1\n|inactive|AKJTds has 30 seconds left.\n|\n|t:|1775879848\n|switch|p2b: Crabominable|Crabominable, L50, F|100/100|[from] Parting Shot\n|\n|-weather|Snowscape|[upkeep]\n|-damage|p2a: Ninetales|7/100 psn|[from] psn\n|upkeep\n|turn|3\n|inactive|AKJTds has 30 seconds left.\n|\n|t:|1775879875\n|switch|p1b: Politoed|Politoed, L50, M|100/100\n|-weather|RainDance|[from] ability: Drizzle|[of] p1b: Politoed\n|switch|p1a: Archaludon|Archaludon, L50, F|100/100\n|move|p2b: Crabominable|Protect|p2b: Crabominable\n|-singleturn|p2b: Crabominable|Protect\n|move|p2a: Ninetales|Blizzard|p1b: Politoed|[spread] p1b\n|-miss|p2a: Ninetales|p1a: Archaludon\n|-resisted|p1b: Politoed|1\n|-damage|p1b: Politoed|89/100\n|\n|-weather|RainDance|[upkeep]\n|-heal|p1b: Politoed|95/100|[from] item: Leftovers\n|-damage|p2a: Ninetales|0 fnt|[from] psn\n|faint|p2a: Ninetales\n|upkeep\n|inactive|AKJTds has 30 seconds left.\n|\n|t:|1775879901\n|switch|p2a: Sinistcha|Sinistcha, L50|100/100\n|turn|4\n|inactive|mathismathin has 30 seconds left.\n|inactive|AKJTds has 30 seconds left.\n|\n|t:|1775879928\n|switch|p1b: Arcanine|Arcanine-Hisui, L50, F|86/100\n|-ability|p1b: Arcanine|Intimidate|boost\n|-unboost|p2a: Sinistcha|atk|1\n|-unboost|p2b: Crabominable|atk|1\n|detailschange|p2b: Crabominable|Crabominable-Mega, L50, F\n|-mega|p2b: Crabominable|Crabominable|Crabominite\n|move|p1a: Archaludon|Electro Shot||[still]\n|-prepare|p1a: Archaludon|Electro Shot\n|-boost|p1a: Archaludon|spa|1\n|-anim|p1a: Archaludon|Electro Shot|p2b: Crabominable\n|-damage|p2b: Crabominable|63/100\n|move|p2b: Crabominable|Drain Punch|p1a: Archaludon\n|-supereffective|p1a: Archaludon|1\n|-damage|p1a: Archaludon|27/100\n|-heal|p2b: Crabominable|93/100|[from] drain|[of] p1a: Archaludon\n|-ability|p1a: Archaludon|Stamina|boost\n|-boost|p1a: Archaludon|def|1\n|move|p2a: Sinistcha|Trick Room|p2a: Sinistcha\n|-fieldstart|move: Trick Room|[of] p2a: Sinistcha\n|\n|-weather|RainDance|[upkeep]\n|upkeep\n|turn|5\n|inactive|mathismathin has 30 seconds left.\n|inactive|AKJTds has 30 seconds left.\n|inactive|mathismathin has 20 seconds left.\n|inactive|AKJTds has 20 seconds left.\n|inactive|AKJTds has 15 seconds left.\n|inactive|AKJTds has 10 seconds left.\n|\n|t:|1775879975\n|switch|p2a: Incineroar|Incineroar, L50, M|45/100\n|-ability|p2a: Incineroar|Intimidate|boost\n|-unboost|p1a: Archaludon|atk|1\n|-unboost|p1b: Arcanine|atk|1\n|-enditem|p1a: Archaludon|White Herb\n|-clearnegativeboost|p1a: Archaludon|[silent]\n|switch|p1b: Politoed|Politoed, L50, M|95/100\n|move|p2b: Crabominable|Drain Punch|p1b: Politoed\n|-damage|p1b: Politoed|55/100\n|-heal|p2b: Crabominable|100/100|[from] drain|[of] p1b: Politoed\n|move|p1a: Archaludon|Flash Cannon|p2b: Crabominable\n|-supereffective|p2b: Crabominable|1\n|-damage|p2b: Crabominable|35/100\n|\n|-weather|RainDance|[upkeep]\n|-heal|p1b: Politoed|61/100|[from] item: Leftovers\n|upkeep\n|turn|6\n|inactive|mathismathin has 30 seconds left.\n|inactive|AKJTds has 30 seconds left.\n|inactive|AKJTds has 20 seconds left.\n|\n|t:|1775880015\n|move|p2b: Crabominable|Protect|p2b: Crabominable\n|-singleturn|p2b: Crabominable|Protect\n|move|p1b: Politoed|Protect|p1b: Politoed\n|-singleturn|p1b: Politoed|Protect\n|move|p1a: Archaludon|Protect|p1a: Archaludon\n|-singleturn|p1a: Archaludon|Protect\n|move|p2a: Incineroar|Parting Shot|p1b: Politoed\n|-activate|p1b: Politoed|move: Protect\n|\n|-weather|RainDance|[upkeep]\n|-heal|p1b: Politoed|68/100|[from] item: Leftovers\n|-sideend|p2: AKJTds|move: Aurora Veil\n|upkeep\n|turn|7\n|\n|t:|1775880032\n|switch|p1a: Gengar|Gengar-Mega, L50, F|73/100\n|move|p2b: Crabominable|Drain Punch|p1a: Gengar\n|-immune|p1a: Gengar\n|move|p2a: Incineroar|Parting Shot|p1b: Politoed\n|-unboost|p1b: Politoed|atk|1\n|-unboost|p1b: Politoed|spa|1\n|\n|t:|1775880040\n|switch|p2a: Sinistcha|Sinistcha, L50|100/100|[from] Parting Shot\n|-heal|p2b: Crabominable|60/100|[from] ability: Hospitality|[of] p2a: Sinistcha\n|move|p1b: Politoed|Hydro Pump|p2b: Crabominable\n|-damage|p2b: Crabominable|31/100\n|\n|-weather|none\n|-heal|p1b: Politoed|74/100|[from] item: Leftovers\n|upkeep\n|turn|8\n|inactive|AKJTds has 30 seconds left.\n|inactive|AKJTds has 20 seconds left.\n|inactive|AKJTds has 15 seconds left.\n|inactive|AKJTds has 10 seconds left.\n|inactive|AKJTds has 5 seconds left.\n|\n|t:|1775880093\n|switch|p1b: Arcanine|Arcanine-Hisui, L50, F|86/100\n|-ability|p1b: Arcanine|Intimidate|boost\n|-unboost|p2a: Sinistcha|atk|1\n|-unboost|p2b: Crabominable|atk|1\n|move|p1a: Gengar|Protect|p1a: Gengar\n|-singleturn|p1a: Gengar|Protect\n|move|p2b: Crabominable|Thunder Punch|p1b: Arcanine\n|-damage|p1b: Arcanine|63/100\n|move|p2a: Sinistcha|Life Dew||[still]|[spread] p2a,p2b\n|-fail|p2a: Sinistcha|heal\n|-heal|p2b: Crabominable|56/100\n|\n|-fieldend|move: Trick Room\n|upkeep\n|turn|9\n|inactive|AKJTds has 30 seconds left.\n|inactive|AKJTds has 20 seconds left.\n|inactive|AKJTds has 15 seconds left.\n|\n|t:|1775880136\n|move|p2b: Crabominable|Protect|p2b: Crabominable\n|-singleturn|p2b: Crabominable|Protect\n|move|p1b: Arcanine|Flare Blitz|p2a: Sinistcha\n|-supereffective|p2a: Sinistcha|1\n|-enditem|p2a: Sinistcha|Focus Sash\n|-damage|p2a: Sinistcha|1/100\n|-damage|p1b: Arcanine|29/100|[from] Recoil\n|move|p1a: Gengar|Sludge Bomb|p2a: Sinistcha\n|-damage|p2a: Sinistcha|0 fnt\n|faint|p2a: Sinistcha\n|\n|upkeep\n|inactive|AKJTds has 25 seconds left this turn.\n|inactive|AKJTds has 20 seconds left.\n|inactive|AKJTds has 15 seconds left.\n|\n|t:|1775880147\n|switch|p2a: Incineroar|Incineroar, L50, M|45/100\n|-ability|p2a: Incineroar|Intimidate|boost\n|-unboost|p1a: Gengar|atk|1\n|-unboost|p1b: Arcanine|atk|1\n|turn|10\n|inactive|AKJTds has 15 seconds left this turn.\n|inactive|AKJTds has 10 seconds left.\n|inactive|AKJTds has 5 seconds left.\n|\n|t:|1775880158\n|move|p1b: Arcanine|Protect|p1b: Arcanine\n|-singleturn|p1b: Arcanine|Protect\n|move|p1a: Gengar|Protect|p1a: Gengar\n|-singleturn|p1a: Gengar|Protect\n|move|p2a: Incineroar|Snarl|p1a: Gengar|[spread] \n|-activate|p1a: Gengar|move: Protect\n|-activate|p1b: Arcanine|move: Protect\n|move|p2b: Crabominable|Drain Punch|p1b: Arcanine\n|-activate|p1b: Arcanine|move: Protect\n|\n|upkeep\n|turn|11\n|inactive|AKJTds has 5 seconds left this turn.\n|-message|AKJTds lost due to inactivity.\n|\n|win|mathismathin\n|raw|mathismathin's rating: 1078 &rarr; <strong>1100</strong><br />(+22 for winning)\n|raw|AKJTds's rating: 1000 &rarr; <strong>1000</strong><br />(+0 for losing)\n",
  "uploadtime": 1775880165,
  "views": 16,
  "formatid": "gen9championsvgc2026regma",
  "rating": 1000,
  "private": 0,
  "password": null
}