{
  "id": "gen9championsvgc2026regma-2588506648",
  "format": "[Gen 9 Champions] VGC 2026 Reg M-A",
  "players": [
    "thicc latina lover",
    "moggyoh"
  ],
  "log": "|j|\u2606thicc latina lover\n|j|\u2606moggyoh\n|t:|1776639787\n|gametype|doubles\n|player|p1|thicc latina lover|skyla|1416\n|player|p2|moggyoh|ethan|1379\n|gen|9\n|tier|[Gen 9 Champions] VGC 2026 Reg M-A\n|rated|\n|rule|Species Clause: Limit one of each Pok\u00e9mon\n|rule|Item Clause: Limit 1 of each item\n|clearpoke\n|poke|p1|Venusaur, L50, F, shiny|\n|poke|p1|Pelipper, L50, M, shiny|\n|poke|p1|Basculegion, L50, M|\n|poke|p1|Archaludon, L50, M|\n|poke|p1|Sneasler, L50, M|\n|poke|p1|Incineroar, L50, M|\n|poke|p2|Charizard, L50, M|\n|poke|p2|Ninetales-Alola, L50, F|\n|poke|p2|Sinistcha, L50|\n|poke|p2|Rotom-Wash, L50|\n|poke|p2|Kingambit, L50, F|\n|poke|p2|Sneasler, L50, F|\n|teampreview|4\n|inactive|Battle timer is ON: inactive players will automatically lose when time's up. (requested by thicc latina lover)\n|\n|t:|1776639825\n|teamsize|p1|4\n|teamsize|p2|4\n|start\n|switch|p1a: Venusaur|Venusaur, L50, F, shiny|100/100\n|switch|p1b: Sneasler|Sneasler, L50, M|100/100\n|switch|p2a: Sneasler|Sneasler, L50, F|100/100\n|switch|p2b: Rotom|Rotom-Wash, L50|100/100\n|turn|1\n|inactive|moggyoh has 30 seconds left.\n|inactive|moggyoh has 20 seconds left.\n|inactive|moggyoh has 15 seconds left.\n|inactive|moggyoh has 10 seconds left.\n|inactive|moggyoh has 5 seconds left.\n|\n|t:|1776639880\n|detailschange|p1a: Venusaur|Venusaur-Mega, L50, F, shiny\n|-mega|p1a: Venusaur|Venusaur|Venusaurite\n|move|p1b: Sneasler|Fake Out|p2a: Sneasler\n|-damage|p2a: Sneasler|78/100\n|move|p2b: Rotom|Hydro Pump|p1a: Venusaur\n|-resisted|p1a: Venusaur|1\n|-damage|p1a: Venusaur|85/100\n|cant|p2a: Sneasler|flinch\n|move|p1a: Venusaur|Leech Seed|p2a: Sneasler|[miss]\n|-miss|p1a: Venusaur|p2a: Sneasler\n|\n|upkeep\n|turn|2\n|inactive|moggyoh has 30 seconds left.\n|\n|t:|1776639911\n|move|p2b: Rotom|Hydro Pump|p1b: Sneasler\n|-damage|p1b: Sneasler|28/100\n|move|p1b: Sneasler|Coaching|p1a: Venusaur\n|-boost|p1a: Venusaur|atk|1\n|-boost|p1a: Venusaur|def|1\n|move|p2a: Sneasler|Dire Claw|p1b: Sneasler\n|-resisted|p1b: Sneasler|1\n|-damage|p1b: Sneasler|0 fnt\n|faint|p1b: Sneasler\n|move|p1a: Venusaur|Giga Drain|p2b: Rotom\n|-supereffective|p2b: Rotom|1\n|-damage|p2b: Rotom|25/100\n|-heal|p1a: Venusaur|100/100|[from] drain|[of] p2b: Rotom\n|\n|upkeep\n|\n|t:|1776639924\n|switch|p1b: Incineroar|Incineroar, L50, M|100/100\n|-ability|p1b: Incineroar|Intimidate|boost\n|-unboost|p2a: Sneasler|atk|1\n|-unboost|p2b: Rotom|atk|1\n|-enditem|p2a: Sneasler|White Herb\n|-clearnegativeboost|p2a: Sneasler|[silent]\n|turn|3\n|\n|t:|1776639938\n|switch|p2b: Charizard|Charizard, L50, M|100/100\n|move|p2a: Sneasler|Protect|p2a: Sneasler\n|-singleturn|p2a: Sneasler|Protect\n|move|p1b: Incineroar|Fake Out|p2b: Charizard\n|-damage|p2b: Charizard|86/100\n|move|p1a: Venusaur|Leech Seed|p2b: Charizard\n|-start|p2b: Charizard|move: Leech Seed\n|\n|-damage|p2b: Charizard|74/100|[from] Leech Seed|[of] p1a: Venusaur\n|upkeep\n|turn|4\n|\n|t:|1776639963\n|detailschange|p2b: Charizard|Charizard-Mega-X, L50, M\n|-mega|p2b: Charizard|Charizard|Charizardite X\n|move|p2a: Sneasler|Close Combat|p1b: Incineroar\n|-supereffective|p1b: Incineroar|1\n|-enditem|p1b: Incineroar|Chople Berry|[eat]\n|-enditem|p1b: Incineroar|Chople Berry|[weaken]\n|-damage|p1b: Incineroar|38/100\n|-unboost|p2a: Sneasler|def|1\n|-unboost|p2a: Sneasler|spd|1\n|move|p2b: Charizard|Dragon Dance|p2b: Charizard\n|-boost|p2b: Charizard|atk|1\n|-boost|p2b: Charizard|spe|1\n|move|p1a: Venusaur|Leech Seed|p2a: Sneasler\n|-start|p2a: Sneasler|move: Leech Seed\n|move|p1b: Incineroar|Parting Shot|p2a: Sneasler\n|-unboost|p2a: Sneasler|atk|1\n|-unboost|p2a: Sneasler|spa|1\n|\n|t:|1776639975\n|switch|p1b: Pelipper|Pelipper, L50, M, shiny|100/100|[from] Parting Shot\n|-weather|RainDance|[from] ability: Drizzle|[of] p1b: Pelipper\n|\n|-weather|RainDance|[upkeep]\n|-damage|p2a: Sneasler|65/100|[from] Leech Seed|[of] p1a: Venusaur\n|-damage|p2b: Charizard|62/100|[from] Leech Seed|[of] p1a: Venusaur\n|upkeep\n|turn|5\n|\n|t:|1776639992\n|switch|p1b: Incineroar|Incineroar, L50, M|38/100\n|-ability|p1b: Incineroar|Intimidate|boost\n|-unboost|p2a: Sneasler|atk|1\n|-unboost|p2b: Charizard|atk|1\n|move|p2a: Sneasler|Dire Claw|p1b: Incineroar\n|-damage|p1b: Incineroar|19/100\n|-status|p1b: Incineroar|psn\n|move|p2b: Charizard|Dragon Claw|p1b: Incineroar\n|-damage|p1b: Incineroar|0 fnt\n|faint|p1b: Incineroar\n|move|p1a: Venusaur|Sludge Bomb|p2b: Charizard\n|-damage|p2b: Charizard|15/100\n|\n|-weather|RainDance|[upkeep]\n|-damage|p2a: Sneasler|53/100|[from] Leech Seed|[of] p1a: Venusaur\n|-damage|p2b: Charizard|2/100|[from] Leech Seed|[of] p1a: Venusaur\n|upkeep\n|\n|t:|1776640007\n|switch|p1b: Pelipper|Pelipper, L50, M, shiny|100/100\n|turn|6\n|\n|t:|1776640027\n|switch|p2b: Kingambit|Kingambit, L50, F|100/100\n|move|p2a: Sneasler|Dire Claw|p1b: Pelipper\n|-damage|p1b: Pelipper|74/100\n|move|p1b: Pelipper|Tailwind|p1b: Pelipper\n|-sidestart|p1: thicc latina lover|move: Tailwind\n|move|p1a: Venusaur|Giga Drain|p2a: Sneasler\n|-resisted|p2a: Sneasler|1\n|-damage|p2a: Sneasler|23/100\n|\n|-weather|RainDance|[upkeep]\n|-damage|p2a: Sneasler|11/100|[from] Leech Seed|[of] p1a: Venusaur\n|upkeep\n|turn|7\n|\n|t:|1776640050\n|move|p1b: Pelipper|Protect|p1b: Pelipper\n|-singleturn|p1b: Pelipper|Protect\n|move|p2b: Kingambit|Sucker Punch||[still]\n|-fail|p2b: Kingambit\n|move|p2a: Sneasler|Dire Claw|p1b: Pelipper\n|-activate|p1b: Pelipper|move: Protect\n|move|p1a: Venusaur|Leech Seed|p2b: Kingambit|[miss]\n|-miss|p1a: Venusaur|p2b: Kingambit\n|\n|-weather|RainDance|[upkeep]\n|-damage|p2a: Sneasler|0 fnt|[from] Leech Seed|[of] p1a: Venusaur\n|faint|p2a: Sneasler\n|upkeep\n|\n|t:|1776640065\n|switch|p2a: Rotom|Rotom-Wash, L50|25/100\n|turn|8\n|\n|t:|1776640088\n|move|p1b: Pelipper|Weather Ball|p2b: Kingambit\n|-damage|p2b: Kingambit|35/100\n|move|p2a: Rotom|Electroweb|p1a: Venusaur|[spread] p1a,p1b\n|-resisted|p1a: Venusaur|1\n|-supereffective|p1b: Pelipper|2\n|-damage|p1a: Venusaur|95/100\n|-damage|p1b: Pelipper|0 fnt\n|-unboost|p1a: Venusaur|spe|1\n|faint|p1b: Pelipper\n|move|p1a: Venusaur|Leech Seed|p2b: Kingambit\n|-start|p2b: Kingambit|move: Leech Seed\n|move|p2b: Kingambit|Kowtow Cleave|p1a: Venusaur\n|-damage|p1a: Venusaur|69/100\n|\n|-weather|none\n|-damage|p2b: Kingambit|23/100|[from] Leech Seed|[of] p1a: Venusaur\n|-heal|p1a: Venusaur|82/100|[silent]\n|upkeep\n|turn|9\n|\n|t:|1776640110\n|move|p2a: Rotom|Electroweb|p1a: Venusaur\n|-resisted|p1a: Venusaur|1\n|-damage|p1a: Venusaur|75/100\n|-unboost|p1a: Venusaur|spe|1\n|move|p1a: Venusaur|Giga Drain|p2b: Kingambit\n|-resisted|p2b: Kingambit|1\n|-damage|p2b: Kingambit|7/100\n|-heal|p1a: Venusaur|84/100|[from] drain|[of] p2b: Kingambit\n|move|p2b: Kingambit|Kowtow Cleave|p1a: Venusaur\n|-damage|p1a: Venusaur|58/100\n|\n|-damage|p2b: Kingambit|0 fnt|[from] Leech Seed|[of] p1a: Venusaur\n|-heal|p1a: Venusaur|65/100|[silent]\n|faint|p2b: Kingambit\n|-sideend|p1: thicc latina lover|move: Tailwind\n|upkeep\n|\n|t:|1776640126\n|switch|p2b: Charizard|Charizard-Mega-X, L50, M|2/100\n|turn|10\n|\n|t:|1776640132\n|move|p2a: Rotom|Electroweb|p1a: Venusaur\n|-resisted|p1a: Venusaur|1\n|-damage|p1a: Venusaur|57/100\n|-unboost|p1a: Venusaur|spe|1\n|move|p2b: Charizard|Flare Blitz|p1a: Venusaur\n|-supereffective|p1a: Venusaur|1\n|-damage|p1a: Venusaur|12/100\n|-damage|p2b: Charizard|0 fnt|[from] Recoil\n|faint|p2b: Charizard\n|move|p1a: Venusaur|Giga Drain|p2a: Rotom\n|-supereffective|p2a: Rotom|1\n|-damage|p2a: Rotom|0 fnt\n|-heal|p1a: Venusaur|20/100|[from] drain|[of] p2a: Rotom\n|faint|p2a: Rotom\n|\n|win|thicc latina lover\n|raw|thicc latina lover's rating: 1416 &rarr; <strong>1434</strong><br />(+18 for winning)\n|raw|moggyoh's rating: 1379 &rarr; <strong>1361</strong><br />(-18 for losing)\n",
  "uploadtime": 1776640133,
  "views": 10,
  "formatid": "gen9championsvgc2026regma",
  "rating": 1361,
  "private": 0,
  "password": null
}