{
  "id": "gen9championsvgc2026regma-2582897312",
  "format": "[Gen 9 Champions] VGC 2026 Reg M-A",
  "players": [
    "Ellorn",
    "Unbenlievable"
  ],
  "log": "|j|\u2606Ellorn\n|j|\u2606Unbenlievable\n|t:|1776123038\n|gametype|doubles\n|player|p1|Ellorn|hilda-wonderlauncher|1026\n|player|p2|Unbenlievable|102|1000\n|gen|9\n|tier|[Gen 9 Champions] VGC 2026 Reg M-A\n|rated|\n|rule|Species Clause: Limit one of each Pok\u00e9mon\n|rule|Item Clause: Limit 1 of each item\n|clearpoke\n|poke|p1|Floette-Eternal, L50, F|\n|poke|p1|Zoroark-Hisui, L50, F|\n|poke|p1|Aerodactyl, L50, M|\n|poke|p1|Incineroar, L50, M|\n|poke|p1|Klefki, L50, M|\n|poke|p1|Garchomp, L50, F|\n|poke|p2|Aerodactyl, L50, M|\n|poke|p2|Tauros-Paldea-Blaze, L50, M|\n|poke|p2|Rotom-Wash, L50|\n|poke|p2|Meowscarada, L50, F|\n|poke|p2|Banette, L50, F|\n|poke|p2|Farigiraf, L50, M|\n|teampreview|4\n|\n|t:|1776123080\n|teamsize|p1|4\n|teamsize|p2|4\n|start\n|switch|p1a: Floette|Floette-Eternal, L50, F|100/100\n|switch|p1b: Klefki|Klefki, L50, M|100/100\n|switch|p2a: Tauros|Tauros-Paldea-Blaze, L50, M|100/100\n|switch|p2b: Meowscarada|Meowscarada, L50, F|100/100\n|turn|1\n|\n|t:|1776123115\n|detailschange|p1a: Floette|Floette-Mega, L50, F\n|-mega|p1a: Floette|Floette|Floettite\n|-ability|p1a: Floette|Fairy Aura\n|move|p1b: Klefki|Icy Wind|p2a: Tauros|[spread] p2a,p2b\n|-resisted|p2a: Tauros|1\n|-supereffective|p2b: Meowscarada|1\n|-damage|p2a: Tauros|91/100\n|-damage|p2b: Meowscarada|62/100\n|-unboost|p2a: Tauros|spe|1\n|-unboost|p2b: Meowscarada|spe|1\n|move|p1a: Floette|Calm Mind|p1a: Floette\n|-boost|p1a: Floette|spa|1\n|-boost|p1a: Floette|spd|1\n|move|p2b: Meowscarada|Flower Trick|p2a: Tauros\n|-start|p2b: Meowscarada|typechange|Grass|[from] ability: Protean\n|-resisted|p2a: Tauros|1\n|-crit|p2a: Tauros\n|-damage|p2a: Tauros|75/100\n|-setboost|p2a: Tauros|atk|6|[from] ability: Anger Point\n|move|p2a: Tauros|Flame Charge|p1b: Klefki\n|-damage|p1b: Klefki|0 fnt\n|-boost|p2a: Tauros|spe|1\n|replace|p1b: Zoroark|Zoroark-Hisui, L50, F\n|-end|p1b: Zoroark|Illusion\n|faint|p1b: Zoroark\n|\n|-heal|p2a: Tauros|81/100|[from] item: Leftovers\n|upkeep\n|\n|t:|1776123146\n|switch|p1b: Klefki|Klefki, L50, M|100/100\n|turn|2\n|\n|t:|1776123167\n|move|p2b: Meowscarada|Ally Switch|p2b: Meowscarada\n|swap|p2b: Meowscarada|0|[from] move: Ally Switch\n|move|p1b: Klefki|Thunder Wave|p2a: Meowscarada|[miss]\n|-miss|p1b: Klefki|p2a: Meowscarada\n|move|p2b: Tauros|Earthquake|p1a: Floette|[spread] p2a,p1a,p1b\n|-resisted|p2a: Meowscarada|1\n|-supereffective|p1b: Klefki|1\n|-damage|p2a: Meowscarada|16/100\n|-damage|p1a: Floette|10/100\n|-damage|p1b: Klefki|0 fnt\n|faint|p1b: Klefki\n|move|p1a: Floette|Moonblast|p2a: Meowscarada\n|-damage|p2a: Meowscarada|0 fnt\n|faint|p2a: Meowscarada\n|\n|-heal|p2b: Tauros|87/100|[from] item: Leftovers\n|upkeep\n|\n|t:|1776123180\n|switch|p2a: Banette|Banette, L50, F|100/100\n|switch|p1b: Garchomp|Garchomp, L50, F|100/100\n|-item|p1a: Floette|Floettite|[from] ability: Frisk|[of] p2a: Banette\n|-item|p1b: Garchomp|White Herb|[from] ability: Frisk|[of] p2a: Banette\n|turn|3\n|\n|t:|1776123201\n|detailschange|p2a: Banette|Banette-Mega, L50, F\n|-mega|p2a: Banette|Banette|Banettite\n|move|p1a: Floette|Protect|p1a: Floette\n|-singleturn|p1a: Floette|Protect\n|move|p2a: Banette|Psych Up|p2b: Tauros\n|-copyboost|p2a: Banette|p2b: Tauros|[from] move: Psych Up\n|move|p2b: Tauros|Flame Charge|p1a: Floette\n|-activate|p1a: Floette|move: Protect\n|move|p1b: Garchomp|Earthquake|p2b: Tauros|[spread] p2a,p2b\n|-activate|p1a: Floette|move: Protect\n|-supereffective|p2b: Tauros|1\n|-damage|p2a: Banette|40/100\n|-damage|p2b: Tauros|4/100\n|\n|-heal|p2b: Tauros|10/100|[from] item: Leftovers\n|upkeep\n|turn|4\n|\n|t:|1776123238\n|move|p2b: Tauros|Protect|p2b: Tauros\n|-singleturn|p2b: Tauros|Protect\n|move|p2a: Banette|Shadow Sneak|p1a: Floette\n|-damage|p1a: Floette|0 fnt\n|faint|p1a: Floette\n|move|p1b: Garchomp|Dragon Claw|p2b: Tauros\n|-activate|p2b: Tauros|move: Protect\n|\n|-heal|p2b: Tauros|15/100|[from] item: Leftovers\n|upkeep\n|turn|5\n|\n|t:|1776123253\n|move|p2a: Banette|Shadow Sneak|p1b: Garchomp\n|-damage|p1b: Garchomp|0 fnt\n|-damage|p2a: Banette|28/100|[from] ability: Rough Skin|[of] p1b: Garchomp\n|faint|p1b: Garchomp\n|\n|win|Unbenlievable\n|raw|Ellorn's rating: 1026 &rarr; <strong>1011</strong><br />(-15 for losing)\n|raw|Unbenlievable's rating: 1000 &rarr; <strong>1043</strong><br />(+43 for winning)\n|l|\u2606Ellorn\n|player|p1|\n",
  "uploadtime": 1776123381,
  "views": 28,
  "formatid": "gen9championsvgc2026regma",
  "rating": 1011,
  "private": 0,
  "password": null
}