{
  "id": "gen9championsvgc2026regma-2588582188",
  "format": "[Gen 9 Champions] VGC 2026 Reg M-A",
  "players": [
    "tubbatub",
    "MMancuso0829"
  ],
  "log": "|j|\u203dtubbatub\n|j|\u2606MMancuso0829\n|t:|1776647160\n|gametype|doubles\n|player|p1|tubbatub|fantina|1134\n|player|p2|MMancuso0829|2|1146\n|gen|9\n|tier|[Gen 9 Champions] VGC 2026 Reg M-A\n|rated|\n|rule|Species Clause: Limit one of each Pok\u00e9mon\n|rule|Item Clause: Limit 1 of each item\n|clearpoke\n|poke|p1|Weavile, L50, M|\n|poke|p1|Garchomp, L50, F|\n|poke|p1|Gardevoir, L50, F|\n|poke|p1|Volcarona, L50, F|\n|poke|p1|Incineroar, L50, M|\n|poke|p1|Starmie, L50|\n|poke|p2|Golurk, L50, shiny|\n|poke|p2|Farigiraf, L50, M|\n|poke|p2|Sinistcha, L50, shiny|\n|poke|p2|Decidueye-Hisui, L50, F, shiny|\n|poke|p2|Oranguru, L50, F|\n|poke|p2|Hatterene, L50, F|\n|teampreview|4\n|inactive|Battle timer is ON: inactive players will automatically lose when time's up. (requested by tubbatub)\n|inactive|tubbatub has 60 seconds left.\n|\n|t:|1776647199\n|teamsize|p1|4\n|teamsize|p2|4\n|start\n|switch|p1a: Weavile|Weavile, L50, M|100/100\n|switch|p1b: Incineroar|Incineroar, L50, M|100/100\n|switch|p2a: Farigiraf|Farigiraf, L50, M|100/100\n|switch|p2b: Hatterene|Hatterene, L50, F|100/100\n|-ability|p1a: Weavile|Pressure\n|-ability|p1b: Incineroar|Intimidate|boost\n|-unboost|p2a: Farigiraf|atk|1\n|-unboost|p2b: Hatterene|atk|1\n|turn|1\n|inactive|tubbatub has 30 seconds left.\n|\n|t:|1776647231\n|move|p1a: Weavile|Knock Off|p2a: Farigiraf\n|-supereffective|p2a: Farigiraf|1\n|-damage|p2a: Farigiraf|15/100\n|-enditem|p2a: Farigiraf|Sitrus Berry|[from] move: Knock Off|[of] p1a: Weavile\n|move|p2a: Farigiraf|Psychic Terrain|p2a: Farigiraf\n|-fieldstart|move: Psychic Terrain\n|move|p1b: Incineroar|Parting Shot|p2b: Hatterene\n|move|p2b: Hatterene|Parting Shot|p1b: Incineroar|[from] ability: Magic Bounce\n|-unboost|p1b: Incineroar|atk|1\n|-unboost|p1b: Incineroar|spa|1\n|\n|t:|1776647251\n|switch|p2b: Decidueye|Decidueye-Hisui, L50, F, shiny|100/100|[from] Parting Shot\n|\n|upkeep\n|turn|2\n|\n|t:|1776647265\n|switch|p1b: Garchomp|Garchomp, L50, F|100/100\n|move|p1a: Weavile|Triple Axel|p2b: Decidueye\n|-supereffective|p2b: Decidueye|1\n|-crit|p2b: Decidueye\n|-damage|p2b: Decidueye|66/100\n|-supereffective|p2b: Decidueye|1\n|-damage|p2b: Decidueye|21/100\n|-supereffective|p2b: Decidueye|1\n|-damage|p2b: Decidueye|0 fnt\n|faint|p2b: Decidueye\n|-hitcount|p2: Decidueye|3\n|move|p2a: Farigiraf|Thunderbolt|p1b: Garchomp\n|-immune|p1b: Garchomp\n|\n|upkeep\n|\n|t:|1776647279\n|switch|p2b: Hatterene|Hatterene, L50, F|100/100\n|turn|3\n|\n|t:|1776647291\n|move|p1b: Garchomp|Rock Slide|p2b: Hatterene|[spread] p2b\n|-miss|p1b: Garchomp|p2a: Farigiraf\n|-damage|p2b: Hatterene|79/100\n|move|p1a: Weavile|Triple Axel|p2b: Hatterene\n|-damage|p2b: Hatterene|66/100\n|-damage|p2b: Hatterene|40/100\n|-damage|p2b: Hatterene|4/100\n|-hitcount|p2b: Hatterene|3\n|cant|p2b: Hatterene|flinch\n|move|p2a: Farigiraf|Trick Room|p2a: Farigiraf\n|-fieldstart|move: Trick Room|[of] p2a: Farigiraf\n|\n|upkeep\n|turn|4\n|\n|t:|1776647313\n|move|p2b: Hatterene|Dazzling Gleam|p1a: Weavile|[spread] p1a,p1b\n|-supereffective|p1a: Weavile|1\n|-supereffective|p1b: Garchomp|1\n|-damage|p1a: Weavile|7/100\n|-damage|p1b: Garchomp|37/100\n|move|p2a: Farigiraf|Expanding Force|p1b: Garchomp|[spread] p1b\n|-immune|p1a: Weavile\n|-damage|p1b: Garchomp|0 fnt\n|faint|p1b: Garchomp\n|move|p1a: Weavile|Triple Axel|p2a: Farigiraf\n|-damage|p2a: Farigiraf|7/100\n|-damage|p2a: Farigiraf|0 fnt\n|faint|p2a: Farigiraf\n|-hitcount|p2: Farigiraf|2\n|\n|upkeep\n|\n|t:|1776647328\n|switch|p2a: Golurk|Golurk, L50, shiny|100/100\n|switch|p1b: Incineroar|Incineroar, L50, M|100/100\n|-ability|p1b: Incineroar|Intimidate|boost\n|-unboost|p2a: Golurk|atk|1\n|-unboost|p2b: Hatterene|atk|1\n|turn|5\n|\n|t:|1776647345\n|detailschange|p2a: Golurk|Golurk-Mega, L50, shiny\n|-mega|p2a: Golurk|Golurk|Golurkite\n|move|p2b: Hatterene|Dazzling Gleam|p1b: Incineroar|[spread] p1a,p1b\n|-supereffective|p1a: Weavile|1\n|-damage|p1a: Weavile|0 fnt\n|-damage|p1b: Incineroar|73/100\n|faint|p1a: Weavile\n|move|p2a: Golurk|Earthquake|p1b: Incineroar|[spread] p2b,p1b\n|-supereffective|p1b: Incineroar|1\n|-damage|p2b: Hatterene|0 fnt\n|-damage|p1b: Incineroar|20/100\n|faint|p2b: Hatterene\n|move|p1b: Incineroar|Will-O-Wisp|p2a: Golurk\n|-status|p2a: Golurk|brn\n|\n|-damage|p2a: Golurk|94/100 brn|[from] brn\n|-fieldend|move: Psychic Terrain\n|upkeep\n|\n|t:|1776647358\n|switch|p1a: Gardevoir|Gardevoir, L50, F|100/100\n|-ability|p1a: Gardevoir|Unseen Fist|Trace|[from] ability: Trace|[of] p2a: Golurk\n|turn|6\n|\n|t:|1776647373\n|detailschange|p1a: Gardevoir|Gardevoir-Mega, L50, F\n|-mega|p1a: Gardevoir|Gardevoir|Gardevoirite\n|move|p2a: Golurk|Earthquake|p1a: Gardevoir|[spread] p1a,p1b\n|-supereffective|p1b: Incineroar|1\n|-damage|p1a: Gardevoir|73/100\n|-damage|p1b: Incineroar|0 fnt\n|faint|p1b: Incineroar\n|move|p1a: Gardevoir|Hyper Voice|p2a: Golurk\n|-damage|p2a: Golurk|40/100 brn\n|\n|-damage|p2a: Golurk|33/100 brn|[from] brn\n|upkeep\n|turn|7\n|\n|t:|1776647386\n|move|p1a: Gardevoir|Protect|p1a: Gardevoir\n|-singleturn|p1a: Gardevoir|Protect\n|move|p2a: Golurk|Poltergeist|p1a: Gardevoir\n|-activate|p1a: Gardevoir|move: Protect\n|\n|-damage|p2a: Golurk|27/100 brn|[from] brn\n|-fieldend|move: Trick Room\n|upkeep\n|turn|8\n|\n|t:|1776647398\n|move|p2a: Golurk|Protect|p2a: Golurk\n|-singleturn|p2a: Golurk|Protect\n|move|p1a: Gardevoir|Hyper Voice|p2a: Golurk\n|-activate|p2a: Golurk|move: Protect\n|\n|-damage|p2a: Golurk|21/100 brn|[from] brn\n|upkeep\n|turn|9\n|\n|t:|1776647407\n|move|p1a: Gardevoir|Hyper Voice|p2a: Golurk\n|-damage|p2a: Golurk|0 fnt\n|faint|p2a: Golurk\n|\n|win|tubbatub\n|raw|tubbatub's rating: 1134 &rarr; <strong>1160</strong><br />(+26 for winning)\n|raw|MMancuso0829's rating: 1146 &rarr; <strong>1120</strong><br />(-26 for losing)\n",
  "uploadtime": 1776647409,
  "views": 6,
  "formatid": "gen9championsvgc2026regma",
  "rating": 1120,
  "private": 0,
  "password": null
}