{
  "id": "gen9championsvgc2026regma-2588211167",
  "format": "[Gen 9 Champions] VGC 2026 Reg M-A",
  "players": [
    "jennytells",
    "fashoooo"
  ],
  "log": "|j|\u2606jennytells\n|j|\u2606fashoooo\n|t:|1776614763\n|gametype|doubles\n|player|p1|jennytells|skyla|1025\n|player|p2|fashoooo|calaba|1092\n|gen|9\n|tier|[Gen 9 Champions] VGC 2026 Reg M-A\n|rated|\n|rule|Species Clause: Limit one of each Pok\u00e9mon\n|rule|Item Clause: Limit 1 of each item\n|clearpoke\n|poke|p1|Heracross, L50, M|\n|poke|p1|Aerodactyl, L50, M|\n|poke|p1|Incineroar, L50, M|\n|poke|p1|Volcarona, L50, M|\n|poke|p1|Conkeldurr, L50, F|\n|poke|p1|Aggron, L50, F|\n|poke|p2|Blastoise, L50, F|\n|poke|p2|Talonflame, L50, M|\n|poke|p2|Sinistcha, L50|\n|poke|p2|Sneasler, L50, F|\n|poke|p2|Incineroar, L50, F|\n|poke|p2|Kingambit, L50, M|\n|teampreview|4\n|\n|t:|1776614797\n|teamsize|p1|4\n|teamsize|p2|4\n|start\n|switch|p1a: Heracross|Heracross, L50, M|100/100\n|switch|p1b: Aerodactyl|Aerodactyl, L50, M|100/100\n|switch|p2a: Talonflame|Talonflame, L50, M|100/100\n|switch|p2b: Incineroar|Incineroar, L50, F|100/100\n|-ability|p1b: Aerodactyl|Unnerve\n|-ability|p2b: Incineroar|Intimidate|boost\n|-unboost|p1a: Heracross|atk|1\n|-unboost|p1b: Aerodactyl|atk|1\n|turn|1\n|\n|t:|1776614819\n|move|p2a: Talonflame|Protect|p2a: Talonflame\n|-singleturn|p2a: Talonflame|Protect\n|move|p1a: Heracross|Protect|p1a: Heracross\n|-singleturn|p1a: Heracross|Protect\n|move|p1b: Aerodactyl|Tailwind|p1b: Aerodactyl\n|-sidestart|p1: jennytells|move: Tailwind\n|move|p2b: Incineroar|Parting Shot|p1a: Heracross\n|-activate|p1a: Heracross|move: Protect\n|\n|upkeep\n|turn|2\n|\n|t:|1776614846\n|switch|p2a: Sneasler|Sneasler, L50, F|100/100\n|detailschange|p1a: Heracross|Heracross-Mega, L50, M\n|-mega|p1a: Heracross|Heracross|Heracronite\n|move|p1b: Aerodactyl|Rock Slide|p2a: Sneasler|[spread] p2a\n|-miss|p1b: Aerodactyl|p2b: Incineroar\n|-resisted|p2a: Sneasler|1\n|-damage|p2a: Sneasler|88/100\n|move|p1a: Heracross|Rock Blast|p2a: Sneasler\n|-resisted|p2a: Sneasler|1\n|-damage|p2a: Sneasler|82/100\n|-resisted|p2a: Sneasler|1\n|-damage|p2a: Sneasler|75/100\n|-resisted|p2a: Sneasler|1\n|-damage|p2a: Sneasler|68/100\n|-resisted|p2a: Sneasler|1\n|-damage|p2a: Sneasler|62/100\n|-resisted|p2a: Sneasler|1\n|-damage|p2a: Sneasler|55/100\n|-hitcount|p2a: Sneasler|5\n|move|p2b: Incineroar|Parting Shot|p1b: Aerodactyl\n|-unboost|p1b: Aerodactyl|atk|1\n|-unboost|p1b: Aerodactyl|spa|1\n|\n|t:|1776614865\n|switch|p2b: Talonflame|Talonflame, L50, M|100/100|[from] Parting Shot\n|\n|upkeep\n|turn|3\n|\n|t:|1776614882\n|switch|p1a: Incineroar|Incineroar, L50, M|100/100\n|-ability|p1a: Incineroar|Intimidate|boost\n|-unboost|p2a: Sneasler|atk|1\n|-unboost|p2b: Talonflame|atk|1\n|-enditem|p2a: Sneasler|White Herb\n|-clearnegativeboost|p2a: Sneasler|[silent]\n|move|p1b: Aerodactyl|Protect|p1b: Aerodactyl\n|-singleturn|p1b: Aerodactyl|Protect\n|move|p2a: Sneasler|Fake Out|p1a: Incineroar\n|-damage|p1a: Incineroar|89/100\n|move|p2b: Talonflame|Tailwind|p2b: Talonflame\n|-sidestart|p2: fashoooo|move: Tailwind\n|\n|-heal|p1a: Incineroar|95/100|[from] item: Leftovers\n|upkeep\n|turn|4\n|\n|t:|1776614928\n|switch|p1b: Heracross|Heracross-Mega, L50, M|100/100\n|move|p2a: Sneasler|Close Combat|p1b: Heracross\n|-resisted|p1b: Heracross|1\n|-damage|p1b: Heracross|77/100\n|-unboost|p2a: Sneasler|def|1\n|-unboost|p2a: Sneasler|spd|1\n|move|p2b: Talonflame|Will-O-Wisp|p1b: Heracross\n|-status|p1b: Heracross|brn\n|move|p1a: Incineroar|Parting Shot|p2a: Sneasler\n|-unboost|p2a: Sneasler|atk|1\n|-unboost|p2a: Sneasler|spa|1\n|\n|t:|1776614942\n|switch|p1a: Aerodactyl|Aerodactyl, L50, M|100/100|[from] Parting Shot\n|-ability|p1a: Aerodactyl|Unnerve\n|\n|-damage|p1b: Heracross|71/100 brn|[from] brn\n|-sideend|p1: jennytells|move: Tailwind\n|upkeep\n|turn|5\n|\n|t:|1776614954\n|move|p1b: Heracross|Protect|p1b: Heracross\n|-singleturn|p1b: Heracross|Protect\n|move|p2a: Sneasler|Rock Tomb|p1a: Aerodactyl\n|-supereffective|p1a: Aerodactyl|1\n|-damage|p1a: Aerodactyl|63/100\n|-unboost|p1a: Aerodactyl|spe|1\n|move|p2b: Talonflame|Acrobatics|p1a: Aerodactyl\n|-resisted|p1a: Aerodactyl|1\n|-damage|p1a: Aerodactyl|43/100\n|-enditem|p1a: Aerodactyl|Sitrus Berry|[eat]\n|-heal|p1a: Aerodactyl|68/100|[from] item: Sitrus Berry\n|move|p1a: Aerodactyl|Rock Slide|p2a: Sneasler|[spread] p2a,p2b\n|-resisted|p2a: Sneasler|1\n|-supereffective|p2b: Talonflame|2\n|-damage|p2a: Sneasler|31/100\n|-damage|p2b: Talonflame|0 fnt\n|faint|p2b: Talonflame\n|\n|-damage|p1b: Heracross|65/100 brn|[from] brn\n|upkeep\n|\n|t:|1776614968\n|switch|p2b: Blastoise|Blastoise, L50, F|100/100\n|turn|6\n|\n|t:|1776614983\n|switch|p1b: Incineroar|Incineroar, L50, M|95/100\n|-ability|p1b: Incineroar|Intimidate|boost\n|-unboost|p2a: Sneasler|atk|1\n|-unboost|p2b: Blastoise|atk|1\n|detailschange|p2b: Blastoise|Blastoise-Mega, L50, F\n|-mega|p2b: Blastoise|Blastoise|Blastoisinite\n|move|p2a: Sneasler|Close Combat|p1b: Incineroar\n|-supereffective|p1b: Incineroar|1\n|-damage|p1b: Incineroar|41/100\n|-unboost|p2a: Sneasler|def|1\n|-unboost|p2a: Sneasler|spd|1\n|move|p2b: Blastoise|Shell Smash|p2b: Blastoise\n|-unboost|p2b: Blastoise|def|1\n|-unboost|p2b: Blastoise|spd|1\n|-boost|p2b: Blastoise|atk|2\n|-boost|p2b: Blastoise|spa|2\n|-boost|p2b: Blastoise|spe|2\n|move|p1a: Aerodactyl|Tailwind|p1a: Aerodactyl\n|-sidestart|p1: jennytells|move: Tailwind\n|\n|-heal|p1b: Incineroar|47/100|[from] item: Leftovers\n|-sideend|p2: fashoooo|move: Tailwind\n|upkeep\n|turn|7\n|\n|t:|1776615054\n|switch|p2a: Incineroar|Incineroar, L50, F|100/100\n|-ability|p2a: Incineroar|Intimidate|boost\n|-unboost|p1a: Aerodactyl|atk|1\n|-unboost|p1b: Incineroar|atk|1\n|move|p2b: Blastoise|Protect|p2b: Blastoise\n|-singleturn|p2b: Blastoise|Protect\n|move|p1b: Incineroar|Fake Out|p2b: Blastoise\n|-activate|p2b: Blastoise|move: Protect\n|move|p1a: Aerodactyl|Rock Slide|p2a: Incineroar|[spread] p2a\n|-activate|p2b: Blastoise|move: Protect\n|-supereffective|p2a: Incineroar|1\n|-damage|p2a: Incineroar|79/100\n|\n|-heal|p1b: Incineroar|53/100|[from] item: Leftovers\n|upkeep\n|turn|8\n|\n|t:|1776615079\n|move|p1a: Aerodactyl|Protect|p1a: Aerodactyl\n|-singleturn|p1a: Aerodactyl|Protect\n|move|p2a: Incineroar|Fake Out|p1a: Aerodactyl\n|-activate|p1a: Aerodactyl|move: Protect\n|move|p2b: Blastoise|Water Spout|p1b: Incineroar|[spread] p1b\n|-activate|p1a: Aerodactyl|move: Protect\n|-supereffective|p1b: Incineroar|1\n|-damage|p1b: Incineroar|0 fnt\n|faint|p1b: Incineroar\n|\n|upkeep\n|\n|t:|1776615099\n|switch|p1b: Volcarona|Volcarona, L50, M|100/100\n|turn|9\n|\n|t:|1776615109\n|move|p2b: Blastoise|Protect|p2b: Blastoise\n|-singleturn|p2b: Blastoise|Protect\n|move|p1b: Volcarona|Giga Drain|p2b: Blastoise\n|-activate|p2b: Blastoise|move: Protect\n|move|p1a: Aerodactyl|Rock Slide|p2a: Incineroar|[spread] p2a\n|-activate|p2b: Blastoise|move: Protect\n|-supereffective|p2a: Incineroar|1\n|-damage|p2a: Incineroar|58/100\n|move|p2a: Incineroar|Parting Shot|p1a: Aerodactyl\n|-unboost|p1a: Aerodactyl|atk|1\n|-unboost|p1a: Aerodactyl|spa|1\n|\n|t:|1776615111\n|switch|p2a: Sneasler|Sneasler, L50, F|31/100|[from] Parting Shot\n|\n|-sideend|p1: jennytells|move: Tailwind\n|upkeep\n|turn|10\n|\n|t:|1776615132\n|switch|p1b: Heracross|Heracross-Mega, L50, M|65/100 brn\n|move|p2b: Blastoise|Water Spout|p1a: Aerodactyl|[spread] p1a,p1b\n|-supereffective|p1a: Aerodactyl|1\n|-damage|p1a: Aerodactyl|0 fnt\n|-damage|p1b: Heracross|0 fnt\n|faint|p1a: Aerodactyl\n|faint|p1b: Heracross\n|move|p2a: Sneasler|Rock Tomb|p1: Aerodactyl|[notarget]\n|-fail|p2a: Sneasler\n|\n|upkeep\n|\n|t:|1776615145\n|switch|p1b: Volcarona|Volcarona, L50, M|100/100\n|turn|11\n|\n|t:|1776615160\n|move|p2b: Blastoise|Water Spout|p1b: Volcarona\n|-supereffective|p1b: Volcarona|1\n|-enditem|p1b: Volcarona|Focus Sash\n|-damage|p1b: Volcarona|1/100\n|move|p2a: Sneasler|Rock Tomb|p1b: Volcarona\n|-supereffective|p1b: Volcarona|2\n|-damage|p1b: Volcarona|0 fnt\n|faint|p1b: Volcarona\n|\n|win|fashoooo\n|raw|jennytells's rating: 1025 &rarr; <strong>1014</strong><br />(-11 for losing)\n|raw|fashoooo's rating: 1092 &rarr; <strong>1113</strong><br />(+21 for winning)\n",
  "uploadtime": 1776615160,
  "views": 9,
  "formatid": "gen9championsvgc2026regma",
  "rating": 1014,
  "private": 0,
  "password": null
}