{
  "id": "gen9championsvgc2026regma-2582583917",
  "format": "[Gen 9 Champions] VGC 2026 Reg M-A",
  "players": [
    "dkapflzksh",
    "DracoSpirit"
  ],
  "log": "|j|\u2606dkapflzksh\n|j|\u2606DracoSpirit\n|t:|1776100867\n|gametype|doubles\n|player|p1|dkapflzksh|thorton|1268\n|player|p2|DracoSpirit|ingo|1301\n|gen|9\n|tier|[Gen 9 Champions] VGC 2026 Reg M-A\n|rated|\n|rule|Species Clause: Limit one of each Pok\u00e9mon\n|rule|Item Clause: Limit 1 of each item\n|clearpoke\n|poke|p1|Pelipper, L50, M|\n|poke|p1|Basculegion, L50, M|\n|poke|p1|Dragonite, L50, F|\n|poke|p1|Archaludon, L50, F|\n|poke|p1|Sableye, L50, M|\n|poke|p1|Incineroar, L50, M|\n|poke|p2|Skarmory, L50, M|\n|poke|p2|Alcremie, L50, F|\n|poke|p2|Talonflame, L50, F|\n|poke|p2|Greninja-*, L50, M|\n|poke|p2|Rotom-Mow, L50|\n|poke|p2|Garchomp, L50, F|\n|teampreview|4\n|inactive|Battle timer is ON: inactive players will automatically lose when time's up. (requested by dkapflzksh)\n|\n|t:|1776100912\n|teamsize|p1|4\n|teamsize|p2|4\n|start\n|switch|p1a: Pelipper|Pelipper, L50, M, shiny|100/100\n|switch|p1b: Basculegion|Basculegion, L50, M, shiny|100/100\n|switch|p2a: Rotom|Rotom-Mow, L50|100/100\n|switch|p2b: Garchomp|Garchomp, L50, F|100/100\n|-weather|RainDance|[from] ability: Drizzle|[of] p1a: Pelipper\n|turn|1\n|\n|t:|1776100936\n|move|p2b: Garchomp|Protect|p2b: Garchomp\n|-singleturn|p2b: Garchomp|Protect\n|move|p1b: Basculegion|Flip Turn|p2b: Garchomp\n|-activate|p2b: Garchomp|move: Protect\n|move|p2a: Rotom|Thunderbolt|p1b: Basculegion\n|-supereffective|p1b: Basculegion|1\n|-damage|p1b: Basculegion|13/100\n|move|p1a: Pelipper|Icy Wind|p2a: Rotom|[spread] p2a\n|-activate|p2b: Garchomp|move: Protect\n|-supereffective|p2a: Rotom|1\n|-damage|p2a: Rotom|70/100\n|-unboost|p2a: Rotom|spe|1\n|\n|-weather|RainDance|[upkeep]\n|upkeep\n|turn|2\n|\n|t:|1776100958\n|switch|p1a: Archaludon|Archaludon, L50, F, shiny|100/100\n|move|p1b: Basculegion|Flip Turn|p2b: Garchomp\n|-crit|p2b: Garchomp\n|-damage|p2b: Garchomp|26/100\n|-damage|p1b: Basculegion|1/100|[from] ability: Rough Skin|[of] p2b: Garchomp\n|\n|t:|1776100965\n|switch|p1b: Incineroar|Incineroar, L50, M|100/100|[from] Flip Turn\n|-ability|p1b: Incineroar|Intimidate|boost\n|-unboost|p2a: Rotom|atk|1\n|-unboost|p2b: Garchomp|atk|1\n|move|p2b: Garchomp|Dragon Claw|p1a: Archaludon\n|-damage|p1a: Archaludon|75/100\n|-ability|p1a: Archaludon|Stamina|boost\n|-boost|p1a: Archaludon|def|1\n|move|p2a: Rotom|Thunderbolt|p1a: Archaludon\n|-resisted|p1a: Archaludon|1\n|-damage|p1a: Archaludon|57/100\n|-ability|p1a: Archaludon|Stamina|boost\n|-boost|p1a: Archaludon|def|1\n|\n|-weather|RainDance|[upkeep]\n|-heal|p1a: Archaludon|63/100|[from] item: Leftovers\n|upkeep\n|turn|3\n|inactive|dkapflzksh has 30 seconds left.\n|\n|t:|1776100991\n|switch|p2a: Alcremie|Alcremie, L50, F|100/100\n|move|p2b: Garchomp|Protect|p2b: Garchomp\n|-singleturn|p2b: Garchomp|Protect\n|move|p1b: Incineroar|Fake Out|p2a: Alcremie\n|-damage|p2a: Alcremie|90/100\n|move|p1a: Archaludon|Dragon Pulse|p2b: Garchomp\n|-activate|p2b: Garchomp|move: Protect\n|\n|-weather|RainDance|[upkeep]\n|-heal|p1a: Archaludon|69/100|[from] item: Leftovers\n|upkeep\n|turn|4\n|\n|t:|1776101007\n|move|p2a: Alcremie|Helping Hand|p2b: Garchomp\n|-singleturn|p2b: Garchomp|Helping Hand|[of] p2a: Alcremie\n|move|p1a: Archaludon|Protect|p1a: Archaludon\n|-singleturn|p1a: Archaludon|Protect\n|move|p2b: Garchomp|Earthquake|p1a: Archaludon|[spread] p2a,p1b\n|-activate|p1a: Archaludon|move: Protect\n|-supereffective|p1b: Incineroar|1\n|-damage|p2a: Alcremie|41/100\n|-damage|p1b: Incineroar|3/100\n|move|p1b: Incineroar|Will-O-Wisp|p2b: Garchomp\n|-status|p2b: Garchomp|brn\n|\n|-weather|RainDance|[upkeep]\n|-heal|p1a: Archaludon|75/100|[from] item: Leftovers\n|-damage|p2b: Garchomp|20/100 brn|[from] brn\n|upkeep\n|turn|5\n|inactive|dkapflzksh has 30 seconds left.\n|\n|t:|1776101034\n|move|p2a: Alcremie|Protect|p2a: Alcremie\n|-singleturn|p2a: Alcremie|Protect\n|move|p2b: Garchomp|Earthquake|p1a: Archaludon|[spread] p1a,p1b\n|-activate|p2a: Alcremie|move: Protect\n|-supereffective|p1a: Archaludon|1\n|-supereffective|p1b: Incineroar|1\n|-damage|p1a: Archaludon|62/100\n|-damage|p1b: Incineroar|0 fnt\n|-ability|p1a: Archaludon|Stamina|boost\n|-boost|p1a: Archaludon|def|1\n|faint|p1b: Incineroar\n|move|p1a: Archaludon|Electro Shot||[still]\n|-prepare|p1a: Archaludon|Electro Shot\n|-boost|p1a: Archaludon|spa|1\n|-anim|p1a: Archaludon|Electro Shot|p2a: Alcremie\n|-activate|p2a: Alcremie|move: Protect\n|\n|-weather|none\n|-heal|p1a: Archaludon|69/100|[from] item: Leftovers\n|-damage|p2b: Garchomp|14/100 brn|[from] brn\n|upkeep\n|\n|t:|1776101050\n|switch|p1b: Pelipper|Pelipper, L50, M, shiny|100/100\n|-weather|RainDance|[from] ability: Drizzle|[of] p1b: Pelipper\n|turn|6\n|\n|t:|1776101061\n|move|p1b: Pelipper|Icy Wind|p2a: Alcremie|[spread] p2a,p2b\n|-supereffective|p2b: Garchomp|2\n|-damage|p2a: Alcremie|31/100\n|-damage|p2b: Garchomp|0 fnt\n|-unboost|p2a: Alcremie|spe|1\n|faint|p2b: Garchomp\n|move|p1a: Archaludon|Electro Shot||[still]\n|-prepare|p1a: Archaludon|Electro Shot\n|-boost|p1a: Archaludon|spa|1\n|-anim|p1a: Archaludon|Electro Shot|p2a: Alcremie\n|-damage|p2a: Alcremie|0 fnt\n|faint|p2a: Alcremie\n|\n|-weather|RainDance|[upkeep]\n|-heal|p1a: Archaludon|75/100|[from] item: Leftovers\n|upkeep\n|\n|t:|1776101067\n|switch|p2b: Greninja|Greninja, L50, M|100/100\n|switch|p2a: Rotom|Rotom-Mow, L50|70/100\n|turn|7\n|\n|t:|1776101082\n|move|p2b: Greninja|Protect|p2b: Greninja\n|-start|p2b: Greninja|typechange|Normal|[from] ability: Protean\n|-singleturn|p2b: Greninja|Protect\n|move|p2a: Rotom|Electroweb|p1b: Pelipper|[spread] p1a,p1b\n|-resisted|p1a: Archaludon|1\n|-supereffective|p1b: Pelipper|2\n|-damage|p1a: Archaludon|67/100\n|-damage|p1b: Pelipper|0 fnt\n|-unboost|p1a: Archaludon|spe|1\n|-ability|p1a: Archaludon|Stamina|boost\n|-boost|p1a: Archaludon|def|1\n|faint|p1b: Pelipper\n|move|p1a: Archaludon|Electro Shot||[still]\n|-prepare|p1a: Archaludon|Electro Shot\n|-boost|p1a: Archaludon|spa|1\n|-anim|p1a: Archaludon|Electro Shot|p2b: Greninja\n|-activate|p2b: Greninja|move: Protect\n|\n|-weather|RainDance|[upkeep]\n|-heal|p1a: Archaludon|73/100|[from] item: Leftovers\n|upkeep\n|\n|t:|1776101100\n|switch|p1b: Basculegion|Basculegion, L50, M, shiny|1/100\n|turn|8\n|\n|t:|1776101121\n|detailschange|p2b: Greninja|Greninja-Mega, L50, M\n|-mega|p2b: Greninja|Greninja|Greninjite\n|move|p2b: Greninja|Water Shuriken|p1a: Archaludon\n|-start|p2b: Greninja|typechange|Water|[from] ability: Protean\n|-resisted|p1a: Archaludon|1\n|-damage|p1a: Archaludon|67/100\n|-ability|p1a: Archaludon|Stamina|boost\n|-boost|p1a: Archaludon|def|1\n|-resisted|p1a: Archaludon|1\n|-damage|p1a: Archaludon|61/100\n|-ability|p1a: Archaludon|Stamina|boost\n|-boost|p1a: Archaludon|def|1\n|-hitcount|p1a: Archaludon|2\n|move|p1b: Basculegion|Last Respects|p2a: Rotom\n|-damage|p2a: Rotom|0 fnt\n|faint|p2a: Rotom\n|move|p1a: Archaludon|Dragon Pulse|p2b: Greninja\n|-damage|p2b: Greninja|0 fnt\n|faint|p2b: Greninja\n|\n|win|dkapflzksh\n|raw|dkapflzksh's rating: 1268 &rarr; <strong>1295</strong><br />(+27 for winning)\n|raw|DracoSpirit's rating: 1301 &rarr; <strong>1279</strong><br />(-22 for losing)\n",
  "uploadtime": 1776101121,
  "views": 32,
  "formatid": "gen9championsvgc2026regma",
  "rating": 1279,
  "private": 0,
  "password": null
}