{
  "id": "gen9championsvgc2026regma-2581782868",
  "format": "[Gen 9 Champions] VGC 2026 Reg M-A",
  "players": [
    "iAmGross",
    "hunterdrago"
  ],
  "log": "|j|\u2606iAmGross\n|j|\u2606hunterdrago\n|html|<table width=\"100%\"><tr><td align=\"left\">iAmGross</td><td align=\"right\">hunterdrago</tr><tr><td align=\"left\"><i class=\"fa fa-circle-o\"></i> <i class=\"fa fa-circle-o\"></i> </td><td align=\"right\"><i class=\"fa fa-circle-o\"></i> <i class=\"fa fa-circle-o\"></i> </tr></table>\n|uhtml|bestof|<h2><strong>Game 1</strong> of <a href=\"/game-bestof3-gen9championsvgc2026regma-2581782867\">a best-of-3</a></h2>\n|t:|1776028031\n|gametype|doubles\n|player|p1|iAmGross|101|\n|player|p2|hunterdrago|rosa|\n|gen|9\n|tier|[Gen 9 Champions] VGC 2026 Reg M-A\n|rule|Species Clause: Limit one of each Pok\u00e9mon\n|rule|Item Clause: Limit 1 of each item\n|raw|<div class=\"infobox\"><details class=\"readmore\" open><summary><strong>1 custom rule:</strong></summary> Best of = 3</details></div>\n|clearpoke\n|poke|p1|Tyranitar, L50, M|\n|poke|p1|Clefable, L50, M|\n|poke|p1|Excadrill, L50, M|\n|poke|p1|Wyrdeer, L50, M|\n|poke|p1|Rotom-Heat, L50|\n|poke|p1|Gyarados, L50, F|\n|poke|p2|Lopunny, L50, F|\n|poke|p2|Whimsicott, L50, M|\n|poke|p2|Torkoal, L50, M|\n|poke|p2|Typhlosion-Hisui, L50, F|\n|poke|p2|Oranguru, L50, M|\n|poke|p2|Tauros-Paldea-Aqua, L50, M|\n|teampreview|4\n|c|\u2606hunterdrago|omg its time\n|c|\u2606iAmGross|glhf!\n|c|\u2606hunterdrago|no teamsheets yea?\n|c|\u2606iAmGross|correct\n|\n|t:|1776028110\n|teamsize|p1|4\n|teamsize|p2|4\n|start\n|switch|p1a: Wyrdeer|Wyrdeer, L50, M|100/100\n|switch|p1b: Gyarados|Gyarados, L50, F|100/100\n|switch|p2a: Lopunny|Lopunny, L50, F|100/100\n|switch|p2b: Torkoal|Torkoal, L50, M|100/100\n|-ability|p1b: Gyarados|Intimidate|boost\n|-unboost|p2a: Lopunny|atk|1\n|-unboost|p2b: Torkoal|atk|1\n|-ability|p1a: Wyrdeer|Intimidate|boost\n|-unboost|p2a: Lopunny|atk|1\n|-unboost|p2b: Torkoal|atk|1\n|-weather|SunnyDay|[from] ability: Drought|[of] p2b: Torkoal\n|turn|1\n|\n|t:|1776028163\n|switch|p2a: Tauros|Tauros-Paldea-Aqua, L50, M|100/100\n|-ability|p2a: Tauros|Intimidate|boost\n|-unboost|p1a: Wyrdeer|atk|1\n|-unboost|p1b: Gyarados|atk|1\n|move|p1b: Gyarados|Waterfall|p2b: Torkoal\n|-supereffective|p2b: Torkoal|1\n|-damage|p2b: Torkoal|75/100\n|move|p1a: Wyrdeer|Earth Power|p2b: Torkoal\n|-supereffective|p2b: Torkoal|1\n|-damage|p2b: Torkoal|0 fnt\n|faint|p2b: Torkoal\n|\n|-weather|SunnyDay|[upkeep]\n|upkeep\n|\n|t:|1776028175\n|switch|p2b: Lopunny|Lopunny, L50, F|100/100\n|turn|2\n|\n|t:|1776028206\n|switch|p1b: Clefable|Clefable, L50, M|100/100\n|detailschange|p2b: Lopunny|Lopunny-Mega, L50, F\n|-mega|p2b: Lopunny|Lopunny|Lopunnite\n|move|p2b: Lopunny|Fake Out|p1a: Wyrdeer\n|-damage|p1a: Wyrdeer|75/100\n|move|p2a: Tauros|Close Combat|p1a: Wyrdeer\n|-damage|p1a: Wyrdeer|12/100\n|-unboost|p2a: Tauros|def|1\n|-unboost|p2a: Tauros|spd|1\n|cant|p1a: Wyrdeer|flinch\n|\n|-weather|SunnyDay|[upkeep]\n|upkeep\n|turn|3\n|\n|t:|1776028228\n|switch|p2a: Whimsicott|Whimsicott, L50, M|100/100\n|detailschange|p1b: Clefable|Clefable-Mega, L50, M\n|-mega|p1b: Clefable|Clefable|Clefablite\n|move|p2b: Lopunny|Protect|p2b: Lopunny\n|-singleturn|p2b: Lopunny|Protect\n|move|p1b: Clefable|Follow Me|p1b: Clefable\n|-singleturn|p1b: Clefable|move: Follow Me\n|move|p1a: Wyrdeer|Trick Room|p1a: Wyrdeer\n|-fieldstart|move: Trick Room|[of] p1a: Wyrdeer\n|\n|-weather|SunnyDay|[upkeep]\n|upkeep\n|turn|4\n|\n|t:|1776028273\n|switch|p1a: Tyranitar|Tyranitar, L50, M|100/100\n|-weather|Sandstorm|[from] ability: Sand Stream|[of] p1a: Tyranitar\n|switch|p2b: Tauros|Tauros-Paldea-Aqua, L50, M|100/100\n|-ability|p2b: Tauros|Intimidate|boost\n|-unboost|p1a: Tyranitar|atk|1\n|-unboost|p1b: Clefable|atk|1\n|-enditem|p1a: Tyranitar|White Herb\n|-clearnegativeboost|p1a: Tyranitar|[silent]\n|move|p2a: Whimsicott|Encore|p1a: Tyranitar\n|-hint|Since gen 7, Dark is immune to Prankster moves.\n|-immune|p1a: Tyranitar\n|move|p1b: Clefable|Air Slash|p2b: Tauros\n|-supereffective|p2b: Tauros|1\n|-damage|p2b: Tauros|3/100\n|-enditem|p2b: Tauros|Sitrus Berry|[eat]\n|-heal|p2b: Tauros|28/100|[from] item: Sitrus Berry\n|\n|-weather|Sandstorm|[upkeep]\n|-damage|p1b: Clefable|95/100|[from] Sandstorm\n|-damage|p2b: Tauros|22/100|[from] Sandstorm\n|-damage|p2a: Whimsicott|95/100|[from] Sandstorm\n|upkeep\n|turn|5\n|\n|t:|1776028314\n|move|p1b: Clefable|Follow Me|p1b: Clefable\n|-singleturn|p1b: Clefable|move: Follow Me\n|move|p2b: Tauros|Aqua Jet|p1b: Clefable\n|-damage|p1b: Clefable|78/100\n|move|p2a: Whimsicott|Sunny Day|p2a: Whimsicott\n|-weather|SunnyDay\n|move|p1a: Tyranitar|Rock Slide|p2a: Whimsicott|[spread] p2a,p2b\n|-resisted|p2b: Tauros|1\n|-damage|p2a: Whimsicott|51/100\n|-damage|p2b: Tauros|2/100\n|\n|-weather|SunnyDay|[upkeep]\n|upkeep\n|turn|6\n|\n|t:|1776028330\n|move|p1b: Clefable|Follow Me|p1b: Clefable\n|-singleturn|p1b: Clefable|move: Follow Me\n|move|p2a: Whimsicott|Encore|p1b: Clefable\n|move|p1b: Clefable|Encore||[from] ability: Magic Bounce|[still]\n|-fail|p1b: Clefable\n|move|p1a: Tyranitar|Rock Slide|p2b: Tauros|[spread] p2a\n|-miss|p1a: Tyranitar|p2b: Tauros\n|-crit|p2a: Whimsicott\n|-damage|p2a: Whimsicott|0 fnt\n|faint|p2a: Whimsicott\n|move|p2b: Tauros|Close Combat|p1b: Clefable\n|-resisted|p1b: Clefable|2\n|-damage|p1b: Clefable|66/100\n|-unboost|p2b: Tauros|def|1\n|-unboost|p2b: Tauros|spd|1\n|\n|-weather|SunnyDay|[upkeep]\n|upkeep\n|\n|t:|1776028332\n|switch|p2a: Lopunny|Lopunny-Mega, L50, F|100/100\n|turn|7\n|\n|t:|1776028354\n|switch|p1a: Gyarados|Gyarados, L50, F|100/100\n|-ability|p1a: Gyarados|Intimidate|boost\n|-fail|p2a: Lopunny|unboost|Attack|[from] ability: Scrappy|[of] p2a: Lopunny\n|-unboost|p2b: Tauros|atk|1\n|move|p1b: Clefable|Icy Wind|p2b: Tauros|[spread] p2a,p2b\n|-resisted|p2b: Tauros|1\n|-damage|p2a: Lopunny|88/100\n|-damage|p2b: Tauros|0 fnt\n|-unboost|p2a: Lopunny|spe|1\n|faint|p2b: Tauros\n|move|p2a: Lopunny|Close Combat|p1a: Gyarados\n|-resisted|p1a: Gyarados|1\n|-damage|p1a: Gyarados|64/100\n|-unboost|p2a: Lopunny|def|1\n|-unboost|p2a: Lopunny|spd|1\n|\n|-weather|SunnyDay|[upkeep]\n|-fieldend|move: Trick Room\n|upkeep\n|turn|8\n|\n|t:|1776028370\n|move|p1b: Clefable|Air Slash|p2a: Lopunny\n|-supereffective|p2a: Lopunny|1\n|-damage|p2a: Lopunny|0 fnt\n|faint|p2a: Lopunny\n|\n|win|iAmGross\n||hunterdrago is ready for game 2.\n||iAmGross is ready for game 2.\n|uhtml|next|Next: <a href=\"/battle-gen9championsvgc2026regma-2581787236\"><strong>Game 2 of 3</strong></a>\n|l|\u2606hunterdrago\n|player|p2|\n",
  "uploadtime": 1776028675,
  "views": 45,
  "formatid": "gen9championsvgc2026regma",
  "rating": null,
  "private": 0,
  "password": null
}