{
  "id": "gen9championsvgc2026regma-2589499750",
  "format": "[Gen 9 Champions] VGC 2026 Reg M-A",
  "players": [
    "Red3vilgg",
    "muffinmcbluffin"
  ],
  "log": "|j|\u2606Red3vilgg\n|j|\u2606muffinmcbluffin\n|t:|1776728563\n|gametype|doubles\n|player|p1|Red3vilgg|red-gen7|1285\n|player|p2|muffinmcbluffin|2|1366\n|gen|9\n|tier|[Gen 9 Champions] VGC 2026 Reg M-A\n|rated|\n|rule|Species Clause: Limit one of each Pok\u00e9mon\n|rule|Item Clause: Limit 1 of each item\n|clearpoke\n|poke|p1|Charizard, L50, M|\n|poke|p1|Sableye, L50, M|\n|poke|p1|Basculegion, L50, M|\n|poke|p1|Sinistcha, L50|\n|poke|p1|Ninetales-Alola, L50, M, shiny|\n|poke|p1|Kingambit, L50, M|\n|poke|p2|Tyranitar, L50, M|\n|poke|p2|Corviknight, L50, M|\n|poke|p2|Rotom-Wash, L50|\n|poke|p2|Incineroar, L50, F|\n|poke|p2|Sinistcha, L50|\n|poke|p2|Excadrill, L50, F|\n|teampreview|4\nmuffinmcbluffin has agreed to open team sheets.\n|inactive|Battle timer is ON: inactive players will automatically lose when time's up. (requested by Red3vilgg)\n|c|\u2606muffinmcbluffin|Oooh do i spy zard x 0_0\nRed3vilgg has agreed to open team sheets.\n|showteam|p1|Charizard||CharizarditeX|Blaze|DragonDance,DragonClaw,BrickBreak,FlareBlitz|||M|||50|]Sableye||MentalHerb|Prankster|WillOWisp,KnockOff,Recover,Encore|||M|||50|]Basculegion||ChoiceScarf|Adaptability|LastRespects,WaveCrash,FlipTurn,AquaJet|||M|||50|]Sinistcha||Leftovers|Hospitality|MatchaGotcha,RagePowder,LifeDew,Protect||||||50|]Ninetales-Alola||FocusSash|SnowWarning|AuroraVeil,Moonblast,Blizzard,FreezeDry|||M|||50|]Kingambit||BlackGlasses|Defiant|KowtowCleave,SuckerPunch,IronHead,LowKick|||M|||50|\n|showteam|p2|Tyranitar||Tyranitarite|SandStream|KnockOff,LowKick,RockSlide,Protect|||M|||50|]Corviknight||Leftovers|MirrorArmor|IronDefense,BodyPress,BraveBird,Roost|||M|||50|]Rotom-Wash||ChoiceScarf|Levitate|Electroweb,Thunderbolt,VoltSwitch,HydroPump||||||50|]Incineroar||ChopleBerry|Intimidate|FakeOut,FlareBlitz,PartingShot,DarkestLariat|||F|||50|]Sinistcha||SitrusBerry|Hospitality|TrickRoom,MatchaGotcha,LifeDew,RagePowder||||||50|]Excadrill||FocusSash|SandRush|Earthquake,Protect,IronHead,RockSlide|||F|||50|\n|inactive|muffinmcbluffin has 60 seconds left.\n|\n|t:|1776728607\n|teamsize|p1|4\n|teamsize|p2|4\n|start\n|switch|p1a: Basculegion|Basculegion, L50, M|100/100\n|switch|p1b: Lizardon|Charizard, L50, M|100/100\n|switch|p2a: Tyranitar|Tyranitar, L50, M|100/100\n|switch|p2b: Incineroar|Incineroar, L50, F|100/100\n|-weather|Sandstorm|[from] ability: Sand Stream|[of] p2a: Tyranitar\n|-ability|p2b: Incineroar|Intimidate|boost\n|-unboost|p1a: Basculegion|atk|1\n|-unboost|p1b: Lizardon|atk|1\n|turn|1\n|inactive|muffinmcbluffin has 30 seconds left.\n|inactive|muffinmcbluffin has 20 seconds left.\n|\n|t:|1776728642\n|detailschange|p1b: Lizardon|Charizard-Mega-X, L50, M\n|-mega|p1b: Lizardon|Charizard|Charizardite X\n|move|p2b: Incineroar|Fake Out|p1b: Lizardon\n|-damage|p1b: Lizardon|88/100\n|move|p1a: Basculegion|Wave Crash|p2a: Tyranitar\n|-supereffective|p2a: Tyranitar|1\n|-crit|p2a: Tyranitar\n|-damage|p2a: Tyranitar|0 fnt\n|faint|p2a: Tyranitar\n|-damage|p1a: Basculegion|66/100|[from] Recoil\n|cant|p1b: Lizardon|flinch\n|\n|-weather|Sandstorm|[upkeep]\n|-damage|p1a: Basculegion|59/100|[from] Sandstorm\n|-damage|p1b: Lizardon|82/100|[from] Sandstorm\n|-damage|p2b: Incineroar|95/100|[from] Sandstorm\n|upkeep\n|\n|t:|1776728648\n|switch|p2a: Rotom|Rotom-Wash, L50|100/100\n|turn|2\n|\n|t:|1776728666\n|switch|p1a: Kurama|Ninetales-Alola, L50, M, shiny|100/100\n|-weather|Snowscape|[from] ability: Snow Warning|[of] p1a: Kurama\n|move|p2a: Rotom|Hydro Pump|p1b: Lizardon\n|-damage|p1b: Lizardon|25/100\n|move|p1b: Lizardon|Dragon Dance|p1b: Lizardon\n|-boost|p1b: Lizardon|atk|1\n|-boost|p1b: Lizardon|spe|1\n|move|p2b: Incineroar|Darkest Lariat|p1a: Kurama\n|-resisted|p1a: Kurama|1\n|-damage|p1a: Kurama|79/100\n|\n|-weather|Snowscape|[upkeep]\n|upkeep\n|turn|3\n|\n|t:|1776728689\n|move|p2a: Rotom|Hydro Pump|p1b: Lizardon\n|-damage|p1b: Lizardon|0 fnt\n|faint|p1b: Lizardon\n|move|p1a: Kurama|Aurora Veil|p1a: Kurama\n|-sidestart|p1: Red3vilgg|move: Aurora Veil\n|move|p2b: Incineroar|Parting Shot|p1a: Kurama\n|-unboost|p1a: Kurama|atk|1\n|-unboost|p1a: Kurama|spa|1\n|\n|t:|1776728692\n|switch|p2b: Corviknight|Corviknight, L50, M|100/100|[from] Parting Shot\n|\n|-weather|Snowscape|[upkeep]\n|upkeep\n|\n|t:|1776728707\n|switch|p1b: Basculegion|Basculegion, L50, M|59/100\n|turn|4\n|\n|t:|1776728714\n|switch|p2a: Incineroar|Incineroar, L50, F|95/100\n|-ability|p2a: Incineroar|Intimidate|boost\n|-unboost|p1a: Kurama|atk|1\n|-unboost|p1b: Basculegion|atk|1\n|move|p1b: Basculegion|Last Respects|p2a: Incineroar\n|-resisted|p2a: Incineroar|1\n|-damage|p2a: Incineroar|74/100\n|move|p1a: Kurama|Freeze-Dry|p2a: Incineroar\n|-resisted|p2a: Incineroar|1\n|-damage|p2a: Incineroar|66/100\n|move|p2b: Corviknight|Iron Defense|p2b: Corviknight\n|-boost|p2b: Corviknight|def|2\n|\n|-weather|Snowscape|[upkeep]\n|upkeep\n|turn|5\n|\n|t:|1776728732\n|switch|p1b: Samurai|Kingambit, L50, M|100/100\n|move|p1a: Kurama|Blizzard|p2b: Corviknight|[spread] p2a,p2b\n|-resisted|p2a: Incineroar|1\n|-damage|p2a: Incineroar|57/100\n|-damage|p2b: Corviknight|84/100\n|move|p2b: Corviknight|Iron Defense|p2b: Corviknight\n|-boost|p2b: Corviknight|def|2\n|move|p2a: Incineroar|Flare Blitz|p1b: Samurai\n|-supereffective|p1b: Samurai|1\n|-damage|p1b: Samurai|41/100\n|-damage|p2a: Incineroar|37/100|[from] Recoil\n|\n|-weather|Snowscape|[upkeep]\n|-heal|p2b: Corviknight|90/100|[from] item: Leftovers\n|upkeep\n|turn|6\n|\n|t:|1776728755\n|move|p1b: Samurai|Sucker Punch|p2a: Incineroar\n|-resisted|p2a: Incineroar|1\n|-damage|p2a: Incineroar|12/100\n|move|p1a: Kurama|Moonblast|p2a: Incineroar\n|-damage|p2a: Incineroar|0 fnt\n|faint|p2a: Incineroar\n|move|p2b: Corviknight|Iron Defense|p2b: Corviknight\n|-boost|p2b: Corviknight|def|2\n|\n|-weather|none\n|-heal|p2b: Corviknight|96/100|[from] item: Leftovers\n|upkeep\n|\n|t:|1776728760\n|switch|p2a: Rotom|Rotom-Wash, L50|100/100\n|turn|7\n|\n|t:|1776728777\n|move|p2a: Rotom|Thunderbolt|p1b: Samurai\n|-damage|p1b: Samurai|13/100\n|move|p1a: Kurama|Freeze-Dry|p2a: Rotom\n|-supereffective|p2a: Rotom|1\n|-damage|p2a: Rotom|49/100\n|move|p2b: Corviknight|Body Press|p1b: Samurai\n|-supereffective|p1b: Samurai|2\n|-damage|p1b: Samurai|0 fnt\n|faint|p1b: Samurai\n|\n|-heal|p2b: Corviknight|100/100|[from] item: Leftovers\n|-sideend|p1: Red3vilgg|move: Aurora Veil\n|upkeep\n|\n|t:|1776728788\n|switch|p1b: Basculegion|Basculegion, L50, M|59/100\n|turn|8\n|\n|t:|1776728805\n|move|p2a: Rotom|Thunderbolt|p1b: Basculegion\n|-supereffective|p1b: Basculegion|1\n|-damage|p1b: Basculegion|0 fnt\n|faint|p1b: Basculegion\n|move|p1a: Kurama|Freeze-Dry|p2a: Rotom\n|-supereffective|p2a: Rotom|1\n|-damage|p2a: Rotom|0 fnt\n|faint|p2a: Rotom\n|move|p2b: Corviknight|Body Press|p1a: Kurama\n|-damage|p1a: Kurama|0 fnt\n|faint|p1a: Kurama\n|\n|win|muffinmcbluffin\n|raw|Red3vilgg's rating: 1285 &rarr; <strong>1266</strong><br />(-19 for losing)\n|raw|muffinmcbluffin's rating: 1366 &rarr; <strong>1381</strong><br />(+15 for winning)\n",
  "uploadtime": 1776728811,
  "views": 8,
  "formatid": "gen9championsvgc2026regma",
  "rating": 1266,
  "private": 0,
  "password": null
}