{
  "id": "gen9championsvgc2026regma-2582534727",
  "format": "[Gen 9 Champions] VGC 2026 Reg M-A",
  "players": [
    "1989DEFWO",
    "MakeItRain30%"
  ],
  "log": "|j|\u26061989DEFWO\n|j|\u203dMakeItRain30%\n|t:|1776097831\n|gametype|doubles\n|player|p1|1989DEFWO|swimmer-gen4dp|\n|player|p2|MakeItRain30%|ghetsis-gen5bw|\n|gen|9\n|tier|[Gen 9 Champions] VGC 2026 Reg M-A\n|rated|Tournament battle\n|rule|Species Clause: Limit one of each Pok\u00e9mon\n|rule|Item Clause: Limit 1 of each item\n|raw|<div class=\"infobox\"><details class=\"readmore\" open><summary><strong>1 custom rule:</strong></summary> Force Open Team Sheets</details></div>\n|clearpoke\n|poke|p1|Arcanine-Hisui, L50, F|\n|poke|p1|Alakazam, L50, M|\n|poke|p1|Tsareena, L50, F|\n|poke|p1|Liepard, L50, M|\n|poke|p1|Sneasler, L50, M|\n|poke|p1|Basculegion-F, L50, F|\n|poke|p2|Floette-Eternal, L50, F|\n|poke|p2|Whimsicott, L50, M|\n|poke|p2|Maushold-Four, L50|\n|poke|p2|Sneasler, L50, M|\n|poke|p2|Basculegion, L50, M|\n|poke|p2|Garchomp, L50, F|\n|teampreview|4\n|showteam|p1|Arcanine-Hisui||ChoiceScarf|RockHead|FlareBlitz,HeadSmash,DoubleEdge,WildCharge|||F|||50|]Alakazam||Alakazite|InnerFocus|NastyPlot,DazzlingGleam,Psychic,Protect|||M|||50|]Tsareena||SitrusBerry|QueenlyMajesty|Protect,HelpingHand,SeedBomb,Uturn|||F|||50|]Liepard||FocusSash|Prankster|FakeTears,Taunt,ThunderWave,SuckerPunch|||M|||50|]Sneasler||WhiteHerb|Unburden|FakeOut,CloseCombat,DireClaw,Protect|||M|||50|]Basculegion-F||Leftovers|Adaptability|HydroPump,IceBeam,ShadowBall,Protect|||F|||50|\n|showteam|p2|Floette-Eternal||Floettite|FlowerVeil|Moonblast,DazzlingGleam,Synthesis,Protect|||F|||50|]Whimsicott||FocusSash|Prankster|Moonblast,Tailwind,FakeTears,Protect|||M|||50|]Maushold-Four||ChopleBerry|FriendGuard|SuperFang,Taunt,Protect,FollowMe||||||50|]Sneasler||WhiteHerb|Unburden|Protect,DireClaw,CloseCombat,FakeOut|||M|||50|]Basculegion||ChoiceScarf|Adaptability|WaveCrash,FlipTurn,LastRespects,AquaJet|||M|||50|]Garchomp||HabanBerry|RoughSkin|StompingTantrum,DragonClaw,Earthquake,Protect|||F|||50|\n|inactive|Battle timer is ON: inactive players will automatically lose when time's up. (requested by MakeItRain30%)\n|inactive|1989DEFWO has 60 seconds left.\n|inactive|MakeItRain30% has 60 seconds left.\n|\n|t:|1776097879\n|teamsize|p1|4\n|teamsize|p2|4\n|start\n|switch|p1a: Tsareena|Tsareena, L50, F|100/100\n|switch|p1b: Alakazam|Alakazam, L50, M|100/100\n|switch|p2a: Maushold|Maushold-Four, L50|100/100\n|switch|p2b: Garchomp|Garchomp, L50, F|100/100\n|turn|1\n|inactive|MakeItRain30% has 30 seconds left.\n|\n|t:|1776097908\n|detailschange|p1b: Alakazam|Alakazam-Mega, L50, M\n|-mega|p1b: Alakazam|Alakazam|Alakazite\n|-ability|p1b: Alakazam|Friend Guard|Trace|[from] ability: Trace|[of] p2a: Maushold\n|move|p1a: Tsareena|Helping Hand|p1b: Alakazam\n|-singleturn|p1b: Alakazam|Helping Hand|[of] p1a: Tsareena\n|move|p1b: Alakazam|Dazzling Gleam|p2a: Maushold|[spread] p2a,p2b\n|-supereffective|p2b: Garchomp|1\n|-damage|p2a: Maushold|50/100\n|-damage|p2b: Garchomp|43/100\n|move|p2a: Maushold|Super Fang|p1b: Alakazam\n|-damage|p1b: Alakazam|50/100\n|move|p2b: Garchomp|Stomping Tantrum|p1b: Alakazam\n|-damage|p1b: Alakazam|0 fnt\n|faint|p1b: Alakazam\n|\n|upkeep\n|\n|t:|1776097930\n|switch|p1b: Sneasler|Sneasler, L50, M|100/100\n|turn|2\n|\n|t:|1776097947\n|switch|p2a: Basculegion|Basculegion, L50, M|100/100\n|move|p2b: Garchomp|Protect|p2b: Garchomp\n|-singleturn|p2b: Garchomp|Protect\n|move|p1b: Sneasler|Close Combat|p2b: Garchomp\n|-activate|p2b: Garchomp|move: Protect\n|move|p1a: Tsareena|Seed Bomb|p2a: Basculegion\n|-supereffective|p2a: Basculegion|1\n|-damage|p2a: Basculegion|0 fnt\n|faint|p2a: Basculegion\n|\n|upkeep\n|\n|t:|1776097958\n|switch|p2a: Maushold|Maushold-Four, L50|50/100\n|turn|3\n|\n|t:|1776097970\n|move|p1b: Sneasler|Protect|p1b: Sneasler\n|-singleturn|p1b: Sneasler|Protect\n|move|p2a: Maushold|Follow Me|p2a: Maushold\n|-singleturn|p2a: Maushold|move: Follow Me\n|move|p2b: Garchomp|Earthquake|p1b: Sneasler|[spread] p2a,p1a\n|-activate|p1b: Sneasler|move: Protect\n|-resisted|p1a: Tsareena|1\n|-damage|p2a: Maushold|3/100\n|-damage|p1a: Tsareena|80/100\n|move|p1a: Tsareena|Seed Bomb|p2a: Maushold\n|-damage|p2a: Maushold|0 fnt\n|faint|p2a: Maushold\n|\n|upkeep\n|\n|t:|1776097972\n|switch|p2a: Floette|Floette-Eternal, L50, F|100/100\n|turn|4\n|\n|t:|1776097983\n|move|p1a: Tsareena|Helping Hand|p1b: Sneasler\n|-singleturn|p1b: Sneasler|Helping Hand|[of] p1a: Tsareena\n|move|p2a: Floette|Protect|p2a: Floette\n|-singleturn|p2a: Floette|Protect\n|move|p1b: Sneasler|Dire Claw|p2a: Floette\n|-activate|p2a: Floette|move: Protect\n|move|p2b: Garchomp|Earthquake|p1b: Sneasler|[spread] p1a,p1b\n|-activate|p2a: Floette|move: Protect\n|-resisted|p1a: Tsareena|1\n|-supereffective|p1b: Sneasler|1\n|-damage|p1a: Tsareena|62/100\n|-damage|p1b: Sneasler|0 fnt\n|faint|p1b: Sneasler\n|\n|upkeep\n|\n|t:|1776097988\n|switch|p1b: Liepard|Liepard, L50, M|100/100\n|turn|5\n|\n|t:|1776097999\n|detailschange|p2a: Floette|Floette-Mega, L50, F\n|-mega|p2a: Floette|Floette|Floettite\n|-ability|p2a: Floette|Fairy Aura\n|move|p1b: Liepard|Sucker Punch|p2b: Garchomp\n|-damage|p2b: Garchomp|20/100\n|-damage|p1b: Liepard|88/100|[from] ability: Rough Skin|[of] p2b: Garchomp\n|move|p2b: Garchomp|Dragon Claw|p1a: Tsareena\n|-damage|p1a: Tsareena|21/100\n|-enditem|p1a: Tsareena|Sitrus Berry|[eat]\n|-heal|p1a: Tsareena|46/100|[from] item: Sitrus Berry\n|move|p2a: Floette|Dazzling Gleam|p1b: Liepard|[spread] p1a,p1b\n|-supereffective|p1b: Liepard|1\n|-damage|p1a: Tsareena|0 fnt\n|-damage|p1b: Liepard|0 fnt\n|faint|p1a: Tsareena\n|faint|p1b: Liepard\n|\n|win|MakeItRain30%\n|n|\u26061989DEFWO|1989defwo\n|n|\u203dMakeItRain30%|makeitrain30\n|l|\u26061989DEFWO\n|player|p1|\n",
  "uploadtime": 1776098017,
  "views": 16,
  "formatid": "gen9championsvgc2026regma",
  "rating": null,
  "private": 0,
  "password": null
}