{
  "id": "gen9championsvgc2026regma-2584156218",
  "format": "[Gen 9 Champions] VGC 2026 Reg M-A",
  "players": [
    "WinterFrost123123",
    "DoctorGrizzman"
  ],
  "log": "|j|\u2606WinterFrost123123\n|j|\u2606DoctorGrizzman\n|t:|1776231859\n|gametype|doubles\n|player|p1|WinterFrost123123|1|1040\n|player|p2|DoctorGrizzman|cynthia|1132\n|gen|9\n|tier|[Gen 9 Champions] VGC 2026 Reg M-A\n|rated|\n|rule|Species Clause: Limit one of each Pok\u00e9mon\n|rule|Item Clause: Limit 1 of each item\n|clearpoke\n|poke|p1|Dragonite, L50, M|\n|poke|p1|Pelipper, L50, M|\n|poke|p1|Archaludon, L50, M|\n|poke|p1|Tauros-Paldea-Aqua, L50, M|\n|poke|p1|Sneasler, L50, M|\n|poke|p1|Jolteon, L50, F|\n|poke|p2|Runerigus, L50, F|\n|poke|p2|Incineroar, L50, F|\n|poke|p2|Drampa, L50, F|\n|poke|p2|Oranguru, L50, M|\n|poke|p2|Kingambit, L50, F|\n|poke|p2|Ampharos, L50, M|\n|teampreview|4\n|j| Mokass\nWinterFrost123123 rejected open team sheets.\n|l| Mokass\n|\n|t:|1776231882\n|teamsize|p1|4\n|teamsize|p2|4\n|start\n|switch|p1a: Pelipper|Pelipper, L50, M|100/100\n|switch|p1b: Archaludon|Archaludon, L50, M|100/100\n|switch|p2a: Runerigus|Runerigus, L50, F|100/100\n|switch|p2b: Incineroar|Incineroar, L50, F|100/100\n|-weather|RainDance|[from] ability: Drizzle|[of] p1a: Pelipper\n|-ability|p2b: Incineroar|Intimidate|boost\n|-unboost|p1a: Pelipper|atk|1\n|-unboost|p1b: Archaludon|atk|1\n|turn|1\n|\n|t:|1776231909\n|move|p1b: Archaludon|Electro Shot||[still]\n|-prepare|p1b: Archaludon|Electro Shot\n|-boost|p1b: Archaludon|spa|1\n|-anim|p1b: Archaludon|Electro Shot|p2b: Incineroar\n|-damage|p2b: Incineroar|50/100\n|-enditem|p2b: Incineroar|Sitrus Berry|[eat]\n|-heal|p2b: Incineroar|75/100|[from] item: Sitrus Berry\n|move|p1a: Pelipper|Tailwind|p1a: Pelipper\n|-sidestart|p1: WinterFrost123123|move: Tailwind\n|move|p2b: Incineroar|Parting Shot|p1a: Pelipper\n|-unboost|p1a: Pelipper|atk|1\n|-unboost|p1a: Pelipper|spa|1\n|\n|t:|1776231920\n|switch|p2b: Ampharos|Ampharos, L50, M|100/100|[from] Parting Shot\n|move|p2a: Runerigus|Trick Room|p2a: Runerigus\n|-fieldstart|move: Trick Room|[of] p2a: Runerigus\n|\n|-weather|RainDance|[upkeep]\n|upkeep\n|turn|2\n|\n|t:|1776231951\n|detailschange|p2b: Ampharos|Ampharos-Mega, L50, M\n|-mega|p2b: Ampharos|Ampharos|Ampharosite\n|-ability|p2b: Ampharos|Mold Breaker\n|move|p1a: Pelipper|Protect|p1a: Pelipper\n|-singleturn|p1a: Pelipper|Protect\n|move|p2a: Runerigus|Fake Tears|p1b: Archaludon\n|-unboost|p1b: Archaludon|spd|2\n|move|p2b: Ampharos|Dragon Pulse|p1b: Archaludon\n|-damage|p1b: Archaludon|0 fnt\n|faint|p1b: Archaludon\n|\n|-weather|RainDance|[upkeep]\n|upkeep\n|\n|t:|1776231974\n|switch|p1b: Tauros|Tauros-Paldea-Aqua, L50, M|100/100\n|-ability|p1b: Tauros|Intimidate|boost\n|-unboost|p2a: Runerigus|atk|1\n|-unboost|p2b: Ampharos|atk|1\n|turn|3\n|\n|t:|1776231986\n|move|p2a: Runerigus|Will-O-Wisp|p1b: Tauros\n|-status|p1b: Tauros|brn\n|move|p2b: Ampharos|Discharge|p1a: Pelipper|[spread] p1a,p1b\n|-immune|p2a: Runerigus\n|-supereffective|p1a: Pelipper|2\n|-supereffective|p1b: Tauros|1\n|-damage|p1a: Pelipper|0 fnt\n|-damage|p1b: Tauros|0 fnt\n|faint|p1a: Pelipper\n|faint|p1b: Tauros\n|\n|-weather|RainDance|[upkeep]\n|upkeep\n|\n|t:|1776232017\n|switch|p1a: Dragonite|Dragonite, L50, M, shiny|100/100\n|turn|4\n|\n|t:|1776232021\n|detailschange|p1a: Dragonite|Dragonite-Mega, L50, M, shiny\n|-mega|p1a: Dragonite|Dragonite|Dragoninite\n|move|p1a: Dragonite|Protect|p1a: Dragonite\n|-singleturn|p1a: Dragonite|Protect\n|move|p2a: Runerigus|Fake Tears|p1a: Dragonite\n|-activate|p1a: Dragonite|move: Protect\n|move|p2b: Ampharos|Dragon Pulse|p1a: Dragonite\n|-activate|p1a: Dragonite|move: Protect\n|\n|-weather|RainDance|[upkeep]\n|-sideend|p1: WinterFrost123123|move: Tailwind\n|upkeep\n|turn|5\n|\n|t:|1776232032\n|move|p1a: Dragonite|Protect||[still]\n|-fail|p1a: Dragonite\n|move|p2a: Runerigus|Fake Tears|p1a: Dragonite\n|-unboost|p1a: Dragonite|spd|2\n|move|p2b: Ampharos|Dragon Pulse|p1a: Dragonite\n|-supereffective|p1a: Dragonite|1\n|-damage|p1a: Dragonite|0 fnt\n|faint|p1a: Dragonite\n|\n|win|DoctorGrizzman\n|raw|WinterFrost123123's rating: 1040 &rarr; <strong>1028</strong><br />(-12 for losing)\n|raw|DoctorGrizzman's rating: 1132 &rarr; <strong>1151</strong><br />(+19 for winning)\n",
  "uploadtime": 1776232039,
  "views": 18,
  "formatid": "gen9championsvgc2026regma",
  "rating": 1028,
  "private": 0,
  "password": null
}