{
  "id": "gen9championsvgc2026regma-2581912352",
  "format": "[Gen 9 Champions] VGC 2026 Reg M-A",
  "players": [
    "KinimaP",
    "mimiquiu01"
  ],
  "log": "|j|\u2606KinimaP\n|j|\u2606mimiquiu01\n|t:|1776039118\n|gametype|doubles\n|player|p1|KinimaP|102|1145\n|player|p2|mimiquiu01|102|1151\n|gen|9\n|tier|[Gen 9 Champions] VGC 2026 Reg M-A\n|rated|\n|rule|Species Clause: Limit one of each Pok\u00e9mon\n|rule|Item Clause: Limit 1 of each item\n|clearpoke\n|poke|p1|Floette-Eternal, L50, F|\n|poke|p1|Talonflame, L50, F|\n|poke|p1|Aegislash, L50, M|\n|poke|p1|Milotic, L50, M|\n|poke|p1|Basculegion, L50, M|\n|poke|p1|Garchomp, L50, M|\n|poke|p2|Garchomp, L50, F|\n|poke|p2|Froslass, L50, F|\n|poke|p2|Sinistcha, L50|\n|poke|p2|Pelipper, L50, M|\n|poke|p2|Primarina, L50, F|\n|poke|p2|Incineroar, L50, F|\n|teampreview|4\n|\n|t:|1776039177\n|teamsize|p1|4\n|teamsize|p2|4\n|start\n|switch|p1a: Milotic|Milotic, L50, M|100/100\n|switch|p1b: Floette|Floette-Eternal, L50, F|100/100\n|switch|p2a: Froslass|Froslass, L50, F|100/100\n|switch|p2b: Primarina|Primarina, L50, F|100/100\n|turn|1\n|\n|t:|1776039195\n|detailschange|p1b: Floette|Floette-Mega, L50, F\n|-mega|p1b: Floette|Floette|Floettite\n|-ability|p1b: Floette|Fairy Aura\n|move|p2a: Froslass|Protect|p2a: Froslass\n|-singleturn|p2a: Froslass|Protect\n|move|p1b: Floette|Calm Mind|p1b: Floette\n|-boost|p1b: Floette|spa|1\n|-boost|p1b: Floette|spd|1\n|move|p1a: Milotic|Icy Wind|p2a: Froslass|[spread] p2b\n|-activate|p2a: Froslass|move: Protect\n|-resisted|p2b: Primarina|1\n|-damage|p2b: Primarina|96/100\n|-unboost|p2b: Primarina|spe|1\n|move|p2b: Primarina|Moonblast|p1b: Floette\n|-damage|p1b: Floette|66/100\n|\n|-heal|p2b: Primarina|100/100|[from] item: Leftovers\n|upkeep\n|turn|2\n|\n|t:|1776039230\n|detailschange|p2a: Froslass|Froslass-Mega, L50, F\n|-mega|p2a: Froslass|Froslass|Froslassite\n|-weather|Snowscape|[from] ability: Snow Warning|[of] p2a: Froslass\n|move|p1a: Milotic|Helping Hand|p1b: Floette\n|-singleturn|p1b: Floette|Helping Hand|[of] p1a: Milotic\n|move|p2a: Froslass|Blizzard|p1a: Milotic|[spread] p1a,p1b\n|-resisted|p1a: Milotic|1\n|-damage|p1a: Milotic|83/100\n|-damage|p1b: Floette|45/100\n|move|p1b: Floette|Draining Kiss|p2a: Froslass\n|-damage|p2a: Froslass|0 fnt\n|-heal|p1b: Floette|100/100|[from] drain|[of] p2a: Froslass\n|faint|p2a: Froslass\n|move|p2b: Primarina|Moonblast|p1b: Floette\n|-damage|p1b: Floette|64/100\n|\n|-weather|Snowscape|[upkeep]\n|upkeep\n|\n|t:|1776039244\n|switch|p2a: Pelipper|Pelipper, L50, M|100/100\n|-weather|RainDance|[from] ability: Drizzle|[of] p2a: Pelipper\n|turn|3\n|\n|t:|1776039259\n|move|p1a: Milotic|Helping Hand|p1b: Floette\n|-singleturn|p1b: Floette|Helping Hand|[of] p1a: Milotic\n|move|p1b: Floette|Draining Kiss|p2b: Primarina\n|-damage|p2b: Primarina|17/100\n|-heal|p1b: Floette|100/100|[from] drain|[of] p2b: Primarina\n|move|p2a: Pelipper|Weather Ball|p1b: Floette\n|-damage|p1b: Floette|72/100\n|move|p2b: Primarina|Hyper Voice|p1b: Floette|[spread] p1a,p1b\n|-resisted|p1a: Milotic|1\n|-damage|p1a: Milotic|63/100\n|-damage|p1b: Floette|42/100\n|\n|-weather|RainDance|[upkeep]\n|-heal|p2b: Primarina|23/100|[from] item: Leftovers\n|upkeep\n|turn|4\n|\n|t:|1776039280\n|move|p1a: Milotic|Helping Hand|p1b: Floette\n|-singleturn|p1b: Floette|Helping Hand|[of] p1a: Milotic\n|move|p2a: Pelipper|Protect|p2a: Pelipper\n|-singleturn|p2a: Pelipper|Protect\n|move|p1b: Floette|Draining Kiss|p2a: Pelipper\n|-activate|p2a: Pelipper|move: Protect\n|move|p2b: Primarina|Hyper Voice|p1a: Milotic|[spread] p1a,p1b\n|-resisted|p1a: Milotic|1\n|-damage|p1a: Milotic|42/100\n|-damage|p1b: Floette|14/100\n|-enditem|p1a: Milotic|Sitrus Berry|[eat]\n|-heal|p1a: Milotic|67/100|[from] item: Sitrus Berry\n|\n|-weather|RainDance|[upkeep]\n|-heal|p2b: Primarina|29/100|[from] item: Leftovers\n|upkeep\n|turn|5\n|\n|t:|1776039298\n|move|p2a: Pelipper|Protect|p2a: Pelipper\n|-singleturn|p2a: Pelipper|Protect\n|move|p1b: Floette|Draining Kiss|p2a: Pelipper\n|-activate|p2a: Pelipper|move: Protect\n|move|p1a: Milotic|Icy Wind|p2b: Primarina|[spread] p2b\n|-activate|p2a: Pelipper|move: Protect\n|-resisted|p2b: Primarina|1\n|-damage|p2b: Primarina|25/100\n|-unboost|p2b: Primarina|spe|1\n|move|p2b: Primarina|Hyper Voice|p1a: Milotic|[spread] p1a,p1b\n|-resisted|p1a: Milotic|1\n|-damage|p1a: Milotic|46/100\n|-damage|p1b: Floette|0 fnt\n|faint|p1b: Floette\n|\n|-weather|RainDance|[upkeep]\n|-heal|p2b: Primarina|30/100|[from] item: Leftovers\n|upkeep\n|\n|t:|1776039303\n|switch|p1b: Aegislash|Aegislash, L50, M|100/100\n|turn|6\n|\n|t:|1776039341\n|switch|p2a: Sinistcha|Sinistcha, L50|100/100\n|-heal|p2b: Primarina|55/100|[from] ability: Hospitality|[of] p2a: Sinistcha\n|-formechange|p1b: Aegislash|Aegislash-Blade|\n|move|p1b: Aegislash|Poltergeist|p2b: Primarina\n|-activate|p2b: Primarina|move: Poltergeist|Leftovers\n|-damage|p2b: Primarina|0 fnt\n|faint|p2b: Primarina\n|move|p1a: Milotic|Scald|p2a: Sinistcha\n|-resisted|p2a: Sinistcha|1\n|-damage|p2a: Sinistcha|78/100\n|\n|-weather|RainDance|[upkeep]\n|upkeep\n|\n|t:|1776039354\n|switch|p2b: Pelipper|Pelipper, L50, M|100/100\n|turn|7\n|\n|t:|1776039372\n|-formechange|p1b: Aegislash|Aegislash|\n|move|p1b: Aegislash|King's Shield|p1b: Aegislash\n|-singleturn|p1b: Aegislash|Protect\n|move|p1a: Milotic|Protect|p1a: Milotic\n|-singleturn|p1a: Milotic|Protect\n|move|p2b: Pelipper|Hurricane|p1a: Milotic\n|-activate|p1a: Milotic|move: Protect\n|move|p2a: Sinistcha|Trick Room|p2a: Sinistcha\n|-fieldstart|move: Trick Room|[of] p2a: Sinistcha\n|\n|-weather|none\n|upkeep\n|turn|8\n|\n|t:|1776039398\n|move|p2a: Sinistcha|Matcha Gotcha|p1b: Aegislash|[spread] p1a,p1b\n|-supereffective|p1a: Milotic|1\n|-resisted|p1b: Aegislash|1\n|-damage|p1a: Milotic|7/100\n|-heal|p2a: Sinistcha|99/100|[from] drain|[of] p1a: Milotic\n|-damage|p1b: Aegislash|89/100\n|-heal|p2a: Sinistcha|100/100|[from] drain|[of] p1b: Aegislash\n|move|p2b: Pelipper|Hurricane|p1b: Aegislash|[miss]\n|-miss|p2b: Pelipper|p1b: Aegislash\n|move|p1a: Milotic|Scald|p2b: Pelipper\n|-resisted|p2b: Pelipper|1\n|-damage|p2b: Pelipper|79/100\n|-formechange|p1b: Aegislash|Aegislash-Blade|\n|move|p1b: Aegislash|Poltergeist|p2a: Sinistcha\n|-activate|p2a: Sinistcha|move: Poltergeist|Occa Berry\n|-supereffective|p2a: Sinistcha|1\n|-damage|p2a: Sinistcha|0 fnt\n|faint|p2a: Sinistcha\n|\n|upkeep\n|turn|9\n|-message|mimiquiu01 forfeited.\n|\n|win|KinimaP\n|raw|KinimaP's rating: 1145 &rarr; <strong>1170</strong><br />(+25 for winning)\n|raw|mimiquiu01's rating: 1151 &rarr; <strong>1126</strong><br />(-25 for losing)\n|l|\u2606mimiquiu01\n|player|p2|\n",
  "uploadtime": 1776039429,
  "views": 18,
  "formatid": "gen9championsvgc2026regma",
  "rating": 1126,
  "private": 0,
  "password": null
}