{
  "id": "gen9championsvgc2026regma-2587063160",
  "format": "[Gen 9 Champions] VGC 2026 Reg M-A",
  "players": [
    "wuigamerbr",
    "Th1rdo"
  ],
  "log": "|j|\u2606wuigamerbr\n|j|\u2606Th1rdo\n|t:|1776488476\n|gametype|doubles\n|player|p1|wuigamerbr|sabrina|\n|player|p2|Th1rdo|gardenia-masters|\n|gen|9\n|tier|[Gen 9 Champions] VGC 2026 Reg M-A\n|rule|Species Clause: Limit one of each Pok\u00e9mon\n|rule|Item Clause: Limit 1 of each item\n|clearpoke\n|poke|p1|Tinkaton, L50, F|\n|poke|p1|Wyrdeer, L50, F|\n|poke|p1|Morpeko, L50, M|\n|poke|p1|Meganium, L50, M|\n|poke|p1|Tauros-Paldea-Blaze, L50, M, shiny|\n|poke|p1|Dragonite, L50, M, shiny|\n|poke|p2|Incineroar, L50, M, shiny|\n|poke|p2|Lucario, L50, F|\n|poke|p2|Clefable, L50, M|\n|poke|p2|Araquanid, L50, M|\n|poke|p2|Rotom, L50, shiny|\n|poke|p2|Mudsdale, L50, F|\n|teampreview|4\nwuigamerbr rejected open team sheets.\n|j| kokimotok\n|j| endeersb\n|c| endeersb|estou torcendo pro meu besto friendo\n|c| endeersb|\u00f3bvio\n|c| endeersb|\u00e9 que c\u00ea n\u00e3o viu o meu\n|\n|t:|1776488628\n|teamsize|p1|4\n|teamsize|p2|4\n|start\n|switch|p1a: Bonk|Tinkaton, L50, F|100/100\n|switch|p1b: Corno|Wyrdeer, L50, F|100/100\n|switch|p2a: Incineroar|Incineroar, L50, M, shiny|100/100\n|switch|p2b: Lucario|Lucario, L50, F|100/100\n|-ability|p2a: Incineroar|Intimidate|boost\n|-fail|p1a: Bonk|unboost|Attack|[from] ability: Own Tempo|[of] p1a: Bonk\n|-unboost|p1b: Corno|atk|1\n|-ability|p1b: Corno|Intimidate|boost\n|-unboost|p2a: Incineroar|atk|1\n|-unboost|p2b: Lucario|atk|1\n|turn|1\n|c| endeersb|o Tiago vai de Incineroar, Lucario, Clefable e Rotom\n|c| endeersb|cad\u00ea White Herb?\n|c| endeersb|o Wui veio de Tinkaton, Wyrdeer, Meganium e Dragonite\n|c| endeersb|n\u00e3o acho que ele veio com Tauros Paldea Blaze Breed\n|c| endeersb|Ou mas \u00e9 pra hoje ainda ou n\u00e3o?\n|c| endeersb|Morpeko Hangry Mode\n|c| endeersb|O Tiago \u00e9 t\u00e3o doente que deve t\u00e1 calculando at\u00e9 Steel Beam de Tinkaton\n|c| endeersb|e Thunder Wave\n|c| endeersb|o Tiago calculando pra ver de Close Combat + Flare Blitz mata Tinkaton\n|c| endeersb|\ud83e\udd78\n|c| endeersb|sim\n|\n|t:|1776488882\n|detailschange|p2b: Lucario|Lucario-Mega, L50, F\n|-mega|p2b: Lucario|Lucario|Lucarionite\n|move|p1a: Bonk|Fake Out|p2a: Incineroar\n|-damage|p2a: Incineroar|94/100\n|cant|p2a: Incineroar|flinch\n|move|p2b: Lucario|Close Combat|p1a: Bonk\n|-damage|p1a: Bonk|43/100\n|-unboost|p2b: Lucario|def|1\n|-unboost|p2b: Lucario|spd|1\n|move|p1b: Corno|Trick Room|p1b: Corno\n|-fieldstart|move: Trick Room|[of] p1b: Corno\n|\n|upkeep\n|turn|2\n|c| endeersb|voc\u00ea sobreviveria 5 turnos em Trick Room?\n|c| endeersb|QUIET?\n|c| endeersb|BRAVE\n|c| endeersb|seu imbecil\n|c| endeersb|Incineroar Special n\u00e9\n|c| endeersb|Burning Jealousy, Snarl, Focus Blast e f\u00e9\n|\n|t:|1776488970\n|switch|p2a: Araquanid|Araquanid, L50, M|100/100\n|move|p2b: Lucario|Protect|p2b: Lucario\n|-singleturn|p2b: Lucario|Protect\n|move|p1b: Corno|Earth Power|p2b: Lucario\n|-activate|p2b: Lucario|move: Protect\n|move|p1a: Bonk|Reflect|p1a: Bonk\n|-sidestart|p1: wuigamerbr|Reflect\n|\n|upkeep\n|turn|3\n|c| endeersb|Come\u00e7ou a Tinkaton pedreira\n|c| endeersb|j\u00e1 ergueu uma parede\n|c| endeersb|Nem te conto o que ela vai fazer agora\n|c| endeersb|O Tiago ta calculando pra ver se o Lucario da outspeed\n|\n|t:|1776489069\n|switch|p1a: Corno\u00b2|Tauros-Paldea-Blaze, L50, M, shiny|100/100\n|-ability|p1a: Corno\u00b2|Intimidate|boost\n|-unboost|p2a: Araquanid|atk|1\n|-unboost|p2b: Lucario|atk|1\n|switch|p2b: Rotom|Rotom, L50, shiny|100/100\n|move|p2a: Araquanid|Liquidation|p1a: Corno\u00b2\n|-supereffective|p1a: Corno\u00b2|1\n|-damage|p1a: Corno\u00b2|68/100\n|move|p1b: Corno|Psychic Noise|p2b: Rotom\n|-damage|p2b: Rotom|49/100\n|-start|p2b: Rotom|move: Heal Block\n|\n|-heal|p1a: Corno\u00b2|74/100|[from] item: Leftovers\n|upkeep\n|turn|4\n|c| endeersb|esse bicho bateu muito forte\n|c| endeersb|Porque ele calculou, mano\n|\n|t:|1776489125\n|switch|p1a: Memeganium|Meganium, L50, M|100/100\n|switch|p2b: Incineroar|Incineroar, L50, M, shiny|94/100\n|-ability|p2b: Incineroar|Intimidate|boost\n|-unboost|p1a: Memeganium|atk|1\n|-unboost|p1b: Corno|atk|1\n|move|p2a: Araquanid|Liquidation|p1a: Memeganium\n|-resisted|p1a: Memeganium|1\n|-damage|p1a: Memeganium|89/100\n|move|p1b: Corno|Psychic Noise|p2b: Incineroar\n|-immune|p2b: Incineroar\n|\n|upkeep\n|turn|5\n|c| endeersb|\u00e9 pra entrar em Gigaton Hammer \ud83e\udd78\n|c| endeersb|ou, ser\u00e1 que o Tiago calculou Psychic Noise no Incineroar?\n|c| endeersb|Ou papo reto\n|c| endeersb|por que esse Araquanid t\u00e1 an\u00eamico?\n|c| endeersb|o meu batia muito mais forte\n|\n|t:|1776489181\n|switch|p1b: Corno\u00b2|Tauros-Paldea-Blaze, L50, M, shiny|74/100\n|-ability|p1b: Corno\u00b2|Intimidate|boost\n|-unboost|p2a: Araquanid|atk|1\n|-unboost|p2b: Incineroar|atk|1\n|detailschange|p1a: Memeganium|Meganium-Mega, L50, M\n|-mega|p1a: Memeganium|Meganium|Meganiumite\n|move|p2a: Araquanid|Protect|p2a: Araquanid\n|-singleturn|p2a: Araquanid|Protect\n|move|p1a: Memeganium|Protect|p1a: Memeganium\n|-singleturn|p1a: Memeganium|Protect\n|move|p2b: Incineroar|Parting Shot|p1a: Memeganium\n|-activate|p1a: Memeganium|move: Protect\n|\n|-heal|p1b: Corno\u00b2|80/100|[from] item: Leftovers\n|-fieldend|move: Trick Room\n|upkeep\n|turn|6\n|c| endeersb|o meu batia mais\n|c| endeersb|Calculou o Protect \ud83e\udd78\n|c| endeersb|o Tiago indo calcular Ancient Power com omni boost\n|c| endeersb|Dig Tauros Paldea Blaze Breed\n|c| endeersb|Tem\n|c| endeersb|La ele\n|c| endeersb|bruh\n|c| endeersb|N\u00e3o, Tiago\n|c| endeersb|Giga Drain n\u00e3o mata Incineroar\n|c| endeersb|pode clicar a\u00ed j\u00e1\n|c| endeersb|ta podendo backseat?\n|c| endeersb|o LL cantando plays pro Tiago\n|c| endeersb|Narrando com um vi\u00e9s muito forte, n\u00e9\n|c| endeersb|mais forte que o Tiago at\u00e9\n|c| endeersb|mais forte que esse vi\u00e9s s\u00f3 os c\u00e1lculos\n|c| endeersb|\u00e9 o Tiago jogando UBERS\n|\n|t:|1776489422\n|switch|p2a: Lucario|Lucario-Mega, L50, F|100/100\n|move|p1b: Corno\u00b2|Body Press|p2b: Incineroar\n|-supereffective|p2b: Incineroar|1\n|-enditem|p2b: Incineroar|Chople Berry|[eat]\n|-enditem|p2b: Incineroar|Chople Berry|[weaken]\n|-damage|p2b: Incineroar|62/100\n|move|p1a: Memeganium|Dazzling Gleam|p2b: Incineroar|[spread] p2a,p2b\n|-damage|p2a: Lucario|38/100\n|-damage|p2b: Incineroar|33/100\n|move|p2b: Incineroar|Parting Shot|p1a: Memeganium\n|-unboost|p1a: Memeganium|atk|1\n|-unboost|p1a: Memeganium|spa|1\n|c| endeersb|calculando Psycho Boost em Lugia\n|c| endeersb|kkkkkk\n|c| endeersb|KKKKKKKK\n|c| endeersb|Eu ri s\u00f3 porque n\u00e3o podia\n|c| endeersb|tem nem gra\u00e7a\n|c| endeersb|'gc\n|\n|t:|1776489472\n|switch|p2b: Araquanid|Araquanid, L50, M|100/100|[from] Parting Shot\n|\n|-heal|p1b: Corno\u00b2|86/100|[from] item: Leftovers\n|-sideend|p1: wuigamerbr|Reflect\n|upkeep\n|turn|7\n|c| endeersb|os c\u00e1lculos deram resultado \ud83e\udd78\n|c| endeersb|Brick Break Incineroar?\n|c| endeersb|clica Solar Blade ai, Wui\n|c| endeersb|s\u00f3 pela resenha\n|c| endeersb|s\u00f3 critar\n|c| endeersb|Polen Puff no Tauros Paldea Blaze Breed\n|\n|t:|1776489553\n|switch|p1a: Corno|Wyrdeer, L50, F|100/100\n|-ability|p1a: Corno|Intimidate|boost\n|-unboost|p2a: Lucario|atk|1\n|-unboost|p2b: Araquanid|atk|1\n|move|p2b: Araquanid|Wide Guard|p2b: Araquanid\n|-singleturn|p2b: Araquanid|Wide Guard\n|move|p2a: Lucario|Meteor Mash|p1a: Corno\n|-damage|p1a: Corno|64/100\n|move|p1b: Corno\u00b2|Body Press|p2a: Lucario\n|-supereffective|p2a: Lucario|1\n|-damage|p2a: Lucario|0 fnt\n|faint|p2a: Lucario\n|\n|-heal|p1b: Corno\u00b2|92/100|[from] item: Leftovers\n|upkeep\n|c| endeersb|Kkkkkkkkk\n|c| endeersb|engual o LL\n|c| endeersb|que mundo \u00e9 esse t\u00e3o cruel que a gente vive\n|c| endeersb|a covardia superando a pureza\n|\n|t:|1776489590\n|switch|p2a: Rotom|Rotom, L50, shiny|49/100\n|turn|8\n|c| endeersb|o Tauros usa golpe que oprimem\n|c| endeersb|V\u00e1 com deus, Mega Lucario\n|c| endeersb|um dia nois se reencontra irm\u00e3o\n|c| endeersb|Nossa mas tu se assusta com qualquer coisa ent\u00e3o n\u00e9\n|c| kokimotok|amem amem\n|c| endeersb|\ud83e\udd78\n|c| endeersb|Rotom Z-Splash\n|c| endeersb|Astonish Flinch eterno\n|c| endeersb|o Tiago calculando at\u00e9 o drop de Electroweb\n|\n|t:|1776489697\n|move|p2a: Rotom|Protect|p2a: Rotom\n|-singleturn|p2a: Rotom|Protect\n|move|p1b: Corno\u00b2|Raging Bull|p2a: Rotom\n|-activate|p2a: Rotom|move: Protect\n|move|p2b: Araquanid|Liquidation|p1b: Corno\u00b2\n|-supereffective|p1b: Corno\u00b2|1\n|-damage|p1b: Corno\u00b2|44/100\n|move|p1a: Corno|Trick Room|p1a: Corno\n|-fieldstart|move: Trick Room|[of] p1a: Corno\n|\n|-heal|p1b: Corno\u00b2|50/100|[from] item: Leftovers\n|upkeep\n|turn|9\n|c| endeersb|Tiago calculando Zap Cannon no Araquanid dele\n|c| endeersb|ELE CALCULOU PROTECT\n|\n|t:|1776489728\n|switch|p1b: Memeganium|Meganium-Mega, L50, M|89/100\n|move|p2b: Araquanid|Liquidation|p1a: Corno\n|-damage|p1a: Corno|37/100\n|-unboost|p1a: Corno|def|1\n|move|p1a: Corno|Psychic Noise|p2b: Araquanid\n|-damage|p2b: Araquanid|83/100\n|-start|p2b: Araquanid|move: Heal Block\n|move|p2a: Rotom|Will-O-Wisp|p1b: Memeganium\n|-status|p1b: Memeganium|brn\n|\n|-damage|p1b: Memeganium|83/100 brn|[from] brn\n|upkeep\n|turn|10\n|c| endeersb|Raging Bull \u00e9 golpe normal, Wui foi burr\u00e3o \ud83e\udd78\n|c| endeersb|ELE CALCULOU BURN NO SOLAR BLADE\n|\n|t:|1776489760\n|move|p2a: Rotom|Protect|p2a: Rotom\n|-singleturn|p2a: Rotom|Protect\n|move|p2b: Araquanid|Liquidation|p1a: Corno\n|-damage|p1a: Corno|0 fnt\n|faint|p1a: Corno\n|move|p1b: Memeganium|Dazzling Gleam|p2b: Araquanid|[spread] p2b\n|-activate|p2a: Rotom|move: Protect\n|-damage|p2b: Araquanid|57/100\n|\n|-damage|p1b: Memeganium|77/100 brn|[from] brn\n|-end|p2b: Araquanid|move: Heal Block\n|upkeep\n|c| endeersb|moleque vai matar essa Meganium no Burn\n|\n|t:|1776489772\n|switch|p1a: Bonk|Tinkaton, L50, F|43/100\n|turn|11\n|c| endeersb|puta merda\n|\n|t:|1776489786\n|switch|p2a: Incineroar|Incineroar, L50, M, shiny|33/100\n|-ability|p2a: Incineroar|Intimidate|boost\n|-fail|p1a: Bonk|unboost|Attack|[from] ability: Own Tempo|[of] p1a: Bonk\n|-unboost|p1b: Memeganium|atk|1\n|move|p2b: Araquanid|Wide Guard|p2b: Araquanid\n|-singleturn|p2b: Araquanid|Wide Guard\n|move|p1b: Memeganium|Solar Beam||[still]\n|-prepare|p1b: Memeganium|Solar Beam\n|-activate|p1b: Memeganium|ability: Mega Sol\n|-anim|p1b: Memeganium|Solar Beam|p2b: Araquanid\n|-damage|p2b: Araquanid|10/100\n|move|p1a: Bonk|Reflect|p1a: Bonk\n|-sidestart|p1: wuigamerbr|Reflect\n|\n|-damage|p1b: Memeganium|71/100 brn|[from] brn\n|upkeep\n|turn|12\n|c| endeersb|Intimidate no Own Tempo n\u00e3o calculou n\u00e9\n|c| endeersb|Parede\n|\n|t:|1776489818\n|switch|p1b: Corno\u00b2|Tauros-Paldea-Blaze, L50, M, shiny|50/100\n|-ability|p1b: Corno\u00b2|Intimidate|boost\n|-unboost|p2a: Incineroar|atk|1\n|-unboost|p2b: Araquanid|atk|1\n|move|p2b: Araquanid|Liquidation|p1a: Bonk\n|-damage|p1a: Bonk|27/100\n|move|p2a: Incineroar|Flare Blitz|p1b: Corno\u00b2\n|-resisted|p1b: Corno\u00b2|1\n|-damage|p1b: Corno\u00b2|43/100\n|-damage|p2a: Incineroar|30/100|[from] Recoil\n|move|p1a: Bonk|Encore|p2a: Incineroar\n|-start|p2a: Incineroar|Encore\n|\n|-heal|p1b: Corno\u00b2|49/100|[from] item: Leftovers\n|-fieldend|move: Trick Room\n|upkeep\n|turn|13\n|c| endeersb|ele calculando o dano do Encore\n|c| endeersb|Calma, acho que o Wui fez burrice\n|c| endeersb|\ud83d\udc41\ufe0f\n|c| endeersb|infelizmente isso nunca que ta nos c\u00e1lculos do Tiago\n|c| endeersb|ent\u00e3o nunca ser\u00e1 punido\n|c| endeersb|tu nem ta jogando pra eu dar backseat\n|c| endeersb|o Tiago calculando o imposto de renda dele\n|c| endeersb|sim, Tiago, Body Press mata Incineroar\n|\n|t:|1776490047\n|switch|p2a: Rotom|Rotom, L50, shiny|49/100\n|move|p2b: Araquanid|Protect|p2b: Araquanid\n|-singleturn|p2b: Araquanid|Protect\n|move|p1a: Bonk|Gigaton Hammer|p2b: Araquanid\n|-activate|p2b: Araquanid|move: Protect\n|move|p1b: Corno\u00b2|Body Press|p2a: Rotom\n|-immune|p2a: Rotom\n|\n|-heal|p1b: Corno\u00b2|55/100|[from] item: Leftovers\n|upkeep\n|turn|14\n|c| endeersb|C\u00e1lculo\n|c| endeersb|7\n|c| endeersb|ta virando mat\u00e9ria na faculdade do Jaum\n|c| endeersb|Tiago ta calculando Discharge no pr\u00f3prio Araquanid\n|c| endeersb|Eu acho que o Wui se identifica com a Tinkaton\n|c| endeersb|an\u00e3o e pedreiro\n|c| endeersb|Tiago ta calculando Scary Face do Tauros Paldea Blaze Breed\n|\n|t:|1776490198\n|move|p2a: Rotom|Thunderbolt|p1a: Bonk\n|-damage|p1a: Bonk|0 fnt\n|faint|p1a: Bonk\n|move|p1b: Corno\u00b2|Raging Bull|p2a: Rotom\n|-damage|p2a: Rotom|0 fnt\n|faint|p2a: Rotom\n|move|p2b: Araquanid|Leech Life|p1b: Corno\u00b2\n|-resisted|p1b: Corno\u00b2|2\n|-damage|p1b: Corno\u00b2|54/100\n|-heal|p2b: Araquanid|11/100|[from] drain|[of] p1b: Corno\u00b2\n|\n|-heal|p1b: Corno\u00b2|60/100|[from] item: Leftovers\n|upkeep\n|\n|t:|1776490209\n|switch|p2a: Incineroar|Incineroar, L50, M, shiny|30/100\n|switch|p1a: Memeganium|Meganium-Mega, L50, M|71/100 brn\n|-ability|p2a: Incineroar|Intimidate|boost\n|-unboost|p1a: Memeganium|atk|1\n|-unboost|p1b: Corno\u00b2|atk|1\n|turn|15\n|c| endeersb|esse 1% calculado\n|c| endeersb|Meganium Swords Dance aqui\n|c| endeersb|e Tauros Paldea Blaze Breed com Heat Wave\n|c| endeersb|4 vezes resistido\n|c| endeersb|Tu vai julgar o c\u00e1lculo do cara, Wuigamer?\n|\n|t:|1776490328\n|move|p2a: Incineroar|Fake Out|p1a: Memeganium\n|-damage|p1a: Memeganium|65/100 brn\n|move|p1b: Corno\u00b2|Body Press|p2a: Incineroar\n|-supereffective|p2a: Incineroar|1\n|-damage|p2a: Incineroar|0 fnt\n|faint|p2a: Incineroar\n|cant|p1a: Memeganium|flinch\n|move|p2b: Araquanid|Liquidation|p1b: Corno\u00b2\n|-supereffective|p1b: Corno\u00b2|1\n|-damage|p1b: Corno\u00b2|36/100\n|\n|-heal|p1b: Corno\u00b2|42/100|[from] item: Leftovers\n|-damage|p1a: Memeganium|59/100 brn|[from] brn\n|-sideend|p1: wuigamerbr|Reflect\n|upkeep\n|turn|16\n|\n|t:|1776490342\n|move|p1b: Corno\u00b2|Raging Bull|p2b: Araquanid\n|-damage|p2b: Araquanid|0 fnt\n|faint|p2b: Araquanid\n|\n|win|wuigamerbr\n",
  "uploadtime": 1776490345,
  "views": 25,
  "formatid": "gen9championsvgc2026regma",
  "rating": null,
  "private": 0,
  "password": null
}