{
  "id": "gen9championsvgc2026regma-2580854708",
  "format": "[Gen 9 Champions] VGC 2026 Reg M-A",
  "players": [
    "Ellorn",
    "fayetssf"
  ],
  "log": "|j|\u2606Ellorn\n|j|\u2606fayetssf\n|t:|1775937966\n|gametype|doubles\n|player|p1|Ellorn|hilda-wonderlauncher|1070\n|player|p2|fayetssf|miku-ghost|1160\n|gen|9\n|tier|[Gen 9 Champions] VGC 2026 Reg M-A\n|rated|\n|rule|Species Clause: Limit one of each Pok\u00e9mon\n|rule|Item Clause: Limit 1 of each item\n|clearpoke\n|poke|p1|Pelipper, L50, F|\n|poke|p1|Meganium, L50, M|\n|poke|p1|Palafin, L50, F|\n|poke|p1|Incineroar, L50, F|\n|poke|p1|Archaludon, L50, M|\n|poke|p1|Glimmora, L50, F|\n|poke|p2|Clefable, L50, M|\n|poke|p2|Tyranitar, L50, F|\n|poke|p2|Garchomp, L50, F|\n|poke|p2|Sneasler, L50, F|\n|poke|p2|Delphox, L50, F|\n|poke|p2|Aegislash, L50, F|\n|teampreview|4\n|inactive|Battle timer is ON: inactive players will automatically lose when time's up. (requested by fayetssf)\n|\n|t:|1775937994\n|teamsize|p1|4\n|teamsize|p2|4\n|start\n|switch|p1a: Pelipper|Pelipper, L50, F|100/100\n|switch|p1b: Meganium|Meganium, L50, M|100/100\n|switch|p2a: Sneasler|Sneasler, L50, F|100/100\n|switch|p2b: Delphox|Delphox, L50, F|100/100\n|-weather|RainDance|[from] ability: Drizzle|[of] p1a: Pelipper\n|turn|1\n|\n|t:|1775938019\n|detailschange|p2b: Delphox|Delphox-Mega, L50, F\n|-mega|p2b: Delphox|Delphox|Delphoxite\n|move|p1b: Meganium|Protect|p1b: Meganium\n|-singleturn|p1b: Meganium|Protect\n|move|p2a: Sneasler|Fake Out|p1a: Pelipper\n|-damage|p1a: Pelipper|83/100\n|move|p2b: Delphox|Substitute|p2b: Delphox\n|-start|p2b: Delphox|Substitute\n|-damage|p2b: Delphox|75/100\n|cant|p1a: Pelipper|flinch\n|\n|-weather|RainDance|[upkeep]\n|upkeep\n|turn|2\n|\n|t:|1775938037\n|switch|p1b: Palafin|Palafin, L50, F|100/100\n|move|p2b: Delphox|Psychic|p1a: Pelipper\n|-damage|p1a: Pelipper|3/100\n|move|p2a: Sneasler|Dire Claw|p1a: Pelipper\n|-damage|p1a: Pelipper|0 fnt\n|faint|p1a: Pelipper\n|\n|-weather|RainDance|[upkeep]\n|upkeep\n|\n|t:|1775938048\n|switch|p1a: Archaludon|Archaludon, L50, M|100/100\n|turn|3\n|inactive|fayetssf has 30 seconds left.\n|inactive|fayetssf has 20 seconds left.\n|inactive|fayetssf has 15 seconds left.\n|inactive|fayetssf has 10 seconds left.\n|inactive|fayetssf has 5 seconds left.\n|\n|t:|1775938100\n|move|p2b: Delphox|Psychic|p1b: Palafin\n|-damage|p1b: Palafin|35/100\n|move|p1b: Palafin|Flip Turn|p2b: Delphox\n|-supereffective|p2b: Delphox|1\n|-end|p2b: Delphox|Substitute\n|\n|t:|1775938106\n|detailschange|p1b: Palafin|Palafin-Hero, L50, F\n|switch|p1b: Meganium|Meganium, L50, M|100/100|[from] Flip Turn\n|move|p2a: Sneasler|Close Combat|p1a: Archaludon\n|-supereffective|p1a: Archaludon|1\n|-damage|p1a: Archaludon|0 fnt\n|-unboost|p2a: Sneasler|def|1\n|-unboost|p2a: Sneasler|spd|1\n|faint|p1a: Archaludon\n|-enditem|p2a: Sneasler|White Herb\n|-clearnegativeboost|p2a: Sneasler|[silent]\n|\n|-weather|RainDance|[upkeep]\n|upkeep\n|\n|t:|1775938116\n|switch|p1a: Palafin|Palafin-Hero, L50, F|35/100\n|-activate|p1a: Palafin|ability: Zero to Hero\n|turn|4\n|inactive|Ellorn has 30 seconds left.\n|\n|t:|1775938142\n|detailschange|p1b: Meganium|Meganium-Mega, L50, M\n|-mega|p1b: Meganium|Meganium|Meganiumite\n|move|p2a: Sneasler|Protect|p2a: Sneasler\n|-singleturn|p2a: Sneasler|Protect\n|move|p2b: Delphox|Psychic|p1a: Palafin\n|-damage|p1a: Palafin|0 fnt\n|faint|p1a: Palafin\n|move|p1b: Meganium|Weather Ball|p2a: Sneasler\n|-activate|p2a: Sneasler|move: Protect\n|\n|-weather|RainDance|[upkeep]\n|upkeep\n|turn|5\n|-message|Ellorn forfeited.\n|\n|win|fayetssf\n|raw|Ellorn's rating: 1070 &rarr; <strong>1055</strong><br />(-15 for losing)\n|raw|fayetssf's rating: 1160 &rarr; <strong>1179</strong><br />(+19 for winning)\n|l|\u2606Ellorn\n|player|p1|\n",
  "uploadtime": 1775938184,
  "views": 21,
  "formatid": "gen9championsvgc2026regma",
  "rating": 1055,
  "private": 0,
  "password": null
}