{
  "id": "gen9championsvgc2026regma-2587346080",
  "format": "[Gen 9 Champions] VGC 2026 Reg M-A",
  "players": [
    "lolgz",
    "koolkidz4life"
  ],
  "log": "|j|\u2606lolgz\n|j|\u2606koolkidz4life\n|t:|1776524021\n|gametype|doubles\n|player|p1|lolgz|dawn|1360\n|player|p2|koolkidz4life|battlegirl-gen4|1427\n|gen|9\n|tier|[Gen 9 Champions] VGC 2026 Reg M-A\n|rated|\n|rule|Species Clause: Limit one of each Pok\u00e9mon\n|rule|Item Clause: Limit 1 of each item\n|clearpoke\n|poke|p1|Charizard, L50, M|\n|poke|p1|Basculegion, L50, M|\n|poke|p1|Garchomp, L50, M|\n|poke|p1|Floette-Eternal, L50, F|\n|poke|p1|Aerodactyl, L50, M|\n|poke|p1|Sinistcha, L50|\n|poke|p2|Whimsicott, L50, M|\n|poke|p2|Milotic, L50, F|\n|poke|p2|Aegislash, L50, F|\n|poke|p2|Dragonite, L50, M|\n|poke|p2|Gallade, L50, M|\n|poke|p2|Incineroar, L50, F|\n|teampreview|4\n|\n|t:|1776524054\n|teamsize|p1|4\n|teamsize|p2|4\n|start\n|switch|p1a: Aerodactyl|Aerodactyl, L50, M|100/100\n|switch|p1b: Charizard|Charizard, L50, M|100/100\n|switch|p2a: Milotic|Milotic, L50, F|100/100\n|switch|p2b: Whimsicott|Whimsicott, L50, M|100/100\n|-ability|p1a: Aerodactyl|Unnerve\n|turn|1\n|\n|t:|1776524061\n|detailschange|p1b: Charizard|Charizard-Mega-Y, L50, M\n|-mega|p1b: Charizard|Charizard|Charizardite Y\n|-weather|SunnyDay|[from] ability: Drought|[of] p1b: Charizard\n|move|p2b: Whimsicott|Tailwind|p2b: Whimsicott\n|-sidestart|p2: koolkidz4life|move: Tailwind\n|move|p2a: Milotic|Icy Wind|p1a: Aerodactyl|[spread] p1a,p1b\n|-supereffective|p1a: Aerodactyl|1\n|-damage|p1a: Aerodactyl|68/100\n|-damage|p1b: Charizard|88/100\n|-unboost|p1a: Aerodactyl|spe|1\n|-unboost|p1b: Charizard|spe|1\n|move|p1a: Aerodactyl|Tailwind|p1a: Aerodactyl\n|-sidestart|p1: lolgz|move: Tailwind\n|move|p1b: Charizard|Solar Beam||[still]\n|-prepare|p1b: Charizard|Solar Beam\n|-anim|p1b: Charizard|Solar Beam|p2a: Milotic\n|-supereffective|p2a: Milotic|1\n|-damage|p2a: Milotic|31/100\n|\n|-weather|SunnyDay|[upkeep]\n|-heal|p2a: Milotic|37/100|[from] item: Leftovers\n|upkeep\n|turn|2\n|\n|t:|1776524076\n|move|p1a: Aerodactyl|Wide Guard|p1a: Aerodactyl\n|-singleturn|p1a: Aerodactyl|Wide Guard\n|move|p2b: Whimsicott|Encore|p1a: Aerodactyl\n|-start|p1a: Aerodactyl|Encore\n|move|p1b: Charizard|Heat Wave|p2b: Whimsicott|[spread] p2a,p2b\n|-resisted|p2a: Milotic|1\n|-supereffective|p2b: Whimsicott|1\n|-damage|p2a: Milotic|13/100\n|-enditem|p2b: Whimsicott|Focus Sash\n|-damage|p2b: Whimsicott|1/100\n|-status|p2b: Whimsicott|brn\n|move|p2a: Milotic|Scald|p1b: Charizard\n|-supereffective|p1b: Charizard|1\n|-damage|p1b: Charizard|52/100\n|\n|-weather|SunnyDay|[upkeep]\n|-heal|p2a: Milotic|19/100|[from] item: Leftovers\n|-damage|p2b: Whimsicott|0 fnt|[from] brn\n|faint|p2b: Whimsicott\n|upkeep\n|\n|t:|1776524080\n|switch|p2b: Dragonite|Dragonite, L50, M|100/100\n|turn|3\n|\n|t:|1776524090\n|switch|p1a: Sinistcha|Sinistcha, L50|100/100\n|-heal|p1b: Charizard|77/100|[from] ability: Hospitality|[of] p1a: Sinistcha\n|switch|p1b: Basculegion|Basculegion, L50, M|100/100\n|detailschange|p2b: Dragonite|Dragonite-Mega, L50, M\n|-mega|p2b: Dragonite|Dragonite|Dragoninite\n|move|p2b: Dragonite|Thunderbolt|p1b: Basculegion\n|-supereffective|p1b: Basculegion|1\n|-damage|p1b: Basculegion|11/100\n|move|p2a: Milotic|Scald|p1a: Sinistcha\n|-resisted|p1a: Sinistcha|1\n|-damage|p1a: Sinistcha|90/100\n|\n|-weather|SunnyDay|[upkeep]\n|-heal|p2a: Milotic|25/100|[from] item: Leftovers\n|upkeep\n|turn|4\n|\n|t:|1776524102\n|move|p1b: Basculegion|Wave Crash|p2b: Dragonite\n|-resisted|p2b: Dragonite|1\n|-damage|p2b: Dragonite|92/100\n|-damage|p1b: Basculegion|9/100|[from] Recoil\n|move|p2b: Dragonite|Heat Wave|p1b: Basculegion|[spread] p1a,p1b\n|-supereffective|p1a: Sinistcha|1\n|-resisted|p1b: Basculegion|1\n|-damage|p1a: Sinistcha|0 fnt\n|-damage|p1b: Basculegion|0 fnt\n|faint|p1a: Sinistcha\n|faint|p1b: Basculegion\n|move|p2a: Milotic|Icy Wind|p1: Sinistcha|[notarget]\n|-fail|p2a: Milotic\n|\n|-weather|SunnyDay|[upkeep]\n|-heal|p2a: Milotic|31/100|[from] item: Leftovers\n|-sideend|p2: koolkidz4life|move: Tailwind\n|-sideend|p1: lolgz|move: Tailwind\n|upkeep\n|\n|t:|1776524110\n|switch|p1b: Charizard|Charizard-Mega-Y, L50, M|77/100\n|switch|p1a: Aerodactyl|Aerodactyl, L50, M|68/100\n|-ability|p1a: Aerodactyl|Unnerve\n|turn|5\n|\n|t:|1776524117\n|move|p1a: Aerodactyl|Rock Slide|p2a: Milotic|[spread] p2b\n|-miss|p1a: Aerodactyl|p2a: Milotic\n|-supereffective|p2b: Dragonite|1\n|-damage|p2b: Dragonite|44/100\n|move|p1b: Charizard|Air Slash|p2b: Dragonite|[miss]\n|-miss|p1b: Charizard|p2b: Dragonite\n|cant|p2b: Dragonite|flinch\n|move|p2a: Milotic|Icy Wind|p1b: Charizard|[spread] p1a,p1b\n|-supereffective|p1a: Aerodactyl|1\n|-damage|p1a: Aerodactyl|33/100\n|-damage|p1b: Charizard|64/100\n|-unboost|p1a: Aerodactyl|spe|1\n|-unboost|p1b: Charizard|spe|1\n|\n|-weather|none\n|-heal|p2a: Milotic|37/100|[from] item: Leftovers\n|upkeep\n|turn|6\n|\n|t:|1776524124\n|move|p2b: Dragonite|Thunderbolt|p1b: Charizard\n|-supereffective|p1b: Charizard|1\n|-damage|p1b: Charizard|0 fnt\n|faint|p1b: Charizard\n|move|p1a: Aerodactyl|Tailwind|p1a: Aerodactyl\n|-sidestart|p1: lolgz|move: Tailwind\n|move|p2a: Milotic|Icy Wind|p1a: Aerodactyl\n|-supereffective|p1a: Aerodactyl|1\n|-damage|p1a: Aerodactyl|0 fnt\n|faint|p1a: Aerodactyl\n|\n|win|koolkidz4life\n|raw|lolgz's rating: 1360 &rarr; <strong>1344</strong><br />(-16 for losing)\n|raw|koolkidz4life's rating: 1427 &rarr; <strong>1443</strong><br />(+16 for winning)\n",
  "uploadtime": 1776524125,
  "views": 27,
  "formatid": "gen9championsvgc2026regma",
  "rating": 1344,
  "private": 0,
  "password": null
}