{
  "id": "gen9championsvgc2026regma-2585721699",
  "format": "[Gen 9 Champions] VGC 2026 Reg M-A",
  "players": [
    "Murasfatra",
    "Mortipherus"
  ],
  "log": "|j|\u2606Murasfatra\n|j|\u2606Mortipherus\n|t:|1776366046\n|gametype|doubles\n|player|p1|Murasfatra|265|1064\n|player|p2|Mortipherus|biker-gen4|1044\n|gen|9\n|tier|[Gen 9 Champions] VGC 2026 Reg M-A\n|rated|\n|rule|Species Clause: Limit one of each Pok\u00e9mon\n|rule|Item Clause: Limit 1 of each item\n|clearpoke\n|poke|p1|Aerodactyl, L50, M|\n|poke|p1|Charizard, L50, M|\n|poke|p1|Hawlucha, L50, M|\n|poke|p1|Meowscarada, L50, F|\n|poke|p1|Armarouge, L50, M|\n|poke|p1|Alcremie-Ruby-Swirl, L50, F|\n|poke|p2|Hydrapple, L50, F|\n|poke|p2|Garchomp, L50, F|\n|poke|p2|Whimsicott, L50, M|\n|poke|p2|Alakazam, L50, M|\n|poke|p2|Farigiraf, L50, F|\n|poke|p2|Kingambit, L50, F|\n|teampreview|4\n|\n|t:|1776366076\n|teamsize|p1|4\n|teamsize|p2|4\n|start\n|switch|p1a: Charizard|Charizard, L50, M|100/100\n|switch|p1b: Aerodactyl|Aerodactyl, L50, M|100/100\n|switch|p2a: Garchomp|Garchomp, L50, F, shiny|100/100\n|switch|p2b: Whimsicott|Whimsicott, L50, M|100/100\n|-ability|p1b: Aerodactyl|Unnerve\n|turn|1\n|\n|t:|1776366103\n|detailschange|p1a: Charizard|Charizard-Mega-Y, L50, M\n|-mega|p1a: Charizard|Charizard|Charizardite Y\n|-weather|SunnyDay|[from] ability: Drought|[of] p1a: Charizard\n|move|p2b: Whimsicott|Tailwind|p2b: Whimsicott\n|-sidestart|p2: Mortipherus|move: Tailwind\n|move|p2a: Garchomp|Rock Slide|p1a: Charizard|[spread] p1a,p1b\n|-supereffective|p1a: Charizard|2\n|-supereffective|p1b: Aerodactyl|1\n|-damage|p1a: Charizard|0 fnt\n|-damage|p1b: Aerodactyl|25/100\n|faint|p1a: Charizard\n|move|p1b: Aerodactyl|Dual Wingbeat|p2b: Whimsicott\n|-supereffective|p2b: Whimsicott|1\n|-damage|p2b: Whimsicott|42/100\n|-supereffective|p2b: Whimsicott|1\n|-damage|p2b: Whimsicott|0 fnt\n|faint|p2b: Whimsicott\n|-hitcount|p2: Whimsicott|2\n|\n|-weather|SunnyDay|[upkeep]\n|upkeep\n|\n|t:|1776366136\n|switch|p2b: Hydrapple|Hydrapple, L50, F|100/100\n|switch|p1a: Alcremie|Alcremie-Ruby-Swirl, L50, F|100/100\n|-ability|p2b: Hydrapple|Supersweet Syrup\n|-unboost|p1a: Alcremie|evasion|1\n|-unboost|p1b: Aerodactyl|evasion|1\n|turn|2\n|\n|t:|1776366151\n|move|p1b: Aerodactyl|Protect|p1b: Aerodactyl\n|-singleturn|p1b: Aerodactyl|Protect\n|move|p2a: Garchomp|Rock Slide|p1b: Aerodactyl|[spread] p1a\n|-activate|p1b: Aerodactyl|move: Protect\n|-damage|p1a: Alcremie|68/100\n|move|p2b: Hydrapple|Earth Power|p1a: Alcremie\n|-damage|p1a: Alcremie|43/100\n|move|p1a: Alcremie|Dazzling Gleam|p2a: Garchomp|[spread] p2a,p2b\n|-supereffective|p2a: Garchomp|1\n|-supereffective|p2b: Hydrapple|1\n|-damage|p2a: Garchomp|40/100\n|-damage|p2b: Hydrapple|49/100\n|\n|-weather|SunnyDay|[upkeep]\n|-heal|p1a: Alcremie|48/100|[from] item: Leftovers\n|upkeep\n|turn|3\n|\n|t:|1776366181\n|move|p1b: Aerodactyl|Protect||[still]\n|-fail|p1b: Aerodactyl\n|move|p2a: Garchomp|Rock Slide|p1a: Alcremie|[spread] p1a,p1b\n|-supereffective|p1b: Aerodactyl|1\n|-damage|p1a: Alcremie|12/100\n|-damage|p1b: Aerodactyl|0 fnt\n|faint|p1b: Aerodactyl\n|move|p2b: Hydrapple|Pollen Puff|p2a: Garchomp\n|-heal|p2a: Garchomp|90/100\n|move|p1a: Alcremie|Dazzling Gleam|p2b: Hydrapple|[spread] p2a,p2b\n|-supereffective|p2a: Garchomp|1\n|-supereffective|p2b: Hydrapple|1\n|-damage|p2a: Garchomp|28/100\n|-damage|p2b: Hydrapple|0 fnt\n|faint|p2b: Hydrapple\n|\n|-weather|SunnyDay|[upkeep]\n|-heal|p1a: Alcremie|18/100|[from] item: Leftovers\n|upkeep\n|\n|t:|1776366197\n|switch|p1b: Armarouge|Armarouge, L50, M|100/100\n|switch|p2b: Alakazam|Alakazam, L50, M|100/100\n|turn|4\n|\n|t:|1776366209\n|detailschange|p2b: Alakazam|Alakazam-Mega, L50, M\n|-mega|p2b: Alakazam|Alakazam|Alakazite\n|-ability|p2b: Alakazam|Sweet Veil|Trace|[from] ability: Trace|[of] p1a: Alcremie\n|move|p1b: Armarouge|Protect|p1b: Armarouge\n|-singleturn|p1b: Armarouge|Protect\n|move|p1a: Alcremie|Protect|p1a: Alcremie\n|-singleturn|p1a: Alcremie|Protect\n|move|p2b: Alakazam|Psychic|p1b: Armarouge\n|-activate|p1b: Armarouge|move: Protect\n|move|p2a: Garchomp|Rock Slide|p1b: Armarouge|[spread] \n|-activate|p1a: Alcremie|move: Protect\n|-activate|p1b: Armarouge|move: Protect\n|\n|-weather|SunnyDay|[upkeep]\n|-heal|p1a: Alcremie|24/100|[from] item: Leftovers\n|-sideend|p2: Mortipherus|move: Tailwind\n|upkeep\n|turn|5\n|\n|t:|1776366231\n|move|p2b: Alakazam|Psychic|p1b: Armarouge\n|-resisted|p1b: Armarouge|1\n|-damage|p1b: Armarouge|64/100\n|move|p2a: Garchomp|Rock Slide|p1a: Alcremie|[spread] p1a,p1b\n|-supereffective|p1b: Armarouge|1\n|-damage|p1a: Alcremie|0 fnt\n|-damage|p1b: Armarouge|26/100\n|faint|p1a: Alcremie\n|move|p1b: Armarouge|Armor Cannon|p2b: Alakazam\n|-damage|p2b: Alakazam|0 fnt\n|-unboost|p1b: Armarouge|def|1\n|-unboost|p1b: Armarouge|spd|1\n|faint|p2b: Alakazam\n|\n|-weather|none\n|upkeep\n|turn|6\n|\n|t:|1776366252\n|move|p1b: Armarouge|Protect|p1b: Armarouge\n|-singleturn|p1b: Armarouge|Protect\n|move|p2a: Garchomp|Rock Slide|p1b: Armarouge\n|-activate|p1b: Armarouge|move: Protect\n|\n|upkeep\n|turn|7\n|\n|t:|1776366259\n|move|p2a: Garchomp|Rock Slide|p1b: Armarouge\n|-supereffective|p1b: Armarouge|1\n|-damage|p1b: Armarouge|0 fnt\n|faint|p1b: Armarouge\n|\n|win|Mortipherus\n|raw|Murasfatra's rating: 1064 &rarr; <strong>1043</strong><br />(-21 for losing)\n|raw|Mortipherus's rating: 1044 &rarr; <strong>1079</strong><br />(+35 for winning)\n|l|\u2606Murasfatra\n|player|p1|\n",
  "uploadtime": 1776366268,
  "views": 15,
  "formatid": "gen9championsvgc2026regma",
  "rating": 1043,
  "private": 0,
  "password": null
}