{
  "id": "gen9championsvgc2026regma-2581323819",
  "format": "[Gen 9 Champions] VGC 2026 Reg M-A",
  "players": [
    "chiimaera",
    "dhkjdhkvhdkjvg"
  ],
  "log": "|j|\u2606chiimaera\n|j|\u2606dhkjdhkvhdkjvg\n|t:|1775986680\n|gametype|doubles\n|player|p1|chiimaera|dawn|1063\n|player|p2|dhkjdhkvhdkjvg|265|1014\n|gen|9\n|tier|[Gen 9 Champions] VGC 2026 Reg M-A\n|rated|\n|rule|Species Clause: Limit one of each Pok\u00e9mon\n|rule|Item Clause: Limit 1 of each item\n|clearpoke\n|poke|p1|Clefable, L50, M|\n|poke|p1|Ninetales-Alola, L50, F|\n|poke|p1|Arcanine-Hisui, L50, M|\n|poke|p1|Sinistcha, L50|\n|poke|p1|Gyarados, L50, M|\n|poke|p1|Froslass, L50, F|\n|poke|p2|Crabominable, L50, M|\n|poke|p2|Oranguru, L50, F|\n|poke|p2|Incineroar, L50, M|\n|poke|p2|Hawlucha, L50, F|\n|poke|p2|Excadrill, L50, M|\n|poke|p2|Hydreigon, L50, F|\n|teampreview|4\ndhkjdhkvhdkjvg has agreed to open team sheets.\nchiimaera has agreed to open team sheets.\n|showteam|p1|Clefable||Clefablite|Unaware|CosmicPower,Moonblast,StoredPower,FollowMe|||M|||50|]Ninetales-Alola||FocusSash|SnowWarning|Protect,AuroraVeil,Blizzard,Moonblast|||F|||50|]Arcanine-Hisui||HardStone|Intimidate|Protect,FlareBlitz,RockSlide,ExtremeSpeed|||M|||50|]Sinistcha||SitrusBerry|Hospitality|Protect,LifeDew,MatchaGotcha,RagePowder||||||50|]Gyarados||Leftovers|Intimidate|Protect,Waterfall,Earthquake,DragonDance|||M|||50|]Froslass||Froslassite|SnowCloak|Protect,AuroraVeil,Blizzard,ShadowBall|||F|||50|\n|showteam|p2|Crabominable||Crabominite|IronFist|DrainPunch,IceHammer,Protect,Crabhammer|||M|||50|]Oranguru||SitrusBerry|Symbiosis|TrickRoom,Instruct,Protect,Psyshock|||F|||50|]Incineroar||MentalHerb|Intimidate|FlareBlitz,PartingShot,Protect,FakeOut|||M|||50|]Hawlucha||Hawluchanite|MoldBreaker|DrainPunch,Entrainment,Protect,HighJumpKick|||F|||50|]Excadrill||Excadrite|MoldBreaker|HornDrill,Fissure,Protect,DrillRun|||M|||50|]Hydreigon||FocusSash|Levitate|DracoMeteor,Tailwind,DarkPulse,Protect|||F|||50|\n|j| jason986\n|inactive|Battle timer is ON: inactive players will automatically lose when time's up. (requested by dhkjdhkvhdkjvg)\n|c| jason986|finally I see a good team from a opponent\n|c|\u2606chiimaera|xD\n|c|\u2606chiimaera|bro tripple wielding megas\n|c| jason986|bro knows what is good\n|c|\u2606chiimaera|it makes me scared lmao\n|c| jason986|he has trick room that is all what matters\n|inactive|chiimaera has 60 seconds left.\n|\n|t:|1775986785\n|teamsize|p1|4\n|teamsize|p2|4\n|start\n|switch|p1a: Ninetales|Ninetales-Alola, L50, F|100/100\n|switch|p1b: Arcanine|Arcanine-Hisui, L50, M|100/100\n|switch|p2a: Crabominable|Crabominable, L50, M, shiny|100/100\n|switch|p2b: Oranguru|Oranguru, L50, F|100/100\n|-weather|Snowscape|[from] ability: Snow Warning|[of] p1a: Ninetales\n|-ability|p1b: Arcanine|Intimidate|boost\n|-unboost|p2a: Crabominable|atk|1\n|-unboost|p2b: Oranguru|atk|1\n|turn|1\n|c| jason986|yes\n|\n|t:|1775986798\n|move|p2a: Crabominable|Protect|p2a: Crabominable\n|-singleturn|p2a: Crabominable|Protect\n|move|p1a: Ninetales|Aurora Veil|p1a: Ninetales\n|-sidestart|p1: chiimaera|move: Aurora Veil\n|move|p1b: Arcanine|Rock Slide|p2a: Crabominable|[spread] p2b\n|-activate|p2a: Crabominable|move: Protect\n|-damage|p2b: Oranguru|69/100\n|cant|p2b: Oranguru|flinch\n|\n|-weather|Snowscape|[upkeep]\n|upkeep\n|turn|2\n|c| jason986|the lead\n|c|\u2606chiimaera|:O\n|c| jason986|I knew the flinch\n|\n|t:|1775986814\n|switch|p2a: Incineroar|Incineroar, L50, M|100/100\n|-ability|p2a: Incineroar|Intimidate|boost\n|-unboost|p1a: Ninetales|atk|1\n|-unboost|p1b: Arcanine|atk|1\n|move|p1a: Ninetales|Blizzard|p2a: Incineroar|[spread] p2a,p2b\n|-resisted|p2a: Incineroar|1\n|-damage|p2a: Incineroar|92/100\n|-damage|p2b: Oranguru|54/100\n|move|p1b: Arcanine|Rock Slide|p2a: Incineroar|[spread] p2a,p2b\n|-supereffective|p2a: Incineroar|1\n|-damage|p2a: Incineroar|56/100\n|-damage|p2b: Oranguru|32/100\n|-enditem|p2b: Oranguru|Sitrus Berry|[eat]\n|-heal|p2b: Oranguru|57/100|[from] item: Sitrus Berry\n|cant|p2b: Oranguru|flinch\n|\n|-weather|Snowscape|[upkeep]\n|upkeep\n|turn|3\n|c|\u2606chiimaera|since when do i get lucky\n|c|\u2606chiimaera|;-;\n|c| jason986|rock slide always flinches\n|c| jason986|100% flinch rate\n|inactive|chiimaera has 30 seconds left.\n|c| jason986|when you need it does\n|\n|t:|1775986842\n|move|p1a: Ninetales|Blizzard|p2a: Incineroar|[spread] p2a,p2b\n|-resisted|p2a: Incineroar|1\n|-damage|p2a: Incineroar|47/100\n|-damage|p2b: Oranguru|42/100\n|-status|p2b: Oranguru|frz\n|move|p1b: Arcanine|Rock Slide|p2b: Oranguru|[spread] p2a,p2b\n|-supereffective|p2a: Incineroar|1\n|-damage|p2a: Incineroar|11/100\n|-damage|p2b: Oranguru|19/100 frz\n|cant|p2a: Incineroar|flinch\n|cant|p2b: Oranguru|frz\n|\n|-weather|Snowscape|[upkeep]\n|upkeep\n|turn|4\n|c| jason986|very skillfull win\n|c|\u2606chiimaera|man rock slide + blizzard is a skillful combo\n|inactive|chiimaera has 30 seconds left.\n|c| jason986|bro double flinch and freeze wtf\n|\n|t:|1775986870\n|move|p1a: Ninetales|Blizzard|p2a: Incineroar|[spread] p2a,p2b\n|-resisted|p2a: Incineroar|1\n|-crit|p2b: Oranguru\n|-damage|p2a: Incineroar|1/100\n|-damage|p2b: Oranguru|0 fnt\n|faint|p2b: Oranguru\n|move|p1b: Arcanine|Rock Slide|p2a: Incineroar\n|-supereffective|p2a: Incineroar|1\n|-damage|p2a: Incineroar|0 fnt\n|faint|p2a: Incineroar\n|\n|-weather|Snowscape|[upkeep]\n|upkeep\n|c| jason986|bro just wanted tr\n|c|\u2606chiimaera|i flinched every turn btw\n|c| jason986|ofc\n|\n|t:|1775986882\n|switch|p2a: Crabominable|Crabominable, L50, M, shiny|100/100\n|switch|p2b: Excadrill|Excadrill, L50, M|100/100\n|-ability|p2b: Excadrill|Mold Breaker\n|turn|5\n|c| jason986|100% flinch rate\n|c|\u2606chiimaera|bro im sorry\n|c| jason986|like I said\n|c|\u2606chiimaera|i swear this is ot on purpose\n|\n|t:|1775986903\n|detailschange|p2a: Crabominable|Crabominable-Mega, L50, M, shiny\n|-mega|p2a: Crabominable|Crabominable|Crabominite\n|move|p2b: Excadrill|Drill Run|p1b: Arcanine\n|-supereffective|p1b: Arcanine|2\n|-damage|p1b: Arcanine|0 fnt\n|faint|p1b: Arcanine\n|move|p1a: Ninetales|Blizzard|p2b: Excadrill|[spread] p2a,p2b\n|-resisted|p2a: Crabominable|1\n|-damage|p2a: Crabominable|89/100\n|-damage|p2b: Excadrill|71/100\n|move|p2a: Crabominable|Crabhammer|p1a: Ninetales\n|-damage|p1a: Ninetales|75/100\n|\n|-weather|none\n|-sideend|p1: chiimaera|move: Aurora Veil\n|upkeep\n|c| jason986|who knows\n|c|\u2606chiimaera|xD\n|\n|t:|1775986915\n|switch|p1b: Froslass|Froslass, L50, F|100/100\n|turn|6\n|\n|t:|1775986928\n|detailschange|p1b: Froslass|Froslass-Mega, L50, F\n|-mega|p1b: Froslass|Froslass|Froslassite\n|-weather|Snowscape|[from] ability: Snow Warning|[of] p1b: Froslass\n|move|p1b: Froslass|Blizzard|p2b: Excadrill|[spread] p2a,p2b\n|-resisted|p2a: Crabominable|1\n|-damage|p2a: Crabominable|68/100\n|-damage|p2b: Excadrill|22/100\n|-status|p2b: Excadrill|frz\n|cant|p2b: Excadrill|frz\n|move|p1a: Ninetales|Aurora Veil|p1a: Ninetales\n|-sidestart|p1: chiimaera|move: Aurora Veil\n|move|p2a: Crabominable|Drain Punch|p1a: Ninetales\n|-damage|p1a: Ninetales|42/100\n|-heal|p2a: Crabominable|86/100|[from] drain|[of] p1a: Ninetales\n|\n|-weather|Snowscape|[upkeep]\n|upkeep\n|turn|7\n|c|\u2606chiimaera|bro\n|c|\u2606chiimaera|this isnt fair\n|c|\u2606chiimaera|i feel bad for winning\n|inactive|chiimaera has 30 seconds left.\n|inactive|dhkjdhkvhdkjvg has 30 seconds left.\n|c| jason986|you should not\n|\n|t:|1775986958\n|-curestatus|p2b: Excadrill|frz|[msg]\n|move|p2b: Excadrill|Protect|p2b: Excadrill\n|-singleturn|p2b: Excadrill|Protect\n|move|p1b: Froslass|Blizzard|p2a: Crabominable|[spread] p2a\n|-activate|p2b: Excadrill|move: Protect\n|-resisted|p2a: Crabominable|1\n|-damage|p2a: Crabominable|65/100\n|move|p1a: Ninetales|Moonblast|p2a: Crabominable\n|-supereffective|p2a: Crabominable|1\n|-damage|p2a: Crabominable|14/100\n|move|p2a: Crabominable|Drain Punch|p1a: Ninetales\n|-damage|p1a: Ninetales|12/100\n|-heal|p2a: Crabominable|29/100|[from] drain|[of] p1a: Ninetales\n|\n|-weather|Snowscape|[upkeep]\n|upkeep\n|turn|8\n|c| jason986|one time I won because scale shot  win\n|c|\u2606chiimaera|xD\n|\n|t:|1775986981\n|move|p2a: Crabominable|Protect|p2a: Crabominable\n|-singleturn|p2a: Crabominable|Protect\n|move|p1b: Froslass|Shadow Ball|p2a: Crabominable\n|-activate|p2a: Crabominable|move: Protect\n|move|p2b: Excadrill|Drill Run|p1a: Ninetales\n|-crit|p1a: Ninetales\n|-damage|p1a: Ninetales|0 fnt\n|faint|p1a: Ninetales\n|\n|-weather|Snowscape|[upkeep]\n|upkeep\n|\n|t:|1775986989\n|switch|p1a: Clefable|Clefable, L50, M|100/100\n|turn|9\n|c|\u2606chiimaera|i misclicked lma\n|\n|t:|1775987005\n|move|p1a: Clefable|Follow Me|p1a: Clefable\n|-singleturn|p1a: Clefable|move: Follow Me\n|move|p1b: Froslass|Blizzard|p2b: Excadrill|[spread] p2a,p2b\n|-resisted|p2a: Crabominable|1\n|-damage|p2a: Crabominable|8/100\n|-damage|p2b: Excadrill|0 fnt\n|faint|p2b: Excadrill\n|move|p2a: Crabominable|Ice Hammer|p1a: Clefable\n|-damage|p1a: Clefable|38/100\n|-unboost|p2a: Crabominable|spe|1\n|\n|-weather|Snowscape|[upkeep]\n|upkeep\n|turn|10\n|\n|t:|1775987018\n|move|p1b: Froslass|Blizzard|p2a: Crabominable\n|-resisted|p2a: Crabominable|1\n|-damage|p2a: Crabominable|0 fnt\n|faint|p2a: Crabominable\n|\n|win|chiimaera\n|raw|chiimaera's rating: 1063 &rarr; <strong>1089</strong><br />(+26 for winning)\n|raw|dhkjdhkvhdkjvg's rating: 1014 &rarr; <strong>1004</strong><br />(-10 for losing)\n|l|\u2606dhkjdhkvhdkjvg\n|player|p2|\n|c|\u2606chiimaera|wait i recorgnize his username i think\n|c|\u2606chiimaera|i played against him before\n|l| jason986\n|l|\u2606chiimaera\n|player|p1|\n|j| jason986\n",
  "uploadtime": 1775987334,
  "views": 28,
  "formatid": "gen9championsvgc2026regma",
  "rating": 1004,
  "private": 0,
  "password": null
}