{
  "id": "gen9championsvgc2026regma-2580849397",
  "format": "[Gen 9 Champions] VGC 2026 Reg M-A",
  "players": [
    "MrDeadly",
    "mr.sylent"
  ],
  "log": "|j|\u2606MrDeadly\n|j|\u2606mr.sylent\n|t:|1775937522\n|gametype|doubles\n|player|p1|MrDeadly|266|1144\n|player|p2|mr.sylent|skyla|1045\n|gen|9\n|tier|[Gen 9 Champions] VGC 2026 Reg M-A\n|rated|\n|rule|Species Clause: Limit one of each Pok\u00e9mon\n|rule|Item Clause: Limit 1 of each item\n|clearpoke\n|poke|p1|Kingambit, L50, M|\n|poke|p1|Sinistcha, L50|\n|poke|p1|Farigiraf, L50, M|\n|poke|p1|Torkoal, L50, M|\n|poke|p1|Starmie, L50|\n|poke|p1|Sneasler, L50, F|\n|poke|p2|Scovillain, L50, M|\n|poke|p2|Incineroar, L50, F|\n|poke|p2|Gengar, L50, F|\n|poke|p2|Primarina, L50, F|\n|poke|p2|Pelipper, L50, F|\n|poke|p2|Farigiraf, L50, F|\n|teampreview|4\n|inactive|Battle timer is ON: inactive players will automatically lose when time's up. (requested by mr.sylent)\n|inactive|MrDeadly also wants the timer to be on.\n|inactive|mr.sylent has 60 seconds left.\n|\n|t:|1775937553\n|teamsize|p1|4\n|teamsize|p2|4\n|start\n|switch|p1a: Kingambit|Kingambit, L50, M|100/100\n|switch|p1b: Starmie|Starmie, L50|100/100\n|switch|p2a: Primarina|Primarina, L50, F|100/100\n|switch|p2b: Incineroar|Incineroar, L50, F|100/100\n|-ability|p2b: Incineroar|Intimidate|boost\n|-unboost|p1a: Kingambit|atk|1\n|-ability|p1a: Kingambit|Defiant|boost\n|-boost|p1a: Kingambit|atk|2\n|-unboost|p1b: Starmie|atk|1\n|turn|1\n|inactive|MrDeadly has 30 seconds left.\n|inactive|mr.sylent has 30 seconds left.\n|inactive|MrDeadly has 20 seconds left.\n|\n|t:|1775937591\n|detailschange|p1b: Starmie|Starmie-Mega, L50\n|-mega|p1b: Starmie|Starmie|Starminite\n|move|p2b: Incineroar|Fake Out|p1b: Starmie\n|-damage|p1b: Starmie|89/100\n|cant|p1b: Starmie|flinch\n|move|p2a: Primarina|Hyper Voice|p1a: Kingambit|[spread] p1a,p1b\n|-resisted|p1b: Starmie|1\n|-damage|p1a: Kingambit|69/100\n|-damage|p1b: Starmie|72/100\n|move|p1a: Kingambit|Swords Dance|p1a: Kingambit\n|-boost|p1a: Kingambit|atk|2\n|\n|-heal|p1a: Kingambit|74/100|[from] item: Leftovers\n|upkeep\n|turn|2\n|inactive|mr.sylent has 30 seconds left.\n|inactive|mr.sylent has 20 seconds left.\n|\n|t:|1775937629\n|move|p1a: Kingambit|Sucker Punch||[still]\n|-fail|p1a: Kingambit\n|move|p1b: Starmie|Skill Swap|p1a: Kingambit\n|-activate|p1b: Starmie|Skill Swap|||[of] p1a: Kingambit\n|move|p2b: Incineroar|Parting Shot|p1a: Kingambit\n|-unboost|p1a: Kingambit|atk|1\n|-unboost|p1a: Kingambit|spa|1\n|\n|t:|1775937638\n|switch|p2b: Pelipper|Pelipper, L50, F|100/100|[from] Parting Shot\n|-weather|RainDance|[from] ability: Drizzle|[of] p2b: Pelipper\n|move|p2a: Primarina|Hyper Voice|p1a: Kingambit|[spread] p1a,p1b\n|-resisted|p1b: Starmie|1\n|-damage|p1a: Kingambit|26/100\n|-damage|p1b: Starmie|46/100\n|\n|-weather|RainDance|[upkeep]\n|-heal|p1a: Kingambit|32/100|[from] item: Leftovers\n|upkeep\n|turn|3\n|inactive|MrDeadly has 30 seconds left.\n|inactive|MrDeadly has 20 seconds left.\n|inactive|MrDeadly has 15 seconds left.\n|inactive|MrDeadly has 10 seconds left.\n|\n|t:|1775937687\n|move|p1b: Starmie|Flip Turn|p2a: Primarina\n|-resisted|p2a: Primarina|1\n|-crit|p2a: Primarina\n|-damage|p2a: Primarina|76/100\n|\n|t:|1775937691\n|switch|p1b: Sinistcha|Sinistcha, L50|100/100|[from] Flip Turn\n|-heal|p1a: Kingambit|57/100|[from] ability: Hospitality|[of] p1b: Sinistcha\n|move|p2b: Pelipper|Hurricane|p1b: Sinistcha\n|-supereffective|p1b: Sinistcha|1\n|-damage|p1b: Sinistcha|15/100\n|move|p2a: Primarina|Hyper Voice|p1b: Sinistcha|[spread] p1a,p1b\n|-resisted|p1b: Sinistcha|1\n|-damage|p1a: Kingambit|4/100\n|-damage|p1b: Sinistcha|0 fnt\n|faint|p1b: Sinistcha\n|move|p1a: Kingambit|Iron Head|p2a: Primarina\n|-damage|p2a: Primarina|0 fnt\n|faint|p2a: Primarina\n|\n|-weather|RainDance|[upkeep]\n|-heal|p1a: Kingambit|10/100|[from] item: Leftovers\n|upkeep\n|\n|t:|1775937716\n|switch|p2a: Incineroar|Incineroar, L50, F|100/100\n|switch|p1b: Torkoal|Torkoal, L50, M|100/100\n|-ability|p2a: Incineroar|Intimidate|boost\n|-unboost|p1a: Kingambit|atk|1\n|-unboost|p1b: Torkoal|atk|1\n|-weather|SunnyDay|[from] ability: Drought|[of] p1b: Torkoal\n|turn|4\n|inactive|mr.sylent has 30 seconds left.\n|inactive|mr.sylent has 20 seconds left.\n|\n|t:|1775937751\n|move|p1a: Kingambit|Sucker Punch|p2b: Pelipper\n|-enditem|p2b: Pelipper|Focus Sash\n|-damage|p2b: Pelipper|1/100\n|move|p2b: Pelipper|Weather Ball|p1b: Torkoal\n|-resisted|p1b: Torkoal|1\n|-damage|p1b: Torkoal|72/100\n|move|p2a: Incineroar|Flare Blitz|p1a: Kingambit\n|-supereffective|p1a: Kingambit|1\n|-damage|p1a: Kingambit|0 fnt\n|faint|p1a: Kingambit\n|-damage|p2a: Incineroar|97/100|[from] Recoil\n|move|p1b: Torkoal|Eruption|p2a: Incineroar|[spread] p2a,p2b\n|-resisted|p2a: Incineroar|1\n|-crit|p2a: Incineroar\n|-resisted|p2b: Pelipper|1\n|-damage|p2a: Incineroar|57/100\n|-damage|p2b: Pelipper|0 fnt\n|faint|p2b: Pelipper\n|\n|-weather|SunnyDay|[upkeep]\n|upkeep\n|\n|t:|1775937768\n|switch|p2b: Scovillain|Scovillain, L50, M|100/100\n|switch|p1a: Starmie|Starmie-Mega, L50|46/100\n|turn|5\n|inactive|mr.sylent has 30 seconds left.\n|\n|t:|1775937795\n|detailschange|p2b: Scovillain|Scovillain-Mega, L50, M\n|-mega|p2b: Scovillain|Scovillain|Scovillainite\n|move|p1a: Starmie|Hydro Pump|p2a: Incineroar\n|-supereffective|p2a: Incineroar|1\n|-damage|p2a: Incineroar|21/100\n|move|p2b: Scovillain|Leech Seed|p1a: Starmie\n|-start|p1a: Starmie|move: Leech Seed\n|move|p2a: Incineroar|Flare Blitz|p1b: Torkoal\n|-resisted|p1b: Torkoal|1\n|-damage|p1b: Torkoal|46/100\n|-damage|p2a: Incineroar|13/100|[from] Recoil\n|move|p1b: Torkoal|Heat Wave|p2b: Scovillain|[spread] p2a,p2b\n|-resisted|p2a: Incineroar|1\n|-damage|p2a: Incineroar|0 fnt\n|-damage|p2b: Scovillain|39/100\n|-immune|p1b: Torkoal\n|faint|p2a: Incineroar\n|\n|-weather|SunnyDay|[upkeep]\n|-damage|p1a: Starmie|34/100|[from] Leech Seed|[of] p2b: Scovillain\n|-heal|p2b: Scovillain|51/100|[silent]\n|upkeep\n|turn|6\n|c|\u2606mr.sylent|special attacking mega starmie?\n|inactive|mr.sylent has 30 seconds left.\n|\n|t:|1775937821\n|move|p2b: Scovillain|Protect|p2b: Scovillain\n|-singleturn|p2b: Scovillain|Protect\n|move|p1a: Starmie|Psychic|p2b: Scovillain\n|-activate|p2b: Scovillain|move: Protect\n|move|p1b: Torkoal|Weather Ball|p2b: Scovillain\n|-activate|p2b: Scovillain|move: Protect\n|\n|-weather|SunnyDay|[upkeep]\n|-damage|p1a: Starmie|22/100|[from] Leech Seed|[of] p2b: Scovillain\n|-heal|p2b: Scovillain|63/100|[silent]\n|upkeep\n|turn|7\n|c|\u2606MrDeadly|xd bro\n|\n|t:|1775937836\n|move|p1a: Starmie|Psychic|p2b: Scovillain\n|-damage|p2b: Scovillain|20/100\n|-status|p1a: Starmie|brn|[from] ability: Spicy Spray|[of] p2b: Scovillain\n|move|p2b: Scovillain|Leech Seed|p1b: Torkoal\n|-start|p1b: Torkoal|move: Leech Seed\n|move|p1b: Torkoal|Weather Ball|p2b: Scovillain\n|-damage|p2b: Scovillain|0 fnt\n|-immune|p1b: Torkoal\n|faint|p2b: Scovillain\n|\n|win|MrDeadly\n|raw|MrDeadly's rating: 1144 &rarr; <strong>1162</strong><br />(+18 for winning)\n|raw|mr.sylent's rating: 1045 &rarr; <strong>1033</strong><br />(-12 for losing)\n|c|\u2606mr.sylent|gg\n|l|\u2606mr.sylent\n|player|p2|\n",
  "uploadtime": 1775937874,
  "views": 19,
  "formatid": "gen9championsvgc2026regma",
  "rating": 1033,
  "private": 0,
  "password": null
}