{
  "id": "gen9championsvgc2026regma-2587961921",
  "format": "[Gen 9 Champions] VGC 2026 Reg M-A",
  "players": [
    "oriolpau",
    "soaringpegasus"
  ],
  "log": "|j|\u2606oriolpau\n|j|\u2606soaringpegasus\n|t:|1776585346\n|gametype|doubles\n|player|p1|oriolpau|266|1081\n|player|p2|soaringpegasus|backpacker|1124\n|gen|9\n|tier|[Gen 9 Champions] VGC 2026 Reg M-A\n|rated|\n|rule|Species Clause: Limit one of each Pok\u00e9mon\n|rule|Item Clause: Limit 1 of each item\n|clearpoke\n|poke|p1|Clefable, L50, M|\n|poke|p1|Politoed, L50, M|\n|poke|p1|Basculegion, L50, M|\n|poke|p1|Aerodactyl, L50, M|\n|poke|p1|Archaludon, L50, F|\n|poke|p1|Incineroar, L50, F|\n|poke|p2|Tyranitar, L50, M|\n|poke|p2|Excadrill, L50, F|\n|poke|p2|Arcanine-Hisui, L50, M|\n|poke|p2|Sinistcha-Masterpiece, L50|\n|poke|p2|Hatterene, L50, F|\n|poke|p2|Crabominable, L50, F|\n|teampreview|4\n|inactive|Battle timer is ON: inactive players will automatically lose when time's up. (requested by soaringpegasus)\n|inactive|soaringpegasus has 60 seconds left.\n|\n|t:|1776585401\n|teamsize|p1|4\n|teamsize|p2|4\n|start\n|switch|p1a: Basculegion|Basculegion, L50, M|100/100\n|switch|p1b: Clefable|Clefable, L50, M|100/100\n|switch|p2a: Tyranitar|Tyranitar, L50, M|100/100\n|switch|p2b: Excadrill|Excadrill, L50, F|100/100\n|-weather|Sandstorm|[from] ability: Sand Stream|[of] p2a: Tyranitar\n|turn|1\n|inactive|oriolpau has 30 seconds left.\n|inactive|soaringpegasus has 30 seconds left.\n|\n|t:|1776585435\n|switch|p1b: Politoed|Politoed, L50, M|100/100\n|-weather|RainDance|[from] ability: Drizzle|[of] p1b: Politoed\n|detailschange|p2a: Tyranitar|Tyranitar-Mega, L50, M\n|-mega|p2a: Tyranitar|Tyranitar|Tyranitarite\n|-weather|Sandstorm|[from] ability: Sand Stream|[of] p2a: Tyranitar\n|move|p2b: Excadrill|Iron Head|p1a: Basculegion\n|-resisted|p1a: Basculegion|1\n|-damage|p1a: Basculegion|70/100\n|move|p1a: Basculegion|Wave Crash|p2a: Tyranitar\n|-supereffective|p2a: Tyranitar|1\n|-damage|p2a: Tyranitar|0 fnt\n|faint|p2a: Tyranitar\n|-damage|p1a: Basculegion|37/100|[from] Recoil\n|\n|-weather|Sandstorm|[upkeep]\n|-damage|p1a: Basculegion|31/100|[from] Sandstorm\n|-damage|p1b: Politoed|95/100|[from] Sandstorm\n|upkeep\n|inactive|soaringpegasus has 30 seconds left.\n|\n|t:|1776585460\n|switch|p2a: Hatterene|Hatterene, L50, F|100/100\n|turn|2\n|\n|t:|1776585469\n|move|p1b: Politoed|Protect|p1b: Politoed\n|-singleturn|p1b: Politoed|Protect\n|move|p2a: Hatterene|Protect|p2a: Hatterene\n|-singleturn|p2a: Hatterene|Protect\n|move|p2b: Excadrill|Rock Slide|p1a: Basculegion|[spread] p1a\n|-activate|p1b: Politoed|move: Protect\n|-damage|p1a: Basculegion|7/100\n|move|p1a: Basculegion|Wave Crash|p2b: Excadrill\n|-supereffective|p2b: Excadrill|1\n|-enditem|p2b: Excadrill|Focus Sash\n|-damage|p2b: Excadrill|1/100\n|-damage|p1a: Basculegion|0 fnt|[from] Recoil\n|faint|p1a: Basculegion\n|\n|-weather|Sandstorm|[upkeep]\n|-damage|p1b: Politoed|89/100|[from] Sandstorm\n|-damage|p2a: Hatterene|94/100|[from] Sandstorm\n|upkeep\n|\n|t:|1776585485\n|switch|p1a: Incineroar|Incineroar, L50, F|100/100\n|-ability|p1a: Incineroar|Intimidate|boost\n|-unboost|p2a: Hatterene|atk|1\n|-unboost|p2b: Excadrill|atk|1\n|turn|3\n|\n|t:|1776585498\n|switch|p2b: Sinistcha|Sinistcha-Masterpiece, L50|100/100\n|-heal|p2a: Hatterene|100/100|[from] ability: Hospitality|[of] p2b: Sinistcha\n|move|p1a: Incineroar|Fake Out|p2b: Sinistcha\n|-immune|p2b: Sinistcha\n|move|p1b: Politoed|Weather Ball|p2a: Hatterene\n|-damage|p2a: Hatterene|77/100\n|move|p2a: Hatterene|Trick Room|p2a: Hatterene\n|-fieldstart|move: Trick Room|[of] p2a: Hatterene\n|\n|-weather|Sandstorm|[upkeep]\n|-damage|p2a: Hatterene|71/100|[from] Sandstorm\n|-damage|p1a: Incineroar|94/100|[from] Sandstorm\n|-damage|p2b: Sinistcha|94/100|[from] Sandstorm\n|-damage|p1b: Politoed|83/100|[from] Sandstorm\n|upkeep\n|turn|4\n|inactive|oriolpau has 30 seconds left.\n|inactive|soaringpegasus has 30 seconds left.\n|\n|t:|1776585526\n|switch|p1b: Clefable|Clefable, L50, M|100/100\n|move|p2a: Hatterene|Dazzling Gleam|p1b: Clefable|[spread] p1a,p1b\n|-damage|p1a: Incineroar|65/100\n|-damage|p1b: Clefable|72/100\n|move|p1a: Incineroar|Parting Shot|p2a: Hatterene\n|move|p2a: Hatterene|Parting Shot|p1a: Incineroar|[from] ability: Magic Bounce\n|-unboost|p1a: Incineroar|atk|1\n|-unboost|p1a: Incineroar|spa|1\n|\n|t:|1776585537\n|switch|p2a: Excadrill|Excadrill, L50, F|1/100|[from] Parting Shot\n|move|p2b: Sinistcha|Matcha Gotcha|p1b: Clefable|[spread] p1a,p1b\n|-resisted|p1a: Incineroar|1\n|-damage|p1a: Incineroar|54/100\n|-heal|p2b: Sinistcha|100/100|[from] drain|[of] p1a: Incineroar\n|-damage|p1b: Clefable|51/100\n|\n|-weather|Sandstorm|[upkeep]\n|-damage|p1a: Incineroar|48/100|[from] Sandstorm\n|-damage|p1b: Clefable|45/100|[from] Sandstorm\n|-damage|p2b: Sinistcha|94/100|[from] Sandstorm\n|upkeep\n|turn|5\n|\n|t:|1776585559\n|switch|p2a: Hatterene|Hatterene, L50, F|71/100\n|detailschange|p1b: Clefable|Clefable-Mega, L50, M\n|-mega|p1b: Clefable|Clefable|Clefablite\n|move|p1a: Incineroar|Flare Blitz|p2a: Hatterene\n|-damage|p2a: Hatterene|31/100\n|-damage|p1a: Incineroar|37/100|[from] Recoil\n|move|p2b: Sinistcha|Leaf Storm|p1b: Clefable\n|-resisted|p1b: Clefable|1\n|-damage|p1b: Clefable|25/100\n|-unboost|p2b: Sinistcha|spa|2\n|move|p1b: Clefable|Calm Mind|p1b: Clefable\n|-boost|p1b: Clefable|spa|1\n|-boost|p1b: Clefable|spd|1\n|\n|-weather|none\n|upkeep\n|turn|6\n|\n|t:|1776585584\n|switch|p1a: Politoed|Politoed, L50, M|83/100\n|-weather|RainDance|[from] ability: Drizzle|[of] p1a: Politoed\n|switch|p2b: Excadrill|Excadrill, L50, F|1/100\n|move|p2a: Hatterene|Psychic|p1b: Clefable\n|-crit|p1b: Clefable\n|-damage|p1b: Clefable|0 fnt\n|faint|p1b: Clefable\n|\n|-weather|RainDance|[upkeep]\n|upkeep\n|\n|t:|1776585596\n|switch|p1b: Incineroar|Incineroar, L50, F|37/100\n|-ability|p1b: Incineroar|Intimidate|boost\n|-unboost|p2a: Hatterene|atk|1\n|-unboost|p2b: Excadrill|atk|1\n|turn|7\n|\n|t:|1776585606\n|switch|p2b: Sinistcha|Sinistcha-Masterpiece, L50|94/100\n|-heal|p2a: Hatterene|56/100|[from] ability: Hospitality|[of] p2b: Sinistcha\n|move|p2a: Hatterene|Psychic|p1a: Politoed\n|-damage|p1a: Politoed|41/100\n|-enditem|p1a: Politoed|Sitrus Berry|[eat]\n|-heal|p1a: Politoed|66/100|[from] item: Sitrus Berry\n|move|p1b: Incineroar|Flare Blitz|p2a: Hatterene\n|-damage|p2a: Hatterene|21/100\n|-damage|p1b: Incineroar|27/100|[from] Recoil\n|move|p1a: Politoed|Ice Beam|p2b: Sinistcha\n|-supereffective|p2b: Sinistcha|1\n|-damage|p2b: Sinistcha|49/100\n|-enditem|p2b: Sinistcha|Sitrus Berry|[eat]\n|-heal|p2b: Sinistcha|74/100|[from] item: Sitrus Berry\n|\n|-weather|RainDance|[upkeep]\n|-fieldend|move: Trick Room\n|upkeep\n|turn|8\n|inactive|oriolpau has 30 seconds left.\n|inactive|soaringpegasus has 30 seconds left.\n|\n|t:|1776585637\n|move|p2b: Sinistcha|Leaf Storm|p1a: Politoed|[miss]\n|-miss|p2b: Sinistcha|p1a: Politoed\n|move|p1a: Politoed|Weather Ball|p2a: Hatterene\n|-damage|p2a: Hatterene|0 fnt\n|faint|p2a: Hatterene\n|move|p1b: Incineroar|Flare Blitz|p2b: Sinistcha\n|-supereffective|p2b: Sinistcha|1\n|-damage|p2b: Sinistcha|24/100\n|-damage|p1b: Incineroar|12/100|[from] Recoil\n|\n|-weather|RainDance|[upkeep]\n|upkeep\n|\n|t:|1776585644\n|switch|p2a: Excadrill|Excadrill, L50, F|1/100\n|turn|9\n|\n|t:|1776585662\n|move|p2a: Excadrill|Rock Slide|p1a: Politoed|[spread] p1a\n|-miss|p2a: Excadrill|p1b: Incineroar\n|-damage|p1a: Politoed|46/100\n|move|p2b: Sinistcha|Leaf Storm|p1a: Politoed\n|-supereffective|p1a: Politoed|1\n|-damage|p1a: Politoed|0 fnt\n|-unboost|p2b: Sinistcha|spa|2\n|faint|p1a: Politoed\n|move|p1b: Incineroar|Flare Blitz|p2b: Sinistcha\n|-supereffective|p2b: Sinistcha|1\n|-crit|p2b: Sinistcha\n|-damage|p2b: Sinistcha|0 fnt\n|faint|p2b: Sinistcha\n|-damage|p1b: Incineroar|5/100|[from] Recoil\n|\n|-weather|RainDance|[upkeep]\n|upkeep\n|turn|10\n|\n|t:|1776585678\n|move|p2a: Excadrill|Iron Head|p1b: Incineroar\n|-resisted|p1b: Incineroar|1\n|-damage|p1b: Incineroar|0 fnt\n|faint|p1b: Incineroar\n|\n|win|soaringpegasus\n|raw|oriolpau's rating: 1081 &rarr; <strong>1062</strong><br />(-19 for losing)\n|raw|soaringpegasus's rating: 1124 &rarr; <strong>1146</strong><br />(+22 for winning)\n|c|\u2606soaringpegasus|gg\n|l|\u2606oriolpau\n|player|p1|\n",
  "uploadtime": 1776585700,
  "views": 29,
  "formatid": "gen9championsvgc2026regma",
  "rating": 1062,
  "private": 0,
  "password": null
}