{
  "id": "gen9championsvgc2026regma-2587022106",
  "format": "[Gen 9 Champions] VGC 2026 Reg M-A",
  "players": [
    "Jeremykhoo",
    "Kaizen1945"
  ],
  "log": "|j|\u2606Jeremykhoo\n|j|\u2606Kaizen1945\n|t:|1776482158\n|gametype|doubles\n|player|p1|Jeremykhoo|hilbert-wonderlauncher|1097\n|player|p2|Kaizen1945|170|1000\n|gen|9\n|tier|[Gen 9 Champions] VGC 2026 Reg M-A\n|rated|\n|rule|Species Clause: Limit one of each Pok\u00e9mon\n|rule|Item Clause: Limit 1 of each item\n|clearpoke\n|poke|p1|Tyranitar, L50, F|\n|poke|p1|Whimsicott, L50, F|\n|poke|p1|Aggron, L50, F|\n|poke|p1|Drampa, L50, M|\n|poke|p1|Sylveon, L50, M|\n|poke|p1|Arcanine, L50, F|\n|poke|p2|Charizard, L50, F|\n|poke|p2|Sinistcha, L50|\n|poke|p2|Primarina, L50, M|\n|poke|p2|Gardevoir, L50, M|\n|poke|p2|Whimsicott, L50, F|\n|poke|p2|Jolteon, L50, F|\n|teampreview|4\n|\n|t:|1776482217\n|teamsize|p1|4\n|teamsize|p2|4\n|start\n|switch|p1a: Whimsicott|Whimsicott, L50, F|100/100\n|switch|p1b: Aggron|Aggron, L50, F|100/100\n|switch|p2a: Charizard|Charizard, L50, F|100/100\n|switch|p2b: Whimsicott|Whimsicott, L50, F|100/100\n|turn|1\n|\n|t:|1776482244\n|detailschange|p1b: Aggron|Aggron-Mega, L50, F\n|-mega|p1b: Aggron|Aggron|Aggronite\n|move|p2a: Charizard|Protect|p2a: Charizard\n|-singleturn|p2a: Charizard|Protect\n|move|p1b: Aggron|Protect|p1b: Aggron\n|-singleturn|p1b: Aggron|Protect\n|move|p1a: Whimsicott|Light Screen|p1a: Whimsicott\n|-sidestart|p1: Jeremykhoo|move: Light Screen\n|move|p2b: Whimsicott|Taunt|p1a: Whimsicott\n|-start|p1a: Whimsicott|move: Taunt\n|-enditem|p1a: Whimsicott|Mental Herb\n|-end|p1a: Whimsicott|move: Taunt\n|\n|upkeep\n|turn|2\n|\n|t:|1776482275\n|detailschange|p2a: Charizard|Charizard-Mega-Y, L50, F\n|-mega|p2a: Charizard|Charizard|Charizardite Y\n|-weather|SunnyDay|[from] ability: Drought|[of] p2a: Charizard\n|move|p1a: Whimsicott|Tailwind|p1a: Whimsicott\n|-sidestart|p1: Jeremykhoo|move: Tailwind\n|move|p2b: Whimsicott|Encore|p1b: Aggron\n|-start|p1b: Aggron|Encore\n|move|p1b: Aggron|Protect||[still]\n|-fail|p1b: Aggron\n|move|p2a: Charizard|Heat Wave|p1b: Aggron|[spread] p1a,p1b\n|-supereffective|p1a: Whimsicott|1\n|-supereffective|p1b: Aggron|1\n|-damage|p1a: Whimsicott|0 fnt\n|-damage|p1b: Aggron|44/100\n|faint|p1a: Whimsicott\n|\n|-weather|SunnyDay|[upkeep]\n|upkeep\n|\n|t:|1776482288\n|switch|p1a: Tyranitar|Tyranitar, L50, F|100/100\n|-weather|Sandstorm|[from] ability: Sand Stream|[of] p1a: Tyranitar\n|turn|3\n|\n|t:|1776482308\n|switch|p2a: Primarina|Primarina, L50, M|100/100\n|switch|p1b: Sylveon|Sylveon, L50, M|100/100\n|move|p2b: Whimsicott|Tailwind|p2b: Whimsicott\n|-sidestart|p2: Kaizen1945|move: Tailwind\n|move|p1a: Tyranitar|Rock Slide|p2a: Primarina|[spread] p2b\n|-miss|p1a: Tyranitar|p2a: Primarina\n|-damage|p2b: Whimsicott|67/100\n|\n|-weather|Sandstorm|[upkeep]\n|-damage|p2b: Whimsicott|61/100|[from] Sandstorm\n|-damage|p1b: Sylveon|94/100|[from] Sandstorm\n|-damage|p2a: Primarina|95/100|[from] Sandstorm\n|upkeep\n|turn|4\n|\n|t:|1776482338\n|switch|p1a: Aggron|Aggron-Mega, L50, F|44/100\n|move|p2b: Whimsicott|Taunt|p1b: Sylveon\n|-start|p1b: Sylveon|move: Taunt\n|move|p1b: Sylveon|Hyper Voice|p2b: Whimsicott|[spread] p2a,p2b\n|-damage|p2a: Primarina|50/100\n|-damage|p2b: Whimsicott|3/100\n|move|p2a: Primarina|Hyper Voice|p1b: Sylveon|[spread] p1a,p1b\n|-damage|p1a: Aggron|21/100\n|-damage|p1b: Sylveon|76/100\n|\n|-weather|Sandstorm|[upkeep]\n|-damage|p2b: Whimsicott|0 fnt|[from] Sandstorm\n|-damage|p1b: Sylveon|70/100|[from] Sandstorm\n|-damage|p2a: Primarina|44/100|[from] Sandstorm\n|faint|p2b: Whimsicott\n|upkeep\n|\n|t:|1776482353\n|switch|p2b: Charizard|Charizard-Mega-Y, L50, F|100/100\n|-weather|SunnyDay|[from] ability: Drought|[of] p2b: Charizard\n|turn|5\n|\n|t:|1776482368\n|move|p1a: Aggron|Protect|p1a: Aggron\n|-singleturn|p1a: Aggron|Protect\n|move|p2b: Charizard|Heat Wave|p1b: Sylveon|[spread] p1b\n|-activate|p1a: Aggron|move: Protect\n|-damage|p1b: Sylveon|38/100\n|move|p1b: Sylveon|Hyper Voice|p2b: Charizard|[spread] p2a,p2b\n|-resisted|p2b: Charizard|1\n|-damage|p2a: Primarina|1/100\n|-damage|p2b: Charizard|78/100\n|move|p2a: Primarina|Hyper Voice|p1b: Sylveon|[spread] p1b\n|-activate|p1a: Aggron|move: Protect\n|-damage|p1b: Sylveon|29/100\n|\n|-weather|SunnyDay|[upkeep]\n|-sideend|p1: Jeremykhoo|move: Light Screen\n|-sideend|p1: Jeremykhoo|move: Tailwind\n|upkeep\n|turn|6\n|\n|t:|1776482412\n|switch|p1a: Tyranitar|Tyranitar, L50, F|100/100\n|-weather|Sandstorm|[from] ability: Sand Stream|[of] p1a: Tyranitar\n|move|p1b: Sylveon|Quick Attack|p2a: Primarina\n|-damage|p2a: Primarina|0 fnt\n|faint|p2a: Primarina\n|move|p2b: Charizard|Heat Wave|p1b: Sylveon|[spread] p1b\n|-miss|p2b: Charizard|p1a: Tyranitar\n|-damage|p1b: Sylveon|0 fnt\n|faint|p1b: Sylveon\n|\n|-weather|Sandstorm|[upkeep]\n|-damage|p2b: Charizard|72/100|[from] Sandstorm\n|-sideend|p2: Kaizen1945|move: Tailwind\n|upkeep\n|\n|t:|1776482426\n|switch|p1b: Aggron|Aggron-Mega, L50, F|21/100\n|switch|p2a: Sinistcha|Sinistcha, L50|100/100\n|-heal|p2b: Charizard|97/100|[from] ability: Hospitality|[of] p2a: Sinistcha\n|turn|7\n|\n|t:|1776482443\n|move|p2b: Charizard|Protect|p2b: Charizard\n|-singleturn|p2b: Charizard|Protect\n|move|p1a: Tyranitar|Rock Slide|p2a: Sinistcha|[spread] p2a\n|-activate|p2b: Charizard|move: Protect\n|-damage|p2a: Sinistcha|70/100\n|cant|p2a: Sinistcha|flinch\n|move|p1b: Aggron|Heavy Slam|p2a: Sinistcha\n|-damage|p2a: Sinistcha|18/100\n|\n|-weather|Sandstorm|[upkeep]\n|-damage|p2b: Charizard|91/100|[from] Sandstorm\n|-damage|p2a: Sinistcha|11/100|[from] Sandstorm\n|upkeep\n|turn|8\n|\n|t:|1776482467\n|move|p1a: Tyranitar|Rock Slide|p2a: Sinistcha|[spread] p2a,p2b\n|-supereffective|p2b: Charizard|2\n|-damage|p2a: Sinistcha|0 fnt\n|-damage|p2b: Charizard|0 fnt\n|faint|p2a: Sinistcha\n|faint|p2b: Charizard\n|\n|win|Jeremykhoo\n|raw|Jeremykhoo's rating: 1097 &rarr; <strong>1116</strong><br />(+19 for winning)\n|raw|Kaizen1945's rating: 1000 &rarr; <strong>1000</strong><br />(+0 for losing)\n",
  "uploadtime": 1776482474,
  "views": 16,
  "formatid": "gen9championsvgc2026regma",
  "rating": 1000,
  "private": 0,
  "password": null
}