{
  "id": "gen9championsvgc2026regma-2582648465",
  "format": "[Gen 9 Champions] VGC 2026 Reg M-A",
  "players": [
    "EnbyFlavoredSparky",
    "KilamanolaVGC"
  ],
  "log": "|j|\u2606EnbyFlavoredSparky\n|j|\u203dKilamanolaVGC\n|t:|1776104837\n|gametype|doubles\n|player|p1|EnbyFlavoredSparky|lillie-masters2|1165\n|player|p2|KilamanolaVGC|benga|1077\n|gen|9\n|tier|[Gen 9 Champions] VGC 2026 Reg M-A\n|rated|\n|rule|Species Clause: Limit one of each Pok\u00e9mon\n|rule|Item Clause: Limit 1 of each item\n|clearpoke\n|poke|p1|Delphox, L50, M|\n|poke|p1|Whimsicott, L50, F|\n|poke|p1|Incineroar, L50, M|\n|poke|p1|Ninetales, L50, M|\n|poke|p1|Sylveon, L50, F|\n|poke|p1|Sneasler, L50, M|\n|poke|p2|Floette-Eternal, L50, F|\n|poke|p2|Garchomp, L50, M|\n|poke|p2|Aerodactyl, L50, M|\n|poke|p2|Kingambit, L50, F|\n|poke|p2|Basculegion, L50, M|\n|poke|p2|Sneasler, L50, M|\n|teampreview|4\n|inactive|Battle timer is ON: inactive players will automatically lose when time's up. (requested by KilamanolaVGC)\n|inactive|EnbyFlavoredSparky also wants the timer to be on.\n|inactive|EnbyFlavoredSparky has 60 seconds left.\nKilamanolaVGC has agreed to open team sheets.\n|\n|t:|1776104883\n|teamsize|p1|4\n|teamsize|p2|4\n|start\n|switch|p1a: Sneasler|Sneasler, L50, M|100/100\n|switch|p1b: Delphox|Delphox, L50, M|100/100\n|switch|p2a: Sneasler|Sneasler, L50, M, shiny|100/100\n|switch|p2b: Aerodactyl|Aerodactyl, L50, M|100/100\n|-ability|p2b: Aerodactyl|Unnerve\n|turn|1\n|\n|t:|1776104909\n|move|p1b: Delphox|Protect|p1b: Delphox\n|-singleturn|p1b: Delphox|Protect\n|move|p2a: Sneasler|Fake Out|p1a: Sneasler\n|-damage|p1a: Sneasler|77/100\n|move|p2b: Aerodactyl|Tailwind|p2b: Aerodactyl\n|-sidestart|p2: KilamanolaVGC|move: Tailwind\n|cant|p1a: Sneasler|flinch\n|\n|upkeep\n|turn|2\n|\n|t:|1776104931\n|switch|p2a: Garchomp|Garchomp, L50, M, shiny|100/100\n|detailschange|p1b: Delphox|Delphox-Mega, L50, M\n|-mega|p1b: Delphox|Delphox|Delphoxite\n|move|p2b: Aerodactyl|Dual Wingbeat|p1a: Sneasler\n|-supereffective|p1a: Sneasler|1\n|-damage|p1a: Sneasler|10/100\n|-supereffective|p1a: Sneasler|1\n|-damage|p1a: Sneasler|0 fnt\n|faint|p1a: Sneasler\n|-hitcount|p1: Sneasler|2\n|move|p1b: Delphox|Heat Wave|p2b: Aerodactyl|[spread] p2a,p2b\n|-resisted|p2a: Garchomp|1\n|-resisted|p2b: Aerodactyl|1\n|-damage|p2a: Garchomp|78/100\n|-damage|p2b: Aerodactyl|69/100\n|\n|upkeep\n|\n|t:|1776104945\n|switch|p1a: Sylvia|Sylveon, L50, F|100/100\n|turn|3\n|\n|t:|1776104956\n|move|p2b: Aerodactyl|Rock Slide|p1b: Delphox|[spread] p1a,p1b\n|-supereffective|p1b: Delphox|1\n|-damage|p1a: Sylvia|68/100\n|-damage|p1b: Delphox|24/100\n|move|p2a: Garchomp|Rock Slide|p1b: Delphox|[spread] p1a,p1b\n|-supereffective|p1b: Delphox|1\n|-damage|p1a: Sylvia|42/100\n|-damage|p1b: Delphox|0 fnt\n|faint|p1b: Delphox\n|cant|p1a: Sylvia|flinch\n|\n|upkeep\n|\n|t:|1776104964\n|switch|p1b: Ninetales|Ninetales, L50, M|100/100\n|-weather|SunnyDay|[from] ability: Drought|[of] p1b: Ninetales\n|turn|4\n|\n|t:|1776104970\n|move|p1b: Ninetales|Protect|p1b: Ninetales\n|-singleturn|p1b: Ninetales|Protect\n|move|p2b: Aerodactyl|Rock Slide|p1b: Ninetales|[spread] p1a\n|-activate|p1b: Ninetales|move: Protect\n|-damage|p1a: Sylvia|8/100\n|move|p2a: Garchomp|Rock Slide|p1b: Ninetales|[spread] p1a\n|-activate|p1b: Ninetales|move: Protect\n|-damage|p1a: Sylvia|0 fnt\n|faint|p1a: Sylvia\n|\n|-weather|SunnyDay|[upkeep]\n|-sideend|p2: KilamanolaVGC|move: Tailwind\n|upkeep\n|turn|5\n|-message|EnbyFlavoredSparky forfeited.\n|\n|win|KilamanolaVGC\n|raw|EnbyFlavoredSparky's rating: 1165 &rarr; <strong>1134</strong><br />(-31 for losing)\n|raw|KilamanolaVGC's rating: 1077 &rarr; <strong>1113</strong><br />(+36 for winning)\n|l|\u2606EnbyFlavoredSparky\n|player|p1|\n",
  "uploadtime": 1776105004,
  "views": 33,
  "formatid": "gen9championsvgc2026regma",
  "rating": 1113,
  "private": 0,
  "password": null
}