{
  "id": "gen9championsvgc2026regma-2588078431",
  "format": "[Gen 9 Champions] VGC 2026 Reg M-A",
  "players": [
    "leonel riva",
    "ADV169"
  ],
  "log": "|j|\u2606leonel riva\n|j|\u2606ADV169\n|t:|1776601737\n|gametype|doubles\n|player|p1|leonel riva|hugh|1157\n|player|p2|ADV169|lass-gen4|1155\n|gen|9\n|tier|[Gen 9 Champions] VGC 2026 Reg M-A\n|rated|\n|rule|Species Clause: Limit one of each Pok\u00e9mon\n|rule|Item Clause: Limit 1 of each item\n|clearpoke\n|poke|p1|Blastoise, L50, F|\n|poke|p1|Oranguru, L50, F, shiny|\n|poke|p1|Pelipper, L50, M|\n|poke|p1|Sinistcha, L50|\n|poke|p1|Incineroar, L50, M|\n|poke|p1|Goodra-Hisui, L50, F|\n|poke|p2|Gardevoir, L50, M|\n|poke|p2|Farigiraf, L50, F|\n|poke|p2|Incineroar, L50, F|\n|poke|p2|Rotom-Wash, L50|\n|poke|p2|Archaludon, L50, F|\n|poke|p2|Sinistcha, L50|\n|teampreview|4\n|inactive|Battle timer is ON: inactive players will automatically lose when time's up. (requested by ADV169)\n|\n|t:|1776601779\n|teamsize|p1|4\n|teamsize|p2|4\n|start\n|switch|p1a: Blastoise|Blastoise, L50, F|100/100\n|switch|p1b: Pelipper|Pelipper, L50, M|100/100\n|switch|p2a: Babylon|Archaludon, L50, F|100/100\n|switch|p2b: Carcosa|Farigiraf, L50, F|100/100\n|-weather|RainDance|[from] ability: Drizzle|[of] p1b: Pelipper\n|turn|1\n|\n|t:|1776601803\n|switch|p1b: Goodra|Goodra-Hisui, L50, F|100/100\n|move|p1a: Blastoise|Protect|p1a: Blastoise\n|-singleturn|p1a: Blastoise|Protect\n|move|p2b: Carcosa|Expanding Force|p1a: Blastoise\n|-activate|p1a: Blastoise|move: Protect\n|move|p2a: Babylon|Electro Shot||[still]\n|-prepare|p2a: Babylon|Electro Shot\n|-boost|p2a: Babylon|spa|1\n|-anim|p2a: Babylon|Electro Shot|p1a: Blastoise\n|-activate|p1a: Blastoise|move: Protect\n|\n|-weather|RainDance|[upkeep]\n|upkeep\n|turn|2\n|inactive|leonel riva has 30 seconds left.\n|inactive|leonel riva has 20 seconds left.\n|\n|t:|1776601838\n|switch|p1a: Sinistcha|Sinistcha, L50|100/100\n|move|p2b: Carcosa|Psychic Terrain|p2b: Carcosa\n|-fieldstart|move: Psychic Terrain\n|move|p2a: Babylon|Electro Shot||[still]\n|-prepare|p2a: Babylon|Electro Shot\n|-boost|p2a: Babylon|spa|1\n|-anim|p2a: Babylon|Electro Shot|p1a: Sinistcha\n|-resisted|p1a: Sinistcha|1\n|-damage|p1a: Sinistcha|68/100\n|move|p1b: Goodra|Shelter|p1b: Goodra\n|-boost|p1b: Goodra|def|2\n|\n|-weather|RainDance|[upkeep]\n|upkeep\n|turn|3\n|inactive|leonel riva has 30 seconds left.\n|-activate|p1a: Sinistcha|item: Quick Claw\n|\n|t:|1776601863\n|move|p2b: Carcosa|Expanding Force|p1a: Sinistcha|[spread] p1a,p1b\n|-resisted|p1b: Goodra|1\n|-damage|p1a: Sinistcha|35/100\n|-damage|p1b: Goodra|86/100\n|move|p2a: Babylon|Aura Sphere|p1b: Goodra\n|-supereffective|p1b: Goodra|1\n|-damage|p1b: Goodra|26/100\n|move|p1b: Goodra|Body Press|p2a: Babylon\n|-supereffective|p2a: Babylon|1\n|-damage|p2a: Babylon|27/100\n|-ability|p2a: Babylon|Stamina|boost\n|-boost|p2a: Babylon|def|1\n|move|p1a: Sinistcha|Trick Room|p1a: Sinistcha\n|-fieldstart|move: Trick Room|[of] p1a: Sinistcha\n|\n|-weather|RainDance|[upkeep]\n|-heal|p1b: Goodra|32/100|[from] item: Leftovers\n|-heal|p2a: Babylon|33/100|[from] item: Leftovers\n|upkeep\n|turn|4\n|inactive|leonel riva has 30 seconds left.\n|\n|t:|1776601890\n|move|p2a: Babylon|Protect|p2a: Babylon\n|-singleturn|p2a: Babylon|Protect\n|move|p1a: Sinistcha|Rage Powder|p1a: Sinistcha\n|-singleturn|p1a: Sinistcha|move: Rage Powder\n|move|p1b: Goodra|Body Press|p2a: Babylon\n|-activate|p2a: Babylon|move: Protect\n|move|p2b: Carcosa|Expanding Force|p1a: Sinistcha|[spread] p1a,p1b\n|-resisted|p1b: Goodra|1\n|-damage|p1a: Sinistcha|1/100\n|-damage|p1b: Goodra|19/100\n|\n|-weather|RainDance|[upkeep]\n|-heal|p1b: Goodra|25/100|[from] item: Leftovers\n|-heal|p2a: Babylon|40/100|[from] item: Leftovers\n|upkeep\n|turn|5\n|inactive|ADV169 has 30 seconds left.\n|\n|t:|1776601919\n|switch|p2a: Current|Rotom-Wash, L50|100/100\n|move|p1a: Sinistcha|Rage Powder|p1a: Sinistcha\n|-singleturn|p1a: Sinistcha|move: Rage Powder\n|move|p1b: Goodra|Body Press|p2a: Current\n|-damage|p2a: Current|49/100\n|move|p2b: Carcosa|Expanding Force|p1a: Sinistcha|[spread] p1a,p1b\n|-resisted|p1b: Goodra|1\n|-damage|p1a: Sinistcha|0 fnt\n|-damage|p1b: Goodra|11/100\n|faint|p1a: Sinistcha\n|\n|-weather|none\n|-heal|p1b: Goodra|17/100|[from] item: Leftovers\n|upkeep\n|\n|t:|1776601938\n|switch|p1a: Pelipper|Pelipper, L50, M|100/100\n|-weather|RainDance|[from] ability: Drizzle|[of] p1a: Pelipper\n|turn|6\n|inactive|leonel riva has 30 seconds left.\n|\n|t:|1776601969\n|move|p2b: Carcosa|Protect|p2b: Carcosa\n|-singleturn|p2b: Carcosa|Protect\n|move|p2a: Current|Protect|p2a: Current\n|-singleturn|p2a: Current|Protect\n|move|p1b: Goodra|Body Press|p2a: Current\n|-activate|p2a: Current|move: Protect\n|move|p1a: Pelipper|Hurricane|p2a: Current\n|-activate|p2a: Current|move: Protect\n|\n|-weather|RainDance|[upkeep]\n|-heal|p1b: Goodra|23/100|[from] item: Leftovers\n|-fieldend|move: Psychic Terrain\n|upkeep\n|turn|7\n|inactive|ADV169 has 30 seconds left.\n|inactive|ADV169 has 20 seconds left.\n|inactive|ADV169 has 15 seconds left.\n|\n|t:|1776602012\n|move|p2a: Current|Protect|p2a: Current\n|-singleturn|p2a: Current|Protect\n|move|p1b: Goodra|Heavy Slam|p2a: Current\n|-activate|p2a: Current|move: Protect\n|move|p1a: Pelipper|Hurricane|p2a: Current\n|-activate|p2a: Current|move: Protect\n|move|p2b: Carcosa|Expanding Force|p1a: Pelipper\n|-damage|p1a: Pelipper|69/100\n|\n|-weather|RainDance|[upkeep]\n|-heal|p1b: Goodra|29/100|[from] item: Leftovers\n|-fieldend|move: Trick Room\n|upkeep\n|turn|8\n|\n|t:|1776602029\n|move|p2a: Current|Protect||[still]\n|-fail|p2a: Current\n|move|p1a: Pelipper|Protect|p1a: Pelipper\n|-singleturn|p1a: Pelipper|Protect\n|move|p2b: Carcosa|Psychic Terrain|p2b: Carcosa\n|-fieldstart|move: Psychic Terrain\n|move|p1b: Goodra|Body Press|p2a: Current\n|-damage|p2a: Current|0 fnt\n|faint|p2a: Current\n|\n|-weather|RainDance|[upkeep]\n|-heal|p1b: Goodra|35/100|[from] item: Leftovers\n|upkeep\n|\n|t:|1776602041\n|switch|p2a: Babylon|Archaludon, L50, F|40/100\n|turn|9\n|inactive|leonel riva has 30 seconds left.\n|\n|t:|1776602074\n|move|p2b: Carcosa|Expanding Force|p1b: Goodra|[spread] p1a,p1b\n|-resisted|p1b: Goodra|1\n|-damage|p1a: Pelipper|20/100\n|-damage|p1b: Goodra|20/100\n|move|p2a: Babylon|Aura Sphere|p1b: Goodra\n|-supereffective|p1b: Goodra|1\n|-damage|p1b: Goodra|0 fnt\n|faint|p1b: Goodra\n|move|p1a: Pelipper|Hurricane|p2b: Carcosa\n|-damage|p2b: Carcosa|67/100\n|\n|-weather|RainDance|[upkeep]\n|-heal|p2a: Babylon|46/100|[from] item: Leftovers\n|upkeep\n|\n|t:|1776602085\n|switch|p1b: Blastoise|Blastoise, L50, F|100/100\n|turn|10\n|inactive|leonel riva has 30 seconds left.\n|\n|t:|1776602120\n|detailschange|p1b: Blastoise|Blastoise-Mega, L50, F\n|-mega|p1b: Blastoise|Blastoise|Blastoisinite\n|move|p2b: Carcosa|Expanding Force|p1a: Pelipper|[spread] p1a,p1b\n|-crit|p1b: Blastoise\n|-damage|p1a: Pelipper|0 fnt\n|-damage|p1b: Blastoise|45/100\n|faint|p1a: Pelipper\n|move|p2a: Babylon|Electro Shot||[still]\n|-prepare|p2a: Babylon|Electro Shot\n|-boost|p2a: Babylon|spa|1\n|-anim|p2a: Babylon|Electro Shot|p1b: Blastoise\n|-supereffective|p1b: Blastoise|1\n|-damage|p1b: Blastoise|0 fnt\n|faint|p1b: Blastoise\n|\n|win|ADV169\n|raw|leonel riva's rating: 1157 &rarr; <strong>1132</strong><br />(-25 for losing)\n|raw|ADV169's rating: 1155 &rarr; <strong>1180</strong><br />(+25 for winning)\n|l|\u2606leonel riva\n|player|p1|\n|c|\u2606ADV169|Gg\n",
  "uploadtime": 1776602294,
  "views": 14,
  "formatid": "gen9championsvgc2026regma",
  "rating": 1132,
  "private": 0,
  "password": null
}