{
  "id": "gen9championsvgc2026regma-2581609050",
  "format": "[Gen 9 Champions] VGC 2026 Reg M-A",
  "players": [
    "DavidTIS",
    "pipichito"
  ],
  "log": "|j|\u2606DavidTIS\n|j|\u2606pipichito\n|t:|1776014824\n|gametype|doubles\n|player|p1|DavidTIS|volkner|1021\n|player|p2|pipichito|elesa|1066\n|gen|9\n|tier|[Gen 9 Champions] VGC 2026 Reg M-A\n|rated|\n|rule|Species Clause: Limit one of each Pok\u00e9mon\n|rule|Item Clause: Limit 1 of each item\n|clearpoke\n|poke|p1|Garganacl, L50, M|\n|poke|p1|Mimikyu, L50, F|\n|poke|p1|Chimecho, L50, F|\n|poke|p1|Slowbro, L50, F|\n|poke|p1|Lucario, L50, F|\n|poke|p1|Drampa, L50, F|\n|poke|p2|Drampa, L50, M|\n|poke|p2|Alakazam, L50, M|\n|poke|p2|Sinistcha, L50|\n|poke|p2|Scizor, L50, F|\n|poke|p2|Pelipper, L50, M|\n|poke|p2|Basculegion, L50, M|\n|teampreview|4\n|inactive|Battle timer is ON: inactive players will automatically lose when time's up. (requested by DavidTIS)\n|inactive|DavidTIS has 60 seconds left.\n|\n|t:|1776014872\n|teamsize|p1|4\n|teamsize|p2|4\n|start\n|switch|p1a: Mimikyu|Mimikyu, L50, F|100/100\n|switch|p1b: Lucario|Lucario, L50, F|100/100\n|switch|p2a: Scizor|Scizor, L50, F|100/100\n|switch|p2b: Basculegion|Basculegion, L50, M, shiny|100/100\n|turn|1\n|\n|t:|1776014893\n|move|p2b: Basculegion|Aqua Jet|p1a: Mimikyu\n|-activate|p1a: Mimikyu|ability: Disguise\n|-damage|p1a: Mimikyu|100/100\n|detailschange|p1a: Mimikyu|Mimikyu-Busted, L50, F\n|-damage|p1a: Mimikyu|88/100|[from] pokemon: Mimikyu-Busted\n|move|p1b: Lucario|Thunder Punch|p2b: Basculegion\n|-supereffective|p2b: Basculegion|1\n|-damage|p2b: Basculegion|53/100\n|move|p1a: Mimikyu|Shadow Claw|p2b: Basculegion\n|-supereffective|p2b: Basculegion|1\n|-damage|p2b: Basculegion|0 fnt\n|faint|p2b: Basculegion\n|move|p2a: Scizor|Swords Dance|p2a: Scizor\n|-boost|p2a: Scizor|atk|2\n|\n|upkeep\n|\n|t:|1776014913\n|switch|p2b: Sinistcha|Sinistcha, L50|100/100\n|turn|2\n|inactive|DavidTIS has 30 seconds left.\n|inactive|DavidTIS has 20 seconds left.\n|inactive|DavidTIS has 15 seconds left.\n|\n|t:|1776014956\n|switch|p1a: Slowbro|Slowbro, L50, F|100/100\n|detailschange|p2a: Scizor|Scizor-Mega, L50, F\n|-mega|p2a: Scizor|Scizor|Scizorite\n|move|p2b: Sinistcha|Rage Powder|p2b: Sinistcha\n|-singleturn|p2b: Sinistcha|move: Rage Powder\n|move|p2a: Scizor|Bullet Punch|p1a: Slowbro\n|-resisted|p1a: Slowbro|1\n|-damage|p1a: Slowbro|69/100\n|move|p1b: Lucario|Aura Sphere|p2b: Sinistcha\n|-immune|p2b: Sinistcha\n|\n|-heal|p1a: Slowbro|75/100|[from] item: Leftovers\n|upkeep\n|turn|3\n|inactive|DavidTIS has 30 seconds left.\n|\n|t:|1776014982\n|move|p1a: Slowbro|Protect|p1a: Slowbro\n|-singleturn|p1a: Slowbro|Protect\n|move|p1b: Lucario|Aura Sphere|p2a: Scizor\n|-damage|p2a: Scizor|56/100\n|move|p2a: Scizor|Bug Bite|p1a: Slowbro\n|-activate|p1a: Slowbro|move: Protect\n|move|p2b: Sinistcha|Trick Room|p2b: Sinistcha\n|-fieldstart|move: Trick Room|[of] p2b: Sinistcha\n|\n|-heal|p1a: Slowbro|81/100|[from] item: Leftovers\n|upkeep\n|turn|4\n|inactive|DavidTIS has 30 seconds left.\n|\n|t:|1776015010\n|switch|p1a: Mimikyu|Mimikyu-Busted, L50, F|88/100\n|move|p2b: Sinistcha|Rage Powder|p2b: Sinistcha\n|-singleturn|p2b: Sinistcha|move: Rage Powder\n|move|p2a: Scizor|Bug Bite|p1a: Mimikyu\n|-resisted|p1a: Mimikyu|2\n|-damage|p1a: Mimikyu|45/100\n|-enditem|p1a: Mimikyu|Sitrus Berry|[from] stealeat|[move] Bug Bite|[of] p2a: Scizor\n|-heal|p2a: Scizor|81/100|[from] item: Sitrus Berry\n|move|p1b: Lucario|Aura Sphere|p2b: Sinistcha\n|-immune|p2b: Sinistcha\n|\n|upkeep\n|turn|5\n|inactive|DavidTIS has 30 seconds left.\n|inactive|DavidTIS has 20 seconds left.\n|\n|t:|1776015047\n|move|p2a: Scizor|Protect|p2a: Scizor\n|-singleturn|p2a: Scizor|Protect\n|move|p2b: Sinistcha|Matcha Gotcha|p1a: Mimikyu|[spread] p1a,p1b\n|-resisted|p1b: Lucario|1\n|-damage|p1a: Mimikyu|17/100\n|-damage|p1b: Lucario|78/100\n|move|p1a: Mimikyu|Shadow Claw|p2a: Scizor\n|-activate|p2a: Scizor|move: Protect\n|move|p1b: Lucario|Aura Sphere|p2a: Scizor\n|-activate|p2a: Scizor|move: Protect\n|\n|upkeep\n|turn|6\n|\n|t:|1776015069\n|move|p2b: Sinistcha|Rage Powder|p2b: Sinistcha\n|-singleturn|p2b: Sinistcha|move: Rage Powder\n|move|p2a: Scizor|Bullet Punch|p1a: Mimikyu\n|-supereffective|p1a: Mimikyu|1\n|-crit|p1a: Mimikyu\n|-damage|p1a: Mimikyu|0 fnt\n|faint|p1a: Mimikyu\n|move|p1b: Lucario|Dragon Pulse|p2b: Sinistcha\n|-damage|p2b: Sinistcha|65/100\n|\n|-heal|p2b: Sinistcha|71/100|[from] item: Leftovers\n|upkeep\n|\n|t:|1776015079\n|switch|p1a: Drampa|Drampa, L50, F|100/100\n|-ability|p1a: Drampa|Cloud Nine\n|turn|7\n|\n|t:|1776015101\n|move|p1a: Drampa|Flamethrower|p2b: Sinistcha\n|-supereffective|p2b: Sinistcha|1\n|-damage|p2b: Sinistcha|0 fnt\n|faint|p2b: Sinistcha\n|move|p2a: Scizor|Bug Bite|p1a: Drampa\n|-damage|p1a: Drampa|0 fnt\n|faint|p1a: Drampa\n|move|p1b: Lucario|Dragon Pulse|p2a: Scizor\n|-resisted|p2a: Scizor|1\n|-damage|p2a: Scizor|65/100\n|\n|-fieldend|move: Trick Room\n|upkeep\n|\n|t:|1776015107\n|switch|p2b: Drampa|Drampa, L50, M, shiny|100/100\n|switch|p1a: Slowbro|Slowbro, L50, F|100/100\n|turn|8\n|\n|t:|1776015120\n|move|p2a: Scizor|Protect|p2a: Scizor\n|-singleturn|p2a: Scizor|Protect\n|move|p1a: Slowbro|Protect|p1a: Slowbro\n|-singleturn|p1a: Slowbro|Protect\n|move|p1b: Lucario|Aura Sphere|p2a: Scizor\n|-activate|p2a: Scizor|move: Protect\n|move|p2b: Drampa|Earth Power|p1b: Lucario\n|-supereffective|p1b: Lucario|1\n|-damage|p1b: Lucario|0 fnt\n|faint|p1b: Lucario\n|\n|upkeep\n|turn|9\n|\n|t:|1776015131\n|move|p2a: Scizor|Bug Bite|p1a: Slowbro\n|-supereffective|p1a: Slowbro|1\n|-damage|p1a: Slowbro|0 fnt\n|faint|p1a: Slowbro\n|\n|win|pipichito\n|raw|DavidTIS's rating: 1021 &rarr; <strong>1010</strong><br />(-11 for losing)\n|raw|pipichito's rating: 1066 &rarr; <strong>1092</strong><br />(+26 for winning)\n|l|\u2606pipichito\n|player|p2|\n",
  "uploadtime": 1776015134,
  "views": 17,
  "formatid": "gen9championsvgc2026regma",
  "rating": 1010,
  "private": 0,
  "password": null
}