{
  "id": "gen9championsvgc2026regma-2582522887",
  "format": "[Gen 9 Champions] VGC 2026 Reg M-A",
  "players": [
    "Cakradwipa",
    "GabrelGHD"
  ],
  "log": "|j|\u2606Cakradwipa\n|j|\u2606GabrelGHD\n|t:|1776097089\n|gametype|doubles\n|player|p1|Cakradwipa|169|1079\n|player|p2|GabrelGHD|101|1000\n|gen|9\n|tier|[Gen 9 Champions] VGC 2026 Reg M-A\n|rated|\n|rule|Species Clause: Limit one of each Pok\u00e9mon\n|rule|Item Clause: Limit 1 of each item\n|clearpoke\n|poke|p1|Gengar, L50, M|\n|poke|p1|Pelipper, L50, F|\n|poke|p1|Abomasnow, L50, M|\n|poke|p1|Araquanid, L50, F|\n|poke|p1|Archaludon, L50, F|\n|poke|p1|Hatterene, L50, F|\n|poke|p2|Cofagrigus, L50, M|\n|poke|p2|Incineroar, L50, F|\n|poke|p2|Golurk, L50|\n|poke|p2|Camerupt, L50, M|\n|poke|p2|Castform, L50, F|\n|poke|p2|Kingambit, L50, M|\n|teampreview|4\n|\n|t:|1776097110\n|teamsize|p1|4\n|teamsize|p2|4\n|start\n|switch|p1a: Gengar|Gengar, L50, M|100/100\n|switch|p1b: Araquanid|Araquanid, L50, F|100/100\n|switch|p2a: Incineroar|Incineroar, L50, F, shiny|100/100\n|switch|p2b: Kingambit|Kingambit, L50, M|100/100\n|-ability|p2a: Incineroar|Intimidate|boost\n|-unboost|p1a: Gengar|atk|1\n|-unboost|p1b: Araquanid|atk|1\n|turn|1\n|\n|t:|1776097126\n|move|p1b: Araquanid|Protect|p1b: Araquanid\n|-singleturn|p1b: Araquanid|Protect\n|move|p2a: Incineroar|Fake Out|p1b: Araquanid\n|-activate|p1b: Araquanid|move: Protect\n|move|p2b: Kingambit|Kowtow Cleave|p1a: Gengar\n|-supereffective|p1a: Gengar|1\n|-enditem|p1a: Gengar|Focus Sash\n|-damage|p1a: Gengar|1/100\n|-start|p2b: Kingambit|Disable|Kowtow Cleave|[from] ability: Cursed Body|[of] p1a: Gengar\n|move|p1a: Gengar|Trick Room|p1a: Gengar\n|-fieldstart|move: Trick Room|[of] p1a: Gengar\n|\n|upkeep\n|turn|2\n|\n|t:|1776097153\n|move|p2b: Kingambit|Sucker Punch|p1a: Gengar\n|-supereffective|p1a: Gengar|1\n|-damage|p1a: Gengar|0 fnt\n|faint|p1a: Gengar\n|move|p1b: Araquanid|Liquidation|p2a: Incineroar\n|-supereffective|p2a: Incineroar|1\n|-damage|p2a: Incineroar|19/100\n|move|p2a: Incineroar|Parting Shot|p1b: Araquanid\n|-unboost|p1b: Araquanid|atk|1\n|-unboost|p1b: Araquanid|spa|1\n|\n|t:|1776097164\n|switch|p2a: Castform|Castform, L50, F|100/100|[from] Parting Shot\n|\n|upkeep\n|\n|t:|1776097170\n|switch|p1a: Pelipper|Pelipper, L50, F|100/100\n|-weather|RainDance|[from] ability: Drizzle|[of] p1a: Pelipper\n|-formechange|p2a: Castform|Castform-Rainy|[msg]|[from] ability: Forecast\n|turn|3\n|\n|t:|1776097191\n|switch|p2b: Camerupt|Camerupt, L50, M|100/100\n|move|p1b: Araquanid|Liquidation|p2b: Camerupt\n|-supereffective|p2b: Camerupt|2\n|-damage|p2b: Camerupt|0 fnt\n|faint|p2b: Camerupt\n|move|p1a: Pelipper|Muddy Water|p2a: Castform\n|-resisted|p2a: Castform|1\n|-damage|p2a: Castform|56/100\n|-unboost|p2a: Castform|accuracy|1\n|move|p2a: Castform|Sunny Day|p2a: Castform\n|-weather|SunnyDay\n|-formechange|p2a: Castform|Castform-Sunny|[msg]|[from] ability: Forecast\n|\n|-weather|SunnyDay|[upkeep]\n|upkeep\n|\n|t:|1776097207\n|switch|p2b: Kingambit|Kingambit, L50, M|100/100\n|turn|4\n|\n|t:|1776097221\n|move|p1b: Araquanid|Liquidation|p2a: Castform\n|-supereffective|p2a: Castform|1\n|-damage|p2a: Castform|11/100\n|-enditem|p2a: Castform|Sitrus Berry|[eat]\n|-heal|p2a: Castform|36/100|[from] item: Sitrus Berry\n|move|p2b: Kingambit|Swords Dance|p2b: Kingambit\n|-boost|p2b: Kingambit|atk|2\n|move|p1a: Pelipper|Muddy Water|p2a: Castform|[spread] p2a,p2b\n|-supereffective|p2a: Castform|1\n|-damage|p2a: Castform|0 fnt\n|-damage|p2b: Kingambit|86/100\n|faint|p2a: Castform\n|\n|-weather|SunnyDay|[upkeep]\n|upkeep\n|\n|t:|1776097232\n|switch|p2a: Incineroar|Incineroar, L50, F, shiny|19/100\n|-ability|p2a: Incineroar|Intimidate|boost\n|-unboost|p1a: Pelipper|atk|1\n|-unboost|p1b: Araquanid|atk|1\n|turn|5\n|\n|t:|1776097249\n|switch|p1b: Abomasnow|Abomasnow, L50, M|100/100\n|-weather|Snowscape|[from] ability: Snow Warning|[of] p1b: Abomasnow\n|move|p2a: Incineroar|Fake Out|p1a: Pelipper\n|-damage|p1a: Pelipper|86/100\n|move|p2b: Kingambit|Kowtow Cleave|p1a: Pelipper\n|-damage|p1a: Pelipper|0 fnt\n|faint|p1a: Pelipper\n|\n|-weather|Snowscape|[upkeep]\n|-fieldend|move: Trick Room\n|upkeep\n|\n|t:|1776097256\n|switch|p1a: Araquanid|Araquanid, L50, F|100/100\n|turn|6\n|\n|t:|1776097268\n|detailschange|p1b: Abomasnow|Abomasnow-Mega, L50, M\n|-mega|p1b: Abomasnow|Abomasnow|Abomasite\n|move|p2a: Incineroar|Protect|p2a: Incineroar\n|-singleturn|p2a: Incineroar|Protect\n|move|p2b: Kingambit|Kowtow Cleave|p1a: Araquanid\n|-damage|p1a: Araquanid|0 fnt\n|faint|p1a: Araquanid\n|move|p1b: Abomasnow|Earth Power|p2b: Kingambit\n|-supereffective|p2b: Kingambit|1\n|-damage|p2b: Kingambit|21/100\n|\n|-weather|Snowscape|[upkeep]\n|upkeep\n|turn|7\n|\n|t:|1776097280\n|move|p2a: Incineroar|Flare Blitz|p1b: Abomasnow\n|-supereffective|p1b: Abomasnow|2\n|-damage|p1b: Abomasnow|0 fnt\n|faint|p1b: Abomasnow\n|-damage|p2a: Incineroar|0 fnt|[from] Recoil\n|faint|p2a: Incineroar\n|\n|win|GabrelGHD\n|raw|Cakradwipa's rating: 1079 &rarr; <strong>1052</strong><br />(-27 for losing)\n|raw|GabrelGHD's rating: 1000 &rarr; <strong>1049</strong><br />(+49 for winning)\n|l|\u2606Cakradwipa\n|player|p1|\n",
  "uploadtime": 1776097292,
  "views": 16,
  "formatid": "gen9championsvgc2026regma",
  "rating": 1049,
  "private": 0,
  "password": null
}