{
  "id": "gen9championsvgc2026regma-2581870967",
  "format": "[Gen 9 Champions] VGC 2026 Reg M-A",
  "players": [
    "ASanz09",
    "greeencross"
  ],
  "log": "|j|\u2606ASanz09\n|j|\u2606greeencross\n|t:|1776035398\n|gametype|doubles\n|player|p1|ASanz09|preschooler|1391\n|player|p2|greeencross|266|1338\n|gen|9\n|tier|[Gen 9 Champions] VGC 2026 Reg M-A\n|rated|\n|rule|Species Clause: Limit one of each Pok\u00e9mon\n|rule|Item Clause: Limit 1 of each item\n|clearpoke\n|poke|p1|Incineroar, L50, M|\n|poke|p1|Hatterene, L50, F|\n|poke|p1|Farigiraf, L50, M|\n|poke|p1|Torkoal, L50, F|\n|poke|p1|Kingambit, L50, M|\n|poke|p1|Kangaskhan, L50, F|\n|poke|p2|Dragapult, L50, M|\n|poke|p2|Glimmora, L50, M|\n|poke|p2|Rotom-Wash, L50|\n|poke|p2|Garchomp, L50, M|\n|poke|p2|Armarouge, L50, M|\n|poke|p2|Clefable, L50, M|\n|teampreview|4\n|inactive|Battle timer is ON: inactive players will automatically lose when time's up. (requested by greeencross)\n|\n|t:|1776035429\n|teamsize|p1|4\n|teamsize|p2|4\n|start\n|switch|p1a: Kangaskhan|Kangaskhan, L50, F, shiny|100/100\n|switch|p1b: Farigiraf|Farigiraf, L50, M|100/100\n|switch|p2a: Rotom|Rotom-Wash, L50|100/100\n|switch|p2b: Garchomp|Garchomp, L50, M|100/100\n|turn|1\n|\n|t:|1776035447\n|move|p1a: Kangaskhan|Fake Out|p2b: Garchomp\n|-damage|p2b: Garchomp|80/100\n|-damage|p1a: Kangaskhan|88/100|[from] ability: Rough Skin|[of] p2b: Garchomp\n|move|p2a: Rotom|Discharge|p1b: Farigiraf|[spread] p1a,p1b\n|-immune|p2b: Garchomp\n|-damage|p1a: Kangaskhan|59/100\n|-damage|p1b: Farigiraf|76/100\n|-status|p1b: Farigiraf|par\n|cant|p2b: Garchomp|flinch\n|move|p1b: Farigiraf|Trick Room|p1b: Farigiraf\n|-fieldstart|move: Trick Room|[of] p1b: Farigiraf\n|\n|upkeep\n|turn|2\n|j| drystandw\n|inactive|greeencross has 30 seconds left.\n|\n|t:|1776035477\n|detailschange|p1a: Kangaskhan|Kangaskhan-Mega, L50, F, shiny\n|-mega|p1a: Kangaskhan|Kangaskhan|Kangaskhanite\n|move|p1b: Farigiraf|Imprison|p1b: Farigiraf\n|-start|p1b: Farigiraf|move: Imprison\n|move|p1a: Kangaskhan|Double-Edge|p2a: Rotom\n|-damage|p2a: Rotom|16/100\n|-damage|p2a: Rotom|0 fnt\n|faint|p2a: Rotom\n|-hitcount|p2: Rotom|2\n|-damage|p1a: Kangaskhan|37/100|[from] Recoil\n|move|p2b: Garchomp|Earthquake|p1a: Kangaskhan|[spread] p1a,p1b\n|-damage|p1a: Kangaskhan|5/100\n|-damage|p1b: Farigiraf|40/100 par\n|-enditem|p1b: Farigiraf|Sitrus Berry|[eat]\n|-heal|p1b: Farigiraf|65/100 par|[from] item: Sitrus Berry\n|\n|upkeep\n|\n|t:|1776035496\n|switch|p2a: Armarouge|Armarouge, L50, M|100/100\n|turn|3\n|\n|t:|1776035518\n|move|p1b: Farigiraf|Protect|p1b: Farigiraf\n|-singleturn|p1b: Farigiraf|Protect\n|move|p2a: Armarouge|Heat Wave|p1b: Farigiraf|[spread] p1a\n|-activate|p1b: Farigiraf|move: Protect\n|-damage|p1a: Kangaskhan|0 fnt\n|faint|p1a: Kangaskhan\n|move|p2b: Garchomp|Dragon Claw|p1b: Farigiraf\n|-activate|p1b: Farigiraf|move: Protect\n|\n|upkeep\n|\n|t:|1776035525\n|switch|p1a: Hatterene|Hatterene, L50, F|100/100\n|turn|4\n|\n|t:|1776035534\n|move|p2a: Armarouge|Wide Guard|p2a: Armarouge\n|-singleturn|p2a: Armarouge|Wide Guard\n|move|p1b: Farigiraf|Hyper Voice|p2b: Garchomp|[spread] \n|-activate|p2a: Armarouge|move: Wide Guard\n|-activate|p2b: Garchomp|move: Wide Guard\n|move|p1a: Hatterene|Dazzling Gleam|p2a: Armarouge|[spread] \n|-activate|p2a: Armarouge|move: Wide Guard\n|-activate|p2b: Garchomp|move: Wide Guard\n|move|p2b: Garchomp|Earthquake|p1b: Farigiraf|[spread] p1a,p1b\n|-activate|p2a: Armarouge|move: Wide Guard\n|-damage|p1a: Hatterene|55/100\n|-damage|p1b: Farigiraf|26/100 par\n|\n|upkeep\n|turn|5\n|inactive|greeencross has 30 seconds left.\n|inactive|greeencross has 20 seconds left.\n|inactive|greeencross has 15 seconds left.\n|inactive|greeencross has 10 seconds left.\n|\n|t:|1776035581\n|switch|p2b: Glimmora|Glimmora, L50, M|100/100\n|move|p1b: Farigiraf|Protect|p1b: Farigiraf\n|-singleturn|p1b: Farigiraf|Protect\n|move|p1a: Hatterene|Psychic|p2b: Glimmora\n|-supereffective|p2b: Glimmora|1\n|-damage|p2b: Glimmora|0 fnt\n|faint|p2b: Glimmora\n|move|p2a: Armarouge|Heat Wave|p1a: Hatterene|[spread] p1a\n|-activate|p1b: Farigiraf|move: Protect\n|-damage|p1a: Hatterene|5/100\n|\n|-fieldend|move: Trick Room\n|upkeep\n|\n|t:|1776035597\n|switch|p2b: Garchomp|Garchomp, L50, M|80/100\n|turn|6\n|\n|t:|1776035605\n|move|p2a: Armarouge|Wide Guard|p2a: Armarouge\n|-singleturn|p2a: Armarouge|Wide Guard\n|move|p2b: Garchomp|Earthquake|p1b: Farigiraf|[spread] p1a,p1b\n|-activate|p2a: Armarouge|move: Wide Guard\n|-damage|p1a: Hatterene|0 fnt\n|-damage|p1b: Farigiraf|0 fnt\n|faint|p1a: Hatterene\n|faint|p1b: Farigiraf\n|\n|upkeep\n|\n|t:|1776035609\n|switch|p1b: Kingambit|Kingambit, L50, M|100/100\n|turn|7\n|-message|ASanz09 forfeited.\n|\n|win|greeencross\n|raw|ASanz09's rating: 1391 &rarr; <strong>1368</strong><br />(-23 for losing)\n|raw|greeencross's rating: 1338 &rarr; <strong>1361</strong><br />(+23 for winning)\n|l|\u2606ASanz09\n|player|p1|\n|l|\u2606greeencross\n|player|p2|\n",
  "uploadtime": 1776035621,
  "views": 40,
  "formatid": "gen9championsvgc2026regma",
  "rating": 1361,
  "private": 0,
  "password": null
}