{
  "id": "gen9championsvgc2026regma-2581659961",
  "format": "[Gen 9 Champions] VGC 2026 Reg M-A",
  "players": [
    "mskamcksm",
    "marillpuncher"
  ],
  "log": "|j|\u2606mskamcksm\n|j|\u2606marillpuncher\n|t:|1776018689\n|gametype|doubles\n|player|p1|mskamcksm|2|1000\n|player|p2|marillpuncher|169|1024\n|gen|9\n|tier|[Gen 9 Champions] VGC 2026 Reg M-A\n|rated|\n|rule|Species Clause: Limit one of each Pok\u00e9mon\n|rule|Item Clause: Limit 1 of each item\n|clearpoke\n|poke|p1|Sableye, L50, F|\n|poke|p1|Primarina, L50, M|\n|poke|p1|Farigiraf, L50, M|\n|poke|p1|Incineroar, L50, F|\n|poke|p1|Sylveon, L50, F|\n|poke|p1|Torkoal, L50, M|\n|poke|p2|Zoroark-Hisui, L50, F|\n|poke|p2|Incineroar, L50, M|\n|poke|p2|Volcarona, L50, F|\n|poke|p2|Stunfisk-Galar, L50, F|\n|poke|p2|Primarina, L50, M|\n|poke|p2|Gengar, L50, F|\n|teampreview|4\n|\n|t:|1776018725\n|teamsize|p1|4\n|teamsize|p2|4\n|start\n|switch|p1a: Sableye|Sableye, L50, F|100/100\n|switch|p1b: Farigiraf|Farigiraf, L50, M|100/100\n|switch|p2a: Stunfisk|Stunfisk-Galar, L50, F|100/100\n|switch|p2b: Primarina|Primarina, L50, M|100/100\n|turn|1\n|inactive|Battle timer is ON: inactive players will automatically lose when time's up. (requested by marillpuncher)\n|inactive|mskamcksm has 60 seconds left.\n|inactive|mskamcksm has 30 seconds left.\n|\n|t:|1776018828\n|move|p1b: Farigiraf|Hyper Voice|p2b: Primarina|[spread] p2a,p2b\n|-resisted|p2a: Stunfisk|1\n|-damage|p2a: Stunfisk|88/100\n|-damage|p2b: Primarina|71/100\n|move|p2b: Primarina|Perish Song|p2b: Primarina\n|-start|p1a: Sableye|perish3|[silent]\n|-start|p1b: Farigiraf|perish3|[silent]\n|-start|p2a: Stunfisk|perish3|[silent]\n|-start|p2b: Primarina|perish3|[silent]\n|-fieldactivate|move: Perish Song\n|move|p1a: Sableye|Light Screen|p1a: Sableye\n|-sidestart|p1: mskamcksm|move: Light Screen\n|move|p2a: Stunfisk|Snap Trap|p1b: Farigiraf\n|-damage|p1b: Farigiraf|89/100\n|-activate|p1b: Farigiraf|move: Snap Trap|[of] p2a: Stunfisk\n|\n|-heal|p2a: Stunfisk|94/100|[from] item: Leftovers\n|-damage|p1b: Farigiraf|76/100|[from] move: Snap Trap|[partiallytrapped]\n|-start|p1b: Farigiraf|perish3\n|-start|p2b: Primarina|perish3\n|-start|p1a: Sableye|perish3\n|-start|p2a: Stunfisk|perish3\n|upkeep\n|turn|2\n|inactive|marillpuncher has 30 seconds left.\n|\n|t:|1776018862\n|move|p2b: Primarina|Draining Kiss|p1a: Sableye\n|-supereffective|p1a: Sableye|1\n|-damage|p1a: Sableye|64/100\n|-heal|p2b: Primarina|94/100|[from] drain|[of] p1a: Sableye\n|move|p1b: Farigiraf|Hyper Voice|p2b: Primarina|[spread] p2a,p2b\n|-resisted|p2a: Stunfisk|1\n|-crit|p2a: Stunfisk\n|-damage|p2a: Stunfisk|73/100\n|-damage|p2b: Primarina|67/100\n|move|p1a: Sableye|Reflect|p1a: Sableye\n|-sidestart|p1: mskamcksm|Reflect\n|move|p2a: Stunfisk|Snap Trap|p1a: Sableye\n|-damage|p1a: Sableye|57/100\n|-activate|p1a: Sableye|move: Snap Trap|[of] p2a: Stunfisk\n|\n|-heal|p2a: Stunfisk|79/100|[from] item: Leftovers\n|-damage|p1b: Farigiraf|64/100|[from] move: Snap Trap|[partiallytrapped]\n|-damage|p1a: Sableye|44/100|[from] move: Snap Trap|[partiallytrapped]\n|-start|p2b: Primarina|perish2\n|-start|p1b: Farigiraf|perish2\n|-start|p1a: Sableye|perish2\n|-start|p2a: Stunfisk|perish2\n|upkeep\n|-enditem|p1a: Sableye|Sitrus Berry|[eat]\n|-heal|p1a: Sableye|69/100|[from] item: Sitrus Berry\n|turn|3\n|inactive|mskamcksm has 30 seconds left.\n|inactive|marillpuncher has 30 seconds left.\n|inactive|mskamcksm has 20 seconds left.\n|inactive|mskamcksm has 15 seconds left.\n|\n|t:|1776018904\n|move|p1a: Sableye|Protect|p1a: Sableye\n|-singleturn|p1a: Sableye|Protect\n|move|p2b: Primarina|Flip Turn|p1a: Sableye\n|-activate|p1a: Sableye|move: Protect\n|move|p1b: Farigiraf|Hyper Voice|p2a: Stunfisk|[spread] p2a,p2b\n|-resisted|p2a: Stunfisk|1\n|-crit|p2a: Stunfisk\n|-damage|p2a: Stunfisk|59/100\n|-damage|p2b: Primarina|39/100\n|move|p2a: Stunfisk|Yawn|p1a: Sableye\n|-activate|p1a: Sableye|move: Protect\n|\n|-heal|p2a: Stunfisk|65/100|[from] item: Leftovers\n|-damage|p1b: Farigiraf|52/100|[from] move: Snap Trap|[partiallytrapped]\n|-damage|p1a: Sableye|57/100|[from] move: Snap Trap|[partiallytrapped]\n|-start|p2b: Primarina|perish1\n|-start|p1b: Farigiraf|perish1\n|-start|p1a: Sableye|perish1\n|-start|p2a: Stunfisk|perish1\n|upkeep\n|turn|4\n|\n|t:|1776018926\n|switch|p2b: Gengar|Gengar, L50, F|100/100\n|switch|p2a: Incineroar|Incineroar, L50, M|100/100\n|-ability|p2a: Incineroar|Intimidate|boost\n|-unboost|p1a: Sableye|atk|1\n|-unboost|p1b: Farigiraf|atk|1\n|move|p1a: Sableye|Taunt|p2b: Gengar\n|-start|p2b: Gengar|move: Taunt\n|move|p1b: Farigiraf|Trick Room|p1b: Farigiraf\n|-fieldstart|move: Trick Room|[of] p1b: Farigiraf\n|\n|-end|p1a: Sableye|Snap Trap|[partiallytrapped]|[silent]\n|-end|p1b: Farigiraf|Snap Trap|[partiallytrapped]|[silent]\n|-start|p1a: Sableye|perish0\n|-start|p1b: Farigiraf|perish0\n|faint|p1a: Sableye\n|faint|p1b: Farigiraf\n|upkeep\n|\n|t:|1776018947\n|switch|p1a: Primarina|Primarina, L50, M|100/100\n|switch|p1b: Torkoal|Torkoal, L50, M|100/100\n|-weather|SunnyDay|[from] ability: Drought|[of] p1b: Torkoal\n|turn|5\n|inactive|marillpuncher has 30 seconds left.\n|inactive|marillpuncher has 20 seconds left.\n|inactive|marillpuncher has 15 seconds left.\n|\n|t:|1776018988\n|detailschange|p2b: Gengar|Gengar-Mega, L50, F\n|-mega|p2b: Gengar|Gengar|Gengarite\n|move|p2a: Incineroar|Fake Out|p1b: Torkoal\n|-damage|p1b: Torkoal|95/100\n|cant|p1b: Torkoal|flinch\n|move|p1a: Primarina|Hyper Voice|p2b: Gengar|[spread] p2a,p2b\n|-supereffective|p2a: Incineroar|1\n|-damage|p2a: Incineroar|70/100\n|-damage|p2b: Gengar|77/100\n|move|p2b: Gengar|Shadow Ball|p1b: Torkoal\n|-damage|p1b: Torkoal|54/100\n|\n|-weather|SunnyDay|[upkeep]\n|-sideend|p1: mskamcksm|move: Light Screen\n|upkeep\n|turn|6\n|inactive|marillpuncher has 30 seconds left.\n|\n|t:|1776019015\n|switch|p2b: Primarina|Primarina, L50, M|39/100\n|move|p1b: Torkoal|Eruption|p2a: Incineroar|[spread] p2a,p2b\n|-resisted|p2a: Incineroar|1\n|-resisted|p2b: Primarina|1\n|-damage|p2a: Incineroar|53/100\n|-damage|p2b: Primarina|21/100\n|move|p1a: Primarina|Hyper Voice|p2b: Primarina|[spread] p2a\n|-miss|p1a: Primarina|p2b: Primarina\n|-supereffective|p2a: Incineroar|1\n|-crit|p2a: Incineroar\n|-damage|p2a: Incineroar|2/100\n|-enditem|p2a: Incineroar|Sitrus Berry|[eat]\n|-heal|p2a: Incineroar|27/100|[from] item: Sitrus Berry\n|move|p2a: Incineroar|Parting Shot|p1b: Torkoal\n|-unboost|p1b: Torkoal|atk|1\n|-unboost|p1b: Torkoal|spa|1\n|\n|t:|1776019034\n|switch|p2a: Gengar|Gengar-Mega, L50, F|77/100|[from] Parting Shot\n|\n|-weather|SunnyDay|[upkeep]\n|-sideend|p1: mskamcksm|Reflect\n|upkeep\n|turn|7\n|\n|t:|1776019055\n|move|p2b: Primarina|Protect|p2b: Primarina\n|-singleturn|p2b: Primarina|Protect\n|move|p1b: Torkoal|Heat Wave|p2a: Gengar|[spread] \n|-activate|p2b: Primarina|move: Protect\n|-miss|p1b: Torkoal|p2a: Gengar\n|move|p1a: Primarina|Hyper Voice|p2b: Primarina|[spread] p2a\n|-activate|p2b: Primarina|move: Protect\n|-damage|p2a: Gengar|54/100\n|move|p2a: Gengar|Perish Song|p2a: Gengar\n|-start|p1a: Primarina|perish3|[silent]\n|-start|p1b: Torkoal|perish3|[silent]\n|-start|p2a: Gengar|perish3|[silent]\n|-start|p2b: Primarina|perish3|[silent]\n|-fieldactivate|move: Perish Song\n|\n|-weather|SunnyDay|[upkeep]\n|-start|p1b: Torkoal|perish3\n|-start|p2b: Primarina|perish3\n|-start|p1a: Primarina|perish3\n|-start|p2a: Gengar|perish3\n|upkeep\n|turn|8\n|inactive|marillpuncher has 30 seconds left.\n|\n|t:|1776019081\n|switch|p2b: Stunfisk|Stunfisk-Galar, L50, F|65/100\n|move|p2a: Gengar|Protect|p2a: Gengar\n|-singleturn|p2a: Gengar|Protect\n|move|p1b: Torkoal|Heat Wave|p2b: Stunfisk|[spread] p2b\n|-activate|p2a: Gengar|move: Protect\n|-supereffective|p2b: Stunfisk|1\n|-damage|p2b: Stunfisk|10/100\n|move|p1a: Primarina|Hyper Voice|p2b: Stunfisk|[spread] p2b\n|-activate|p2a: Gengar|move: Protect\n|-supereffective|p2b: Stunfisk|1\n|-damage|p2b: Stunfisk|0 fnt\n|faint|p2b: Stunfisk\n|\n|-weather|SunnyDay|[upkeep]\n|-start|p1b: Torkoal|perish2\n|-start|p1a: Primarina|perish2\n|-start|p2a: Gengar|perish2\n|-fieldend|move: Trick Room\n|upkeep\n|\n|t:|1776019101\n|switch|p2b: Incineroar|Incineroar, L50, M|27/100\n|-ability|p2b: Incineroar|Intimidate|boost\n|-unboost|p1a: Primarina|atk|1\n|-unboost|p1b: Torkoal|atk|1\n|turn|9\n|inactive|marillpuncher has 30 seconds left.\n|\n|t:|1776019128\n|move|p2a: Gengar|Protect||[still]\n|-fail|p2a: Gengar\n|move|p2b: Incineroar|Fake Out|p1a: Primarina\n|-damage|p1a: Primarina|88/100\n|cant|p1a: Primarina|flinch\n|move|p1b: Torkoal|Heat Wave|p2a: Gengar|[spread] p2a,p2b\n|-resisted|p2b: Incineroar|1\n|-damage|p2a: Gengar|15/100\n|-damage|p2b: Incineroar|13/100\n|\n|-weather|none\n|-start|p2a: Gengar|perish1\n|-start|p1a: Primarina|perish1\n|-start|p1b: Torkoal|perish1\n|upkeep\n|turn|10\n|\n|t:|1776019149\n|move|p2a: Gengar|Protect|p2a: Gengar\n|-singleturn|p2a: Gengar|Protect\n|move|p2b: Incineroar|Parting Shot|p1a: Primarina\n|-unboost|p1a: Primarina|atk|1\n|-unboost|p1a: Primarina|spa|1\n|\n|t:|1776019155\n|switch|p2b: Primarina|Primarina, L50, M|21/100|[from] Parting Shot\n|move|p1a: Primarina|Hyper Voice|p2b: Primarina|[spread] p2b\n|-activate|p2a: Gengar|move: Protect\n|-resisted|p2b: Primarina|1\n|-damage|p2b: Primarina|10/100\n|move|p1b: Torkoal|Heat Wave|p2b: Primarina|[spread] p2b\n|-activate|p2a: Gengar|move: Protect\n|-resisted|p2b: Primarina|1\n|-damage|p2b: Primarina|0 fnt\n|faint|p2b: Primarina\n|\n|-start|p2a: Gengar|perish0\n|-start|p1a: Primarina|perish0\n|-start|p1b: Torkoal|perish0\n|faint|p2a: Gengar\n|faint|p1a: Primarina\n|faint|p1b: Torkoal\n|\n|win|marillpuncher\n|raw|mskamcksm's rating: 1000 &rarr; <strong>1000</strong><br />(+0 for losing)\n|raw|marillpuncher's rating: 1024 &rarr; <strong>1058</strong><br />(+34 for winning)\n|l|\u2606mskamcksm\n|player|p1|\n",
  "uploadtime": 1776019226,
  "views": 15,
  "formatid": "gen9championsvgc2026regma",
  "rating": 1000,
  "private": 0,
  "password": null
}