{
  "id": "gen9championsvgc2026regma-2587847419",
  "format": "[Gen 9 Champions] VGC 2026 Reg M-A",
  "players": [
    "aaradox",
    "Ainsley_theboy"
  ],
  "log": "|j|\u2606aaradox\n|j|\u2606Ainsley_theboy\n|t:|1776570189\n|gametype|doubles\n|player|p1|aaradox|veteran|\n|player|p2|Ainsley_theboy|swimmer|\n|gen|9\n|tier|[Gen 9 Champions] VGC 2026 Reg M-A\n|rule|Species Clause: Limit one of each Pok\u00e9mon\n|rule|Item Clause: Limit 1 of each item\n|clearpoke\n|poke|p1|Tyranitar, L50, F, shiny|\n|poke|p1|Excadrill, L50, M, shiny|\n|poke|p1|Primarina, L50, F, shiny|\n|poke|p1|Corviknight, L50, F, shiny|\n|poke|p1|Incineroar, L50, M|\n|poke|p1|Sinistcha, L50|\n|poke|p2|Feraligatr, L50, M|\n|poke|p2|Tinkaton, L50, F|\n|poke|p2|Pelipper, L50, F|\n|poke|p2|Basculegion, L50, M|\n|poke|p2|Incineroar, L50, M|\n|poke|p2|Empoleon, L50, M|\n|teampreview|4\n|\n|t:|1776570214\n|teamsize|p1|4\n|teamsize|p2|4\n|start\n|switch|p1a: Sinistcha|Sinistcha, L50|100/100\n|switch|p1b: Corviknight|Corviknight, L50, F, shiny|100/100\n|switch|p2a: Feraligatr|Feraligatr, L50, M|100/100\n|switch|p2b: Pelipper|Pelipper, L50, F|100/100\n|-ability|p1b: Corviknight|Pressure\n|-weather|RainDance|[from] ability: Drizzle|[of] p2b: Pelipper\n|turn|1\n|j| MentalArtichoke1\n|\n|t:|1776570247\n|detailschange|p2a: Feraligatr|Feraligatr-Mega, L50, M\n|-mega|p2a: Feraligatr|Feraligatr|Feraligite\n|move|p2a: Feraligatr|Double-Edge|p1a: Sinistcha\n|-damage|p1a: Sinistcha|31/100\n|-enditem|p1a: Sinistcha|Sitrus Berry|[eat]\n|-heal|p1a: Sinistcha|56/100|[from] item: Sitrus Berry\n|-damage|p2a: Feraligatr|78/100|[from] Recoil\n|move|p1a: Sinistcha|Matcha Gotcha|p2b: Pelipper|[spread] p2a,p2b\n|-damage|p2a: Feraligatr|52/100\n|-heal|p1a: Sinistcha|69/100|[from] drain|[of] p2a: Feraligatr\n|-damage|p2b: Pelipper|68/100\n|-heal|p1a: Sinistcha|84/100|[from] drain|[of] p2b: Pelipper\n|move|p1b: Corviknight|Tailwind|p1b: Corviknight\n|-sidestart|p1: aaradox|move: Tailwind\n|move|p2b: Pelipper|Tailwind|p2b: Pelipper\n|-sidestart|p2: Ainsley_theboy|move: Tailwind\n|\n|-weather|RainDance|[upkeep]\n|-heal|p2b: Pelipper|74/100|[from] item: Leftovers\n|upkeep\n|turn|2\n|\n|t:|1776570285\n|move|p2a: Feraligatr|Ice Punch|p1a: Sinistcha\n|-supereffective|p1a: Sinistcha|1\n|-damage|p1a: Sinistcha|29/100\n|move|p1a: Sinistcha|Strength Sap|p2a: Feraligatr\n|-unboost|p2a: Feraligatr|atk|1\n|-heal|p1a: Sinistcha|100/100\n|move|p1b: Corviknight|Bulk Up|p1b: Corviknight\n|-boost|p1b: Corviknight|atk|1\n|-boost|p1b: Corviknight|def|1\n|move|p2b: Pelipper|Hurricane|p1a: Sinistcha\n|-supereffective|p1a: Sinistcha|1\n|-damage|p1a: Sinistcha|12/100\n|\n|-weather|RainDance|[upkeep]\n|-heal|p2b: Pelipper|80/100|[from] item: Leftovers\n|upkeep\n|turn|3\n|\n|t:|1776570315\n|move|p1a: Sinistcha|Rage Powder|p1a: Sinistcha\n|-singleturn|p1a: Sinistcha|move: Rage Powder\n|move|p2a: Feraligatr|Dragon Dance|p2a: Feraligatr\n|-boost|p2a: Feraligatr|atk|1\n|-boost|p2a: Feraligatr|spe|1\n|move|p1b: Corviknight|Body Press|p2a: Feraligatr\n|-damage|p2a: Feraligatr|23/100\n|move|p2b: Pelipper|Hurricane|p1a: Sinistcha\n|-supereffective|p1a: Sinistcha|1\n|-damage|p1a: Sinistcha|0 fnt\n|faint|p1a: Sinistcha\n|\n|-weather|RainDance|[upkeep]\n|-heal|p2b: Pelipper|86/100|[from] item: Leftovers\n|upkeep\n|\n|t:|1776570323\n|switch|p1a: Tyranitar|Tyranitar, L50, F, shiny|100/100\n|-weather|Sandstorm|[from] ability: Sand Stream|[of] p1a: Tyranitar\n|turn|4\n|\n|t:|1776570338\n|detailschange|p1a: Tyranitar|Tyranitar-Mega, L50, F, shiny\n|-mega|p1a: Tyranitar|Tyranitar|Tyranitarite\n|move|p1a: Tyranitar|Protect|p1a: Tyranitar\n|-singleturn|p1a: Tyranitar|Protect\n|move|p2b: Pelipper|Wide Guard|p2b: Pelipper\n|-singleturn|p2b: Pelipper|Wide Guard\n|move|p2a: Feraligatr|Flip Turn|p1a: Tyranitar\n|-activate|p1a: Tyranitar|move: Protect\n|move|p1b: Corviknight|Body Press|p2a: Feraligatr\n|-damage|p2a: Feraligatr|0 fnt\n|faint|p2a: Feraligatr\n|\n|-weather|Sandstorm|[upkeep]\n|-damage|p2b: Pelipper|80/100|[from] Sandstorm\n|-heal|p2b: Pelipper|86/100|[from] item: Leftovers\n|-sideend|p1: aaradox|move: Tailwind\n|-sideend|p2: Ainsley_theboy|move: Tailwind\n|upkeep\n|\n|t:|1776570347\n|switch|p2a: Tinkaton|Tinkaton, L50, F|100/100\n|-ability|p2a: Tinkaton|Mold Breaker\n|turn|5\n|\n|t:|1776570367\n|switch|p1a: Excadrill|Excadrill, L50, M, shiny|100/100\n|switch|p2b: Basculegion|Basculegion, L50, M|100/100\n|move|p2a: Tinkaton|Encore||[still]\n|-fail|p2a: Tinkaton\n|move|p1b: Corviknight|Tailwind|p1b: Corviknight\n|-sidestart|p1: aaradox|move: Tailwind\n|\n|-weather|Sandstorm|[upkeep]\n|-damage|p2b: Basculegion|94/100|[from] Sandstorm\n|upkeep\n|turn|6\n|\n|t:|1776570386\n|move|p1a: Excadrill|Earthquake|p2b: Basculegion|[spread] p2a,p2b\n|-immune|p1b: Corviknight\n|-supereffective|p2a: Tinkaton|1\n|-enditem|p2a: Tinkaton|Shuca Berry|[eat]\n|-enditem|p2a: Tinkaton|Shuca Berry|[weaken]\n|-damage|p2a: Tinkaton|48/100\n|-damage|p2b: Basculegion|41/100\n|move|p1b: Corviknight|Body Press|p2a: Tinkaton\n|-damage|p2a: Tinkaton|9/100\n|move|p2b: Basculegion|Wave Crash|p1a: Excadrill\n|-supereffective|p1a: Excadrill|1\n|-enditem|p1a: Excadrill|Focus Sash\n|-damage|p1a: Excadrill|1/100\n|-damage|p2b: Basculegion|15/100|[from] Recoil\n|move|p2a: Tinkaton|Knock Off|p1a: Excadrill\n|-damage|p1a: Excadrill|0 fnt\n|faint|p1a: Excadrill\n|\n|-weather|Sandstorm|[upkeep]\n|-damage|p2b: Basculegion|8/100|[from] Sandstorm\n|upkeep\n|\n|t:|1776570403\n|switch|p1a: Tyranitar|Tyranitar-Mega, L50, F, shiny|100/100\n|turn|7\n|\n|t:|1776570420\n|move|p1a: Tyranitar|Rock Slide|p2b: Basculegion|[spread] p2a,p2b\n|-resisted|p2a: Tinkaton|1\n|-damage|p2a: Tinkaton|0 fnt\n|-damage|p2b: Basculegion|0 fnt\n|faint|p2a: Tinkaton\n|faint|p2b: Basculegion\n|move|p1b: Corviknight|Body Press|p2: Tinkaton|[notarget]\n|-fail|p1b: Corviknight\n|\n|-weather|Sandstorm|[upkeep]\n|upkeep\n|\n|t:|1776570423\n|switch|p2a: Pelipper|Pelipper, L50, F|86/100\n|-weather|RainDance|[from] ability: Drizzle|[of] p2a: Pelipper\n|turn|8\n|\n|t:|1776570429\n|move|p1a: Tyranitar|Rock Slide|p2a: Pelipper\n|-supereffective|p2a: Pelipper|1\n|-damage|p2a: Pelipper|7/100\n|move|p1b: Corviknight|Body Press|p2a: Pelipper\n|-resisted|p2a: Pelipper|1\n|-damage|p2a: Pelipper|0 fnt\n|faint|p2a: Pelipper\n|\n|win|aaradox\n",
  "uploadtime": 1776570445,
  "views": 9,
  "formatid": "gen9championsvgc2026regma",
  "rating": null,
  "private": 0,
  "password": null
}