{
  "id": "gen9championsvgc2026regma-2586674703",
  "format": "[Gen 9 Champions] VGC 2026 Reg M-A",
  "players": [
    "hazima",
    "Miime"
  ],
  "log": "|j|\u2606hazima\n|j|\u2606Miime\n|t:|1776451117\n|gametype|doubles\n|player|p1|hazima|lillie-masters2|1379\n|player|p2|Miime|veteran|1296\n|gen|9\n|tier|[Gen 9 Champions] VGC 2026 Reg M-A\n|rated|\n|rule|Species Clause: Limit one of each Pok\u00e9mon\n|rule|Item Clause: Limit 1 of each item\n|clearpoke\n|poke|p1|Volcarona, L50, M|\n|poke|p1|Sinistcha, L50|\n|poke|p1|Sneasler, L50, F|\n|poke|p1|Incineroar, L50, M|\n|poke|p1|Gengar, L50, M|\n|poke|p1|Maushold, L50|\n|poke|p2|Kangaskhan, L50, F|\n|poke|p2|Whimsicott, L50, M|\n|poke|p2|Incineroar, L50, M|\n|poke|p2|Aegislash, L50, F|\n|poke|p2|Milotic, L50, F|\n|poke|p2|Dragonite, L50, F|\n|teampreview|4\n|inactive|Battle timer is ON: inactive players will automatically lose when time's up. (requested by hazima)\n|\n|t:|1776451140\n|teamsize|p1|4\n|teamsize|p2|4\n|start\n|switch|p1a: Volcarona|Volcarona, L50, M|100/100\n|switch|p1b: Sneasler|Sneasler, L50, F|100/100\n|switch|p2a: Milotic|Milotic, L50, F|100/100\n|switch|p2b: Dragonite|Dragonite, L50, F|100/100\n|turn|1\n|\n|t:|1776451159\n|move|p2b: Dragonite|Extreme Speed|p1b: Sneasler\n|-damage|p1b: Sneasler|37/100\n|move|p1b: Sneasler|Coaching|p1a: Volcarona\n|-boost|p1a: Volcarona|atk|1\n|-boost|p1a: Volcarona|def|1\n|move|p1a: Volcarona|Quiver Dance|p1a: Volcarona\n|-boost|p1a: Volcarona|spa|1\n|-boost|p1a: Volcarona|spd|1\n|-boost|p1a: Volcarona|spe|1\n|move|p2a: Milotic|Scald|p1a: Volcarona\n|-supereffective|p1a: Volcarona|1\n|-damage|p1a: Volcarona|62/100\n|\n|-heal|p1a: Volcarona|68/100|[from] item: Leftovers\n|upkeep\n|turn|2\n|inactive|hazima has 30 seconds left.\n|\n|t:|1776451185\n|move|p2b: Dragonite|Extreme Speed|p1a: Volcarona\n|-damage|p1a: Volcarona|44/100\n|move|p1b: Sneasler|Coaching|p1a: Volcarona\n|-boost|p1a: Volcarona|atk|1\n|-boost|p1a: Volcarona|def|1\n|move|p1a: Volcarona|Quiver Dance|p1a: Volcarona\n|-boost|p1a: Volcarona|spa|1\n|-boost|p1a: Volcarona|spd|1\n|-boost|p1a: Volcarona|spe|1\n|move|p2a: Milotic|Scald|p1a: Volcarona\n|-supereffective|p1a: Volcarona|1\n|-damage|p1a: Volcarona|16/100\n|\n|-heal|p1a: Volcarona|22/100|[from] item: Leftovers\n|upkeep\n|turn|3\n|\n|t:|1776451203\n|move|p1a: Volcarona|Protect|p1a: Volcarona\n|-singleturn|p1a: Volcarona|Protect\n|move|p2b: Dragonite|Extreme Speed|p1a: Volcarona\n|-activate|p1a: Volcarona|move: Protect\n|move|p1b: Sneasler|Coaching|p1a: Volcarona\n|-boost|p1a: Volcarona|atk|1\n|-boost|p1a: Volcarona|def|1\n|move|p2a: Milotic|Scald|p1a: Volcarona\n|-activate|p1a: Volcarona|move: Protect\n|\n|-heal|p1a: Volcarona|29/100|[from] item: Leftovers\n|upkeep\n|turn|4\n|\n|t:|1776451222\n|switch|p1b: Sinistcha|Sinistcha, L50|100/100\n|-heal|p1a: Volcarona|54/100|[from] ability: Hospitality|[of] p1b: Sinistcha\n|move|p2b: Dragonite|Extreme Speed|p1a: Volcarona\n|-damage|p1a: Volcarona|40/100\n|-status|p2b: Dragonite|brn|[from] ability: Flame Body|[of] p1a: Volcarona\n|move|p1a: Volcarona|Quiver Dance|p1a: Volcarona\n|-boost|p1a: Volcarona|spa|1\n|-boost|p1a: Volcarona|spd|1\n|-boost|p1a: Volcarona|spe|1\n|move|p2a: Milotic|Scald|p1a: Volcarona\n|-supereffective|p1a: Volcarona|1\n|-damage|p1a: Volcarona|14/100\n|\n|-heal|p1a: Volcarona|20/100|[from] item: Leftovers\n|-damage|p2b: Dragonite|94/100 brn|[from] brn\n|upkeep\n|turn|5\n|inactive|hazima has 30 seconds left.\n|-message|Miime forfeited.\n|l|\u2606Miime\n|inactive|Miime disconnected and has a minute to reconnect!\n|player|p2|\n|\n|t:|1776451276\n|switch|p2b: Incineroar|Incineroar, L50, M|100/100\n|-ability|p2b: Incineroar|Intimidate|boost\n|-unboost|p1a: Volcarona|atk|1\n|-unboost|p1b: Sinistcha|atk|1\n|move|p1a: Volcarona|Protect|p1a: Volcarona\n|-singleturn|p1a: Volcarona|Protect\n|move|p2a: Milotic|Ice Beam|p1b: Sinistcha\n|-supereffective|p1b: Sinistcha|1\n|-damage|p1b: Sinistcha|45/100\n|move|p1b: Sinistcha|Life Dew|p1b: Sinistcha|[spread] p1a,p1b\n|-heal|p1a: Volcarona|45/100\n|-heal|p1b: Sinistcha|71/100\n|\n|-heal|p1a: Volcarona|51/100|[from] item: Leftovers\n|upkeep\n|turn|6\n|\n|win|hazima\n|raw|hazima's rating: 1379 &rarr; <strong>1394</strong><br />(+15 for winning)\n|raw|Miime's rating: 1296 &rarr; <strong>1277</strong><br />(-19 for losing)\n",
  "uploadtime": 1776451382,
  "views": 51,
  "formatid": "gen9championsvgc2026regma",
  "rating": 1277,
  "private": 0,
  "password": null
}