{
  "id": "gen9championsvgc2026regma-2580745196",
  "format": "[Gen 9 Champions] VGC 2026 Reg M-A",
  "players": [
    "Master600",
    "JuanpaVGC"
  ],
  "log": "|j|\u2606Master600\n|j|\u2606JuanpaVGC\n|t:|1775929004\n|gametype|doubles\n|player|p1|Master600|red|1159\n|player|p2|JuanpaVGC|nate|1120\n|gen|9\n|tier|[Gen 9 Champions] VGC 2026 Reg M-A\n|rated|\n|rule|Species Clause: Limit one of each Pok\u00e9mon\n|rule|Item Clause: Limit 1 of each item\n|clearpoke\n|poke|p1|Gengar, L50, F|\n|poke|p1|Whimsicott, L50, M|\n|poke|p1|Tyranitar, L50, F|\n|poke|p1|Garchomp, L50, F|\n|poke|p1|Rotom-Wash, L50|\n|poke|p1|Corviknight, L50, F|\n|poke|p2|Dragonite, L50, F|\n|poke|p2|Sneasler, L50, F|\n|poke|p2|Archaludon, L50, F|\n|poke|p2|Basculegion, L50, M|\n|poke|p2|Pelipper, L50, M|\n|poke|p2|Sinistcha-Masterpiece, L50|\n|teampreview|4\n|inactive|Battle timer is ON: inactive players will automatically lose when time's up. (requested by JuanpaVGC)\n|\n|t:|1775929032\n|teamsize|p1|4\n|teamsize|p2|4\n|start\n|switch|p1a: Lis|Whimsicott, L50, M, shiny|100/100\n|switch|p1b: Bromas|Gengar, L50, F|100/100\n|switch|p2a: Dragonite|Dragonite, L50, F, shiny|100/100\n|switch|p2b: Archaludon|Archaludon, L50, F|100/100\n|turn|1\n|\n|t:|1775929046\n|detailschange|p1b: Bromas|Gengar-Mega, L50, F\n|-mega|p1b: Bromas|Gengar|Gengarite\n|detailschange|p2a: Dragonite|Dragonite-Mega, L50, F, shiny\n|-mega|p2a: Dragonite|Dragonite|Dragoninite\n|move|p1b: Bromas|Protect|p1b: Bromas\n|-singleturn|p1b: Bromas|Protect\n|move|p1a: Lis|Tailwind|p1a: Lis\n|-sidestart|p1: Master600|move: Tailwind\n|move|p2a: Dragonite|Draco Meteor|p1b: Bromas\n|-activate|p1b: Bromas|move: Protect\n|move|p2b: Archaludon|Snarl|p1a: Lis|[spread] p1a\n|-activate|p1b: Bromas|move: Protect\n|-resisted|p1a: Lis|1\n|-damage|p1a: Lis|88/100\n|-unboost|p1a: Lis|spa|1\n|\n|upkeep\n|turn|2\n|\n|t:|1775929063\n|move|p1b: Bromas|Disable|p2a: Dragonite\n|-start|p2a: Dragonite|Disable|Draco Meteor\n|move|p1a: Lis|Moonblast|p2a: Dragonite\n|-supereffective|p2a: Dragonite|1\n|-damage|p2a: Dragonite|81/100\n|-unboost|p2a: Dragonite|spa|1\n|cant|p2a: Dragonite|Disable|Draco Meteor\n|move|p2b: Archaludon|Snarl|p1b: Bromas|[spread] p1a,p1b\n|-resisted|p1a: Lis|1\n|-supereffective|p1b: Bromas|1\n|-damage|p1a: Lis|76/100\n|-damage|p1b: Bromas|55/100\n|-unboost|p1a: Lis|spa|1\n|-unboost|p1b: Bromas|spa|1\n|\n|upkeep\n|turn|3\n|\n|t:|1775929082\n|switch|p1b: Narty|Garchomp, L50, F, shiny|100/100\n|move|p1a: Lis|Encore|p2a: Dragonite\n|-start|p2a: Dragonite|Encore\n|cant|p2a: Dragonite|Disable|Draco Meteor\n|move|p2b: Archaludon|Snarl|p1a: Lis|[spread] p1a,p1b\n|-resisted|p1a: Lis|1\n|-damage|p1a: Lis|64/100\n|-damage|p1b: Narty|84/100\n|-unboost|p1a: Lis|spa|1\n|-unboost|p1b: Narty|spa|1\n|-enditem|p1b: Narty|White Herb\n|-clearnegativeboost|p1b: Narty|[silent]\n|\n|upkeep\n|turn|4\n|inactive|JuanpaVGC has 30 seconds left.\n|\n|t:|1775929108\n|switch|p2a: Pelipper|Pelipper, L50, M|100/100\n|-weather|RainDance|[from] ability: Drizzle|[of] p2a: Pelipper\n|move|p1a: Lis|Encore|p2b: Archaludon\n|-start|p2b: Archaludon|Encore\n|move|p1b: Narty|Dragon Claw|p2a: Pelipper\n|-damage|p2a: Pelipper|47/100\n|move|p2b: Archaludon|Snarl|p1a: Lis|[spread] p1a\n|-miss|p2b: Archaludon|p1b: Narty\n|-resisted|p1a: Lis|1\n|-crit|p1a: Lis\n|-damage|p1a: Lis|46/100\n|-unboost|p1a: Lis|spa|1\n|\n|-weather|RainDance|[upkeep]\n|-sideend|p1: Master600|move: Tailwind\n|upkeep\n|turn|5\n|inactive|JuanpaVGC has 30 seconds left.\n|\n|t:|1775929141\n|switch|p2b: Sneasler|Sneasler, L50, F|100/100\n|move|p2a: Pelipper|Protect|p2a: Pelipper\n|-singleturn|p2a: Pelipper|Protect\n|move|p1a: Lis|Tailwind|p1a: Lis\n|-sidestart|p1: Master600|move: Tailwind\n|move|p1b: Narty|Dragon Claw|p2a: Pelipper\n|-activate|p2a: Pelipper|move: Protect\n|\n|-weather|RainDance|[upkeep]\n|upkeep\n|turn|6\n|\n|t:|1775929159\n|switch|p2a: Archaludon|Archaludon, L50, F|100/100\n|move|p1a: Lis|Encore||[still]\n|-fail|p1a: Lis\n|move|p1b: Narty|Dragon Claw|p2a: Archaludon\n|-damage|p2a: Archaludon|71/100\n|-ability|p2a: Archaludon|Stamina|boost\n|-boost|p2a: Archaludon|def|1\n|move|p2b: Sneasler|Dire Claw|p1a: Lis\n|-supereffective|p1a: Lis|2\n|-damage|p1a: Lis|0 fnt\n|faint|p1a: Lis\n|\n|-weather|RainDance|[upkeep]\n|-heal|p2a: Archaludon|77/100|[from] item: Leftovers\n|upkeep\n|\n|t:|1775929164\n|switch|p1a: Bromas|Gengar-Mega, L50, F|55/100\n|turn|7\n|\n|t:|1775929183\n|move|p1a: Bromas|Protect|p1a: Bromas\n|-singleturn|p1a: Bromas|Protect\n|move|p1b: Narty|Earthquake|p2b: Sneasler|[spread] p2a,p2b\n|-activate|p1a: Bromas|move: Protect\n|-supereffective|p2a: Archaludon|1\n|-supereffective|p2b: Sneasler|1\n|-damage|p2a: Archaludon|40/100\n|-damage|p2b: Sneasler|0 fnt\n|-ability|p2a: Archaludon|Stamina|boost\n|-boost|p2a: Archaludon|def|1\n|faint|p2b: Sneasler\n|move|p2a: Archaludon|Snarl|p1a: Bromas|[spread] p1b\n|-activate|p1a: Bromas|move: Protect\n|-damage|p1b: Narty|67/100\n|-unboost|p1b: Narty|spa|1\n|\n|-weather|RainDance|[upkeep]\n|-heal|p2a: Archaludon|46/100|[from] item: Leftovers\n|upkeep\n|\n|t:|1775929198\n|switch|p2b: Dragonite|Dragonite-Mega, L50, F, shiny|81/100\n|turn|8\n|\n|t:|1775929219\n|move|p2b: Dragonite|Protect|p2b: Dragonite\n|-singleturn|p2b: Dragonite|Protect\n|move|p1a: Bromas|Shadow Ball|p2a: Archaludon\n|-damage|p2a: Archaludon|0 fnt\n|faint|p2a: Archaludon\n|move|p1b: Narty|Dragon Claw|p2b: Dragonite\n|-activate|p2b: Dragonite|move: Protect\n|\n|-weather|none\n|-sideend|p1: Master600|move: Tailwind\n|upkeep\n|\n|t:|1775929228\n|switch|p2a: Pelipper|Pelipper, L50, M|47/100\n|-weather|RainDance|[from] ability: Drizzle|[of] p2a: Pelipper\n|turn|9\n|\n|t:|1775929235\n|move|p2a: Pelipper|Wide Guard|p2a: Pelipper\n|-singleturn|p2a: Pelipper|Wide Guard\n|move|p1a: Bromas|Shadow Ball|p2b: Dragonite\n|-damage|p2b: Dragonite|42/100\n|move|p1b: Narty|Dragon Claw|p2b: Dragonite\n|-supereffective|p2b: Dragonite|1\n|-damage|p2b: Dragonite|0 fnt\n|faint|p2b: Dragonite\n|\n|-weather|RainDance|[upkeep]\n|upkeep\n|turn|10\n|\n|t:|1775929245\n|move|p1a: Bromas|Sludge Bomb|p2a: Pelipper\n|-damage|p2a: Pelipper|0 fnt\n|faint|p2a: Pelipper\n|\n|win|Master600\n|raw|Master600's rating: 1159 &rarr; <strong>1181</strong><br />(+22 for winning)\n|raw|JuanpaVGC's rating: 1120 &rarr; <strong>1098</strong><br />(-22 for losing)\n|l|\u2606JuanpaVGC\n|player|p2|\n|c|\u2606Master600|Gg\n",
  "uploadtime": 1775929255,
  "views": 20,
  "formatid": "gen9championsvgc2026regma",
  "rating": 1098,
  "private": 0,
  "password": null
}