{
  "id": "gen9championsvgc2026regma-2584705315",
  "format": "[Gen 9 Champions] VGC 2026 Reg M-A",
  "players": [
    "shaboozey3",
    "Plasma_Live"
  ],
  "log": "|j|\u2606shaboozey3\n|j|\u2606Plasma_Live\n|t:|1776277987\n|gametype|doubles\n|player|p1|shaboozey3|1|1099\n|player|p2|Plasma_Live|169|1143\n|gen|9\n|tier|[Gen 9 Champions] VGC 2026 Reg M-A\n|rated|\n|rule|Species Clause: Limit one of each Pok\u00e9mon\n|rule|Item Clause: Limit 1 of each item\n|clearpoke\n|poke|p1|Froslass, L50, F|\n|poke|p1|Garchomp, L50, F|\n|poke|p1|Rotom-Frost, L50|\n|poke|p1|Empoleon, L50, F|\n|poke|p1|Incineroar, L50, F|\n|poke|p1|Kingambit, L50, M|\n|poke|p2|Glalie, L50, M|\n|poke|p2|Maushold, L50|\n|poke|p2|Sinistcha, L50|\n|poke|p2|Pelipper, L50, F|\n|poke|p2|Volcarona, L50, F|\n|poke|p2|Incineroar, L50, M|\n|teampreview|4\n|\n|t:|1776278027\n|teamsize|p1|4\n|teamsize|p2|4\n|start\n|switch|p1a: Froslass|Froslass, L50, F|100/100\n|switch|p1b: Rotom|Rotom-Frost, L50|100/100\n|switch|p2a: Glalie|Glalie, L50, M|100/100\n|switch|p2b: Pelipper|Pelipper, L50, F|100/100\n|-weather|RainDance|[from] ability: Drizzle|[of] p2b: Pelipper\n|turn|1\n|\n|t:|1776278044\n|detailschange|p1a: Froslass|Froslass-Mega, L50, F\n|-mega|p1a: Froslass|Froslass|Froslassite\n|-weather|Snowscape|[from] ability: Snow Warning|[of] p1a: Froslass\n|move|p2b: Pelipper|Wide Guard|p2b: Pelipper\n|-singleturn|p2b: Pelipper|Wide Guard\n|move|p1b: Rotom|Volt Switch|p2b: Pelipper\n|-supereffective|p2b: Pelipper|2\n|-enditem|p2b: Pelipper|Wacan Berry|[eat]\n|-enditem|p2b: Pelipper|Wacan Berry|[weaken]\n|-damage|p2b: Pelipper|9/100\n|\n|t:|1776278059\n|switch|p1b: Empoleon|Empoleon, L50, F|100/100|[from] Volt Switch\n|move|p1a: Froslass|Aurora Veil|p1a: Froslass\n|-sidestart|p1: shaboozey3|move: Aurora Veil\n|move|p2a: Glalie|Double Team|p2a: Glalie\n|-boost|p2a: Glalie|evasion|1\n|\n|-weather|Snowscape|[upkeep]\n|-ability|p2a: Glalie|Moody|boost\n|-boost|p2a: Glalie|spd|2\n|-unboost|p2a: Glalie|spa|1\n|upkeep\n|turn|2\n|\n|t:|1776278078\n|move|p2b: Pelipper|Wide Guard|p2b: Pelipper\n|-singleturn|p2b: Pelipper|Wide Guard\n|move|p1a: Froslass|Shadow Ball|p2a: Glalie\n|-damage|p2a: Glalie|79/100\n|move|p2a: Glalie|Double Team|p2a: Glalie\n|-boost|p2a: Glalie|evasion|1\n|move|p1b: Empoleon|Flash Cannon|p2a: Glalie\n|-supereffective|p2a: Glalie|1\n|-damage|p2a: Glalie|44/100\n|\n|-weather|Snowscape|[upkeep]\n|-heal|p2a: Glalie|50/100|[from] item: Leftovers\n|-ability|p2a: Glalie|Moody|boost\n|-boost|p2a: Glalie|def|2\n|-unboost|p2a: Glalie|spa|1\n|upkeep\n|turn|3\n|\n|t:|1776278105\n|switch|p1a: Garchomp|Garchomp, L50, F|100/100\n|move|p2a: Glalie|Protect|p2a: Glalie\n|-singleturn|p2a: Glalie|Protect\n|move|p1b: Empoleon|Flash Cannon|p2a: Glalie\n|-activate|p2a: Glalie|move: Protect\n|move|p2b: Pelipper|U-turn|p1a: Garchomp\n|-damage|p1a: Garchomp|95/100\n|-damage|p2b: Pelipper|0 fnt|[from] ability: Rough Skin|[of] p1a: Garchomp\n|faint|p2b: Pelipper\n|\n|-weather|Snowscape|[upkeep]\n|-heal|p2a: Glalie|56/100|[from] item: Leftovers\n|-ability|p2a: Glalie|Moody|boost\n|-boost|p2a: Glalie|spd|2\n|-unboost|p2a: Glalie|spe|1\n|upkeep\n|\n|t:|1776278117\n|switch|p2b: Maushold|Maushold, L50|100/100\n|turn|4\n|\n|t:|1776278127\n|move|p2b: Maushold|Follow Me|p2b: Maushold\n|-singleturn|p2b: Maushold|move: Follow Me\n|move|p1a: Garchomp|Rock Slide|p2a: Glalie|[spread] \n|-miss|p1a: Garchomp|p2a: Glalie\n|-miss|p1a: Garchomp|p2b: Maushold\n|move|p1b: Empoleon|Flash Cannon|p2b: Maushold\n|-damage|p2b: Maushold|50/100\n|move|p2a: Glalie|Double Team|p2a: Glalie\n|-boost|p2a: Glalie|evasion|1\n|\n|-weather|Snowscape|[upkeep]\n|-heal|p2a: Glalie|61/100|[from] item: Leftovers\n|-ability|p2a: Glalie|Moody|boost\n|-boost|p2a: Glalie|spa|2\n|-unboost|p2a: Glalie|spd|1\n|upkeep\n|turn|5\n|\n|t:|1776278145\n|move|p2b: Maushold|Follow Me|p2b: Maushold\n|-singleturn|p2b: Maushold|move: Follow Me\n|move|p1a: Garchomp|Rock Slide|p2b: Maushold|[spread] p2a,p2b\n|-supereffective|p2a: Glalie|1\n|-damage|p2a: Glalie|53/100\n|-damage|p2b: Maushold|24/100\n|move|p1b: Empoleon|Flash Cannon|p2b: Maushold\n|-damage|p2b: Maushold|0 fnt\n|faint|p2b: Maushold\n|move|p2a: Glalie|Double Team|p2a: Glalie\n|-boost|p2a: Glalie|evasion|1\n|\n|-weather|none\n|-heal|p2a: Glalie|59/100|[from] item: Leftovers\n|-sideend|p1: shaboozey3|move: Aurora Veil\n|-ability|p2a: Glalie|Moody|boost\n|-boost|p2a: Glalie|spd|2\n|-unboost|p2a: Glalie|spe|1\n|upkeep\n|\n|t:|1776278154\n|switch|p2b: Volcarona|Volcarona, L50, F|100/100\n|turn|6\n|\n|t:|1776278168\n|move|p2b: Volcarona|Protect|p2b: Volcarona\n|-singleturn|p2b: Volcarona|Protect\n|move|p2a: Glalie|Protect|p2a: Glalie\n|-singleturn|p2a: Glalie|Protect\n|move|p1a: Garchomp|Rock Slide|p2a: Glalie|[spread] \n|-activate|p2a: Glalie|move: Protect\n|-activate|p2b: Volcarona|move: Protect\n|move|p1b: Empoleon|Flash Cannon|p2a: Glalie\n|-activate|p2a: Glalie|move: Protect\n|\n|-heal|p2a: Glalie|65/100|[from] item: Leftovers\n|-ability|p2a: Glalie|Moody|boost\n|-boost|p2a: Glalie|spa|2\n|-unboost|p2a: Glalie|atk|1\n|upkeep\n|turn|7\n|\n|t:|1776278185\n|move|p2b: Volcarona|Rage Powder|p2b: Volcarona\n|-singleturn|p2b: Volcarona|move: Rage Powder\n|move|p1a: Garchomp|Rock Slide|p2b: Volcarona|[spread] \n|-miss|p1a: Garchomp|p2a: Glalie\n|-miss|p1a: Garchomp|p2b: Volcarona\n|move|p1b: Empoleon|Flash Cannon|p2b: Volcarona\n|-resisted|p2b: Volcarona|1\n|-damage|p2b: Volcarona|89/100\n|move|p2a: Glalie|Double Team|p2a: Glalie\n|-boost|p2a: Glalie|evasion|1\n|\n|-heal|p2a: Glalie|71/100|[from] item: Leftovers\n|-ability|p2a: Glalie|Moody|boost\n|-boost|p2a: Glalie|spa|2\n|-unboost|p2a: Glalie|def|1\n|upkeep\n|turn|8\n|\n|t:|1776278216\n|move|p2b: Volcarona|Protect|p2b: Volcarona\n|-singleturn|p2b: Volcarona|Protect\n|move|p2a: Glalie|Protect|p2a: Glalie\n|-singleturn|p2a: Glalie|Protect\n|move|p1a: Garchomp|Rock Slide|p2b: Volcarona|[spread] \n|-activate|p2a: Glalie|move: Protect\n|-activate|p2b: Volcarona|move: Protect\n|move|p1b: Empoleon|Roar||[still]\n|-fail|p1b: Empoleon\n|\n|-heal|p2a: Glalie|76/100|[from] item: Leftovers\n|-ability|p2a: Glalie|Moody|boost\n|-boost|p2a: Glalie|spd|1\n|-unboost|p2a: Glalie|atk|1\n|upkeep\n|turn|9\n|\n|t:|1776278241\n|move|p2b: Volcarona|Rage Powder|p2b: Volcarona\n|-singleturn|p2b: Volcarona|move: Rage Powder\n|move|p1a: Garchomp|Rock Slide|p2a: Glalie|[spread] p2b\n|-miss|p1a: Garchomp|p2a: Glalie\n|-supereffective|p2b: Volcarona|2\n|-enditem|p2b: Volcarona|Charti Berry|[eat]\n|-enditem|p2b: Volcarona|Charti Berry|[weaken]\n|-damage|p2b: Volcarona|39/100\n|move|p2a: Glalie|Dark Pulse|p1b: Empoleon\n|-damage|p1b: Empoleon|57/100\n|move|p1b: Empoleon|Roar||[still]\n|-fail|p1b: Empoleon\n|\n|-heal|p1b: Empoleon|63/100|[from] item: Leftovers\n|-heal|p2a: Glalie|82/100|[from] item: Leftovers\n|-ability|p2a: Glalie|Moody|boost\n|-boost|p2a: Glalie|spe|2\n|-unboost|p2a: Glalie|def|1\n|upkeep\n|turn|10\n|\n|t:|1776278265\n|move|p2b: Volcarona|Protect|p2b: Volcarona\n|-singleturn|p2b: Volcarona|Protect\n|move|p2a: Glalie|Protect|p2a: Glalie\n|-singleturn|p2a: Glalie|Protect\n|move|p1a: Garchomp|Rock Slide|p2b: Volcarona|[spread] \n|-activate|p2a: Glalie|move: Protect\n|-activate|p2b: Volcarona|move: Protect\n|move|p1b: Empoleon|Roar||[still]\n|-fail|p1b: Empoleon\n|\n|-heal|p2a: Glalie|88/100|[from] item: Leftovers\n|-heal|p1b: Empoleon|69/100|[from] item: Leftovers\n|-ability|p2a: Glalie|Moody|boost\n|-boost|p2a: Glalie|atk|2\n|-unboost|p2a: Glalie|spe|1\n|upkeep\n|turn|11\n|\n|t:|1776278290\n|move|p2b: Volcarona|Rage Powder|p2b: Volcarona\n|-singleturn|p2b: Volcarona|move: Rage Powder\n|move|p1a: Garchomp|Rock Slide|p2b: Volcarona|[spread] p2b\n|-miss|p1a: Garchomp|p2a: Glalie\n|-supereffective|p2b: Volcarona|2\n|-damage|p2b: Volcarona|0 fnt\n|faint|p2b: Volcarona\n|move|p2a: Glalie|Dark Pulse|p1b: Empoleon\n|-damage|p1b: Empoleon|23/100\n|move|p1b: Empoleon|Roar||[still]\n|-fail|p1b: Empoleon\n|\n|-heal|p1b: Empoleon|29/100|[from] item: Leftovers\n|-heal|p2a: Glalie|94/100|[from] item: Leftovers\n|-ability|p2a: Glalie|Moody|boost\n|-boost|p2a: Glalie|atk|2\n|-unboost|p2a: Glalie|spe|1\n|upkeep\n|turn|12\n|\n|t:|1776278318\n|move|p2a: Glalie|Protect|p2a: Glalie\n|-singleturn|p2a: Glalie|Protect\n|move|p1a: Garchomp|Rock Slide|p2a: Glalie\n|-activate|p2a: Glalie|move: Protect\n|move|p1b: Empoleon|Flash Cannon|p2a: Glalie\n|-activate|p2a: Glalie|move: Protect\n|\n|-heal|p1b: Empoleon|35/100|[from] item: Leftovers\n|-heal|p2a: Glalie|99/100|[from] item: Leftovers\n|-ability|p2a: Glalie|Moody|boost\n|-boost|p2a: Glalie|spe|2\n|-unboost|p2a: Glalie|spd|1\n|upkeep\n|turn|13\n|\n|t:|1776278335\n|move|p1a: Garchomp|Rock Slide|p2a: Glalie\n|-supereffective|p2a: Glalie|1\n|-damage|p2a: Glalie|52/100\n|cant|p2a: Glalie|flinch\n|move|p1b: Empoleon|Flash Cannon|p2a: Glalie|[miss]\n|-miss|p1b: Empoleon|p2a: Glalie\n|\n|-heal|p2a: Glalie|58/100|[from] item: Leftovers\n|-heal|p1b: Empoleon|40/100|[from] item: Leftovers\n|-ability|p2a: Glalie|Moody|boost\n|-boost|p2a: Glalie|def|2\n|-unboost|p2a: Glalie|atk|1\n|upkeep\n|turn|14\n|\n|t:|1776278350\n|move|p2a: Glalie|Protect|p2a: Glalie\n|-singleturn|p2a: Glalie|Protect\n|move|p1a: Garchomp|Rock Slide|p2a: Glalie\n|-activate|p2a: Glalie|move: Protect\n|move|p1b: Empoleon|Flash Cannon|p2a: Glalie\n|-activate|p2a: Glalie|move: Protect\n|\n|-heal|p2a: Glalie|64/100|[from] item: Leftovers\n|-heal|p1b: Empoleon|46/100|[from] item: Leftovers\n|-ability|p2a: Glalie|Moody|boost\n|-boost|p2a: Glalie|spd|1\n|-unboost|p2a: Glalie|spa|1\n|upkeep\n|turn|15\n|\n|t:|1776278371\n|move|p1a: Garchomp|Rock Slide|p2a: Glalie|[miss]\n|-miss|p1a: Garchomp|p2a: Glalie\n|move|p2a: Glalie|Ice Beam|p1a: Garchomp\n|-supereffective|p1a: Garchomp|2\n|-damage|p1a: Garchomp|0 fnt\n|faint|p1a: Garchomp\n|move|p1b: Empoleon|Flash Cannon|p2a: Glalie|[miss]\n|-miss|p1b: Empoleon|p2a: Glalie\n|\n|-heal|p2a: Glalie|69/100|[from] item: Leftovers\n|-heal|p1b: Empoleon|52/100|[from] item: Leftovers\n|-ability|p2a: Glalie|Moody|boost\n|-boost|p2a: Glalie|spe|2\n|-unboost|p2a: Glalie|def|1\n|upkeep\n|\n|t:|1776278379\n|switch|p1a: Froslass|Froslass-Mega, L50, F|100/100\n|-weather|Snowscape|[from] ability: Snow Warning|[of] p1a: Froslass\n|turn|16\n|\n|t:|1776278388\n|switch|p1b: Rotom|Rotom-Frost, L50|100/100\n|move|p2a: Glalie|Protect|p2a: Glalie\n|-singleturn|p2a: Glalie|Protect\n|move|p1a: Froslass|Aurora Veil|p1a: Froslass\n|-sidestart|p1: shaboozey3|move: Aurora Veil\n|\n|-weather|Snowscape|[upkeep]\n|-heal|p2a: Glalie|75/100|[from] item: Leftovers\n|-ability|p2a: Glalie|Moody|boost\n|-boost|p2a: Glalie|spe|2\n|-unboost|p2a: Glalie|spa|1\n|upkeep\n|turn|17\n|\n|t:|1776278411\n|move|p2a: Glalie|Dark Pulse|p1a: Froslass\n|-supereffective|p1a: Froslass|1\n|-damage|p1a: Froslass|46/100\n|move|p1b: Rotom|Blizzard|p2a: Glalie\n|-resisted|p2a: Glalie|1\n|-damage|p2a: Glalie|69/100\n|move|p1a: Froslass|Blizzard|p2a: Glalie\n|-resisted|p2a: Glalie|1\n|-damage|p2a: Glalie|61/100\n|\n|-weather|Snowscape|[upkeep]\n|-heal|p2a: Glalie|67/100|[from] item: Leftovers\n|-ability|p2a: Glalie|Moody|boost\n|-boost|p2a: Glalie|spe|2\n|-unboost|p2a: Glalie|spd|1\n|upkeep\n|turn|18\n|\n|t:|1776278423\n|move|p2a: Glalie|Dark Pulse|p1a: Froslass\n|-supereffective|p1a: Froslass|1\n|-damage|p1a: Froslass|0 fnt\n|faint|p1a: Froslass\n|move|p1b: Rotom|Blizzard|p2a: Glalie\n|-resisted|p2a: Glalie|1\n|-damage|p2a: Glalie|60/100\n|\n|-weather|Snowscape|[upkeep]\n|-heal|p2a: Glalie|66/100|[from] item: Leftovers\n|-ability|p2a: Glalie|Moody|boost\n|-boost|p2a: Glalie|spd|1\n|-unboost|p2a: Glalie|atk|1\n|upkeep\n|-message|shaboozey3 forfeited.\n|\n|win|Plasma_Live\n|raw|shaboozey3's rating: 1099 &rarr; <strong>1077</strong><br />(-22 for losing)\n|raw|Plasma_Live's rating: 1143 &rarr; <strong>1165</strong><br />(+22 for winning)\n|l|\u2606shaboozey3\n|player|p1|\n",
  "uploadtime": 1776278438,
  "views": 34,
  "formatid": "gen9championsvgc2026regma",
  "rating": 1077,
  "private": 0,
  "password": null
}