{
  "id": "gen9championsvgc2026regma-2586477219",
  "format": "[Gen 9 Champions] VGC 2026 Reg M-A",
  "players": [
    "unigrav",
    "Dario ng"
  ],
  "log": "|j|\u2606unigrav\n|j|\u2606Dario ng\n|t:|1776437365\n|gametype|doubles\n|player|p1|unigrav|1|1126\n|player|p2|Dario ng|linebacker|1133\n|gen|9\n|tier|[Gen 9 Champions] VGC 2026 Reg M-A\n|rated|\n|rule|Species Clause: Limit one of each Pok\u00e9mon\n|rule|Item Clause: Limit 1 of each item\n|clearpoke\n|poke|p1|Charizard, L50, F|\n|poke|p1|Garchomp, L50, M|\n|poke|p1|Meganium, L50, F|\n|poke|p1|Volcarona, L50, F|\n|poke|p1|Whimsicott, L50, F|\n|poke|p1|Incineroar, L50, M|\n|poke|p2|Basculegion, L50, M|\n|poke|p2|Garchomp, L50, F|\n|poke|p2|Kommo-o, L50, F|\n|poke|p2|Sinistcha, L50|\n|poke|p2|Rotom-Fan, L50|\n|poke|p2|Archaludon, L50, M|\n|teampreview|4\n|inactive|Battle timer is ON: inactive players will automatically lose when time's up. (requested by unigrav)\nunigrav has agreed to open team sheets.\n|\n|t:|1776437411\n|teamsize|p1|4\n|teamsize|p2|4\n|start\n|switch|p1a: Charizard|Charizard, L50, F, shiny|100/100\n|switch|p1b: Whimsicott|Whimsicott, L50, F|100/100\n|switch|p2a: Basculegion|Basculegion, L50, M|100/100\n|switch|p2b: Sinistcha|Sinistcha, L50|100/100\n|turn|1\n|\n|t:|1776437424\n|detailschange|p1a: Charizard|Charizard-Mega-Y, L50, F, shiny\n|-mega|p1a: Charizard|Charizard|Charizardite Y\n|-weather|SunnyDay|[from] ability: Drought|[of] p1a: Charizard\n|move|p1a: Charizard|Protect|p1a: Charizard\n|-singleturn|p1a: Charizard|Protect\n|move|p1b: Whimsicott|Taunt|p2b: Sinistcha\n|-start|p2b: Sinistcha|move: Taunt\n|move|p2a: Basculegion|Waterfall|p1a: Charizard\n|-activate|p1a: Charizard|move: Protect\n|cant|p2b: Sinistcha|move: Taunt|Trick Room\n|\n|-weather|SunnyDay|[upkeep]\n|upkeep\n|turn|2\n|\n|t:|1776437446\n|switch|p1a: Garchomp|Garchomp, L50, M, shiny|100/100\n|switch|p2b: Archaludon|Archaludon, L50, M|100/100\n|move|p1b: Whimsicott|Encore||[still]\n|-fail|p1b: Whimsicott\n|move|p2a: Basculegion|Waterfall|p1a: Garchomp\n|-damage|p1a: Garchomp|75/100\n|-damage|p2a: Basculegion|88/100|[from] ability: Rough Skin|[of] p1a: Garchomp\n|\n|-weather|SunnyDay|[upkeep]\n|upkeep\n|turn|3\n|\n|t:|1776437466\n|switch|p2a: Kommo-o|Kommo-o, L50, F|100/100\n|move|p1a: Garchomp|Earthquake|p2b: Archaludon|[spread] p1b,p2a,p2b\n|-resisted|p1b: Whimsicott|1\n|-supereffective|p2b: Archaludon|1\n|-damage|p1b: Whimsicott|68/100\n|-damage|p2a: Kommo-o|64/100\n|-damage|p2b: Archaludon|35/100\n|-ability|p2b: Archaludon|Stamina|boost\n|-boost|p2b: Archaludon|def|1\n|move|p1b: Whimsicott|Moonblast|p2b: Archaludon\n|-damage|p2b: Archaludon|0 fnt\n|faint|p2b: Archaludon\n|\n|-weather|SunnyDay|[upkeep]\n|upkeep\n|\n|t:|1776437480\n|switch|p2b: Sinistcha|Sinistcha, L50|100/100\n|-heal|p2a: Kommo-o|89/100|[from] ability: Hospitality|[of] p2b: Sinistcha\n|turn|4\n|\n|t:|1776437495\n|switch|p1a: Volcarona|Volcarona, L50, F, shiny|100/100\n|move|p1b: Whimsicott|Taunt|p2b: Sinistcha\n|-start|p2b: Sinistcha|move: Taunt\n|move|p2a: Kommo-o|Low Kick|p1a: Volcarona\n|-resisted|p1a: Volcarona|1\n|-damage|p1a: Volcarona|83/100\n|-status|p2a: Kommo-o|brn|[from] ability: Flame Body|[of] p1a: Volcarona\n|cant|p2b: Sinistcha|move: Taunt|Trick Room\n|\n|-weather|SunnyDay|[upkeep]\n|-heal|p1a: Volcarona|90/100|[from] item: Leftovers\n|-damage|p2a: Kommo-o|83/100 brn|[from] brn\n|upkeep\n|turn|5\n|\n|t:|1776437514\n|move|p1b: Whimsicott|Moonblast|p2a: Kommo-o\n|-supereffective|p2a: Kommo-o|2\n|-damage|p2a: Kommo-o|0 fnt\n|faint|p2a: Kommo-o\n|move|p1a: Volcarona|Quiver Dance|p1a: Volcarona\n|-boost|p1a: Volcarona|spa|1\n|-boost|p1a: Volcarona|spd|1\n|-boost|p1a: Volcarona|spe|1\n|move|p2b: Sinistcha|Matcha Gotcha|p1a: Volcarona|[spread] p1a,p1b\n|-resisted|p1a: Volcarona|2\n|-resisted|p1b: Whimsicott|1\n|-damage|p1a: Volcarona|85/100\n|-damage|p1b: Whimsicott|43/100\n|\n|-weather|none\n|-heal|p1a: Volcarona|91/100|[from] item: Leftovers\n|upkeep\n|\n|t:|1776437528\n|switch|p2a: Basculegion|Basculegion, L50, M|88/100\n|turn|6\n|\n|t:|1776437534\n|switch|p1b: Charizard|Charizard-Mega-Y, L50, F, shiny|100/100\n|-weather|SunnyDay|[from] ability: Drought|[of] p1b: Charizard\n|move|p1a: Volcarona|Solar Beam||[still]\n|-prepare|p1a: Volcarona|Solar Beam\n|-anim|p1a: Volcarona|Solar Beam|p2a: Basculegion\n|-supereffective|p2a: Basculegion|1\n|-damage|p2a: Basculegion|0 fnt\n|faint|p2a: Basculegion\n|move|p2b: Sinistcha|Matcha Gotcha|p1b: Charizard|[spread] p1a,p1b\n|-resisted|p1a: Volcarona|2\n|-resisted|p1b: Charizard|2\n|-damage|p1a: Volcarona|86/100\n|-damage|p1b: Charizard|92/100\n|\n|-weather|SunnyDay|[upkeep]\n|-heal|p1a: Volcarona|93/100|[from] item: Leftovers\n|-end|p2b: Sinistcha|move: Taunt\n|upkeep\n|turn|7\n|\n|t:|1776437550\n|move|p1a: Volcarona|Heat Wave|p2b: Sinistcha|[miss]\n|-miss|p1a: Volcarona|p2b: Sinistcha\n|move|p1b: Charizard|Air Slash|p2b: Sinistcha\n|-supereffective|p2b: Sinistcha|1\n|-enditem|p2b: Sinistcha|Focus Sash\n|-damage|p2b: Sinistcha|1/100\n|cant|p2b: Sinistcha|flinch\n|\n|-weather|SunnyDay|[upkeep]\n|-heal|p1a: Volcarona|99/100|[from] item: Leftovers\n|upkeep\n|turn|8\n|-message|Dario ng forfeited.\n|\n|win|unigrav\n|raw|unigrav's rating: 1126 &rarr; <strong>1152</strong><br />(+26 for winning)\n|raw|Dario ng's rating: 1133 &rarr; <strong>1107</strong><br />(-26 for losing)\n|l|\u2606Dario ng\n|player|p2|\n",
  "uploadtime": 1776437565,
  "views": 30,
  "formatid": "gen9championsvgc2026regma",
  "rating": 1107,
  "private": 0,
  "password": null
}