{
  "id": "gen9championsvgc2026regma-2582417319",
  "format": "[Gen 9 Champions] VGC 2026 Reg M-A",
  "players": [
    "vincy18",
    "MaxiSilv"
  ],
  "log": "|j|\u2606vincy18\n|j|\u2606MaxiSilv\n|t:|1776090327\n|gametype|doubles\n|player|p1|vincy18|will|1186\n|player|p2|MaxiSilv|1|1219\n|gen|9\n|tier|[Gen 9 Champions] VGC 2026 Reg M-A\n|rated|\n|rule|Species Clause: Limit one of each Pok\u00e9mon\n|rule|Item Clause: Limit 1 of each item\n|clearpoke\n|poke|p1|Starmie, L50|\n|poke|p1|Aegislash, L50, F|\n|poke|p1|Sneasler, L50, F|\n|poke|p1|Pelipper, L50, M|\n|poke|p1|Archaludon, L50, M|\n|poke|p1|Maushold, L50|\n|poke|p2|Tyranitar, L50, M|\n|poke|p2|Excadrill, L50, F|\n|poke|p2|Delphox, L50, F|\n|poke|p2|Milotic, L50, M|\n|poke|p2|Sinistcha, L50|\n|poke|p2|Sylveon, L50, M|\n|teampreview|4\n|inactive|Battle timer is ON: inactive players will automatically lose when time's up. (requested by vincy18)\nMaxiSilv has agreed to open team sheets.\nvincy18 has agreed to open team sheets.\n|showteam|p1|Starmie||Starminite|NaturalCure|Liquidation,PsychoCut,IceSpinner,Protect||||||50|]Aegislash||KasibBerry|StanceChange|Poltergeist,IronHead,SacredSword,KingsShield|||F|||50|]Sneasler||WhiteHerb|Unburden|DireClaw,CloseCombat,FakeOut,Coaching|||F|||50|]Pelipper||FocusSash|Drizzle|WeatherBall,Hurricane,Tailwind,Protect|||M|||50|]Archaludon||Leftovers|Stamina|DracoMeteor,ElectroShot,FlashCannon,Protect|||M|||50|]Maushold||ChopleBerry|FriendGuard|SuperFang,Feint,FollowMe,Protect||||||50|\n|showteam|p2|Tyranitar||Tyranitarite|SandStream|Crunch,RockSlide,Superpower,Protect|||M|||50|]Excadrill||FocusSash|SandRush|HighHorsepower,IronHead,RockSlide,Earthquake|||F|||50|]Delphox||Delphoxite|Blaze|HeatWave,Psychic,Encore,Protect|||F|||50|]Milotic||Leftovers|Competitive|Scald,IcyWind,HelpingHand,Protect|||M|||50|]Sinistcha||SitrusBerry|Hospitality|MatchaGotcha,StrengthSap,RagePowder,TrickRoom||||||50|]Sylveon||FairyFeather|Pixilate|HyperVoice,Moonblast,QuickAttack,Detect|||M|||50|\n|inactive|vincy18 has 60 seconds left.\n|inactive|MaxiSilv has 60 seconds left.\n|inactive|vincy18 has 30 seconds left.\n|\n|t:|1776090397\n|teamsize|p1|4\n|teamsize|p2|4\n|start\n|switch|p1a: Sneasler|Sneasler, L50, F|100/100\n|switch|p1b: Starmie|Starmie, L50|100/100\n|switch|p2a: Delphox|Delphox, L50, F|100/100\n|switch|p2b: Milotic|Milotic, L50, M|100/100\n|turn|1\n|inactive|vincy18 has 30 seconds left.\n|inactive|MaxiSilv has 30 seconds left.\n|\n|t:|1776090432\n|detailschange|p1b: Starmie|Starmie-Mega, L50\n|-mega|p1b: Starmie|Starmie|Starminite\n|move|p2a: Delphox|Protect|p2a: Delphox\n|-singleturn|p2a: Delphox|Protect\n|move|p1a: Sneasler|Fake Out|p2b: Milotic\n|-damage|p2b: Milotic|90/100\n|move|p1b: Starmie|Liquidation|p2a: Delphox\n|-activate|p2a: Delphox|move: Protect\n|cant|p2b: Milotic|flinch\n|\n|-heal|p2b: Milotic|96/100|[from] item: Leftovers\n|upkeep\n|turn|2\n|inactive|MaxiSilv has 30 seconds left.\n|inactive|MaxiSilv has 20 seconds left.\n|inactive|MaxiSilv has 15 seconds left.\n|inactive|MaxiSilv has 10 seconds left.\n|inactive|MaxiSilv has 5 seconds left.\n|\n|t:|1776090482\n|detailschange|p2a: Delphox|Delphox-Mega, L50, F\n|-mega|p2a: Delphox|Delphox|Delphoxite\n|move|p1b: Starmie|Protect|p1b: Starmie\n|-singleturn|p1b: Starmie|Protect\n|move|p1a: Sneasler|Coaching|p1b: Starmie\n|-boost|p1b: Starmie|atk|1\n|-boost|p1b: Starmie|def|1\n|move|p2a: Delphox|Psychic|p1a: Sneasler\n|-supereffective|p1a: Sneasler|2\n|-damage|p1a: Sneasler|0 fnt\n|faint|p1a: Sneasler\n|move|p2b: Milotic|Icy Wind|p1b: Starmie\n|-activate|p1b: Starmie|move: Protect\n|\n|-heal|p2b: Milotic|100/100|[from] item: Leftovers\n|upkeep\n|\n|t:|1776090492\n|switch|p1a: Maushold|Maushold, L50|100/100\n|turn|3\n|inactive|vincy18 has 30 seconds left.\n|\n|t:|1776090528\n|move|p2a: Delphox|Protect|p2a: Delphox\n|-singleturn|p2a: Delphox|Protect\n|move|p1a: Maushold|Follow Me|p1a: Maushold\n|-singleturn|p1a: Maushold|move: Follow Me\n|move|p1b: Starmie|Psycho Cut|p2b: Milotic\n|-damage|p2b: Milotic|15/100\n|move|p2b: Milotic|Icy Wind|p1b: Starmie|[spread] p1a,p1b\n|-resisted|p1b: Starmie|1\n|-damage|p1a: Maushold|88/100\n|-damage|p1b: Starmie|95/100\n|-unboost|p1a: Maushold|spe|1\n|-unboost|p1b: Starmie|spe|1\n|\n|-heal|p2b: Milotic|21/100|[from] item: Leftovers\n|upkeep\n|turn|4\n|inactive|vincy18 has 30 seconds left.\n|inactive|MaxiSilv has 30 seconds left.\n|inactive|MaxiSilv has 20 seconds left.\n|inactive|MaxiSilv has 15 seconds left.\n|inactive|MaxiSilv has 10 seconds left.\n|\n|t:|1776090574\n|move|p1a: Maushold|Follow Me|p1a: Maushold\n|-singleturn|p1a: Maushold|move: Follow Me\n|move|p2a: Delphox|Psychic|p1a: Maushold\n|-damage|p1a: Maushold|20/100\n|-unboost|p1a: Maushold|spd|1\n|move|p1b: Starmie|Liquidation|p2a: Delphox\n|-supereffective|p2a: Delphox|1\n|-damage|p2a: Delphox|0 fnt\n|faint|p2a: Delphox\n|move|p2b: Milotic|Icy Wind|p1a: Maushold|[spread] p1b\n|-miss|p2b: Milotic|p1a: Maushold\n|-resisted|p1b: Starmie|1\n|-damage|p1b: Starmie|90/100\n|-unboost|p1b: Starmie|spe|1\n|\n|-heal|p2b: Milotic|27/100|[from] item: Leftovers\n|upkeep\n|inactive|MaxiSilv has 30 seconds left.\n|\n|t:|1776090600\n|switch|p2a: Tyranitar|Tyranitar, L50, M|100/100\n|-weather|Sandstorm|[from] ability: Sand Stream|[of] p2a: Tyranitar\n|turn|5\n|\n|t:|1776090618\n|switch|p2b: Excadrill|Excadrill, L50, F|100/100\n|switch|p1b: Pelipper|Pelipper, L50, M|100/100\n|-weather|RainDance|[from] ability: Drizzle|[of] p1b: Pelipper\n|move|p1a: Maushold|Protect|p1a: Maushold\n|-singleturn|p1a: Maushold|Protect\n|move|p2a: Tyranitar|Protect||[still]\n|-fail|p2a: Tyranitar\n|\n|-weather|RainDance|[upkeep]\n|upkeep\n|turn|6\n|inactive|vincy18 has 30 seconds left.\n|inactive|vincy18 has 20 seconds left.\n|inactive|vincy18 has 15 seconds left.\n|\n|t:|1776090662\n|switch|p2a: Milotic|Milotic, L50, M|27/100\n|move|p1b: Pelipper|Protect|p1b: Pelipper\n|-singleturn|p1b: Pelipper|Protect\n|move|p2b: Excadrill|Rock Slide|p1a: Maushold|[spread] p1a\n|-activate|p1b: Pelipper|move: Protect\n|-damage|p1a: Maushold|0 fnt\n|faint|p1a: Maushold\n|\n|-weather|RainDance|[upkeep]\n|-heal|p2a: Milotic|33/100|[from] item: Leftovers\n|upkeep\n|\n|t:|1776090670\n|switch|p1a: Starmie|Starmie-Mega, L50|90/100\n|turn|7\n|inactive|vincy18 has 30 seconds left.\n|inactive|MaxiSilv has 30 seconds left.\n|\n|t:|1776090700\n|switch|p2a: Tyranitar|Tyranitar, L50, M|100/100\n|-weather|Sandstorm|[from] ability: Sand Stream|[of] p2a: Tyranitar\n|move|p2b: Excadrill|High Horsepower|p1a: Starmie\n|-damage|p1a: Starmie|30/100\n|move|p1a: Starmie|Liquidation|p2b: Excadrill\n|-supereffective|p2b: Excadrill|1\n|-crit|p2b: Excadrill\n|-enditem|p2b: Excadrill|Focus Sash\n|-damage|p2b: Excadrill|1/100\n|move|p1b: Pelipper|Tailwind|p1b: Pelipper\n|-sidestart|p1: vincy18|move: Tailwind\n|\n|-weather|Sandstorm|[upkeep]\n|-damage|p1a: Starmie|25/100|[from] Sandstorm\n|-damage|p1b: Pelipper|95/100|[from] Sandstorm\n|upkeep\n|turn|8\n|inactive|vincy18 has 30 seconds left.\n|inactive|MaxiSilv has 30 seconds left.\n|\n|t:|1776090729\n|switch|p2b: Milotic|Milotic, L50, M|33/100\n|move|p1a: Starmie|Protect|p1a: Starmie\n|-singleturn|p1a: Starmie|Protect\n|move|p1b: Pelipper|Weather Ball|p2b: Milotic\n|-damage|p2b: Milotic|13/100\n|move|p2a: Tyranitar|Rock Slide|p1a: Starmie|[spread] p1b\n|-activate|p1a: Starmie|move: Protect\n|-supereffective|p1b: Pelipper|1\n|-damage|p1b: Pelipper|11/100\n|\n|-weather|Sandstorm|[upkeep]\n|-damage|p1a: Starmie|19/100|[from] Sandstorm\n|-damage|p1b: Pelipper|6/100|[from] Sandstorm\n|-damage|p2b: Milotic|7/100|[from] Sandstorm\n|-heal|p2b: Milotic|13/100|[from] item: Leftovers\n|upkeep\n|turn|9\n|\n|t:|1776090749\n|move|p2a: Tyranitar|Protect|p2a: Tyranitar\n|-singleturn|p2a: Tyranitar|Protect\n|move|p1a: Starmie|Liquidation|p2a: Tyranitar\n|-activate|p2a: Tyranitar|move: Protect\n|move|p1b: Pelipper|Weather Ball|p2b: Milotic\n|-damage|p2b: Milotic|0 fnt\n|faint|p2b: Milotic\n|\n|-weather|Sandstorm|[upkeep]\n|-damage|p1a: Starmie|13/100|[from] Sandstorm\n|-damage|p1b: Pelipper|0 fnt|[from] Sandstorm\n|faint|p1b: Pelipper\n|upkeep\n|\n|t:|1776090765\n|switch|p2b: Excadrill|Excadrill, L50, F|1/100\n|turn|10\n|\n|t:|1776090780\n|move|p1a: Starmie|Liquidation|p2a: Tyranitar\n|-supereffective|p2a: Tyranitar|1\n|-damage|p2a: Tyranitar|0 fnt\n|faint|p2a: Tyranitar\n|move|p2b: Excadrill|High Horsepower|p1a: Starmie\n|-damage|p1a: Starmie|0 fnt\n|faint|p1a: Starmie\n|\n|win|MaxiSilv\n|raw|vincy18's rating: 1186 &rarr; <strong>1163</strong><br />(-23 for losing)\n|raw|MaxiSilv's rating: 1219 &rarr; <strong>1242</strong><br />(+23 for winning)\n",
  "uploadtime": 1776090781,
  "views": 31,
  "formatid": "gen9championsvgc2026regma",
  "rating": 1163,
  "private": 0,
  "password": null
}