{
  "id": "gen9championsvgc2026regma-2584856523",
  "format": "[Gen 9 Champions] VGC 2026 Reg M-A",
  "players": [
    "Static_Tempah",
    "thealex610"
  ],
  "log": "|j|\u2606Static_Tempah\n|j|\u2606thealex610\n|t:|1776289068\n|gametype|doubles\n|player|p1|Static_Tempah|265|1103\n|player|p2|thealex610|101|1080\n|gen|9\n|tier|[Gen 9 Champions] VGC 2026 Reg M-A\n|rated|\n|rule|Species Clause: Limit one of each Pok\u00e9mon\n|rule|Item Clause: Limit 1 of each item\n|clearpoke\n|poke|p1|Kleavor, L50, M|\n|poke|p1|Milotic, L50, F|\n|poke|p1|Archaludon, L50, M|\n|poke|p1|Talonflame, L50, M|\n|poke|p1|Basculegion, L50, M|\n|poke|p1|Banette, L50, M|\n|poke|p2|Sneasler, L50, M|\n|poke|p2|Talonflame, L50, F|\n|poke|p2|Milotic, L50, F|\n|poke|p2|Aegislash, L50, F|\n|poke|p2|Scizor, L50, F|\n|poke|p2|Tyranitar, L50, F|\n|teampreview|4\n|inactive|Battle timer is ON: inactive players will automatically lose when time's up. (requested by thealex610)\nStatic_Tempah rejected open team sheets.\n|inactive|thealex610 has 60 seconds left.\n|\n|t:|1776289106\n|teamsize|p1|4\n|teamsize|p2|4\n|start\n|switch|p1a: Talonflame|Talonflame, L50, M|100/100\n|switch|p1b: Banette|Banette, L50, M|100/100\n|switch|p2a: Sneasler|Sneasler, L50, M|100/100\n|switch|p2b: Tyranitar|Tyranitar, L50, F|100/100\n|-weather|Sandstorm|[from] ability: Sand Stream|[of] p2b: Tyranitar\n|turn|1\n|inactive|thealex610 has 30 seconds left.\n|\n|t:|1776289133\n|detailschange|p1b: Banette|Banette-Mega, L50, M\n|-mega|p1b: Banette|Banette|Banettite\n|move|p2a: Sneasler|Fake Out|p1a: Talonflame\n|-damage|p1a: Talonflame|79/100\n|move|p1b: Banette|Will-O-Wisp|p2b: Tyranitar\n|-hint|Since gen 7, Dark is immune to Prankster moves.\n|-immune|p2b: Tyranitar\n|cant|p1a: Talonflame|flinch\n|move|p2b: Tyranitar|Knock Off|p1b: Banette\n|-supereffective|p1b: Banette|1\n|-damage|p1b: Banette|8/100\n|\n|-weather|Sandstorm|[upkeep]\n|-damage|p1a: Talonflame|73/100|[from] Sandstorm\n|-damage|p2a: Sneasler|95/100|[from] Sandstorm\n|-damage|p1b: Banette|2/100|[from] Sandstorm\n|upkeep\n|turn|2\n|inactive|Static_Tempah has 30 seconds left.\n|inactive|Static_Tempah has 20 seconds left.\n|\n|t:|1776289170\n|move|p1b: Banette|Pain Split|p2a: Sneasler\n|-sethp|p2a: Sneasler|48/100|[from] move: Pain Split|[silent]\n|-sethp|p1b: Banette|52/100|[from] move: Pain Split\n|move|p1a: Talonflame|Taunt|p2a: Sneasler\n|-start|p2a: Sneasler|move: Taunt\n|move|p2a: Sneasler|Dire Claw|p1b: Banette\n|-resisted|p1b: Banette|1\n|-damage|p1b: Banette|27/100\n|move|p2b: Tyranitar|Rock Slide|p1b: Banette|[spread] p1a,p1b\n|-supereffective|p1a: Talonflame|2\n|-damage|p1a: Talonflame|0 fnt\n|-damage|p1b: Banette|0 fnt\n|faint|p1a: Talonflame\n|faint|p1b: Banette\n|\n|-weather|Sandstorm|[upkeep]\n|-damage|p2a: Sneasler|42/100|[from] Sandstorm\n|upkeep\n|\n|t:|1776289186\n|switch|p1a: Archaludon|Archaludon, L50, M|100/100\n|switch|p1b: Basculegion|Basculegion, L50, M|100/100\n|turn|3\n|inactive|Static_Tempah has 30 seconds left.\n|inactive|Static_Tempah has 20 seconds left.\n|\n|t:|1776289222\n|move|p1a: Archaludon|Protect|p1a: Archaludon\n|-singleturn|p1a: Archaludon|Protect\n|move|p1b: Basculegion|Wave Crash|p2a: Sneasler\n|-damage|p2a: Sneasler|0 fnt\n|faint|p2a: Sneasler\n|-damage|p1b: Basculegion|90/100|[from] Recoil\n|move|p2b: Tyranitar|Knock Off|p1b: Basculegion\n|-supereffective|p1b: Basculegion|1\n|-crit|p1b: Basculegion\n|-damage|p1b: Basculegion|0 fnt\n|-enditem|p1b: Basculegion|Choice Scarf|[from] move: Knock Off|[of] p2b: Tyranitar\n|faint|p1b: Basculegion\n|\n|-weather|Sandstorm|[upkeep]\n|upkeep\n|\n|t:|1776289235\n|switch|p2a: Aegislash|Aegislash, L50, F|100/100\n|turn|4\n|\n|t:|1776289248\n|move|p1a: Archaludon|Aura Sphere|p2b: Tyranitar\n|-supereffective|p2b: Tyranitar|2\n|-damage|p2b: Tyranitar|37/100\n|move|p2b: Tyranitar|Knock Off|p1a: Archaludon\n|-damage|p1a: Archaludon|60/100\n|-ability|p1a: Archaludon|Stamina|boost\n|-boost|p1a: Archaludon|def|1\n|-enditem|p1a: Archaludon|Sitrus Berry|[from] move: Knock Off|[of] p2b: Tyranitar\n|-formechange|p2a: Aegislash|Aegislash-Blade|\n|move|p2a: Aegislash|Sacred Sword|p1a: Archaludon\n|-supereffective|p1a: Archaludon|1\n|-damage|p1a: Archaludon|20/100\n|-ability|p1a: Archaludon|Stamina|boost\n|-boost|p1a: Archaludon|def|1\n|\n|-weather|Sandstorm|[upkeep]\n|upkeep\n|turn|5\n|-message|Static_Tempah forfeited.\n|\n|win|thealex610\n|raw|Static_Tempah's rating: 1103 &rarr; <strong>1076</strong><br />(-27 for losing)\n|raw|thealex610's rating: 1080 &rarr; <strong>1110</strong><br />(+30 for winning)\n|l|\u2606Static_Tempah\n|player|p1|\n",
  "uploadtime": 1776289265,
  "views": 25,
  "formatid": "gen9championsvgc2026regma",
  "rating": 1076,
  "private": 0,
  "password": null
}