{
  "id": "gen9championsvgc2026regma-2584427420",
  "format": "[Gen 9 Champions] VGC 2026 Reg M-A",
  "players": [
    "craqui butaneroc",
    "smp on whimsicott"
  ],
  "log": "|j|\u2606craqui butaneroc\n|j|\u2606smp on whimsicott\n|t:|1776260123\n|gametype|doubles\n|player|p1|craqui butaneroc|brock|1346\n|player|p2|smp on whimsicott|artist-gen4|1356\n|gen|9\n|tier|[Gen 9 Champions] VGC 2026 Reg M-A\n|rated|\n|rule|Species Clause: Limit one of each Pok\u00e9mon\n|rule|Item Clause: Limit 1 of each item\n|clearpoke\n|poke|p1|Basculegion, L50, M|\n|poke|p1|Charizard, L50, F|\n|poke|p1|Venusaur, L50, M|\n|poke|p1|Incineroar, L50, F|\n|poke|p1|Sneasler, L50, F|\n|poke|p1|Garchomp, L50, M|\n|poke|p2|Arcanine, L50, F|\n|poke|p2|Venusaur, L50, M|\n|poke|p2|Sneasler, L50, M|\n|poke|p2|Rotom-Wash, L50|\n|poke|p2|Garchomp, L50, M|\n|poke|p2|Corviknight, L50, F|\n|teampreview|4\n|inactive|Battle timer is ON: inactive players will automatically lose when time's up. (requested by craqui butaneroc)\n|inactive|craqui butaneroc has 60 seconds left.\n|\n|t:|1776260169\n|teamsize|p1|4\n|teamsize|p2|4\n|start\n|switch|p1a: Incineroar|Incineroar, L50, F|100/100\n|switch|p1b: Charizard|Charizard, L50, F|100/100\n|switch|p2a: Garchomp|Garchomp, L50, M|100/100\n|switch|p2b: Venusaur|Venusaur, L50, M|100/100\n|-ability|p1a: Incineroar|Intimidate|boost\n|-unboost|p2a: Garchomp|atk|1\n|-unboost|p2b: Venusaur|atk|1\n|-enditem|p2a: Garchomp|White Herb\n|-clearnegativeboost|p2a: Garchomp|[silent]\n|turn|1\n|inactive|smp on whimsicott has 30 seconds left.\n|\n|t:|1776260197\n|switch|p1b: Venusaur|Venusaur, L50, M|100/100\n|detailschange|p2b: Venusaur|Venusaur-Mega, L50, M\n|-mega|p2b: Venusaur|Venusaur|Venusaurite\n|move|p1a: Incineroar|Fake Out|p2a: Garchomp\n|-damage|p2a: Garchomp|91/100\n|-damage|p1a: Incineroar|88/100|[from] ability: Rough Skin|[of] p2a: Garchomp\n|cant|p2a: Garchomp|flinch\n|move|p2b: Venusaur|Leech Seed|p1b: Venusaur\n|-immune|p1b: Venusaur\n|\n|upkeep\n|turn|2\n|inactive|craqui butaneroc has 30 seconds left.\n|\n|t:|1776260231\n|move|p2a: Garchomp|Earthquake|p1b: Venusaur|[spread] p2b,p1a,p1b\n|-supereffective|p1a: Incineroar|1\n|-damage|p2b: Venusaur|73/100\n|-damage|p1a: Incineroar|37/100\n|-damage|p1b: Venusaur|52/100\n|-enditem|p1a: Incineroar|Sitrus Berry|[eat]\n|-heal|p1a: Incineroar|61/100|[from] item: Sitrus Berry\n|move|p1b: Venusaur|Giga Drain|p2a: Garchomp\n|-damage|p2a: Garchomp|54/100\n|-heal|p1b: Venusaur|72/100|[from] drain|[of] p2a: Garchomp\n|move|p2b: Venusaur|Sludge Bomb|p1b: Venusaur\n|-damage|p1b: Venusaur|29/100\n|move|p1a: Incineroar|Blaze Kick|p2b: Venusaur\n|-supereffective|p2b: Venusaur|1\n|-crit|p2b: Venusaur\n|-damage|p2b: Venusaur|36/100\n|-status|p2b: Venusaur|brn\n|\n|-damage|p2b: Venusaur|30/100 brn|[from] brn\n|upkeep\n|turn|3\n|\n|t:|1776260251\n|move|p1b: Venusaur|Protect|p1b: Venusaur\n|-singleturn|p1b: Venusaur|Protect\n|move|p2a: Garchomp|Earthquake|p1a: Incineroar|[spread] p2b,p1a\n|-activate|p1b: Venusaur|move: Protect\n|-supereffective|p1a: Incineroar|1\n|-damage|p2b: Venusaur|2/100 brn\n|-damage|p1a: Incineroar|1/100\n|move|p2b: Venusaur|Sludge Bomb|p1a: Incineroar\n|-damage|p1a: Incineroar|0 fnt\n|faint|p1a: Incineroar\n|\n|-damage|p2b: Venusaur|0 fnt|[from] brn\n|faint|p2b: Venusaur\n|upkeep\n|inactive|craqui butaneroc has 30 seconds left.\n|\n|t:|1776260276\n|switch|p2b: Rotom|Rotom-Wash, L50|100/100\n|switch|p1a: Charizard|Charizard, L50, F|100/100\n|turn|4\n|\n|t:|1776260286\n|detailschange|p1a: Charizard|Charizard-Mega-Y, L50, F\n|-mega|p1a: Charizard|Charizard|Charizardite Y\n|-weather|SunnyDay|[from] ability: Drought|[of] p1a: Charizard\n|move|p1a: Charizard|Protect|p1a: Charizard\n|-singleturn|p1a: Charizard|Protect\n|move|p1b: Venusaur|Sleep Powder|p2a: Garchomp\n|-status|p2a: Garchomp|slp|[from] move: Sleep Powder\n|move|p2b: Rotom|Volt Switch|p1b: Venusaur\n|-resisted|p1b: Venusaur|1\n|-damage|p1b: Venusaur|15/100\n|\n|t:|1776260297\n|switch|p2b: Corviknight|Corviknight, L50, F|100/100|[from] Volt Switch\n|cant|p2a: Garchomp|slp\n|\n|-weather|SunnyDay|[upkeep]\n|upkeep\n|turn|5\n|inactive|craqui butaneroc has 30 seconds left.\n|inactive|craqui butaneroc has 20 seconds left.\n|\n|t:|1776260338\n|move|p1b: Venusaur|Giga Drain|p2a: Garchomp\n|-damage|p2a: Garchomp|19/100 slp\n|-heal|p1b: Venusaur|34/100|[from] drain|[of] p2a: Garchomp\n|-curestatus|p2a: Garchomp|slp|[msg]\n|move|p2a: Garchomp|Stone Edge|p1a: Charizard|[miss]\n|-miss|p2a: Garchomp|p1a: Charizard\n|move|p1a: Charizard|Heat Wave|p2b: Corviknight|[spread] p2b\n|-miss|p1a: Charizard|p2a: Garchomp\n|-supereffective|p2b: Corviknight|1\n|-damage|p2b: Corviknight|0 fnt\n|faint|p2b: Corviknight\n|\n|-weather|SunnyDay|[upkeep]\n|upkeep\n|-message|smp on whimsicott forfeited.\n|\n|win|craqui butaneroc\n|raw|craqui butaneroc's rating: 1346 &rarr; <strong>1367</strong><br />(+21 for winning)\n|raw|smp on whimsicott's rating: 1356 &rarr; <strong>1335</strong><br />(-21 for losing)\n",
  "uploadtime": 1776260353,
  "views": 28,
  "formatid": "gen9championsvgc2026regma",
  "rating": 1335,
  "private": 0,
  "password": null
}