{
  "id": "gen9championsvgc2026regma-2586823050",
  "format": "[Gen 9 Champions] VGC 2026 Reg M-A",
  "players": [
    "Anicredible",
    "JoeFlowDD"
  ],
  "log": "|j|\u2606Anicredible\n|j|\u2606JoeFlowDD\n|t:|1776462835\n|gametype|doubles\n|player|p1|Anicredible|schoolkid-gen4|\n|player|p2|JoeFlowDD|palmer|\n|gen|9\n|tier|[Gen 9 Champions] VGC 2026 Reg M-A\n|rated|Tournament battle\n|rule|Species Clause: Limit one of each Pok\u00e9mon\n|rule|Item Clause: Limit 1 of each item\n|raw|<div class=\"infobox\"><details class=\"readmore\" open><summary><strong>1 custom rule:</strong></summary> !open team sheets</details></div>\n|clearpoke\n|poke|p1|Kangaskhan, L50, F|\n|poke|p1|Sinistcha, L50|\n|poke|p1|Sneasler, L50, F|\n|poke|p1|Talonflame, L50, F|\n|poke|p1|Corviknight, L50, F|\n|poke|p1|Primarina, L50, F|\n|poke|p2|Aggron, L50, M|\n|poke|p2|Sinistcha, L50|\n|poke|p2|Incineroar, L50, F|\n|poke|p2|Milotic, L50, M|\n|poke|p2|Farigiraf, L50, F|\n|poke|p2|Hydreigon, L50, M|\n|teampreview|4\n|inactive|Battle timer is ON: inactive players will automatically lose when time's up. (requested by Anicredible)\n|j| Yunified\n|c|\u2606Anicredible|glhf\n|l| Yunified\n|inactive|Anicredible has 60 seconds left.\n|inactive|JoeFlowDD has 60 seconds left.\n|inactive|JoeFlowDD has 30 seconds left.\n|inactive|Anicredible has 30 seconds left.\n|\n|t:|1776462930\n|teamsize|p1|4\n|teamsize|p2|4\n|start\n|switch|p1a: Kangaskhan|Kangaskhan, L50, F|100/100\n|switch|p1b: Sneasler|Sneasler, L50, F|100/100\n|switch|p2a: Aggron|Aggron, L50, M|100/100\n|switch|p2b: Incineroar|Incineroar, L50, F|100/100\n|-ability|p2b: Incineroar|Intimidate|boost\n|-fail|p1a: Kangaskhan|unboost|Attack|[from] ability: Inner Focus|[of] p1a: Kangaskhan\n|-unboost|p1b: Sneasler|atk|1\n|-enditem|p1b: Sneasler|White Herb\n|-clearnegativeboost|p1b: Sneasler|[silent]\n|turn|1\n|\n|t:|1776462952\n|detailschange|p1a: Kangaskhan|Kangaskhan-Mega, L50, F\n|-mega|p1a: Kangaskhan|Kangaskhan|Kangaskhanite\n|detailschange|p2a: Aggron|Aggron-Mega, L50, M\n|-mega|p2a: Aggron|Aggron|Aggronite\n|move|p1a: Kangaskhan|Fake Out|p2b: Incineroar\n|-damage|p2b: Incineroar|83/100\n|-damage|p2b: Incineroar|79/100\n|-hitcount|p2b: Incineroar|2\n|cant|p2b: Incineroar|flinch\n|move|p1b: Sneasler|Coaching|p1a: Kangaskhan\n|-boost|p1a: Kangaskhan|atk|1\n|-boost|p1a: Kangaskhan|def|1\n|move|p2a: Aggron|Iron Defense|p2a: Aggron\n|-boost|p2a: Aggron|def|2\n|\n|upkeep\n|turn|2\n|inactive|Anicredible has 30 seconds left.\n|inactive|JoeFlowDD has 30 seconds left.\n|inactive|Anicredible has 20 seconds left.\n|inactive|JoeFlowDD has 20 seconds left.\n|inactive|Anicredible has 15 seconds left.\n|inactive|Anicredible has 10 seconds left.\n|inactive|Anicredible has 5 seconds left.\n|\n|t:|1776463002\n|move|p1b: Sneasler|Coaching|p1a: Kangaskhan\n|-boost|p1a: Kangaskhan|atk|1\n|-boost|p1a: Kangaskhan|def|1\n|move|p1a: Kangaskhan|Double-Edge|p2b: Incineroar\n|-damage|p2b: Incineroar|0 fnt\n|faint|p2b: Incineroar\n|-hitcount|p2: Incineroar|1\n|-damage|p1a: Kangaskhan|76/100|[from] Recoil\n|move|p2a: Aggron|Iron Defense|p2a: Aggron\n|-boost|p2a: Aggron|def|2\n|\n|upkeep\n|\n|t:|1776463023\n|switch|p2b: Hydreigon|Hydreigon, L50, M|100/100\n|turn|3\n|\n|t:|1776463037\n|switch|p2b: Sinistcha|Sinistcha, L50|100/100\n|move|p1a: Kangaskhan|Protect|p1a: Kangaskhan\n|-singleturn|p1a: Kangaskhan|Protect\n|move|p1b: Sneasler|Close Combat|p2b: Sinistcha\n|-immune|p2b: Sinistcha\n|move|p2a: Aggron|Body Press|p1a: Kangaskhan\n|-activate|p1a: Kangaskhan|move: Protect\n|\n|upkeep\n|turn|4\n|inactive|Anicredible has 30 seconds left.\n|\n|t:|1776463062\n|switch|p1a: Sinistcha|Sinistcha, L50|100/100\n|move|p2b: Sinistcha|Rage Powder|p2b: Sinistcha\n|-singleturn|p2b: Sinistcha|move: Rage Powder\n|move|p1b: Sneasler|Coaching|p1a: Sinistcha\n|-boost|p1a: Sinistcha|atk|1\n|-boost|p1a: Sinistcha|def|1\n|move|p2a: Aggron|Body Press|p1a: Sinistcha\n|-immune|p1a: Sinistcha\n|\n|upkeep\n|turn|5\n|inactive|Anicredible has 30 seconds left.\n|inactive|JoeFlowDD has 30 seconds left.\n|\n|t:|1776463094\n|switch|p2b: Hydreigon|Hydreigon, L50, M|100/100\n|move|p1b: Sneasler|Coaching|p1a: Sinistcha\n|-boost|p1a: Sinistcha|atk|1\n|-boost|p1a: Sinistcha|def|1\n|move|p1a: Sinistcha|Strength Sap|p2a: Aggron\n|-unboost|p2a: Aggron|atk|1\n|move|p2a: Aggron|Body Press|p1b: Sneasler\n|-resisted|p1b: Sneasler|1\n|-damage|p1b: Sneasler|0 fnt\n|faint|p1b: Sneasler\n|\n|upkeep\n|j| sagapocalypse1\n|inactive|Anicredible has 30 seconds left.\n|\n|t:|1776463120\n|switch|p1b: Kangaskhan|Kangaskhan-Mega, L50, F|76/100\n|turn|6\n|\n|t:|1776463135\n|switch|p1b: Primarina|Primarina, L50, F|100/100\n|move|p2a: Aggron|Protect|p2a: Aggron\n|-singleturn|p2a: Aggron|Protect\n|move|p1a: Sinistcha|Rage Powder|p1a: Sinistcha\n|-singleturn|p1a: Sinistcha|move: Rage Powder\n|move|p2b: Hydreigon|Heat Wave|p1b: Primarina|[spread] p1a,p1b\n|-supereffective|p1a: Sinistcha|1\n|-resisted|p1b: Primarina|1\n|-damage|p1a: Sinistcha|60/100\n|-damage|p1b: Primarina|91/100\n|\n|upkeep\n|turn|7\n|inactive|JoeFlowDD has 30 seconds left.\n|\n|t:|1776463165\n|switch|p2b: Sinistcha|Sinistcha, L50|100/100\n|switch|p1a: Kangaskhan|Kangaskhan-Mega, L50, F|76/100\n|move|p1b: Primarina|Protect|p1b: Primarina\n|-singleturn|p1b: Primarina|Protect\n|move|p2a: Aggron|Protect||[still]\n|-fail|p2a: Aggron\n|\n|upkeep\n|turn|8\n|\n|t:|1776463178\n|move|p1a: Kangaskhan|Fake Out|p2a: Aggron\n|-resisted|p2a: Aggron|1\n|-damage|p2a: Aggron|99/100\n|-resisted|p2a: Aggron|1\n|-damage|p2a: Aggron|98/100\n|-hitcount|p2a: Aggron|2\n|move|p2b: Sinistcha|Rage Powder|p2b: Sinistcha\n|-singleturn|p2b: Sinistcha|move: Rage Powder\n|move|p1b: Primarina|Calm Mind|p1b: Primarina\n|-boost|p1b: Primarina|spa|1\n|-boost|p1b: Primarina|spd|1\n|cant|p2a: Aggron|flinch\n|\n|upkeep\n|turn|9\n|\n|t:|1776463201\n|switch|p1a: Sinistcha|Sinistcha, L50|60/100\n|-heal|p1b: Primarina|100/100|[from] ability: Hospitality|[of] p1a: Sinistcha\n|move|p1b: Primarina|Protect|p1b: Primarina\n|-singleturn|p1b: Primarina|Protect\n|move|p2a: Aggron|Protect|p2a: Aggron\n|-singleturn|p2a: Aggron|Protect\n|move|p2b: Sinistcha|Matcha Gotcha|p1a: Sinistcha|[spread] p1a\n|-activate|p1b: Primarina|move: Protect\n|-resisted|p1a: Sinistcha|1\n|-damage|p1a: Sinistcha|50/100\n|\n|upkeep\n|turn|10\n|\n|t:|1776463220\n|move|p1a: Sinistcha|Rage Powder|p1a: Sinistcha\n|-singleturn|p1a: Sinistcha|move: Rage Powder\n|move|p2b: Sinistcha|Matcha Gotcha|p1a: Sinistcha|[spread] p1a,p1b\n|-resisted|p1a: Sinistcha|1\n|-supereffective|p1b: Primarina|1\n|-damage|p1a: Sinistcha|40/100\n|-damage|p1b: Primarina|74/100\n|move|p1b: Primarina|Calm Mind|p1b: Primarina\n|-boost|p1b: Primarina|spa|1\n|-boost|p1b: Primarina|spd|1\n|move|p2a: Aggron|Heavy Slam|p1a: Sinistcha\n|-damage|p1a: Sinistcha|4/100\n|\n|upkeep\n|turn|11\n|\n|t:|1776463240\n|switch|p1a: Kangaskhan|Kangaskhan-Mega, L50, F|76/100\n|move|p1b: Primarina|Protect|p1b: Primarina\n|-singleturn|p1b: Primarina|Protect\n|move|p2a: Aggron|Protect|p2a: Aggron\n|-singleturn|p2a: Aggron|Protect\n|move|p2b: Sinistcha|Matcha Gotcha|p1a: Kangaskhan|[spread] p1a\n|-activate|p1b: Primarina|move: Protect\n|-damage|p1a: Kangaskhan|56/100\n|\n|upkeep\n|turn|12\n|\n|t:|1776463258\n|move|p2a: Aggron|Protect||[still]\n|-fail|p2a: Aggron\n|move|p1a: Kangaskhan|Fake Out|p2a: Aggron\n|-resisted|p2a: Aggron|1\n|-damage|p2a: Aggron|97/100\n|-resisted|p2a: Aggron|1\n|-damage|p2a: Aggron|96/100\n|-hitcount|p2a: Aggron|2\n|move|p1b: Primarina|Calm Mind|p1b: Primarina\n|-boost|p1b: Primarina|spa|1\n|-boost|p1b: Primarina|spd|1\n|move|p2b: Sinistcha|Trick Room|p2b: Sinistcha\n|-fieldstart|move: Trick Room|[of] p2b: Sinistcha\n|\n|upkeep\n|turn|13\n|inactive|Anicredible has 30 seconds left.\n|inactive|JoeFlowDD has 30 seconds left.\n|\n|t:|1776463287\n|move|p1b: Primarina|Protect|p1b: Primarina\n|-singleturn|p1b: Primarina|Protect\n|move|p1a: Kangaskhan|Sucker Punch|p2b: Sinistcha\n|-supereffective|p2b: Sinistcha|1\n|-damage|p2b: Sinistcha|66/100\n|-supereffective|p2b: Sinistcha|1\n|-damage|p2b: Sinistcha|58/100\n|-hitcount|p2b: Sinistcha|2\n|move|p2a: Aggron|Body Press|p1a: Kangaskhan\n|-supereffective|p1a: Kangaskhan|1\n|-crit|p1a: Kangaskhan\n|-damage|p1a: Kangaskhan|0 fnt\n|faint|p1a: Kangaskhan\n|move|p2b: Sinistcha|Matcha Gotcha|p1b: Primarina\n|-activate|p1b: Primarina|move: Protect\n|\n|-heal|p2b: Sinistcha|64/100|[from] item: Leftovers\n|upkeep\n|\n|t:|1776463301\n|switch|p1a: Sinistcha|Sinistcha, L50|4/100\n|-heal|p1b: Primarina|98/100|[from] ability: Hospitality|[of] p1a: Sinistcha\n|turn|14\n|\n|t:|1776463328\n|move|p2a: Aggron|Protect|p2a: Aggron\n|-singleturn|p2a: Aggron|Protect\n|move|p1b: Primarina|Hyper Voice|p2a: Aggron|[spread] p2b\n|-activate|p2a: Aggron|move: Protect\n|-resisted|p2b: Sinistcha|1\n|-damage|p2b: Sinistcha|0 fnt\n|faint|p2b: Sinistcha\n|move|p1a: Sinistcha|Strength Sap|p2a: Aggron\n|-activate|p2a: Aggron|move: Protect\n|\n|upkeep\n|\n|t:|1776463341\n|switch|p2b: Hydreigon|Hydreigon, L50, M|100/100\n|turn|15\n|c|\u2606Anicredible|gg\n|\n|t:|1776463361\n|move|p1a: Sinistcha|Rage Powder|p1a: Sinistcha\n|-singleturn|p1a: Sinistcha|move: Rage Powder\n|move|p2a: Aggron|Body Press|p1a: Sinistcha\n|-immune|p1a: Sinistcha\n|move|p1b: Primarina|Hyper Voice|p2a: Aggron|[spread] p2a,p2b\n|-resisted|p2b: Hydreigon|1\n|-damage|p2a: Aggron|0 fnt\n|-damage|p2b: Hydreigon|38/100\n|faint|p2a: Aggron\n|move|p2b: Hydreigon|Earth Power|p1a: Sinistcha\n|-resisted|p1a: Sinistcha|1\n|-damage|p1a: Sinistcha|0 fnt\n|faint|p1a: Sinistcha\n|\n|upkeep\n|turn|16\n|-message|JoeFlowDD forfeited.\n|\n|win|Anicredible\n|n|\u2606Anicredible|anicredible\n|n|\u2606JoeFlowDD|joeflowdd\n|n| sagapocalypse1|sagapocalypse1\n|l|\u2606JoeFlowDD\n|player|p2|\n",
  "uploadtime": 1776463375,
  "views": 13,
  "formatid": "gen9championsvgc2026regma",
  "rating": null,
  "private": 0,
  "password": null
}