{
  "id": "gen9championsvgc2026regma-2585390640",
  "format": "[Gen 9 Champions] VGC 2026 Reg M-A",
  "players": [
    "blog2",
    "MonsieurHoood"
  ],
  "log": "|j|\u2606blog2\n|j|\u2606MonsieurHoood\n|t:|1776343762\n|gametype|doubles\n|player|p1|blog2|170|1084\n|player|p2|MonsieurHoood|266|1033\n|gen|9\n|tier|[Gen 9 Champions] VGC 2026 Reg M-A\n|rated|\n|rule|Species Clause: Limit one of each Pok\u00e9mon\n|rule|Item Clause: Limit 1 of each item\n|clearpoke\n|poke|p1|Dragonite, L50, M|\n|poke|p1|Alakazam, L50, M|\n|poke|p1|Mamoswine, L50, F|\n|poke|p1|Sneasler, L50, M|\n|poke|p1|Sinistcha, L50|\n|poke|p1|Tinkaton, L50, F|\n|poke|p2|Crabominable, L50, F|\n|poke|p2|Slowking, L50, M|\n|poke|p2|Incineroar, L50, M|\n|poke|p2|Tsareena, L50, F|\n|poke|p2|Politoed, L50, F|\n|poke|p2|Dragonite, L50, F|\n|teampreview|4\n|inactive|Battle timer is ON: inactive players will automatically lose when time's up. (requested by MonsieurHoood)\n|\n|t:|1776343798\n|teamsize|p1|4\n|teamsize|p2|4\n|start\n|switch|p1a: Dragonite|Dragonite, L50, M|100/100\n|switch|p1b: Sinistcha|Sinistcha, L50|100/100\n|switch|p2a: Slowking|Slowking, L50, M, shiny|100/100\n|switch|p2b: Incineroar|Incineroar, L50, M|100/100\n|-ability|p2b: Incineroar|Intimidate|boost\n|-unboost|p1a: Dragonite|atk|1\n|-unboost|p1b: Sinistcha|atk|1\n|turn|1\n|\n|t:|1776343814\n|detailschange|p1a: Dragonite|Dragonite-Mega, L50, M\n|-mega|p1a: Dragonite|Dragonite|Dragoninite\n|move|p1b: Sinistcha|Rage Powder|p1b: Sinistcha\n|-singleturn|p1b: Sinistcha|move: Rage Powder\n|move|p1a: Dragonite|Dragon Pulse|p2b: Incineroar\n|-damage|p2b: Incineroar|47/100\n|move|p2b: Incineroar|Flare Blitz|p1b: Sinistcha\n|-supereffective|p1b: Sinistcha|1\n|-damage|p1b: Sinistcha|25/100\n|-damage|p2b: Incineroar|25/100|[from] Recoil\n|move|p2a: Slowking|Trick Room|p2a: Slowking\n|-fieldstart|move: Trick Room|[of] p2a: Slowking\n|\n|-heal|p2b: Incineroar|31/100|[from] item: Leftovers\n|-heal|p1b: Sinistcha|31/100|[from] item: Leftovers\n|upkeep\n|turn|2\n|inactive|MonsieurHoood has 30 seconds left.\n|inactive|MonsieurHoood has 20 seconds left.\n|\n|t:|1776343852\n|switch|p1b: Tinkaton|Tinkaton, L50, F|100/100\n|-prepare|p2a: Slowking|Chilly Reception|[premajor]\n|move|p2a: Slowking|Chilly Reception|p2a: Slowking\n|-weather|Snowscape\n|\n|t:|1776343862\n|switch|p2a: Crabominable|Crabominable, L50, F, shiny|100/100|[from] Chilly Reception\n|move|p2b: Incineroar|Parting Shot|p1a: Dragonite\n|-unboost|p1a: Dragonite|atk|1\n|-unboost|p1a: Dragonite|spa|1\n|\n|t:|1776343869\n|switch|p2b: Tsareena|Tsareena, L50, F, shiny|100/100|[from] Parting Shot\n|move|p1a: Dragonite|Dragon Pulse|p2b: Tsareena\n|-damage|p2b: Tsareena|64/100\n|\n|-weather|Snowscape|[upkeep]\n|upkeep\n|turn|3\n|inactive|blog2 has 30 seconds left.\n|\n|t:|1776343894\n|detailschange|p2a: Crabominable|Crabominable-Mega, L50, F, shiny\n|-mega|p2a: Crabominable|Crabominable|Crabominite\n|move|p1a: Dragonite|Protect|p1a: Dragonite\n|-singleturn|p1a: Dragonite|Protect\n|move|p1b: Tinkaton|Fake Out||[still]\n|cant|p2b: Tsareena|ability: Queenly Majesty|Fake Out|[of] p1b: Tinkaton\n|move|p2a: Crabominable|Ice Hammer|p1a: Dragonite\n|-activate|p1a: Dragonite|move: Protect\n|move|p2b: Tsareena|High Jump Kick|p1b: Tinkaton|[miss]\n|-miss|p2b: Tsareena|p1b: Tinkaton\n|-damage|p2b: Tsareena|14/100|[from] highjumpkick\n|-enditem|p2b: Tsareena|Sitrus Berry|[eat]\n|-heal|p2b: Tsareena|38/100|[from] item: Sitrus Berry\n|\n|-weather|Snowscape|[upkeep]\n|upkeep\n|turn|4\n|\n|t:|1776343917\n|move|p2a: Crabominable|Ice Hammer|p1a: Dragonite\n|-supereffective|p1a: Dragonite|2\n|-damage|p1a: Dragonite|0 fnt\n|-unboost|p2a: Crabominable|spe|1\n|faint|p1a: Dragonite\n|move|p2b: Tsareena|High Jump Kick|p1b: Tinkaton\n|-damage|p1b: Tinkaton|44/100\n|move|p1b: Tinkaton|Gigaton Hammer|p2a: Crabominable\n|-supereffective|p2a: Crabominable|1\n|-damage|p2a: Crabominable|32/100\n|\n|-weather|Snowscape|[upkeep]\n|upkeep\n|\n|t:|1776343921\n|switch|p1a: Sinistcha|Sinistcha, L50|31/100\n|-heal|p1b: Tinkaton|69/100|[from] ability: Hospitality|[of] p1a: Sinistcha\n|turn|5\n|\n|t:|1776343937\n|move|p1b: Tinkaton|Protect|p1b: Tinkaton\n|-singleturn|p1b: Tinkaton|Protect\n|move|p2a: Crabominable|Close Combat|p1b: Tinkaton\n|-activate|p1b: Tinkaton|move: Protect\n|move|p1a: Sinistcha|Matcha Gotcha|p2b: Tsareena|[spread] p2a,p2b\n|-resisted|p2b: Tsareena|1\n|-damage|p2a: Crabominable|13/100\n|-heal|p1a: Sinistcha|43/100|[from] drain|[of] p2a: Crabominable\n|-damage|p2b: Tsareena|26/100\n|-heal|p1a: Sinistcha|49/100|[from] drain|[of] p2b: Tsareena\n|-status|p2b: Tsareena|brn\n|move|p2b: Tsareena|Triple Axel|p1a: Sinistcha\n|-supereffective|p1a: Sinistcha|1\n|-damage|p1a: Sinistcha|43/100\n|-supereffective|p1a: Sinistcha|1\n|-damage|p1a: Sinistcha|31/100\n|-supereffective|p1a: Sinistcha|1\n|-damage|p1a: Sinistcha|13/100\n|-hitcount|p1a: Sinistcha|3\n|\n|-weather|Snowscape|[upkeep]\n|-heal|p1a: Sinistcha|19/100|[from] item: Leftovers\n|-damage|p2b: Tsareena|19/100 brn|[from] brn\n|-fieldend|move: Trick Room\n|upkeep\n|turn|6\n|inactive|MonsieurHoood has 30 seconds left.\n|\n|t:|1776343966\n|switch|p2b: Incineroar|Incineroar, L50, M|31/100\n|-ability|p2b: Incineroar|Intimidate|boost\n|-unboost|p1a: Sinistcha|atk|1\n|-fail|p1b: Tinkaton|unboost|Attack|[from] ability: Own Tempo|[of] p1b: Tinkaton\n|switch|p2a: Slowking|Slowking, L50, M, shiny|100/100\n|move|p1a: Sinistcha|Protect|p1a: Sinistcha\n|-singleturn|p1a: Sinistcha|Protect\n|move|p1b: Tinkaton|Gigaton Hammer|p2a: Slowking\n|-resisted|p2a: Slowking|1\n|-damage|p2a: Slowking|69/100\n|\n|-weather|none\n|-heal|p1a: Sinistcha|25/100|[from] item: Leftovers\n|-heal|p2b: Incineroar|37/100|[from] item: Leftovers\n|upkeep\n|turn|7\n|inactive|blog2 has 30 seconds left.\n|inactive|MonsieurHoood has 30 seconds left.\n|\n|t:|1776343996\n|move|p1b: Tinkaton|Play Rough|p2a: Slowking\n|-damage|p2a: Slowking|32/100\n|move|p1a: Sinistcha|Matcha Gotcha|p2a: Slowking|[spread] p2a,p2b\n|-supereffective|p2a: Slowking|1\n|-resisted|p2b: Incineroar|1\n|-damage|p2a: Slowking|0 fnt\n|-heal|p1a: Sinistcha|43/100|[from] drain|[of] p2a: Slowking\n|-damage|p2b: Incineroar|26/100\n|-heal|p1a: Sinistcha|49/100|[from] drain|[of] p2b: Incineroar\n|faint|p2a: Slowking\n|move|p2b: Incineroar|Flare Blitz|p1a: Sinistcha\n|-supereffective|p1a: Sinistcha|1\n|-damage|p1a: Sinistcha|0 fnt\n|faint|p1a: Sinistcha\n|-damage|p2b: Incineroar|12/100|[from] Recoil\n|\n|-heal|p2b: Incineroar|18/100|[from] item: Leftovers\n|upkeep\n|\n|t:|1776344014\n|switch|p1a: Mamoswine|Mamoswine, L50, F|100/100\n|switch|p2a: Crabominable|Crabominable-Mega, L50, F, shiny|13/100\n|turn|8\n|inactive|blog2 has 30 seconds left.\n|\n|t:|1776344040\n|move|p2b: Incineroar|Protect|p2b: Incineroar\n|-singleturn|p2b: Incineroar|Protect\n|move|p1b: Tinkaton|Gigaton Hammer|p2a: Crabominable\n|-supereffective|p2a: Crabominable|1\n|-damage|p2a: Crabominable|0 fnt\n|faint|p2a: Crabominable\n|move|p1a: Mamoswine|High Horsepower|p2b: Incineroar\n|-activate|p2b: Incineroar|move: Protect\n|\n|-heal|p2b: Incineroar|24/100|[from] item: Leftovers\n|upkeep\n|\n|t:|1776344052\n|switch|p2a: Tsareena|Tsareena, L50, F, shiny|19/100 brn\n|turn|9\n|\n|t:|1776344061\n|move|p1b: Tinkaton|Play Rough|p2a: Tsareena\n|-damage|p2a: Tsareena|0 fnt\n|faint|p2a: Tsareena\n|move|p1a: Mamoswine|High Horsepower|p2b: Incineroar\n|-supereffective|p2b: Incineroar|1\n|-damage|p2b: Incineroar|0 fnt\n|faint|p2b: Incineroar\n|\n|win|blog2\n|raw|blog2's rating: 1084 &rarr; <strong>1107</strong><br />(+23 for winning)\n|raw|MonsieurHoood's rating: 1033 &rarr; <strong>1020</strong><br />(-13 for losing)\n|l|\u2606MonsieurHoood\n|player|p2|\n",
  "uploadtime": 1776344064,
  "views": 23,
  "formatid": "gen9championsvgc2026regma",
  "rating": 1020,
  "private": 0,
  "password": null
}