{
  "id": "gen9championsvgc2026regma-2581910702",
  "format": "[Gen 9 Champions] VGC 2026 Reg M-A",
  "players": [
    "Gordon Gambley",
    "GaserTheEgyptain"
  ],
  "log": "|j|\u2606Gordon Gambley\n|j|\u2606GaserTheEgyptain\n|html|<table width=\"100%\"><tr><td align=\"left\">Gordon Gambley</td><td align=\"right\">GaserTheEgyptain</tr><tr><td align=\"left\"><i class=\"fa fa-circle\"></i> <i class=\"fa fa-circle-o\"></i> </td><td align=\"right\"><i class=\"fa fa-circle-o\"></i> <i class=\"fa fa-circle-o\"></i> </tr></table>\n|uhtml|bestof|<h2><strong>Game 2</strong> of <a href=\"/game-bestof3-gen9championsvgc2026regma-2581907234\">a best-of-3</a></h2>\n|t:|1776038970\n|gametype|doubles\n|player|p1|Gordon Gambley|gambler|\n|player|p2|GaserTheEgyptain|rood|\n|gen|9\n|tier|[Gen 9 Champions] VGC 2026 Reg M-A\n|rated|Tournament battle\n|rule|Species Clause: Limit one of each Pok\u00e9mon\n|rule|Item Clause: Limit 1 of each item\n|raw|<div class=\"infobox\"><details class=\"readmore\" open><summary><strong>2 custom rules:</strong></summary> Force Open Team Sheets, Best of = 3</details></div>\n|clearpoke\n|poke|p1|Scizor, L50, F|\n|poke|p1|Basculegion, L50, M|\n|poke|p1|Dragonite, L50, F|\n|poke|p1|Sneasler, L50, M|\n|poke|p1|Incineroar, L50, M|\n|poke|p1|Politoed, L50, F|\n|poke|p2|Sableye, L50, F|\n|poke|p2|Typhlosion, L50, M|\n|poke|p2|Floette-Eternal, L50, F|\n|poke|p2|Sinistcha, L50|\n|poke|p2|Torkoal, L50, F|\n|poke|p2|Oranguru, L50, M|\n|teampreview|4\n|showteam|p1|Scizor||Scizorite|Technician|BulletPunch,BugBite,SwordsDance,Protect|||F|||50|]Basculegion||ChoiceScarf|SwiftSwim|WaveCrash,LastRespects,FlipTurn,AquaJet|||M|||50|]Dragonite||LumBerry|Multiscale|DragonClaw,ExtremeSpeed,AerialAce,Protect|||F|||50|]Sneasler||WhiteHerb|Unburden|FakeOut,CloseCombat,DireClaw,Protect|||M|||50|]Incineroar||SitrusBerry|Intimidate|FlareBlitz,PartingShot,FakeOut,DarkestLariat|||M|||50|]Politoed||Leftovers|Drizzle|WeatherBall,Encore,IcyWind,Protect|||F|||50|\n|showteam|p2|Sableye||SitrusBerry|Prankster|Encore,Disable,HelpingHand,Quash|||F|||50|]Typhlosion||Charcoal|Blaze|Eruption,HeatWave,Endure,ShadowBall|||M|||50|]Floette-Eternal||Floettite|FlowerVeil|DazzlingGleam,Moonblast,Protect,DrainingKiss|||F|||50|]Sinistcha||Leftovers|Hospitality|MatchaGotcha,ShadowBall,RagePowder,TrickRoom||||||50|]Torkoal||ShellBell|Drought|Eruption,HeatWave,EarthPower,SolarBeam|||F|||50|]Oranguru||BrightPowder|Symbiosis|Instruct,Encore,LightScreen,Reflect|||M|||50|\n|inactive|Battle timer is ON: inactive players will automatically lose when time's up. (requested by Gordon Gambley)\n|\n|t:|1776039003\n|teamsize|p1|4\n|teamsize|p2|4\n|start\n|switch|p1a: Basculegion|Basculegion, L50, M|100/100\n|switch|p1b: Incineroar|Incineroar, L50, M|100/100\n|switch|p2a: Floette|Floette-Eternal, L50, F|100/100\n|switch|p2b: Oranguru|Oranguru, L50, M|100/100\n|-ability|p1b: Incineroar|Intimidate|boost\n|-unboost|p2a: Floette|atk|1\n|-unboost|p2b: Oranguru|atk|1\n|turn|1\n|\n|t:|1776039025\n|move|p2a: Floette|Protect|p2a: Floette\n|-singleturn|p2a: Floette|Protect\n|move|p1b: Incineroar|Fake Out|p2a: Floette\n|-activate|p2a: Floette|move: Protect\n|move|p1a: Basculegion|Wave Crash|p2b: Oranguru\n|-damage|p2b: Oranguru|61/100\n|-damage|p1a: Basculegion|87/100|[from] Recoil\n|move|p2b: Oranguru|Encore|p1b: Incineroar\n|-start|p1b: Incineroar|Encore\n|\n|upkeep\n|turn|2\n|\n|t:|1776039043\n|switch|p1b: Politoed|Politoed, L50, F|100/100\n|-weather|RainDance|[from] ability: Drizzle|[of] p1b: Politoed\n|detailschange|p2a: Floette|Floette-Mega, L50, F\n|-mega|p2a: Floette|Floette|Floettite\n|-ability|p2a: Floette|Fairy Aura\n|move|p1a: Basculegion|Wave Crash|p2a: Floette\n|-damage|p2a: Floette|8/100\n|-damage|p1a: Basculegion|59/100|[from] Recoil\n|move|p2a: Floette|Dazzling Gleam|p1b: Politoed|[spread] p1a,p1b\n|-damage|p1a: Basculegion|0 fnt\n|-damage|p1b: Politoed|49/100\n|faint|p1a: Basculegion\n|move|p2b: Oranguru|Instruct|p2a: Floette\n|-singleturn|p2a: Floette|move: Instruct|[of] p2b: Oranguru\n|move|p2a: Floette|Dazzling Gleam|p1b: Politoed\n|-damage|p1b: Politoed|0 fnt\n|faint|p1b: Politoed\n|\n|-weather|RainDance|[upkeep]\n|upkeep\n|\n|t:|1776039047\n|switch|p1a: Incineroar|Incineroar, L50, M|100/100\n|switch|p1b: Sneasler|Sneasler, L50, M|100/100\n|-ability|p1a: Incineroar|Intimidate|boost\n|-unboost|p2a: Floette|atk|1\n|-unboost|p2b: Oranguru|atk|1\n|turn|3\n|inactive|GaserTheEgyptain has 30 seconds left.\n|\n|t:|1776039072\n|move|p2a: Floette|Protect|p2a: Floette\n|-singleturn|p2a: Floette|Protect\n|move|p1a: Incineroar|Fake Out|p2b: Oranguru\n|-damage|p2b: Oranguru|52/100\n|move|p1b: Sneasler|Dire Claw|p2a: Floette\n|-activate|p2a: Floette|move: Protect\n|cant|p2b: Oranguru|flinch\n|\n|-weather|RainDance|[upkeep]\n|upkeep\n|turn|4\n|\n|t:|1776039085\n|move|p1b: Sneasler|Dire Claw|p2a: Floette\n|-supereffective|p2a: Floette|1\n|-damage|p2a: Floette|0 fnt\n|faint|p2a: Floette\n|move|p2b: Oranguru|Reflect|p2b: Oranguru\n|-sidestart|p2: GaserTheEgyptain|Reflect\n|move|p1a: Incineroar|Darkest Lariat|p2b: Oranguru\n|-supereffective|p2b: Oranguru|1\n|-damage|p2b: Oranguru|19/100\n|\n|-weather|RainDance|[upkeep]\n|upkeep\n|\n|t:|1776039093\n|switch|p2a: Sableye|Sableye, L50, F|100/100\n|turn|5\n|inactive|GaserTheEgyptain has 30 seconds left.\n|inactive|GaserTheEgyptain has 20 seconds left.\n|inactive|GaserTheEgyptain has 15 seconds left.\n|inactive|GaserTheEgyptain has 10 seconds left.\n|\n|t:|1776039141\n|move|p2a: Sableye|Disable|p1b: Sneasler\n|-start|p1b: Sneasler|Disable|Dire Claw\n|move|p1b: Sneasler|Close Combat|p2b: Oranguru\n|-damage|p2b: Oranguru|0 fnt\n|-unboost|p1b: Sneasler|def|1\n|-unboost|p1b: Sneasler|spd|1\n|faint|p2b: Oranguru\n|-enditem|p1b: Sneasler|White Herb\n|-clearnegativeboost|p1b: Sneasler|[silent]\n|move|p1a: Incineroar|Darkest Lariat|p2a: Sableye\n|-damage|p2a: Sableye|77/100\n|\n|-weather|RainDance|[upkeep]\n|upkeep\n|\n|t:|1776039146\n|switch|p2b: Sinistcha|Sinistcha, L50|100/100\n|-heal|p2a: Sableye|100/100|[from] ability: Hospitality|[of] p2b: Sinistcha\n|turn|6\n|\n|t:|1776039164\n|move|p1b: Sneasler|Protect|p1b: Sneasler\n|-singleturn|p1b: Sneasler|Protect\n|move|p2a: Sableye|Disable|p1a: Incineroar\n|-hint|Since gen 7, Dark is immune to Prankster moves.\n|-immune|p1a: Incineroar\n|move|p2b: Sinistcha|Matcha Gotcha|p1b: Sneasler|[spread] p1a\n|-activate|p1b: Sneasler|move: Protect\n|-resisted|p1a: Incineroar|1\n|-damage|p1a: Incineroar|91/100\n|move|p1a: Incineroar|Darkest Lariat|p2b: Sinistcha\n|-supereffective|p2b: Sinistcha|1\n|-damage|p2b: Sinistcha|68/100\n|\n|-weather|none\n|-heal|p2b: Sinistcha|75/100|[from] item: Leftovers\n|upkeep\n|turn|7\n|\n|t:|1776039180\n|move|p2a: Sableye|Helping Hand|p2b: Sinistcha\n|-singleturn|p2b: Sinistcha|Helping Hand|[of] p2a: Sableye\n|move|p1b: Sneasler|Protect||[still]\n|-fail|p1b: Sneasler\n|move|p2b: Sinistcha|Shadow Ball|p1b: Sneasler\n|-damage|p1b: Sneasler|31/100\n|move|p1a: Incineroar|Darkest Lariat|p2b: Sinistcha\n|-supereffective|p2b: Sinistcha|1\n|-damage|p2b: Sinistcha|45/100\n|\n|-heal|p2b: Sinistcha|51/100|[from] item: Leftovers\n|upkeep\n|turn|8\n|\n|t:|1776039201\n|move|p1b: Sneasler|Protect|p1b: Sneasler\n|-singleturn|p1b: Sneasler|Protect\n|move|p2a: Sableye|Encore|p1b: Sneasler\n|-activate|p1b: Sneasler|move: Protect\n|move|p2b: Sinistcha|Shadow Ball|p1a: Incineroar\n|-resisted|p1a: Incineroar|1\n|-damage|p1a: Incineroar|78/100\n|-unboost|p1a: Incineroar|spd|1\n|move|p1a: Incineroar|Darkest Lariat|p2b: Sinistcha\n|-supereffective|p2b: Sinistcha|1\n|-damage|p2b: Sinistcha|20/100\n|\n|-heal|p2b: Sinistcha|26/100|[from] item: Leftovers\n|-end|p1b: Sneasler|Disable\n|-sideend|p2: GaserTheEgyptain|Reflect\n|upkeep\n|turn|9\n|\n|t:|1776039224\n|move|p2a: Sableye|Encore|p1b: Sneasler\n|-start|p1b: Sneasler|Encore\n|move|p1b: Sneasler|Protect||[still]\n|-fail|p1b: Sneasler\n|move|p2b: Sinistcha|Shadow Ball|p1a: Incineroar\n|-resisted|p1a: Incineroar|1\n|-damage|p1a: Incineroar|59/100\n|move|p1a: Incineroar|Flare Blitz|p2b: Sinistcha\n|-supereffective|p2b: Sinistcha|1\n|-damage|p2b: Sinistcha|0 fnt\n|faint|p2b: Sinistcha\n|-damage|p1a: Incineroar|51/100|[from] Recoil\n|\n|upkeep\n|turn|10\n|\n|t:|1776039235\n|move|p1b: Sneasler|Protect|p1b: Sneasler\n|-singleturn|p1b: Sneasler|Protect\n|move|p2a: Sableye|Quash|p1a: Incineroar\n|-hint|Since gen 7, Dark is immune to Prankster moves.\n|-immune|p1a: Incineroar\n|move|p1a: Incineroar|Darkest Lariat|p2a: Sableye\n|-damage|p2a: Sableye|68/100\n|\n|upkeep\n|turn|11\n|\n|t:|1776039246\n|move|p1b: Sneasler|Protect||[still]\n|-fail|p1b: Sneasler\n|move|p2a: Sableye|Disable|p1a: Incineroar\n|-hint|Since gen 7, Dark is immune to Prankster moves.\n|-immune|p1a: Incineroar\n|move|p1a: Incineroar|Darkest Lariat|p2a: Sableye\n|-damage|p2a: Sableye|37/100\n|-enditem|p2a: Sableye|Sitrus Berry|[eat]\n|-heal|p2a: Sableye|62/100|[from] item: Sitrus Berry\n|\n|-end|p1b: Sneasler|Encore\n|upkeep\n|turn|12\n|\n|t:|1776039269\n|move|p2a: Sableye|Encore|p1b: Sneasler\n|-start|p1b: Sneasler|Encore\n|move|p1b: Sneasler|Protect|p1b: Sneasler\n|-singleturn|p1b: Sneasler|Protect\n|move|p1a: Incineroar|Darkest Lariat|p2a: Sableye\n|-damage|p2a: Sableye|29/100\n|\n|upkeep\n|turn|13\n|j| BarryTreacy\n|\n|t:|1776039278\n|move|p1b: Sneasler|Protect|p1b: Sneasler\n|-singleturn|p1b: Sneasler|Protect\n|move|p2a: Sableye|Disable|p1a: Incineroar\n|-hint|Since gen 7, Dark is immune to Prankster moves.\n|-immune|p1a: Incineroar\n|move|p1a: Incineroar|Darkest Lariat|p2a: Sableye\n|-damage|p2a: Sableye|0 fnt\n|faint|p2a: Sableye\n|\n|win|Gordon Gambley\n",
  "uploadtime": 1776039282,
  "views": 9,
  "formatid": "gen9championsvgc2026regma",
  "rating": null,
  "private": 0,
  "password": null
}