{
  "id": "gen9championsvgc2026regma-2588859007",
  "format": "[Gen 9 Champions] VGC 2026 Reg M-A",
  "players": [
    "Drachei",
    "soulo333"
  ],
  "log": "|j|\u2606Drachei\n|j|\u2606soulo333\n|t:|1776679409\n|gametype|doubles\n|player|p1|Drachei|gambler|1157\n|player|p2|soulo333|102|1220\n|gen|9\n|tier|[Gen 9 Champions] VGC 2026 Reg M-A\n|rated|\n|rule|Species Clause: Limit one of each Pok\u00e9mon\n|rule|Item Clause: Limit 1 of each item\n|clearpoke\n|poke|p1|Tyranitar, L50, F|\n|poke|p1|Incineroar, L50, M|\n|poke|p1|Excadrill, L50, M|\n|poke|p1|Primarina, L50, F|\n|poke|p1|Sinistcha, L50|\n|poke|p1|Corviknight, L50, M, shiny|\n|poke|p2|Charizard, L50, F|\n|poke|p2|Sneasler, L50, M|\n|poke|p2|Sinistcha, L50|\n|poke|p2|Incineroar, L50, M|\n|poke|p2|Milotic, L50, F|\n|poke|p2|Tyranitar, L50, F|\n|teampreview|4\n|\n|t:|1776679438\n|teamsize|p1|4\n|teamsize|p2|4\n|start\n|switch|p1a: Sinistcha|Sinistcha, L50|100/100\n|switch|p1b: Primarina|Primarina, L50, F|100/100\n|switch|p2a: Milotic|Milotic, L50, F|100/100\n|switch|p2b: Incineroar|Incineroar, L50, M|100/100\n|-ability|p2b: Incineroar|Intimidate|boost\n|-unboost|p1a: Sinistcha|atk|1\n|-unboost|p1b: Primarina|atk|1\n|turn|1\n|inactive|Battle timer is ON: inactive players will automatically lose when time's up. (requested by Drachei)\n|\n|t:|1776679455\n|move|p1b: Primarina|Protect|p1b: Primarina\n|-singleturn|p1b: Primarina|Protect\n|move|p2a: Milotic|Icy Wind|p1a: Sinistcha|[spread] p1a\n|-activate|p1b: Primarina|move: Protect\n|-supereffective|p1a: Sinistcha|1\n|-damage|p1a: Sinistcha|80/100\n|-unboost|p1a: Sinistcha|spe|1\n|move|p2b: Incineroar|Throat Chop|p1a: Sinistcha\n|-supereffective|p1a: Sinistcha|1\n|-crit|p1a: Sinistcha\n|-damage|p1a: Sinistcha|5/100\n|-start|p1a: Sinistcha|Throat Chop|[silent]\n|-enditem|p1a: Sinistcha|Sitrus Berry|[eat]\n|-heal|p1a: Sinistcha|30/100|[from] item: Sitrus Berry\n|move|p1a: Sinistcha|Trick Room|p1a: Sinistcha\n|-fieldstart|move: Trick Room|[of] p1a: Sinistcha\n|\n|upkeep\n|turn|2\n|\n|t:|1776679472\n|switch|p2a: Sinistcha|Sinistcha, L50|100/100\n|move|p1a: Sinistcha|Matcha Gotcha|p2a: Sinistcha|[spread] p2a,p2b\n|-resisted|p2a: Sinistcha|1\n|-resisted|p2b: Incineroar|1\n|-damage|p2a: Sinistcha|90/100\n|-heal|p1a: Sinistcha|35/100|[from] drain|[of] p2a: Sinistcha\n|-damage|p2b: Incineroar|89/100\n|-heal|p1a: Sinistcha|42/100|[from] drain|[of] p2b: Incineroar\n|move|p2b: Incineroar|Parting Shot|p1b: Primarina\n|-unboost|p1b: Primarina|atk|1\n|-unboost|p1b: Primarina|spa|1\n|\n|t:|1776679483\n|switch|p2b: Milotic|Milotic, L50, F|100/100|[from] Parting Shot\n|move|p1b: Primarina|Hyper Voice|p2b: Milotic|[spread] p2a,p2b\n|-resisted|p2a: Sinistcha|1\n|-resisted|p2b: Milotic|1\n|-crit|p2b: Milotic\n|-damage|p2a: Sinistcha|75/100\n|-damage|p2b: Milotic|78/100\n|\n|-heal|p2b: Milotic|84/100|[from] item: Leftovers\n|-end|p1a: Sinistcha|Throat Chop|[silent]\n|upkeep\n|turn|3\n|\n|t:|1776679504\n|move|p2b: Milotic|Protect|p2b: Milotic\n|-singleturn|p2b: Milotic|Protect\n|move|p1a: Sinistcha|Rage Powder|p1a: Sinistcha\n|-singleturn|p1a: Sinistcha|move: Rage Powder\n|move|p2a: Sinistcha|Matcha Gotcha|p1b: Primarina|[spread] p1a,p1b\n|-resisted|p1a: Sinistcha|1\n|-supereffective|p1b: Primarina|1\n|-damage|p1a: Sinistcha|28/100\n|-heal|p2a: Sinistcha|82/100|[from] drain|[of] p1a: Sinistcha\n|-damage|p1b: Primarina|61/100\n|-heal|p2a: Sinistcha|100/100|[from] drain|[of] p1b: Primarina\n|-status|p1b: Primarina|brn\n|move|p1b: Primarina|Moonblast|p2b: Milotic\n|-activate|p2b: Milotic|move: Protect\n|\n|-heal|p2b: Milotic|90/100|[from] item: Leftovers\n|-damage|p1b: Primarina|55/100 brn|[from] brn\n|upkeep\n|turn|4\n|\n|t:|1776679526\n|switch|p2b: Sneasler|Sneasler, L50, M|100/100\n|move|p1a: Sinistcha|Matcha Gotcha|p2b: Sneasler|[spread] p2a,p2b\n|-resisted|p2a: Sinistcha|1\n|-resisted|p2b: Sneasler|1\n|-damage|p2a: Sinistcha|90/100\n|-heal|p1a: Sinistcha|33/100|[from] drain|[of] p2a: Sinistcha\n|-damage|p2b: Sneasler|84/100\n|-heal|p1a: Sinistcha|40/100|[from] drain|[of] p2b: Sneasler\n|move|p2a: Sinistcha|Matcha Gotcha|p1b: Primarina|[spread] p1a,p1b\n|-resisted|p1a: Sinistcha|1\n|-supereffective|p1b: Primarina|1\n|-damage|p1a: Sinistcha|26/100\n|-heal|p2a: Sinistcha|98/100|[from] drain|[of] p1a: Sinistcha\n|-damage|p1b: Primarina|10/100 brn\n|-heal|p2a: Sinistcha|100/100|[from] drain|[of] p1b: Primarina\n|-status|p1a: Sinistcha|brn\n|move|p1b: Primarina|Moonblast|p2b: Sneasler\n|-damage|p2b: Sneasler|34/100\n|\n|-damage|p1a: Sinistcha|20/100 brn|[from] brn\n|-damage|p1b: Primarina|4/100 brn|[from] brn\n|upkeep\n|turn|5\n|inactive|Drachei has 30 seconds left.\n|inactive|soulo333 has 30 seconds left.\n|inactive|soulo333 has 20 seconds left.\n|\n|t:|1776679562\n|switch|p2b: Incineroar|Incineroar, L50, M|89/100\n|-ability|p2b: Incineroar|Intimidate|boost\n|-unboost|p1a: Sinistcha|atk|1\n|-unboost|p1b: Primarina|atk|1\n|move|p1b: Primarina|Protect|p1b: Primarina\n|-singleturn|p1b: Primarina|Protect\n|move|p1a: Sinistcha|Strength Sap|p2b: Incineroar\n|-unboost|p2b: Incineroar|atk|1\n|-heal|p1a: Sinistcha|100/100 brn\n|move|p2a: Sinistcha|Matcha Gotcha|p1b: Primarina|[spread] p1a\n|-activate|p1b: Primarina|move: Protect\n|-resisted|p1a: Sinistcha|1\n|-damage|p1a: Sinistcha|86/100 brn\n|\n|-damage|p1a: Sinistcha|80/100 brn|[from] brn\n|-damage|p1b: Primarina|0 fnt|[from] brn\n|faint|p1b: Primarina\n|-fieldend|move: Trick Room\n|upkeep\n|\n|t:|1776679582\n|switch|p1b: Excadrill|Excadrill, L50, M|100/100\n|turn|6\n|\n|t:|1776679590\n|switch|p2b: Milotic|Milotic, L50, F|90/100\n|move|p1b: Excadrill|Protect|p1b: Excadrill\n|-singleturn|p1b: Excadrill|Protect\n|move|p2a: Sinistcha|Matcha Gotcha|p1b: Excadrill|[spread] p1a\n|-activate|p1b: Excadrill|move: Protect\n|-resisted|p1a: Sinistcha|1\n|-damage|p1a: Sinistcha|66/100 brn\n|move|p1a: Sinistcha|Trick Room|p1a: Sinistcha\n|-fieldstart|move: Trick Room|[of] p1a: Sinistcha\n|\n|-heal|p2b: Milotic|96/100|[from] item: Leftovers\n|-damage|p1a: Sinistcha|59/100 brn|[from] brn\n|upkeep\n|turn|7\n|\n|t:|1776679609\n|move|p1a: Sinistcha|Matcha Gotcha|p2b: Milotic|[spread] p2a,p2b\n|-resisted|p2a: Sinistcha|1\n|-supereffective|p2b: Milotic|1\n|-damage|p2a: Sinistcha|90/100\n|-heal|p1a: Sinistcha|65/100 brn|[from] drain|[of] p2a: Sinistcha\n|-damage|p2b: Milotic|63/100\n|-heal|p1a: Sinistcha|83/100 brn|[from] drain|[of] p2b: Milotic\n|-status|p2b: Milotic|brn\n|move|p2a: Sinistcha|Matcha Gotcha|p1b: Excadrill|[spread] p1a,p1b\n|-resisted|p1a: Sinistcha|1\n|-damage|p1a: Sinistcha|69/100 brn\n|-heal|p2a: Sinistcha|98/100|[from] drain|[of] p1a: Sinistcha\n|-damage|p1b: Excadrill|64/100\n|-heal|p2a: Sinistcha|100/100|[from] drain|[of] p1b: Excadrill\n|move|p2b: Milotic|Scald|p1b: Excadrill\n|-supereffective|p1b: Excadrill|1\n|-damage|p1b: Excadrill|0 fnt\n|faint|p1b: Excadrill\n|\n|-heal|p2b: Milotic|69/100 brn|[from] item: Leftovers\n|-damage|p1a: Sinistcha|63/100 brn|[from] brn\n|-damage|p2b: Milotic|63/100 brn|[from] brn\n|upkeep\n|\n|t:|1776679628\n|switch|p1b: Tyranitar|Tyranitar, L50, F|100/100\n|-weather|Sandstorm|[from] ability: Sand Stream|[of] p1b: Tyranitar\n|turn|8\n|\n|t:|1776679636\n|detailschange|p1b: Tyranitar|Tyranitar-Mega, L50, F\n|-mega|p1b: Tyranitar|Tyranitar|Tyranitarite\n|move|p1a: Sinistcha|Matcha Gotcha|p2b: Milotic|[spread] p2a,p2b\n|-resisted|p2a: Sinistcha|1\n|-supereffective|p2b: Milotic|1\n|-crit|p2b: Milotic\n|-damage|p2a: Sinistcha|90/100\n|-heal|p1a: Sinistcha|68/100 brn|[from] drain|[of] p2a: Sinistcha\n|-damage|p2b: Milotic|12/100 brn\n|-heal|p1a: Sinistcha|97/100 brn|[from] drain|[of] p2b: Milotic\n|move|p2a: Sinistcha|Matcha Gotcha|p1b: Tyranitar|[spread] p1a,p1b\n|-resisted|p1a: Sinistcha|1\n|-supereffective|p1b: Tyranitar|1\n|-crit|p1b: Tyranitar\n|-damage|p1a: Sinistcha|84/100 brn\n|-heal|p2a: Sinistcha|97/100|[from] drain|[of] p1a: Sinistcha\n|-damage|p1b: Tyranitar|60/100\n|-heal|p2a: Sinistcha|100/100|[from] drain|[of] p1b: Tyranitar\n|move|p2b: Milotic|Scald|p1b: Tyranitar\n|-supereffective|p1b: Tyranitar|1\n|-damage|p1b: Tyranitar|23/100\n|move|p1b: Tyranitar|Ice Punch|p2a: Sinistcha\n|-supereffective|p2a: Sinistcha|1\n|-damage|p2a: Sinistcha|44/100\n|-status|p2a: Sinistcha|frz\n|\n|-weather|Sandstorm|[upkeep]\n|-damage|p1a: Sinistcha|77/100 brn|[from] Sandstorm\n|-damage|p2a: Sinistcha|38/100 frz|[from] Sandstorm\n|-damage|p2b: Milotic|6/100 brn|[from] Sandstorm\n|-heal|p2b: Milotic|12/100 brn|[from] item: Leftovers\n|-damage|p1a: Sinistcha|71/100 brn|[from] brn\n|-damage|p2b: Milotic|6/100 brn|[from] brn\n|upkeep\n|turn|9\n|inactive|Drachei has 30 seconds left.\n|inactive|Drachei has 20 seconds left.\n|inactive|Drachei has 15 seconds left.\n|inactive|Drachei has 10 seconds left.\n|\n|t:|1776679682\n|switch|p2a: Incineroar|Incineroar, L50, M|89/100\n|-ability|p2a: Incineroar|Intimidate|boost\n|-unboost|p1a: Sinistcha|atk|1\n|-unboost|p1b: Tyranitar|atk|1\n|move|p1a: Sinistcha|Matcha Gotcha|p2a: Incineroar|[spread] p2a\n|-miss|p1a: Sinistcha|p2b: Milotic\n|-resisted|p2a: Incineroar|1\n|-damage|p2a: Incineroar|79/100\n|-heal|p1a: Sinistcha|77/100 brn|[from] drain|[of] p2a: Incineroar\n|move|p2b: Milotic|Scald|p1b: Tyranitar\n|-supereffective|p1b: Tyranitar|1\n|-damage|p1b: Tyranitar|0 fnt\n|faint|p1b: Tyranitar\n|\n|-weather|Sandstorm|[upkeep]\n|-damage|p1a: Sinistcha|71/100 brn|[from] Sandstorm\n|-damage|p2a: Incineroar|73/100|[from] Sandstorm\n|-damage|p2b: Milotic|0 fnt|[from] Sandstorm\n|faint|p2b: Milotic\n|-damage|p1a: Sinistcha|65/100 brn|[from] brn\n|upkeep\n|c|\u2606Drachei|ofc\n|c|\u2606Drachei|he misses\n|\n|t:|1776679696\n|switch|p2b: Sneasler|Sneasler, L50, M|34/100\n|turn|10\n|\n|t:|1776679703\n|switch|p2b: Sinistcha|Sinistcha, L50|38/100 frz\n|-heal|p2a: Incineroar|98/100|[from] ability: Hospitality|[of] p2b: Sinistcha\n|move|p1a: Sinistcha|Matcha Gotcha|p2b: Sinistcha|[spread] p2a,p2b\n|-resisted|p2a: Incineroar|1\n|-resisted|p2b: Sinistcha|1\n|-damage|p2a: Incineroar|88/100\n|-heal|p1a: Sinistcha|71/100 brn|[from] drain|[of] p2a: Incineroar\n|-damage|p2b: Sinistcha|26/100 frz\n|-heal|p1a: Sinistcha|76/100 brn|[from] drain|[of] p2b: Sinistcha\n|-curestatus|p2b: Sinistcha|frz|[msg]\n|move|p2a: Incineroar|Throat Chop|p1a: Sinistcha\n|-supereffective|p1a: Sinistcha|1\n|-damage|p1a: Sinistcha|28/100 brn\n|-start|p1a: Sinistcha|Throat Chop|[silent]\n|\n|-weather|Sandstorm|[upkeep]\n|-damage|p1a: Sinistcha|22/100 brn|[from] Sandstorm\n|-damage|p2b: Sinistcha|20/100|[from] Sandstorm\n|-damage|p2a: Incineroar|82/100|[from] Sandstorm\n|-damage|p1a: Sinistcha|16/100 brn|[from] brn\n|-fieldend|move: Trick Room\n|upkeep\n|turn|11\n|c|\u2606soulo333|gg\n|-message|Drachei forfeited.\n|\n|win|soulo333\n|raw|Drachei's rating: 1157 &rarr; <strong>1136</strong><br />(-21 for losing)\n|raw|soulo333's rating: 1220 &rarr; <strong>1241</strong><br />(+21 for winning)\n",
  "uploadtime": 1776679717,
  "views": 10,
  "formatid": "gen9championsvgc2026regma",
  "rating": 1136,
  "private": 0,
  "password": null
}