{
  "id": "gen9championsvgc2026regma-2584720364",
  "format": "[Gen 9 Champions] VGC 2026 Reg M-A",
  "players": [
    "Aacheryon",
    "shunosaurus"
  ],
  "log": "|j|\u2606Aacheryon\n|j|\u2606shunosaurus\n|t:|1776278959\n|gametype|doubles\n|player|p1|Aacheryon|roughneck|1287\n|player|p2|shunosaurus|psychic-gen4|1368\n|gen|9\n|tier|[Gen 9 Champions] VGC 2026 Reg M-A\n|rated|\n|rule|Species Clause: Limit one of each Pok\u00e9mon\n|rule|Item Clause: Limit 1 of each item\n|clearpoke\n|poke|p1|Slowking-Galar, L50, F|\n|poke|p1|Meowstic, L50, M|\n|poke|p1|Milotic, L50, M|\n|poke|p1|Sinistcha, L50|\n|poke|p1|Incineroar, L50, F|\n|poke|p1|Crabominable, L50, F|\n|poke|p2|Orthworm, L50, M|\n|poke|p2|Excadrill, L50, M|\n|poke|p2|Tyranitar, L50, F|\n|poke|p2|Sinistcha, L50|\n|poke|p2|Primarina, L50, M|\n|poke|p2|Rotom-Heat, L50|\n|teampreview|4\n|c|\u2606shunosaurus|glhf\n|c|\u2606Aacheryon|thx u2\n|\n|t:|1776278995\n|teamsize|p1|4\n|teamsize|p2|4\n|start\n|switch|p1a: Meowstic|Meowstic, L50, M|100/100\n|switch|p1b: Slowking|Slowking-Galar, L50, F|100/100\n|switch|p2a: Matilda|Tyranitar, L50, F|100/100\n|switch|p2b: Rotom|Rotom-Heat, L50|100/100\n|-weather|Sandstorm|[from] ability: Sand Stream|[of] p2a: Matilda\n|turn|1\n|\n|t:|1776279026\n|move|p2a: Matilda|Protect|p2a: Matilda\n|-singleturn|p2a: Matilda|Protect\n|move|p1a: Meowstic|Fake Out|p2a: Matilda\n|-activate|p2a: Matilda|move: Protect\n|move|p2b: Rotom|Trick|p1b: Slowking\n|-activate|p2b: Rotom|move: Trick|[of] p1b: Slowking\n|-item|p1b: Slowking|Choice Scarf|[from] move: Trick\n|-item|p2b: Rotom|Mental Herb|[from] move: Trick\n|move|p1b: Slowking|Trick Room|p1b: Slowking\n|-fieldstart|move: Trick Room|[of] p1b: Slowking\n|\n|-weather|Sandstorm|[upkeep]\n|-damage|p1b: Slowking|95/100|[from] Sandstorm\n|-damage|p1a: Meowstic|94/100|[from] Sandstorm\n|-damage|p2b: Rotom|94/100|[from] Sandstorm\n|upkeep\n|turn|2\n|\n|t:|1776279053\n|switch|p1b: Milotic|Milotic, L50, M|100/100\n|switch|p1a: Crabominable|Crabominable, L50, F|100/100\n|move|p2a: Matilda|Rock Slide|p1b: Milotic|[spread] p1a,p1b\n|-damage|p1a: Crabominable|64/100\n|-damage|p1b: Milotic|67/100\n|move|p2b: Rotom|Overheat|p1b: Milotic\n|-resisted|p1b: Milotic|1\n|-damage|p1b: Milotic|44/100\n|-unboost|p2b: Rotom|spa|2\n|\n|-weather|Sandstorm|[upkeep]\n|-damage|p1a: Crabominable|58/100|[from] Sandstorm\n|-damage|p1b: Milotic|38/100|[from] Sandstorm\n|-damage|p2b: Rotom|88/100|[from] Sandstorm\n|-heal|p1b: Milotic|44/100|[from] item: Leftovers\n|upkeep\n|turn|3\n|\n|t:|1776279073\n|switch|p2a: Sinistcha|Sinistcha, L50|100/100\n|-heal|p2b: Rotom|100/100|[from] ability: Hospitality|[of] p2a: Sinistcha\n|switch|p2b: Primarina|Primarina, L50, M|100/100\n|detailschange|p1a: Crabominable|Crabominable-Mega, L50, F\n|-mega|p1a: Crabominable|Crabominable|Crabominite\n|move|p1a: Crabominable|Drain Punch|p2b: Primarina\n|-resisted|p2b: Primarina|1\n|-damage|p2b: Primarina|65/100\n|-heal|p1a: Crabominable|74/100|[from] drain|[of] p2b: Primarina\n|move|p1b: Milotic|Coil|p1b: Milotic\n|-boost|p1b: Milotic|atk|1\n|-boost|p1b: Milotic|def|1\n|-boost|p1b: Milotic|accuracy|1\n|\n|-weather|Sandstorm|[upkeep]\n|-damage|p1a: Crabominable|68/100|[from] Sandstorm\n|-damage|p2b: Primarina|59/100|[from] Sandstorm\n|-damage|p2a: Sinistcha|94/100|[from] Sandstorm\n|-damage|p1b: Milotic|38/100|[from] Sandstorm\n|-heal|p1b: Milotic|44/100|[from] item: Leftovers\n|upkeep\n|turn|4\n|\n|t:|1776279114\n|move|p2a: Sinistcha|Protect|p2a: Sinistcha\n|-singleturn|p2a: Sinistcha|Protect\n|move|p1a: Crabominable|Ice Hammer|p2a: Sinistcha\n|-activate|p2a: Sinistcha|move: Protect\n|move|p2b: Primarina|Moonblast|p1a: Crabominable\n|-supereffective|p1a: Crabominable|1\n|-damage|p1a: Crabominable|0 fnt\n|faint|p1a: Crabominable\n|move|p1b: Milotic|Blizzard|p2b: Primarina|[spread] p2b\n|-activate|p2a: Sinistcha|move: Protect\n|-resisted|p2b: Primarina|1\n|-damage|p2b: Primarina|49/100\n|\n|-weather|Sandstorm|[upkeep]\n|-damage|p2b: Primarina|43/100|[from] Sandstorm\n|-damage|p2a: Sinistcha|88/100|[from] Sandstorm\n|-damage|p1b: Milotic|38/100|[from] Sandstorm\n|-heal|p1b: Milotic|44/100|[from] item: Leftovers\n|upkeep\n|\n|t:|1776279129\n|switch|p1a: Meowstic|Meowstic, L50, M|94/100\n|turn|5\n|\n|t:|1776279136\n|move|p2b: Primarina|Protect|p2b: Primarina\n|-singleturn|p2b: Primarina|Protect\n|move|p1a: Meowstic|Fake Out|p2b: Primarina\n|-activate|p2b: Primarina|move: Protect\n|move|p1b: Milotic|Blizzard|p2b: Primarina|[spread] p2a\n|-activate|p2b: Primarina|move: Protect\n|-supereffective|p2a: Sinistcha|1\n|-damage|p2a: Sinistcha|27/100\n|-enditem|p2a: Sinistcha|Sitrus Berry|[eat]\n|-heal|p2a: Sinistcha|52/100|[from] item: Sitrus Berry\n|move|p2a: Sinistcha|Matcha Gotcha|p1b: Milotic|[spread] p1a,p1b\n|-supereffective|p1b: Milotic|1\n|-damage|p1a: Meowstic|64/100\n|-heal|p2a: Sinistcha|68/100|[from] drain|[of] p1a: Meowstic\n|-damage|p1b: Milotic|10/100\n|-heal|p2a: Sinistcha|87/100|[from] drain|[of] p1b: Milotic\n|\n|-weather|none\n|-heal|p1b: Milotic|16/100|[from] item: Leftovers\n|-fieldend|move: Trick Room\n|upkeep\n|turn|6\n|\n|t:|1776279158\n|move|p1b: Milotic|Blizzard|p2a: Sinistcha|[spread] p2a,p2b\n|-supereffective|p2a: Sinistcha|1\n|-resisted|p2b: Primarina|1\n|-damage|p2a: Sinistcha|23/100\n|-damage|p2b: Primarina|32/100\n|-status|p2a: Sinistcha|frz\n|-curestatus|p2a: Sinistcha|frz|[from] move: Matcha Gotcha\n|move|p2a: Sinistcha|Matcha Gotcha|p1b: Milotic|[spread] p1a,p1b\n|-supereffective|p1b: Milotic|1\n|-damage|p1a: Meowstic|34/100\n|-heal|p2a: Sinistcha|38/100|[from] drain|[of] p1a: Meowstic\n|-damage|p1b: Milotic|0 fnt\n|-heal|p2a: Sinistcha|47/100|[from] drain|[of] p1b: Milotic\n|faint|p1b: Milotic\n|move|p2b: Primarina|Moonblast|p1a: Meowstic\n|-damage|p1a: Meowstic|0 fnt\n|faint|p1a: Meowstic\n|\n|upkeep\n|-message|Aacheryon forfeited.\n|\n|win|shunosaurus\n|raw|Aacheryon's rating: 1287 &rarr; <strong>1268</strong><br />(-19 for losing)\n|raw|shunosaurus's rating: 1368 &rarr; <strong>1383</strong><br />(+15 for winning)\n|l|\u2606Aacheryon\n|player|p1|\n",
  "uploadtime": 1776279178,
  "views": 58,
  "formatid": "gen9championsvgc2026regma",
  "rating": 1268,
  "private": 0,
  "password": null
}