{
  "id": "gen9championsvgc2026regma-2586423482",
  "format": "[Gen 9 Champions] VGC 2026 Reg M-A",
  "players": [
    "tvao",
    "rasb"
  ],
  "log": "|j|\u2606tvao\n|j|\u2606rasb\n|t:|1776433660\n|gametype|doubles\n|player|p1|tvao|101|1079\n|player|p2|rasb|170|1173\n|gen|9\n|tier|[Gen 9 Champions] VGC 2026 Reg M-A\n|rated|\n|rule|Species Clause: Limit one of each Pok\u00e9mon\n|rule|Item Clause: Limit 1 of each item\n|clearpoke\n|poke|p1|Sinistcha, L50|\n|poke|p1|Corviknight, L50, F|\n|poke|p1|Camerupt, L50, F|\n|poke|p1|Klefki, L50, M|\n|poke|p1|Aggron, L50, F|\n|poke|p1|Basculegion, L50, M|\n|poke|p2|Floette-Eternal, L50, F|\n|poke|p2|Aerodactyl, L50, F|\n|poke|p2|Incineroar, L50, F|\n|poke|p2|Garchomp, L50, F|\n|poke|p2|Charizard, L50, F|\n|poke|p2|Venusaur, L50, M|\n|teampreview|4\n|inactive|Battle timer is ON: inactive players will automatically lose when time's up. (requested by rasb)\nrasb has agreed to open team sheets.\n|inactive|rasb has 60 seconds left.\n|\n|t:|1776433712\n|teamsize|p1|4\n|teamsize|p2|4\n|start\n|switch|p1a: Klefki|Klefki, L50, M|100/100\n|switch|p1b: Camerupt|Camerupt, L50, F|100/100\n|switch|p2a: Incineroar|Incineroar, L50, F|100/100\n|switch|p2b: Venusaur|Venusaur, L50, M|100/100\n|-ability|p2a: Incineroar|Intimidate|boost\n|-unboost|p1a: Klefki|atk|1\n|-unboost|p1b: Camerupt|atk|1\n|turn|1\n|\n|t:|1776433730\n|detailschange|p1b: Camerupt|Camerupt-Mega, L50, F\n|-mega|p1b: Camerupt|Camerupt|Cameruptite\n|move|p2a: Incineroar|Fake Out|p1a: Klefki\n|-resisted|p1a: Klefki|1\n|-damage|p1a: Klefki|93/100\n|move|p2b: Venusaur|Sleep Powder|p1b: Camerupt|[miss]\n|-miss|p2b: Venusaur|p1b: Camerupt\n|move|p1b: Camerupt|Eruption|p2b: Venusaur|[spread] p2a,p2b\n|-resisted|p2a: Incineroar|1\n|-supereffective|p2b: Venusaur|1\n|-damage|p2a: Incineroar|68/100\n|-enditem|p2b: Venusaur|Focus Sash\n|-damage|p2b: Venusaur|1/100\n|cant|p1a: Klefki|flinch\n|\n|upkeep\n|turn|2\n|inactive|tvao has 30 seconds left.\n|inactive|tvao has 20 seconds left.\n|\n|t:|1776433768\n|move|p2b: Venusaur|Sleep Powder|p1b: Camerupt\n|-status|p1b: Camerupt|slp|[from] move: Sleep Powder\n|move|p2a: Incineroar|Parting Shot|p1a: Klefki\n|-unboost|p1a: Klefki|atk|1\n|-unboost|p1a: Klefki|spa|1\n|\n|t:|1776433773\n|switch|p2a: Charizard|Charizard, L50, F|100/100|[from] Parting Shot\n|cant|p1b: Camerupt|slp\n|move|p1a: Klefki|Trick Room|p1a: Klefki\n|-fieldstart|move: Trick Room|[of] p1a: Klefki\n|\n|upkeep\n|turn|3\n|inactive|tvao has 30 seconds left.\n|inactive|tvao has 20 seconds left.\n|\n|t:|1776433809\n|detailschange|p2a: Charizard|Charizard-Mega-Y, L50, F\n|-mega|p2a: Charizard|Charizard|Charizardite Y\n|-weather|SunnyDay|[from] ability: Drought|[of] p2a: Charizard\n|move|p1a: Klefki|Thunder Wave|p2a: Charizard\n|-status|p2a: Charizard|par\n|cant|p1b: Camerupt|slp\n|move|p2a: Charizard|Heat Wave|p1b: Camerupt|[spread] p1a,p1b\n|-supereffective|p1a: Klefki|1\n|-resisted|p1b: Camerupt|1\n|-damage|p1a: Klefki|0 fnt\n|-damage|p1b: Camerupt|65/100 slp\n|faint|p1a: Klefki\n|move|p2b: Venusaur|Earth Power|p1b: Camerupt\n|-supereffective|p1b: Camerupt|1\n|-damage|p1b: Camerupt|8/100 slp\n|\n|-weather|SunnyDay|[upkeep]\n|upkeep\n|\n|t:|1776433832\n|switch|p1a: Sinistcha|Sinistcha, L50|100/100\n|-heal|p1b: Camerupt|33/100 slp|[from] ability: Hospitality|[of] p1a: Sinistcha\n|turn|4\n|\n|t:|1776433843\n|-curestatus|p1b: Camerupt|slp|[msg]\n|move|p1b: Camerupt|Eruption|p2b: Venusaur|[spread] p2a,p2b\n|-resisted|p2a: Charizard|1\n|-supereffective|p2b: Venusaur|1\n|-damage|p2a: Charizard|84/100 par\n|-damage|p2b: Venusaur|0 fnt\n|faint|p2b: Venusaur\n|move|p2a: Charizard|Air Slash|p1a: Sinistcha\n|-supereffective|p1a: Sinistcha|1\n|-enditem|p1a: Sinistcha|Coba Berry|[eat]\n|-enditem|p1a: Sinistcha|Coba Berry|[weaken]\n|-damage|p1a: Sinistcha|43/100\n|move|p1a: Sinistcha|Nasty Plot|p1a: Sinistcha\n|-boost|p1a: Sinistcha|spa|2\n|\n|-weather|SunnyDay|[upkeep]\n|upkeep\n|\n|t:|1776433856\n|switch|p2b: Incineroar|Incineroar, L50, F|68/100\n|-ability|p2b: Incineroar|Intimidate|boost\n|-unboost|p1a: Sinistcha|atk|1\n|-unboost|p1b: Camerupt|atk|1\n|turn|5\n|inactive|tvao has 30 seconds left.\n|inactive|tvao has 20 seconds left.\n|\n|t:|1776433891\n|move|p2b: Incineroar|Fake Out|p1b: Camerupt\n|-damage|p1b: Camerupt|23/100\n|cant|p1b: Camerupt|flinch\n|move|p2a: Charizard|Air Slash|p1a: Sinistcha\n|-supereffective|p1a: Sinistcha|1\n|-damage|p1a: Sinistcha|0 fnt\n|faint|p1a: Sinistcha\n|\n|-weather|SunnyDay|[upkeep]\n|upkeep\n|\n|t:|1776433905\n|switch|p1a: Corviknight|Corviknight, L50, F|100/100\n|turn|6\n|\n|t:|1776433919\n|move|p1b: Camerupt|Earth Power|p2b: Incineroar\n|-supereffective|p2b: Incineroar|1\n|-damage|p2b: Incineroar|0 fnt\n|faint|p2b: Incineroar\n|move|p2a: Charizard|Heat Wave|p1a: Corviknight|[spread] p1a\n|-miss|p2a: Charizard|p1b: Camerupt\n|-supereffective|p1a: Corviknight|1\n|-damage|p1a: Corviknight|0 fnt\n|faint|p1a: Corviknight\n|\n|-weather|SunnyDay|[upkeep]\n|-fieldend|move: Trick Room\n|upkeep\n|\n|t:|1776433929\n|switch|p2b: Aerodactyl|Aerodactyl, L50, F|100/100\n|-ability|p2b: Aerodactyl|Unnerve\n|turn|7\n|\n|t:|1776433940\n|move|p2b: Aerodactyl|Rock Slide|p1b: Camerupt\n|-damage|p1b: Camerupt|0 fnt\n|faint|p1b: Camerupt\n|\n|win|rasb\n|raw|tvao's rating: 1079 &rarr; <strong>1063</strong><br />(-16 for losing)\n|raw|rasb's rating: 1173 &rarr; <strong>1191</strong><br />(+18 for winning)\n",
  "uploadtime": 1776433940,
  "views": 26,
  "formatid": "gen9championsvgc2026regma",
  "rating": 1063,
  "private": 0,
  "password": null
}