{
  "id": "gen9championsvgc2026regma-2587392277",
  "format": "[Gen 9 Champions] VGC 2026 Reg M-A",
  "players": [
    "siunhanech",
    "bro is not washed"
  ],
  "log": "|j|\u2606siunhanech\n|j|\u2606bro is not washed\n|t:|1776528007\n|gametype|doubles\n|player|p1|siunhanech|cynthia-gen4|1454\n|player|p2|bro is not washed|giovanni|1398\n|gen|9\n|tier|[Gen 9 Champions] VGC 2026 Reg M-A\n|rated|\n|rule|Species Clause: Limit one of each Pok\u00e9mon\n|rule|Item Clause: Limit 1 of each item\n|clearpoke\n|poke|p1|Blastoise, L50, M|\n|poke|p1|Sableye, L50, M|\n|poke|p1|Sneasler, L50, F|\n|poke|p1|Sinistcha, L50|\n|poke|p1|Espathra, L50, F|\n|poke|p1|Basculegion-F, L50, F|\n|poke|p2|Garchomp, L50, M|\n|poke|p2|Sneasler, L50, M|\n|poke|p2|Delphox, L50, F|\n|poke|p2|Tyranitar, L50, M|\n|poke|p2|Rotom-Wash, L50|\n|poke|p2|Sinistcha, L50|\n|teampreview|4\n|inactive|Battle timer is ON: inactive players will automatically lose when time's up. (requested by bro is not washed)\n|inactive|bro is not washed has 60 seconds left.\n|j| GentleH\n|j| starboykaze\n|\n|t:|1776528054\n|teamsize|p1|4\n|teamsize|p2|4\n|start\n|switch|p1a: Sinh vi\u00ean|Sableye, L50, M|100/100\n|switch|p1b: \u0110\u00e0 \u0111i\u1ec3u|Espathra, L50, F|100/100\n|switch|p2a: Sinistcha|Sinistcha, L50|100/100\n|switch|p2b: Tyranitar|Tyranitar, L50, M|100/100\n|-weather|Sandstorm|[from] ability: Sand Stream|[of] p2b: Tyranitar\n|turn|1\n|\n|t:|1776528071\n|move|p1a: Sinh vi\u00ean|Fake Out|p2b: Tyranitar\n|-resisted|p2b: Tyranitar|1\n|-damage|p2b: Tyranitar|97/100\n|move|p1b: \u0110\u00e0 \u0111i\u1ec3u|Calm Mind|p1b: \u0110\u00e0 \u0111i\u1ec3u\n|-boost|p1b: \u0110\u00e0 \u0111i\u1ec3u|spa|1\n|-boost|p1b: \u0110\u00e0 \u0111i\u1ec3u|spd|1\n|cant|p2b: Tyranitar|flinch\n|move|p2a: Sinistcha|Matcha Gotcha|p1b: \u0110\u00e0 \u0111i\u1ec3u|[spread] p1a,p1b\n|-damage|p1a: Sinh vi\u00ean|64/100\n|-damage|p1b: \u0110\u00e0 \u0111i\u1ec3u|79/100\n|\n|-weather|Sandstorm|[upkeep]\n|-damage|p1b: \u0110\u00e0 \u0111i\u1ec3u|73/100|[from] Sandstorm\n|-damage|p2a: Sinistcha|95/100|[from] Sandstorm\n|-damage|p1a: Sinh vi\u00ean|58/100|[from] Sandstorm\n|-ability|p1b: \u0110\u00e0 \u0111i\u1ec3u|Speed Boost|boost\n|-boost|p1b: \u0110\u00e0 \u0111i\u1ec3u|spe|1\n|upkeep\n|turn|2\n|l| starboykaze\n|inactive|bro is not washed has 30 seconds left.\n|\n|t:|1776528097\n|detailschange|p2b: Tyranitar|Tyranitar-Mega, L50, M\n|-mega|p2b: Tyranitar|Tyranitar|Tyranitarite\n|move|p1b: \u0110\u00e0 \u0111i\u1ec3u|Protect|p1b: \u0110\u00e0 \u0111i\u1ec3u\n|-singleturn|p1b: \u0110\u00e0 \u0111i\u1ec3u|Protect\n|move|p1a: Sinh vi\u00ean|Disable|p2a: Sinistcha\n|-start|p2a: Sinistcha|Disable|Matcha Gotcha\n|move|p2b: Tyranitar|Rock Slide|p1a: Sinh vi\u00ean|[spread] p1a\n|-activate|p1b: \u0110\u00e0 \u0111i\u1ec3u|move: Protect\n|-damage|p1a: Sinh vi\u00ean|25/100\n|cant|p2a: Sinistcha|Disable|Matcha Gotcha\n|\n|-weather|Sandstorm|[upkeep]\n|-damage|p1b: \u0110\u00e0 \u0111i\u1ec3u|67/100|[from] Sandstorm\n|-damage|p2a: Sinistcha|89/100|[from] Sandstorm\n|-damage|p1a: Sinh vi\u00ean|19/100|[from] Sandstorm\n|-ability|p1b: \u0110\u00e0 \u0111i\u1ec3u|Speed Boost|boost\n|-boost|p1b: \u0110\u00e0 \u0111i\u1ec3u|spe|1\n|upkeep\n|turn|3\n|\n|t:|1776528116\n|switch|p2a: Rotom|Rotom-Wash, L50|100/100\n|move|p1a: Sinh vi\u00ean|Rain Dance|p1a: Sinh vi\u00ean\n|-weather|RainDance\n|move|p1b: \u0110\u00e0 \u0111i\u1ec3u|Baton Pass|p1b: \u0110\u00e0 \u0111i\u1ec3u\n|\n|t:|1776528123\n|switch|p1b: B\u1eafn t\u00f9m lum|Blastoise, L50, M|100/100|[from] Baton Pass\n|move|p2b: Tyranitar|Rock Slide|p1a: Sinh vi\u00ean|[spread] p1a,p1b\n|-damage|p1a: Sinh vi\u00ean|0 fnt\n|-damage|p1b: B\u1eafn t\u00f9m lum|67/100\n|faint|p1a: Sinh vi\u00ean\n|\n|-weather|RainDance|[upkeep]\n|-heal|p1b: B\u1eafn t\u00f9m lum|73/100|[from] ability: Rain Dish\n|upkeep\n|\n|t:|1776528133\n|switch|p1a: Tr\u00e0 t\u1eeb tay|Sinistcha, L50|100/100\n|-heal|p1b: B\u1eafn t\u00f9m lum|98/100|[from] ability: Hospitality|[of] p1a: Tr\u00e0 t\u1eeb tay\n|turn|4\n|\n|t:|1776528146\n|switch|p2b: Sinistcha|Sinistcha, L50|89/100\n|detailschange|p1b: B\u1eafn t\u00f9m lum|Blastoise-Mega, L50, M\n|-mega|p1b: B\u1eafn t\u00f9m lum|Blastoise|Blastoisinite\n|move|p1a: Tr\u00e0 t\u1eeb tay|Rage Powder|p1a: Tr\u00e0 t\u1eeb tay\n|-singleturn|p1a: Tr\u00e0 t\u1eeb tay|move: Rage Powder\n|move|p1b: B\u1eafn t\u00f9m lum|Water Spout|p2a: Rotom|[spread] p2a,p2b\n|-resisted|p2a: Rotom|1\n|-resisted|p2b: Sinistcha|1\n|-damage|p2a: Rotom|19/100\n|-damage|p2b: Sinistcha|8/100\n|-enditem|p2b: Sinistcha|Sitrus Berry|[eat]\n|-heal|p2b: Sinistcha|33/100|[from] item: Sitrus Berry\n|move|p2a: Rotom|Volt Switch|p1a: Tr\u00e0 t\u1eeb tay\n|-resisted|p1a: Tr\u00e0 t\u1eeb tay|1\n|-damage|p1a: Tr\u00e0 t\u1eeb tay|86/100\n|\n|t:|1776528152\n|switch|p2a: Tyranitar|Tyranitar-Mega, L50, M|97/100|[from] Volt Switch\n|-weather|Sandstorm|[from] ability: Sand Stream|[of] p2a: Tyranitar\n|\n|-weather|Sandstorm|[upkeep]\n|-damage|p1b: B\u1eafn t\u00f9m lum|92/100|[from] Sandstorm\n|-damage|p2b: Sinistcha|27/100|[from] Sandstorm\n|-damage|p1a: Tr\u00e0 t\u1eeb tay|80/100|[from] Sandstorm\n|upkeep\n|turn|5\n|\n|t:|1776528170\n|move|p1b: B\u1eafn t\u00f9m lum|Water Spout|p2b: Sinistcha|[spread] p2a,p2b\n|-supereffective|p2a: Tyranitar|1\n|-resisted|p2b: Sinistcha|1\n|-damage|p2a: Tyranitar|13/100\n|-damage|p2b: Sinistcha|0 fnt\n|faint|p2b: Sinistcha\n|move|p2a: Tyranitar|Rock Slide|p1a: Tr\u00e0 t\u1eeb tay|[spread] p1a,p1b\n|-damage|p1a: Tr\u00e0 t\u1eeb tay|45/100\n|-damage|p1b: B\u1eafn t\u00f9m lum|61/100\n|-enditem|p1a: Tr\u00e0 t\u1eeb tay|Sitrus Berry|[eat]\n|-heal|p1a: Tr\u00e0 t\u1eeb tay|70/100|[from] item: Sitrus Berry\n|cant|p1a: Tr\u00e0 t\u1eeb tay|flinch\n|\n|-weather|Sandstorm|[upkeep]\n|-damage|p1b: B\u1eafn t\u00f9m lum|55/100|[from] Sandstorm\n|-damage|p1a: Tr\u00e0 t\u1eeb tay|64/100|[from] Sandstorm\n|upkeep\n|\n|t:|1776528180\n|switch|p2b: Garchomp|Garchomp, L50, M|100/100\n|turn|6\n|\n|t:|1776528190\n|move|p2a: Tyranitar|Protect|p2a: Tyranitar\n|-singleturn|p2a: Tyranitar|Protect\n|move|p2b: Garchomp|Earthquake|p1b: B\u1eafn t\u00f9m lum|[spread] p1a,p1b\n|-activate|p2a: Tyranitar|move: Protect\n|-resisted|p1a: Tr\u00e0 t\u1eeb tay|1\n|-damage|p1a: Tr\u00e0 t\u1eeb tay|44/100\n|-damage|p1b: B\u1eafn t\u00f9m lum|17/100\n|move|p1b: B\u1eafn t\u00f9m lum|Ice Beam|p2b: Garchomp\n|-supereffective|p2b: Garchomp|2\n|-damage|p2b: Garchomp|0 fnt\n|faint|p2b: Garchomp\n|move|p1a: Tr\u00e0 t\u1eeb tay|Life Dew|p1a: Tr\u00e0 t\u1eeb tay|[spread] p1a,p1b\n|-heal|p1a: Tr\u00e0 t\u1eeb tay|69/100\n|-heal|p1b: B\u1eafn t\u00f9m lum|42/100\n|\n|-weather|Sandstorm|[upkeep]\n|-damage|p1b: B\u1eafn t\u00f9m lum|36/100|[from] Sandstorm\n|-damage|p1a: Tr\u00e0 t\u1eeb tay|63/100|[from] Sandstorm\n|upkeep\n|\n|t:|1776528199\n|switch|p2b: Rotom|Rotom-Wash, L50|19/100\n|turn|7\n|\n|t:|1776528209\n|move|p1b: B\u1eafn t\u00f9m lum|Water Spout|p2a: Tyranitar|[spread] p2a,p2b\n|-supereffective|p2a: Tyranitar|1\n|-resisted|p2b: Rotom|1\n|-damage|p2a: Tyranitar|0 fnt\n|-damage|p2b: Rotom|0 fnt\n|faint|p2a: Tyranitar\n|faint|p2b: Rotom\n|\n|win|siunhanech\n|raw|siunhanech's rating: 1454 &rarr; <strong>1471</strong><br />(+17 for winning)\n|raw|bro is not washed's rating: 1398 &rarr; <strong>1381</strong><br />(-17 for losing)\n|l|\u2606bro is not washed\n|player|p2|\n",
  "uploadtime": 1776528289,
  "views": 26,
  "formatid": "gen9championsvgc2026regma",
  "rating": 1381,
  "private": 0,
  "password": null
}