{
  "id": "gen9championsvgc2026regma-2585476954",
  "format": "[Gen 9 Champions] VGC 2026 Reg M-A",
  "players": [
    "Law_NBD",
    "Funnyfellow474"
  ],
  "log": "|j|\u2606Law_NBD\n|j|\u2606Funnyfellow474\n|t:|1776349985\n|gametype|doubles\n|player|p1|Law_NBD|1|1137\n|player|p2|Funnyfellow474|hilda|1057\n|gen|9\n|tier|[Gen 9 Champions] VGC 2026 Reg M-A\n|rated|\n|rule|Species Clause: Limit one of each Pok\u00e9mon\n|rule|Item Clause: Limit 1 of each item\n|clearpoke\n|poke|p1|Scovillain, L50, F|\n|poke|p1|Milotic, L50, M|\n|poke|p1|Espathra, L50, F|\n|poke|p1|Sinistcha, L50|\n|poke|p1|Incineroar, L50, F|\n|poke|p1|Clefable, L50, F|\n|poke|p2|Meganium, L50, M|\n|poke|p2|Dragonite, L50, F|\n|poke|p2|Incineroar, L50, F|\n|poke|p2|Farigiraf, L50, M|\n|poke|p2|Gallade, L50, M|\n|poke|p2|Pelipper, L50, M|\n|teampreview|4\n|inactive|Battle timer is ON: inactive players will automatically lose when time's up. (requested by Funnyfellow474)\n|inactive|Funnyfellow474 has 60 seconds left.\n|\n|t:|1776350041\n|teamsize|p1|4\n|teamsize|p2|4\n|start\n|switch|p1a: Espathra|Espathra, L50, F|100/100\n|switch|p1b: Incineroar|Incineroar, L50, F|100/100\n|switch|p2a: Meganium|Meganium, L50, M|100/100\n|switch|p2b: Farigiraf|Farigiraf, L50, M|100/100\n|-ability|p1b: Incineroar|Intimidate|boost\n|-unboost|p2a: Meganium|atk|1\n|-unboost|p2b: Farigiraf|atk|1\n|turn|1\n|\n|t:|1776350057\n|detailschange|p2a: Meganium|Meganium-Mega, L50, M\n|-mega|p2a: Meganium|Meganium|Meganiumite\n|move|p1a: Espathra|Protect|p1a: Espathra\n|-singleturn|p1a: Espathra|Protect\n|move|p2a: Meganium|Earth Power|p1b: Incineroar\n|-supereffective|p1b: Incineroar|1\n|-damage|p1b: Incineroar|28/100\n|-enditem|p1b: Incineroar|Sitrus Berry|[eat]\n|-heal|p1b: Incineroar|53/100|[from] item: Sitrus Berry\n|move|p1b: Incineroar|Parting Shot|p2a: Meganium\n|-unboost|p2a: Meganium|atk|1\n|-unboost|p2a: Meganium|spa|1\n|\n|t:|1776350072\n|switch|p1b: Scovillain|Scovillain, L50, F|100/100|[from] Parting Shot\n|move|p2b: Farigiraf|Trick Room|p2b: Farigiraf\n|-fieldstart|move: Trick Room|[of] p2b: Farigiraf\n|\n|-ability|p1a: Espathra|Speed Boost|boost\n|-boost|p1a: Espathra|spe|1\n|upkeep\n|turn|2\n|\n|t:|1776350088\n|switch|p2a: Pelipper|Pelipper, L50, M|100/100\n|-weather|RainDance|[from] ability: Drizzle|[of] p2a: Pelipper\n|detailschange|p1b: Scovillain|Scovillain-Mega, L50, F\n|-mega|p1b: Scovillain|Scovillain|Scovillainite\n|move|p1b: Scovillain|Rage Powder|p1b: Scovillain\n|-singleturn|p1b: Scovillain|move: Rage Powder\n|move|p2b: Farigiraf|Thunder|p1b: Scovillain\n|-resisted|p1b: Scovillain|1\n|-damage|p1b: Scovillain|87/100\n|-status|p2b: Farigiraf|brn|[from] ability: Spicy Spray|[of] p1b: Scovillain\n|move|p1a: Espathra|Calm Mind|p1a: Espathra\n|-boost|p1a: Espathra|spa|1\n|-boost|p1a: Espathra|spd|1\n|\n|-weather|RainDance|[upkeep]\n|-damage|p2b: Farigiraf|94/100 brn|[from] brn\n|-ability|p1a: Espathra|Speed Boost|boost\n|-boost|p1a: Espathra|spe|1\n|upkeep\n|turn|3\n|inactive|Funnyfellow474 has 30 seconds left.\n|\n|t:|1776350120\n|move|p1b: Scovillain|Rage Powder|p1b: Scovillain\n|-singleturn|p1b: Scovillain|move: Rage Powder\n|move|p2b: Farigiraf|Thunder|p1b: Scovillain\n|-resisted|p1b: Scovillain|1\n|-damage|p1b: Scovillain|73/100\n|move|p2a: Pelipper|Weather Ball|p1b: Scovillain\n|-damage|p1b: Scovillain|23/100\n|-status|p2a: Pelipper|brn|[from] ability: Spicy Spray|[of] p1b: Scovillain\n|move|p1a: Espathra|Calm Mind|p1a: Espathra\n|-boost|p1a: Espathra|spa|1\n|-boost|p1a: Espathra|spd|1\n|\n|-weather|RainDance|[upkeep]\n|-damage|p2b: Farigiraf|88/100 brn|[from] brn\n|-damage|p2a: Pelipper|95/100 brn|[from] brn\n|-ability|p1a: Espathra|Speed Boost|boost\n|-boost|p1a: Espathra|spe|1\n|upkeep\n|turn|4\n|\n|t:|1776350143\n|move|p1b: Scovillain|Protect|p1b: Scovillain\n|-singleturn|p1b: Scovillain|Protect\n|move|p1a: Espathra|Protect|p1a: Espathra\n|-singleturn|p1a: Espathra|Protect\n|move|p2b: Farigiraf|Ally Switch|p2b: Farigiraf\n|swap|p2b: Farigiraf|0|[from] move: Ally Switch\n|move|p2b: Pelipper|Weather Ball|p1b: Scovillain\n|-activate|p1b: Scovillain|move: Protect\n|\n|-weather|RainDance|[upkeep]\n|-damage|p2a: Farigiraf|82/100 brn|[from] brn\n|-damage|p2b: Pelipper|89/100 brn|[from] brn\n|-ability|p1a: Espathra|Speed Boost|boost\n|-boost|p1a: Espathra|spe|1\n|upkeep\n|turn|5\n|\n|t:|1776350165\n|switch|p2a: Meganium|Meganium-Mega, L50, M|100/100\n|switch|p1b: Incineroar|Incineroar, L50, F|53/100\n|-ability|p1b: Incineroar|Intimidate|boost\n|-unboost|p2a: Meganium|atk|1\n|-unboost|p2b: Pelipper|atk|1\n|move|p2b: Pelipper|Weather Ball|p1b: Incineroar\n|-supereffective|p1b: Incineroar|1\n|-crit|p1b: Incineroar\n|-damage|p1b: Incineroar|0 fnt\n|faint|p1b: Incineroar\n|move|p1a: Espathra|Baton Pass|p1a: Espathra\n|\n|t:|1776350175\n|switch|p1a: Scovillain|Scovillain-Mega, L50, F|23/100|[from] Baton Pass\n|\n|-weather|RainDance|[upkeep]\n|-damage|p2b: Pelipper|83/100 brn|[from] brn\n|-fieldend|move: Trick Room\n|upkeep\n|\n|t:|1776350185\n|switch|p1b: Espathra|Espathra, L50, F|100/100\n|turn|6\n|\n|t:|1776350200\n|move|p2b: Pelipper|Wide Guard|p2b: Pelipper\n|-singleturn|p2b: Pelipper|Wide Guard\n|move|p1a: Scovillain|Giga Drain|p2b: Pelipper\n|-damage|p2b: Pelipper|0 fnt\n|-heal|p1a: Scovillain|63/100|[from] drain|[of] p2b: Pelipper\n|faint|p2b: Pelipper\n|move|p1b: Espathra|Calm Mind|p1b: Espathra\n|-boost|p1b: Espathra|spa|1\n|-boost|p1b: Espathra|spd|1\n|move|p2a: Meganium|Earth Power|p1a: Scovillain\n|-damage|p1a: Scovillain|46/100\n|-unboost|p1a: Scovillain|spd|1\n|-status|p2a: Meganium|brn|[from] ability: Spicy Spray|[of] p1a: Scovillain\n|\n|-weather|none\n|-damage|p2a: Meganium|95/100 brn|[from] brn\n|-ability|p1b: Espathra|Speed Boost|boost\n|-boost|p1b: Espathra|spe|1\n|upkeep\n|\n|t:|1776350213\n|switch|p2b: Farigiraf|Farigiraf, L50, M|82/100 brn\n|turn|7\n|\n|t:|1776350224\n|switch|p2a: Gallade|Gallade, L50, M|100/100\n|move|p1a: Scovillain|Giga Drain|p2b: Farigiraf\n|-damage|p2b: Farigiraf|31/100 brn\n|-heal|p1a: Scovillain|80/100|[from] drain|[of] p2b: Farigiraf\n|-enditem|p2b: Farigiraf|Sitrus Berry|[eat]\n|-heal|p2b: Farigiraf|56/100 brn|[from] item: Sitrus Berry\n|move|p1b: Espathra|Calm Mind|p1b: Espathra\n|-boost|p1b: Espathra|spa|1\n|-boost|p1b: Espathra|spd|1\n|move|p2b: Farigiraf|Trick Room|p2b: Farigiraf\n|-fieldstart|move: Trick Room|[of] p2b: Farigiraf\n|\n|-damage|p2b: Farigiraf|50/100 brn|[from] brn\n|-ability|p1b: Espathra|Speed Boost|boost\n|-boost|p1b: Espathra|spe|1\n|upkeep\n|turn|8\n|\n|t:|1776350246\n|move|p2b: Farigiraf|Thunder|p1b: Espathra\n|-damage|p1b: Espathra|85/100\n|move|p2a: Gallade|Poison Jab|p1a: Scovillain\n|-supereffective|p1a: Scovillain|1\n|-damage|p1a: Scovillain|35/100\n|-status|p2a: Gallade|brn|[from] ability: Spicy Spray|[of] p1a: Scovillain\n|move|p1b: Espathra|Calm Mind|p1b: Espathra\n|-boost|p1b: Espathra|spa|1\n|-boost|p1b: Espathra|spd|1\n|move|p1a: Scovillain|Giga Drain|p2a: Gallade\n|-damage|p2a: Gallade|42/100 brn\n|-heal|p1a: Scovillain|64/100|[from] drain|[of] p2a: Gallade\n|\n|-damage|p2b: Farigiraf|44/100 brn|[from] brn\n|-damage|p2a: Gallade|36/100 brn|[from] brn\n|-ability|p1b: Espathra|Speed Boost|boost\n|-boost|p1b: Espathra|spe|1\n|upkeep\n|turn|9\n|-message|Funnyfellow474 forfeited.\n|\n|win|Law_NBD\n|raw|Law_NBD's rating: 1137 &rarr; <strong>1156</strong><br />(+19 for winning)\n|raw|Funnyfellow474's rating: 1057 &rarr; <strong>1043</strong><br />(-14 for losing)\n|l|\u2606Funnyfellow474\n|player|p2|\n",
  "uploadtime": 1776350268,
  "views": 33,
  "formatid": "gen9championsvgc2026regma",
  "rating": 1043,
  "private": 0,
  "password": null
}