{
  "id": "gen9championsvgc2026regma-2580570991",
  "format": "[Gen 9 Champions] VGC 2026 Reg M-A",
  "players": [
    "popercoin 1",
    "WhiteBoySharia"
  ],
  "log": "|j|\u2606popercoin 1\n|j|\u2606WhiteBoySharia\n|t:|1775914041\n|gametype|doubles\n|player|p1|popercoin 1|volkner|1121\n|player|p2|WhiteBoySharia|kieran|1066\n|gen|9\n|tier|[Gen 9 Champions] VGC 2026 Reg M-A\n|rated|\n|rule|Species Clause: Limit one of each Pok\u00e9mon\n|rule|Item Clause: Limit 1 of each item\n|clearpoke\n|poke|p1|Charizard, L50, M|\n|poke|p1|Rotom-Wash, L50|\n|poke|p1|Garchomp, L50, M|\n|poke|p1|Incineroar, L50, F|\n|poke|p1|Whimsicott, L50, F|\n|poke|p1|Sneasler, L50, M|\n|poke|p2|Floette-Eternal, L50, F|\n|poke|p2|Archaludon, L50, M|\n|poke|p2|Whimsicott, L50, F|\n|poke|p2|Incineroar, L50, M|\n|poke|p2|Palafin, L50, M|\n|poke|p2|Sneasler, L50, F|\n|teampreview|4\n|inactive|Battle timer is ON: inactive players will automatically lose when time's up. (requested by WhiteBoySharia)\n|\n|t:|1775914069\n|teamsize|p1|4\n|teamsize|p2|4\n|start\n|switch|p1a: Charizard|Charizard, L50, M, shiny|100/100\n|switch|p1b: Whimsicott|Whimsicott, L50, F|100/100\n|switch|p2a: Whimsicott|Whimsicott, L50, F, shiny|100/100\n|switch|p2b: Palafin|Palafin, L50, M|100/100\n|turn|1\n|\n|t:|1775914087\n|detailschange|p1a: Charizard|Charizard-Mega-Y, L50, M, shiny\n|-mega|p1a: Charizard|Charizard|Charizardite Y\n|-weather|SunnyDay|[from] ability: Drought|[of] p1a: Charizard\n|move|p1b: Whimsicott|Tailwind|p1b: Whimsicott\n|-sidestart|p1: popercoin 1|move: Tailwind\n|move|p2a: Whimsicott|Tailwind|p2a: Whimsicott\n|-sidestart|p2: WhiteBoySharia|move: Tailwind\n|move|p2b: Palafin|Flip Turn|p1b: Whimsicott\n|-resisted|p1b: Whimsicott|1\n|-damage|p1b: Whimsicott|92/100\n|\n|t:|1775914097\n|detailschange|p2b: Palafin|Palafin-Hero, L50, M\n|switch|p2b: Incineroar|Incineroar, L50, M|100/100|[from] Flip Turn\n|-ability|p2b: Incineroar|Intimidate|boost\n|-unboost|p1a: Charizard|atk|1\n|-unboost|p1b: Whimsicott|atk|1\n|move|p1a: Charizard|Solar Beam||[still]\n|-prepare|p1a: Charizard|Solar Beam\n|-anim|p1a: Charizard|Solar Beam|p2b: Incineroar\n|-resisted|p2b: Incineroar|1\n|-damage|p2b: Incineroar|79/100\n|\n|-weather|SunnyDay|[upkeep]\n|upkeep\n|turn|2\n|\n|t:|1775914112\n|move|p1a: Charizard|Protect|p1a: Charizard\n|-singleturn|p1a: Charizard|Protect\n|move|p2a: Whimsicott|Encore|p1a: Charizard\n|-activate|p1a: Charizard|move: Protect\n|move|p1b: Whimsicott|Moonblast|p2b: Incineroar\n|-damage|p2b: Incineroar|42/100\n|-enditem|p2b: Incineroar|Sitrus Berry|[eat]\n|-heal|p2b: Incineroar|66/100|[from] item: Sitrus Berry\n|move|p2b: Incineroar|Flare Blitz|p1b: Whimsicott\n|-supereffective|p1b: Whimsicott|1\n|-damage|p1b: Whimsicott|0 fnt\n|faint|p1b: Whimsicott\n|-damage|p2b: Incineroar|46/100|[from] Recoil\n|\n|-weather|SunnyDay|[upkeep]\n|upkeep\n|\n|t:|1775914129\n|switch|p1b: Garchomp|Garchomp, L50, M|100/100\n|turn|3\n|\n|t:|1775914143\n|switch|p2b: Palafin|Palafin-Hero, L50, M|100/100\n|-activate|p2b: Palafin|ability: Zero to Hero\n|move|p2a: Whimsicott|Encore|p1a: Charizard\n|-start|p1a: Charizard|Encore\n|move|p1a: Charizard|Protect||[still]\n|-fail|p1a: Charizard\n|move|p1b: Garchomp|Earthquake|p2b: Palafin|[spread] p2a,p2b\n|-immune|p1a: Charizard\n|-resisted|p2a: Whimsicott|1\n|-damage|p2a: Whimsicott|77/100\n|-damage|p2b: Palafin|54/100\n|\n|-weather|SunnyDay|[upkeep]\n|upkeep\n|turn|4\n|\n|t:|1775914168\n|switch|p1a: Rotom|Rotom-Wash, L50|100/100\n|move|p1b: Garchomp|Earthquake|p2a: Whimsicott|[spread] p2a,p2b\n|-immune|p1a: Rotom|[from] ability: Levitate\n|-resisted|p2a: Whimsicott|1\n|-damage|p2a: Whimsicott|56/100\n|-damage|p2b: Palafin|6/100\n|move|p2b: Palafin|Wave Crash|p1a: Rotom\n|-resisted|p1a: Rotom|1\n|-damage|p1a: Rotom|78/100\n|-damage|p2b: Palafin|0 fnt|[from] Recoil\n|faint|p2b: Palafin\n|move|p2a: Whimsicott|Moonblast|p1b: Garchomp\n|-supereffective|p1b: Garchomp|1\n|-damage|p1b: Garchomp|37/100\n|\n|-weather|SunnyDay|[upkeep]\n|-heal|p1a: Rotom|83/100|[from] item: Leftovers\n|-sideend|p1: popercoin 1|move: Tailwind\n|-sideend|p2: WhiteBoySharia|move: Tailwind\n|upkeep\n|\n|t:|1775914186\n|switch|p2b: Floette|Floette-Eternal, L50, F|100/100\n|turn|5\n|\n|t:|1775914197\n|detailschange|p2b: Floette|Floette-Mega, L50, F\n|-mega|p2b: Floette|Floette|Floettite\n|-ability|p2b: Floette|Fairy Aura\n|move|p1a: Rotom|Protect|p1a: Rotom\n|-singleturn|p1a: Rotom|Protect\n|move|p2a: Whimsicott|Tailwind|p2a: Whimsicott\n|-sidestart|p2: WhiteBoySharia|move: Tailwind\n|move|p2b: Floette|Dazzling Gleam|p1a: Rotom|[spread] p1b\n|-activate|p1a: Rotom|move: Protect\n|-supereffective|p1b: Garchomp|1\n|-damage|p1b: Garchomp|0 fnt\n|faint|p1b: Garchomp\n|\n|-weather|none\n|-heal|p1a: Rotom|89/100|[from] item: Leftovers\n|upkeep\n|\n|t:|1775914213\n|switch|p1b: Charizard|Charizard-Mega-Y, L50, M, shiny|100/100\n|-weather|SunnyDay|[from] ability: Drought|[of] p1b: Charizard\n|turn|6\n|\n|t:|1775914224\n|move|p2a: Whimsicott|Encore|p1a: Rotom\n|-start|p1a: Rotom|Encore\n|move|p1a: Rotom|Protect|p1a: Rotom\n|-singleturn|p1a: Rotom|Protect\n|move|p2b: Floette|Dazzling Gleam|p1a: Rotom|[spread] p1b\n|-activate|p1a: Rotom|move: Protect\n|-resisted|p1b: Charizard|1\n|-damage|p1b: Charizard|78/100\n|move|p1b: Charizard|Weather Ball|p2b: Floette\n|-damage|p2b: Floette|20/100\n|\n|-weather|SunnyDay|[upkeep]\n|-heal|p1a: Rotom|95/100|[from] item: Leftovers\n|upkeep\n|turn|7\n|\n|t:|1775914246\n|move|p1a: Rotom|Protect|p1a: Rotom\n|-singleturn|p1a: Rotom|Protect\n|move|p2b: Floette|Dazzling Gleam|p1a: Rotom|[spread] p1b\n|-activate|p1a: Rotom|move: Protect\n|-resisted|p1b: Charizard|1\n|-damage|p1b: Charizard|59/100\n|move|p2a: Whimsicott|Moonblast|p1a: Rotom\n|-activate|p1a: Rotom|move: Protect\n|move|p1b: Charizard|Weather Ball|p2b: Floette\n|-damage|p2b: Floette|0 fnt\n|faint|p2b: Floette\n|\n|-weather|SunnyDay|[upkeep]\n|-heal|p1a: Rotom|100/100|[from] item: Leftovers\n|upkeep\n|\n|t:|1775914251\n|switch|p2b: Incineroar|Incineroar, L50, M|46/100\n|-ability|p2b: Incineroar|Intimidate|boost\n|-unboost|p1a: Rotom|atk|1\n|-unboost|p1b: Charizard|atk|1\n|turn|8\n|\n|t:|1775914270\n|move|p1a: Rotom|Protect||[still]\n|-fail|p1a: Rotom\n|move|p2a: Whimsicott|Moonblast|p1b: Charizard\n|-resisted|p1b: Charizard|1\n|-damage|p1b: Charizard|46/100\n|move|p2b: Incineroar|Darkest Lariat|p1b: Charizard\n|-damage|p1b: Charizard|0 fnt\n|faint|p1b: Charizard\n|\n|-weather|SunnyDay|[upkeep]\n|-end|p1a: Rotom|Encore\n|-sideend|p2: WhiteBoySharia|move: Tailwind\n|upkeep\n|turn|9\n|\n|t:|1775914287\n|move|p2a: Whimsicott|Encore|p1a: Rotom\n|-start|p1a: Rotom|Encore\n|move|p1a: Rotom|Protect|p1a: Rotom\n|-singleturn|p1a: Rotom|Protect\n|move|p2b: Incineroar|Darkest Lariat|p1a: Rotom\n|-activate|p1a: Rotom|move: Protect\n|\n|-weather|SunnyDay|[upkeep]\n|upkeep\n|turn|10\n|\n|t:|1775914297\n|move|p1a: Rotom|Protect|p1a: Rotom\n|-singleturn|p1a: Rotom|Protect\n|move|p2a: Whimsicott|Moonblast|p1a: Rotom\n|-activate|p1a: Rotom|move: Protect\n|move|p2b: Incineroar|Darkest Lariat|p1a: Rotom\n|-activate|p1a: Rotom|move: Protect\n|\n|-weather|none\n|upkeep\n|turn|11\n|\n|t:|1775914308\n|move|p1a: Rotom|Protect||[still]\n|-fail|p1a: Rotom\n|move|p2a: Whimsicott|Moonblast|p1a: Rotom\n|-damage|p1a: Rotom|72/100\n|move|p2b: Incineroar|Darkest Lariat|p1a: Rotom\n|-damage|p1a: Rotom|20/100\n|\n|-heal|p1a: Rotom|25/100|[from] item: Leftovers\n|-end|p1a: Rotom|Encore\n|upkeep\n|turn|12\n|\n|t:|1775914320\n|move|p2a: Whimsicott|Encore|p1a: Rotom\n|-start|p1a: Rotom|Encore\n|move|p1a: Rotom|Protect|p1a: Rotom\n|-singleturn|p1a: Rotom|Protect\n|move|p2b: Incineroar|Darkest Lariat|p1a: Rotom\n|-activate|p1a: Rotom|move: Protect\n|\n|-heal|p1a: Rotom|31/100|[from] item: Leftovers\n|-end|p1a: Rotom|Encore\n|upkeep\n|turn|13\n|\n|t:|1775914332\n|move|p2a: Whimsicott|Tailwind|p2a: Whimsicott\n|-sidestart|p2: WhiteBoySharia|move: Tailwind\n|move|p2b: Incineroar|Darkest Lariat|p1a: Rotom\n|-damage|p1a: Rotom|0 fnt\n|faint|p1a: Rotom\n|\n|win|WhiteBoySharia\n|raw|popercoin 1's rating: 1121 &rarr; <strong>1092</strong><br />(-29 for losing)\n|raw|WhiteBoySharia's rating: 1066 &rarr; <strong>1101</strong><br />(+35 for winning)\n|l|\u2606popercoin 1\n|player|p1|\n",
  "uploadtime": 1775914342,
  "views": 10,
  "formatid": "gen9championsvgc2026regma",
  "rating": 1092,
  "private": 0,
  "password": null
}