{
  "id": "gen9championsvgc2026regma-2581529085",
  "format": "[Gen 9 Champions] VGC 2026 Reg M-A",
  "players": [
    "HailHydra257",
    "Nero Seidjinn"
  ],
  "log": "|j|\u2606HailHydra257\n|j|\u2606Nero Seidjinn\n|t:|1776008490\n|gametype|doubles\n|player|p1|HailHydra257|266|1080\n|player|p2|Nero Seidjinn|dawn|1110\n|gen|9\n|tier|[Gen 9 Champions] VGC 2026 Reg M-A\n|rated|\n|rule|Species Clause: Limit one of each Pok\u00e9mon\n|rule|Item Clause: Limit 1 of each item\n|clearpoke\n|poke|p1|Delphox, L50, F|\n|poke|p1|Meowstic, L50, M|\n|poke|p1|Incineroar, L50, M|\n|poke|p1|Torkoal, L50, M|\n|poke|p1|Tyranitar, L50, M|\n|poke|p1|Garchomp, L50, M|\n|poke|p2|Excadrill, L50, M|\n|poke|p2|Sinistcha-Masterpiece, L50|\n|poke|p2|Gyarados, L50, F|\n|poke|p2|Garchomp, L50, M|\n|poke|p2|Corviknight, L50, F|\n|poke|p2|Tyranitar, L50, F|\n|teampreview|4\n|\n|t:|1776008527\n|teamsize|p1|4\n|teamsize|p2|4\n|start\n|switch|p1a: Meowstic|Meowstic, L50, M|100/100\n|switch|p1b: Incineroar|Incineroar, L50, M|100/100\n|switch|p2a: Tyranitar|Tyranitar, L50, F, shiny|100/100\n|switch|p2b: Gyarados|Gyarados, L50, F|100/100\n|-ability|p1b: Incineroar|Intimidate|boost\n|-unboost|p2a: Tyranitar|atk|1\n|-unboost|p2b: Gyarados|atk|1\n|-ability|p2b: Gyarados|Intimidate|boost\n|-unboost|p1a: Meowstic|atk|1\n|-unboost|p1b: Incineroar|atk|1\n|-weather|Sandstorm|[from] ability: Sand Stream|[of] p2a: Tyranitar\n|turn|1\n|\n|t:|1776008548\n|move|p1b: Incineroar|Fake Out|p2b: Gyarados\n|-damage|p2b: Gyarados|90/100\n|move|p1a: Meowstic|Psychic Terrain|p1a: Meowstic\n|-fieldstart|move: Psychic Terrain\n|cant|p2b: Gyarados|flinch\n|move|p2a: Tyranitar|Rock Slide|p1b: Incineroar|[spread] p1a,p1b\n|-supereffective|p1b: Incineroar|1\n|-damage|p1a: Meowstic|74/100\n|-damage|p1b: Incineroar|55/100\n|\n|-weather|Sandstorm|[upkeep]\n|-damage|p1a: Meowstic|68/100|[from] Sandstorm\n|-damage|p1b: Incineroar|49/100|[from] Sandstorm\n|-damage|p2b: Gyarados|84/100|[from] Sandstorm\n|upkeep\n|turn|2\n|\n|t:|1776008574\n|move|p1a: Meowstic|Protect|p1a: Meowstic\n|-singleturn|p1a: Meowstic|Protect\n|move|p1b: Incineroar|Parting Shot|p2b: Gyarados\n|-unboost|p2b: Gyarados|atk|1\n|-unboost|p2b: Gyarados|spa|1\n|\n|t:|1776008583\n|switch|p1b: Delphox|Delphox, L50, F, shiny|100/100|[from] Parting Shot\n|move|p2b: Gyarados|Waterfall|p1b: Delphox\n|-supereffective|p1b: Delphox|1\n|-damage|p1b: Delphox|25/100\n|move|p2a: Tyranitar|Knock Off|p1a: Meowstic\n|-activate|p1a: Meowstic|move: Protect\n|\n|-weather|Sandstorm|[upkeep]\n|-damage|p1b: Delphox|20/100|[from] Sandstorm\n|-damage|p1a: Meowstic|62/100|[from] Sandstorm\n|-damage|p2b: Gyarados|78/100|[from] Sandstorm\n|upkeep\n|turn|3\n|\n|t:|1776008606\n|detailschange|p1b: Delphox|Delphox-Mega, L50, F, shiny\n|-mega|p1b: Delphox|Delphox|Delphoxite\n|move|p1a: Meowstic|Gravity|p1a: Meowstic\n|-fieldstart|move: Gravity\n|move|p1b: Delphox|Expanding Force|p2b: Gyarados|[spread] p2b\n|-immune|p2a: Tyranitar\n|-damage|p2b: Gyarados|10/100\n|move|p2b: Gyarados|Waterfall|p1b: Delphox\n|-supereffective|p1b: Delphox|1\n|-damage|p1b: Delphox|0 fnt\n|faint|p1b: Delphox\n|move|p2a: Tyranitar|Rock Slide|p1a: Meowstic\n|-damage|p1a: Meowstic|27/100\n|\n|-weather|Sandstorm|[upkeep]\n|-damage|p1a: Meowstic|21/100|[from] Sandstorm\n|-damage|p2b: Gyarados|4/100|[from] Sandstorm\n|upkeep\n|\n|t:|1776008620\n|switch|p1b: Torkoal|Torkoal, L50, M|100/100\n|-weather|SunnyDay|[from] ability: Drought|[of] p1b: Torkoal\n|turn|4\n|\n|t:|1776008639\n|detailschange|p2a: Tyranitar|Tyranitar-Mega, L50, F, shiny\n|-mega|p2a: Tyranitar|Tyranitar|Tyranitarite\n|-weather|Sandstorm|[from] ability: Sand Stream|[of] p2a: Tyranitar\n|move|p2b: Gyarados|Protect|p2b: Gyarados\n|-singleturn|p2b: Gyarados|Protect\n|move|p1a: Meowstic|Expanding Force|p2b: Gyarados|[spread] \n|-activate|p2b: Gyarados|move: Protect\n|-immune|p2a: Tyranitar\n|move|p2a: Tyranitar|Rock Slide|p1a: Meowstic|[spread] p1a,p1b\n|-supereffective|p1b: Torkoal|1\n|-damage|p1a: Meowstic|0 fnt\n|-damage|p1b: Torkoal|62/100\n|faint|p1a: Meowstic\n|cant|p1b: Torkoal|flinch\n|\n|-weather|Sandstorm|[upkeep]\n|-damage|p2b: Gyarados|0 fnt|[from] Sandstorm\n|-damage|p1b: Torkoal|56/100|[from] Sandstorm\n|faint|p2b: Gyarados\n|upkeep\n|\n|t:|1776008656\n|switch|p1a: Incineroar|Incineroar, L50, M|49/100\n|switch|p2b: Excadrill|Excadrill, L50, M|100/100\n|-ability|p1a: Incineroar|Intimidate|boost\n|-unboost|p2a: Tyranitar|atk|1\n|-unboost|p2b: Excadrill|atk|1\n|turn|5\n|\n|t:|1776008671\n|move|p1a: Incineroar|Fake Out|p2a: Tyranitar\n|-activate|p2a: Tyranitar|move: Psychic Terrain\n|move|p2b: Excadrill|Rock Slide|p1a: Incineroar|[spread] p1a,p1b\n|-supereffective|p1a: Incineroar|1\n|-supereffective|p1b: Torkoal|1\n|-damage|p1a: Incineroar|18/100\n|-damage|p1b: Torkoal|31/100\n|move|p2a: Tyranitar|Rock Slide|p1a: Incineroar|[spread] p1a,p1b\n|-supereffective|p1a: Incineroar|1\n|-supereffective|p1b: Torkoal|1\n|-damage|p1a: Incineroar|0 fnt\n|-damage|p1b: Torkoal|0 fnt\n|faint|p1a: Incineroar\n|faint|p1b: Torkoal\n|\n|win|Nero Seidjinn\n|raw|HailHydra257's rating: 1080 &rarr; <strong>1060</strong><br />(-20 for losing)\n|raw|Nero Seidjinn's rating: 1110 &rarr; <strong>1133</strong><br />(+23 for winning)\n|l|\u2606HailHydra257\n|player|p1|\n",
  "uploadtime": 1776008687,
  "views": 20,
  "formatid": "gen9championsvgc2026regma",
  "rating": 1060,
  "private": 0,
  "password": null
}