{
  "id": "gen9championsvgc2026regma-2581251935",
  "format": "[Gen 9 Champions] VGC 2026 Reg M-A",
  "players": [
    "m2000",
    "BlackWu"
  ],
  "log": "|j|\u2606m2000\n|j|\u2606BlackWu\n|t:|1775976543\n|gametype|doubles\n|player|p1|m2000|waiter-gen4|1091\n|player|p2|BlackWu|2|1130\n|gen|9\n|tier|[Gen 9 Champions] VGC 2026 Reg M-A\n|rated|\n|rule|Species Clause: Limit one of each Pok\u00e9mon\n|rule|Item Clause: Limit 1 of each item\n|clearpoke\n|poke|p1|Clefable, L50, F|\n|poke|p1|Aegislash, L50, F|\n|poke|p1|Drampa, L50, M|\n|poke|p1|Sinistcha-Masterpiece, L50|\n|poke|p1|Liepard, L50, F|\n|poke|p1|Incineroar, L50, F|\n|poke|p2|Tyranitar, L50, F|\n|poke|p2|Gyarados, L50, M|\n|poke|p2|Sneasler, L50, F|\n|poke|p2|Goodra-Hisui, L50, M|\n|poke|p2|Sinistcha, L50|\n|poke|p2|Farigiraf, L50, F|\n|teampreview|4\n|\n|t:|1775976608\n|teamsize|p1|4\n|teamsize|p2|4\n|start\n|switch|p1a: Sinistcha|Sinistcha-Masterpiece, L50|100/100\n|switch|p1b: Incineroar|Incineroar, L50, F|100/100\n|switch|p2a: Goodra|Goodra-Hisui, L50, M|100/100\n|switch|p2b: Farigiraf|Farigiraf, L50, F|100/100\n|-ability|p1b: Incineroar|Intimidate|boost\n|-unboost|p2a: Goodra|atk|1\n|-unboost|p2b: Farigiraf|atk|1\n|turn|1\n|\n|t:|1775976632\n|switch|p2b: Tyranitar|Tyranitar, L50, F|100/100\n|-weather|Sandstorm|[from] ability: Sand Stream|[of] p2b: Tyranitar\n|move|p1b: Incineroar|Darkest Lariat|p2a: Goodra\n|-damage|p2a: Goodra|72/100\n|move|p1a: Sinistcha|Calm Mind|p1a: Sinistcha\n|-boost|p1a: Sinistcha|spa|1\n|-boost|p1a: Sinistcha|spd|1\n|move|p2a: Goodra|Shelter|p2a: Goodra\n|-boost|p2a: Goodra|def|2\n|\n|-weather|Sandstorm|[upkeep]\n|-damage|p1b: Incineroar|94/100|[from] Sandstorm\n|-damage|p1a: Sinistcha|94/100|[from] Sandstorm\n|-heal|p1a: Sinistcha|100/100|[from] item: Leftovers\n|-heal|p2a: Goodra|78/100|[from] item: Leftovers\n|upkeep\n|turn|2\n|\n|t:|1775976651\n|move|p2b: Tyranitar|Protect|p2b: Tyranitar\n|-singleturn|p2b: Tyranitar|Protect\n|move|p1b: Incineroar|Parting Shot|p2b: Tyranitar\n|-activate|p2b: Tyranitar|move: Protect\n|move|p1a: Sinistcha|Strength Sap|p2b: Tyranitar\n|-activate|p2b: Tyranitar|move: Protect\n|move|p2a: Goodra|Body Press|p1b: Incineroar\n|-supereffective|p1b: Incineroar|1\n|-damage|p1b: Incineroar|0 fnt\n|faint|p1b: Incineroar\n|\n|-weather|Sandstorm|[upkeep]\n|-damage|p1a: Sinistcha|94/100|[from] Sandstorm\n|-heal|p1a: Sinistcha|100/100|[from] item: Leftovers\n|-heal|p2a: Goodra|83/100|[from] item: Leftovers\n|upkeep\n|\n|t:|1775976661\n|switch|p1b: Clefable|Clefable, L50, F|100/100\n|turn|3\n|\n|t:|1775976673\n|switch|p2b: Sinistcha|Sinistcha, L50|100/100\n|-heal|p2a: Goodra|100/100|[from] ability: Hospitality|[of] p2b: Sinistcha\n|move|p1b: Clefable|Follow Me|p1b: Clefable\n|-singleturn|p1b: Clefable|move: Follow Me\n|move|p1a: Sinistcha|Calm Mind|p1a: Sinistcha\n|-boost|p1a: Sinistcha|spa|1\n|-boost|p1a: Sinistcha|spd|1\n|move|p2a: Goodra|Shelter|p2a: Goodra\n|-boost|p2a: Goodra|def|2\n|\n|-weather|Sandstorm|[upkeep]\n|-damage|p2b: Sinistcha|94/100|[from] Sandstorm\n|-damage|p1a: Sinistcha|94/100|[from] Sandstorm\n|-heal|p1a: Sinistcha|100/100|[from] item: Leftovers\n|upkeep\n|turn|4\n|\n|t:|1775976701\n|move|p1b: Clefable|Moonblast|p2a: Goodra\n|-damage|p2a: Goodra|76/100\n|-unboost|p2a: Goodra|spa|1\n|move|p2b: Sinistcha|Matcha Gotcha|p1b: Clefable|[spread] p1a,p1b\n|-resisted|p1a: Sinistcha|1\n|-damage|p1a: Sinistcha|93/100\n|-heal|p2b: Sinistcha|98/100|[from] drain|[of] p1a: Sinistcha\n|-damage|p1b: Clefable|76/100\n|-heal|p2b: Sinistcha|100/100|[from] drain|[of] p1b: Clefable\n|move|p1a: Sinistcha|Matcha Gotcha|p2a: Goodra|[spread] p2a,p2b\n|-resisted|p2a: Goodra|2\n|-resisted|p2b: Sinistcha|1\n|-damage|p2a: Goodra|68/100\n|-heal|p1a: Sinistcha|98/100|[from] drain|[of] p2a: Goodra\n|-damage|p2b: Sinistcha|79/100\n|-heal|p1a: Sinistcha|100/100|[from] drain|[of] p2b: Sinistcha\n|move|p2a: Goodra|Body Press|p1b: Clefable\n|-resisted|p1b: Clefable|1\n|-damage|p1b: Clefable|38/100\n|\n|-weather|Sandstorm|[upkeep]\n|-damage|p1a: Sinistcha|94/100|[from] Sandstorm\n|-damage|p2b: Sinistcha|72/100|[from] Sandstorm\n|-heal|p1a: Sinistcha|100/100|[from] item: Leftovers\n|-heal|p2a: Goodra|74/100|[from] item: Leftovers\n|upkeep\n|turn|5\n|\n|t:|1775976731\n|move|p1b: Clefable|Protect|p1b: Clefable\n|-singleturn|p1b: Clefable|Protect\n|move|p2b: Sinistcha|Life Dew|p2b: Sinistcha|[spread] p2a,p2b\n|-heal|p2a: Goodra|99/100\n|-heal|p2b: Sinistcha|98/100\n|move|p1a: Sinistcha|Calm Mind|p1a: Sinistcha\n|-boost|p1a: Sinistcha|spa|1\n|-boost|p1a: Sinistcha|spd|1\n|move|p2a: Goodra|Body Press|p1b: Clefable\n|-activate|p1b: Clefable|move: Protect\n|\n|-weather|none\n|-heal|p2a: Goodra|100/100|[from] item: Leftovers\n|upkeep\n|turn|6\n|\n|t:|1775976741\n|move|p1b: Clefable|Moonblast|p2a: Goodra\n|-damage|p2a: Goodra|78/100\n|move|p1a: Sinistcha|Calm Mind|p1a: Sinistcha\n|-boost|p1a: Sinistcha|spa|1\n|-boost|p1a: Sinistcha|spd|1\n|move|p2b: Sinistcha|Life Dew|p2b: Sinistcha|[spread] p2a,p2b\n|-heal|p2a: Goodra|100/100\n|-heal|p2b: Sinistcha|100/100\n|move|p2a: Goodra|Body Press|p1b: Clefable\n|-resisted|p1b: Clefable|1\n|-damage|p1b: Clefable|0 fnt\n|faint|p1b: Clefable\n|\n|upkeep\n|\n|t:|1775976745\n|switch|p1b: Drampa|Drampa, L50, M|100/100\n|-ability|p1b: Drampa|Cloud Nine\n|turn|7\n|\n|t:|1775976756\n|move|p1b: Drampa|Protect|p1b: Drampa\n|-singleturn|p1b: Drampa|Protect\n|move|p2b: Sinistcha|Matcha Gotcha|p1b: Drampa|[spread] p1a\n|-activate|p1b: Drampa|move: Protect\n|-resisted|p1a: Sinistcha|1\n|-damage|p1a: Sinistcha|96/100\n|move|p1a: Sinistcha|Matcha Gotcha|p2a: Goodra|[spread] p2a\n|-miss|p1a: Sinistcha|p2b: Sinistcha\n|-resisted|p2a: Goodra|2\n|-damage|p2a: Goodra|89/100\n|-heal|p1a: Sinistcha|100/100|[from] drain|[of] p2a: Goodra\n|move|p2a: Goodra|Body Press|p1b: Drampa\n|-activate|p1b: Drampa|move: Protect\n|\n|-heal|p2a: Goodra|95/100|[from] item: Leftovers\n|upkeep\n|turn|8\n|\n|t:|1775976773\n|detailschange|p1b: Drampa|Drampa-Mega, L50, M\n|-mega|p1b: Drampa|Drampa|Drampanite\n|move|p1a: Sinistcha|Calm Mind|p1a: Sinistcha\n|-boost|p1a: Sinistcha|spa|1\n|-boost|p1a: Sinistcha|spd|1\n|move|p2b: Sinistcha|Matcha Gotcha|p1b: Drampa|[spread] p1a,p1b\n|-resisted|p1a: Sinistcha|1\n|-resisted|p1b: Drampa|1\n|-damage|p1a: Sinistcha|96/100\n|-damage|p1b: Drampa|88/100\n|-status|p1a: Sinistcha|brn\n|move|p2a: Goodra|Body Press|p1b: Drampa\n|-supereffective|p1b: Drampa|1\n|-damage|p1b: Drampa|0 fnt\n|faint|p1b: Drampa\n|\n|-heal|p1a: Sinistcha|100/100 brn|[from] item: Leftovers\n|-heal|p2a: Goodra|100/100|[from] item: Leftovers\n|-damage|p1a: Sinistcha|98/100 brn|[from] brn\n|upkeep\n|turn|9\n|\n|t:|1775976795\n|move|p2b: Sinistcha|Matcha Gotcha|p1a: Sinistcha\n|-resisted|p1a: Sinistcha|1\n|-damage|p1a: Sinistcha|91/100 brn\n|move|p1a: Sinistcha|Calm Mind|p1a: Sinistcha\n|-boost|p1a: Sinistcha|spa|1\n|-boost|p1a: Sinistcha|spd|1\n|move|p2a: Goodra|Dragon Pulse|p1a: Sinistcha\n|-damage|p1a: Sinistcha|85/100 brn\n|\n|-heal|p1a: Sinistcha|91/100 brn|[from] item: Leftovers\n|-damage|p1a: Sinistcha|88/100 brn|[from] brn\n|upkeep\n|turn|10\n|\n|t:|1775976799\n|move|p1a: Sinistcha|Matcha Gotcha|p2b: Sinistcha|[spread] p2a\n|-miss|p1a: Sinistcha|p2b: Sinistcha\n|-resisted|p2a: Goodra|2\n|-damage|p2a: Goodra|85/100\n|-heal|p1a: Sinistcha|97/100 brn|[from] drain|[of] p2a: Goodra\n|move|p2b: Sinistcha|Matcha Gotcha|p1a: Sinistcha\n|-resisted|p1a: Sinistcha|1\n|-damage|p1a: Sinistcha|91/100 brn\n|move|p2a: Goodra|Body Press|p1a: Sinistcha\n|-immune|p1a: Sinistcha\n|\n|-heal|p1a: Sinistcha|98/100 brn|[from] item: Leftovers\n|-heal|p2a: Goodra|91/100|[from] item: Leftovers\n|-damage|p1a: Sinistcha|95/100 brn|[from] brn\n|upkeep\n|turn|11\n|\n|t:|1775976807\n|move|p2b: Sinistcha|Matcha Gotcha|p1a: Sinistcha\n|-resisted|p1a: Sinistcha|1\n|-damage|p1a: Sinistcha|90/100 brn\n|move|p1a: Sinistcha|Matcha Gotcha|p2a: Goodra|[spread] p2a,p2b\n|-resisted|p2a: Goodra|2\n|-resisted|p2b: Sinistcha|1\n|-damage|p2a: Goodra|76/100\n|-heal|p1a: Sinistcha|98/100 brn|[from] drain|[of] p2a: Goodra\n|-damage|p2b: Sinistcha|58/100\n|-heal|p1a: Sinistcha|100/100 brn|[from] drain|[of] p2b: Sinistcha\n|-status|p2b: Sinistcha|brn\n|move|p2a: Goodra|Dragon Pulse|p1a: Sinistcha\n|-damage|p1a: Sinistcha|92/100 brn\n|\n|-heal|p1a: Sinistcha|98/100 brn|[from] item: Leftovers\n|-heal|p2a: Goodra|82/100|[from] item: Leftovers\n|-damage|p2b: Sinistcha|52/100 brn|[from] brn\n|-damage|p1a: Sinistcha|95/100 brn|[from] brn\n|upkeep\n|turn|12\n|\n|t:|1775976818\n|move|p2b: Sinistcha|Matcha Gotcha|p1a: Sinistcha\n|-resisted|p1a: Sinistcha|1\n|-damage|p1a: Sinistcha|90/100 brn\n|-heal|p2b: Sinistcha|55/100 brn|[from] drain|[of] p1a: Sinistcha\n|move|p1a: Sinistcha|Matcha Gotcha|p2a: Goodra|[spread] p2a,p2b\n|-resisted|p2a: Goodra|2\n|-resisted|p2b: Sinistcha|1\n|-damage|p2a: Goodra|67/100\n|-heal|p1a: Sinistcha|98/100 brn|[from] drain|[of] p2a: Goodra\n|-damage|p2b: Sinistcha|13/100 brn\n|-heal|p1a: Sinistcha|100/100 brn|[from] drain|[of] p2b: Sinistcha\n|move|p2a: Goodra|Dragon Pulse|p1a: Sinistcha\n|-damage|p1a: Sinistcha|93/100 brn\n|\n|-heal|p1a: Sinistcha|99/100 brn|[from] item: Leftovers\n|-heal|p2a: Goodra|73/100|[from] item: Leftovers\n|-damage|p2b: Sinistcha|7/100 brn|[from] brn\n|-damage|p1a: Sinistcha|97/100 brn|[from] brn\n|upkeep\n|turn|13\n|\n|t:|1775976824\n|move|p1a: Sinistcha|Matcha Gotcha|p2a: Goodra|[spread] p2b\n|-miss|p1a: Sinistcha|p2a: Goodra\n|-resisted|p2b: Sinistcha|1\n|-damage|p2b: Sinistcha|0 fnt\n|-heal|p1a: Sinistcha|99/100 brn|[from] drain|[of] p2b: Sinistcha\n|faint|p2b: Sinistcha\n|move|p2a: Goodra|Dragon Pulse|p1a: Sinistcha\n|-damage|p1a: Sinistcha|93/100 brn\n|\n|-heal|p1a: Sinistcha|99/100 brn|[from] item: Leftovers\n|-heal|p2a: Goodra|79/100|[from] item: Leftovers\n|-damage|p1a: Sinistcha|97/100 brn|[from] brn\n|upkeep\n|\n|t:|1775976827\n|switch|p2b: Tyranitar|Tyranitar, L50, F|100/100\n|-weather|Sandstorm|[from] ability: Sand Stream|[of] p2b: Tyranitar\n|turn|14\n|\n|t:|1775976835\n|switch|p2a: Farigiraf|Farigiraf, L50, F|100/100\n|move|p2b: Tyranitar|Protect|p2b: Tyranitar\n|-singleturn|p2b: Tyranitar|Protect\n|move|p1a: Sinistcha|Protect||[still]\n|-fail|p1a: Sinistcha\n|\n|-weather|Sandstorm|[upkeep]\n|-damage|p1a: Sinistcha|90/100 brn|[from] Sandstorm\n|-damage|p2a: Farigiraf|94/100|[from] Sandstorm\n|-heal|p1a: Sinistcha|97/100 brn|[from] item: Leftovers\n|-damage|p1a: Sinistcha|94/100 brn|[from] brn\n|upkeep\n|turn|15\n|\n|t:|1775976848\n|detailschange|p2b: Tyranitar|Tyranitar-Mega, L50, F\n|-mega|p2b: Tyranitar|Tyranitar|Tyranitarite\n|move|p2a: Farigiraf|Helping Hand|p2b: Tyranitar\n|-singleturn|p2b: Tyranitar|Helping Hand|[of] p2a: Farigiraf\n|move|p2b: Tyranitar|Knock Off|p1a: Sinistcha\n|-supereffective|p1a: Sinistcha|1\n|-damage|p1a: Sinistcha|0 fnt\n|-enditem|p1a: Sinistcha|Leftovers|[from] move: Knock Off|[of] p2b: Tyranitar\n|faint|p1a: Sinistcha\n|\n|win|BlackWu\n|raw|m2000's rating: 1091 &rarr; <strong>1070</strong><br />(-21 for losing)\n|raw|BlackWu's rating: 1130 &rarr; <strong>1152</strong><br />(+22 for winning)\n|l|\u2606m2000\n|player|p1|\n",
  "uploadtime": 1775976855,
  "views": 13,
  "formatid": "gen9championsvgc2026regma",
  "rating": 1070,
  "private": 0,
  "password": null
}