{
  "id": "gen9championsvgc2026regma-2582689898",
  "format": "[Gen 9 Champions] VGC 2026 Reg M-A",
  "players": [
    "Volk0Nara",
    "KilamanolaVGC"
  ],
  "log": "|j|\u2606Volk0Nara\n|j|\u203dKilamanolaVGC\n|t:|1776107482\n|gametype|doubles\n|player|p1|Volk0Nara|nate|1184\n|player|p2|KilamanolaVGC|benga|1152\n|gen|9\n|tier|[Gen 9 Champions] VGC 2026 Reg M-A\n|rated|\n|rule|Species Clause: Limit one of each Pok\u00e9mon\n|rule|Item Clause: Limit 1 of each item\n|clearpoke\n|poke|p1|Pelipper, L50, F|\n|poke|p1|Archaludon, L50, F|\n|poke|p1|Palafin, L50, F|\n|poke|p1|Sneasler, L50, M|\n|poke|p1|Dragonite, L50, M|\n|poke|p1|Sinistcha, L50|\n|poke|p2|Floette-Eternal, L50, F|\n|poke|p2|Garchomp, L50, M|\n|poke|p2|Aerodactyl, L50, M|\n|poke|p2|Kingambit, L50, F|\n|poke|p2|Basculegion, L50, M|\n|poke|p2|Sneasler, L50, M|\n|teampreview|4\n|inactive|Battle timer is ON: inactive players will automatically lose when time's up. (requested by KilamanolaVGC)\nKilamanolaVGC has agreed to open team sheets.\n|inactive|KilamanolaVGC has 60 seconds left.\n|\n|t:|1776107515\n|teamsize|p1|4\n|teamsize|p2|4\n|start\n|switch|p1a: Pelipper|Pelipper, L50, F|100/100\n|switch|p1b: Palafin|Palafin, L50, F|100/100\n|switch|p2a: Aerodactyl|Aerodactyl, L50, M|100/100\n|switch|p2b: Sneasler|Sneasler, L50, M, shiny|100/100\n|-ability|p2a: Aerodactyl|Unnerve\n|-weather|RainDance|[from] ability: Drizzle|[of] p1a: Pelipper\n|turn|1\n|\n|t:|1776107530\n|move|p2b: Sneasler|Fake Out|p1a: Pelipper\n|-damage|p1a: Pelipper|84/100\n|move|p1b: Palafin|Flip Turn|p2a: Aerodactyl\n|-supereffective|p2a: Aerodactyl|1\n|-enditem|p2a: Aerodactyl|Focus Sash\n|-damage|p2a: Aerodactyl|1/100\n|\n|t:|1776107538\n|detailschange|p1b: Palafin|Palafin-Hero, L50, F\n|switch|p1b: Sneasler|Sneasler, L50, M|100/100|[from] Flip Turn\n|move|p2a: Aerodactyl|Rock Slide|p1a: Pelipper|[spread] p1a,p1b\n|-supereffective|p1a: Pelipper|1\n|-resisted|p1b: Sneasler|1\n|-damage|p1a: Pelipper|17/100\n|-damage|p1b: Sneasler|83/100\n|cant|p1a: Pelipper|flinch\n|\n|-weather|RainDance|[upkeep]\n|upkeep\n|turn|2\n|\n|t:|1776107555\n|move|p2a: Aerodactyl|Protect|p2a: Aerodactyl\n|-singleturn|p2a: Aerodactyl|Protect\n|move|p1a: Pelipper|Protect|p1a: Pelipper\n|-singleturn|p1a: Pelipper|Protect\n|move|p1b: Sneasler|Fake Out|p2a: Aerodactyl\n|-activate|p2a: Aerodactyl|move: Protect\n|move|p2b: Sneasler|Close Combat|p1a: Pelipper\n|-activate|p1a: Pelipper|move: Protect\n|\n|-weather|RainDance|[upkeep]\n|upkeep\n|turn|3\n|inactive|Volk0Nara has 30 seconds left.\n|\n|t:|1776107581\n|move|p1b: Sneasler|Protect|p1b: Sneasler\n|-singleturn|p1b: Sneasler|Protect\n|move|p2a: Aerodactyl|Dual Wingbeat|p1b: Sneasler\n|-activate|p1b: Sneasler|move: Protect\n|move|p2b: Sneasler|Close Combat|p1a: Pelipper\n|-resisted|p1a: Pelipper|1\n|-damage|p1a: Pelipper|0 fnt\n|-unboost|p2b: Sneasler|def|1\n|-unboost|p2b: Sneasler|spd|1\n|faint|p1a: Pelipper\n|-enditem|p2b: Sneasler|White Herb\n|-clearnegativeboost|p2b: Sneasler|[silent]\n|\n|-weather|RainDance|[upkeep]\n|upkeep\n|\n|t:|1776107596\n|switch|p1a: Palafin|Palafin-Hero, L50, F|100/100\n|-activate|p1a: Palafin|ability: Zero to Hero\n|turn|4\n|\n|t:|1776107619\n|move|p2a: Aerodactyl|Protect|p2a: Aerodactyl\n|-singleturn|p2a: Aerodactyl|Protect\n|move|p2b: Sneasler|Close Combat|p1a: Palafin\n|-crit|p1a: Palafin\n|-damage|p1a: Palafin|0 fnt\n|-unboost|p2b: Sneasler|def|1\n|-unboost|p2b: Sneasler|spd|1\n|faint|p1a: Palafin\n|move|p1b: Sneasler|Close Combat|p2b: Sneasler\n|-resisted|p2b: Sneasler|1\n|-crit|p2b: Sneasler\n|-damage|p2b: Sneasler|0 fnt\n|-unboost|p1b: Sneasler|def|1\n|-unboost|p1b: Sneasler|spd|1\n|faint|p2b: Sneasler\n|-enditem|p1b: Sneasler|White Herb\n|-clearnegativeboost|p1b: Sneasler|[silent]\n|\n|-weather|RainDance|[upkeep]\n|upkeep\n|\n|t:|1776107634\n|switch|p2b: Garchomp|Garchomp, L50, M, shiny|100/100\n|switch|p1a: Archaludon|Archaludon, L50, F|100/100\n|turn|5\n|\n|t:|1776107641\n|move|p1b: Sneasler|Protect|p1b: Sneasler\n|-singleturn|p1b: Sneasler|Protect\n|move|p2a: Aerodactyl|Tailwind|p2a: Aerodactyl\n|-sidestart|p2: KilamanolaVGC|move: Tailwind\n|move|p2b: Garchomp|Earthquake|p1a: Archaludon|[spread] p1a\n|-activate|p1b: Sneasler|move: Protect\n|-immune|p2a: Aerodactyl\n|-supereffective|p1a: Archaludon|1\n|-crit|p1a: Archaludon\n|-damage|p1a: Archaludon|14/100\n|-ability|p1a: Archaludon|Stamina|boost\n|-boost|p1a: Archaludon|def|1\n|move|p1a: Archaludon|Draco Meteor|p2b: Garchomp\n|-supereffective|p2b: Garchomp|1\n|-damage|p2b: Garchomp|0 fnt\n|-unboost|p1a: Archaludon|spa|2\n|faint|p2b: Garchomp\n|\n|-weather|none\n|-heal|p1a: Archaludon|20/100|[from] item: Leftovers\n|upkeep\n|\n|t:|1776107656\n|switch|p2b: Floette|Floette-Eternal, L50, F|100/100\n|turn|6\n|\n|t:|1776107665\n|detailschange|p2b: Floette|Floette-Mega, L50, F\n|-mega|p2b: Floette|Floette|Floettite\n|-ability|p2b: Floette|Fairy Aura\n|move|p2a: Aerodactyl|Dual Wingbeat|p1b: Sneasler\n|-supereffective|p1b: Sneasler|1\n|-damage|p1b: Sneasler|26/100\n|-supereffective|p1b: Sneasler|1\n|-damage|p1b: Sneasler|0 fnt\n|faint|p1b: Sneasler\n|-hitcount|p1: Sneasler|2\n|move|p2b: Floette|Moonblast|p1a: Archaludon\n|-damage|p1a: Archaludon|0 fnt\n|faint|p1a: Archaludon\n|\n|win|KilamanolaVGC\n|raw|Volk0Nara's rating: 1184 &rarr; <strong>1157</strong><br />(-27 for losing)\n|raw|KilamanolaVGC's rating: 1152 &rarr; <strong>1179</strong><br />(+27 for winning)\n|c|\u2606Volk0Nara|gg\n|l|\u2606Volk0Nara\n|player|p1|\n",
  "uploadtime": 1776107696,
  "views": 27,
  "formatid": "gen9championsvgc2026regma",
  "rating": 1157,
  "private": 0,
  "password": null
}