{
  "id": "gen9championsvgc2026regma-2584573097",
  "format": "[Gen 9 Champions] VGC 2026 Reg M-A",
  "players": [
    "shinja yug",
    "soyelsea4"
  ],
  "log": "|j|\u2606shinja yug\n|j|\u2606soyelsea4\n|t:|1776269612\n|gametype|doubles\n|player|p1|shinja yug|li|1300\n|player|p2|soyelsea4|cynthia|1289\n|gen|9\n|tier|[Gen 9 Champions] VGC 2026 Reg M-A\n|rated|\n|rule|Species Clause: Limit one of each Pok\u00e9mon\n|rule|Item Clause: Limit 1 of each item\n|clearpoke\n|poke|p1|Basculegion, L50, M|\n|poke|p1|Dragapult, L50, F|\n|poke|p1|Kingambit, L50, M|\n|poke|p1|Scovillain, L50, M|\n|poke|p1|Farigiraf, L50, M|\n|poke|p1|Sneasler, L50, M|\n|poke|p2|Talonflame, L50, F|\n|poke|p2|Garchomp, L50, F|\n|poke|p2|Gardevoir, L50, F|\n|poke|p2|Kingambit, L50, F|\n|poke|p2|Froslass, L50, F|\n|poke|p2|Milotic, L50, F|\n|teampreview|4\n|\n|t:|1776269642\n|teamsize|p1|4\n|teamsize|p2|4\n|start\n|switch|p1a: Sneasler|Sneasler, L50, M|100/100\n|switch|p1b: Basculegion|Basculegion, L50, M|100/100\n|switch|p2a: Talonflame|Talonflame, L50, F|100/100\n|switch|p2b: Garchomp|Garchomp, L50, F|100/100\n|turn|1\n|\n|t:|1776269657\n|move|p1a: Sneasler|Fake Out|p2a: Talonflame\n|-damage|p2a: Talonflame|79/100\n|move|p1b: Basculegion|Flip Turn|p2a: Talonflame\n|-supereffective|p2a: Talonflame|1\n|-damage|p2a: Talonflame|0 fnt\n|faint|p2a: Talonflame\n|\n|t:|1776269664\n|switch|p1b: charti boy|Scovillain, L50, M|100/100|[from] Flip Turn\n|move|p2b: Garchomp|Earthquake|p1b: charti boy|[spread] p1a,p1b\n|-supereffective|p1a: Sneasler|1\n|-damage|p1a: Sneasler|0 fnt\n|-damage|p1b: charti boy|48/100\n|faint|p1a: Sneasler\n|\n|-ability|p1b: charti boy|Moody|boost\n|-boost|p1b: charti boy|spe|2\n|-unboost|p1b: charti boy|spd|1\n|upkeep\n|\n|t:|1776269680\n|switch|p1a: Dragapult|Dragapult, L50, F|100/100\n|switch|p2a: Kingambit|Kingambit, L50, F|100/100\n|turn|2\n|\n|t:|1776269696\n|detailschange|p1b: charti boy|Scovillain-Mega, L50, M\n|-mega|p1b: charti boy|Scovillain|Scovillainite\n|move|p1b: charti boy|Rage Powder|p1b: charti boy\n|-singleturn|p1b: charti boy|move: Rage Powder\n|move|p2a: Kingambit|Sucker Punch||[still]\n|-fail|p2a: Kingambit\n|move|p2b: Garchomp|Rock Slide|p1b: charti boy|[spread] p1a,p1b\n|-supereffective|p1b: charti boy|1\n|-damage|p1a: Dragapult|78/100\n|-damage|p1b: charti boy|7/100\n|-status|p2b: Garchomp|brn|[from] ability: Spicy Spray|[of] p1b: charti boy\n|move|p1a: Dragapult|Dragon Dance|p1a: Dragapult\n|-boost|p1a: Dragapult|atk|1\n|-boost|p1a: Dragapult|spe|1\n|\n|-damage|p2b: Garchomp|95/100 brn|[from] brn\n|upkeep\n|turn|3\n|\n|t:|1776269714\n|move|p1b: charti boy|Rage Powder|p1b: charti boy\n|-singleturn|p1b: charti boy|move: Rage Powder\n|move|p2a: Kingambit|Sucker Punch||[still]\n|-fail|p2a: Kingambit\n|move|p1a: Dragapult|Dragon Darts|p2b: Garchomp\n|-supereffective|p2b: Garchomp|1\n|-damage|p2b: Garchomp|16/100 brn\n|-anim|p1a: Dragapult|Dragon Darts|p2a: Kingambit\n|-resisted|p2a: Kingambit|1\n|-damage|p2a: Kingambit|86/100\n|move|p2b: Garchomp|Rock Slide|p1b: charti boy|[spread] p1a\n|-miss|p2b: Garchomp|p1b: charti boy\n|-damage|p1a: Dragapult|68/100\n|\n|-damage|p2b: Garchomp|10/100 brn|[from] brn\n|upkeep\n|turn|4\n|\n|t:|1776269734\n|move|p1b: charti boy|Rage Powder|p1b: charti boy\n|-singleturn|p1b: charti boy|move: Rage Powder\n|move|p1a: Dragapult|Dragon Darts|p2b: Garchomp\n|-supereffective|p2b: Garchomp|1\n|-damage|p2b: Garchomp|0 fnt\n|-anim|p1a: Dragapult|Dragon Darts|p2a: Kingambit\n|-resisted|p2a: Kingambit|1\n|-damage|p2a: Kingambit|69/100\n|faint|p2b: Garchomp\n|move|p2a: Kingambit|Iron Head|p1b: charti boy\n|-resisted|p1b: charti boy|1\n|-damage|p1b: charti boy|0 fnt\n|-status|p2a: Kingambit|brn|[from] ability: Spicy Spray|[of] p1b: charti boy\n|faint|p1b: charti boy\n|\n|-damage|p2a: Kingambit|63/100 brn|[from] brn\n|upkeep\n|\n|t:|1776269744\n|switch|p2b: Froslass|Froslass, L50, F|100/100\n|switch|p1b: Basculegion|Basculegion, L50, M|100/100\n|turn|5\n|\n|t:|1776269756\n|detailschange|p2b: Froslass|Froslass-Mega, L50, F\n|-mega|p2b: Froslass|Froslass|Froslassite\n|-weather|Snowscape|[from] ability: Snow Warning|[of] p2b: Froslass\n|move|p2a: Kingambit|Sucker Punch|p1b: Basculegion\n|-supereffective|p1b: Basculegion|1\n|-damage|p1b: Basculegion|45/100\n|move|p1a: Dragapult|Phantom Force||[still]\n|-prepare|p1a: Dragapult|Phantom Force\n|move|p1b: Basculegion|Wave Crash|p2a: Kingambit\n|-damage|p2a: Kingambit|2/100 brn\n|-damage|p1b: Basculegion|24/100|[from] Recoil\n|move|p2b: Froslass|Blizzard|p1b: Basculegion|[spread] p1b\n|-miss|p2b: Froslass|p1a: Dragapult\n|-resisted|p1b: Basculegion|1\n|-damage|p1b: Basculegion|0 fnt\n|faint|p1b: Basculegion\n|\n|-weather|Snowscape|[upkeep]\n|-damage|p2a: Kingambit|0 fnt|[from] brn\n|faint|p2a: Kingambit\n|upkeep\n|turn|6\n|\n|t:|1776269778\n|move|p1a: Dragapult|Phantom Force|p2b: Froslass|[from] lockedmove\n|-supereffective|p2b: Froslass|1\n|-damage|p2b: Froslass|0 fnt\n|faint|p2b: Froslass\n|\n|win|shinja yug\n|raw|shinja yug's rating: 1300 &rarr; <strong>1324</strong><br />(+24 for winning)\n|raw|soyelsea4's rating: 1289 &rarr; <strong>1265</strong><br />(-24 for losing)\n|l|\u2606soyelsea4\n|player|p2|\n",
  "uploadtime": 1776269784,
  "views": 33,
  "formatid": "gen9championsvgc2026regma",
  "rating": 1265,
  "private": 0,
  "password": null
}