{
  "id": "gen9championsvgc2026regma-2580407055",
  "format": "[Gen 9 Champions] VGC 2026 Reg M-A",
  "players": [
    "miruna11",
    "uuuop0"
  ],
  "log": "|j|\u2606miruna11\n|j|\u2606uuuop0\n|t:|1775891791\n|gametype|doubles\n|player|p1|miruna11|unknownf|1101\n|player|p2|uuuop0|170|1179\n|gen|9\n|tier|[Gen 9 Champions] VGC 2026 Reg M-A\n|rated|\n|rule|Species Clause: Limit one of each Pok\u00e9mon\n|rule|Item Clause: Limit 1 of each item\n|clearpoke\n|poke|p1|Froslass, L50, F|\n|poke|p1|Sneasler, L50, M|\n|poke|p1|Basculegion-F, L50, F|\n|poke|p1|Garchomp, L50, F|\n|poke|p1|Whimsicott, L50, M|\n|poke|p1|Kingambit, L50, M|\n|poke|p2|Charizard, L50, F|\n|poke|p2|Garchomp, L50, F|\n|poke|p2|Sylveon, L50, M|\n|poke|p2|Rotom-Wash, L50|\n|poke|p2|Incineroar, L50, F|\n|poke|p2|Aegislash, L50, M|\n|teampreview|4\n|inactive|Battle timer is ON: inactive players will automatically lose when time's up. (requested by miruna11)\n|\n|t:|1775891821\n|teamsize|p1|4\n|teamsize|p2|4\n|start\n|switch|p1a: Froslass|Froslass, L50, F|100/100\n|switch|p1b: Basculegion|Basculegion-F, L50, F|100/100\n|switch|p2a: Rotom|Rotom-Wash, L50|100/100\n|switch|p2b: Incineroar|Incineroar, L50, F|100/100\n|-ability|p2b: Incineroar|Intimidate|boost\n|-unboost|p1a: Froslass|atk|1\n|-unboost|p1b: Basculegion|atk|1\n|turn|1\n|inactive|uuuop0 has 30 seconds left.\n|\n|t:|1775891853\n|detailschange|p1a: Froslass|Froslass-Mega, L50, F\n|-mega|p1a: Froslass|Froslass|Froslassite\n|-weather|Snowscape|[from] ability: Snow Warning|[of] p1a: Froslass\n|move|p1b: Basculegion|Blizzard|p2a: Rotom|[spread] p2a,p2b\n|-resisted|p2a: Rotom|1\n|-resisted|p2b: Incineroar|1\n|-damage|p2a: Rotom|88/100\n|-damage|p2b: Incineroar|88/100\n|move|p1a: Froslass|Blizzard|p2a: Rotom|[spread] p2a,p2b\n|-resisted|p2a: Rotom|1\n|-resisted|p2b: Incineroar|1\n|-damage|p2a: Rotom|63/100\n|-damage|p2b: Incineroar|67/100\n|move|p2a: Rotom|Electroweb|p1b: Basculegion|[spread] p1a,p1b\n|-supereffective|p1b: Basculegion|1\n|-damage|p1a: Froslass|78/100\n|-damage|p1b: Basculegion|60/100\n|-unboost|p1a: Froslass|spe|1\n|-unboost|p1b: Basculegion|spe|1\n|move|p2b: Incineroar|Parting Shot|p1b: Basculegion\n|-unboost|p1b: Basculegion|atk|1\n|-unboost|p1b: Basculegion|spa|1\n|\n|t:|1775891858\n|switch|p2b: Sylveon|Sylveon, L50, M|100/100|[from] Parting Shot\n|\n|-weather|Snowscape|[upkeep]\n|-heal|p2a: Rotom|69/100|[from] item: Leftovers\n|upkeep\n|turn|2\n|\n|t:|1775891874\n|move|p1b: Basculegion|Blizzard|p2a: Rotom|[spread] p2a,p2b\n|-resisted|p2a: Rotom|1\n|-damage|p2a: Rotom|59/100\n|-damage|p2b: Sylveon|88/100\n|-status|p2a: Rotom|frz\n|-status|p2b: Sylveon|frz\n|move|p1a: Froslass|Blizzard|p2b: Sylveon|[spread] p2a,p2b\n|-resisted|p2a: Rotom|1\n|-damage|p2a: Rotom|34/100 frz\n|-damage|p2b: Sylveon|57/100 frz\n|cant|p2a: Rotom|frz\n|cant|p2b: Sylveon|frz\n|\n|-weather|Snowscape|[upkeep]\n|-heal|p2a: Rotom|40/100 frz|[from] item: Leftovers\n|upkeep\n|turn|3\n|c|\u2606miruna11|Wow\n|inactive|uuuop0 has 30 seconds left.\n|\n|t:|1775891905\n|move|p1b: Basculegion|Blizzard|p2b: Sylveon|[spread] p2a,p2b\n|-resisted|p2a: Rotom|1\n|-damage|p2a: Rotom|30/100 frz\n|-damage|p2b: Sylveon|44/100 frz\n|move|p1a: Froslass|Aurora Veil|p1a: Froslass\n|-sidestart|p1: miruna11|move: Aurora Veil\n|cant|p2a: Rotom|frz\n|-curestatus|p2b: Sylveon|frz|[msg]\n|move|p2b: Sylveon|Hyper Voice|p1b: Basculegion|[spread] p1a,p1b\n|-damage|p1a: Froslass|38/100\n|-damage|p1b: Basculegion|23/100\n|\n|-weather|Snowscape|[upkeep]\n|-heal|p2a: Rotom|36/100 frz|[from] item: Leftovers\n|upkeep\n|turn|4\n|\n|t:|1775891919\n|move|p1b: Basculegion|Blizzard|p2b: Sylveon|[spread] p2a,p2b\n|-resisted|p2a: Rotom|1\n|-damage|p2a: Rotom|27/100 frz\n|-damage|p2b: Sylveon|30/100\n|move|p1a: Froslass|Blizzard|p2b: Sylveon|[spread] p2a,p2b\n|-resisted|p2a: Rotom|1\n|-damage|p2a: Rotom|4/100 frz\n|-damage|p2b: Sylveon|0 fnt\n|faint|p2b: Sylveon\n|-curestatus|p2a: Rotom|frz|[msg]\n|move|p2a: Rotom|Volt Switch|p1a: Froslass\n|-damage|p1a: Froslass|13/100\n|\n|t:|1775891931\n|switch|p2a: Charizard|Charizard, L50, F|100/100|[from] Volt Switch\n|\n|-weather|Snowscape|[upkeep]\n|upkeep\n|\n|t:|1775891937\n|switch|p2b: Rotom|Rotom-Wash, L50|4/100\n|turn|5\n|\n|t:|1775891943\n|switch|p1b: Whimsicott|Whimsicott, L50, M|100/100\n|switch|p1a: Kingambit|Kingambit, L50, M|100/100\n|detailschange|p2a: Charizard|Charizard-Mega-Y, L50, F\n|-mega|p2a: Charizard|Charizard|Charizardite Y\n|-weather|SunnyDay|[from] ability: Drought|[of] p2a: Charizard\n|move|p2b: Rotom|Protect|p2b: Rotom\n|-singleturn|p2b: Rotom|Protect\n|move|p2a: Charizard|Heat Wave|p1a: Kingambit|[spread] p1a,p1b\n|-supereffective|p1a: Kingambit|1\n|-supereffective|p1b: Whimsicott|1\n|-damage|p1a: Kingambit|9/100\n|-enditem|p1b: Whimsicott|Focus Sash\n|-damage|p1b: Whimsicott|1/100\n|\n|-weather|SunnyDay|[upkeep]\n|-heal|p2b: Rotom|10/100|[from] item: Leftovers\n|upkeep\n|turn|6\n|\n|t:|1775891952\n|move|p1b: Whimsicott|Tailwind|p1b: Whimsicott\n|-sidestart|p1: miruna11|move: Tailwind\n|move|p1a: Kingambit|Sucker Punch|p2b: Rotom\n|-damage|p2b: Rotom|0 fnt\n|faint|p2b: Rotom\n|move|p2a: Charizard|Heat Wave|p1a: Kingambit|[spread] p1a,p1b\n|-supereffective|p1a: Kingambit|1\n|-supereffective|p1b: Whimsicott|1\n|-damage|p1a: Kingambit|0 fnt\n|-damage|p1b: Whimsicott|0 fnt\n|faint|p1a: Kingambit\n|faint|p1b: Whimsicott\n|\n|-weather|SunnyDay|[upkeep]\n|upkeep\n|\n|t:|1775891957\n|switch|p1b: Basculegion|Basculegion-F, L50, F|23/100\n|switch|p2b: Incineroar|Incineroar, L50, F|67/100\n|switch|p1a: Froslass|Froslass-Mega, L50, F|13/100\n|-weather|Snowscape|[from] ability: Snow Warning|[of] p1a: Froslass\n|-ability|p2b: Incineroar|Intimidate|boost\n|-unboost|p1a: Froslass|atk|1\n|-unboost|p1b: Basculegion|atk|1\n|turn|7\n|\n|t:|1775891970\n|move|p1b: Basculegion|Muddy Water|p2a: Charizard|[spread] p2a,p2b\n|-supereffective|p2a: Charizard|1\n|-supereffective|p2b: Incineroar|1\n|-damage|p2a: Charizard|30/100\n|-damage|p2b: Incineroar|0 fnt\n|faint|p2b: Incineroar\n|move|p1a: Froslass|Blizzard|p2a: Charizard\n|-damage|p2a: Charizard|0 fnt\n|faint|p2a: Charizard\n|\n|win|miruna11\n|raw|miruna11's rating: 1101 &rarr; <strong>1133</strong><br />(+32 for winning)\n|raw|uuuop0's rating: 1201 &rarr; <strong>1169</strong><br />(-32 for losing)\n|l|\u2606uuuop0\n|player|p2|\n",
  "uploadtime": 1775891983,
  "views": 19,
  "formatid": "gen9championsvgc2026regma",
  "rating": 1133,
  "private": 0,
  "password": null
}