{
  "id": "gen9championsvgc2026regma-2583443310",
  "format": "[Gen 9 Champions] VGC 2026 Reg M-A",
  "players": [
    "L_Yami_H",
    "SrandomG"
  ],
  "log": "|j|\u2606L_Yami_H\n|j|\u2606SrandomG\n|t:|1776175995\n|gametype|doubles\n|player|p1|L_Yami_H|ghetsis|1251\n|player|p2|SrandomG|102|1328\n|gen|9\n|tier|[Gen 9 Champions] VGC 2026 Reg M-A\n|rated|\n|rule|Species Clause: Limit one of each Pok\u00e9mon\n|rule|Item Clause: Limit 1 of each item\n|clearpoke\n|poke|p1|Sableye, L50, M|\n|poke|p1|Victreebel, L50, F|\n|poke|p1|Sneasler, L50, F|\n|poke|p1|Araquanid, L50, F|\n|poke|p1|Kingambit, L50, M|\n|poke|p1|Arcanine, L50, M|\n|poke|p2|Meganium, L50, M|\n|poke|p2|Gyarados, L50, M|\n|poke|p2|Sneasler, L50, F|\n|poke|p2|Aerodactyl, L50, M|\n|poke|p2|Aggron, L50, M|\n|poke|p2|Garchomp, L50, M|\n|teampreview|4\n|\n|t:|1776176020\n|teamsize|p1|4\n|teamsize|p2|4\n|start\n|switch|p1a: Gabu|Arcanine, L50, M|100/100\n|switch|p1b: Yami|Sableye, L50, M|100/100\n|switch|p2a: Sneasler|Sneasler, L50, F|100/100\n|switch|p2b: Aggron|Aggron, L50, M|100/100\n|-ability|p1a: Gabu|Intimidate|boost\n|-unboost|p2a: Sneasler|atk|1\n|-unboost|p2b: Aggron|atk|1\n|-enditem|p2a: Sneasler|White Herb\n|-clearnegativeboost|p2a: Sneasler|[silent]\n|turn|1\n|\n|t:|1776176044\n|switch|p2b: Garchomp|Garchomp, L50, M|100/100\n|move|p1b: Yami|Fake Out|p2b: Garchomp\n|-damage|p2b: Garchomp|91/100\n|-damage|p1b: Yami|88/100|[from] ability: Rough Skin|[of] p2b: Garchomp\n|move|p2a: Sneasler|Acrobatics|p1b: Yami\n|-damage|p1b: Yami|34/100\n|move|p1a: Gabu|Will-O-Wisp|p2a: Sneasler\n|-status|p2a: Sneasler|brn\n|\n|-damage|p2a: Sneasler|95/100 brn|[from] brn\n|upkeep\n|turn|2\n|\n|t:|1776176062\n|move|p1b: Yami|Skill Swap|p1a: Gabu\n|-activate|p1b: Yami|Skill Swap|||[of] p1a: Gabu\n|-ability|p1b: Yami|Intimidate|boost\n|-unboost|p2a: Sneasler|atk|1\n|-unboost|p2b: Garchomp|atk|1\n|move|p1a: Gabu|Will-O-Wisp|p2b: Garchomp\n|-status|p2b: Garchomp|brn\n|move|p2a: Sneasler|Close Combat|p1a: Gabu\n|-crit|p1a: Gabu\n|-damage|p1a: Gabu|50/100\n|-unboost|p2a: Sneasler|def|1\n|-unboost|p2a: Sneasler|spd|1\n|-enditem|p1a: Gabu|Sitrus Berry|[eat]\n|-heal|p1a: Gabu|75/100|[from] item: Sitrus Berry\n|move|p2b: Garchomp|Earthquake|p1b: Yami|[spread] p2a,p1a,p1b\n|-supereffective|p2a: Sneasler|1\n|-supereffective|p1a: Gabu|1\n|-damage|p2a: Sneasler|17/100 brn\n|-damage|p1a: Gabu|46/100\n|-damage|p1b: Yami|14/100\n|\n|-damage|p2a: Sneasler|11/100 brn|[from] brn\n|-damage|p2b: Garchomp|85/100 brn|[from] brn\n|upkeep\n|turn|3\n|\n|t:|1776176084\n|switch|p1b: Weeber|Araquanid, L50, F|100/100\n|move|p1a: Gabu|Morning Sun|p1a: Gabu\n|-heal|p1a: Gabu|96/100\n|move|p2a: Sneasler|Dire Claw|p1a: Gabu\n|-damage|p1a: Gabu|81/100\n|-status|p1a: Gabu|slp\n|move|p2b: Garchomp|Earthquake|p1b: Weeber|[spread] p2a,p1a,p1b\n|-supereffective|p2a: Sneasler|1\n|-supereffective|p1a: Gabu|1\n|-resisted|p1b: Weeber|1\n|-damage|p2a: Sneasler|0 fnt\n|-damage|p1a: Gabu|52/100 slp\n|-damage|p1b: Weeber|93/100\n|faint|p2a: Sneasler\n|\n|-heal|p1b: Weeber|99/100|[from] item: Leftovers\n|-damage|p2b: Garchomp|79/100 brn|[from] brn\n|upkeep\n|\n|t:|1776176094\n|switch|p2a: Aggron|Aggron, L50, M|100/100\n|turn|4\n|\n|t:|1776176105\n|switch|p2b: Gyarados|Gyarados, L50, M|100/100\n|-ability|p2b: Gyarados|Intimidate|boost\n|-unboost|p1a: Gabu|atk|1\n|-unboost|p1b: Weeber|atk|1\n|detailschange|p2a: Aggron|Aggron-Mega, L50, M\n|-mega|p2a: Aggron|Aggron|Aggronite\n|move|p1b: Weeber|Wide Guard|p1b: Weeber\n|-singleturn|p1b: Weeber|Wide Guard\n|cant|p1a: Gabu|slp\n|move|p2a: Aggron|Iron Defense|p2a: Aggron\n|-boost|p2a: Aggron|def|2\n|\n|-heal|p1b: Weeber|100/100|[from] item: Leftovers\n|upkeep\n|turn|5\n|\n|t:|1776176122\n|-curestatus|p1a: Gabu|slp|[msg]\n|move|p1a: Gabu|Will-O-Wisp|p2a: Aggron\n|-status|p2a: Aggron|brn\n|move|p2b: Gyarados|Waterfall|p1a: Gabu\n|-supereffective|p1a: Gabu|1\n|-damage|p1a: Gabu|0 fnt\n|faint|p1a: Gabu\n|move|p2a: Aggron|Body Press|p1b: Weeber\n|-resisted|p1b: Weeber|1\n|-damage|p1b: Weeber|78/100\n|move|p1b: Weeber|Liquidation|p2b: Gyarados\n|-resisted|p2b: Gyarados|1\n|-damage|p2b: Gyarados|79/100\n|-unboost|p2b: Gyarados|def|1\n|\n|-heal|p2b: Gyarados|85/100|[from] item: Leftovers\n|-heal|p1b: Weeber|84/100|[from] item: Leftovers\n|-damage|p2a: Aggron|94/100 brn|[from] brn\n|upkeep\n|\n|t:|1776176136\n|switch|p1a: Yami|Sableye, L50, M|14/100\n|turn|6\n|\n|t:|1776176147\n|move|p1a: Yami|Encore|p2a: Aggron\n|-start|p2a: Aggron|Encore\n|move|p2b: Gyarados|Waterfall|p1a: Yami\n|-damage|p1a: Yami|0 fnt\n|faint|p1a: Yami\n|move|p2a: Aggron|Body Press|p1b: Weeber\n|-resisted|p1b: Weeber|1\n|-damage|p1b: Weeber|61/100\n|move|p1b: Weeber|Liquidation|p2b: Gyarados\n|-resisted|p2b: Gyarados|1\n|-damage|p2b: Gyarados|53/100\n|\n|-heal|p2b: Gyarados|59/100|[from] item: Leftovers\n|-heal|p1b: Weeber|67/100|[from] item: Leftovers\n|-damage|p2a: Aggron|88/100 brn|[from] brn\n|upkeep\n|\n|t:|1776176158\n|switch|p1a: Baret|Victreebel, L50, F, shiny|100/100\n|turn|7\n|\n|t:|1776176163\n|switch|p2b: Garchomp|Garchomp, L50, M|79/100 brn\n|detailschange|p1a: Baret|Victreebel-Mega, L50, F, shiny\n|-mega|p1a: Baret|Victreebel|Victreebelite\n|move|p1a: Baret|Giga Drain|p2b: Garchomp\n|-damage|p2b: Garchomp|35/100 brn\n|move|p2a: Aggron|Body Press|p1b: Weeber\n|-resisted|p1b: Weeber|1\n|-damage|p1b: Weeber|45/100\n|move|p1b: Weeber|Liquidation|p2b: Garchomp\n|-damage|p2b: Garchomp|0 fnt\n|-damage|p1b: Weeber|33/100|[from] ability: Rough Skin|[of] p2b: Garchomp\n|faint|p2b: Garchomp\n|\n|-heal|p1b: Weeber|39/100|[from] item: Leftovers\n|-damage|p2a: Aggron|82/100 brn|[from] brn\n|upkeep\n|\n|t:|1776176165\n|switch|p2b: Gyarados|Gyarados, L50, M|59/100\n|-ability|p2b: Gyarados|Intimidate|boost\n|-unboost|p1a: Baret|atk|1\n|-unboost|p1b: Weeber|atk|1\n|turn|8\n|\n|t:|1776176183\n|move|p1a: Baret|Giga Drain|p2b: Gyarados\n|-damage|p2b: Gyarados|24/100\n|move|p2b: Gyarados|Icy Wind|p1a: Baret|[spread] p1a,p1b\n|-supereffective|p1a: Baret|1\n|-resisted|p1b: Weeber|1\n|-damage|p1a: Baret|87/100\n|-damage|p1b: Weeber|36/100\n|-unboost|p1a: Baret|spe|1\n|-unboost|p1b: Weeber|spe|1\n|move|p2a: Aggron|Body Press|p1b: Weeber\n|-resisted|p1b: Weeber|1\n|-damage|p1b: Weeber|13/100\n|move|p1b: Weeber|Liquidation|p2b: Gyarados\n|-resisted|p2b: Gyarados|1\n|-damage|p2b: Gyarados|8/100\n|\n|-heal|p2b: Gyarados|14/100|[from] item: Leftovers\n|-heal|p1b: Weeber|19/100|[from] item: Leftovers\n|-damage|p2a: Aggron|76/100 brn|[from] brn\n|-end|p2a: Aggron|Encore\n|upkeep\n|turn|9\n|\n|t:|1776176203\n|move|p1b: Weeber|Protect|p1b: Weeber\n|-singleturn|p1b: Weeber|Protect\n|move|p2b: Gyarados|Waterfall|p1a: Baret\n|-resisted|p1a: Baret|1\n|-damage|p1a: Baret|64/100\n|move|p2a: Aggron|Body Press|p1b: Weeber\n|-activate|p1b: Weeber|move: Protect\n|cant|p1a: Baret|flinch\n|\n|-heal|p2b: Gyarados|20/100|[from] item: Leftovers\n|-heal|p1b: Weeber|24/100|[from] item: Leftovers\n|-damage|p2a: Aggron|69/100 brn|[from] brn\n|upkeep\n|turn|10\n|\n|t:|1776176226\n|move|p1b: Weeber|Protect||[still]\n|-fail|p1b: Weeber\n|move|p2b: Gyarados|Icy Wind|p1a: Baret|[spread] p1a,p1b\n|-supereffective|p1a: Baret|1\n|-resisted|p1b: Weeber|1\n|-damage|p1a: Baret|51/100\n|-damage|p1b: Weeber|22/100\n|-unboost|p1a: Baret|spe|1\n|-unboost|p1b: Weeber|spe|1\n|move|p2a: Aggron|Body Press|p1b: Weeber\n|-resisted|p1b: Weeber|1\n|-damage|p1b: Weeber|1/100\n|move|p1a: Baret|Strength Sap|p2b: Gyarados\n|-unboost|p2b: Gyarados|atk|1\n|-heal|p1a: Baret|100/100\n|\n|-heal|p2b: Gyarados|26/100|[from] item: Leftovers\n|-heal|p1b: Weeber|7/100|[from] item: Leftovers\n|-damage|p2a: Aggron|63/100 brn|[from] brn\n|upkeep\n|turn|11\n|\n|t:|1776176240\n|move|p1b: Weeber|Wide Guard|p1b: Weeber\n|-singleturn|p1b: Weeber|Wide Guard\n|move|p2b: Gyarados|Waterfall|p1a: Baret\n|-resisted|p1a: Baret|1\n|-damage|p1a: Baret|86/100\n|move|p2a: Aggron|Body Press|p1b: Weeber\n|-resisted|p1b: Weeber|1\n|-damage|p1b: Weeber|0 fnt\n|faint|p1b: Weeber\n|move|p1a: Baret|Giga Drain|p2b: Gyarados\n|-damage|p2b: Gyarados|0 fnt\n|-heal|p1a: Baret|100/100|[from] drain|[of] p2b: Gyarados\n|faint|p2b: Gyarados\n|\n|-damage|p2a: Aggron|57/100 brn|[from] brn\n|upkeep\n|turn|12\n|\n|t:|1776176253\n|move|p2a: Aggron|Body Press|p1a: Baret\n|-resisted|p1a: Baret|1\n|-damage|p1a: Baret|75/100\n|move|p1a: Baret|Giga Drain|p2a: Aggron\n|-resisted|p2a: Aggron|1\n|-damage|p2a: Aggron|37/100 brn\n|-heal|p1a: Baret|85/100|[from] drain|[of] p2a: Aggron\n|\n|-damage|p2a: Aggron|30/100 brn|[from] brn\n|upkeep\n|turn|13\n|-message|SrandomG forfeited.\n|\n|win|L_Yami_H\n|raw|L_Yami_H's rating: 1251 &rarr; <strong>1281</strong><br />(+30 for winning)\n|raw|SrandomG's rating: 1328 &rarr; <strong>1304</strong><br />(-24 for losing)\n|l|\u2606SrandomG\n|player|p2|\n",
  "uploadtime": 1776176265,
  "views": 23,
  "formatid": "gen9championsvgc2026regma",
  "rating": 1281,
  "private": 0,
  "password": null
}