{
  "id": "gen9championsvgc2026regma-2585096752",
  "format": "[Gen 9 Champions] VGC 2026 Reg M-A",
  "players": [
    "dkapflzksh",
    "Dmy99"
  ],
  "log": "|j|\u2606dkapflzksh\n|j|\u2606Dmy99\n|t:|1776311397\n|gametype|doubles\n|player|p1|dkapflzksh|scientist-gen4dp|1362\n|player|p2|Dmy99|2|1318\n|gen|9\n|tier|[Gen 9 Champions] VGC 2026 Reg M-A\n|rated|\n|rule|Species Clause: Limit one of each Pok\u00e9mon\n|rule|Item Clause: Limit 1 of each item\n|clearpoke\n|poke|p1|Basculegion, L50, M|\n|poke|p1|Dragonite, L50, F|\n|poke|p1|Archaludon, L50, M|\n|poke|p1|Sableye, L50, F|\n|poke|p1|Scizor, L50, M|\n|poke|p1|Incineroar, L50, F|\n|poke|p2|Garchomp, L50, M|\n|poke|p2|Floette-Eternal, L50, F|\n|poke|p2|Vivillon, L50, M|\n|poke|p2|Sneasler, L50, M|\n|poke|p2|Charizard, L50, F|\n|poke|p2|Rotom-Wash, L50|\n|teampreview|4\n|inactive|Battle timer is ON: inactive players will automatically lose when time's up. (requested by Dmy99)\n|inactive|Dmy99 has 60 seconds left.\n|\n|t:|1776311431\n|teamsize|p1|4\n|teamsize|p2|4\n|start\n|switch|p1a: Sableye|Sableye, L50, F|100/100\n|switch|p1b: Archaludon|Archaludon, L50, M, shiny|100/100\n|switch|p2a: Garchomp|Garchomp, L50, M|100/100\n|switch|p2b: Rotom|Rotom-Wash, L50|100/100\n|turn|1\n|\n|t:|1776311451\n|move|p1b: Archaludon|Protect|p1b: Archaludon\n|-singleturn|p1b: Archaludon|Protect\n|move|p1a: Sableye|Rain Dance|p1a: Sableye\n|-weather|RainDance\n|move|p2b: Rotom|Electroweb|p1b: Archaludon|[spread] p1a\n|-activate|p1b: Archaludon|move: Protect\n|-damage|p1a: Sableye|81/100\n|-unboost|p1a: Sableye|spe|1\n|move|p2a: Garchomp|Earthquake|p1a: Sableye|[spread] p1a\n|-activate|p1b: Archaludon|move: Protect\n|-immune|p2b: Rotom|[from] ability: Levitate\n|-damage|p1a: Sableye|32/100\n|\n|-weather|RainDance|[upkeep]\n|upkeep\n|turn|2\n|\n|t:|1776311464\n|move|p1a: Sableye|Disable|p2a: Garchomp\n|-start|p2a: Garchomp|Disable|Earthquake\n|move|p2b: Rotom|Electroweb|p1a: Sableye|[spread] p1a,p1b\n|-resisted|p1b: Archaludon|1\n|-damage|p1a: Sableye|10/100\n|-damage|p1b: Archaludon|93/100\n|-unboost|p1a: Sableye|spe|1\n|-unboost|p1b: Archaludon|spe|1\n|-ability|p1b: Archaludon|Stamina|boost\n|-boost|p1b: Archaludon|def|1\n|move|p2a: Garchomp|Dragon Claw|p1a: Sableye\n|-damage|p1a: Sableye|0 fnt\n|faint|p1a: Sableye\n|move|p1b: Archaludon|Electro Shot||[still]\n|-prepare|p1b: Archaludon|Electro Shot\n|-boost|p1b: Archaludon|spa|1\n|-anim|p1b: Archaludon|Electro Shot|p2b: Rotom\n|-crit|p2b: Rotom\n|-damage|p2b: Rotom|0 fnt\n|faint|p2b: Rotom\n|\n|-weather|RainDance|[upkeep]\n|-heal|p1b: Archaludon|99/100|[from] item: Leftovers\n|upkeep\n|\n|t:|1776311482\n|switch|p2b: Charizard|Charizard, L50, F|100/100\n|switch|p1a: Basculegion|Basculegion, L50, M, shiny|100/100\n|turn|3\n|\n|t:|1776311505\n|switch|p2a: Vivillon|Vivillon, L50, M|100/100\n|detailschange|p2b: Charizard|Charizard-Mega-Y, L50, F\n|-mega|p2b: Charizard|Charizard|Charizardite Y\n|-weather|SunnyDay|[from] ability: Drought|[of] p2b: Charizard\n|move|p1a: Basculegion|Liquidation|p2b: Charizard\n|-supereffective|p2b: Charizard|1\n|-damage|p2b: Charizard|46/100\n|move|p2b: Charizard|Solar Beam||[still]\n|-prepare|p2b: Charizard|Solar Beam\n|-anim|p2b: Charizard|Solar Beam|p1a: Basculegion\n|-supereffective|p1a: Basculegion|1\n|-damage|p1a: Basculegion|0 fnt\n|faint|p1a: Basculegion\n|move|p1b: Archaludon|Dragon Pulse|p2a: Vivillon\n|-damage|p2a: Vivillon|10/100\n|\n|-weather|SunnyDay|[upkeep]\n|-heal|p1b: Archaludon|100/100|[from] item: Leftovers\n|upkeep\n|\n|t:|1776311522\n|switch|p1a: Scizor|Scizor, L50, M|100/100\n|turn|4\n|\n|t:|1776311531\n|move|p1a: Scizor|Protect|p1a: Scizor\n|-singleturn|p1a: Scizor|Protect\n|move|p2a: Vivillon|Rage Powder|p2a: Vivillon\n|-singleturn|p2a: Vivillon|move: Rage Powder\n|move|p2b: Charizard|Heat Wave|p1a: Scizor|[spread] p1b\n|-activate|p1a: Scizor|move: Protect\n|-damage|p1b: Archaludon|37/100\n|-ability|p1b: Archaludon|Stamina|boost\n|-boost|p1b: Archaludon|def|1\n|move|p1b: Archaludon|Dragon Pulse|p2a: Vivillon\n|-damage|p2a: Vivillon|0 fnt\n|faint|p2a: Vivillon\n|\n|-weather|SunnyDay|[upkeep]\n|-heal|p1b: Archaludon|44/100|[from] item: Leftovers\n|upkeep\n|\n|t:|1776311534\n|switch|p2a: Garchomp|Garchomp, L50, M|100/100\n|turn|5\n|\n|t:|1776311552\n|detailschange|p1a: Scizor|Scizor-Mega, L50, M\n|-mega|p1a: Scizor|Scizor|Scizorite\n|move|p1a: Scizor|Bullet Punch|p2b: Charizard\n|-resisted|p2b: Charizard|1\n|-damage|p2b: Charizard|26/100\n|move|p2a: Garchomp|Earthquake|p1a: Scizor|[spread] p1a,p1b\n|-immune|p2b: Charizard\n|-supereffective|p1b: Archaludon|1\n|-damage|p1a: Scizor|71/100\n|-damage|p1b: Archaludon|12/100\n|-ability|p1b: Archaludon|Stamina|boost\n|-boost|p1b: Archaludon|def|1\n|move|p2b: Charizard|Heat Wave|p1b: Archaludon|[spread] p1a\n|-miss|p2b: Charizard|p1b: Archaludon\n|-supereffective|p1a: Scizor|2\n|-damage|p1a: Scizor|0 fnt\n|faint|p1a: Scizor\n|move|p1b: Archaludon|Dragon Pulse|p2a: Garchomp\n|-supereffective|p2a: Garchomp|1\n|-damage|p2a: Garchomp|0 fnt\n|faint|p2a: Garchomp\n|\n|-weather|SunnyDay|[upkeep]\n|-heal|p1b: Archaludon|19/100|[from] item: Leftovers\n|upkeep\n|turn|6\n|\n|t:|1776311567\n|move|p2b: Charizard|Heat Wave|p1b: Archaludon\n|-damage|p1b: Archaludon|0 fnt\n|faint|p1b: Archaludon\n|\n|win|Dmy99\n|raw|dkapflzksh's rating: 1362 &rarr; <strong>1339</strong><br />(-23 for losing)\n|raw|Dmy99's rating: 1318 &rarr; <strong>1341</strong><br />(+23 for winning)\n",
  "uploadtime": 1776311567,
  "views": 27,
  "formatid": "gen9championsvgc2026regma",
  "rating": 1339,
  "private": 0,
  "password": null
}