{
  "id": "gen9championsvgc2026regma-2581423906",
  "format": "[Gen 9 Champions] VGC 2026 Reg M-A",
  "players": [
    "Quaza15",
    "alfonsoliver_"
  ],
  "log": "|j|\u2606Quaza15\n|j|\u2606alfonsoliver_\n|t:|1775998974\n|gametype|doubles\n|player|p1|Quaza15|ruinmaniac|1154\n|player|p2|alfonsoliver_|169|1121\n|gen|9\n|tier|[Gen 9 Champions] VGC 2026 Reg M-A\n|rated|\n|rule|Species Clause: Limit one of each Pok\u00e9mon\n|rule|Item Clause: Limit 1 of each item\n|clearpoke\n|poke|p1|Incineroar, L50, M|\n|poke|p1|Floette-Eternal, L50, F|\n|poke|p1|Sableye, L50, F|\n|poke|p1|Sinistcha-Masterpiece, L50|\n|poke|p1|Sneasler, L50, F|\n|poke|p1|Garchomp, L50, M|\n|poke|p2|Dragonite, L50, F|\n|poke|p2|Venusaur, L50, M|\n|poke|p2|Incineroar, L50, F|\n|poke|p2|Kingambit, L50, F|\n|poke|p2|Basculegion, L50, M|\n|poke|p2|Sneasler, L50, M|\n|teampreview|4\n|inactive|Battle timer is ON: inactive players will automatically lose when time's up. (requested by alfonsoliver_)\n|\n|t:|1775999010\n|teamsize|p1|4\n|teamsize|p2|4\n|start\n|switch|p1a: Sableye|Sableye, L50, F|100/100\n|switch|p1b: Garchomp|Garchomp, L50, M|100/100\n|switch|p2a: Venusaur|Venusaur, L50, M, shiny|100/100\n|switch|p2b: Basculegion|Basculegion, L50, M|100/100\n|turn|1\n|\n|t:|1775999023\n|detailschange|p2a: Venusaur|Venusaur-Mega, L50, M, shiny\n|-mega|p2a: Venusaur|Venusaur|Venusaurite\n|move|p1a: Sableye|Fake Out|p2a: Venusaur\n|-damage|p2a: Venusaur|95/100\n|move|p1b: Garchomp|Dragon Claw|p2b: Basculegion\n|-damage|p2b: Basculegion|44/100\n|move|p2b: Basculegion|Flip Turn|p1b: Garchomp\n|-damage|p1b: Garchomp|63/100\n|\n|t:|1775999032\n|switch|p2b: Incineroar|Incineroar, L50, F|100/100|[from] Flip Turn\n|-ability|p2b: Incineroar|Intimidate|boost\n|-unboost|p1a: Sableye|atk|1\n|-unboost|p1b: Garchomp|atk|1\n|cant|p2a: Venusaur|flinch\n|\n|upkeep\n|turn|2\n|\n|t:|1775999042\n|switch|p1b: Sneasler|Sneasler, L50, F|100/100\n|move|p2b: Incineroar|Fake Out|p1b: Sneasler\n|-damage|p1b: Sneasler|83/100\n|move|p2a: Venusaur|Leech Seed|p1a: Sableye\n|-start|p1a: Sableye|move: Leech Seed\n|move|p1a: Sableye|Night Shade|p2a: Venusaur\n|-damage|p2a: Venusaur|67/100\n|\n|-damage|p1a: Sableye|88/100|[from] Leech Seed|[of] p2a: Venusaur\n|-heal|p2a: Venusaur|78/100|[silent]\n|upkeep\n|turn|3\n|\n|t:|1775999058\n|move|p1a: Sableye|Encore|p2a: Venusaur\n|-start|p2a: Venusaur|Encore\n|move|p1b: Sneasler|Close Combat|p2b: Incineroar\n|-supereffective|p2b: Incineroar|1\n|-damage|p2b: Incineroar|10/100\n|-unboost|p1b: Sneasler|def|1\n|-unboost|p1b: Sneasler|spd|1\n|move|p2a: Venusaur|Leech Seed|p1a: Sableye|[miss]\n|-miss|p2a: Venusaur|p1a: Sableye\n|move|p2b: Incineroar|Parting Shot|p1b: Sneasler\n|-unboost|p1b: Sneasler|atk|1\n|-unboost|p1b: Sneasler|spa|1\n|\n|t:|1775999074\n|switch|p2b: Basculegion|Basculegion, L50, M|44/100|[from] Parting Shot\n|\n|-damage|p1a: Sableye|76/100|[from] Leech Seed|[of] p2a: Venusaur\n|-heal|p2a: Venusaur|88/100|[silent]\n|upkeep\n|turn|4\n|inactive|alfonsoliver_ has 30 seconds left.\n|\n|t:|1775999101\n|move|p1a: Sableye|Reflect|p1a: Sableye\n|-sidestart|p1: Quaza15|Reflect\n|move|p2b: Basculegion|Flip Turn|p1b: Sneasler\n|-damage|p1b: Sneasler|16/100\n|\n|t:|1775999107\n|switch|p2b: Incineroar|Incineroar, L50, F|10/100|[from] Flip Turn\n|-ability|p2b: Incineroar|Intimidate|boost\n|-unboost|p1a: Sableye|atk|1\n|-unboost|p1b: Sneasler|atk|1\n|move|p1b: Sneasler|Throat Chop|p2b: Incineroar\n|-resisted|p2b: Incineroar|1\n|-damage|p2b: Incineroar|5/100\n|-start|p2b: Incineroar|Throat Chop|[silent]\n|move|p2a: Venusaur|Leech Seed||[still]\n|-fail|p2a: Venusaur\n|\n|-damage|p1a: Sableye|64/100|[from] Leech Seed|[of] p2a: Venusaur\n|-heal|p2a: Venusaur|99/100|[silent]\n|upkeep\n|turn|5\n|\n|t:|1775999121\n|move|p2b: Incineroar|Fake Out|p1b: Sneasler\n|-damage|p1b: Sneasler|0 fnt\n|faint|p1b: Sneasler\n|move|p2a: Venusaur|Leech Seed||[still]\n|-fail|p2a: Venusaur\n|move|p1a: Sableye|Night Shade|p2b: Incineroar\n|-damage|p2b: Incineroar|0 fnt\n|faint|p2b: Incineroar\n|\n|-damage|p1a: Sableye|52/100|[from] Leech Seed|[of] p2a: Venusaur\n|-heal|p2a: Venusaur|100/100|[silent]\n|-end|p2a: Venusaur|Encore\n|upkeep\n|\n|t:|1775999138\n|switch|p1b: Floette|Floette-Eternal, L50, F|100/100\n|switch|p2b: Sneasler|Sneasler, L50, M|100/100\n|turn|6\n|\n|t:|1775999158\n|move|p1b: Floette|Protect|p1b: Floette\n|-singleturn|p1b: Floette|Protect\n|move|p2a: Venusaur|Protect|p2a: Venusaur\n|-singleturn|p2a: Venusaur|Protect\n|move|p1a: Sableye|Encore|p2a: Venusaur\n|-activate|p2a: Venusaur|move: Protect\n|move|p2b: Sneasler|Dire Claw|p1a: Sableye\n|-resisted|p1a: Sableye|1\n|-damage|p1a: Sableye|36/100\n|\n|-damage|p1a: Sableye|23/100|[from] Leech Seed|[of] p2a: Venusaur\n|upkeep\n|turn|7\n|\n|t:|1775999179\n|switch|p2a: Basculegion|Basculegion, L50, M|44/100\n|detailschange|p1b: Floette|Floette-Mega, L50, F\n|-mega|p1b: Floette|Floette|Floettite\n|-ability|p1b: Floette|Fairy Aura\n|move|p1a: Sableye|Encore||[still]\n|-fail|p1a: Sableye\n|move|p2b: Sneasler|Dire Claw|p1b: Floette\n|-supereffective|p1b: Floette|1\n|-damage|p1b: Floette|29/100\n|move|p1b: Floette|Dazzling Gleam|p2a: Basculegion|[spread] p2a,p2b\n|-damage|p2a: Basculegion|0 fnt\n|-damage|p2b: Sneasler|35/100\n|faint|p2a: Basculegion\n|\n|upkeep\n|\n|t:|1775999192\n|switch|p2a: Venusaur|Venusaur-Mega, L50, M, shiny|100/100\n|turn|8\n|\n|t:|1775999200\n|switch|p1a: Garchomp|Garchomp, L50, M|63/100\n|move|p2b: Sneasler|Protect|p2b: Sneasler\n|-singleturn|p2b: Sneasler|Protect\n|move|p1b: Floette|Protect|p1b: Floette\n|-singleturn|p1b: Floette|Protect\n|move|p2a: Venusaur|Sludge Bomb|p1b: Floette\n|-activate|p1b: Floette|move: Protect\n|\n|-sideend|p1: Quaza15|Reflect\n|upkeep\n|turn|9\n|\n|t:|1775999216\n|move|p1a: Garchomp|Dragon Claw|p2b: Sneasler\n|-damage|p2b: Sneasler|0 fnt\n|faint|p2b: Sneasler\n|move|p1b: Floette|Moonblast|p2a: Venusaur\n|-resisted|p2a: Venusaur|1\n|-damage|p2a: Venusaur|75/100\n|move|p2a: Venusaur|Sludge Bomb|p1b: Floette\n|-supereffective|p1b: Floette|1\n|-damage|p1b: Floette|0 fnt\n|faint|p1b: Floette\n|\n|upkeep\n|\n|t:|1775999223\n|switch|p1b: Sableye|Sableye, L50, F|23/100\n|turn|10\n|\n|t:|1775999243\n|move|p1b: Sableye|Fake Out|p2a: Venusaur\n|-damage|p2a: Venusaur|69/100\n|move|p1a: Garchomp|Dragon Claw|p2a: Venusaur\n|-damage|p2a: Venusaur|30/100\n|cant|p2a: Venusaur|flinch\n|\n|upkeep\n|turn|11\n|\n|t:|1775999258\n|move|p1a: Garchomp|Dragon Claw|p2a: Venusaur\n|-damage|p2a: Venusaur|0 fnt\n|faint|p2a: Venusaur\n|\n|win|Quaza15\n|raw|Quaza15's rating: 1154 &rarr; <strong>1177</strong><br />(+23 for winning)\n|raw|alfonsoliver_'s rating: 1121 &rarr; <strong>1098</strong><br />(-23 for losing)\n",
  "uploadtime": 1775999258,
  "views": 15,
  "formatid": "gen9championsvgc2026regma",
  "rating": 1098,
  "private": 0,
  "password": null
}