{
  "id": "gen9championsvgc2026regma-2583177552",
  "format": "[Gen 9 Champions] VGC 2026 Reg M-A",
  "players": [
    "Bandytt",
    "altb258"
  ],
  "log": "|j|\u2606Bandytt\n|j|\u2606altb258\n|t:|1776151394\n|gametype|doubles\n|player|p1|Bandytt|burglar|1000\n|player|p2|altb258|2|1077\n|gen|9\n|tier|[Gen 9 Champions] VGC 2026 Reg M-A\n|rated|\n|rule|Species Clause: Limit one of each Pok\u00e9mon\n|rule|Item Clause: Limit 1 of each item\n|clearpoke\n|poke|p1|Drampa, L50, M|\n|poke|p1|Delphox, L50, F|\n|poke|p1|Rotom-Wash, L50|\n|poke|p1|Sinistcha-Masterpiece, L50|\n|poke|p1|Aegislash, L50, M|\n|poke|p1|Aerodactyl, L50, M|\n|poke|p2|Drampa, L50, M|\n|poke|p2|Alakazam, L50, M|\n|poke|p2|Sinistcha, L50|\n|poke|p2|Pelipper, L50, M|\n|poke|p2|Basculegion, L50, M|\n|poke|p2|Scizor, L50, F|\n|teampreview|4\n|\n|t:|1776151460\n|teamsize|p1|4\n|teamsize|p2|4\n|start\n|switch|p1a: Aerodactyl|Aerodactyl, L50, M|100/100\n|switch|p1b: Sinistcha|Sinistcha-Masterpiece, L50, shiny|100/100\n|switch|p2a: Drampa|Drampa, L50, M|100/100\n|switch|p2b: Alakazam|Alakazam, L50, M|100/100\n|-ability|p1a: Aerodactyl|Pressure\n|-ability|p2a: Drampa|Cloud Nine\n|turn|1\n|\n|t:|1776151505\n|move|p1b: Sinistcha|Rage Powder|p1b: Sinistcha\n|-singleturn|p1b: Sinistcha|move: Rage Powder\n|move|p2b: Alakazam|Reflect|p2b: Alakazam\n|-sidestart|p2: altb258|Reflect\n|move|p1a: Aerodactyl|Ice Fang|p2a: Drampa\n|-supereffective|p2a: Drampa|1\n|-crit|p2a: Drampa\n|-damage|p2a: Drampa|29/100\n|move|p2a: Drampa|Calm Mind|p2a: Drampa\n|-boost|p2a: Drampa|spa|1\n|-boost|p2a: Drampa|spd|1\n|\n|upkeep\n|turn|2\n|\n|t:|1776151529\n|switch|p2b: Basculegion|Basculegion, L50, M|100/100\n|detailschange|p2a: Drampa|Drampa-Mega, L50, M\n|-mega|p2a: Drampa|Drampa|Drampanite\n|move|p2a: Drampa|Protect|p2a: Drampa\n|-singleturn|p2a: Drampa|Protect\n|move|p1b: Sinistcha|Rage Powder|p1b: Sinistcha\n|-singleturn|p1b: Sinistcha|move: Rage Powder\n|move|p1a: Aerodactyl|Rock Slide|p2a: Drampa|[spread] p2b\n|-activate|p2a: Drampa|move: Protect\n|-damage|p2b: Basculegion|77/100\n|\n|upkeep\n|turn|3\n|\n|t:|1776151550\n|switch|p1a: Rotom|Rotom-Wash, L50, shiny|100/100\n|move|p2b: Basculegion|Wave Crash|p1a: Rotom\n|-resisted|p1a: Rotom|1\n|-damage|p1a: Rotom|61/100\n|-damage|p2b: Basculegion|67/100|[from] Recoil\n|move|p1b: Sinistcha|Leaf Storm|p2b: Basculegion\n|-supereffective|p2b: Basculegion|1\n|-damage|p2b: Basculegion|0 fnt\n|-unboost|p1b: Sinistcha|spa|2\n|faint|p2b: Basculegion\n|-enditem|p1b: Sinistcha|White Herb\n|-clearnegativeboost|p1b: Sinistcha|[silent]\n|move|p2a: Drampa|Hyper Voice|p1a: Rotom|[spread] p1a\n|-immune|p1b: Sinistcha\n|-damage|p1a: Rotom|0 fnt\n|faint|p1a: Rotom\n|\n|upkeep\n|\n|t:|1776151574\n|switch|p2b: Alakazam|Alakazam, L50, M|100/100\n|switch|p1a: Aerodactyl|Aerodactyl, L50, M|100/100\n|-ability|p1a: Aerodactyl|Pressure\n|turn|4\n|\n|t:|1776151592\n|move|p2a: Drampa|Protect|p2a: Drampa\n|-singleturn|p2a: Drampa|Protect\n|move|p1b: Sinistcha|Rage Powder|p1b: Sinistcha\n|-singleturn|p1b: Sinistcha|move: Rage Powder\n|move|p2b: Alakazam|Psychic|p1b: Sinistcha\n|-damage|p1b: Sinistcha|56/100\n|move|p1a: Aerodactyl|Ice Fang|p2a: Drampa\n|-activate|p2a: Drampa|move: Protect\n|\n|upkeep\n|turn|5\n|\n|t:|1776151616\n|move|p1b: Sinistcha|Rage Powder|p1b: Sinistcha\n|-singleturn|p1b: Sinistcha|move: Rage Powder\n|move|p2b: Alakazam|Speed Swap|p1b: Sinistcha\n|-activate|p2b: Alakazam|move: Speed Swap|[of] p1b: Sinistcha\n|move|p1a: Aerodactyl|Ice Fang|p2a: Drampa\n|-supereffective|p2a: Drampa|1\n|-damage|p2a: Drampa|3/100\n|move|p2a: Drampa|Hyper Voice|p1b: Sinistcha|[spread] p1a\n|-immune|p1b: Sinistcha\n|-resisted|p1a: Aerodactyl|1\n|-damage|p1a: Aerodactyl|55/100\n|\n|-sideend|p2: altb258|Reflect\n|upkeep\n|turn|6\n|\n|t:|1776151640\n|switch|p2a: Pelipper|Pelipper, L50, M|100/100\n|-weather|RainDance|[from] ability: Drizzle|[of] p2a: Pelipper\n|move|p1b: Sinistcha|Life Dew|p1b: Sinistcha|[spread] p1a,p1b\n|-heal|p1a: Aerodactyl|80/100\n|-heal|p1b: Sinistcha|81/100\n|move|p1a: Aerodactyl|Rock Slide|p2b: Alakazam|[spread] p2a,p2b\n|-supereffective|p2a: Pelipper|1\n|-damage|p2a: Pelipper|25/100\n|-damage|p2b: Alakazam|50/100\n|move|p2b: Alakazam|Reflect|p2b: Alakazam\n|-sidestart|p2: altb258|Reflect\n|\n|-weather|RainDance|[upkeep]\n|upkeep\n|turn|7\n|-message|altb258 forfeited.\n|\n|win|Bandytt\n|raw|Bandytt's rating: 1000 &rarr; <strong>1049</strong><br />(+49 for winning)\n|raw|altb258's rating: 1077 &rarr; <strong>1051</strong><br />(-26 for losing)\n|l|\u2606altb258\n|player|p2|\n",
  "uploadtime": 1776151726,
  "views": 24,
  "formatid": "gen9championsvgc2026regma",
  "rating": 1049,
  "private": 0,
  "password": null
}