{
  "id": "gen9championsvgc2026regma-2584704252",
  "format": "[Gen 9 Champions] VGC 2026 Reg M-A",
  "players": [
    "damp682",
    "guzzlordstrainer"
  ],
  "log": "|j|\u2606damp682\n|j|\u2606guzzlordstrainer\n|t:|1776277916\n|gametype|doubles\n|player|p1|damp682|170|1050\n|player|p2|guzzlordstrainer|101|1000\n|gen|9\n|tier|[Gen 9 Champions] VGC 2026 Reg M-A\n|rated|\n|rule|Species Clause: Limit one of each Pok\u00e9mon\n|rule|Item Clause: Limit 1 of each item\n|clearpoke\n|poke|p1|Incineroar, L50, M|\n|poke|p1|Farigiraf, L50, F|\n|poke|p1|Floette-Eternal, L50, F|\n|poke|p1|Sneasler, L50, M|\n|poke|p1|Alakazam, L50, M|\n|poke|p1|Oranguru, L50, F|\n|poke|p2|Aggron, L50, M|\n|poke|p2|Alakazam, L50, M|\n|poke|p2|Sinistcha, L50|\n|poke|p2|Floette-Eternal, L50, F|\n|poke|p2|Sneasler, L50, F|\n|poke|p2|Tyranitar, L50, M|\n|teampreview|4\n|inactive|Battle timer is ON: inactive players will automatically lose when time's up. (requested by damp682)\n|inactive|damp682 has 60 seconds left.\n|\n|t:|1776277955\n|teamsize|p1|4\n|teamsize|p2|4\n|start\n|switch|p1a: Floette|Floette-Eternal, L50, F|100/100\n|switch|p1b: Alakazam|Alakazam, L50, M|100/100\n|switch|p2a: Aggron|Aggron, L50, M|100/100\n|switch|p2b: Alakazam|Alakazam, L50, M|100/100\n|turn|1\n|inactive|damp682 has 30 seconds left.\n|inactive|guzzlordstrainer has 30 seconds left.\n|inactive|guzzlordstrainer has 20 seconds left.\n|inactive|guzzlordstrainer has 15 seconds left.\n|\n|t:|1776277995\n|switch|p1b: Incineroar|Incineroar, L50, M|100/100\n|-ability|p1b: Incineroar|Intimidate|boost\n|-unboost|p2a: Aggron|atk|1\n|-fail|p2b: Alakazam|unboost|Attack|[from] ability: Inner Focus|[of] p2b: Alakazam\n|detailschange|p2a: Aggron|Aggron-Mega, L50, M\n|-mega|p2a: Aggron|Aggron|Aggronite\n|move|p1a: Floette|Protect|p1a: Floette\n|-singleturn|p1a: Floette|Protect\n|move|p2b: Alakazam|Speed Swap|p2a: Aggron\n|-activate|p2b: Alakazam|move: Speed Swap|[of] p2a: Aggron\n|move|p2a: Aggron|Heavy Slam|p1a: Floette\n|-activate|p1a: Floette|move: Protect\n|\n|upkeep\n|turn|2\n|inactive|guzzlordstrainer has 30 seconds left.\n|inactive|guzzlordstrainer has 20 seconds left.\n|\n|t:|1776278035\n|detailschange|p1a: Floette|Floette-Mega, L50, F\n|-mega|p1a: Floette|Floette|Floettite\n|-ability|p1a: Floette|Fairy Aura\n|move|p2b: Alakazam|Protect|p2b: Alakazam\n|-singleturn|p2b: Alakazam|Protect\n|move|p1b: Incineroar|Fake Out|p2a: Aggron\n|-resisted|p2a: Aggron|1\n|-damage|p2a: Aggron|98/100\n|cant|p2a: Aggron|flinch\n|move|p1a: Floette|Moonblast|p2b: Alakazam\n|-activate|p2b: Alakazam|move: Protect\n|\n|upkeep\n|turn|3\n|\n|t:|1776278054\n|switch|p1a: Alakazam|Alakazam, L50, M|100/100\n|move|p2a: Aggron|Body Press|p1b: Incineroar\n|-supereffective|p1b: Incineroar|1\n|-damage|p1b: Incineroar|30/100\n|move|p1b: Incineroar|Flare Blitz|p2a: Aggron\n|-supereffective|p2a: Aggron|1\n|-damage|p2a: Aggron|58/100\n|-damage|p1b: Incineroar|18/100|[from] Recoil\n|move|p2b: Alakazam|Light Screen|p2b: Alakazam\n|-sidestart|p2: guzzlordstrainer|move: Light Screen\n|\n|upkeep\n|turn|4\n|\n|t:|1776278076\n|move|p1a: Alakazam|Light Screen|p1a: Alakazam\n|-sidestart|p1: damp682|move: Light Screen\n|move|p2a: Aggron|Iron Defense|p2a: Aggron\n|-boost|p2a: Aggron|def|2\n|move|p1b: Incineroar|Flare Blitz|p2a: Aggron\n|-supereffective|p2a: Aggron|1\n|-damage|p2a: Aggron|39/100\n|-damage|p1b: Incineroar|13/100|[from] Recoil\n|move|p2b: Alakazam|Speed Swap|p1a: Alakazam\n|-activate|p2b: Alakazam|move: Speed Swap|[of] p1a: Alakazam\n|\n|upkeep\n|turn|5\n|\n|t:|1776278097\n|move|p1a: Alakazam|Protect|p1a: Alakazam\n|-singleturn|p1a: Alakazam|Protect\n|move|p2a: Aggron|Body Press|p1b: Incineroar\n|-supereffective|p1b: Incineroar|1\n|-damage|p1b: Incineroar|0 fnt\n|faint|p1b: Incineroar\n|move|p2b: Alakazam|Psychic|p1a: Alakazam\n|-activate|p1a: Alakazam|move: Protect\n|\n|upkeep\n|\n|t:|1776278109\n|switch|p1b: Floette|Floette-Mega, L50, F|100/100\n|-ability|p1b: Floette|Fairy Aura\n|turn|6\n|\n|t:|1776278121\n|move|p2b: Alakazam|Protect|p2b: Alakazam\n|-singleturn|p2b: Alakazam|Protect\n|move|p2a: Aggron|Heavy Slam|p1b: Floette\n|-supereffective|p1b: Floette|1\n|-damage|p1b: Floette|27/100\n|move|p1b: Floette|Light of Ruin|p2a: Aggron\n|-resisted|p2a: Aggron|1\n|-damage|p2a: Aggron|0 fnt\n|faint|p2a: Aggron\n|-damage|p1b: Floette|7/100|[from] Recoil\n|move|p1a: Alakazam|Skill Swap|p1b: Floette\n|-activate|p1a: Alakazam|Skill Swap|||[of] p1b: Floette\n|-ability|p1a: Alakazam|Fairy Aura\n|\n|upkeep\n|\n|t:|1776278140\n|switch|p2a: Sneasler|Sneasler, L50, F|100/100\n|turn|7\n|\n|t:|1776278157\n|move|p1b: Floette|Protect|p1b: Floette\n|-singleturn|p1b: Floette|Protect\n|move|p2a: Sneasler|Fake Out|p1a: Alakazam\n|-damage|p1a: Alakazam|73/100\n|move|p2b: Alakazam|Psychic|p1b: Floette\n|-activate|p1b: Floette|move: Protect\n|cant|p1a: Alakazam|flinch\n|\n|-sideend|p2: guzzlordstrainer|move: Light Screen\n|upkeep\n|turn|8\n|\n|t:|1776278182\n|switch|p2a: Sinistcha|Sinistcha, L50|100/100\n|move|p1b: Floette|Protect||[still]\n|-fail|p1b: Floette\n|move|p2b: Alakazam|Psychic|p1b: Floette\n|-damage|p1b: Floette|0 fnt\n|faint|p1b: Floette\n|move|p1a: Alakazam|Psyshock|p2a: Sinistcha\n|-damage|p2a: Sinistcha|68/100\n|\n|-heal|p2a: Sinistcha|75/100|[from] item: Leftovers\n|-sideend|p1: damp682|move: Light Screen\n|upkeep\n|-message|damp682 forfeited.\n|\n|win|guzzlordstrainer\n|raw|damp682's rating: 1050 &rarr; <strong>1030</strong><br />(-20 for losing)\n|raw|guzzlordstrainer's rating: 1000 &rarr; <strong>1046</strong><br />(+46 for winning)\n|l|\u2606damp682\n|player|p1|\n",
  "uploadtime": 1776278196,
  "views": 34,
  "formatid": "gen9championsvgc2026regma",
  "rating": 1030,
  "private": 0,
  "password": null
}