{
  "id": "gen9championsvgc2026regma-2582352145",
  "format": "[Gen 9 Champions] VGC 2026 Reg M-A",
  "players": [
    "SimMikaze",
    "geets2306"
  ],
  "log": "|j|\u2606SimMikaze\n|j|\u2606geets2306\n|t:|1776085700\n|gametype|doubles\n|player|p1|SimMikaze|miku-ghost|1378\n|player|p2|geets2306|102|1463\n|gen|9\n|tier|[Gen 9 Champions] VGC 2026 Reg M-A\n|rated|\n|rule|Species Clause: Limit one of each Pok\u00e9mon\n|rule|Item Clause: Limit 1 of each item\n|clearpoke\n|poke|p1|Floette-Eternal, L50, F|\n|poke|p1|Maushold-Four, L50|\n|poke|p1|Garchomp, L50, F|\n|poke|p1|Talonflame, L50, F|\n|poke|p1|Sinistcha, L50|\n|poke|p1|Incineroar, L50, M|\n|poke|p2|Sinistcha-Masterpiece, L50|\n|poke|p2|Glimmora, L50, M|\n|poke|p2|Aggron, L50, F|\n|poke|p2|Dragapult, L50, M|\n|poke|p2|Floette-Eternal, L50, F|\n|poke|p2|Samurott-Hisui, L50, F|\n|teampreview|4\n|inactive|Battle timer is ON: inactive players will automatically lose when time's up. (requested by geets2306)\n|j| Junglebolt\n|l| Junglebolt\n|\n|t:|1776085731\n|teamsize|p1|4\n|teamsize|p2|4\n|start\n|switch|p1a: Floette|Floette-Eternal, L50, F|100/100\n|switch|p1b: Maushold|Maushold-Four, L50|100/100\n|switch|p2a: Glimmora|Glimmora, L50, M|100/100\n|switch|p2b: Aggron|Aggron, L50, F|100/100\n|turn|1\n|inactive|SimMikaze has 30 seconds left.\n|inactive|SimMikaze has 20 seconds left.\n|inactive|geets2306 has 30 seconds left.\n|\n|t:|1776085766\n|detailschange|p1a: Floette|Floette-Mega, L50, F\n|-mega|p1a: Floette|Floette|Floettite\n|-ability|p1a: Floette|Fairy Aura\n|move|p1b: Maushold|Follow Me|p1b: Maushold\n|-singleturn|p1b: Maushold|move: Follow Me\n|move|p2a: Glimmora|Sludge Wave|p1a: Floette|[spread] p1a,p1b\n|-immune|p2b: Aggron\n|-supereffective|p1a: Floette|1\n|-damage|p1a: Floette|60/100\n|-damage|p1b: Maushold|50/100\n|move|p1a: Floette|Calm Mind|p1a: Floette\n|-boost|p1a: Floette|spa|1\n|-boost|p1a: Floette|spd|1\n|move|p2b: Aggron|Heavy Slam|p1b: Maushold\n|-damage|p1b: Maushold|0 fnt\n|faint|p1b: Maushold\n|\n|upkeep\n|\n|t:|1776085791\n|switch|p1b: Garchomp|Garchomp, L50, F|100/100\n|turn|2\n|\n|t:|1776085812\n|move|p1a: Floette|Protect|p1a: Floette\n|-singleturn|p1a: Floette|Protect\n|move|p2b: Aggron|Protect|p2b: Aggron\n|-singleturn|p2b: Aggron|Protect\n|move|p2a: Glimmora|Sludge Wave|p1a: Floette|[spread] p1b\n|-activate|p2b: Aggron|move: Protect\n|-activate|p1a: Floette|move: Protect\n|-resisted|p1b: Garchomp|1\n|-damage|p1b: Garchomp|79/100\n|move|p1b: Garchomp|Earthquake|p2a: Glimmora|[spread] p2a\n|-activate|p1a: Floette|move: Protect\n|-activate|p2b: Aggron|move: Protect\n|-supereffective|p2a: Glimmora|2\n|-damage|p2a: Glimmora|0 fnt\n|-activate|p2a: Glimmora|ability: Toxic Debris\n|-sidestart|p1: SimMikaze|move: Toxic Spikes\n|faint|p2a: Glimmora\n|\n|upkeep\n|\n|t:|1776085827\n|switch|p2a: Floette|Floette-Eternal, L50, F|100/100\n|turn|3\n|j| Junglebolt\n|l| Junglebolt\n|\n|t:|1776085842\n|detailschange|p2a: Floette|Floette-Mega, L50, F\n|-mega|p2a: Floette|Floette|Floettite\n|-ability|p2a: Floette|Fairy Aura\n|move|p1b: Garchomp|Protect|p1b: Garchomp\n|-singleturn|p1b: Garchomp|Protect\n|move|p2a: Floette|Dazzling Gleam|p1a: Floette|[spread] p1a\n|-activate|p1b: Garchomp|move: Protect\n|-damage|p1a: Floette|39/100\n|move|p1a: Floette|Dazzling Gleam|p2b: Aggron|[spread] p2a,p2b\n|-resisted|p2b: Aggron|1\n|-damage|p2a: Floette|35/100\n|-damage|p2b: Aggron|55/100\n|move|p2b: Aggron|Heavy Slam|p1a: Floette\n|-supereffective|p1a: Floette|1\n|-damage|p1a: Floette|0 fnt\n|faint|p1a: Floette\n|\n|upkeep\n|\n|t:|1776085849\n|switch|p1a: Talonflame|Talonflame, L50, F|100/100\n|turn|4\n|j| Junglebolt\n|l| Junglebolt\n|\n|t:|1776085864\n|switch|p2b: Sinistcha|Sinistcha-Masterpiece, L50|100/100\n|-heal|p2a: Floette|59/100|[from] ability: Hospitality|[of] p2b: Sinistcha\n|move|p1a: Talonflame|Tailwind|p1a: Talonflame\n|-sidestart|p1: SimMikaze|move: Tailwind\n|move|p1b: Garchomp|Earthquake|p2b: Sinistcha|[spread] p2a,p2b\n|-immune|p1a: Talonflame\n|-resisted|p2b: Sinistcha|1\n|-crit|p2b: Sinistcha\n|-damage|p2a: Floette|11/100\n|-damage|p2b: Sinistcha|79/100\n|move|p2a: Floette|Dazzling Gleam|p1b: Garchomp|[spread] p1a,p1b\n|-resisted|p1a: Talonflame|1\n|-supereffective|p1b: Garchomp|1\n|-crit|p1b: Garchomp\n|-damage|p1a: Talonflame|69/100\n|-damage|p1b: Garchomp|0 fnt\n|faint|p1b: Garchomp\n|\n|upkeep\n|turn|5\n|inactive|SimMikaze has 30 seconds left.\n|c|\u2606geets2306|Gg\n|inactive|SimMikaze has 20 seconds left.\n|\n|t:|1776085903\n|move|p1a: Talonflame|Flare Blitz|p2a: Floette\n|-damage|p2a: Floette|0 fnt\n|faint|p2a: Floette\n|-damage|p1a: Talonflame|66/100|[from] Recoil\n|move|p2b: Sinistcha|Trick Room|p2b: Sinistcha\n|-fieldstart|move: Trick Room|[of] p2b: Sinistcha\n|\n|upkeep\n|\n|t:|1776085908\n|switch|p2a: Aggron|Aggron, L50, F|55/100\n|turn|6\n|\n|t:|1776085926\n|move|p2a: Aggron|Iron Defense|p2a: Aggron\n|-boost|p2a: Aggron|def|2\n|move|p2b: Sinistcha|Life Dew|p2b: Sinistcha|[spread] p2a,p2b\n|-heal|p2a: Aggron|80/100\n|-heal|p2b: Sinistcha|100/100\n|move|p1a: Talonflame|Flare Blitz|p2a: Aggron\n|-damage|p2a: Aggron|67/100\n|-damage|p1a: Talonflame|61/100|[from] Recoil\n|\n|upkeep\n|turn|7\n|-message|SimMikaze forfeited.\n|\n|win|geets2306\n|raw|SimMikaze's rating: 1378 &rarr; <strong>1363</strong><br />(-15 for losing)\n|raw|geets2306's rating: 1463 &rarr; <strong>1478</strong><br />(+15 for winning)\n",
  "uploadtime": 1776085935,
  "views": 20,
  "formatid": "gen9championsvgc2026regma",
  "rating": 1363,
  "private": 0,
  "password": null
}