{
  "id": "gen9championsvgc2026regma-2583728910",
  "format": "[Gen 9 Champions] VGC 2026 Reg M-A",
  "players": [
    "thepeasent",
    "snodlop"
  ],
  "log": "|j|\u2606thepeasent\n|j|\u2606snodlop\n|t:|1776193694\n|gametype|doubles\n|player|p1|thepeasent|gloria-dojo|1258\n|player|p2|snodlop|lady-gen4|1287\n|gen|9\n|tier|[Gen 9 Champions] VGC 2026 Reg M-A\n|rated|\n|rule|Species Clause: Limit one of each Pok\u00e9mon\n|rule|Item Clause: Limit 1 of each item\n|clearpoke\n|poke|p1|Glimmora, L50, M|\n|poke|p1|Tyranitar, L50, M|\n|poke|p1|Excadrill, L50, M|\n|poke|p1|Milotic, L50, M|\n|poke|p1|Sneasler, L50, F|\n|poke|p1|Rotom-Wash, L50|\n|poke|p2|Victreebel, L50, F|\n|poke|p2|Aerodactyl, L50, F|\n|poke|p2|Sinistcha, L50|\n|poke|p2|Aegislash, L50, F|\n|poke|p2|Crabominable, L50, F|\n|poke|p2|Toxapex, L50, F|\n|teampreview|4\n|inactive|Battle timer is ON: inactive players will automatically lose when time's up. (requested by thepeasent)\nsnodlop rejected open team sheets.\n|inactive|snodlop has 60 seconds left.\n|\n|t:|1776193751\n|teamsize|p1|4\n|teamsize|p2|4\n|start\n|switch|p1a: Glimmora|Glimmora, L50, M|100/100\n|switch|p1b: Tyranitar|Tyranitar, L50, M, shiny|100/100\n|switch|p2a: Aerodactyl|Aerodactyl, L50, F|100/100\n|switch|p2b: Aegislash|Aegislash, L50, F, shiny|100/100\n|-ability|p2a: Aerodactyl|Unnerve\n|-weather|Sandstorm|[from] ability: Sand Stream|[of] p1b: Tyranitar\n|turn|1\n|\n|t:|1776193772\n|detailschange|p1a: Glimmora|Glimmora-Mega, L50, M\n|-mega|p1a: Glimmora|Glimmora|Glimmoranite\n|move|p2a: Aerodactyl|Tailwind|p2a: Aerodactyl\n|-sidestart|p2: snodlop|move: Tailwind\n|move|p1a: Glimmora|Earth Power|p2b: Aegislash\n|-supereffective|p2b: Aegislash|1\n|-damage|p2b: Aegislash|45/100\n|-enditem|p2b: Aegislash|Sitrus Berry|[eat]\n|-heal|p2b: Aegislash|69/100|[from] item: Sitrus Berry\n|move|p2b: Aegislash|Swords Dance|p2b: Aegislash\n|-boost|p2b: Aegislash|atk|2\n|move|p1b: Tyranitar|Rock Slide|p2a: Aerodactyl|[spread] p2a\n|-miss|p1b: Tyranitar|p2b: Aegislash\n|-supereffective|p2a: Aerodactyl|1\n|-enditem|p2a: Aerodactyl|Focus Sash\n|-damage|p2a: Aerodactyl|1/100\n|\n|-weather|Sandstorm|[upkeep]\n|upkeep\n|turn|2\n|inactive|thepeasent has 30 seconds left.\n|inactive|snodlop has 30 seconds left.\n|inactive|snodlop has 20 seconds left.\n|inactive|thepeasent has 20 seconds left.\n|inactive|thepeasent has 15 seconds left.\n|\n|t:|1776193818\n|switch|p2a: Sinistcha|Sinistcha, L50|100/100\n|-heal|p2b: Aegislash|94/100|[from] ability: Hospitality|[of] p2a: Sinistcha\n|move|p1a: Glimmora|Spiky Shield|p1a: Glimmora\n|-singleturn|p1a: Glimmora|move: Protect\n|-formechange|p2b: Aegislash|Aegislash-Blade|\n|move|p2b: Aegislash|Iron Head|p1a: Glimmora\n|-activate|p1a: Glimmora|move: Protect\n|-damage|p2b: Aegislash|82/100|[from] Spiky Shield|[of] p1a: Glimmora\n|move|p1b: Tyranitar|Crunch|p2b: Aegislash\n|-supereffective|p2b: Aegislash|1\n|-damage|p2b: Aegislash|0 fnt\n|faint|p2b: Aegislash\n|\n|-weather|Sandstorm|[upkeep]\n|-damage|p2a: Sinistcha|94/100|[from] Sandstorm\n|upkeep\n|\n|t:|1776193828\n|switch|p2b: Crabominable|Crabominable, L50, F|100/100\n|turn|3\n|\n|t:|1776193848\n|move|p2a: Sinistcha|Matcha Gotcha|p1b: Tyranitar|[spread] p1a,p1b\n|-supereffective|p1b: Tyranitar|1\n|-damage|p1a: Glimmora|80/100\n|-heal|p2a: Sinistcha|100/100|[from] drain|[of] p1a: Glimmora\n|-damage|p1b: Tyranitar|71/100\n|-status|p1b: Tyranitar|brn\n|move|p1a: Glimmora|Power Gem|p2b: Crabominable\n|-damage|p2b: Crabominable|32/100\n|move|p2b: Crabominable|Liquidation|p1a: Glimmora\n|-supereffective|p1a: Glimmora|1\n|-damage|p1a: Glimmora|13/100\n|-unboost|p1a: Glimmora|def|1\n|move|p1b: Tyranitar|Crunch|p2a: Sinistcha\n|-supereffective|p2a: Sinistcha|1\n|-damage|p2a: Sinistcha|68/100\n|\n|-weather|Sandstorm|[upkeep]\n|-damage|p2a: Sinistcha|62/100|[from] Sandstorm\n|-damage|p2b: Crabominable|26/100|[from] Sandstorm\n|-damage|p1b: Tyranitar|65/100 brn|[from] brn\n|upkeep\n|turn|4\n|inactive|snodlop has 30 seconds left.\n|\n|t:|1776193879\n|move|p1a: Glimmora|Spiky Shield|p1a: Glimmora\n|-singleturn|p1a: Glimmora|move: Protect\n|move|p2b: Crabominable|Protect|p2b: Crabominable\n|-singleturn|p2b: Crabominable|Protect\n|move|p2a: Sinistcha|Matcha Gotcha|p1b: Tyranitar|[spread] p1b\n|-activate|p1a: Glimmora|move: Protect\n|-supereffective|p1b: Tyranitar|1\n|-damage|p1b: Tyranitar|33/100 brn\n|-heal|p2a: Sinistcha|79/100|[from] drain|[of] p1b: Tyranitar\n|move|p1b: Tyranitar|Rock Slide|p2b: Crabominable|[spread] p2a\n|-activate|p2b: Crabominable|move: Protect\n|-damage|p2a: Sinistcha|67/100\n|\n|-weather|Sandstorm|[upkeep]\n|-damage|p2a: Sinistcha|61/100|[from] Sandstorm\n|-damage|p2b: Crabominable|20/100|[from] Sandstorm\n|-damage|p1b: Tyranitar|27/100 brn|[from] brn\n|-sideend|p2: snodlop|move: Tailwind\n|upkeep\n|turn|5\n|inactive|snodlop has 30 seconds left.\n|inactive|snodlop has 20 seconds left.\n|\n|t:|1776193916\n|move|p2b: Crabominable|Protect||[still]\n|-fail|p2b: Crabominable\n|move|p1a: Glimmora|Sludge Bomb|p2a: Sinistcha\n|-damage|p2a: Sinistcha|0 fnt\n|faint|p2a: Sinistcha\n|move|p1b: Tyranitar|Rock Slide|p2b: Crabominable\n|-damage|p2b: Crabominable|0 fnt\n|faint|p2b: Crabominable\n|\n|-weather|none\n|-damage|p1b: Tyranitar|21/100 brn|[from] brn\n|upkeep\n|\n|t:|1776193925\n|switch|p2a: Aerodactyl|Aerodactyl, L50, F|1/100\n|-ability|p2a: Aerodactyl|Unnerve\n|turn|6\n|\n|t:|1776193933\n|move|p1a: Glimmora|Spiky Shield|p1a: Glimmora\n|-singleturn|p1a: Glimmora|move: Protect\n|move|p2a: Aerodactyl|Rock Slide|p1b: Tyranitar|[spread] p1b\n|-activate|p1a: Glimmora|move: Protect\n|-damage|p1b: Tyranitar|3/100 brn\n|move|p1b: Tyranitar|Crunch|p2a: Aerodactyl\n|-damage|p2a: Aerodactyl|0 fnt\n|faint|p2a: Aerodactyl\n|\n|win|thepeasent\n|raw|thepeasent's rating: 1258 &rarr; <strong>1285</strong><br />(+27 for winning)\n|raw|snodlop's rating: 1287 &rarr; <strong>1260</strong><br />(-27 for losing)\n|l|\u2606snodlop\n|player|p2|\n",
  "uploadtime": 1776193946,
  "views": 56,
  "formatid": "gen9championsvgc2026regma",
  "rating": 1260,
  "private": 0,
  "password": null
}