{
  "id": "gen9championsvgc2026regma-2585932805",
  "format": "[Gen 9 Champions] VGC 2026 Reg M-A",
  "players": [
    "loklastaji",
    "thegreencoconut"
  ],
  "log": "|j|\u2606loklastaji\n|j|\u2606thegreencoconut\n|t:|1776382697\n|gametype|doubles\n|player|p1|loklastaji|265|1178\n|player|p2|thegreencoconut|blackbelt-gen4dp|1079\n|gen|9\n|tier|[Gen 9 Champions] VGC 2026 Reg M-A\n|rated|\n|rule|Species Clause: Limit one of each Pok\u00e9mon\n|rule|Item Clause: Limit 1 of each item\n|clearpoke\n|poke|p1|Samurott-Hisui, L50, F|\n|poke|p1|Delphox, L50, F|\n|poke|p1|Tinkaton, L50, F|\n|poke|p1|Decidueye-Hisui, L50, F|\n|poke|p1|Dragonite, L50, M|\n|poke|p1|Farigiraf, L50, M|\n|poke|p2|Heracross, L50, F|\n|poke|p2|Whimsicott, L50, F|\n|poke|p2|Tyranitar, L50, M|\n|poke|p2|Incineroar, L50, M|\n|poke|p2|Rotom-Wash, L50|\n|poke|p2|Dragapult, L50, F|\n|teampreview|4\n|inactive|Battle timer is ON: inactive players will automatically lose when time's up. (requested by thegreencoconut)\n|inactive|loklastaji has 60 seconds left.\n|\n|t:|1776382733\n|teamsize|p1|4\n|teamsize|p2|4\n|start\n|switch|p1a: Tinkaton|Tinkaton, L50, F|100/100\n|switch|p1b: Samurott|Samurott-Hisui, L50, F|100/100\n|switch|p2a: Whimsicott|Whimsicott, L50, F, shiny|100/100\n|switch|p2b: Heracross|Heracross, L50, F|100/100\n|turn|1\n|inactive|loklastaji has 30 seconds left.\n|\n|t:|1776382766\n|detailschange|p2b: Heracross|Heracross-Mega, L50, F\n|-mega|p2b: Heracross|Heracross|Heracronite\n|move|p2a: Whimsicott|Tailwind|p2a: Whimsicott\n|-sidestart|p2: thegreencoconut|move: Tailwind\n|move|p1b: Samurott|Sucker Punch|p2b: Heracross\n|-resisted|p2b: Heracross|1\n|-damage|p2b: Heracross|84/100\n|move|p2b: Heracross|Pin Missile|p1b: Samurott\n|-supereffective|p1b: Samurott|1\n|-damage|p1b: Samurott|58/100\n|-supereffective|p1b: Samurott|1\n|-damage|p1b: Samurott|12/100\n|-supereffective|p1b: Samurott|1\n|-damage|p1b: Samurott|0 fnt\n|faint|p1b: Samurott\n|-hitcount|p1: Samurott|3\n|move|p1a: Tinkaton|Gigaton Hammer|p2b: Heracross\n|-damage|p2b: Heracross|33/100\n|\n|upkeep\n|\n|t:|1776382788\n|switch|p1b: Dragonite|Dragonite, L50, M|100/100\n|turn|2\n|\n|t:|1776382801\n|move|p1b: Dragonite|Protect|p1b: Dragonite\n|-singleturn|p1b: Dragonite|Protect\n|move|p2a: Whimsicott|Encore|p1a: Tinkaton\n|-start|p1a: Tinkaton|Encore\n|move|p2b: Heracross|Rock Blast|p1b: Dragonite\n|-activate|p1b: Dragonite|move: Protect\n|move|p1a: Tinkaton|Gigaton Hammer|p2a: Whimsicott\n|-supereffective|p2a: Whimsicott|1\n|-damage|p2a: Whimsicott|2/100\n|-hint|Some effects can force a Pokemon to use Gigaton Hammer again in a row.\n|\n|upkeep\n|turn|3\n|c|\u2606thegreencoconut|oh crap thats how it works\n|\n|t:|1776382826\n|switch|p1a: Decidueye|Decidueye-Hisui, L50, F|100/100\n|detailschange|p1b: Dragonite|Dragonite-Mega, L50, M\n|-mega|p1b: Dragonite|Dragonite|Dragoninite\n|move|p2a: Whimsicott|Encore|p1b: Dragonite\n|-start|p1b: Dragonite|Encore\n|move|p1b: Dragonite|Protect||[still]\n|-fail|p1b: Dragonite\n|move|p2b: Heracross|Rock Blast|p1b: Dragonite\n|-supereffective|p1b: Dragonite|1\n|-damage|p1b: Dragonite|88/100\n|-supereffective|p1b: Dragonite|1\n|-damage|p1b: Dragonite|64/100\n|-supereffective|p1b: Dragonite|1\n|-damage|p1b: Dragonite|38/100\n|-supereffective|p1b: Dragonite|1\n|-damage|p1b: Dragonite|14/100\n|-supereffective|p1b: Dragonite|1\n|-damage|p1b: Dragonite|0 fnt\n|faint|p1b: Dragonite\n|-hitcount|p1: Dragonite|5\n|\n|upkeep\n|\n|t:|1776382845\n|switch|p1b: Tinkaton|Tinkaton, L50, F|100/100\n|turn|4\n|inactive|loklastaji has 30 seconds left.\n|\n|t:|1776382878\n|move|p2b: Heracross|Protect|p2b: Heracross\n|-singleturn|p2b: Heracross|Protect\n|move|p1b: Tinkaton|Fake Out|p2a: Whimsicott\n|-damage|p2a: Whimsicott|0 fnt\n|faint|p2a: Whimsicott\n|move|p1a: Decidueye|Close Combat|p2b: Heracross\n|-activate|p2b: Heracross|move: Protect\n|\n|-sideend|p2: thegreencoconut|move: Tailwind\n|upkeep\n|\n|t:|1776382888\n|switch|p2a: Incineroar|Incineroar, L50, M|100/100\n|-ability|p2a: Incineroar|Intimidate|boost\n|-fail|p1a: Decidueye|unboost|Attack|[from] ability: Scrappy|[of] p1a: Decidueye\n|-fail|p1b: Tinkaton|unboost|Attack|[from] ability: Own Tempo|[of] p1b: Tinkaton\n|turn|5\n|\n|t:|1776382912\n|move|p2a: Incineroar|Fake Out|p1a: Decidueye\n|-damage|p1a: Decidueye|86/100\n|cant|p1a: Decidueye|flinch\n|move|p1b: Tinkaton|Gigaton Hammer|p2b: Heracross\n|-damage|p2b: Heracross|0 fnt\n|faint|p2b: Heracross\n|\n|upkeep\n|\n|t:|1776382921\n|switch|p2b: Rotom|Rotom-Wash, L50, shiny|100/100\n|turn|6\n|\n|t:|1776382935\n|move|p1a: Decidueye|Close Combat|p2a: Incineroar\n|-supereffective|p2a: Incineroar|1\n|-damage|p2a: Incineroar|2/100\n|-unboost|p1a: Decidueye|def|1\n|-unboost|p1a: Decidueye|spd|1\n|-enditem|p2a: Incineroar|Sitrus Berry|[eat]\n|-heal|p2a: Incineroar|27/100|[from] item: Sitrus Berry\n|move|p1b: Tinkaton|Play Rough|p2b: Rotom\n|-damage|p2b: Rotom|69/100\n|move|p2b: Rotom|Will-O-Wisp|p1a: Decidueye\n|-status|p1a: Decidueye|brn\n|move|p2a: Incineroar|Flare Blitz|p1b: Tinkaton\n|-supereffective|p1b: Tinkaton|1\n|-enditem|p1b: Tinkaton|Focus Sash\n|-damage|p1b: Tinkaton|1/100\n|-damage|p2a: Incineroar|1/100|[from] Recoil\n|\n|-heal|p2b: Rotom|75/100|[from] item: Leftovers\n|-damage|p1a: Decidueye|80/100 brn|[from] brn\n|upkeep\n|turn|7\n|inactive|loklastaji has 30 seconds left.\n|\n|t:|1776382961\n|move|p2a: Incineroar|Protect|p2a: Incineroar\n|-singleturn|p2a: Incineroar|Protect\n|move|p1a: Decidueye|Close Combat|p2a: Incineroar\n|-activate|p2a: Incineroar|move: Protect\n|move|p1b: Tinkaton|Gigaton Hammer|p2b: Rotom\n|-resisted|p2b: Rotom|2\n|-damage|p2b: Rotom|63/100\n|move|p2b: Rotom|Thunderbolt|p1b: Tinkaton\n|-damage|p1b: Tinkaton|0 fnt\n|faint|p1b: Tinkaton\n|\n|-heal|p2b: Rotom|69/100|[from] item: Leftovers\n|-damage|p1a: Decidueye|74/100 brn|[from] brn\n|upkeep\n|turn|8\n|\n|t:|1776382983\n|move|p1a: Decidueye|Close Combat|p2a: Incineroar\n|-supereffective|p2a: Incineroar|1\n|-damage|p2a: Incineroar|0 fnt\n|-unboost|p1a: Decidueye|def|1\n|-unboost|p1a: Decidueye|spd|1\n|faint|p2a: Incineroar\n|move|p2b: Rotom|Thunderbolt|p1a: Decidueye\n|-resisted|p1a: Decidueye|1\n|-damage|p1a: Decidueye|35/100 brn\n|\n|-heal|p2b: Rotom|74/100|[from] item: Leftovers\n|-damage|p1a: Decidueye|29/100 brn|[from] brn\n|upkeep\n|turn|9\n|\n|t:|1776382995\n|move|p1a: Decidueye|Close Combat|p2b: Rotom\n|-damage|p2b: Rotom|49/100\n|-unboost|p1a: Decidueye|def|1\n|-unboost|p1a: Decidueye|spd|1\n|move|p2b: Rotom|Thunderbolt|p1a: Decidueye\n|-resisted|p1a: Decidueye|1\n|-damage|p1a: Decidueye|0 fnt\n|faint|p1a: Decidueye\n|\n|win|thegreencoconut\n|raw|loklastaji's rating: 1178 &rarr; <strong>1146</strong><br />(-32 for losing)\n|raw|thegreencoconut's rating: 1079 &rarr; <strong>1115</strong><br />(+36 for winning)\n",
  "uploadtime": 1776383005,
  "views": 15,
  "formatid": "gen9championsvgc2026regma",
  "rating": 1115,
  "private": 0,
  "password": null
}