{
  "id": "gen9championsvgc2026regma-2586738821",
  "format": "[Gen 9 Champions] VGC 2026 Reg M-A",
  "players": [
    "MrBaggins12344",
    "FragZ2004"
  ],
  "log": "|j|\u2606MrBaggins12344\n|j|\u2606FragZ2004\n|t:|1776456088\n|gametype|doubles\n|player|p1|MrBaggins12344|ghetsis-gen5bw|1042\n|player|p2|FragZ2004|102|1066\n|gen|9\n|tier|[Gen 9 Champions] VGC 2026 Reg M-A\n|rated|\n|rule|Species Clause: Limit one of each Pok\u00e9mon\n|rule|Item Clause: Limit 1 of each item\n|clearpoke\n|poke|p1|Charizard, L50, M|\n|poke|p1|Venusaur, L50, F|\n|poke|p1|Incineroar, L50, F|\n|poke|p1|Garchomp, L50, F|\n|poke|p1|Torkoal, L50, F|\n|poke|p1|Oranguru, L50, F|\n|poke|p2|Charizard, L50, M|\n|poke|p2|Venusaur, L50, M|\n|poke|p2|Garchomp, L50, F|\n|poke|p2|Rotom-Wash, L50|\n|poke|p2|Sneasler, L50, F|\n|poke|p2|Incineroar, L50, M|\n|teampreview|4\nMrBaggins12344 has agreed to open team sheets.\nFragZ2004 has agreed to open team sheets.\n|showteam|p1|Charizard||CharizarditeY|Blaze|Protect,HeatWave,WeatherBall,SolarBeam|||M|||50|]Venusaur||FocusSash|Chlorophyll|Protect,SleepPowder,LeafStorm,SludgeBomb|||F|||50|]Incineroar||SitrusBerry|Intimidate|FlareBlitz,FakeOut,PartingShot,ThroatChop|||F|||50|]Garchomp||ChoiceScarf|RoughSkin|Earthquake,DragonClaw,RockSlide,FireFang|||F|||50|]Torkoal||Charcoal|Drought|Protect,Eruption,BodyPress,HeatWave|||F|||50|]Oranguru||MentalHerb|Telepathy|Protect,TrickRoom,Instruct,Psychic|||F|||50|\n|showteam|p2|Charizard||CharizarditeY|SolarPower|HeatWave,SolarBeam,WeatherBall,Protect|||M|||50|]Venusaur||FocusSash|Chlorophyll|LeafStorm,SludgeBomb,SleepPowder,Protect|||M|||50|]Garchomp||ChoiceScarf|RoughSkin|Earthquake,IronHead,DragonClaw,RockSlide|||F|||50|]Rotom-Wash||Leftovers|Levitate|VoltSwitch,Thunderbolt,HydroPump,Protect||||||50|]Sneasler||WhiteHerb|Unburden|FakeOut,CloseCombat,RockTomb,DireClaw|||F|||50|]Incineroar||SitrusBerry|Intimidate|FakeOut,FlareBlitz,PartingShot,DarkestLariat|||M|||50|\n|inactive|Battle timer is ON: inactive players will automatically lose when time's up. (requested by MrBaggins12344)\n|inactive|MrBaggins12344 has 60 seconds left.\n|inactive|FragZ2004 has 60 seconds left.\n|\n|t:|1776456149\n|teamsize|p1|4\n|teamsize|p2|4\n|start\n|switch|p1a: Incineroar|Incineroar, L50, F|100/100\n|switch|p1b: Oranguru|Oranguru, L50, F|100/100\n|switch|p2a: Sneasler|Sneasler, L50, F|100/100\n|switch|p2b: Rotom|Rotom-Wash, L50, shiny|100/100\n|-ability|p1a: Incineroar|Intimidate|boost\n|-unboost|p2a: Sneasler|atk|1\n|-unboost|p2b: Rotom|atk|1\n|-enditem|p2a: Sneasler|White Herb\n|-clearnegativeboost|p2a: Sneasler|[silent]\n|turn|1\n|\n|t:|1776456166\n|move|p2a: Sneasler|Fake Out|p1a: Incineroar\n|-damage|p1a: Incineroar|86/100\n|cant|p1a: Incineroar|flinch\n|move|p2b: Rotom|Hydro Pump|p1a: Incineroar\n|-supereffective|p1a: Incineroar|1\n|-damage|p1a: Incineroar|24/100\n|-enditem|p1a: Incineroar|Sitrus Berry|[eat]\n|-heal|p1a: Incineroar|49/100|[from] item: Sitrus Berry\n|move|p1b: Oranguru|Trick Room|p1b: Oranguru\n|-fieldstart|move: Trick Room|[of] p1b: Oranguru\n|\n|upkeep\n|turn|2\n|inactive|FragZ2004 has 30 seconds left.\n|inactive|FragZ2004 has 20 seconds left.\n|inactive|FragZ2004 has 15 seconds left.\n|\n|t:|1776456211\n|switch|p2a: Garchomp|Garchomp, L50, F|100/100\n|move|p1b: Oranguru|Psychic|p2a: Garchomp\n|-damage|p2a: Garchomp|67/100\n|move|p1a: Incineroar|Parting Shot|p2b: Rotom\n|-unboost|p2b: Rotom|atk|1\n|-unboost|p2b: Rotom|spa|1\n|\n|t:|1776456223\n|switch|p1a: Torkoal|Torkoal, L50, F|100/100|[from] Parting Shot\n|-weather|SunnyDay|[from] ability: Drought|[of] p1a: Torkoal\n|move|p2b: Rotom|Hydro Pump|p1a: Torkoal|[miss]\n|-miss|p2b: Rotom|p1a: Torkoal\n|\n|-weather|SunnyDay|[upkeep]\n|upkeep\n|turn|3\n|\n|t:|1776456241\n|move|p1a: Torkoal|Eruption|p2a: Garchomp|[spread] p2a,p2b\n|-resisted|p2a: Garchomp|1\n|-resisted|p2b: Rotom|1\n|-damage|p2a: Garchomp|16/100\n|-damage|p2b: Rotom|54/100\n|move|p1b: Oranguru|Instruct|p1a: Torkoal\n|-singleturn|p1a: Torkoal|move: Instruct|[of] p1b: Oranguru\n|move|p1a: Torkoal|Eruption|p2b: Rotom|[spread] p2a,p2b\n|-resisted|p2a: Garchomp|1\n|-resisted|p2b: Rotom|1\n|-damage|p2a: Garchomp|0 fnt\n|-damage|p2b: Rotom|10/100\n|faint|p2a: Garchomp\n|move|p2b: Rotom|Hydro Pump|p1a: Torkoal\n|-supereffective|p1a: Torkoal|1\n|-damage|p1a: Torkoal|59/100\n|\n|-weather|SunnyDay|[upkeep]\n|-heal|p2b: Rotom|16/100|[from] item: Leftovers\n|upkeep\n|\n|t:|1776456257\n|switch|p2a: Sneasler|Sneasler, L50, F|100/100\n|turn|4\n|\n|t:|1776456279\n|move|p2a: Sneasler|Fake Out|p1a: Torkoal\n|-damage|p1a: Torkoal|47/100\n|cant|p1a: Torkoal|flinch\n|move|p1b: Oranguru|Psychic|p2a: Sneasler\n|-supereffective|p2a: Sneasler|2\n|-damage|p2a: Sneasler|0 fnt\n|faint|p2a: Sneasler\n|move|p2b: Rotom|Volt Switch|p1b: Oranguru\n|-damage|p1b: Oranguru|87/100\n|\n|t:|1776456285\n|switch|p2b: Charizard|Charizard, L50, M, shiny|100/100|[from] Volt Switch\n|\n|-weather|SunnyDay|[upkeep]\n|-damage|p2b: Charizard|88/100|[from] ability: Solar Power|[of] p2b: Charizard\n|upkeep\n|\n|t:|1776456291\n|switch|p2a: Rotom|Rotom-Wash, L50, shiny|16/100\n|turn|5\n|\n|t:|1776456308\n|detailschange|p2b: Charizard|Charizard-Mega-Y, L50, M, shiny\n|-mega|p2b: Charizard|Charizard|Charizardite Y\n|move|p1a: Torkoal|Heat Wave|p2a: Rotom|[spread] p2a,p2b\n|-resisted|p2a: Rotom|1\n|-resisted|p2b: Charizard|1\n|-crit|p2b: Charizard\n|-damage|p2a: Rotom|0 fnt\n|-damage|p2b: Charizard|45/100\n|faint|p2a: Rotom\n|move|p1b: Oranguru|Instruct|p1a: Torkoal\n|-singleturn|p1a: Torkoal|move: Instruct|[of] p1b: Oranguru\n|move|p1a: Torkoal|Heat Wave|p2b: Charizard\n|-resisted|p2b: Charizard|1\n|-damage|p2b: Charizard|10/100\n|move|p2b: Charizard|Weather Ball|p1b: Oranguru\n|-damage|p1b: Oranguru|30/100\n|\n|-weather|SunnyDay|[upkeep]\n|-fieldend|move: Trick Room\n|upkeep\n|turn|6\n|\n|t:|1776456326\n|move|p2b: Charizard|Weather Ball|p1b: Oranguru\n|-damage|p1b: Oranguru|0 fnt\n|faint|p1b: Oranguru\n|move|p1a: Torkoal|Eruption|p2b: Charizard\n|-resisted|p2b: Charizard|1\n|-damage|p2b: Charizard|0 fnt\n|faint|p2b: Charizard\n|\n|win|MrBaggins12344\n|raw|MrBaggins12344's rating: 1042 &rarr; <strong>1078</strong><br />(+36 for winning)\n|raw|FragZ2004's rating: 1066 &rarr; <strong>1045</strong><br />(-21 for losing)\n|l|\u2606FragZ2004\n|player|p2|\n",
  "uploadtime": 1776456387,
  "views": 41,
  "formatid": "gen9championsvgc2026regma",
  "rating": 1045,
  "private": 0,
  "password": null
}