{
  "id": "gen9championsvgc2026regma-2585855446",
  "format": "[Gen 9 Champions] VGC 2026 Reg M-A",
  "players": [
    "airpodjuniors",
    "Asclepeus"
  ],
  "log": "|j|\u2606airpodjuniors\n|j|\u2606Asclepeus\n|t:|1776375833\n|gametype|doubles\n|player|p1|airpodjuniors|266|1300\n|player|p2|Asclepeus|1|1272\n|gen|9\n|tier|[Gen 9 Champions] VGC 2026 Reg M-A\n|rated|\n|rule|Species Clause: Limit one of each Pok\u00e9mon\n|rule|Item Clause: Limit 1 of each item\n|clearpoke\n|poke|p1|Tyranitar, L50, M|\n|poke|p1|Garchomp, L50, M|\n|poke|p1|Primarina, L50, M|\n|poke|p1|Incineroar, L50, M|\n|poke|p1|Gardevoir, L50, M|\n|poke|p1|Sinistcha-Masterpiece, L50|\n|poke|p2|Archaludon, L50, M|\n|poke|p2|Incineroar, L50, M|\n|poke|p2|Tyranitar, L50, M|\n|poke|p2|Rotom-Wash, L50|\n|poke|p2|Excadrill, L50, F|\n|poke|p2|Delphox, L50, F|\n|teampreview|4\n|inactive|Battle timer is ON: inactive players will automatically lose when time's up. (requested by Asclepeus)\n|\n|t:|1776375899\n|teamsize|p1|4\n|teamsize|p2|4\n|start\n|switch|p1a: Primarina|Primarina, L50, M|100/100\n|switch|p1b: Incineroar|Incineroar, L50, M|100/100\n|switch|p2a: Incineroar|Incineroar, L50, M|100/100\n|switch|p2b: Rotom|Rotom-Wash, L50|100/100\n|-ability|p1b: Incineroar|Intimidate|boost\n|-unboost|p2a: Incineroar|atk|1\n|-unboost|p2b: Rotom|atk|1\n|-ability|p2a: Incineroar|Intimidate|boost\n|-unboost|p1a: Primarina|atk|1\n|-unboost|p1b: Incineroar|atk|1\n|turn|1\n|inactive|Asclepeus has 30 seconds left.\n|\n|t:|1776375926\n|move|p1b: Incineroar|Fake Out|p2b: Rotom\n|-damage|p2b: Rotom|94/100\n|move|p2a: Incineroar|Fake Out|p1a: Primarina\n|-damage|p1a: Primarina|91/100\n|cant|p2b: Rotom|flinch\n|cant|p1a: Primarina|flinch\n|\n|upkeep\n|turn|2\n|\n|t:|1776375943\n|move|p2b: Rotom|Volt Switch|p1a: Primarina\n|-supereffective|p1a: Primarina|1\n|-damage|p1a: Primarina|46/100\n|\n|t:|1776375954\n|switch|p2b: Tyranitar|Tyranitar, L50, M|100/100|[from] Volt Switch\n|-weather|Sandstorm|[from] ability: Sand Stream|[of] p2b: Tyranitar\n|move|p1b: Incineroar|Parting Shot|p2b: Tyranitar\n|-unboost|p2b: Tyranitar|atk|1\n|-unboost|p2b: Tyranitar|spa|1\n|\n|t:|1776375964\n|switch|p1b: Garchomp|Garchomp, L50, M|100/100|[from] Parting Shot\n|move|p2a: Incineroar|Snarl|p1a: Primarina|[spread] p1a,p1b\n|-resisted|p1a: Primarina|1\n|-damage|p1a: Primarina|42/100\n|-damage|p1b: Garchomp|89/100\n|-unboost|p1a: Primarina|spa|1\n|-unboost|p1b: Garchomp|spa|1\n|move|p1a: Primarina|Hyper Voice|p2a: Incineroar|[spread] p2a,p2b\n|-supereffective|p2a: Incineroar|1\n|-supereffective|p2b: Tyranitar|1\n|-damage|p2a: Incineroar|46/100\n|-damage|p2b: Tyranitar|75/100\n|\n|-weather|Sandstorm|[upkeep]\n|-damage|p1a: Primarina|36/100|[from] Sandstorm\n|-damage|p2a: Incineroar|40/100|[from] Sandstorm\n|upkeep\n|turn|3\n|\n|t:|1776375985\n|switch|p1a: Incineroar|Incineroar, L50, M|100/100\n|-ability|p1a: Incineroar|Intimidate|boost\n|-unboost|p2a: Incineroar|atk|1\n|-unboost|p2b: Tyranitar|atk|1\n|switch|p2a: Rotom|Rotom-Wash, L50|94/100\n|move|p2b: Tyranitar|Protect|p2b: Tyranitar\n|-singleturn|p2b: Tyranitar|Protect\n|move|p1b: Garchomp|Stomping Tantrum|p2a: Rotom\n|-immune|p2a: Rotom|[from] ability: Levitate\n|\n|-weather|Sandstorm|[upkeep]\n|-damage|p2a: Rotom|88/100|[from] Sandstorm\n|-damage|p1a: Incineroar|95/100|[from] Sandstorm\n|upkeep\n|turn|4\n|\n|t:|1776376004\n|switch|p2b: Incineroar|Incineroar, L50, M|40/100\n|-ability|p2b: Incineroar|Intimidate|boost\n|-unboost|p1a: Incineroar|atk|1\n|-unboost|p1b: Garchomp|atk|1\n|move|p1a: Incineroar|Fake Out|p2a: Rotom\n|-damage|p2a: Rotom|82/100\n|move|p1b: Garchomp|Stomping Tantrum|p2b: Incineroar\n|-supereffective|p2b: Incineroar|1\n|-damage|p2b: Incineroar|0 fnt\n|faint|p2b: Incineroar\n|cant|p2a: Rotom|flinch\n|\n|-weather|Sandstorm|[upkeep]\n|-damage|p2a: Rotom|76/100|[from] Sandstorm\n|-damage|p1a: Incineroar|89/100|[from] Sandstorm\n|upkeep\n|\n|t:|1776376015\n|switch|p2b: Excadrill|Excadrill, L50, F|100/100\n|turn|5\n|\n|t:|1776376029\n|switch|p1b: Primarina|Primarina, L50, M|36/100\n|move|p2b: Excadrill|Earthquake|p1b: Primarina|[spread] p1a,p1b\n|-immune|p2a: Rotom|[from] ability: Levitate\n|-supereffective|p1a: Incineroar|1\n|-damage|p1a: Incineroar|8/100\n|-damage|p1b: Primarina|0 fnt\n|-enditem|p1a: Incineroar|Sitrus Berry|[eat]\n|-heal|p1a: Incineroar|33/100|[from] item: Sitrus Berry\n|faint|p1b: Primarina\n|move|p2a: Rotom|Will-O-Wisp|p1a: Incineroar|[miss]\n|-miss|p2a: Rotom|p1a: Incineroar\n|move|p1a: Incineroar|Parting Shot|p2b: Excadrill\n|-unboost|p2b: Excadrill|atk|1\n|-unboost|p2b: Excadrill|spa|1\n|\n|t:|1776376042\n|switch|p1a: Garchomp|Garchomp, L50, M|89/100|[from] Parting Shot\n|\n|-weather|Sandstorm|[upkeep]\n|-damage|p2a: Rotom|71/100|[from] Sandstorm\n|upkeep\n|\n|t:|1776376047\n|switch|p1b: Incineroar|Incineroar, L50, M|33/100\n|-ability|p1b: Incineroar|Intimidate|boost\n|-unboost|p2a: Rotom|atk|1\n|-unboost|p2b: Excadrill|atk|1\n|turn|6\n|\n|t:|1776376070\n|switch|p2a: Tyranitar|Tyranitar, L50, M|75/100\n|move|p2b: Excadrill|Protect|p2b: Excadrill\n|-singleturn|p2b: Excadrill|Protect\n|move|p1b: Incineroar|Fake Out|p2a: Tyranitar\n|-resisted|p2a: Tyranitar|1\n|-damage|p2a: Tyranitar|71/100\n|move|p1a: Garchomp|Dragon Claw|p2a: Tyranitar\n|-damage|p2a: Tyranitar|34/100\n|\n|-weather|none\n|upkeep\n|turn|7\n|-message|Asclepeus forfeited.\n|\n|win|airpodjuniors\n|raw|airpodjuniors's rating: 1300 &rarr; <strong>1323</strong><br />(+23 for winning)\n|raw|Asclepeus's rating: 1272 &rarr; <strong>1249</strong><br />(-23 for losing)\n|l|\u2606Asclepeus\n|player|p2|\n",
  "uploadtime": 1776376083,
  "views": 42,
  "formatid": "gen9championsvgc2026regma",
  "rating": 1249,
  "private": 0,
  "password": null
}