{
  "id": "gen9championsvgc2026regma-2586627267",
  "format": "[Gen 9 Champions] VGC 2026 Reg M-A",
  "players": [
    "RNG can't stop me",
    "mlpnokjik"
  ],
  "log": "|j|\u2606RNG can't stop me\n|j|\u2606mlpnokjik\n|t:|1776447862\n|gametype|doubles\n|player|p1|RNG can't stop me|n|1043\n|player|p2|mlpnokjik|265|1075\n|gen|9\n|tier|[Gen 9 Champions] VGC 2026 Reg M-A\n|rated|\n|rule|Species Clause: Limit one of each Pok\u00e9mon\n|rule|Item Clause: Limit 1 of each item\n|clearpoke\n|poke|p1|Excadrill, L50, F|\n|poke|p1|Sneasler, L50, M|\n|poke|p1|Sinistcha, L50|\n|poke|p1|Milotic, L50, M|\n|poke|p1|Aerodactyl, L50, F|\n|poke|p1|Incineroar, L50, F|\n|poke|p2|Gardevoir, L50, F|\n|poke|p2|Drampa, L50, F|\n|poke|p2|Primarina, L50, F|\n|poke|p2|Slowbro, L50, M|\n|poke|p2|Castform, L50, F|\n|poke|p2|Volcarona, L50, F|\n|teampreview|4\nRNG can't stop me has agreed to open team sheets.\n|c|\u2606RNG can't stop me|gl hf\n|inactive|Battle timer is ON: inactive players will automatically lose when time's up. (requested by mlpnokjik)\n|inactive|RNG can't stop me has 60 seconds left.\n|\n|t:|1776447918\n|teamsize|p1|4\n|teamsize|p2|4\n|start\n|switch|p1a: Excadrill|Excadrill, L50, F|100/100\n|switch|p1b: Sneasler|Sneasler, L50, M|100/100\n|switch|p2a: Slowbro|Slowbro, L50, M|100/100\n|switch|p2b: Gardevoir|Gardevoir, L50, F|100/100\n|-ability|p1a: Excadrill|Mold Breaker\n|-ability|p2b: Gardevoir|Mold Breaker|Trace|[from] ability: Trace|[of] p1a: Excadrill\n|-ability|p2b: Gardevoir|Mold Breaker\n|turn|1\n|\n|t:|1776447935\n|switch|p2b: Primarina|Primarina, L50, F|100/100\n|detailschange|p1a: Excadrill|Excadrill-Mega, L50, F\n|-mega|p1a: Excadrill|Excadrill|Excadrite\n|move|p1a: Excadrill|Protect|p1a: Excadrill\n|-singleturn|p1a: Excadrill|Protect\n|move|p1b: Sneasler|Coaching|p1a: Excadrill\n|-boost|p1a: Excadrill|atk|1\n|-boost|p1a: Excadrill|def|1\n|move|p2a: Slowbro|Trick Room|p2a: Slowbro\n|-fieldstart|move: Trick Room|[of] p2a: Slowbro\n|\n|upkeep\n|turn|2\n|\n|t:|1776447952\n|switch|p1a: Sinistcha|Sinistcha, L50|100/100\n|move|p1b: Sneasler|Protect|p1b: Sneasler\n|-singleturn|p1b: Sneasler|Protect\n|move|p2a: Slowbro|Round|p1a: Sinistcha\n|-immune|p1a: Sinistcha\n|move|p2b: Primarina|Round|p1a: Sinistcha|[from] move: Round\n|-resisted|p1a: Sinistcha|1\n|-damage|p1a: Sinistcha|62/100\n|\n|upkeep\n|turn|3\n|\n|t:|1776447969\n|move|p2a: Slowbro|Round|p1b: Sneasler\n|-damage|p1b: Sneasler|80/100\n|move|p2b: Primarina|Round|p1b: Sneasler|[from] move: Round\n|-damage|p1b: Sneasler|0 fnt\n|faint|p1b: Sneasler\n|move|p1a: Sinistcha|Trick Room|p1a: Sinistcha\n|-fieldend|move: Trick Room\n|\n|upkeep\n|\n|t:|1776447976\n|switch|p1b: Excadrill|Excadrill-Mega, L50, F|100/100\n|turn|4\n|\n|t:|1776447990\n|move|p2b: Primarina|Protect|p2b: Primarina\n|-singleturn|p2b: Primarina|Protect\n|move|p1b: Excadrill|Rock Slide|p2a: Slowbro|[spread] p2a\n|-activate|p2b: Primarina|move: Protect\n|-damage|p2a: Slowbro|86/100\n|move|p1a: Sinistcha|Matcha Gotcha|p2a: Slowbro|[spread] p2a\n|-activate|p2b: Primarina|move: Protect\n|-supereffective|p2a: Slowbro|1\n|-damage|p2a: Slowbro|38/100\n|-heal|p1a: Sinistcha|89/100|[from] drain|[of] p2a: Slowbro\n|move|p2a: Slowbro|Trick Room|p2a: Slowbro\n|-fieldstart|move: Trick Room|[of] p2a: Slowbro\n|\n|upkeep\n|turn|5\n|\n|t:|1776448009\n|move|p1b: Excadrill|Protect|p1b: Excadrill\n|-singleturn|p1b: Excadrill|Protect\n|move|p2a: Slowbro|Round|p1b: Excadrill\n|-activate|p1b: Excadrill|move: Protect\n|move|p2b: Primarina|Round|p1b: Excadrill|[from] move: Round\n|-activate|p1b: Excadrill|move: Protect\n|move|p1a: Sinistcha|Trick Room|p1a: Sinistcha\n|-fieldend|move: Trick Room\n|\n|upkeep\n|turn|6\n|\n|t:|1776448024\n|move|p1b: Excadrill|Iron Head|p2b: Primarina\n|-damage|p2b: Primarina|35/100\n|move|p1a: Sinistcha|Matcha Gotcha|p2a: Slowbro|[spread] p2b\n|-miss|p1a: Sinistcha|p2a: Slowbro\n|-supereffective|p2b: Primarina|1\n|-damage|p2b: Primarina|0 fnt\n|-heal|p1a: Sinistcha|100/100|[from] drain|[of] p2b: Primarina\n|faint|p2b: Primarina\n|move|p2a: Slowbro|Trick Room|p2a: Slowbro\n|-fieldstart|move: Trick Room|[of] p2a: Slowbro\n|\n|upkeep\n|\n|t:|1776448035\n|switch|p2b: Gardevoir|Gardevoir, L50, F|100/100\n|-ability|p2b: Gardevoir|Hospitality|Trace|[from] ability: Trace|[of] p1a: Sinistcha\n|-heal|p2a: Slowbro|63/100|[from] ability: Hospitality|[of] p2b: Gardevoir\n|turn|7\n|\n|t:|1776448043\n|detailschange|p2b: Gardevoir|Gardevoir-Mega, L50, F\n|-mega|p2b: Gardevoir|Gardevoir|Gardevoirite\n|move|p1b: Excadrill|Protect|p1b: Excadrill\n|-singleturn|p1b: Excadrill|Protect\n|move|p2a: Slowbro|Body Press|p1b: Excadrill\n|-activate|p1b: Excadrill|move: Protect\n|move|p2b: Gardevoir|Hyper Voice|p1a: Sinistcha|[spread] p1a\n|-activate|p1b: Excadrill|move: Protect\n|-damage|p1a: Sinistcha|43/100\n|-enditem|p1a: Sinistcha|Sitrus Berry|[eat]\n|-heal|p1a: Sinistcha|68/100|[from] item: Sitrus Berry\n|move|p1a: Sinistcha|Trick Room|p1a: Sinistcha\n|-fieldend|move: Trick Room\n|\n|upkeep\n|turn|8\n|\n|t:|1776448066\n|move|p2b: Gardevoir|Protect|p2b: Gardevoir\n|-singleturn|p2b: Gardevoir|Protect\n|move|p1b: Excadrill|Rock Slide|p2a: Slowbro|[spread] p2a\n|-activate|p2b: Gardevoir|move: Protect\n|-damage|p2a: Slowbro|48/100\n|move|p1a: Sinistcha|Matcha Gotcha|p2a: Slowbro|[spread] p2a\n|-activate|p2b: Gardevoir|move: Protect\n|-supereffective|p2a: Slowbro|1\n|-damage|p2a: Slowbro|0 fnt\n|-heal|p1a: Sinistcha|95/100|[from] drain|[of] p2a: Slowbro\n|faint|p2a: Slowbro\n|\n|upkeep\n|\n|t:|1776448078\n|switch|p2a: Drampa|Drampa, L50, F|100/100\n|turn|9\n|\n|t:|1776448091\n|move|p1a: Sinistcha|Rage Powder|p1a: Sinistcha\n|-singleturn|p1a: Sinistcha|move: Rage Powder\n|move|p1b: Excadrill|Iron Head|p2b: Gardevoir\n|-supereffective|p2b: Gardevoir|1\n|-damage|p2b: Gardevoir|0 fnt\n|faint|p2b: Gardevoir\n|move|p2a: Drampa|Round|p1a: Sinistcha\n|-immune|p1a: Sinistcha\n|\n|upkeep\n|turn|10\n|\n|t:|1776448103\n|move|p1a: Sinistcha|Rage Powder|p1a: Sinistcha\n|-singleturn|p1a: Sinistcha|move: Rage Powder\n|move|p1b: Excadrill|High Horsepower|p2a: Drampa\n|-damage|p2a: Drampa|45/100\n|-ability|p2a: Drampa|Berserk|boost\n|-boost|p2a: Drampa|spa|1\n|move|p2a: Drampa|Draco Meteor|p1a: Sinistcha\n|-damage|p1a: Sinistcha|0 fnt\n|-unboost|p2a: Drampa|spa|2\n|faint|p1a: Sinistcha\n|\n|upkeep\n|\n|t:|1776448110\n|switch|p1a: Incineroar|Incineroar, L50, F|100/100\n|-ability|p1a: Incineroar|Intimidate|boost\n|-unboost|p2a: Drampa|atk|1\n|turn|11\n|\n|t:|1776448119\n|move|p2a: Drampa|Protect|p2a: Drampa\n|-singleturn|p2a: Drampa|Protect\n|move|p1a: Incineroar|Fake Out|p2a: Drampa\n|-activate|p2a: Drampa|move: Protect\n|move|p1b: Excadrill|High Horsepower|p2a: Drampa\n|-ability|p1b: Excadrill|Piercing Drill\n|-zbroken|p2a: Drampa\n|-damage|p2a: Drampa|29/100\n|\n|upkeep\n|turn|12\n|\n|t:|1776448129\n|move|p1b: Excadrill|High Horsepower|p2a: Drampa\n|-damage|p2a: Drampa|0 fnt\n|faint|p2a: Drampa\n|\n|win|RNG can't stop me\n|raw|RNG can&apos;t stop me's rating: 1043 &rarr; <strong>1080</strong><br />(+37 for winning)\n|raw|mlpnokjik's rating: 1075 &rarr; <strong>1052</strong><br />(-23 for losing)\n",
  "uploadtime": 1776448134,
  "views": 32,
  "formatid": "gen9championsvgc2026regma",
  "rating": 1052,
  "private": 0,
  "password": null
}