{
  "id": "gen9championsvgc2026regma-2589517673",
  "format": "[Gen 9 Champions] VGC 2026 Reg M-A",
  "players": [
    "Barbie120",
    "Quaza15"
  ],
  "log": "|j|\u2606Barbie120\n|j|\u2606Quaza15\n|t:|1776730213\n|gametype|doubles\n|player|p1|Barbie120|1|1452\n|player|p2|Quaza15|ruinmaniac|1441\n|gen|9\n|tier|[Gen 9 Champions] VGC 2026 Reg M-A\n|rated|\n|rule|Species Clause: Limit one of each Pok\u00e9mon\n|rule|Item Clause: Limit 1 of each item\n|clearpoke\n|poke|p1|Zoroark-Hisui, L50, M|\n|poke|p1|Meganium, L50, F|\n|poke|p1|Maushold, L50|\n|poke|p1|Basculegion, L50, M|\n|poke|p1|Pelipper, L50, F|\n|poke|p1|Archaludon, L50, F|\n|poke|p2|Aerodactyl, L50, M|\n|poke|p2|Garchomp, L50, F|\n|poke|p2|Mamoswine, L50, M|\n|poke|p2|Charizard, L50, M|\n|poke|p2|Kingambit, L50, M|\n|poke|p2|Rotom-Wash, L50|\n|teampreview|4\n|\n|t:|1776730250\n|teamsize|p1|4\n|teamsize|p2|4\n|start\n|switch|p1a: Meganium|Meganium, L50, F|100/100\n|switch|p1b: Maushold|Maushold, L50|100/100\n|switch|p2a: Mamoswine|Mamoswine, L50, M|100/100\n|switch|p2b: Rotom|Rotom-Wash, L50|100/100\n|turn|1\n|\n|t:|1776730263\n|move|p1a: Meganium|Icy Wind|p2a: Mamoswine|[spread] p2a,p2b\n|-resisted|p2b: Rotom|1\n|-damage|p2a: Mamoswine|81/100\n|-damage|p2b: Rotom|92/100\n|-unboost|p2a: Mamoswine|spe|1\n|-unboost|p2b: Rotom|spe|1\n|move|p2b: Rotom|Electroweb|p1b: Maushold|[spread] p1a,p1b\n|-damage|p1a: Meganium|79/100\n|-damage|p1b: Maushold|83/100\n|-unboost|p1a: Meganium|spe|1\n|-unboost|p1b: Maushold|spe|1\n|replace|p1a: Zoroark|Zoroark-Hisui, L50, M\n|-end|p1a: Zoroark|Illusion\n|move|p2a: Mamoswine|Icicle Crash|p1a: Zoroark\n|-damage|p1a: Zoroark|0 fnt\n|faint|p1a: Zoroark\n|move|p1b: Maushold|Population Bomb|p2a: Mamoswine\n|-damage|p2a: Mamoswine|75/100\n|-damage|p2a: Mamoswine|68/100\n|-damage|p2a: Mamoswine|60/100\n|-damage|p2a: Mamoswine|54/100\n|-damage|p2a: Mamoswine|47/100\n|-damage|p2a: Mamoswine|40/100\n|-damage|p2a: Mamoswine|33/100\n|-hitcount|p2a: Mamoswine|7\n|\n|upkeep\n|\n|t:|1776730291\n|switch|p1a: Pelipper|Pelipper, L50, F|100/100\n|-weather|RainDance|[from] ability: Drizzle|[of] p1a: Pelipper\n|turn|2\n|\n|t:|1776730303\n|move|p2a: Mamoswine|Protect|p2a: Mamoswine\n|-singleturn|p2a: Mamoswine|Protect\n|move|p2b: Rotom|Electroweb|p1b: Maushold|[spread] p1a,p1b\n|-supereffective|p1a: Pelipper|2\n|-damage|p1a: Pelipper|44/100\n|-damage|p1b: Maushold|67/100\n|-unboost|p1a: Pelipper|spe|1\n|-unboost|p1b: Maushold|spe|1\n|move|p1a: Pelipper|Tailwind|p1a: Pelipper\n|-sidestart|p1: Barbie120|move: Tailwind\n|move|p1b: Maushold|Population Bomb|p2a: Mamoswine\n|-activate|p2a: Mamoswine|move: Protect\n|\n|-weather|RainDance|[upkeep]\n|upkeep\n|turn|3\n|\n|t:|1776730313\n|switch|p2a: Kingambit|Kingambit, L50, M|100/100\n|move|p1a: Pelipper|Weather Ball|p2a: Kingambit\n|-damage|p2a: Kingambit|45/100\n|move|p2b: Rotom|Electroweb|p1a: Pelipper|[spread] p1a,p1b\n|-supereffective|p1a: Pelipper|2\n|-damage|p1a: Pelipper|0 fnt\n|-damage|p1b: Maushold|50/100\n|-unboost|p1b: Maushold|spe|1\n|faint|p1a: Pelipper\n|move|p1b: Maushold|Population Bomb|p2b: Rotom|[miss]\n|-miss|p1b: Maushold|p2b: Rotom\n|\n|-weather|RainDance|[upkeep]\n|upkeep\n|\n|t:|1776730327\n|switch|p1a: Meganium|Meganium, L50, F|100/100\n|turn|4\n|\n|t:|1776730335\n|detailschange|p1a: Meganium|Meganium-Mega, L50, F\n|-mega|p1a: Meganium|Meganium|Meganiumite\n|move|p1b: Maushold|Protect|p1b: Maushold\n|-singleturn|p1b: Maushold|Protect\n|move|p2a: Kingambit|Sucker Punch||[still]\n|-fail|p2a: Kingambit\n|move|p1a: Meganium|Weather Ball|p2a: Kingambit\n|-supereffective|p2a: Kingambit|1\n|-damage|p2a: Kingambit|0 fnt\n|faint|p2a: Kingambit\n|move|p2b: Rotom|Electroweb|p1b: Maushold|[spread] p1a\n|-activate|p1b: Maushold|move: Protect\n|-resisted|p1a: Meganium|1\n|-damage|p1a: Meganium|96/100\n|-unboost|p1a: Meganium|spe|1\n|\n|-weather|RainDance|[upkeep]\n|upkeep\n|\n|t:|1776730347\n|switch|p2a: Mamoswine|Mamoswine, L50, M|33/100\n|turn|5\n|\n|t:|1776730356\n|move|p2a: Mamoswine|Protect|p2a: Mamoswine\n|-singleturn|p2a: Mamoswine|Protect\n|move|p1b: Maushold|Follow Me|p1b: Maushold\n|-singleturn|p1b: Maushold|move: Follow Me\n|move|p2b: Rotom|Electroweb|p1a: Meganium|[spread] p1a,p1b\n|-resisted|p1a: Meganium|1\n|-damage|p1a: Meganium|91/100\n|-damage|p1b: Maushold|35/100\n|-unboost|p1a: Meganium|spe|1\n|-unboost|p1b: Maushold|spe|1\n|move|p1a: Meganium|Solar Beam||[still]\n|-prepare|p1a: Meganium|Solar Beam\n|-activate|p1a: Meganium|ability: Mega Sol\n|-anim|p1a: Meganium|Solar Beam|p2b: Rotom\n|-supereffective|p2b: Rotom|1\n|-damage|p2b: Rotom|0 fnt\n|faint|p2b: Rotom\n|\n|-weather|RainDance|[upkeep]\n|-sideend|p1: Barbie120|move: Tailwind\n|upkeep\n|\n|t:|1776730362\n|switch|p2b: Charizard|Charizard, L50, M|100/100\n|turn|6\n|\n|t:|1776730373\n|detailschange|p2b: Charizard|Charizard-Mega-Y, L50, M\n|-mega|p2b: Charizard|Charizard|Charizardite Y\n|-weather|SunnyDay|[from] ability: Drought|[of] p2b: Charizard\n|move|p1a: Meganium|Protect|p1a: Meganium\n|-singleturn|p1a: Meganium|Protect\n|move|p2b: Charizard|Heat Wave|p1b: Maushold|[spread] p1b\n|-activate|p1a: Meganium|move: Protect\n|-damage|p1b: Maushold|0 fnt\n|faint|p1b: Maushold\n|move|p2a: Mamoswine|Icicle Crash|p1a: Meganium\n|-activate|p1a: Meganium|move: Protect\n|\n|-weather|SunnyDay|[upkeep]\n|upkeep\n|turn|7\n|-message|Barbie120 forfeited.\n|\n|win|Quaza15\n|raw|Barbie120's rating: 1452 &rarr; <strong>1431</strong><br />(-21 for losing)\n|raw|Quaza15's rating: 1441 &rarr; <strong>1462</strong><br />(+21 for winning)\n",
  "uploadtime": 1776730385,
  "views": 3,
  "formatid": "gen9championsvgc2026regma",
  "rating": 1431,
  "private": 0,
  "password": null
}