{
  "id": "gen9championsvgc2026regma-2581743758",
  "format": "[Gen 9 Champions] VGC 2026 Reg M-A",
  "players": [
    "ruirivers",
    "Phoide"
  ],
  "log": "|j|\u2606ruirivers\n|j|\u2606Phoide\n|t:|1776025029\n|gametype|doubles\n|player|p1|ruirivers|shadowtriad|1223\n|player|p2|Phoide|266|1240\n|gen|9\n|tier|[Gen 9 Champions] VGC 2026 Reg M-A\n|rated|\n|rule|Species Clause: Limit one of each Pok\u00e9mon\n|rule|Item Clause: Limit 1 of each item\n|clearpoke\n|poke|p1|Samurott-Hisui, L50, M|\n|poke|p1|Arcanine-Hisui, L50, M|\n|poke|p1|Chesnaught, L50, M|\n|poke|p1|Noivern, L50, M|\n|poke|p1|Raichu, L50, M|\n|poke|p1|Zoroark-Hisui, L50, F|\n|poke|p2|Maushold-Four, L50|\n|poke|p2|Archaludon, L50, F|\n|poke|p2|Pelipper, L50, M|\n|poke|p2|Sinistcha, L50|\n|poke|p2|Basculegion, L50, M|\n|poke|p2|Lopunny, L50, F|\n|teampreview|4\n|c|\u2606Phoide|i fw your team lowkirkuinely\n|\n|t:|1776025091\n|teamsize|p1|4\n|teamsize|p2|4\n|start\n|switch|p1a: Samurott|Samurott-Hisui, L50, M|100/100\n|switch|p1b: Noivern|Noivern, L50, M, shiny|100/100\n|switch|p2a: Lopunny|Lopunny, L50, F|100/100\n|switch|p2b: Sinistcha|Sinistcha, L50|100/100\n|-item|p2a: Lopunny|Lopunnite|[from] ability: Frisk|[of] p1b: Noivern\n|-item|p2b: Sinistcha|Sitrus Berry|[from] ability: Frisk|[of] p1b: Noivern\n|turn|1\n|\n|t:|1776025121\n|detailschange|p2a: Lopunny|Lopunny-Mega, L50, F\n|-mega|p2a: Lopunny|Lopunny|Lopunnite\n|move|p1a: Samurott|Detect|p1a: Samurott\n|-singleturn|p1a: Samurott|Protect\n|move|p2b: Sinistcha|Rage Powder|p2b: Sinistcha\n|-singleturn|p2b: Sinistcha|move: Rage Powder\n|move|p2a: Lopunny|Close Combat|p1a: Samurott\n|-activate|p1a: Samurott|move: Protect\n|move|p1b: Noivern|Tailwind|p1b: Noivern\n|-sidestart|p1: ruirivers|move: Tailwind\n|\n|upkeep\n|turn|2\n|\n|t:|1776025132\n|switch|p1a: Chesnaught|Chesnaught, L50, M|100/100\n|move|p1b: Noivern|Air Cutter|p2b: Sinistcha|[spread] p2a,p2b\n|-supereffective|p2a: Lopunny|1\n|-crit|p2a: Lopunny\n|-supereffective|p2b: Sinistcha|1\n|-damage|p2a: Lopunny|33/100\n|-damage|p2b: Sinistcha|60/100\n|move|p2a: Lopunny|Close Combat|p1a: Chesnaught\n|-damage|p1a: Chesnaught|63/100\n|-unboost|p2a: Lopunny|def|1\n|-unboost|p2a: Lopunny|spd|1\n|move|p2b: Sinistcha|Matcha Gotcha|p1a: Chesnaught|[spread] p1a,p1b\n|-resisted|p1a: Chesnaught|1\n|-resisted|p1b: Noivern|2\n|-damage|p1a: Chesnaught|49/100\n|-heal|p2b: Sinistcha|68/100|[from] drain|[of] p1a: Chesnaught\n|-damage|p1b: Noivern|93/100\n|-heal|p2b: Sinistcha|71/100|[from] drain|[of] p1b: Noivern\n|-status|p1b: Noivern|brn\n|\n|-damage|p1b: Noivern|87/100 brn|[from] brn\n|upkeep\n|turn|3\n|\n|t:|1776025162\n|detailschange|p1a: Chesnaught|Chesnaught-Mega, L50, M\n|-mega|p1a: Chesnaught|Chesnaught|Chesnaughtite\n|move|p2b: Sinistcha|Rage Powder|p2b: Sinistcha\n|-singleturn|p2b: Sinistcha|move: Rage Powder\n|move|p1b: Noivern|Air Cutter|p2a: Lopunny|[spread] \n|-miss|p1b: Noivern|p2a: Lopunny\n|-miss|p1b: Noivern|p2b: Sinistcha\n|move|p2a: Lopunny|Triple Axel|p1a: Chesnaught\n|-supereffective|p1a: Chesnaught|1\n|-damage|p1a: Chesnaught|42/100\n|-supereffective|p1a: Chesnaught|1\n|-damage|p1a: Chesnaught|27/100\n|-supereffective|p1a: Chesnaught|1\n|-damage|p1a: Chesnaught|7/100\n|-hitcount|p1a: Chesnaught|3\n|move|p1a: Chesnaught|Synthesis|p1a: Chesnaught\n|-heal|p1a: Chesnaught|56/100\n|\n|-damage|p1b: Noivern|81/100 brn|[from] brn\n|upkeep\n|turn|4\n|\n|t:|1776025191\n|switch|p2a: Archaludon|Archaludon, L50, F|100/100\n|move|p1b: Noivern|Air Cutter|p2b: Sinistcha|[spread] p2a,p2b\n|-resisted|p2a: Archaludon|1\n|-supereffective|p2b: Sinistcha|1\n|-damage|p2a: Archaludon|90/100\n|-damage|p2b: Sinistcha|34/100\n|-ability|p2a: Archaludon|Stamina|boost\n|-boost|p2a: Archaludon|def|1\n|-enditem|p2b: Sinistcha|Sitrus Berry|[eat]\n|-heal|p2b: Sinistcha|59/100|[from] item: Sitrus Berry\n|move|p1a: Chesnaught|Synthesis|p1a: Chesnaught\n|-heal|p1a: Chesnaught|100/100\n|move|p2b: Sinistcha|Matcha Gotcha|p1b: Noivern|[spread] p1a,p1b\n|-resisted|p1a: Chesnaught|1\n|-resisted|p1b: Noivern|2\n|-damage|p1a: Chesnaught|91/100\n|-heal|p2b: Sinistcha|64/100|[from] drain|[of] p1a: Chesnaught\n|-damage|p1b: Noivern|73/100 brn\n|-heal|p2b: Sinistcha|68/100|[from] drain|[of] p1b: Noivern\n|\n|-heal|p2a: Archaludon|96/100|[from] item: Leftovers\n|-damage|p1b: Noivern|67/100 brn|[from] brn\n|-sideend|p1: ruirivers|move: Tailwind\n|upkeep\n|turn|5\n|\n|t:|1776025245\n|switch|p2b: Maushold|Maushold-Four, L50|100/100\n|move|p2a: Archaludon|Protect|p2a: Archaludon\n|-singleturn|p2a: Archaludon|Protect\n|move|p1b: Noivern|Tailwind|p1b: Noivern\n|-sidestart|p1: ruirivers|move: Tailwind\n|move|p1a: Chesnaught|Body Press|p2a: Archaludon\n|-activate|p2a: Archaludon|move: Protect\n|\n|-heal|p2a: Archaludon|100/100|[from] item: Leftovers\n|-damage|p1b: Noivern|60/100 brn|[from] brn\n|upkeep\n|turn|6\n|\n|t:|1776025274\n|move|p2b: Maushold|Follow Me|p2b: Maushold\n|-singleturn|p2b: Maushold|move: Follow Me\n|move|p1b: Noivern|Draco Meteor|p2b: Maushold\n|-damage|p2b: Maushold|29/100\n|-unboost|p1b: Noivern|spa|2\n|move|p1a: Chesnaught|Body Press|p2b: Maushold\n|-supereffective|p2b: Maushold|1\n|-damage|p2b: Maushold|0 fnt\n|faint|p2b: Maushold\n|move|p2a: Archaludon|Dragon Pulse|p1a: Chesnaught\n|-damage|p1a: Chesnaught|58/100\n|\n|-damage|p1b: Noivern|54/100 brn|[from] brn\n|upkeep\n|\n|t:|1776025308\n|switch|p2b: Sinistcha|Sinistcha, L50|68/100\n|turn|7\n|\n|t:|1776025321\n|switch|p1b: Raichu|Raichu, L50, M|100/100\n|move|p1a: Chesnaught|Synthesis|p1a: Chesnaught\n|-heal|p1a: Chesnaught|100/100\n|move|p2a: Archaludon|Flash Cannon|p1a: Chesnaught\n|-damage|p1a: Chesnaught|70/100\n|move|p2b: Sinistcha|Life Dew||[still]|[spread] p2a,p2b\n|-fail|p2a: Archaludon|heal\n|-heal|p2b: Sinistcha|93/100\n|\n|upkeep\n|turn|8\n|\n|t:|1776025340\n|move|p1b: Raichu|Nuzzle|p2b: Sinistcha\n|-resisted|p2b: Sinistcha|1\n|-damage|p2b: Sinistcha|91/100\n|-status|p2b: Sinistcha|par\n|move|p1a: Chesnaught|Knock Off|p2b: Sinistcha\n|-supereffective|p2b: Sinistcha|1\n|-damage|p2b: Sinistcha|61/100 par\n|move|p2a: Archaludon|Flash Cannon|p1a: Chesnaught\n|-damage|p1a: Chesnaught|37/100\n|move|p2b: Sinistcha|Life Dew||[still]|[spread] p2a,p2b\n|-fail|p2a: Archaludon|heal\n|-heal|p2b: Sinistcha|86/100 par\n|\n|-sideend|p1: ruirivers|move: Tailwind\n|upkeep\n|turn|9\n|\n|t:|1776025379\n|move|p1b: Raichu|Nuzzle|p2a: Archaludon\n|-resisted|p2a: Archaludon|1\n|-damage|p2a: Archaludon|99/100\n|-status|p2a: Archaludon|par\n|-ability|p2a: Archaludon|Stamina|boost\n|-boost|p2a: Archaludon|def|1\n|move|p1a: Chesnaught|Synthesis|p1a: Chesnaught\n|-heal|p1a: Chesnaught|87/100\n|move|p2a: Archaludon|Dragon Pulse|p1a: Chesnaught\n|-damage|p1a: Chesnaught|53/100\n|cant|p2b: Sinistcha|par\n|\n|-heal|p2a: Archaludon|100/100 par|[from] item: Leftovers\n|upkeep\n|turn|10\n|\n|t:|1776025400\n|move|p1b: Raichu|Thunderbolt|p2b: Sinistcha\n|-resisted|p2b: Sinistcha|1\n|-damage|p2b: Sinistcha|72/100 par\n|move|p1a: Chesnaught|Body Press|p2a: Archaludon\n|-supereffective|p2a: Archaludon|1\n|-damage|p2a: Archaludon|60/100 par\n|-ability|p2a: Archaludon|Stamina|boost\n|-boost|p2a: Archaludon|def|1\n|move|p2a: Archaludon|Flash Cannon|p1a: Chesnaught\n|-damage|p1a: Chesnaught|18/100\n|move|p2b: Sinistcha|Matcha Gotcha|p1b: Raichu|[spread] p1a,p1b\n|-resisted|p1a: Chesnaught|1\n|-damage|p1a: Chesnaught|9/100\n|-heal|p2b: Sinistcha|77/100 par|[from] drain|[of] p1a: Chesnaught\n|-damage|p1b: Raichu|68/100\n|-heal|p2b: Sinistcha|93/100 par|[from] drain|[of] p1b: Raichu\n|-status|p1a: Chesnaught|brn\n|\n|-heal|p2a: Archaludon|66/100 par|[from] item: Leftovers\n|-damage|p1a: Chesnaught|3/100 brn|[from] brn\n|upkeep\n|turn|11\n|\n|t:|1776025440\n|move|p1b: Raichu|Thunderbolt|p2a: Archaludon\n|-resisted|p2a: Archaludon|1\n|-damage|p2a: Archaludon|52/100 par\n|-ability|p2a: Archaludon|Stamina|boost\n|-boost|p2a: Archaludon|def|1\n|move|p1a: Chesnaught|Synthesis|p1a: Chesnaught\n|-heal|p1a: Chesnaught|53/100 brn\n|move|p2a: Archaludon|Dragon Pulse|p1b: Raichu\n|-damage|p1b: Raichu|12/100\n|move|p2b: Sinistcha|Life Dew|p2b: Sinistcha|[spread] p2a,p2b\n|-heal|p2a: Archaludon|77/100 par\n|-heal|p2b: Sinistcha|100/100 par\n|\n|-heal|p2a: Archaludon|83/100 par|[from] item: Leftovers\n|-damage|p1a: Chesnaught|47/100 brn|[from] brn\n|upkeep\n|turn|12\n|\n|t:|1776025483\n|move|p1b: Raichu|Thunderbolt|p2a: Archaludon\n|-resisted|p2a: Archaludon|1\n|-damage|p2a: Archaludon|67/100 par\n|-ability|p2a: Archaludon|Stamina|boost\n|-boost|p2a: Archaludon|def|1\n|move|p1a: Chesnaught|Knock Off|p2a: Archaludon\n|-damage|p2a: Archaludon|64/100 par\n|-ability|p2a: Archaludon|Stamina|boost\n|-boost|p2a: Archaludon|def|1\n|-enditem|p2a: Archaludon|Leftovers|[from] move: Knock Off|[of] p1a: Chesnaught\n|cant|p2a: Archaludon|par\n|cant|p2b: Sinistcha|par\n|\n|-damage|p1a: Chesnaught|40/100 brn|[from] brn\n|upkeep\n|turn|13\n|\n|t:|1776025502\n|move|p1b: Raichu|Thunderbolt|p2a: Archaludon\n|-resisted|p2a: Archaludon|1\n|-damage|p2a: Archaludon|50/100 par\n|move|p1a: Chesnaught|Body Press|p2a: Archaludon\n|-supereffective|p2a: Archaludon|1\n|-damage|p2a: Archaludon|39/100 par\n|cant|p2a: Archaludon|par\n|move|p2b: Sinistcha|Life Dew||[still]|[spread] p2a,p2b\n|-heal|p2a: Archaludon|64/100 par\n|-fail|p2b: Sinistcha|heal\n|\n|-damage|p1a: Chesnaught|34/100 brn|[from] brn\n|upkeep\n|turn|14\n|\n|t:|1776025513\n|move|p1b: Raichu|Thunderbolt|p2a: Archaludon\n|-resisted|p2a: Archaludon|1\n|-damage|p2a: Archaludon|48/100 par\n|move|p1a: Chesnaught|Body Press|p2a: Archaludon\n|-supereffective|p2a: Archaludon|1\n|-damage|p2a: Archaludon|36/100 par\n|move|p2a: Archaludon|Dragon Pulse|p1a: Chesnaught\n|-damage|p1a: Chesnaught|0 fnt\n|faint|p1a: Chesnaught\n|move|p2b: Sinistcha|Life Dew||[still]|[spread] p2a,p2b\n|-heal|p2a: Archaludon|61/100 par\n|-fail|p2b: Sinistcha|heal\n|\n|upkeep\n|\n|t:|1776025534\n|switch|p1a: Samurott|Samurott-Hisui, L50, M|100/100\n|turn|15\n|\n|t:|1776025584\n|move|p1a: Samurott|Detect|p1a: Samurott\n|-singleturn|p1a: Samurott|Protect\n|move|p1b: Raichu|Thunderbolt|p2a: Archaludon\n|-resisted|p2a: Archaludon|1\n|-damage|p2a: Archaludon|46/100 par\n|move|p2a: Archaludon|Dragon Pulse|p1a: Samurott\n|-activate|p1a: Samurott|move: Protect\n|move|p2b: Sinistcha|Life Dew||[still]|[spread] p2a,p2b\n|-heal|p2a: Archaludon|71/100 par\n|-fail|p2b: Sinistcha|heal\n|\n|upkeep\n|turn|16\n|\n|t:|1776025609\n|move|p1b: Raichu|Thunderbolt|p2a: Archaludon\n|-resisted|p2a: Archaludon|1\n|-damage|p2a: Archaludon|55/100 par\n|move|p1a: Samurott|Night Slash|p2b: Sinistcha\n|-supereffective|p2b: Sinistcha|1\n|-crit|p2b: Sinistcha\n|-damage|p2b: Sinistcha|0 fnt\n|faint|p2b: Sinistcha\n|move|p2a: Archaludon|Dragon Pulse|p1a: Samurott\n|-damage|p1a: Samurott|50/100\n|\n|upkeep\n|\n|t:|1776025613\n|switch|p2b: Lopunny|Lopunny-Mega, L50, F|33/100\n|turn|17\n|\n|t:|1776025682\n|move|p2b: Lopunny|Protect|p2b: Lopunny\n|-singleturn|p2b: Lopunny|Protect\n|move|p1a: Samurott|Detect|p1a: Samurott\n|-singleturn|p1a: Samurott|Protect\n|move|p1b: Raichu|Nuzzle|p2b: Lopunny\n|-activate|p2b: Lopunny|move: Protect\n|move|p2a: Archaludon|Dragon Pulse|p1a: Samurott\n|-activate|p1a: Samurott|move: Protect\n|\n|upkeep\n|turn|18\n|\n|t:|1776025706\n|switch|p1a: Noivern|Noivern, L50, M, shiny|54/100 brn\n|-item|p2b: Lopunny|Lopunnite|[from] ability: Frisk|[of] p1a: Noivern\n|move|p2b: Lopunny|Close Combat|p1a: Noivern\n|-resisted|p1a: Noivern|1\n|-damage|p1a: Noivern|11/100 brn\n|-unboost|p2b: Lopunny|def|1\n|-unboost|p2b: Lopunny|spd|1\n|move|p1b: Raichu|Nuzzle|p2b: Lopunny\n|-damage|p2b: Lopunny|22/100\n|-status|p2b: Lopunny|par\n|move|p2a: Archaludon|Dragon Pulse|p1b: Raichu\n|-damage|p1b: Raichu|0 fnt\n|faint|p1b: Raichu\n|\n|-damage|p1a: Noivern|5/100 brn|[from] brn\n|upkeep\n|\n|t:|1776025719\n|switch|p1b: Samurott|Samurott-Hisui, L50, M|50/100\n|turn|19\n|\n|t:|1776025734\n|move|p2b: Lopunny|Protect|p2b: Lopunny\n|-singleturn|p2b: Lopunny|Protect\n|cant|p2a: Archaludon|par\n|move|p1a: Noivern|Air Cutter|p2b: Lopunny|[spread] p2a\n|-activate|p2b: Lopunny|move: Protect\n|-resisted|p2a: Archaludon|1\n|-damage|p2a: Archaludon|46/100 par\n|move|p1b: Samurott|Night Slash|p2a: Archaludon\n|-damage|p2a: Archaludon|35/100 par\n|\n|-damage|p1a: Noivern|0 fnt|[from] brn\n|faint|p1a: Noivern\n|upkeep\n|turn|20\n|\n|t:|1776025743\n|move|p1b: Samurott|Sucker Punch|p2b: Lopunny\n|-resisted|p2b: Lopunny|1\n|-damage|p2b: Lopunny|0 fnt\n|faint|p2b: Lopunny\n|move|p2a: Archaludon|Dragon Pulse|p1b: Samurott\n|-damage|p1b: Samurott|0 fnt\n|faint|p1b: Samurott\n|\n|win|Phoide\n|raw|ruirivers's rating: 1223 &rarr; <strong>1199</strong><br />(-24 for losing)\n|raw|Phoide's rating: 1240 &rarr; <strong>1264</strong><br />(+24 for winning)\n|l|\u2606ruirivers\n|player|p1|\n|l|\u2606Phoide\n|player|p2|\n|j|\u2606Phoide\n|player|p2|Phoide|266|\n",
  "uploadtime": 1776025908,
  "views": 16,
  "formatid": "gen9championsvgc2026regma",
  "rating": 1199,
  "private": 0,
  "password": null
}