{
  "id": "gen9championsvgc2026regma-2588120257",
  "format": "[Gen 9 Champions] VGC 2026 Reg M-A",
  "players": [
    "WeAreGrubbin",
    "dawod"
  ],
  "log": "|j|\u2606WeAreGrubbin\n|j|\u2606dawod\n|t:|1776606454\n|gametype|doubles\n|player|p1|WeAreGrubbin|265|1142\n|player|p2|dawod|shauntal|1240\n|gen|9\n|tier|[Gen 9 Champions] VGC 2026 Reg M-A\n|rated|\n|rule|Species Clause: Limit one of each Pok\u00e9mon\n|rule|Item Clause: Limit 1 of each item\n|clearpoke\n|poke|p1|Gengar, L50, M|\n|poke|p1|Kommo-o, L50, F|\n|poke|p1|Sinistcha-Masterpiece, L50|\n|poke|p1|Kingambit, L50, F|\n|poke|p1|Tyranitar, L50, F|\n|poke|p1|Incineroar, L50, F|\n|poke|p2|Glimmora, L50, F|\n|poke|p2|Incineroar, L50, M|\n|poke|p2|Aerodactyl, L50, F|\n|poke|p2|Tyranitar, L50, M|\n|poke|p2|Rotom-Wash, L50|\n|poke|p2|Garchomp, L50, M|\n|teampreview|4\n|\n|t:|1776606479\n|teamsize|p1|4\n|teamsize|p2|4\n|start\n|switch|p1a: Kingambit|Kingambit, L50, F|100/100\n|switch|p1b: Tyranitar|Tyranitar, L50, F|100/100\n|switch|p2a: Aerodactyl|Aerodactyl, L50, F|100/100\n|switch|p2b: Glimmora|Glimmora, L50, F|100/100\n|-ability|p2a: Aerodactyl|Unnerve\n|-weather|Sandstorm|[from] ability: Sand Stream|[of] p1b: Tyranitar\n|turn|1\n|inactive|Battle timer is ON: inactive players will automatically lose when time's up. (requested by WeAreGrubbin)\n|\n|t:|1776606509\n|switch|p1a: Incineroar|Incineroar, L50, F|100/100\n|-ability|p1a: Incineroar|Intimidate|boost\n|-unboost|p2a: Aerodactyl|atk|1\n|-unboost|p2b: Glimmora|atk|1\n|move|p2a: Aerodactyl|Tailwind|p2a: Aerodactyl\n|-sidestart|p2: dawod|move: Tailwind\n|move|p2b: Glimmora|Earth Power|p1b: Tyranitar\n|-supereffective|p1b: Tyranitar|1\n|-damage|p1b: Tyranitar|59/100\n|move|p1b: Tyranitar|Rock Slide|p2a: Aerodactyl|[spread] p2a,p2b\n|-supereffective|p2a: Aerodactyl|1\n|-damage|p2a: Aerodactyl|19/100\n|-damage|p2b: Glimmora|73/100\n|-activate|p2b: Glimmora|ability: Toxic Debris\n|-sidestart|p1: WeAreGrubbin|move: Toxic Spikes\n|\n|-weather|Sandstorm|[upkeep]\n|-damage|p1a: Incineroar|95/100|[from] Sandstorm\n|upkeep\n|turn|2\n|inactive|dawod has 30 seconds left.\n|inactive|dawod has 20 seconds left.\n|inactive|dawod has 15 seconds left.\n|\n|t:|1776606552\n|switch|p2a: Incineroar|Incineroar, L50, M|100/100\n|-ability|p2a: Incineroar|Intimidate|boost\n|-unboost|p1a: Incineroar|atk|1\n|-unboost|p1b: Tyranitar|atk|1\n|detailschange|p2b: Glimmora|Glimmora-Mega, L50, F\n|-mega|p2b: Glimmora|Glimmora|Glimmoranite\n|move|p1a: Incineroar|Fake Out|p2b: Glimmora\n|-resisted|p2b: Glimmora|1\n|-damage|p2b: Glimmora|70/100\n|cant|p2b: Glimmora|flinch\n|move|p1b: Tyranitar|Rock Slide|p2b: Glimmora|[spread] p2a,p2b\n|-supereffective|p2a: Incineroar|1\n|-damage|p2a: Incineroar|68/100\n|-damage|p2b: Glimmora|54/100\n|\n|-weather|Sandstorm|[upkeep]\n|-damage|p2a: Incineroar|62/100|[from] Sandstorm\n|-damage|p1a: Incineroar|89/100|[from] Sandstorm\n|upkeep\n|turn|3\n|inactive|WeAreGrubbin has 30 seconds left.\n|\n|t:|1776606580\n|switch|p1b: Kingambit|Kingambit, L50, F|100/100\n|move|p2a: Incineroar|Fake Out|p1b: Kingambit\n|-resisted|p1b: Kingambit|1\n|-damage|p1b: Kingambit|96/100\n|move|p2b: Glimmora|Power Gem|p1a: Incineroar\n|-supereffective|p1a: Incineroar|1\n|-damage|p1a: Incineroar|0 fnt\n|faint|p1a: Incineroar\n|\n|-weather|Sandstorm|[upkeep]\n|-damage|p2a: Incineroar|56/100|[from] Sandstorm\n|upkeep\n|\n|t:|1776606591\n|switch|p1a: Tyranitar|Tyranitar, L50, F|59/100\n|-status|p1a: Tyranitar|psn\n|turn|4\n|\n|t:|1776606609\n|move|p1b: Kingambit|Sucker Punch|p2b: Glimmora\n|-crit|p2b: Glimmora\n|-damage|p2b: Glimmora|4/100\n|move|p2b: Glimmora|Earth Power|p1a: Tyranitar\n|-supereffective|p1a: Tyranitar|1\n|-crit|p1a: Tyranitar\n|-damage|p1a: Tyranitar|0 fnt\n|faint|p1a: Tyranitar\n|move|p2a: Incineroar|Flare Blitz|p1b: Kingambit\n|-supereffective|p1b: Kingambit|1\n|-damage|p1b: Kingambit|17/100\n|-damage|p2a: Incineroar|29/100|[from] Recoil\n|-enditem|p2a: Incineroar|Sitrus Berry|[eat]\n|-heal|p2a: Incineroar|54/100|[from] item: Sitrus Berry\n|\n|-weather|Sandstorm|[upkeep]\n|-damage|p2a: Incineroar|48/100|[from] Sandstorm\n|-sideend|p2: dawod|move: Tailwind\n|upkeep\n|\n|t:|1776606623\n|switch|p1a: Sinistcha|Sinistcha-Masterpiece, L50|100/100\n|-status|p1a: Sinistcha|psn\n|-heal|p1b: Kingambit|42/100|[from] ability: Hospitality|[of] p1a: Sinistcha\n|turn|5\n|\n|t:|1776606644\n|move|p2b: Glimmora|Spiky Shield|p2b: Glimmora\n|-singleturn|p2b: Glimmora|move: Protect\n|move|p1b: Kingambit|Protect|p1b: Kingambit\n|-singleturn|p1b: Kingambit|Protect\n|move|p2a: Incineroar|Flare Blitz|p1b: Kingambit\n|-activate|p1b: Kingambit|move: Protect\n|move|p1a: Sinistcha|Matcha Gotcha|p2b: Glimmora|[spread] p2a\n|-activate|p2b: Glimmora|move: Protect\n|-resisted|p2a: Incineroar|1\n|-damage|p2a: Incineroar|38/100\n|\n|-weather|none\n|-damage|p1a: Sinistcha|88/100 psn|[from] psn\n|upkeep\n|turn|6\n|\n|t:|1776606662\n|move|p1b: Kingambit|Sucker Punch|p2a: Incineroar\n|-resisted|p2a: Incineroar|1\n|-damage|p2a: Incineroar|17/100\n|move|p2b: Glimmora|Sludge Bomb|p1a: Sinistcha\n|-damage|p1a: Sinistcha|24/100 psn\n|-enditem|p1a: Sinistcha|Sitrus Berry|[eat]\n|-heal|p1a: Sinistcha|49/100 psn|[from] item: Sitrus Berry\n|move|p2a: Incineroar|Flare Blitz|p1b: Kingambit\n|-supereffective|p1b: Kingambit|1\n|-damage|p1b: Kingambit|0 fnt\n|faint|p1b: Kingambit\n|-damage|p2a: Incineroar|3/100|[from] Recoil\n|move|p1a: Sinistcha|Matcha Gotcha|p2a: Incineroar|[spread] p2a,p2b\n|-resisted|p2a: Incineroar|1\n|-damage|p2a: Incineroar|0 fnt\n|-heal|p1a: Sinistcha|50/100 psn|[from] drain|[of] p2a: Incineroar\n|-damage|p2b: Glimmora|0 fnt\n|-heal|p1a: Sinistcha|52/100 psn|[from] drain|[of] p2b: Glimmora\n|faint|p2a: Incineroar\n|faint|p2b: Glimmora\n|\n|-damage|p1a: Sinistcha|40/100 psn|[from] psn\n|upkeep\n|\n|t:|1776606674\n|switch|p2b: Garchomp|Garchomp, L50, M|100/100\n|switch|p2a: Aerodactyl|Aerodactyl, L50, F|19/100\n|-ability|p2a: Aerodactyl|Unnerve\n|turn|7\n|\n|t:|1776606687\n|move|p2a: Aerodactyl|Dual Wingbeat|p1a: Sinistcha\n|-supereffective|p1a: Sinistcha|1\n|-damage|p1a: Sinistcha|5/100 psn\n|-supereffective|p1a: Sinistcha|1\n|-damage|p1a: Sinistcha|0 fnt\n|faint|p1a: Sinistcha\n|-hitcount|p1: Sinistcha|2\n|\n|win|dawod\n|raw|WeAreGrubbin's rating: 1142 &rarr; <strong>1124</strong><br />(-18 for losing)\n|raw|dawod's rating: 1240 &rarr; <strong>1258</strong><br />(+18 for winning)\n|l|\u2606WeAreGrubbin\n|player|p1|\n|l|\u2606dawod\n|player|p2|\n|j|\u2606dawod\n|player|p2|dawod|shauntal|\n",
  "uploadtime": 1776606742,
  "views": 9,
  "formatid": "gen9championsvgc2026regma",
  "rating": 1124,
  "private": 0,
  "password": null
}