{
  "id": "gen9championsvgc2026regma-2587162775",
  "format": "[Gen 9 Champions] VGC 2026 Reg M-A",
  "players": [
    "elaba5",
    "UtterlyIncapable"
  ],
  "log": "|j|\u2606elaba5\n|j|\u2606UtterlyIncapable\n|t:|1776502633\n|gametype|doubles\n|player|p1|elaba5|101|1302\n|player|p2|UtterlyIncapable|firebreather|1339\n|gen|9\n|tier|[Gen 9 Champions] VGC 2026 Reg M-A\n|rated|\n|rule|Species Clause: Limit one of each Pok\u00e9mon\n|rule|Item Clause: Limit 1 of each item\n|clearpoke\n|poke|p1|Hydreigon, L50, F, shiny|\n|poke|p1|Milotic, L50, M, shiny|\n|poke|p1|Volcarona, L50, F|\n|poke|p1|Froslass, L50, F|\n|poke|p1|Sneasler, L50, M, shiny|\n|poke|p1|Torterra, L50, M, shiny|\n|poke|p2|Zoroark-Hisui, L50, M|\n|poke|p2|Whimsicott, L50, F|\n|poke|p2|Garchomp, L50, M|\n|poke|p2|Glimmora, L50, M|\n|poke|p2|Corviknight, L50, M|\n|poke|p2|Aegislash, L50, M|\n|teampreview|4\n|\n|t:|1776502689\n|teamsize|p1|4\n|teamsize|p2|4\n|start\n|switch|p1a: Sneasler|Sneasler, L50, M, shiny|100/100\n|switch|p1b: Froslass|Froslass, L50, F|100/100\n|switch|p2a: Corviknight|Corviknight, L50, M|100/100\n|switch|p2b: Glimmora|Glimmora, L50, M|100/100\n|turn|1\n|\n|t:|1776502742\n|move|p1b: Froslass|Protect|p1b: Froslass\n|-singleturn|p1b: Froslass|Protect\n|move|p1a: Sneasler|Close Combat|p2a: Corviknight\n|-immune|p2a: Corviknight\n|move|p2a: Corviknight|Shadow Ball|p1b: Froslass\n|-activate|p1b: Froslass|move: Protect\n|move|p2b: Glimmora|Substitute|p2b: Glimmora\n|-start|p2b: Glimmora|Substitute\n|-damage|p2b: Glimmora|76/100\n|\n|upkeep\n|turn|2\n|\n|t:|1776502762\n|switch|p1b: Bonsai|Torterra, L50, M, shiny|100/100\n|move|p2b: Glimmora|Spiky Shield|p2b: Glimmora\n|-singleturn|p2b: Glimmora|move: Protect\n|move|p1a: Sneasler|Close Combat|p2b: Glimmora\n|-activate|p2b: Glimmora|move: Protect\n|-damage|p1a: Sneasler|88/100|[from] Spiky Shield|[of] p2b: Glimmora\n|move|p2a: Corviknight|Icy Wind|p1b: Bonsai|[spread] p1a\n|-miss|p2a: Corviknight|p1b: Bonsai\n|-damage|p1a: Sneasler|70/100\n|-unboost|p1a: Sneasler|spe|1\n|-enditem|p1a: Sneasler|White Herb\n|-clearnegativeboost|p1a: Sneasler|[silent]\n|\n|upkeep\n|turn|3\n|\n|t:|1776502794\n|detailschange|p2b: Glimmora|Glimmora-Mega, L50, M\n|-mega|p2b: Glimmora|Glimmora|Glimmoranite\n|move|p1a: Sneasler|Close Combat|p2b: Glimmora\n|-end|p2b: Glimmora|Substitute\n|-unboost|p1a: Sneasler|def|1\n|-unboost|p1a: Sneasler|spd|1\n|move|p2a: Corviknight|Hyper Voice|p1b: Bonsai|[spread] p1a,p1b\n|-damage|p1a: Sneasler|0 fnt\n|-damage|p1b: Bonsai|63/100\n|faint|p1a: Sneasler\n|move|p2b: Glimmora|Sludge Bomb|p1b: Bonsai\n|-damage|p1b: Bonsai|0 fnt\n|faint|p1b: Bonsai\n|\n|upkeep\n|\n|t:|1776502808\n|switch|p1a: Volcarona|Volcarona, L50, F|100/100\n|switch|p1b: Froslass|Froslass, L50, F|100/100\n|turn|4\n|\n|t:|1776502826\n|detailschange|p1b: Froslass|Froslass-Mega, L50, F\n|-mega|p1b: Froslass|Froslass|Froslassite\n|-weather|Snowscape|[from] ability: Snow Warning|[of] p1b: Froslass\n|move|p1a: Volcarona|Rage Powder|p1a: Volcarona\n|-singleturn|p1a: Volcarona|move: Rage Powder\n|move|p1b: Froslass|Blizzard|p2b: Glimmora|[spread] p2a,p2b\n|-damage|p2a: Corviknight|17/100\n|-damage|p2b: Glimmora|37/100\n|replace|p2a: Zoroark|Zoroark-Hisui, L50, M\n|-end|p2a: Zoroark|Illusion\n|move|p2a: Zoroark|Icy Wind|p1b: Froslass|[spread] p1a,p1b\n|-resisted|p1a: Volcarona|1\n|-resisted|p1b: Froslass|1\n|-damage|p1a: Volcarona|94/100\n|-damage|p1b: Froslass|93/100\n|-unboost|p1a: Volcarona|spe|1\n|-unboost|p1b: Froslass|spe|1\n|move|p2b: Glimmora|Power Gem|p1a: Volcarona\n|-supereffective|p1a: Volcarona|2\n|-damage|p1a: Volcarona|0 fnt\n|faint|p1a: Volcarona\n|\n|-weather|Snowscape|[upkeep]\n|upkeep\n|turn|5\n|-message|elaba5 forfeited.\n|\n|win|UtterlyIncapable\n|raw|elaba5's rating: 1302 &rarr; <strong>1284</strong><br />(-18 for losing)\n|raw|UtterlyIncapable's rating: 1339 &rarr; <strong>1357</strong><br />(+18 for winning)\n|l|\u2606elaba5\n|player|p1|\n",
  "uploadtime": 1776502847,
  "views": 23,
  "formatid": "gen9championsvgc2026regma",
  "rating": 1284,
  "private": 0,
  "password": null
}