{
  "id": "gen9championsvgc2026regma-2585992061",
  "format": "[Gen 9 Champions] VGC 2026 Reg M-A",
  "players": [
    "Greningram",
    "haderzik3215mggnk"
  ],
  "log": "|j|\u2606Greningram\n|j|\u2606haderzik3215mggnk\n|t:|1776388264\n|gametype|doubles\n|player|p1|Greningram|lance|1018\n|player|p2|haderzik3215mggnk|265|1000\n|gen|9\n|tier|[Gen 9 Champions] VGC 2026 Reg M-A\n|rated|\n|rule|Species Clause: Limit one of each Pok\u00e9mon\n|rule|Item Clause: Limit 1 of each item\n|clearpoke\n|poke|p1|Scizor, L50, M|\n|poke|p1|Pelipper, L50, F|\n|poke|p1|Ninetales-Alola, L50, F|\n|poke|p1|Beartic, L50, F|\n|poke|p1|Basculegion, L50, M|\n|poke|p1|Meowstic, L50, M|\n|poke|p2|Charizard, L50, M|\n|poke|p2|Venusaur, L50, M|\n|poke|p2|Whimsicott, L50, M|\n|poke|p2|Incineroar, L50, F|\n|poke|p2|Kingambit, L50, F|\n|poke|p2|Garchomp, L50, F|\n|teampreview|4\n|inactive|Battle timer is ON: inactive players will automatically lose when time's up. (requested by haderzik3215mggnk)\n|\n|t:|1776388288\n|teamsize|p1|4\n|teamsize|p2|4\n|start\n|switch|p1a: Basculegion|Basculegion, L50, M|100/100\n|switch|p1b: Beartic|Beartic, L50, F, shiny|100/100\n|switch|p2a: Charizard|Charizard, L50, M|100/100\n|switch|p2b: Whimsicott|Whimsicott, L50, M|100/100\n|turn|1\n|\n|t:|1776388308\n|move|p2b: Whimsicott|Tailwind|p2b: Whimsicott\n|-sidestart|p2: haderzik3215mggnk|move: Tailwind\n|move|p2a: Charizard|Dragon Pulse|p1b: Beartic\n|-damage|p1b: Beartic|72/100\n|move|p1a: Basculegion|Liquidation|p2a: Charizard\n|-supereffective|p2a: Charizard|1\n|-damage|p2a: Charizard|0 fnt\n|faint|p2a: Charizard\n|move|p1b: Beartic|Rock Slide|p2b: Whimsicott\n|-damage|p2b: Whimsicott|71/100\n|\n|upkeep\n|\n|t:|1776388318\n|switch|p2a: Incineroar|Incineroar, L50, F|100/100\n|-ability|p2a: Incineroar|Intimidate|boost\n|-unboost|p1a: Basculegion|atk|1\n|-unboost|p1b: Beartic|atk|1\n|-enditem|p1b: Beartic|White Herb\n|-clearnegativeboost|p1b: Beartic|[silent]\n|turn|2\n|inactive|haderzik3215mggnk has 30 seconds left.\n|inactive|haderzik3215mggnk has 20 seconds left.\n|inactive|haderzik3215mggnk has 15 seconds left.\n|inactive|haderzik3215mggnk has 10 seconds left.\n|inactive|haderzik3215mggnk has 5 seconds left.\n|\n|t:|1776388374\n|switch|p1b: Pelipper|Pelipper, L50, F|100/100\n|-weather|RainDance|[from] ability: Drizzle|[of] p1b: Pelipper\n|move|p2a: Incineroar|Protect|p2a: Incineroar\n|-singleturn|p2a: Incineroar|Protect\n|move|p2b: Whimsicott|Tailwind||[still]\n|-fail|p2b: Whimsicott\n|move|p1a: Basculegion|Liquidation|p2a: Incineroar\n|-activate|p2a: Incineroar|move: Protect\n|\n|-weather|RainDance|[upkeep]\n|upkeep\n|turn|3\n|inactive|haderzik3215mggnk has 30 seconds left.\n|inactive|haderzik3215mggnk has 20 seconds left.\n|inactive|haderzik3215mggnk has 15 seconds left.\n|inactive|haderzik3215mggnk has 10 seconds left.\n|inactive|haderzik3215mggnk has 5 seconds left.\n|\n|t:|1776388429\n|move|p2a: Incineroar|Protect|p2a: Incineroar\n|-singleturn|p2a: Incineroar|Protect\n|move|p1a: Basculegion|Protect|p1a: Basculegion\n|-singleturn|p1a: Basculegion|Protect\n|move|p2b: Whimsicott|Tailwind||[still]\n|-fail|p2b: Whimsicott\n|move|p1b: Pelipper|Hurricane|p2b: Whimsicott\n|-supereffective|p2b: Whimsicott|1\n|-damage|p2b: Whimsicott|0 fnt\n|faint|p2b: Whimsicott\n|\n|-weather|RainDance|[upkeep]\n|upkeep\n|inactive|haderzik3215mggnk has 30 seconds left.\n|inactive|haderzik3215mggnk has 20 seconds left.\n|inactive|haderzik3215mggnk has 15 seconds left.\n|inactive|haderzik3215mggnk has 10 seconds left.\n|inactive|haderzik3215mggnk has 5 seconds left.\n|\n|t:|1776388484\n|switch|p2b: Venusaur|Venusaur, L50, M|100/100\n|turn|4\n|inactive|haderzik3215mggnk has 30 seconds left.\n|inactive|haderzik3215mggnk has 20 seconds left.\n|inactive|haderzik3215mggnk has 15 seconds left.\n|inactive|haderzik3215mggnk has 10 seconds left.\n|inactive|haderzik3215mggnk has 5 seconds left.\n|\n|t:|1776388539\n|move|p2a: Incineroar|Protect|p2a: Incineroar\n|-singleturn|p2a: Incineroar|Protect\n|move|p2b: Venusaur|Earth Power|p1b: Pelipper\n|-immune|p1b: Pelipper\n|move|p1a: Basculegion|Liquidation|p2a: Incineroar\n|-activate|p2a: Incineroar|move: Protect\n|move|p1b: Pelipper|Tailwind|p1b: Pelipper\n|-sidestart|p1: Greningram|move: Tailwind\n|\n|-weather|RainDance|[upkeep]\n|-sideend|p2: haderzik3215mggnk|move: Tailwind\n|upkeep\n|turn|5\n|inactive|haderzik3215mggnk has 30 seconds left.\n|inactive|haderzik3215mggnk has 20 seconds left.\n|inactive|haderzik3215mggnk has 15 seconds left.\n|inactive|haderzik3215mggnk has 10 seconds left.\n|inactive|haderzik3215mggnk has 5 seconds left.\n|\n|t:|1776388594\n|move|p2a: Incineroar|Protect||[still]\n|-fail|p2a: Incineroar\n|move|p1a: Basculegion|Liquidation|p2a: Incineroar\n|-supereffective|p2a: Incineroar|1\n|-damage|p2a: Incineroar|2/100\n|-enditem|p2a: Incineroar|Sitrus Berry|[eat]\n|-heal|p2a: Incineroar|26/100|[from] item: Sitrus Berry\n|move|p1b: Pelipper|Hurricane|p2b: Venusaur\n|-supereffective|p2b: Venusaur|1\n|-damage|p2b: Venusaur|21/100\n|move|p2b: Venusaur|Earth Power|p1a: Basculegion\n|-damage|p1a: Basculegion|75/100\n|\n|-weather|RainDance|[upkeep]\n|-heal|p1a: Basculegion|81/100|[from] item: Leftovers\n|upkeep\n|turn|6\n|\n|t:|1776388618\n|move|p1a: Basculegion|Aqua Jet|p2b: Venusaur\n|-resisted|p2b: Venusaur|1\n|-damage|p2b: Venusaur|9/100\n|move|p1b: Pelipper|Hurricane|p2b: Venusaur\n|-supereffective|p2b: Venusaur|1\n|-damage|p2b: Venusaur|0 fnt\n|faint|p2b: Venusaur\n|move|p2a: Incineroar|Flare Blitz|p1b: Pelipper\n|-resisted|p1b: Pelipper|1\n|-damage|p1b: Pelipper|83/100\n|-damage|p2a: Incineroar|22/100|[from] Recoil\n|\n|-weather|none\n|-heal|p1a: Basculegion|87/100|[from] item: Leftovers\n|upkeep\n|turn|7\n|\n|t:|1776388643\n|move|p1a: Basculegion|Aqua Jet|p2a: Incineroar\n|-supereffective|p2a: Incineroar|1\n|-damage|p2a: Incineroar|0 fnt\n|faint|p2a: Incineroar\n|\n|win|Greningram\n|raw|Greningram's rating: 1018 &rarr; <strong>1053</strong><br />(+35 for winning)\n|raw|haderzik3215mggnk's rating: 1000 &rarr; <strong>1000</strong><br />(+0 for losing)\n",
  "uploadtime": 1776388661,
  "views": 23,
  "formatid": "gen9championsvgc2026regma",
  "rating": 1000,
  "private": 0,
  "password": null
}