{
  "id": "gen9championsvgc2026regma-2581046534",
  "format": "[Gen 9 Champions] VGC 2026 Reg M-A",
  "players": [
    "jikoy",
    "Kiryuri"
  ],
  "log": "|j|\u2606jikoy\n|j|\u2606Kiryuri\n|t:|1775954827\n|gametype|doubles\n|player|p1|jikoy|101|1128\n|player|p2|Kiryuri|acetrainerf|1170\n|gen|9\n|tier|[Gen 9 Champions] VGC 2026 Reg M-A\n|rated|\n|rule|Species Clause: Limit one of each Pok\u00e9mon\n|rule|Item Clause: Limit 1 of each item\n|clearpoke\n|poke|p1|Azumarill, L50, F|\n|poke|p1|Sinistcha-Masterpiece, L50|\n|poke|p1|Polteageist-Antique, L50|\n|poke|p1|Incineroar, L50, F|\n|poke|p1|Whimsicott, L50, M|\n|poke|p1|Heracross, L50, F|\n|poke|p2|Corviknight, L50, F|\n|poke|p2|Gardevoir, L50, F|\n|poke|p2|Garchomp, L50, F|\n|poke|p2|Sinistcha, L50|\n|poke|p2|Dragonite, L50, F|\n|poke|p2|Sneasler, L50, F|\n|teampreview|4\nKiryuri has agreed to open team sheets.\n|inactive|Battle timer is ON: inactive players will automatically lose when time's up. (requested by Kiryuri)\n|inactive|Kiryuri has 60 seconds left.\n|\n|t:|1775954865\n|teamsize|p1|4\n|teamsize|p2|4\n|start\n|switch|p1a: Azumarill|Azumarill, L50, F|100/100\n|switch|p1b: Incineroar|Incineroar, L50, F|100/100\n|switch|p2a: Corviknight|Corviknight, L50, F, shiny|100/100\n|switch|p2b: Garchomp|Garchomp, L50, F|100/100\n|-ability|p1b: Incineroar|Intimidate|boost\n|-ability|p2a: Corviknight|Mirror Armor\n|-unboost|p1b: Incineroar|atk|1\n|-unboost|p2b: Garchomp|atk|1\n|-enditem|p2b: Garchomp|White Herb\n|-clearnegativeboost|p2b: Garchomp|[silent]\n|turn|1\n|\n|t:|1775954884\n|move|p2b: Garchomp|Protect|p2b: Garchomp\n|-singleturn|p2b: Garchomp|Protect\n|move|p1b: Incineroar|Fake Out|p2b: Garchomp\n|-activate|p2b: Garchomp|move: Protect\n|move|p2a: Corviknight|Tailwind|p2a: Corviknight\n|-sidestart|p2: Kiryuri|move: Tailwind\n|move|p1a: Azumarill|Belly Drum|p1a: Azumarill\n|-damage|p1a: Azumarill|51/100\n|-setboost|p1a: Azumarill|atk|6|[from] move: Belly Drum\n|\n|upkeep\n|turn|2\n|\n|t:|1775954908\n|move|p1a: Azumarill|Aqua Jet|p2b: Garchomp\n|-damage|p2b: Garchomp|0 fnt\n|faint|p2b: Garchomp\n|move|p2a: Corviknight|Brave Bird|p1a: Azumarill|[miss]\n|-miss|p2a: Corviknight|p1a: Azumarill\n|move|p1b: Incineroar|Parting Shot|p2a: Corviknight\n|-ability|p2a: Corviknight|Mirror Armor\n|-unboost|p1b: Incineroar|atk|1\n|-ability|p2a: Corviknight|Mirror Armor\n|-unboost|p1b: Incineroar|spa|1\n|\n|t:|1775954920\n|switch|p1b: Sinistcha|Sinistcha-Masterpiece, L50|100/100|[from] Parting Shot\n|-heal|p1a: Azumarill|75/100|[from] ability: Hospitality|[of] p1b: Sinistcha\n|\n|upkeep\n|c|\u2606Kiryuri|Bright powder\n|c|\u2606Kiryuri|And no team sheet\n|c|\u2606Kiryuri|What the fuck man\n|inactive|Kiryuri has 30 seconds left.\n|\n|t:|1775954950\n|switch|p2b: Sneasler|Sneasler, L50, F, shiny|100/100\n|turn|3\n|\n|t:|1775954963\n|move|p2b: Sneasler|Fake Out|p1a: Azumarill\n|-damage|p1a: Azumarill|60/100\n|move|p1b: Sinistcha|Rage Powder|p1b: Sinistcha\n|-singleturn|p1b: Sinistcha|move: Rage Powder\n|move|p2a: Corviknight|Brave Bird|p1b: Sinistcha\n|-supereffective|p1b: Sinistcha|1\n|-damage|p1b: Sinistcha|30/100\n|-damage|p2a: Corviknight|80/100|[from] Recoil\n|cant|p1a: Azumarill|flinch\n|\n|-heal|p2a: Corviknight|86/100|[from] item: Leftovers\n|-heal|p1b: Sinistcha|36/100|[from] item: Leftovers\n|upkeep\n|turn|4\n|inactive|jikoy has 30 seconds left.\n|inactive|Kiryuri has 30 seconds left.\n|\n|t:|1775954995\n|move|p1b: Sinistcha|Protect|p1b: Sinistcha\n|-singleturn|p1b: Sinistcha|Protect\n|move|p1a: Azumarill|Aqua Jet|p2b: Sneasler\n|-enditem|p2b: Sneasler|Focus Sash\n|-damage|p2b: Sneasler|1/100\n|move|p2b: Sneasler|Dire Claw|p1a: Azumarill\n|-supereffective|p1a: Azumarill|1\n|-damage|p1a: Azumarill|0 fnt\n|faint|p1a: Azumarill\n|move|p2a: Corviknight|Brave Bird|p1b: Sinistcha\n|-activate|p1b: Sinistcha|move: Protect\n|\n|-heal|p2a: Corviknight|92/100|[from] item: Leftovers\n|-heal|p1b: Sinistcha|42/100|[from] item: Leftovers\n|-sideend|p2: Kiryuri|move: Tailwind\n|upkeep\n|\n|t:|1775955010\n|switch|p1a: Incineroar|Incineroar, L50, F|100/100\n|-ability|p1a: Incineroar|Intimidate|boost\n|-ability|p2a: Corviknight|Mirror Armor\n|-unboost|p1a: Incineroar|atk|1\n|-unboost|p2b: Sneasler|atk|1\n|turn|5\n|\n|t:|1775955027\n|move|p1a: Incineroar|Fake Out|p2b: Sneasler\n|-damage|p2b: Sneasler|0 fnt\n|faint|p2b: Sneasler\n|move|p1b: Sinistcha|Rage Powder|p1b: Sinistcha\n|-singleturn|p1b: Sinistcha|move: Rage Powder\n|move|p2a: Corviknight|Tailwind|p2a: Corviknight\n|-sidestart|p2: Kiryuri|move: Tailwind\n|\n|-heal|p2a: Corviknight|98/100|[from] item: Leftovers\n|-heal|p1b: Sinistcha|48/100|[from] item: Leftovers\n|upkeep\n|\n|t:|1775955036\n|switch|p2b: Gardevoir|Gardevoir, L50, F, shiny|100/100\n|turn|6\n|\n|t:|1775955052\n|detailschange|p2b: Gardevoir|Gardevoir-Mega, L50, F, shiny\n|-mega|p2b: Gardevoir|Gardevoir|Gardevoirite\n|move|p1b: Sinistcha|Protect|p1b: Sinistcha\n|-singleturn|p1b: Sinistcha|Protect\n|move|p2b: Gardevoir|Hyper Voice|p1a: Incineroar|[spread] p1a\n|-activate|p1b: Sinistcha|move: Protect\n|-damage|p1a: Incineroar|66/100\n|move|p2a: Corviknight|Brave Bird|p1a: Incineroar\n|-damage|p1a: Incineroar|16/100\n|-enditem|p1a: Incineroar|Sitrus Berry|[eat]\n|-heal|p1a: Incineroar|41/100|[from] item: Sitrus Berry\n|-damage|p2a: Corviknight|81/100|[from] Recoil\n|move|p1a: Incineroar|Will-O-Wisp|p2a: Corviknight\n|-status|p2a: Corviknight|brn\n|\n|-heal|p2a: Corviknight|87/100 brn|[from] item: Leftovers\n|-heal|p1b: Sinistcha|54/100|[from] item: Leftovers\n|-damage|p2a: Corviknight|81/100 brn|[from] brn\n|upkeep\n|turn|7\n|\n|t:|1775955074\n|move|p1b: Sinistcha|Rage Powder|p1b: Sinistcha\n|-singleturn|p1b: Sinistcha|move: Rage Powder\n|move|p2b: Gardevoir|Hyper Voice|p1a: Incineroar|[spread] p1a,p1b\n|-damage|p1a: Incineroar|2/100\n|-damage|p1b: Sinistcha|0 fnt\n|faint|p1b: Sinistcha\n|move|p2a: Corviknight|Brave Bird|p1a: Incineroar\n|-damage|p1a: Incineroar|0 fnt\n|faint|p1a: Incineroar\n|-damage|p2a: Corviknight|81/100 brn|[from] Recoil\n|\n|-heal|p2a: Corviknight|87/100 brn|[from] item: Leftovers\n|-damage|p2a: Corviknight|81/100 brn|[from] brn\n|upkeep\n|\n|t:|1775955088\n|switch|p1a: Heracross|Heracross, L50, F|100/100\n|turn|8\n|\n|t:|1775955101\n|detailschange|p1a: Heracross|Heracross-Mega, L50, F\n|-mega|p1a: Heracross|Heracross|Heracronite\n|move|p1a: Heracross|Detect|p1a: Heracross\n|-singleturn|p1a: Heracross|Protect\n|move|p2b: Gardevoir|Hyper Voice|p1a: Heracross\n|-activate|p1a: Heracross|move: Protect\n|move|p2a: Corviknight|Brave Bird|p1a: Heracross\n|-activate|p1a: Heracross|move: Protect\n|\n|-heal|p2a: Corviknight|87/100 brn|[from] item: Leftovers\n|-damage|p2a: Corviknight|81/100 brn|[from] brn\n|-sideend|p2: Kiryuri|move: Tailwind\n|upkeep\n|turn|9\n|\n|t:|1775955118\n|move|p1a: Heracross|Rock Blast|p2a: Corviknight\n|-damage|p2a: Corviknight|71/100 brn\n|-damage|p2a: Corviknight|61/100 brn\n|-damage|p2a: Corviknight|50/100 brn\n|-damage|p2a: Corviknight|40/100 brn\n|-damage|p2a: Corviknight|29/100 brn\n|-hitcount|p2a: Corviknight|5\n|move|p2b: Gardevoir|Hyper Voice|p1a: Heracross\n|-supereffective|p1a: Heracross|1\n|-crit|p1a: Heracross\n|-damage|p1a: Heracross|0 fnt\n|faint|p1a: Heracross\n|\n|win|Kiryuri\n|raw|jikoy's rating: 1128 &rarr; <strong>1106</strong><br />(-22 for losing)\n|raw|Kiryuri's rating: 1170 &rarr; <strong>1192</strong><br />(+22 for winning)\n",
  "uploadtime": 1775955130,
  "views": 20,
  "formatid": "gen9championsvgc2026regma",
  "rating": 1106,
  "private": 0,
  "password": null
}