{
  "id": "gen9championsvgc2026regma-2587872115",
  "format": "[Gen 9 Champions] VGC 2026 Reg M-A",
  "players": [
    "cakesgalore3",
    "testballs"
  ],
  "log": "|j|\u2606cakesgalore3\n|j|\u203dtestballs\n|t:|1776572988\n|gametype|doubles\n|player|p1|cakesgalore3|2|1409\n|player|p2|testballs|twins|1461\n|gen|9\n|tier|[Gen 9 Champions] VGC 2026 Reg M-A\n|rated|\n|rule|Species Clause: Limit one of each Pok\u00e9mon\n|rule|Item Clause: Limit 1 of each item\n|clearpoke\n|poke|p1|Floette-Eternal, L50, F|\n|poke|p1|Incineroar, L50, F|\n|poke|p1|Sinistcha, L50|\n|poke|p1|Aerodactyl, L50, F|\n|poke|p1|Scizor, L50, M|\n|poke|p1|Pelipper, L50, F|\n|poke|p2|Hydreigon, L50, M|\n|poke|p2|Meganium, L50, F|\n|poke|p2|Volcarona, L50, F|\n|poke|p2|Scizor, L50, F|\n|poke|p2|Milotic, L50, M|\n|poke|p2|Sneasler, L50, F|\n|teampreview|4\n|\n|t:|1776573013\n|teamsize|p1|4\n|teamsize|p2|4\n|start\n|switch|p1a: Scizor|Scizor, L50, M|100/100\n|switch|p1b: Incineroar|Incineroar, L50, F|100/100\n|switch|p2a: Scizor|Scizor, L50, F|100/100\n|switch|p2b: Milotic|Milotic, L50, M|100/100\n|-ability|p1b: Incineroar|Intimidate|boost\n|-unboost|p2a: Scizor|atk|1\n|-unboost|p2b: Milotic|atk|1\n|-ability|p2b: Milotic|Competitive|boost\n|-boost|p2b: Milotic|spa|2\n|turn|1\n|\n|t:|1776573024\n|detailschange|p1a: Scizor|Scizor-Mega, L50, M\n|-mega|p1a: Scizor|Scizor|Scizorite\n|move|p2a: Scizor|Protect|p2a: Scizor\n|-singleturn|p2a: Scizor|Protect\n|move|p1b: Incineroar|Fake Out|p2b: Milotic\n|-damage|p2b: Milotic|88/100\n|cant|p2b: Milotic|flinch\n|move|p1a: Scizor|Swords Dance|p1a: Scizor\n|-boost|p1a: Scizor|atk|2\n|\n|-heal|p2b: Milotic|94/100|[from] item: Leftovers\n|upkeep\n|turn|2\n|\n|t:|1776573045\n|switch|p2a: Volcarona|Volcarona, L50, F|100/100\n|move|p2b: Milotic|Protect|p2b: Milotic\n|-singleturn|p2b: Milotic|Protect\n|move|p1a: Scizor|Protect|p1a: Scizor\n|-singleturn|p1a: Scizor|Protect\n|move|p1b: Incineroar|Parting Shot|p2a: Volcarona\n|-unboost|p2a: Volcarona|atk|1\n|-unboost|p2a: Volcarona|spa|1\n|\n|t:|1776573060\n|switch|p1b: Sinistcha|Sinistcha, L50|100/100|[from] Parting Shot\n|\n|-heal|p2b: Milotic|100/100|[from] item: Leftovers\n|upkeep\n|turn|3\n|\n|t:|1776573078\n|switch|p1b: Pelipper|Pelipper, L50, F|100/100\n|-weather|RainDance|[from] ability: Drizzle|[of] p1b: Pelipper\n|move|p2a: Volcarona|Quiver Dance|p2a: Volcarona\n|-boost|p2a: Volcarona|spa|1\n|-boost|p2a: Volcarona|spd|1\n|-boost|p2a: Volcarona|spe|1\n|move|p2b: Milotic|Muddy Water|p1a: Scizor|[spread] p1a,p1b\n|-resisted|p1b: Pelipper|1\n|-damage|p1a: Scizor|36/100\n|-damage|p1b: Pelipper|51/100\n|move|p1a: Scizor|Bug Bite|p2b: Milotic\n|-damage|p2b: Milotic|10/100\n|\n|-weather|RainDance|[upkeep]\n|-heal|p2b: Milotic|16/100|[from] item: Leftovers\n|upkeep\n|turn|4\n|\n|t:|1776573099\n|switch|p1b: Sinistcha|Sinistcha, L50|100/100\n|-heal|p1a: Scizor|61/100|[from] ability: Hospitality|[of] p1b: Sinistcha\n|move|p2a: Volcarona|Rage Powder|p2a: Volcarona\n|-singleturn|p2a: Volcarona|move: Rage Powder\n|move|p1a: Scizor|Bullet Punch|p2a: Volcarona\n|-resisted|p2a: Volcarona|1\n|-damage|p2a: Volcarona|61/100\n|-status|p1a: Scizor|brn|[from] ability: Flame Body|[of] p2a: Volcarona\n|move|p2b: Milotic|Muddy Water|p1b: Sinistcha|[spread] p1a\n|-miss|p2b: Milotic|p1b: Sinistcha\n|-damage|p1a: Scizor|0 fnt\n|faint|p1a: Scizor\n|\n|-weather|RainDance|[upkeep]\n|-heal|p2b: Milotic|22/100|[from] item: Leftovers\n|upkeep\n|\n|t:|1776573113\n|switch|p1a: Pelipper|Pelipper, L50, F|51/100\n|turn|5\n|-activate|p1a: Pelipper|item: Quick Claw\n|\n|t:|1776573122\n|switch|p2a: Hydreigon|Hydreigon, L50, M|100/100\n|move|p1a: Pelipper|Protect|p1a: Pelipper\n|-singleturn|p1a: Pelipper|Protect\n|move|p2b: Milotic|Protect|p2b: Milotic\n|-singleturn|p2b: Milotic|Protect\n|move|p1b: Sinistcha|Trick Room|p1b: Sinistcha\n|-fieldstart|move: Trick Room|[of] p1b: Sinistcha\n|\n|-weather|RainDance|[upkeep]\n|-heal|p2b: Milotic|28/100|[from] item: Leftovers\n|upkeep\n|turn|6\n|-activate|p1a: Pelipper|item: Quick Claw\n|\n|t:|1776573137\n|move|p2b: Milotic|Helping Hand|p2a: Hydreigon\n|-singleturn|p2a: Hydreigon|Helping Hand|[of] p2b: Milotic\n|move|p1a: Pelipper|Hurricane|p2a: Hydreigon\n|-damage|p2a: Hydreigon|47/100\n|move|p1b: Sinistcha|Matcha Gotcha|p2a: Hydreigon|[spread] p2a,p2b\n|-resisted|p2a: Hydreigon|1\n|-supereffective|p2b: Milotic|1\n|-damage|p2a: Hydreigon|37/100\n|-damage|p2b: Milotic|0 fnt\n|faint|p2b: Milotic\n|move|p2a: Hydreigon|Snarl|p1a: Pelipper|[spread] p1a,p1b\n|-supereffective|p1b: Sinistcha|1\n|-damage|p1a: Pelipper|6/100\n|-damage|p1b: Sinistcha|39/100\n|-unboost|p1a: Pelipper|spa|1\n|-unboost|p1b: Sinistcha|spa|1\n|\n|-weather|RainDance|[upkeep]\n|upkeep\n|\n|t:|1776573146\n|switch|p2b: Scizor|Scizor, L50, F|100/100\n|turn|7\n|\n|t:|1776573168\n|switch|p1a: Incineroar|Incineroar, L50, F|100/100\n|-ability|p1a: Incineroar|Intimidate|boost\n|-unboost|p2a: Hydreigon|atk|1\n|-unboost|p2b: Scizor|atk|1\n|move|p2b: Scizor|Bullet Punch|p1a: Incineroar\n|-resisted|p1a: Incineroar|1\n|-damage|p1a: Incineroar|91/100\n|move|p1b: Sinistcha|Life Dew|p1b: Sinistcha|[spread] p1a,p1b\n|-heal|p1a: Incineroar|100/100\n|-heal|p1b: Sinistcha|64/100\n|move|p2a: Hydreigon|Snarl|p1b: Sinistcha|[spread] p1a,p1b\n|-resisted|p1a: Incineroar|1\n|-supereffective|p1b: Sinistcha|1\n|-damage|p1a: Incineroar|92/100\n|-damage|p1b: Sinistcha|22/100\n|-unboost|p1a: Incineroar|spa|1\n|-unboost|p1b: Sinistcha|spa|1\n|\n|-weather|none\n|upkeep\n|turn|8\n|\n|t:|1776573195\n|switch|p2a: Volcarona|Volcarona, L50, F|61/100\n|move|p2b: Scizor|Protect|p2b: Scizor\n|-singleturn|p2b: Scizor|Protect\n|move|p1a: Incineroar|Flare Blitz|p2a: Volcarona\n|-damage|p2a: Volcarona|1/100\n|-enditem|p2a: Volcarona|Sitrus Berry|[eat]\n|-heal|p2a: Volcarona|26/100|[from] item: Sitrus Berry\n|-damage|p1a: Incineroar|74/100|[from] Recoil\n|move|p1b: Sinistcha|Life Dew|p1b: Sinistcha|[spread] p1a,p1b\n|-heal|p1a: Incineroar|99/100\n|-heal|p1b: Sinistcha|48/100\n|\n|upkeep\n|turn|9\n|\n|t:|1776573234\n|switch|p2a: Hydreigon|Hydreigon, L50, M|37/100\n|move|p1a: Incineroar|Flare Blitz|p2b: Scizor\n|-supereffective|p2b: Scizor|2\n|-enditem|p2b: Scizor|Focus Sash\n|-damage|p2b: Scizor|1/100\n|-damage|p1a: Incineroar|71/100|[from] Recoil\n|move|p2b: Scizor|Swords Dance|p2b: Scizor\n|-boost|p2b: Scizor|atk|2\n|move|p1b: Sinistcha|Matcha Gotcha|p2b: Scizor|[spread] p2a,p2b\n|-resisted|p2a: Hydreigon|1\n|-resisted|p2b: Scizor|2\n|-damage|p2a: Hydreigon|32/100\n|-heal|p1b: Sinistcha|50/100|[from] drain|[of] p2a: Hydreigon\n|-damage|p2b: Scizor|0 fnt\n|-heal|p1b: Sinistcha|51/100|[from] drain|[of] p2b: Scizor\n|faint|p2b: Scizor\n|\n|-fieldend|move: Trick Room\n|upkeep\n|\n|t:|1776573240\n|switch|p2b: Volcarona|Volcarona, L50, F|26/100\n|turn|10\n|\n|t:|1776573265\n|switch|p1b: Pelipper|Pelipper, L50, F|6/100\n|-weather|RainDance|[from] ability: Drizzle|[of] p1b: Pelipper\n|move|p2a: Hydreigon|Draco Meteor|p1a: Incineroar\n|-crit|p1a: Incineroar\n|-damage|p1a: Incineroar|0 fnt\n|-unboost|p2a: Hydreigon|spa|2\n|faint|p1a: Incineroar\n|move|p2b: Volcarona|Heat Wave|p1b: Pelipper\n|-resisted|p1b: Pelipper|1\n|-damage|p1b: Pelipper|0 fnt\n|faint|p1b: Pelipper\n|\n|-weather|RainDance|[upkeep]\n|upkeep\n|\n|t:|1776573273\n|switch|p1b: Sinistcha|Sinistcha, L50|51/100\n|turn|11\n|\n|t:|1776573282\n|move|p2a: Hydreigon|Draco Meteor|p1b: Sinistcha\n|-damage|p1b: Sinistcha|19/100\n|-unboost|p2a: Hydreigon|spa|2\n|move|p2b: Volcarona|Heat Wave|p1b: Sinistcha\n|-supereffective|p1b: Sinistcha|1\n|-damage|p1b: Sinistcha|0 fnt\n|faint|p1b: Sinistcha\n|\n|win|testballs\n|raw|cakesgalore3's rating: 1409 &rarr; <strong>1392</strong><br />(-17 for losing)\n|raw|testballs's rating: 1461 &rarr; <strong>1478</strong><br />(+17 for winning)\n",
  "uploadtime": 1776573301,
  "views": 15,
  "formatid": "gen9championsvgc2026regma",
  "rating": 1392,
  "private": 0,
  "password": null
}