{
  "id": "gen9championsvgc2026regma-2582921966",
  "format": "[Gen 9 Champions] VGC 2026 Reg M-A",
  "players": [
    "kenrou",
    "willpdm"
  ],
  "log": "|j|\u2606kenrou\n|j|\u2606willpdm\n|t:|1776125222\n|gametype|doubles\n|player|p1|kenrou|169|1073\n|player|p2|willpdm|steven|1010\n|gen|9\n|tier|[Gen 9 Champions] VGC 2026 Reg M-A\n|rated|\n|rule|Species Clause: Limit one of each Pok\u00e9mon\n|rule|Item Clause: Limit 1 of each item\n|clearpoke\n|poke|p1|Torterra, L50, M|\n|poke|p1|Hawlucha, L50, F|\n|poke|p1|Chimecho, L50, F|\n|poke|p1|Heracross, L50, M|\n|poke|p1|Empoleon, L50, F|\n|poke|p1|Whimsicott, L50, F|\n|poke|p2|Garchomp, L50, M|\n|poke|p2|Corviknight, L50, M|\n|poke|p2|Charizard, L50, M|\n|poke|p2|Torkoal, L50, M|\n|poke|p2|Basculegion, L50, M|\n|poke|p2|Whimsicott, L50, F|\n|teampreview|4\n|inactive|Battle timer is ON: inactive players will automatically lose when time's up. (requested by kenrou)\n|inactive|kenrou has 60 seconds left.\n|\n|t:|1776125253\n|teamsize|p1|4\n|teamsize|p2|4\n|start\n|switch|p1a: Hawlucha|Hawlucha, L50, F|100/100\n|switch|p1b: Torterra|Torterra, L50, M|100/100\n|switch|p2a: Whimsicott|Whimsicott, L50, F|100/100\n|switch|p2b: Garchomp|Garchomp, L50, M, shiny|100/100\n|turn|1\n|\n|t:|1776125270\n|move|p2a: Whimsicott|Tailwind|p2a: Whimsicott\n|-sidestart|p2: willpdm|move: Tailwind\n|move|p2b: Garchomp|Rock Slide|p1a: Hawlucha|[spread] p1a,p1b\n|-resisted|p1b: Torterra|1\n|-damage|p1a: Hawlucha|69/100\n|-damage|p1b: Torterra|90/100\n|move|p1a: Hawlucha|Entrainment|p1b: Torterra\n|-ability|p1b: Torterra|Unburden|Shell Armor|[from] move: Entrainment|[of] p1a: Hawlucha\n|move|p1b: Torterra|Shell Smash|p1b: Torterra\n|-unboost|p1b: Torterra|def|1\n|-unboost|p1b: Torterra|spd|1\n|-boost|p1b: Torterra|atk|2\n|-boost|p1b: Torterra|spa|2\n|-boost|p1b: Torterra|spe|2\n|-enditem|p1b: Torterra|White Herb\n|-clearnegativeboost|p1b: Torterra|[silent]\n|\n|upkeep\n|turn|2\n|\n|t:|1776125295\n|move|p1a: Hawlucha|Helping Hand|p1b: Torterra\n|-singleturn|p1b: Torterra|Helping Hand|[of] p1a: Hawlucha\n|move|p1b: Torterra|Earthquake|p2b: Garchomp|[spread] p2a,p2b\n|-immune|p1a: Hawlucha\n|-resisted|p2a: Whimsicott|1\n|-damage|p2a: Whimsicott|39/100\n|-damage|p2b: Garchomp|0 fnt\n|faint|p2b: Garchomp\n|move|p2a: Whimsicott|Dazzling Gleam|p1a: Hawlucha|[spread] p1a,p1b\n|-supereffective|p1a: Hawlucha|1\n|-damage|p1a: Hawlucha|13/100\n|-damage|p1b: Torterra|70/100\n|\n|upkeep\n|\n|t:|1776125315\n|switch|p2b: Torkoal|Torkoal, L50, M|100/100\n|-weather|SunnyDay|[from] ability: Drought|[of] p2b: Torkoal\n|turn|3\n|\n|t:|1776125326\n|move|p2a: Whimsicott|Helping Hand|p2b: Torkoal\n|-singleturn|p2b: Torkoal|Helping Hand|[of] p2a: Whimsicott\n|move|p1a: Hawlucha|Helping Hand|p1b: Torterra\n|-singleturn|p1b: Torterra|Helping Hand|[of] p1a: Hawlucha\n|move|p1b: Torterra|Rock Slide|p2b: Torkoal|[spread] p2a,p2b\n|-supereffective|p2b: Torkoal|1\n|-damage|p2a: Whimsicott|0 fnt\n|-damage|p2b: Torkoal|18/100\n|faint|p2a: Whimsicott\n|cant|p2b: Torkoal|flinch\n|\n|-weather|SunnyDay|[upkeep]\n|upkeep\n|\n|t:|1776125339\n|switch|p2a: Charizard|Charizard, L50, M, shiny|100/100\n|turn|4\n|\n|t:|1776125348\n|detailschange|p2a: Charizard|Charizard-Mega-Y, L50, M, shiny\n|-mega|p2a: Charizard|Charizard|Charizardite Y\n|move|p1a: Hawlucha|Helping Hand|p1b: Torterra\n|-singleturn|p1b: Torterra|Helping Hand|[of] p1a: Hawlucha\n|move|p2b: Torkoal|Protect|p2b: Torkoal\n|-singleturn|p2b: Torkoal|Protect\n|move|p1b: Torterra|Rock Slide|p2a: Charizard|[spread] p2a\n|-activate|p2b: Torkoal|move: Protect\n|-supereffective|p2a: Charizard|2\n|-crit|p2a: Charizard\n|-damage|p2a: Charizard|0 fnt\n|faint|p2a: Charizard\n|\n|-weather|SunnyDay|[upkeep]\n|-sideend|p2: willpdm|move: Tailwind\n|upkeep\n|turn|5\n|\n|t:|1776125369\n|move|p1b: Torterra|Rock Slide|p2b: Torkoal\n|-supereffective|p2b: Torkoal|1\n|-damage|p2b: Torkoal|0 fnt\n|faint|p2b: Torkoal\n|\n|win|kenrou\n|raw|kenrou's rating: 1073 &rarr; <strong>1097</strong><br />(+24 for winning)\n|raw|willpdm's rating: 1010 &rarr; <strong>1001</strong><br />(-9 for losing)\n|l|\u2606willpdm\n|player|p2|\n",
  "uploadtime": 1776125386,
  "views": 41,
  "formatid": "gen9championsvgc2026regma",
  "rating": 1001,
  "private": 0,
  "password": null
}