{
  "id": "gen9championsvgc2026regma-2583815761",
  "format": "[Gen 9 Champions] VGC 2026 Reg M-A",
  "players": [
    "Autistaqliao",
    "ZeroPops"
  ],
  "log": "|j|\u2606Autistaqliao\n|j|\u2606ZeroPops\n|t:|1776199882\n|gametype|doubles\n|player|p1|Autistaqliao|101|1227\n|player|p2|ZeroPops|266|1246\n|gen|9\n|tier|[Gen 9 Champions] VGC 2026 Reg M-A\n|rated|\n|rule|Species Clause: Limit one of each Pok\u00e9mon\n|rule|Item Clause: Limit 1 of each item\n|clearpoke\n|poke|p1|Scizor, L50, F|\n|poke|p1|Farigiraf, L50, F|\n|poke|p1|Ninetales-Alola, L50, F|\n|poke|p1|Incineroar, L50, M|\n|poke|p1|Milotic, L50, F|\n|poke|p1|Sneasler, L50, M|\n|poke|p2|Floette-Eternal, L50, F|\n|poke|p2|Aerodactyl, L50, M|\n|poke|p2|Sneasler, L50, F|\n|poke|p2|Incineroar, L50, F|\n|poke|p2|Kingambit, L50, M|\n|poke|p2|Basculegion, L50, M|\n|teampreview|4\n|\n|t:|1776199917\n|teamsize|p1|4\n|teamsize|p2|4\n|start\n|switch|p1a: Milotic|Milotic, L50, F|100/100\n|switch|p1b: Sneasler|Sneasler, L50, M|100/100\n|switch|p2a: Kingambit|Kingambit, L50, M|100/100\n|switch|p2b: Floette|Floette-Eternal, L50, F|100/100\n|turn|1\n|\n|t:|1776199945\n|switch|p2b: Basculegion|Basculegion, L50, M|100/100\n|move|p1b: Sneasler|Close Combat|p2a: Kingambit\n|-supereffective|p2a: Kingambit|2\n|-damage|p2a: Kingambit|0 fnt\n|-unboost|p1b: Sneasler|def|1\n|-unboost|p1b: Sneasler|spd|1\n|faint|p2a: Kingambit\n|-enditem|p1b: Sneasler|White Herb\n|-clearnegativeboost|p1b: Sneasler|[silent]\n|move|p1a: Milotic|Scald|p2b: Basculegion\n|-resisted|p2b: Basculegion|1\n|-crit|p2b: Basculegion\n|-damage|p2b: Basculegion|65/100\n|\n|upkeep\n|\n|t:|1776199953\n|switch|p2a: Floette|Floette-Eternal, L50, F|100/100\n|turn|2\n|\n|t:|1776199966\n|detailschange|p2a: Floette|Floette-Mega, L50, F\n|-mega|p2a: Floette|Floette|Floettite\n|-ability|p2a: Floette|Fairy Aura\n|move|p1b: Sneasler|Dire Claw|p2a: Floette\n|-supereffective|p2a: Floette|1\n|-damage|p2a: Floette|0 fnt\n|faint|p2a: Floette\n|move|p2b: Basculegion|Last Respects|p1b: Sneasler\n|-damage|p1b: Sneasler|0 fnt\n|faint|p1b: Sneasler\n|move|p1a: Milotic|Scald|p2b: Basculegion\n|-resisted|p2b: Basculegion|1\n|-damage|p2b: Basculegion|45/100\n|\n|upkeep\n|\n|t:|1776199985\n|switch|p1b: Farigiraf|Farigiraf, L50, F|100/100\n|switch|p2a: Incineroar|Incineroar, L50, F|100/100\n|-ability|p2a: Incineroar|Intimidate|boost\n|-unboost|p1a: Milotic|atk|1\n|-ability|p1a: Milotic|Competitive|boost\n|-boost|p1a: Milotic|spa|2\n|-unboost|p1b: Farigiraf|atk|1\n|turn|3\n|\n|t:|1776200015\n|move|p2b: Basculegion|Last Respects|p1a: Milotic\n|-damage|p1a: Milotic|1/100\n|move|p1a: Milotic|Muddy Water|p2b: Basculegion|[spread] p2b\n|-miss|p1a: Milotic|p2a: Incineroar\n|-resisted|p2b: Basculegion|1\n|-damage|p2b: Basculegion|5/100\n|move|p2a: Incineroar|Throat Chop|p1b: Farigiraf\n|-supereffective|p1b: Farigiraf|1\n|-damage|p1b: Farigiraf|16/100\n|-start|p1b: Farigiraf|Throat Chop|[silent]\n|move|p1b: Farigiraf|Dazzling Gleam|p2b: Basculegion|[spread] p2a,p2b\n|-damage|p2a: Incineroar|83/100\n|-damage|p2b: Basculegion|0 fnt\n|faint|p2b: Basculegion\n|\n|-heal|p1a: Milotic|7/100|[from] item: Leftovers\n|upkeep\n|turn|4\n|inactive|Battle timer is ON: inactive players will automatically lose when time's up. (requested by ZeroPops)\n|\n|t:|1776200052\n|move|p1a: Milotic|Protect|p1a: Milotic\n|-singleturn|p1a: Milotic|Protect\n|move|p2a: Incineroar|Throat Chop|p1a: Milotic\n|-activate|p1a: Milotic|move: Protect\n|move|p1b: Farigiraf|Dazzling Gleam|p2a: Incineroar\n|-damage|p2a: Incineroar|56/100\n|\n|-heal|p1a: Milotic|13/100|[from] item: Leftovers\n|-end|p1b: Farigiraf|Throat Chop|[silent]\n|upkeep\n|turn|5\n|\n|t:|1776200067\n|move|p1a: Milotic|Scald|p2a: Incineroar\n|-supereffective|p2a: Incineroar|1\n|-damage|p2a: Incineroar|0 fnt\n|faint|p2a: Incineroar\n|\n|win|Autistaqliao\n|raw|Autistaqliao's rating: 1227 &rarr; <strong>1253</strong><br />(+26 for winning)\n|raw|ZeroPops's rating: 1246 &rarr; <strong>1220</strong><br />(-26 for losing)\n",
  "uploadtime": 1776200070,
  "views": 65,
  "formatid": "gen9championsvgc2026regma",
  "rating": 1220,
  "private": 0,
  "password": null
}