{
  "id": "gen9championsvgc2026regma-2587637127",
  "format": "[Gen 9 Champions] VGC 2026 Reg M-A",
  "players": [
    "AppleWalrus1",
    "SlipqyVGC"
  ],
  "log": "|j|\u2606AppleWalrus1\n|j|\u2606SlipqyVGC\n|t:|1776549185\n|gametype|doubles\n|player|p1|AppleWalrus1|caitlin|1411\n|player|p2|SlipqyVGC|miku-ghost|1477\n|gen|9\n|tier|[Gen 9 Champions] VGC 2026 Reg M-A\n|rated|\n|rule|Species Clause: Limit one of each Pok\u00e9mon\n|rule|Item Clause: Limit 1 of each item\n|clearpoke\n|poke|p1|Gardevoir, L50, F|\n|poke|p1|Whimsicott, L50, F|\n|poke|p1|Archaludon, L50, M|\n|poke|p1|Rotom-Wash, L50|\n|poke|p1|Umbreon, L50, F|\n|poke|p1|Mimikyu, L50, F|\n|poke|p2|Sneasler, L50, F|\n|poke|p2|Talonflame, L50, M, shiny|\n|poke|p2|Kingambit, L50, M, shiny|\n|poke|p2|Floette-Eternal, L50, F|\n|poke|p2|Garchomp, L50, M|\n|poke|p2|Basculegion, L50, M, shiny|\n|teampreview|4\n|inactive|Battle timer is ON: inactive players will automatically lose when time's up. (requested by SlipqyVGC)\n|inactive|AppleWalrus1 also wants the timer to be on.\n|inactive|AppleWalrus1 has 60 seconds left.\n|inactive|SlipqyVGC has 60 seconds left.\n|inactive|SlipqyVGC has 30 seconds left.\n|inactive|SlipqyVGC has 20 seconds left.\n|inactive|SlipqyVGC has 15 seconds left.\n|\n|t:|1776549260\n|teamsize|p1|4\n|teamsize|p2|4\n|start\n|switch|p1a: Mimikyu|Mimikyu, L50, F|100/100\n|switch|p1b: Whimsicott|Whimsicott, L50, F|100/100\n|switch|p2a: Sneasler|Sneasler, L50, F|100/100\n|switch|p2b: Kingambit|Kingambit, L50, M, shiny|100/100\n|turn|1\n|inactive|AppleWalrus1 has 30 seconds left.\n|inactive|SlipqyVGC has 30 seconds left.\n|inactive|AppleWalrus1 has 20 seconds left.\n|inactive|SlipqyVGC has 20 seconds left.\n|inactive|AppleWalrus1 has 15 seconds left.\n|\n|t:|1776549303\n|move|p1b: Whimsicott|Protect|p1b: Whimsicott\n|-singleturn|p1b: Whimsicott|Protect\n|move|p2a: Sneasler|Dire Claw|p1b: Whimsicott\n|-activate|p1b: Whimsicott|move: Protect\n|move|p1a: Mimikyu|Swords Dance|p1a: Mimikyu\n|-boost|p1a: Mimikyu|atk|2\n|move|p2b: Kingambit|Kowtow Cleave|p1a: Mimikyu\n|-activate|p1a: Mimikyu|ability: Disguise\n|-damage|p1a: Mimikyu|100/100\n|detailschange|p1a: Mimikyu|Mimikyu-Busted, L50, F\n|-damage|p1a: Mimikyu|88/100|[from] pokemon: Mimikyu-Busted\n|\n|upkeep\n|turn|2\n|\n|t:|1776549325\n|move|p2b: Kingambit|Protect|p2b: Kingambit\n|-singleturn|p2b: Kingambit|Protect\n|move|p1b: Whimsicott|Endeavor|p2b: Kingambit\n|-activate|p2b: Kingambit|move: Protect\n|move|p2a: Sneasler|Dire Claw|p1a: Mimikyu\n|-damage|p1a: Mimikyu|28/100\n|move|p1a: Mimikyu|Play Rough|p2b: Kingambit\n|-activate|p2b: Kingambit|move: Protect\n|\n|upkeep\n|turn|3\n|\n|t:|1776549344\n|move|p1a: Mimikyu|Protect|p1a: Mimikyu\n|-singleturn|p1a: Mimikyu|Protect\n|move|p2b: Kingambit|Sucker Punch||[still]\n|-fail|p2b: Kingambit\n|move|p1b: Whimsicott|Moonblast|p2a: Sneasler\n|-damage|p2a: Sneasler|54/100\n|move|p2a: Sneasler|Dire Claw|p1b: Whimsicott\n|-supereffective|p1b: Whimsicott|2\n|-enditem|p1b: Whimsicott|Focus Sash\n|-damage|p1b: Whimsicott|1/100\n|\n|upkeep\n|turn|4\n|inactive|SlipqyVGC has 30 seconds left.\n|\n|t:|1776549370\n|move|p1b: Whimsicott|Tailwind|p1b: Whimsicott\n|-sidestart|p1: AppleWalrus1|move: Tailwind\n|move|p1a: Mimikyu|Shadow Sneak|p2a: Sneasler\n|-damage|p2a: Sneasler|0 fnt\n|faint|p2a: Sneasler\n|move|p2b: Kingambit|Sucker Punch||[still]\n|-fail|p2b: Kingambit\n|\n|upkeep\n|\n|t:|1776549389\n|switch|p2a: Garchomp|Garchomp, L50, M|100/100\n|turn|5\n|j| direc_t10n\n|\n|t:|1776549400\n|move|p2a: Garchomp|Protect|p2a: Garchomp\n|-singleturn|p2a: Garchomp|Protect\n|move|p1b: Whimsicott|Endeavor|p2b: Kingambit\n|-damage|p2b: Kingambit|1/100\n|move|p1a: Mimikyu|Play Rough|p2a: Garchomp\n|-activate|p2a: Garchomp|move: Protect\n|move|p2b: Kingambit|Kowtow Cleave|p1b: Whimsicott\n|-resisted|p1b: Whimsicott|1\n|-damage|p1b: Whimsicott|0 fnt\n|faint|p1b: Whimsicott\n|\n|upkeep\n|\n|t:|1776549411\n|switch|p1b: Archaludon|Archaludon, L50, M|100/100\n|turn|6\n|c| direc_t10n|Miku custom av :O\n|\n|t:|1776549430\n|move|p1a: Mimikyu|Shadow Sneak|p2b: Kingambit\n|-resisted|p2b: Kingambit|1\n|-damage|p2b: Kingambit|0 fnt\n|faint|p2b: Kingambit\n|move|p1b: Archaludon|Dragon Pulse|p2a: Garchomp\n|-supereffective|p2a: Garchomp|1\n|-enditem|p2a: Garchomp|Haban Berry|[eat]\n|-enditem|p2a: Garchomp|Haban Berry|[weaken]\n|-damage|p2a: Garchomp|63/100\n|move|p2a: Garchomp|Earthquake|p1b: Archaludon|[spread] p1a,p1b\n|-supereffective|p1b: Archaludon|1\n|-damage|p1a: Mimikyu|0 fnt\n|-damage|p1b: Archaludon|42/100\n|faint|p1a: Mimikyu\n|\n|upkeep\n|\n|t:|1776549440\n|switch|p1a: Gardevoir|Gardevoir, L50, F|100/100\n|switch|p2b: Floette|Floette-Eternal, L50, F|100/100\n|turn|7\n|\n|t:|1776549453\n|detailschange|p1a: Gardevoir|Gardevoir-Mega, L50, F\n|-mega|p1a: Gardevoir|Gardevoir|Gardevoirite\n|move|p2b: Floette|Protect|p2b: Floette\n|-singleturn|p2b: Floette|Protect\n|move|p2a: Garchomp|Protect|p2a: Garchomp\n|-singleturn|p2a: Garchomp|Protect\n|move|p1b: Archaludon|Flash Cannon|p2b: Floette\n|-activate|p2b: Floette|move: Protect\n|move|p1a: Gardevoir|Calm Mind|p1a: Gardevoir\n|-boost|p1a: Gardevoir|spa|1\n|-boost|p1a: Gardevoir|spd|1\n|\n|-sideend|p1: AppleWalrus1|move: Tailwind\n|upkeep\n|turn|8\n|\n|t:|1776549472\n|detailschange|p2b: Floette|Floette-Mega, L50, F\n|-mega|p2b: Floette|Floette|Floettite\n|-ability|p2b: Floette|Fairy Aura\n|move|p1b: Archaludon|Protect|p1b: Archaludon\n|-singleturn|p1b: Archaludon|Protect\n|move|p2b: Floette|Light of Ruin|p1a: Gardevoir|[miss]\n|-miss|p2b: Floette|p1a: Gardevoir\n|move|p2a: Garchomp|Dragon Claw|p1b: Archaludon\n|-activate|p1b: Archaludon|move: Protect\n|move|p1a: Gardevoir|Hyper Voice|p2b: Floette|[spread] p2a,p2b\n|-supereffective|p2a: Garchomp|1\n|-damage|p2a: Garchomp|0 fnt\n|-damage|p2b: Floette|7/100\n|faint|p2a: Garchomp\n|\n|upkeep\n|turn|9\n|\n|t:|1776549486\n|move|p2b: Floette|Dazzling Gleam|p1b: Archaludon|[spread] p1a,p1b\n|-damage|p1a: Gardevoir|74/100\n|-damage|p1b: Archaludon|0 fnt\n|faint|p1b: Archaludon\n|move|p1a: Gardevoir|Hyper Voice|p2b: Floette\n|-damage|p2b: Floette|0 fnt\n|faint|p2b: Floette\n|\n|win|AppleWalrus1\n|raw|AppleWalrus1's rating: 1411 &rarr; <strong>1435</strong><br />(+24 for winning)\n|raw|SlipqyVGC's rating: 1477 &rarr; <strong>1453</strong><br />(-24 for losing)\n|l|\u2606AppleWalrus1\n|player|p1|\n",
  "uploadtime": 1776549493,
  "views": 17,
  "formatid": "gen9championsvgc2026regma",
  "rating": 1435,
  "private": 0,
  "password": null
}