{
  "id": "gen9championsvgc2026regma-2580803536",
  "format": "[Gen 9 Champions] VGC 2026 Reg M-A",
  "players": [
    "pppoe2000",
    "rafash009"
  ],
  "log": "|j|\u2606pppoe2000\n|j|\u2606rafash009\n|html|<table width=\"100%\"><tr><td align=\"left\">pppoe2000</td><td align=\"right\">rafash009</tr><tr><td align=\"left\"><i class=\"fa fa-circle-o\"></i> <i class=\"fa fa-circle-o\"></i> </td><td align=\"right\"><i class=\"fa fa-circle-o\"></i> <i class=\"fa fa-circle\"></i> </tr></table>\n|uhtml|bestof|<h2><strong>Game 2</strong> of <a href=\"/game-bestof3-gen9championsvgc2026regma-2580800539\">a best-of-3</a></h2>\n|t:|1775933767\n|gametype|doubles\n|player|p1|pppoe2000|1|\n|player|p2|rafash009|blaine|\n|gen|9\n|tier|[Gen 9 Champions] VGC 2026 Reg M-A\n|rule|Species Clause: Limit one of each Pok\u00e9mon\n|rule|Item Clause: Limit 1 of each item\n|raw|<div class=\"infobox\"><details class=\"readmore\" open><summary><strong>1 custom rule:</strong></summary> Best of = 3</details></div>\n|clearpoke\n|poke|p1|Sneasler, L50, F|\n|poke|p1|Kingambit, L50, F|\n|poke|p1|Clefable, L50, M|\n|poke|p1|Delphox, L50, M|\n|poke|p1|Dragonite, L50, F|\n|poke|p1|Basculegion, L50, M|\n|poke|p2|Floette-Eternal, L50, F|\n|poke|p2|Aerodactyl, L50, M|\n|poke|p2|Incineroar, L50, M|\n|poke|p2|Garchomp, L50, F|\n|poke|p2|Sneasler, L50, F|\n|poke|p2|Basculegion, L50, M|\n|teampreview|4\n|\n|t:|1775933796\n|teamsize|p1|4\n|teamsize|p2|4\n|start\n|switch|p1a: Sneasler|Sneasler, L50, F|100/100\n|switch|p1b: Clefable|Clefable, L50, M|100/100\n|switch|p2a: Aerodactyl|Aerodactyl, L50, M|100/100\n|switch|p2b: Incineroar|Incineroar, L50, M|100/100\n|-ability|p2a: Aerodactyl|Unnerve\n|-ability|p2b: Incineroar|Intimidate|boost\n|-unboost|p1a: Sneasler|atk|1\n|-unboost|p1b: Clefable|atk|1\n|turn|1\n|\n|t:|1775933820\n|move|p1a: Sneasler|Fake Out|p2b: Incineroar\n|-damage|p2b: Incineroar|88/100\n|cant|p2b: Incineroar|flinch\n|move|p2a: Aerodactyl|Tailwind|p2a: Aerodactyl\n|-sidestart|p2: rafash009|move: Tailwind\n|move|p1b: Clefable|Moonblast|p2a: Aerodactyl\n|-damage|p2a: Aerodactyl|58/100\n|-unboost|p2a: Aerodactyl|spa|1\n|\n|upkeep\n|turn|2\n|\n|t:|1775933840\n|move|p1b: Clefable|Helping Hand|p1a: Sneasler\n|-singleturn|p1a: Sneasler|Helping Hand|[of] p1b: Clefable\n|move|p2a: Aerodactyl|Protect|p2a: Aerodactyl\n|-singleturn|p2a: Aerodactyl|Protect\n|move|p2b: Incineroar|Parting Shot|p1a: Sneasler\n|-unboost|p1a: Sneasler|atk|1\n|-unboost|p1a: Sneasler|spa|1\n|\n|t:|1775933850\n|switch|p2b: Basculegion|Basculegion, L50, M|100/100|[from] Parting Shot\n|move|p1a: Sneasler|Close Combat|p2b: Basculegion\n|-immune|p2b: Basculegion\n|\n|upkeep\n|turn|3\n|\n|t:|1775933871\n|move|p1a: Sneasler|Protect|p1a: Sneasler\n|-singleturn|p1a: Sneasler|Protect\n|move|p2b: Basculegion|Flip Turn|p1b: Clefable\n|-damage|p1b: Clefable|58/100\n|\n|t:|1775933877\n|switch|p2b: Incineroar|Incineroar, L50, M|88/100|[from] Flip Turn\n|-ability|p2b: Incineroar|Intimidate|boost\n|-unboost|p1a: Sneasler|atk|1\n|-unboost|p1b: Clefable|atk|1\n|move|p2a: Aerodactyl|Dual Wingbeat|p1a: Sneasler\n|-activate|p1a: Sneasler|move: Protect\n|move|p1b: Clefable|Moonblast|p2a: Aerodactyl\n|-damage|p2a: Aerodactyl|12/100\n|\n|upkeep\n|turn|4\n|\n|t:|1775933896\n|move|p1b: Clefable|Helping Hand|p1a: Sneasler\n|-singleturn|p1a: Sneasler|Helping Hand|[of] p1b: Clefable\n|move|p2b: Incineroar|Fake Out|p1b: Clefable\n|-damage|p1b: Clefable|43/100\n|move|p2a: Aerodactyl|Dual Wingbeat|p1a: Sneasler|[miss]\n|-miss|p2a: Aerodactyl|p1a: Sneasler\n|move|p1a: Sneasler|Dire Claw|p2b: Incineroar\n|-damage|p2b: Incineroar|53/100\n|-status|p2b: Incineroar|psn\n|\n|-damage|p2b: Incineroar|41/100 psn|[from] psn\n|-sideend|p2: rafash009|move: Tailwind\n|upkeep\n|-enditem|p2b: Incineroar|Sitrus Berry|[eat]\n|-heal|p2b: Incineroar|66/100 psn|[from] item: Sitrus Berry\n|turn|5\n|\n|t:|1775933924\n|move|p2a: Aerodactyl|Protect|p2a: Aerodactyl\n|-singleturn|p2a: Aerodactyl|Protect\n|move|p1a: Sneasler|Protect|p1a: Sneasler\n|-singleturn|p1a: Sneasler|Protect\n|move|p2b: Incineroar|Parting Shot|p1b: Clefable\n|-unboost|p1b: Clefable|atk|1\n|-unboost|p1b: Clefable|spa|1\n|\n|t:|1775933931\n|switch|p2b: Sneasler|Sneasler, L50, F|100/100|[from] Parting Shot\n|move|p1b: Clefable|Moonblast|p2b: Sneasler\n|-damage|p2b: Sneasler|71/100\n|\n|upkeep\n|turn|6\n|\n|t:|1775933947\n|switch|p1b: Dragonite|Dragonite, L50, F|100/100\n|move|p2a: Aerodactyl|Tailwind|p2a: Aerodactyl\n|-sidestart|p2: rafash009|move: Tailwind\n|move|p2b: Sneasler|Dire Claw|p1b: Dragonite\n|-damage|p1b: Dragonite|75/100\n|-status|p1b: Dragonite|psn\n|move|p1a: Sneasler|Close Combat|p2a: Aerodactyl\n|-damage|p2a: Aerodactyl|0 fnt\n|-unboost|p1a: Sneasler|def|1\n|-unboost|p1a: Sneasler|spd|1\n|-enditem|p1b: Dragonite|Lum Berry|[eat]\n|-curestatus|p1b: Dragonite|psn|[msg]\n|faint|p2a: Aerodactyl\n|\n|upkeep\n|\n|t:|1775933956\n|switch|p2a: Incineroar|Incineroar, L50, M|66/100 psn\n|-ability|p2a: Incineroar|Intimidate|boost\n|-unboost|p1a: Sneasler|atk|1\n|-unboost|p1b: Dragonite|atk|1\n|turn|7\n|\n|t:|1775933969\n|move|p2a: Incineroar|Fake Out|p1b: Dragonite\n|-damage|p1b: Dragonite|61/100\n|move|p2b: Sneasler|Rock Tomb|p1b: Dragonite\n|-supereffective|p1b: Dragonite|1\n|-damage|p1b: Dragonite|15/100\n|-unboost|p1b: Dragonite|spe|1\n|move|p1a: Sneasler|Close Combat|p2a: Incineroar\n|-supereffective|p2a: Incineroar|1\n|-damage|p2a: Incineroar|17/100 psn\n|-unboost|p1a: Sneasler|def|1\n|-unboost|p1a: Sneasler|spd|1\n|cant|p1b: Dragonite|flinch\n|\n|-damage|p2a: Incineroar|5/100 psn|[from] psn\n|upkeep\n|turn|8\n|\n|t:|1775933993\n|move|p2b: Sneasler|Protect|p2b: Sneasler\n|-singleturn|p2b: Sneasler|Protect\n|move|p2a: Incineroar|Parting Shot|p1b: Dragonite\n|-unboost|p1b: Dragonite|atk|1\n|-unboost|p1b: Dragonite|spa|1\n|\n|t:|1775933999\n|switch|p2a: Basculegion|Basculegion, L50, M|100/100|[from] Parting Shot\n|move|p1a: Sneasler|Close Combat|p2a: Basculegion\n|-immune|p2a: Basculegion\n|move|p1b: Dragonite|Haze|p1b: Dragonite\n|-clearallboost\n|\n|upkeep\n|turn|9\n|\n|t:|1775934025\n|switch|p1a: Basculegion|Basculegion, L50, M|100/100\n|move|p2a: Basculegion|Flip Turn|p1a: Basculegion\n|-resisted|p1a: Basculegion|1\n|-damage|p1a: Basculegion|76/100\n|\n|t:|1775934031\n|switch|p2a: Incineroar|Incineroar, L50, M|5/100 psn|[from] Flip Turn\n|-ability|p2a: Incineroar|Intimidate|boost\n|-unboost|p1a: Basculegion|atk|1\n|-unboost|p1b: Dragonite|atk|1\n|move|p2b: Sneasler|Rock Tomb|p1b: Dragonite|[miss]\n|-miss|p2b: Sneasler|p1b: Dragonite\n|move|p1b: Dragonite|Scale Shot|p2b: Sneasler\n|-damage|p2b: Sneasler|53/100\n|-damage|p2b: Sneasler|36/100\n|-damage|p2b: Sneasler|20/100\n|-hitcount|p2b: Sneasler|3\n|-unboost|p1b: Dragonite|def|1\n|-boost|p1b: Dragonite|spe|1\n|\n|-damage|p2a: Incineroar|0 fnt|[from] psn\n|faint|p2a: Incineroar\n|-sideend|p2: rafash009|move: Tailwind\n|upkeep\n|\n|t:|1775934046\n|switch|p2a: Basculegion|Basculegion, L50, M|100/100\n|turn|10\n|\n|t:|1775934064\n|move|p1b: Dragonite|Extreme Speed|p2b: Sneasler\n|-damage|p2b: Sneasler|0 fnt\n|faint|p2b: Sneasler\n|move|p1a: Basculegion|Flip Turn|p2a: Basculegion\n|-resisted|p2a: Basculegion|1\n|-damage|p2a: Basculegion|85/100\n|\n|t:|1775934072\n|switch|p1a: Clefable|Clefable, L50, M|43/100|[from] Flip Turn\n|-enditem|p1a: Clefable|Sitrus Berry|[eat]\n|-heal|p1a: Clefable|68/100|[from] item: Sitrus Berry\n|move|p2a: Basculegion|Last Respects|p1a: Clefable\n|-crit|p1a: Clefable\n|-damage|p1a: Clefable|0 fnt\n|faint|p1a: Clefable\n|\n|upkeep\n|\n|t:|1775934086\n|switch|p1a: Sneasler|Sneasler, L50, F|100/100\n|turn|11\n|\n|t:|1775934094\n|move|p1a: Sneasler|Protect|p1a: Sneasler\n|-singleturn|p1a: Sneasler|Protect\n|move|p1b: Dragonite|Haze|p1b: Dragonite\n|-clearallboost\n|move|p2a: Basculegion|Last Respects|p1a: Sneasler\n|-activate|p1a: Sneasler|move: Protect\n|\n|upkeep\n|turn|12\n|\n|t:|1775934109\n|move|p2a: Basculegion|Last Respects|p1a: Sneasler\n|-enditem|p1a: Sneasler|Focus Sash\n|-damage|p1a: Sneasler|1/100\n|move|p1a: Sneasler|Dire Claw|p2a: Basculegion\n|-resisted|p2a: Basculegion|1\n|-damage|p2a: Basculegion|56/100\n|move|p1b: Dragonite|Scale Shot|p2a: Basculegion\n|-damage|p2a: Basculegion|38/100\n|-damage|p2a: Basculegion|19/100\n|-hitcount|p2a: Basculegion|2\n|-unboost|p1b: Dragonite|def|1\n|-boost|p1b: Dragonite|spe|1\n|\n|upkeep\n|turn|13\n|\n|t:|1775934127\n|move|p1a: Sneasler|Protect|p1a: Sneasler\n|-singleturn|p1a: Sneasler|Protect\n|move|p1b: Dragonite|Extreme Speed|p2a: Basculegion\n|-immune|p2a: Basculegion\n|move|p2a: Basculegion|Last Respects|p1b: Dragonite\n|-damage|p1b: Dragonite|0 fnt\n|faint|p1b: Dragonite\n|\n|upkeep\n|\n|t:|1775934136\n|switch|p1b: Basculegion|Basculegion, L50, M|76/100\n|turn|14\n|\n|t:|1775934147\n|move|p1a: Sneasler|Dire Claw|p2a: Basculegion\n|-resisted|p2a: Basculegion|1\n|-damage|p2a: Basculegion|0 fnt\n|faint|p2a: Basculegion\n|\n|win|pppoe2000\n||rafash009 is ready for game 3.\n||pppoe2000 is ready for game 3.\n|uhtml|next|Next: <a href=\"/battle-gen9championsvgc2026regma-2580808276\"><strong>Game 3 of 3</strong></a>\n",
  "uploadtime": 1775934156,
  "views": 12,
  "formatid": "gen9championsvgc2026regma",
  "rating": null,
  "private": 0,
  "password": null
}