{
  "id": "gen9championsvgc2026regma-2581101550",
  "format": "[Gen 9 Champions] VGC 2026 Reg M-A",
  "players": [
    "SecretCreature",
    "goymaster5678"
  ],
  "log": "|j|\u2606SecretCreature\n|j|\u2606goymaster5678\n|t:|1775959984\n|gametype|doubles\n|player|p1|SecretCreature|pokemonbreederf-gen4|1045\n|player|p2|goymaster5678|102|1060\n|gen|9\n|tier|[Gen 9 Champions] VGC 2026 Reg M-A\n|rated|\n|rule|Species Clause: Limit one of each Pok\u00e9mon\n|rule|Item Clause: Limit 1 of each item\n|clearpoke\n|poke|p1|Weavile, L50, F|\n|poke|p1|Volcarona, L50, F|\n|poke|p1|Espathra, L50, F|\n|poke|p1|Primarina, L50, F|\n|poke|p1|Lucario, L50, M|\n|poke|p1|Raichu, L50, M|\n|poke|p2|Pelipper, L50, F|\n|poke|p2|Basculegion, L50, M|\n|poke|p2|Archaludon, L50, M|\n|poke|p2|Dragonite, L50, M|\n|poke|p2|Kingambit, L50, F|\n|poke|p2|Meganium, L50, F|\n|teampreview|4\n|inactive|Battle timer is ON: inactive players will automatically lose when time's up. (requested by goymaster5678)\n|\n|t:|1775960002\n|teamsize|p1|4\n|teamsize|p2|4\n|start\n|switch|p1a: Weavile|Weavile, L50, F|100/100\n|switch|p1b: Lucario|Lucario, L50, M|100/100\n|switch|p2a: Basculegion|Basculegion, L50, M|100/100\n|switch|p2b: Archaludon|Archaludon, L50, M|100/100\n|-ability|p1a: Weavile|Pressure\n|turn|1\n|\n|t:|1775960026\n|switch|p2b: Pelipper|Pelipper, L50, F|100/100\n|-weather|RainDance|[from] ability: Drizzle|[of] p2b: Pelipper\n|detailschange|p1b: Lucario|Lucario-Mega, L50, M\n|-mega|p1b: Lucario|Lucario|Lucarionite\n|move|p1a: Weavile|Fake Out|p2b: Pelipper\n|-damage|p2b: Pelipper|82/100\n|move|p2a: Basculegion|Wave Crash|p1b: Lucario\n|-damage|p1b: Lucario|0 fnt\n|faint|p1b: Lucario\n|-damage|p2a: Basculegion|76/100|[from] Recoil\n|\n|-weather|RainDance|[upkeep]\n|upkeep\n|\n|t:|1775960039\n|switch|p1b: Raichu|Raichu, L50, M|100/100\n|turn|2\n|\n|t:|1775960047\n|move|p2a: Basculegion|Wave Crash|p1a: Weavile\n|-damage|p1a: Weavile|0 fnt\n|faint|p1a: Weavile\n|-damage|p2a: Basculegion|51/100|[from] Recoil\n|move|p1b: Raichu|Thunderbolt|p2a: Basculegion\n|-supereffective|p2a: Basculegion|1\n|-damage|p2a: Basculegion|0 fnt\n|faint|p2a: Basculegion\n|move|p2b: Pelipper|Tailwind|p2b: Pelipper\n|-sidestart|p2: goymaster5678|move: Tailwind\n|\n|-weather|RainDance|[upkeep]\n|upkeep\n|\n|t:|1775960059\n|switch|p1a: Volcarona|Volcarona, L50, F|100/100\n|switch|p2a: Kingambit|Kingambit, L50, F|100/100\n|turn|3\n|-activate|p1b: Raichu|item: Quick Claw\n|\n|t:|1775960077\n|move|p1b: Raichu|Thunderbolt|p2b: Pelipper\n|-supereffective|p2b: Pelipper|2\n|-damage|p2b: Pelipper|0 fnt\n|faint|p2b: Pelipper\n|move|p2a: Kingambit|Kowtow Cleave|p1a: Volcarona\n|-damage|p1a: Volcarona|52/100\n|move|p1a: Volcarona|Fiery Dance|p2a: Kingambit\n|-supereffective|p2a: Kingambit|1\n|-damage|p2a: Kingambit|68/100\n|\n|-weather|RainDance|[upkeep]\n|upkeep\n|\n|t:|1775960092\n|switch|p2b: Archaludon|Archaludon, L50, M|100/100\n|turn|4\n|\n|t:|1775960111\n|move|p2b: Archaludon|Draco Meteor|p1a: Volcarona\n|-activate|p1a: Volcarona|item: Focus Band\n|-damage|p1a: Volcarona|1/100\n|-unboost|p2b: Archaludon|spa|2\n|move|p1b: Raichu|Focus Blast|p2a: Kingambit\n|-supereffective|p2a: Kingambit|2\n|-damage|p2a: Kingambit|0 fnt\n|faint|p2a: Kingambit\n|move|p1a: Volcarona|Fiery Dance|p2b: Archaludon\n|-damage|p2b: Archaludon|74/100\n|-boost|p1a: Volcarona|spa|1\n|\n|-weather|RainDance|[upkeep]\n|upkeep\n|turn|5\n|-message|goymaster5678 forfeited.\n|\n|win|SecretCreature\n|raw|SecretCreature's rating: 1045 &rarr; <strong>1080</strong><br />(+35 for winning)\n|raw|goymaster5678's rating: 1060 &rarr; <strong>1040</strong><br />(-20 for losing)\n|l|\u2606SecretCreature\n|player|p1|\n",
  "uploadtime": 1775960141,
  "views": 23,
  "formatid": "gen9championsvgc2026regma",
  "rating": 1040,
  "private": 0,
  "password": null
}