{
  "id": "gen9championsvgc2026regma-2587801039",
  "format": "[Gen 9 Champions] VGC 2026 Reg M-A",
  "players": [
    "CRUNCHHHVGC",
    "extragrizzly"
  ],
  "log": "|j|\u2606CRUNCHHHVGC\n|j|\u2606extragrizzly\n|t:|1776565358\n|gametype|doubles\n|player|p1|CRUNCHHHVGC|lance|1309\n|player|p2|extragrizzly|byron|1254\n|gen|9\n|tier|[Gen 9 Champions] VGC 2026 Reg M-A\n|rated|\n|rule|Species Clause: Limit one of each Pok\u00e9mon\n|rule|Item Clause: Limit 1 of each item\n|clearpoke\n|poke|p1|Incineroar, L50, M|\n|poke|p1|Dragapult, L50, M|\n|poke|p1|Glimmora, L50, F|\n|poke|p1|Whimsicott, L50, M|\n|poke|p1|Skarmory, L50, M|\n|poke|p1|Basculegion, L50, M|\n|poke|p2|Tyranitar, L50, M, shiny|\n|poke|p2|Garchomp, L50, M|\n|poke|p2|Corviknight, L50, F, shiny|\n|poke|p2|Typhlosion-Hisui, L50, F|\n|poke|p2|Sinistcha, L50|\n|poke|p2|Sneasler, L50, M, shiny|\n|teampreview|4\n|inactive|Battle timer is ON: inactive players will automatically lose when time's up. (requested by extragrizzly)\n|\n|t:|1776565389\n|teamsize|p1|4\n|teamsize|p2|4\n|start\n|switch|p1a: Wolfey\u2019s Bae|Incineroar, L50, M|100/100\n|switch|p1b: Valstrax|Dragapult, L50, M|100/100\n|switch|p2a: Corviknight|Corviknight, L50, F, shiny|100/100\n|switch|p2b: Typhlosion|Typhlosion-Hisui, L50, F|100/100\n|-item|p1a: Wolfey\u2019s Bae|Chople Berry|[from] ability: Frisk|[of] p2b: Typhlosion\n|-item|p1b: Valstrax|Dragon Fang|[from] ability: Frisk|[of] p2b: Typhlosion\n|-ability|p1a: Wolfey\u2019s Bae|Intimidate|boost\n|-ability|p2a: Corviknight|Mirror Armor\n|-unboost|p1a: Wolfey\u2019s Bae|atk|1\n|-unboost|p2b: Typhlosion|atk|1\n|turn|1\n|inactive|CRUNCHHHVGC has 30 seconds left.\n|\n|t:|1776565419\n|move|p1b: Valstrax|Protect|p1b: Valstrax\n|-singleturn|p1b: Valstrax|Protect\n|move|p2b: Typhlosion|Shadow Ball|p1b: Valstrax\n|-activate|p1b: Valstrax|move: Protect\n|move|p2a: Corviknight|Tailwind|p2a: Corviknight\n|-sidestart|p2: extragrizzly|move: Tailwind\n|move|p1a: Wolfey\u2019s Bae|Snarl|p2b: Typhlosion|[spread] p2a,p2b\n|-supereffective|p2b: Typhlosion|1\n|-damage|p2a: Corviknight|85/100\n|-damage|p2b: Typhlosion|52/100\n|-ability|p2a: Corviknight|Mirror Armor\n|-unboost|p1a: Wolfey\u2019s Bae|spa|1\n|-unboost|p2b: Typhlosion|spa|1\n|\n|-heal|p2a: Corviknight|91/100|[from] item: Leftovers\n|upkeep\n|turn|2\n|inactive|CRUNCHHHVGC has 30 seconds left.\n|inactive|extragrizzly has 30 seconds left.\n|inactive|CRUNCHHHVGC has 20 seconds left.\n|inactive|CRUNCHHHVGC has 15 seconds left.\n|\n|t:|1776565461\n|switch|p2b: Garchomp|Garchomp, L50, M|100/100\n|move|p1b: Valstrax|Shadow Ball|p2b: Garchomp\n|-damage|p2b: Garchomp|59/100\n|-unboost|p2b: Garchomp|spd|1\n|move|p2a: Corviknight|Iron Defense|p2a: Corviknight\n|-boost|p2a: Corviknight|def|2\n|move|p1a: Wolfey\u2019s Bae|Blast Burn|p2a: Corviknight\n|-supereffective|p2a: Corviknight|1\n|-damage|p2a: Corviknight|18/100\n|-mustrecharge|p1a: Wolfey\u2019s Bae\n|\n|-heal|p2a: Corviknight|24/100|[from] item: Leftovers\n|upkeep\n|turn|3\n|\n|t:|1776565485\n|move|p1b: Valstrax|Protect|p1b: Valstrax\n|-singleturn|p1b: Valstrax|Protect\n|move|p2b: Garchomp|Dragon Claw|p1b: Valstrax\n|-activate|p1b: Valstrax|move: Protect\n|move|p2a: Corviknight|Brave Bird|p1b: Valstrax\n|-activate|p1b: Valstrax|move: Protect\n|cant|p1a: Wolfey\u2019s Bae|recharge\n|\n|-heal|p2a: Corviknight|30/100|[from] item: Leftovers\n|upkeep\n|turn|4\n|inactive|CRUNCHHHVGC has 30 seconds left.\n|\n|t:|1776565514\n|switch|p1b: Ephesians617|Skarmory, L50, M|100/100\n|move|p2b: Garchomp|Dragon Claw|p1b: Ephesians617\n|-resisted|p1b: Ephesians617|1\n|-damage|p1b: Ephesians617|82/100\n|-ability|p1b: Ephesians617|Weak Armor|boost\n|-unboost|p1b: Ephesians617|def|1\n|-boost|p1b: Ephesians617|spe|2\n|move|p2a: Corviknight|Body Press|p1a: Wolfey\u2019s Bae\n|-supereffective|p1a: Wolfey\u2019s Bae|1\n|-enditem|p1a: Wolfey\u2019s Bae|Chople Berry|[eat]\n|-enditem|p1a: Wolfey\u2019s Bae|Chople Berry|[weaken]\n|-damage|p1a: Wolfey\u2019s Bae|67/100\n|move|p1a: Wolfey\u2019s Bae|Parting Shot|p2b: Garchomp|[miss]\n|-miss|p1a: Wolfey\u2019s Bae|p2b: Garchomp\n|\n|-heal|p2a: Corviknight|36/100|[from] item: Leftovers\n|-sideend|p2: extragrizzly|move: Tailwind\n|upkeep\n|turn|5\n|inactive|CRUNCHHHVGC has 30 seconds left.\n|inactive|CRUNCHHHVGC has 20 seconds left.\n|inactive|CRUNCHHHVGC has 15 seconds left.\n|inactive|CRUNCHHHVGC has 10 seconds left.\n|inactive|CRUNCHHHVGC has 5 seconds left.\n|\n|t:|1776565565\n|detailschange|p1b: Ephesians617|Skarmory-Mega, L50, M\n|-mega|p1b: Ephesians617|Skarmory|Skarmorite\n|move|p1b: Ephesians617|Swords Dance|p1b: Ephesians617\n|-boost|p1b: Ephesians617|atk|2\n|move|p2b: Garchomp|Rock Slide|p1b: Ephesians617|[spread] p1a,p1b\n|-supereffective|p1a: Wolfey\u2019s Bae|1\n|-damage|p1a: Wolfey\u2019s Bae|32/100\n|-damage|p1b: Ephesians617|51/100\n|move|p2a: Corviknight|Tailwind|p2a: Corviknight\n|-sidestart|p2: extragrizzly|move: Tailwind\n|cant|p1a: Wolfey\u2019s Bae|flinch\n|\n|-heal|p2a: Corviknight|41/100|[from] item: Leftovers\n|upkeep\n|turn|6\n|\n|t:|1776565587\n|move|p1b: Ephesians617|Protect|p1b: Ephesians617\n|-singleturn|p1b: Ephesians617|Protect\n|move|p2b: Garchomp|Rock Slide|p1a: Wolfey\u2019s Bae|[spread] p1a\n|-activate|p1b: Ephesians617|move: Protect\n|-supereffective|p1a: Wolfey\u2019s Bae|1\n|-damage|p1a: Wolfey\u2019s Bae|0 fnt\n|faint|p1a: Wolfey\u2019s Bae\n|move|p2a: Corviknight|Iron Defense|p2a: Corviknight\n|-boost|p2a: Corviknight|def|2\n|\n|-heal|p2a: Corviknight|47/100|[from] item: Leftovers\n|upkeep\n|\n|t:|1776565594\n|switch|p1a: Nimbus|Whimsicott, L50, M|100/100\n|turn|7\n|\n|t:|1776565613\n|move|p1a: Nimbus|Tailwind|p1a: Nimbus\n|-sidestart|p1: CRUNCHHHVGC|move: Tailwind\n|move|p1b: Ephesians617|Brave Bird|p2b: Garchomp\n|-damage|p2b: Garchomp|0 fnt\n|faint|p2b: Garchomp\n|-damage|p1b: Ephesians617|27/100|[from] Recoil\n|move|p2a: Corviknight|Brave Bird|p1a: Nimbus\n|-supereffective|p1a: Nimbus|1\n|-damage|p1a: Nimbus|2/100\n|-damage|p2a: Corviknight|22/100|[from] Recoil\n|\n|-heal|p2a: Corviknight|28/100|[from] item: Leftovers\n|upkeep\n|\n|t:|1776565623\n|switch|p2b: Tyranitar|Tyranitar, L50, M, shiny|100/100\n|-weather|Sandstorm|[from] ability: Sand Stream|[of] p2b: Tyranitar\n|turn|8\n|inactive|CRUNCHHHVGC has 30 seconds left.\n|\n|t:|1776565656\n|switch|p1a: Valstrax|Dragapult, L50, M|100/100\n|detailschange|p2b: Tyranitar|Tyranitar-Mega, L50, M, shiny\n|-mega|p2b: Tyranitar|Tyranitar|Tyranitarite\n|move|p1b: Ephesians617|Iron Head|p2b: Tyranitar\n|-supereffective|p2b: Tyranitar|1\n|-damage|p2b: Tyranitar|0 fnt\n|faint|p2b: Tyranitar\n|move|p2a: Corviknight|Iron Defense|p2a: Corviknight\n|-boost|p2a: Corviknight|def|2\n|\n|-weather|Sandstorm|[upkeep]\n|-damage|p1a: Valstrax|94/100|[from] Sandstorm\n|-heal|p2a: Corviknight|34/100|[from] item: Leftovers\n|-sideend|p2: extragrizzly|move: Tailwind\n|upkeep\n|\n|t:|1776565664\n|switch|p2b: Typhlosion|Typhlosion-Hisui, L50, F|52/100\n|-item|p1a: Valstrax|Dragon Fang|[from] ability: Frisk|[of] p2b: Typhlosion\n|-item|p1b: Ephesians617|Skarmorite|[from] ability: Frisk|[of] p2b: Typhlosion\n|turn|9\n|\n|t:|1776565676\n|move|p1b: Ephesians617|Brave Bird|p2b: Typhlosion\n|-damage|p2b: Typhlosion|0 fnt\n|faint|p2b: Typhlosion\n|-damage|p1b: Ephesians617|10/100|[from] Recoil\n|move|p1a: Valstrax|Shadow Ball|p2a: Corviknight\n|-damage|p2a: Corviknight|0 fnt\n|faint|p2a: Corviknight\n|\n|win|CRUNCHHHVGC\n|raw|CRUNCHHHVGC's rating: 1309 &rarr; <strong>1326</strong><br />(+17 for winning)\n|raw|extragrizzly's rating: 1254 &rarr; <strong>1233</strong><br />(-21 for losing)\n|l|\u2606extragrizzly\n|player|p2|\n",
  "uploadtime": 1776565684,
  "views": 24,
  "formatid": "gen9championsvgc2026regma",
  "rating": 1233,
  "private": 0,
  "password": null
}