{
  "id": "gen9championsvgc2026regma-2585762340",
  "format": "[Gen 9 Champions] VGC 2026 Reg M-A",
  "players": [
    "h2obama",
    "3ddieJr$$"
  ],
  "log": "|j|\u2606h2obama\n|j|\u26063ddieJr$$\n|t:|1776368838\n|gametype|doubles\n|player|p1|h2obama|266|1057\n|player|p2|3ddieJr$$|lucas|1054\n|gen|9\n|tier|[Gen 9 Champions] VGC 2026 Reg M-A\n|rated|\n|rule|Species Clause: Limit one of each Pok\u00e9mon\n|rule|Item Clause: Limit 1 of each item\n|clearpoke\n|poke|p1|Pinsir, L50, F|\n|poke|p1|Sneasler, L50, F|\n|poke|p1|Rotom-Heat, L50|\n|poke|p1|Garchomp, L50, M|\n|poke|p1|Basculegion, L50, M|\n|poke|p1|Kingambit, L50, M|\n|poke|p2|Politoed, L50, F|\n|poke|p2|Dragonite, L50, M|\n|poke|p2|Incineroar, L50, M|\n|poke|p2|Gengar, L50, F|\n|poke|p2|Basculegion, L50, M|\n|poke|p2|Rotom-Mow, L50|\n|teampreview|4\n|inactive|Battle timer is ON: inactive players will automatically lose when time's up. (requested by 3ddieJr$$)\n|\n|t:|1776368880\n|teamsize|p1|4\n|teamsize|p2|4\n|start\n|switch|p1a: Pinsir|Pinsir, L50, F|100/100\n|switch|p1b: Basculegion|Basculegion, L50, M|100/100\n|switch|p2a: Politoed|Politoed, L50, F|100/100\n|switch|p2b: Basculegion|Basculegion, L50, M|100/100\n|-weather|RainDance|[from] ability: Drizzle|[of] p2a: Politoed\n|turn|1\n|inactive|h2obama has 30 seconds left.\n|inactive|h2obama has 20 seconds left.\n|\n|t:|1776368915\n|move|p1a: Pinsir|Protect|p1a: Pinsir\n|-singleturn|p1a: Pinsir|Protect\n|move|p2a: Politoed|Protect|p2a: Politoed\n|-singleturn|p2a: Politoed|Protect\n|move|p2b: Basculegion|Flip Turn|p1a: Pinsir\n|-activate|p1a: Pinsir|move: Protect\n|move|p1b: Basculegion|Last Respects|p2b: Basculegion\n|-supereffective|p2b: Basculegion|1\n|-damage|p2b: Basculegion|11/100\n|\n|-weather|RainDance|[upkeep]\n|upkeep\n|turn|2\n|\n|t:|1776368935\n|switch|p1b: Sneasler|Sneasler, L50, F|100/100\n|detailschange|p1a: Pinsir|Pinsir-Mega, L50, F\n|-mega|p1a: Pinsir|Pinsir|Pinsirite\n|move|p1a: Pinsir|Feint|p2b: Basculegion\n|-damage|p2b: Basculegion|0 fnt\n|faint|p2b: Basculegion\n|move|p2a: Politoed|Icy Wind|p1a: Pinsir|[spread] p1a,p1b\n|-supereffective|p1a: Pinsir|1\n|-crit|p1a: Pinsir\n|-damage|p1a: Pinsir|62/100\n|-damage|p1b: Sneasler|88/100\n|-unboost|p1a: Pinsir|spe|1\n|-unboost|p1b: Sneasler|spe|1\n|-enditem|p1b: Sneasler|White Herb\n|-clearnegativeboost|p1b: Sneasler|[silent]\n|\n|-weather|RainDance|[upkeep]\n|upkeep\n|\n|t:|1776368949\n|switch|p2b: Incineroar|Incineroar, L50, M|100/100\n|-ability|p2b: Incineroar|Intimidate|boost\n|-unboost|p1a: Pinsir|atk|1\n|-unboost|p1b: Sneasler|atk|1\n|turn|3\n|inactive|3ddieJr$$ has 30 seconds left.\n|\n|t:|1776368976\n|move|p1b: Sneasler|Protect|p1b: Sneasler\n|-singleturn|p1b: Sneasler|Protect\n|move|p1a: Pinsir|Protect|p1a: Pinsir\n|-singleturn|p1a: Pinsir|Protect\n|move|p2a: Politoed|Icy Wind|p1a: Pinsir|[spread] \n|-activate|p1a: Pinsir|move: Protect\n|-activate|p1b: Sneasler|move: Protect\n|move|p2b: Incineroar|Parting Shot|p1b: Sneasler\n|-activate|p1b: Sneasler|move: Protect\n|\n|-weather|RainDance|[upkeep]\n|upkeep\n|turn|4\n|inactive|h2obama has 30 seconds left.\n|\n|t:|1776369005\n|move|p2b: Incineroar|Protect|p2b: Incineroar\n|-singleturn|p2b: Incineroar|Protect\n|move|p1a: Pinsir|Feint|p2a: Politoed\n|-damage|p2a: Politoed|88/100\n|move|p1b: Sneasler|Dire Claw|p2a: Politoed\n|-damage|p2a: Politoed|67/100\n|-status|p2a: Politoed|par\n|move|p2a: Politoed|Icy Wind|p1b: Sneasler|[spread] p1a,p1b\n|-supereffective|p1a: Pinsir|1\n|-damage|p1a: Pinsir|36/100\n|-damage|p1b: Sneasler|77/100\n|-unboost|p1a: Pinsir|spe|1\n|-unboost|p1b: Sneasler|spe|1\n|\n|-weather|RainDance|[upkeep]\n|upkeep\n|turn|5\n|\n|t:|1776369029\n|switch|p1a: Kingambit|Kingambit, L50, M|100/100\n|move|p1b: Sneasler|Protect|p1b: Sneasler\n|-singleturn|p1b: Sneasler|Protect\n|move|p2b: Incineroar|Parting Shot|p1b: Sneasler\n|-activate|p1b: Sneasler|move: Protect\n|move|p2a: Politoed|Weather Ball|p1a: Kingambit\n|-damage|p1a: Kingambit|49/100\n|\n|-weather|none\n|upkeep\n|turn|6\n|inactive|3ddieJr$$ has 30 seconds left.\n|\n|t:|1776369062\n|switch|p2a: Dragonite|Dragonite, L50, M, shiny|100/100\n|move|p1b: Sneasler|Rock Slide|p2a: Dragonite|[spread] p2a,p2b\n|-supereffective|p2a: Dragonite|1\n|-supereffective|p2b: Incineroar|1\n|-damage|p2a: Dragonite|86/100\n|-damage|p2b: Incineroar|76/100\n|move|p1a: Kingambit|Low Kick|p2b: Incineroar\n|-supereffective|p2b: Incineroar|1\n|-damage|p2b: Incineroar|20/100\n|move|p2b: Incineroar|Parting Shot|p1b: Sneasler\n|-unboost|p1b: Sneasler|atk|1\n|-unboost|p1b: Sneasler|spa|1\n|\n|t:|1776369073\n|switch|p2b: Politoed|Politoed, L50, F|67/100 par|[from] Parting Shot\n|-weather|RainDance|[from] ability: Drizzle|[of] p2b: Politoed\n|\n|-weather|RainDance|[upkeep]\n|upkeep\n|turn|7\n|inactive|3ddieJr$$ has 30 seconds left.\n|\n|t:|1776369100\n|detailschange|p2a: Dragonite|Dragonite-Mega, L50, M, shiny\n|-mega|p2a: Dragonite|Dragonite|Dragoninite\n|move|p1a: Kingambit|Sucker Punch|p2a: Dragonite\n|-damage|p2a: Dragonite|46/100\n|move|p1b: Sneasler|Rock Slide|p2b: Politoed|[spread] p2a,p2b\n|-supereffective|p2a: Dragonite|1\n|-damage|p2a: Dragonite|27/100\n|-damage|p2b: Politoed|59/100 par\n|move|p2a: Dragonite|Weather Ball|p1a: Kingambit\n|-damage|p1a: Kingambit|0 fnt\n|faint|p1a: Kingambit\n|cant|p2b: Politoed|flinch\n|\n|-weather|RainDance|[upkeep]\n|upkeep\n|\n|t:|1776369115\n|switch|p1a: Basculegion|Basculegion, L50, M|100/100\n|turn|8\n|\n|t:|1776369130\n|switch|p2a: Incineroar|Incineroar, L50, M|20/100\n|-ability|p2a: Incineroar|Intimidate|boost\n|-unboost|p1a: Basculegion|atk|1\n|-unboost|p1b: Sneasler|atk|1\n|move|p1b: Sneasler|Rock Slide|p2a: Incineroar|[spread] p2a,p2b\n|-supereffective|p2a: Incineroar|1\n|-crit|p2b: Politoed\n|-damage|p2a: Incineroar|3/100\n|-damage|p2b: Politoed|36/100 par\n|-enditem|p2b: Politoed|Sitrus Berry|[eat]\n|-heal|p2b: Politoed|60/100 par|[from] item: Sitrus Berry\n|move|p1a: Basculegion|Last Respects|p2a: Incineroar\n|-resisted|p2a: Incineroar|1\n|-damage|p2a: Incineroar|0 fnt\n|faint|p2a: Incineroar\n|move|p2b: Politoed|Icy Wind|p1b: Sneasler|[spread] p1a,p1b\n|-resisted|p1a: Basculegion|1\n|-damage|p1a: Basculegion|95/100\n|-damage|p1b: Sneasler|65/100\n|-unboost|p1a: Basculegion|spe|1\n|-unboost|p1b: Sneasler|spe|1\n|\n|-weather|RainDance|[upkeep]\n|upkeep\n|\n|t:|1776369148\n|switch|p2a: Dragonite|Dragonite-Mega, L50, M, shiny|27/100\n|turn|9\n|\n|t:|1776369162\n|switch|p1a: Pinsir|Pinsir-Mega, L50, F|36/100\n|move|p1b: Sneasler|Rock Slide|p2b: Politoed|[spread] p2a\n|-miss|p1b: Sneasler|p2b: Politoed\n|-supereffective|p2a: Dragonite|1\n|-damage|p2a: Dragonite|13/100\n|move|p2a: Dragonite|Hurricane|p1a: Pinsir\n|-supereffective|p1a: Pinsir|1\n|-damage|p1a: Pinsir|0 fnt\n|faint|p1a: Pinsir\n|move|p2b: Politoed|Icy Wind|p1b: Sneasler\n|-damage|p1b: Sneasler|48/100\n|-unboost|p1b: Sneasler|spe|1\n|\n|-weather|RainDance|[upkeep]\n|upkeep\n|\n|t:|1776369169\n|switch|p1a: Basculegion|Basculegion, L50, M|95/100\n|turn|10\n|\n|t:|1776369190\n|move|p2b: Politoed|Protect|p2b: Politoed\n|-singleturn|p2b: Politoed|Protect\n|move|p1a: Basculegion|Last Respects|p2a: Dragonite\n|-damage|p2a: Dragonite|0 fnt\n|faint|p2a: Dragonite\n|move|p1b: Sneasler|Rock Slide|p2b: Politoed\n|-activate|p2b: Politoed|move: Protect\n|\n|-weather|none\n|upkeep\n|turn|11\n|\n|t:|1776369204\n|move|p1a: Basculegion|Last Respects|p2b: Politoed\n|-damage|p2b: Politoed|0 fnt\n|faint|p2b: Politoed\n|\n|win|h2obama\n|raw|h2obama's rating: 1057 &rarr; <strong>1088</strong><br />(+31 for winning)\n|raw|3ddieJr$$'s rating: 1054 &rarr; <strong>1036</strong><br />(-18 for losing)\n",
  "uploadtime": 1776369209,
  "views": 24,
  "formatid": "gen9championsvgc2026regma",
  "rating": 1036,
  "private": 0,
  "password": null
}