{
  "id": "gen9championsvgc2026regma-2588116436",
  "format": "[Gen 9 Champions] VGC 2026 Reg M-A",
  "players": [
    "kari_0817",
    "gwonyul"
  ],
  "log": "|j|\u2606kari_0817\n|j|\u2606gwonyul\n|t:|1776606042\n|gametype|doubles\n|player|p1|kari_0817|265|\n|player|p2|gwonyul|102|\n|gen|9\n|tier|[Gen 9 Champions] VGC 2026 Reg M-A\n|rule|Species Clause: Limit one of each Pok\u00e9mon\n|rule|Item Clause: Limit 1 of each item\n|clearpoke\n|poke|p1|Slowbro, L50, F, shiny|\n|poke|p1|Pikachu, L50, M, shiny|\n|poke|p1|Clefable, L50, M|\n|poke|p1|Sneasler, L50, F, shiny|\n|poke|p1|Alcremie-Salted-Cream, L50, F|\n|poke|p1|Floette-Eternal, L50, F|\n|poke|p2|Gardevoir, L50, F|\n|poke|p2|Empoleon, L50, M|\n|poke|p2|Lopunny, L50, F|\n|poke|p2|Garchomp, L50, M|\n|poke|p2|Alcremie, L50, F|\n|poke|p2|Alakazam, L50, M|\n|teampreview|4\n|\n|t:|1776606098\n|teamsize|p1|4\n|teamsize|p2|4\n|start\n|switch|p1a: Slowbro|Slowbro, L50, F, shiny|100/100\n|switch|p1b: Sneasler|Sneasler, L50, F, shiny|100/100\n|switch|p2a: Garchomp|Garchomp, L50, M|100/100\n|switch|p2b: Gardevoir|Gardevoir, L50, F|100/100\n|turn|1\n|\n|t:|1776606123\n|detailschange|p1a: Slowbro|Slowbro-Mega, L50, F, shiny\n|-mega|p1a: Slowbro|Slowbro|Slowbronite\n|move|p2a: Garchomp|Earthquake|p1b: Sneasler|[spread] p1a,p1b\n|-activate|p2b: Gardevoir|ability: Telepathy\n|-supereffective|p1b: Sneasler|1\n|-damage|p1a: Slowbro|79/100\n|-damage|p1b: Sneasler|0 fnt\n|faint|p1b: Sneasler\n|move|p2b: Gardevoir|Energy Ball|p1a: Slowbro\n|-supereffective|p1a: Slowbro|1\n|-damage|p1a: Slowbro|42/100\n|move|p1a: Slowbro|Amnesia|p1a: Slowbro\n|-boost|p1a: Slowbro|spd|2\n|\n|upkeep\n|\n|t:|1776606136\n|switch|p1b: Floette|Floette-Eternal, L50, F|100/100\n|turn|2\n|\n|t:|1776606154\n|switch|p2a: Empoleon|Empoleon, L50, M|100/100\n|move|p1b: Floette|Light of Ruin|p2a: Empoleon|[miss]\n|-miss|p1b: Floette|p2a: Empoleon\n|move|p2b: Gardevoir|Destiny Bond|p2b: Gardevoir\n|-singlemove|p2b: Gardevoir|Destiny Bond\n|move|p1a: Slowbro|Slack Off|p1a: Slowbro\n|-heal|p1a: Slowbro|92/100\n|\n|upkeep\n|turn|3\n|\n|t:|1776606171\n|move|p1b: Floette|Light of Ruin|p2b: Gardevoir\n|-damage|p2b: Gardevoir|31/100\n|-damage|p1b: Floette|60/100|[from] Recoil\n|move|p2b: Gardevoir|Hypnosis|p1a: Slowbro\n|-status|p1a: Slowbro|slp|[from] move: Hypnosis\n|move|p2a: Empoleon|Flash Cannon|p1b: Floette\n|-supereffective|p1b: Floette|1\n|-damage|p1b: Floette|0 fnt\n|faint|p1b: Floette\n|cant|p1a: Slowbro|slp\n|\n|upkeep\n|\n|t:|1776606180\n|switch|p1b: Alcremie|Alcremie-Salted-Cream, L50, F|100/100\n|turn|4\n|\n|t:|1776606202\n|move|p2b: Gardevoir|Energy Ball|p1a: Slowbro\n|-supereffective|p1a: Slowbro|1\n|-damage|p1a: Slowbro|74/100 slp\n|move|p1b: Alcremie|Draining Kiss|p2b: Gardevoir\n|-damage|p2b: Gardevoir|12/100\n|move|p2a: Empoleon|Flash Cannon|p1b: Alcremie\n|-supereffective|p1b: Alcremie|1\n|-damage|p1b: Alcremie|41/100\n|cant|p1a: Slowbro|slp\n|\n|upkeep\n|turn|5\n|\n|t:|1776606215\n|move|p2b: Gardevoir|Energy Ball|p1a: Slowbro\n|-supereffective|p1a: Slowbro|1\n|-damage|p1a: Slowbro|53/100 slp\n|-unboost|p1a: Slowbro|spd|1\n|move|p1b: Alcremie|Draining Kiss|p2b: Gardevoir\n|-damage|p2b: Gardevoir|0 fnt\n|-heal|p1b: Alcremie|50/100|[from] drain|[of] p2b: Gardevoir\n|faint|p2b: Gardevoir\n|move|p2a: Empoleon|Flash Cannon|p1b: Alcremie\n|-supereffective|p1b: Alcremie|1\n|-damage|p1b: Alcremie|0 fnt\n|faint|p1b: Alcremie\n|-curestatus|p1a: Slowbro|slp|[msg]\n|move|p1a: Slowbro|Amnesia|p1a: Slowbro\n|-boost|p1a: Slowbro|spd|2\n|\n|upkeep\n|\n|t:|1776606225\n|switch|p2b: Garchomp|Garchomp, L50, M|100/100\n|turn|6\n|\n|t:|1776606231\n|move|p2b: Garchomp|Dragon Claw|p1a: Slowbro\n|-damage|p1a: Slowbro|29/100\n|move|p2a: Empoleon|Yawn|p1a: Slowbro\n|-start|p1a: Slowbro|move: Yawn|[of] p2a: Empoleon\n|move|p1a: Slowbro|Slack Off|p1a: Slowbro\n|-heal|p1a: Slowbro|79/100\n|\n|upkeep\n|turn|7\n|\n|t:|1776606243\n|switch|p2b: Alakazam|Alakazam, L50, M|100/100\n|move|p2a: Empoleon|Flash Cannon|p1a: Slowbro\n|-resisted|p1a: Slowbro|1\n|-damage|p1a: Slowbro|74/100\n|-unboost|p1a: Slowbro|spd|1\n|move|p1a: Slowbro|Iron Defense|p1a: Slowbro\n|-boost|p1a: Slowbro|def|2\n|\n|-end|p1a: Slowbro|move: Yawn|[silent]\n|-status|p1a: Slowbro|slp\n|upkeep\n|turn|8\n|\n|t:|1776606258\n|detailschange|p2b: Alakazam|Alakazam-Mega, L50, M\n|-mega|p2b: Alakazam|Alakazam|Alakazite\n|-ability|p2b: Alakazam|Shell Armor|Trace|[from] ability: Trace|[of] p1a: Slowbro\n|move|p2b: Alakazam|Psychic|p1a: Slowbro\n|-resisted|p1a: Slowbro|1\n|-damage|p1a: Slowbro|63/100 slp\n|-unboost|p1a: Slowbro|spd|1\n|move|p2a: Empoleon|Flash Cannon|p1a: Slowbro\n|-resisted|p1a: Slowbro|1\n|-damage|p1a: Slowbro|55/100 slp\n|cant|p1a: Slowbro|slp\n|\n|upkeep\n|turn|9\n|\n|t:|1776606271\n|move|p2b: Alakazam|Psychic|p1a: Slowbro\n|-resisted|p1a: Slowbro|1\n|-damage|p1a: Slowbro|39/100 slp\n|move|p2a: Empoleon|Flash Cannon|p1a: Slowbro\n|-resisted|p1a: Slowbro|1\n|-damage|p1a: Slowbro|30/100 slp\n|cant|p1a: Slowbro|slp\n|\n|upkeep\n|turn|10\n|\n|t:|1776606279\n|move|p2b: Alakazam|Psychic|p1a: Slowbro\n|-resisted|p1a: Slowbro|1\n|-damage|p1a: Slowbro|14/100 slp\n|move|p2a: Empoleon|Flash Cannon|p1a: Slowbro\n|-resisted|p1a: Slowbro|1\n|-damage|p1a: Slowbro|6/100 slp\n|-curestatus|p1a: Slowbro|slp|[msg]\n|move|p1a: Slowbro|Slack Off|p1a: Slowbro\n|-heal|p1a: Slowbro|56/100\n|\n|upkeep\n|turn|11\n|\n|t:|1776606295\n|move|p2b: Alakazam|Psychic|p1a: Slowbro\n|-resisted|p1a: Slowbro|1\n|-damage|p1a: Slowbro|41/100\n|-unboost|p1a: Slowbro|spd|1\n|move|p2a: Empoleon|Yawn|p1a: Slowbro\n|-start|p1a: Slowbro|move: Yawn|[of] p2a: Empoleon\n|move|p1a: Slowbro|Slack Off|p1a: Slowbro\n|-heal|p1a: Slowbro|91/100\n|\n|upkeep\n|turn|12\n|\n|t:|1776606305\n|move|p2b: Alakazam|Psychic|p1a: Slowbro\n|-resisted|p1a: Slowbro|1\n|-damage|p1a: Slowbro|65/100\n|move|p2a: Empoleon|Flash Cannon|p1a: Slowbro\n|-resisted|p1a: Slowbro|1\n|-damage|p1a: Slowbro|54/100\n|-unboost|p1a: Slowbro|spd|1\n|move|p1a: Slowbro|Amnesia|p1a: Slowbro\n|-boost|p1a: Slowbro|spd|2\n|\n|-end|p1a: Slowbro|move: Yawn|[silent]\n|-status|p1a: Slowbro|slp\n|upkeep\n|turn|13\n|\n|t:|1776606316\n|move|p2b: Alakazam|Psychic|p1a: Slowbro\n|-resisted|p1a: Slowbro|1\n|-damage|p1a: Slowbro|38/100 slp\n|move|p2a: Empoleon|Flash Cannon|p1a: Slowbro\n|-resisted|p1a: Slowbro|1\n|-damage|p1a: Slowbro|31/100 slp\n|-unboost|p1a: Slowbro|spd|1\n|cant|p1a: Slowbro|slp\n|\n|upkeep\n|turn|14\n|\n|t:|1776606325\n|move|p2b: Alakazam|Psychic|p1a: Slowbro\n|-resisted|p1a: Slowbro|1\n|-damage|p1a: Slowbro|5/100 slp\n|move|p2a: Empoleon|Flash Cannon|p1a: Slowbro\n|-resisted|p1a: Slowbro|1\n|-damage|p1a: Slowbro|0 fnt\n|faint|p1a: Slowbro\n|\n|win|gwonyul\n",
  "uploadtime": 1776606326,
  "views": 8,
  "formatid": "gen9championsvgc2026regma",
  "rating": null,
  "private": 0,
  "password": null
}