{
  "id": "gen9championsvgc2026regma-2589439349",
  "format": "[Gen 9 Champions] VGC 2026 Reg M-A",
  "players": [
    "MatiMoreyra",
    "wyjd09"
  ],
  "log": "|j|\u2606MatiMoreyra\n|j|\u2606wyjd09\n|t:|1776723055\n|gametype|doubles\n|player|p1|MatiMoreyra|169|1075\n|player|p2|wyjd09|266|1104\n|gen|9\n|tier|[Gen 9 Champions] VGC 2026 Reg M-A\n|rated|\n|rule|Species Clause: Limit one of each Pok\u00e9mon\n|rule|Item Clause: Limit 1 of each item\n|clearpoke\n|poke|p1|Charizard, L50, F|\n|poke|p1|Kingambit, L50, F|\n|poke|p1|Garchomp, L50, F|\n|poke|p1|Sneasler, L50, M|\n|poke|p1|Zoroark-Hisui, L50, M|\n|poke|p1|Incineroar, L50, F|\n|poke|p2|Espathra, L50, M|\n|poke|p2|Dragonite, L50, M|\n|poke|p2|Venusaur, L50, M|\n|poke|p2|Floette-Eternal, L50, F|\n|poke|p2|Milotic, L50, F|\n|poke|p2|Sneasler, L50, F|\n|teampreview|4\n|\n|t:|1776723149\n|teamsize|p1|4\n|teamsize|p2|4\n|start\n|switch|p1a: Garchomp|Garchomp, L50, F|100/100\n|switch|p1b: Charizard|Charizard, L50, F|100/100\n|switch|p2a: Espathra|Espathra, L50, M|100/100\n|switch|p2b: Sneasler|Sneasler, L50, F|100/100\n|turn|1\n|inactive|Battle timer is ON: inactive players will automatically lose when time's up. (requested by MatiMoreyra)\n|inactive|wyjd09 has 60 seconds left.\n|\n|t:|1776723211\n|move|p1b: Charizard|Protect|p1b: Charizard\n|-singleturn|p1b: Charizard|Protect\n|move|p2b: Sneasler|Throat Chop|p1b: Charizard\n|-activate|p1b: Charizard|move: Protect\n|move|p1a: Garchomp|Will-O-Wisp|p2b: Sneasler\n|-status|p2b: Sneasler|brn\n|move|p2a: Espathra|Calm Mind|p2a: Espathra\n|-boost|p2a: Espathra|spa|1\n|-boost|p2a: Espathra|spd|1\n|\n|-damage|p2b: Sneasler|95/100 brn|[from] brn\n|-ability|p2a: Espathra|Speed Boost|boost\n|-boost|p2a: Espathra|spe|1\n|upkeep\n|turn|2\n|inactive|MatiMoreyra has 30 seconds left.\n|\n|t:|1776723238\n|detailschange|p1b: Charizard|Charizard-Mega-Y, L50, F\n|-mega|p1b: Charizard|Charizard|Charizardite Y\n|-weather|SunnyDay|[from] ability: Drought|[of] p1b: Charizard\n|move|p2a: Espathra|Protect|p2a: Espathra\n|-singleturn|p2a: Espathra|Protect\n|move|p2b: Sneasler|Throat Chop|p1b: Charizard\n|-damage|p1b: Charizard|84/100\n|-start|p1b: Charizard|Throat Chop|[silent]\n|move|p1a: Garchomp|Bitter Malice|p2a: Espathra\n|-activate|p2a: Espathra|move: Protect\n|move|p1b: Charizard|Weather Ball|p2a: Espathra\n|-activate|p2a: Espathra|move: Protect\n|\n|-weather|SunnyDay|[upkeep]\n|-damage|p2b: Sneasler|89/100 brn|[from] brn\n|-ability|p2a: Espathra|Speed Boost|boost\n|-boost|p2a: Espathra|spe|1\n|upkeep\n|turn|3\n|\n|t:|1776723262\n|move|p2a: Espathra|Baton Pass|p2a: Espathra\n|\n|t:|1776723266\n|switch|p2a: Milotic|Milotic, L50, F|100/100|[from] Baton Pass\n|move|p2b: Sneasler|Throat Chop|p1a: Garchomp\n|-supereffective|p1a: Garchomp|1\n|-damage|p1a: Garchomp|40/100\n|-start|p1a: Garchomp|Throat Chop|[silent]\n|replace|p1a: Zoroark|Zoroark-Hisui, L50, M\n|-end|p1a: Zoroark|Illusion\n|move|p1a: Zoroark|Bitter Malice|p2a: Milotic\n|-damage|p2a: Milotic|79/100\n|-unboost|p2a: Milotic|atk|1\n|-ability|p2a: Milotic|Competitive|boost\n|-boost|p2a: Milotic|spa|2\n|move|p1b: Charizard|Heat Wave|p2b: Sneasler|[spread] p2a,p2b\n|-resisted|p2a: Milotic|1\n|-damage|p2a: Milotic|62/100\n|-damage|p2b: Sneasler|0 fnt\n|faint|p2b: Sneasler\n|\n|-weather|SunnyDay|[upkeep]\n|-heal|p2a: Milotic|68/100|[from] item: Leftovers\n|-end|p1b: Charizard|Throat Chop|[silent]\n|upkeep\n|\n|t:|1776723288\n|switch|p2b: Floette|Floette-Eternal, L50, F|100/100\n|turn|4\n|\n|t:|1776723301\n|detailschange|p2b: Floette|Floette-Mega, L50, F\n|-mega|p2b: Floette|Floette|Floettite\n|-ability|p2b: Floette|Fairy Aura\n|move|p2a: Milotic|Protect|p2a: Milotic\n|-singleturn|p2a: Milotic|Protect\n|move|p2b: Floette|Protect|p2b: Floette\n|-singleturn|p2b: Floette|Protect\n|move|p1a: Zoroark|Icy Wind|p2a: Milotic|[spread] \n|-activate|p2a: Milotic|move: Protect\n|-activate|p2b: Floette|move: Protect\n|move|p1b: Charizard|Solar Beam||[still]\n|-prepare|p1b: Charizard|Solar Beam\n|-anim|p1b: Charizard|Solar Beam|p2a: Milotic\n|-activate|p2a: Milotic|move: Protect\n|\n|-weather|SunnyDay|[upkeep]\n|-heal|p2a: Milotic|74/100|[from] item: Leftovers\n|-end|p1a: Zoroark|Throat Chop|[silent]\n|upkeep\n|turn|5\n|\n|t:|1776723323\n|switch|p1b: Garchomp|Garchomp, L50, F|100/100\n|move|p2a: Milotic|Recover|p2a: Milotic\n|-heal|p2a: Milotic|100/100\n|move|p1a: Zoroark|Icy Wind|p2b: Floette|[spread] p2a,p2b\n|-resisted|p2a: Milotic|1\n|-damage|p2a: Milotic|97/100\n|-damage|p2b: Floette|90/100\n|-unboost|p2a: Milotic|spe|1\n|-ability|p2a: Milotic|Competitive|boost\n|-boost|p2a: Milotic|spa|2\n|-unboost|p2b: Floette|spe|1\n|move|p2b: Floette|Dazzling Gleam|p1b: Garchomp|[spread] p1a,p1b\n|-supereffective|p1b: Garchomp|1\n|-damage|p1a: Zoroark|0 fnt\n|-damage|p1b: Garchomp|0 fnt\n|faint|p1a: Zoroark\n|faint|p1b: Garchomp\n|\n|-weather|SunnyDay|[upkeep]\n|-heal|p2a: Milotic|100/100|[from] item: Leftovers\n|upkeep\n|\n|t:|1776723337\n|switch|p1a: Sneasler|Sneasler, L50, M|100/100\n|switch|p1b: Charizard|Charizard-Mega-Y, L50, F|84/100\n|turn|6\n|-message|MatiMoreyra forfeited.\n|\n|t:|1776723348\n|move|p2a: Milotic|Protect|p2a: Milotic\n|-singleturn|p2a: Milotic|Protect\n|move|p2b: Floette|Protect|p2b: Floette\n|-singleturn|p2b: Floette|Protect\n|move|p1a: Sneasler|Dire Claw|p2b: Floette\n|-activate|p2b: Floette|move: Protect\n|move|p1b: Charizard|Solar Beam||[still]\n|-prepare|p1b: Charizard|Solar Beam\n|-anim|p1b: Charizard|Solar Beam|p2a: Milotic\n|-activate|p2a: Milotic|move: Protect\n|\n|-weather|none\n|upkeep\n|turn|7\n|\n|win|wyjd09\n|raw|MatiMoreyra's rating: 1075 &rarr; <strong>1056</strong><br />(-19 for losing)\n|raw|wyjd09's rating: 1104 &rarr; <strong>1127</strong><br />(+23 for winning)\n|l|\u2606MatiMoreyra\n|player|p1|\n",
  "uploadtime": 1776723367,
  "views": 8,
  "formatid": "gen9championsvgc2026regma",
  "rating": 1056,
  "private": 0,
  "password": null
}