{
  "id": "gen9championsvgc2026regma-2587815950",
  "format": "[Gen 9 Champions] VGC 2026 Reg M-A",
  "players": [
    "everlol",
    "Danievania"
  ],
  "log": "|j|\u2606everlol\n|j|\u2606Danievania\n|t:|1776566889\n|gametype|doubles\n|player|p1|everlol|265|1451\n|player|p2|Danievania|byron|1497\n|gen|9\n|tier|[Gen 9 Champions] VGC 2026 Reg M-A\n|rated|\n|rule|Species Clause: Limit one of each Pok\u00e9mon\n|rule|Item Clause: Limit 1 of each item\n|clearpoke\n|poke|p1|Sneasler, L50, F|\n|poke|p1|Whimsicott, L50, F|\n|poke|p1|Floette-Eternal, L50, F|\n|poke|p1|Kingambit, L50, M|\n|poke|p1|Garchomp, L50, F|\n|poke|p1|Charizard, L50, F|\n|poke|p2|Delphox, L50, M, shiny|\n|poke|p2|Sneasler, L50, F, shiny|\n|poke|p2|Garchomp, L50, M, shiny|\n|poke|p2|Aerodactyl, L50, M|\n|poke|p2|Kingambit, L50, M|\n|poke|p2|Sinistcha, L50|\n|teampreview|4\n|inactive|Battle timer is ON: inactive players will automatically lose when time's up. (requested by everlol)\n|\n|t:|1776566925\n|teamsize|p1|4\n|teamsize|p2|4\n|start\n|switch|p1a: Whimsicott|Whimsicott, L50, F|100/100\n|switch|p1b: Kingambit|Kingambit, L50, M|100/100\n|switch|p2a: Aerodactyl|Aerodactyl, L50, M|100/100\n|switch|p2b: Sneasler|Sneasler, L50, F, shiny|100/100\n|turn|1\n|inactive|Danievania has 30 seconds left.\n|inactive|Danievania has 20 seconds left.\n|inactive|Danievania has 15 seconds left.\n|inactive|Danievania has 10 seconds left.\n|\n|t:|1776566973\n|move|p1a: Whimsicott|Protect|p1a: Whimsicott\n|-singleturn|p1a: Whimsicott|Protect\n|move|p2a: Aerodactyl|Dual Wingbeat|p1a: Whimsicott\n|-activate|p1a: Whimsicott|move: Protect\n|move|p2b: Sneasler|Close Combat|p1b: Kingambit\n|-supereffective|p1b: Kingambit|2\n|-enditem|p1b: Kingambit|Chople Berry|[eat]\n|-enditem|p1b: Kingambit|Chople Berry|[weaken]\n|-damage|p1b: Kingambit|7/100\n|-unboost|p2b: Sneasler|def|1\n|-unboost|p2b: Sneasler|spd|1\n|move|p1b: Kingambit|Iron Head|p2a: Aerodactyl\n|-supereffective|p2a: Aerodactyl|1\n|-damage|p2a: Aerodactyl|0 fnt\n|faint|p2a: Aerodactyl\n|\n|upkeep\n|\n|t:|1776566987\n|switch|p2a: Delphox|Delphox, L50, M, shiny|100/100\n|turn|2\n|inactive|Danievania has 30 seconds left.\n|inactive|Danievania has 20 seconds left.\n|inactive|Danievania has 15 seconds left.\n|\n|t:|1776567028\n|switch|p2a: Garchomp|Garchomp, L50, M, shiny|100/100\n|move|p1a: Whimsicott|Tailwind|p1a: Whimsicott\n|-sidestart|p1: everlol|move: Tailwind\n|move|p1b: Kingambit|Sucker Punch||[still]\n|-fail|p1b: Kingambit\n|move|p2b: Sneasler|Close Combat|p1b: Kingambit\n|-supereffective|p1b: Kingambit|2\n|-damage|p1b: Kingambit|0 fnt\n|-unboost|p2b: Sneasler|def|1\n|-unboost|p2b: Sneasler|spd|1\n|faint|p1b: Kingambit\n|\n|upkeep\n|\n|t:|1776567037\n|switch|p1b: Floette|Floette-Eternal, L50, F|100/100\n|turn|3\n|inactive|Danievania has 30 seconds left.\n|\n|t:|1776567073\n|switch|p2a: Delphox|Delphox, L50, M, shiny|100/100\n|detailschange|p1b: Floette|Floette-Mega, L50, F\n|-mega|p1b: Floette|Floette|Floettite\n|-ability|p1b: Floette|Fairy Aura\n|move|p1a: Whimsicott|Encore|p2b: Sneasler\n|-start|p2b: Sneasler|Encore\n|move|p1b: Floette|Dazzling Gleam|p2a: Delphox|[spread] p2a,p2b\n|-resisted|p2a: Delphox|1\n|-damage|p2a: Delphox|73/100\n|-enditem|p2b: Sneasler|Focus Sash\n|-damage|p2b: Sneasler|1/100\n|move|p2b: Sneasler|Close Combat|p1a: Whimsicott\n|-resisted|p1a: Whimsicott|1\n|-damage|p1a: Whimsicott|50/100\n|-unboost|p2b: Sneasler|def|1\n|-unboost|p2b: Sneasler|spd|1\n|\n|upkeep\n|turn|4\n|inactive|everlol has 30 seconds left.\n|inactive|Danievania has 30 seconds left.\n|inactive|Danievania has 20 seconds left.\n|inactive|Danievania has 15 seconds left.\n|inactive|Danievania has 10 seconds left.\n|\n|t:|1776567119\n|detailschange|p2a: Delphox|Delphox-Mega, L50, M, shiny\n|-mega|p2a: Delphox|Delphox|Delphoxite\n|move|p1a: Whimsicott|Protect|p1a: Whimsicott\n|-singleturn|p1a: Whimsicott|Protect\n|move|p2b: Sneasler|Close Combat|p1b: Floette\n|-resisted|p1b: Floette|1\n|-damage|p1b: Floette|60/100\n|-unboost|p2b: Sneasler|def|1\n|-unboost|p2b: Sneasler|spd|1\n|move|p1b: Floette|Light of Ruin|p2a: Delphox\n|-resisted|p2a: Delphox|1\n|-damage|p2a: Delphox|16/100\n|-damage|p1b: Floette|31/100|[from] Recoil\n|move|p2a: Delphox|Heat Wave|p1a: Whimsicott|[spread] p1b\n|-activate|p1a: Whimsicott|move: Protect\n|-damage|p1b: Floette|0 fnt\n|faint|p1b: Floette\n|\n|upkeep\n|\n|t:|1776567131\n|switch|p1b: Garchomp|Garchomp, L50, F|100/100\n|turn|5\n|inactive|Danievania has 30 seconds left.\n|\n|t:|1776567161\n|move|p2a: Delphox|Protect|p2a: Delphox\n|-singleturn|p2a: Delphox|Protect\n|move|p1b: Garchomp|Dragon Claw|p2b: Sneasler\n|-damage|p2b: Sneasler|0 fnt\n|faint|p2b: Sneasler\n|move|p1a: Whimsicott|Moonblast|p2a: Delphox\n|-activate|p2a: Delphox|move: Protect\n|\n|-sideend|p1: everlol|move: Tailwind\n|upkeep\n|\n|t:|1776567166\n|switch|p2b: Garchomp|Garchomp, L50, M, shiny|100/100\n|turn|6\n|inactive|Danievania has 30 seconds left.\n|\n|t:|1776567196\n|move|p2a: Delphox|Protect|p2a: Delphox\n|-singleturn|p2a: Delphox|Protect\n|move|p1b: Garchomp|Dragon Claw|p2a: Delphox\n|-activate|p2a: Delphox|move: Protect\n|move|p1a: Whimsicott|Moonblast|p2b: Garchomp\n|-supereffective|p2b: Garchomp|1\n|-damage|p2b: Garchomp|18/100\n|move|p2b: Garchomp|Dragon Claw|p1b: Garchomp\n|-supereffective|p1b: Garchomp|1\n|-damage|p1b: Garchomp|4/100\n|-damage|p2b: Garchomp|6/100|[from] ability: Rough Skin|[of] p1b: Garchomp\n|\n|upkeep\n|turn|7\n|\n|t:|1776567217\n|move|p1b: Garchomp|Dragon Claw|p2a: Delphox\n|-damage|p2a: Delphox|0 fnt\n|faint|p2a: Delphox\n|move|p1a: Whimsicott|Moonblast|p2b: Garchomp\n|-supereffective|p2b: Garchomp|1\n|-damage|p2b: Garchomp|0 fnt\n|faint|p2b: Garchomp\n|\n|win|everlol\n|raw|everlol's rating: 1451 &rarr; <strong>1474</strong><br />(+23 for winning)\n|raw|Danievania's rating: 1497 &rarr; <strong>1474</strong><br />(-23 for losing)\n|l|\u2606everlol\n|player|p1|\n|l|\u2606Danievania\n|player|p2|\n",
  "uploadtime": 1776567235,
  "views": 13,
  "formatid": "gen9championsvgc2026regma",
  "rating": 1474,
  "private": 0,
  "password": null
}