{
  "id": "gen9championsvgc2026regma-2587693041",
  "format": "[Gen 9 Champions] VGC 2026 Reg M-A",
  "players": [
    "LrosOcoeL",
    "treeshhhh"
  ],
  "log": "|j|\u2606LrosOcoeL\n|j|\u2606treeshhhh\n|t:|1776554517\n|gametype|doubles\n|player|p1|LrosOcoeL|170|1111\n|player|p2|treeshhhh|169|1139\n|gen|9\n|tier|[Gen 9 Champions] VGC 2026 Reg M-A\n|rated|\n|rule|Species Clause: Limit one of each Pok\u00e9mon\n|rule|Item Clause: Limit 1 of each item\n|clearpoke\n|poke|p1|Dragonite, L50, M, shiny|\n|poke|p1|Palafin, L50, M|\n|poke|p1|Heliolisk, L50, M|\n|poke|p1|Pelipper, L50, M|\n|poke|p1|Incineroar, L50, M|\n|poke|p1|Gengar, L50, M, shiny|\n|poke|p2|Lucario, L50, F|\n|poke|p2|Dragonite, L50, M|\n|poke|p2|Archaludon, L50, M|\n|poke|p2|Kingambit, L50, F|\n|poke|p2|Basculegion, L50, M|\n|poke|p2|Pelipper, L50, F|\n|teampreview|4\n|\n|t:|1776554579\n|teamsize|p1|4\n|teamsize|p2|4\n|start\n|switch|p1a: Heliolisk|Heliolisk, L50, M|100/100\n|switch|p1b: Palafin|Palafin, L50, M|100/100\n|switch|p2a: Basculegion|Basculegion, L50, M|100/100\n|switch|p2b: Archaludon|Archaludon, L50, M|100/100\n|turn|1\n|\n|t:|1776554612\n|move|p1b: Palafin|Protect|p1b: Palafin\n|-singleturn|p1b: Palafin|Protect\n|move|p2a: Basculegion|Flip Turn|p1b: Palafin\n|-activate|p1b: Palafin|move: Protect\n|move|p1a: Heliolisk|Electroweb|p2a: Basculegion|[spread] p2a,p2b\n|-supereffective|p2a: Basculegion|1\n|-resisted|p2b: Archaludon|1\n|-crit|p2b: Archaludon\n|-damage|p2a: Basculegion|57/100\n|-damage|p2b: Archaludon|85/100\n|-unboost|p2a: Basculegion|spe|1\n|-unboost|p2b: Archaludon|spe|1\n|-ability|p2b: Archaludon|Stamina|boost\n|-boost|p2b: Archaludon|def|1\n|move|p2b: Archaludon|Draco Meteor|p1a: Heliolisk|[miss]\n|-miss|p2b: Archaludon|p1a: Heliolisk\n|\n|-heal|p2b: Archaludon|91/100|[from] item: Leftovers\n|upkeep\n|turn|2\n|\n|t:|1776554636\n|detailschange|p1b: Palafin|Palafin-Hero, L50, M\n|switch|p1b: Pelipper|Pelipper, L50, M|100/100\n|-weather|RainDance|[from] ability: Drizzle|[of] p1b: Pelipper\n|switch|p2a: Kingambit|Kingambit, L50, F|100/100\n|move|p1a: Heliolisk|Electroweb|p2b: Archaludon|[spread] p2a,p2b\n|-resisted|p2b: Archaludon|1\n|-damage|p2a: Kingambit|83/100\n|-damage|p2b: Archaludon|82/100\n|-unboost|p2a: Kingambit|spe|1\n|-ability|p2a: Kingambit|Defiant|boost\n|-boost|p2a: Kingambit|atk|2\n|-unboost|p2b: Archaludon|spe|1\n|-ability|p2b: Archaludon|Stamina|boost\n|-boost|p2b: Archaludon|def|1\n|move|p2b: Archaludon|Electro Shot||[still]\n|-prepare|p2b: Archaludon|Electro Shot\n|-boost|p2b: Archaludon|spa|1\n|-anim|p2b: Archaludon|Electro Shot|p1b: Pelipper\n|-supereffective|p1b: Pelipper|2\n|-enditem|p1b: Pelipper|Focus Sash\n|-damage|p1b: Pelipper|1/100\n|\n|-weather|RainDance|[upkeep]\n|-heal|p2b: Archaludon|88/100|[from] item: Leftovers\n|upkeep\n|turn|3\n|\n|t:|1776554676\n|move|p2a: Kingambit|Sucker Punch||[still]\n|-fail|p2a: Kingambit\n|move|p1a: Heliolisk|Shed Tail|p1a: Heliolisk\n|-start|p1a: Heliolisk|Substitute|[from] move: Shed Tail\n|-damage|p1a: Heliolisk|50/100\n|-enditem|p1a: Heliolisk|Sitrus Berry|[eat]\n|-heal|p1a: Heliolisk|75/100|[from] item: Sitrus Berry\n|\n|t:|1776554691\n|switch|p1a: Dragonite|Dragonite, L50, M, shiny|100/100|[from] Shed Tail\n|move|p1b: Pelipper|Tailwind|p1b: Pelipper\n|-sidestart|p1: LrosOcoeL|move: Tailwind\n|move|p2b: Archaludon|Electro Shot||[still]\n|-prepare|p2b: Archaludon|Electro Shot\n|-boost|p2b: Archaludon|spa|1\n|-anim|p2b: Archaludon|Electro Shot|p1b: Pelipper\n|-supereffective|p1b: Pelipper|2\n|-damage|p1b: Pelipper|0 fnt\n|faint|p1b: Pelipper\n|\n|-weather|RainDance|[upkeep]\n|-heal|p2b: Archaludon|94/100|[from] item: Leftovers\n|upkeep\n|\n|t:|1776554711\n|switch|p1b: Palafin|Palafin-Hero, L50, M|100/100\n|-activate|p1b: Palafin|ability: Zero to Hero\n|turn|4\n|\n|t:|1776554724\n|detailschange|p1a: Dragonite|Dragonite-Mega, L50, M, shiny\n|-mega|p1a: Dragonite|Dragonite|Dragoninite\n|move|p2a: Kingambit|Sucker Punch|p1a: Dragonite\n|-end|p1a: Dragonite|Substitute\n|move|p1b: Palafin|Close Combat|p2a: Kingambit\n|-supereffective|p2a: Kingambit|2\n|-enditem|p2a: Kingambit|Chople Berry|[eat]\n|-enditem|p2a: Kingambit|Chople Berry|[weaken]\n|-damage|p2a: Kingambit|10/100\n|-unboost|p1b: Palafin|def|1\n|-unboost|p1b: Palafin|spd|1\n|move|p1a: Dragonite|Draco Meteor|p2b: Archaludon\n|-damage|p2b: Archaludon|7/100\n|-unboost|p1a: Dragonite|spa|2\n|-ability|p2b: Archaludon|Stamina|boost\n|-boost|p2b: Archaludon|def|1\n|move|p2b: Archaludon|Electro Shot||[still]\n|-prepare|p2b: Archaludon|Electro Shot\n|-boost|p2b: Archaludon|spa|1\n|-anim|p2b: Archaludon|Electro Shot|p1b: Palafin\n|-supereffective|p1b: Palafin|1\n|-damage|p1b: Palafin|0 fnt\n|faint|p1b: Palafin\n|\n|-weather|RainDance|[upkeep]\n|-heal|p2b: Archaludon|13/100|[from] item: Leftovers\n|upkeep\n|\n|t:|1776554745\n|switch|p1b: Heliolisk|Heliolisk, L50, M|75/100\n|turn|5\n|\n|t:|1776554765\n|move|p1b: Heliolisk|Protect|p1b: Heliolisk\n|-singleturn|p1b: Heliolisk|Protect\n|move|p1a: Dragonite|Protect|p1a: Dragonite\n|-singleturn|p1a: Dragonite|Protect\n|move|p2a: Kingambit|Sucker Punch||[still]\n|-fail|p2a: Kingambit\n|move|p2b: Archaludon|Electro Shot||[still]\n|-prepare|p2b: Archaludon|Electro Shot\n|-boost|p2b: Archaludon|spa|1\n|-anim|p2b: Archaludon|Electro Shot|p1a: Dragonite\n|-activate|p1a: Dragonite|move: Protect\n|\n|-weather|RainDance|[upkeep]\n|-heal|p1b: Heliolisk|88/100|[from] ability: Dry Skin\n|-heal|p2b: Archaludon|19/100|[from] item: Leftovers\n|upkeep\n|turn|6\n|\n|t:|1776554800\n|move|p1b: Heliolisk|Protect||[still]\n|-fail|p1b: Heliolisk\n|move|p2a: Kingambit|Sucker Punch|p1a: Dragonite\n|-damage|p1a: Dragonite|70/100\n|move|p1a: Dragonite|Dragon Pulse|p2a: Kingambit\n|-resisted|p2a: Kingambit|1\n|-damage|p2a: Kingambit|0 fnt\n|faint|p2a: Kingambit\n|move|p2b: Archaludon|Electro Shot||[still]\n|-prepare|p2b: Archaludon|Electro Shot\n|-boost|p2b: Archaludon|spa|1\n|-anim|p2b: Archaludon|Electro Shot|p1a: Dragonite\n|-damage|p1a: Dragonite|0 fnt\n|faint|p1a: Dragonite\n|\n|-weather|none\n|-heal|p2b: Archaludon|25/100|[from] item: Leftovers\n|-sideend|p1: LrosOcoeL|move: Tailwind\n|upkeep\n|\n|t:|1776554816\n|switch|p2a: Dragonite|Dragonite, L50, M|100/100\n|turn|7\n|\n|t:|1776554831\n|detailschange|p2a: Dragonite|Dragonite-Mega, L50, M\n|-mega|p2a: Dragonite|Dragonite|Dragoninite\n|move|p1b: Heliolisk|Electroweb|p2a: Dragonite|[spread] p2a,p2b\n|-resisted|p2b: Archaludon|1\n|-damage|p2a: Dragonite|93/100\n|-damage|p2b: Archaludon|16/100\n|-unboost|p2a: Dragonite|spe|1\n|-unboost|p2b: Archaludon|spe|1\n|-ability|p2b: Archaludon|Stamina|boost\n|-boost|p2b: Archaludon|def|1\n|move|p2a: Dragonite|Draco Meteor|p1b: Heliolisk\n|-damage|p1b: Heliolisk|0 fnt\n|-unboost|p2a: Dragonite|spa|2\n|faint|p1b: Heliolisk\n|\n|win|treeshhhh\n|raw|LrosOcoeL's rating: 1111 &rarr; <strong>1088</strong><br />(-23 for losing)\n|raw|treeshhhh's rating: 1139 &rarr; <strong>1162</strong><br />(+23 for winning)\n|l|\u2606LrosOcoeL\n|player|p1|\n",
  "uploadtime": 1776554849,
  "views": 12,
  "formatid": "gen9championsvgc2026regma",
  "rating": 1088,
  "private": 0,
  "password": null
}