{
  "id": "gen9championsvgc2026regma-2587331352",
  "format": "[Gen 9 Champions] VGC 2026 Reg M-A",
  "players": [
    "massive_magnet2",
    "campeondelfitness"
  ],
  "log": "|j|\u2606massive_magnet2\n|j|\u2606campeondelfitness\n|t:|1776522718\n|gametype|doubles\n|player|p1|massive_magnet2|101|1138\n|player|p2|campeondelfitness|swimmer|1227\n|gen|9\n|tier|[Gen 9 Champions] VGC 2026 Reg M-A\n|rated|\n|rule|Species Clause: Limit one of each Pok\u00e9mon\n|rule|Item Clause: Limit 1 of each item\n|clearpoke\n|poke|p1|Tyranitar, L50, M|\n|poke|p1|Excadrill, L50, M|\n|poke|p1|Incineroar, L50, M|\n|poke|p1|Sneasler, L50, F|\n|poke|p1|Hydreigon, L50, F|\n|poke|p1|Aerodactyl, L50, M|\n|poke|p2|Tyranitar, L50, M|\n|poke|p2|Garchomp, L50, M|\n|poke|p2|Heliolisk, L50, M|\n|poke|p2|Rotom-Heat, L50|\n|poke|p2|Orthworm, L50, F|\n|poke|p2|Aerodactyl, L50, F|\n|teampreview|4\n|inactive|Battle timer is ON: inactive players will automatically lose when time's up. (requested by campeondelfitness)\n|inactive|campeondelfitness has 60 seconds left.\n|\n|t:|1776522765\n|teamsize|p1|4\n|teamsize|p2|4\n|start\n|switch|p1a: Excadrill|Excadrill, L50, M|100/100\n|switch|p1b: Incineroar|Incineroar, L50, M|100/100\n|switch|p2a: Orthworm|Orthworm, L50, F|100/100\n|switch|p2b: Heliolisk|Heliolisk, L50, M|100/100\n|-ability|p1b: Incineroar|Intimidate|boost\n|-unboost|p2a: Orthworm|atk|1\n|-unboost|p2b: Heliolisk|atk|1\n|turn|1\n|inactive|massive_magnet2 has 30 seconds left.\n|inactive|campeondelfitness has 30 seconds left.\n|\n|t:|1776522798\n|switch|p1a: Hydreigon|Hydreigon, L50, F|100/100\n|move|p1b: Incineroar|Fake Out|p2a: Orthworm\n|-resisted|p2a: Orthworm|1\n|-damage|p2a: Orthworm|98/100\n|move|p2b: Heliolisk|Volt Switch|p1b: Incineroar\n|-damage|p1b: Incineroar|65/100\n|\n|t:|1776522808\n|switch|p2b: Aerodactyl|Aerodactyl, L50, F|100/100|[from] Volt Switch\n|-ability|p2b: Aerodactyl|Unnerve\n|cant|p2a: Orthworm|flinch\n|\n|-heal|p2a: Orthworm|100/100|[from] item: Leftovers\n|upkeep\n|turn|2\n|\n|t:|1776522826\n|switch|p2a: Garchomp|Garchomp, L50, M|100/100\n|move|p2b: Aerodactyl|Tailwind|p2b: Aerodactyl\n|-sidestart|p2: campeondelfitness|move: Tailwind\n|move|p1a: Hydreigon|Tailwind|p1a: Hydreigon\n|-sidestart|p1: massive_magnet2|move: Tailwind\n|move|p1b: Incineroar|Flare Blitz|p2a: Garchomp\n|-resisted|p2a: Garchomp|1\n|-damage|p2a: Garchomp|79/100\n|-damage|p1b: Incineroar|58/100|[from] Recoil\n|\n|upkeep\n|turn|3\n|\n|t:|1776522846\n|switch|p1b: Aerodactyl|Aerodactyl, L50, M|100/100\n|move|p2b: Aerodactyl|Rock Slide|p1a: Hydreigon|[spread] p1a,p1b\n|-supereffective|p1b: Aerodactyl|1\n|-damage|p1a: Hydreigon|80/100\n|-damage|p1b: Aerodactyl|31/100\n|move|p2a: Garchomp|Dragon Claw|p1a: Hydreigon\n|-supereffective|p1a: Hydreigon|1\n|-damage|p1a: Hydreigon|8/100\n|move|p1a: Hydreigon|Draco Meteor|p2a: Garchomp\n|-supereffective|p2a: Garchomp|1\n|-damage|p2a: Garchomp|0 fnt\n|-unboost|p1a: Hydreigon|spa|2\n|faint|p2a: Garchomp\n|\n|upkeep\n|inactive|campeondelfitness has 30 seconds left.\n|\n|t:|1776522871\n|switch|p2a: Heliolisk|Heliolisk, L50, M|100/100\n|turn|4\n|inactive|massive_magnet2 has 30 seconds left.\n|inactive|campeondelfitness has 30 seconds left.\n|\n|t:|1776522911\n|move|p2b: Aerodactyl|Wide Guard|p2b: Aerodactyl\n|-singleturn|p2b: Aerodactyl|Wide Guard\n|move|p1b: Aerodactyl|Rock Slide|p2b: Aerodactyl|[spread] \n|-activate|p2a: Heliolisk|move: Wide Guard\n|-activate|p2b: Aerodactyl|move: Wide Guard\n|move|p2a: Heliolisk|Discharge|p1b: Aerodactyl|[spread] p1a,p1b\n|-activate|p2b: Aerodactyl|move: Wide Guard\n|-resisted|p1a: Hydreigon|1\n|-supereffective|p1b: Aerodactyl|1\n|-damage|p1a: Hydreigon|0 fnt\n|-damage|p1b: Aerodactyl|0 fnt\n|faint|p1a: Hydreigon\n|faint|p1b: Aerodactyl\n|\n|upkeep\n|\n|t:|1776522921\n|switch|p1b: Incineroar|Incineroar, L50, M|58/100\n|switch|p1a: Excadrill|Excadrill, L50, M|100/100\n|-ability|p1b: Incineroar|Intimidate|boost\n|-unboost|p2a: Heliolisk|atk|1\n|-unboost|p2b: Aerodactyl|atk|1\n|turn|5\n|inactive|campeondelfitness has 30 seconds left.\n|\n|t:|1776522953\n|switch|p2b: Orthworm|Orthworm, L50, F|100/100\n|move|p1b: Incineroar|Fake Out|p2b: Orthworm\n|-resisted|p2b: Orthworm|1\n|-damage|p2b: Orthworm|97/100\n|move|p2a: Heliolisk|Volt Switch|p1b: Incineroar\n|-damage|p1b: Incineroar|26/100\n|\n|t:|1776522961\n|switch|p2a: Aerodactyl|Aerodactyl, L50, F|100/100|[from] Volt Switch\n|-ability|p2a: Aerodactyl|Unnerve\n|move|p1a: Excadrill|Iron Head|p2b: Orthworm\n|-resisted|p2b: Orthworm|1\n|-damage|p2b: Orthworm|84/100\n|\n|-heal|p2b: Orthworm|90/100|[from] item: Leftovers\n|-sideend|p2: campeondelfitness|move: Tailwind\n|-sideend|p1: massive_magnet2|move: Tailwind\n|upkeep\n|turn|6\n|\n|t:|1776522980\n|move|p2a: Aerodactyl|Rock Slide|p1b: Incineroar|[spread] p1a,p1b\n|-resisted|p1a: Excadrill|2\n|-supereffective|p1b: Incineroar|1\n|-crit|p1b: Incineroar\n|-damage|p1a: Excadrill|94/100\n|-damage|p1b: Incineroar|0 fnt\n|faint|p1b: Incineroar\n|move|p1a: Excadrill|Iron Head|p2a: Aerodactyl\n|-supereffective|p2a: Aerodactyl|1\n|-damage|p2a: Aerodactyl|0 fnt\n|faint|p2a: Aerodactyl\n|move|p2b: Orthworm|Body Press|p1a: Excadrill\n|-supereffective|p1a: Excadrill|1\n|-damage|p1a: Excadrill|9/100\n|\n|-heal|p2b: Orthworm|96/100|[from] item: Leftovers\n|upkeep\n|\n|t:|1776522992\n|switch|p2a: Heliolisk|Heliolisk, L50, M|100/100\n|turn|7\n|\n|t:|1776522996\n|move|p2a: Heliolisk|Hyper Voice|p1a: Excadrill\n|-resisted|p1a: Excadrill|1\n|-damage|p1a: Excadrill|0 fnt\n|faint|p1a: Excadrill\n|\n|win|campeondelfitness\n|raw|massive_magnet2's rating: 1138 &rarr; <strong>1119</strong><br />(-19 for losing)\n|raw|campeondelfitness's rating: 1227 &rarr; <strong>1246</strong><br />(+19 for winning)\n|l|\u2606massive_magnet2\n|player|p1|\n",
  "uploadtime": 1776523247,
  "views": 24,
  "formatid": "gen9championsvgc2026regma",
  "rating": 1119,
  "private": 0,
  "password": null
}