{
  "id": "gen9championsvgc2026regma-2583864681",
  "format": "[Gen 9 Champions] VGC 2026 Reg M-A",
  "players": [
    "day14",
    "Papiton"
  ],
  "log": "|j|\u2606day14\n|j|\u2606Papiton\n|t:|1776203727\n|gametype|doubles\n|player|p1|day14|psychic-gen4|1310\n|player|p2|Papiton|tuber|1259\n|gen|9\n|tier|[Gen 9 Champions] VGC 2026 Reg M-A\n|rated|\n|rule|Species Clause: Limit one of each Pok\u00e9mon\n|rule|Item Clause: Limit 1 of each item\n|clearpoke\n|poke|p1|Dragonite, L50, F|\n|poke|p1|Pelipper, L50, F|\n|poke|p1|Archaludon, L50, F|\n|poke|p1|Basculegion, L50, M|\n|poke|p1|Incineroar, L50, F|\n|poke|p1|Sneasler, L50, M|\n|poke|p2|Starmie, L50|\n|poke|p2|Ninetales-Alola, L50, M|\n|poke|p2|Incineroar, L50, F|\n|poke|p2|Sneasler, L50, F|\n|poke|p2|Kingambit, L50, M|\n|poke|p2|Sinistcha, L50|\n|teampreview|4\n|inactive|Battle timer is ON: inactive players will automatically lose when time's up. (requested by day14)\n|inactive|Papiton has 60 seconds left.\n|\n|t:|1776203767\n|teamsize|p1|4\n|teamsize|p2|4\n|start\n|switch|p1a: Basculegion|Basculegion, L50, M|100/100\n|switch|p1b: Sneasler|Sneasler, L50, M|100/100\n|switch|p2a: Yogurt|Starmie, L50, shiny|100/100\n|switch|p2b: Grisha|Sneasler, L50, F|100/100\n|turn|1\n|inactive|Papiton has 30 seconds left.\n|inactive|day14 has 30 seconds left.\n|\n|t:|1776203798\n|switch|p2a: Crow|Kingambit, L50, M, shiny|100/100\n|move|p1b: Sneasler|Fake Out|p2a: Crow\n|-resisted|p2a: Crow|1\n|-damage|p2a: Crow|96/100\n|move|p2b: Grisha|Coaching|p2a: Crow\n|-boost|p2a: Crow|atk|1\n|-boost|p2a: Crow|def|1\n|move|p1a: Basculegion|Last Respects|p2a: Crow\n|-resisted|p2a: Crow|1\n|-damage|p2a: Crow|89/100\n|\n|upkeep\n|turn|2\n|inactive|Papiton has 30 seconds left.\n|inactive|Papiton has 20 seconds left.\n|\n|t:|1776203837\n|switch|p1a: Pelipper|Pelipper, L50, F|100/100\n|-weather|RainDance|[from] ability: Drizzle|[of] p1a: Pelipper\n|move|p2a: Crow|Protect|p2a: Crow\n|-singleturn|p2a: Crow|Protect\n|move|p1b: Sneasler|Close Combat|p2a: Crow\n|-activate|p2a: Crow|move: Protect\n|move|p2b: Grisha|Close Combat|p1b: Sneasler\n|-resisted|p1b: Sneasler|1\n|-damage|p1b: Sneasler|46/100\n|-unboost|p2b: Grisha|def|1\n|-unboost|p2b: Grisha|spd|1\n|\n|-weather|RainDance|[upkeep]\n|upkeep\n|turn|3\n|inactive|Papiton has 30 seconds left.\n|\n|t:|1776203864\n|move|p1b: Sneasler|Protect|p1b: Sneasler\n|-singleturn|p1b: Sneasler|Protect\n|move|p2a: Crow|Sucker Punch||[still]\n|-fail|p2a: Crow\n|move|p2b: Grisha|Rock Slide|p1b: Sneasler|[spread] p1a\n|-activate|p1b: Sneasler|move: Protect\n|-supereffective|p1a: Pelipper|1\n|-damage|p1a: Pelipper|51/100\n|cant|p1a: Pelipper|flinch\n|\n|-weather|RainDance|[upkeep]\n|upkeep\n|turn|4\n|inactive|Papiton has 30 seconds left.\n|inactive|day14 has 30 seconds left.\n|\n|t:|1776203899\n|switch|p1b: Archaludon|Archaludon, L50, F|100/100\n|move|p2b: Grisha|Rock Slide|p1b: Archaludon|[spread] p1a,p1b\n|-supereffective|p1a: Pelipper|1\n|-resisted|p1b: Archaludon|1\n|-damage|p1a: Pelipper|0 fnt\n|-damage|p1b: Archaludon|93/100\n|-ability|p1b: Archaludon|Stamina|boost\n|-boost|p1b: Archaludon|def|1\n|faint|p1a: Pelipper\n|move|p2a: Crow|Kowtow Cleave|p1b: Archaludon\n|-damage|p1b: Archaludon|53/100\n|-ability|p1b: Archaludon|Stamina|boost\n|-boost|p1b: Archaludon|def|1\n|\n|-weather|RainDance|[upkeep]\n|-heal|p1b: Archaludon|59/100|[from] item: Leftovers\n|upkeep\n|\n|t:|1776203913\n|switch|p1a: Sneasler|Sneasler, L50, M|46/100\n|turn|5\n|\n|t:|1776203929\n|switch|p2b: Felix|Ninetales-Alola, L50, M|100/100\n|-weather|Snowscape|[from] ability: Snow Warning|[of] p2b: Felix\n|move|p2a: Crow|Protect|p2a: Crow\n|-singleturn|p2a: Crow|Protect\n|move|p1a: Sneasler|Close Combat|p2a: Crow\n|-activate|p2a: Crow|move: Protect\n|move|p1b: Archaludon|Electro Shot||[still]\n|-prepare|p1b: Archaludon|Electro Shot\n|-boost|p1b: Archaludon|spa|1\n|\n|-weather|Snowscape|[upkeep]\n|-heal|p1b: Archaludon|65/100|[from] item: Leftovers\n|upkeep\n|turn|6\n|inactive|Papiton has 30 seconds left.\n|\n|t:|1776203955\n|move|p1a: Sneasler|Close Combat|p2a: Crow\n|-supereffective|p2a: Crow|2\n|-enditem|p2a: Crow|Chople Berry|[eat]\n|-enditem|p2a: Crow|Chople Berry|[weaken]\n|-damage|p2a: Crow|24/100\n|-unboost|p1a: Sneasler|def|1\n|-unboost|p1a: Sneasler|spd|1\n|-enditem|p1a: Sneasler|White Herb\n|-clearnegativeboost|p1a: Sneasler|[silent]\n|move|p2b: Felix|Blizzard|p1a: Sneasler|[spread] p1a,p1b\n|-damage|p1a: Sneasler|5/100\n|-damage|p1b: Archaludon|20/100\n|-ability|p1b: Archaludon|Stamina|boost\n|-boost|p1b: Archaludon|def|1\n|move|p1b: Archaludon|Electro Shot|p2b: Felix|[from] lockedmove\n|-damage|p2b: Felix|20/100\n|move|p2a: Crow|Low Kick|p1b: Archaludon\n|-supereffective|p1b: Archaludon|1\n|-damage|p1b: Archaludon|0 fnt\n|faint|p1b: Archaludon\n|\n|-weather|Snowscape|[upkeep]\n|upkeep\n|\n|t:|1776203959\n|switch|p1b: Basculegion|Basculegion, L50, M|100/100\n|turn|7\n|inactive|Papiton has 30 seconds left.\n|\n|t:|1776203985\n|move|p1b: Basculegion|Protect|p1b: Basculegion\n|-singleturn|p1b: Basculegion|Protect\n|move|p2a: Crow|Protect|p2a: Crow\n|-singleturn|p2a: Crow|Protect\n|move|p1a: Sneasler|Close Combat|p2a: Crow\n|-activate|p2a: Crow|move: Protect\n|move|p2b: Felix|Aurora Veil|p2b: Felix\n|-sidestart|p2: Papiton|move: Aurora Veil\n|\n|-weather|Snowscape|[upkeep]\n|upkeep\n|turn|8\n|\n|t:|1776204009\n|move|p1b: Basculegion|Protect|p1b: Basculegion\n|-singleturn|p1b: Basculegion|Protect\n|move|p2a: Crow|Sucker Punch||[still]\n|-fail|p2a: Crow\n|move|p1a: Sneasler|Close Combat|p2a: Crow\n|-supereffective|p2a: Crow|2\n|-damage|p2a: Crow|0 fnt\n|-unboost|p1a: Sneasler|def|1\n|-unboost|p1a: Sneasler|spd|1\n|faint|p2a: Crow\n|move|p2b: Felix|Blizzard|p1b: Basculegion|[spread] p1a\n|-activate|p1b: Basculegion|move: Protect\n|-damage|p1a: Sneasler|0 fnt\n|faint|p1a: Sneasler\n|\n|-weather|Snowscape|[upkeep]\n|upkeep\n|\n|t:|1776204025\n|switch|p2a: Yogurt|Starmie, L50, shiny|100/100\n|turn|9\n|\n|t:|1776204040\n|detailschange|p2a: Yogurt|Starmie-Mega, L50, shiny\n|-mega|p2a: Yogurt|Starmie|Starminite\n|move|p2a: Yogurt|Psycho Cut|p1b: Basculegion\n|-damage|p1b: Basculegion|25/100\n|move|p2b: Felix|Encore|p1b: Basculegion\n|-start|p1b: Basculegion|Encore\n|move|p1b: Basculegion|Protect||[still]\n|-fail|p1b: Basculegion\n|\n|-weather|none\n|upkeep\n|turn|10\n|-message|day14 forfeited.\n|\n|win|Papiton\n|raw|day14's rating: 1310 &rarr; <strong>1287</strong><br />(-23 for losing)\n|raw|Papiton's rating: 1259 &rarr; <strong>1288</strong><br />(+29 for winning)\n|l|\u2606day14\n|player|p1|\n",
  "uploadtime": 1776204059,
  "views": 42,
  "formatid": "gen9championsvgc2026regma",
  "rating": 1287,
  "private": 0,
  "password": null
}