{
  "id": "gen9championsvgc2026regma-2584087459",
  "format": "[Gen 9 Champions] VGC 2026 Reg M-A",
  "players": [
    "benis_cult",
    "ghostmoie"
  ],
  "log": "|j|\u2606benis_cult\n|j|\u2606ghostmoie\n|t:|1776223804\n|gametype|doubles\n|player|p1|benis_cult|iris|1081\n|player|p2|ghostmoie|170|1045\n|gen|9\n|tier|[Gen 9 Champions] VGC 2026 Reg M-A\n|rated|\n|rule|Species Clause: Limit one of each Pok\u00e9mon\n|rule|Item Clause: Limit 1 of each item\n|clearpoke\n|poke|p1|Dragonite, L50, M|\n|poke|p1|Aerodactyl, L50, M|\n|poke|p1|Politoed, L50, M|\n|poke|p1|Kangaskhan, L50, F|\n|poke|p1|Archaludon, L50, M|\n|poke|p1|Sneasler, L50, M|\n|poke|p2|Aerodactyl, L50, F|\n|poke|p2|Aegislash, L50, M|\n|poke|p2|Rotom-Heat, L50|\n|poke|p2|Garchomp, L50, F|\n|poke|p2|Tyranitar, L50, F|\n|poke|p2|Starmie, L50|\n|teampreview|4\n|inactive|Battle timer is ON: inactive players will automatically lose when time's up. (requested by benis_cult)\n|\n|t:|1776223869\n|teamsize|p1|4\n|teamsize|p2|4\n|start\n|switch|p1a: Sneasler|Sneasler, L50, M|100/100\n|switch|p1b: Dragonite|Dragonite, L50, M|100/100\n|switch|p2a: Aerodactyl|Aerodactyl, L50, F|100/100\n|switch|p2b: Rotom|Rotom-Heat, L50|100/100\n|-ability|p2a: Aerodactyl|Unnerve\n|turn|1\n|inactive|benis_cult has 30 seconds left.\n|inactive|ghostmoie has 30 seconds left.\n|inactive|benis_cult has 20 seconds left.\n|inactive|benis_cult has 15 seconds left.\n|\n|t:|1776223910\n|move|p1b: Dragonite|Protect|p1b: Dragonite\n|-singleturn|p1b: Dragonite|Protect\n|move|p1a: Sneasler|Fake Out|p2a: Aerodactyl\n|-resisted|p2a: Aerodactyl|1\n|-damage|p2a: Aerodactyl|90/100\n|-status|p2a: Aerodactyl|psn|[from] ability: Poison Touch|[of] p1a: Sneasler\n|cant|p2a: Aerodactyl|flinch\n|move|p2b: Rotom|Thunder Wave|p1b: Dragonite\n|-activate|p1b: Dragonite|move: Protect\n|\n|-damage|p2a: Aerodactyl|78/100 psn|[from] psn\n|upkeep\n|turn|2\n|inactive|benis_cult has 30 seconds left.\n|inactive|benis_cult has 20 seconds left.\n|\n|t:|1776223945\n|switch|p1a: Politoed|Politoed, L50, M|100/100\n|-weather|RainDance|[from] ability: Drizzle|[of] p1a: Politoed\n|detailschange|p1b: Dragonite|Dragonite-Mega, L50, M\n|-mega|p1b: Dragonite|Dragonite|Dragoninite\n|move|p2a: Aerodactyl|Tailwind|p2a: Aerodactyl\n|-sidestart|p2: ghostmoie|move: Tailwind\n|move|p2b: Rotom|Thunder Wave|p1b: Dragonite\n|-status|p1b: Dragonite|par\n|move|p1b: Dragonite|Thunder|p2a: Aerodactyl\n|-supereffective|p2a: Aerodactyl|1\n|-damage|p2a: Aerodactyl|0 fnt\n|faint|p2a: Aerodactyl\n|\n|-weather|RainDance|[upkeep]\n|upkeep\n|inactive|ghostmoie has 30 seconds left.\n|inactive|ghostmoie has 20 seconds left.\n|inactive|ghostmoie has 15 seconds left.\n|inactive|ghostmoie has 10 seconds left.\n|\n|t:|1776223992\n|switch|p2a: Garchomp|Garchomp, L50, F|100/100\n|turn|3\n|inactive|benis_cult has 30 seconds left.\n|inactive|benis_cult has 20 seconds left.\n|inactive|benis_cult has 15 seconds left.\n|inactive|ghostmoie has 30 seconds left.\n|inactive|benis_cult has 10 seconds left.\n|\n|t:|1776224043\n|move|p2a: Garchomp|Rock Slide|p1b: Dragonite|[spread] p1a,p1b\n|-supereffective|p1b: Dragonite|1\n|-damage|p1a: Politoed|79/100\n|-damage|p1b: Dragonite|82/100 par\n|move|p2b: Rotom|Thunderbolt|p1a: Politoed\n|-supereffective|p1a: Politoed|1\n|-damage|p1a: Politoed|17/100\n|-enditem|p1a: Politoed|Sitrus Berry|[eat]\n|-heal|p1a: Politoed|42/100|[from] item: Sitrus Berry\n|cant|p1a: Politoed|flinch\n|cant|p1b: Dragonite|par\n|\n|-weather|RainDance|[upkeep]\n|upkeep\n|turn|4\n|inactive|benis_cult has 30 seconds left.\n|inactive|ghostmoie has 30 seconds left.\n|inactive|benis_cult has 20 seconds left.\n|\n|t:|1776224079\n|switch|p1b: Archaludon|Archaludon, L50, M|100/100\n|move|p1a: Politoed|Protect|p1a: Politoed\n|-singleturn|p1a: Politoed|Protect\n|move|p2a: Garchomp|Dragon Claw|p1b: Archaludon\n|-damage|p1b: Archaludon|68/100\n|move|p2b: Rotom|Thunderbolt|p1a: Politoed\n|-activate|p1a: Politoed|move: Protect\n|\n|-weather|RainDance|[upkeep]\n|-heal|p1b: Archaludon|74/100|[from] item: Leftovers\n|upkeep\n|turn|5\n|inactive|benis_cult has 30 seconds left.\n|inactive|ghostmoie has 30 seconds left.\n|\n|t:|1776224114\n|move|p2a: Garchomp|Earthquake|p1a: Politoed|[spread] p1a,p1b\n|-immune|p2b: Rotom|[from] ability: Levitate\n|-supereffective|p1b: Archaludon|1\n|-crit|p1b: Archaludon\n|-damage|p1a: Politoed|0 fnt\n|-damage|p1b: Archaludon|0 fnt\n|faint|p1a: Politoed\n|faint|p1b: Archaludon\n|move|p2b: Rotom|Thunderbolt|p1: Politoed|[notarget]\n|-fail|p2b: Rotom\n|\n|-weather|RainDance|[upkeep]\n|-sideend|p2: ghostmoie|move: Tailwind\n|upkeep\n|\n|t:|1776224123\n|switch|p1b: Sneasler|Sneasler, L50, M|100/100\n|switch|p1a: Dragonite|Dragonite-Mega, L50, M|82/100 par\n|turn|6\n|inactive|ghostmoie has 30 seconds left.\n|inactive|benis_cult has 30 seconds left.\n|\n|t:|1776224162\n|move|p1b: Sneasler|Fake Out|p2a: Garchomp\n|-damage|p2a: Garchomp|88/100\n|cant|p2a: Garchomp|flinch\n|move|p2b: Rotom|Thunderbolt|p1b: Sneasler\n|-damage|p1b: Sneasler|48/100\n|cant|p1a: Dragonite|par\n|\n|-weather|none\n|upkeep\n|turn|7\n|inactive|benis_cult has 30 seconds left.\n|\n|t:|1776224188\n|move|p1b: Sneasler|Dire Claw|p2b: Rotom\n|-damage|p2b: Rotom|41/100\n|-status|p2b: Rotom|slp\n|move|p2a: Garchomp|Dragon Claw|p1a: Dragonite\n|-supereffective|p1a: Dragonite|1\n|-damage|p1a: Dragonite|12/100 par\n|cant|p2b: Rotom|slp\n|move|p1a: Dragonite|Draco Meteor|p2a: Garchomp\n|-supereffective|p2a: Garchomp|1\n|-damage|p2a: Garchomp|0 fnt\n|-unboost|p1a: Dragonite|spa|2\n|faint|p2a: Garchomp\n|\n|upkeep\n|\n|t:|1776224208\n|switch|p2a: Starmie|Starmie, L50|100/100\n|turn|8\n|inactive|benis_cult has 30 seconds left.\n|\n|t:|1776224239\n|detailschange|p2a: Starmie|Starmie-Mega, L50\n|-mega|p2a: Starmie|Starmie|Starminite\n|move|p2a: Starmie|Aqua Jet|p1b: Sneasler\n|-damage|p1b: Sneasler|0 fnt\n|faint|p1b: Sneasler\n|cant|p2b: Rotom|slp\n|move|p1a: Dragonite|Thunder|p2a: Starmie|[miss]\n|-miss|p1a: Dragonite|p2a: Starmie\n|\n|upkeep\n|turn|9\n|\n|t:|1776224255\n|move|p2a: Starmie|Aqua Jet|p1a: Dragonite\n|-resisted|p1a: Dragonite|1\n|-damage|p1a: Dragonite|0 fnt\n|faint|p1a: Dragonite\n|\n|win|ghostmoie\n|raw|benis_cult's rating: 1081 &rarr; <strong>1057</strong><br />(-24 for losing)\n|raw|ghostmoie's rating: 1045 &rarr; <strong>1082</strong><br />(+37 for winning)\n|c|\u2606benis_cult|Gg\n",
  "uploadtime": 1776224265,
  "views": 25,
  "formatid": "gen9championsvgc2026regma",
  "rating": 1057,
  "private": 0,
  "password": null
}