{
  "id": "gen9championsvgc2026regma-2586504671",
  "format": "[Gen 9 Champions] VGC 2026 Reg M-A",
  "players": [
    "647w",
    "GojosChewToy"
  ],
  "log": "|j|\u2606647w\n|j|\u2606GojosChewToy\n|t:|1776439247\n|gametype|doubles\n|player|p1|647w|lucas-gen4pt|1197\n|player|p2|GojosChewToy|parasollady|1206\n|gen|9\n|tier|[Gen 9 Champions] VGC 2026 Reg M-A\n|rated|\n|rule|Species Clause: Limit one of each Pok\u00e9mon\n|rule|Item Clause: Limit 1 of each item\n|clearpoke\n|poke|p1|Snorlax, L50, F|\n|poke|p1|Chimecho, L50, F|\n|poke|p1|Sinistcha, L50|\n|poke|p1|Rotom-Wash, L50|\n|poke|p1|Delphox, L50, F|\n|poke|p1|Hydreigon, L50, M|\n|poke|p2|Politoed, L50, F|\n|poke|p2|Aerodactyl, L50, M|\n|poke|p2|Dragonite, L50, M|\n|poke|p2|Sneasler, L50, M|\n|poke|p2|Archaludon, L50, F|\n|poke|p2|Meganium, L50, F|\n|teampreview|4\n|inactive|Battle timer is ON: inactive players will automatically lose when time's up. (requested by GojosChewToy)\n647w has agreed to open team sheets.\n|j| astolfosfeetpics\n|\n|t:|1776439281\n|teamsize|p1|4\n|teamsize|p2|4\n|start\n|switch|p1a: Chimecho|Chimecho, L50, F|100/100\n|switch|p1b: Rotom|Rotom-Wash, L50|100/100\n|switch|p2a: Aerodactyl|Aerodactyl, L50, M|100/100\n|switch|p2b: Sneasler|Sneasler, L50, M, shiny|100/100\n|-ability|p2a: Aerodactyl|Unnerve\n|turn|1\n|\n|t:|1776439300\n|move|p1b: Rotom|Protect|p1b: Rotom\n|-singleturn|p1b: Rotom|Protect\n|move|p1a: Chimecho|Protect|p1a: Chimecho\n|-singleturn|p1a: Chimecho|Protect\n|move|p2b: Sneasler|Fake Out|p1a: Chimecho\n|-activate|p1a: Chimecho|move: Protect\n|move|p2a: Aerodactyl|Tailwind|p2a: Aerodactyl\n|-sidestart|p2: GojosChewToy|move: Tailwind\n|\n|upkeep\n|turn|2\n|inactive|GojosChewToy has 30 seconds left.\n|\n|t:|1776439326\n|detailschange|p1a: Chimecho|Chimecho-Mega, L50, F\n|-mega|p1a: Chimecho|Chimecho|Chimechite\n|move|p2a: Aerodactyl|Rock Slide|p1b: Rotom|[spread] p1a,p1b\n|-resisted|p1a: Chimecho|1\n|-damage|p1a: Chimecho|91/100\n|-damage|p1b: Rotom|75/100\n|move|p2b: Sneasler|Close Combat|p1b: Rotom\n|-damage|p1b: Rotom|6/100\n|-unboost|p2b: Sneasler|def|1\n|-unboost|p2b: Sneasler|spd|1\n|-enditem|p2b: Sneasler|White Herb\n|-clearnegativeboost|p2b: Sneasler|[silent]\n|move|p1b: Rotom|Volt Switch|p2a: Aerodactyl\n|-supereffective|p2a: Aerodactyl|1\n|-damage|p2a: Aerodactyl|24/100\n|\n|t:|1776439350\n|switch|p1b: Snorlax|Snorlax, L50, F|100/100|[from] Volt Switch\n|move|p1a: Chimecho|Trick Room|p1a: Chimecho\n|-fieldstart|move: Trick Room|[of] p1a: Chimecho\n|\n|upkeep\n|turn|3\n|\n|t:|1776439366\n|move|p2a: Aerodactyl|Protect|p2a: Aerodactyl\n|-singleturn|p2a: Aerodactyl|Protect\n|move|p2b: Sneasler|Protect|p2b: Sneasler\n|-singleturn|p2b: Sneasler|Protect\n|move|p1b: Snorlax|Belly Drum|p1b: Snorlax\n|-damage|p1b: Snorlax|50/100\n|-setboost|p1b: Snorlax|atk|6|[from] move: Belly Drum\n|move|p1a: Chimecho|Psyshock|p2b: Sneasler\n|-activate|p2b: Sneasler|move: Protect\n|\n|upkeep\n|turn|4\n|\n|t:|1776439386\n|move|p1b: Snorlax|Body Slam|p2a: Aerodactyl\n|-resisted|p2a: Aerodactyl|1\n|-damage|p2a: Aerodactyl|0 fnt\n|-enditem|p1b: Snorlax|Sitrus Berry|[eat]\n|-heal|p1b: Snorlax|75/100|[from] item: Sitrus Berry\n|faint|p2a: Aerodactyl\n|move|p1a: Chimecho|Psyshock|p2b: Sneasler\n|-supereffective|p2b: Sneasler|2\n|-damage|p2b: Sneasler|0 fnt\n|faint|p2b: Sneasler\n|\n|-sideend|p2: GojosChewToy|move: Tailwind\n|upkeep\n|\n|t:|1776439397\n|switch|p2b: Politoed|Politoed, L50, F|100/100\n|switch|p2a: Dragonite|Dragonite, L50, M|100/100\n|-weather|RainDance|[from] ability: Drizzle|[of] p2b: Politoed\n|turn|5\n|inactive|647w has 30 seconds left.\n|inactive|647w has 20 seconds left.\n|inactive|647w has 15 seconds left.\n|inactive|647w has 10 seconds left.\n|inactive|647w has 5 seconds left.\n|\n|t:|1776439453\n|detailschange|p2a: Dragonite|Dragonite-Mega, L50, M\n|-mega|p2a: Dragonite|Dragonite|Dragoninite\n|move|p2b: Politoed|Protect|p2b: Politoed\n|-singleturn|p2b: Politoed|Protect\n|move|p2a: Dragonite|Protect|p2a: Dragonite\n|-singleturn|p2a: Dragonite|Protect\n|move|p1b: Snorlax|Body Slam|p2a: Dragonite\n|-activate|p2a: Dragonite|move: Protect\n|move|p1a: Chimecho|Psyshock|p2a: Dragonite\n|-activate|p2a: Dragonite|move: Protect\n|\n|-weather|RainDance|[upkeep]\n|upkeep\n|turn|6\n|inactive|GojosChewToy has 30 seconds left.\n|\n|t:|1776439487\n|move|p1b: Snorlax|Body Slam|p2b: Politoed\n|-damage|p2b: Politoed|0 fnt\n|faint|p2b: Politoed\n|move|p1a: Chimecho|Encore|p2a: Dragonite\n|-start|p2a: Dragonite|Encore\n|move|p2a: Dragonite|Protect||[still]\n|-fail|p2a: Dragonite\n|\n|-weather|RainDance|[upkeep]\n|-fieldend|move: Trick Room\n|upkeep\n|turn|7\n|-message|GojosChewToy forfeited.\n|\n|win|647w\n|raw|647w's rating: 1197 &rarr; <strong>1223</strong><br />(+26 for winning)\n|raw|GojosChewToy's rating: 1206 &rarr; <strong>1180</strong><br />(-26 for losing)\n|l|\u2606GojosChewToy\n|player|p2|\n|l| astolfosfeetpics\n",
  "uploadtime": 1776439597,
  "views": 28,
  "formatid": "gen9championsvgc2026regma",
  "rating": 1180,
  "private": 0,
  "password": null
}