{
  "id": "gen9championsvgc2026regma-2582974950",
  "format": "[Gen 9 Champions] VGC 2026 Reg M-A",
  "players": [
    "Tabula Rasa (TB)",
    "MamrazPM"
  ],
  "log": "|j|\u2606Tabula Rasa (TB)\n|j|\u2606MamrazPM\n|t:|1776129936\n|gametype|doubles\n|player|p1|Tabula Rasa (TB)|zinzolin|1145\n|player|p2|MamrazPM|blaine|1080\n|gen|9\n|tier|[Gen 9 Champions] VGC 2026 Reg M-A\n|rated|\n|rule|Species Clause: Limit one of each Pok\u00e9mon\n|rule|Item Clause: Limit 1 of each item\n|clearpoke\n|poke|p1|Zoroark-Hisui, L50, M|\n|poke|p1|Meganium, L50, M|\n|poke|p1|Basculegion, L50, M|\n|poke|p1|Meowstic, L50, M|\n|poke|p1|Pelipper, L50, M|\n|poke|p1|Serperior, L50, M|\n|poke|p2|Gardevoir, L50, F|\n|poke|p2|Slowbro, L50, F|\n|poke|p2|Audino, L50, F|\n|poke|p2|Sinistcha, L50|\n|poke|p2|Machamp, L50, M|\n|poke|p2|Hatterene, L50, F|\n|teampreview|4\n|inactive|Battle timer is ON: inactive players will automatically lose when time's up. (requested by Tabula Rasa (TB))\n|inactive|MamrazPM has 60 seconds left.\n|\n|t:|1776129981\n|teamsize|p1|4\n|teamsize|p2|4\n|start\n|switch|p1a: Serperior|Serperior, L50, M, shiny|100/100\n|switch|p1b: Meowstic|Meowstic, L50, M, shiny|100/100\n|switch|p2a: Gardevoir|Gardevoir, L50, F, shiny|100/100\n|switch|p2b: Hatterene|Hatterene, L50, F|100/100\n|-ability|p2a: Gardevoir|Contrary|Trace|[from] ability: Trace|[of] p1a: Serperior\n|turn|1\n|inactive|Tabula Rasa (TB) has 30 seconds left.\n|inactive|Tabula Rasa (TB) has 20 seconds left.\n|\n|t:|1776130018\n|move|p2a: Gardevoir|Protect|p2a: Gardevoir\n|-singleturn|p2a: Gardevoir|Protect\n|move|p1b: Meowstic|Fake Out|p2a: Gardevoir\n|-activate|p2a: Gardevoir|move: Protect\n|move|p1a: Serperior|Leaf Storm|p2b: Hatterene\n|-damage|p2b: Hatterene|68/100\n|-boost|p1a: Serperior|spa|2\n|move|p2b: Hatterene|Trick Room|p2b: Hatterene\n|-fieldstart|move: Trick Room|[of] p2b: Hatterene\n|\n|-heal|p2b: Hatterene|74/100|[from] item: Leftovers\n|upkeep\n|turn|2\n|inactive|MamrazPM has 30 seconds left.\n|\n|t:|1776130044\n|detailschange|p2a: Gardevoir|Gardevoir-Mega, L50, F, shiny\n|-mega|p2a: Gardevoir|Gardevoir|Gardevoirite\n|move|p1b: Meowstic|Fake Tears|p1a: Serperior\n|-boost|p1a: Serperior|spd|2\n|move|p2b: Hatterene|Shadow Ball|p1a: Serperior\n|-damage|p1a: Serperior|88/100\n|move|p2a: Gardevoir|Hyper Voice|p1a: Serperior|[spread] p1a,p1b\n|-damage|p1a: Serperior|60/100\n|-damage|p1b: Meowstic|54/100\n|move|p1a: Serperior|Leaf Storm|p2b: Hatterene\n|-damage|p2b: Hatterene|0 fnt\n|-boost|p1a: Serperior|spa|2\n|faint|p2b: Hatterene\n|\n|upkeep\n|inactive|MamrazPM has 30 seconds left.\n|\n|t:|1776130076\n|switch|p2b: Audino|Audino, L50, F|100/100\n|turn|3\n|\n|t:|1776130089\n|move|p1b: Meowstic|Fake Tears|p1a: Serperior\n|-boost|p1a: Serperior|spd|2\n|move|p2b: Audino|Wish|p2b: Audino\n|move|p2a: Gardevoir|Hyper Voice|p1b: Meowstic|[spread] p1a,p1b\n|-damage|p1a: Serperior|42/100\n|-damage|p1b: Meowstic|10/100\n|-enditem|p1a: Serperior|Sitrus Berry|[eat]\n|-heal|p1a: Serperior|67/100|[from] item: Sitrus Berry\n|move|p1a: Serperior|Leaf Storm|p2a: Gardevoir\n|-damage|p2a: Gardevoir|23/100\n|-boost|p1a: Serperior|spa|2\n|\n|upkeep\n|turn|4\n|\n|t:|1776130113\n|move|p2b: Audino|Ally Switch|p2b: Audino\n|swap|p2b: Audino|0|[from] move: Ally Switch\n|move|p1b: Meowstic|Rain Dance|p1b: Meowstic\n|-weather|RainDance\n|move|p2b: Gardevoir|Hyper Voice|p1a: Serperior|[spread] p1a,p1b\n|-damage|p1a: Serperior|49/100\n|-damage|p1b: Meowstic|0 fnt\n|faint|p1b: Meowstic\n|move|p1a: Serperior|Leaf Storm|p2a: Audino\n|-damage|p2a: Audino|0 fnt\n|faint|p2a: Audino\n|\n|-weather|RainDance|[upkeep]\n|-heal|p2b: Gardevoir|80/100|[from] move: Wish|[wisher] Audino\n|upkeep\n|\n|t:|1776130130\n|switch|p2a: Sinistcha|Sinistcha, L50|100/100\n|switch|p1b: Meganium|Meganium, L50, M, shiny|100/100\n|-heal|p2b: Gardevoir|100/100|[from] ability: Hospitality|[of] p2a: Sinistcha\n|turn|5\n|\n|t:|1776130149\n|move|p1b: Meganium|Protect|p1b: Meganium\n|-singleturn|p1b: Meganium|Protect\n|move|p1a: Serperior|Protect|p1a: Serperior\n|-singleturn|p1a: Serperior|Protect\n|move|p2a: Sinistcha|Rage Powder|p2a: Sinistcha\n|-singleturn|p2a: Sinistcha|move: Rage Powder\n|move|p2b: Gardevoir|Hyper Voice|p1b: Meganium|[spread] \n|-activate|p1a: Serperior|move: Protect\n|-activate|p1b: Meganium|move: Protect\n|\n|-weather|RainDance|[upkeep]\n|-fieldend|move: Trick Room\n|upkeep\n|turn|6\n|\n|t:|1776130168\n|detailschange|p1b: Meganium|Meganium-Mega, L50, M, shiny\n|-mega|p1b: Meganium|Meganium|Meganiumite\n|move|p2a: Sinistcha|Rage Powder|p2a: Sinistcha\n|-singleturn|p2a: Sinistcha|move: Rage Powder\n|move|p1a: Serperior|Leaf Storm|p2b: Gardevoir\n|-damage|p2b: Gardevoir|0 fnt\n|faint|p2b: Gardevoir\n|move|p1b: Meganium|Weather Ball|p2a: Sinistcha\n|-supereffective|p2a: Sinistcha|1\n|-crit|p2a: Sinistcha\n|-enditem|p2a: Sinistcha|Focus Sash\n|-damage|p2a: Sinistcha|1/100\n|\n|-weather|RainDance|[upkeep]\n|upkeep\n|turn|7\n|inactive|MamrazPM has 30 seconds left.\n|-message|MamrazPM forfeited.\n|\n|win|Tabula Rasa (TB)\n|raw|Tabula Rasa (TB)'s rating: 1145 &rarr; <strong>1165</strong><br />(+20 for winning)\n|raw|MamrazPM's rating: 1080 &rarr; <strong>1062</strong><br />(-18 for losing)\n|l|\u2606MamrazPM\n|player|p2|\n",
  "uploadtime": 1776130243,
  "views": 11,
  "formatid": "gen9championsvgc2026regma",
  "rating": 1062,
  "private": 0,
  "password": null
}