{
  "id": "gen9championsvgc2026regma-2581697546",
  "format": "[Gen 9 Champions] VGC 2026 Reg M-A",
  "players": [
    "medium dory",
    "nonexistnt"
  ],
  "log": "|j|\u2606medium dory\n|j|\u2606nonexistnt\n|t:|1776021520\n|gametype|doubles\n|player|p1|medium dory|medium|1104\n|player|p2|nonexistnt|266|1181\n|gen|9\n|tier|[Gen 9 Champions] VGC 2026 Reg M-A\n|rated|\n|rule|Species Clause: Limit one of each Pok\u00e9mon\n|rule|Item Clause: Limit 1 of each item\n|clearpoke\n|poke|p1|Sableye, L50, F|\n|poke|p1|Dragapult, L50, M|\n|poke|p1|Typhlosion-Hisui, L50, F|\n|poke|p1|Sinistcha, L50|\n|poke|p1|Gengar, L50, M|\n|poke|p1|Froslass, L50, F|\n|poke|p2|Glimmora, L50, F|\n|poke|p2|Aerodactyl, L50, M|\n|poke|p2|Sinistcha, L50|\n|poke|p2|Milotic, L50, F|\n|poke|p2|Tyranitar, L50, F|\n|poke|p2|Excadrill, L50, F|\n|teampreview|4\n|inactive|Battle timer is ON: inactive players will automatically lose when time's up. (requested by nonexistnt)\n|inactive|medium dory has 60 seconds left.\n|\n|t:|1776021562\n|teamsize|p1|4\n|teamsize|p2|4\n|start\n|switch|p1a: Dragapult|Dragapult, L50, M|100/100\n|switch|p1b: Sableye|Sableye, L50, F|100/100\n|switch|p2a: Glimmora|Glimmora, L50, F|100/100\n|switch|p2b: Aerodactyl|Aerodactyl, L50, M|100/100\n|-ability|p2b: Aerodactyl|Unnerve\n|turn|1\n|inactive|medium dory has 30 seconds left.\n|\n|t:|1776021592\n|move|p2a: Glimmora|Spiky Shield|p2a: Glimmora\n|-singleturn|p2a: Glimmora|move: Protect\n|move|p1b: Sableye|Quash|p2b: Aerodactyl\n|-activate|p2b: Aerodactyl|move: Quash\n|move|p1a: Dragapult|Dragon Darts|p2b: Aerodactyl\n|-damage|p2b: Aerodactyl|60/100\n|-anim|p1a: Dragapult|Dragon Darts|p2b: Aerodactyl\n|-damage|p2b: Aerodactyl|17/100\n|move|p2b: Aerodactyl|Tailwind|p2b: Aerodactyl\n|-sidestart|p2: nonexistnt|move: Tailwind\n|\n|upkeep\n|turn|2\n|\n|t:|1776021612\n|detailschange|p2a: Glimmora|Glimmora-Mega, L50, F\n|-mega|p2a: Glimmora|Glimmora|Glimmoranite\n|move|p2b: Aerodactyl|Wide Guard|p2b: Aerodactyl\n|-singleturn|p2b: Aerodactyl|Wide Guard\n|move|p1b: Sableye|Encore|p2a: Glimmora\n|-start|p2a: Glimmora|Encore\n|move|p2a: Glimmora|Spiky Shield|p2a: Glimmora\n|-singleturn|p2a: Glimmora|move: Protect\n|move|p1a: Dragapult|Dragon Darts|p2b: Aerodactyl\n|-damage|p2b: Aerodactyl|0 fnt\n|faint|p2b: Aerodactyl\n|\n|upkeep\n|\n|t:|1776021623\n|switch|p2b: Tyranitar|Tyranitar, L50, F|100/100\n|-weather|Sandstorm|[from] ability: Sand Stream|[of] p2b: Tyranitar\n|turn|3\n|inactive|medium dory has 30 seconds left.\n|inactive|medium dory has 20 seconds left.\n|\n|t:|1776021658\n|switch|p2a: Excadrill|Excadrill, L50, F|100/100\n|move|p1b: Sableye|Sunny Day|p1b: Sableye\n|-weather|SunnyDay\n|move|p1a: Dragapult|Dragon Darts|p2b: Tyranitar\n|-damage|p2b: Tyranitar|80/100\n|-anim|p1a: Dragapult|Dragon Darts|p2a: Excadrill\n|-resisted|p2a: Excadrill|1\n|-damage|p2a: Excadrill|81/100\n|move|p2b: Tyranitar|Knock Off|p1b: Sableye\n|-damage|p1b: Sableye|39/100\n|-enditem|p1b: Sableye|Roseli Berry|[from] move: Knock Off|[of] p2b: Tyranitar\n|\n|-weather|SunnyDay|[upkeep]\n|upkeep\n|turn|4\n|inactive|medium dory has 30 seconds left.\n|\n|t:|1776021691\n|move|p1a: Dragapult|Protect|p1a: Dragapult\n|-singleturn|p1a: Dragapult|Protect\n|move|p2a: Excadrill|High Horsepower|p1b: Sableye\n|-damage|p1b: Sableye|0 fnt\n|faint|p1b: Sableye\n|move|p2b: Tyranitar|Knock Off|p1a: Dragapult\n|-activate|p1a: Dragapult|move: Protect\n|\n|-weather|SunnyDay|[upkeep]\n|-sideend|p2: nonexistnt|move: Tailwind\n|upkeep\n|\n|t:|1776021709\n|switch|p1b: Gengar|Gengar, L50, M, shiny|100/100\n|turn|5\n|\n|t:|1776021724\n|switch|p2b: Glimmora|Glimmora-Mega, L50, F|100/100\n|detailschange|p1b: Gengar|Gengar-Mega, L50, M, shiny\n|-mega|p1b: Gengar|Gengar|Gengarite\n|move|p2a: Excadrill|Protect|p2a: Excadrill\n|-singleturn|p2a: Excadrill|Protect\n|move|p1a: Dragapult|Dragon Darts|p2b: Glimmora\n|-damage|p2b: Glimmora|67/100\n|-anim|p1a: Dragapult|Dragon Darts|p2b: Glimmora\n|-damage|p2b: Glimmora|33/100\n|move|p1b: Gengar|Shadow Ball|p2a: Excadrill\n|-activate|p2a: Excadrill|move: Protect\n|\n|-weather|SunnyDay|[upkeep]\n|upkeep\n|turn|6\n|inactive|medium dory has 30 seconds left.\n|\n|t:|1776021753\n|move|p1b: Gengar|Protect|p1b: Gengar\n|-singleturn|p1b: Gengar|Protect\n|move|p1a: Dragapult|Phantom Force||[still]\n|-prepare|p1a: Dragapult|Phantom Force\n|move|p2b: Glimmora|Power Gem|p1a: Dragapult|[miss]\n|-miss|p2b: Glimmora|p1a: Dragapult\n|move|p2a: Excadrill|High Horsepower|p1b: Gengar\n|-activate|p1b: Gengar|move: Protect\n|\n|-weather|SunnyDay|[upkeep]\n|upkeep\n|turn|7\n|inactive|medium dory has 30 seconds left.\n|\n|t:|1776021786\n|move|p1a: Dragapult|Phantom Force|p2a: Excadrill|[from] lockedmove\n|-damage|p2a: Excadrill|11/100\n|move|p1b: Gengar|Shadow Ball|p2a: Excadrill\n|-damage|p2a: Excadrill|0 fnt\n|faint|p2a: Excadrill\n|move|p2b: Glimmora|Power Gem|p1a: Dragapult\n|-damage|p1a: Dragapult|16/100\n|\n|-weather|none\n|upkeep\n|\n|t:|1776021796\n|switch|p2a: Tyranitar|Tyranitar, L50, F|80/100\n|-weather|Sandstorm|[from] ability: Sand Stream|[of] p2a: Tyranitar\n|turn|8\n|\n|t:|1776021813\n|move|p2b: Glimmora|Spiky Shield|p2b: Glimmora\n|-singleturn|p2b: Glimmora|move: Protect\n|move|p1a: Dragapult|Dragon Darts|p2a: Tyranitar\n|-damage|p2a: Tyranitar|62/100\n|-anim|p1a: Dragapult|Dragon Darts|p2a: Tyranitar\n|-damage|p2a: Tyranitar|42/100\n|move|p1b: Gengar|Focus Blast|p2a: Tyranitar\n|-supereffective|p2a: Tyranitar|2\n|-enditem|p2a: Tyranitar|Chople Berry|[eat]\n|-enditem|p2a: Tyranitar|Chople Berry|[weaken]\n|-damage|p2a: Tyranitar|0 fnt\n|faint|p2a: Tyranitar\n|\n|-weather|Sandstorm|[upkeep]\n|-damage|p1a: Dragapult|10/100|[from] Sandstorm\n|-damage|p1b: Gengar|95/100|[from] Sandstorm\n|upkeep\n|turn|9\n|-message|nonexistnt forfeited.\n|\n|win|medium dory\n|raw|medium dory's rating: 1085 &rarr; <strong>1120</strong><br />(+35 for winning)\n|raw|nonexistnt's rating: 1181 &rarr; <strong>1149</strong><br />(-32 for losing)\n|l|\u2606nonexistnt\n|player|p2|\n",
  "uploadtime": 1776021830,
  "views": 15,
  "formatid": "gen9championsvgc2026regma",
  "rating": 1120,
  "private": 0,
  "password": null
}