{
  "id": "gen9championsvgc2026regma-2582544885",
  "format": "[Gen 9 Champions] VGC 2026 Reg M-A",
  "players": [
    "Adicire",
    "GeorgeBushGaming"
  ],
  "log": "|j|\u2606Adicire\n|j|\u2606GeorgeBushGaming\n|t:|1776098449\n|gametype|doubles\n|player|p1|Adicire|1|1266\n|player|p2|GeorgeBushGaming|colress|1357\n|gen|9\n|tier|[Gen 9 Champions] VGC 2026 Reg M-A\n|rated|\n|rule|Species Clause: Limit one of each Pok\u00e9mon\n|rule|Item Clause: Limit 1 of each item\n|clearpoke\n|poke|p1|Kangaskhan, L50, F|\n|poke|p1|Talonflame, L50, M|\n|poke|p1|Sinistcha, L50|\n|poke|p1|Basculegion, L50, M|\n|poke|p1|Garchomp, L50, M|\n|poke|p1|Kingambit, L50, F|\n|poke|p2|Incineroar, L50, M|\n|poke|p2|Sinistcha, L50|\n|poke|p2|Palafin, L50, M|\n|poke|p2|Dragonite, L50, M|\n|poke|p2|Floette-Eternal, L50, F|\n|poke|p2|Kingambit, L50, M|\n|teampreview|4\n|inactive|Battle timer is ON: inactive players will automatically lose when time's up. (requested by GeorgeBushGaming)\n|inactive|Adicire has 60 seconds left.\n|inactive|GeorgeBushGaming has 60 seconds left.\n|\n|t:|1776098505\n|teamsize|p1|4\n|teamsize|p2|4\n|start\n|switch|p1a: Kangaskhan|Kangaskhan, L50, F|100/100\n|switch|p1b: Talonflame|Talonflame, L50, M|100/100\n|switch|p2a: Palafin|Palafin, L50, M|100/100\n|switch|p2b: Dragonite|Dragonite, L50, M|100/100\n|turn|1\n|\n|t:|1776098515\n|detailschange|p1a: Kangaskhan|Kangaskhan-Mega, L50, F\n|-mega|p1a: Kangaskhan|Kangaskhan|Kangaskhanite\n|move|p2a: Palafin|Protect|p2a: Palafin\n|-singleturn|p2a: Palafin|Protect\n|move|p1a: Kangaskhan|Fake Out|p2b: Dragonite\n|-damage|p2b: Dragonite|88/100\n|-crit|p2b: Dragonite\n|-damage|p2b: Dragonite|79/100\n|-hitcount|p2b: Dragonite|2\n|move|p1b: Talonflame|Will-O-Wisp|p2a: Palafin\n|-activate|p2a: Palafin|move: Protect\n|cant|p2b: Dragonite|flinch\n|\n|upkeep\n|turn|2\n|\n|t:|1776098528\n|detailschange|p2a: Palafin|Palafin-Hero, L50, M\n|switch|p2a: Incineroar|Incineroar, L50, M|100/100\n|-ability|p2a: Incineroar|Intimidate|boost\n|-unboost|p1a: Kangaskhan|atk|1\n|-unboost|p1b: Talonflame|atk|1\n|move|p1b: Talonflame|Tailwind|p1b: Talonflame\n|-sidestart|p1: Adicire|move: Tailwind\n|move|p1a: Kangaskhan|Body Slam|p2b: Dragonite\n|-damage|p2b: Dragonite|44/100\n|-damage|p2b: Dragonite|35/100\n|-status|p2b: Dragonite|par\n|-enditem|p2b: Dragonite|Lum Berry|[eat]\n|-curestatus|p2b: Dragonite|par|[msg]\n|-hitcount|p2b: Dragonite|2\n|move|p2b: Dragonite|Dragon Dance|p2b: Dragonite\n|-boost|p2b: Dragonite|atk|1\n|-boost|p2b: Dragonite|spe|1\n|\n|upkeep\n|turn|3\n|inactive|Adicire has 30 seconds left.\n|\n|t:|1776098559\n|switch|p1a: Garchomp|Garchomp, L50, M|100/100\n|move|p2a: Incineroar|Fake Out|p1a: Garchomp\n|-damage|p1a: Garchomp|89/100\n|-damage|p2a: Incineroar|88/100|[from] ability: Rough Skin|[of] p1a: Garchomp\n|move|p1b: Talonflame|Will-O-Wisp|p2b: Dragonite\n|-status|p2b: Dragonite|brn\n|move|p2b: Dragonite|Dragon Claw|p1b: Talonflame\n|-crit|p1b: Talonflame\n|-damage|p1b: Talonflame|34/100\n|\n|-damage|p2b: Dragonite|29/100 brn|[from] brn\n|upkeep\n|turn|4\n|\n|t:|1776098577\n|switch|p1b: Kangaskhan|Kangaskhan-Mega, L50, F|100/100\n|switch|p2a: Sinistcha|Sinistcha, L50|100/100\n|-heal|p2b: Dragonite|54/100 brn|[from] ability: Hospitality|[of] p2a: Sinistcha\n|move|p2b: Dragonite|Extreme Speed|p1b: Kangaskhan\n|-damage|p1b: Kangaskhan|77/100\n|move|p1a: Garchomp|Rock Slide|p2b: Dragonite|[spread] p2a,p2b\n|-supereffective|p2b: Dragonite|1\n|-damage|p2a: Sinistcha|86/100\n|-damage|p2b: Dragonite|6/100 brn\n|\n|-damage|p2b: Dragonite|0 fnt|[from] brn\n|faint|p2b: Dragonite\n|upkeep\n|\n|t:|1776098594\n|switch|p2b: Palafin|Palafin-Hero, L50, M|100/100\n|-activate|p2b: Palafin|ability: Zero to Hero\n|turn|5\n|\n|t:|1776098614\n|switch|p1a: Talonflame|Talonflame, L50, M|34/100\n|switch|p2a: Incineroar|Incineroar, L50, M|88/100\n|-ability|p2a: Incineroar|Intimidate|boost\n|-unboost|p1a: Talonflame|atk|1\n|-unboost|p1b: Kangaskhan|atk|1\n|move|p1b: Kangaskhan|Fake Out|p2b: Palafin\n|-damage|p2b: Palafin|87/100\n|-damage|p2b: Palafin|84/100\n|-hitcount|p2b: Palafin|2\n|cant|p2b: Palafin|flinch\n|\n|-sideend|p1: Adicire|move: Tailwind\n|upkeep\n|turn|6\n|\n|t:|1776098625\n|switch|p1b: Garchomp|Garchomp, L50, M|89/100\n|move|p1a: Talonflame|Protect|p1a: Talonflame\n|-singleturn|p1a: Talonflame|Protect\n|move|p2a: Incineroar|Fake Out|p1a: Talonflame\n|-activate|p1a: Talonflame|move: Protect\n|move|p2b: Palafin|Bulk Up|p2b: Palafin\n|-boost|p2b: Palafin|atk|1\n|-boost|p2b: Palafin|def|1\n|\n|upkeep\n|turn|7\n|\n|t:|1776098645\n|switch|p2a: Sinistcha|Sinistcha, L50|86/100\n|-heal|p2b: Palafin|100/100|[from] ability: Hospitality|[of] p2a: Sinistcha\n|move|p2b: Palafin|Jet Punch|p1a: Talonflame\n|-supereffective|p1a: Talonflame|1\n|-damage|p1a: Talonflame|0 fnt\n|faint|p1a: Talonflame\n|move|p1b: Garchomp|Stomping Tantrum|p2a: Sinistcha\n|-resisted|p2a: Sinistcha|1\n|-damage|p2a: Sinistcha|71/100\n|\n|upkeep\n|l|\u2606Adicire\n|inactive|Adicire disconnected and has a minute to reconnect!\n|player|p1|\n|inactive|Adicire has 30 seconds left.\n|j|\u2606Adicire\n|inactive|Adicire reconnected and has 25 seconds left.\n|player|p1|Adicire|1|\n|\n|t:|1776098680\n|switch|p1a: Kangaskhan|Kangaskhan-Mega, L50, F|77/100\n|turn|8\n|inactive|Adicire has 30 seconds left.\n|\n|t:|1776098712\n|switch|p1b: Kingambit|Kingambit, L50, F|100/100\n|switch|p2a: Incineroar|Incineroar, L50, M|88/100\n|-ability|p2a: Incineroar|Intimidate|boost\n|-unboost|p1a: Kangaskhan|atk|1\n|-unboost|p1b: Kingambit|atk|1\n|-ability|p1b: Kingambit|Defiant|boost\n|-boost|p1b: Kingambit|atk|2\n|move|p1a: Kangaskhan|Fake Out|p2b: Palafin\n|-damage|p2b: Palafin|92/100\n|-crit|p2b: Palafin\n|-damage|p2b: Palafin|85/100\n|-hitcount|p2b: Palafin|2\n|cant|p2b: Palafin|flinch\n|\n|upkeep\n|turn|9\n|\n|t:|1776098733\n|move|p1a: Kangaskhan|Body Slam|p2b: Palafin\n|-damage|p2b: Palafin|66/100\n|-status|p2b: Palafin|par\n|-damage|p2b: Palafin|61/100 par\n|-hitcount|p2b: Palafin|2\n|move|p1b: Kingambit|Kowtow Cleave|p2b: Palafin\n|-damage|p2b: Palafin|9/100 par\n|move|p2a: Incineroar|Parting Shot|p1a: Kangaskhan\n|-unboost|p1a: Kangaskhan|atk|1\n|-unboost|p1a: Kangaskhan|spa|1\n|\n|t:|1776098736\n|switch|p2a: Sinistcha|Sinistcha, L50|71/100|[from] Parting Shot\n|-heal|p2b: Palafin|33/100 par|[from] ability: Hospitality|[of] p2a: Sinistcha\n|move|p2b: Palafin|Bulk Up|p2b: Palafin\n|-boost|p2b: Palafin|atk|1\n|-boost|p2b: Palafin|def|1\n|\n|upkeep\n|turn|10\n|\n|t:|1776098747\n|switch|p1a: Garchomp|Garchomp, L50, M|89/100\n|move|p1b: Kingambit|Kowtow Cleave|p2a: Sinistcha\n|-supereffective|p2a: Sinistcha|1\n|-damage|p2a: Sinistcha|0 fnt\n|faint|p2a: Sinistcha\n|move|p2b: Palafin|Wave Crash|p1b: Kingambit\n|-damage|p1b: Kingambit|0 fnt\n|faint|p1b: Kingambit\n|-damage|p2b: Palafin|5/100 par|[from] Recoil\n|\n|upkeep\n|\n|t:|1776098752\n|switch|p1b: Kangaskhan|Kangaskhan-Mega, L50, F|77/100\n|switch|p2a: Incineroar|Incineroar, L50, M|88/100\n|-ability|p2a: Incineroar|Intimidate|boost\n|-unboost|p1a: Garchomp|atk|1\n|-unboost|p1b: Kangaskhan|atk|1\n|turn|11\n|\n|t:|1776098771\n|move|p2b: Palafin|Protect|p2b: Palafin\n|-singleturn|p2b: Palafin|Protect\n|move|p1b: Kangaskhan|Fake Out|p2a: Incineroar\n|-damage|p2a: Incineroar|75/100\n|-damage|p2a: Incineroar|71/100\n|-hitcount|p2a: Incineroar|2\n|move|p1a: Garchomp|Stomping Tantrum|p2b: Palafin\n|-activate|p2b: Palafin|move: Protect\n|cant|p2a: Incineroar|flinch\n|\n|upkeep\n|turn|12\n|l|\u2606Adicire\n|inactive|Adicire disconnected and has a minute to reconnect!\n|player|p1|\n|j|\u2606Adicire\n|inactive|Adicire reconnected and has 40 seconds left.\n|player|p1|Adicire|1|\n|\n|t:|1776098794\n|move|p2b: Palafin|Jet Punch|p1b: Kangaskhan\n|-damage|p1b: Kangaskhan|0 fnt\n|faint|p1b: Kangaskhan\n|move|p1a: Garchomp|Rock Slide|p2a: Incineroar|[spread] p2a,p2b\n|-supereffective|p2a: Incineroar|1\n|-damage|p2a: Incineroar|49/100\n|-damage|p2b: Palafin|0 fnt\n|-enditem|p2a: Incineroar|Sitrus Berry|[eat]\n|-heal|p2a: Incineroar|73/100|[from] item: Sitrus Berry\n|faint|p2b: Palafin\n|move|p2a: Incineroar|Throat Chop|p1a: Garchomp\n|-damage|p1a: Garchomp|58/100\n|-start|p1a: Garchomp|Throat Chop|[silent]\n|-damage|p2a: Incineroar|61/100|[from] ability: Rough Skin|[of] p1a: Garchomp\n|\n|upkeep\n|turn|13\n|\n|t:|1776098811\n|move|p1a: Garchomp|Stomping Tantrum|p2a: Incineroar\n|-supereffective|p2a: Incineroar|1\n|-damage|p2a: Incineroar|18/100\n|move|p2a: Incineroar|Parting Shot|p1a: Garchomp\n|-unboost|p1a: Garchomp|atk|1\n|-unboost|p1a: Garchomp|spa|1\n|\n|-end|p1a: Garchomp|Throat Chop|[silent]\n|upkeep\n|turn|14\n|\n|t:|1776098818\n|move|p1a: Garchomp|Stomping Tantrum|p2a: Incineroar\n|-supereffective|p2a: Incineroar|1\n|-damage|p2a: Incineroar|0 fnt\n|faint|p2a: Incineroar\n|\n|win|Adicire\n|raw|Adicire's rating: 1266 &rarr; <strong>1297</strong><br />(+31 for winning)\n|raw|GeorgeBushGaming's rating: 1357 &rarr; <strong>1332</strong><br />(-25 for losing)\n|l|\u2606GeorgeBushGaming\n|player|p2|\n",
  "uploadtime": 1776098828,
  "views": 36,
  "formatid": "gen9championsvgc2026regma",
  "rating": 1297,
  "private": 0,
  "password": null
}