{
  "id": "gen9championsvgc2026regma-2587113606",
  "format": "[Gen 9 Champions] VGC 2026 Reg M-A",
  "players": [
    "brojonski",
    "pokeacaso"
  ],
  "log": "|j|\u2606brojonski\n|j|\u2606pokeacaso\n|t:|1776495296\n|gametype|doubles\n|player|p1|brojonski|brock|1101\n|player|p2|pokeacaso|101|1090\n|gen|9\n|tier|[Gen 9 Champions] VGC 2026 Reg M-A\n|rated|\n|rule|Species Clause: Limit one of each Pok\u00e9mon\n|rule|Item Clause: Limit 1 of each item\n|clearpoke\n|poke|p1|Goodra-Hisui, L50, M|\n|poke|p1|Sableye, L50, F|\n|poke|p1|Basculegion, L50, M|\n|poke|p1|Delphox, L50, M|\n|poke|p1|Pelipper, L50, F|\n|poke|p1|Sneasler, L50, F|\n|poke|p2|Serperior, L50, M|\n|poke|p2|Jolteon, L50, M|\n|poke|p2|Oranguru, L50, M|\n|poke|p2|Incineroar, L50, F|\n|poke|p2|Talonflame, L50, F|\n|poke|p2|Gardevoir, L50, F|\n|teampreview|4\n|inactive|Battle timer is ON: inactive players will automatically lose when time's up. (requested by brojonski)\n|inactive|brojonski has 60 seconds left.\n|inactive|brojonski has 30 seconds left.\n|inactive|brojonski has 20 seconds left.\n|\n|t:|1776495369\n|teamsize|p1|4\n|teamsize|p2|4\n|start\n|switch|p1a: Goodra|Goodra-Hisui, L50, M|100/100\n|switch|p1b: Sableye|Sableye, L50, F|100/100\n|switch|p2a: Serperior|Serperior, L50, M|100/100\n|switch|p2b: Oranguru|Oranguru, L50, M|100/100\n|turn|1\n|inactive|pokeacaso has 30 seconds left.\n|\n|t:|1776495402\n|move|p2a: Serperior|Protect|p2a: Serperior\n|-singleturn|p2a: Serperior|Protect\n|move|p1b: Sableye|Fake Out|p2a: Serperior\n|-activate|p2a: Serperior|move: Protect\n|move|p2b: Oranguru|Encore|p1b: Sableye\n|-start|p1b: Sableye|Encore\n|move|p1a: Goodra|Shelter|p1a: Goodra\n|-boost|p1a: Goodra|def|2\n|\n|upkeep\n|turn|2\n|inactive|pokeacaso has 30 seconds left.\n|inactive|pokeacaso has 20 seconds left.\n|\n|t:|1776495440\n|switch|p1b: Delphox|Delphox, L50, M|100/100\n|move|p2a: Serperior|Leaf Storm|p1a: Goodra\n|-resisted|p1a: Goodra|2\n|-damage|p1a: Goodra|95/100\n|-boost|p2a: Serperior|spa|2\n|move|p2b: Oranguru|Instruct|p2a: Serperior\n|-singleturn|p2a: Serperior|move: Instruct|[of] p2b: Oranguru\n|move|p2a: Serperior|Leaf Storm|p1a: Goodra\n|-resisted|p1a: Goodra|2\n|-damage|p1a: Goodra|82/100\n|-boost|p2a: Serperior|spa|2\n|move|p1a: Goodra|Shelter|p1a: Goodra\n|-boost|p1a: Goodra|def|2\n|\n|-heal|p1a: Goodra|88/100|[from] item: Leftovers\n|upkeep\n|turn|3\n|inactive|brojonski has 30 seconds left.\n|inactive|pokeacaso has 30 seconds left.\n|inactive|pokeacaso has 20 seconds left.\n|inactive|brojonski has 20 seconds left.\n|\n|t:|1776495481\n|detailschange|p1b: Delphox|Delphox-Mega, L50, M\n|-mega|p1b: Delphox|Delphox|Delphoxite\n|move|p2a: Serperior|Protect|p2a: Serperior\n|-singleturn|p2a: Serperior|Protect\n|move|p1b: Delphox|Heat Wave|p2a: Serperior|[spread] p2b\n|-activate|p2a: Serperior|move: Protect\n|-damage|p2b: Oranguru|66/100\n|move|p2b: Oranguru|Encore|p1a: Goodra\n|-start|p1a: Goodra|Encore\n|move|p1a: Goodra|Shelter|p1a: Goodra\n|-boost|p1a: Goodra|def|2\n|\n|-heal|p2b: Oranguru|72/100|[from] item: Leftovers\n|-heal|p1a: Goodra|94/100|[from] item: Leftovers\n|upkeep\n|turn|4\n|inactive|pokeacaso has 30 seconds left.\n|inactive|pokeacaso has 20 seconds left.\n|\n|t:|1776495517\n|move|p1b: Delphox|Heat Wave|p2b: Oranguru|[spread] p2a,p2b\n|-supereffective|p2a: Serperior|1\n|-damage|p2a: Serperior|3/100\n|-damage|p2b: Oranguru|41/100\n|-enditem|p2a: Serperior|Sitrus Berry|[eat]\n|-heal|p2a: Serperior|28/100|[from] item: Sitrus Berry\n|move|p2a: Serperior|Dragon Pulse|p1a: Goodra\n|-damage|p1a: Goodra|65/100\n|move|p2b: Oranguru|Instruct|p2a: Serperior\n|-singleturn|p2a: Serperior|move: Instruct|[of] p2b: Oranguru\n|move|p2a: Serperior|Dragon Pulse|p1a: Goodra\n|-damage|p1a: Goodra|35/100\n|move|p1a: Goodra|Shelter|p1a: Goodra\n|-boost|p1a: Goodra|def|0\n|\n|-heal|p2b: Oranguru|47/100|[from] item: Leftovers\n|-heal|p1a: Goodra|41/100|[from] item: Leftovers\n|upkeep\n|turn|5\n|inactive|pokeacaso has 30 seconds left.\n|\n|t:|1776495548\n|switch|p2b: Incineroar|Incineroar, L50, F|100/100\n|-ability|p2b: Incineroar|Intimidate|boost\n|-unboost|p1a: Goodra|atk|1\n|-unboost|p1b: Delphox|atk|1\n|move|p2a: Serperior|Protect|p2a: Serperior\n|-singleturn|p2a: Serperior|Protect\n|move|p1b: Delphox|Heat Wave|p2a: Serperior|[spread] p2b\n|-activate|p2a: Serperior|move: Protect\n|-resisted|p2b: Incineroar|1\n|-damage|p2b: Incineroar|81/100\n|move|p1a: Goodra|Shelter|p1a: Goodra\n|-boost|p1a: Goodra|def|0\n|\n|-heal|p1a: Goodra|46/100|[from] item: Leftovers\n|-end|p1a: Goodra|Encore\n|upkeep\n|turn|6\n|inactive|pokeacaso has 30 seconds left.\n|\n|t:|1776495575\n|switch|p2a: Gardevoir|Gardevoir, L50, F|100/100\n|-ability|p2a: Gardevoir|Levitate|Trace|[from] ability: Trace|[of] p1b: Delphox\n|move|p2b: Incineroar|Fake Out|p1b: Delphox\n|-damage|p1b: Delphox|83/100\n|cant|p1b: Delphox|flinch\n|move|p1a: Goodra|Body Press|p2a: Gardevoir\n|-resisted|p2a: Gardevoir|2\n|-damage|p2a: Gardevoir|71/100\n|\n|-heal|p1a: Goodra|52/100|[from] item: Leftovers\n|upkeep\n|turn|7\n|inactive|brojonski has 30 seconds left.\n|inactive|pokeacaso has 30 seconds left.\n|\n|t:|1776495604\n|detailschange|p2a: Gardevoir|Gardevoir-Mega, L50, F\n|-mega|p2a: Gardevoir|Gardevoir|Gardevoirite\n|move|p1b: Delphox|Encore|p2b: Incineroar\n|-start|p2b: Incineroar|Encore\n|move|p2b: Incineroar|Fake Out||[still]\n|-hint|Fake Out only works on your first turn out.\n|-fail|p2b: Incineroar\n|move|p2a: Gardevoir|Hyper Voice|p1b: Delphox|[spread] p1a,p1b\n|-resisted|p1b: Delphox|1\n|-damage|p1a: Goodra|23/100\n|-damage|p1b: Delphox|64/100\n|move|p1a: Goodra|Heavy Slam|p2a: Gardevoir\n|-supereffective|p2a: Gardevoir|1\n|-damage|p2a: Gardevoir|1/100\n|\n|-heal|p1a: Goodra|29/100|[from] item: Leftovers\n|upkeep\n|turn|8\n|\n|t:|1776495629\n|move|p1b: Delphox|Heat Wave|p2a: Gardevoir|[spread] p2a,p2b\n|-resisted|p2b: Incineroar|1\n|-damage|p2a: Gardevoir|0 fnt\n|-damage|p2b: Incineroar|64/100\n|faint|p2a: Gardevoir\n|-activate|p2b: Incineroar|move: Struggle\n|move|p2b: Incineroar|Struggle|p1b: Delphox\n|-damage|p1b: Delphox|41/100\n|-damage|p2b: Incineroar|39/100|[from] recoil\n|move|p1a: Goodra|Body Press|p2b: Incineroar\n|-supereffective|p2b: Incineroar|1\n|-enditem|p2b: Incineroar|Chople Berry|[eat]\n|-enditem|p2b: Incineroar|Chople Berry|[weaken]\n|-damage|p2b: Incineroar|0 fnt\n|faint|p2b: Incineroar\n|\n|-heal|p1a: Goodra|35/100|[from] item: Leftovers\n|upkeep\n|\n|t:|1776495643\n|switch|p2a: Serperior|Serperior, L50, M|28/100\n|switch|p2b: Oranguru|Oranguru, L50, M|47/100\n|turn|9\n|\n|t:|1776495659\n|move|p1b: Delphox|Psychic|p2a: Serperior\n|-damage|p2a: Serperior|0 fnt\n|faint|p2a: Serperior\n|move|p2b: Oranguru|Instruct|p2: Serperior|[notarget]\n|-fail|p2b: Oranguru\n|move|p1a: Goodra|Body Press|p2b: Oranguru\n|-damage|p2b: Oranguru|0 fnt\n|faint|p2b: Oranguru\n|\n|win|brojonski\n|raw|brojonski's rating: 1101 &rarr; <strong>1125</strong><br />(+24 for winning)\n|raw|pokeacaso's rating: 1090 &rarr; <strong>1067</strong><br />(-23 for losing)\n",
  "uploadtime": 1776495667,
  "views": 14,
  "formatid": "gen9championsvgc2026regma",
  "rating": 1067,
  "private": 0,
  "password": null
}