{
  "id": "gen9championsvgc2026regma-2586973724",
  "format": "[Gen 9 Champions] VGC 2026 Reg M-A",
  "players": [
    "Dra. Healer",
    "Defiled NYSP"
  ],
  "log": "|j|\u2606Dra. Healer\n|j|\u2606Defiled NYSP\n|t:|1776477185\n|gametype|doubles\n|player|p1|Dra. Healer|brycen|1068\n|player|p2|Defiled NYSP|giovanni|1133\n|gen|9\n|tier|[Gen 9 Champions] VGC 2026 Reg M-A\n|rated|\n|rule|Species Clause: Limit one of each Pok\u00e9mon\n|rule|Item Clause: Limit 1 of each item\n|clearpoke\n|poke|p1|Gallade, L50, M|\n|poke|p1|Banette, L50, M|\n|poke|p1|Alcremie, L50, F|\n|poke|p1|Maushold, L50|\n|poke|p1|Vanilluxe, L50, F|\n|poke|p1|Beartic, L50, F|\n|poke|p2|Sneasler, L50, F|\n|poke|p2|Skarmory, L50, M|\n|poke|p2|Sinistcha, L50|\n|poke|p2|Tyranitar, L50, F|\n|poke|p2|Garchomp, L50, M|\n|poke|p2|Talonflame, L50, F|\n|teampreview|4\n|\n|t:|1776477201\n|teamsize|p1|4\n|teamsize|p2|4\n|start\n|switch|p1a: Banette|Banette, L50, M|100/100\n|switch|p1b: Maushold|Maushold, L50|100/100\n|switch|p2a: Talonflame|Talonflame, L50, F|100/100\n|switch|p2b: Tyranitar|Tyranitar, L50, F|100/100\n|-weather|Sandstorm|[from] ability: Sand Stream|[of] p2b: Tyranitar\n|-item|p2a: Talonflame|Sharp Beak|[from] ability: Frisk|[of] p1a: Banette\n|-item|p2b: Tyranitar|Tyranitarite|[from] ability: Frisk|[of] p1a: Banette\n|turn|1\n|\n|t:|1776477231\n|detailschange|p1a: Banette|Banette-Mega, L50, M\n|-mega|p1a: Banette|Banette|Banettite\n|move|p2a: Talonflame|Tailwind|p2a: Talonflame\n|-sidestart|p2: Defiled NYSP|move: Tailwind\n|move|p2b: Tyranitar|Rock Slide|p1b: Maushold|[spread] p1a\n|-miss|p2b: Tyranitar|p1b: Maushold\n|-damage|p1a: Banette|67/100\n|move|p1b: Maushold|Super Fang|p2b: Tyranitar\n|-damage|p2b: Tyranitar|51/100\n|move|p1a: Banette|Trick Room|p1a: Banette\n|-fieldstart|move: Trick Room|[of] p1a: Banette\n|\n|-weather|Sandstorm|[upkeep]\n|-damage|p1a: Banette|61/100|[from] Sandstorm\n|-damage|p1b: Maushold|94/100|[from] Sandstorm\n|-damage|p2a: Talonflame|95/100|[from] Sandstorm\n|upkeep\n|turn|2\n|\n|t:|1776477257\n|move|p1a: Banette|Poltergeist|p2a: Talonflame\n|-activate|p2a: Talonflame|move: Poltergeist|Sharp Beak\n|-damage|p2a: Talonflame|0 fnt\n|faint|p2a: Talonflame\n|move|p1b: Maushold|Super Fang|p2b: Tyranitar\n|-damage|p2b: Tyranitar|26/100\n|move|p2b: Tyranitar|Assurance|p1a: Banette\n|-supereffective|p1a: Banette|1\n|-damage|p1a: Banette|0 fnt\n|faint|p1a: Banette\n|\n|-weather|Sandstorm|[upkeep]\n|-damage|p1b: Maushold|88/100|[from] Sandstorm\n|upkeep\n|\n|t:|1776477273\n|switch|p1a: Alcremie|Alcremie, L50, F|100/100\n|switch|p2a: Skarmory|Skarmory, L50, M|100/100\n|turn|3\n|\n|t:|1776477288\n|detailschange|p2a: Skarmory|Skarmory-Mega, L50, M\n|-mega|p2a: Skarmory|Skarmory|Skarmorite\n|move|p1b: Maushold|Follow Me|p1b: Maushold\n|-singleturn|p1b: Maushold|move: Follow Me\n|move|p1a: Alcremie|Dazzling Gleam|p2a: Skarmory|[spread] p2a,p2b\n|-resisted|p2a: Skarmory|1\n|-supereffective|p2b: Tyranitar|1\n|-damage|p2a: Skarmory|82/100\n|-damage|p2b: Tyranitar|0 fnt\n|faint|p2b: Tyranitar\n|move|p2a: Skarmory|Iron Head|p1a: Alcremie\n|-supereffective|p1a: Alcremie|1\n|-damage|p1a: Alcremie|13/100\n|-enditem|p1a: Alcremie|Sitrus Berry|[eat]\n|-heal|p1a: Alcremie|38/100|[from] item: Sitrus Berry\n|\n|-weather|Sandstorm|[upkeep]\n|-damage|p1a: Alcremie|32/100|[from] Sandstorm\n|-damage|p1b: Maushold|82/100|[from] Sandstorm\n|upkeep\n|\n|t:|1776477304\n|switch|p2b: Sneasler|Sneasler, L50, F|100/100\n|turn|4\n|\n|t:|1776477320\n|move|p2b: Sneasler|Fake Out|p1a: Alcremie\n|-damage|p1a: Alcremie|18/100\n|cant|p1a: Alcremie|flinch\n|move|p1b: Maushold|Super Fang|p2a: Skarmory\n|-damage|p2a: Skarmory|42/100\n|move|p2a: Skarmory|Brave Bird|p1b: Maushold\n|-damage|p1b: Maushold|0 fnt\n|faint|p1b: Maushold\n|-damage|p2a: Skarmory|9/100|[from] Recoil\n|\n|-weather|Sandstorm|[upkeep]\n|-damage|p1a: Alcremie|12/100|[from] Sandstorm\n|-damage|p2b: Sneasler|95/100|[from] Sandstorm\n|-sideend|p2: Defiled NYSP|move: Tailwind\n|upkeep\n|\n|t:|1776477334\n|switch|p1b: Vanilluxe|Vanilluxe, L50, F|100/100\n|-weather|Snowscape|[from] ability: Snow Warning|[of] p1b: Vanilluxe\n|turn|5\n|\n|t:|1776477353\n|move|p2a: Skarmory|Protect|p2a: Skarmory\n|-singleturn|p2a: Skarmory|Protect\n|move|p1a: Alcremie|Decorate|p1b: Vanilluxe\n|-boost|p1b: Vanilluxe|atk|2\n|-boost|p1b: Vanilluxe|spa|2\n|move|p1b: Vanilluxe|Blizzard|p2a: Skarmory|[spread] p2b\n|-activate|p2a: Skarmory|move: Protect\n|-damage|p2b: Sneasler|0 fnt\n|faint|p2b: Sneasler\n|\n|-weather|Snowscape|[upkeep]\n|-fieldend|move: Trick Room\n|upkeep\n|turn|6\n|\n|t:|1776477368\n|move|p2a: Skarmory|Iron Head|p1b: Vanilluxe\n|-supereffective|p1b: Vanilluxe|1\n|-damage|p1b: Vanilluxe|33/100\n|move|p1b: Vanilluxe|Blizzard|p2a: Skarmory\n|-damage|p2a: Skarmory|0 fnt\n|faint|p2a: Skarmory\n|\n|win|Dra. Healer\n|raw|Dra. Healer's rating: 1068 &rarr; <strong>1103</strong><br />(+35 for winning)\n|raw|Defiled NYSP's rating: 1133 &rarr; <strong>1103</strong><br />(-30 for losing)\n|l|\u2606Defiled NYSP\n|player|p2|\n",
  "uploadtime": 1776477378,
  "views": 18,
  "formatid": "gen9championsvgc2026regma",
  "rating": 1103,
  "private": 0,
  "password": null
}