{
  "id": "gen9championsvgc2026regma-2582826131",
  "format": "[Gen 9 Champions] VGC 2026 Reg M-A",
  "players": [
    "Boxxy2",
    "EDJPP"
  ],
  "log": "|j|\u2606Boxxy2\n|j|\u2606EDJPP\n|t:|1776117044\n|gametype|doubles\n|player|p1|Boxxy2|101|\n|player|p2|EDJPP|volkner|\n|gen|9\n|tier|[Gen 9 Champions] VGC 2026 Reg M-A\n|rated|Tournament battle\n|rule|Species Clause: Limit one of each Pok\u00e9mon\n|rule|Item Clause: Limit 1 of each item\n|raw|<div class=\"infobox\"><details class=\"readmore\" open><summary><strong>1 custom rule:</strong></summary> Force Open Team Sheets</details></div>\n|clearpoke\n|poke|p1|Floette-Eternal, L50, F|\n|poke|p1|Garchomp, L50, M|\n|poke|p1|Charizard, L50, F|\n|poke|p1|Maushold-Four, L50|\n|poke|p1|Aegislash, L50, M|\n|poke|p1|Whimsicott, L50, M|\n|poke|p2|Garchomp, L50, M|\n|poke|p2|Tyranitar, L50, F|\n|poke|p2|Medicham, L50, M|\n|poke|p2|Volcarona, L50, M|\n|poke|p2|Araquanid, L50, F|\n|poke|p2|Farigiraf, L50, M|\n|teampreview|4\n|showteam|p1|Floette-Eternal||Floettite|FlowerVeil|Moonblast,DazzlingGleam,Protect,CalmMind|||F|||50|]Garchomp||SoftSand|RoughSkin|Earthquake,Bulldoze,Protect,DragonClaw|||M|||50|]Charizard||CharizarditeY|Blaze|HeatWave,WeatherBall,SolarBeam,Protect|||F|||50|]Maushold-Four||ChopleBerry|FriendGuard|FollowMe,Protect,Taunt,SuperFang||||||50|]Aegislash||SpellTag|StanceChange|Poltergeist,ShadowSneak,IronHead,KingsShield|||M|||50|]Whimsicott||FocusSash|Prankster|Encore,Moonblast,Tailwind,Protect|||M|||50|\n|showteam|p2|Garchomp||Garchompite|SandVeil|SwordsDance,ScaleShot,Earthquake,Protect|||M|||50|]Tyranitar||Tyranitarite|SandStream|RockSlide,Crunch,IronHead,Protect|||F|||50|]Medicham||Medichamite|PurePower|FakeOut,BulletPunch,ZenHeadbutt,CloseCombat|||M|||50|]Volcarona||SitrusBerry|FlameBody|RagePowder,StruggleBug,Tailwind,FieryDance|||M|||50|]Araquanid||MysticWater|WaterBubble|Liquidation,LeechLife,WideGuard,Trailblaze|||F|||50|]Farigiraf||FocusSash|ArmorTail|HyperVoice,Psychic,DazzlingGleam,TrickRoom|||M|||50|\n|inactive|Battle timer is ON: inactive players will automatically lose when time's up. (requested by Boxxy2)\n|inactive|EDJPP also wants the timer to be on.\n|c|\u2606EDJPP|glhf\n|c|\u2606Boxxy2|glhf\n|inactive|Boxxy2 has 60 seconds left.\n|inactive|EDJPP has 60 seconds left.\n|\n|t:|1776117095\n|teamsize|p1|4\n|teamsize|p2|4\n|start\n|switch|p1a: Whimsicott|Whimsicott, L50, M|100/100\n|switch|p1b: Floette|Floette-Eternal, L50, F|100/100\n|switch|p2a: Medicham|Medicham, L50, M|100/100\n|switch|p2b: Volcarona|Volcarona, L50, M|100/100\n|turn|1\n|\n|t:|1776117108\n|move|p1a: Whimsicott|Protect|p1a: Whimsicott\n|-singleturn|p1a: Whimsicott|Protect\n|move|p1b: Floette|Protect|p1b: Floette\n|-singleturn|p1b: Floette|Protect\n|move|p2a: Medicham|Fake Out|p1a: Whimsicott\n|-activate|p1a: Whimsicott|move: Protect\n|move|p2b: Volcarona|Fiery Dance|p1a: Whimsicott\n|-activate|p1a: Whimsicott|move: Protect\n|\n|upkeep\n|turn|2\n|inactive|EDJPP has 30 seconds left.\n|inactive|EDJPP has 20 seconds left.\n|inactive|EDJPP has 15 seconds left.\n|inactive|EDJPP has 10 seconds left.\n|inactive|EDJPP has 5 seconds left.\n|\n|t:|1776117163\n|switch|p2a: Farigiraf|Farigiraf, L50, M|100/100\n|detailschange|p1b: Floette|Floette-Mega, L50, F\n|-mega|p1b: Floette|Floette|Floettite\n|-ability|p1b: Floette|Fairy Aura\n|move|p1a: Whimsicott|Tailwind|p1a: Whimsicott\n|-sidestart|p1: Boxxy2|move: Tailwind\n|move|p1b: Floette|Dazzling Gleam|p2b: Volcarona|[spread] p2a,p2b\n|-resisted|p2b: Volcarona|1\n|-damage|p2a: Farigiraf|46/100\n|-damage|p2b: Volcarona|79/100\n|move|p2b: Volcarona|Tailwind|p2b: Volcarona\n|-sidestart|p2: EDJPP|move: Tailwind\n|\n|upkeep\n|turn|3\n|\n|t:|1776117187\n|move|p1a: Whimsicott|Moonblast|p2b: Volcarona\n|-resisted|p2b: Volcarona|1\n|-damage|p2b: Volcarona|60/100\n|move|p1b: Floette|Dazzling Gleam|p2a: Farigiraf|[spread] p2a,p2b\n|-resisted|p2b: Volcarona|1\n|-damage|p2a: Farigiraf|0 fnt\n|-damage|p2b: Volcarona|40/100\n|-enditem|p2b: Volcarona|Sitrus Berry|[eat]\n|-heal|p2b: Volcarona|65/100|[from] item: Sitrus Berry\n|faint|p2a: Farigiraf\n|move|p2b: Volcarona|Struggle Bug|p1b: Floette|[spread] p1a,p1b\n|-resisted|p1b: Floette|1\n|-damage|p1a: Whimsicott|74/100\n|-damage|p1b: Floette|94/100\n|-unboost|p1a: Whimsicott|spa|1\n|-unboost|p1b: Floette|spa|1\n|\n|upkeep\n|\n|t:|1776117199\n|switch|p2a: Medicham|Medicham, L50, M|100/100\n|turn|4\n|inactive|EDJPP has 30 seconds left.\n|inactive|EDJPP has 20 seconds left.\n|inactive|EDJPP has 15 seconds left.\n|inactive|EDJPP has 10 seconds left.\n|j| Sun and Moon Rock\n|inactive|EDJPP has 5 seconds left.\n|\n|t:|1776117254\n|move|p1a: Whimsicott|Protect|p1a: Whimsicott\n|-singleturn|p1a: Whimsicott|Protect\n|move|p1b: Floette|Protect|p1b: Floette\n|-singleturn|p1b: Floette|Protect\n|move|p2a: Medicham|Fake Out|p1b: Floette\n|-activate|p1b: Floette|move: Protect\n|move|p2b: Volcarona|Rage Powder|p2b: Volcarona\n|-singleturn|p2b: Volcarona|move: Rage Powder\n|\n|upkeep\n|turn|5\n|l| Sun and Moon Rock\n|\n|t:|1776117273\n|switch|p1a: Maushold|Maushold-Four, L50|100/100\n|switch|p1b: Garchomp|Garchomp, L50, M|100/100\n|detailschange|p2a: Medicham|Medicham-Mega, L50, M\n|-mega|p2a: Medicham|Medicham|Medichamite\n|move|p2b: Volcarona|Struggle Bug|p1a: Maushold|[spread] p1a,p1b\n|-damage|p1a: Maushold|80/100\n|-damage|p1b: Garchomp|86/100\n|-unboost|p1a: Maushold|spa|1\n|-unboost|p1b: Garchomp|spa|1\n|move|p2a: Medicham|Zen Headbutt|p1b: Garchomp\n|-damage|p1b: Garchomp|23/100\n|-damage|p2a: Medicham|89/100|[from] ability: Rough Skin|[of] p1b: Garchomp\n|\n|-sideend|p1: Boxxy2|move: Tailwind\n|-sideend|p2: EDJPP|move: Tailwind\n|upkeep\n|turn|6\n|inactive|EDJPP has 30 seconds left.\n|inactive|EDJPP has 20 seconds left.\n|inactive|EDJPP has 15 seconds left.\n|inactive|EDJPP has 10 seconds left.\n|\n|t:|1776117320\n|switch|p2b: Araquanid|Araquanid, L50, F, shiny|100/100\n|move|p1a: Maushold|Follow Me|p1a: Maushold\n|-singleturn|p1a: Maushold|move: Follow Me\n|move|p1b: Garchomp|Earthquake|p2a: Medicham|[spread] p1a,p2a,p2b\n|-resisted|p2b: Araquanid|1\n|-damage|p1a: Maushold|19/100\n|-damage|p2a: Medicham|29/100\n|-damage|p2b: Araquanid|75/100\n|move|p2a: Medicham|Zen Headbutt|p1a: Maushold\n|-damage|p1a: Maushold|0 fnt\n|faint|p1a: Maushold\n|\n|upkeep\n|\n|t:|1776117336\n|switch|p1a: Whimsicott|Whimsicott, L50, M|74/100\n|turn|7\n|j| Sun and Moon Rock\n|inactive|EDJPP has 30 seconds left.\n|inactive|EDJPP has 20 seconds left.\n|\n|t:|1776117371\n|move|p2a: Medicham|Bullet Punch|p1a: Whimsicott\n|-supereffective|p1a: Whimsicott|1\n|-damage|p1a: Whimsicott|0 fnt\n|faint|p1a: Whimsicott\n|move|p1b: Garchomp|Dragon Claw|p2b: Araquanid\n|-damage|p2b: Araquanid|25/100\n|move|p2b: Araquanid|Trailblaze|p1b: Garchomp\n|-damage|p1b: Garchomp|10/100\n|-boost|p2b: Araquanid|spe|1\n|-damage|p2b: Araquanid|13/100|[from] ability: Rough Skin|[of] p1b: Garchomp\n|\n|upkeep\n|\n|t:|1776117383\n|switch|p1a: Floette|Floette-Mega, L50, F|94/100\n|-ability|p1a: Floette|Fairy Aura\n|turn|8\n|inactive|EDJPP has 30 seconds left.\n|inactive|EDJPP has 20 seconds left.\n|\n|t:|1776117420\n|move|p1a: Floette|Protect|p1a: Floette\n|-singleturn|p1a: Floette|Protect\n|move|p2b: Araquanid|Wide Guard|p2b: Araquanid\n|-singleturn|p2b: Araquanid|Wide Guard\n|move|p2a: Medicham|Bullet Punch|p1a: Floette\n|-activate|p1a: Floette|move: Protect\n|move|p1b: Garchomp|Earthquake|p2b: Araquanid|[spread] \n|-activate|p2a: Medicham|move: Wide Guard\n|-activate|p2b: Araquanid|move: Wide Guard\n|-activate|p1a: Floette|move: Protect\n|\n|upkeep\n|turn|9\n|inactive|EDJPP has 30 seconds left.\n|\n|t:|1776117446\n|move|p2a: Medicham|Bullet Punch|p1a: Floette\n|-supereffective|p1a: Floette|1\n|-damage|p1a: Floette|34/100\n|move|p1b: Garchomp|Dragon Claw|p2a: Medicham\n|-crit|p2a: Medicham\n|-damage|p2a: Medicham|0 fnt\n|faint|p2a: Medicham\n|move|p1a: Floette|Moonblast|p2b: Araquanid\n|-crit|p2b: Araquanid\n|-damage|p2b: Araquanid|0 fnt\n|faint|p2b: Araquanid\n|\n|upkeep\n|\n|t:|1776117452\n|switch|p2b: Volcarona|Volcarona, L50, M|65/100\n|turn|10\n|inactive|Boxxy2 has 30 seconds left.\n|inactive|EDJPP has 30 seconds left.\n|c|\u2606EDJPP|GG\n|\n|t:|1776117486\n|move|p1b: Garchomp|Dragon Claw|p2b: Volcarona\n|-damage|p2b: Volcarona|24/100\n|move|p1a: Floette|Moonblast|p2b: Volcarona\n|-resisted|p2b: Volcarona|1\n|-damage|p2b: Volcarona|0 fnt\n|faint|p2b: Volcarona\n|\n|win|Boxxy2\n|n|\u2606Boxxy2|boxxy2\n|n|\u2606EDJPP|edjpp\n|n| Sun and Moon Rock|sunandmoonrock\n|l| Sun and Moon Rock\n",
  "uploadtime": 1776117493,
  "views": 12,
  "formatid": "gen9championsvgc2026regma",
  "rating": null,
  "private": 0,
  "password": null
}