{
  "id": "gen9championsvgc2026regma-2583800874",
  "format": "[Gen 9 Champions] VGC 2026 Reg M-A",
  "players": [
    "REEYYS",
    "SleepingPanda700"
  ],
  "log": "|j|\u2606REEYYS\n|j|\u203dSleepingPanda700\n|t:|1776198664\n|gametype|doubles\n|player|p1|REEYYS|juggler|1055\n|player|p2|SleepingPanda700|lucas|1057\n|gen|9\n|tier|[Gen 9 Champions] VGC 2026 Reg M-A\n|rated|\n|rule|Species Clause: Limit one of each Pok\u00e9mon\n|rule|Item Clause: Limit 1 of each item\n|clearpoke\n|poke|p1|Tyranitar, L50, M|\n|poke|p1|Armarouge, L50, F|\n|poke|p1|Oranguru, L50, M|\n|poke|p1|Incineroar, L50, F|\n|poke|p1|Drampa, L50, M|\n|poke|p1|Sylveon, L50, F|\n|poke|p2|Gengar, L50, F|\n|poke|p2|Corviknight, L50, F|\n|poke|p2|Hippowdon, L50, M|\n|poke|p2|Floette-Eternal, L50, F|\n|poke|p2|Incineroar, L50, F|\n|poke|p2|Greninja-*, L50, M|\n|teampreview|4\n|inactive|Battle timer is ON: inactive players will automatically lose when time's up. (requested by REEYYS)\nSleepingPanda700 has agreed to open team sheets.\n|inactive|REEYYS has 60 seconds left.\n|\n|t:|1776198704\n|teamsize|p1|4\n|teamsize|p2|4\n|start\n|switch|p1a: Incineroar|Incineroar, L50, F|100/100\n|switch|p1b: Armarouge|Armarouge, L50, F|100/100\n|switch|p2a: Gengar|Gengar, L50, F|100/100\n|switch|p2b: Incineroar|Incineroar, L50, F|100/100\n|-ability|p2b: Incineroar|Intimidate|boost\n|-unboost|p1a: Incineroar|atk|1\n|-unboost|p1b: Armarouge|atk|1\n|-ability|p1a: Incineroar|Intimidate|boost\n|-unboost|p2a: Gengar|atk|1\n|-unboost|p2b: Incineroar|atk|1\n|turn|1\n|inactive|SleepingPanda700 has 30 seconds left.\n|\n|t:|1776198734\n|move|p2b: Incineroar|Fake Out|p1b: Armarouge\n|-damage|p1b: Armarouge|91/100\n|-ability|p1b: Armarouge|Weak Armor|boost\n|-unboost|p1b: Armarouge|def|1\n|-boost|p1b: Armarouge|spe|2\n|move|p1a: Incineroar|Fake Out|p2b: Incineroar\n|-damage|p2b: Incineroar|92/100\n|cant|p1b: Armarouge|flinch\n|move|p2a: Gengar|Hex|p1b: Armarouge\n|-supereffective|p1b: Armarouge|1\n|-damage|p1b: Armarouge|31/100\n|\n|-heal|p2b: Incineroar|98/100|[from] item: Leftovers\n|upkeep\n|turn|2\n|inactive|SleepingPanda700 has 30 seconds left.\n|inactive|SleepingPanda700 has 20 seconds left.\n|inactive|SleepingPanda700 has 15 seconds left.\n|inactive|SleepingPanda700 has 10 seconds left.\n|inactive|SleepingPanda700 has 5 seconds left.\n|\n|t:|1776198788\n|move|p2b: Incineroar|Protect|p2b: Incineroar\n|-singleturn|p2b: Incineroar|Protect\n|move|p1b: Armarouge|Taunt|p2b: Incineroar\n|-activate|p2b: Incineroar|move: Protect\n|move|p2a: Gengar|Hex|p1b: Armarouge\n|-supereffective|p1b: Armarouge|1\n|-damage|p1b: Armarouge|0 fnt\n|faint|p1b: Armarouge\n|move|p1a: Incineroar|Parting Shot|p2a: Gengar\n|-unboost|p2a: Gengar|atk|1\n|-unboost|p2a: Gengar|spa|1\n|\n|t:|1776198792\n|switch|p1a: Drampa|Drampa, L50, M|100/100|[from] Parting Shot\n|-ability|p1a: Drampa|Cloud Nine\n|\n|-heal|p2b: Incineroar|100/100|[from] item: Leftovers\n|upkeep\n|\n|t:|1776198795\n|switch|p1b: Incineroar|Incineroar, L50, F|100/100\n|-ability|p1b: Incineroar|Intimidate|boost\n|-unboost|p2a: Gengar|atk|1\n|-unboost|p2b: Incineroar|atk|1\n|turn|3\n|inactive|SleepingPanda700 has 30 seconds left.\n|\n|t:|1776198824\n|switch|p2a: Floette|Floette-Eternal, L50, F|100/100\n|move|p2b: Incineroar|Protect||[still]\n|-fail|p2b: Incineroar\n|move|p1b: Incineroar|Fake Out|p2b: Incineroar\n|-damage|p2b: Incineroar|89/100\n|move|p1a: Drampa|Calm Mind|p1a: Drampa\n|-boost|p1a: Drampa|spa|1\n|-boost|p1a: Drampa|spd|1\n|\n|-heal|p2b: Incineroar|95/100|[from] item: Leftovers\n|upkeep\n|turn|4\n|\n|t:|1776198843\n|switch|p2b: Corviknight|Corviknight, L50, F|100/100\n|-ability|p2b: Corviknight|Pressure\n|detailschange|p2a: Floette|Floette-Mega, L50, F\n|-mega|p2a: Floette|Floette|Floettite\n|-ability|p2a: Floette|Fairy Aura\n|detailschange|p1a: Drampa|Drampa-Mega, L50, M\n|-mega|p1a: Drampa|Drampa|Drampanite\n|move|p2a: Floette|Dazzling Gleam|p1a: Drampa|[spread] p1a,p1b\n|-supereffective|p1a: Drampa|1\n|-damage|p1a: Drampa|58/100\n|-damage|p1b: Incineroar|73/100\n|move|p1b: Incineroar|Parting Shot|p2a: Floette\n|-unboost|p2a: Floette|atk|1\n|-unboost|p2a: Floette|spa|1\n|\n|t:|1776198858\n|switch|p1b: Tyranitar|Tyranitar, L50, M|100/100|[from] Parting Shot\n|-weather|Sandstorm|[from] ability: Sand Stream|[of] p1b: Tyranitar\n|move|p1a: Drampa|Tri Attack|p2a: Floette\n|-damage|p2a: Floette|33/100\n|\n|-weather|Sandstorm|[upkeep]\n|-damage|p2a: Floette|27/100|[from] Sandstorm\n|-damage|p1a: Drampa|52/100|[from] Sandstorm\n|upkeep\n|turn|5\n|\n|t:|1776198872\n|switch|p2b: Incineroar|Incineroar, L50, F|95/100\n|-ability|p2b: Incineroar|Intimidate|boost\n|-unboost|p1a: Drampa|atk|1\n|-unboost|p1b: Tyranitar|atk|1\n|move|p1a: Drampa|Protect|p1a: Drampa\n|-singleturn|p1a: Drampa|Protect\n|move|p2a: Floette|Light of Ruin|p1a: Drampa\n|-activate|p1a: Drampa|move: Protect\n|move|p1b: Tyranitar|Rock Slide|p2a: Floette|[spread] p2a,p2b\n|-supereffective|p2b: Incineroar|1\n|-damage|p2a: Floette|7/100\n|-damage|p2b: Incineroar|49/100\n|\n|-weather|Sandstorm|[upkeep]\n|-damage|p2a: Floette|1/100|[from] Sandstorm\n|-damage|p2b: Incineroar|43/100|[from] Sandstorm\n|-damage|p1a: Drampa|46/100|[from] Sandstorm\n|-heal|p2b: Incineroar|49/100|[from] item: Leftovers\n|upkeep\n|turn|6\n|inactive|SleepingPanda700 has 30 seconds left.\n|\n|t:|1776198897\n|switch|p1a: Incineroar|Incineroar, L50, F|73/100\n|-ability|p1a: Incineroar|Intimidate|boost\n|-unboost|p2a: Floette|atk|1\n|-unboost|p2b: Incineroar|atk|1\n|move|p1b: Tyranitar|Protect|p1b: Tyranitar\n|-singleturn|p1b: Tyranitar|Protect\n|move|p2b: Incineroar|Fake Out|p1a: Incineroar\n|-damage|p1a: Incineroar|64/100\n|move|p2a: Floette|Light of Ruin|p1a: Incineroar\n|-damage|p1a: Incineroar|19/100\n|-enditem|p1a: Incineroar|Sitrus Berry|[eat]\n|-heal|p1a: Incineroar|44/100|[from] item: Sitrus Berry\n|-damage|p2a: Floette|0 fnt|[from] Recoil\n|faint|p2a: Floette\n|\n|-weather|Sandstorm|[upkeep]\n|-damage|p2b: Incineroar|43/100|[from] Sandstorm\n|-damage|p1a: Incineroar|38/100|[from] Sandstorm\n|-heal|p2b: Incineroar|49/100|[from] item: Leftovers\n|upkeep\n|\n|t:|1776198915\n|switch|p2a: Gengar|Gengar, L50, F|100/100\n|turn|7\n|inactive|SleepingPanda700 has 30 seconds left.\n|inactive|SleepingPanda700 has 20 seconds left.\n|inactive|SleepingPanda700 has 15 seconds left.\n|\n|t:|1776198957\n|switch|p2b: Corviknight|Corviknight, L50, F|100/100\n|-ability|p2b: Corviknight|Pressure\n|switch|p1b: Drampa|Drampa-Mega, L50, M|46/100\n|move|p1a: Incineroar|Fake Out|p2b: Corviknight\n|-resisted|p2b: Corviknight|1\n|-damage|p2b: Corviknight|97/100\n|move|p2a: Gengar|Sludge Bomb|p1a: Incineroar\n|-damage|p1a: Incineroar|12/100\n|\n|-weather|Sandstorm|[upkeep]\n|-damage|p2a: Gengar|94/100|[from] Sandstorm\n|-damage|p1a: Incineroar|6/100|[from] Sandstorm\n|-damage|p1b: Drampa|40/100|[from] Sandstorm\n|upkeep\n|turn|8\n|inactive|SleepingPanda700 has 30 seconds left.\n|inactive|SleepingPanda700 has 20 seconds left.\n|inactive|SleepingPanda700 has 15 seconds left.\n|\n|t:|1776199000\n|switch|p2a: Incineroar|Incineroar, L50, F|49/100\n|-ability|p2a: Incineroar|Intimidate|boost\n|-unboost|p1a: Incineroar|atk|1\n|-unboost|p1b: Drampa|atk|1\n|move|p1a: Incineroar|Protect|p1a: Incineroar\n|-singleturn|p1a: Incineroar|Protect\n|move|p1b: Drampa|Protect|p1b: Drampa\n|-singleturn|p1b: Drampa|Protect\n|move|p2b: Corviknight|Body Press|p1b: Drampa\n|-activate|p1b: Drampa|move: Protect\n|\n|-weather|none\n|-heal|p2a: Incineroar|55/100|[from] item: Leftovers\n|upkeep\n|turn|9\n|inactive|REEYYS has 30 seconds left.\n|\n|t:|1776199032\n|switch|p2a: Gengar|Gengar, L50, F|94/100\n|move|p2b: Corviknight|Body Press|p1b: Drampa\n|-supereffective|p1b: Drampa|1\n|-damage|p1b: Drampa|0 fnt\n|faint|p1b: Drampa\n|move|p1a: Incineroar|Parting Shot|p2b: Corviknight\n|-unboost|p2b: Corviknight|atk|1\n|-unboost|p2b: Corviknight|spa|1\n|\n|t:|1776199038\n|switch|p1a: Tyranitar|Tyranitar, L50, M|100/100|[from] Parting Shot\n|-weather|Sandstorm|[from] ability: Sand Stream|[of] p1a: Tyranitar\n|\n|-weather|Sandstorm|[upkeep]\n|-damage|p2a: Gengar|88/100|[from] Sandstorm\n|upkeep\n|\n|t:|1776199039\n|switch|p1b: Incineroar|Incineroar, L50, F|6/100\n|-ability|p1b: Incineroar|Intimidate|boost\n|-unboost|p2a: Gengar|atk|1\n|-unboost|p2b: Corviknight|atk|1\n|turn|10\n|\n|t:|1776199058\n|switch|p2b: Incineroar|Incineroar, L50, F|55/100\n|-ability|p2b: Incineroar|Intimidate|boost\n|-unboost|p1a: Tyranitar|atk|1\n|-unboost|p1b: Incineroar|atk|1\n|move|p1b: Incineroar|Fake Out|p2b: Incineroar\n|-damage|p2b: Incineroar|46/100\n|move|p2a: Gengar|Sludge Bomb|p1b: Incineroar\n|-damage|p1b: Incineroar|0 fnt\n|faint|p1b: Incineroar\n|move|p1a: Tyranitar|Rock Slide|p2b: Incineroar|[spread] p2a,p2b\n|-supereffective|p2b: Incineroar|1\n|-damage|p2a: Gengar|58/100\n|-damage|p2b: Incineroar|0 fnt\n|-start|p1a: Tyranitar|Disable|Rock Slide|[from] ability: Cursed Body|[of] p2a: Gengar\n|faint|p2b: Incineroar\n|\n|-weather|Sandstorm|[upkeep]\n|-damage|p2a: Gengar|51/100|[from] Sandstorm\n|upkeep\n|\n|t:|1776199074\n|switch|p2b: Corviknight|Corviknight, L50, F|97/100\n|-ability|p2b: Corviknight|Pressure\n|turn|11\n|\n|t:|1776199086\n|move|p2a: Gengar|Will-O-Wisp|p1a: Tyranitar\n|-status|p1a: Tyranitar|brn\n|move|p2b: Corviknight|Body Press|p1a: Tyranitar\n|-supereffective|p1a: Tyranitar|2\n|-damage|p1a: Tyranitar|9/100 brn\n|move|p1a: Tyranitar|Curse|p1a: Tyranitar\n|-unboost|p1a: Tyranitar|spe|1\n|-boost|p1a: Tyranitar|atk|1\n|-boost|p1a: Tyranitar|def|1\n|\n|-weather|Sandstorm|[upkeep]\n|-damage|p2a: Gengar|45/100|[from] Sandstorm\n|-damage|p1a: Tyranitar|3/100 brn|[from] brn\n|upkeep\n|turn|12\n|-message|REEYYS forfeited.\n|\n|win|SleepingPanda700\n|raw|REEYYS's rating: 1055 &rarr; <strong>1037</strong><br />(-18 for losing)\n|raw|SleepingPanda700's rating: 1057 &rarr; <strong>1088</strong><br />(+31 for winning)\n|l|\u2606REEYYS\n|player|p1|\n",
  "uploadtime": 1776199106,
  "views": 15,
  "formatid": "gen9championsvgc2026regma",
  "rating": 1037,
  "private": 0,
  "password": null
}