{
  "id": "gen9championsvgc2026regma-2585664358",
  "format": "[Gen 9 Champions] VGC 2026 Reg M-A",
  "players": [
    "ernozo",
    "Missed Ledgedash"
  ],
  "log": "|j|\u2606ernozo\n|j|\u2606Missed Ledgedash\n|t:|1776362168\n|gametype|doubles\n|player|p1|ernozo|265|1151\n|player|p2|Missed Ledgedash|juan-gen3|1172\n|gen|9\n|tier|[Gen 9 Champions] VGC 2026 Reg M-A\n|rated|\n|rule|Species Clause: Limit one of each Pok\u00e9mon\n|rule|Item Clause: Limit 1 of each item\n|clearpoke\n|poke|p1|Crabominable, L50, F|\n|poke|p1|Orthworm, L50, M|\n|poke|p1|Slowking, L50, F|\n|poke|p1|Aurorus, L50, M|\n|poke|p1|Tsareena, L50, F|\n|poke|p1|Incineroar, L50, M|\n|poke|p2|Incineroar, L50, M|\n|poke|p2|Gengar, L50, M|\n|poke|p2|Gyarados, L50, F|\n|poke|p2|Tyranitar, L50, F|\n|poke|p2|Sneasler, L50, M|\n|poke|p2|Excadrill, L50, F|\n|teampreview|4\n|\n|t:|1776362209\n|teamsize|p1|4\n|teamsize|p2|4\n|start\n|switch|p1a: Orthworm|Orthworm, L50, M|100/100\n|switch|p1b: Slowking|Slowking, L50, F|100/100\n|switch|p2a: Gengar|Gengar, L50, M|100/100\n|switch|p2b: Incineroar|Incineroar, L50, M|100/100\n|-ability|p2b: Incineroar|Intimidate|boost\n|-unboost|p1a: Orthworm|atk|1\n|-unboost|p1b: Slowking|atk|1\n|turn|1\n|\n|t:|1776362227\n|detailschange|p2a: Gengar|Gengar-Mega, L50, M\n|-mega|p2a: Gengar|Gengar|Gengarite\n|move|p2a: Gengar|Protect|p2a: Gengar\n|-singleturn|p2a: Gengar|Protect\n|move|p1a: Orthworm|Protect|p1a: Orthworm\n|-singleturn|p1a: Orthworm|Protect\n|move|p2b: Incineroar|Fake Out|p1b: Slowking\n|-damage|p1b: Slowking|91/100\n|cant|p1b: Slowking|flinch\n|\n|upkeep\n|turn|2\n|\n|t:|1776362246\n|move|p2a: Gengar|Perish Song|p2a: Gengar\n|-start|p1a: Orthworm|perish3|[silent]\n|-start|p1b: Slowking|perish3|[silent]\n|-start|p2a: Gengar|perish3|[silent]\n|-start|p2b: Incineroar|perish3|[silent]\n|-fieldactivate|move: Perish Song\n|move|p1a: Orthworm|Shed Tail|p1a: Orthworm\n|-start|p1a: Orthworm|Substitute|[from] move: Shed Tail\n|-damage|p1a: Orthworm|50/100\n|-enditem|p1a: Orthworm|Sitrus Berry|[eat]\n|-heal|p1a: Orthworm|75/100|[from] item: Sitrus Berry\n|\n|t:|1776362252\n|switch|p1a: Crabominable|Crabominable, L50, F|100/100|[from] Shed Tail\n|move|p2b: Incineroar|Parting Shot|p1a: Crabominable\n|-fail|p1a: Crabominable|unboost|Attack|[from] ability: Hyper Cutter|[of] p1a: Crabominable\n|-unboost|p1a: Crabominable|spa|1\n|\n|t:|1776362263\n|switch|p2b: Gyarados|Gyarados, L50, F|100/100|[from] Parting Shot\n|-ability|p2b: Gyarados|Intimidate|boost\n|-immune|p1a: Crabominable\n|-unboost|p1b: Slowking|atk|1\n|move|p1b: Slowking|Trick Room|p1b: Slowking\n|-fieldstart|move: Trick Room|[of] p1b: Slowking\n|\n|-start|p1b: Slowking|perish3\n|-start|p2a: Gengar|perish3\n|upkeep\n|turn|3\n|\n|t:|1776362286\n|detailschange|p1a: Crabominable|Crabominable-Mega, L50, F\n|-mega|p1a: Crabominable|Crabominable|Crabominite\n|move|p2a: Gengar|Protect|p2a: Gengar\n|-singleturn|p2a: Gengar|Protect\n|move|p1a: Crabominable|Ice Punch|p2a: Gengar\n|-activate|p2a: Gengar|move: Protect\n|-prepare|p1b: Slowking|Chilly Reception|[premajor]\n|move|p1b: Slowking|Chilly Reception|p1b: Slowking\n|-weather|Snowscape\n|\n|t:|1776362297\n|switch|p1b: Aurorus|Aurorus, L50, M|100/100|[from] Chilly Reception\n|move|p2b: Gyarados|Waterfall|p1a: Crabominable\n|-activate|p1a: Crabominable|move: Substitute|[damage]\n|\n|-weather|Snowscape|[upkeep]\n|-start|p2a: Gengar|perish2\n|upkeep\n|turn|4\n|\n|t:|1776362308\n|switch|p2a: Incineroar|Incineroar, L50, M|100/100\n|-ability|p2a: Incineroar|Intimidate|boost\n|-immune|p1a: Crabominable\n|-unboost|p1b: Aurorus|atk|1\n|move|p1a: Crabominable|Ice Punch|p2a: Incineroar\n|-resisted|p2a: Incineroar|1\n|-damage|p2a: Incineroar|80/100\n|move|p1b: Aurorus|Aurora Veil|p1b: Aurorus\n|-sidestart|p1: ernozo|move: Aurora Veil\n|move|p2b: Gyarados|Waterfall|p1a: Crabominable\n|-end|p1a: Crabominable|Substitute\n|\n|-weather|Snowscape|[upkeep]\n|upkeep\n|turn|5\n|\n|t:|1776362334\n|move|p1a: Crabominable|Drain Punch|p2a: Incineroar\n|-supereffective|p2a: Incineroar|1\n|-damage|p2a: Incineroar|0 fnt\n|faint|p2a: Incineroar\n|move|p1b: Aurorus|Blizzard|p2b: Gyarados\n|-crit|p2b: Gyarados\n|-damage|p2b: Gyarados|41/100\n|-enditem|p2b: Gyarados|Sitrus Berry|[eat]\n|-heal|p2b: Gyarados|65/100|[from] item: Sitrus Berry\n|move|p2b: Gyarados|Thunder Wave|p1a: Crabominable\n|-status|p1a: Crabominable|par\n|\n|-weather|Snowscape|[upkeep]\n|upkeep\n|\n|t:|1776362346\n|switch|p2a: Gengar|Gengar-Mega, L50, M|100/100\n|turn|6\n|\n|t:|1776362350\n|move|p2b: Gyarados|Protect|p2b: Gyarados\n|-singleturn|p2b: Gyarados|Protect\n|move|p2a: Gengar|Protect|p2a: Gengar\n|-singleturn|p2a: Gengar|Protect\n|move|p1a: Crabominable|Ice Punch|p2b: Gyarados\n|-activate|p2b: Gyarados|move: Protect\n|move|p1b: Aurorus|Blizzard|p2b: Gyarados|[spread] \n|-activate|p2a: Gengar|move: Protect\n|-activate|p2b: Gyarados|move: Protect\n|\n|-weather|Snowscape|[upkeep]\n|-fieldend|move: Trick Room\n|upkeep\n|turn|7\n|\n|t:|1776362365\n|switch|p2b: Tyranitar|Tyranitar, L50, F|100/100\n|-weather|Sandstorm|[from] ability: Sand Stream|[of] p2b: Tyranitar\n|move|p2a: Gengar|Perish Song|p2a: Gengar\n|-start|p1a: Crabominable|perish3|[silent]\n|-start|p1b: Aurorus|perish3|[silent]\n|-start|p2a: Gengar|perish3|[silent]\n|-start|p2b: Tyranitar|perish3|[silent]\n|-fieldactivate|move: Perish Song\n|move|p1b: Aurorus|Blizzard|p2b: Tyranitar|[spread] p2a,p2b\n|-damage|p2a: Gengar|63/100\n|-damage|p2b: Tyranitar|81/100\n|move|p1a: Crabominable|Ice Punch|p2a: Gengar\n|-damage|p2a: Gengar|0 fnt\n|faint|p2a: Gengar\n|\n|-weather|Sandstorm|[upkeep]\n|-damage|p1a: Crabominable|95/100 par|[from] Sandstorm\n|-start|p2b: Tyranitar|perish3\n|-start|p1b: Aurorus|perish3\n|-start|p1a: Crabominable|perish3\n|upkeep\n|\n|t:|1776362378\n|switch|p2a: Gyarados|Gyarados, L50, F|65/100\n|-ability|p2a: Gyarados|Intimidate|boost\n|-unboost|p1a: Crabominable|atk|1\n|-unboost|p1b: Aurorus|atk|1\n|turn|8\n|\n|t:|1776362382\n|switch|p1b: Slowking|Slowking, L50, F|100/100\n|switch|p1a: Orthworm|Orthworm, L50, M|75/100\n|move|p2a: Gyarados|Waterfall|p1b: Slowking\n|-resisted|p1b: Slowking|1\n|-damage|p1b: Slowking|89/100\n|move|p2b: Tyranitar|Rock Slide|p1a: Orthworm|[spread] p1a,p1b\n|-resisted|p1a: Orthworm|1\n|-damage|p1a: Orthworm|68/100\n|-damage|p1b: Slowking|69/100\n|\n|-weather|Sandstorm|[upkeep]\n|-damage|p2a: Gyarados|59/100|[from] Sandstorm\n|-damage|p1b: Slowking|63/100|[from] Sandstorm\n|-start|p2b: Tyranitar|perish2\n|-sideend|p1: ernozo|move: Aurora Veil\n|upkeep\n|turn|9\n|\n|t:|1776362399\n|move|p2a: Gyarados|Waterfall|p1b: Slowking\n|-resisted|p1b: Slowking|1\n|-damage|p1b: Slowking|46/100\n|move|p1a: Orthworm|Shed Tail|p1a: Orthworm\n|-start|p1a: Orthworm|Substitute|[from] move: Shed Tail\n|-damage|p1a: Orthworm|17/100\n|\n|t:|1776362408\n|switch|p1a: Crabominable|Crabominable-Mega, L50, F|95/100 par|[from] Shed Tail\n|move|p2b: Tyranitar|Low Kick|p1a: Crabominable\n|-supereffective|p1a: Crabominable|1\n|-end|p1a: Crabominable|Substitute\n|move|p1b: Slowking|Trick Room|p1b: Slowking\n|-fieldstart|move: Trick Room|[of] p1b: Slowking\n|\n|-weather|Sandstorm|[upkeep]\n|-damage|p1a: Crabominable|89/100 par|[from] Sandstorm\n|-damage|p1b: Slowking|40/100|[from] Sandstorm\n|-damage|p2a: Gyarados|53/100|[from] Sandstorm\n|-start|p2b: Tyranitar|perish1\n|upkeep\n|turn|10\n|\n|t:|1776362421\n|move|p1a: Crabominable|Drain Punch|p2b: Tyranitar\n|-supereffective|p2b: Tyranitar|2\n|-damage|p2b: Tyranitar|0 fnt\n|-heal|p1a: Crabominable|100/100 par|[from] drain|[of] p2b: Tyranitar\n|faint|p2b: Tyranitar\n|-prepare|p1b: Slowking|Chilly Reception|[premajor]\n|move|p1b: Slowking|Chilly Reception|p1b: Slowking\n|-weather|Snowscape\n|\n|t:|1776362429\n|switch|p1b: Aurorus|Aurorus, L50, M|100/100|[from] Chilly Reception\n|move|p2a: Gyarados|Waterfall|p1a: Crabominable\n|-damage|p1a: Crabominable|81/100 par\n|\n|-weather|Snowscape|[upkeep]\n|upkeep\n|turn|11\n|\n|t:|1776362437\n|move|p1a: Crabominable|Ice Punch|p2a: Gyarados\n|-damage|p2a: Gyarados|0 fnt\n|faint|p2a: Gyarados\n|\n|win|ernozo\n|raw|ernozo's rating: 1151 &rarr; <strong>1178</strong><br />(+27 for winning)\n|raw|Missed Ledgedash's rating: 1172 &rarr; <strong>1145</strong><br />(-27 for losing)\n",
  "uploadtime": 1776362437,
  "views": 22,
  "formatid": "gen9championsvgc2026regma",
  "rating": 1145,
  "private": 0,
  "password": null
}