{
  "id": "gen9championsvgc2026regma-2588622111",
  "format": "[Gen 9 Champions] VGC 2026 Reg M-A",
  "players": [
    "blue schucle",
    "Dr. Papus"
  ],
  "log": "|j|\u2606blue schucle\n|j|\u2606Dr. Papus\n|t:|1776651005\n|gametype|doubles\n|player|p1|blue schucle|lance|1353\n|player|p2|Dr. Papus|morty|1363\n|gen|9\n|tier|[Gen 9 Champions] VGC 2026 Reg M-A\n|rated|\n|rule|Species Clause: Limit one of each Pok\u00e9mon\n|rule|Item Clause: Limit 1 of each item\n|clearpoke\n|poke|p1|Tauros-Paldea-Aqua, L50, M, shiny|\n|poke|p1|Incineroar, L50, M|\n|poke|p1|Snorlax, L50, M, shiny|\n|poke|p1|Scovillain, L50, F|\n|poke|p1|Sneasler, L50, F|\n|poke|p1|Garchomp, L50, M|\n|poke|p2|Tyranitar, L50, M, shiny|\n|poke|p2|Corviknight, L50, M|\n|poke|p2|Excadrill, L50, M|\n|poke|p2|Milotic, L50, F|\n|poke|p2|Sinistcha, L50|\n|poke|p2|Gardevoir, L50, M|\n|teampreview|4\n|inactive|Battle timer is ON: inactive players will automatically lose when time's up. (requested by Dr. Papus)\n|inactive|Dr. Papus has 60 seconds left.\n|\n|t:|1776651052\n|teamsize|p1|4\n|teamsize|p2|4\n|start\n|switch|p1a: Montezuma|Snorlax, L50, M, shiny|100/100\n|switch|p1b: Boi da cara preta|Tauros-Paldea-Aqua, L50, M, shiny|100/100\n|switch|p2a: Milotic|Milotic, L50, F|100/100\n|switch|p2b: Gardevoir|Gardevoir, L50, M|100/100\n|-ability|p2b: Gardevoir|Intimidate|Trace|[from] ability: Trace|[of] p1b: Boi da cara preta\n|-ability|p2b: Gardevoir|Intimidate|boost\n|-unboost|p1a: Montezuma|atk|1\n|-unboost|p1b: Boi da cara preta|atk|1\n|-ability|p1b: Boi da cara preta|Intimidate|boost\n|-unboost|p2a: Milotic|atk|1\n|-ability|p2a: Milotic|Competitive|boost\n|-boost|p2a: Milotic|spa|2\n|-unboost|p2b: Gardevoir|atk|1\n|-enditem|p1b: Boi da cara preta|White Herb\n|-clearnegativeboost|p1b: Boi da cara preta|[silent]\n|turn|1\n|inactive|blue schucle has 30 seconds left.\n|\n|t:|1776651084\n|switch|p1b: Spicy girls|Scovillain, L50, F|100/100\n|move|p2b: Gardevoir|Moonblast|p1b: Spicy girls\n|-resisted|p1b: Spicy girls|1\n|-damage|p1b: Spicy girls|66/100\n|move|p2a: Milotic|Scald|p1a: Montezuma\n|-damage|p1a: Montezuma|59/100\n|move|p1a: Montezuma|Stockpile|p1a: Montezuma\n|-start|p1a: Montezuma|stockpile1\n|-boost|p1a: Montezuma|def|1\n|-boost|p1a: Montezuma|spd|1\n|\n|-heal|p1a: Montezuma|65/100|[from] item: Leftovers\n|-ability|p1b: Spicy girls|Moody|boost\n|-boost|p1b: Spicy girls|spe|2\n|-unboost|p1b: Spicy girls|spa|1\n|upkeep\n|turn|2\n|inactive|blue schucle has 30 seconds left.\n|\n|t:|1776651111\n|move|p1b: Spicy girls|Protect|p1b: Spicy girls\n|-singleturn|p1b: Spicy girls|Protect\n|move|p1a: Montezuma|Protect|p1a: Montezuma\n|-singleturn|p1a: Montezuma|Protect\n|move|p2b: Gardevoir|Moonblast|p1a: Montezuma\n|-activate|p1a: Montezuma|move: Protect\n|move|p2a: Milotic|Scald|p1b: Spicy girls\n|-activate|p1b: Spicy girls|move: Protect\n|\n|-heal|p1a: Montezuma|71/100|[from] item: Leftovers\n|-ability|p1b: Spicy girls|Moody|boost\n|-boost|p1b: Spicy girls|spa|2\n|-unboost|p1b: Spicy girls|spd|1\n|upkeep\n|turn|3\n|\n|t:|1776651135\n|switch|p2b: Excadrill|Excadrill, L50, M|100/100\n|detailschange|p1b: Spicy girls|Scovillain-Mega, L50, F\n|-mega|p1b: Spicy girls|Scovillain|Scovillainite\n|move|p1b: Spicy girls|Giga Drain|p2a: Milotic\n|-supereffective|p2a: Milotic|1\n|-damage|p2a: Milotic|25/100\n|-heal|p1b: Spicy girls|100/100|[from] drain|[of] p2a: Milotic\n|move|p2a: Milotic|Scald|p1b: Spicy girls\n|-damage|p1b: Spicy girls|0 fnt\n|-status|p2a: Milotic|brn|[from] ability: Spicy Spray|[of] p1b: Spicy girls\n|faint|p1b: Spicy girls\n|move|p1a: Montezuma|Stockpile|p1a: Montezuma\n|-start|p1a: Montezuma|stockpile2\n|-boost|p1a: Montezuma|def|1\n|-boost|p1a: Montezuma|spd|1\n|\n|-heal|p1a: Montezuma|77/100|[from] item: Leftovers\n|-damage|p2a: Milotic|19/100 brn|[from] brn\n|upkeep\n|\n|t:|1776651157\n|switch|p1b: Djaba|Sneasler, L50, F|100/100\n|turn|4\n|\n|t:|1776651170\n|switch|p2b: Corviknight|Corviknight, L50, M|100/100\n|move|p1b: Djaba|Fake Out|p2b: Corviknight\n|-resisted|p2b: Corviknight|1\n|-damage|p2b: Corviknight|94/100\n|move|p2a: Milotic|Scald|p1a: Montezuma\n|-damage|p1a: Montezuma|57/100\n|move|p1a: Montezuma|Body Press|p2a: Milotic\n|-damage|p2a: Milotic|0 fnt\n|faint|p2a: Milotic\n|\n|-heal|p2b: Corviknight|100/100|[from] item: Leftovers\n|-heal|p1a: Montezuma|63/100|[from] item: Leftovers\n|upkeep\n|\n|t:|1776651180\n|switch|p2a: Gardevoir|Gardevoir, L50, M|100/100\n|-ability|p2a: Gardevoir|Unburden|Trace|[from] ability: Trace|[of] p1b: Djaba\n|turn|5\n|\n|t:|1776651192\n|move|p2a: Gardevoir|Psychic|p1b: Djaba\n|-supereffective|p1b: Djaba|2\n|-crit|p1b: Djaba\n|-enditem|p1b: Djaba|Focus Sash\n|-damage|p1b: Djaba|1/100\n|move|p1b: Djaba|Dire Claw|p2a: Gardevoir\n|-supereffective|p2a: Gardevoir|1\n|-damage|p2a: Gardevoir|0 fnt\n|faint|p2a: Gardevoir\n|move|p2b: Corviknight|Iron Head|p1a: Montezuma\n|-damage|p1a: Montezuma|53/100\n|move|p1a: Montezuma|Yawn|p2b: Corviknight\n|-start|p2b: Corviknight|move: Yawn|[of] p1a: Montezuma\n|\n|-heal|p1a: Montezuma|59/100|[from] item: Leftovers\n|upkeep\n|\n|t:|1776651195\n|switch|p2a: Excadrill|Excadrill, L50, M|100/100\n|turn|6\n|inactive|blue schucle has 30 seconds left.\n|\n|t:|1776651221\n|move|p2a: Excadrill|Protect|p2a: Excadrill\n|-singleturn|p2a: Excadrill|Protect\n|move|p1b: Djaba|Close Combat|p2a: Excadrill\n|-activate|p2a: Excadrill|move: Protect\n|move|p2b: Corviknight|Tailwind|p2b: Corviknight\n|-sidestart|p2: Dr. Papus|move: Tailwind\n|move|p1a: Montezuma|Body Press|p2a: Excadrill\n|-activate|p2a: Excadrill|move: Protect\n|\n|-heal|p1a: Montezuma|65/100|[from] item: Leftovers\n|-end|p2b: Corviknight|move: Yawn|[silent]\n|-status|p2b: Corviknight|slp\n|upkeep\n|turn|7\n|\n|t:|1776651238\n|move|p1b: Djaba|Protect|p1b: Djaba\n|-singleturn|p1b: Djaba|Protect\n|move|p2a: Excadrill|High Horsepower|p1b: Djaba\n|-activate|p1b: Djaba|move: Protect\n|cant|p2b: Corviknight|slp\n|move|p1a: Montezuma|Body Press|p2a: Excadrill\n|-supereffective|p2a: Excadrill|1\n|-enditem|p2a: Excadrill|Focus Sash\n|-damage|p2a: Excadrill|1/100\n|\n|-heal|p1a: Montezuma|71/100|[from] item: Leftovers\n|upkeep\n|turn|8\n|\n|t:|1776651260\n|switch|p1b: Boi da cara preta|Tauros-Paldea-Aqua, L50, M, shiny|100/100\n|-ability|p1b: Boi da cara preta|Intimidate|boost\n|-unboost|p2a: Excadrill|atk|1\n|-ability|p2b: Corviknight|Mirror Armor\n|-unboost|p1b: Boi da cara preta|atk|1\n|move|p2a: Excadrill|High Horsepower|p1b: Boi da cara preta\n|-damage|p1b: Boi da cara preta|56/100\n|-curestatus|p2b: Corviknight|slp|[msg]\n|move|p2b: Corviknight|Iron Head|p1a: Montezuma\n|-damage|p1a: Montezuma|59/100\n|cant|p1a: Montezuma|flinch\n|\n|-heal|p1a: Montezuma|65/100|[from] item: Leftovers\n|upkeep\n|turn|9\n|\n|t:|1776651279\n|move|p1b: Boi da cara preta|Aqua Jet|p2a: Excadrill\n|-supereffective|p2a: Excadrill|1\n|-damage|p2a: Excadrill|0 fnt\n|faint|p2a: Excadrill\n|move|p2b: Corviknight|Brave Bird|p1b: Boi da cara preta\n|-supereffective|p1b: Boi da cara preta|1\n|-damage|p1b: Boi da cara preta|0 fnt\n|faint|p1b: Boi da cara preta\n|-damage|p2b: Corviknight|86/100|[from] Recoil\n|move|p1a: Montezuma|Yawn|p2b: Corviknight\n|-start|p2b: Corviknight|move: Yawn|[of] p1a: Montezuma\n|\n|-heal|p2b: Corviknight|92/100|[from] item: Leftovers\n|-heal|p1a: Montezuma|71/100|[from] item: Leftovers\n|-sideend|p2: Dr. Papus|move: Tailwind\n|upkeep\n|-message|Dr. Papus forfeited.\n|\n|win|blue schucle\n|raw|blue schucle's rating: 1353 &rarr; <strong>1374</strong><br />(+21 for winning)\n|raw|Dr. Papus's rating: 1363 &rarr; <strong>1342</strong><br />(-21 for losing)\n|l|\u2606Dr. Papus\n|player|p2|\n",
  "uploadtime": 1776651297,
  "views": 7,
  "formatid": "gen9championsvgc2026regma",
  "rating": 1342,
  "private": 0,
  "password": null
}