{
  "id": "gen9championsvgc2026regma-2584506070",
  "format": "[Gen 9 Champions] VGC 2026 Reg M-A",
  "players": [
    "jacinthespuppy",
    "smp on whimsicott"
  ],
  "log": "|j|\u2606jacinthespuppy\n|j|\u2606smp on whimsicott\n|t:|1776265338\n|gametype|doubles\n|player|p1|jacinthespuppy|dawn-gen4pt|1302\n|player|p2|smp on whimsicott|artist-gen4|1372\n|gen|9\n|tier|[Gen 9 Champions] VGC 2026 Reg M-A\n|rated|\n|rule|Species Clause: Limit one of each Pok\u00e9mon\n|rule|Item Clause: Limit 1 of each item\n|clearpoke\n|poke|p1|Tyranitar, L50, M|\n|poke|p1|Excadrill, L50, F|\n|poke|p1|Dragapult, L50, F|\n|poke|p1|Rotom-Heat, L50|\n|poke|p1|Sinistcha, L50|\n|poke|p1|Basculegion, L50, M|\n|poke|p2|Floette-Eternal, L50, F|\n|poke|p2|Aegislash, L50, M|\n|poke|p2|Talonflame, L50, F|\n|poke|p2|Basculegion, L50, M|\n|poke|p2|Milotic, L50, F|\n|poke|p2|Garchomp, L50, F|\n|teampreview|4\n|inactive|Battle timer is ON: inactive players will automatically lose when time's up. (requested by jacinthespuppy)\n|inactive|jacinthespuppy has 60 seconds left.\n|inactive|smp on whimsicott has 60 seconds left.\n|\n|t:|1776265386\n|teamsize|p1|4\n|teamsize|p2|4\n|start\n|switch|p1a: uzi|Dragapult, L50, F|100/100\n|switch|p1b: austrian painter|Basculegion, L50, M, shiny|100/100\n|switch|p2a: Talonflame|Talonflame, L50, F|100/100\n|switch|p2b: Garchomp|Garchomp, L50, F|100/100\n|turn|1\n|\n|t:|1776265401\n|move|p2b: Garchomp|Protect|p2b: Garchomp\n|-singleturn|p2b: Garchomp|Protect\n|move|p2a: Talonflame|Tailwind|p2a: Talonflame\n|-sidestart|p2: smp on whimsicott|move: Tailwind\n|move|p1b: austrian painter|Flip Turn|p2a: Talonflame\n|-supereffective|p2a: Talonflame|1\n|-damage|p2a: Talonflame|0 fnt\n|faint|p2a: Talonflame\n|\n|t:|1776265411\n|switch|p1b: big boss|Tyranitar, L50, M|100/100|[from] Flip Turn\n|-weather|Sandstorm|[from] ability: Sand Stream|[of] p1b: big boss\n|move|p1a: uzi|Draco Meteor|p2b: Garchomp\n|-activate|p2b: Garchomp|move: Protect\n|\n|-weather|Sandstorm|[upkeep]\n|-damage|p1a: uzi|94/100|[from] Sandstorm\n|upkeep\n|\n|t:|1776265423\n|switch|p2a: Floette|Floette-Eternal, L50, F|100/100\n|turn|2\n|\n|t:|1776265436\n|detailschange|p2a: Floette|Floette-Mega, L50, F\n|-mega|p2a: Floette|Floette|Floettite\n|-ability|p2a: Floette|Fairy Aura\n|move|p1b: big boss|Protect|p1b: big boss\n|-singleturn|p1b: big boss|Protect\n|move|p2b: Garchomp|Dragon Claw|p1b: big boss\n|-activate|p1b: big boss|move: Protect\n|move|p2a: Floette|Dazzling Gleam|p1a: uzi|[spread] p1a\n|-activate|p1b: big boss|move: Protect\n|-supereffective|p1a: uzi|1\n|-damage|p1a: uzi|0 fnt\n|faint|p1a: uzi\n|\n|-weather|Sandstorm|[upkeep]\n|-damage|p2a: Floette|94/100|[from] Sandstorm\n|upkeep\n|\n|t:|1776265450\n|switch|p1a: resetti|Excadrill, L50, F|100/100\n|turn|3\n|\n|t:|1776265461\n|detailschange|p1b: big boss|Tyranitar-Mega, L50, M\n|-mega|p1b: big boss|Tyranitar|Tyranitarite\n|move|p1a: resetti|Protect|p1a: resetti\n|-singleturn|p1a: resetti|Protect\n|move|p2a: Floette|Protect|p2a: Floette\n|-singleturn|p2a: Floette|Protect\n|move|p2b: Garchomp|Earthquake|p1a: resetti|[spread] p1b\n|-activate|p2a: Floette|move: Protect\n|-activate|p1a: resetti|move: Protect\n|-supereffective|p1b: big boss|1\n|-damage|p1b: big boss|51/100\n|move|p1b: big boss|Knock Off|p2b: Garchomp\n|-damage|p2b: Garchomp|48/100\n|-damage|p1b: big boss|39/100|[from] ability: Rough Skin|[of] p2b: Garchomp\n|-enditem|p2b: Garchomp|White Herb|[from] move: Knock Off|[of] p1b: big boss\n|\n|-weather|Sandstorm|[upkeep]\n|-damage|p2a: Floette|88/100|[from] Sandstorm\n|upkeep\n|turn|4\n|\n|t:|1776265485\n|move|p2b: Garchomp|Earthquake|p1b: big boss|[spread] p2a,p1a,p1b\n|-supereffective|p1a: resetti|1\n|-supereffective|p1b: big boss|1\n|-damage|p2a: Floette|51/100\n|-enditem|p1a: resetti|Focus Sash\n|-damage|p1a: resetti|1/100\n|-damage|p1b: big boss|0 fnt\n|faint|p1b: big boss\n|move|p1a: resetti|Iron Head|p2a: Floette\n|-supereffective|p2a: Floette|1\n|-damage|p2a: Floette|0 fnt\n|faint|p2a: Floette\n|\n|-weather|Sandstorm|[upkeep]\n|-sideend|p2: smp on whimsicott|move: Tailwind\n|upkeep\n|\n|t:|1776265493\n|switch|p2a: Basculegion|Basculegion, L50, M|100/100\n|switch|p1b: austrian painter|Basculegion, L50, M, shiny|100/100\n|turn|5\n|\n|t:|1776265508\n|move|p1a: resetti|Protect|p1a: resetti\n|-singleturn|p1a: resetti|Protect\n|move|p2a: Basculegion|Last Respects|p1b: austrian painter\n|-supereffective|p1b: austrian painter|1\n|-crit|p1b: austrian painter\n|-damage|p1b: austrian painter|0 fnt\n|faint|p1b: austrian painter\n|move|p2b: Garchomp|Rock Slide|p1a: resetti\n|-activate|p1a: resetti|move: Protect\n|\n|-weather|none\n|upkeep\n|turn|6\n|-message|jacinthespuppy forfeited.\n|\n|win|smp on whimsicott\n|raw|jacinthespuppy's rating: 1302 &rarr; <strong>1286</strong><br />(-16 for losing)\n|raw|smp on whimsicott's rating: 1372 &rarr; <strong>1388</strong><br />(+16 for winning)\n|l|\u2606jacinthespuppy\n|player|p1|\n",
  "uploadtime": 1776265515,
  "views": 25,
  "formatid": "gen9championsvgc2026regma",
  "rating": 1286,
  "private": 0,
  "password": null
}