{
  "id": "gen9championsvgc2026regma-2587474572",
  "format": "[Gen 9 Champions] VGC 2026 Reg M-A",
  "players": [
    "uhhncertain",
    "MilkTeaWayGalaxy"
  ],
  "log": "|j|\u2606uhhncertain\n|j|\u2606MilkTeaWayGalaxy\n|t:|1776534892\n|gametype|doubles\n|player|p1|uhhncertain|plasmagrunt|1497\n|player|p2|MilkTeaWayGalaxy|rosa-pokestar3|1456\n|gen|9\n|tier|[Gen 9 Champions] VGC 2026 Reg M-A\n|rated|\n|rule|Species Clause: Limit one of each Pok\u00e9mon\n|rule|Item Clause: Limit 1 of each item\n|clearpoke\n|poke|p1|Kingambit, L50, F, shiny|\n|poke|p1|Blastoise, L50, M|\n|poke|p1|Sinistcha, L50|\n|poke|p1|Farigiraf, L50, F|\n|poke|p1|Pelipper, L50, F|\n|poke|p1|Gallade, L50, M|\n|poke|p2|Milotic, L50, M|\n|poke|p2|Froslass, L50, F|\n|poke|p2|Sneasler, L50, M|\n|poke|p2|Gyarados, L50, M|\n|poke|p2|Incineroar, L50, F|\n|poke|p2|Sinistcha, L50|\n|teampreview|4\n|inactive|Battle timer is ON: inactive players will automatically lose when time's up. (requested by uhhncertain)\n|inactive|uhhncertain has 60 seconds left.\n|\n|t:|1776534975\n|teamsize|p1|4\n|teamsize|p2|4\n|start\n|switch|p1a: Blastoise|Blastoise, L50, M|100/100\n|switch|p1b: Farigiraf|Farigiraf, L50, F|100/100\n|switch|p2a: Gyarados|Gyarados, L50, M|100/100\n|switch|p2b: Sneasler|Sneasler, L50, M|100/100\n|-ability|p2a: Gyarados|Intimidate|boost\n|-unboost|p1a: Blastoise|atk|1\n|-unboost|p1b: Farigiraf|atk|1\n|turn|1\n|inactive|MilkTeaWayGalaxy has 30 seconds left.\n|\n|t:|1776535001\n|detailschange|p2a: Gyarados|Gyarados-Mega, L50, M\n|-mega|p2a: Gyarados|Gyarados|Gyaradosite\n|-ability|p2a: Gyarados|Mold Breaker\n|detailschange|p1a: Blastoise|Blastoise-Mega, L50, M\n|-mega|p1a: Blastoise|Blastoise|Blastoisinite\n|move|p1a: Blastoise|Fake Out|p2b: Sneasler\n|-damage|p2b: Sneasler|92/100\n|cant|p2b: Sneasler|flinch\n|move|p2a: Gyarados|Crunch|p1b: Farigiraf\n|-supereffective|p1b: Farigiraf|1\n|-damage|p1b: Farigiraf|27/100\n|-unboost|p1b: Farigiraf|def|1\n|-enditem|p1b: Farigiraf|Sitrus Berry|[eat]\n|-heal|p1b: Farigiraf|51/100|[from] item: Sitrus Berry\n|move|p1b: Farigiraf|Trick Room|p1b: Farigiraf\n|-fieldstart|move: Trick Room|[of] p1b: Farigiraf\n|\n|upkeep\n|turn|2\n|inactive|uhhncertain has 30 seconds left.\n|inactive|MilkTeaWayGalaxy has 30 seconds left.\n|inactive|uhhncertain has 20 seconds left.\n|j| CrazyyBoi\n|\n|t:|1776535039\n|switch|p2b: Milotic|Milotic, L50, M|100/100\n|move|p1b: Farigiraf|Rain Dance|p1b: Farigiraf\n|-weather|RainDance\n|move|p1a: Blastoise|Water Spout|p2b: Milotic|[spread] p2a,p2b\n|-resisted|p2a: Gyarados|1\n|-resisted|p2b: Milotic|1\n|-damage|p2a: Gyarados|68/100\n|-damage|p2b: Milotic|72/100\n|move|p2a: Gyarados|Dragon Dance|p2a: Gyarados\n|-boost|p2a: Gyarados|atk|1\n|-boost|p2a: Gyarados|spe|1\n|\n|-weather|RainDance|[upkeep]\n|upkeep\n|turn|3\n|\n|t:|1776535056\n|switch|p2b: Sinistcha|Sinistcha, L50|100/100\n|-heal|p2a: Gyarados|93/100|[from] ability: Hospitality|[of] p2b: Sinistcha\n|move|p1b: Farigiraf|Helping Hand|p1a: Blastoise\n|-singleturn|p1a: Blastoise|Helping Hand|[of] p1b: Farigiraf\n|move|p1a: Blastoise|Water Spout|p2b: Sinistcha|[spread] p2a,p2b\n|-resisted|p2a: Gyarados|1\n|-resisted|p2b: Sinistcha|1\n|-damage|p2a: Gyarados|43/100\n|-damage|p2b: Sinistcha|33/100\n|move|p2a: Gyarados|Crunch|p1a: Blastoise\n|-crit|p1a: Blastoise\n|-damage|p1a: Blastoise|2/100\n|\n|-weather|RainDance|[upkeep]\n|upkeep\n|turn|4\n|inactive|uhhncertain has 30 seconds left.\n|\n|t:|1776535087\n|switch|p1b: Kingambit|Kingambit, L50, F, shiny|100/100\n|move|p2b: Sinistcha|Life Dew|p2b: Sinistcha|[spread] p2a,p2b\n|-heal|p2a: Gyarados|68/100\n|-heal|p2b: Sinistcha|58/100\n|move|p1a: Blastoise|Dark Pulse|p2b: Sinistcha\n|-supereffective|p2b: Sinistcha|1\n|-damage|p2b: Sinistcha|0 fnt\n|faint|p2b: Sinistcha\n|move|p2a: Gyarados|Dragon Dance|p2a: Gyarados\n|-boost|p2a: Gyarados|atk|1\n|-boost|p2a: Gyarados|spe|1\n|\n|-weather|RainDance|[upkeep]\n|upkeep\n|\n|t:|1776535096\n|switch|p2b: Sneasler|Sneasler, L50, M|92/100\n|turn|5\n|\n|t:|1776535114\n|switch|p1a: Sinistcha|Sinistcha, L50|100/100\n|move|p1b: Kingambit|Protect|p1b: Kingambit\n|-singleturn|p1b: Kingambit|Protect\n|move|p2b: Sneasler|Protect|p2b: Sneasler\n|-singleturn|p2b: Sneasler|Protect\n|move|p2a: Gyarados|Protect||[still]\n|-fail|p2a: Gyarados\n|\n|-weather|RainDance|[upkeep]\n|-fieldend|move: Trick Room\n|upkeep\n|turn|6\n|inactive|uhhncertain has 30 seconds left.\n|\n|t:|1776535148\n|move|p1b: Kingambit|Sucker Punch|p2a: Gyarados\n|-resisted|p2a: Gyarados|1\n|-damage|p2a: Gyarados|46/100\n|move|p2a: Gyarados|Crunch|p1a: Sinistcha\n|-supereffective|p1a: Sinistcha|1\n|-enditem|p1a: Sinistcha|Colbur Berry|[eat]\n|-enditem|p1a: Sinistcha|Colbur Berry|[weaken]\n|-damage|p1a: Sinistcha|16/100\n|move|p2b: Sneasler|Close Combat|p1b: Kingambit\n|-supereffective|p1b: Kingambit|2\n|-damage|p1b: Kingambit|0 fnt\n|-unboost|p2b: Sneasler|def|1\n|-unboost|p2b: Sneasler|spd|1\n|faint|p1b: Kingambit\n|-enditem|p2b: Sneasler|White Herb\n|-clearnegativeboost|p2b: Sneasler|[silent]\n|move|p1a: Sinistcha|Trick Room|p1a: Sinistcha\n|-fieldstart|move: Trick Room|[of] p1a: Sinistcha\n|\n|-weather|none\n|upkeep\n|\n|t:|1776535158\n|switch|p1b: Farigiraf|Farigiraf, L50, F|51/100\n|turn|7\n|\n|t:|1776535174\n|move|p2a: Gyarados|Protect|p2a: Gyarados\n|-singleturn|p2a: Gyarados|Protect\n|move|p1b: Farigiraf|Psychic|p2b: Sneasler\n|-supereffective|p2b: Sneasler|2\n|-damage|p2b: Sneasler|0 fnt\n|faint|p2b: Sneasler\n|move|p1a: Sinistcha|Matcha Gotcha|p2a: Gyarados\n|-activate|p2a: Gyarados|move: Protect\n|\n|upkeep\n|\n|t:|1776535179\n|switch|p2b: Milotic|Milotic, L50, M|72/100\n|turn|8\n|\n|t:|1776535194\n|move|p1b: Farigiraf|Helping Hand|p1a: Sinistcha\n|-singleturn|p1a: Sinistcha|Helping Hand|[of] p1b: Farigiraf\n|move|p1a: Sinistcha|Matcha Gotcha|p2b: Milotic|[spread] p2a,p2b\n|-supereffective|p2a: Gyarados|1\n|-supereffective|p2b: Milotic|1\n|-damage|p2a: Gyarados|0 fnt\n|-heal|p1a: Sinistcha|39/100|[from] drain|[of] p2a: Gyarados\n|-damage|p2b: Milotic|30/100\n|-heal|p1a: Sinistcha|62/100|[from] drain|[of] p2b: Milotic\n|-enditem|p2b: Milotic|Sitrus Berry|[eat]\n|-heal|p2b: Milotic|55/100|[from] item: Sitrus Berry\n|faint|p2a: Gyarados\n|move|p2b: Milotic|Scald|p1b: Farigiraf\n|-damage|p1b: Farigiraf|26/100\n|\n|upkeep\n|turn|9\n|\n|t:|1776535211\n|move|p1b: Farigiraf|Helping Hand|p1a: Sinistcha\n|-singleturn|p1a: Sinistcha|Helping Hand|[of] p1b: Farigiraf\n|move|p2b: Milotic|Protect|p2b: Milotic\n|-singleturn|p2b: Milotic|Protect\n|move|p1a: Sinistcha|Matcha Gotcha|p2b: Milotic\n|-activate|p2b: Milotic|move: Protect\n|\n|upkeep\n|turn|10\n|\n|t:|1776535222\n|move|p1b: Farigiraf|Helping Hand|p1a: Sinistcha\n|-singleturn|p1a: Sinistcha|Helping Hand|[of] p1b: Farigiraf\n|move|p2b: Milotic|Protect||[still]\n|-fail|p2b: Milotic\n|move|p1a: Sinistcha|Matcha Gotcha|p2b: Milotic\n|-supereffective|p2b: Milotic|1\n|-damage|p2b: Milotic|0 fnt\n|-heal|p1a: Sinistcha|91/100|[from] drain|[of] p2b: Milotic\n|faint|p2b: Milotic\n|\n|win|uhhncertain\n|raw|uhhncertain's rating: 1497 &rarr; <strong>1515</strong><br />(+18 for winning)\n|raw|MilkTeaWayGalaxy's rating: 1456 &rarr; <strong>1438</strong><br />(-18 for losing)\n|l|\u2606MilkTeaWayGalaxy\n|player|p2|\n|c|\u2606uhhncertain|gg\n|l| CrazyyBoi\n|l|\u2606uhhncertain\n|player|p1|\n",
  "uploadtime": 1776536773,
  "views": 21,
  "formatid": "gen9championsvgc2026regma",
  "rating": 1438,
  "private": 0,
  "password": null
}