{
  "id": "gen9championsvgc2026regma-2586551934",
  "format": "[Gen 9 Champions] VGC 2026 Reg M-A",
  "players": [
    "tealpens2",
    "LUMK"
  ],
  "log": "|j|\u2606tealpens2\n|j|\u2606LUMK\n|t:|1776442507\n|gametype|doubles\n|player|p1|tealpens2|265|1073\n|player|p2|LUMK|preschooler|1092\n|gen|9\n|tier|[Gen 9 Champions] VGC 2026 Reg M-A\n|rated|\n|rule|Species Clause: Limit one of each Pok\u00e9mon\n|rule|Item Clause: Limit 1 of each item\n|clearpoke\n|poke|p1|Tyranitar, L50, F|\n|poke|p1|Excadrill, L50, F|\n|poke|p1|Sinistcha, L50|\n|poke|p1|Rotom-Heat, L50|\n|poke|p1|Gyarados, L50, F|\n|poke|p1|Gardevoir, L50, F|\n|poke|p2|Audino, L50, F|\n|poke|p2|Torkoal, L50, M|\n|poke|p2|Dragonite, L50, M|\n|poke|p2|Cofagrigus, L50, F|\n|poke|p2|Farigiraf, L50, M|\n|poke|p2|Arcanine-Hisui, L50, M|\n|teampreview|4\nLUMK rejected open team sheets.\n|inactive|Battle timer is ON: inactive players will automatically lose when time's up. (requested by LUMK)\n|inactive|tealpens2 has 60 seconds left.\n|\n|t:|1776442571\n|teamsize|p1|4\n|teamsize|p2|4\n|start\n|switch|p1a: Gyarados|Gyarados, L50, F|100/100\n|switch|p1b: Tyranitar|Tyranitar, L50, F|100/100\n|switch|p2a: Torkoal|Torkoal, L50, M|100/100\n|switch|p2b: Farigiraf|Farigiraf, L50, M|100/100\n|-ability|p1a: Gyarados|Intimidate|boost\n|-unboost|p2a: Torkoal|atk|1\n|-unboost|p2b: Farigiraf|atk|1\n|-weather|Sandstorm|[from] ability: Sand Stream|[of] p1b: Tyranitar\n|-weather|SunnyDay|[from] ability: Drought|[of] p2a: Torkoal\n|turn|1\n|\n|t:|1776442590\n|switch|p2a: Audino|Audino, L50, F|100/100\n|move|p1a: Gyarados|Taunt|p2b: Farigiraf\n|-start|p2b: Farigiraf|move: Taunt\n|move|p1b: Tyranitar|Rock Slide|p2b: Farigiraf|[spread] p2a\n|-miss|p1b: Tyranitar|p2b: Farigiraf\n|-damage|p2a: Audino|69/100\n|cant|p2b: Farigiraf|move: Taunt|Trick Room\n|\n|-weather|SunnyDay|[upkeep]\n|upkeep\n|turn|2\n|\n|t:|1776442615\n|switch|p2a: Dragonite|Dragonite, L50, M|100/100\n|move|p1a: Gyarados|Taunt|p2a: Dragonite\n|-start|p2a: Dragonite|move: Taunt\n|move|p1b: Tyranitar|Knock Off|p2b: Farigiraf\n|-supereffective|p2b: Farigiraf|1\n|-enditem|p2b: Farigiraf|Colbur Berry|[eat]\n|-enditem|p2b: Farigiraf|Colbur Berry|[weaken]\n|-damage|p2b: Farigiraf|55/100\n|move|p2b: Farigiraf|Psychic|p1a: Gyarados\n|-damage|p1a: Gyarados|69/100\n|\n|-weather|SunnyDay|[upkeep]\n|-heal|p1a: Gyarados|75/100|[from] item: Leftovers\n|upkeep\n|turn|3\n|\n|t:|1776442631\n|detailschange|p2a: Dragonite|Dragonite-Mega, L50, M\n|-mega|p2a: Dragonite|Dragonite|Dragoninite\n|move|p2a: Dragonite|Draco Meteor|p1b: Tyranitar|[miss]\n|-miss|p2a: Dragonite|p1b: Tyranitar\n|move|p1a: Gyarados|Thunder Wave|p2a: Dragonite\n|-status|p2a: Dragonite|par\n|move|p1b: Tyranitar|Ice Punch|p2a: Dragonite\n|-supereffective|p2a: Dragonite|2\n|-damage|p2a: Dragonite|47/100 par\n|move|p2b: Farigiraf|Charge Beam|p1a: Gyarados\n|-supereffective|p1a: Gyarados|2\n|-damage|p1a: Gyarados|23/100\n|-boost|p2b: Farigiraf|spa|1\n|\n|-weather|SunnyDay|[upkeep]\n|-heal|p1a: Gyarados|29/100|[from] item: Leftovers\n|-end|p2b: Farigiraf|move: Taunt\n|upkeep\n|turn|4\n|inactive|tealpens2 has 30 seconds left.\n|inactive|tealpens2 has 20 seconds left.\n|inactive|tealpens2 has 15 seconds left.\n|\n|t:|1776442674\n|switch|p1a: Gardevoir|Gardevoir, L50, F|100/100\n|switch|p2a: Audino|Audino, L50, F|100/100\n|move|p1b: Tyranitar|Knock Off|p2b: Farigiraf\n|-supereffective|p2b: Farigiraf|1\n|-damage|p2b: Farigiraf|0 fnt\n|faint|p2b: Farigiraf\n|\n|-weather|SunnyDay|[upkeep]\n|upkeep\n|\n|t:|1776442680\n|switch|p2b: Torkoal|Torkoal, L50, M|100/100\n|turn|5\n|inactive|tealpens2 has 30 seconds left.\n|\n|t:|1776442710\n|detailschange|p1b: Tyranitar|Tyranitar-Mega, L50, F\n|-mega|p1b: Tyranitar|Tyranitar|Tyranitarite\n|-weather|Sandstorm|[from] ability: Sand Stream|[of] p1b: Tyranitar\n|move|p1a: Gardevoir|Moonblast|p2b: Torkoal\n|-resisted|p2b: Torkoal|1\n|-damage|p2b: Torkoal|64/100\n|move|p1b: Tyranitar|Rock Slide|p2a: Audino|[spread] p2a,p2b\n|-supereffective|p2b: Torkoal|1\n|-crit|p2b: Torkoal\n|-damage|p2a: Audino|66/100\n|-damage|p2b: Torkoal|0 fnt\n|faint|p2b: Torkoal\n|move|p2a: Audino|Life Dew|p2a: Audino\n|-heal|p2a: Audino|91/100\n|\n|-weather|Sandstorm|[upkeep]\n|-damage|p1a: Gardevoir|95/100|[from] Sandstorm\n|-damage|p2a: Audino|85/100|[from] Sandstorm\n|upkeep\n|-message|LUMK forfeited.\n|\n|win|tealpens2\n|raw|tealpens2's rating: 1073 &rarr; <strong>1104</strong><br />(+31 for winning)\n|raw|LUMK's rating: 1092 &rarr; <strong>1067</strong><br />(-25 for losing)\n|l|\u2606LUMK\n|player|p2|\n|c|\u2606tealpens2|gg\n",
  "uploadtime": 1776442728,
  "views": 41,
  "formatid": "gen9championsvgc2026regma",
  "rating": 1067,
  "private": 0,
  "password": null
}