{
  "id": "gen9championsvgc2026regma-2582529180",
  "format": "[Gen 9 Champions] VGC 2026 Reg M-A",
  "players": [
    "Ampao",
    "sc0rer"
  ],
  "log": "|j|\u2606Ampao\n|j|\u2606sc0rer\n|t:|1776097481\n|gametype|doubles\n|player|p1|Ampao|170|1022\n|player|p2|sc0rer|169|1089\n|gen|9\n|tier|[Gen 9 Champions] VGC 2026 Reg M-A\n|rated|\n|rule|Species Clause: Limit one of each Pok\u00e9mon\n|rule|Item Clause: Limit 1 of each item\n|clearpoke\n|poke|p1|Luxray, L50, M|\n|poke|p1|Krookodile, L50, F|\n|poke|p1|Whimsicott, L50, F|\n|poke|p1|Typhlosion-Hisui, L50, M|\n|poke|p1|Meowstic, L50, M|\n|poke|p1|Floette-Eternal, L50, F|\n|poke|p2|Archaludon, L50, M|\n|poke|p2|Basculegion, L50, M|\n|poke|p2|Scizor, L50, F|\n|poke|p2|Pelipper, L50, F|\n|poke|p2|Sneasler, L50, F|\n|poke|p2|Sinistcha, L50|\n|teampreview|4\nsc0rer has agreed to open team sheets.\n|inactive|Battle timer is ON: inactive players will automatically lose when time's up. (requested by Ampao)\n|\n|t:|1776097550\n|teamsize|p1|4\n|teamsize|p2|4\n|start\n|switch|p1a: Whimsicott|Whimsicott, L50, F|100/100\n|switch|p1b: Typhlosion|Typhlosion-Hisui, L50, M|100/100\n|switch|p2a: Pelipper|Pelipper, L50, F|100/100\n|switch|p2b: Archaludon|Archaludon, L50, M|100/100\n|-weather|RainDance|[from] ability: Drizzle|[of] p2a: Pelipper\n|turn|1\n|inactive|Ampao has 30 seconds left.\n|inactive|sc0rer has 30 seconds left.\n|inactive|sc0rer has 20 seconds left.\n|\n|t:|1776097587\n|move|p1b: Typhlosion|Protect|p1b: Typhlosion\n|-singleturn|p1b: Typhlosion|Protect\n|move|p2b: Archaludon|Protect|p2b: Archaludon\n|-singleturn|p2b: Archaludon|Protect\n|move|p1a: Whimsicott|Tailwind|p1a: Whimsicott\n|-sidestart|p1: Ampao|move: Tailwind\n|move|p2a: Pelipper|Tailwind|p2a: Pelipper\n|-sidestart|p2: sc0rer|move: Tailwind\n|\n|-weather|RainDance|[upkeep]\n|upkeep\n|turn|2\n|c|\u2606sc0rer|lol\n|inactive|sc0rer has 30 seconds left.\n|\n|t:|1776097614\n|switch|p2b: Basculegion|Basculegion, L50, M|100/100\n|move|p1a: Whimsicott|Sunny Day|p1a: Whimsicott\n|-weather|SunnyDay\n|move|p1b: Typhlosion|Flamethrower|p2b: Basculegion\n|-resisted|p2b: Basculegion|1\n|-damage|p2b: Basculegion|56/100\n|move|p2a: Pelipper|Hurricane|p1a: Whimsicott|[miss]\n|-miss|p2a: Pelipper|p1a: Whimsicott\n|\n|-weather|SunnyDay|[upkeep]\n|upkeep\n|turn|3\n|\n|t:|1776097635\n|switch|p2a: Sneasler|Sneasler, L50, F|100/100\n|move|p1a: Whimsicott|Fake Tears|p2b: Basculegion\n|-unboost|p2b: Basculegion|spd|2\n|move|p2b: Basculegion|Flip Turn|p1b: Typhlosion\n|-supereffective|p1b: Typhlosion|1\n|-damage|p1b: Typhlosion|42/100\n|\n|t:|1776097642\n|switch|p2b: Pelipper|Pelipper, L50, F|100/100|[from] Flip Turn\n|-weather|RainDance|[from] ability: Drizzle|[of] p2b: Pelipper\n|move|p1b: Typhlosion|Eruption|p2a: Sneasler|[spread] p2a,p2b\n|-resisted|p2b: Pelipper|1\n|-damage|p2a: Sneasler|82/100\n|-damage|p2b: Pelipper|94/100\n|\n|-weather|RainDance|[upkeep]\n|-heal|p2b: Pelipper|99/100|[from] item: Leftovers\n|upkeep\n|turn|4\n|inactive|sc0rer has 30 seconds left.\n|\n|t:|1776097673\n|move|p1b: Typhlosion|Protect|p1b: Typhlosion\n|-singleturn|p1b: Typhlosion|Protect\n|move|p1a: Whimsicott|Fake Tears|p2a: Sneasler\n|-unboost|p2a: Sneasler|spd|2\n|-enditem|p2a: Sneasler|White Herb\n|-clearnegativeboost|p2a: Sneasler|[silent]\n|move|p2a: Sneasler|Dire Claw|p1a: Whimsicott\n|-supereffective|p1a: Whimsicott|2\n|-enditem|p1a: Whimsicott|Focus Sash\n|-damage|p1a: Whimsicott|1/100\n|move|p2b: Pelipper|Ice Beam|p1a: Whimsicott\n|-supereffective|p1a: Whimsicott|1\n|-damage|p1a: Whimsicott|0 fnt\n|faint|p1a: Whimsicott\n|\n|-weather|RainDance|[upkeep]\n|-heal|p2b: Pelipper|100/100|[from] item: Leftovers\n|-sideend|p1: Ampao|move: Tailwind\n|-sideend|p2: sc0rer|move: Tailwind\n|upkeep\n|\n|t:|1776097692\n|switch|p1a: Luxray|Luxray, L50, M|100/100\n|-ability|p1a: Luxray|Intimidate|boost\n|-unboost|p2a: Sneasler|atk|1\n|-unboost|p2b: Pelipper|atk|1\n|turn|5\n|\n|t:|1776097712\n|switch|p2b: Basculegion|Basculegion, L50, M|56/100\n|move|p2a: Sneasler|Acrobatics|p1b: Typhlosion\n|-damage|p1b: Typhlosion|2/100\n|move|p1b: Typhlosion|Shadow Ball|p2a: Sneasler\n|-damage|p2a: Sneasler|30/100\n|move|p1a: Luxray|Supercell Slam|p2b: Basculegion\n|-supereffective|p2b: Basculegion|1\n|-damage|p2b: Basculegion|0 fnt\n|faint|p2b: Basculegion\n|\n|-weather|RainDance|[upkeep]\n|upkeep\n|\n|t:|1776097724\n|switch|p2b: Archaludon|Archaludon, L50, M|100/100\n|turn|6\n|\n|t:|1776097745\n|move|p1b: Typhlosion|Protect|p1b: Typhlosion\n|-singleturn|p1b: Typhlosion|Protect\n|move|p2a: Sneasler|Acrobatics|p1b: Typhlosion\n|-activate|p1b: Typhlosion|move: Protect\n|move|p2b: Archaludon|Draco Meteor|p1a: Luxray\n|-damage|p1a: Luxray|9/100\n|-unboost|p2b: Archaludon|spa|2\n|move|p1a: Luxray|Snarl|p2a: Sneasler|[spread] p2a,p2b\n|-resisted|p2a: Sneasler|1\n|-damage|p2a: Sneasler|25/100\n|-damage|p2b: Archaludon|88/100\n|-unboost|p2a: Sneasler|spa|1\n|-unboost|p2b: Archaludon|spa|1\n|-ability|p2b: Archaludon|Stamina|boost\n|-boost|p2b: Archaludon|def|1\n|\n|-weather|RainDance|[upkeep]\n|-heal|p1a: Luxray|14/100|[from] item: Leftovers\n|upkeep\n|turn|7\n|inactive|Ampao has 30 seconds left.\n|inactive|sc0rer has 30 seconds left.\n|\n|t:|1776097773\n|move|p1a: Luxray|Protect|p1a: Luxray\n|-singleturn|p1a: Luxray|Protect\n|move|p2a: Sneasler|Acrobatics|p1b: Typhlosion\n|-damage|p1b: Typhlosion|0 fnt\n|faint|p1b: Typhlosion\n|move|p2b: Archaludon|Electro Shot||[still]\n|-prepare|p2b: Archaludon|Electro Shot\n|-boost|p2b: Archaludon|spa|1\n|-anim|p2b: Archaludon|Electro Shot|p1a: Luxray\n|-activate|p1a: Luxray|move: Protect\n|\n|-weather|none\n|-heal|p1a: Luxray|20/100|[from] item: Leftovers\n|upkeep\n|\n|t:|1776097781\n|switch|p1b: Krookodile|Krookodile, L50, F|100/100\n|-ability|p1b: Krookodile|Intimidate|boost\n|-unboost|p2a: Sneasler|atk|1\n|-unboost|p2b: Archaludon|atk|1\n|turn|8\n|inactive|sc0rer has 30 seconds left.\n|\n|t:|1776097812\n|switch|p2a: Pelipper|Pelipper, L50, F|100/100\n|-weather|RainDance|[from] ability: Drizzle|[of] p2a: Pelipper\n|move|p1b: Krookodile|High Horsepower|p2b: Archaludon\n|-supereffective|p2b: Archaludon|1\n|-damage|p2b: Archaludon|34/100\n|-ability|p2b: Archaludon|Stamina|boost\n|-boost|p2b: Archaludon|def|1\n|move|p2b: Archaludon|Electro Shot||[still]\n|-prepare|p2b: Archaludon|Electro Shot\n|-boost|p2b: Archaludon|spa|1\n|-anim|p2b: Archaludon|Electro Shot|p1a: Luxray\n|-resisted|p1a: Luxray|1\n|-damage|p1a: Luxray|2/100\n|move|p1a: Luxray|Supercell Slam|p2a: Pelipper\n|-supereffective|p2a: Pelipper|2\n|-damage|p2a: Pelipper|0 fnt\n|faint|p2a: Pelipper\n|\n|-weather|RainDance|[upkeep]\n|-heal|p1a: Luxray|8/100|[from] item: Leftovers\n|upkeep\n|\n|t:|1776097830\n|switch|p2a: Sneasler|Sneasler, L50, F|25/100\n|turn|9\n|\n|t:|1776097840\n|move|p1a: Luxray|Protect|p1a: Luxray\n|-singleturn|p1a: Luxray|Protect\n|move|p2a: Sneasler|Close Combat|p1b: Krookodile\n|-supereffective|p1b: Krookodile|1\n|-damage|p1b: Krookodile|0 fnt\n|-unboost|p2a: Sneasler|def|1\n|-unboost|p2a: Sneasler|spd|1\n|faint|p1b: Krookodile\n|move|p2b: Archaludon|Electro Shot||[still]\n|-prepare|p2b: Archaludon|Electro Shot\n|-boost|p2b: Archaludon|spa|1\n|-anim|p2b: Archaludon|Electro Shot|p1a: Luxray\n|-activate|p1a: Luxray|move: Protect\n|\n|-weather|RainDance|[upkeep]\n|-heal|p1a: Luxray|14/100|[from] item: Leftovers\n|upkeep\n|turn|10\n|-message|Ampao forfeited.\n|\n|win|sc0rer\n|raw|Ampao's rating: 1022 &rarr; <strong>1011</strong><br />(-11 for losing)\n|raw|sc0rer's rating: 1089 &rarr; <strong>1111</strong><br />(+22 for winning)\n|l|\u2606Ampao\n|player|p1|\n|c|\u2606sc0rer|gg\n",
  "uploadtime": 1776097859,
  "views": 14,
  "formatid": "gen9championsvgc2026regma",
  "rating": 1011,
  "private": 0,
  "password": null
}