{
  "id": "gen9championsvgc2026regma-2586812666",
  "format": "[Gen 9 Champions] VGC 2026 Reg M-A",
  "players": [
    "ruirivers",
    "BeTransThrowHands"
  ],
  "log": "|j|\u2606ruirivers\n|j|\u2606BeTransThrowHands\n|t:|1776461957\n|gametype|doubles\n|player|p1|ruirivers|shadowtriad|1136\n|player|p2|BeTransThrowHands|may-masters|1047\n|gen|9\n|tier|[Gen 9 Champions] VGC 2026 Reg M-A\n|rated|\n|rule|Species Clause: Limit one of each Pok\u00e9mon\n|rule|Item Clause: Limit 1 of each item\n|clearpoke\n|poke|p1|Chesnaught, L50, M|\n|poke|p1|Samurott-Hisui, L50, M|\n|poke|p1|Sinistcha, L50|\n|poke|p1|Arcanine-Hisui, L50, F|\n|poke|p1|Raichu, L50, M|\n|poke|p1|Zoroark-Hisui, L50, F|\n|poke|p2|Delphox, L50, F|\n|poke|p2|Froslass, L50, F|\n|poke|p2|Clefable, L50, F|\n|poke|p2|Aerodactyl, L50, F|\n|poke|p2|Glaceon, L50, F|\n|poke|p2|Sneasler, L50, F|\n|teampreview|4\n|inactive|Battle timer is ON: inactive players will automatically lose when time's up. (requested by ruirivers)\n|inactive|BeTransThrowHands has 60 seconds left.\n|\n|t:|1776461994\n|teamsize|p1|4\n|teamsize|p2|4\n|start\n|switch|p1a: Raichu|Raichu, L50, M|100/100\n|switch|p1b: Samurott|Samurott-Hisui, L50, M|100/100\n|switch|p2a: Delphox|Delphox, L50, F, shiny|100/100\n|switch|p2b: Aerodactyl|Aerodactyl, L50, F|100/100\n|-ability|p2b: Aerodactyl|Unnerve\n|turn|1\n|\n|t:|1776462024\n|switch|p2a: Clefable|Clefable, L50, F, shiny|100/100\n|move|p2b: Aerodactyl|Rock Slide|p1a: Raichu|[spread] p1a,p1b\n|-damage|p1a: Raichu|52/100\n|-damage|p1b: Samurott|72/100\n|replace|p1a: Zoroark|Zoroark-Hisui, L50, F\n|-end|p1a: Zoroark|Illusion\n|cant|p1a: Zoroark|flinch\n|move|p1b: Samurott|Razor Shell|p2b: Aerodactyl\n|-supereffective|p2b: Aerodactyl|1\n|-enditem|p2b: Aerodactyl|Focus Sash\n|-damage|p2b: Aerodactyl|1/100\n|-unboost|p2b: Aerodactyl|def|1\n|\n|upkeep\n|turn|2\n|inactive|BeTransThrowHands has 30 seconds left.\n|\n|t:|1776462051\n|move|p1b: Samurott|Detect|p1b: Samurott\n|-singleturn|p1b: Samurott|Protect\n|move|p2b: Aerodactyl|Tailwind|p2b: Aerodactyl\n|-sidestart|p2: BeTransThrowHands|move: Tailwind\n|move|p1a: Zoroark|Taunt|p2a: Clefable\n|-start|p2a: Clefable|move: Taunt\n|move|p2a: Clefable|Moonblast|p1b: Samurott\n|-activate|p1b: Samurott|move: Protect\n|\n|upkeep\n|turn|3\n|\n|t:|1776462070\n|move|p1b: Samurott|Sucker Punch|p2b: Aerodactyl\n|-damage|p2b: Aerodactyl|0 fnt\n|faint|p2b: Aerodactyl\n|move|p1a: Zoroark|Sludge Bomb|p2a: Clefable\n|-supereffective|p2a: Clefable|1\n|-damage|p2a: Clefable|42/100\n|-enditem|p2a: Clefable|Sitrus Berry|[eat]\n|-heal|p2a: Clefable|67/100|[from] item: Sitrus Berry\n|move|p2a: Clefable|Moonblast|p1b: Samurott\n|-supereffective|p1b: Samurott|1\n|-damage|p1b: Samurott|0 fnt\n|faint|p1b: Samurott\n|\n|upkeep\n|\n|t:|1776462086\n|switch|p2b: Sneasler|Sneasler, L50, F|100/100\n|switch|p1b: Arcanine|Arcanine-Hisui, L50, F|100/100\n|-ability|p1b: Arcanine|Intimidate|boost\n|-unboost|p2a: Clefable|atk|1\n|-unboost|p2b: Sneasler|atk|1\n|-enditem|p2b: Sneasler|White Herb\n|-clearnegativeboost|p2b: Sneasler|[silent]\n|turn|4\n|\n|t:|1776462097\n|move|p1b: Arcanine|Protect|p1b: Arcanine\n|-singleturn|p1b: Arcanine|Protect\n|move|p2b: Sneasler|Fake Out|p1b: Arcanine\n|-activate|p1b: Arcanine|move: Protect\n|move|p1a: Zoroark|Extrasensory|p2b: Sneasler\n|-supereffective|p2b: Sneasler|2\n|-damage|p2b: Sneasler|0 fnt\n|faint|p2b: Sneasler\n|move|p2a: Clefable|Moonblast|p1a: Zoroark\n|-damage|p1a: Zoroark|0 fnt\n|faint|p1a: Zoroark\n|\n|-end|p2a: Clefable|move: Taunt\n|upkeep\n|\n|t:|1776462108\n|switch|p2b: Delphox|Delphox, L50, F, shiny|100/100\n|switch|p1a: Raichu|Raichu, L50, M|100/100\n|turn|5\n|\n|t:|1776462126\n|move|p2b: Delphox|Protect|p2b: Delphox\n|-singleturn|p2b: Delphox|Protect\n|move|p2a: Clefable|Protect|p2a: Clefable\n|-singleturn|p2a: Clefable|Protect\n|move|p1a: Raichu|Fake Out|p2b: Delphox\n|-activate|p2b: Delphox|move: Protect\n|move|p1b: Arcanine|Rock Slide|p2b: Delphox|[spread] \n|-activate|p2a: Clefable|move: Protect\n|-activate|p2b: Delphox|move: Protect\n|\n|-sideend|p2: BeTransThrowHands|move: Tailwind\n|upkeep\n|turn|6\n|\n|t:|1776462146\n|detailschange|p2b: Delphox|Delphox-Mega, L50, F, shiny\n|-mega|p2b: Delphox|Delphox|Delphoxite\n|move|p2b: Delphox|Psychic|p1b: Arcanine\n|-damage|p1b: Arcanine|42/100\n|-unboost|p1b: Arcanine|spd|1\n|-enditem|p1b: Arcanine|Sitrus Berry|[eat]\n|-heal|p1b: Arcanine|67/100|[from] item: Sitrus Berry\n|move|p1a: Raichu|Encore|p2a: Clefable\n|-start|p2a: Clefable|Encore\n|move|p2a: Clefable|Protect||[still]\n|-fail|p2a: Clefable\n|move|p1b: Arcanine|Rock Slide|p2a: Clefable|[spread] p2a,p2b\n|-supereffective|p2b: Delphox|1\n|-damage|p2a: Clefable|40/100\n|-damage|p2b: Delphox|8/100\n|\n|upkeep\n|turn|7\n|inactive|BeTransThrowHands has 30 seconds left.\n|\n|t:|1776462173\n|move|p1b: Arcanine|Protect|p1b: Arcanine\n|-singleturn|p1b: Arcanine|Protect\n|move|p2a: Clefable|Protect|p2a: Clefable\n|-singleturn|p2a: Clefable|Protect\n|move|p2b: Delphox|Psychic|p1b: Arcanine\n|-activate|p1b: Arcanine|move: Protect\n|move|p1a: Raichu|Volt Switch|p2b: Delphox\n|-damage|p2b: Delphox|0 fnt\n|faint|p2b: Delphox\n|\n|upkeep\n|turn|8\n|-message|BeTransThrowHands forfeited.\n|\n|win|ruirivers\n|raw|ruirivers's rating: 1136 &rarr; <strong>1155</strong><br />(+19 for winning)\n|raw|BeTransThrowHands's rating: 1047 &rarr; <strong>1034</strong><br />(-13 for losing)\n",
  "uploadtime": 1776462181,
  "views": 22,
  "formatid": "gen9championsvgc2026regma",
  "rating": 1034,
  "private": 0,
  "password": null
}