{
  "id": "gen9championsvgc2026regma-2586417052",
  "format": "[Gen 9 Champions] VGC 2026 Reg M-A",
  "players": [
    "StarSmileXD",
    "Fraggggyyyyy"
  ],
  "log": "|j|\u2606StarSmileXD\n|j|\u2606Fraggggyyyyy\n|t:|1776433203\n|gametype|doubles\n|player|p1|StarSmileXD|cynthia|1082\n|player|p2|Fraggggyyyyy|266|1139\n|gen|9\n|tier|[Gen 9 Champions] VGC 2026 Reg M-A\n|rated|\n|rule|Species Clause: Limit one of each Pok\u00e9mon\n|rule|Item Clause: Limit 1 of each item\n|clearpoke\n|poke|p1|Lucario, L50, F|\n|poke|p1|Archaludon, L50, M|\n|poke|p1|Garchomp, L50, M|\n|poke|p1|Pelipper, L50, F|\n|poke|p1|Greninja-*, L50, M|\n|poke|p1|Dragapult, L50, F|\n|poke|p2|Glimmora, L50, F|\n|poke|p2|Dragonite, L50, M|\n|poke|p2|Pelipper, L50, F|\n|poke|p2|Archaludon, L50, F|\n|poke|p2|Rotom-Wash, L50|\n|poke|p2|Sneasler, L50, M|\n|teampreview|4\n|\n|t:|1776433244\n|teamsize|p1|4\n|teamsize|p2|4\n|start\n|switch|p1a: Garchomp|Garchomp, L50, M|100/100\n|switch|p1b: Greninja|Greninja, L50, M, shiny|100/100\n|switch|p2a: Pelipper|Pelipper, L50, F|100/100\n|switch|p2b: Dragonite|Dragonite, L50, M|100/100\n|-weather|RainDance|[from] ability: Drizzle|[of] p2a: Pelipper\n|turn|1\n|\n|t:|1776433264\n|detailschange|p1b: Greninja|Greninja-Mega, L50, M, shiny\n|-mega|p1b: Greninja|Greninja|Greninjite\n|move|p2b: Dragonite|Protect|p2b: Dragonite\n|-singleturn|p2b: Dragonite|Protect\n|move|p1b: Greninja|Ice Beam|p2b: Dragonite\n|-start|p1b: Greninja|typechange|Ice|[from] ability: Protean\n|-activate|p2b: Dragonite|move: Protect\n|move|p1a: Garchomp|Rock Slide|p2a: Pelipper|[spread] p2a\n|-activate|p2b: Dragonite|move: Protect\n|-supereffective|p2a: Pelipper|1\n|-damage|p2a: Pelipper|63/100\n|cant|p2a: Pelipper|flinch\n|\n|-weather|RainDance|[upkeep]\n|upkeep\n|turn|2\n|\n|t:|1776433314\n|detailschange|p2b: Dragonite|Dragonite-Mega, L50, M\n|-mega|p2b: Dragonite|Dragonite|Dragoninite\n|move|p1b: Greninja|Hydro Pump|p2b: Dragonite\n|-resisted|p2b: Dragonite|1\n|-damage|p2b: Dragonite|89/100\n|move|p1a: Garchomp|Rock Slide|p2a: Pelipper|[spread] p2a\n|-miss|p1a: Garchomp|p2b: Dragonite\n|-supereffective|p2a: Pelipper|1\n|-damage|p2a: Pelipper|32/100\n|-enditem|p2a: Pelipper|Sitrus Berry|[eat]\n|-heal|p2a: Pelipper|57/100|[from] item: Sitrus Berry\n|move|p2b: Dragonite|Thunderbolt|p1b: Greninja\n|-damage|p1b: Greninja|56/100\n|move|p2a: Pelipper|Weather Ball|p1a: Garchomp\n|-damage|p1a: Garchomp|40/100\n|\n|-weather|RainDance|[upkeep]\n|upkeep\n|turn|3\n|\n|t:|1776433346\n|switch|p1b: Pelipper|Pelipper, L50, F|100/100\n|switch|p2a: Rotom|Rotom-Wash, L50|100/100\n|move|p1a: Garchomp|Dragon Claw|p2b: Dragonite\n|-supereffective|p2b: Dragonite|1\n|-damage|p2b: Dragonite|23/100\n|move|p2b: Dragonite|Hurricane|p1a: Garchomp\n|-damage|p1a: Garchomp|0 fnt\n|faint|p1a: Garchomp\n|\n|-weather|RainDance|[upkeep]\n|upkeep\n|\n|t:|1776433360\n|switch|p1a: Greninja|Greninja-Mega, L50, M, shiny|56/100\n|turn|4\n|\n|t:|1776433386\n|move|p2b: Dragonite|Protect|p2b: Dragonite\n|-singleturn|p2b: Dragonite|Protect\n|move|p1a: Greninja|Ice Beam|p2b: Dragonite\n|-start|p1a: Greninja|typechange|Ice|[from] ability: Protean\n|-activate|p2b: Dragonite|move: Protect\n|move|p2a: Rotom|Discharge|p1a: Greninja|[spread] p1a,p1b\n|-activate|p2b: Dragonite|move: Protect\n|-supereffective|p1b: Pelipper|2\n|-damage|p1a: Greninja|24/100\n|-enditem|p1b: Pelipper|Focus Sash\n|-damage|p1b: Pelipper|1/100\n|move|p1b: Pelipper|Muddy Water|p2a: Rotom|[spread] p2a\n|-activate|p2b: Dragonite|move: Protect\n|-resisted|p2a: Rotom|1\n|-damage|p2a: Rotom|77/100\n|-unboost|p2a: Rotom|accuracy|1\n|\n|-weather|RainDance|[upkeep]\n|upkeep\n|turn|5\n|\n|t:|1776433416\n|switch|p1b: Dragapult|Dragapult, L50, F|100/100\n|move|p1a: Greninja|Ice Beam|p2b: Dragonite\n|-supereffective|p2b: Dragonite|2\n|-damage|p2b: Dragonite|0 fnt\n|faint|p2b: Dragonite\n|move|p2a: Rotom|Discharge|p1a: Greninja|[spread] p1b\n|-miss|p2a: Rotom|p1a: Greninja\n|-resisted|p1b: Dragapult|1\n|-damage|p1b: Dragapult|85/100\n|\n|-weather|none\n|upkeep\n|\n|t:|1776433428\n|switch|p2b: Pelipper|Pelipper, L50, F|57/100\n|-weather|RainDance|[from] ability: Drizzle|[of] p2b: Pelipper\n|turn|6\n|\n|t:|1776433444\n|move|p2a: Rotom|Protect|p2a: Rotom\n|-singleturn|p2a: Rotom|Protect\n|move|p2b: Pelipper|Protect|p2b: Pelipper\n|-singleturn|p2b: Pelipper|Protect\n|move|p1a: Greninja|Hydro Pump|p2a: Rotom\n|-activate|p2a: Rotom|move: Protect\n|move|p1b: Dragapult|Thunder|p2b: Pelipper\n|-activate|p2b: Pelipper|move: Protect\n|\n|-weather|RainDance|[upkeep]\n|upkeep\n|turn|7\n|\n|t:|1776433468\n|switch|p2a: Sneasler|Sneasler, L50, M|100/100\n|-ability|p2a: Sneasler|Pressure\n|move|p1a: Greninja|Hydro Pump|p2a: Sneasler\n|-damage|p2a: Sneasler|17/100\n|move|p1b: Dragapult|Thunder|p2b: Pelipper\n|-supereffective|p2b: Pelipper|2\n|-damage|p2b: Pelipper|0 fnt\n|faint|p2b: Pelipper\n|\n|-weather|RainDance|[upkeep]\n|upkeep\n|\n|t:|1776433478\n|switch|p2b: Rotom|Rotom-Wash, L50|77/100\n|turn|8\n|\n|t:|1776433494\n|move|p1a: Greninja|Hydro Pump|p2a: Sneasler|[miss]\n|-miss|p1a: Greninja|p2a: Sneasler\n|move|p1b: Dragapult|Draco Meteor|p2a: Sneasler\n|-damage|p2a: Sneasler|0 fnt\n|-unboost|p1b: Dragapult|spa|2\n|faint|p2a: Sneasler\n|move|p2b: Rotom|Shadow Ball|p1b: Dragapult\n|-supereffective|p1b: Dragapult|1\n|-damage|p1b: Dragapult|24/100\n|\n|-weather|RainDance|[upkeep]\n|upkeep\n|turn|9\n|\n|t:|1776433516\n|move|p1b: Dragapult|Thunder|p2b: Rotom\n|-damage|p2b: Rotom|64/100\n|move|p1a: Greninja|Ice Beam|p2b: Rotom\n|-resisted|p2b: Rotom|1\n|-damage|p2b: Rotom|39/100\n|move|p2b: Rotom|Shadow Ball|p1b: Dragapult\n|-supereffective|p1b: Dragapult|1\n|-damage|p1b: Dragapult|0 fnt\n|faint|p1b: Dragapult\n|\n|-weather|RainDance|[upkeep]\n|upkeep\n|\n|t:|1776433530\n|switch|p1b: Pelipper|Pelipper, L50, F|1/100\n|turn|10\n|\n|t:|1776433550\n|move|p1a: Greninja|Hydro Pump|p2b: Rotom|[miss]\n|-miss|p1a: Greninja|p2b: Rotom\n|move|p2b: Rotom|Discharge|p1a: Greninja|[spread] p1a,p1b\n|-supereffective|p1b: Pelipper|2\n|-damage|p1a: Greninja|0 fnt\n|-damage|p1b: Pelipper|0 fnt\n|faint|p1a: Greninja\n|faint|p1b: Pelipper\n|\n|win|Fraggggyyyyy\n|raw|StarSmileXD's rating: 1082 &rarr; <strong>1063</strong><br />(-19 for losing)\n|raw|Fraggggyyyyy's rating: 1139 &rarr; <strong>1160</strong><br />(+21 for winning)\n|l|\u2606StarSmileXD\n|player|p1|\n",
  "uploadtime": 1776433652,
  "views": 39,
  "formatid": "gen9championsvgc2026regma",
  "rating": 1063,
  "private": 0,
  "password": null
}