{
  "id": "gen9championsvgc2026regma-2582376762",
  "format": "[Gen 9 Champions] VGC 2026 Reg M-A",
  "players": [
    "Jeremykhoo",
    "Ae310"
  ],
  "log": "|j|\u2606Jeremykhoo\n|j|\u2606Ae310\n|t:|1776087538\n|gametype|doubles\n|player|p1|Jeremykhoo|101|1093\n|player|p2|Ae310|gardenia|1151\n|gen|9\n|tier|[Gen 9 Champions] VGC 2026 Reg M-A\n|rated|\n|rule|Species Clause: Limit one of each Pok\u00e9mon\n|rule|Item Clause: Limit 1 of each item\n|clearpoke\n|poke|p1|Tyranitar, L50, F|\n|poke|p1|Whimsicott, L50, F|\n|poke|p1|Aggron, L50, M|\n|poke|p1|Drampa, L50, M|\n|poke|p1|Sylveon, L50, M|\n|poke|p1|Arcanine, L50, F|\n|poke|p2|Sharpedo, L50, M|\n|poke|p2|Sneasler, L50, M|\n|poke|p2|Sylveon, L50, M|\n|poke|p2|Arcanine, L50, M|\n|poke|p2|Gengar, L50, F|\n|poke|p2|Pelipper, L50, M|\n|teampreview|4\n|\n|t:|1776087631\n|teamsize|p1|4\n|teamsize|p2|4\n|start\n|switch|p1a: Whimsicott|Whimsicott, L50, F|100/100\n|switch|p1b: Aggron|Aggron, L50, M|100/100\n|switch|p2a: Sharpedo|Sharpedo, L50, M, shiny|100/100\n|switch|p2b: Sneasler|Sneasler, L50, M|100/100\n|turn|1\n|\n|t:|1776087664\n|detailschange|p1b: Aggron|Aggron-Mega, L50, M\n|-mega|p1b: Aggron|Aggron|Aggronite\n|move|p2a: Sharpedo|Protect|p2a: Sharpedo\n|-singleturn|p2a: Sharpedo|Protect\n|move|p1a: Whimsicott|Tailwind|p1a: Whimsicott\n|-sidestart|p1: Jeremykhoo|move: Tailwind\n|move|p2b: Sneasler|Coaching|p2a: Sharpedo\n|-boost|p2a: Sharpedo|atk|1\n|-boost|p2a: Sharpedo|def|1\n|move|p1b: Aggron|Iron Defense|p1b: Aggron\n|-boost|p1b: Aggron|def|2\n|\n|-ability|p2a: Sharpedo|Speed Boost|boost\n|-boost|p2a: Sharpedo|spe|1\n|upkeep\n|turn|2\n|\n|t:|1776087709\n|switch|p2b: Arcanine|Arcanine, L50, M|100/100\n|-ability|p2b: Arcanine|Intimidate|boost\n|-unboost|p1a: Whimsicott|atk|1\n|-unboost|p1b: Aggron|atk|1\n|detailschange|p2a: Sharpedo|Sharpedo-Mega, L50, M, shiny\n|-mega|p2a: Sharpedo|Sharpedo|Sharpedonite\n|move|p1a: Whimsicott|Encore||[still]\n|-fail|p1a: Whimsicott\n|move|p2a: Sharpedo|Crunch|p1a: Whimsicott\n|-resisted|p1a: Whimsicott|1\n|-damage|p1a: Whimsicott|35/100\n|move|p1b: Aggron|Body Press|p2a: Sharpedo\n|-supereffective|p2a: Sharpedo|1\n|-damage|p2a: Sharpedo|0 fnt\n|faint|p2a: Sharpedo\n|\n|upkeep\n|\n|t:|1776087725\n|switch|p2a: Sneasler|Sneasler, L50, M|100/100\n|turn|3\n|\n|t:|1776087760\n|switch|p1a: Drampa|Drampa, L50, M|100/100\n|move|p2a: Sneasler|Close Combat|p1b: Aggron\n|-supereffective|p1b: Aggron|1\n|-damage|p1b: Aggron|75/100\n|-unboost|p2a: Sneasler|def|1\n|-unboost|p2a: Sneasler|spd|1\n|-enditem|p2a: Sneasler|White Herb\n|-clearnegativeboost|p2a: Sneasler|[silent]\n|move|p1b: Aggron|Heavy Slam|p2a: Sneasler\n|-damage|p2a: Sneasler|41/100\n|move|p2b: Arcanine|Overheat|p1b: Aggron\n|-supereffective|p1b: Aggron|1\n|-damage|p1b: Aggron|14/100\n|-unboost|p2b: Arcanine|spa|2\n|\n|upkeep\n|turn|4\n|\n|t:|1776087790\n|move|p1b: Aggron|Protect|p1b: Aggron\n|-singleturn|p1b: Aggron|Protect\n|move|p2a: Sneasler|Close Combat|p1a: Drampa\n|-supereffective|p1a: Drampa|1\n|-damage|p1a: Drampa|0 fnt\n|-unboost|p2a: Sneasler|def|1\n|-unboost|p2a: Sneasler|spd|1\n|faint|p1a: Drampa\n|move|p2b: Arcanine|Overheat|p1b: Aggron\n|-activate|p1b: Aggron|move: Protect\n|\n|-sideend|p1: Jeremykhoo|move: Tailwind\n|upkeep\n|\n|t:|1776087803\n|switch|p1a: Whimsicott|Whimsicott, L50, F|35/100\n|turn|5\n|\n|t:|1776087818\n|move|p1b: Aggron|Protect||[still]\n|-fail|p1b: Aggron\n|move|p2b: Arcanine|Extreme Speed|p1a: Whimsicott\n|-damage|p1a: Whimsicott|12/100\n|move|p2a: Sneasler|Close Combat|p1b: Aggron\n|-supereffective|p1b: Aggron|1\n|-damage|p1b: Aggron|0 fnt\n|-unboost|p2a: Sneasler|def|1\n|-unboost|p2a: Sneasler|spd|1\n|faint|p1b: Aggron\n|move|p1a: Whimsicott|Moonblast|p2a: Sneasler\n|-damage|p2a: Sneasler|0 fnt\n|faint|p2a: Sneasler\n|\n|upkeep\n|\n|t:|1776087835\n|switch|p2a: Sylveon|Sylveon, L50, M|100/100\n|switch|p1b: Sylveon|Sylveon, L50, M|100/100\n|turn|6\n|\n|t:|1776087845\n|move|p2b: Arcanine|Extreme Speed|p1a: Whimsicott\n|-damage|p1a: Whimsicott|0 fnt\n|faint|p1a: Whimsicott\n|move|p1b: Sylveon|Hyper Voice|p2a: Sylveon|[spread] p2a,p2b\n|-resisted|p2b: Arcanine|1\n|-damage|p2a: Sylveon|69/100\n|-damage|p2b: Arcanine|79/100\n|move|p2a: Sylveon|Hyper Voice|p1b: Sylveon\n|-damage|p1b: Sylveon|57/100\n|\n|upkeep\n|turn|7\n|\n|t:|1776087856\n|move|p1b: Sylveon|Hyper Voice|p2b: Arcanine|[spread] p2a,p2b\n|-resisted|p2b: Arcanine|1\n|-damage|p2a: Sylveon|42/100\n|-damage|p2b: Arcanine|56/100\n|move|p2b: Arcanine|Snarl|p1b: Sylveon\n|-resisted|p1b: Sylveon|1\n|-damage|p1b: Sylveon|55/100\n|-unboost|p1b: Sylveon|spa|1\n|move|p2a: Sylveon|Hyper Beam|p1b: Sylveon|[miss]\n|-miss|p2a: Sylveon|p1b: Sylveon\n|\n|upkeep\n|turn|8\n|\n|t:|1776087886\n|move|p1b: Sylveon|Calm Mind|p1b: Sylveon\n|-boost|p1b: Sylveon|spa|1\n|-boost|p1b: Sylveon|spd|1\n|move|p2b: Arcanine|Snarl|p1b: Sylveon\n|-resisted|p1b: Sylveon|1\n|-damage|p1b: Sylveon|53/100\n|-unboost|p1b: Sylveon|spa|1\n|move|p2a: Sylveon|Hyper Beam|p1b: Sylveon\n|-damage|p1b: Sylveon|8/100\n|-mustrecharge|p2a: Sylveon\n|\n|upkeep\n|turn|9\n|\n|t:|1776087901\n|move|p2b: Arcanine|Extreme Speed|p1b: Sylveon\n|-damage|p1b: Sylveon|0 fnt\n|faint|p1b: Sylveon\n|\n|win|Ae310\n|raw|Jeremykhoo's rating: 1093 &rarr; <strong>1073</strong><br />(-20 for losing)\n|raw|Ae310's rating: 1151 &rarr; <strong>1172</strong><br />(+21 for winning)\n|l|\u2606Ae310\n|player|p2|\n|c|\u2606Jeremykhoo|Ggwp\n",
  "uploadtime": 1776087908,
  "views": 15,
  "formatid": "gen9championsvgc2026regma",
  "rating": 1073,
  "private": 0,
  "password": null
}