{
  "id": "gen9championsvgc2026regma-2581414448",
  "format": "[Gen 9 Champions] VGC 2026 Reg M-A",
  "players": [
    "Rosemary790",
    "B. Farro"
  ],
  "log": "|j|\u2606Rosemary790\n|j|\u2606B. Farro\n|t:|1775998007\n|gametype|doubles\n|player|p1|Rosemary790|266|1155\n|player|p2|B. Farro|ingo|1114\n|gen|9\n|tier|[Gen 9 Champions] VGC 2026 Reg M-A\n|rated|\n|rule|Species Clause: Limit one of each Pok\u00e9mon\n|rule|Item Clause: Limit 1 of each item\n|clearpoke\n|poke|p1|Gengar, L50, F|\n|poke|p1|Incineroar, L50, F|\n|poke|p1|Sinistcha, L50|\n|poke|p1|Tyranitar, L50, F|\n|poke|p1|Kingambit, L50, F|\n|poke|p1|Kommo-o, L50, F|\n|poke|p2|Glimmora, L50, F|\n|poke|p2|Whimsicott, L50, M|\n|poke|p2|Altaria, L50, F|\n|poke|p2|Tauros-Paldea-Blaze, L50, M|\n|poke|p2|Garchomp, L50, F|\n|poke|p2|Kangaskhan, L50, F|\n|teampreview|4\n|inactive|Battle timer is ON: inactive players will automatically lose when time's up. (requested by Rosemary790)\n|inactive|B. Farro has 60 seconds left.\n|\n|t:|1775998048\n|teamsize|p1|4\n|teamsize|p2|4\n|start\n|switch|p1a: Incineroar|Incineroar, L50, F, shiny|100/100\n|switch|p1b: Gengar|Gengar, L50, F, shiny|100/100\n|switch|p2a: Glimmora|Glimmora, L50, F|100/100\n|switch|p2b: Whimsicott|Whimsicott, L50, M|100/100\n|-ability|p1a: Incineroar|Intimidate|boost\n|-unboost|p2a: Glimmora|atk|1\n|-unboost|p2b: Whimsicott|atk|1\n|turn|1\n|\n|t:|1775998063\n|detailschange|p1b: Gengar|Gengar-Mega, L50, F, shiny\n|-mega|p1b: Gengar|Gengar|Gengarite\n|detailschange|p2a: Glimmora|Glimmora-Mega, L50, F\n|-mega|p2a: Glimmora|Glimmora|Glimmoranite\n|move|p1a: Incineroar|Fake Out|p2a: Glimmora\n|-resisted|p2a: Glimmora|1\n|-damage|p2a: Glimmora|94/100\n|move|p2b: Whimsicott|Tailwind|p2b: Whimsicott\n|-sidestart|p2: B. Farro|move: Tailwind\n|cant|p2a: Glimmora|flinch\n|move|p1b: Gengar|Perish Song|p1b: Gengar\n|-start|p1a: Incineroar|perish3|[silent]\n|-start|p1b: Gengar|perish3|[silent]\n|-start|p2a: Glimmora|perish3|[silent]\n|-start|p2b: Whimsicott|perish3|[silent]\n|-fieldactivate|move: Perish Song\n|\n|-start|p2b: Whimsicott|perish3\n|-start|p2a: Glimmora|perish3\n|-start|p1b: Gengar|perish3\n|-start|p1a: Incineroar|perish3\n|upkeep\n|turn|2\n|inactive|Rosemary790 has 30 seconds left.\n|inactive|B. Farro has 30 seconds left.\n|inactive|B. Farro has 20 seconds left.\n|\n|t:|1775998101\n|move|p1b: Gengar|Protect|p1b: Gengar\n|-singleturn|p1b: Gengar|Protect\n|move|p1a: Incineroar|Protect|p1a: Incineroar\n|-singleturn|p1a: Incineroar|Protect\n|move|p2b: Whimsicott|Encore|p1a: Incineroar\n|-activate|p1a: Incineroar|move: Protect\n|move|p2a: Glimmora|Power Gem|p1a: Incineroar\n|-activate|p1a: Incineroar|move: Protect\n|\n|-start|p2b: Whimsicott|perish2\n|-start|p2a: Glimmora|perish2\n|-start|p1b: Gengar|perish2\n|-start|p1a: Incineroar|perish2\n|upkeep\n|turn|3\n|inactive|Rosemary790 has 30 seconds left.\n|inactive|Rosemary790 has 20 seconds left.\n|\n|t:|1775998139\n|switch|p1b: Kingambit|Kingambit, L50, F, shiny|100/100\n|move|p2b: Whimsicott|Encore|p1b: Kingambit\n|-hint|Since gen 7, Dark is immune to Prankster moves.\n|-immune|p1b: Kingambit\n|move|p2a: Glimmora|Earth Power|p1b: Kingambit\n|-supereffective|p1b: Kingambit|1\n|-damage|p1b: Kingambit|29/100\n|-unboost|p1b: Kingambit|spd|1\n|-ability|p1b: Kingambit|Defiant|boost\n|-boost|p1b: Kingambit|atk|2\n|move|p1a: Incineroar|Parting Shot|p2a: Glimmora\n|-unboost|p2a: Glimmora|atk|1\n|-unboost|p2a: Glimmora|spa|1\n|\n|t:|1775998153\n|switch|p1a: Gengar|Gengar-Mega, L50, F, shiny|100/100|[from] Parting Shot\n|\n|-start|p2a: Glimmora|perish1\n|-start|p2b: Whimsicott|perish1\n|upkeep\n|turn|4\n|\n|t:|1775998166\n|move|p1a: Gengar|Protect|p1a: Gengar\n|-singleturn|p1a: Gengar|Protect\n|move|p1b: Kingambit|Protect|p1b: Kingambit\n|-singleturn|p1b: Kingambit|Protect\n|move|p2b: Whimsicott|Moonblast|p1b: Kingambit\n|-activate|p1b: Kingambit|move: Protect\n|move|p2a: Glimmora|Earth Power|p1a: Gengar\n|-activate|p1a: Gengar|move: Protect\n|\n|-start|p2b: Whimsicott|perish0\n|-start|p2a: Glimmora|perish0\n|-sideend|p2: B. Farro|move: Tailwind\n|faint|p2b: Whimsicott\n|faint|p2a: Glimmora\n|upkeep\n|\n|t:|1775998170\n|switch|p2a: Tauros|Tauros-Paldea-Blaze, L50, M|100/100\n|switch|p2b: Garchomp|Garchomp, L50, F|100/100\n|-ability|p2a: Tauros|Intimidate|boost\n|-unboost|p1a: Gengar|atk|1\n|-unboost|p1b: Kingambit|atk|1\n|-ability|p1b: Kingambit|Defiant|boost\n|-boost|p1b: Kingambit|atk|2\n|turn|5\n|\n|t:|1775998192\n|move|p1b: Kingambit|Sucker Punch|p2b: Garchomp\n|-damage|p2b: Garchomp|0 fnt\n|-damage|p1b: Kingambit|17/100|[from] ability: Rough Skin|[of] p2b: Garchomp\n|faint|p2b: Garchomp\n|move|p1a: Gengar|Perish Song|p1a: Gengar\n|-start|p1a: Gengar|perish3|[silent]\n|-start|p1b: Kingambit|perish3|[silent]\n|-start|p2a: Tauros|perish3|[silent]\n|-fieldactivate|move: Perish Song\n|move|p2a: Tauros|Raging Bull|p1b: Kingambit\n|-supereffective|p1b: Kingambit|1\n|-damage|p1b: Kingambit|0 fnt\n|faint|p1b: Kingambit\n|\n|-start|p1a: Gengar|perish3\n|-start|p2a: Tauros|perish3\n|upkeep\n|-message|B. Farro forfeited.\n|\n|win|Rosemary790\n|raw|Rosemary790's rating: 1155 &rarr; <strong>1177</strong><br />(+22 for winning)\n|raw|B. Farro's rating: 1114 &rarr; <strong>1092</strong><br />(-22 for losing)\n",
  "uploadtime": 1775998206,
  "views": 17,
  "formatid": "gen9championsvgc2026regma",
  "rating": 1092,
  "private": 0,
  "password": null
}