{
  "id": "gen9championsvgc2026regma-2580530757",
  "format": "[Gen 9 Champions] VGC 2026 Reg M-A",
  "players": [
    "Keshari",
    "parrable"
  ],
  "log": "|j|\u2606Keshari\n|j|\u2606parrable\n|t:|1775909451\n|gametype|doubles\n|player|p1|Keshari|cynthia-gen4|1055\n|player|p2|parrable|harlequin|1050\n|gen|9\n|tier|[Gen 9 Champions] VGC 2026 Reg M-A\n|rated|\n|rule|Species Clause: Limit one of each Pok\u00e9mon\n|rule|Item Clause: Limit 1 of each item\n|clearpoke\n|poke|p1|Froslass, L50, F|\n|poke|p1|Incineroar, L50, M|\n|poke|p1|Whimsicott, L50, M|\n|poke|p1|Farigiraf, L50, F|\n|poke|p1|Garchomp, L50, M|\n|poke|p1|Dragapult, L50, F|\n|poke|p2|Altaria, L50, F|\n|poke|p2|Lucario, L50, F|\n|poke|p2|Raichu, L50, F|\n|poke|p2|Gengar, L50, F|\n|poke|p2|Azumarill, L50, M|\n|poke|p2|Clefable, L50, M|\n|teampreview|4\n|inactive|Battle timer is ON: inactive players will automatically lose when time's up. (requested by parrable)\n|inactive|Keshari has 60 seconds left.\n|\n|t:|1775909487\n|teamsize|p1|4\n|teamsize|p2|4\n|start\n|switch|p1a: Froslass|Froslass, L50, F|100/100\n|switch|p1b: Whimsicott|Whimsicott, L50, M|100/100\n|switch|p2a: Lucario|Lucario, L50, F|100/100\n|switch|p2b: Raichu|Raichu, L50, F|100/100\n|turn|1\n|inactive|Keshari has 30 seconds left.\n|\n|t:|1775909520\n|switch|p1a: Garchomp|Garchomp, L50, M|100/100\n|move|p2b: Raichu|Fake Out|p1b: Whimsicott\n|-crit|p1b: Whimsicott\n|-damage|p1b: Whimsicott|82/100\n|cant|p1b: Whimsicott|flinch\n|move|p2a: Lucario|Flash Cannon|p1b: Whimsicott\n|-supereffective|p1b: Whimsicott|1\n|-crit|p1b: Whimsicott\n|-damage|p1b: Whimsicott|0 fnt\n|faint|p1b: Whimsicott\n|\n|upkeep\n|\n|t:|1775909534\n|switch|p1b: Incineroar|Incineroar, L50, M|100/100\n|-ability|p1b: Incineroar|Intimidate|boost\n|-fail|p2a: Lucario|unboost|Attack|[from] ability: Inner Focus|[of] p2a: Lucario\n|-unboost|p2b: Raichu|atk|1\n|turn|2\n|\n|t:|1775909554\n|switch|p2a: Clefable|Clefable, L50, M|100/100\n|move|p2b: Raichu|Protect|p2b: Raichu\n|-singleturn|p2b: Raichu|Protect\n|move|p1b: Incineroar|Protect|p1b: Incineroar\n|-singleturn|p1b: Incineroar|Protect\n|move|p1a: Garchomp|Earthquake|p2b: Raichu|[spread] p2a\n|-activate|p1b: Incineroar|move: Protect\n|-activate|p2b: Raichu|move: Protect\n|-damage|p2a: Clefable|60/100\n|\n|upkeep\n|turn|3\n|inactive|Keshari has 30 seconds left.\n|inactive|Keshari has 20 seconds left.\n|\n|t:|1775909591\n|switch|p1a: Froslass|Froslass, L50, F|100/100\n|switch|p2b: Lucario|Lucario, L50, F|100/100\n|move|p1b: Incineroar|Parting Shot|p2a: Clefable\n|-unboost|p2a: Clefable|atk|1\n|-unboost|p2a: Clefable|spa|1\n|\n|t:|1775909600\n|switch|p1b: Garchomp|Garchomp, L50, M|100/100|[from] Parting Shot\n|move|p2a: Clefable|Sing|p1a: Froslass|[miss]\n|-miss|p2a: Clefable|p1a: Froslass\n|\n|upkeep\n|turn|4\n|\n|t:|1775909616\n|detailschange|p1a: Froslass|Froslass-Mega, L50, F\n|-mega|p1a: Froslass|Froslass|Froslassite\n|-weather|Snowscape|[from] ability: Snow Warning|[of] p1a: Froslass\n|move|p1b: Garchomp|Poison Jab|p2a: Clefable\n|-supereffective|p2a: Clefable|1\n|-damage|p2a: Clefable|0 fnt\n|faint|p2a: Clefable\n|move|p2b: Lucario|Final Gambit|p1b: Garchomp\n|-damage|p1b: Garchomp|5/100\n|faint|p2b: Lucario\n|move|p1a: Froslass|Blizzard|p2: Clefable|[notarget]\n|-fail|p1a: Froslass\n|\n|-weather|Snowscape|[upkeep]\n|upkeep\n|\n|t:|1775909629\n|switch|p2b: Gengar|Gengar, L50, F|100/100\n|switch|p2a: Raichu|Raichu, L50, F|100/100\n|turn|5\n|\n|t:|1775909642\n|switch|p1b: Incineroar|Incineroar, L50, M|100/100\n|-ability|p1b: Incineroar|Intimidate|boost\n|-unboost|p2a: Raichu|atk|1\n|-unboost|p2b: Gengar|atk|1\n|detailschange|p2b: Gengar|Gengar-Mega, L50, F\n|-mega|p2b: Gengar|Gengar|Gengarite\n|move|p2a: Raichu|Fake Out|p1b: Incineroar\n|-damage|p1b: Incineroar|96/100\n|move|p2b: Gengar|Shadow Ball|p1a: Froslass\n|-supereffective|p1a: Froslass|1\n|-damage|p1a: Froslass|0 fnt\n|faint|p1a: Froslass\n|\n|-weather|Snowscape|[upkeep]\n|upkeep\n|\n|t:|1775909662\n|switch|p1a: Garchomp|Garchomp, L50, M|5/100\n|turn|6\n|\n|t:|1775909676\n|move|p2b: Gengar|Protect|p2b: Gengar\n|-singleturn|p2b: Gengar|Protect\n|move|p2a: Raichu|Protect|p2a: Raichu\n|-singleturn|p2a: Raichu|Protect\n|move|p1b: Incineroar|Protect|p1b: Incineroar\n|-singleturn|p1b: Incineroar|Protect\n|move|p1a: Garchomp|Earthquake|p2a: Raichu|[spread] \n|-activate|p1b: Incineroar|move: Protect\n|-activate|p2a: Raichu|move: Protect\n|-activate|p2b: Gengar|move: Protect\n|\n|-weather|Snowscape|[upkeep]\n|upkeep\n|turn|7\n|\n|t:|1775909699\n|move|p1a: Garchomp|Earthquake|p2b: Gengar|[spread] p1b,p2a,p2b\n|-supereffective|p1b: Incineroar|1\n|-supereffective|p2a: Raichu|1\n|-supereffective|p2b: Gengar|1\n|-damage|p1b: Incineroar|22/100\n|-enditem|p2a: Raichu|Focus Sash\n|-damage|p2a: Raichu|1/100\n|-damage|p2b: Gengar|0 fnt\n|faint|p2b: Gengar\n|move|p2a: Raichu|Electro Ball|p1b: Incineroar\n|-damage|p1b: Incineroar|0 fnt\n|faint|p1b: Incineroar\n|\n|-weather|Snowscape|[upkeep]\n|upkeep\n|turn|8\n|-message|parrable forfeited.\n|\n|win|Keshari\n|raw|Keshari's rating: 1055 &rarr; <strong>1086</strong><br />(+31 for winning)\n|raw|parrable's rating: 1050 &rarr; <strong>1033</strong><br />(-17 for losing)\n",
  "uploadtime": 1775909722,
  "views": 23,
  "formatid": "gen9championsvgc2026regma",
  "rating": 1033,
  "private": 0,
  "password": null
}