{
  "id": "gen9championsvgc2026regma-2580855850",
  "format": "[Gen 9 Champions] VGC 2026 Reg M-A",
  "players": [
    "grok how do i win?",
    "Icydogg"
  ],
  "log": "|j|\u2606grok how do i win?\n|j|\u2606Icydogg\n|t:|1775938063\n|gametype|doubles\n|player|p1|grok how do i win?|1|1210\n|player|p2|Icydogg|1|1250\n|gen|9\n|tier|[Gen 9 Champions] VGC 2026 Reg M-A\n|rated|\n|rule|Species Clause: Limit one of each Pok\u00e9mon\n|rule|Item Clause: Limit 1 of each item\n|clearpoke\n|poke|p1|Charizard, L50, M|\n|poke|p1|Venusaur, L50, M|\n|poke|p1|Garchomp, L50, M|\n|poke|p1|Incineroar, L50, F|\n|poke|p1|Whimsicott, L50, F|\n|poke|p1|Raichu, L50, M|\n|poke|p2|Whimsicott, L50, F|\n|poke|p2|Sneasler, L50, M|\n|poke|p2|Floette-Eternal, L50, F|\n|poke|p2|Kingambit, L50, F|\n|poke|p2|Arcanine-Hisui, L50, M|\n|poke|p2|Volcarona, L50, F|\n|teampreview|4\n|inactive|Battle timer is ON: inactive players will automatically lose when time's up. (requested by Icydogg)\n|\n|t:|1775938090\n|teamsize|p1|4\n|teamsize|p2|4\n|start\n|switch|p1a: Whimsicott|Whimsicott, L50, F, shiny|100/100\n|switch|p1b: Garchomp|Garchomp, L50, M|100/100\n|switch|p2a: Whimsicott|Whimsicott, L50, F, shiny|100/100\n|switch|p2b: Arcanine|Arcanine-Hisui, L50, M, shiny|100/100\n|-ability|p2b: Arcanine|Intimidate|boost\n|-unboost|p1a: Whimsicott|atk|1\n|-unboost|p1b: Garchomp|atk|1\n|turn|1\n|\n|t:|1775938103\n|switch|p2b: Floette|Floette-Eternal, L50, F|100/100\n|move|p1a: Whimsicott|Tailwind|p1a: Whimsicott\n|-sidestart|p1: grok how do i win?|move: Tailwind\n|move|p2a: Whimsicott|Tailwind|p2a: Whimsicott\n|-sidestart|p2: Icydogg|move: Tailwind\n|move|p1b: Garchomp|Earthquake|p2b: Floette|[spread] p1a,p2a,p2b\n|-resisted|p1a: Whimsicott|1\n|-resisted|p2a: Whimsicott|1\n|-damage|p1a: Whimsicott|84/100\n|-damage|p2a: Whimsicott|83/100\n|-damage|p2b: Floette|59/100\n|\n|upkeep\n|turn|2\n|\n|t:|1775938117\n|detailschange|p2b: Floette|Floette-Mega, L50, F\n|-mega|p2b: Floette|Floette|Floettite\n|-ability|p2b: Floette|Fairy Aura\n|move|p2a: Whimsicott|Encore|p1a: Whimsicott\n|-start|p1a: Whimsicott|Encore\n|-enditem|p1a: Whimsicott|Mental Herb\n|-end|p1a: Whimsicott|Encore\n|move|p1a: Whimsicott|Fake Tears|p2b: Floette\n|-unboost|p2b: Floette|spd|2\n|move|p1b: Garchomp|Rock Slide|p2a: Whimsicott|[spread] p2a,p2b\n|-damage|p2a: Whimsicott|62/100\n|-damage|p2b: Floette|43/100\n|cant|p2b: Floette|flinch\n|\n|upkeep\n|turn|3\n|\n|t:|1775938135\n|move|p2b: Floette|Protect|p2b: Floette\n|-singleturn|p2b: Floette|Protect\n|move|p2a: Whimsicott|Encore|p1a: Whimsicott\n|-start|p1a: Whimsicott|Encore\n|move|p1a: Whimsicott|Fake Tears|p2b: Floette\n|-activate|p2b: Floette|move: Protect\n|move|p1b: Garchomp|Earthquake|p2b: Floette|[spread] p1a,p2a\n|-activate|p2b: Floette|move: Protect\n|-resisted|p1a: Whimsicott|1\n|-resisted|p2a: Whimsicott|1\n|-damage|p1a: Whimsicott|69/100\n|-damage|p2a: Whimsicott|44/100\n|\n|upkeep\n|turn|4\n|\n|t:|1775938149\n|switch|p1a: Charizard|Charizard, L50, M, shiny|100/100\n|move|p2a: Whimsicott|Moonblast|p1b: Garchomp\n|-supereffective|p1b: Garchomp|1\n|-damage|p1b: Garchomp|0 fnt\n|faint|p1b: Garchomp\n|move|p2b: Floette|Dazzling Gleam|p1a: Charizard\n|-resisted|p1a: Charizard|1\n|-damage|p1a: Charizard|52/100\n|\n|-sideend|p2: Icydogg|move: Tailwind\n|-sideend|p1: grok how do i win?|move: Tailwind\n|upkeep\n|\n|t:|1775938159\n|switch|p1b: Whimsicott|Whimsicott, L50, F, shiny|69/100\n|turn|5\n|\n|t:|1775938166\n|detailschange|p1a: Charizard|Charizard-Mega-Y, L50, M, shiny\n|-mega|p1a: Charizard|Charizard|Charizardite Y\n|-weather|SunnyDay|[from] ability: Drought|[of] p1a: Charizard\n|move|p2a: Whimsicott|Tailwind|p2a: Whimsicott\n|-sidestart|p2: Icydogg|move: Tailwind\n|move|p1b: Whimsicott|Tailwind|p1b: Whimsicott\n|-sidestart|p1: grok how do i win?|move: Tailwind\n|move|p1a: Charizard|Heat Wave|p2b: Floette|[spread] p2a,p2b\n|-supereffective|p2a: Whimsicott|1\n|-damage|p2a: Whimsicott|0 fnt\n|-damage|p2b: Floette|0 fnt\n|faint|p2a: Whimsicott\n|faint|p2b: Floette\n|\n|-weather|SunnyDay|[upkeep]\n|upkeep\n|\n|t:|1775938168\n|switch|p2a: Arcanine|Arcanine-Hisui, L50, M, shiny|100/100\n|switch|p2b: Sneasler|Sneasler, L50, M, shiny|100/100\n|-ability|p2a: Arcanine|Intimidate|boost\n|-unboost|p1a: Charizard|atk|1\n|-unboost|p1b: Whimsicott|atk|1\n|turn|6\n|\n|t:|1775938184\n|move|p1a: Charizard|Protect|p1a: Charizard\n|-singleturn|p1a: Charizard|Protect\n|move|p1b: Whimsicott|Fake Tears|p2a: Arcanine\n|-unboost|p2a: Arcanine|spd|2\n|move|p2b: Sneasler|Dire Claw|p1b: Whimsicott\n|-supereffective|p1b: Whimsicott|2\n|-crit|p1b: Whimsicott\n|-damage|p1b: Whimsicott|0 fnt\n|faint|p1b: Whimsicott\n|move|p2a: Arcanine|Rock Slide|p1a: Charizard\n|-activate|p1a: Charizard|move: Protect\n|\n|-weather|SunnyDay|[upkeep]\n|upkeep\n|\n|t:|1775938197\n|switch|p1b: Venusaur|Venusaur, L50, M, shiny|100/100\n|turn|7\n|\n|t:|1775938204\n|move|p2a: Arcanine|Extreme Speed|p1a: Charizard\n|-damage|p1a: Charizard|16/100\n|move|p1b: Venusaur|Giga Drain|p2a: Arcanine\n|-damage|p2a: Arcanine|21/100\n|-enditem|p2a: Arcanine|Sitrus Berry|[eat]\n|-heal|p2a: Arcanine|46/100|[from] item: Sitrus Berry\n|move|p2b: Sneasler|Dire Claw|p1a: Charizard\n|-damage|p1a: Charizard|0 fnt\n|faint|p1a: Charizard\n|\n|-weather|SunnyDay|[upkeep]\n|upkeep\n|turn|8\n|\n|t:|1775938217\n|move|p1b: Venusaur|Giga Drain|p2a: Arcanine\n|-damage|p2a: Arcanine|0 fnt\n|faint|p2a: Arcanine\n|move|p2b: Sneasler|Dire Claw|p1b: Venusaur\n|-damage|p1b: Venusaur|48/100\n|\n|-weather|SunnyDay|[upkeep]\n|-sideend|p1: grok how do i win?|move: Tailwind\n|-sideend|p2: Icydogg|move: Tailwind\n|upkeep\n|turn|9\n|\n|t:|1775938232\n|move|p1b: Venusaur|Sleep Powder|p2b: Sneasler|[miss]\n|-miss|p1b: Venusaur|p2b: Sneasler\n|move|p2b: Sneasler|Dire Claw|p1b: Venusaur\n|-damage|p1b: Venusaur|0 fnt\n|faint|p1b: Venusaur\n|\n|win|Icydogg\n|raw|grok how do i win?'s rating: 1210 &rarr; <strong>1188</strong><br />(-22 for losing)\n|raw|Icydogg's rating: 1250 &rarr; <strong>1272</strong><br />(+22 for winning)\n",
  "uploadtime": 1775938238,
  "views": 16,
  "formatid": "gen9championsvgc2026regma",
  "rating": 1188,
  "private": 0,
  "password": null
}