{
  "id": "gen9championsvgc2026regma-2585438739",
  "format": "[Gen 9 Champions] VGC 2026 Reg M-A",
  "players": [
    "sadsvvadvd",
    "SchlipKnot"
  ],
  "log": "|j|\u2606sadsvvadvd\n|j|\u2606SchlipKnot\n|t:|1776347340\n|gametype|doubles\n|player|p1|sadsvvadvd|falkner|1109\n|player|p2|SchlipKnot|102|1155\n|gen|9\n|tier|[Gen 9 Champions] VGC 2026 Reg M-A\n|rated|\n|rule|Species Clause: Limit one of each Pok\u00e9mon\n|rule|Item Clause: Limit 1 of each item\n|clearpoke\n|poke|p1|Feraligatr, L50, M|\n|poke|p1|Arcanine-Hisui, L50, F|\n|poke|p1|Excadrill, L50, M|\n|poke|p1|Sinistcha, L50|\n|poke|p1|Floette-Eternal, L50, F|\n|poke|p1|Sneasler, L50, M|\n|poke|p2|Aerodactyl, L50, F|\n|poke|p2|Meganium, L50, M|\n|poke|p2|Tauros-Paldea-Aqua, L50, M|\n|poke|p2|Archaludon, L50, F|\n|poke|p2|Typhlosion-Hisui, L50, F|\n|poke|p2|Kangaskhan, L50, F|\n|teampreview|4\n|j| SENSHOO\n|inactive|Battle timer is ON: inactive players will automatically lose when time's up. (requested by SchlipKnot)\n|inactive|SchlipKnot has 60 seconds left.\n|\n|t:|1776347402\n|teamsize|p1|4\n|teamsize|p2|4\n|start\n|switch|p1a: Arcanine|Arcanine-Hisui, L50, F|100/100\n|switch|p1b: Floette|Floette-Eternal, L50, F|100/100\n|switch|p2a: Archaludon|Archaludon, L50, F|100/100\n|switch|p2b: Kangaskhan|Kangaskhan, L50, F|100/100\n|-ability|p1a: Arcanine|Intimidate|boost\n|-unboost|p2a: Archaludon|atk|1\n|-unboost|p2b: Kangaskhan|atk|1\n|turn|1\n|inactive|sadsvvadvd has 30 seconds left.\n|inactive|sadsvvadvd has 20 seconds left.\n|inactive|sadsvvadvd has 15 seconds left.\n|inactive|sadsvvadvd has 10 seconds left.\n|\n|t:|1776347448\n|detailschange|p1b: Floette|Floette-Mega, L50, F\n|-mega|p1b: Floette|Floette|Floettite\n|-ability|p1b: Floette|Fairy Aura\n|move|p2b: Kangaskhan|Fake Out|p1b: Floette\n|-crit|p1b: Floette\n|-damage|p1b: Floette|72/100\n|move|p1a: Arcanine|Close Combat|p2b: Kangaskhan\n|-supereffective|p2b: Kangaskhan|1\n|-damage|p2b: Kangaskhan|11/100\n|-unboost|p1a: Arcanine|def|1\n|-unboost|p1a: Arcanine|spd|1\n|move|p2a: Archaludon|Flash Cannon|p1b: Floette\n|-supereffective|p1b: Floette|1\n|-damage|p1b: Floette|12/100\n|cant|p1b: Floette|flinch\n|\n|upkeep\n|turn|2\n|inactive|SchlipKnot has 30 seconds left.\n|\n|t:|1776347478\n|move|p2a: Archaludon|Protect|p2a: Archaludon\n|-singleturn|p2a: Archaludon|Protect\n|move|p1b: Floette|Protect|p1b: Floette\n|-singleturn|p1b: Floette|Protect\n|move|p1a: Arcanine|Close Combat|p2a: Archaludon\n|-activate|p2a: Archaludon|move: Protect\n|move|p2b: Kangaskhan|Low Kick|p1a: Arcanine\n|-supereffective|p1a: Arcanine|1\n|-damage|p1a: Arcanine|32/100\n|\n|upkeep\n|turn|3\n|inactive|SchlipKnot has 30 seconds left.\n|inactive|SchlipKnot has 20 seconds left.\n|inactive|SchlipKnot has 15 seconds left.\n|inactive|SchlipKnot has 10 seconds left.\n|\n|t:|1776347525\n|switch|p1b: Sinistcha|Sinistcha, L50|100/100\n|-heal|p1a: Arcanine|57/100|[from] ability: Hospitality|[of] p1b: Sinistcha\n|move|p2b: Kangaskhan|Sucker Punch|p1a: Arcanine\n|-damage|p1a: Arcanine|36/100\n|move|p1a: Arcanine|Close Combat|p2a: Archaludon\n|-supereffective|p2a: Archaludon|1\n|-damage|p2a: Archaludon|31/100\n|-unboost|p1a: Arcanine|def|1\n|-unboost|p1a: Arcanine|spd|1\n|move|p2a: Archaludon|Flash Cannon|p1b: Sinistcha\n|-damage|p1b: Sinistcha|59/100\n|\n|upkeep\n|turn|4\n|inactive|sadsvvadvd has 30 seconds left.\n|inactive|SchlipKnot has 30 seconds left.\n|inactive|sadsvvadvd has 20 seconds left.\n|inactive|sadsvvadvd has 15 seconds left.\n|\n|t:|1776347566\n|move|p1a: Arcanine|Close Combat|p2a: Archaludon\n|-supereffective|p2a: Archaludon|1\n|-damage|p2a: Archaludon|0 fnt\n|-unboost|p1a: Arcanine|def|1\n|-unboost|p1a: Arcanine|spd|1\n|faint|p2a: Archaludon\n|move|p2b: Kangaskhan|Low Kick|p1a: Arcanine\n|-supereffective|p1a: Arcanine|1\n|-crit|p1a: Arcanine\n|-damage|p1a: Arcanine|0 fnt\n|faint|p1a: Arcanine\n|move|p1b: Sinistcha|Life Dew|p1b: Sinistcha\n|-heal|p1b: Sinistcha|85/100\n|\n|upkeep\n|\n|t:|1776347590\n|switch|p2a: Aerodactyl|Aerodactyl, L50, F|100/100\n|switch|p1a: Excadrill|Excadrill, L50, M|100/100\n|-ability|p2a: Aerodactyl|Unnerve\n|turn|5\n|\n|t:|1776347610\n|move|p2b: Kangaskhan|Sucker Punch|p1b: Sinistcha\n|-supereffective|p1b: Sinistcha|1\n|-damage|p1b: Sinistcha|61/100\n|move|p2a: Aerodactyl|Tailwind|p2a: Aerodactyl\n|-sidestart|p2: SchlipKnot|move: Tailwind\n|move|p1a: Excadrill|Sandstorm|p1a: Excadrill\n|-weather|Sandstorm\n|move|p1b: Sinistcha|Matcha Gotcha|p2a: Aerodactyl|[spread] p2a,p2b\n|-damage|p2a: Aerodactyl|79/100\n|-heal|p1b: Sinistcha|71/100|[from] drain|[of] p2a: Aerodactyl\n|-damage|p2b: Kangaskhan|0 fnt\n|-heal|p1b: Sinistcha|76/100|[from] drain|[of] p2b: Kangaskhan\n|faint|p2b: Kangaskhan\n|\n|-weather|Sandstorm|[upkeep]\n|-damage|p1b: Sinistcha|70/100|[from] Sandstorm\n|upkeep\n|\n|t:|1776347623\n|switch|p2b: Meganium|Meganium, L50, M|100/100\n|turn|6\n|inactive|SchlipKnot has 30 seconds left.\n|\n|t:|1776347649\n|detailschange|p2b: Meganium|Meganium-Mega, L50, M\n|-mega|p2b: Meganium|Meganium|Meganiumite\n|move|p2a: Aerodactyl|Dual Wingbeat|p1b: Sinistcha\n|-supereffective|p1b: Sinistcha|1\n|-damage|p1b: Sinistcha|36/100\n|-supereffective|p1b: Sinistcha|1\n|-damage|p1b: Sinistcha|5/100\n|-hitcount|p1b: Sinistcha|2\n|move|p2b: Meganium|Weather Ball|p1b: Sinistcha\n|-supereffective|p1b: Sinistcha|1\n|-damage|p1b: Sinistcha|0 fnt\n|faint|p1b: Sinistcha\n|move|p1a: Excadrill|Iron Head|p2b: Meganium\n|-supereffective|p2b: Meganium|1\n|-damage|p2b: Meganium|9/100\n|\n|-weather|Sandstorm|[upkeep]\n|-damage|p2b: Meganium|3/100|[from] Sandstorm\n|upkeep\n|\n|t:|1776347659\n|switch|p1b: Floette|Floette-Mega, L50, F|12/100\n|-ability|p1b: Floette|Fairy Aura\n|turn|7\n|\n|t:|1776347676\n|move|p2a: Aerodactyl|Rock Slide|p1b: Floette|[spread] p1a,p1b\n|-resisted|p1a: Excadrill|2\n|-damage|p1a: Excadrill|92/100\n|-damage|p1b: Floette|0 fnt\n|faint|p1b: Floette\n|move|p2b: Meganium|Weather Ball|p1a: Excadrill\n|-supereffective|p1a: Excadrill|1\n|-damage|p1a: Excadrill|0 fnt\n|faint|p1a: Excadrill\n|\n|win|SchlipKnot\n|raw|sadsvvadvd's rating: 1109 &rarr; <strong>1087</strong><br />(-22 for losing)\n|raw|SchlipKnot's rating: 1155 &rarr; <strong>1177</strong><br />(+22 for winning)\n",
  "uploadtime": 1776347676,
  "views": 21,
  "formatid": "gen9championsvgc2026regma",
  "rating": 1087,
  "private": 0,
  "password": null
}