{
  "id": "gen9championsvgc2026regma-2587024102",
  "format": "[Gen 9 Champions] VGC 2026 Reg M-A",
  "players": [
    "kuanyou",
    "PuffSun"
  ],
  "log": "|j|\u2606kuanyou\n|j|\u2606PuffSun\n|t:|1776482371\n|gametype|doubles\n|player|p1|kuanyou|265|1409\n|player|p2|PuffSun|2|1328\n|gen|9\n|tier|[Gen 9 Champions] VGC 2026 Reg M-A\n|rated|\n|rule|Species Clause: Limit one of each Pok\u00e9mon\n|rule|Item Clause: Limit 1 of each item\n|clearpoke\n|poke|p1|Blastoise, L50, F|\n|poke|p1|Sneasler, L50, F|\n|poke|p1|Sylveon, L50, M|\n|poke|p1|Garchomp, L50, M|\n|poke|p1|Aerodactyl, L50, M|\n|poke|p1|Sinistcha, L50|\n|poke|p2|Sneasler, L50, F|\n|poke|p2|Incineroar, L50, F|\n|poke|p2|Floette-Eternal, L50, F|\n|poke|p2|Aerodactyl, L50, M|\n|poke|p2|Garchomp, L50, M|\n|poke|p2|Sinistcha, L50|\n|teampreview|4\n|\n|t:|1776482392\n|teamsize|p1|4\n|teamsize|p2|4\n|start\n|switch|p1a: Blastoise|Blastoise, L50, F|100/100\n|switch|p1b: Sneasler|Sneasler, L50, F|100/100\n|switch|p2a: Floette|Floette-Eternal, L50, F|100/100\n|switch|p2b: Aerodactyl|Aerodactyl, L50, M|100/100\n|-ability|p2b: Aerodactyl|Unnerve\n|-ability|p1b: Sneasler|Pressure\n|turn|1\n|\n|t:|1776482417\n|detailschange|p2a: Floette|Floette-Mega, L50, F\n|-mega|p2a: Floette|Floette|Floettite\n|-ability|p2a: Floette|Fairy Aura\n|detailschange|p1a: Blastoise|Blastoise-Mega, L50, F\n|-mega|p1a: Blastoise|Blastoise|Blastoisinite\n|move|p2b: Aerodactyl|Protect|p2b: Aerodactyl\n|-singleturn|p2b: Aerodactyl|Protect\n|move|p2a: Floette|Protect|p2a: Floette\n|-singleturn|p2a: Floette|Protect\n|move|p1b: Sneasler|Fake Out|p2a: Floette\n|-activate|p2a: Floette|move: Protect\n|move|p1a: Blastoise|Shell Smash|p1a: Blastoise\n|-unboost|p1a: Blastoise|def|1\n|-unboost|p1a: Blastoise|spd|1\n|-boost|p1a: Blastoise|atk|2\n|-boost|p1a: Blastoise|spa|2\n|-boost|p1a: Blastoise|spe|2\n|\n|upkeep\n|turn|2\n|\n|t:|1776482444\n|move|p1a: Blastoise|Water Spout|p2b: Aerodactyl|[spread] p2a,p2b\n|-supereffective|p2b: Aerodactyl|1\n|-crit|p2b: Aerodactyl\n|-damage|p2a: Floette|0 fnt\n|-enditem|p2b: Aerodactyl|Focus Sash\n|-damage|p2b: Aerodactyl|1/100\n|faint|p2a: Floette\n|move|p2b: Aerodactyl|Dual Wingbeat|p1b: Sneasler\n|-supereffective|p1b: Sneasler|1\n|-damage|p1b: Sneasler|62/100\n|-supereffective|p1b: Sneasler|1\n|-damage|p1b: Sneasler|17/100\n|-hitcount|p1b: Sneasler|2\n|move|p1b: Sneasler|Close Combat|p2b: Aerodactyl\n|-damage|p2b: Aerodactyl|0 fnt\n|-unboost|p1b: Sneasler|def|1\n|-unboost|p1b: Sneasler|spd|1\n|faint|p2b: Aerodactyl\n|-enditem|p1b: Sneasler|White Herb\n|-clearnegativeboost|p1b: Sneasler|[silent]\n|\n|upkeep\n|\n|t:|1776482462\n|switch|p2b: Sneasler|Sneasler, L50, F|100/100\n|switch|p2a: Garchomp|Garchomp, L50, M|100/100\n|turn|3\n|\n|t:|1776482477\n|move|p1a: Blastoise|Protect|p1a: Blastoise\n|-singleturn|p1a: Blastoise|Protect\n|move|p1b: Sneasler|Protect|p1b: Sneasler\n|-singleturn|p1b: Sneasler|Protect\n|move|p2b: Sneasler|Fake Out|p1a: Blastoise\n|-activate|p1a: Blastoise|move: Protect\n|move|p2a: Garchomp|Stomping Tantrum|p1a: Blastoise\n|-activate|p1a: Blastoise|move: Protect\n|\n|upkeep\n|turn|4\n|inactive|Battle timer is ON: inactive players will automatically lose when time's up. (requested by kuanyou)\n|\n|t:|1776482493\n|move|p2a: Garchomp|Stomping Tantrum|p1a: Blastoise\n|-damage|p1a: Blastoise|45/100\n|move|p1a: Blastoise|Water Spout|p2a: Garchomp|[spread] p2a,p2b\n|-damage|p2a: Garchomp|38/100\n|-damage|p2b: Sneasler|15/100\n|move|p2b: Sneasler|Close Combat|p1a: Blastoise\n|-damage|p1a: Blastoise|0 fnt\n|-unboost|p2b: Sneasler|def|1\n|-unboost|p2b: Sneasler|spd|1\n|faint|p1a: Blastoise\n|-enditem|p2b: Sneasler|White Herb\n|-clearnegativeboost|p2b: Sneasler|[silent]\n|move|p1b: Sneasler|Close Combat|p2b: Sneasler\n|-resisted|p2b: Sneasler|1\n|-damage|p2b: Sneasler|0 fnt\n|-unboost|p1b: Sneasler|def|1\n|-unboost|p1b: Sneasler|spd|1\n|faint|p2b: Sneasler\n|\n|upkeep\n|inactive|kuanyou has 30 seconds left.\n|\n|t:|1776482527\n|switch|p1a: Sinistcha|Sinistcha, L50|100/100\n|-heal|p1b: Sneasler|42/100|[from] ability: Hospitality|[of] p1a: Sinistcha\n|turn|5\n|\n|t:|1776482538\n|switch|p1b: Aerodactyl|Aerodactyl, L50, M|100/100\n|-ability|p1b: Aerodactyl|Unnerve\n|move|p2a: Garchomp|Stomping Tantrum|p1b: Aerodactyl\n|-immune|p1b: Aerodactyl\n|move|p1a: Sinistcha|Matcha Gotcha|p2a: Garchomp\n|-damage|p2a: Garchomp|4/100\n|\n|upkeep\n|turn|6\n|-message|PuffSun forfeited.\n|\n|win|kuanyou\n|raw|kuanyou's rating: 1409 &rarr; <strong>1424</strong><br />(+15 for winning)\n|raw|PuffSun's rating: 1328 &rarr; <strong>1313</strong><br />(-15 for losing)\n",
  "uploadtime": 1776482542,
  "views": 25,
  "formatid": "gen9championsvgc2026regma",
  "rating": 1313,
  "private": 0,
  "password": null
}