{
  "id": "gen9championsvgc2026regma-2587766783",
  "format": "[Gen 9 Champions] VGC 2026 Reg M-A",
  "players": [
    "squigglybuff",
    "LeftoHotdo"
  ],
  "log": "|j|\u203dsquigglybuff\n|j|\u2606LeftoHotdo\n|inactive|Battle timer is ON: inactive players will automatically lose when time's up.\n|html|<table width=\"100%\"><tr><td align=\"left\">squigglybuff</td><td align=\"right\">LeftoHotdo</tr><tr><td align=\"left\"><i class=\"fa fa-circle-o\"></i> <i class=\"fa fa-circle-o\"></i> </td><td align=\"right\"><i class=\"fa fa-circle-o\"></i> <i class=\"fa fa-circle-o\"></i> </tr></table>\n|uhtml|bestof|<h2><strong>Game 1</strong> of <a href=\"/game-bestof3-gen9championsvgc2026regma-2587766782\">a best-of-3</a></h2>\n|t:|1776561895\n|gametype|doubles\n|player|p1|squigglybuff|2|\n|player|p2|LeftoHotdo|scientistf|\n|gen|9\n|tier|[Gen 9 Champions] VGC 2026 Reg M-A\n|rated|Tournament battle\n|rule|Species Clause: Limit one of each Pok\u00e9mon\n|rule|Item Clause: Limit 1 of each item\n|rule|Evasion Abilities Clause: Evasion abilities are banned\n|rule|Evasion Items Clause: Evasion items are banned\n|rule|Evasion Moves Clause: Evasion moves are banned\n|rule|OHKO Clause: OHKO moves are banned\n|raw|<div class=\"infobox\"><details class=\"readmore\" open><summary><strong>5 custom rules:</strong></summary> bestof = 3, Evasion Abilities Clause, Evasion Items Clause, Evasion Moves Clause, OHKO Clause</details></div>\n|clearpoke\n|poke|p1|Gengar, L50, F|\n|poke|p1|Garchomp, L50, F|\n|poke|p1|Meowstic, L50, M|\n|poke|p1|Rotom-Heat, L50|\n|poke|p1|Primarina, L50, M|\n|poke|p1|Aerodactyl, L50, M|\n|poke|p2|Sneasler, L50, F|\n|poke|p2|Gardevoir, L50, M|\n|poke|p2|Scovillain, L50, M|\n|poke|p2|Vaporeon, L50, M|\n|poke|p2|Talonflame, L50, F|\n|poke|p2|Chesnaught, L50, F|\n|teampreview|4\n|inactive|LeftoHotdo also wants the timer to be on.\nLeftoHotdo rejected open team sheets.\n|c|\u2606LeftoHotdo|glhf\n|inactive|squigglybuff has 60 seconds left.\n|inactive|LeftoHotdo has 60 seconds left.\n|\n|t:|1776561951\n|teamsize|p1|4\n|teamsize|p2|4\n|start\n|switch|p1a: Garchomp|Garchomp, L50, F|100/100\n|switch|p1b: Rotom|Rotom-Heat, L50|100/100\n|switch|p2a: Talonflame|Talonflame, L50, F|100/100\n|switch|p2b: Gardevoir|Gardevoir, L50, M|100/100\n|-ability|p2b: Gardevoir|Rough Skin|Trace|[from] ability: Trace|[of] p1a: Garchomp\n|turn|1\n|\n|t:|1776561971\n|detailschange|p2b: Gardevoir|Gardevoir-Mega, L50, M\n|-mega|p2b: Gardevoir|Gardevoir|Gardevoirite\n|move|p2a: Talonflame|Tailwind|p2a: Talonflame\n|-sidestart|p2: LeftoHotdo|move: Tailwind\n|move|p2b: Gardevoir|Hyper Voice|p1a: Garchomp|[spread] p1a,p1b\n|-supereffective|p1a: Garchomp|1\n|-enditem|p1a: Garchomp|Roseli Berry|[eat]\n|-enditem|p1a: Garchomp|Roseli Berry|[weaken]\n|-resisted|p1b: Rotom|1\n|-damage|p1a: Garchomp|45/100\n|-damage|p1b: Rotom|67/100\n|move|p1b: Rotom|Eerie Impulse|p2b: Gardevoir\n|-unboost|p2b: Gardevoir|spa|2\n|move|p1a: Garchomp|Scale Shot|p2a: Talonflame\n|-damage|p2a: Talonflame|81/100\n|-damage|p2a: Talonflame|60/100\n|-hitcount|p2a: Talonflame|2\n|-unboost|p1a: Garchomp|def|1\n|-boost|p1a: Garchomp|spe|1\n|\n|upkeep\n|turn|2\n|inactive|LeftoHotdo has 30 seconds left.\n|\n|t:|1776562002\n|move|p1a: Garchomp|Protect|p1a: Garchomp\n|-singleturn|p1a: Garchomp|Protect\n|move|p2a: Talonflame|Brave Bird|p1a: Garchomp\n|-activate|p1a: Garchomp|move: Protect\n|move|p2b: Gardevoir|Hyper Voice|p1a: Garchomp|[spread] p1b\n|-activate|p1a: Garchomp|move: Protect\n|-resisted|p1b: Rotom|1\n|-damage|p1b: Rotom|49/100\n|move|p1b: Rotom|Eerie Impulse|p2b: Gardevoir\n|-unboost|p2b: Gardevoir|spa|2\n|\n|upkeep\n|turn|3\n|\n|t:|1776562022\n|switch|p2b: Sneasler|Sneasler, L50, F|100/100\n|switch|p1b: Aerodactyl|Aerodactyl, L50, M|100/100\n|-ability|p1b: Aerodactyl|Unnerve\n|move|p2a: Talonflame|Brave Bird|p1a: Garchomp\n|-damage|p1a: Garchomp|0 fnt\n|-damage|p2a: Talonflame|48/100|[from] ability: Rough Skin|[of] p1a: Garchomp\n|faint|p1a: Garchomp\n|-damage|p2a: Talonflame|30/100|[from] Recoil\n|\n|upkeep\n|\n|t:|1776562028\n|switch|p1a: Meowstic|Meowstic, L50, M|100/100\n|turn|4\n|inactive|LeftoHotdo has 30 seconds left.\n|inactive|LeftoHotdo has 20 seconds left.\n|inactive|LeftoHotdo has 15 seconds left.\n|inactive|LeftoHotdo has 10 seconds left.\n|\n|t:|1776562076\n|detailschange|p1a: Meowstic|Meowstic-M-Mega, L50, M\n|-mega|p1a: Meowstic|Meowstic|Meowsticite\n|-ability|p1a: Meowstic|Unburden|Trace|[from] ability: Trace|[of] p2b: Sneasler\n|move|p2b: Sneasler|Protect|p2b: Sneasler\n|-singleturn|p2b: Sneasler|Protect\n|move|p1a: Meowstic|Protect|p1a: Meowstic\n|-singleturn|p1a: Meowstic|Protect\n|move|p2a: Talonflame|Will-O-Wisp|p1b: Aerodactyl|[miss]\n|-miss|p2a: Talonflame|p1b: Aerodactyl\n|move|p1b: Aerodactyl|Tailwind|p1b: Aerodactyl\n|-sidestart|p1: squigglybuff|move: Tailwind\n|\n|-sideend|p2: LeftoHotdo|move: Tailwind\n|upkeep\n|turn|5\n|inactive|LeftoHotdo has 30 seconds left.\n|inactive|LeftoHotdo has 20 seconds left.\n|inactive|LeftoHotdo has 15 seconds left.\n|\n|t:|1776562117\n|switch|p2a: Chesnaught|Chesnaught, L50, F|100/100\n|switch|p2b: Gardevoir|Gardevoir-Mega, L50, M|100/100\n|move|p1b: Aerodactyl|Dual Wingbeat|p2b: Gardevoir\n|-damage|p2b: Gardevoir|67/100\n|-damage|p2b: Gardevoir|34/100\n|-hitcount|p2b: Gardevoir|2\n|move|p1a: Meowstic|Psychic|p2a: Chesnaught\n|-supereffective|p2a: Chesnaught|1\n|-damage|p2a: Chesnaught|4/100\n|\n|upkeep\n|turn|6\n|\n|t:|1776562129\n|move|p2b: Gardevoir|Protect|p2b: Gardevoir\n|-singleturn|p2b: Gardevoir|Protect\n|move|p2a: Chesnaught|Spiky Shield|p2a: Chesnaught\n|-singleturn|p2a: Chesnaught|move: Protect\n|move|p1b: Aerodactyl|Dual Wingbeat|p2b: Gardevoir\n|-activate|p2b: Gardevoir|move: Protect\n|move|p1a: Meowstic|Psychic|p2a: Chesnaught\n|-activate|p2a: Chesnaught|move: Protect\n|\n|upkeep\n|turn|7\n|\n|t:|1776562141\n|move|p2b: Gardevoir|Protect||[still]\n|-fail|p2b: Gardevoir\n|move|p2a: Chesnaught|Spiky Shield||[still]\n|-fail|p2a: Chesnaught\n|move|p1b: Aerodactyl|Dual Wingbeat|p2b: Gardevoir\n|-damage|p2b: Gardevoir|4/100\n|-damage|p2b: Gardevoir|0 fnt\n|faint|p2b: Gardevoir\n|-hitcount|p2: Gardevoir|2\n|move|p1a: Meowstic|Psychic|p2a: Chesnaught\n|-supereffective|p2a: Chesnaught|1\n|-damage|p2a: Chesnaught|0 fnt\n|faint|p2a: Chesnaught\n|\n|-sideend|p1: squigglybuff|move: Tailwind\n|upkeep\n|\n|t:|1776562145\n|switch|p2b: Sneasler|Sneasler, L50, F|100/100\n|switch|p2a: Talonflame|Talonflame, L50, F|30/100\n|turn|8\n|\n|t:|1776562153\n|move|p2a: Talonflame|Tailwind|p2a: Talonflame\n|-sidestart|p2: LeftoHotdo|move: Tailwind\n|move|p2b: Sneasler|Close Combat|p1b: Aerodactyl\n|-enditem|p1b: Aerodactyl|Focus Sash\n|-damage|p1b: Aerodactyl|1/100\n|-unboost|p2b: Sneasler|def|1\n|-unboost|p2b: Sneasler|spd|1\n|-enditem|p2b: Sneasler|White Herb\n|-clearnegativeboost|p2b: Sneasler|[silent]\n|move|p1b: Aerodactyl|Tailwind|p1b: Aerodactyl\n|-sidestart|p1: squigglybuff|move: Tailwind\n|move|p1a: Meowstic|Psychic|p2b: Sneasler\n|-supereffective|p2b: Sneasler|2\n|-damage|p2b: Sneasler|0 fnt\n|faint|p2b: Sneasler\n|\n|upkeep\n|turn|9\n|\n|t:|1776562159\n|move|p2a: Talonflame|Brave Bird|p1b: Aerodactyl\n|-resisted|p1b: Aerodactyl|1\n|-crit|p1b: Aerodactyl\n|-damage|p1b: Aerodactyl|0 fnt\n|faint|p1b: Aerodactyl\n|-damage|p2a: Talonflame|30/100|[from] Recoil\n|move|p1a: Meowstic|Psychic|p2a: Talonflame\n|-damage|p2a: Talonflame|0 fnt\n|faint|p2a: Talonflame\n|\n|win|squigglybuff\n||squigglybuff is ready for game 2.\n||LeftoHotdo is ready for game 2.\n|uhtml|next|Next: <a href=\"/battle-gen9championsvgc2026regma-2587769467\"><strong>Game 2 of 3</strong></a>\n",
  "uploadtime": 1776562391,
  "views": 8,
  "formatid": "gen9championsvgc2026regma",
  "rating": null,
  "private": 0,
  "password": null
}