{
  "id": "gen9championsvgc2026regma-2584575189",
  "format": "[Gen 9 Champions] VGC 2026 Reg M-A",
  "players": [
    "alvarriderr",
    "danuwu"
  ],
  "log": "|j|\u2606alvarriderr\n|j|\u2606danuwu\n|t:|1776269749\n|gametype|doubles\n|player|p1|alvarriderr|hilbert-wonderlauncher|1132\n|player|p2|danuwu|liko|1216\n|gen|9\n|tier|[Gen 9 Champions] VGC 2026 Reg M-A\n|rated|\n|rule|Species Clause: Limit one of each Pok\u00e9mon\n|rule|Item Clause: Limit 1 of each item\n|clearpoke\n|poke|p1|Hawlucha, L50, M|\n|poke|p1|Excadrill, L50, M|\n|poke|p1|Tyranitar, L50, F|\n|poke|p1|Sinistcha, L50|\n|poke|p1|Rotom-Wash, L50|\n|poke|p1|Volcarona, L50, M|\n|poke|p2|Araquanid, L50, F|\n|poke|p2|Sinistcha, L50|\n|poke|p2|Pelipper, L50, F|\n|poke|p2|Incineroar, L50, F|\n|poke|p2|Farigiraf, L50, M|\n|poke|p2|Drampa, L50, M|\n|teampreview|4\n|inactive|Battle timer is ON: inactive players will automatically lose when time's up. (requested by danuwu)\n|inactive|alvarriderr has 60 seconds left.\n|inactive|alvarriderr has 30 seconds left.\n|\n|t:|1776269817\n|teamsize|p1|4\n|teamsize|p2|4\n|start\n|switch|p1a: Sinistcha|Sinistcha, L50|100/100\n|switch|p1b: Excadrill|Excadrill, L50, M|100/100\n|switch|p2a: Sinistcha|Sinistcha, L50|100/100\n|switch|p2b: Farigiraf|Farigiraf, L50, M|100/100\n|turn|1\n|\n|t:|1776269840\n|move|p1b: Excadrill|Iron Head|p2a: Sinistcha\n|-damage|p2a: Sinistcha|65/100\n|move|p1a: Sinistcha|Matcha Gotcha|p2b: Farigiraf|[spread] p2a,p2b\n|-resisted|p2a: Sinistcha|1\n|-damage|p2a: Sinistcha|52/100\n|-damage|p2b: Farigiraf|76/100\n|move|p2a: Sinistcha|Shadow Ball|p1a: Sinistcha\n|-supereffective|p1a: Sinistcha|1\n|-damage|p1a: Sinistcha|25/100\n|-unboost|p1a: Sinistcha|spd|1\n|-enditem|p1a: Sinistcha|Sitrus Berry|[eat]\n|-heal|p1a: Sinistcha|50/100|[from] item: Sitrus Berry\n|move|p2b: Farigiraf|Trick Room|p2b: Farigiraf\n|-fieldstart|move: Trick Room|[of] p2b: Farigiraf\n|\n|-heal|p2b: Farigiraf|82/100|[from] item: Leftovers\n|upkeep\n|turn|2\n|inactive|alvarriderr has 30 seconds left.\n|inactive|alvarriderr has 20 seconds left.\n|inactive|alvarriderr has 15 seconds left.\n|inactive|alvarriderr has 10 seconds left.\n|\n|t:|1776269885\n|switch|p1a: Hawlucha|Hawlucha, L50, M|100/100\n|move|p2b: Farigiraf|Psychic|p1a: Hawlucha\n|-supereffective|p1a: Hawlucha|1\n|-damage|p1a: Hawlucha|0 fnt\n|faint|p1a: Hawlucha\n|move|p2a: Sinistcha|Matcha Gotcha|p1b: Excadrill\n|-crit|p1b: Excadrill\n|-damage|p1b: Excadrill|31/100\n|-heal|p2a: Sinistcha|96/100|[from] drain|[of] p1b: Excadrill\n|move|p1b: Excadrill|Earthquake|p2b: Farigiraf|[spread] p2a,p2b\n|-resisted|p2a: Sinistcha|1\n|-damage|p2a: Sinistcha|80/100\n|-damage|p2b: Farigiraf|48/100\n|\n|-heal|p2b: Farigiraf|54/100|[from] item: Leftovers\n|upkeep\n|\n|t:|1776269901\n|switch|p1a: Rotom|Rotom-Wash, L50|100/100\n|turn|3\n|\n|t:|1776269913\n|move|p1b: Excadrill|Protect|p1b: Excadrill\n|-singleturn|p1b: Excadrill|Protect\n|move|p2b: Farigiraf|Psychic|p1a: Rotom\n|-damage|p1a: Rotom|64/100\n|move|p2a: Sinistcha|Matcha Gotcha|p1a: Rotom|[spread] p1a\n|-activate|p1b: Excadrill|move: Protect\n|-supereffective|p1a: Rotom|1\n|-damage|p1a: Rotom|15/100\n|-heal|p2a: Sinistcha|100/100|[from] drain|[of] p1a: Rotom\n|move|p1a: Rotom|Volt Switch|p2b: Farigiraf\n|-damage|p2b: Farigiraf|32/100\n|\n|t:|1776269927\n|switch|p1a: Sinistcha|Sinistcha, L50|50/100|[from] Volt Switch\n|-heal|p1b: Excadrill|56/100|[from] ability: Hospitality|[of] p1a: Sinistcha\n|\n|-heal|p2b: Farigiraf|38/100|[from] item: Leftovers\n|upkeep\n|turn|4\n|\n|t:|1776269950\n|move|p1a: Sinistcha|Rage Powder|p1a: Sinistcha\n|-singleturn|p1a: Sinistcha|move: Rage Powder\n|move|p2b: Farigiraf|Psychic|p1a: Sinistcha\n|-damage|p1a: Sinistcha|4/100\n|move|p2a: Sinistcha|Matcha Gotcha|p1b: Excadrill|[spread] p1a,p1b\n|-resisted|p1a: Sinistcha|1\n|-damage|p1a: Sinistcha|0 fnt\n|-damage|p1b: Excadrill|23/100\n|-status|p1b: Excadrill|brn\n|faint|p1a: Sinistcha\n|move|p1b: Excadrill|Earthquake|p2b: Farigiraf|[spread] p2a,p2b\n|-resisted|p2a: Sinistcha|1\n|-damage|p2a: Sinistcha|92/100\n|-damage|p2b: Farigiraf|20/100\n|\n|-heal|p2b: Farigiraf|26/100|[from] item: Leftovers\n|-damage|p1b: Excadrill|17/100 brn|[from] brn\n|upkeep\n|\n|t:|1776269965\n|switch|p1a: Rotom|Rotom-Wash, L50|15/100\n|turn|5\n|l|\u2606danuwu\n|inactive|danuwu disconnected and has a minute to reconnect!\n|player|p2|\n|j|\u2606danuwu\n|inactive|danuwu reconnected and has 35 seconds left.\n|player|p2|danuwu|liko|\n|inactive|danuwu has 30 seconds left.\n|\n|t:|1776269992\n|move|p1a: Rotom|Protect|p1a: Rotom\n|-singleturn|p1a: Rotom|Protect\n|move|p1b: Excadrill|Protect|p1b: Excadrill\n|-singleturn|p1b: Excadrill|Protect\n|move|p2b: Farigiraf|Hyper Voice|p1a: Rotom|[spread] \n|-activate|p1a: Rotom|move: Protect\n|-activate|p1b: Excadrill|move: Protect\n|move|p2a: Sinistcha|Matcha Gotcha|p1b: Excadrill|[spread] \n|-activate|p1a: Rotom|move: Protect\n|-activate|p1b: Excadrill|move: Protect\n|\n|-heal|p2b: Farigiraf|32/100|[from] item: Leftovers\n|-heal|p1a: Rotom|20/100|[from] item: Leftovers\n|-damage|p1b: Excadrill|11/100 brn|[from] brn\n|-fieldend|move: Trick Room\n|upkeep\n|turn|6\n|\n|t:|1776270011\n|move|p2a: Sinistcha|Rage Powder|p2a: Sinistcha\n|-singleturn|p2a: Sinistcha|move: Rage Powder\n|move|p1b: Excadrill|Fissure|p2a: Sinistcha|[miss]\n|-miss|p1b: Excadrill|p2a: Sinistcha\n|move|p1a: Rotom|Discharge|p2a: Sinistcha|[spread] p2a,p2b\n|-immune|p1b: Excadrill\n|-resisted|p2a: Sinistcha|1\n|-damage|p2a: Sinistcha|80/100\n|-damage|p2b: Farigiraf|11/100\n|move|p2b: Farigiraf|Hyper Voice|p1b: Excadrill|[spread] p1a,p1b\n|-resisted|p1b: Excadrill|1\n|-damage|p1a: Rotom|0 fnt\n|-damage|p1b: Excadrill|0 fnt\n|faint|p1a: Rotom\n|faint|p1b: Excadrill\n|\n|win|danuwu\n|raw|alvarriderr's rating: 1132 &rarr; <strong>1113</strong><br />(-19 for losing)\n|raw|danuwu's rating: 1216 &rarr; <strong>1235</strong><br />(+19 for winning)\n|l|\u2606danuwu\n|player|p2|\n|c|\u2606alvarriderr|gg\n",
  "uploadtime": 1776270025,
  "views": 40,
  "formatid": "gen9championsvgc2026regma",
  "rating": 1113,
  "private": 0,
  "password": null
}