{
  "id": "gen9championsvgc2026regma-2582788774",
  "format": "[Gen 9 Champions] VGC 2026 Reg M-A",
  "players": [
    "pipppo",
    "PokeHys"
  ],
  "log": "|j|\u2606pipppo\n|j|\u2606PokeHys\n|t:|1776114221\n|gametype|doubles\n|player|p1|pipppo|leaf-gen3|1539\n|player|p2|PokeHys|blackbelt-gen4dp|1485\n|gen|9\n|tier|[Gen 9 Champions] VGC 2026 Reg M-A\n|rated|\n|rule|Species Clause: Limit one of each Pok\u00e9mon\n|rule|Item Clause: Limit 1 of each item\n|clearpoke\n|poke|p1|Talonflame, L50, M|\n|poke|p1|Garchomp, L50, M|\n|poke|p1|Blastoise, L50, M|\n|poke|p1|Kingambit, L50, M|\n|poke|p1|Sylveon, L50, M|\n|poke|p1|Sinistcha, L50|\n|poke|p2|Torkoal, L50, F|\n|poke|p2|Farigiraf, L50, F|\n|poke|p2|Venusaur, L50, F|\n|poke|p2|Golurk, L50|\n|poke|p2|Incineroar, L50, M|\n|poke|p2|Charizard, L50, M|\n|teampreview|4\n|inactive|Battle timer is ON: inactive players will automatically lose when time's up. (requested by PokeHys)\n|\n|t:|1776114242\n|teamsize|p1|4\n|teamsize|p2|4\n|start\n|switch|p1a: Talonflame|Talonflame, L50, M|100/100\n|switch|p1b: Garchomp|Garchomp, L50, M|100/100\n|switch|p2a: Farigiraf|Farigiraf, L50, F|100/100\n|switch|p2b: Incineroar|Incineroar, L50, M|100/100\n|-ability|p2b: Incineroar|Intimidate|boost\n|-unboost|p1a: Talonflame|atk|1\n|-unboost|p1b: Garchomp|atk|1\n|turn|1\n|\n|t:|1776114257\n|switch|p1a: Blastoise|Blastoise, L50, M|100/100\n|move|p2b: Incineroar|Fake Out|p1a: Blastoise\n|-damage|p1a: Blastoise|84/100\n|move|p1b: Garchomp|Rock Slide|p2a: Farigiraf|[spread] p2a\n|-miss|p1b: Garchomp|p2b: Incineroar\n|-damage|p2a: Farigiraf|90/100\n|cant|p2a: Farigiraf|flinch\n|\n|upkeep\n|turn|2\n|\n|t:|1776114274\n|switch|p2b: Francois|Torkoal, L50, F|100/100\n|-weather|SunnyDay|[from] ability: Drought|[of] p2b: Francois\n|detailschange|p1a: Blastoise|Blastoise-Mega, L50, M\n|-mega|p1a: Blastoise|Blastoise|Blastoisinite\n|move|p1b: Garchomp|Dragon Claw|p2a: Farigiraf\n|-damage|p2a: Farigiraf|64/100\n|move|p1a: Blastoise|Water Spout|p2b: Francois|[spread] p2a,p2b\n|-supereffective|p2b: Francois|1\n|-damage|p2a: Farigiraf|36/100\n|-damage|p2b: Francois|33/100\n|move|p2a: Farigiraf|Trick Room|p2a: Farigiraf\n|-fieldstart|move: Trick Room|[of] p2a: Farigiraf\n|\n|-weather|SunnyDay|[upkeep]\n|upkeep\n|turn|3\n|\n|t:|1776114291\n|move|p1a: Blastoise|Protect|p1a: Blastoise\n|-singleturn|p1a: Blastoise|Protect\n|move|p2b: Francois|Weather Ball|p1b: Garchomp\n|-resisted|p1b: Garchomp|1\n|-damage|p1b: Garchomp|56/100\n|move|p2a: Farigiraf|Hyper Voice|p1b: Garchomp|[spread] p1b\n|-activate|p1a: Blastoise|move: Protect\n|-damage|p1b: Garchomp|15/100\n|move|p1b: Garchomp|Earthquake|p2b: Francois|[spread] p2a,p2b\n|-activate|p1a: Blastoise|move: Protect\n|-supereffective|p2b: Francois|1\n|-damage|p2a: Farigiraf|12/100\n|-damage|p2b: Francois|0 fnt\n|faint|p2b: Francois\n|\n|-weather|SunnyDay|[upkeep]\n|upkeep\n|j| nkrz\n|\n|t:|1776114298\n|switch|p2b: Incineroar|Incineroar, L50, M|100/100\n|-ability|p2b: Incineroar|Intimidate|boost\n|-unboost|p1a: Blastoise|atk|1\n|-unboost|p1b: Garchomp|atk|1\n|turn|4\n|j| power404\n|\n|t:|1776114313\n|switch|p1b: Talonflame|Talonflame, L50, M|100/100\n|move|p2a: Farigiraf|Hyper Voice|p1a: Blastoise|[spread] p1a,p1b\n|-damage|p1a: Blastoise|46/100\n|-damage|p1b: Talonflame|42/100\n|move|p2b: Incineroar|Assurance|p1a: Blastoise\n|-damage|p1a: Blastoise|0 fnt\n|faint|p1a: Blastoise\n|\n|-weather|SunnyDay|[upkeep]\n|upkeep\n|\n|t:|1776114334\n|switch|p1a: Garchomp|Garchomp, L50, M|15/100\n|turn|5\n|\n|t:|1776114337\n|switch|p1b: Kingambit|Kingambit, L50, M|100/100\n|move|p1a: Garchomp|Protect|p1a: Garchomp\n|-singleturn|p1a: Garchomp|Protect\n|move|p2a: Farigiraf|Hyper Voice|p1b: Kingambit|[spread] p1b\n|-activate|p1a: Garchomp|move: Protect\n|-resisted|p1b: Kingambit|1\n|-damage|p1b: Kingambit|83/100\n|move|p2b: Incineroar|Assurance|p1a: Garchomp\n|-activate|p1a: Garchomp|move: Protect\n|\n|-weather|SunnyDay|[upkeep]\n|upkeep\n|turn|6\n|inactive|pipppo has 30 seconds left.\n|inactive|PokeHys has 30 seconds left.\n|inactive|pipppo has 20 seconds left.\n|\n|t:|1776114377\n|switch|p1a: Talonflame|Talonflame, L50, M|42/100\n|move|p2a: Farigiraf|Protect|p2a: Farigiraf\n|-singleturn|p2a: Farigiraf|Protect\n|move|p1b: Kingambit|Protect|p1b: Kingambit\n|-singleturn|p1b: Kingambit|Protect\n|move|p2b: Incineroar|Close Combat|p1b: Kingambit\n|-activate|p1b: Kingambit|move: Protect\n|\n|-weather|none\n|-fieldend|move: Trick Room\n|upkeep\n|turn|7\n|\n|t:|1776114393\n|move|p1a: Talonflame|Dual Wingbeat|p2a: Farigiraf\n|-damage|p2a: Farigiraf|0 fnt\n|faint|p2a: Farigiraf\n|-hitcount|p2: Farigiraf|1\n|move|p2b: Incineroar|Close Combat|p1b: Kingambit\n|-supereffective|p1b: Kingambit|2\n|-damage|p1b: Kingambit|0 fnt\n|-unboost|p2b: Incineroar|def|1\n|-unboost|p2b: Incineroar|spd|1\n|faint|p1b: Kingambit\n|-enditem|p2b: Incineroar|White Herb\n|-clearnegativeboost|p2b: Incineroar|[silent]\n|\n|upkeep\n|\n|t:|1776114400\n|switch|p1b: Garchomp|Garchomp, L50, M|15/100\n|switch|p2a: Golurk|Golurk, L50|100/100\n|turn|8\n|\n|t:|1776114406\n|detailschange|p2a: Golurk|Golurk-Mega, L50\n|-mega|p2a: Golurk|Golurk|Golurkite\n|move|p1a: Talonflame|Dual Wingbeat|p2a: Golurk|[miss]\n|-miss|p1a: Talonflame|p2a: Golurk\n|move|p1b: Garchomp|Earthquake|p2a: Golurk|[spread] p2a,p2b\n|-immune|p1a: Talonflame\n|-supereffective|p2b: Incineroar|1\n|-damage|p2a: Golurk|67/100\n|-damage|p2b: Incineroar|29/100\n|move|p2b: Incineroar|Assurance|p1a: Talonflame\n|-damage|p1a: Talonflame|0 fnt\n|faint|p1a: Talonflame\n|move|p2a: Golurk|Ice Punch|p1b: Garchomp\n|-supereffective|p1b: Garchomp|2\n|-damage|p1b: Garchomp|0 fnt\n|-damage|p2a: Golurk|55/100|[from] ability: Rough Skin|[of] p1b: Garchomp\n|faint|p1b: Garchomp\n|\n|win|PokeHys\n|raw|pipppo's rating: 1539 &rarr; <strong>1516</strong><br />(-23 for losing)\n|raw|PokeHys's rating: 1485 &rarr; <strong>1508</strong><br />(+23 for winning)\n|l|\u2606PokeHys\n|player|p2|\n|l|\u2606pipppo\n|player|p1|\n",
  "uploadtime": 1776114424,
  "views": 132,
  "formatid": "gen9championsvgc2026regma",
  "rating": 1508,
  "private": 0,
  "password": null
}