{
  "id": "gen9championsvgc2026regma-2585093936",
  "format": "[Gen 9 Champions] VGC 2026 Reg M-A",
  "players": [
    "Leemo1218",
    "SantinDelas"
  ],
  "log": "|j|\u2606Leemo1218\n|j|\u2606SantinDelas\n|t:|1776311089\n|gametype|doubles\n|player|p1|Leemo1218|riley|1076\n|player|p2|SantinDelas|102|1108\n|gen|9\n|tier|[Gen 9 Champions] VGC 2026 Reg M-A\n|rated|\n|rule|Species Clause: Limit one of each Pok\u00e9mon\n|rule|Item Clause: Limit 1 of each item\n|clearpoke\n|poke|p1|Incineroar, L50, F|\n|poke|p1|Gengar, L50, F|\n|poke|p1|Kingambit, L50, F|\n|poke|p1|Maushold-Four, L50|\n|poke|p1|Palafin, L50, M|\n|poke|p1|Kommo-o, L50, M|\n|poke|p2|Garchomp, L50, M|\n|poke|p2|Sneasler, L50, F|\n|poke|p2|Incineroar, L50, F|\n|poke|p2|Basculegion, L50, M|\n|poke|p2|Dragonite, L50, M|\n|poke|p2|Whimsicott, L50, F|\n|teampreview|4\n|inactive|Battle timer is ON: inactive players will automatically lose when time's up. (requested by SantinDelas)\n|\n|t:|1776311104\n|teamsize|p1|4\n|teamsize|p2|4\n|start\n|switch|p1a: Gengar|Gengar, L50, F, shiny|100/100\n|switch|p1b: Incineroar|Incineroar, L50, F|100/100\n|switch|p2a: Tubar\u00e3o a Jato|Garchomp, L50, M|100/100\n|switch|p2b: Arranha|Sneasler, L50, F|100/100\n|-ability|p1b: Incineroar|Intimidate|boost\n|-unboost|p2a: Tubar\u00e3o a Jato|atk|1\n|-unboost|p2b: Arranha|atk|1\n|turn|1\n|inactive|SantinDelas has 30 seconds left.\n|\n|t:|1776311133\n|detailschange|p1a: Gengar|Gengar-Mega, L50, F, shiny\n|-mega|p1a: Gengar|Gengar|Gengarite\n|move|p2b: Arranha|Fake Out|p1b: Incineroar\n|-damage|p1b: Incineroar|92/100\n|-status|p1b: Incineroar|psn|[from] ability: Poison Touch|[of] p2b: Arranha\n|cant|p1b: Incineroar|flinch\n|move|p1a: Gengar|Perish Song|p1a: Gengar\n|-start|p1a: Gengar|perish3|[silent]\n|-start|p1b: Incineroar|perish3|[silent]\n|-start|p2a: Tubar\u00e3o a Jato|perish3|[silent]\n|-start|p2b: Arranha|perish3|[silent]\n|-fieldactivate|move: Perish Song\n|move|p2a: Tubar\u00e3o a Jato|Earthquake|p1b: Incineroar|[spread] p2b,p1a,p1b\n|-supereffective|p2b: Arranha|1\n|-supereffective|p1a: Gengar|1\n|-supereffective|p1b: Incineroar|1\n|-damage|p2b: Arranha|8/100\n|-damage|p1a: Gengar|25/100\n|-damage|p1b: Incineroar|33/100 psn\n|-enditem|p1b: Incineroar|Sitrus Berry|[eat]\n|-heal|p1b: Incineroar|57/100 psn|[from] item: Sitrus Berry\n|\n|-damage|p1b: Incineroar|45/100 psn|[from] psn\n|-start|p1a: Gengar|perish3\n|-start|p2b: Arranha|perish3\n|-start|p2a: Tubar\u00e3o a Jato|perish3\n|-start|p1b: Incineroar|perish3\n|upkeep\n|turn|2\n|inactive|SantinDelas has 30 seconds left.\n|\n|t:|1776311163\n|move|p1a: Gengar|Protect|p1a: Gengar\n|-singleturn|p1a: Gengar|Protect\n|move|p2b: Arranha|Reversal|p1b: Incineroar\n|-supereffective|p1b: Incineroar|1\n|-damage|p1b: Incineroar|0 fnt\n|faint|p1b: Incineroar\n|move|p2a: Tubar\u00e3o a Jato|Earthquake|p1a: Gengar|[spread] p2b\n|-activate|p1a: Gengar|move: Protect\n|-supereffective|p2b: Arranha|1\n|-damage|p2b: Arranha|0 fnt\n|faint|p2b: Arranha\n|\n|-start|p1a: Gengar|perish2\n|-start|p2a: Tubar\u00e3o a Jato|perish2\n|upkeep\n|\n|t:|1776311178\n|switch|p2b: Gato Bombado|Incineroar, L50, F|100/100\n|switch|p1b: Palafin|Palafin, L50, M|100/100\n|-ability|p2b: Gato Bombado|Intimidate|boost\n|-unboost|p1a: Gengar|atk|1\n|-unboost|p1b: Palafin|atk|1\n|turn|3\n|inactive|Leemo1218 has 30 seconds left.\n|inactive|SantinDelas has 30 seconds left.\n|\n|t:|1776311207\n|switch|p1a: Maushold|Maushold-Four, L50|100/100\n|move|p1b: Palafin|Flip Turn|p2a: Tubar\u00e3o a Jato\n|-damage|p2a: Tubar\u00e3o a Jato|83/100\n|-damage|p1b: Palafin|88/100|[from] ability: Rough Skin|[of] p2a: Tubar\u00e3o a Jato\n|\n|t:|1776311214\n|detailschange|p1b: Palafin|Palafin-Hero, L50, M\n|switch|p1b: Gengar|Gengar-Mega, L50, F, shiny|25/100|[from] Flip Turn\n|move|p2a: Tubar\u00e3o a Jato|Rock Slide|p1b: Gengar|[spread] p1a,p1b\n|-damage|p1a: Maushold|82/100\n|-damage|p1b: Gengar|12/100\n|move|p2b: Gato Bombado|Close Combat|p1b: Gengar\n|-immune|p1b: Gengar\n|\n|-start|p2a: Tubar\u00e3o a Jato|perish1\n|upkeep\n|turn|4\n|\n|t:|1776311237\n|move|p1b: Gengar|Protect|p1b: Gengar\n|-singleturn|p1b: Gengar|Protect\n|move|p2b: Gato Bombado|Fake Out||[still]\n|-hint|Fake Out only works on your first turn out.\n|-fail|p2b: Gato Bombado\n|move|p2a: Tubar\u00e3o a Jato|Rock Slide|p1a: Maushold|[spread] p1a\n|-activate|p1b: Gengar|move: Protect\n|-damage|p1a: Maushold|62/100\n|move|p1a: Maushold|Charm|p2b: Gato Bombado\n|-unboost|p2b: Gato Bombado|atk|2\n|\n|-start|p2a: Tubar\u00e3o a Jato|perish0\n|faint|p2a: Tubar\u00e3o a Jato\n|upkeep\n|\n|t:|1776311249\n|switch|p2a: Dragonair Voador|Dragonite, L50, M, shiny|100/100\n|turn|5\n|-activate|p2b: Gato Bombado|item: Quick Claw\n|\n|t:|1776311264\n|detailschange|p2a: Dragonair Voador|Dragonite-Mega, L50, M, shiny\n|-mega|p2a: Dragonair Voador|Dragonite|Dragoninite\n|move|p2b: Gato Bombado|Close Combat|p1a: Maushold|[miss]\n|-miss|p2b: Gato Bombado|p1a: Maushold\n|move|p1b: Gengar|Perish Song|p1b: Gengar\n|-start|p1a: Maushold|perish3|[silent]\n|-start|p1b: Gengar|perish3|[silent]\n|-start|p2a: Dragonair Voador|perish3|[silent]\n|-start|p2b: Gato Bombado|perish3|[silent]\n|-fieldactivate|move: Perish Song\n|move|p2a: Dragonair Voador|Hurricane|p1b: Gengar\n|-damage|p1b: Gengar|0 fnt\n|faint|p1b: Gengar\n|move|p1a: Maushold|Charm|p2a: Dragonair Voador\n|-unboost|p2a: Dragonair Voador|atk|2\n|\n|-start|p2a: Dragonair Voador|perish3\n|-start|p1a: Maushold|perish3\n|-start|p2b: Gato Bombado|perish3\n|upkeep\n|\n|t:|1776311275\n|switch|p1b: Palafin|Palafin-Hero, L50, M|88/100\n|-activate|p1b: Palafin|ability: Zero to Hero\n|turn|6\n|\n|t:|1776311296\n|move|p1b: Palafin|Protect|p1b: Palafin\n|-singleturn|p1b: Palafin|Protect\n|move|p1a: Maushold|Protect|p1a: Maushold\n|-singleturn|p1a: Maushold|Protect\n|move|p2a: Dragonair Voador|Dragon Pulse|p1b: Palafin\n|-activate|p1b: Palafin|move: Protect\n|move|p2b: Gato Bombado|Close Combat|p1a: Maushold\n|-activate|p1a: Maushold|move: Protect\n|\n|-start|p2a: Dragonair Voador|perish2\n|-start|p1a: Maushold|perish2\n|-start|p2b: Gato Bombado|perish2\n|upkeep\n|turn|7\n|\n|t:|1776311320\n|move|p1a: Maushold|Follow Me|p1a: Maushold\n|-singleturn|p1a: Maushold|move: Follow Me\n|move|p1b: Palafin|Ice Punch|p2a: Dragonair Voador\n|-supereffective|p2a: Dragonair Voador|2\n|-crit|p2a: Dragonair Voador\n|-damage|p2a: Dragonair Voador|20/100\n|move|p2a: Dragonair Voador|Dragon Pulse|p1a: Maushold\n|-damage|p1a: Maushold|14/100\n|move|p2b: Gato Bombado|Close Combat|p1a: Maushold\n|-supereffective|p1a: Maushold|1\n|-damage|p1a: Maushold|0 fnt\n|-unboost|p2b: Gato Bombado|def|1\n|-unboost|p2b: Gato Bombado|spd|1\n|faint|p1a: Maushold\n|\n|-start|p2a: Dragonair Voador|perish1\n|-start|p2b: Gato Bombado|perish1\n|upkeep\n|turn|8\n|-activate|p2b: Gato Bombado|item: Quick Claw\n|\n|t:|1776311340\n|move|p1b: Palafin|Protect|p1b: Palafin\n|-singleturn|p1b: Palafin|Protect\n|move|p2b: Gato Bombado|Close Combat|p1b: Palafin\n|-activate|p1b: Palafin|move: Protect\n|move|p2a: Dragonair Voador|Hurricane|p1b: Palafin\n|-activate|p1b: Palafin|move: Protect\n|\n|-start|p2a: Dragonair Voador|perish0\n|-start|p2b: Gato Bombado|perish0\n|faint|p2a: Dragonair Voador\n|faint|p2b: Gato Bombado\n|\n|win|Leemo1218\n|raw|Leemo1218's rating: 1076 &rarr; <strong>1107</strong><br />(+31 for winning)\n|raw|SantinDelas's rating: 1108 &rarr; <strong>1081</strong><br />(-27 for losing)\n",
  "uploadtime": 1776311344,
  "views": 17,
  "formatid": "gen9championsvgc2026regma",
  "rating": 1081,
  "private": 0,
  "password": null
}