{
  "id": "gen9championsvgc2026regma-2589496884",
  "format": "[Gen 9 Champions] VGC 2026 Reg M-A",
  "players": [
    "SDLT 2KRL SWM",
    "benjiapollo"
  ],
  "log": "|raw|<div class=\"broadcast-blue\"><strong>This battle is required to be public due to a player having a name starting with 'sdlt'.</div>\n|j|\u2606SDLT 2KRL SWM\n|j|\u2606benjiapollo\n|t:|1776728304\n|gametype|doubles\n|player|p1|SDLT 2KRL SWM|ryuki|1559\n|player|p2|benjiapollo|giovanni|1481\n|gen|9\n|tier|[Gen 9 Champions] VGC 2026 Reg M-A\n|rated|\n|rule|Species Clause: Limit one of each Pok\u00e9mon\n|rule|Item Clause: Limit 1 of each item\n|clearpoke\n|poke|p1|Talonflame, L50, F|\n|poke|p1|Floette-Eternal, L50, F|\n|poke|p1|Basculegion, L50, M|\n|poke|p1|Garchomp, L50, M|\n|poke|p1|Kingambit, L50, M|\n|poke|p1|Maushold-Four, L50|\n|poke|p2|Basculegion, L50, M|\n|poke|p2|Charizard, L50, F|\n|poke|p2|Kingambit, L50, F|\n|poke|p2|Sneasler, L50, M|\n|poke|p2|Venusaur, L50, M|\n|poke|p2|Talonflame, L50, F|\n|teampreview|4\n|inactive|Battle timer is ON: inactive players will automatically lose when time's up. (requested by benjiapollo)\n|\n|t:|1776728318\n|teamsize|p1|4\n|teamsize|p2|4\n|start\n|switch|p1a: Talonflame|Talonflame, L50, F|100/100\n|switch|p1b: Garchomp|Garchomp, L50, M|100/100\n|switch|p2a: Talonflame|Talonflame, L50, F|100/100\n|switch|p2b: Charizard|Charizard, L50, F|100/100\n|turn|1\n|\n|t:|1776728327\n|detailschange|p2b: Charizard|Charizard-Mega-X, L50, F\n|-mega|p2b: Charizard|Charizard|Charizardite X\n|move|p2a: Talonflame|Tailwind|p2a: Talonflame\n|-sidestart|p2: benjiapollo|move: Tailwind\n|move|p1a: Talonflame|Tailwind|p1a: Talonflame\n|-sidestart|p1: SDLT 2KRL SWM|move: Tailwind\n|move|p1b: Garchomp|Rock Slide|p2b: Charizard|[spread] p2a,p2b\n|-supereffective|p2a: Talonflame|2\n|-supereffective|p2b: Charizard|1\n|-enditem|p2a: Talonflame|Focus Sash\n|-damage|p2a: Talonflame|1/100\n|-damage|p2b: Charizard|60/100\n|move|p2b: Charizard|Dragon Claw|p1b: Garchomp\n|-supereffective|p1b: Garchomp|1\n|-damage|p1b: Garchomp|0 fnt\n|-damage|p2b: Charizard|48/100|[from] ability: Rough Skin|[of] p1b: Garchomp\n|faint|p1b: Garchomp\n|\n|upkeep\n|\n|t:|1776728347\n|switch|p1b: Basculegion|Basculegion, L50, M|100/100\n|turn|2\n|\n|t:|1776728354\n|move|p2b: Charizard|Protect|p2b: Charizard\n|-singleturn|p2b: Charizard|Protect\n|move|p1b: Basculegion|Last Respects|p2b: Charizard\n|-activate|p2b: Charizard|move: Protect\n|move|p2a: Talonflame|Brave Bird|p1b: Basculegion\n|-damage|p1b: Basculegion|38/100\n|-damage|p2a: Talonflame|0 fnt|[from] Recoil\n|faint|p2a: Talonflame\n|move|p1a: Talonflame|Overheat|p2b: Charizard\n|-activate|p2b: Charizard|move: Protect\n|\n|upkeep\n|\n|t:|1776728366\n|switch|p2a: Kingambit|Kingambit, L50, F|100/100\n|turn|3\n|inactive|SDLT 2KRL SWM has 30 seconds left.\n|inactive|SDLT 2KRL SWM has 20 seconds left.\n|inactive|SDLT 2KRL SWM has 15 seconds left.\n|inactive|SDLT 2KRL SWM has 10 seconds left.\n|\n|t:|1776728413\n|switch|p1b: Floette|Floette-Eternal, L50, F|100/100\n|move|p2a: Kingambit|Sucker Punch||[still]\n|-fail|p2a: Kingambit\n|move|p1a: Talonflame|Will-O-Wisp|p2a: Kingambit\n|-status|p2a: Kingambit|brn\n|move|p2b: Charizard|Dragon Claw|p1a: Talonflame\n|-damage|p1a: Talonflame|26/100\n|\n|-damage|p2a: Kingambit|95/100 brn|[from] brn\n|upkeep\n|turn|4\n|\n|t:|1776728431\n|detailschange|p1b: Floette|Floette-Mega, L50, F\n|-mega|p1b: Floette|Floette|Floettite\n|-ability|p1b: Floette|Fairy Aura\n|move|p1a: Talonflame|Protect|p1a: Talonflame\n|-singleturn|p1a: Talonflame|Protect\n|move|p2a: Kingambit|Sucker Punch||[still]\n|-fail|p2a: Kingambit\n|move|p2b: Charizard|Flare Blitz|p1b: Floette\n|-damage|p1b: Floette|17/100\n|-damage|p2b: Charizard|17/100|[from] Recoil\n|move|p1b: Floette|Moonblast|p2b: Charizard\n|-damage|p2b: Charizard|0 fnt\n|faint|p2b: Charizard\n|\n|-damage|p2a: Kingambit|89/100 brn|[from] brn\n|-sideend|p2: benjiapollo|move: Tailwind\n|-sideend|p1: SDLT 2KRL SWM|move: Tailwind\n|upkeep\n|\n|t:|1776728446\n|switch|p2b: Sneasler|Sneasler, L50, M|100/100\n|turn|5\n|\n|t:|1776728461\n|switch|p1b: Basculegion|Basculegion, L50, M|38/100\n|move|p2b: Sneasler|Fake Out|p1b: Basculegion\n|-immune|p1b: Basculegion\n|move|p2a: Kingambit|Sucker Punch||[still]\n|-fail|p2a: Kingambit\n|move|p1a: Talonflame|Tailwind|p1a: Talonflame\n|-sidestart|p1: SDLT 2KRL SWM|move: Tailwind\n|\n|-damage|p2a: Kingambit|83/100 brn|[from] brn\n|upkeep\n|turn|6\n|\n|t:|1776728486\n|move|p1a: Talonflame|Protect|p1a: Talonflame\n|-singleturn|p1a: Talonflame|Protect\n|move|p2a: Kingambit|Protect|p2a: Kingambit\n|-singleturn|p2a: Kingambit|Protect\n|move|p1b: Basculegion|Aqua Jet|p2b: Sneasler\n|-damage|p2b: Sneasler|55/100\n|move|p2b: Sneasler|Close Combat|p1a: Talonflame\n|-activate|p1a: Talonflame|move: Protect\n|\n|-damage|p2a: Kingambit|77/100 brn|[from] brn\n|upkeep\n|turn|7\n|\n|t:|1776728502\n|move|p1b: Basculegion|Aqua Jet|p2b: Sneasler\n|-damage|p2b: Sneasler|13/100\n|move|p1a: Talonflame|Will-O-Wisp|p2b: Sneasler\n|-status|p2b: Sneasler|brn\n|move|p2b: Sneasler|Dire Claw|p1a: Talonflame\n|-damage|p1a: Talonflame|0 fnt\n|faint|p1a: Talonflame\n|move|p2a: Kingambit|Kowtow Cleave|p1b: Basculegion\n|-supereffective|p1b: Basculegion|1\n|-damage|p1b: Basculegion|0 fnt\n|faint|p1b: Basculegion\n|\n|-damage|p2b: Sneasler|7/100 brn|[from] brn\n|-damage|p2a: Kingambit|72/100 brn|[from] brn\n|upkeep\n|\n|t:|1776728506\n|switch|p1b: Floette|Floette-Mega, L50, F|17/100\n|-ability|p1b: Floette|Fairy Aura\n|turn|8\n|j| uipohnpuik\n|\n|t:|1776728523\n|move|p1b: Floette|Protect|p1b: Floette\n|-singleturn|p1b: Floette|Protect\n|move|p2a: Kingambit|Sucker Punch||[still]\n|-fail|p2a: Kingambit\n|move|p2b: Sneasler|Dire Claw|p1b: Floette\n|-activate|p1b: Floette|move: Protect\n|\n|-damage|p2b: Sneasler|1/100 brn|[from] brn\n|-damage|p2a: Kingambit|66/100 brn|[from] brn\n|-sideend|p1: SDLT 2KRL SWM|move: Tailwind\n|upkeep\n|turn|9\n|\n|t:|1776728540\n|move|p1b: Floette|Protect|p1b: Floette\n|-singleturn|p1b: Floette|Protect\n|move|p2b: Sneasler|Dire Claw|p1b: Floette\n|-activate|p1b: Floette|move: Protect\n|move|p2a: Kingambit|Iron Head|p1b: Floette\n|-activate|p1b: Floette|move: Protect\n|\n|-damage|p2b: Sneasler|0 fnt|[from] brn\n|faint|p2b: Sneasler\n|-damage|p2a: Kingambit|60/100 brn|[from] brn\n|upkeep\n|turn|10\n|\n|t:|1776728554\n|move|p2a: Kingambit|Sucker Punch|p1b: Floette\n|-resisted|p1b: Floette|1\n|-damage|p1b: Floette|6/100\n|move|p1b: Floette|Moonblast|p2a: Kingambit\n|-damage|p2a: Kingambit|0 fnt\n|faint|p2a: Kingambit\n|\n|win|SDLT 2KRL SWM\n|raw|SDLT 2KRL SWM's rating: 1559 &rarr; <strong>1575</strong><br />(+16 for winning)\n|raw|benjiapollo's rating: 1481 &rarr; <strong>1465</strong><br />(-16 for losing)\n|l| uipohnpuik\n|l|\u2606SDLT 2KRL SWM\n|player|p1|\n",
  "uploadtime": 1776728564,
  "views": 5,
  "formatid": "gen9championsvgc2026regma",
  "rating": 1465,
  "private": 0,
  "password": null
}