{
  "id": "gen9championsvgc2026regma-2584039273",
  "format": "[Gen 9 Champions] VGC 2026 Reg M-A",
  "players": [
    "calyrexxyz",
    "Megamonreturns"
  ],
  "log": "|j|\u2606calyrexxyz\n|j|\u2606Megamonreturns\n|t:|1776219164\n|gametype|doubles\n|player|p1|calyrexxyz|101|1014\n|player|p2|Megamonreturns|pokemaniac|1067\n|gen|9\n|tier|[Gen 9 Champions] VGC 2026 Reg M-A\n|rated|\n|rule|Species Clause: Limit one of each Pok\u00e9mon\n|rule|Item Clause: Limit 1 of each item\n|clearpoke\n|poke|p1|Floette-Eternal, L50, F|\n|poke|p1|Whimsicott, L50, M|\n|poke|p1|Sinistcha, L50|\n|poke|p1|Incineroar, L50, M|\n|poke|p1|Raichu, L50, M|\n|poke|p1|Basculegion, L50, M|\n|poke|p2|Abomasnow, L50, F|\n|poke|p2|Froslass, L50, F|\n|poke|p2|Glalie, L50, F|\n|poke|p2|Mr. Rime, L50, F|\n|poke|p2|Talonflame, L50, F|\n|poke|p2|Palafin, L50, M|\n|teampreview|4\ncalyrexxyz has agreed to open team sheets.\nMegamonreturns has agreed to open team sheets.\n|showteam|p1|Floette-Eternal||Floettite|FlowerVeil|DazzlingGleam,Moonblast,Protect,CalmMind|||F|||50|]Whimsicott||FocusSash|Prankster|Tailwind,Encore,Moonblast,Taunt|||M|||50|]Sinistcha||MentalHerb|Hospitality|RagePowder,MatchaGotcha,Reflect,LifeDew||||||50|]Incineroar||SitrusBerry|Intimidate|DarkestLariat,FlareBlitz,FakeOut,PartingShot|||M|||50|]Raichu||ShucaBerry|LightningRod|FakeOut,RainDance,Nuzzle,VoltSwitch|||M|||50|]Basculegion||ChoiceScarf|Adaptability|WaveCrash,FlipTurn,LastRespects,AquaJet|||M|||50|\n|showteam|p2|Abomasnow||SitrusBerry|SnowWarning|AuroraVeil,Protect,LeechSeed,FrostBreath|||F|||50|]Froslass||Froslassite|SnowCloak|Protect,ShadowBall,Blizzard,DrainingKiss|||F|||50|]Glalie||Glalitite|InnerFocus|Explosion,Earthquake,IceShard,Substitute|||F|||50|]Mr. Rime||Leftovers|IceBody|Protect,FakeOut,ThunderWave,IcyWind|||F|||50|]Talonflame||FocusSash|GaleWings|Tailwind,Taunt,FlareBlitz,WillOWisp|||F|||50|]Palafin||ChoiceScarf|ZerotoHero|FlipTurn,IronHead,WaveCrash,CloseCombat|||M|||50|\n|inactive|Battle timer is ON: inactive players will automatically lose when time's up. (requested by Megamonreturns)\n|l|\u2606calyrexxyz\n|inactive|calyrexxyz disconnected and has a minute to reconnect!\n|player|p1|\n|j|\u2606calyrexxyz\n|inactive|calyrexxyz reconnected and has 75 seconds left.\n|player|p1|calyrexxyz|101|\n|\n|t:|1776219227\n|teamsize|p1|4\n|teamsize|p2|4\n|start\n|switch|p1a: Raichu|Raichu, L50, M|100/100\n|switch|p1b: Incineroar|Incineroar, L50, M|100/100\n|switch|p2a: Mr. Rime|Mr. Rime, L50, F|100/100\n|switch|p2b: Palafin|Palafin, L50, M|100/100\n|-ability|p1b: Incineroar|Intimidate|boost\n|-unboost|p2a: Mr. Rime|atk|1\n|-unboost|p2b: Palafin|atk|1\n|turn|1\n|\n|t:|1776219252\n|move|p1a: Raichu|Fake Out|p2a: Mr. Rime\n|-damage|p2a: Mr. Rime|91/100\n|move|p2b: Palafin|Flip Turn|p1b: Incineroar\n|-supereffective|p1b: Incineroar|1\n|-damage|p1b: Incineroar|69/100\n|\n|t:|1776219273\n|detailschange|p2b: Palafin|Palafin-Hero, L50, M\n|switch|p2b: Abomasnow|Abomasnow, L50, F, shiny|100/100|[from] Flip Turn\n|-weather|Snowscape|[from] ability: Snow Warning|[of] p2b: Abomasnow\n|cant|p2a: Mr. Rime|flinch\n|move|p1b: Incineroar|Flare Blitz|p2b: Abomasnow\n|-supereffective|p2b: Abomasnow|2\n|-damage|p2b: Abomasnow|0 fnt\n|faint|p2b: Abomasnow\n|-damage|p1b: Incineroar|30/100|[from] Recoil\n|-enditem|p1b: Incineroar|Sitrus Berry|[eat]\n|-heal|p1b: Incineroar|55/100|[from] item: Sitrus Berry\n|\n|-weather|Snowscape|[upkeep]\n|-heal|p2a: Mr. Rime|97/100|[from] ability: Ice Body\n|-heal|p2a: Mr. Rime|100/100|[from] item: Leftovers\n|upkeep\n|\n|t:|1776219282\n|switch|p2b: Palafin|Palafin-Hero, L50, M|100/100\n|-activate|p2b: Palafin|ability: Zero to Hero\n|turn|2\n|\n|t:|1776219306\n|switch|p1b: Basculegion|Basculegion, L50, M|100/100\n|move|p2b: Palafin|Flip Turn|p1b: Basculegion\n|-resisted|p1b: Basculegion|1\n|-damage|p1b: Basculegion|79/100\n|\n|t:|1776219312\n|switch|p2b: Glalie|Glalie, L50, F, shiny|100/100|[from] Flip Turn\n|move|p1a: Raichu|Volt Switch|p2b: Glalie\n|-damage|p2b: Glalie|68/100\n|\n|t:|1776219319\n|switch|p1a: Incineroar|Incineroar, L50, M|55/100|[from] Volt Switch\n|-ability|p1a: Incineroar|Intimidate|boost\n|-unboost|p2a: Mr. Rime|atk|1\n|-fail|p2b: Glalie|unboost|Attack|[from] ability: Inner Focus|[of] p2b: Glalie\n|move|p2a: Mr. Rime|Icy Wind|p1b: Basculegion|[spread] p1a,p1b\n|-resisted|p1a: Incineroar|1\n|-resisted|p1b: Basculegion|1\n|-damage|p1a: Incineroar|49/100\n|-damage|p1b: Basculegion|70/100\n|-unboost|p1a: Incineroar|spe|1\n|-unboost|p1b: Basculegion|spe|1\n|\n|-weather|Snowscape|[upkeep]\n|upkeep\n|turn|3\n|inactive|calyrexxyz has 30 seconds left.\n|inactive|Megamonreturns has 30 seconds left.\n|inactive|calyrexxyz has 20 seconds left.\n|inactive|calyrexxyz has 15 seconds left.\n|inactive|calyrexxyz has 10 seconds left.\n|inactive|calyrexxyz has 5 seconds left.\n|\n|t:|1776219370\n|switch|p1a: Raichu|Raichu, L50, M|100/100\n|detailschange|p2b: Glalie|Glalie-Mega, L50, F, shiny\n|-mega|p2b: Glalie|Glalie|Glalitite\n|move|p2a: Mr. Rime|Protect|p2a: Mr. Rime\n|-singleturn|p2a: Mr. Rime|Protect\n|move|p2b: Glalie|Explosion|p1b: Basculegion|[spread] p1a,p1b\n|-activate|p2a: Mr. Rime|move: Protect\n|-resisted|p1b: Basculegion|1\n|-damage|p1a: Raichu|0 fnt\n|-damage|p1b: Basculegion|2/100\n|faint|p2b: Glalie\n|faint|p1a: Raichu\n|move|p1b: Basculegion|Wave Crash|p2a: Mr. Rime\n|-activate|p2a: Mr. Rime|move: Protect\n|\n|-weather|Snowscape|[upkeep]\n|upkeep\n|\n|t:|1776219388\n|switch|p1a: Incineroar|Incineroar, L50, M|49/100\n|switch|p2b: Palafin|Palafin-Hero, L50, M|100/100\n|-ability|p1a: Incineroar|Intimidate|boost\n|-unboost|p2a: Mr. Rime|atk|1\n|-unboost|p2b: Palafin|atk|1\n|turn|4\n|\n|t:|1776219402\n|move|p1a: Incineroar|Fake Out|p2b: Palafin\n|-damage|p2b: Palafin|87/100\n|cant|p2b: Palafin|flinch\n|move|p1b: Basculegion|Wave Crash|p2a: Mr. Rime\n|-damage|p2a: Mr. Rime|34/100\n|-damage|p1b: Basculegion|0 fnt|[from] Recoil\n|faint|p1b: Basculegion\n|move|p2a: Mr. Rime|Icy Wind|p1a: Incineroar\n|-resisted|p1a: Incineroar|1\n|-damage|p1a: Incineroar|41/100\n|-unboost|p1a: Incineroar|spe|1\n|\n|-weather|Snowscape|[upkeep]\n|-heal|p2a: Mr. Rime|40/100|[from] ability: Ice Body\n|-heal|p2a: Mr. Rime|46/100|[from] item: Leftovers\n|upkeep\n|\n|t:|1776219417\n|switch|p1b: Floette|Floette-Eternal, L50, F|100/100\n|turn|5\n|inactive|calyrexxyz has 30 seconds left.\n|\n|t:|1776219444\n|detailschange|p1b: Floette|Floette-Mega, L50, F\n|-mega|p1b: Floette|Floette|Floettite\n|-ability|p1b: Floette|Fairy Aura\n|move|p1b: Floette|Protect|p1b: Floette\n|-singleturn|p1b: Floette|Protect\n|move|p2b: Palafin|Iron Head|p1b: Floette\n|-activate|p1b: Floette|move: Protect\n|move|p2a: Mr. Rime|Thunder Wave|p1b: Floette\n|-activate|p1b: Floette|move: Protect\n|move|p1a: Incineroar|Darkest Lariat|p2a: Mr. Rime\n|-supereffective|p2a: Mr. Rime|1\n|-damage|p2a: Mr. Rime|0 fnt\n|faint|p2a: Mr. Rime\n|\n|-weather|none\n|upkeep\n|turn|6\n|\n|t:|1776219466\n|move|p2b: Palafin|Iron Head|p1b: Floette\n|-supereffective|p1b: Floette|1\n|-damage|p1b: Floette|43/100\n|move|p1b: Floette|Moonblast|p2b: Palafin\n|-damage|p2b: Palafin|9/100\n|move|p1a: Incineroar|Parting Shot|p2b: Palafin\n|-unboost|p2b: Palafin|atk|1\n|-unboost|p2b: Palafin|spa|1\n|\n|upkeep\n|turn|7\n|\n|t:|1776219476\n|move|p1b: Floette|Protect|p1b: Floette\n|-singleturn|p1b: Floette|Protect\n|move|p2b: Palafin|Iron Head|p1a: Incineroar\n|-resisted|p1a: Incineroar|1\n|-damage|p1a: Incineroar|32/100\n|move|p1a: Incineroar|Darkest Lariat|p2b: Palafin\n|-damage|p2b: Palafin|0 fnt\n|faint|p2b: Palafin\n|\n|win|calyrexxyz\n|raw|calyrexxyz's rating: 1014 &rarr; <strong>1058</strong><br />(+44 for winning)\n|raw|Megamonreturns's rating: 1067 &rarr; <strong>1044</strong><br />(-23 for losing)\n|c|\u2606calyrexxyz|gg\n",
  "uploadtime": 1776219501,
  "views": 27,
  "formatid": "gen9championsvgc2026regma",
  "rating": 1044,
  "private": 0,
  "password": null
}