{
  "id": "gen9championsvgc2026regma-2587599161",
  "format": "[Gen 9 Champions] VGC 2026 Reg M-A",
  "players": [
    "POISONFLYER9823923",
    "Johten"
  ],
  "log": "|j|\u2606POISONFLYER9823923\n|j|\u2606Johten\n|t:|1776545741\n|gametype|doubles\n|player|p1|POISONFLYER9823923|102|1132\n|player|p2|Johten|veteran|1141\n|gen|9\n|tier|[Gen 9 Champions] VGC 2026 Reg M-A\n|rated|\n|rule|Species Clause: Limit one of each Pok\u00e9mon\n|rule|Item Clause: Limit 1 of each item\n|clearpoke\n|poke|p1|Kangaskhan, L50, F|\n|poke|p1|Floette-Eternal, L50, F|\n|poke|p1|Rotom-Wash, L50|\n|poke|p1|Typhlosion-Hisui, L50, M|\n|poke|p1|Aegislash, L50, M|\n|poke|p1|Aerodactyl, L50, F|\n|poke|p2|Aggron, L50, M|\n|poke|p2|Farigiraf, L50, M|\n|poke|p2|Gallade, L50, M|\n|poke|p2|Luxray, L50, F|\n|poke|p2|Aerodactyl, L50, F|\n|poke|p2|Milotic, L50, F|\n|teampreview|4\n|inactive|Battle timer is ON: inactive players will automatically lose when time's up. (requested by Johten)\n|\n|t:|1776545761\n|teamsize|p1|4\n|teamsize|p2|4\n|start\n|switch|p1a: Floette|Floette-Eternal, L50, F|100/100\n|switch|p1b: Rotom|Rotom-Wash, L50|100/100\n|switch|p2a: Aerodactyl|Aerodactyl, L50, F|100/100\n|switch|p2b: Gallade|Gallade, L50, M|100/100\n|-ability|p2a: Aerodactyl|Unnerve\n|turn|1\n|\n|t:|1776545783\n|switch|p2b: Luxray|Luxray, L50, F|100/100\n|-ability|p2b: Luxray|Intimidate|boost\n|-unboost|p1a: Floette|atk|1\n|-unboost|p1b: Rotom|atk|1\n|detailschange|p1a: Floette|Floette-Mega, L50, F\n|-mega|p1a: Floette|Floette|Floettite\n|-ability|p1a: Floette|Fairy Aura\n|move|p1a: Floette|Protect|p1a: Floette\n|-singleturn|p1a: Floette|Protect\n|move|p2a: Aerodactyl|Tailwind|p2a: Aerodactyl\n|-sidestart|p2: Johten|move: Tailwind\n|move|p1b: Rotom|Electroweb|p2b: Luxray|[spread] p2a,p2b\n|-supereffective|p2a: Aerodactyl|1\n|-resisted|p2b: Luxray|1\n|-damage|p2a: Aerodactyl|55/100\n|-damage|p2b: Luxray|92/100\n|-unboost|p2a: Aerodactyl|spe|1\n|-unboost|p2b: Luxray|spe|1\n|\n|upkeep\n|turn|2\n|\n|t:|1776545803\n|move|p2a: Aerodactyl|Stone Edge|p1a: Floette\n|-damage|p1a: Floette|43/100\n|move|p1a: Floette|Dazzling Gleam|p2a: Aerodactyl|[spread] p2a,p2b\n|-damage|p2a: Aerodactyl|0 fnt\n|-damage|p2b: Luxray|45/100\n|faint|p2a: Aerodactyl\n|move|p1b: Rotom|Hydro Pump|p2b: Luxray\n|-damage|p2b: Luxray|6/100\n|move|p2b: Luxray|Snarl|p1a: Floette|[spread] p1a,p1b\n|-resisted|p1a: Floette|1\n|-crit|p1a: Floette\n|-damage|p1a: Floette|38/100\n|-damage|p1b: Rotom|90/100\n|-unboost|p1a: Floette|spa|1\n|-unboost|p1b: Rotom|spa|1\n|\n|upkeep\n|\n|t:|1776545817\n|switch|p2a: Farigiraf|Farigiraf, L50, M|100/100\n|turn|3\n|\n|t:|1776545827\n|switch|p2b: Gallade|Gallade, L50, M|100/100\n|move|p1a: Floette|Calm Mind|p1a: Floette\n|-boost|p1a: Floette|spa|1\n|-boost|p1a: Floette|spd|1\n|move|p2a: Farigiraf|Beat Up|p2b: Gallade\n|-damage|p2b: Gallade|96/100\n|-ability|p2b: Gallade|Justified|boost\n|-boost|p2b: Gallade|atk|1\n|-damage|p2b: Gallade|91/100\n|-ability|p2b: Gallade|Justified|boost\n|-boost|p2b: Gallade|atk|1\n|-damage|p2b: Gallade|87/100\n|-ability|p2b: Gallade|Justified|boost\n|-boost|p2b: Gallade|atk|1\n|-hitcount|p2b: Gallade|3\n|move|p1b: Rotom|Volt Switch|p2b: Gallade\n|-damage|p2b: Gallade|69/100\n|\n|t:|1776545836\n|switch|p1b: Aegislash|Aegislash, L50, M|100/100|[from] Volt Switch\n|\n|upkeep\n|turn|4\n|\n|t:|1776545859\n|detailschange|p2b: Gallade|Gallade-Mega, L50, M\n|-mega|p2b: Gallade|Gallade|Galladite\n|move|p2b: Gallade|Protect|p2b: Gallade\n|-singleturn|p2b: Gallade|Protect\n|move|p1a: Floette|Protect|p1a: Floette\n|-singleturn|p1a: Floette|Protect\n|move|p2a: Farigiraf|Thunder Wave|p1b: Aegislash\n|-status|p1b: Aegislash|par\n|-formechange|p1b: Aegislash|Aegislash-Blade|\n|move|p1b: Aegislash|Poltergeist|p2b: Gallade\n|-activate|p2b: Gallade|move: Protect\n|\n|-sideend|p2: Johten|move: Tailwind\n|upkeep\n|turn|5\n|inactive|POISONFLYER9823923 has 30 seconds left.\n|\n|t:|1776545885\n|switch|p2a: Luxray|Luxray, L50, F|6/100\n|-ability|p2a: Luxray|Intimidate|boost\n|-unboost|p1a: Floette|atk|1\n|-unboost|p1b: Aegislash|atk|1\n|move|p1b: Aegislash|Shadow Sneak|p2b: Gallade\n|-supereffective|p2b: Gallade|1\n|-damage|p2b: Gallade|30/100\n|move|p2b: Gallade|Drain Punch|p1a: Floette\n|-resisted|p1a: Floette|1\n|-damage|p1a: Floette|0 fnt\n|-heal|p2b: Gallade|48/100|[from] drain|[of] p1a: Floette\n|faint|p1a: Floette\n|\n|upkeep\n|\n|t:|1776545889\n|switch|p1a: Typhlosion|Typhlosion-Hisui, L50, M|100/100\n|-item|p2a: Luxray|Shuca Berry|[from] ability: Frisk|[of] p1a: Typhlosion\n|-item|p2b: Gallade|Galladite|[from] ability: Frisk|[of] p1a: Typhlosion\n|turn|6\n|inactive|Johten has 30 seconds left.\n|inactive|Johten has 20 seconds left.\n|inactive|Johten has 15 seconds left.\n|\n|t:|1776545933\n|move|p2b: Gallade|Protect|p2b: Gallade\n|-singleturn|p2b: Gallade|Protect\n|move|p1b: Aegislash|Shadow Sneak|p2b: Gallade\n|-activate|p2b: Gallade|move: Protect\n|move|p1a: Typhlosion|Eruption|p2b: Gallade|[spread] p2a\n|-activate|p2b: Gallade|move: Protect\n|-damage|p2a: Luxray|0 fnt\n|faint|p2a: Luxray\n|\n|upkeep\n|\n|t:|1776545942\n|switch|p2a: Farigiraf|Farigiraf, L50, M|100/100\n|turn|7\n|\n|t:|1776545953\n|move|p2b: Gallade|Protect||[still]\n|-fail|p2b: Gallade\n|move|p1b: Aegislash|Shadow Sneak||[still]\n|cant|p2a: Farigiraf|ability: Armor Tail|Shadow Sneak|[of] p1b: Aegislash\n|move|p1a: Typhlosion|Eruption|p2b: Gallade|[spread] p2a,p2b\n|-damage|p2a: Farigiraf|43/100\n|-damage|p2b: Gallade|0 fnt\n|faint|p2b: Gallade\n|move|p2a: Farigiraf|Thunder Wave|p1a: Typhlosion\n|-status|p1a: Typhlosion|par\n|\n|upkeep\n|turn|8\n|\n|t:|1776545971\n|move|p1a: Typhlosion|Eruption|p2a: Farigiraf\n|-damage|p2a: Farigiraf|0 fnt\n|faint|p2a: Farigiraf\n|\n|win|POISONFLYER9823923\n|raw|POISONFLYER9823923's rating: 1132 &rarr; <strong>1158</strong><br />(+26 for winning)\n|raw|Johten's rating: 1141 &rarr; <strong>1115</strong><br />(-26 for losing)\n|l|\u2606POISONFLYER9823923\n|player|p1|\n",
  "uploadtime": 1776545977,
  "views": 18,
  "formatid": "gen9championsvgc2026regma",
  "rating": 1115,
  "private": 0,
  "password": null
}