{
  "id": "gen9championsvgc2026regma-2581523847",
  "format": "[Gen 9 Champions] VGC 2026 Reg M-A",
  "players": [
    "ThePeasent",
    "geekaleek"
  ],
  "log": "|j|\u2606ThePeasent\n|j|\u2606geekaleek\n|t:|1776008069\n|gametype|doubles\n|player|p1|ThePeasent|170|1124\n|player|p2|geekaleek|101|1201\n|gen|9\n|tier|[Gen 9 Champions] VGC 2026 Reg M-A\n|rated|\n|rule|Species Clause: Limit one of each Pok\u00e9mon\n|rule|Item Clause: Limit 1 of each item\n|clearpoke\n|poke|p1|Glimmora, L50, M|\n|poke|p1|Tyranitar, L50, F|\n|poke|p1|Excadrill, L50, F|\n|poke|p1|Milotic, L50, F|\n|poke|p1|Sneasler, L50, M|\n|poke|p1|Rotom-Wash, L50|\n|poke|p2|Glimmora, L50, M|\n|poke|p2|Aegislash, L50, M|\n|poke|p2|Pelipper, L50, M|\n|poke|p2|Mamoswine, L50, M|\n|poke|p2|Incineroar, L50, M|\n|poke|p2|Sinistcha-Masterpiece, L50|\n|teampreview|4\n|inactive|Battle timer is ON: inactive players will automatically lose when time's up. (requested by ThePeasent)\nThePeasent has agreed to open team sheets.\n|inactive|geekaleek has 60 seconds left.\n|inactive|geekaleek has 30 seconds left.\n|inactive|geekaleek has 20 seconds left.\n|\n|t:|1776008140\n|teamsize|p1|4\n|teamsize|p2|4\n|start\n|switch|p1a: Excadrill|Excadrill, L50, F|100/100\n|switch|p1b: Rotom|Rotom-Wash, L50|100/100\n|switch|p2a: Incineroar|Incineroar, L50, M|100/100\n|switch|p2b: Mamoswine|Mamoswine, L50, M|100/100\n|-ability|p2a: Incineroar|Intimidate|boost\n|-unboost|p1a: Excadrill|atk|1\n|-unboost|p1b: Rotom|atk|1\n|turn|1\n|inactive|geekaleek has 30 seconds left.\n|inactive|geekaleek has 20 seconds left.\n|inactive|geekaleek has 15 seconds left.\n|inactive|geekaleek has 10 seconds left.\n|\n|t:|1776008187\n|move|p1a: Excadrill|Protect|p1a: Excadrill\n|-singleturn|p1a: Excadrill|Protect\n|move|p2a: Incineroar|Fake Out|p1b: Rotom\n|-damage|p1b: Rotom|89/100\n|move|p2b: Mamoswine|High Horsepower|p1a: Excadrill\n|-activate|p1a: Excadrill|move: Protect\n|cant|p1b: Rotom|flinch\n|\n|upkeep\n|turn|2\n|inactive|ThePeasent has 30 seconds left.\n|\n|t:|1776008218\n|switch|p1a: Milotic|Milotic, L50, F|100/100\n|switch|p2a: Pelipper|Pelipper, L50, M|100/100\n|-weather|RainDance|[from] ability: Drizzle|[of] p2a: Pelipper\n|move|p2b: Mamoswine|High Horsepower|p1a: Milotic\n|-damage|p1a: Milotic|59/100\n|move|p1b: Rotom|Hydro Pump|p2a: Pelipper\n|-resisted|p2a: Pelipper|1\n|-damage|p2a: Pelipper|43/100\n|\n|-weather|RainDance|[upkeep]\n|-heal|p1a: Milotic|65/100|[from] item: Leftovers\n|upkeep\n|turn|3\n|inactive|geekaleek has 30 seconds left.\n|\n|t:|1776008247\n|switch|p2b: Sinistcha|Sinistcha-Masterpiece, L50|100/100\n|-heal|p2a: Pelipper|68/100|[from] ability: Hospitality|[of] p2b: Sinistcha\n|move|p2a: Pelipper|Tailwind|p2a: Pelipper\n|-sidestart|p2: geekaleek|move: Tailwind\n|move|p1b: Rotom|Volt Switch|p2a: Pelipper\n|-supereffective|p2a: Pelipper|2\n|-damage|p2a: Pelipper|0 fnt\n|faint|p2a: Pelipper\n|\n|t:|1776008270\n|switch|p1b: Tyranitar|Tyranitar, L50, F|100/100|[from] Volt Switch\n|-weather|Sandstorm|[from] ability: Sand Stream|[of] p1b: Tyranitar\n|move|p1a: Milotic|Muddy Water|p2b: Sinistcha\n|-resisted|p2b: Sinistcha|1\n|-damage|p2b: Sinistcha|85/100\n|\n|-weather|Sandstorm|[upkeep]\n|-damage|p2b: Sinistcha|79/100|[from] Sandstorm\n|-damage|p1a: Milotic|59/100|[from] Sandstorm\n|-heal|p1a: Milotic|65/100|[from] item: Leftovers\n|upkeep\n|\n|t:|1776008291\n|switch|p2a: Incineroar|Incineroar, L50, M|100/100\n|-ability|p2a: Incineroar|Intimidate|boost\n|-unboost|p1a: Milotic|atk|1\n|-ability|p1a: Milotic|Competitive|boost\n|-boost|p1a: Milotic|spa|2\n|-unboost|p1b: Tyranitar|atk|1\n|turn|4\n|inactive|geekaleek has 30 seconds left.\n|\n|t:|1776008318\n|move|p1a: Milotic|Protect|p1a: Milotic\n|-singleturn|p1a: Milotic|Protect\n|move|p2b: Sinistcha|Matcha Gotcha|p1a: Milotic|[spread] p1b\n|-activate|p1a: Milotic|move: Protect\n|-supereffective|p1b: Tyranitar|1\n|-damage|p1b: Tyranitar|73/100\n|-heal|p2b: Sinistcha|93/100|[from] drain|[of] p1b: Tyranitar\n|move|p2a: Incineroar|Parting Shot|p1b: Tyranitar\n|-unboost|p1b: Tyranitar|atk|1\n|-unboost|p1b: Tyranitar|spa|1\n|\n|t:|1776008320\n|switch|p2a: Mamoswine|Mamoswine, L50, M|100/100|[from] Parting Shot\n|move|p1b: Tyranitar|Crunch|p2b: Sinistcha\n|-supereffective|p2b: Sinistcha|1\n|-damage|p2b: Sinistcha|56/100\n|-unboost|p2b: Sinistcha|def|1\n|\n|-weather|Sandstorm|[upkeep]\n|-damage|p2b: Sinistcha|50/100|[from] Sandstorm\n|-damage|p1a: Milotic|59/100|[from] Sandstorm\n|-enditem|p2b: Sinistcha|Sitrus Berry|[eat]\n|-heal|p2b: Sinistcha|75/100|[from] item: Sitrus Berry\n|-heal|p1a: Milotic|65/100|[from] item: Leftovers\n|upkeep\n|turn|5\n|inactive|geekaleek has 30 seconds left.\n|\n|t:|1776008352\n|switch|p1b: Rotom|Rotom-Wash, L50|89/100\n|move|p2a: Mamoswine|High Horsepower|p1a: Milotic\n|-damage|p1a: Milotic|25/100\n|move|p2b: Sinistcha|Matcha Gotcha|p1a: Milotic|[spread] p1a,p1b\n|-supereffective|p1a: Milotic|1\n|-supereffective|p1b: Rotom|1\n|-damage|p1a: Milotic|0 fnt\n|-heal|p2b: Sinistcha|89/100|[from] drain|[of] p1a: Milotic\n|-damage|p1b: Rotom|43/100\n|-heal|p2b: Sinistcha|100/100|[from] drain|[of] p1b: Rotom\n|-enditem|p1b: Rotom|Sitrus Berry|[eat]\n|-heal|p1b: Rotom|68/100|[from] item: Sitrus Berry\n|faint|p1a: Milotic\n|\n|-weather|Sandstorm|[upkeep]\n|-damage|p2b: Sinistcha|94/100|[from] Sandstorm\n|-damage|p1b: Rotom|62/100|[from] Sandstorm\n|upkeep\n|\n|t:|1776008362\n|switch|p1a: Excadrill|Excadrill, L50, F|100/100\n|turn|6\n|inactive|geekaleek has 30 seconds left.\n|\n|t:|1776008397\n|move|p2a: Mamoswine|High Horsepower|p1a: Excadrill\n|-supereffective|p1a: Excadrill|1\n|-enditem|p1a: Excadrill|Focus Sash\n|-damage|p1a: Excadrill|1/100\n|move|p1a: Excadrill|Rock Slide|p2b: Sinistcha|[spread] p2a,p2b\n|-damage|p2a: Mamoswine|75/100\n|-damage|p2b: Sinistcha|67/100\n|move|p2b: Sinistcha|Matcha Gotcha|p1b: Rotom|[spread] p1b\n|-miss|p2b: Sinistcha|p1a: Excadrill\n|-supereffective|p1b: Rotom|1\n|-damage|p1b: Rotom|11/100\n|-heal|p2b: Sinistcha|90/100|[from] drain|[of] p1b: Rotom\n|move|p1b: Rotom|Hydro Pump|p2a: Mamoswine\n|-supereffective|p2a: Mamoswine|1\n|-damage|p2a: Mamoswine|0 fnt\n|faint|p2a: Mamoswine\n|\n|-weather|Sandstorm|[upkeep]\n|-damage|p2b: Sinistcha|84/100|[from] Sandstorm\n|-damage|p1b: Rotom|6/100|[from] Sandstorm\n|-sideend|p2: geekaleek|move: Tailwind\n|upkeep\n|\n|t:|1776008401\n|switch|p2a: Incineroar|Incineroar, L50, M|100/100\n|-ability|p2a: Incineroar|Intimidate|boost\n|-unboost|p1a: Excadrill|atk|1\n|-unboost|p1b: Rotom|atk|1\n|turn|7\n|\n|t:|1776008425\n|move|p1a: Excadrill|Protect|p1a: Excadrill\n|-singleturn|p1a: Excadrill|Protect\n|move|p2a: Incineroar|Fake Out|p1a: Excadrill\n|-activate|p1a: Excadrill|move: Protect\n|move|p1b: Rotom|Hydro Pump|p2a: Incineroar\n|-supereffective|p2a: Incineroar|1\n|-damage|p2a: Incineroar|17/100\n|move|p2b: Sinistcha|Trick Room|p2b: Sinistcha\n|-fieldstart|move: Trick Room|[of] p2b: Sinistcha\n|\n|-weather|none\n|upkeep\n|turn|8\n|inactive|geekaleek has 30 seconds left.\n|\n|t:|1776008457\n|switch|p1a: Tyranitar|Tyranitar, L50, F|73/100\n|-weather|Sandstorm|[from] ability: Sand Stream|[of] p1a: Tyranitar\n|move|p2a: Incineroar|Darkest Lariat|p1b: Rotom\n|-damage|p1b: Rotom|0 fnt\n|faint|p1b: Rotom\n|move|p2b: Sinistcha|Matcha Gotcha|p1a: Tyranitar\n|-supereffective|p1a: Tyranitar|1\n|-damage|p1a: Tyranitar|38/100\n|-heal|p2b: Sinistcha|100/100|[from] drain|[of] p1a: Tyranitar\n|\n|-weather|Sandstorm|[upkeep]\n|-damage|p2a: Incineroar|11/100|[from] Sandstorm\n|-damage|p2b: Sinistcha|94/100|[from] Sandstorm\n|upkeep\n|\n|t:|1776008464\n|switch|p1b: Excadrill|Excadrill, L50, F|1/100\n|turn|9\n|\n|t:|1776008488\n|move|p1b: Excadrill|Protect|p1b: Excadrill\n|-singleturn|p1b: Excadrill|Protect\n|move|p2a: Incineroar|Parting Shot|p1a: Tyranitar\n|-unboost|p1a: Tyranitar|atk|1\n|-unboost|p1a: Tyranitar|spa|1\n|move|p2b: Sinistcha|Matcha Gotcha|p1b: Excadrill|[spread] p1a\n|-activate|p1b: Excadrill|move: Protect\n|-supereffective|p1a: Tyranitar|1\n|-damage|p1a: Tyranitar|8/100\n|-heal|p2b: Sinistcha|100/100|[from] drain|[of] p1a: Tyranitar\n|move|p1a: Tyranitar|Crunch|p2b: Sinistcha\n|-supereffective|p2b: Sinistcha|1\n|-damage|p2b: Sinistcha|26/100\n|\n|-weather|Sandstorm|[upkeep]\n|-damage|p2a: Incineroar|5/100|[from] Sandstorm\n|-damage|p2b: Sinistcha|20/100|[from] Sandstorm\n|upkeep\n|turn|10\n|\n|t:|1776008500\n|move|p2a: Incineroar|Darkest Lariat|p1a: Tyranitar\n|-resisted|p1a: Tyranitar|1\n|-damage|p1a: Tyranitar|0 fnt\n|faint|p1a: Tyranitar\n|move|p2b: Sinistcha|Matcha Gotcha|p1b: Excadrill\n|-damage|p1b: Excadrill|0 fnt\n|-heal|p2b: Sinistcha|21/100|[from] drain|[of] p1b: Excadrill\n|faint|p1b: Excadrill\n|\n|win|geekaleek\n|raw|ThePeasent's rating: 1124 &rarr; <strong>1104</strong><br />(-20 for losing)\n|raw|geekaleek's rating: 1201 &rarr; <strong>1221</strong><br />(+20 for winning)\n",
  "uploadtime": 1776008502,
  "views": 39,
  "formatid": "gen9championsvgc2026regma",
  "rating": 1104,
  "private": 0,
  "password": null
}