{
  "id": "gen9championsvgc2026regma-2586201617",
  "format": "[Gen 9 Champions] VGC 2026 Reg M-A",
  "players": [
    "pokeeles",
    "isabellissima"
  ],
  "log": "|j|\u2606pokeeles\n|j|\u2606isabellissima\n|t:|1776411761\n|gametype|doubles\n|player|p1|pokeeles|rosa|1153\n|player|p2|isabellissima|265|1158\n|gen|9\n|tier|[Gen 9 Champions] VGC 2026 Reg M-A\n|rated|\n|rule|Species Clause: Limit one of each Pok\u00e9mon\n|rule|Item Clause: Limit 1 of each item\n|clearpoke\n|poke|p1|Greninja-*, L50, M|\n|poke|p1|Pelipper, L50, F|\n|poke|p1|Incineroar, L50, M|\n|poke|p1|Scizor, L50, M|\n|poke|p1|Kommo-o, L50, F|\n|poke|p1|Sinistcha, L50|\n|poke|p2|Incineroar, L50, F|\n|poke|p2|Gengar, L50, M|\n|poke|p2|Sneasler, L50, F|\n|poke|p2|Maushold-Four, L50|\n|poke|p2|Kommo-o, L50, F|\n|poke|p2|Politoed, L50, M|\n|teampreview|4\n|inactive|Battle timer is ON: inactive players will automatically lose when time's up. (requested by isabellissima)\n|\n|t:|1776411793\n|teamsize|p1|4\n|teamsize|p2|4\n|start\n|switch|p1a: Kommo-o|Kommo-o, L50, F|100/100\n|switch|p1b: Incineroar|Incineroar, L50, M|100/100\n|switch|p2a: Incineroar|Incineroar, L50, F, shiny|100/100\n|switch|p2b: Gengar|Gengar, L50, M, shiny|100/100\n|-ability|p1b: Incineroar|Intimidate|boost\n|-unboost|p2a: Incineroar|atk|1\n|-unboost|p2b: Gengar|atk|1\n|-ability|p2a: Incineroar|Intimidate|boost\n|-unboost|p1a: Kommo-o|atk|1\n|-unboost|p1b: Incineroar|atk|1\n|turn|1\n|inactive|isabellissima has 30 seconds left.\n|\n|t:|1776411823\n|move|p2b: Gengar|Shadow Ball|p1a: Kommo-o\n|-damage|p1a: Kommo-o|64/100\n|move|p1a: Kommo-o|Aura Sphere|p2a: Incineroar\n|-supereffective|p2a: Incineroar|1\n|-damage|p2a: Incineroar|46/100\n|-enditem|p2a: Incineroar|Sitrus Berry|[eat]\n|-heal|p2a: Incineroar|71/100|[from] item: Sitrus Berry\n|move|p1b: Incineroar|Throat Chop|p2b: Gengar\n|-supereffective|p2b: Gengar|1\n|-damage|p2b: Gengar|14/100\n|-start|p2b: Gengar|Throat Chop|[silent]\n|move|p2a: Incineroar|Throat Chop|p1a: Kommo-o\n|-resisted|p1a: Kommo-o|1\n|-damage|p1a: Kommo-o|56/100\n|-start|p1a: Kommo-o|Throat Chop|[silent]\n|\n|-heal|p1a: Kommo-o|62/100|[from] item: Leftovers\n|upkeep\n|turn|2\n|l|\u2606pokeeles\n|inactive|pokeeles disconnected and has a minute to reconnect!\n|player|p1|\n|inactive|pokeeles has 30 seconds left.\n|j|\u2606pokeeles\n|inactive|pokeeles reconnected and has 30 seconds left.\n|player|p1|pokeeles|rosa|\n|\n|t:|1776411857\n|detailschange|p2b: Gengar|Gengar-Mega, L50, M, shiny\n|-mega|p2b: Gengar|Gengar|Gengarite\n|move|p2b: Gengar|Protect|p2b: Gengar\n|-singleturn|p2b: Gengar|Protect\n|move|p1a: Kommo-o|Protect|p1a: Kommo-o\n|-singleturn|p1a: Kommo-o|Protect\n|move|p1b: Incineroar|Throat Chop|p2a: Incineroar\n|-resisted|p2a: Incineroar|1\n|-damage|p2a: Incineroar|62/100\n|-start|p2a: Incineroar|Throat Chop|[silent]\n|cant|p2a: Incineroar|move: Throat Chop\n|\n|-heal|p1a: Kommo-o|68/100|[from] item: Leftovers\n|-end|p2b: Gengar|Throat Chop|[silent]\n|-end|p1a: Kommo-o|Throat Chop|[silent]\n|upkeep\n|turn|3\n|\n|t:|1776411879\n|switch|p2b: Maushold|Maushold-Four, L50|100/100\n|move|p1a: Kommo-o|Clanging Scales|p2a: Incineroar|[spread] p2a,p2b\n|-damage|p2a: Incineroar|43/100\n|-damage|p2b: Maushold|63/100\n|-unboost|p1a: Kommo-o|def|1\n|move|p1b: Incineroar|Parting Shot|p2a: Incineroar\n|-unboost|p2a: Incineroar|atk|1\n|-unboost|p2a: Incineroar|spa|1\n|\n|t:|1776411890\n|switch|p1b: Sinistcha|Sinistcha, L50|100/100|[from] Parting Shot\n|-heal|p1a: Kommo-o|92/100|[from] ability: Hospitality|[of] p1b: Sinistcha\n|move|p2a: Incineroar|Throat Chop|p1a: Kommo-o\n|-resisted|p1a: Kommo-o|1\n|-damage|p1a: Kommo-o|82/100\n|-start|p1a: Kommo-o|Throat Chop|[silent]\n|\n|-heal|p1a: Kommo-o|88/100|[from] item: Leftovers\n|-end|p2a: Incineroar|Throat Chop|[silent]\n|upkeep\n|turn|4\n|\n|t:|1776411906\n|move|p1b: Sinistcha|Rage Powder|p1b: Sinistcha\n|-singleturn|p1b: Sinistcha|move: Rage Powder\n|move|p2b: Maushold|Super Fang|p1b: Sinistcha\n|-immune|p1b: Sinistcha\n|move|p1a: Kommo-o|Aura Sphere|p2b: Maushold\n|-supereffective|p2b: Maushold|1\n|-enditem|p2b: Maushold|Chople Berry|[eat]\n|-enditem|p2b: Maushold|Chople Berry|[weaken]\n|-damage|p2b: Maushold|31/100\n|move|p2a: Incineroar|Throat Chop|p1b: Sinistcha\n|-supereffective|p1b: Sinistcha|1\n|-damage|p1b: Sinistcha|66/100\n|-start|p1b: Sinistcha|Throat Chop|[silent]\n|\n|-heal|p1a: Kommo-o|94/100|[from] item: Leftovers\n|-end|p1a: Kommo-o|Throat Chop|[silent]\n|upkeep\n|turn|5\n|\n|t:|1776411925\n|move|p2b: Maushold|Protect|p2b: Maushold\n|-singleturn|p2b: Maushold|Protect\n|move|p1b: Sinistcha|Rage Powder|p1b: Sinistcha\n|-singleturn|p1b: Sinistcha|move: Rage Powder\n|move|p1a: Kommo-o|Aura Sphere|p2a: Incineroar\n|-supereffective|p2a: Incineroar|1\n|-damage|p2a: Incineroar|3/100\n|move|p2a: Incineroar|Parting Shot|p1b: Sinistcha\n|-unboost|p1b: Sinistcha|atk|1\n|-unboost|p1b: Sinistcha|spa|1\n|\n|t:|1776411938\n|switch|p2a: Gengar|Gengar-Mega, L50, M, shiny|14/100|[from] Parting Shot\n|\n|-heal|p1a: Kommo-o|100/100|[from] item: Leftovers\n|-end|p1b: Sinistcha|Throat Chop|[silent]\n|upkeep\n|turn|6\n|\n|t:|1776411951\n|switch|p1b: Incineroar|Incineroar, L50, M|100/100\n|-ability|p1b: Incineroar|Intimidate|boost\n|-unboost|p2a: Gengar|atk|1\n|-unboost|p2b: Maushold|atk|1\n|move|p2b: Maushold|Follow Me|p2b: Maushold\n|-singleturn|p2b: Maushold|move: Follow Me\n|move|p2a: Gengar|Shadow Ball|p1b: Incineroar\n|-resisted|p1b: Incineroar|1\n|-damage|p1b: Incineroar|78/100\n|move|p1a: Kommo-o|Clanging Scales|p2b: Maushold|[spread] p2a,p2b\n|-damage|p2a: Gengar|0 fnt\n|-damage|p2b: Maushold|0 fnt\n|faint|p2a: Gengar\n|faint|p2b: Maushold\n|-unboost|p1a: Kommo-o|def|1\n|\n|upkeep\n|\n|t:|1776411962\n|switch|p2b: Incineroar|Incineroar, L50, F, shiny|3/100\n|switch|p2a: Sneasler|Sneasler, L50, F|100/100\n|-ability|p2b: Incineroar|Intimidate|boost\n|-unboost|p1a: Kommo-o|atk|1\n|-unboost|p1b: Incineroar|atk|1\n|turn|7\n|\n|t:|1776411978\n|move|p1b: Incineroar|Fake Out|p2b: Incineroar\n|-damage|p2b: Incineroar|0 fnt\n|faint|p2b: Incineroar\n|move|p2a: Sneasler|Close Combat|p1b: Incineroar\n|-supereffective|p1b: Incineroar|1\n|-enditem|p1b: Incineroar|Chople Berry|[eat]\n|-enditem|p1b: Incineroar|Chople Berry|[weaken]\n|-damage|p1b: Incineroar|8/100\n|-unboost|p2a: Sneasler|def|1\n|-unboost|p2a: Sneasler|spd|1\n|-enditem|p2a: Sneasler|White Herb\n|-clearnegativeboost|p2a: Sneasler|[silent]\n|move|p1a: Kommo-o|Clangorous Soul|p1a: Kommo-o\n|-boost|p1a: Kommo-o|atk|1\n|-boost|p1a: Kommo-o|def|1\n|-boost|p1a: Kommo-o|spa|1\n|-boost|p1a: Kommo-o|spd|1\n|-boost|p1a: Kommo-o|spe|1\n|-damage|p1a: Kommo-o|68/100\n|\n|-heal|p1a: Kommo-o|74/100|[from] item: Leftovers\n|upkeep\n|turn|8\n|inactive|pokeeles has 30 seconds left.\n|\n|t:|1776412008\n|move|p2a: Sneasler|Close Combat|p1a: Kommo-o\n|-damage|p1a: Kommo-o|0 fnt\n|-unboost|p2a: Sneasler|def|1\n|-unboost|p2a: Sneasler|spd|1\n|faint|p1a: Kommo-o\n|move|p1b: Incineroar|Parting Shot|p2a: Sneasler\n|-unboost|p2a: Sneasler|atk|1\n|-unboost|p2a: Sneasler|spa|1\n|\n|t:|1776412021\n|switch|p1b: Pelipper|Pelipper, L50, F|100/100|[from] Parting Shot\n|-weather|RainDance|[from] ability: Drizzle|[of] p1b: Pelipper\n|\n|-weather|RainDance|[upkeep]\n|upkeep\n|\n|t:|1776412026\n|switch|p1a: Sinistcha|Sinistcha, L50|66/100\n|turn|9\n|\n|t:|1776412040\n|move|p1a: Sinistcha|Rage Powder|p1a: Sinistcha\n|-singleturn|p1a: Sinistcha|move: Rage Powder\n|move|p2a: Sneasler|Dire Claw|p1a: Sinistcha\n|-damage|p1a: Sinistcha|31/100\n|-enditem|p1a: Sinistcha|Sitrus Berry|[eat]\n|-heal|p1a: Sinistcha|55/100|[from] item: Sitrus Berry\n|move|p1b: Pelipper|Hurricane|p2a: Sneasler\n|-supereffective|p2a: Sneasler|1\n|-damage|p2a: Sneasler|0 fnt\n|faint|p2a: Sneasler\n|\n|win|pokeeles\n|raw|pokeeles's rating: 1153 &rarr; <strong>1178</strong><br />(+25 for winning)\n|raw|isabellissima's rating: 1158 &rarr; <strong>1133</strong><br />(-25 for losing)\n",
  "uploadtime": 1776412044,
  "views": 31,
  "formatid": "gen9championsvgc2026regma",
  "rating": 1133,
  "private": 0,
  "password": null
}