{
  "id": "gen9championsvgc2026regma-2581286143",
  "format": "[Gen 9 Champions] VGC 2026 Reg M-A",
  "players": [
    "gthtsl",
    "deinofan777"
  ],
  "log": "|j|\u2606gthtsl\n|j|\u2606deinofan777\n|t:|1775981462\n|gametype|doubles\n|player|p1|gthtsl|pryce|1300\n|player|p2|deinofan777|zinnia|1245\n|gen|9\n|tier|[Gen 9 Champions] VGC 2026 Reg M-A\n|rated|\n|rule|Species Clause: Limit one of each Pok\u00e9mon\n|rule|Item Clause: Limit 1 of each item\n|clearpoke\n|poke|p1|Incineroar, L50, M|\n|poke|p1|Glimmora, L50, M|\n|poke|p1|Whimsicott, L50, M|\n|poke|p1|Sneasler, L50, F|\n|poke|p1|Sinistcha, L50|\n|poke|p1|Rotom-Wash, L50|\n|poke|p2|Scizor, L50, M|\n|poke|p2|Sneasler, L50, F|\n|poke|p2|Pelipper, L50, M|\n|poke|p2|Basculegion, L50, M|\n|poke|p2|Floette-Eternal, L50, F|\n|poke|p2|Hydreigon, L50, F|\n|teampreview|4\n|inactive|Battle timer is ON: inactive players will automatically lose when time's up. (requested by gthtsl)\n|j| gE1xjZRtuhW2DdT0AK\n|inactive|gthtsl has 60 seconds left.\n|inactive|deinofan777 has 60 seconds left.\n|\n|t:|1775981513\n|teamsize|p1|4\n|teamsize|p2|4\n|start\n|switch|p1a: Rotom|Rotom-Wash, L50|100/100\n|switch|p1b: Whimsicott|Whimsicott, L50, M|100/100\n|switch|p2a: Hydreigon|Hydreigon, L50, F|100/100\n|switch|p2b: Pelipper|Pelipper, L50, M|100/100\n|-weather|RainDance|[from] ability: Drizzle|[of] p2b: Pelipper\n|turn|1\n|inactive|deinofan777 has 30 seconds left.\n|\n|t:|1775981541\n|move|p2b: Pelipper|Protect|p2b: Pelipper\n|-singleturn|p2b: Pelipper|Protect\n|move|p1b: Whimsicott|Tailwind|p1b: Whimsicott\n|-sidestart|p1: gthtsl|move: Tailwind\n|move|p2a: Hydreigon|Draco Meteor|p1a: Rotom\n|-damage|p1a: Rotom|25/100\n|-unboost|p2a: Hydreigon|spa|2\n|move|p1a: Rotom|Volt Switch|p2b: Pelipper\n|-activate|p2b: Pelipper|move: Protect\n|\n|-weather|RainDance|[upkeep]\n|-heal|p1a: Rotom|31/100|[from] item: Leftovers\n|upkeep\n|turn|2\n|\n|t:|1775981562\n|switch|p2b: Sneasler|Sneasler, L50, F|100/100\n|move|p1b: Whimsicott|Encore||[still]\n|-fail|p1b: Whimsicott\n|move|p2a: Hydreigon|Draco Meteor|p1a: Rotom\n|-damage|p1a: Rotom|0 fnt\n|-unboost|p2a: Hydreigon|spa|2\n|faint|p1a: Rotom\n|\n|-weather|RainDance|[upkeep]\n|upkeep\n|\n|t:|1775981575\n|switch|p1a: Glimmora|Glimmora, L50, M|100/100\n|turn|3\n|\n|t:|1775981587\n|switch|p2a: Basculegion|Basculegion, L50, M|100/100\n|detailschange|p1a: Glimmora|Glimmora-Mega, L50, M\n|-mega|p1a: Glimmora|Glimmora|Glimmoranite\n|move|p2b: Sneasler|Fake Out|p1a: Glimmora\n|-resisted|p1a: Glimmora|1\n|-damage|p1a: Glimmora|92/100\n|cant|p1a: Glimmora|flinch\n|move|p1b: Whimsicott|Moonblast|p2a: Basculegion\n|-damage|p2a: Basculegion|68/100\n|\n|-weather|RainDance|[upkeep]\n|upkeep\n|turn|4\n|\n|t:|1775981611\n|switch|p2b: Pelipper|Pelipper, L50, M|100/100\n|move|p2a: Basculegion|Protect|p2a: Basculegion\n|-singleturn|p2a: Basculegion|Protect\n|move|p1b: Whimsicott|Encore||[still]\n|-fail|p1b: Whimsicott\n|move|p1a: Glimmora|Power Gem|p2a: Basculegion\n|-activate|p2a: Basculegion|move: Protect\n|\n|-weather|RainDance|[upkeep]\n|-sideend|p1: gthtsl|move: Tailwind\n|upkeep\n|turn|5\n|\n|t:|1775981627\n|move|p1b: Whimsicott|Encore|p2a: Basculegion\n|-start|p2a: Basculegion|Encore\n|move|p2a: Basculegion|Protect||[still]\n|-fail|p2a: Basculegion\n|move|p1a: Glimmora|Power Gem|p2b: Pelipper\n|-supereffective|p2b: Pelipper|1\n|-damage|p2b: Pelipper|0 fnt\n|faint|p2b: Pelipper\n|\n|-weather|none\n|upkeep\n|\n|t:|1775981636\n|switch|p2b: Sneasler|Sneasler, L50, F|100/100\n|turn|6\n|\n|t:|1775981647\n|switch|p2a: Hydreigon|Hydreigon, L50, F|100/100\n|move|p1b: Whimsicott|Tailwind|p1b: Whimsicott\n|-sidestart|p1: gthtsl|move: Tailwind\n|move|p1a: Glimmora|Earth Power|p2b: Sneasler\n|-supereffective|p2b: Sneasler|1\n|-damage|p2b: Sneasler|13/100\n|move|p2b: Sneasler|Dire Claw|p1b: Whimsicott\n|-supereffective|p1b: Whimsicott|2\n|-enditem|p1b: Whimsicott|Focus Sash\n|-damage|p1b: Whimsicott|1/100\n|\n|upkeep\n|turn|7\n|inactive|deinofan777 has 30 seconds left.\n|inactive|deinofan777 has 20 seconds left.\n|\n|t:|1775981686\n|move|p1a: Glimmora|Power Gem|p2b: Sneasler\n|-resisted|p2b: Sneasler|1\n|-damage|p2b: Sneasler|0 fnt\n|faint|p2b: Sneasler\n|move|p1b: Whimsicott|Moonblast|p2a: Hydreigon\n|-supereffective|p2a: Hydreigon|2\n|-damage|p2a: Hydreigon|0 fnt\n|faint|p2a: Hydreigon\n|\n|upkeep\n|\n|t:|1775981692\n|switch|p2b: Basculegion|Basculegion, L50, M|68/100\n|turn|8\n|\n|t:|1775981699\n|move|p2b: Basculegion|Protect|p2b: Basculegion\n|-singleturn|p2b: Basculegion|Protect\n|move|p1a: Glimmora|Power Gem|p2b: Basculegion\n|-activate|p2b: Basculegion|move: Protect\n|move|p1b: Whimsicott|Moonblast|p2b: Basculegion\n|-activate|p2b: Basculegion|move: Protect\n|\n|upkeep\n|turn|9\n|\n|t:|1775981705\n|move|p2b: Basculegion|Protect||[still]\n|-fail|p2b: Basculegion\n|move|p1b: Whimsicott|Encore|p2b: Basculegion\n|-start|p2b: Basculegion|Encore\n|move|p1a: Glimmora|Earth Power|p2b: Basculegion\n|-damage|p2b: Basculegion|27/100\n|\n|-sideend|p1: gthtsl|move: Tailwind\n|upkeep\n|turn|10\n|-message|deinofan777 forfeited.\n|\n|win|gthtsl\n|raw|gthtsl's rating: 1300 &rarr; <strong>1321</strong><br />(+21 for winning)\n|raw|deinofan777's rating: 1245 &rarr; <strong>1224</strong><br />(-21 for losing)\n|l|\u2606deinofan777\n|player|p2|\n|l|\u2606gthtsl\n|player|p1|\n",
  "uploadtime": 1775981720,
  "views": 36,
  "formatid": "gen9championsvgc2026regma",
  "rating": 1224,
  "private": 0,
  "password": null
}