{
  "id": "gen9championsvgc2026regma-2587464706",
  "format": "[Gen 9 Champions] VGC 2026 Reg M-A",
  "players": [
    "crazyshit14",
    "DropaDunsparce"
  ],
  "log": "|j|\u2606crazyshit14\n|j|\u2606DropaDunsparce\n|t:|1776534056\n|gametype|doubles\n|player|p1|crazyshit14|2|1316\n|player|p2|DropaDunsparce|pokefan-gen4|1360\n|gen|9\n|tier|[Gen 9 Champions] VGC 2026 Reg M-A\n|rated|\n|rule|Species Clause: Limit one of each Pok\u00e9mon\n|rule|Item Clause: Limit 1 of each item\n|clearpoke\n|poke|p1|Manectric, L50, M|\n|poke|p1|Incineroar, L50, M|\n|poke|p1|Sneasler, L50, M|\n|poke|p1|Snorlax, L50, F|\n|poke|p1|Mimikyu, L50, M|\n|poke|p1|Sinistcha, L50|\n|poke|p2|Tyranitar, L50, F, shiny|\n|poke|p2|Excadrill, L50, F|\n|poke|p2|Incineroar, L50, F|\n|poke|p2|Rotom-Wash, L50, shiny|\n|poke|p2|Sinistcha, L50|\n|poke|p2|Aerodactyl, L50, M|\n|teampreview|4\n|\n|t:|1776534096\n|teamsize|p1|4\n|teamsize|p2|4\n|start\n|switch|p1a: Manectric|Manectric, L50, M|100/100\n|switch|p1b: Incineroar|Incineroar, L50, M|100/100\n|switch|p2a: Rotom|Rotom-Wash, L50, shiny|100/100\n|switch|p2b: Sinistcha|Sinistcha, L50|100/100\n|-ability|p1b: Incineroar|Intimidate|boost\n|-unboost|p2a: Rotom|atk|1\n|-unboost|p2b: Sinistcha|atk|1\n|turn|1\n|\n|t:|1776534127\n|switch|p2b: Incineroar|Incineroar, L50, F|100/100\n|-ability|p2b: Incineroar|Intimidate|boost\n|-unboost|p1a: Manectric|atk|1\n|-unboost|p1b: Incineroar|atk|1\n|move|p2a: Rotom|Hydro Pump|p1b: Incineroar\n|-supereffective|p1b: Incineroar|1\n|-damage|p1b: Incineroar|18/100\n|move|p1a: Manectric|Snarl|p2b: Incineroar|[spread] p2a,p2b\n|-resisted|p2b: Incineroar|1\n|-damage|p2a: Rotom|86/100\n|-damage|p2b: Incineroar|96/100\n|-unboost|p2a: Rotom|spa|1\n|-unboost|p2b: Incineroar|spa|1\n|move|p1b: Incineroar|Snarl|p2b: Incineroar|[spread] p2a,p2b\n|-resisted|p2b: Incineroar|1\n|-damage|p2a: Rotom|75/100\n|-damage|p2b: Incineroar|92/100\n|-unboost|p2a: Rotom|spa|1\n|-unboost|p2b: Incineroar|spa|1\n|\n|upkeep\n|turn|2\n|\n|t:|1776534157\n|switch|p2a: Tyranitar|Tyranitar, L50, F, shiny|100/100\n|-weather|Sandstorm|[from] ability: Sand Stream|[of] p2a: Tyranitar\n|switch|p1b: Snorlax|Snorlax, L50, F|100/100\n|detailschange|p1a: Manectric|Manectric-Mega, L50, M\n|-mega|p1a: Manectric|Manectric|Manectite\n|-ability|p1a: Manectric|Intimidate|boost\n|-unboost|p2a: Tyranitar|atk|1\n|-unboost|p2b: Incineroar|atk|1\n|move|p1a: Manectric|Volt Switch|p2a: Tyranitar\n|-damage|p2a: Tyranitar|79/100\n|\n|t:|1776534170\n|switch|p1a: Incineroar|Incineroar, L50, M|18/100|[from] Volt Switch\n|-ability|p1a: Incineroar|Intimidate|boost\n|-unboost|p2a: Tyranitar|atk|1\n|-unboost|p2b: Incineroar|atk|1\n|move|p2b: Incineroar|Throat Chop|p1a: Incineroar\n|-resisted|p1a: Incineroar|1\n|-damage|p1a: Incineroar|10/100\n|-start|p1a: Incineroar|Throat Chop|[silent]\n|\n|-weather|Sandstorm|[upkeep]\n|-damage|p2b: Incineroar|85/100|[from] Sandstorm\n|-damage|p1a: Incineroar|4/100|[from] Sandstorm\n|-damage|p1b: Snorlax|94/100|[from] Sandstorm\n|upkeep\n|turn|3\n|\n|t:|1776534186\n|switch|p2a: Sinistcha|Sinistcha, L50|100/100\n|-heal|p2b: Incineroar|100/100|[from] ability: Hospitality|[of] p2a: Sinistcha\n|move|p1a: Incineroar|Fake Out|p2a: Sinistcha\n|-immune|p2a: Sinistcha\n|move|p2b: Incineroar|Parting Shot|p1b: Snorlax\n|-unboost|p1b: Snorlax|atk|1\n|-unboost|p1b: Snorlax|spa|1\n|\n|t:|1776534196\n|switch|p2b: Rotom|Rotom-Wash, L50, shiny|75/100|[from] Parting Shot\n|move|p1b: Snorlax|Belly Drum|p1b: Snorlax\n|-damage|p1b: Snorlax|44/100\n|-setboost|p1b: Snorlax|atk|6|[from] move: Belly Drum\n|-enditem|p1b: Snorlax|Sitrus Berry|[eat]\n|-heal|p1b: Snorlax|69/100|[from] item: Sitrus Berry\n|\n|-weather|Sandstorm|[upkeep]\n|-damage|p2b: Rotom|69/100|[from] Sandstorm\n|-damage|p2a: Sinistcha|95/100|[from] Sandstorm\n|-damage|p1a: Incineroar|0 fnt|[from] Sandstorm\n|-damage|p1b: Snorlax|63/100|[from] Sandstorm\n|faint|p1a: Incineroar\n|-heal|p2a: Sinistcha|100/100|[from] item: Leftovers\n|upkeep\n|\n|t:|1776534211\n|switch|p1a: Sinistcha|Sinistcha, L50|100/100\n|-heal|p1b: Snorlax|88/100|[from] ability: Hospitality|[of] p1a: Sinistcha\n|turn|4\n|\n|t:|1776534225\n|move|p2b: Rotom|Volt Switch|p1b: Snorlax\n|-damage|p1b: Snorlax|69/100\n|\n|t:|1776534228\n|switch|p2b: Incineroar|Incineroar, L50, F|100/100|[from] Volt Switch\n|-ability|p2b: Incineroar|Intimidate|boost\n|-unboost|p1a: Sinistcha|atk|1\n|-unboost|p1b: Snorlax|atk|1\n|move|p2a: Sinistcha|Matcha Gotcha|p1a: Sinistcha|[spread] p1a,p1b\n|-resisted|p1a: Sinistcha|1\n|-damage|p1a: Sinistcha|85/100\n|-damage|p1b: Snorlax|53/100\n|-status|p1b: Snorlax|brn\n|move|p1a: Sinistcha|Life Dew|p1a: Sinistcha|[spread] p1a,p1b\n|-heal|p1a: Sinistcha|100/100\n|-heal|p1b: Snorlax|78/100 brn\n|move|p1b: Snorlax|Earthquake|p2a: Sinistcha|[spread] p1a,p2a,p2b\n|-resisted|p1a: Sinistcha|1\n|-resisted|p2a: Sinistcha|1\n|-supereffective|p2b: Incineroar|1\n|-enditem|p2b: Incineroar|Shuca Berry|[eat]\n|-enditem|p2b: Incineroar|Shuca Berry|[weaken]\n|-damage|p1a: Sinistcha|86/100\n|-damage|p2a: Sinistcha|83/100\n|-damage|p2b: Incineroar|65/100\n|\n|-weather|Sandstorm|[upkeep]\n|-damage|p2a: Sinistcha|77/100|[from] Sandstorm\n|-damage|p2b: Incineroar|59/100|[from] Sandstorm\n|-damage|p1a: Sinistcha|80/100|[from] Sandstorm\n|-damage|p1b: Snorlax|72/100 brn|[from] Sandstorm\n|-heal|p2a: Sinistcha|83/100|[from] item: Leftovers\n|-damage|p1b: Snorlax|66/100 brn|[from] brn\n|upkeep\n|turn|5\n|\n|t:|1776534255\n|switch|p1a: Manectric|Manectric-Mega, L50, M|100/100\n|-ability|p1a: Manectric|Intimidate|boost\n|-unboost|p2a: Sinistcha|atk|1\n|-unboost|p2b: Incineroar|atk|1\n|move|p1b: Snorlax|Protect|p1b: Snorlax\n|-singleturn|p1b: Snorlax|Protect\n|move|p2a: Sinistcha|Shadow Ball|p1a: Manectric\n|-damage|p1a: Manectric|46/100\n|move|p2b: Incineroar|Parting Shot|p1b: Snorlax\n|-activate|p1b: Snorlax|move: Protect\n|\n|-weather|Sandstorm|[upkeep]\n|-damage|p1a: Manectric|40/100|[from] Sandstorm\n|-damage|p2a: Sinistcha|77/100|[from] Sandstorm\n|-damage|p2b: Incineroar|53/100|[from] Sandstorm\n|-damage|p1b: Snorlax|60/100 brn|[from] Sandstorm\n|-heal|p2a: Sinistcha|83/100|[from] item: Leftovers\n|-damage|p1b: Snorlax|54/100 brn|[from] brn\n|upkeep\n|turn|6\n|\n|t:|1776534288\n|move|p1a: Manectric|Volt Switch|p2a: Sinistcha\n|-resisted|p2a: Sinistcha|1\n|-damage|p2a: Sinistcha|61/100\n|\n|t:|1776534292\n|switch|p1a: Sinistcha|Sinistcha, L50|80/100|[from] Volt Switch\n|-heal|p1b: Snorlax|79/100 brn|[from] ability: Hospitality|[of] p1a: Sinistcha\n|move|p2a: Sinistcha|Shadow Ball|p1a: Sinistcha\n|-supereffective|p1a: Sinistcha|1\n|-damage|p1a: Sinistcha|0 fnt\n|faint|p1a: Sinistcha\n|move|p2b: Incineroar|Parting Shot|p1b: Snorlax\n|-unboost|p1b: Snorlax|atk|1\n|-unboost|p1b: Snorlax|spa|1\n|\n|t:|1776534303\n|switch|p2b: Rotom|Rotom-Wash, L50, shiny|69/100|[from] Parting Shot\n|move|p1b: Snorlax|Earthquake|p2b: Rotom|[spread] p2a\n|-immune|p2b: Rotom|[from] ability: Levitate\n|-resisted|p2a: Sinistcha|1\n|-damage|p2a: Sinistcha|47/100\n|\n|-weather|none\n|-heal|p2a: Sinistcha|52/100|[from] item: Leftovers\n|-damage|p1b: Snorlax|73/100 brn|[from] brn\n|upkeep\n|\n|t:|1776534316\n|switch|p1a: Manectric|Manectric-Mega, L50, M|40/100\n|-ability|p1a: Manectric|Intimidate|boost\n|-unboost|p2a: Sinistcha|atk|1\n|-unboost|p2b: Rotom|atk|1\n|turn|7\n|\n|t:|1776534325\n|move|p1a: Manectric|Protect|p1a: Manectric\n|-singleturn|p1a: Manectric|Protect\n|move|p2b: Rotom|Volt Switch|p1b: Snorlax\n|-damage|p1b: Snorlax|52/100 brn\n|\n|t:|1776534328\n|switch|p2b: Incineroar|Incineroar, L50, F|53/100|[from] Volt Switch\n|-ability|p2b: Incineroar|Intimidate|boost\n|-unboost|p1a: Manectric|atk|1\n|-unboost|p1b: Snorlax|atk|1\n|move|p2a: Sinistcha|Shadow Ball|p1a: Manectric\n|-activate|p1a: Manectric|move: Protect\n|move|p1b: Snorlax|Body Slam|p2b: Incineroar\n|-damage|p2b: Incineroar|14/100\n|-status|p2b: Incineroar|par\n|\n|-heal|p2a: Sinistcha|58/100|[from] item: Leftovers\n|-damage|p1b: Snorlax|46/100 brn|[from] brn\n|upkeep\n|turn|8\n|\n|t:|1776534354\n|switch|p2b: Rotom|Rotom-Wash, L50, shiny|69/100\n|move|p1a: Manectric|Snarl|p2b: Rotom|[spread] p2a,p2b\n|-supereffective|p2a: Sinistcha|1\n|-damage|p2a: Sinistcha|25/100\n|-damage|p2b: Rotom|53/100\n|-unboost|p2a: Sinistcha|spa|1\n|-unboost|p2b: Rotom|spa|1\n|move|p2a: Sinistcha|Shadow Ball|p1a: Manectric\n|-damage|p1a: Manectric|0 fnt\n|faint|p1a: Manectric\n|move|p1b: Snorlax|Body Slam|p2a: Sinistcha\n|-immune|p2a: Sinistcha\n|\n|-heal|p2a: Sinistcha|31/100|[from] item: Leftovers\n|-damage|p1b: Snorlax|40/100 brn|[from] brn\n|upkeep\n|turn|9\n|\n|t:|1776534377\n|move|p2a: Sinistcha|Rage Powder|p2a: Sinistcha\n|-singleturn|p2a: Sinistcha|move: Rage Powder\n|move|p2b: Rotom|Volt Switch|p1b: Snorlax\n|-damage|p1b: Snorlax|27/100 brn\n|\n|t:|1776534381\n|switch|p2b: Incineroar|Incineroar, L50, F|14/100 par|[from] Volt Switch\n|-ability|p2b: Incineroar|Intimidate|boost\n|-unboost|p1b: Snorlax|atk|1\n|move|p1b: Snorlax|Body Slam|p2a: Sinistcha\n|-immune|p2a: Sinistcha\n|\n|-heal|p2a: Sinistcha|36/100|[from] item: Leftovers\n|-damage|p1b: Snorlax|21/100 brn|[from] brn\n|upkeep\n|turn|10\n|-message|crazyshit14 forfeited.\n|\n|win|DropaDunsparce\n|raw|crazyshit14's rating: 1316 &rarr; <strong>1299</strong><br />(-17 for losing)\n|raw|DropaDunsparce's rating: 1360 &rarr; <strong>1377</strong><br />(+17 for winning)\n|l|\u2606crazyshit14\n|player|p1|\n",
  "uploadtime": 1776534612,
  "views": 30,
  "formatid": "gen9championsvgc2026regma",
  "rating": 1299,
  "private": 0,
  "password": null
}