{
  "id": "gen9championsvgc2026regma-2583984544",
  "format": "[Gen 9 Champions] VGC 2026 Reg M-A",
  "players": [
    "Azure Resolution",
    "MattGelo12"
  ],
  "log": "|j|\u2606Azure Resolution\n|j|\u2606MattGelo12\n|t:|1776214175\n|gametype|doubles\n|player|p1|Azure Resolution|gentleman-gen4dp|1276\n|player|p2|MattGelo12|2|1326\n|gen|9\n|tier|[Gen 9 Champions] VGC 2026 Reg M-A\n|rated|\n|rule|Species Clause: Limit one of each Pok\u00e9mon\n|rule|Item Clause: Limit 1 of each item\n|clearpoke\n|poke|p1|Altaria, L50, F|\n|poke|p1|Delphox, L50, F|\n|poke|p1|Kingambit, L50, F|\n|poke|p1|Milotic, L50, F|\n|poke|p1|Raichu, L50, F|\n|poke|p1|Gengar, L50, F|\n|poke|p2|Sneasler, L50, M|\n|poke|p2|Kingambit, L50, M|\n|poke|p2|Basculegion, L50, M|\n|poke|p2|Delphox, L50, F|\n|poke|p2|Whimsicott, L50, M|\n|poke|p2|Sandaconda, L50, M|\n|teampreview|4\n|\n|t:|1776214228\n|teamsize|p1|4\n|teamsize|p2|4\n|start\n|switch|p1a: Delphox|Delphox, L50, F|100/100\n|switch|p1b: Raichu|Raichu, L50, F|100/100\n|switch|p2a: Sandaconda|Sandaconda, L50, M|100/100\n|switch|p2b: Basculegion|Basculegion, L50, M|100/100\n|turn|1\n|\n|t:|1776214266\n|switch|p1b: Milotic|Milotic, L50, F|100/100\n|detailschange|p1a: Delphox|Delphox-Mega, L50, F\n|-mega|p1a: Delphox|Delphox|Delphoxite\n|move|p1a: Delphox|Protect|p1a: Delphox\n|-singleturn|p1a: Delphox|Protect\n|move|p2b: Basculegion|Flip Turn|p1b: Milotic\n|-resisted|p1b: Milotic|1\n|-damage|p1b: Milotic|83/100\n|\n|t:|1776214278\n|switch|p2b: Kingambit|Kingambit, L50, M|100/100|[from] Flip Turn\n|move|p2a: Sandaconda|Minimize|p2a: Sandaconda\n|-boost|p2a: Sandaconda|evasion|2\n|\n|-heal|p1b: Milotic|89/100|[from] item: Leftovers\n|upkeep\n|turn|2\n|\n|t:|1776214306\n|move|p2b: Kingambit|Protect|p2b: Kingambit\n|-singleturn|p2b: Kingambit|Protect\n|move|p1a: Delphox|Substitute|p1a: Delphox\n|-start|p1a: Delphox|Substitute\n|-damage|p1a: Delphox|75/100\n|move|p1b: Milotic|Scald|p2a: Sandaconda\n|-supereffective|p2a: Sandaconda|1\n|-damage|p2a: Sandaconda|38/100\n|-status|p2a: Sandaconda|brn\n|-weather|Sandstorm|[from] ability: Sand Spit|[of] p2a: Sandaconda\n|move|p2a: Sandaconda|Minimize|p2a: Sandaconda\n|-boost|p2a: Sandaconda|evasion|2\n|\n|-weather|Sandstorm|[upkeep]\n|-damage|p1a: Delphox|70/100|[from] Sandstorm\n|-damage|p1b: Milotic|83/100|[from] Sandstorm\n|-heal|p1b: Milotic|89/100|[from] item: Leftovers\n|-heal|p2a: Sandaconda|44/100 brn|[from] item: Leftovers\n|-damage|p2a: Sandaconda|38/100 brn|[from] brn\n|upkeep\n|turn|3\n|\n|t:|1776214334\n|move|p2b: Kingambit|Sucker Punch|p1a: Delphox\n|-supereffective|p1a: Delphox|1\n|-crit|p1a: Delphox\n|-end|p1a: Delphox|Substitute\n|move|p1a: Delphox|Heat Wave|p2a: Sandaconda|[spread] p2a,p2b\n|-supereffective|p2b: Kingambit|1\n|-damage|p2a: Sandaconda|2/100 brn\n|-damage|p2b: Kingambit|22/100\n|-status|p2b: Kingambit|brn\n|move|p1b: Milotic|Icy Wind|p2a: Sandaconda|[spread] p2b\n|-miss|p1b: Milotic|p2a: Sandaconda\n|-resisted|p2b: Kingambit|1\n|-damage|p2b: Kingambit|17/100 brn\n|-unboost|p2b: Kingambit|spe|1\n|-ability|p2b: Kingambit|Defiant|boost\n|-boost|p2b: Kingambit|atk|2\n|move|p2a: Sandaconda|Minimize|p2a: Sandaconda\n|-boost|p2a: Sandaconda|evasion|2\n|\n|-weather|Sandstorm|[upkeep]\n|-damage|p1a: Delphox|64/100|[from] Sandstorm\n|-damage|p1b: Milotic|83/100|[from] Sandstorm\n|-heal|p1b: Milotic|89/100|[from] item: Leftovers\n|-heal|p2a: Sandaconda|8/100 brn|[from] item: Leftovers\n|-damage|p2a: Sandaconda|2/100 brn|[from] brn\n|-damage|p2b: Kingambit|11/100 brn|[from] brn\n|upkeep\n|turn|4\n|c|\u2606Azure Resolution|DAMN\n|\n|t:|1776214364\n|move|p2b: Kingambit|Sucker Punch||[still]\n|-fail|p2b: Kingambit\n|move|p1a: Delphox|Substitute|p1a: Delphox\n|-start|p1a: Delphox|Substitute\n|-damage|p1a: Delphox|39/100\n|move|p1b: Milotic|Icy Wind|p2a: Sandaconda|[spread] p2b\n|-miss|p1b: Milotic|p2a: Sandaconda\n|-resisted|p2b: Kingambit|1\n|-damage|p2b: Kingambit|5/100 brn\n|-unboost|p2b: Kingambit|spe|1\n|-ability|p2b: Kingambit|Defiant|boost\n|-boost|p2b: Kingambit|atk|2\n|move|p2a: Sandaconda|Bulldoze|p1a: Delphox|[spread] p2b,p1b\n|-immune|p1a: Delphox|[from] ability: Levitate\n|-supereffective|p2b: Kingambit|1\n|-damage|p2b: Kingambit|0 fnt\n|-damage|p1b: Milotic|80/100\n|-unboost|p1b: Milotic|spe|1\n|-ability|p1b: Milotic|Competitive|boost\n|-boost|p1b: Milotic|spa|2\n|faint|p2b: Kingambit\n|\n|-weather|Sandstorm|[upkeep]\n|-damage|p1a: Delphox|33/100|[from] Sandstorm\n|-damage|p1b: Milotic|74/100|[from] Sandstorm\n|-heal|p2a: Sandaconda|8/100 brn|[from] item: Leftovers\n|-heal|p1b: Milotic|80/100|[from] item: Leftovers\n|-damage|p2a: Sandaconda|2/100 brn|[from] brn\n|upkeep\n|\n|t:|1776214390\n|switch|p2b: Basculegion|Basculegion, L50, M|100/100\n|turn|5\n|\n|t:|1776214408\n|move|p2b: Basculegion|Last Respects|p1b: Milotic\n|-damage|p1b: Milotic|15/100\n|move|p1a: Delphox|Psychic|p2b: Basculegion\n|-damage|p2b: Basculegion|37/100\n|move|p2a: Sandaconda|Bulldoze|p1b: Milotic|[spread] p2b,p1b\n|-immune|p1a: Delphox|[from] ability: Levitate\n|-damage|p2b: Basculegion|28/100\n|-damage|p1b: Milotic|6/100\n|-unboost|p2b: Basculegion|spe|1\n|-unboost|p1b: Milotic|spe|1\n|-ability|p1b: Milotic|Competitive|boost\n|-boost|p1b: Milotic|spa|2\n|move|p1b: Milotic|Icy Wind|p2b: Basculegion|[spread] p2b\n|-miss|p1b: Milotic|p2a: Sandaconda\n|-resisted|p2b: Basculegion|1\n|-damage|p2b: Basculegion|8/100\n|-unboost|p2b: Basculegion|spe|1\n|\n|-weather|Sandstorm|[upkeep]\n|-damage|p1a: Delphox|27/100|[from] Sandstorm\n|-damage|p2b: Basculegion|2/100|[from] Sandstorm\n|-damage|p1b: Milotic|0 fnt|[from] Sandstorm\n|faint|p1b: Milotic\n|-heal|p2a: Sandaconda|8/100 brn|[from] item: Leftovers\n|-damage|p2a: Sandaconda|2/100 brn|[from] brn\n|upkeep\n|\n|t:|1776214436\n|switch|p1b: Kingambit|Kingambit, L50, F|100/100\n|turn|6\n|\n|t:|1776214460\n|switch|p2b: Delphox|Delphox, L50, F|100/100\n|move|p2a: Sandaconda|Protect|p2a: Sandaconda\n|-singleturn|p2a: Sandaconda|Protect\n|move|p1b: Kingambit|Protect|p1b: Kingambit\n|-singleturn|p1b: Kingambit|Protect\n|move|p1a: Delphox|Heat Wave|p2a: Sandaconda|[spread] p2b\n|-activate|p2a: Sandaconda|move: Protect\n|-resisted|p2b: Delphox|1\n|-damage|p2b: Delphox|74/100\n|\n|-weather|none\n|-heal|p2a: Sandaconda|8/100 brn|[from] item: Leftovers\n|-damage|p2a: Sandaconda|2/100 brn|[from] brn\n|upkeep\n|turn|7\n|\n|t:|1776214492\n|detailschange|p2b: Delphox|Delphox-Mega, L50, F\n|-mega|p2b: Delphox|Delphox|Delphoxite\n|move|p1b: Kingambit|Sucker Punch||[still]\n|-fail|p1b: Kingambit\n|move|p1a: Delphox|Psychic|p2b: Delphox\n|-resisted|p2b: Delphox|1\n|-damage|p2b: Delphox|50/100\n|move|p2b: Delphox|Psych Up|p2a: Sandaconda\n|-copyboost|p2b: Delphox|p2a: Sandaconda|[from] move: Psych Up\n|move|p2a: Sandaconda|Coil|p2a: Sandaconda\n|-boost|p2a: Sandaconda|atk|1\n|-boost|p2a: Sandaconda|def|1\n|-boost|p2a: Sandaconda|accuracy|1\n|\n|-heal|p2a: Sandaconda|8/100 brn|[from] item: Leftovers\n|-damage|p2a: Sandaconda|2/100 brn|[from] brn\n|upkeep\n|turn|8\n|\n|t:|1776214523\n|move|p1b: Kingambit|Sucker Punch|p2b: Delphox|[miss]\n|-miss|p1b: Kingambit|p2b: Delphox\n|move|p1a: Delphox|Heat Wave|p2a: Sandaconda|[spread] p2b\n|-miss|p1a: Delphox|p2a: Sandaconda\n|-resisted|p2b: Delphox|1\n|-damage|p2b: Delphox|28/100\n|move|p2b: Delphox|Heat Wave|p1b: Kingambit|[spread] p1a,p1b\n|-resisted|p1a: Delphox|1\n|-activate|p1a: Delphox|move: Substitute|[damage]\n|-supereffective|p1b: Kingambit|1\n|-damage|p1b: Kingambit|13/100\n|move|p2a: Sandaconda|Bulldoze|p1b: Kingambit|[spread] p1b\n|-immune|p2b: Delphox|[from] ability: Levitate\n|-immune|p1a: Delphox|[from] ability: Levitate\n|-supereffective|p1b: Kingambit|1\n|-damage|p1b: Kingambit|0 fnt\n|faint|p1b: Kingambit\n|\n|-heal|p2a: Sandaconda|8/100 brn|[from] item: Leftovers\n|-damage|p2a: Sandaconda|2/100 brn|[from] brn\n|upkeep\n|\n|t:|1776214534\n|switch|p1b: Raichu|Raichu, L50, F|100/100\n|turn|9\n|\n|t:|1776214551\n|move|p2b: Delphox|Protect|p2b: Delphox\n|-singleturn|p2b: Delphox|Protect\n|move|p1b: Raichu|Fake Out|p2b: Delphox\n|-activate|p2b: Delphox|move: Protect\n|move|p1a: Delphox|Heat Wave|p2a: Sandaconda|[spread] p2a\n|-activate|p2b: Delphox|move: Protect\n|-damage|p2a: Sandaconda|0 fnt\n|-weather|Sandstorm|[from] ability: Sand Spit|[of] p2a: Sandaconda\n|faint|p2a: Sandaconda\n|\n|-weather|Sandstorm|[upkeep]\n|-damage|p1a: Delphox|21/100|[from] Sandstorm\n|-damage|p2b: Delphox|22/100|[from] Sandstorm\n|-damage|p1b: Raichu|95/100|[from] Sandstorm\n|upkeep\n|\n|t:|1776214566\n|switch|p2a: Basculegion|Basculegion, L50, M|2/100\n|turn|10\n|\n|t:|1776214584\n|move|p1b: Raichu|Protect|p1b: Raichu\n|-singleturn|p1b: Raichu|Protect\n|move|p2a: Basculegion|Last Respects|p1b: Raichu\n|-activate|p1b: Raichu|move: Protect\n|move|p1a: Delphox|Heat Wave|p2a: Basculegion|[spread] p2a,p2b\n|-resisted|p2a: Basculegion|1\n|-resisted|p2b: Delphox|1\n|-damage|p2a: Basculegion|0 fnt\n|-damage|p2b: Delphox|2/100\n|faint|p2a: Basculegion\n|move|p2b: Delphox|Heat Wave|p1a: Delphox|[spread] p1a\n|-activate|p1b: Raichu|move: Protect\n|-resisted|p1a: Delphox|1\n|-end|p1a: Delphox|Substitute\n|\n|-weather|Sandstorm|[upkeep]\n|-damage|p1a: Delphox|15/100|[from] Sandstorm\n|-damage|p2b: Delphox|0 fnt|[from] Sandstorm\n|-damage|p1b: Raichu|89/100|[from] Sandstorm\n|faint|p2b: Delphox\n|\n|win|Azure Resolution\n|raw|Azure Resolution's rating: 1276 &rarr; <strong>1305</strong><br />(+29 for winning)\n|raw|MattGelo12's rating: 1326 &rarr; <strong>1303</strong><br />(-23 for losing)\n|l|\u2606MattGelo12\n|player|p2|\n|c|\u2606Azure Resolution|ggs\n",
  "uploadtime": 1776214602,
  "views": 38,
  "formatid": "gen9championsvgc2026regma",
  "rating": 1303,
  "private": 0,
  "password": null
}