{
  "id": "gen9championsvgc2026regma-2586823419",
  "format": "[Gen 9 Champions] VGC 2026 Reg M-A",
  "players": [
    "firjiwater",
    "FranekBucz"
  ],
  "log": "|j|\u2606firjiwater\n|j|\u2606FranekBucz\n|t:|1776462869\n|gametype|doubles\n|player|p1|firjiwater|cheryl|1048\n|player|p2|FranekBucz|ghetsis|1088\n|gen|9\n|tier|[Gen 9 Champions] VGC 2026 Reg M-A\n|rated|\n|rule|Species Clause: Limit one of each Pok\u00e9mon\n|rule|Item Clause: Limit 1 of each item\n|clearpoke\n|poke|p1|Primarina, L50, M|\n|poke|p1|Garchomp, L50, F|\n|poke|p1|Corviknight, L50, F|\n|poke|p1|Rotom-Wash, L50|\n|poke|p1|Incineroar, L50, M|\n|poke|p1|Sinistcha, L50|\n|poke|p2|Incineroar, L50, F|\n|poke|p2|Garchomp, L50, M|\n|poke|p2|Kingambit, L50, F|\n|poke|p2|Lucario, L50, F|\n|poke|p2|Rotom-Wash, L50|\n|poke|p2|Sinistcha, L50|\n|teampreview|4\n|inactive|Battle timer is ON: inactive players will automatically lose when time's up. (requested by FranekBucz)\n|inactive|firjiwater also wants the timer to be on.\nFranekBucz has agreed to open team sheets.\nfirjiwater rejected open team sheets.\n|\n|t:|1776462897\n|teamsize|p1|4\n|teamsize|p2|4\n|start\n|switch|p1a: Water Nation|Primarina, L50, M|100/100\n|switch|p1b: Air Nomads|Corviknight, L50, F|100/100\n|switch|p2a: Wolfe|Incineroar, L50, F|100/100\n|switch|p2b: Electrolux|Rotom-Wash, L50|100/100\n|-ability|p2a: Wolfe|Intimidate|boost\n|-unboost|p1a: Water Nation|atk|1\n|-ability|p1b: Air Nomads|Mirror Armor\n|-unboost|p2a: Wolfe|atk|1\n|-enditem|p1a: Water Nation|White Herb\n|-clearnegativeboost|p1a: Water Nation|[silent]\n|turn|1\n|inactive|firjiwater has 30 seconds left.\n|\n|t:|1776462929\n|move|p2a: Wolfe|Fake Out|p1a: Water Nation\n|-damage|p1a: Water Nation|91/100\n|move|p2b: Electrolux|Thunderbolt|p1b: Air Nomads\n|-supereffective|p1b: Air Nomads|1\n|-damage|p1b: Air Nomads|36/100\n|move|p1b: Air Nomads|Tailwind|p1b: Air Nomads\n|-sidestart|p1: firjiwater|move: Tailwind\n|cant|p1a: Water Nation|flinch\n|\n|upkeep\n|turn|2\n|inactive|firjiwater has 30 seconds left.\n|inactive|FranekBucz has 30 seconds left.\n|\n|t:|1776462961\n|switch|p2a: Starbucks|Sinistcha, L50|100/100\n|move|p1b: Air Nomads|U-turn|p2b: Electrolux\n|-damage|p2b: Electrolux|83/100\n|\n|t:|1776462965\n|switch|p1b: Iroh|Sinistcha, L50|100/100|[from] U-turn\n|-heal|p1a: Water Nation|100/100|[from] ability: Hospitality|[of] p1b: Iroh\n|move|p1a: Water Nation|Calm Mind|p1a: Water Nation\n|-boost|p1a: Water Nation|spa|1\n|-boost|p1a: Water Nation|spd|1\n|move|p2b: Electrolux|Thunderbolt|p1b: Iroh\n|-resisted|p1b: Iroh|1\n|-damage|p1b: Iroh|74/100\n|\n|upkeep\n|turn|3\n|\n|t:|1776462988\n|move|p1a: Water Nation|Protect|p1a: Water Nation\n|-singleturn|p1a: Water Nation|Protect\n|move|p2b: Electrolux|Protect|p2b: Electrolux\n|-singleturn|p2b: Electrolux|Protect\n|move|p1b: Iroh|Matcha Gotcha|p2b: Electrolux|[spread] p2a\n|-activate|p2b: Electrolux|move: Protect\n|-resisted|p2a: Starbucks|1\n|-damage|p2a: Starbucks|89/100\n|-heal|p1b: Iroh|80/100|[from] drain|[of] p2a: Starbucks\n|move|p2a: Starbucks|Matcha Gotcha|p1a: Water Nation|[spread] \n|-activate|p1a: Water Nation|move: Protect\n|-miss|p2a: Starbucks|p1b: Iroh\n|\n|-heal|p2a: Starbucks|95/100|[from] item: Leftovers\n|upkeep\n|turn|4\n|inactive|firjiwater has 30 seconds left.\n|\n|t:|1776463016\n|move|p1b: Iroh|Matcha Gotcha|p2a: Starbucks|[spread] p2a,p2b\n|-resisted|p2a: Starbucks|1\n|-supereffective|p2b: Electrolux|1\n|-enditem|p2b: Electrolux|Rindo Berry|[eat]\n|-enditem|p2b: Electrolux|Rindo Berry|[weaken]\n|-damage|p2a: Starbucks|84/100\n|-heal|p1b: Iroh|85/100|[from] drain|[of] p2a: Starbucks\n|-damage|p2b: Electrolux|55/100\n|-heal|p1b: Iroh|98/100|[from] drain|[of] p2b: Electrolux\n|move|p1a: Water Nation|Moonblast|p2b: Electrolux\n|-damage|p2b: Electrolux|0 fnt\n|faint|p2b: Electrolux\n|move|p2a: Starbucks|Matcha Gotcha|p1a: Water Nation|[spread] p1a,p1b\n|-supereffective|p1a: Water Nation|1\n|-resisted|p1b: Iroh|1\n|-damage|p1a: Water Nation|64/100\n|-heal|p2a: Starbucks|99/100|[from] drain|[of] p1a: Water Nation\n|-damage|p1b: Iroh|85/100\n|-heal|p2a: Starbucks|100/100|[from] drain|[of] p1b: Iroh\n|-status|p1a: Water Nation|brn\n|\n|-damage|p1a: Water Nation|59/100 brn|[from] brn\n|-sideend|p1: firjiwater|move: Tailwind\n|upkeep\n|\n|t:|1776463034\n|switch|p2b: Wolfe|Incineroar, L50, F|100/100\n|-ability|p2b: Wolfe|Intimidate|boost\n|-unboost|p1a: Water Nation|atk|1\n|-unboost|p1b: Iroh|atk|1\n|turn|5\n|\n|t:|1776463043\n|switch|p1b: Air Nomads|Corviknight, L50, F|36/100\n|move|p1a: Water Nation|Protect|p1a: Water Nation\n|-singleturn|p1a: Water Nation|Protect\n|move|p2b: Wolfe|Fake Out|p1a: Water Nation\n|-activate|p1a: Water Nation|move: Protect\n|move|p2a: Starbucks|Matcha Gotcha|p1b: Air Nomads|[spread] p1b\n|-activate|p1a: Water Nation|move: Protect\n|-resisted|p1b: Air Nomads|2\n|-damage|p1b: Air Nomads|32/100\n|\n|-damage|p1a: Water Nation|53/100 brn|[from] brn\n|upkeep\n|turn|6\n|inactive|firjiwater has 30 seconds left.\n|\n|t:|1776463072\n|switch|p1b: Iroh|Sinistcha, L50|85/100\n|-heal|p1a: Water Nation|77/100 brn|[from] ability: Hospitality|[of] p1b: Iroh\n|move|p2a: Starbucks|Rage Powder|p2a: Starbucks\n|-singleturn|p2a: Starbucks|move: Rage Powder\n|move|p1a: Water Nation|Hyper Voice|p2b: Wolfe|[spread] p2a,p2b\n|-resisted|p2a: Starbucks|1\n|-supereffective|p2b: Wolfe|1\n|-damage|p2a: Starbucks|75/100\n|-damage|p2b: Wolfe|3/100\n|-enditem|p2b: Wolfe|Sitrus Berry|[eat]\n|-heal|p2b: Wolfe|27/100|[from] item: Sitrus Berry\n|move|p2b: Wolfe|Throat Chop|p1a: Water Nation\n|-resisted|p1a: Water Nation|1\n|-damage|p1a: Water Nation|56/100 brn\n|-start|p1a: Water Nation|Throat Chop|[silent]\n|\n|-heal|p2a: Starbucks|81/100|[from] item: Leftovers\n|-damage|p1a: Water Nation|50/100 brn|[from] brn\n|upkeep\n|turn|7\n|inactive|firjiwater has 30 seconds left.\n|\n|t:|1776463105\n|switch|p1b: Fire Nation|Incineroar, L50, M|100/100\n|-ability|p1b: Fire Nation|Intimidate|boost\n|-unboost|p2a: Starbucks|atk|1\n|-unboost|p2b: Wolfe|atk|1\n|move|p1a: Water Nation|Protect|p1a: Water Nation\n|-singleturn|p1a: Water Nation|Protect\n|move|p2a: Starbucks|Matcha Gotcha|p1a: Water Nation|[spread] p1b\n|-activate|p1a: Water Nation|move: Protect\n|-resisted|p1b: Fire Nation|1\n|-damage|p1b: Fire Nation|89/100\n|-heal|p2a: Starbucks|88/100|[from] drain|[of] p1b: Fire Nation\n|move|p2b: Wolfe|Throat Chop|p1b: Fire Nation\n|-resisted|p1b: Fire Nation|1\n|-damage|p1b: Fire Nation|77/100\n|-start|p1b: Fire Nation|Throat Chop|[silent]\n|\n|-heal|p2a: Starbucks|94/100|[from] item: Leftovers\n|-damage|p1a: Water Nation|44/100 brn|[from] brn\n|-end|p1a: Water Nation|Throat Chop|[silent]\n|upkeep\n|turn|8\n|\n|t:|1776463130\n|switch|p1b: Iroh|Sinistcha, L50|85/100\n|-heal|p1a: Water Nation|69/100 brn|[from] ability: Hospitality|[of] p1b: Iroh\n|move|p2a: Starbucks|Protect|p2a: Starbucks\n|-singleturn|p2a: Starbucks|Protect\n|move|p1a: Water Nation|Hyper Voice|p2b: Wolfe|[spread] p2b\n|-activate|p2a: Starbucks|move: Protect\n|-supereffective|p2b: Wolfe|1\n|-damage|p2b: Wolfe|0 fnt\n|faint|p2b: Wolfe\n|\n|-heal|p2a: Starbucks|100/100|[from] item: Leftovers\n|-damage|p1a: Water Nation|63/100 brn|[from] brn\n|upkeep\n|\n|t:|1776463132\n|switch|p2b: Jaruzelski|Lucario, L50, F, shiny|100/100\n|turn|9\n|\n|t:|1776463153\n|detailschange|p2b: Jaruzelski|Lucario-Mega, L50, F, shiny\n|-mega|p2b: Jaruzelski|Lucario|Lucarionite\n|move|p1b: Iroh|Rage Powder|p1b: Iroh\n|-singleturn|p1b: Iroh|move: Rage Powder\n|move|p2b: Jaruzelski|Flash Cannon|p1b: Iroh\n|-damage|p1b: Iroh|25/100\n|move|p2a: Starbucks|Matcha Gotcha|p1b: Iroh|[spread] p1a,p1b\n|-supereffective|p1a: Water Nation|1\n|-resisted|p1b: Iroh|1\n|-damage|p1a: Water Nation|28/100 brn\n|-damage|p1b: Iroh|11/100\n|move|p1a: Water Nation|Hyper Voice|p2a: Starbucks|[spread] p2a,p2b\n|-resisted|p2a: Starbucks|1\n|-damage|p2a: Starbucks|76/100\n|-damage|p2b: Jaruzelski|10/100\n|\n|-heal|p2a: Starbucks|83/100|[from] item: Leftovers\n|-damage|p1a: Water Nation|22/100 brn|[from] brn\n|upkeep\n|turn|10\n|\n|t:|1776463176\n|switch|p1b: Air Nomads|Corviknight, L50, F|32/100\n|move|p2b: Jaruzelski|Protect|p2b: Jaruzelski\n|-singleturn|p2b: Jaruzelski|Protect\n|move|p1a: Water Nation|Protect|p1a: Water Nation\n|-singleturn|p1a: Water Nation|Protect\n|move|p2a: Starbucks|Matcha Gotcha|p1a: Water Nation|[spread] p1b\n|-activate|p1a: Water Nation|move: Protect\n|-resisted|p1b: Air Nomads|2\n|-damage|p1b: Air Nomads|27/100\n|-heal|p2a: Starbucks|85/100|[from] drain|[of] p1b: Air Nomads\n|\n|-heal|p2a: Starbucks|92/100|[from] item: Leftovers\n|-damage|p1a: Water Nation|17/100 brn|[from] brn\n|upkeep\n|turn|11\n|\n|t:|1776463200\n|move|p1a: Water Nation|Protect||[still]\n|-fail|p1a: Water Nation\n|move|p2b: Jaruzelski|Aura Sphere|p1b: Air Nomads\n|-damage|p1b: Air Nomads|0 fnt\n|faint|p1b: Air Nomads\n|move|p2a: Starbucks|Matcha Gotcha|p1a: Water Nation\n|-supereffective|p1a: Water Nation|1\n|-damage|p1a: Water Nation|0 fnt\n|-heal|p2a: Starbucks|99/100|[from] drain|[of] p1a: Water Nation\n|faint|p1a: Water Nation\n|\n|-heal|p2a: Starbucks|100/100|[from] item: Leftovers\n|upkeep\n|\n|t:|1776463215\n|switch|p1b: Iroh|Sinistcha, L50|11/100\n|switch|p1a: Fire Nation|Incineroar, L50, M|77/100\n|-ability|p1a: Fire Nation|Intimidate|boost\n|-unboost|p2a: Starbucks|atk|1\n|-unboost|p2b: Jaruzelski|atk|1\n|-heal|p1a: Fire Nation|100/100|[from] ability: Hospitality|[of] p1b: Iroh\n|turn|12\n|\n|t:|1776463226\n|move|p2b: Jaruzelski|Protect|p2b: Jaruzelski\n|-singleturn|p2b: Jaruzelski|Protect\n|move|p1a: Fire Nation|Fake Out|p2b: Jaruzelski\n|-activate|p2b: Jaruzelski|move: Protect\n|move|p1b: Iroh|Strength Sap|p2a: Starbucks\n|-unboost|p2a: Starbucks|atk|1\n|-heal|p1b: Iroh|31/100\n|move|p2a: Starbucks|Matcha Gotcha|p1b: Iroh|[spread] p1a,p1b\n|-resisted|p1a: Fire Nation|1\n|-resisted|p1b: Iroh|1\n|-damage|p1a: Fire Nation|89/100\n|-damage|p1b: Iroh|18/100\n|\n|upkeep\n|turn|13\n|inactive|firjiwater has 30 seconds left.\n|inactive|FranekBucz has 30 seconds left.\n|\n|t:|1776463258\n|move|p2b: Jaruzelski|Protect|p2b: Jaruzelski\n|-singleturn|p2b: Jaruzelski|Protect\n|move|p1b: Iroh|Protect|p1b: Iroh\n|-singleturn|p1b: Iroh|Protect\n|move|p2a: Starbucks|Matcha Gotcha|p1a: Fire Nation|[spread] p1a\n|-activate|p1b: Iroh|move: Protect\n|-resisted|p1a: Fire Nation|1\n|-damage|p1a: Fire Nation|77/100\n|move|p1a: Fire Nation|Flare Blitz|p2b: Jaruzelski\n|-activate|p2b: Jaruzelski|move: Protect\n|\n|upkeep\n|turn|14\n|\n|t:|1776463277\n|move|p1b: Iroh|Rage Powder|p1b: Iroh\n|-singleturn|p1b: Iroh|move: Rage Powder\n|move|p2b: Jaruzelski|Aura Sphere|p1b: Iroh\n|-immune|p1b: Iroh\n|move|p2a: Starbucks|Matcha Gotcha|p1b: Iroh|[spread] p1a,p1b\n|-resisted|p1a: Fire Nation|1\n|-resisted|p1b: Iroh|1\n|-damage|p1a: Fire Nation|64/100\n|-damage|p1b: Iroh|4/100\n|move|p1a: Fire Nation|Flare Blitz|p2b: Jaruzelski\n|-supereffective|p2b: Jaruzelski|1\n|-damage|p2b: Jaruzelski|0 fnt\n|faint|p2b: Jaruzelski\n|-damage|p1a: Fire Nation|62/100|[from] Recoil\n|\n|upkeep\n|turn|15\n|\n|t:|1776463300\n|move|p1b: Iroh|Rage Powder|p1b: Iroh\n|-singleturn|p1b: Iroh|move: Rage Powder\n|move|p2a: Starbucks|Matcha Gotcha|p1a: Fire Nation|[spread] p1a,p1b\n|-resisted|p1a: Fire Nation|1\n|-resisted|p1b: Iroh|1\n|-damage|p1a: Fire Nation|50/100\n|-damage|p1b: Iroh|0 fnt\n|faint|p1b: Iroh\n|move|p1a: Fire Nation|Flare Blitz|p2a: Starbucks\n|-supereffective|p2a: Starbucks|1\n|-damage|p2a: Starbucks|0 fnt\n|faint|p2a: Starbucks\n|-damage|p1a: Fire Nation|20/100|[from] Recoil\n|\n|win|firjiwater\n|raw|firjiwater's rating: 1048 &rarr; <strong>1085</strong><br />(+37 for winning)\n|raw|FranekBucz's rating: 1088 &rarr; <strong>1062</strong><br />(-26 for losing)\n|l|\u2606FranekBucz\n|player|p2|\n",
  "uploadtime": 1776463422,
  "views": 20,
  "formatid": "gen9championsvgc2026regma",
  "rating": 1062,
  "private": 0,
  "password": null
}