{
  "id": "gen9championsvgc2026regma-2583783235",
  "format": "[Gen 9 Champions] VGC 2026 Reg M-A",
  "players": [
    "Nachofrize",
    "DISSSSS"
  ],
  "log": "|j|\u2606Nachofrize\n|j|\u2606DISSSSS\n|t:|1776197394\n|gametype|doubles\n|player|p1|Nachofrize|cynthia|1115\n|player|p2|DISSSSS|fisherman|1108\n|gen|9\n|tier|[Gen 9 Champions] VGC 2026 Reg M-A\n|rated|\n|rule|Species Clause: Limit one of each Pok\u00e9mon\n|rule|Item Clause: Limit 1 of each item\n|clearpoke\n|poke|p1|Sableye, L50, M|\n|poke|p1|Aggron, L50, M|\n|poke|p1|Toxapex, L50, M|\n|poke|p1|Clefable, L50, F|\n|poke|p1|Conkeldurr, L50, M|\n|poke|p1|Rotom-Mow, L50|\n|poke|p2|Chesnaught, L50, M|\n|poke|p2|Garchomp, L50, F|\n|poke|p2|Rotom-Heat, L50|\n|poke|p2|Maushold-Four, L50|\n|poke|p2|Glimmora, L50, F|\n|poke|p2|Milotic, L50, F|\n|teampreview|4\n|inactive|Battle timer is ON: inactive players will automatically lose when time's up. (requested by DISSSSS)\n|\n|t:|1776197422\n|teamsize|p1|4\n|teamsize|p2|4\n|start\n|switch|p1a: Sableye|Sableye, L50, M|100/100\n|switch|p1b: Aggron|Aggron, L50, M, shiny|100/100\n|switch|p2a: Chesnaught|Chesnaught, L50, M|100/100\n|switch|p2b: Maushold|Maushold-Four, L50|100/100\n|turn|1\n|\n|t:|1776197441\n|detailschange|p2a: Chesnaught|Chesnaught-Mega, L50, M\n|-mega|p2a: Chesnaught|Chesnaught|Chesnaughtite\n|detailschange|p1b: Aggron|Aggron-Mega, L50, M, shiny\n|-mega|p1b: Aggron|Aggron|Aggronite\n|move|p1a: Sableye|Fake Out|p2b: Maushold\n|-damage|p2b: Maushold|91/100\n|cant|p2b: Maushold|flinch\n|move|p1b: Aggron|Iron Defense|p1b: Aggron\n|-boost|p1b: Aggron|def|2\n|move|p2a: Chesnaught|Leech Seed|p1a: Sableye\n|-start|p1a: Sableye|move: Leech Seed\n|\n|-damage|p1a: Sableye|88/100|[from] Leech Seed|[of] p2a: Chesnaught\n|upkeep\n|turn|2\n|inactive|Nachofrize has 30 seconds left.\n|\n|t:|1776197467\n|switch|p1a: Toxapex|Toxapex, L50, M|100/100\n|move|p2b: Maushold|Super Fang|p1b: Aggron\n|-damage|p1b: Aggron|51/100\n|move|p1b: Aggron|Body Press|p2b: Maushold\n|-supereffective|p2b: Maushold|1\n|-enditem|p2b: Maushold|Chople Berry|[eat]\n|-enditem|p2b: Maushold|Chople Berry|[weaken]\n|-damage|p2b: Maushold|0 fnt\n|faint|p2b: Maushold\n|move|p2a: Chesnaught|Leech Seed|p1b: Aggron\n|-start|p1b: Aggron|move: Leech Seed\n|\n|-damage|p1b: Aggron|38/100|[from] Leech Seed|[of] p2a: Chesnaught\n|upkeep\n|\n|t:|1776197487\n|switch|p2b: Rotom|Rotom-Heat, L50|100/100\n|turn|3\n|\n|t:|1776197506\n|move|p1b: Aggron|Protect|p1b: Aggron\n|-singleturn|p1b: Aggron|Protect\n|move|p2b: Rotom|Thunderbolt|p1b: Aggron\n|-activate|p1b: Aggron|move: Protect\n|move|p2a: Chesnaught|Leech Seed|p1a: Toxapex\n|-start|p1a: Toxapex|move: Leech Seed\n|move|p1a: Toxapex|Toxic|p2b: Rotom\n|-status|p2b: Rotom|tox\n|\n|-damage|p1b: Aggron|26/100|[from] Leech Seed|[of] p2a: Chesnaught\n|-damage|p1a: Toxapex|88/100|[from] Leech Seed|[of] p2a: Chesnaught\n|-damage|p2b: Rotom|95/100 tox|[from] psn\n|upkeep\n|turn|4\n|\n|t:|1776197520\n|switch|p1b: Clefable|Clefable, L50, F|100/100\n|move|p2b: Rotom|Thunderbolt|p1b: Clefable\n|-damage|p1b: Clefable|66/100\n|-status|p1b: Clefable|par\n|move|p2a: Chesnaught|Wood Hammer|p1a: Toxapex\n|-damage|p1a: Toxapex|50/100\n|-damage|p2a: Chesnaught|90/100|[from] Recoil\n|move|p1a: Toxapex|Toxic|p2a: Chesnaught\n|-status|p2a: Chesnaught|tox\n|\n|-heal|p1a: Toxapex|55/100|[from] item: Leftovers\n|-damage|p1a: Toxapex|43/100|[from] Leech Seed|[of] p2a: Chesnaught\n|-heal|p2a: Chesnaught|99/100 tox|[silent]\n|-damage|p2b: Rotom|84/100 tox|[from] psn\n|-damage|p2a: Chesnaught|94/100 tox|[from] psn\n|upkeep\n|turn|5\n|inactive|Nachofrize has 30 seconds left.\n|inactive|Nachofrize has 20 seconds left.\n|\n|t:|1776197556\n|cant|p1b: Clefable|par\n|move|p2b: Rotom|Thunderbolt|p1a: Toxapex\n|-supereffective|p1a: Toxapex|1\n|-damage|p1a: Toxapex|0 fnt\n|faint|p1a: Toxapex\n|move|p2a: Chesnaught|Leech Seed|p1b: Clefable\n|-start|p1b: Clefable|move: Leech Seed\n|\n|-damage|p1b: Clefable|53/100 par|[from] Leech Seed|[of] p2a: Chesnaught\n|-heal|p2a: Chesnaught|100/100 tox|[silent]\n|-damage|p2b: Rotom|67/100 tox|[from] psn\n|-damage|p2a: Chesnaught|88/100 tox|[from] psn\n|upkeep\n|\n|t:|1776197564\n|switch|p1a: Sableye|Sableye, L50, M|88/100\n|turn|6\n|\n|t:|1776197577\n|move|p1b: Clefable|Protect|p1b: Clefable\n|-singleturn|p1b: Clefable|Protect\n|move|p1a: Sableye|Fake Out|p2a: Chesnaught\n|-damage|p2a: Chesnaught|84/100 tox\n|move|p2b: Rotom|Thunderbolt|p1b: Clefable\n|-activate|p1b: Clefable|move: Protect\n|cant|p2a: Chesnaught|flinch\n|\n|-damage|p1b: Clefable|41/100 par|[from] Leech Seed|[of] p2a: Chesnaught\n|-heal|p2a: Chesnaught|97/100 tox|[silent]\n|-damage|p2b: Rotom|45/100 tox|[from] psn\n|-damage|p2a: Chesnaught|78/100 tox|[from] psn\n|upkeep\n|-enditem|p1b: Clefable|Sitrus Berry|[eat]\n|-heal|p1b: Clefable|66/100 par|[from] item: Sitrus Berry\n|turn|7\n|\n|t:|1776197599\n|move|p1a: Sableye|Light Screen|p1a: Sableye\n|-sidestart|p1: Nachofrize|move: Light Screen\n|move|p2b: Rotom|Thunderbolt|p1a: Sableye\n|-damage|p1a: Sableye|55/100\n|move|p2a: Chesnaught|Wood Hammer|p1a: Sableye\n|-damage|p1a: Sableye|0 fnt\n|faint|p1a: Sableye\n|-damage|p2a: Chesnaught|64/100 tox|[from] Recoil\n|move|p1b: Clefable|Life Dew|p1b: Clefable\n|-heal|p1b: Clefable|91/100 par\n|\n|-damage|p1b: Clefable|79/100 par|[from] Leech Seed|[of] p2a: Chesnaught\n|-heal|p2a: Chesnaught|77/100 tox|[silent]\n|-damage|p2b: Rotom|18/100 tox|[from] psn\n|-damage|p2a: Chesnaught|52/100 tox|[from] psn\n|upkeep\n|\n|t:|1776197607\n|switch|p1a: Aggron|Aggron-Mega, L50, M, shiny|26/100\n|turn|8\n|\n|t:|1776197615\n|move|p1a: Aggron|Protect|p1a: Aggron\n|-singleturn|p1a: Aggron|Protect\n|move|p2b: Rotom|Thunderbolt|p1a: Aggron\n|-activate|p1a: Aggron|move: Protect\n|move|p2a: Chesnaught|Leech Seed|p1a: Aggron\n|-activate|p1a: Aggron|move: Protect\n|move|p1b: Clefable|Life Dew|p1b: Clefable|[spread] p1a,p1b\n|-heal|p1a: Aggron|51/100\n|-heal|p1b: Clefable|100/100 par\n|\n|-damage|p1b: Clefable|88/100 par|[from] Leech Seed|[of] p2a: Chesnaught\n|-heal|p2a: Chesnaught|65/100 tox|[silent]\n|-damage|p2b: Rotom|0 fnt|[from] psn\n|faint|p2b: Rotom\n|-damage|p2a: Chesnaught|34/100 tox|[from] psn\n|upkeep\n|\n|t:|1776197619\n|switch|p2b: Garchomp|Garchomp, L50, F|100/100\n|turn|9\n|inactive|Nachofrize has 30 seconds left.\n|inactive|Nachofrize has 20 seconds left.\n|\n|t:|1776197656\n|move|p2b: Garchomp|Rock Slide|p1b: Clefable|[spread] p1a,p1b\n|-resisted|p1a: Aggron|1\n|-damage|p1a: Aggron|46/100\n|-damage|p1b: Clefable|71/100 par\n|move|p1a: Aggron|Iron Defense|p1a: Aggron\n|-boost|p1a: Aggron|def|2\n|move|p2a: Chesnaught|Leech Seed|p1a: Aggron\n|-start|p1a: Aggron|move: Leech Seed\n|move|p1b: Clefable|Moonblast|p2b: Garchomp\n|-supereffective|p2b: Garchomp|1\n|-damage|p2b: Garchomp|36/100\n|\n|-damage|p1a: Aggron|33/100|[from] Leech Seed|[of] p2a: Chesnaught\n|-heal|p2a: Chesnaught|46/100 tox|[silent]\n|-damage|p1b: Clefable|59/100 par|[from] Leech Seed|[of] p2a: Chesnaught\n|-heal|p2a: Chesnaught|58/100 tox|[silent]\n|-damage|p2a: Chesnaught|22/100 tox|[from] psn\n|upkeep\n|turn|10\n|\n|t:|1776197677\n|move|p2b: Garchomp|Protect|p2b: Garchomp\n|-singleturn|p2b: Garchomp|Protect\n|move|p1a: Aggron|Protect|p1a: Aggron\n|-singleturn|p1a: Aggron|Protect\n|move|p2a: Chesnaught|Wood Hammer|p1b: Clefable\n|-damage|p1b: Clefable|11/100 par\n|-damage|p2a: Chesnaught|5/100 tox|[from] Recoil\n|move|p1b: Clefable|Life Dew|p1b: Clefable|[spread] p1a,p1b\n|-heal|p1a: Aggron|58/100\n|-heal|p1b: Clefable|37/100 par\n|\n|-damage|p1a: Aggron|46/100|[from] Leech Seed|[of] p2a: Chesnaught\n|-heal|p2a: Chesnaught|16/100 tox|[silent]\n|-damage|p1b: Clefable|24/100 par|[from] Leech Seed|[of] p2a: Chesnaught\n|-heal|p2a: Chesnaught|29/100 tox|[silent]\n|-damage|p2a: Chesnaught|0 fnt|[from] psn\n|faint|p2a: Chesnaught\n|upkeep\n|turn|11\n|inactive|Nachofrize has 30 seconds left.\n|\n|t:|1776197704\n|move|p2b: Garchomp|Earthquake|p1b: Clefable|[spread] p1a,p1b\n|-supereffective|p1a: Aggron|1\n|-damage|p1a: Aggron|30/100\n|-damage|p1b: Clefable|0 fnt\n|faint|p1b: Clefable\n|move|p1a: Aggron|Body Press|p2b: Garchomp\n|-damage|p2b: Garchomp|0 fnt\n|-damage|p1a: Aggron|18/100|[from] ability: Rough Skin|[of] p2b: Garchomp\n|faint|p2b: Garchomp\n|\n|win|Nachofrize\n|raw|Nachofrize's rating: 1115 &rarr; <strong>1139</strong><br />(+24 for winning)\n|raw|DISSSSS's rating: 1108 &rarr; <strong>1084</strong><br />(-24 for losing)\n|l|\u2606DISSSSS\n|player|p2|\n",
  "uploadtime": 1776197717,
  "views": 18,
  "formatid": "gen9championsvgc2026regma",
  "rating": 1084,
  "private": 0,
  "password": null
}