{
  "id": "gen9championsvgc2026regma-2587949038",
  "format": "[Gen 9 Champions] VGC 2026 Reg M-A",
  "players": [
    "PM77Switch",
    "INCENEDORUS"
  ],
  "log": "|j|\u2606PM77Switch\n|j|\u2606INCENEDORUS\n|t:|1776583414\n|gametype|doubles\n|player|p1|PM77Switch|102|1447\n|player|p2|INCENEDORUS|gambler|1364\n|gen|9\n|tier|[Gen 9 Champions] VGC 2026 Reg M-A\n|rated|\n|rule|Species Clause: Limit one of each Pok\u00e9mon\n|rule|Item Clause: Limit 1 of each item\n|clearpoke\n|poke|p1|Blastoise, L50, M|\n|poke|p1|Kingambit, L50, F|\n|poke|p1|Sneasler, L50, M|\n|poke|p1|Pelipper, L50, F|\n|poke|p1|Sinistcha, L50|\n|poke|p1|Incineroar, L50, F|\n|poke|p2|Aerodactyl, L50, M|\n|poke|p2|Volcarona, L50, M|\n|poke|p2|Incineroar, L50, F|\n|poke|p2|Archaludon, L50, M|\n|poke|p2|Charizard, L50, M|\n|poke|p2|Venusaur, L50, F|\n|teampreview|4\n|inactive|Battle timer is ON: inactive players will automatically lose when time's up. (requested by PM77Switch)\n|\n|t:|1776583443\n|teamsize|p1|4\n|teamsize|p2|4\n|start\n|switch|p1a: Blastoise|Blastoise, L50, M|100/100\n|switch|p1b: Incineroar|Incineroar, L50, F|100/100\n|switch|p2a: Aerodactyl|Aerodactyl, L50, M|100/100\n|switch|p2b: Volcarona|Volcarona, L50, M|100/100\n|-ability|p1b: Incineroar|Intimidate|boost\n|-unboost|p2a: Aerodactyl|atk|1\n|-unboost|p2b: Volcarona|atk|1\n|turn|1\n|inactive|INCENEDORUS has 30 seconds left.\n|\n|t:|1776583473\n|switch|p2a: Incineroar|Incineroar, L50, F|100/100\n|-ability|p2a: Incineroar|Intimidate|boost\n|-unboost|p1a: Blastoise|atk|1\n|-unboost|p1b: Incineroar|atk|1\n|detailschange|p1a: Blastoise|Blastoise-Mega, L50, M\n|-mega|p1a: Blastoise|Blastoise|Blastoisinite\n|move|p2b: Volcarona|Protect|p2b: Volcarona\n|-singleturn|p2b: Volcarona|Protect\n|move|p1b: Incineroar|Fake Out|p2b: Volcarona\n|-activate|p2b: Volcarona|move: Protect\n|move|p1a: Blastoise|Water Spout|p2a: Incineroar|[spread] p2a\n|-activate|p2b: Volcarona|move: Protect\n|-supereffective|p2a: Incineroar|1\n|-damage|p2a: Incineroar|0 fnt\n|faint|p2a: Incineroar\n|\n|upkeep\n|\n|t:|1776583487\n|switch|p2a: Archaludon|Archaludon, L50, M|100/100\n|turn|2\n|\n|t:|1776583499\n|move|p1a: Blastoise|Protect|p1a: Blastoise\n|-singleturn|p1a: Blastoise|Protect\n|move|p2a: Archaludon|Thunderbolt|p1a: Blastoise\n|-activate|p1a: Blastoise|move: Protect\n|move|p2b: Volcarona|Quiver Dance|p2b: Volcarona\n|-boost|p2b: Volcarona|spa|1\n|-boost|p2b: Volcarona|spd|1\n|-boost|p2b: Volcarona|spe|1\n|move|p1b: Incineroar|Parting Shot|p2a: Archaludon\n|-unboost|p2a: Archaludon|atk|1\n|-unboost|p2a: Archaludon|spa|1\n|\n|t:|1776583512\n|switch|p1b: Sneasler|Sneasler, L50, M|100/100|[from] Parting Shot\n|\n|upkeep\n|turn|3\n|\n|t:|1776583525\n|switch|p2a: Aerodactyl|Aerodactyl, L50, M|100/100\n|move|p2b: Volcarona|Protect|p2b: Volcarona\n|-singleturn|p2b: Volcarona|Protect\n|move|p1b: Sneasler|Fake Out|p2b: Volcarona\n|-activate|p2b: Volcarona|move: Protect\n|move|p1a: Blastoise|Aura Sphere|p2a: Aerodactyl\n|-damage|p2a: Aerodactyl|41/100\n|\n|upkeep\n|turn|4\n|\n|t:|1776583540\n|switch|p1b: Incineroar|Incineroar, L50, F|100/100\n|-ability|p1b: Incineroar|Intimidate|boost\n|-unboost|p2a: Aerodactyl|atk|1\n|-unboost|p2b: Volcarona|atk|1\n|detailschange|p2a: Aerodactyl|Aerodactyl-Mega, L50, M\n|-mega|p2a: Aerodactyl|Aerodactyl|Aerodactylite\n|move|p2a: Aerodactyl|Dual Wingbeat|p1b: Incineroar\n|-damage|p1b: Incineroar|83/100\n|-damage|p1b: Incineroar|63/100\n|-hitcount|p1b: Incineroar|2\n|move|p2b: Volcarona|Giga Drain|p1a: Blastoise\n|-supereffective|p1a: Blastoise|1\n|-damage|p1a: Blastoise|41/100\n|move|p1a: Blastoise|Water Spout|p2a: Aerodactyl|[spread] p2a,p2b\n|-supereffective|p2a: Aerodactyl|1\n|-supereffective|p2b: Volcarona|1\n|-damage|p2a: Aerodactyl|0 fnt\n|-damage|p2b: Volcarona|69/100\n|faint|p2a: Aerodactyl\n|\n|-heal|p2b: Volcarona|75/100|[from] item: Leftovers\n|upkeep\n|\n|t:|1776583555\n|switch|p2a: Archaludon|Archaludon, L50, M|100/100\n|turn|5\n|\n|t:|1776583577\n|move|p1b: Incineroar|Fake Out|p2a: Archaludon\n|-resisted|p2a: Archaludon|1\n|-damage|p2a: Archaludon|96/100\n|cant|p2a: Archaludon|flinch\n|move|p2b: Volcarona|Giga Drain|p1a: Blastoise\n|-supereffective|p1a: Blastoise|1\n|-damage|p1a: Blastoise|0 fnt\n|-heal|p2b: Volcarona|95/100|[from] drain|[of] p1a: Blastoise\n|faint|p1a: Blastoise\n|\n|-heal|p2b: Volcarona|100/100|[from] item: Leftovers\n|upkeep\n|\n|t:|1776583593\n|switch|p1a: Sneasler|Sneasler, L50, M|100/100\n|turn|6\n|\n|t:|1776583618\n|switch|p1b: Pelipper|Pelipper, L50, F|100/100\n|-weather|RainDance|[from] ability: Drizzle|[of] p1b: Pelipper\n|move|p2a: Archaludon|Dragon Pulse|p1a: Sneasler\n|-damage|p1a: Sneasler|34/100\n|move|p1a: Sneasler|Close Combat|p2a: Archaludon\n|-supereffective|p2a: Archaludon|1\n|-damage|p2a: Archaludon|0 fnt\n|-unboost|p1a: Sneasler|def|1\n|-unboost|p1a: Sneasler|spd|1\n|faint|p2a: Archaludon\n|-enditem|p1a: Sneasler|White Herb\n|-clearnegativeboost|p1a: Sneasler|[silent]\n|move|p2b: Volcarona|Heat Wave|p1b: Pelipper|[spread] p1a,p1b\n|-resisted|p1b: Pelipper|1\n|-damage|p1a: Sneasler|0 fnt\n|-damage|p1b: Pelipper|81/100\n|faint|p1a: Sneasler\n|\n|-weather|RainDance|[upkeep]\n|upkeep\n|\n|t:|1776583632\n|switch|p1a: Incineroar|Incineroar, L50, F|63/100\n|-ability|p1a: Incineroar|Intimidate|boost\n|-unboost|p2b: Volcarona|atk|1\n|turn|7\n|\n|t:|1776583637\n|move|p2b: Volcarona|Protect|p2b: Volcarona\n|-singleturn|p2b: Volcarona|Protect\n|move|p1a: Incineroar|Fake Out|p2b: Volcarona\n|-activate|p2b: Volcarona|move: Protect\n|move|p1b: Pelipper|Tailwind|p1b: Pelipper\n|-sidestart|p1: PM77Switch|move: Tailwind\n|\n|-weather|RainDance|[upkeep]\n|upkeep\n|turn|8\n|\n|t:|1776583644\n|move|p1b: Pelipper|Weather Ball|p2b: Volcarona\n|-supereffective|p2b: Volcarona|1\n|-damage|p2b: Volcarona|16/100\n|move|p2b: Volcarona|Giga Drain|p1b: Pelipper\n|-damage|p1b: Pelipper|24/100\n|-heal|p2b: Volcarona|36/100|[from] drain|[of] p1b: Pelipper\n|move|p1a: Incineroar|Darkest Lariat|p2b: Volcarona\n|-damage|p2b: Volcarona|5/100\n|\n|-weather|RainDance|[upkeep]\n|-heal|p2b: Volcarona|11/100|[from] item: Leftovers\n|upkeep\n|turn|9\n|\n|t:|1776583655\n|move|p2b: Volcarona|Protect|p2b: Volcarona\n|-singleturn|p2b: Volcarona|Protect\n|move|p1b: Pelipper|Weather Ball|p2b: Volcarona\n|-activate|p2b: Volcarona|move: Protect\n|move|p1a: Incineroar|Darkest Lariat|p2b: Volcarona\n|-activate|p2b: Volcarona|move: Protect\n|\n|-weather|RainDance|[upkeep]\n|-heal|p2b: Volcarona|17/100|[from] item: Leftovers\n|upkeep\n|turn|10\n|\n|t:|1776583665\n|move|p2b: Volcarona|Protect||[still]\n|-fail|p2b: Volcarona\n|move|p1b: Pelipper|Weather Ball|p2b: Volcarona\n|-supereffective|p2b: Volcarona|1\n|-damage|p2b: Volcarona|0 fnt\n|faint|p2b: Volcarona\n|\n|win|PM77Switch\n|raw|PM77Switch's rating: 1447 &rarr; <strong>1462</strong><br />(+15 for winning)\n|raw|INCENEDORUS's rating: 1364 &rarr; <strong>1349</strong><br />(-15 for losing)\n",
  "uploadtime": 1776583670,
  "views": 21,
  "formatid": "gen9championsvgc2026regma",
  "rating": 1349,
  "private": 0,
  "password": null
}