{
  "id": "gen9championsvgc2026regma-2584594491",
  "format": "[Gen 9 Champions] VGC 2026 Reg M-A",
  "players": [
    "TheCluelessEngi",
    "EeveeKirby133"
  ],
  "log": "|j|\u2606TheCluelessEngi\n|j|\u2606EeveeKirby133\n|t:|1776270965\n|gametype|doubles\n|player|p1|TheCluelessEngi|emmet|1175\n|player|p2|EeveeKirby133|2|1124\n|gen|9\n|tier|[Gen 9 Champions] VGC 2026 Reg M-A\n|rated|\n|rule|Species Clause: Limit one of each Pok\u00e9mon\n|rule|Item Clause: Limit 1 of each item\n|clearpoke\n|poke|p1|Glimmora, L50, F|\n|poke|p1|Talonflame, L50, M|\n|poke|p1|Garchomp, L50, F|\n|poke|p1|Incineroar, L50, F|\n|poke|p1|Gardevoir, L50, M|\n|poke|p1|Sinistcha, L50|\n|poke|p2|Farigiraf, L50, F|\n|poke|p2|Gardevoir, L50, F|\n|poke|p2|Garchomp, L50, M|\n|poke|p2|Crabominable, L50, F|\n|poke|p2|Incineroar, L50, F|\n|poke|p2|Raichu, L50, M|\n|teampreview|4\n|l|\u2606EeveeKirby133\n|player|p2|\n|inactive|Battle timer is ON: inactive players will automatically lose when time's up. (requested by TheCluelessEngi)\n|inactive|EeveeKirby133 has 30 seconds to reconnect!\n|j|\u2606EeveeKirby133\n|inactive|EeveeKirby133 reconnected and has 60 seconds left.\n|player|p2|EeveeKirby133|2|\n|\n|t:|1776271047\n|teamsize|p1|4\n|teamsize|p2|4\n|start\n|switch|p1a: Sinistcha|Sinistcha, L50|100/100\n|switch|p1b: Glimmora|Glimmora, L50, F|100/100\n|switch|p2a: Raichu|Raichu, L50, M|100/100\n|switch|p2b: Crabominable|Crabominable, L50, F|100/100\n|turn|1\n|\n|t:|1776271065\n|detailschange|p2b: Crabominable|Crabominable-Mega, L50, F\n|-mega|p2b: Crabominable|Crabominable|Crabominite\n|move|p2b: Crabominable|Protect|p2b: Crabominable\n|-singleturn|p2b: Crabominable|Protect\n|move|p2a: Raichu|Fake Out|p1a: Sinistcha\n|-immune|p1a: Sinistcha\n|move|p1a: Sinistcha|Rage Powder|p1a: Sinistcha\n|-singleturn|p1a: Sinistcha|move: Rage Powder\n|move|p1b: Glimmora|Power Gem|p2b: Crabominable\n|-activate|p2b: Crabominable|move: Protect\n|\n|upkeep\n|turn|2\n|inactive|TheCluelessEngi has 30 seconds left.\n|\n|t:|1776271093\n|switch|p2b: Farigiraf|Farigiraf, L50, F|100/100\n|detailschange|p1b: Glimmora|Glimmora-Mega, L50, F\n|-mega|p1b: Glimmora|Glimmora|Glimmoranite\n|move|p1b: Glimmora|Spiky Shield|p1b: Glimmora\n|-singleturn|p1b: Glimmora|move: Protect\n|move|p1a: Sinistcha|Rage Powder|p1a: Sinistcha\n|-singleturn|p1a: Sinistcha|move: Rage Powder\n|move|p2a: Raichu|Volt Switch|p1a: Sinistcha\n|-resisted|p1a: Sinistcha|1\n|-damage|p1a: Sinistcha|87/100\n|\n|t:|1776271105\n|switch|p2a: Gardevoir|Gardevoir, L50, F|100/100|[from] Volt Switch\n|-ability|p2a: Gardevoir|Adaptability|Trace|[from] ability: Trace|[of] p1b: Glimmora\n|\n|upkeep\n|turn|3\n|c|\u2606TheCluelessEngi|we are operating on levels inconceivable by man\n|\n|t:|1776271123\n|switch|p1b: Incineroar|Incineroar, L50, F|100/100\n|-ability|p1b: Incineroar|Intimidate|boost\n|-unboost|p2a: Gardevoir|atk|1\n|-unboost|p2b: Farigiraf|atk|1\n|move|p2a: Gardevoir|Expanding Force|p1b: Incineroar\n|-immune|p1b: Incineroar\n|move|p1a: Sinistcha|Imprison|p1a: Sinistcha\n|-start|p1a: Sinistcha|move: Imprison\n|move|p2b: Farigiraf|Psychic Terrain|p2b: Farigiraf\n|-fieldstart|move: Psychic Terrain\n|\n|upkeep\n|turn|4\n|inactive|EeveeKirby133 has 30 seconds left.\n|\n|t:|1776271152\n|switch|p2b: Crabominable|Crabominable-Mega, L50, F|100/100\n|move|p2a: Gardevoir|Expanding Force|p1a: Sinistcha|[spread] p1a\n|-immune|p1b: Incineroar\n|-damage|p1a: Sinistcha|16/100\n|move|p1b: Incineroar|Darkest Lariat|p2a: Gardevoir\n|-damage|p2a: Gardevoir|32/100\n|move|p1a: Sinistcha|Matcha Gotcha|p2b: Crabominable|[spread] p2a,p2b\n|-damage|p2a: Gardevoir|4/100\n|-heal|p1a: Sinistcha|27/100|[from] drain|[of] p2a: Gardevoir\n|-damage|p2b: Crabominable|81/100\n|-heal|p1a: Sinistcha|39/100|[from] drain|[of] p2b: Crabominable\n|\n|upkeep\n|turn|5\n|\n|t:|1776271169\n|move|p2a: Gardevoir|Hyper Voice|p1a: Sinistcha|[spread] p1b\n|-immune|p1a: Sinistcha\n|-damage|p1b: Incineroar|80/100\n|move|p1b: Incineroar|Flare Blitz|p2b: Crabominable\n|-supereffective|p2b: Crabominable|1\n|-damage|p2b: Crabominable|2/100\n|-status|p2b: Crabominable|brn\n|-damage|p1b: Incineroar|54/100|[from] Recoil\n|move|p1a: Sinistcha|Matcha Gotcha|p2a: Gardevoir|[spread] p2a,p2b\n|-damage|p2a: Gardevoir|0 fnt\n|-heal|p1a: Sinistcha|40/100|[from] drain|[of] p2a: Gardevoir\n|-damage|p2b: Crabominable|0 fnt\n|-heal|p1a: Sinistcha|42/100|[from] drain|[of] p2b: Crabominable\n|faint|p2a: Gardevoir\n|faint|p2b: Crabominable\n|\n|upkeep\n|\n|t:|1776271181\n|switch|p2a: Farigiraf|Farigiraf, L50, F|100/100\n|switch|p2b: Raichu|Raichu, L50, M|100/100\n|turn|6\n|\n|t:|1776271193\n|move|p1a: Sinistcha|Rage Powder|p1a: Sinistcha\n|-singleturn|p1a: Sinistcha|move: Rage Powder\n|move|p2b: Raichu|Volt Switch|p1a: Sinistcha\n|-resisted|p1a: Sinistcha|1\n|-damage|p1a: Sinistcha|29/100\n|move|p1b: Incineroar|Darkest Lariat|p2a: Farigiraf\n|-supereffective|p2a: Farigiraf|1\n|-damage|p2a: Farigiraf|18/100\n|move|p2a: Farigiraf|Psychic|p1a: Sinistcha\n|-damage|p1a: Sinistcha|0 fnt\n|faint|p1a: Sinistcha\n|\n|upkeep\n|\n|t:|1776271204\n|switch|p1a: Garchomp|Garchomp, L50, F|100/100\n|turn|7\n|\n|t:|1776271211\n|move|p2b: Raichu|Grass Knot|p1a: Garchomp\n|-damage|p1a: Garchomp|75/100\n|-damage|p2b: Raichu|88/100|[from] ability: Rough Skin|[of] p1a: Garchomp\n|move|p1a: Garchomp|Stomping Tantrum|p2b: Raichu\n|-supereffective|p2b: Raichu|1\n|-damage|p2b: Raichu|0 fnt\n|faint|p2b: Raichu\n|move|p1b: Incineroar|Darkest Lariat|p2a: Farigiraf\n|-supereffective|p2a: Farigiraf|1\n|-damage|p2a: Farigiraf|0 fnt\n|faint|p2a: Farigiraf\n|\n|win|TheCluelessEngi\n|raw|TheCluelessEngi's rating: 1175 &rarr; <strong>1196</strong><br />(+21 for winning)\n|raw|EeveeKirby133's rating: 1124 &rarr; <strong>1103</strong><br />(-21 for losing)\n|l|\u2606EeveeKirby133\n|player|p2|\n",
  "uploadtime": 1776271225,
  "views": 26,
  "formatid": "gen9championsvgc2026regma",
  "rating": 1103,
  "private": 0,
  "password": null
}