{
  "id": "gen9championsvgc2026regma-2582451075",
  "format": "[Gen 9 Champions] VGC 2026 Reg M-A",
  "players": [
    "SupernovaSZ8",
    "HealborforHire"
  ],
  "log": "|j|\u2606SupernovaSZ8\n|j|\u2606HealborforHire\n|t:|1776092534\n|gametype|doubles\n|player|p1|SupernovaSZ8|canari|1258\n|player|p2|HealborforHire|266|1304\n|gen|9\n|tier|[Gen 9 Champions] VGC 2026 Reg M-A\n|rated|\n|rule|Species Clause: Limit one of each Pok\u00e9mon\n|rule|Item Clause: Limit 1 of each item\n|clearpoke\n|poke|p1|Talonflame, L50, F|\n|poke|p1|Floette-Eternal, L50, F|\n|poke|p1|Basculegion, L50, M|\n|poke|p1|Incineroar, L50, M|\n|poke|p1|Sinistcha, L50|\n|poke|p1|Garchomp, L50, M|\n|poke|p2|Tyranitar, L50, F|\n|poke|p2|Excadrill, L50, F|\n|poke|p2|Delphox, L50, M|\n|poke|p2|Milotic, L50, M|\n|poke|p2|Sinistcha, L50|\n|poke|p2|Sylveon, L50, F|\n|teampreview|4\n|inactive|Battle timer is ON: inactive players will automatically lose when time's up. (requested by HealborforHire)\n|\n|t:|1776092567\n|teamsize|p1|4\n|teamsize|p2|4\n|start\n|switch|p1a: Talonflame|Talonflame, L50, F|100/100\n|switch|p1b: Garchomp|Garchomp, L50, M|100/100\n|switch|p2a: Milotic|Milotic, L50, M|100/100\n|switch|p2b: Tyranitar|Tyranitar, L50, F|100/100\n|-weather|Sandstorm|[from] ability: Sand Stream|[of] p2b: Tyranitar\n|turn|1\n|\n|t:|1776092585\n|move|p2b: Tyranitar|Protect|p2b: Tyranitar\n|-singleturn|p2b: Tyranitar|Protect\n|move|p1a: Talonflame|Will-O-Wisp|p2b: Tyranitar\n|-activate|p2b: Tyranitar|move: Protect\n|move|p1b: Garchomp|Earthquake|p2a: Milotic|[spread] p2a\n|-activate|p2b: Tyranitar|move: Protect\n|-immune|p1a: Talonflame\n|-damage|p2a: Milotic|70/100\n|move|p2a: Milotic|Icy Wind|p1a: Talonflame|[spread] p1a,p1b\n|-supereffective|p1b: Garchomp|2\n|-damage|p1a: Talonflame|85/100\n|-damage|p1b: Garchomp|59/100\n|-unboost|p1a: Talonflame|spe|1\n|-unboost|p1b: Garchomp|spe|1\n|\n|-weather|Sandstorm|[upkeep]\n|-damage|p1a: Talonflame|80/100|[from] Sandstorm\n|-damage|p2a: Milotic|64/100|[from] Sandstorm\n|-heal|p2a: Milotic|70/100|[from] item: Leftovers\n|upkeep\n|turn|2\n|inactive|HealborforHire has 30 seconds left.\n|inactive|HealborforHire has 20 seconds left.\n|\n|t:|1776092621\n|switch|p2b: Sinistcha|Sinistcha, L50|100/100\n|-heal|p2a: Milotic|95/100|[from] ability: Hospitality|[of] p2b: Sinistcha\n|move|p1a: Talonflame|Tailwind|p1a: Talonflame\n|-sidestart|p1: SupernovaSZ8|move: Tailwind\n|move|p1b: Garchomp|Earthquake|p2a: Milotic|[spread] p2a,p2b\n|-immune|p1a: Talonflame\n|-resisted|p2b: Sinistcha|1\n|-damage|p2a: Milotic|63/100\n|-damage|p2b: Sinistcha|85/100\n|move|p2a: Milotic|Icy Wind|p1a: Talonflame|[spread] p1a,p1b\n|-supereffective|p1b: Garchomp|2\n|-damage|p1a: Talonflame|65/100\n|-damage|p1b: Garchomp|16/100\n|-unboost|p1a: Talonflame|spe|1\n|-unboost|p1b: Garchomp|spe|1\n|\n|-weather|Sandstorm|[upkeep]\n|-damage|p1a: Talonflame|59/100|[from] Sandstorm\n|-damage|p2a: Milotic|57/100|[from] Sandstorm\n|-damage|p2b: Sinistcha|79/100|[from] Sandstorm\n|-heal|p2a: Milotic|63/100|[from] item: Leftovers\n|upkeep\n|turn|3\n|\n|t:|1776092635\n|move|p1a: Talonflame|Dual Wingbeat|p2a: Milotic\n|-damage|p2a: Milotic|45/100\n|-damage|p2a: Milotic|29/100\n|-hitcount|p2a: Milotic|2\n|move|p1b: Garchomp|Dragon Claw|p2b: Sinistcha\n|-damage|p2b: Sinistcha|43/100\n|-enditem|p2b: Sinistcha|Sitrus Berry|[eat]\n|-heal|p2b: Sinistcha|68/100|[from] item: Sitrus Berry\n|move|p2a: Milotic|Icy Wind|p1a: Talonflame|[spread] p1b\n|-miss|p2a: Milotic|p1a: Talonflame\n|-supereffective|p1b: Garchomp|2\n|-damage|p1b: Garchomp|0 fnt\n|faint|p1b: Garchomp\n|move|p2b: Sinistcha|Trick Room|p2b: Sinistcha\n|-fieldstart|move: Trick Room|[of] p2b: Sinistcha\n|\n|-weather|Sandstorm|[upkeep]\n|-damage|p2b: Sinistcha|62/100|[from] Sandstorm\n|-damage|p2a: Milotic|23/100|[from] Sandstorm\n|-damage|p1a: Talonflame|53/100|[from] Sandstorm\n|-heal|p2a: Milotic|29/100|[from] item: Leftovers\n|upkeep\n|\n|t:|1776092648\n|switch|p1b: Floette|Floette-Eternal, L50, F|100/100\n|turn|4\n|\n|t:|1776092670\n|switch|p2a: Sylveon|Sylveon, L50, F|100/100\n|detailschange|p1b: Floette|Floette-Mega, L50, F\n|-mega|p1b: Floette|Floette|Floettite\n|-ability|p1b: Floette|Fairy Aura\n|move|p2b: Sinistcha|Strength Sap|p1a: Talonflame\n|-unboost|p1a: Talonflame|atk|1\n|-heal|p2b: Sinistcha|100/100\n|move|p1a: Talonflame|Dual Wingbeat|p2b: Sinistcha\n|-supereffective|p2b: Sinistcha|1\n|-damage|p2b: Sinistcha|80/100\n|-supereffective|p2b: Sinistcha|1\n|-damage|p2b: Sinistcha|60/100\n|-hitcount|p2b: Sinistcha|2\n|move|p1b: Floette|Dazzling Gleam|p2a: Sylveon|[spread] p2a,p2b\n|-damage|p2a: Sylveon|66/100\n|-damage|p2b: Sinistcha|7/100\n|\n|-weather|Sandstorm|[upkeep]\n|-damage|p2a: Sylveon|60/100|[from] Sandstorm\n|-damage|p2b: Sinistcha|1/100|[from] Sandstorm\n|-damage|p1a: Talonflame|48/100|[from] Sandstorm\n|-damage|p1b: Floette|95/100|[from] Sandstorm\n|upkeep\n|turn|5\n|\n|t:|1776092693\n|move|p1b: Floette|Protect|p1b: Floette\n|-singleturn|p1b: Floette|Protect\n|move|p2a: Sylveon|Calm Mind|p2a: Sylveon\n|-boost|p2a: Sylveon|spa|1\n|-boost|p2a: Sylveon|spd|1\n|move|p2b: Sinistcha|Strength Sap|p1a: Talonflame\n|-unboost|p1a: Talonflame|atk|1\n|-heal|p2b: Sinistcha|56/100\n|move|p1a: Talonflame|Dual Wingbeat|p2a: Sylveon\n|-damage|p2a: Sylveon|50/100\n|-damage|p2a: Sylveon|39/100\n|-hitcount|p2a: Sylveon|2\n|\n|-weather|none\n|-sideend|p1: SupernovaSZ8|move: Tailwind\n|upkeep\n|turn|6\n|inactive|HealborforHire has 30 seconds left.\n|\n|t:|1776092722\n|move|p2b: Sinistcha|Rage Powder|p2b: Sinistcha\n|-singleturn|p2b: Sinistcha|move: Rage Powder\n|move|p2a: Sylveon|Hyper Voice|p1a: Talonflame|[spread] p1a,p1b\n|-resisted|p1a: Talonflame|1\n|-damage|p1a: Talonflame|0 fnt\n|-damage|p1b: Floette|28/100\n|faint|p1a: Talonflame\n|move|p1b: Floette|Dazzling Gleam|p2a: Sylveon|[spread] p2a,p2b\n|-damage|p2a: Sylveon|15/100\n|-damage|p2b: Sinistcha|5/100\n|\n|upkeep\n|\n|t:|1776092730\n|switch|p1a: Basculegion|Basculegion, L50, M, shiny|100/100\n|turn|7\n|\n|t:|1776092735\n|move|p1a: Basculegion|Protect|p1a: Basculegion\n|-singleturn|p1a: Basculegion|Protect\n|move|p1b: Floette|Protect|p1b: Floette\n|-singleturn|p1b: Floette|Protect\n|move|p2b: Sinistcha|Rage Powder|p2b: Sinistcha\n|-singleturn|p2b: Sinistcha|move: Rage Powder\n|move|p2a: Sylveon|Hyper Voice|p1a: Basculegion|[spread] \n|-activate|p1a: Basculegion|move: Protect\n|-activate|p1b: Floette|move: Protect\n|\n|-fieldend|move: Trick Room\n|upkeep\n|turn|8\n|\n|t:|1776092753\n|move|p2b: Sinistcha|Rage Powder|p2b: Sinistcha\n|-singleturn|p2b: Sinistcha|move: Rage Powder\n|move|p1b: Floette|Dazzling Gleam|p2a: Sylveon|[spread] p2a,p2b\n|-damage|p2a: Sylveon|0 fnt\n|-damage|p2b: Sinistcha|0 fnt\n|faint|p2a: Sylveon\n|faint|p2b: Sinistcha\n|move|p1a: Basculegion|Last Respects|p2: Sylveon|[notarget]\n|-fail|p1a: Basculegion\n|\n|upkeep\n|\n|t:|1776092758\n|switch|p2b: Tyranitar|Tyranitar, L50, F|100/100\n|switch|p2a: Milotic|Milotic, L50, M|29/100\n|-weather|Sandstorm|[from] ability: Sand Stream|[of] p2b: Tyranitar\n|turn|9\n|\n|t:|1776092767\n|detailschange|p2b: Tyranitar|Tyranitar-Mega, L50, F\n|-mega|p2b: Tyranitar|Tyranitar|Tyranitarite\n|move|p1b: Floette|Dazzling Gleam|p2a: Milotic|[spread] p2a,p2b\n|-supereffective|p2b: Tyranitar|1\n|-damage|p2a: Milotic|0 fnt\n|-damage|p2b: Tyranitar|53/100\n|faint|p2a: Milotic\n|move|p1a: Basculegion|Liquidation|p2b: Tyranitar\n|-supereffective|p2b: Tyranitar|1\n|-damage|p2b: Tyranitar|0 fnt\n|faint|p2b: Tyranitar\n|\n|win|SupernovaSZ8\n|raw|SupernovaSZ8's rating: 1258 &rarr; <strong>1286</strong><br />(+28 for winning)\n|raw|HealborforHire's rating: 1304 &rarr; <strong>1281</strong><br />(-23 for losing)\n|l|\u2606HealborforHire\n|player|p2|\n",
  "uploadtime": 1776092781,
  "views": 19,
  "formatid": "gen9championsvgc2026regma",
  "rating": 1281,
  "private": 0,
  "password": null
}