{
  "id": "gen9championsvgc2026regma-2589489084",
  "format": "[Gen 9 Champions] VGC 2026 Reg M-A",
  "players": [
    "Ethalem",
    "muffinmcbluffin"
  ],
  "log": "|j|\u2606Ethalem\n|j|\u2606muffinmcbluffin\n|t:|1776727578\n|gametype|doubles\n|player|p1|Ethalem|acetrainer-gen4dp|1305\n|player|p2|muffinmcbluffin|2|1300\n|gen|9\n|tier|[Gen 9 Champions] VGC 2026 Reg M-A\n|rated|\n|rule|Species Clause: Limit one of each Pok\u00e9mon\n|rule|Item Clause: Limit 1 of each item\n|clearpoke\n|poke|p1|Ninetales-Alola, L50, F|\n|poke|p1|Scovillain, L50, M|\n|poke|p1|Basculegion, L50, M|\n|poke|p1|Sinistcha, L50|\n|poke|p1|Kingambit, L50, F|\n|poke|p1|Incineroar, L50, F|\n|poke|p2|Tyranitar, L50, M|\n|poke|p2|Corviknight, L50, F|\n|poke|p2|Rotom-Wash, L50|\n|poke|p2|Incineroar, L50, M|\n|poke|p2|Sinistcha, L50|\n|poke|p2|Excadrill, L50, F|\n|teampreview|4\n|inactive|Battle timer is ON: inactive players will automatically lose when time's up. (requested by Ethalem)\n|inactive|Ethalem has 60 seconds left.\n|inactive|muffinmcbluffin has 60 seconds left.\n|\n|t:|1776727629\n|teamsize|p1|4\n|teamsize|p2|4\n|start\n|switch|p1a: Scovillain|Scovillain, L50, M|100/100\n|switch|p1b: Basculegion|Basculegion, L50, M|100/100\n|switch|p2a: Tyranitar|Tyranitar, L50, M|100/100\n|switch|p2b: Excadrill|Excadrill, L50, F|100/100\n|-weather|Sandstorm|[from] ability: Sand Stream|[of] p2a: Tyranitar\n|turn|1\n|inactive|Ethalem has 30 seconds left.\n|\n|t:|1776727660\n|detailschange|p1a: Scovillain|Scovillain-Mega, L50, M\n|-mega|p1a: Scovillain|Scovillain|Scovillainite\n|detailschange|p2a: Tyranitar|Tyranitar-Mega, L50, M\n|-mega|p2a: Tyranitar|Tyranitar|Tyranitarite\n|move|p1b: Basculegion|Aqua Jet|p2b: Excadrill\n|-supereffective|p2b: Excadrill|1\n|-damage|p2b: Excadrill|19/100\n|move|p2b: Excadrill|Rock Slide|p1b: Basculegion|[spread] p1a\n|-miss|p2b: Excadrill|p1b: Basculegion\n|-supereffective|p1a: Scovillain|1\n|-damage|p1a: Scovillain|55/100\n|-status|p2b: Excadrill|brn|[from] ability: Spicy Spray|[of] p1a: Scovillain\n|move|p2a: Tyranitar|Rock Slide|p1a: Scovillain|[spread] p1a,p1b\n|-supereffective|p1a: Scovillain|1\n|-damage|p1a: Scovillain|0 fnt\n|-damage|p1b: Basculegion|57/100\n|-status|p2a: Tyranitar|brn|[from] ability: Spicy Spray|[of] p1a: Scovillain\n|faint|p1a: Scovillain\n|\n|-weather|Sandstorm|[upkeep]\n|-damage|p1b: Basculegion|51/100|[from] Sandstorm\n|-damage|p2b: Excadrill|13/100 brn|[from] brn\n|-damage|p2a: Tyranitar|95/100 brn|[from] brn\n|upkeep\n|\n|t:|1776727684\n|switch|p1a: Ninetales|Ninetales-Alola, L50, F|100/100\n|-weather|Snowscape|[from] ability: Snow Warning|[of] p1a: Ninetales\n|turn|2\n|\n|t:|1776727695\n|switch|p2b: Corviknight|Corviknight, L50, F|100/100\n|switch|p2a: Incineroar|Incineroar, L50, M|100/100\n|-ability|p2a: Incineroar|Intimidate|boost\n|-unboost|p1a: Ninetales|atk|1\n|-unboost|p1b: Basculegion|atk|1\n|move|p1a: Ninetales|Icy Wind|p2a: Incineroar|[spread] p2a,p2b\n|-resisted|p2a: Incineroar|1\n|-damage|p2a: Incineroar|93/100\n|-damage|p2b: Corviknight|89/100\n|-unboost|p2a: Incineroar|spe|1\n|-ability|p2b: Corviknight|Mirror Armor\n|-unboost|p1a: Ninetales|spe|1\n|move|p1b: Basculegion|Wave Crash|p2a: Incineroar\n|-supereffective|p2a: Incineroar|1\n|-damage|p2a: Incineroar|0 fnt\n|faint|p2a: Incineroar\n|-damage|p1b: Basculegion|23/100|[from] Recoil\n|-enditem|p1b: Basculegion|Sitrus Berry|[eat]\n|-heal|p1b: Basculegion|48/100|[from] item: Sitrus Berry\n|\n|-weather|Snowscape|[upkeep]\n|-heal|p2b: Corviknight|95/100|[from] item: Leftovers\n|upkeep\n|\n|t:|1776727697\n|switch|p2a: Tyranitar|Tyranitar-Mega, L50, M|95/100 brn\n|-weather|Sandstorm|[from] ability: Sand Stream|[of] p2a: Tyranitar\n|turn|3\n|inactive|Ethalem has 30 seconds left.\n|\n|t:|1776727725\n|switch|p1a: Incineroar|Incineroar, L50, F|100/100\n|-ability|p1a: Incineroar|Intimidate|boost\n|-unboost|p2a: Tyranitar|atk|1\n|-ability|p2b: Corviknight|Mirror Armor\n|-unboost|p1a: Incineroar|atk|1\n|-enditem|p1a: Incineroar|White Herb\n|-clearnegativeboost|p1a: Incineroar|[silent]\n|move|p1b: Basculegion|Aqua Jet|p2a: Tyranitar\n|-supereffective|p2a: Tyranitar|1\n|-damage|p2a: Tyranitar|72/100 brn\n|move|p2a: Tyranitar|Knock Off|p1b: Basculegion\n|-supereffective|p1b: Basculegion|1\n|-damage|p1b: Basculegion|15/100\n|move|p2b: Corviknight|Iron Defense|p2b: Corviknight\n|-boost|p2b: Corviknight|def|2\n|\n|-weather|Sandstorm|[upkeep]\n|-damage|p1b: Basculegion|9/100|[from] Sandstorm\n|-damage|p1a: Incineroar|95/100|[from] Sandstorm\n|-heal|p2b: Corviknight|100/100|[from] item: Leftovers\n|-damage|p2a: Tyranitar|66/100 brn|[from] brn\n|upkeep\n|turn|4\n|\n|t:|1776727748\n|move|p2a: Tyranitar|Protect|p2a: Tyranitar\n|-singleturn|p2a: Tyranitar|Protect\n|move|p1a: Incineroar|Fake Out|p2b: Corviknight\n|-resisted|p2b: Corviknight|1\n|-damage|p2b: Corviknight|98/100\n|move|p1b: Basculegion|Flip Turn|p2a: Tyranitar\n|-activate|p2a: Tyranitar|move: Protect\n|cant|p2b: Corviknight|flinch\n|\n|-weather|Sandstorm|[upkeep]\n|-damage|p1b: Basculegion|3/100|[from] Sandstorm\n|-damage|p1a: Incineroar|89/100|[from] Sandstorm\n|-heal|p2b: Corviknight|100/100|[from] item: Leftovers\n|-damage|p2a: Tyranitar|60/100 brn|[from] brn\n|upkeep\n|turn|5\n|\n|t:|1776727772\n|switch|p2a: Excadrill|Excadrill, L50, F|13/100 brn\n|move|p1b: Basculegion|Flip Turn|p2b: Corviknight\n|-damage|p2b: Corviknight|89/100\n|c|\u2606muffinmcbluffin|Im sorry..\n|\n|t:|1776727777\n|switch|p1b: Ninetales|Ninetales-Alola, L50, F|100/100|[from] Flip Turn\n|-weather|Snowscape|[from] ability: Snow Warning|[of] p1b: Ninetales\n|move|p2b: Corviknight|Body Press|p1a: Incineroar\n|-supereffective|p1a: Incineroar|1\n|-damage|p1a: Incineroar|16/100\n|move|p1a: Incineroar|Close Combat|p2a: Excadrill\n|-supereffective|p2a: Excadrill|1\n|-damage|p2a: Excadrill|0 fnt\n|-unboost|p1a: Incineroar|def|1\n|-unboost|p1a: Incineroar|spd|1\n|faint|p2a: Excadrill\n|\n|-weather|Snowscape|[upkeep]\n|-heal|p2b: Corviknight|95/100|[from] item: Leftovers\n|upkeep\n|c|\u2606muffinmcbluffin|White herb incin\n|c|\u2606muffinmcbluffin|Wut\n|\n|t:|1776727784\n|switch|p2a: Tyranitar|Tyranitar-Mega, L50, M|60/100 brn\n|-weather|Sandstorm|[from] ability: Sand Stream|[of] p2a: Tyranitar\n|turn|6\n|\n|t:|1776727802\n|switch|p1b: Basculegion|Basculegion, L50, M|3/100\n|move|p2a: Tyranitar|Rock Slide|p1a: Incineroar|[spread] p1a,p1b\n|-supereffective|p1a: Incineroar|1\n|-damage|p1a: Incineroar|0 fnt\n|-damage|p1b: Basculegion|0 fnt\n|faint|p1a: Incineroar\n|faint|p1b: Basculegion\n|move|p2b: Corviknight|Iron Defense|p2b: Corviknight\n|-boost|p2b: Corviknight|def|2\n|\n|-weather|Sandstorm|[upkeep]\n|-heal|p2b: Corviknight|100/100|[from] item: Leftovers\n|-damage|p2a: Tyranitar|54/100 brn|[from] brn\n|upkeep\n|\n|t:|1776727809\n|switch|p1a: Ninetales|Ninetales-Alola, L50, F|100/100\n|-weather|Snowscape|[from] ability: Snow Warning|[of] p1a: Ninetales\n|turn|7\n|\n|t:|1776727823\n|move|p1a: Ninetales|Encore|p2b: Corviknight\n|-start|p2b: Corviknight|Encore\n|move|p2a: Tyranitar|Rock Slide|p1a: Ninetales\n|-supereffective|p1a: Ninetales|1\n|-damage|p1a: Ninetales|46/100\n|move|p2b: Corviknight|Iron Defense|p2b: Corviknight\n|-boost|p2b: Corviknight|def|2\n|\n|-weather|Snowscape|[upkeep]\n|-damage|p2a: Tyranitar|48/100 brn|[from] brn\n|upkeep\n|turn|8\n|\n|t:|1776727835\n|move|p1a: Ninetales|Aurora Veil|p1a: Ninetales\n|-sidestart|p1: Ethalem|move: Aurora Veil\n|move|p2a: Tyranitar|Rock Slide|p1a: Ninetales\n|-supereffective|p1a: Ninetales|1\n|-damage|p1a: Ninetales|11/100\n|move|p2b: Corviknight|Iron Defense|p2b: Corviknight\n|-boost|p2b: Corviknight|def|0\n|\n|-weather|Snowscape|[upkeep]\n|-damage|p2a: Tyranitar|43/100 brn|[from] brn\n|upkeep\n|turn|9\n|\n|t:|1776727848\n|move|p1a: Ninetales|Blizzard|p2a: Tyranitar|[spread] p2a,p2b\n|-damage|p2a: Tyranitar|21/100 brn\n|-damage|p2b: Corviknight|78/100\n|move|p2a: Tyranitar|Rock Slide|p1a: Ninetales\n|-supereffective|p1a: Ninetales|1\n|-damage|p1a: Ninetales|0 fnt\n|faint|p1a: Ninetales\n|\n|win|muffinmcbluffin\n|raw|Ethalem's rating: 1305 &rarr; <strong>1285</strong><br />(-20 for losing)\n|raw|muffinmcbluffin's rating: 1300 &rarr; <strong>1325</strong><br />(+25 for winning)\n",
  "uploadtime": 1776727866,
  "views": 6,
  "formatid": "gen9championsvgc2026regma",
  "rating": 1285,
  "private": 0,
  "password": null
}