{
  "id": "gen9championsvgc2026regma-2588156007",
  "format": "[Gen 9 Champions] VGC 2026 Reg M-A",
  "players": [
    "slothgameplay",
    "Drillock"
  ],
  "log": "|j|\u2606slothgameplay\n|j|\u2606Drillock\n|t:|1776609867\n|gametype|doubles\n|player|p1|slothgameplay|169|1195\n|player|p2|Drillock|2|1113\n|gen|9\n|tier|[Gen 9 Champions] VGC 2026 Reg M-A\n|rated|\n|rule|Species Clause: Limit one of each Pok\u00e9mon\n|rule|Item Clause: Limit 1 of each item\n|clearpoke\n|poke|p1|Gengar, L50, F, shiny|\n|poke|p1|Incineroar, L50, F|\n|poke|p1|Sinistcha-Masterpiece, L50|\n|poke|p1|Garchomp, L50, M|\n|poke|p1|Tyranitar, L50, F|\n|poke|p1|Kommo-o, L50, F|\n|poke|p2|Altaria, L50, M|\n|poke|p2|Sinistcha-Masterpiece, L50|\n|poke|p2|Gengar, L50, M|\n|poke|p2|Milotic, L50, M|\n|poke|p2|Corviknight, L50, M|\n|poke|p2|Incineroar, L50, M|\n|teampreview|4\n|\n|t:|1776609900\n|teamsize|p1|4\n|teamsize|p2|4\n|start\n|switch|p1a: Sinistcha|Sinistcha-Masterpiece, L50|100/100\n|switch|p1b: Garchomp|Garchomp, L50, M|100/100\n|switch|p2a: Milotic|Milotic, L50, M|100/100\n|switch|p2b: Corviknight|Corviknight, L50, M|100/100\n|-ability|p2b: Corviknight|Unnerve\n|turn|1\n|\n|t:|1776609928\n|move|p1b: Garchomp|Rock Slide|p2a: Milotic|[spread] p2a,p2b\n|-damage|p2a: Milotic|81/100\n|-damage|p2b: Corviknight|83/100\n|move|p2b: Corviknight|Tailwind|p2b: Corviknight\n|-sidestart|p2: Drillock|move: Tailwind\n|move|p2a: Milotic|Ice Beam|p1b: Garchomp\n|-supereffective|p1b: Garchomp|2\n|-damage|p1b: Garchomp|0 fnt\n|faint|p1b: Garchomp\n|move|p1a: Sinistcha|Matcha Gotcha|p2a: Milotic|[spread] p2a,p2b\n|-supereffective|p2a: Milotic|1\n|-crit|p2a: Milotic\n|-resisted|p2b: Corviknight|2\n|-damage|p2a: Milotic|26/100\n|-damage|p2b: Corviknight|77/100\n|\n|-heal|p2a: Milotic|32/100|[from] item: Leftovers\n|upkeep\n|\n|t:|1776609944\n|switch|p1b: Tyranitar|Tyranitar, L50, F|100/100\n|-weather|Sandstorm|[from] ability: Sand Stream|[of] p1b: Tyranitar\n|turn|2\n|\n|t:|1776609960\n|detailschange|p1b: Tyranitar|Tyranitar-Mega, L50, F\n|-mega|p1b: Tyranitar|Tyranitar|Tyranitarite\n|move|p1b: Tyranitar|Protect|p1b: Tyranitar\n|-singleturn|p1b: Tyranitar|Protect\n|move|p2b: Corviknight|Body Press|p1b: Tyranitar\n|-activate|p1b: Tyranitar|move: Protect\n|move|p2a: Milotic|Recover|p2a: Milotic\n|-heal|p2a: Milotic|83/100\n|move|p1a: Sinistcha|Trick Room|p1a: Sinistcha\n|-fieldstart|move: Trick Room|[of] p1a: Sinistcha\n|\n|-weather|Sandstorm|[upkeep]\n|-damage|p1a: Sinistcha|94/100|[from] Sandstorm\n|-damage|p2a: Milotic|77/100|[from] Sandstorm\n|-heal|p2a: Milotic|83/100|[from] item: Leftovers\n|upkeep\n|turn|3\n|\n|t:|1776609982\n|switch|p2b: Sinistcha|Sinistcha-Masterpiece, L50|100/100\n|-heal|p2a: Milotic|100/100|[from] ability: Hospitality|[of] p2b: Sinistcha\n|move|p1a: Sinistcha|Rage Powder|p1a: Sinistcha\n|-singleturn|p1a: Sinistcha|move: Rage Powder\n|move|p1b: Tyranitar|Knock Off|p2a: Milotic\n|-damage|p2a: Milotic|35/100\n|-enditem|p2a: Milotic|Leftovers|[from] move: Knock Off|[of] p1b: Tyranitar\n|move|p2a: Milotic|Scald|p1a: Sinistcha\n|-resisted|p1a: Sinistcha|1\n|-damage|p1a: Sinistcha|77/100\n|\n|-weather|Sandstorm|[upkeep]\n|-damage|p1a: Sinistcha|71/100|[from] Sandstorm\n|-damage|p2b: Sinistcha|95/100|[from] Sandstorm\n|-damage|p2a: Milotic|29/100|[from] Sandstorm\n|upkeep\n|turn|4\n|\n|t:|1776610008\n|move|p1a: Sinistcha|Matcha Gotcha|p2b: Sinistcha|[spread] p2a,p2b\n|-supereffective|p2a: Milotic|1\n|-resisted|p2b: Sinistcha|1\n|-damage|p2a: Milotic|0 fnt\n|-heal|p1a: Sinistcha|86/100|[from] drain|[of] p2a: Milotic\n|-damage|p2b: Sinistcha|81/100\n|-heal|p1a: Sinistcha|93/100|[from] drain|[of] p2b: Sinistcha\n|faint|p2a: Milotic\n|move|p1b: Tyranitar|Rock Slide|p2b: Sinistcha\n|-damage|p2b: Sinistcha|34/100\n|move|p2b: Sinistcha|Trick Room|p2b: Sinistcha\n|-fieldend|move: Trick Room\n|\n|-weather|Sandstorm|[upkeep]\n|-damage|p2b: Sinistcha|28/100|[from] Sandstorm\n|-damage|p1a: Sinistcha|86/100|[from] Sandstorm\n|-sideend|p2: Drillock|move: Tailwind\n|upkeep\n|\n|t:|1776610033\n|switch|p2a: Corviknight|Corviknight, L50, M|77/100\n|-ability|p2a: Corviknight|Unnerve\n|turn|5\n|\n|t:|1776610053\n|move|p1a: Sinistcha|Rage Powder|p1a: Sinistcha\n|-singleturn|p1a: Sinistcha|move: Rage Powder\n|move|p2a: Corviknight|Body Press|p1a: Sinistcha\n|-immune|p1a: Sinistcha\n|move|p1b: Tyranitar|Rock Slide|p2a: Corviknight|[spread] p2a,p2b\n|-crit|p2a: Corviknight\n|-damage|p2a: Corviknight|31/100\n|-damage|p2b: Sinistcha|0 fnt\n|faint|p2b: Sinistcha\n|\n|-weather|Sandstorm|[upkeep]\n|-damage|p1a: Sinistcha|80/100|[from] Sandstorm\n|upkeep\n|\n|t:|1776610074\n|switch|p2b: Gengar|Gengar, L50, M|100/100\n|turn|6\n|\n|t:|1776610102\n|move|p1a: Sinistcha|Rage Powder|p1a: Sinistcha\n|-singleturn|p1a: Sinistcha|move: Rage Powder\n|move|p2b: Gengar|Sludge Wave|p1a: Sinistcha|[spread] p1a,p1b\n|-immune|p2a: Corviknight\n|-resisted|p1b: Tyranitar|1\n|-damage|p1a: Sinistcha|42/100\n|-damage|p1b: Tyranitar|92/100\n|move|p2a: Corviknight|Iron Defense|p2a: Corviknight\n|-boost|p2a: Corviknight|def|2\n|move|p1b: Tyranitar|Rock Slide|p2b: Gengar|[spread] p2a,p2b\n|-damage|p2a: Corviknight|15/100\n|-damage|p2b: Gengar|20/100\n|\n|-weather|none\n|upkeep\n|turn|7\n|\n|t:|1776610121\n|move|p1b: Tyranitar|Protect|p1b: Tyranitar\n|-singleturn|p1b: Tyranitar|Protect\n|move|p2b: Gengar|Sludge Wave|p1b: Tyranitar|[spread] p1a\n|-activate|p1b: Tyranitar|move: Protect\n|-immune|p2a: Corviknight\n|-damage|p1a: Sinistcha|7/100\n|move|p2a: Corviknight|Body Press|p1b: Tyranitar\n|-activate|p1b: Tyranitar|move: Protect\n|move|p1a: Sinistcha|Trick Room|p1a: Sinistcha\n|-fieldstart|move: Trick Room|[of] p1a: Sinistcha\n|\n|upkeep\n|turn|8\n|\n|t:|1776610139\n|detailschange|p2b: Gengar|Gengar-Mega, L50, M\n|-mega|p2b: Gengar|Gengar|Gengarite\n|move|p1a: Sinistcha|Matcha Gotcha|p2a: Corviknight|[spread] p2a,p2b\n|-resisted|p2a: Corviknight|2\n|-resisted|p2b: Gengar|1\n|-damage|p2a: Corviknight|9/100\n|-heal|p1a: Sinistcha|11/100|[from] drain|[of] p2a: Corviknight\n|-damage|p2b: Gengar|3/100\n|-heal|p1a: Sinistcha|17/100|[from] drain|[of] p2b: Gengar\n|move|p1b: Tyranitar|Rock Slide|p2a: Corviknight|[spread] p2a,p2b\n|-damage|p2a: Corviknight|0 fnt\n|-damage|p2b: Gengar|0 fnt\n|-enditem|p1a: Sinistcha|Sitrus Berry|[eat]\n|-heal|p1a: Sinistcha|42/100|[from] item: Sitrus Berry\n|faint|p2a: Corviknight\n|faint|p2b: Gengar\n|\n|win|slothgameplay\n|raw|slothgameplay's rating: 1195 &rarr; <strong>1214</strong><br />(+19 for winning)\n|raw|Drillock's rating: 1113 &rarr; <strong>1094</strong><br />(-19 for losing)\n",
  "uploadtime": 1776610139,
  "views": 6,
  "formatid": "gen9championsvgc2026regma",
  "rating": 1094,
  "private": 0,
  "password": null
}