{
  "id": "gen9championsvgc2026regma-2584945919",
  "format": "[Gen 9 Champions] VGC 2026 Reg M-A",
  "players": [
    "Xalvadore",
    "jajajajajajajamon"
  ],
  "log": "|j|\u2606Xalvadore\n|j|\u2606jajajajajajajamon\n|t:|1776296993\n|gametype|doubles\n|player|p1|Xalvadore|102|1163\n|player|p2|jajajajajajajamon|170|1222\n|gen|9\n|tier|[Gen 9 Champions] VGC 2026 Reg M-A\n|rated|\n|rule|Species Clause: Limit one of each Pok\u00e9mon\n|rule|Item Clause: Limit 1 of each item\n|clearpoke\n|poke|p1|Meganium, L50, M|\n|poke|p1|Incineroar, L50, M|\n|poke|p1|Krookodile, L50, M|\n|poke|p1|Blastoise, L50, M|\n|poke|p1|Aerodactyl, L50, F|\n|poke|p1|Scizor, L50, F|\n|poke|p2|Aerodactyl, L50, F|\n|poke|p2|Charizard, L50, M|\n|poke|p2|Garchomp, L50, M|\n|poke|p2|Incineroar, L50, F|\n|poke|p2|Manectric, L50, M|\n|poke|p2|Sneasler, L50, M|\n|teampreview|4\n|inactive|Battle timer is ON: inactive players will automatically lose when time's up. (requested by Xalvadore)\n|\n|t:|1776297042\n|teamsize|p1|4\n|teamsize|p2|4\n|start\n|switch|p1a: Incineroar|Incineroar, L50, M|100/100\n|switch|p1b: Aerodactyl|Aerodactyl, L50, F|100/100\n|switch|p2a: Aerodactyl|Aerodactyl, L50, F|100/100\n|switch|p2b: Garchomp|Garchomp, L50, M|100/100\n|-ability|p2a: Aerodactyl|Unnerve\n|-ability|p1b: Aerodactyl|Unnerve\n|turn|1\n|inactive|Xalvadore has 30 seconds left.\n|\n|t:|1776297067\n|switch|p1a: Krookodile|Krookodile, L50, M|100/100\n|-ability|p1a: Krookodile|Intimidate|boost\n|-unboost|p2a: Aerodactyl|atk|1\n|-unboost|p2b: Garchomp|atk|1\n|move|p2b: Garchomp|Rock Slide|p1a: Krookodile|[spread] p1a,p1b\n|-resisted|p1a: Krookodile|1\n|-supereffective|p1b: Aerodactyl|1\n|-damage|p1a: Krookodile|92/100\n|-damage|p1b: Aerodactyl|55/100\n|move|p2a: Aerodactyl|Tailwind|p2a: Aerodactyl\n|-sidestart|p2: jajajajajajajamon|move: Tailwind\n|move|p1b: Aerodactyl|Taunt|p2a: Aerodactyl\n|-start|p2a: Aerodactyl|move: Taunt\n|\n|upkeep\n|turn|2\n|\n|t:|1776297090\n|switch|p2a: Incineroar|Incineroar, L50, F|100/100\n|-ability|p2a: Incineroar|Intimidate|boost\n|-unboost|p1a: Krookodile|atk|1\n|-unboost|p1b: Aerodactyl|atk|1\n|move|p2b: Garchomp|Rock Slide|p1a: Krookodile|[spread] p1a,p1b\n|-resisted|p1a: Krookodile|1\n|-supereffective|p1b: Aerodactyl|1\n|-damage|p1a: Krookodile|83/100\n|-damage|p1b: Aerodactyl|8/100\n|move|p1a: Krookodile|Knock Off|p2b: Garchomp\n|-damage|p2b: Garchomp|70/100\n|-damage|p1a: Krookodile|71/100|[from] ability: Rough Skin|[of] p2b: Garchomp\n|-enditem|p2b: Garchomp|Choice Scarf|[from] move: Knock Off|[of] p1a: Krookodile\n|move|p1b: Aerodactyl|Tailwind|p1b: Aerodactyl\n|-sidestart|p1: Xalvadore|move: Tailwind\n|\n|upkeep\n|turn|3\n|inactive|jajajajajajajamon has 30 seconds left.\n|\n|t:|1776297115\n|move|p2a: Incineroar|Fake Out|p1a: Krookodile\n|-damage|p1a: Krookodile|56/100\n|cant|p1a: Krookodile|flinch\n|move|p1b: Aerodactyl|Rock Slide|p2a: Incineroar|[spread] p2a,p2b\n|-supereffective|p2a: Incineroar|1\n|-resisted|p2b: Garchomp|1\n|-damage|p2a: Incineroar|65/100\n|-damage|p2b: Garchomp|62/100\n|cant|p2b: Garchomp|flinch\n|\n|upkeep\n|turn|4\n|inactive|Xalvadore has 30 seconds left.\n|inactive|jajajajajajajamon has 30 seconds left.\n|inactive|Xalvadore has 20 seconds left.\n|inactive|Xalvadore has 15 seconds left.\n|\n|t:|1776297158\n|switch|p2b: Aerodactyl|Aerodactyl, L50, F|100/100\n|-ability|p2b: Aerodactyl|Unnerve\n|move|p1a: Krookodile|Knock Off|p2a: Incineroar\n|-resisted|p2a: Incineroar|1\n|-damage|p2a: Incineroar|50/100\n|-enditem|p2a: Incineroar|Sitrus Berry|[from] move: Knock Off|[of] p1a: Krookodile\n|move|p1b: Aerodactyl|Rock Slide|p2a: Incineroar|[spread] p2a,p2b\n|-supereffective|p2a: Incineroar|1\n|-supereffective|p2b: Aerodactyl|1\n|-damage|p2a: Incineroar|17/100\n|-damage|p2b: Aerodactyl|45/100\n|cant|p2a: Incineroar|flinch\n|\n|-sideend|p2: jajajajajajajamon|move: Tailwind\n|upkeep\n|turn|5\n|\n|t:|1776297178\n|move|p2b: Aerodactyl|Protect|p2b: Aerodactyl\n|-singleturn|p2b: Aerodactyl|Protect\n|move|p1a: Krookodile|Knock Off|p2b: Aerodactyl\n|-activate|p2b: Aerodactyl|move: Protect\n|move|p1b: Aerodactyl|Rock Slide|p2a: Incineroar|[spread] p2a\n|-activate|p2b: Aerodactyl|move: Protect\n|-supereffective|p2a: Incineroar|1\n|-damage|p2a: Incineroar|0 fnt\n|faint|p2a: Incineroar\n|\n|-sideend|p1: Xalvadore|move: Tailwind\n|upkeep\n|\n|t:|1776297193\n|switch|p2a: Garchomp|Garchomp, L50, M|62/100\n|turn|6\n|\n|t:|1776297206\n|move|p1a: Krookodile|Knock Off|p2a: Garchomp\n|-damage|p2a: Garchomp|40/100\n|-damage|p1a: Krookodile|44/100|[from] ability: Rough Skin|[of] p2a: Garchomp\n|move|p2b: Aerodactyl|Tailwind|p2b: Aerodactyl\n|-sidestart|p2: jajajajajajajamon|move: Tailwind\n|move|p2a: Garchomp|Breaking Swipe|p1a: Krookodile|[spread] p1a,p1b\n|-damage|p1a: Krookodile|11/100\n|-damage|p1b: Aerodactyl|0 fnt\n|-unboost|p1a: Krookodile|atk|1\n|faint|p1b: Aerodactyl\n|\n|upkeep\n|\n|t:|1776297208\n|switch|p1b: Blastoise|Blastoise, L50, M|100/100\n|turn|7\n|\n|t:|1776297229\n|switch|p2a: Charizard|Charizard, L50, M|100/100\n|detailschange|p1b: Blastoise|Blastoise-Mega, L50, M\n|-mega|p1b: Blastoise|Blastoise|Blastoisinite\n|move|p2b: Aerodactyl|Rock Slide|p1a: Krookodile|[spread] p1a,p1b\n|-resisted|p1a: Krookodile|1\n|-crit|p1a: Krookodile\n|-damage|p1a: Krookodile|0 fnt\n|-damage|p1b: Blastoise|75/100\n|faint|p1a: Krookodile\n|move|p1b: Blastoise|Muddy Water|p2a: Charizard|[spread] p2a,p2b\n|-supereffective|p2a: Charizard|1\n|-supereffective|p2b: Aerodactyl|1\n|-damage|p2a: Charizard|1/100\n|-damage|p2b: Aerodactyl|0 fnt\n|-unboost|p2a: Charizard|accuracy|1\n|faint|p2b: Aerodactyl\n|\n|upkeep\n|\n|t:|1776297240\n|switch|p2b: Garchomp|Garchomp, L50, M|40/100\n|switch|p1a: Incineroar|Incineroar, L50, M|100/100\n|turn|8\n|\n|t:|1776297256\n|detailschange|p2a: Charizard|Charizard-Mega-Y, L50, M\n|-mega|p2a: Charizard|Charizard|Charizardite Y\n|-weather|SunnyDay|[from] ability: Drought|[of] p2a: Charizard\n|move|p1a: Incineroar|Fake Out|p2a: Charizard\n|-damage|p2a: Charizard|0 fnt\n|faint|p2a: Charizard\n|move|p2b: Garchomp|Earthquake|p1a: Incineroar|[spread] p1a,p1b\n|-supereffective|p1a: Incineroar|1\n|-damage|p1a: Incineroar|16/100\n|-damage|p1b: Blastoise|31/100\n|-enditem|p1a: Incineroar|Sitrus Berry|[eat]\n|-heal|p1a: Incineroar|41/100|[from] item: Sitrus Berry\n|move|p1b: Blastoise|Ice Beam|p2b: Garchomp\n|-supereffective|p2b: Garchomp|2\n|-damage|p2b: Garchomp|0 fnt\n|faint|p2b: Garchomp\n|\n|win|Xalvadore\n|raw|Xalvadore's rating: 1163 &rarr; <strong>1192</strong><br />(+29 for winning)\n|raw|jajajajajajajamon's rating: 1222 &rarr; <strong>1193</strong><br />(-29 for losing)\n|l|\u2606jajajajajajajamon\n|player|p2|\n|c|\u2606Xalvadore|gg\n",
  "uploadtime": 1776297271,
  "views": 23,
  "formatid": "gen9championsvgc2026regma",
  "rating": 1192,
  "private": 0,
  "password": null
}