{
  "id": "gen9championsvgc2026regma-2587705162",
  "format": "[Gen 9 Champions] VGC 2026 Reg M-A",
  "players": [
    "SleepyBadGirl",
    "AWOLxSick"
  ],
  "log": "|j|\u2606SleepyBadGirl\n|j|\u2606AWOLxSick\n|t:|1776555707\n|gametype|doubles\n|player|p1|SleepyBadGirl|ethan|1383\n|player|p2|AWOLxSick|unknown|1310\n|gen|9\n|tier|[Gen 9 Champions] VGC 2026 Reg M-A\n|rated|\n|rule|Species Clause: Limit one of each Pok\u00e9mon\n|rule|Item Clause: Limit 1 of each item\n|clearpoke\n|poke|p1|Gengar, L50, M, shiny|\n|poke|p1|Raichu, L50, F|\n|poke|p1|Incineroar, L50, F|\n|poke|p1|Sinistcha, L50|\n|poke|p1|Greninja, L50, F|\n|poke|p1|Garchomp, L50, M|\n|poke|p2|Tyranitar, L50, F|\n|poke|p2|Excadrill, L50, F|\n|poke|p2|Rotom-Heat, L50|\n|poke|p2|Sinistcha, L50|\n|poke|p2|Zoroark-Hisui, L50, M|\n|poke|p2|Aerodactyl, L50, M|\n|teampreview|4\n|inactive|Battle timer is ON: inactive players will automatically lose when time's up. (requested by SleepyBadGirl)\n|inactive|SleepyBadGirl has 60 seconds left.\n|inactive|AWOLxSick has 60 seconds left.\n|inactive|AWOLxSick has 30 seconds left.\n|inactive|SleepyBadGirl has 30 seconds left.\n|inactive|AWOLxSick has 20 seconds left.\n|\n|t:|1776555779\n|teamsize|p1|4\n|teamsize|p2|4\n|start\n|switch|p1a: Raichu|Raichu, L50, F|100/100\n|switch|p1b: Greninja|Greninja, L50, F|100/100\n|switch|p2a: Tyranitar|Tyranitar, L50, F|100/100\n|switch|p2b: Excadrill|Excadrill, L50, F|100/100\n|-weather|Sandstorm|[from] ability: Sand Stream|[of] p2a: Tyranitar\n|turn|1\n|inactive|AWOLxSick has 30 seconds left.\n|inactive|SleepyBadGirl has 30 seconds left.\n|inactive|AWOLxSick has 20 seconds left.\n|inactive|AWOLxSick has 15 seconds left.\n|\n|t:|1776555824\n|move|p2a: Tyranitar|Protect|p2a: Tyranitar\n|-singleturn|p2a: Tyranitar|Protect\n|move|p1a: Raichu|Fake Out|p2a: Tyranitar\n|-activate|p2a: Tyranitar|move: Protect\n|move|p2b: Excadrill|Icy Wind|p1a: Raichu|[spread] p1a,p1b\n|-resisted|p1b: Greninja|1\n|-damage|p1a: Raichu|80/100\n|-damage|p1b: Greninja|90/100\n|-unboost|p1a: Raichu|spe|1\n|-unboost|p1b: Greninja|spe|1\n|move|p1b: Greninja|Dark Pulse|p2b: Excadrill\n|-start|p1b: Greninja|typechange|Dark|[from] ability: Protean\n|-supereffective|p2b: Excadrill|1\n|-damage|p2b: Excadrill|0 fnt\n|replace|p2b: Zoroark|Zoroark-Hisui, L50, M\n|-end|p2b: Zoroark|Illusion\n|faint|p2b: Zoroark\n|\n|-weather|Sandstorm|[upkeep]\n|-damage|p1b: Greninja|84/100|[from] Sandstorm\n|-damage|p1a: Raichu|74/100|[from] Sandstorm\n|upkeep\n|\n|t:|1776555847\n|switch|p2b: Excadrill|Excadrill, L50, F|100/100\n|turn|2\n|inactive|SleepyBadGirl has 30 seconds left.\n|\n|t:|1776555877\n|switch|p1a: Incineroar|Incineroar, L50, F|100/100\n|-ability|p1a: Incineroar|Intimidate|boost\n|-unboost|p2a: Tyranitar|atk|1\n|-unboost|p2b: Excadrill|atk|1\n|switch|p2a: Sinistcha|Sinistcha, L50|100/100\n|detailschange|p1b: Greninja|Greninja-Mega, L50, F\n|-mega|p1b: Greninja|Greninja|Greninjite\n|move|p2b: Excadrill|Earthquake|p1b: Greninja|[spread] p2a,p1a,p1b\n|-resisted|p2a: Sinistcha|1\n|-supereffective|p1a: Incineroar|1\n|-enditem|p1a: Incineroar|Shuca Berry|[eat]\n|-enditem|p1a: Incineroar|Shuca Berry|[weaken]\n|-damage|p2a: Sinistcha|91/100\n|-damage|p1a: Incineroar|79/100\n|-damage|p1b: Greninja|40/100\n|move|p1b: Greninja|Hydro Pump|p2b: Excadrill\n|-start|p1b: Greninja|typechange|Water|[from] ability: Protean\n|-supereffective|p2b: Excadrill|1\n|-enditem|p2b: Excadrill|Focus Sash\n|-damage|p2b: Excadrill|1/100\n|\n|-weather|Sandstorm|[upkeep]\n|-damage|p1b: Greninja|34/100|[from] Sandstorm\n|-damage|p2a: Sinistcha|85/100|[from] Sandstorm\n|-damage|p1a: Incineroar|73/100|[from] Sandstorm\n|upkeep\n|turn|3\n|inactive|SleepyBadGirl has 30 seconds left.\n|inactive|AWOLxSick has 30 seconds left.\n|\n|t:|1776555911\n|switch|p1a: Sinistcha|Sinistcha, L50|100/100\n|-heal|p1b: Greninja|59/100|[from] ability: Hospitality|[of] p1a: Sinistcha\n|move|p2b: Excadrill|Protect|p2b: Excadrill\n|-singleturn|p2b: Excadrill|Protect\n|move|p1b: Greninja|Ice Beam|p2a: Sinistcha\n|-supereffective|p2a: Sinistcha|1\n|-damage|p2a: Sinistcha|4/100\n|-enditem|p2a: Sinistcha|Sitrus Berry|[eat]\n|-heal|p2a: Sinistcha|29/100|[from] item: Sitrus Berry\n|move|p2a: Sinistcha|Matcha Gotcha|p1a: Sinistcha|[spread] p1a,p1b\n|-resisted|p1a: Sinistcha|1\n|-supereffective|p1b: Greninja|1\n|-damage|p1a: Sinistcha|89/100\n|-heal|p2a: Sinistcha|36/100|[from] drain|[of] p1a: Sinistcha\n|-damage|p1b: Greninja|0 fnt\n|-heal|p2a: Sinistcha|62/100|[from] drain|[of] p1b: Greninja\n|faint|p1b: Greninja\n|\n|-weather|Sandstorm|[upkeep]\n|-damage|p2a: Sinistcha|55/100|[from] Sandstorm\n|-damage|p1a: Sinistcha|83/100|[from] Sandstorm\n|-heal|p1a: Sinistcha|89/100|[from] item: Leftovers\n|upkeep\n|\n|t:|1776555929\n|switch|p1b: Incineroar|Incineroar, L50, F|73/100\n|-ability|p1b: Incineroar|Intimidate|boost\n|-unboost|p2a: Sinistcha|atk|1\n|-unboost|p2b: Excadrill|atk|1\n|turn|4\n|\n|t:|1776555946\n|switch|p2b: Tyranitar|Tyranitar, L50, F|100/100\n|move|p2a: Sinistcha|Life Dew||[still]|[spread] p2a,p2b\n|-heal|p2a: Sinistcha|80/100\n|-fail|p2b: Tyranitar|heal\n|move|p1a: Sinistcha|Matcha Gotcha|p2b: Tyranitar|[spread] p2a,p2b\n|-resisted|p2a: Sinistcha|1\n|-crit|p2a: Sinistcha\n|-supereffective|p2b: Tyranitar|1\n|-damage|p2a: Sinistcha|57/100\n|-heal|p1a: Sinistcha|100/100|[from] drain|[of] p2a: Sinistcha\n|-damage|p2b: Tyranitar|70/100\n|move|p1b: Incineroar|Parting Shot|p2b: Tyranitar\n|-unboost|p2b: Tyranitar|atk|1\n|-unboost|p2b: Tyranitar|spa|1\n|\n|t:|1776555960\n|switch|p1b: Raichu|Raichu, L50, F|74/100|[from] Parting Shot\n|\n|-weather|Sandstorm|[upkeep]\n|-damage|p1b: Raichu|68/100|[from] Sandstorm\n|-damage|p2a: Sinistcha|51/100|[from] Sandstorm\n|-damage|p1a: Sinistcha|94/100|[from] Sandstorm\n|-heal|p1a: Sinistcha|100/100|[from] item: Leftovers\n|upkeep\n|turn|5\n|\n|t:|1776555978\n|move|p2b: Tyranitar|Protect|p2b: Tyranitar\n|-singleturn|p2b: Tyranitar|Protect\n|move|p1b: Raichu|Fake Out|p2b: Tyranitar\n|-activate|p2b: Tyranitar|move: Protect\n|move|p2a: Sinistcha|Matcha Gotcha|p1a: Sinistcha|[spread] p1a\n|-miss|p2a: Sinistcha|p1b: Raichu\n|-resisted|p1a: Sinistcha|1\n|-damage|p1a: Sinistcha|89/100\n|-heal|p2a: Sinistcha|56/100|[from] drain|[of] p1a: Sinistcha\n|move|p1a: Sinistcha|Matcha Gotcha|p2a: Sinistcha|[spread] p2a\n|-activate|p2b: Tyranitar|move: Protect\n|-resisted|p2a: Sinistcha|1\n|-damage|p2a: Sinistcha|41/100\n|-heal|p1a: Sinistcha|97/100|[from] drain|[of] p2a: Sinistcha\n|-status|p2a: Sinistcha|brn\n|\n|-weather|none\n|-heal|p1a: Sinistcha|100/100|[from] item: Leftovers\n|-damage|p2a: Sinistcha|35/100 brn|[from] brn\n|upkeep\n|turn|6\n|inactive|AWOLxSick has 30 seconds left.\n|\n|t:|1776556011\n|detailschange|p2b: Tyranitar|Tyranitar-Mega, L50, F\n|-mega|p2b: Tyranitar|Tyranitar|Tyranitarite\n|-weather|Sandstorm|[from] ability: Sand Stream|[of] p2b: Tyranitar\n|move|p1b: Raichu|Encore|p2b: Tyranitar\n|-start|p2b: Tyranitar|Encore\n|move|p2b: Tyranitar|Protect|p2b: Tyranitar\n|-singleturn|p2b: Tyranitar|Protect\n|move|p2a: Sinistcha|Life Dew|p2a: Sinistcha|[spread] p2a,p2b\n|-heal|p2a: Sinistcha|60/100 brn\n|-heal|p2b: Tyranitar|96/100\n|move|p1a: Sinistcha|Matcha Gotcha|p2b: Tyranitar|[spread] p2a\n|-activate|p2b: Tyranitar|move: Protect\n|-resisted|p2a: Sinistcha|1\n|-damage|p2a: Sinistcha|46/100 brn\n|\n|-weather|Sandstorm|[upkeep]\n|-damage|p1b: Raichu|62/100|[from] Sandstorm\n|-damage|p2a: Sinistcha|39/100 brn|[from] Sandstorm\n|-damage|p1a: Sinistcha|94/100|[from] Sandstorm\n|-heal|p1a: Sinistcha|100/100|[from] item: Leftovers\n|-damage|p2a: Sinistcha|33/100 brn|[from] brn\n|upkeep\n|turn|7\n|inactive|AWOLxSick has 30 seconds left.\n|\n|t:|1776556036\n|switch|p2b: Excadrill|Excadrill, L50, F|1/100\n|move|p1b: Raichu|Volt Switch|p2a: Sinistcha\n|-resisted|p2a: Sinistcha|1\n|-damage|p2a: Sinistcha|17/100 brn\n|\n|t:|1776556041\n|switch|p1b: Incineroar|Incineroar, L50, F|73/100|[from] Volt Switch\n|-ability|p1b: Incineroar|Intimidate|boost\n|-unboost|p2a: Sinistcha|atk|1\n|-unboost|p2b: Excadrill|atk|1\n|move|p2a: Sinistcha|Life Dew|p2a: Sinistcha|[spread] p2a,p2b\n|-heal|p2a: Sinistcha|42/100 brn\n|-heal|p2b: Excadrill|26/100\n|move|p1a: Sinistcha|Matcha Gotcha|p2b: Excadrill|[spread] p2a,p2b\n|-resisted|p2a: Sinistcha|1\n|-damage|p2a: Sinistcha|28/100 brn\n|-damage|p2b: Excadrill|0 fnt\n|faint|p2b: Excadrill\n|\n|-weather|Sandstorm|[upkeep]\n|-damage|p2a: Sinistcha|22/100 brn|[from] Sandstorm\n|-damage|p1a: Sinistcha|94/100|[from] Sandstorm\n|-damage|p1b: Incineroar|67/100|[from] Sandstorm\n|-heal|p1a: Sinistcha|100/100|[from] item: Leftovers\n|-damage|p2a: Sinistcha|16/100 brn|[from] brn\n|upkeep\n|\n|t:|1776556056\n|switch|p2b: Tyranitar|Tyranitar-Mega, L50, F|96/100\n|turn|8\n|\n|t:|1776556069\n|switch|p1a: Raichu|Raichu, L50, F|62/100\n|move|p2b: Tyranitar|Protect|p2b: Tyranitar\n|-singleturn|p2b: Tyranitar|Protect\n|move|p1b: Incineroar|Fake Out|p2b: Tyranitar\n|-activate|p2b: Tyranitar|move: Protect\n|move|p2a: Sinistcha|Life Dew|p2a: Sinistcha|[spread] p2a,p2b\n|-heal|p2a: Sinistcha|41/100 brn\n|-heal|p2b: Tyranitar|100/100\n|\n|-weather|Sandstorm|[upkeep]\n|-damage|p1a: Raichu|56/100|[from] Sandstorm\n|-damage|p2a: Sinistcha|34/100 brn|[from] Sandstorm\n|-damage|p1b: Incineroar|61/100|[from] Sandstorm\n|-damage|p2a: Sinistcha|28/100 brn|[from] brn\n|upkeep\n|turn|9\n|inactive|AWOLxSick has 30 seconds left.\n|\n|t:|1776556097\n|switch|p1b: Sinistcha|Sinistcha, L50|100/100\n|-heal|p1a: Raichu|80/100|[from] ability: Hospitality|[of] p1b: Sinistcha\n|move|p2a: Sinistcha|Rage Powder|p2a: Sinistcha\n|-singleturn|p2a: Sinistcha|move: Rage Powder\n|move|p1a: Raichu|Volt Switch|p2a: Sinistcha\n|-resisted|p2a: Sinistcha|1\n|-damage|p2a: Sinistcha|13/100 brn\n|\n|t:|1776556105\n|switch|p1a: Incineroar|Incineroar, L50, F|61/100|[from] Volt Switch\n|-ability|p1a: Incineroar|Intimidate|boost\n|-unboost|p2a: Sinistcha|atk|1\n|-unboost|p2b: Tyranitar|atk|1\n|move|p2b: Tyranitar|Rock Slide|p1b: Sinistcha|[spread] p1a,p1b\n|-supereffective|p1a: Incineroar|1\n|-damage|p1a: Incineroar|25/100\n|-damage|p1b: Sinistcha|76/100\n|\n|-weather|Sandstorm|[upkeep]\n|-damage|p2a: Sinistcha|7/100 brn|[from] Sandstorm\n|-damage|p1b: Sinistcha|70/100|[from] Sandstorm\n|-damage|p1a: Incineroar|19/100|[from] Sandstorm\n|-heal|p1b: Sinistcha|76/100|[from] item: Leftovers\n|-damage|p2a: Sinistcha|0 fnt|[from] brn\n|faint|p2a: Sinistcha\n|upkeep\n|turn|10\n|\n|t:|1776556126\n|move|p1a: Incineroar|Fake Out|p2b: Tyranitar\n|-resisted|p2b: Tyranitar|1\n|-damage|p2b: Tyranitar|97/100\n|cant|p2b: Tyranitar|flinch\n|move|p1b: Sinistcha|Matcha Gotcha|p2b: Tyranitar\n|-supereffective|p2b: Tyranitar|1\n|-damage|p2b: Tyranitar|58/100\n|-heal|p1b: Sinistcha|97/100|[from] drain|[of] p2b: Tyranitar\n|\n|-weather|none\n|-heal|p1b: Sinistcha|100/100|[from] item: Leftovers\n|upkeep\n|turn|11\n|\n|t:|1776556139\n|switch|p1a: Raichu|Raichu, L50, F|80/100\n|move|p2b: Tyranitar|Rock Slide|p1b: Sinistcha|[spread] p1a,p1b\n|-damage|p1a: Raichu|37/100\n|-damage|p1b: Sinistcha|79/100\n|-enditem|p1a: Raichu|Sitrus Berry|[eat]\n|-heal|p1a: Raichu|62/100|[from] item: Sitrus Berry\n|move|p1b: Sinistcha|Matcha Gotcha|p2b: Tyranitar\n|-supereffective|p2b: Tyranitar|1\n|-damage|p2b: Tyranitar|6/100\n|-heal|p1b: Sinistcha|100/100|[from] drain|[of] p2b: Tyranitar\n|\n|upkeep\n|turn|12\n|-message|AWOLxSick forfeited.\n|\n|win|SleepyBadGirl\n|raw|SleepyBadGirl's rating: 1383 &rarr; <strong>1399</strong><br />(+16 for winning)\n|raw|AWOLxSick's rating: 1310 &rarr; <strong>1294</strong><br />(-16 for losing)\n|l|\u2606AWOLxSick\n|player|p2|\n",
  "uploadtime": 1776556155,
  "views": 18,
  "formatid": "gen9championsvgc2026regma",
  "rating": 1294,
  "private": 0,
  "password": null
}