{
  "id": "gen9championsvgc2026regma-2580875937",
  "format": "[Gen 9 Champions] VGC 2026 Reg M-A",
  "players": [
    "Lackofsanity",
    "THEPOKEMONMASTAELI"
  ],
  "log": "|j|\u2606Lackofsanity\n|j|\u2606THEPOKEMONMASTAELI\n|t:|1775939710\n|gametype|doubles\n|player|p1|Lackofsanity|ghetsis|1113\n|player|p2|THEPOKEMONMASTAELI|169|1029\n|gen|9\n|tier|[Gen 9 Champions] VGC 2026 Reg M-A\n|rated|\n|rule|Species Clause: Limit one of each Pok\u00e9mon\n|rule|Item Clause: Limit 1 of each item\n|clearpoke\n|poke|p1|Tyranitar, L50, F|\n|poke|p1|Garchomp, L50, M|\n|poke|p1|Sinistcha, L50|\n|poke|p1|Farigiraf, L50, M|\n|poke|p1|Incineroar, L50, M|\n|poke|p1|Clefable, L50, M|\n|poke|p2|Incineroar, L50, F|\n|poke|p2|Gengar, L50, M|\n|poke|p2|Sinistcha, L50|\n|poke|p2|Kingambit, L50, M|\n|poke|p2|Tyranitar, L50, M|\n|poke|p2|Kommo-o, L50, F|\n|teampreview|4\n|\n|t:|1775939732\n|teamsize|p1|4\n|teamsize|p2|4\n|start\n|switch|p1a: Incineroar|Incineroar, L50, M|100/100\n|switch|p1b: Tyranitar|Tyranitar, L50, F|100/100\n|switch|p2a: Incineroar|Incineroar, L50, F, shiny|100/100\n|switch|p2b: Gengar|Gengar, L50, M|100/100\n|-weather|Sandstorm|[from] ability: Sand Stream|[of] p1b: Tyranitar\n|-ability|p2a: Incineroar|Intimidate|boost\n|-unboost|p1a: Incineroar|atk|1\n|-unboost|p1b: Tyranitar|atk|1\n|-ability|p1a: Incineroar|Intimidate|boost\n|-unboost|p2a: Incineroar|atk|1\n|-unboost|p2b: Gengar|atk|1\n|turn|1\n|\n|t:|1775939753\n|detailschange|p2b: Gengar|Gengar-Mega, L50, M\n|-mega|p2b: Gengar|Gengar|Gengarite\n|detailschange|p1b: Tyranitar|Tyranitar-Mega, L50, F\n|-mega|p1b: Tyranitar|Tyranitar|Tyranitarite\n|move|p2a: Incineroar|Fake Out|p1b: Tyranitar\n|-resisted|p1b: Tyranitar|1\n|-crit|p1b: Tyranitar\n|-damage|p1b: Tyranitar|95/100\n|move|p1a: Incineroar|Fake Out|p2a: Incineroar\n|-damage|p2a: Incineroar|92/100\n|move|p2b: Gengar|Perish Song|p2b: Gengar\n|-start|p1a: Incineroar|perish3|[silent]\n|-start|p1b: Tyranitar|perish3|[silent]\n|-start|p2a: Incineroar|perish3|[silent]\n|-start|p2b: Gengar|perish3|[silent]\n|-fieldactivate|move: Perish Song\n|cant|p1b: Tyranitar|flinch\n|\n|-weather|Sandstorm|[upkeep]\n|-damage|p2b: Gengar|95/100|[from] Sandstorm\n|-damage|p2a: Incineroar|86/100|[from] Sandstorm\n|-damage|p1a: Incineroar|95/100|[from] Sandstorm\n|-start|p2b: Gengar|perish3\n|-start|p1b: Tyranitar|perish3\n|-start|p2a: Incineroar|perish3\n|-start|p1a: Incineroar|perish3\n|upkeep\n|turn|2\n|\n|t:|1775939783\n|move|p2b: Gengar|Protect|p2b: Gengar\n|-singleturn|p2b: Gengar|Protect\n|move|p1b: Tyranitar|Protect|p1b: Tyranitar\n|-singleturn|p1b: Tyranitar|Protect\n|move|p2a: Incineroar|Protect|p2a: Incineroar\n|-singleturn|p2a: Incineroar|Protect\n|move|p1a: Incineroar|Parting Shot|p2a: Incineroar\n|-activate|p2a: Incineroar|move: Protect\n|\n|-weather|Sandstorm|[upkeep]\n|-damage|p2b: Gengar|89/100|[from] Sandstorm\n|-damage|p2a: Incineroar|80/100|[from] Sandstorm\n|-damage|p1a: Incineroar|89/100|[from] Sandstorm\n|-start|p2b: Gengar|perish2\n|-start|p1b: Tyranitar|perish2\n|-start|p2a: Incineroar|perish2\n|-start|p1a: Incineroar|perish2\n|upkeep\n|turn|3\n|\n|t:|1775939809\n|move|p2b: Gengar|Substitute|p2b: Gengar\n|-start|p2b: Gengar|Substitute\n|-damage|p2b: Gengar|64/100\n|move|p1b: Tyranitar|Knock Off|p2b: Gengar\n|-supereffective|p2b: Gengar|1\n|-end|p2b: Gengar|Substitute\n|move|p2a: Incineroar|Parting Shot|p1a: Incineroar\n|-unboost|p1a: Incineroar|atk|1\n|-unboost|p1a: Incineroar|spa|1\n|\n|t:|1775939832\n|switch|p2a: Tyranitar|Tyranitar, L50, M, shiny|100/100|[from] Parting Shot\n|move|p1a: Incineroar|Flare Blitz|p2b: Gengar\n|-damage|p2b: Gengar|23/100\n|-damage|p1a: Incineroar|77/100|[from] Recoil\n|\n|-weather|Sandstorm|[upkeep]\n|-damage|p2b: Gengar|17/100|[from] Sandstorm\n|-damage|p1a: Incineroar|71/100|[from] Sandstorm\n|-start|p2b: Gengar|perish1\n|-start|p1b: Tyranitar|perish1\n|-start|p1a: Incineroar|perish1\n|upkeep\n|turn|4\n|\n|t:|1775939855\n|switch|p2b: Incineroar|Incineroar, L50, F, shiny|80/100\n|-ability|p2b: Incineroar|Intimidate|boost\n|-unboost|p1a: Incineroar|atk|1\n|-unboost|p1b: Tyranitar|atk|1\n|move|p2a: Tyranitar|Low Kick|p1b: Tyranitar\n|-supereffective|p1b: Tyranitar|2\n|-damage|p1b: Tyranitar|0 fnt\n|faint|p1b: Tyranitar\n|move|p1a: Incineroar|Parting Shot|p2a: Tyranitar\n|-unboost|p2a: Tyranitar|atk|1\n|-unboost|p2a: Tyranitar|spa|1\n|\n|t:|1775939869\n|switch|p1a: Clefable|Clefable, L50, M|100/100|[from] Parting Shot\n|\n|-weather|Sandstorm|[upkeep]\n|-damage|p2b: Incineroar|74/100|[from] Sandstorm\n|upkeep\n|\n|t:|1775939875\n|switch|p1b: Incineroar|Incineroar, L50, M|71/100\n|-ability|p1b: Incineroar|Intimidate|boost\n|-unboost|p2a: Tyranitar|atk|1\n|-unboost|p2b: Incineroar|atk|1\n|turn|5\n|\n|t:|1775939887\n|switch|p2a: Kommo-o|Kommo-o, L50, F, shiny|100/100\n|move|p2b: Incineroar|Fake Out|p1b: Incineroar\n|-crit|p1b: Incineroar\n|-damage|p1b: Incineroar|55/100\n|cant|p1b: Incineroar|flinch\n|move|p1a: Clefable|Dazzling Gleam|p2a: Kommo-o|[spread] p2a,p2b\n|-supereffective|p2a: Kommo-o|2\n|-damage|p2a: Kommo-o|15/100\n|-damage|p2b: Incineroar|58/100\n|\n|-weather|none\n|-heal|p2a: Kommo-o|21/100|[from] item: Leftovers\n|upkeep\n|turn|6\n|\n|t:|1775939915\n|move|p2a: Kommo-o|Aura Sphere|p1b: Incineroar\n|-supereffective|p1b: Incineroar|1\n|-damage|p1b: Incineroar|0 fnt\n|faint|p1b: Incineroar\n|move|p2b: Incineroar|Throat Chop|p1a: Clefable\n|-resisted|p1a: Clefable|1\n|-damage|p1a: Clefable|92/100\n|-start|p1a: Clefable|Throat Chop|[silent]\n|move|p1a: Clefable|Dazzling Gleam|p2a: Kommo-o|[spread] p2a,p2b\n|-supereffective|p2a: Kommo-o|2\n|-damage|p2a: Kommo-o|0 fnt\n|-damage|p2b: Incineroar|43/100\n|faint|p2a: Kommo-o\n|\n|-heal|p1a: Clefable|98/100|[from] item: Leftovers\n|upkeep\n|\n|t:|1775939930\n|switch|p2a: Gengar|Gengar-Mega, L50, M|17/100\n|switch|p1b: Farigiraf|Farigiraf, L50, M|100/100\n|turn|7\n|\n|t:|1775939947\n|move|p2a: Gengar|Perish Song|p2a: Gengar\n|-start|p1a: Clefable|perish3|[silent]\n|-start|p1b: Farigiraf|perish3|[silent]\n|-start|p2a: Gengar|perish3|[silent]\n|-start|p2b: Incineroar|perish3|[silent]\n|-fieldactivate|move: Perish Song\n|move|p2b: Incineroar|Throat Chop|p1b: Farigiraf\n|-supereffective|p1b: Farigiraf|1\n|-damage|p1b: Farigiraf|54/100\n|-start|p1b: Farigiraf|Throat Chop|[silent]\n|move|p1a: Clefable|Dazzling Gleam|p2a: Gengar|[spread] p2a,p2b\n|-resisted|p2a: Gengar|1\n|-damage|p2a: Gengar|5/100\n|-damage|p2b: Incineroar|30/100\n|move|p1b: Farigiraf|Trick Room|p1b: Farigiraf\n|-fieldstart|move: Trick Room|[of] p1b: Farigiraf\n|\n|-heal|p1a: Clefable|100/100|[from] item: Leftovers\n|-end|p1a: Clefable|Throat Chop|[silent]\n|-start|p1a: Clefable|perish3\n|-start|p1b: Farigiraf|perish3\n|-start|p2b: Incineroar|perish3\n|-start|p2a: Gengar|perish3\n|upkeep\n|turn|8\n|\n|t:|1775939971\n|move|p1b: Farigiraf|Protect|p1b: Farigiraf\n|-singleturn|p1b: Farigiraf|Protect\n|move|p2b: Incineroar|Protect|p2b: Incineroar\n|-singleturn|p2b: Incineroar|Protect\n|move|p2a: Gengar|Protect|p2a: Gengar\n|-singleturn|p2a: Gengar|Protect\n|move|p1a: Clefable|Dazzling Gleam|p2b: Incineroar|[spread] \n|-activate|p2a: Gengar|move: Protect\n|-activate|p2b: Incineroar|move: Protect\n|\n|-end|p1b: Farigiraf|Throat Chop|[silent]\n|-start|p1b: Farigiraf|perish2\n|-start|p1a: Clefable|perish2\n|-start|p2b: Incineroar|perish2\n|-start|p2a: Gengar|perish2\n|upkeep\n|turn|9\n|\n|t:|1775940003\n|move|p2a: Gengar|Protect||[still]\n|-fail|p2a: Gengar\n|move|p1a: Clefable|Dazzling Gleam|p2a: Gengar|[spread] p2a,p2b\n|-resisted|p2a: Gengar|1\n|-crit|p2b: Incineroar\n|-damage|p2a: Gengar|0 fnt\n|-damage|p2b: Incineroar|7/100\n|faint|p2a: Gengar\n|move|p1b: Farigiraf|Hyper Voice|p2b: Incineroar\n|-crit|p2b: Incineroar\n|-damage|p2b: Incineroar|0 fnt\n|faint|p2b: Incineroar\n|\n|-start|p1b: Farigiraf|perish1\n|-start|p1a: Clefable|perish1\n|upkeep\n|\n|t:|1775940019\n|switch|p2b: Tyranitar|Tyranitar, L50, M, shiny|100/100\n|-weather|Sandstorm|[from] ability: Sand Stream|[of] p2b: Tyranitar\n|turn|10\n|\n|t:|1775940033\n|move|p1b: Farigiraf|Hyper Voice|p2b: Tyranitar\n|-resisted|p2b: Tyranitar|1\n|-damage|p2b: Tyranitar|86/100\n|move|p1a: Clefable|Dazzling Gleam|p2b: Tyranitar\n|-supereffective|p2b: Tyranitar|1\n|-damage|p2b: Tyranitar|47/100\n|move|p2b: Tyranitar|Rock Slide|p1a: Clefable|[spread] p1a,p1b\n|-damage|p1a: Clefable|78/100\n|-damage|p1b: Farigiraf|22/100\n|\n|-weather|Sandstorm|[upkeep]\n|-damage|p1b: Farigiraf|15/100|[from] Sandstorm\n|-heal|p1a: Clefable|84/100|[from] item: Leftovers\n|-start|p1b: Farigiraf|perish0\n|-start|p1a: Clefable|perish0\n|faint|p1b: Farigiraf\n|faint|p1a: Clefable\n|\n|win|THEPOKEMONMASTAELI\n|raw|Lackofsanity's rating: 1113 &rarr; <strong>1082</strong><br />(-31 for losing)\n|raw|THEPOKEMONMASTAELI's rating: 1029 &rarr; <strong>1073</strong><br />(+44 for winning)\n|l|\u2606THEPOKEMONMASTAELI\n|player|p2|\n",
  "uploadtime": 1775940055,
  "views": 18,
  "formatid": "gen9championsvgc2026regma",
  "rating": 1073,
  "private": 0,
  "password": null
}