{
  "id": "gen9championsvgc2026regma-2588518712",
  "format": "[Gen 9 Champions] VGC 2026 Reg M-A",
  "players": [
    "jackoftrade08",
    "aroswing"
  ],
  "log": "|j|\u2606jackoftrade08\n|j|\u2606aroswing\n|t:|1776640968\n|gametype|doubles\n|player|p1|jackoftrade08|170|1238\n|player|p2|aroswing|marnie|1327\n|gen|9\n|tier|[Gen 9 Champions] VGC 2026 Reg M-A\n|rated|\n|rule|Species Clause: Limit one of each Pok\u00e9mon\n|rule|Item Clause: Limit 1 of each item\n|clearpoke\n|poke|p1|Venusaur, L50, M|\n|poke|p1|Farigiraf, L50, F|\n|poke|p1|Kingambit, L50, F|\n|poke|p1|Sylveon, L50, F|\n|poke|p1|Torkoal, L50, M|\n|poke|p1|Rhyperior, L50, M|\n|poke|p2|Rotom-Wash, L50, shiny|\n|poke|p2|Aerodactyl, L50, M|\n|poke|p2|Gardevoir, L50, F, shiny|\n|poke|p2|Garchomp, L50, F|\n|poke|p2|Gallade, L50, M|\n|poke|p2|Floette-Eternal, L50, F|\n|teampreview|4\n|inactive|Battle timer is ON: inactive players will automatically lose when time's up. (requested by aroswing)\n|inactive|aroswing has 60 seconds left.\n|\n|t:|1776641002\n|teamsize|p1|4\n|teamsize|p2|4\n|start\n|switch|p1a: Farigiraf|Farigiraf, L50, F|100/100\n|switch|p1b: Rhyperior|Rhyperior, L50, M|100/100\n|switch|p2a: Floette|Floette-Eternal, L50, F|100/100\n|switch|p2b: Gardevoir|Gardevoir, L50, F, shiny|100/100\n|turn|1\n|\n|t:|1776641023\n|detailschange|p2a: Floette|Floette-Mega, L50, F\n|-mega|p2a: Floette|Floette|Floettite\n|-ability|p2a: Floette|Fairy Aura\n|move|p2b: Gardevoir|Dazzling Gleam|p1b: Rhyperior|[spread] p1a,p1b\n|-damage|p1a: Farigiraf|70/100\n|-damage|p1b: Rhyperior|52/100\n|move|p2a: Floette|Moonblast|p1a: Farigiraf\n|-damage|p1a: Farigiraf|10/100\n|move|p1b: Rhyperior|Rock Slide|p2b: Gardevoir|[spread] p2a\n|-miss|p1b: Rhyperior|p2b: Gardevoir\n|-damage|p2a: Floette|61/100\n|move|p1a: Farigiraf|Trick Room|p1a: Farigiraf\n|-fieldstart|move: Trick Room|[of] p1a: Farigiraf\n|\n|upkeep\n|turn|2\n|inactive|jackoftrade08 has 30 seconds left.\n|\n|t:|1776641049\n|move|p2a: Floette|Protect|p2a: Floette\n|-singleturn|p2a: Floette|Protect\n|move|p1b: Rhyperior|Rock Slide|p2a: Floette|[spread] p2b\n|-activate|p2a: Floette|move: Protect\n|-damage|p2b: Gardevoir|38/100\n|move|p1a: Farigiraf|Hyper Voice|p2a: Floette|[spread] p2b\n|-activate|p2a: Floette|move: Protect\n|-damage|p2b: Gardevoir|9/100\n|move|p2b: Gardevoir|Dazzling Gleam|p1b: Rhyperior|[spread] p1a,p1b\n|-damage|p1a: Farigiraf|0 fnt\n|-damage|p1b: Rhyperior|1/100\n|-enditem|p1b: Rhyperior|Sitrus Berry|[eat]\n|-heal|p1b: Rhyperior|26/100|[from] item: Sitrus Berry\n|faint|p1a: Farigiraf\n|\n|upkeep\n|\n|t:|1776641053\n|switch|p1a: Venusaur|Venusaur, L50, M|100/100\n|turn|3\n|\n|t:|1776641071\n|switch|p2a: Rotom|Rotom-Wash, L50, shiny|100/100\n|detailschange|p1a: Venusaur|Venusaur-Mega, L50, M\n|-mega|p1a: Venusaur|Venusaur|Venusaurite\n|move|p1b: Rhyperior|Rock Slide|p2b: Gardevoir|[spread] p2a\n|-miss|p1b: Rhyperior|p2b: Gardevoir\n|-damage|p2a: Rotom|62/100\n|move|p1a: Venusaur|Sludge Bomb|p2a: Rotom\n|-damage|p2a: Rotom|15/100\n|-status|p2a: Rotom|psn\n|-enditem|p2a: Rotom|Sitrus Berry|[eat]\n|-heal|p2a: Rotom|40/100 psn|[from] item: Sitrus Berry\n|move|p2b: Gardevoir|Dazzling Gleam|p1a: Venusaur|[spread] p1a,p1b\n|-resisted|p1a: Venusaur|1\n|-crit|p1b: Rhyperior\n|-damage|p1a: Venusaur|90/100\n|-damage|p1b: Rhyperior|0 fnt\n|faint|p1b: Rhyperior\n|\n|-damage|p2a: Rotom|28/100 psn|[from] psn\n|upkeep\n|\n|t:|1776641080\n|switch|p1b: Sylveon|Sylveon, L50, F|100/100\n|turn|4\n|\n|t:|1776641093\n|move|p2a: Rotom|Protect|p2a: Rotom\n|-singleturn|p2a: Rotom|Protect\n|move|p1b: Sylveon|Hyper Voice|p2b: Gardevoir|[spread] p2b\n|-activate|p2a: Rotom|move: Protect\n|-damage|p2b: Gardevoir|0 fnt\n|faint|p2b: Gardevoir\n|move|p1a: Venusaur|Giga Drain|p2a: Rotom\n|-activate|p2a: Rotom|move: Protect\n|\n|-damage|p2a: Rotom|16/100 psn|[from] psn\n|upkeep\n|\n|t:|1776641117\n|switch|p2b: Floette|Floette-Mega, L50, F|61/100\n|-ability|p2b: Floette|Fairy Aura\n|turn|5\n|\n|t:|1776641127\n|move|p2b: Floette|Protect|p2b: Floette\n|-singleturn|p2b: Floette|Protect\n|move|p1b: Sylveon|Hyper Voice|p2a: Rotom|[spread] p2a\n|-activate|p2b: Floette|move: Protect\n|-damage|p2a: Rotom|0 fnt\n|faint|p2a: Rotom\n|move|p1a: Venusaur|Sludge Bomb|p2b: Floette\n|-activate|p2b: Floette|move: Protect\n|\n|-fieldend|move: Trick Room\n|upkeep\n|\n|t:|1776641136\n|switch|p2a: Gallade|Gallade, L50, M|100/100\n|turn|6\n|\n|t:|1776641150\n|move|p2b: Floette|Draining Kiss|p1b: Sylveon\n|-damage|p1b: Sylveon|75/100\n|-heal|p2b: Floette|82/100|[from] drain|[of] p1b: Sylveon\n|move|p2a: Gallade|Psycho Cut|p1b: Sylveon\n|-damage|p1b: Sylveon|3/100\n|move|p1a: Venusaur|Sludge Bomb|p2b: Floette\n|-supereffective|p2b: Floette|1\n|-damage|p2b: Floette|15/100\n|move|p1b: Sylveon|Hyper Voice|p2b: Floette|[spread] p2a,p2b\n|-supereffective|p2a: Gallade|1\n|-damage|p2a: Gallade|0 fnt\n|-damage|p2b: Floette|0 fnt\n|faint|p2a: Gallade\n|faint|p2b: Floette\n|\n|win|jackoftrade08\n|raw|jackoftrade08's rating: 1238 &rarr; <strong>1269</strong><br />(+31 for winning)\n|raw|aroswing's rating: 1327 &rarr; <strong>1302</strong><br />(-25 for losing)\n",
  "uploadtime": 1776641159,
  "views": 9,
  "formatid": "gen9championsvgc2026regma",
  "rating": 1269,
  "private": 0,
  "password": null
}