{
  "id": "gen9championsvgc2026regma-2584920558",
  "format": "[Gen 9 Champions] VGC 2026 Reg M-A",
  "players": [
    "waytoospeshal",
    "snowbeast138"
  ],
  "log": "|j|\u2606waytoospeshal\n|j|\u2606snowbeast138\n|t:|1776294636\n|gametype|doubles\n|player|p1|waytoospeshal|gladion|1072\n|player|p2|snowbeast138|169|1088\n|gen|9\n|tier|[Gen 9 Champions] VGC 2026 Reg M-A\n|rated|\n|rule|Species Clause: Limit one of each Pok\u00e9mon\n|rule|Item Clause: Limit 1 of each item\n|clearpoke\n|poke|p1|Aerodactyl, L50, F|\n|poke|p1|Medicham, L50, M|\n|poke|p1|Gallade, L50, M|\n|poke|p1|Sinistcha, L50|\n|poke|p1|Dragapult, L50, M|\n|poke|p1|Basculegion, L50, M|\n|poke|p2|Dragonite, L50, F|\n|poke|p2|Incineroar, L50, M|\n|poke|p2|Gyarados, L50, M|\n|poke|p2|Rotom-Wash, L50|\n|poke|p2|Politoed, L50, M|\n|poke|p2|Milotic, L50, M|\n|teampreview|4\n|c|\u2606waytoospeshal|glhf\nwaytoospeshal rejected open team sheets.\n|c|\u2606snowbeast138|glhf\n|inactive|Battle timer is ON: inactive players will automatically lose when time's up. (requested by waytoospeshal)\n|\n|t:|1776294678\n|teamsize|p1|4\n|teamsize|p2|4\n|start\n|switch|p1a: Dragapult|Dragapult, L50, M|100/100\n|switch|p1b: Medicham|Medicham, L50, M|100/100\n|switch|p2a: Rotom|Rotom-Wash, L50|100/100\n|switch|p2b: Politoed|Politoed, L50, M|100/100\n|-weather|RainDance|[from] ability: Drizzle|[of] p2b: Politoed\n|turn|1\n|\n|t:|1776294693\n|move|p1b: Medicham|Skill Swap|p1a: Dragapult\n|-activate|p1b: Medicham|Skill Swap|||[of] p1a: Dragapult\n|move|p1a: Dragapult|Dragon Darts|p2b: Politoed\n|-damage|p2b: Politoed|33/100\n|-enditem|p2b: Politoed|Sitrus Berry|[eat]\n|-heal|p2b: Politoed|58/100|[from] item: Sitrus Berry\n|-anim|p1a: Dragapult|Dragon Darts|p2a: Rotom\n|-damage|p2a: Rotom|33/100\n|move|p2a: Rotom|Will-O-Wisp|p1b: Medicham\n|-status|p1b: Medicham|brn\n|move|p2b: Politoed|Ice Beam|p1a: Dragapult\n|-supereffective|p1a: Dragapult|1\n|-damage|p1a: Dragapult|24/100\n|\n|-weather|RainDance|[upkeep]\n|-damage|p1b: Medicham|95/100 brn|[from] brn\n|upkeep\n|turn|2\n|inactive|waytoospeshal has 30 seconds left.\n|inactive|snowbeast138 has 30 seconds left.\n|\n|t:|1776294723\n|switch|p1b: Gallade|Gallade, L50, M|100/100\n|move|p1a: Dragapult|Protect|p1a: Dragapult\n|-singleturn|p1a: Dragapult|Protect\n|move|p2a: Rotom|Protect|p2a: Rotom\n|-singleturn|p2a: Rotom|Protect\n|move|p2b: Politoed|Ice Beam|p1a: Dragapult\n|-activate|p1a: Dragapult|move: Protect\n|\n|-weather|RainDance|[upkeep]\n|upkeep\n|turn|3\n|\n|t:|1776294738\n|move|p1b: Gallade|Helping Hand|p1a: Dragapult\n|-singleturn|p1a: Dragapult|Helping Hand|[of] p1b: Gallade\n|move|p1a: Dragapult|Dragon Darts|p2b: Politoed\n|-damage|p2b: Politoed|0 fnt\n|-anim|p1a: Dragapult|Dragon Darts|p2a: Rotom\n|-damage|p2a: Rotom|0 fnt\n|faint|p2b: Politoed\n|faint|p2a: Rotom\n|\n|-weather|RainDance|[upkeep]\n|upkeep\n|\n|t:|1776294747\n|switch|p2a: Dragonite|Dragonite, L50, F|100/100\n|switch|p2b: Milotic|Milotic, L50, M|100/100\n|turn|4\n|\n|t:|1776294758\n|detailschange|p2a: Dragonite|Dragonite-Mega, L50, F\n|-mega|p2a: Dragonite|Dragonite|Dragoninite\n|move|p1b: Gallade|Helping Hand|p1a: Dragapult\n|-singleturn|p1a: Dragapult|Helping Hand|[of] p1b: Gallade\n|move|p2a: Dragonite|Protect|p2a: Dragonite\n|-singleturn|p2a: Dragonite|Protect\n|move|p1a: Dragapult|Dragon Darts|p2b: Milotic\n|-damage|p2b: Milotic|0 fnt\n|faint|p2b: Milotic\n|\n|-weather|RainDance|[upkeep]\n|upkeep\n|turn|5\n|c|\u2606snowbeast138|nah gg\n|c|\u2606waytoospeshal|gg\n|\n|t:|1776294775\n|move|p1b: Gallade|Helping Hand|p1a: Dragapult\n|-singleturn|p1a: Dragapult|Helping Hand|[of] p1b: Gallade\n|move|p1a: Dragapult|Dragon Darts|p2a: Dragonite\n|-supereffective|p2a: Dragonite|1\n|-damage|p2a: Dragonite|14/100\n|-anim|p1a: Dragapult|Dragon Darts|p2a: Dragonite\n|-supereffective|p2a: Dragonite|1\n|-damage|p2a: Dragonite|0 fnt\n|faint|p2a: Dragonite\n|\n|win|waytoospeshal\n|raw|waytoospeshal's rating: 1072 &rarr; <strong>1103</strong><br />(+31 for winning)\n|raw|snowbeast138's rating: 1088 &rarr; <strong>1064</strong><br />(-24 for losing)\n",
  "uploadtime": 1776294777,
  "views": 18,
  "formatid": "gen9championsvgc2026regma",
  "rating": 1064,
  "private": 0,
  "password": null
}