{
  "id": "gen9championsvgc2026regma-2584048375",
  "format": "[Gen 9 Champions] VGC 2026 Reg M-A",
  "players": [
    "now we're boppin",
    "Tindall64"
  ],
  "log": "|j|\u2606now we're boppin\n|j|\u2606Tindall64\n|t:|1776220021\n|gametype|doubles\n|player|p1|now we're boppin|101|1392\n|player|p2|Tindall64|concordia|1367\n|gen|9\n|tier|[Gen 9 Champions] VGC 2026 Reg M-A\n|rated|\n|rule|Species Clause: Limit one of each Pok\u00e9mon\n|rule|Item Clause: Limit 1 of each item\n|clearpoke\n|poke|p1|Incineroar, L50, F|\n|poke|p1|Sinistcha-Masterpiece, L50|\n|poke|p1|Crabominable, L50, F|\n|poke|p1|Torkoal, L50, F|\n|poke|p1|Milotic, L50, F|\n|poke|p1|Slowking-Galar, L50, M|\n|poke|p2|Aerodactyl, L50, F|\n|poke|p2|Garchomp, L50, M|\n|poke|p2|Tyranitar, L50, M|\n|poke|p2|Corviknight, L50, F|\n|poke|p2|Rotom-Wash, L50|\n|poke|p2|Meganium, L50, M|\n|teampreview|4\n|\n|t:|1776220049\n|teamsize|p1|4\n|teamsize|p2|4\n|start\n|switch|p1a: Incineroar|Incineroar, L50, F|100/100\n|switch|p1b: Slowking|Slowking-Galar, L50, M|100/100\n|switch|p2a: Aerodactyl|Aerodactyl, L50, F|100/100\n|switch|p2b: Tyranitar|Tyranitar, L50, M|100/100\n|-ability|p2a: Aerodactyl|Unnerve\n|-weather|Sandstorm|[from] ability: Sand Stream|[of] p2b: Tyranitar\n|-ability|p1a: Incineroar|Intimidate|boost\n|-unboost|p2a: Aerodactyl|atk|1\n|-unboost|p2b: Tyranitar|atk|1\n|turn|1\n|j| Rainbow Chrome\n|\n|t:|1776220072\n|move|p1a: Incineroar|Fake Out|p2b: Tyranitar\n|-resisted|p2b: Tyranitar|1\n|-damage|p2b: Tyranitar|96/100\n|move|p2a: Aerodactyl|Rock Slide|p1a: Incineroar|[spread] p1a,p1b\n|-supereffective|p1a: Incineroar|1\n|-crit|p1b: Slowking\n|-damage|p1a: Incineroar|70/100\n|-damage|p1b: Slowking|63/100\n|cant|p2b: Tyranitar|flinch\n|cant|p1b: Slowking|flinch\n|\n|-weather|Sandstorm|[upkeep]\n|-damage|p1a: Incineroar|64/100|[from] Sandstorm\n|-damage|p1b: Slowking|57/100|[from] Sandstorm\n|upkeep\n|turn|2\n|j| Reign1997\n|\n|t:|1776220099\n|switch|p1b: Crabominable|Crabominable, L50, F|100/100\n|detailschange|p2b: Tyranitar|Tyranitar-Mega, L50, M\n|-mega|p2b: Tyranitar|Tyranitar|Tyranitarite\n|move|p2a: Aerodactyl|Rock Slide|p1a: Incineroar|[spread] p1a,p1b\n|-supereffective|p1a: Incineroar|1\n|-crit|p1b: Crabominable\n|-damage|p1a: Incineroar|31/100\n|-damage|p1b: Crabominable|60/100\n|move|p2b: Tyranitar|Knock Off|p1b: Crabominable\n|-resisted|p1b: Crabominable|1\n|-damage|p1b: Crabominable|44/100\n|move|p1a: Incineroar|Parting Shot|p2a: Aerodactyl\n|-unboost|p2a: Aerodactyl|atk|1\n|-unboost|p2a: Aerodactyl|spa|1\n|\n|t:|1776220110\n|switch|p1a: Slowking|Slowking-Galar, L50, M|91/100|[from] Parting Shot\n|\n|-weather|Sandstorm|[upkeep]\n|-damage|p1b: Crabominable|38/100|[from] Sandstorm\n|-damage|p1a: Slowking|85/100|[from] Sandstorm\n|upkeep\n|turn|3\n|\n|t:|1776220129\n|detailschange|p1b: Crabominable|Crabominable-Mega, L50, F\n|-mega|p1b: Crabominable|Crabominable|Crabominite\n|move|p1b: Crabominable|Mach Punch|p2b: Tyranitar\n|-supereffective|p2b: Tyranitar|2\n|-damage|p2b: Tyranitar|18/100\n|move|p2a: Aerodactyl|Dual Wingbeat|p1a: Slowking\n|-damage|p1a: Slowking|75/100\n|-damage|p1a: Slowking|66/100\n|-hitcount|p1a: Slowking|2\n|move|p2b: Tyranitar|Knock Off|p1a: Slowking\n|-supereffective|p1a: Slowking|1\n|-damage|p1a: Slowking|0 fnt\n|-enditem|p1a: Slowking|Focus Sash|[from] move: Knock Off|[of] p2b: Tyranitar\n|faint|p1a: Slowking\n|\n|-weather|Sandstorm|[upkeep]\n|-damage|p1b: Crabominable|32/100|[from] Sandstorm\n|upkeep\n|j| Choklit Milk\n|j| faetaso\n|\n|t:|1776220144\n|switch|p1a: Incineroar|Incineroar, L50, F|31/100\n|-ability|p1a: Incineroar|Intimidate|boost\n|-unboost|p2a: Aerodactyl|atk|1\n|-unboost|p2b: Tyranitar|atk|1\n|turn|4\n|\n|t:|1776220154\n|switch|p2a: Rotom|Rotom-Wash, L50|100/100\n|move|p2b: Tyranitar|Protect|p2b: Tyranitar\n|-singleturn|p2b: Tyranitar|Protect\n|move|p1a: Incineroar|Fake Out|p2b: Tyranitar\n|-activate|p2b: Tyranitar|move: Protect\n|move|p1b: Crabominable|Drain Punch|p2a: Rotom\n|-damage|p2a: Rotom|33/100\n|-heal|p1b: Crabominable|58/100|[from] drain|[of] p2a: Rotom\n|-enditem|p2a: Rotom|Sitrus Berry|[eat]\n|-heal|p2a: Rotom|58/100|[from] item: Sitrus Berry\n|\n|-weather|Sandstorm|[upkeep]\n|-damage|p2a: Rotom|52/100|[from] Sandstorm\n|-damage|p1a: Incineroar|25/100|[from] Sandstorm\n|-damage|p1b: Crabominable|52/100|[from] Sandstorm\n|upkeep\n|turn|5\n|l| Choklit Milk\n|l| Rainbow Chrome\n|\n|t:|1776220181\n|switch|p1a: Torkoal|Torkoal, L50, F|100/100\n|-weather|SunnyDay|[from] ability: Drought|[of] p1a: Torkoal\n|move|p2a: Rotom|Volt Switch|p1a: Torkoal\n|-damage|p1a: Torkoal|64/100\n|\n|t:|1776220187\n|switch|p2a: Aerodactyl|Aerodactyl, L50, F|100/100|[from] Volt Switch\n|-ability|p2a: Aerodactyl|Unnerve\n|move|p2b: Tyranitar|Rock Slide|p1b: Crabominable|[spread] p1a,p1b\n|-supereffective|p1a: Torkoal|1\n|-damage|p1a: Torkoal|36/100\n|-damage|p1b: Crabominable|38/100\n|cant|p1b: Crabominable|flinch\n|\n|-weather|SunnyDay|[upkeep]\n|upkeep\n|turn|6\n|j| Choklit Milk\n|l| Choklit Milk\n|\n|t:|1776220209\n|move|p1b: Crabominable|Mach Punch|p2b: Tyranitar\n|-supereffective|p2b: Tyranitar|2\n|-damage|p2b: Tyranitar|0 fnt\n|faint|p2b: Tyranitar\n|move|p2a: Aerodactyl|Rock Slide|p1b: Crabominable|[spread] p1b\n|-miss|p2a: Aerodactyl|p1a: Torkoal\n|-damage|p1b: Crabominable|19/100\n|move|p1a: Torkoal|Ancient Power|p2a: Aerodactyl\n|-supereffective|p2a: Aerodactyl|1\n|-damage|p2a: Aerodactyl|53/100\n|\n|-weather|SunnyDay|[upkeep]\n|upkeep\n|\n|t:|1776220234\n|switch|p2b: Garchomp|Garchomp, L50, M|100/100\n|turn|7\n|\n|t:|1776220244\n|switch|p2a: Rotom|Rotom-Wash, L50|52/100\n|move|p1b: Crabominable|Mach Punch|p2a: Rotom\n|-damage|p2a: Rotom|20/100\n|move|p2b: Garchomp|Earthquake|p1b: Crabominable|[spread] p1a,p1b\n|-immune|p2a: Rotom|[from] ability: Levitate\n|-supereffective|p1a: Torkoal|1\n|-damage|p1a: Torkoal|0 fnt\n|-damage|p1b: Crabominable|0 fnt\n|faint|p1a: Torkoal\n|faint|p1b: Crabominable\n|\n|-weather|SunnyDay|[upkeep]\n|upkeep\n|\n|t:|1776220256\n|switch|p1b: Incineroar|Incineroar, L50, F|25/100\n|-ability|p1b: Incineroar|Intimidate|boost\n|-unboost|p2a: Rotom|atk|1\n|-unboost|p2b: Garchomp|atk|1\n|turn|8\n|\n|t:|1776220261\n|move|p2b: Garchomp|Protect|p2b: Garchomp\n|-singleturn|p2b: Garchomp|Protect\n|move|p2a: Rotom|Thunderbolt|p1b: Incineroar\n|-damage|p1b: Incineroar|0 fnt\n|faint|p1b: Incineroar\n|\n|win|Tindall64\n|raw|now we&apos;re boppin's rating: 1392 &rarr; <strong>1371</strong><br />(-21 for losing)\n|raw|Tindall64's rating: 1367 &rarr; <strong>1388</strong><br />(+21 for winning)\n|c|\u2606Tindall64|gg\n|c|\u2606now we're boppin|u played really bad\n|c|\u2606Tindall64|u lost so\n|l|\u2606now we're boppin\n|player|p1|\n|l| faetaso\n|c|\u2606Tindall64|nice cope\n",
  "uploadtime": 1776220289,
  "views": 29,
  "formatid": "gen9championsvgc2026regma",
  "rating": 1371,
  "private": 0,
  "password": null
}