{
  "id": "gen9championsvgc2026regma-2582705033",
  "format": "[Gen 9 Champions] VGC 2026 Reg M-A",
  "players": [
    "GuibirueiNalllll",
    "adriamontero"
  ],
  "log": "|j|\u2606GuibirueiNalllll\n|j|\u2606adriamontero\n|t:|1776108481\n|gametype|doubles\n|player|p1|GuibirueiNalllll|101|1089\n|player|p2|adriamontero|102|1090\n|gen|9\n|tier|[Gen 9 Champions] VGC 2026 Reg M-A\n|rated|\n|rule|Species Clause: Limit one of each Pok\u00e9mon\n|rule|Item Clause: Limit 1 of each item\n|clearpoke\n|poke|p1|Gardevoir, L50, F|\n|poke|p1|Whimsicott, L50, F|\n|poke|p1|Torkoal, L50, F|\n|poke|p1|Venusaur, L50, M|\n|poke|p1|Milotic, L50, M|\n|poke|p1|Infernape, L50, M|\n|poke|p2|Whimsicott, L50, M|\n|poke|p2|Sneasler, L50, F|\n|poke|p2|Basculegion, L50, M|\n|poke|p2|Politoed, L50, F|\n|poke|p2|Incineroar, L50, M|\n|poke|p2|Gengar, L50, F|\n|teampreview|4\n|\n|t:|1776108517\n|teamsize|p1|4\n|teamsize|p2|4\n|start\n|switch|p1a: Venusaur|Venusaur, L50, M|100/100\n|switch|p1b: Milotic|Milotic, L50, M|100/100\n|switch|p2a: Gengar|Gengar, L50, F|100/100\n|switch|p2b: Incineroar|Incineroar, L50, M|100/100\n|-ability|p2b: Incineroar|Intimidate|boost\n|-unboost|p1a: Venusaur|atk|1\n|-unboost|p1b: Milotic|atk|1\n|turn|1\n|inactive|Battle timer is ON: inactive players will automatically lose when time's up. (requested by adriamontero)\n|\n|t:|1776108552\n|detailschange|p2a: Gengar|Gengar-Mega, L50, F\n|-mega|p2a: Gengar|Gengar|Gengarite\n|move|p1b: Milotic|Protect|p1b: Milotic\n|-singleturn|p1b: Milotic|Protect\n|move|p2b: Incineroar|Fake Out|p1a: Venusaur\n|-damage|p1a: Venusaur|86/100\n|move|p2a: Gengar|Perish Song|p2a: Gengar\n|-start|p1a: Venusaur|perish3|[silent]\n|-start|p1b: Milotic|perish3|[silent]\n|-start|p2a: Gengar|perish3|[silent]\n|-start|p2b: Incineroar|perish3|[silent]\n|-fieldactivate|move: Perish Song\n|cant|p1a: Venusaur|flinch\n|\n|-start|p2a: Gengar|perish3\n|-start|p1a: Venusaur|perish3\n|-start|p2b: Incineroar|perish3\n|-start|p1b: Milotic|perish3\n|upkeep\n|turn|2\n|\n|t:|1776108573\n|move|p2a: Gengar|Protect|p2a: Gengar\n|-singleturn|p2a: Gengar|Protect\n|move|p2b: Incineroar|Protect|p2b: Incineroar\n|-singleturn|p2b: Incineroar|Protect\n|move|p1a: Venusaur|Sleep Powder|p2a: Gengar\n|-activate|p2a: Gengar|move: Protect\n|move|p1b: Milotic|Icy Wind|p2a: Gengar|[spread] \n|-activate|p2a: Gengar|move: Protect\n|-activate|p2b: Incineroar|move: Protect\n|\n|-start|p2a: Gengar|perish2\n|-start|p1a: Venusaur|perish2\n|-start|p2b: Incineroar|perish2\n|-start|p1b: Milotic|perish2\n|upkeep\n|turn|3\n|\n|t:|1776108585\n|switch|p2a: Politoed|Politoed, L50, F|100/100\n|-weather|RainDance|[from] ability: Drizzle|[of] p2a: Politoed\n|move|p1a: Venusaur|Sleep Powder|p2a: Politoed\n|-status|p2a: Politoed|slp|[from] move: Sleep Powder\n|move|p2b: Incineroar|Parting Shot|p2a: Politoed\n|-unboost|p2a: Politoed|atk|1\n|-unboost|p2a: Politoed|spa|1\n|\n|t:|1776108593\n|switch|p2b: Gengar|Gengar-Mega, L50, F|100/100|[from] Parting Shot\n|move|p1b: Milotic|Scald|p2b: Gengar\n|-damage|p2b: Gengar|17/100\n|\n|-weather|RainDance|[upkeep]\n|-start|p1a: Venusaur|perish1\n|-start|p1b: Milotic|perish1\n|upkeep\n|turn|4\n|\n|t:|1776108609\n|move|p2b: Gengar|Protect|p2b: Gengar\n|-singleturn|p2b: Gengar|Protect\n|move|p1a: Venusaur|Giga Drain|p2a: Politoed\n|-supereffective|p2a: Politoed|1\n|-damage|p2a: Politoed|43/100 slp\n|-heal|p1a: Venusaur|100/100|[from] drain|[of] p2a: Politoed\n|cant|p2a: Politoed|slp\n|move|p1b: Milotic|Icy Wind|p2b: Gengar|[spread] p2a\n|-activate|p2b: Gengar|move: Protect\n|-resisted|p2a: Politoed|1\n|-damage|p2a: Politoed|37/100 slp\n|-unboost|p2a: Politoed|spe|1\n|\n|-weather|RainDance|[upkeep]\n|-heal|p2a: Politoed|43/100 slp|[from] item: Leftovers\n|-start|p1a: Venusaur|perish0\n|-start|p1b: Milotic|perish0\n|faint|p1a: Venusaur\n|faint|p1b: Milotic\n|upkeep\n|\n|t:|1776108625\n|switch|p1a: Gardevoir|Gardevoir, L50, F, shiny|100/100\n|switch|p1b: Torkoal|Torkoal, L50, F|100/100\n|-weather|SunnyDay|[from] ability: Drought|[of] p1b: Torkoal\n|turn|5\n|\n|t:|1776108638\n|switch|p2a: Incineroar|Incineroar, L50, M|100/100\n|-ability|p2a: Incineroar|Intimidate|boost\n|-unboost|p1a: Gardevoir|atk|1\n|-unboost|p1b: Torkoal|atk|1\n|detailschange|p1a: Gardevoir|Gardevoir-Mega, L50, F, shiny\n|-mega|p1a: Gardevoir|Gardevoir|Gardevoirite\n|move|p2b: Gengar|Shadow Ball|p1a: Gardevoir\n|-supereffective|p1a: Gardevoir|1\n|-damage|p1a: Gardevoir|4/100\n|move|p1a: Gardevoir|Psyshock|p2b: Gengar\n|-supereffective|p2b: Gengar|1\n|-damage|p2b: Gengar|0 fnt\n|faint|p2b: Gengar\n|move|p1b: Torkoal|Body Press|p2a: Incineroar\n|-supereffective|p2a: Incineroar|1\n|-damage|p2a: Incineroar|58/100\n|\n|-weather|SunnyDay|[upkeep]\n|upkeep\n|\n|t:|1776108652\n|switch|p2b: Politoed|Politoed, L50, F|43/100 slp\n|-weather|RainDance|[from] ability: Drizzle|[of] p2b: Politoed\n|turn|6\n|\n|t:|1776108662\n|move|p2a: Incineroar|Fake Out|p1a: Gardevoir\n|-damage|p1a: Gardevoir|0 fnt\n|faint|p1a: Gardevoir\n|cant|p2b: Politoed|slp\n|move|p1b: Torkoal|Weather Ball|p2a: Incineroar\n|-supereffective|p2a: Incineroar|1\n|-damage|p2a: Incineroar|0 fnt\n|faint|p2a: Incineroar\n|\n|-weather|RainDance|[upkeep]\n|-heal|p2b: Politoed|49/100 slp|[from] item: Leftovers\n|upkeep\n|\n|t:|1776108668\n|switch|p2a: Basculegion|Basculegion, L50, M|100/100\n|turn|7\n|\n|t:|1776108675\n|move|p2a: Basculegion|Wave Crash|p1b: Torkoal\n|-supereffective|p1b: Torkoal|1\n|-damage|p1b: Torkoal|0 fnt\n|faint|p1b: Torkoal\n|-damage|p2a: Basculegion|74/100|[from] Recoil\n|\n|win|adriamontero\n|raw|GuibirueiNalllll's rating: 1089 &rarr; <strong>1066</strong><br />(-23 for losing)\n|raw|adriamontero's rating: 1090 &rarr; <strong>1116</strong><br />(+26 for winning)\n|l|\u2606GuibirueiNalllll\n|player|p1|\n",
  "uploadtime": 1776108679,
  "views": 12,
  "formatid": "gen9championsvgc2026regma",
  "rating": 1066,
  "private": 0,
  "password": null
}