{
  "id": "gen9championsvgc2026regma-2584447343",
  "format": "[Gen 9 Champions] VGC 2026 Reg M-A",
  "players": [
    "NPA Kurosaki",
    "Venusaur-Saurr"
  ],
  "log": "|j|\u203dNPA Kurosaki\n|j|\u2606Venusaur-Saurr\n|html|<table width=\"100%\"><tr><td align=\"left\">NPA Kurosaki</td><td align=\"right\">Venusaur-Saurr</tr><tr><td align=\"left\"><i class=\"fa fa-circle-o\"></i> <i class=\"fa fa-circle-o\"></i> </td><td align=\"right\"><i class=\"fa fa-circle-o\"></i> <i class=\"fa fa-circle-o\"></i> </tr></table>\n|uhtml|bestof|<h2><strong>Game 1</strong> of <a href=\"/game-bestof3-gen9championsvgc2026regma-2584447342\">a best-of-3</a></h2>\n|t:|1776261512\n|gametype|doubles\n|player|p1|NPA Kurosaki|steven|\n|player|p2|Venusaur-Saurr|riley|\n|gen|9\n|tier|[Gen 9 Champions] VGC 2026 Reg M-A\n|rated|Tournament battle\n|rule|Species Clause: Limit one of each Pok\u00e9mon\n|rule|Item Clause: Limit 1 of each item\n|raw|<div class=\"infobox\"><details class=\"readmore\" open><summary><strong>2 custom rules:</strong></summary> Force Open Team Sheets, Best of = 3</details></div>\n|clearpoke\n|poke|p1|Whimsicott, L50, F|\n|poke|p1|Sneasler, L50, M|\n|poke|p1|Charizard, L50, M|\n|poke|p1|Garchomp, L50, M|\n|poke|p1|Kingambit, L50, M|\n|poke|p1|Floette-Eternal, L50, F|\n|poke|p2|Sneasler, L50, M|\n|poke|p2|Garchomp, L50, M|\n|poke|p2|Kingambit, L50, F|\n|poke|p2|Incineroar, L50, M|\n|poke|p2|Sinistcha, L50|\n|poke|p2|Floette-Eternal, L50, F|\n|teampreview|4\n|showteam|p1|Whimsicott||FocusSash|Prankster|Tailwind,SunnyDay,Moonblast,Encore|||F|||50|]Sneasler||WhiteHerb|Unburden|CloseCombat,DireClaw,FakeOut,Protect|||M|||50|]Charizard||CharizarditeY|Blaze|WeatherBall,HeatWave,SolarBeam,Protect|||M|||50|]Garchomp||SoftSand|RoughSkin|Earthquake,RockSlide,DragonClaw,Protect|||M|||50|]Kingambit||ChopleBerry|Defiant|KowtowCleave,SuckerPunch,IronHead,Protect|||M|||50|]Floette-Eternal||Floettite|FlowerVeil|DazzlingGleam,Moonblast,LightofRuin,Protect|||F|||50|\n|showteam|p2|Sneasler||WhiteHerb|Unburden|DireClaw,CloseCombat,ThroatChop,FakeOut|||M|||50|]Garchomp||SoftSand|RoughSkin|DragonClaw,StompingTantrum,Earthquake,Protect|||M|||50|]Kingambit||BlackGlasses|Defiant|KowtowCleave,SuckerPunch,IronHead,Protect|||F|||50|]Incineroar||SitrusBerry|Intimidate|FlareBlitz,DarkestLariat,FakeOut,PartingShot|||M|||50|]Sinistcha||Leftovers|Hospitality|MatchaGotcha,ShadowBall,StrengthSap,Protect||||||50|]Floette-Eternal||Floettite|FlowerVeil|Moonblast,LightofRuin,Protect,HelpingHand|||F|||50|\n|inactive|Battle timer is ON: inactive players will automatically lose when time's up. (requested by NPA Kurosaki)\n|inactive|NPA Kurosaki has 60 seconds left.\n|inactive|Venusaur-Saurr has 60 seconds left.\n|j| stinkyton\n|inactive|Venusaur-Saurr has 30 seconds left.\n|j| ghostistheman\n|j| predatorv\n|inactive|Venusaur-Saurr has 20 seconds left.\n|j| Zeke837\n|inactive|Venusaur-Saurr has 15 seconds left.\n|l| Zeke837\n|inactive|Venusaur-Saurr has 10 seconds left.\n|\n|t:|1776261597\n|teamsize|p1|4\n|teamsize|p2|4\n|start\n|switch|p1a: Sneasler|Sneasler, L50, M|100/100\n|switch|p1b: Kingambit|Kingambit, L50, M|100/100\n|switch|p2a: Sneasler|Sneasler, L50, M|100/100\n|switch|p2b: Garchomp|Garchomp, L50, M|100/100\n|turn|1\n|j| Laguneiro\n|inactive|Venusaur-Saurr has 30 seconds left.\n|l| predatorv\n|\n|t:|1776261634\n|move|p2a: Sneasler|Fake Out|p1a: Sneasler\n|-damage|p1a: Sneasler|79/100\n|cant|p1a: Sneasler|flinch\n|move|p2b: Garchomp|Stomping Tantrum|p1a: Sneasler\n|-supereffective|p1a: Sneasler|1\n|-damage|p1a: Sneasler|0 fnt\n|faint|p1a: Sneasler\n|move|p1b: Kingambit|Iron Head|p2b: Garchomp\n|-damage|p2b: Garchomp|57/100\n|-damage|p1b: Kingambit|88/100|[from] ability: Rough Skin|[of] p2b: Garchomp\n|\n|upkeep\n|j| mysticmarshtomp\n|\n|t:|1776261642\n|switch|p1a: Whimsicott|Whimsicott, L50, F|100/100\n|turn|2\n|\n|t:|1776261655\n|switch|p1b: Floette|Floette-Eternal, L50, F|100/100\n|move|p2b: Garchomp|Protect|p2b: Garchomp\n|-singleturn|p2b: Garchomp|Protect\n|move|p1a: Whimsicott|Encore|p2a: Sneasler\n|-start|p2a: Sneasler|Encore\n|move|p2a: Sneasler|Fake Out||[still]\n|-hint|Fake Out only works on your first turn out.\n|-fail|p2a: Sneasler\n|\n|upkeep\n|turn|3\n|\n|t:|1776261668\n|switch|p2a: Floette|Floette-Eternal, L50, F|100/100\n|switch|p2b: Incineroar|Incineroar, L50, M|100/100\n|-ability|p2b: Incineroar|Intimidate|boost\n|-block|p1a: Whimsicott|ability: Flower Veil|[of] p1b: Floette\n|-unboost|p1b: Floette|atk|1\n|detailschange|p1b: Floette|Floette-Mega, L50, F\n|-mega|p1b: Floette|Floette|Floettite\n|-ability|p1b: Floette|Fairy Aura\n|move|p1a: Whimsicott|Tailwind|p1a: Whimsicott\n|-sidestart|p1: NPA Kurosaki|move: Tailwind\n|move|p1b: Floette|Dazzling Gleam|p2a: Floette|[spread] p2a,p2b\n|-damage|p2a: Floette|53/100\n|-damage|p2b: Incineroar|51/100\n|\n|upkeep\n|turn|4\n|\n|t:|1776261689\n|detailschange|p2a: Floette|Floette-Mega, L50, F\n|-mega|p2a: Floette|Floette|Floettite\n|-ability|p2a: Floette|Fairy Aura\n|move|p2b: Incineroar|Fake Out|p1b: Floette\n|-damage|p1b: Floette|82/100\n|move|p1a: Whimsicott|Moonblast|p2a: Floette\n|-damage|p2a: Floette|11/100\n|cant|p1b: Floette|flinch\n|move|p2a: Floette|Moonblast|p1a: Whimsicott\n|-enditem|p1a: Whimsicott|Focus Sash\n|-damage|p1a: Whimsicott|1/100\n|\n|upkeep\n|turn|5\n|inactive|Venusaur-Saurr has 30 seconds left.\n|\n|t:|1776261716\n|move|p2a: Floette|Protect|p2a: Floette\n|-singleturn|p2a: Floette|Protect\n|move|p1a: Whimsicott|Moonblast|p2b: Incineroar\n|-damage|p2b: Incineroar|10/100\n|-enditem|p2b: Incineroar|Sitrus Berry|[eat]\n|-heal|p2b: Incineroar|35/100|[from] item: Sitrus Berry\n|move|p1b: Floette|Dazzling Gleam|p2b: Incineroar|[spread] p2b\n|-activate|p2a: Floette|move: Protect\n|-damage|p2b: Incineroar|0 fnt\n|faint|p2b: Incineroar\n|\n|upkeep\n|\n|t:|1776261730\n|switch|p2b: Sneasler|Sneasler, L50, M|100/100\n|turn|6\n|\n|t:|1776261736\n|switch|p1a: Kingambit|Kingambit, L50, M|88/100\n|move|p1b: Floette|Protect|p1b: Floette\n|-singleturn|p1b: Floette|Protect\n|move|p2b: Sneasler|Fake Out|p1a: Kingambit\n|-resisted|p1a: Kingambit|1\n|-damage|p1a: Kingambit|83/100\n|move|p2a: Floette|Moonblast|p1b: Floette\n|-activate|p1b: Floette|move: Protect\n|\n|-sideend|p1: NPA Kurosaki|move: Tailwind\n|upkeep\n|turn|7\n|\n|t:|1776261755\n|move|p2a: Floette|Helping Hand|p2b: Sneasler\n|-singleturn|p2b: Sneasler|Helping Hand|[of] p2a: Floette\n|move|p1a: Kingambit|Sucker Punch|p2b: Sneasler\n|-resisted|p2b: Sneasler|1\n|-damage|p2b: Sneasler|67/100\n|move|p2b: Sneasler|Dire Claw|p1b: Floette\n|-supereffective|p1b: Floette|1\n|-damage|p1b: Floette|0 fnt\n|faint|p1b: Floette\n|\n|upkeep\n|\n|t:|1776261762\n|switch|p1b: Whimsicott|Whimsicott, L50, F|1/100\n|turn|8\n|\n|t:|1776261774\n|move|p1b: Whimsicott|Tailwind|p1b: Whimsicott\n|-sidestart|p1: NPA Kurosaki|move: Tailwind\n|move|p2b: Sneasler|Close Combat|p1b: Whimsicott\n|-resisted|p1b: Whimsicott|1\n|-damage|p1b: Whimsicott|0 fnt\n|-unboost|p2b: Sneasler|def|1\n|-unboost|p2b: Sneasler|spd|1\n|faint|p1b: Whimsicott\n|-enditem|p2b: Sneasler|White Herb\n|-clearnegativeboost|p2b: Sneasler|[silent]\n|move|p2a: Floette|Moonblast|p1a: Kingambit\n|-damage|p1a: Kingambit|12/100\n|-unboost|p1a: Kingambit|spa|1\n|-ability|p1a: Kingambit|Defiant|boost\n|-boost|p1a: Kingambit|atk|2\n|move|p1a: Kingambit|Iron Head|p2b: Sneasler\n|-damage|p2b: Sneasler|0 fnt\n|faint|p2b: Sneasler\n|\n|upkeep\n|\n|t:|1776261781\n|switch|p2b: Garchomp|Garchomp, L50, M|57/100\n|turn|9\n|\n|t:|1776261788\n|move|p1a: Kingambit|Sucker Punch|p2b: Garchomp\n|-damage|p2b: Garchomp|0 fnt\n|-damage|p1a: Kingambit|0 fnt|[from] ability: Rough Skin|[of] p2b: Garchomp\n|faint|p2b: Garchomp\n|faint|p1a: Kingambit\n|\n|win|Venusaur-Saurr\n||NPA Kurosaki is ready for game 2.\n|l|\u2606Venusaur-Saurr\n|player|p2|\n|l| mysticmarshtomp\n||Venusaur-Saurr is ready for game 2.\n|uhtml|next|Next: <a href=\"/battle-gen9championsvgc2026regma-2584451438\"><strong>Game 2 of 3</strong></a>\n|l| stinkyton\n|j| Zeke837\n|l| Zeke837\n",
  "uploadtime": 1776262233,
  "views": 21,
  "formatid": "gen9championsvgc2026regma",
  "rating": null,
  "private": 0,
  "password": null
}