{
  "id": "gen9championsvgc2026regma-2588391651",
  "format": "[Gen 9 Champions] VGC 2026 Reg M-A",
  "players": [
    "shangenb",
    "nobeigar"
  ],
  "log": "|j|\u2606shangenb\n|j|\u2606nobeigar\n|t:|1776629623\n|gametype|doubles\n|player|p1|shangenb|102|1397\n|player|p2|nobeigar|169|1408\n|gen|9\n|tier|[Gen 9 Champions] VGC 2026 Reg M-A\n|rated|\n|rule|Species Clause: Limit one of each Pok\u00e9mon\n|rule|Item Clause: Limit 1 of each item\n|clearpoke\n|poke|p1|Floette-Eternal, L50, F|\n|poke|p1|Garchomp, L50, F|\n|poke|p1|Sneasler, L50, M|\n|poke|p1|Basculegion-F, L50, F|\n|poke|p1|Aerodactyl, L50, M|\n|poke|p1|Incineroar, L50, F|\n|poke|p2|Garchomp, L50, F|\n|poke|p2|Sneasler, L50, F|\n|poke|p2|Gengar, L50, M|\n|poke|p2|Kingambit, L50, M|\n|poke|p2|Basculegion, L50, M|\n|poke|p2|Froslass, L50, F|\n|teampreview|4\n|inactive|Battle timer is ON: inactive players will automatically lose when time's up. (requested by shangenb)\n|j| LegitLadderingInc\n|inactive|shangenb has 60 seconds left.\n|\n|t:|1776629674\n|teamsize|p1|4\n|teamsize|p2|4\n|start\n|switch|p1a: Basculegion|Basculegion-F, L50, F|100/100\n|switch|p1b: Floette|Floette-Eternal, L50, F|100/100\n|switch|p2a: Froslass|Froslass, L50, F|100/100\n|switch|p2b: Garchomp|Garchomp, L50, F|100/100\n|turn|1\n|\n|t:|1776629698\n|detailschange|p2a: Froslass|Froslass-Mega, L50, F\n|-mega|p2a: Froslass|Froslass|Froslassite\n|-weather|Snowscape|[from] ability: Snow Warning|[of] p2a: Froslass\n|detailschange|p1b: Floette|Floette-Mega, L50, F\n|-mega|p1b: Floette|Floette|Floettite\n|-ability|p1b: Floette|Fairy Aura\n|move|p2a: Froslass|Protect|p2a: Froslass\n|-singleturn|p2a: Froslass|Protect\n|move|p1a: Basculegion|Icy Wind|p2b: Garchomp|[spread] p2b\n|-activate|p2a: Froslass|move: Protect\n|-supereffective|p2b: Garchomp|2\n|-damage|p2b: Garchomp|54/100\n|-unboost|p2b: Garchomp|spe|1\n|move|p1b: Floette|Dazzling Gleam|p2a: Froslass|[spread] p2b\n|-activate|p2a: Froslass|move: Protect\n|-supereffective|p2b: Garchomp|1\n|-damage|p2b: Garchomp|0 fnt\n|faint|p2b: Garchomp\n|\n|-weather|Snowscape|[upkeep]\n|upkeep\n|\n|t:|1776629715\n|switch|p2b: Sneasler|Sneasler, L50, F|100/100\n|turn|2\n|\n|t:|1776629730\n|switch|p1a: Incineroar|Incineroar, L50, F|100/100\n|-ability|p1a: Incineroar|Intimidate|boost\n|-unboost|p2a: Froslass|atk|1\n|-unboost|p2b: Sneasler|atk|1\n|move|p1b: Floette|Protect|p1b: Floette\n|-singleturn|p1b: Floette|Protect\n|move|p2b: Sneasler|Dire Claw|p1a: Incineroar\n|-damage|p1a: Incineroar|78/100\n|-status|p1a: Incineroar|par\n|move|p2a: Froslass|Shadow Ball|p1a: Incineroar\n|-resisted|p1a: Incineroar|1\n|-damage|p1a: Incineroar|56/100 par\n|\n|-weather|Snowscape|[upkeep]\n|upkeep\n|turn|3\n|inactive|shangenb has 30 seconds left.\n|inactive|nobeigar has 30 seconds left.\n|\n|t:|1776629763\n|move|p1a: Incineroar|Fake Out|p2b: Sneasler\n|-damage|p2b: Sneasler|81/100\n|cant|p2b: Sneasler|flinch\n|move|p2a: Froslass|Blizzard|p1b: Floette|[spread] p1a,p1b\n|-resisted|p1a: Incineroar|1\n|-damage|p1a: Incineroar|33/100 par\n|-damage|p1b: Floette|66/100\n|-enditem|p1a: Incineroar|Sitrus Berry|[eat]\n|-heal|p1a: Incineroar|57/100 par|[from] item: Sitrus Berry\n|move|p1b: Floette|Light of Ruin|p2a: Froslass|[miss]\n|-miss|p1b: Floette|p2a: Froslass\n|\n|-weather|Snowscape|[upkeep]\n|upkeep\n|turn|4\n|l| LegitLadderingInc\n|\n|t:|1776629784\n|switch|p1a: Basculegion|Basculegion-F, L50, F|100/100\n|move|p1b: Floette|Protect|p1b: Floette\n|-singleturn|p1b: Floette|Protect\n|move|p2b: Sneasler|Close Combat|p1a: Basculegion\n|-immune|p1a: Basculegion\n|move|p2a: Froslass|Blizzard|p1b: Floette|[spread] p1a\n|-activate|p1b: Floette|move: Protect\n|-resisted|p1a: Basculegion|1\n|-damage|p1a: Basculegion|75/100\n|\n|-weather|Snowscape|[upkeep]\n|upkeep\n|turn|5\n|\n|t:|1776629806\n|switch|p1b: Incineroar|Incineroar, L50, F|57/100 par\n|-ability|p1b: Incineroar|Intimidate|boost\n|-unboost|p2a: Froslass|atk|1\n|-unboost|p2b: Sneasler|atk|1\n|move|p1a: Basculegion|Shadow Ball|p2a: Froslass\n|-supereffective|p2a: Froslass|1\n|-damage|p2a: Froslass|0 fnt\n|faint|p2a: Froslass\n|move|p2b: Sneasler|Dire Claw|p1b: Incineroar\n|-damage|p1b: Incineroar|41/100 par\n|\n|-weather|none\n|upkeep\n|\n|t:|1776629815\n|switch|p2a: Kingambit|Kingambit, L50, M|100/100\n|turn|6\n|\n|t:|1776629838\n|switch|p1a: Garchomp|Garchomp, L50, F|100/100\n|move|p2b: Sneasler|Dire Claw|p1a: Garchomp\n|-resisted|p1a: Garchomp|1\n|-damage|p1a: Garchomp|89/100\n|-status|p1a: Garchomp|par\n|-damage|p2b: Sneasler|69/100|[from] ability: Rough Skin|[of] p1a: Garchomp\n|move|p2a: Kingambit|Kowtow Cleave|p1a: Garchomp\n|-damage|p1a: Garchomp|36/100 par\n|-damage|p2a: Kingambit|88/100|[from] ability: Rough Skin|[of] p1a: Garchomp\n|move|p1b: Incineroar|Parting Shot|p2b: Sneasler\n|-unboost|p2b: Sneasler|atk|1\n|-unboost|p2b: Sneasler|spa|1\n|\n|t:|1776629855\n|switch|p1b: Floette|Floette-Mega, L50, F|66/100|[from] Parting Shot\n|-ability|p1b: Floette|Fairy Aura\n|\n|upkeep\n|turn|7\n|\n|t:|1776629875\n|switch|p1a: Basculegion|Basculegion-F, L50, F|75/100\n|move|p2b: Sneasler|Dire Claw|p1b: Floette\n|-supereffective|p1b: Floette|1\n|-damage|p1b: Floette|17/100\n|-status|p1b: Floette|psn\n|move|p1b: Floette|Light of Ruin|p2a: Kingambit\n|-damage|p2a: Kingambit|0 fnt\n|faint|p2a: Kingambit\n|-damage|p1b: Floette|0 fnt|[from] Recoil\n|faint|p1b: Floette\n|\n|upkeep\n|\n|t:|1776629890\n|switch|p1b: Incineroar|Incineroar, L50, F|41/100 par\n|-ability|p1b: Incineroar|Intimidate|boost\n|-unboost|p2b: Sneasler|atk|1\n|turn|8\n|-message|nobeigar forfeited.\n|\n|win|shangenb\n|raw|shangenb's rating: 1397 &rarr; <strong>1418</strong><br />(+21 for winning)\n|raw|nobeigar's rating: 1408 &rarr; <strong>1387</strong><br />(-21 for losing)\n",
  "uploadtime": 1776629897,
  "views": 14,
  "formatid": "gen9championsvgc2026regma",
  "rating": 1387,
  "private": 0,
  "password": null
}