{
  "id": "gen9championsvgc2026regma-2584227522",
  "format": "[Gen 9 Champions] VGC 2026 Reg M-A",
  "players": [
    "benniovyalt",
    "zeimei"
  ],
  "log": "|j|\u203dbenniovyalt\n|j|\u2606zeimei\n|t:|1776240619\n|gametype|doubles\n|player|p1|benniovyalt|bellepa|1327\n|player|p2|zeimei|265|1406\n|gen|9\n|tier|[Gen 9 Champions] VGC 2026 Reg M-A\n|rated|\n|rule|Species Clause: Limit one of each Pok\u00e9mon\n|rule|Item Clause: Limit 1 of each item\n|clearpoke\n|poke|p1|Garchomp, L50, F|\n|poke|p1|Incineroar, L50, M|\n|poke|p1|Talonflame, L50, F|\n|poke|p1|Floette-Eternal, L50, F|\n|poke|p1|Maushold, L50|\n|poke|p1|Rotom-Wash, L50|\n|poke|p2|Sinistcha, L50|\n|poke|p2|Incineroar, L50, F|\n|poke|p2|Aggron, L50, M|\n|poke|p2|Dragapult, L50, F|\n|poke|p2|Rotom-Wash, L50|\n|poke|p2|Floette-Eternal, L50, F|\n|teampreview|4\n|\n|t:|1776240666\n|teamsize|p1|4\n|teamsize|p2|4\n|start\n|switch|p1a: Talonflame|Talonflame, L50, F|100/100\n|switch|p1b: Floette|Floette-Eternal, L50, F|100/100\n|switch|p2a: Incineroar|Incineroar, L50, F|100/100\n|switch|p2b: Floette|Floette-Eternal, L50, F|100/100\n|-ability|p2a: Incineroar|Intimidate|boost\n|-unboost|p1a: Talonflame|atk|1\n|-unboost|p1b: Floette|atk|1\n|turn|1\n|inactive|Battle timer is ON: inactive players will automatically lose when time's up. (requested by zeimei)\n|\n|t:|1776240683\n|detailschange|p1b: Floette|Floette-Mega, L50, F\n|-mega|p1b: Floette|Floette|Floettite\n|-ability|p1b: Floette|Fairy Aura\n|move|p2a: Incineroar|Fake Out|p1b: Floette\n|-damage|p1b: Floette|91/100\n|move|p1a: Talonflame|Will-O-Wisp|p2b: Floette\n|-status|p2b: Floette|brn\n|cant|p1b: Floette|flinch\n|move|p2b: Floette|Calm Mind|p2b: Floette\n|-boost|p2b: Floette|spa|1\n|-boost|p2b: Floette|spd|1\n|\n|-damage|p2b: Floette|95/100 brn|[from] brn\n|upkeep\n|turn|2\n|\n|t:|1776240704\n|move|p1a: Talonflame|Tailwind|p1a: Talonflame\n|-sidestart|p1: benniovyalt|move: Tailwind\n|move|p1b: Floette|Calm Mind|p1b: Floette\n|-boost|p1b: Floette|spa|1\n|-boost|p1b: Floette|spd|1\n|move|p2b: Floette|Dazzling Gleam|p1b: Floette|[spread] p1a,p1b\n|-resisted|p1a: Talonflame|1\n|-damage|p1a: Talonflame|56/100\n|-damage|p1b: Floette|62/100\n|move|p2a: Incineroar|Throat Chop|p1a: Talonflame\n|-damage|p1a: Talonflame|7/100\n|-start|p1a: Talonflame|Throat Chop|[silent]\n|\n|-damage|p2b: Floette|89/100 brn|[from] brn\n|upkeep\n|turn|3\n|\n|t:|1776240722\n|move|p1a: Talonflame|Acrobatics|p2a: Incineroar\n|-damage|p2a: Incineroar|76/100\n|move|p1b: Floette|Draining Kiss|p2a: Incineroar\n|-damage|p2a: Incineroar|34/100\n|-heal|p1b: Floette|98/100|[from] drain|[of] p2a: Incineroar\n|-enditem|p2a: Incineroar|Sitrus Berry|[eat]\n|-heal|p2a: Incineroar|59/100|[from] item: Sitrus Berry\n|move|p2b: Floette|Dazzling Gleam|p1b: Floette|[spread] p1a,p1b\n|-resisted|p1a: Talonflame|1\n|-damage|p1a: Talonflame|0 fnt\n|-damage|p1b: Floette|71/100\n|faint|p1a: Talonflame\n|move|p2a: Incineroar|Parting Shot|p1b: Floette\n|-unboost|p1b: Floette|atk|1\n|-unboost|p1b: Floette|spa|1\n|\n|t:|1776240738\n|switch|p2a: Sinistcha|Sinistcha, L50|100/100|[from] Parting Shot\n|-heal|p2b: Floette|100/100 brn|[from] ability: Hospitality|[of] p2a: Sinistcha\n|\n|-damage|p2b: Floette|95/100 brn|[from] brn\n|upkeep\n|\n|t:|1776240743\n|switch|p1a: Garchomp|Garchomp, L50, F|100/100\n|turn|4\n|\n|t:|1776240758\n|move|p1a: Garchomp|Protect|p1a: Garchomp\n|-singleturn|p1a: Garchomp|Protect\n|move|p2b: Floette|Protect|p2b: Floette\n|-singleturn|p2b: Floette|Protect\n|move|p1b: Floette|Calm Mind|p1b: Floette\n|-boost|p1b: Floette|spa|1\n|-boost|p1b: Floette|spd|1\n|move|p2a: Sinistcha|Trick Room|p2a: Sinistcha\n|-fieldstart|move: Trick Room|[of] p2a: Sinistcha\n|\n|-damage|p2b: Floette|89/100 brn|[from] brn\n|upkeep\n|turn|5\n|\n|t:|1776240773\n|switch|p1a: Maushold|Maushold, L50|100/100\n|move|p2a: Sinistcha|Matcha Gotcha|p1a: Maushold|[spread] p1a,p1b\n|-damage|p1a: Maushold|62/100\n|-damage|p1b: Floette|65/100\n|move|p2b: Floette|Moonblast|p1a: Maushold\n|-damage|p1a: Maushold|0 fnt\n|faint|p1a: Maushold\n|move|p1b: Floette|Calm Mind|p1b: Floette\n|-boost|p1b: Floette|spa|1\n|-boost|p1b: Floette|spd|1\n|\n|-damage|p2b: Floette|83/100 brn|[from] brn\n|-sideend|p1: benniovyalt|move: Tailwind\n|upkeep\n|\n|t:|1776240778\n|switch|p1a: Garchomp|Garchomp, L50, F|100/100\n|turn|6\n|\n|t:|1776240797\n|move|p2b: Floette|Protect|p2b: Floette\n|-singleturn|p2b: Floette|Protect\n|move|p1a: Garchomp|Protect|p1a: Garchomp\n|-singleturn|p1a: Garchomp|Protect\n|move|p2a: Sinistcha|Matcha Gotcha|p1b: Floette|[spread] p1b\n|-activate|p1a: Garchomp|move: Protect\n|-damage|p1b: Floette|57/100\n|move|p1b: Floette|Draining Kiss|p2b: Floette\n|-activate|p2b: Floette|move: Protect\n|\n|-damage|p2b: Floette|78/100 brn|[from] brn\n|upkeep\n|turn|7\n|\n|t:|1776240816\n|move|p1a: Garchomp|Protect|p1a: Garchomp\n|-singleturn|p1a: Garchomp|Protect\n|move|p2a: Sinistcha|Rage Powder|p2a: Sinistcha\n|-singleturn|p2a: Sinistcha|move: Rage Powder\n|move|p2b: Floette|Moonblast|p1a: Garchomp\n|-activate|p1a: Garchomp|move: Protect\n|move|p1b: Floette|Calm Mind|p1b: Floette\n|-boost|p1b: Floette|spa|1\n|-boost|p1b: Floette|spd|1\n|\n|-damage|p2b: Floette|72/100 brn|[from] brn\n|upkeep\n|turn|8\n|\n|t:|1776240831\n|move|p1a: Garchomp|Protect||[still]\n|-fail|p1a: Garchomp\n|move|p2a: Sinistcha|Life Dew||[still]|[spread] p2a,p2b\n|-fail|p2a: Sinistcha|heal\n|-heal|p2b: Floette|97/100 brn\n|move|p2b: Floette|Moonblast|p1a: Garchomp\n|-supereffective|p1a: Garchomp|1\n|-damage|p1a: Garchomp|0 fnt\n|faint|p1a: Garchomp\n|move|p1b: Floette|Draining Kiss|p2a: Sinistcha\n|-damage|p2a: Sinistcha|16/100\n|-heal|p1b: Floette|100/100|[from] drain|[of] p2a: Sinistcha\n|\n|-damage|p2b: Floette|91/100 brn|[from] brn\n|-fieldend|move: Trick Room\n|upkeep\n|turn|9\n|inactive|benniovyalt has 30 seconds left.\n|inactive|benniovyalt has 20 seconds left.\n|inactive|benniovyalt has 15 seconds left.\n|inactive|benniovyalt has 10 seconds left.\n|\n|t:|1776240880\n|move|p1b: Floette|Dazzling Gleam|p2a: Sinistcha|[spread] p2a,p2b\n|-damage|p2a: Sinistcha|0 fnt\n|-damage|p2b: Floette|38/100 brn\n|faint|p2a: Sinistcha\n|move|p2b: Floette|Moonblast|p1b: Floette\n|-damage|p1b: Floette|77/100\n|\n|-damage|p2b: Floette|32/100 brn|[from] brn\n|upkeep\n|\n|t:|1776240891\n|switch|p2a: Incineroar|Incineroar, L50, F|59/100\n|-ability|p2a: Incineroar|Intimidate|boost\n|-unboost|p1b: Floette|atk|1\n|turn|10\n|\n|t:|1776240898\n|move|p1b: Floette|Protect|p1b: Floette\n|-singleturn|p1b: Floette|Protect\n|move|p2a: Incineroar|Fake Out|p1b: Floette\n|-activate|p1b: Floette|move: Protect\n|move|p2b: Floette|Calm Mind|p2b: Floette\n|-boost|p2b: Floette|spa|1\n|-boost|p2b: Floette|spd|1\n|\n|-damage|p2b: Floette|26/100 brn|[from] brn\n|upkeep\n|turn|11\n|inactive|benniovyalt has 30 seconds left.\n|\n|t:|1776240931\n|move|p1b: Floette|Dazzling Gleam|p2a: Incineroar|[spread] p2a,p2b\n|-damage|p2a: Incineroar|0 fnt\n|-damage|p2b: Floette|0 fnt\n|faint|p2a: Incineroar\n|faint|p2b: Floette\n|\n|upkeep\n|\n|t:|1776240938\n|switch|p2a: Aggron|Aggron, L50, M|100/100\n|turn|12\n|\n|t:|1776240945\n|detailschange|p2a: Aggron|Aggron-Mega, L50, M\n|-mega|p2a: Aggron|Aggron|Aggronite\n|move|p1b: Floette|Draining Kiss|p2a: Aggron\n|-resisted|p2a: Aggron|1\n|-damage|p2a: Aggron|62/100\n|-heal|p1b: Floette|100/100|[from] drain|[of] p2a: Aggron\n|move|p2a: Aggron|Heavy Slam|p1b: Floette\n|-supereffective|p1b: Floette|1\n|-damage|p1b: Floette|36/100\n|\n|upkeep\n|turn|13\n|\n|t:|1776240959\n|move|p1b: Floette|Dazzling Gleam|p2a: Aggron\n|-resisted|p2a: Aggron|1\n|-damage|p2a: Aggron|0 fnt\n|faint|p2a: Aggron\n|\n|win|benniovyalt\n|raw|benniovyalt's rating: 1327 &rarr; <strong>1351</strong><br />(+24 for winning)\n|raw|zeimei's rating: 1406 &rarr; <strong>1382</strong><br />(-24 for losing)\n|l|\u2606zeimei\n|player|p2|\n",
  "uploadtime": 1776241025,
  "views": 36,
  "formatid": "gen9championsvgc2026regma",
  "rating": 1351,
  "private": 0,
  "password": null
}