{
  "id": "gen9championsvgc2026regma-2588076707",
  "format": "[Gen 9 Champions] VGC 2026 Reg M-A",
  "players": [
    "TheBallistic1",
    "WazaGaza"
  ],
  "log": "|j|\u2606TheBallistic1\n|j|\u2606WazaGaza\n|t:|1776601527\n|gametype|doubles\n|player|p1|TheBallistic1|colress|1107\n|player|p2|WazaGaza|266|1162\n|gen|9\n|tier|[Gen 9 Champions] VGC 2026 Reg M-A\n|rated|\n|rule|Species Clause: Limit one of each Pok\u00e9mon\n|rule|Item Clause: Limit 1 of each item\n|clearpoke\n|poke|p1|Floette-Eternal, L50, F|\n|poke|p1|Charizard, L50, F|\n|poke|p1|Sneasler, L50, M|\n|poke|p1|Milotic, L50, F|\n|poke|p1|Incineroar, L50, F|\n|poke|p1|Sinistcha, L50|\n|poke|p2|Sableye, L50, F|\n|poke|p2|Maushold-Four, L50|\n|poke|p2|Starmie, L50|\n|poke|p2|Incineroar, L50, M|\n|poke|p2|Basculegion, L50, M|\n|poke|p2|Kingambit, L50, M|\n|teampreview|4\n|inactive|Battle timer is ON: inactive players will automatically lose when time's up. (requested by WazaGaza)\n|\n|t:|1776601557\n|teamsize|p1|4\n|teamsize|p2|4\n|start\n|switch|p1a: Incineroar|Incineroar, L50, F|100/100\n|switch|p1b: Charizard|Charizard, L50, F|100/100\n|switch|p2a: Sableye|Sableye, L50, F|100/100\n|switch|p2b: Starmie|Starmie, L50|100/100\n|-ability|p1a: Incineroar|Intimidate|boost\n|-unboost|p2a: Sableye|atk|1\n|-unboost|p2b: Starmie|atk|1\n|turn|1\n|inactive|WazaGaza has 30 seconds left.\n|\n|t:|1776601584\n|detailschange|p1b: Charizard|Charizard-Mega-Y, L50, F\n|-mega|p1b: Charizard|Charizard|Charizardite Y\n|-weather|SunnyDay|[from] ability: Drought|[of] p1b: Charizard\n|move|p2b: Starmie|Protect|p2b: Starmie\n|-singleturn|p2b: Starmie|Protect\n|move|p1a: Incineroar|Fake Out|p2b: Starmie\n|-activate|p2b: Starmie|move: Protect\n|move|p2a: Sableye|Sucker Punch|p1b: Charizard\n|-damage|p1b: Charizard|82/100\n|move|p1b: Charizard|Heat Wave|p2a: Sableye|[spread] p2a\n|-activate|p2b: Starmie|move: Protect\n|-damage|p2a: Sableye|16/100\n|\n|-weather|SunnyDay|[upkeep]\n|upkeep\n|turn|2\n|inactive|TheBallistic1 has 30 seconds left.\n|\n|t:|1776601610\n|detailschange|p2b: Starmie|Starmie-Mega, L50\n|-mega|p2b: Starmie|Starmie|Starminite\n|move|p2a: Sableye|Gravity|p2a: Sableye\n|-fieldstart|move: Gravity\n|move|p2b: Starmie|Self-Destruct|p1b: Charizard|[spread] p1a,p1b\n|-immune|p2a: Sableye\n|-damage|p1a: Incineroar|48/100\n|-damage|p1b: Charizard|2/100\n|-enditem|p1a: Incineroar|Sitrus Berry|[eat]\n|-heal|p1a: Incineroar|73/100|[from] item: Sitrus Berry\n|faint|p2b: Starmie\n|move|p1b: Charizard|Heat Wave|p2a: Sableye\n|-damage|p2a: Sableye|0 fnt\n|faint|p2a: Sableye\n|move|p1a: Incineroar|Darkest Lariat|p2: Sableye|[notarget]\n|-fail|p1a: Incineroar\n|\n|-weather|SunnyDay|[upkeep]\n|upkeep\n|\n|t:|1776601625\n|switch|p2b: Basculegion|Basculegion, L50, M|100/100\n|switch|p2a: Maushold|Maushold-Four, L50|100/100\n|turn|3\n|\n|t:|1776601635\n|switch|p1b: Sinistcha|Sinistcha, L50|100/100\n|-heal|p1a: Incineroar|98/100|[from] ability: Hospitality|[of] p1b: Sinistcha\n|move|p2b: Basculegion|Last Respects|p1b: Sinistcha\n|-supereffective|p1b: Sinistcha|1\n|-damage|p1b: Sinistcha|0 fnt\n|faint|p1b: Sinistcha\n|move|p2a: Maushold|Population Bomb|p1a: Incineroar\n|-damage|p1a: Incineroar|85/100\n|-damage|p1a: Incineroar|73/100\n|-damage|p1a: Incineroar|61/100\n|-damage|p1a: Incineroar|48/100\n|-damage|p1a: Incineroar|35/100\n|-damage|p1a: Incineroar|23/100\n|-damage|p1a: Incineroar|10/100\n|-damage|p1a: Incineroar|0 fnt\n|faint|p1a: Incineroar\n|-hitcount|p1: Incineroar|8\n|\n|-weather|SunnyDay|[upkeep]\n|upkeep\n|\n|t:|1776601648\n|switch|p1b: Sneasler|Sneasler, L50, M|100/100\n|switch|p1a: Charizard|Charizard-Mega-Y, L50, F|2/100\n|turn|4\n|\n|t:|1776601665\n|move|p2a: Maushold|Protect|p2a: Maushold\n|-singleturn|p2a: Maushold|Protect\n|move|p2b: Basculegion|Last Respects|p1a: Charizard\n|-damage|p1a: Charizard|0 fnt\n|faint|p1a: Charizard\n|move|p1b: Sneasler|Close Combat|p2a: Maushold\n|-activate|p2a: Maushold|move: Protect\n|\n|-weather|SunnyDay|[upkeep]\n|upkeep\n|turn|5\n|\n|t:|1776601677\n|move|p2b: Basculegion|Last Respects|p1b: Sneasler\n|-damage|p1b: Sneasler|0 fnt\n|faint|p1b: Sneasler\n|\n|win|WazaGaza\n|raw|TheBallistic1's rating: 1107 &rarr; <strong>1086</strong><br />(-21 for losing)\n|raw|WazaGaza's rating: 1162 &rarr; <strong>1183</strong><br />(+21 for winning)\n",
  "uploadtime": 1776601681,
  "views": 10,
  "formatid": "gen9championsvgc2026regma",
  "rating": 1086,
  "private": 0,
  "password": null
}