{
  "id": "gen9championsvgc2026regma-2584509246",
  "format": "[Gen 9 Champions] VGC 2026 Reg M-A",
  "players": [
    "dkapflzksh",
    "SilphGambleR"
  ],
  "log": "|j|\u2606dkapflzksh\n|j|\u2606SilphGambleR\n|t:|1776265546\n|gametype|doubles\n|player|p1|dkapflzksh|scientist-gen4dp|1356\n|player|p2|SilphGambleR|2|1344\n|gen|9\n|tier|[Gen 9 Champions] VGC 2026 Reg M-A\n|rated|\n|rule|Species Clause: Limit one of each Pok\u00e9mon\n|rule|Item Clause: Limit 1 of each item\n|clearpoke\n|poke|p1|Pelipper, L50, F|\n|poke|p1|Basculegion, L50, M|\n|poke|p1|Dragonite, L50, M|\n|poke|p1|Archaludon, L50, F|\n|poke|p1|Incineroar, L50, M|\n|poke|p1|Floette-Eternal, L50, F|\n|poke|p2|Gardevoir, L50, F|\n|poke|p2|Weavile, L50, M|\n|poke|p2|Sneasler, L50, M|\n|poke|p2|Archaludon, L50, M|\n|poke|p2|Skeledirge, L50, M|\n|poke|p2|Farigiraf, L50, M|\n|teampreview|4\n|inactive|Battle timer is ON: inactive players will automatically lose when time's up. (requested by SilphGambleR)\n|inactive|dkapflzksh has 60 seconds left.\n|\n|t:|1776265582\n|teamsize|p1|4\n|teamsize|p2|4\n|start\n|switch|p1a: Pelipper|Pelipper, L50, F, shiny|100/100\n|switch|p1b: Basculegion|Basculegion, L50, M, shiny|100/100\n|switch|p2a: Archaludon|Archaludon, L50, M|100/100\n|switch|p2b: Farigiraf|Farigiraf, L50, M|100/100\n|-weather|RainDance|[from] ability: Drizzle|[of] p1a: Pelipper\n|turn|1\n|\n|t:|1776265596\n|move|p1b: Basculegion|Flip Turn|p2b: Farigiraf\n|-damage|p2b: Farigiraf|52/100\n|\n|t:|1776265603\n|switch|p1b: Archaludon|Archaludon, L50, F, shiny|100/100|[from] Flip Turn\n|move|p1a: Pelipper|U-turn|p2b: Farigiraf\n|-supereffective|p2b: Farigiraf|1\n|-crit|p2b: Farigiraf\n|-damage|p2b: Farigiraf|27/100\n|-enditem|p2b: Farigiraf|Sitrus Berry|[eat]\n|-heal|p2b: Farigiraf|52/100|[from] item: Sitrus Berry\n|\n|t:|1776265611\n|switch|p1a: Incineroar|Incineroar, L50, M|100/100|[from] U-turn\n|-ability|p1a: Incineroar|Intimidate|boost\n|-unboost|p2a: Archaludon|atk|1\n|-unboost|p2b: Farigiraf|atk|1\n|move|p2a: Archaludon|Thunderbolt|p1a: Incineroar\n|-damage|p1a: Incineroar|77/100\n|move|p2b: Farigiraf|Trick Room|p2b: Farigiraf\n|-fieldstart|move: Trick Room|[of] p2b: Farigiraf\n|\n|-weather|RainDance|[upkeep]\n|upkeep\n|turn|2\n|inactive|dkapflzksh has 30 seconds left.\n|\n|t:|1776265640\n|move|p2b: Farigiraf|Imprison|p2b: Farigiraf\n|-start|p2b: Farigiraf|move: Imprison\n|move|p1a: Incineroar|Throat Chop|p2b: Farigiraf\n|-supereffective|p2b: Farigiraf|1\n|-damage|p2b: Farigiraf|0 fnt\n|faint|p2b: Farigiraf\n|move|p2a: Archaludon|Aura Sphere|p1b: Archaludon\n|-supereffective|p1b: Archaludon|1\n|-damage|p1b: Archaludon|41/100\n|-ability|p1b: Archaludon|Stamina|boost\n|-boost|p1b: Archaludon|def|1\n|move|p1b: Archaludon|Dragon Pulse|p2a: Archaludon\n|-damage|p2a: Archaludon|47/100\n|-ability|p2a: Archaludon|Stamina|boost\n|-boost|p2a: Archaludon|def|1\n|\n|-weather|RainDance|[upkeep]\n|-heal|p1b: Archaludon|47/100|[from] item: Leftovers\n|upkeep\n|\n|t:|1776265651\n|switch|p2b: Skeledirge|Skeledirge, L50, M|100/100\n|turn|3\n|\n|t:|1776265670\n|switch|p1b: Basculegion|Basculegion, L50, M, shiny|100/100\n|move|p1a: Incineroar|Throat Chop|p2b: Skeledirge\n|-supereffective|p2b: Skeledirge|1\n|-damage|p2b: Skeledirge|46/100\n|-start|p2b: Skeledirge|Throat Chop|[silent]\n|move|p2b: Skeledirge|Scorching Sands|p1b: Basculegion\n|-damage|p1b: Basculegion|74/100\n|move|p2a: Archaludon|Aura Sphere|p1b: Basculegion\n|-immune|p1b: Basculegion\n|\n|-weather|RainDance|[upkeep]\n|upkeep\n|turn|4\n|inactive|dkapflzksh has 30 seconds left.\n|\n|t:|1776265696\n|switch|p1b: Archaludon|Archaludon, L50, F, shiny|47/100\n|move|p1a: Incineroar|Throat Chop|p2b: Skeledirge\n|-supereffective|p2b: Skeledirge|1\n|-damage|p2b: Skeledirge|0 fnt\n|faint|p2b: Skeledirge\n|move|p2a: Archaludon|Aura Sphere|p1a: Incineroar\n|-supereffective|p1a: Incineroar|1\n|-enditem|p1a: Incineroar|Chople Berry|[eat]\n|-enditem|p1a: Incineroar|Chople Berry|[weaken]\n|-damage|p1a: Incineroar|52/100\n|\n|-weather|RainDance|[upkeep]\n|-heal|p1b: Archaludon|54/100|[from] item: Leftovers\n|upkeep\n|\n|t:|1776265702\n|switch|p2b: Gardevoir|Gardevoir, L50, F|100/100\n|-ability|p2b: Gardevoir|Intimidate|Trace|[from] ability: Trace|[of] p1a: Incineroar\n|-ability|p2b: Gardevoir|Intimidate|boost\n|-unboost|p1a: Incineroar|atk|1\n|-unboost|p1b: Archaludon|atk|1\n|turn|5\n|inactive|dkapflzksh has 30 seconds left.\n|\n|t:|1776265734\n|move|p1b: Archaludon|Protect|p1b: Archaludon\n|-singleturn|p1b: Archaludon|Protect\n|move|p2b: Gardevoir|Protect|p2b: Gardevoir\n|-singleturn|p2b: Gardevoir|Protect\n|move|p1a: Incineroar|Throat Chop|p2b: Gardevoir\n|-activate|p2b: Gardevoir|move: Protect\n|move|p2a: Archaludon|Aura Sphere|p1b: Archaludon\n|-activate|p1b: Archaludon|move: Protect\n|\n|-weather|none\n|-heal|p1b: Archaludon|60/100|[from] item: Leftovers\n|-fieldend|move: Trick Room\n|upkeep\n|turn|6\n|\n|t:|1776265758\n|detailschange|p2b: Gardevoir|Gardevoir-Mega, L50, F\n|-mega|p2b: Gardevoir|Gardevoir|Gardevoirite\n|move|p2b: Gardevoir|Hyper Voice|p1b: Archaludon|[spread] p1a,p1b\n|-damage|p1a: Incineroar|10/100\n|-damage|p1b: Archaludon|7/100\n|-ability|p1b: Archaludon|Stamina|boost\n|-boost|p1b: Archaludon|def|1\n|move|p1b: Archaludon|Dragon Pulse|p2a: Archaludon\n|-damage|p2a: Archaludon|0 fnt\n|faint|p2a: Archaludon\n|move|p1a: Incineroar|Throat Chop|p2b: Gardevoir\n|-damage|p2b: Gardevoir|63/100\n|-start|p2b: Gardevoir|Throat Chop|[silent]\n|\n|-heal|p1b: Archaludon|13/100|[from] item: Leftovers\n|upkeep\n|turn|7\n|inactive|SilphGambleR has 30 seconds left.\n|inactive|SilphGambleR has 20 seconds left.\n|inactive|SilphGambleR has 15 seconds left.\n|\n|t:|1776265799\n|switch|p1a: Basculegion|Basculegion, L50, M, shiny|74/100\n|move|p1b: Archaludon|Protect|p1b: Archaludon\n|-singleturn|p1b: Archaludon|Protect\n|move|p2b: Gardevoir|Aura Sphere|p1a: Basculegion\n|-immune|p1a: Basculegion\n|\n|-heal|p1b: Archaludon|19/100|[from] item: Leftovers\n|-end|p2b: Gardevoir|Throat Chop|[silent]\n|upkeep\n|turn|8\n|-message|SilphGambleR forfeited.\n|\n|win|dkapflzksh\n|raw|dkapflzksh's rating: 1356 &rarr; <strong>1375</strong><br />(+19 for winning)\n|raw|SilphGambleR's rating: 1344 &rarr; <strong>1325</strong><br />(-19 for losing)\n",
  "uploadtime": 1776265805,
  "views": 43,
  "formatid": "gen9championsvgc2026regma",
  "rating": 1325,
  "private": 0,
  "password": null
}