{
  "id": "gen9championsvgc2026regma-2586554253",
  "format": "[Gen 9 Champions] VGC 2026 Reg M-A",
  "players": [
    "PlsHelpNow",
    "fewvevokuruta"
  ],
  "log": "|j|\u2606PlsHelpNow\n|j|\u2606fewvevokuruta\n|t:|1776442667\n|gametype|doubles\n|player|p1|PlsHelpNow|2|1200\n|player|p2|fewvevokuruta|101|1112\n|gen|9\n|tier|[Gen 9 Champions] VGC 2026 Reg M-A\n|rated|\n|rule|Species Clause: Limit one of each Pok\u00e9mon\n|rule|Item Clause: Limit 1 of each item\n|clearpoke\n|poke|p1|Charizard, L50, M|\n|poke|p1|Clefable, L50, F|\n|poke|p1|Sneasler, L50, F|\n|poke|p1|Whimsicott, L50, F|\n|poke|p1|Alakazam, L50, M|\n|poke|p1|Araquanid, L50, M|\n|poke|p2|Whimsicott, L50, F|\n|poke|p2|Charizard, L50, F|\n|poke|p2|Basculegion, L50, M|\n|poke|p2|Floette-Eternal, L50, F|\n|poke|p2|Incineroar, L50, F|\n|poke|p2|Lucario, L50, M|\n|teampreview|4\nfewvevokuruta rejected open team sheets.\n|\n|t:|1776442731\n|teamsize|p1|4\n|teamsize|p2|4\n|start\n|switch|p1a: Charizard|Charizard, L50, M|100/100\n|switch|p1b: Clefable|Clefable, L50, F|100/100\n|switch|p2a: Whimsicott|Whimsicott, L50, F|100/100\n|switch|p2b: Charizard|Charizard, L50, F|100/100\n|turn|1\n|\n|t:|1776442765\n|switch|p2b: Basculegion|Basculegion, L50, M|100/100\n|detailschange|p1a: Charizard|Charizard-Mega-X, L50, M\n|-mega|p1a: Charizard|Charizard|Charizardite X\n|move|p2a: Whimsicott|Tailwind|p2a: Whimsicott\n|-sidestart|p2: fewvevokuruta|move: Tailwind\n|move|p1a: Charizard|Dragon Dance|p1a: Charizard\n|-boost|p1a: Charizard|atk|1\n|-boost|p1a: Charizard|spe|1\n|move|p1b: Clefable|Moonblast|p2a: Whimsicott\n|-damage|p2a: Whimsicott|52/100\n|\n|upkeep\n|turn|2\n|\n|t:|1776442798\n|move|p1a: Charizard|Protect|p1a: Charizard\n|-singleturn|p1a: Charizard|Protect\n|move|p2b: Basculegion|Flip Turn|p1a: Charizard\n|-activate|p1a: Charizard|move: Protect\n|move|p2a: Whimsicott|Dazzling Gleam|p1a: Charizard|[spread] p1b\n|-activate|p1a: Charizard|move: Protect\n|-damage|p1b: Clefable|81/100\n|move|p1b: Clefable|Moonblast|p2a: Whimsicott\n|-damage|p2a: Whimsicott|3/100\n|\n|upkeep\n|turn|3\n|\n|t:|1776442823\n|move|p2a: Whimsicott|Protect|p2a: Whimsicott\n|-singleturn|p2a: Whimsicott|Protect\n|move|p1b: Clefable|Follow Me|p1b: Clefable\n|-singleturn|p1b: Clefable|move: Follow Me\n|move|p2b: Basculegion|Flip Turn|p1b: Clefable\n|-damage|p1b: Clefable|49/100\n|-enditem|p1b: Clefable|Sitrus Berry|[eat]\n|-heal|p1b: Clefable|74/100|[from] item: Sitrus Berry\n|\n|t:|1776442831\n|switch|p2b: Floette|Floette-Eternal, L50, F|100/100|[from] Flip Turn\n|move|p1a: Charizard|Breaking Swipe|p2a: Whimsicott|[spread] \n|-activate|p2a: Whimsicott|move: Protect\n|-immune|p2b: Floette\n|\n|upkeep\n|turn|4\n|\n|t:|1776442853\n|switch|p2a: Basculegion|Basculegion, L50, M|100/100\n|switch|p1b: Araquanid|Araquanid, L50, M, shiny|100/100\n|detailschange|p2b: Floette|Floette-Mega, L50, F\n|-mega|p2b: Floette|Floette|Floettite\n|-ability|p2b: Floette|Fairy Aura\n|move|p2b: Floette|Dazzling Gleam|p1b: Araquanid|[spread] p1a,p1b\n|-damage|p1a: Charizard|44/100\n|-damage|p1b: Araquanid|64/100\n|move|p1a: Charizard|Fire Punch|p2a: Basculegion\n|-resisted|p2a: Basculegion|1\n|-damage|p2a: Basculegion|50/100\n|\n|-heal|p1b: Araquanid|70/100|[from] item: Leftovers\n|-sideend|p2: fewvevokuruta|move: Tailwind\n|upkeep\n|turn|5\n|\n|t:|1776442879\n|move|p2b: Floette|Protect|p2b: Floette\n|-singleturn|p2b: Floette|Protect\n|move|p1b: Araquanid|Wide Guard|p1b: Araquanid\n|-singleturn|p1b: Araquanid|Wide Guard\n|move|p2a: Basculegion|Aqua Jet|p1a: Charizard\n|-damage|p1a: Charizard|16/100\n|move|p1a: Charizard|Fire Punch|p2a: Basculegion\n|-resisted|p2a: Basculegion|1\n|-damage|p2a: Basculegion|0 fnt\n|faint|p2a: Basculegion\n|\n|-heal|p1b: Araquanid|76/100|[from] item: Leftovers\n|upkeep\n|\n|t:|1776442888\n|switch|p2a: Whimsicott|Whimsicott, L50, F|3/100\n|turn|6\n|\n|t:|1776442928\n|move|p1b: Araquanid|Wide Guard|p1b: Araquanid\n|-singleturn|p1b: Araquanid|Wide Guard\n|move|p2a: Whimsicott|Tailwind|p2a: Whimsicott\n|-sidestart|p2: fewvevokuruta|move: Tailwind\n|move|p2b: Floette|Chilling Water|p1a: Charizard\n|-damage|p1a: Charizard|0 fnt\n|faint|p1a: Charizard\n|\n|-heal|p1b: Araquanid|82/100|[from] item: Leftovers\n|upkeep\n|\n|t:|1776442945\n|switch|p1a: Sneasler|Sneasler, L50, F, shiny|100/100\n|turn|7\n|\n|t:|1776442967\n|switch|p2b: Charizard|Charizard, L50, F|100/100\n|move|p2a: Whimsicott|Protect|p2a: Whimsicott\n|-singleturn|p2a: Whimsicott|Protect\n|move|p1b: Araquanid|Wide Guard|p1b: Araquanid\n|-singleturn|p1b: Araquanid|Wide Guard\n|move|p1a: Sneasler|Close Combat|p2a: Whimsicott\n|-activate|p2a: Whimsicott|move: Protect\n|\n|-heal|p1b: Araquanid|87/100|[from] item: Leftovers\n|upkeep\n|turn|8\n|\n|t:|1776442991\n|switch|p2a: Floette|Floette-Mega, L50, F|100/100\n|-ability|p2a: Floette|Fairy Aura\n|switch|p1b: Clefable|Clefable, L50, F|74/100\n|move|p1a: Sneasler|Protect|p1a: Sneasler\n|-singleturn|p1a: Sneasler|Protect\n|move|p2b: Charizard|Scorching Sands|p1a: Sneasler\n|-activate|p1a: Sneasler|move: Protect\n|\n|upkeep\n|turn|9\n|\n|t:|1776443024\n|move|p1b: Clefable|Follow Me|p1b: Clefable\n|-singleturn|p1b: Clefable|move: Follow Me\n|move|p2b: Charizard|Scorching Sands|p1b: Clefable\n|-damage|p1b: Clefable|52/100\n|move|p2a: Floette|Dazzling Gleam|p1a: Sneasler|[spread] p1a,p1b\n|-damage|p1a: Sneasler|29/100\n|-damage|p1b: Clefable|1/100\n|move|p1a: Sneasler|Close Combat|p2b: Charizard\n|-resisted|p2b: Charizard|1\n|-damage|p2b: Charizard|57/100\n|-unboost|p1a: Sneasler|def|1\n|-unboost|p1a: Sneasler|spd|1\n|-enditem|p1a: Sneasler|White Herb\n|-clearnegativeboost|p1a: Sneasler|[silent]\n|\n|-sideend|p2: fewvevokuruta|move: Tailwind\n|upkeep\n|turn|10\n|\n|t:|1776443051\n|switch|p2b: Whimsicott|Whimsicott, L50, F|3/100\n|move|p1a: Sneasler|Protect|p1a: Sneasler\n|-singleturn|p1a: Sneasler|Protect\n|move|p1b: Clefable|Protect|p1b: Clefable\n|-singleturn|p1b: Clefable|Protect\n|move|p2a: Floette|Dazzling Gleam|p1a: Sneasler|[spread] \n|-activate|p1a: Sneasler|move: Protect\n|-activate|p1b: Clefable|move: Protect\n|\n|upkeep\n|turn|11\n|\n|t:|1776443081\n|move|p2b: Whimsicott|Tailwind|p2b: Whimsicott\n|-sidestart|p2: fewvevokuruta|move: Tailwind\n|move|p1a: Sneasler|Dire Claw|p2a: Floette\n|-supereffective|p2a: Floette|1\n|-damage|p2a: Floette|0 fnt\n|faint|p2a: Floette\n|move|p1b: Clefable|Moonblast|p2b: Whimsicott\n|-damage|p2b: Whimsicott|0 fnt\n|faint|p2b: Whimsicott\n|\n|upkeep\n|\n|t:|1776443092\n|switch|p2b: Charizard|Charizard, L50, F|57/100\n|turn|12\n|\n|t:|1776443119\n|move|p1b: Clefable|Helping Hand|p1a: Sneasler\n|-singleturn|p1a: Sneasler|Helping Hand|[of] p1b: Clefable\n|move|p1a: Sneasler|Dire Claw|p2b: Charizard\n|-damage|p2b: Charizard|0 fnt\n|faint|p2b: Charizard\n|\n|win|PlsHelpNow\n|raw|PlsHelpNow's rating: 1200 &rarr; <strong>1219</strong><br />(+19 for winning)\n|raw|fewvevokuruta's rating: 1112 &rarr; <strong>1093</strong><br />(-19 for losing)\n|c|\u2606fewvevokuruta|how could you be faster then me\n|c|\u2606fewvevokuruta|I was on tailwind\n",
  "uploadtime": 1776443266,
  "views": 40,
  "formatid": "gen9championsvgc2026regma",
  "rating": 1093,
  "private": 0,
  "password": null
}