{
  "id": "gen9championsvgc2026regma-2583413001",
  "format": "[Gen 9 Champions] VGC 2026 Reg M-A",
  "players": [
    "Mirthinion",
    "zAaaanzbz"
  ],
  "log": "|j|\u2606Mirthinion\n|j|\u2606zAaaanzbz\n|t:|1776173974\n|gametype|doubles\n|player|p1|Mirthinion|janitor|1000\n|player|p2|zAaaanzbz|101|1082\n|gen|9\n|tier|[Gen 9 Champions] VGC 2026 Reg M-A\n|rated|\n|rule|Species Clause: Limit one of each Pok\u00e9mon\n|rule|Item Clause: Limit 1 of each item\n|clearpoke\n|poke|p1|Tyranitar, L50, M|\n|poke|p1|Lycanroc, L50, M|\n|poke|p1|Primarina, L50, F|\n|poke|p1|Corviknight, L50, M|\n|poke|p1|Kommo-o, L50, M|\n|poke|p1|Aerodactyl, L50, M|\n|poke|p2|Zoroark-Hisui, L50, M|\n|poke|p2|Incineroar, L50, M|\n|poke|p2|Whimsicott, L50, F|\n|poke|p2|Sneasler, L50, F|\n|poke|p2|Farigiraf, L50, F|\n|poke|p2|Meganium, L50, M|\n|teampreview|4\n|inactive|Battle timer is ON: inactive players will automatically lose when time's up. (requested by Mirthinion)\n|inactive|Mirthinion has 60 seconds left.\n|inactive|Mirthinion has 30 seconds left.\n|\n|t:|1776174035\n|teamsize|p1|4\n|teamsize|p2|4\n|start\n|switch|p1a: Tyranitar|Tyranitar, L50, M|100/100\n|switch|p1b: Corviknight|Corviknight, L50, M|100/100\n|switch|p2a: Incineroar|Incineroar, L50, M|100/100\n|switch|p2b: Sneasler|Sneasler, L50, F, shiny|100/100\n|-ability|p2a: Incineroar|Intimidate|boost\n|-unboost|p1a: Tyranitar|atk|1\n|-ability|p1b: Corviknight|Mirror Armor\n|-unboost|p2a: Incineroar|atk|1\n|-weather|Sandstorm|[from] ability: Sand Stream|[of] p1a: Tyranitar\n|turn|1\n|\n|t:|1776174054\n|move|p1a: Tyranitar|Protect|p1a: Tyranitar\n|-singleturn|p1a: Tyranitar|Protect\n|move|p2b: Sneasler|Fake Out|p1a: Tyranitar\n|-activate|p1a: Tyranitar|move: Protect\n|move|p2a: Incineroar|Fake Out|p1b: Corviknight\n|-resisted|p1b: Corviknight|1\n|-damage|p1b: Corviknight|97/100\n|cant|p1b: Corviknight|flinch\n|\n|-weather|Sandstorm|[upkeep]\n|-damage|p2b: Sneasler|95/100|[from] Sandstorm\n|-damage|p2a: Incineroar|95/100|[from] Sandstorm\n|upkeep\n|turn|2\n|\n|t:|1776174077\n|switch|p1a: Primarina|Primarina, L50, F|100/100\n|move|p2b: Sneasler|Close Combat|p1a: Primarina\n|-resisted|p1a: Primarina|1\n|-damage|p1a: Primarina|63/100\n|-unboost|p2b: Sneasler|def|1\n|-unboost|p2b: Sneasler|spd|1\n|-enditem|p2b: Sneasler|White Herb\n|-clearnegativeboost|p2b: Sneasler|[silent]\n|move|p2a: Incineroar|Flare Blitz|p1b: Corviknight\n|-supereffective|p1b: Corviknight|1\n|-damage|p1b: Corviknight|43/100\n|-enditem|p1b: Corviknight|Sitrus Berry|[eat]\n|-heal|p1b: Corviknight|68/100|[from] item: Sitrus Berry\n|-damage|p2a: Incineroar|74/100|[from] Recoil\n|move|p1b: Corviknight|Brave Bird|p2b: Sneasler\n|-supereffective|p2b: Sneasler|1\n|-damage|p2b: Sneasler|0 fnt\n|faint|p2b: Sneasler\n|-damage|p1b: Corviknight|44/100|[from] Recoil\n|\n|-weather|Sandstorm|[upkeep]\n|-damage|p2a: Incineroar|68/100|[from] Sandstorm\n|-damage|p1a: Primarina|57/100|[from] Sandstorm\n|upkeep\n|inactive|zAaaanzbz has 30 seconds left.\n|\n|t:|1776174109\n|switch|p2b: Whimsicott|Whimsicott, L50, F|100/100\n|turn|3\n|\n|t:|1776174127\n|switch|p2a: Meganium|Meganium, L50, M, shiny|100/100\n|switch|p1b: Tyranitar|Tyranitar, L50, M|100/100\n|move|p2b: Whimsicott|Tailwind|p2b: Whimsicott\n|-sidestart|p2: zAaaanzbz|move: Tailwind\n|move|p1a: Primarina|Hyper Voice|p2b: Whimsicott|[spread] p2a,p2b\n|-resisted|p2a: Meganium|1\n|-resisted|p2b: Whimsicott|1\n|-crit|p2b: Whimsicott\n|-damage|p2a: Meganium|81/100\n|-damage|p2b: Whimsicott|69/100\n|\n|-weather|Sandstorm|[upkeep]\n|-damage|p2b: Whimsicott|63/100|[from] Sandstorm\n|-damage|p2a: Meganium|76/100|[from] Sandstorm\n|-damage|p1a: Primarina|51/100|[from] Sandstorm\n|-heal|p2b: Whimsicott|69/100|[from] item: Leftovers\n|upkeep\n|turn|4\n|inactive|Mirthinion has 30 seconds left.\n|inactive|zAaaanzbz has 30 seconds left.\n|\n|t:|1776174155\n|detailschange|p2a: Meganium|Meganium-Mega, L50, M, shiny\n|-mega|p2a: Meganium|Meganium|Meganiumite\n|detailschange|p1b: Tyranitar|Tyranitar-Mega, L50, M\n|-mega|p1b: Tyranitar|Tyranitar|Tyranitarite\n|move|p2b: Whimsicott|Leech Seed|p1b: Tyranitar\n|-hint|Since gen 7, Dark is immune to Prankster moves.\n|-immune|p1b: Tyranitar\n|move|p2a: Meganium|Dazzling Gleam|p1b: Tyranitar|[spread] p1a,p1b\n|-supereffective|p1b: Tyranitar|1\n|-damage|p1a: Primarina|17/100\n|-damage|p1b: Tyranitar|42/100\n|move|p1b: Tyranitar|Rock Slide|p2b: Whimsicott|[spread] p2a,p2b\n|-damage|p2a: Meganium|39/100\n|-damage|p2b: Whimsicott|35/100\n|move|p1a: Primarina|Moonblast|p2b: Whimsicott\n|-damage|p2b: Whimsicott|0 fnt\n|faint|p2b: Whimsicott\n|\n|-weather|Sandstorm|[upkeep]\n|-damage|p2a: Meganium|33/100|[from] Sandstorm\n|-damage|p1a: Primarina|11/100|[from] Sandstorm\n|upkeep\n|\n|t:|1776174179\n|switch|p2b: Incineroar|Incineroar, L50, M|68/100\n|-ability|p2b: Incineroar|Intimidate|boost\n|-unboost|p1a: Primarina|atk|1\n|-unboost|p1b: Tyranitar|atk|1\n|turn|5\n|-activate|p1a: Primarina|item: Quick Claw\n|\n|t:|1776174190\n|move|p1a: Primarina|Protect|p1a: Primarina\n|-singleturn|p1a: Primarina|Protect\n|move|p1b: Tyranitar|Protect|p1b: Tyranitar\n|-singleturn|p1b: Tyranitar|Protect\n|move|p2b: Incineroar|Fake Out|p1b: Tyranitar\n|-activate|p1b: Tyranitar|move: Protect\n|move|p2a: Meganium|Dazzling Gleam|p1a: Primarina|[spread] \n|-activate|p1a: Primarina|move: Protect\n|-activate|p1b: Tyranitar|move: Protect\n|\n|-weather|none\n|upkeep\n|turn|6\n|inactive|Mirthinion has 30 seconds left.\n|-activate|p1a: Primarina|item: Quick Claw\n|\n|t:|1776174219\n|switch|p1b: Corviknight|Corviknight, L50, M|44/100\n|move|p2b: Incineroar|Protect|p2b: Incineroar\n|-singleturn|p2b: Incineroar|Protect\n|move|p1a: Primarina|Hyper Voice|p2b: Incineroar|[spread] p2a\n|-activate|p2b: Incineroar|move: Protect\n|-resisted|p2a: Meganium|1\n|-damage|p2a: Meganium|16/100\n|move|p2a: Meganium|Dazzling Gleam|p1a: Primarina|[spread] p1a,p1b\n|-resisted|p1b: Corviknight|1\n|-damage|p1a: Primarina|0 fnt\n|-damage|p1b: Corviknight|30/100\n|faint|p1a: Primarina\n|\n|-sideend|p2: zAaaanzbz|move: Tailwind\n|upkeep\n|\n|t:|1776174233\n|switch|p1a: Tyranitar|Tyranitar-Mega, L50, M|42/100\n|-weather|Sandstorm|[from] ability: Sand Stream|[of] p1a: Tyranitar\n|turn|7\n|\n|t:|1776174252\n|move|p2a: Meganium|Solar Beam||[still]\n|-prepare|p2a: Meganium|Solar Beam\n|-activate|p2a: Meganium|ability: Mega Sol\n|-anim|p2a: Meganium|Solar Beam|p1a: Tyranitar\n|-supereffective|p1a: Tyranitar|1\n|-damage|p1a: Tyranitar|0 fnt\n|faint|p1a: Tyranitar\n|move|p2b: Incineroar|Flare Blitz|p1b: Corviknight\n|-supereffective|p1b: Corviknight|1\n|-damage|p1b: Corviknight|0 fnt\n|faint|p1b: Corviknight\n|-damage|p2b: Incineroar|56/100|[from] Recoil\n|\n|-weather|Sandstorm|[upkeep]\n|-damage|p2a: Meganium|11/100|[from] Sandstorm\n|-damage|p2b: Incineroar|50/100|[from] Sandstorm\n|-enditem|p2b: Incineroar|Sitrus Berry|[eat]\n|-heal|p2b: Incineroar|75/100|[from] item: Sitrus Berry\n|upkeep\n|\n|t:|1776174268\n|switch|p1b: Lycanroc|Lycanroc, L50, M|100/100\n|turn|8\n|\n|t:|1776174291\n|move|p1b: Lycanroc|Accelerock|p2a: Meganium\n|-damage|p2a: Meganium|0 fnt\n|faint|p2a: Meganium\n|move|p2b: Incineroar|Darkest Lariat|p1b: Lycanroc\n|-damage|p1b: Lycanroc|33/100\n|\n|-weather|Sandstorm|[upkeep]\n|-damage|p2b: Incineroar|70/100|[from] Sandstorm\n|upkeep\n|turn|9\n|\n|t:|1776174302\n|move|p1b: Lycanroc|Close Combat|p2b: Incineroar\n|-supereffective|p2b: Incineroar|1\n|-damage|p2b: Incineroar|0 fnt\n|-unboost|p1b: Lycanroc|def|1\n|-unboost|p1b: Lycanroc|spd|1\n|faint|p2b: Incineroar\n|\n|win|Mirthinion\n|raw|Mirthinion's rating: 1000 &rarr; <strong>1049</strong><br />(+49 for winning)\n|raw|zAaaanzbz's rating: 1082 &rarr; <strong>1055</strong><br />(-27 for losing)\n",
  "uploadtime": 1776174311,
  "views": 18,
  "formatid": "gen9championsvgc2026regma",
  "rating": 1049,
  "private": 0,
  "password": null
}