{
  "id": "gen9championsvgc2026regma-2581348329",
  "format": "[Gen 9 Champions] VGC 2026 Reg M-A",
  "players": [
    "mo3az",
    "femiana"
  ],
  "log": "|j|\u2606mo3az\n|j|\u2606femiana\n|t:|1775990009\n|gametype|doubles\n|player|p1|mo3az|hilbert-wonderlauncher|1104\n|player|p2|femiana|265|1024\n|gen|9\n|tier|[Gen 9 Champions] VGC 2026 Reg M-A\n|rated|\n|rule|Species Clause: Limit one of each Pok\u00e9mon\n|rule|Item Clause: Limit 1 of each item\n|clearpoke\n|poke|p1|Chesnaught, L50, M|\n|poke|p1|Empoleon, L50, M|\n|poke|p1|Chandelure, L50, M|\n|poke|p1|Tyranitar, L50, F|\n|poke|p1|Garchomp, L50, M|\n|poke|p1|Farigiraf, L50, M|\n|poke|p2|Dragonite, L50, F|\n|poke|p2|Torterra, L50, M|\n|poke|p2|Infernape, L50, M|\n|poke|p2|Sinistcha, L50|\n|poke|p2|Maushold, L50|\n|poke|p2|Empoleon, L50, F|\n|teampreview|4\n|inactive|Battle timer is ON: inactive players will automatically lose when time's up. (requested by mo3az)\n|\n|t:|1775990039\n|teamsize|p1|4\n|teamsize|p2|4\n|start\n|switch|p1a: Chesnaught|Chesnaught, L50, M|100/100\n|switch|p1b: Chandelure|Chandelure, L50, M|100/100\n|switch|p2a: Torterra|Torterra, L50, M|100/100\n|switch|p2b: Maushold|Maushold, L50|100/100\n|turn|1\n|inactive|femiana has 30 seconds left.\n|\n|t:|1775990065\n|switch|p2a: Dragonite|Dragonite, L50, F|100/100\n|detailschange|p1a: Chesnaught|Chesnaught-Mega, L50, M\n|-mega|p1a: Chesnaught|Chesnaught|Chesnaughtite\n|move|p1a: Chesnaught|Spiky Shield|p1a: Chesnaught\n|-singleturn|p1a: Chesnaught|move: Protect\n|move|p2b: Maushold|Population Bomb|p1a: Chesnaught\n|-activate|p1a: Chesnaught|move: Protect\n|-damage|p2b: Maushold|89/100|[from] Spiky Shield|[of] p1a: Chesnaught\n|move|p1b: Chandelure|Trick Room|p1b: Chandelure\n|-fieldstart|move: Trick Room|[of] p1b: Chandelure\n|\n|upkeep\n|turn|2\n|inactive|femiana has 30 seconds left.\n|\n|t:|1775990090\n|detailschange|p2a: Dragonite|Dragonite-Mega, L50, F\n|-mega|p2a: Dragonite|Dragonite|Dragoninite\n|move|p2a: Dragonite|Protect|p2a: Dragonite\n|-singleturn|p2a: Dragonite|Protect\n|move|p2b: Maushold|Protect|p2b: Maushold\n|-singleturn|p2b: Maushold|Protect\n|move|p1a: Chesnaught|Rock Slide|p2b: Maushold|[spread] \n|-activate|p2a: Dragonite|move: Protect\n|-activate|p2b: Maushold|move: Protect\n|move|p1b: Chandelure|Shadow Ball|p2a: Dragonite\n|-activate|p2a: Dragonite|move: Protect\n|\n|upkeep\n|turn|3\n|inactive|mo3az has 30 seconds left.\n|inactive|mo3az has 20 seconds left.\n|inactive|mo3az has 15 seconds left.\n|\n|t:|1775990133\n|switch|p2a: Torterra|Torterra, L50, M|100/100\n|switch|p2b: Sinistcha|Sinistcha, L50|100/100\n|move|p1a: Chesnaught|Rock Slide|p2a: Torterra|[spread] p2a,p2b\n|-resisted|p2a: Torterra|1\n|-damage|p2a: Torterra|93/100\n|-damage|p2b: Sinistcha|81/100\n|move|p1b: Chandelure|Heat Wave|p2b: Sinistcha|[spread] p2a,p2b\n|-supereffective|p2a: Torterra|1\n|-supereffective|p2b: Sinistcha|1\n|-crit|p2b: Sinistcha\n|-damage|p2a: Torterra|11/100\n|-damage|p2b: Sinistcha|0 fnt\n|faint|p2b: Sinistcha\n|\n|upkeep\n|\n|t:|1775990148\n|switch|p2b: Dragonite|Dragonite-Mega, L50, F|100/100\n|turn|4\n|\n|t:|1775990155\n|move|p1a: Chesnaught|Rock Slide|p2a: Torterra|[spread] p2a,p2b\n|-resisted|p2a: Torterra|1\n|-supereffective|p2b: Dragonite|1\n|-damage|p2a: Torterra|3/100\n|-damage|p2b: Dragonite|82/100\n|move|p2a: Torterra|Earthquake|p1a: Chesnaught|[spread] p1a,p1b\n|-immune|p2b: Dragonite\n|-resisted|p1a: Chesnaught|1\n|-supereffective|p1b: Chandelure|1\n|-damage|p1a: Chesnaught|91/100\n|-damage|p1b: Chandelure|14/100\n|move|p1b: Chandelure|Heat Wave|p2a: Torterra|[spread] p2a,p2b\n|-supereffective|p2a: Torterra|1\n|-resisted|p2b: Dragonite|1\n|-damage|p2a: Torterra|0 fnt\n|-damage|p2b: Dragonite|66/100\n|faint|p2a: Torterra\n|cant|p2b: Dragonite|flinch\n|\n|upkeep\n|\n|t:|1775990171\n|switch|p2a: Maushold|Maushold, L50|89/100\n|turn|5\n|\n|t:|1775990176\n|move|p2b: Dragonite|Protect|p2b: Dragonite\n|-singleturn|p2b: Dragonite|Protect\n|move|p2a: Maushold|Protect|p2a: Maushold\n|-singleturn|p2a: Maushold|Protect\n|move|p1a: Chesnaught|Body Press|p2a: Maushold\n|-activate|p2a: Maushold|move: Protect\n|move|p1b: Chandelure|Shadow Ball|p2b: Dragonite\n|-activate|p2b: Dragonite|move: Protect\n|\n|-fieldend|move: Trick Room\n|upkeep\n|turn|6\n|inactive|femiana has 30 seconds left.\n|\n|t:|1775990202\n|move|p1a: Chesnaught|Spiky Shield|p1a: Chesnaught\n|-singleturn|p1a: Chesnaught|move: Protect\n|move|p2a: Maushold|Population Bomb|p1a: Chesnaught\n|-activate|p1a: Chesnaught|move: Protect\n|-damage|p2a: Maushold|77/100|[from] Spiky Shield|[of] p1a: Chesnaught\n|move|p2b: Dragonite|Dragon Pulse|p1b: Chandelure\n|-damage|p1b: Chandelure|0 fnt\n|faint|p1b: Chandelure\n|\n|upkeep\n|inactive|mo3az has 30 seconds left.\n|\n|t:|1775990230\n|switch|p1b: Empoleon|Empoleon, L50, M|100/100\n|turn|7\n|\n|t:|1775990243\n|move|p2a: Maushold|Helping Hand|p2b: Dragonite\n|-singleturn|p2b: Dragonite|Helping Hand|[of] p2a: Maushold\n|move|p2b: Dragonite|Heat Wave|p1b: Empoleon|[spread] p1a,p1b\n|-supereffective|p1a: Chesnaught|1\n|-damage|p1a: Chesnaught|0 fnt\n|-damage|p1b: Empoleon|59/100\n|faint|p1a: Chesnaught\n|move|p1b: Empoleon|Ice Beam|p2b: Dragonite\n|-supereffective|p2b: Dragonite|2\n|-damage|p2b: Dragonite|2/100\n|\n|upkeep\n|\n|t:|1775990254\n|switch|p1a: Garchomp|Garchomp, L50, M|100/100\n|turn|8\n|\n|t:|1775990267\n|move|p2a: Maushold|Follow Me|p2a: Maushold\n|-singleturn|p2a: Maushold|move: Follow Me\n|move|p2b: Dragonite|Ice Beam|p1a: Garchomp\n|-supereffective|p1a: Garchomp|2\n|-damage|p1a: Garchomp|0 fnt\n|faint|p1a: Garchomp\n|move|p1b: Empoleon|Flash Cannon|p2a: Maushold\n|-damage|p2a: Maushold|17/100\n|\n|upkeep\n|turn|9\n|\n|t:|1775990289\n|move|p2a: Maushold|Population Bomb|p1b: Empoleon\n|-resisted|p1b: Empoleon|1\n|-damage|p1b: Empoleon|55/100\n|-resisted|p1b: Empoleon|1\n|-damage|p1b: Empoleon|51/100\n|-resisted|p1b: Empoleon|1\n|-damage|p1b: Empoleon|48/100\n|-enditem|p1b: Empoleon|Sitrus Berry|[eat]\n|-heal|p1b: Empoleon|72/100|[from] item: Sitrus Berry\n|-resisted|p1b: Empoleon|1\n|-damage|p1b: Empoleon|68/100\n|-resisted|p1b: Empoleon|1\n|-damage|p1b: Empoleon|64/100\n|-resisted|p1b: Empoleon|1\n|-damage|p1b: Empoleon|60/100\n|-resisted|p1b: Empoleon|1\n|-damage|p1b: Empoleon|56/100\n|-resisted|p1b: Empoleon|1\n|-damage|p1b: Empoleon|52/100\n|-resisted|p1b: Empoleon|1\n|-damage|p1b: Empoleon|48/100\n|-resisted|p1b: Empoleon|1\n|-damage|p1b: Empoleon|44/100\n|-hitcount|p1b: Empoleon|10\n|move|p2b: Dragonite|Heat Wave|p1b: Empoleon|[miss]\n|-miss|p2b: Dragonite|p1b: Empoleon\n|move|p1b: Empoleon|Surf|p2a: Maushold|[spread] p2a,p2b\n|-resisted|p2b: Dragonite|1\n|-damage|p2a: Maushold|0 fnt\n|-damage|p2b: Dragonite|0 fnt\n|faint|p2a: Maushold\n|faint|p2b: Dragonite\n|\n|win|mo3az\n|raw|mo3az's rating: 1104 &rarr; <strong>1123</strong><br />(+19 for winning)\n|raw|femiana's rating: 1024 &rarr; <strong>1013</strong><br />(-11 for losing)\n|c|\u2606mo3az|Gg\n",
  "uploadtime": 1775990301,
  "views": 15,
  "formatid": "gen9championsvgc2026regma",
  "rating": 1013,
  "private": 0,
  "password": null
}