{
  "id": "gen9championsvgc2026regma-2582182060",
  "format": "[Gen 9 Champions] VGC 2026 Reg M-A",
  "players": [
    "vfgerhgre342tg",
    "Kamad3va"
  ],
  "log": "|j|\u2606vfgerhgre342tg\n|j|\u2606Kamad3va\n|t:|1776068355\n|gametype|doubles\n|player|p1|vfgerhgre342tg|170|1081\n|player|p2|Kamad3va|cynthia|1103\n|gen|9\n|tier|[Gen 9 Champions] VGC 2026 Reg M-A\n|rated|\n|rule|Species Clause: Limit one of each Pok\u00e9mon\n|rule|Item Clause: Limit 1 of each item\n|clearpoke\n|poke|p1|Charizard, L50, F|\n|poke|p1|Dragonite, L50, F|\n|poke|p1|Azumarill, L50, M|\n|poke|p1|Whimsicott, L50, F|\n|poke|p1|Corviknight, L50, M|\n|poke|p1|Sneasler, L50, F|\n|poke|p2|Archaludon, L50, F|\n|poke|p2|Pelipper, L50, F|\n|poke|p2|Farigiraf, L50, F|\n|poke|p2|Sinistcha, L50|\n|poke|p2|Dragonite, L50, M|\n|poke|p2|Basculegion, L50, M|\n|teampreview|4\n|inactive|Battle timer is ON: inactive players will automatically lose when time's up. (requested by vfgerhgre342tg)\n|\n|t:|1776068390\n|teamsize|p1|4\n|teamsize|p2|4\n|start\n|switch|p1a: Azumarill|Azumarill, L50, M|100/100\n|switch|p1b: Whimsicott|Whimsicott, L50, F|100/100\n|switch|p2a: Archaludon|Archaludon, L50, F|100/100\n|switch|p2b: Farigiraf|Farigiraf, L50, F|100/100\n|turn|1\n|inactive|Kamad3va has 30 seconds left.\n|inactive|Kamad3va has 20 seconds left.\n|inactive|Kamad3va has 15 seconds left.\n|\n|t:|1776068432\n|move|p1b: Whimsicott|Moonblast|p2a: Archaludon\n|-damage|p2a: Archaludon|74/100\n|-ability|p2a: Archaludon|Stamina|boost\n|-boost|p2a: Archaludon|def|1\n|move|p2a: Archaludon|Flash Cannon|p1b: Whimsicott\n|-supereffective|p1b: Whimsicott|1\n|-enditem|p1b: Whimsicott|Focus Sash\n|-damage|p1b: Whimsicott|1/100\n|move|p2b: Farigiraf|Hyper Voice|p1b: Whimsicott|[spread] p1a,p1b\n|-crit|p1a: Azumarill\n|-damage|p1a: Azumarill|48/100\n|-damage|p1b: Whimsicott|0 fnt\n|-enditem|p1a: Azumarill|Sitrus Berry|[eat]\n|-heal|p1a: Azumarill|73/100|[from] item: Sitrus Berry\n|faint|p1b: Whimsicott\n|move|p1a: Azumarill|Belly Drum|p1a: Azumarill\n|-damage|p1a: Azumarill|23/100\n|-setboost|p1a: Azumarill|atk|6|[from] move: Belly Drum\n|\n|upkeep\n|\n|t:|1776068456\n|switch|p1b: Charizard|Charizard, L50, F|100/100\n|turn|2\n|inactive|Kamad3va has 30 seconds left.\n|\n|t:|1776068485\n|switch|p2a: Pelipper|Pelipper, L50, F|100/100\n|-weather|RainDance|[from] ability: Drizzle|[of] p2a: Pelipper\n|detailschange|p1b: Charizard|Charizard-Mega-Y, L50, F\n|-mega|p1b: Charizard|Charizard|Charizardite Y\n|-weather|SunnyDay|[from] ability: Drought|[of] p1b: Charizard\n|move|p1a: Azumarill|Aqua Jet||[still]\n|cant|p2b: Farigiraf|ability: Armor Tail|Aqua Jet|[of] p1a: Azumarill\n|move|p1b: Charizard|Heat Wave|p2a: Pelipper|[spread] p2a,p2b\n|-resisted|p2a: Pelipper|1\n|-damage|p2a: Pelipper|49/100\n|-damage|p2b: Farigiraf|49/100\n|-status|p2a: Pelipper|brn\n|move|p2b: Farigiraf|Hyper Voice|p1b: Charizard|[spread] p1a,p1b\n|-crit|p1b: Charizard\n|-damage|p1a: Azumarill|0 fnt\n|-damage|p1b: Charizard|55/100\n|faint|p1a: Azumarill\n|\n|-weather|SunnyDay|[upkeep]\n|-damage|p2a: Pelipper|43/100 brn|[from] brn\n|upkeep\n|\n|t:|1776068499\n|switch|p1a: Corviknight|Corviknight, L50, M|100/100\n|turn|3\n|inactive|Kamad3va has 30 seconds left.\n|inactive|Kamad3va has 20 seconds left.\n|inactive|Kamad3va has 15 seconds left.\n|inactive|Kamad3va has 10 seconds left.\n|inactive|Kamad3va has 5 seconds left.\n|\n|t:|1776068553\n|switch|p2a: Archaludon|Archaludon, L50, F|74/100\n|move|p2b: Farigiraf|Protect|p2b: Farigiraf\n|-singleturn|p2b: Farigiraf|Protect\n|move|p1b: Charizard|Heat Wave|p2a: Archaludon|[spread] \n|-activate|p2b: Farigiraf|move: Protect\n|-miss|p1b: Charizard|p2a: Archaludon\n|move|p1a: Corviknight|Iron Defense|p1a: Corviknight\n|-boost|p1a: Corviknight|def|2\n|\n|-weather|SunnyDay|[upkeep]\n|upkeep\n|turn|4\n|inactive|Kamad3va has 30 seconds left.\n|\n|t:|1776068585\n|move|p1b: Charizard|Heat Wave|p2a: Archaludon|[spread] p2a,p2b\n|-damage|p2a: Archaludon|17/100\n|-damage|p2b: Farigiraf|0 fnt\n|-ability|p2a: Archaludon|Stamina|boost\n|-boost|p2a: Archaludon|def|1\n|faint|p2b: Farigiraf\n|move|p2a: Archaludon|Draco Meteor|p1b: Charizard\n|-damage|p1b: Charizard|0 fnt\n|-unboost|p2a: Archaludon|spa|2\n|faint|p1b: Charizard\n|move|p1a: Corviknight|Body Press|p2a: Archaludon\n|-supereffective|p2a: Archaludon|1\n|-damage|p2a: Archaludon|0 fnt\n|faint|p2a: Archaludon\n|\n|-weather|SunnyDay|[upkeep]\n|upkeep\n|\n|t:|1776068593\n|switch|p2a: Dragonite|Dragonite, L50, M|100/100\n|switch|p2b: Pelipper|Pelipper, L50, F|43/100 brn\n|-weather|RainDance|[from] ability: Drizzle|[of] p2b: Pelipper\n|turn|5\n|inactive|vfgerhgre342tg has 30 seconds left.\n|\n|t:|1776068621\n|detailschange|p2a: Dragonite|Dragonite-Mega, L50, M\n|-mega|p2a: Dragonite|Dragonite|Dragoninite\n|move|p2a: Dragonite|Hurricane|p1a: Corviknight\n|-resisted|p1a: Corviknight|1\n|-damage|p1a: Corviknight|70/100\n|move|p2b: Pelipper|Weather Ball|p1a: Corviknight\n|-damage|p1a: Corviknight|0 fnt\n|faint|p1a: Corviknight\n|\n|win|Kamad3va\n|raw|vfgerhgre342tg's rating: 1062 &rarr; <strong>1045</strong><br />(-17 for losing)\n|raw|Kamad3va's rating: 1103 &rarr; <strong>1125</strong><br />(+22 for winning)\n|l|\u2606vfgerhgre342tg\n|player|p1|\n",
  "uploadtime": 1776068979,
  "views": 9,
  "formatid": "gen9championsvgc2026regma",
  "rating": 1045,
  "private": 0,
  "password": null
}