{
  "id": "gen9championsvgc2026regma-2585901507",
  "format": "[Gen 9 Champions] VGC 2026 Reg M-A",
  "players": [
    "bigbigpissgirl",
    "CamerruptConcierge"
  ],
  "log": "|j|\u2606bigbigpissgirl\n|j|\u2606CamerruptConcierge\n|t:|1776379820\n|gametype|doubles\n|player|p1|bigbigpissgirl|miku-ground|1026\n|player|p2|CamerruptConcierge|266|1001\n|gen|9\n|tier|[Gen 9 Champions] VGC 2026 Reg M-A\n|rated|\n|rule|Species Clause: Limit one of each Pok\u00e9mon\n|rule|Item Clause: Limit 1 of each item\n|clearpoke\n|poke|p1|Scovillain, L50, F|\n|poke|p1|Conkeldurr, L50, F|\n|poke|p1|Drampa, L50, M|\n|poke|p1|Cofagrigus, L50, F|\n|poke|p1|Goodra-Hisui, L50, M|\n|poke|p1|Slowbro, L50, M|\n|poke|p2|Beedrill, L50, M|\n|poke|p2|Aerodactyl, L50, F|\n|poke|p2|Clefable, L50, M|\n|poke|p2|Ninetales-Alola, L50, F|\n|poke|p2|Blastoise, L50, F|\n|poke|p2|Kangaskhan, L50, F|\n|teampreview|4\n|\n|t:|1776379880\n|teamsize|p1|4\n|teamsize|p2|4\n|start\n|switch|p1a: Scovillain|Scovillain, L50, F|100/100\n|switch|p1b: Conkeldurr|Conkeldurr, L50, F|100/100\n|switch|p2a: Ninetales|Ninetales-Alola, L50, F|100/100\n|switch|p2b: Aerodactyl|Aerodactyl, L50, F|100/100\n|-ability|p2b: Aerodactyl|Unnerve\n|-weather|Snowscape|[from] ability: Snow Warning|[of] p2a: Ninetales\n|turn|1\n|\n|t:|1776379902\n|detailschange|p1a: Scovillain|Scovillain-Mega, L50, F\n|-mega|p1a: Scovillain|Scovillain|Scovillainite\n|move|p1a: Scovillain|Rage Powder|p1a: Scovillain\n|-singleturn|p1a: Scovillain|move: Rage Powder\n|move|p2b: Aerodactyl|Rock Slide|p1a: Scovillain|[spread] p1b\n|-miss|p2b: Aerodactyl|p1a: Scovillain\n|-resisted|p1b: Conkeldurr|1\n|-damage|p1b: Conkeldurr|89/100\n|move|p2a: Ninetales|Aurora Veil|p2a: Ninetales\n|-sidestart|p2: CamerruptConcierge|move: Aurora Veil\n|move|p1b: Conkeldurr|Earthquake|p2b: Aerodactyl|[spread] p1a,p2a\n|-immune|p2b: Aerodactyl\n|-damage|p1a: Scovillain|67/100\n|-damage|p2a: Ninetales|80/100\n|-status|p1b: Conkeldurr|brn|[from] ability: Spicy Spray|[of] p1a: Scovillain\n|\n|-weather|Snowscape|[upkeep]\n|-damage|p1b: Conkeldurr|83/100 brn|[from] brn\n|upkeep\n|turn|2\n|\n|t:|1776379931\n|move|p2b: Aerodactyl|Rock Slide|p1b: Conkeldurr|[spread] p1a,p1b\n|-supereffective|p1a: Scovillain|1\n|-resisted|p1b: Conkeldurr|1\n|-damage|p1a: Scovillain|12/100\n|-damage|p1b: Conkeldurr|71/100 brn\n|-status|p2b: Aerodactyl|brn|[from] ability: Spicy Spray|[of] p1a: Scovillain\n|move|p2a: Ninetales|Blizzard|p1b: Conkeldurr|[spread] p1a,p1b\n|-damage|p1a: Scovillain|0 fnt\n|-damage|p1b: Conkeldurr|36/100 brn\n|-status|p2a: Ninetales|brn|[from] ability: Spicy Spray|[of] p1a: Scovillain\n|faint|p1a: Scovillain\n|move|p1b: Conkeldurr|Facade|p2a: Ninetales\n|-damage|p2a: Ninetales|26/100 brn\n|\n|-weather|Snowscape|[upkeep]\n|-damage|p2b: Aerodactyl|95/100 brn|[from] brn\n|-damage|p2a: Ninetales|20/100 brn|[from] brn\n|-damage|p1b: Conkeldurr|30/100 brn|[from] brn\n|upkeep\n|\n|t:|1776379949\n|switch|p1a: Slowbro|Slowbro, L50, M|100/100\n|turn|3\n|\n|t:|1776379967\n|move|p1b: Conkeldurr|Protect|p1b: Conkeldurr\n|-singleturn|p1b: Conkeldurr|Protect\n|move|p2b: Aerodactyl|Taunt|p1a: Slowbro\n|-start|p1a: Slowbro|move: Taunt\n|-enditem|p1a: Slowbro|Mental Herb\n|-end|p1a: Slowbro|move: Taunt\n|move|p2a: Ninetales|Moonblast|p1b: Conkeldurr\n|-activate|p1b: Conkeldurr|move: Protect\n|move|p1a: Slowbro|Trick Room|p1a: Slowbro\n|-fieldstart|move: Trick Room|[of] p1a: Slowbro\n|\n|-weather|Snowscape|[upkeep]\n|-damage|p1b: Conkeldurr|24/100 brn|[from] brn\n|-damage|p2a: Ninetales|14/100 brn|[from] brn\n|-damage|p2b: Aerodactyl|89/100 brn|[from] brn\n|upkeep\n|turn|4\n|\n|t:|1776379998\n|move|p2b: Aerodactyl|Wide Guard|p2b: Aerodactyl\n|-singleturn|p2b: Aerodactyl|Wide Guard\n|move|p1a: Slowbro|Calm Mind|p1a: Slowbro\n|-boost|p1a: Slowbro|spa|1\n|-boost|p1a: Slowbro|spd|1\n|move|p1b: Conkeldurr|Drain Punch|p2a: Ninetales\n|-damage|p2a: Ninetales|0 fnt\n|-heal|p1b: Conkeldurr|29/100 brn|[from] drain|[of] p2a: Ninetales\n|faint|p2a: Ninetales\n|\n|-weather|Snowscape|[upkeep]\n|-damage|p1b: Conkeldurr|23/100 brn|[from] brn\n|-damage|p2b: Aerodactyl|83/100 brn|[from] brn\n|upkeep\n|\n|t:|1776380014\n|switch|p2a: Blastoise|Blastoise, L50, F|100/100\n|turn|5\n|\n|t:|1776380032\n|move|p1b: Conkeldurr|Protect|p1b: Conkeldurr\n|-singleturn|p1b: Conkeldurr|Protect\n|move|p2a: Blastoise|Fake Out|p1b: Conkeldurr\n|-activate|p1b: Conkeldurr|move: Protect\n|move|p1a: Slowbro|Calm Mind|p1a: Slowbro\n|-boost|p1a: Slowbro|spa|1\n|-boost|p1a: Slowbro|spd|1\n|move|p2b: Aerodactyl|Taunt|p1a: Slowbro\n|-start|p1a: Slowbro|move: Taunt\n|\n|-weather|none\n|-damage|p1b: Conkeldurr|17/100 brn|[from] brn\n|-damage|p2b: Aerodactyl|78/100 brn|[from] brn\n|-sideend|p2: CamerruptConcierge|move: Aurora Veil\n|upkeep\n|turn|6\n|\n|t:|1776380062\n|move|p2b: Aerodactyl|Wide Guard|p2b: Aerodactyl\n|-singleturn|p2b: Aerodactyl|Wide Guard\n|move|p1a: Slowbro|Scald|p2b: Aerodactyl\n|-supereffective|p2b: Aerodactyl|1\n|-damage|p2b: Aerodactyl|0 fnt\n|faint|p2b: Aerodactyl\n|move|p1b: Conkeldurr|Drain Punch|p2a: Blastoise\n|-damage|p2a: Blastoise|27/100\n|-heal|p1b: Conkeldurr|44/100 brn|[from] drain|[of] p2a: Blastoise\n|move|p2a: Blastoise|Haze|p2a: Blastoise\n|-clearallboost\n|\n|-heal|p2a: Blastoise|33/100|[from] item: Leftovers\n|-damage|p1b: Conkeldurr|38/100 brn|[from] brn\n|upkeep\n|\n|t:|1776380079\n|switch|p2b: Kangaskhan|Kangaskhan, L50, F|100/100\n|turn|7\n|\n|t:|1776380094\n|switch|p1a: Cofagrigus|Cofagrigus, L50, F|100/100\n|detailschange|p2b: Kangaskhan|Kangaskhan-Mega, L50, F\n|-mega|p2b: Kangaskhan|Kangaskhan|Kangaskhanite\n|move|p2b: Kangaskhan|Fake Out|p1b: Conkeldurr\n|-damage|p1b: Conkeldurr|18/100 brn\n|-damage|p1b: Conkeldurr|12/100 brn\n|-hitcount|p1b: Conkeldurr|2\n|cant|p1b: Conkeldurr|flinch\n|move|p2a: Blastoise|Life Dew||[still]|[spread] p2a,p2b\n|-heal|p2a: Blastoise|58/100\n|-fail|p2b: Kangaskhan|heal\n|\n|-heal|p2a: Blastoise|63/100|[from] item: Leftovers\n|-damage|p1b: Conkeldurr|6/100 brn|[from] brn\n|-fieldend|move: Trick Room\n|upkeep\n|turn|8\n|\n|t:|1776380125\n|move|p2b: Kangaskhan|Drain Punch|p1b: Conkeldurr\n|-damage|p1b: Conkeldurr|0 fnt\n|faint|p1b: Conkeldurr\n|-hitcount|p1: Conkeldurr|1\n|move|p2a: Blastoise|Muddy Water|p1a: Cofagrigus\n|-damage|p1a: Cofagrigus|71/100\n|move|p1a: Cofagrigus|Trick Room|p1a: Cofagrigus\n|-fieldstart|move: Trick Room|[of] p1a: Cofagrigus\n|\n|-heal|p1a: Cofagrigus|77/100|[from] item: Leftovers\n|-heal|p2a: Blastoise|69/100|[from] item: Leftovers\n|upkeep\n|\n|t:|1776380129\n|switch|p1b: Slowbro|Slowbro, L50, M|100/100\n|turn|9\n|\n|t:|1776380143\n|move|p1b: Slowbro|Psyshock|p2a: Blastoise\n|-damage|p2a: Blastoise|34/100\n|move|p1a: Cofagrigus|Will-O-Wisp|p2b: Kangaskhan\n|-status|p2b: Kangaskhan|brn\n|move|p2a: Blastoise|Muddy Water|p1a: Cofagrigus|[spread] p1a,p1b\n|-resisted|p1b: Slowbro|1\n|-damage|p1a: Cofagrigus|57/100\n|-damage|p1b: Slowbro|89/100\n|-unboost|p1b: Slowbro|accuracy|1\n|move|p2b: Kangaskhan|Last Resort|p1b: Slowbro\n|-damage|p1b: Slowbro|59/100\n|-damage|p1b: Slowbro|52/100\n|-hitcount|p1b: Slowbro|2\n|\n|-heal|p1a: Cofagrigus|63/100|[from] item: Leftovers\n|-heal|p2a: Blastoise|40/100|[from] item: Leftovers\n|-damage|p2b: Kangaskhan|94/100 brn|[from] brn\n|upkeep\n|turn|10\n|\n|t:|1776380167\n|move|p1b: Slowbro|Psyshock|p2a: Blastoise\n|-damage|p2a: Blastoise|7/100\n|move|p1a: Cofagrigus|Shadow Ball|p2a: Blastoise\n|-damage|p2a: Blastoise|0 fnt\n|faint|p2a: Blastoise\n|move|p2b: Kangaskhan|Last Resort|p1b: Slowbro\n|-damage|p1b: Slowbro|19/100\n|-damage|p1b: Slowbro|12/100\n|-hitcount|p1b: Slowbro|2\n|\n|-heal|p1a: Cofagrigus|69/100|[from] item: Leftovers\n|-damage|p2b: Kangaskhan|88/100 brn|[from] brn\n|upkeep\n|turn|11\n|\n|t:|1776380192\n|move|p1b: Slowbro|Scald|p2b: Kangaskhan\n|-damage|p2b: Kangaskhan|56/100 brn\n|move|p1a: Cofagrigus|Shadow Ball|p2b: Kangaskhan\n|-immune|p2b: Kangaskhan\n|move|p2b: Kangaskhan|Last Resort|p1b: Slowbro\n|-damage|p1b: Slowbro|0 fnt\n|faint|p1b: Slowbro\n|-hitcount|p1: Slowbro|1\n|\n|-heal|p1a: Cofagrigus|75/100|[from] item: Leftovers\n|-damage|p2b: Kangaskhan|50/100 brn|[from] brn\n|upkeep\n|turn|12\n|\n|t:|1776380210\n|move|p1a: Cofagrigus|Shadow Ball|p2b: Kangaskhan\n|-immune|p2b: Kangaskhan\n|move|p2b: Kangaskhan|Drain Punch|p1a: Cofagrigus\n|-immune|p1a: Cofagrigus\n|\n|-heal|p1a: Cofagrigus|81/100|[from] item: Leftovers\n|-damage|p2b: Kangaskhan|43/100 brn|[from] brn\n|-fieldend|move: Trick Room\n|upkeep\n|turn|13\n|c|\u2606bigbigpissgirl|imma be so real with you\n|c|\u2606bigbigpissgirl|shadow ball is my only attacking move\n|\n|t:|1776380224\n|move|p2b: Kangaskhan|Last Resort|p1a: Cofagrigus\n|-immune|p1a: Cofagrigus\n|move|p1a: Cofagrigus|Shadow Ball|p2b: Kangaskhan\n|-immune|p2b: Kangaskhan\n|\n|-heal|p1a: Cofagrigus|87/100|[from] item: Leftovers\n|-damage|p2b: Kangaskhan|37/100 brn|[from] brn\n|upkeep\n|turn|14\n|\n|t:|1776380235\n|move|p2b: Kangaskhan|Last Resort|p1a: Cofagrigus\n|-immune|p1a: Cofagrigus\n|move|p1a: Cofagrigus|Shadow Ball|p2b: Kangaskhan\n|-immune|p2b: Kangaskhan\n|\n|-heal|p1a: Cofagrigus|93/100|[from] item: Leftovers\n|-damage|p2b: Kangaskhan|31/100 brn|[from] brn\n|upkeep\n|turn|15\n|\n|t:|1776380246\n|move|p2b: Kangaskhan|Last Resort|p1a: Cofagrigus\n|-immune|p1a: Cofagrigus\n|move|p1a: Cofagrigus|Shadow Ball|p2b: Kangaskhan\n|-immune|p2b: Kangaskhan\n|\n|-heal|p1a: Cofagrigus|99/100|[from] item: Leftovers\n|-damage|p2b: Kangaskhan|25/100 brn|[from] brn\n|upkeep\n|turn|16\n|-message|CamerruptConcierge forfeited.\n|\n|win|bigbigpissgirl\n|raw|bigbigpissgirl's rating: 1026 &rarr; <strong>1060</strong><br />(+34 for winning)\n|raw|CamerruptConcierge's rating: 1001 &rarr; <strong>1000</strong><br />(-1 for losing)\n|l|\u2606CamerruptConcierge\n|player|p2|\n",
  "uploadtime": 1776380266,
  "views": 29,
  "formatid": "gen9championsvgc2026regma",
  "rating": 1000,
  "private": 0,
  "password": null
}