{
  "id": "gen9championsvgc2026regma-2587359509",
  "format": "[Gen 9 Champions] VGC 2026 Reg M-A",
  "players": [
    "CharninjaGamingYT",
    "8bitshuckle"
  ],
  "log": "|j|\u2606CharninjaGamingYT\n|j|\u26068bitshuckle\n|t:|1776525182\n|gametype|doubles\n|player|p1|CharninjaGamingYT|shadowtriad|1082\n|player|p2|8bitshuckle|1|1047\n|gen|9\n|tier|[Gen 9 Champions] VGC 2026 Reg M-A\n|rated|\n|rule|Species Clause: Limit one of each Pok\u00e9mon\n|rule|Item Clause: Limit 1 of each item\n|clearpoke\n|poke|p1|Floette-Eternal, L50, F|\n|poke|p1|Reuniclus, L50, M|\n|poke|p1|Alakazam, L50, M|\n|poke|p1|Clefable, L50, M|\n|poke|p1|Hatterene, L50, F|\n|poke|p1|Oranguru, L50, F|\n|poke|p2|Maushold, L50|\n|poke|p2|Dragonite, L50, F|\n|poke|p2|Pelipper, L50, F|\n|poke|p2|Basculegion, L50, M|\n|poke|p2|Sneasler, L50, M|\n|poke|p2|Glimmora, L50, F|\n|teampreview|4\n|inactive|Battle timer is ON: inactive players will automatically lose when time's up. (requested by CharninjaGamingYT)\n|inactive|8bitshuckle has 60 seconds left.\n|\n|t:|1776525230\n|teamsize|p1|4\n|teamsize|p2|4\n|start\n|switch|p1a: Floette|Floette-Eternal, L50, F|100/100\n|switch|p1b: Dr Fetus|Reuniclus, L50, M|100/100\n|switch|p2a: Pelipper|Pelipper, L50, F|100/100\n|switch|p2b: Basculegion|Basculegion, L50, M|100/100\n|-weather|RainDance|[from] ability: Drizzle|[of] p2a: Pelipper\n|turn|1\n|\n|t:|1776525244\n|move|p1a: Floette|Protect|p1a: Floette\n|-singleturn|p1a: Floette|Protect\n|move|p2b: Basculegion|Flip Turn|p1a: Floette\n|-activate|p1a: Floette|move: Protect\n|move|p2a: Pelipper|Tailwind|p2a: Pelipper\n|-sidestart|p2: 8bitshuckle|move: Tailwind\n|move|p1b: Dr Fetus|Trick Room|p1b: Dr Fetus\n|-fieldstart|move: Trick Room|[of] p1b: Dr Fetus\n|\n|-weather|RainDance|[upkeep]\n|upkeep\n|turn|2\n|\n|t:|1776525260\n|detailschange|p1a: Floette|Floette-Mega, L50, F\n|-mega|p1a: Floette|Floette|Floettite\n|-ability|p1a: Floette|Fairy Aura\n|move|p2a: Pelipper|Protect|p2a: Pelipper\n|-singleturn|p2a: Pelipper|Protect\n|move|p1b: Dr Fetus|Skill Swap|p1a: Floette\n|-activate|p1b: Dr Fetus|Skill Swap|||[of] p1a: Floette\n|-ability|p1b: Dr Fetus|Fairy Aura\n|move|p1a: Floette|Light of Ruin|p2b: Basculegion\n|-damage|p2b: Basculegion|0 fnt\n|faint|p2b: Basculegion\n|\n|-weather|RainDance|[upkeep]\n|upkeep\n|\n|t:|1776525276\n|switch|p2b: Glimmora|Glimmora, L50, F|100/100\n|turn|3\n|\n|t:|1776525288\n|detailschange|p2b: Glimmora|Glimmora-Mega, L50, F\n|-mega|p2b: Glimmora|Glimmora|Glimmoranite\n|move|p1b: Dr Fetus|Expanding Force|p2b: Glimmora\n|-supereffective|p2b: Glimmora|1\n|-damage|p2b: Glimmora|22/100\n|move|p1a: Floette|Light of Ruin|p2b: Glimmora\n|-resisted|p2b: Glimmora|1\n|-damage|p2b: Glimmora|0 fnt\n|faint|p2b: Glimmora\n|move|p2a: Pelipper|Weather Ball|p1a: Floette\n|-damage|p1a: Floette|64/100\n|\n|-weather|RainDance|[upkeep]\n|upkeep\n|\n|t:|1776525296\n|switch|p2b: Maushold|Maushold, L50|100/100\n|turn|4\n|\n|t:|1776525305\n|move|p1b: Dr Fetus|Expanding Force|p2b: Maushold\n|-damage|p2b: Maushold|56/100\n|move|p1a: Floette|Light of Ruin|p2b: Maushold\n|-damage|p2b: Maushold|0 fnt\n|faint|p2b: Maushold\n|move|p2a: Pelipper|Weather Ball|p1a: Floette\n|-damage|p1a: Floette|24/100\n|\n|-weather|RainDance|[upkeep]\n|-sideend|p2: 8bitshuckle|move: Tailwind\n|upkeep\n|turn|5\n|\n|t:|1776525317\n|move|p1b: Dr Fetus|Expanding Force|p2a: Pelipper\n|-damage|p2a: Pelipper|62/100\n|move|p2a: Pelipper|Weather Ball|p1a: Floette\n|-damage|p1a: Floette|0 fnt\n|faint|p1a: Floette\n|\n|-weather|none\n|-fieldend|move: Trick Room\n|upkeep\n|\n|t:|1776525324\n|switch|p1a: Oranguru|Oranguru, L50, F|100/100\n|turn|6\n|\n|t:|1776525330\n|move|p1a: Oranguru|Psychic Terrain|p1a: Oranguru\n|-fieldstart|move: Psychic Terrain\n|move|p2a: Pelipper|Hurricane|p1a: Oranguru\n|-damage|p1a: Oranguru|70/100\n|-start|p1a: Oranguru|confusion\n|move|p1b: Dr Fetus|Expanding Force|p2a: Pelipper\n|-damage|p2a: Pelipper|0 fnt\n|faint|p2a: Pelipper\n|\n|win|CharninjaGamingYT\n|raw|CharninjaGamingYT's rating: 1082 &rarr; <strong>1107</strong><br />(+25 for winning)\n|raw|8bitshuckle's rating: 1047 &rarr; <strong>1032</strong><br />(-15 for losing)\n",
  "uploadtime": 1776525339,
  "views": 12,
  "formatid": "gen9championsvgc2026regma",
  "rating": 1032,
  "private": 0,
  "password": null
}