{
  "id": "gen9championsvgc2026regma-2584413659",
  "format": "[Gen 9 Champions] VGC 2026 Reg M-A",
  "players": [
    "BHeast42",
    "Sharkhy_"
  ],
  "log": "|j|\u2606BHeast42\n|j|\u2606Sharkhy_\n|t:|1776259123\n|gametype|doubles\n|player|p1|BHeast42|1|1135\n|player|p2|Sharkhy_|2|1064\n|gen|9\n|tier|[Gen 9 Champions] VGC 2026 Reg M-A\n|rated|\n|rule|Species Clause: Limit one of each Pok\u00e9mon\n|rule|Item Clause: Limit 1 of each item\n|clearpoke\n|poke|p1|Kingambit, L50, F|\n|poke|p1|Serperior, L50, F|\n|poke|p1|Maushold-Four, L50|\n|poke|p1|Ceruledge, L50, F|\n|poke|p1|Charizard, L50, M|\n|poke|p1|Sylveon, L50, F|\n|poke|p2|Charizard, L50, M|\n|poke|p2|Maushold-Four, L50|\n|poke|p2|Sneasler, L50, M|\n|poke|p2|Dragapult, L50, M|\n|poke|p2|Kingambit, L50, M|\n|poke|p2|Garchomp, L50, M|\n|teampreview|4\n|inactive|Battle timer is ON: inactive players will automatically lose when time's up. (requested by BHeast42)\n|\n|t:|1776259149\n|teamsize|p1|4\n|teamsize|p2|4\n|start\n|switch|p1a: Ceruledge|Ceruledge, L50, F|100/100\n|switch|p1b: Maushold|Maushold-Four, L50|100/100\n|switch|p2a: Sneasler|Sneasler, L50, M|100/100\n|switch|p2b: Garchomp|Garchomp, L50, M|100/100\n|turn|1\n|inactive|Sharkhy_ has 30 seconds left.\n|\n|t:|1776259174\n|move|p1b: Maushold|Protect|p1b: Maushold\n|-singleturn|p1b: Maushold|Protect\n|move|p2b: Garchomp|Stomping Tantrum|p1a: Ceruledge\n|-supereffective|p1a: Ceruledge|1\n|-damage|p1a: Ceruledge|16/100\n|move|p2a: Sneasler|Close Combat|p1b: Maushold\n|-activate|p1b: Maushold|move: Protect\n|move|p1a: Ceruledge|Bitter Blade|p2a: Sneasler\n|-damage|p2a: Sneasler|20/100\n|-heal|p1a: Ceruledge|57/100|[from] drain|[of] p2a: Sneasler\n|\n|upkeep\n|turn|2\n|\n|t:|1776259193\n|move|p1b: Maushold|Follow Me|p1b: Maushold\n|-singleturn|p1b: Maushold|move: Follow Me\n|move|p1a: Ceruledge|Shadow Sneak|p2a: Sneasler\n|-damage|p2a: Sneasler|0 fnt\n|faint|p2a: Sneasler\n|move|p2b: Garchomp|Stomping Tantrum|p1b: Maushold\n|-damage|p1b: Maushold|50/100\n|\n|-heal|p1b: Maushold|57/100|[from] item: Leftovers\n|upkeep\n|\n|t:|1776259203\n|switch|p2a: Maushold|Maushold-Four, L50|100/100\n|turn|3\n|\n|t:|1776259213\n|move|p1b: Maushold|Follow Me|p1b: Maushold\n|-singleturn|p1b: Maushold|move: Follow Me\n|move|p2b: Garchomp|Stomping Tantrum|p1b: Maushold\n|-damage|p1b: Maushold|3/100\n|move|p2a: Maushold|Encore|p1b: Maushold\n|-start|p1b: Maushold|Encore\n|move|p1a: Ceruledge|Bulk Up|p1a: Ceruledge\n|-boost|p1a: Ceruledge|atk|1\n|-boost|p1a: Ceruledge|def|1\n|\n|-heal|p1b: Maushold|9/100|[from] item: Leftovers\n|upkeep\n|turn|4\n|\n|t:|1776259239\n|move|p1b: Maushold|Follow Me|p1b: Maushold\n|-singleturn|p1b: Maushold|move: Follow Me\n|move|p2a: Maushold|Follow Me|p2a: Maushold\n|-singleturn|p2a: Maushold|move: Follow Me\n|move|p1a: Ceruledge|Shadow Sneak|p2a: Maushold\n|-immune|p2a: Maushold\n|move|p2b: Garchomp|Stomping Tantrum|p1b: Maushold\n|-damage|p1b: Maushold|0 fnt\n|faint|p1b: Maushold\n|\n|upkeep\n|\n|t:|1776259251\n|switch|p1b: Kingambit|Kingambit, L50, F|100/100\n|turn|5\n|\n|t:|1776259266\n|move|p2a: Maushold|Follow Me|p2a: Maushold\n|-singleturn|p2a: Maushold|move: Follow Me\n|move|p2b: Garchomp|Stomping Tantrum|p1a: Ceruledge\n|-supereffective|p1a: Ceruledge|1\n|-damage|p1a: Ceruledge|0 fnt\n|faint|p1a: Ceruledge\n|move|p1b: Kingambit|Iron Head|p2a: Maushold\n|-damage|p2a: Maushold|45/100\n|\n|upkeep\n|\n|t:|1776259276\n|switch|p1a: Charizard|Charizard, L50, M|100/100\n|turn|6\n|\n|t:|1776259292\n|detailschange|p1a: Charizard|Charizard-Mega-Y, L50, M\n|-mega|p1a: Charizard|Charizard|Charizardite Y\n|-weather|SunnyDay|[from] ability: Drought|[of] p1a: Charizard\n|move|p1b: Kingambit|Protect|p1b: Kingambit\n|-singleturn|p1b: Kingambit|Protect\n|move|p2b: Garchomp|Stomping Tantrum|p1b: Kingambit\n|-activate|p1b: Kingambit|move: Protect\n|move|p2a: Maushold|Super Fang|p1a: Charizard\n|-damage|p1a: Charizard|51/100\n|move|p1a: Charizard|Heat Wave|p2a: Maushold|[spread] p2a,p2b\n|-resisted|p2b: Garchomp|1\n|-damage|p2a: Maushold|0 fnt\n|-damage|p2b: Garchomp|74/100\n|faint|p2a: Maushold\n|\n|-weather|SunnyDay|[upkeep]\n|upkeep\n|\n|t:|1776259307\n|switch|p2a: Charizard|Charizard, L50, M|100/100\n|turn|7\n|\n|t:|1776259324\n|move|p1b: Kingambit|Sucker Punch|p2a: Charizard\n|-damage|p2a: Charizard|49/100\n|move|p2b: Garchomp|Stomping Tantrum|p1b: Kingambit\n|-supereffective|p1b: Kingambit|1\n|-damage|p1b: Kingambit|42/100\n|move|p1a: Charizard|Weather Ball|p2a: Charizard\n|-resisted|p2a: Charizard|1\n|-damage|p2a: Charizard|0 fnt\n|faint|p2a: Charizard\n|\n|-weather|SunnyDay|[upkeep]\n|upkeep\n|turn|8\n|\n|t:|1776259338\n|move|p1b: Kingambit|Sucker Punch|p2b: Garchomp\n|-damage|p2b: Garchomp|34/100\n|-damage|p1b: Kingambit|29/100|[from] ability: Rough Skin|[of] p2b: Garchomp\n|move|p2b: Garchomp|Stomping Tantrum|p1b: Kingambit\n|-supereffective|p1b: Kingambit|1\n|-damage|p1b: Kingambit|0 fnt\n|faint|p1b: Kingambit\n|move|p1a: Charizard|Weather Ball|p2b: Garchomp\n|-resisted|p2b: Garchomp|1\n|-crit|p2b: Garchomp\n|-damage|p2b: Garchomp|0 fnt\n|faint|p2b: Garchomp\n|\n|win|BHeast42\n|raw|BHeast42's rating: 1135 &rarr; <strong>1155</strong><br />(+20 for winning)\n|raw|Sharkhy_'s rating: 1064 &rarr; <strong>1048</strong><br />(-16 for losing)\n",
  "uploadtime": 1776259359,
  "views": 29,
  "formatid": "gen9championsvgc2026regma",
  "rating": 1048,
  "private": 0,
  "password": null
}