{
  "id": "gen9championsvgc2026regma-2587290342",
  "format": "[Gen 9 Champions] VGC 2026 Reg M-A",
  "players": [
    "joeking24",
    "Tighas"
  ],
  "log": "|j|\u2606joeking24\n|j|\u2606Tighas\n|t:|1776518813\n|gametype|doubles\n|player|p1|joeking24|sage|1186\n|player|p2|Tighas|lana|1183\n|gen|9\n|tier|[Gen 9 Champions] VGC 2026 Reg M-A\n|rated|\n|rule|Species Clause: Limit one of each Pok\u00e9mon\n|rule|Item Clause: Limit 1 of each item\n|clearpoke\n|poke|p1|Gyarados, L50, F|\n|poke|p1|Garchomp, L50, F|\n|poke|p1|Rotom-Heat, L50|\n|poke|p1|Froslass, L50, F|\n|poke|p1|Kingambit, L50, M|\n|poke|p1|Sneasler, L50, M|\n|poke|p2|Floette-Eternal, L50, F|\n|poke|p2|Aerodactyl, L50, M|\n|poke|p2|Incineroar, L50, F|\n|poke|p2|Sinistcha, L50|\n|poke|p2|Kingambit, L50, F|\n|poke|p2|Mimikyu, L50, M|\n|teampreview|4\n|inactive|Battle timer is ON: inactive players will automatically lose when time's up. (requested by Tighas)\n|\n|t:|1776518928\n|teamsize|p1|4\n|teamsize|p2|4\n|start\n|switch|p1a: Sneasler|Sneasler, L50, M|100/100\n|switch|p1b: Gyarados|Gyarados, L50, F|100/100\n|switch|p2a: Mimikyu|Mimikyu, L50, M|100/100\n|switch|p2b: Sinistcha|Sinistcha, L50|100/100\n|-ability|p1b: Gyarados|Intimidate|boost\n|-unboost|p2a: Mimikyu|atk|1\n|-unboost|p2b: Sinistcha|atk|1\n|turn|1\n|inactive|joeking24 has 30 seconds left.\n|inactive|joeking24 has 20 seconds left.\n|inactive|joeking24 has 15 seconds left.\n|inactive|joeking24 has 10 seconds left.\n|inactive|joeking24 has 5 seconds left.\n|\n|t:|1776518978\n|switch|p1a: Rotom|Rotom-Heat, L50|100/100\n|switch|p1b: Froslass|Froslass, L50, F|100/100\n|move|p2b: Sinistcha|Rage Powder|p2b: Sinistcha\n|-singleturn|p2b: Sinistcha|move: Rage Powder\n|move|p2a: Mimikyu|Trick Room|p2a: Mimikyu\n|-fieldstart|move: Trick Room|[of] p2a: Mimikyu\n|\n|upkeep\n|turn|2\n|inactive|joeking24 has 30 seconds left.\n|inactive|Tighas has 30 seconds left.\n|\n|t:|1776519008\n|move|p1b: Froslass|Protect|p1b: Froslass\n|-singleturn|p1b: Froslass|Protect\n|move|p2b: Sinistcha|Rage Powder|p2b: Sinistcha\n|-singleturn|p2b: Sinistcha|move: Rage Powder\n|move|p2a: Mimikyu|Shadow Claw|p1b: Froslass\n|-activate|p1b: Froslass|move: Protect\n|move|p1a: Rotom|Overheat|p2b: Sinistcha\n|-supereffective|p2b: Sinistcha|1\n|-damage|p2b: Sinistcha|0 fnt\n|-unboost|p1a: Rotom|spa|2\n|faint|p2b: Sinistcha\n|\n|upkeep\n|\n|t:|1776519016\n|switch|p2b: Kingambit|Kingambit, L50, F|100/100\n|turn|3\n|\n|t:|1776519041\n|switch|p1b: Sneasler|Sneasler, L50, M|100/100\n|move|p2b: Kingambit|Iron Head|p1b: Sneasler\n|-damage|p1b: Sneasler|19/100\n|move|p2a: Mimikyu|Shadow Claw|p1b: Sneasler\n|-damage|p1b: Sneasler|0 fnt\n|faint|p1b: Sneasler\n|move|p1a: Rotom|Overheat|p2b: Kingambit\n|-supereffective|p2b: Kingambit|1\n|-damage|p2b: Kingambit|37/100\n|-unboost|p1a: Rotom|spa|2\n|\n|upkeep\n|\n|t:|1776519056\n|switch|p1b: Froslass|Froslass, L50, F|100/100\n|turn|4\n|inactive|joeking24 has 30 seconds left.\n|\n|t:|1776519090\n|detailschange|p1b: Froslass|Froslass-Mega, L50, F\n|-mega|p1b: Froslass|Froslass|Froslassite\n|-weather|Snowscape|[from] ability: Snow Warning|[of] p1b: Froslass\n|move|p2b: Kingambit|Kowtow Cleave|p1a: Rotom\n|-damage|p1a: Rotom|27/100\n|move|p2a: Mimikyu|Shadow Claw|p1a: Rotom\n|-damage|p1a: Rotom|2/100\n|move|p1b: Froslass|Aurora Veil|p1b: Froslass\n|-sidestart|p1: joeking24|move: Aurora Veil\n|move|p1a: Rotom|Overheat|p2b: Kingambit\n|-supereffective|p2b: Kingambit|1\n|-damage|p2b: Kingambit|0 fnt\n|-unboost|p1a: Rotom|spa|2\n|faint|p2b: Kingambit\n|\n|-weather|Snowscape|[upkeep]\n|upkeep\n|\n|t:|1776519103\n|switch|p2b: Floette|Floette-Eternal, L50, F|100/100\n|turn|5\n|\n|t:|1776519122\n|switch|p1a: Gyarados|Gyarados, L50, F|100/100\n|-ability|p1a: Gyarados|Intimidate|boost\n|-unboost|p2a: Mimikyu|atk|1\n|-unboost|p2b: Floette|atk|1\n|detailschange|p2b: Floette|Floette-Mega, L50, F\n|-mega|p2b: Floette|Floette|Floettite\n|-ability|p2b: Floette|Fairy Aura\n|move|p1b: Froslass|Protect|p1b: Froslass\n|-singleturn|p1b: Froslass|Protect\n|move|p2a: Mimikyu|Shadow Claw|p1b: Froslass\n|-activate|p1b: Froslass|move: Protect\n|move|p2b: Floette|Calm Mind|p2b: Floette\n|-boost|p2b: Floette|spa|1\n|-boost|p2b: Floette|spd|1\n|\n|-weather|Snowscape|[upkeep]\n|-fieldend|move: Trick Room\n|upkeep\n|turn|6\n|inactive|joeking24 has 30 seconds left.\n|\n|t:|1776519156\n|move|p1b: Froslass|Shadow Ball|p2a: Mimikyu\n|-activate|p2a: Mimikyu|ability: Disguise\n|-damage|p2a: Mimikyu|100/100\n|-unboost|p2a: Mimikyu|spd|1\n|detailschange|p2a: Mimikyu|Mimikyu-Busted, L50, M\n|-damage|p2a: Mimikyu|88/100|[from] pokemon: Mimikyu-Busted\n|move|p1a: Gyarados|Waterfall|p2b: Floette\n|-damage|p2b: Floette|59/100\n|move|p2b: Floette|Moonblast|p1b: Froslass\n|-damage|p1b: Froslass|7/100\n|move|p2a: Mimikyu|Shadow Claw|p1b: Froslass\n|-supereffective|p1b: Froslass|1\n|-damage|p1b: Froslass|0 fnt\n|faint|p1b: Froslass\n|\n|-weather|Snowscape|[upkeep]\n|upkeep\n|\n|t:|1776519176\n|switch|p1b: Rotom|Rotom-Heat, L50|2/100\n|turn|7\n|inactive|joeking24 has 30 seconds left.\n|\n|t:|1776519207\n|move|p2a: Mimikyu|Shadow Sneak|p1b: Rotom\n|-crit|p1b: Rotom\n|-damage|p1b: Rotom|0 fnt\n|faint|p1b: Rotom\n|move|p1a: Gyarados|Waterfall|p2b: Floette\n|-damage|p2b: Floette|18/100\n|move|p2b: Floette|Moonblast|p1a: Gyarados\n|-damage|p1a: Gyarados|15/100\n|-enditem|p1a: Gyarados|Sitrus Berry|[eat]\n|-heal|p1a: Gyarados|40/100|[from] item: Sitrus Berry\n|\n|-weather|Snowscape|[upkeep]\n|upkeep\n|turn|8\n|inactive|joeking24 has 30 seconds left.\n|\n|t:|1776519235\n|move|p2b: Floette|Protect|p2b: Floette\n|-singleturn|p2b: Floette|Protect\n|move|p1a: Gyarados|Waterfall|p2b: Floette\n|-activate|p2b: Floette|move: Protect\n|move|p2a: Mimikyu|Trick Room|p2a: Mimikyu\n|-fieldstart|move: Trick Room|[of] p2a: Mimikyu\n|\n|-weather|none\n|-sideend|p1: joeking24|move: Aurora Veil\n|upkeep\n|turn|9\n|inactive|joeking24 has 30 seconds left.\n|inactive|joeking24 has 20 seconds left.\n|inactive|joeking24 has 15 seconds left.\n|inactive|joeking24 has 10 seconds left.\n|inactive|joeking24 has 5 seconds left.\n|\n|t:|1776519290\n|move|p2a: Mimikyu|Play Rough|p1a: Gyarados|[miss]\n|-miss|p2a: Mimikyu|p1a: Gyarados\n|move|p2b: Floette|Moonblast|p1a: Gyarados\n|-crit|p1a: Gyarados\n|-damage|p1a: Gyarados|0 fnt\n|faint|p1a: Gyarados\n|\n|win|Tighas\n|raw|joeking24's rating: 1186 &rarr; <strong>1161</strong><br />(-25 for losing)\n|raw|Tighas's rating: 1183 &rarr; <strong>1208</strong><br />(+25 for winning)\n",
  "uploadtime": 1776519310,
  "views": 14,
  "formatid": "gen9championsvgc2026regma",
  "rating": 1161,
  "private": 0,
  "password": null
}