{
  "id": "gen9championsvgc2026regma-2586618534",
  "format": "[Gen 9 Champions] VGC 2026 Reg M-A",
  "players": [
    "Tarakona",
    "DaSheng204"
  ],
  "log": "|j|\u2606Tarakona\n|j|\u2606DaSheng204\n|t:|1776447260\n|gametype|doubles\n|player|p1|Tarakona|265|1216\n|player|p2|DaSheng204|cynthia-gen4|1179\n|gen|9\n|tier|[Gen 9 Champions] VGC 2026 Reg M-A\n|rated|\n|rule|Species Clause: Limit one of each Pok\u00e9mon\n|rule|Item Clause: Limit 1 of each item\n|clearpoke\n|poke|p1|Delphox, L50, M|\n|poke|p1|Garchomp, L50, M|\n|poke|p1|Rotom-Wash, L50|\n|poke|p1|Tyranitar, L50, F|\n|poke|p1|Corviknight, L50, F|\n|poke|p1|Sneasler, L50, M|\n|poke|p2|Sneasler, L50, M|\n|poke|p2|Kingambit, L50, M|\n|poke|p2|Garchomp, L50, F|\n|poke|p2|Charizard, L50, M|\n|poke|p2|Whimsicott, L50, F|\n|poke|p2|Aegislash, L50, M|\n|teampreview|4\nTarakona has agreed to open team sheets.\n|inactive|Battle timer is ON: inactive players will automatically lose when time's up. (requested by DaSheng204)\n|inactive|Tarakona has 60 seconds left.\n|\n|t:|1776447336\n|teamsize|p1|4\n|teamsize|p2|4\n|start\n|switch|p1a: Hecate|Delphox, L50, M|100/100\n|switch|p1b: Regina|Sneasler, L50, M|100/100\n|switch|p2a: Sneasler|Sneasler, L50, M, shiny|100/100\n|switch|p2b: Garchomp|Garchomp, L50, F|100/100\n|turn|1\n|inactive|Tarakona has 30 seconds left.\n|inactive|Tarakona has 20 seconds left.\n|inactive|Tarakona has 15 seconds left.\n|\n|t:|1776447380\n|detailschange|p1a: Hecate|Delphox-Mega, L50, M\n|-mega|p1a: Hecate|Delphox|Delphoxite\n|move|p2a: Sneasler|Fake Out|p1a: Hecate\n|-damage|p1a: Hecate|78/100\n|move|p1b: Regina|Fake Out|p2b: Garchomp\n|-damage|p2b: Garchomp|86/100\n|-damage|p1b: Regina|88/100|[from] ability: Rough Skin|[of] p2b: Garchomp\n|cant|p2b: Garchomp|flinch\n|cant|p1a: Hecate|flinch\n|\n|upkeep\n|turn|2\n|\n|t:|1776447400\n|move|p2b: Garchomp|Rock Slide|p1a: Hecate|[spread] p1a,p1b\n|-supereffective|p1a: Hecate|1\n|-resisted|p1b: Regina|1\n|-damage|p1a: Hecate|12/100\n|-damage|p1b: Regina|69/100\n|move|p1a: Hecate|Psychic|p2a: Sneasler\n|-supereffective|p2a: Sneasler|2\n|-damage|p2a: Sneasler|0 fnt\n|faint|p2a: Sneasler\n|move|p1b: Regina|Close Combat|p2b: Garchomp\n|-damage|p2b: Garchomp|11/100\n|-unboost|p1b: Regina|def|1\n|-unboost|p1b: Regina|spd|1\n|-damage|p1b: Regina|57/100|[from] ability: Rough Skin|[of] p2b: Garchomp\n|\n|upkeep\n|\n|t:|1776447413\n|switch|p2a: Whimsicott|Whimsicott, L50, F|100/100\n|turn|3\n|inactive|Tarakona has 30 seconds left.\n|inactive|Tarakona has 20 seconds left.\n|\n|t:|1776447449\n|switch|p1a: Gameshark|Garchomp, L50, M|100/100\n|move|p2b: Garchomp|Rock Slide|p1b: Regina|[spread] p1a,p1b\n|-resisted|p1a: Gameshark|1\n|-resisted|p1b: Regina|1\n|-crit|p1b: Regina\n|-damage|p1a: Gameshark|90/100\n|-damage|p1b: Regina|15/100\n|move|p2a: Whimsicott|Moonblast|p1b: Regina\n|-damage|p1b: Regina|0 fnt\n|faint|p1b: Regina\n|\n|upkeep\n|\n|t:|1776447461\n|switch|p1b: \u30b4\u30b8\u30e9|Tyranitar, L50, F|100/100\n|-weather|Sandstorm|[from] ability: Sand Stream|[of] p1b: \u30b4\u30b8\u30e9\n|turn|4\n|\n|t:|1776447476\n|move|p2b: Garchomp|Rock Slide|p1a: Gameshark|[spread] p1a,p1b\n|-resisted|p1a: Gameshark|1\n|-damage|p1a: Gameshark|79/100\n|-damage|p1b: \u30b4\u30b8\u30e9|82/100\n|move|p2a: Whimsicott|Moonblast|p1a: Gameshark|[miss]\n|-miss|p2a: Whimsicott|p1a: Gameshark\n|move|p1a: Gameshark|Iron Head|p2a: Whimsicott\n|-supereffective|p2a: Whimsicott|1\n|-damage|p2a: Whimsicott|23/100\n|move|p1b: \u30b4\u30b8\u30e9|Rock Slide|p2a: Whimsicott|[spread] p2a,p2b\n|-resisted|p2b: Garchomp|1\n|-damage|p2a: Whimsicott|0 fnt\n|-damage|p2b: Garchomp|0 fnt\n|faint|p2a: Whimsicott\n|faint|p2b: Garchomp\n|\n|-weather|Sandstorm|[upkeep]\n|upkeep\n|\n|t:|1776447485\n|switch|p2b: Charizard|Charizard, L50, M|100/100\n|turn|5\n|\n|t:|1776447505\n|switch|p1b: Hecate|Delphox-Mega, L50, M|12/100\n|detailschange|p2b: Charizard|Charizard-Mega-Y, L50, M\n|-mega|p2b: Charizard|Charizard|Charizardite Y\n|-weather|SunnyDay|[from] ability: Drought|[of] p2b: Charizard\n|move|p1a: Gameshark|Dragon Claw|p2b: Charizard\n|-crit|p2b: Charizard\n|-damage|p2b: Charizard|34/100\n|move|p2b: Charizard|Solar Beam||[still]\n|-prepare|p2b: Charizard|Solar Beam\n|-anim|p2b: Charizard|Solar Beam|p1b: Hecate\n|-resisted|p1b: Hecate|1\n|-damage|p1b: Hecate|0 fnt\n|faint|p1b: Hecate\n|\n|-weather|SunnyDay|[upkeep]\n|upkeep\n|\n|t:|1776447518\n|switch|p1b: \u30b4\u30b8\u30e9|Tyranitar, L50, F|82/100\n|-weather|Sandstorm|[from] ability: Sand Stream|[of] p1b: \u30b4\u30b8\u30e9\n|turn|6\n|\n|t:|1776447531\n|move|p1a: Gameshark|Dragon Claw|p2b: Charizard\n|-damage|p2b: Charizard|0 fnt\n|faint|p2b: Charizard\n|\n|win|Tarakona\n|raw|Tarakona's rating: 1216 &rarr; <strong>1238</strong><br />(+22 for winning)\n|raw|DaSheng204's rating: 1179 &rarr; <strong>1157</strong><br />(-22 for losing)\n|l|\u2606DaSheng204\n|player|p2|\n",
  "uploadtime": 1776447541,
  "views": 26,
  "formatid": "gen9championsvgc2026regma",
  "rating": 1157,
  "private": 0,
  "password": null
}