{
  "id": "gen9championsvgc2026regma-2581265088",
  "format": "[Gen 9 Champions] VGC 2026 Reg M-A",
  "players": [
    "lolgz",
    "FluxTheMagus"
  ],
  "log": "|j|\u2606lolgz\n|j|\u2606FluxTheMagus\n|t:|1775978413\n|gametype|doubles\n|player|p1|lolgz|170|1186\n|player|p2|FluxTheMagus|2|1108\n|gen|9\n|tier|[Gen 9 Champions] VGC 2026 Reg M-A\n|rated|\n|rule|Species Clause: Limit one of each Pok\u00e9mon\n|rule|Item Clause: Limit 1 of each item\n|clearpoke\n|poke|p1|Charizard, L50, M|\n|poke|p1|Whimsicott, L50, M|\n|poke|p1|Basculegion, L50, M|\n|poke|p1|Dragapult, L50, F|\n|poke|p1|Sneasler, L50, F|\n|poke|p1|Floette-Eternal, L50, F|\n|poke|p2|Delphox, L50, M|\n|poke|p2|Garchomp, L50, M|\n|poke|p2|Sneasler, L50, F|\n|poke|p2|Whimsicott, L50, M|\n|poke|p2|Basculegion, L50, M|\n|poke|p2|Rotom-Wash, L50|\n|teampreview|4\n|\n|t:|1775978482\n|teamsize|p1|4\n|teamsize|p2|4\n|start\n|switch|p1a: Whimsicott|Whimsicott, L50, M|100/100\n|switch|p1b: Basculegion|Basculegion, L50, M|100/100\n|switch|p2a: Whimsicott|Whimsicott, L50, M|100/100\n|switch|p2b: Sneasler|Sneasler, L50, F|100/100\n|turn|1\n|\n|t:|1775978524\n|move|p2b: Sneasler|Fake Out|p1a: Whimsicott\n|-damage|p1a: Whimsicott|76/100\n|cant|p1a: Whimsicott|flinch\n|move|p2a: Whimsicott|Tailwind|p2a: Whimsicott\n|-sidestart|p2: FluxTheMagus|move: Tailwind\n|move|p1b: Basculegion|Wave Crash|p2b: Sneasler\n|-damage|p2b: Sneasler|0 fnt\n|faint|p2b: Sneasler\n|-damage|p1b: Basculegion|73/100|[from] Recoil\n|\n|upkeep\n|\n|t:|1775978544\n|switch|p2b: Basculegion|Basculegion, L50, M|100/100\n|turn|2\n|\n|t:|1775978582\n|switch|p1b: Sneasler|Sneasler, L50, F|100/100\n|move|p1a: Whimsicott|Tailwind|p1a: Whimsicott\n|-sidestart|p1: lolgz|move: Tailwind\n|move|p2b: Basculegion|Last Respects|p1b: Sneasler\n|-damage|p1b: Sneasler|0 fnt\n|faint|p1b: Sneasler\n|move|p2a: Whimsicott|Moonblast|p1a: Whimsicott\n|-crit|p1a: Whimsicott\n|-damage|p1a: Whimsicott|0 fnt\n|faint|p1a: Whimsicott\n|\n|upkeep\n|inactive|Battle timer is ON: inactive players will automatically lose when time's up. (requested by FluxTheMagus)\n|\n|t:|1775978639\n|switch|p1a: Dragapult|Dragapult, L50, F|100/100\n|switch|p1b: Basculegion|Basculegion, L50, M|73/100\n|turn|3\n|\n|t:|1775978658\n|move|p1b: Basculegion|Last Respects|p2b: Basculegion\n|-supereffective|p2b: Basculegion|1\n|-damage|p2b: Basculegion|0 fnt\n|faint|p2b: Basculegion\n|move|p1a: Dragapult|Phantom Force||[still]\n|-prepare|p1a: Dragapult|Phantom Force\n|move|p2a: Whimsicott|Moonblast|p1a: Dragapult|[miss]\n|-miss|p2a: Whimsicott|p1a: Dragapult\n|\n|upkeep\n|\n|t:|1775978666\n|switch|p2b: Delphox|Delphox, L50, M|100/100\n|turn|4\n|inactive|FluxTheMagus has 30 seconds left.\n|inactive|FluxTheMagus has 20 seconds left.\n|inactive|FluxTheMagus has 15 seconds left.\n|inactive|FluxTheMagus has 10 seconds left.\n|\n|t:|1775978715\n|detailschange|p2b: Delphox|Delphox-Mega, L50, M\n|-mega|p2b: Delphox|Delphox|Delphoxite\n|move|p2b: Delphox|Protect|p2b: Delphox\n|-singleturn|p2b: Delphox|Protect\n|move|p1b: Basculegion|Last Respects|p2b: Delphox\n|-activate|p2b: Delphox|move: Protect\n|move|p1a: Dragapult|Phantom Force|p2a: Whimsicott|[from] lockedmove\n|-damage|p2a: Whimsicott|36/100\n|move|p2a: Whimsicott|Moonblast|p1a: Dragapult\n|-supereffective|p1a: Dragapult|1\n|-damage|p1a: Dragapult|1/100\n|\n|-sideend|p2: FluxTheMagus|move: Tailwind\n|upkeep\n|turn|5\n|inactive|FluxTheMagus has 30 seconds left.\n|inactive|FluxTheMagus has 20 seconds left.\n|\n|t:|1775978751\n|move|p2a: Whimsicott|Tailwind|p2a: Whimsicott\n|-sidestart|p2: FluxTheMagus|move: Tailwind\n|move|p1b: Basculegion|Last Respects|p2a: Whimsicott\n|-damage|p2a: Whimsicott|0 fnt\n|faint|p2a: Whimsicott\n|move|p1a: Dragapult|Phantom Force||[still]\n|-prepare|p1a: Dragapult|Phantom Force\n|move|p2b: Delphox|Heat Wave|p1b: Basculegion|[spread] p1b\n|-miss|p2b: Delphox|p1a: Dragapult\n|-resisted|p1b: Basculegion|1\n|-damage|p1b: Basculegion|49/100\n|\n|-sideend|p1: lolgz|move: Tailwind\n|upkeep\n|turn|6\n|\n|t:|1775978770\n|move|p2b: Delphox|Shadow Ball|p1b: Basculegion\n|-supereffective|p1b: Basculegion|1\n|-damage|p1b: Basculegion|0 fnt\n|faint|p1b: Basculegion\n|move|p1a: Dragapult|Phantom Force|p2b: Delphox|[from] lockedmove\n|-supereffective|p2b: Delphox|1\n|-damage|p2b: Delphox|0 fnt\n|faint|p2b: Delphox\n|\n|win|lolgz\n|raw|lolgz's rating: 1186 &rarr; <strong>1205</strong><br />(+19 for winning)\n|raw|FluxTheMagus's rating: 1108 &rarr; <strong>1089</strong><br />(-19 for losing)\n",
  "uploadtime": 1775978770,
  "views": 12,
  "formatid": "gen9championsvgc2026regma",
  "rating": 1089,
  "private": 0,
  "password": null
}