{
  "id": "gen9championsvgc2026regma-2583760316",
  "format": "[Gen 9 Champions] VGC 2026 Reg M-A",
  "players": [
    "nateyrox",
    "yuriimon"
  ],
  "log": "|j|\u2606nateyrox\n|j|\u2606yuriimon\n|t:|1776195849\n|gametype|doubles\n|player|p1|nateyrox|linebacker|1000\n|player|p2|yuriimon|waitress-gen4|1056\n|gen|9\n|tier|[Gen 9 Champions] VGC 2026 Reg M-A\n|rated|\n|rule|Species Clause: Limit one of each Pok\u00e9mon\n|rule|Item Clause: Limit 1 of each item\n|clearpoke\n|poke|p1|Tyranitar, L50, F|\n|poke|p1|Excadrill, L50, M|\n|poke|p1|Arcanine, L50, F|\n|poke|p1|Raichu, L50, F|\n|poke|p1|Primarina, L50, F|\n|poke|p1|Whimsicott, L50, F|\n|poke|p2|Glimmora, L50, F|\n|poke|p2|Incineroar, L50, M|\n|poke|p2|Archaludon, L50, F|\n|poke|p2|Politoed, L50, M|\n|poke|p2|Basculegion, L50, M|\n|poke|p2|Chesnaught, L50, F|\n|teampreview|4\n|inactive|Battle timer is ON: inactive players will automatically lose when time's up. (requested by yuriimon)\n|\n|t:|1776195874\n|teamsize|p1|4\n|teamsize|p2|4\n|start\n|switch|p1a: Primarina|Primarina, L50, F|100/100\n|switch|p1b: Tyranitar|Tyranitar, L50, F|100/100\n|switch|p2a: Chesnaught|Chesnaught, L50, F|100/100\n|switch|p2b: Incineroar|Incineroar, L50, M|100/100\n|-weather|Sandstorm|[from] ability: Sand Stream|[of] p1b: Tyranitar\n|-ability|p2b: Incineroar|Intimidate|boost\n|-unboost|p1a: Primarina|atk|1\n|-unboost|p1b: Tyranitar|atk|1\n|turn|1\n|\n|t:|1776195891\n|detailschange|p1b: Tyranitar|Tyranitar-Mega, L50, F\n|-mega|p1b: Tyranitar|Tyranitar|Tyranitarite\n|detailschange|p2a: Chesnaught|Chesnaught-Mega, L50, F\n|-mega|p2a: Chesnaught|Chesnaught|Chesnaughtite\n|move|p1b: Tyranitar|Protect|p1b: Tyranitar\n|-singleturn|p1b: Tyranitar|Protect\n|move|p2b: Incineroar|Fake Out|p1a: Primarina\n|-damage|p1a: Primarina|86/100\n|cant|p1a: Primarina|flinch\n|move|p2a: Chesnaught|Iron Defense|p2a: Chesnaught\n|-boost|p2a: Chesnaught|def|2\n|\n|-weather|Sandstorm|[upkeep]\n|-damage|p1a: Primarina|81/100|[from] Sandstorm\n|-damage|p2b: Incineroar|94/100|[from] Sandstorm\n|-damage|p2a: Chesnaught|94/100|[from] Sandstorm\n|upkeep\n|turn|2\n|\n|t:|1776195907\n|move|p2a: Chesnaught|Protect|p2a: Chesnaught\n|-singleturn|p2a: Chesnaught|Protect\n|move|p1b: Tyranitar|Low Kick|p2b: Incineroar\n|-supereffective|p2b: Incineroar|1\n|-damage|p2b: Incineroar|61/100\n|move|p1a: Primarina|Moonblast|p2a: Chesnaught\n|-activate|p2a: Chesnaught|move: Protect\n|move|p2b: Incineroar|Parting Shot|p1a: Primarina\n|-unboost|p1a: Primarina|atk|1\n|-unboost|p1a: Primarina|spa|1\n|\n|t:|1776195917\n|switch|p2b: Politoed|Politoed, L50, M|100/100|[from] Parting Shot\n|-weather|RainDance|[from] ability: Drizzle|[of] p2b: Politoed\n|\n|-weather|RainDance|[upkeep]\n|upkeep\n|turn|3\n|inactive|yuriimon has 30 seconds left.\n|\n|t:|1776195949\n|move|p1b: Tyranitar|Protect|p1b: Tyranitar\n|-singleturn|p1b: Tyranitar|Protect\n|move|p1a: Primarina|Moonblast|p2a: Chesnaught\n|-supereffective|p2a: Chesnaught|1\n|-damage|p2a: Chesnaught|38/100\n|move|p2b: Politoed|Weather Ball|p1b: Tyranitar\n|-activate|p1b: Tyranitar|move: Protect\n|move|p2a: Chesnaught|Poison Jab|p1a: Primarina\n|-supereffective|p1a: Primarina|1\n|-damage|p1a: Primarina|17/100\n|\n|-weather|RainDance|[upkeep]\n|upkeep\n|turn|4\n|\n|t:|1776195970\n|switch|p1a: Excadrill|Excadrill, L50, M|100/100\n|move|p2a: Chesnaught|Protect|p2a: Chesnaught\n|-singleturn|p2a: Chesnaught|Protect\n|move|p1b: Tyranitar|Knock Off|p2b: Politoed\n|-damage|p2b: Politoed|62/100\n|-enditem|p2b: Politoed|Wacan Berry|[from] move: Knock Off|[of] p1b: Tyranitar\n|move|p2b: Politoed|Weather Ball|p1a: Excadrill\n|-supereffective|p1a: Excadrill|1\n|-enditem|p1a: Excadrill|Focus Sash\n|-damage|p1a: Excadrill|1/100\n|\n|-weather|RainDance|[upkeep]\n|upkeep\n|turn|5\n|inactive|yuriimon has 30 seconds left.\n|inactive|yuriimon has 20 seconds left.\n|inactive|yuriimon has 15 seconds left.\n|\n|t:|1776196011\n|switch|p1b: Whimsicott|Whimsicott, L50, F|100/100\n|switch|p2b: Basculegion|Basculegion, L50, M|100/100\n|move|p1a: Excadrill|Iron Head|p2a: Chesnaught\n|-damage|p2a: Chesnaught|25/100\n|move|p2a: Chesnaught|Body Press|p1b: Whimsicott\n|-resisted|p1b: Whimsicott|1\n|-damage|p1b: Whimsicott|22/100\n|\n|-weather|RainDance|[upkeep]\n|-heal|p1b: Whimsicott|28/100|[from] item: Leftovers\n|upkeep\n|turn|6\n|\n|t:|1776196031\n|move|p2a: Chesnaught|Protect|p2a: Chesnaught\n|-singleturn|p2a: Chesnaught|Protect\n|move|p2b: Basculegion|Aqua Jet|p1a: Excadrill\n|-supereffective|p1a: Excadrill|1\n|-damage|p1a: Excadrill|0 fnt\n|faint|p1a: Excadrill\n|move|p1b: Whimsicott|Tailwind|p1b: Whimsicott\n|-sidestart|p1: nateyrox|move: Tailwind\n|\n|-weather|none\n|-heal|p1b: Whimsicott|34/100|[from] item: Leftovers\n|upkeep\n|\n|t:|1776196038\n|switch|p1a: Primarina|Primarina, L50, F|17/100\n|turn|7\n|\n|t:|1776196054\n|switch|p2a: Politoed|Politoed, L50, M|62/100\n|-weather|RainDance|[from] ability: Drizzle|[of] p2a: Politoed\n|move|p2b: Basculegion|Aqua Jet|p1a: Primarina\n|-resisted|p1a: Primarina|1\n|-damage|p1a: Primarina|0 fnt\n|faint|p1a: Primarina\n|move|p1b: Whimsicott|Moonblast|p2b: Basculegion\n|-damage|p2b: Basculegion|59/100\n|\n|-weather|RainDance|[upkeep]\n|-heal|p1b: Whimsicott|40/100|[from] item: Leftovers\n|upkeep\n|\n|t:|1776196063\n|switch|p1a: Tyranitar|Tyranitar-Mega, L50, F|100/100\n|-weather|Sandstorm|[from] ability: Sand Stream|[of] p1a: Tyranitar\n|turn|8\n|\n|t:|1776196088\n|switch|p2a: Incineroar|Incineroar, L50, M|61/100\n|-ability|p2a: Incineroar|Intimidate|boost\n|-unboost|p1a: Tyranitar|atk|1\n|-unboost|p1b: Whimsicott|atk|1\n|move|p1b: Whimsicott|Taunt|p2a: Incineroar\n|-hint|Since gen 7, Dark is immune to Prankster moves.\n|-immune|p2a: Incineroar\n|move|p1a: Tyranitar|Knock Off|p2b: Basculegion\n|-supereffective|p2b: Basculegion|1\n|-damage|p2b: Basculegion|0 fnt\n|-enditem|p2b: Basculegion|Mystic Water|[from] move: Knock Off|[of] p1a: Tyranitar\n|faint|p2b: Basculegion\n|\n|-weather|Sandstorm|[upkeep]\n|-damage|p1b: Whimsicott|34/100|[from] Sandstorm\n|-damage|p2a: Incineroar|55/100|[from] Sandstorm\n|-heal|p1b: Whimsicott|40/100|[from] item: Leftovers\n|upkeep\n|\n|t:|1776196097\n|switch|p2b: Politoed|Politoed, L50, M|62/100\n|-weather|RainDance|[from] ability: Drizzle|[of] p2b: Politoed\n|turn|9\n|\n|t:|1776196127\n|move|p2b: Politoed|Protect|p2b: Politoed\n|-singleturn|p2b: Politoed|Protect\n|move|p1b: Whimsicott|Taunt|p2b: Politoed\n|-activate|p2b: Politoed|move: Protect\n|move|p1a: Tyranitar|Rock Slide|p2a: Incineroar|[spread] \n|-activate|p2b: Politoed|move: Protect\n|-miss|p1a: Tyranitar|p2a: Incineroar\n|move|p2a: Incineroar|Taunt|p1b: Whimsicott\n|-start|p1b: Whimsicott|move: Taunt\n|\n|-weather|RainDance|[upkeep]\n|-heal|p1b: Whimsicott|46/100|[from] item: Leftovers\n|-sideend|p1: nateyrox|move: Tailwind\n|upkeep\n|turn|10\n|inactive|yuriimon has 30 seconds left.\n|\n|t:|1776196162\n|move|p1b: Whimsicott|Moonblast|p2b: Politoed\n|-damage|p2b: Politoed|33/100\n|move|p1a: Tyranitar|Rock Slide|p2a: Incineroar|[spread] p2a,p2b\n|-supereffective|p2a: Incineroar|1\n|-damage|p2a: Incineroar|18/100\n|-damage|p2b: Politoed|12/100\n|-enditem|p2a: Incineroar|Sitrus Berry|[eat]\n|-heal|p2a: Incineroar|43/100|[from] item: Sitrus Berry\n|move|p2b: Politoed|Encore|p1b: Whimsicott\n|-start|p1b: Whimsicott|Encore\n|move|p2a: Incineroar|Parting Shot|p1a: Tyranitar\n|-unboost|p1a: Tyranitar|atk|1\n|-unboost|p1a: Tyranitar|spa|1\n|\n|t:|1776196174\n|switch|p2a: Chesnaught|Chesnaught-Mega, L50, F|25/100|[from] Parting Shot\n|\n|-weather|RainDance|[upkeep]\n|-heal|p1b: Whimsicott|52/100|[from] item: Leftovers\n|upkeep\n|turn|11\n|-message|nateyrox forfeited.\n|\n|win|yuriimon\n|raw|nateyrox's rating: 1000 &rarr; <strong>1000</strong><br />(+0 for losing)\n|raw|yuriimon's rating: 1056 &rarr; <strong>1083</strong><br />(+27 for winning)\n|l|\u2606nateyrox\n|player|p1|\n",
  "uploadtime": 1776196179,
  "views": 15,
  "formatid": "gen9championsvgc2026regma",
  "rating": 1000,
  "private": 0,
  "password": null
}