{
  "id": "gen9championsvgc2026regma-2580716597",
  "format": "[Gen 9 Champions] VGC 2026 Reg M-A",
  "players": [
    "Clayton Rasta",
    "Lucoooo"
  ],
  "log": "|j|\u2606Clayton Rasta\n|j|\u2606Lucoooo\n|t:|1775926690\n|gametype|doubles\n|player|p1|Clayton Rasta|1|1000\n|player|p2|Lucoooo|170|1000\n|gen|9\n|tier|[Gen 9 Champions] VGC 2026 Reg M-A\n|rated|\n|rule|Species Clause: Limit one of each Pok\u00e9mon\n|rule|Item Clause: Limit 1 of each item\n|clearpoke\n|poke|p1|Scizor, L50, F|\n|poke|p1|Garchomp, L50, M|\n|poke|p1|Empoleon, L50, M|\n|poke|p1|Ampharos, L50, F|\n|poke|p1|Gengar, L50, F|\n|poke|p1|Incineroar, L50, F|\n|poke|p2|Gallade, L50, M|\n|poke|p2|Maushold-Four, L50|\n|poke|p2|Whimsicott, L50, M|\n|poke|p2|Arcanine, L50, M|\n|poke|p2|Kingambit, L50, M|\n|poke|p2|Dedenne, L50, M|\n|teampreview|4\n|j| ClassClownApple\n|\n|t:|1775926725\n|teamsize|p1|4\n|teamsize|p2|4\n|start\n|switch|p1a: Incineroar|Incineroar, L50, F|100/100\n|switch|p1b: Empoleon|Empoleon, L50, M|100/100\n|switch|p2a: Gallade|Gallade, L50, M|100/100\n|switch|p2b: Maushold|Maushold-Four, L50|100/100\n|-ability|p1a: Incineroar|Intimidate|boost\n|-unboost|p2a: Gallade|atk|1\n|-unboost|p2b: Maushold|atk|1\n|turn|1\n|\n|t:|1775926741\n|detailschange|p2a: Gallade|Gallade-Mega, L50, M\n|-mega|p2a: Gallade|Gallade|Galladite\n|move|p2b: Maushold|Helping Hand|p2a: Gallade\n|-singleturn|p2a: Gallade|Helping Hand|[of] p2b: Maushold\n|move|p1a: Incineroar|Fake Out|p2a: Gallade\n|-damage|p2a: Gallade|86/100\n|move|p2a: Gallade|Close Combat|p1a: Incineroar\n|-supereffective|p1a: Incineroar|1\n|-damage|p1a: Incineroar|0 fnt\n|-unboost|p2a: Gallade|def|1\n|-unboost|p2a: Gallade|spd|1\n|faint|p1a: Incineroar\n|move|p1b: Empoleon|Icy Wind|p2a: Gallade|[spread] p2a,p2b\n|-damage|p2a: Gallade|67/100\n|-damage|p2b: Maushold|84/100\n|-unboost|p2a: Gallade|spe|1\n|-unboost|p2b: Maushold|spe|1\n|\n|upkeep\n|\n|t:|1775926759\n|switch|p1a: Gengar|Gengar, L50, F|100/100\n|turn|2\n|\n|t:|1775926776\n|switch|p2a: Kingambit|Kingambit, L50, M|100/100\n|detailschange|p1a: Gengar|Gengar-Mega, L50, F\n|-mega|p1a: Gengar|Gengar|Gengarite\n|move|p1a: Gengar|Sludge Wave|p2a: Kingambit|[spread] p2b\n|-immune|p1b: Empoleon\n|-immune|p2a: Kingambit\n|-damage|p2b: Maushold|26/100\n|move|p2b: Maushold|Super Fang|p1b: Empoleon\n|-damage|p1b: Empoleon|51/100\n|move|p1b: Empoleon|Flash Cannon|p2b: Maushold\n|-damage|p2b: Maushold|0 fnt\n|faint|p2b: Maushold\n|\n|upkeep\n|\n|t:|1775926793\n|switch|p2b: Gallade|Gallade-Mega, L50, M|67/100\n|turn|3\n|\n|t:|1775926810\n|move|p1a: Gengar|Protect|p1a: Gengar\n|-singleturn|p1a: Gengar|Protect\n|move|p2b: Gallade|Close Combat|p1b: Empoleon\n|-supereffective|p1b: Empoleon|1\n|-damage|p1b: Empoleon|0 fnt\n|-unboost|p2b: Gallade|def|1\n|-unboost|p2b: Gallade|spd|1\n|faint|p1b: Empoleon\n|move|p2a: Kingambit|Kowtow Cleave|p1a: Gengar\n|-activate|p1a: Gengar|move: Protect\n|\n|upkeep\n|\n|t:|1775926816\n|switch|p1b: Scizor|Scizor, L50, F|100/100\n|turn|4\n|\n|t:|1775926839\n|move|p2a: Kingambit|Sucker Punch|p1a: Gengar\n|-supereffective|p1a: Gengar|1\n|-damage|p1a: Gengar|0 fnt\n|faint|p1a: Gengar\n|move|p2b: Gallade|Psycho Cut|p1b: Scizor\n|-resisted|p1b: Scizor|1\n|-crit|p1b: Scizor\n|-damage|p1b: Scizor|67/100\n|move|p1b: Scizor|Swords Dance|p1b: Scizor\n|-boost|p1b: Scizor|atk|2\n|\n|upkeep\n|turn|5\n|\n|t:|1775926854\n|move|p1b: Scizor|Bullet Punch|p2b: Gallade\n|-damage|p2b: Gallade|0 fnt\n|faint|p2b: Gallade\n|move|p2a: Kingambit|Kowtow Cleave|p1b: Scizor\n|-damage|p1b: Scizor|10/100\n|\n|upkeep\n|\n|t:|1775926861\n|switch|p2b: Arcanine|Arcanine, L50, M|100/100\n|-ability|p2b: Arcanine|Intimidate|boost\n|-unboost|p1b: Scizor|atk|1\n|turn|6\n|\n|t:|1775926868\n|move|p1b: Scizor|Bullet Punch|p2a: Kingambit\n|-resisted|p2a: Kingambit|1\n|-damage|p2a: Kingambit|78/100\n|move|p2a: Kingambit|Sucker Punch||[still]\n|-fail|p2a: Kingambit\n|move|p2b: Arcanine|Flamethrower|p1b: Scizor\n|-supereffective|p1b: Scizor|2\n|-damage|p1b: Scizor|0 fnt\n|faint|p1b: Scizor\n|\n|win|Lucoooo\n|raw|Clayton Rasta's rating: 1000 &rarr; <strong>1000</strong><br />(+0 for losing)\n|raw|Lucoooo's rating: 1000 &rarr; <strong>1040</strong><br />(+40 for winning)\n|l|\u2606Clayton Rasta\n|player|p1|\n|l| ClassClownApple\n",
  "uploadtime": 1775926884,
  "views": 14,
  "formatid": "gen9championsvgc2026regma",
  "rating": 1000,
  "private": 0,
  "password": null
}