{
  "id": "gen9championsvgc2026regma-2584271790",
  "format": "[Gen 9 Champions] VGC 2026 Reg M-A",
  "players": [
    "manzan444",
    "eladioguardiola"
  ],
  "log": "|j|\u2606manzan444\n|j|\u2606eladioguardiola\n|t:|1776245654\n|gametype|doubles\n|player|p1|manzan444|2|\n|player|p2|eladioguardiola|veteran|\n|gen|9\n|tier|[Gen 9 Champions] VGC 2026 Reg M-A\n|rule|Species Clause: Limit one of each Pok\u00e9mon\n|rule|Item Clause: Limit 1 of each item\n|clearpoke\n|poke|p1|Froslass, L50, F|\n|poke|p1|Crabominable, L50, M|\n|poke|p1|Mr. Rime, L50, M|\n|poke|p1|Clefable, L50, M|\n|poke|p1|Incineroar, L50, F|\n|poke|p1|Basculegion, L50, M|\n|poke|p2|Hydreigon, L50, M|\n|poke|p2|Venusaur, L50, M|\n|poke|p2|Clawitzer, L50, F|\n|poke|p2|Gengar, L50, M|\n|poke|p2|Golurk, L50|\n|poke|p2|Talonflame, L50, F|\n|teampreview|4\neladioguardiola rejected open team sheets.\n|c|\u2606manzan444|mira mi equipo\n|c|\u2606eladioguardiola|Barbaridad\n|c|\u2606eladioguardiola|Mira que utilizar hielo gay\n|c|\u2606eladioguardiola|Contra m\u00ed\n|c|\u2606eladioguardiola|Falta de respeto\n|c|\u2606manzan444|xs\n|c|\u2606manzan444|xd\n|\n|t:|1776245728\n|teamsize|p1|4\n|teamsize|p2|4\n|start\n|switch|p1a: Mr. Rime|Mr. Rime, L50, M|100/100\n|switch|p1b: Froslass|Froslass, L50, F|100/100\n|switch|p2a: Venusaur|Venusaur, L50, M|100/100\n|switch|p2b: Talonflame|Talonflame, L50, F|100/100\n|turn|1\n|\n|t:|1776245779\n|switch|p1a: Incineroar|Incineroar, L50, F|100/100\n|-ability|p1a: Incineroar|Intimidate|boost\n|-unboost|p2a: Venusaur|atk|1\n|-unboost|p2b: Talonflame|atk|1\n|detailschange|p1b: Froslass|Froslass-Mega, L50, F\n|-mega|p1b: Froslass|Froslass|Froslassite\n|-weather|Snowscape|[from] ability: Snow Warning|[of] p1b: Froslass\n|detailschange|p2a: Venusaur|Venusaur-Mega, L50, M\n|-mega|p2a: Venusaur|Venusaur|Venusaurite\n|move|p2b: Talonflame|Tailwind|p2b: Talonflame\n|-sidestart|p2: eladioguardiola|move: Tailwind\n|move|p2a: Venusaur|Giga Drain|p1b: Froslass\n|-damage|p1b: Froslass|54/100\n|move|p1b: Froslass|Aurora Veil|p1b: Froslass\n|-sidestart|p1: manzan444|move: Aurora Veil\n|\n|-weather|Snowscape|[upkeep]\n|upkeep\n|turn|2\n|\n|t:|1776245812\n|switch|p1b: Mr. Rime|Mr. Rime, L50, M|100/100\n|move|p2b: Talonflame|Blaze Kick|p1b: Mr. Rime\n|-supereffective|p1b: Mr. Rime|1\n|-crit|p1b: Mr. Rime\n|-damage|p1b: Mr. Rime|32/100\n|move|p2a: Venusaur|Giga Drain|p1b: Mr. Rime\n|-damage|p1b: Mr. Rime|9/100\n|move|p1a: Incineroar|Parting Shot|p2a: Venusaur\n|-unboost|p2a: Venusaur|atk|1\n|-unboost|p2a: Venusaur|spa|1\n|\n|t:|1776245827\n|switch|p1a: Froslass|Froslass-Mega, L50, F|54/100|[from] Parting Shot\n|\n|-weather|Snowscape|[upkeep]\n|-heal|p1b: Mr. Rime|15/100|[from] ability: Ice Body\n|upkeep\n|turn|3\n|\n|t:|1776245852\n|switch|p2a: Clawitzer|Clawitzer, L50, F|100/100\n|move|p2b: Talonflame|Blaze Kick|p1a: Froslass\n|-supereffective|p1a: Froslass|1\n|-damage|p1a: Froslass|18/100\n|move|p1a: Froslass|Blizzard|p2b: Talonflame|[spread] p2a,p2b\n|-resisted|p2a: Clawitzer|1\n|-damage|p2a: Clawitzer|76/100\n|-damage|p2b: Talonflame|43/100\n|move|p1b: Mr. Rime|Guard Swap|p1a: Froslass\n|-swapboost|p1b: Mr. Rime|p1a: Froslass|def, spd|[from] move: Guard Swap\n|\n|-weather|Snowscape|[upkeep]\n|-heal|p1b: Mr. Rime|20/100|[from] ability: Ice Body\n|upkeep\n|turn|4\n|\n|t:|1776245891\n|move|p2b: Talonflame|Blaze Kick|p1a: Froslass\n|-supereffective|p1a: Froslass|1\n|-damage|p1a: Froslass|0 fnt\n|faint|p1a: Froslass\n|move|p2a: Clawitzer|Heal Pulse|p2b: Talonflame\n|-heal|p2b: Talonflame|100/100\n|move|p1b: Mr. Rime|Psychic|p2a: Clawitzer\n|-damage|p2a: Clawitzer|37/100\n|-enditem|p2a: Clawitzer|Sitrus Berry|[eat]\n|-heal|p2a: Clawitzer|62/100|[from] item: Sitrus Berry\n|\n|-weather|Snowscape|[upkeep]\n|-heal|p1b: Mr. Rime|26/100|[from] ability: Ice Body\n|-sideend|p2: eladioguardiola|move: Tailwind\n|upkeep\n|\n|t:|1776245907\n|switch|p1a: Incineroar|Incineroar, L50, F|100/100\n|-ability|p1a: Incineroar|Intimidate|boost\n|-unboost|p2a: Clawitzer|atk|1\n|-unboost|p2b: Talonflame|atk|1\n|turn|5\n|\n|t:|1776245943\n|move|p2b: Talonflame|Upper Hand|p1a: Incineroar\n|-supereffective|p1a: Incineroar|1\n|-damage|p1a: Incineroar|89/100\n|cant|p1a: Incineroar|flinch\n|move|p2a: Clawitzer|Water Pulse|p1b: Mr. Rime\n|-damage|p1b: Mr. Rime|0 fnt\n|faint|p1b: Mr. Rime\n|\n|-weather|none\n|-sideend|p1: manzan444|move: Aurora Veil\n|upkeep\n|\n|t:|1776245952\n|switch|p1b: Basculegion|Basculegion, L50, M|100/100\n|turn|6\n|\n|t:|1776245971\n|move|p2b: Talonflame|Tailwind|p2b: Talonflame\n|-sidestart|p2: eladioguardiola|move: Tailwind\n|move|p1b: Basculegion|Last Respects|p2a: Clawitzer\n|-damage|p2a: Clawitzer|0 fnt\n|faint|p2a: Clawitzer\n|move|p1a: Incineroar|Throat Chop|p2b: Talonflame\n|-damage|p2b: Talonflame|50/100\n|-start|p2b: Talonflame|Throat Chop|[silent]\n|\n|upkeep\n|\n|t:|1776245978\n|switch|p2a: Venusaur|Venusaur-Mega, L50, M|100/100\n|turn|7\n|\n|t:|1776245996\n|move|p2b: Talonflame|Brave Bird|p1b: Basculegion\n|-damage|p1b: Basculegion|70/100\n|-damage|p2b: Talonflame|39/100|[from] Recoil\n|move|p1b: Basculegion|Last Respects|p2a: Venusaur\n|-damage|p2a: Venusaur|22/100\n|move|p2a: Venusaur|Giga Drain|p1b: Basculegion\n|-supereffective|p1b: Basculegion|1\n|-damage|p1b: Basculegion|0 fnt\n|-heal|p2a: Venusaur|59/100|[from] drain|[of] p1b: Basculegion\n|faint|p1b: Basculegion\n|move|p1a: Incineroar|Throat Chop|p2b: Talonflame\n|-damage|p2b: Talonflame|0 fnt\n|faint|p2b: Talonflame\n|\n|upkeep\n|\n|t:|1776246009\n|switch|p2b: Gengar|Gengar, L50, M|100/100\n|turn|8\n|c|\u2606manzan444|ggs\n|\n|t:|1776246021\n|move|p2b: Gengar|Sludge Bomb|p1a: Incineroar\n|-damage|p1a: Incineroar|47/100\n|-status|p1a: Incineroar|psn\n|-enditem|p1a: Incineroar|Sitrus Berry|[eat]\n|-heal|p1a: Incineroar|72/100 psn|[from] item: Sitrus Berry\n|move|p2a: Venusaur|Earth Power|p1a: Incineroar\n|-supereffective|p1a: Incineroar|1\n|-damage|p1a: Incineroar|16/100 psn\n|move|p1a: Incineroar|Throat Chop|p2b: Gengar\n|-supereffective|p2b: Gengar|1\n|-enditem|p2b: Gengar|Focus Sash\n|-damage|p2b: Gengar|1/100\n|-start|p2b: Gengar|Throat Chop|[silent]\n|\n|-damage|p1a: Incineroar|4/100 psn|[from] psn\n|upkeep\n|turn|9\n|\n|t:|1776246039\n|move|p2b: Gengar|Shadow Ball|p1a: Incineroar\n|-resisted|p1a: Incineroar|1\n|-damage|p1a: Incineroar|0 fnt\n|faint|p1a: Incineroar\n|\n|win|eladioguardiola\n|l|\u2606manzan444\n|player|p1|\n|c|\u2606eladioguardiola|Bien jugado sinverg\u00fcenza\n",
  "uploadtime": 1776246069,
  "views": 28,
  "formatid": "gen9championsvgc2026regma",
  "rating": null,
  "private": 0,
  "password": null
}