{
  "id": "gen9championsvgc2026regma-2582951615",
  "format": "[Gen 9 Champions] VGC 2026 Reg M-A",
  "players": [
    "mickiminaj",
    "wash23"
  ],
  "log": "|j|\u2606mickiminaj\n|j|\u2606wash23\n|t:|1776127867\n|gametype|doubles\n|player|p1|mickiminaj|1|1061\n|player|p2|wash23|corbeau|1050\n|gen|9\n|tier|[Gen 9 Champions] VGC 2026 Reg M-A\n|rated|\n|rule|Species Clause: Limit one of each Pok\u00e9mon\n|rule|Item Clause: Limit 1 of each item\n|clearpoke\n|poke|p1|Sinistcha-Masterpiece, L50|\n|poke|p1|Pelipper, L50, M|\n|poke|p1|Scizor, L50, F|\n|poke|p1|Drampa, L50, M|\n|poke|p1|Alakazam, L50, F|\n|poke|p1|Basculegion, L50, M|\n|poke|p2|Froslass, L50, F|\n|poke|p2|Glaceon, L50, M|\n|poke|p2|Incineroar, L50, M|\n|poke|p2|Kingambit, L50, M|\n|poke|p2|Sneasler, L50, F|\n|poke|p2|Aerodactyl, L50, F|\n|teampreview|4\n|inactive|Battle timer is ON: inactive players will automatically lose when time's up. (requested by wash23)\nwash23 rejected open team sheets.\n|\n|t:|1776127883\n|teamsize|p1|4\n|teamsize|p2|4\n|start\n|switch|p1a: Alakazam|Alakazam, L50, F|100/100\n|switch|p1b: Drampa|Drampa, L50, M|100/100\n|switch|p2a: Aerodactyl|Aerodactyl, L50, F|100/100\n|switch|p2b: Froslass|Froslass, L50, F|100/100\n|-ability|p2a: Aerodactyl|Unnerve\n|-ability|p1b: Drampa|Cloud Nine\n|turn|1\n|\n|t:|1776127903\n|detailschange|p2b: Froslass|Froslass-Mega, L50, F\n|-mega|p2b: Froslass|Froslass|Froslassite\n|-weather|Snowscape|[from] ability: Snow Warning|[of] p2b: Froslass\n|move|p1b: Drampa|Protect|p1b: Drampa\n|-singleturn|p1b: Drampa|Protect\n|move|p1a: Alakazam|Light Screen|p1a: Alakazam\n|-sidestart|p1: mickiminaj|move: Light Screen\n|move|p2b: Froslass|Blizzard|p1b: Drampa|[spread] p1a\n|-activate|p1b: Drampa|move: Protect\n|-damage|p1a: Alakazam|67/100\n|move|p2a: Aerodactyl|Tailwind|p2a: Aerodactyl\n|-sidestart|p2: wash23|move: Tailwind\n|\n|-weather|Snowscape|[upkeep]\n|upkeep\n|turn|2\n|\n|t:|1776127926\n|switch|p1a: Pelipper|Pelipper, L50, M|100/100\n|-weather|RainDance|[from] ability: Drizzle|[of] p1a: Pelipper\n|switch|p1b: Basculegion|Basculegion, L50, M|100/100\n|move|p2b: Froslass|Blizzard|p1b: Basculegion|[spread] p1a,p1b\n|-resisted|p1b: Basculegion|1\n|-damage|p1a: Pelipper|60/100\n|-damage|p1b: Basculegion|84/100\n|-status|p1b: Basculegion|frz\n|move|p2a: Aerodactyl|Rock Slide|p1b: Basculegion|[spread] p1a,p1b\n|-supereffective|p1a: Pelipper|1\n|-damage|p1a: Pelipper|17/100\n|-damage|p1b: Basculegion|52/100 frz\n|\n|-weather|RainDance|[upkeep]\n|upkeep\n|turn|3\n|\n|t:|1776127946\n|move|p1a: Pelipper|Protect|p1a: Pelipper\n|-singleturn|p1a: Pelipper|Protect\n|move|p2b: Froslass|Blizzard|p1b: Basculegion|[spread] \n|-activate|p1a: Pelipper|move: Protect\n|-miss|p2b: Froslass|p1b: Basculegion\n|move|p2a: Aerodactyl|Rock Slide|p1a: Pelipper|[spread] p1b\n|-activate|p1a: Pelipper|move: Protect\n|-damage|p1b: Basculegion|16/100 frz\n|cant|p1b: Basculegion|frz\n|\n|-weather|RainDance|[upkeep]\n|upkeep\n|turn|4\n|\n|t:|1776127968\n|move|p2b: Froslass|Protect|p2b: Froslass\n|-singleturn|p2b: Froslass|Protect\n|cant|p1b: Basculegion|frz\n|move|p2a: Aerodactyl|Rock Slide|p1b: Basculegion|[spread] p1a,p1b\n|-supereffective|p1a: Pelipper|1\n|-damage|p1a: Pelipper|0 fnt\n|-damage|p1b: Basculegion|0 fnt\n|faint|p1a: Pelipper\n|faint|p1b: Basculegion\n|\n|-weather|RainDance|[upkeep]\n|-sideend|p2: wash23|move: Tailwind\n|upkeep\n|\n|t:|1776127974\n|switch|p1b: Drampa|Drampa, L50, M|100/100\n|switch|p1a: Alakazam|Alakazam, L50, F|67/100\n|-ability|p1b: Drampa|Cloud Nine\n|turn|5\n|\n|t:|1776127984\n|switch|p2b: Kingambit|Kingambit, L50, M|100/100\n|move|p1a: Alakazam|Speed Swap|p1b: Drampa\n|-activate|p1a: Alakazam|move: Speed Swap|[of] p1b: Drampa\n|move|p1b: Drampa|Calm Mind|p1b: Drampa\n|-boost|p1b: Drampa|spa|1\n|-boost|p1b: Drampa|spd|1\n|move|p2a: Aerodactyl|Tailwind|p2a: Aerodactyl\n|-sidestart|p2: wash23|move: Tailwind\n|\n|-weather|RainDance|[upkeep]\n|-sideend|p1: mickiminaj|move: Light Screen\n|upkeep\n|turn|6\n|\n|t:|1776127998\n|move|p2a: Aerodactyl|Rock Slide|p1b: Drampa|[spread] p1a\n|-miss|p2a: Aerodactyl|p1b: Drampa\n|-damage|p1a: Alakazam|15/100\n|move|p1b: Drampa|Earth Power|p2b: Kingambit\n|-supereffective|p2b: Kingambit|1\n|-enditem|p2b: Kingambit|Focus Sash\n|-damage|p2b: Kingambit|1/100\n|move|p2b: Kingambit|Kowtow Cleave|p1a: Alakazam\n|-supereffective|p1a: Alakazam|1\n|-damage|p1a: Alakazam|0 fnt\n|faint|p1a: Alakazam\n|\n|-weather|none\n|upkeep\n|turn|7\n|\n|t:|1776128016\n|detailschange|p1b: Drampa|Drampa-Mega, L50, M\n|-mega|p1b: Drampa|Drampa|Drampanite\n|move|p2b: Kingambit|Protect|p2b: Kingambit\n|-singleturn|p2b: Kingambit|Protect\n|move|p2a: Aerodactyl|Rock Slide|p1b: Drampa\n|-damage|p1b: Drampa|69/100\n|cant|p1b: Drampa|flinch\n|\n|upkeep\n|turn|8\n|\n|t:|1776128027\n|switch|p2b: Froslass|Froslass-Mega, L50, F|100/100\n|-weather|Snowscape|[from] ability: Snow Warning|[of] p2b: Froslass\n|move|p2a: Aerodactyl|Rock Slide|p1b: Drampa\n|-damage|p1b: Drampa|38/100\n|-ability|p1b: Drampa|Berserk|boost\n|-boost|p1b: Drampa|spa|1\n|cant|p1b: Drampa|flinch\n|\n|-weather|Snowscape|[upkeep]\n|-sideend|p2: wash23|move: Tailwind\n|upkeep\n|turn|9\n|\n|t:|1776128034\n|move|p2b: Froslass|Blizzard|p1b: Drampa\n|-supereffective|p1b: Drampa|1\n|-damage|p1b: Drampa|0 fnt\n|faint|p1b: Drampa\n|\n|win|wash23\n|raw|mickiminaj's rating: 1092 &rarr; <strong>1065</strong><br />(-27 for losing)\n|raw|wash23's rating: 1050 &rarr; <strong>1086</strong><br />(+36 for winning)\n|l|\u2606mickiminaj\n|player|p1|\n",
  "uploadtime": 1776128038,
  "views": 16,
  "formatid": "gen9championsvgc2026regma",
  "rating": 1065,
  "private": 0,
  "password": null
}