{
  "id": "gen9championsvgc2026regma-2581222508",
  "format": "[Gen 9 Champions] VGC 2026 Reg M-A",
  "players": [
    "SimplyNarwall",
    "Am Your Conscience"
  ],
  "log": "|j|\u2606SimplyNarwall\n|j|\u2606Am Your Conscience\n|t:|1775972680\n|gametype|doubles\n|player|p1|SimplyNarwall|102|1041\n|player|p2|Am Your Conscience|n|1113\n|gen|9\n|tier|[Gen 9 Champions] VGC 2026 Reg M-A\n|rated|\n|rule|Species Clause: Limit one of each Pok\u00e9mon\n|rule|Item Clause: Limit 1 of each item\n|clearpoke\n|poke|p1|Zoroark-Hisui, L50, F|\n|poke|p1|Whimsicott, L50, M|\n|poke|p1|Maushold-Four, L50|\n|poke|p1|Azumarill, L50, F|\n|poke|p1|Aerodactyl, L50, M|\n|poke|p1|Meowstic-F, L50, F|\n|poke|p2|Gliscor, L50, M|\n|poke|p2|Sneasler, L50, M|\n|poke|p2|Rotom-Wash, L50|\n|poke|p2|Dragapult, L50, M|\n|poke|p2|Aerodactyl, L50, M|\n|poke|p2|Maushold-Four, L50|\n|teampreview|4\n|\n|t:|1775972708\n|teamsize|p1|4\n|teamsize|p2|4\n|start\n|switch|p1a: Maushold|Maushold-Four, L50|100/100\n|switch|p1b: Azumarill|Azumarill, L50, F|100/100\n|switch|p2a: Gliscor|Gliscor, L50, M|100/100\n|switch|p2b: Sneasler|Sneasler, L50, M|100/100\n|turn|1\n|\n|t:|1775972739\n|move|p1b: Azumarill|Aqua Jet|p2a: Gliscor\n|-supereffective|p2a: Gliscor|1\n|-damage|p2a: Gliscor|60/100\n|move|p2b: Sneasler|Dire Claw|p1b: Azumarill\n|-supereffective|p1b: Azumarill|1\n|-damage|p1b: Azumarill|34/100\n|-enditem|p1b: Azumarill|Sitrus Berry|[eat]\n|-heal|p1b: Azumarill|59/100|[from] item: Sitrus Berry\n|move|p1a: Maushold|Super Fang|p2a: Gliscor\n|-damage|p2a: Gliscor|30/100\n|move|p2a: Gliscor|Tailwind|p2a: Gliscor\n|-sidestart|p2: Am Your Conscience|move: Tailwind\n|\n|upkeep\n|turn|2\n|\n|t:|1775972779\n|move|p2a: Gliscor|Protect|p2a: Gliscor\n|-singleturn|p2a: Gliscor|Protect\n|move|p1a: Maushold|Protect|p1a: Maushold\n|-singleturn|p1a: Maushold|Protect\n|move|p1b: Azumarill|Protect|p1b: Azumarill\n|-singleturn|p1b: Azumarill|Protect\n|move|p2b: Sneasler|Dire Claw|p1b: Azumarill\n|-activate|p1b: Azumarill|move: Protect\n|\n|upkeep\n|turn|3\n|\n|t:|1775972819\n|switch|p1b: Meowstic|Meowstic-F, L50, F|100/100\n|move|p1a: Maushold|Follow Me|p1a: Maushold\n|-singleturn|p1a: Maushold|move: Follow Me\n|move|p2b: Sneasler|Dire Claw|p1a: Maushold\n|-damage|p1a: Maushold|44/100\n|move|p2a: Gliscor|Dual Wingbeat|p1a: Maushold\n|-crit|p1a: Maushold\n|-damage|p1a: Maushold|13/100\n|-damage|p1a: Maushold|0 fnt\n|faint|p1a: Maushold\n|-hitcount|p1: Maushold|2\n|\n|upkeep\n|\n|t:|1775972834\n|switch|p1a: Azumarill|Azumarill, L50, F|59/100\n|turn|4\n|\n|t:|1775972847\n|detailschange|p1b: Meowstic|Meowstic-F-Mega, L50, F\n|-mega|p1b: Meowstic|Meowstic|Meowsticite\n|-ability|p1b: Meowstic|Unburden|Trace|[from] ability: Trace|[of] p2b: Sneasler\n|move|p2a: Gliscor|Protect|p2a: Gliscor\n|-singleturn|p2a: Gliscor|Protect\n|move|p1a: Azumarill|Protect|p1a: Azumarill\n|-singleturn|p1a: Azumarill|Protect\n|move|p2b: Sneasler|Dire Claw|p1a: Azumarill\n|-activate|p1a: Azumarill|move: Protect\n|move|p1b: Meowstic|Psychic|p2b: Sneasler\n|-supereffective|p2b: Sneasler|2\n|-enditem|p2b: Sneasler|Focus Sash\n|-damage|p2b: Sneasler|1/100\n|\n|-sideend|p2: Am Your Conscience|move: Tailwind\n|upkeep\n|turn|5\n|\n|t:|1775972864\n|move|p1a: Azumarill|Aqua Jet|p2b: Sneasler\n|-damage|p2b: Sneasler|0 fnt\n|faint|p2b: Sneasler\n|move|p1b: Meowstic|Psychic|p2a: Gliscor\n|-damage|p2a: Gliscor|0 fnt\n|faint|p2a: Gliscor\n|\n|upkeep\n|\n|t:|1775972870\n|switch|p2b: Dragapult|Dragapult, L50, M|100/100\n|switch|p2a: Aerodactyl|Aerodactyl, L50, M|100/100\n|-ability|p2a: Aerodactyl|Unnerve\n|turn|6\n|\n|t:|1775972882\n|detailschange|p2a: Aerodactyl|Aerodactyl-Mega, L50, M\n|-mega|p2a: Aerodactyl|Aerodactyl|Aerodactylite\n|move|p2a: Aerodactyl|Protect|p2a: Aerodactyl\n|-singleturn|p2a: Aerodactyl|Protect\n|move|p1b: Meowstic|Protect|p1b: Meowstic\n|-singleturn|p1b: Meowstic|Protect\n|move|p2b: Dragapult|Thunderbolt|p1a: Azumarill\n|-supereffective|p1a: Azumarill|1\n|-crit|p1a: Azumarill\n|-damage|p1a: Azumarill|0 fnt\n|faint|p1a: Azumarill\n|\n|upkeep\n|\n|t:|1775972892\n|switch|p1a: Meowstic|Meowstic-F-Mega, L50, F|100/100\n|turn|7\n|\n|t:|1775972909\n|move|p2b: Dragapult|Shadow Ball|p1b: Meowstic\n|-supereffective|p1b: Meowstic|1\n|-damage|p1b: Meowstic|21/100\n|-unboost|p1b: Meowstic|spd|1\n|move|p2a: Aerodactyl|Rock Slide|p1a: Meowstic|[spread] p1a\n|-miss|p2a: Aerodactyl|p1b: Meowstic\n|-damage|p1a: Meowstic|30/100\n|replace|p1a: Zoroark|Zoroark-Hisui, L50, F\n|-end|p1a: Zoroark|Illusion\n|move|p1b: Meowstic|Thunderbolt|p2a: Aerodactyl\n|-supereffective|p2a: Aerodactyl|1\n|-damage|p2a: Aerodactyl|22/100\n|move|p1a: Zoroark|Shadow Ball|p2b: Dragapult\n|-supereffective|p2b: Dragapult|1\n|-damage|p2b: Dragapult|0 fnt\n|faint|p2b: Dragapult\n|\n|upkeep\n|turn|8\n|\n|t:|1775972931\n|move|p2a: Aerodactyl|Rock Slide|p1b: Meowstic|[spread] p1a,p1b\n|-damage|p1a: Zoroark|0 fnt\n|-damage|p1b: Meowstic|0 fnt\n|faint|p1a: Zoroark\n|faint|p1b: Meowstic\n|\n|win|Am Your Conscience\n|raw|SimplyNarwall's rating: 1041 &rarr; <strong>1028</strong><br />(-13 for losing)\n|raw|Am Your Conscience's rating: 1113 &rarr; <strong>1133</strong><br />(+20 for winning)\n|l|\u2606SimplyNarwall\n|player|p1|\n",
  "uploadtime": 1775972942,
  "views": 13,
  "formatid": "gen9championsvgc2026regma",
  "rating": 1028,
  "private": 0,
  "password": null
}