{
  "id": "gen9championsvgc2026regma-2587864192",
  "format": "[Gen 9 Champions] VGC 2026 Reg M-A",
  "players": [
    "sahabatgomba^_^",
    "blobbymcgee"
  ],
  "log": "|j|\u2606sahabatgomba^_^\n|j|\u2606blobbymcgee\n|t:|1776572054\n|gametype|doubles\n|player|p1|sahabatgomba^_^|1|1458\n|player|p2|blobbymcgee|depotagent|1486\n|gen|9\n|tier|[Gen 9 Champions] VGC 2026 Reg M-A\n|rated|\n|rule|Species Clause: Limit one of each Pok\u00e9mon\n|rule|Item Clause: Limit 1 of each item\n|clearpoke\n|poke|p1|Floette-Eternal, L50, F|\n|poke|p1|Delphox, L50, F|\n|poke|p1|Aerodactyl, L50, M|\n|poke|p1|Incineroar, L50, F|\n|poke|p1|Rotom-Wash, L50|\n|poke|p1|Garchomp, L50, F|\n|poke|p2|Palafin, L50, M|\n|poke|p2|Incineroar, L50, F|\n|poke|p2|Sinistcha, L50|\n|poke|p2|Kingambit, L50, F|\n|poke|p2|Floette-Eternal, L50, F|\n|poke|p2|Pelipper, L50, M|\n|teampreview|4\n|inactive|Battle timer is ON: inactive players will automatically lose when time's up. (requested by sahabatgomba^_^)\n|inactive|sahabatgomba^_^ has 60 seconds left.\n|\n|t:|1776572090\n|teamsize|p1|4\n|teamsize|p2|4\n|start\n|switch|p1a: Aerodactyl|Aerodactyl, L50, M|100/100\n|switch|p1b: Floette|Floette-Eternal, L50, F|100/100\n|switch|p2a: Palafin|Palafin, L50, M|100/100\n|switch|p2b: Incineroar|Incineroar, L50, F|100/100\n|-ability|p1a: Aerodactyl|Unnerve\n|-ability|p2b: Incineroar|Intimidate|boost\n|-unboost|p1a: Aerodactyl|atk|1\n|-unboost|p1b: Floette|atk|1\n|turn|1\n|\n|t:|1776572101\n|detailschange|p2a: Palafin|Palafin-Hero, L50, M\n|switch|p2a: Kingambit|Kingambit, L50, F|100/100\n|detailschange|p1b: Floette|Floette-Mega, L50, F\n|-mega|p1b: Floette|Floette|Floettite\n|-ability|p1b: Floette|Fairy Aura\n|move|p1a: Aerodactyl|Protect|p1a: Aerodactyl\n|-singleturn|p1a: Aerodactyl|Protect\n|move|p2b: Incineroar|Fake Out|p1b: Floette\n|-damage|p1b: Floette|88/100\n|cant|p1b: Floette|flinch\n|\n|upkeep\n|turn|2\n|inactive|sahabatgomba^_^ has 30 seconds left.\n|\n|t:|1776572130\n|move|p1a: Aerodactyl|Rock Slide|p2b: Incineroar|[spread] p2b\n|-miss|p1a: Aerodactyl|p2a: Kingambit\n|-supereffective|p2b: Incineroar|1\n|-damage|p2b: Incineroar|67/100\n|move|p1b: Floette|Light of Ruin|p2a: Kingambit\n|-damage|p2a: Kingambit|0 fnt\n|faint|p2a: Kingambit\n|-damage|p1b: Floette|30/100|[from] Recoil\n|move|p2b: Incineroar|Parting Shot|p1b: Floette\n|-unboost|p1b: Floette|atk|1\n|-unboost|p1b: Floette|spa|1\n|\n|t:|1776572142\n|switch|p2b: Palafin|Palafin-Hero, L50, M|100/100|[from] Parting Shot\n|-activate|p2b: Palafin|ability: Zero to Hero\n|\n|upkeep\n|\n|t:|1776572147\n|switch|p2a: Incineroar|Incineroar, L50, F|67/100\n|-ability|p2a: Incineroar|Intimidate|boost\n|-unboost|p1a: Aerodactyl|atk|1\n|-unboost|p1b: Floette|atk|1\n|turn|3\n|\n|t:|1776572153\n|switch|p1b: Rotom|Rotom-Wash, L50|100/100\n|switch|p2a: Pelipper|Pelipper, L50, M|100/100\n|-weather|RainDance|[from] ability: Drizzle|[of] p2a: Pelipper\n|move|p1a: Aerodactyl|Protect|p1a: Aerodactyl\n|-singleturn|p1a: Aerodactyl|Protect\n|move|p2b: Palafin|Jet Punch|p1b: Rotom\n|-resisted|p1b: Rotom|1\n|-damage|p1b: Rotom|58/100\n|\n|-weather|RainDance|[upkeep]\n|-heal|p1b: Rotom|64/100|[from] item: Leftovers\n|upkeep\n|turn|4\n|inactive|blobbymcgee has 30 seconds left.\n|inactive|sahabatgomba^_^ has 30 seconds left.\n|inactive|sahabatgomba^_^ has 20 seconds left.\n|inactive|sahabatgomba^_^ has 15 seconds left.\n|\n|t:|1776572199\n|move|p2a: Pelipper|Wide Guard|p2a: Pelipper\n|-singleturn|p2a: Pelipper|Wide Guard\n|move|p1a: Aerodactyl|Rock Slide|p2a: Pelipper|[spread] \n|-activate|p2a: Pelipper|move: Wide Guard\n|-activate|p2b: Palafin|move: Wide Guard\n|move|p1b: Rotom|Electroweb|p2b: Palafin|[spread] \n|-activate|p2a: Pelipper|move: Wide Guard\n|-activate|p2b: Palafin|move: Wide Guard\n|move|p2b: Palafin|Wave Crash|p1b: Rotom\n|-resisted|p1b: Rotom|1\n|-damage|p1b: Rotom|0 fnt\n|faint|p1b: Rotom\n|-damage|p2b: Palafin|86/100|[from] Recoil\n|\n|-weather|RainDance|[upkeep]\n|upkeep\n|\n|t:|1776572220\n|switch|p1b: Floette|Floette-Mega, L50, F|30/100\n|-ability|p1b: Floette|Fairy Aura\n|turn|5\n|\n|t:|1776572226\n|switch|p1a: Garchomp|Garchomp, L50, F|100/100\n|move|p1b: Floette|Protect|p1b: Floette\n|-singleturn|p1b: Floette|Protect\n|move|p2b: Palafin|Jet Punch|p1b: Floette\n|-activate|p1b: Floette|move: Protect\n|move|p2a: Pelipper|Tailwind|p2a: Pelipper\n|-sidestart|p2: blobbymcgee|move: Tailwind\n|\n|-weather|RainDance|[upkeep]\n|upkeep\n|turn|6\n|\n|t:|1776572245\n|move|p1b: Floette|Protect|p1b: Floette\n|-singleturn|p1b: Floette|Protect\n|move|p2a: Pelipper|Hurricane|p1b: Floette\n|-activate|p1b: Floette|move: Protect\n|move|p2b: Palafin|Wave Crash|p1a: Garchomp\n|-damage|p1a: Garchomp|0 fnt\n|-damage|p2b: Palafin|73/100|[from] ability: Rough Skin|[of] p1a: Garchomp\n|faint|p1a: Garchomp\n|-damage|p2b: Palafin|43/100|[from] Recoil\n|\n|-weather|RainDance|[upkeep]\n|upkeep\n|-message|sahabatgomba^_^ forfeited.\n|\n|win|blobbymcgee\n|raw|sahabatgomba^_^'s rating: 1458 &rarr; <strong>1440</strong><br />(-18 for losing)\n|raw|blobbymcgee's rating: 1486 &rarr; <strong>1504</strong><br />(+18 for winning)\n|l|\u2606sahabatgomba^_^\n|player|p1|\n|l|\u2606blobbymcgee\n|player|p2|\n",
  "uploadtime": 1776572260,
  "views": 13,
  "formatid": "gen9championsvgc2026regma",
  "rating": 1440,
  "private": 0,
  "password": null
}