{
  "id": "gen9championsvgc2026regma-2584508875",
  "format": "[Gen 9 Champions] VGC 2026 Reg M-A",
  "players": [
    "smp on whimsicott",
    "nick765chb"
  ],
  "log": "|j|\u2606smp on whimsicott\n|j|\u2606nick765chb\n|t:|1776265522\n|gametype|doubles\n|player|p1|smp on whimsicott|artist-gen4|1388\n|player|p2|nick765chb|1|1330\n|gen|9\n|tier|[Gen 9 Champions] VGC 2026 Reg M-A\n|rated|\n|rule|Species Clause: Limit one of each Pok\u00e9mon\n|rule|Item Clause: Limit 1 of each item\n|clearpoke\n|poke|p1|Floette-Eternal, L50, F|\n|poke|p1|Aegislash, L50, F|\n|poke|p1|Talonflame, L50, F|\n|poke|p1|Basculegion, L50, M|\n|poke|p1|Milotic, L50, F|\n|poke|p1|Garchomp, L50, M|\n|poke|p2|Venusaur, L50, F|\n|poke|p2|Dragonite, L50, M|\n|poke|p2|Kingambit, L50, M|\n|poke|p2|Sneasler, L50, M|\n|poke|p2|Incineroar, L50, M|\n|poke|p2|Basculegion, L50, M|\n|teampreview|4\n|inactive|Battle timer is ON: inactive players will automatically lose when time's up. (requested by nick765chb)\n|inactive|smp on whimsicott has 60 seconds left.\n|\n|t:|1776265583\n|teamsize|p1|4\n|teamsize|p2|4\n|start\n|switch|p1a: Talonflame|Talonflame, L50, F|100/100\n|switch|p1b: Garchomp|Garchomp, L50, M|100/100\n|switch|p2a: Venusaur|Venusaur, L50, F|100/100\n|switch|p2b: Sneasler|Sneasler, L50, M|100/100\n|turn|1\n|inactive|nick765chb has 30 seconds left.\n|\n|t:|1776265617\n|detailschange|p2a: Venusaur|Venusaur-Mega, L50, F\n|-mega|p2a: Venusaur|Venusaur|Venusaurite\n|move|p2b: Sneasler|Protect|p2b: Sneasler\n|-singleturn|p2b: Sneasler|Protect\n|move|p1a: Talonflame|Dual Wingbeat|p2b: Sneasler\n|-activate|p2b: Sneasler|move: Protect\n|move|p1b: Garchomp|Earthquake|p2a: Venusaur|[spread] p2a\n|-activate|p2b: Sneasler|move: Protect\n|-immune|p1a: Talonflame\n|-damage|p2a: Venusaur|69/100\n|move|p2a: Venusaur|Leech Seed|p1b: Garchomp\n|-start|p1b: Garchomp|move: Leech Seed\n|\n|-damage|p1b: Garchomp|88/100|[from] Leech Seed|[of] p2a: Venusaur\n|-heal|p2a: Venusaur|83/100|[silent]\n|upkeep\n|turn|2\n|inactive|nick765chb has 30 seconds left.\n|inactive|nick765chb has 20 seconds left.\n|\n|t:|1776265656\n|switch|p2b: Incineroar|Incineroar, L50, M|100/100\n|-ability|p2b: Incineroar|Intimidate|boost\n|-unboost|p1a: Talonflame|atk|1\n|-unboost|p1b: Garchomp|atk|1\n|-enditem|p1b: Garchomp|White Herb\n|-clearnegativeboost|p1b: Garchomp|[silent]\n|move|p2a: Venusaur|Protect|p2a: Venusaur\n|-singleturn|p2a: Venusaur|Protect\n|move|p1a: Talonflame|Dual Wingbeat|p2a: Venusaur\n|-activate|p2a: Venusaur|move: Protect\n|move|p1b: Garchomp|Earthquake|p2a: Venusaur|[spread] p2b\n|-activate|p2a: Venusaur|move: Protect\n|-immune|p1a: Talonflame\n|-supereffective|p2b: Incineroar|1\n|-damage|p2b: Incineroar|41/100\n|\n|-damage|p1b: Garchomp|76/100|[from] Leech Seed|[of] p2a: Venusaur\n|-heal|p2a: Venusaur|97/100|[silent]\n|upkeep\n|turn|3\n|inactive|smp on whimsicott has 30 seconds left.\n|inactive|nick765chb has 30 seconds left.\n|inactive|nick765chb has 20 seconds left.\n|\n|t:|1776265692\n|move|p2b: Incineroar|Fake Out|p1b: Garchomp\n|-damage|p1b: Garchomp|67/100\n|-damage|p2b: Incineroar|29/100|[from] ability: Rough Skin|[of] p1b: Garchomp\n|move|p1a: Talonflame|Tailwind|p1a: Talonflame\n|-sidestart|p1: smp on whimsicott|move: Tailwind\n|cant|p1b: Garchomp|flinch\n|move|p2a: Venusaur|Sludge Bomb|p1a: Talonflame\n|-damage|p1a: Talonflame|39/100\n|\n|-damage|p1b: Garchomp|55/100|[from] Leech Seed|[of] p2a: Venusaur\n|-heal|p2a: Venusaur|100/100|[silent]\n|upkeep\n|turn|4\n|inactive|nick765chb has 30 seconds left.\n|inactive|nick765chb has 20 seconds left.\n|inactive|nick765chb has 15 seconds left.\n|inactive|nick765chb has 10 seconds left.\n|inactive|nick765chb has 5 seconds left.\n|\n|t:|1776265745\n|switch|p1a: Basculegion|Basculegion, L50, M|100/100\n|move|p1b: Garchomp|Rock Slide|p2b: Incineroar|[spread] p2a,p2b\n|-supereffective|p2b: Incineroar|1\n|-damage|p2a: Venusaur|84/100\n|-damage|p2b: Incineroar|1/100\n|move|p2a: Venusaur|Sludge Bomb|p1a: Basculegion\n|-resisted|p1a: Basculegion|1\n|-damage|p1a: Basculegion|78/100\n|move|p2b: Incineroar|Parting Shot|p1b: Garchomp\n|-unboost|p1b: Garchomp|atk|1\n|-unboost|p1b: Garchomp|spa|1\n|\n|t:|1776265766\n|switch|p2b: Sneasler|Sneasler, L50, M|100/100|[from] Parting Shot\n|\n|-damage|p1b: Garchomp|43/100|[from] Leech Seed|[of] p2a: Venusaur\n|-heal|p2a: Venusaur|98/100|[silent]\n|upkeep\n|turn|5\n|inactive|nick765chb has 30 seconds left.\n|\n|t:|1776265792\n|switch|p1b: Talonflame|Talonflame, L50, F|39/100\n|move|p2b: Sneasler|Protect|p2b: Sneasler\n|-singleturn|p2b: Sneasler|Protect\n|move|p1a: Basculegion|Wave Crash|p2b: Sneasler\n|-activate|p2b: Sneasler|move: Protect\n|move|p2a: Venusaur|Leech Seed|p1a: Basculegion\n|-start|p1a: Basculegion|move: Leech Seed\n|\n|-damage|p1a: Basculegion|66/100|[from] Leech Seed|[of] p2a: Venusaur\n|-heal|p2a: Venusaur|100/100|[silent]\n|upkeep\n|turn|6\n|inactive|nick765chb has 30 seconds left.\n|\n|t:|1776265822\n|switch|p1a: Garchomp|Garchomp, L50, M|43/100\n|move|p1b: Talonflame|Dual Wingbeat|p2b: Sneasler\n|-supereffective|p2b: Sneasler|1\n|-damage|p2b: Sneasler|41/100\n|-supereffective|p2b: Sneasler|1\n|-damage|p2b: Sneasler|0 fnt\n|faint|p2b: Sneasler\n|-hitcount|p2: Sneasler|2\n|move|p2a: Venusaur|Earth Power|p1a: Garchomp\n|-damage|p1a: Garchomp|18/100\n|\n|-sideend|p1: smp on whimsicott|move: Tailwind\n|upkeep\n|\n|t:|1776265838\n|switch|p2b: Basculegion|Basculegion, L50, M|100/100\n|turn|7\n|\n|t:|1776265862\n|move|p1b: Talonflame|Protect|p1b: Talonflame\n|-singleturn|p1b: Talonflame|Protect\n|move|p1a: Garchomp|Protect|p1a: Garchomp\n|-singleturn|p1a: Garchomp|Protect\n|move|p2a: Venusaur|Protect|p2a: Venusaur\n|-singleturn|p2a: Venusaur|Protect\n|move|p2b: Basculegion|Wave Crash|p1a: Garchomp\n|-activate|p1a: Garchomp|move: Protect\n|\n|upkeep\n|turn|8\n|inactive|smp on whimsicott has 30 seconds left.\n|inactive|smp on whimsicott has 20 seconds left.\n|inactive|smp on whimsicott has 15 seconds left.\n|inactive|smp on whimsicott has 10 seconds left.\n|\n|t:|1776265908\n|move|p2b: Basculegion|Wave Crash|p1a: Garchomp\n|-damage|p1a: Garchomp|0 fnt\n|-damage|p2b: Basculegion|88/100|[from] ability: Rough Skin|[of] p1a: Garchomp\n|faint|p1a: Garchomp\n|-damage|p2b: Basculegion|82/100|[from] Recoil\n|move|p1b: Talonflame|Tailwind|p1b: Talonflame\n|-sidestart|p1: smp on whimsicott|move: Tailwind\n|move|p2a: Venusaur|Sludge Bomb|p1b: Talonflame\n|-damage|p1b: Talonflame|0 fnt\n|faint|p1b: Talonflame\n|\n|upkeep\n|\n|t:|1776265912\n|switch|p1b: Floette|Floette-Eternal, L50, F|100/100\n|switch|p1a: Basculegion|Basculegion, L50, M|66/100\n|turn|9\n|inactive|smp on whimsicott has 30 seconds left.\n|inactive|nick765chb has 30 seconds left.\n|inactive|nick765chb has 20 seconds left.\n|\n|t:|1776265950\n|detailschange|p1b: Floette|Floette-Mega, L50, F\n|-mega|p1b: Floette|Floette|Floettite\n|-ability|p1b: Floette|Fairy Aura\n|move|p2a: Venusaur|Protect|p2a: Venusaur\n|-singleturn|p2a: Venusaur|Protect\n|move|p1a: Basculegion|Last Respects|p2b: Basculegion\n|-supereffective|p2b: Basculegion|1\n|-damage|p2b: Basculegion|0 fnt\n|faint|p2b: Basculegion\n|move|p1b: Floette|Calm Mind|p1b: Floette\n|-boost|p1b: Floette|spa|1\n|-boost|p1b: Floette|spd|1\n|\n|upkeep\n|-message|nick765chb forfeited.\n|\n|win|smp on whimsicott\n|raw|smp on whimsicott's rating: 1388 &rarr; <strong>1405</strong><br />(+17 for winning)\n|raw|nick765chb's rating: 1330 &rarr; <strong>1313</strong><br />(-17 for losing)\n|l|\u2606nick765chb\n|player|p2|\n",
  "uploadtime": 1776265963,
  "views": 29,
  "formatid": "gen9championsvgc2026regma",
  "rating": 1313,
  "private": 0,
  "password": null
}