{
  "id": "gen9championsvgc2026regma-2588162357",
  "format": "[Gen 9 Champions] VGC 2026 Reg M-A",
  "players": [
    "Uges",
    "yuriimon"
  ],
  "log": "|j|\u2606Uges\n|j|\u2606yuriimon\n|t:|1776610447\n|gametype|doubles\n|player|p1|Uges|shadowtriad|1158\n|player|p2|yuriimon|waitress-gen4|1187\n|gen|9\n|tier|[Gen 9 Champions] VGC 2026 Reg M-A\n|rated|\n|rule|Species Clause: Limit one of each Pok\u00e9mon\n|rule|Item Clause: Limit 1 of each item\n|clearpoke\n|poke|p1|Tyranitar, L50, F|\n|poke|p1|Excadrill, L50, F|\n|poke|p1|Gyarados, L50, F, shiny|\n|poke|p1|Sinistcha, L50|\n|poke|p1|Gardevoir, L50, M|\n|poke|p1|Rotom-Heat, L50|\n|poke|p2|Glimmora, L50, F|\n|poke|p2|Incineroar, L50, M|\n|poke|p2|Politoed, L50, M|\n|poke|p2|Basculegion, L50, M|\n|poke|p2|Chesnaught, L50, F|\n|poke|p2|Scizor, L50, F|\n|teampreview|4\n|inactive|Battle timer is ON: inactive players will automatically lose when time's up. (requested by yuriimon)\n|inactive|Uges has 60 seconds left.\n|\n|t:|1776610487\n|teamsize|p1|4\n|teamsize|p2|4\n|start\n|switch|p1a: Tyranitar|Tyranitar, L50, F|100/100\n|switch|p1b: Rotom|Rotom-Heat, L50|100/100\n|switch|p2a: Chesnaught|Chesnaught, L50, F|100/100\n|switch|p2b: Scizor|Scizor, L50, F|100/100\n|-weather|Sandstorm|[from] ability: Sand Stream|[of] p1a: Tyranitar\n|turn|1\n|\n|t:|1776610510\n|switch|p2b: Politoed|Politoed, L50, M|100/100\n|-weather|RainDance|[from] ability: Drizzle|[of] p2b: Politoed\n|detailschange|p2a: Chesnaught|Chesnaught-Mega, L50, F\n|-mega|p2a: Chesnaught|Chesnaught|Chesnaughtite\n|move|p1a: Tyranitar|Protect|p1a: Tyranitar\n|-singleturn|p1a: Tyranitar|Protect\n|move|p1b: Rotom|Volt Switch|p2b: Politoed\n|-supereffective|p2b: Politoed|1\n|-enditem|p2b: Politoed|Wacan Berry|[eat]\n|-enditem|p2b: Politoed|Wacan Berry|[weaken]\n|-damage|p2b: Politoed|75/100\n|\n|t:|1776610522\n|switch|p1b: Sinistcha|Sinistcha, L50|100/100|[from] Volt Switch\n|move|p2a: Chesnaught|Iron Defense|p2a: Chesnaught\n|-boost|p2a: Chesnaught|def|2\n|\n|-weather|RainDance|[upkeep]\n|upkeep\n|turn|2\n|\n|t:|1776610541\n|switch|p2b: Scizor|Scizor, L50, F|100/100\n|detailschange|p1a: Tyranitar|Tyranitar-Mega, L50, F\n|-mega|p1a: Tyranitar|Tyranitar|Tyranitarite\n|-weather|Sandstorm|[from] ability: Sand Stream|[of] p1a: Tyranitar\n|move|p1a: Tyranitar|Knock Off|p2a: Chesnaught\n|-resisted|p2a: Chesnaught|1\n|-damage|p2a: Chesnaught|95/100\n|move|p1b: Sinistcha|Matcha Gotcha|p2b: Scizor|[spread] p2a\n|-miss|p1b: Sinistcha|p2b: Scizor\n|-resisted|p2a: Chesnaught|1\n|-damage|p2a: Chesnaught|85/100\n|move|p2a: Chesnaught|Body Press|p1a: Tyranitar\n|-supereffective|p1a: Tyranitar|2\n|-crit|p1a: Tyranitar\n|-damage|p1a: Tyranitar|0 fnt\n|faint|p1a: Tyranitar\n|\n|-weather|Sandstorm|[upkeep]\n|-damage|p1b: Sinistcha|94/100|[from] Sandstorm\n|-damage|p2a: Chesnaught|78/100|[from] Sandstorm\n|upkeep\n|\n|t:|1776610557\n|switch|p1a: Rotom|Rotom-Heat, L50|100/100\n|turn|3\n|\n|t:|1776610568\n|switch|p2b: Politoed|Politoed, L50, M|75/100\n|-weather|RainDance|[from] ability: Drizzle|[of] p2b: Politoed\n|move|p1a: Rotom|Overheat|p2a: Chesnaught\n|-supereffective|p2a: Chesnaught|1\n|-damage|p2a: Chesnaught|31/100\n|-unboost|p1a: Rotom|spa|2\n|move|p1b: Sinistcha|Shadow Ball|p2b: Politoed\n|-damage|p2b: Politoed|44/100\n|-unboost|p2b: Politoed|spd|1\n|move|p2a: Chesnaught|Body Press|p1a: Rotom\n|-damage|p1a: Rotom|0 fnt\n|faint|p1a: Rotom\n|\n|-weather|RainDance|[upkeep]\n|upkeep\n|\n|t:|1776610586\n|switch|p1a: Excadrill|Excadrill, L50, F|100/100\n|turn|4\n|\n|t:|1776610598\n|switch|p2b: Incineroar|Incineroar, L50, M|100/100\n|-ability|p2b: Incineroar|Intimidate|boost\n|-unboost|p1a: Excadrill|atk|1\n|-unboost|p1b: Sinistcha|atk|1\n|move|p1a: Excadrill|Iron Head|p2b: Incineroar\n|-resisted|p2b: Incineroar|1\n|-damage|p2b: Incineroar|89/100\n|move|p1b: Sinistcha|Shadow Ball|p2a: Chesnaught\n|-immune|p2a: Chesnaught|[from] ability: Bulletproof\n|move|p2a: Chesnaught|Body Press|p1a: Excadrill\n|-supereffective|p1a: Excadrill|1\n|-enditem|p1a: Excadrill|Focus Sash\n|-damage|p1a: Excadrill|1/100\n|\n|-weather|RainDance|[upkeep]\n|upkeep\n|turn|5\n|-message|Uges forfeited.\n|\n|win|yuriimon\n|raw|Uges's rating: 1158 &rarr; <strong>1135</strong><br />(-23 for losing)\n|raw|yuriimon's rating: 1187 &rarr; <strong>1210</strong><br />(+23 for winning)\n|l|\u2606Uges\n|player|p1|\n",
  "uploadtime": 1776610615,
  "views": 7,
  "formatid": "gen9championsvgc2026regma",
  "rating": 1135,
  "private": 0,
  "password": null
}