{
  "id": "gen9championsvgc2026regma-2581773954",
  "format": "[Gen 9 Champions] VGC 2026 Reg M-A",
  "players": [
    "moonslk",
    "Primus735"
  ],
  "log": "|j|\u2606moonslk\n|j|\u2606Primus735\n|t:|1776027330\n|gametype|doubles\n|player|p1|moonslk|selene-masters2|\n|player|p2|Primus735|hilbert|\n|gen|9\n|tier|[Gen 9 Champions] VGC 2026 Reg M-A\n|rule|Species Clause: Limit one of each Pok\u00e9mon\n|rule|Item Clause: Limit 1 of each item\n|clearpoke\n|poke|p1|Meganium, L50, M|\n|poke|p1|Pelipper, L50, M|\n|poke|p1|Archaludon, L50, F|\n|poke|p1|Basculegion, L50, M|\n|poke|p1|Incineroar, L50, M|\n|poke|p1|Sinistcha, L50|\n|poke|p2|Gyarados, L50, M|\n|poke|p2|Noivern, L50, M|\n|poke|p2|Gengar, L50, M|\n|poke|p2|Arcanine, L50, M|\n|poke|p2|Kingambit, L50, M|\n|poke|p2|Snorlax, L50, M|\n|teampreview|4\n|j| ilovedelphox\n|\n|t:|1776027355\n|teamsize|p1|4\n|teamsize|p2|4\n|start\n|switch|p1a: Pepe|Pelipper, L50, M|100/100\n|switch|p1b: Archaludon|Archaludon, L50, F|100/100\n|switch|p2a: Snorlax|Snorlax, L50, M, shiny|100/100\n|switch|p2b: Gyarados|Gyarados, L50, M, shiny|100/100\n|-ability|p2b: Gyarados|Intimidate|boost\n|-unboost|p1a: Pepe|atk|1\n|-unboost|p1b: Archaludon|atk|1\n|-weather|RainDance|[from] ability: Drizzle|[of] p1a: Pepe\n|turn|1\n|\n|t:|1776027371\n|detailschange|p2b: Gyarados|Gyarados-Mega, L50, M, shiny\n|-mega|p2b: Gyarados|Gyarados|Gyaradosite\n|-ability|p2b: Gyarados|Mold Breaker\n|move|p2b: Gyarados|Dragon Dance|p2b: Gyarados\n|-boost|p2b: Gyarados|atk|1\n|-boost|p2b: Gyarados|spe|1\n|move|p1a: Pepe|Tailwind|p1a: Pepe\n|-sidestart|p1: moonslk|move: Tailwind\n|move|p1b: Archaludon|Electro Shot||[still]\n|-prepare|p1b: Archaludon|Electro Shot\n|-boost|p1b: Archaludon|spa|1\n|-anim|p1b: Archaludon|Electro Shot|p2b: Gyarados\n|-supereffective|p2b: Gyarados|1\n|-damage|p2b: Gyarados|12/100\n|move|p2a: Snorlax|Body Press|p1b: Archaludon\n|-supereffective|p1b: Archaludon|1\n|-damage|p1b: Archaludon|77/100\n|-ability|p1b: Archaludon|Stamina|boost\n|-boost|p1b: Archaludon|def|1\n|\n|-weather|RainDance|[upkeep]\n|upkeep\n|turn|2\n|\n|t:|1776027404\n|move|p1a: Pepe|Hurricane|p2b: Gyarados\n|-damage|p2b: Gyarados|0 fnt\n|faint|p2b: Gyarados\n|move|p1b: Archaludon|Electro Shot||[still]\n|-prepare|p1b: Archaludon|Electro Shot\n|-boost|p1b: Archaludon|spa|1\n|-anim|p1b: Archaludon|Electro Shot|p2a: Snorlax\n|-damage|p2a: Snorlax|58/100\n|move|p2a: Snorlax|Body Slam|p1b: Archaludon\n|-resisted|p1b: Archaludon|1\n|-crit|p1b: Archaludon\n|-damage|p1b: Archaludon|57/100\n|-ability|p1b: Archaludon|Stamina|boost\n|-boost|p1b: Archaludon|def|1\n|\n|-weather|RainDance|[upkeep]\n|-heal|p2a: Snorlax|64/100|[from] item: Leftovers\n|upkeep\n|\n|t:|1776027408\n|switch|p2b: Arcanine|Arcanine, L50, M|100/100\n|-ability|p2b: Arcanine|Intimidate|boost\n|-unboost|p1a: Pepe|atk|1\n|-unboost|p1b: Archaludon|atk|1\n|turn|3\n|j| harrybxrry\n|l| harrybxrry\n|\n|t:|1776027440\n|move|p1a: Pepe|Weather Ball|p2b: Arcanine\n|-supereffective|p2b: Arcanine|1\n|-damage|p2b: Arcanine|0 fnt\n|faint|p2b: Arcanine\n|move|p1b: Archaludon|Aura Sphere|p2a: Snorlax\n|-supereffective|p2a: Snorlax|1\n|-damage|p2a: Snorlax|5/100\n|move|p2a: Snorlax|Body Slam|p1a: Pepe\n|-damage|p1a: Pepe|60/100\n|\n|-weather|RainDance|[upkeep]\n|-heal|p2a: Snorlax|11/100|[from] item: Leftovers\n|upkeep\n|\n|t:|1776027450\n|switch|p2b: Kingambit|Kingambit, L50, M|100/100\n|-activate|p2b: Kingambit|ability: Supreme Overlord\n|-start|p2b: Kingambit|fallen2|[silent]\n|turn|4\n|\n|t:|1776027469\n|move|p1b: Archaludon|Protect|p1b: Archaludon\n|-singleturn|p1b: Archaludon|Protect\n|move|p2b: Kingambit|Sucker Punch|p1a: Pepe\n|-damage|p1a: Pepe|0 fnt\n|faint|p1a: Pepe\n|move|p2a: Snorlax|Body Press|p1b: Archaludon\n|-activate|p1b: Archaludon|move: Protect\n|\n|-weather|RainDance|[upkeep]\n|-heal|p2a: Snorlax|17/100|[from] item: Leftovers\n|-sideend|p1: moonslk|move: Tailwind\n|upkeep\n|\n|t:|1776027476\n|switch|p1a: Incineroar|Incineroar, L50, M|100/100\n|-ability|p1a: Incineroar|Intimidate|boost\n|-unboost|p2a: Snorlax|atk|1\n|-unboost|p2b: Kingambit|atk|1\n|turn|5\n|\n|t:|1776027499\n|move|p1b: Archaludon|Aura Sphere|p2b: Kingambit\n|-supereffective|p2b: Kingambit|2\n|-damage|p2b: Kingambit|0 fnt\n|faint|p2b: Kingambit\n|-end|p2b: Kingambit|fallen2|[silent]\n|move|p1a: Incineroar|Parting Shot|p2a: Snorlax\n|-unboost|p2a: Snorlax|atk|1\n|-unboost|p2a: Snorlax|spa|1\n|\n|t:|1776027507\n|switch|p1a: Prime Ganium|Meganium, L50, M|100/100|[from] Parting Shot\n|move|p2a: Snorlax|Body Press|p1a: Prime Ganium\n|-damage|p1a: Prime Ganium|86/100\n|\n|-weather|none\n|-heal|p2a: Snorlax|23/100|[from] item: Leftovers\n|upkeep\n|turn|6\n|j| ajb1607\n|\n|t:|1776027521\n|detailschange|p1a: Prime Ganium|Meganium-Mega, L50, M\n|-mega|p1a: Prime Ganium|Meganium|Meganiumite\n|move|p1b: Archaludon|Aura Sphere|p2a: Snorlax\n|-supereffective|p2a: Snorlax|1\n|-damage|p2a: Snorlax|0 fnt\n|faint|p2a: Snorlax\n|\n|win|moonslk\n|l|\u2606Primus735\n|player|p2|\n|l| ilovedelphox\n|l| ajb1607\n",
  "uploadtime": 1776027598,
  "views": 12,
  "formatid": "gen9championsvgc2026regma",
  "rating": null,
  "private": 0,
  "password": null
}