{
  "id": "gen9championsvgc2026regma-2582821044",
  "format": "[Gen 9 Champions] VGC 2026 Reg M-A",
  "players": [
    "Dylpil38",
    "Fetzosanti"
  ],
  "log": "|j|\u2606Dylpil38\n|j|\u2606Fetzosanti\n|t:|1776116648\n|gametype|doubles\n|player|p1|Dylpil38|2|1136\n|player|p2|Fetzosanti|boarder|1095\n|gen|9\n|tier|[Gen 9 Champions] VGC 2026 Reg M-A\n|rated|\n|rule|Species Clause: Limit one of each Pok\u00e9mon\n|rule|Item Clause: Limit 1 of each item\n|clearpoke\n|poke|p1|Froslass, L50, F|\n|poke|p1|Garchomp, L50, M|\n|poke|p1|Rotom-Frost, L50|\n|poke|p1|Incineroar, L50, F|\n|poke|p1|Aerodactyl, L50, M|\n|poke|p1|Basculegion, L50, M|\n|poke|p2|Typhlosion-Hisui, L50, M|\n|poke|p2|Charizard, L50, M|\n|poke|p2|Raichu-Alola, L50, M|\n|poke|p2|Venusaur, L50, M|\n|poke|p2|Garchomp, L50, F|\n|poke|p2|Whimsicott, L50, F|\n|teampreview|4\n|\n|t:|1776116661\n|teamsize|p1|4\n|teamsize|p2|4\n|start\n|switch|p1a: Aerodactyl|Aerodactyl, L50, M|100/100\n|switch|p1b: Incineroar|Incineroar, L50, F|100/100\n|switch|p2a: Charizard|Charizard, L50, M|100/100\n|switch|p2b: Typhlosion|Typhlosion-Hisui, L50, M, shiny|100/100\n|-ability|p1a: Aerodactyl|Unnerve\n|-item|p1a: Aerodactyl|Focus Sash|[from] ability: Frisk|[of] p2b: Typhlosion\n|-item|p1b: Incineroar|Sitrus Berry|[from] ability: Frisk|[of] p2b: Typhlosion\n|-ability|p1b: Incineroar|Intimidate|boost\n|-unboost|p2a: Charizard|atk|1\n|-unboost|p2b: Typhlosion|atk|1\n|turn|1\n|\n|t:|1776116692\n|switch|p2b: Garchomp|Garchomp, L50, F|100/100\n|detailschange|p2a: Charizard|Charizard-Mega-Y, L50, M\n|-mega|p2a: Charizard|Charizard|Charizardite Y\n|-weather|SunnyDay|[from] ability: Drought|[of] p2a: Charizard\n|move|p2a: Charizard|Protect|p2a: Charizard\n|-singleturn|p2a: Charizard|Protect\n|move|p1b: Incineroar|Fake Out|p2a: Charizard\n|-activate|p2a: Charizard|move: Protect\n|move|p1a: Aerodactyl|Rock Slide|p2b: Garchomp|[spread] p2b\n|-activate|p2a: Charizard|move: Protect\n|-resisted|p2b: Garchomp|1\n|-damage|p2b: Garchomp|89/100\n|\n|-weather|SunnyDay|[upkeep]\n|upkeep\n|turn|2\n|\n|t:|1776116719\n|switch|p2a: Raichu|Raichu-Alola, L50, M|100/100\n|move|p1a: Aerodactyl|Tailwind|p1a: Aerodactyl\n|-sidestart|p1: Dylpil38|move: Tailwind\n|move|p2b: Garchomp|Rock Slide|p1b: Incineroar|[spread] p1a,p1b\n|-supereffective|p1a: Aerodactyl|1\n|-supereffective|p1b: Incineroar|1\n|-damage|p1a: Aerodactyl|39/100\n|-damage|p1b: Incineroar|63/100\n|move|p1b: Incineroar|Parting Shot|p2a: Raichu\n|-unboost|p2a: Raichu|atk|1\n|-unboost|p2a: Raichu|spa|1\n|\n|t:|1776116734\n|switch|p1b: Froslass|Froslass, L50, F|100/100|[from] Parting Shot\n|\n|-weather|SunnyDay|[upkeep]\n|upkeep\n|turn|3\n|\n|t:|1776116761\n|detailschange|p1b: Froslass|Froslass-Mega, L50, F\n|-mega|p1b: Froslass|Froslass|Froslassite\n|-weather|Snowscape|[from] ability: Snow Warning|[of] p1b: Froslass\n|move|p1a: Aerodactyl|Protect|p1a: Aerodactyl\n|-singleturn|p1a: Aerodactyl|Protect\n|move|p2b: Garchomp|Protect|p2b: Garchomp\n|-singleturn|p2b: Garchomp|Protect\n|move|p1b: Froslass|Blizzard|p2a: Raichu|[spread] p2a\n|-activate|p2b: Garchomp|move: Protect\n|-damage|p2a: Raichu|32/100\n|move|p2a: Raichu|Nuzzle|p1b: Froslass\n|-damage|p1b: Froslass|96/100\n|-status|p1b: Froslass|par\n|\n|-weather|Snowscape|[upkeep]\n|upkeep\n|turn|4\n|\n|t:|1776116793\n|switch|p1a: Incineroar|Incineroar, L50, F|63/100\n|-ability|p1a: Incineroar|Intimidate|boost\n|-unboost|p2a: Raichu|atk|1\n|-unboost|p2b: Garchomp|atk|1\n|switch|p2b: Typhlosion|Typhlosion-Hisui, L50, M, shiny|100/100\n|-item|p1a: Incineroar|Sitrus Berry|[from] ability: Frisk|[of] p2b: Typhlosion\n|-item|p1b: Froslass|Froslassite|[from] ability: Frisk|[of] p2b: Typhlosion\n|move|p2a: Raichu|Protect|p2a: Raichu\n|-singleturn|p2a: Raichu|Protect\n|move|p1b: Froslass|Blizzard|p2a: Raichu|[spread] p2b\n|-activate|p2a: Raichu|move: Protect\n|-resisted|p2b: Typhlosion|1\n|-damage|p2b: Typhlosion|65/100\n|\n|-weather|Snowscape|[upkeep]\n|upkeep\n|turn|5\n|\n|t:|1776116832\n|switch|p2b: Garchomp|Garchomp, L50, F|89/100\n|move|p1a: Incineroar|Fake Out|p2a: Raichu\n|-damage|p2a: Raichu|0 fnt\n|faint|p2a: Raichu\n|move|p1b: Froslass|Shadow Ball|p2b: Garchomp\n|-damage|p2b: Garchomp|36/100\n|\n|-weather|Snowscape|[upkeep]\n|-sideend|p1: Dylpil38|move: Tailwind\n|upkeep\n|\n|t:|1776116839\n|switch|p2a: Charizard|Charizard-Mega-Y, L50, M|100/100\n|-weather|SunnyDay|[from] ability: Drought|[of] p2a: Charizard\n|turn|6\n|\n|t:|1776116870\n|switch|p1b: Aerodactyl|Aerodactyl, L50, M|39/100\n|-ability|p1b: Aerodactyl|Unnerve\n|move|p2b: Garchomp|Rock Slide|p1b: Aerodactyl|[spread] p1a,p1b\n|-supereffective|p1a: Incineroar|1\n|-supereffective|p1b: Aerodactyl|1\n|-crit|p1b: Aerodactyl\n|-damage|p1a: Incineroar|24/100\n|-damage|p1b: Aerodactyl|0 fnt\n|-enditem|p1a: Incineroar|Sitrus Berry|[eat]\n|-heal|p1a: Incineroar|49/100|[from] item: Sitrus Berry\n|faint|p1b: Aerodactyl\n|move|p2a: Charizard|Heat Wave|p1a: Incineroar\n|-resisted|p1a: Incineroar|1\n|-damage|p1a: Incineroar|7/100\n|cant|p1a: Incineroar|flinch\n|\n|-weather|SunnyDay|[upkeep]\n|upkeep\n|\n|t:|1776116887\n|switch|p1b: Froslass|Froslass-Mega, L50, F|96/100 par\n|-weather|Snowscape|[from] ability: Snow Warning|[of] p1b: Froslass\n|turn|7\n|\n|t:|1776116911\n|switch|p1a: Rotom|Rotom-Frost, L50|100/100\n|move|p2b: Garchomp|Rock Slide|p1a: Rotom|[spread] p1a,p1b\n|-supereffective|p1a: Rotom|1\n|-supereffective|p1b: Froslass|1\n|-damage|p1a: Rotom|66/100\n|-damage|p1b: Froslass|49/100 par\n|move|p2a: Charizard|Heat Wave|p1a: Rotom|[spread] p1a,p1b\n|-supereffective|p1a: Rotom|1\n|-supereffective|p1b: Froslass|1\n|-damage|p1a: Rotom|0 fnt\n|-damage|p1b: Froslass|0 fnt\n|faint|p1a: Rotom\n|faint|p1b: Froslass\n|\n|-weather|Snowscape|[upkeep]\n|upkeep\n|\n|t:|1776116927\n|switch|p1b: Incineroar|Incineroar, L50, F|7/100\n|-ability|p1b: Incineroar|Intimidate|boost\n|-unboost|p2a: Charizard|atk|1\n|-unboost|p2b: Garchomp|atk|1\n|turn|8\n|\n|t:|1776116934\n|move|p2b: Garchomp|Earthquake|p1b: Incineroar|[spread] p1b\n|-immune|p2a: Charizard\n|-supereffective|p1b: Incineroar|1\n|-damage|p1b: Incineroar|0 fnt\n|faint|p1b: Incineroar\n|\n|win|Fetzosanti\n|raw|Dylpil38's rating: 1136 &rarr; <strong>1108</strong><br />(-28 for losing)\n|raw|Fetzosanti's rating: 1095 &rarr; <strong>1124</strong><br />(+29 for winning)\n",
  "uploadtime": 1776116940,
  "views": 16,
  "formatid": "gen9championsvgc2026regma",
  "rating": 1108,
  "private": 0,
  "password": null
}