{
  "id": "gen9championsvgc2026regma-2586662226",
  "format": "[Gen 9 Champions] VGC 2026 Reg M-A",
  "players": [
    "Thatboydin",
    "DinsFire01"
  ],
  "log": "|j|\u2606Thatboydin\n|j|\u2606DinsFire01\n|t:|1776450252\n|gametype|doubles\n|player|p1|Thatboydin|aromalady|1074\n|player|p2|DinsFire01|169|1063\n|gen|9\n|tier|[Gen 9 Champions] VGC 2026 Reg M-A\n|rated|\n|rule|Species Clause: Limit one of each Pok\u00e9mon\n|rule|Item Clause: Limit 1 of each item\n|clearpoke\n|poke|p1|Archaludon, L50, F|\n|poke|p1|Zoroark-Hisui, L50, F|\n|poke|p1|Crabominable, L50, F|\n|poke|p1|Farigiraf, L50, F|\n|poke|p1|Milotic, L50, F|\n|poke|p1|Incineroar, L50, M|\n|poke|p2|Delphox, L50, F|\n|poke|p2|Garchomp, L50, F|\n|poke|p2|Vivillon, L50, M|\n|poke|p2|Orthworm, L50, F|\n|poke|p2|Azumarill, L50, M|\n|poke|p2|Sneasler, L50, F|\n|teampreview|4\n|\n|t:|1776450302\n|teamsize|p1|4\n|teamsize|p2|4\n|start\n|switch|p1a: HIMcineroar|Incineroar, L50, M|100/100\n|switch|p1b: Milotic|Milotic, L50, F|100/100\n|switch|p2a: Azumarill|Azumarill, L50, M|100/100\n|switch|p2b: Sneasler|Sneasler, L50, F|100/100\n|-ability|p1a: HIMcineroar|Intimidate|boost\n|-unboost|p2a: Azumarill|atk|1\n|-unboost|p2b: Sneasler|atk|1\n|-enditem|p2b: Sneasler|White Herb\n|-clearnegativeboost|p2b: Sneasler|[silent]\n|turn|1\n|\n|t:|1776450327\n|move|p2a: Azumarill|Protect|p2a: Azumarill\n|-singleturn|p2a: Azumarill|Protect\n|move|p1a: HIMcineroar|Fake Out|p2b: Sneasler\n|-damage|p2b: Sneasler|81/100\n|cant|p2b: Sneasler|flinch\n|move|p1b: Milotic|Scald|p2a: Azumarill\n|-activate|p2a: Azumarill|move: Protect\n|\n|upkeep\n|turn|2\n|\n|t:|1776450365\n|switch|p1a: AMC Theaters|Archaludon, L50, F|100/100\n|move|p2b: Sneasler|Dire Claw|p1b: Milotic\n|-damage|p1b: Milotic|63/100\n|-status|p1b: Milotic|par\n|move|p2a: Azumarill|Belly Drum|p2a: Azumarill\n|-damage|p2a: Azumarill|50/100\n|-setboost|p2a: Azumarill|atk|6|[from] move: Belly Drum\n|-enditem|p2a: Azumarill|Sitrus Berry|[eat]\n|-heal|p2a: Azumarill|75/100|[from] item: Sitrus Berry\n|move|p1b: Milotic|Coil|p1b: Milotic\n|-boost|p1b: Milotic|atk|1\n|-boost|p1b: Milotic|def|1\n|-boost|p1b: Milotic|accuracy|1\n|\n|upkeep\n|turn|3\n|\n|t:|1776450385\n|move|p2b: Sneasler|Close Combat|p1a: AMC Theaters\n|-supereffective|p1a: AMC Theaters|1\n|-damage|p1a: AMC Theaters|13/100\n|-unboost|p2b: Sneasler|def|1\n|-unboost|p2b: Sneasler|spd|1\n|-ability|p1a: AMC Theaters|Stamina|boost\n|-boost|p1a: AMC Theaters|def|1\n|move|p1a: AMC Theaters|Thunderbolt|p2a: Azumarill\n|-supereffective|p2a: Azumarill|1\n|-damage|p2a: Azumarill|19/100\n|-status|p2a: Azumarill|par\n|move|p1b: Milotic|Scald|p2b: Sneasler\n|-damage|p2b: Sneasler|25/100\n|move|p2a: Azumarill|Play Rough|p1a: AMC Theaters\n|-damage|p1a: AMC Theaters|0 fnt\n|faint|p1a: AMC Theaters\n|\n|upkeep\n|\n|t:|1776450403\n|switch|p1a: HIMcineroar|Incineroar, L50, M|100/100\n|-ability|p1a: HIMcineroar|Intimidate|boost\n|-unboost|p2a: Azumarill|atk|1\n|-unboost|p2b: Sneasler|atk|1\n|turn|4\n|\n|t:|1776450412\n|switch|p2b: Orthworm|Orthworm, L50, F|100/100\n|cant|p2a: Azumarill|par\n|move|p1a: HIMcineroar|Fake Out|p2a: Azumarill\n|-damage|p2a: Azumarill|5/100 par\n|move|p1b: Milotic|Scald|p2b: Orthworm\n|-damage|p2b: Orthworm|66/100\n|\n|-heal|p2b: Orthworm|72/100|[from] item: Leftovers\n|upkeep\n|turn|5\n|\n|t:|1776450455\n|move|p2a: Azumarill|Aqua Jet|p1a: HIMcineroar\n|-supereffective|p1a: HIMcineroar|1\n|-damage|p1a: HIMcineroar|0 fnt\n|faint|p1a: HIMcineroar\n|move|p2b: Orthworm|Body Press|p1b: Milotic\n|-damage|p1b: Milotic|53/100 par\n|cant|p1b: Milotic|par\n|\n|-heal|p2b: Orthworm|78/100|[from] item: Leftovers\n|upkeep\n|\n|t:|1776450458\n|switch|p1a: Eugene Krabs|Crabominable, L50, F, shiny|100/100\n|turn|6\n|\n|t:|1776450481\n|detailschange|p1a: Eugene Krabs|Crabominable-Mega, L50, F, shiny\n|-mega|p1a: Eugene Krabs|Crabominable|Crabominite\n|move|p1a: Eugene Krabs|Mach Punch|p2a: Azumarill\n|-resisted|p2a: Azumarill|1\n|-damage|p2a: Azumarill|0 fnt\n|faint|p2a: Azumarill\n|move|p2b: Orthworm|Iron Defense|p2b: Orthworm\n|-boost|p2b: Orthworm|def|2\n|move|p1b: Milotic|Scald|p2b: Orthworm\n|-damage|p2b: Orthworm|49/100\n|-status|p2b: Orthworm|brn\n|\n|-heal|p2b: Orthworm|55/100 brn|[from] item: Leftovers\n|-damage|p2b: Orthworm|49/100 brn|[from] brn\n|upkeep\n|\n|t:|1776450492\n|switch|p2a: Sneasler|Sneasler, L50, F|25/100\n|turn|7\n|\n|t:|1776450502\n|move|p2a: Sneasler|Fake Out|p1a: Eugene Krabs\n|-damage|p1a: Eugene Krabs|89/100\n|cant|p1a: Eugene Krabs|flinch\n|move|p2b: Orthworm|Body Press|p1b: Milotic\n|-damage|p1b: Milotic|44/100 par\n|move|p1b: Milotic|Scald|p2a: Sneasler\n|-damage|p2a: Sneasler|0 fnt\n|faint|p2a: Sneasler\n|\n|-heal|p2b: Orthworm|55/100 brn|[from] item: Leftovers\n|-damage|p2b: Orthworm|49/100 brn|[from] brn\n|upkeep\n|\n|t:|1776450512\n|switch|p2a: Delphox|Delphox, L50, F|100/100\n|turn|8\n|\n|t:|1776450523\n|detailschange|p2a: Delphox|Delphox-Mega, L50, F\n|-mega|p2a: Delphox|Delphox|Delphoxite\n|move|p2a: Delphox|Heat Wave|p1b: Milotic|[spread] p1a,p1b\n|-supereffective|p1a: Eugene Krabs|1\n|-resisted|p1b: Milotic|1\n|-damage|p1a: Eugene Krabs|19/100\n|-damage|p1b: Milotic|30/100 par\n|move|p2b: Orthworm|Body Press|p1b: Milotic\n|-damage|p1b: Milotic|20/100 par\n|move|p1a: Eugene Krabs|Knock Off|p2a: Delphox\n|-supereffective|p2a: Delphox|1\n|-damage|p2a: Delphox|8/100\n|cant|p1b: Milotic|par\n|\n|-heal|p2b: Orthworm|55/100 brn|[from] item: Leftovers\n|-damage|p2b: Orthworm|49/100 brn|[from] brn\n|upkeep\n|turn|9\n|\n|t:|1776450539\n|move|p1a: Eugene Krabs|Mach Punch|p2a: Delphox\n|-resisted|p2a: Delphox|1\n|-damage|p2a: Delphox|0 fnt\n|faint|p2a: Delphox\n|move|p2b: Orthworm|Body Press|p1b: Milotic\n|-damage|p1b: Milotic|10/100 par\n|move|p1b: Milotic|Scald|p2b: Orthworm\n|-damage|p2b: Orthworm|20/100 brn\n|\n|-heal|p2b: Orthworm|26/100 brn|[from] item: Leftovers\n|-damage|p2b: Orthworm|20/100 brn|[from] brn\n|upkeep\n|turn|10\n|-message|DinsFire01 forfeited.\n|\n|win|Thatboydin\n|raw|Thatboydin's rating: 1074 &rarr; <strong>1102</strong><br />(+28 for winning)\n|raw|DinsFire01's rating: 1063 &rarr; <strong>1044</strong><br />(-19 for losing)\n|l|\u2606DinsFire01\n|player|p2|\n|l|\u2606Thatboydin\n|player|p1|\n|j|\u2606Thatboydin\n|player|p1|Thatboydin|aromalady|\n",
  "uploadtime": 1776450863,
  "views": 30,
  "formatid": "gen9championsvgc2026regma",
  "rating": 1044,
  "private": 0,
  "password": null
}