{
  "id": "gen9championsvgc2026regma-2587471793",
  "format": "[Gen 9 Champions] VGC 2026 Reg M-A",
  "players": [
    "Idkran",
    "dr.ultraball head"
  ],
  "log": "|j|\u2606Idkran\n|j|\u2606dr.ultraball head\n|t:|1776534661\n|gametype|doubles\n|player|p1|Idkran|1|1162\n|player|p2|dr.ultraball head|gardenia-masters|1116\n|gen|9\n|tier|[Gen 9 Champions] VGC 2026 Reg M-A\n|rated|\n|rule|Species Clause: Limit one of each Pok\u00e9mon\n|rule|Item Clause: Limit 1 of each item\n|clearpoke\n|poke|p1|Chandelure, L50, M|\n|poke|p1|Whimsicott, L50, M|\n|poke|p1|Sneasler, L50, M|\n|poke|p1|Hydreigon, L50, M|\n|poke|p1|Meowscarada, L50, M|\n|poke|p1|Glimmora, L50, M|\n|poke|p2|Incineroar, L50, M|\n|poke|p2|Aggron, L50, F|\n|poke|p2|Sinistcha, L50|\n|poke|p2|Primarina, L50, F|\n|poke|p2|Farigiraf, L50, F|\n|poke|p2|Pelipper, L50, M|\n|teampreview|4\n|inactive|Battle timer is ON: inactive players will automatically lose when time's up. (requested by Idkran)\n|inactive|Idkran has 60 seconds left.\n|\n|t:|1776534693\n|teamsize|p1|4\n|teamsize|p2|4\n|start\n|switch|p1a: Chandelure|Chandelure, L50, M|100/100\n|switch|p1b: Sneasler|Sneasler, L50, M|100/100\n|switch|p2a: Incineroar|Incineroar, L50, M|100/100\n|switch|p2b: Duo|Farigiraf, L50, F|100/100\n|-ability|p2a: Incineroar|Intimidate|boost\n|-unboost|p1a: Chandelure|atk|1\n|-unboost|p1b: Sneasler|atk|1\n|turn|1\n|\n|t:|1776534715\n|detailschange|p1a: Chandelure|Chandelure-Mega, L50, M\n|-mega|p1a: Chandelure|Chandelure|Chandelurite\n|move|p2a: Incineroar|Fake Out|p1b: Sneasler\n|-damage|p1b: Sneasler|77/100\n|cant|p1b: Sneasler|flinch\n|move|p1a: Chandelure|Substitute|p1a: Chandelure\n|-start|p1a: Chandelure|Substitute\n|-damage|p1a: Chandelure|76/100\n|move|p2b: Duo|Trick Room|p2b: Duo\n|-fieldstart|move: Trick Room|[of] p2b: Duo\n|\n|upkeep\n|turn|2\n|\n|t:|1776534738\n|switch|p1b: Hydreigon|Hydreigon, L50, M|100/100\n|move|p1a: Chandelure|Protect|p1a: Chandelure\n|-singleturn|p1a: Chandelure|Protect\n|move|p2b: Duo|Psychic Noise|p1a: Chandelure\n|-activate|p1a: Chandelure|move: Protect\n|move|p2a: Incineroar|Parting Shot|p1b: Hydreigon\n|-unboost|p1b: Hydreigon|atk|1\n|-unboost|p1b: Hydreigon|spa|1\n|\n|t:|1776534751\n|switch|p2a: Primarina|Primarina, L50, F|100/100|[from] Parting Shot\n|\n|upkeep\n|turn|3\n|inactive|Idkran has 30 seconds left.\n|\n|t:|1776534778\n|switch|p2b: Incineroar|Incineroar, L50, M|100/100\n|-ability|p2b: Incineroar|Intimidate|boost\n|-immune|p1a: Chandelure\n|-unboost|p1b: Hydreigon|atk|1\n|switch|p1a: Meowscarada|Meowscarada, L50, M|100/100\n|move|p2a: Primarina|Hyper Voice|p1b: Hydreigon|[spread] p1a,p1b\n|-resisted|p1a: Meowscarada|1\n|-resisted|p1b: Hydreigon|1\n|-damage|p1a: Meowscarada|73/100\n|-damage|p1b: Hydreigon|77/100\n|move|p1b: Hydreigon|Dark Pulse|p2b: Incineroar\n|-resisted|p2b: Incineroar|1\n|-damage|p2b: Incineroar|86/100\n|\n|upkeep\n|turn|4\n|\n|t:|1776534799\n|switch|p1b: Sneasler|Sneasler, L50, M|77/100\n|move|p1a: Meowscarada|Protect|p1a: Meowscarada\n|-start|p1a: Meowscarada|typechange|Normal|[from] ability: Protean\n|-singleturn|p1a: Meowscarada|Protect\n|move|p2a: Primarina|Dazzling Gleam|p1b: Sneasler|[spread] p1b\n|-activate|p1a: Meowscarada|move: Protect\n|-damage|p1b: Sneasler|29/100\n|move|p2b: Incineroar|Parting Shot|p1a: Meowscarada\n|-activate|p1a: Meowscarada|move: Protect\n|\n|upkeep\n|turn|5\n|\n|t:|1776534818\n|switch|p2b: Duo|Farigiraf, L50, F|100/100\n|move|p1b: Sneasler|Fake Out||[still]\n|cant|p2b: Duo|ability: Armor Tail|Fake Out|[of] p1b: Sneasler\n|move|p2a: Primarina|Dazzling Gleam|p1b: Sneasler|[spread] p1a,p1b\n|-damage|p1a: Meowscarada|19/100\n|-damage|p1b: Sneasler|0 fnt\n|faint|p1b: Sneasler\n|move|p1a: Meowscarada|Flower Trick|p2a: Primarina\n|-supereffective|p2a: Primarina|1\n|-crit|p2a: Primarina\n|-damage|p2a: Primarina|6/100\n|\n|-heal|p2a: Primarina|12/100|[from] item: Leftovers\n|-fieldend|move: Trick Room\n|upkeep\n|\n|t:|1776534830\n|switch|p1b: Hydreigon|Hydreigon, L50, M|77/100\n|turn|6\n|\n|t:|1776534844\n|switch|p2b: Incineroar|Incineroar, L50, M|86/100\n|-ability|p2b: Incineroar|Intimidate|boost\n|-unboost|p1a: Meowscarada|atk|1\n|-unboost|p1b: Hydreigon|atk|1\n|move|p2a: Primarina|Protect|p2a: Primarina\n|-singleturn|p2a: Primarina|Protect\n|move|p1b: Hydreigon|Dark Pulse|p2b: Incineroar\n|-resisted|p2b: Incineroar|1\n|-damage|p2b: Incineroar|64/100\n|move|p1a: Meowscarada|Knock Off|p2b: Incineroar\n|-resisted|p2b: Incineroar|1\n|-damage|p2b: Incineroar|54/100\n|-enditem|p2b: Incineroar|Sitrus Berry|[from] move: Knock Off|[of] p1a: Meowscarada\n|\n|-heal|p2a: Primarina|18/100|[from] item: Leftovers\n|upkeep\n|turn|7\n|\n|t:|1776534866\n|move|p2b: Incineroar|Fake Out|p1a: Meowscarada\n|-damage|p1a: Meowscarada|0 fnt\n|faint|p1a: Meowscarada\n|move|p1b: Hydreigon|Dark Pulse|p2a: Primarina\n|-resisted|p2a: Primarina|1\n|-damage|p2a: Primarina|0 fnt\n|faint|p2a: Primarina\n|\n|upkeep\n|\n|t:|1776534877\n|switch|p1a: Chandelure|Chandelure-Mega, L50, M|76/100\n|switch|p2a: Aggron|Aggron, L50, F|100/100\n|turn|8\n|\n|t:|1776534886\n|detailschange|p2a: Aggron|Aggron-Mega, L50, F\n|-mega|p2a: Aggron|Aggron|Aggronite\n|move|p2a: Aggron|Protect|p2a: Aggron\n|-singleturn|p2a: Aggron|Protect\n|move|p1b: Hydreigon|Dark Pulse|p2a: Aggron\n|-activate|p2a: Aggron|move: Protect\n|move|p1a: Chandelure|Heat Wave|p2a: Aggron|[spread] p2b\n|-activate|p2a: Aggron|move: Protect\n|-resisted|p2b: Incineroar|1\n|-damage|p2b: Incineroar|33/100\n|move|p2b: Incineroar|Parting Shot|p1a: Chandelure\n|-unboost|p1a: Chandelure|atk|1\n|-unboost|p1a: Chandelure|spa|1\n|\n|t:|1776534902\n|switch|p2b: Duo|Farigiraf, L50, F|100/100|[from] Parting Shot\n|\n|upkeep\n|turn|9\n|\n|t:|1776534914\n|switch|p2b: Incineroar|Incineroar, L50, M|33/100\n|-ability|p2b: Incineroar|Intimidate|boost\n|-unboost|p1a: Chandelure|atk|1\n|-unboost|p1b: Hydreigon|atk|1\n|move|p1b: Hydreigon|Dark Pulse|p2b: Incineroar\n|-resisted|p2b: Incineroar|1\n|-damage|p2b: Incineroar|12/100\n|move|p1a: Chandelure|Heat Wave|p2b: Incineroar|[spread] p2a,p2b\n|-supereffective|p2a: Aggron|1\n|-resisted|p2b: Incineroar|1\n|-damage|p2a: Aggron|58/100\n|-damage|p2b: Incineroar|0 fnt\n|faint|p2b: Incineroar\n|move|p2a: Aggron|Body Press|p1b: Hydreigon\n|-supereffective|p1b: Hydreigon|1\n|-damage|p1b: Hydreigon|0 fnt\n|faint|p1b: Hydreigon\n|\n|upkeep\n|\n|t:|1776534932\n|switch|p2b: Duo|Farigiraf, L50, F|100/100\n|turn|10\n|\n|t:|1776534943\n|move|p2a: Aggron|Protect|p2a: Aggron\n|-singleturn|p2a: Aggron|Protect\n|move|p1a: Chandelure|Heat Wave|p2a: Aggron|[spread] p2b\n|-activate|p2a: Aggron|move: Protect\n|-damage|p2b: Duo|67/100\n|move|p2b: Duo|Psychic Noise|p1a: Chandelure\n|-damage|p1a: Chandelure|29/100\n|-start|p1a: Chandelure|move: Heal Block\n|\n|upkeep\n|turn|11\n|-message|Idkran forfeited.\n|\n|win|dr.ultraball head\n|raw|Idkran's rating: 1162 &rarr; <strong>1134</strong><br />(-28 for losing)\n|raw|dr.ultraball head's rating: 1116 &rarr; <strong>1144</strong><br />(+28 for winning)\n|l|\u2606Idkran\n|player|p1|\n|c|\u2606dr.ultraball head|Ggs\n",
  "uploadtime": 1776535649,
  "views": 12,
  "formatid": "gen9championsvgc2026regma",
  "rating": 1134,
  "private": 0,
  "password": null
}