{
  "id": "gen9championsvgc2026regma-2586354318",
  "format": "[Gen 9 Champions] VGC 2026 Reg M-A",
  "players": [
    "kctc",
    "juqiantangnang"
  ],
  "log": "|j|\u2606kctc\n|j|\u2606juqiantangnang\n|t:|1776428168\n|gametype|doubles\n|player|p1|kctc|swimmerf-gen4|1163\n|player|p2|juqiantangnang|cynthia|1193\n|gen|9\n|tier|[Gen 9 Champions] VGC 2026 Reg M-A\n|rated|\n|rule|Species Clause: Limit one of each Pok\u00e9mon\n|rule|Item Clause: Limit 1 of each item\n|clearpoke\n|poke|p1|Golurk, L50|\n|poke|p1|Floette-Eternal, L50, F|\n|poke|p1|Farigiraf, L50, M|\n|poke|p1|Sinistcha, L50|\n|poke|p1|Kingambit, L50, M|\n|poke|p1|Torkoal, L50, M|\n|poke|p2|Scizor, L50, F|\n|poke|p2|Palafin, L50, F|\n|poke|p2|Incineroar, L50, M|\n|poke|p2|Sinistcha, L50|\n|poke|p2|Pelipper, L50, F|\n|poke|p2|Lucario, L50, M|\n|teampreview|4\n|inactive|Battle timer is ON: inactive players will automatically lose when time's up. (requested by kctc)\n|inactive|juqiantangnang also wants the timer to be on.\n|inactive|kctc has 60 seconds left.\n|\n|t:|1776428200\n|teamsize|p1|4\n|teamsize|p2|4\n|start\n|switch|p1a: Golurk|Golurk, L50|100/100\n|switch|p1b: Farigiraf|Farigiraf, L50, M|100/100\n|switch|p2a: Pelipper|Pelipper, L50, F|100/100\n|switch|p2b: Incineroar|Incineroar, L50, M|100/100\n|-weather|RainDance|[from] ability: Drizzle|[of] p2a: Pelipper\n|-ability|p2b: Incineroar|Intimidate|boost\n|-unboost|p1a: Golurk|atk|1\n|-unboost|p1b: Farigiraf|atk|1\n|turn|1\n|\n|t:|1776428210\n|detailschange|p1a: Golurk|Golurk-Mega, L50\n|-mega|p1a: Golurk|Golurk|Golurkite\n|move|p2a: Pelipper|Tailwind|p2a: Pelipper\n|-sidestart|p2: juqiantangnang|move: Tailwind\n|move|p2b: Incineroar|Throat Chop|p1b: Farigiraf\n|-supereffective|p1b: Farigiraf|1\n|-damage|p1b: Farigiraf|55/100\n|-start|p1b: Farigiraf|Throat Chop|[silent]\n|move|p1a: Golurk|Drain Punch|p2b: Incineroar\n|-supereffective|p2b: Incineroar|1\n|-damage|p2b: Incineroar|66/100\n|move|p1b: Farigiraf|Trick Room|p1b: Farigiraf\n|-fieldstart|move: Trick Room|[of] p1b: Farigiraf\n|\n|-weather|RainDance|[upkeep]\n|upkeep\n|turn|2\n|inactive|kctc has 30 seconds left.\n|\n|t:|1776428236\n|switch|p1a: Torkoal|Torkoal, L50, M|100/100\n|-weather|SunnyDay|[from] ability: Drought|[of] p1a: Torkoal\n|move|p1b: Farigiraf|Protect|p1b: Farigiraf\n|-singleturn|p1b: Farigiraf|Protect\n|move|p2b: Incineroar|Throat Chop|p1b: Farigiraf\n|-activate|p1b: Farigiraf|move: Protect\n|move|p2a: Pelipper|Weather Ball|p1a: Torkoal\n|-resisted|p1a: Torkoal|1\n|-damage|p1a: Torkoal|79/100\n|\n|-weather|SunnyDay|[upkeep]\n|-end|p1b: Farigiraf|Throat Chop|[silent]\n|upkeep\n|turn|3\n|\n|t:|1776428252\n|move|p1b: Farigiraf|Helping Hand|p1a: Torkoal\n|-singleturn|p1a: Torkoal|Helping Hand|[of] p1b: Farigiraf\n|move|p2a: Pelipper|Protect|p2a: Pelipper\n|-singleturn|p2a: Pelipper|Protect\n|move|p1a: Torkoal|Eruption|p2a: Pelipper|[spread] p2b\n|-activate|p2a: Pelipper|move: Protect\n|-resisted|p2b: Incineroar|1\n|-damage|p2b: Incineroar|21/100\n|-enditem|p2b: Incineroar|Sitrus Berry|[eat]\n|-heal|p2b: Incineroar|46/100|[from] item: Sitrus Berry\n|move|p2b: Incineroar|Flare Blitz|p1a: Torkoal\n|-resisted|p1a: Torkoal|1\n|-damage|p1a: Torkoal|54/100\n|-damage|p2b: Incineroar|39/100|[from] Recoil\n|\n|-weather|SunnyDay|[upkeep]\n|upkeep\n|turn|4\n|inactive|juqiantangnang has 30 seconds left.\n|\n|t:|1776428284\n|switch|p1b: Golurk|Golurk-Mega, L50|100/100\n|move|p1a: Torkoal|Heat Wave|p2a: Pelipper|[spread] p2a,p2b\n|-resisted|p2a: Pelipper|1\n|-resisted|p2b: Incineroar|1\n|-damage|p2a: Pelipper|67/100\n|-damage|p2b: Incineroar|16/100\n|-status|p2a: Pelipper|brn\n|move|p2b: Incineroar|Throat Chop|p1a: Torkoal\n|-damage|p1a: Torkoal|31/100\n|-start|p1a: Torkoal|Throat Chop|[silent]\n|move|p2a: Pelipper|Weather Ball|p1a: Torkoal\n|-resisted|p1a: Torkoal|1\n|-damage|p1a: Torkoal|9/100\n|\n|-weather|SunnyDay|[upkeep]\n|-damage|p2a: Pelipper|61/100 brn|[from] brn\n|-sideend|p2: juqiantangnang|move: Tailwind\n|upkeep\n|turn|5\n|inactive|kctc has 30 seconds left.\n|\n|t:|1776428311\n|move|p2a: Pelipper|Protect|p2a: Pelipper\n|-singleturn|p2a: Pelipper|Protect\n|move|p1a: Torkoal|Heat Wave|p2b: Incineroar|[spread] \n|-activate|p2a: Pelipper|move: Protect\n|-miss|p1a: Torkoal|p2b: Incineroar\n|move|p1b: Golurk|Poltergeist|p2a: Pelipper\n|-activate|p2a: Pelipper|move: Protect\n|move|p2b: Incineroar|Parting Shot|p1b: Golurk\n|-unboost|p1b: Golurk|atk|1\n|-unboost|p1b: Golurk|spa|1\n|\n|t:|1776428326\n|switch|p2b: Palafin|Palafin, L50, F|100/100|[from] Parting Shot\n|\n|-weather|SunnyDay|[upkeep]\n|-damage|p2a: Pelipper|55/100 brn|[from] brn\n|-end|p1a: Torkoal|Throat Chop|[silent]\n|-fieldend|move: Trick Room\n|upkeep\n|turn|6\n|\n|t:|1776428350\n|switch|p2a: Incineroar|Incineroar, L50, M|16/100\n|-ability|p2a: Incineroar|Intimidate|boost\n|-unboost|p1a: Torkoal|atk|1\n|-unboost|p1b: Golurk|atk|1\n|switch|p1a: Farigiraf|Farigiraf, L50, M|55/100\n|move|p2b: Palafin|Flip Turn|p1a: Farigiraf\n|-damage|p1a: Farigiraf|45/100\n|\n|t:|1776428360\n|detailschange|p2b: Palafin|Palafin-Hero, L50, F\n|switch|p2b: Pelipper|Pelipper, L50, F|55/100 brn|[from] Flip Turn\n|-weather|RainDance|[from] ability: Drizzle|[of] p2b: Pelipper\n|move|p1b: Golurk|Headlong Rush|p2b: Pelipper\n|-immune|p2b: Pelipper\n|\n|-weather|RainDance|[upkeep]\n|-damage|p2b: Pelipper|49/100 brn|[from] brn\n|upkeep\n|turn|7\n|\n|t:|1776428370\n|move|p2b: Pelipper|Weather Ball|p1b: Golurk\n|-supereffective|p1b: Golurk|1\n|-damage|p1b: Golurk|15/100\n|move|p2a: Incineroar|Throat Chop|p1a: Farigiraf\n|-supereffective|p1a: Farigiraf|1\n|-damage|p1a: Farigiraf|3/100\n|-start|p1a: Farigiraf|Throat Chop|[silent]\n|move|p1a: Farigiraf|Psychic|p2b: Pelipper\n|-damage|p2b: Pelipper|8/100 brn\n|move|p1b: Golurk|Drain Punch|p2a: Incineroar\n|-supereffective|p2a: Incineroar|1\n|-damage|p2a: Incineroar|0 fnt\n|-heal|p1b: Golurk|23/100|[from] drain|[of] p2a: Incineroar\n|faint|p2a: Incineroar\n|\n|-weather|RainDance|[upkeep]\n|-damage|p2b: Pelipper|2/100 brn|[from] brn\n|upkeep\n|\n|t:|1776428380\n|switch|p2a: Palafin|Palafin-Hero, L50, F|100/100\n|-activate|p2a: Palafin|ability: Zero to Hero\n|turn|8\n|\n|t:|1776428399\n|switch|p2b: Lucario|Lucario, L50, M|100/100\n|switch|p1a: Torkoal|Torkoal, L50, M|9/100\n|-weather|SunnyDay|[from] ability: Drought|[of] p1a: Torkoal\n|move|p2a: Palafin|Flip Turn|p1b: Golurk\n|-supereffective|p1b: Golurk|1\n|-damage|p1b: Golurk|0 fnt\n|faint|p1b: Golurk\n|\n|t:|1776428410\n|switch|p2a: Pelipper|Pelipper, L50, F|2/100 brn|[from] Flip Turn\n|-weather|RainDance|[from] ability: Drizzle|[of] p2a: Pelipper\n|\n|-weather|RainDance|[upkeep]\n|-damage|p2a: Pelipper|0 fnt|[from] brn\n|faint|p2a: Pelipper\n|upkeep\n|\n|t:|1776428422\n|switch|p2a: Palafin|Palafin-Hero, L50, F|100/100\n|switch|p1b: Sinistcha|Sinistcha, L50|100/100\n|-heal|p1a: Torkoal|34/100|[from] ability: Hospitality|[of] p1b: Sinistcha\n|turn|9\n|\n|t:|1776428433\n|switch|p1a: Farigiraf|Farigiraf, L50, M|3/100\n|detailschange|p2b: Lucario|Lucario-Mega, L50, M\n|-mega|p2b: Lucario|Lucario|Lucarionite\n|move|p2b: Lucario|Flash Cannon|p1b: Sinistcha\n|-damage|p1b: Sinistcha|47/100\n|-enditem|p1b: Sinistcha|Sitrus Berry|[eat]\n|-heal|p1b: Sinistcha|71/100|[from] item: Sitrus Berry\n|move|p2a: Palafin|Wave Crash|p1a: Farigiraf\n|-damage|p1a: Farigiraf|0 fnt\n|faint|p1a: Farigiraf\n|-damage|p2a: Palafin|99/100|[from] Recoil\n|move|p1b: Sinistcha|Trick Room|p1b: Sinistcha\n|-fieldstart|move: Trick Room|[of] p1b: Sinistcha\n|\n|-weather|RainDance|[upkeep]\n|upkeep\n|\n|t:|1776428448\n|switch|p1a: Torkoal|Torkoal, L50, M|34/100\n|-weather|SunnyDay|[from] ability: Drought|[of] p1a: Torkoal\n|turn|10\n|\n|t:|1776428453\n|move|p2b: Lucario|Vacuum Wave|p1a: Torkoal\n|-damage|p1a: Torkoal|0 fnt\n|faint|p1a: Torkoal\n|move|p1b: Sinistcha|Matcha Gotcha|p2a: Palafin|[spread] p2a,p2b\n|-supereffective|p2a: Palafin|1\n|-resisted|p2b: Lucario|1\n|-damage|p2a: Palafin|48/100\n|-heal|p1b: Sinistcha|99/100|[from] drain|[of] p2a: Palafin\n|-damage|p2b: Lucario|81/100\n|-heal|p1b: Sinistcha|100/100|[from] drain|[of] p2b: Lucario\n|move|p2a: Palafin|Wave Crash|p1b: Sinistcha\n|-resisted|p1b: Sinistcha|1\n|-damage|p1b: Sinistcha|82/100\n|-damage|p2a: Palafin|43/100|[from] Recoil\n|\n|-weather|SunnyDay|[upkeep]\n|upkeep\n|turn|11\n|c|\u2606kctc|gg\n|\n|t:|1776428471\n|move|p2a: Palafin|Protect|p2a: Palafin\n|-singleturn|p2a: Palafin|Protect\n|move|p1b: Sinistcha|Matcha Gotcha|p2b: Lucario|[spread] p2b\n|-activate|p2a: Palafin|move: Protect\n|-resisted|p2b: Lucario|1\n|-damage|p2b: Lucario|61/100\n|-heal|p1b: Sinistcha|90/100|[from] drain|[of] p2b: Lucario\n|move|p2b: Lucario|Flash Cannon|p1b: Sinistcha\n|-damage|p1b: Sinistcha|33/100\n|\n|-weather|SunnyDay|[upkeep]\n|upkeep\n|turn|12\n|\n|t:|1776428485\n|move|p1b: Sinistcha|Matcha Gotcha|p2b: Lucario|[spread] p2a,p2b\n|-supereffective|p2a: Palafin|1\n|-resisted|p2b: Lucario|1\n|-crit|p2b: Lucario\n|-damage|p2a: Palafin|0 fnt\n|-heal|p1b: Sinistcha|57/100|[from] drain|[of] p2a: Palafin\n|-damage|p2b: Lucario|32/100\n|-heal|p1b: Sinistcha|70/100|[from] drain|[of] p2b: Lucario\n|-status|p2b: Lucario|brn\n|faint|p2a: Palafin\n|move|p2b: Lucario|Flash Cannon|p1b: Sinistcha\n|-damage|p1b: Sinistcha|16/100\n|\n|-weather|SunnyDay|[upkeep]\n|-damage|p2b: Lucario|26/100 brn|[from] brn\n|upkeep\n|turn|13\n|\n|t:|1776428509\n|move|p2b: Lucario|Protect|p2b: Lucario\n|-singleturn|p2b: Lucario|Protect\n|move|p1b: Sinistcha|Shadow Ball|p2b: Lucario\n|-activate|p2b: Lucario|move: Protect\n|\n|-weather|SunnyDay|[upkeep]\n|-damage|p2b: Lucario|20/100 brn|[from] brn\n|-fieldend|move: Trick Room\n|upkeep\n|turn|14\n|\n|t:|1776428519\n|move|p2b: Lucario|Flash Cannon|p1b: Sinistcha\n|-damage|p1b: Sinistcha|0 fnt\n|faint|p1b: Sinistcha\n|\n|win|juqiantangnang\n|raw|kctc's rating: 1163 &rarr; <strong>1140</strong><br />(-23 for losing)\n|raw|juqiantangnang's rating: 1193 &rarr; <strong>1216</strong><br />(+23 for winning)\n|l|\u2606kctc\n|player|p1|\n",
  "uploadtime": 1776428526,
  "views": 30,
  "formatid": "gen9championsvgc2026regma",
  "rating": 1140,
  "private": 0,
  "password": null
}