{
  "id": "gen9championsvgc2026regma-2588376411",
  "format": "[Gen 9 Champions] VGC 2026 Reg M-A",
  "players": [
    "elganadordeljuego",
    "Scrubby009"
  ],
  "log": "|j|\u2606elganadordeljuego\n|j|\u2606Scrubby009\n|t:|1776628372\n|gametype|doubles\n|player|p1|elganadordeljuego|norman|1258\n|player|p2|Scrubby009|skyla|1355\n|gen|9\n|tier|[Gen 9 Champions] VGC 2026 Reg M-A\n|rated|\n|rule|Species Clause: Limit one of each Pok\u00e9mon\n|rule|Item Clause: Limit 1 of each item\n|clearpoke\n|poke|p1|Talonflame, L50, M|\n|poke|p1|Garchomp, L50, F|\n|poke|p1|Floette-Eternal, L50, F, shiny|\n|poke|p1|Aegislash, L50, F, shiny|\n|poke|p1|Sneasler, L50, F|\n|poke|p1|Rotom-Wash, L50|\n|poke|p2|Lopunny, L50, F, shiny|\n|poke|p2|Scizor, L50, M|\n|poke|p2|Rotom-Heat, L50|\n|poke|p2|Sinistcha, L50|\n|poke|p2|Garchomp, L50, M|\n|poke|p2|Primarina, L50, F|\n|teampreview|4\n|c|\u2606Scrubby009|glhf\n|c|\u2606Scrubby009|didn't know shiny eternal was a thing\n|\n|t:|1776628424\n|teamsize|p1|4\n|teamsize|p2|4\n|start\n|switch|p1a: Garchomp|Garchomp, L50, F|100/100\n|switch|p1b: Sneasler|Sneasler, L50, F|100/100\n|switch|p2a: B-Girl Kelly|Lopunny, L50, F, shiny|100/100\n|switch|p2b: Hot Pocket|Rotom-Heat, L50|100/100\n|turn|1\n|c|\u2606elganadordeljuego|no speak your idiom\n|\n|t:|1776628456\n|detailschange|p2a: B-Girl Kelly|Lopunny-Mega, L50, F, shiny\n|-mega|p2a: B-Girl Kelly|Lopunny|Lopunnite\n|move|p2a: B-Girl Kelly|Fake Out|p1b: Sneasler\n|-damage|p1b: Sneasler|67/100\n|cant|p1b: Sneasler|flinch\n|move|p1a: Garchomp|Rock Slide|p2a: B-Girl Kelly|[spread] p2a,p2b\n|-resisted|p2a: B-Girl Kelly|1\n|-supereffective|p2b: Hot Pocket|1\n|-damage|p2a: B-Girl Kelly|85/100\n|-damage|p2b: Hot Pocket|58/100\n|move|p2b: Hot Pocket|Will-O-Wisp|p1a: Garchomp\n|-status|p1a: Garchomp|brn\n|\n|-damage|p1a: Garchomp|95/100 brn|[from] brn\n|upkeep\n|turn|2\n|\n|t:|1776628474\n|switch|p2a: Tea Time|Sinistcha, L50|100/100\n|-heal|p2b: Hot Pocket|83/100|[from] ability: Hospitality|[of] p2a: Tea Time\n|move|p1a: Garchomp|Rock Slide|p2a: Tea Time|[spread] p2a,p2b\n|-supereffective|p2b: Hot Pocket|1\n|-damage|p2a: Tea Time|91/100\n|-damage|p2b: Hot Pocket|65/100\n|move|p1b: Sneasler|Close Combat|p2a: Tea Time\n|-immune|p2a: Tea Time\n|cant|p2b: Hot Pocket|flinch\n|\n|-damage|p1a: Garchomp|89/100 brn|[from] brn\n|upkeep\n|turn|3\n|\n|t:|1776628487\n|move|p2a: Tea Time|Rage Powder|p2a: Tea Time\n|-singleturn|p2a: Tea Time|move: Rage Powder\n|move|p1a: Garchomp|Rock Slide|p2b: Hot Pocket|[spread] p2a,p2b\n|-supereffective|p2b: Hot Pocket|1\n|-damage|p2a: Tea Time|81/100\n|-damage|p2b: Hot Pocket|45/100\n|move|p1b: Sneasler|Dire Claw|p2a: Tea Time\n|-damage|p2a: Tea Time|48/100\n|-enditem|p2a: Tea Time|Sitrus Berry|[eat]\n|-heal|p2a: Tea Time|73/100|[from] item: Sitrus Berry\n|cant|p2b: Hot Pocket|flinch\n|\n|-damage|p1a: Garchomp|83/100 brn|[from] brn\n|upkeep\n|turn|4\n|\n|t:|1776628503\n|move|p1a: Garchomp|Rock Slide|p2a: Tea Time|[spread] p2a,p2b\n|-supereffective|p2b: Hot Pocket|1\n|-damage|p2a: Tea Time|63/100\n|-damage|p2b: Hot Pocket|25/100\n|move|p1b: Sneasler|Dire Claw|p2a: Tea Time\n|-damage|p2a: Tea Time|29/100\n|-status|p2a: Tea Time|psn\n|move|p2b: Hot Pocket|Overheat|p1b: Sneasler\n|-damage|p1b: Sneasler|6/100\n|-unboost|p2b: Hot Pocket|spa|2\n|move|p2a: Tea Time|Life Dew|p2a: Tea Time|[spread] p2a,p2b\n|-heal|p2a: Tea Time|54/100 psn\n|-heal|p2b: Hot Pocket|50/100\n|\n|-damage|p2a: Tea Time|41/100 psn|[from] psn\n|-damage|p1a: Garchomp|77/100 brn|[from] brn\n|upkeep\n|turn|5\n|\n|t:|1776628518\n|move|p2a: Tea Time|Rage Powder|p2a: Tea Time\n|-singleturn|p2a: Tea Time|move: Rage Powder\n|move|p1a: Garchomp|Rock Slide|p2b: Hot Pocket|[spread] p2a,p2b\n|-supereffective|p2b: Hot Pocket|1\n|-damage|p2a: Tea Time|32/100 psn\n|-damage|p2b: Hot Pocket|30/100\n|move|p1b: Sneasler|Dire Claw|p2a: Tea Time\n|-damage|p2a: Tea Time|0 fnt\n|faint|p2a: Tea Time\n|move|p2b: Hot Pocket|Thunderbolt|p1b: Sneasler\n|-crit|p1b: Sneasler\n|-damage|p1b: Sneasler|0 fnt\n|faint|p1b: Sneasler\n|\n|-damage|p1a: Garchomp|71/100 brn|[from] brn\n|upkeep\n|\n|t:|1776628528\n|switch|p1b: Aegislash|Aegislash, L50, F, shiny|100/100\n|switch|p2a: Red Lobster|Scizor, L50, M|100/100\n|turn|6\n|\n|t:|1776628539\n|switch|p1a: Floette|Floette-Eternal, L50, F, shiny|100/100\n|move|p2b: Hot Pocket|Will-O-Wisp|p1b: Aegislash\n|-status|p1b: Aegislash|brn\n|move|p2a: Red Lobster|Swords Dance|p2a: Red Lobster\n|-boost|p2a: Red Lobster|atk|2\n|-formechange|p1b: Aegislash|Aegislash-Blade|\n|move|p1b: Aegislash|Poltergeist|p2a: Red Lobster\n|-activate|p2a: Red Lobster|move: Poltergeist|Metal Coat\n|-damage|p2a: Red Lobster|63/100\n|\n|-damage|p1b: Aegislash|94/100 brn|[from] brn\n|upkeep\n|turn|7\n|\n|t:|1776628555\n|detailschange|p1a: Floette|Floette-Mega, L50, F, shiny\n|-mega|p1a: Floette|Floette|Floettite\n|-ability|p1a: Floette|Fairy Aura\n|move|p2a: Red Lobster|Bullet Punch|p1a: Floette\n|-supereffective|p1a: Floette|1\n|-damage|p1a: Floette|6/100\n|move|p1a: Floette|Moonblast|p2a: Red Lobster\n|-resisted|p2a: Red Lobster|1\n|-damage|p2a: Red Lobster|23/100\n|move|p2b: Hot Pocket|Overheat|p1b: Aegislash\n|-supereffective|p1b: Aegislash|1\n|-damage|p1b: Aegislash|0 fnt\n|-unboost|p2b: Hot Pocket|spa|2\n|faint|p1b: Aegislash\n|\n|upkeep\n|\n|t:|1776628566\n|switch|p1b: Garchomp|Garchomp, L50, F|71/100 brn\n|turn|8\n|\n|t:|1776628589\n|move|p1a: Floette|Protect|p1a: Floette\n|-singleturn|p1a: Floette|Protect\n|move|p2a: Red Lobster|Bullet Punch|p1b: Garchomp\n|-damage|p1b: Garchomp|26/100 brn\n|-damage|p2a: Red Lobster|11/100|[from] ability: Rough Skin|[of] p1b: Garchomp\n|move|p1b: Garchomp|Rock Slide|p2b: Hot Pocket|[spread] p2b\n|-miss|p1b: Garchomp|p2a: Red Lobster\n|-supereffective|p2b: Hot Pocket|1\n|-damage|p2b: Hot Pocket|9/100\n|move|p2b: Hot Pocket|Thunderbolt|p1a: Floette\n|-activate|p1a: Floette|move: Protect\n|\n|-damage|p1b: Garchomp|20/100 brn|[from] brn\n|upkeep\n|turn|9\n|\n|t:|1776628608\n|move|p1a: Floette|Protect|p1a: Floette\n|-singleturn|p1a: Floette|Protect\n|move|p2a: Red Lobster|Bullet Punch|p1a: Floette\n|-activate|p1a: Floette|move: Protect\n|move|p1b: Garchomp|Rock Slide|p2b: Hot Pocket|[spread] p2a,p2b\n|-supereffective|p2b: Hot Pocket|1\n|-damage|p2a: Red Lobster|0 fnt\n|-damage|p2b: Hot Pocket|0 fnt\n|faint|p2a: Red Lobster\n|faint|p2b: Hot Pocket\n|\n|-damage|p1b: Garchomp|14/100 brn|[from] brn\n|upkeep\n|\n|t:|1776628612\n|switch|p2a: B-Girl Kelly|Lopunny-Mega, L50, F, shiny|85/100\n|turn|10\n|\n|t:|1776628627\n|move|p1a: Floette|Protect||[still]\n|-fail|p1a: Floette\n|move|p2a: B-Girl Kelly|Fake Out|p1a: Floette\n|-damage|p1a: Floette|0 fnt\n|faint|p1a: Floette\n|move|p1b: Garchomp|Rock Slide|p2a: B-Girl Kelly\n|-resisted|p2a: B-Girl Kelly|1\n|-damage|p2a: B-Girl Kelly|76/100\n|\n|-damage|p1b: Garchomp|9/100 brn|[from] brn\n|upkeep\n|turn|11\n|\n|t:|1776628636\n|move|p1b: Garchomp|Rock Slide|p2a: B-Girl Kelly\n|-resisted|p2a: B-Girl Kelly|1\n|-damage|p2a: B-Girl Kelly|67/100\n|move|p2a: B-Girl Kelly|Close Combat|p1b: Garchomp\n|-damage|p1b: Garchomp|0 fnt\n|-unboost|p2a: B-Girl Kelly|def|1\n|-unboost|p2a: B-Girl Kelly|spd|1\n|-damage|p2a: B-Girl Kelly|55/100|[from] ability: Rough Skin|[of] p1b: Garchomp\n|faint|p1b: Garchomp\n|\n|win|Scrubby009\n|raw|elganadordeljuego's rating: 1258 &rarr; <strong>1240</strong><br />(-18 for losing)\n|raw|Scrubby009's rating: 1355 &rarr; <strong>1370</strong><br />(+15 for winning)\n",
  "uploadtime": 1776628639,
  "views": 15,
  "formatid": "gen9championsvgc2026regma",
  "rating": 1240,
  "private": 0,
  "password": null
}