{
  "id": "gen9championsvgc2026regma-2580829738",
  "format": "[Gen 9 Champions] VGC 2026 Reg M-A",
  "players": [
    "porpal_goji",
    "peripeciax"
  ],
  "log": "|j|\u2606porpal_goji\n|j|\u2606peripeciax\n|t:|1775935911\n|gametype|doubles\n|player|p1|porpal_goji|clair|1052\n|player|p2|peripeciax|1|1040\n|gen|9\n|tier|[Gen 9 Champions] VGC 2026 Reg M-A\n|rated|\n|rule|Species Clause: Limit one of each Pok\u00e9mon\n|rule|Item Clause: Limit 1 of each item\n|clearpoke\n|poke|p1|Blastoise, L50, F|\n|poke|p1|Pelipper, L50, M|\n|poke|p1|Kommo-o, L50, F|\n|poke|p1|Gyarados, L50, M|\n|poke|p1|Archaludon, L50, M|\n|poke|p1|Altaria, L50, M|\n|poke|p2|Tinkaton, L50, F|\n|poke|p2|Kingambit, L50, F|\n|poke|p2|Maushold-Four, L50|\n|poke|p2|Rotom-Wash, L50|\n|poke|p2|Gengar, L50, F|\n|poke|p2|Tyranitar, L50, M|\n|teampreview|4\n|l|\u2606porpal_goji\n|player|p1|\n|j|\u2606porpal_goji\n|player|p1|porpal_goji|clair|\n|\n|t:|1775935957\n|teamsize|p1|4\n|teamsize|p2|4\n|start\n|switch|p1a: Archaludon|Archaludon, L50, M|100/100\n|switch|p1b: Altaria|Altaria, L50, M|100/100\n|switch|p2a: Tyranitar|Tyranitar, L50, M|100/100\n|switch|p2b: Rotom|Rotom-Wash, L50|100/100\n|-weather|Sandstorm|[from] ability: Sand Stream|[of] p2a: Tyranitar\n|turn|1\n|\n|t:|1775935979\n|switch|p2b: Tinkaton|Tinkaton, L50, F, shiny|100/100\n|detailschange|p1b: Altaria|Altaria-Mega, L50, M\n|-mega|p1b: Altaria|Altaria|Altarianite\n|move|p1b: Altaria|Dragon Dance|p1b: Altaria\n|-boost|p1b: Altaria|atk|1\n|-boost|p1b: Altaria|spe|1\n|move|p1a: Archaludon|Flash Cannon|p2a: Tyranitar\n|-supereffective|p2a: Tyranitar|1\n|-damage|p2a: Tyranitar|51/100\n|move|p2a: Tyranitar|Rock Slide|p1b: Altaria|[spread] p1a\n|-miss|p2a: Tyranitar|p1b: Altaria\n|-resisted|p1a: Archaludon|1\n|-damage|p1a: Archaludon|85/100\n|\n|-weather|Sandstorm|[upkeep]\n|-damage|p1b: Altaria|94/100|[from] Sandstorm\n|upkeep\n|turn|2\n|\n|t:|1775936017\n|move|p2a: Tyranitar|Protect|p2a: Tyranitar\n|-singleturn|p2a: Tyranitar|Protect\n|move|p1b: Altaria|Body Slam|p2a: Tyranitar\n|-activate|p2a: Tyranitar|move: Protect\n|move|p2b: Tinkaton|Gigaton Hammer|p1b: Altaria\n|-supereffective|p1b: Altaria|1\n|-damage|p1b: Altaria|0 fnt\n|faint|p1b: Altaria\n|move|p1a: Archaludon|Flash Cannon|p2b: Tinkaton\n|-damage|p2b: Tinkaton|59/100\n|\n|-weather|Sandstorm|[upkeep]\n|upkeep\n|\n|t:|1775936028\n|switch|p1b: Pelipper|Pelipper, L50, M|100/100\n|-weather|RainDance|[from] ability: Drizzle|[of] p1b: Pelipper\n|turn|3\n|\n|t:|1775936043\n|switch|p2b: Rotom|Rotom-Wash, L50|100/100\n|switch|p2a: Maushold|Maushold-Four, L50|100/100\n|move|p1b: Pelipper|Weather Ball|p2b: Rotom\n|-resisted|p2b: Rotom|1\n|-damage|p2b: Rotom|81/100\n|move|p1a: Archaludon|Electro Shot||[still]\n|-prepare|p1a: Archaludon|Electro Shot\n|-boost|p1a: Archaludon|spa|1\n|-anim|p1a: Archaludon|Electro Shot|p2a: Maushold\n|-damage|p2a: Maushold|11/100\n|-enditem|p2a: Maushold|Sitrus Berry|[eat]\n|-heal|p2a: Maushold|36/100|[from] item: Sitrus Berry\n|\n|-weather|RainDance|[upkeep]\n|upkeep\n|turn|4\n|\n|t:|1775936073\n|move|p1b: Pelipper|Wide Guard|p1b: Pelipper\n|-singleturn|p1b: Pelipper|Wide Guard\n|move|p2a: Maushold|Follow Me|p2a: Maushold\n|-singleturn|p2a: Maushold|move: Follow Me\n|move|p1a: Archaludon|Electro Shot||[still]\n|-prepare|p1a: Archaludon|Electro Shot\n|-boost|p1a: Archaludon|spa|1\n|-anim|p1a: Archaludon|Electro Shot|p2a: Maushold\n|-damage|p2a: Maushold|0 fnt\n|faint|p2a: Maushold\n|move|p2b: Rotom|Thunderbolt|p1b: Pelipper\n|-supereffective|p1b: Pelipper|2\n|-damage|p1b: Pelipper|0 fnt\n|faint|p1b: Pelipper\n|\n|-weather|RainDance|[upkeep]\n|upkeep\n|\n|t:|1775936090\n|switch|p2a: Tyranitar|Tyranitar, L50, M|51/100\n|switch|p1b: Kommo-o|Kommo-o, L50, F|100/100\n|-weather|Sandstorm|[from] ability: Sand Stream|[of] p2a: Tyranitar\n|turn|5\n|\n|t:|1775936109\n|move|p1b: Kommo-o|Clangorous Soul|p1b: Kommo-o\n|-boost|p1b: Kommo-o|atk|1\n|-boost|p1b: Kommo-o|def|1\n|-boost|p1b: Kommo-o|spa|1\n|-boost|p1b: Kommo-o|spd|1\n|-boost|p1b: Kommo-o|spe|1\n|-damage|p1b: Kommo-o|68/100\n|move|p1a: Archaludon|Dragon Pulse|p2b: Rotom\n|-damage|p2b: Rotom|0 fnt\n|faint|p2b: Rotom\n|move|p2a: Tyranitar|Low Kick|p1a: Archaludon\n|-supereffective|p1a: Archaludon|1\n|-enditem|p1a: Archaludon|Chople Berry|[eat]\n|-enditem|p1a: Archaludon|Chople Berry|[weaken]\n|-damage|p1a: Archaludon|64/100\n|\n|-weather|Sandstorm|[upkeep]\n|-damage|p1b: Kommo-o|62/100|[from] Sandstorm\n|upkeep\n|\n|t:|1775936124\n|switch|p2b: Tinkaton|Tinkaton, L50, F, shiny|59/100\n|turn|6\n|\n|t:|1775936142\n|move|p2b: Tinkaton|Fake Out|p1b: Kommo-o\n|-damage|p1b: Kommo-o|53/100\n|cant|p1b: Kommo-o|flinch\n|move|p1a: Archaludon|Flash Cannon|p2b: Tinkaton\n|-damage|p2b: Tinkaton|0 fnt\n|faint|p2b: Tinkaton\n|move|p2a: Tyranitar|Low Kick|p1a: Archaludon\n|-supereffective|p1a: Archaludon|1\n|-damage|p1a: Archaludon|18/100\n|\n|-weather|Sandstorm|[upkeep]\n|-damage|p1b: Kommo-o|47/100|[from] Sandstorm\n|-enditem|p1b: Kommo-o|Sitrus Berry|[eat]\n|-heal|p1b: Kommo-o|72/100|[from] item: Sitrus Berry\n|upkeep\n|turn|7\n|\n|t:|1775936159\n|move|p1b: Kommo-o|Drain Punch|p2a: Tyranitar\n|-supereffective|p2a: Tyranitar|2\n|-damage|p2a: Tyranitar|0 fnt\n|-heal|p1b: Kommo-o|100/100|[from] drain|[of] p2a: Tyranitar\n|faint|p2a: Tyranitar\n|\n|win|porpal_goji\n|raw|porpal_goji's rating: 1052 &rarr; <strong>1083</strong><br />(+31 for winning)\n|raw|peripeciax's rating: 1040 &rarr; <strong>1025</strong><br />(-15 for losing)\n",
  "uploadtime": 1775936166,
  "views": 20,
  "formatid": "gen9championsvgc2026regma",
  "rating": 1025,
  "private": 0,
  "password": null
}