{
  "id": "gen9championsvgc2026regma-2585866998",
  "format": "[Gen 9 Champions] VGC 2026 Reg M-A",
  "players": [
    "ItzXeroo",
    "zjustus613"
  ],
  "log": "|j|\u2606ItzXeroo\n|j|\u2606zjustus613\n|t:|1776376801\n|gametype|doubles\n|player|p1|ItzXeroo|n|1297\n|player|p2|zjustus613|265|1375\n|gen|9\n|tier|[Gen 9 Champions] VGC 2026 Reg M-A\n|rated|\n|rule|Species Clause: Limit one of each Pok\u00e9mon\n|rule|Item Clause: Limit 1 of each item\n|clearpoke\n|poke|p1|Dragapult, L50, F|\n|poke|p1|Maushold, L50|\n|poke|p1|Kingambit, L50, M|\n|poke|p1|Charizard, L50, F|\n|poke|p1|Sneasler, L50, F|\n|poke|p1|Garchomp, L50, M|\n|poke|p2|Froslass, L50, F|\n|poke|p2|Garchomp, L50, F|\n|poke|p2|Rotom-Frost, L50|\n|poke|p2|Empoleon, L50, M|\n|poke|p2|Incineroar, L50, F|\n|poke|p2|Kingambit, L50, M|\n|teampreview|4\n|inactive|Battle timer is ON: inactive players will automatically lose when time's up. (requested by zjustus613)\n|\n|t:|1776376834\n|teamsize|p1|4\n|teamsize|p2|4\n|start\n|switch|p1a: Garchomp|Garchomp, L50, M|100/100\n|switch|p1b: Sneasler|Sneasler, L50, F|100/100\n|switch|p2a: Garchomp|Garchomp, L50, F|100/100\n|switch|p2b: Rotom|Rotom-Frost, L50|100/100\n|turn|1\n|\n|t:|1776376855\n|move|p1b: Sneasler|Fake Out|p2b: Rotom\n|-damage|p2b: Rotom|83/100\n|move|p1a: Garchomp|Rock Slide|p2b: Rotom|[spread] p2a,p2b\n|-resisted|p2a: Garchomp|1\n|-supereffective|p2b: Rotom|1\n|-damage|p2a: Garchomp|91/100\n|-damage|p2b: Rotom|30/100\n|cant|p2b: Rotom|flinch\n|cant|p2a: Garchomp|flinch\n|\n|upkeep\n|turn|2\n|\n|t:|1776376872\n|switch|p2b: Empoleon|Empoleon, L50, M|100/100\n|move|p1a: Garchomp|Rock Slide|p2a: Garchomp|[spread] p2a\n|-miss|p1a: Garchomp|p2b: Empoleon\n|-resisted|p2a: Garchomp|1\n|-damage|p2a: Garchomp|81/100\n|move|p1b: Sneasler|Close Combat|p2a: Garchomp\n|-damage|p2a: Garchomp|21/100\n|-unboost|p1b: Sneasler|def|1\n|-unboost|p1b: Sneasler|spd|1\n|-damage|p1b: Sneasler|88/100|[from] ability: Rough Skin|[of] p2a: Garchomp\n|cant|p2a: Garchomp|flinch\n|\n|upkeep\n|turn|3\n|\n|t:|1776376892\n|move|p2b: Empoleon|Protect|p2b: Empoleon\n|-singleturn|p2b: Empoleon|Protect\n|move|p1a: Garchomp|Rock Slide|p2b: Empoleon|[spread] p2a\n|-activate|p2b: Empoleon|move: Protect\n|-resisted|p2a: Garchomp|1\n|-damage|p2a: Garchomp|10/100\n|move|p1b: Sneasler|Close Combat|p2b: Empoleon\n|-activate|p2b: Empoleon|move: Protect\n|move|p2a: Garchomp|Earthquake|p1b: Sneasler|[spread] p1a,p1b\n|-activate|p2b: Empoleon|move: Protect\n|-supereffective|p1b: Sneasler|1\n|-damage|p1a: Garchomp|64/100\n|-damage|p1b: Sneasler|0 fnt\n|faint|p1b: Sneasler\n|\n|upkeep\n|\n|t:|1776376899\n|switch|p1b: Charizard|Charizard, L50, F, shiny|100/100\n|turn|4\n|\n|t:|1776376917\n|move|p1b: Charizard|Protect|p1b: Charizard\n|-singleturn|p1b: Charizard|Protect\n|move|p1a: Garchomp|Rock Slide|p2a: Garchomp|[spread] p2a,p2b\n|-resisted|p2a: Garchomp|1\n|-resisted|p2b: Empoleon|1\n|-damage|p2a: Garchomp|0 fnt\n|-damage|p2b: Empoleon|89/100\n|faint|p2a: Garchomp\n|move|p2b: Empoleon|Roar|p1b: Charizard\n|drag|p1b: Kingambit|Kingambit, L50, M, shiny|100/100\n|\n|-heal|p2b: Empoleon|95/100|[from] item: Leftovers\n|upkeep\n|\n|t:|1776376929\n|switch|p2a: Froslass|Froslass, L50, F|100/100\n|turn|5\n|\n|t:|1776376944\n|detailschange|p2a: Froslass|Froslass-Mega, L50, F\n|-mega|p2a: Froslass|Froslass|Froslassite\n|-weather|Snowscape|[from] ability: Snow Warning|[of] p2a: Froslass\n|move|p1b: Kingambit|Sucker Punch||[still]\n|-fail|p1b: Kingambit\n|move|p1a: Garchomp|Rock Slide|p2b: Empoleon|[spread] p2a,p2b\n|-supereffective|p2a: Froslass|1\n|-resisted|p2b: Empoleon|1\n|-damage|p2a: Froslass|53/100\n|-damage|p2b: Empoleon|85/100\n|move|p2a: Froslass|Aurora Veil|p2a: Froslass\n|-sidestart|p2: zjustus613|move: Aurora Veil\n|cant|p2b: Empoleon|flinch\n|\n|-weather|Snowscape|[upkeep]\n|-heal|p2b: Empoleon|91/100|[from] item: Leftovers\n|upkeep\n|turn|6\n|\n|t:|1776376963\n|move|p2a: Froslass|Protect|p2a: Froslass\n|-singleturn|p2a: Froslass|Protect\n|move|p1b: Kingambit|Sucker Punch||[still]\n|-fail|p1b: Kingambit\n|move|p1a: Garchomp|Rock Slide|p2a: Froslass|[spread] p2b\n|-activate|p2a: Froslass|move: Protect\n|-resisted|p2b: Empoleon|1\n|-damage|p2b: Empoleon|83/100\n|move|p2b: Empoleon|Water Pulse|p1b: Kingambit\n|-damage|p1b: Kingambit|73/100\n|\n|-weather|Snowscape|[upkeep]\n|-heal|p2b: Empoleon|89/100|[from] item: Leftovers\n|upkeep\n|turn|7\n|c|\u2606ItzXeroo|thats crazy\n|\n|t:|1776376981\n|move|p1b: Kingambit|Sucker Punch|p2a: Froslass\n|-supereffective|p2a: Froslass|1\n|-damage|p2a: Froslass|0 fnt\n|faint|p2a: Froslass\n|move|p1a: Garchomp|Rock Slide|p2b: Empoleon\n|-resisted|p2b: Empoleon|1\n|-damage|p2b: Empoleon|80/100\n|move|p2b: Empoleon|Water Pulse|p1b: Kingambit\n|-damage|p1b: Kingambit|45/100\n|\n|-weather|Snowscape|[upkeep]\n|-heal|p2b: Empoleon|85/100|[from] item: Leftovers\n|upkeep\n|\n|t:|1776376983\n|switch|p2a: Rotom|Rotom-Frost, L50|30/100\n|turn|8\n|\n|t:|1776376987\n|move|p1b: Kingambit|Sucker Punch|p2b: Empoleon\n|-damage|p2b: Empoleon|51/100\n|move|p1a: Garchomp|Rock Slide|p2a: Rotom|[spread] p2a,p2b\n|-supereffective|p2a: Rotom|1\n|-resisted|p2b: Empoleon|1\n|-damage|p2a: Rotom|3/100\n|-damage|p2b: Empoleon|43/100\n|cant|p2a: Rotom|flinch\n|move|p2b: Empoleon|Water Pulse|p1a: Garchomp\n|-damage|p1a: Garchomp|32/100\n|\n|-weather|Snowscape|[upkeep]\n|-heal|p2b: Empoleon|49/100|[from] item: Leftovers\n|upkeep\n|turn|9\n|c|\u2606zjustus613|more like flinchomp\n|inactive|zjustus613 has 30 seconds left.\n|inactive|zjustus613 has 20 seconds left.\n|inactive|zjustus613 has 15 seconds left.\n|inactive|zjustus613 has 10 seconds left.\n|\n|t:|1776377036\n|move|p1b: Kingambit|Sucker Punch|p2b: Empoleon\n|-damage|p2b: Empoleon|11/100\n|move|p1a: Garchomp|Rock Slide|p2b: Empoleon|[spread] p2a,p2b\n|-supereffective|p2a: Rotom|1\n|-resisted|p2b: Empoleon|1\n|-damage|p2a: Rotom|0 fnt\n|-damage|p2b: Empoleon|3/100\n|faint|p2a: Rotom\n|cant|p2b: Empoleon|flinch\n|\n|-weather|none\n|-heal|p2b: Empoleon|9/100|[from] item: Leftovers\n|-sideend|p2: zjustus613|move: Aurora Veil\n|upkeep\n|turn|10\n|c|\u2606zjustus613|one for the road?\n|\n|t:|1776377051\n|move|p1b: Kingambit|Sucker Punch||[still]\n|-fail|p1b: Kingambit\n|move|p1a: Garchomp|Rock Slide|p2b: Empoleon\n|-resisted|p2b: Empoleon|1\n|-damage|p2b: Empoleon|0 fnt\n|faint|p2b: Empoleon\n|\n|win|ItzXeroo\n|raw|ItzXeroo's rating: 1297 &rarr; <strong>1328</strong><br />(+31 for winning)\n|raw|zjustus613's rating: 1375 &rarr; <strong>1351</strong><br />(-24 for losing)\n",
  "uploadtime": 1776377051,
  "views": 39,
  "formatid": "gen9championsvgc2026regma",
  "rating": 1328,
  "private": 0,
  "password": null
}