{
  "id": "gen9championsvgc2026regma-2584690263",
  "format": "[Gen 9 Champions] VGC 2026 Reg M-A",
  "players": [
    "etrdyfyiu",
    "Bigred46"
  ],
  "log": "|j|\u2606etrdyfyiu\n|j|\u2606Bigred46\n|t:|1776277012\n|gametype|doubles\n|player|p1|etrdyfyiu|266|1217\n|player|p2|Bigred46|swimmer|1234\n|gen|9\n|tier|[Gen 9 Champions] VGC 2026 Reg M-A\n|rated|\n|rule|Species Clause: Limit one of each Pok\u00e9mon\n|rule|Item Clause: Limit 1 of each item\n|clearpoke\n|poke|p1|Palafin, L50, M|\n|poke|p1|Arcanine, L50, M|\n|poke|p1|Scizor, L50, F|\n|poke|p1|Tyranitar, L50, F|\n|poke|p1|Sneasler, L50, M|\n|poke|p1|Sinistcha, L50|\n|poke|p2|Dragonite, L50, M|\n|poke|p2|Pelipper, L50, F|\n|poke|p2|Basculegion, L50, M|\n|poke|p2|Rotom-Heat, L50|\n|poke|p2|Sneasler, L50, F|\n|poke|p2|Archaludon, L50, M|\n|teampreview|4\n|j| thebeast4895\n|\n|t:|1776277038\n|teamsize|p1|4\n|teamsize|p2|4\n|start\n|switch|p1a: Tyranitar|Tyranitar, L50, F, shiny|100/100\n|switch|p1b: Sneasler|Sneasler, L50, M, shiny|100/100\n|switch|p2a: Dragonite|Dragonite, L50, M|100/100\n|switch|p2b: Basculegion|Basculegion, L50, M|100/100\n|-weather|Sandstorm|[from] ability: Sand Stream|[of] p1a: Tyranitar\n|turn|1\n|c| thebeast4895|oh you better win this\n|c|\u2606etrdyfyiu|ik its rain\n|c|\u2606etrdyfyiu|oh god the delema\n|c|\u2606etrdyfyiu|beast how common is inner focus drag\n|c|\u2606etrdyfyiu|in your opinion\n|c| thebeast4895|ehh\n|c| thebeast4895|semi\n|c| thebeast4895|not crazy\n|c|\u2606etrdyfyiu|theres no way he sends it out without using inner\n|inactive|Battle timer is ON: inactive players will automatically lose when time's up. (requested by Bigred46)\n|c| thebeast4895|well yeah i mean he proably\n|c| thebeast4895|gonna flip turn into rain\n|c| thebeast4895|and then hurricane\n|c| thebeast4895|you\n|\n|t:|1776277157\n|switch|p2a: Pelipper|Pelipper, L50, F|100/100\n|-weather|RainDance|[from] ability: Drizzle|[of] p2a: Pelipper\n|move|p1a: Tyranitar|Protect|p1a: Tyranitar\n|-singleturn|p1a: Tyranitar|Protect\n|move|p2b: Basculegion|Flip Turn|p1b: Sneasler\n|-damage|p1b: Sneasler|16/100\n|\n|t:|1776277167\n|switch|p2b: Dragonite|Dragonite, L50, M|100/100|[from] Flip Turn\n|move|p1b: Sneasler|Dire Claw|p2a: Pelipper\n|-damage|p2a: Pelipper|44/100\n|\n|-weather|RainDance|[upkeep]\n|upkeep\n|turn|2\n|c|\u2606etrdyfyiu|partially right\n|c| thebeast4895|welp he saw what I said\n|c|\u2606etrdyfyiu|yeah\n|inactive|etrdyfyiu has 30 seconds left.\n|inactive|Bigred46 has 30 seconds left.\n|c|\u2606etrdyfyiu|probably shoulda pm'd that one\n|c| thebeast4895|so he changed the orger\n|inactive|etrdyfyiu has 20 seconds left.\n|inactive|etrdyfyiu has 15 seconds left.\n|inactive|etrdyfyiu has 10 seconds left.\n|inactive|etrdyfyiu has 5 seconds left.\n|c| thebeast4895|i feel thats being unfair to him\n|\n|t:|1776277220\n|switch|p1b: Sinistcha|Sinistcha, L50|100/100\n|detailschange|p2b: Dragonite|Dragonite-Mega, L50, M\n|-mega|p2b: Dragonite|Dragonite|Dragoninite\n|detailschange|p1a: Tyranitar|Tyranitar-Mega, L50, F, shiny\n|-mega|p1a: Tyranitar|Tyranitar|Tyranitarite\n|-weather|Sandstorm|[from] ability: Sand Stream|[of] p1a: Tyranitar\n|move|p2b: Dragonite|Extreme Speed|p1b: Sinistcha\n|-immune|p1b: Sinistcha\n|move|p2a: Pelipper|Tailwind|p2a: Pelipper\n|-sidestart|p2: Bigred46|move: Tailwind\n|move|p1a: Tyranitar|Rock Slide|p2b: Dragonite|[spread] p2a,p2b\n|-supereffective|p2a: Pelipper|1\n|-supereffective|p2b: Dragonite|1\n|-damage|p2a: Pelipper|0 fnt\n|-damage|p2b: Dragonite|64/100\n|faint|p2a: Pelipper\n|\n|-weather|Sandstorm|[upkeep]\n|-damage|p2b: Dragonite|58/100|[from] Sandstorm\n|-damage|p1b: Sinistcha|94/100|[from] Sandstorm\n|upkeep\n|c|\u2606etrdyfyiu|true\n|\n|t:|1776277243\n|switch|p2a: Basculegion|Basculegion, L50, M|100/100\n|turn|3\n|c| thebeast4895|a physcial d nite is def inner focus\n|\n|t:|1776277268\n|move|p1b: Sinistcha|Protect|p1b: Sinistcha\n|-singleturn|p1b: Sinistcha|Protect\n|move|p2b: Dragonite|Hurricane|p1b: Sinistcha\n|-activate|p1b: Sinistcha|move: Protect\n|move|p2a: Basculegion|Wave Crash|p1a: Tyranitar\n|-supereffective|p1a: Tyranitar|1\n|-damage|p1a: Tyranitar|21/100\n|-damage|p2a: Basculegion|73/100|[from] Recoil\n|move|p1a: Tyranitar|Knock Off|p2a: Basculegion\n|-supereffective|p2a: Basculegion|1\n|-damage|p2a: Basculegion|0 fnt\n|-enditem|p2a: Basculegion|Mystic Water|[from] move: Knock Off|[of] p1a: Tyranitar\n|faint|p2a: Basculegion\n|\n|-weather|Sandstorm|[upkeep]\n|-damage|p2b: Dragonite|52/100|[from] Sandstorm\n|-damage|p1b: Sinistcha|88/100|[from] Sandstorm\n|upkeep\n|c| thebeast4895|you know people said giving it airelate woulda been goated I kinda agree\n|c| thebeast4895|see like I said t tar lives that shit\n|c| thebeast4895|its bulky\n|\n|t:|1776277286\n|switch|p2a: Rotom|Rotom-Heat, L50|100/100\n|turn|4\n|c|\u2606etrdyfyiu|it defo shouldve gotten airilite\n|c| thebeast4895|and that was mystic water\n|c| thebeast4895|would have been insane with extreme speed\n|inactive|etrdyfyiu has 30 seconds left.\n|c|\u2606etrdyfyiu|fr\n|inactive|etrdyfyiu has 20 seconds left.\n|inactive|etrdyfyiu has 15 seconds left.\n|inactive|etrdyfyiu has 10 seconds left.\n|\n|t:|1776277331\n|switch|p1b: Arcanine|Arcanine, L50, M, shiny|100/100\n|-ability|p1b: Arcanine|Intimidate|boost\n|-unboost|p2a: Rotom|atk|1\n|-unboost|p2b: Dragonite|atk|1\n|move|p1a: Tyranitar|Protect|p1a: Tyranitar\n|-singleturn|p1a: Tyranitar|Protect\n|move|p2a: Rotom|Thunderbolt|p1a: Tyranitar\n|-activate|p1a: Tyranitar|move: Protect\n|move|p2b: Dragonite|Hurricane|p1b: Arcanine|[miss]\n|-miss|p2b: Dragonite|p1b: Arcanine\n|\n|-weather|Sandstorm|[upkeep]\n|-damage|p2a: Rotom|95/100|[from] Sandstorm\n|-damage|p2b: Dragonite|46/100|[from] Sandstorm\n|-damage|p1b: Arcanine|95/100|[from] Sandstorm\n|upkeep\n|turn|5\n|inactive|etrdyfyiu has 30 seconds left.\n|c| thebeast4895|its mixed...\n|c| thebeast4895|intresting\n|inactive|etrdyfyiu has 20 seconds left.\n|\n|t:|1776277369\n|switch|p1a: Sneasler|Sneasler, L50, M, shiny|16/100\n|move|p1b: Arcanine|Extreme Speed|p2b: Dragonite\n|-damage|p2b: Dragonite|18/100\n|move|p2a: Rotom|Thunderbolt|p1b: Arcanine\n|-damage|p1b: Arcanine|44/100\n|move|p2b: Dragonite|Hurricane|p1a: Sneasler\n|-supereffective|p1a: Sneasler|1\n|-damage|p1a: Sneasler|0 fnt\n|faint|p1a: Sneasler\n|\n|-weather|Sandstorm|[upkeep]\n|-damage|p2a: Rotom|89/100|[from] Sandstorm\n|-damage|p2b: Dragonite|12/100|[from] Sandstorm\n|-damage|p1b: Arcanine|39/100|[from] Sandstorm\n|-sideend|p2: Bigred46|move: Tailwind\n|upkeep\n|c| thebeast4895|like Id get it if he had other megas\n|c| thebeast4895|but like what\n|c| thebeast4895|lowkey which would be better incin or arcanine\n|\n|t:|1776277386\n|switch|p1a: Sinistcha|Sinistcha, L50|88/100\n|-heal|p1b: Arcanine|63/100|[from] ability: Hospitality|[of] p1a: Sinistcha\n|turn|6\n|c| thebeast4895|im still torn on it\n|c|\u2606etrdyfyiu|I actually like arcanine\n|c| thebeast4895|im thinking arcanine\n|c| thebeast4895|yeah that espeed\n|c| thebeast4895|and wilo wisp be goated\n|c|\u2606etrdyfyiu|he outputs an extra amount +espeed is neat\n|inactive|etrdyfyiu has 30 seconds left.\n|inactive|etrdyfyiu has 20 seconds left.\n|c|\u2606etrdyfyiu|yeah will'o'wisp has saved my ah so many times\n|inactive|etrdyfyiu has 15 seconds left.\n|\n|t:|1776277431\n|move|p2b: Dragonite|Protect|p2b: Dragonite\n|-singleturn|p2b: Dragonite|Protect\n|move|p1a: Sinistcha|Protect|p1a: Sinistcha\n|-singleturn|p1a: Sinistcha|Protect\n|move|p1b: Arcanine|Extreme Speed|p2b: Dragonite\n|-activate|p2b: Dragonite|move: Protect\n|move|p2a: Rotom|Thunderbolt|p1b: Arcanine\n|-damage|p1b: Arcanine|9/100\n|\n|-weather|none\n|upkeep\n|turn|7\n|inactive|etrdyfyiu has 30 seconds left.\n|\n|t:|1776277456\n|move|p1b: Arcanine|Extreme Speed|p2b: Dragonite\n|-damage|p2b: Dragonite|0 fnt\n|faint|p2b: Dragonite\n|move|p2a: Rotom|Thunderbolt|p1b: Arcanine\n|-damage|p1b: Arcanine|0 fnt\n|faint|p1b: Arcanine\n|move|p1a: Sinistcha|Trick Room|p1a: Sinistcha\n|-fieldstart|move: Trick Room|[of] p1a: Sinistcha\n|\n|upkeep\n|\n|t:|1776277464\n|switch|p1b: Tyranitar|Tyranitar-Mega, L50, F, shiny|21/100\n|-weather|Sandstorm|[from] ability: Sand Stream|[of] p1b: Tyranitar\n|turn|8\n|\n|t:|1776277474\n|move|p1a: Sinistcha|Rage Powder|p1a: Sinistcha\n|-singleturn|p1a: Sinistcha|move: Rage Powder\n|move|p1b: Tyranitar|Rock Slide|p2a: Rotom\n|-supereffective|p2a: Rotom|1\n|-damage|p2a: Rotom|0 fnt\n|faint|p2a: Rotom\n|\n|win|etrdyfyiu\n|raw|etrdyfyiu's rating: 1217 &rarr; <strong>1243</strong><br />(+26 for winning)\n|raw|Bigred46's rating: 1234 &rarr; <strong>1208</strong><br />(-26 for losing)\n",
  "uploadtime": 1776277482,
  "views": 26,
  "formatid": "gen9championsvgc2026regma",
  "rating": 1208,
  "private": 0,
  "password": null
}