{
  "id": "gen9championsvgc2026regma-2585753625",
  "format": "[Gen 9 Champions] VGC 2026 Reg M-A",
  "players": [
    "HokoriDustDrinker",
    "CrookedCoral"
  ],
  "log": "|j|\u2606HokoriDustDrinker\n|j|\u2606CrookedCoral\n|t:|1776368232\n|gametype|doubles\n|player|p1|HokoriDustDrinker|tucker-gen3|1088\n|player|p2|CrookedCoral|flannery|1046\n|gen|9\n|tier|[Gen 9 Champions] VGC 2026 Reg M-A\n|rated|\n|rule|Species Clause: Limit one of each Pok\u00e9mon\n|rule|Item Clause: Limit 1 of each item\n|clearpoke\n|poke|p1|Talonflame, L50, F|\n|poke|p1|Incineroar, L50, F|\n|poke|p1|Froslass, L50, F|\n|poke|p1|Whimsicott, L50, F|\n|poke|p1|Milotic, L50, F|\n|poke|p1|Basculegion, L50, M|\n|poke|p2|Golurk, L50|\n|poke|p2|Orthworm, L50, M|\n|poke|p2|Azumarill, L50, F|\n|poke|p2|Maushold-Four, L50|\n|poke|p2|Hatterene, L50, F|\n|poke|p2|Kingambit, L50, F|\n|teampreview|4\n|\n|t:|1776368280\n|teamsize|p1|4\n|teamsize|p2|4\n|start\n|switch|p1a: Chirp|Talonflame, L50, F|100/100\n|switch|p1b: Air Dancer|Froslass, L50, F|100/100\n|switch|p2a: Hatterene|Hatterene, L50, F|100/100\n|switch|p2b: Azumarill|Azumarill, L50, F|100/100\n|turn|1\n|\n|t:|1776368308\n|switch|p2b: Kingambit|Kingambit, L50, F|100/100\n|detailschange|p1b: Air Dancer|Froslass-Mega, L50, F\n|-mega|p1b: Air Dancer|Froslass|Froslassite\n|-weather|Snowscape|[from] ability: Snow Warning|[of] p1b: Air Dancer\n|move|p1a: Chirp|Dual Wingbeat|p2a: Hatterene\n|-damage|p2a: Hatterene|79/100\n|-damage|p2a: Hatterene|57/100\n|-hitcount|p2a: Hatterene|2\n|move|p1b: Air Dancer|Shadow Ball|p2a: Hatterene\n|-supereffective|p2a: Hatterene|1\n|-damage|p2a: Hatterene|0 fnt\n|faint|p2a: Hatterene\n|\n|-weather|Snowscape|[upkeep]\n|upkeep\n|\n|t:|1776368325\n|switch|p2a: Azumarill|Azumarill, L50, F|100/100\n|turn|2\n|\n|t:|1776368335\n|move|p1a: Chirp|Upper Hand|p2b: Kingambit\n|-supereffective|p2b: Kingambit|2\n|-enditem|p2b: Kingambit|Chople Berry|[eat]\n|-enditem|p2b: Kingambit|Chople Berry|[weaken]\n|-damage|p2b: Kingambit|74/100\n|cant|p2b: Kingambit|flinch\n|move|p1b: Air Dancer|Thunderbolt|p2a: Azumarill\n|-supereffective|p2a: Azumarill|1\n|-damage|p2a: Azumarill|37/100\n|move|p2a: Azumarill|Liquidation|p1a: Chirp\n|-supereffective|p1a: Chirp|1\n|-damage|p1a: Chirp|14/100\n|\n|-weather|Snowscape|[upkeep]\n|-heal|p2a: Azumarill|43/100|[from] item: Leftovers\n|upkeep\n|turn|3\n|\n|t:|1776368351\n|move|p1a: Chirp|Upper Hand|p2a: Azumarill\n|-resisted|p2a: Azumarill|1\n|-damage|p2a: Azumarill|34/100\n|move|p2b: Kingambit|Sucker Punch|p1b: Air Dancer\n|-supereffective|p1b: Air Dancer|1\n|-damage|p1b: Air Dancer|12/100\n|cant|p2a: Azumarill|flinch\n|move|p1b: Air Dancer|Blizzard|p2b: Kingambit|[spread] p2a,p2b\n|-resisted|p2a: Azumarill|1\n|-resisted|p2b: Kingambit|1\n|-damage|p2a: Azumarill|23/100\n|-damage|p2b: Kingambit|53/100\n|\n|-weather|Snowscape|[upkeep]\n|-heal|p2a: Azumarill|29/100|[from] item: Leftovers\n|upkeep\n|turn|4\n|\n|t:|1776368383\n|move|p2b: Kingambit|Protect|p2b: Kingambit\n|-singleturn|p2b: Kingambit|Protect\n|move|p1a: Chirp|Upper Hand||[still]\n|-fail|p1a: Chirp\n|move|p2a: Azumarill|Aqua Jet|p1b: Air Dancer\n|-damage|p1b: Air Dancer|0 fnt\n|faint|p1b: Air Dancer\n|\n|-weather|Snowscape|[upkeep]\n|-heal|p2a: Azumarill|34/100|[from] item: Leftovers\n|upkeep\n|\n|t:|1776368393\n|switch|p1b: Road of Kings|Basculegion, L50, M|100/100\n|turn|5\n|\n|t:|1776368408\n|move|p1a: Chirp|Upper Hand|p2b: Kingambit\n|-supereffective|p2b: Kingambit|2\n|-damage|p2b: Kingambit|0 fnt\n|faint|p2b: Kingambit\n|move|p2a: Azumarill|Aqua Jet|p1a: Chirp\n|-supereffective|p1a: Chirp|1\n|-damage|p1a: Chirp|0 fnt\n|faint|p1a: Chirp\n|move|p1b: Road of Kings|Last Respects|p2a: Azumarill\n|-damage|p2a: Azumarill|0 fnt\n|faint|p2a: Azumarill\n|\n|-weather|none\n|upkeep\n|-message|CrookedCoral forfeited.\n|\n|win|HokoriDustDrinker\n|raw|HokoriDustDrinker's rating: 1088 &rarr; <strong>1112</strong><br />(+24 for winning)\n|raw|CrookedCoral's rating: 1046 &rarr; <strong>1031</strong><br />(-15 for losing)\n|l|\u2606CrookedCoral\n|player|p2|\n",
  "uploadtime": 1776368417,
  "views": 34,
  "formatid": "gen9championsvgc2026regma",
  "rating": 1031,
  "private": 0,
  "password": null
}