{
  "id": "gen9championsvgc2026regma-2588135704",
  "format": "[Gen 9 Champions] VGC 2026 Reg M-A",
  "players": [
    "lau334",
    "kaykeshadow19"
  ],
  "log": "|j|\u2606lau334\n|j|\u2606kaykeshadow19\n|t:|1776607979\n|gametype|doubles\n|player|p1|lau334|266|1073\n|player|p2|kaykeshadow19|giovanni|1108\n|gen|9\n|tier|[Gen 9 Champions] VGC 2026 Reg M-A\n|rated|\n|rule|Species Clause: Limit one of each Pok\u00e9mon\n|rule|Item Clause: Limit 1 of each item\n|clearpoke\n|poke|p1|Pelipper, L50, F|\n|poke|p1|Archaludon, L50, M|\n|poke|p1|Basculegion, L50, M|\n|poke|p1|Dragonite, L50, M|\n|poke|p1|Incineroar, L50, M|\n|poke|p1|Sinistcha-Masterpiece, L50|\n|poke|p2|Charizard, L50, F, shiny|\n|poke|p2|Garchomp, L50, F|\n|poke|p2|Venusaur, L50, M|\n|poke|p2|Talonflame, L50, M|\n|poke|p2|Volcarona, L50, F|\n|poke|p2|Sinistcha, L50|\n|teampreview|4\n|inactive|Battle timer is ON: inactive players will automatically lose when time's up. (requested by lau334)\n|inactive|kaykeshadow19 has 60 seconds left.\n|\n|t:|1776608012\n|teamsize|p1|4\n|teamsize|p2|4\n|start\n|switch|p1a: Pelipper|Pelipper, L50, F|100/100\n|switch|p1b: Incineroar|Incineroar, L50, M|100/100\n|switch|p2a: Charizard|Charizard, L50, F, shiny|100/100\n|switch|p2b: Talonflame|Talonflame, L50, M|100/100\n|-weather|RainDance|[from] ability: Drizzle|[of] p1a: Pelipper\n|-ability|p1b: Incineroar|Intimidate|boost\n|-unboost|p2a: Charizard|atk|1\n|-unboost|p2b: Talonflame|atk|1\n|turn|1\n|\n|t:|1776608034\n|switch|p1a: Dragonite|Dragonite, L50, M|100/100\n|detailschange|p2a: Charizard|Charizard-Mega-Y, L50, F, shiny\n|-mega|p2a: Charizard|Charizard|Charizardite Y\n|-weather|SunnyDay|[from] ability: Drought|[of] p2a: Charizard\n|move|p2a: Charizard|Protect|p2a: Charizard\n|-singleturn|p2a: Charizard|Protect\n|move|p2b: Talonflame|Tailwind|p2b: Talonflame\n|-sidestart|p2: kaykeshadow19|move: Tailwind\n|move|p1b: Incineroar|Parting Shot|p2a: Charizard\n|-activate|p2a: Charizard|move: Protect\n|\n|-weather|SunnyDay|[upkeep]\n|upkeep\n|turn|2\n|\n|t:|1776608058\n|move|p1a: Dragonite|Protect|p1a: Dragonite\n|-singleturn|p1a: Dragonite|Protect\n|move|p2b: Talonflame|U-turn|p1a: Dragonite\n|-activate|p1a: Dragonite|move: Protect\n|move|p2a: Charizard|Solar Beam||[still]\n|-prepare|p2a: Charizard|Solar Beam\n|-anim|p2a: Charizard|Solar Beam|p1b: Incineroar\n|-resisted|p1b: Incineroar|1\n|-damage|p1b: Incineroar|85/100\n|move|p1b: Incineroar|Parting Shot|p2a: Charizard\n|-unboost|p2a: Charizard|atk|1\n|-unboost|p2a: Charizard|spa|1\n|\n|t:|1776608071\n|switch|p1b: Pelipper|Pelipper, L50, F|100/100|[from] Parting Shot\n|-weather|RainDance|[from] ability: Drizzle|[of] p1b: Pelipper\n|\n|-weather|RainDance|[upkeep]\n|upkeep\n|turn|3\n|\n|t:|1776608088\n|switch|p2a: Sinistcha|Sinistcha, L50|100/100\n|detailschange|p1a: Dragonite|Dragonite-Mega, L50, M\n|-mega|p1a: Dragonite|Dragonite|Dragoninite\n|move|p2b: Talonflame|U-turn|p1b: Pelipper\n|-resisted|p1b: Pelipper|1\n|-crit|p1b: Pelipper\n|-damage|p1b: Pelipper|90/100\n|\n|t:|1776608100\n|switch|p2b: Charizard|Charizard-Mega-Y, L50, F, shiny|100/100|[from] U-turn\n|-weather|SunnyDay|[from] ability: Drought|[of] p2b: Charizard\n|move|p1a: Dragonite|Thunder|p2b: Charizard|[miss]\n|-miss|p1a: Dragonite|p2b: Charizard\n|move|p1b: Pelipper|Tailwind|p1b: Pelipper\n|-sidestart|p1: lau334|move: Tailwind\n|\n|-weather|SunnyDay|[upkeep]\n|upkeep\n|turn|4\n|inactive|lau334 has 30 seconds left.\n|\n|t:|1776608133\n|switch|p1a: Sinistcha|Sinistcha-Masterpiece, L50|100/100\n|-heal|p1b: Pelipper|100/100|[from] ability: Hospitality|[of] p1a: Sinistcha\n|move|p2a: Sinistcha|Rage Powder|p2a: Sinistcha\n|-singleturn|p2a: Sinistcha|move: Rage Powder\n|move|p2b: Charizard|Heat Wave|p1b: Pelipper|[spread] p1a,p1b\n|-supereffective|p1a: Sinistcha|1\n|-resisted|p1b: Pelipper|1\n|-damage|p1a: Sinistcha|0 fnt\n|-damage|p1b: Pelipper|56/100\n|faint|p1a: Sinistcha\n|move|p1b: Pelipper|Weather Ball|p2a: Sinistcha\n|-supereffective|p2a: Sinistcha|1\n|-damage|p2a: Sinistcha|17/100\n|\n|-weather|SunnyDay|[upkeep]\n|-heal|p2a: Sinistcha|24/100|[from] item: Leftovers\n|-sideend|p2: kaykeshadow19|move: Tailwind\n|upkeep\n|\n|t:|1776608151\n|switch|p1a: Incineroar|Incineroar, L50, M|85/100\n|-ability|p1a: Incineroar|Intimidate|boost\n|-unboost|p2a: Sinistcha|atk|1\n|-unboost|p2b: Charizard|atk|1\n|turn|5\n|\n|t:|1776608168\n|move|p2b: Charizard|Protect|p2b: Charizard\n|-singleturn|p2b: Charizard|Protect\n|move|p2a: Sinistcha|Protect|p2a: Sinistcha\n|-singleturn|p2a: Sinistcha|Protect\n|move|p1a: Incineroar|Fake Out|p2b: Charizard\n|-activate|p2b: Charizard|move: Protect\n|move|p1b: Pelipper|Weather Ball|p2a: Sinistcha\n|-activate|p2a: Sinistcha|move: Protect\n|\n|-weather|SunnyDay|[upkeep]\n|-heal|p2a: Sinistcha|30/100|[from] item: Leftovers\n|upkeep\n|turn|6\n|\n|t:|1776608191\n|switch|p1b: Dragonite|Dragonite-Mega, L50, M|100/100\n|switch|p2a: Talonflame|Talonflame, L50, M|100/100\n|move|p2b: Charizard|Weather Ball|p1b: Dragonite\n|-resisted|p1b: Dragonite|1\n|-damage|p1b: Dragonite|83/100\n|move|p1a: Incineroar|Parting Shot|p2b: Charizard\n|-unboost|p2b: Charizard|atk|1\n|-unboost|p2b: Charizard|spa|1\n|\n|t:|1776608203\n|switch|p1a: Pelipper|Pelipper, L50, F|56/100|[from] Parting Shot\n|-weather|RainDance|[from] ability: Drizzle|[of] p1a: Pelipper\n|\n|-weather|RainDance|[upkeep]\n|-sideend|p1: lau334|move: Tailwind\n|upkeep\n|turn|7\n|inactive|lau334 has 30 seconds left.\n|\n|t:|1776608232\n|switch|p1a: Incineroar|Incineroar, L50, M|85/100\n|-ability|p1a: Incineroar|Intimidate|boost\n|-unboost|p2a: Talonflame|atk|1\n|-unboost|p2b: Charizard|atk|1\n|move|p2b: Charizard|Protect|p2b: Charizard\n|-singleturn|p2b: Charizard|Protect\n|move|p2a: Talonflame|Tailwind|p2a: Talonflame\n|-sidestart|p2: kaykeshadow19|move: Tailwind\n|move|p1b: Dragonite|Thunder|p2b: Charizard\n|-activate|p2b: Charizard|move: Protect\n|\n|-weather|RainDance|[upkeep]\n|upkeep\n|turn|8\n|inactive|kaykeshadow19 has 30 seconds left.\n|\n|t:|1776608261\n|move|p2a: Talonflame|U-turn|p1a: Incineroar\n|-damage|p1a: Incineroar|73/100\n|\n|t:|1776608271\n|switch|p2a: Garchomp|Garchomp, L50, F|100/100|[from] U-turn\n|move|p2b: Charizard|Weather Ball|p1a: Incineroar\n|-supereffective|p1a: Incineroar|1\n|-damage|p1a: Incineroar|17/100\n|move|p1b: Dragonite|Dragon Pulse|p2a: Garchomp\n|-supereffective|p2a: Garchomp|1\n|-damage|p2a: Garchomp|0 fnt\n|faint|p2a: Garchomp\n|move|p1a: Incineroar|Parting Shot|p2b: Charizard\n|-unboost|p2b: Charizard|atk|1\n|-unboost|p2b: Charizard|spa|1\n|\n|t:|1776608285\n|switch|p1a: Pelipper|Pelipper, L50, F|56/100|[from] Parting Shot\n|\n|-weather|RainDance|[upkeep]\n|upkeep\n|\n|t:|1776608292\n|switch|p2a: Talonflame|Talonflame, L50, M|100/100\n|turn|9\n|\n|t:|1776608310\n|move|p2b: Charizard|Protect|p2b: Charizard\n|-singleturn|p2b: Charizard|Protect\n|move|p2a: Talonflame|Acrobatics|p1b: Dragonite\n|-damage|p1b: Dragonite|51/100\n|move|p1b: Dragonite|Thunder|p2a: Talonflame\n|-supereffective|p2a: Talonflame|1\n|-damage|p2a: Talonflame|0 fnt\n|faint|p2a: Talonflame\n|move|p1a: Pelipper|Weather Ball|p2b: Charizard\n|-activate|p2b: Charizard|move: Protect\n|\n|-weather|RainDance|[upkeep]\n|upkeep\n|\n|t:|1776608318\n|switch|p2a: Sinistcha|Sinistcha, L50|30/100\n|turn|10\n|\n|t:|1776608331\n|move|p2b: Charizard|Solar Beam||[still]\n|-prepare|p2b: Charizard|Solar Beam\n|move|p2a: Sinistcha|Matcha Gotcha|p1a: Pelipper|[spread] p1a,p1b\n|-resisted|p1b: Dragonite|2\n|-damage|p1a: Pelipper|22/100\n|-heal|p2a: Sinistcha|46/100|[from] drain|[of] p1a: Pelipper\n|-damage|p1b: Dragonite|46/100\n|-heal|p2a: Sinistcha|49/100|[from] drain|[of] p1b: Dragonite\n|move|p1b: Dragonite|Thunder|p2b: Charizard\n|-supereffective|p2b: Charizard|1\n|-damage|p2b: Charizard|9/100\n|-status|p2b: Charizard|par\n|move|p1a: Pelipper|Hurricane|p2a: Sinistcha\n|-supereffective|p2a: Sinistcha|1\n|-damage|p2a: Sinistcha|0 fnt\n|faint|p2a: Sinistcha\n|\n|-weather|none\n|-sideend|p2: kaykeshadow19|move: Tailwind\n|upkeep\n|turn|11\n|-message|kaykeshadow19 forfeited.\n|\n|win|lau334\n|raw|lau334's rating: 1073 &rarr; <strong>1105</strong><br />(+32 for winning)\n|raw|kaykeshadow19's rating: 1108 &rarr; <strong>1080</strong><br />(-28 for losing)\n|l|\u2606kaykeshadow19\n|player|p2|\n",
  "uploadtime": 1776608354,
  "views": 8,
  "formatid": "gen9championsvgc2026regma",
  "rating": 1080,
  "private": 0,
  "password": null
}