{
  "id": "gen9championsvgc2026regma-2580402877",
  "format": "[Gen 9 Champions] VGC 2026 Reg M-A",
  "players": [
    "Quacklimore",
    "sdfgg"
  ],
  "log": "|j|\u2606Quacklimore\n|j|\u2606sdfgg\n|t:|1775891169\n|gametype|doubles\n|player|p1|Quacklimore|169|1029\n|player|p2|sdfgg|cynthia-gen4|1000\n|gen|9\n|tier|[Gen 9 Champions] VGC 2026 Reg M-A\n|rated|\n|rule|Species Clause: Limit one of each Pok\u00e9mon\n|rule|Item Clause: Limit 1 of each item\n|clearpoke\n|poke|p1|Meganium, L50, F|\n|poke|p1|Rampardos, L50, F|\n|poke|p1|Tyranitar, L50, F|\n|poke|p1|Talonflame, L50, F|\n|poke|p1|Hatterene, L50, F|\n|poke|p1|Hydreigon, L50, F|\n|poke|p2|Lopunny, L50, M|\n|poke|p2|Whimsicott, L50, M|\n|poke|p2|Incineroar, L50, M|\n|poke|p2|Milotic, L50, M|\n|poke|p2|Kingambit, L50, F|\n|poke|p2|Aerodactyl, L50, M|\n|teampreview|4\n|l|\u2606Quacklimore\n|player|p1|\n|j|\u2606Quacklimore\n|player|p1|Quacklimore|169|\nsdfgg rejected open team sheets.\n|\n|t:|1775891227\n|teamsize|p1|4\n|teamsize|p2|4\n|start\n|switch|p1a: Hatterene|Hatterene, L50, F|100/100\n|switch|p1b: Rampardos|Rampardos, L50, F|100/100\n|switch|p2a: Lopunny|Lopunny, L50, M|100/100\n|switch|p2b: Whimsicott|Whimsicott, L50, M|100/100\n|turn|1\n|\n|t:|1775891256\n|detailschange|p2a: Lopunny|Lopunny-Mega, L50, M\n|-mega|p2a: Lopunny|Lopunny|Lopunnite\n|move|p1a: Hatterene|Protect|p1a: Hatterene\n|-singleturn|p1a: Hatterene|Protect\n|move|p2a: Lopunny|Fake Out|p1b: Rampardos\n|-resisted|p1b: Rampardos|1\n|-crit|p1b: Rampardos\n|-damage|p1b: Rampardos|80/100\n|move|p2b: Whimsicott|Poison Powder|p2a: Lopunny\n|-status|p2a: Lopunny|psn\n|cant|p1b: Rampardos|flinch\n|\n|-damage|p2a: Lopunny|89/100 psn|[from] psn\n|upkeep\n|turn|2\n|inactive|Battle timer is ON: inactive players will automatically lose when time's up. (requested by Quacklimore)\n|\n|t:|1775891284\n|move|p1b: Rampardos|Protect|p1b: Rampardos\n|-singleturn|p1b: Rampardos|Protect\n|move|p2b: Whimsicott|Tailwind|p2b: Whimsicott\n|-sidestart|p2: sdfgg|move: Tailwind\n|move|p2a: Lopunny|Close Combat|p1b: Rampardos\n|-activate|p1b: Rampardos|move: Protect\n|move|p1a: Hatterene|Trick Room|p1a: Hatterene\n|-fieldstart|move: Trick Room|[of] p1a: Hatterene\n|\n|-damage|p2a: Lopunny|77/100 psn|[from] psn\n|upkeep\n|turn|3\n|\n|t:|1775891298\n|switch|p2b: Incineroar|Incineroar, L50, M|100/100\n|-ability|p2b: Incineroar|Intimidate|boost\n|-unboost|p1a: Hatterene|atk|1\n|-unboost|p1b: Rampardos|atk|1\n|move|p2a: Lopunny|Protect|p2a: Lopunny\n|-singleturn|p2a: Lopunny|Protect\n|move|p1a: Hatterene|Dazzling Gleam|p2a: Lopunny|[spread] p2b\n|-activate|p2a: Lopunny|move: Protect\n|-damage|p2b: Incineroar|76/100\n|move|p1b: Rampardos|Rock Slide|p2a: Lopunny|[spread] p2b\n|-activate|p2a: Lopunny|move: Protect\n|-supereffective|p2b: Incineroar|1\n|-damage|p2b: Incineroar|12/100\n|-enditem|p2b: Incineroar|Sitrus Berry|[eat]\n|-heal|p2b: Incineroar|37/100|[from] item: Sitrus Berry\n|\n|-damage|p2a: Lopunny|65/100 psn|[from] psn\n|upkeep\n|turn|4\n|inactive|sdfgg has 30 seconds left.\n|inactive|sdfgg has 20 seconds left.\n|inactive|sdfgg has 15 seconds left.\n|\n|t:|1775891343\n|switch|p2a: Milotic|Milotic, L50, M|100/100\n|move|p2b: Incineroar|Fake Out|p1a: Hatterene\n|-damage|p1a: Hatterene|88/100\n|cant|p1a: Hatterene|flinch\n|move|p1b: Rampardos|Rock Slide|p2b: Incineroar|[spread] p2a,p2b\n|-supereffective|p2b: Incineroar|1\n|-damage|p2a: Milotic|66/100\n|-damage|p2b: Incineroar|0 fnt\n|faint|p2b: Incineroar\n|\n|-heal|p2a: Milotic|72/100|[from] item: Leftovers\n|upkeep\n|\n|t:|1775891359\n|switch|p2b: Lopunny|Lopunny-Mega, L50, M|65/100 psn\n|turn|5\n|\n|t:|1775891369\n|move|p1b: Rampardos|Protect|p1b: Rampardos\n|-singleturn|p1b: Rampardos|Protect\n|move|p2b: Lopunny|Fake Out|p1a: Hatterene\n|-damage|p1a: Hatterene|63/100\n|cant|p1a: Hatterene|flinch\n|move|p2a: Milotic|Life Dew|p2a: Milotic|[spread] p2a,p2b\n|-heal|p2a: Milotic|97/100\n|-heal|p2b: Lopunny|90/100 psn\n|\n|-heal|p2a: Milotic|100/100|[from] item: Leftovers\n|-damage|p2b: Lopunny|78/100 psn|[from] psn\n|-sideend|p2: sdfgg|move: Tailwind\n|upkeep\n|turn|6\n|inactive|Quacklimore has 30 seconds left.\n|\n|t:|1775891395\n|move|p2b: Lopunny|Protect|p2b: Lopunny\n|-singleturn|p2b: Lopunny|Protect\n|move|p1a: Hatterene|Psychic|p2a: Milotic\n|-crit|p2a: Milotic\n|-damage|p2a: Milotic|58/100\n|-unboost|p2a: Milotic|spd|1\n|-ability|p2a: Milotic|Competitive|boost\n|-boost|p2a: Milotic|spa|2\n|move|p1b: Rampardos|Head Smash|p2a: Milotic\n|-damage|p2a: Milotic|0 fnt\n|faint|p2a: Milotic\n|-damage|p1b: Rampardos|53/100|[from] Recoil\n|\n|-damage|p2b: Lopunny|66/100 psn|[from] psn\n|-fieldend|move: Trick Room\n|upkeep\n|\n|t:|1775891409\n|switch|p2a: Whimsicott|Whimsicott, L50, M|100/100\n|turn|7\n|\n|t:|1775891427\n|move|p2a: Whimsicott|Poison Powder|p1b: Rampardos\n|-status|p1b: Rampardos|psn\n|move|p2b: Lopunny|Facade|p1a: Hatterene\n|-damage|p1a: Hatterene|0 fnt\n|faint|p1a: Hatterene\n|move|p1b: Rampardos|Rock Slide|p2b: Lopunny|[spread] p2a,p2b\n|-resisted|p2b: Lopunny|1\n|-damage|p2a: Whimsicott|54/100\n|-damage|p2b: Lopunny|38/100 psn\n|\n|-damage|p2b: Lopunny|26/100 psn|[from] psn\n|-damage|p1b: Rampardos|41/100 psn|[from] psn\n|upkeep\n|\n|t:|1775891444\n|switch|p1a: Meganium|Meganium, L50, F|100/100\n|turn|8\n|inactive|sdfgg has 30 seconds left.\n|inactive|sdfgg has 20 seconds left.\n|\n|t:|1775891481\n|detailschange|p1a: Meganium|Meganium-Mega, L50, F\n|-mega|p1a: Meganium|Meganium|Meganiumite\n|move|p2a: Whimsicott|Worry Seed|p1a: Meganium\n|-ability|p1a: Meganium|Insomnia|Mega Sol|[from] move: Worry Seed\n|move|p2b: Lopunny|Facade|p1a: Meganium\n|-damage|p1a: Meganium|32/100\n|move|p1a: Meganium|Weather Ball|p2a: Whimsicott\n|-damage|p2a: Whimsicott|24/100\n|move|p1b: Rampardos|Rock Slide|p2b: Lopunny|[spread] p2b\n|-miss|p1b: Rampardos|p2a: Whimsicott\n|-resisted|p2b: Lopunny|1\n|-damage|p2b: Lopunny|0 fnt\n|faint|p2b: Lopunny\n|\n|-damage|p1b: Rampardos|28/100 psn|[from] psn\n|upkeep\n|turn|9\n|inactive|Quacklimore has 30 seconds left.\n|\n|t:|1775891513\n|move|p2a: Whimsicott|Poison Powder|p1a: Meganium\n|-immune|p1a: Meganium\n|move|p1a: Meganium|Earth Power|p2a: Whimsicott\n|-resisted|p2a: Whimsicott|1\n|-damage|p2a: Whimsicott|1/100\n|move|p1b: Rampardos|Fire Punch|p2a: Whimsicott\n|-supereffective|p2a: Whimsicott|1\n|-damage|p2a: Whimsicott|0 fnt\n|faint|p2a: Whimsicott\n|\n|win|Quacklimore\n|raw|Quacklimore's rating: 1029 &rarr; <strong>1062</strong><br />(+33 for winning)\n|raw|sdfgg's rating: 1000 &rarr; <strong>1000</strong><br />(+0 for losing)\n",
  "uploadtime": 1775891522,
  "views": 16,
  "formatid": "gen9championsvgc2026regma",
  "rating": 1000,
  "private": 0,
  "password": null
}