{
  "id": "gen9championsvgc2026regma-2587845045",
  "format": "[Gen 9 Champions] VGC 2026 Reg M-A",
  "players": [
    "smp on whimsicott",
    "NotAShortKid232323"
  ],
  "log": "|j|\u2606smp on whimsicott\n|j|\u2606NotAShortKid232323\n|t:|1776569937\n|gametype|doubles\n|player|p1|smp on whimsicott|artist-gen4|1443\n|player|p2|NotAShortKid232323|1|1410\n|gen|9\n|tier|[Gen 9 Champions] VGC 2026 Reg M-A\n|rated|\n|rule|Species Clause: Limit one of each Pok\u00e9mon\n|rule|Item Clause: Limit 1 of each item\n|clearpoke\n|poke|p1|Garchomp, L50, M|\n|poke|p1|Aerodactyl, L50, F|\n|poke|p1|Kingambit, L50, M|\n|poke|p1|Sneasler, L50, M|\n|poke|p1|Mimikyu, L50, M|\n|poke|p1|Charizard, L50, F|\n|poke|p2|Floette-Eternal, L50, F|\n|poke|p2|Excadrill, L50, M|\n|poke|p2|Rotom-Wash, L50|\n|poke|p2|Incineroar, L50, M|\n|poke|p2|Whimsicott, L50, M|\n|poke|p2|Farigiraf, L50, F|\n|teampreview|4\n|inactive|Battle timer is ON: inactive players will automatically lose when time's up. (requested by NotAShortKid232323)\n|inactive|smp on whimsicott has 60 seconds left.\n|\n|t:|1776569992\n|teamsize|p1|4\n|teamsize|p2|4\n|start\n|switch|p1a: Charizard|Charizard, L50, F|100/100\n|switch|p1b: Kingambit|Kingambit, L50, M|100/100\n|switch|p2a: Farigiraf|Farigiraf, L50, F|100/100\n|switch|p2b: Excadrill|Excadrill, L50, M|100/100\n|turn|1\n|inactive|smp on whimsicott has 30 seconds left.\n|inactive|smp on whimsicott has 20 seconds left.\n|\n|t:|1776570029\n|detailschange|p1a: Charizard|Charizard-Mega-Y, L50, F\n|-mega|p1a: Charizard|Charizard|Charizardite Y\n|-weather|SunnyDay|[from] ability: Drought|[of] p1a: Charizard\n|move|p2b: Excadrill|Rock Slide|p1a: Charizard|[spread] p1a,p1b\n|-supereffective|p1a: Charizard|2\n|-resisted|p1b: Kingambit|1\n|-damage|p1a: Charizard|14/100\n|-damage|p1b: Kingambit|94/100\n|move|p1a: Charizard|Heat Wave|p2b: Excadrill|[spread] p2b\n|-miss|p1a: Charizard|p2a: Farigiraf\n|-supereffective|p2b: Excadrill|1\n|-damage|p2b: Excadrill|0 fnt\n|faint|p2b: Excadrill\n|cant|p1b: Kingambit|flinch\n|move|p2a: Farigiraf|Hyper Voice|p1b: Kingambit|[spread] p1a,p1b\n|-resisted|p1b: Kingambit|1\n|-damage|p1a: Charizard|0 fnt\n|-damage|p1b: Kingambit|81/100\n|faint|p1a: Charizard\n|\n|-weather|SunnyDay|[upkeep]\n|upkeep\n|\n|t:|1776570050\n|switch|p1a: Sneasler|Sneasler, L50, M|100/100\n|switch|p2b: Floette|Floette-Eternal, L50, F|100/100\n|turn|2\n|\n|t:|1776570066\n|switch|p2a: Whimsicott|Whimsicott, L50, M|100/100\n|detailschange|p2b: Floette|Floette-Mega, L50, F\n|-mega|p2b: Floette|Floette|Floettite\n|-ability|p2b: Floette|Fairy Aura\n|move|p2b: Floette|Protect|p2b: Floette\n|-singleturn|p2b: Floette|Protect\n|move|p1a: Sneasler|Protect|p1a: Sneasler\n|-singleturn|p1a: Sneasler|Protect\n|move|p1b: Kingambit|Kowtow Cleave|p2a: Whimsicott\n|-resisted|p2a: Whimsicott|1\n|-damage|p2a: Whimsicott|65/100\n|\n|-weather|SunnyDay|[upkeep]\n|upkeep\n|turn|3\n|\n|t:|1776570091\n|switch|p1a: Mimikyu|Mimikyu, L50, M|100/100\n|move|p2a: Whimsicott|Encore||[still]\n|-fail|p2a: Whimsicott\n|move|p2b: Floette|Moonblast|p1b: Kingambit\n|-damage|p1b: Kingambit|12/100\n|move|p1b: Kingambit|Kowtow Cleave|p2a: Whimsicott\n|-resisted|p2a: Whimsicott|1\n|-damage|p2a: Whimsicott|32/100\n|\n|-weather|SunnyDay|[upkeep]\n|upkeep\n|turn|4\n|inactive|smp on whimsicott has 30 seconds left.\n|\n|t:|1776570118\n|move|p1b: Kingambit|Sucker Punch|p2b: Floette\n|-resisted|p2b: Floette|1\n|-damage|p2b: Floette|77/100\n|move|p2a: Whimsicott|Moonblast|p1a: Mimikyu\n|-activate|p1a: Mimikyu|ability: Disguise\n|-damage|p1a: Mimikyu|100/100\n|detailschange|p1a: Mimikyu|Mimikyu-Busted, L50, M\n|-damage|p1a: Mimikyu|88/100|[from] pokemon: Mimikyu-Busted\n|move|p2b: Floette|Dazzling Gleam|p1b: Kingambit|[spread] p1a,p1b\n|-damage|p1a: Mimikyu|42/100\n|-damage|p1b: Kingambit|0 fnt\n|faint|p1b: Kingambit\n|move|p1a: Mimikyu|Play Rough|p2b: Floette\n|-damage|p2b: Floette|0 fnt\n|faint|p2b: Floette\n|\n|-weather|SunnyDay|[upkeep]\n|upkeep\n|\n|t:|1776570133\n|switch|p2b: Farigiraf|Farigiraf, L50, F|100/100\n|switch|p1b: Sneasler|Sneasler, L50, M|100/100\n|turn|5\n|\n|t:|1776570146\n|move|p1b: Sneasler|Protect|p1b: Sneasler\n|-singleturn|p1b: Sneasler|Protect\n|move|p2a: Whimsicott|Moonblast|p1a: Mimikyu\n|-damage|p1a: Mimikyu|5/100\n|move|p1a: Mimikyu|Play Rough|p2a: Whimsicott\n|-damage|p2a: Whimsicott|0 fnt\n|faint|p2a: Whimsicott\n|move|p2b: Farigiraf|Hyper Voice|p1a: Mimikyu|[spread] \n|-activate|p1b: Sneasler|move: Protect\n|-immune|p1a: Mimikyu\n|\n|-weather|none\n|upkeep\n|turn|6\n|\n|t:|1776570159\n|move|p1b: Sneasler|Close Combat|p2b: Farigiraf\n|-damage|p2b: Farigiraf|40/100\n|-unboost|p1b: Sneasler|def|1\n|-unboost|p1b: Sneasler|spd|1\n|-enditem|p1b: Sneasler|White Herb\n|-clearnegativeboost|p1b: Sneasler|[silent]\n|move|p1a: Mimikyu|Play Rough|p2b: Farigiraf\n|-damage|p2b: Farigiraf|0 fnt\n|faint|p2b: Farigiraf\n|\n|win|smp on whimsicott\n|raw|smp on whimsicott's rating: 1443 &rarr; <strong>1461</strong><br />(+18 for winning)\n|raw|NotAShortKid232323's rating: 1410 &rarr; <strong>1392</strong><br />(-18 for losing)\n|l|\u2606NotAShortKid232323\n|player|p2|\n",
  "uploadtime": 1776570159,
  "views": 16,
  "formatid": "gen9championsvgc2026regma",
  "rating": 1392,
  "private": 0,
  "password": null
}