{
  "id": "gen9championsvgc2026regma-2582740620",
  "format": "[Gen 9 Champions] VGC 2026 Reg M-A",
  "players": [
    "NotAPerishTrapTeam",
    "ShedinjaGOATED"
  ],
  "log": "|j|\u2606NotAPerishTrapTeam\n|j|\u2606ShedinjaGOATED\n|t:|1776110848\n|gametype|doubles\n|player|p1|NotAPerishTrapTeam|101|1004\n|player|p2|ShedinjaGOATED|265|1000\n|gen|9\n|tier|[Gen 9 Champions] VGC 2026 Reg M-A\n|rated|\n|rule|Species Clause: Limit one of each Pok\u00e9mon\n|rule|Item Clause: Limit 1 of each item\n|clearpoke\n|poke|p1|Pelipper, L50, M|\n|poke|p1|Archaludon, L50, M|\n|poke|p1|Sinistcha, L50|\n|poke|p1|Incineroar, L50, M|\n|poke|p1|Starmie, L50|\n|poke|p1|Floette-Eternal, L50, F|\n|poke|p2|Gyarados, L50, F|\n|poke|p2|Sneasler, L50, F|\n|poke|p2|Tyranitar, L50, F|\n|poke|p2|Volcarona, L50, M|\n|poke|p2|Sinistcha, L50|\n|poke|p2|Scizor, L50, M|\n|teampreview|4\n|inactive|Battle timer is ON: inactive players will automatically lose when time's up. (requested by NotAPerishTrapTeam)\n|\n|t:|1776110876\n|teamsize|p1|4\n|teamsize|p2|4\n|start\n|switch|p1a: Pelipper|Pelipper, L50, M|100/100\n|switch|p1b: Archaludon|Archaludon, L50, M|100/100\n|switch|p2a: Scizor|Scizor, L50, M|100/100\n|switch|p2b: Gyarados|Gyarados, L50, F|100/100\n|-weather|RainDance|[from] ability: Drizzle|[of] p1a: Pelipper\n|-ability|p2b: Gyarados|Intimidate|boost\n|-unboost|p1a: Pelipper|atk|1\n|-unboost|p1b: Archaludon|atk|1\n|turn|1\n|\n|t:|1776110897\n|switch|p2a: Tyranitar|Tyranitar, L50, F|100/100\n|-weather|Sandstorm|[from] ability: Sand Stream|[of] p2a: Tyranitar\n|move|p1b: Archaludon|Electro Shot||[still]\n|-prepare|p1b: Archaludon|Electro Shot\n|-boost|p1b: Archaludon|spa|1\n|move|p1a: Pelipper|Tailwind|p1a: Pelipper\n|-sidestart|p1: NotAPerishTrapTeam|move: Tailwind\n|move|p2b: Gyarados|Taunt|p1a: Pelipper\n|-start|p1a: Pelipper|move: Taunt\n|\n|-weather|Sandstorm|[upkeep]\n|-damage|p1a: Pelipper|95/100|[from] Sandstorm\n|-damage|p2b: Gyarados|95/100|[from] Sandstorm\n|-heal|p2b: Gyarados|100/100|[from] item: Leftovers\n|upkeep\n|turn|2\n|inactive|NotAPerishTrapTeam has 30 seconds left.\n|inactive|ShedinjaGOATED has 30 seconds left.\n|inactive|NotAPerishTrapTeam has 20 seconds left.\n|inactive|NotAPerishTrapTeam has 15 seconds left.\n|\n|t:|1776110940\n|switch|p2b: Sinistcha|Sinistcha, L50|100/100\n|move|p2a: Tyranitar|Protect|p2a: Tyranitar\n|-singleturn|p2a: Tyranitar|Protect\n|move|p1b: Archaludon|Electro Shot|p2b: Sinistcha|[from] lockedmove\n|-resisted|p2b: Sinistcha|1\n|-damage|p2b: Sinistcha|62/100\n|move|p1a: Pelipper|Weather Ball|p2b: Sinistcha\n|-damage|p2b: Sinistcha|30/100\n|\n|-weather|Sandstorm|[upkeep]\n|-damage|p1a: Pelipper|89/100|[from] Sandstorm\n|-damage|p2b: Sinistcha|24/100|[from] Sandstorm\n|upkeep\n|turn|3\n|c|\u2606ShedinjaGOATED|Gay de mierda\n|c|\u2606ShedinjaGOATED|Me dijo simon\n|inactive|NotAPerishTrapTeam has 30 seconds left.\n|\n|t:|1776110972\n|move|p1b: Archaludon|Protect|p1b: Archaludon\n|-singleturn|p1b: Archaludon|Protect\n|move|p1a: Pelipper|Hurricane|p2b: Sinistcha\n|-supereffective|p2b: Sinistcha|1\n|-damage|p2b: Sinistcha|0 fnt\n|faint|p2b: Sinistcha\n|move|p2a: Tyranitar|Low Kick|p1b: Archaludon\n|-activate|p1b: Archaludon|move: Protect\n|\n|-weather|Sandstorm|[upkeep]\n|-damage|p1a: Pelipper|83/100|[from] Sandstorm\n|upkeep\n|\n|t:|1776110986\n|switch|p2b: Gyarados|Gyarados, L50, F|100/100\n|-ability|p2b: Gyarados|Intimidate|boost\n|-unboost|p1a: Pelipper|atk|1\n|-unboost|p1b: Archaludon|atk|1\n|turn|4\n|\n|t:|1776111005\n|move|p1b: Archaludon|Flash Cannon|p2a: Tyranitar\n|-supereffective|p2a: Tyranitar|1\n|-damage|p2a: Tyranitar|30/100\n|move|p1a: Pelipper|Weather Ball|p2b: Gyarados\n|-supereffective|p2b: Gyarados|1\n|-damage|p2b: Gyarados|54/100\n|move|p2b: Gyarados|Thunder Wave|p1b: Archaludon\n|-status|p1b: Archaludon|par\n|move|p2a: Tyranitar|Low Kick|p1b: Archaludon\n|-supereffective|p1b: Archaludon|1\n|-damage|p1b: Archaludon|54/100 par\n|\n|-weather|Sandstorm|[upkeep]\n|-damage|p1a: Pelipper|77/100|[from] Sandstorm\n|-damage|p2b: Gyarados|48/100|[from] Sandstorm\n|-heal|p2b: Gyarados|54/100|[from] item: Leftovers\n|-end|p1a: Pelipper|move: Taunt\n|-sideend|p1: NotAPerishTrapTeam|move: Tailwind\n|upkeep\n|turn|5\n|inactive|NotAPerishTrapTeam has 30 seconds left.\n|\n|t:|1776111038\n|move|p1a: Pelipper|Tailwind|p1a: Pelipper\n|-sidestart|p1: NotAPerishTrapTeam|move: Tailwind\n|cant|p1b: Archaludon|par\n|move|p2b: Gyarados|Taunt|p1a: Pelipper\n|-start|p1a: Pelipper|move: Taunt\n|move|p2a: Tyranitar|Rock Slide|p1a: Pelipper|[spread] p1a,p1b\n|-supereffective|p1a: Pelipper|1\n|-resisted|p1b: Archaludon|1\n|-damage|p1a: Pelipper|3/100\n|-damage|p1b: Archaludon|42/100 par\n|\n|-weather|none\n|-heal|p2b: Gyarados|60/100|[from] item: Leftovers\n|upkeep\n|turn|6\n|l|\u2606ShedinjaGOATED\n|inactive|ShedinjaGOATED disconnected and has a minute to reconnect!\n|player|p2|\n|inactive|ShedinjaGOATED has 30 seconds left.\n|inactive|ShedinjaGOATED has 20 seconds left.\n|inactive|ShedinjaGOATED has 15 seconds left.\n|inactive|ShedinjaGOATED has 10 seconds left.\n|inactive|ShedinjaGOATED has 5 seconds left.\n|-message|ShedinjaGOATED lost due to inactivity.\n|\n|win|NotAPerishTrapTeam\n",
  "uploadtime": 1776110945,
  "views": 13,
  "formatid": "gen9championsvgc2026regma",
  "rating": null,
  "private": 0,
  "password": null
}