{
  "id": "gen9championsvgc2026regma-2580813078",
  "format": "[Gen 9 Champions] VGC 2026 Reg M-A",
  "players": [
    "KermitFrogge",
    "Dodospa"
  ],
  "log": "|j|\u2606KermitFrogge\n|j|\u2606Dodospa\n|t:|1775934547\n|gametype|doubles\n|player|p1|KermitFrogge|unknown|1202\n|player|p2|Dodospa|101|1122\n|gen|9\n|tier|[Gen 9 Champions] VGC 2026 Reg M-A\n|rated|\n|rule|Species Clause: Limit one of each Pok\u00e9mon\n|rule|Item Clause: Limit 1 of each item\n|clearpoke\n|poke|p1|Tyranitar, L50, M|\n|poke|p1|Aerodactyl, L50, M|\n|poke|p1|Garchomp, L50, M|\n|poke|p1|Excadrill, L50, M|\n|poke|p1|Incineroar, L50, F|\n|poke|p1|Arcanine-Hisui, L50, F|\n|poke|p2|Starmie, L50|\n|poke|p2|Basculegion, L50, M|\n|poke|p2|Pelipper, L50, F|\n|poke|p2|Heliolisk, L50, F|\n|poke|p2|Hydrapple, L50, F|\n|poke|p2|Kingambit, L50, M|\n|teampreview|4\n|inactive|Battle timer is ON: inactive players will automatically lose when time's up. (requested by Dodospa)\nDodospa rejected open team sheets.\n|inactive|KermitFrogge has 60 seconds left.\n|\n|t:|1775934581\n|teamsize|p1|4\n|teamsize|p2|4\n|start\n|switch|p1a: you hate flinches|Aerodactyl, L50, M|100/100\n|switch|p1b: he hates flinches|Garchomp, L50, M|100/100\n|switch|p2a: Kingambit|Kingambit, L50, M|100/100\n|switch|p2b: Starmie|Starmie, L50|100/100\n|-ability|p1a: you hate flinches|Unnerve\n|turn|1\n|inactive|Dodospa has 30 seconds left.\n|\n|t:|1775934610\n|switch|p2a: Pelipper|Pelipper, L50, F|100/100\n|-weather|RainDance|[from] ability: Drizzle|[of] p2a: Pelipper\n|detailschange|p1a: you hate flinches|Aerodactyl-Mega, L50, M\n|-mega|p1a: you hate flinches|Aerodactyl|Aerodactylite\n|detailschange|p2b: Starmie|Starmie-Mega, L50\n|-mega|p2b: Starmie|Starmie|Starminite\n|move|p1b: he hates flinches|Protect|p1b: he hates flinches\n|-singleturn|p1b: he hates flinches|Protect\n|move|p1a: you hate flinches|Tailwind|p1a: you hate flinches\n|-sidestart|p1: KermitFrogge|move: Tailwind\n|move|p2b: Starmie|Flip Turn|p1a: you hate flinches\n|-supereffective|p1a: you hate flinches|1\n|-damage|p1a: you hate flinches|0 fnt\n|faint|p1a: you hate flinches\n|\n|t:|1775934628\n|switch|p2b: Kingambit|Kingambit, L50, M|100/100|[from] Flip Turn\n|\n|-weather|RainDance|[upkeep]\n|upkeep\n|\n|t:|1775934635\n|switch|p1a: i hate flinches|Tyranitar, L50, M|100/100\n|-weather|Sandstorm|[from] ability: Sand Stream|[of] p1a: i hate flinches\n|turn|2\n|\n|t:|1775934650\n|move|p1a: i hate flinches|Low Kick|p2b: Kingambit\n|-supereffective|p2b: Kingambit|2\n|-crit|p2b: Kingambit\n|-damage|p2b: Kingambit|0 fnt\n|faint|p2b: Kingambit\n|move|p1b: he hates flinches|Rock Slide|p2a: Pelipper\n|-supereffective|p2a: Pelipper|1\n|-damage|p2a: Pelipper|63/100\n|move|p2a: Pelipper|U-turn|p1a: i hate flinches\n|-supereffective|p1a: i hate flinches|1\n|-damage|p1a: i hate flinches|85/100\n|\n|t:|1775934663\n|switch|p2a: Starmie|Starmie-Mega, L50|100/100|[from] U-turn\n|\n|-weather|Sandstorm|[upkeep]\n|-damage|p2a: Starmie|95/100|[from] Sandstorm\n|upkeep\n|\n|t:|1775934673\n|switch|p2b: Pelipper|Pelipper, L50, F|63/100\n|-weather|RainDance|[from] ability: Drizzle|[of] p2b: Pelipper\n|turn|3\n|\n|t:|1775934694\n|switch|p1a: they hate flinches|Excadrill, L50, M|100/100\n|move|p1b: he hates flinches|Rock Slide|p2b: Pelipper|[spread] p2a,p2b\n|-crit|p2a: Starmie\n|-supereffective|p2b: Pelipper|1\n|-damage|p2a: Starmie|58/100\n|-damage|p2b: Pelipper|35/100\n|move|p2a: Starmie|Liquidation|p1a: they hate flinches\n|-supereffective|p1a: they hate flinches|1\n|-enditem|p1a: they hate flinches|Focus Sash\n|-damage|p1a: they hate flinches|1/100\n|move|p2b: Pelipper|Weather Ball|p1b: he hates flinches\n|-damage|p1b: he hates flinches|47/100\n|\n|-weather|RainDance|[upkeep]\n|upkeep\n|turn|4\n|\n|t:|1775934716\n|switch|p2a: Basculegion|Basculegion, L50, M|100/100\n|move|p1b: he hates flinches|Rock Slide|p2a: Basculegion|[spread] p2a,p2b\n|-supereffective|p2b: Pelipper|1\n|-damage|p2a: Basculegion|77/100\n|-damage|p2b: Pelipper|2/100\n|move|p1a: they hate flinches|Rock Slide|p2b: Pelipper|[spread] p2a,p2b\n|-crit|p2a: Basculegion\n|-supereffective|p2b: Pelipper|1\n|-damage|p2a: Basculegion|38/100\n|-damage|p2b: Pelipper|0 fnt\n|faint|p2b: Pelipper\n|\n|-weather|RainDance|[upkeep]\n|-sideend|p1: KermitFrogge|move: Tailwind\n|upkeep\n|\n|t:|1775934730\n|switch|p2b: Starmie|Starmie-Mega, L50|58/100\n|turn|5\n|\n|t:|1775934744\n|switch|p1a: i hate flinches|Tyranitar, L50, M|85/100\n|-weather|Sandstorm|[from] ability: Sand Stream|[of] p1a: i hate flinches\n|move|p2b: Starmie|Liquidation|p1a: i hate flinches\n|-supereffective|p1a: i hate flinches|1\n|-crit|p1a: i hate flinches\n|-damage|p1a: i hate flinches|0 fnt\n|faint|p1a: i hate flinches\n|move|p1b: he hates flinches|Rock Slide|p2a: Basculegion|[spread] p2a,p2b\n|-damage|p2a: Basculegion|15/100\n|-damage|p2b: Starmie|32/100\n|move|p2a: Basculegion|Last Respects|p1b: he hates flinches\n|-damage|p1b: he hates flinches|0 fnt\n|faint|p1b: he hates flinches\n|\n|-weather|Sandstorm|[upkeep]\n|-damage|p2b: Starmie|26/100|[from] Sandstorm\n|-damage|p2a: Basculegion|9/100|[from] Sandstorm\n|upkeep\n|\n|t:|1775934751\n|switch|p1b: they hate flinches|Excadrill, L50, M|1/100\n|turn|6\n|\n|t:|1775934768\n|move|p1b: they hate flinches|Rock Slide|p2b: Starmie|[spread] p2a,p2b\n|-damage|p2a: Basculegion|0 fnt\n|-damage|p2b: Starmie|1/100\n|faint|p2a: Basculegion\n|cant|p2b: Starmie|flinch\n|\n|-weather|Sandstorm|[upkeep]\n|-damage|p2b: Starmie|0 fnt|[from] Sandstorm\n|faint|p2b: Starmie\n|\n|win|KermitFrogge\n|raw|KermitFrogge's rating: 1202 &rarr; <strong>1221</strong><br />(+19 for winning)\n|raw|Dodospa's rating: 1122 &rarr; <strong>1103</strong><br />(-19 for losing)\n|c|\u2606KermitFrogge|YES\n|l|\u2606Dodospa\n|player|p2|\n|c|\u2606KermitFrogge|LMAO\n",
  "uploadtime": 1775934779,
  "views": 36,
  "formatid": "gen9championsvgc2026regma",
  "rating": 1103,
  "private": 0,
  "password": null
}