{
  "id": "gen9championsvgc2026regma-2587092045",
  "format": "[Gen 9 Champions] VGC 2026 Reg M-A",
  "players": [
    "ult. big chill",
    "sdbjj"
  ],
  "log": "|j|\u2606ult. big chill\n|j|\u2606sdbjj\n|t:|1776492244\n|gametype|doubles\n|player|p1|ult. big chill|burgh|1386\n|player|p2|sdbjj|265|1501\n|gen|9\n|tier|[Gen 9 Champions] VGC 2026 Reg M-A\n|rated|\n|rule|Species Clause: Limit one of each Pok\u00e9mon\n|rule|Item Clause: Limit 1 of each item\n|clearpoke\n|poke|p1|Camerupt, L50, M, shiny|\n|poke|p1|Farigiraf, L50, F, shiny|\n|poke|p1|Primarina, L50, M|\n|poke|p1|Incineroar, L50, M|\n|poke|p1|Drampa, L50, F|\n|poke|p1|Runerigus, L50, F|\n|poke|p2|Snorlax, L50, F|\n|poke|p2|Hawlucha, L50, F|\n|poke|p2|Incineroar, L50, M|\n|poke|p2|Sinistcha, L50|\n|poke|p2|Sableye, L50, F|\n|poke|p2|Zoroark-Hisui, L50, F|\n|teampreview|4\n|\n|t:|1776492272\n|teamsize|p1|4\n|teamsize|p2|4\n|start\n|switch|p1a: SandyEggo|Farigiraf, L50, F, shiny|100/100\n|switch|p1b: Pivot Man|Incineroar, L50, M|100/100\n|switch|p2a: Snorlax|Snorlax, L50, F|100/100\n|switch|p2b: Hawlucha|Hawlucha, L50, F|100/100\n|-ability|p1b: Pivot Man|Intimidate|boost\n|-unboost|p2a: Snorlax|atk|1\n|-unboost|p2b: Hawlucha|atk|1\n|turn|1\n|inactive|Battle timer is ON: inactive players will automatically lose when time's up. (requested by sdbjj)\n|\n|t:|1776492294\n|move|p1b: Pivot Man|Fake Out|p2b: Hawlucha\n|-immune|p2b: Hawlucha\n|move|p2b: Hawlucha|Taunt|p1a: SandyEggo\n|-start|p1a: SandyEggo|move: Taunt\n|move|p2a: Snorlax|Stockpile|p2a: Snorlax\n|-start|p2a: Snorlax|stockpile1\n|-boost|p2a: Snorlax|def|1\n|-boost|p2a: Snorlax|spd|1\n|cant|p1a: SandyEggo|move: Taunt|Trick Room\n|\n|upkeep\n|turn|2\n|\n|t:|1776492309\n|switch|p1a: Molpe|Primarina, L50, M|100/100\n|move|p2b: Hawlucha|Taunt|p1b: Pivot Man\n|-start|p1b: Pivot Man|move: Taunt\n|move|p1b: Pivot Man|Darkest Lariat|p2b: Hawlucha\n|-supereffective|p2b: Hawlucha|1\n|-enditem|p2b: Hawlucha|Focus Sash\n|-damage|p2b: Hawlucha|1/100\n|replace|p2b: Zoroark|Zoroark-Hisui, L50, F\n|-end|p2b: Zoroark|Illusion\n|move|p2a: Snorlax|Stockpile|p2a: Snorlax\n|-start|p2a: Snorlax|stockpile2\n|-boost|p2a: Snorlax|def|1\n|-boost|p2a: Snorlax|spd|1\n|\n|upkeep\n|turn|3\n|inactive|sdbjj has 30 seconds left.\n|\n|t:|1776492336\n|move|p2b: Zoroark|Memento|p1a: Molpe\n|-unboost|p1a: Molpe|atk|2\n|-unboost|p1a: Molpe|spa|2\n|faint|p2b: Zoroark\n|move|p1b: Pivot Man|Flare Blitz|p2a: Snorlax\n|-damage|p2a: Snorlax|91/100\n|-damage|p1b: Pivot Man|96/100|[from] Recoil\n|move|p1a: Molpe|Haze|p1a: Molpe\n|-clearallboost\n|move|p2a: Snorlax|Stockpile|p2a: Snorlax\n|-start|p2a: Snorlax|stockpile3\n|-boost|p2a: Snorlax|def|1\n|-boost|p2a: Snorlax|spd|1\n|\n|-heal|p2a: Snorlax|97/100|[from] item: Leftovers\n|upkeep\n|\n|t:|1776492355\n|switch|p2b: Hawlucha|Hawlucha, L50, F|100/100\n|-ability|p2b: Hawlucha|Mold Breaker\n|turn|4\n|\n|t:|1776492366\n|detailschange|p2b: Hawlucha|Hawlucha-Mega, L50, F\n|-mega|p2b: Hawlucha|Hawlucha|Hawluchanite\n|move|p2b: Hawlucha|Entrainment|p2a: Snorlax\n|-ability|p2a: Snorlax|No Guard|Thick Fat|[from] move: Entrainment|[of] p2b: Hawlucha\n|move|p1a: Molpe|Dazzling Gleam|p2b: Hawlucha|[spread] p2a,p2b\n|-supereffective|p2b: Hawlucha|1\n|-damage|p2a: Snorlax|83/100\n|-damage|p2b: Hawlucha|23/100\n|move|p1b: Pivot Man|Flare Blitz|p2b: Hawlucha\n|-damage|p2b: Hawlucha|0 fnt\n|faint|p2b: Hawlucha\n|-damage|p1b: Pivot Man|89/100|[from] Recoil\n|move|p2a: Snorlax|Fissure|p1a: Molpe\n|-damage|p1a: Molpe|0 fnt\n|faint|p1a: Molpe\n|-ohko\n|\n|-heal|p2a: Snorlax|89/100|[from] item: Leftovers\n|-end|p1b: Pivot Man|move: Taunt\n|upkeep\n|\n|t:|1776492389\n|switch|p2b: Sinistcha|Sinistcha, L50|100/100\n|switch|p1a: SandyEggo|Farigiraf, L50, F, shiny|100/100\n|-heal|p2a: Snorlax|100/100|[from] ability: Hospitality|[of] p2b: Sinistcha\n|turn|5\n|\n|t:|1776492402\n|move|p2b: Sinistcha|Life Dew||[still]|[still]|[spread] \n|-fail|p2a: Snorlax|heal\n|-fail|p2b: Sinistcha|heal\n|move|p1b: Pivot Man|Flare Blitz|p2b: Sinistcha\n|-supereffective|p2b: Sinistcha|1\n|-damage|p2b: Sinistcha|6/100\n|-damage|p1b: Pivot Man|62/100|[from] Recoil\n|move|p2a: Snorlax|Fissure|p1a: SandyEggo\n|-damage|p1a: SandyEggo|0 fnt\n|faint|p1a: SandyEggo\n|-ohko\n|\n|upkeep\n|\n|t:|1776492408\n|switch|p1a: Moose|Camerupt, L50, M, shiny|100/100\n|turn|6\n|inactive|sdbjj has 30 seconds left.\n|\n|t:|1776492437\n|detailschange|p1a: Moose|Camerupt-Mega, L50, M, shiny\n|-mega|p1a: Moose|Camerupt|Cameruptite\n|move|p2b: Sinistcha|Life Dew||[still]|[spread] p2a,p2b\n|-fail|p2a: Snorlax|heal\n|-heal|p2b: Sinistcha|31/100\n|move|p1b: Pivot Man|Darkest Lariat|p2a: Snorlax\n|-damage|p2a: Snorlax|77/100\n|move|p2a: Snorlax|Fissure|p1b: Pivot Man\n|-damage|p1b: Pivot Man|0 fnt\n|faint|p1b: Pivot Man\n|-ohko\n|move|p1a: Moose|Heat Wave|p2b: Sinistcha|[spread] p2a,p2b\n|-supereffective|p2b: Sinistcha|1\n|-damage|p2a: Snorlax|54/100\n|-damage|p2b: Sinistcha|0 fnt\n|faint|p2b: Sinistcha\n|\n|-heal|p2a: Snorlax|60/100|[from] item: Leftovers\n|upkeep\n|turn|7\n|\n|t:|1776492458\n|move|p1a: Moose|Protect|p1a: Moose\n|-singleturn|p1a: Moose|Protect\n|move|p2a: Snorlax|Fissure|p1a: Moose\n|-activate|p1a: Moose|move: Protect\n|\n|-heal|p2a: Snorlax|66/100|[from] item: Leftovers\n|upkeep\n|turn|8\n|\n|t:|1776492467\n|move|p1a: Moose|Protect||[still]\n|-fail|p1a: Moose\n|move|p2a: Snorlax|Fissure|p1a: Moose\n|-damage|p1a: Moose|0 fnt\n|faint|p1a: Moose\n|-ohko\n|\n|win|sdbjj\n|raw|ult. big chill's rating: 1386 &rarr; <strong>1372</strong><br />(-14 for losing)\n|raw|sdbjj's rating: 1501 &rarr; <strong>1515</strong><br />(+14 for winning)\n|c|\u2606ult. big chill|gg\n|l|\u2606ult. big chill\n|player|p1|\n|l|\u2606sdbjj\n|player|p2|\n",
  "uploadtime": 1776492757,
  "views": 39,
  "formatid": "gen9championsvgc2026regma",
  "rating": 1372,
  "private": 0,
  "password": null
}