{
  "id": "gen9championsvgc2026regma-2584272835",
  "format": "[Gen 9 Champions] VGC 2026 Reg M-A",
  "players": [
    "EXSA",
    "dav115"
  ],
  "log": "|j|\u2606EXSA\n|j|\u2606dav115\n|t:|1776245770\n|gametype|doubles\n|player|p1|EXSA|266|1172\n|player|p2|dav115|265|1233\n|gen|9\n|tier|[Gen 9 Champions] VGC 2026 Reg M-A\n|rated|\n|rule|Species Clause: Limit one of each Pok\u00e9mon\n|rule|Item Clause: Limit 1 of each item\n|clearpoke\n|poke|p1|Charizard, L50, F|\n|poke|p1|Incineroar, L50, M|\n|poke|p1|Maushold-Four, L50|\n|poke|p1|Hawlucha, L50, M|\n|poke|p1|Garchomp, L50, F|\n|poke|p1|Whimsicott, L50, M|\n|poke|p2|Sneasler, L50, M|\n|poke|p2|Scovillain, L50, M|\n|poke|p2|Tyranitar, L50, M|\n|poke|p2|Excadrill, L50, M|\n|poke|p2|Primarina, L50, M|\n|poke|p2|Aerodactyl, L50, M|\n|teampreview|4\n|\n|t:|1776245805\n|teamsize|p1|4\n|teamsize|p2|4\n|start\n|switch|p1a: Whimsicott|Whimsicott, L50, M|100/100\n|switch|p1b: Charizard|Charizard, L50, F, shiny|100/100\n|switch|p2a: Sneasler|Sneasler, L50, M|100/100\n|switch|p2b: Scovillain|Scovillain, L50, M, shiny|100/100\n|turn|1\n|\n|t:|1776245817\n|switch|p1a: Incineroar|Incineroar, L50, M|100/100\n|-ability|p1a: Incineroar|Intimidate|boost\n|-unboost|p2a: Sneasler|atk|1\n|-unboost|p2b: Scovillain|atk|1\n|-enditem|p2a: Sneasler|White Herb\n|-clearnegativeboost|p2a: Sneasler|[silent]\n|move|p1b: Charizard|Protect|p1b: Charizard\n|-singleturn|p1b: Charizard|Protect\n|move|p2a: Sneasler|Fake Out|p1b: Charizard\n|-activate|p1b: Charizard|move: Protect\n|move|p2b: Scovillain|Leech Seed|p1b: Charizard\n|-activate|p1b: Charizard|move: Protect\n|\n|-ability|p2b: Scovillain|Moody|boost\n|-boost|p2b: Scovillain|def|2\n|-unboost|p2b: Scovillain|spd|1\n|upkeep\n|turn|2\n|\n|t:|1776245835\n|detailschange|p1b: Charizard|Charizard-Mega-Y, L50, F, shiny\n|-mega|p1b: Charizard|Charizard|Charizardite Y\n|-weather|SunnyDay|[from] ability: Drought|[of] p1b: Charizard\n|move|p2b: Scovillain|Protect|p2b: Scovillain\n|-singleturn|p2b: Scovillain|Protect\n|move|p1a: Incineroar|Fake Out|p2a: Sneasler\n|-damage|p2a: Sneasler|76/100\n|cant|p2a: Sneasler|flinch\n|move|p1b: Charizard|Heat Wave|p2a: Sneasler|[spread] p2a\n|-activate|p2b: Scovillain|move: Protect\n|-damage|p2a: Sneasler|9/100\n|\n|-weather|SunnyDay|[upkeep]\n|-ability|p2b: Scovillain|Moody|boost\n|-boost|p2b: Scovillain|spe|2\n|-unboost|p2b: Scovillain|spd|1\n|upkeep\n|turn|3\n|\n|t:|1776245862\n|switch|p1a: Garchomp|Garchomp, L50, F|100/100\n|move|p2a: Sneasler|U-turn|p1a: Garchomp\n|-damage|p1a: Garchomp|74/100\n|-damage|p2a: Sneasler|0 fnt|[from] ability: Rough Skin|[of] p1a: Garchomp\n|faint|p2a: Sneasler\n|move|p2b: Scovillain|Leech Seed|p1b: Charizard\n|-start|p1b: Charizard|move: Leech Seed\n|move|p1b: Charizard|Weather Ball|p2b: Scovillain\n|-damage|p2b: Scovillain|0 fnt\n|faint|p2b: Scovillain\n|\n|-weather|SunnyDay|[upkeep]\n|upkeep\n|\n|t:|1776245876\n|switch|p2a: Aerodactyl|Aerodactyl, L50, M|100/100\n|switch|p2b: Primarina|Primarina, L50, M|100/100\n|-ability|p2a: Aerodactyl|Unnerve\n|turn|4\n|\n|t:|1776245891\n|move|p1b: Charizard|Protect|p1b: Charizard\n|-singleturn|p1b: Charizard|Protect\n|move|p1a: Garchomp|Rock Slide|p2b: Primarina|[spread] p2a,p2b\n|-supereffective|p2a: Aerodactyl|1\n|-damage|p2a: Aerodactyl|37/100\n|-damage|p2b: Primarina|79/100\n|move|p2a: Aerodactyl|Tailwind|p2a: Aerodactyl\n|-sidestart|p2: dav115|move: Tailwind\n|move|p2b: Primarina|Calm Mind|p2b: Primarina\n|-boost|p2b: Primarina|spa|1\n|-boost|p2b: Primarina|spd|1\n|\n|-weather|SunnyDay|[upkeep]\n|-heal|p2b: Primarina|84/100|[from] item: Leftovers\n|-damage|p1b: Charizard|88/100|[from] Leech Seed|[of] p2b: Primarina\n|-heal|p2b: Primarina|95/100|[silent]\n|upkeep\n|turn|5\n|\n|t:|1776245908\n|switch|p1b: Incineroar|Incineroar, L50, M|100/100\n|-ability|p1b: Incineroar|Intimidate|boost\n|-unboost|p2a: Aerodactyl|atk|1\n|-unboost|p2b: Primarina|atk|1\n|move|p2a: Aerodactyl|Rock Slide|p1b: Incineroar|[spread] p1a,p1b\n|-resisted|p1a: Garchomp|1\n|-supereffective|p1b: Incineroar|1\n|-damage|p1a: Garchomp|66/100\n|-damage|p1b: Incineroar|63/100\n|move|p1a: Garchomp|Rock Slide|p2b: Primarina|[spread] p2a,p2b\n|-supereffective|p2a: Aerodactyl|1\n|-damage|p2a: Aerodactyl|0 fnt\n|-damage|p2b: Primarina|74/100\n|faint|p2a: Aerodactyl\n|move|p2b: Primarina|Moonblast|p1a: Garchomp\n|-supereffective|p1a: Garchomp|1\n|-damage|p1a: Garchomp|0 fnt\n|faint|p1a: Garchomp\n|\n|-weather|SunnyDay|[upkeep]\n|-heal|p2b: Primarina|80/100|[from] item: Leftovers\n|upkeep\n|\n|t:|1776245925\n|switch|p1a: Whimsicott|Whimsicott, L50, M|100/100\n|turn|6\n|\n|t:|1776245933\n|move|p2b: Primarina|Protect|p2b: Primarina\n|-singleturn|p2b: Primarina|Protect\n|move|p1b: Incineroar|Fake Out|p2b: Primarina\n|-activate|p2b: Primarina|move: Protect\n|move|p1a: Whimsicott|Moonblast|p2b: Primarina\n|-activate|p2b: Primarina|move: Protect\n|\n|-weather|none\n|-heal|p2b: Primarina|86/100|[from] item: Leftovers\n|upkeep\n|turn|7\n|\n|t:|1776245944\n|move|p1a: Whimsicott|Encore|p2b: Primarina\n|-start|p2b: Primarina|Encore\n|move|p2b: Primarina|Protect||[still]\n|-fail|p2b: Primarina\n|move|p1b: Incineroar|Parting Shot|p2b: Primarina\n|-unboost|p2b: Primarina|atk|1\n|-unboost|p2b: Primarina|spa|1\n|\n|t:|1776245951\n|switch|p1b: Charizard|Charizard-Mega-Y, L50, F, shiny|88/100|[from] Parting Shot\n|-weather|SunnyDay|[from] ability: Drought|[of] p1b: Charizard\n|\n|-weather|SunnyDay|[upkeep]\n|-heal|p2b: Primarina|92/100|[from] item: Leftovers\n|-sideend|p2: dav115|move: Tailwind\n|upkeep\n|turn|8\n|\n|t:|1776245958\n|move|p2b: Primarina|Protect|p2b: Primarina\n|-singleturn|p2b: Primarina|Protect\n|move|p1a: Whimsicott|Tailwind|p1a: Whimsicott\n|-sidestart|p1: EXSA|move: Tailwind\n|move|p1b: Charizard|Solar Beam||[still]\n|-prepare|p1b: Charizard|Solar Beam\n|-anim|p1b: Charizard|Solar Beam|p2b: Primarina\n|-activate|p2b: Primarina|move: Protect\n|\n|-weather|SunnyDay|[upkeep]\n|-heal|p2b: Primarina|98/100|[from] item: Leftovers\n|upkeep\n|turn|9\n|\n|t:|1776245968\n|move|p2b: Primarina|Protect||[still]\n|-fail|p2b: Primarina\n|move|p1a: Whimsicott|Moonblast|p2b: Primarina\n|-damage|p2b: Primarina|79/100\n|move|p1b: Charizard|Solar Beam||[still]\n|-prepare|p1b: Charizard|Solar Beam\n|-anim|p1b: Charizard|Solar Beam|p2b: Primarina\n|-supereffective|p2b: Primarina|1\n|-damage|p2b: Primarina|22/100\n|\n|-weather|SunnyDay|[upkeep]\n|-heal|p2b: Primarina|28/100|[from] item: Leftovers\n|-end|p2b: Primarina|Encore\n|upkeep\n|turn|10\n|inactive|Battle timer is ON: inactive players will automatically lose when time's up. (requested by dav115)\n|\n|t:|1776246013\n|move|p1a: Whimsicott|Moonblast|p2b: Primarina\n|-damage|p2b: Primarina|8/100\n|move|p1b: Charizard|Solar Beam||[still]\n|-prepare|p1b: Charizard|Solar Beam\n|-anim|p1b: Charizard|Solar Beam|p2b: Primarina\n|-supereffective|p2b: Primarina|1\n|-damage|p2b: Primarina|0 fnt\n|faint|p2b: Primarina\n|\n|win|EXSA\n|raw|EXSA's rating: 1172 &rarr; <strong>1201</strong><br />(+29 for winning)\n|raw|dav115's rating: 1233 &rarr; <strong>1204</strong><br />(-29 for losing)\n",
  "uploadtime": 1776246021,
  "views": 22,
  "formatid": "gen9championsvgc2026regma",
  "rating": 1201,
  "private": 0,
  "password": null
}