{
  "id": "gen9championsvgc2026regma-2583247294",
  "format": "[Gen 9 Champions] VGC 2026 Reg M-A",
  "players": [
    "toadic6",
    "malucy"
  ],
  "log": "|j|\u2606toadic6\n|j|\u2606malucy\n|t:|1776159192\n|gametype|doubles\n|player|p1|toadic6|266|1158\n|player|p2|malucy|266|1080\n|gen|9\n|tier|[Gen 9 Champions] VGC 2026 Reg M-A\n|rated|\n|rule|Species Clause: Limit one of each Pok\u00e9mon\n|rule|Item Clause: Limit 1 of each item\n|clearpoke\n|poke|p1|Whimsicott, L50, M|\n|poke|p1|Ninetales-Alola, L50, F|\n|poke|p1|Greninja-*, L50, M|\n|poke|p1|Dragonite, L50, M|\n|poke|p1|Gyarados, L50, F|\n|poke|p1|Incineroar, L50, M|\n|poke|p2|Archaludon, L50, F|\n|poke|p2|Blastoise, L50, F|\n|poke|p2|Greninja-*, L50, F|\n|poke|p2|Aerodactyl, L50, M|\n|poke|p2|Ceruledge, L50, M|\n|poke|p2|Whimsicott, L50, F|\n|teampreview|4\n|\n|t:|1776159233\n|teamsize|p1|4\n|teamsize|p2|4\n|start\n|switch|p1a: Whimsicott|Whimsicott, L50, M|100/100\n|switch|p1b: Ninetales|Ninetales-Alola, L50, F|100/100\n|switch|p2a: Ceruledge|Ceruledge, L50, M|100/100\n|switch|p2b: Whimsicott|Whimsicott, L50, F|100/100\n|-weather|Snowscape|[from] ability: Snow Warning|[of] p1b: Ninetales\n|turn|1\n|\n|t:|1776159268\n|move|p1a: Whimsicott|Tailwind|p1a: Whimsicott\n|-sidestart|p1: toadic6|move: Tailwind\n|move|p2b: Whimsicott|Tailwind|p2b: Whimsicott\n|-sidestart|p2: malucy|move: Tailwind\n|move|p1b: Ninetales|Aurora Veil|p1b: Ninetales\n|-sidestart|p1: toadic6|move: Aurora Veil\n|move|p2a: Ceruledge|Bitter Blade|p1b: Ninetales\n|-supereffective|p1b: Ninetales|1\n|-damage|p1b: Ninetales|36/100\n|\n|-weather|Snowscape|[upkeep]\n|upkeep\n|turn|2\n|\n|t:|1776159294\n|move|p2b: Whimsicott|Helping Hand|p2a: Ceruledge\n|-singleturn|p2a: Ceruledge|Helping Hand|[of] p2b: Whimsicott\n|move|p1a: Whimsicott|Encore|p2b: Whimsicott\n|-start|p2b: Whimsicott|Encore\n|-enditem|p2b: Whimsicott|Mental Herb\n|-end|p2b: Whimsicott|Encore\n|move|p1b: Ninetales|Blizzard|p2b: Whimsicott|[spread] p2a,p2b\n|-resisted|p2a: Ceruledge|1\n|-supereffective|p2b: Whimsicott|1\n|-damage|p2a: Ceruledge|84/100\n|-damage|p2b: Whimsicott|27/100\n|move|p2a: Ceruledge|Shadow Claw|p1b: Ninetales\n|-crit|p1b: Ninetales\n|-damage|p1b: Ninetales|0 fnt\n|faint|p1b: Ninetales\n|\n|-weather|Snowscape|[upkeep]\n|upkeep\n|\n|t:|1776159308\n|switch|p1b: Greninja|Greninja, L50, M|100/100\n|turn|3\n|\n|t:|1776159328\n|detailschange|p1b: Greninja|Greninja-Mega, L50, M\n|-mega|p1b: Greninja|Greninja|Greninjite\n|move|p1a: Whimsicott|Helping Hand|p1b: Greninja\n|-singleturn|p1b: Greninja|Helping Hand|[of] p1a: Whimsicott\n|move|p2a: Ceruledge|Ally Switch|p2a: Ceruledge\n|swap|p2a: Ceruledge|1|[from] move: Ally Switch\n|move|p1b: Greninja|Water Shuriken|p2a: Whimsicott\n|-start|p1b: Greninja|typechange|Water|[from] ability: Protean\n|-resisted|p2a: Whimsicott|1\n|-damage|p2a: Whimsicott|20/100\n|-resisted|p2a: Whimsicott|1\n|-damage|p2a: Whimsicott|13/100\n|-resisted|p2a: Whimsicott|1\n|-crit|p2a: Whimsicott\n|-damage|p2a: Whimsicott|3/100\n|-hitcount|p2a: Whimsicott|3\n|move|p2a: Whimsicott|Moonblast|p1b: Greninja\n|-damage|p1b: Greninja|76/100\n|\n|-weather|Snowscape|[upkeep]\n|upkeep\n|turn|4\n|\n|t:|1776159360\n|switch|p2b: Blastoise|Blastoise, L50, F|100/100\n|move|p1b: Greninja|Water Shuriken|p2a: Whimsicott\n|-resisted|p2a: Whimsicott|1\n|-damage|p2a: Whimsicott|0 fnt\n|faint|p2a: Whimsicott\n|-hitcount|p2: Whimsicott|1\n|move|p1a: Whimsicott|Encore||[still]\n|-fail|p1a: Whimsicott\n|\n|-weather|Snowscape|[upkeep]\n|-sideend|p2: malucy|move: Tailwind\n|-sideend|p1: toadic6|move: Tailwind\n|upkeep\n|\n|t:|1776159373\n|switch|p2a: Archaludon|Archaludon, L50, F|100/100\n|turn|5\n|\n|t:|1776159392\n|detailschange|p2b: Blastoise|Blastoise-Mega, L50, F\n|-mega|p2b: Blastoise|Blastoise|Blastoisinite\n|move|p1a: Whimsicott|Tailwind|p1a: Whimsicott\n|-sidestart|p1: toadic6|move: Tailwind\n|move|p1b: Greninja|Blizzard|p2a: Archaludon|[spread] p2a,p2b\n|-resisted|p2b: Blastoise|1\n|-damage|p2a: Archaludon|63/100\n|-damage|p2b: Blastoise|87/100\n|move|p2b: Blastoise|Rain Dance|p2b: Blastoise\n|-weather|RainDance\n|move|p2a: Archaludon|Electro Shot||[still]\n|-prepare|p2a: Archaludon|Electro Shot\n|-boost|p2a: Archaludon|spa|1\n|-anim|p2a: Archaludon|Electro Shot|p1b: Greninja\n|-supereffective|p1b: Greninja|1\n|-damage|p1b: Greninja|0 fnt\n|faint|p1b: Greninja\n|\n|-weather|RainDance|[upkeep]\n|-heal|p2a: Archaludon|69/100|[from] item: Leftovers\n|-sideend|p1: toadic6|move: Aurora Veil\n|upkeep\n|-message|toadic6 forfeited.\n|\n|win|malucy\n|raw|toadic6's rating: 1158 &rarr; <strong>1127</strong><br />(-31 for losing)\n|raw|malucy's rating: 1080 &rarr; <strong>1114</strong><br />(+34 for winning)\n|l|\u2606toadic6\n|player|p1|\n",
  "uploadtime": 1776159419,
  "views": 16,
  "formatid": "gen9championsvgc2026regma",
  "rating": 1114,
  "private": 0,
  "password": null
}