{
  "id": "gen9championsvgc2026regma-2584331484",
  "format": "[Gen 9 Champions] VGC 2026 Reg M-A",
  "players": [
    "OberonVor",
    "stbaiX"
  ],
  "log": "|j|\u2606OberonVor\n|j|\u2606stbaiX\n|t:|1776252061\n|gametype|doubles\n|player|p1|OberonVor|266|1290\n|player|p2|stbaiX|janitor|1386\n|gen|9\n|tier|[Gen 9 Champions] VGC 2026 Reg M-A\n|rated|\n|rule|Species Clause: Limit one of each Pok\u00e9mon\n|rule|Item Clause: Limit 1 of each item\n|clearpoke\n|poke|p1|Kangaskhan, L50, F|\n|poke|p1|Archaludon, L50, M|\n|poke|p1|Aerodactyl, L50, F|\n|poke|p1|Meganium, L50, M|\n|poke|p1|Tauros-Paldea-Aqua, L50, M|\n|poke|p1|Typhlosion-Hisui, L50, F|\n|poke|p2|Tyranitar, L50, F|\n|poke|p2|Excadrill, L50, F|\n|poke|p2|Aerodactyl, L50, M|\n|poke|p2|Rotom-Wash, L50|\n|poke|p2|Milotic, L50, M|\n|poke|p2|Meganium, L50, F|\n|teampreview|4\n|inactive|Battle timer is ON: inactive players will automatically lose when time's up. (requested by stbaiX)\n|inactive|OberonVor has 60 seconds left.\n|inactive|stbaiX has 60 seconds left.\n|\n|t:|1776252103\n|teamsize|p1|4\n|teamsize|p2|4\n|start\n|switch|p1a: Megaynium|Meganium, L50, M|100/100\n|switch|p1b: C\u1ea7u V\u0129nh Tuy|Archaludon, L50, M|100/100\n|switch|p2a: Rotom|Rotom-Wash, L50|100/100\n|switch|p2b: Milotic|Milotic, L50, M|100/100\n|turn|1\n|\n|t:|1776252112\n|detailschange|p1a: Megaynium|Meganium-Mega, L50, M\n|-mega|p1a: Megaynium|Meganium|Meganiumite\n|move|p1b: C\u1ea7u V\u0129nh Tuy|Thunderbolt|p2b: Milotic\n|-supereffective|p2b: Milotic|1\n|-damage|p2b: Milotic|52/100\n|move|p1a: Megaynium|Solar Beam||[still]\n|-prepare|p1a: Megaynium|Solar Beam\n|-activate|p1a: Megaynium|ability: Mega Sol\n|-anim|p1a: Megaynium|Solar Beam|p2a: Rotom\n|-supereffective|p2a: Rotom|1\n|-damage|p2a: Rotom|0 fnt\n|faint|p2a: Rotom\n|move|p2b: Milotic|Ice Beam|p1a: Megaynium\n|-supereffective|p1a: Megaynium|1\n|-damage|p1a: Megaynium|46/100\n|\n|-heal|p2b: Milotic|57/100|[from] item: Leftovers\n|upkeep\n|\n|t:|1776252127\n|switch|p2a: Aerodactyl|Aerodactyl, L50, M|100/100\n|-ability|p2a: Aerodactyl|Unnerve\n|turn|2\n|\n|t:|1776252136\n|switch|p1a: Tr\u00f4n l\u1ea7u|Tauros-Paldea-Aqua, L50, M|100/100\n|-ability|p1a: Tr\u00f4n l\u1ea7u|Intimidate|boost\n|-unboost|p2a: Aerodactyl|atk|1\n|-unboost|p2b: Milotic|atk|1\n|-ability|p2b: Milotic|Competitive|boost\n|-boost|p2b: Milotic|spa|2\n|move|p2a: Aerodactyl|Tailwind|p2a: Aerodactyl\n|-sidestart|p2: stbaiX|move: Tailwind\n|move|p2b: Milotic|Ice Beam|p1a: Tr\u00f4n l\u1ea7u\n|-resisted|p1a: Tr\u00f4n l\u1ea7u|1\n|-damage|p1a: Tr\u00f4n l\u1ea7u|63/100\n|move|p1b: C\u1ea7u V\u0129nh Tuy|Thunderbolt|p2b: Milotic\n|-supereffective|p2b: Milotic|1\n|-damage|p2b: Milotic|0 fnt\n|faint|p2b: Milotic\n|\n|upkeep\n|\n|t:|1776252147\n|switch|p2b: Meganium|Meganium, L50, F|100/100\n|turn|3\n|\n|t:|1776252158\n|detailschange|p2b: Meganium|Meganium-Mega, L50, F\n|-mega|p2b: Meganium|Meganium|Meganiumite\n|move|p1a: Tr\u00f4n l\u1ea7u|Aqua Jet|p2a: Aerodactyl\n|-supereffective|p2a: Aerodactyl|1\n|-crit|p2a: Aerodactyl\n|-enditem|p2a: Aerodactyl|Focus Sash\n|-damage|p2a: Aerodactyl|1/100\n|move|p2a: Aerodactyl|Dual Wingbeat|p1a: Tr\u00f4n l\u1ea7u\n|-supereffective|p1a: Tr\u00f4n l\u1ea7u|1\n|-damage|p1a: Tr\u00f4n l\u1ea7u|35/100\n|-supereffective|p1a: Tr\u00f4n l\u1ea7u|1\n|-damage|p1a: Tr\u00f4n l\u1ea7u|8/100\n|-hitcount|p1a: Tr\u00f4n l\u1ea7u|2\n|move|p2b: Meganium|Earth Power|p1b: C\u1ea7u V\u0129nh Tuy\n|-supereffective|p1b: C\u1ea7u V\u0129nh Tuy|1\n|-crit|p1b: C\u1ea7u V\u0129nh Tuy\n|-ability|p1b: C\u1ea7u V\u0129nh Tuy|Sturdy\n|-damage|p1b: C\u1ea7u V\u0129nh Tuy|1/100\n|move|p1b: C\u1ea7u V\u0129nh Tuy|Flash Cannon|p2b: Meganium\n|-supereffective|p2b: Meganium|1\n|-damage|p2b: Meganium|20/100\n|-unboost|p2b: Meganium|spd|1\n|\n|-heal|p1b: C\u1ea7u V\u0129nh Tuy|7/100|[from] item: Leftovers\n|upkeep\n|turn|4\n|\n|t:|1776252179\n|move|p2a: Aerodactyl|Protect|p2a: Aerodactyl\n|-singleturn|p2a: Aerodactyl|Protect\n|move|p1b: C\u1ea7u V\u0129nh Tuy|Protect|p1b: C\u1ea7u V\u0129nh Tuy\n|-singleturn|p1b: C\u1ea7u V\u0129nh Tuy|Protect\n|move|p1a: Tr\u00f4n l\u1ea7u|Aqua Jet|p2a: Aerodactyl\n|-activate|p2a: Aerodactyl|move: Protect\n|move|p2b: Meganium|Solar Beam||[still]\n|-prepare|p2b: Meganium|Solar Beam\n|-activate|p2b: Meganium|ability: Mega Sol\n|-anim|p2b: Meganium|Solar Beam|p1a: Tr\u00f4n l\u1ea7u\n|-supereffective|p1a: Tr\u00f4n l\u1ea7u|1\n|-damage|p1a: Tr\u00f4n l\u1ea7u|0 fnt\n|faint|p1a: Tr\u00f4n l\u1ea7u\n|\n|-heal|p1b: C\u1ea7u V\u0129nh Tuy|13/100|[from] item: Leftovers\n|upkeep\n|\n|t:|1776252184\n|switch|p1a: Megaynium|Meganium-Mega, L50, M|46/100\n|turn|5\n|\n|t:|1776252201\n|move|p2a: Aerodactyl|Dual Wingbeat|p1a: Megaynium\n|-supereffective|p1a: Megaynium|1\n|-damage|p1a: Megaynium|22/100\n|-supereffective|p1a: Megaynium|1\n|-damage|p1a: Megaynium|0 fnt\n|faint|p1a: Megaynium\n|-hitcount|p1: Megaynium|2\n|move|p2b: Meganium|Earth Power|p1b: C\u1ea7u V\u0129nh Tuy\n|-supereffective|p1b: C\u1ea7u V\u0129nh Tuy|1\n|-damage|p1b: C\u1ea7u V\u0129nh Tuy|0 fnt\n|faint|p1b: C\u1ea7u V\u0129nh Tuy\n|\n|-sideend|p2: stbaiX|move: Tailwind\n|upkeep\n|\n|t:|1776252206\n|switch|p1b: B\u1eafn tung t\u00f3e|Typhlosion-Hisui, L50, F|100/100\n|-item|p2b: Meganium|Meganiumite|[from] ability: Frisk|[of] p1b: B\u1eafn tung t\u00f3e\n|turn|6\n|\n|t:|1776252213\n|move|p1b: B\u1eafn tung t\u00f3e|Eruption|p2a: Aerodactyl|[spread] p2a,p2b\n|-resisted|p2a: Aerodactyl|1\n|-supereffective|p2b: Meganium|1\n|-damage|p2a: Aerodactyl|0 fnt\n|-damage|p2b: Meganium|0 fnt\n|faint|p2a: Aerodactyl\n|faint|p2b: Meganium\n|\n|win|OberonVor\n|raw|OberonVor's rating: 1290 &rarr; <strong>1322</strong><br />(+32 for winning)\n|raw|stbaiX's rating: 1386 &rarr; <strong>1361</strong><br />(-25 for losing)\n|l|\u2606stbaiX\n|player|p2|\n",
  "uploadtime": 1776252219,
  "views": 35,
  "formatid": "gen9championsvgc2026regma",
  "rating": 1322,
  "private": 0,
  "password": null
}