{
  "id": "gen9championsvgc2026regma-2583272315",
  "format": "[Gen 9 Champions] VGC 2026 Reg M-A",
  "players": [
    "Mega Bocchi",
    "labubumechanics"
  ],
  "log": "|j|\u2606Mega Bocchi\n|j|\u2606labubumechanics\n|t:|1776161838\n|gametype|doubles\n|player|p1|Mega Bocchi|pokemaniac|1065\n|player|p2|labubumechanics|169|1012\n|gen|9\n|tier|[Gen 9 Champions] VGC 2026 Reg M-A\n|rated|\n|rule|Species Clause: Limit one of each Pok\u00e9mon\n|rule|Item Clause: Limit 1 of each item\n|clearpoke\n|poke|p1|Charizard, L50, F|\n|poke|p1|Kingambit, L50, F|\n|poke|p1|Sneasler, L50, M|\n|poke|p1|Corviknight, L50, M|\n|poke|p1|Incineroar, L50, F|\n|poke|p1|Maushold, L50|\n|poke|p2|Alakazam, L50, F|\n|poke|p2|Meowstic, L50, M|\n|poke|p2|Incineroar, L50, F|\n|poke|p2|Sinistcha, L50|\n|poke|p2|Froslass, L50, F|\n|poke|p2|Milotic, L50, F|\n|teampreview|4\n|inactive|Battle timer is ON: inactive players will automatically lose when time's up. (requested by Mega Bocchi)\n|inactive|labubumechanics has 60 seconds left.\n|\n|t:|1776161882\n|teamsize|p1|4\n|teamsize|p2|4\n|start\n|switch|p1a: \u5927\u519b\u9600|Kingambit, L50, F|100/100\n|switch|p1b: \u9ed1\u5929\u5927\u8001\u7237|Charizard, L50, F, shiny|100/100\n|switch|p2a: Alakazam|Alakazam, L50, F|100/100\n|switch|p2b: Meowstic|Meowstic, L50, M|100/100\n|turn|1\n|inactive|Mega Bocchi has 30 seconds left.\n|\n|t:|1776161913\n|detailschange|p2a: Alakazam|Alakazam-Mega, L50, F\n|-mega|p2a: Alakazam|Alakazam|Alakazite\n|-ability|p2a: Alakazam|Defiant|Trace|[from] ability: Trace|[of] p1a: \u5927\u519b\u9600\n|detailschange|p1b: \u9ed1\u5929\u5927\u8001\u7237|Charizard-Mega-Y, L50, F, shiny\n|-mega|p1b: \u9ed1\u5929\u5927\u8001\u7237|Charizard|Charizardite Y\n|-weather|SunnyDay|[from] ability: Drought|[of] p1b: \u9ed1\u5929\u5927\u8001\u7237\n|move|p2b: Meowstic|Psychic Terrain|p2b: Meowstic\n|-fieldstart|move: Psychic Terrain\n|move|p1a: \u5927\u519b\u9600|Sucker Punch|p2a: Alakazam\n|-activate|p2a: Alakazam|move: Psychic Terrain\n|move|p2a: Alakazam|Expanding Force|p1a: \u5927\u519b\u9600|[spread] p1b\n|-immune|p1a: \u5927\u519b\u9600\n|-damage|p1b: \u9ed1\u5929\u5927\u8001\u7237|24/100\n|move|p1b: \u9ed1\u5929\u5927\u8001\u7237|Heat Wave|p2b: Meowstic|[spread] p2a,p2b\n|-damage|p2a: Alakazam|19/100\n|-damage|p2b: Meowstic|22/100\n|-status|p2a: Alakazam|brn\n|\n|-weather|SunnyDay|[upkeep]\n|-damage|p2a: Alakazam|14/100 brn|[from] brn\n|upkeep\n|turn|2\n|inactive|Mega Bocchi has 30 seconds left.\n|inactive|labubumechanics has 30 seconds left.\n|\n|t:|1776161946\n|switch|p1b: \u98df\u7334\u9e70|Corviknight, L50, M|100/100\n|switch|p2b: Milotic|Milotic, L50, F|100/100\n|move|p2a: Alakazam|Focus Blast|p1a: \u5927\u519b\u9600\n|-supereffective|p1a: \u5927\u519b\u9600|2\n|-damage|p1a: \u5927\u519b\u9600|0 fnt\n|faint|p1a: \u5927\u519b\u9600\n|\n|-weather|SunnyDay|[upkeep]\n|-damage|p2a: Alakazam|8/100 brn|[from] brn\n|upkeep\n|\n|t:|1776161955\n|switch|p1a: \u76d7\u8d3c|Sneasler, L50, M|100/100\n|turn|3\n|\n|t:|1776161972\n|move|p2a: Alakazam|Expanding Force|p1b: \u98df\u7334\u9e70|[spread] p1a,p1b\n|-supereffective|p1a: \u76d7\u8d3c|2\n|-resisted|p1b: \u98df\u7334\u9e70|1\n|-damage|p1a: \u76d7\u8d3c|0 fnt\n|-damage|p1b: \u98df\u7334\u9e70|67/100\n|faint|p1a: \u76d7\u8d3c\n|move|p2b: Milotic|Ice Beam|p1b: \u98df\u7334\u9e70\n|-damage|p1b: \u98df\u7334\u9e70|42/100\n|-enditem|p1b: \u98df\u7334\u9e70|Sitrus Berry|[eat]\n|-heal|p1b: \u98df\u7334\u9e70|67/100|[from] item: Sitrus Berry\n|move|p1b: \u98df\u7334\u9e70|Iron Defense|p1b: \u98df\u7334\u9e70\n|-boost|p1b: \u98df\u7334\u9e70|def|2\n|\n|-weather|SunnyDay|[upkeep]\n|-damage|p2a: Alakazam|2/100 brn|[from] brn\n|upkeep\n|\n|t:|1776161976\n|switch|p1a: \u9ed1\u5929\u5927\u8001\u7237|Charizard-Mega-Y, L50, F, shiny|24/100\n|turn|4\n|\n|t:|1776161987\n|move|p1a: \u9ed1\u5929\u5927\u8001\u7237|Protect|p1a: \u9ed1\u5929\u5927\u8001\u7237\n|-singleturn|p1a: \u9ed1\u5929\u5927\u8001\u7237|Protect\n|move|p2a: Alakazam|Expanding Force|p1a: \u9ed1\u5929\u5927\u8001\u7237|[spread] p1b\n|-activate|p1a: \u9ed1\u5929\u5927\u8001\u7237|move: Protect\n|-resisted|p1b: \u98df\u7334\u9e70|1\n|-damage|p1b: \u98df\u7334\u9e70|30/100\n|move|p2b: Milotic|Ice Beam|p1b: \u98df\u7334\u9e70\n|-damage|p1b: \u98df\u7334\u9e70|3/100\n|move|p1b: \u98df\u7334\u9e70|Body Press|p2b: Milotic\n|-damage|p2b: Milotic|48/100\n|\n|-weather|SunnyDay|[upkeep]\n|-heal|p2b: Milotic|55/100|[from] item: Leftovers\n|-damage|p2a: Alakazam|0 fnt|[from] brn\n|faint|p2a: Alakazam\n|upkeep\n|\n|t:|1776162003\n|switch|p2a: Meowstic|Meowstic, L50, M|22/100\n|turn|5\n|\n|t:|1776162024\n|move|p2b: Milotic|Protect|p2b: Milotic\n|-singleturn|p2b: Milotic|Protect\n|move|p1a: \u9ed1\u5929\u5927\u8001\u7237|Heat Wave|p2a: Meowstic|[spread] p2a\n|-activate|p2b: Milotic|move: Protect\n|-damage|p2a: Meowstic|0 fnt\n|faint|p2a: Meowstic\n|move|p1b: \u98df\u7334\u9e70|Roost|p1b: \u98df\u7334\u9e70\n|-heal|p1b: \u98df\u7334\u9e70|53/100\n|-singleturn|p1b: \u98df\u7334\u9e70|move: Roost\n|\n|-weather|none\n|-heal|p2b: Milotic|61/100|[from] item: Leftovers\n|-fieldend|move: Psychic Terrain\n|upkeep\n|\n|t:|1776162030\n|switch|p2a: Incineroar|Incineroar, L50, F|100/100\n|-ability|p2a: Incineroar|Intimidate|boost\n|-unboost|p1a: \u9ed1\u5929\u5927\u8001\u7237|atk|1\n|-ability|p1b: \u98df\u7334\u9e70|Mirror Armor\n|-unboost|p2a: Incineroar|atk|1\n|turn|6\n|\n|t:|1776162042\n|move|p2a: Incineroar|Fake Out|p1b: \u98df\u7334\u9e70\n|-resisted|p1b: \u98df\u7334\u9e70|1\n|-damage|p1b: \u98df\u7334\u9e70|52/100\n|move|p1a: \u9ed1\u5929\u5927\u8001\u7237|Solar Beam||[still]\n|-prepare|p1a: \u9ed1\u5929\u5927\u8001\u7237|Solar Beam\n|move|p2b: Milotic|Muddy Water|p1b: \u98df\u7334\u9e70|[spread] p1a,p1b\n|-supereffective|p1a: \u9ed1\u5929\u5927\u8001\u7237|1\n|-damage|p1a: \u9ed1\u5929\u5927\u8001\u7237|0 fnt\n|-damage|p1b: \u98df\u7334\u9e70|22/100\n|faint|p1a: \u9ed1\u5929\u5927\u8001\u7237\n|cant|p1b: \u98df\u7334\u9e70|flinch\n|\n|-heal|p2b: Milotic|67/100|[from] item: Leftovers\n|upkeep\n|turn|7\n|\n|t:|1776162055\n|move|p2b: Milotic|Scald|p1b: \u98df\u7334\u9e70\n|-damage|p1b: \u98df\u7334\u9e70|0 fnt\n|faint|p1b: \u98df\u7334\u9e70\n|\n|win|labubumechanics\n|raw|Mega Bocchi's rating: 1065 &rarr; <strong>1042</strong><br />(-23 for losing)\n|raw|labubumechanics's rating: 1012 &rarr; <strong>1056</strong><br />(+44 for winning)\n|l|\u2606Mega Bocchi\n|player|p1|\n",
  "uploadtime": 1776162060,
  "views": 21,
  "formatid": "gen9championsvgc2026regma",
  "rating": 1042,
  "private": 0,
  "password": null
}