{
  "id": "gen9championsvgc2026regma-2582731068",
  "format": "[Gen 9 Champions] VGC 2026 Reg M-A",
  "players": [
    "jackoek11",
    "loklastaji"
  ],
  "log": "|j|\u2606jackoek11\n|j|\u2606loklastaji\n|t:|1776110200\n|gametype|doubles\n|player|p1|jackoek11|170|1378\n|player|p2|loklastaji|102|1347\n|gen|9\n|tier|[Gen 9 Champions] VGC 2026 Reg M-A\n|rated|\n|rule|Species Clause: Limit one of each Pok\u00e9mon\n|rule|Item Clause: Limit 1 of each item\n|clearpoke\n|poke|p1|Floette-Eternal, L50, F|\n|poke|p1|Kingambit, L50, M|\n|poke|p1|Garchomp, L50, M|\n|poke|p1|Incineroar, L50, F|\n|poke|p1|Sinistcha, L50|\n|poke|p1|Corviknight, L50, F|\n|poke|p2|Samurott-Hisui, L50, F|\n|poke|p2|Mamoswine, L50, F|\n|poke|p2|Delphox, L50, F|\n|poke|p2|Tsareena, L50, F|\n|poke|p2|Corviknight, L50, F|\n|poke|p2|Altaria, L50, M|\n|teampreview|4\n|\n|t:|1776110237\n|teamsize|p1|4\n|teamsize|p2|4\n|start\n|switch|p1a: Floette|Floette-Eternal, L50, F|100/100\n|switch|p1b: Incineroar|Incineroar, L50, F|100/100\n|switch|p2a: Delphox|Delphox, L50, F|100/100\n|switch|p2b: Mamoswine|Mamoswine, L50, F|100/100\n|-ability|p1b: Incineroar|Intimidate|boost\n|-unboost|p2a: Delphox|atk|1\n|-fail|p2b: Mamoswine|unboost|Attack|[from] ability: Oblivious|[of] p2b: Mamoswine\n|turn|1\n|\n|t:|1776110256\n|switch|p2a: Tsareena|Tsareena, L50, F|100/100\n|detailschange|p1a: Floette|Floette-Mega, L50, F\n|-mega|p1a: Floette|Floette|Floettite\n|-ability|p1a: Floette|Fairy Aura\n|move|p1b: Incineroar|Fake Out||[still]\n|cant|p2a: Tsareena|ability: Queenly Majesty|Fake Out|[of] p1b: Incineroar\n|move|p2b: Mamoswine|Iron Head|p1a: Floette\n|-supereffective|p1a: Floette|1\n|-crit|p1a: Floette\n|-damage|p1a: Floette|19/100\n|move|p1a: Floette|Calm Mind|p1a: Floette\n|-boost|p1a: Floette|spa|1\n|-boost|p1a: Floette|spd|1\n|\n|upkeep\n|turn|2\n|\n|t:|1776110274\n|move|p1a: Floette|Protect|p1a: Floette\n|-singleturn|p1a: Floette|Protect\n|move|p2b: Mamoswine|Iron Head|p1a: Floette\n|-activate|p1a: Floette|move: Protect\n|move|p2a: Tsareena|High Jump Kick|p1b: Incineroar\n|-supereffective|p1b: Incineroar|1\n|-enditem|p1b: Incineroar|Chople Berry|[eat]\n|-enditem|p1b: Incineroar|Chople Berry|[weaken]\n|-damage|p1b: Incineroar|63/100\n|move|p1b: Incineroar|Parting Shot|p2b: Mamoswine\n|-unboost|p2b: Mamoswine|atk|1\n|-unboost|p2b: Mamoswine|spa|1\n|\n|t:|1776110282\n|switch|p1b: Sinistcha|Sinistcha, L50|100/100|[from] Parting Shot\n|-heal|p1a: Floette|44/100|[from] ability: Hospitality|[of] p1b: Sinistcha\n|\n|upkeep\n|turn|3\n|\n|t:|1776110298\n|switch|p2b: Delphox|Delphox, L50, F|100/100\n|move|p1b: Sinistcha|Rage Powder|p1b: Sinistcha\n|-singleturn|p1b: Sinistcha|move: Rage Powder\n|move|p1a: Floette|Draining Kiss|p2b: Delphox\n|-resisted|p2b: Delphox|1\n|-crit|p2b: Delphox\n|-damage|p2b: Delphox|50/100\n|-heal|p1a: Floette|75/100|[from] drain|[of] p2b: Delphox\n|move|p2a: Tsareena|Power Whip|p1a: Floette\n|-damage|p1a: Floette|9/100\n|\n|upkeep\n|turn|4\n|\n|t:|1776110323\n|switch|p1b: Incineroar|Incineroar, L50, F|63/100\n|-ability|p1b: Incineroar|Intimidate|boost\n|-unboost|p2a: Tsareena|atk|1\n|-unboost|p2b: Delphox|atk|1\n|move|p2b: Delphox|Protect|p2b: Delphox\n|-singleturn|p2b: Delphox|Protect\n|move|p1a: Floette|Protect|p1a: Floette\n|-singleturn|p1a: Floette|Protect\n|move|p2a: Tsareena|Taunt|p1b: Incineroar\n|-start|p1b: Incineroar|move: Taunt\n|\n|upkeep\n|turn|5\n|\n|t:|1776110355\n|switch|p1a: Sinistcha|Sinistcha, L50|100/100\n|-heal|p1b: Incineroar|88/100|[from] ability: Hospitality|[of] p1a: Sinistcha\n|detailschange|p2b: Delphox|Delphox-Mega, L50, F\n|-mega|p2b: Delphox|Delphox|Delphoxite\n|move|p2b: Delphox|Psychic|p1a: Sinistcha\n|-damage|p1a: Sinistcha|48/100\n|-enditem|p1a: Sinistcha|Sitrus Berry|[eat]\n|-heal|p1a: Sinistcha|73/100|[from] item: Sitrus Berry\n|move|p2a: Tsareena|High Jump Kick|p1b: Incineroar\n|-supereffective|p1b: Incineroar|1\n|-damage|p1b: Incineroar|33/100\n|move|p1b: Incineroar|Darkest Lariat|p2b: Delphox\n|-supereffective|p2b: Delphox|1\n|-damage|p2b: Delphox|0 fnt\n|faint|p2b: Delphox\n|\n|upkeep\n|\n|t:|1776110385\n|switch|p2b: Corviknight|Corviknight, L50, F|100/100\n|turn|6\n|\n|t:|1776110430\n|switch|p1a: Floette|Floette-Mega, L50, F|9/100\n|-ability|p1a: Floette|Fairy Aura\n|move|p2a: Tsareena|Protect|p2a: Tsareena\n|-singleturn|p2a: Tsareena|Protect\n|move|p2b: Corviknight|Brave Bird|p1a: Floette\n|-damage|p1a: Floette|0 fnt\n|faint|p1a: Floette\n|-damage|p2b: Corviknight|98/100|[from] Recoil\n|move|p1b: Incineroar|Flare Blitz|p2a: Tsareena\n|-activate|p2a: Tsareena|move: Protect\n|\n|-heal|p2b: Corviknight|100/100|[from] item: Leftovers\n|-end|p1b: Incineroar|move: Taunt\n|upkeep\n|\n|t:|1776110438\n|switch|p1a: Sinistcha|Sinistcha, L50|73/100\n|-heal|p1b: Incineroar|58/100|[from] ability: Hospitality|[of] p1a: Sinistcha\n|turn|7\n|\n|t:|1776110456\n|move|p2a: Tsareena|High Jump Kick|p1b: Incineroar\n|-supereffective|p1b: Incineroar|1\n|-damage|p1b: Incineroar|0 fnt\n|faint|p1b: Incineroar\n|move|p2b: Corviknight|Brave Bird|p1a: Sinistcha\n|-supereffective|p1a: Sinistcha|1\n|-crit|p1a: Sinistcha\n|-damage|p1a: Sinistcha|0 fnt\n|faint|p1a: Sinistcha\n|-damage|p2b: Corviknight|76/100|[from] Recoil\n|\n|-heal|p2b: Corviknight|81/100|[from] item: Leftovers\n|upkeep\n|\n|t:|1776110463\n|switch|p1b: Kingambit|Kingambit, L50, M, shiny|100/100\n|turn|8\n|\n|t:|1776110490\n|move|p2a: Tsareena|High Jump Kick|p1b: Kingambit\n|-supereffective|p1b: Kingambit|2\n|-damage|p1b: Kingambit|1/100\n|move|p2b: Corviknight|Brave Bird|p1b: Kingambit\n|-resisted|p1b: Kingambit|1\n|-damage|p1b: Kingambit|0 fnt\n|faint|p1b: Kingambit\n|-damage|p2b: Corviknight|81/100|[from] Recoil\n|\n|win|loklastaji\n|raw|jackoek11's rating: 1378 &rarr; <strong>1356</strong><br />(-22 for losing)\n|raw|loklastaji's rating: 1347 &rarr; <strong>1369</strong><br />(+22 for winning)\n|l|\u2606jackoek11\n|player|p1|\n",
  "uploadtime": 1776110500,
  "views": 35,
  "formatid": "gen9championsvgc2026regma",
  "rating": 1356,
  "private": 0,
  "password": null
}