{
  "id": "gen9championsvgc2026regma-2581663762",
  "format": "[Gen 9 Champions] VGC 2026 Reg M-A",
  "players": [
    "ChaosBurn",
    "CRUNCHHHVGC"
  ],
  "log": "|j|\u2606ChaosBurn\n|j|\u2606CRUNCHHHVGC\n|t:|1776018973\n|gametype|doubles\n|player|p1|ChaosBurn|cress|1041\n|player|p2|CRUNCHHHVGC|ghetsis-gen5bw|1080\n|gen|9\n|tier|[Gen 9 Champions] VGC 2026 Reg M-A\n|rated|\n|rule|Species Clause: Limit one of each Pok\u00e9mon\n|rule|Item Clause: Limit 1 of each item\n|clearpoke\n|poke|p1|Farigiraf, L50, F|\n|poke|p1|Garganacl, L50, M|\n|poke|p1|Sableye, L50, M|\n|poke|p1|Dragonite, L50, F|\n|poke|p1|Emboar, L50, M|\n|poke|p1|Gengar, L50, M|\n|poke|p2|Glaceon, L50, F|\n|poke|p2|Incineroar, L50, F|\n|poke|p2|Liepard, L50, F|\n|poke|p2|Charizard, L50, M|\n|poke|p2|Gardevoir, L50, M|\n|poke|p2|Venusaur, L50, M|\n|teampreview|4\n|inactive|Battle timer is ON: inactive players will automatically lose when time's up. (requested by ChaosBurn)\n|\n|t:|1776019022\n|teamsize|p1|4\n|teamsize|p2|4\n|start\n|switch|p1a: Farigiraf|Farigiraf, L50, F|100/100\n|switch|p1b: Sableye|Sableye, L50, M|100/100\n|switch|p2a: Glaceon|Glaceon, L50, F, shiny|100/100\n|switch|p2b: Gardevoir|Gardevoir, L50, M|100/100\n|-ability|p2b: Gardevoir|Armor Tail|Trace|[from] ability: Trace|[of] p1a: Farigiraf\n|turn|1\n|inactive|CRUNCHHHVGC has 30 seconds left.\n|inactive|CRUNCHHHVGC has 20 seconds left.\n|inactive|CRUNCHHHVGC has 15 seconds left.\n|inactive|CRUNCHHHVGC has 10 seconds left.\n|\n|t:|1776019071\n|switch|p1b: Garganacl|Garganacl, L50, M|100/100\n|detailschange|p2b: Gardevoir|Gardevoir-Mega, L50, M\n|-mega|p2b: Gardevoir|Gardevoir|Gardevoirite\n|move|p2a: Glaceon|Ice Beam|p1a: Farigiraf\n|-damage|p1a: Farigiraf|55/100\n|move|p2b: Gardevoir|Moonblast|p1a: Farigiraf\n|-damage|p1a: Farigiraf|0 fnt\n|faint|p1a: Farigiraf\n|\n|upkeep\n|\n|t:|1776019084\n|switch|p1a: Sableye|Sableye, L50, M|100/100\n|turn|2\n|\n|t:|1776019109\n|switch|p2a: Venusaur|Venusaur, L50, M|100/100\n|move|p2b: Gardevoir|Protect|p2b: Gardevoir\n|-singleturn|p2b: Gardevoir|Protect\n|move|p1a: Sableye|Swagger|p2b: Gardevoir\n|-activate|p2b: Gardevoir|move: Protect\n|move|p1b: Garganacl|Salt Cure|p2a: Venusaur\n|-damage|p2a: Venusaur|84/100\n|-start|p2a: Venusaur|Salt Cure\n|\n|-damage|p2a: Venusaur|78/100|[from] Salt Cure\n|upkeep\n|turn|3\n|inactive|CRUNCHHHVGC has 30 seconds left.\n|\n|t:|1776019135\n|switch|p1b: Emboar|Emboar, L50, M|100/100\n|move|p1a: Sableye|Swagger|p2b: Gardevoir\n|-boost|p2b: Gardevoir|atk|2\n|-start|p2b: Gardevoir|confusion\n|-activate|p2b: Gardevoir|confusion\n|-damage|p2b: Gardevoir|76/100|[from] confusion\n|move|p2a: Venusaur|Sleep Powder|p1b: Emboar\n|-status|p1b: Emboar|slp|[from] move: Sleep Powder\n|\n|-damage|p2a: Venusaur|72/100|[from] Salt Cure\n|upkeep\n|turn|4\n|\n|t:|1776019156\n|switch|p2a: Liepard|Liepard, L50, F, shiny|100/100\n|detailschange|p1b: Emboar|Emboar-Mega, L50, M\n|-mega|p1b: Emboar|Emboar|Emboarite\n|-ability|p1b: Emboar|Mold Breaker\n|-activate|p2b: Gardevoir|confusion\n|-damage|p2b: Gardevoir|53/100|[from] confusion\n|cant|p1b: Emboar|slp\n|move|p1a: Sableye|Foul Play|p2b: Gardevoir\n|-damage|p2b: Gardevoir|0 fnt\n|faint|p2b: Gardevoir\n|\n|upkeep\n|\n|t:|1776019174\n|switch|p2b: Venusaur|Venusaur, L50, M|72/100\n|turn|5\n|inactive|CRUNCHHHVGC has 30 seconds left.\n|\n|t:|1776019200\n|switch|p1a: Garganacl|Garganacl, L50, M|100/100\n|move|p2a: Liepard|Sucker Punch||[still]\n|-fail|p2a: Liepard\n|move|p2b: Venusaur|Sludge Bomb|p1b: Emboar\n|-damage|p1b: Emboar|63/100 slp\n|cant|p1b: Emboar|slp\n|\n|upkeep\n|turn|6\n|\n|t:|1776019223\n|move|p2a: Liepard|Sucker Punch|p1b: Emboar\n|-resisted|p1b: Emboar|1\n|-damage|p1b: Emboar|48/100 slp\n|move|p2b: Venusaur|Sludge Bomb|p1b: Emboar\n|-damage|p1b: Emboar|10/100 slp\n|-curestatus|p1b: Emboar|slp|[msg]\n|move|p1b: Emboar|Heat Crash|p2b: Venusaur\n|-supereffective|p2b: Venusaur|1\n|-damage|p2b: Venusaur|2/100\n|move|p1a: Garganacl|Body Press|p2a: Liepard\n|-supereffective|p2a: Liepard|1\n|-damage|p2a: Liepard|18/100\n|\n|upkeep\n|turn|7\n|\n|t:|1776019246\n|move|p2a: Liepard|Sucker Punch|p1b: Emboar\n|-resisted|p1b: Emboar|1\n|-damage|p1b: Emboar|0 fnt\n|faint|p1b: Emboar\n|move|p2b: Venusaur|Leaf Storm|p1a: Garganacl\n|-supereffective|p1a: Garganacl|1\n|-damage|p1a: Garganacl|0 fnt\n|-unboost|p2b: Venusaur|spa|2\n|faint|p1a: Garganacl\n|\n|upkeep\n|-message|ChaosBurn forfeited.\n|\n|win|CRUNCHHHVGC\n|raw|ChaosBurn's rating: 1041 &rarr; <strong>1027</strong><br />(-14 for losing)\n|raw|CRUNCHHHVGC's rating: 1080 &rarr; <strong>1105</strong><br />(+25 for winning)\n|l|\u2606ChaosBurn\n|player|p1|\n",
  "uploadtime": 1776019255,
  "views": 20,
  "formatid": "gen9championsvgc2026regma",
  "rating": 1027,
  "private": 0,
  "password": null
}