{
  "id": "gen9championsvgc2026regma-2587867327",
  "format": "[Gen 9 Champions] VGC 2026 Reg M-A",
  "players": [
    "mangoat007",
    "abacusdestroyer"
  ],
  "log": "|j|\u2606mangoat007\n|j|\u2606abacusdestroyer\n|t:|1776572421\n|gametype|doubles\n|player|p1|mangoat007|scientistf|1409\n|player|p2|abacusdestroyer|benga|1412\n|gen|9\n|tier|[Gen 9 Champions] VGC 2026 Reg M-A\n|rated|\n|rule|Species Clause: Limit one of each Pok\u00e9mon\n|rule|Item Clause: Limit 1 of each item\n|clearpoke\n|poke|p1|Tyranitar, L50, M, shiny|\n|poke|p1|Excadrill, L50, M, shiny|\n|poke|p1|Gyarados, L50, M, shiny|\n|poke|p1|Sinistcha, L50, shiny|\n|poke|p1|Gardevoir, L50, F, shiny|\n|poke|p1|Rotom-Heat, L50, shiny|\n|poke|p2|Hawlucha, L50, M|\n|poke|p2|Empoleon, L50, F|\n|poke|p2|Gengar, L50, M|\n|poke|p2|Hydreigon, L50, F|\n|poke|p2|Sableye, L50, M|\n|poke|p2|Kingambit, L50, M|\n|teampreview|4\n|inactive|Battle timer is ON: inactive players will automatically lose when time's up. (requested by mangoat007)\n|\n|t:|1776572465\n|teamsize|p1|4\n|teamsize|p2|4\n|start\n|switch|p1a: Tyranitar|Tyranitar, L50, M, shiny|100/100\n|switch|p1b: Excadrill|Excadrill, L50, M, shiny|100/100\n|switch|p2a: Gengar|Gengar, L50, M|100/100\n|switch|p2b: Sableye|Sableye, L50, M|100/100\n|-weather|Sandstorm|[from] ability: Sand Stream|[of] p1a: Tyranitar\n|turn|1\n|inactive|mangoat007 has 30 seconds left.\n|\n|t:|1776572490\n|detailschange|p2a: Gengar|Gengar-Mega, L50, M\n|-mega|p2a: Gengar|Gengar|Gengarite\n|detailschange|p1a: Tyranitar|Tyranitar-Mega, L50, M, shiny\n|-mega|p1a: Tyranitar|Tyranitar|Tyranitarite\n|move|p2b: Sableye|Protect|p2b: Sableye\n|-singleturn|p2b: Sableye|Protect\n|move|p2a: Gengar|Protect|p2a: Gengar\n|-singleturn|p2a: Gengar|Protect\n|move|p1b: Excadrill|High Horsepower|p2a: Gengar\n|-activate|p2a: Gengar|move: Protect\n|move|p1a: Tyranitar|Crunch|p2a: Gengar\n|-activate|p2a: Gengar|move: Protect\n|\n|-weather|Sandstorm|[upkeep]\n|-damage|p2a: Gengar|95/100|[from] Sandstorm\n|-damage|p2b: Sableye|95/100|[from] Sandstorm\n|upkeep\n|turn|2\n|\n|t:|1776572511\n|switch|p2a: Hawlucha|Hawlucha, L50, M|100/100\n|move|p2b: Sableye|Encore|p1b: Excadrill\n|-start|p1b: Excadrill|Encore\n|move|p1b: Excadrill|High Horsepower|p2b: Sableye\n|-damage|p2b: Sableye|39/100\n|move|p1a: Tyranitar|Crunch|p2a: Hawlucha\n|-resisted|p2a: Hawlucha|1\n|-damage|p2a: Hawlucha|69/100\n|\n|-weather|Sandstorm|[upkeep]\n|-damage|p2a: Hawlucha|63/100|[from] Sandstorm\n|-damage|p2b: Sableye|33/100|[from] Sandstorm\n|upkeep\n|turn|3\n|\n|t:|1776572535\n|move|p2b: Sableye|Protect|p2b: Sableye\n|-singleturn|p2b: Sableye|Protect\n|move|p1b: Excadrill|High Horsepower|p2b: Sableye\n|-activate|p2b: Sableye|move: Protect\n|move|p2a: Hawlucha|Close Combat|p1b: Excadrill\n|-supereffective|p1b: Excadrill|1\n|-enditem|p1b: Excadrill|Focus Sash\n|-damage|p1b: Excadrill|1/100\n|-unboost|p2a: Hawlucha|def|1\n|-unboost|p2a: Hawlucha|spd|1\n|-enditem|p2a: Hawlucha|White Herb\n|-clearnegativeboost|p2a: Hawlucha|[silent]\n|move|p1a: Tyranitar|Rock Slide|p2a: Hawlucha|[spread] p2a\n|-activate|p2b: Sableye|move: Protect\n|-damage|p2a: Hawlucha|16/100\n|\n|-weather|Sandstorm|[upkeep]\n|-damage|p2a: Hawlucha|10/100|[from] Sandstorm\n|-damage|p2b: Sableye|27/100|[from] Sandstorm\n|upkeep\n|turn|4\n|inactive|mangoat007 has 30 seconds left.\n|\n|t:|1776572564\n|switch|p1a: Sinistcha|Sinistcha, L50, shiny|100/100\n|-heal|p1b: Excadrill|26/100|[from] ability: Hospitality|[of] p1a: Sinistcha\n|move|p2b: Sableye|Disable|p1b: Excadrill\n|-start|p1b: Excadrill|Disable|High Horsepower\n|move|p2a: Hawlucha|Close Combat|p1a: Sinistcha\n|-immune|p1a: Sinistcha\n|cant|p1b: Excadrill|Disable|High Horsepower\n|\n|-weather|Sandstorm|[upkeep]\n|-damage|p2a: Hawlucha|4/100|[from] Sandstorm\n|-damage|p1a: Sinistcha|94/100|[from] Sandstorm\n|-damage|p2b: Sableye|22/100|[from] Sandstorm\n|-end|p1b: Excadrill|Encore\n|upkeep\n|turn|5\n|\n|t:|1776572588\n|switch|p1b: Rotom|Rotom-Heat, L50, shiny|100/100\n|switch|p2b: Gengar|Gengar-Mega, L50, M|95/100\n|move|p2a: Hawlucha|Protect|p2a: Hawlucha\n|-singleturn|p2a: Hawlucha|Protect\n|move|p1a: Sinistcha|Matcha Gotcha|p2a: Hawlucha|[spread] p2b\n|-activate|p2a: Hawlucha|move: Protect\n|-resisted|p2b: Gengar|1\n|-damage|p2b: Gengar|78/100\n|-heal|p1a: Sinistcha|100/100|[from] drain|[of] p2b: Gengar\n|\n|-weather|none\n|upkeep\n|turn|6\n|inactive|mangoat007 has 30 seconds left.\n|inactive|mangoat007 has 20 seconds left.\n|\n|t:|1776572627\n|move|p2a: Hawlucha|Acrobatics|p1a: Sinistcha\n|-supereffective|p1a: Sinistcha|1\n|-damage|p1a: Sinistcha|20/100\n|-enditem|p1a: Sinistcha|Sitrus Berry|[eat]\n|-heal|p1a: Sinistcha|44/100|[from] item: Sitrus Berry\n|move|p1b: Rotom|Thunderbolt|p2b: Gengar\n|-damage|p2b: Gengar|17/100\n|move|p2b: Gengar|Sludge Bomb|p1b: Rotom\n|-damage|p1b: Rotom|33/100\n|-status|p1b: Rotom|psn\n|move|p1a: Sinistcha|Matcha Gotcha|p2a: Hawlucha|[spread] p2a,p2b\n|-resisted|p2a: Hawlucha|1\n|-resisted|p2b: Gengar|1\n|-damage|p2a: Hawlucha|0 fnt\n|-heal|p1a: Sinistcha|46/100|[from] drain|[of] p2a: Hawlucha\n|-damage|p2b: Gengar|0 fnt\n|-heal|p1a: Sinistcha|52/100|[from] drain|[of] p2b: Gengar\n|faint|p2a: Hawlucha\n|faint|p2b: Gengar\n|\n|-damage|p1b: Rotom|21/100 psn|[from] psn\n|upkeep\n|\n|t:|1776572647\n|switch|p2b: Sableye|Sableye, L50, M|22/100\n|switch|p2a: Kingambit|Kingambit, L50, M|100/100\n|turn|7\n|\n|t:|1776572665\n|switch|p1b: Excadrill|Excadrill, L50, M, shiny|26/100\n|move|p2b: Sableye|Disable||[still]\n|-fail|p2b: Sableye\n|move|p2a: Kingambit|Sucker Punch|p1a: Sinistcha\n|-supereffective|p1a: Sinistcha|1\n|-damage|p1a: Sinistcha|0 fnt\n|faint|p1a: Sinistcha\n|\n|upkeep\n|\n|t:|1776572674\n|switch|p1a: Rotom|Rotom-Heat, L50, shiny|21/100 psn\n|turn|8\n|\n|t:|1776572689\n|move|p2b: Sableye|Protect|p2b: Sableye\n|-singleturn|p2b: Sableye|Protect\n|move|p2a: Kingambit|Protect|p2a: Kingambit\n|-singleturn|p2a: Kingambit|Protect\n|move|p1a: Rotom|Overheat|p2a: Kingambit\n|-activate|p2a: Kingambit|move: Protect\n|move|p1b: Excadrill|Earthquake|p2a: Kingambit|[spread] \n|-activate|p2a: Kingambit|move: Protect\n|-activate|p2b: Sableye|move: Protect\n|-immune|p1a: Rotom|[from] ability: Levitate\n|\n|-damage|p1a: Rotom|9/100 psn|[from] psn\n|upkeep\n|turn|9\n|\n|t:|1776572705\n|switch|p1a: Tyranitar|Tyranitar-Mega, L50, M, shiny|100/100\n|-weather|Sandstorm|[from] ability: Sand Stream|[of] p1a: Tyranitar\n|move|p2b: Sableye|Disable|p1a: Tyranitar\n|-hint|Since gen 7, Dark is immune to Prankster moves.\n|-immune|p1a: Tyranitar\n|move|p2a: Kingambit|Sucker Punch|p1b: Excadrill\n|-damage|p1b: Excadrill|0 fnt\n|faint|p1b: Excadrill\n|\n|-weather|Sandstorm|[upkeep]\n|-damage|p2b: Sableye|16/100|[from] Sandstorm\n|upkeep\n|\n|t:|1776572715\n|switch|p1b: Rotom|Rotom-Heat, L50, shiny|9/100 psn\n|turn|10\n|\n|t:|1776572728\n|move|p2b: Sableye|Protect|p2b: Sableye\n|-singleturn|p2b: Sableye|Protect\n|move|p2a: Kingambit|Protect|p2a: Kingambit\n|-singleturn|p2a: Kingambit|Protect\n|move|p1b: Rotom|Overheat|p2a: Kingambit\n|-activate|p2a: Kingambit|move: Protect\n|move|p1a: Tyranitar|Rock Slide|p2b: Sableye|[spread] \n|-activate|p2a: Kingambit|move: Protect\n|-activate|p2b: Sableye|move: Protect\n|\n|-weather|Sandstorm|[upkeep]\n|-damage|p1b: Rotom|3/100 psn|[from] Sandstorm\n|-damage|p2b: Sableye|10/100|[from] Sandstorm\n|-damage|p1b: Rotom|0 fnt|[from] psn\n|faint|p1b: Rotom\n|upkeep\n|turn|11\n|\n|t:|1776572740\n|move|p2b: Sableye|Encore|p1a: Tyranitar\n|-hint|Since gen 7, Dark is immune to Prankster moves.\n|-immune|p1a: Tyranitar\n|move|p1a: Tyranitar|Rock Slide|p2a: Kingambit|[spread] p2a,p2b\n|-resisted|p2a: Kingambit|1\n|-damage|p2a: Kingambit|87/100\n|-damage|p2b: Sableye|0 fnt\n|faint|p2b: Sableye\n|move|p2a: Kingambit|Low Kick|p1a: Tyranitar\n|-supereffective|p1a: Tyranitar|2\n|-damage|p1a: Tyranitar|0 fnt\n|faint|p1a: Tyranitar\n|\n|win|abacusdestroyer\n|raw|mangoat007's rating: 1409 &rarr; <strong>1389</strong><br />(-20 for losing)\n|raw|abacusdestroyer's rating: 1412 &rarr; <strong>1432</strong><br />(+20 for winning)\n|l|\u2606abacusdestroyer\n|player|p2|\n|l|\u2606mangoat007\n|player|p1|\n|j|\u2606mangoat007\n|player|p1|mangoat007|scientistf|\n|l|\u2606mangoat007\n|player|p1|\n",
  "uploadtime": 1776572765,
  "views": 13,
  "formatid": "gen9championsvgc2026regma",
  "rating": 1389,
  "private": 0,
  "password": null
}