{
  "id": "gen9championsvgc2026regma-2584684103",
  "format": "[Gen 9 Champions] VGC 2026 Reg M-A",
  "players": [
    "maskedwolf56",
    "sylent knight"
  ],
  "log": "|j|\u2606maskedwolf56\n|j|\u2606sylent knight\n|t:|1776276611\n|gametype|doubles\n|player|p1|maskedwolf56|giovanni|1254\n|player|p2|sylent knight|265|1159\n|gen|9\n|tier|[Gen 9 Champions] VGC 2026 Reg M-A\n|rated|\n|rule|Species Clause: Limit one of each Pok\u00e9mon\n|rule|Item Clause: Limit 1 of each item\n|clearpoke\n|poke|p1|Sneasler, L50, F|\n|poke|p1|Tyranitar, L50, M|\n|poke|p1|Rotom-Wash, L50|\n|poke|p1|Aerodactyl, L50, M|\n|poke|p1|Garchomp, L50, M|\n|poke|p1|Sinistcha-Masterpiece, L50|\n|poke|p2|Meganium, L50, F|\n|poke|p2|Sinistcha, L50|\n|poke|p2|Palafin, L50, F|\n|poke|p2|Scizor, L50, M|\n|poke|p2|Pelipper, L50, M|\n|poke|p2|Lycanroc, L50, M|\n|teampreview|4\n|inactive|Battle timer is ON: inactive players will automatically lose when time's up. (requested by sylent knight)\n|inactive|maskedwolf56 also wants the timer to be on.\nmaskedwolf56 rejected open team sheets.\n|\n|t:|1776276631\n|teamsize|p1|4\n|teamsize|p2|4\n|start\n|switch|p1a: Rotom|Rotom-Wash, L50|100/100\n|switch|p1b: Tyranitar|Tyranitar, L50, M|100/100\n|switch|p2a: Palafin|Palafin, L50, F|100/100\n|switch|p2b: Scizor|Scizor, L50, M|100/100\n|-ability|p1b: Tyranitar|Unnerve\n|turn|1\n|\n|t:|1776276649\n|detailschange|p2a: Palafin|Palafin-Hero, L50, F\n|switch|p2a: Meganium|Meganium, L50, F|100/100\n|move|p1b: Tyranitar|Protect|p1b: Tyranitar\n|-singleturn|p1b: Tyranitar|Protect\n|move|p1a: Rotom|Discharge|p2b: Scizor|[spread] p2a,p2b\n|-activate|p1b: Tyranitar|move: Protect\n|-resisted|p2a: Meganium|1\n|-damage|p2a: Meganium|85/100\n|-damage|p2b: Scizor|61/100\n|-status|p2b: Scizor|par\n|move|p2b: Scizor|Close Combat|p1b: Tyranitar\n|-activate|p1b: Tyranitar|move: Protect\n|\n|upkeep\n|turn|2\n|inactive|maskedwolf56 has 30 seconds left.\n|\n|t:|1776276682\n|detailschange|p2a: Meganium|Meganium-Mega, L50, F\n|-mega|p2a: Meganium|Meganium|Meganiumite\n|detailschange|p1b: Tyranitar|Tyranitar-Mega, L50, M\n|-mega|p1b: Tyranitar|Tyranitar|Tyranitarite\n|-weather|Sandstorm|[from] ability: Sand Stream|[of] p1b: Tyranitar\n|move|p1a: Rotom|Electroweb|p2b: Scizor|[spread] p2a,p2b\n|-resisted|p2a: Meganium|1\n|-crit|p2a: Meganium\n|-damage|p2a: Meganium|70/100\n|-damage|p2b: Scizor|34/100 par\n|-unboost|p2a: Meganium|spe|1\n|-unboost|p2b: Scizor|spe|1\n|move|p1b: Tyranitar|Rock Slide|p2b: Scizor|[spread] p2a,p2b\n|-damage|p2a: Meganium|41/100\n|-damage|p2b: Scizor|0 fnt\n|faint|p2b: Scizor\n|cant|p2a: Meganium|flinch\n|\n|-weather|Sandstorm|[upkeep]\n|-damage|p1a: Rotom|95/100|[from] Sandstorm\n|-damage|p2a: Meganium|35/100|[from] Sandstorm\n|upkeep\n|\n|t:|1776276698\n|switch|p2b: Lycanroc|Lycanroc, L50, M|100/100\n|turn|3\n|\n|t:|1776276719\n|move|p1b: Tyranitar|Protect|p1b: Tyranitar\n|-singleturn|p1b: Tyranitar|Protect\n|move|p2b: Lycanroc|Close Combat|p1b: Tyranitar\n|-activate|p1b: Tyranitar|move: Protect\n|move|p1a: Rotom|Discharge|p2a: Meganium|[spread] p2a,p2b\n|-activate|p1b: Tyranitar|move: Protect\n|-resisted|p2a: Meganium|1\n|-damage|p2a: Meganium|21/100\n|-damage|p2b: Lycanroc|62/100\n|-status|p2a: Meganium|par\n|move|p2a: Meganium|Giga Drain|p1a: Rotom\n|-supereffective|p1a: Rotom|1\n|-damage|p1a: Rotom|0 fnt\n|-heal|p2a: Meganium|53/100 par|[from] drain|[of] p1a: Rotom\n|faint|p1a: Rotom\n|\n|-weather|Sandstorm|[upkeep]\n|-damage|p2a: Meganium|47/100 par|[from] Sandstorm\n|upkeep\n|\n|t:|1776276744\n|switch|p1a: Garchomp|Garchomp, L50, M|100/100\n|turn|4\n|\n|t:|1776276751\n|move|p2b: Lycanroc|Close Combat|p1b: Tyranitar\n|-supereffective|p1b: Tyranitar|2\n|-damage|p1b: Tyranitar|0 fnt\n|-unboost|p2b: Lycanroc|def|1\n|-unboost|p2b: Lycanroc|spd|1\n|faint|p1b: Tyranitar\n|move|p1a: Garchomp|Poison Jab|p2a: Meganium\n|-supereffective|p2a: Meganium|2\n|-damage|p2a: Meganium|0 fnt\n|faint|p2a: Meganium\n|\n|-weather|Sandstorm|[upkeep]\n|upkeep\n|\n|t:|1776276760\n|switch|p2a: Palafin|Palafin-Hero, L50, F|100/100\n|switch|p1b: Sneasler|Sneasler, L50, F|100/100\n|-activate|p2a: Palafin|ability: Zero to Hero\n|turn|5\n|\n|t:|1776276777\n|move|p1b: Sneasler|Fake Out|p2a: Palafin\n|-damage|p2a: Palafin|87/100\n|move|p2b: Lycanroc|Iron Head|p1b: Sneasler\n|-damage|p1b: Sneasler|51/100\n|move|p1a: Garchomp|Dragon Claw|p2b: Lycanroc\n|-damage|p2b: Lycanroc|0 fnt\n|faint|p2b: Lycanroc\n|cant|p2a: Palafin|flinch\n|\n|-weather|Sandstorm|[upkeep]\n|-damage|p1b: Sneasler|46/100|[from] Sandstorm\n|-damage|p2a: Palafin|82/100|[from] Sandstorm\n|upkeep\n|turn|6\n|\n|t:|1776276793\n|move|p2a: Palafin|Jet Punch|p1b: Sneasler\n|-damage|p1b: Sneasler|0 fnt\n|faint|p1b: Sneasler\n|move|p1a: Garchomp|Dragon Claw|p2a: Palafin\n|-damage|p2a: Palafin|44/100\n|\n|-weather|none\n|upkeep\n|turn|7\n|\n|t:|1776276806\n|move|p1a: Garchomp|Protect|p1a: Garchomp\n|-singleturn|p1a: Garchomp|Protect\n|move|p2a: Palafin|Ice Punch|p1a: Garchomp\n|-activate|p1a: Garchomp|move: Protect\n|\n|upkeep\n|turn|8\n|\n|t:|1776276812\n|move|p1a: Garchomp|Earthquake|p2a: Palafin\n|-crit|p2a: Palafin\n|-damage|p2a: Palafin|0 fnt\n|faint|p2a: Palafin\n|\n|win|maskedwolf56\n|raw|maskedwolf56's rating: 1254 &rarr; <strong>1272</strong><br />(+18 for winning)\n|raw|sylent knight's rating: 1159 &rarr; <strong>1141</strong><br />(-18 for losing)\n|l|\u2606sylent knight\n|player|p2|\n",
  "uploadtime": 1776276825,
  "views": 16,
  "formatid": "gen9championsvgc2026regma",
  "rating": 1141,
  "private": 0,
  "password": null
}