{
  "id": "gen9championsvgc2026regma-2585832017",
  "format": "[Gen 9 Champions] VGC 2026 Reg M-A",
  "players": [
    "IL PROCIACCIO",
    "rosescope"
  ],
  "log": "|j|\u2606IL PROCIACCIO\n|j|\u2606rosescope\n|t:|1776373965\n|gametype|doubles\n|player|p1|IL PROCIACCIO|170|1385\n|player|p2|rosescope|burglar|1421\n|gen|9\n|tier|[Gen 9 Champions] VGC 2026 Reg M-A\n|rated|\n|rule|Species Clause: Limit one of each Pok\u00e9mon\n|rule|Item Clause: Limit 1 of each item\n|clearpoke\n|poke|p1|Floette-Eternal, L50, F|\n|poke|p1|Incineroar, L50, M|\n|poke|p1|Sinistcha, L50|\n|poke|p1|Aerodactyl, L50, F|\n|poke|p1|Sneasler, L50, F|\n|poke|p1|Garchomp, L50, F|\n|poke|p2|Dragonite, L50, M|\n|poke|p2|Milotic, L50, M|\n|poke|p2|Scizor, L50, M|\n|poke|p2|Typhlosion-Hisui, L50, M|\n|poke|p2|Passimian, L50, F|\n|poke|p2|Glimmora, L50, F|\n|teampreview|4\n|inactive|Battle timer is ON: inactive players will automatically lose when time's up. (requested by IL PROCIACCIO)\n|\n|t:|1776373992\n|teamsize|p1|4\n|teamsize|p2|4\n|start\n|switch|p1a: Floette|Floette-Eternal, L50, F|100/100\n|switch|p1b: Sinistcha|Sinistcha, L50, shiny|100/100\n|switch|p2a: Milotic|Milotic, L50, M|100/100\n|switch|p2b: Scizor|Scizor, L50, M|100/100\n|turn|1\n|\n|t:|1776374015\n|detailschange|p2b: Scizor|Scizor-Mega, L50, M\n|-mega|p2b: Scizor|Scizor|Scizorite\n|move|p1a: Floette|Protect|p1a: Floette\n|-singleturn|p1a: Floette|Protect\n|move|p2a: Milotic|Icy Wind|p1a: Floette|[spread] p1b\n|-activate|p1a: Floette|move: Protect\n|-supereffective|p1b: Sinistcha|1\n|-damage|p1b: Sinistcha|71/100\n|move|p2b: Scizor|Swords Dance|p2b: Scizor\n|-boost|p2b: Scizor|atk|2\n|move|p1b: Sinistcha|Matcha Gotcha|p2b: Scizor|[spread] p2a,p2b\n|-supereffective|p2a: Milotic|1\n|-crit|p2a: Milotic\n|-resisted|p2b: Scizor|2\n|-damage|p2a: Milotic|39/100\n|-heal|p1b: Sinistcha|100/100|[from] drain|[of] p2a: Milotic\n|-damage|p2b: Scizor|93/100\n|-enditem|p2a: Milotic|Sitrus Berry|[eat]\n|-heal|p2a: Milotic|64/100|[from] item: Sitrus Berry\n|\n|upkeep\n|turn|2\n|inactive|IL PROCIACCIO has 30 seconds left.\n|\n|t:|1776374047\n|switch|p1a: Incineroar|Incineroar, L50, M|100/100\n|-ability|p1a: Incineroar|Intimidate|boost\n|-unboost|p2a: Milotic|atk|1\n|-ability|p2a: Milotic|Competitive|boost\n|-boost|p2a: Milotic|spa|2\n|-unboost|p2b: Scizor|atk|1\n|move|p2b: Scizor|Bullet Punch|p1a: Incineroar\n|-resisted|p1a: Incineroar|1\n|-damage|p1a: Incineroar|79/100\n|move|p2a: Milotic|Icy Wind|p1a: Incineroar|[spread] p1a,p1b\n|-resisted|p1a: Incineroar|1\n|-supereffective|p1b: Sinistcha|1\n|-damage|p1a: Incineroar|68/100\n|-damage|p1b: Sinistcha|44/100\n|-unboost|p1a: Incineroar|spe|1\n|-unboost|p1b: Sinistcha|spe|1\n|-enditem|p1b: Sinistcha|Sitrus Berry|[eat]\n|-heal|p1b: Sinistcha|69/100|[from] item: Sitrus Berry\n|move|p1b: Sinistcha|Matcha Gotcha|p2b: Scizor|[spread] p2b\n|-miss|p1b: Sinistcha|p2a: Milotic\n|-resisted|p2b: Scizor|2\n|-damage|p2b: Scizor|86/100\n|-heal|p1b: Sinistcha|73/100|[from] drain|[of] p2b: Scizor\n|-status|p2b: Scizor|brn\n|\n|-damage|p2b: Scizor|80/100 brn|[from] brn\n|upkeep\n|turn|3\n|n|!rosescope|rosescope\n|inactive|IL PROCIACCIO has 30 seconds left.\n|\n|t:|1776374077\n|move|p2b: Scizor|Protect|p2b: Scizor\n|-singleturn|p2b: Scizor|Protect\n|move|p1a: Incineroar|Fake Out|p2a: Milotic\n|-damage|p2a: Milotic|52/100\n|cant|p2a: Milotic|flinch\n|move|p1b: Sinistcha|Matcha Gotcha|p2b: Scizor|[spread] p2a\n|-activate|p2b: Scizor|move: Protect\n|-supereffective|p2a: Milotic|1\n|-damage|p2a: Milotic|10/100\n|-heal|p1b: Sinistcha|97/100|[from] drain|[of] p2a: Milotic\n|\n|-damage|p2b: Scizor|74/100 brn|[from] brn\n|upkeep\n|turn|4\n|inactive|IL PROCIACCIO has 30 seconds left.\n|\n|t:|1776374104\n|move|p2a: Milotic|Muddy Water|p1b: Sinistcha|[spread] p1a,p1b\n|-supereffective|p1a: Incineroar|1\n|-resisted|p1b: Sinistcha|1\n|-crit|p1b: Sinistcha\n|-damage|p1a: Incineroar|0 fnt\n|-damage|p1b: Sinistcha|42/100\n|faint|p1a: Incineroar\n|move|p2b: Scizor|Bug Bite|p1b: Sinistcha\n|-damage|p1b: Sinistcha|3/100\n|move|p1b: Sinistcha|Matcha Gotcha|p2a: Milotic|[spread] p2a,p2b\n|-supereffective|p2a: Milotic|1\n|-resisted|p2b: Scizor|2\n|-damage|p2a: Milotic|0 fnt\n|-heal|p1b: Sinistcha|8/100|[from] drain|[of] p2a: Milotic\n|-damage|p2b: Scizor|67/100 brn\n|-heal|p1b: Sinistcha|12/100|[from] drain|[of] p2b: Scizor\n|faint|p2a: Milotic\n|\n|-damage|p2b: Scizor|61/100 brn|[from] brn\n|upkeep\n|\n|t:|1776374123\n|switch|p2a: mikoto|Typhlosion-Hisui, L50, M|100/100\n|switch|p1a: Garchomp|Garchomp, L50, F|100/100\n|-item|p1a: Garchomp|Choice Scarf|[from] ability: Frisk|[of] p2a: mikoto\n|turn|5\n|\n|t:|1776374138\n|move|p2b: Scizor|Bullet Punch|p1a: Garchomp\n|-damage|p1a: Garchomp|73/100\n|-damage|p2b: Scizor|48/100 brn|[from] ability: Rough Skin|[of] p1a: Garchomp\n|move|p1a: Garchomp|Stomping Tantrum|p2a: mikoto\n|-supereffective|p2a: mikoto|1\n|-damage|p2a: mikoto|0 fnt\n|faint|p2a: mikoto\n|move|p1b: Sinistcha|Strength Sap|p2b: Scizor\n|-unboost|p2b: Scizor|atk|1\n|-heal|p1b: Sinistcha|100/100\n|\n|-damage|p2b: Scizor|43/100 brn|[from] brn\n|upkeep\n|-message|rosescope forfeited.\n|\n|win|IL PROCIACCIO\n",
  "uploadtime": 1776374055,
  "views": 16,
  "formatid": "gen9championsvgc2026regma",
  "rating": null,
  "private": 0,
  "password": null
}