{
  "id": "gen9championsvgc2026regma-2582428897",
  "format": "[Gen 9 Champions] VGC 2026 Reg M-A",
  "players": [
    "kiishn",
    "Henrik22"
  ],
  "log": "|j|\u2606kiishn\n|j|\u2606Henrik22\n|t:|1776091094\n|gametype|doubles\n|player|p1|kiishn|sabrina|1235\n|player|p2|Henrik22|ethan|1335\n|gen|9\n|tier|[Gen 9 Champions] VGC 2026 Reg M-A\n|rated|\n|rule|Species Clause: Limit one of each Pok\u00e9mon\n|rule|Item Clause: Limit 1 of each item\n|clearpoke\n|poke|p1|Kleavor, L50, M|\n|poke|p1|Scizor, L50, M|\n|poke|p1|Pinsir, L50, M|\n|poke|p1|Meganium, L50, M|\n|poke|p1|Pelipper, L50, M|\n|poke|p1|Basculegion, L50, M|\n|poke|p2|Clefable, L50, F|\n|poke|p2|Delphox, L50, M|\n|poke|p2|Sneasler, L50, F|\n|poke|p2|Kingambit, L50, M|\n|poke|p2|Meganium, L50, F|\n|poke|p2|Pelipper, L50, F|\n|teampreview|4\n|inactive|Battle timer is ON: inactive players will automatically lose when time's up. (requested by Henrik22)\n|inactive|kiishn has 60 seconds left.\n|inactive|Henrik22 has 60 seconds left.\n|\n|t:|1776091157\n|teamsize|p1|4\n|teamsize|p2|4\n|start\n|switch|p1a: Pinsir|Pinsir, L50, M, shiny|100/100\n|switch|p1b: Pelipper|Pelipper, L50, M, shiny|100/100\n|switch|p2a: Sneasler|Sneasler, L50, F|100/100\n|switch|p2b: Kingambit|Kingambit, L50, M|100/100\n|-weather|RainDance|[from] ability: Drizzle|[of] p1b: Pelipper\n|turn|1\n|inactive|kiishn has 30 seconds left.\n|inactive|Henrik22 has 30 seconds left.\n|\n|t:|1776091189\n|detailschange|p1a: Pinsir|Pinsir-Mega, L50, M, shiny\n|-mega|p1a: Pinsir|Pinsir|Pinsirite\n|move|p1a: Pinsir|Protect|p1a: Pinsir\n|-singleturn|p1a: Pinsir|Protect\n|move|p2a: Sneasler|Fake Out|p1b: Pelipper\n|-damage|p1b: Pelipper|80/100\n|cant|p1b: Pelipper|flinch\n|move|p2b: Kingambit|Kowtow Cleave|p1a: Pinsir\n|-activate|p1a: Pinsir|move: Protect\n|\n|-weather|RainDance|[upkeep]\n|upkeep\n|turn|2\n|inactive|kiishn has 30 seconds left.\n|\n|t:|1776091214\n|move|p2a: Sneasler|Protect|p2a: Sneasler\n|-singleturn|p2a: Sneasler|Protect\n|move|p1b: Pelipper|Protect|p1b: Pelipper\n|-singleturn|p1b: Pelipper|Protect\n|move|p1a: Pinsir|Body Slam|p2a: Sneasler\n|-activate|p2a: Sneasler|move: Protect\n|move|p2b: Kingambit|Kowtow Cleave|p1a: Pinsir\n|-damage|p1a: Pinsir|34/100\n|\n|-weather|RainDance|[upkeep]\n|upkeep\n|turn|3\n|\n|t:|1776091235\n|switch|p2a: Pelipper|Pelipper, L50, F|100/100\n|move|p1a: Pinsir|Quick Attack|p2a: Pelipper\n|-damage|p2a: Pelipper|65/100\n|move|p2b: Kingambit|Sucker Punch||[still]\n|-fail|p2b: Kingambit\n|move|p1b: Pelipper|Hurricane|p2a: Pelipper\n|-damage|p2a: Pelipper|0 fnt\n|faint|p2a: Pelipper\n|\n|-weather|RainDance|[upkeep]\n|upkeep\n|\n|t:|1776091247\n|switch|p2a: Meganium|Meganium, L50, F|100/100\n|turn|4\n|\n|t:|1776091267\n|move|p2a: Meganium|Protect|p2a: Meganium\n|-singleturn|p2a: Meganium|Protect\n|move|p1b: Pelipper|Protect|p1b: Pelipper\n|-singleturn|p1b: Pelipper|Protect\n|move|p1a: Pinsir|Feint|p2a: Meganium\n|-activate|p2a: Meganium|move: Feint\n|-supereffective|p2a: Meganium|1\n|-damage|p2a: Meganium|53/100\n|move|p2b: Kingambit|Kowtow Cleave|p1a: Pinsir\n|-damage|p1a: Pinsir|0 fnt\n|faint|p1a: Pinsir\n|\n|-weather|RainDance|[upkeep]\n|upkeep\n|\n|t:|1776091282\n|switch|p1a: Scizor|Scizor, L50, M, shiny|100/100\n|turn|5\n|\n|t:|1776091301\n|switch|p2a: Sneasler|Sneasler, L50, F|100/100\n|move|p1b: Pelipper|Hurricane|p2a: Sneasler\n|-supereffective|p2a: Sneasler|1\n|-damage|p2a: Sneasler|0 fnt\n|faint|p2a: Sneasler\n|move|p1a: Scizor|Swords Dance|p1a: Scizor\n|-boost|p1a: Scizor|atk|2\n|move|p2b: Kingambit|Kowtow Cleave|p1b: Pelipper\n|-damage|p1b: Pelipper|3/100\n|\n|-weather|none\n|upkeep\n|c|\u2606kiishn|gg\n|\n|t:|1776091311\n|switch|p2a: Meganium|Meganium, L50, F|53/100\n|turn|6\n|\n|t:|1776091320\n|detailschange|p2a: Meganium|Meganium-Mega, L50, F\n|-mega|p2a: Meganium|Meganium|Meganiumite\n|move|p2b: Kingambit|Sucker Punch|p1b: Pelipper\n|-damage|p1b: Pelipper|0 fnt\n|faint|p1b: Pelipper\n|move|p2a: Meganium|Weather Ball|p1a: Scizor\n|-supereffective|p1a: Scizor|2\n|-damage|p1a: Scizor|0 fnt\n|faint|p1a: Scizor\n|\n|upkeep\n|c|\u2606kiishn|ts is over bru\n|\n|t:|1776091336\n|switch|p1b: Basculegion|Basculegion, L50, M, shiny|100/100\n|turn|7\n|c|\u2606Henrik22|is it bascu\n|\n|t:|1776091348\n|move|p2b: Kingambit|Sucker Punch|p1b: Basculegion\n|-supereffective|p1b: Basculegion|1\n|-damage|p1b: Basculegion|0 fnt\n|faint|p1b: Basculegion\n|\n|win|Henrik22\n|raw|kiishn's rating: 1235 &rarr; <strong>1217</strong><br />(-18 for losing)\n|raw|Henrik22's rating: 1335 &rarr; <strong>1349</strong><br />(+14 for winning)\n|c|\u2606Henrik22|gg\n|l|\u2606kiishn\n|player|p1|\n|c|\u2606Henrik22|why no bullet?\n",
  "uploadtime": 1776091371,
  "views": 17,
  "formatid": "gen9championsvgc2026regma",
  "rating": 1217,
  "private": 0,
  "password": null
}