{
  "id": "gen9championsvgc2026regma-2582995346",
  "format": "[Gen 9 Champions] VGC 2026 Reg M-A",
  "players": [
    "dracovishlover26",
    "Dswift98"
  ],
  "log": "|j|\u2606dracovishlover26\n|j|\u2606Dswift98\n|t:|1776131739\n|gametype|doubles\n|player|p1|dracovishlover26|roxie|1000\n|player|p2|Dswift98|linebacker|1071\n|gen|9\n|tier|[Gen 9 Champions] VGC 2026 Reg M-A\n|rated|\n|rule|Species Clause: Limit one of each Pok\u00e9mon\n|rule|Item Clause: Limit 1 of each item\n|clearpoke\n|poke|p1|Sableye, L50, F|\n|poke|p1|Ninetales-Alola, L50, F|\n|poke|p1|Froslass, L50, F|\n|poke|p1|Gyarados, L50, F|\n|poke|p1|Aegislash, L50, F|\n|poke|p1|Gardevoir, L50, F|\n|poke|p2|Blastoise, L50, M|\n|poke|p2|Sinistcha, L50|\n|poke|p2|Pelipper, L50, F|\n|poke|p2|Archaludon, L50, M|\n|poke|p2|Incineroar, L50, M|\n|poke|p2|Orthworm, L50, F|\n|teampreview|4\n|inactive|Battle timer is ON: inactive players will automatically lose when time's up. (requested by Dswift98)\nDswift98 has agreed to open team sheets.\ndracovishlover26 rejected open team sheets.\n|inactive|dracovishlover26 has 60 seconds left.\n|inactive|Dswift98 has 60 seconds left.\n|\n|t:|1776131778\n|teamsize|p1|4\n|teamsize|p2|4\n|start\n|switch|p1a: Gyarados|Gyarados, L50, F, shiny|100/100\n|switch|p1b: Sableye|Sableye, L50, F|100/100\n|switch|p2a: Sinistcha|Sinistcha, L50|100/100\n|switch|p2b: Blastoise|Blastoise, L50, M|100/100\n|-ability|p1a: Gyarados|Intimidate|boost\n|-unboost|p2a: Sinistcha|atk|1\n|-unboost|p2b: Blastoise|atk|1\n|turn|1\n|inactive|dracovishlover26 has 30 seconds left.\n|\n|t:|1776131804\n|switch|p1a: Ninetales|Ninetales-Alola, L50, F, shiny|100/100\n|-weather|Snowscape|[from] ability: Snow Warning|[of] p1a: Ninetales\n|detailschange|p2b: Blastoise|Blastoise-Mega, L50, M\n|-mega|p2b: Blastoise|Blastoise|Blastoisinite\n|move|p1b: Sableye|Fake Out|p2a: Sinistcha\n|-immune|p2a: Sinistcha\n|move|p2a: Sinistcha|Rage Powder|p2a: Sinistcha\n|-singleturn|p2a: Sinistcha|move: Rage Powder\n|move|p2b: Blastoise|Shell Smash|p2b: Blastoise\n|-unboost|p2b: Blastoise|def|1\n|-unboost|p2b: Blastoise|spd|1\n|-boost|p2b: Blastoise|atk|2\n|-boost|p2b: Blastoise|spa|2\n|-boost|p2b: Blastoise|spe|2\n|\n|-weather|Snowscape|[upkeep]\n|upkeep\n|turn|2\n|\n|t:|1776131824\n|switch|p2a: Pelipper|Pelipper, L50, F|100/100\n|-weather|RainDance|[from] ability: Drizzle|[of] p2a: Pelipper\n|move|p1b: Sableye|Encore|p2b: Blastoise\n|-start|p2b: Blastoise|Encore\n|move|p2b: Blastoise|Shell Smash|p2b: Blastoise\n|-unboost|p2b: Blastoise|def|1\n|-unboost|p2b: Blastoise|spd|1\n|-boost|p2b: Blastoise|atk|2\n|-boost|p2b: Blastoise|spa|2\n|-boost|p2b: Blastoise|spe|2\n|move|p1a: Ninetales|Blizzard|p2b: Blastoise|[spread] p2b\n|-miss|p1a: Ninetales|p2a: Pelipper\n|-resisted|p2b: Blastoise|1\n|-damage|p2b: Blastoise|72/100\n|-status|p2b: Blastoise|frz\n|\n|-weather|RainDance|[upkeep]\n|upkeep\n|turn|3\n|inactive|dracovishlover26 has 30 seconds left.\n|inactive|Dswift98 has 30 seconds left.\n|\n|t:|1776131856\n|switch|p1a: Froslass|Froslass, L50, F, shiny|100/100\n|switch|p2a: Sinistcha|Sinistcha, L50|100/100\n|-heal|p2b: Blastoise|97/100 frz|[from] ability: Hospitality|[of] p2a: Sinistcha\n|-curestatus|p2b: Blastoise|frz|[msg]\n|move|p2b: Blastoise|Shell Smash|p2b: Blastoise\n|-unboost|p2b: Blastoise|def|1\n|-unboost|p2b: Blastoise|spd|1\n|-boost|p2b: Blastoise|atk|2\n|-boost|p2b: Blastoise|spa|2\n|-boost|p2b: Blastoise|spe|2\n|move|p1b: Sableye|Knock Off|p2a: Sinistcha\n|-supereffective|p2a: Sinistcha|1\n|-damage|p2a: Sinistcha|52/100\n|-enditem|p2a: Sinistcha|Focus Sash|[from] move: Knock Off|[of] p1b: Sableye\n|\n|-weather|RainDance|[upkeep]\n|upkeep\n|turn|4\n|inactive|dracovishlover26 has 30 seconds left.\n|inactive|Dswift98 has 30 seconds left.\n|inactive|Dswift98 has 20 seconds left.\n|\n|t:|1776131893\n|move|p2b: Blastoise|Shell Smash|p2b: Blastoise\n|-unboost|p2b: Blastoise|def|1\n|-unboost|p2b: Blastoise|spd|1\n|-boost|p2b: Blastoise|atk|1\n|-boost|p2b: Blastoise|spa|0\n|-boost|p2b: Blastoise|spe|0\n|move|p1a: Froslass|Thunderbolt|p2b: Blastoise\n|-supereffective|p2b: Blastoise|1\n|-damage|p2b: Blastoise|0 fnt\n|faint|p2b: Blastoise\n|move|p2a: Sinistcha|Life Dew|p2a: Sinistcha\n|-heal|p2a: Sinistcha|77/100\n|move|p1b: Sableye|Knock Off|p2a: Sinistcha\n|-supereffective|p2a: Sinistcha|1\n|-damage|p2a: Sinistcha|43/100\n|\n|-weather|RainDance|[upkeep]\n|upkeep\n|\n|t:|1776131901\n|switch|p2b: Archaludon|Archaludon, L50, M|100/100\n|turn|5\n|\n|t:|1776131923\n|switch|p1b: Ninetales|Ninetales-Alola, L50, F, shiny|100/100\n|-weather|Snowscape|[from] ability: Snow Warning|[of] p1b: Ninetales\n|move|p1a: Froslass|Protect|p1a: Froslass\n|-singleturn|p1a: Froslass|Protect\n|move|p2b: Archaludon|Flash Cannon|p1a: Froslass\n|-activate|p1a: Froslass|move: Protect\n|move|p2a: Sinistcha|Life Dew||[still]|[spread] p2a,p2b\n|-heal|p2a: Sinistcha|68/100\n|-fail|p2b: Archaludon|heal\n|\n|-weather|Snowscape|[upkeep]\n|upkeep\n|turn|6\n|inactive|dracovishlover26 has 30 seconds left.\n|\n|t:|1776131951\n|switch|p2a: Pelipper|Pelipper, L50, F|100/100\n|-weather|RainDance|[from] ability: Drizzle|[of] p2a: Pelipper\n|move|p1b: Ninetales|Aurora Veil||[still]\n|-fail|p1b: Ninetales\n|move|p1a: Froslass|Blizzard|p2a: Pelipper|[spread] p2a,p2b\n|-damage|p2a: Pelipper|41/100\n|-damage|p2b: Archaludon|73/100\n|move|p2b: Archaludon|Flash Cannon|p1b: Ninetales\n|-supereffective|p1b: Ninetales|2\n|-enditem|p1b: Ninetales|Focus Sash\n|-damage|p1b: Ninetales|1/100\n|\n|-weather|RainDance|[upkeep]\n|upkeep\n|turn|7\n|\n|t:|1776131976\n|switch|p1b: Sableye|Sableye, L50, F|100/100\n|move|p1a: Froslass|Protect|p1a: Froslass\n|-singleturn|p1a: Froslass|Protect\n|move|p2a: Pelipper|Tailwind|p2a: Pelipper\n|-sidestart|p2: Dswift98|move: Tailwind\n|move|p2b: Archaludon|Flash Cannon|p1a: Froslass\n|-activate|p1a: Froslass|move: Protect\n|\n|-weather|RainDance|[upkeep]\n|upkeep\n|turn|8\n|\n|t:|1776132001\n|switch|p1a: Ninetales|Ninetales-Alola, L50, F, shiny|1/100\n|-weather|Snowscape|[from] ability: Snow Warning|[of] p1a: Ninetales\n|move|p2a: Pelipper|Wide Guard|p2a: Pelipper\n|-singleturn|p2a: Pelipper|Wide Guard\n|move|p1b: Sableye|Fake Out|p2b: Archaludon\n|-resisted|p2b: Archaludon|1\n|-damage|p2b: Archaludon|70/100\n|cant|p2b: Archaludon|flinch\n|\n|-weather|Snowscape|[upkeep]\n|upkeep\n|turn|9\n|\n|t:|1776132024\n|move|p1b: Sableye|Encore|p2a: Pelipper\n|-start|p2a: Pelipper|Encore\n|move|p2a: Pelipper|Wide Guard|p2a: Pelipper\n|-singleturn|p2a: Pelipper|Wide Guard\n|move|p2b: Archaludon|Flash Cannon|p1a: Ninetales\n|-supereffective|p1a: Ninetales|2\n|-damage|p1a: Ninetales|0 fnt\n|faint|p1a: Ninetales\n|\n|-weather|Snowscape|[upkeep]\n|upkeep\n|\n|t:|1776132034\n|switch|p1a: Froslass|Froslass, L50, F, shiny|100/100\n|turn|10\n|\n|t:|1776132052\n|switch|p2a: Sinistcha|Sinistcha, L50|68/100\n|-heal|p2b: Archaludon|94/100|[from] ability: Hospitality|[of] p2a: Sinistcha\n|detailschange|p1b: Sableye|Sableye-Mega, L50, F\n|-mega|p1b: Sableye|Sableye|Sablenite\n|move|p2b: Archaludon|Protect|p2b: Archaludon\n|-singleturn|p2b: Archaludon|Protect\n|move|p1a: Froslass|Thunderbolt|p2a: Sinistcha\n|-resisted|p2a: Sinistcha|1\n|-damage|p2a: Sinistcha|58/100\n|move|p1b: Sableye|Disable|p2b: Archaludon\n|-activate|p2b: Archaludon|move: Protect\n|\n|-weather|Snowscape|[upkeep]\n|-sideend|p2: Dswift98|move: Tailwind\n|upkeep\n|turn|11\n|inactive|Dswift98 has 30 seconds left.\n|\n|t:|1776132079\n|switch|p2a: Pelipper|Pelipper, L50, F|41/100\n|-weather|RainDance|[from] ability: Drizzle|[of] p2a: Pelipper\n|move|p1a: Froslass|Blizzard|p2b: Archaludon|[spread] p2a,p2b\n|-damage|p2a: Pelipper|0 fnt\n|-damage|p2b: Archaludon|68/100\n|faint|p2a: Pelipper\n|move|p2b: Archaludon|Electro Shot||[still]\n|-prepare|p2b: Archaludon|Electro Shot\n|-boost|p2b: Archaludon|spa|1\n|-anim|p2b: Archaludon|Electro Shot|p1b: Sableye\n|-damage|p1b: Sableye|45/100\n|move|p1b: Sableye|Knock Off|p2b: Archaludon\n|-damage|p2b: Archaludon|48/100\n|-enditem|p2b: Archaludon|White Herb|[from] move: Knock Off|[of] p1b: Sableye\n|\n|-weather|RainDance|[upkeep]\n|upkeep\n|\n|t:|1776132092\n|switch|p2a: Sinistcha|Sinistcha, L50|58/100\n|-heal|p2b: Archaludon|73/100|[from] ability: Hospitality|[of] p2a: Sinistcha\n|turn|12\n|\n|t:|1776132115\n|move|p2a: Sinistcha|Rage Powder|p2a: Sinistcha\n|-singleturn|p2a: Sinistcha|move: Rage Powder\n|move|p1a: Froslass|Blizzard|p2b: Archaludon|[spread] p2a\n|-miss|p1a: Froslass|p2b: Archaludon\n|-supereffective|p2a: Sinistcha|1\n|-damage|p2a: Sinistcha|0 fnt\n|faint|p2a: Sinistcha\n|move|p2b: Archaludon|Flash Cannon|p1a: Froslass\n|-supereffective|p1a: Froslass|1\n|-damage|p1a: Froslass|0 fnt\n|faint|p1a: Froslass\n|move|p1b: Sableye|Disable|p2b: Archaludon\n|-start|p2b: Archaludon|Disable|Flash Cannon\n|\n|-weather|RainDance|[upkeep]\n|upkeep\n|\n|t:|1776132127\n|switch|p1a: Gyarados|Gyarados, L50, F, shiny|100/100\n|-ability|p1a: Gyarados|Intimidate|boost\n|-unboost|p2b: Archaludon|atk|1\n|turn|13\n|inactive|dracovishlover26 has 30 seconds left.\n|inactive|dracovishlover26 has 20 seconds left.\n|\n|t:|1776132163\n|move|p1a: Gyarados|Protect|p1a: Gyarados\n|-singleturn|p1a: Gyarados|Protect\n|move|p2b: Archaludon|Electro Shot||[still]\n|-prepare|p2b: Archaludon|Electro Shot\n|-boost|p2b: Archaludon|spa|1\n|-anim|p2b: Archaludon|Electro Shot|p1a: Gyarados\n|-activate|p1a: Gyarados|move: Protect\n|move|p1b: Sableye|Knock Off|p2b: Archaludon\n|-damage|p2b: Archaludon|59/100\n|\n|-weather|RainDance|[upkeep]\n|upkeep\n|turn|14\n|\n|t:|1776132179\n|move|p1a: Gyarados|Double-Edge|p2b: Archaludon\n|-resisted|p2b: Archaludon|1\n|-damage|p2b: Archaludon|44/100\n|-damage|p1a: Gyarados|95/100|[from] Recoil\n|move|p2b: Archaludon|Dragon Pulse|p1b: Sableye\n|-damage|p1b: Sableye|0 fnt\n|faint|p1b: Sableye\n|\n|-weather|RainDance|[upkeep]\n|upkeep\n|turn|15\n|\n|t:|1776132196\n|move|p1a: Gyarados|Protect|p1a: Gyarados\n|-singleturn|p1a: Gyarados|Protect\n|move|p2b: Archaludon|Electro Shot||[still]\n|-prepare|p2b: Archaludon|Electro Shot\n|-boost|p2b: Archaludon|spa|1\n|-anim|p2b: Archaludon|Electro Shot|p1a: Gyarados\n|-activate|p1a: Gyarados|move: Protect\n|\n|-weather|none\n|upkeep\n|turn|16\n|\n|t:|1776132212\n|move|p1a: Gyarados|Aqua Tail|p2b: Archaludon\n|-resisted|p2b: Archaludon|1\n|-crit|p2b: Archaludon\n|-damage|p2b: Archaludon|18/100\n|move|p2b: Archaludon|Dragon Pulse|p1a: Gyarados\n|-damage|p1a: Gyarados|4/100\n|\n|-end|p2b: Archaludon|Disable\n|upkeep\n|turn|17\n|\n|t:|1776132227\n|move|p1a: Gyarados|Double-Edge|p2b: Archaludon\n|-resisted|p2b: Archaludon|1\n|-damage|p2b: Archaludon|5/100\n|-damage|p1a: Gyarados|0 fnt|[from] Recoil\n|faint|p1a: Gyarados\n|\n|win|Dswift98\n|raw|dracovishlover26's rating: 1000 &rarr; <strong>1000</strong><br />(+0 for losing)\n|raw|Dswift98's rating: 1071 &rarr; <strong>1094</strong><br />(+23 for winning)\n|c|\u2606dracovishlover26|gg\n|c|\u2606Dswift98|gg\n|l|\u2606dracovishlover26\n|player|p1|\n",
  "uploadtime": 1776132261,
  "views": 17,
  "formatid": "gen9championsvgc2026regma",
  "rating": 1000,
  "private": 0,
  "password": null
}