{
  "id": "gen9championsvgc2026regma-2587249321",
  "format": "[Gen 9 Champions] VGC 2026 Reg M-A",
  "players": [
    "drewew97",
    "noslen9385"
  ],
  "log": "|j|\u2606drewew97\n|j|\u2606noslen9385\n|t:|1776514296\n|gametype|doubles\n|player|p1|drewew97|266|1069\n|player|p2|noslen9385|265|1110\n|gen|9\n|tier|[Gen 9 Champions] VGC 2026 Reg M-A\n|rated|\n|rule|Species Clause: Limit one of each Pok\u00e9mon\n|rule|Item Clause: Limit 1 of each item\n|clearpoke\n|poke|p1|Glimmora, L50, M, shiny|\n|poke|p1|Ninetales-Alola, L50, F|\n|poke|p1|Incineroar, L50, M|\n|poke|p1|Skarmory, L50, F|\n|poke|p1|Kommo-o, L50, F|\n|poke|p1|Basculegion, L50, M|\n|poke|p2|Floette-Eternal, L50, F|\n|poke|p2|Tyranitar, L50, M|\n|poke|p2|Aerodactyl, L50, F|\n|poke|p2|Sneasler, L50, M|\n|poke|p2|Volcarona, L50, M|\n|poke|p2|Incineroar, L50, M|\n|teampreview|4\n|inactive|Battle timer is ON: inactive players will automatically lose when time's up. (requested by noslen9385)\n|inactive|drewew97 has 60 seconds left.\n|inactive|drewew97 has 30 seconds left.\n|\n|t:|1776514370\n|teamsize|p1|4\n|teamsize|p2|4\n|start\n|switch|p1a: Glimmora|Glimmora, L50, M, shiny|100/100\n|switch|p1b: Skarmory|Skarmory, L50, F|100/100\n|switch|p2a: Tyranitar|Tyranitar, L50, M|100/100\n|switch|p2b: Aerodactyl|Aerodactyl, L50, F|100/100\n|-ability|p2b: Aerodactyl|Unnerve\n|-weather|Sandstorm|[from] ability: Sand Stream|[of] p2a: Tyranitar\n|turn|1\n|\n|t:|1776514391\n|detailschange|p2a: Tyranitar|Tyranitar-Mega, L50, M\n|-mega|p2a: Tyranitar|Tyranitar|Tyranitarite\n|move|p2b: Aerodactyl|Tailwind|p2b: Aerodactyl\n|-sidestart|p2: noslen9385|move: Tailwind\n|move|p2a: Tyranitar|Rock Slide|p1a: Glimmora|[spread] p1a,p1b\n|-damage|p1a: Glimmora|61/100\n|-damage|p1b: Skarmory|70/100\n|-activate|p1a: Glimmora|ability: Toxic Debris\n|-sidestart|p2: noslen9385|move: Toxic Spikes\n|cant|p1a: Glimmora|flinch\n|cant|p1b: Skarmory|flinch\n|\n|-weather|Sandstorm|[upkeep]\n|upkeep\n|turn|2\n|inactive|drewew97 has 30 seconds left.\n|\n|t:|1776514417\n|switch|p1b: Kommo-o|Kommo-o, L50, F|100/100\n|move|p1a: Glimmora|Spiky Shield|p1a: Glimmora\n|-singleturn|p1a: Glimmora|move: Protect\n|move|p2b: Aerodactyl|Rock Slide|p1b: Kommo-o|[spread] p1b\n|-activate|p1a: Glimmora|move: Protect\n|-resisted|p1b: Kommo-o|1\n|-damage|p1b: Kommo-o|91/100\n|move|p2a: Tyranitar|Rock Slide|p1b: Kommo-o|[spread] \n|-activate|p1a: Glimmora|move: Protect\n|-miss|p2a: Tyranitar|p1b: Kommo-o\n|\n|-weather|Sandstorm|[upkeep]\n|-heal|p1b: Kommo-o|97/100|[from] item: Leftovers\n|upkeep\n|turn|3\n|inactive|drewew97 has 30 seconds left.\n|\n|t:|1776514450\n|detailschange|p1a: Glimmora|Glimmora-Mega, L50, M, shiny\n|-mega|p1a: Glimmora|Glimmora|Glimmoranite\n|move|p1b: Kommo-o|Protect|p1b: Kommo-o\n|-singleturn|p1b: Kommo-o|Protect\n|move|p2b: Aerodactyl|Dual Wingbeat|p1b: Kommo-o\n|-activate|p1b: Kommo-o|move: Protect\n|move|p2a: Tyranitar|Body Press|p1a: Glimmora\n|-damage|p1a: Glimmora|35/100\n|move|p1a: Glimmora|Power Gem|p2b: Aerodactyl\n|-supereffective|p2b: Aerodactyl|1\n|-enditem|p2b: Aerodactyl|Focus Sash\n|-damage|p2b: Aerodactyl|1/100\n|\n|-weather|Sandstorm|[upkeep]\n|-heal|p1b: Kommo-o|100/100|[from] item: Leftovers\n|upkeep\n|turn|4\n|inactive|drewew97 has 30 seconds left.\n|\n|t:|1776514479\n|switch|p1b: Skarmory|Skarmory, L50, F|70/100\n|move|p1a: Glimmora|Spiky Shield|p1a: Glimmora\n|-singleturn|p1a: Glimmora|move: Protect\n|move|p2b: Aerodactyl|Rock Slide|p1b: Skarmory|[spread] p1b\n|-activate|p1a: Glimmora|move: Protect\n|-damage|p1b: Skarmory|52/100\n|move|p2a: Tyranitar|Avalanche|p1b: Skarmory\n|-damage|p1b: Skarmory|31/100\n|\n|-weather|Sandstorm|[upkeep]\n|-sideend|p2: noslen9385|move: Tailwind\n|upkeep\n|turn|5\n|inactive|drewew97 has 30 seconds left.\n|\n|t:|1776514505\n|move|p2b: Aerodactyl|Rock Slide|p1a: Glimmora|[spread] p1a,p1b\n|-damage|p1a: Glimmora|12/100\n|-damage|p1b: Skarmory|13/100\n|move|p1a: Glimmora|Power Gem|p2b: Aerodactyl\n|-supereffective|p2b: Aerodactyl|1\n|-damage|p2b: Aerodactyl|0 fnt\n|faint|p2b: Aerodactyl\n|move|p1b: Skarmory|Tailwind|p1b: Skarmory\n|-sidestart|p1: drewew97|move: Tailwind\n|move|p2a: Tyranitar|Rock Slide|p1a: Glimmora|[spread] p1a,p1b\n|-crit|p1a: Glimmora\n|-damage|p1a: Glimmora|0 fnt\n|-damage|p1b: Skarmory|0 fnt\n|faint|p1a: Glimmora\n|faint|p1b: Skarmory\n|\n|-weather|none\n|upkeep\n|\n|t:|1776514523\n|switch|p2b: Incineroar|Incineroar, L50, M|100/100\n|switch|p1a: Kommo-o|Kommo-o, L50, F|100/100\n|switch|p1b: Basculegion|Basculegion, L50, M|100/100\n|-status|p2b: Incineroar|psn\n|-ability|p2b: Incineroar|Intimidate|boost\n|-unboost|p1a: Kommo-o|atk|1\n|-unboost|p1b: Basculegion|atk|1\n|turn|6\n|\n|t:|1776514547\n|move|p1a: Kommo-o|Protect|p1a: Kommo-o\n|-singleturn|p1a: Kommo-o|Protect\n|move|p1b: Basculegion|Protect|p1b: Basculegion\n|-singleturn|p1b: Basculegion|Protect\n|move|p2b: Incineroar|Fake Out|p1a: Kommo-o\n|-activate|p1a: Kommo-o|move: Protect\n|move|p2a: Tyranitar|Avalanche|p1a: Kommo-o\n|-activate|p1a: Kommo-o|move: Protect\n|\n|-damage|p2b: Incineroar|88/100 psn|[from] psn\n|upkeep\n|turn|7\n|\n|t:|1776514565\n|move|p1a: Kommo-o|Clangorous Soul|p1a: Kommo-o\n|-boost|p1a: Kommo-o|atk|1\n|-boost|p1a: Kommo-o|def|1\n|-boost|p1a: Kommo-o|spa|1\n|-boost|p1a: Kommo-o|spd|1\n|-boost|p1a: Kommo-o|spe|1\n|-damage|p1a: Kommo-o|68/100\n|move|p1b: Basculegion|Wave Crash|p2b: Incineroar\n|-supereffective|p2b: Incineroar|1\n|-damage|p2b: Incineroar|0 fnt\n|faint|p2b: Incineroar\n|-damage|p1b: Basculegion|74/100|[from] Recoil\n|move|p2a: Tyranitar|Avalanche|p1a: Kommo-o\n|-supereffective|p1a: Kommo-o|1\n|-damage|p1a: Kommo-o|35/100\n|\n|-heal|p1a: Kommo-o|41/100|[from] item: Leftovers\n|upkeep\n|\n|t:|1776514582\n|switch|p2b: Sneasler|Sneasler, L50, M|100/100\n|-sideend|p2: noslen9385|move: Toxic Spikes|[of] p2b: Sneasler\n|turn|8\n|\n|t:|1776514590\n|move|p1a: Kommo-o|Protect|p1a: Kommo-o\n|-singleturn|p1a: Kommo-o|Protect\n|move|p1b: Basculegion|Protect|p1b: Basculegion\n|-singleturn|p1b: Basculegion|Protect\n|move|p2b: Sneasler|Dire Claw|p1b: Basculegion\n|-activate|p1b: Basculegion|move: Protect\n|move|p2a: Tyranitar|Avalanche|p1a: Kommo-o\n|-activate|p1a: Kommo-o|move: Protect\n|\n|-heal|p1a: Kommo-o|48/100|[from] item: Leftovers\n|-sideend|p1: drewew97|move: Tailwind\n|upkeep\n|turn|9\n|inactive|drewew97 has 30 seconds left.\n|\n|t:|1776514616\n|move|p1a: Kommo-o|Aura Sphere|p2a: Tyranitar\n|-supereffective|p2a: Tyranitar|2\n|-damage|p2a: Tyranitar|0 fnt\n|faint|p2a: Tyranitar\n|move|p2b: Sneasler|Close Combat|p1a: Kommo-o\n|-damage|p1a: Kommo-o|1/100\n|-unboost|p2b: Sneasler|def|1\n|-unboost|p2b: Sneasler|spd|1\n|-enditem|p2b: Sneasler|White Herb\n|-clearnegativeboost|p2b: Sneasler|[silent]\n|move|p1b: Basculegion|Wave Crash|p2b: Sneasler\n|-damage|p2b: Sneasler|18/100\n|-damage|p1b: Basculegion|53/100|[from] Recoil\n|\n|-heal|p1a: Kommo-o|7/100|[from] item: Leftovers\n|upkeep\n|turn|10\n|\n|t:|1776514634\n|move|p1b: Basculegion|Aqua Jet|p2b: Sneasler\n|-damage|p2b: Sneasler|0 fnt\n|faint|p2b: Sneasler\n|\n|win|drewew97\n|raw|drewew97's rating: 1069 &rarr; <strong>1102</strong><br />(+33 for winning)\n|raw|noslen9385's rating: 1110 &rarr; <strong>1082</strong><br />(-28 for losing)\n",
  "uploadtime": 1776514634,
  "views": 18,
  "formatid": "gen9championsvgc2026regma",
  "rating": 1082,
  "private": 0,
  "password": null
}