{
  "id": "gen9championsvgc2026regma-2588462283",
  "format": "[Gen 9 Champions] VGC 2026 Reg M-A",
  "players": [
    "bundabill",
    "nmq0901"
  ],
  "log": "|j|\u2606bundabill\n|j|\u2606nmq0901\n|t:|1776635655\n|gametype|doubles\n|player|p1|bundabill|sage|1131\n|player|p2|nmq0901|170|1070\n|gen|9\n|tier|[Gen 9 Champions] VGC 2026 Reg M-A\n|rated|\n|rule|Species Clause: Limit one of each Pok\u00e9mon\n|rule|Item Clause: Limit 1 of each item\n|clearpoke\n|poke|p1|Tyranitar, L50, F|\n|poke|p1|Kommo-o, L50, M|\n|poke|p1|Sinistcha, L50|\n|poke|p1|Incineroar, L50, F|\n|poke|p1|Excadrill, L50, F|\n|poke|p1|Corviknight, L50, F|\n|poke|p2|Feraligatr, L50, F|\n|poke|p2|Aggron, L50, M|\n|poke|p2|Alakazam, L50, F|\n|poke|p2|Whimsicott, L50, M|\n|poke|p2|Pelipper, L50, F|\n|poke|p2|Tyranitar, L50, F|\n|teampreview|4\n|\n|t:|1776635682\n|teamsize|p1|4\n|teamsize|p2|4\n|start\n|switch|p1a: \uc5b4\ud765\uc5fc|Incineroar, L50, F|100/100\n|switch|p1b: \uc544\uba38\uae4c\uc624|Corviknight, L50, F|100/100\n|switch|p2a: Aggron|Aggron, L50, M|100/100\n|switch|p2b: Alakazam|Alakazam, L50, F|100/100\n|-ability|p1a: \uc5b4\ud765\uc5fc|Intimidate|boost\n|-unboost|p2a: Aggron|atk|1\n|-fail|p2b: Alakazam|unboost|Attack|[from] ability: Inner Focus|[of] p2b: Alakazam\n|turn|1\n|\n|t:|1776635704\n|detailschange|p2a: Aggron|Aggron-Mega, L50, M\n|-mega|p2a: Aggron|Aggron|Aggronite\n|move|p2b: Alakazam|Speed Swap|p2a: Aggron\n|-activate|p2b: Alakazam|move: Speed Swap|[of] p2a: Aggron\n|move|p2a: Aggron|Iron Defense|p2a: Aggron\n|-boost|p2a: Aggron|def|2\n|move|p1b: \uc544\uba38\uae4c\uc624|Tailwind|p1b: \uc544\uba38\uae4c\uc624\n|-sidestart|p1: bundabill|move: Tailwind\n|move|p1a: \uc5b4\ud765\uc5fc|Throat Chop|p2b: Alakazam\n|-supereffective|p2b: Alakazam|1\n|-enditem|p2b: Alakazam|Focus Sash\n|-damage|p2b: Alakazam|1/100\n|-start|p2b: Alakazam|Throat Chop|[silent]\n|\n|upkeep\n|turn|2\n|inactive|Battle timer is ON: inactive players will automatically lose when time's up. (requested by nmq0901)\n|inactive|nmq0901 has 60 seconds left.\n|\n|t:|1776635738\n|move|p1b: \uc544\uba38\uae4c\uc624|Bulk Up|p1b: \uc544\uba38\uae4c\uc624\n|-boost|p1b: \uc544\uba38\uae4c\uc624|atk|1\n|-boost|p1b: \uc544\uba38\uae4c\uc624|def|1\n|move|p2a: Aggron|Body Press|p1a: \uc5b4\ud765\uc5fc\n|-supereffective|p1a: \uc5b4\ud765\uc5fc|1\n|-damage|p1a: \uc5b4\ud765\uc5fc|0 fnt\n|faint|p1a: \uc5b4\ud765\uc5fc\n|move|p2b: Alakazam|Speed Swap|p1b: \uc544\uba38\uae4c\uc624\n|-activate|p2b: Alakazam|move: Speed Swap|[of] p1b: \uc544\uba38\uae4c\uc624\n|\n|-end|p2b: Alakazam|Throat Chop|[silent]\n|upkeep\n|\n|t:|1776635748\n|switch|p1a: \uadf8\uc6b0\ub9b0\ucc28|Sinistcha, L50|100/100\n|turn|3\n|\n|t:|1776635767\n|move|p2a: Aggron|Crunch|p1a: \uadf8\uc6b0\ub9b0\ucc28\n|-supereffective|p1a: \uadf8\uc6b0\ub9b0\ucc28|1\n|-damage|p1a: \uadf8\uc6b0\ub9b0\ucc28|76/100\n|move|p1b: \uc544\uba38\uae4c\uc624|Brave Bird|p2b: Alakazam\n|-damage|p2b: Alakazam|0 fnt\n|faint|p2b: Alakazam\n|-damage|p1b: \uc544\uba38\uae4c\uc624|99/100|[from] Recoil\n|move|p1a: \uadf8\uc6b0\ub9b0\ucc28|Trick Room|p1a: \uadf8\uc6b0\ub9b0\ucc28\n|-fieldstart|move: Trick Room|[of] p1a: \uadf8\uc6b0\ub9b0\ucc28\n|\n|-heal|p1b: \uc544\uba38\uae4c\uc624|100/100|[from] item: Leftovers\n|upkeep\n|\n|t:|1776635782\n|switch|p2b: Tyranitar|Tyranitar, L50, F|100/100\n|-weather|Sandstorm|[from] ability: Sand Stream|[of] p2b: Tyranitar\n|turn|4\n|\n|t:|1776635803\n|move|p2b: Tyranitar|Rock Slide|p1a: \uadf8\uc6b0\ub9b0\ucc28|[spread] p1a,p1b\n|-damage|p1a: \uadf8\uc6b0\ub9b0\ucc28|53/100\n|-damage|p1b: \uc544\uba38\uae4c\uc624|84/100\n|move|p1b: \uc544\uba38\uae4c\uc624|Brave Bird|p2a: Aggron\n|-resisted|p2a: Aggron|1\n|-damage|p2a: Aggron|94/100\n|-damage|p1b: \uc544\uba38\uae4c\uc624|82/100|[from] Recoil\n|move|p2a: Aggron|Heavy Slam|p1a: \uadf8\uc6b0\ub9b0\ucc28\n|-damage|p1a: \uadf8\uc6b0\ub9b0\ucc28|24/100\n|-enditem|p1a: \uadf8\uc6b0\ub9b0\ucc28|Sitrus Berry|[eat]\n|-heal|p1a: \uadf8\uc6b0\ub9b0\ucc28|49/100|[from] item: Sitrus Berry\n|move|p1a: \uadf8\uc6b0\ub9b0\ucc28|Matcha Gotcha|p2b: Tyranitar|[spread] p2a,p2b\n|-resisted|p2a: Aggron|1\n|-supereffective|p2b: Tyranitar|1\n|-damage|p2a: Aggron|80/100\n|-heal|p1a: \uadf8\uc6b0\ub9b0\ucc28|56/100|[from] drain|[of] p2a: Aggron\n|-damage|p2b: Tyranitar|70/100\n|-heal|p1a: \uadf8\uc6b0\ub9b0\ucc28|72/100|[from] drain|[of] p2b: Tyranitar\n|\n|-weather|Sandstorm|[upkeep]\n|-damage|p1a: \uadf8\uc6b0\ub9b0\ucc28|66/100|[from] Sandstorm\n|-heal|p1b: \uc544\uba38\uae4c\uc624|88/100|[from] item: Leftovers\n|-sideend|p1: bundabill|move: Tailwind\n|upkeep\n|turn|5\n|inactive|bundabill has 30 seconds left.\n|inactive|nmq0901 has 30 seconds left.\n|\n|t:|1776635836\n|move|p1b: \uc544\uba38\uae4c\uc624|Brave Bird|p2b: Tyranitar\n|-resisted|p2b: Tyranitar|1\n|-damage|p2b: Tyranitar|40/100\n|-damage|p1b: \uc544\uba38\uae4c\uc624|80/100|[from] Recoil\n|move|p2b: Tyranitar|Knock Off|p1a: \uadf8\uc6b0\ub9b0\ucc28\n|-supereffective|p1a: \uadf8\uc6b0\ub9b0\ucc28|1\n|-damage|p1a: \uadf8\uc6b0\ub9b0\ucc28|18/100\n|move|p1a: \uadf8\uc6b0\ub9b0\ucc28|Matcha Gotcha|p2b: Tyranitar|[spread] p2b\n|-miss|p1a: \uadf8\uc6b0\ub9b0\ucc28|p2a: Aggron\n|-supereffective|p2b: Tyranitar|1\n|-damage|p2b: Tyranitar|11/100\n|-heal|p1a: \uadf8\uc6b0\ub9b0\ucc28|33/100|[from] drain|[of] p2b: Tyranitar\n|-status|p2b: Tyranitar|brn\n|move|p2a: Aggron|Crunch|p1a: \uadf8\uc6b0\ub9b0\ucc28\n|-supereffective|p1a: \uadf8\uc6b0\ub9b0\ucc28|1\n|-damage|p1a: \uadf8\uc6b0\ub9b0\ucc28|8/100\n|\n|-weather|Sandstorm|[upkeep]\n|-damage|p1a: \uadf8\uc6b0\ub9b0\ucc28|2/100|[from] Sandstorm\n|-heal|p1b: \uc544\uba38\uae4c\uc624|85/100|[from] item: Leftovers\n|-damage|p2b: Tyranitar|6/100 brn|[from] brn\n|upkeep\n|turn|6\n|inactive|bundabill has 30 seconds left.\n|inactive|nmq0901 has 30 seconds left.\n|\n|t:|1776635868\n|move|p1b: \uc544\uba38\uae4c\uc624|Bulk Up|p1b: \uc544\uba38\uae4c\uc624\n|-boost|p1b: \uc544\uba38\uae4c\uc624|atk|1\n|-boost|p1b: \uc544\uba38\uae4c\uc624|def|1\n|move|p2b: Tyranitar|Rock Slide|p1b: \uc544\uba38\uae4c\uc624|[spread] p1a,p1b\n|-damage|p1a: \uadf8\uc6b0\ub9b0\ucc28|0 fnt\n|-damage|p1b: \uc544\uba38\uae4c\uc624|80/100\n|faint|p1a: \uadf8\uc6b0\ub9b0\ucc28\n|move|p2a: Aggron|Crunch|p1b: \uc544\uba38\uae4c\uc624\n|-damage|p1b: \uc544\uba38\uae4c\uc624|72/100\n|\n|-weather|Sandstorm|[upkeep]\n|-heal|p1b: \uc544\uba38\uae4c\uc624|78/100|[from] item: Leftovers\n|-damage|p2b: Tyranitar|0 fnt|[from] brn\n|faint|p2b: Tyranitar\n|upkeep\n|\n|t:|1776635883\n|switch|p2b: Whimsicott|Whimsicott, L50, M|100/100\n|switch|p1a: \ub9c8\uae30\ub77c\uc2a4|Tyranitar, L50, F|100/100\n|turn|7\n|\n|t:|1776635902\n|detailschange|p1a: \ub9c8\uae30\ub77c\uc2a4|Tyranitar-Mega, L50, F\n|-mega|p1a: \ub9c8\uae30\ub77c\uc2a4|Tyranitar|Tyranitarite\n|move|p2b: Whimsicott|Encore|p1b: \uc544\uba38\uae4c\uc624\n|-start|p1b: \uc544\uba38\uae4c\uc624|Encore\n|move|p1b: \uc544\uba38\uae4c\uc624|Bulk Up|p1b: \uc544\uba38\uae4c\uc624\n|-boost|p1b: \uc544\uba38\uae4c\uc624|atk|1\n|-boost|p1b: \uc544\uba38\uae4c\uc624|def|1\n|move|p1a: \ub9c8\uae30\ub77c\uc2a4|Low Kick|p2a: Aggron\n|-supereffective|p2a: Aggron|1\n|-damage|p2a: Aggron|64/100\n|move|p2a: Aggron|Body Press|p1a: \ub9c8\uae30\ub77c\uc2a4\n|-supereffective|p1a: \ub9c8\uae30\ub77c\uc2a4|2\n|-damage|p1a: \ub9c8\uae30\ub77c\uc2a4|0 fnt\n|faint|p1a: \ub9c8\uae30\ub77c\uc2a4\n|\n|-weather|Sandstorm|[upkeep]\n|-damage|p2b: Whimsicott|95/100|[from] Sandstorm\n|-heal|p1b: \uc544\uba38\uae4c\uc624|84/100|[from] item: Leftovers\n|-fieldend|move: Trick Room\n|upkeep\n|turn|8\n|inactive|bundabill has 30 seconds left.\n|-message|bundabill forfeited.\n|\n|win|nmq0901\n|raw|bundabill's rating: 1131 &rarr; <strong>1102</strong><br />(-29 for losing)\n|raw|nmq0901's rating: 1070 &rarr; <strong>1105</strong><br />(+35 for winning)\n|l|\u2606bundabill\n|player|p1|\n",
  "uploadtime": 1776635932,
  "views": 12,
  "formatid": "gen9championsvgc2026regma",
  "rating": 1102,
  "private": 0,
  "password": null
}