{
  "id": "gen9championsvgc2026regma-2588246830",
  "format": "[Gen 9 Champions] VGC 2026 Reg M-A",
  "players": [
    "sethsety",
    "ImportDave"
  ],
  "log": "|j|\u2606sethsety\n|j|\u2606ImportDave\n|t:|1776617780\n|gametype|doubles\n|player|p1|sethsety|102|1116\n|player|p2|ImportDave|2|1094\n|gen|9\n|tier|[Gen 9 Champions] VGC 2026 Reg M-A\n|rated|\n|rule|Species Clause: Limit one of each Pok\u00e9mon\n|rule|Item Clause: Limit 1 of each item\n|clearpoke\n|poke|p1|Archaludon, L50, M, shiny|\n|poke|p1|Pelipper, L50, M, shiny|\n|poke|p1|Sinistcha, L50, shiny|\n|poke|p1|Floette-Eternal, L50, F|\n|poke|p1|Hawlucha, L50, M, shiny|\n|poke|p1|Kingambit, L50, M, shiny|\n|poke|p2|Ninetales-Alola, L50, M|\n|poke|p2|Crabominable, L50, M|\n|poke|p2|Oranguru, L50, F|\n|poke|p2|Araquanid, L50, F|\n|poke|p2|Corviknight, L50, F|\n|poke|p2|Runerigus, L50, F|\n|teampreview|4\n|\n|t:|1776617804\n|teamsize|p1|4\n|teamsize|p2|4\n|start\n|switch|p1a: Hawlucha|Hawlucha, L50, M, shiny|100/100\n|switch|p1b: Kingambit|Kingambit, L50, M, shiny|100/100\n|switch|p2a: Corviknight|Corviknight, L50, F|100/100\n|switch|p2b: Oranguru|Oranguru, L50, F|100/100\n|turn|1\n|\n|t:|1776617828\n|detailschange|p1a: Hawlucha|Hawlucha-Mega, L50, M, shiny\n|-mega|p1a: Hawlucha|Hawlucha|Hawluchanite\n|move|p1a: Hawlucha|Entrainment|p1b: Kingambit\n|-ability|p1b: Kingambit|No Guard|Defiant|[from] move: Entrainment|[of] p1a: Hawlucha\n|move|p1b: Kingambit|Guillotine|p2a: Corviknight\n|-damage|p2a: Corviknight|0 fnt\n|faint|p2a: Corviknight\n|-ohko\n|move|p2b: Oranguru|Instruct|p2: Corviknight|[notarget]\n|-fail|p2b: Oranguru\n|\n|upkeep\n|\n|t:|1776617841\n|switch|p2a: Runerigus|Runerigus, L50, F|100/100\n|turn|2\n|\n|t:|1776617849\n|move|p2a: Runerigus|Protect|p2a: Runerigus\n|-singleturn|p2a: Runerigus|Protect\n|move|p1a: Hawlucha|Rock Slide|p2a: Runerigus|[spread] p2b\n|-activate|p2a: Runerigus|move: Protect\n|-damage|p2b: Oranguru|80/100\n|move|p1b: Kingambit|Kowtow Cleave|p2a: Runerigus\n|-activate|p2a: Runerigus|move: Protect\n|cant|p2b: Oranguru|flinch\n|\n|upkeep\n|turn|3\n|\n|t:|1776617869\n|move|p1a: Hawlucha|Rock Slide|p2a: Runerigus|[spread] p2a,p2b\n|-resisted|p2a: Runerigus|1\n|-damage|p2a: Runerigus|91/100\n|-damage|p2b: Oranguru|61/100\n|move|p1b: Kingambit|Kowtow Cleave|p2a: Runerigus\n|-supereffective|p2a: Runerigus|1\n|-damage|p2a: Runerigus|10/100\n|-activate|p1b: Kingambit|Skill Swap|Wandering Spirit|No Guard|[of] p2a: Runerigus\n|move|p2b: Oranguru|Psychic|p1a: Hawlucha\n|-supereffective|p1a: Hawlucha|1\n|-damage|p1a: Hawlucha|18/100\n|cant|p2a: Runerigus|flinch\n|\n|upkeep\n|turn|4\n|\n|t:|1776617885\n|move|p1a: Hawlucha|Rock Slide|p2b: Oranguru|[spread] p2a,p2b\n|-resisted|p2a: Runerigus|1\n|-crit|p2b: Oranguru\n|-damage|p2a: Runerigus|2/100\n|-damage|p2b: Oranguru|33/100\n|move|p1b: Kingambit|Guillotine|p2b: Oranguru|[miss]\n|-miss|p1b: Kingambit|p2b: Oranguru\n|move|p2a: Runerigus|Earthquake|p1a: Hawlucha|[spread] p1b\n|-activate|p2b: Oranguru|ability: Telepathy\n|-immune|p1a: Hawlucha\n|-supereffective|p1b: Kingambit|1\n|-damage|p1b: Kingambit|54/100\n|move|p2b: Oranguru|Trick Room|p2b: Oranguru\n|-fieldstart|move: Trick Room|[of] p2b: Oranguru\n|\n|upkeep\n|turn|5\n|\n|t:|1776617912\n|move|p2a: Runerigus|Earthquake|p1a: Hawlucha|[spread] p1b\n|-activate|p2b: Oranguru|ability: Telepathy\n|-immune|p1a: Hawlucha\n|-supereffective|p1b: Kingambit|1\n|-damage|p1b: Kingambit|6/100\n|move|p2b: Oranguru|Psychic|p1a: Hawlucha\n|-supereffective|p1a: Hawlucha|1\n|-damage|p1a: Hawlucha|0 fnt\n|faint|p1a: Hawlucha\n|move|p1b: Kingambit|Iron Head|p2a: Runerigus\n|-damage|p2a: Runerigus|0 fnt\n|faint|p2a: Runerigus\n|\n|upkeep\n|\n|t:|1776617926\n|switch|p2a: Crabominable|Crabominable, L50, M|100/100\n|switch|p1a: Archaludon|Archaludon, L50, M, shiny|100/100\n|turn|6\n|\n|t:|1776617937\n|detailschange|p2a: Crabominable|Crabominable-Mega, L50, M\n|-mega|p2a: Crabominable|Crabominable|Crabominite\n|move|p1a: Archaludon|Protect|p1a: Archaludon\n|-singleturn|p1a: Archaludon|Protect\n|move|p1b: Kingambit|Protect|p1b: Kingambit\n|-singleturn|p1b: Kingambit|Protect\n|move|p2a: Crabominable|Drain Punch|p1a: Archaludon\n|-activate|p1a: Archaludon|move: Protect\n|move|p2b: Oranguru|Instruct|p2a: Crabominable\n|-singleturn|p2a: Crabominable|move: Instruct|[of] p2b: Oranguru\n|move|p2a: Crabominable|Drain Punch|p1a: Archaludon\n|-activate|p1a: Archaludon|move: Protect\n|\n|upkeep\n|turn|7\n|\n|t:|1776617957\n|switch|p1a: Pelipper|Pelipper, L50, M, shiny|100/100\n|-weather|RainDance|[from] ability: Drizzle|[of] p1a: Pelipper\n|move|p2a: Crabominable|Drain Punch|p1a: Pelipper\n|-resisted|p1a: Pelipper|1\n|-damage|p1a: Pelipper|66/100\n|move|p2b: Oranguru|Instruct|p2a: Crabominable\n|-singleturn|p2a: Crabominable|move: Instruct|[of] p2b: Oranguru\n|move|p2a: Crabominable|Drain Punch|p1a: Pelipper\n|-resisted|p1a: Pelipper|1\n|-damage|p1a: Pelipper|33/100\n|move|p1b: Kingambit|Iron Head|p2b: Oranguru\n|-damage|p2b: Oranguru|0 fnt\n|faint|p2b: Oranguru\n|\n|-weather|RainDance|[upkeep]\n|upkeep\n|turn|8\n|\n|t:|1776617976\n|move|p1a: Pelipper|Protect|p1a: Pelipper\n|-singleturn|p1a: Pelipper|Protect\n|move|p2a: Crabominable|Mach Punch|p1b: Kingambit\n|-supereffective|p1b: Kingambit|2\n|-enditem|p1b: Kingambit|Chople Berry|[eat]\n|-enditem|p1b: Kingambit|Chople Berry|[weaken]\n|-damage|p1b: Kingambit|0 fnt\n|-activate|p2a: Crabominable|Skill Swap|Wandering Spirit|Iron Fist|[of] p1b: Kingambit\n|faint|p1b: Kingambit\n|\n|-weather|RainDance|[upkeep]\n|-fieldend|move: Trick Room\n|upkeep\n|\n|t:|1776617986\n|switch|p1b: Archaludon|Archaludon, L50, M, shiny|100/100\n|turn|9\n|\n|t:|1776618000\n|move|p1a: Pelipper|Hurricane|p2a: Crabominable\n|-supereffective|p2a: Crabominable|1\n|-damage|p2a: Crabominable|26/100\n|-start|p2a: Crabominable|confusion\n|move|p1b: Archaludon|Flash Cannon|p2a: Crabominable\n|-supereffective|p2a: Crabominable|1\n|-damage|p2a: Crabominable|0 fnt\n|faint|p2a: Crabominable\n|\n|win|sethsety\n|raw|sethsety's rating: 1116 &rarr; <strong>1139</strong><br />(+23 for winning)\n|raw|ImportDave's rating: 1094 &rarr; <strong>1071</strong><br />(-23 for losing)\n",
  "uploadtime": 1776618009,
  "views": 11,
  "formatid": "gen9championsvgc2026regma",
  "rating": 1071,
  "private": 0,
  "password": null
}