{
  "id": "gen9championsvgc2026regma-2586385079",
  "format": "[Gen 9 Champions] VGC 2026 Reg M-A",
  "players": [
    "Rizalynn",
    "therznwhy"
  ],
  "log": "|j|\u2606Rizalynn\n|j|\u2606therznwhy\n|t:|1776430793\n|gametype|doubles\n|player|p1|Rizalynn|2|1000\n|player|p2|therznwhy|102|1000\n|gen|9\n|tier|[Gen 9 Champions] VGC 2026 Reg M-A\n|rated|\n|rule|Species Clause: Limit one of each Pok\u00e9mon\n|rule|Item Clause: Limit 1 of each item\n|clearpoke\n|poke|p1|Aggron, L50, M|\n|poke|p1|Basculegion, L50, M|\n|poke|p1|Pelipper, L50, F|\n|poke|p1|Sinistcha, L50|\n|poke|p1|Incineroar, L50, M|\n|poke|p1|Dragonite, L50, F|\n|poke|p2|Chandelure, L50, F|\n|poke|p2|Incineroar, L50, M|\n|poke|p2|Sneasler, L50, F|\n|poke|p2|Vanilluxe, L50, F|\n|poke|p2|Froslass, L50, F|\n|poke|p2|Beartic, L50, F|\n|teampreview|4\nRizalynn rejected open team sheets.\n|inactive|Battle timer is ON: inactive players will automatically lose when time's up. (requested by Rizalynn)\n|\n|t:|1776430834\n|teamsize|p1|4\n|teamsize|p2|4\n|start\n|switch|p1a: Wolfey|Incineroar, L50, M|100/100\n|switch|p1b: THE WALL|Aggron, L50, M|100/100\n|switch|p2a: Incineroar|Incineroar, L50, M|100/100\n|switch|p2b: Sneasler|Sneasler, L50, F|100/100\n|-ability|p1a: Wolfey|Intimidate|boost\n|-unboost|p2a: Incineroar|atk|1\n|-unboost|p2b: Sneasler|atk|1\n|-ability|p2a: Incineroar|Intimidate|boost\n|-unboost|p1a: Wolfey|atk|1\n|-unboost|p1b: THE WALL|atk|1\n|-enditem|p2b: Sneasler|White Herb\n|-clearnegativeboost|p2b: Sneasler|[silent]\n|turn|1\n|inactive|Rizalynn has 30 seconds left.\n|\n|t:|1776430860\n|switch|p1a: Tiffany|Pelipper, L50, F, shiny|100/100\n|-weather|RainDance|[from] ability: Drizzle|[of] p1a: Tiffany\n|move|p1b: THE WALL|Protect|p1b: THE WALL\n|-singleturn|p1b: THE WALL|Protect\n|move|p2b: Sneasler|Fake Out|p1a: Tiffany\n|-damage|p1a: Tiffany|81/100\n|move|p2a: Incineroar|Fake Out|p1b: THE WALL\n|-activate|p1b: THE WALL|move: Protect\n|\n|-weather|RainDance|[upkeep]\n|upkeep\n|turn|2\n|inactive|therznwhy has 30 seconds left.\n|inactive|therznwhy has 20 seconds left.\n|inactive|therznwhy has 15 seconds left.\n|inactive|therznwhy has 10 seconds left.\n|\n|t:|1776430905\n|switch|p1b: Fih|Basculegion, L50, M|100/100\n|move|p2b: Sneasler|Dire Claw|p1a: Tiffany\n|-damage|p1a: Tiffany|25/100\n|move|p1a: Tiffany|Tailwind|p1a: Tiffany\n|-sidestart|p1: Rizalynn|move: Tailwind\n|move|p2a: Incineroar|Parting Shot|p1b: Fih\n|-unboost|p1b: Fih|atk|1\n|-unboost|p1b: Fih|spa|1\n|inactive|therznwhy has 30 seconds left.\n|inactive|therznwhy has 20 seconds left.\n|inactive|therznwhy has 15 seconds left.\n|\n|t:|1776430946\n|switch|p2a: Froslass|Froslass, L50, F|100/100|[from] Parting Shot\n|\n|-weather|RainDance|[upkeep]\n|upkeep\n|turn|3\n|\n|t:|1776430970\n|switch|p2b: Incineroar|Incineroar, L50, M|100/100\n|-ability|p2b: Incineroar|Intimidate|boost\n|-unboost|p1a: Tiffany|atk|1\n|-unboost|p1b: Fih|atk|1\n|switch|p1a: THE WALL|Aggron, L50, M|100/100\n|detailschange|p2a: Froslass|Froslass-Mega, L50, F\n|-mega|p2a: Froslass|Froslass|Froslassite\n|-weather|Snowscape|[from] ability: Snow Warning|[of] p2a: Froslass\n|move|p1b: Fih|Flip Turn|p2b: Incineroar\n|-supereffective|p2b: Incineroar|1\n|-damage|p2b: Incineroar|74/100\n|\n|t:|1776430981\n|switch|p1b: Tiffany|Pelipper, L50, F, shiny|25/100|[from] Flip Turn\n|-weather|RainDance|[from] ability: Drizzle|[of] p1b: Tiffany\n|move|p2a: Froslass|Blizzard|p1a: THE WALL|[spread] p1b\n|-miss|p2a: Froslass|p1a: THE WALL\n|-damage|p1b: Tiffany|0 fnt\n|faint|p1b: Tiffany\n|\n|-weather|RainDance|[upkeep]\n|upkeep\n|\n|t:|1776430988\n|switch|p1b: Fih|Basculegion, L50, M|100/100\n|turn|4\n|\n|t:|1776431007\n|switch|p2a: Sneasler|Sneasler, L50, F|100/100\n|move|p1a: THE WALL|Protect|p1a: THE WALL\n|-singleturn|p1a: THE WALL|Protect\n|move|p2b: Incineroar|Fake Out|p1a: THE WALL\n|-activate|p1a: THE WALL|move: Protect\n|move|p1b: Fih|Flip Turn|p2b: Incineroar\n|-supereffective|p2b: Incineroar|1\n|-damage|p2b: Incineroar|0 fnt\n|faint|p2b: Incineroar\n|\n|t:|1776431016\n|switch|p1b: Wolfey|Incineroar, L50, M|100/100|[from] Flip Turn\n|-ability|p1b: Wolfey|Intimidate|boost\n|-unboost|p2a: Sneasler|atk|1\n|\n|-weather|RainDance|[upkeep]\n|upkeep\n|\n|t:|1776431029\n|switch|p2b: Froslass|Froslass-Mega, L50, F|100/100\n|-weather|Snowscape|[from] ability: Snow Warning|[of] p2b: Froslass\n|turn|5\n|inactive|Rizalynn has 30 seconds left.\n|inactive|therznwhy has 30 seconds left.\n|inactive|Rizalynn has 20 seconds left.\n|inactive|Rizalynn has 15 seconds left.\n|\n|t:|1776431070\n|detailschange|p1a: THE WALL|Aggron-Mega, L50, M\n|-mega|p1a: THE WALL|Aggron|Aggronite\n|move|p2b: Froslass|Shadow Ball|p1a: THE WALL\n|-damage|p1a: THE WALL|65/100\n|move|p2a: Sneasler|Close Combat|p1a: THE WALL\n|-supereffective|p1a: THE WALL|1\n|-damage|p1a: THE WALL|34/100\n|-unboost|p2a: Sneasler|def|1\n|-unboost|p2a: Sneasler|spd|1\n|move|p1b: Wolfey|Flare Blitz|p2b: Froslass\n|-supereffective|p2b: Froslass|1\n|-damage|p2b: Froslass|0 fnt\n|faint|p2b: Froslass\n|-damage|p1b: Wolfey|76/100|[from] Recoil\n|move|p1a: THE WALL|Heavy Slam|p2a: Sneasler\n|-damage|p2a: Sneasler|0 fnt\n|faint|p2a: Sneasler\n|\n|-weather|Snowscape|[upkeep]\n|-sideend|p1: Rizalynn|move: Tailwind\n|upkeep\n|\n|t:|1776431087\n|switch|p2b: Beartic|Beartic, L50, F|100/100\n|turn|6\n|\n|t:|1776431110\n|move|p2b: Beartic|Close Combat|p1b: Wolfey\n|-supereffective|p1b: Wolfey|1\n|-damage|p1b: Wolfey|1/100\n|-unboost|p2b: Beartic|def|1\n|-unboost|p2b: Beartic|spd|1\n|move|p1b: Wolfey|Flare Blitz|p2b: Beartic\n|-supereffective|p2b: Beartic|1\n|-damage|p2b: Beartic|0 fnt\n|faint|p2b: Beartic\n|-damage|p1b: Wolfey|0 fnt|[from] Recoil\n|faint|p1b: Wolfey\n|\n|win|Rizalynn\n|raw|Rizalynn's rating: 1000 &rarr; <strong>1040</strong><br />(+40 for winning)\n|raw|therznwhy's rating: 1000 &rarr; <strong>1000</strong><br />(+0 for losing)\n|l|\u2606therznwhy\n|player|p2|\n",
  "uploadtime": 1776431119,
  "views": 35,
  "formatid": "gen9championsvgc2026regma",
  "rating": 1000,
  "private": 0,
  "password": null
}