{
  "id": "gen9championsvgc2026regma-2582949895",
  "format": "[Gen 9 Champions] VGC 2026 Reg M-A",
  "players": [
    "thuccc",
    "Orheomonster"
  ],
  "log": "|j|\u2606thuccc\n|j|\u2606Orheomonster\n|t:|1776127716\n|gametype|doubles\n|player|p1|thuccc|2|1041\n|player|p2|Orheomonster|hilbert|1016\n|gen|9\n|tier|[Gen 9 Champions] VGC 2026 Reg M-A\n|rated|\n|rule|Species Clause: Limit one of each Pok\u00e9mon\n|rule|Item Clause: Limit 1 of each item\n|clearpoke\n|poke|p1|Froslass, L50, F|\n|poke|p1|Garchomp, L50, M|\n|poke|p1|Aerodactyl, L50, M|\n|poke|p1|Volcarona, L50, F|\n|poke|p1|Scizor, L50, M|\n|poke|p1|Rotom-Wash, L50|\n|poke|p2|Sinistcha, L50|\n|poke|p2|Alakazam, L50, M|\n|poke|p2|Espathra, L50, M|\n|poke|p2|Sneasler, L50, F|\n|poke|p2|Crabominable, L50, F|\n|poke|p2|Ninetales-Alola, L50, M|\n|teampreview|4\n|inactive|Battle timer is ON: inactive players will automatically lose when time's up. (requested by Orheomonster)\n|inactive|thuccc has 60 seconds left.\n|\n|t:|1776127778\n|teamsize|p1|4\n|teamsize|p2|4\n|start\n|switch|p1a: Froslass|Froslass, L50, F|100/100\n|switch|p1b: Volcarona|Volcarona, L50, F|100/100\n|switch|p2a: Espathra|Espathra, L50, M|100/100\n|switch|p2b: Alakazam|Alakazam, L50, M|100/100\n|turn|1\n|inactive|thuccc has 30 seconds left.\n|\n|t:|1776127807\n|detailschange|p1a: Froslass|Froslass-Mega, L50, F\n|-mega|p1a: Froslass|Froslass|Froslassite\n|-weather|Snowscape|[from] ability: Snow Warning|[of] p1a: Froslass\n|move|p2a: Espathra|Protect|p2a: Espathra\n|-singleturn|p2a: Espathra|Protect\n|move|p2b: Alakazam|Psychic Terrain|p2b: Alakazam\n|-fieldstart|move: Psychic Terrain\n|move|p1a: Froslass|Shadow Ball|p2a: Espathra\n|-activate|p2a: Espathra|move: Protect\n|move|p1b: Volcarona|Overheat|p2b: Alakazam\n|-crit|p2b: Alakazam\n|-damage|p2b: Alakazam|0 fnt\n|-unboost|p1b: Volcarona|spa|2\n|faint|p2b: Alakazam\n|\n|-weather|Snowscape|[upkeep]\n|-ability|p2a: Espathra|Speed Boost|boost\n|-boost|p2a: Espathra|spe|1\n|upkeep\n|\n|t:|1776127822\n|switch|p2b: Ninetales|Ninetales-Alola, L50, M|100/100\n|turn|2\n|\n|t:|1776127846\n|move|p2a: Espathra|Lumina Crash|p1a: Froslass\n|-damage|p1a: Froslass|35/100\n|-unboost|p1a: Froslass|spd|2\n|move|p1a: Froslass|Shadow Ball|p2a: Espathra\n|-supereffective|p2a: Espathra|1\n|-enditem|p2a: Espathra|Focus Sash\n|-damage|p2a: Espathra|1/100\n|-unboost|p2a: Espathra|spd|1\n|move|p2b: Ninetales|Blizzard|p1b: Volcarona|[spread] p1a,p1b\n|-resisted|p1a: Froslass|1\n|-resisted|p1b: Volcarona|1\n|-damage|p1a: Froslass|0 fnt\n|-damage|p1b: Volcarona|90/100\n|faint|p1a: Froslass\n|move|p1b: Volcarona|Overheat|p2b: Ninetales\n|-supereffective|p2b: Ninetales|1\n|-damage|p2b: Ninetales|37/100\n|-unboost|p1b: Volcarona|spa|2\n|\n|-weather|Snowscape|[upkeep]\n|-ability|p2a: Espathra|Speed Boost|boost\n|-boost|p2a: Espathra|spe|1\n|upkeep\n|inactive|thuccc has 30 seconds left.\n|\n|t:|1776127871\n|switch|p1a: Scizor|Scizor, L50, M|100/100\n|turn|3\n|\n|t:|1776127880\n|switch|p1b: Rotom|Rotom-Wash, L50|100/100\n|move|p1a: Scizor|Bullet Punch|p2a: Espathra\n|-activate|p2a: Espathra|move: Psychic Terrain\n|move|p2a: Espathra|Lumina Crash|p1a: Scizor\n|-resisted|p1a: Scizor|1\n|-damage|p1a: Scizor|73/100\n|-unboost|p1a: Scizor|spd|2\n|move|p2b: Ninetales|Blizzard|p1a: Scizor|[spread] p1a,p1b\n|-resisted|p1a: Scizor|1\n|-crit|p1a: Scizor\n|-resisted|p1b: Rotom|1\n|-damage|p1a: Scizor|19/100\n|-damage|p1b: Rotom|84/100\n|\n|-weather|Snowscape|[upkeep]\n|-ability|p2a: Espathra|Speed Boost|boost\n|-boost|p2a: Espathra|spe|1\n|upkeep\n|turn|4\n|\n|t:|1776127903\n|move|p1a: Scizor|Protect|p1a: Scizor\n|-singleturn|p1a: Scizor|Protect\n|move|p2a: Espathra|Lumina Crash|p1a: Scizor\n|-activate|p1a: Scizor|move: Protect\n|move|p2b: Ninetales|Freeze-Dry|p1b: Rotom\n|-supereffective|p1b: Rotom|1\n|-damage|p1b: Rotom|33/100\n|move|p1b: Rotom|Thunderbolt|p2a: Espathra\n|-damage|p2a: Espathra|0 fnt\n|faint|p2a: Espathra\n|\n|-weather|Snowscape|[upkeep]\n|upkeep\n|\n|t:|1776127913\n|switch|p2a: Crabominable|Crabominable, L50, F|100/100\n|turn|5\n|\n|t:|1776127928\n|switch|p1a: Volcarona|Volcarona, L50, F|90/100\n|detailschange|p2a: Crabominable|Crabominable-Mega, L50, F\n|-mega|p2a: Crabominable|Crabominable|Crabominite\n|move|p2b: Ninetales|Freeze-Dry|p1b: Rotom\n|-supereffective|p1b: Rotom|1\n|-damage|p1b: Rotom|0 fnt\n|faint|p1b: Rotom\n|move|p2a: Crabominable|Drain Punch|p1a: Volcarona\n|-resisted|p1a: Volcarona|1\n|-damage|p1a: Volcarona|61/100\n|-status|p2a: Crabominable|brn|[from] ability: Flame Body|[of] p1a: Volcarona\n|\n|-weather|none\n|-damage|p2a: Crabominable|95/100 brn|[from] brn\n|-fieldend|move: Psychic Terrain\n|upkeep\n|\n|t:|1776127945\n|switch|p1b: Scizor|Scizor, L50, M|19/100\n|turn|6\n|\n|t:|1776127953\n|move|p1b: Scizor|Bullet Punch|p2b: Ninetales\n|-supereffective|p2b: Ninetales|2\n|-damage|p2b: Ninetales|0 fnt\n|faint|p2b: Ninetales\n|move|p1a: Volcarona|Overheat|p2a: Crabominable|[miss]\n|-miss|p1a: Volcarona|p2a: Crabominable\n|move|p2a: Crabominable|Drain Punch|p1b: Scizor\n|-damage|p1b: Scizor|0 fnt\n|-heal|p2a: Crabominable|100/100 brn|[from] drain|[of] p1b: Scizor\n|faint|p1b: Scizor\n|\n|-damage|p2a: Crabominable|95/100 brn|[from] brn\n|upkeep\n|turn|7\n|\n|t:|1776127965\n|move|p2a: Crabominable|Protect|p2a: Crabominable\n|-singleturn|p2a: Crabominable|Protect\n|move|p1a: Volcarona|Overheat|p2a: Crabominable\n|-activate|p2a: Crabominable|move: Protect\n|\n|-damage|p2a: Crabominable|89/100 brn|[from] brn\n|upkeep\n|turn|8\n|\n|t:|1776127973\n|move|p1a: Volcarona|Overheat|p2a: Crabominable\n|-supereffective|p2a: Crabominable|1\n|-damage|p2a: Crabominable|0 fnt\n|-unboost|p1a: Volcarona|spa|2\n|faint|p2a: Crabominable\n|\n|win|thuccc\n|raw|thuccc's rating: 1041 &rarr; <strong>1072</strong><br />(+31 for winning)\n|raw|Orheomonster's rating: 1016 &rarr; <strong>1004</strong><br />(-12 for losing)\n|l|\u2606Orheomonster\n|player|p2|\n",
  "uploadtime": 1776127980,
  "views": 12,
  "formatid": "gen9championsvgc2026regma",
  "rating": 1004,
  "private": 0,
  "password": null
}