{
  "id": "gen9championsvgc2026regma-2584137245",
  "format": "[Gen 9 Champions] VGC 2026 Reg M-A",
  "players": [
    "type nil",
    "ruddyreboot"
  ],
  "log": "|j|\u2606type nil\n|j|\u2606ruddyreboot\n|t:|1776229379\n|gametype|doubles\n|player|p1|type nil|supernerd|1311\n|player|p2|ruddyreboot|169|1387\n|gen|9\n|tier|[Gen 9 Champions] VGC 2026 Reg M-A\n|rated|\n|rule|Species Clause: Limit one of each Pok\u00e9mon\n|rule|Item Clause: Limit 1 of each item\n|clearpoke\n|poke|p1|Kingambit, L50, M|\n|poke|p1|Crabominable, L50, F|\n|poke|p1|Incineroar, L50, F|\n|poke|p1|Slowking-Galar, L50, F|\n|poke|p1|Primarina, L50, M|\n|poke|p1|Sinistcha, L50|\n|poke|p2|Kangaskhan, L50, F|\n|poke|p2|Torkoal, L50, F|\n|poke|p2|Farigiraf, L50, M|\n|poke|p2|Hatterene, L50, F|\n|poke|p2|Kingambit, L50, M|\n|poke|p2|Scovillain, L50, M|\n|teampreview|4\n|inactive|Battle timer is ON: inactive players will automatically lose when time's up. (requested by ruddyreboot)\n|j| Forgorn\n|j| Winieska Rambulera\n|inactive|type nil has 60 seconds left.\n|\n|t:|1776229419\n|teamsize|p1|4\n|teamsize|p2|4\n|start\n|switch|p1a: Slowking|Slowking-Galar, L50, F|100/100\n|switch|p1b: Primarina|Primarina, L50, M|100/100\n|switch|p2a: Scovillain|Scovillain, L50, M|100/100\n|switch|p2b: Farigiraf|Farigiraf, L50, M|100/100\n|turn|1\n|inactive|type nil has 30 seconds left.\n|\n|t:|1776229450\n|detailschange|p2a: Scovillain|Scovillain-Mega, L50, M\n|-mega|p2a: Scovillain|Scovillain|Scovillainite\n|move|p2a: Scovillain|Flare Blitz|p1a: Slowking\n|-damage|p1a: Slowking|54/100\n|-damage|p2a: Scovillain|82/100|[from] Recoil\n|move|p1b: Primarina|Calm Mind|p1b: Primarina\n|-boost|p1b: Primarina|spa|1\n|-boost|p1b: Primarina|spd|1\n|move|p2b: Farigiraf|Hyper Voice|p1a: Slowking|[spread] p1a,p1b\n|-damage|p1a: Slowking|30/100\n|-damage|p1b: Primarina|82/100\n|-prepare|p1a: Slowking|Chilly Reception|[premajor]\n|move|p1a: Slowking|Chilly Reception|p1a: Slowking\n|-weather|Snowscape\n|\n|t:|1776229463\n|switch|p1a: Crabominable|Crabominable, L50, F|100/100|[from] Chilly Reception\n|\n|-weather|Snowscape|[upkeep]\n|-heal|p1b: Primarina|88/100|[from] item: Leftovers\n|upkeep\n|turn|2\n|\n|t:|1776229484\n|move|p1a: Crabominable|Protect|p1a: Crabominable\n|-singleturn|p1a: Crabominable|Protect\n|move|p2a: Scovillain|Rage Powder|p2a: Scovillain\n|-singleturn|p2a: Scovillain|move: Rage Powder\n|move|p1b: Primarina|Hyper Voice|p2a: Scovillain|[spread] p2a,p2b\n|-damage|p2a: Scovillain|27/100\n|-damage|p2b: Farigiraf|45/100\n|-status|p1b: Primarina|brn|[from] ability: Spicy Spray|[of] p2a: Scovillain\n|-enditem|p2b: Farigiraf|Sitrus Berry|[eat]\n|-heal|p2b: Farigiraf|69/100|[from] item: Sitrus Berry\n|move|p2b: Farigiraf|Trick Room|p2b: Farigiraf\n|-fieldstart|move: Trick Room|[of] p2b: Farigiraf\n|\n|-weather|Snowscape|[upkeep]\n|-heal|p1b: Primarina|94/100 brn|[from] item: Leftovers\n|-damage|p1b: Primarina|88/100 brn|[from] brn\n|upkeep\n|turn|3\n|inactive|type nil has 30 seconds left.\n|\n|t:|1776229513\n|move|p1a: Crabominable|Protect||[still]\n|-fail|p1a: Crabominable\n|move|p2a: Scovillain|Rage Powder|p2a: Scovillain\n|-singleturn|p2a: Scovillain|move: Rage Powder\n|move|p2b: Farigiraf|Psychic|p1a: Crabominable\n|-supereffective|p1a: Crabominable|1\n|-damage|p1a: Crabominable|0 fnt\n|faint|p1a: Crabominable\n|move|p1b: Primarina|Hyper Voice|p2a: Scovillain|[spread] p2a,p2b\n|-damage|p2a: Scovillain|0 fnt\n|-damage|p2b: Farigiraf|13/100\n|faint|p2a: Scovillain\n|\n|-weather|Snowscape|[upkeep]\n|-heal|p1b: Primarina|94/100 brn|[from] item: Leftovers\n|-damage|p1b: Primarina|88/100 brn|[from] brn\n|upkeep\n|\n|t:|1776229527\n|switch|p1a: Slowking|Slowking-Galar, L50, F|63/100\n|switch|p2a: Torkoal|Torkoal, L50, F|100/100\n|-weather|SunnyDay|[from] ability: Drought|[of] p2a: Torkoal\n|turn|4\n|\n|t:|1776229538\n|move|p2a: Torkoal|Eruption|p1a: Slowking|[spread] p1a,p1b\n|-resisted|p1b: Primarina|1\n|-damage|p1a: Slowking|1/100\n|-damage|p1b: Primarina|63/100 brn\n|-prepare|p1a: Slowking|Chilly Reception|[premajor]\n|move|p1a: Slowking|Chilly Reception|p1a: Slowking\n|-weather|Snowscape\n|\n|t:|1776229544\n|switch|p1a: Sinistcha|Sinistcha, L50|100/100|[from] Chilly Reception\n|-heal|p1b: Primarina|87/100 brn|[from] ability: Hospitality|[of] p1a: Sinistcha\n|move|p2b: Farigiraf|Hyper Voice|p1a: Sinistcha|[spread] p1b\n|-immune|p1a: Sinistcha\n|-damage|p1b: Primarina|68/100 brn\n|move|p1b: Primarina|Hyper Voice|p2b: Farigiraf|[spread] p2a,p2b\n|-supereffective|p2a: Torkoal|1\n|-damage|p2a: Torkoal|0 fnt\n|-damage|p2b: Farigiraf|0 fnt\n|faint|p2a: Torkoal\n|faint|p2b: Farigiraf\n|\n|-weather|Snowscape|[upkeep]\n|-heal|p1b: Primarina|74/100 brn|[from] item: Leftovers\n|-damage|p1b: Primarina|68/100 brn|[from] brn\n|upkeep\n|\n|t:|1776229556\n|switch|p2b: Kingambit|Kingambit, L50, M|100/100\n|turn|5\n|\n|t:|1776229577\n|move|p1a: Sinistcha|Rage Powder|p1a: Sinistcha\n|-singleturn|p1a: Sinistcha|move: Rage Powder\n|move|p2b: Kingambit|Kowtow Cleave|p1a: Sinistcha\n|-supereffective|p1a: Sinistcha|1\n|-damage|p1a: Sinistcha|15/100\n|move|p1b: Primarina|Moonblast|p2b: Kingambit\n|-damage|p2b: Kingambit|21/100\n|-unboost|p2b: Kingambit|spa|1\n|-ability|p2b: Kingambit|Defiant|boost\n|-boost|p2b: Kingambit|atk|2\n|\n|-weather|Snowscape|[upkeep]\n|-heal|p1b: Primarina|74/100 brn|[from] item: Leftovers\n|-damage|p1b: Primarina|68/100 brn|[from] brn\n|upkeep\n|turn|6\n|inactive|type nil has 30 seconds left.\n|\n|t:|1776229606\n|move|p2b: Kingambit|Iron Head|p1b: Primarina\n|-damage|p1b: Primarina|0 fnt\n|faint|p1b: Primarina\n|move|p1a: Sinistcha|Matcha Gotcha|p2b: Kingambit\n|-resisted|p2b: Kingambit|1\n|-damage|p2b: Kingambit|6/100\n|-heal|p1a: Sinistcha|24/100|[from] drain|[of] p2b: Kingambit\n|\n|-weather|Snowscape|[upkeep]\n|-fieldend|move: Trick Room\n|upkeep\n|\n|t:|1776229615\n|switch|p1b: Slowking|Slowking-Galar, L50, F|35/100\n|turn|7\n|\n|t:|1776229628\n|move|p2b: Kingambit|Sucker Punch|p1a: Sinistcha\n|-supereffective|p1a: Sinistcha|1\n|-damage|p1a: Sinistcha|0 fnt\n|faint|p1a: Sinistcha\n|move|p1b: Slowking|Trick Room|p1b: Slowking\n|-fieldstart|move: Trick Room|[of] p1b: Slowking\n|\n|-weather|Snowscape|[upkeep]\n|upkeep\n|turn|8\n|inactive|type nil has 30 seconds left.\n|inactive|type nil has 20 seconds left.\n|\n|t:|1776229666\n|move|p2b: Kingambit|Sucker Punch|p1b: Slowking\n|-supereffective|p1b: Slowking|1\n|-enditem|p1b: Slowking|Colbur Berry|[eat]\n|-enditem|p1b: Slowking|Colbur Berry|[weaken]\n|-damage|p1b: Slowking|0 fnt\n|faint|p1b: Slowking\n|\n|win|ruddyreboot\n|raw|type nil's rating: 1311 &rarr; <strong>1295</strong><br />(-16 for losing)\n|raw|ruddyreboot's rating: 1387 &rarr; <strong>1403</strong><br />(+16 for winning)\n|l|\u2606type nil\n|player|p1|\n",
  "uploadtime": 1776229681,
  "views": 41,
  "formatid": "gen9championsvgc2026regma",
  "rating": 1295,
  "private": 0,
  "password": null
}