{
  "id": "gen9championsvgc2026regma-2584268587",
  "format": "[Gen 9 Champions] VGC 2026 Reg M-A",
  "players": [
    "SimMikaze",
    "Brumi500"
  ],
  "log": "|j|\u2606SimMikaze\n|j|\u2606Brumi500\n|t:|1776245295\n|gametype|doubles\n|player|p1|SimMikaze|miku-ghost|1168\n|player|p2|Brumi500|red|1104\n|gen|9\n|tier|[Gen 9 Champions] VGC 2026 Reg M-A\n|rated|\n|rule|Species Clause: Limit one of each Pok\u00e9mon\n|rule|Item Clause: Limit 1 of each item\n|clearpoke\n|poke|p1|Gengar, L50, M|\n|poke|p1|Maushold, L50|\n|poke|p1|Whimsicott, L50, M|\n|poke|p1|Incineroar, L50, M|\n|poke|p1|Empoleon, L50, M|\n|poke|p1|Kommo-o, L50, F|\n|poke|p2|Dragonite, L50, F|\n|poke|p2|Pelipper, L50, F|\n|poke|p2|Sneasler, L50, M|\n|poke|p2|Basculegion, L50, M|\n|poke|p2|Archaludon, L50, M|\n|poke|p2|Kingambit, L50, F|\n|teampreview|4\n|\n|t:|1776245325\n|teamsize|p1|4\n|teamsize|p2|4\n|start\n|switch|p1a: Gengar|Gengar, L50, M, shiny|100/100\n|switch|p1b: Whimsicott|Whimsicott, L50, M|100/100\n|switch|p2a: Pelipper|Pelipper, L50, F|100/100\n|switch|p2b: Archaludon|Archaludon, L50, M|100/100\n|-weather|RainDance|[from] ability: Drizzle|[of] p2a: Pelipper\n|turn|1\n|inactive|Battle timer is ON: inactive players will automatically lose when time's up. (requested by Brumi500)\n|\n|t:|1776245359\n|detailschange|p1a: Gengar|Gengar-Mega, L50, M, shiny\n|-mega|p1a: Gengar|Gengar|Gengarite\n|move|p1b: Whimsicott|Fake Tears|p2b: Archaludon\n|-unboost|p2b: Archaludon|spd|2\n|move|p1a: Gengar|Shadow Ball|p2b: Archaludon\n|-damage|p2b: Archaludon|0 fnt\n|faint|p2b: Archaludon\n|move|p2a: Pelipper|Tailwind|p2a: Pelipper\n|-sidestart|p2: Brumi500|move: Tailwind\n|\n|-weather|RainDance|[upkeep]\n|upkeep\n|\n|t:|1776245370\n|switch|p2b: Kingambit|Kingambit, L50, F|100/100\n|turn|2\n|inactive|SimMikaze has 30 seconds left.\n|\n|t:|1776245398\n|move|p1a: Gengar|Protect|p1a: Gengar\n|-singleturn|p1a: Gengar|Protect\n|move|p1b: Whimsicott|Encore|p2a: Pelipper\n|-start|p2a: Pelipper|Encore\n|move|p2a: Pelipper|Tailwind||[still]\n|-fail|p2a: Pelipper\n|move|p2b: Kingambit|Kowtow Cleave|p1a: Gengar\n|-activate|p1a: Gengar|move: Protect\n|\n|-weather|RainDance|[upkeep]\n|upkeep\n|turn|3\n|inactive|SimMikaze has 30 seconds left.\n|inactive|SimMikaze has 20 seconds left.\n|inactive|SimMikaze has 15 seconds left.\n|\n|t:|1776245443\n|switch|p1a: Kommo-o|Kommo-o, L50, F|100/100\n|move|p1b: Whimsicott|Protect|p1b: Whimsicott\n|-singleturn|p1b: Whimsicott|Protect\n|move|p2a: Pelipper|Tailwind||[still]\n|-fail|p2a: Pelipper\n|move|p2b: Kingambit|Kowtow Cleave|p1a: Kommo-o\n|-resisted|p1a: Kommo-o|1\n|-damage|p1a: Kommo-o|83/100\n|\n|-weather|RainDance|[upkeep]\n|upkeep\n|turn|4\n|inactive|SimMikaze has 30 seconds left.\n|\n|t:|1776245469\n|switch|p2a: Dragonite|Dragonite, L50, F|100/100\n|move|p2b: Kingambit|Protect|p2b: Kingambit\n|-singleturn|p2b: Kingambit|Protect\n|move|p1b: Whimsicott|Tailwind|p1b: Whimsicott\n|-sidestart|p1: SimMikaze|move: Tailwind\n|move|p1a: Kommo-o|Iron Defense|p1a: Kommo-o\n|-boost|p1a: Kommo-o|def|2\n|\n|-weather|RainDance|[upkeep]\n|-sideend|p2: Brumi500|move: Tailwind\n|upkeep\n|turn|5\n|inactive|SimMikaze has 30 seconds left.\n|\n|t:|1776245495\n|switch|p1b: Gengar|Gengar-Mega, L50, M, shiny|100/100\n|detailschange|p2a: Dragonite|Dragonite-Mega, L50, F\n|-mega|p2a: Dragonite|Dragonite|Dragoninite\n|move|p1a: Kommo-o|Body Press|p2b: Kingambit\n|-supereffective|p2b: Kingambit|2\n|-damage|p2b: Kingambit|0 fnt\n|faint|p2b: Kingambit\n|-heal|p1a: Kommo-o|97/100|[from] item: Shell Bell|[of] p2: Kingambit\n|move|p2a: Dragonite|Draco Meteor|p1a: Kommo-o\n|-supereffective|p1a: Kommo-o|1\n|-damage|p1a: Kommo-o|0 fnt\n|-unboost|p2a: Dragonite|spa|2\n|faint|p1a: Kommo-o\n|\n|-weather|none\n|upkeep\n|\n|t:|1776245518\n|switch|p1a: Whimsicott|Whimsicott, L50, M|100/100\n|switch|p2b: Pelipper|Pelipper, L50, F|100/100\n|-weather|RainDance|[from] ability: Drizzle|[of] p2b: Pelipper\n|turn|6\n|\n|t:|1776245539\n|move|p1a: Whimsicott|Fake Tears|p2b: Pelipper\n|-unboost|p2b: Pelipper|spd|2\n|move|p1b: Gengar|Shadow Ball|p2b: Pelipper\n|-crit|p2b: Pelipper\n|-enditem|p2b: Pelipper|Focus Sash\n|-damage|p2b: Pelipper|1/100\n|move|p2a: Dragonite|Hurricane|p1b: Gengar\n|-damage|p1b: Gengar|64/100\n|move|p2b: Pelipper|Hurricane|p1a: Whimsicott\n|-supereffective|p1a: Whimsicott|1\n|-damage|p1a: Whimsicott|2/100\n|-start|p1a: Whimsicott|confusion\n|\n|-weather|RainDance|[upkeep]\n|upkeep\n|turn|7\n|inactive|SimMikaze has 30 seconds left.\n|inactive|Brumi500 has 30 seconds left.\n|\n|t:|1776245568\n|switch|p1a: Empoleon|Empoleon, L50, M|100/100\n|move|p1b: Gengar|Shadow Ball|p2b: Pelipper\n|-damage|p2b: Pelipper|0 fnt\n|faint|p2b: Pelipper\n|move|p2a: Dragonite|Thunder|p1b: Gengar\n|-damage|p1b: Gengar|40/100\n|\n|-weather|RainDance|[upkeep]\n|-sideend|p1: SimMikaze|move: Tailwind\n|upkeep\n|turn|8\n|-message|Brumi500 forfeited.\n|\n|win|SimMikaze\n|raw|SimMikaze's rating: 1168 &rarr; <strong>1188</strong><br />(+20 for winning)\n|raw|Brumi500's rating: 1104 &rarr; <strong>1084</strong><br />(-20 for losing)\n|l|\u2606Brumi500\n|player|p2|\n",
  "uploadtime": 1776245580,
  "views": 15,
  "formatid": "gen9championsvgc2026regma",
  "rating": 1084,
  "private": 0,
  "password": null
}