{
  "id": "gen9championsvgc2026regma-2589389708",
  "format": "[Gen 9 Champions] VGC 2026 Reg M-A",
  "players": [
    "secondfish",
    "guyq"
  ],
  "log": "|j|\u2606secondfish\n|j|\u2606guyq\n|t:|1776719074\n|gametype|doubles\n|player|p1|secondfish|steven|1331\n|player|p2|guyq|briar|1371\n|gen|9\n|tier|[Gen 9 Champions] VGC 2026 Reg M-A\n|rated|\n|rule|Species Clause: Limit one of each Pok\u00e9mon\n|rule|Item Clause: Limit 1 of each item\n|clearpoke\n|poke|p1|Sneasler, L50, F|\n|poke|p1|Garchomp, L50, M|\n|poke|p1|Scizor, L50, M|\n|poke|p1|Milotic, L50, F|\n|poke|p1|Dragonite, L50, M|\n|poke|p1|Sinistcha-Masterpiece, L50|\n|poke|p2|Floette-Eternal, L50, F|\n|poke|p2|Maushold, L50|\n|poke|p2|Garchomp, L50, F|\n|poke|p2|Talonflame, L50, M|\n|poke|p2|Basculegion, L50, M|\n|poke|p2|Rotom-Wash, L50|\n|teampreview|4\n|\n|t:|1776719133\n|teamsize|p1|4\n|teamsize|p2|4\n|start\n|switch|p1a: Milotic|Milotic, L50, F|100/100\n|switch|p1b: Sneasler|Sneasler, L50, F|100/100\n|switch|p2a: Garchomp|Garchomp, L50, F|100/100\n|switch|p2b: Talonflame|Talonflame, L50, M|100/100\n|turn|1\n|\n|t:|1776719163\n|move|p2a: Garchomp|Protect|p2a: Garchomp\n|-singleturn|p2a: Garchomp|Protect\n|move|p1b: Sneasler|Fake Out|p2a: Garchomp\n|-activate|p2a: Garchomp|move: Protect\n|move|p2b: Talonflame|Acrobatics|p1b: Sneasler\n|-supereffective|p1b: Sneasler|1\n|-enditem|p1b: Sneasler|Focus Sash\n|-damage|p1b: Sneasler|1/100\n|move|p1a: Milotic|Ice Beam|p2a: Garchomp\n|-activate|p2a: Garchomp|move: Protect\n|\n|upkeep\n|turn|2\n|\n|t:|1776719189\n|switch|p2a: Maushold|Maushold, L50|100/100\n|move|p2b: Talonflame|Acrobatics|p1b: Sneasler\n|-supereffective|p1b: Sneasler|1\n|-damage|p1b: Sneasler|0 fnt\n|faint|p1b: Sneasler\n|move|p1a: Milotic|Icy Wind|p2b: Talonflame|[spread] p2a,p2b\n|-damage|p2a: Maushold|85/100\n|-damage|p2b: Talonflame|88/100\n|-unboost|p2a: Maushold|spe|1\n|-unboost|p2b: Talonflame|spe|1\n|\n|upkeep\n|\n|t:|1776719201\n|switch|p1b: Scizor|Scizor, L50, M|100/100\n|turn|3\n|\n|t:|1776719219\n|detailschange|p1b: Scizor|Scizor-Mega, L50, M\n|-mega|p1b: Scizor|Scizor|Scizorite\n|move|p2a: Maushold|Follow Me|p2a: Maushold\n|-singleturn|p2a: Maushold|move: Follow Me\n|move|p2b: Talonflame|Tailwind|p2b: Talonflame\n|-sidestart|p2: guyq|move: Tailwind\n|move|p1a: Milotic|Scald|p2a: Maushold\n|-damage|p2a: Maushold|45/100\n|move|p1b: Scizor|Swords Dance|p1b: Scizor\n|-boost|p1b: Scizor|atk|2\n|\n|upkeep\n|turn|4\n|\n|t:|1776719235\n|move|p1b: Scizor|Protect|p1b: Scizor\n|-singleturn|p1b: Scizor|Protect\n|move|p2b: Talonflame|Flare Blitz|p1b: Scizor\n|-activate|p1b: Scizor|move: Protect\n|move|p2a: Maushold|Super Fang|p1a: Milotic\n|-damage|p1a: Milotic|50/100\n|move|p1a: Milotic|Scald|p2b: Talonflame\n|-supereffective|p2b: Talonflame|1\n|-damage|p2b: Talonflame|10/100\n|\n|-heal|p1a: Milotic|56/100|[from] item: Leftovers\n|upkeep\n|turn|5\n|\n|t:|1776719251\n|move|p2a: Maushold|Follow Me|p2a: Maushold\n|-singleturn|p2a: Maushold|move: Follow Me\n|move|p1b: Scizor|Bullet Punch|p2a: Maushold\n|-damage|p2a: Maushold|0 fnt\n|faint|p2a: Maushold\n|move|p2b: Talonflame|Flare Blitz|p1b: Scizor\n|-supereffective|p1b: Scizor|2\n|-damage|p1b: Scizor|0 fnt\n|faint|p1b: Scizor\n|-damage|p2b: Talonflame|0 fnt|[from] Recoil\n|faint|p2b: Talonflame\n|move|p1a: Milotic|Icy Wind|p2: Maushold|[notarget]\n|-fail|p1a: Milotic\n|\n|-heal|p1a: Milotic|62/100|[from] item: Leftovers\n|upkeep\n|\n|t:|1776719264\n|switch|p2b: Garchomp|Garchomp, L50, F|100/100\n|switch|p2a: Floette|Floette-Eternal, L50, F|100/100\n|switch|p1b: Sinistcha|Sinistcha-Masterpiece, L50|100/100\n|-heal|p1a: Milotic|87/100|[from] ability: Hospitality|[of] p1b: Sinistcha\n|turn|6\n|\n|t:|1776719278\n|detailschange|p2a: Floette|Floette-Mega, L50, F\n|-mega|p2a: Floette|Floette|Floettite\n|-ability|p2a: Floette|Fairy Aura\n|move|p2b: Garchomp|Protect|p2b: Garchomp\n|-singleturn|p2b: Garchomp|Protect\n|move|p2a: Floette|Calm Mind|p2a: Floette\n|-boost|p2a: Floette|spa|1\n|-boost|p2a: Floette|spd|1\n|move|p1a: Milotic|Icy Wind|p2b: Garchomp|[spread] p2a\n|-activate|p2b: Garchomp|move: Protect\n|-damage|p2a: Floette|95/100\n|-unboost|p2a: Floette|spe|1\n|move|p1b: Sinistcha|Trick Room|p1b: Sinistcha\n|-fieldstart|move: Trick Room|[of] p1b: Sinistcha\n|\n|-heal|p1a: Milotic|93/100|[from] item: Leftovers\n|-sideend|p2: guyq|move: Tailwind\n|upkeep\n|turn|7\n|\n|t:|1776719300\n|move|p1b: Sinistcha|Rage Powder|p1b: Sinistcha\n|-singleturn|p1b: Sinistcha|move: Rage Powder\n|move|p2a: Floette|Moonblast|p1b: Sinistcha\n|-damage|p1b: Sinistcha|0 fnt\n|faint|p1b: Sinistcha\n|move|p1a: Milotic|Ice Beam|p2b: Garchomp\n|-supereffective|p2b: Garchomp|2\n|-damage|p2b: Garchomp|3/100\n|move|p2b: Garchomp|Rock Slide|p1a: Milotic|[miss]\n|-miss|p2b: Garchomp|p1a: Milotic\n|\n|-heal|p1a: Milotic|99/100|[from] item: Leftovers\n|upkeep\n|turn|8\n|\n|t:|1776719320\n|move|p2a: Floette|Moonblast|p1a: Milotic\n|-damage|p1a: Milotic|28/100\n|move|p1a: Milotic|Scald|p2a: Floette\n|-damage|p2a: Floette|79/100\n|move|p2b: Garchomp|Stomping Tantrum|p1a: Milotic\n|-damage|p1a: Milotic|0 fnt\n|faint|p1a: Milotic\n|\n|win|guyq\n|raw|secondfish's rating: 1331 &rarr; <strong>1313</strong><br />(-18 for losing)\n|raw|guyq's rating: 1371 &rarr; <strong>1389</strong><br />(+18 for winning)\n",
  "uploadtime": 1776719329,
  "views": 16,
  "formatid": "gen9championsvgc2026regma",
  "rating": 1313,
  "private": 0,
  "password": null
}