{
  "id": "gen9championsvgc2026regma-2587673908",
  "format": "[Gen 9 Champions] VGC 2026 Reg M-A",
  "players": [
    "Metric12345",
    "Abel685"
  ],
  "log": "|j|\u2606Metric12345\n|j|\u2606Abel685\n|t:|1776552616\n|gametype|doubles\n|player|p1|Metric12345|ethan|\n|player|p2|Abel685|serena-masters3|\n|gen|9\n|tier|[Gen 9 Champions] VGC 2026 Reg M-A\n|rule|Species Clause: Limit one of each Pok\u00e9mon\n|rule|Item Clause: Limit 1 of each item\n|clearpoke\n|poke|p1|Froslass, L50, F, shiny|\n|poke|p1|Maushold-Four, L50, shiny|\n|poke|p1|Floette-Eternal, L50, F|\n|poke|p1|Sneasler, L50, M, shiny|\n|poke|p1|Corviknight, L50, M, shiny|\n|poke|p1|Milotic, L50, F, shiny|\n|poke|p2|Floette-Eternal, L50, F|\n|poke|p2|Rotom-Wash, L50|\n|poke|p2|Incineroar, L50, F|\n|poke|p2|Basculegion, L50, M|\n|poke|p2|Sinistcha, L50|\n|poke|p2|Garchomp, L50, F|\n|teampreview|4\n|c|\u2606Metric12345|Hi\n|c|\u2606Metric12345|Si me desconecto\n|c|\u2606Metric12345|Son los datos\n|c|\u2606Metric12345|Y buena suerte\n|c|\u2606Metric12345|:v\n|c|\u2606Metric12345|Parezco esquizofr\u00e9nico otra vez\n|inactive|Battle timer is ON: inactive players will automatically lose when time's up. (requested by Abel685)\n|\n|t:|1776552734\n|teamsize|p1|4\n|teamsize|p2|4\n|start\n|switch|p1a: Pescao \ud83d\udc1f|Milotic, L50, F, shiny|100/100\n|switch|p1b: Familia feliz \ud83d\udc00|Maushold-Four, L50, shiny|100/100\n|switch|p2a: Incineroar|Incineroar, L50, F|100/100\n|switch|p2b: Floette|Floette-Eternal, L50, F|100/100\n|-ability|p2a: Incineroar|Intimidate|boost\n|-unboost|p1a: Pescao \ud83d\udc1f|atk|1\n|-ability|p1a: Pescao \ud83d\udc1f|Competitive|boost\n|-boost|p1a: Pescao \ud83d\udc1f|spa|2\n|-unboost|p1b: Familia feliz \ud83d\udc00|atk|1\n|turn|1\n|\n|t:|1776552750\n|detailschange|p2b: Floette|Floette-Mega, L50, F\n|-mega|p2b: Floette|Floette|Floettite\n|-ability|p2b: Floette|Fairy Aura\n|move|p1a: Pescao \ud83d\udc1f|Protect|p1a: Pescao \ud83d\udc1f\n|-singleturn|p1a: Pescao \ud83d\udc1f|Protect\n|move|p2a: Incineroar|Fake Out|p1b: Familia feliz \ud83d\udc00\n|-damage|p1b: Familia feliz \ud83d\udc00|87/100\n|cant|p1b: Familia feliz \ud83d\udc00|flinch\n|move|p2b: Floette|Moonblast|p1a: Pescao \ud83d\udc1f\n|-activate|p1a: Pescao \ud83d\udc1f|move: Protect\n|\n|upkeep\n|turn|2\n|\n|t:|1776552772\n|switch|p2a: Rotom|Rotom-Wash, L50|100/100\n|move|p2b: Floette|Protect|p2b: Floette\n|-singleturn|p2b: Floette|Protect\n|move|p1b: Familia feliz \ud83d\udc00|Super Fang|p2b: Floette\n|-activate|p2b: Floette|move: Protect\n|move|p1a: Pescao \ud83d\udc1f|Scald|p2b: Floette\n|-activate|p2b: Floette|move: Protect\n|\n|upkeep\n|turn|3\n|inactive|Abel685 has 30 seconds left.\n|inactive|Abel685 has 20 seconds left.\n|inactive|Abel685 has 15 seconds left.\n|inactive|Abel685 has 10 seconds left.\n|\n|t:|1776552819\n|move|p1b: Familia feliz \ud83d\udc00|Follow Me|p1b: Familia feliz \ud83d\udc00\n|-singleturn|p1b: Familia feliz \ud83d\udc00|move: Follow Me\n|move|p2b: Floette|Moonblast|p1b: Familia feliz \ud83d\udc00\n|-damage|p1b: Familia feliz \ud83d\udc00|0 fnt\n|faint|p1b: Familia feliz \ud83d\udc00\n|move|p2a: Rotom|Thunderbolt|p1a: Pescao \ud83d\udc1f\n|-supereffective|p1a: Pescao \ud83d\udc1f|1\n|-damage|p1a: Pescao \ud83d\udc1f|52/100\n|move|p1a: Pescao \ud83d\udc1f|Icy Wind|p2b: Floette|[spread] p2a,p2b\n|-resisted|p2a: Rotom|1\n|-damage|p2a: Rotom|92/100\n|-damage|p2b: Floette|85/100\n|-unboost|p2a: Rotom|spe|1\n|-unboost|p2b: Floette|spe|1\n|\n|-heal|p2a: Rotom|98/100|[from] item: Leftovers\n|upkeep\n|\n|t:|1776552826\n|switch|p1b: Flor \ud83e\udeb7|Floette-Eternal, L50, F|100/100\n|turn|4\n|\n|t:|1776552845\n|switch|p2b: Incineroar|Incineroar, L50, F|100/100\n|-ability|p2b: Incineroar|Intimidate|boost\n|-unboost|p1a: Pescao \ud83d\udc1f|atk|1\n|-ability|p1a: Pescao \ud83d\udc1f|Competitive|boost\n|-boost|p1a: Pescao \ud83d\udc1f|spa|2\n|-unboost|p1b: Flor \ud83e\udeb7|atk|1\n|detailschange|p1b: Flor \ud83e\udeb7|Floette-Mega, L50, F\n|-mega|p1b: Flor \ud83e\udeb7|Floette|Floettite\n|-ability|p1b: Flor \ud83e\udeb7|Fairy Aura\n|move|p1a: Pescao \ud83d\udc1f|Protect|p1a: Pescao \ud83d\udc1f\n|-singleturn|p1a: Pescao \ud83d\udc1f|Protect\n|move|p1b: Flor \ud83e\udeb7|Calm Mind|p1b: Flor \ud83e\udeb7\n|-boost|p1b: Flor \ud83e\udeb7|spa|1\n|-boost|p1b: Flor \ud83e\udeb7|spd|1\n|move|p2a: Rotom|Hydro Pump|p1b: Flor \ud83e\udeb7\n|-crit|p1b: Flor \ud83e\udeb7\n|-damage|p1b: Flor \ud83e\udeb7|48/100\n|\n|-heal|p2a: Rotom|100/100|[from] item: Leftovers\n|upkeep\n|turn|5\n|\n|t:|1776552857\n|move|p1b: Flor \ud83e\udeb7|Protect|p1b: Flor \ud83e\udeb7\n|-singleturn|p1b: Flor \ud83e\udeb7|Protect\n|move|p2b: Incineroar|Fake Out|p1b: Flor \ud83e\udeb7\n|-activate|p1b: Flor \ud83e\udeb7|move: Protect\n|move|p1a: Pescao \ud83d\udc1f|Scald|p2b: Incineroar\n|-supereffective|p2b: Incineroar|1\n|-damage|p2b: Incineroar|0 fnt\n|faint|p2b: Incineroar\n|move|p2a: Rotom|Thunderbolt|p1a: Pescao \ud83d\udc1f\n|-supereffective|p1a: Pescao \ud83d\udc1f|1\n|-damage|p1a: Pescao \ud83d\udc1f|3/100\n|\n|upkeep\n|\n|t:|1776552863\n|switch|p2b: Basculegion|Basculegion, L50, M|100/100\n|turn|6\n|\n|t:|1776552883\n|move|p1b: Flor \ud83e\udeb7|Protect||[still]\n|-fail|p1b: Flor \ud83e\udeb7\n|move|p2b: Basculegion|Last Respects|p1b: Flor \ud83e\udeb7\n|-damage|p1b: Flor \ud83e\udeb7|0 fnt\n|faint|p1b: Flor \ud83e\udeb7\n|move|p1a: Pescao \ud83d\udc1f|Icy Wind|p2b: Basculegion|[spread] p2a,p2b\n|-resisted|p2a: Rotom|1\n|-crit|p2a: Rotom\n|-resisted|p2b: Basculegion|1\n|-damage|p2a: Rotom|83/100\n|-damage|p2b: Basculegion|83/100\n|-unboost|p2a: Rotom|spe|1\n|-unboost|p2b: Basculegion|spe|1\n|move|p2a: Rotom|Thunderbolt|p1a: Pescao \ud83d\udc1f\n|-supereffective|p1a: Pescao \ud83d\udc1f|1\n|-damage|p1a: Pescao \ud83d\udc1f|0 fnt\n|faint|p1a: Pescao \ud83d\udc1f\n|\n|-heal|p2a: Rotom|88/100|[from] item: Leftovers\n|upkeep\n|\n|t:|1776552887\n|switch|p1b: Caballero \u2694\ufe0f|Corviknight, L50, M, shiny|100/100\n|turn|7\n|\n|t:|1776552894\n|move|p2b: Basculegion|Last Respects|p1b: Caballero \u2694\ufe0f\n|-damage|p1b: Caballero \u2694\ufe0f|52/100\n|move|p1b: Caballero \u2694\ufe0f|Body Press|p2a: Rotom\n|-damage|p2a: Rotom|58/100\n|move|p2a: Rotom|Thunderbolt|p1b: Caballero \u2694\ufe0f\n|-supereffective|p1b: Caballero \u2694\ufe0f|1\n|-damage|p1b: Caballero \u2694\ufe0f|0 fnt\n|faint|p1b: Caballero \u2694\ufe0f\n|\n|win|Abel685\n|c|\u2606Metric12345|Ggs\n",
  "uploadtime": 1776552922,
  "views": 12,
  "formatid": "gen9championsvgc2026regma",
  "rating": null,
  "private": 0,
  "password": null
}