{
  "id": "gen9championsvgc2026regma-2581889761",
  "format": "[Gen 9 Champions] VGC 2026 Reg M-A",
  "players": [
    "notchopsticks",
    "Sevaunn"
  ],
  "log": "|j|\u2606notchopsticks\n|j|\u2606Sevaunn\n|t:|1776037072\n|gametype|doubles\n|player|p1|notchopsticks|teamrocket|1142\n|player|p2|Sevaunn|hilbert|1240\n|gen|9\n|tier|[Gen 9 Champions] VGC 2026 Reg M-A\n|rated|\n|rule|Species Clause: Limit one of each Pok\u00e9mon\n|rule|Item Clause: Limit 1 of each item\n|clearpoke\n|poke|p1|Pelipper, L50, F|\n|poke|p1|Basculegion, L50, M|\n|poke|p1|Meganium, L50, F|\n|poke|p1|Incineroar, L50, F|\n|poke|p1|Aegislash, L50, M|\n|poke|p1|Archaludon, L50, F|\n|poke|p2|Excadrill, L50, F|\n|poke|p2|Tyranitar, L50, M|\n|poke|p2|Gyarados, L50, M|\n|poke|p2|Raichu, L50, F|\n|poke|p2|Dragonite, L50, F|\n|poke|p2|Primarina, L50, M|\n|teampreview|4\nnotchopsticks rejected open team sheets.\n|inactive|Battle timer is ON: inactive players will automatically lose when time's up. (requested by notchopsticks)\n|\n|t:|1776037103\n|teamsize|p1|4\n|teamsize|p2|4\n|start\n|switch|p1a: Incineroar|Incineroar, L50, F|100/100\n|switch|p1b: Basculegion|Basculegion, L50, M|100/100\n|switch|p2a: AY|Raichu, L50, F|100/100\n|switch|p2b: D.DAWG|Dragonite, L50, F|100/100\n|-ability|p1a: Incineroar|Intimidate|boost\n|-unboost|p2a: AY|atk|1\n|-fail|p2b: D.DAWG|unboost|Attack|[from] ability: Inner Focus|[of] p2b: D.DAWG\n|turn|1\n|\n|t:|1776037123\n|move|p1a: Incineroar|Fake Out|p2b: D.DAWG\n|-damage|p2b: D.DAWG|89/100\n|move|p1b: Basculegion|Flip Turn|p2a: AY\n|-damage|p2a: AY|36/100\n|\n|t:|1776037129\n|switch|p1b: Pelipper|Pelipper, L50, F|100/100|[from] Flip Turn\n|-weather|RainDance|[from] ability: Drizzle|[of] p1b: Pelipper\n|move|p2a: AY|Volt Switch|p1b: Pelipper\n|-supereffective|p1b: Pelipper|2\n|-enditem|p1b: Pelipper|Focus Sash\n|-damage|p1b: Pelipper|1/100\n|\n|t:|1776037143\n|switch|p2a: HONKAHONKA|Primarina, L50, M|100/100|[from] Volt Switch\n|move|p2b: D.DAWG|Dragon Dance|p2b: D.DAWG\n|-boost|p2b: D.DAWG|atk|1\n|-boost|p2b: D.DAWG|spe|1\n|\n|-weather|RainDance|[upkeep]\n|upkeep\n|turn|2\n|\n|t:|1776037161\n|move|p2b: D.DAWG|Tailwind|p2b: D.DAWG\n|-sidestart|p2: Sevaunn|move: Tailwind\n|move|p2a: HONKAHONKA|Hyper Voice|p1b: Pelipper|[spread] p1a,p1b\n|-supereffective|p1a: Incineroar|1\n|-resisted|p1b: Pelipper|1\n|-damage|p1a: Incineroar|0 fnt\n|-damage|p1b: Pelipper|0 fnt\n|faint|p1a: Incineroar\n|faint|p1b: Pelipper\n|\n|-weather|RainDance|[upkeep]\n|upkeep\n|\n|t:|1776037166\n|switch|p1b: Basculegion|Basculegion, L50, M|100/100\n|switch|p1a: Archaludon|Archaludon, L50, F|100/100\n|turn|3\n|\n|t:|1776037177\n|move|p2a: HONKAHONKA|Protect|p2a: HONKAHONKA\n|-singleturn|p2a: HONKAHONKA|Protect\n|move|p1b: Basculegion|Last Respects|p2a: HONKAHONKA\n|-activate|p2a: HONKAHONKA|move: Protect\n|move|p2b: D.DAWG|Dragon Claw|p1b: Basculegion\n|-damage|p1b: Basculegion|17/100\n|move|p1a: Archaludon|Electro Shot||[still]\n|-prepare|p1a: Archaludon|Electro Shot\n|-boost|p1a: Archaludon|spa|1\n|-anim|p1a: Archaludon|Electro Shot|p2b: D.DAWG\n|-damage|p2b: D.DAWG|0 fnt\n|faint|p2b: D.DAWG\n|\n|-weather|RainDance|[upkeep]\n|upkeep\n|\n|t:|1776037186\n|switch|p2b: AY|Raichu, L50, F|36/100\n|turn|4\n|\n|t:|1776037202\n|move|p2b: AY|Fake Out|p1a: Archaludon\n|-resisted|p1a: Archaludon|1\n|-damage|p1a: Archaludon|97/100\n|-ability|p1a: Archaludon|Stamina|boost\n|-boost|p1a: Archaludon|def|1\n|move|p1b: Basculegion|Last Respects|p2b: AY\n|-damage|p2b: AY|0 fnt\n|faint|p2b: AY\n|move|p2a: HONKAHONKA|Dazzling Gleam|p1a: Archaludon|[spread] p1a,p1b\n|-damage|p1a: Archaludon|49/100\n|-damage|p1b: Basculegion|0 fnt\n|-ability|p1a: Archaludon|Stamina|boost\n|-boost|p1a: Archaludon|def|1\n|faint|p1b: Basculegion\n|cant|p1a: Archaludon|flinch\n|\n|-weather|RainDance|[upkeep]\n|upkeep\n|\n|t:|1776037213\n|switch|p2b: bob the UNBLDR|Excadrill, L50, F|100/100\n|turn|5\n|\n|t:|1776037220\n|detailschange|p2b: bob the UNBLDR|Excadrill-Mega, L50, F\n|-mega|p2b: bob the UNBLDR|Excadrill|Excadrite\n|move|p2b: bob the UNBLDR|High Horsepower|p1a: Archaludon\n|-supereffective|p1a: Archaludon|1\n|-damage|p1a: Archaludon|0 fnt\n|faint|p1a: Archaludon\n|\n|win|Sevaunn\n|raw|notchopsticks's rating: 1142 &rarr; <strong>1124</strong><br />(-18 for losing)\n|raw|Sevaunn's rating: 1240 &rarr; <strong>1258</strong><br />(+18 for winning)\n|l|\u2606notchopsticks\n|player|p1|\n",
  "uploadtime": 1776037228,
  "views": 19,
  "formatid": "gen9championsvgc2026regma",
  "rating": 1124,
  "private": 0,
  "password": null
}