{
  "id": "gen9championsvgc2026regma-2582362063",
  "format": "[Gen 9 Champions] VGC 2026 Reg M-A",
  "players": [
    "Ahmamastar",
    "ilovemychunguslife"
  ],
  "log": "|j|\u2606Ahmamastar\n|j|\u2606ilovemychunguslife\n|t:|1776086447\n|gametype|doubles\n|player|p1|Ahmamastar|1|1099\n|player|p2|ilovemychunguslife|poppy|1148\n|gen|9\n|tier|[Gen 9 Champions] VGC 2026 Reg M-A\n|rated|\n|rule|Species Clause: Limit one of each Pok\u00e9mon\n|rule|Item Clause: Limit 1 of each item\n|clearpoke\n|poke|p1|Golurk, L50|\n|poke|p1|Farigiraf, L50, F|\n|poke|p1|Incineroar, L50, M|\n|poke|p1|Torkoal, L50, M|\n|poke|p1|Sneasler, L50, M|\n|poke|p1|Venusaur, L50, M|\n|poke|p2|Talonflame, L50, M|\n|poke|p2|Tsareena, L50, F|\n|poke|p2|Glimmora, L50, M|\n|poke|p2|Milotic, L50, M|\n|poke|p2|Conkeldurr, L50, F|\n|poke|p2|Tyrantrum, L50, F|\n|teampreview|4\n|inactive|Battle timer is ON: inactive players will automatically lose when time's up. (requested by Ahmamastar)\n|inactive|ilovemychunguslife has 60 seconds left.\n|\n|t:|1776086496\n|teamsize|p1|4\n|teamsize|p2|4\n|start\n|switch|p1a: Farigiraf|Farigiraf, L50, F|100/100\n|switch|p1b: Sneasler|Sneasler, L50, M|100/100\n|switch|p2a: Tsareena|Tsareena, L50, F|100/100\n|switch|p2b: Glimmora|Glimmora, L50, M|100/100\n|turn|1\n|inactive|Ahmamastar has 30 seconds left.\n|inactive|ilovemychunguslife has 30 seconds left.\n|inactive|Ahmamastar has 20 seconds left.\n|inactive|ilovemychunguslife has 20 seconds left.\n|inactive|Ahmamastar has 15 seconds left.\n|inactive|ilovemychunguslife has 15 seconds left.\n|\n|t:|1776086538\n|detailschange|p2b: Glimmora|Glimmora-Mega, L50, M\n|-mega|p2b: Glimmora|Glimmora|Glimmoranite\n|move|p2a: Tsareena|Helping Hand|p2b: Glimmora\n|-singleturn|p2b: Glimmora|Helping Hand|[of] p2a: Tsareena\n|move|p1b: Sneasler|Fake Out||[still]\n|cant|p2a: Tsareena|ability: Queenly Majesty|Fake Out|[of] p1b: Sneasler\n|move|p2b: Glimmora|Earth Power|p1b: Sneasler\n|-supereffective|p1b: Sneasler|1\n|-damage|p1b: Sneasler|0 fnt\n|faint|p1b: Sneasler\n|move|p1a: Farigiraf|Trick Room|p1a: Farigiraf\n|-fieldstart|move: Trick Room|[of] p1a: Farigiraf\n|\n|upkeep\n|\n|t:|1776086558\n|switch|p1b: Golurk|Golurk, L50|100/100\n|turn|2\n|\n|t:|1776086568\n|detailschange|p1b: Golurk|Golurk-Mega, L50\n|-mega|p1b: Golurk|Golurk|Golurkite\n|move|p2b: Glimmora|Spiky Shield|p2b: Glimmora\n|-singleturn|p2b: Glimmora|move: Protect\n|move|p1a: Farigiraf|Psychic|p2b: Glimmora\n|-activate|p2b: Glimmora|move: Protect\n|move|p1b: Golurk|Ice Punch|p2a: Tsareena\n|-supereffective|p2a: Tsareena|1\n|-damage|p2a: Tsareena|24/100\n|move|p2a: Tsareena|Trop Kick|p1b: Golurk\n|-supereffective|p1b: Golurk|1\n|-damage|p1b: Golurk|38/100\n|-unboost|p1b: Golurk|atk|1\n|\n|upkeep\n|turn|3\n|inactive|ilovemychunguslife has 30 seconds left.\n|inactive|ilovemychunguslife has 20 seconds left.\n|inactive|ilovemychunguslife has 15 seconds left.\n|\n|t:|1776086610\n|switch|p2a: Milotic|Milotic, L50, M|100/100\n|switch|p2b: Conkeldurr|Conkeldurr, L50, F|100/100\n|move|p1a: Farigiraf|Psychic|p2b: Conkeldurr\n|-supereffective|p2b: Conkeldurr|1\n|-damage|p2b: Conkeldurr|7/100\n|move|p1b: Golurk|Poltergeist|p2b: Conkeldurr\n|-activate|p2b: Conkeldurr|move: Poltergeist|Leftovers\n|-damage|p2b: Conkeldurr|0 fnt\n|faint|p2b: Conkeldurr\n|\n|upkeep\n|\n|t:|1776086626\n|switch|p2b: Tsareena|Tsareena, L50, F|24/100\n|turn|4\n|\n|t:|1776086636\n|move|p1a: Farigiraf|Hyper Voice|p2a: Milotic|[spread] p2a,p2b\n|-damage|p2a: Milotic|78/100\n|-damage|p2b: Tsareena|0 fnt\n|faint|p2b: Tsareena\n|move|p1b: Golurk|Headlong Rush|p2a: Milotic\n|-damage|p2a: Milotic|21/100\n|-unboost|p1b: Golurk|def|1\n|-unboost|p1b: Golurk|spd|1\n|move|p2a: Milotic|Coil|p2a: Milotic\n|-boost|p2a: Milotic|atk|1\n|-boost|p2a: Milotic|def|1\n|-boost|p2a: Milotic|accuracy|1\n|\n|upkeep\n|\n|t:|1776086642\n|switch|p2b: Glimmora|Glimmora-Mega, L50, M|100/100\n|turn|5\n|\n|t:|1776086660\n|move|p2b: Glimmora|Spiky Shield|p2b: Glimmora\n|-singleturn|p2b: Glimmora|move: Protect\n|move|p1a: Farigiraf|Hyper Voice|p2b: Glimmora|[spread] p2a\n|-activate|p2b: Glimmora|move: Protect\n|-damage|p2a: Milotic|2/100\n|move|p1b: Golurk|Headlong Rush|p2b: Glimmora\n|-supereffective|p2b: Glimmora|2\n|-ability|p1b: Golurk|Unseen Fist\n|-zbroken|p2b: Glimmora\n|-damage|p2b: Glimmora|38/100\n|-unboost|p1b: Golurk|def|1\n|-unboost|p1b: Golurk|spd|1\n|move|p2a: Milotic|Hypnosis|p1a: Farigiraf\n|-status|p1a: Farigiraf|slp|[from] move: Hypnosis\n|\n|-fieldend|move: Trick Room\n|upkeep\n|turn|6\n|inactive|ilovemychunguslife has 30 seconds left.\n|\n|t:|1776086690\n|move|p1b: Golurk|Protect|p1b: Golurk\n|-singleturn|p1b: Golurk|Protect\n|move|p2b: Glimmora|Sludge Bomb|p1a: Farigiraf\n|-damage|p1a: Farigiraf|33/100 slp\n|-enditem|p1a: Farigiraf|Sitrus Berry|[eat]\n|-heal|p1a: Farigiraf|58/100 slp|[from] item: Sitrus Berry\n|move|p2a: Milotic|Hypnosis|p1b: Golurk\n|-activate|p1b: Golurk|move: Protect\n|cant|p1a: Farigiraf|slp\n|\n|upkeep\n|turn|7\n|\n|t:|1776086711\n|move|p2b: Glimmora|Sludge Bomb|p1a: Farigiraf\n|-crit|p1a: Farigiraf\n|-damage|p1a: Farigiraf|0 fnt\n|faint|p1a: Farigiraf\n|move|p2a: Milotic|Ice Beam|p1b: Golurk\n|-supereffective|p1b: Golurk|1\n|-crit|p1b: Golurk\n|-damage|p1b: Golurk|0 fnt\n|faint|p1b: Golurk\n|\n|upkeep\n|\n|t:|1776086720\n|switch|p1b: Torkoal|Torkoal, L50, M|100/100\n|-weather|SunnyDay|[from] ability: Drought|[of] p1b: Torkoal\n|turn|8\n|\n|t:|1776086728\n|move|p2b: Glimmora|Power Gem|p1b: Torkoal\n|-supereffective|p1b: Torkoal|1\n|-damage|p1b: Torkoal|0 fnt\n|faint|p1b: Torkoal\n|\n|win|ilovemychunguslife\n|raw|Ahmamastar's rating: 1099 &rarr; <strong>1078</strong><br />(-21 for losing)\n|raw|ilovemychunguslife's rating: 1148 &rarr; <strong>1169</strong><br />(+21 for winning)\n",
  "uploadtime": 1776086731,
  "views": 13,
  "formatid": "gen9championsvgc2026regma",
  "rating": 1078,
  "private": 0,
  "password": null
}