{
  "id": "gen9championsvgc2026regma-2585600628",
  "format": "[Gen 9 Champions] VGC 2026 Reg M-A",
  "players": [
    "vegemite360",
    "vincioooo"
  ],
  "log": "|j|\u2606vegemite360\n|j|\u2606vincioooo\n|t:|1776358118\n|gametype|doubles\n|player|p1|vegemite360|bugcatcher-gen4dp|1225\n|player|p2|vincioooo|n|1187\n|gen|9\n|tier|[Gen 9 Champions] VGC 2026 Reg M-A\n|rated|\n|rule|Species Clause: Limit one of each Pok\u00e9mon\n|rule|Item Clause: Limit 1 of each item\n|clearpoke\n|poke|p1|Crabominable, L50, M|\n|poke|p1|Primarina, L50, M|\n|poke|p1|Kingambit, L50, M|\n|poke|p1|Slowking-Galar, L50, M|\n|poke|p1|Incineroar, L50, M|\n|poke|p1|Sinistcha, L50|\n|poke|p2|Sableye, L50, M|\n|poke|p2|Dragonite, L50, F|\n|poke|p2|Sneasler, L50, M|\n|poke|p2|Scizor, L50, M|\n|poke|p2|Rotom-Wash, L50|\n|poke|p2|Ninetales-Alola, L50, M|\n|teampreview|4\n|inactive|Battle timer is ON: inactive players will automatically lose when time's up. (requested by vegemite360)\n|inactive|vegemite360 has 60 seconds left.\n|inactive|vincioooo has 60 seconds left.\n|inactive|vegemite360 has 30 seconds left.\n|inactive|vincioooo has 30 seconds left.\n|inactive|vincioooo has 20 seconds left.\n|inactive|vincioooo has 15 seconds left.\n|inactive|vincioooo has 10 seconds left.\n|inactive|vincioooo has 5 seconds left.\n|\n|t:|1776358208\n|teamsize|p1|4\n|teamsize|p2|4\n|start\n|switch|p1a: Slowking|Slowking-Galar, L50, M|100/100\n|switch|p1b: Incineroar|Incineroar, L50, M|100/100\n|switch|p2a: Ninetales|Ninetales-Alola, L50, M|100/100\n|switch|p2b: Scizor|Scizor, L50, M|100/100\n|-weather|Snowscape|[from] ability: Snow Warning|[of] p2a: Ninetales\n|-ability|p1b: Incineroar|Intimidate|boost\n|-unboost|p2a: Ninetales|atk|1\n|-unboost|p2b: Scizor|atk|1\n|turn|1\n|inactive|vincioooo has 30 seconds left.\n|inactive|vincioooo has 20 seconds left.\n|inactive|vincioooo has 15 seconds left.\n|inactive|vincioooo has 10 seconds left.\n|\n|t:|1776358254\n|move|p1b: Incineroar|Fake Out|p2a: Ninetales\n|-damage|p2a: Ninetales|91/100\n|cant|p2a: Ninetales|flinch\n|move|p2b: Scizor|Swords Dance|p2b: Scizor\n|-boost|p2b: Scizor|atk|2\n|move|p1a: Slowking|Trick Room|p1a: Slowking\n|-fieldstart|move: Trick Room|[of] p1a: Slowking\n|\n|-weather|Snowscape|[upkeep]\n|upkeep\n|turn|2\n|inactive|vincioooo has 30 seconds left.\n|inactive|vincioooo has 20 seconds left.\n|inactive|vincioooo has 15 seconds left.\n|inactive|vincioooo has 10 seconds left.\n|\n|t:|1776358302\n|move|p2b: Scizor|Protect|p2b: Scizor\n|-singleturn|p2b: Scizor|Protect\n|move|p1a: Slowking|Sludge Bomb|p2a: Ninetales\n|-supereffective|p2a: Ninetales|1\n|-damage|p2a: Ninetales|17/100\n|move|p1b: Incineroar|Flare Blitz|p2a: Ninetales\n|-supereffective|p2a: Ninetales|1\n|-damage|p2a: Ninetales|0 fnt\n|faint|p2a: Ninetales\n|-damage|p1b: Incineroar|97/100|[from] Recoil\n|\n|-weather|Snowscape|[upkeep]\n|upkeep\n|inactive|vincioooo has 30 seconds left.\n|inactive|vincioooo has 20 seconds left.\n|inactive|vincioooo has 15 seconds left.\n|\n|t:|1776358343\n|switch|p2a: Sneasler|Sneasler, L50, M|100/100\n|turn|3\n|inactive|vegemite360 has 30 seconds left.\n|\n|t:|1776358370\n|switch|p1b: Primarina|Primarina, L50, M|100/100\n|move|p2a: Sneasler|Fake Out|p1b: Primarina\n|-damage|p1b: Primarina|83/100\n|move|p1a: Slowking|Psychic|p2a: Sneasler\n|-supereffective|p2a: Sneasler|2\n|-damage|p2a: Sneasler|0 fnt\n|faint|p2a: Sneasler\n|move|p2b: Scizor|Swords Dance|p2b: Scizor\n|-boost|p2b: Scizor|atk|2\n|\n|-weather|Snowscape|[upkeep]\n|-heal|p1b: Primarina|89/100|[from] item: Leftovers\n|upkeep\n|\n|t:|1776358378\n|switch|p2a: Sableye|Sableye, L50, M|100/100\n|turn|4\n|\n|t:|1776358402\n|switch|p1a: Incineroar|Incineroar, L50, M|97/100\n|-ability|p1a: Incineroar|Intimidate|boost\n|-unboost|p2a: Sableye|atk|1\n|-unboost|p2b: Scizor|atk|1\n|detailschange|p2b: Scizor|Scizor-Mega, L50, M\n|-mega|p2b: Scizor|Scizor|Scizorite\n|move|p1b: Primarina|Protect|p1b: Primarina\n|-singleturn|p1b: Primarina|Protect\n|move|p2a: Sableye|Encore|p1a: Incineroar\n|-hint|Since gen 7, Dark is immune to Prankster moves.\n|-immune|p1a: Incineroar\n|move|p2b: Scizor|Bullet Punch|p1b: Primarina\n|-activate|p1b: Primarina|move: Protect\n|\n|-weather|Snowscape|[upkeep]\n|-heal|p1b: Primarina|95/100|[from] item: Leftovers\n|upkeep\n|turn|5\n|inactive|vegemite360 has 30 seconds left.\n|inactive|vincioooo has 30 seconds left.\n|\n|t:|1776358438\n|switch|p1b: Slowking|Slowking-Galar, L50, M|100/100\n|move|p2b: Scizor|Protect|p2b: Scizor\n|-singleturn|p2b: Scizor|Protect\n|move|p2a: Sableye|Encore||[still]\n|-fail|p2a: Sableye\n|move|p1a: Incineroar|Parting Shot|p2a: Sableye\n|-unboost|p2a: Sableye|atk|1\n|-unboost|p2a: Sableye|spa|1\n|\n|t:|1776358450\n|switch|p1a: Primarina|Primarina, L50, M|95/100|[from] Parting Shot\n|\n|-weather|none\n|-heal|p1a: Primarina|100/100|[from] item: Leftovers\n|-fieldend|move: Trick Room\n|upkeep\n|turn|6\n|inactive|vegemite360 has 30 seconds left.\n|\n|t:|1776358476\n|move|p2b: Scizor|Bullet Punch|p1b: Slowking\n|-crit|p1b: Slowking\n|-damage|p1b: Slowking|0 fnt\n|faint|p1b: Slowking\n|move|p1a: Primarina|Moonblast|p2a: Sableye\n|-supereffective|p2a: Sableye|1\n|-damage|p2a: Sableye|0 fnt\n|faint|p2a: Sableye\n|\n|upkeep\n|\n|t:|1776358482\n|switch|p1b: Incineroar|Incineroar, L50, M|97/100\n|-ability|p1b: Incineroar|Intimidate|boost\n|-unboost|p2b: Scizor|atk|1\n|turn|7\n|\n|t:|1776358504\n|move|p2b: Scizor|Protect|p2b: Scizor\n|-singleturn|p2b: Scizor|Protect\n|move|p1b: Incineroar|Fake Out|p2b: Scizor\n|-activate|p2b: Scizor|move: Protect\n|move|p1a: Primarina|Hyper Voice|p2b: Scizor\n|-activate|p2b: Scizor|move: Protect\n|\n|upkeep\n|turn|8\n|\n|t:|1776358517\n|switch|p1b: Crabominable|Crabominable, L50, M|100/100\n|move|p2b: Scizor|Close Combat|p1b: Crabominable\n|-supereffective|p1b: Crabominable|1\n|-damage|p1b: Crabominable|0 fnt\n|-unboost|p2b: Scizor|def|1\n|-unboost|p2b: Scizor|spd|1\n|faint|p1b: Crabominable\n|move|p1a: Primarina|Hyper Voice|p2b: Scizor\n|-damage|p2b: Scizor|19/100\n|\n|upkeep\n|\n|t:|1776358522\n|switch|p1b: Incineroar|Incineroar, L50, M|97/100\n|-ability|p1b: Incineroar|Intimidate|boost\n|-unboost|p2b: Scizor|atk|1\n|turn|9\n|\n|t:|1776358537\n|move|p1b: Incineroar|Fake Out|p2b: Scizor\n|-resisted|p2b: Scizor|1\n|-damage|p2b: Scizor|13/100\n|cant|p2b: Scizor|flinch\n|move|p1a: Primarina|Hyper Voice|p2b: Scizor\n|-damage|p2b: Scizor|0 fnt\n|faint|p2b: Scizor\n|\n|win|vegemite360\n|raw|vegemite360's rating: 1225 &rarr; <strong>1247</strong><br />(+22 for winning)\n|raw|vincioooo's rating: 1187 &rarr; <strong>1165</strong><br />(-22 for losing)\n|l|\u2606vincioooo\n|player|p2|\n",
  "uploadtime": 1776358543,
  "views": 17,
  "formatid": "gen9championsvgc2026regma",
  "rating": 1165,
  "private": 0,
  "password": null
}