{
  "id": "gen9championsvgc2026regma-2587414192",
  "format": "[Gen 9 Champions] VGC 2026 Reg M-A",
  "players": [
    "Owl-CC",
    "onepeakmoi"
  ],
  "log": "|j|\u2606Owl-CC\n|j|\u2606onepeakmoi\n|t:|1776529816\n|gametype|doubles\n|player|p1|Owl-CC|266|1049\n|player|p2|onepeakmoi|fisherman|1000\n|gen|9\n|tier|[Gen 9 Champions] VGC 2026 Reg M-A\n|rated|\n|rule|Species Clause: Limit one of each Pok\u00e9mon\n|rule|Item Clause: Limit 1 of each item\n|clearpoke\n|poke|p1|Froslass, L50, F, shiny|\n|poke|p1|Palafin, L50, F, shiny|\n|poke|p1|Kingambit, L50, F, shiny|\n|poke|p1|Arcanine-Hisui, L50, F, shiny|\n|poke|p1|Sinistcha, L50, shiny|\n|poke|p1|Sneasler, L50, F, shiny|\n|poke|p2|Pelipper, L50, M|\n|poke|p2|Pidgeot, L50, F|\n|poke|p2|Appletun, L50, F|\n|poke|p2|Garchomp, L50, F|\n|poke|p2|Aegislash, L50, M|\n|poke|p2|Ampharos, L50, M|\n|teampreview|4\nonepeakmoi rejected open team sheets.\n|inactive|Battle timer is ON: inactive players will automatically lose when time's up. (requested by Owl-CC)\n|c|\u2606Owl-CC|glhf\n|c|\u2606Owl-CC|havent seen that apple thing before\n|c|\u2606onepeakmoi|and so you wont\n|inactive|onepeakmoi has 60 seconds left.\n|\n|t:|1776529901\n|teamsize|p1|4\n|teamsize|p2|4\n|start\n|switch|p1a: Froslass|Froslass, L50, F, shiny|100/100\n|switch|p1b: Sneasler|Sneasler, L50, F, shiny|100/100\n|switch|p2a: Pidgeot|Pidgeot, L50, F|100/100\n|switch|p2b: Aegislash|Aegislash, L50, M|100/100\n|turn|1\n|inactive|onepeakmoi has 30 seconds left.\n|inactive|onepeakmoi has 20 seconds left.\n|c|\u2606Owl-CC|is pigey ur way of tailwind?\n|inactive|onepeakmoi has 15 seconds left.\n|inactive|onepeakmoi has 10 seconds left.\n|\n|t:|1776529947\n|detailschange|p1a: Froslass|Froslass-Mega, L50, F, shiny\n|-mega|p1a: Froslass|Froslass|Froslassite\n|-weather|Snowscape|[from] ability: Snow Warning|[of] p1a: Froslass\n|detailschange|p2a: Pidgeot|Pidgeot-Mega, L50, F\n|-mega|p2a: Pidgeot|Pidgeot|Pidgeotite\n|move|p1b: Sneasler|Fake Out|p2a: Pidgeot\n|-damage|p2a: Pidgeot|79/100\n|cant|p2a: Pidgeot|flinch\n|move|p1a: Froslass|Aurora Veil|p1a: Froslass\n|-sidestart|p1: Owl-CC|move: Aurora Veil\n|move|p2b: Aegislash|Swords Dance|p2b: Aegislash\n|-boost|p2b: Aegislash|atk|2\n|\n|-weather|Snowscape|[upkeep]\n|upkeep\n|turn|2\n|inactive|onepeakmoi has 30 seconds left.\n|c|\u2606Owl-CC|no guard?\n|\n|t:|1776529980\n|switch|p1b: Arcanine|Arcanine-Hisui, L50, F, shiny|100/100\n|-ability|p1b: Arcanine|Intimidate|boost\n|-unboost|p2a: Pidgeot|atk|1\n|-unboost|p2b: Aegislash|atk|1\n|move|p2a: Pidgeot|Hurricane|p1b: Arcanine\n|-resisted|p1b: Arcanine|1\n|-damage|p1b: Arcanine|75/100\n|move|p1a: Froslass|Blizzard|p2b: Aegislash|[spread] p2a,p2b\n|-supereffective|p2a: Pidgeot|1\n|-resisted|p2b: Aegislash|1\n|-damage|p2a: Pidgeot|0 fnt\n|-damage|p2b: Aegislash|84/100\n|faint|p2a: Pidgeot\n|-formechange|p2b: Aegislash|Aegislash-Blade|\n|move|p2b: Aegislash|Poltergeist|p1a: Froslass\n|-activate|p1a: Froslass|move: Poltergeist|Froslassite\n|-supereffective|p1a: Froslass|1\n|-damage|p1a: Froslass|0 fnt\n|faint|p1a: Froslass\n|\n|-weather|Snowscape|[upkeep]\n|upkeep\n|c|\u2606Owl-CC|danm i was expecting the king shield\n|inactive|onepeakmoi has 30 seconds left.\n|\n|t:|1776530007\n|switch|p2a: Garchomp|Garchomp, L50, F|100/100\n|switch|p1a: Sinistcha|Sinistcha, L50, shiny|100/100\n|-heal|p1b: Arcanine|99/100|[from] ability: Hospitality|[of] p1a: Sinistcha\n|turn|3\n|inactive|Owl-CC has 30 seconds left.\n|inactive|onepeakmoi has 30 seconds left.\n|\n|t:|1776530033\n|-formechange|p2b: Aegislash|Aegislash|\n|move|p2b: Aegislash|King's Shield|p2b: Aegislash\n|-singleturn|p2b: Aegislash|Protect\n|move|p1b: Arcanine|Extreme Speed|p2a: Garchomp\n|-damage|p2a: Garchomp|74/100\n|move|p2a: Garchomp|Earthquake|p1b: Arcanine|[spread] p1a,p1b\n|-activate|p2b: Aegislash|move: Protect\n|-resisted|p1a: Sinistcha|1\n|-supereffective|p1b: Arcanine|2\n|-damage|p1a: Sinistcha|92/100\n|-damage|p1b: Arcanine|0 fnt\n|faint|p1b: Arcanine\n|move|p1a: Sinistcha|Matcha Gotcha|p2b: Aegislash|[spread] \n|-activate|p2b: Aegislash|move: Protect\n|-miss|p1a: Sinistcha|p2a: Garchomp\n|\n|-weather|Snowscape|[upkeep]\n|upkeep\n|c|\u2606Owl-CC|there it is\n|c|\u2606Owl-CC|bro\n|\n|t:|1776530049\n|switch|p1b: Sneasler|Sneasler, L50, F, shiny|100/100\n|turn|4\n|\n|t:|1776530068\n|move|p1b: Sneasler|Fake Out|p2a: Garchomp\n|-damage|p2a: Garchomp|58/100\n|cant|p2a: Garchomp|flinch\n|move|p1a: Sinistcha|Matcha Gotcha|p2a: Garchomp|[spread] p2a,p2b\n|-resisted|p2b: Aegislash|1\n|-damage|p2a: Garchomp|30/100\n|-heal|p1a: Sinistcha|100/100|[from] drain|[of] p2a: Garchomp\n|-damage|p2b: Aegislash|75/100\n|-status|p2a: Garchomp|brn\n|-formechange|p2b: Aegislash|Aegislash-Blade|\n|move|p2b: Aegislash|Poltergeist|p1a: Sinistcha\n|-activate|p1a: Sinistcha|move: Poltergeist|Sitrus Berry\n|-supereffective|p1a: Sinistcha|1\n|-damage|p1a: Sinistcha|12/100\n|-enditem|p1a: Sinistcha|Sitrus Berry|[eat]\n|-heal|p1a: Sinistcha|37/100|[from] item: Sitrus Berry\n|\n|-weather|Snowscape|[upkeep]\n|-damage|p2a: Garchomp|24/100 brn|[from] brn\n|upkeep\n|turn|5\n|inactive|Owl-CC has 30 seconds left.\n|inactive|Owl-CC has 20 seconds left.\n|\n|t:|1776530104\n|-formechange|p2b: Aegislash|Aegislash|\n|move|p2b: Aegislash|King's Shield|p2b: Aegislash\n|-singleturn|p2b: Aegislash|Protect\n|move|p2a: Garchomp|Earthquake|p1b: Sneasler|[spread] p1a,p1b\n|-activate|p2b: Aegislash|move: Protect\n|-resisted|p1a: Sinistcha|1\n|-supereffective|p1b: Sneasler|1\n|-damage|p1a: Sinistcha|33/100\n|-damage|p1b: Sneasler|57/100\n|move|p1b: Sneasler|Close Combat|p2a: Garchomp\n|-damage|p2a: Garchomp|0 fnt\n|-unboost|p1b: Sneasler|def|1\n|-unboost|p1b: Sneasler|spd|1\n|faint|p2a: Garchomp\n|-enditem|p1b: Sneasler|White Herb\n|-clearnegativeboost|p1b: Sneasler|[silent]\n|move|p1a: Sinistcha|Strength Sap|p2b: Aegislash\n|-unboost|p2b: Aegislash|atk|1\n|-heal|p1a: Sinistcha|100/100\n|\n|-weather|none\n|-sideend|p1: Owl-CC|move: Aurora Veil\n|upkeep\n|\n|t:|1776530120\n|switch|p2a: Pelipper|Pelipper, L50, M|100/100\n|-weather|RainDance|[from] ability: Drizzle|[of] p2a: Pelipper\n|turn|6\n|inactive|onepeakmoi has 30 seconds left.\n|\n|t:|1776530147\n|move|p1b: Sneasler|Dire Claw|p2a: Pelipper\n|-damage|p2a: Pelipper|36/100\n|move|p2a: Pelipper|Muddy Water|p1a: Sinistcha|[spread] p1a\n|-miss|p2a: Pelipper|p1b: Sneasler\n|-resisted|p1a: Sinistcha|1\n|-damage|p1a: Sinistcha|70/100\n|-unboost|p1a: Sinistcha|accuracy|1\n|move|p1a: Sinistcha|Matcha Gotcha|p2a: Pelipper|[spread] p2a\n|-miss|p1a: Sinistcha|p2b: Aegislash\n|-damage|p2a: Pelipper|0 fnt\n|-heal|p1a: Sinistcha|84/100|[from] drain|[of] p2a: Pelipper\n|faint|p2a: Pelipper\n|move|p2b: Aegislash|Swords Dance|p2b: Aegislash\n|-boost|p2b: Aegislash|atk|2\n|\n|-weather|RainDance|[upkeep]\n|upkeep\n|turn|7\n|inactive|Owl-CC has 30 seconds left.\n|\n|t:|1776530173\n|move|p1a: Sinistcha|Protect|p1a: Sinistcha\n|-singleturn|p1a: Sinistcha|Protect\n|move|p1b: Sneasler|Dire Claw|p2b: Aegislash\n|-immune|p2b: Aegislash\n|-formechange|p2b: Aegislash|Aegislash-Blade|\n|move|p2b: Aegislash|Poltergeist||[still]\n|-fail|p2b: Aegislash\n|\n|-weather|RainDance|[upkeep]\n|upkeep\n|turn|8\n|\n|t:|1776530193\n|-formechange|p2b: Aegislash|Aegislash|\n|move|p2b: Aegislash|King's Shield|p2b: Aegislash\n|-singleturn|p2b: Aegislash|Protect\n|move|p1b: Sneasler|Dire Claw|p2b: Aegislash\n|-activate|p2b: Aegislash|move: Protect\n|-unboost|p1b: Sneasler|atk|1\n|move|p1a: Sinistcha|Strength Sap|p2b: Aegislash\n|-unboost|p2b: Aegislash|atk|1\n|-heal|p1a: Sinistcha|100/100\n|\n|-weather|RainDance|[upkeep]\n|upkeep\n|turn|9\n|c|\u2606Owl-CC|wait, i lost my berry does ur only ghost move work?\n|inactive|onepeakmoi has 30 seconds left.\n|inactive|onepeakmoi has 20 seconds left.\n|inactive|onepeakmoi has 15 seconds left.\n|c|\u2606Owl-CC|please dont stall this\n|inactive|onepeakmoi has 10 seconds left.\n|\n|t:|1776530253\n|move|p1b: Sneasler|Close Combat|p2b: Aegislash\n|-immune|p2b: Aegislash\n|move|p1a: Sinistcha|Strength Sap|p2b: Aegislash|[miss]\n|-miss|p1a: Sinistcha|p2b: Aegislash\n|move|p2b: Aegislash|Swords Dance|p2b: Aegislash\n|-boost|p2b: Aegislash|atk|2\n|\n|-weather|RainDance|[upkeep]\n|upkeep\n|turn|10\n|\n|t:|1776530273\n|move|p1b: Sneasler|Dire Claw|p2b: Aegislash\n|-immune|p2b: Aegislash\n|move|p1a: Sinistcha|Matcha Gotcha|p2b: Aegislash|[miss]\n|-miss|p1a: Sinistcha|p2b: Aegislash\n|-formechange|p2b: Aegislash|Aegislash-Blade|\n|move|p2b: Aegislash|Sacred Sword|p1b: Sneasler\n|-resisted|p1b: Sneasler|1\n|-damage|p1b: Sneasler|0 fnt\n|faint|p1b: Sneasler\n|\n|-weather|none\n|upkeep\n|turn|11\n|c|\u2606Owl-CC|never going to hit a move\n|\n|t:|1776530293\n|-formechange|p2b: Aegislash|Aegislash|\n|move|p2b: Aegislash|King's Shield|p2b: Aegislash\n|-singleturn|p2b: Aegislash|Protect\n|move|p1a: Sinistcha|Matcha Gotcha|p2b: Aegislash\n|-activate|p2b: Aegislash|move: Protect\n|\n|upkeep\n|turn|12\n|\n|t:|1776530306\n|move|p2b: Aegislash|Swords Dance|p2b: Aegislash\n|-boost|p2b: Aegislash|atk|2\n|move|p1a: Sinistcha|Matcha Gotcha|p2b: Aegislash|[miss]\n|-miss|p1a: Sinistcha|p2b: Aegislash\n|\n|upkeep\n|turn|13\n|\n|t:|1776530315\n|move|p2b: Aegislash|Swords Dance|p2b: Aegislash\n|-boost|p2b: Aegislash|atk|1\n|move|p1a: Sinistcha|Strength Sap|p2b: Aegislash\n|-unboost|p2b: Aegislash|atk|1\n|\n|upkeep\n|turn|14\n|c|\u2606Owl-CC|do you have moves that hit me?\n|\n|t:|1776530328\n|move|p2b: Aegislash|King's Shield|p2b: Aegislash\n|-singleturn|p2b: Aegislash|Protect\n|move|p1a: Sinistcha|Matcha Gotcha|p2b: Aegislash\n|-activate|p2b: Aegislash|move: Protect\n|\n|upkeep\n|turn|15\n|\n|t:|1776530334\n|move|p2b: Aegislash|Swords Dance|p2b: Aegislash\n|-boost|p2b: Aegislash|atk|1\n|move|p1a: Sinistcha|Matcha Gotcha|p2b: Aegislash\n|-resisted|p2b: Aegislash|1\n|-damage|p2b: Aegislash|63/100\n|\n|upkeep\n|turn|16\n|\n|t:|1776530344\n|move|p1a: Sinistcha|Matcha Gotcha|p2b: Aegislash\n|-resisted|p2b: Aegislash|1\n|-damage|p2b: Aegislash|51/100\n|move|p2b: Aegislash|Swords Dance|p2b: Aegislash\n|-boost|p2b: Aegislash|atk|0\n|\n|upkeep\n|turn|17\n|\n|t:|1776530354\n|move|p2b: Aegislash|King's Shield|p2b: Aegislash\n|-singleturn|p2b: Aegislash|Protect\n|move|p1a: Sinistcha|Matcha Gotcha|p2b: Aegislash\n|-activate|p2b: Aegislash|move: Protect\n|\n|upkeep\n|turn|18\n|inactive|onepeakmoi has 30 seconds left.\n|\n|t:|1776530380\n|move|p2b: Aegislash|Swords Dance|p2b: Aegislash\n|-boost|p2b: Aegislash|atk|0\n|move|p1a: Sinistcha|Matcha Gotcha|p2b: Aegislash\n|-resisted|p2b: Aegislash|1\n|-damage|p2b: Aegislash|38/100\n|\n|upkeep\n|turn|19\n|c|\u2606Owl-CC|can you just forfit no way you can win this\n|\n|t:|1776530386\n|move|p2b: Aegislash|King's Shield|p2b: Aegislash\n|-singleturn|p2b: Aegislash|Protect\n|move|p1a: Sinistcha|Matcha Gotcha|p2b: Aegislash\n|-activate|p2b: Aegislash|move: Protect\n|\n|upkeep\n|turn|20\n|\n|t:|1776530392\n|move|p1a: Sinistcha|Matcha Gotcha|p2b: Aegislash\n|-resisted|p2b: Aegislash|1\n|-damage|p2b: Aegislash|26/100\n|move|p2b: Aegislash|Swords Dance|p2b: Aegislash\n|-boost|p2b: Aegislash|atk|0\n|\n|upkeep\n|turn|21\n|\n|t:|1776530400\n|move|p2b: Aegislash|King's Shield|p2b: Aegislash\n|-singleturn|p2b: Aegislash|Protect\n|move|p1a: Sinistcha|Strength Sap|p2b: Aegislash|[miss]\n|-miss|p1a: Sinistcha|p2b: Aegislash\n|\n|upkeep\n|turn|22\n|\n|t:|1776530405\n|move|p2b: Aegislash|Swords Dance|p2b: Aegislash\n|-boost|p2b: Aegislash|atk|0\n|move|p1a: Sinistcha|Matcha Gotcha|p2b: Aegislash|[miss]\n|-miss|p1a: Sinistcha|p2b: Aegislash\n|\n|upkeep\n|turn|23\n|\n|t:|1776530411\n|move|p1a: Sinistcha|Matcha Gotcha|p2b: Aegislash|[miss]\n|-miss|p1a: Sinistcha|p2b: Aegislash\n|move|p2b: Aegislash|Swords Dance|p2b: Aegislash\n|-boost|p2b: Aegislash|atk|0\n|\n|upkeep\n|turn|24\n|\n|t:|1776530418\n|move|p1a: Sinistcha|Strength Sap|p2b: Aegislash|[miss]\n|-miss|p1a: Sinistcha|p2b: Aegislash\n|move|p2b: Aegislash|Swords Dance|p2b: Aegislash\n|-boost|p2b: Aegislash|atk|0\n|\n|upkeep\n|turn|25\n|c|\u2606Owl-CC|never going to hit\n|\n|t:|1776530427\n|move|p2b: Aegislash|Swords Dance|p2b: Aegislash\n|-boost|p2b: Aegislash|atk|0\n|move|p1a: Sinistcha|Matcha Gotcha|p2b: Aegislash\n|-resisted|p2b: Aegislash|1\n|-damage|p2b: Aegislash|13/100\n|-status|p2b: Aegislash|brn\n|\n|-damage|p2b: Aegislash|7/100 brn|[from] brn\n|upkeep\n|turn|26\n|c|\u2606Owl-CC|gg\n|\n|t:|1776530443\n|-formechange|p2b: Aegislash|Aegislash-Blade|\n|move|p2b: Aegislash|Poltergeist||[still]\n|-fail|p2b: Aegislash\n|move|p1a: Sinistcha|Strength Sap|p2b: Aegislash\n|-unboost|p2b: Aegislash|atk|1\n|\n|-damage|p2b: Aegislash|1/100 brn|[from] brn\n|upkeep\n|turn|27\n|\n|t:|1776530451\n|move|p2b: Aegislash|Swords Dance|p2b: Aegislash\n|-boost|p2b: Aegislash|atk|1\n|move|p1a: Sinistcha|Strength Sap|p2b: Aegislash|[miss]\n|-miss|p1a: Sinistcha|p2b: Aegislash\n|\n|-damage|p2b: Aegislash|0 fnt|[from] brn\n|faint|p2b: Aegislash\n|\n|win|Owl-CC\n|raw|Owl-CC's rating: 1049 &rarr; <strong>1077</strong><br />(+28 for winning)\n|raw|onepeakmoi's rating: 1000 &rarr; <strong>1000</strong><br />(+0 for losing)\n|c|\u2606onepeakmoi|ez\n|c|\u2606Owl-CC|i ran out of pp for match gotta\n|c|\u2606Owl-CC|ez?\n",
  "uploadtime": 1776530462,
  "views": 11,
  "formatid": "gen9championsvgc2026regma",
  "rating": 1000,
  "private": 0,
  "password": null
}