{
  "id": "gen9championsvgc2026regma-2581001223",
  "format": "[Gen 9 Champions] VGC 2026 Reg M-A",
  "players": [
    "Staryu Shuriken",
    "ferenainexi"
  ],
  "log": "|j|\u2606Staryu Shuriken\n|j|\u2606ferenainexi\n|t:|1775950579\n|gametype|doubles\n|player|p1|Staryu Shuriken|worker|1042\n|player|p2|ferenainexi|scientistf|1046\n|gen|9\n|tier|[Gen 9 Champions] VGC 2026 Reg M-A\n|rated|\n|rule|Species Clause: Limit one of each Pok\u00e9mon\n|rule|Item Clause: Limit 1 of each item\n|clearpoke\n|poke|p1|Chandelure, L50, M|\n|poke|p1|Farigiraf, L50, M|\n|poke|p1|Torkoal, L50, F|\n|poke|p1|Kangaskhan, L50, F|\n|poke|p1|Sneasler, L50, M|\n|poke|p1|Azumarill, L50, F|\n|poke|p2|Pinsir, L50, F|\n|poke|p2|Heracross, L50, M|\n|poke|p2|Vivillon, L50, M|\n|poke|p2|Orthworm, L50, F|\n|poke|p2|Kleavor, L50, F|\n|poke|p2|Clawitzer, L50, F|\n|teampreview|4\n|\n|t:|1775950607\n|teamsize|p1|4\n|teamsize|p2|4\n|start\n|switch|p1a: Chandelure|Chandelure, L50, M|100/100\n|switch|p1b: Kangaskhan|Kangaskhan, L50, F|100/100\n|switch|p2a: Vivillon|Vivillon, L50, M|100/100\n|switch|p2b: Kleavor|Kleavor, L50, F|100/100\n|turn|1\n|\n|t:|1775950623\n|detailschange|p1b: Kangaskhan|Kangaskhan-Mega, L50, F\n|-mega|p1b: Kangaskhan|Kangaskhan|Kangaskhanite\n|move|p1b: Kangaskhan|Fake Out|p2b: Kleavor\n|-resisted|p2b: Kleavor|1\n|-damage|p2b: Kleavor|89/100\n|-resisted|p2b: Kleavor|1\n|-damage|p2b: Kleavor|87/100\n|-hitcount|p2b: Kleavor|2\n|move|p1a: Chandelure|Heat Wave|p2a: Vivillon|[spread] p2a\n|-miss|p1a: Chandelure|p2b: Kleavor\n|-supereffective|p2a: Vivillon|1\n|-enditem|p2a: Vivillon|Focus Sash\n|-damage|p2a: Vivillon|1/100\n|-status|p2a: Vivillon|brn\n|move|p2a: Vivillon|Sleep Powder|p1a: Chandelure\n|-status|p1a: Chandelure|slp|[from] move: Sleep Powder\n|cant|p2b: Kleavor|flinch\n|\n|-damage|p2a: Vivillon|0 fnt|[from] brn\n|faint|p2a: Vivillon\n|upkeep\n|\n|t:|1775950644\n|switch|p2a: Heracross|Heracross, L50, M|100/100\n|turn|2\n|\n|t:|1775950655\n|switch|p1b: Sneasler|Sneasler, L50, M|100/100\n|cant|p1a: Chandelure|slp\n|move|p2b: Kleavor|Stone Axe|p1a: Chandelure\n|-supereffective|p1a: Chandelure|1\n|-damage|p1a: Chandelure|0 fnt\n|-sidestart|p1: Staryu Shuriken|move: Stealth Rock\n|faint|p1a: Chandelure\n|move|p2a: Heracross|Close Combat|p1b: Sneasler\n|-resisted|p1b: Sneasler|1\n|-damage|p1b: Sneasler|44/100\n|-unboost|p2a: Heracross|def|1\n|-unboost|p2a: Heracross|spd|1\n|\n|upkeep\n|\n|t:|1775950669\n|switch|p1a: Kangaskhan|Kangaskhan-Mega, L50, F|100/100\n|-damage|p1a: Kangaskhan|88/100|[from] Stealth Rock\n|turn|3\n|\n|t:|1775950693\n|move|p2a: Heracross|Protect|p2a: Heracross\n|-singleturn|p2a: Heracross|Protect\n|move|p1a: Kangaskhan|Fake Out|p2a: Heracross\n|-activate|p2a: Heracross|move: Protect\n|move|p1b: Sneasler|Coaching|p1a: Kangaskhan\n|-boost|p1a: Kangaskhan|atk|1\n|-boost|p1a: Kangaskhan|def|1\n|move|p2b: Kleavor|Dual Wingbeat|p1b: Sneasler\n|-supereffective|p1b: Sneasler|1\n|-damage|p1b: Sneasler|0 fnt\n|faint|p1b: Sneasler\n|-hitcount|p1: Sneasler|1\n|\n|upkeep\n|\n|t:|1775950703\n|switch|p1b: Azumarill|Azumarill, L50, F|100/100\n|-damage|p1b: Azumarill|88/100|[from] Stealth Rock\n|turn|4\n|\n|t:|1775950725\n|move|p1a: Kangaskhan|Sucker Punch|p2a: Heracross\n|-resisted|p2a: Heracross|1\n|-damage|p2a: Heracross|61/100\n|-resisted|p2a: Heracross|1\n|-damage|p2a: Heracross|51/100\n|-hitcount|p2a: Heracross|2\n|move|p1b: Azumarill|Aqua Jet|p2a: Heracross\n|-damage|p2a: Heracross|0 fnt\n|faint|p2a: Heracross\n|move|p2b: Kleavor|Trailblaze|p1b: Azumarill\n|-supereffective|p1b: Azumarill|1\n|-damage|p1b: Azumarill|51/100\n|-boost|p2b: Kleavor|spe|1\n|\n|upkeep\n|\n|t:|1775950738\n|switch|p2a: Clawitzer|Clawitzer, L50, F|100/100\n|turn|5\n|\n|t:|1775950762\n|move|p1b: Azumarill|Aqua Jet|p2b: Kleavor\n|-supereffective|p2b: Kleavor|1\n|-damage|p2b: Kleavor|15/100\n|move|p2b: Kleavor|Stone Axe|p1b: Azumarill\n|-damage|p1b: Azumarill|0 fnt\n|faint|p1b: Azumarill\n|move|p1a: Kangaskhan|Double-Edge|p2a: Clawitzer\n|-damage|p2a: Clawitzer|0 fnt\n|faint|p2a: Clawitzer\n|-hitcount|p2: Clawitzer|1\n|-damage|p1a: Kangaskhan|60/100|[from] Recoil\n|\n|upkeep\n|turn|6\n|c|\u2606ferenainexi|gg\n|\n|t:|1775950781\n|move|p1a: Kangaskhan|Sucker Punch|p2b: Kleavor\n|-damage|p2b: Kleavor|0 fnt\n|faint|p2b: Kleavor\n|-hitcount|p2: Kleavor|1\n|\n|win|Staryu Shuriken\n|raw|Staryu Shuriken's rating: 1042 &rarr; <strong>1076</strong><br />(+34 for winning)\n|raw|ferenainexi's rating: 1046 &rarr; <strong>1029</strong><br />(-17 for losing)\n|l|\u2606ferenainexi\n|player|p2|\n",
  "uploadtime": 1775950783,
  "views": 12,
  "formatid": "gen9championsvgc2026regma",
  "rating": 1029,
  "private": 0,
  "password": null
}