{
  "id": "gen9championsvgc2026regma-2581041595",
  "format": "[Gen 9 Champions] VGC 2026 Reg M-A",
  "players": [
    "FraKk",
    "Furren't"
  ],
  "log": "|j|\u2606FraKk\n|j|\u2606Furren't\n|t:|1775954367\n|gametype|doubles\n|player|p1|FraKk|170|1051\n|player|p2|Furren't|170|1141\n|gen|9\n|tier|[Gen 9 Champions] VGC 2026 Reg M-A\n|rated|\n|rule|Species Clause: Limit one of each Pok\u00e9mon\n|rule|Item Clause: Limit 1 of each item\n|clearpoke\n|poke|p1|Ampharos, L50, F|\n|poke|p1|Hatterene, L50, F|\n|poke|p1|Conkeldurr, L50, F|\n|poke|p1|Gyarados, L50, F|\n|poke|p1|Kingambit, L50, F|\n|poke|p1|Sylveon, L50, F|\n|poke|p2|Kingambit, L50, M|\n|poke|p2|Hawlucha, L50, M|\n|poke|p2|Sinistcha, L50|\n|poke|p2|Farigiraf, L50, M|\n|poke|p2|Floette-Eternal, L50, F|\n|poke|p2|Incineroar, L50, M|\n|teampreview|4\n|\n|t:|1775954409\n|teamsize|p1|4\n|teamsize|p2|4\n|start\n|switch|p1a: Cherry pop|Hatterene, L50, F|100/100\n|switch|p1b: KING|Kingambit, L50, F|100/100\n|switch|p2a: Hawlucha|Hawlucha, L50, M|100/100\n|switch|p2b: Kingambit|Kingambit, L50, M|100/100\n|turn|1\n|\n|t:|1775954434\n|detailschange|p2a: Hawlucha|Hawlucha-Mega, L50, M\n|-mega|p2a: Hawlucha|Hawlucha|Hawluchanite\n|move|p1b: KING|Protect|p1b: KING\n|-singleturn|p1b: KING|Protect\n|move|p2a: Hawlucha|Entrainment|p2b: Kingambit\n|-ability|p2b: Kingambit|No Guard|Defiant|[from] move: Entrainment|[of] p2a: Hawlucha\n|move|p2b: Kingambit|Guillotine|p1a: Cherry pop\n|-enditem|p1a: Cherry pop|Focus Sash\n|-damage|p1a: Cherry pop|1/100\n|move|p1a: Cherry pop|Trick Room|p1a: Cherry pop\n|-fieldstart|move: Trick Room|[of] p1a: Cherry pop\n|\n|upkeep\n|turn|2\n|\n|t:|1775954474\n|move|p2b: Kingambit|Sucker Punch|p1a: Cherry pop\n|-damage|p1a: Cherry pop|0 fnt\n|faint|p1a: Cherry pop\n|move|p1b: KING|Iron Head|p2a: Hawlucha\n|-damage|p2a: Hawlucha|48/100\n|move|p2a: Hawlucha|Close Combat|p1b: KING\n|-supereffective|p1b: KING|2\n|-damage|p1b: KING|0 fnt\n|-unboost|p2a: Hawlucha|def|1\n|-unboost|p2a: Hawlucha|spd|1\n|faint|p1b: KING\n|\n|upkeep\n|\n|t:|1775954486\n|switch|p1a: Voltage|Ampharos, L50, F|100/100\n|switch|p1b: Wildcard|Sylveon, L50, F|100/100\n|turn|3\n|\n|t:|1775954502\n|switch|p2a: Incineroar|Incineroar, L50, M|100/100\n|-ability|p2a: Incineroar|Intimidate|boost\n|-unboost|p1a: Voltage|atk|1\n|-unboost|p1b: Wildcard|atk|1\n|move|p2b: Kingambit|Guillotine|p1b: Wildcard\n|-damage|p1b: Wildcard|0 fnt\n|faint|p1b: Wildcard\n|-ohko\n|move|p1a: Voltage|Focus Blast|p2b: Kingambit\n|-supereffective|p2b: Kingambit|2\n|-damage|p2b: Kingambit|0 fnt\n|faint|p2b: Kingambit\n|\n|upkeep\n|\n|t:|1775954514\n|switch|p2b: Hawlucha|Hawlucha-Mega, L50, M|48/100\n|turn|4\n|\n|t:|1775954537\n|detailschange|p1a: Voltage|Ampharos-Mega, L50, F\n|-mega|p1a: Voltage|Ampharos|Ampharosite\n|-ability|p1a: Voltage|Mold Breaker\n|move|p2a: Incineroar|Fake Out|p1a: Voltage\n|-damage|p1a: Voltage|91/100\n|cant|p1a: Voltage|flinch\n|move|p2b: Hawlucha|Close Combat|p1a: Voltage\n|-damage|p1a: Voltage|31/100\n|-unboost|p2b: Hawlucha|def|1\n|-unboost|p2b: Hawlucha|spd|1\n|\n|upkeep\n|turn|5\n|\n|t:|1775954550\n|switch|p2a: Sinistcha|Sinistcha, L50|100/100\n|-heal|p2b: Hawlucha|72/100|[from] ability: Hospitality|[of] p2a: Sinistcha\n|move|p2b: Hawlucha|Protect|p2b: Hawlucha\n|-singleturn|p2b: Hawlucha|Protect\n|move|p1a: Voltage|Thunderbolt|p2a: Sinistcha\n|-resisted|p2a: Sinistcha|1\n|-damage|p2a: Sinistcha|66/100\n|\n|-fieldend|move: Trick Room\n|upkeep\n|turn|6\n|\n|t:|1775954563\n|move|p2a: Sinistcha|Rage Powder|p2a: Sinistcha\n|-singleturn|p2a: Sinistcha|move: Rage Powder\n|move|p2b: Hawlucha|Close Combat|p1a: Voltage\n|-damage|p1a: Voltage|0 fnt\n|-unboost|p2b: Hawlucha|def|1\n|-unboost|p2b: Hawlucha|spd|1\n|faint|p1a: Voltage\n|\n|win|Furren't\n|raw|FraKk's rating: 1051 &rarr; <strong>1038</strong><br />(-13 for losing)\n|raw|Furren&apos;t's rating: 1141 &rarr; <strong>1160</strong><br />(+19 for winning)\n",
  "uploadtime": 1775954569,
  "views": 11,
  "formatid": "gen9championsvgc2026regma",
  "rating": 1038,
  "private": 0,
  "password": null
}