{
  "id": "gen9championsvgc2026regma-2581368896",
  "format": "[Gen 9 Champions] VGC 2026 Reg M-A",
  "players": [
    "hugoggg",
    "Chien02"
  ],
  "log": "|j|\u2606hugoggg\n|j|\u2606Chien02\n|t:|1775992660\n|gametype|doubles\n|player|p1|hugoggg|2|1000\n|player|p2|Chien02|2|1064\n|gen|9\n|tier|[Gen 9 Champions] VGC 2026 Reg M-A\n|rated|\n|rule|Species Clause: Limit one of each Pok\u00e9mon\n|rule|Item Clause: Limit 1 of each item\n|clearpoke\n|poke|p1|Alakazam, L50, M|\n|poke|p1|Meowstic, L50, M|\n|poke|p1|Incineroar, L50, F|\n|poke|p1|Whimsicott, L50, M|\n|poke|p1|Maushold-Four, L50|\n|poke|p1|Sneasler, L50, M|\n|poke|p2|Floette-Eternal, L50, F|\n|poke|p2|Pelipper, L50, F|\n|poke|p2|Archaludon, L50, M|\n|poke|p2|Incineroar, L50, F|\n|poke|p2|Gengar, L50, F|\n|poke|p2|Farigiraf, L50, F|\n|teampreview|4\n|\n|t:|1775992687\n|teamsize|p1|4\n|teamsize|p2|4\n|start\n|switch|p1a: Alakazam|Alakazam, L50, M, shiny|100/100\n|switch|p1b: Incineroar|Incineroar, L50, F|100/100\n|switch|p2a: Pelipper|Pelipper, L50, F|100/100\n|switch|p2b: Archaludon|Archaludon, L50, M|100/100\n|-weather|RainDance|[from] ability: Drizzle|[of] p2a: Pelipper\n|-ability|p1b: Incineroar|Intimidate|boost\n|-unboost|p2a: Pelipper|atk|1\n|-unboost|p2b: Archaludon|atk|1\n|turn|1\n|inactive|Battle timer is ON: inactive players will automatically lose when time's up. (requested by hugoggg)\n|inactive|Chien02 also wants the timer to be on.\n|\n|t:|1775992700\n|move|p1b: Incineroar|Fake Out|p2b: Archaludon\n|-resisted|p2b: Archaludon|1\n|-crit|p2b: Archaludon\n|-damage|p2b: Archaludon|94/100\n|-ability|p2b: Archaludon|Stamina|boost\n|-boost|p2b: Archaludon|def|1\n|move|p1a: Alakazam|Nasty Plot|p1a: Alakazam\n|-boost|p1a: Alakazam|spa|2\n|cant|p2b: Archaludon|flinch\n|move|p2a: Pelipper|Tailwind|p2a: Pelipper\n|-sidestart|p2: Chien02|move: Tailwind\n|\n|-weather|RainDance|[upkeep]\n|-heal|p2b: Archaludon|100/100|[from] item: Leftovers\n|upkeep\n|turn|2\n|\n|t:|1775992719\n|move|p1a: Alakazam|Protect|p1a: Alakazam\n|-singleturn|p1a: Alakazam|Protect\n|move|p2b: Archaludon|Electro Shot||[still]\n|-prepare|p2b: Archaludon|Electro Shot\n|-boost|p2b: Archaludon|spa|1\n|-anim|p2b: Archaludon|Electro Shot|p1a: Alakazam\n|-activate|p1a: Alakazam|move: Protect\n|move|p2a: Pelipper|Weather Ball|p1b: Incineroar\n|-supereffective|p1b: Incineroar|1\n|-damage|p1b: Incineroar|0 fnt\n|faint|p1b: Incineroar\n|\n|-weather|RainDance|[upkeep]\n|upkeep\n|\n|t:|1775992732\n|switch|p1b: Meowstic|Meowstic, L50, M|100/100\n|turn|3\n|\n|t:|1775992742\n|switch|p2a: Gengar|Gengar, L50, F|100/100\n|detailschange|p1a: Alakazam|Alakazam-Mega, L50, M, shiny\n|-mega|p1a: Alakazam|Alakazam|Alakazite\n|-ability|p1a: Alakazam|Cursed Body|Trace|[from] ability: Trace|[of] p2a: Gengar\n|move|p1b: Meowstic|Fake Tears|p2b: Archaludon\n|-unboost|p2b: Archaludon|spd|2\n|move|p1a: Alakazam|Dazzling Gleam|p2a: Gengar|[spread] p2a,p2b\n|-resisted|p2a: Gengar|1\n|-crit|p2a: Gengar\n|-damage|p2a: Gengar|33/100\n|-damage|p2b: Archaludon|0 fnt\n|faint|p2b: Archaludon\n|\n|-weather|RainDance|[upkeep]\n|upkeep\n|\n|t:|1775992754\n|switch|p2b: Incineroar|Incineroar, L50, F|100/100\n|-ability|p2b: Incineroar|Intimidate|boost\n|-unboost|p1a: Alakazam|atk|1\n|-unboost|p1b: Meowstic|atk|1\n|turn|4\n|\n|t:|1775992767\n|detailschange|p2a: Gengar|Gengar-Mega, L50, F\n|-mega|p2a: Gengar|Gengar|Gengarite\n|move|p1a: Alakazam|Protect|p1a: Alakazam\n|-singleturn|p1a: Alakazam|Protect\n|move|p2b: Incineroar|Fake Out|p1a: Alakazam\n|-activate|p1a: Alakazam|move: Protect\n|move|p1b: Meowstic|Psychic Terrain|p1b: Meowstic\n|-fieldstart|move: Psychic Terrain\n|move|p2a: Gengar|Shadow Ball|p1b: Meowstic\n|-supereffective|p1b: Meowstic|1\n|-damage|p1b: Meowstic|7/100\n|\n|-weather|RainDance|[upkeep]\n|-sideend|p2: Chien02|move: Tailwind\n|upkeep\n|turn|5\n|\n|t:|1775992783\n|move|p1b: Meowstic|Helping Hand|p1a: Alakazam\n|-singleturn|p1a: Alakazam|Helping Hand|[of] p1b: Meowstic\n|move|p1a: Alakazam|Dazzling Gleam|p2b: Incineroar|[spread] p2a,p2b\n|-resisted|p2a: Gengar|1\n|-damage|p2a: Gengar|0 fnt\n|-damage|p2b: Incineroar|36/100\n|-enditem|p2b: Incineroar|Sitrus Berry|[eat]\n|-heal|p2b: Incineroar|61/100|[from] item: Sitrus Berry\n|faint|p2a: Gengar\n|move|p2b: Incineroar|Darkest Lariat|p1b: Meowstic\n|-supereffective|p1b: Meowstic|1\n|-damage|p1b: Meowstic|0 fnt\n|faint|p1b: Meowstic\n|\n|-weather|none\n|upkeep\n|\n|t:|1775992794\n|switch|p2a: Pelipper|Pelipper, L50, F|100/100\n|switch|p1b: Sneasler|Sneasler, L50, M|100/100\n|-weather|RainDance|[from] ability: Drizzle|[of] p2a: Pelipper\n|turn|6\n|\n|t:|1775992803\n|move|p1a: Alakazam|Dazzling Gleam|p2a: Pelipper|[spread] p2a,p2b\n|-damage|p2a: Pelipper|35/100\n|-damage|p2b: Incineroar|13/100\n|move|p1b: Sneasler|Dire Claw|p2a: Pelipper\n|-damage|p2a: Pelipper|0 fnt\n|faint|p2a: Pelipper\n|move|p2b: Incineroar|Darkest Lariat|p1a: Alakazam\n|-supereffective|p1a: Alakazam|1\n|-damage|p1a: Alakazam|0 fnt\n|-start|p2b: Incineroar|Disable|Darkest Lariat|[from] ability: Cursed Body|[of] p1a: Alakazam\n|faint|p1a: Alakazam\n|\n|-weather|RainDance|[upkeep]\n|upkeep\n|turn|7\n|\n|t:|1775992814\n|move|p1b: Sneasler|Dire Claw|p2b: Incineroar\n|-damage|p2b: Incineroar|0 fnt\n|faint|p2b: Incineroar\n|\n|win|hugoggg\n|raw|hugoggg's rating: 1000 &rarr; <strong>1047</strong><br />(+47 for winning)\n|raw|Chien02's rating: 1064 &rarr; <strong>1041</strong><br />(-23 for losing)\n|l|\u2606Chien02\n|player|p2|\n",
  "uploadtime": 1775992821,
  "views": 21,
  "formatid": "gen9championsvgc2026regma",
  "rating": 1041,
  "private": 0,
  "password": null
}