{
  "id": "gen9championsvgc2026regma-2580904105",
  "format": "[Gen 9 Champions] VGC 2026 Reg M-A",
  "players": [
    "BakedPotateo",
    "gonegeb"
  ],
  "log": "|j|\u2606BakedPotateo\n|j|\u2606gonegeb\n|t:|1775942042\n|gametype|doubles\n|player|p1|BakedPotateo|266|1000\n|player|p2|gonegeb|alain|1000\n|gen|9\n|tier|[Gen 9 Champions] VGC 2026 Reg M-A\n|rated|\n|rule|Species Clause: Limit one of each Pok\u00e9mon\n|rule|Item Clause: Limit 1 of each item\n|clearpoke\n|poke|p1|Golurk, L50|\n|poke|p1|Farigiraf, L50, F|\n|poke|p1|Incineroar, L50, M|\n|poke|p1|Kingambit, L50, M|\n|poke|p1|Primarina, L50, F|\n|poke|p1|Sinistcha-Masterpiece, L50|\n|poke|p2|Lucario, L50, M|\n|poke|p2|Umbreon, L50, M|\n|poke|p2|Arcanine, L50, F|\n|poke|p2|Ceruledge, L50, M|\n|poke|p2|Corviknight, L50, M|\n|poke|p2|Whimsicott, L50, F|\n|teampreview|4\n|\n|t:|1775942075\n|teamsize|p1|4\n|teamsize|p2|4\n|start\n|switch|p1a: Farigiraf|Farigiraf, L50, F|100/100\n|switch|p1b: Incineroar|Incineroar, L50, M|100/100\n|switch|p2a: Umbreon|Umbreon, L50, M, shiny|100/100\n|switch|p2b: Luna|Whimsicott, L50, F, shiny|100/100\n|-ability|p1b: Incineroar|Intimidate|boost\n|-fail|p2a: Umbreon|unboost|Attack|[from] ability: Inner Focus|[of] p2a: Umbreon\n|-unboost|p2b: Luna|atk|1\n|turn|1\n|\n|t:|1775942110\n|move|p1b: Incineroar|Fake Out|p2b: Luna\n|-damage|p2b: Luna|86/100\n|cant|p2b: Luna|flinch\n|move|p2a: Umbreon|Snarl|p1a: Farigiraf|[spread] p1a,p1b\n|-supereffective|p1a: Farigiraf|1\n|-resisted|p1b: Incineroar|1\n|-damage|p1a: Farigiraf|79/100\n|-damage|p1b: Incineroar|96/100\n|-unboost|p1a: Farigiraf|spa|1\n|-unboost|p1b: Incineroar|spa|1\n|move|p1a: Farigiraf|Trick Room|p1a: Farigiraf\n|-fieldstart|move: Trick Room|[of] p1a: Farigiraf\n|\n|upkeep\n|turn|2\n|\n|t:|1775942138\n|move|p1a: Farigiraf|Hyper Voice|p2a: Umbreon|[spread] p2a,p2b\n|-crit|p2a: Umbreon\n|-damage|p2a: Umbreon|77/100\n|-damage|p2b: Luna|65/100\n|move|p1b: Incineroar|Flare Blitz|p2b: Luna\n|-supereffective|p2b: Luna|1\n|-damage|p2b: Luna|0 fnt\n|faint|p2b: Luna\n|-damage|p1b: Incineroar|78/100|[from] Recoil\n|move|p2a: Umbreon|Yawn|p1b: Incineroar\n|-start|p1b: Incineroar|move: Yawn|[of] p2a: Umbreon\n|\n|-heal|p2a: Umbreon|83/100|[from] item: Leftovers\n|upkeep\n|\n|t:|1775942147\n|switch|p2b: Lucario|Lucario, L50, M|100/100\n|turn|3\n|\n|t:|1775942181\n|switch|p1b: Golurk|Golurk, L50|100/100\n|move|p1a: Farigiraf|Hyper Voice|p2b: Lucario|[spread] p2a,p2b\n|-resisted|p2b: Lucario|1\n|-damage|p2a: Umbreon|72/100\n|-damage|p2b: Lucario|88/100\n|move|p2a: Umbreon|Snarl|p1a: Farigiraf|[spread] p1a,p1b\n|-supereffective|p1a: Farigiraf|1\n|-supereffective|p1b: Golurk|1\n|-damage|p1a: Farigiraf|61/100\n|-damage|p1b: Golurk|78/100\n|-unboost|p1a: Farigiraf|spa|1\n|-unboost|p1b: Golurk|spa|1\n|move|p2b: Lucario|Swords Dance|p2b: Lucario\n|-boost|p2b: Lucario|atk|2\n|\n|-heal|p2a: Umbreon|78/100|[from] item: Leftovers\n|upkeep\n|turn|4\n|\n|t:|1775942199\n|detailschange|p1b: Golurk|Golurk-Mega, L50\n|-mega|p1b: Golurk|Golurk|Golurkite\n|move|p1a: Farigiraf|Helping Hand|p1b: Golurk\n|-singleturn|p1b: Golurk|Helping Hand|[of] p1a: Farigiraf\n|move|p2b: Lucario|Protect|p2b: Lucario\n|-singleturn|p2b: Lucario|Protect\n|move|p1b: Golurk|Headlong Rush|p2b: Lucario\n|-supereffective|p2b: Lucario|1\n|-damage|p2b: Lucario|0 fnt\n|-unboost|p1b: Golurk|def|1\n|-unboost|p1b: Golurk|spd|1\n|faint|p2b: Lucario\n|move|p2a: Umbreon|Foul Play|p1b: Golurk\n|-supereffective|p1b: Golurk|1\n|-damage|p1b: Golurk|0 fnt\n|faint|p1b: Golurk\n|\n|-heal|p2a: Umbreon|84/100|[from] item: Leftovers\n|upkeep\n|\n|t:|1775942208\n|switch|p1b: Primarina|Primarina, L50, F|100/100\n|switch|p2b: Corviknight|Corviknight, L50, M|100/100\n|-ability|p2b: Corviknight|Pressure\n|turn|5\n|c|\u2606gonegeb|the unseen fist of doom\n|\n|t:|1775942232\n|move|p1a: Farigiraf|Protect|p1a: Farigiraf\n|-singleturn|p1a: Farigiraf|Protect\n|move|p1b: Primarina|Calm Mind|p1b: Primarina\n|-boost|p1b: Primarina|spa|1\n|-boost|p1b: Primarina|spd|1\n|move|p2a: Umbreon|Snarl|p1a: Farigiraf|[spread] p1b\n|-activate|p1a: Farigiraf|move: Protect\n|-resisted|p1b: Primarina|1\n|-damage|p1b: Primarina|98/100\n|-unboost|p1b: Primarina|spa|1\n|move|p2b: Corviknight|Bulk Up|p2b: Corviknight\n|-boost|p2b: Corviknight|atk|1\n|-boost|p2b: Corviknight|def|1\n|\n|-heal|p2a: Umbreon|90/100|[from] item: Leftovers\n|-fieldend|move: Trick Room\n|upkeep\n|turn|6\n|\n|t:|1775942246\n|move|p2b: Corviknight|Bulk Up|p2b: Corviknight\n|-boost|p2b: Corviknight|atk|1\n|-boost|p2b: Corviknight|def|1\n|move|p2a: Umbreon|Yawn|p1b: Primarina\n|-start|p1b: Primarina|move: Yawn|[of] p2a: Umbreon\n|move|p1b: Primarina|Life Dew|p1b: Primarina|[spread] p1a,p1b\n|-heal|p1a: Farigiraf|86/100\n|-heal|p1b: Primarina|100/100\n|move|p1a: Farigiraf|Trick Room|p1a: Farigiraf\n|-fieldstart|move: Trick Room|[of] p1a: Farigiraf\n|\n|-heal|p2a: Umbreon|96/100|[from] item: Leftovers\n|upkeep\n|turn|7\n|\n|t:|1775942280\n|switch|p1b: Incineroar|Incineroar, L50, M|78/100\n|-ability|p1b: Incineroar|Intimidate|boost\n|-fail|p2a: Umbreon|unboost|Attack|[from] ability: Inner Focus|[of] p2a: Umbreon\n|-unboost|p2b: Corviknight|atk|1\n|move|p1a: Farigiraf|Hyper Voice|p2a: Umbreon|[spread] p2a,p2b\n|-resisted|p2b: Corviknight|1\n|-crit|p2b: Corviknight\n|-damage|p2a: Umbreon|87/100\n|-damage|p2b: Corviknight|85/100\n|move|p2a: Umbreon|Snarl|p1a: Farigiraf|[spread] p1a,p1b\n|-supereffective|p1a: Farigiraf|1\n|-resisted|p1b: Incineroar|1\n|-damage|p1a: Farigiraf|67/100\n|-damage|p1b: Incineroar|74/100\n|-unboost|p1a: Farigiraf|spa|1\n|-unboost|p1b: Incineroar|spa|1\n|move|p2b: Corviknight|Bulk Up|p2b: Corviknight\n|-boost|p2b: Corviknight|atk|1\n|-boost|p2b: Corviknight|def|1\n|\n|-heal|p2a: Umbreon|93/100|[from] item: Leftovers\n|upkeep\n|turn|8\n|\n|t:|1775942296\n|move|p1a: Farigiraf|Hyper Voice|p2a: Umbreon|[spread] p2a,p2b\n|-resisted|p2b: Corviknight|1\n|-damage|p2a: Umbreon|87/100\n|-damage|p2b: Corviknight|80/100\n|move|p1b: Incineroar|Flare Blitz|p2b: Corviknight\n|-supereffective|p2b: Corviknight|1\n|-damage|p2b: Corviknight|47/100\n|-damage|p1b: Incineroar|63/100|[from] Recoil\n|move|p2a: Umbreon|Yawn|p1b: Incineroar\n|-start|p1b: Incineroar|move: Yawn|[of] p2a: Umbreon\n|move|p2b: Corviknight|Roost|p2b: Corviknight\n|-heal|p2b: Corviknight|97/100\n|-singleturn|p2b: Corviknight|move: Roost\n|\n|-heal|p2a: Umbreon|93/100|[from] item: Leftovers\n|upkeep\n|turn|9\n|\n|t:|1775942314\n|move|p1a: Farigiraf|Hyper Voice|p2a: Umbreon|[spread] p2a,p2b\n|-resisted|p2b: Corviknight|1\n|-damage|p2a: Umbreon|87/100\n|-damage|p2b: Corviknight|93/100\n|move|p1b: Incineroar|Darkest Lariat|p2b: Corviknight\n|-crit|p2b: Corviknight\n|-damage|p2b: Corviknight|51/100\n|move|p2a: Umbreon|Snarl|p1a: Farigiraf|[spread] p1a,p1b\n|-supereffective|p1a: Farigiraf|1\n|-resisted|p1b: Incineroar|1\n|-damage|p1a: Farigiraf|48/100\n|-damage|p1b: Incineroar|59/100\n|-unboost|p1a: Farigiraf|spa|1\n|-unboost|p1b: Incineroar|spa|1\n|move|p2b: Corviknight|Bulk Up|p2b: Corviknight\n|-boost|p2b: Corviknight|atk|1\n|-boost|p2b: Corviknight|def|1\n|\n|-heal|p2a: Umbreon|93/100|[from] item: Leftovers\n|-end|p1b: Incineroar|move: Yawn|[silent]\n|-status|p1b: Incineroar|slp\n|upkeep\n|turn|10\n|\n|t:|1775942330\n|move|p1a: Farigiraf|Hyper Voice|p2a: Umbreon|[spread] p2a,p2b\n|-resisted|p2b: Corviknight|1\n|-damage|p2a: Umbreon|86/100\n|-damage|p2b: Corviknight|47/100\n|cant|p1b: Incineroar|slp\n|move|p2a: Umbreon|Snarl|p1b: Incineroar|[spread] p1a,p1b\n|-supereffective|p1a: Farigiraf|1\n|-resisted|p1b: Incineroar|1\n|-damage|p1a: Farigiraf|30/100\n|-damage|p1b: Incineroar|55/100 slp\n|-unboost|p1a: Farigiraf|spa|1\n|-unboost|p1b: Incineroar|spa|1\n|move|p2b: Corviknight|Roost|p2b: Corviknight\n|-heal|p2b: Corviknight|97/100\n|-singleturn|p2b: Corviknight|move: Roost\n|\n|-heal|p2a: Umbreon|92/100|[from] item: Leftovers\n|-fieldend|move: Trick Room\n|upkeep\n|turn|11\n|\n|t:|1775942347\n|move|p2b: Corviknight|Body Press|p1b: Incineroar\n|-supereffective|p1b: Incineroar|1\n|-damage|p1b: Incineroar|0 fnt\n|faint|p1b: Incineroar\n|move|p2a: Umbreon|Snarl|p1a: Farigiraf\n|-supereffective|p1a: Farigiraf|1\n|-damage|p1a: Farigiraf|0 fnt\n|faint|p1a: Farigiraf\n|\n|-heal|p2a: Umbreon|98/100|[from] item: Leftovers\n|upkeep\n|\n|t:|1775942351\n|switch|p1b: Primarina|Primarina, L50, F|100/100\n|turn|12\n|\n|t:|1775942357\n|move|p2b: Corviknight|Body Press|p1b: Primarina\n|-resisted|p1b: Primarina|1\n|-damage|p1b: Primarina|61/100\n|move|p2a: Umbreon|Snarl|p1b: Primarina|[miss]\n|-miss|p2a: Umbreon|p1b: Primarina\n|move|p1b: Primarina|Hyper Voice|p2a: Umbreon|[spread] p2a,p2b\n|-damage|p2a: Umbreon|71/100\n|-damage|p2b: Corviknight|57/100\n|\n|-heal|p2a: Umbreon|77/100|[from] item: Leftovers\n|upkeep\n|turn|13\n|\n|t:|1775942366\n|move|p2b: Corviknight|Roost|p2b: Corviknight\n|-heal|p2b: Corviknight|100/100\n|-singleturn|p2b: Corviknight|move: Roost\n|move|p2a: Umbreon|Yawn|p1b: Primarina\n|-start|p1b: Primarina|move: Yawn|[of] p2a: Umbreon\n|move|p1b: Primarina|Hyper Voice|p2b: Corviknight|[spread] p2a,p2b\n|-damage|p2a: Umbreon|49/100\n|-damage|p2b: Corviknight|57/100\n|\n|-heal|p2a: Umbreon|55/100|[from] item: Leftovers\n|upkeep\n|turn|14\n|\n|t:|1775942376\n|move|p2b: Corviknight|Roost|p2b: Corviknight\n|-heal|p2b: Corviknight|100/100\n|-singleturn|p2b: Corviknight|move: Roost\n|move|p2a: Umbreon|Snarl|p1b: Primarina\n|-resisted|p1b: Primarina|1\n|-damage|p1b: Primarina|56/100\n|-unboost|p1b: Primarina|spa|1\n|move|p1b: Primarina|Hyper Voice|p2b: Corviknight|[spread] p2a,p2b\n|-damage|p2a: Umbreon|35/100\n|-damage|p2b: Corviknight|74/100\n|\n|-heal|p2a: Umbreon|41/100|[from] item: Leftovers\n|-end|p1b: Primarina|move: Yawn|[silent]\n|-status|p1b: Primarina|slp\n|upkeep\n|turn|15\n|-message|BakedPotateo forfeited.\n|\n|win|gonegeb\n|raw|BakedPotateo's rating: 1000 &rarr; <strong>1000</strong><br />(+0 for losing)\n|raw|gonegeb's rating: 1000 &rarr; <strong>1040</strong><br />(+40 for winning)\n|l|\u2606BakedPotateo\n|player|p1|\n",
  "uploadtime": 1775942390,
  "views": 10,
  "formatid": "gen9championsvgc2026regma",
  "rating": 1000,
  "private": 0,
  "password": null
}