{
  "id": "gen9championsvgc2026regma-2581335143",
  "format": "[Gen 9 Champions] VGC 2026 Reg M-A",
  "players": [
    "miquellapolis",
    "GothGirlLoverQ"
  ],
  "log": "|j|\u2606miquellapolis\n|j|\u2606GothGirlLoverQ\n|t:|1775988217\n|gametype|doubles\n|player|p1|miquellapolis|clair|1313\n|player|p2|GothGirlLoverQ|unknown|1340\n|gen|9\n|tier|[Gen 9 Champions] VGC 2026 Reg M-A\n|rated|\n|rule|Species Clause: Limit one of each Pok\u00e9mon\n|rule|Item Clause: Limit 1 of each item\n|clearpoke\n|poke|p1|Floette-Eternal, L50, F|\n|poke|p1|Incineroar, L50, F|\n|poke|p1|Whimsicott, L50, M|\n|poke|p1|Sneasler, L50, F|\n|poke|p1|Garchomp, L50, M|\n|poke|p1|Zoroark-Hisui, L50, M|\n|poke|p2|Floette-Eternal, L50, F|\n|poke|p2|Maushold, L50|\n|poke|p2|Garchomp, L50, M|\n|poke|p2|Talonflame, L50, F|\n|poke|p2|Rotom-Wash, L50|\n|poke|p2|Aegislash, L50, F|\n|teampreview|4\n|inactive|Battle timer is ON: inactive players will automatically lose when time's up. (requested by GothGirlLoverQ)\n|inactive|miquellapolis also wants the timer to be on.\n|\n|t:|1775988247\n|teamsize|p1|4\n|teamsize|p2|4\n|start\n|switch|p1a: Whimsicott|Whimsicott, L50, M|100/100\n|switch|p1b: Floette|Floette-Eternal, L50, F|100/100\n|switch|p2a: Floette|Floette-Eternal, L50, F|100/100\n|switch|p2b: Maushold|Maushold, L50|100/100\n|turn|1\n|j| gE1xjZRtuhW2DdT0AK\n|inactive|GothGirlLoverQ has 30 seconds left.\n|inactive|GothGirlLoverQ has 20 seconds left.\n|inactive|GothGirlLoverQ has 15 seconds left.\n|\n|t:|1775988289\n|detailschange|p1b: Floette|Floette-Mega, L50, F\n|-mega|p1b: Floette|Floette|Floettite\n|-ability|p1b: Floette|Fairy Aura\n|detailschange|p2a: Floette|Floette-Mega, L50, F\n|-mega|p2a: Floette|Floette|Floettite\n|-ability|p2a: Floette|Fairy Aura\n|move|p1a: Whimsicott|Tailwind|p1a: Whimsicott\n|-sidestart|p1: miquellapolis|move: Tailwind\n|move|p1b: Floette|Moonblast|p2b: Maushold\n|-enditem|p2b: Maushold|Focus Sash\n|-damage|p2b: Maushold|1/100\n|move|p2b: Maushold|Super Fang|p1b: Floette\n|-damage|p1b: Floette|51/100\n|move|p2a: Floette|Dazzling Gleam|p1a: Whimsicott|[spread] p1a,p1b\n|-damage|p1a: Whimsicott|17/100\n|-damage|p1b: Floette|4/100\n|\n|upkeep\n|turn|2\n|\n|t:|1775988313\n|move|p2b: Maushold|Protect|p2b: Maushold\n|-singleturn|p2b: Maushold|Protect\n|move|p1a: Whimsicott|Dazzling Gleam|p2b: Maushold|[spread] p2a\n|-activate|p2b: Maushold|move: Protect\n|-damage|p2a: Floette|86/100\n|move|p1b: Floette|Moonblast|p2a: Floette\n|-crit|p2a: Floette\n|-damage|p2a: Floette|28/100\n|move|p2a: Floette|Dazzling Gleam|p1a: Whimsicott|[spread] p1a,p1b\n|-damage|p1a: Whimsicott|0 fnt\n|-damage|p1b: Floette|0 fnt\n|faint|p1a: Whimsicott\n|faint|p1b: Floette\n|\n|upkeep\n|\n|t:|1775988323\n|switch|p1a: Incineroar|Incineroar, L50, F|100/100\n|switch|p1b: Incineroar|Incineroar, L50, F|100/100\n|-ability|p1b: Incineroar|Intimidate|boost\n|-unboost|p2a: Floette|atk|1\n|-unboost|p2b: Maushold|atk|1\n|turn|3\n|\n|t:|1775988334\n|move|p2b: Maushold|Follow Me|p2b: Maushold\n|-singleturn|p2b: Maushold|move: Follow Me\n|move|p1a: Incineroar|Hyper Voice|p2a: Floette|[spread] p2a,p2b\n|-damage|p2a: Floette|5/100\n|-damage|p2b: Maushold|0 fnt\n|faint|p2b: Maushold\n|move|p1b: Incineroar|Flare Blitz|p2a: Floette\n|-damage|p2a: Floette|0 fnt\n|faint|p2a: Floette\n|-damage|p1b: Incineroar|99/100|[from] Recoil\n|\n|upkeep\n|\n|t:|1775988338\n|switch|p2b: Garchomp|Garchomp, L50, M|100/100\n|switch|p2a: Talonflame|Talonflame, L50, F|100/100\n|turn|4\n|\n|t:|1775988347\n|move|p2a: Talonflame|Protect|p2a: Talonflame\n|-singleturn|p2a: Talonflame|Protect\n|move|p2b: Garchomp|Protect|p2b: Garchomp\n|-singleturn|p2b: Garchomp|Protect\n|move|p1a: Incineroar|Hyper Voice|p2a: Talonflame|[spread] \n|-activate|p2a: Talonflame|move: Protect\n|-activate|p2b: Garchomp|move: Protect\n|move|p1b: Incineroar|Parting Shot|p2b: Garchomp\n|-activate|p2b: Garchomp|move: Protect\n|\n|-sideend|p1: miquellapolis|move: Tailwind\n|upkeep\n|turn|5\n|\n|t:|1775988353\n|move|p2a: Talonflame|Tailwind|p2a: Talonflame\n|-sidestart|p2: GothGirlLoverQ|move: Tailwind\n|move|p2b: Garchomp|Earthquake|p1a: Incineroar|[spread] p1a,p1b\n|-immune|p2a: Talonflame\n|-supereffective|p1b: Incineroar|1\n|-damage|p1a: Incineroar|13/100\n|-damage|p1b: Incineroar|10/100\n|replace|p1a: Zoroark|Zoroark-Hisui, L50, M\n|-end|p1a: Zoroark|Illusion\n|-enditem|p1b: Incineroar|Sitrus Berry|[eat]\n|-heal|p1b: Incineroar|35/100|[from] item: Sitrus Berry\n|move|p1a: Zoroark|Hyper Voice|p2a: Talonflame|[spread] p2a,p2b\n|-damage|p2a: Talonflame|33/100\n|-damage|p2b: Garchomp|56/100\n|move|p1b: Incineroar|Flare Blitz|p2b: Garchomp\n|-resisted|p2b: Garchomp|1\n|-damage|p2b: Garchomp|31/100\n|-status|p2b: Garchomp|brn\n|-damage|p1b: Incineroar|22/100|[from] ability: Rough Skin|[of] p2b: Garchomp\n|-damage|p1b: Incineroar|14/100|[from] Recoil\n|\n|-damage|p2b: Garchomp|25/100 brn|[from] brn\n|upkeep\n|turn|6\n|-message|miquellapolis forfeited.\n|\n|win|GothGirlLoverQ\n|raw|miquellapolis's rating: 1313 &rarr; <strong>1293</strong><br />(-20 for losing)\n|raw|GothGirlLoverQ's rating: 1321 &rarr; <strong>1341</strong><br />(+20 for winning)\n|l|\u2606miquellapolis\n|player|p1|\n|l|\u2606GothGirlLoverQ\n|player|p2|\n",
  "uploadtime": 1775988381,
  "views": 21,
  "formatid": "gen9championsvgc2026regma",
  "rating": 1293,
  "private": 0,
  "password": null
}