{
  "id": "gen9championsvgc2026regma-2588430404",
  "format": "[Gen 9 Champions] VGC 2026 Reg M-A",
  "players": [
    "nmq0901",
    "Vinzyyyyyyyy"
  ],
  "log": "|j|\u2606nmq0901\n|j|\u2606Vinzyyyyyyyy\n|t:|1776632867\n|gametype|doubles\n|player|p1|nmq0901|170|1009\n|player|p2|Vinzyyyyyyyy|265|1071\n|gen|9\n|tier|[Gen 9 Champions] VGC 2026 Reg M-A\n|rated|\n|rule|Species Clause: Limit one of each Pok\u00e9mon\n|rule|Item Clause: Limit 1 of each item\n|clearpoke\n|poke|p1|Feraligatr, L50, M|\n|poke|p1|Aggron, L50, M|\n|poke|p1|Alakazam, L50, F|\n|poke|p1|Whimsicott, L50, M|\n|poke|p1|Pelipper, L50, F|\n|poke|p1|Tyranitar, L50, F|\n|poke|p2|Tyranitar, L50, M|\n|poke|p2|Excadrill, L50, M|\n|poke|p2|Rotom-Wash, L50|\n|poke|p2|Whimsicott, L50, F|\n|poke|p2|Corviknight, L50, M|\n|poke|p2|Arcanine, L50, M|\n|teampreview|4\n|\n|t:|1776632898\n|teamsize|p1|4\n|teamsize|p2|4\n|start\n|switch|p1a: Aggron|Aggron, L50, M|100/100\n|switch|p1b: Alakazam|Alakazam, L50, F|100/100\n|switch|p2a: Tyranitar|Tyranitar, L50, M|100/100\n|switch|p2b: Whimsicott|Whimsicott, L50, F|100/100\n|-weather|Sandstorm|[from] ability: Sand Stream|[of] p2a: Tyranitar\n|turn|1\n|\n|t:|1776632929\n|detailschange|p2a: Tyranitar|Tyranitar-Mega, L50, M\n|-mega|p2a: Tyranitar|Tyranitar|Tyranitarite\n|detailschange|p1a: Aggron|Aggron-Mega, L50, M\n|-mega|p1a: Aggron|Aggron|Aggronite\n|move|p2a: Tyranitar|Protect|p2a: Tyranitar\n|-singleturn|p2a: Tyranitar|Protect\n|move|p2b: Whimsicott|Tailwind|p2b: Whimsicott\n|-sidestart|p2: Vinzyyyyyyyy|move: Tailwind\n|move|p1b: Alakazam|Speed Swap|p1a: Aggron\n|-activate|p1b: Alakazam|move: Speed Swap|[of] p1a: Aggron\n|move|p1a: Aggron|Iron Defense|p1a: Aggron\n|-boost|p1a: Aggron|def|2\n|\n|-weather|Sandstorm|[upkeep]\n|-damage|p2b: Whimsicott|95/100|[from] Sandstorm\n|-damage|p1b: Alakazam|94/100|[from] Sandstorm\n|upkeep\n|turn|2\n|\n|t:|1776632974\n|switch|p2b: Rotom|Rotom-Wash, L50|100/100\n|move|p2a: Tyranitar|Knock Off|p1b: Alakazam\n|-supereffective|p1b: Alakazam|1\n|-damage|p1b: Alakazam|0 fnt\n|-enditem|p1b: Alakazam|Focus Sash|[from] move: Knock Off|[of] p2a: Tyranitar\n|faint|p1b: Alakazam\n|move|p1a: Aggron|Heavy Slam|p2b: Rotom\n|-resisted|p2b: Rotom|2\n|-damage|p2b: Rotom|88/100\n|\n|-weather|Sandstorm|[upkeep]\n|-damage|p2b: Rotom|82/100|[from] Sandstorm\n|-heal|p2b: Rotom|88/100|[from] item: Leftovers\n|upkeep\n|\n|t:|1776632989\n|switch|p1b: Pelipper|Pelipper, L50, F|100/100\n|-weather|RainDance|[from] ability: Drizzle|[of] p1b: Pelipper\n|turn|3\n|\n|t:|1776632999\n|move|p2a: Tyranitar|Protect|p2a: Tyranitar\n|-singleturn|p2a: Tyranitar|Protect\n|move|p2b: Rotom|Thunderbolt|p1b: Pelipper\n|-supereffective|p1b: Pelipper|2\n|-damage|p1b: Pelipper|0 fnt\n|faint|p1b: Pelipper\n|move|p1a: Aggron|Iron Defense|p1a: Aggron\n|-boost|p1a: Aggron|def|2\n|\n|-weather|RainDance|[upkeep]\n|-heal|p2b: Rotom|93/100|[from] item: Leftovers\n|upkeep\n|\n|t:|1776633011\n|switch|p1b: Feraligatr|Feraligatr, L50, M|100/100\n|turn|4\n|\n|t:|1776633021\n|switch|p2a: Excadrill|Excadrill, L50, M|100/100\n|move|p2b: Rotom|Thunderbolt|p1b: Feraligatr\n|-supereffective|p1b: Feraligatr|1\n|-damage|p1b: Feraligatr|25/100\n|move|p1a: Aggron|Body Press|p2b: Rotom\n|-damage|p2b: Rotom|0 fnt\n|faint|p2b: Rotom\n|move|p1b: Feraligatr|Liquidation|p2a: Excadrill\n|-supereffective|p2a: Excadrill|1\n|-enditem|p2a: Excadrill|Focus Sash\n|-damage|p2a: Excadrill|1/100\n|\n|-weather|RainDance|[upkeep]\n|-sideend|p2: Vinzyyyyyyyy|move: Tailwind\n|upkeep\n|\n|t:|1776633037\n|switch|p2b: Tyranitar|Tyranitar-Mega, L50, M|100/100\n|-weather|Sandstorm|[from] ability: Sand Stream|[of] p2b: Tyranitar\n|turn|5\n|\n|t:|1776633048\n|move|p2b: Tyranitar|Protect|p2b: Tyranitar\n|-singleturn|p2b: Tyranitar|Protect\n|move|p1b: Feraligatr|Aqua Jet|p2a: Excadrill\n|-supereffective|p2a: Excadrill|1\n|-damage|p2a: Excadrill|0 fnt\n|faint|p2a: Excadrill\n|move|p1a: Aggron|Body Press|p2b: Tyranitar\n|-activate|p2b: Tyranitar|move: Protect\n|\n|-weather|Sandstorm|[upkeep]\n|-damage|p1b: Feraligatr|20/100|[from] Sandstorm\n|upkeep\n|\n|t:|1776633059\n|switch|p2a: Whimsicott|Whimsicott, L50, F|95/100\n|turn|6\n|\n|t:|1776633081\n|move|p2a: Whimsicott|Tailwind|p2a: Whimsicott\n|-sidestart|p2: Vinzyyyyyyyy|move: Tailwind\n|move|p1b: Feraligatr|Aqua Jet|p2b: Tyranitar\n|-supereffective|p2b: Tyranitar|1\n|-damage|p2b: Tyranitar|57/100\n|move|p2b: Tyranitar|Superpower|p1a: Aggron\n|-supereffective|p1a: Aggron|1\n|-damage|p1a: Aggron|90/100\n|-unboost|p2b: Tyranitar|atk|1\n|-unboost|p2b: Tyranitar|def|1\n|move|p1a: Aggron|Body Press|p2b: Tyranitar\n|-supereffective|p2b: Tyranitar|2\n|-damage|p2b: Tyranitar|0 fnt\n|faint|p2b: Tyranitar\n|\n|-weather|Sandstorm|[upkeep]\n|-damage|p2a: Whimsicott|89/100|[from] Sandstorm\n|-damage|p1b: Feraligatr|14/100|[from] Sandstorm\n|upkeep\n|turn|7\n|\n|t:|1776633104\n|move|p1b: Feraligatr|Aqua Jet|p2a: Whimsicott\n|-resisted|p2a: Whimsicott|1\n|-damage|p2a: Whimsicott|64/100\n|move|p2a: Whimsicott|Giga Drain|p1b: Feraligatr\n|-supereffective|p1b: Feraligatr|1\n|-damage|p1b: Feraligatr|0 fnt\n|-heal|p2a: Whimsicott|73/100|[from] drain|[of] p1b: Feraligatr\n|faint|p1b: Feraligatr\n|move|p1a: Aggron|Body Press|p2a: Whimsicott\n|-resisted|p2a: Whimsicott|1\n|-damage|p2a: Whimsicott|0 fnt\n|faint|p2a: Whimsicott\n|\n|win|nmq0901\n|raw|nmq0901's rating: 1009 &rarr; <strong>1054</strong><br />(+45 for winning)\n|raw|Vinzyyyyyyyy's rating: 1071 &rarr; <strong>1047</strong><br />(-24 for losing)\n",
  "uploadtime": 1776633119,
  "views": 15,
  "formatid": "gen9championsvgc2026regma",
  "rating": 1047,
  "private": 0,
  "password": null
}