{
  "id": "gen9championsvgc2026regma-2587197238",
  "format": "[Gen 9 Champions] VGC 2026 Reg M-A",
  "players": [
    "literallykobeni",
    "tvini22255522"
  ],
  "log": "|j|\u2606literallykobeni\n|j|\u2606tvini22255522\n|t:|1776507575\n|gametype|doubles\n|player|p1|literallykobeni|miku-ghost|1162\n|player|p2|tvini22255522|1|1206\n|gen|9\n|tier|[Gen 9 Champions] VGC 2026 Reg M-A\n|rated|\n|rule|Species Clause: Limit one of each Pok\u00e9mon\n|rule|Item Clause: Limit 1 of each item\n|clearpoke\n|poke|p1|Froslass, L50, F|\n|poke|p1|Whimsicott, L50, M|\n|poke|p1|Kangaskhan, L50, F|\n|poke|p1|Garchomp, L50, M|\n|poke|p1|Basculegion, L50, M|\n|poke|p1|Typhlosion-Hisui, L50, M|\n|poke|p2|Meowstic, L50, M|\n|poke|p2|Gardevoir, L50, M|\n|poke|p2|Rotom-Wash, L50|\n|poke|p2|Aerodactyl, L50, M|\n|poke|p2|Maushold, L50|\n|poke|p2|Garchomp, L50, M|\n|teampreview|4\n|inactive|Battle timer is ON: inactive players will automatically lose when time's up. (requested by literallykobeni)\n|\n|t:|1776507605\n|teamsize|p1|4\n|teamsize|p2|4\n|start\n|switch|p1a: Whimsicott|Whimsicott, L50, M|100/100\n|switch|p1b: Froslass|Froslass, L50, F|100/100\n|switch|p2a: Aerodactyl|Aerodactyl, L50, M|100/100\n|switch|p2b: Rotom|Rotom-Wash, L50|100/100\n|turn|1\n|\n|t:|1776507625\n|detailschange|p1b: Froslass|Froslass-Mega, L50, F\n|-mega|p1b: Froslass|Froslass|Froslassite\n|-weather|Snowscape|[from] ability: Snow Warning|[of] p1b: Froslass\n|move|p1a: Whimsicott|Tailwind|p1a: Whimsicott\n|-sidestart|p1: literallykobeni|move: Tailwind\n|move|p1b: Froslass|Aurora Veil|p1b: Froslass\n|-sidestart|p1: literallykobeni|move: Aurora Veil\n|move|p2b: Rotom|Electroweb|p1a: Whimsicott|[spread] p1a,p1b\n|-resisted|p1a: Whimsicott|1\n|-damage|p1a: Whimsicott|93/100\n|-damage|p1b: Froslass|86/100\n|-unboost|p1a: Whimsicott|spe|1\n|-unboost|p1b: Froslass|spe|1\n|move|p2a: Aerodactyl|Tailwind|p2a: Aerodactyl\n|-sidestart|p2: tvini22255522|move: Tailwind\n|\n|-weather|Snowscape|[upkeep]\n|upkeep\n|turn|2\n|inactive|tvini22255522 has 30 seconds left.\n|\n|t:|1776507655\n|move|p2b: Rotom|Electroweb|p1a: Whimsicott|[spread] p1a,p1b\n|-resisted|p1a: Whimsicott|1\n|-damage|p1a: Whimsicott|86/100\n|-damage|p1b: Froslass|71/100\n|-unboost|p1a: Whimsicott|spe|1\n|-unboost|p1b: Froslass|spe|1\n|move|p2a: Aerodactyl|Dual Wingbeat|p1a: Whimsicott\n|-supereffective|p1a: Whimsicott|1\n|-damage|p1a: Whimsicott|57/100\n|-supereffective|p1a: Whimsicott|1\n|-damage|p1a: Whimsicott|26/100\n|-hitcount|p1a: Whimsicott|2\n|move|p1b: Froslass|Blizzard|p2a: Aerodactyl|[spread] p2a,p2b\n|-supereffective|p2a: Aerodactyl|1\n|-resisted|p2b: Rotom|1\n|-enditem|p2a: Aerodactyl|Focus Sash\n|-damage|p2a: Aerodactyl|1/100\n|-damage|p2b: Rotom|71/100\n|move|p1a: Whimsicott|Moonblast|p2b: Rotom\n|-damage|p2b: Rotom|33/100\n|\n|-weather|Snowscape|[upkeep]\n|upkeep\n|turn|3\n|inactive|literallykobeni has 30 seconds left.\n|\n|t:|1776507681\n|switch|p1a: Kangaskhan|Kangaskhan, L50, F|100/100\n|move|p1b: Froslass|Protect|p1b: Froslass\n|-singleturn|p1b: Froslass|Protect\n|move|p2b: Rotom|Electroweb|p1a: Kangaskhan|[spread] p1a\n|-activate|p1b: Froslass|move: Protect\n|-damage|p1a: Kangaskhan|86/100\n|-unboost|p1a: Kangaskhan|spe|1\n|move|p2a: Aerodactyl|Rock Slide|p1a: Kangaskhan|[spread] p1a\n|-activate|p1b: Froslass|move: Protect\n|-damage|p1a: Kangaskhan|67/100\n|\n|-weather|Snowscape|[upkeep]\n|upkeep\n|turn|4\n|\n|t:|1776507708\n|switch|p2a: Meowstic|Meowstic, L50, M|100/100\n|switch|p1b: Whimsicott|Whimsicott, L50, M|26/100\n|move|p1a: Kangaskhan|Fake Out|p2a: Meowstic\n|-crit|p2a: Meowstic\n|-damage|p2a: Meowstic|78/100\n|move|p2b: Rotom|Electroweb|p1b: Whimsicott|[spread] p1a,p1b\n|-resisted|p1b: Whimsicott|1\n|-damage|p1a: Kangaskhan|52/100\n|-damage|p1b: Whimsicott|18/100\n|-unboost|p1a: Kangaskhan|spe|1\n|-unboost|p1b: Whimsicott|spe|1\n|\n|-weather|Snowscape|[upkeep]\n|-sideend|p2: tvini22255522|move: Tailwind\n|-sideend|p1: literallykobeni|move: Tailwind\n|upkeep\n|turn|5\n|\n|t:|1776507731\n|move|p2a: Meowstic|Fake Out|p1b: Whimsicott\n|-damage|p1b: Whimsicott|14/100\n|cant|p1b: Whimsicott|flinch\n|move|p2b: Rotom|Electroweb|p1b: Whimsicott|[spread] p1a,p1b\n|-resisted|p1b: Whimsicott|1\n|-damage|p1a: Kangaskhan|38/100\n|-damage|p1b: Whimsicott|7/100\n|-unboost|p1a: Kangaskhan|spe|1\n|-unboost|p1b: Whimsicott|spe|1\n|move|p1a: Kangaskhan|Brick Break|p2b: Rotom\n|-damage|p2b: Rotom|1/100\n|\n|-weather|none\n|-sideend|p1: literallykobeni|move: Aurora Veil\n|upkeep\n|turn|6\n|\n|t:|1776507755\n|move|p2a: Meowstic|Psychic Terrain|p2a: Meowstic\n|-fieldstart|move: Psychic Terrain\n|move|p1b: Whimsicott|Tailwind|p1b: Whimsicott\n|-sidestart|p1: literallykobeni|move: Tailwind\n|move|p1a: Kangaskhan|Sucker Punch|p2b: Rotom\n|-hint|Psychic Terrain doesn't affect airborne Pok\u00e9mon.\n|-damage|p2b: Rotom|0 fnt\n|faint|p2b: Rotom\n|\n|upkeep\n|\n|t:|1776507765\n|switch|p2b: Gardevoir|Gardevoir, L50, M|100/100\n|-ability|p2b: Gardevoir|Prankster|Trace|[from] ability: Trace|[of] p1b: Whimsicott\n|turn|7\n|\n|t:|1776507781\n|switch|p2a: Aerodactyl|Aerodactyl, L50, M|1/100\n|detailschange|p2b: Gardevoir|Gardevoir-Mega, L50, M\n|-mega|p2b: Gardevoir|Gardevoir|Gardevoirite\n|move|p1b: Whimsicott|Moonblast|p2b: Gardevoir\n|-damage|p2b: Gardevoir|74/100\n|move|p2b: Gardevoir|Expanding Force|p1b: Whimsicott|[spread] p1a,p1b\n|-damage|p1a: Kangaskhan|0 fnt\n|-damage|p1b: Whimsicott|0 fnt\n|faint|p1a: Kangaskhan\n|faint|p1b: Whimsicott\n|\n|upkeep\n|\n|t:|1776507791\n|switch|p1b: Froslass|Froslass-Mega, L50, F|71/100\n|switch|p1a: Basculegion|Basculegion, L50, M|100/100\n|-weather|Snowscape|[from] ability: Snow Warning|[of] p1b: Froslass\n|turn|8\n|\n|t:|1776507812\n|switch|p2a: Meowstic|Meowstic, L50, M|78/100\n|move|p1b: Froslass|Blizzard|p2a: Meowstic|[spread] p2a,p2b\n|-damage|p2a: Meowstic|33/100\n|-damage|p2b: Gardevoir|34/100\n|move|p1a: Basculegion|Last Respects|p2b: Gardevoir\n|-supereffective|p2b: Gardevoir|1\n|-damage|p2b: Gardevoir|0 fnt\n|faint|p2b: Gardevoir\n|\n|-weather|Snowscape|[upkeep]\n|upkeep\n|-message|tvini22255522 forfeited.\n|\n|win|literallykobeni\n|raw|literallykobeni's rating: 1162 &rarr; <strong>1190</strong><br />(+28 for winning)\n|raw|tvini22255522's rating: 1206 &rarr; <strong>1178</strong><br />(-28 for losing)\n|l|\u2606tvini22255522\n|player|p2|\n",
  "uploadtime": 1776507829,
  "views": 26,
  "formatid": "gen9championsvgc2026regma",
  "rating": 1178,
  "private": 0,
  "password": null
}