{
  "id": "gen9championsvgc2026regma-2586473517",
  "format": "[Gen 9 Champions] VGC 2026 Reg M-A",
  "players": [
    "lucarivar",
    "ticksbitesyou"
  ],
  "log": "|j|\u2606lucarivar\n|j|\u2606ticksbitesyou\n|t:|1776437122\n|gametype|doubles\n|player|p1|lucarivar|1|1054\n|player|p2|ticksbitesyou|shauntal|1066\n|gen|9\n|tier|[Gen 9 Champions] VGC 2026 Reg M-A\n|rated|\n|rule|Species Clause: Limit one of each Pok\u00e9mon\n|rule|Item Clause: Limit 1 of each item\n|clearpoke\n|poke|p1|Lucario, L50, M|\n|poke|p1|Volcarona, L50, M|\n|poke|p1|Spiritomb, L50, F|\n|poke|p1|Hatterene, L50, F|\n|poke|p1|Palafin, L50, M|\n|poke|p1|Aegislash, L50, M|\n|poke|p2|Alakazam, L50, M|\n|poke|p2|Drampa, L50, F|\n|poke|p2|Sinistcha-Masterpiece, L50|\n|poke|p2|Pelipper, L50, M|\n|poke|p2|Basculegion, L50, M|\n|poke|p2|Scizor, L50, F|\n|teampreview|4\n|inactive|Battle timer is ON: inactive players will automatically lose when time's up. (requested by lucarivar)\n|c|\u2606ticksbitesyou|t\n|\n|t:|1776437143\n|teamsize|p1|4\n|teamsize|p2|4\n|start\n|switch|p1a: Aegislash|Aegislash, L50, M, shiny|100/100\n|switch|p1b: Palafin|Palafin, L50, M|100/100\n|switch|p2a: Alakazam|Alakazam, L50, M|100/100\n|switch|p2b: Drampa|Drampa, L50, F|100/100\n|turn|1\n|\n|t:|1776437161\n|detailschange|p2b: Drampa|Drampa-Mega, L50, F\n|-mega|p2b: Drampa|Drampa|Drampanite\n|move|p1b: Palafin|Flip Turn|p2a: Alakazam\n|-damage|p2a: Alakazam|44/100\n|\n|t:|1776437166\n|detailschange|p1b: Palafin|Palafin-Hero, L50, M\n|switch|p1b: Volcarona|Volcarona, L50, M|100/100|[from] Flip Turn\n|move|p2a: Alakazam|Speed Swap|p2b: Drampa\n|-activate|p2a: Alakazam|move: Speed Swap|[of] p2b: Drampa\n|move|p2b: Drampa|Calm Mind|p2b: Drampa\n|-boost|p2b: Drampa|spa|1\n|-boost|p2b: Drampa|spd|1\n|-formechange|p1a: Aegislash|Aegislash-Blade|\n|move|p1a: Aegislash|Flash Cannon|p2b: Drampa\n|-damage|p2b: Drampa|68/100\n|\n|upkeep\n|turn|2\n|\n|t:|1776437182\n|move|p2b: Drampa|Earth Power|p1a: Aegislash\n|-supereffective|p1a: Aegislash|1\n|-damage|p1a: Aegislash|0 fnt\n|faint|p1a: Aegislash\n|move|p1b: Volcarona|Bug Buzz|p2b: Drampa\n|-damage|p2b: Drampa|37/100\n|-ability|p2b: Drampa|Berserk|boost\n|-boost|p2b: Drampa|spa|1\n|move|p2a: Alakazam|Light Screen|p2a: Alakazam\n|-sidestart|p2: ticksbitesyou|move: Light Screen\n|\n|upkeep\n|\n|t:|1776437187\n|switch|p1a: Palafin|Palafin-Hero, L50, M|100/100\n|-activate|p1a: Palafin|ability: Zero to Hero\n|turn|3\n|\n|t:|1776437199\n|move|p2b: Drampa|Protect|p2b: Drampa\n|-singleturn|p2b: Drampa|Protect\n|move|p1a: Palafin|Wave Crash|p2b: Drampa\n|-activate|p2b: Drampa|move: Protect\n|move|p1b: Volcarona|Bug Buzz|p2a: Alakazam\n|-supereffective|p2a: Alakazam|1\n|-damage|p2a: Alakazam|0 fnt\n|faint|p2a: Alakazam\n|\n|upkeep\n|\n|t:|1776437207\n|switch|p2a: Sinistcha|Sinistcha-Masterpiece, L50|100/100\n|-heal|p2b: Drampa|62/100|[from] ability: Hospitality|[of] p2a: Sinistcha\n|turn|4\n|\n|t:|1776437217\n|switch|p1a: Lucario|Lucario, L50, M|100/100\n|move|p2a: Sinistcha|Rage Powder|p2a: Sinistcha\n|-singleturn|p2a: Sinistcha|move: Rage Powder\n|move|p2b: Drampa|Hyper Voice|p1a: Lucario|[spread] p1a,p1b\n|-resisted|p1a: Lucario|1\n|-damage|p1a: Lucario|34/100\n|-damage|p1b: Volcarona|19/100\n|move|p1b: Volcarona|Flamethrower|p2a: Sinistcha\n|-supereffective|p2a: Sinistcha|1\n|-damage|p2a: Sinistcha|5/100\n|-status|p2a: Sinistcha|brn\n|-enditem|p2a: Sinistcha|Sitrus Berry|[eat]\n|-heal|p2a: Sinistcha|29/100 brn|[from] item: Sitrus Berry\n|\n|-damage|p2a: Sinistcha|23/100 brn|[from] brn\n|upkeep\n|turn|5\n|\n|t:|1776437237\n|detailschange|p1a: Lucario|Lucario-Mega, L50, M\n|-mega|p1a: Lucario|Lucario|Lucarionite\n|move|p1a: Lucario|Vacuum Wave|p2b: Drampa\n|-supereffective|p2b: Drampa|1\n|-damage|p2b: Drampa|36/100\n|-ability|p2b: Drampa|Berserk|boost\n|-boost|p2b: Drampa|spa|1\n|move|p2b: Drampa|Hyper Voice|p1b: Volcarona|[spread] p1a,p1b\n|-resisted|p1a: Lucario|1\n|-damage|p1a: Lucario|0 fnt\n|-damage|p1b: Volcarona|0 fnt\n|faint|p1a: Lucario\n|faint|p1b: Volcarona\n|move|p2a: Sinistcha|Life Dew|p2a: Sinistcha|[spread] p2a,p2b\n|-heal|p2a: Sinistcha|48/100 brn\n|-heal|p2b: Drampa|61/100\n|\n|-damage|p2a: Sinistcha|42/100 brn|[from] brn\n|upkeep\n|\n|t:|1776437245\n|switch|p1a: Palafin|Palafin-Hero, L50, M|100/100\n|turn|6\n|\n|t:|1776437253\n|move|p2a: Sinistcha|Rage Powder|p2a: Sinistcha\n|-singleturn|p2a: Sinistcha|move: Rage Powder\n|move|p1a: Palafin|Wave Crash|p2a: Sinistcha\n|-resisted|p2a: Sinistcha|1\n|-damage|p2a: Sinistcha|6/100 brn\n|-damage|p1a: Palafin|91/100|[from] Recoil\n|move|p2b: Drampa|Hyper Voice|p1a: Palafin\n|-damage|p1a: Palafin|0 fnt\n|faint|p1a: Palafin\n|\n|win|ticksbitesyou\n|raw|lucarivar's rating: 1054 &rarr; <strong>1037</strong><br />(-17 for losing)\n|raw|ticksbitesyou's rating: 1066 &rarr; <strong>1095</strong><br />(+29 for winning)\n|l|\u2606lucarivar\n|player|p1|\n|l|\u2606ticksbitesyou\n|player|p2|\n|j|\u2606lucarivar\n|player|p1|lucarivar|1|\n",
  "uploadtime": 1776437722,
  "views": 18,
  "formatid": "gen9championsvgc2026regma",
  "rating": 1037,
  "private": 0,
  "password": null
}