{
  "id": "gen9championsvgc2026regma-2584909151",
  "format": "[Gen 9 Champions] VGC 2026 Reg M-A",
  "players": [
    "Beemo666",
    "Perri9708"
  ],
  "log": "|j|\u2606Beemo666\n|j|\u2606Perri9708\n|t:|1776293588\n|gametype|doubles\n|player|p1|Beemo666|steven-gen3|1000\n|player|p2|Perri9708|lucas|1051\n|gen|9\n|tier|[Gen 9 Champions] VGC 2026 Reg M-A\n|rated|\n|rule|Species Clause: Limit one of each Pok\u00e9mon\n|rule|Item Clause: Limit 1 of each item\n|clearpoke\n|poke|p1|Slowking-Galar, L50, F|\n|poke|p1|Mr. Rime, L50, M|\n|poke|p1|Crabominable, L50, F|\n|poke|p1|Sinistcha-Masterpiece, L50|\n|poke|p1|Incineroar, L50, M|\n|poke|p1|Primarina, L50, M|\n|poke|p2|Politoed, L50, M|\n|poke|p2|Sneasler, L50, F|\n|poke|p2|Archaludon, L50, F|\n|poke|p2|Basculegion, L50, M|\n|poke|p2|Dragonite, L50, M|\n|poke|p2|Sinistcha, L50|\n|teampreview|4\n|inactive|Battle timer is ON: inactive players will automatically lose when time's up. (requested by Beemo666)\nBeemo666 rejected open team sheets.\n|\n|t:|1776293611\n|teamsize|p1|4\n|teamsize|p2|4\n|start\n|switch|p1a: Mr. Rime|Mr. Rime, L50, M|100/100\n|switch|p1b: Slowking|Slowking-Galar, L50, F|100/100\n|switch|p2a: Politoed|Politoed, L50, M|100/100\n|switch|p2b: Archaludon|Archaludon, L50, F|100/100\n|-weather|RainDance|[from] ability: Drizzle|[of] p2a: Politoed\n|turn|1\n|\n|t:|1776293636\n|move|p2a: Politoed|Protect|p2a: Politoed\n|-singleturn|p2a: Politoed|Protect\n|move|p1a: Mr. Rime|Fake Out|p2b: Archaludon\n|-resisted|p2b: Archaludon|1\n|-damage|p2b: Archaludon|97/100\n|cant|p2b: Archaludon|flinch\n|move|p1b: Slowking|Trick Room|p1b: Slowking\n|-fieldstart|move: Trick Room|[of] p1b: Slowking\n|\n|-weather|RainDance|[upkeep]\n|upkeep\n|turn|2\n|\n|t:|1776293652\n|switch|p2a: Sneasler|Sneasler, L50, F|100/100\n|-prepare|p1b: Slowking|Chilly Reception|[premajor]\n|move|p1b: Slowking|Chilly Reception|p1b: Slowking\n|-weather|Snowscape\n|\n|t:|1776293657\n|switch|p1b: Crabominable|Crabominable, L50, F|100/100|[from] Chilly Reception\n|move|p1a: Mr. Rime|Frost Breath|p1b: Crabominable\n|-resisted|p1b: Crabominable|1\n|-crit|p1b: Crabominable\n|-damage|p1b: Crabominable|72/100\n|-setboost|p1b: Crabominable|atk|6|[from] ability: Anger Point\n|move|p2b: Archaludon|Flash Cannon|p1a: Mr. Rime\n|-supereffective|p1a: Mr. Rime|1\n|-damage|p1a: Mr. Rime|13/100\n|-unboost|p1a: Mr. Rime|spd|1\n|\n|-weather|Snowscape|[upkeep]\n|upkeep\n|turn|3\n|inactive|Beemo666 has 30 seconds left.\n|\n|t:|1776293687\n|detailschange|p1b: Crabominable|Crabominable-Mega, L50, F\n|-mega|p1b: Crabominable|Crabominable|Crabominite\n|move|p1b: Crabominable|Protect|p1b: Crabominable\n|-singleturn|p1b: Crabominable|Protect\n|move|p2a: Sneasler|Fake Out|p1b: Crabominable\n|-activate|p1b: Crabominable|move: Protect\n|move|p1a: Mr. Rime|Frost Breath|p2a: Sneasler\n|-crit|p2a: Sneasler\n|-damage|p2a: Sneasler|37/100\n|move|p2b: Archaludon|Flash Cannon|p1b: Crabominable\n|-activate|p1b: Crabominable|move: Protect\n|\n|-weather|Snowscape|[upkeep]\n|upkeep\n|turn|4\n|\n|t:|1776293704\n|move|p1b: Crabominable|Drain Punch|p2b: Archaludon\n|-supereffective|p2b: Archaludon|1\n|-damage|p2b: Archaludon|0 fnt\n|-heal|p1b: Crabominable|100/100|[from] drain|[of] p2b: Archaludon\n|faint|p2b: Archaludon\n|move|p1a: Mr. Rime|Frost Breath|p2a: Sneasler\n|-crit|p2a: Sneasler\n|-damage|p2a: Sneasler|0 fnt\n|faint|p2a: Sneasler\n|\n|-weather|Snowscape|[upkeep]\n|upkeep\n|\n|t:|1776293720\n|switch|p2b: Politoed|Politoed, L50, M|100/100\n|switch|p2a: Dragonite|Dragonite, L50, M|100/100\n|-weather|RainDance|[from] ability: Drizzle|[of] p2b: Politoed\n|turn|5\n|\n|t:|1776293731\n|move|p2b: Politoed|Protect|p2b: Politoed\n|-singleturn|p2b: Politoed|Protect\n|move|p1b: Crabominable|Mach Punch|p2b: Politoed\n|-activate|p2b: Politoed|move: Protect\n|move|p1a: Mr. Rime|Frost Breath|p2a: Dragonite\n|-supereffective|p2a: Dragonite|2\n|-crit|p2a: Dragonite\n|-damage|p2a: Dragonite|0 fnt\n|faint|p2a: Dragonite\n|\n|-weather|RainDance|[upkeep]\n|-fieldend|move: Trick Room\n|upkeep\n|turn|6\n|\n|t:|1776293742\n|move|p1b: Crabominable|Mach Punch|p2b: Politoed\n|-damage|p2b: Politoed|0 fnt\n|faint|p2b: Politoed\n|\n|win|Beemo666\n|raw|Beemo666's rating: 1000 &rarr; <strong>1046</strong><br />(+46 for winning)\n|raw|Perri9708's rating: 1051 &rarr; <strong>1031</strong><br />(-20 for losing)\n|l|\u2606Perri9708\n|player|p2|\n",
  "uploadtime": 1776293754,
  "views": 18,
  "formatid": "gen9championsvgc2026regma",
  "rating": 1031,
  "private": 0,
  "password": null
}