{
  "id": "gen9championsvgc2026regma-2588220803",
  "format": "[Gen 9 Champions] VGC 2026 Reg M-A",
  "players": [
    "UneCourgettte",
    "DaytonDoes"
  ],
  "log": "|j|\u2606UneCourgettte\n|j|\u2606DaytonDoes\n|t:|1776615592\n|gametype|doubles\n|player|p1|UneCourgettte|whitney|1014\n|player|p2|DaytonDoes|cameraman|1109\n|gen|9\n|tier|[Gen 9 Champions] VGC 2026 Reg M-A\n|rated|\n|rule|Species Clause: Limit one of each Pok\u00e9mon\n|rule|Item Clause: Limit 1 of each item\n|clearpoke\n|poke|p1|Sneasler, L50, M|\n|poke|p1|Dragonite, L50, F|\n|poke|p1|Garchomp, L50, F|\n|poke|p1|Orthworm, L50, F|\n|poke|p1|Floette-Eternal, L50, F|\n|poke|p1|Incineroar, L50, F|\n|poke|p2|Farigiraf, L50, F|\n|poke|p2|Camerupt, L50, M|\n|poke|p2|Oranguru, L50, M|\n|poke|p2|Incineroar, L50, M|\n|poke|p2|Sinistcha, L50|\n|poke|p2|Conkeldurr, L50, M|\n|teampreview|4\n|inactive|Battle timer is ON: inactive players will automatically lose when time's up. (requested by UneCourgettte)\n|inactive|UneCourgettte has 60 seconds left.\n|inactive|UneCourgettte has 30 seconds left.\n|\n|t:|1776615656\n|teamsize|p1|4\n|teamsize|p2|4\n|start\n|switch|p1a: Sneasler|Sneasler, L50, M|100/100\n|switch|p1b: Orthworm|Orthworm, L50, F|100/100\n|switch|p2a: Farigiraf|Farigiraf, L50, F|100/100\n|switch|p2b: Sinistcha|Sinistcha, L50|100/100\n|turn|1\n|\n|t:|1776615678\n|move|p1a: Sneasler|Dire Claw|p2a: Farigiraf\n|-damage|p2a: Farigiraf|58/100\n|move|p1b: Orthworm|Shed Tail|p1b: Orthworm\n|-start|p1b: Orthworm|Substitute|[from] move: Shed Tail\n|-damage|p1b: Orthworm|50/100\n|-enditem|p1b: Orthworm|Sitrus Berry|[eat]\n|-heal|p1b: Orthworm|75/100|[from] item: Sitrus Berry\n|\n|t:|1776615696\n|switch|p1b: Floette|Floette-Eternal, L50, F|100/100|[from] Shed Tail\n|move|p2b: Sinistcha|Matcha Gotcha|p1a: Sneasler|[spread] p1a,p1b\n|-activate|p1b: Floette|move: Substitute|[damage]\n|-resisted|p1a: Sneasler|1\n|-damage|p1a: Sneasler|83/100\n|move|p2a: Farigiraf|Trick Room|p2a: Farigiraf\n|-fieldstart|move: Trick Room|[of] p2a: Farigiraf\n|\n|upkeep\n|turn|2\n|inactive|DaytonDoes has 30 seconds left.\n|\n|t:|1776615725\n|detailschange|p1b: Floette|Floette-Mega, L50, F\n|-mega|p1b: Floette|Floette|Floettite\n|-ability|p1b: Floette|Fairy Aura\n|move|p2a: Farigiraf|Psychic Noise|p1a: Sneasler\n|-supereffective|p1a: Sneasler|2\n|-damage|p1a: Sneasler|0 fnt\n|faint|p1a: Sneasler\n|move|p2b: Sinistcha|Matcha Gotcha|p1b: Floette\n|-crit|p1b: Floette\n|-end|p1b: Floette|Substitute\n|move|p1b: Floette|Dazzling Gleam|p2b: Sinistcha|[spread] p2a,p2b\n|-crit|p2a: Farigiraf\n|-damage|p2a: Farigiraf|8/100\n|-damage|p2b: Sinistcha|61/100\n|\n|upkeep\n|\n|t:|1776615741\n|switch|p1a: Orthworm|Orthworm, L50, F|75/100\n|turn|3\n|\n|t:|1776615753\n|move|p2a: Farigiraf|Helping Hand|p2b: Sinistcha\n|-singleturn|p2b: Sinistcha|Helping Hand|[of] p2a: Farigiraf\n|move|p2b: Sinistcha|Matcha Gotcha|p1b: Floette|[spread] p1a,p1b\n|-resisted|p1a: Orthworm|1\n|-damage|p1a: Orthworm|46/100\n|-heal|p2b: Sinistcha|76/100|[from] drain|[of] p1a: Orthworm\n|-damage|p1b: Floette|71/100\n|-heal|p2b: Sinistcha|89/100|[from] drain|[of] p1b: Floette\n|move|p1a: Orthworm|Heavy Slam|p2b: Sinistcha\n|-crit|p2b: Sinistcha\n|-damage|p2b: Sinistcha|40/100\n|move|p1b: Floette|Dazzling Gleam|p2a: Farigiraf|[spread] p2a,p2b\n|-damage|p2a: Farigiraf|0 fnt\n|-damage|p2b: Sinistcha|0 fnt\n|faint|p2a: Farigiraf\n|faint|p2b: Sinistcha\n|\n|upkeep\n|inactive|DaytonDoes has 30 seconds left.\n|inactive|DaytonDoes has 20 seconds left.\n|inactive|DaytonDoes has 15 seconds left.\n|inactive|DaytonDoes has 10 seconds left.\n|\n|t:|1776615802\n|switch|p2a: Camerupt|Camerupt, L50, M|100/100\n|switch|p2b: Oranguru|Oranguru, L50, M|100/100\n|turn|4\n|\n|t:|1776615820\n|detailschange|p2a: Camerupt|Camerupt-Mega, L50, M\n|-mega|p2a: Camerupt|Camerupt|Cameruptite\n|move|p1b: Floette|Protect|p1b: Floette\n|-singleturn|p1b: Floette|Protect\n|move|p2a: Camerupt|Eruption|p1a: Orthworm|[spread] p1a\n|-activate|p1b: Floette|move: Protect\n|-supereffective|p1a: Orthworm|1\n|-damage|p1a: Orthworm|0 fnt\n|faint|p1a: Orthworm\n|move|p2b: Oranguru|Instruct|p2a: Camerupt\n|-singleturn|p2a: Camerupt|move: Instruct|[of] p2b: Oranguru\n|move|p2a: Camerupt|Eruption|p1b: Floette\n|-activate|p1b: Floette|move: Protect\n|\n|upkeep\n|\n|t:|1776615833\n|switch|p1a: Dragonite|Dragonite, L50, F|100/100\n|turn|5\n|\n|t:|1776615845\n|move|p1b: Floette|Protect|p1b: Floette\n|-singleturn|p1b: Floette|Protect\n|move|p1a: Dragonite|Extreme Speed|p2a: Camerupt\n|-damage|p2a: Camerupt|61/100\n|move|p2a: Camerupt|Eruption|p1b: Floette|[spread] p1a\n|-activate|p1b: Floette|move: Protect\n|-resisted|p1a: Dragonite|1\n|-damage|p1a: Dragonite|90/100\n|move|p2b: Oranguru|Instruct|p2a: Camerupt\n|-singleturn|p2a: Camerupt|move: Instruct|[of] p2b: Oranguru\n|move|p2a: Camerupt|Eruption|p1a: Dragonite|[spread] p1a\n|-activate|p1b: Floette|move: Protect\n|-resisted|p1a: Dragonite|1\n|-damage|p1a: Dragonite|68/100\n|\n|-fieldend|move: Trick Room\n|upkeep\n|turn|6\n|inactive|UneCourgettte has 30 seconds left.\n|inactive|UneCourgettte has 20 seconds left.\n|\n|t:|1776615882\n|move|p2a: Camerupt|Protect|p2a: Camerupt\n|-singleturn|p2a: Camerupt|Protect\n|move|p1a: Dragonite|Extreme Speed|p2b: Oranguru\n|-damage|p2b: Oranguru|60/100\n|move|p1b: Floette|Dazzling Gleam|p2b: Oranguru|[spread] p2b\n|-activate|p2a: Camerupt|move: Protect\n|-damage|p2b: Oranguru|30/100\n|move|p2b: Oranguru|Trick Room|p2b: Oranguru\n|-fieldstart|move: Trick Room|[of] p2b: Oranguru\n|\n|-heal|p2b: Oranguru|36/100|[from] item: Leftovers\n|upkeep\n|turn|7\n|inactive|DaytonDoes has 30 seconds left.\n|\n|t:|1776615907\n|move|p1b: Floette|Protect|p1b: Floette\n|-singleturn|p1b: Floette|Protect\n|move|p1a: Dragonite|Extreme Speed|p2a: Camerupt\n|-damage|p2a: Camerupt|20/100\n|move|p2a: Camerupt|Heat Wave|p1b: Floette|[spread] p1a\n|-activate|p1b: Floette|move: Protect\n|-resisted|p1a: Dragonite|1\n|-damage|p1a: Dragonite|37/100\n|move|p2b: Oranguru|Foul Play|p1a: Dragonite\n|-damage|p1a: Dragonite|0 fnt\n|faint|p1a: Dragonite\n|\n|-heal|p2b: Oranguru|42/100|[from] item: Leftovers\n|upkeep\n|turn|8\n|inactive|DaytonDoes has 30 seconds left.\n|\n|t:|1776615932\n|move|p2a: Camerupt|Earth Power|p1b: Floette\n|-damage|p1b: Floette|15/100\n|move|p2b: Oranguru|Instruct|p2a: Camerupt\n|-singleturn|p2a: Camerupt|move: Instruct|[of] p2b: Oranguru\n|move|p2a: Camerupt|Earth Power|p1b: Floette\n|-damage|p1b: Floette|0 fnt\n|faint|p1b: Floette\n|\n|win|DaytonDoes\n|raw|UneCourgettte's rating: 1014 &rarr; <strong>1005</strong><br />(-9 for losing)\n|raw|DaytonDoes's rating: 1109 &rarr; <strong>1127</strong><br />(+18 for winning)\n|l|\u2606UneCourgettte\n|player|p1|\n",
  "uploadtime": 1776616314,
  "views": 8,
  "formatid": "gen9championsvgc2026regma",
  "rating": 1005,
  "private": 0,
  "password": null
}