{
  "id": "gen9championsvgc2026regma-2585134185",
  "format": "[Gen 9 Champions] VGC 2026 Reg M-A",
  "players": [
    "TonyMacaroni5678",
    "Thiiara."
  ],
  "log": "|j|\u2606TonyMacaroni5678\n|j|\u2606Thiiara.\n|t:|1776315868\n|gametype|doubles\n|player|p1|TonyMacaroni5678|101|1114\n|player|p2|Thiiara.|265|1116\n|gen|9\n|tier|[Gen 9 Champions] VGC 2026 Reg M-A\n|rated|\n|rule|Species Clause: Limit one of each Pok\u00e9mon\n|rule|Item Clause: Limit 1 of each item\n|clearpoke\n|poke|p1|Glimmora, L50, M|\n|poke|p1|Decidueye-Hisui, L50, F|\n|poke|p1|Palafin, L50, F|\n|poke|p1|Ninetales-Alola, L50, M|\n|poke|p1|Whimsicott, L50, F|\n|poke|p1|Arcanine-Hisui, L50, F|\n|poke|p2|Charizard, L50, M|\n|poke|p2|Sneasler, L50, F|\n|poke|p2|Incineroar, L50, F|\n|poke|p2|Basculegion, L50, M|\n|poke|p2|Garchomp, L50, M|\n|poke|p2|Venusaur, L50, F|\n|teampreview|4\n|inactive|Battle timer is ON: inactive players will automatically lose when time's up. (requested by TonyMacaroni5678)\nTonyMacaroni5678 has agreed to open team sheets.\n|\n|t:|1776315894\n|teamsize|p1|4\n|teamsize|p2|4\n|start\n|switch|p1a: Whimsicott|Whimsicott, L50, F|100/100\n|switch|p1b: Palafin|Palafin, L50, F|100/100\n|switch|p2a: Sneasler|Sneasler, L50, F|100/100\n|switch|p2b: Basculegion|Basculegion, L50, M, shiny|100/100\n|turn|1\n|inactive|TonyMacaroni5678 has 30 seconds left.\n|inactive|Thiiara. has 30 seconds left.\n|\n|t:|1776315921\n|switch|p2b: Venusaur|Venusaur, L50, F, shiny|100/100\n|move|p1a: Whimsicott|Tailwind|p1a: Whimsicott\n|-sidestart|p1: TonyMacaroni5678|move: Tailwind\n|move|p1b: Palafin|Flip Turn|p2a: Sneasler\n|-damage|p2a: Sneasler|58/100\n|\n|t:|1776315930\n|detailschange|p1b: Palafin|Palafin-Hero, L50, F\n|switch|p1b: Arcanine|Arcanine-Hisui, L50, F|100/100|[from] Flip Turn\n|-ability|p1b: Arcanine|Intimidate|boost\n|-unboost|p2a: Sneasler|atk|1\n|-unboost|p2b: Venusaur|atk|1\n|-enditem|p2a: Sneasler|White Herb\n|-clearnegativeboost|p2a: Sneasler|[silent]\n|move|p2a: Sneasler|Dire Claw|p1a: Whimsicott\n|-supereffective|p1a: Whimsicott|2\n|-enditem|p1a: Whimsicott|Focus Sash\n|-damage|p1a: Whimsicott|1/100\n|\n|upkeep\n|turn|2\n|\n|t:|1776315955\n|move|p2a: Sneasler|Protect|p2a: Sneasler\n|-singleturn|p2a: Sneasler|Protect\n|move|p1a: Whimsicott|Taunt|p2b: Venusaur\n|-start|p2b: Venusaur|move: Taunt\n|move|p1b: Arcanine|Flare Blitz|p2b: Venusaur\n|-supereffective|p2b: Venusaur|1\n|-enditem|p2b: Venusaur|Focus Sash\n|-damage|p2b: Venusaur|1/100\n|-status|p2b: Venusaur|brn\n|-damage|p1b: Arcanine|74/100|[from] Recoil\n|move|p2b: Venusaur|Earth Power|p1b: Arcanine\n|-supereffective|p1b: Arcanine|2\n|-damage|p1b: Arcanine|0 fnt\n|faint|p1b: Arcanine\n|\n|-damage|p2b: Venusaur|0 fnt|[from] brn\n|faint|p2b: Venusaur\n|upkeep\n|\n|t:|1776315978\n|switch|p1b: Palafin|Palafin-Hero, L50, F|100/100\n|switch|p2b: Charizard|Charizard, L50, M, shiny|100/100\n|-activate|p1b: Palafin|ability: Zero to Hero\n|turn|3\n|inactive|TonyMacaroni5678 has 30 seconds left.\n|\n|t:|1776316010\n|detailschange|p2b: Charizard|Charizard-Mega-Y, L50, M, shiny\n|-mega|p2b: Charizard|Charizard|Charizardite Y\n|-weather|SunnyDay|[from] ability: Drought|[of] p2b: Charizard\n|move|p2b: Charizard|Protect|p2b: Charizard\n|-singleturn|p2b: Charizard|Protect\n|move|p1a: Whimsicott|Encore|p2a: Sneasler\n|-start|p2a: Sneasler|Encore\n|move|p2a: Sneasler|Protect||[still]\n|-fail|p2a: Sneasler\n|move|p1b: Palafin|Wave Crash|p2b: Charizard\n|-activate|p2b: Charizard|move: Protect\n|\n|-weather|SunnyDay|[upkeep]\n|upkeep\n|turn|4\n|\n|t:|1776316028\n|switch|p2a: Basculegion|Basculegion, L50, M, shiny|100/100\n|move|p1a: Whimsicott|Encore|p2b: Charizard\n|-start|p2b: Charizard|Encore\n|move|p2b: Charizard|Protect||[still]\n|-fail|p2b: Charizard\n|move|p1b: Palafin|Wave Crash|p2b: Charizard\n|-supereffective|p2b: Charizard|1\n|-damage|p2b: Charizard|2/100\n|-damage|p1b: Palafin|72/100|[from] Recoil\n|\n|-weather|SunnyDay|[upkeep]\n|-sideend|p1: TonyMacaroni5678|move: Tailwind\n|upkeep\n|turn|5\n|inactive|Thiiara. has 30 seconds left.\n|\n|t:|1776316056\n|switch|p2b: Sneasler|Sneasler, L50, F|58/100\n|move|p2a: Basculegion|Aqua Jet|p1a: Whimsicott\n|-resisted|p1a: Whimsicott|1\n|-damage|p1a: Whimsicott|0 fnt\n|faint|p1a: Whimsicott\n|move|p1b: Palafin|Jet Punch|p2b: Sneasler\n|-damage|p2b: Sneasler|27/100\n|\n|-weather|SunnyDay|[upkeep]\n|upkeep\n|\n|t:|1776316065\n|switch|p1a: Glimmora|Glimmora, L50, M|100/100\n|turn|6\n|\n|t:|1776316078\n|detailschange|p1a: Glimmora|Glimmora-Mega, L50, M\n|-mega|p1a: Glimmora|Glimmora|Glimmoranite\n|move|p1a: Glimmora|Spiky Shield|p1a: Glimmora\n|-singleturn|p1a: Glimmora|move: Protect\n|move|p1b: Palafin|Protect|p1b: Palafin\n|-singleturn|p1b: Palafin|Protect\n|move|p2a: Basculegion|Aqua Jet|p1a: Glimmora\n|-activate|p1a: Glimmora|move: Protect\n|-damage|p2a: Basculegion|88/100|[from] Spiky Shield|[of] p1a: Glimmora\n|move|p2b: Sneasler|Close Combat|p1a: Glimmora\n|-activate|p1a: Glimmora|move: Protect\n|-damage|p2b: Sneasler|15/100|[from] Spiky Shield|[of] p1a: Glimmora\n|\n|-weather|SunnyDay|[upkeep]\n|upkeep\n|turn|7\n|inactive|TonyMacaroni5678 has 30 seconds left.\n|\n|t:|1776316106\n|move|p2a: Basculegion|Aqua Jet|p1a: Glimmora\n|-supereffective|p1a: Glimmora|1\n|-crit|p1a: Glimmora\n|-damage|p1a: Glimmora|58/100\n|move|p1b: Palafin|Jet Punch|p2b: Sneasler\n|-damage|p2b: Sneasler|0 fnt\n|faint|p2b: Sneasler\n|move|p1a: Glimmora|Power Gem|p2a: Basculegion\n|-damage|p2a: Basculegion|20/100\n|\n|-weather|none\n|upkeep\n|\n|t:|1776316114\n|switch|p2b: Charizard|Charizard-Mega-Y, L50, M, shiny|2/100\n|-weather|SunnyDay|[from] ability: Drought|[of] p2b: Charizard\n|turn|8\n|\n|t:|1776316123\n|move|p2a: Basculegion|Aqua Jet|p1a: Glimmora\n|-supereffective|p1a: Glimmora|1\n|-damage|p1a: Glimmora|30/100\n|move|p1b: Palafin|Jet Punch|p2b: Charizard\n|-supereffective|p2b: Charizard|1\n|-damage|p2b: Charizard|0 fnt\n|faint|p2b: Charizard\n|move|p1a: Glimmora|Power Gem|p2a: Basculegion\n|-damage|p2a: Basculegion|0 fnt\n|faint|p2a: Basculegion\n|\n|win|TonyMacaroni5678\n|raw|TonyMacaroni5678's rating: 1114 &rarr; <strong>1139</strong><br />(+25 for winning)\n|raw|Thiiara.'s rating: 1116 &rarr; <strong>1091</strong><br />(-25 for losing)\n|l|\u2606Thiiara.\n|player|p2|\n",
  "uploadtime": 1776316134,
  "views": 38,
  "formatid": "gen9championsvgc2026regma",
  "rating": 1091,
  "private": 0,
  "password": null
}