{
  "id": "gen9championsvgc2026regma-2585373641",
  "format": "[Gen 9 Champions] VGC 2026 Reg M-A",
  "players": [
    "Destr0321",
    "RobertoCarlos99"
  ],
  "log": "|j|\u2606Destr0321\n|j|\u2606RobertoCarlos99\n|t:|1776342376\n|gametype|doubles\n|player|p1|Destr0321|170|1095\n|player|p2|RobertoCarlos99|ltsurge|1108\n|gen|9\n|tier|[Gen 9 Champions] VGC 2026 Reg M-A\n|rated|\n|rule|Species Clause: Limit one of each Pok\u00e9mon\n|rule|Item Clause: Limit 1 of each item\n|clearpoke\n|poke|p1|Floette-Eternal, L50, F|\n|poke|p1|Garchomp, L50, F|\n|poke|p1|Sinistcha, L50|\n|poke|p1|Incineroar, L50, F|\n|poke|p1|Rotom-Wash, L50|\n|poke|p1|Talonflame, L50, F|\n|poke|p2|Pelipper, L50, M|\n|poke|p2|Basculegion, L50, M|\n|poke|p2|Blastoise, L50, F|\n|poke|p2|Snorlax, L50, F|\n|poke|p2|Aerodactyl, L50, F|\n|poke|p2|Sinistcha, L50|\n|teampreview|4\n|inactive|Battle timer is ON: inactive players will automatically lose when time's up. (requested by Destr0321)\n|\n|t:|1776342428\n|teamsize|p1|4\n|teamsize|p2|4\n|start\n|switch|p1a: Garchomp|Garchomp, L50, F|100/100\n|switch|p1b: Talonflame|Talonflame, L50, F|100/100\n|switch|p2a: Aerodactyl|Aerodactyl, L50, F|100/100\n|switch|p2b: Basculegion|Basculegion, L50, M|100/100\n|-ability|p2a: Aerodactyl|Unnerve\n|turn|1\n|\n|t:|1776342444\n|move|p1b: Talonflame|Tailwind|p1b: Talonflame\n|-sidestart|p1: Destr0321|move: Tailwind\n|move|p1a: Garchomp|Rock Slide|p2b: Basculegion|[spread] p2a,p2b\n|-supereffective|p2a: Aerodactyl|1\n|-damage|p2a: Aerodactyl|27/100\n|-damage|p2b: Basculegion|75/100\n|cant|p2b: Basculegion|flinch\n|move|p2a: Aerodactyl|Tailwind|p2a: Aerodactyl\n|-sidestart|p2: RobertoCarlos99|move: Tailwind\n|\n|upkeep\n|turn|2\n|\n|t:|1776342460\n|switch|p1b: Sinistcha|Sinistcha, L50|100/100\n|move|p2b: Basculegion|Wave Crash|p1a: Garchomp\n|-damage|p1a: Garchomp|29/100\n|-damage|p2b: Basculegion|63/100|[from] ability: Rough Skin|[of] p1a: Garchomp\n|-damage|p2b: Basculegion|41/100|[from] Recoil\n|move|p2a: Aerodactyl|Rock Slide|p1a: Garchomp|[spread] p1a,p1b\n|-resisted|p1a: Garchomp|1\n|-damage|p1a: Garchomp|17/100\n|-damage|p1b: Sinistcha|84/100\n|cant|p1a: Garchomp|flinch\n|\n|upkeep\n|turn|3\n|\n|t:|1776342479\n|move|p1a: Garchomp|Protect|p1a: Garchomp\n|-singleturn|p1a: Garchomp|Protect\n|move|p2b: Basculegion|Wave Crash|p1a: Garchomp\n|-activate|p1a: Garchomp|move: Protect\n|move|p2a: Aerodactyl|Dual Wingbeat|p1b: Sinistcha\n|-supereffective|p1b: Sinistcha|1\n|-damage|p1b: Sinistcha|57/100\n|-supereffective|p1b: Sinistcha|1\n|-damage|p1b: Sinistcha|33/100\n|-hitcount|p1b: Sinistcha|2\n|move|p1b: Sinistcha|Life Dew|p1b: Sinistcha|[spread] p1a,p1b\n|-heal|p1a: Garchomp|42/100\n|-heal|p1b: Sinistcha|58/100\n|\n|upkeep\n|turn|4\n|\n|t:|1776342493\n|move|p1b: Sinistcha|Rage Powder|p1b: Sinistcha\n|-singleturn|p1b: Sinistcha|move: Rage Powder\n|move|p2b: Basculegion|Wave Crash|p1b: Sinistcha\n|-resisted|p1b: Sinistcha|1\n|-damage|p1b: Sinistcha|32/100\n|-damage|p2b: Basculegion|33/100|[from] Recoil\n|move|p2a: Aerodactyl|Dual Wingbeat|p1b: Sinistcha\n|-supereffective|p1b: Sinistcha|1\n|-damage|p1b: Sinistcha|8/100\n|-supereffective|p1b: Sinistcha|1\n|-crit|p1b: Sinistcha\n|-damage|p1b: Sinistcha|0 fnt\n|faint|p1b: Sinistcha\n|-hitcount|p1: Sinistcha|2\n|move|p1a: Garchomp|Rock Slide|p2b: Basculegion|[spread] p2a,p2b\n|-supereffective|p2a: Aerodactyl|1\n|-damage|p2a: Aerodactyl|0 fnt\n|-damage|p2b: Basculegion|7/100\n|faint|p2a: Aerodactyl\n|\n|-sideend|p2: RobertoCarlos99|move: Tailwind\n|-sideend|p1: Destr0321|move: Tailwind\n|upkeep\n|\n|t:|1776342513\n|switch|p2a: Sinistcha|Sinistcha, L50|100/100\n|switch|p1b: Floette|Floette-Eternal, L50, F|100/100\n|-heal|p2b: Basculegion|31/100|[from] ability: Hospitality|[of] p2a: Sinistcha\n|turn|5\n|\n|t:|1776342528\n|detailschange|p1b: Floette|Floette-Mega, L50, F\n|-mega|p1b: Floette|Floette|Floettite\n|-ability|p1b: Floette|Fairy Aura\n|move|p2b: Basculegion|Wave Crash|p1a: Garchomp\n|-damage|p1a: Garchomp|0 fnt\n|-damage|p2b: Basculegion|19/100|[from] ability: Rough Skin|[of] p1a: Garchomp\n|faint|p1a: Garchomp\n|-damage|p2b: Basculegion|7/100|[from] Recoil\n|move|p1b: Floette|Dazzling Gleam|p2b: Basculegion|[spread] p2a,p2b\n|-damage|p2a: Sinistcha|41/100\n|-damage|p2b: Basculegion|0 fnt\n|faint|p2b: Basculegion\n|move|p2a: Sinistcha|Trick Room|p2a: Sinistcha\n|-fieldstart|move: Trick Room|[of] p2a: Sinistcha\n|\n|upkeep\n|\n|t:|1776342541\n|switch|p2b: Blastoise|Blastoise, L50, F|100/100\n|switch|p1a: Talonflame|Talonflame, L50, F|100/100\n|turn|6\n|inactive|Destr0321 has 30 seconds left.\n|\n|t:|1776342574\n|detailschange|p2b: Blastoise|Blastoise-Mega, L50, F\n|-mega|p2b: Blastoise|Blastoise|Blastoisinite\n|move|p1b: Floette|Protect|p1b: Floette\n|-singleturn|p1b: Floette|Protect\n|move|p1a: Talonflame|Brave Bird|p2a: Sinistcha\n|-supereffective|p2a: Sinistcha|1\n|-damage|p2a: Sinistcha|0 fnt\n|faint|p2a: Sinistcha\n|-damage|p1a: Talonflame|86/100|[from] Recoil\n|move|p2b: Blastoise|Water Spout|p1b: Floette|[spread] p1a\n|-activate|p1b: Floette|move: Protect\n|-supereffective|p1a: Talonflame|1\n|-damage|p1a: Talonflame|0 fnt\n|faint|p1a: Talonflame\n|\n|upkeep\n|turn|7\n|\n|t:|1776342589\n|move|p2b: Blastoise|Water Spout|p1b: Floette\n|-damage|p1b: Floette|25/100\n|move|p1b: Floette|Moonblast|p2b: Blastoise\n|-damage|p2b: Blastoise|38/100\n|\n|upkeep\n|turn|8\n|\n|t:|1776342597\n|move|p1b: Floette|Protect|p1b: Floette\n|-singleturn|p1b: Floette|Protect\n|move|p2b: Blastoise|Water Spout|p1b: Floette\n|-activate|p1b: Floette|move: Protect\n|\n|upkeep\n|turn|9\n|\n|t:|1776342600\n|move|p1b: Floette|Protect|p1b: Floette\n|-singleturn|p1b: Floette|Protect\n|move|p2b: Blastoise|Water Spout|p1b: Floette\n|-activate|p1b: Floette|move: Protect\n|\n|-fieldend|move: Trick Room\n|upkeep\n|turn|10\n|\n|t:|1776342603\n|move|p1b: Floette|Moonblast|p2b: Blastoise\n|-damage|p2b: Blastoise|0 fnt\n|faint|p2b: Blastoise\n|\n|win|Destr0321\n|raw|Destr0321's rating: 1095 &rarr; <strong>1122</strong><br />(+27 for winning)\n|raw|RobertoCarlos99's rating: 1108 &rarr; <strong>1082</strong><br />(-26 for losing)\n|l|\u2606RobertoCarlos99\n|player|p2|\n",
  "uploadtime": 1776342611,
  "views": 21,
  "formatid": "gen9championsvgc2026regma",
  "rating": 1082,
  "private": 0,
  "password": null
}