{
  "id": "gen9championsvgc2026regma-2585729334",
  "format": "[Gen 9 Champions] VGC 2026 Reg M-A",
  "players": [
    "drake78976",
    "lcyy"
  ],
  "log": "|j|\u2606drake78976\n|j|\u2606lcyy\n|t:|1776366566\n|gametype|doubles\n|player|p1|drake78976|li|1154\n|player|p2|lcyy|266|1050\n|gen|9\n|tier|[Gen 9 Champions] VGC 2026 Reg M-A\n|rated|\n|rule|Species Clause: Limit one of each Pok\u00e9mon\n|rule|Item Clause: Limit 1 of each item\n|clearpoke\n|poke|p1|Aggron, L50, M|\n|poke|p1|Primarina, L50, F|\n|poke|p1|Hydreigon, L50, M|\n|poke|p1|Sinistcha, L50|\n|poke|p1|Glimmora, L50, M|\n|poke|p1|Farigiraf, L50, F|\n|poke|p2|Meganium, L50, F|\n|poke|p2|Archaludon, L50, M|\n|poke|p2|Aerodactyl, L50, F|\n|poke|p2|Typhlosion-Hisui, L50, M|\n|poke|p2|Tauros-Paldea-Aqua, L50, M|\n|poke|p2|Kangaskhan, L50, F|\n|teampreview|4\n|inactive|Battle timer is ON: inactive players will automatically lose when time's up. (requested by lcyy)\n|\n|t:|1776366595\n|teamsize|p1|4\n|teamsize|p2|4\n|start\n|switch|p1a: Hydreigon|Hydreigon, L50, M|100/100\n|switch|p1b: Farigiraf|Farigiraf, L50, F|100/100\n|switch|p2a: Meganium|Meganium, L50, F|100/100\n|switch|p2b: Aerodactyl|Aerodactyl, L50, F|100/100\n|-ability|p2b: Aerodactyl|Unnerve\n|turn|1\n|inactive|drake78976 has 30 seconds left.\n|inactive|lcyy has 30 seconds left.\n|\n|t:|1776366628\n|detailschange|p2a: Meganium|Meganium-Mega, L50, F\n|-mega|p2a: Meganium|Meganium|Meganiumite\n|move|p1a: Hydreigon|Dark Pulse|p2b: Aerodactyl\n|-damage|p2b: Aerodactyl|41/100\n|move|p2b: Aerodactyl|Tailwind|p2b: Aerodactyl\n|-sidestart|p2: lcyy|move: Tailwind\n|move|p2a: Meganium|Dazzling Gleam|p1a: Hydreigon|[spread] p1a,p1b\n|-supereffective|p1a: Hydreigon|2\n|-damage|p1a: Hydreigon|0 fnt\n|-damage|p1b: Farigiraf|74/100\n|faint|p1a: Hydreigon\n|move|p1b: Farigiraf|Trick Room|p1b: Farigiraf\n|-fieldstart|move: Trick Room|[of] p1b: Farigiraf\n|\n|upkeep\n|\n|t:|1776366640\n|switch|p1a: Glimmora|Glimmora, L50, M, shiny|100/100\n|turn|2\n|inactive|lcyy has 30 seconds left.\n|inactive|lcyy has 20 seconds left.\n|inactive|lcyy has 15 seconds left.\n|\n|t:|1776366685\n|move|p2a: Meganium|Protect|p2a: Meganium\n|-singleturn|p2a: Meganium|Protect\n|move|p1b: Farigiraf|Light Screen|p1b: Farigiraf\n|-sidestart|p1: drake78976|move: Light Screen\n|move|p1a: Glimmora|Sludge Wave|p2b: Aerodactyl|[spread] p1b,p2b\n|-activate|p2a: Meganium|move: Protect\n|-resisted|p2b: Aerodactyl|1\n|-damage|p1b: Farigiraf|55/100\n|-damage|p2b: Aerodactyl|10/100\n|-status|p2b: Aerodactyl|psn\n|move|p2b: Aerodactyl|Rock Slide|p1b: Farigiraf|[spread] p1a,p1b\n|-damage|p1a: Glimmora|70/100\n|-damage|p1b: Farigiraf|31/100\n|-activate|p1a: Glimmora|ability: Toxic Debris\n|-sidestart|p2: lcyy|move: Toxic Spikes\n|\n|-damage|p2b: Aerodactyl|0 fnt|[from] psn\n|faint|p2b: Aerodactyl\n|upkeep\n|-enditem|p1b: Farigiraf|Sitrus Berry|[eat]\n|-heal|p1b: Farigiraf|56/100|[from] item: Sitrus Berry\n|\n|t:|1776366705\n|switch|p2b: Tauros|Tauros-Paldea-Aqua, L50, M|100/100\n|-status|p2b: Tauros|psn\n|-ability|p2b: Tauros|Intimidate|boost\n|-unboost|p1a: Glimmora|atk|1\n|-unboost|p1b: Farigiraf|atk|1\n|turn|3\n|\n|t:|1776366720\n|switch|p2a: Typhlosion|Typhlosion-Hisui, L50, M|100/100\n|-status|p2a: Typhlosion|psn\n|-item|p1a: Glimmora|Focus Sash|[from] ability: Frisk|[of] p2a: Typhlosion\n|move|p2b: Tauros|Aqua Jet||[still]\n|cant|p1b: Farigiraf|ability: Armor Tail|Aqua Jet|[of] p2b: Tauros\n|move|p1b: Farigiraf|Psychic|p2b: Tauros\n|-supereffective|p2b: Tauros|1\n|-damage|p2b: Tauros|0 fnt\n|faint|p2b: Tauros\n|move|p1a: Glimmora|Sludge Wave|p2a: Typhlosion|[spread] p1b,p2a\n|-resisted|p2a: Typhlosion|1\n|-damage|p1b: Farigiraf|35/100\n|-damage|p2a: Typhlosion|74/100 psn\n|\n|-damage|p2a: Typhlosion|62/100 psn|[from] psn\n|upkeep\n|\n|t:|1776366729\n|switch|p2b: Meganium|Meganium-Mega, L50, F|100/100\n|-status|p2b: Meganium|psn\n|turn|4\n|\n|t:|1776366749\n|move|p2b: Meganium|Protect|p2b: Meganium\n|-singleturn|p2b: Meganium|Protect\n|move|p1b: Farigiraf|Psychic|p2a: Typhlosion\n|-damage|p2a: Typhlosion|16/100 psn\n|move|p1a: Glimmora|Power Gem|p2a: Typhlosion\n|-supereffective|p2a: Typhlosion|1\n|-damage|p2a: Typhlosion|0 fnt\n|faint|p2a: Typhlosion\n|\n|-damage|p2b: Meganium|88/100 psn|[from] psn\n|-sideend|p2: lcyy|move: Tailwind\n|upkeep\n|turn|5\n|c|\u2606lcyy|gg\n|\n|t:|1776366769\n|move|p1a: Glimmora|Spiky Shield|p1a: Glimmora\n|-singleturn|p1a: Glimmora|move: Protect\n|move|p1b: Farigiraf|Psychic|p2b: Meganium\n|-damage|p2b: Meganium|60/100 psn\n|move|p2b: Meganium|Solar Beam||[still]\n|-prepare|p2b: Meganium|Solar Beam\n|-activate|p2b: Meganium|ability: Mega Sol\n|-anim|p2b: Meganium|Solar Beam|p1a: Glimmora\n|-activate|p1a: Glimmora|move: Protect\n|\n|-damage|p2b: Meganium|48/100 psn|[from] psn\n|-fieldend|move: Trick Room\n|upkeep\n|turn|6\n|\n|t:|1776366786\n|move|p1a: Glimmora|Sludge Bomb|p2b: Meganium\n|-supereffective|p2b: Meganium|2\n|-crit|p2b: Meganium\n|-damage|p2b: Meganium|0 fnt\n|faint|p2b: Meganium\n|\n|win|drake78976\n|raw|drake78976's rating: 1154 &rarr; <strong>1172</strong><br />(+18 for winning)\n|raw|lcyy's rating: 1050 &rarr; <strong>1038</strong><br />(-12 for losing)\n|l|\u2606lcyy\n|player|p2|\n",
  "uploadtime": 1776366792,
  "views": 27,
  "formatid": "gen9championsvgc2026regma",
  "rating": 1038,
  "private": 0,
  "password": null
}