{
  "id": "gen9championsvgc2026regma-2585582440",
  "format": "[Gen 9 Champions] VGC 2026 Reg M-A",
  "players": [
    "4bied",
    "js0523"
  ],
  "log": "|j|\u26064bied\n|j|\u2606js0523\n|t:|1776356959\n|gametype|doubles\n|player|p1|4bied|giovanni|1225\n|player|p2|js0523|steven|1184\n|gen|9\n|tier|[Gen 9 Champions] VGC 2026 Reg M-A\n|rated|\n|rule|Species Clause: Limit one of each Pok\u00e9mon\n|rule|Item Clause: Limit 1 of each item\n|clearpoke\n|poke|p1|Gengar, L50, M|\n|poke|p1|Incineroar, L50, M|\n|poke|p1|Kingambit, L50, M|\n|poke|p1|Sinistcha, L50|\n|poke|p1|Kommo-o, L50, F|\n|poke|p1|Tyranitar, L50, M|\n|poke|p2|Gallade, L50, M|\n|poke|p2|Incineroar, L50, F|\n|poke|p2|Pelipper, L50, M|\n|poke|p2|Archaludon, L50, F|\n|poke|p2|Basculegion-F, L50, F|\n|poke|p2|Raichu, L50, M|\n|teampreview|4\n|inactive|Battle timer is ON: inactive players will automatically lose when time's up. (requested by 4bied)\n|\n|t:|1776356987\n|teamsize|p1|4\n|teamsize|p2|4\n|start\n|switch|p1a: Gengar|Gengar, L50, M|100/100\n|switch|p1b: Incineroar|Incineroar, L50, M|100/100\n|switch|p2a: Gallade|Gallade, L50, M|100/100\n|switch|p2b: Pelipper|Pelipper, L50, M|100/100\n|-weather|RainDance|[from] ability: Drizzle|[of] p2b: Pelipper\n|-ability|p1b: Incineroar|Intimidate|boost\n|-unboost|p2a: Gallade|atk|1\n|-unboost|p2b: Pelipper|atk|1\n|turn|1\n|\n|t:|1776357007\n|detailschange|p1a: Gengar|Gengar-Mega, L50, M\n|-mega|p1a: Gengar|Gengar|Gengarite\n|detailschange|p2a: Gallade|Gallade-Mega, L50, M\n|-mega|p2a: Gallade|Gallade|Galladite\n|move|p1b: Incineroar|Fake Out|p2a: Gallade\n|-damage|p2a: Gallade|88/100\n|move|p1a: Gengar|Perish Song|p1a: Gengar\n|-start|p1a: Gengar|perish3|[silent]\n|-start|p1b: Incineroar|perish3|[silent]\n|-start|p2a: Gallade|perish3|[silent]\n|-start|p2b: Pelipper|perish3|[silent]\n|-fieldactivate|move: Perish Song\n|move|p2b: Pelipper|Muddy Water|p1a: Gengar|[spread] p1a,p1b\n|-supereffective|p1b: Incineroar|1\n|-damage|p1a: Gengar|52/100\n|-damage|p1b: Incineroar|37/100\n|-unboost|p1b: Incineroar|accuracy|1\n|move|p2a: Gallade|Trick Room|p2a: Gallade\n|-fieldstart|move: Trick Room|[of] p2a: Gallade\n|\n|-weather|RainDance|[upkeep]\n|-start|p1b: Incineroar|perish3\n|-start|p2b: Pelipper|perish3\n|-start|p2a: Gallade|perish3\n|-start|p1a: Gengar|perish3\n|upkeep\n|turn|2\n|inactive|4bied has 30 seconds left.\n|\n|t:|1776357037\n|switch|p1b: Sinistcha|Sinistcha, L50|100/100\n|-heal|p1a: Gengar|77/100|[from] ability: Hospitality|[of] p1b: Sinistcha\n|move|p1a: Gengar|Protect|p1a: Gengar\n|-singleturn|p1a: Gengar|Protect\n|move|p2b: Pelipper|Muddy Water|p1a: Gengar|[spread] p1b\n|-activate|p1a: Gengar|move: Protect\n|-resisted|p1b: Sinistcha|1\n|-damage|p1b: Sinistcha|78/100\n|move|p2a: Gallade|Zen Headbutt|p1b: Sinistcha|[miss]\n|-miss|p2a: Gallade|p1b: Sinistcha\n|\n|-weather|RainDance|[upkeep]\n|-start|p2b: Pelipper|perish2\n|-start|p2a: Gallade|perish2\n|-start|p1a: Gengar|perish2\n|upkeep\n|turn|3\n|inactive|4bied has 30 seconds left.\n|inactive|js0523 has 30 seconds left.\n|inactive|4bied has 20 seconds left.\n|inactive|4bied has 15 seconds left.\n|inactive|4bied has 10 seconds left.\n|\n|t:|1776357087\n|switch|p1a: Incineroar|Incineroar, L50, M|37/100\n|-ability|p1a: Incineroar|Intimidate|boost\n|-fail|p2a: Gallade|unboost|Attack|[from] ability: Inner Focus|[of] p2a: Gallade\n|-unboost|p2b: Pelipper|atk|1\n|move|p1b: Sinistcha|Protect|p1b: Sinistcha\n|-singleturn|p1b: Sinistcha|Protect\n|move|p2b: Pelipper|Muddy Water|p1b: Sinistcha|[spread] p1a\n|-activate|p1b: Sinistcha|move: Protect\n|-supereffective|p1a: Incineroar|1\n|-damage|p1a: Incineroar|0 fnt\n|faint|p1a: Incineroar\n|move|p2a: Gallade|Zen Headbutt|p1b: Sinistcha\n|-activate|p1b: Sinistcha|move: Protect\n|\n|-weather|RainDance|[upkeep]\n|-start|p2b: Pelipper|perish1\n|-start|p2a: Gallade|perish1\n|upkeep\n|\n|t:|1776357107\n|switch|p1a: Gengar|Gengar-Mega, L50, M|77/100\n|turn|4\n|\n|t:|1776357117\n|move|p1a: Gengar|Protect|p1a: Gengar\n|-singleturn|p1a: Gengar|Protect\n|move|p2b: Pelipper|Muddy Water|p1b: Sinistcha|[spread] p1b\n|-activate|p1a: Gengar|move: Protect\n|-resisted|p1b: Sinistcha|1\n|-damage|p1b: Sinistcha|56/100\n|-unboost|p1b: Sinistcha|accuracy|1\n|move|p1b: Sinistcha|Life Dew|p1b: Sinistcha|[spread] p1a,p1b\n|-heal|p1a: Gengar|100/100\n|-heal|p1b: Sinistcha|81/100\n|move|p2a: Gallade|Triple Axel|p1b: Sinistcha\n|-supereffective|p1b: Sinistcha|1\n|-damage|p1b: Sinistcha|70/100\n|-supereffective|p1b: Sinistcha|1\n|-damage|p1b: Sinistcha|49/100\n|-enditem|p1b: Sinistcha|Sitrus Berry|[eat]\n|-heal|p1b: Sinistcha|73/100|[from] item: Sitrus Berry\n|-supereffective|p1b: Sinistcha|1\n|-damage|p1b: Sinistcha|39/100\n|-hitcount|p1b: Sinistcha|3\n|\n|-weather|RainDance|[upkeep]\n|-start|p2b: Pelipper|perish0\n|-start|p2a: Gallade|perish0\n|faint|p2b: Pelipper\n|faint|p2a: Gallade\n|upkeep\n|\n|t:|1776357137\n|switch|p2b: Basculegion|Basculegion-F, L50, F|100/100\n|switch|p2a: Archaludon|Archaludon, L50, F|100/100\n|turn|5\n|\n|t:|1776357153\n|move|p1b: Sinistcha|Rage Powder|p1b: Sinistcha\n|-singleturn|p1b: Sinistcha|move: Rage Powder\n|move|p2b: Basculegion|Surf|p1a: Gengar|[spread] p2a,p1a,p1b\n|-resisted|p2a: Archaludon|1\n|-resisted|p1b: Sinistcha|1\n|-damage|p2a: Archaludon|38/100\n|-damage|p1a: Gengar|9/100\n|-damage|p1b: Sinistcha|7/100\n|-ability|p2a: Archaludon|Stamina|boost\n|-boost|p2a: Archaludon|def|1\n|move|p2a: Archaludon|Electro Shot||[still]\n|-prepare|p2a: Archaludon|Electro Shot\n|-boost|p2a: Archaludon|spa|1\n|-anim|p2a: Archaludon|Electro Shot|p1b: Sinistcha\n|-resisted|p1b: Sinistcha|1\n|-damage|p1b: Sinistcha|0 fnt\n|faint|p1b: Sinistcha\n|move|p1a: Gengar|Perish Song|p1a: Gengar\n|-start|p1a: Gengar|perish3|[silent]\n|-start|p2a: Archaludon|perish3|[silent]\n|-start|p2b: Basculegion|perish3|[silent]\n|-fieldactivate|move: Perish Song\n|\n|-weather|none\n|-heal|p2a: Archaludon|44/100|[from] item: Leftovers\n|-start|p2b: Basculegion|perish3\n|-start|p2a: Archaludon|perish3\n|-start|p1a: Gengar|perish3\n|-fieldend|move: Trick Room\n|upkeep\n|\n|t:|1776357175\n|switch|p1b: Kommo-o|Kommo-o, L50, F|100/100\n|turn|6\n|\n|t:|1776357194\n|move|p2a: Archaludon|Protect|p2a: Archaludon\n|-singleturn|p2a: Archaludon|Protect\n|move|p1a: Gengar|Shadow Ball|p2b: Basculegion\n|-supereffective|p2b: Basculegion|1\n|-damage|p2b: Basculegion|10/100\n|move|p1b: Kommo-o|Aura Sphere|p2a: Archaludon\n|-activate|p2a: Archaludon|move: Protect\n|move|p2b: Basculegion|Surf|p1a: Gengar|[spread] p1a,p1b\n|-activate|p2a: Archaludon|move: Protect\n|-resisted|p1b: Kommo-o|1\n|-damage|p1a: Gengar|0 fnt\n|-damage|p1b: Kommo-o|74/100\n|faint|p1a: Gengar\n|\n|-heal|p1b: Kommo-o|80/100|[from] item: Leftovers\n|-heal|p2a: Archaludon|50/100|[from] item: Leftovers\n|-start|p2a: Archaludon|perish2\n|-start|p2b: Basculegion|perish2\n|upkeep\n|turn|7\n|\n|t:|1776357216\n|move|p1b: Kommo-o|Protect|p1b: Kommo-o\n|-singleturn|p1b: Kommo-o|Protect\n|move|p2a: Archaludon|Dragon Pulse|p1b: Kommo-o\n|-activate|p1b: Kommo-o|move: Protect\n|move|p2b: Basculegion|Ice Beam|p1b: Kommo-o\n|-activate|p1b: Kommo-o|move: Protect\n|\n|-heal|p1b: Kommo-o|86/100|[from] item: Leftovers\n|-heal|p2a: Archaludon|56/100|[from] item: Leftovers\n|-start|p2a: Archaludon|perish1\n|-start|p2b: Basculegion|perish1\n|upkeep\n|turn|8\n|\n|t:|1776357234\n|move|p1b: Kommo-o|Clanging Scales|p2a: Archaludon|[spread] p2a,p2b\n|-damage|p2a: Archaludon|0 fnt\n|-damage|p2b: Basculegion|0 fnt\n|faint|p2a: Archaludon\n|faint|p2b: Basculegion\n|\n|win|4bied\n|raw|4bied's rating: 1225 &rarr; <strong>1247</strong><br />(+22 for winning)\n|raw|js0523's rating: 1184 &rarr; <strong>1162</strong><br />(-22 for losing)\n|l|\u2606js0523\n|player|p2|\n",
  "uploadtime": 1776357242,
  "views": 16,
  "formatid": "gen9championsvgc2026regma",
  "rating": 1162,
  "private": 0,
  "password": null
}