{
  "id": "gen9championsvgc2026regma-2582242046",
  "format": "[Gen 9 Champions] VGC 2026 Reg M-A",
  "players": [
    "formicX",
    "blackashura"
  ],
  "log": "|j|\u2606formicX\n|j|\u2606blackashura\n|t:|1776075242\n|gametype|doubles\n|player|p1|formicX|169|1132\n|player|p2|blackashura|169|1036\n|gen|9\n|tier|[Gen 9 Champions] VGC 2026 Reg M-A\n|rated|\n|rule|Species Clause: Limit one of each Pok\u00e9mon\n|rule|Item Clause: Limit 1 of each item\n|clearpoke\n|poke|p1|Farigiraf, L50, F|\n|poke|p1|Sinistcha, L50|\n|poke|p1|Crabominable, L50, M|\n|poke|p1|Slowking-Galar, L50, F|\n|poke|p1|Camerupt, L50, M|\n|poke|p1|Incineroar, L50, M|\n|poke|p2|Tyranitar, L50, M|\n|poke|p2|Rotom-Wash, L50|\n|poke|p2|Garchomp, L50, M|\n|poke|p2|Sneasler, L50, F|\n|poke|p2|Skarmory, L50, F|\n|poke|p2|Volcarona, L50, M|\n|teampreview|4\n|inactive|Battle timer is ON: inactive players will automatically lose when time's up. (requested by formicX)\nformicX has agreed to open team sheets.\n|inactive|blackashura has 60 seconds left.\n|\n|t:|1776075321\n|teamsize|p1|4\n|teamsize|p2|4\n|start\n|switch|p1a: Slowking|Slowking-Galar, L50, F|100/100\n|switch|p1b: Incineroar|Incineroar, L50, M|100/100\n|switch|p2a: Tyranitar|Tyranitar, L50, M|100/100\n|switch|p2b: Sneasler|Sneasler, L50, F|100/100\n|-ability|p2b: Sneasler|Pressure\n|-weather|Sandstorm|[from] ability: Sand Stream|[of] p2a: Tyranitar\n|-ability|p1b: Incineroar|Intimidate|boost\n|-unboost|p2a: Tyranitar|atk|1\n|-unboost|p2b: Sneasler|atk|1\n|-clearboost|p1b: Incineroar|[from] ability: Curious Medicine|[of] p1a: Slowking\n|-enditem|p2b: Sneasler|White Herb\n|-clearnegativeboost|p2b: Sneasler|[silent]\n|turn|1\n|inactive|formicX has 30 seconds left.\n|inactive|blackashura has 30 seconds left.\n|inactive|formicX has 20 seconds left.\n|inactive|blackashura has 20 seconds left.\n|inactive|formicX has 15 seconds left.\n|inactive|formicX has 10 seconds left.\n|\n|t:|1776075368\n|move|p2b: Sneasler|Fake Out|p1b: Incineroar\n|-crit|p1b: Incineroar\n|-damage|p1b: Incineroar|79/100\n|cant|p1b: Incineroar|flinch\n|move|p2a: Tyranitar|Crunch|p1a: Slowking\n|-supereffective|p1a: Slowking|1\n|-damage|p1a: Slowking|50/100\n|-prepare|p1a: Slowking|Chilly Reception|[premajor]\n|move|p1a: Slowking|Chilly Reception|p1a: Slowking\n|-weather|Snowscape\n|\n|t:|1776075378\n|switch|p1a: Farigiraf|Farigiraf, L50, F|100/100|[from] Chilly Reception\n|\n|-weather|Snowscape|[upkeep]\n|upkeep\n|turn|2\n|\n|t:|1776075395\n|move|p2b: Sneasler|Close Combat|p1a: Farigiraf\n|-damage|p1a: Farigiraf|31/100\n|-unboost|p2b: Sneasler|def|1\n|-unboost|p2b: Sneasler|spd|1\n|move|p2a: Tyranitar|Rock Slide|p1a: Farigiraf|[spread] p1a,p1b\n|-supereffective|p1b: Incineroar|1\n|-damage|p1a: Farigiraf|10/100\n|-damage|p1b: Incineroar|41/100\n|-enditem|p1b: Incineroar|Sitrus Berry|[eat]\n|-heal|p1b: Incineroar|65/100|[from] item: Sitrus Berry\n|cant|p1b: Incineroar|flinch\n|move|p1a: Farigiraf|Trick Room|p1a: Farigiraf\n|-fieldstart|move: Trick Room|[of] p1a: Farigiraf\n|\n|-weather|Snowscape|[upkeep]\n|-heal|p1a: Farigiraf|16/100|[from] item: Leftovers\n|upkeep\n|turn|3\n|\n|t:|1776075413\n|switch|p2b: Rotom|Rotom-Wash, L50|100/100\n|move|p2a: Tyranitar|Protect|p2a: Tyranitar\n|-singleturn|p2a: Tyranitar|Protect\n|move|p1b: Incineroar|Flare Blitz|p2b: Rotom\n|-resisted|p2b: Rotom|1\n|-damage|p2b: Rotom|59/100\n|-damage|p1b: Incineroar|57/100|[from] Recoil\n|move|p1a: Farigiraf|Hyper Voice|p2a: Tyranitar|[spread] p2b\n|-activate|p2a: Tyranitar|move: Protect\n|-damage|p2b: Rotom|25/100\n|\n|-weather|Snowscape|[upkeep]\n|-heal|p1a: Farigiraf|22/100|[from] item: Leftovers\n|upkeep\n|turn|4\n|inactive|blackashura has 30 seconds left.\n|\n|t:|1776075441\n|move|p1a: Farigiraf|Hyper Voice|p2b: Rotom|[spread] p2a,p2b\n|-resisted|p2a: Tyranitar|1\n|-damage|p2a: Tyranitar|89/100\n|-damage|p2b: Rotom|0 fnt\n|faint|p2b: Rotom\n|move|p1b: Incineroar|Parting Shot|p2a: Tyranitar\n|-unboost|p2a: Tyranitar|atk|1\n|-unboost|p2a: Tyranitar|spa|1\n|\n|t:|1776075452\n|switch|p1b: Crabominable|Crabominable, L50, M|100/100|[from] Parting Shot\n|move|p2a: Tyranitar|Rock Slide|p1b: Crabominable|[spread] p1a,p1b\n|-damage|p1a: Farigiraf|5/100\n|-damage|p1b: Crabominable|89/100\n|\n|-weather|Snowscape|[upkeep]\n|-heal|p1a: Farigiraf|11/100|[from] item: Leftovers\n|upkeep\n|inactive|blackashura has 30 seconds left.\n|\n|t:|1776075478\n|switch|p2b: Skarmory|Skarmory, L50, F, shiny|100/100\n|turn|5\n|inactive|formicX has 30 seconds left.\n|\n|t:|1776075508\n|detailschange|p1b: Crabominable|Crabominable-Mega, L50, M\n|-mega|p1b: Crabominable|Crabominable|Crabominite\n|move|p2b: Skarmory|Protect|p2b: Skarmory\n|-singleturn|p2b: Skarmory|Protect\n|move|p1b: Crabominable|Thunder Punch|p2b: Skarmory\n|-activate|p2b: Skarmory|move: Protect\n|move|p1a: Farigiraf|Hyper Voice|p2a: Tyranitar|[spread] p2a\n|-activate|p2b: Skarmory|move: Protect\n|-resisted|p2a: Tyranitar|1\n|-damage|p2a: Tyranitar|78/100\n|move|p2a: Tyranitar|Crunch|p1a: Farigiraf\n|-supereffective|p1a: Farigiraf|1\n|-damage|p1a: Farigiraf|0 fnt\n|faint|p1a: Farigiraf\n|\n|-weather|none\n|upkeep\n|\n|t:|1776075513\n|switch|p1a: Incineroar|Incineroar, L50, M|57/100\n|-ability|p1a: Incineroar|Intimidate|boost\n|-unboost|p2a: Tyranitar|atk|1\n|-unboost|p2b: Skarmory|atk|1\n|turn|6\n|inactive|blackashura has 30 seconds left.\n|\n|t:|1776075539\n|switch|p2b: Sneasler|Sneasler, L50, F|100/100\n|-ability|p2b: Sneasler|Pressure\n|move|p2a: Tyranitar|Protect|p2a: Tyranitar\n|-singleturn|p2a: Tyranitar|Protect\n|move|p1a: Incineroar|Fake Out|p2b: Sneasler\n|-damage|p2b: Sneasler|78/100\n|move|p1b: Crabominable|Ice Hammer|p2b: Sneasler\n|-damage|p2b: Sneasler|0 fnt\n|-unboost|p1b: Crabominable|spe|1\n|faint|p2b: Sneasler\n|\n|-fieldend|move: Trick Room\n|upkeep\n|\n|t:|1776075553\n|switch|p2b: Skarmory|Skarmory, L50, F, shiny|100/100\n|turn|7\n|\n|t:|1776075572\n|switch|p1a: Slowking|Slowking-Galar, L50, F|50/100\n|-clearboost|p1b: Crabominable|[from] ability: Curious Medicine|[of] p1a: Slowking\n|detailschange|p2b: Skarmory|Skarmory-Mega, L50, F, shiny\n|-mega|p2b: Skarmory|Skarmory|Skarmorite\n|move|p1b: Crabominable|Protect|p1b: Crabominable\n|-singleturn|p1b: Crabominable|Protect\n|move|p2b: Skarmory|Rock Slide|p1b: Crabominable|[spread] \n|-activate|p1b: Crabominable|move: Protect\n|-miss|p2b: Skarmory|p1a: Slowking\n|move|p2a: Tyranitar|Rock Slide|p1a: Slowking|[spread] p1a\n|-activate|p1b: Crabominable|move: Protect\n|-damage|p1a: Slowking|40/100\n|\n|upkeep\n|turn|8\n|inactive|blackashura has 30 seconds left.\n|\n|t:|1776075604\n|move|p2b: Skarmory|Rock Slide|p1a: Slowking|[spread] p1a,p1b\n|-damage|p1a: Slowking|22/100\n|-damage|p1b: Crabominable|72/100\n|move|p2a: Tyranitar|Crunch|p1a: Slowking\n|-supereffective|p1a: Slowking|1\n|-damage|p1a: Slowking|0 fnt\n|faint|p1a: Slowking\n|cant|p1b: Crabominable|flinch\n|\n|upkeep\n|\n|t:|1776075612\n|switch|p1a: Incineroar|Incineroar, L50, M|57/100\n|-ability|p1a: Incineroar|Intimidate|boost\n|-unboost|p2a: Tyranitar|atk|1\n|-unboost|p2b: Skarmory|atk|1\n|turn|9\n|\n|t:|1776075627\n|move|p2b: Skarmory|Protect|p2b: Skarmory\n|-singleturn|p2b: Skarmory|Protect\n|move|p1a: Incineroar|Fake Out|p2a: Tyranitar\n|-resisted|p2a: Tyranitar|1\n|-damage|p2a: Tyranitar|72/100\n|cant|p2a: Tyranitar|flinch\n|move|p1b: Crabominable|Thunder Punch|p2b: Skarmory\n|-activate|p2b: Skarmory|move: Protect\n|\n|upkeep\n|turn|10\n|\n|t:|1776075639\n|move|p2b: Skarmory|Rock Slide|p1a: Incineroar|[spread] p1a,p1b\n|-supereffective|p1a: Incineroar|1\n|-damage|p1a: Incineroar|31/100\n|-damage|p1b: Crabominable|62/100\n|move|p2a: Tyranitar|Rock Slide|p1b: Crabominable|[spread] p1a,p1b\n|-supereffective|p1a: Incineroar|1\n|-damage|p1a: Incineroar|10/100\n|-damage|p1b: Crabominable|55/100\n|move|p1a: Incineroar|Flare Blitz|p2b: Skarmory\n|-supereffective|p2b: Skarmory|1\n|-damage|p2b: Skarmory|0 fnt\n|faint|p2b: Skarmory\n|-damage|p1a: Incineroar|0 fnt|[from] Recoil\n|faint|p1a: Incineroar\n|cant|p1b: Crabominable|flinch\n|\n|upkeep\n|turn|11\n|\n|t:|1776075663\n|move|p2a: Tyranitar|Rock Slide|p1b: Crabominable\n|-damage|p1b: Crabominable|44/100\n|move|p1b: Crabominable|Close Combat|p2a: Tyranitar\n|-supereffective|p2a: Tyranitar|2\n|-enditem|p2a: Tyranitar|Chople Berry|[eat]\n|-enditem|p2a: Tyranitar|Chople Berry|[weaken]\n|-damage|p2a: Tyranitar|0 fnt\n|-unboost|p1b: Crabominable|def|1\n|-unboost|p1b: Crabominable|spd|1\n|faint|p2a: Tyranitar\n|\n|win|formicX\n",
  "uploadtime": 1776075245,
  "views": 10,
  "formatid": "gen9championsvgc2026regma",
  "rating": null,
  "private": 0,
  "password": null
}