{
  "id": "gen9championsvgc2026regma-2581436883",
  "format": "[Gen 9 Champions] VGC 2026 Reg M-A",
  "players": [
    "Bradzinho",
    "Quaza15"
  ],
  "log": "|j|\u2606Bradzinho\n|j|\u2606Quaza15\n|t:|1776000287\n|gametype|doubles\n|player|p1|Bradzinho|youngster-gen4dp|1189\n|player|p2|Quaza15|ruinmaniac|1233\n|gen|9\n|tier|[Gen 9 Champions] VGC 2026 Reg M-A\n|rated|\n|rule|Species Clause: Limit one of each Pok\u00e9mon\n|rule|Item Clause: Limit 1 of each item\n|clearpoke\n|poke|p1|Charizard, L50, M|\n|poke|p1|Venusaur, L50, F|\n|poke|p1|Milotic, L50, F|\n|poke|p1|Gardevoir, L50, F|\n|poke|p1|Incineroar, L50, F|\n|poke|p1|Garchomp, L50, M|\n|poke|p2|Incineroar, L50, M|\n|poke|p2|Floette-Eternal, L50, F|\n|poke|p2|Sableye, L50, F|\n|poke|p2|Farigiraf, L50, F|\n|poke|p2|Sneasler, L50, F|\n|poke|p2|Garchomp, L50, F|\n|teampreview|4\n|\n|t:|1776000327\n|teamsize|p1|4\n|teamsize|p2|4\n|start\n|switch|p1a: Incineroar|Incineroar, L50, F|100/100\n|switch|p1b: Milotic|Milotic, L50, F|100/100\n|switch|p2a: Floette|Floette-Eternal, L50, F|100/100\n|switch|p2b: Sableye|Sableye, L50, F|100/100\n|-ability|p1a: Incineroar|Intimidate|boost\n|-unboost|p2a: Floette|atk|1\n|-unboost|p2b: Sableye|atk|1\n|turn|1\n|\n|t:|1776000364\n|switch|p2b: Farigiraf|Farigiraf, L50, F|100/100\n|detailschange|p2a: Floette|Floette-Mega, L50, F\n|-mega|p2a: Floette|Floette|Floettite\n|-ability|p2a: Floette|Fairy Aura\n|move|p2a: Floette|Calm Mind|p2a: Floette\n|-boost|p2a: Floette|spa|1\n|-boost|p2a: Floette|spd|1\n|move|p1b: Milotic|Icy Wind|p2a: Floette|[spread] p2a,p2b\n|-damage|p2a: Floette|95/100\n|-damage|p2b: Farigiraf|90/100\n|-unboost|p2a: Floette|spe|1\n|-unboost|p2b: Farigiraf|spe|1\n|move|p1a: Incineroar|Parting Shot|p2a: Floette\n|-unboost|p2a: Floette|atk|1\n|-unboost|p2a: Floette|spa|1\n|\n|t:|1776000385\n|switch|p1a: Charizard|Charizard, L50, M|100/100|[from] Parting Shot\n|\n|upkeep\n|turn|2\n|\n|t:|1776000423\n|detailschange|p1a: Charizard|Charizard-Mega-Y, L50, M\n|-mega|p1a: Charizard|Charizard|Charizardite Y\n|-weather|SunnyDay|[from] ability: Drought|[of] p1a: Charizard\n|move|p1a: Charizard|Heat Wave|p2a: Floette|[spread] p2a,p2b\n|-damage|p2a: Floette|63/100\n|-damage|p2b: Farigiraf|28/100\n|-enditem|p2b: Farigiraf|Sitrus Berry|[eat]\n|-heal|p2b: Farigiraf|53/100|[from] item: Sitrus Berry\n|move|p2a: Floette|Calm Mind|p2a: Floette\n|-boost|p2a: Floette|spa|1\n|-boost|p2a: Floette|spd|1\n|move|p1b: Milotic|Scald|p2b: Farigiraf\n|-damage|p2b: Farigiraf|38/100\n|-status|p2b: Farigiraf|brn\n|move|p2b: Farigiraf|Trick Room|p2b: Farigiraf\n|-fieldstart|move: Trick Room|[of] p2b: Farigiraf\n|\n|-weather|SunnyDay|[upkeep]\n|-damage|p2b: Farigiraf|32/100 brn|[from] brn\n|upkeep\n|turn|3\n|inactive|Battle timer is ON: inactive players will automatically lose when time's up. (requested by Quaza15)\n|inactive|Bradzinho has 60 seconds left.\n|\n|t:|1776000471\n|move|p1b: Milotic|Protect|p1b: Milotic\n|-singleturn|p1b: Milotic|Protect\n|move|p1a: Charizard|Protect|p1a: Charizard\n|-singleturn|p1a: Charizard|Protect\n|move|p2b: Farigiraf|Hyper Voice|p1b: Milotic|[spread] \n|-activate|p1a: Charizard|move: Protect\n|-activate|p1b: Milotic|move: Protect\n|move|p2a: Floette|Dazzling Gleam|p1b: Milotic|[spread] \n|-activate|p1a: Charizard|move: Protect\n|-activate|p1b: Milotic|move: Protect\n|\n|-weather|SunnyDay|[upkeep]\n|-damage|p2b: Farigiraf|26/100 brn|[from] brn\n|upkeep\n|turn|4\n|inactive|Bradzinho has 30 seconds left.\n|inactive|Bradzinho has 20 seconds left.\n|inactive|Bradzinho has 15 seconds left.\n|inactive|Bradzinho has 10 seconds left.\n|\n|t:|1776000516\n|move|p2b: Farigiraf|Hyper Voice|p1b: Milotic|[spread] p1a,p1b\n|-damage|p1a: Charizard|69/100\n|-damage|p1b: Milotic|83/100\n|move|p1b: Milotic|Scald|p2a: Floette\n|-damage|p2a: Floette|57/100\n|move|p2a: Floette|Dazzling Gleam|p1b: Milotic|[spread] p1a,p1b\n|-resisted|p1a: Charizard|1\n|-damage|p1a: Charizard|36/100\n|-damage|p1b: Milotic|42/100\n|move|p1a: Charizard|Heat Wave|p2b: Farigiraf|[spread] p2a,p2b\n|-damage|p2a: Floette|34/100\n|-damage|p2b: Farigiraf|0 fnt\n|faint|p2b: Farigiraf\n|\n|-weather|SunnyDay|[upkeep]\n|-heal|p1b: Milotic|48/100|[from] item: Leftovers\n|upkeep\n|\n|t:|1776000526\n|switch|p2b: Garchomp|Garchomp, L50, F|100/100\n|turn|5\n|inactive|Bradzinho has 30 seconds left.\n|\n|t:|1776000557\n|switch|p1a: Incineroar|Incineroar, L50, F|100/100\n|-ability|p1a: Incineroar|Intimidate|boost\n|-unboost|p2a: Floette|atk|1\n|-unboost|p2b: Garchomp|atk|1\n|move|p1b: Milotic|Recover|p1b: Milotic\n|-heal|p1b: Milotic|98/100\n|move|p2a: Floette|Calm Mind|p2a: Floette\n|-boost|p2a: Floette|spa|1\n|-boost|p2a: Floette|spd|1\n|move|p2b: Garchomp|Rock Slide|p1a: Incineroar|[spread] \n|-miss|p2b: Garchomp|p1a: Incineroar\n|-miss|p2b: Garchomp|p1b: Milotic\n|\n|-weather|SunnyDay|[upkeep]\n|-heal|p1b: Milotic|100/100|[from] item: Leftovers\n|upkeep\n|turn|6\n|inactive|Bradzinho has 30 seconds left.\n|inactive|Bradzinho has 20 seconds left.\n|\n|t:|1776000594\n|switch|p2b: Sableye|Sableye, L50, F|100/100\n|move|p2a: Floette|Protect|p2a: Floette\n|-singleturn|p2a: Floette|Protect\n|move|p1a: Incineroar|Parting Shot|p2a: Floette\n|-activate|p2a: Floette|move: Protect\n|move|p1b: Milotic|Icy Wind|p2b: Sableye|[spread] p2b\n|-activate|p2a: Floette|move: Protect\n|-damage|p2b: Sableye|88/100\n|-unboost|p2b: Sableye|spe|1\n|\n|-weather|none\n|-fieldend|move: Trick Room\n|upkeep\n|turn|7\n|inactive|Bradzinho has 30 seconds left.\n|inactive|Bradzinho has 20 seconds left.\n|\n|t:|1776000632\n|move|p1b: Milotic|Protect|p1b: Milotic\n|-singleturn|p1b: Milotic|Protect\n|move|p2b: Sableye|Fake Out|p1a: Incineroar\n|-damage|p1a: Incineroar|94/100\n|move|p2a: Floette|Moonblast|p1a: Incineroar\n|-damage|p1a: Incineroar|0 fnt\n|faint|p1a: Incineroar\n|\n|upkeep\n|\n|t:|1776000645\n|switch|p1a: Charizard|Charizard-Mega-Y, L50, M|36/100\n|-weather|SunnyDay|[from] ability: Drought|[of] p1a: Charizard\n|turn|8\n|\n|t:|1776000668\n|move|p2b: Sableye|Encore|p1b: Milotic\n|-start|p1b: Milotic|Encore\n|move|p1b: Milotic|Protect|p1b: Milotic\n|-singleturn|p1b: Milotic|Protect\n|move|p1a: Charizard|Heat Wave|p2a: Floette|[spread] p2a,p2b\n|-damage|p2a: Floette|16/100\n|-damage|p2b: Sableye|1/100\n|-status|p2b: Sableye|brn\n|move|p2a: Floette|Dazzling Gleam|p1b: Milotic|[spread] p1a\n|-activate|p1b: Milotic|move: Protect\n|-resisted|p1a: Charizard|1\n|-damage|p1a: Charizard|0 fnt\n|faint|p1a: Charizard\n|\n|-weather|SunnyDay|[upkeep]\n|-damage|p2b: Sableye|0 fnt|[from] brn\n|faint|p2b: Sableye\n|upkeep\n|\n|t:|1776000683\n|switch|p1a: Gardevoir|Gardevoir, L50, F|100/100\n|switch|p2b: Garchomp|Garchomp, L50, F|100/100\n|-ability|p1a: Gardevoir|Rough Skin|Trace|[from] ability: Trace|[of] p2b: Garchomp\n|turn|9\n|inactive|Bradzinho has 30 seconds left.\n|\n|t:|1776000712\n|move|p1b: Milotic|Protect||[still]\n|-fail|p1b: Milotic\n|move|p1a: Gardevoir|Dazzling Gleam|p2a: Floette|[spread] p2a,p2b\n|-supereffective|p2b: Garchomp|1\n|-damage|p2a: Floette|3/100\n|-damage|p2b: Garchomp|20/100\n|move|p2b: Garchomp|Stomping Tantrum|p1a: Gardevoir\n|-damage|p1a: Gardevoir|19/100\n|-damage|p2b: Garchomp|8/100|[from] ability: Rough Skin|[of] p1a: Gardevoir\n|move|p2a: Floette|Dazzling Gleam|p1b: Milotic|[spread] p1a,p1b\n|-damage|p1a: Gardevoir|0 fnt\n|-damage|p1b: Milotic|51/100\n|faint|p1a: Gardevoir\n|\n|-weather|SunnyDay|[upkeep]\n|-heal|p1b: Milotic|57/100|[from] item: Leftovers\n|upkeep\n|turn|10\n|\n|t:|1776000728\n|move|p1b: Milotic|Protect|p1b: Milotic\n|-singleturn|p1b: Milotic|Protect\n|move|p2b: Garchomp|Stomping Tantrum|p1b: Milotic\n|-activate|p1b: Milotic|move: Protect\n|move|p2a: Floette|Moonblast|p1b: Milotic\n|-activate|p1b: Milotic|move: Protect\n|\n|-weather|SunnyDay|[upkeep]\n|-heal|p1b: Milotic|63/100|[from] item: Leftovers\n|-end|p1b: Milotic|Encore\n|upkeep\n|turn|11\n|inactive|Bradzinho has 30 seconds left.\n|\n|t:|1776000757\n|move|p2b: Garchomp|Stomping Tantrum|p1b: Milotic\n|-damage|p1b: Milotic|24/100\n|move|p2a: Floette|Moonblast|p1b: Milotic\n|-damage|p1b: Milotic|0 fnt\n|faint|p1b: Milotic\n|\n|win|Quaza15\n|raw|Bradzinho's rating: 1189 &rarr; <strong>1167</strong><br />(-22 for losing)\n|raw|Quaza15's rating: 1233 &rarr; <strong>1255</strong><br />(+22 for winning)\n",
  "uploadtime": 1776000757,
  "views": 35,
  "formatid": "gen9championsvgc2026regma",
  "rating": 1167,
  "private": 0,
  "password": null
}