{
  "id": "gen9championsvgc2026regma-2588403139",
  "format": "[Gen 9 Champions] VGC 2026 Reg M-A",
  "players": [
    "Spottedwoot",
    "Slayer2239"
  ],
  "log": "|j|\u2606Spottedwoot\n|j|\u2606Slayer2239\n|t:|1776630574\n|gametype|doubles\n|player|p1|Spottedwoot|170|1485\n|player|p2|Slayer2239|2|1466\n|gen|9\n|tier|[Gen 9 Champions] VGC 2026 Reg M-A\n|rated|\n|rule|Species Clause: Limit one of each Pok\u00e9mon\n|rule|Item Clause: Limit 1 of each item\n|clearpoke\n|poke|p1|Sneasler, L50, F|\n|poke|p1|Kingambit, L50, M|\n|poke|p1|Aerodactyl, L50, F|\n|poke|p1|Rotom-Wash, L50|\n|poke|p1|Floette-Eternal, L50, F|\n|poke|p1|Sinistcha, L50|\n|poke|p2|Golurk, L50|\n|poke|p2|Torkoal, L50, M|\n|poke|p2|Farigiraf, L50, F|\n|poke|p2|Sneasler, L50, M|\n|poke|p2|Basculegion, L50, M|\n|poke|p2|Milotic, L50, F|\n|teampreview|4\n|inactive|Battle timer is ON: inactive players will automatically lose when time's up. (requested by Slayer2239)\n|\n|t:|1776630602\n|teamsize|p1|4\n|teamsize|p2|4\n|start\n|switch|p1a: Floette|Floette-Eternal, L50, F|100/100\n|switch|p1b: Rotom|Rotom-Wash, L50|100/100\n|switch|p2a: Sneasler|Sneasler, L50, M|100/100\n|switch|p2b: Farigiraf|Farigiraf, L50, F|100/100\n|turn|1\n|\n|t:|1776630607\n|move|p1a: Floette|Protect|p1a: Floette\n|-singleturn|p1a: Floette|Protect\n|move|p2a: Sneasler|Dire Claw|p1a: Floette\n|-activate|p1a: Floette|move: Protect\n|move|p1b: Rotom|Will-O-Wisp|p2a: Sneasler\n|-status|p2a: Sneasler|brn\n|move|p2b: Farigiraf|Trick Room|p2b: Farigiraf\n|-fieldstart|move: Trick Room|[of] p2b: Farigiraf\n|\n|-damage|p2a: Sneasler|95/100 brn|[from] brn\n|upkeep\n|turn|2\n|\n|t:|1776630618\n|detailschange|p1a: Floette|Floette-Mega, L50, F\n|-mega|p1a: Floette|Floette|Floettite\n|-ability|p1a: Floette|Fairy Aura\n|move|p2b: Farigiraf|Psychic|p1a: Floette\n|-damage|p1a: Floette|63/100\n|move|p1b: Rotom|Thunderbolt|p2a: Sneasler\n|-damage|p2a: Sneasler|43/100 brn\n|move|p1a: Floette|Dazzling Gleam|p2b: Farigiraf|[spread] p2a,p2b\n|-damage|p2a: Sneasler|0 fnt\n|-damage|p2b: Farigiraf|52/100\n|faint|p2a: Sneasler\n|\n|upkeep\n|\n|t:|1776630639\n|switch|p2a: Golurk|Golurk, L50|100/100\n|turn|3\n|\n|t:|1776630653\n|detailschange|p2a: Golurk|Golurk-Mega, L50\n|-mega|p2a: Golurk|Golurk|Golurkite\n|move|p2a: Golurk|Poltergeist|p1b: Rotom\n|-activate|p1b: Rotom|move: Poltergeist|Leftovers\n|-damage|p1b: Rotom|15/100\n|move|p2b: Farigiraf|Hyper Voice|p1b: Rotom|[spread] p1a,p1b\n|-damage|p1a: Floette|31/100\n|-damage|p1b: Rotom|0 fnt\n|faint|p1b: Rotom\n|move|p1a: Floette|Moonblast|p2a: Golurk\n|-damage|p2a: Golurk|39/100\n|\n|upkeep\n|\n|t:|1776630673\n|switch|p1b: Kingambit|Kingambit, L50, M|100/100\n|turn|4\n|\n|t:|1776630690\n|move|p1b: Kingambit|Protect|p1b: Kingambit\n|-singleturn|p1b: Kingambit|Protect\n|move|p2b: Farigiraf|Protect|p2b: Farigiraf\n|-singleturn|p2b: Farigiraf|Protect\n|move|p1a: Floette|Protect|p1a: Floette\n|-singleturn|p1a: Floette|Protect\n|move|p2a: Golurk|Earthquake|p1a: Floette|[spread] \n|-activate|p2b: Farigiraf|move: Protect\n|-activate|p1a: Floette|move: Protect\n|-activate|p1b: Kingambit|move: Protect\n|\n|upkeep\n|turn|5\n|\n|t:|1776630704\n|switch|p1a: Sneasler|Sneasler, L50, F|100/100\n|move|p2a: Golurk|Headlong Rush|p1b: Kingambit\n|-supereffective|p1b: Kingambit|1\n|-damage|p1b: Kingambit|0 fnt\n|-unboost|p2a: Golurk|def|1\n|-unboost|p2a: Golurk|spd|1\n|faint|p1b: Kingambit\n|move|p2b: Farigiraf|Psychic|p1a: Sneasler\n|-supereffective|p1a: Sneasler|2\n|-enditem|p1a: Sneasler|Focus Sash\n|-damage|p1a: Sneasler|1/100\n|\n|-fieldend|move: Trick Room\n|upkeep\n|\n|t:|1776630709\n|switch|p1b: Floette|Floette-Mega, L50, F|31/100\n|-ability|p1b: Floette|Fairy Aura\n|turn|6\n|\n|t:|1776630723\n|move|p2b: Farigiraf|Protect|p2b: Farigiraf\n|-singleturn|p2b: Farigiraf|Protect\n|move|p1a: Sneasler|Close Combat|p2b: Farigiraf\n|-activate|p2b: Farigiraf|move: Protect\n|move|p1b: Floette|Dazzling Gleam|p2b: Farigiraf|[spread] p2a\n|-activate|p2b: Farigiraf|move: Protect\n|-damage|p2a: Golurk|0 fnt\n|faint|p2a: Golurk\n|\n|upkeep\n|\n|t:|1776630731\n|switch|p2a: Torkoal|Torkoal, L50, M|100/100\n|-weather|SunnyDay|[from] ability: Drought|[of] p2a: Torkoal\n|turn|7\n|\n|t:|1776630767\n|move|p1a: Sneasler|Close Combat|p2a: Torkoal\n|-damage|p2a: Torkoal|48/100\n|-unboost|p1a: Sneasler|def|1\n|-unboost|p1a: Sneasler|spd|1\n|move|p1b: Floette|Moonblast|p2a: Torkoal\n|-resisted|p2a: Torkoal|1\n|-damage|p2a: Torkoal|2/100\n|move|p2b: Farigiraf|Hyper Voice|p1b: Floette|[spread] p1a,p1b\n|-damage|p1a: Sneasler|0 fnt\n|-damage|p1b: Floette|4/100\n|faint|p1a: Sneasler\n|move|p2a: Torkoal|Heat Wave|p1b: Floette\n|-damage|p1b: Floette|0 fnt\n|faint|p1b: Floette\n|\n|win|Slayer2239\n|raw|Spottedwoot's rating: 1485 &rarr; <strong>1464</strong><br />(-21 for losing)\n|raw|Slayer2239's rating: 1466 &rarr; <strong>1487</strong><br />(+21 for winning)\n|l|\u2606Spottedwoot\n|player|p1|\n|l|\u2606Slayer2239\n|player|p2|\n",
  "uploadtime": 1776630785,
  "views": 14,
  "formatid": "gen9championsvgc2026regma",
  "rating": 1464,
  "private": 0,
  "password": null
}