{
  "id": "gen9championsvgc2026regma-2582668451",
  "format": "[Gen 9 Champions] VGC 2026 Reg M-A",
  "players": [
    "gerard_r99",
    "tindall64"
  ],
  "log": "|j|\u2606gerard_r99\n|j|\u2606tindall64\n|t:|1776106102\n|gametype|doubles\n|player|p1|gerard_r99|266|1257\n|player|p2|tindall64|concordia|1323\n|gen|9\n|tier|[Gen 9 Champions] VGC 2026 Reg M-A\n|rated|\n|rule|Species Clause: Limit one of each Pok\u00e9mon\n|rule|Item Clause: Limit 1 of each item\n|clearpoke\n|poke|p1|Clefable, L50, F|\n|poke|p1|Sneasler, L50, F|\n|poke|p1|Delphox, L50, F|\n|poke|p1|Kingambit, L50, F|\n|poke|p1|Basculegion, L50, M|\n|poke|p1|Dragonite, L50, M|\n|poke|p2|Aerodactyl, L50, M|\n|poke|p2|Garchomp, L50, M|\n|poke|p2|Tyranitar, L50, F|\n|poke|p2|Heliolisk, L50, M|\n|poke|p2|Corviknight, L50, F|\n|poke|p2|Sinistcha-Masterpiece, L50|\n|teampreview|4\n|\n|t:|1776106133\n|teamsize|p1|4\n|teamsize|p2|4\n|start\n|switch|p1a: Basculegion|Basculegion, L50, M|100/100\n|switch|p1b: Delphox|Delphox, L50, F|100/100\n|switch|p2a: Aerodactyl|Aerodactyl, L50, M|100/100\n|switch|p2b: Tyranitar|Tyranitar, L50, F|100/100\n|-ability|p2a: Aerodactyl|Unnerve\n|-weather|Sandstorm|[from] ability: Sand Stream|[of] p2b: Tyranitar\n|turn|1\n|\n|t:|1776106162\n|detailschange|p1b: Delphox|Delphox-Mega, L50, F\n|-mega|p1b: Delphox|Delphox|Delphoxite\n|move|p2b: Tyranitar|Protect|p2b: Tyranitar\n|-singleturn|p2b: Tyranitar|Protect\n|move|p1a: Basculegion|Flip Turn|p2a: Aerodactyl\n|-supereffective|p2a: Aerodactyl|1\n|-enditem|p2a: Aerodactyl|Focus Sash\n|-damage|p2a: Aerodactyl|1/100\n|\n|t:|1776106168\n|switch|p1a: Clefable|Clefable, L50, F|100/100|[from] Flip Turn\n|move|p1b: Delphox|Heat Wave|p2b: Tyranitar|[spread] p2a\n|-activate|p2b: Tyranitar|move: Protect\n|-resisted|p2a: Aerodactyl|1\n|-damage|p2a: Aerodactyl|0 fnt\n|faint|p2a: Aerodactyl\n|\n|-weather|Sandstorm|[upkeep]\n|-damage|p1b: Delphox|95/100|[from] Sandstorm\n|-damage|p1a: Clefable|95/100|[from] Sandstorm\n|upkeep\n|\n|t:|1776106179\n|switch|p2a: Garchomp|Garchomp, L50, M|100/100\n|turn|2\n|\n|t:|1776106187\n|detailschange|p2b: Tyranitar|Tyranitar-Mega, L50, F\n|-mega|p2b: Tyranitar|Tyranitar|Tyranitarite\n|move|p1b: Delphox|Protect|p1b: Delphox\n|-singleturn|p1b: Delphox|Protect\n|move|p2a: Garchomp|Rock Slide|p1b: Delphox|[spread] p1a\n|-activate|p1b: Delphox|move: Protect\n|-damage|p1a: Clefable|79/100\n|move|p2b: Tyranitar|Rock Slide|p1a: Clefable|[spread] p1a\n|-activate|p1b: Delphox|move: Protect\n|-crit|p1a: Clefable\n|-damage|p1a: Clefable|33/100\n|-enditem|p1a: Clefable|Sitrus Berry|[eat]\n|-heal|p1a: Clefable|58/100|[from] item: Sitrus Berry\n|cant|p1a: Clefable|flinch\n|\n|-weather|Sandstorm|[upkeep]\n|-damage|p1b: Delphox|89/100|[from] Sandstorm\n|-damage|p1a: Clefable|52/100|[from] Sandstorm\n|upkeep\n|turn|3\n|\n|t:|1776106211\n|move|p1a: Clefable|Helping Hand|p1b: Delphox\n|-singleturn|p1b: Delphox|Helping Hand|[of] p1a: Clefable\n|move|p1b: Delphox|Psychic|p2a: Garchomp\n|-damage|p2a: Garchomp|9/100\n|move|p2a: Garchomp|Rock Slide|p1a: Clefable|[spread] p1a,p1b\n|-supereffective|p1b: Delphox|1\n|-damage|p1a: Clefable|37/100\n|-damage|p1b: Delphox|34/100\n|move|p2b: Tyranitar|Rock Slide|p1a: Clefable|[spread] p1a,p1b\n|-supereffective|p1b: Delphox|1\n|-damage|p1a: Clefable|7/100\n|-damage|p1b: Delphox|0 fnt\n|faint|p1b: Delphox\n|\n|-weather|Sandstorm|[upkeep]\n|-damage|p1a: Clefable|1/100|[from] Sandstorm\n|upkeep\n|\n|t:|1776106225\n|switch|p1b: Basculegion|Basculegion, L50, M|100/100\n|turn|4\n|\n|t:|1776106239\n|move|p2a: Garchomp|Protect|p2a: Garchomp\n|-singleturn|p2a: Garchomp|Protect\n|move|p1a: Clefable|Protect|p1a: Clefable\n|-singleturn|p1a: Clefable|Protect\n|move|p1b: Basculegion|Flip Turn|p2a: Garchomp\n|-activate|p2a: Garchomp|move: Protect\n|move|p2b: Tyranitar|Knock Off|p1b: Basculegion\n|-supereffective|p1b: Basculegion|1\n|-crit|p1b: Basculegion\n|-damage|p1b: Basculegion|0 fnt\n|-enditem|p1b: Basculegion|Choice Scarf|[from] move: Knock Off|[of] p2b: Tyranitar\n|faint|p1b: Basculegion\n|\n|-weather|Sandstorm|[upkeep]\n|-damage|p1a: Clefable|0 fnt|[from] Sandstorm\n|faint|p1a: Clefable\n|upkeep\n|\n|t:|1776106242\n|switch|p1b: Sneasler|Sneasler, L50, F|100/100\n|turn|5\n|\n|t:|1776106263\n|move|p1b: Sneasler|Fake Out|p2a: Garchomp|[miss]\n|-miss|p1b: Sneasler|p2a: Garchomp\n|move|p2a: Garchomp|Stomping Tantrum|p1b: Sneasler\n|-supereffective|p1b: Sneasler|1\n|-enditem|p1b: Sneasler|Focus Sash\n|-damage|p1b: Sneasler|1/100\n|move|p2b: Tyranitar|Knock Off|p1b: Sneasler\n|-resisted|p1b: Sneasler|1\n|-damage|p1b: Sneasler|0 fnt\n|faint|p1b: Sneasler\n|\n|win|tindall64\n|raw|gerard_r99's rating: 1257 &rarr; <strong>1237</strong><br />(-20 for losing)\n|raw|tindall64's rating: 1323 &rarr; <strong>1339</strong><br />(+16 for winning)\n|l|\u2606gerard_r99\n|player|p1|\n|c|\u2606tindall64|w garchomp\n",
  "uploadtime": 1776106277,
  "views": 22,
  "formatid": "gen9championsvgc2026regma",
  "rating": 1237,
  "private": 0,
  "password": null
}