{
  "id": "gen9championsvgc2026regma-2587560589",
  "format": "[Gen 9 Champions] VGC 2026 Reg M-A",
  "players": [
    "lordofthebagels89",
    "Eadov"
  ],
  "log": "|j|\u2606lordofthebagels89\n|j|\u2606Eadov\n|t:|1776542351\n|gametype|doubles\n|player|p1|lordofthebagels89|lucian|1244\n|player|p2|Eadov|red|1325\n|gen|9\n|tier|[Gen 9 Champions] VGC 2026 Reg M-A\n|rated|\n|rule|Species Clause: Limit one of each Pok\u00e9mon\n|rule|Item Clause: Limit 1 of each item\n|clearpoke\n|poke|p1|Gardevoir, L50, M|\n|poke|p1|Aggron, L50, F|\n|poke|p1|Incineroar, L50, M|\n|poke|p1|Sinistcha, L50|\n|poke|p1|Torkoal, L50, M|\n|poke|p1|Farigiraf, L50, M|\n|poke|p2|Charizard, L50, M|\n|poke|p2|Rotom-Wash, L50|\n|poke|p2|Whimsicott, L50, F|\n|poke|p2|Sneasler, L50, F|\n|poke|p2|Garchomp, L50, F|\n|poke|p2|Venusaur, L50, M|\n|teampreview|4\n|inactive|Battle timer is ON: inactive players will automatically lose when time's up. (requested by Eadov)\n|inactive|Eadov has 60 seconds left.\n|\n|t:|1776542395\n|teamsize|p1|4\n|teamsize|p2|4\n|start\n|switch|p1a: Farigiraf|Farigiraf, L50, M|100/100\n|switch|p1b: Incineroar|Incineroar, L50, M|100/100\n|switch|p2a: Garchomp|Garchomp, L50, F|100/100\n|switch|p2b: Charizard|Charizard, L50, M|100/100\n|-ability|p1b: Incineroar|Intimidate|boost\n|-unboost|p2a: Garchomp|atk|1\n|-unboost|p2b: Charizard|atk|1\n|turn|1\n|\n|t:|1776542405\n|detailschange|p2b: Charizard|Charizard-Mega-Y, L50, M\n|-mega|p2b: Charizard|Charizard|Charizardite Y\n|-weather|SunnyDay|[from] ability: Drought|[of] p2b: Charizard\n|move|p1b: Incineroar|Fake Out|p2b: Charizard\n|-damage|p2b: Charizard|87/100\n|move|p2a: Garchomp|Earthquake|p1b: Incineroar|[spread] p1a,p1b\n|-immune|p2b: Charizard\n|-supereffective|p1b: Incineroar|1\n|-damage|p1a: Farigiraf|77/100\n|-damage|p1b: Incineroar|53/100\n|cant|p2b: Charizard|flinch\n|move|p1a: Farigiraf|Trick Room|p1a: Farigiraf\n|-fieldstart|move: Trick Room|[of] p1a: Farigiraf\n|\n|-weather|SunnyDay|[upkeep]\n|-heal|p1b: Incineroar|59/100|[from] item: Leftovers\n|upkeep\n|turn|2\n|\n|t:|1776542424\n|move|p1a: Farigiraf|Protect|p1a: Farigiraf\n|-singleturn|p1a: Farigiraf|Protect\n|move|p2b: Charizard|Protect|p2b: Charizard\n|-singleturn|p2b: Charizard|Protect\n|move|p1b: Incineroar|Parting Shot|p2a: Garchomp\n|-unboost|p2a: Garchomp|atk|1\n|-unboost|p2a: Garchomp|spa|1\n|\n|t:|1776542433\n|switch|p1b: Gardevoir|Gardevoir, L50, M|100/100|[from] Parting Shot\n|-ability|p1b: Gardevoir|Drought|Trace|[from] ability: Trace|[of] p2b: Charizard\n|move|p2a: Garchomp|Earthquake|p1a: Farigiraf|[spread] p1b\n|-activate|p2b: Charizard|move: Protect\n|-activate|p1a: Farigiraf|move: Protect\n|-damage|p1b: Gardevoir|70/100\n|\n|-weather|SunnyDay|[upkeep]\n|upkeep\n|turn|3\n|\n|t:|1776542450\n|switch|p1a: Incineroar|Incineroar, L50, M|59/100\n|-ability|p1a: Incineroar|Intimidate|boost\n|-unboost|p2a: Garchomp|atk|1\n|-unboost|p2b: Charizard|atk|1\n|switch|p2a: Sneasler|Sneasler, L50, F|100/100\n|detailschange|p1b: Gardevoir|Gardevoir-Mega, L50, M\n|-mega|p1b: Gardevoir|Gardevoir|Gardevoirite\n|move|p1b: Gardevoir|Psyshock|p2b: Charizard\n|-damage|p2b: Charizard|24/100\n|move|p2b: Charizard|Heat Wave|p1b: Gardevoir|[spread] p1a,p1b\n|-resisted|p1a: Incineroar|1\n|-damage|p1a: Incineroar|29/100\n|-damage|p1b: Gardevoir|9/100\n|\n|-weather|SunnyDay|[upkeep]\n|-heal|p1a: Incineroar|35/100|[from] item: Leftovers\n|upkeep\n|turn|4\n|\n|t:|1776542470\n|move|p2b: Charizard|Protect|p2b: Charizard\n|-singleturn|p2b: Charizard|Protect\n|move|p2a: Sneasler|Protect|p2a: Sneasler\n|-singleturn|p2a: Sneasler|Protect\n|move|p1a: Incineroar|Fake Out|p2a: Sneasler\n|-activate|p2a: Sneasler|move: Protect\n|move|p1b: Gardevoir|Psyshock|p2b: Charizard\n|-activate|p2b: Charizard|move: Protect\n|\n|-weather|SunnyDay|[upkeep]\n|-heal|p1a: Incineroar|40/100|[from] item: Leftovers\n|upkeep\n|turn|5\n|inactive|Eadov has 30 seconds left.\n|\n|t:|1776542500\n|switch|p2b: Garchomp|Garchomp, L50, F|100/100\n|move|p1a: Incineroar|Throat Chop|p2b: Garchomp\n|-damage|p2b: Garchomp|67/100\n|-start|p2b: Garchomp|Throat Chop|[silent]\n|-damage|p1a: Incineroar|28/100|[from] ability: Rough Skin|[of] p2b: Garchomp\n|move|p1b: Gardevoir|Psyshock|p2a: Sneasler\n|-supereffective|p2a: Sneasler|2\n|-damage|p2a: Sneasler|0 fnt\n|faint|p2a: Sneasler\n|\n|-weather|none\n|-heal|p1a: Incineroar|34/100|[from] item: Leftovers\n|-fieldend|move: Trick Room\n|upkeep\n|\n|t:|1776542509\n|switch|p2a: Charizard|Charizard-Mega-Y, L50, M|24/100\n|-weather|SunnyDay|[from] ability: Drought|[of] p2a: Charizard\n|turn|6\n|inactive|lordofthebagels89 has 30 seconds left.\n|\n|t:|1776542544\n|switch|p1b: Farigiraf|Farigiraf, L50, M|77/100\n|switch|p1a: Torkoal|Torkoal, L50, M|100/100\n|move|p2a: Charizard|Protect|p2a: Charizard\n|-singleturn|p2a: Charizard|Protect\n|move|p2b: Garchomp|Earthquake|p1b: Farigiraf|[spread] p1a,p1b\n|-activate|p2a: Charizard|move: Protect\n|-supereffective|p1a: Torkoal|1\n|-damage|p1a: Torkoal|35/100\n|-damage|p1b: Farigiraf|41/100\n|\n|-weather|SunnyDay|[upkeep]\n|-end|p2b: Garchomp|Throat Chop|[silent]\n|upkeep\n|turn|7\n|\n|t:|1776542558\n|move|p2b: Garchomp|Earthquake|p1a: Torkoal|[spread] p1a,p1b\n|-immune|p2a: Charizard\n|-supereffective|p1a: Torkoal|1\n|-damage|p1a: Torkoal|0 fnt\n|-damage|p1b: Farigiraf|0 fnt\n|faint|p1a: Torkoal\n|faint|p1b: Farigiraf\n|move|p2a: Charizard|Heat Wave|p1: Torkoal|[notarget]\n|-fail|p2a: Charizard\n|\n|-weather|SunnyDay|[upkeep]\n|upkeep\n|\n|t:|1776542562\n|switch|p1b: Incineroar|Incineroar, L50, M|34/100\n|switch|p1a: Gardevoir|Gardevoir-Mega, L50, M|9/100\n|-ability|p1b: Incineroar|Intimidate|boost\n|-unboost|p2a: Charizard|atk|1\n|-unboost|p2b: Garchomp|atk|1\n|turn|8\n|\n|t:|1776542579\n|move|p2b: Garchomp|Protect|p2b: Garchomp\n|-singleturn|p2b: Garchomp|Protect\n|move|p2a: Charizard|Protect|p2a: Charizard\n|-singleturn|p2a: Charizard|Protect\n|move|p1b: Incineroar|Fake Out|p2b: Garchomp\n|-activate|p2b: Garchomp|move: Protect\n|move|p1a: Gardevoir|Hyper Voice|p2b: Garchomp|[spread] \n|-activate|p2a: Charizard|move: Protect\n|-activate|p2b: Garchomp|move: Protect\n|\n|-weather|SunnyDay|[upkeep]\n|-heal|p1b: Incineroar|40/100|[from] item: Leftovers\n|upkeep\n|turn|9\n|\n|t:|1776542593\n|move|p1a: Gardevoir|Protect|p1a: Gardevoir\n|-singleturn|p1a: Gardevoir|Protect\n|move|p2b: Garchomp|Earthquake|p1a: Gardevoir|[spread] p1b\n|-activate|p1a: Gardevoir|move: Protect\n|-immune|p2a: Charizard\n|-supereffective|p1b: Incineroar|1\n|-damage|p1b: Incineroar|0 fnt\n|faint|p1b: Incineroar\n|move|p2a: Charizard|Heat Wave|p1a: Gardevoir\n|-activate|p1a: Gardevoir|move: Protect\n|\n|-weather|SunnyDay|[upkeep]\n|upkeep\n|turn|10\n|\n|t:|1776542601\n|move|p2b: Garchomp|Earthquake|p1a: Gardevoir|[spread] p1a\n|-immune|p2a: Charizard\n|-damage|p1a: Gardevoir|0 fnt\n|faint|p1a: Gardevoir\n|\n|win|Eadov\n|raw|lordofthebagels89's rating: 1244 &rarr; <strong>1225</strong><br />(-19 for losing)\n|raw|Eadov's rating: 1325 &rarr; <strong>1340</strong><br />(+15 for winning)\n",
  "uploadtime": 1776542605,
  "views": 20,
  "formatid": "gen9championsvgc2026regma",
  "rating": 1225,
  "private": 0,
  "password": null
}