{
  "id": "gen9championsvgc2026regma-2582686322",
  "format": "[Gen 9 Champions] VGC 2026 Reg M-A",
  "players": [
    "porygon-epilepz",
    "Rockoso"
  ],
  "log": "|j|\u2606porygon-epilepz\n|j|\u2606Rockoso\n|html|<table width=\"100%\"><tr><td align=\"left\">porygon-epilepz</td><td align=\"right\">Rockoso</tr><tr><td align=\"left\"><i class=\"fa fa-circle-o\"></i> <i class=\"fa fa-circle-o\"></i> </td><td align=\"right\"><i class=\"fa fa-circle-o\"></i> <i class=\"fa fa-circle-o\"></i> </tr></table>\n|uhtml|bestof|<h2><strong>Game 1</strong> of <a href=\"/game-bestof3-gen9championsvgc2026regma-2582686321\">a best-of-3</a></h2>\n|t:|1776107249\n|gametype|doubles\n|player|p1|porygon-epilepz|hiker-gen4|\n|player|p2|Rockoso|bruno|\n|gen|9\n|tier|[Gen 9 Champions] VGC 2026 Reg M-A\n|rated|Tournament battle\n|rule|Species Clause: Limit one of each Pok\u00e9mon\n|rule|Item Clause: Limit 1 of each item\n|raw|<div class=\"infobox\"><details class=\"readmore\" open><summary><strong>2 custom rules:</strong></summary> Force Open Team Sheets, Best of = 3</details></div>\n|clearpoke\n|poke|p1|Kommo-o, L50, M|\n|poke|p1|Incineroar, L50, F|\n|poke|p1|Glimmora, L50, M|\n|poke|p1|Sinistcha, L50|\n|poke|p1|Talonflame, L50, F|\n|poke|p1|Rotom-Wash, L50|\n|poke|p2|Slowbro, L50, F|\n|poke|p2|Maushold-Four, L50|\n|poke|p2|Meowscarada, L50, F|\n|poke|p2|Ceruledge, L50, M|\n|poke|p2|Rotom-Wash, L50|\n|poke|p2|Mudsdale, L50, F|\n|teampreview|4\n|showteam|p1|Kommo-o||Leftovers|Overcoat|ClangorousSoul,ClangingScales,Protect,AuraSphere|||M|||50|]Incineroar||ShucaBerry|Intimidate|FakeOut,FlareBlitz,ThroatChop,PartingShot|||F|||50|]Glimmora||Glimmoranite|ToxicDebris|PowerGem,SludgeBomb,SpikyShield,EarthPower|||M|||50|]Sinistcha||SitrusBerry|Hospitality|RagePowder,Protect,LifeDew,MatchaGotcha||||||50|]Talonflame||FocusSash|GaleWings|Tailwind,QuickGuard,DualWingbeat,Protect|||F|||50|]Rotom-Wash||RindoBerry|Levitate|Thunderbolt,WillOWisp,HydroPump,Protect||||||50|\n|showteam|p2|Slowbro||Slowbronite|Regenerator|Scald,IceBeam,SlackOff,CalmMind|||F|||50|]Maushold-Four||FocusSash|FriendGuard|SuperFang,FollowMe,Protect,Taunt||||||50|]Meowscarada||ChoiceScarf|Protean|FlowerTrick,ThroatChop,PlayRough,Trick|||F|||50|]Ceruledge||WhiteHerb|FlashFire|BitterBlade,ShadowSneak,SwordsDance,Protect|||M|||50|]Rotom-Wash||SitrusBerry|Levitate|HydroPump,WillOWisp,Thunderbolt,Protect||||||50|]Mudsdale||Leftovers|InnerFocus|BodyPress,HighHorsepower,IronDefense,Protect|||F|||50|\n|\n|t:|1776107285\n|teamsize|p1|4\n|teamsize|p2|4\n|start\n|switch|p1a: Kommo-o|Kommo-o, L50, M|100/100\n|switch|p1b: Incineroar|Incineroar, L50, F|100/100\n|switch|p2a: Mudsdale|Mudsdale, L50, F|100/100\n|switch|p2b: Maushold|Maushold-Four, L50|100/100\n|-ability|p1b: Incineroar|Intimidate|boost\n|-fail|p2a: Mudsdale|unboost|Attack|[from] ability: Inner Focus|[of] p2a: Mudsdale\n|-unboost|p2b: Maushold|atk|1\n|turn|1\n|\n|t:|1776107303\n|move|p1b: Incineroar|Fake Out|p2b: Maushold\n|-damage|p2b: Maushold|88/100\n|cant|p2b: Maushold|flinch\n|move|p1a: Kommo-o|Clangorous Soul|p1a: Kommo-o\n|-boost|p1a: Kommo-o|atk|1\n|-boost|p1a: Kommo-o|def|1\n|-boost|p1a: Kommo-o|spa|1\n|-boost|p1a: Kommo-o|spd|1\n|-boost|p1a: Kommo-o|spe|1\n|-damage|p1a: Kommo-o|68/100\n|move|p2a: Mudsdale|Iron Defense|p2a: Mudsdale\n|-boost|p2a: Mudsdale|def|2\n|\n|-heal|p1a: Kommo-o|74/100|[from] item: Leftovers\n|upkeep\n|turn|2\n|\n|t:|1776107337\n|switch|p1b: Sinistcha|Sinistcha, L50|100/100\n|-heal|p1a: Kommo-o|99/100|[from] ability: Hospitality|[of] p1b: Sinistcha\n|move|p2b: Maushold|Protect|p2b: Maushold\n|-singleturn|p2b: Maushold|Protect\n|move|p1a: Kommo-o|Clanging Scales|p2b: Maushold|[spread] p2a\n|-activate|p2b: Maushold|move: Protect\n|-damage|p2a: Mudsdale|73/100\n|-unboost|p1a: Kommo-o|def|1\n|move|p2a: Mudsdale|High Horsepower|p1b: Sinistcha\n|-resisted|p1b: Sinistcha|1\n|-damage|p1b: Sinistcha|84/100\n|\n|-heal|p1a: Kommo-o|100/100|[from] item: Leftovers\n|-heal|p2a: Mudsdale|79/100|[from] item: Leftovers\n|upkeep\n|turn|3\n|\n|t:|1776107362\n|switch|p2b: Ceruledge|Ceruledge, L50, M|100/100\n|move|p1a: Kommo-o|Aura Sphere|p2b: Ceruledge\n|-immune|p2b: Ceruledge\n|move|p1b: Sinistcha|Matcha Gotcha|p2b: Ceruledge|[spread] p2a,p2b\n|-supereffective|p2a: Mudsdale|1\n|-resisted|p2b: Ceruledge|1\n|-damage|p2a: Mudsdale|43/100\n|-heal|p1b: Sinistcha|100/100|[from] drain|[of] p2a: Mudsdale\n|-damage|p2b: Ceruledge|89/100\n|move|p2a: Mudsdale|Body Press|p1a: Kommo-o\n|-damage|p1a: Kommo-o|69/100\n|\n|-heal|p1a: Kommo-o|75/100|[from] item: Leftovers\n|-heal|p2a: Mudsdale|49/100|[from] item: Leftovers\n|upkeep\n|turn|4\n|\n|t:|1776107388\n|move|p2a: Mudsdale|Protect|p2a: Mudsdale\n|-singleturn|p2a: Mudsdale|Protect\n|move|p1a: Kommo-o|Clanging Scales|p2b: Ceruledge|[spread] p2b\n|-activate|p2a: Mudsdale|move: Protect\n|-damage|p2b: Ceruledge|36/100\n|-unboost|p1a: Kommo-o|def|1\n|move|p2b: Ceruledge|Swords Dance|p2b: Ceruledge\n|-boost|p2b: Ceruledge|atk|2\n|move|p1b: Sinistcha|Matcha Gotcha|p2a: Mudsdale|[spread] p2b\n|-activate|p2a: Mudsdale|move: Protect\n|-resisted|p2b: Ceruledge|1\n|-damage|p2b: Ceruledge|22/100\n|\n|-heal|p1a: Kommo-o|82/100|[from] item: Leftovers\n|-heal|p2a: Mudsdale|55/100|[from] item: Leftovers\n|upkeep\n|turn|5\n|\n|t:|1776107414\n|switch|p2a: Maushold|Maushold-Four, L50|88/100\n|move|p1b: Sinistcha|Rage Powder|p1b: Sinistcha\n|-singleturn|p1b: Sinistcha|move: Rage Powder\n|move|p1a: Kommo-o|Clanging Scales|p2b: Ceruledge|[spread] p2a,p2b\n|-damage|p2a: Maushold|21/100\n|-damage|p2b: Ceruledge|0 fnt\n|faint|p2b: Ceruledge\n|-unboost|p1a: Kommo-o|def|1\n|\n|-heal|p1a: Kommo-o|88/100|[from] item: Leftovers\n|upkeep\n|\n|t:|1776107424\n|switch|p2b: Slowbro|Slowbro, L50, F|100/100\n|turn|6\n|\n|t:|1776107432\n|detailschange|p2b: Slowbro|Slowbro-Mega, L50, F\n|-mega|p2b: Slowbro|Slowbro|Slowbronite\n|move|p1a: Kommo-o|Clanging Scales|p2a: Maushold|[spread] p2a,p2b\n|-damage|p2a: Maushold|0 fnt\n|-damage|p2b: Slowbro|68/100\n|faint|p2a: Maushold\n|-unboost|p1a: Kommo-o|def|1\n|move|p1b: Sinistcha|Matcha Gotcha|p2b: Slowbro\n|-supereffective|p2b: Slowbro|1\n|-damage|p2b: Slowbro|17/100\n|-status|p2b: Slowbro|brn\n|move|p2b: Slowbro|Ice Beam|p1a: Kommo-o\n|-supereffective|p1a: Kommo-o|1\n|-damage|p1a: Kommo-o|53/100\n|\n|-heal|p1a: Kommo-o|59/100|[from] item: Leftovers\n|-damage|p2b: Slowbro|11/100 brn|[from] brn\n|upkeep\n|-message|Rockoso forfeited.\n|\n|win|porygon-epilepz\n",
  "uploadtime": 1776107253,
  "views": 16,
  "formatid": "gen9championsvgc2026regma",
  "rating": null,
  "private": 0,
  "password": null
}