{
  "id": "gen9championsvgc2026regma-2587871985",
  "format": "[Gen 9 Champions] VGC 2026 Reg M-A",
  "players": [
    "zhz2021",
    "abacusdestroyer"
  ],
  "log": "|j|\u2606zhz2021\n|j|\u2606abacusdestroyer\n|t:|1776572973\n|gametype|doubles\n|player|p1|zhz2021|marley|1514\n|player|p2|abacusdestroyer|benga|1451\n|gen|9\n|tier|[Gen 9 Champions] VGC 2026 Reg M-A\n|rated|\n|rule|Species Clause: Limit one of each Pok\u00e9mon\n|rule|Item Clause: Limit 1 of each item\n|clearpoke\n|poke|p1|Sableye, L50, M|\n|poke|p1|Archaludon, L50, F|\n|poke|p1|Scovillain, L50, F, shiny|\n|poke|p1|Basculegion-F, L50, F, shiny|\n|poke|p1|Pelipper, L50, M|\n|poke|p1|Mamoswine, L50, M|\n|poke|p2|Hawlucha, L50, F|\n|poke|p2|Empoleon, L50, F|\n|poke|p2|Gengar, L50, M|\n|poke|p2|Hydreigon, L50, M|\n|poke|p2|Sableye, L50, M|\n|poke|p2|Kingambit, L50, M|\n|teampreview|4\n|\n|t:|1776573006\n|teamsize|p1|4\n|teamsize|p2|4\n|start\n|switch|p1a: Mamoswine|Mamoswine, L50, M|100/100\n|switch|p1b: Scovillain|Scovillain, L50, F, shiny|100/100\n|switch|p2a: Gengar|Gengar, L50, M|100/100\n|switch|p2b: Sableye|Sableye, L50, M|100/100\n|turn|1\n|\n|t:|1776573022\n|detailschange|p2a: Gengar|Gengar-Mega, L50, M\n|-mega|p2a: Gengar|Gengar|Gengarite\n|detailschange|p1b: Scovillain|Scovillain-Mega, L50, F, shiny\n|-mega|p1b: Scovillain|Scovillain|Scovillainite\n|move|p2a: Gengar|Protect|p2a: Gengar\n|-singleturn|p2a: Gengar|Protect\n|move|p2b: Sableye|Fake Out|p1a: Mamoswine\n|-damage|p1a: Mamoswine|92/100\n|cant|p1a: Mamoswine|flinch\n|move|p1b: Scovillain|Giga Drain|p2b: Sableye\n|-damage|p2b: Sableye|51/100\n|\n|upkeep\n|turn|2\n|\n|t:|1776573045\n|switch|p2a: Hawlucha|Hawlucha, L50, F|100/100\n|move|p1b: Scovillain|Rage Powder|p1b: Scovillain\n|-singleturn|p1b: Scovillain|move: Rage Powder\n|move|p2b: Sableye|Encore|p1b: Scovillain\n|-start|p1b: Scovillain|Encore\n|move|p1a: Mamoswine|High Horsepower|p2a: Hawlucha\n|-immune|p2a: Hawlucha\n|\n|upkeep\n|turn|3\n|\n|t:|1776573071\n|switch|p1a: Pelipper|Pelipper, L50, M|100/100\n|-weather|RainDance|[from] ability: Drizzle|[of] p1a: Pelipper\n|switch|p2a: Kingambit|Kingambit, L50, M|100/100\n|switch|p1b: Archaludon|Archaludon, L50, F|100/100\n|move|p2b: Sableye|Disable||[still]\n|-fail|p2b: Sableye\n|\n|-weather|RainDance|[upkeep]\n|upkeep\n|turn|4\n|\n|t:|1776573105\n|move|p2b: Sableye|Protect|p2b: Sableye\n|-singleturn|p2b: Sableye|Protect\n|move|p1a: Pelipper|Weather Ball|p2b: Sableye\n|-activate|p2b: Sableye|move: Protect\n|move|p1b: Archaludon|Electro Shot||[still]\n|-prepare|p1b: Archaludon|Electro Shot\n|-boost|p1b: Archaludon|spa|1\n|-anim|p1b: Archaludon|Electro Shot|p2a: Kingambit\n|-damage|p2a: Kingambit|33/100\n|move|p2a: Kingambit|Low Kick|p1b: Archaludon\n|-supereffective|p1b: Archaludon|1\n|-damage|p1b: Archaludon|55/100\n|-ability|p1b: Archaludon|Stamina|boost\n|-boost|p1b: Archaludon|def|1\n|\n|-weather|RainDance|[upkeep]\n|-heal|p1b: Archaludon|61/100|[from] item: Leftovers\n|upkeep\n|turn|5\n|\n|t:|1776573122\n|move|p2b: Sableye|Disable|p1b: Archaludon\n|-start|p1b: Archaludon|Disable|Electro Shot\n|move|p2a: Kingambit|Sucker Punch|p1a: Pelipper\n|-crit|p1a: Pelipper\n|-damage|p1a: Pelipper|26/100\n|-enditem|p1a: Pelipper|Sitrus Berry|[eat]\n|-heal|p1a: Pelipper|51/100|[from] item: Sitrus Berry\n|move|p1a: Pelipper|Hurricane|p2b: Sableye\n|-damage|p2b: Sableye|0 fnt\n|faint|p2b: Sableye\n|move|p1b: Archaludon|Aura Sphere|p2a: Kingambit\n|-supereffective|p2a: Kingambit|2\n|-damage|p2a: Kingambit|0 fnt\n|faint|p2a: Kingambit\n|\n|-weather|RainDance|[upkeep]\n|-heal|p1b: Archaludon|67/100|[from] item: Leftovers\n|upkeep\n|\n|t:|1776573136\n|switch|p2a: Gengar|Gengar-Mega, L50, M|100/100\n|switch|p2b: Hawlucha|Hawlucha, L50, F|100/100\n|turn|6\n|inactive|Battle timer is ON: inactive players will automatically lose when time's up. (requested by abacusdestroyer)\n|\n|t:|1776573150\n|move|p1b: Archaludon|Protect|p1b: Archaludon\n|-singleturn|p1b: Archaludon|Protect\n|move|p2a: Gengar|Thunder|p1a: Pelipper\n|-supereffective|p1a: Pelipper|2\n|-damage|p1a: Pelipper|0 fnt\n|faint|p1a: Pelipper\n|move|p2b: Hawlucha|Close Combat|p1b: Archaludon\n|-activate|p1b: Archaludon|move: Protect\n|\n|-weather|RainDance|[upkeep]\n|-heal|p1b: Archaludon|73/100|[from] item: Leftovers\n|upkeep\n|\n|t:|1776573156\n|switch|p1a: Scovillain|Scovillain-Mega, L50, F, shiny|100/100\n|turn|7\n|\n|t:|1776573165\n|move|p1a: Scovillain|Rage Powder|p1a: Scovillain\n|-singleturn|p1a: Scovillain|move: Rage Powder\n|move|p2a: Gengar|Sludge Bomb|p1a: Scovillain\n|-supereffective|p1a: Scovillain|1\n|-damage|p1a: Scovillain|0 fnt\n|-status|p2a: Gengar|brn|[from] ability: Spicy Spray|[of] p1a: Scovillain\n|faint|p1a: Scovillain\n|move|p2b: Hawlucha|Close Combat|p1b: Archaludon\n|-supereffective|p1b: Archaludon|1\n|-damage|p1b: Archaludon|27/100\n|-unboost|p2b: Hawlucha|def|1\n|-unboost|p2b: Hawlucha|spd|1\n|-ability|p1b: Archaludon|Stamina|boost\n|-boost|p1b: Archaludon|def|1\n|-enditem|p2b: Hawlucha|White Herb\n|-clearnegativeboost|p2b: Hawlucha|[silent]\n|move|p1b: Archaludon|Flash Cannon|p2b: Hawlucha\n|-crit|p2b: Hawlucha\n|-damage|p2b: Hawlucha|0 fnt\n|faint|p2b: Hawlucha\n|\n|-weather|none\n|-heal|p1b: Archaludon|33/100|[from] item: Leftovers\n|-damage|p2a: Gengar|95/100 brn|[from] brn\n|upkeep\n|\n|t:|1776573170\n|switch|p1a: Mamoswine|Mamoswine, L50, M|92/100\n|turn|8\n|\n|t:|1776573189\n|move|p2a: Gengar|Shadow Ball|p1a: Mamoswine\n|-damage|p1a: Mamoswine|19/100\n|move|p1a: Mamoswine|High Horsepower|p2a: Gengar\n|-supereffective|p2a: Gengar|1\n|-crit|p2a: Gengar\n|-damage|p2a: Gengar|0 fnt\n|faint|p2a: Gengar\n|\n|win|zhz2021\n|raw|zhz2021's rating: 1488 &rarr; <strong>1506</strong><br />(+18 for winning)\n|raw|abacusdestroyer's rating: 1451 &rarr; <strong>1433</strong><br />(-18 for losing)\n|l|\u2606abacusdestroyer\n|player|p2|\n|l|\u2606zhz2021\n|player|p1|\n",
  "uploadtime": 1776573226,
  "views": 18,
  "formatid": "gen9championsvgc2026regma",
  "rating": 1433,
  "private": 0,
  "password": null
}