{
  "id": "gen9championsvgc2026regma-2582063270",
  "format": "[Gen 9 Champions] VGC 2026 Reg M-A",
  "players": [
    "ItzXeroo",
    "DragonairJordan23"
  ],
  "log": "|j|\u2606ItzXeroo\n|j|\u2606DragonairJordan23\n|t:|1776053417\n|gametype|doubles\n|player|p1|ItzXeroo|n|1025\n|player|p2|DragonairJordan23|dancer|1123\n|gen|9\n|tier|[Gen 9 Champions] VGC 2026 Reg M-A\n|rated|\n|rule|Species Clause: Limit one of each Pok\u00e9mon\n|rule|Item Clause: Limit 1 of each item\n|clearpoke\n|poke|p1|Sableye, L50, F|\n|poke|p1|Milotic, L50, F|\n|poke|p1|Garchomp, L50, F|\n|poke|p1|Espathra, L50, F|\n|poke|p1|Gardevoir, L50, F|\n|poke|p1|Charizard, L50, M|\n|poke|p2|Incineroar, L50, M|\n|poke|p2|Farigiraf, L50, M|\n|poke|p2|Torkoal, L50, F|\n|poke|p2|Venusaur, L50, M|\n|poke|p2|Floette-Eternal, L50, F|\n|poke|p2|Garchomp, L50, M|\n|teampreview|4\n|\n|t:|1776053462\n|teamsize|p1|4\n|teamsize|p2|4\n|start\n|switch|p1a: Sableye|Sableye, L50, F, shiny|100/100\n|switch|p1b: Espathra|Espathra, L50, F, shiny|100/100\n|switch|p2a: Incineroar|Incineroar, L50, M|100/100\n|switch|p2b: Farigiraf|Farigiraf, L50, M|100/100\n|-ability|p2a: Incineroar|Intimidate|boost\n|-unboost|p1a: Sableye|atk|1\n|-unboost|p1b: Espathra|atk|1\n|turn|1\n|inactive|Battle timer is ON: inactive players will automatically lose when time's up. (requested by DragonairJordan23)\n|\n|t:|1776053509\n|switch|p1b: Garchomp|Garchomp, L50, F|100/100\n|move|p2a: Incineroar|Fake Out|p1b: Garchomp\n|-crit|p1b: Garchomp\n|-damage|p1b: Garchomp|87/100\n|-damage|p2a: Incineroar|88/100|[from] ability: Rough Skin|[of] p1b: Garchomp\n|move|p1a: Sableye|Foul Play|p2b: Farigiraf\n|-supereffective|p2b: Farigiraf|1\n|-enditem|p2b: Farigiraf|Colbur Berry|[eat]\n|-enditem|p2b: Farigiraf|Colbur Berry|[weaken]\n|-damage|p2b: Farigiraf|78/100\n|move|p2b: Farigiraf|Trick Room|p2b: Farigiraf\n|-fieldstart|move: Trick Room|[of] p2b: Farigiraf\n|\n|upkeep\n|turn|2\n|inactive|ItzXeroo has 30 seconds left.\n|\n|t:|1776053535\n|switch|p1a: Charizard|Charizard, L50, M, shiny|100/100\n|move|p2b: Farigiraf|Protect|p2b: Farigiraf\n|-singleturn|p2b: Farigiraf|Protect\n|move|p2a: Incineroar|Parting Shot|p1b: Garchomp\n|-unboost|p1b: Garchomp|atk|1\n|-unboost|p1b: Garchomp|spa|1\n|\n|t:|1776053542\n|switch|p2a: Floette|Floette-Eternal, L50, F|100/100|[from] Parting Shot\n|move|p1b: Garchomp|Earthquake|p2b: Farigiraf|[spread] p2a\n|-activate|p2b: Farigiraf|move: Protect\n|-immune|p1a: Charizard\n|-damage|p2a: Floette|77/100\n|\n|upkeep\n|turn|3\n|inactive|ItzXeroo has 30 seconds left.\n|inactive|ItzXeroo has 20 seconds left.\n|inactive|ItzXeroo has 15 seconds left.\n|inactive|ItzXeroo has 10 seconds left.\n|inactive|ItzXeroo has 5 seconds left.\n|\n|t:|1776053594\n|switch|p2b: Incineroar|Incineroar, L50, M|88/100\n|-ability|p2b: Incineroar|Intimidate|boost\n|-unboost|p1a: Charizard|atk|1\n|-unboost|p1b: Garchomp|atk|1\n|switch|p1b: Sableye|Sableye, L50, F, shiny|100/100\n|detailschange|p2a: Floette|Floette-Mega, L50, F\n|-mega|p2a: Floette|Floette|Floettite\n|-ability|p2a: Floette|Fairy Aura\n|detailschange|p1a: Charizard|Charizard-Mega-Y, L50, M, shiny\n|-mega|p1a: Charizard|Charizard|Charizardite Y\n|-weather|SunnyDay|[from] ability: Drought|[of] p1a: Charizard\n|move|p2a: Floette|Calm Mind|p2a: Floette\n|-boost|p2a: Floette|spa|1\n|-boost|p2a: Floette|spd|1\n|move|p1a: Charizard|Heat Wave|p2b: Incineroar|[spread] p2a,p2b\n|-resisted|p2b: Incineroar|1\n|-damage|p2a: Floette|48/100\n|-damage|p2b: Incineroar|62/100\n|\n|-weather|SunnyDay|[upkeep]\n|upkeep\n|turn|4\n|inactive|ItzXeroo has 30 seconds left.\n|inactive|ItzXeroo has 20 seconds left.\n|inactive|DragonairJordan23 has 30 seconds left.\n|\n|t:|1776053637\n|switch|p2b: Farigiraf|Farigiraf, L50, M|78/100\n|move|p1a: Charizard|Protect|p1a: Charizard\n|-singleturn|p1a: Charizard|Protect\n|move|p1b: Sableye|Fake Out||[still]\n|cant|p2b: Farigiraf|ability: Armor Tail|Fake Out|[of] p1b: Sableye\n|move|p2a: Floette|Draining Kiss|p1b: Sableye\n|-supereffective|p1b: Sableye|1\n|-damage|p1b: Sableye|0 fnt\n|-heal|p2a: Floette|100/100|[from] drain|[of] p1b: Sableye\n|faint|p1b: Sableye\n|\n|-weather|SunnyDay|[upkeep]\n|upkeep\n|\n|t:|1776053651\n|switch|p1b: Garchomp|Garchomp, L50, F|87/100\n|turn|5\n|\n|t:|1776053661\n|move|p1b: Garchomp|Protect|p1b: Garchomp\n|-singleturn|p1b: Garchomp|Protect\n|move|p2b: Farigiraf|Hyper Voice|p1a: Charizard|[spread] p1a\n|-activate|p1b: Garchomp|move: Protect\n|-damage|p1a: Charizard|75/100\n|move|p2a: Floette|Dazzling Gleam|p1a: Charizard|[spread] p1a\n|-activate|p1b: Garchomp|move: Protect\n|-resisted|p1a: Charizard|1\n|-damage|p1a: Charizard|43/100\n|move|p1a: Charizard|Weather Ball|p2a: Floette\n|-damage|p2a: Floette|59/100\n|\n|-weather|SunnyDay|[upkeep]\n|-fieldend|move: Trick Room\n|upkeep\n|turn|6\n|inactive|ItzXeroo has 30 seconds left.\n|inactive|DragonairJordan23 has 30 seconds left.\n|\n|t:|1776053694\n|switch|p2b: Incineroar|Incineroar, L50, M|62/100\n|-ability|p2b: Incineroar|Intimidate|boost\n|-unboost|p1a: Charizard|atk|1\n|-unboost|p1b: Garchomp|atk|1\n|move|p2a: Floette|Protect|p2a: Floette\n|-singleturn|p2a: Floette|Protect\n|move|p1b: Garchomp|Earthquake|p2a: Floette|[spread] p2b\n|-activate|p2a: Floette|move: Protect\n|-immune|p1a: Charizard\n|-supereffective|p2b: Incineroar|1\n|-damage|p2b: Incineroar|29/100\n|-enditem|p2b: Incineroar|Sitrus Berry|[eat]\n|-heal|p2b: Incineroar|54/100|[from] item: Sitrus Berry\n|move|p1a: Charizard|Weather Ball|p2a: Floette\n|-activate|p2a: Floette|move: Protect\n|\n|-weather|SunnyDay|[upkeep]\n|upkeep\n|turn|7\n|inactive|ItzXeroo has 30 seconds left.\n|\n|t:|1776053721\n|move|p1b: Garchomp|Protect|p1b: Garchomp\n|-singleturn|p1b: Garchomp|Protect\n|move|p1a: Charizard|Protect|p1a: Charizard\n|-singleturn|p1a: Charizard|Protect\n|move|p2b: Incineroar|Fake Out|p1b: Garchomp\n|-activate|p1b: Garchomp|move: Protect\n|move|p2a: Floette|Draining Kiss|p1a: Charizard\n|-activate|p1a: Charizard|move: Protect\n|\n|-weather|none\n|upkeep\n|turn|8\n|\n|t:|1776053744\n|switch|p1b: Espathra|Espathra, L50, F, shiny|100/100\n|move|p1a: Charizard|Heat Wave|p2b: Incineroar|[spread] p2a,p2b\n|-resisted|p2b: Incineroar|1\n|-damage|p2a: Floette|41/100\n|-damage|p2b: Incineroar|36/100\n|-status|p2a: Floette|brn\n|move|p2a: Floette|Draining Kiss|p1b: Espathra\n|-damage|p1b: Espathra|10/100\n|-heal|p2a: Floette|100/100 brn|[from] drain|[of] p1b: Espathra\n|move|p2b: Incineroar|Parting Shot|p1a: Charizard\n|-unboost|p1a: Charizard|atk|1\n|-unboost|p1a: Charizard|spa|1\n|-message|ItzXeroo forfeited.\n|\n|win|DragonairJordan23\n|raw|ItzXeroo's rating: 1025 &rarr; <strong>1015</strong><br />(-10 for losing)\n|raw|DragonairJordan23's rating: 1123 &rarr; <strong>1141</strong><br />(+18 for winning)\n",
  "uploadtime": 1776053753,
  "views": 12,
  "formatid": "gen9championsvgc2026regma",
  "rating": 1015,
  "private": 0,
  "password": null
}