{
  "id": "gen9championsvgc2026regma-2584606035",
  "format": "[Gen 9 Champions] VGC 2026 Reg M-A",
  "players": [
    "the_sawzie",
    "Gorg07"
  ],
  "log": "|j|\u2606the_sawzie\n|j|\u2606Gorg07\n|t:|1776271690\n|gametype|doubles\n|player|p1|the_sawzie|hilda|1000\n|player|p2|Gorg07|102|1034\n|gen|9\n|tier|[Gen 9 Champions] VGC 2026 Reg M-A\n|rated|\n|rule|Species Clause: Limit one of each Pok\u00e9mon\n|rule|Item Clause: Limit 1 of each item\n|clearpoke\n|poke|p1|Chesnaught, L50, F|\n|poke|p1|Goodra-Hisui, L50, F|\n|poke|p1|Farigiraf, L50, F|\n|poke|p1|Ceruledge, L50, F|\n|poke|p1|Cofagrigus, L50, F|\n|poke|p1|Glimmora, L50, F|\n|poke|p2|Pelipper, L50, F|\n|poke|p2|Incineroar, L50, M|\n|poke|p2|Archaludon, L50, F|\n|poke|p2|Basculegion, L50, M|\n|poke|p2|Sinistcha, L50|\n|poke|p2|Sneasler, L50, F|\n|teampreview|4\n|\n|t:|1776271720\n|teamsize|p1|4\n|teamsize|p2|4\n|start\n|switch|p1a: Cofagrigus|Cofagrigus, L50, F|100/100\n|switch|p1b: Goodra|Goodra-Hisui, L50, F|100/100\n|switch|p2a: Pelipper|Pelipper, L50, F|100/100\n|switch|p2b: Incineroar|Incineroar, L50, M|100/100\n|-weather|RainDance|[from] ability: Drizzle|[of] p2a: Pelipper\n|-ability|p2b: Incineroar|Intimidate|boost\n|-unboost|p1a: Cofagrigus|atk|1\n|-unboost|p1b: Goodra|atk|1\n|turn|1\n|\n|t:|1776271752\n|move|p2a: Pelipper|Tailwind|p2a: Pelipper\n|-sidestart|p2: Gorg07|move: Tailwind\n|move|p2b: Incineroar|Parting Shot|p1a: Cofagrigus\n|-unboost|p1a: Cofagrigus|atk|1\n|-unboost|p1a: Cofagrigus|spa|1\n|\n|t:|1776271757\n|switch|p2b: Archaludon|Archaludon, L50, F|100/100|[from] Parting Shot\n|move|p1b: Goodra|Flash Cannon|p2a: Pelipper\n|-resisted|p2a: Pelipper|1\n|-damage|p2a: Pelipper|74/100\n|move|p1a: Cofagrigus|Body Press|p2b: Archaludon\n|-supereffective|p2b: Archaludon|1\n|-damage|p2b: Archaludon|55/100\n|-ability|p2b: Archaludon|Stamina|boost\n|-boost|p2b: Archaludon|def|1\n|\n|-weather|RainDance|[upkeep]\n|-heal|p2b: Archaludon|61/100|[from] item: Leftovers\n|upkeep\n|turn|2\n|\n|t:|1776271780\n|switch|p1b: Farigiraf|Farigiraf, L50, F|100/100\n|move|p2b: Archaludon|Protect|p2b: Archaludon\n|-singleturn|p2b: Archaludon|Protect\n|move|p2a: Pelipper|Surf|p1b: Farigiraf|[spread] p1a,p1b\n|-activate|p2b: Archaludon|move: Protect\n|-damage|p1a: Cofagrigus|62/100\n|-damage|p1b: Farigiraf|68/100\n|move|p1a: Cofagrigus|Trick Room|p1a: Cofagrigus\n|-fieldstart|move: Trick Room|[of] p1a: Cofagrigus\n|\n|-weather|RainDance|[upkeep]\n|-heal|p2b: Archaludon|67/100|[from] item: Leftovers\n|upkeep\n|turn|3\n|\n|t:|1776271804\n|move|p1a: Cofagrigus|Body Press|p2b: Archaludon\n|-supereffective|p2b: Archaludon|1\n|-damage|p2b: Archaludon|37/100\n|-ability|p2b: Archaludon|Stamina|boost\n|-boost|p2b: Archaludon|def|1\n|move|p1b: Farigiraf|Hyper Voice|p2b: Archaludon|[spread] p2a,p2b\n|-resisted|p2b: Archaludon|1\n|-damage|p2a: Pelipper|26/100\n|-damage|p2b: Archaludon|15/100\n|-ability|p2b: Archaludon|Stamina|boost\n|-boost|p2b: Archaludon|def|1\n|move|p2a: Pelipper|Hurricane|p1a: Cofagrigus\n|-damage|p1a: Cofagrigus|20/100\n|move|p2b: Archaludon|Electro Shot||[still]\n|-prepare|p2b: Archaludon|Electro Shot\n|-boost|p2b: Archaludon|spa|1\n|-anim|p2b: Archaludon|Electro Shot|p1a: Cofagrigus\n|-damage|p1a: Cofagrigus|0 fnt\n|faint|p1a: Cofagrigus\n|\n|-weather|RainDance|[upkeep]\n|-heal|p2b: Archaludon|21/100|[from] item: Leftovers\n|upkeep\n|\n|t:|1776271822\n|switch|p1a: Chesnaught|Chesnaught, L50, F|100/100\n|turn|4\n|\n|t:|1776271843\n|switch|p1b: Goodra|Goodra-Hisui, L50, F|100/100\n|switch|p2a: Incineroar|Incineroar, L50, M|100/100\n|-ability|p2a: Incineroar|Intimidate|boost\n|-unboost|p1a: Chesnaught|atk|1\n|-unboost|p1b: Goodra|atk|1\n|detailschange|p1a: Chesnaught|Chesnaught-Mega, L50, F\n|-mega|p1a: Chesnaught|Chesnaught|Chesnaughtite\n|move|p2b: Archaludon|Protect|p2b: Archaludon\n|-singleturn|p2b: Archaludon|Protect\n|move|p1a: Chesnaught|Body Press|p2b: Archaludon\n|-activate|p2b: Archaludon|move: Protect\n|\n|-weather|RainDance|[upkeep]\n|-heal|p2b: Archaludon|27/100|[from] item: Leftovers\n|-sideend|p2: Gorg07|move: Tailwind\n|upkeep\n|turn|5\n|\n|t:|1776271872\n|move|p2a: Incineroar|Fake Out|p1a: Chesnaught\n|-damage|p1a: Chesnaught|95/100\n|cant|p1a: Chesnaught|flinch\n|move|p1b: Goodra|Muddy Water|p2b: Archaludon|[spread] p2a,p2b\n|-supereffective|p2a: Incineroar|1\n|-resisted|p2b: Archaludon|1\n|-damage|p2a: Incineroar|49/100\n|-damage|p2b: Archaludon|5/100\n|-unboost|p2a: Incineroar|accuracy|1\n|-ability|p2b: Archaludon|Stamina|boost\n|-boost|p2b: Archaludon|def|1\n|move|p2b: Archaludon|Flash Cannon|p1a: Chesnaught\n|-damage|p1a: Chesnaught|45/100\n|\n|-weather|none\n|-heal|p2b: Archaludon|11/100|[from] item: Leftovers\n|upkeep\n|turn|6\n|\n|t:|1776271906\n|move|p1a: Chesnaught|Spiky Shield|p1a: Chesnaught\n|-singleturn|p1a: Chesnaught|move: Protect\n|move|p1b: Goodra|Life Dew||[still]|[spread] p1a,p1b\n|-heal|p1a: Chesnaught|70/100\n|-fail|p1b: Goodra|heal\n|move|p2a: Incineroar|Flare Blitz|p1a: Chesnaught\n|-activate|p1a: Chesnaught|move: Protect\n|-damage|p2a: Incineroar|37/100|[from] Spiky Shield|[of] p1a: Chesnaught\n|move|p2b: Archaludon|Draco Meteor|p1b: Goodra\n|-damage|p1b: Goodra|30/100\n|-unboost|p2b: Archaludon|spa|2\n|\n|-heal|p1b: Goodra|36/100|[from] item: Leftovers\n|-heal|p2b: Archaludon|17/100|[from] item: Leftovers\n|-fieldend|move: Trick Room\n|upkeep\n|turn|7\n|\n|t:|1776271932\n|switch|p1a: Farigiraf|Farigiraf, L50, F|68/100\n|move|p2b: Archaludon|Protect|p2b: Archaludon\n|-singleturn|p2b: Archaludon|Protect\n|move|p2a: Incineroar|Flare Blitz|p1a: Farigiraf\n|-damage|p1a: Farigiraf|14/100\n|-damage|p2a: Incineroar|19/100|[from] Recoil\n|move|p1b: Goodra|Muddy Water|p2a: Incineroar|[spread] p2a\n|-activate|p2b: Archaludon|move: Protect\n|-supereffective|p2a: Incineroar|1\n|-damage|p2a: Incineroar|0 fnt\n|faint|p2a: Incineroar\n|\n|-heal|p2b: Archaludon|23/100|[from] item: Leftovers\n|-heal|p1b: Goodra|42/100|[from] item: Leftovers\n|upkeep\n|\n|t:|1776271946\n|switch|p2a: Pelipper|Pelipper, L50, F|26/100\n|-weather|RainDance|[from] ability: Drizzle|[of] p2a: Pelipper\n|turn|8\n|\n|t:|1776271962\n|move|p2b: Archaludon|Electro Shot||[still]\n|-prepare|p2b: Archaludon|Electro Shot\n|-boost|p2b: Archaludon|spa|1\n|-anim|p2b: Archaludon|Electro Shot|p1a: Farigiraf\n|-damage|p1a: Farigiraf|0 fnt\n|faint|p1a: Farigiraf\n|move|p2a: Pelipper|Hurricane|p1b: Goodra\n|-resisted|p1b: Goodra|1\n|-damage|p1b: Goodra|27/100\n|move|p1b: Goodra|Life Dew|p1b: Goodra\n|-heal|p1b: Goodra|52/100\n|\n|-weather|RainDance|[upkeep]\n|-heal|p2b: Archaludon|29/100|[from] item: Leftovers\n|-heal|p1b: Goodra|58/100|[from] item: Leftovers\n|upkeep\n|\n|t:|1776271977\n|switch|p1a: Chesnaught|Chesnaught-Mega, L50, F|70/100\n|turn|9\n|\n|t:|1776271992\n|move|p2b: Archaludon|Draco Meteor|p1a: Chesnaught\n|-damage|p1a: Chesnaught|22/100\n|-unboost|p2b: Archaludon|spa|2\n|move|p2a: Pelipper|Hurricane|p1a: Chesnaught\n|-supereffective|p1a: Chesnaught|2\n|-damage|p1a: Chesnaught|0 fnt\n|faint|p1a: Chesnaught\n|move|p1b: Goodra|Muddy Water|p2a: Pelipper|[spread] p2b\n|-miss|p1b: Goodra|p2a: Pelipper\n|-resisted|p2b: Archaludon|1\n|-damage|p2b: Archaludon|6/100\n|-ability|p2b: Archaludon|Stamina|boost\n|-boost|p2b: Archaludon|def|1\n|\n|-weather|RainDance|[upkeep]\n|-heal|p2b: Archaludon|12/100|[from] item: Leftovers\n|-heal|p1b: Goodra|64/100|[from] item: Leftovers\n|upkeep\n|turn|10\n|\n|t:|1776272012\n|move|p2b: Archaludon|Draco Meteor|p1b: Goodra|[miss]\n|-miss|p2b: Archaludon|p1b: Goodra\n|move|p2a: Pelipper|Tailwind|p2a: Pelipper\n|-sidestart|p2: Gorg07|move: Tailwind\n|move|p1b: Goodra|Muddy Water|p2a: Pelipper|[spread] p2a,p2b\n|-resisted|p2a: Pelipper|1\n|-resisted|p2b: Archaludon|1\n|-damage|p2a: Pelipper|0 fnt\n|-damage|p2b: Archaludon|0 fnt\n|faint|p2a: Pelipper\n|faint|p2b: Archaludon\n|\n|-weather|RainDance|[upkeep]\n|-heal|p1b: Goodra|70/100|[from] item: Leftovers\n|upkeep\n|\n|t:|1776272019\n|switch|p2a: Basculegion|Basculegion, L50, M|100/100\n|turn|11\n|\n|t:|1776272034\n|move|p2a: Basculegion|Last Respects|p1b: Goodra\n|-crit|p1b: Goodra\n|-damage|p1b: Goodra|0 fnt\n|faint|p1b: Goodra\n|\n|win|Gorg07\n|raw|the_sawzie's rating: 1000 &rarr; <strong>1000</strong><br />(+0 for losing)\n|raw|Gorg07's rating: 1034 &rarr; <strong>1065</strong><br />(+31 for winning)\n|l|\u2606Gorg07\n|player|p2|\n",
  "uploadtime": 1776272055,
  "views": 18,
  "formatid": "gen9championsvgc2026regma",
  "rating": 1000,
  "private": 0,
  "password": null
}