{
  "id": "gen9championsvgc2026regma-2584364475",
  "format": "[Gen 9 Champions] VGC 2026 Reg M-A",
  "players": [
    "Wermthermkerm",
    "jingming"
  ],
  "log": "|j|\u2606Wermthermkerm\n|j|\u2606jingming\n|t:|1776255155\n|gametype|doubles\n|player|p1|Wermthermkerm|gentleman-gen4|1000\n|player|p2|jingming|nate|1097\n|gen|9\n|tier|[Gen 9 Champions] VGC 2026 Reg M-A\n|rated|\n|rule|Species Clause: Limit one of each Pok\u00e9mon\n|rule|Item Clause: Limit 1 of each item\n|clearpoke\n|poke|p1|Alakazam, L50, M|\n|poke|p1|Gardevoir, L50, F|\n|poke|p1|Whimsicott, L50, M|\n|poke|p1|Sneasler, L50, F|\n|poke|p1|Basculegion, L50, M|\n|poke|p1|Sinistcha-Masterpiece, L50|\n|poke|p2|Alakazam, L50, M|\n|poke|p2|Farigiraf, L50, F|\n|poke|p2|Sneasler, L50, M|\n|poke|p2|Torkoal, L50, F|\n|poke|p2|Pangoro, L50, M|\n|poke|p2|Drampa, L50, M|\n|teampreview|4\n|inactive|Battle timer is ON: inactive players will automatically lose when time's up. (requested by jingming)\n|\n|t:|1776255182\n|teamsize|p1|4\n|teamsize|p2|4\n|start\n|switch|p1a: Socrates|Alakazam, L50, M|100/100\n|switch|p1b: Wally|Sneasler, L50, F|100/100\n|switch|p2a: Farigiraf|Farigiraf, L50, F|100/100\n|switch|p2b: Sneasler|Sneasler, L50, M|100/100\n|turn|1\n|\n|t:|1776255204\n|move|p1b: Wally|Fake Out||[still]\n|cant|p2a: Farigiraf|ability: Armor Tail|Fake Out|[of] p1b: Wally\n|move|p1a: Socrates|Expanding Force|p2b: Sneasler\n|-supereffective|p2b: Sneasler|2\n|-damage|p2b: Sneasler|0 fnt\n|faint|p2b: Sneasler\n|move|p2a: Farigiraf|Trick Room|p2a: Farigiraf\n|-fieldstart|move: Trick Room|[of] p2a: Farigiraf\n|\n|upkeep\n|\n|t:|1776255211\n|switch|p2b: Torkoal|Torkoal, L50, F|100/100\n|-weather|SunnyDay|[from] ability: Drought|[of] p2b: Torkoal\n|turn|2\n|\n|t:|1776255223\n|move|p1a: Socrates|Protect|p1a: Socrates\n|-singleturn|p1a: Socrates|Protect\n|move|p2a: Farigiraf|Ally Switch|p2a: Farigiraf\n|swap|p2a: Farigiraf|1|[from] move: Ally Switch\n|move|p2a: Torkoal|Eruption|p1b: Wally|[spread] p1b\n|-activate|p1a: Socrates|move: Protect\n|-damage|p1b: Wally|0 fnt\n|faint|p1b: Wally\n|\n|-weather|SunnyDay|[upkeep]\n|upkeep\n|\n|t:|1776255239\n|switch|p1b: Heartbreaker|Gardevoir, L50, F|100/100\n|turn|3\n|\n|t:|1776255243\n|switch|p1a: Torpedo|Basculegion, L50, M|100/100\n|move|p2b: Farigiraf|Helping Hand|p2a: Torkoal\n|-singleturn|p2a: Torkoal|Helping Hand|[of] p2b: Farigiraf\n|move|p1b: Heartbreaker|Protect|p1b: Heartbreaker\n|-singleturn|p1b: Heartbreaker|Protect\n|move|p2a: Torkoal|Eruption|p1b: Heartbreaker|[spread] p1a\n|-activate|p1b: Heartbreaker|move: Protect\n|-resisted|p1a: Torpedo|1\n|-damage|p1a: Torpedo|32/100\n|\n|-weather|SunnyDay|[upkeep]\n|upkeep\n|turn|4\n|\n|t:|1776255267\n|move|p2b: Farigiraf|Helping Hand|p2a: Torkoal\n|-singleturn|p2a: Torkoal|Helping Hand|[of] p2b: Farigiraf\n|move|p2a: Torkoal|Heat Wave|p1a: Torpedo|[spread] p1b\n|-miss|p2a: Torkoal|p1a: Torpedo\n|-damage|p1b: Heartbreaker|8/100\n|move|p1b: Heartbreaker|Psychic Terrain|p1b: Heartbreaker\n|-fieldstart|move: Psychic Terrain\n|move|p1a: Torpedo|Head Smash|p2a: Torkoal\n|-supereffective|p2a: Torkoal|1\n|-damage|p2a: Torkoal|25/100\n|-damage|p1a: Torpedo|0 fnt|[from] Recoil\n|faint|p1a: Torpedo\n|\n|-weather|SunnyDay|[upkeep]\n|upkeep\n|\n|t:|1776255282\n|switch|p1a: Socrates|Alakazam, L50, M|100/100\n|turn|5\n|\n|t:|1776255296\n|switch|p2b: Pangoro|Pangoro, L50, M|100/100\n|move|p1b: Heartbreaker|Protect|p1b: Heartbreaker\n|-singleturn|p1b: Heartbreaker|Protect\n|move|p1a: Socrates|Protect|p1a: Socrates\n|-singleturn|p1a: Socrates|Protect\n|move|p2a: Torkoal|Heat Wave|p1b: Heartbreaker|[spread] \n|-activate|p1a: Socrates|move: Protect\n|-activate|p1b: Heartbreaker|move: Protect\n|\n|-weather|SunnyDay|[upkeep]\n|-fieldend|move: Trick Room\n|upkeep\n|turn|6\n|\n|t:|1776255313\n|detailschange|p1b: Heartbreaker|Gardevoir-Mega, L50, F\n|-mega|p1b: Heartbreaker|Gardevoir|Gardevoirite\n|move|p2b: Pangoro|Bullet Punch|p1b: Heartbreaker\n|-activate|p1b: Heartbreaker|move: Psychic Terrain\n|move|p1a: Socrates|Expanding Force|p2b: Pangoro|[spread] p2a\n|-immune|p2b: Pangoro\n|-damage|p2a: Torkoal|0 fnt\n|faint|p2a: Torkoal\n|move|p1b: Heartbreaker|Hyper Voice|p2b: Pangoro\n|-supereffective|p2b: Pangoro|2\n|-damage|p2b: Pangoro|0 fnt\n|faint|p2b: Pangoro\n|\n|-weather|none\n|upkeep\n|\n|t:|1776255321\n|switch|p2b: Farigiraf|Farigiraf, L50, F|100/100\n|turn|7\n|-message|jingming forfeited.\n|\n|win|Wermthermkerm\n|raw|Wermthermkerm's rating: 1000 &rarr; <strong>1051</strong><br />(+51 for winning)\n|raw|jingming's rating: 1097 &rarr; <strong>1066</strong><br />(-31 for losing)\n|l|\u2606jingming\n|player|p2|\n",
  "uploadtime": 1776255457,
  "views": 22,
  "formatid": "gen9championsvgc2026regma",
  "rating": 1051,
  "private": 0,
  "password": null
}