{
  "id": "gen9championsvgc2026regma-2584830268",
  "format": "[Gen 9 Champions] VGC 2026 Reg M-A",
  "players": [
    "Burroughs",
    "Mirthinion"
  ],
  "log": "|j|\u2606Burroughs\n|j|\u2606Mirthinion\n|t:|1776286939\n|gametype|doubles\n|player|p1|Burroughs|265|1372\n|player|p2|Mirthinion|janitor|1432\n|gen|9\n|tier|[Gen 9 Champions] VGC 2026 Reg M-A\n|rated|\n|rule|Species Clause: Limit one of each Pok\u00e9mon\n|rule|Item Clause: Limit 1 of each item\n|clearpoke\n|poke|p1|Floette-Eternal, L50, F|\n|poke|p1|Incineroar, L50, M|\n|poke|p1|Kommo-o, L50, F|\n|poke|p1|Sneasler, L50, M|\n|poke|p1|Rotom-Wash, L50|\n|poke|p1|Aegislash, L50, F|\n|poke|p2|Tyranitar, L50, M|\n|poke|p2|Lycanroc, L50, M|\n|poke|p2|Primarina, L50, F|\n|poke|p2|Corviknight, L50, M|\n|poke|p2|Sneasler, L50, M|\n|poke|p2|Incineroar, L50, M|\n|teampreview|4\n|inactive|Battle timer is ON: inactive players will automatically lose when time's up. (requested by Mirthinion)\n|inactive|Burroughs has 60 seconds left.\n|inactive|Mirthinion has 60 seconds left.\n|inactive|Burroughs has 30 seconds left.\n|inactive|Burroughs has 20 seconds left.\n|inactive|Burroughs has 15 seconds left.\n|inactive|Burroughs has 10 seconds left.\n|\n|t:|1776287023\n|teamsize|p1|4\n|teamsize|p2|4\n|start\n|switch|p1a: Rotom|Rotom-Wash, L50|100/100\n|switch|p1b: Floette|Floette-Eternal, L50, F, shiny|100/100\n|switch|p2a: Sneasler|Sneasler, L50, M|100/100\n|switch|p2b: Corviknight|Corviknight, L50, M|100/100\n|turn|1\n|inactive|Mirthinion has 30 seconds left.\n|inactive|Mirthinion has 20 seconds left.\n|\n|t:|1776287059\n|switch|p1b: Aegislash|Aegislash, L50, F|100/100\n|move|p1a: Rotom|Will-O-Wisp|p2a: Sneasler\n|-status|p2a: Sneasler|brn\n|move|p2a: Sneasler|Close Combat|p1a: Rotom\n|-damage|p1a: Rotom|60/100\n|-unboost|p2a: Sneasler|def|1\n|-unboost|p2a: Sneasler|spd|1\n|-enditem|p2a: Sneasler|White Herb\n|-clearnegativeboost|p2a: Sneasler|[silent]\n|move|p2b: Corviknight|Tailwind|p2b: Corviknight\n|-sidestart|p2: Mirthinion|move: Tailwind\n|\n|-damage|p2a: Sneasler|95/100 brn|[from] brn\n|upkeep\n|turn|2\n|j| sdfvbgfa\n|\n|t:|1776287078\n|switch|p2b: Incineroar|Incineroar, L50, M|100/100\n|-ability|p2b: Incineroar|Intimidate|boost\n|-unboost|p1a: Rotom|atk|1\n|-unboost|p1b: Aegislash|atk|1\n|move|p2a: Sneasler|Dire Claw|p1a: Rotom\n|-damage|p1a: Rotom|34/100\n|move|p1a: Rotom|Will-O-Wisp|p2b: Incineroar\n|-immune|p2b: Incineroar\n|-formechange|p1b: Aegislash|Aegislash-Blade|\n|move|p1b: Aegislash|Iron Head|p2a: Sneasler\n|-damage|p2a: Sneasler|43/100 brn\n|\n|-damage|p2a: Sneasler|37/100 brn|[from] brn\n|upkeep\n|turn|3\n|j| Choklit Milk\n|l| Choklit Milk\n|inactive|Burroughs has 30 seconds left.\n|inactive|Mirthinion has 30 seconds left.\n|\n|t:|1776287111\n|switch|p1a: Kommo-o|Kommo-o, L50, F|100/100\n|move|p2a: Sneasler|Close Combat|p1a: Kommo-o\n|-damage|p1a: Kommo-o|71/100\n|-unboost|p2a: Sneasler|def|1\n|-unboost|p2a: Sneasler|spd|1\n|move|p2b: Incineroar|Flare Blitz|p1b: Aegislash\n|-supereffective|p1b: Aegislash|1\n|-damage|p1b: Aegislash|0 fnt\n|faint|p1b: Aegislash\n|-damage|p2b: Incineroar|74/100|[from] Recoil\n|\n|-heal|p1a: Kommo-o|77/100|[from] item: Leftovers\n|-damage|p2a: Sneasler|31/100 brn|[from] brn\n|upkeep\n|\n|t:|1776287116\n|switch|p1b: Floette|Floette-Eternal, L50, F, shiny|100/100\n|turn|4\n|\n|t:|1776287140\n|detailschange|p1b: Floette|Floette-Mega, L50, F, shiny\n|-mega|p1b: Floette|Floette|Floettite\n|-ability|p1b: Floette|Fairy Aura\n|move|p1b: Floette|Protect|p1b: Floette\n|-singleturn|p1b: Floette|Protect\n|move|p2a: Sneasler|Dire Claw|p1b: Floette\n|-activate|p1b: Floette|move: Protect\n|move|p2b: Incineroar|Will-O-Wisp|p1a: Kommo-o\n|-status|p1a: Kommo-o|brn\n|move|p1a: Kommo-o|Clangorous Soul|p1a: Kommo-o\n|-boost|p1a: Kommo-o|atk|1\n|-boost|p1a: Kommo-o|def|1\n|-boost|p1a: Kommo-o|spa|1\n|-boost|p1a: Kommo-o|spd|1\n|-boost|p1a: Kommo-o|spe|1\n|-damage|p1a: Kommo-o|44/100 brn\n|\n|-heal|p1a: Kommo-o|50/100 brn|[from] item: Leftovers\n|-damage|p2a: Sneasler|25/100 brn|[from] brn\n|-damage|p1a: Kommo-o|44/100 brn|[from] brn\n|-sideend|p2: Mirthinion|move: Tailwind\n|upkeep\n|turn|5\n|inactive|Mirthinion has 30 seconds left.\n|\n|t:|1776287174\n|move|p2a: Sneasler|Dire Claw|p1a: Kommo-o\n|-damage|p1a: Kommo-o|30/100 brn\n|move|p1a: Kommo-o|Aura Sphere|p2b: Incineroar\n|-supereffective|p2b: Incineroar|1\n|-enditem|p2b: Incineroar|Chople Berry|[eat]\n|-enditem|p2b: Incineroar|Chople Berry|[weaken]\n|-damage|p2b: Incineroar|32/100\n|move|p1b: Floette|Dazzling Gleam|p2b: Incineroar|[spread] p2a,p2b\n|-damage|p2a: Sneasler|0 fnt\n|-damage|p2b: Incineroar|0 fnt\n|faint|p2a: Sneasler\n|faint|p2b: Incineroar\n|\n|-heal|p1a: Kommo-o|36/100 brn|[from] item: Leftovers\n|-damage|p1a: Kommo-o|30/100 brn|[from] brn\n|upkeep\n|\n|t:|1776287188\n|switch|p2a: Corviknight|Corviknight, L50, M|100/100\n|switch|p2b: Primarina|Primarina, L50, F|100/100\n|turn|6\n|\n|t:|1776287210\n|move|p1a: Kommo-o|Protect|p1a: Kommo-o\n|-singleturn|p1a: Kommo-o|Protect\n|move|p1b: Floette|Calm Mind|p1b: Floette\n|-boost|p1b: Floette|spa|1\n|-boost|p1b: Floette|spd|1\n|move|p2b: Primarina|Icy Wind|p1b: Floette|[spread] p1b\n|-activate|p1a: Kommo-o|move: Protect\n|-damage|p1b: Floette|94/100\n|-unboost|p1b: Floette|spe|1\n|move|p2a: Corviknight|Tailwind|p2a: Corviknight\n|-sidestart|p2: Mirthinion|move: Tailwind\n|\n|-heal|p1a: Kommo-o|36/100 brn|[from] item: Leftovers\n|-damage|p1a: Kommo-o|30/100 brn|[from] brn\n|upkeep\n|turn|7\n|\n|t:|1776287232\n|move|p1a: Kommo-o|Aura Sphere|p2a: Corviknight\n|-damage|p2a: Corviknight|63/100\n|move|p2b: Primarina|Moonblast|p1a: Kommo-o\n|-supereffective|p1a: Kommo-o|2\n|-damage|p1a: Kommo-o|0 fnt\n|faint|p1a: Kommo-o\n|move|p2a: Corviknight|Iron Head|p1b: Floette\n|-supereffective|p1b: Floette|1\n|-damage|p1b: Floette|41/100\n|move|p1b: Floette|Moonblast|p2b: Primarina\n|-damage|p2b: Primarina|0 fnt\n|faint|p2b: Primarina\n|\n|upkeep\n|\n|t:|1776287245\n|switch|p1a: Rotom|Rotom-Wash, L50|34/100\n|turn|8\n|\n|t:|1776287250\n|move|p1a: Rotom|Thunderbolt|p2a: Corviknight\n|-supereffective|p2a: Corviknight|1\n|-damage|p2a: Corviknight|0 fnt\n|faint|p2a: Corviknight\n|\n|win|Burroughs\n|raw|Burroughs's rating: 1372 &rarr; <strong>1395</strong><br />(+23 for winning)\n|raw|Mirthinion's rating: 1432 &rarr; <strong>1409</strong><br />(-23 for losing)\n|l|\u2606Burroughs\n|player|p1|\n|l| sdfvbgfa\n",
  "uploadtime": 1776287576,
  "views": 62,
  "formatid": "gen9championsvgc2026regma",
  "rating": 1395,
  "private": 0,
  "password": null
}