{
  "id": "gen9championsvgc2026regma-2588210468",
  "format": "[Gen 9 Champions] VGC 2026 Reg M-A",
  "players": [
    "angel1425",
    "sdlt 2krl coolguy"
  ],
  "log": "|raw|<div class=\"broadcast-blue\"><strong>This battle is required to be public due to a player having a name starting with 'sdlt'.</div>\n|j|\u2606angel1425\n|j|\u2606sdlt 2krl coolguy\n|t:|1776614705\n|gametype|doubles\n|player|p1|angel1425|volkner|1334\n|player|p2|sdlt 2krl coolguy|leon-masters2|1251\n|gen|9\n|tier|[Gen 9 Champions] VGC 2026 Reg M-A\n|rated|\n|rule|Species Clause: Limit one of each Pok\u00e9mon\n|rule|Item Clause: Limit 1 of each item\n|clearpoke\n|poke|p1|Sinistcha-Masterpiece, L50|\n|poke|p1|Slowking, L50, F|\n|poke|p1|Crabominable, L50, M|\n|poke|p1|Gengar, L50, M|\n|poke|p1|Incineroar, L50, M|\n|poke|p1|Basculegion, L50, M|\n|poke|p2|Floette-Eternal, L50, F|\n|poke|p2|Incineroar, L50, M|\n|poke|p2|Sinistcha, L50|\n|poke|p2|Garchomp, L50, F|\n|poke|p2|Sneasler, L50, M|\n|poke|p2|Kingambit, L50, M|\n|teampreview|4\n|inactive|Battle timer is ON: inactive players will automatically lose when time's up. (requested by sdlt 2krl coolguy)\n|inactive|angel1425 also wants the timer to be on.\n|\n|t:|1776614720\n|teamsize|p1|4\n|teamsize|p2|4\n|start\n|switch|p1a: Incineroar|Incineroar, L50, M|100/100\n|switch|p1b: Gengar|Gengar, L50, M|100/100\n|switch|p2a: Floette|Floette-Eternal, L50, F|100/100\n|switch|p2b: Incineroar|Incineroar, L50, M|100/100\n|-ability|p2b: Incineroar|Intimidate|boost\n|-unboost|p1a: Incineroar|atk|1\n|-unboost|p1b: Gengar|atk|1\n|-ability|p1a: Incineroar|Intimidate|boost\n|-unboost|p2a: Floette|atk|1\n|-unboost|p2b: Incineroar|atk|1\n|turn|1\n|\n|t:|1776614735\n|switch|p2b: Kingambit|Kingambit, L50, M|100/100\n|detailschange|p1b: Gengar|Gengar-Mega, L50, M\n|-mega|p1b: Gengar|Gengar|Gengarite\n|detailschange|p2a: Floette|Floette-Mega, L50, F\n|-mega|p2a: Floette|Floette|Floettite\n|-ability|p2a: Floette|Fairy Aura\n|move|p1a: Incineroar|Fake Out|p2b: Kingambit\n|-resisted|p2b: Kingambit|1\n|-damage|p2b: Kingambit|98/100\n|move|p1b: Gengar|Focus Blast|p2b: Kingambit|[miss]\n|-miss|p1b: Gengar|p2b: Kingambit\n|move|p2a: Floette|Moonblast|p1a: Incineroar\n|-damage|p1a: Incineroar|44/100\n|-enditem|p1a: Incineroar|Sitrus Berry|[eat]\n|-heal|p1a: Incineroar|69/100|[from] item: Sitrus Berry\n|\n|upkeep\n|turn|2\n|inactive|angel1425 has 30 seconds left.\n|inactive|angel1425 has 20 seconds left.\n|inactive|angel1425 has 15 seconds left.\n|\n|t:|1776614777\n|switch|p1b: Sinistcha|Sinistcha-Masterpiece, L50|100/100\n|-heal|p1a: Incineroar|94/100|[from] ability: Hospitality|[of] p1b: Sinistcha\n|move|p2b: Kingambit|Sucker Punch||[still]\n|-fail|p2b: Kingambit\n|move|p2a: Floette|Dazzling Gleam|p1a: Incineroar|[spread] p1a,p1b\n|-damage|p1a: Incineroar|57/100\n|-damage|p1b: Sinistcha|40/100\n|move|p1a: Incineroar|Flare Blitz|p2b: Kingambit\n|-supereffective|p2b: Kingambit|1\n|-damage|p2b: Kingambit|47/100\n|-status|p2b: Kingambit|brn\n|-damage|p1a: Incineroar|41/100|[from] Recoil\n|\n|-heal|p1b: Sinistcha|46/100|[from] item: Leftovers\n|-damage|p2b: Kingambit|42/100 brn|[from] brn\n|upkeep\n|turn|3\n|\n|t:|1776614799\n|switch|p2b: Incineroar|Incineroar, L50, M|100/100\n|-ability|p2b: Incineroar|Intimidate|boost\n|-unboost|p1a: Incineroar|atk|1\n|-unboost|p1b: Sinistcha|atk|1\n|move|p2a: Floette|Calm Mind|p2a: Floette\n|-boost|p2a: Floette|spa|1\n|-boost|p2a: Floette|spd|1\n|move|p1b: Sinistcha|Matcha Gotcha|p2b: Incineroar|[spread] p2a,p2b\n|-crit|p2a: Floette\n|-resisted|p2b: Incineroar|1\n|-damage|p2a: Floette|73/100\n|-heal|p1b: Sinistcha|60/100|[from] drain|[of] p2a: Floette\n|-damage|p2b: Incineroar|90/100\n|-heal|p1b: Sinistcha|66/100|[from] drain|[of] p2b: Incineroar\n|move|p1a: Incineroar|Parting Shot|p2a: Floette\n|-unboost|p2a: Floette|atk|1\n|-unboost|p2a: Floette|spa|1\n|j| thepokemonuploads\n|l| thepokemonuploads\n|\n|t:|1776614816\n|switch|p1a: Basculegion|Basculegion, L50, M|100/100|[from] Parting Shot\n|\n|-heal|p1b: Sinistcha|72/100|[from] item: Leftovers\n|upkeep\n|turn|4\n|\n|t:|1776614830\n|switch|p2b: Sinistcha|Sinistcha, L50|100/100\n|-heal|p2a: Floette|98/100|[from] ability: Hospitality|[of] p2b: Sinistcha\n|move|p1a: Basculegion|Wave Crash|p2a: Floette\n|-damage|p2a: Floette|21/100\n|-damage|p1a: Basculegion|77/100|[from] Recoil\n|move|p2a: Floette|Moonblast|p1a: Basculegion\n|-crit|p1a: Basculegion\n|-damage|p1a: Basculegion|0 fnt\n|faint|p1a: Basculegion\n|move|p1b: Sinistcha|Matcha Gotcha|p2b: Sinistcha|[spread] p2a\n|-miss|p1b: Sinistcha|p2b: Sinistcha\n|-damage|p2a: Floette|9/100\n|-heal|p1b: Sinistcha|79/100|[from] drain|[of] p2a: Floette\n|\n|-heal|p1b: Sinistcha|85/100|[from] item: Leftovers\n|upkeep\n|\n|t:|1776614848\n|switch|p1a: Incineroar|Incineroar, L50, M|41/100\n|-ability|p1a: Incineroar|Intimidate|boost\n|-unboost|p2a: Floette|atk|1\n|-unboost|p2b: Sinistcha|atk|1\n|turn|5\n|l|\u2606sdlt 2krl coolguy\n|inactive|sdlt 2krl coolguy disconnected and has a minute to reconnect!\n|player|p2|\n|inactive|sdlt 2krl coolguy has 30 seconds left.\n|inactive|sdlt 2krl coolguy has 20 seconds left.\n|inactive|sdlt 2krl coolguy has 15 seconds left.\n|j|\u2606sdlt 2krl coolguy\n|inactive|sdlt 2krl coolguy reconnected and has 15 seconds left.\n|player|p2|sdlt 2krl coolguy|leon-masters2|\n|inactive|sdlt 2krl coolguy has 10 seconds left.\n|\n|t:|1776614894\n|move|p2a: Floette|Protect|p2a: Floette\n|-singleturn|p2a: Floette|Protect\n|move|p1a: Incineroar|Fake Out|p2a: Floette\n|-activate|p2a: Floette|move: Protect\n|move|p2b: Sinistcha|Life Dew||[still]|[spread] p2a,p2b\n|-heal|p2a: Floette|34/100\n|-fail|p2b: Sinistcha|heal\n|move|p1b: Sinistcha|Matcha Gotcha|p2a: Floette|[spread] p2b\n|-activate|p2a: Floette|move: Protect\n|-resisted|p2b: Sinistcha|1\n|-damage|p2b: Sinistcha|90/100\n|-heal|p1b: Sinistcha|90/100|[from] drain|[of] p2b: Sinistcha\n|\n|-heal|p1b: Sinistcha|96/100|[from] item: Leftovers\n|upkeep\n|turn|6\n|inactive|angel1425 has 30 seconds left.\n|\n|t:|1776614921\n|move|p2b: Sinistcha|Rage Powder|p2b: Sinistcha\n|-singleturn|p2b: Sinistcha|move: Rage Powder\n|move|p2a: Floette|Dazzling Gleam|p1b: Sinistcha|[spread] p1a,p1b\n|-crit|p1a: Incineroar\n|-damage|p1a: Incineroar|0 fnt\n|-damage|p1b: Sinistcha|36/100\n|faint|p1a: Incineroar\n|move|p1b: Sinistcha|Matcha Gotcha|p2b: Sinistcha|[spread] p2a,p2b\n|-resisted|p2b: Sinistcha|1\n|-damage|p2a: Floette|21/100\n|-heal|p1b: Sinistcha|43/100|[from] drain|[of] p2a: Floette\n|-damage|p2b: Sinistcha|79/100\n|-heal|p1b: Sinistcha|48/100|[from] drain|[of] p2b: Sinistcha\n|\n|-heal|p1b: Sinistcha|54/100|[from] item: Leftovers\n|upkeep\n|\n|t:|1776614936\n|switch|p1a: Gengar|Gengar-Mega, L50, M|100/100\n|turn|7\n|\n|t:|1776614948\n|move|p2b: Sinistcha|Rage Powder|p2b: Sinistcha\n|-singleturn|p2b: Sinistcha|move: Rage Powder\n|move|p1a: Gengar|Shadow Ball|p2b: Sinistcha\n|-supereffective|p2b: Sinistcha|1\n|-damage|p2b: Sinistcha|0 fnt\n|faint|p2b: Sinistcha\n|move|p2a: Floette|Moonblast|p1b: Sinistcha\n|-damage|p1b: Sinistcha|0 fnt\n|faint|p1b: Sinistcha\n|\n|upkeep\n|\n|t:|1776614953\n|switch|p2b: Incineroar|Incineroar, L50, M|90/100\n|-ability|p2b: Incineroar|Intimidate|boost\n|-unboost|p1a: Gengar|atk|1\n|turn|8\n|\n|t:|1776614964\n|move|p1a: Gengar|Sludge Bomb|p2a: Floette\n|-supereffective|p2a: Floette|1\n|-damage|p2a: Floette|0 fnt\n|faint|p2a: Floette\n|move|p2b: Incineroar|Darkest Lariat|p1a: Gengar\n|-supereffective|p1a: Gengar|1\n|-damage|p1a: Gengar|0 fnt\n|faint|p1a: Gengar\n|\n|win|sdlt 2krl coolguy\n|raw|angel1425's rating: 1334 &rarr; <strong>1309</strong><br />(-25 for losing)\n|raw|sdlt 2krl coolguy's rating: 1251 &rarr; <strong>1282</strong><br />(+31 for winning)\n|l|\u2606angel1425\n|player|p1|\n|l|\u2606sdlt 2krl coolguy\n|player|p2|\n|j|\u2606sdlt 2krl coolguy\n|player|p2|sdlt 2krl coolguy|leon-masters2|\n",
  "uploadtime": 1776615385,
  "views": 10,
  "formatid": "gen9championsvgc2026regma",
  "rating": 1282,
  "private": 0,
  "password": null
}