{
  "id": "gen9championsvgc2026regma-2587832089",
  "format": "[Gen 9 Champions] VGC 2026 Reg M-A",
  "players": [
    "corek",
    "oguricapfan"
  ],
  "log": "|j|\u2606corek\n|j|\u2606oguricapfan\n|t:|1776568565\n|gametype|doubles\n|player|p1|corek|lucas|1106\n|player|p2|oguricapfan|aromalady|1003\n|gen|9\n|tier|[Gen 9 Champions] VGC 2026 Reg M-A\n|rated|\n|rule|Species Clause: Limit one of each Pok\u00e9mon\n|rule|Item Clause: Limit 1 of each item\n|clearpoke\n|poke|p1|Meowstic-F, L50, F|\n|poke|p1|Wyrdeer, L50, M|\n|poke|p1|Hatterene, L50, F|\n|poke|p1|Gardevoir, L50, F|\n|poke|p1|Empoleon, L50, M|\n|poke|p1|Sneasler, L50, F|\n|poke|p2|Runerigus, L50, M, shiny|\n|poke|p2|Clefable, L50, F|\n|poke|p2|Zoroark-Hisui, L50, M, shiny|\n|poke|p2|Kommo-o, L50, M|\n|poke|p2|Snorlax, L50, F|\n|poke|p2|Medicham, L50, M|\n|teampreview|4\n|inactive|Battle timer is ON: inactive players will automatically lose when time's up. (requested by oguricapfan)\n|inactive|corek has 60 seconds left.\n|inactive|oguricapfan has 60 seconds left.\n|\n|t:|1776568604\n|teamsize|p1|4\n|teamsize|p2|4\n|start\n|switch|p1a: Meowstic|Meowstic-F, L50, F|100/100\n|switch|p1b: Wyrdeer|Wyrdeer, L50, M|100/100\n|switch|p2a: Clefable|Clefable, L50, F|100/100\n|switch|p2b: Kommo-o|Kommo-o, L50, M|100/100\n|-ability|p1b: Wyrdeer|Intimidate|boost\n|-unboost|p2a: Clefable|atk|1\n|-unboost|p2b: Kommo-o|atk|1\n|turn|1\n|inactive|corek has 30 seconds left.\n|\n|t:|1776568630\n|switch|p2b: Runerigus|Runerigus, L50, M, shiny|100/100\n|detailschange|p2a: Clefable|Clefable-Mega, L50, F\n|-mega|p2a: Clefable|Clefable|Clefablite\n|move|p1a: Meowstic|Fake Out|p2b: Runerigus\n|-immune|p2b: Runerigus\n|move|p1b: Wyrdeer|Skill Swap|p2a: Clefable\n|-activate|p1b: Wyrdeer|Skill Swap|Magic Bounce|Intimidate|[of] p2a: Clefable\n|-ability|p2a: Clefable|Intimidate|boost\n|-unboost|p1a: Meowstic|atk|1\n|-ability|p1a: Meowstic|Competitive|boost\n|-boost|p1a: Meowstic|spa|2\n|-unboost|p1b: Wyrdeer|atk|1\n|move|p2a: Clefable|Calm Mind|p2a: Clefable\n|-boost|p2a: Clefable|spa|1\n|-boost|p2a: Clefable|spd|1\n|\n|upkeep\n|turn|2\n|inactive|oguricapfan has 30 seconds left.\n|inactive|oguricapfan has 20 seconds left.\n|inactive|oguricapfan has 15 seconds left.\n|inactive|oguricapfan has 10 seconds left.\n|\n|t:|1776568678\n|move|p1a: Meowstic|Baton Pass|p1a: Meowstic\n|\n|t:|1776568682\n|switch|p1a: Hatterene|Hatterene, L50, F|100/100|[from] Baton Pass\n|move|p2a: Clefable|Air Slash|p1a: Hatterene\n|-damage|p1a: Hatterene|40/100\n|move|p1b: Wyrdeer|Trick Room|p1b: Wyrdeer\n|-fieldstart|move: Trick Room|[of] p1b: Wyrdeer\n|move|p2b: Runerigus|Trick Room|p2b: Runerigus\n|-fieldend|move: Trick Room\n|\n|upkeep\n|turn|3\n|\n|t:|1776568700\n|move|p1a: Hatterene|Protect|p1a: Hatterene\n|-singleturn|p1a: Hatterene|Protect\n|move|p2a: Clefable|Air Slash|p1a: Hatterene\n|-activate|p1a: Hatterene|move: Protect\n|move|p2b: Runerigus|Imprison|p2b: Runerigus\n|-start|p2b: Runerigus|move: Imprison\n|cant|p1b: Wyrdeer|move: Imprison|Trick Room\n|\n|upkeep\n|turn|4\n|inactive|corek has 30 seconds left.\n|\n|t:|1776568725\n|move|p1b: Wyrdeer|Thunderbolt|p2a: Clefable\n|-supereffective|p2a: Clefable|1\n|-damage|p2a: Clefable|74/100\n|move|p2a: Clefable|Air Slash|p1a: Hatterene\n|-damage|p1a: Hatterene|0 fnt\n|faint|p1a: Hatterene\n|move|p2b: Runerigus|Earthquake|p1b: Wyrdeer|[spread] p1b\n|-immune|p2a: Clefable\n|-damage|p1b: Wyrdeer|62/100\n|\n|upkeep\n|\n|t:|1776568740\n|switch|p1a: Gardevoir|Gardevoir, L50, F|100/100\n|turn|5\n|inactive|oguricapfan has 30 seconds left.\n|\n|t:|1776568772\n|switch|p2b: Snorlax|Snorlax, L50, F|100/100\n|detailschange|p1a: Gardevoir|Gardevoir-Mega, L50, F\n|-mega|p1a: Gardevoir|Gardevoir|Gardevoirite\n|move|p1a: Gardevoir|Hyper Voice|p2a: Clefable|[spread] p2a,p2b\n|-damage|p2a: Clefable|45/100\n|-damage|p2b: Snorlax|69/100\n|move|p1b: Wyrdeer|Thunderbolt|p2a: Clefable\n|-supereffective|p2a: Clefable|1\n|-damage|p2a: Clefable|17/100\n|move|p2a: Clefable|Draining Kiss|p1b: Wyrdeer\n|-damage|p1b: Wyrdeer|16/100\n|-heal|p2a: Clefable|58/100|[from] drain|[of] p1b: Wyrdeer\n|\n|upkeep\n|turn|6\n|\n|t:|1776568797\n|move|p1a: Gardevoir|Hyper Voice|p2b: Snorlax|[spread] p2a,p2b\n|-damage|p2a: Clefable|25/100\n|-damage|p2b: Snorlax|38/100\n|-enditem|p2b: Snorlax|Sitrus Berry|[eat]\n|-heal|p2b: Snorlax|63/100|[from] item: Sitrus Berry\n|move|p1b: Wyrdeer|Thunderbolt|p2a: Clefable\n|-supereffective|p2a: Clefable|1\n|-damage|p2a: Clefable|1/100\n|move|p2a: Clefable|Draining Kiss|p1a: Gardevoir\n|-damage|p1a: Gardevoir|63/100\n|-heal|p2a: Clefable|24/100|[from] drain|[of] p1a: Gardevoir\n|move|p2b: Snorlax|Body Slam|p1a: Gardevoir\n|-crit|p1a: Gardevoir\n|-damage|p1a: Gardevoir|0 fnt\n|faint|p1a: Gardevoir\n|\n|upkeep\n|\n|t:|1776568811\n|switch|p1a: Meowstic|Meowstic-F, L50, F|100/100\n|turn|7\n|\n|t:|1776568833\n|move|p2a: Clefable|Helping Hand|p2b: Snorlax\n|-singleturn|p2b: Snorlax|Helping Hand|[of] p2a: Clefable\n|move|p1b: Wyrdeer|Thunderbolt|p2a: Clefable\n|-supereffective|p2a: Clefable|1\n|-damage|p2a: Clefable|0 fnt\n|faint|p2a: Clefable\n|move|p1a: Meowstic|Psychic|p2b: Snorlax\n|-damage|p2b: Snorlax|41/100\n|-unboost|p2b: Snorlax|spd|1\n|move|p2b: Snorlax|Body Slam|p1a: Meowstic\n|-damage|p1a: Meowstic|44/100\n|-status|p1a: Meowstic|par\n|\n|upkeep\n|\n|t:|1776568845\n|switch|p2a: Kommo-o|Kommo-o, L50, M|100/100\n|turn|8\n|\n|t:|1776568853\n|move|p2a: Kommo-o|Clanging Scales|p1b: Wyrdeer|[spread] p1a,p1b\n|-damage|p1a: Meowstic|6/100 par\n|-damage|p1b: Wyrdeer|0 fnt\n|faint|p1b: Wyrdeer\n|-unboost|p2a: Kommo-o|def|1\n|move|p1a: Meowstic|Psychic|p2a: Kommo-o\n|-supereffective|p2a: Kommo-o|1\n|-damage|p2a: Kommo-o|27/100\n|move|p2b: Snorlax|Body Slam|p1a: Meowstic\n|-damage|p1a: Meowstic|0 fnt\n|faint|p1a: Meowstic\n|\n|win|oguricapfan\n|raw|corek's rating: 1106 &rarr; <strong>1074</strong><br />(-32 for losing)\n|raw|oguricapfan's rating: 1003 &rarr; <strong>1054</strong><br />(+51 for winning)\n|l|\u2606corek\n|player|p1|\n|l|\u2606oguricapfan\n|player|p2|\n|j|\u2606oguricapfan\n|player|p2|oguricapfan|aromalady|\n",
  "uploadtime": 1776568988,
  "views": 18,
  "formatid": "gen9championsvgc2026regma",
  "rating": 1054,
  "private": 0,
  "password": null
}