{
  "id": "gen9championsvgc2026regma-2580293807",
  "format": "[Gen 9 Champions] VGC 2026 Reg M-A",
  "players": [
    "holdingb",
    "magicalarcher57"
  ],
  "log": "|j|\u2606holdingb\n|j|\u2606magicalarcher57\n|t:|1775876876\n|gametype|doubles\n|player|p1|holdingb|anabel-gen7|\n|player|p2|magicalarcher57|cynthia-masters4|\n|gen|9\n|tier|[Gen 9 Champions] VGC 2026 Reg M-A\n|rated|Tournament battle\n|rule|Species Clause: Limit one of each Pok\u00e9mon\n|rule|Item Clause: Limit 1 of each item\n|clearpoke\n|poke|p1|Talonflame, L50, F|\n|poke|p1|Garchomp, L50, F|\n|poke|p1|Sylveon, L50, M|\n|poke|p1|Kangaskhan, L50, F|\n|poke|p1|Aegislash, L50, F|\n|poke|p1|Rotom-Wash, L50|\n|poke|p2|Garchomp, L50, F|\n|poke|p2|Kangaskhan, L50, F|\n|poke|p2|Farigiraf, L50, M|\n|poke|p2|Basculegion, L50, M|\n|poke|p2|Talonflame, L50, F|\n|poke|p2|Sneasler, L50, M|\n|teampreview|4\n|inactive|Battle timer is ON: inactive players will automatically lose when time's up. (requested by holdingb)\n|j| bahumat\n|c|\u2606magicalarcher57|woah\n|c|\u2606magicalarcher57|fellow talon chomp khanger\n|c|\u2606magicalarcher57|glhf\n|c|\u2606holdingb|u2\n|j| wowee20\n|j|@Radio Free C-Side\n|inactive|holdingb has 60 seconds left.\n|\n|t:|1775876931\n|teamsize|p1|4\n|teamsize|p2|4\n|start\n|switch|p1a: Talonflame|Talonflame, L50, F|100/100\n|switch|p1b: Garchomp|Garchomp, L50, F|100/100\n|switch|p2a: Kangaskhan|Kangaskhan, L50, F, shiny|100/100\n|switch|p2b: Farigiraf|Farigiraf, L50, M, shiny|100/100\n|turn|1\n|j| sroms\n|inactive|holdingb has 30 seconds left.\n|inactive|magicalarcher57 has 30 seconds left.\n|inactive|holdingb has 20 seconds left.\n|inactive|magicalarcher57 has 20 seconds left.\n|inactive|holdingb has 15 seconds left.\n|inactive|holdingb has 10 seconds left.\n|\n|t:|1775876979\n|move|p1a: Talonflame|Quick Guard|p1a: Talonflame\n|-singleturn|p1a: Talonflame|Quick Guard\n|move|p2a: Kangaskhan|Fake Out|p1b: Garchomp\n|-activate|p1b: Garchomp|move: Quick Guard\n|move|p1b: Garchomp|Earthquake|p2a: Kangaskhan|[spread] p2a,p2b\n|-immune|p1a: Talonflame\n|-damage|p2a: Kangaskhan|52/100\n|-damage|p2b: Farigiraf|55/100\n|move|p2b: Farigiraf|Trick Room|p2b: Farigiraf\n|-fieldstart|move: Trick Room|[of] p2b: Farigiraf\n|\n|upkeep\n|turn|2\n|j| redshoes7\n|l| redshoes7\n|inactive|holdingb has 30 seconds left.\n|j|+ScribbleScribble\n|inactive|holdingb has 20 seconds left.\n|inactive|holdingb has 15 seconds left.\n|inactive|holdingb has 10 seconds left.\n|\n|t:|1775877026\n|switch|p1a: Aegislash|Aegislash, L50, F|100/100\n|detailschange|p2a: Kangaskhan|Kangaskhan-Mega, L50, F, shiny\n|-mega|p2a: Kangaskhan|Kangaskhan|Kangaskhanite\n|move|p2b: Farigiraf|Hyper Voice|p1a: Aegislash|[spread] p1b\n|-immune|p1a: Aegislash\n|-damage|p1b: Garchomp|62/100\n|move|p2a: Kangaskhan|Double-Edge|p1b: Garchomp\n|-damage|p1b: Garchomp|0 fnt\n|-damage|p2a: Kangaskhan|40/100|[from] ability: Rough Skin|[of] p1b: Garchomp\n|faint|p1b: Garchomp\n|-hitcount|p1: Garchomp|1\n|-damage|p2a: Kangaskhan|22/100|[from] Recoil\n|\n|upkeep\n|\n|t:|1775877048\n|switch|p1b: Rotom|Rotom-Wash, L50|100/100\n|turn|3\n|j| Mircat222\n|j| ApronVGC\n|inactive|holdingb has 30 seconds left.\n|\n|t:|1775877079\n|move|p2b: Farigiraf|Shadow Ball|p1a: Aegislash\n|-supereffective|p1a: Aegislash|1\n|-damage|p1a: Aegislash|56/100\n|move|p1a: Aegislash|Swords Dance|p1a: Aegislash\n|-boost|p1a: Aegislash|atk|2\n|move|p2a: Kangaskhan|Crunch|p1a: Aegislash\n|-supereffective|p1a: Aegislash|1\n|-damage|p1a: Aegislash|12/100\n|-unboost|p1a: Aegislash|def|1\n|-supereffective|p1a: Aegislash|1\n|-damage|p1a: Aegislash|0 fnt\n|faint|p1a: Aegislash\n|-hitcount|p1: Aegislash|2\n|move|p1b: Rotom|Volt Switch|p2a: Kangaskhan\n|-damage|p2a: Kangaskhan|1/100\n|l| ApronVGC\n|\n|t:|1775877092\n|switch|p1b: Talonflame|Talonflame, L50, F|100/100|[from] Volt Switch\n|\n|upkeep\n|\n|t:|1775877094\n|switch|p1a: Rotom|Rotom-Wash, L50|100/100\n|turn|4\n|l|+ScribbleScribble\n|\n|t:|1775877111\n|move|p1b: Talonflame|Brave Bird||[still]\n|cant|p2b: Farigiraf|ability: Armor Tail|Brave Bird|[of] p1b: Talonflame\n|move|p2b: Farigiraf|Hyper Voice|p1a: Rotom|[spread] p1a,p1b\n|-damage|p1a: Rotom|64/100\n|-damage|p1b: Talonflame|51/100\n|move|p2a: Kangaskhan|Double-Edge|p1b: Talonflame\n|-damage|p1b: Talonflame|0 fnt\n|faint|p1b: Talonflame\n|-hitcount|p1: Talonflame|1\n|-damage|p2a: Kangaskhan|0 fnt|[from] Recoil\n|faint|p2a: Kangaskhan\n|move|p1a: Rotom|Electroweb|p2b: Farigiraf\n|-damage|p2b: Farigiraf|32/100\n|-unboost|p2b: Farigiraf|spe|1\n|\n|upkeep\n|\n|t:|1775877127\n|switch|p2a: Basculegion|Basculegion, L50, M, shiny|100/100\n|turn|5\n|\n|t:|1775877130\n|move|p2b: Farigiraf|Hyper Voice|p1a: Rotom\n|-damage|p1a: Rotom|17/100\n|-enditem|p1a: Rotom|Sitrus Berry|[eat]\n|-heal|p1a: Rotom|42/100|[from] item: Sitrus Berry\n|move|p2a: Basculegion|Last Respects|p1a: Rotom\n|-damage|p1a: Rotom|0 fnt\n|faint|p1a: Rotom\n|\n|win|magicalarcher57\n|n|\u2606holdingb|holdingb\n|n|\u2606magicalarcher57|magicalarcher57\n|n| bahumat|bahumat\n|n| wowee20|wowee20\n|n|+Radio Free C-Side|radiofreecside\n|n| sroms|sroms\n|n| Mircat222|mircat222\n|c|\u2606magicalarcher57|gg\n|c|\u2606holdingb|gg\n|l|\u2606magicalarcher57\n|player|p2|\n",
  "uploadtime": 1775877138,
  "views": 20,
  "formatid": "gen9championsvgc2026regma",
  "rating": null,
  "private": 0,
  "password": null
}