{
  "id": "gen9championsvgc2026regma-2588401650",
  "format": "[Gen 9 Champions] VGC 2026 Reg M-A",
  "players": [
    "Luisao Mata Nub",
    "VicsGC"
  ],
  "log": "|j|\u2606Luisao Mata Nub\n|j|\u2606VicsGC\n|t:|1776630445\n|gametype|doubles\n|player|p1|Luisao Mata Nub|ghetsis-gen5bw|1402\n|player|p2|VicsGC|1|1413\n|gen|9\n|tier|[Gen 9 Champions] VGC 2026 Reg M-A\n|rated|\n|rule|Species Clause: Limit one of each Pok\u00e9mon\n|rule|Item Clause: Limit 1 of each item\n|clearpoke\n|poke|p1|Scovillain, L50, M|\n|poke|p1|Sneasler, L50, M|\n|poke|p1|Garchomp, L50, M|\n|poke|p1|Aerodactyl, L50, F|\n|poke|p1|Sinistcha-Masterpiece, L50|\n|poke|p1|Primarina, L50, F|\n|poke|p2|Froslass, L50, F|\n|poke|p2|Aerodactyl, L50, M|\n|poke|p2|Incineroar, L50, M|\n|poke|p2|Garchomp, L50, F|\n|poke|p2|Primarina, L50, M|\n|poke|p2|Sinistcha, L50|\n|teampreview|4\n|inactive|Battle timer is ON: inactive players will automatically lose when time's up. (requested by Luisao Mata Nub)\n|\n|t:|1776630464\n|teamsize|p1|4\n|teamsize|p2|4\n|start\n|switch|p1a: Scovillain|Scovillain, L50, M|100/100\n|switch|p1b: Primarina|Primarina, L50, F|100/100\n|switch|p2a: Incineroar|Incineroar, L50, M|100/100\n|switch|p2b: Primarina|Primarina, L50, M|100/100\n|-ability|p2a: Incineroar|Intimidate|boost\n|-unboost|p1a: Scovillain|atk|1\n|-unboost|p1b: Primarina|atk|1\n|turn|1\n|\n|t:|1776630481\n|detailschange|p1a: Scovillain|Scovillain-Mega, L50, M\n|-mega|p1a: Scovillain|Scovillain|Scovillainite\n|move|p2a: Incineroar|Fake Out|p1a: Scovillain\n|-damage|p1a: Scovillain|90/100\n|-immune|p2a: Incineroar\n|cant|p1a: Scovillain|flinch\n|move|p1b: Primarina|Calm Mind|p1b: Primarina\n|-boost|p1b: Primarina|spa|1\n|-boost|p1b: Primarina|spd|1\n|move|p2b: Primarina|Calm Mind|p2b: Primarina\n|-boost|p2b: Primarina|spa|1\n|-boost|p2b: Primarina|spd|1\n|\n|upkeep\n|turn|2\n|\n|t:|1776630503\n|move|p2b: Primarina|Protect|p2b: Primarina\n|-singleturn|p2b: Primarina|Protect\n|move|p1b: Primarina|Calm Mind|p1b: Primarina\n|-boost|p1b: Primarina|spa|1\n|-boost|p1b: Primarina|spd|1\n|move|p1a: Scovillain|Leech Seed|p2b: Primarina\n|-activate|p2b: Primarina|move: Protect\n|move|p2a: Incineroar|Parting Shot|p1b: Primarina\n|-unboost|p1b: Primarina|atk|1\n|-unboost|p1b: Primarina|spa|1\n|\n|t:|1776630516\n|switch|p2a: Aerodactyl|Aerodactyl, L50, M|100/100|[from] Parting Shot\n|-ability|p2a: Aerodactyl|Unnerve\n|\n|upkeep\n|turn|3\n|\n|t:|1776630533\n|move|p1a: Scovillain|Rage Powder|p1a: Scovillain\n|-singleturn|p1a: Scovillain|move: Rage Powder\n|move|p2a: Aerodactyl|Tailwind|p2a: Aerodactyl\n|-sidestart|p2: VicsGC|move: Tailwind\n|move|p2b: Primarina|Calm Mind|p2b: Primarina\n|-boost|p2b: Primarina|spa|1\n|-boost|p2b: Primarina|spd|1\n|move|p1b: Primarina|Hyper Voice|p2b: Primarina|[spread] p2a,p2b\n|-supereffective|p2a: Aerodactyl|1\n|-resisted|p2b: Primarina|1\n|-enditem|p2a: Aerodactyl|Focus Sash\n|-damage|p2a: Aerodactyl|1/100\n|-damage|p2b: Primarina|89/100\n|\n|-heal|p2b: Primarina|95/100|[from] item: Leftovers\n|upkeep\n|turn|4\n|\n|t:|1776630555\n|move|p1b: Primarina|Protect|p1b: Primarina\n|-singleturn|p1b: Primarina|Protect\n|move|p2a: Aerodactyl|Rock Slide|p1a: Scovillain|[spread] \n|-activate|p1b: Primarina|move: Protect\n|-miss|p2a: Aerodactyl|p1a: Scovillain\n|move|p2b: Primarina|Hyper Voice|p1a: Scovillain|[spread] p1a\n|-activate|p1b: Primarina|move: Protect\n|-damage|p1a: Scovillain|28/100\n|-status|p2b: Primarina|brn|[from] ability: Spicy Spray|[of] p1a: Scovillain\n|move|p1a: Scovillain|Leech Seed|p2b: Primarina\n|-start|p2b: Primarina|move: Leech Seed\n|\n|-heal|p2b: Primarina|100/100 brn|[from] item: Leftovers\n|-damage|p2b: Primarina|88/100 brn|[from] Leech Seed|[of] p1a: Scovillain\n|-heal|p1a: Scovillain|42/100|[silent]\n|-damage|p2b: Primarina|82/100 brn|[from] brn\n|upkeep\n|turn|5\n|inactive|Luisao Mata Nub has 30 seconds left.\n|inactive|VicsGC has 30 seconds left.\n|inactive|Luisao Mata Nub has 20 seconds left.\n|\n|t:|1776630592\n|move|p1a: Scovillain|Protect|p1a: Scovillain\n|-singleturn|p1a: Scovillain|Protect\n|move|p2a: Aerodactyl|Rock Slide|p1b: Primarina|[spread] p1b\n|-activate|p1a: Scovillain|move: Protect\n|-damage|p1b: Primarina|66/100\n|move|p2b: Primarina|Moonblast|p1b: Primarina\n|-damage|p1b: Primarina|32/100\n|move|p1b: Primarina|Calm Mind|p1b: Primarina\n|-boost|p1b: Primarina|spa|1\n|-boost|p1b: Primarina|spd|1\n|\n|-heal|p2b: Primarina|88/100 brn|[from] item: Leftovers\n|-heal|p1b: Primarina|39/100|[from] item: Leftovers\n|-damage|p2b: Primarina|76/100 brn|[from] Leech Seed|[of] p1a: Scovillain\n|-heal|p1a: Scovillain|55/100|[silent]\n|-damage|p2b: Primarina|70/100 brn|[from] brn\n|upkeep\n|turn|6\n|inactive|Luisao Mata Nub has 30 seconds left.\n|\n|t:|1776630617\n|move|p1b: Primarina|Protect|p1b: Primarina\n|-singleturn|p1b: Primarina|Protect\n|move|p2a: Aerodactyl|Rock Slide|p1b: Primarina|[spread] p1a\n|-activate|p1b: Primarina|move: Protect\n|-supereffective|p1a: Scovillain|1\n|-damage|p1a: Scovillain|9/100\n|-status|p2a: Aerodactyl|brn|[from] ability: Spicy Spray|[of] p1a: Scovillain\n|move|p2b: Primarina|Hyper Voice|p1a: Scovillain|[spread] p1a\n|-activate|p1b: Primarina|move: Protect\n|-damage|p1a: Scovillain|0 fnt\n|faint|p1a: Scovillain\n|\n|-heal|p2b: Primarina|76/100 brn|[from] item: Leftovers\n|-heal|p1b: Primarina|45/100|[from] item: Leftovers\n|-damage|p2a: Aerodactyl|0 fnt|[from] brn\n|faint|p2a: Aerodactyl\n|-damage|p2b: Primarina|70/100 brn|[from] brn\n|-sideend|p2: VicsGC|move: Tailwind\n|upkeep\n|inactive|Luisao Mata Nub has 30 seconds left.\n|inactive|Luisao Mata Nub has 20 seconds left.\n|\n|t:|1776630657\n|switch|p2a: Incineroar|Incineroar, L50, M|100/100\n|switch|p1a: Sneasler|Sneasler, L50, M|100/100\n|-ability|p2a: Incineroar|Intimidate|boost\n|-unboost|p1a: Sneasler|atk|1\n|-unboost|p1b: Primarina|atk|1\n|-enditem|p1a: Sneasler|White Herb\n|-clearnegativeboost|p1a: Sneasler|[silent]\n|turn|7\n|\n|t:|1776630673\n|move|p2a: Incineroar|Fake Out|p1a: Sneasler\n|-damage|p1a: Sneasler|82/100\n|cant|p1a: Sneasler|flinch\n|move|p1b: Primarina|Hyper Voice|p2a: Incineroar|[spread] p2a,p2b\n|-supereffective|p2a: Incineroar|1\n|-resisted|p2b: Primarina|1\n|-damage|p2a: Incineroar|0 fnt\n|-damage|p2b: Primarina|54/100 brn\n|faint|p2a: Incineroar\n|move|p2b: Primarina|Moonblast|p1a: Sneasler\n|-damage|p1a: Sneasler|0 fnt\n|faint|p1a: Sneasler\n|\n|-heal|p1b: Primarina|51/100|[from] item: Leftovers\n|-heal|p2b: Primarina|60/100 brn|[from] item: Leftovers\n|-damage|p2b: Primarina|54/100 brn|[from] brn\n|upkeep\n|\n|t:|1776630686\n|switch|p1a: Aerodactyl|Aerodactyl, L50, F|100/100\n|switch|p2a: Froslass|Froslass, L50, F|100/100\n|-ability|p1a: Aerodactyl|Unnerve\n|turn|8\n|\n|t:|1776630704\n|detailschange|p2a: Froslass|Froslass-Mega, L50, F\n|-mega|p2a: Froslass|Froslass|Froslassite\n|-weather|Snowscape|[from] ability: Snow Warning|[of] p2a: Froslass\n|move|p1a: Aerodactyl|Rock Slide|p2b: Primarina|[spread] p2a,p2b\n|-supereffective|p2a: Froslass|1\n|-damage|p2a: Froslass|51/100\n|-damage|p2b: Primarina|29/100 brn\n|move|p2a: Froslass|Blizzard|p1b: Primarina|[spread] p1a,p1b\n|-supereffective|p1a: Aerodactyl|1\n|-resisted|p1b: Primarina|1\n|-enditem|p1a: Aerodactyl|Focus Sash\n|-damage|p1a: Aerodactyl|1/100\n|-damage|p1b: Primarina|44/100\n|-status|p1b: Primarina|frz\n|cant|p1b: Primarina|frz\n|move|p2b: Primarina|Hyper Voice|p1a: Aerodactyl|[spread] p1a,p1b\n|-supereffective|p1a: Aerodactyl|1\n|-resisted|p1b: Primarina|1\n|-damage|p1a: Aerodactyl|0 fnt\n|-damage|p1b: Primarina|35/100 frz\n|faint|p1a: Aerodactyl\n|\n|-weather|Snowscape|[upkeep]\n|-heal|p1b: Primarina|41/100 frz|[from] item: Leftovers\n|-heal|p2b: Primarina|35/100 brn|[from] item: Leftovers\n|-damage|p2b: Primarina|29/100 brn|[from] brn\n|upkeep\n|turn|9\n|\n|t:|1776630725\n|cant|p1b: Primarina|frz\n|move|p2a: Froslass|Shadow Ball|p1b: Primarina\n|-damage|p1b: Primarina|28/100 frz\n|move|p2b: Primarina|Moonblast|p1b: Primarina\n|-damage|p1b: Primarina|0 fnt\n|faint|p1b: Primarina\n|\n|win|VicsGC\n|raw|Luisao Mata Nub's rating: 1402 &rarr; <strong>1383</strong><br />(-19 for losing)\n|raw|VicsGC's rating: 1413 &rarr; <strong>1432</strong><br />(+19 for winning)\n|l|\u2606Luisao Mata Nub\n|player|p1|\n",
  "uploadtime": 1776630781,
  "views": 12,
  "formatid": "gen9championsvgc2026regma",
  "rating": 1383,
  "private": 0,
  "password": null
}