{
  "id": "gen9championsvgc2026regma-2583916355",
  "format": "[Gen 9 Champions] VGC 2026 Reg M-A",
  "players": [
    "superp0sition",
    "Relaxo4400"
  ],
  "log": "|j|\u2606superp0sition\n|j|\u2606Relaxo4400\n|t:|1776208043\n|gametype|doubles\n|player|p1|superp0sition|acetrainer-gen4|1097\n|player|p2|Relaxo4400|crasherwake|1159\n|gen|9\n|tier|[Gen 9 Champions] VGC 2026 Reg M-A\n|rated|\n|rule|Species Clause: Limit one of each Pok\u00e9mon\n|rule|Item Clause: Limit 1 of each item\n|clearpoke\n|poke|p1|Golurk, L50|\n|poke|p1|Archaludon, L50, F|\n|poke|p1|Farigiraf, L50, F|\n|poke|p1|Sneasler, L50, F|\n|poke|p1|Pelipper, L50, F|\n|poke|p1|Basculegion, L50, M|\n|poke|p2|Talonflame, L50, M|\n|poke|p2|Kangaskhan, L50, F|\n|poke|p2|Basculegion, L50, M|\n|poke|p2|Kingambit, L50, F|\n|poke|p2|Goodra-Hisui, L50, F|\n|poke|p2|Gengar, L50, F|\n|teampreview|4\n|inactive|Battle timer is ON: inactive players will automatically lose when time's up. (requested by Relaxo4400)\n|inactive|superp0sition has 60 seconds left.\n|inactive|Relaxo4400 has 60 seconds left.\n|inactive|superp0sition has 30 seconds left.\n|inactive|superp0sition has 20 seconds left.\n|inactive|superp0sition has 15 seconds left.\n|inactive|superp0sition has 10 seconds left.\n|\n|t:|1776208130\n|teamsize|p1|4\n|teamsize|p2|4\n|start\n|switch|p1a: Sneasler|Sneasler, L50, F|100/100\n|switch|p1b: Basculegion|Basculegion, L50, M|100/100\n|switch|p2a: Kingambit|Kingambit, L50, F|100/100\n|switch|p2b: Kangaskhan|Kangaskhan, L50, F|100/100\n|turn|1\n|inactive|Relaxo4400 has 30 seconds left.\n|\n|t:|1776208161\n|switch|p1b: Farigiraf|Farigiraf, L50, F|100/100\n|detailschange|p2b: Kangaskhan|Kangaskhan-Mega, L50, F\n|-mega|p2b: Kangaskhan|Kangaskhan|Kangaskhanite\n|move|p2b: Kangaskhan|Fake Out||[still]\n|cant|p1b: Farigiraf|ability: Armor Tail|Fake Out|[of] p2b: Kangaskhan\n|move|p2a: Kingambit|Sucker Punch||[still]\n|cant|p1b: Farigiraf|ability: Armor Tail|Sucker Punch|[of] p2a: Kingambit\n|move|p1a: Sneasler|Close Combat|p2a: Kingambit\n|-supereffective|p2a: Kingambit|2\n|-damage|p2a: Kingambit|0 fnt\n|-unboost|p1a: Sneasler|def|1\n|-unboost|p1a: Sneasler|spd|1\n|faint|p2a: Kingambit\n|\n|upkeep\n|\n|t:|1776208168\n|switch|p2a: Talonflame|Talonflame, L50, M|100/100\n|turn|2\n|inactive|superp0sition has 30 seconds left.\n|inactive|superp0sition has 20 seconds left.\n|\n|t:|1776208205\n|move|p2a: Talonflame|Tailwind|p2a: Talonflame\n|-sidestart|p2: Relaxo4400|move: Tailwind\n|move|p2b: Kangaskhan|Double-Edge|p1a: Sneasler\n|-enditem|p1a: Sneasler|Focus Sash\n|-damage|p1a: Sneasler|1/100\n|-damage|p1a: Sneasler|0 fnt\n|faint|p1a: Sneasler\n|-hitcount|p1: Sneasler|2\n|-damage|p2b: Kangaskhan|72/100|[from] Recoil\n|move|p1b: Farigiraf|Trick Room|p1b: Farigiraf\n|-fieldstart|move: Trick Room|[of] p1b: Farigiraf\n|\n|upkeep\n|\n|t:|1776208224\n|switch|p1a: Basculegion|Basculegion, L50, M|100/100\n|turn|3\n|\n|t:|1776208236\n|move|p2a: Talonflame|Protect|p2a: Talonflame\n|-singleturn|p2a: Talonflame|Protect\n|move|p1b: Farigiraf|Dazzling Gleam|p2b: Kangaskhan|[spread] p2b\n|-activate|p2a: Talonflame|move: Protect\n|-damage|p2b: Kangaskhan|52/100\n|move|p1a: Basculegion|Wave Crash|p2a: Talonflame\n|-activate|p2a: Talonflame|move: Protect\n|move|p2b: Kangaskhan|Double-Edge|p1b: Farigiraf\n|-damage|p1b: Farigiraf|33/100\n|-damage|p1b: Farigiraf|18/100\n|-hitcount|p1b: Farigiraf|2\n|-damage|p2b: Kangaskhan|18/100|[from] Recoil\n|\n|upkeep\n|turn|4\n|inactive|superp0sition has 30 seconds left.\n|\n|t:|1776208262\n|switch|p2a: Basculegion|Basculegion, L50, M|100/100\n|move|p1b: Farigiraf|Dazzling Gleam|p2b: Kangaskhan|[spread] p2a,p2b\n|-damage|p2a: Basculegion|78/100\n|-damage|p2b: Kangaskhan|0 fnt\n|faint|p2b: Kangaskhan\n|move|p1a: Basculegion|Wave Crash|p2a: Basculegion\n|-resisted|p2a: Basculegion|1\n|-damage|p2a: Basculegion|18/100\n|-damage|p1a: Basculegion|83/100|[from] Recoil\n|\n|upkeep\n|\n|t:|1776208270\n|switch|p2b: Talonflame|Talonflame, L50, M|100/100\n|turn|5\n|\n|t:|1776208295\n|move|p2a: Basculegion|Protect|p2a: Basculegion\n|-singleturn|p2a: Basculegion|Protect\n|move|p2b: Talonflame|Protect|p2b: Talonflame\n|-singleturn|p2b: Talonflame|Protect\n|move|p1b: Farigiraf|Dazzling Gleam|p2b: Talonflame|[spread] \n|-activate|p2a: Basculegion|move: Protect\n|-activate|p2b: Talonflame|move: Protect\n|move|p1a: Basculegion|Wave Crash|p2b: Talonflame\n|-activate|p2b: Talonflame|move: Protect\n|\n|-sideend|p2: Relaxo4400|move: Tailwind\n|upkeep\n|turn|6\n|\n|t:|1776208311\n|move|p1b: Farigiraf|Dazzling Gleam|p2a: Basculegion|[spread] p2a,p2b\n|-resisted|p2b: Talonflame|1\n|-damage|p2a: Basculegion|0 fnt\n|-damage|p2b: Talonflame|86/100\n|faint|p2a: Basculegion\n|move|p1a: Basculegion|Wave Crash|p2b: Talonflame\n|-supereffective|p2b: Talonflame|1\n|-damage|p2b: Talonflame|0 fnt\n|faint|p2b: Talonflame\n|-damage|p1a: Basculegion|61/100|[from] Recoil\n|\n|win|superp0sition\n|raw|superp0sition's rating: 1097 &rarr; <strong>1127</strong><br />(+30 for winning)\n|raw|Relaxo4400's rating: 1159 &rarr; <strong>1130</strong><br />(-29 for losing)\n|l|\u2606Relaxo4400\n|player|p2|\n",
  "uploadtime": 1776208320,
  "views": 26,
  "formatid": "gen9championsvgc2026regma",
  "rating": 1127,
  "private": 0,
  "password": null
}