{
  "id": "gen9championsvgc2026regma-2588690309",
  "format": "[Gen 9 Champions] VGC 2026 Reg M-A",
  "players": [
    "gf bfgbf",
    "weiner-man228"
  ],
  "log": "|j|\u2606gf bfgbf\n|j|\u2606weiner-man228\n|t:|1776658130\n|gametype|doubles\n|player|p1|gf bfgbf|102|1083\n|player|p2|weiner-man228|unknown|1088\n|gen|9\n|tier|[Gen 9 Champions] VGC 2026 Reg M-A\n|rated|\n|rule|Species Clause: Limit one of each Pok\u00e9mon\n|rule|Item Clause: Limit 1 of each item\n|clearpoke\n|poke|p1|Corviknight, L50, F, shiny|\n|poke|p1|Garchomp, L50, F|\n|poke|p1|Scizor, L50, F|\n|poke|p1|Pelipper, L50, F|\n|poke|p1|Orthworm, L50, M|\n|poke|p1|Incineroar, L50, M|\n|poke|p2|Altaria, L50, F|\n|poke|p2|Sinistcha-Masterpiece, L50|\n|poke|p2|Aggron, L50, M|\n|poke|p2|Talonflame, L50, F|\n|poke|p2|Farigiraf, L50, M|\n|poke|p2|Primarina, L50, M|\n|teampreview|4\n|\n|t:|1776658154\n|teamsize|p1|4\n|teamsize|p2|4\n|start\n|switch|p1a: Pelipper|Pelipper, L50, F|100/100\n|switch|p1b: Orthworm|Orthworm, L50, M|100/100\n|switch|p2a: Farigiraf|Farigiraf, L50, M|100/100\n|switch|p2b: Talonflame|Talonflame, L50, F|100/100\n|-weather|RainDance|[from] ability: Drizzle|[of] p1a: Pelipper\n|turn|1\n|\n|t:|1776658169\n|move|p2a: Farigiraf|Protect|p2a: Farigiraf\n|-singleturn|p2a: Farigiraf|Protect\n|move|p2b: Talonflame|Tailwind|p2b: Talonflame\n|-sidestart|p2: weiner-man228|move: Tailwind\n|move|p1a: Pelipper|Tailwind|p1a: Pelipper\n|-sidestart|p1: gf bfgbf|move: Tailwind\n|move|p1b: Orthworm|Shed Tail|p1b: Orthworm\n|-start|p1b: Orthworm|Substitute|[from] move: Shed Tail\n|-damage|p1b: Orthworm|50/100\n|-enditem|p1b: Orthworm|Sitrus Berry|[eat]\n|-heal|p1b: Orthworm|75/100|[from] item: Sitrus Berry\n|inactive|Battle timer is ON: inactive players will automatically lose when time's up. (requested by weiner-man228)\n|\n|t:|1776658208\n|switch|p1b: Garchomp|Garchomp, L50, F|100/100|[from] Shed Tail\n|\n|-weather|RainDance|[upkeep]\n|upkeep\n|turn|2\n|\n|t:|1776658230\n|move|p2b: Talonflame|Protect|p2b: Talonflame\n|-singleturn|p2b: Talonflame|Protect\n|move|p1a: Pelipper|Weather Ball|p2b: Talonflame\n|-activate|p2b: Talonflame|move: Protect\n|move|p2a: Farigiraf|Twin Beam|p1a: Pelipper\n|-damage|p1a: Pelipper|71/100\n|-damage|p1a: Pelipper|45/100\n|-hitcount|p1a: Pelipper|2\n|move|p1b: Garchomp|Dragon Tail|p2a: Farigiraf\n|-damage|p2a: Farigiraf|62/100\n|drag|p2a: Aggron|Aggron, L50, M|100/100\n|\n|-weather|RainDance|[upkeep]\n|upkeep\n|turn|3\n|inactive|weiner-man228 has 30 seconds left.\n|\n|t:|1776658263\n|switch|p2b: Sinistcha|Sinistcha-Masterpiece, L50|100/100\n|detailschange|p2a: Aggron|Aggron-Mega, L50, M\n|-mega|p2a: Aggron|Aggron|Aggronite\n|move|p1b: Garchomp|Earthquake|p2a: Aggron|[spread] p2a,p2b\n|-immune|p1a: Pelipper\n|-supereffective|p2a: Aggron|1\n|-resisted|p2b: Sinistcha|1\n|-damage|p2a: Aggron|77/100\n|-damage|p2b: Sinistcha|83/100\n|move|p1a: Pelipper|Weather Ball|p2b: Sinistcha\n|-resisted|p2b: Sinistcha|1\n|-damage|p2b: Sinistcha|34/100\n|move|p2a: Aggron|Heavy Slam|p1b: Garchomp\n|-end|p1b: Garchomp|Substitute\n|\n|-weather|RainDance|[upkeep]\n|upkeep\n|turn|4\n|inactive|gf bfgbf has 30 seconds left.\n|inactive|weiner-man228 has 30 seconds left.\n|\n|t:|1776658294\n|move|p1b: Garchomp|Fire Fang|p2a: Aggron|[miss]\n|-miss|p1b: Garchomp|p2a: Aggron\n|move|p1a: Pelipper|Ice Beam|p2b: Sinistcha\n|-supereffective|p2b: Sinistcha|1\n|-damage|p2b: Sinistcha|0 fnt\n|faint|p2b: Sinistcha\n|move|p2a: Aggron|Body Press|p1b: Garchomp\n|-damage|p1b: Garchomp|53/100\n|-damage|p2a: Aggron|64/100|[from] ability: Rough Skin|[of] p1b: Garchomp\n|\n|-weather|RainDance|[upkeep]\n|-heal|p1b: Garchomp|59/100|[from] item: Leftovers\n|-sideend|p1: gf bfgbf|move: Tailwind\n|-sideend|p2: weiner-man228|move: Tailwind\n|upkeep\n|\n|t:|1776658310\n|switch|p2b: Farigiraf|Farigiraf, L50, M|62/100\n|turn|5\n|inactive|gf bfgbf has 30 seconds left.\n|inactive|gf bfgbf has 20 seconds left.\n|inactive|gf bfgbf has 15 seconds left.\n|inactive|gf bfgbf has 10 seconds left.\n|\n|t:|1776658355\n|move|p1b: Garchomp|Fire Fang|p2a: Aggron\n|-supereffective|p2a: Aggron|1\n|-damage|p2a: Aggron|58/100\n|move|p1a: Pelipper|Tailwind|p1a: Pelipper\n|-sidestart|p1: gf bfgbf|move: Tailwind\n|move|p2b: Farigiraf|Hyper Voice|p1b: Garchomp|[spread] p1a,p1b\n|-damage|p1a: Pelipper|0 fnt\n|-damage|p1b: Garchomp|30/100\n|faint|p1a: Pelipper\n|move|p2a: Aggron|Heavy Slam|p1b: Garchomp\n|-damage|p1b: Garchomp|0 fnt\n|-damage|p2a: Aggron|46/100|[from] ability: Rough Skin|[of] p1b: Garchomp\n|faint|p1b: Garchomp\n|\n|-weather|none\n|-heal|p2b: Farigiraf|68/100|[from] item: Leftovers\n|upkeep\n|\n|t:|1776658371\n|switch|p1b: Orthworm|Orthworm, L50, M|75/100\n|switch|p1a: Scizor|Scizor, L50, F|100/100\n|turn|6\n|\n|t:|1776658387\n|detailschange|p1a: Scizor|Scizor-Mega, L50, F\n|-mega|p1a: Scizor|Scizor|Scizorite\n|move|p2b: Farigiraf|Protect|p2b: Farigiraf\n|-singleturn|p2b: Farigiraf|Protect\n|move|p1a: Scizor|Knock Off|p2b: Farigiraf\n|-activate|p2b: Farigiraf|move: Protect\n|move|p1b: Orthworm|Body Press|p2a: Aggron\n|-supereffective|p2a: Aggron|1\n|-crit|p2a: Aggron\n|-damage|p2a: Aggron|12/100\n|move|p2a: Aggron|Body Press|p1b: Orthworm\n|-supereffective|p1b: Orthworm|1\n|-damage|p1b: Orthworm|20/100\n|\n|-heal|p2b: Farigiraf|74/100|[from] item: Leftovers\n|upkeep\n|turn|7\n|\n|t:|1776658408\n|move|p2a: Aggron|Protect|p2a: Aggron\n|-singleturn|p2a: Aggron|Protect\n|move|p1a: Scizor|Swords Dance|p1a: Scizor\n|-boost|p1a: Scizor|atk|2\n|move|p1b: Orthworm|Body Press|p2a: Aggron\n|-activate|p2a: Aggron|move: Protect\n|move|p2b: Farigiraf|Hyper Voice|p1a: Scizor|[spread] p1a,p1b\n|-resisted|p1a: Scizor|1\n|-resisted|p1b: Orthworm|1\n|-damage|p1a: Scizor|87/100\n|-damage|p1b: Orthworm|0 fnt\n|faint|p1b: Orthworm\n|\n|-heal|p2b: Farigiraf|80/100|[from] item: Leftovers\n|upkeep\n|turn|8\n|\n|t:|1776658423\n|move|p2b: Farigiraf|Helping Hand|p2a: Aggron\n|-singleturn|p2a: Aggron|Helping Hand|[of] p2b: Farigiraf\n|move|p1a: Scizor|Knock Off|p2b: Farigiraf\n|-supereffective|p2b: Farigiraf|1\n|-damage|p2b: Farigiraf|0 fnt\n|-enditem|p2b: Farigiraf|Leftovers|[from] move: Knock Off|[of] p1a: Scizor\n|faint|p2b: Farigiraf\n|move|p2a: Aggron|Body Press|p1a: Scizor\n|-damage|p1a: Scizor|28/100\n|\n|-sideend|p1: gf bfgbf|move: Tailwind\n|upkeep\n|\n|t:|1776658435\n|switch|p2b: Talonflame|Talonflame, L50, F|100/100\n|turn|9\n|\n|t:|1776658444\n|move|p2b: Talonflame|Flare Blitz|p1a: Scizor\n|-supereffective|p1a: Scizor|2\n|-damage|p1a: Scizor|0 fnt\n|faint|p1a: Scizor\n|-damage|p2b: Talonflame|91/100|[from] Recoil\n|\n|win|weiner-man228\n|raw|gf bfgbf's rating: 1083 &rarr; <strong>1061</strong><br />(-22 for losing)\n|raw|weiner-man228's rating: 1088 &rarr; <strong>1114</strong><br />(+26 for winning)\n|l|\u2606gf bfgbf\n|player|p1|\n",
  "uploadtime": 1776658452,
  "views": 15,
  "formatid": "gen9championsvgc2026regma",
  "rating": 1061,
  "private": 0,
  "password": null
}