{
  "id": "gen9championsvgc2026regma-2585519580",
  "format": "[Gen 9 Champions] VGC 2026 Reg M-A",
  "players": [
    "UhanDerBessere",
    "Yabarta"
  ],
  "log": "|j|\u2606UhanDerBessere\n|j|\u2606Yabarta\n|t:|1776352976\n|gametype|doubles\n|player|p1|UhanDerBessere|cynthia|1135\n|player|p2|Yabarta|cynthia|1200\n|gen|9\n|tier|[Gen 9 Champions] VGC 2026 Reg M-A\n|rated|\n|rule|Species Clause: Limit one of each Pok\u00e9mon\n|rule|Item Clause: Limit 1 of each item\n|clearpoke\n|poke|p1|Aggron, L50, M|\n|poke|p1|Sinistcha-Masterpiece, L50|\n|poke|p1|Sneasler, L50, M|\n|poke|p1|Tyranitar, L50, F|\n|poke|p1|Primarina, L50, F|\n|poke|p1|Incineroar, L50, F|\n|poke|p2|Floette-Eternal, L50, F|\n|poke|p2|Dragapult, L50, M|\n|poke|p2|Rotom-Wash, L50|\n|poke|p2|Arcanine-Hisui, L50, F|\n|poke|p2|Sneasler, L50, M|\n|poke|p2|Kingambit, L50, M|\n|teampreview|4\n|inactive|Battle timer is ON: inactive players will automatically lose when time's up. (requested by UhanDerBessere)\n|\n|t:|1776353037\n|teamsize|p1|4\n|teamsize|p2|4\n|start\n|switch|p1a: Aggron|Aggron, L50, M|100/100\n|switch|p1b: Sneasler|Sneasler, L50, M|100/100\n|switch|p2a: Sneasler|Sneasler, L50, M|100/100\n|switch|p2b: Kingambit|Kingambit, L50, M|100/100\n|turn|1\n|\n|t:|1776353058\n|detailschange|p1a: Aggron|Aggron-Mega, L50, M\n|-mega|p1a: Aggron|Aggron|Aggronite\n|move|p2b: Kingambit|Protect|p2b: Kingambit\n|-singleturn|p2b: Kingambit|Protect\n|move|p1b: Sneasler|Fake Out|p2a: Sneasler\n|-damage|p2a: Sneasler|79/100\n|-immune|p2a: Sneasler\n|cant|p2a: Sneasler|flinch\n|move|p1a: Aggron|Iron Defense|p1a: Aggron\n|-boost|p1a: Aggron|def|2\n|\n|upkeep\n|turn|2\n|\n|t:|1776353077\n|switch|p2b: Dragapult|Dragapult, L50, M|100/100\n|move|p1b: Sneasler|Coaching|p1a: Aggron\n|-boost|p1a: Aggron|atk|1\n|-boost|p1a: Aggron|def|1\n|move|p2a: Sneasler|Close Combat|p1a: Aggron\n|-supereffective|p1a: Aggron|1\n|-damage|p1a: Aggron|84/100\n|-unboost|p2a: Sneasler|def|1\n|-unboost|p2a: Sneasler|spd|1\n|-enditem|p2a: Sneasler|White Herb\n|-clearnegativeboost|p2a: Sneasler|[silent]\n|move|p1a: Aggron|Body Press|p2b: Dragapult\n|-immune|p2b: Dragapult\n|\n|upkeep\n|turn|3\n|inactive|UhanDerBessere has 30 seconds left.\n|inactive|Yabarta has 30 seconds left.\n|\n|t:|1776353105\n|move|p2a: Sneasler|Dire Claw|p1b: Sneasler\n|-resisted|p1b: Sneasler|1\n|-damage|p1b: Sneasler|71/100\n|move|p2b: Dragapult|Will-O-Wisp|p1a: Aggron\n|-status|p1a: Aggron|brn\n|move|p1b: Sneasler|Coaching|p1a: Aggron\n|-boost|p1a: Aggron|atk|1\n|-boost|p1a: Aggron|def|1\n|move|p1a: Aggron|Heavy Slam|p2b: Dragapult\n|-crit|p2b: Dragapult\n|-enditem|p2b: Dragapult|Focus Sash\n|-damage|p2b: Dragapult|1/100\n|-start|p1a: Aggron|Disable|Heavy Slam|[from] ability: Cursed Body|[of] p2b: Dragapult\n|\n|-damage|p1a: Aggron|79/100 brn|[from] brn\n|upkeep\n|turn|4\n|inactive|Yabarta has 30 seconds left.\n|inactive|Yabarta has 20 seconds left.\n|inactive|Yabarta has 15 seconds left.\n|inactive|Yabarta has 10 seconds left.\n|inactive|Yabarta has 5 seconds left.\n|\n|t:|1776353156\n|move|p2a: Sneasler|Close Combat|p1a: Aggron\n|-supereffective|p1a: Aggron|1\n|-damage|p1a: Aggron|63/100 brn\n|-unboost|p2a: Sneasler|def|1\n|-unboost|p2a: Sneasler|spd|1\n|move|p2b: Dragapult|Will-O-Wisp|p1b: Sneasler\n|-status|p1b: Sneasler|brn\n|move|p1b: Sneasler|Dire Claw|p2b: Dragapult\n|-resisted|p2b: Dragapult|1\n|-damage|p2b: Dragapult|0 fnt\n|faint|p2b: Dragapult\n|move|p1a: Aggron|Body Press|p2a: Sneasler\n|-resisted|p2a: Sneasler|1\n|-damage|p2a: Sneasler|2/100\n|\n|-damage|p1b: Sneasler|65/100 brn|[from] brn\n|-damage|p1a: Aggron|57/100 brn|[from] brn\n|upkeep\n|inactive|Yabarta has 30 seconds left.\n|inactive|Yabarta has 20 seconds left.\n|inactive|Yabarta has 15 seconds left.\n|inactive|Yabarta has 10 seconds left.\n|inactive|Yabarta has 5 seconds left.\n|\n|t:|1776353211\n|switch|p2b: Floette|Floette-Eternal, L50, F|100/100\n|turn|5\n|\n|t:|1776353227\n|detailschange|p2b: Floette|Floette-Mega, L50, F\n|-mega|p2b: Floette|Floette|Floettite\n|-ability|p2b: Floette|Fairy Aura\n|move|p2a: Sneasler|Close Combat|p1a: Aggron\n|-supereffective|p1a: Aggron|1\n|-crit|p1a: Aggron\n|-damage|p1a: Aggron|0 fnt\n|-unboost|p2a: Sneasler|def|1\n|-unboost|p2a: Sneasler|spd|1\n|faint|p1a: Aggron\n|move|p1b: Sneasler|Dire Claw|p2b: Floette\n|-supereffective|p2b: Floette|1\n|-damage|p2b: Floette|61/100\n|-status|p2b: Floette|psn|[from] ability: Poison Touch|[of] p1b: Sneasler\n|move|p2b: Floette|Dazzling Gleam|p1b: Sneasler\n|-damage|p1b: Sneasler|0 fnt\n|faint|p1b: Sneasler\n|\n|-damage|p2b: Floette|49/100 psn|[from] psn\n|upkeep\n|\n|t:|1776353248\n|switch|p1b: Primarina|Primarina, L50, F|100/100\n|switch|p1a: Sinistcha|Sinistcha-Masterpiece, L50|100/100\n|turn|6\n|\n|t:|1776353262\n|move|p2a: Sneasler|Dire Claw|p1b: Primarina\n|-supereffective|p1b: Primarina|1\n|-damage|p1b: Primarina|0 fnt\n|faint|p1b: Primarina\n|move|p2b: Floette|Light of Ruin|p1a: Sinistcha|[miss]\n|-miss|p2b: Floette|p1a: Sinistcha\n|move|p1a: Sinistcha|Matcha Gotcha|p2a: Sneasler|[spread] p2a,p2b\n|-resisted|p2a: Sneasler|1\n|-damage|p2a: Sneasler|0 fnt\n|-damage|p2b: Floette|30/100 psn\n|faint|p2a: Sneasler\n|\n|-damage|p2b: Floette|18/100 psn|[from] psn\n|upkeep\n|\n|t:|1776353280\n|switch|p2a: Kingambit|Kingambit, L50, M|100/100\n|turn|7\n|\n|t:|1776353294\n|move|p2b: Floette|Moonblast|p1a: Sinistcha\n|-damage|p1a: Sinistcha|21/100\n|-enditem|p1a: Sinistcha|Sitrus Berry|[eat]\n|-heal|p1a: Sinistcha|45/100|[from] item: Sitrus Berry\n|move|p1a: Sinistcha|Matcha Gotcha|p2b: Floette|[spread] p2a\n|-miss|p1a: Sinistcha|p2b: Floette\n|-resisted|p2a: Kingambit|1\n|-damage|p2a: Kingambit|87/100\n|-heal|p1a: Sinistcha|53/100|[from] drain|[of] p2a: Kingambit\n|move|p2a: Kingambit|Kowtow Cleave|p1a: Sinistcha\n|-supereffective|p1a: Sinistcha|1\n|-damage|p1a: Sinistcha|0 fnt\n|faint|p1a: Sinistcha\n|\n|win|Yabarta\n|raw|UhanDerBessere's rating: 1135 &rarr; <strong>1115</strong><br />(-20 for losing)\n|raw|Yabarta's rating: 1200 &rarr; <strong>1220</strong><br />(+20 for winning)\n|l|\u2606UhanDerBessere\n|player|p1|\n",
  "uploadtime": 1776353358,
  "views": 27,
  "formatid": "gen9championsvgc2026regma",
  "rating": 1115,
  "private": 0,
  "password": null
}