{
  "id": "gen9championsvgc2026regma-2582290191",
  "format": "[Gen 9 Champions] VGC 2026 Reg M-A",
  "players": [
    "varimare",
    "Drdreamz"
  ],
  "log": "|j|\u2606varimare\n|j|\u2606Drdreamz\n|t:|1776080267\n|gametype|doubles\n|player|p1|varimare|alder|1177\n|player|p2|Drdreamz|unknown|1210\n|gen|9\n|tier|[Gen 9 Champions] VGC 2026 Reg M-A\n|rated|\n|rule|Species Clause: Limit one of each Pok\u00e9mon\n|rule|Item Clause: Limit 1 of each item\n|clearpoke\n|poke|p1|Chesnaught, L50, M|\n|poke|p1|Archaludon, L50, F|\n|poke|p1|Pelipper, L50, M|\n|poke|p1|Sneasler, L50, F|\n|poke|p1|Sinistcha, L50|\n|poke|p1|Glimmora, L50, F|\n|poke|p2|Froslass, L50, F|\n|poke|p2|Rotom-Frost, L50|\n|poke|p2|Garchomp, L50, M|\n|poke|p2|Incineroar, L50, M|\n|poke|p2|Empoleon, L50, M|\n|poke|p2|Kingambit, L50, M|\n|teampreview|4\n|\n|t:|1776080321\n|teamsize|p1|4\n|teamsize|p2|4\n|start\n|switch|p1a: Chesnaught|Chesnaught, L50, M, shiny|100/100\n|switch|p1b: Pelipper|Pelipper, L50, M|100/100\n|switch|p2a: Froslass|Froslass, L50, F|100/100\n|switch|p2b: Rotom|Rotom-Frost, L50|100/100\n|-weather|RainDance|[from] ability: Drizzle|[of] p1b: Pelipper\n|turn|1\n|\n|t:|1776080331\n|detailschange|p2a: Froslass|Froslass-Mega, L50, F\n|-mega|p2a: Froslass|Froslass|Froslassite\n|-weather|Snowscape|[from] ability: Snow Warning|[of] p2a: Froslass\n|move|p1b: Pelipper|Wide Guard|p1b: Pelipper\n|-singleturn|p1b: Pelipper|Wide Guard\n|move|p2b: Rotom|Blizzard|p1b: Pelipper|[spread] \n|-activate|p1a: Chesnaught|move: Wide Guard\n|-activate|p1b: Pelipper|move: Wide Guard\n|move|p2a: Froslass|Blizzard|p1a: Chesnaught|[spread] \n|-activate|p1a: Chesnaught|move: Wide Guard\n|-activate|p1b: Pelipper|move: Wide Guard\n|move|p1a: Chesnaught|Body Press|p2b: Rotom\n|-supereffective|p2b: Rotom|1\n|-damage|p2b: Rotom|30/100\n|\n|-weather|Snowscape|[upkeep]\n|upkeep\n|turn|2\n|inactive|Battle timer is ON: inactive players will automatically lose when time's up. (requested by varimare)\n|\n|t:|1776080389\n|switch|p2b: Empoleon|Empoleon, L50, M, shiny|100/100\n|switch|p1b: Glimmora|Glimmora, L50, F|100/100\n|move|p2a: Froslass|Shadow Ball|p1b: Glimmora\n|-damage|p1b: Glimmora|42/100\n|move|p1a: Chesnaught|Body Press|p2b: Empoleon\n|-supereffective|p2b: Empoleon|1\n|-damage|p2b: Empoleon|15/100\n|\n|-weather|Snowscape|[upkeep]\n|-heal|p2b: Empoleon|20/100|[from] item: Leftovers\n|upkeep\n|turn|3\n|inactive|varimare has 30 seconds left.\n|\n|t:|1776080423\n|detailschange|p1b: Glimmora|Glimmora-Mega, L50, F\n|-mega|p1b: Glimmora|Glimmora|Glimmoranite\n|move|p2b: Empoleon|Protect|p2b: Empoleon\n|-singleturn|p2b: Empoleon|Protect\n|move|p1a: Chesnaught|Spiky Shield|p1a: Chesnaught\n|-singleturn|p1a: Chesnaught|move: Protect\n|move|p2a: Froslass|Shadow Ball|p1b: Glimmora\n|-damage|p1b: Glimmora|0 fnt\n|faint|p1b: Glimmora\n|\n|-weather|Snowscape|[upkeep]\n|-heal|p2b: Empoleon|26/100|[from] item: Leftovers\n|upkeep\n|\n|t:|1776080434\n|switch|p1b: Pelipper|Pelipper, L50, M|100/100\n|-weather|RainDance|[from] ability: Drizzle|[of] p1b: Pelipper\n|turn|4\n|\n|t:|1776080455\n|switch|p2b: Garchomp|Garchomp, L50, M|100/100\n|move|p2a: Froslass|Aurora Veil||[still]\n|-fail|p2a: Froslass\n|move|p1b: Pelipper|Tailwind|p1b: Pelipper\n|-sidestart|p1: varimare|move: Tailwind\n|move|p1a: Chesnaught|Wood Hammer|p2a: Froslass\n|-damage|p2a: Froslass|25/100\n|-damage|p1a: Chesnaught|81/100|[from] Recoil\n|\n|-weather|RainDance|[upkeep]\n|upkeep\n|turn|5\n|\n|t:|1776080474\n|switch|p2a: Empoleon|Empoleon, L50, M, shiny|26/100\n|move|p1b: Pelipper|Weather Ball|p2a: Empoleon\n|-resisted|p2a: Empoleon|1\n|-damage|p2a: Empoleon|0 fnt\n|faint|p2a: Empoleon\n|move|p2b: Garchomp|Dragon Claw|p1a: Chesnaught\n|-damage|p1a: Chesnaught|50/100\n|move|p1a: Chesnaught|Leech Seed|p2b: Garchomp\n|-start|p2b: Garchomp|move: Leech Seed\n|\n|-weather|RainDance|[upkeep]\n|-damage|p2b: Garchomp|88/100|[from] Leech Seed|[of] p1a: Chesnaught\n|-heal|p1a: Chesnaught|62/100|[silent]\n|upkeep\n|\n|t:|1776080480\n|switch|p2a: Froslass|Froslass-Mega, L50, F|25/100\n|-weather|Snowscape|[from] ability: Snow Warning|[of] p2a: Froslass\n|turn|6\n|\n|t:|1776080494\n|move|p1a: Chesnaught|Spiky Shield|p1a: Chesnaught\n|-singleturn|p1a: Chesnaught|move: Protect\n|move|p1b: Pelipper|Hurricane|p2a: Froslass\n|-damage|p2a: Froslass|0 fnt\n|faint|p2a: Froslass\n|move|p2b: Garchomp|Dragon Claw|p1b: Pelipper\n|-damage|p1b: Pelipper|46/100\n|\n|-weather|Snowscape|[upkeep]\n|-damage|p2b: Garchomp|75/100|[from] Leech Seed|[of] p1a: Chesnaught\n|-heal|p1a: Chesnaught|74/100|[silent]\n|upkeep\n|\n|t:|1776080505\n|switch|p2a: Rotom|Rotom-Frost, L50|30/100\n|turn|7\n|\n|t:|1776080513\n|move|p2b: Garchomp|Protect|p2b: Garchomp\n|-singleturn|p2b: Garchomp|Protect\n|move|p1b: Pelipper|Wide Guard|p1b: Pelipper\n|-singleturn|p1b: Pelipper|Wide Guard\n|move|p2a: Rotom|Blizzard|p1b: Pelipper|[spread] \n|-activate|p1a: Chesnaught|move: Wide Guard\n|-activate|p1b: Pelipper|move: Wide Guard\n|move|p1a: Chesnaught|Body Press|p2a: Rotom\n|-supereffective|p2a: Rotom|1\n|-damage|p2a: Rotom|0 fnt\n|faint|p2a: Rotom\n|\n|-weather|Snowscape|[upkeep]\n|-damage|p2b: Garchomp|63/100|[from] Leech Seed|[of] p1a: Chesnaught\n|-heal|p1a: Chesnaught|86/100|[silent]\n|-sideend|p1: varimare|move: Tailwind\n|upkeep\n|turn|8\n|-message|Drdreamz forfeited.\n|\n|win|varimare\n|raw|varimare's rating: 1177 &rarr; <strong>1204</strong><br />(+27 for winning)\n|raw|Drdreamz's rating: 1210 &rarr; <strong>1183</strong><br />(-27 for losing)\n|l|\u2606Drdreamz\n|player|p2|\n",
  "uploadtime": 1776080531,
  "views": 13,
  "formatid": "gen9championsvgc2026regma",
  "rating": 1183,
  "private": 0,
  "password": null
}