{
  "id": "gen9championsvgc2026regma-2587557272",
  "format": "[Gen 9 Champions] VGC 2026 Reg M-A",
  "players": [
    "PhoenicisVolatus27",
    "mr_amonguss"
  ],
  "log": "|j|\u2606PhoenicisVolatus27\n|j|\u2606mr_amonguss\n|t:|1776542067\n|gametype|doubles\n|player|p1|PhoenicisVolatus27|266|1154\n|player|p2|mr_amonguss|ghetsis|1222\n|gen|9\n|tier|[Gen 9 Champions] VGC 2026 Reg M-A\n|rated|\n|rule|Species Clause: Limit one of each Pok\u00e9mon\n|rule|Item Clause: Limit 1 of each item\n|clearpoke\n|poke|p1|Espathra, L50, F|\n|poke|p1|Victreebel, L50, M|\n|poke|p1|Lucario, L50, F|\n|poke|p1|Aerodactyl, L50, M|\n|poke|p1|Sinistcha, L50|\n|poke|p1|Empoleon, L50, M|\n|poke|p2|Froslass, L50, F|\n|poke|p2|Greninja, L50, F|\n|poke|p2|Sneasler, L50, M, shiny|\n|poke|p2|Pelipper, L50, F|\n|poke|p2|Basculegion, L50, M|\n|poke|p2|Rotom-Frost, L50|\n|teampreview|4\n|inactive|Battle timer is ON: inactive players will automatically lose when time's up. (requested by mr_amonguss)\n|\n|t:|1776542095\n|teamsize|p1|4\n|teamsize|p2|4\n|start\n|switch|p1a: Espathra|Espathra, L50, F|100/100\n|switch|p1b: Aerodactyl|Aerodactyl, L50, M|100/100\n|switch|p2a: Sneasler|Sneasler, L50, M, shiny|100/100\n|switch|p2b: Basculegion|Basculegion, L50, M|100/100\n|-ability|p1b: Aerodactyl|Unnerve\n|turn|1\n|\n|t:|1776542116\n|switch|p2a: Pelipper|Pelipper, L50, F|100/100\n|-weather|RainDance|[from] ability: Drizzle|[of] p2a: Pelipper\n|move|p1b: Aerodactyl|Protect|p1b: Aerodactyl\n|-singleturn|p1b: Aerodactyl|Protect\n|move|p1a: Espathra|Protect|p1a: Espathra\n|-singleturn|p1a: Espathra|Protect\n|move|p2b: Basculegion|Flip Turn|p1b: Aerodactyl\n|-activate|p1b: Aerodactyl|move: Protect\n|\n|-weather|RainDance|[upkeep]\n|-ability|p1a: Espathra|Speed Boost|boost\n|-boost|p1a: Espathra|spe|1\n|upkeep\n|turn|2\n|inactive|PhoenicisVolatus27 has 30 seconds left.\n|\n|t:|1776542146\n|move|p2b: Basculegion|Flip Turn|p1b: Aerodactyl\n|-supereffective|p1b: Aerodactyl|1\n|-damage|p1b: Aerodactyl|0 fnt\n|faint|p1b: Aerodactyl\n|\n|t:|1776542154\n|switch|p2b: Greninja|Greninja, L50, F|100/100|[from] Flip Turn\n|move|p1a: Espathra|Calm Mind|p1a: Espathra\n|-boost|p1a: Espathra|spa|1\n|-boost|p1a: Espathra|spd|1\n|move|p2a: Pelipper|Weather Ball|p1a: Espathra\n|-damage|p1a: Espathra|44/100\n|\n|-weather|RainDance|[upkeep]\n|-ability|p1a: Espathra|Speed Boost|boost\n|-boost|p1a: Espathra|spe|1\n|upkeep\n|\n|t:|1776542168\n|switch|p1b: Victreebel|Victreebel, L50, M|100/100\n|turn|3\n|inactive|mr_amonguss has 30 seconds left.\n|\n|t:|1776542195\n|detailschange|p1b: Victreebel|Victreebel-Mega, L50, M\n|-mega|p1b: Victreebel|Victreebel|Victreebelite\n|move|p1a: Espathra|Protect|p1a: Espathra\n|-singleturn|p1a: Espathra|Protect\n|move|p2b: Greninja|Dark Pulse|p1a: Espathra\n|-start|p2b: Greninja|typechange|Dark|[from] ability: Protean\n|-activate|p1a: Espathra|move: Protect\n|move|p2a: Pelipper|Hurricane|p1b: Victreebel\n|-supereffective|p1b: Victreebel|1\n|-damage|p1b: Victreebel|0 fnt\n|-damage|p2a: Pelipper|0 fnt|[from] ability: Innards Out|[of] p1b: Victreebel\n|faint|p1b: Victreebel\n|faint|p2a: Pelipper\n|\n|-weather|RainDance|[upkeep]\n|-ability|p1a: Espathra|Speed Boost|boost\n|-boost|p1a: Espathra|spe|1\n|upkeep\n|inactive|mr_amonguss has 30 seconds left.\n|\n|t:|1776542226\n|switch|p2a: Basculegion|Basculegion, L50, M|100/100\n|switch|p1b: Lucario|Lucario, L50, F|100/100\n|turn|4\n|\n|t:|1776542244\n|detailschange|p2b: Greninja|Greninja-Mega, L50, F\n|-mega|p2b: Greninja|Greninja|Greninjite\n|move|p2a: Basculegion|Aqua Jet|p1a: Espathra\n|-damage|p1a: Espathra|0 fnt\n|faint|p1a: Espathra\n|move|p2b: Greninja|Surf|p1b: Lucario|[spread] p2a,p1b\n|-start|p2b: Greninja|typechange|Water|[from] ability: Protean\n|-resisted|p2a: Basculegion|1\n|-damage|p2a: Basculegion|69/100\n|-damage|p1b: Lucario|13/100\n|move|p1b: Lucario|Aura Sphere|p2b: Greninja\n|-damage|p2b: Greninja|41/100\n|\n|-weather|RainDance|[upkeep]\n|upkeep\n|turn|5\n|-message|PhoenicisVolatus27 forfeited.\n|\n|win|mr_amonguss\n|raw|PhoenicisVolatus27's rating: 1154 &rarr; <strong>1134</strong><br />(-20 for losing)\n|raw|mr_amonguss's rating: 1222 &rarr; <strong>1242</strong><br />(+20 for winning)\n|l|\u2606PhoenicisVolatus27\n|player|p1|\n",
  "uploadtime": 1776542321,
  "views": 17,
  "formatid": "gen9championsvgc2026regma",
  "rating": 1134,
  "private": 0,
  "password": null
}