{
  "id": "gen9championsvgc2026regma-2581371525",
  "format": "[Gen 9 Champions] VGC 2026 Reg M-A",
  "players": [
    "turt1eee",
    "Ochalala"
  ],
  "log": "|j|\u2606turt1eee\n|j|\u2606Ochalala\n|t:|1775992985\n|gametype|doubles\n|player|p1|turt1eee|crasherwake|1081\n|player|p2|Ochalala|170|1000\n|gen|9\n|tier|[Gen 9 Champions] VGC 2026 Reg M-A\n|rated|\n|rule|Species Clause: Limit one of each Pok\u00e9mon\n|rule|Item Clause: Limit 1 of each item\n|clearpoke\n|poke|p1|Camerupt, L50, F|\n|poke|p1|Oranguru, L50, F|\n|poke|p1|Incineroar, L50, F|\n|poke|p1|Dragapult, L50, M|\n|poke|p1|Meowscarada, L50, M|\n|poke|p1|Beedrill, L50, M|\n|poke|p2|Conkeldurr, L50, M|\n|poke|p2|Starmie, L50|\n|poke|p2|Meganium, L50, F|\n|poke|p2|Incineroar, L50, M|\n|poke|p2|Gengar, L50, F|\n|poke|p2|Rotom-Wash, L50|\n|teampreview|4\n|inactive|Battle timer is ON: inactive players will automatically lose when time's up. (requested by turt1eee)\n|\n|t:|1775993004\n|teamsize|p1|4\n|teamsize|p2|4\n|start\n|switch|p1a: Oranguru|Oranguru, L50, F|100/100\n|switch|p1b: Meowscarada|Meowscarada, L50, M|100/100\n|switch|p2a: Incineroar|Incineroar, L50, M, shiny|100/100\n|switch|p2b: Starmie|Starmie, L50, shiny|100/100\n|-ability|p2a: Incineroar|Intimidate|boost\n|-fail|p1a: Oranguru|unboost|Attack|[from] ability: Inner Focus|[of] p1a: Oranguru\n|-unboost|p1b: Meowscarada|atk|1\n|turn|1\n|inactive|Ochalala has 30 seconds left.\n|\n|t:|1775993029\n|detailschange|p2b: Starmie|Starmie-Mega, L50, shiny\n|-mega|p2b: Starmie|Starmie|Starminite\n|move|p2a: Incineroar|Fake Out|p1b: Meowscarada\n|-damage|p1b: Meowscarada|85/100\n|cant|p1b: Meowscarada|flinch\n|move|p2b: Starmie|Trick Room|p2b: Starmie\n|-fieldstart|move: Trick Room|[of] p2b: Starmie\n|move|p1a: Oranguru|Trick Room|p1a: Oranguru\n|-fieldend|move: Trick Room\n|\n|upkeep\n|turn|2\n|\n|t:|1775993053\n|switch|p2b: Gengar|Gengar, L50, F|100/100\n|move|p1b: Meowscarada|Knock Off|p2b: Gengar\n|-start|p1b: Meowscarada|typechange|Dark|[from] ability: Protean\n|-supereffective|p2b: Gengar|1\n|-enditem|p2b: Gengar|Focus Sash\n|-damage|p2b: Gengar|1/100\n|move|p2a: Incineroar|Darkest Lariat|p1a: Oranguru\n|-supereffective|p1a: Oranguru|1\n|-damage|p1a: Oranguru|33/100\n|move|p1a: Oranguru|Sunny Day|p1a: Oranguru\n|-weather|SunnyDay\n|\n|-weather|SunnyDay|[upkeep]\n|upkeep\n|turn|3\n|\n|t:|1775993076\n|move|p1b: Meowscarada|Knock Off|p2b: Gengar\n|-supereffective|p2b: Gengar|1\n|-damage|p2b: Gengar|0 fnt\n|-start|p1b: Meowscarada|Disable|Knock Off|[from] ability: Cursed Body|[of] p2b: Gengar\n|faint|p2b: Gengar\n|move|p2a: Incineroar|Darkest Lariat|p1a: Oranguru\n|-supereffective|p1a: Oranguru|1\n|-damage|p1a: Oranguru|0 fnt\n|faint|p1a: Oranguru\n|\n|-weather|SunnyDay|[upkeep]\n|upkeep\n|\n|t:|1775993090\n|switch|p2b: Starmie|Starmie-Mega, L50, shiny|100/100\n|switch|p1a: Camerupt|Camerupt, L50, F|100/100\n|turn|4\n|inactive|Ochalala has 30 seconds left.\n|\n|t:|1775993119\n|switch|p1b: Incineroar|Incineroar, L50, F|100/100\n|-ability|p1b: Incineroar|Intimidate|boost\n|-unboost|p2a: Incineroar|atk|1\n|-unboost|p2b: Starmie|atk|1\n|move|p1a: Camerupt|Protect|p1a: Camerupt\n|-singleturn|p1a: Camerupt|Protect\n|move|p2a: Incineroar|Parting Shot|p1b: Incineroar\n|-unboost|p1b: Incineroar|atk|1\n|-unboost|p1b: Incineroar|spa|1\n|l|\u2606Ochalala\n|inactive|Ochalala disconnected and has a minute to reconnect!\n|player|p2|\n|j|\u2606Ochalala\n|inactive|Ochalala reconnected and has 45 seconds left.\n|player|p2|Ochalala|170|\n|\n|t:|1775993136\n|switch|p2a: Conkeldurr|Conkeldurr, L50, M|100/100|[from] Parting Shot\n|move|p2b: Starmie|Trick Room|p2b: Starmie\n|-fieldstart|move: Trick Room|[of] p2b: Starmie\n|\n|-weather|SunnyDay|[upkeep]\n|upkeep\n|turn|5\n|inactive|Ochalala has 30 seconds left.\n|inactive|turt1eee has 30 seconds left.\n|inactive|Ochalala has 20 seconds left.\n|\n|t:|1775993175\n|detailschange|p1a: Camerupt|Camerupt-Mega, L50, F\n|-mega|p1a: Camerupt|Camerupt|Cameruptite\n|move|p1b: Incineroar|Fake Out|p2a: Conkeldurr\n|-damage|p2a: Conkeldurr|94/100\n|move|p1a: Camerupt|Earth Power|p2b: Starmie\n|-damage|p2b: Starmie|39/100\n|cant|p2a: Conkeldurr|flinch\n|move|p2b: Starmie|Skill Swap|p2a: Conkeldurr\n|-activate|p2b: Starmie|Skill Swap|||[of] p2a: Conkeldurr\n|\n|-weather|SunnyDay|[upkeep]\n|-heal|p2a: Conkeldurr|99/100|[from] item: Leftovers\n|upkeep\n|turn|6\n|inactive|turt1eee has 30 seconds left.\n|inactive|Ochalala has 30 seconds left.\n|\n|t:|1775993205\n|move|p2b: Starmie|Aqua Jet|p1a: Camerupt\n|-supereffective|p1a: Camerupt|2\n|-damage|p1a: Camerupt|80/100\n|move|p1a: Camerupt|Eruption|p2b: Starmie|[spread] p2a,p2b\n|-resisted|p2b: Starmie|1\n|-damage|p2a: Conkeldurr|27/100\n|-damage|p2b: Starmie|3/100\n|move|p2a: Conkeldurr|Close Combat|p1a: Camerupt\n|-damage|p1a: Camerupt|0 fnt\n|-unboost|p2a: Conkeldurr|def|1\n|-unboost|p2a: Conkeldurr|spd|1\n|faint|p1a: Camerupt\n|move|p1b: Incineroar|Flare Blitz|p2b: Starmie\n|-resisted|p2b: Starmie|1\n|-damage|p2b: Starmie|0 fnt\n|faint|p2b: Starmie\n|-damage|p1b: Incineroar|99/100|[from] Recoil\n|\n|-weather|none\n|-heal|p2a: Conkeldurr|33/100|[from] item: Leftovers\n|upkeep\n|\n|t:|1775993217\n|switch|p1a: Meowscarada|Meowscarada, L50, M|85/100\n|switch|p2b: Incineroar|Incineroar, L50, M, shiny|100/100\n|-ability|p2b: Incineroar|Intimidate|boost\n|-unboost|p1a: Meowscarada|atk|1\n|-unboost|p1b: Incineroar|atk|1\n|turn|7\n|\n|t:|1775993232\n|move|p2b: Incineroar|Fake Out|p1b: Incineroar\n|-damage|p1b: Incineroar|88/100\n|move|p2a: Conkeldurr|Close Combat|p1a: Meowscarada\n|-supereffective|p1a: Meowscarada|1\n|-damage|p1a: Meowscarada|0 fnt\n|-unboost|p2a: Conkeldurr|def|1\n|-unboost|p2a: Conkeldurr|spd|1\n|faint|p1a: Meowscarada\n|cant|p1b: Incineroar|flinch\n|\n|-heal|p2a: Conkeldurr|40/100|[from] item: Leftovers\n|upkeep\n|turn|8\n|\n|t:|1775993249\n|move|p1b: Incineroar|Protect|p1b: Incineroar\n|-singleturn|p1b: Incineroar|Protect\n|move|p2a: Conkeldurr|Close Combat|p1b: Incineroar\n|-activate|p1b: Incineroar|move: Protect\n|move|p2b: Incineroar|Darkest Lariat|p1b: Incineroar\n|-activate|p1b: Incineroar|move: Protect\n|\n|-heal|p2a: Conkeldurr|46/100|[from] item: Leftovers\n|-fieldend|move: Trick Room\n|upkeep\n|turn|9\n|-message|turt1eee forfeited.\n|\n|win|Ochalala\n|raw|turt1eee's rating: 1102 &rarr; <strong>1070</strong><br />(-32 for losing)\n|raw|Ochalala's rating: 1000 &rarr; <strong>1051</strong><br />(+51 for winning)\n|l|\u2606turt1eee\n|player|p1|\n",
  "uploadtime": 1775993543,
  "views": 19,
  "formatid": "gen9championsvgc2026regma",
  "rating": 1051,
  "private": 0,
  "password": null
}