{
  "id": "gen9championsvgc2026regma-2587365066",
  "format": "[Gen 9 Champions] VGC 2026 Reg M-A",
  "players": [
    "lolgz",
    "tastyfloop"
  ],
  "log": "|j|\u2606lolgz\n|j|\u2606tastyfloop\n|t:|1776525658\n|gametype|doubles\n|player|p1|lolgz|dawn|\n|player|p2|tastyfloop|ghetsis|\n|gen|9\n|tier|[Gen 9 Champions] VGC 2026 Reg M-A\n|rated|Tournament battle\n|rule|Species Clause: Limit one of each Pok\u00e9mon\n|rule|Item Clause: Limit 1 of each item\n|raw|<div class=\"infobox\"><details class=\"readmore\" open><summary><strong>1 custom rule:</strong></summary> Force Open Team Sheets</details></div>\n|clearpoke\n|poke|p1|Charizard, L50, F|\n|poke|p1|Basculegion, L50, M|\n|poke|p1|Garchomp, L50, M|\n|poke|p1|Floette-Eternal, L50, F|\n|poke|p1|Aerodactyl, L50, M|\n|poke|p1|Sinistcha, L50|\n|poke|p2|Basculegion, L50, M|\n|poke|p2|Archaludon, L50, F|\n|poke|p2|Sinistcha, L50|\n|poke|p2|Pelipper, L50, F|\n|poke|p2|Gengar, L50, M|\n|poke|p2|Sneasler, L50, M|\n|teampreview|4\n|showteam|p1|Charizard||CharizarditeY|SolarPower|AirSlash,HeatWave,SolarBeam,Protect|||F|||50|]Basculegion||ChoiceScarf|Adaptability|WaveCrash,AquaJet,LastRespects,FlipTurn|||M|||50|]Garchomp||WhiteHerb|RoughSkin|Earthquake,DragonClaw,RockSlide,Protect|||M|||50|]Floette-Eternal||Floettite|FlowerVeil|DazzlingGleam,LightofRuin,Moonblast,Protect|||F|||50|]Aerodactyl||FocusSash|Unnerve|RockSlide,DualWingbeat,Taunt,Tailwind|||M|||50|]Sinistcha||SitrusBerry|Hospitality|ShadowBall,MatchaGotcha,TrickRoom,RagePowder||||||50|\n|showteam|p2|Basculegion||MysticWater|SwiftSwim|WaveCrash,AquaJet,FlipTurn,LastRespects|||M|||50|]Archaludon||Leftovers|Sturdy|Protect,ElectroShot,DracoMeteor,FlashCannon|||F|||50|]Sinistcha||MentalHerb|Hospitality|MatchaGotcha,Protect,TrickRoom,RagePowder||||||50|]Pelipper||FocusSash|Drizzle|Hurricane,Tailwind,Protect,WideGuard|||F|||50|]Gengar||Gengarite|CursedBody|Protect,Substitute,ShadowBall,SludgeBomb|||M|||50|]Sneasler||WhiteHerb|Unburden|CloseCombat,DireClaw,FakeOut,Protect|||M|||50|\n|c|\u2606tastyfloop|glhf\n|j| Tornuptofan/J.P.\n|j| Red Fang X\n|\n|t:|1776525713\n|teamsize|p1|4\n|teamsize|p2|4\n|start\n|switch|p1a: Aerodactyl|Aerodactyl, L50, M|100/100\n|switch|p1b: Garchomp|Garchomp, L50, M|100/100\n|switch|p2a: tuff ahh esdeekid|Sneasler, L50, M|100/100\n|switch|p2b: exhibit c|Archaludon, L50, F|100/100\n|-ability|p1a: Aerodactyl|Unnerve\n|turn|1\n|j| YakonSavikov\n|j| boi7264\n|\n|t:|1776525741\n|switch|p2a: no sun pls|Pelipper, L50, F|100/100\n|-weather|RainDance|[from] ability: Drizzle|[of] p2a: no sun pls\n|move|p1b: Garchomp|Protect|p1b: Garchomp\n|-singleturn|p1b: Garchomp|Protect\n|move|p1a: Aerodactyl|Tailwind|p1a: Aerodactyl\n|-sidestart|p1: lolgz|move: Tailwind\n|move|p2b: exhibit c|Electro Shot||[still]\n|-prepare|p2b: exhibit c|Electro Shot\n|-boost|p2b: exhibit c|spa|1\n|-anim|p2b: exhibit c|Electro Shot|p1a: Aerodactyl\n|-supereffective|p1a: Aerodactyl|1\n|-enditem|p1a: Aerodactyl|Focus Sash\n|-damage|p1a: Aerodactyl|1/100\n|\n|-weather|RainDance|[upkeep]\n|upkeep\n|turn|2\n|j| Solarbloke\n|j| gymleaderirish\n|\n|t:|1776525774\n|move|p2a: no sun pls|Wide Guard|p2a: no sun pls\n|-singleturn|p2a: no sun pls|Wide Guard\n|move|p1a: Aerodactyl|Taunt|p2a: no sun pls\n|-start|p2a: no sun pls|move: Taunt\n|move|p1b: Garchomp|Earthquake|p2a: no sun pls|[spread] \n|-activate|p2a: no sun pls|move: Wide Guard\n|-activate|p2b: exhibit c|move: Wide Guard\n|-immune|p1a: Aerodactyl\n|move|p2b: exhibit c|Draco Meteor|p1b: Garchomp\n|-supereffective|p1b: Garchomp|1\n|-damage|p1b: Garchomp|0 fnt\n|-unboost|p2b: exhibit c|spa|2\n|faint|p1b: Garchomp\n|\n|-weather|RainDance|[upkeep]\n|upkeep\n|\n|t:|1776525781\n|switch|p1b: Charizard|Charizard, L50, F|100/100\n|turn|3\n|j| angeldumunzet\n|\n|t:|1776525803\n|switch|p2a: tuff ahh esdeekid|Sneasler, L50, M|100/100\n|detailschange|p1b: Charizard|Charizard-Mega-Y, L50, F\n|-mega|p1b: Charizard|Charizard|Charizardite Y\n|-weather|SunnyDay|[from] ability: Drought|[of] p1b: Charizard\n|move|p2b: exhibit c|Protect|p2b: exhibit c\n|-singleturn|p2b: exhibit c|Protect\n|move|p1a: Aerodactyl|Rock Slide|p2b: exhibit c|[spread] p2a\n|-activate|p2b: exhibit c|move: Protect\n|-resisted|p2a: tuff ahh esdeekid|1\n|-damage|p2a: tuff ahh esdeekid|78/100\n|move|p1b: Charizard|Heat Wave|p2b: exhibit c|[spread] p2a\n|-activate|p2b: exhibit c|move: Protect\n|-damage|p2a: tuff ahh esdeekid|0 fnt\n|faint|p2a: tuff ahh esdeekid\n|\n|-weather|SunnyDay|[upkeep]\n|upkeep\n|\n|t:|1776525819\n|switch|p2a: no sun pls|Pelipper, L50, F|100/100\n|-weather|RainDance|[from] ability: Drizzle|[of] p2a: no sun pls\n|turn|4\n|\n|t:|1776525831\n|switch|p1b: Basculegion|Basculegion, L50, M|100/100\n|move|p1a: Aerodactyl|Taunt|p2a: no sun pls\n|-start|p2a: no sun pls|move: Taunt\n|cant|p2a: no sun pls|move: Taunt|Tailwind\n|move|p2b: exhibit c|Electro Shot||[still]\n|-prepare|p2b: exhibit c|Electro Shot\n|-boost|p2b: exhibit c|spa|1\n|-anim|p2b: exhibit c|Electro Shot|p1a: Aerodactyl\n|-supereffective|p1a: Aerodactyl|1\n|-damage|p1a: Aerodactyl|0 fnt\n|faint|p1a: Aerodactyl\n|\n|-weather|RainDance|[upkeep]\n|-sideend|p1: lolgz|move: Tailwind\n|upkeep\n|\n|t:|1776525836\n|switch|p1a: Charizard|Charizard-Mega-Y, L50, F|100/100\n|-weather|SunnyDay|[from] ability: Drought|[of] p1a: Charizard\n|turn|5\n|\n|t:|1776525853\n|switch|p2a: let it happen|Basculegion, L50, M|100/100\n|move|p2b: exhibit c|Protect|p2b: exhibit c\n|-singleturn|p2b: exhibit c|Protect\n|move|p1b: Basculegion|Last Respects|p2a: let it happen\n|-supereffective|p2a: let it happen|1\n|-crit|p2a: let it happen\n|-damage|p2a: let it happen|0 fnt\n|faint|p2a: let it happen\n|move|p1a: Charizard|Heat Wave|p2b: exhibit c\n|-activate|p2b: exhibit c|move: Protect\n|\n|-weather|SunnyDay|[upkeep]\n|upkeep\n|\n|t:|1776525864\n|switch|p2a: no sun pls|Pelipper, L50, F|100/100\n|-weather|RainDance|[from] ability: Drizzle|[of] p2a: no sun pls\n|turn|6\n|l| angeldumunzet\n|\n|t:|1776525890\n|move|p1b: Basculegion|Last Respects|p2b: exhibit c\n|-damage|p2b: exhibit c|27/100\n|move|p1a: Charizard|Air Slash|p2a: no sun pls\n|-damage|p2a: no sun pls|23/100\n|move|p2a: no sun pls|Tailwind|p2a: no sun pls\n|-sidestart|p2: tastyfloop|move: Tailwind\n|move|p2b: exhibit c|Electro Shot||[still]\n|-prepare|p2b: exhibit c|Electro Shot\n|-boost|p2b: exhibit c|spa|1\n|-anim|p2b: exhibit c|Electro Shot|p1b: Basculegion\n|-supereffective|p1b: Basculegion|1\n|-damage|p1b: Basculegion|0 fnt\n|faint|p1b: Basculegion\n|\n|-weather|RainDance|[upkeep]\n|-heal|p2b: exhibit c|33/100|[from] item: Leftovers\n|upkeep\n|turn|7\n|\n|t:|1776525907\n|move|p2a: no sun pls|Hurricane|p1a: Charizard\n|-damage|p1a: Charizard|48/100\n|-start|p1a: Charizard|confusion\n|move|p2b: exhibit c|Electro Shot||[still]\n|-prepare|p2b: exhibit c|Electro Shot\n|-boost|p2b: exhibit c|spa|1\n|-anim|p2b: exhibit c|Electro Shot|p1a: Charizard\n|-supereffective|p1a: Charizard|1\n|-damage|p1a: Charizard|0 fnt\n|faint|p1a: Charizard\n|\n|win|tastyfloop\n|n|\u2606lolgz|lolgz\n|n|\u2606tastyfloop|tastyfloop\n|n| Tornuptofan/J.P.|tornuptofanjp\n|n| Red Fang X|redfangx\n|n| YakonSavikov|yakonsavikov\n|n| boi7264|boi7264\n|n| Solarbloke|solarbloke\n|n| gymleaderirish|gymleaderirish\n",
  "uploadtime": 1776525907,
  "views": 14,
  "formatid": "gen9championsvgc2026regma",
  "rating": null,
  "private": 0,
  "password": null
}