{
  "id": "gen9championsvgc2026regma-2587547423",
  "format": "[Gen 9 Champions] VGC 2026 Reg M-A",
  "players": [
    "garciaandreu105",
    "Pigcosmos"
  ],
  "log": "|j|\u2606garciaandreu105\n|j|\u2606Pigcosmos\n|t:|1776541209\n|gametype|doubles\n|player|p1|garciaandreu105|266|1150\n|player|p2|Pigcosmos|scientist-gen4|1130\n|gen|9\n|tier|[Gen 9 Champions] VGC 2026 Reg M-A\n|rated|\n|rule|Species Clause: Limit one of each Pok\u00e9mon\n|rule|Item Clause: Limit 1 of each item\n|clearpoke\n|poke|p1|Oranguru, L50, F|\n|poke|p1|Crabominable, L50, M|\n|poke|p1|Hatterene, L50, F|\n|poke|p1|Rotom-Wash, L50|\n|poke|p1|Goodra-Hisui, L50, M|\n|poke|p1|Incineroar, L50, F|\n|poke|p2|Victreebel, L50, M|\n|poke|p2|Sableye, L50, M|\n|poke|p2|Forretress, L50, F|\n|poke|p2|Basculegion, L50, M|\n|poke|p2|Garganacl, L50, F|\n|poke|p2|Sharpedo, L50, M|\n|teampreview|4\n|inactive|Battle timer is ON: inactive players will automatically lose when time's up. (requested by Pigcosmos)\n|inactive|Pigcosmos has 60 seconds left.\n|\n|t:|1776541258\n|teamsize|p1|4\n|teamsize|p2|4\n|start\n|switch|p1a: Oranguru|Oranguru, L50, F|100/100\n|switch|p1b: Crabominable|Crabominable, L50, M|100/100\n|switch|p2a: Vapor de frutas|Sableye, L50, M|100/100\n|switch|p2b: Tarja|Forretress, L50, F|100/100\n|turn|1\n|inactive|Pigcosmos has 30 seconds left.\n|\n|t:|1776541283\n|detailschange|p1b: Crabominable|Crabominable-Mega, L50, M\n|-mega|p1b: Crabominable|Crabominable|Crabominite\n|move|p2a: Vapor de frutas|Fake Out|p1a: Oranguru\n|-damage|p1a: Oranguru|93/100\n|move|p2b: Tarja|Hard Press|p1b: Crabominable\n|-supereffective|p1b: Crabominable|1\n|-crit|p1b: Crabominable\n|-damage|p1b: Crabominable|0 fnt\n|faint|p1b: Crabominable\n|move|p1a: Oranguru|Trick Room|p1a: Oranguru\n|-fieldstart|move: Trick Room|[of] p1a: Oranguru\n|\n|upkeep\n|\n|t:|1776541293\n|switch|p1b: Goodra|Goodra-Hisui, L50, M|100/100\n|turn|2\n|\n|t:|1776541313\n|move|p2b: Tarja|Stealth Rock|p1a: Oranguru\n|-sidestart|p1: garciaandreu105|move: Stealth Rock\n|move|p2a: Vapor de frutas|Foul Play|p1a: Oranguru\n|-supereffective|p1a: Oranguru|1\n|-damage|p1a: Oranguru|46/100\n|move|p1b: Goodra|Shelter|p1b: Goodra\n|-boost|p1b: Goodra|def|2\n|move|p1a: Oranguru|Instruct|p1b: Goodra\n|-singleturn|p1b: Goodra|move: Instruct|[of] p1a: Oranguru\n|move|p1b: Goodra|Shelter|p1b: Goodra\n|-boost|p1b: Goodra|def|2\n|\n|upkeep\n|turn|3\n|-activate|p2b: Tarja|item: Quick Claw\n|\n|t:|1776541335\n|move|p2b: Tarja|Protect|p2b: Tarja\n|-singleturn|p2b: Tarja|Protect\n|move|p2a: Vapor de frutas|Foul Play|p1a: Oranguru\n|-supereffective|p1a: Oranguru|1\n|-damage|p1a: Oranguru|0 fnt\n|faint|p1a: Oranguru\n|move|p1b: Goodra|Body Press|p2b: Tarja\n|-activate|p2b: Tarja|move: Protect\n|\n|upkeep\n|\n|t:|1776541341\n|switch|p1a: Hatterene|Hatterene, L50, F|100/100\n|-damage|p1a: Hatterene|89/100|[from] Stealth Rock\n|turn|4\n|\n|t:|1776541359\n|move|p2a: Vapor de frutas|Quash|p1b: Goodra\n|-activate|p1b: Goodra|move: Quash\n|move|p1a: Hatterene|Dazzling Gleam|p2a: Vapor de frutas|[spread] p2a,p2b\n|-supereffective|p2a: Vapor de frutas|1\n|-resisted|p2b: Tarja|1\n|-damage|p2a: Vapor de frutas|16/100\n|-damage|p2b: Tarja|78/100\n|-enditem|p2a: Vapor de frutas|Sitrus Berry|[eat]\n|-heal|p2a: Vapor de frutas|41/100|[from] item: Sitrus Berry\n|move|p2b: Tarja|Hard Press|p1a: Hatterene\n|-supereffective|p1a: Hatterene|1\n|-damage|p1a: Hatterene|0 fnt\n|faint|p1a: Hatterene\n|move|p1b: Goodra|Body Press|p2b: Tarja\n|-damage|p2b: Tarja|31/100\n|\n|upkeep\n|turn|5\n|\n|t:|1776541382\n|move|p2a: Vapor de frutas|Recover|p2a: Vapor de frutas\n|-heal|p2a: Vapor de frutas|92/100\n|move|p2b: Tarja|Body Press|p1b: Goodra\n|-supereffective|p1b: Goodra|1\n|-damage|p1b: Goodra|83/100\n|move|p1b: Goodra|Shelter|p1b: Goodra\n|-boost|p1b: Goodra|def|2\n|\n|-heal|p1b: Goodra|89/100|[from] item: Leftovers\n|-fieldend|move: Trick Room\n|upkeep\n|turn|6\n|-activate|p2b: Tarja|item: Quick Claw\n|\n|t:|1776541400\n|move|p2b: Tarja|Protect|p2b: Tarja\n|-singleturn|p2b: Tarja|Protect\n|move|p1b: Goodra|Knock Off|p2a: Vapor de frutas\n|-damage|p2a: Vapor de frutas|73/100\n|move|p2a: Vapor de frutas|Foul Play|p1b: Goodra\n|-damage|p1b: Goodra|81/100\n|\n|-heal|p1b: Goodra|87/100|[from] item: Leftovers\n|upkeep\n|turn|7\n|-activate|p2b: Tarja|item: Quick Claw\n|\n|t:|1776541418\n|move|p2b: Tarja|Body Press|p1b: Goodra\n|-supereffective|p1b: Goodra|1\n|-damage|p1b: Goodra|74/100\n|move|p1b: Goodra|Body Press|p2b: Tarja\n|-damage|p2b: Tarja|0 fnt\n|faint|p2b: Tarja\n|move|p2a: Vapor de frutas|Foul Play|p1b: Goodra\n|-damage|p1b: Goodra|66/100\n|\n|-heal|p1b: Goodra|72/100|[from] item: Leftovers\n|upkeep\n|\n|t:|1776541427\n|switch|p2b: Recife|Sharpedo, L50, M|100/100\n|turn|8\n|\n|t:|1776541440\n|move|p2b: Recife|Close Combat|p1b: Goodra\n|-supereffective|p1b: Goodra|1\n|-damage|p1b: Goodra|53/100\n|-unboost|p2b: Recife|def|1\n|-unboost|p2b: Recife|spd|1\n|move|p1b: Goodra|Draco Meteor|p2a: Vapor de frutas\n|-damage|p2a: Vapor de frutas|6/100\n|-unboost|p1b: Goodra|spa|2\n|move|p2a: Vapor de frutas|Foul Play|p1b: Goodra\n|-damage|p1b: Goodra|44/100\n|\n|-heal|p1b: Goodra|50/100|[from] item: Leftovers\n|-ability|p2b: Recife|Speed Boost|boost\n|-boost|p2b: Recife|spe|1\n|upkeep\n|turn|9\n|inactive|Pigcosmos has 30 seconds left.\n|\n|t:|1776541466\n|move|p2a: Vapor de frutas|Recover|p2a: Vapor de frutas\n|-heal|p2a: Vapor de frutas|56/100\n|move|p2b: Recife|Close Combat|p1b: Goodra\n|-supereffective|p1b: Goodra|1\n|-damage|p1b: Goodra|31/100\n|-unboost|p2b: Recife|def|1\n|-unboost|p2b: Recife|spd|1\n|move|p1b: Goodra|Body Press|p2b: Recife\n|-supereffective|p2b: Recife|1\n|-enditem|p2b: Recife|Focus Sash\n|-damage|p2b: Recife|1/100\n|\n|-heal|p1b: Goodra|37/100|[from] item: Leftovers\n|-ability|p2b: Recife|Speed Boost|boost\n|-boost|p2b: Recife|spe|1\n|upkeep\n|turn|10\n|inactive|garciaandreu105 has 30 seconds left.\n|inactive|Pigcosmos has 30 seconds left.\n|\n|t:|1776541498\n|move|p2b: Recife|Protect|p2b: Recife\n|-singleturn|p2b: Recife|Protect\n|move|p2a: Vapor de frutas|Recover|p2a: Vapor de frutas\n|-heal|p2a: Vapor de frutas|100/100\n|move|p1b: Goodra|Draco Meteor|p2a: Vapor de frutas\n|-damage|p2a: Vapor de frutas|71/100\n|-unboost|p1b: Goodra|spa|2\n|\n|-heal|p1b: Goodra|43/100|[from] item: Leftovers\n|-ability|p2b: Recife|Speed Boost|boost\n|-boost|p2b: Recife|spe|1\n|upkeep\n|turn|11\n|\n|t:|1776541514\n|move|p2b: Recife|Destiny Bond|p2b: Recife\n|-singlemove|p2b: Recife|Destiny Bond\n|move|p1b: Goodra|Body Press|p2b: Recife\n|-supereffective|p2b: Recife|1\n|-damage|p2b: Recife|0 fnt\n|faint|p2b: Recife\n|-activate|p2b: Recife|move: Destiny Bond\n|faint|p1b: Goodra\n|\n|win|Pigcosmos\n|raw|garciaandreu105's rating: 1150 &rarr; <strong>1124</strong><br />(-26 for losing)\n|raw|Pigcosmos's rating: 1130 &rarr; <strong>1156</strong><br />(+26 for winning)\n|l|\u2606garciaandreu105\n|player|p1|\n",
  "uploadtime": 1776541536,
  "views": 26,
  "formatid": "gen9championsvgc2026regma",
  "rating": 1124,
  "private": 0,
  "password": null
}