{
  "id": "gen9championsvgc2026regma-2583024421",
  "format": "[Gen 9 Champions] VGC 2026 Reg M-A",
  "players": [
    "StaraptorKiller",
    "cremess"
  ],
  "log": "|j|\u2606StaraptorKiller\n|j|\u2606cremess\n|t:|1776134347\n|gametype|doubles\n|player|p1|StaraptorKiller|blaine|1304\n|player|p2|cremess|ghetsis-gen5bw|1205\n|gen|9\n|tier|[Gen 9 Champions] VGC 2026 Reg M-A\n|rated|\n|rule|Species Clause: Limit one of each Pok\u00e9mon\n|rule|Item Clause: Limit 1 of each item\n|clearpoke\n|poke|p1|Garchomp, L50, M|\n|poke|p1|Milotic, L50, M|\n|poke|p1|Pelipper, L50, F|\n|poke|p1|Sneasler, L50, M|\n|poke|p1|Aerodactyl, L50, F|\n|poke|p1|Archaludon, L50, M|\n|poke|p2|Gardevoir, L50, M|\n|poke|p2|Machamp, L50, F|\n|poke|p2|Sinistcha, L50|\n|poke|p2|Palafin, L50, F|\n|poke|p2|Excadrill, L50, M|\n|poke|p2|Incineroar, L50, F|\n|teampreview|4\n|inactive|Battle timer is ON: inactive players will automatically lose when time's up. (requested by StaraptorKiller)\n|inactive|cremess has 60 seconds left.\n|\n|t:|1776134397\n|teamsize|p1|4\n|teamsize|p2|4\n|start\n|switch|p1a: Milotic|Milotic, L50, M, shiny|100/100\n|switch|p1b: Pelipper|Pelipper, L50, F|100/100\n|switch|p2a: Palafin|Palafin, L50, F|100/100\n|switch|p2b: Machamp|Machamp, L50, F|100/100\n|-weather|RainDance|[from] ability: Drizzle|[of] p1b: Pelipper\n|turn|1\n|inactive|StaraptorKiller has 30 seconds left.\n|\n|t:|1776134424\n|detailschange|p2a: Palafin|Palafin-Hero, L50, F\n|switch|p2a: Gardevoir|Gardevoir, L50, M, shiny|100/100\n|-ability|p2a: Gardevoir|Drizzle|Trace|[from] ability: Trace|[of] p1b: Pelipper\n|move|p1b: Pelipper|Tailwind|p1b: Pelipper\n|-sidestart|p1: StaraptorKiller|move: Tailwind\n|move|p1a: Milotic|Scald|p2a: Gardevoir\n|-damage|p2a: Gardevoir|54/100\n|-status|p2a: Gardevoir|brn\n|move|p2b: Machamp|Dynamic Punch|p1a: Milotic\n|-damage|p1a: Milotic|36/100\n|-start|p1a: Milotic|confusion\n|\n|-weather|RainDance|[upkeep]\n|-heal|p1a: Milotic|42/100|[from] item: Leftovers\n|-damage|p2a: Gardevoir|48/100 brn|[from] brn\n|upkeep\n|turn|2\n|\n|t:|1776134447\n|detailschange|p2a: Gardevoir|Gardevoir-Mega, L50, M, shiny\n|-mega|p2a: Gardevoir|Gardevoir|Gardevoirite\n|move|p1b: Pelipper|Hurricane|p2b: Machamp\n|-supereffective|p2b: Machamp|1\n|-damage|p2b: Machamp|23/100\n|-activate|p1a: Milotic|confusion\n|move|p1a: Milotic|Recover|p1a: Milotic\n|-heal|p1a: Milotic|92/100\n|move|p2a: Gardevoir|Hyper Voice|p1a: Milotic|[spread] p1a,p1b\n|-damage|p1a: Milotic|58/100\n|-damage|p1b: Pelipper|32/100\n|move|p2b: Machamp|Dynamic Punch|p1b: Pelipper\n|-resisted|p1b: Pelipper|1\n|-damage|p1b: Pelipper|0 fnt\n|faint|p1b: Pelipper\n|\n|-weather|RainDance|[upkeep]\n|-heal|p1a: Milotic|65/100|[from] item: Leftovers\n|-damage|p2a: Gardevoir|42/100 brn|[from] brn\n|upkeep\n|\n|t:|1776134463\n|switch|p1b: Archaludon|Archaludon, L50, M|100/100\n|turn|3\n|inactive|cremess has 30 seconds left.\n|inactive|cremess has 20 seconds left.\n|inactive|cremess has 15 seconds left.\n|\n|t:|1776134506\n|switch|p2b: Sinistcha|Sinistcha, L50|100/100\n|-heal|p2a: Gardevoir|67/100 brn|[from] ability: Hospitality|[of] p2b: Sinistcha\n|move|p2a: Gardevoir|Protect|p2a: Gardevoir\n|-singleturn|p2a: Gardevoir|Protect\n|move|p1b: Archaludon|Electro Shot||[still]\n|-prepare|p1b: Archaludon|Electro Shot\n|-boost|p1b: Archaludon|spa|1\n|-anim|p1b: Archaludon|Electro Shot|p2b: Sinistcha\n|-resisted|p2b: Sinistcha|1\n|-damage|p2b: Sinistcha|63/100\n|-activate|p1a: Milotic|confusion\n|-damage|p1a: Milotic|59/100|[from] confusion\n|\n|-weather|RainDance|[upkeep]\n|-heal|p1a: Milotic|66/100|[from] item: Leftovers\n|-damage|p2a: Gardevoir|60/100 brn|[from] brn\n|upkeep\n|turn|4\n|inactive|StaraptorKiller has 30 seconds left.\n|\n|t:|1776134533\n|move|p2b: Sinistcha|Rage Powder|p2b: Sinistcha\n|-singleturn|p2b: Sinistcha|move: Rage Powder\n|move|p1b: Archaludon|Electro Shot||[still]\n|-prepare|p1b: Archaludon|Electro Shot\n|-boost|p1b: Archaludon|spa|1\n|-anim|p1b: Archaludon|Electro Shot|p2b: Sinistcha\n|-resisted|p2b: Sinistcha|1\n|-damage|p2b: Sinistcha|9/100\n|-end|p1a: Milotic|confusion\n|move|p1a: Milotic|Icy Wind|p2b: Sinistcha|[spread] p2a,p2b\n|-supereffective|p2b: Sinistcha|1\n|-damage|p2a: Gardevoir|51/100 brn\n|-damage|p2b: Sinistcha|0 fnt\n|-unboost|p2a: Gardevoir|spe|1\n|faint|p2b: Sinistcha\n|move|p2a: Gardevoir|Hyper Voice|p1b: Archaludon|[spread] p1a,p1b\n|-damage|p1a: Milotic|36/100\n|-damage|p1b: Archaludon|42/100\n|-ability|p1b: Archaludon|Stamina|boost\n|-boost|p1b: Archaludon|def|1\n|-enditem|p1b: Archaludon|Sitrus Berry|[eat]\n|-heal|p1b: Archaludon|67/100|[from] item: Sitrus Berry\n|\n|-weather|RainDance|[upkeep]\n|-heal|p1a: Milotic|42/100|[from] item: Leftovers\n|-damage|p2a: Gardevoir|45/100 brn|[from] brn\n|-sideend|p1: StaraptorKiller|move: Tailwind\n|upkeep\n|\n|t:|1776134556\n|switch|p2b: Palafin|Palafin-Hero, L50, F|100/100\n|-activate|p2b: Palafin|ability: Zero to Hero\n|turn|5\n|\n|t:|1776134579\n|move|p1b: Archaludon|Protect|p1b: Archaludon\n|-singleturn|p1b: Archaludon|Protect\n|move|p2a: Gardevoir|Protect|p2a: Gardevoir\n|-singleturn|p2a: Gardevoir|Protect\n|move|p2b: Palafin|Drain Punch|p1b: Archaludon\n|-activate|p1b: Archaludon|move: Protect\n|move|p1a: Milotic|Icy Wind|p2b: Palafin|[spread] p2b\n|-activate|p2a: Gardevoir|move: Protect\n|-resisted|p2b: Palafin|1\n|-damage|p2b: Palafin|97/100\n|-unboost|p2b: Palafin|spe|1\n|\n|-weather|none\n|-heal|p1a: Milotic|48/100|[from] item: Leftovers\n|-heal|p2b: Palafin|100/100|[from] item: Leftovers\n|-damage|p2a: Gardevoir|38/100 brn|[from] brn\n|upkeep\n|turn|6\n|\n|t:|1776134599\n|switch|p2a: Machamp|Machamp, L50, F|23/100\n|move|p1b: Archaludon|Flash Cannon|p2a: Machamp\n|-damage|p2a: Machamp|0 fnt\n|faint|p2a: Machamp\n|move|p1a: Milotic|Recover|p1a: Milotic\n|-heal|p1a: Milotic|98/100\n|move|p2b: Palafin|Drain Punch|p1a: Milotic\n|-damage|p1a: Milotic|71/100\n|\n|-heal|p1a: Milotic|77/100|[from] item: Leftovers\n|upkeep\n|\n|t:|1776134610\n|switch|p2a: Gardevoir|Gardevoir-Mega, L50, M, shiny|38/100 brn\n|turn|7\n|\n|t:|1776134616\n|move|p1b: Archaludon|Protect|p1b: Archaludon\n|-singleturn|p1b: Archaludon|Protect\n|move|p2a: Gardevoir|Destiny Bond|p2a: Gardevoir\n|-singlemove|p2a: Gardevoir|Destiny Bond\n|move|p1a: Milotic|Icy Wind|p2b: Palafin|[spread] p2a,p2b\n|-resisted|p2b: Palafin|1\n|-damage|p2a: Gardevoir|29/100 brn\n|-damage|p2b: Palafin|97/100\n|-unboost|p2a: Gardevoir|spe|1\n|-unboost|p2b: Palafin|spe|1\n|move|p2b: Palafin|Bulk Up|p2b: Palafin\n|-boost|p2b: Palafin|atk|1\n|-boost|p2b: Palafin|def|1\n|\n|-heal|p1a: Milotic|83/100|[from] item: Leftovers\n|-heal|p2b: Palafin|100/100|[from] item: Leftovers\n|-damage|p2a: Gardevoir|23/100 brn|[from] brn\n|upkeep\n|turn|8\n|\n|t:|1776134638\n|move|p2b: Palafin|Protect|p2b: Palafin\n|-singleturn|p2b: Palafin|Protect\n|move|p1b: Archaludon|Dragon Pulse|p2b: Palafin\n|-activate|p2b: Palafin|move: Protect\n|move|p2a: Gardevoir|Hyper Voice|p1a: Milotic|[spread] p1a,p1b\n|-damage|p1a: Milotic|52/100\n|-damage|p1b: Archaludon|0 fnt\n|faint|p1b: Archaludon\n|move|p1a: Milotic|Scald|p2b: Palafin\n|-activate|p2b: Palafin|move: Protect\n|\n|-heal|p1a: Milotic|58/100|[from] item: Leftovers\n|-damage|p2a: Gardevoir|16/100 brn|[from] brn\n|upkeep\n|\n|t:|1776134642\n|switch|p1b: Aerodactyl|Aerodactyl, L50, F|100/100\n|turn|9\n|\n|t:|1776134663\n|detailschange|p1b: Aerodactyl|Aerodactyl-Mega, L50, F\n|-mega|p1b: Aerodactyl|Aerodactyl|Aerodactylite\n|move|p2b: Palafin|Jet Punch|p1b: Aerodactyl\n|-supereffective|p1b: Aerodactyl|1\n|-damage|p1b: Aerodactyl|0 fnt\n|faint|p1b: Aerodactyl\n|move|p2a: Gardevoir|Hyper Voice|p1a: Milotic\n|-damage|p1a: Milotic|18/100\n|move|p1a: Milotic|Scald|p2b: Palafin\n|-resisted|p2b: Palafin|1\n|-damage|p2b: Palafin|89/100\n|\n|-heal|p1a: Milotic|24/100|[from] item: Leftovers\n|-heal|p2b: Palafin|95/100|[from] item: Leftovers\n|-damage|p2a: Gardevoir|10/100 brn|[from] brn\n|upkeep\n|turn|10\n|-message|StaraptorKiller forfeited.\n|\n|win|cremess\n|raw|StaraptorKiller's rating: 1304 &rarr; <strong>1278</strong><br />(-26 for losing)\n|raw|cremess's rating: 1205 &rarr; <strong>1237</strong><br />(+32 for winning)\n|l|\u2606StaraptorKiller\n|player|p1|\n",
  "uploadtime": 1776134682,
  "views": 30,
  "formatid": "gen9championsvgc2026regma",
  "rating": 1237,
  "private": 0,
  "password": null
}