{
  "id": "gen9championsvgc2026regma-2586286225",
  "format": "[Gen 9 Champions] VGC 2026 Reg M-A",
  "players": [
    "123456ag",
    "dr.pq"
  ],
  "log": "|j|\u2606123456ag\n|j|\u2606dr.pq\n|t:|1776421391\n|gametype|doubles\n|player|p1|123456ag|swimmerf-gen4dp|1145\n|player|p2|dr.pq|emmet|1044\n|gen|9\n|tier|[Gen 9 Champions] VGC 2026 Reg M-A\n|rated|\n|rule|Species Clause: Limit one of each Pok\u00e9mon\n|rule|Item Clause: Limit 1 of each item\n|clearpoke\n|poke|p1|Gengar, L50, F|\n|poke|p1|Incineroar, L50, F|\n|poke|p1|Maushold, L50|\n|poke|p1|Politoed, L50, M|\n|poke|p1|Basculegion, L50, M|\n|poke|p1|Kingambit, L50, M|\n|poke|p2|Charizard, L50, M|\n|poke|p2|Meganium, L50, F|\n|poke|p2|Whimsicott, L50, F|\n|poke|p2|Garchomp, L50, F|\n|poke|p2|Typhlosion-Hisui, L50, M|\n|poke|p2|Sneasler, L50, F|\n|teampreview|4\n|\n|t:|1776421429\n|teamsize|p1|4\n|teamsize|p2|4\n|start\n|switch|p1a: Basculegion|Basculegion, L50, M|100/100\n|switch|p1b: Incineroar|Incineroar, L50, F|100/100\n|switch|p2a: Atchoum|Whimsicott, L50, F, shiny|100/100\n|switch|p2b: Inoxtag|Sneasler, L50, F, shiny|100/100\n|-ability|p1b: Incineroar|Intimidate|boost\n|-unboost|p2a: Atchoum|atk|1\n|-unboost|p2b: Inoxtag|atk|1\n|turn|1\n|\n|t:|1776421456\n|switch|p1b: Politoed|Politoed, L50, M|100/100\n|-weather|RainDance|[from] ability: Drizzle|[of] p1b: Politoed\n|move|p2b: Inoxtag|Fake Out|p1b: Politoed\n|-damage|p1b: Politoed|92/100\n|move|p2a: Atchoum|Tailwind|p2a: Atchoum\n|-sidestart|p2: dr.pq|move: Tailwind\n|move|p1a: Basculegion|Flip Turn|p2b: Inoxtag\n|-damage|p2b: Inoxtag|11/100\n|\n|t:|1776421498\n|switch|p1a: Incineroar|Incineroar, L50, F|100/100|[from] Flip Turn\n|-ability|p1a: Incineroar|Intimidate|boost\n|-unboost|p2a: Atchoum|atk|1\n|-unboost|p2b: Inoxtag|atk|1\n|\n|-weather|RainDance|[upkeep]\n|upkeep\n|turn|2\n|\n|t:|1776421522\n|switch|p1b: Basculegion|Basculegion, L50, M|100/100\n|move|p2a: Atchoum|Moonblast|p1a: Incineroar\n|-damage|p1a: Incineroar|68/100\n|move|p2b: Inoxtag|Close Combat|p1b: Basculegion\n|-immune|p1b: Basculegion\n|move|p1a: Incineroar|Parting Shot|p2b: Inoxtag\n|-unboost|p2b: Inoxtag|atk|1\n|-unboost|p2b: Inoxtag|spa|1\n|\n|t:|1776421535\n|switch|p1a: Gengar|Gengar, L50, F|100/100|[from] Parting Shot\n|\n|-weather|RainDance|[upkeep]\n|upkeep\n|turn|3\n|\n|t:|1776421605\n|detailschange|p1a: Gengar|Gengar-Mega, L50, F\n|-mega|p1a: Gengar|Gengar|Gengarite\n|move|p2a: Atchoum|Moonblast|p1b: Basculegion\n|-damage|p1b: Basculegion|58/100\n|-unboost|p1b: Basculegion|spa|1\n|move|p2b: Inoxtag|Dire Claw|p1a: Gengar\n|-resisted|p1a: Gengar|2\n|-damage|p1a: Gengar|95/100\n|-status|p1a: Gengar|slp\n|move|p1b: Basculegion|Flip Turn|p2b: Inoxtag\n|-damage|p2b: Inoxtag|0 fnt\n|faint|p2b: Inoxtag\n|\n|t:|1776421620\n|switch|p1b: Incineroar|Incineroar, L50, F|68/100|[from] Flip Turn\n|-ability|p1b: Incineroar|Intimidate|boost\n|-unboost|p2a: Atchoum|atk|1\n|cant|p1a: Gengar|slp\n|\n|-weather|RainDance|[upkeep]\n|-heal|p1b: Incineroar|74/100|[from] item: Leftovers\n|upkeep\n|\n|t:|1776421629\n|switch|p2b: Air-Shark|Garchomp, L50, F, shiny|100/100\n|turn|4\n|\n|t:|1776421646\n|switch|p1a: Politoed|Politoed, L50, M|92/100\n|move|p1b: Incineroar|Fake Out|p2b: Air-Shark\n|-damage|p2b: Air-Shark|89/100\n|-damage|p1b: Incineroar|61/100|[from] ability: Rough Skin|[of] p2b: Air-Shark\n|move|p2a: Atchoum|Sunny Day|p2a: Atchoum\n|-weather|SunnyDay\n|cant|p2b: Air-Shark|flinch\n|\n|-weather|SunnyDay|[upkeep]\n|-heal|p1b: Incineroar|67/100|[from] item: Leftovers\n|-sideend|p2: dr.pq|move: Tailwind\n|upkeep\n|turn|5\n|\n|t:|1776421677\n|move|p1b: Incineroar|Protect|p1b: Incineroar\n|-singleturn|p1b: Incineroar|Protect\n|move|p2a: Atchoum|Tailwind|p2a: Atchoum\n|-sidestart|p2: dr.pq|move: Tailwind\n|move|p2b: Air-Shark|Rock Slide|p1a: Politoed|[spread] p1a\n|-activate|p1b: Incineroar|move: Protect\n|-damage|p1a: Politoed|76/100\n|cant|p1a: Politoed|flinch\n|\n|-weather|SunnyDay|[upkeep]\n|-heal|p1b: Incineroar|73/100|[from] item: Leftovers\n|upkeep\n|turn|6\n|\n|t:|1776421704\n|switch|p1b: Gengar|Gengar-Mega, L50, F|95/100 slp\n|move|p2a: Atchoum|Protect|p2a: Atchoum\n|-singleturn|p2a: Atchoum|Protect\n|move|p2b: Air-Shark|Rock Slide|p1b: Gengar|[spread] p1a,p1b\n|-damage|p1a: Politoed|59/100\n|-damage|p1b: Gengar|71/100 slp\n|move|p1a: Politoed|Ice Beam|p2b: Air-Shark\n|-supereffective|p2b: Air-Shark|2\n|-damage|p2b: Air-Shark|0 fnt\n|faint|p2b: Air-Shark\n|\n|-weather|SunnyDay|[upkeep]\n|upkeep\n|\n|t:|1776421716\n|switch|p2b: Endive|Meganium, L50, F|100/100\n|turn|7\n|\n|t:|1776421769\n|switch|p1b: Incineroar|Incineroar, L50, F|73/100\n|-ability|p1b: Incineroar|Intimidate|boost\n|-unboost|p2a: Atchoum|atk|1\n|-unboost|p2b: Endive|atk|1\n|detailschange|p2b: Endive|Meganium-Mega, L50, F\n|-mega|p2b: Endive|Meganium|Meganiumite\n|move|p1a: Politoed|Protect|p1a: Politoed\n|-singleturn|p1a: Politoed|Protect\n|move|p2a: Atchoum|Moonblast|p1a: Politoed\n|-activate|p1a: Politoed|move: Protect\n|move|p2b: Endive|Weather Ball|p1b: Incineroar\n|-resisted|p1b: Incineroar|1\n|-damage|p1b: Incineroar|43/100\n|\n|-weather|SunnyDay|[upkeep]\n|-heal|p1b: Incineroar|49/100|[from] item: Leftovers\n|upkeep\n|turn|8\n|\n|t:|1776421799\n|move|p1b: Incineroar|Fake Out|p2b: Endive\n|-damage|p2b: Endive|90/100\n|move|p2a: Atchoum|Moonblast|p1b: Incineroar\n|-damage|p1b: Incineroar|14/100\n|-unboost|p1b: Incineroar|spa|1\n|cant|p2b: Endive|flinch\n|move|p1a: Politoed|Ice Beam|p2a: Atchoum\n|-supereffective|p2a: Atchoum|1\n|-damage|p2a: Atchoum|11/100\n|\n|-weather|none\n|-heal|p2a: Atchoum|17/100|[from] item: Leftovers\n|-heal|p1b: Incineroar|20/100|[from] item: Leftovers\n|-sideend|p2: dr.pq|move: Tailwind\n|upkeep\n|turn|9\n|\n|t:|1776421824\n|switch|p1a: Gengar|Gengar-Mega, L50, F|71/100 slp\n|move|p1b: Incineroar|Protect|p1b: Incineroar\n|-singleturn|p1b: Incineroar|Protect\n|move|p2a: Atchoum|Tailwind|p2a: Atchoum\n|-sidestart|p2: dr.pq|move: Tailwind\n|move|p2b: Endive|Solar Beam||[still]\n|-prepare|p2b: Endive|Solar Beam\n|-activate|p2b: Endive|ability: Mega Sol\n|-anim|p2b: Endive|Solar Beam|p1a: Gengar\n|-resisted|p1a: Gengar|1\n|-damage|p1a: Gengar|27/100 slp\n|\n|-heal|p2a: Atchoum|23/100|[from] item: Leftovers\n|-heal|p1b: Incineroar|26/100|[from] item: Leftovers\n|upkeep\n|turn|10\n|\n|t:|1776421851\n|switch|p1b: Politoed|Politoed, L50, M|59/100\n|-weather|RainDance|[from] ability: Drizzle|[of] p1b: Politoed\n|cant|p1a: Gengar|slp\n|move|p2a: Atchoum|Moonblast|p1b: Politoed\n|-damage|p1b: Politoed|25/100\n|move|p2b: Endive|Solar Beam||[still]\n|-prepare|p2b: Endive|Solar Beam\n|-activate|p2b: Endive|ability: Mega Sol\n|-anim|p2b: Endive|Solar Beam|p1a: Gengar\n|-resisted|p1a: Gengar|1\n|-damage|p1a: Gengar|0 fnt\n|faint|p1a: Gengar\n|\n|-weather|RainDance|[upkeep]\n|-heal|p2a: Atchoum|29/100|[from] item: Leftovers\n|upkeep\n|\n|t:|1776421855\n|switch|p1a: Incineroar|Incineroar, L50, F|26/100\n|-ability|p1a: Incineroar|Intimidate|boost\n|-unboost|p2a: Atchoum|atk|1\n|-unboost|p2b: Endive|atk|1\n|turn|11\n|\n|t:|1776421890\n|switch|p1a: Basculegion|Basculegion, L50, M|58/100\n|move|p2a: Atchoum|Sunny Day|p2a: Atchoum\n|-weather|SunnyDay\n|move|p2b: Endive|Solar Beam||[still]\n|-prepare|p2b: Endive|Solar Beam\n|-anim|p2b: Endive|Solar Beam|p1a: Basculegion\n|-supereffective|p1a: Basculegion|1\n|-damage|p1a: Basculegion|0 fnt\n|faint|p1a: Basculegion\n|move|p1b: Politoed|Perish Song|p1b: Politoed\n|-start|p1b: Politoed|perish3|[silent]\n|-start|p2a: Atchoum|perish3|[silent]\n|-start|p2b: Endive|perish3|[silent]\n|-fieldactivate|move: Perish Song\n|\n|-weather|SunnyDay|[upkeep]\n|-heal|p2a: Atchoum|35/100|[from] item: Leftovers\n|-start|p2a: Atchoum|perish3\n|-start|p2b: Endive|perish3\n|-start|p1b: Politoed|perish3\n|upkeep\n|\n|t:|1776421897\n|switch|p1a: Incineroar|Incineroar, L50, F|26/100\n|-ability|p1a: Incineroar|Intimidate|boost\n|-unboost|p2a: Atchoum|atk|1\n|-unboost|p2b: Endive|atk|1\n|turn|12\n|c|\u2606dr.pq|serious ?\n|\n|t:|1776421922\n|move|p1a: Incineroar|Fake Out|p2b: Endive\n|-damage|p2b: Endive|80/100\n|move|p2a: Atchoum|Moonblast|p1a: Incineroar\n|-damage|p1a: Incineroar|0 fnt\n|faint|p1a: Incineroar\n|cant|p2b: Endive|flinch\n|move|p1b: Politoed|Ice Beam|p2a: Atchoum\n|-supereffective|p2a: Atchoum|1\n|-damage|p2a: Atchoum|0 fnt\n|faint|p2a: Atchoum\n|\n|-weather|SunnyDay|[upkeep]\n|-start|p2b: Endive|perish2\n|-start|p1b: Politoed|perish2\n|-sideend|p2: dr.pq|move: Tailwind\n|upkeep\n|turn|13\n|\n|t:|1776421938\n|move|p1b: Politoed|Protect|p1b: Politoed\n|-singleturn|p1b: Politoed|Protect\n|move|p2b: Endive|Solar Beam||[still]\n|-prepare|p2b: Endive|Solar Beam\n|-anim|p2b: Endive|Solar Beam|p1b: Politoed\n|-activate|p1b: Politoed|move: Protect\n|\n|-weather|SunnyDay|[upkeep]\n|-start|p2b: Endive|perish1\n|-start|p1b: Politoed|perish1\n|upkeep\n|turn|14\n|\n|t:|1776421948\n|move|p1b: Politoed|Protect|p1b: Politoed\n|-singleturn|p1b: Politoed|Protect\n|move|p2b: Endive|Solar Beam||[still]\n|-prepare|p2b: Endive|Solar Beam\n|-anim|p2b: Endive|Solar Beam|p1b: Politoed\n|-activate|p1b: Politoed|move: Protect\n|\n|-weather|SunnyDay|[upkeep]\n|-start|p2b: Endive|perish0\n|-start|p1b: Politoed|perish0\n|faint|p2b: Endive\n|faint|p1b: Politoed\n|\n|win|123456ag\n|raw|123456ag's rating: 1145 &rarr; <strong>1163</strong><br />(+18 for winning)\n|raw|dr.pq's rating: 1044 &rarr; <strong>1032</strong><br />(-12 for losing)\n|l|\u2606123456ag\n|player|p1|\n|c|\u2606dr.pq|...\n|c|\u2606dr.pq|fuck\n",
  "uploadtime": 1776421974,
  "views": 25,
  "formatid": "gen9championsvgc2026regma",
  "rating": 1032,
  "private": 0,
  "password": null
}