{
  "id": "gen9championsvgc2026regma-2583364229",
  "format": "[Gen 9 Champions] VGC 2026 Reg M-A",
  "players": [
    "3rryy",
    "Dag291"
  ],
  "log": "|j|\u26063rryy\n|j|\u203dDag291\n|t:|1776170361\n|gametype|doubles\n|player|p1|3rryy|cynthia-gen4|1123\n|player|p2|Dag291|102|1105\n|gen|9\n|tier|[Gen 9 Champions] VGC 2026 Reg M-A\n|rated|\n|rule|Species Clause: Limit one of each Pok\u00e9mon\n|rule|Item Clause: Limit 1 of each item\n|clearpoke\n|poke|p1|Archaludon, L50, F|\n|poke|p1|Pelipper, L50, M|\n|poke|p1|Charizard, L50, M|\n|poke|p1|Whimsicott, L50, F|\n|poke|p1|Starmie, L50|\n|poke|p1|Palafin, L50, M|\n|poke|p2|Decidueye-Hisui, L50, M|\n|poke|p2|Incineroar, L50, F|\n|poke|p2|Gengar, L50, F|\n|poke|p2|Glimmora, L50, M|\n|poke|p2|Primarina, L50, M|\n|poke|p2|Corviknight, L50, F|\n|teampreview|4\n|inactive|Battle timer is ON: inactive players will automatically lose when time's up. (requested by Dag291)\n|inactive|Dag291 has 60 seconds left.\n|\n|t:|1776170392\n|teamsize|p1|4\n|teamsize|p2|4\n|start\n|switch|p1a: Charizard|Charizard, L50, M|100/100\n|switch|p1b: Whimsicott|Whimsicott, L50, F|100/100\n|switch|p2a: Glimmora|Glimmora, L50, M|100/100\n|switch|p2b: Primarina|Primarina, L50, M|100/100\n|turn|1\n|\n|t:|1776170413\n|switch|p2b: Incineroar|Incineroar, L50, F|100/100\n|-ability|p2b: Incineroar|Intimidate|boost\n|-unboost|p1a: Charizard|atk|1\n|-unboost|p1b: Whimsicott|atk|1\n|move|p1a: Charizard|Protect|p1a: Charizard\n|-singleturn|p1a: Charizard|Protect\n|move|p1b: Whimsicott|Tailwind|p1b: Whimsicott\n|-sidestart|p1: 3rryy|move: Tailwind\n|move|p2a: Glimmora|Power Gem|p1a: Charizard\n|-activate|p1a: Charizard|move: Protect\n|\n|upkeep\n|turn|2\n|inactive|3rryy has 30 seconds left.\n|\n|t:|1776170441\n|detailschange|p1a: Charizard|Charizard-Mega-Y, L50, M\n|-mega|p1a: Charizard|Charizard|Charizardite Y\n|-weather|SunnyDay|[from] ability: Drought|[of] p1a: Charizard\n|move|p1b: Whimsicott|Stun Spore|p2a: Glimmora\n|-status|p2a: Glimmora|par\n|move|p1a: Charizard|Solar Beam||[still]\n|-prepare|p1a: Charizard|Solar Beam\n|-anim|p1a: Charizard|Solar Beam|p2a: Glimmora\n|-damage|p2a: Glimmora|40/100 par\n|move|p2b: Incineroar|Parting Shot|p1a: Charizard\n|-unboost|p1a: Charizard|atk|1\n|-unboost|p1a: Charizard|spa|1\n|\n|t:|1776170454\n|switch|p2b: Gengar|Gengar, L50, F|100/100|[from] Parting Shot\n|cant|p2a: Glimmora|par\n|\n|-weather|SunnyDay|[upkeep]\n|upkeep\n|turn|3\n|\n|t:|1776170474\n|switch|p1a: Archaludon|Archaludon, L50, F|100/100\n|switch|p1b: Pelipper|Pelipper, L50, M|100/100\n|-weather|RainDance|[from] ability: Drizzle|[of] p1b: Pelipper\n|detailschange|p2b: Gengar|Gengar-Mega, L50, F\n|-mega|p2b: Gengar|Gengar|Gengarite\n|move|p2b: Gengar|Perish Song|p2b: Gengar\n|-start|p1a: Archaludon|perish3|[silent]\n|-start|p1b: Pelipper|perish3|[silent]\n|-start|p2a: Glimmora|perish3|[silent]\n|-start|p2b: Gengar|perish3|[silent]\n|-fieldactivate|move: Perish Song\n|move|p2a: Glimmora|Power Gem|p1a: Archaludon\n|-resisted|p1a: Archaludon|1\n|-damage|p1a: Archaludon|72/100\n|-ability|p1a: Archaludon|Stamina|boost\n|-boost|p1a: Archaludon|def|1\n|\n|-weather|RainDance|[upkeep]\n|-start|p1a: Archaludon|perish3\n|-start|p2b: Gengar|perish3\n|-start|p1b: Pelipper|perish3\n|-start|p2a: Glimmora|perish3\n|upkeep\n|turn|4\n|inactive|Dag291 has 30 seconds left.\n|\n|t:|1776170507\n|switch|p2a: Primarina|Primarina, L50, M|100/100\n|move|p2b: Gengar|Protect|p2b: Gengar\n|-singleturn|p2b: Gengar|Protect\n|move|p1a: Archaludon|Electro Shot||[still]\n|-prepare|p1a: Archaludon|Electro Shot\n|-boost|p1a: Archaludon|spa|1\n|-anim|p1a: Archaludon|Electro Shot|p2b: Gengar\n|-activate|p2b: Gengar|move: Protect\n|move|p1b: Pelipper|Weather Ball|p2a: Primarina\n|-resisted|p2a: Primarina|1\n|-damage|p2a: Primarina|71/100\n|\n|-weather|RainDance|[upkeep]\n|-start|p1a: Archaludon|perish2\n|-start|p2b: Gengar|perish2\n|-start|p1b: Pelipper|perish2\n|-sideend|p1: 3rryy|move: Tailwind\n|upkeep\n|turn|5\n|\n|t:|1776170531\n|move|p2b: Gengar|Shadow Ball|p1a: Archaludon\n|-damage|p1a: Archaludon|0 fnt\n|faint|p1a: Archaludon\n|move|p1b: Pelipper|Hurricane|p2a: Primarina\n|-damage|p2a: Primarina|34/100\n|move|p2a: Primarina|Hyper Voice|p1b: Pelipper\n|-resisted|p1b: Pelipper|1\n|-damage|p1b: Pelipper|49/100\n|\n|-weather|RainDance|[upkeep]\n|-heal|p1b: Pelipper|55/100|[from] item: Leftovers\n|-start|p2b: Gengar|perish1\n|-start|p1b: Pelipper|perish1\n|upkeep\n|\n|t:|1776170541\n|switch|p1a: Charizard|Charizard-Mega-Y, L50, M|100/100\n|-weather|SunnyDay|[from] ability: Drought|[of] p1a: Charizard\n|turn|6\n|\n|t:|1776170562\n|switch|p2b: Incineroar|Incineroar, L50, F|100/100\n|-ability|p2b: Incineroar|Intimidate|boost\n|-unboost|p1a: Charizard|atk|1\n|-unboost|p1b: Pelipper|atk|1\n|move|p2a: Primarina|Protect|p2a: Primarina\n|-singleturn|p2a: Primarina|Protect\n|move|p1a: Charizard|Solar Beam||[still]\n|-prepare|p1a: Charizard|Solar Beam\n|-anim|p1a: Charizard|Solar Beam|p2a: Primarina\n|-activate|p2a: Primarina|move: Protect\n|move|p1b: Pelipper|Weather Ball|p2b: Incineroar\n|-resisted|p2b: Incineroar|1\n|-damage|p2b: Incineroar|85/100\n|\n|-weather|SunnyDay|[upkeep]\n|-heal|p1b: Pelipper|60/100|[from] item: Leftovers\n|-start|p1b: Pelipper|perish0\n|faint|p1b: Pelipper\n|upkeep\n|\n|t:|1776170572\n|switch|p1b: Whimsicott|Whimsicott, L50, F|100/100\n|turn|7\n|inactive|Dag291 has 30 seconds left.\n|\n|t:|1776170604\n|switch|p2a: Gengar|Gengar-Mega, L50, F|100/100\n|move|p2b: Incineroar|Fake Out|p1a: Charizard\n|-damage|p1a: Charizard|84/100\n|move|p1b: Whimsicott|Tailwind|p1b: Whimsicott\n|-sidestart|p1: 3rryy|move: Tailwind\n|cant|p1a: Charizard|flinch\n|\n|-weather|SunnyDay|[upkeep]\n|upkeep\n|turn|8\n|\n|t:|1776170618\n|move|p1b: Whimsicott|Taunt|p2a: Gengar\n|-start|p2a: Gengar|move: Taunt\n|move|p1a: Charizard|Heat Wave|p2b: Incineroar|[spread] p2a,p2b\n|-resisted|p2b: Incineroar|1\n|-damage|p2a: Gengar|26/100\n|-damage|p2b: Incineroar|60/100\n|cant|p2a: Gengar|move: Taunt|Perish Song\n|move|p2b: Incineroar|Parting Shot|p1a: Charizard\n|-unboost|p1a: Charizard|atk|1\n|-unboost|p1a: Charizard|spa|1\n|\n|t:|1776170628\n|switch|p2b: Glimmora|Glimmora, L50, M|40/100 par|[from] Parting Shot\n|\n|-weather|SunnyDay|[upkeep]\n|upkeep\n|turn|9\n|inactive|3rryy has 30 seconds left.\n|inactive|Dag291 has 30 seconds left.\n|\n|t:|1776170655\n|switch|p2a: Incineroar|Incineroar, L50, F|60/100\n|-ability|p2a: Incineroar|Intimidate|boost\n|-unboost|p1a: Charizard|atk|1\n|-unboost|p1b: Whimsicott|atk|1\n|move|p1b: Whimsicott|Stun Spore|p2a: Incineroar\n|-hint|Since gen 7, Dark is immune to Prankster moves.\n|-immune|p2a: Incineroar\n|move|p1a: Charizard|Heat Wave|p2a: Incineroar|[spread] p2a,p2b\n|-resisted|p2a: Incineroar|1\n|-resisted|p2b: Glimmora|1\n|-damage|p2a: Incineroar|44/100\n|-damage|p2b: Glimmora|12/100 par\n|-enditem|p2a: Incineroar|Sitrus Berry|[eat]\n|-heal|p2a: Incineroar|69/100|[from] item: Sitrus Berry\n|move|p2b: Glimmora|Sludge Bomb|p1b: Whimsicott\n|-supereffective|p1b: Whimsicott|2\n|-enditem|p1b: Whimsicott|Focus Sash\n|-damage|p1b: Whimsicott|1/100\n|\n|-weather|SunnyDay|[upkeep]\n|upkeep\n|turn|10\n|\n|t:|1776170675\n|move|p2a: Incineroar|Fake Out|p1b: Whimsicott\n|-damage|p1b: Whimsicott|0 fnt\n|faint|p1b: Whimsicott\n|move|p1a: Charizard|Heat Wave|p2a: Incineroar|[spread] p2a,p2b\n|-resisted|p2a: Incineroar|1\n|-resisted|p2b: Glimmora|1\n|-damage|p2a: Incineroar|53/100\n|-damage|p2b: Glimmora|0 fnt\n|faint|p2b: Glimmora\n|\n|-weather|none\n|-sideend|p1: 3rryy|move: Tailwind\n|upkeep\n|\n|t:|1776170678\n|switch|p2b: Gengar|Gengar-Mega, L50, F|26/100\n|turn|11\n|\n|t:|1776170695\n|move|p2b: Gengar|Shadow Ball|p1a: Charizard\n|-damage|p1a: Charizard|34/100\n|move|p1a: Charizard|Heat Wave|p2b: Gengar|[spread] p2a,p2b\n|-resisted|p2a: Incineroar|1\n|-damage|p2a: Incineroar|42/100\n|-damage|p2b: Gengar|0 fnt\n|faint|p2b: Gengar\n|move|p2a: Incineroar|Throat Chop|p1a: Charizard\n|-crit|p1a: Charizard\n|-damage|p1a: Charizard|0 fnt\n|faint|p1a: Charizard\n|\n|win|Dag291\n|raw|3rryy's rating: 1123 &rarr; <strong>1097</strong><br />(-26 for losing)\n|raw|Dag291's rating: 1105 &rarr; <strong>1131</strong><br />(+26 for winning)\n",
  "uploadtime": 1776170705,
  "views": 18,
  "formatid": "gen9championsvgc2026regma",
  "rating": 1097,
  "private": 0,
  "password": null
}