{
  "id": "gen9championsvgc2026regma-2587647887",
  "format": "[Gen 9 Champions] VGC 2026 Reg M-A",
  "players": [
    "Peter Panshrew\u2714\ufe0f",
    "1#MiraidonHater"
  ],
  "log": "|j|\u2606Peter Panshrew\u2714\ufe0f\n|j|\u26061#MiraidonHater\n|t:|1776550192\n|gametype|doubles\n|player|p1|Peter Panshrew\u2714\ufe0f|169|\n|player|p2|1#MiraidonHater|volkner|\n|gen|9\n|tier|[Gen 9 Champions] VGC 2026 Reg M-A\n|rule|Species Clause: Limit one of each Pok\u00e9mon\n|rule|Item Clause: Limit 1 of each item\n|clearpoke\n|poke|p1|Palafin, L50, M|\n|poke|p1|Incineroar, L50, F|\n|poke|p1|Venusaur, L50, M|\n|poke|p1|Pelipper, L50, M|\n|poke|p1|Basculegion, L50, M|\n|poke|p1|Manectric, L50, F|\n|poke|p2|Gardevoir, L50, M|\n|poke|p2|Basculegion, L50, M|\n|poke|p2|Tsareena, L50, F|\n|poke|p2|Incineroar, L50, F|\n|poke|p2|Pelipper, L50, M|\n|poke|p2|Archaludon, L50, M|\n|teampreview|4\n|\n|t:|1776550237\n|teamsize|p1|4\n|teamsize|p2|4\n|start\n|switch|p1a: Palafin|Palafin, L50, M|100/100\n|switch|p1b: Venusaur|Venusaur, L50, M|100/100\n|switch|p2a: Bishow|Gardevoir, L50, M|100/100\n|switch|p2b: Teaser|Incineroar, L50, F|100/100\n|-ability|p2a: Bishow|Chlorophyll|Trace|[from] ability: Trace|[of] p1b: Venusaur\n|-ability|p2b: Teaser|Intimidate|boost\n|-unboost|p1a: Palafin|atk|1\n|-unboost|p1b: Venusaur|atk|1\n|turn|1\n|\n|t:|1776550259\n|detailschange|p1a: Palafin|Palafin-Hero, L50, M\n|switch|p1a: Incineroar|Incineroar, L50, F|100/100\n|-ability|p1a: Incineroar|Intimidate|boost\n|-unboost|p2a: Bishow|atk|1\n|-unboost|p2b: Teaser|atk|1\n|detailschange|p2a: Bishow|Gardevoir-Mega, L50, M\n|-mega|p2a: Bishow|Gardevoir|Gardevoirite\n|move|p2b: Teaser|Fake Out|p1b: Venusaur\n|-damage|p1b: Venusaur|92/100\n|move|p2a: Bishow|Calm Mind|p2a: Bishow\n|-boost|p2a: Bishow|spa|1\n|-boost|p2a: Bishow|spd|1\n|cant|p1b: Venusaur|flinch\n|\n|upkeep\n|turn|2\n|\n|t:|1776550279\n|move|p2a: Bishow|Protect|p2a: Bishow\n|-singleturn|p2a: Bishow|Protect\n|move|p1b: Venusaur|Sludge Bomb|p2a: Bishow\n|-activate|p2a: Bishow|move: Protect\n|move|p1a: Incineroar|Snarl|p2b: Teaser|[spread] p2b\n|-activate|p2a: Bishow|move: Protect\n|-resisted|p2b: Teaser|1\n|-damage|p2b: Teaser|96/100\n|-unboost|p2b: Teaser|spa|1\n|move|p2b: Teaser|Parting Shot|p1a: Incineroar\n|-unboost|p1a: Incineroar|atk|1\n|-unboost|p1a: Incineroar|spa|1\n|\n|t:|1776550291\n|switch|p2b: Dop Dururum|Basculegion, L50, M|100/100|[from] Parting Shot\n|\n|upkeep\n|turn|3\n|\n|t:|1776550307\n|move|p2b: Dop Dururum|Wave Crash|p1a: Incineroar\n|-supereffective|p1a: Incineroar|1\n|-damage|p1a: Incineroar|0 fnt\n|faint|p1a: Incineroar\n|-damage|p2b: Dop Dururum|66/100|[from] Recoil\n|move|p2a: Bishow|Psychic|p1b: Venusaur\n|-supereffective|p1b: Venusaur|1\n|-damage|p1b: Venusaur|0 fnt\n|faint|p1b: Venusaur\n|\n|upkeep\n|\n|t:|1776550310\n|switch|p1b: Manectric|Manectric, L50, F|100/100\n|switch|p1a: Palafin|Palafin-Hero, L50, M|100/100\n|-activate|p1a: Palafin|ability: Zero to Hero\n|turn|4\n|\n|t:|1776550327\n|switch|p2b: Teaser|Incineroar, L50, F|96/100\n|-ability|p2b: Teaser|Intimidate|boost\n|-unboost|p1a: Palafin|atk|1\n|-unboost|p1b: Manectric|atk|1\n|detailschange|p1b: Manectric|Manectric-Mega, L50, F\n|-mega|p1b: Manectric|Manectric|Manectite\n|-ability|p1b: Manectric|Intimidate|boost\n|-unboost|p2a: Bishow|atk|1\n|-unboost|p2b: Teaser|atk|1\n|move|p2a: Bishow|Protect|p2a: Bishow\n|-singleturn|p2a: Bishow|Protect\n|move|p1a: Palafin|Wave Crash|p2a: Bishow\n|-activate|p2a: Bishow|move: Protect\n|move|p1b: Manectric|Volt Switch|p2b: Teaser\n|-damage|p2b: Teaser|61/100\n|\n|upkeep\n|turn|5\n|\n|t:|1776550343\n|move|p2b: Teaser|Fake Out|p1a: Palafin\n|-damage|p1a: Palafin|93/100\n|cant|p1a: Palafin|flinch\n|move|p1b: Manectric|Thunder|p2a: Bishow\n|-damage|p2a: Bishow|66/100\n|move|p2a: Bishow|Hyper Voice|p1a: Palafin|[spread] p1a,p1b\n|-damage|p1a: Palafin|15/100\n|-damage|p1b: Manectric|0 fnt\n|faint|p1b: Manectric\n|\n|upkeep\n|turn|6\n|c|\u2606Peter Panshrew\u2714\ufe0f|I think I want luxray\n|c|\u2606Peter Panshrew\u2714\ufe0f|ggs\n|c|\u26061#MiraidonHater|ggs\n|c|\u26061#MiraidonHater|your team relies heavily on suprise lol\n|\n|t:|1776550380\n|move|p1a: Palafin|Wave Crash|p2b: Teaser\n|-supereffective|p2b: Teaser|1\n|-damage|p2b: Teaser|0 fnt\n|faint|p2b: Teaser\n|-damage|p1a: Palafin|0 fnt|[from] Recoil\n|faint|p1a: Palafin\n|\n|win|1#MiraidonHater\n",
  "uploadtime": 1776550197,
  "views": 11,
  "formatid": "gen9championsvgc2026regma",
  "rating": null,
  "private": 0,
  "password": null
}