{
  "id": "gen9championsvgc2026regma-2583980012",
  "format": "[Gen 9 Champions] VGC 2026 Reg M-A",
  "players": [
    "udu37r8v",
    "coolcoolorange"
  ],
  "log": "|j|\u2606udu37r8v\n|j|\u2606coolcoolorange\n|t:|1776213774\n|gametype|doubles\n|player|p1|udu37r8v|102|1000\n|player|p2|coolcoolorange|clerkf|1052\n|gen|9\n|tier|[Gen 9 Champions] VGC 2026 Reg M-A\n|rated|\n|rule|Species Clause: Limit one of each Pok\u00e9mon\n|rule|Item Clause: Limit 1 of each item\n|clearpoke\n|poke|p1|Gengar, L50, F|\n|poke|p1|Sableye, L50, F|\n|poke|p1|Blastoise, L50, M|\n|poke|p1|Incineroar, L50, F|\n|poke|p1|Kommo-o, L50, F|\n|poke|p1|Altaria, L50, F|\n|poke|p2|Charizard, L50, F|\n|poke|p2|Goodra-Hisui, L50, M|\n|poke|p2|Jolteon, L50, M|\n|poke|p2|Flapple, L50, F|\n|poke|p2|Incineroar, L50, M|\n|poke|p2|Aegislash, L50, F|\n|teampreview|4\n|inactive|Battle timer is ON: inactive players will automatically lose when time's up. (requested by coolcoolorange)\n|\n|t:|1776213790\n|teamsize|p1|4\n|teamsize|p2|4\n|start\n|switch|p1a: Sableye|Sableye, L50, F|100/100\n|switch|p1b: Blastoise|Blastoise, L50, M|100/100\n|switch|p2a: Jolteon|Jolteon, L50, M|100/100\n|switch|p2b: Incineroar|Incineroar, L50, M|100/100\n|-ability|p2b: Incineroar|Intimidate|boost\n|-unboost|p1a: Sableye|atk|1\n|-unboost|p1b: Blastoise|atk|1\n|turn|1\n|\n|t:|1776213806\n|detailschange|p1b: Blastoise|Blastoise-Mega, L50, M\n|-mega|p1b: Blastoise|Blastoise|Blastoisinite\n|move|p2b: Incineroar|Helping Hand|p2a: Jolteon\n|-singleturn|p2a: Jolteon|Helping Hand|[of] p2b: Incineroar\n|move|p1b: Blastoise|Protect|p1b: Blastoise\n|-singleturn|p1b: Blastoise|Protect\n|move|p1a: Sableye|Light Screen|p1a: Sableye\n|-sidestart|p1: udu37r8v|move: Light Screen\n|move|p2a: Jolteon|Thunderbolt|p1b: Blastoise\n|-activate|p1b: Blastoise|move: Protect\n|\n|upkeep\n|turn|2\n|\n|t:|1776213828\n|move|p1a: Sableye|Reflect|p1a: Sableye\n|-sidestart|p1: udu37r8v|Reflect\n|move|p2a: Jolteon|Thunderbolt|p1b: Blastoise\n|-supereffective|p1b: Blastoise|1\n|-damage|p1b: Blastoise|42/100\n|move|p1b: Blastoise|Shell Smash|p1b: Blastoise\n|-unboost|p1b: Blastoise|def|1\n|-unboost|p1b: Blastoise|spd|1\n|-boost|p1b: Blastoise|atk|2\n|-boost|p1b: Blastoise|spa|2\n|-boost|p1b: Blastoise|spe|2\n|move|p2b: Incineroar|Flare Blitz|p1a: Sableye\n|-damage|p1a: Sableye|53/100\n|-damage|p2b: Incineroar|89/100|[from] Recoil\n|\n|upkeep\n|turn|3\n|\n|t:|1776213851\n|switch|p2b: Goodra|Goodra-Hisui, L50, M|100/100\n|move|p1b: Blastoise|Surf|p2b: Goodra|[spread] p1a,p2a,p2b\n|-resisted|p2b: Goodra|1\n|-damage|p1a: Sableye|0 fnt\n|-damage|p2a: Jolteon|27/100\n|-damage|p2b: Goodra|75/100\n|faint|p1a: Sableye\n|move|p2a: Jolteon|Thunderbolt|p1b: Blastoise\n|-supereffective|p1b: Blastoise|1\n|-damage|p1b: Blastoise|0 fnt\n|faint|p1b: Blastoise\n|\n|-heal|p2b: Goodra|81/100|[from] item: Leftovers\n|upkeep\n|\n|t:|1776213868\n|switch|p1b: Incineroar|Incineroar, L50, F|100/100\n|switch|p1a: Gengar|Gengar, L50, F|100/100\n|turn|4\n|inactive|coolcoolorange has 30 seconds left.\n|\n|t:|1776213903\n|move|p1b: Incineroar|Fake Out|p2a: Jolteon\n|-damage|p2a: Jolteon|7/100\n|move|p1a: Gengar|Trick|p2b: Goodra\n|-activate|p1a: Gengar|move: Trick|[of] p2b: Goodra\n|-item|p2b: Goodra|Choice Scarf|[from] move: Trick\n|-item|p1a: Gengar|Leftovers|[from] move: Trick\n|cant|p2a: Jolteon|flinch\n|move|p2b: Goodra|Draco Meteor|p1a: Gengar\n|-damage|p1a: Gengar|32/100\n|-unboost|p2b: Goodra|spa|2\n|\n|-heal|p1a: Gengar|37/100|[from] item: Leftovers\n|upkeep\n|turn|5\n|\n|t:|1776213923\n|switch|p2a: Incineroar|Incineroar, L50, M|89/100\n|-ability|p2a: Incineroar|Intimidate|boost\n|-unboost|p1a: Gengar|atk|1\n|-unboost|p1b: Incineroar|atk|1\n|move|p1a: Gengar|Shadow Ball|p2b: Goodra\n|-damage|p2b: Goodra|51/100\n|-unboost|p2b: Goodra|spd|1\n|move|p2b: Goodra|Draco Meteor|p1a: Gengar\n|-damage|p1a: Gengar|4/100\n|-unboost|p2b: Goodra|spa|2\n|-start|p2b: Goodra|Disable|Draco Meteor|[from] ability: Cursed Body|[of] p1a: Gengar\n|move|p1b: Incineroar|Flare Blitz|p2b: Goodra\n|-damage|p2b: Goodra|18/100\n|-damage|p1b: Incineroar|90/100|[from] Recoil\n|\n|-heal|p1a: Gengar|10/100|[from] item: Leftovers\n|-sideend|p1: udu37r8v|move: Light Screen\n|upkeep\n|turn|6\n|inactive|udu37r8v has 30 seconds left.\n|\n|t:|1776213954\n|move|p2a: Incineroar|Fake Out|p1b: Incineroar\n|-damage|p1b: Incineroar|84/100\n|move|p1a: Gengar|Sludge Bomb|p2a: Incineroar\n|-damage|p2a: Incineroar|43/100\n|-activate|p2b: Goodra|move: Struggle\n|move|p2b: Goodra|Struggle|p1b: Incineroar\n|-damage|p1b: Incineroar|78/100\n|-damage|p2b: Goodra|0 fnt|[from] recoil\n|faint|p2b: Goodra\n|cant|p1b: Incineroar|flinch\n|\n|-heal|p1a: Gengar|15/100|[from] item: Leftovers\n|-sideend|p1: udu37r8v|Reflect\n|upkeep\n|\n|t:|1776213965\n|switch|p2b: Charizard|Charizard, L50, F|100/100\n|turn|7\n|\n|t:|1776213978\n|detailschange|p2b: Charizard|Charizard-Mega-Y, L50, F\n|-mega|p2b: Charizard|Charizard|Charizardite Y\n|-weather|SunnyDay|[from] ability: Drought|[of] p2b: Charizard\n|move|p1a: Gengar|Sludge Bomb|p2b: Charizard\n|-damage|p2b: Charizard|51/100\n|move|p2b: Charizard|Heat Wave|p1b: Incineroar|[spread] p1a,p1b\n|-resisted|p1b: Incineroar|1\n|-damage|p1a: Gengar|0 fnt\n|-damage|p1b: Incineroar|41/100\n|faint|p1a: Gengar\n|move|p2a: Incineroar|Low Kick|p1b: Incineroar\n|-supereffective|p1b: Incineroar|1\n|-damage|p1b: Incineroar|4/100\n|move|p1b: Incineroar|Parting Shot|p2b: Charizard\n|-unboost|p2b: Charizard|atk|1\n|-unboost|p2b: Charizard|spa|1\n|\n|-weather|SunnyDay|[upkeep]\n|upkeep\n|turn|8\n|l|\u2606udu37r8v\n|inactive|udu37r8v disconnected and has a minute to reconnect!\n|player|p1|\n|inactive|udu37r8v has 30 seconds left.\n|inactive|udu37r8v has 20 seconds left.\n|inactive|udu37r8v has 15 seconds left.\n|inactive|udu37r8v has 10 seconds left.\n|inactive|udu37r8v has 5 seconds left.\n|-message|udu37r8v lost due to inactivity.\n|\n|win|coolcoolorange\n|raw|udu37r8v's rating: 1000 &rarr; <strong>1000</strong><br />(+0 for losing)\n|raw|coolcoolorange's rating: 1052 &rarr; <strong>1079</strong><br />(+27 for winning)\n",
  "uploadtime": 1776214035,
  "views": 14,
  "formatid": "gen9championsvgc2026regma",
  "rating": 1000,
  "private": 0,
  "password": null
}