{
  "id": "gen9championsvgc2026regma-2582754213",
  "format": "[Gen 9 Champions] VGC 2026 Reg M-A",
  "players": [
    "disciple of blahaj",
    "tailannol"
  ],
  "log": "|j|\u2606disciple of blahaj\n|j|\u2606tailannol\n|t:|1776111773\n|gametype|doubles\n|player|p1|disciple of blahaj|jacinthe|1047\n|player|p2|tailannol|acetrainer-gen4dp|1000\n|gen|9\n|tier|[Gen 9 Champions] VGC 2026 Reg M-A\n|rated|\n|rule|Species Clause: Limit one of each Pok\u00e9mon\n|rule|Item Clause: Limit 1 of each item\n|clearpoke\n|poke|p1|Meganium, L50, M|\n|poke|p1|Pelipper, L50, M|\n|poke|p1|Archaludon, L50, F|\n|poke|p1|Sneasler, L50, F|\n|poke|p1|Basculegion, L50, M|\n|poke|p1|Garchomp, L50, M|\n|poke|p2|Starmie, L50|\n|poke|p2|Rhyperior, L50, F|\n|poke|p2|Garchomp, L50, M|\n|poke|p2|Tyranitar, L50, M|\n|poke|p2|Aerodactyl, L50, F|\n|poke|p2|Jolteon, L50, M|\n|teampreview|4\n|inactive|Battle timer is ON: inactive players will automatically lose when time's up. (requested by disciple of blahaj)\n|\n|t:|1776111835\n|teamsize|p1|4\n|teamsize|p2|4\n|start\n|switch|p1a: Meganium|Meganium, L50, M, shiny|100/100\n|switch|p1b: Basculegion|Basculegion, L50, M|100/100\n|switch|p2a: Tyranitar|Tyranitar, L50, M|100/100\n|switch|p2b: Aerodactyl|Aerodactyl, L50, F|100/100\n|-weather|Sandstorm|[from] ability: Sand Stream|[of] p2a: Tyranitar\n|turn|1\n|l|\u2606disciple of blahaj\n|inactive|disciple of blahaj disconnected and has a minute to reconnect!\n|player|p1|\n|j|\u2606disciple of blahaj\n|inactive|disciple of blahaj reconnected and has 40 seconds left.\n|player|p1|disciple of blahaj|jacinthe|\n|inactive|disciple of blahaj has 30 seconds left.\n|inactive|disciple of blahaj has 20 seconds left.\n|\n|t:|1776111871\n|detailschange|p1a: Meganium|Meganium-Mega, L50, M, shiny\n|-mega|p1a: Meganium|Meganium|Meganiumite\n|move|p1b: Basculegion|Flip Turn|p2b: Aerodactyl\n|-supereffective|p2b: Aerodactyl|1\n|-enditem|p2b: Aerodactyl|Focus Sash\n|-damage|p2b: Aerodactyl|1/100\n|\n|t:|1776111877\n|switch|p1b: Pelipper|Pelipper, L50, M|100/100|[from] Flip Turn\n|-weather|RainDance|[from] ability: Drizzle|[of] p1b: Pelipper\n|move|p2b: Aerodactyl|Tailwind|p2b: Aerodactyl\n|-sidestart|p2: tailannol|move: Tailwind\n|move|p2a: Tyranitar|Crunch|p1b: Pelipper\n|-damage|p1b: Pelipper|41/100\n|move|p1a: Meganium|Solar Beam||[still]\n|-prepare|p1a: Meganium|Solar Beam\n|-activate|p1a: Meganium|ability: Mega Sol\n|-anim|p1a: Meganium|Solar Beam|p2a: Tyranitar\n|-supereffective|p2a: Tyranitar|1\n|-damage|p2a: Tyranitar|0 fnt\n|faint|p2a: Tyranitar\n|\n|-weather|RainDance|[upkeep]\n|upkeep\n|\n|t:|1776111900\n|switch|p2a: Starmie|Starmie, L50|100/100\n|turn|2\n|\n|t:|1776111916\n|detailschange|p2a: Starmie|Starmie-Mega, L50\n|-mega|p2a: Starmie|Starmie|Starminite\n|move|p1a: Meganium|Protect|p1a: Meganium\n|-singleturn|p1a: Meganium|Protect\n|move|p2a: Starmie|Ice Beam|p1a: Meganium\n|-activate|p1a: Meganium|move: Protect\n|move|p2b: Aerodactyl|Psychic Fangs|p1b: Pelipper\n|-damage|p1b: Pelipper|14/100\n|move|p1b: Pelipper|Tailwind|p1b: Pelipper\n|-sidestart|p1: disciple of blahaj|move: Tailwind\n|\n|-weather|RainDance|[upkeep]\n|upkeep\n|turn|3\n|inactive|disciple of blahaj has 30 seconds left.\n|\n|t:|1776111944\n|move|p2a: Starmie|Ice Beam|p1a: Meganium\n|-supereffective|p1a: Meganium|1\n|-damage|p1a: Meganium|33/100\n|-status|p1a: Meganium|frz\n|cant|p1a: Meganium|frz\n|move|p1b: Pelipper|Hurricane|p2a: Starmie\n|-damage|p2a: Starmie|41/100\n|-start|p2a: Starmie|confusion\n|move|p2b: Aerodactyl|Roar|p1b: Pelipper\n|drag|p1b: Basculegion|Basculegion, L50, M|100/100\n|\n|-weather|RainDance|[upkeep]\n|upkeep\n|turn|4\n|inactive|disciple of blahaj has 30 seconds left.\n|inactive|tailannol has 30 seconds left.\n|\n|t:|1776111974\n|move|p1b: Basculegion|Wave Crash|p2b: Aerodactyl\n|-supereffective|p2b: Aerodactyl|1\n|-damage|p2b: Aerodactyl|0 fnt\n|faint|p2b: Aerodactyl\n|-damage|p1b: Basculegion|99/100|[from] Recoil\n|-activate|p2a: Starmie|confusion\n|-damage|p2a: Starmie|30/100|[from] confusion\n|cant|p1a: Meganium|frz\n|\n|-weather|RainDance|[upkeep]\n|-sideend|p2: tailannol|move: Tailwind\n|upkeep\n|\n|t:|1776111983\n|switch|p2b: Rhyperior|Rhyperior, L50, F|100/100\n|turn|5\n|l|\u2606disciple of blahaj\n|inactive|disciple of blahaj disconnected and has a minute to reconnect!\n|player|p1|\n|j|\u2606disciple of blahaj\n|inactive|disciple of blahaj reconnected and has 35 seconds left.\n|player|p1|disciple of blahaj|jacinthe|\n|inactive|disciple of blahaj has 30 seconds left.\n|\n|t:|1776112013\n|move|p1b: Basculegion|Wave Crash|p2a: Starmie\n|-resisted|p2a: Starmie|1\n|-damage|p2a: Starmie|0 fnt\n|faint|p2a: Starmie\n|-damage|p1b: Basculegion|93/100|[from] Recoil\n|-curestatus|p1a: Meganium|frz|[msg]\n|move|p1a: Meganium|Solar Beam||[still]\n|-prepare|p1a: Meganium|Solar Beam\n|-activate|p1a: Meganium|ability: Mega Sol\n|-anim|p1a: Meganium|Solar Beam|p2b: Rhyperior\n|-supereffective|p2b: Rhyperior|2\n|-damage|p2b: Rhyperior|0 fnt\n|faint|p2b: Rhyperior\n|\n|win|disciple of blahaj\n|raw|disciple of blahaj's rating: 1047 &rarr; <strong>1076</strong><br />(+29 for winning)\n|raw|tailannol's rating: 1000 &rarr; <strong>1000</strong><br />(+0 for losing)\n|l|\u2606tailannol\n|player|p2|\n",
  "uploadtime": 1776112033,
  "views": 12,
  "formatid": "gen9championsvgc2026regma",
  "rating": 1000,
  "private": 0,
  "password": null
}