{
  "id": "gen9championsvgc2026regma-2583783780",
  "format": "[Gen 9 Champions] VGC 2026 Reg M-A",
  "players": [
    "jeanmixed",
    "zCesarsub"
  ],
  "log": "|j|\u2606jeanmixed\n|j|\u2606zCesarsub\n|t:|1776197431\n|gametype|doubles\n|player|p1|jeanmixed|169|\n|player|p2|zCesarsub|iris-gen5bw2|\n|gen|9\n|tier|[Gen 9 Champions] VGC 2026 Reg M-A\n|rule|Species Clause: Limit one of each Pok\u00e9mon\n|rule|Item Clause: Limit 1 of each item\n|clearpoke\n|poke|p1|Venusaur, L50, F|\n|poke|p1|Incineroar, L50, M|\n|poke|p1|Milotic, L50, M|\n|poke|p1|Aerodactyl, L50, M|\n|poke|p1|Sableye, L50, M|\n|poke|p1|Scizor, L50, M|\n|poke|p2|Politoed, L50, M|\n|poke|p2|Basculegion, L50, M|\n|poke|p2|Sinistcha, L50|\n|poke|p2|Incineroar, L50, M|\n|poke|p2|Jolteon, L50, F|\n|poke|p2|Scizor, L50, M|\n|teampreview|4\n|j| mofriu4334\n|j| lisarb660\n|\n|t:|1776197517\n|teamsize|p1|4\n|teamsize|p2|4\n|start\n|switch|p1a: Incineroar|Incineroar, L50, M, shiny|100/100\n|switch|p1b: Milotic|Milotic, L50, M|100/100\n|switch|p2a: Politoed|Politoed, L50, M|100/100\n|switch|p2b: Jolteon|Jolteon, L50, F|100/100\n|-weather|RainDance|[from] ability: Drizzle|[of] p2a: Politoed\n|-ability|p1a: Incineroar|Intimidate|boost\n|-unboost|p2a: Politoed|atk|1\n|-unboost|p2b: Jolteon|atk|1\n|turn|1\n|\n|t:|1776197549\n|move|p2a: Politoed|Helping Hand|p2b: Jolteon\n|-singleturn|p2b: Jolteon|Helping Hand|[of] p2a: Politoed\n|move|p1b: Milotic|Protect|p1b: Milotic\n|-singleturn|p1b: Milotic|Protect\n|move|p2b: Jolteon|Thunder|p1b: Milotic\n|-activate|p1b: Milotic|move: Protect\n|move|p1a: Incineroar|Parting Shot|p2b: Jolteon\n|-unboost|p2b: Jolteon|atk|1\n|-unboost|p2b: Jolteon|spa|1\n|\n|t:|1776197560\n|switch|p1a: Venusaur|Venusaur, L50, F, shiny|100/100|[from] Parting Shot\n|\n|-weather|RainDance|[upkeep]\n|upkeep\n|turn|2\n|\n|t:|1776197590\n|switch|p1b: Incineroar|Incineroar, L50, M, shiny|100/100\n|-ability|p1b: Incineroar|Intimidate|boost\n|-unboost|p2a: Politoed|atk|1\n|-unboost|p2b: Jolteon|atk|1\n|detailschange|p1a: Venusaur|Venusaur-Mega, L50, F, shiny\n|-mega|p1a: Venusaur|Venusaur|Venusaurite\n|move|p2b: Jolteon|Volt Switch|p1b: Incineroar\n|-damage|p1b: Incineroar|80/100\n|\n|t:|1776197600\n|switch|p2b: Basculegion|Basculegion, L50, M, shiny|100/100|[from] Volt Switch\n|move|p1a: Venusaur|Earth Power|p2b: Basculegion\n|-damage|p2b: Basculegion|66/100\n|move|p2a: Politoed|Icy Wind|p1b: Incineroar|[spread] p1a,p1b\n|-supereffective|p1a: Venusaur|1\n|-resisted|p1b: Incineroar|1\n|-damage|p1a: Venusaur|93/100\n|-damage|p1b: Incineroar|76/100\n|-unboost|p1a: Venusaur|spe|1\n|-unboost|p1b: Incineroar|spe|1\n|\n|-weather|RainDance|[upkeep]\n|upkeep\n|turn|3\n|\n|t:|1776197631\n|switch|p1b: Milotic|Milotic, L50, M|100/100\n|move|p2a: Politoed|Helping Hand|p2b: Basculegion\n|-singleturn|p2b: Basculegion|Helping Hand|[of] p2a: Politoed\n|move|p2b: Basculegion|Ice Fang|p1a: Venusaur\n|-supereffective|p1a: Venusaur|1\n|-damage|p1a: Venusaur|68/100\n|move|p1a: Venusaur|Giga Drain|p2b: Basculegion\n|-supereffective|p2b: Basculegion|1\n|-damage|p2b: Basculegion|0 fnt\n|-heal|p1a: Venusaur|100/100|[from] drain|[of] p2b: Basculegion\n|faint|p2b: Basculegion\n|\n|-weather|RainDance|[upkeep]\n|upkeep\n|\n|t:|1776197663\n|switch|p2b: Jolteon|Jolteon, L50, F|100/100\n|turn|4\n|\n|t:|1776197678\n|move|p1b: Milotic|Protect|p1b: Milotic\n|-singleturn|p1b: Milotic|Protect\n|move|p2a: Politoed|Protect|p2a: Politoed\n|-singleturn|p2a: Politoed|Protect\n|move|p2b: Jolteon|Thunder|p1b: Milotic\n|-activate|p1b: Milotic|move: Protect\n|move|p1a: Venusaur|Earth Power|p2b: Jolteon\n|-supereffective|p2b: Jolteon|1\n|-damage|p2b: Jolteon|23/100\n|\n|-weather|RainDance|[upkeep]\n|upkeep\n|turn|5\n|\n|t:|1776197708\n|switch|p1b: Incineroar|Incineroar, L50, M, shiny|76/100\n|-ability|p1b: Incineroar|Intimidate|boost\n|-unboost|p2a: Politoed|atk|1\n|-unboost|p2b: Jolteon|atk|1\n|switch|p2a: Sinistcha|Sinistcha, L50|100/100\n|-heal|p2b: Jolteon|48/100|[from] ability: Hospitality|[of] p2a: Sinistcha\n|move|p2b: Jolteon|Protect|p2b: Jolteon\n|-singleturn|p2b: Jolteon|Protect\n|move|p1a: Venusaur|Giga Drain|p2a: Sinistcha\n|-resisted|p2a: Sinistcha|1\n|-damage|p2a: Sinistcha|83/100\n|\n|-weather|none\n|-heal|p2a: Sinistcha|89/100|[from] item: Leftovers\n|upkeep\n|turn|6\n|\n|t:|1776197738\n|move|p1b: Incineroar|Fake Out|p2b: Jolteon\n|-damage|p2b: Jolteon|27/100\n|move|p2a: Sinistcha|Rage Powder|p2a: Sinistcha\n|-singleturn|p2a: Sinistcha|move: Rage Powder\n|cant|p2b: Jolteon|flinch\n|move|p1a: Venusaur|Earth Power|p2b: Jolteon\n|-supereffective|p2b: Jolteon|1\n|-damage|p2b: Jolteon|0 fnt\n|faint|p2b: Jolteon\n|\n|-heal|p2a: Sinistcha|95/100|[from] item: Leftovers\n|upkeep\n|\n|t:|1776197758\n|switch|p2b: Politoed|Politoed, L50, M|100/100\n|-weather|RainDance|[from] ability: Drizzle|[of] p2b: Politoed\n|turn|7\n|\n|t:|1776197807\n|move|p2a: Sinistcha|Matcha Gotcha|p1a: Venusaur|[spread] p1b\n|-miss|p2a: Sinistcha|p1a: Venusaur\n|-resisted|p1b: Incineroar|1\n|-crit|p1b: Incineroar\n|-damage|p1b: Incineroar|59/100\n|-heal|p2a: Sinistcha|100/100|[from] drain|[of] p1b: Incineroar\n|move|p2b: Politoed|Icy Wind|p1a: Venusaur|[spread] p1a,p1b\n|-supereffective|p1a: Venusaur|1\n|-resisted|p1b: Incineroar|1\n|-damage|p1a: Venusaur|93/100\n|-damage|p1b: Incineroar|55/100\n|-unboost|p1a: Venusaur|spe|1\n|-unboost|p1b: Incineroar|spe|1\n|move|p1a: Venusaur|Giga Drain|p2b: Politoed\n|-supereffective|p2b: Politoed|1\n|-damage|p2b: Politoed|37/100\n|-heal|p1a: Venusaur|100/100|[from] drain|[of] p2b: Politoed\n|move|p1b: Incineroar|Darkest Lariat|p2a: Sinistcha\n|-supereffective|p2a: Sinistcha|1\n|-damage|p2a: Sinistcha|40/100\n|\n|-weather|RainDance|[upkeep]\n|-heal|p2a: Sinistcha|46/100|[from] item: Leftovers\n|upkeep\n|turn|8\n|\n|t:|1776197847\n|switch|p1b: Milotic|Milotic, L50, M|100/100\n|move|p2b: Politoed|Surf|p1a: Venusaur|[spread] p2a,p1a,p1b\n|-resisted|p2a: Sinistcha|1\n|-resisted|p1a: Venusaur|1\n|-resisted|p1b: Milotic|1\n|-damage|p2a: Sinistcha|30/100\n|-damage|p1a: Venusaur|85/100\n|-damage|p1b: Milotic|89/100\n|move|p2a: Sinistcha|Strength Sap|p1b: Milotic\n|-unboost|p1b: Milotic|atk|1\n|-ability|p1b: Milotic|Competitive|boost\n|-boost|p1b: Milotic|spa|2\n|-heal|p2a: Sinistcha|72/100\n|move|p1a: Venusaur|Giga Drain|p2b: Politoed\n|-supereffective|p2b: Politoed|1\n|-damage|p2b: Politoed|0 fnt\n|-heal|p1a: Venusaur|100/100|[from] drain|[of] p2b: Politoed\n|faint|p2b: Politoed\n|\n|-weather|RainDance|[upkeep]\n|-heal|p1b: Milotic|95/100|[from] item: Leftovers\n|-heal|p2a: Sinistcha|78/100|[from] item: Leftovers\n|upkeep\n|turn|9\n|-message|zCesarsub forfeited.\n|\n|win|jeanmixed\n|l|\u2606zCesarsub\n|player|p2|\n",
  "uploadtime": 1776197879,
  "views": 23,
  "formatid": "gen9championsvgc2026regma",
  "rating": null,
  "private": 0,
  "password": null
}