{
  "id": "gen9championsvgc2026regma-2584381758",
  "format": "[Gen 9 Champions] VGC 2026 Reg M-A",
  "players": [
    "LovelyLizardLad",
    "lolumo"
  ],
  "log": "|j|\u203dLovelyLizardLad\n|j|\u2606lolumo\n|t:|1776256617\n|gametype|doubles\n|player|p1|LovelyLizardLad|red|1246\n|player|p2|lolumo|n|1239\n|gen|9\n|tier|[Gen 9 Champions] VGC 2026 Reg M-A\n|rated|\n|rule|Species Clause: Limit one of each Pok\u00e9mon\n|rule|Item Clause: Limit 1 of each item\n|clearpoke\n|poke|p1|Delphox, L50, M|\n|poke|p1|Basculegion, L50, M|\n|poke|p1|Clefable, L50, M|\n|poke|p1|Kingambit, L50, F|\n|poke|p1|Sneasler, L50, M|\n|poke|p1|Heliolisk, L50, F|\n|poke|p2|Floette-Eternal, L50, F|\n|poke|p2|Aerodactyl, L50, M|\n|poke|p2|Sneasler, L50, F|\n|poke|p2|Garchomp, L50, F|\n|poke|p2|Incineroar, L50, F|\n|poke|p2|Basculegion, L50, M|\n|teampreview|4\nlolumo has agreed to open team sheets.\n|\n|t:|1776256644\n|teamsize|p1|4\n|teamsize|p2|4\n|start\n|switch|p1a: Kingambit|Kingambit, L50, F|100/100\n|switch|p1b: Delphox|Delphox, L50, M|100/100\n|switch|p2a: Floette|Floette-Eternal, L50, F|100/100\n|switch|p2b: Aerodactyl|Aerodactyl, L50, M|100/100\n|-ability|p2b: Aerodactyl|Unnerve\n|turn|1\n|\n|t:|1776256671\n|detailschange|p1b: Delphox|Delphox-Mega, L50, M\n|-mega|p1b: Delphox|Delphox|Delphoxite\n|detailschange|p2a: Floette|Floette-Mega, L50, F\n|-mega|p2a: Floette|Floette|Floettite\n|-ability|p2a: Floette|Fairy Aura\n|move|p2a: Floette|Protect|p2a: Floette\n|-singleturn|p2a: Floette|Protect\n|move|p1b: Delphox|Psychic|p2a: Floette\n|-activate|p2a: Floette|move: Protect\n|move|p2b: Aerodactyl|Tailwind|p2b: Aerodactyl\n|-sidestart|p2: lolumo|move: Tailwind\n|move|p1a: Kingambit|Swords Dance|p1a: Kingambit\n|-boost|p1a: Kingambit|atk|2\n|\n|upkeep\n|turn|2\n|\n|t:|1776256710\n|move|p1a: Kingambit|Protect|p1a: Kingambit\n|-singleturn|p1a: Kingambit|Protect\n|move|p2b: Aerodactyl|Rock Slide|p1b: Delphox|[spread] p1b\n|-activate|p1a: Kingambit|move: Protect\n|-supereffective|p1b: Delphox|1\n|-damage|p1b: Delphox|15/100\n|move|p2a: Floette|Light of Ruin|p1a: Kingambit\n|-activate|p1a: Kingambit|move: Protect\n|cant|p1b: Delphox|flinch\n|\n|upkeep\n|turn|3\n|\n|t:|1776256730\n|move|p1b: Delphox|Protect|p1b: Delphox\n|-singleturn|p1b: Delphox|Protect\n|move|p1a: Kingambit|Sucker Punch|p2b: Aerodactyl\n|-enditem|p2b: Aerodactyl|Focus Sash\n|-damage|p2b: Aerodactyl|1/100\n|move|p2b: Aerodactyl|Rock Slide|p1b: Delphox|[spread] p1a\n|-activate|p1b: Delphox|move: Protect\n|-resisted|p1a: Kingambit|1\n|-damage|p1a: Kingambit|91/100\n|move|p2a: Floette|Light of Ruin|p1a: Kingambit\n|-damage|p1a: Kingambit|0 fnt\n|faint|p1a: Kingambit\n|-damage|p2a: Floette|41/100|[from] Recoil\n|\n|upkeep\n|\n|t:|1776256746\n|switch|p1a: Sneasler|Sneasler, L50, M|100/100\n|turn|4\n|\n|t:|1776256757\n|move|p2b: Aerodactyl|Protect|p2b: Aerodactyl\n|-singleturn|p2b: Aerodactyl|Protect\n|move|p1a: Sneasler|Fake Out|p2b: Aerodactyl\n|-activate|p2b: Aerodactyl|move: Protect\n|move|p2a: Floette|Dazzling Gleam|p1b: Delphox|[spread] p1a,p1b\n|-resisted|p1b: Delphox|1\n|-damage|p1a: Sneasler|39/100\n|-damage|p1b: Delphox|0 fnt\n|faint|p1b: Delphox\n|\n|-sideend|p2: lolumo|move: Tailwind\n|upkeep\n|\n|t:|1776256769\n|switch|p1b: Basculegion|Basculegion, L50, M|100/100\n|turn|5\n|\n|t:|1776256787\n|move|p2a: Floette|Protect|p2a: Floette\n|-singleturn|p2a: Floette|Protect\n|move|p1b: Basculegion|Last Respects|p2b: Aerodactyl\n|-damage|p2b: Aerodactyl|0 fnt\n|faint|p2b: Aerodactyl\n|move|p1a: Sneasler|Dire Claw|p2a: Floette\n|-activate|p2a: Floette|move: Protect\n|\n|upkeep\n|\n|t:|1776256807\n|switch|p2b: Sneasler|Sneasler, L50, F|100/100\n|turn|6\n|\n|t:|1776256814\n|move|p2b: Sneasler|Fake Out|p1a: Sneasler\n|-damage|p1a: Sneasler|16/100\n|move|p1b: Basculegion|Last Respects|p2a: Floette\n|-damage|p2a: Floette|0 fnt\n|faint|p2a: Floette\n|cant|p1a: Sneasler|flinch\n|\n|upkeep\n|\n|t:|1776256821\n|switch|p2a: Basculegion|Basculegion, L50, M|100/100\n|turn|7\n|\n|t:|1776256833\n|move|p2a: Basculegion|Last Respects|p1b: Basculegion\n|-supereffective|p1b: Basculegion|1\n|-damage|p1b: Basculegion|0 fnt\n|faint|p1b: Basculegion\n|move|p1a: Sneasler|Dire Claw|p2b: Sneasler\n|-resisted|p2b: Sneasler|1\n|-damage|p2b: Sneasler|66/100\n|move|p2b: Sneasler|Close Combat|p1a: Sneasler\n|-resisted|p1a: Sneasler|1\n|-damage|p1a: Sneasler|0 fnt\n|-unboost|p2b: Sneasler|def|1\n|-unboost|p2b: Sneasler|spd|1\n|faint|p1a: Sneasler\n|\n|win|lolumo\n|raw|LovelyLizardLad's rating: 1246 &rarr; <strong>1220</strong><br />(-26 for losing)\n|raw|lolumo's rating: 1239 &rarr; <strong>1265</strong><br />(+26 for winning)\n",
  "uploadtime": 1776256842,
  "views": 25,
  "formatid": "gen9championsvgc2026regma",
  "rating": 1220,
  "private": 0,
  "password": null
}