{
  "id": "gen9championsvgc2026regma-2581944014",
  "format": "[Gen 9 Champions] VGC 2026 Reg M-A",
  "players": [
    "yungPBJglizzy",
    "goomba number two"
  ],
  "log": "|j|\u2606yungPBJglizzy\n|j|\u2606goomba number two\n|t:|1776041970\n|gametype|doubles\n|player|p1|yungPBJglizzy|1|1289\n|player|p2|goomba number two|barry|1277\n|gen|9\n|tier|[Gen 9 Champions] VGC 2026 Reg M-A\n|rated|\n|rule|Species Clause: Limit one of each Pok\u00e9mon\n|rule|Item Clause: Limit 1 of each item\n|clearpoke\n|poke|p1|Gengar, L50, M|\n|poke|p1|Rhyperior, L50, M|\n|poke|p1|Charizard, L50, F|\n|poke|p1|Incineroar, L50, F|\n|poke|p1|Farigiraf, L50, M|\n|poke|p1|Garchomp, L50, M|\n|poke|p2|Vaporeon, L50, F|\n|poke|p2|Jolteon, L50, M|\n|poke|p2|Flareon, L50, F|\n|poke|p2|Espeon, L50, F|\n|poke|p2|Umbreon, L50, M|\n|poke|p2|Sylveon, L50, M|\n|teampreview|4\n|inactive|Battle timer is ON: inactive players will automatically lose when time's up. (requested by yungPBJglizzy)\n|\n|t:|1776042014\n|teamsize|p1|4\n|teamsize|p2|4\n|start\n|switch|p1a: Incineroar|Incineroar, L50, F|100/100\n|switch|p1b: Farigiraf|Farigiraf, L50, M|100/100\n|switch|p2a: Espeon|Espeon, L50, F|100/100\n|switch|p2b: Umbreon|Umbreon, L50, M|100/100\n|-ability|p1a: Incineroar|Intimidate|boost\n|-unboost|p2a: Espeon|atk|1\n|-fail|p2b: Umbreon|unboost|Attack|[from] ability: Inner Focus|[of] p2b: Umbreon\n|turn|1\n|\n|t:|1776042028\n|move|p2a: Espeon|Helping Hand|p2b: Umbreon\n|-singleturn|p2b: Umbreon|Helping Hand|[of] p2a: Espeon\n|move|p2b: Umbreon|Foul Play|p1b: Farigiraf\n|-supereffective|p1b: Farigiraf|1\n|-damage|p1b: Farigiraf|23/100\n|-enditem|p1b: Farigiraf|Sitrus Berry|[eat]\n|-heal|p1b: Farigiraf|48/100|[from] item: Sitrus Berry\n|move|p1a: Incineroar|Darkest Lariat|p2a: Espeon\n|-supereffective|p2a: Espeon|1\n|-enditem|p2a: Espeon|Colbur Berry|[eat]\n|-enditem|p2a: Espeon|Colbur Berry|[weaken]\n|-damage|p2a: Espeon|58/100\n|move|p1b: Farigiraf|Trick Room|p1b: Farigiraf\n|-fieldstart|move: Trick Room|[of] p1b: Farigiraf\n|\n|upkeep\n|turn|2\n|\n|t:|1776042048\n|switch|p1b: Rhyperior|Rhyperior, L50, M, shiny|100/100\n|move|p2a: Espeon|Detect|p2a: Espeon\n|-singleturn|p2a: Espeon|Protect\n|move|p1a: Incineroar|Darkest Lariat|p2a: Espeon\n|-activate|p2a: Espeon|move: Protect\n|move|p2b: Umbreon|Yawn|p1b: Rhyperior\n|-start|p1b: Rhyperior|move: Yawn|[of] p2b: Umbreon\n|\n|upkeep\n|turn|3\n|\n|t:|1776042062\n|switch|p1b: Farigiraf|Farigiraf, L50, M|48/100\n|switch|p2a: Vaporeon|Vaporeon, L50, F|100/100\n|move|p1a: Incineroar|Flare Blitz|p2a: Vaporeon\n|-resisted|p2a: Vaporeon|1\n|-damage|p2a: Vaporeon|79/100\n|-damage|p1a: Incineroar|92/100|[from] Recoil\n|move|p2b: Umbreon|Foul Play|p1b: Farigiraf\n|-supereffective|p1b: Farigiraf|1\n|-damage|p1b: Farigiraf|0 fnt\n|faint|p1b: Farigiraf\n|\n|-heal|p1a: Incineroar|98/100|[from] item: Leftovers\n|upkeep\n|\n|t:|1776042069\n|switch|p1b: Rhyperior|Rhyperior, L50, M, shiny|100/100\n|turn|4\n|\n|t:|1776042075\n|move|p2a: Vaporeon|Detect|p2a: Vaporeon\n|-singleturn|p2a: Vaporeon|Protect\n|move|p1b: Rhyperior|High Horsepower|p2a: Vaporeon\n|-activate|p2a: Vaporeon|move: Protect\n|move|p1a: Incineroar|Darkest Lariat|p2a: Vaporeon\n|-activate|p2a: Vaporeon|move: Protect\n|move|p2b: Umbreon|Yawn|p1b: Rhyperior\n|-start|p1b: Rhyperior|move: Yawn|[of] p2b: Umbreon\n|\n|-heal|p1a: Incineroar|100/100|[from] item: Leftovers\n|upkeep\n|turn|5\n|\n|t:|1776042089\n|move|p1b: Rhyperior|High Horsepower|p2a: Vaporeon\n|-damage|p2a: Vaporeon|31/100\n|-enditem|p2a: Vaporeon|Sitrus Berry|[eat]\n|-heal|p2a: Vaporeon|56/100|[from] item: Sitrus Berry\n|move|p1a: Incineroar|Darkest Lariat|p2a: Vaporeon\n|-damage|p2a: Vaporeon|29/100\n|move|p2b: Umbreon|Foul Play|p1b: Rhyperior\n|-damage|p1b: Rhyperior|63/100\n|move|p2a: Vaporeon|Scald|p1a: Incineroar\n|-supereffective|p1a: Incineroar|1\n|-damage|p1a: Incineroar|50/100\n|\n|-heal|p1a: Incineroar|56/100|[from] item: Leftovers\n|-end|p1b: Rhyperior|move: Yawn|[silent]\n|-status|p1b: Rhyperior|slp\n|-fieldend|move: Trick Room\n|upkeep\n|turn|6\n|\n|t:|1776042101\n|move|p2a: Vaporeon|Scald|p1b: Rhyperior\n|-supereffective|p1b: Rhyperior|2\n|-damage|p1b: Rhyperior|0 fnt\n|faint|p1b: Rhyperior\n|move|p2b: Umbreon|Yawn|p1a: Incineroar\n|-start|p1a: Incineroar|move: Yawn|[of] p2b: Umbreon\n|move|p1a: Incineroar|Parting Shot|p2b: Umbreon\n|-unboost|p2b: Umbreon|atk|1\n|-unboost|p2b: Umbreon|spa|1\n|\n|t:|1776042104\n|switch|p1a: Charizard|Charizard, L50, F, shiny|100/100|[from] Parting Shot\n|\n|upkeep\n|\n|t:|1776042106\n|switch|p1b: Incineroar|Incineroar, L50, F|56/100\n|-ability|p1b: Incineroar|Intimidate|boost\n|-unboost|p2a: Vaporeon|atk|1\n|-fail|p2b: Umbreon|unboost|Attack|[from] ability: Inner Focus|[of] p2b: Umbreon\n|turn|7\n|\n|t:|1776042114\n|detailschange|p1a: Charizard|Charizard-Mega-Y, L50, F, shiny\n|-mega|p1a: Charizard|Charizard|Charizardite Y\n|-weather|SunnyDay|[from] ability: Drought|[of] p1a: Charizard\n|move|p2a: Vaporeon|Detect|p2a: Vaporeon\n|-singleturn|p2a: Vaporeon|Protect\n|move|p1b: Incineroar|Fake Out|p2b: Umbreon\n|-damage|p2b: Umbreon|93/100\n|move|p1a: Charizard|Solar Beam||[still]\n|-prepare|p1a: Charizard|Solar Beam\n|-anim|p1a: Charizard|Solar Beam|p2a: Vaporeon\n|-activate|p2a: Vaporeon|move: Protect\n|move|p2b: Umbreon|Yawn|p1a: Charizard\n|-start|p1a: Charizard|move: Yawn|[of] p2b: Umbreon\n|\n|-weather|SunnyDay|[upkeep]\n|-heal|p2b: Umbreon|99/100|[from] item: Leftovers\n|-heal|p1b: Incineroar|62/100|[from] item: Leftovers\n|upkeep\n|turn|8\n|\n|t:|1776042122\n|switch|p2a: Espeon|Espeon, L50, F|58/100\n|move|p1a: Charizard|Heat Wave|p2b: Umbreon|[spread] p2a,p2b\n|-damage|p2a: Espeon|0 fnt\n|-damage|p2b: Umbreon|54/100\n|faint|p2a: Espeon\n|move|p2b: Umbreon|Moonlight|p2b: Umbreon\n|-heal|p2b: Umbreon|100/100\n|move|p1b: Incineroar|Flare Blitz|p2b: Umbreon\n|-damage|p2b: Umbreon|54/100\n|-damage|p1b: Incineroar|47/100|[from] Recoil\n|\n|-weather|SunnyDay|[upkeep]\n|-heal|p2b: Umbreon|60/100|[from] item: Leftovers\n|-heal|p1b: Incineroar|52/100|[from] item: Leftovers\n|-end|p1a: Charizard|move: Yawn|[silent]\n|-status|p1a: Charizard|slp\n|upkeep\n|\n|t:|1776042133\n|switch|p2a: Vaporeon|Vaporeon, L50, F|29/100\n|turn|9\n|\n|t:|1776042138\n|cant|p1a: Charizard|slp\n|move|p2a: Vaporeon|Scald|p1b: Incineroar\n|-supereffective|p1b: Incineroar|1\n|-crit|p1b: Incineroar\n|-damage|p1b: Incineroar|17/100\n|move|p2b: Umbreon|Snarl|p1a: Charizard|[spread] p1a,p1b\n|-resisted|p1b: Incineroar|1\n|-damage|p1a: Charizard|94/100 slp\n|-damage|p1b: Incineroar|14/100\n|-unboost|p1a: Charizard|spa|1\n|-unboost|p1b: Incineroar|spa|1\n|move|p1b: Incineroar|Darkest Lariat|p2a: Vaporeon\n|-damage|p2a: Vaporeon|0 fnt\n|faint|p2a: Vaporeon\n|\n|-weather|SunnyDay|[upkeep]\n|-heal|p2b: Umbreon|66/100|[from] item: Leftovers\n|-heal|p1b: Incineroar|20/100|[from] item: Leftovers\n|upkeep\n|\n|t:|1776042144\n|switch|p2a: Sylveon|Sylveon, L50, M|100/100\n|turn|10\n|\n|t:|1776042148\n|-curestatus|p1a: Charizard|slp|[msg]\n|move|p1a: Charizard|Weather Ball|p2a: Sylveon\n|-damage|p2a: Sylveon|59/100\n|move|p2b: Umbreon|Moonlight|p2b: Umbreon\n|-heal|p2b: Umbreon|100/100\n|move|p2a: Sylveon|Hyper Voice|p1a: Charizard|[spread] p1a,p1b\n|-resisted|p1a: Charizard|1\n|-damage|p1a: Charizard|72/100\n|-damage|p1b: Incineroar|0 fnt\n|faint|p1b: Incineroar\n|\n|-weather|SunnyDay|[upkeep]\n|upkeep\n|turn|11\n|-message|yungPBJglizzy forfeited.\n|\n|win|goomba number two\n|raw|yungPBJglizzy's rating: 1289 &rarr; <strong>1263</strong><br />(-26 for losing)\n|raw|goomba number two's rating: 1277 &rarr; <strong>1303</strong><br />(+26 for winning)\n|l|\u2606yungPBJglizzy\n|player|p1|\n",
  "uploadtime": 1776042162,
  "views": 34,
  "formatid": "gen9championsvgc2026regma",
  "rating": 1263,
  "private": 0,
  "password": null
}