{
  "id": "gen9championsvgc2026regma-2581630756",
  "format": "[Gen 9 Champions] VGC 2026 Reg M-A",
  "players": [
    "turboplay272",
    "gonegeb"
  ],
  "log": "|j|\u2606turboplay272\n|j|\u2606gonegeb\n|t:|1776016496\n|gametype|doubles\n|player|p1|turboplay272|plasmagrunt-gen5bw|1000\n|player|p2|gonegeb|corbeau|1063\n|gen|9\n|tier|[Gen 9 Champions] VGC 2026 Reg M-A\n|rated|\n|rule|Species Clause: Limit one of each Pok\u00e9mon\n|rule|Item Clause: Limit 1 of each item\n|clearpoke\n|poke|p1|Sharpedo, L50, M|\n|poke|p1|Goodra, L50, M|\n|poke|p1|Corviknight, L50, M|\n|poke|p1|Whimsicott, L50, M|\n|poke|p1|Raichu, L50, F|\n|poke|p1|Glimmora, L50, M|\n|poke|p2|Lucario, L50, M|\n|poke|p2|Umbreon, L50, M|\n|poke|p2|Arcanine, L50, F|\n|poke|p2|Ceruledge, L50, M|\n|poke|p2|Corviknight, L50, M|\n|poke|p2|Whimsicott, L50, F|\n|teampreview|4\n|inactive|Battle timer is ON: inactive players will automatically lose when time's up. (requested by turboplay272)\n|inactive|gonegeb has 60 seconds left.\n|\n|t:|1776016581\n|teamsize|p1|4\n|teamsize|p2|4\n|start\n|switch|p1a: Sharpedo|Sharpedo, L50, M|100/100\n|switch|p1b: Corviknight|Corviknight, L50, M, shiny|100/100\n|switch|p2a: Lucario|Lucario, L50, M|100/100\n|switch|p2b: Whimsicott|Whimsicott, L50, F, shiny|100/100\n|turn|1\n|inactive|turboplay272 has 30 seconds left.\n|\n|t:|1776016607\n|move|p2a: Lucario|Protect|p2a: Lucario\n|-singleturn|p2a: Lucario|Protect\n|move|p1a: Sharpedo|Protect|p1a: Sharpedo\n|-singleturn|p1a: Sharpedo|Protect\n|move|p2b: Whimsicott|Moonblast|p1a: Sharpedo\n|-activate|p1a: Sharpedo|move: Protect\n|move|p1b: Corviknight|Iron Head|p2b: Whimsicott\n|-supereffective|p2b: Whimsicott|1\n|-damage|p2b: Whimsicott|43/100\n|\n|-ability|p1a: Sharpedo|Speed Boost|boost\n|-boost|p1a: Sharpedo|spe|1\n|upkeep\n|turn|2\n|inactive|gonegeb has 30 seconds left.\n|\n|t:|1776016637\n|detailschange|p1a: Sharpedo|Sharpedo-Mega, L50, M\n|-mega|p1a: Sharpedo|Sharpedo|Sharpedonite\n|detailschange|p2a: Lucario|Lucario-Mega, L50, M\n|-mega|p2a: Lucario|Lucario|Lucarionite\n|move|p2b: Whimsicott|Tailwind|p2b: Whimsicott\n|-sidestart|p2: gonegeb|move: Tailwind\n|move|p2a: Lucario|Close Combat|p1a: Sharpedo\n|-supereffective|p1a: Sharpedo|1\n|-damage|p1a: Sharpedo|0 fnt\n|-unboost|p2a: Lucario|def|1\n|-unboost|p2a: Lucario|spd|1\n|faint|p1a: Sharpedo\n|move|p1b: Corviknight|Iron Defense|p1b: Corviknight\n|-boost|p1b: Corviknight|def|2\n|\n|upkeep\n|\n|t:|1776016650\n|switch|p1a: Whimsicott|Whimsicott, L50, M|100/100\n|turn|3\n|\n|t:|1776016657\n|move|p2b: Whimsicott|Encore|p1b: Corviknight\n|-start|p1b: Corviknight|Encore\n|move|p1a: Whimsicott|Encore||[still]\n|-fail|p1a: Whimsicott\n|move|p2a: Lucario|Meteor Mash|p1a: Whimsicott|[miss]\n|-miss|p2a: Lucario|p1a: Whimsicott\n|move|p1b: Corviknight|Iron Defense|p1b: Corviknight\n|-boost|p1b: Corviknight|def|2\n|\n|upkeep\n|turn|4\n|\n|t:|1776016672\n|move|p2b: Whimsicott|Taunt|p1b: Corviknight\n|-start|p1b: Corviknight|move: Taunt\n|move|p2a: Lucario|Meteor Mash|p1a: Whimsicott\n|-supereffective|p1a: Whimsicott|1\n|-enditem|p1a: Whimsicott|Focus Sash\n|-damage|p1a: Whimsicott|1/100\n|move|p1a: Whimsicott|Moonblast|p2b: Whimsicott\n|-damage|p2b: Whimsicott|0 fnt\n|faint|p2b: Whimsicott\n|cant|p1b: Corviknight|move: Taunt|Iron Defense\n|\n|upkeep\n|\n|t:|1776016685\n|switch|p2b: Arcanine|Arcanine, L50, F, shiny|100/100\n|-ability|p2b: Arcanine|Intimidate|boost\n|-unboost|p1a: Whimsicott|atk|1\n|-ability|p1b: Corviknight|Mirror Armor\n|-unboost|p2b: Arcanine|atk|1\n|turn|5\n|\n|t:|1776016698\n|move|p2b: Arcanine|Extreme Speed|p1a: Whimsicott\n|-damage|p1a: Whimsicott|0 fnt\n|faint|p1a: Whimsicott\n|move|p2a: Lucario|Swords Dance|p2a: Lucario\n|-boost|p2a: Lucario|atk|2\n|-activate|p1b: Corviknight|move: Struggle\n|move|p1b: Corviknight|Struggle|p2a: Lucario\n|-damage|p2a: Lucario|79/100\n|-damage|p1b: Corviknight|76/100|[from] recoil\n|\n|-heal|p1b: Corviknight|81/100|[from] item: Leftovers\n|-end|p1b: Corviknight|Encore\n|-sideend|p2: gonegeb|move: Tailwind\n|upkeep\n|\n|t:|1776016704\n|switch|p1a: Goodra|Goodra, L50, M|100/100\n|turn|6\n|\n|t:|1776016718\n|move|p2a: Lucario|Close Combat|p1a: Goodra\n|-damage|p1a: Goodra|0 fnt\n|-unboost|p2a: Lucario|def|1\n|-unboost|p2a: Lucario|spd|1\n|-ability|p1a: Goodra|Gooey\n|-unboost|p2a: Lucario|spe|1\n|faint|p1a: Goodra\n|move|p2b: Arcanine|Will-O-Wisp|p1b: Corviknight\n|-status|p1b: Corviknight|brn\n|move|p1b: Corviknight|Body Press|p2a: Lucario\n|-supereffective|p2a: Lucario|1\n|-damage|p2a: Lucario|0 fnt\n|faint|p2a: Lucario\n|\n|-heal|p1b: Corviknight|87/100 brn|[from] item: Leftovers\n|-damage|p1b: Corviknight|81/100 brn|[from] brn\n|-end|p1b: Corviknight|move: Taunt\n|upkeep\n|\n|t:|1776016731\n|switch|p2a: Ceruledge|Ceruledge, L50, M|100/100\n|turn|7\n|-message|turboplay272 forfeited.\n|\n|win|gonegeb\n|raw|turboplay272's rating: 1045 &rarr; <strong>1029</strong><br />(-16 for losing)\n|raw|gonegeb's rating: 1063 &rarr; <strong>1092</strong><br />(+29 for winning)\n|l|\u2606turboplay272\n|player|p1|\n",
  "uploadtime": 1776016740,
  "views": 17,
  "formatid": "gen9championsvgc2026regma",
  "rating": 1029,
  "private": 0,
  "password": null
}