{
  "id": "gen9championsvgc2026regma-2581384832",
  "format": "[Gen 9 Champions] VGC 2026 Reg M-A",
  "players": [
    "hectorretaaa81",
    "swbb"
  ],
  "log": "|j|\u2606hectorretaaa81\n|j|\u2606swbb\n|t:|1775994620\n|gametype|doubles\n|player|p1|hectorretaaa81|101|1295\n|player|p2|swbb|cynthia-gen4|1368\n|gen|9\n|tier|[Gen 9 Champions] VGC 2026 Reg M-A\n|rated|\n|rule|Species Clause: Limit one of each Pok\u00e9mon\n|rule|Item Clause: Limit 1 of each item\n|clearpoke\n|poke|p1|Gardevoir, L50, M|\n|poke|p1|Charizard, L50, F|\n|poke|p1|Venusaur, L50, M|\n|poke|p1|Garchomp, L50, F|\n|poke|p1|Milotic, L50, F|\n|poke|p1|Incineroar, L50, F|\n|poke|p2|Floette-Eternal, L50, F|\n|poke|p2|Talonflame, L50, F|\n|poke|p2|Incineroar, L50, M|\n|poke|p2|Kingambit, L50, M|\n|poke|p2|Farigiraf, L50, M|\n|poke|p2|Garchomp, L50, M|\n|teampreview|4\n|\n|t:|1775994650\n|teamsize|p1|4\n|teamsize|p2|4\n|start\n|switch|p1a: Milotic|Milotic, L50, F|100/100\n|switch|p1b: Garchomp|Garchomp, L50, F|100/100\n|switch|p2a: Talonflame|Talonflame, L50, F|100/100\n|switch|p2b: Floette|Floette-Eternal, L50, F|100/100\n|turn|1\n|inactive|Battle timer is ON: inactive players will automatically lose when time's up. (requested by swbb)\n|inactive|hectorretaaa81 has 60 seconds left.\n|\n|t:|1775994691\n|detailschange|p2b: Floette|Floette-Mega, L50, F\n|-mega|p2b: Floette|Floette|Floettite\n|-ability|p2b: Floette|Fairy Aura\n|move|p2a: Talonflame|Will-O-Wisp|p1b: Garchomp\n|-status|p1b: Garchomp|brn\n|-enditem|p1b: Garchomp|Lum Berry|[eat]\n|-curestatus|p1b: Garchomp|brn|[msg]\n|move|p1b: Garchomp|Stomping Tantrum|p2b: Floette\n|-damage|p2b: Floette|69/100\n|move|p2b: Floette|Calm Mind|p2b: Floette\n|-boost|p2b: Floette|spa|1\n|-boost|p2b: Floette|spd|1\n|move|p1a: Milotic|Scald|p2a: Talonflame\n|-supereffective|p2a: Talonflame|1\n|-damage|p2a: Talonflame|0 fnt\n|faint|p2a: Talonflame\n|\n|upkeep\n|\n|t:|1775994714\n|switch|p2a: Farigiraf|Farigiraf, L50, M|100/100\n|turn|2\n|inactive|hectorretaaa81 has 30 seconds left.\n|\n|t:|1775994748\n|move|p2a: Farigiraf|Helping Hand|p2b: Floette\n|-singleturn|p2b: Floette|Helping Hand|[of] p2a: Farigiraf\n|move|p1b: Garchomp|Stomping Tantrum|p2b: Floette\n|-damage|p2b: Floette|34/100\n|move|p2b: Floette|Dazzling Gleam|p1b: Garchomp|[spread] p1a,p1b\n|-supereffective|p1b: Garchomp|1\n|-damage|p1a: Milotic|34/100\n|-damage|p1b: Garchomp|0 fnt\n|faint|p1b: Garchomp\n|move|p1a: Milotic|Scald|p2a: Farigiraf\n|-damage|p2a: Farigiraf|74/100\n|-status|p2a: Farigiraf|brn\n|\n|-heal|p1a: Milotic|40/100|[from] item: Leftovers\n|-damage|p2a: Farigiraf|68/100 brn|[from] brn\n|upkeep\n|j| No1.yZap2\n|\n|t:|1775994762\n|switch|p1b: Charizard|Charizard, L50, F|100/100\n|turn|3\n|\n|t:|1775994788\n|detailschange|p1b: Charizard|Charizard-Mega-Y, L50, F\n|-mega|p1b: Charizard|Charizard|Charizardite Y\n|-weather|SunnyDay|[from] ability: Drought|[of] p1b: Charizard\n|move|p2a: Farigiraf|Helping Hand|p2b: Floette\n|-singleturn|p2b: Floette|Helping Hand|[of] p2a: Farigiraf\n|move|p1b: Charizard|Overheat|p2a: Farigiraf\n|-damage|p2a: Farigiraf|0 fnt\n|-unboost|p1b: Charizard|spa|2\n|faint|p2a: Farigiraf\n|move|p2b: Floette|Draining Kiss|p1a: Milotic\n|-damage|p1a: Milotic|0 fnt\n|-heal|p2b: Floette|67/100|[from] drain|[of] p1a: Milotic\n|faint|p1a: Milotic\n|\n|-weather|SunnyDay|[upkeep]\n|upkeep\n|\n|t:|1775994797\n|switch|p1a: Venusaur|Venusaur, L50, M|100/100\n|switch|p2a: Garchomp|Garchomp, L50, M|100/100\n|turn|4\n|\n|t:|1775994809\n|move|p2a: Garchomp|Protect|p2a: Garchomp\n|-singleturn|p2a: Garchomp|Protect\n|move|p1b: Charizard|Protect|p1b: Charizard\n|-singleturn|p1b: Charizard|Protect\n|move|p2b: Floette|Protect|p2b: Floette\n|-singleturn|p2b: Floette|Protect\n|move|p1a: Venusaur|Sludge Bomb|p2b: Floette\n|-activate|p2b: Floette|move: Protect\n|\n|-weather|SunnyDay|[upkeep]\n|upkeep\n|turn|5\n|\n|t:|1775994821\n|move|p1a: Venusaur|Sludge Bomb|p2b: Floette\n|-supereffective|p2b: Floette|1\n|-damage|p2b: Floette|30/100\n|-status|p2b: Floette|psn\n|move|p2a: Garchomp|Rock Slide|p1b: Charizard|[spread] p1a,p1b\n|-supereffective|p1b: Charizard|2\n|-damage|p1a: Venusaur|74/100\n|-damage|p1b: Charizard|0 fnt\n|faint|p1b: Charizard\n|move|p2b: Floette|Dazzling Gleam|p1a: Venusaur\n|-resisted|p1a: Venusaur|1\n|-damage|p1a: Venusaur|22/100\n|\n|-weather|SunnyDay|[upkeep]\n|-damage|p2b: Floette|18/100 psn|[from] psn\n|upkeep\n|turn|6\n|\n|t:|1775994841\n|move|p1a: Venusaur|Leaf Storm|p2a: Garchomp\n|-damage|p2a: Garchomp|39/100\n|-unboost|p1a: Venusaur|spa|2\n|move|p2a: Garchomp|Stomping Tantrum|p1a: Venusaur\n|-damage|p1a: Venusaur|0 fnt\n|faint|p1a: Venusaur\n|\n|win|swbb\n|raw|hectorretaaa81's rating: 1295 &rarr; <strong>1275</strong><br />(-20 for losing)\n|raw|swbb's rating: 1368 &rarr; <strong>1384</strong><br />(+16 for winning)\n|l|\u2606hectorretaaa81\n|player|p1|\n|l|\u2606swbb\n|player|p2|\n",
  "uploadtime": 1775994852,
  "views": 27,
  "formatid": "gen9championsvgc2026regma",
  "rating": 1275,
  "private": 0,
  "password": null
}