{
  "id": "gen9championsvgc2026regma-2588376819",
  "format": "[Gen 9 Champions] VGC 2026 Reg M-A",
  "players": [
    "sdlt 2krl coolguy",
    "PoopSouthern"
  ],
  "log": "|raw|<div class=\"broadcast-blue\"><strong>This battle is required to be public due to a player having a name starting with 'sdlt'.</div>\n|j|\u2606sdlt 2krl coolguy\n|j|\u2606PoopSouthern\n|t:|1776628405\n|gametype|doubles\n|player|p1|sdlt 2krl coolguy|leon-masters2|1322\n|player|p2|PoopSouthern|sailor|1368\n|gen|9\n|tier|[Gen 9 Champions] VGC 2026 Reg M-A\n|rated|\n|rule|Species Clause: Limit one of each Pok\u00e9mon\n|rule|Item Clause: Limit 1 of each item\n|clearpoke\n|poke|p1|Floette-Eternal, L50, F|\n|poke|p1|Incineroar, L50, F|\n|poke|p1|Sinistcha, L50|\n|poke|p1|Garchomp, L50, M|\n|poke|p1|Sneasler, L50, M|\n|poke|p1|Kingambit, L50, F|\n|poke|p2|Banette, L50, M|\n|poke|p2|Milotic, L50, F|\n|poke|p2|Lucario, L50, F|\n|poke|p2|Farigiraf, L50, F|\n|poke|p2|Drampa, L50, F|\n|poke|p2|Sneasler, L50, M|\n|teampreview|4\n|inactive|Battle timer is ON: inactive players will automatically lose when time's up. (requested by sdlt 2krl coolguy)\n|inactive|sdlt 2krl coolguy has 60 seconds left.\n|inactive|sdlt 2krl coolguy has 30 seconds left.\n|inactive|sdlt 2krl coolguy has 20 seconds left.\n|inactive|sdlt 2krl coolguy has 15 seconds left.\n|inactive|sdlt 2krl coolguy has 10 seconds left.\n|inactive|sdlt 2krl coolguy has 5 seconds left.\n|\n|t:|1776628496\n|teamsize|p1|4\n|teamsize|p2|4\n|start\n|switch|p1a: Floette|Floette-Eternal, L50, F|100/100\n|switch|p1b: Incineroar|Incineroar, L50, F|100/100\n|switch|p2a: Milotic|Milotic, L50, F|100/100\n|switch|p2b: Sneasler|Sneasler, L50, M|100/100\n|-ability|p1b: Incineroar|Intimidate|boost\n|-unboost|p2a: Milotic|atk|1\n|-ability|p2a: Milotic|Competitive|boost\n|-boost|p2a: Milotic|spa|2\n|-unboost|p2b: Sneasler|atk|1\n|turn|1\n|inactive|sdlt 2krl coolguy has 30 seconds left.\n|inactive|sdlt 2krl coolguy has 20 seconds left.\n|inactive|sdlt 2krl coolguy has 15 seconds left.\n|inactive|sdlt 2krl coolguy has 10 seconds left.\n|inactive|sdlt 2krl coolguy has 5 seconds left.\n|\n|t:|1776628550\n|detailschange|p1a: Floette|Floette-Mega, L50, F\n|-mega|p1a: Floette|Floette|Floettite\n|-ability|p1a: Floette|Fairy Aura\n|move|p2b: Sneasler|Fake Out|p1a: Floette\n|-damage|p1a: Floette|91/100\n|move|p1b: Incineroar|Fake Out|p2b: Sneasler\n|-damage|p2b: Sneasler|84/100\n|cant|p1a: Floette|flinch\n|move|p2a: Milotic|Scald|p1b: Incineroar\n|-supereffective|p1b: Incineroar|1\n|-damage|p1b: Incineroar|0 fnt\n|faint|p1b: Incineroar\n|\n|upkeep\n|\n|t:|1776628557\n|switch|p1b: Sinistcha|Sinistcha, L50|100/100\n|-heal|p1a: Floette|100/100|[from] ability: Hospitality|[of] p1b: Sinistcha\n|turn|2\n|\n|t:|1776628576\n|move|p1b: Sinistcha|Rage Powder|p1b: Sinistcha\n|-singleturn|p1b: Sinistcha|move: Rage Powder\n|move|p2b: Sneasler|Dire Claw|p1b: Sinistcha\n|-damage|p1b: Sinistcha|74/100\n|move|p1a: Floette|Moonblast|p2b: Sneasler\n|-damage|p2b: Sneasler|0 fnt\n|faint|p2b: Sneasler\n|move|p2a: Milotic|Ice Beam|p1b: Sinistcha\n|-supereffective|p1b: Sinistcha|1\n|-damage|p1b: Sinistcha|0 fnt\n|faint|p1b: Sinistcha\n|\n|upkeep\n|\n|t:|1776628585\n|switch|p2b: Lucario|Lucario, L50, F|100/100\n|switch|p1b: Garchomp|Garchomp, L50, M|100/100\n|turn|3\n|\n|t:|1776628605\n|move|p2b: Lucario|Final Gambit|p1a: Floette\n|-damage|p1a: Floette|3/100\n|faint|p2b: Lucario\n|move|p1b: Garchomp|Rock Slide|p2a: Milotic\n|-damage|p2a: Milotic|78/100\n|move|p1a: Floette|Moonblast|p2a: Milotic\n|-damage|p2a: Milotic|16/100\n|-enditem|p2a: Milotic|Sitrus Berry|[eat]\n|-heal|p2a: Milotic|41/100|[from] item: Sitrus Berry\n|cant|p2a: Milotic|flinch\n|\n|upkeep\n|\n|t:|1776628617\n|switch|p2b: Banette|Banette, L50, M|100/100\n|-item|p1a: Floette|Floettite|[from] ability: Frisk|[of] p2b: Banette\n|-item|p1b: Garchomp|Lum Berry|[from] ability: Frisk|[of] p2b: Banette\n|turn|4\n|inactive|PoopSouthern has 30 seconds left.\n|\n|t:|1776628646\n|detailschange|p2b: Banette|Banette-Mega, L50, M\n|-mega|p2b: Banette|Banette|Banettite\n|move|p2a: Milotic|Protect|p2a: Milotic\n|-singleturn|p2a: Milotic|Protect\n|move|p2b: Banette|Destiny Bond|p2b: Banette\n|-singlemove|p2b: Banette|Destiny Bond\n|move|p1b: Garchomp|Stomping Tantrum|p2b: Banette\n|-damage|p2b: Banette|46/100\n|move|p1a: Floette|Moonblast|p2a: Milotic\n|-activate|p2a: Milotic|move: Protect\n|\n|upkeep\n|turn|5\n|\n|t:|1776628668\n|move|p1b: Garchomp|Stomping Tantrum|p2b: Banette\n|-damage|p2b: Banette|0 fnt\n|faint|p2b: Banette\n|-activate|p2b: Banette|move: Destiny Bond\n|faint|p1b: Garchomp\n|move|p1a: Floette|Moonblast|p2a: Milotic\n|-damage|p2a: Milotic|0 fnt\n|faint|p2a: Milotic\n|\n|win|sdlt 2krl coolguy\n|raw|sdlt 2krl coolguy's rating: 1337 &rarr; <strong>1359</strong><br />(+22 for winning)\n|raw|PoopSouthern's rating: 1368 &rarr; <strong>1346</strong><br />(-22 for losing)\n",
  "uploadtime": 1776628668,
  "views": 14,
  "formatid": "gen9championsvgc2026regma",
  "rating": 1346,
  "private": 0,
  "password": null
}