{
  "id": "gen9championsvgc2026regma-2582482086",
  "format": "[Gen 9 Champions] VGC 2026 Reg M-A",
  "players": [
    "FastForwardMyGame",
    "SpaceEntity"
  ],
  "log": "|j|\u2606FastForwardMyGame\n|j|\u2606SpaceEntity\n|t:|1776094515\n|gametype|doubles\n|player|p1|FastForwardMyGame|101|1207\n|player|p2|SpaceEntity|unknownf|1260\n|gen|9\n|tier|[Gen 9 Champions] VGC 2026 Reg M-A\n|rated|\n|rule|Species Clause: Limit one of each Pok\u00e9mon\n|rule|Item Clause: Limit 1 of each item\n|clearpoke\n|poke|p1|Charizard, L50, M|\n|poke|p1|Mamoswine, L50, F|\n|poke|p1|Aerodactyl, L50, F|\n|poke|p1|Aromatisse, L50, F|\n|poke|p1|Aegislash, L50, M|\n|poke|p1|Torkoal, L50, F|\n|poke|p2|Floette-Eternal, L50, F|\n|poke|p2|Garchomp, L50, M|\n|poke|p2|Whimsicott, L50, F|\n|poke|p2|Incineroar, L50, F|\n|poke|p2|Aegislash, L50, M|\n|poke|p2|Rotom-Wash, L50|\n|teampreview|4\n|inactive|Battle timer is ON: inactive players will automatically lose when time's up. (requested by FastForwardMyGame)\n|\n|t:|1776094538\n|teamsize|p1|4\n|teamsize|p2|4\n|start\n|switch|p1a: Aromatisse|Aromatisse, L50, F, shiny|100/100\n|switch|p1b: Aegislash|Aegislash, L50, M|100/100\n|switch|p2a: Aegislash|Aegislash, L50, M|100/100\n|switch|p2b: Garchomp|Garchomp, L50, M|100/100\n|turn|1\n|\n|t:|1776094551\n|move|p2b: Garchomp|Rock Slide|p1b: Aegislash|[spread] p1a,p1b\n|-resisted|p1b: Aegislash|1\n|-damage|p1a: Aromatisse|80/100\n|-damage|p1b: Aegislash|93/100\n|-formechange|p1b: Aegislash|Aegislash-Blade|\n|move|p1b: Aegislash|Poltergeist|p2a: Aegislash\n|-activate|p2a: Aegislash|move: Poltergeist|Leftovers\n|-supereffective|p2a: Aegislash|1\n|-damage|p2a: Aegislash|0 fnt\n|faint|p2a: Aegislash\n|move|p1a: Aromatisse|Trick Room|p1a: Aromatisse\n|-fieldstart|move: Trick Room|[of] p1a: Aromatisse\n|\n|upkeep\n|\n|t:|1776094562\n|switch|p2a: Incineroar|Incineroar, L50, F|100/100\n|-ability|p2a: Incineroar|Intimidate|boost\n|-unboost|p1a: Aromatisse|atk|1\n|-unboost|p1b: Aegislash|atk|1\n|-enditem|p1b: Aegislash|White Herb\n|-clearnegativeboost|p1b: Aegislash|[silent]\n|turn|2\n|\n|t:|1776094575\n|move|p1a: Aromatisse|Helping Hand|p1b: Aegislash\n|-singleturn|p1b: Aegislash|Helping Hand|[of] p1a: Aromatisse\n|move|p2a: Incineroar|Fake Out|p1a: Aromatisse\n|-damage|p1a: Aromatisse|69/100\n|move|p1b: Aegislash|Close Combat|p2a: Incineroar\n|-supereffective|p2a: Incineroar|1\n|-damage|p2a: Incineroar|9/100\n|-unboost|p1b: Aegislash|def|1\n|-unboost|p1b: Aegislash|spd|1\n|-enditem|p2a: Incineroar|Sitrus Berry|[eat]\n|-heal|p2a: Incineroar|34/100|[from] item: Sitrus Berry\n|move|p2b: Garchomp|Stomping Tantrum|p1b: Aegislash\n|-supereffective|p1b: Aegislash|1\n|-damage|p1b: Aegislash|0 fnt\n|faint|p1b: Aegislash\n|\n|upkeep\n|\n|t:|1776094582\n|switch|p1b: Torkoal|Torkoal, L50, F|100/100\n|-weather|SunnyDay|[from] ability: Drought|[of] p1b: Torkoal\n|turn|3\n|\n|t:|1776094595\n|move|p1b: Torkoal|Eruption|p2a: Incineroar|[spread] p2a,p2b\n|-resisted|p2a: Incineroar|1\n|-resisted|p2b: Garchomp|1\n|-damage|p2a: Incineroar|2/100\n|-damage|p2b: Garchomp|60/100\n|move|p1a: Aromatisse|Moonblast|p2b: Garchomp\n|-supereffective|p2b: Garchomp|1\n|-damage|p2b: Garchomp|0 fnt\n|faint|p2b: Garchomp\n|move|p2a: Incineroar|Parting Shot|p1b: Torkoal\n|-unboost|p1b: Torkoal|atk|1\n|-unboost|p1b: Torkoal|spa|1\n|\n|t:|1776094604\n|switch|p2a: Floette|Floette-Eternal, L50, F|100/100|[from] Parting Shot\n|\n|-weather|SunnyDay|[upkeep]\n|upkeep\n|\n|t:|1776094608\n|switch|p2b: Incineroar|Incineroar, L50, F|2/100\n|-ability|p2b: Incineroar|Intimidate|boost\n|-unboost|p1a: Aromatisse|atk|1\n|-unboost|p1b: Torkoal|atk|1\n|turn|4\n|\n|t:|1776094617\n|detailschange|p2a: Floette|Floette-Mega, L50, F\n|-mega|p2a: Floette|Floette|Floettite\n|-ability|p2a: Floette|Fairy Aura\n|move|p2b: Incineroar|Fake Out|p1b: Torkoal\n|-damage|p1b: Torkoal|91/100\n|cant|p1b: Torkoal|flinch\n|move|p1a: Aromatisse|Moonblast|p2b: Incineroar\n|-damage|p2b: Incineroar|0 fnt\n|faint|p2b: Incineroar\n|move|p2a: Floette|Calm Mind|p2a: Floette\n|-boost|p2a: Floette|spa|1\n|-boost|p2a: Floette|spd|1\n|\n|-weather|SunnyDay|[upkeep]\n|-heal|p1b: Torkoal|98/100|[from] item: Leftovers\n|upkeep\n|turn|5\n|\n|t:|1776094635\n|move|p1a: Aromatisse|Helping Hand|p1b: Torkoal\n|-singleturn|p1b: Torkoal|Helping Hand|[of] p1a: Aromatisse\n|move|p2a: Floette|Protect|p2a: Floette\n|-singleturn|p2a: Floette|Protect\n|move|p1b: Torkoal|Eruption|p2a: Floette\n|-activate|p2a: Floette|move: Protect\n|\n|-weather|SunnyDay|[upkeep]\n|-heal|p1b: Torkoal|100/100|[from] item: Leftovers\n|-fieldend|move: Trick Room\n|upkeep\n|turn|6\n|\n|t:|1776094650\n|move|p2a: Floette|Dazzling Gleam|p1a: Aromatisse|[spread] p1a,p1b\n|-resisted|p1b: Torkoal|1\n|-damage|p1a: Aromatisse|27/100\n|-damage|p1b: Torkoal|63/100\n|move|p1b: Torkoal|Eruption|p2a: Floette\n|-damage|p2a: Floette|76/100\n|move|p1a: Aromatisse|Trick Room|p1a: Aromatisse\n|-fieldstart|move: Trick Room|[of] p1a: Aromatisse\n|\n|-weather|SunnyDay|[upkeep]\n|-heal|p1b: Torkoal|69/100|[from] item: Leftovers\n|upkeep\n|turn|7\n|\n|t:|1776094657\n|move|p1a: Aromatisse|Helping Hand|p1b: Torkoal\n|-singleturn|p1b: Torkoal|Helping Hand|[of] p1a: Aromatisse\n|move|p1b: Torkoal|Eruption|p2a: Floette\n|-damage|p2a: Floette|39/100\n|move|p2a: Floette|Calm Mind|p2a: Floette\n|-boost|p2a: Floette|spa|1\n|-boost|p2a: Floette|spd|1\n|\n|-weather|none\n|-heal|p1b: Torkoal|76/100|[from] item: Leftovers\n|upkeep\n|turn|8\n|\n|t:|1776094665\n|move|p1a: Aromatisse|Helping Hand|p1b: Torkoal\n|-singleturn|p1b: Torkoal|Helping Hand|[of] p1a: Aromatisse\n|move|p1b: Torkoal|Eruption|p2a: Floette\n|-damage|p2a: Floette|17/100\n|move|p2a: Floette|Draining Kiss|p1a: Aromatisse\n|-damage|p1a: Aromatisse|0 fnt\n|-heal|p2a: Floette|45/100|[from] drain|[of] p1a: Aromatisse\n|faint|p1a: Aromatisse\n|\n|-heal|p1b: Torkoal|82/100|[from] item: Leftovers\n|upkeep\n|\n|t:|1776094667\n|switch|p1a: Charizard|Charizard, L50, M|100/100\n|turn|9\n|\n|t:|1776094679\n|move|p1a: Charizard|Protect|p1a: Charizard\n|-singleturn|p1a: Charizard|Protect\n|move|p2a: Floette|Protect|p2a: Floette\n|-singleturn|p2a: Floette|Protect\n|move|p1b: Torkoal|Earth Power|p2a: Floette\n|-activate|p2a: Floette|move: Protect\n|\n|-heal|p1b: Torkoal|88/100|[from] item: Leftovers\n|upkeep\n|turn|10\n|\n|t:|1776094687\n|detailschange|p1a: Charizard|Charizard-Mega-Y, L50, M\n|-mega|p1a: Charizard|Charizard|Charizardite Y\n|-weather|SunnyDay|[from] ability: Drought|[of] p1a: Charizard\n|move|p1b: Torkoal|Helping Hand|p1a: Charizard\n|-singleturn|p1a: Charizard|Helping Hand|[of] p1b: Torkoal\n|move|p1a: Charizard|Overheat|p2a: Floette\n|-damage|p2a: Floette|0 fnt\n|-unboost|p1a: Charizard|spa|2\n|faint|p2a: Floette\n|\n|win|FastForwardMyGame\n|raw|FastForwardMyGame's rating: 1207 &rarr; <strong>1236</strong><br />(+29 for winning)\n|raw|SpaceEntity's rating: 1260 &rarr; <strong>1231</strong><br />(-29 for losing)\n|l|\u2606SpaceEntity\n|player|p2|\n",
  "uploadtime": 1776094703,
  "views": 35,
  "formatid": "gen9championsvgc2026regma",
  "rating": 1231,
  "private": 0,
  "password": null
}