{
  "id": "gen9championsvgc2026regma-2584006811",
  "format": "[Gen 9 Champions] VGC 2026 Reg M-A",
  "players": [
    "asanagiyuri",
    "FriedToxapexLOL"
  ],
  "log": "|j|\u2606asanagiyuri\n|j|\u2606FriedToxapexLOL\n|t:|1776216176\n|gametype|doubles\n|player|p1|asanagiyuri|miku-fairy|1070\n|player|p2|FriedToxapexLOL|101|1000\n|gen|9\n|tier|[Gen 9 Champions] VGC 2026 Reg M-A\n|rated|\n|rule|Species Clause: Limit one of each Pok\u00e9mon\n|rule|Item Clause: Limit 1 of each item\n|clearpoke\n|poke|p1|Dragonite, L50, M|\n|poke|p1|Incineroar, L50, M|\n|poke|p1|Sinistcha, L50|\n|poke|p1|Floette-Eternal, L50, F|\n|poke|p1|Basculegion, L50, M|\n|poke|p1|Kingambit, L50, F|\n|poke|p2|Froslass, L50, F|\n|poke|p2|Sinistcha-Masterpiece, L50|\n|poke|p2|Pelipper, L50, F|\n|poke|p2|Basculegion, L50, M|\n|poke|p2|Beartic, L50, M|\n|poke|p2|Archaludon, L50, M|\n|teampreview|4\n|\n|t:|1776216197\n|teamsize|p1|4\n|teamsize|p2|4\n|start\n|switch|p1a: Floette|Floette-Eternal, L50, F|100/100\n|switch|p1b: Sinistcha|Sinistcha, L50|100/100\n|switch|p2a: Froslass|Froslass, L50, F, shiny|100/100\n|switch|p2b: Beartic|Beartic, L50, M|100/100\n|turn|1\n|\n|t:|1776216217\n|switch|p1b: Incineroar|Incineroar, L50, M|100/100\n|-ability|p1b: Incineroar|Intimidate|boost\n|-unboost|p2a: Froslass|atk|1\n|-unboost|p2b: Beartic|atk|1\n|detailschange|p2a: Froslass|Froslass-Mega, L50, F, shiny\n|-mega|p2a: Froslass|Froslass|Froslassite\n|-weather|Snowscape|[from] ability: Snow Warning|[of] p2a: Froslass\n|detailschange|p1a: Floette|Floette-Mega, L50, F\n|-mega|p1a: Floette|Floette|Floettite\n|-ability|p1a: Floette|Fairy Aura\n|move|p2a: Froslass|Aurora Veil|p2a: Froslass\n|-sidestart|p2: FriedToxapexLOL|move: Aurora Veil\n|move|p1a: Floette|Calm Mind|p1a: Floette\n|-boost|p1a: Floette|spa|1\n|-boost|p1a: Floette|spd|1\n|move|p2b: Beartic|Ice Punch|p1b: Incineroar\n|-resisted|p1b: Incineroar|1\n|-damage|p1b: Incineroar|88/100\n|\n|-weather|Snowscape|[upkeep]\n|upkeep\n|turn|2\n|\n|t:|1776216240\n|move|p1b: Incineroar|Fake Out|p2b: Beartic\n|-damage|p2b: Beartic|95/100\n|move|p2a: Froslass|Nasty Plot|p2a: Froslass\n|-boost|p2a: Froslass|spa|2\n|move|p1a: Floette|Calm Mind|p1a: Floette\n|-boost|p1a: Floette|spa|1\n|-boost|p1a: Floette|spd|1\n|cant|p2b: Beartic|flinch\n|\n|-weather|Snowscape|[upkeep]\n|upkeep\n|turn|3\n|\n|t:|1776216257\n|move|p1a: Floette|Protect|p1a: Floette\n|-singleturn|p1a: Floette|Protect\n|move|p2a: Froslass|Blizzard|p1a: Floette|[spread] p1b\n|-activate|p1a: Floette|move: Protect\n|-resisted|p1b: Incineroar|1\n|-damage|p1b: Incineroar|48/100\n|-status|p1b: Incineroar|frz\n|move|p2b: Beartic|Liquidation|p1b: Incineroar\n|-supereffective|p1b: Incineroar|1\n|-damage|p1b: Incineroar|19/100 frz\n|cant|p1b: Incineroar|frz\n|\n|-weather|Snowscape|[upkeep]\n|upkeep\n|turn|4\n|\n|t:|1776216279\n|move|p2a: Froslass|Blizzard|p1b: Incineroar|[spread] p1a,p1b\n|-resisted|p1b: Incineroar|1\n|-damage|p1a: Floette|64/100\n|-damage|p1b: Incineroar|0 fnt\n|faint|p1b: Incineroar\n|move|p1a: Floette|Light of Ruin|p2a: Froslass|[miss]\n|-miss|p1a: Floette|p2a: Froslass\n|move|p2b: Beartic|Liquidation|p1a: Floette\n|-damage|p1a: Floette|46/100\n|\n|-weather|Snowscape|[upkeep]\n|upkeep\n|\n|t:|1776216291\n|switch|p1b: Sinistcha|Sinistcha, L50|100/100\n|-heal|p1a: Floette|71/100|[from] ability: Hospitality|[of] p1b: Sinistcha\n|turn|5\n|\n|t:|1776216300\n|move|p1a: Floette|Protect|p1a: Floette\n|-singleturn|p1a: Floette|Protect\n|move|p1b: Sinistcha|Protect|p1b: Sinistcha\n|-singleturn|p1b: Sinistcha|Protect\n|move|p2a: Froslass|Blizzard|p1b: Sinistcha|[spread] \n|-activate|p1a: Floette|move: Protect\n|-activate|p1b: Sinistcha|move: Protect\n|move|p2b: Beartic|Ice Punch|p1a: Floette\n|-activate|p1a: Floette|move: Protect\n|\n|-weather|none\n|-sideend|p2: FriedToxapexLOL|move: Aurora Veil\n|upkeep\n|turn|6\n|\n|t:|1776216325\n|switch|p2a: Archaludon|Archaludon, L50, M|100/100\n|switch|p1b: Kingambit|Kingambit, L50, F|100/100\n|move|p2b: Beartic|Protect|p2b: Beartic\n|-singleturn|p2b: Beartic|Protect\n|move|p1a: Floette|Dazzling Gleam|p2b: Beartic|[spread] p2a\n|-activate|p2b: Beartic|move: Protect\n|-damage|p2a: Archaludon|0 fnt\n|faint|p2a: Archaludon\n|\n|upkeep\n|\n|t:|1776216343\n|switch|p2a: Froslass|Froslass-Mega, L50, F, shiny|100/100\n|-weather|Snowscape|[from] ability: Snow Warning|[of] p2a: Froslass\n|turn|7\n|\n|t:|1776216366\n|move|p2a: Froslass|Aurora Veil|p2a: Froslass\n|-sidestart|p2: FriedToxapexLOL|move: Aurora Veil\n|move|p1a: Floette|Dazzling Gleam|p2a: Froslass|[spread] p2a,p2b\n|-damage|p2a: Froslass|30/100\n|-damage|p2b: Beartic|42/100\n|move|p2b: Beartic|Close Combat|p1b: Kingambit\n|-supereffective|p1b: Kingambit|2\n|-damage|p1b: Kingambit|14/100\n|-unboost|p2b: Beartic|def|1\n|-unboost|p2b: Beartic|spd|1\n|move|p1b: Kingambit|Kowtow Cleave|p2a: Froslass\n|-supereffective|p2a: Froslass|1\n|-damage|p2a: Froslass|0 fnt\n|faint|p2a: Froslass\n|\n|-weather|Snowscape|[upkeep]\n|upkeep\n|\n|t:|1776216381\n|switch|p2a: Sinistcha|Sinistcha-Masterpiece, L50, shiny|100/100\n|-heal|p2b: Beartic|67/100|[from] ability: Hospitality|[of] p2a: Sinistcha\n|turn|8\n|\n|t:|1776216394\n|move|p1b: Kingambit|Sucker Punch|p2a: Sinistcha\n|-supereffective|p2a: Sinistcha|1\n|-damage|p2a: Sinistcha|35/100\n|move|p1a: Floette|Dazzling Gleam|p2a: Sinistcha|[spread] p2a,p2b\n|-damage|p2a: Sinistcha|0 fnt\n|-damage|p2b: Beartic|0 fnt\n|faint|p2a: Sinistcha\n|faint|p2b: Beartic\n|\n|win|asanagiyuri\n|raw|asanagiyuri's rating: 1070 &rarr; <strong>1094</strong><br />(+24 for winning)\n|raw|FriedToxapexLOL's rating: 1000 &rarr; <strong>1000</strong><br />(+0 for losing)\n",
  "uploadtime": 1776216399,
  "views": 15,
  "formatid": "gen9championsvgc2026regma",
  "rating": 1000,
  "private": 0,
  "password": null
}