{
  "id": "gen9championsvgc2026regma-2584221305",
  "format": "[Gen 9 Champions] VGC 2026 Reg M-A",
  "players": [
    "Albiongthemagnific",
    "EXSA"
  ],
  "log": "|j|\u2606Albiongthemagnific\n|j|\u2606EXSA\n|t:|1776239890\n|gametype|doubles\n|player|p1|Albiongthemagnific|workerice|1091\n|player|p2|EXSA|266|1142\n|gen|9\n|tier|[Gen 9 Champions] VGC 2026 Reg M-A\n|rated|\n|rule|Species Clause: Limit one of each Pok\u00e9mon\n|rule|Item Clause: Limit 1 of each item\n|clearpoke\n|poke|p1|Farigiraf, L50, F|\n|poke|p1|Hydrapple, L50, M|\n|poke|p1|Decidueye-Hisui, L50, M|\n|poke|p1|Arcanine-Hisui, L50, F|\n|poke|p1|Audino, L50, F|\n|poke|p1|Espathra, L50, F|\n|poke|p2|Charizard, L50, F|\n|poke|p2|Incineroar, L50, M|\n|poke|p2|Maushold-Four, L50|\n|poke|p2|Hawlucha, L50, M|\n|poke|p2|Garchomp, L50, M|\n|poke|p2|Whimsicott, L50, F|\n|teampreview|4\n|inactive|Battle timer is ON: inactive players will automatically lose when time's up. (requested by Albiongthemagnific)\n|inactive|Albiongthemagnific has 60 seconds left.\n|inactive|EXSA has 60 seconds left.\n|\n|t:|1776239936\n|teamsize|p1|4\n|teamsize|p2|4\n|start\n|switch|p1a: Farigiraf|Farigiraf, L50, F|100/100\n|switch|p1b: Arcanine|Arcanine-Hisui, L50, F|100/100\n|switch|p2a: Incineroar|Incineroar, L50, M|100/100\n|switch|p2b: Charizard|Charizard, L50, F, shiny|100/100\n|-ability|p1b: Arcanine|Intimidate|boost\n|-unboost|p2a: Incineroar|atk|1\n|-unboost|p2b: Charizard|atk|1\n|-ability|p2a: Incineroar|Intimidate|boost\n|-unboost|p1a: Farigiraf|atk|1\n|-unboost|p1b: Arcanine|atk|1\n|turn|1\n|\n|t:|1776239961\n|move|p2b: Charizard|Protect|p2b: Charizard\n|-singleturn|p2b: Charizard|Protect\n|move|p1b: Arcanine|Rock Slide|p2a: Incineroar|[spread] \n|-activate|p2b: Charizard|move: Protect\n|-miss|p1b: Arcanine|p2a: Incineroar\n|move|p1a: Farigiraf|Reflect|p1a: Farigiraf\n|-sidestart|p1: Albiongthemagnific|Reflect\n|move|p2a: Incineroar|Parting Shot|p1b: Arcanine\n|-unboost|p1b: Arcanine|atk|1\n|-unboost|p1b: Arcanine|spa|1\n|\n|t:|1776239971\n|switch|p2a: Maushold|Maushold-Four, L50|100/100|[from] Parting Shot\n|\n|upkeep\n|turn|2\n|\n|t:|1776239986\n|switch|p2b: Incineroar|Incineroar, L50, M|100/100\n|-ability|p2b: Incineroar|Intimidate|boost\n|-unboost|p1a: Farigiraf|atk|1\n|-unboost|p1b: Arcanine|atk|1\n|switch|p1b: Decidueye|Decidueye-Hisui, L50, M|100/100\n|move|p2a: Maushold|Super Fang|p1b: Decidueye\n|-damage|p1b: Decidueye|51/100\n|move|p1a: Farigiraf|Light Screen|p1a: Farigiraf\n|-sidestart|p1: Albiongthemagnific|move: Light Screen\n|\n|upkeep\n|turn|3\n|inactive|Albiongthemagnific has 30 seconds left.\n|inactive|EXSA has 30 seconds left.\n|inactive|EXSA has 20 seconds left.\n|inactive|EXSA has 15 seconds left.\n|\n|t:|1776240030\n|move|p1b: Decidueye|Upper Hand||[still]\n|-fail|p1b: Decidueye\n|move|p2a: Maushold|Follow Me|p2a: Maushold\n|-singleturn|p2a: Maushold|move: Follow Me\n|move|p2b: Incineroar|Flare Blitz|p1b: Decidueye\n|-supereffective|p1b: Decidueye|1\n|-damage|p1b: Decidueye|0 fnt\n|faint|p1b: Decidueye\n|-damage|p2b: Incineroar|86/100|[from] Recoil\n|move|p1a: Farigiraf|Hyper Voice|p2b: Incineroar|[spread] p2a,p2b\n|-damage|p2a: Maushold|57/100\n|-damage|p2b: Incineroar|63/100\n|\n|upkeep\n|\n|t:|1776240039\n|switch|p1b: Arcanine|Arcanine-Hisui, L50, F|100/100\n|-ability|p1b: Arcanine|Intimidate|boost\n|-unboost|p2a: Maushold|atk|1\n|-unboost|p2b: Incineroar|atk|1\n|turn|4\n|\n|t:|1776240050\n|move|p2a: Maushold|Super Fang|p1b: Arcanine\n|-damage|p1b: Arcanine|50/100\n|move|p1b: Arcanine|Rock Slide|p2a: Maushold|[spread] p2a\n|-miss|p1b: Arcanine|p2b: Incineroar\n|-damage|p2a: Maushold|10/100\n|move|p1a: Farigiraf|Hyper Voice|p2a: Maushold|[spread] p2a,p2b\n|-damage|p2a: Maushold|0 fnt\n|-damage|p2b: Incineroar|41/100\n|-enditem|p2b: Incineroar|Sitrus Berry|[eat]\n|-heal|p2b: Incineroar|66/100|[from] item: Sitrus Berry\n|faint|p2a: Maushold\n|move|p2b: Incineroar|Parting Shot|p1a: Farigiraf\n|-unboost|p1a: Farigiraf|atk|1\n|-unboost|p1a: Farigiraf|spa|1\n|\n|t:|1776240070\n|switch|p2b: Charizard|Charizard, L50, F, shiny|100/100|[from] Parting Shot\n|\n|upkeep\n|\n|t:|1776240075\n|switch|p2a: Incineroar|Incineroar, L50, M|66/100\n|-ability|p2a: Incineroar|Intimidate|boost\n|-unboost|p1a: Farigiraf|atk|1\n|-unboost|p1b: Arcanine|atk|1\n|turn|5\n|\n|t:|1776240095\n|switch|p1b: Audino|Audino, L50, F|100/100\n|move|p2b: Charizard|Protect|p2b: Charizard\n|-singleturn|p2b: Charizard|Protect\n|move|p2a: Incineroar|Parting Shot|p1b: Audino\n|-unboost|p1b: Audino|atk|1\n|-unboost|p1b: Audino|spa|1\n|\n|t:|1776240099\n|switch|p2a: Whimsicott|Whimsicott, L50, F|100/100|[from] Parting Shot\n|move|p1a: Farigiraf|Hyper Voice|p2a: Whimsicott|[spread] p2a\n|-activate|p2b: Charizard|move: Protect\n|-damage|p2a: Whimsicott|58/100\n|\n|-sideend|p1: Albiongthemagnific|Reflect\n|upkeep\n|turn|6\n|\n|t:|1776240110\n|detailschange|p2b: Charizard|Charizard-Mega-Y, L50, F, shiny\n|-mega|p2b: Charizard|Charizard|Charizardite Y\n|-weather|SunnyDay|[from] ability: Drought|[of] p2b: Charizard\n|detailschange|p1b: Audino|Audino-Mega, L50, F\n|-mega|p1b: Audino|Audino|Audinite\n|move|p2a: Whimsicott|Moonblast|p1a: Farigiraf\n|-damage|p1a: Farigiraf|79/100\n|move|p2b: Charizard|Heat Wave|p1a: Farigiraf|[spread] p1a,p1b\n|-damage|p1a: Farigiraf|42/100\n|-damage|p1b: Audino|75/100\n|move|p1a: Farigiraf|Hyper Voice|p2a: Whimsicott|[spread] p2a,p2b\n|-damage|p2a: Whimsicott|22/100\n|-damage|p2b: Charizard|76/100\n|move|p1b: Audino|Icy Wind|p2a: Whimsicott|[spread] p2a\n|-miss|p1b: Audino|p2b: Charizard\n|-supereffective|p2a: Whimsicott|1\n|-damage|p2a: Whimsicott|3/100\n|-unboost|p2a: Whimsicott|spe|1\n|\n|-weather|SunnyDay|[upkeep]\n|-sideend|p1: Albiongthemagnific|move: Light Screen\n|upkeep\n|turn|7\n|inactive|Albiongthemagnific has 30 seconds left.\n|inactive|EXSA has 30 seconds left.\n|\n|t:|1776240144\n|switch|p1a: Arcanine|Arcanine-Hisui, L50, F|50/100\n|-ability|p1a: Arcanine|Intimidate|boost\n|-unboost|p2a: Whimsicott|atk|1\n|-unboost|p2b: Charizard|atk|1\n|move|p2a: Whimsicott|Tailwind|p2a: Whimsicott\n|-sidestart|p2: EXSA|move: Tailwind\n|move|p2b: Charizard|Heat Wave|p1a: Arcanine|[spread] p1a,p1b\n|-resisted|p1a: Arcanine|2\n|-damage|p1a: Arcanine|30/100\n|-damage|p1b: Audino|33/100\n|move|p1b: Audino|Life Dew|p1b: Audino|[spread] p1a,p1b\n|-heal|p1a: Arcanine|55/100\n|-heal|p1b: Audino|58/100\n|\n|-weather|SunnyDay|[upkeep]\n|upkeep\n|turn|8\n|inactive|EXSA has 30 seconds left.\n|\n|t:|1776240171\n|switch|p2a: Incineroar|Incineroar, L50, M|66/100\n|-ability|p2a: Incineroar|Intimidate|boost\n|-unboost|p1a: Arcanine|atk|1\n|-unboost|p1b: Audino|atk|1\n|move|p2b: Charizard|Solar Beam||[still]\n|-prepare|p2b: Charizard|Solar Beam\n|-anim|p2b: Charizard|Solar Beam|p1a: Arcanine\n|-damage|p1a: Arcanine|0 fnt\n|faint|p1a: Arcanine\n|move|p1b: Audino|Icy Wind|p2a: Incineroar|[spread] p2a,p2b\n|-resisted|p2a: Incineroar|1\n|-damage|p2a: Incineroar|63/100\n|-damage|p2b: Charizard|71/100\n|-unboost|p2a: Incineroar|spe|1\n|-unboost|p2b: Charizard|spe|1\n|\n|-weather|SunnyDay|[upkeep]\n|upkeep\n|\n|t:|1776240182\n|switch|p1a: Farigiraf|Farigiraf, L50, F|42/100\n|turn|9\n|\n|t:|1776240189\n|move|p2b: Charizard|Heat Wave|p1a: Farigiraf|[spread] p1a,p1b\n|-damage|p1a: Farigiraf|0 fnt\n|-damage|p1b: Audino|20/100\n|faint|p1a: Farigiraf\n|move|p2a: Incineroar|Flare Blitz|p1b: Audino\n|-damage|p1b: Audino|0 fnt\n|faint|p1b: Audino\n|-damage|p2a: Incineroar|56/100|[from] Recoil\n|\n|win|EXSA\n|raw|Albiongthemagnific's rating: 1091 &rarr; <strong>1071</strong><br />(-20 for losing)\n|raw|EXSA's rating: 1142 &rarr; <strong>1163</strong><br />(+21 for winning)\n|l|\u2606Albiongthemagnific\n|player|p1|\n",
  "uploadtime": 1776240192,
  "views": 19,
  "formatid": "gen9championsvgc2026regma",
  "rating": 1071,
  "private": 0,
  "password": null
}