{
  "id": "gen9championsvgc2026regma-2581802937",
  "format": "[Gen 9 Champions] VGC 2026 Reg M-A",
  "players": [
    "SkelyStealth",
    "Poke_Jorge76"
  ],
  "log": "|j|\u2606SkelyStealth\n|j|\u2606Poke_Jorge76\n|t:|1776029647\n|gametype|doubles\n|player|p1|SkelyStealth|yellow|1180\n|player|p2|Poke_Jorge76|hilbert|1088\n|gen|9\n|tier|[Gen 9 Champions] VGC 2026 Reg M-A\n|rated|\n|rule|Species Clause: Limit one of each Pok\u00e9mon\n|rule|Item Clause: Limit 1 of each item\n|clearpoke\n|poke|p1|Farigiraf, L50, F|\n|poke|p1|Mimikyu, L50, F|\n|poke|p1|Incineroar, L50, F|\n|poke|p1|Torkoal, L50, F|\n|poke|p1|Crabominable, L50, F|\n|poke|p1|Golurk, L50|\n|poke|p2|Charizard, L50, M|\n|poke|p2|Whimsicott, L50, M|\n|poke|p2|Farigiraf, L50, F|\n|poke|p2|Garchomp, L50, M|\n|poke|p2|Sneasler, L50, F|\n|poke|p2|Rotom-Wash, L50|\n|teampreview|4\n|inactive|Battle timer is ON: inactive players will automatically lose when time's up. (requested by Poke_Jorge76)\n|inactive|SkelyStealth has 60 seconds left.\n|inactive|Poke_Jorge76 has 60 seconds left.\n|\n|t:|1776029704\n|teamsize|p1|4\n|teamsize|p2|4\n|start\n|switch|p1a: Sung Jin-woo|Farigiraf, L50, F|100/100\n|switch|p1b: Lazy Cat|Incineroar, L50, F|100/100\n|switch|p2a: Rotom|Rotom-Wash, L50|100/100\n|switch|p2b: Whimsicott|Whimsicott, L50, M|100/100\n|-ability|p1b: Lazy Cat|Intimidate|boost\n|-unboost|p2a: Rotom|atk|1\n|-unboost|p2b: Whimsicott|atk|1\n|turn|1\n|inactive|Poke_Jorge76 has 30 seconds left.\n|\n|t:|1776029730\n|switch|p2b: Garchomp|Garchomp, L50, M|100/100\n|move|p1b: Lazy Cat|Fake Out|p2a: Rotom\n|-crit|p2a: Rotom\n|-damage|p2a: Rotom|72/100\n|cant|p2a: Rotom|flinch\n|move|p1a: Sung Jin-woo|Trick Room|p1a: Sung Jin-woo\n|-fieldstart|move: Trick Room|[of] p1a: Sung Jin-woo\n|\n|-heal|p2a: Rotom|78/100|[from] item: Leftovers\n|upkeep\n|turn|2\n|inactive|SkelyStealth has 30 seconds left.\n|\n|t:|1776029759\n|move|p1a: Sung Jin-woo|Dazzling Gleam|p2a: Rotom|[spread] p2a,p2b\n|-supereffective|p2b: Garchomp|1\n|-damage|p2a: Rotom|58/100\n|-damage|p2b: Garchomp|67/100\n|move|p1b: Lazy Cat|Darkest Lariat|p2a: Rotom\n|-damage|p2a: Rotom|4/100\n|move|p2a: Rotom|Discharge|p1b: Lazy Cat|[spread] p1a,p1b\n|-immune|p2b: Garchomp\n|-damage|p1a: Sung Jin-woo|74/100\n|-damage|p1b: Lazy Cat|72/100\n|-status|p1b: Lazy Cat|par\n|move|p2b: Garchomp|Earthquake|p1b: Lazy Cat|[spread] p1a,p1b\n|-immune|p2a: Rotom|[from] ability: Levitate\n|-supereffective|p1b: Lazy Cat|1\n|-enditem|p1b: Lazy Cat|Shuca Berry|[eat]\n|-enditem|p1b: Lazy Cat|Shuca Berry|[weaken]\n|-damage|p1a: Sung Jin-woo|46/100\n|-damage|p1b: Lazy Cat|37/100 par\n|-enditem|p1a: Sung Jin-woo|Sitrus Berry|[eat]\n|-heal|p1a: Sung Jin-woo|71/100|[from] item: Sitrus Berry\n|\n|-heal|p2a: Rotom|9/100|[from] item: Leftovers\n|upkeep\n|turn|3\n|inactive|Poke_Jorge76 has 30 seconds left.\n|inactive|Poke_Jorge76 has 20 seconds left.\n|inactive|Poke_Jorge76 has 15 seconds left.\n|\n|t:|1776029799\n|cant|p1b: Lazy Cat|par\n|move|p1a: Sung Jin-woo|Dazzling Gleam|p2a: Rotom|[spread] p2a,p2b\n|-supereffective|p2b: Garchomp|1\n|-damage|p2a: Rotom|0 fnt\n|-damage|p2b: Garchomp|36/100\n|faint|p2a: Rotom\n|move|p2b: Garchomp|Earthquake|p1b: Lazy Cat|[spread] p1a,p1b\n|-supereffective|p1b: Lazy Cat|1\n|-damage|p1a: Sung Jin-woo|41/100\n|-damage|p1b: Lazy Cat|0 fnt\n|faint|p1b: Lazy Cat\n|\n|upkeep\n|\n|t:|1776029812\n|switch|p1b: This fffire|Torkoal, L50, F|100/100\n|switch|p2a: Whimsicott|Whimsicott, L50, M|100/100\n|-weather|SunnyDay|[from] ability: Drought|[of] p1b: This fffire\n|turn|4\n|\n|t:|1776029822\n|move|p2a: Whimsicott|Tailwind|p2a: Whimsicott\n|-sidestart|p2: Poke_Jorge76|move: Tailwind\n|move|p1b: This fffire|Eruption|p2a: Whimsicott|[spread] p2a,p2b\n|-supereffective|p2a: Whimsicott|1\n|-resisted|p2b: Garchomp|1\n|-enditem|p2a: Whimsicott|Focus Sash\n|-damage|p2a: Whimsicott|1/100\n|-damage|p2b: Garchomp|0 fnt\n|faint|p2b: Garchomp\n|move|p1a: Sung Jin-woo|Dazzling Gleam|p2a: Whimsicott\n|-damage|p2a: Whimsicott|0 fnt\n|faint|p2a: Whimsicott\n|\n|-weather|SunnyDay|[upkeep]\n|upkeep\n|\n|t:|1776029830\n|switch|p2a: Sneasler|Sneasler, L50, F|100/100\n|turn|5\n|\n|t:|1776029835\n|move|p1b: This fffire|Eruption|p2a: Sneasler\n|-damage|p2a: Sneasler|0 fnt\n|faint|p2a: Sneasler\n|\n|win|SkelyStealth\n|raw|SkelyStealth's rating: 1180 &rarr; <strong>1199</strong><br />(+19 for winning)\n|raw|Poke_Jorge76's rating: 1088 &rarr; <strong>1071</strong><br />(-17 for losing)\n|l|\u2606Poke_Jorge76\n|player|p2|\n|l|\u2606SkelyStealth\n|player|p1|\n",
  "uploadtime": 1776030261,
  "views": 12,
  "formatid": "gen9championsvgc2026regma",
  "rating": 1071,
  "private": 0,
  "password": null
}