{
  "id": "gen9championsvgc2026regma-2582920140",
  "format": "[Gen 9 Champions] VGC 2026 Reg M-A",
  "players": [
    "veguita",
    "jdess"
  ],
  "log": "|j|\u2606veguita\n|j|\u2606jdess\n|t:|1776125056\n|gametype|doubles\n|player|p1|veguita|170|1137\n|player|p2|jdess|hoopster|1211\n|gen|9\n|tier|[Gen 9 Champions] VGC 2026 Reg M-A\n|rated|\n|rule|Species Clause: Limit one of each Pok\u00e9mon\n|rule|Item Clause: Limit 1 of each item\n|clearpoke\n|poke|p1|Torkoal, L50, F|\n|poke|p1|Venusaur, L50, F|\n|poke|p1|Golurk, L50|\n|poke|p1|Clefable, L50, M|\n|poke|p1|Rotom-Wash, L50|\n|poke|p1|Farigiraf, L50, F|\n|poke|p2|Dragonite, L50, M|\n|poke|p2|Pelipper, L50, M|\n|poke|p2|Archaludon, L50, F|\n|poke|p2|Rotom-Wash, L50|\n|poke|p2|Sneasler, L50, M|\n|poke|p2|Basculegion, L50, M|\n|teampreview|4\n|inactive|Battle timer is ON: inactive players will automatically lose when time's up. (requested by veguita)\n|inactive|jdess has 60 seconds left.\n|\n|t:|1776125098\n|teamsize|p1|4\n|teamsize|p2|4\n|start\n|switch|p1a: Venusaur|Venusaur, L50, F|100/100\n|switch|p1b: Torkoal|Torkoal, L50, F|100/100\n|switch|p2a: Basculegion|Basculegion, L50, M|100/100\n|switch|p2b: Archaludon|Archaludon, L50, F|100/100\n|-weather|SunnyDay|[from] ability: Drought|[of] p1b: Torkoal\n|turn|1\n|inactive|jdess has 30 seconds left.\n|inactive|veguita has 30 seconds left.\n|\n|t:|1776125133\n|switch|p2a: Pelipper|Pelipper, L50, M|100/100\n|-weather|RainDance|[from] ability: Drizzle|[of] p2a: Pelipper\n|switch|p1b: Clefable|Clefable, L50, M|100/100\n|move|p1a: Venusaur|Energy Ball|p2a: Pelipper\n|-damage|p2a: Pelipper|23/100\n|move|p2b: Archaludon|Draco Meteor|p1a: Venusaur\n|-damage|p1a: Venusaur|24/100\n|-unboost|p2b: Archaludon|spa|2\n|\n|-weather|RainDance|[upkeep]\n|upkeep\n|turn|2\n|inactive|jdess has 30 seconds left.\n|inactive|jdess has 20 seconds left.\n|\n|t:|1776125169\n|switch|p2a: Basculegion|Basculegion, L50, M|100/100\n|switch|p1b: Torkoal|Torkoal, L50, F|100/100\n|-weather|SunnyDay|[from] ability: Drought|[of] p1b: Torkoal\n|move|p1a: Venusaur|Energy Ball|p2a: Basculegion\n|-supereffective|p2a: Basculegion|1\n|-damage|p2a: Basculegion|6/100\n|move|p2b: Archaludon|Flash Cannon|p1b: Torkoal\n|-resisted|p1b: Torkoal|1\n|-damage|p1b: Torkoal|86/100\n|\n|-weather|SunnyDay|[upkeep]\n|upkeep\n|turn|3\n|inactive|jdess has 30 seconds left.\n|\n|t:|1776125201\n|switch|p2b: Pelipper|Pelipper, L50, M|23/100\n|-weather|RainDance|[from] ability: Drizzle|[of] p2b: Pelipper\n|move|p2a: Basculegion|Aqua Jet|p1a: Venusaur\n|-resisted|p1a: Venusaur|1\n|-damage|p1a: Venusaur|0 fnt\n|faint|p1a: Venusaur\n|move|p1b: Torkoal|Heat Wave|p2b: Pelipper|[spread] p2a,p2b\n|-resisted|p2a: Basculegion|1\n|-resisted|p2b: Pelipper|1\n|-damage|p2a: Basculegion|0 fnt\n|-damage|p2b: Pelipper|9/100\n|faint|p2a: Basculegion\n|\n|-weather|RainDance|[upkeep]\n|upkeep\n|\n|t:|1776125216\n|switch|p1a: Clefable|Clefable, L50, M|100/100\n|switch|p2a: Archaludon|Archaludon, L50, F|100/100\n|turn|4\n|\n|t:|1776125228\n|switch|p1b: Golurk|Golurk, L50|100/100\n|move|p1a: Clefable|Follow Me|p1a: Clefable\n|-singleturn|p1a: Clefable|move: Follow Me\n|move|p2b: Pelipper|Weather Ball|p1a: Clefable\n|-damage|p1a: Clefable|48/100\n|move|p2a: Archaludon|Flash Cannon|p1a: Clefable\n|-supereffective|p1a: Clefable|1\n|-crit|p1a: Clefable\n|-damage|p1a: Clefable|0 fnt\n|faint|p1a: Clefable\n|\n|-weather|RainDance|[upkeep]\n|upkeep\n|\n|t:|1776125236\n|switch|p1a: Torkoal|Torkoal, L50, F|86/100\n|-weather|SunnyDay|[from] ability: Drought|[of] p1a: Torkoal\n|turn|5\n|\n|t:|1776125254\n|switch|p2b: Dragonite|Dragonite, L50, M|100/100\n|detailschange|p1b: Golurk|Golurk-Mega, L50\n|-mega|p1b: Golurk|Golurk|Golurkite\n|move|p2a: Archaludon|Protect|p2a: Archaludon\n|-singleturn|p2a: Archaludon|Protect\n|move|p1b: Golurk|Poltergeist|p2b: Dragonite\n|-activate|p2b: Dragonite|move: Poltergeist|Dragoninite\n|-damage|p2b: Dragonite|59/100\n|move|p1a: Torkoal|Heat Wave|p2b: Dragonite|[spread] \n|-activate|p2a: Archaludon|move: Protect\n|-miss|p1a: Torkoal|p2b: Dragonite\n|\n|-weather|SunnyDay|[upkeep]\n|upkeep\n|turn|6\n|inactive|jdess has 30 seconds left.\n|inactive|jdess has 20 seconds left.\n|inactive|jdess has 15 seconds left.\n|inactive|jdess has 10 seconds left.\n|\n|t:|1776125300\n|switch|p2a: Pelipper|Pelipper, L50, M|9/100\n|-weather|RainDance|[from] ability: Drizzle|[of] p2a: Pelipper\n|detailschange|p2b: Dragonite|Dragonite-Mega, L50, M\n|-mega|p2b: Dragonite|Dragonite|Dragoninite\n|move|p2b: Dragonite|Dragon Pulse|p1a: Torkoal\n|-damage|p1a: Torkoal|12/100\n|move|p1b: Golurk|Poltergeist|p2b: Dragonite\n|-activate|p2b: Dragonite|move: Poltergeist|Dragoninite\n|-damage|p2b: Dragonite|0 fnt\n|faint|p2b: Dragonite\n|move|p1a: Torkoal|Heat Wave|p2a: Pelipper\n|-resisted|p2a: Pelipper|1\n|-damage|p2a: Pelipper|0 fnt\n|faint|p2a: Pelipper\n|\n|-weather|RainDance|[upkeep]\n|upkeep\n|\n|t:|1776125314\n|switch|p2a: Archaludon|Archaludon, L50, F|100/100\n|turn|7\n|\n|t:|1776125327\n|move|p1b: Golurk|Protect|p1b: Golurk\n|-singleturn|p1b: Golurk|Protect\n|move|p1a: Torkoal|Protect|p1a: Torkoal\n|-singleturn|p1a: Torkoal|Protect\n|move|p2a: Archaludon|Electro Shot||[still]\n|-prepare|p2a: Archaludon|Electro Shot\n|-boost|p2a: Archaludon|spa|1\n|-anim|p2a: Archaludon|Electro Shot|p1a: Torkoal\n|-activate|p1a: Torkoal|move: Protect\n|\n|-weather|RainDance|[upkeep]\n|upkeep\n|turn|8\n|\n|t:|1776125339\n|move|p2a: Archaludon|Electro Shot||[still]\n|-prepare|p2a: Archaludon|Electro Shot\n|-boost|p2a: Archaludon|spa|1\n|-anim|p2a: Archaludon|Electro Shot|p1a: Torkoal\n|-damage|p1a: Torkoal|0 fnt\n|faint|p1a: Torkoal\n|move|p1b: Golurk|Headlong Rush|p2a: Archaludon\n|-supereffective|p2a: Archaludon|1\n|-damage|p2a: Archaludon|0 fnt\n|-unboost|p1b: Golurk|def|1\n|-unboost|p1b: Golurk|spd|1\n|faint|p2a: Archaludon\n|\n|win|veguita\n|raw|veguita's rating: 1137 &rarr; <strong>1167</strong><br />(+30 for winning)\n|raw|jdess's rating: 1211 &rarr; <strong>1181</strong><br />(-30 for losing)\n|l|\u2606veguita\n|player|p1|\n",
  "uploadtime": 1776125360,
  "views": 15,
  "formatid": "gen9championsvgc2026regma",
  "rating": 1167,
  "private": 0,
  "password": null
}