{
  "id": "gen9championsvgc2026regma-2586149877",
  "format": "[Gen 9 Champions] VGC 2026 Reg M-A",
  "players": [
    "San gerger",
    "ye979402"
  ],
  "log": "|j|\u2606San gerger\n|j|\u203dye979402\n|t:|1776405305\n|gametype|doubles\n|player|p1|San gerger|266|1345\n|player|p2|ye979402|backersf|1401\n|gen|9\n|tier|[Gen 9 Champions] VGC 2026 Reg M-A\n|rated|\n|rule|Species Clause: Limit one of each Pok\u00e9mon\n|rule|Item Clause: Limit 1 of each item\n|clearpoke\n|poke|p1|Froslass, L50, F|\n|poke|p1|Floette-Eternal, L50, F|\n|poke|p1|Kingambit, L50, M|\n|poke|p1|Garchomp, L50, F|\n|poke|p1|Basculegion, L50, M|\n|poke|p1|Sneasler, L50, M|\n|poke|p2|Excadrill, L50, F|\n|poke|p2|Tyranitar, L50, F|\n|poke|p2|Corviknight, L50, M|\n|poke|p2|Rotom-Wash, L50|\n|poke|p2|Sinistcha, L50|\n|poke|p2|Sneasler, L50, M|\n|teampreview|4\n|inactive|Battle timer is ON: inactive players will automatically lose when time's up. (requested by San gerger)\n|inactive|San gerger has 60 seconds left.\n|inactive|ye979402 has 60 seconds left.\n|inactive|ye979402 has 30 seconds left.\n|inactive|ye979402 has 20 seconds left.\n|\n|t:|1776405381\n|teamsize|p1|4\n|teamsize|p2|4\n|start\n|switch|p1a: Floette|Floette-Eternal, L50, F|100/100\n|switch|p1b: Garchomp|Garchomp, L50, F|100/100\n|switch|p2a: Rotom|Rotom-Wash, L50, shiny|100/100\n|switch|p2b: Corviknight|Corviknight, L50, M, shiny|100/100\n|turn|1\n|\n|t:|1776405401\n|detailschange|p1a: Floette|Floette-Mega, L50, F\n|-mega|p1a: Floette|Floette|Floettite\n|-ability|p1a: Floette|Fairy Aura\n|move|p1b: Garchomp|Dragon Claw|p2a: Rotom\n|-damage|p2a: Rotom|58/100\n|move|p1a: Floette|Moonblast|p2b: Corviknight\n|-resisted|p2b: Corviknight|1\n|-damage|p2b: Corviknight|64/100\n|move|p2a: Rotom|Will-O-Wisp|p1b: Garchomp\n|-status|p1b: Garchomp|brn\n|move|p2b: Corviknight|Tailwind|p2b: Corviknight\n|-sidestart|p2: ye979402|move: Tailwind\n|\n|-damage|p1b: Garchomp|94/100 brn|[from] brn\n|upkeep\n|turn|2\n|inactive|ye979402 has 30 seconds left.\n|\n|t:|1776405428\n|move|p2a: Rotom|Hydro Pump|p1b: Garchomp\n|-damage|p1b: Garchomp|48/100 brn\n|move|p2b: Corviknight|Brave Bird|p1b: Garchomp\n|-damage|p1b: Garchomp|16/100 brn\n|-damage|p2b: Corviknight|51/100|[from] ability: Rough Skin|[of] p1b: Garchomp\n|-damage|p2b: Corviknight|40/100|[from] Recoil\n|move|p1b: Garchomp|Dragon Claw|p2a: Rotom\n|-damage|p2a: Rotom|36/100\n|-enditem|p2a: Rotom|Sitrus Berry|[eat]\n|-heal|p2a: Rotom|61/100|[from] item: Sitrus Berry\n|move|p1a: Floette|Light of Ruin|p2b: Corviknight\n|-resisted|p2b: Corviknight|1\n|-damage|p2b: Corviknight|0 fnt\n|faint|p2b: Corviknight\n|-damage|p1a: Floette|77/100|[from] Recoil\n|\n|-damage|p1b: Garchomp|10/100 brn|[from] brn\n|upkeep\n|\n|t:|1776405451\n|switch|p2b: Excadrill|Excadrill, L50, F, shiny|100/100\n|turn|3\n|\n|t:|1776405463\n|switch|p2a: Tyranitar|Tyranitar, L50, F, shiny|100/100\n|-weather|Sandstorm|[from] ability: Sand Stream|[of] p2a: Tyranitar\n|move|p1a: Floette|Protect|p1a: Floette\n|-singleturn|p1a: Floette|Protect\n|move|p2b: Excadrill|Rock Slide|p1b: Garchomp|[spread] p1b\n|-activate|p1a: Floette|move: Protect\n|-resisted|p1b: Garchomp|1\n|-damage|p1b: Garchomp|1/100 brn\n|cant|p1b: Garchomp|flinch\n|\n|-weather|Sandstorm|[upkeep]\n|-damage|p1a: Floette|71/100|[from] Sandstorm\n|-damage|p1b: Garchomp|0 fnt|[from] brn\n|faint|p1b: Garchomp\n|upkeep\n|\n|t:|1776405480\n|switch|p1b: Sneasler|Sneasler, L50, M|100/100\n|turn|4\n|inactive|ye979402 has 30 seconds left.\n|\n|t:|1776405513\n|move|p2b: Excadrill|Protect|p2b: Excadrill\n|-singleturn|p2b: Excadrill|Protect\n|move|p2a: Tyranitar|Protect|p2a: Tyranitar\n|-singleturn|p2a: Tyranitar|Protect\n|move|p1b: Sneasler|Fake Out|p2b: Excadrill\n|-activate|p2b: Excadrill|move: Protect\n|move|p1a: Floette|Moonblast|p2a: Tyranitar\n|-activate|p2a: Tyranitar|move: Protect\n|\n|-weather|Sandstorm|[upkeep]\n|-damage|p1b: Sneasler|95/100|[from] Sandstorm\n|-damage|p1a: Floette|65/100|[from] Sandstorm\n|-sideend|p2: ye979402|move: Tailwind\n|upkeep\n|turn|5\n|inactive|San gerger has 30 seconds left.\n|\n|t:|1776405539\n|switch|p2a: Rotom|Rotom-Wash, L50, shiny|61/100\n|move|p1b: Sneasler|Protect|p1b: Sneasler\n|-singleturn|p1b: Sneasler|Protect\n|move|p2b: Excadrill|Earthquake|p1a: Floette|[spread] p1a\n|-activate|p1b: Sneasler|move: Protect\n|-immune|p2a: Rotom|[from] ability: Levitate\n|-damage|p1a: Floette|19/100\n|move|p1a: Floette|Moonblast|p2a: Rotom\n|-damage|p2a: Rotom|0 fnt\n|faint|p2a: Rotom\n|\n|-weather|Sandstorm|[upkeep]\n|-damage|p1b: Sneasler|89/100|[from] Sandstorm\n|-damage|p1a: Floette|13/100|[from] Sandstorm\n|upkeep\n|\n|t:|1776405551\n|switch|p2a: Tyranitar|Tyranitar, L50, F, shiny|100/100\n|turn|6\n|\n|t:|1776405575\n|detailschange|p2a: Tyranitar|Tyranitar-Mega, L50, F, shiny\n|-mega|p2a: Tyranitar|Tyranitar|Tyranitarite\n|move|p1a: Floette|Protect|p1a: Floette\n|-singleturn|p1a: Floette|Protect\n|move|p2b: Excadrill|Earthquake|p1b: Sneasler|[spread] p2a,p1b\n|-activate|p1a: Floette|move: Protect\n|-supereffective|p2a: Tyranitar|1\n|-supereffective|p1b: Sneasler|1\n|-damage|p2a: Tyranitar|48/100\n|-damage|p1b: Sneasler|0 fnt\n|faint|p1b: Sneasler\n|move|p2a: Tyranitar|Knock Off|p1a: Floette\n|-activate|p1a: Floette|move: Protect\n|\n|-weather|Sandstorm|[upkeep]\n|-damage|p1a: Floette|8/100|[from] Sandstorm\n|upkeep\n|\n|t:|1776405590\n|switch|p1b: Basculegion|Basculegion, L50, M|100/100\n|turn|7\n|\n|t:|1776405603\n|move|p2b: Excadrill|Rock Slide|p1a: Floette|[spread] p1a,p1b\n|-damage|p1a: Floette|0 fnt\n|-damage|p1b: Basculegion|76/100\n|faint|p1a: Floette\n|move|p1b: Basculegion|Wave Crash|p2a: Tyranitar\n|-supereffective|p2a: Tyranitar|1\n|-damage|p2a: Tyranitar|0 fnt\n|faint|p2a: Tyranitar\n|-damage|p1b: Basculegion|61/100|[from] Recoil\n|\n|-weather|none\n|upkeep\n|turn|8\n|inactive|San gerger has 30 seconds left.\n|\n|t:|1776405629\n|move|p2b: Excadrill|Earthquake|p1b: Basculegion\n|-damage|p1b: Basculegion|0 fnt\n|faint|p1b: Basculegion\n|\n|win|ye979402\n|raw|San gerger's rating: 1345 &rarr; <strong>1328</strong><br />(-17 for losing)\n|raw|ye979402's rating: 1401 &rarr; <strong>1418</strong><br />(+17 for winning)\n",
  "uploadtime": 1776405632,
  "views": 32,
  "formatid": "gen9championsvgc2026regma",
  "rating": 1328,
  "private": 0,
  "password": null
}