{
  "id": "gen9championsvgc2026regma-2581601787",
  "format": "[Gen 9 Champions] VGC 2026 Reg M-A",
  "players": [
    "RijdendeRechter",
    "jdog1613"
  ],
  "log": "|j|\u2606RijdendeRechter\n|j|\u2606jdog1613\n|t:|1776014266\n|gametype|doubles\n|player|p1|RijdendeRechter|roughneck-gen4|1154\n|player|p2|jdog1613|2|1212\n|gen|9\n|tier|[Gen 9 Champions] VGC 2026 Reg M-A\n|rated|\n|rule|Species Clause: Limit one of each Pok\u00e9mon\n|rule|Item Clause: Limit 1 of each item\n|clearpoke\n|poke|p1|Chesnaught, L50, M|\n|poke|p1|Slowking-Galar, L50, M|\n|poke|p1|Incineroar, L50, F|\n|poke|p1|Ninetales-Alola, L50, F|\n|poke|p1|Garchomp, L50, F|\n|poke|p1|Aegislash, L50, M|\n|poke|p2|Delphox, L50, F|\n|poke|p2|Garchomp, L50, F|\n|poke|p2|Sneasler, L50, M|\n|poke|p2|Orthworm, L50, M|\n|poke|p2|Gyarados, L50, M|\n|poke|p2|Ninetales-Alola, L50, M|\n|teampreview|4\n|\n|t:|1776014284\n|teamsize|p1|4\n|teamsize|p2|4\n|start\n|switch|p1a: Slowking|Slowking-Galar, L50, M|100/100\n|switch|p1b: Incineroar|Incineroar, L50, F|100/100\n|switch|p2a: Orthworm|Orthworm, L50, M|100/100\n|switch|p2b: Garchomp|Garchomp, L50, F|100/100\n|-ability|p1b: Incineroar|Intimidate|boost\n|-unboost|p2a: Orthworm|atk|1\n|-unboost|p2b: Garchomp|atk|1\n|turn|1\n|\n|t:|1776014290\n|move|p2b: Garchomp|Earthquake|p1b: Incineroar|[spread] p1a,p1b\n|-immune|p2a: Orthworm|[from] ability: Earth Eater\n|-supereffective|p1a: Slowking|1\n|-supereffective|p1b: Incineroar|1\n|-damage|p1a: Slowking|58/100\n|-damage|p1b: Incineroar|55/100\n|move|p2a: Orthworm|Shed Tail|p2a: Orthworm\n|-start|p2a: Orthworm|Substitute|[from] move: Shed Tail\n|-damage|p2a: Orthworm|50/100\n|-enditem|p2a: Orthworm|Sitrus Berry|[eat]\n|-heal|p2a: Orthworm|75/100|[from] item: Sitrus Berry\n|\n|t:|1776014300\n|switch|p2a: Delphox|Delphox, L50, F|100/100|[from] Shed Tail\n|move|p1b: Incineroar|Darkest Lariat|p2a: Delphox\n|-supereffective|p2a: Delphox|1\n|-end|p2a: Delphox|Substitute\n|move|p1a: Slowking|Trick Room|p1a: Slowking\n|-fieldstart|move: Trick Room|[of] p1a: Slowking\n|\n|upkeep\n|turn|2\n|\n|t:|1776014320\n|switch|p2a: Orthworm|Orthworm, L50, M|75/100\n|move|p1a: Slowking|Sludge Bomb|p2a: Orthworm\n|-immune|p2a: Orthworm\n|move|p1b: Incineroar|Darkest Lariat|p2a: Orthworm\n|-damage|p2a: Orthworm|57/100\n|move|p2b: Garchomp|Earthquake|p1b: Incineroar|[spread] p1a,p1b\n|-heal|p2a: Orthworm|82/100|[from] ability: Earth Eater|[of] p2b: Garchomp\n|-supereffective|p1a: Slowking|1\n|-supereffective|p1b: Incineroar|1\n|-damage|p1a: Slowking|12/100\n|-damage|p1b: Incineroar|9/100\n|-enditem|p1b: Incineroar|Sitrus Berry|[eat]\n|-heal|p1b: Incineroar|34/100|[from] item: Sitrus Berry\n|\n|upkeep\n|turn|3\n|\n|t:|1776014337\n|-prepare|p1a: Slowking|Chilly Reception|[premajor]\n|move|p1a: Slowking|Chilly Reception|p1a: Slowking\n|-weather|Snowscape\n|\n|t:|1776014341\n|switch|p1a: Chesnaught|Chesnaught, L50, M|100/100|[from] Chilly Reception\n|move|p1b: Incineroar|Flare Blitz|p2a: Orthworm\n|-supereffective|p2a: Orthworm|1\n|-damage|p2a: Orthworm|26/100\n|-damage|p1b: Incineroar|18/100|[from] Recoil\n|move|p2a: Orthworm|Shed Tail|p2a: Orthworm\n|-fail|p2a: Orthworm|move: Shed Tail|[weak]\n|move|p2b: Garchomp|Earthquake|p1b: Incineroar|[spread] p1a,p1b\n|-heal|p2a: Orthworm|51/100|[from] ability: Earth Eater|[of] p2b: Garchomp\n|-resisted|p1a: Chesnaught|1\n|-supereffective|p1b: Incineroar|1\n|-damage|p1a: Chesnaught|94/100\n|-damage|p1b: Incineroar|0 fnt\n|faint|p1b: Incineroar\n|\n|-weather|Snowscape|[upkeep]\n|upkeep\n|\n|t:|1776014352\n|switch|p1b: Aegislash|Aegislash, L50, M|100/100\n|turn|4\n|\n|t:|1776014365\n|detailschange|p1a: Chesnaught|Chesnaught-Mega, L50, M\n|-mega|p1a: Chesnaught|Chesnaught|Chesnaughtite\n|move|p1a: Chesnaught|Body Press|p2b: Garchomp\n|-damage|p2b: Garchomp|42/100\n|-damage|p1a: Chesnaught|82/100|[from] ability: Rough Skin|[of] p2b: Garchomp\n|-formechange|p1b: Aegislash|Aegislash-Blade|\n|move|p1b: Aegislash|Poltergeist|p2b: Garchomp\n|-activate|p2b: Garchomp|move: Poltergeist|Choice Scarf\n|-damage|p2b: Garchomp|0 fnt\n|faint|p2b: Garchomp\n|move|p2a: Orthworm|Body Press|p1a: Chesnaught\n|-damage|p1a: Chesnaught|66/100\n|\n|-weather|Snowscape|[upkeep]\n|upkeep\n|\n|t:|1776014384\n|switch|p2b: Delphox|Delphox, L50, F|100/100\n|turn|5\n|\n|t:|1776014391\n|detailschange|p2b: Delphox|Delphox-Mega, L50, F\n|-mega|p2b: Delphox|Delphox|Delphoxite\n|move|p2b: Delphox|Protect|p2b: Delphox\n|-singleturn|p2b: Delphox|Protect\n|move|p1a: Chesnaught|Body Press|p2a: Orthworm\n|-supereffective|p2a: Orthworm|1\n|-damage|p2a: Orthworm|0 fnt\n|faint|p2a: Orthworm\n|move|p1b: Aegislash|Poltergeist|p2b: Delphox\n|-activate|p2b: Delphox|move: Protect\n|\n|-weather|Snowscape|[upkeep]\n|-fieldend|move: Trick Room\n|upkeep\n|\n|t:|1776014398\n|switch|p2a: Sneasler|Sneasler, L50, M|100/100\n|turn|6\n|\n|t:|1776014404\n|switch|p1a: Slowking|Slowking-Galar, L50, M|46/100\n|-formechange|p1b: Aegislash|Aegislash|\n|move|p1b: Aegislash|King's Shield|p1b: Aegislash\n|-singleturn|p1b: Aegislash|Protect\n|move|p2a: Sneasler|Fake Out|p1a: Slowking\n|-damage|p1a: Slowking|32/100\n|move|p2b: Delphox|Heat Wave|p1a: Slowking|[spread] p1a\n|-activate|p1b: Aegislash|move: Protect\n|-damage|p1a: Slowking|4/100\n|\n|-weather|Snowscape|[upkeep]\n|upkeep\n|turn|7\n|\n|t:|1776014421\n|switch|p1a: Chesnaught|Chesnaught-Mega, L50, M|66/100\n|move|p2b: Delphox|Heat Wave|p1b: Aegislash|[spread] p1a,p1b\n|-supereffective|p1a: Chesnaught|1\n|-supereffective|p1b: Aegislash|1\n|-damage|p1a: Chesnaught|7/100\n|-damage|p1b: Aegislash|38/100\n|move|p2a: Sneasler|Coaching|p2b: Delphox\n|-boost|p2b: Delphox|atk|1\n|-boost|p2b: Delphox|def|1\n|-formechange|p1b: Aegislash|Aegislash-Blade|\n|move|p1b: Aegislash|Poltergeist|p2b: Delphox\n|-activate|p2b: Delphox|move: Poltergeist|Delphoxite\n|-supereffective|p2b: Delphox|1\n|-damage|p2b: Delphox|0 fnt\n|faint|p2b: Delphox\n|\n|-weather|none\n|-heal|p1b: Aegislash|44/100|[from] item: Leftovers\n|upkeep\n|turn|8\n|-message|jdog1613 forfeited.\n|\n|win|RijdendeRechter\n|raw|RijdendeRechter's rating: 1154 &rarr; <strong>1183</strong><br />(+29 for winning)\n|raw|jdog1613's rating: 1212 &rarr; <strong>1183</strong><br />(-29 for losing)\n|l|\u2606jdog1613\n|player|p2|\n",
  "uploadtime": 1776014455,
  "views": 15,
  "formatid": "gen9championsvgc2026regma",
  "rating": 1183,
  "private": 0,
  "password": null
}