{
  "id": "gen9championsvgc2026regma-2583796823",
  "format": "[Gen 9 Champions] VGC 2026 Reg M-A",
  "players": [
    "xTHExKelevra",
    "Juya"
  ],
  "log": "|j|\u2606xTHExKelevra\n|j|\u2606Juya\n|t:|1776198367\n|gametype|doubles\n|player|p1|xTHExKelevra|170|1341\n|player|p2|Juya|169|1297\n|gen|9\n|tier|[Gen 9 Champions] VGC 2026 Reg M-A\n|rated|\n|rule|Species Clause: Limit one of each Pok\u00e9mon\n|rule|Item Clause: Limit 1 of each item\n|clearpoke\n|poke|p1|Meganium, L50, M|\n|poke|p1|Excadrill, L50, F|\n|poke|p1|Tyranitar, L50, M|\n|poke|p1|Rotom-Wash, L50|\n|poke|p1|Sneasler, L50, F|\n|poke|p1|Dragapult, L50, F|\n|poke|p2|Sneasler, L50, F|\n|poke|p2|Kingambit, L50, F|\n|poke|p2|Clefable, L50, F|\n|poke|p2|Delphox, L50, M|\n|poke|p2|Dragonite, L50, M|\n|poke|p2|Basculegion, L50, M|\n|teampreview|4\n|inactive|Battle timer is ON: inactive players will automatically lose when time's up. (requested by Juya)\n|inactive|xTHExKelevra has 60 seconds left.\n|\n|t:|1776198405\n|teamsize|p1|4\n|teamsize|p2|4\n|start\n|switch|p1a: Sneasler|Sneasler, L50, F, shiny|100/100\n|switch|p1b: Dragapult|Dragapult, L50, F, shiny|100/100\n|switch|p2a: Basculegion|Basculegion, L50, M|100/100\n|switch|p2b: Sneasler|Sneasler, L50, F|100/100\n|turn|1\n|inactive|xTHExKelevra has 30 seconds left.\n|\n|t:|1776198438\n|move|p1a: Sneasler|Protect|p1a: Sneasler\n|-singleturn|p1a: Sneasler|Protect\n|move|p2b: Sneasler|Fake Out|p1a: Sneasler\n|-activate|p1a: Sneasler|move: Protect\n|move|p2a: Basculegion|Flip Turn|p1a: Sneasler\n|-activate|p1a: Sneasler|move: Protect\n|move|p1b: Dragapult|Will-O-Wisp|p2b: Sneasler\n|-status|p2b: Sneasler|brn\n|\n|-damage|p2b: Sneasler|95/100 brn|[from] brn\n|upkeep\n|turn|2\n|\n|t:|1776198458\n|move|p2a: Basculegion|Flip Turn|p1a: Sneasler\n|-damage|p1a: Sneasler|47/100\n|\n|t:|1776198466\n|switch|p2a: Kingambit|Kingambit, L50, F|100/100|[from] Flip Turn\n|move|p1b: Dragapult|Phantom Force||[still]\n|-prepare|p1b: Dragapult|Phantom Force\n|move|p2b: Sneasler|Dire Claw|p1b: Dragapult|[miss]\n|-miss|p2b: Sneasler|p1b: Dragapult\n|move|p1a: Sneasler|Close Combat|p2b: Sneasler\n|-resisted|p2b: Sneasler|1\n|-damage|p2b: Sneasler|43/100 brn\n|-unboost|p1a: Sneasler|def|1\n|-unboost|p1a: Sneasler|spd|1\n|-enditem|p1a: Sneasler|White Herb\n|-clearnegativeboost|p1a: Sneasler|[silent]\n|\n|-damage|p2b: Sneasler|37/100 brn|[from] brn\n|upkeep\n|turn|3\n|inactive|xTHExKelevra has 30 seconds left.\n|inactive|Juya has 30 seconds left.\n|inactive|Juya has 20 seconds left.\n|\n|t:|1776198511\n|move|p2a: Kingambit|Protect|p2a: Kingambit\n|-singleturn|p2a: Kingambit|Protect\n|move|p1a: Sneasler|Close Combat|p2a: Kingambit\n|-activate|p2a: Kingambit|move: Protect\n|move|p1b: Dragapult|Phantom Force|p2a: Kingambit|[from] lockedmove\n|-activate|p2a: Kingambit|move: Phantom Force|[broken]\n|-resisted|p2a: Kingambit|1\n|-damage|p2a: Kingambit|85/100\n|move|p2b: Sneasler|Close Combat|p1a: Sneasler\n|-resisted|p1a: Sneasler|1\n|-damage|p1a: Sneasler|25/100\n|-unboost|p2b: Sneasler|def|1\n|-unboost|p2b: Sneasler|spd|1\n|-enditem|p2b: Sneasler|White Herb\n|-clearnegativeboost|p2b: Sneasler|[silent]\n|\n|-damage|p2b: Sneasler|31/100 brn|[from] brn\n|upkeep\n|turn|4\n|inactive|xTHExKelevra has 30 seconds left.\n|inactive|Juya has 30 seconds left.\n|\n|t:|1776198538\n|switch|p1a: Meganium|Meganium, L50, M, shiny|100/100\n|switch|p2a: Delphox|Delphox, L50, M|100/100\n|move|p2b: Sneasler|Close Combat|p1a: Meganium\n|-damage|p1a: Meganium|69/100\n|-unboost|p2b: Sneasler|def|1\n|-unboost|p2b: Sneasler|spd|1\n|move|p1b: Dragapult|Will-O-Wisp|p2a: Delphox\n|-immune|p2a: Delphox\n|\n|-damage|p2b: Sneasler|26/100 brn|[from] brn\n|upkeep\n|turn|5\n|\n|t:|1776198561\n|detailschange|p2a: Delphox|Delphox-Mega, L50, M\n|-mega|p2a: Delphox|Delphox|Delphoxite\n|move|p1a: Meganium|Protect|p1a: Meganium\n|-singleturn|p1a: Meganium|Protect\n|move|p2b: Sneasler|Dire Claw|p1a: Meganium\n|-activate|p1a: Meganium|move: Protect\n|move|p1b: Dragapult|Phantom Force||[still]\n|-prepare|p1b: Dragapult|Phantom Force\n|move|p2a: Delphox|Heat Wave|p1b: Dragapult|[spread] \n|-miss|p2a: Delphox|p1b: Dragapult\n|-activate|p1a: Meganium|move: Protect\n|\n|-damage|p2b: Sneasler|20/100 brn|[from] brn\n|upkeep\n|turn|6\n|\n|t:|1776198585\n|switch|p2a: Kingambit|Kingambit, L50, F|85/100\n|switch|p1a: Rotom|Rotom-Wash, L50, shiny|100/100\n|move|p2b: Sneasler|Dire Claw|p1a: Rotom\n|-damage|p1a: Rotom|76/100\n|move|p1b: Dragapult|Phantom Force|p2a: Kingambit|[from] lockedmove\n|-resisted|p2a: Kingambit|1\n|-damage|p2a: Kingambit|68/100\n|\n|-damage|p2b: Sneasler|14/100 brn|[from] brn\n|upkeep\n|turn|7\n|inactive|xTHExKelevra has 30 seconds left.\n|\n|t:|1776198613\n|move|p2a: Kingambit|Protect|p2a: Kingambit\n|-singleturn|p2a: Kingambit|Protect\n|move|p2b: Sneasler|Close Combat|p1a: Rotom\n|-damage|p1a: Rotom|38/100\n|-unboost|p2b: Sneasler|def|1\n|-unboost|p2b: Sneasler|spd|1\n|-enditem|p1a: Rotom|Sitrus Berry|[eat]\n|-heal|p1a: Rotom|63/100|[from] item: Sitrus Berry\n|move|p1b: Dragapult|Will-O-Wisp|p2a: Kingambit\n|-activate|p2a: Kingambit|move: Protect\n|move|p1a: Rotom|Hydro Pump|p2a: Kingambit\n|-activate|p2a: Kingambit|move: Protect\n|\n|-damage|p2b: Sneasler|8/100 brn|[from] brn\n|upkeep\n|turn|8\n|inactive|xTHExKelevra has 30 seconds left.\n|inactive|Juya has 30 seconds left.\n|inactive|xTHExKelevra has 20 seconds left.\n|\n|t:|1776198650\n|move|p1b: Dragapult|Protect|p1b: Dragapult\n|-singleturn|p1b: Dragapult|Protect\n|move|p1a: Rotom|Protect|p1a: Rotom\n|-singleturn|p1a: Rotom|Protect\n|move|p2b: Sneasler|Close Combat|p1a: Rotom\n|-activate|p1a: Rotom|move: Protect\n|move|p2a: Kingambit|Kowtow Cleave|p1b: Dragapult\n|-activate|p1b: Dragapult|move: Protect\n|\n|-damage|p2b: Sneasler|2/100 brn|[from] brn\n|upkeep\n|turn|9\n|\n|t:|1776198678\n|move|p2b: Sneasler|Dire Claw|p1a: Rotom\n|-crit|p1a: Rotom\n|-damage|p1a: Rotom|29/100\n|move|p1b: Dragapult|Will-O-Wisp|p2a: Kingambit\n|-status|p2a: Kingambit|brn\n|move|p1a: Rotom|Volt Switch|p2b: Sneasler\n|-damage|p2b: Sneasler|0 fnt\n|faint|p2b: Sneasler\n|\n|t:|1776198696\n|switch|p1a: Sneasler|Sneasler, L50, F, shiny|25/100|[from] Volt Switch\n|move|p2a: Kingambit|Kowtow Cleave|p1b: Dragapult\n|-supereffective|p1b: Dragapult|1\n|-damage|p1b: Dragapult|18/100\n|\n|-damage|p2a: Kingambit|62/100 brn|[from] brn\n|upkeep\n|\n|t:|1776198706\n|switch|p2b: Basculegion|Basculegion, L50, M|100/100\n|turn|10\n|\n|t:|1776198727\n|switch|p1b: Meganium|Meganium, L50, M, shiny|69/100\n|move|p1a: Sneasler|Fake Out|p2a: Kingambit\n|-resisted|p2a: Kingambit|1\n|-damage|p2a: Kingambit|58/100 brn\n|move|p2b: Basculegion|Flip Turn|p1a: Sneasler\n|-damage|p1a: Sneasler|0 fnt\n|faint|p1a: Sneasler\n|\n|t:|1776198735\n|switch|p2b: Delphox|Delphox-Mega, L50, M|100/100|[from] Flip Turn\n|cant|p2a: Kingambit|flinch\n|\n|-damage|p2a: Kingambit|52/100 brn|[from] brn\n|upkeep\n|\n|t:|1776198746\n|switch|p1a: Dragapult|Dragapult, L50, F, shiny|18/100\n|turn|11\n|\n|t:|1776198761\n|detailschange|p1b: Meganium|Meganium-Mega, L50, M, shiny\n|-mega|p1b: Meganium|Meganium|Meganiumite\n|move|p2a: Kingambit|Sucker Punch|p1a: Dragapult\n|-supereffective|p1a: Dragapult|1\n|-crit|p1a: Dragapult\n|-damage|p1a: Dragapult|0 fnt\n|faint|p1a: Dragapult\n|move|p2b: Delphox|Heat Wave|p1b: Meganium\n|-supereffective|p1b: Meganium|1\n|-damage|p1b: Meganium|0 fnt\n|faint|p1b: Meganium\n|\n|-damage|p2a: Kingambit|46/100 brn|[from] brn\n|upkeep\n|-message|xTHExKelevra forfeited.\n|\n|win|Juya\n|raw|xTHExKelevra's rating: 1341 &rarr; <strong>1318</strong><br />(-23 for losing)\n|raw|Juya's rating: 1297 &rarr; <strong>1325</strong><br />(+28 for winning)\n|l|\u2606xTHExKelevra\n|player|p1|\n",
  "uploadtime": 1776198780,
  "views": 26,
  "formatid": "gen9championsvgc2026regma",
  "rating": 1318,
  "private": 0,
  "password": null
}