{
  "id": "gen9championsvgc2026regma-2584953296",
  "format": "[Gen 9 Champions] VGC 2026 Reg M-A",
  "players": [
    "Govek314",
    "soulo333"
  ],
  "log": "|j|\u2606Govek314\n|j|\u2606soulo333\n|t:|1776297687\n|gametype|doubles\n|player|p1|Govek314|265|1246\n|player|p2|soulo333|266|1272\n|gen|9\n|tier|[Gen 9 Champions] VGC 2026 Reg M-A\n|rated|\n|rule|Species Clause: Limit one of each Pok\u00e9mon\n|rule|Item Clause: Limit 1 of each item\n|clearpoke\n|poke|p1|Sneasler, L50, F|\n|poke|p1|Tyranitar, L50, F|\n|poke|p1|Rotom-Wash, L50|\n|poke|p1|Excadrill, L50, M|\n|poke|p1|Dragapult, L50, M|\n|poke|p1|Gardevoir, L50, M|\n|poke|p2|Charizard, L50, M|\n|poke|p2|Sneasler, L50, M|\n|poke|p2|Sinistcha, L50|\n|poke|p2|Incineroar, L50, M|\n|poke|p2|Milotic, L50, F|\n|poke|p2|Tyranitar, L50, F|\n|teampreview|4\n|\n|t:|1776297770\n|teamsize|p1|4\n|teamsize|p2|4\n|start\n|switch|p1a: Sneasler|Sneasler, L50, F|100/100\n|switch|p1b: Rotom|Rotom-Wash, L50|100/100\n|switch|p2a: Incineroar|Incineroar, L50, M|100/100\n|switch|p2b: Sinistcha|Sinistcha, L50|100/100\n|-ability|p2a: Incineroar|Intimidate|boost\n|-unboost|p1a: Sneasler|atk|1\n|-unboost|p1b: Rotom|atk|1\n|-enditem|p1a: Sneasler|White Herb\n|-clearnegativeboost|p1a: Sneasler|[silent]\n|turn|1\n|\n|t:|1776297820\n|move|p1a: Sneasler|Fake Out|p2a: Incineroar\n|-damage|p2a: Incineroar|88/100\n|cant|p2a: Incineroar|flinch\n|move|p1b: Rotom|Volt Switch|p2a: Incineroar\n|-damage|p2a: Incineroar|63/100\n|\n|t:|1776297830\n|switch|p1b: Tyranitar|Tyranitar, L50, F, shiny|100/100|[from] Volt Switch\n|-weather|Sandstorm|[from] ability: Sand Stream|[of] p1b: Tyranitar\n|move|p2b: Sinistcha|Trick Room|p2b: Sinistcha\n|-fieldstart|move: Trick Room|[of] p2b: Sinistcha\n|\n|-weather|Sandstorm|[upkeep]\n|-damage|p2a: Incineroar|57/100|[from] Sandstorm\n|-damage|p2b: Sinistcha|94/100|[from] Sandstorm\n|-damage|p1a: Sneasler|95/100|[from] Sandstorm\n|upkeep\n|turn|2\n|\n|t:|1776297854\n|detailschange|p1b: Tyranitar|Tyranitar-Mega, L50, F, shiny\n|-mega|p1b: Tyranitar|Tyranitar|Tyranitarite\n|move|p2a: Incineroar|Parting Shot|p1b: Tyranitar\n|-unboost|p1b: Tyranitar|atk|1\n|-unboost|p1b: Tyranitar|spa|1\n|\n|t:|1776297861\n|switch|p2a: Milotic|Milotic, L50, F|100/100|[from] Parting Shot\n|move|p2b: Sinistcha|Matcha Gotcha|p1a: Sneasler|[spread] p1a,p1b\n|-resisted|p1a: Sneasler|1\n|-supereffective|p1b: Tyranitar|1\n|-damage|p1a: Sneasler|74/100\n|-heal|p2b: Sinistcha|100/100|[from] drain|[of] p1a: Sneasler\n|-damage|p1b: Tyranitar|64/100\n|-status|p1b: Tyranitar|brn\n|move|p1b: Tyranitar|Knock Off|p2b: Sinistcha\n|-supereffective|p2b: Sinistcha|1\n|-enditem|p2b: Sinistcha|Colbur Berry|[eat]\n|-enditem|p2b: Sinistcha|Colbur Berry|[weaken]\n|-damage|p2b: Sinistcha|82/100\n|move|p1a: Sneasler|Close Combat|p2a: Milotic\n|-damage|p2a: Milotic|32/100\n|-unboost|p1a: Sneasler|def|1\n|-unboost|p1a: Sneasler|spd|1\n|\n|-weather|Sandstorm|[upkeep]\n|-damage|p2b: Sinistcha|76/100|[from] Sandstorm\n|-damage|p2a: Milotic|26/100|[from] Sandstorm\n|-damage|p1a: Sneasler|68/100|[from] Sandstorm\n|-heal|p2a: Milotic|32/100|[from] item: Leftovers\n|-damage|p1b: Tyranitar|58/100 brn|[from] brn\n|upkeep\n|turn|3\n|\n|t:|1776297894\n|move|p1a: Sneasler|Protect|p1a: Sneasler\n|-singleturn|p1a: Sneasler|Protect\n|move|p2b: Sinistcha|Matcha Gotcha|p1a: Sneasler|[spread] p1b\n|-activate|p1a: Sneasler|move: Protect\n|-supereffective|p1b: Tyranitar|1\n|-damage|p1b: Tyranitar|21/100 brn\n|-heal|p2b: Sinistcha|95/100|[from] drain|[of] p1b: Tyranitar\n|move|p2a: Milotic|Recover|p2a: Milotic\n|-heal|p2a: Milotic|82/100\n|move|p1b: Tyranitar|Rock Slide|p2b: Sinistcha|[spread] p2b\n|-miss|p1b: Tyranitar|p2a: Milotic\n|-damage|p2b: Sinistcha|85/100\n|\n|-weather|Sandstorm|[upkeep]\n|-damage|p2b: Sinistcha|79/100|[from] Sandstorm\n|-damage|p2a: Milotic|76/100|[from] Sandstorm\n|-damage|p1a: Sneasler|62/100|[from] Sandstorm\n|-heal|p2a: Milotic|82/100|[from] item: Leftovers\n|-damage|p1b: Tyranitar|15/100 brn|[from] brn\n|upkeep\n|turn|4\n|\n|t:|1776297939\n|move|p2b: Sinistcha|Matcha Gotcha|p1a: Sneasler|[spread] p1a,p1b\n|-resisted|p1a: Sneasler|1\n|-supereffective|p1b: Tyranitar|1\n|-damage|p1a: Sneasler|29/100\n|-heal|p2b: Sinistcha|94/100|[from] drain|[of] p1a: Sneasler\n|-damage|p1b: Tyranitar|0 fnt\n|-heal|p2b: Sinistcha|100/100|[from] drain|[of] p1b: Tyranitar\n|faint|p1b: Tyranitar\n|move|p2a: Milotic|Scald|p1a: Sneasler\n|-damage|p1a: Sneasler|0 fnt\n|faint|p1a: Sneasler\n|\n|-weather|Sandstorm|[upkeep]\n|-damage|p2b: Sinistcha|94/100|[from] Sandstorm\n|-damage|p2a: Milotic|76/100|[from] Sandstorm\n|-heal|p2a: Milotic|82/100|[from] item: Leftovers\n|upkeep\n|\n|t:|1776297955\n|switch|p1b: Dragapult|Dragapult, L50, M, shiny|100/100\n|switch|p1a: Rotom|Rotom-Wash, L50|100/100\n|turn|5\n|\n|t:|1776297974\n|move|p2b: Sinistcha|Shadow Ball|p1b: Dragapult\n|-supereffective|p1b: Dragapult|1\n|-damage|p1b: Dragapult|0 fnt\n|faint|p1b: Dragapult\n|move|p2a: Milotic|Icy Wind|p1a: Rotom\n|-resisted|p1a: Rotom|1\n|-damage|p1a: Rotom|93/100\n|-unboost|p1a: Rotom|spe|1\n|move|p1a: Rotom|Thunderbolt|p2a: Milotic\n|-supereffective|p2a: Milotic|1\n|-damage|p2a: Milotic|26/100\n|-status|p2a: Milotic|par\n|\n|-weather|none\n|-heal|p2a: Milotic|32/100 par|[from] item: Leftovers\n|-fieldend|move: Trick Room\n|upkeep\n|turn|6\n|-message|Govek314 forfeited.\n|\n|win|soulo333\n|raw|Govek314's rating: 1246 &rarr; <strong>1223</strong><br />(-23 for losing)\n|raw|soulo333's rating: 1272 &rarr; <strong>1295</strong><br />(+23 for winning)\n|l|\u2606Govek314\n|player|p1|\n",
  "uploadtime": 1776297980,
  "views": 37,
  "formatid": "gen9championsvgc2026regma",
  "rating": 1223,
  "private": 0,
  "password": null
}