{
  "id": "gen9championsvgc2026regma-2583164224",
  "format": "[Gen 9 Champions] VGC 2026 Reg M-A",
  "players": [
    "jyotsha",
    "kemp1412"
  ],
  "log": "|j|\u2606jyotsha\n|j|\u2606kemp1412\n|t:|1776149831\n|gametype|doubles\n|player|p1|jyotsha|266|1236\n|player|p2|kemp1412|1|1144\n|gen|9\n|tier|[Gen 9 Champions] VGC 2026 Reg M-A\n|rated|\n|rule|Species Clause: Limit one of each Pok\u00e9mon\n|rule|Item Clause: Limit 1 of each item\n|clearpoke\n|poke|p1|Floette-Eternal, L50, F|\n|poke|p1|Sinistcha, L50|\n|poke|p1|Sableye, L50, F|\n|poke|p1|Aegislash, L50, F|\n|poke|p1|Primarina, L50, M|\n|poke|p1|Incineroar, L50, M|\n|poke|p2|Drampa, L50, F|\n|poke|p2|Alakazam, L50, M|\n|poke|p2|Sinistcha-Masterpiece, L50|\n|poke|p2|Scizor, L50, M|\n|poke|p2|Basculegion, L50, M|\n|poke|p2|Pelipper, L50, F|\n|teampreview|4\n|inactive|Battle timer is ON: inactive players will automatically lose when time's up. (requested by jyotsha)\n|\n|t:|1776149852\n|teamsize|p1|4\n|teamsize|p2|4\n|start\n|switch|p1a: Sableye|Sableye, L50, F|100/100\n|switch|p1b: Primarina|Primarina, L50, M|100/100\n|switch|p2a: Alakazam|Alakazam, L50, M|100/100\n|switch|p2b: Scizor|Scizor, L50, M|100/100\n|turn|1\n|\n|t:|1776149868\n|detailschange|p2b: Scizor|Scizor-Mega, L50, M\n|-mega|p2b: Scizor|Scizor|Scizorite\n|move|p2b: Scizor|Bullet Punch|p1b: Primarina\n|-damage|p1b: Primarina|62/100\n|move|p1a: Sableye|Will-O-Wisp|p2b: Scizor\n|-status|p2b: Scizor|brn\n|move|p2a: Alakazam|Light Screen|p2a: Alakazam\n|-sidestart|p2: kemp1412|move: Light Screen\n|move|p1b: Primarina|Calm Mind|p1b: Primarina\n|-boost|p1b: Primarina|spa|1\n|-boost|p1b: Primarina|spd|1\n|\n|-heal|p1b: Primarina|68/100|[from] item: Leftovers\n|-damage|p2b: Scizor|94/100 brn|[from] brn\n|upkeep\n|turn|2\n|\n|t:|1776149890\n|move|p1a: Sableye|Encore|p2a: Alakazam\n|-start|p2a: Alakazam|Encore\n|move|p2a: Alakazam|Light Screen||[still]\n|-fail|p2a: Alakazam\n|move|p2b: Scizor|Swords Dance|p2b: Scizor\n|-boost|p2b: Scizor|atk|2\n|move|p1b: Primarina|Hyper Voice|p2a: Alakazam|[spread] p2a,p2b\n|-damage|p2a: Alakazam|60/100\n|-damage|p2b: Scizor|64/100 brn\n|\n|-heal|p1b: Primarina|74/100|[from] item: Leftovers\n|-damage|p2b: Scizor|58/100 brn|[from] brn\n|upkeep\n|turn|3\n|\n|t:|1776149901\n|switch|p2a: Sinistcha|Sinistcha-Masterpiece, L50|100/100\n|-heal|p2b: Scizor|82/100 brn|[from] ability: Hospitality|[of] p2a: Sinistcha\n|move|p2b: Scizor|Bullet Punch|p1b: Primarina\n|-damage|p1b: Primarina|40/100\n|move|p1a: Sableye|Encore|p2b: Scizor\n|-start|p2b: Scizor|Encore\n|move|p1b: Primarina|Calm Mind|p1b: Primarina\n|-boost|p1b: Primarina|spa|1\n|-boost|p1b: Primarina|spd|1\n|\n|-heal|p1b: Primarina|46/100|[from] item: Leftovers\n|-damage|p2b: Scizor|76/100 brn|[from] brn\n|upkeep\n|turn|4\n|\n|t:|1776149921\n|switch|p1a: Sinistcha|Sinistcha, L50|100/100\n|-heal|p1b: Primarina|71/100|[from] ability: Hospitality|[of] p1a: Sinistcha\n|move|p1b: Primarina|Protect|p1b: Primarina\n|-singleturn|p1b: Primarina|Protect\n|move|p2b: Scizor|Bullet Punch|p1b: Primarina\n|-activate|p1b: Primarina|move: Protect\n|move|p2a: Sinistcha|Matcha Gotcha|p1a: Sinistcha|[spread] p1a\n|-activate|p1b: Primarina|move: Protect\n|-resisted|p1a: Sinistcha|1\n|-damage|p1a: Sinistcha|90/100\n|\n|-heal|p1b: Primarina|76/100|[from] item: Leftovers\n|-damage|p2b: Scizor|70/100 brn|[from] brn\n|upkeep\n|turn|5\n|inactive|jyotsha has 30 seconds left.\n|\n|t:|1776149948\n|move|p1a: Sinistcha|Rage Powder|p1a: Sinistcha\n|-singleturn|p1a: Sinistcha|move: Rage Powder\n|move|p2b: Scizor|Bullet Punch|p1a: Sinistcha\n|-damage|p1a: Sinistcha|54/100\n|move|p2a: Sinistcha|Matcha Gotcha|p1b: Primarina|[spread] p1a,p1b\n|-resisted|p1a: Sinistcha|1\n|-supereffective|p1b: Primarina|1\n|-damage|p1a: Sinistcha|44/100\n|-damage|p1b: Primarina|54/100\n|-enditem|p1a: Sinistcha|Sitrus Berry|[eat]\n|-heal|p1a: Sinistcha|69/100|[from] item: Sitrus Berry\n|move|p1b: Primarina|Moonblast|p2a: Sinistcha\n|-damage|p2a: Sinistcha|44/100\n|-enditem|p2a: Sinistcha|Sitrus Berry|[eat]\n|-heal|p2a: Sinistcha|69/100|[from] item: Sitrus Berry\n|\n|-heal|p1b: Primarina|60/100|[from] item: Leftovers\n|-damage|p2b: Scizor|64/100 brn|[from] brn\n|-sideend|p2: kemp1412|move: Light Screen\n|upkeep\n|turn|6\n|\n|t:|1776149970\n|switch|p1a: Aegislash|Aegislash, L50, F|100/100\n|move|p1b: Primarina|Protect|p1b: Primarina\n|-singleturn|p1b: Primarina|Protect\n|move|p2b: Scizor|Bullet Punch|p1b: Primarina\n|-activate|p1b: Primarina|move: Protect\n|move|p2a: Sinistcha|Matcha Gotcha|p1a: Aegislash|[spread] p1a\n|-activate|p1b: Primarina|move: Protect\n|-resisted|p1a: Aegislash|1\n|-damage|p1a: Aegislash|90/100\n|-heal|p2a: Sinistcha|74/100|[from] drain|[of] p1a: Aegislash\n|\n|-heal|p1b: Primarina|66/100|[from] item: Leftovers\n|-damage|p2b: Scizor|58/100 brn|[from] brn\n|-end|p2b: Scizor|Encore\n|upkeep\n|turn|7\n|\n|t:|1776149992\n|move|p2b: Scizor|Bullet Punch|p1b: Primarina\n|-damage|p1b: Primarina|32/100\n|move|p2a: Sinistcha|Life Dew|p2a: Sinistcha|[spread] p2a,p2b\n|-heal|p2a: Sinistcha|99/100\n|-heal|p2b: Scizor|82/100 brn\n|-formechange|p1a: Aegislash|Aegislash-Blade|\n|move|p1a: Aegislash|Shadow Ball|p2a: Sinistcha\n|-supereffective|p2a: Sinistcha|1\n|-damage|p2a: Sinistcha|15/100\n|move|p1b: Primarina|Hyper Voice|p2b: Scizor|[spread] p2a,p2b\n|-resisted|p2a: Sinistcha|1\n|-damage|p2a: Sinistcha|0 fnt\n|-damage|p2b: Scizor|17/100 brn\n|faint|p2a: Sinistcha\n|\n|-heal|p1b: Primarina|37/100|[from] item: Leftovers\n|-damage|p2b: Scizor|11/100 brn|[from] brn\n|upkeep\n|\n|t:|1776150001\n|switch|p2a: Alakazam|Alakazam, L50, M|60/100\n|turn|8\n|\n|t:|1776150011\n|switch|p1a: Sinistcha|Sinistcha, L50|69/100\n|-heal|p1b: Primarina|62/100|[from] ability: Hospitality|[of] p1a: Sinistcha\n|move|p2b: Scizor|Bullet Punch|p1b: Primarina\n|-damage|p1b: Primarina|28/100\n|move|p2a: Alakazam|Psychic|p1b: Primarina\n|-damage|p1b: Primarina|10/100\n|move|p1b: Primarina|Hyper Voice|p2a: Alakazam|[spread] p2a,p2b\n|-damage|p2a: Alakazam|0 fnt\n|-damage|p2b: Scizor|0 fnt\n|faint|p2a: Alakazam\n|faint|p2b: Scizor\n|\n|-heal|p1b: Primarina|16/100|[from] item: Leftovers\n|upkeep\n|-message|kemp1412 forfeited.\n|\n|win|jyotsha\n|raw|jyotsha's rating: 1236 &rarr; <strong>1255</strong><br />(+19 for winning)\n|raw|kemp1412's rating: 1144 &rarr; <strong>1125</strong><br />(-19 for losing)\n",
  "uploadtime": 1776150017,
  "views": 18,
  "formatid": "gen9championsvgc2026regma",
  "rating": 1125,
  "private": 0,
  "password": null
}