{
  "id": "gen9championsvgc2026regma-2582065621",
  "format": "[Gen 9 Champions] VGC 2026 Reg M-A",
  "players": [
    "hollow nite",
    "It'sJustKen VGC"
  ],
  "log": "|j|\u2606hollow nite\n|j|\u2606It'sJustKen VGC\n|t:|1776053679\n|gametype|doubles\n|player|p1|hollow nite|266|1121\n|player|p2|It'sJustKen VGC|265|1025\n|gen|9\n|tier|[Gen 9 Champions] VGC 2026 Reg M-A\n|rated|\n|rule|Species Clause: Limit one of each Pok\u00e9mon\n|rule|Item Clause: Limit 1 of each item\n|clearpoke\n|poke|p1|Starmie, L50|\n|poke|p1|Sylveon, L50, M|\n|poke|p1|Incineroar, L50, M|\n|poke|p1|Sneasler, L50, M|\n|poke|p1|Kingambit, L50, M|\n|poke|p1|Sinistcha, L50|\n|poke|p2|Chimecho, L50, F|\n|poke|p2|Clefable, L50, M|\n|poke|p2|Golurk, L50|\n|poke|p2|Kingambit, L50, M|\n|poke|p2|Torkoal, L50, F|\n|poke|p2|Venusaur, L50, M|\n|teampreview|4\n|inactive|Battle timer is ON: inactive players will automatically lose when time's up. (requested by hollow nite)\n|inactive|It'sJustKen VGC also wants the timer to be on.\n|inactive|hollow nite has 60 seconds left.\n|\n|t:|1776053717\n|teamsize|p1|4\n|teamsize|p2|4\n|start\n|switch|p1a: Starmie|Starmie, L50|100/100\n|switch|p1b: Sylveon|Sylveon, L50, M|100/100\n|switch|p2a: Chimecho|Chimecho, L50, F|100/100\n|switch|p2b: Clefable|Clefable, L50, M|100/100\n|turn|1\n|inactive|hollow nite has 30 seconds left.\n|\n|t:|1776053747\n|switch|p2b: Golurk|Golurk, L50|100/100\n|detailschange|p1a: Starmie|Starmie-Mega, L50\n|-mega|p1a: Starmie|Starmie|Starminite\n|detailschange|p2a: Chimecho|Chimecho-Mega, L50, F\n|-mega|p2a: Chimecho|Chimecho|Chimechite\n|move|p1a: Starmie|Substitute|p1a: Starmie\n|-start|p1a: Starmie|Substitute\n|-damage|p1a: Starmie|75/100\n|move|p1b: Sylveon|Hyper Voice|p2a: Chimecho|[spread] p2a,p2b\n|-resisted|p2a: Chimecho|1\n|-damage|p2a: Chimecho|82/100\n|-damage|p2b: Golurk|61/100\n|move|p2a: Chimecho|Trick Room|p2a: Chimecho\n|-fieldstart|move: Trick Room|[of] p2a: Chimecho\n|\n|upkeep\n|turn|2\n|\n|t:|1776053774\n|move|p1b: Sylveon|Helping Hand|p1a: Starmie\n|-singleturn|p1a: Starmie|Helping Hand|[of] p1b: Sylveon\n|move|p2b: Golurk|Curse|p1a: Starmie\n|-start|p1a: Starmie|Curse|[of] p2b: Golurk\n|-damage|p2b: Golurk|11/100\n|move|p2a: Chimecho|Skill Swap|p2b: Golurk\n|-activate|p2a: Chimecho|Skill Swap|||[of] p2b: Golurk\n|move|p1a: Starmie|Liquidation|p2b: Golurk\n|-supereffective|p2b: Golurk|1\n|-damage|p2b: Golurk|0 fnt\n|faint|p2b: Golurk\n|\n|-damage|p1a: Starmie|50/100|[from] Curse\n|upkeep\n|\n|t:|1776053783\n|switch|p2b: Kingambit|Kingambit, L50, M|100/100\n|turn|3\n|\n|t:|1776053803\n|move|p1b: Sylveon|Detect|p1b: Sylveon\n|-singleturn|p1b: Sylveon|Protect\n|move|p2a: Chimecho|Skill Swap|p2b: Kingambit\n|-activate|p2a: Chimecho|Skill Swap|||[of] p2b: Kingambit\n|move|p2b: Kingambit|Guillotine|p1b: Sylveon\n|-activate|p1b: Sylveon|move: Protect\n|move|p1a: Starmie|Liquidation|p2a: Chimecho\n|-damage|p2a: Chimecho|24/100\n|\n|-damage|p1a: Starmie|25/100|[from] Curse\n|upkeep\n|turn|4\n|inactive|hollow nite has 30 seconds left.\n|inactive|It'sJustKen VGC has 30 seconds left.\n|inactive|hollow nite has 20 seconds left.\n|inactive|It'sJustKen VGC has 20 seconds left.\n|inactive|hollow nite has 15 seconds left.\n|inactive|It'sJustKen VGC has 15 seconds left.\n|\n|t:|1776053847\n|switch|p1b: Sneasler|Sneasler, L50, M|100/100\n|move|p2a: Chimecho|Protect|p2a: Chimecho\n|-singleturn|p2a: Chimecho|Protect\n|move|p2b: Kingambit|Guillotine|p1b: Sneasler\n|-enditem|p1b: Sneasler|Focus Sash\n|-damage|p1b: Sneasler|1/100\n|move|p1a: Starmie|Liquidation|p2b: Kingambit\n|-damage|p2b: Kingambit|43/100\n|-enditem|p2b: Kingambit|Sitrus Berry|[eat]\n|-heal|p2b: Kingambit|68/100|[from] item: Sitrus Berry\n|\n|-damage|p1a: Starmie|0 fnt|[from] Curse\n|faint|p1a: Starmie\n|upkeep\n|\n|t:|1776053865\n|switch|p1a: Sylveon|Sylveon, L50, M|100/100\n|turn|5\n|inactive|It'sJustKen VGC has 30 seconds left.\n|\n|t:|1776053895\n|switch|p1b: Incineroar|Incineroar, L50, M|100/100\n|move|p1a: Sylveon|Detect|p1a: Sylveon\n|-singleturn|p1a: Sylveon|Protect\n|move|p2a: Chimecho|Hypnosis|p1a: Sylveon\n|-activate|p1a: Sylveon|move: Protect\n|move|p2b: Kingambit|Guillotine|p1b: Incineroar\n|-damage|p1b: Incineroar|0 fnt\n|faint|p1b: Incineroar\n|-ohko\n|\n|-fieldend|move: Trick Room\n|upkeep\n|\n|t:|1776053910\n|switch|p1b: Sneasler|Sneasler, L50, M|1/100\n|turn|6\n|\n|t:|1776053925\n|move|p2b: Kingambit|Protect|p2b: Kingambit\n|-singleturn|p2b: Kingambit|Protect\n|move|p2a: Chimecho|Protect|p2a: Chimecho\n|-singleturn|p2a: Chimecho|Protect\n|move|p1b: Sneasler|Close Combat|p2b: Kingambit\n|-activate|p2b: Kingambit|move: Protect\n|move|p1a: Sylveon|Hyper Voice|p2a: Chimecho|[spread] \n|-activate|p2a: Chimecho|move: Protect\n|-activate|p2b: Kingambit|move: Protect\n|\n|upkeep\n|turn|7\n|\n|t:|1776053933\n|move|p2b: Kingambit|Sucker Punch|p1b: Sneasler\n|-resisted|p1b: Sneasler|1\n|-damage|p1b: Sneasler|0 fnt\n|faint|p1b: Sneasler\n|move|p1a: Sylveon|Hyper Voice|p2a: Chimecho|[spread] p2a,p2b\n|-resisted|p2a: Chimecho|1\n|-damage|p2a: Chimecho|7/100\n|-damage|p2b: Kingambit|33/100\n|move|p2a: Chimecho|Trick Room|p2a: Chimecho\n|-fieldstart|move: Trick Room|[of] p2a: Chimecho\n|\n|upkeep\n|turn|8\n|-message|hollow nite forfeited.\n|\n|win|It'sJustKen VGC\n|raw|hollow nite's rating: 1121 &rarr; <strong>1089</strong><br />(-32 for losing)\n|raw|It&apos;sJustKen VGC's rating: 1025 &rarr; <strong>1071</strong><br />(+46 for winning)\n|l|\u2606hollow nite\n|player|p1|\n",
  "uploadtime": 1776053952,
  "views": 12,
  "formatid": "gen9championsvgc2026regma",
  "rating": 1071,
  "private": 0,
  "password": null
}