{
  "id": "gen9championsvgc2026regma-2580559007",
  "format": "[Gen 9 Champions] VGC 2026 Reg M-A",
  "players": [
    "fanaticodedaz",
    "yuriimon"
  ],
  "log": "|j|\u2606fanaticodedaz\n|j|\u2606yuriimon\n|t:|1775912769\n|gametype|doubles\n|player|p1|fanaticodedaz|benga|1035\n|player|p2|yuriimon|waitress-gen4|1041\n|gen|9\n|tier|[Gen 9 Champions] VGC 2026 Reg M-A\n|rated|\n|rule|Species Clause: Limit one of each Pok\u00e9mon\n|rule|Item Clause: Limit 1 of each item\n|clearpoke\n|poke|p1|Charizard, L50, F|\n|poke|p1|Sneasler, L50, M|\n|poke|p1|Kingambit, L50, F|\n|poke|p1|Maushold-Four, L50|\n|poke|p1|Dragapult, L50, F|\n|poke|p1|Garchomp, L50, M|\n|poke|p2|Feraligatr, L50, M|\n|poke|p2|Gallade, L50, M|\n|poke|p2|Politoed, L50, M|\n|poke|p2|Raichu, L50, F|\n|poke|p2|Arcanine-Hisui, L50, F|\n|poke|p2|Clefable, L50, F|\n|teampreview|4\n|inactive|Battle timer is ON: inactive players will automatically lose when time's up. (requested by yuriimon)\n|inactive|fanaticodedaz also wants the timer to be on.\n|\n|t:|1775912790\n|teamsize|p1|4\n|teamsize|p2|4\n|start\n|switch|p1a: Charizard|Charizard, L50, F|100/100\n|switch|p1b: Sneasler|Sneasler, L50, M|100/100\n|switch|p2a: Feraligatr|Feraligatr, L50, M|100/100\n|switch|p2b: Arcanine|Arcanine-Hisui, L50, F|100/100\n|turn|1\n|\n|t:|1775912806\n|move|p1a: Charizard|Protect|p1a: Charizard\n|-singleturn|p1a: Charizard|Protect\n|move|p2b: Arcanine|Protect|p2b: Arcanine\n|-singleturn|p2b: Arcanine|Protect\n|move|p2a: Feraligatr|Protect|p2a: Feraligatr\n|-singleturn|p2a: Feraligatr|Protect\n|move|p1b: Sneasler|Fake Out|p2b: Arcanine\n|-activate|p2b: Arcanine|move: Protect\n|\n|upkeep\n|turn|2\n|\n|t:|1775912826\n|switch|p1a: Kingambit|Kingambit, L50, F|100/100\n|switch|p2b: Clefable|Clefable, L50, F|100/100\n|detailschange|p2a: Feraligatr|Feraligatr-Mega, L50, M\n|-mega|p2a: Feraligatr|Feraligatr|Feraligite\n|move|p1b: Sneasler|Close Combat|p2b: Clefable\n|-resisted|p2b: Clefable|1\n|-damage|p2b: Clefable|66/100\n|-unboost|p1b: Sneasler|def|1\n|-unboost|p1b: Sneasler|spd|1\n|move|p2a: Feraligatr|Body Slam|p1b: Sneasler\n|-damage|p1b: Sneasler|0 fnt\n|faint|p1b: Sneasler\n|\n|upkeep\n|\n|t:|1775912842\n|switch|p1b: Maushold|Maushold-Four, L50|100/100\n|turn|3\n|\n|t:|1775912850\n|move|p1b: Maushold|Follow Me|p1b: Maushold\n|-singleturn|p1b: Maushold|move: Follow Me\n|move|p2b: Clefable|Follow Me|p2b: Clefable\n|-singleturn|p2b: Clefable|move: Follow Me\n|move|p2a: Feraligatr|Swords Dance|p2a: Feraligatr\n|-boost|p2a: Feraligatr|atk|2\n|move|p1a: Kingambit|Swords Dance|p1a: Kingambit\n|-boost|p1a: Kingambit|atk|2\n|\n|upkeep\n|turn|4\n|\n|t:|1775912864\n|move|p1b: Maushold|Follow Me|p1b: Maushold\n|-singleturn|p1b: Maushold|move: Follow Me\n|move|p2b: Clefable|Follow Me|p2b: Clefable\n|-singleturn|p2b: Clefable|move: Follow Me\n|move|p2a: Feraligatr|Liquidation|p1b: Maushold\n|-damage|p1b: Maushold|0 fnt\n|faint|p1b: Maushold\n|move|p1a: Kingambit|Assurance|p2b: Clefable\n|-resisted|p2b: Clefable|1\n|-damage|p2b: Clefable|43/100\n|-enditem|p2b: Clefable|Sitrus Berry|[eat]\n|-heal|p2b: Clefable|68/100|[from] item: Sitrus Berry\n|\n|upkeep\n|\n|t:|1775912872\n|switch|p1b: Charizard|Charizard, L50, F|100/100\n|turn|5\n|-message|fanaticodedaz forfeited.\n|\n|win|yuriimon\n|raw|fanaticodedaz's rating: 1035 &rarr; <strong>1020</strong><br />(-15 for losing)\n|raw|yuriimon's rating: 1041 &rarr; <strong>1074</strong><br />(+33 for winning)\n|l|\u2606fanaticodedaz\n|player|p1|\n",
  "uploadtime": 1775912889,
  "views": 9,
  "formatid": "gen9championsvgc2026regma",
  "rating": 1020,
  "private": 0,
  "password": null
}