{
  "id": "gen9championsvgc2026regma-2587129670",
  "format": "[Gen 9 Champions] VGC 2026 Reg M-A",
  "players": [
    "PokeMasterSteven5",
    "magicalarcher57"
  ],
  "log": "|j|\u2606PokeMasterSteven5\n|j|\u2606magicalarcher57\n|html|<table width=\"100%\"><tr><td align=\"left\">PokeMasterSteven5</td><td align=\"right\">magicalarcher57</tr><tr><td align=\"left\"><i class=\"fa fa-circle-o\"></i> <i class=\"fa fa-circle-o\"></i> </td><td align=\"right\"><i class=\"fa fa-circle-o\"></i> <i class=\"fa fa-circle\"></i> </tr></table>\n|uhtml|bestof|<h2><strong>Game 2</strong> of <a href=\"/game-bestof3-gen9championsvgc2026regma-2587127595\">a best-of-3</a></h2>\n|t:|1776497657\n|gametype|doubles\n|player|p1|PokeMasterSteven5|riley|\n|player|p2|magicalarcher57|valerie|\n|gen|9\n|tier|[Gen 9 Champions] VGC 2026 Reg M-A\n|rated|Tournament battle\n|rule|Species Clause: Limit one of each Pok\u00e9mon\n|rule|Item Clause: Limit 1 of each item\n|raw|<div class=\"infobox\"><details class=\"readmore\" open><summary><strong>2 custom rules:</strong></summary> Force Open Team Sheets, Best of = 3</details></div>\n|clearpoke\n|poke|p1|Aerodactyl, L50, M|\n|poke|p1|Garchomp, L50, F|\n|poke|p1|Delphox, L50, F|\n|poke|p1|Lucario, L50, F|\n|poke|p1|Sinistcha, L50|\n|poke|p1|Rotom-Wash, L50|\n|poke|p2|Kangaskhan, L50, F, shiny|\n|poke|p2|Farigiraf, L50, F, shiny|\n|poke|p2|Basculegion, L50, M, shiny|\n|poke|p2|Talonflame, L50, F, shiny|\n|poke|p2|Floette-Eternal, L50, F|\n|poke|p2|Garchomp, L50, F|\n|teampreview|4\n|showteam|p1|Aerodactyl||FocusSash|Unnerve|DualWingbeat,RockSlide,Tailwind,Protect|||M|||50|]Garchomp||SoftSand|RoughSkin|Earthquake,DragonClaw,RockTomb,SwordsDance|||F|||50|]Delphox||Delphoxite|Blaze|HeatWave,Psychic,FocusBlast,Protect|||F|||50|]Lucario||Lucarionite|InnerFocus|BulletPunch,CloseCombat,MeteorMash,Protect|||F|||50|]Sinistcha||SitrusBerry|Hospitality|RagePowder,MatchaGotcha,TrickRoom,ShadowBall||||||50|]Rotom-Wash||Leftovers|Levitate|Thunderbolt,HydroPump,WillOWisp,PainSplit||||||50|\n|showteam|p2|Kangaskhan||Kangaskhanite|Scrappy|FakeOut,HammerArm,DoubleEdge,Crunch|||F|||50|]Farigiraf||ColburBerry|ArmorTail|ShadowBall,HyperVoice,TrickRoom,Psychic|||F|||50|]Basculegion||MysticWater|Adaptability|WaveCrash,LastRespects,AquaJet,Protect|||M|||50|]Talonflame||SharpBeak|GaleWings|Tailwind,Taunt,Overheat,BraveBird|||F|||50|]Floette-Eternal||Floettite|FlowerVeil|Moonblast,LightofRuin,DazzlingGleam,Protect|||F|||50|]Garchomp||LumBerry|RoughSkin|RockSlide,Earthquake,DragonClaw,Protect|||F|||50|\n|inactive|Battle timer is ON: inactive players will automatically lose when time's up. (requested by PokeMasterSteven5)\n|j|@llefface\n|j| LBLFUSION\n|j| pegabeavercorn\n|inactive|PokeMasterSteven5 has 60 seconds left.\n|\n|t:|1776497700\n|teamsize|p1|4\n|teamsize|p2|4\n|start\n|switch|p1a: Aerodactyl|Aerodactyl, L50, M|100/100\n|switch|p1b: Lucario|Lucario, L50, F|100/100\n|switch|p2a: Athena|Talonflame, L50, F, shiny|100/100\n|switch|p2b: Garchomp|Garchomp, L50, F|100/100\n|-ability|p1a: Aerodactyl|Unnerve\n|turn|1\n|inactive|PokeMasterSteven5 has 30 seconds left.\n|\n|t:|1776497732\n|move|p1b: Lucario|Protect|p1b: Lucario\n|-singleturn|p1b: Lucario|Protect\n|move|p1a: Aerodactyl|Tailwind|p1a: Aerodactyl\n|-sidestart|p1: PokeMasterSteven5|move: Tailwind\n|move|p2a: Athena|Overheat|p1b: Lucario\n|-activate|p1b: Lucario|move: Protect\n|move|p2b: Garchomp|Rock Slide|p1b: Lucario|[spread] p1a\n|-activate|p1b: Lucario|move: Protect\n|-supereffective|p1a: Aerodactyl|1\n|-damage|p1a: Aerodactyl|41/100\n|\n|upkeep\n|turn|2\n|\n|t:|1776497754\n|detailschange|p1b: Lucario|Lucario-Mega, L50, F\n|-mega|p1b: Lucario|Lucario|Lucarionite\n|move|p2a: Athena|Tailwind|p2a: Athena\n|-sidestart|p2: magicalarcher57|move: Tailwind\n|move|p1a: Aerodactyl|Rock Slide|p2a: Athena|[spread] p2a,p2b\n|-supereffective|p2a: Athena|2\n|-resisted|p2b: Garchomp|1\n|-damage|p2a: Athena|0 fnt\n|-damage|p2b: Garchomp|88/100\n|faint|p2a: Athena\n|move|p1b: Lucario|Meteor Mash|p2b: Garchomp\n|-damage|p2b: Garchomp|16/100\n|-damage|p1b: Lucario|88/100|[from] ability: Rough Skin|[of] p2b: Garchomp\n|move|p2b: Garchomp|Earthquake|p1b: Lucario|[spread] p1b\n|-immune|p1a: Aerodactyl\n|-supereffective|p1b: Lucario|1\n|-damage|p1b: Lucario|0 fnt\n|faint|p1b: Lucario\n|\n|upkeep\n|c| LBLFUSION|lol\n|\n|t:|1776497771\n|switch|p2a: Basculegion|Basculegion, L50, M, shiny|100/100\n|switch|p1b: Sinistcha|Sinistcha, L50|100/100\n|-heal|p1a: Aerodactyl|66/100|[from] ability: Hospitality|[of] p1b: Sinistcha\n|turn|3\n|\n|t:|1776497786\n|move|p1a: Aerodactyl|Rock Slide|p2b: Garchomp|[spread] p2a,p2b\n|-resisted|p2b: Garchomp|1\n|-damage|p2a: Basculegion|74/100\n|-damage|p2b: Garchomp|5/100\n|move|p2b: Garchomp|Rock Slide|p1a: Aerodactyl|[spread] p1a\n|-miss|p2b: Garchomp|p1b: Sinistcha\n|-supereffective|p1a: Aerodactyl|1\n|-damage|p1a: Aerodactyl|8/100\n|move|p2a: Basculegion|Last Respects|p1b: Sinistcha\n|-supereffective|p1b: Sinistcha|1\n|-damage|p1b: Sinistcha|8/100\n|-enditem|p1b: Sinistcha|Sitrus Berry|[eat]\n|-heal|p1b: Sinistcha|33/100|[from] item: Sitrus Berry\n|move|p1b: Sinistcha|Shadow Ball|p2a: Basculegion\n|-supereffective|p2a: Basculegion|1\n|-damage|p2a: Basculegion|15/100\n|\n|upkeep\n|turn|4\n|inactive|PokeMasterSteven5 has 30 seconds left.\n|\n|t:|1776497814\n|move|p2a: Basculegion|Protect|p2a: Basculegion\n|-singleturn|p2a: Basculegion|Protect\n|move|p1b: Sinistcha|Rage Powder|p1b: Sinistcha\n|-singleturn|p1b: Sinistcha|move: Rage Powder\n|move|p1a: Aerodactyl|Rock Slide|p2b: Garchomp|[spread] p2b\n|-activate|p2a: Basculegion|move: Protect\n|-resisted|p2b: Garchomp|1\n|-damage|p2b: Garchomp|0 fnt\n|faint|p2b: Garchomp\n|\n|-sideend|p1: PokeMasterSteven5|move: Tailwind\n|upkeep\n|\n|t:|1776497819\n|switch|p2b: Floette|Floette-Eternal, L50, F|100/100\n|turn|5\n|\n|t:|1776497825\n|detailschange|p2b: Floette|Floette-Mega, L50, F\n|-mega|p2b: Floette|Floette|Floettite\n|-ability|p2b: Floette|Fairy Aura\n|move|p1b: Sinistcha|Rage Powder|p1b: Sinistcha\n|-singleturn|p1b: Sinistcha|move: Rage Powder\n|move|p2b: Floette|Dazzling Gleam|p1a: Aerodactyl|[spread] p1a,p1b\n|-damage|p1a: Aerodactyl|0 fnt\n|-damage|p1b: Sinistcha|0 fnt\n|faint|p1a: Aerodactyl\n|faint|p1b: Sinistcha\n|move|p2a: Basculegion|Last Respects|p1: Aerodactyl|[notarget]\n|-fail|p2a: Basculegion\n|\n|-sideend|p2: magicalarcher57|move: Tailwind\n|upkeep\n|c|\u2606PokeMasterSteven5|gg\n|c|\u2606magicalarcher57|gg\n|-message|PokeMasterSteven5 forfeited.\n|\n|win|magicalarcher57\n",
  "uploadtime": 1776497841,
  "views": 14,
  "formatid": "gen9championsvgc2026regma",
  "rating": null,
  "private": 0,
  "password": null
}