{
  "id": "gen9championsvgc2026regma-2582913376",
  "format": "[Gen 9 Champions] VGC 2026 Reg M-A",
  "players": [
    "Matt's Totodile",
    "sexyarthur"
  ],
  "log": "|j|\u2606Matt's Totodile\n|j|\u2606sexyarthur\n|t:|1776124459\n|gametype|doubles\n|player|p1|Matt's Totodile|pokekid|1083\n|player|p2|sexyarthur|swimmer-gen4|1041\n|gen|9\n|tier|[Gen 9 Champions] VGC 2026 Reg M-A\n|rated|\n|rule|Species Clause: Limit one of each Pok\u00e9mon\n|rule|Item Clause: Limit 1 of each item\n|clearpoke\n|poke|p1|Charizard, L50, M|\n|poke|p1|Pelipper, L50, F|\n|poke|p1|Aegislash, L50, F|\n|poke|p1|Dragonite, L50, F|\n|poke|p1|Basculegion, L50, M|\n|poke|p1|Clefable, L50, M|\n|poke|p2|Garchomp, L50, M|\n|poke|p2|Charizard, L50, M|\n|poke|p2|Incineroar, L50, F|\n|poke|p2|Basculegion, L50, M|\n|poke|p2|Whimsicott, L50, M|\n|poke|p2|Archaludon, L50, M|\n|teampreview|4\nsexyarthur has agreed to open team sheets.\n|\n|t:|1776124511\n|teamsize|p1|4\n|teamsize|p2|4\n|start\n|switch|p1a: Clefable|Clefable, L50, M|100/100\n|switch|p1b: Charizard|Charizard, L50, M|100/100\n|switch|p2a: Whimsicott|Whimsicott, L50, M, shiny|100/100\n|switch|p2b: Basculegion|Basculegion, L50, M|100/100\n|turn|1\n|\n|t:|1776124542\n|move|p2b: Basculegion|Protect|p2b: Basculegion\n|-singleturn|p2b: Basculegion|Protect\n|move|p1a: Clefable|Follow Me|p1a: Clefable\n|-singleturn|p1a: Clefable|move: Follow Me\n|move|p2a: Whimsicott|Tailwind|p2a: Whimsicott\n|-sidestart|p2: sexyarthur|move: Tailwind\n|move|p1b: Charizard|Swords Dance|p1b: Charizard\n|-boost|p1b: Charizard|atk|2\n|\n|upkeep\n|turn|2\n|\n|t:|1776124592\n|detailschange|p1b: Charizard|Charizard-Mega-X, L50, M\n|-mega|p1b: Charizard|Charizard|Charizardite X\n|move|p1a: Clefable|Follow Me|p1a: Clefable\n|-singleturn|p1a: Clefable|move: Follow Me\n|move|p2a: Whimsicott|Stun Spore|p1a: Clefable\n|-status|p1a: Clefable|par\n|move|p2b: Basculegion|Liquidation|p1a: Clefable\n|-damage|p1a: Clefable|31/100 par\n|-enditem|p1a: Clefable|Sitrus Berry|[eat]\n|-heal|p1a: Clefable|56/100 par|[from] item: Sitrus Berry\n|move|p1b: Charizard|Dragon Claw|p2b: Basculegion\n|-damage|p2b: Basculegion|0 fnt\n|faint|p2b: Basculegion\n|\n|upkeep\n|\n|t:|1776124607\n|switch|p2b: Archaludon|Archaludon, L50, M|100/100\n|turn|3\n|\n|t:|1776124637\n|move|p1a: Clefable|Follow Me|p1a: Clefable\n|-singleturn|p1a: Clefable|move: Follow Me\n|move|p2a: Whimsicott|Taunt|p1a: Clefable\n|-start|p1a: Clefable|move: Taunt\n|move|p2b: Archaludon|Dragon Pulse|p1a: Clefable\n|-immune|p1a: Clefable\n|move|p1b: Charizard|Dragon Claw|p2b: Archaludon\n|-damage|p2b: Archaludon|27/100\n|-ability|p2b: Archaludon|Stamina|boost\n|-boost|p2b: Archaludon|def|1\n|\n|-heal|p2b: Archaludon|33/100|[from] item: Leftovers\n|upkeep\n|turn|4\n|\n|t:|1776124659\n|move|p1b: Charizard|Protect|p1b: Charizard\n|-singleturn|p1b: Charizard|Protect\n|move|p2a: Whimsicott|Stun Spore|p1b: Charizard\n|-activate|p1b: Charizard|move: Protect\n|move|p2b: Archaludon|Dragon Pulse|p1b: Charizard\n|-activate|p1b: Charizard|move: Protect\n|move|p1a: Clefable|Moonblast|p2b: Archaludon\n|-damage|p2b: Archaludon|4/100\n|-unboost|p2b: Archaludon|spa|1\n|-ability|p2b: Archaludon|Stamina|boost\n|-boost|p2b: Archaludon|def|1\n|\n|-heal|p2b: Archaludon|10/100|[from] item: Leftovers\n|-sideend|p2: sexyarthur|move: Tailwind\n|upkeep\n|turn|5\n|\n|t:|1776124698\n|switch|p1b: Aegislash|Aegislash, L50, F|100/100\n|move|p2b: Archaludon|Protect|p2b: Archaludon\n|-singleturn|p2b: Archaludon|Protect\n|move|p2a: Whimsicott|Tailwind|p2a: Whimsicott\n|-sidestart|p2: sexyarthur|move: Tailwind\n|move|p1a: Clefable|Moonblast|p2b: Archaludon\n|-activate|p2b: Archaludon|move: Protect\n|\n|-heal|p2b: Archaludon|16/100|[from] item: Leftovers\n|upkeep\n|turn|6\n|\n|t:|1776124732\n|move|p1b: Aegislash|King's Shield|p1b: Aegislash\n|-singleturn|p1b: Aegislash|Protect\n|move|p2a: Whimsicott|Taunt|p1b: Aegislash\n|-start|p1b: Aegislash|move: Taunt\n|move|p2b: Archaludon|Flash Cannon|p1a: Clefable\n|-supereffective|p1a: Clefable|1\n|-damage|p1a: Clefable|10/100 par\n|move|p1a: Clefable|Moonblast|p2b: Archaludon\n|-damage|p2b: Archaludon|0 fnt\n|faint|p2b: Archaludon\n|\n|-end|p1a: Clefable|move: Taunt\n|upkeep\n|\n|t:|1776124754\n|switch|p2b: Charizard|Charizard, L50, M|100/100\n|turn|7\n|\n|t:|1776124774\n|detailschange|p2b: Charizard|Charizard-Mega-Y, L50, M\n|-mega|p2b: Charizard|Charizard|Charizardite Y\n|-weather|SunnyDay|[from] ability: Drought|[of] p2b: Charizard\n|move|p1a: Clefable|Follow Me|p1a: Clefable\n|-singleturn|p1a: Clefable|move: Follow Me\n|move|p2a: Whimsicott|Taunt|p1a: Clefable\n|-start|p1a: Clefable|move: Taunt\n|move|p2b: Charizard|Heat Wave|p1a: Clefable|[spread] p1a,p1b\n|-crit|p1a: Clefable\n|-supereffective|p1b: Aegislash|1\n|-damage|p1a: Clefable|0 fnt\n|-damage|p1b: Aegislash|0 fnt\n|faint|p1a: Clefable\n|faint|p1b: Aegislash\n|\n|-weather|SunnyDay|[upkeep]\n|upkeep\n|\n|t:|1776124791\n|switch|p1b: Dragonite|Dragonite, L50, F|100/100\n|switch|p1a: Charizard|Charizard-Mega-X, L50, M|100/100\n|turn|8\n|\n|t:|1776124823\n|move|p2a: Whimsicott|Moonblast|p1a: Charizard\n|-damage|p1a: Charizard|71/100\n|-unboost|p1a: Charizard|spa|1\n|move|p2b: Charizard|Dragon Pulse|p1b: Dragonite\n|-supereffective|p1b: Dragonite|1\n|-damage|p1b: Dragonite|58/100\n|move|p1b: Dragonite|Weather Ball|p2a: Whimsicott\n|-supereffective|p2a: Whimsicott|1\n|-enditem|p2a: Whimsicott|Focus Sash\n|-damage|p2a: Whimsicott|1/100\n|move|p1a: Charizard|Flare Blitz|p2b: Charizard\n|-resisted|p2b: Charizard|1\n|-damage|p2b: Charizard|21/100\n|-damage|p1a: Charizard|49/100|[from] Recoil\n|\n|-weather|SunnyDay|[upkeep]\n|-sideend|p2: sexyarthur|move: Tailwind\n|upkeep\n|turn|9\n|\n|t:|1776124864\n|move|p2a: Whimsicott|Tailwind|p2a: Whimsicott\n|-sidestart|p2: sexyarthur|move: Tailwind\n|move|p2b: Charizard|Dragon Pulse|p1a: Charizard\n|-supereffective|p1a: Charizard|1\n|-damage|p1a: Charizard|0 fnt\n|faint|p1a: Charizard\n|move|p1b: Dragonite|Weather Ball|p2a: Whimsicott\n|-supereffective|p2a: Whimsicott|1\n|-damage|p2a: Whimsicott|0 fnt\n|faint|p2a: Whimsicott\n|\n|-weather|SunnyDay|[upkeep]\n|upkeep\n|turn|10\n|\n|t:|1776124904\n|move|p2b: Charizard|Dragon Pulse|p1b: Dragonite\n|-supereffective|p1b: Dragonite|1\n|-damage|p1b: Dragonite|0 fnt\n|faint|p1b: Dragonite\n|\n|win|sexyarthur\n|raw|Matt&apos;s Totodile's rating: 1083 &rarr; <strong>1058</strong><br />(-25 for losing)\n|raw|sexyarthur's rating: 1041 &rarr; <strong>1079</strong><br />(+38 for winning)\n|c|\u2606Matt's Totodile|Gg\n|l|\u2606sexyarthur\n|player|p2|\n",
  "uploadtime": 1776124924,
  "views": 15,
  "formatid": "gen9championsvgc2026regma",
  "rating": 1058,
  "private": 0,
  "password": null
}