{
  "id": "gen9championsvgc2026regma-2586536893",
  "format": "[Gen 9 Champions] VGC 2026 Reg M-A",
  "players": [
    "TS E4 G-Man",
    "SabrinaCarTimburr"
  ],
  "log": "|j|\u2606TS E4 G-Man\n|j|\u2606SabrinaCarTimburr\n|t:|1776441466\n|gametype|doubles\n|player|p1|TS E4 G-Man|sycamore-masters|1126\n|player|p2|SabrinaCarTimburr|sabrina-frlg|1134\n|gen|9\n|tier|[Gen 9 Champions] VGC 2026 Reg M-A\n|rated|\n|rule|Species Clause: Limit one of each Pok\u00e9mon\n|rule|Item Clause: Limit 1 of each item\n|clearpoke\n|poke|p1|Meganium, L50, F|\n|poke|p1|Aerodactyl, L50, F|\n|poke|p1|Politoed, L50, F|\n|poke|p1|Archaludon, L50, F|\n|poke|p1|Scizor, L50, F|\n|poke|p1|Mamoswine, L50, F|\n|poke|p2|Aegislash, L50, M|\n|poke|p2|Drampa, L50, F|\n|poke|p2|Gyarados, L50, F|\n|poke|p2|Incineroar, L50, M|\n|poke|p2|Ninetales-Alola, L50, M|\n|poke|p2|Garchomp, L50, F|\n|teampreview|4\n|inactive|Battle timer is ON: inactive players will automatically lose when time's up. (requested by SabrinaCarTimburr)\n|inactive|TS E4 G-Man has 60 seconds left.\n|inactive|SabrinaCarTimburr has 60 seconds left.\n|inactive|TS E4 G-Man has 30 seconds left.\n|inactive|TS E4 G-Man has 20 seconds left.\n|inactive|TS E4 G-Man has 15 seconds left.\n|\n|t:|1776441545\n|teamsize|p1|4\n|teamsize|p2|4\n|start\n|switch|p1a: Aerodactyl|Aerodactyl, L50, F, shiny|100/100\n|switch|p1b: Archaludon|Archaludon, L50, F, shiny|100/100\n|switch|p2a: Incineroar|Incineroar, L50, M|100/100\n|switch|p2b: Ninetales|Ninetales-Alola, L50, M|100/100\n|-ability|p1a: Aerodactyl|Unnerve\n|-weather|Snowscape|[from] ability: Snow Warning|[of] p2b: Ninetales\n|-ability|p2a: Incineroar|Intimidate|boost\n|-unboost|p1a: Aerodactyl|atk|1\n|-unboost|p1b: Archaludon|atk|1\n|turn|1\n|inactive|SabrinaCarTimburr has 30 seconds left.\n|\n|t:|1776441571\n|switch|p1a: Politoed|Politoed, L50, F, shiny|100/100\n|-weather|RainDance|[from] ability: Drizzle|[of] p1a: Politoed\n|move|p2a: Incineroar|Fake Out|p1b: Archaludon\n|-resisted|p1b: Archaludon|1\n|-crit|p1b: Archaludon\n|-damage|p1b: Archaludon|94/100\n|-ability|p1b: Archaludon|Stamina|boost\n|-boost|p1b: Archaludon|def|1\n|move|p2b: Ninetales|Freeze-Dry|p1a: Politoed\n|-supereffective|p1a: Politoed|1\n|-damage|p1a: Politoed|58/100\n|cant|p1b: Archaludon|flinch\n|\n|-weather|RainDance|[upkeep]\n|-heal|p1a: Politoed|64/100|[from] item: Leftovers\n|upkeep\n|turn|2\n|inactive|SabrinaCarTimburr has 30 seconds left.\n|inactive|SabrinaCarTimburr has 20 seconds left.\n|\n|t:|1776441609\n|move|p2b: Ninetales|Protect|p2b: Ninetales\n|-singleturn|p2b: Ninetales|Protect\n|move|p1b: Archaludon|Flash Cannon|p2b: Ninetales\n|-activate|p2b: Ninetales|move: Protect\n|move|p2a: Incineroar|Parting Shot|p1b: Archaludon\n|-unboost|p1b: Archaludon|atk|1\n|-unboost|p1b: Archaludon|spa|1\n|\n|t:|1776441617\n|switch|p2a: Drampa|Drampa, L50, F|100/100|[from] Parting Shot\n|-ability|p2a: Drampa|Cloud Nine\n|move|p1a: Politoed|Weather Ball|p2a: Drampa\n|-damage|p2a: Drampa|90/100\n|\n|-weather|RainDance|[upkeep]\n|-heal|p1a: Politoed|70/100|[from] item: Leftovers\n|upkeep\n|turn|3\n|inactive|SabrinaCarTimburr has 30 seconds left.\n|inactive|SabrinaCarTimburr has 20 seconds left.\n|inactive|SabrinaCarTimburr has 15 seconds left.\n|inactive|SabrinaCarTimburr has 10 seconds left.\n|\n|t:|1776441667\n|switch|p1b: Aerodactyl|Aerodactyl, L50, F, shiny|100/100\n|-ability|p1b: Aerodactyl|Unnerve\n|move|p2a: Drampa|Protect|p2a: Drampa\n|-singleturn|p2a: Drampa|Protect\n|move|p2b: Ninetales|Moonblast|p1b: Aerodactyl\n|-damage|p1b: Aerodactyl|46/100\n|move|p1a: Politoed|Icy Wind|p2a: Drampa|[spread] p2b\n|-activate|p2a: Drampa|move: Protect\n|-resisted|p2b: Ninetales|1\n|-damage|p2b: Ninetales|95/100\n|-unboost|p2b: Ninetales|spe|1\n|\n|-weather|RainDance|[upkeep]\n|-heal|p1a: Politoed|76/100|[from] item: Leftovers\n|upkeep\n|turn|4\n|inactive|TS E4 G-Man has 30 seconds left.\n|inactive|SabrinaCarTimburr has 30 seconds left.\n|inactive|TS E4 G-Man has 20 seconds left.\n|inactive|TS E4 G-Man has 15 seconds left.\n|inactive|TS E4 G-Man has 10 seconds left.\n|\n|t:|1776441717\n|switch|p2b: Incineroar|Incineroar, L50, M|100/100\n|-ability|p2b: Incineroar|Intimidate|boost\n|-unboost|p1a: Politoed|atk|1\n|-unboost|p1b: Aerodactyl|atk|1\n|move|p1b: Aerodactyl|Rock Slide|p2b: Incineroar|[spread] p2a,p2b\n|-supereffective|p2b: Incineroar|1\n|-damage|p2a: Drampa|73/100\n|-damage|p2b: Incineroar|70/100\n|move|p1a: Politoed|Icy Wind|p2b: Incineroar|[spread] p2a,p2b\n|-supereffective|p2a: Drampa|1\n|-resisted|p2b: Incineroar|1\n|-damage|p2a: Drampa|53/100\n|-damage|p2b: Incineroar|66/100\n|-unboost|p2a: Drampa|spe|1\n|-unboost|p2b: Incineroar|spe|1\n|cant|p2a: Drampa|flinch\n|\n|-weather|RainDance|[upkeep]\n|-heal|p1a: Politoed|82/100|[from] item: Leftovers\n|upkeep\n|turn|5\n|inactive|TS E4 G-Man has 30 seconds left.\n|inactive|SabrinaCarTimburr has 30 seconds left.\n|\n|t:|1776441749\n|detailschange|p2a: Drampa|Drampa-Mega, L50, F\n|-mega|p2a: Drampa|Drampa|Drampanite\n|move|p1a: Politoed|Protect|p1a: Politoed\n|-singleturn|p1a: Politoed|Protect\n|move|p1b: Aerodactyl|Wide Guard|p1b: Aerodactyl\n|-singleturn|p1b: Aerodactyl|Wide Guard\n|move|p2b: Incineroar|Fake Out|p1a: Politoed\n|-activate|p1a: Politoed|move: Protect\n|move|p2a: Drampa|Hyper Voice|p1a: Politoed|[spread] \n|-activate|p1a: Politoed|move: Wide Guard\n|-activate|p1b: Aerodactyl|move: Wide Guard\n|\n|-weather|none\n|-heal|p1a: Politoed|88/100|[from] item: Leftovers\n|upkeep\n|turn|6\n|\n|t:|1776441766\n|move|p1b: Aerodactyl|Rock Slide|p2a: Drampa|[spread] p2a,p2b\n|-supereffective|p2b: Incineroar|1\n|-damage|p2a: Drampa|39/100\n|-damage|p2b: Incineroar|35/100\n|-ability|p2a: Drampa|Berserk|boost\n|-boost|p2a: Drampa|spa|1\n|move|p1a: Politoed|Icy Wind|p2a: Drampa|[spread] p2a,p2b\n|-supereffective|p2a: Drampa|1\n|-resisted|p2b: Incineroar|1\n|-damage|p2a: Drampa|22/100\n|-damage|p2b: Incineroar|31/100\n|-unboost|p2a: Drampa|spe|1\n|-unboost|p2b: Incineroar|spe|1\n|move|p2b: Incineroar|Parting Shot|p1b: Aerodactyl\n|-unboost|p1b: Aerodactyl|atk|1\n|-unboost|p1b: Aerodactyl|spa|1\n|\n|t:|1776441781\n|switch|p2b: Ninetales|Ninetales-Alola, L50, M|95/100|[from] Parting Shot\n|-weather|Snowscape|[from] ability: Snow Warning|[of] p2b: Ninetales\n|move|p2a: Drampa|Dragon Pulse|p1a: Politoed\n|-damage|p1a: Politoed|18/100\n|\n|-weather|Snowscape|[upkeep]\n|-heal|p1a: Politoed|24/100|[from] item: Leftovers\n|upkeep\n|turn|7\n|inactive|SabrinaCarTimburr has 30 seconds left.\n|\n|t:|1776441811\n|move|p1b: Aerodactyl|Rock Slide|p2a: Drampa|[spread] p2a,p2b\n|-supereffective|p2b: Ninetales|1\n|-damage|p2a: Drampa|10/100\n|-damage|p2b: Ninetales|66/100\n|move|p2b: Ninetales|Moonblast|p1b: Aerodactyl\n|-damage|p1b: Aerodactyl|0 fnt\n|faint|p1b: Aerodactyl\n|move|p1a: Politoed|Icy Wind|p2b: Ninetales|[spread] p2a,p2b\n|-supereffective|p2a: Drampa|1\n|-resisted|p2b: Ninetales|1\n|-damage|p2a: Drampa|0 fnt\n|-damage|p2b: Ninetales|60/100\n|-unboost|p2b: Ninetales|spe|1\n|faint|p2a: Drampa\n|\n|-weather|Snowscape|[upkeep]\n|-heal|p1a: Politoed|30/100|[from] item: Leftovers\n|upkeep\n|inactive|TS E4 G-Man has 30 seconds left.\n|\n|t:|1776441838\n|switch|p1b: Archaludon|Archaludon, L50, F, shiny|94/100\n|switch|p2a: Incineroar|Incineroar, L50, M|31/100\n|-ability|p2a: Incineroar|Intimidate|boost\n|-unboost|p1a: Politoed|atk|1\n|-unboost|p1b: Archaludon|atk|1\n|turn|8\n|inactive|TS E4 G-Man has 30 seconds left.\n|\n|t:|1776441869\n|move|p1a: Politoed|Protect|p1a: Politoed\n|-singleturn|p1a: Politoed|Protect\n|move|p2b: Ninetales|Moonblast|p1b: Archaludon\n|-damage|p1b: Archaludon|57/100\n|-unboost|p1b: Archaludon|spa|1\n|-ability|p1b: Archaludon|Stamina|boost\n|-boost|p1b: Archaludon|def|1\n|move|p1b: Archaludon|Flash Cannon|p2b: Ninetales\n|-supereffective|p2b: Ninetales|2\n|-damage|p2b: Ninetales|0 fnt\n|faint|p2b: Ninetales\n|move|p2a: Incineroar|Flare Blitz|p1b: Archaludon\n|-damage|p1b: Archaludon|30/100\n|-ability|p1b: Archaludon|Stamina|boost\n|-boost|p1b: Archaludon|def|1\n|-damage|p2a: Incineroar|23/100|[from] Recoil\n|\n|-weather|Snowscape|[upkeep]\n|-heal|p1a: Politoed|36/100|[from] item: Leftovers\n|upkeep\n|\n|t:|1776441886\n|switch|p2b: Aegislash|Aegislash, L50, M|100/100\n|turn|9\n|\n|t:|1776441903\n|move|p1b: Archaludon|Protect|p1b: Archaludon\n|-singleturn|p1b: Archaludon|Protect\n|move|p2a: Incineroar|Parting Shot|p1b: Archaludon\n|-activate|p1b: Archaludon|move: Protect\n|move|p1a: Politoed|Icy Wind|p2a: Incineroar|[spread] p2a,p2b\n|-resisted|p2a: Incineroar|1\n|-resisted|p2b: Aegislash|1\n|-damage|p2a: Incineroar|19/100\n|-damage|p2b: Aegislash|98/100\n|-unboost|p2a: Incineroar|spe|1\n|-unboost|p2b: Aegislash|spe|1\n|-formechange|p2b: Aegislash|Aegislash-Blade|\n|move|p2b: Aegislash|Shadow Ball|p1b: Archaludon\n|-activate|p1b: Archaludon|move: Protect\n|\n|-weather|Snowscape|[upkeep]\n|-heal|p1a: Politoed|42/100|[from] item: Leftovers\n|-heal|p2b: Aegislash|100/100|[from] item: Leftovers\n|upkeep\n|turn|10\n|\n|t:|1776441926\n|move|p1b: Archaludon|Dragon Pulse|p2a: Incineroar\n|-damage|p2a: Incineroar|0 fnt\n|faint|p2a: Incineroar\n|move|p1a: Politoed|Icy Wind|p2b: Aegislash\n|-resisted|p2b: Aegislash|1\n|-damage|p2b: Aegislash|90/100\n|-unboost|p2b: Aegislash|spe|1\n|move|p2b: Aegislash|Shadow Ball|p1b: Archaludon\n|-damage|p1b: Archaludon|0 fnt\n|faint|p1b: Archaludon\n|\n|-weather|none\n|-heal|p1a: Politoed|48/100|[from] item: Leftovers\n|-heal|p2b: Aegislash|96/100|[from] item: Leftovers\n|upkeep\n|\n|t:|1776441929\n|switch|p1b: Meganium|Meganium, L50, F, shiny|100/100\n|turn|11\n|\n|t:|1776441945\n|detailschange|p1b: Meganium|Meganium-Mega, L50, F, shiny\n|-mega|p1b: Meganium|Meganium|Meganiumite\n|move|p1a: Politoed|Helping Hand|p1b: Meganium\n|-singleturn|p1b: Meganium|Helping Hand|[of] p1a: Politoed\n|-formechange|p2b: Aegislash|Aegislash|\n|move|p2b: Aegislash|King's Shield|p2b: Aegislash\n|-singleturn|p2b: Aegislash|Protect\n|move|p1b: Meganium|Weather Ball|p2b: Aegislash\n|-activate|p2b: Aegislash|move: Protect\n|\n|-heal|p1a: Politoed|54/100|[from] item: Leftovers\n|-heal|p2b: Aegislash|100/100|[from] item: Leftovers\n|upkeep\n|turn|12\n|inactive|TS E4 G-Man has 30 seconds left.\n|inactive|TS E4 G-Man has 20 seconds left.\n|inactive|TS E4 G-Man has 15 seconds left.\n|inactive|TS E4 G-Man has 10 seconds left.\n|inactive|TS E4 G-Man has 5 seconds left.\n|\n|t:|1776442000\n|move|p1a: Politoed|Helping Hand|p1b: Meganium\n|-singleturn|p1b: Meganium|Helping Hand|[of] p1a: Politoed\n|move|p1b: Meganium|Solar Beam||[still]\n|-prepare|p1b: Meganium|Solar Beam\n|-activate|p1b: Meganium|ability: Mega Sol\n|-anim|p1b: Meganium|Solar Beam|p2b: Aegislash\n|-resisted|p2b: Aegislash|1\n|-damage|p2b: Aegislash|55/100\n|-formechange|p2b: Aegislash|Aegislash-Blade|\n|move|p2b: Aegislash|Flash Cannon|p1b: Meganium\n|-supereffective|p1b: Meganium|1\n|-damage|p1b: Meganium|0 fnt\n|faint|p1b: Meganium\n|\n|-heal|p1a: Politoed|60/100|[from] item: Leftovers\n|-heal|p2b: Aegislash|61/100|[from] item: Leftovers\n|upkeep\n|turn|13\n|inactive|TS E4 G-Man has 30 seconds left.\n|inactive|TS E4 G-Man has 20 seconds left.\n|inactive|TS E4 G-Man has 15 seconds left.\n|-message|TS E4 G-Man forfeited.\n|\n|win|SabrinaCarTimburr\n|raw|TS E4 G-Man's rating: 1126 &rarr; <strong>1102</strong><br />(-24 for losing)\n|raw|SabrinaCarTimburr's rating: 1134 &rarr; <strong>1158</strong><br />(+24 for winning)\n|l|\u2606TS E4 G-Man\n|player|p1|\n",
  "uploadtime": 1776442054,
  "views": 23,
  "formatid": "gen9championsvgc2026regma",
  "rating": 1102,
  "private": 0,
  "password": null
}