{
  "id": "gen9championsvgc2026regma-2586463147",
  "format": "[Gen 9 Champions] VGC 2026 Reg M-A",
  "players": [
    "todeloide",
    "Dinz77"
  ],
  "log": "|j|\u2606todeloide\n|j|\u2606Dinz77\n|t:|1776436427\n|gametype|doubles\n|player|p1|todeloide|266|1043\n|player|p2|Dinz77|2|1078\n|gen|9\n|tier|[Gen 9 Champions] VGC 2026 Reg M-A\n|rated|\n|rule|Species Clause: Limit one of each Pok\u00e9mon\n|rule|Item Clause: Limit 1 of each item\n|clearpoke\n|poke|p1|Dragonite, L50, M|\n|poke|p1|Ninetales, L50, F|\n|poke|p1|Incineroar, L50, M|\n|poke|p1|Aerodactyl, L50, M|\n|poke|p1|Venusaur, L50, M|\n|poke|p1|Sylveon, L50, M|\n|poke|p2|Heracross, L50, F|\n|poke|p2|Whimsicott, L50, M|\n|poke|p2|Politoed, L50, M|\n|poke|p2|Basculegion, L50, M|\n|poke|p2|Incineroar, L50, M|\n|poke|p2|Archaludon, L50, F|\n|teampreview|4\nDinz77 has agreed to open team sheets.\n|\n|t:|1776436482\n|teamsize|p1|4\n|teamsize|p2|4\n|start\n|switch|p1a: Incineroar|Incineroar, L50, M|100/100\n|switch|p1b: Dragonite|Dragonite, L50, M, shiny|100/100\n|switch|p2a: Whimsicott|Whimsicott, L50, M|100/100\n|switch|p2b: Heracross|Heracross, L50, F|100/100\n|-ability|p1a: Incineroar|Intimidate|boost\n|-unboost|p2a: Whimsicott|atk|1\n|-unboost|p2b: Heracross|atk|1\n|turn|1\n|inactive|Battle timer is ON: inactive players will automatically lose when time's up. (requested by todeloide)\n|inactiveoff|Battle timer is now OFF.\n|\n|t:|1776436547\n|switch|p2b: Basculegion|Basculegion, L50, M|100/100\n|detailschange|p1b: Dragonite|Dragonite-Mega, L50, M, shiny\n|-mega|p1b: Dragonite|Dragonite|Dragoninite\n|move|p1a: Incineroar|Protect|p1a: Incineroar\n|-singleturn|p1a: Incineroar|Protect\n|move|p2a: Whimsicott|Tailwind|p2a: Whimsicott\n|-sidestart|p2: Dinz77|move: Tailwind\n|move|p1b: Dragonite|Heat Wave|p2b: Basculegion|[spread] p2a,p2b\n|-supereffective|p2a: Whimsicott|1\n|-resisted|p2b: Basculegion|1\n|-damage|p2a: Whimsicott|6/100\n|-damage|p2b: Basculegion|83/100\n|-status|p2a: Whimsicott|brn\n|\n|-damage|p2a: Whimsicott|0 fnt|[from] brn\n|faint|p2a: Whimsicott\n|upkeep\n|\n|t:|1776436566\n|switch|p2a: Heracross|Heracross, L50, F|100/100\n|turn|2\n|\n|t:|1776436634\n|switch|p1a: Venusaur|Venusaur, L50, M, shiny|100/100\n|detailschange|p2a: Heracross|Heracross-Mega, L50, F\n|-mega|p2a: Heracross|Heracross|Heracronite\n|move|p2b: Basculegion|Flip Turn|p1a: Venusaur\n|-resisted|p1a: Venusaur|1\n|-damage|p1a: Venusaur|81/100\n|\n|t:|1776436643\n|switch|p2b: Politoed|Politoed, L50, M|100/100|[from] Flip Turn\n|-weather|RainDance|[from] ability: Drizzle|[of] p2b: Politoed\n|move|p2a: Heracross|Rock Blast|p1b: Dragonite\n|-supereffective|p1b: Dragonite|1\n|-damage|p1b: Dragonite|91/100\n|-supereffective|p1b: Dragonite|1\n|-damage|p1b: Dragonite|70/100\n|-supereffective|p1b: Dragonite|1\n|-damage|p1b: Dragonite|49/100\n|-supereffective|p1b: Dragonite|1\n|-damage|p1b: Dragonite|29/100\n|-supereffective|p1b: Dragonite|1\n|-damage|p1b: Dragonite|8/100\n|-hitcount|p1b: Dragonite|5\n|move|p1b: Dragonite|Draco Meteor|p2b: Politoed\n|-damage|p2b: Politoed|33/100\n|-unboost|p1b: Dragonite|spa|2\n|\n|-weather|RainDance|[upkeep]\n|-heal|p2b: Politoed|39/100|[from] item: Leftovers\n|-heal|p1a: Venusaur|87/100|[from] item: Leftovers\n|upkeep\n|turn|3\n|\n|t:|1776436700\n|move|p1b: Dragonite|Protect|p1b: Dragonite\n|-singleturn|p1b: Dragonite|Protect\n|move|p2a: Heracross|Pin Missile|p1a: Venusaur\n|-damage|p1a: Venusaur|67/100\n|-crit|p1a: Venusaur\n|-damage|p1a: Venusaur|38/100\n|-damage|p1a: Venusaur|17/100\n|-damage|p1a: Venusaur|0 fnt\n|faint|p1a: Venusaur\n|-hitcount|p1: Venusaur|4\n|move|p2b: Politoed|Icy Wind|p1b: Dragonite\n|-activate|p1b: Dragonite|move: Protect\n|\n|-weather|RainDance|[upkeep]\n|-heal|p2b: Politoed|45/100|[from] item: Leftovers\n|upkeep\n|\n|t:|1776436716\n|switch|p1a: Ninetales|Ninetales, L50, F, shiny|100/100\n|-weather|SunnyDay|[from] ability: Drought|[of] p1a: Ninetales\n|turn|4\n|\n|t:|1776436732\n|switch|p2b: Basculegion|Basculegion, L50, M|83/100\n|move|p2a: Heracross|Detect|p2a: Heracross\n|-singleturn|p2a: Heracross|Protect\n|move|p1b: Dragonite|Extreme Speed|p2a: Heracross\n|-activate|p2a: Heracross|move: Protect\n|move|p1a: Ninetales|Will-O-Wisp|p2a: Heracross\n|-activate|p2a: Heracross|move: Protect\n|\n|-weather|SunnyDay|[upkeep]\n|-sideend|p2: Dinz77|move: Tailwind\n|upkeep\n|turn|5\n|\n|t:|1776436793\n|move|p1b: Dragonite|Protect|p1b: Dragonite\n|-singleturn|p1b: Dragonite|Protect\n|move|p2b: Basculegion|Wave Crash|p1b: Dragonite\n|-activate|p1b: Dragonite|move: Protect\n|move|p1a: Ninetales|Weather Ball|p2a: Heracross\n|-supereffective|p2a: Heracross|1\n|-damage|p2a: Heracross|0 fnt\n|faint|p2a: Heracross\n|\n|-weather|SunnyDay|[upkeep]\n|upkeep\n|\n|t:|1776436800\n|switch|p2a: Politoed|Politoed, L50, M|45/100\n|-weather|RainDance|[from] ability: Drizzle|[of] p2a: Politoed\n|turn|6\n|\n|t:|1776436857\n|move|p1a: Ninetales|Protect|p1a: Ninetales\n|-singleturn|p1a: Ninetales|Protect\n|move|p2b: Basculegion|Wave Crash|p1a: Ninetales\n|-activate|p1a: Ninetales|move: Protect\n|move|p1b: Dragonite|Draco Meteor|p2b: Basculegion|[miss]\n|-miss|p1b: Dragonite|p2b: Basculegion\n|move|p2a: Politoed|Weather Ball|p1a: Ninetales\n|-activate|p1a: Ninetales|move: Protect\n|\n|-weather|RainDance|[upkeep]\n|-heal|p2a: Politoed|51/100|[from] item: Leftovers\n|upkeep\n|turn|7\n|\n|t:|1776436889\n|move|p2b: Basculegion|Wave Crash|p1a: Ninetales\n|-supereffective|p1a: Ninetales|1\n|-crit|p1a: Ninetales\n|-enditem|p1a: Ninetales|Focus Sash\n|-damage|p1a: Ninetales|1/100\n|-damage|p2b: Basculegion|58/100|[from] Recoil\n|move|p1a: Ninetales|Will-O-Wisp|p2b: Basculegion\n|-status|p2b: Basculegion|brn\n|move|p1b: Dragonite|Draco Meteor|p2a: Politoed\n|-damage|p2a: Politoed|14/100\n|-unboost|p1b: Dragonite|spa|2\n|move|p2a: Politoed|Icy Wind|p1b: Dragonite|[spread] p1a,p1b\n|-resisted|p1a: Ninetales|1\n|-supereffective|p1b: Dragonite|2\n|-crit|p1b: Dragonite\n|-damage|p1a: Ninetales|0 fnt\n|-damage|p1b: Dragonite|0 fnt\n|faint|p1a: Ninetales\n|faint|p1b: Dragonite\n|\n|-weather|RainDance|[upkeep]\n|-heal|p2a: Politoed|20/100|[from] item: Leftovers\n|-damage|p2b: Basculegion|52/100 brn|[from] brn\n|upkeep\n|\n|t:|1776436917\n|switch|p1b: Incineroar|Incineroar, L50, M|100/100\n|-ability|p1b: Incineroar|Intimidate|boost\n|-unboost|p2a: Politoed|atk|1\n|-unboost|p2b: Basculegion|atk|1\n|turn|8\n|\n|t:|1776436936\n|move|p2a: Politoed|Protect|p2a: Politoed\n|-singleturn|p2a: Politoed|Protect\n|move|p2b: Basculegion|Wave Crash|p1b: Incineroar\n|-supereffective|p1b: Incineroar|1\n|-damage|p1b: Incineroar|33/100\n|-enditem|p1b: Incineroar|Sitrus Berry|[eat]\n|-heal|p1b: Incineroar|58/100|[from] item: Sitrus Berry\n|-damage|p2b: Basculegion|29/100 brn|[from] Recoil\n|move|p1b: Incineroar|Throat Chop|p2b: Basculegion\n|-supereffective|p2b: Basculegion|1\n|-damage|p2b: Basculegion|0 fnt\n|faint|p2b: Basculegion\n|\n|-weather|RainDance|[upkeep]\n|-heal|p2a: Politoed|26/100|[from] item: Leftovers\n|upkeep\n|turn|9\n|\n|t:|1776436976\n|move|p1b: Incineroar|Protect|p1b: Incineroar\n|-singleturn|p1b: Incineroar|Protect\n|move|p2a: Politoed|Weather Ball|p1b: Incineroar\n|-activate|p1b: Incineroar|move: Protect\n|\n|-weather|RainDance|[upkeep]\n|-heal|p2a: Politoed|32/100|[from] item: Leftovers\n|upkeep\n|turn|10\n|\n|t:|1776436991\n|move|p2a: Politoed|Weather Ball|p1b: Incineroar\n|-supereffective|p1b: Incineroar|1\n|-damage|p1b: Incineroar|0 fnt\n|faint|p1b: Incineroar\n|\n|win|Dinz77\n|raw|todeloide's rating: 1043 &rarr; <strong>1028</strong><br />(-15 for losing)\n|raw|Dinz77's rating: 1078 &rarr; <strong>1103</strong><br />(+25 for winning)\n|c|\u2606Dinz77|gg\n",
  "uploadtime": 1776436999,
  "views": 44,
  "formatid": "gen9championsvgc2026regma",
  "rating": 1028,
  "private": 0,
  "password": null
}