{
  "id": "gen9championsvgc2026regma-2581901063",
  "format": "[Gen 9 Champions] VGC 2026 Reg M-A",
  "players": [
    "DeltaCX",
    "Super Ozone"
  ],
  "log": "|j|\u2606DeltaCX\n|j|\u2606Super Ozone\n|html|<table width=\"100%\"><tr><td align=\"left\">DeltaCX</td><td align=\"right\">Super Ozone</tr><tr><td align=\"left\"><i class=\"fa fa-circle\"></i> <i class=\"fa fa-circle-o\"></i> </td><td align=\"right\"><i class=\"fa fa-circle-o\"></i> <i class=\"fa fa-circle-o\"></i> </tr></table>\n|uhtml|bestof|<h2><strong>Game 2</strong> of <a href=\"/game-bestof3-gen9championsvgc2026regma-2581898414\">a best-of-3</a></h2>\n|t:|1776038096\n|gametype|doubles\n|player|p1|DeltaCX|101|\n|player|p2|Super Ozone|brycen|\n|gen|9\n|tier|[Gen 9 Champions] VGC 2026 Reg M-A\n|rated|Tournament battle\n|rule|Species Clause: Limit one of each Pok\u00e9mon\n|rule|Item Clause: Limit 1 of each item\n|raw|<div class=\"infobox\"><details class=\"readmore\" open><summary><strong>2 custom rules:</strong></summary> Force Open Team Sheets, Best of = 3</details></div>\n|clearpoke\n|poke|p1|Rotom-Heat, L50|\n|poke|p1|Tyranitar, L50, F|\n|poke|p1|Aerodactyl, L50, M|\n|poke|p1|Aegislash, L50, F|\n|poke|p1|Starmie, L50|\n|poke|p1|Garchomp, L50, F|\n|poke|p2|Steelix, L50, F|\n|poke|p2|Tyranitar, L50, M|\n|poke|p2|Sinistcha, L50|\n|poke|p2|Kommo-o, L50, F|\n|poke|p2|Rotom-Heat, L50|\n|poke|p2|Clefable, L50, F|\n|teampreview|4\n|showteam|p1|Rotom-Heat||SitrusBerry|Levitate|Protect,Thunderbolt,Overheat,HelpingHand||||||50|]Tyranitar||ChoiceScarf|SandStream|RockSlide,KnockOff,IcePunch,Superpower|||F|||50|]Aerodactyl||FocusSash|Unnerve|DualWingbeat,Protect,Tailwind,RockSlide|||M|||50|]Aegislash||WhiteHerb|StanceChange|KingsShield,WideGuard,FlashCannon,ShadowBall|||F|||50|]Starmie||Starminite|NaturalCure|Protect,Liquidation,SkillSwap,ZenHeadbutt||||||50|]Garchomp||BrightPowder|SandVeil|Protect,IronHead,Earthquake,DragonClaw|||F|||50|\n|showteam|p2|Steelix||Steelixite|Sturdy|HeavySlam,HighHorsepower,Curse,Protect|||F|||50|]Tyranitar||FocusSash|SandStream|RockSlide,Crunch,LowKick,Protect|||M|||50|]Sinistcha||SitrusBerry|Hospitality|MatchaGotcha,RagePowder,TrickRoom,Protect||||||50|]Kommo-o||Leftovers|Overcoat|ClangingScales,AuraSphere,ClangorousSoul,Protect|||F|||50|]Rotom-Heat||Charcoal|Levitate|Overheat,VoltSwitch,NastyPlot,Protect||||||50|]Clefable||Clefablite|MagicGuard|Moonblast,ThunderWave,FollowMe,Protect|||F|||50|\n|j| aurora ltd\n|j| Rainpelt103\n|l| aurora ltd\n|inactive|Battle timer is ON: inactive players will automatically lose when time's up. (requested by DeltaCX)\n|\n|t:|1776038148\n|teamsize|p1|4\n|teamsize|p2|4\n|start\n|switch|p1a: Tyranitar|Tyranitar, L50, F|100/100\n|switch|p1b: Starmie|Starmie, L50|100/100\n|switch|p2a: Kommo-o|Kommo-o, L50, F|100/100\n|switch|p2b: Clefable|Clefable, L50, F|100/100\n|-weather|Sandstorm|[from] ability: Sand Stream|[of] p1a: Tyranitar\n|turn|1\n|\n|t:|1776038168\n|detailschange|p1b: Starmie|Starmie-Mega, L50\n|-mega|p1b: Starmie|Starmie|Starminite\n|move|p2b: Clefable|Follow Me|p2b: Clefable\n|-singleturn|p2b: Clefable|move: Follow Me\n|move|p1b: Starmie|Skill Swap|p2b: Clefable\n|-activate|p1b: Starmie|Skill Swap|Magic Guard|Huge Power|[of] p2b: Clefable\n|move|p1a: Tyranitar|Rock Slide|p2b: Clefable|[spread] p2a,p2b\n|-resisted|p2a: Kommo-o|1\n|-damage|p2a: Kommo-o|87/100\n|-damage|p2b: Clefable|66/100\n|move|p2a: Kommo-o|Clangorous Soul|p2a: Kommo-o\n|-boost|p2a: Kommo-o|atk|1\n|-boost|p2a: Kommo-o|def|1\n|-boost|p2a: Kommo-o|spa|1\n|-boost|p2a: Kommo-o|spd|1\n|-boost|p2a: Kommo-o|spe|1\n|-damage|p2a: Kommo-o|54/100\n|\n|-weather|Sandstorm|[upkeep]\n|-damage|p2b: Clefable|60/100|[from] Sandstorm\n|-heal|p2a: Kommo-o|61/100|[from] item: Leftovers\n|upkeep\n|turn|2\n|l| Rainpelt103\n|\n|t:|1776038191\n|switch|p2b: Steelix|Steelix, L50, F|100/100\n|move|p2a: Kommo-o|Protect|p2a: Kommo-o\n|-singleturn|p2a: Kommo-o|Protect\n|move|p1b: Starmie|Zen Headbutt|p2a: Kommo-o\n|-activate|p2a: Kommo-o|move: Protect\n|move|p1a: Tyranitar|Rock Slide|p2a: Kommo-o|[spread] \n|-activate|p2a: Kommo-o|move: Protect\n|-miss|p1a: Tyranitar|p2b: Steelix\n|\n|-weather|Sandstorm|[upkeep]\n|-heal|p2a: Kommo-o|67/100|[from] item: Leftovers\n|upkeep\n|turn|3\n|j| blueberre\n|j| sgrace\n|l| blueberre\n|l| sgrace\n|\n|t:|1776038214\n|switch|p1a: Aerodactyl|Aerodactyl, L50, M|100/100\n|-ability|p1a: Aerodactyl|Unnerve\n|detailschange|p2b: Steelix|Steelix-Mega, L50, F\n|-mega|p2b: Steelix|Steelix|Steelixite\n|move|p2a: Kommo-o|Aura Sphere|p1a: Aerodactyl\n|-damage|p1a: Aerodactyl|47/100\n|move|p1b: Starmie|Liquidation|p2b: Steelix\n|-supereffective|p2b: Steelix|1\n|-damage|p2b: Steelix|63/100\n|move|p2b: Steelix|High Horsepower|p1b: Starmie\n|-damage|p1b: Starmie|20/100\n|\n|-weather|Sandstorm|[upkeep]\n|-heal|p2a: Kommo-o|73/100|[from] item: Leftovers\n|upkeep\n|turn|4\n|\n|t:|1776038237\n|move|p2a: Kommo-o|Protect|p2a: Kommo-o\n|-singleturn|p2a: Kommo-o|Protect\n|move|p1b: Starmie|Protect|p1b: Starmie\n|-singleturn|p1b: Starmie|Protect\n|move|p1a: Aerodactyl|Dual Wingbeat|p2a: Kommo-o\n|-activate|p2a: Kommo-o|move: Protect\n|move|p2b: Steelix|Heavy Slam|p1a: Aerodactyl\n|-supereffective|p1a: Aerodactyl|1\n|-damage|p1a: Aerodactyl|0 fnt\n|faint|p1a: Aerodactyl\n|\n|-weather|Sandstorm|[upkeep]\n|-heal|p2a: Kommo-o|79/100|[from] item: Leftovers\n|upkeep\n|\n|t:|1776038249\n|switch|p1a: Rotom|Rotom-Heat, L50|100/100\n|turn|5\n|\n|t:|1776038259\n|switch|p2b: Clefable|Clefable, L50, F|60/100\n|move|p2a: Kommo-o|Clanging Scales|p1a: Rotom|[spread] p1a,p1b\n|-damage|p1a: Rotom|26/100\n|-damage|p1b: Starmie|0 fnt\n|-enditem|p1a: Rotom|Sitrus Berry|[eat]\n|-heal|p1a: Rotom|51/100|[from] item: Sitrus Berry\n|faint|p1b: Starmie\n|-unboost|p2a: Kommo-o|def|1\n|move|p1a: Rotom|Overheat|p2b: Clefable\n|-crit|p2b: Clefable\n|-damage|p2b: Clefable|0 fnt\n|-unboost|p1a: Rotom|spa|2\n|faint|p2b: Clefable\n|\n|-weather|none\n|-heal|p2a: Kommo-o|85/100|[from] item: Leftovers\n|upkeep\n|\n|t:|1776038279\n|switch|p1b: Tyranitar|Tyranitar, L50, F|100/100\n|switch|p2b: Tyranitar|Tyranitar, L50, M|100/100\n|-weather|Sandstorm|[from] ability: Sand Stream|[of] p1b: Tyranitar\n|turn|6\n|\n|t:|1776038293\n|move|p1a: Rotom|Helping Hand|p1b: Tyranitar\n|-singleturn|p1b: Tyranitar|Helping Hand|[of] p1a: Rotom\n|move|p2b: Tyranitar|Protect|p2b: Tyranitar\n|-singleturn|p2b: Tyranitar|Protect\n|move|p2a: Kommo-o|Clanging Scales|p1b: Tyranitar|[spread] p1a,p1b\n|-crit|p1b: Tyranitar\n|-damage|p1a: Rotom|0 fnt\n|-damage|p1b: Tyranitar|47/100\n|faint|p1a: Rotom\n|-unboost|p2a: Kommo-o|def|1\n|move|p1b: Tyranitar|Superpower|p2b: Tyranitar\n|-activate|p2b: Tyranitar|move: Protect\n|\n|-weather|Sandstorm|[upkeep]\n|-heal|p2a: Kommo-o|92/100|[from] item: Leftovers\n|upkeep\n|turn|7\n|\n|t:|1776038309\n|move|p2a: Kommo-o|Aura Sphere|p1b: Tyranitar\n|-supereffective|p1b: Tyranitar|2\n|-damage|p1b: Tyranitar|0 fnt\n|faint|p1b: Tyranitar\n|\n|win|Super Ozone\n||DeltaCX is ready for game 3.\n||DeltaCX is ready for game 3.\n||Super Ozone is ready for game 3.\n|uhtml|next|Next: <a href=\"/battle-gen9championsvgc2026regma-2581903510\"><strong>Game 3 of 3</strong></a>\n|l|\u2606Super Ozone\n|player|p2|\n|l|\u2606DeltaCX\n|player|p1|\n|j| aurora ltd\n",
  "uploadtime": 1776038726,
  "views": 10,
  "formatid": "gen9championsvgc2026regma",
  "rating": null,
  "private": 0,
  "password": null
}