{
  "id": "gen9championsvgc2026regma-2587193297",
  "format": "[Gen 9 Champions] VGC 2026 Reg M-A",
  "players": [
    "Funnylion",
    "hide on whimscott"
  ],
  "log": "|j|\u2606Funnylion\n|j|\u2606hide on whimscott\n|t:|1776507018\n|gametype|doubles\n|player|p1|Funnylion|victor-league|1288\n|player|p2|hide on whimscott|artist-gen4|1234\n|gen|9\n|tier|[Gen 9 Champions] VGC 2026 Reg M-A\n|rated|\n|rule|Species Clause: Limit one of each Pok\u00e9mon\n|rule|Item Clause: Limit 1 of each item\n|clearpoke\n|poke|p1|Floette-Eternal, L50, F|\n|poke|p1|Maushold, L50|\n|poke|p1|Garchomp, L50, F|\n|poke|p1|Talonflame, L50, M|\n|poke|p1|Rotom-Wash, L50|\n|poke|p1|Aegislash, L50, M|\n|poke|p2|Kingambit, L50, M|\n|poke|p2|Kangaskhan, L50, F|\n|poke|p2|Blastoise, L50, F|\n|poke|p2|Sinistcha, L50|\n|poke|p2|Aerodactyl, L50, M|\n|poke|p2|Farigiraf, L50, F|\n|teampreview|4\n|inactive|Battle timer is ON: inactive players will automatically lose when time's up. (requested by Funnylion)\nFunnylion has agreed to open team sheets.\nhide on whimscott rejected open team sheets.\n|inactive|Funnylion has 60 seconds left.\n|\n|t:|1776507063\n|teamsize|p1|4\n|teamsize|p2|4\n|start\n|switch|p1a: Garchomp|Garchomp, L50, F|100/100\n|switch|p1b: Talonflame|Talonflame, L50, M|100/100\n|switch|p2a: Farigiraf|Farigiraf, L50, F|100/100\n|switch|p2b: Blastoise|Blastoise, L50, F|100/100\n|turn|1\n|\n|t:|1776507086\n|detailschange|p2b: Blastoise|Blastoise-Mega, L50, F\n|-mega|p2b: Blastoise|Blastoise|Blastoisinite\n|move|p2b: Blastoise|Fake Out|p1b: Talonflame\n|-damage|p1b: Talonflame|87/100\n|cant|p1b: Talonflame|flinch\n|move|p1a: Garchomp|Earthquake|p2b: Blastoise|[spread] p2a,p2b\n|-immune|p1b: Talonflame\n|-damage|p2a: Farigiraf|69/100\n|-damage|p2b: Blastoise|61/100\n|move|p2a: Farigiraf|Trick Room|p2a: Farigiraf\n|-fieldstart|move: Trick Room|[of] p2a: Farigiraf\n|\n|upkeep\n|turn|2\n|\n|t:|1776507096\n|switch|p2a: Sinistcha|Sinistcha, L50|100/100\n|-heal|p2b: Blastoise|85/100|[from] ability: Hospitality|[of] p2a: Sinistcha\n|switch|p1b: Rotom|Rotom-Wash, L50|100/100\n|move|p2b: Blastoise|Water Spout|p1b: Rotom|[spread] p1a,p1b\n|-resisted|p1b: Rotom|1\n|-damage|p1a: Garchomp|38/100\n|-damage|p1b: Rotom|72/100\n|move|p1a: Garchomp|Earthquake|p2a: Sinistcha|[spread] p2a,p2b\n|-immune|p1b: Rotom|[from] ability: Levitate\n|-resisted|p2a: Sinistcha|1\n|-damage|p2a: Sinistcha|80/100\n|-damage|p2b: Blastoise|45/100\n|\n|upkeep\n|turn|3\n|\n|t:|1776507113\n|move|p1a: Garchomp|Protect|p1a: Garchomp\n|-singleturn|p1a: Garchomp|Protect\n|move|p2a: Sinistcha|Matcha Gotcha|p1b: Rotom|[spread] p1b\n|-activate|p1a: Garchomp|move: Protect\n|-supereffective|p1b: Rotom|1\n|-crit|p1b: Rotom\n|-damage|p1b: Rotom|0 fnt\n|-heal|p2a: Sinistcha|100/100|[from] drain|[of] p1b: Rotom\n|faint|p1b: Rotom\n|move|p2b: Blastoise|Water Pulse|p1a: Garchomp\n|-activate|p1a: Garchomp|move: Protect\n|\n|upkeep\n|\n|t:|1776507121\n|switch|p1b: Floette|Floette-Eternal, L50, F|100/100\n|turn|4\n|\n|t:|1776507143\n|detailschange|p1b: Floette|Floette-Mega, L50, F\n|-mega|p1b: Floette|Floette|Floettite\n|-ability|p1b: Floette|Fairy Aura\n|move|p2a: Sinistcha|Life Dew||[still]|[spread] p2a,p2b\n|-fail|p2a: Sinistcha|heal\n|-heal|p2b: Blastoise|70/100\n|move|p2b: Blastoise|Water Spout|p1a: Garchomp|[spread] p1a,p1b\n|-damage|p1a: Garchomp|0 fnt\n|-damage|p1b: Floette|66/100\n|faint|p1a: Garchomp\n|move|p1b: Floette|Calm Mind|p1b: Floette\n|-boost|p1b: Floette|spa|1\n|-boost|p1b: Floette|spd|1\n|\n|upkeep\n|\n|t:|1776507145\n|switch|p1a: Talonflame|Talonflame, L50, M|87/100\n|turn|5\n|\n|t:|1776507166\n|move|p1b: Floette|Protect|p1b: Floette\n|-singleturn|p1b: Floette|Protect\n|move|p1a: Talonflame|Protect|p1a: Talonflame\n|-singleturn|p1a: Talonflame|Protect\n|move|p2a: Sinistcha|Life Dew||[still]|[spread] p2a,p2b\n|-fail|p2a: Sinistcha|heal\n|-heal|p2b: Blastoise|96/100\n|move|p2b: Blastoise|Water Pulse|p1b: Floette\n|-activate|p1b: Floette|move: Protect\n|\n|-fieldend|move: Trick Room\n|upkeep\n|turn|6\n|inactive|hide on whimscott has 30 seconds left.\n|inactive|hide on whimscott has 20 seconds left.\n|inactive|hide on whimscott has 15 seconds left.\n|inactive|hide on whimscott has 10 seconds left.\n|inactive|hide on whimscott has 5 seconds left.\n|\n|t:|1776507221\n|move|p1a: Talonflame|Acrobatics|p2a: Sinistcha\n|-supereffective|p2a: Sinistcha|1\n|-damage|p2a: Sinistcha|25/100\n|move|p1b: Floette|Moonblast|p2b: Blastoise\n|-damage|p2b: Blastoise|0 fnt\n|faint|p2b: Blastoise\n|move|p2a: Sinistcha|Matcha Gotcha|p1b: Floette|[spread] p1a,p1b\n|-resisted|p1a: Talonflame|2\n|-damage|p1a: Talonflame|77/100\n|-heal|p2a: Sinistcha|30/100|[from] drain|[of] p1a: Talonflame\n|-damage|p1b: Floette|54/100\n|-heal|p2a: Sinistcha|36/100|[from] drain|[of] p1b: Floette\n|\n|upkeep\n|\n|t:|1776507233\n|switch|p2b: Farigiraf|Farigiraf, L50, F|69/100\n|turn|7\n|-message|hide on whimscott forfeited.\n|\n|win|Funnylion\n|raw|Funnylion's rating: 1288 &rarr; <strong>1309</strong><br />(+21 for winning)\n|raw|hide on whimscott's rating: 1234 &rarr; <strong>1213</strong><br />(-21 for losing)\n",
  "uploadtime": 1776507236,
  "views": 17,
  "formatid": "gen9championsvgc2026regma",
  "rating": 1213,
  "private": 0,
  "password": null
}