{
  "id": "gen9championsvgc2026regma-2584346533",
  "format": "[Gen 9 Champions] VGC 2026 Reg M-A",
  "players": [
    "Sad Cricket",
    "antinn"
  ],
  "log": "|j|\u2606Sad Cricket\n|j|\u2606antinn\n|t:|1776253522\n|gametype|doubles\n|player|p1|Sad Cricket|pokemaniac|1126\n|player|p2|antinn|shadowtriad|1034\n|gen|9\n|tier|[Gen 9 Champions] VGC 2026 Reg M-A\n|rated|\n|rule|Species Clause: Limit one of each Pok\u00e9mon\n|rule|Item Clause: Limit 1 of each item\n|clearpoke\n|poke|p1|Espathra, L50, F|\n|poke|p1|Floette-Eternal, L50, F|\n|poke|p1|Incineroar, L50, F|\n|poke|p1|Kingambit, L50, M|\n|poke|p1|Sylveon, L50, M|\n|poke|p1|Garchomp, L50, M|\n|poke|p2|Sableye, L50, F|\n|poke|p2|Zoroark-Hisui, L50, F|\n|poke|p2|Torkoal, L50, M|\n|poke|p2|Kleavor, L50, F|\n|poke|p2|Maushold, L50|\n|poke|p2|Camerupt, L50, M|\n|teampreview|4\n|inactive|Battle timer is ON: inactive players will automatically lose when time's up. (requested by Sad Cricket)\nSad Cricket has agreed to open team sheets.\nantinn rejected open team sheets.\n|inactive|Sad Cricket has 60 seconds left.\n|\n|t:|1776253554\n|teamsize|p1|4\n|teamsize|p2|4\n|start\n|switch|p1a: Espathra|Espathra, L50, F|100/100\n|switch|p1b: Incineroar|Incineroar, L50, F|100/100\n|switch|p2a: Torkoal|Torkoal, L50, M|100/100\n|switch|p2b: Camerupt|Camerupt, L50, M|100/100\n|-ability|p1b: Incineroar|Intimidate|boost\n|-unboost|p2a: Torkoal|atk|1\n|-unboost|p2b: Camerupt|atk|1\n|-weather|SunnyDay|[from] ability: Drought|[of] p2a: Torkoal\n|turn|1\n|\n|t:|1776253574\n|move|p1a: Espathra|Protect|p1a: Espathra\n|-singleturn|p1a: Espathra|Protect\n|move|p2b: Camerupt|Protect|p2b: Camerupt\n|-singleturn|p2b: Camerupt|Protect\n|move|p1b: Incineroar|Parting Shot|p2a: Torkoal\n|-unboost|p2a: Torkoal|atk|1\n|-unboost|p2a: Torkoal|spa|1\n|\n|t:|1776253581\n|switch|p1b: Floette|Floette-Eternal, L50, F|100/100|[from] Parting Shot\n|move|p2a: Torkoal|Self-Destruct|p1a: Espathra|[spread] p1b\n|-activate|p2b: Camerupt|move: Protect\n|-activate|p1a: Espathra|move: Protect\n|-damage|p1b: Floette|70/100\n|faint|p2a: Torkoal\n|\n|-weather|SunnyDay|[upkeep]\n|-ability|p1a: Espathra|Speed Boost|boost\n|-boost|p1a: Espathra|spe|1\n|upkeep\n|\n|t:|1776253596\n|switch|p2a: Maushold|Maushold, L50|100/100\n|turn|2\n|\n|t:|1776253614\n|switch|p1a: Incineroar|Incineroar, L50, F|100/100\n|-ability|p1a: Incineroar|Intimidate|boost\n|-unboost|p2a: Maushold|atk|1\n|-unboost|p2b: Camerupt|atk|1\n|detailschange|p1b: Floette|Floette-Mega, L50, F\n|-mega|p1b: Floette|Floette|Floettite\n|-ability|p1b: Floette|Fairy Aura\n|detailschange|p2b: Camerupt|Camerupt-Mega, L50, M\n|-mega|p2b: Camerupt|Camerupt|Cameruptite\n|move|p1b: Floette|Protect|p1b: Floette\n|-singleturn|p1b: Floette|Protect\n|move|p2a: Maushold|After You|p2b: Camerupt\n|-activate|p2b: Camerupt|move: After You\n|move|p2b: Camerupt|Eruption|p1b: Floette|[spread] p1a\n|-activate|p1b: Floette|move: Protect\n|-resisted|p1a: Incineroar|1\n|-damage|p1a: Incineroar|48/100\n|-enditem|p1a: Incineroar|Sitrus Berry|[eat]\n|-heal|p1a: Incineroar|73/100|[from] item: Sitrus Berry\n|\n|-weather|SunnyDay|[upkeep]\n|upkeep\n|turn|3\n|inactive|Sad Cricket has 30 seconds left.\n|\n|t:|1776253643\n|switch|p1b: Espathra|Espathra, L50, F|100/100\n|move|p1a: Incineroar|Fake Out|p2b: Camerupt\n|-damage|p2b: Camerupt|91/100\n|move|p2a: Maushold|After You|p2b: Camerupt\n|-activate|p2b: Camerupt|move: After You\n|cant|p2b: Camerupt|flinch\n|\n|-weather|SunnyDay|[upkeep]\n|upkeep\n|turn|4\n|\n|t:|1776253658\n|move|p1b: Espathra|Protect|p1b: Espathra\n|-singleturn|p1b: Espathra|Protect\n|move|p2a: Maushold|After You|p2b: Camerupt\n|-activate|p2b: Camerupt|move: After You\n|move|p2b: Camerupt|Eruption|p1a: Incineroar|[spread] p1a\n|-activate|p1b: Espathra|move: Protect\n|-resisted|p1a: Incineroar|1\n|-crit|p1a: Incineroar\n|-damage|p1a: Incineroar|0 fnt\n|faint|p1a: Incineroar\n|\n|-weather|SunnyDay|[upkeep]\n|-ability|p1b: Espathra|Speed Boost|boost\n|-boost|p1b: Espathra|spe|1\n|upkeep\n|\n|t:|1776253669\n|switch|p1a: Floette|Floette-Mega, L50, F|70/100\n|-ability|p1a: Floette|Fairy Aura\n|turn|5\n|\n|t:|1776253678\n|move|p1a: Floette|Protect|p1a: Floette\n|-singleturn|p1a: Floette|Protect\n|move|p2a: Maushold|After You|p2b: Camerupt\n|-activate|p2b: Camerupt|move: After You\n|move|p2b: Camerupt|Eruption|p1a: Floette|[spread] p1b\n|-activate|p1a: Floette|move: Protect\n|-damage|p1b: Espathra|25/100\n|move|p1b: Espathra|Calm Mind|p1b: Espathra\n|-boost|p1b: Espathra|spa|1\n|-boost|p1b: Espathra|spd|1\n|\n|-weather|none\n|-ability|p1b: Espathra|Speed Boost|boost\n|-boost|p1b: Espathra|spe|1\n|upkeep\n|turn|6\n|\n|t:|1776253700\n|move|p2a: Maushold|After You|p2b: Camerupt\n|-activate|p2b: Camerupt|move: After You\n|move|p2b: Camerupt|Eruption|p1a: Floette|[spread] p1a,p1b\n|-damage|p1a: Floette|28/100\n|-damage|p1b: Espathra|0 fnt\n|faint|p1b: Espathra\n|move|p1a: Floette|Dazzling Gleam|p2a: Maushold|[spread] p2a,p2b\n|-resisted|p2b: Camerupt|1\n|-damage|p2a: Maushold|35/100\n|-damage|p2b: Camerupt|73/100\n|\n|upkeep\n|\n|t:|1776253707\n|switch|p1b: Sylveon|Sylveon, L50, M|100/100\n|turn|7\n|\n|t:|1776253715\n|move|p1a: Floette|Protect|p1a: Floette\n|-singleturn|p1a: Floette|Protect\n|move|p2a: Maushold|After You|p2b: Camerupt\n|-activate|p2b: Camerupt|move: After You\n|move|p2b: Camerupt|Eruption|p1a: Floette|[spread] p1b\n|-activate|p1a: Floette|move: Protect\n|-damage|p1b: Sylveon|61/100\n|move|p1b: Sylveon|Hyper Voice|p2b: Camerupt|[spread] p2a,p2b\n|-resisted|p2b: Camerupt|1\n|-damage|p2a: Maushold|0 fnt\n|-damage|p2b: Camerupt|54/100\n|faint|p2a: Maushold\n|\n|upkeep\n|\n|t:|1776253733\n|switch|p2a: Kleavor|Kleavor, L50, F|100/100\n|turn|8\n|\n|t:|1776253751\n|move|p1a: Floette|Dazzling Gleam|p2b: Camerupt|[spread] p2a,p2b\n|-resisted|p2b: Camerupt|1\n|-damage|p2a: Kleavor|28/100\n|-damage|p2b: Camerupt|30/100\n|move|p2a: Kleavor|Rock Slide|p1a: Floette|[spread] p1a,p1b\n|-damage|p1a: Floette|0 fnt\n|-damage|p1b: Sylveon|0 fnt\n|faint|p1a: Floette\n|faint|p1b: Sylveon\n|\n|win|antinn\n|raw|Sad Cricket's rating: 1126 &rarr; <strong>1095</strong><br />(-31 for losing)\n|raw|antinn's rating: 1034 &rarr; <strong>1078</strong><br />(+44 for winning)\n|l|\u2606Sad Cricket\n|player|p1|\n",
  "uploadtime": 1776253763,
  "views": 29,
  "formatid": "gen9championsvgc2026regma",
  "rating": 1078,
  "private": 0,
  "password": null
}