{
  "id": "gen9championsvgc2026regma-2586538579",
  "format": "[Gen 9 Champions] VGC 2026 Reg M-A",
  "players": [
    "sidjam",
    "Law_NBD"
  ],
  "log": "|j|\u2606sidjam\n|j|\u2606Law_NBD\n|t:|1776441577\n|gametype|doubles\n|player|p1|sidjam|265|1138\n|player|p2|Law_NBD|170|1183\n|gen|9\n|tier|[Gen 9 Champions] VGC 2026 Reg M-A\n|rated|\n|rule|Species Clause: Limit one of each Pok\u00e9mon\n|rule|Item Clause: Limit 1 of each item\n|clearpoke\n|poke|p1|Aggron, L50, M|\n|poke|p1|Farigiraf, L50, F|\n|poke|p1|Pelipper, L50, M|\n|poke|p1|Dragonite, L50, M|\n|poke|p1|Sinistcha, L50|\n|poke|p1|Incineroar, L50, M|\n|poke|p2|Blastoise, L50, M|\n|poke|p2|Milotic, L50, M|\n|poke|p2|Espathra, L50, M|\n|poke|p2|Sinistcha, L50|\n|poke|p2|Incineroar, L50, M|\n|poke|p2|Sableye, L50, M|\n|teampreview|4\n|\n|t:|1776441595\n|teamsize|p1|4\n|teamsize|p2|4\n|start\n|switch|p1a: Farigiraf|Farigiraf, L50, F|100/100\n|switch|p1b: Sinistcha|Sinistcha, L50|100/100\n|switch|p2a: Espathra|Espathra, L50, M|100/100\n|switch|p2b: Incineroar|Incineroar, L50, M|100/100\n|-ability|p2b: Incineroar|Intimidate|boost\n|-unboost|p1a: Farigiraf|atk|1\n|-unboost|p1b: Sinistcha|atk|1\n|turn|1\n|\n|t:|1776441607\n|move|p1b: Sinistcha|Protect|p1b: Sinistcha\n|-singleturn|p1b: Sinistcha|Protect\n|move|p2a: Espathra|Calm Mind|p2a: Espathra\n|-boost|p2a: Espathra|spa|1\n|-boost|p2a: Espathra|spd|1\n|move|p2b: Incineroar|Darkest Lariat|p1a: Farigiraf\n|-supereffective|p1a: Farigiraf|1\n|-damage|p1a: Farigiraf|3/100\n|-enditem|p1a: Farigiraf|Sitrus Berry|[eat]\n|-heal|p1a: Farigiraf|27/100|[from] item: Sitrus Berry\n|move|p1a: Farigiraf|Trick Room|p1a: Farigiraf\n|-fieldstart|move: Trick Room|[of] p1a: Farigiraf\n|\n|-ability|p2a: Espathra|Speed Boost|boost\n|-boost|p2a: Espathra|spe|1\n|upkeep\n|turn|2\n|\n|t:|1776441626\n|move|p1a: Farigiraf|Dazzling Gleam|p2a: Espathra|[spread] p2a,p2b\n|-damage|p2a: Espathra|85/100\n|-damage|p2b: Incineroar|82/100\n|move|p1b: Sinistcha|Matcha Gotcha|p2a: Espathra|[spread] p2a\n|-miss|p1b: Sinistcha|p2b: Incineroar\n|-damage|p2a: Espathra|65/100\n|move|p2b: Incineroar|Darkest Lariat|p1a: Farigiraf\n|-supereffective|p1a: Farigiraf|1\n|-damage|p1a: Farigiraf|0 fnt\n|faint|p1a: Farigiraf\n|move|p2a: Espathra|Calm Mind|p2a: Espathra\n|-boost|p2a: Espathra|spa|1\n|-boost|p2a: Espathra|spd|1\n|\n|-ability|p2a: Espathra|Speed Boost|boost\n|-boost|p2a: Espathra|spe|1\n|upkeep\n|\n|t:|1776441638\n|switch|p1a: Aggron|Aggron, L50, M|100/100\n|turn|3\n|\n|t:|1776441657\n|switch|p1b: Pelipper|Pelipper, L50, M|100/100\n|-weather|RainDance|[from] ability: Drizzle|[of] p1b: Pelipper\n|detailschange|p1a: Aggron|Aggron-Mega, L50, M\n|-mega|p1a: Aggron|Aggron|Aggronite\n|move|p2a: Espathra|Protect|p2a: Espathra\n|-singleturn|p2a: Espathra|Protect\n|move|p1a: Aggron|Heavy Slam|p2a: Espathra\n|-activate|p2a: Espathra|move: Protect\n|move|p2b: Incineroar|Parting Shot|p1b: Pelipper\n|-unboost|p1b: Pelipper|atk|1\n|-unboost|p1b: Pelipper|spa|1\n|\n|t:|1776441671\n|switch|p2b: Sableye|Sableye, L50, M|100/100|[from] Parting Shot\n|\n|-weather|RainDance|[upkeep]\n|-ability|p2a: Espathra|Speed Boost|boost\n|-boost|p2a: Espathra|spe|1\n|upkeep\n|turn|4\n|\n|t:|1776441685\n|move|p2b: Sableye|Fake Out|p1a: Aggron\n|-resisted|p1a: Aggron|1\n|-damage|p1a: Aggron|99/100\n|cant|p1a: Aggron|flinch\n|move|p1b: Pelipper|Weather Ball|p2a: Espathra\n|-damage|p2a: Espathra|47/100\n|move|p2a: Espathra|Calm Mind|p2a: Espathra\n|-boost|p2a: Espathra|spa|1\n|-boost|p2a: Espathra|spd|1\n|\n|-weather|RainDance|[upkeep]\n|-ability|p2a: Espathra|Speed Boost|boost\n|-boost|p2a: Espathra|spe|1\n|upkeep\n|turn|5\n|\n|t:|1776441707\n|move|p2a: Espathra|Protect|p2a: Espathra\n|-singleturn|p2a: Espathra|Protect\n|move|p2b: Sableye|Will-O-Wisp|p1a: Aggron\n|-status|p1a: Aggron|brn\n|move|p1a: Aggron|Body Press|p2a: Espathra\n|-activate|p2a: Espathra|move: Protect\n|move|p1b: Pelipper|Hurricane|p2a: Espathra\n|-activate|p2a: Espathra|move: Protect\n|\n|-weather|RainDance|[upkeep]\n|-damage|p1a: Aggron|93/100 brn|[from] brn\n|-fieldend|move: Trick Room\n|-ability|p2a: Espathra|Speed Boost|boost\n|-boost|p2a: Espathra|spe|1\n|upkeep\n|turn|6\n|-message|sidjam forfeited.\n|\n|win|Law_NBD\n|raw|sidjam's rating: 1138 &rarr; <strong>1116</strong><br />(-22 for losing)\n|raw|Law_NBD's rating: 1183 &rarr; <strong>1205</strong><br />(+22 for winning)\n|l|\u2606sidjam\n|player|p1|\n",
  "uploadtime": 1776441731,
  "views": 42,
  "formatid": "gen9championsvgc2026regma",
  "rating": 1116,
  "private": 0,
  "password": null
}