{
  "id": "gen9championsvgc2026regma-2584302539",
  "format": "[Gen 9 Champions] VGC 2026 Reg M-A",
  "players": [
    "drake412",
    "mattnot3"
  ],
  "log": "|j|\u2606drake412\n|j|\u2606mattnot3\n|t:|1776249022\n|gametype|doubles\n|player|p1|drake412|101|1391\n|player|p2|mattnot3|pokemonbreeder-gen4|1474\n|gen|9\n|tier|[Gen 9 Champions] VGC 2026 Reg M-A\n|rated|\n|rule|Species Clause: Limit one of each Pok\u00e9mon\n|rule|Item Clause: Limit 1 of each item\n|clearpoke\n|poke|p1|Charizard, L50, F|\n|poke|p1|Whimsicott, L50, F|\n|poke|p1|Sneasler, L50, M|\n|poke|p1|Dragonite, L50, F|\n|poke|p1|Garchomp, L50, M|\n|poke|p1|Rotom-Wash, L50|\n|poke|p2|Kommo-o, L50, F|\n|poke|p2|Scizor, L50, F|\n|poke|p2|Sinistcha, L50|\n|poke|p2|Aerodactyl, L50, F|\n|poke|p2|Incineroar, L50, F|\n|poke|p2|Primarina, L50, F|\n|teampreview|4\n|inactive|Battle timer is ON: inactive players will automatically lose when time's up. (requested by mattnot3)\n|inactive|drake412 has 60 seconds left.\n|inactive|drake412 has 30 seconds left.\n|inactive|drake412 has 20 seconds left.\n|inactive|drake412 has 15 seconds left.\n|inactive|drake412 has 10 seconds left.\n|inactive|drake412 has 5 seconds left.\n|\n|t:|1776249113\n|teamsize|p1|4\n|teamsize|p2|4\n|start\n|switch|p1a: Charizard|Charizard, L50, F|100/100\n|switch|p1b: Whimsicott|Whimsicott, L50, F|100/100\n|switch|p2a: Aerodactyl|Aerodactyl, L50, F|100/100\n|switch|p2b: Primarina|Primarina, L50, F|100/100\n|-ability|p2a: Aerodactyl|Unnerve\n|turn|1\n|inactive|drake412 has 30 seconds left.\n|\n|t:|1776249140\n|switch|p1a: Sneasler|Sneasler, L50, M|100/100\n|move|p2a: Aerodactyl|Rock Slide|p1b: Whimsicott|[spread] p1a,p1b\n|-resisted|p1a: Sneasler|1\n|-damage|p1a: Sneasler|78/100\n|-damage|p1b: Whimsicott|70/100\n|move|p1b: Whimsicott|Moonblast|p2a: Aerodactyl\n|-damage|p2a: Aerodactyl|62/100\n|move|p2b: Primarina|Calm Mind|p2b: Primarina\n|-boost|p2b: Primarina|spa|1\n|-boost|p2b: Primarina|spd|1\n|\n|upkeep\n|turn|2\n|inactive|drake412 has 30 seconds left.\n|\n|t:|1776249166\n|move|p1a: Sneasler|Fake Out|p2a: Aerodactyl\n|-resisted|p2a: Aerodactyl|1\n|-damage|p2a: Aerodactyl|51/100\n|move|p1b: Whimsicott|Tailwind|p1b: Whimsicott\n|-sidestart|p1: drake412|move: Tailwind\n|cant|p2a: Aerodactyl|flinch\n|move|p2b: Primarina|Hyper Voice|p1a: Sneasler|[spread] p1a,p1b\n|-resisted|p1b: Whimsicott|1\n|-crit|p1b: Whimsicott\n|-damage|p1a: Sneasler|0 fnt\n|-damage|p1b: Whimsicott|33/100\n|faint|p1a: Sneasler\n|\n|upkeep\n|inactive|drake412 has 30 seconds left.\n|\n|t:|1776249191\n|switch|p1a: Charizard|Charizard, L50, F|100/100\n|turn|3\n|inactive|mattnot3 has 30 seconds left.\n|\n|t:|1776249217\n|detailschange|p1a: Charizard|Charizard-Mega-Y, L50, F\n|-mega|p1a: Charizard|Charizard|Charizardite Y\n|-weather|SunnyDay|[from] ability: Drought|[of] p1a: Charizard\n|move|p1b: Whimsicott|Moonblast|p2b: Primarina\n|-damage|p2b: Primarina|82/100\n|move|p1a: Charizard|Weather Ball|p2a: Aerodactyl\n|-resisted|p2a: Aerodactyl|1\n|-damage|p2a: Aerodactyl|0 fnt\n|faint|p2a: Aerodactyl\n|move|p2b: Primarina|Hyper Voice|p1a: Charizard|[spread] p1a,p1b\n|-supereffective|p1a: Charizard|1\n|-resisted|p1b: Whimsicott|1\n|-damage|p1a: Charizard|52/100\n|-damage|p1b: Whimsicott|21/100\n|\n|-weather|SunnyDay|[upkeep]\n|-heal|p2b: Primarina|88/100|[from] item: Leftovers\n|upkeep\n|\n|t:|1776249236\n|switch|p2a: Sinistcha|Sinistcha, L50|100/100\n|-heal|p2b: Primarina|100/100|[from] ability: Hospitality|[of] p2a: Sinistcha\n|turn|4\n|inactive|drake412 has 30 seconds left.\n|inactive|mattnot3 has 30 seconds left.\n|inactive|drake412 has 20 seconds left.\n|inactive|drake412 has 15 seconds left.\n|\n|t:|1776249279\n|move|p2a: Sinistcha|Rage Powder|p2a: Sinistcha\n|-singleturn|p2a: Sinistcha|move: Rage Powder\n|move|p1b: Whimsicott|Moonblast|p2b: Primarina\n|-damage|p2b: Primarina|83/100\n|move|p1a: Charizard|Heat Wave|p2a: Sinistcha|[spread] p2b\n|-miss|p1a: Charizard|p2a: Sinistcha\n|-resisted|p2b: Primarina|1\n|-damage|p2b: Primarina|59/100\n|move|p2b: Primarina|Moonblast|p1b: Whimsicott\n|-damage|p1b: Whimsicott|0 fnt\n|faint|p1b: Whimsicott\n|\n|-weather|SunnyDay|[upkeep]\n|-heal|p2b: Primarina|65/100|[from] item: Leftovers\n|upkeep\n|\n|t:|1776249290\n|switch|p1b: Dragonite|Dragonite, L50, F|100/100\n|turn|5\n|inactive|drake412 has 30 seconds left.\n|\n|t:|1776249319\n|move|p2b: Primarina|Protect|p2b: Primarina\n|-singleturn|p2b: Primarina|Protect\n|move|p1b: Dragonite|Dragon Dance|p1b: Dragonite\n|-boost|p1b: Dragonite|atk|1\n|-boost|p1b: Dragonite|spe|1\n|move|p1a: Charizard|Heat Wave|p2a: Sinistcha|[spread] p2a\n|-activate|p2b: Primarina|move: Protect\n|-supereffective|p2a: Sinistcha|1\n|-damage|p2a: Sinistcha|0 fnt\n|faint|p2a: Sinistcha\n|\n|-weather|SunnyDay|[upkeep]\n|-heal|p2b: Primarina|71/100|[from] item: Leftovers\n|-sideend|p1: drake412|move: Tailwind\n|upkeep\n|\n|t:|1776249326\n|switch|p2a: Kommo-o|Kommo-o, L50, F|100/100\n|turn|6\n|\n|t:|1776249340\n|move|p1b: Dragonite|Iron Head|p2b: Primarina\n|-damage|p2b: Primarina|15/100\n|move|p2a: Kommo-o|Clangorous Soul|p2a: Kommo-o\n|-boost|p2a: Kommo-o|atk|1\n|-boost|p2a: Kommo-o|def|1\n|-boost|p2a: Kommo-o|spa|1\n|-boost|p2a: Kommo-o|spd|1\n|-boost|p2a: Kommo-o|spe|1\n|-damage|p2a: Kommo-o|68/100\n|move|p1a: Charizard|Air Slash|p2a: Kommo-o\n|-supereffective|p2a: Kommo-o|1\n|-damage|p2a: Kommo-o|2/100\n|move|p2b: Primarina|Hyper Voice|p1a: Charizard|[spread] p1a,p1b\n|-supereffective|p1a: Charizard|1\n|-resisted|p1b: Dragonite|1\n|-damage|p1a: Charizard|1/100\n|-damage|p1b: Dragonite|94/100\n|\n|-weather|SunnyDay|[upkeep]\n|-heal|p2b: Primarina|21/100|[from] item: Leftovers\n|upkeep\n|turn|7\n|inactive|drake412 has 30 seconds left.\n|inactive|mattnot3 has 30 seconds left.\n|inactive|drake412 has 20 seconds left.\n|inactive|drake412 has 15 seconds left.\n|inactive|mattnot3 has 20 seconds left.\n|\n|t:|1776249389\n|move|p2b: Primarina|Protect|p2b: Primarina\n|-singleturn|p2b: Primarina|Protect\n|move|p1b: Dragonite|Dragon Claw|p2a: Kommo-o\n|-supereffective|p2a: Kommo-o|1\n|-damage|p2a: Kommo-o|0 fnt\n|faint|p2a: Kommo-o\n|move|p1a: Charizard|Heat Wave|p2b: Primarina\n|-activate|p2b: Primarina|move: Protect\n|\n|-weather|none\n|-heal|p2b: Primarina|27/100|[from] item: Leftovers\n|upkeep\n|turn|8\n|\n|t:|1776249403\n|move|p1b: Dragonite|Iron Head|p2b: Primarina\n|-damage|p2b: Primarina|0 fnt\n|faint|p2b: Primarina\n|\n|win|drake412\n|raw|drake412's rating: 1391 &rarr; <strong>1416</strong><br />(+25 for winning)\n|raw|mattnot3's rating: 1474 &rarr; <strong>1449</strong><br />(-25 for losing)\n|c|\u2606mattnot3|gg wp\n",
  "uploadtime": 1776249415,
  "views": 52,
  "formatid": "gen9championsvgc2026regma",
  "rating": 1416,
  "private": 0,
  "password": null
}