{
  "id": "gen9championsvgc2026regma-2584432421",
  "format": "[Gen 9 Champions] VGC 2026 Reg M-A",
  "players": [
    "VeggieDogVigilante",
    "jNiky"
  ],
  "log": "|j|\u2606VeggieDogVigilante\n|j|\u2606jNiky\n|t:|1776260472\n|gametype|doubles\n|player|p1|VeggieDogVigilante|102|1088\n|player|p2|jNiky|roxie|1030\n|gen|9\n|tier|[Gen 9 Champions] VGC 2026 Reg M-A\n|rated|\n|rule|Species Clause: Limit one of each Pok\u00e9mon\n|rule|Item Clause: Limit 1 of each item\n|clearpoke\n|poke|p1|Archaludon, L50, M|\n|poke|p1|Pelipper, L50, F|\n|poke|p1|Basculegion, L50, M|\n|poke|p1|Incineroar, L50, M|\n|poke|p1|Torterra, L50, M|\n|poke|p1|Floette-Eternal, L50, F|\n|poke|p2|Pelipper, L50, M|\n|poke|p2|Rotom-Wash, L50|\n|poke|p2|Archaludon, L50, M|\n|poke|p2|Florges, L50, F|\n|poke|p2|Delphox, L50, F|\n|poke|p2|Basculegion-F, L50, F|\n|teampreview|4\n|inactive|Battle timer is ON: inactive players will automatically lose when time's up. (requested by VeggieDogVigilante)\n|\n|t:|1776260515\n|teamsize|p1|4\n|teamsize|p2|4\n|start\n|switch|p1a: Archaludon|Archaludon, L50, M|100/100\n|switch|p1b: Incineroar|Incineroar, L50, M|100/100\n|switch|p2a: Pelipper|Pelipper, L50, M|100/100\n|switch|p2b: Rotom|Rotom-Wash, L50|100/100\n|-ability|p1b: Incineroar|Intimidate|boost\n|-unboost|p2a: Pelipper|atk|1\n|-unboost|p2b: Rotom|atk|1\n|-weather|RainDance|[from] ability: Drizzle|[of] p2a: Pelipper\n|turn|1\n|inactive|VeggieDogVigilante has 30 seconds left.\n|\n|t:|1776260544\n|move|p1b: Incineroar|Fake Out|p2a: Pelipper\n|-damage|p2a: Pelipper|83/100\n|move|p1a: Archaludon|Electro Shot||[still]\n|-prepare|p1a: Archaludon|Electro Shot\n|-boost|p1a: Archaludon|spa|1\n|-anim|p1a: Archaludon|Electro Shot|p2a: Pelipper\n|-supereffective|p2a: Pelipper|2\n|-damage|p2a: Pelipper|0 fnt\n|faint|p2a: Pelipper\n|move|p2b: Rotom|Thunder Wave|p1b: Incineroar\n|-status|p1b: Incineroar|par\n|\n|-weather|RainDance|[upkeep]\n|upkeep\n|\n|t:|1776260558\n|switch|p2a: Basculegion|Basculegion-F, L50, F|100/100\n|turn|2\n|\n|t:|1776260573\n|switch|p1b: Basculegion|Basculegion, L50, M|100/100\n|move|p2a: Basculegion|Surf|p1a: Archaludon|[spread] p2b,p1a,p1b\n|-resisted|p2b: Rotom|1\n|-resisted|p1a: Archaludon|1\n|-resisted|p1b: Basculegion|1\n|-damage|p2b: Rotom|59/100\n|-damage|p1a: Archaludon|54/100\n|-damage|p1b: Basculegion|70/100\n|-ability|p1a: Archaludon|Stamina|boost\n|-boost|p1a: Archaludon|def|1\n|move|p1a: Archaludon|Electro Shot||[still]\n|-prepare|p1a: Archaludon|Electro Shot\n|-boost|p1a: Archaludon|spa|1\n|-anim|p1a: Archaludon|Electro Shot|p2a: Basculegion\n|-supereffective|p2a: Basculegion|1\n|-damage|p2a: Basculegion|0 fnt\n|faint|p2a: Basculegion\n|move|p2b: Rotom|Thunder Wave|p1a: Archaludon\n|-status|p1a: Archaludon|par\n|\n|-weather|RainDance|[upkeep]\n|-heal|p1b: Basculegion|77/100|[from] item: Leftovers\n|upkeep\n|\n|t:|1776260593\n|switch|p2a: Florges|Florges, L50, F|100/100\n|turn|3\n|\n|t:|1776260607\n|move|p1b: Basculegion|Protect|p1b: Basculegion\n|-singleturn|p1b: Basculegion|Protect\n|move|p2a: Florges|Calm Mind|p2a: Florges\n|-boost|p2a: Florges|spa|1\n|-boost|p2a: Florges|spd|1\n|move|p2b: Rotom|Thunder Wave|p1b: Basculegion\n|-activate|p1b: Basculegion|move: Protect\n|move|p1a: Archaludon|Flash Cannon|p2a: Florges\n|-supereffective|p2a: Florges|1\n|-enditem|p2a: Florges|Babiri Berry|[eat]\n|-enditem|p2a: Florges|Babiri Berry|[weaken]\n|-damage|p2a: Florges|53/100\n|\n|-weather|RainDance|[upkeep]\n|-heal|p1b: Basculegion|83/100|[from] item: Leftovers\n|upkeep\n|turn|4\n|inactive|jNiky has 30 seconds left.\n|\n|t:|1776260632\n|move|p1b: Basculegion|Last Respects|p2b: Rotom\n|-damage|p2b: Rotom|25/100\n|move|p2a: Florges|Calm Mind|p2a: Florges\n|-boost|p2a: Florges|spa|1\n|-boost|p2a: Florges|spd|1\n|move|p2b: Rotom|Volt Switch|p1b: Basculegion\n|-supereffective|p1b: Basculegion|1\n|-damage|p1b: Basculegion|22/100\n|cant|p1a: Archaludon|par\n|\n|-weather|RainDance|[upkeep]\n|-heal|p1b: Basculegion|28/100|[from] item: Leftovers\n|upkeep\n|turn|5\n|inactive|VeggieDogVigilante has 30 seconds left.\n|\n|t:|1776260661\n|move|p1b: Basculegion|Protect|p1b: Basculegion\n|-singleturn|p1b: Basculegion|Protect\n|move|p2a: Florges|Calm Mind|p2a: Florges\n|-boost|p2a: Florges|spa|1\n|-boost|p2a: Florges|spd|1\n|move|p2b: Rotom|Volt Switch|p1b: Basculegion\n|-activate|p1b: Basculegion|move: Protect\n|move|p1a: Archaludon|Flash Cannon|p2a: Florges\n|-supereffective|p2a: Florges|1\n|-damage|p2a: Florges|0 fnt\n|faint|p2a: Florges\n|\n|-weather|none\n|-heal|p1b: Basculegion|34/100|[from] item: Leftovers\n|upkeep\n|turn|6\n|-message|jNiky forfeited.\n|\n|win|VeggieDogVigilante\n|raw|VeggieDogVigilante's rating: 1088 &rarr; <strong>1110</strong><br />(+22 for winning)\n|raw|jNiky's rating: 1030 &rarr; <strong>1018</strong><br />(-12 for losing)\n|l|\u2606jNiky\n|player|p2|\n",
  "uploadtime": 1776260677,
  "views": 19,
  "formatid": "gen9championsvgc2026regma",
  "rating": 1018,
  "private": 0,
  "password": null
}