{
  "id": "gen9championsvgc2026regma-2589438134",
  "format": "[Gen 9 Champions] VGC 2026 Reg M-A",
  "players": [
    "cosmitx",
    "Strin"
  ],
  "log": "|j|\u2606cosmitx\n|j|\u2606Strin\n|t:|1776722955\n|gametype|doubles\n|player|p1|cosmitx|266|1151\n|player|p2|Strin|265|1249\n|gen|9\n|tier|[Gen 9 Champions] VGC 2026 Reg M-A\n|rated|\n|rule|Species Clause: Limit one of each Pok\u00e9mon\n|rule|Item Clause: Limit 1 of each item\n|clearpoke\n|poke|p1|Talonflame, L50, F|\n|poke|p1|Whimsicott, L50, F, shiny|\n|poke|p1|Raichu, L50, M|\n|poke|p1|Gallade, L50, M, shiny|\n|poke|p1|Ninetales-Alola, L50, M|\n|poke|p1|Manectric, L50, M, shiny|\n|poke|p2|Slowbro-Galar, L50, F|\n|poke|p2|Sinistcha, L50|\n|poke|p2|Scovillain, L50, F|\n|poke|p2|Basculegion-F, L50, F|\n|poke|p2|Pelipper, L50, F|\n|poke|p2|Archaludon, L50, F|\n|teampreview|4\n|inactive|Battle timer is ON: inactive players will automatically lose when time's up. (requested by Strin)\n|inactive|cosmitx has 60 seconds left.\n|\n|t:|1776722994\n|teamsize|p1|4\n|teamsize|p2|4\n|start\n|switch|p1a: Talonflame|Talonflame, L50, F|100/100\n|switch|p1b: Gallade|Gallade, L50, M, shiny|100/100\n|switch|p2a: Haunt My House|Sinistcha, L50|100/100\n|switch|p2b: Haunted House|Slowbro-Galar, L50, F|100/100\n|turn|1\n|\n|t:|1776723005\n|detailschange|p1b: Gallade|Gallade-Mega, L50, M, shiny\n|-mega|p1b: Gallade|Gallade|Galladite\n|move|p1a: Talonflame|Taunt|p2b: Haunted House\n|-start|p2b: Haunted House|move: Taunt\n|move|p1b: Gallade|Night Slash|p2a: Haunt My House\n|-supereffective|p2a: Haunt My House|1\n|-damage|p2a: Haunt My House|40/100\n|cant|p2b: Haunted House|move: Taunt|Belly Drum\n|move|p2a: Haunt My House|Trick Room|p2a: Haunt My House\n|-fieldstart|move: Trick Room|[of] p2a: Haunt My House\n|\n|-heal|p2a: Haunt My House|46/100|[from] item: Leftovers\n|upkeep\n|turn|2\n|\n|t:|1776723030\n|move|p2b: Haunted House|Shell Side Arm|p1a: Talonflame|[anim] Shell Side Arm Physical\n|-damage|p1a: Talonflame|44/100\n|-hint|Physical Shell Side Arm\n|move|p2a: Haunt My House|Strength Sap|p1b: Gallade\n|-unboost|p1b: Gallade|atk|1\n|-heal|p2a: Haunt My House|100/100\n|move|p1b: Gallade|Psycho Cut|p2b: Haunted House\n|-damage|p2b: Haunted House|70/100\n|move|p1a: Talonflame|Flare Blitz|p2a: Haunt My House\n|-supereffective|p2a: Haunt My House|1\n|-damage|p2a: Haunt My House|18/100\n|-damage|p1a: Talonflame|13/100|[from] Recoil\n|\n|-heal|p2a: Haunt My House|25/100|[from] item: Leftovers\n|upkeep\n|turn|3\n|-activate|p2b: Haunted House|item: Quick Claw\n|\n|t:|1776723053\n|switch|p1b: Raichu|Raichu, L50, M|100/100\n|move|p2b: Haunted House|Drain Punch|p1a: Talonflame\n|-resisted|p1a: Talonflame|1\n|-damage|p1a: Talonflame|0 fnt\n|-heal|p2b: Haunted House|75/100|[from] drain|[of] p1a: Talonflame\n|faint|p1a: Talonflame\n|move|p2a: Haunt My House|Strength Sap|p1b: Raichu\n|-unboost|p1b: Raichu|atk|1\n|-heal|p2a: Haunt My House|80/100\n|\n|-heal|p2a: Haunt My House|86/100|[from] item: Leftovers\n|-end|p2b: Haunted House|move: Taunt\n|upkeep\n|\n|t:|1776723076\n|switch|p1a: Gallade|Gallade-Mega, L50, M, shiny|100/100\n|turn|4\n|\n|t:|1776723091\n|move|p1b: Raichu|Helping Hand|p1a: Gallade\n|-singleturn|p1a: Gallade|Helping Hand|[of] p1b: Raichu\n|move|p2a: Haunt My House|Rage Powder|p2a: Haunt My House\n|-singleturn|p2a: Haunt My House|move: Rage Powder\n|move|p2b: Haunted House|Belly Drum|p2b: Haunted House\n|-damage|p2b: Haunted House|25/100\n|-setboost|p2b: Haunted House|atk|6|[from] move: Belly Drum\n|move|p1a: Gallade|Night Slash|p2a: Haunt My House\n|-supereffective|p2a: Haunt My House|1\n|-damage|p2a: Haunt My House|0 fnt\n|faint|p2a: Haunt My House\n|\n|upkeep\n|\n|t:|1776723111\n|switch|p2a: Little man|Scovillain, L50, F|100/100\n|turn|5\n|inactive|cosmitx has 30 seconds left.\n|inactive|cosmitx has 20 seconds left.\n|inactive|cosmitx has 15 seconds left.\n|inactive|cosmitx has 10 seconds left.\n|inactive|cosmitx has 5 seconds left.\n|\n|t:|1776723165\n|switch|p1a: Ninetales|Ninetales-Alola, L50, M|100/100\n|-weather|Snowscape|[from] ability: Snow Warning|[of] p1a: Ninetales\n|detailschange|p2a: Little man|Scovillain-Mega, L50, F\n|-mega|p2a: Little man|Scovillain|Scovillainite\n|move|p2a: Little man|Rage Powder|p2a: Little man\n|-singleturn|p2a: Little man|move: Rage Powder\n|move|p2b: Haunted House|Drain Punch|p1b: Raichu\n|-damage|p1b: Raichu|0 fnt\n|-heal|p2b: Haunted House|59/100|[from] drain|[of] p1b: Raichu\n|faint|p1b: Raichu\n|\n|-weather|Snowscape|[upkeep]\n|-fieldend|move: Trick Room\n|upkeep\n|\n|t:|1776723168\n|switch|p1b: Gallade|Gallade-Mega, L50, M, shiny|100/100\n|turn|6\n|\n|t:|1776723182\n|move|p2a: Little man|Rage Powder|p2a: Little man\n|-singleturn|p2a: Little man|move: Rage Powder\n|move|p1a: Ninetales|Dark Pulse|p2a: Little man\n|-damage|p2a: Little man|81/100\n|-status|p1a: Ninetales|brn|[from] ability: Spicy Spray|[of] p2a: Little man\n|move|p1b: Gallade|Night Slash|p2a: Little man\n|-damage|p2a: Little man|50/100\n|-status|p1b: Gallade|brn|[from] ability: Spicy Spray|[of] p2a: Little man\n|move|p2b: Haunted House|Shell Side Arm|p1a: Ninetales|[anim] Shell Side Arm Physical\n|-supereffective|p1a: Ninetales|1\n|-damage|p1a: Ninetales|0 fnt\n|-hint|Physical Shell Side Arm\n|faint|p1a: Ninetales\n|\n|-weather|Snowscape|[upkeep]\n|-damage|p1b: Gallade|95/100 brn|[from] brn\n|upkeep\n|turn|7\n|-message|cosmitx forfeited.\n|\n|win|Strin\n|raw|cosmitx's rating: 1151 &rarr; <strong>1133</strong><br />(-18 for losing)\n|raw|Strin's rating: 1249 &rarr; <strong>1267</strong><br />(+18 for winning)\n|l|\u2606cosmitx\n|player|p1|\n|l|\u2606Strin\n|player|p2|\n|j|\u2606Strin\n|player|p2|Strin|265|\n",
  "uploadtime": 1776723290,
  "views": 7,
  "formatid": "gen9championsvgc2026regma",
  "rating": 1133,
  "private": 0,
  "password": null
}