{
  "id": "gen9championsvgc2026regma-2584825634",
  "format": "[Gen 9 Champions] VGC 2026 Reg M-A",
  "players": [
    "yeremita prima",
    "trousersaflame"
  ],
  "log": "|j|\u2606yeremita prima\n|j|\u2606trousersaflame\n|t:|1776286557\n|gametype|doubles\n|player|p1|yeremita prima|101|1114\n|player|p2|trousersaflame|101|1201\n|gen|9\n|tier|[Gen 9 Champions] VGC 2026 Reg M-A\n|rated|\n|rule|Species Clause: Limit one of each Pok\u00e9mon\n|rule|Item Clause: Limit 1 of each item\n|clearpoke\n|poke|p1|Kingambit, L50, F|\n|poke|p1|Sneasler, L50, M|\n|poke|p1|Incineroar, L50, M|\n|poke|p1|Dragonite, L50, M|\n|poke|p1|Venusaur, L50, M|\n|poke|p1|Basculegion, L50, M|\n|poke|p2|Delphox, L50, F|\n|poke|p2|Kingambit, L50, F|\n|poke|p2|Clefable, L50, M|\n|poke|p2|Sneasler, L50, M|\n|poke|p2|Basculegion, L50, M|\n|poke|p2|Aerodactyl, L50, F|\n|teampreview|4\n|\n|t:|1776286577\n|teamsize|p1|4\n|teamsize|p2|4\n|start\n|switch|p1a: Dragonite|Dragonite, L50, M|100/100\n|switch|p1b: Basculegion|Basculegion, L50, M|100/100\n|switch|p2a: Delphox|Delphox, L50, F|100/100\n|switch|p2b: Sneasler|Sneasler, L50, M|100/100\n|turn|1\n|\n|t:|1776286612\n|detailschange|p1a: Dragonite|Dragonite-Mega, L50, M\n|-mega|p1a: Dragonite|Dragonite|Dragoninite\n|move|p2a: Delphox|Protect|p2a: Delphox\n|-singleturn|p2a: Delphox|Protect\n|move|p1b: Basculegion|Last Respects|p2a: Delphox\n|-activate|p2a: Delphox|move: Protect\n|move|p2b: Sneasler|Dire Claw|p1b: Basculegion\n|-resisted|p1b: Basculegion|1\n|-damage|p1b: Basculegion|74/100\n|move|p1a: Dragonite|Dragon Pulse|p2a: Delphox\n|-activate|p2a: Delphox|move: Protect\n|\n|upkeep\n|turn|2\n|\n|t:|1776286647\n|switch|p2b: Clefable|Clefable, L50, M|100/100\n|detailschange|p2a: Delphox|Delphox-Mega, L50, F\n|-mega|p2a: Delphox|Delphox|Delphoxite\n|move|p1a: Dragonite|Protect|p1a: Dragonite\n|-singleturn|p1a: Dragonite|Protect\n|move|p1b: Basculegion|Last Respects|p2a: Delphox\n|-supereffective|p2a: Delphox|1\n|-damage|p2a: Delphox|26/100\n|move|p2a: Delphox|Substitute|p2a: Delphox\n|-start|p2a: Delphox|Substitute\n|-damage|p2a: Delphox|1/100\n|\n|upkeep\n|turn|3\n|\n|t:|1776286685\n|switch|p1a: Incineroar|Incineroar, L50, M|100/100\n|-ability|p1a: Incineroar|Intimidate|boost\n|-immune|p2a: Delphox\n|-unboost|p2b: Clefable|atk|1\n|move|p2b: Clefable|Follow Me|p2b: Clefable\n|-singleturn|p2b: Clefable|move: Follow Me\n|move|p1b: Basculegion|Last Respects|p2b: Clefable\n|-damage|p2b: Clefable|79/100\n|move|p2a: Delphox|Psyshock|p1b: Basculegion\n|-damage|p1b: Basculegion|9/100\n|\n|upkeep\n|turn|4\n|\n|t:|1776286712\n|switch|p2b: Basculegion|Basculegion, L50, M|100/100\n|move|p2a: Delphox|Protect|p2a: Delphox\n|-singleturn|p2a: Delphox|Protect\n|move|p1a: Incineroar|Fake Out|p2b: Basculegion\n|-immune|p2b: Basculegion\n|move|p1b: Basculegion|Last Respects|p2a: Delphox\n|-activate|p2a: Delphox|move: Protect\n|\n|upkeep\n|turn|5\n|\n|t:|1776286736\n|move|p1b: Basculegion|Last Respects|p2b: Basculegion\n|-supereffective|p2b: Basculegion|1\n|-damage|p2b: Basculegion|36/100\n|move|p2a: Delphox|Psyshock|p1b: Basculegion\n|-damage|p1b: Basculegion|0 fnt\n|faint|p1b: Basculegion\n|move|p2b: Basculegion|Flip Turn|p1a: Incineroar\n|-supereffective|p1a: Incineroar|1\n|-damage|p1a: Incineroar|14/100\n|\n|t:|1776286746\n|switch|p2b: Sneasler|Sneasler, L50, M|100/100|[from] Flip Turn\n|move|p1a: Incineroar|Darkest Lariat|p2b: Sneasler\n|-resisted|p2b: Sneasler|1\n|-damage|p2b: Sneasler|70/100\n|\n|upkeep\n|\n|t:|1776286755\n|switch|p1b: Dragonite|Dragonite-Mega, L50, M|100/100\n|turn|6\n|\n|t:|1776286791\n|move|p2a: Delphox|Psyshock|p1b: Dragonite\n|-damage|p1b: Dragonite|79/100\n|move|p2b: Sneasler|Dire Claw|p1a: Incineroar\n|-damage|p1a: Incineroar|0 fnt\n|faint|p1a: Incineroar\n|move|p1b: Dragonite|Dragon Pulse|p2b: Sneasler\n|-damage|p2b: Sneasler|12/100\n|\n|upkeep\n|\n|t:|1776286805\n|switch|p1a: Sneasler|Sneasler, L50, M|100/100\n|turn|7\n|\n|t:|1776286822\n|move|p2a: Delphox|Protect|p2a: Delphox\n|-singleturn|p2a: Delphox|Protect\n|move|p2b: Sneasler|Protect|p2b: Sneasler\n|-singleturn|p2b: Sneasler|Protect\n|move|p1a: Sneasler|Dire Claw|p2b: Sneasler\n|-activate|p2b: Sneasler|move: Protect\n|move|p1b: Dragonite|Dragon Pulse|p2a: Delphox\n|-activate|p2a: Delphox|move: Protect\n|\n|upkeep\n|turn|8\n|\n|t:|1776286843\n|move|p2a: Delphox|Psyshock|p1a: Sneasler\n|-supereffective|p1a: Sneasler|2\n|-crit|p1a: Sneasler\n|-enditem|p1a: Sneasler|Focus Sash\n|-damage|p1a: Sneasler|1/100\n|move|p1a: Sneasler|Dire Claw|p2b: Sneasler\n|-resisted|p2b: Sneasler|1\n|-damage|p2b: Sneasler|0 fnt\n|faint|p2b: Sneasler\n|move|p1b: Dragonite|Dragon Pulse|p2a: Delphox\n|-end|p2a: Delphox|Substitute\n|\n|upkeep\n|\n|t:|1776286853\n|switch|p2b: Clefable|Clefable, L50, M|79/100\n|turn|9\n|\n|t:|1776286894\n|move|p2b: Clefable|Follow Me|p2b: Clefable\n|-singleturn|p2b: Clefable|move: Follow Me\n|move|p1a: Sneasler|Dire Claw|p2b: Clefable\n|-supereffective|p2b: Clefable|1\n|-damage|p2b: Clefable|25/100\n|-enditem|p2b: Clefable|Sitrus Berry|[eat]\n|-heal|p2b: Clefable|50/100|[from] item: Sitrus Berry\n|move|p2a: Delphox|Psyshock|p1b: Dragonite\n|-damage|p1b: Dragonite|29/100\n|move|p1b: Dragonite|Roost|p1b: Dragonite\n|-heal|p1b: Dragonite|79/100\n|-singleturn|p1b: Dragonite|move: Roost\n|\n|upkeep\n|turn|10\n|\n|t:|1776286915\n|move|p2b: Clefable|Helping Hand|p2a: Delphox\n|-singleturn|p2a: Delphox|Helping Hand|[of] p2b: Clefable\n|move|p1a: Sneasler|Dire Claw|p2b: Clefable\n|-supereffective|p2b: Clefable|1\n|-damage|p2b: Clefable|0 fnt\n|faint|p2b: Clefable\n|move|p2a: Delphox|Psyshock|p1b: Dragonite\n|-damage|p1b: Dragonite|8/100\n|move|p1b: Dragonite|Dragon Pulse|p2a: Delphox\n|-damage|p2a: Delphox|0 fnt\n|faint|p2a: Delphox\n|\n|upkeep\n|\n|t:|1776286926\n|switch|p2a: Basculegion|Basculegion, L50, M|36/100\n|turn|11\n|\n|t:|1776286949\n|move|p2a: Basculegion|Aqua Jet|p1b: Dragonite\n|-resisted|p1b: Dragonite|1\n|-damage|p1b: Dragonite|0 fnt\n|faint|p1b: Dragonite\n|move|p1a: Sneasler|Rock Tomb|p2a: Basculegion\n|-damage|p2a: Basculegion|12/100\n|-unboost|p2a: Basculegion|spe|1\n|\n|upkeep\n|turn|12\n|\n|t:|1776286970\n|move|p1a: Sneasler|Protect|p1a: Sneasler\n|-singleturn|p1a: Sneasler|Protect\n|move|p2a: Basculegion|Aqua Jet|p1a: Sneasler\n|-activate|p1a: Sneasler|move: Protect\n|\n|upkeep\n|turn|13\n|\n|t:|1776286978\n|move|p2a: Basculegion|Aqua Jet|p1a: Sneasler\n|-damage|p1a: Sneasler|0 fnt\n|faint|p1a: Sneasler\n|\n|win|trousersaflame\n|raw|yeremita prima's rating: 1114 &rarr; <strong>1095</strong><br />(-19 for losing)\n|raw|trousersaflame's rating: 1201 &rarr; <strong>1220</strong><br />(+19 for winning)\n",
  "uploadtime": 1776286986,
  "views": 20,
  "formatid": "gen9championsvgc2026regma",
  "rating": 1095,
  "private": 0,
  "password": null
}