{
  "id": "gen9championsvgc2026regma-2580716088",
  "format": "[Gen 9 Champions] VGC 2026 Reg M-A",
  "players": [
    "JAZZNINE",
    "Kior"
  ],
  "log": "|j|\u2606JAZZNINE\n|j|\u2606Kior\n|t:|1775926647\n|gametype|doubles\n|player|p1|JAZZNINE|artist|1260\n|player|p2|Kior|guitarist-gen4|1317\n|gen|9\n|tier|[Gen 9 Champions] VGC 2026 Reg M-A\n|rated|\n|rule|Species Clause: Limit one of each Pok\u00e9mon\n|rule|Item Clause: Limit 1 of each item\n|clearpoke\n|poke|p1|Alakazam, L50, M|\n|poke|p1|Farigiraf, L50, F|\n|poke|p1|Aggron, L50, F|\n|poke|p1|Incineroar, L50, M|\n|poke|p1|Milotic, L50, F|\n|poke|p1|Aerodactyl, L50, M|\n|poke|p2|Sneasler, L50, M|\n|poke|p2|Kingambit, L50, F|\n|poke|p2|Basculegion, L50, M|\n|poke|p2|Floette-Eternal, L50, F|\n|poke|p2|Aerodactyl, L50, M|\n|poke|p2|Sinistcha, L50|\n|teampreview|4\n|inactive|Battle timer is ON: inactive players will automatically lose when time's up. (requested by Kior)\nKior rejected open team sheets.\n|\n|t:|1775926722\n|teamsize|p1|4\n|teamsize|p2|4\n|start\n|switch|p1a: Aggron|Aggron, L50, F|100/100\n|switch|p1b: Milotic|Milotic, L50, F|100/100\n|switch|p2a: Kingambit|Kingambit, L50, F|100/100\n|switch|p2b: Aerodactyl|Aerodactyl, L50, M|100/100\n|-ability|p2b: Aerodactyl|Unnerve\n|turn|1\n|\n|t:|1775926747\n|detailschange|p1a: Aggron|Aggron-Mega, L50, F\n|-mega|p1a: Aggron|Aggron|Aggronite\n|move|p2b: Aerodactyl|Protect|p2b: Aerodactyl\n|-singleturn|p2b: Aerodactyl|Protect\n|move|p1b: Milotic|Scald|p2a: Kingambit\n|-damage|p2a: Kingambit|72/100\n|move|p2a: Kingambit|Kowtow Cleave|p1b: Milotic\n|-damage|p1b: Milotic|44/100\n|move|p1a: Aggron|Iron Defense|p1a: Aggron\n|-boost|p1a: Aggron|def|2\n|\n|-heal|p1b: Milotic|50/100|[from] item: Leftovers\n|upkeep\n|turn|2\n|inactive|Kior has 30 seconds left.\n|\n|t:|1775926773\n|move|p2b: Aerodactyl|Rock Slide|p1b: Milotic|[spread] p1a\n|-miss|p2b: Aerodactyl|p1b: Milotic\n|-resisted|p1a: Aggron|1\n|-damage|p1a: Aggron|98/100\n|move|p1b: Milotic|Life Dew|p1b: Milotic|[spread] p1a,p1b\n|-heal|p1a: Aggron|100/100\n|-heal|p1b: Milotic|75/100\n|move|p1a: Aggron|Body Press|p2a: Kingambit\n|-supereffective|p2a: Kingambit|2\n|-damage|p2a: Kingambit|0 fnt\n|faint|p2a: Kingambit\n|\n|-heal|p1b: Milotic|81/100|[from] item: Leftovers\n|upkeep\n|\n|t:|1775926793\n|switch|p2a: Sneasler|Sneasler, L50, M|100/100\n|turn|3\n|inactive|Kior has 30 seconds left.\n|\n|t:|1775926823\n|move|p1a: Aggron|Protect|p1a: Aggron\n|-singleturn|p1a: Aggron|Protect\n|move|p2a: Sneasler|Fake Out|p1b: Milotic\n|-damage|p1b: Milotic|67/100\n|move|p2b: Aerodactyl|Rock Slide|p1a: Aggron|[spread] p1b\n|-activate|p1a: Aggron|move: Protect\n|-damage|p1b: Milotic|42/100\n|cant|p1b: Milotic|flinch\n|\n|-heal|p1b: Milotic|48/100|[from] item: Leftovers\n|upkeep\n|turn|4\n|\n|t:|1775926844\n|move|p2b: Aerodactyl|Rock Slide|p1a: Aggron|[spread] p1a,p1b\n|-resisted|p1a: Aggron|1\n|-damage|p1a: Aggron|98/100\n|-damage|p1b: Milotic|25/100\n|move|p2a: Sneasler|Close Combat|p1a: Aggron\n|-supereffective|p1a: Aggron|1\n|-damage|p1a: Aggron|73/100\n|-unboost|p2a: Sneasler|def|1\n|-unboost|p2a: Sneasler|spd|1\n|-enditem|p2a: Sneasler|White Herb\n|-clearnegativeboost|p2a: Sneasler|[silent]\n|move|p1b: Milotic|Life Dew|p1b: Milotic|[spread] p1a,p1b\n|-heal|p1a: Aggron|98/100\n|-heal|p1b: Milotic|50/100\n|cant|p1a: Aggron|flinch\n|\n|-heal|p1b: Milotic|56/100|[from] item: Leftovers\n|upkeep\n|turn|5\n|inactive|Kior has 30 seconds left.\n|\n|t:|1775926878\n|move|p2a: Sneasler|Close Combat|p1b: Milotic\n|-damage|p1b: Milotic|0 fnt\n|-unboost|p2a: Sneasler|def|1\n|-unboost|p2a: Sneasler|spd|1\n|faint|p1b: Milotic\n|move|p2b: Aerodactyl|Rock Slide|p1a: Aggron\n|-resisted|p1a: Aggron|1\n|-damage|p1a: Aggron|94/100\n|move|p1a: Aggron|Body Press|p2a: Sneasler\n|-resisted|p2a: Sneasler|1\n|-damage|p2a: Sneasler|0 fnt\n|faint|p2a: Sneasler\n|\n|upkeep\n|\n|t:|1775926901\n|switch|p2a: Basculegion|Basculegion, L50, M|100/100\n|switch|p1b: Aerodactyl|Aerodactyl, L50, M|100/100\n|turn|6\n|\n|t:|1775926923\n|move|p2a: Basculegion|Last Respects|p1b: Aerodactyl\n|-damage|p1b: Aerodactyl|0 fnt\n|faint|p1b: Aerodactyl\n|move|p2b: Aerodactyl|Rock Slide|p1a: Aggron|[miss]\n|-miss|p2b: Aerodactyl|p1a: Aggron\n|move|p1a: Aggron|Body Press|p2b: Aerodactyl\n|-enditem|p2b: Aerodactyl|Focus Sash\n|-damage|p2b: Aerodactyl|1/100\n|\n|upkeep\n|\n|t:|1775926934\n|switch|p1b: Alakazam|Alakazam, L50, M|100/100\n|turn|7\n|\n|t:|1775926945\n|move|p2a: Basculegion|Last Respects|p1b: Alakazam\n|-supereffective|p1b: Alakazam|1\n|-damage|p1b: Alakazam|0 fnt\n|faint|p1b: Alakazam\n|move|p2b: Aerodactyl|Rock Slide|p1a: Aggron\n|-resisted|p1a: Aggron|1\n|-damage|p1a: Aggron|90/100\n|cant|p1a: Aggron|flinch\n|\n|upkeep\n|turn|8\n|\n|t:|1775926960\n|move|p2a: Basculegion|Last Respects|p1a: Aggron\n|-damage|p1a: Aggron|65/100\n|move|p2b: Aerodactyl|Rock Slide|p1a: Aggron\n|-resisted|p1a: Aggron|1\n|-damage|p1a: Aggron|61/100\n|cant|p1a: Aggron|flinch\n|\n|upkeep\n|turn|9\n|-message|JAZZNINE forfeited.\n|\n|win|Kior\n|raw|JAZZNINE's rating: 1260 &rarr; <strong>1239</strong><br />(-21 for losing)\n|raw|Kior's rating: 1317 &rarr; <strong>1334</strong><br />(+17 for winning)\n|l|\u2606JAZZNINE\n|player|p1|\n",
  "uploadtime": 1775926989,
  "views": 49,
  "formatid": "gen9championsvgc2026regma",
  "rating": 1239,
  "private": 0,
  "password": null
}