{
  "id": "gen9championsvgc2026regma-2584328941",
  "format": "[Gen 9 Champions] VGC 2026 Reg M-A",
  "players": [
    "dragapultintin",
    "sprushy"
  ],
  "log": "|j|\u2606dragapultintin\n|j|\u2606sprushy\n|t:|1776251798\n|gametype|doubles\n|player|p1|dragapultintin|ethan|1190\n|player|p2|sprushy|102|1144\n|gen|9\n|tier|[Gen 9 Champions] VGC 2026 Reg M-A\n|rated|\n|rule|Species Clause: Limit one of each Pok\u00e9mon\n|rule|Item Clause: Limit 1 of each item\n|clearpoke\n|poke|p1|Floette-Eternal, L50, F|\n|poke|p1|Delphox, L50, F|\n|poke|p1|Kingambit, L50, F|\n|poke|p1|Sinistcha-Masterpiece, L50|\n|poke|p1|Garchomp, L50, M|\n|poke|p1|Incineroar, L50, M|\n|poke|p2|Dragapult, L50, F|\n|poke|p2|Whimsicott, L50, M|\n|poke|p2|Gengar, L50, F|\n|poke|p2|Serperior, L50, M|\n|poke|p2|Sinistcha, L50|\n|poke|p2|Sableye, L50, M|\n|teampreview|4\n|inactive|Battle timer is ON: inactive players will automatically lose when time's up. (requested by dragapultintin)\n|inactive|dragapultintin has 60 seconds left.\n|inactive|sprushy has 60 seconds left.\n|inactive|sprushy has 30 seconds left.\n|\n|t:|1776251864\n|teamsize|p1|4\n|teamsize|p2|4\n|start\n|switch|p1a: Delphox|Delphox, L50, F|100/100\n|switch|p1b: Sinistcha|Sinistcha-Masterpiece, L50|100/100\n|switch|p2a: Serperior|Serperior, L50, M|100/100\n|switch|p2b: Gengar|Gengar, L50, F|100/100\n|turn|1\n|inactive|sprushy has 30 seconds left.\n|\n|t:|1776251891\n|switch|p1b: Kingambit|Kingambit, L50, F|100/100\n|detailschange|p2b: Gengar|Gengar-Mega, L50, F\n|-mega|p2b: Gengar|Gengar|Gengarite\n|detailschange|p1a: Delphox|Delphox-Mega, L50, F\n|-mega|p1a: Delphox|Delphox|Delphoxite\n|move|p2a: Serperior|Sweet Scent|p1b: Kingambit|[spread] p1a,p1b\n|-unboost|p1a: Delphox|evasion|2\n|-unboost|p1b: Kingambit|evasion|2\n|-ability|p1b: Kingambit|Defiant|boost\n|-boost|p1b: Kingambit|atk|2\n|move|p1a: Delphox|Heat Wave|p2b: Gengar|[spread] p2a,p2b\n|-supereffective|p2a: Serperior|1\n|-damage|p2a: Serperior|2/100\n|-damage|p2b: Gengar|52/100\n|move|p2b: Gengar|Hypnosis|p1a: Delphox\n|-status|p1a: Delphox|slp|[from] move: Hypnosis\n|\n|upkeep\n|turn|2\n|inactive|dragapultintin has 30 seconds left.\n|inactive|dragapultintin has 20 seconds left.\n|\n|t:|1776251930\n|switch|p2a: Whimsicott|Whimsicott, L50, M|100/100\n|move|p1b: Kingambit|Protect|p1b: Kingambit\n|-singleturn|p1b: Kingambit|Protect\n|cant|p1a: Delphox|slp\n|move|p2b: Gengar|Hypnosis|p1b: Kingambit\n|-activate|p1b: Kingambit|move: Protect\n|\n|upkeep\n|turn|3\n|\n|t:|1776251950\n|move|p2b: Gengar|Protect|p2b: Gengar\n|-singleturn|p2b: Gengar|Protect\n|move|p2a: Whimsicott|Encore|p1b: Kingambit\n|-hint|Since gen 7, Dark is immune to Prankster moves.\n|-immune|p1b: Kingambit\n|cant|p1a: Delphox|slp\n|move|p1b: Kingambit|Kowtow Cleave|p2b: Gengar\n|-activate|p2b: Gengar|move: Protect\n|\n|upkeep\n|turn|4\n|inactive|dragapultintin has 30 seconds left.\n|inactive|sprushy has 30 seconds left.\n|\n|t:|1776251985\n|move|p1b: Kingambit|Protect|p1b: Kingambit\n|-singleturn|p1b: Kingambit|Protect\n|move|p2a: Whimsicott|Tailwind|p2a: Whimsicott\n|-sidestart|p2: sprushy|move: Tailwind\n|move|p2b: Gengar|Shadow Ball|p1a: Delphox\n|-supereffective|p1a: Delphox|1\n|-damage|p1a: Delphox|6/100 slp\n|-curestatus|p1a: Delphox|slp|[msg]\n|move|p1a: Delphox|Psyshock|p2b: Gengar\n|-supereffective|p2b: Gengar|1\n|-damage|p2b: Gengar|0 fnt\n|faint|p2b: Gengar\n|\n|upkeep\n|\n|t:|1776251999\n|switch|p2b: Sinistcha|Sinistcha, L50|100/100\n|turn|5\n|\n|t:|1776252021\n|move|p2a: Whimsicott|Helping Hand|p2b: Sinistcha\n|-singleturn|p2b: Sinistcha|Helping Hand|[of] p2a: Whimsicott\n|move|p1a: Delphox|Heat Wave|p2b: Sinistcha|[spread] p2a,p2b\n|-supereffective|p2a: Whimsicott|1\n|-supereffective|p2b: Sinistcha|1\n|-damage|p2a: Whimsicott|0 fnt\n|-damage|p2b: Sinistcha|9/100\n|faint|p2a: Whimsicott\n|move|p2b: Sinistcha|Matcha Gotcha|p1b: Kingambit|[spread] p1a,p1b\n|-resisted|p1a: Delphox|1\n|-resisted|p1b: Kingambit|1\n|-damage|p1a: Delphox|0 fnt\n|-heal|p2b: Sinistcha|12/100|[from] drain|[of] p1a: Delphox\n|-damage|p1b: Kingambit|82/100\n|-heal|p2b: Sinistcha|23/100|[from] drain|[of] p1b: Kingambit\n|faint|p1a: Delphox\n|move|p1b: Kingambit|Kowtow Cleave|p2b: Sinistcha\n|-supereffective|p2b: Sinistcha|1\n|-damage|p2b: Sinistcha|0 fnt\n|faint|p2b: Sinistcha\n|\n|upkeep\n|inactive|dragapultintin has 30 seconds left.\n|inactive|dragapultintin has 20 seconds left.\n|\n|t:|1776252057\n|switch|p1a: Incineroar|Incineroar, L50, M|100/100\n|switch|p2b: Serperior|Serperior, L50, M|2/100\n|-ability|p1a: Incineroar|Intimidate|boost\n|-boost|p2b: Serperior|atk|1\n|turn|6\n|-message|sprushy forfeited.\n|\n|win|dragapultintin\n|raw|dragapultintin's rating: 1190 &rarr; <strong>1212</strong><br />(+22 for winning)\n|raw|sprushy's rating: 1144 &rarr; <strong>1122</strong><br />(-22 for losing)\n",
  "uploadtime": 1776252082,
  "views": 26,
  "formatid": "gen9championsvgc2026regma",
  "rating": 1122,
  "private": 0,
  "password": null
}