{
  "id": "gen9championsvgc2026regma-2582745452",
  "format": "[Gen 9 Champions] VGC 2026 Reg M-A",
  "players": [
    "tu_real_viejita",
    "Dr. Gambino"
  ],
  "log": "|j|\u2606tu_real_viejita\n|j|\u2606Dr. Gambino\n|t:|1776111182\n|gametype|doubles\n|player|p1|tu_real_viejita|blue|1123\n|player|p2|Dr. Gambino|102|1123\n|gen|9\n|tier|[Gen 9 Champions] VGC 2026 Reg M-A\n|rated|\n|rule|Species Clause: Limit one of each Pok\u00e9mon\n|rule|Item Clause: Limit 1 of each item\n|clearpoke\n|poke|p1|Charizard, L50, F|\n|poke|p1|Dragonite, L50, M|\n|poke|p1|Rotom-Wash, L50|\n|poke|p1|Incineroar, L50, F|\n|poke|p1|Garchomp, L50, M|\n|poke|p1|Sneasler, L50, F|\n|poke|p2|Delphox, L50, M|\n|poke|p2|Quaquaval, L50, M|\n|poke|p2|Aerodactyl, L50, M|\n|poke|p2|Garchomp, L50, M|\n|poke|p2|Sinistcha, L50|\n|poke|p2|Hydreigon, L50, F|\n|teampreview|4\n|inactive|Battle timer is ON: inactive players will automatically lose when time's up. (requested by Dr. Gambino)\n|\n|t:|1776111232\n|teamsize|p1|4\n|teamsize|p2|4\n|start\n|switch|p1a: Rotom|Rotom-Wash, L50|100/100\n|switch|p1b: Garchomp|Garchomp, L50, M|100/100\n|switch|p2a: Quaquaval|Quaquaval, L50, M|100/100\n|switch|p2b: Delphox|Delphox, L50, M|100/100\n|turn|1\n|inactive|Dr. Gambino has 30 seconds left.\n|\n|t:|1776111258\n|switch|p2a: Garchomp|Garchomp, L50, M|100/100\n|detailschange|p2b: Delphox|Delphox-Mega, L50, M\n|-mega|p2b: Delphox|Delphox|Delphoxite\n|move|p1a: Rotom|Discharge|p2b: Delphox|[spread] p2b\n|-immune|p1b: Garchomp\n|-immune|p2a: Garchomp\n|-damage|p2b: Delphox|76/100\n|move|p2b: Delphox|Will-O-Wisp|p1b: Garchomp\n|-status|p1b: Garchomp|brn\n|move|p1b: Garchomp|Rock Slide|p2a: Garchomp|[spread] p2a,p2b\n|-resisted|p2a: Garchomp|1\n|-supereffective|p2b: Delphox|1\n|-damage|p2a: Garchomp|96/100\n|-damage|p2b: Delphox|43/100\n|\n|-damage|p1b: Garchomp|94/100 brn|[from] brn\n|upkeep\n|turn|2\n|inactive|Dr. Gambino has 30 seconds left.\n|\n|t:|1776111288\n|switch|p2b: Hydreigon|Hydreigon, L50, F|100/100\n|move|p2a: Garchomp|Rock Slide|p1b: Garchomp|[spread] p1b\n|-miss|p2a: Garchomp|p1a: Rotom\n|-resisted|p1b: Garchomp|1\n|-damage|p1b: Garchomp|85/100 brn\n|move|p1a: Rotom|Discharge|p2a: Garchomp|[spread] p2b\n|-immune|p1b: Garchomp\n|-immune|p2a: Garchomp\n|-resisted|p2b: Hydreigon|1\n|-damage|p2b: Hydreigon|87/100\n|move|p1b: Garchomp|Rock Slide|p2a: Garchomp|[spread] p2a,p2b\n|-resisted|p2a: Garchomp|1\n|-damage|p2a: Garchomp|90/100\n|-damage|p2b: Hydreigon|75/100\n|\n|-damage|p1b: Garchomp|79/100 brn|[from] brn\n|upkeep\n|turn|3\n|\n|t:|1776111307\n|switch|p1a: Incineroar|Incineroar, L50, F, shiny|100/100\n|-ability|p1a: Incineroar|Intimidate|boost\n|-unboost|p2a: Garchomp|atk|1\n|-unboost|p2b: Hydreigon|atk|1\n|move|p2a: Garchomp|Rock Slide|p1b: Garchomp|[spread] p1a,p1b\n|-supereffective|p1a: Incineroar|1\n|-resisted|p1b: Garchomp|1\n|-damage|p1a: Incineroar|77/100\n|-damage|p1b: Garchomp|73/100 brn\n|move|p1b: Garchomp|Dragon Claw|p2b: Hydreigon\n|-supereffective|p2b: Hydreigon|1\n|-damage|p2b: Hydreigon|20/100\n|move|p2b: Hydreigon|Dragon Cheer|p2a: Garchomp\n|-start|p2a: Garchomp|move: Dragon Cheer\n|\n|-damage|p1b: Garchomp|67/100 brn|[from] brn\n|upkeep\n|turn|4\n|\n|t:|1776111328\n|move|p2b: Hydreigon|Helping Hand|p2a: Garchomp\n|-singleturn|p2a: Garchomp|Helping Hand|[of] p2b: Hydreigon\n|move|p2a: Garchomp|Rock Slide|p1b: Garchomp|[spread] p1a,p1b\n|-supereffective|p1a: Incineroar|1\n|-crit|p1a: Incineroar\n|-resisted|p1b: Garchomp|1\n|-damage|p1a: Incineroar|0 fnt\n|-damage|p1b: Garchomp|56/100 brn\n|faint|p1a: Incineroar\n|move|p1b: Garchomp|Dragon Claw|p2a: Garchomp\n|-supereffective|p2a: Garchomp|1\n|-damage|p2a: Garchomp|44/100\n|\n|-damage|p1b: Garchomp|50/100 brn|[from] brn\n|upkeep\n|\n|t:|1776111347\n|switch|p1a: Rotom|Rotom-Wash, L50|100/100\n|turn|5\n|\n|t:|1776111353\n|move|p2b: Hydreigon|Helping Hand|p2a: Garchomp\n|-singleturn|p2a: Garchomp|Helping Hand|[of] p2b: Hydreigon\n|move|p2a: Garchomp|Rock Slide|p1a: Rotom|[spread] p1a\n|-miss|p2a: Garchomp|p1b: Garchomp\n|-crit|p1a: Rotom\n|-damage|p1a: Rotom|45/100\n|cant|p1a: Rotom|flinch\n|move|p1b: Garchomp|Dragon Claw|p2b: Hydreigon\n|-supereffective|p2b: Hydreigon|1\n|-crit|p2b: Hydreigon\n|-damage|p2b: Hydreigon|0 fnt\n|faint|p2b: Hydreigon\n|\n|-damage|p1b: Garchomp|44/100 brn|[from] brn\n|upkeep\n|\n|t:|1776111374\n|switch|p2b: Quaquaval|Quaquaval, L50, M|100/100\n|turn|6\n|\n|t:|1776111383\n|move|p2a: Garchomp|Rock Slide|p1a: Rotom|[spread] p1a,p1b\n|-crit|p1a: Rotom\n|-resisted|p1b: Garchomp|1\n|-damage|p1a: Rotom|4/100\n|-damage|p1b: Garchomp|38/100 brn\n|move|p1a: Rotom|Volt Switch|p2b: Quaquaval\n|-supereffective|p2b: Quaquaval|1\n|-damage|p2b: Quaquaval|10/100\n|\n|t:|1776111391\n|switch|p1a: Sneasler|Sneasler, L50, F|100/100|[from] Volt Switch\n|move|p1b: Garchomp|Dragon Claw|p2a: Garchomp\n|-supereffective|p2a: Garchomp|1\n|-damage|p2a: Garchomp|3/100\n|move|p2b: Quaquaval|Close Combat|p1a: Sneasler\n|-resisted|p1a: Sneasler|1\n|-damage|p1a: Sneasler|46/100\n|-unboost|p2b: Quaquaval|def|1\n|-unboost|p2b: Quaquaval|spd|1\n|-enditem|p2b: Quaquaval|White Herb\n|-clearnegativeboost|p2b: Quaquaval|[silent]\n|\n|-damage|p1b: Garchomp|32/100 brn|[from] brn\n|upkeep\n|turn|7\n|\n|t:|1776111404\n|move|p1a: Sneasler|Fake Out|p2a: Garchomp\n|-damage|p2a: Garchomp|0 fnt\n|faint|p2a: Garchomp\n|move|p2b: Quaquaval|Upper Hand||[still]\n|-fail|p2b: Quaquaval\n|move|p1b: Garchomp|Dragon Claw|p2b: Quaquaval\n|-damage|p2b: Quaquaval|0 fnt\n|faint|p2b: Quaquaval\n|\n|-damage|p1b: Garchomp|26/100 brn|[from] brn\n|upkeep\n|c|\u2606Dr. Gambino|!dt upper hand\n|c|\u2606Dr. Gambino|/raw <ul class=\"utilichart\"><li class=\"result\"><span class=\"col movenamecol\"><a href=\"https://dex.pokemonshowdown.com/moves/upperhand\">Upper Hand</a></span> <span class=\"col typecol\"><img src=\"//play.pokemonshowdown.com/sprites/types/Fighting.png\" alt=\"Fighting\" width=\"32\" height=\"14\"><img src=\"//play.pokemonshowdown.com/sprites/categories/Physical.png\" alt=\"Physical\" width=\"32\" height=\"14\"></span> <span class=\"col labelcol\"><em>Power</em><br>65</span> <span class=\"col widelabelcol\"><em>Accuracy</em><br>100%</span> <span class=\"col pplabelcol\"><em>PP</em><br>24</span> <span class=\"col movedesccol\">100% flinch. Fails unless target using priority.</span> </li><li style=\"clear:both\"></li></ul>\n|c|\u2606Dr. Gambino|/raw <font size=\"1\"><font color=\"#686868\">Priority:</font> 3&nbsp;|&ThickSpace;<font color=\"#686868\">Gen:</font> 9&nbsp;|&ThickSpace;&#10003; Boosted by Sheer Force&nbsp;|&ThickSpace;&#10003; Contact&nbsp;|&ThickSpace;<font color=\"#686868\">Z-Power:</font> 120&nbsp;|&ThickSpace;<font color=\"#686868\">Target:</font> One Adjacent Pok\u00e9mon</font>\n\n|inactive|Dr. Gambino has 30 seconds left.\n|c|\u2606Dr. Gambino|!dt fake out\n|c|\u2606Dr. Gambino|/raw <ul class=\"utilichart\"><li class=\"result\"><span class=\"col movenamecol\"><a href=\"https://dex.pokemonshowdown.com/moves/fakeout\">Fake Out</a></span> <span class=\"col typecol\"><img src=\"//play.pokemonshowdown.com/sprites/types/Normal.png\" alt=\"Normal\" width=\"32\" height=\"14\"><img src=\"//play.pokemonshowdown.com/sprites/categories/Physical.png\" alt=\"Physical\" width=\"32\" height=\"14\"></span> <span class=\"col labelcol\"><em>Power</em><br>40</span> <span class=\"col widelabelcol\"><em>Accuracy</em><br>100%</span> <span class=\"col pplabelcol\"><em>PP</em><br>16</span> <span class=\"col movedesccol\">Hits first. First turn out only. 100% flinch chance.</span> </li><li style=\"clear:both\"></li></ul>\n|c|\u2606Dr. Gambino|/raw <font size=\"1\"><font color=\"#686868\">Priority:</font> 3&nbsp;|&ThickSpace;<font color=\"#686868\">Gen:</font> 3&nbsp;|&ThickSpace;&#10003; Boosted by Sheer Force&nbsp;|&ThickSpace;&#10003; Contact&nbsp;|&ThickSpace;<font color=\"#686868\">Z-Power:</font> 100&nbsp;|&ThickSpace;<font color=\"#686868\">Target:</font> One Adjacent Pok\u00e9mon</font>\n\n|inactive|Dr. Gambino has 20 seconds left.\n|c|\u2606tu_real_viejita|Lol\n|inactive|Dr. Gambino has 15 seconds left.\n|inactive|Dr. Gambino has 10 seconds left.\n|\n|t:|1776111449\n|switch|p2b: Delphox|Delphox-Mega, L50, M|43/100\n|turn|8\n|\n|t:|1776111463\n|move|p1a: Sneasler|Protect|p1a: Sneasler\n|-singleturn|p1a: Sneasler|Protect\n|move|p2b: Delphox|Heat Wave|p1a: Sneasler|[spread] p1b\n|-activate|p1a: Sneasler|move: Protect\n|-resisted|p1b: Garchomp|1\n|-damage|p1b: Garchomp|3/100 brn\n|move|p1b: Garchomp|Rock Slide|p2b: Delphox\n|-supereffective|p2b: Delphox|1\n|-damage|p2b: Delphox|0 fnt\n|faint|p2b: Delphox\n|\n|win|tu_real_viejita\n|raw|tu_real_viejita's rating: 1123 &rarr; <strong>1148</strong><br />(+25 for winning)\n|raw|Dr. Gambino's rating: 1123 &rarr; <strong>1098</strong><br />(-25 for losing)\n|l|\u2606Dr. Gambino\n|player|p2|\n",
  "uploadtime": 1776111479,
  "views": 20,
  "formatid": "gen9championsvgc2026regma",
  "rating": 1098,
  "private": 0,
  "password": null
}