{
  "id": "gen9championsvgc2026regma-2587584269",
  "format": "[Gen 9 Champions] VGC 2026 Reg M-A",
  "players": [
    "Segsee",
    "strickhon"
  ],
  "log": "|j|\u2606Segsee\n|j|\u2606strickhon\n|t:|1776544417\n|gametype|doubles\n|player|p1|Segsee|1|1117\n|player|p2|strickhon|2|1112\n|gen|9\n|tier|[Gen 9 Champions] VGC 2026 Reg M-A\n|rated|\n|rule|Species Clause: Limit one of each Pok\u00e9mon\n|rule|Item Clause: Limit 1 of each item\n|clearpoke\n|poke|p1|Heracross, L50, M|\n|poke|p1|Whimsicott, L50, F|\n|poke|p1|Garchomp, L50, F|\n|poke|p1|Milotic, L50, F|\n|poke|p1|Scizor, L50, M|\n|poke|p1|Sylveon, L50, F|\n|poke|p2|Emboar, L50, M|\n|poke|p2|Rotom-Wash, L50|\n|poke|p2|Milotic, L50, F|\n|poke|p2|Sinistcha, L50|\n|poke|p2|Talonflame, L50, F|\n|poke|p2|Aegislash, L50, M|\n|teampreview|4\n|inactive|Battle timer is ON: inactive players will automatically lose when time's up. (requested by strickhon)\n|inactive|Segsee has 60 seconds left.\n|\n|t:|1776544497\n|teamsize|p1|4\n|teamsize|p2|4\n|start\n|switch|p1a: Scizor|Scizor, L50, M|100/100\n|switch|p1b: Whimsicott|Whimsicott, L50, F|100/100\n|switch|p2a: Rotom|Rotom-Wash, L50|100/100\n|switch|p2b: Milotic|Milotic, L50, F|100/100\n|turn|1\n|\n|t:|1776544514\n|detailschange|p1a: Scizor|Scizor-Mega, L50, M\n|-mega|p1a: Scizor|Scizor|Scizorite\n|move|p1b: Whimsicott|Tailwind|p1b: Whimsicott\n|-sidestart|p1: Segsee|move: Tailwind\n|move|p1a: Scizor|Trailblaze|p2a: Rotom\n|-supereffective|p2a: Rotom|1\n|-damage|p2a: Rotom|29/100\n|-boost|p1a: Scizor|spe|1\n|move|p2a: Rotom|Electroweb|p1a: Scizor|[spread] p1a,p1b\n|-resisted|p1b: Whimsicott|1\n|-damage|p1a: Scizor|82/100\n|-damage|p1b: Whimsicott|87/100\n|-unboost|p1a: Scizor|spe|1\n|-unboost|p1b: Whimsicott|spe|1\n|move|p2b: Milotic|Scald|p1a: Scizor\n|-damage|p1a: Scizor|39/100\n|\n|upkeep\n|turn|2\n|inactive|Segsee has 30 seconds left.\n|inactive|strickhon has 30 seconds left.\n|\n|t:|1776544542\n|move|p1b: Whimsicott|Encore|p2a: Rotom\n|-start|p2a: Rotom|Encore\n|move|p1a: Scizor|Trailblaze|p2b: Milotic\n|-supereffective|p2b: Milotic|1\n|-damage|p2b: Milotic|25/100\n|-boost|p1a: Scizor|spe|1\n|move|p2a: Rotom|Electroweb|p1a: Scizor|[spread] p1a,p1b\n|-resisted|p1b: Whimsicott|1\n|-damage|p1a: Scizor|18/100\n|-damage|p1b: Whimsicott|74/100\n|-unboost|p1a: Scizor|spe|1\n|-unboost|p1b: Whimsicott|spe|1\n|move|p2b: Milotic|Scald|p1a: Scizor\n|-damage|p1a: Scizor|0 fnt\n|faint|p1a: Scizor\n|\n|-heal|p2b: Milotic|31/100|[from] item: Leftovers\n|upkeep\n|\n|t:|1776544565\n|switch|p1a: Garchomp|Garchomp, L50, F|100/100\n|turn|3\n|inactive|strickhon has 30 seconds left.\n|\n|t:|1776544596\n|switch|p2a: Talonflame|Talonflame, L50, F|100/100\n|move|p2b: Milotic|Protect|p2b: Milotic\n|-singleturn|p2b: Milotic|Protect\n|move|p1a: Garchomp|Rock Slide|p2a: Talonflame|[spread] p2a\n|-activate|p2b: Milotic|move: Protect\n|-supereffective|p2a: Talonflame|2\n|-damage|p2a: Talonflame|0 fnt\n|faint|p2a: Talonflame\n|move|p1b: Whimsicott|Moonblast|p2b: Milotic\n|-activate|p2b: Milotic|move: Protect\n|\n|-heal|p2b: Milotic|37/100|[from] item: Leftovers\n|upkeep\n|\n|t:|1776544609\n|switch|p2a: Emboar|Emboar, L50, M|100/100\n|turn|4\n|inactive|Segsee has 30 seconds left.\n|\n|t:|1776544635\n|switch|p1b: Milotic|Milotic, L50, F|100/100\n|switch|p2a: Rotom|Rotom-Wash, L50|29/100\n|move|p1a: Garchomp|Rock Slide|p2a: Rotom|[spread] p2a\n|-miss|p1a: Garchomp|p2b: Milotic\n|-damage|p2a: Rotom|5/100\n|move|p2b: Milotic|Ice Beam|p1a: Garchomp\n|-supereffective|p1a: Garchomp|2\n|-damage|p1a: Garchomp|0 fnt\n|faint|p1a: Garchomp\n|\n|-heal|p2b: Milotic|43/100|[from] item: Leftovers\n|-sideend|p1: Segsee|move: Tailwind\n|upkeep\n|\n|t:|1776544654\n|switch|p1a: Whimsicott|Whimsicott, L50, F|74/100\n|turn|5\n|inactive|strickhon has 30 seconds left.\n|inactive|Segsee has 30 seconds left.\n|\n|t:|1776544687\n|move|p1a: Whimsicott|Tailwind|p1a: Whimsicott\n|-sidestart|p1: Segsee|move: Tailwind\n|move|p1b: Milotic|Scald|p2a: Rotom\n|-resisted|p2a: Rotom|1\n|-damage|p2a: Rotom|0 fnt\n|faint|p2a: Rotom\n|move|p2b: Milotic|Scald|p1b: Milotic\n|-resisted|p1b: Milotic|1\n|-damage|p1b: Milotic|87/100\n|-status|p1b: Milotic|brn\n|\n|-heal|p1b: Milotic|93/100 brn|[from] item: Leftovers\n|-heal|p2b: Milotic|49/100|[from] item: Leftovers\n|-damage|p1b: Milotic|87/100 brn|[from] brn\n|upkeep\n|\n|t:|1776544697\n|switch|p2a: Emboar|Emboar, L50, M|100/100\n|turn|6\n|\n|t:|1776544716\n|detailschange|p2a: Emboar|Emboar-Mega, L50, M\n|-mega|p2a: Emboar|Emboar|Emboarite\n|-ability|p2a: Emboar|Mold Breaker\n|move|p2a: Emboar|Protect|p2a: Emboar\n|-singleturn|p2a: Emboar|Protect\n|move|p1a: Whimsicott|Moonblast|p2b: Milotic\n|-damage|p2b: Milotic|25/100\n|move|p1b: Milotic|Scald|p2a: Emboar\n|-activate|p2a: Emboar|move: Protect\n|move|p2b: Milotic|Scald|p1b: Milotic\n|-resisted|p1b: Milotic|1\n|-damage|p1b: Milotic|74/100 brn\n|\n|-heal|p1b: Milotic|79/100 brn|[from] item: Leftovers\n|-heal|p2b: Milotic|31/100|[from] item: Leftovers\n|-damage|p1b: Milotic|74/100 brn|[from] brn\n|upkeep\n|turn|7\n|inactive|strickhon has 30 seconds left.\n|\n|t:|1776544741\n|move|p1a: Whimsicott|Encore|p2a: Emboar\n|-start|p2a: Emboar|Encore\n|move|p2a: Emboar|Protect||[still]\n|-fail|p2a: Emboar\n|move|p1b: Milotic|Scald|p2a: Emboar\n|-supereffective|p2a: Emboar|1\n|-damage|p2a: Emboar|34/100\n|move|p2b: Milotic|Recover|p2b: Milotic\n|-heal|p2b: Milotic|81/100\n|\n|-heal|p1b: Milotic|79/100 brn|[from] item: Leftovers\n|-heal|p2b: Milotic|87/100|[from] item: Leftovers\n|-damage|p1b: Milotic|74/100 brn|[from] brn\n|upkeep\n|turn|8\n|\n|t:|1776544758\n|move|p2a: Emboar|Protect|p2a: Emboar\n|-singleturn|p2a: Emboar|Protect\n|move|p1a: Whimsicott|Moonblast|p2b: Milotic\n|-damage|p2b: Milotic|61/100\n|move|p1b: Milotic|Scald|p2a: Emboar\n|-activate|p2a: Emboar|move: Protect\n|move|p2b: Milotic|Scald|p1b: Milotic\n|-resisted|p1b: Milotic|1\n|-damage|p1b: Milotic|59/100 brn\n|\n|-heal|p1b: Milotic|65/100 brn|[from] item: Leftovers\n|-heal|p2b: Milotic|67/100|[from] item: Leftovers\n|-damage|p1b: Milotic|59/100 brn|[from] brn\n|-sideend|p1: Segsee|move: Tailwind\n|upkeep\n|turn|9\n|\n|t:|1776544783\n|move|p2a: Emboar|Protect||[still]\n|-fail|p2a: Emboar\n|move|p1a: Whimsicott|Moonblast|p2b: Milotic\n|-damage|p2b: Milotic|42/100\n|move|p2b: Milotic|Ice Beam|p1a: Whimsicott\n|-supereffective|p1a: Whimsicott|1\n|-damage|p1a: Whimsicott|0 fnt\n|faint|p1a: Whimsicott\n|move|p1b: Milotic|Scald|p2a: Emboar\n|-supereffective|p2a: Emboar|1\n|-damage|p2a: Emboar|0 fnt\n|faint|p2a: Emboar\n|\n|-heal|p2b: Milotic|48/100|[from] item: Leftovers\n|-heal|p1b: Milotic|65/100 brn|[from] item: Leftovers\n|-damage|p1b: Milotic|59/100 brn|[from] brn\n|upkeep\n|turn|10\n|\n|t:|1776544802\n|move|p2b: Milotic|Protect|p2b: Milotic\n|-singleturn|p2b: Milotic|Protect\n|move|p1b: Milotic|Scald|p2b: Milotic\n|-activate|p2b: Milotic|move: Protect\n|\n|-heal|p2b: Milotic|54/100|[from] item: Leftovers\n|-heal|p1b: Milotic|65/100 brn|[from] item: Leftovers\n|-damage|p1b: Milotic|59/100 brn|[from] brn\n|upkeep\n|turn|11\n|\n|t:|1776544813\n|move|p2b: Milotic|Scald|p1b: Milotic\n|-resisted|p1b: Milotic|1\n|-damage|p1b: Milotic|46/100 brn\n|move|p1b: Milotic|Scald|p2b: Milotic\n|-resisted|p2b: Milotic|1\n|-damage|p2b: Milotic|41/100\n|-status|p2b: Milotic|brn\n|\n|-heal|p2b: Milotic|47/100 brn|[from] item: Leftovers\n|-heal|p1b: Milotic|52/100 brn|[from] item: Leftovers\n|-damage|p2b: Milotic|41/100 brn|[from] brn\n|-damage|p1b: Milotic|46/100 brn|[from] brn\n|upkeep\n|turn|12\n|\n|t:|1776544826\n|move|p2b: Milotic|Recover|p2b: Milotic\n|-heal|p2b: Milotic|91/100 brn\n|move|p1b: Milotic|Recover|p1b: Milotic\n|-heal|p1b: Milotic|96/100 brn\n|\n|-heal|p2b: Milotic|97/100 brn|[from] item: Leftovers\n|-heal|p1b: Milotic|100/100 brn|[from] item: Leftovers\n|-damage|p2b: Milotic|91/100 brn|[from] brn\n|-damage|p1b: Milotic|95/100 brn|[from] brn\n|upkeep\n|turn|13\n|c|\u2606Segsee|Rip\n|\n|t:|1776544843\n|move|p2b: Milotic|Scald|p1b: Milotic\n|-resisted|p1b: Milotic|1\n|-damage|p1b: Milotic|81/100 brn\n|move|p1b: Milotic|Scald|p2b: Milotic\n|-resisted|p2b: Milotic|1\n|-damage|p2b: Milotic|77/100 brn\n|\n|-heal|p2b: Milotic|83/100 brn|[from] item: Leftovers\n|-heal|p1b: Milotic|87/100 brn|[from] item: Leftovers\n|-damage|p2b: Milotic|77/100 brn|[from] brn\n|-damage|p1b: Milotic|81/100 brn|[from] brn\n|upkeep\n|turn|14\n|\n|t:|1776544857\n|move|p2b: Milotic|Scald|p1b: Milotic\n|-resisted|p1b: Milotic|1\n|-damage|p1b: Milotic|68/100 brn\n|move|p1b: Milotic|Scald|p2b: Milotic\n|-resisted|p2b: Milotic|1\n|-damage|p2b: Milotic|64/100 brn\n|\n|-heal|p2b: Milotic|70/100 brn|[from] item: Leftovers\n|-heal|p1b: Milotic|74/100 brn|[from] item: Leftovers\n|-damage|p2b: Milotic|64/100 brn|[from] brn\n|-damage|p1b: Milotic|68/100 brn|[from] brn\n|upkeep\n|turn|15\n|\n|t:|1776544874\n|move|p2b: Milotic|Scald|p1b: Milotic\n|-resisted|p1b: Milotic|1\n|-damage|p1b: Milotic|56/100 brn\n|move|p1b: Milotic|Scald|p2b: Milotic\n|-resisted|p2b: Milotic|1\n|-crit|p2b: Milotic\n|-damage|p2b: Milotic|46/100 brn\n|\n|-heal|p2b: Milotic|52/100 brn|[from] item: Leftovers\n|-heal|p1b: Milotic|62/100 brn|[from] item: Leftovers\n|-damage|p2b: Milotic|46/100 brn|[from] brn\n|-damage|p1b: Milotic|56/100 brn|[from] brn\n|upkeep\n|turn|16\n|\n|t:|1776544888\n|move|p2b: Milotic|Scald|p1b: Milotic\n|-resisted|p1b: Milotic|1\n|-damage|p1b: Milotic|43/100 brn\n|move|p1b: Milotic|Scald|p2b: Milotic\n|-resisted|p2b: Milotic|1\n|-damage|p2b: Milotic|34/100 brn\n|\n|-heal|p2b: Milotic|40/100 brn|[from] item: Leftovers\n|-heal|p1b: Milotic|49/100 brn|[from] item: Leftovers\n|-damage|p2b: Milotic|34/100 brn|[from] brn\n|-damage|p1b: Milotic|43/100 brn|[from] brn\n|upkeep\n|turn|17\n|\n|t:|1776544900\n|move|p2b: Milotic|Recover|p2b: Milotic\n|-heal|p2b: Milotic|84/100 brn\n|move|p1b: Milotic|Scald|p2b: Milotic\n|-resisted|p2b: Milotic|1\n|-damage|p2b: Milotic|70/100 brn\n|\n|-heal|p2b: Milotic|76/100 brn|[from] item: Leftovers\n|-heal|p1b: Milotic|49/100 brn|[from] item: Leftovers\n|-damage|p2b: Milotic|70/100 brn|[from] brn\n|-damage|p1b: Milotic|43/100 brn|[from] brn\n|upkeep\n|turn|18\n|\n|t:|1776544908\n|move|p2b: Milotic|Scald|p1b: Milotic\n|-resisted|p1b: Milotic|1\n|-damage|p1b: Milotic|30/100 brn\n|move|p1b: Milotic|Recover|p1b: Milotic\n|-heal|p1b: Milotic|80/100 brn\n|\n|-heal|p2b: Milotic|76/100 brn|[from] item: Leftovers\n|-heal|p1b: Milotic|86/100 brn|[from] item: Leftovers\n|-damage|p2b: Milotic|70/100 brn|[from] brn\n|-damage|p1b: Milotic|80/100 brn|[from] brn\n|upkeep\n|turn|19\n|\n|t:|1776544919\n|move|p2b: Milotic|Scald|p1b: Milotic\n|-resisted|p1b: Milotic|1\n|-damage|p1b: Milotic|68/100 brn\n|move|p1b: Milotic|Scald|p2b: Milotic\n|-resisted|p2b: Milotic|1\n|-damage|p2b: Milotic|57/100 brn\n|\n|-heal|p2b: Milotic|63/100 brn|[from] item: Leftovers\n|-heal|p1b: Milotic|74/100 brn|[from] item: Leftovers\n|-damage|p2b: Milotic|57/100 brn|[from] brn\n|-damage|p1b: Milotic|68/100 brn|[from] brn\n|upkeep\n|turn|20\n|\n|t:|1776544923\n|move|p2b: Milotic|Scald|p1b: Milotic\n|-resisted|p1b: Milotic|1\n|-damage|p1b: Milotic|56/100 brn\n|move|p1b: Milotic|Scald|p2b: Milotic\n|-resisted|p2b: Milotic|1\n|-damage|p2b: Milotic|45/100 brn\n|\n|-heal|p2b: Milotic|50/100 brn|[from] item: Leftovers\n|-heal|p1b: Milotic|62/100 brn|[from] item: Leftovers\n|-damage|p2b: Milotic|45/100 brn|[from] brn\n|-damage|p1b: Milotic|56/100 brn|[from] brn\n|upkeep\n|turn|21\n|\n|t:|1776544931\n|move|p2b: Milotic|Scald|p1b: Milotic\n|-resisted|p1b: Milotic|1\n|-damage|p1b: Milotic|43/100 brn\n|move|p1b: Milotic|Scald|p2b: Milotic\n|-resisted|p2b: Milotic|1\n|-damage|p2b: Milotic|31/100 brn\n|\n|-heal|p2b: Milotic|37/100 brn|[from] item: Leftovers\n|-heal|p1b: Milotic|48/100 brn|[from] item: Leftovers\n|-damage|p2b: Milotic|31/100 brn|[from] brn\n|-damage|p1b: Milotic|43/100 brn|[from] brn\n|upkeep\n|turn|22\n|\n|t:|1776544943\n|move|p2b: Milotic|Scald|p1b: Milotic\n|-resisted|p1b: Milotic|1\n|-damage|p1b: Milotic|28/100 brn\n|move|p1b: Milotic|Scald|p2b: Milotic\n|-resisted|p2b: Milotic|1\n|-damage|p2b: Milotic|18/100 brn\n|\n|-heal|p2b: Milotic|24/100 brn|[from] item: Leftovers\n|-heal|p1b: Milotic|34/100 brn|[from] item: Leftovers\n|-damage|p2b: Milotic|18/100 brn|[from] brn\n|-damage|p1b: Milotic|28/100 brn|[from] brn\n|upkeep\n|turn|23\n|\n|t:|1776544955\n|move|p2b: Milotic|Recover|p2b: Milotic\n|-heal|p2b: Milotic|68/100 brn\n|move|p1b: Milotic|Recover|p1b: Milotic\n|-heal|p1b: Milotic|78/100 brn\n|\n|-heal|p2b: Milotic|74/100 brn|[from] item: Leftovers\n|-heal|p1b: Milotic|84/100 brn|[from] item: Leftovers\n|-damage|p2b: Milotic|68/100 brn|[from] brn\n|-damage|p1b: Milotic|78/100 brn|[from] brn\n|upkeep\n|turn|24\n|\n|t:|1776544974\n|move|p1b: Milotic|Protect|p1b: Milotic\n|-singleturn|p1b: Milotic|Protect\n|move|p2b: Milotic|Scald|p1b: Milotic\n|-activate|p1b: Milotic|move: Protect\n|\n|-heal|p2b: Milotic|74/100 brn|[from] item: Leftovers\n|-heal|p1b: Milotic|84/100 brn|[from] item: Leftovers\n|-damage|p2b: Milotic|68/100 brn|[from] brn\n|-damage|p1b: Milotic|78/100 brn|[from] brn\n|upkeep\n|turn|25\n|\n|t:|1776544989\n|move|p1b: Milotic|Protect|p1b: Milotic\n|-singleturn|p1b: Milotic|Protect\n|move|p2b: Milotic|Ice Beam|p1b: Milotic\n|-activate|p1b: Milotic|move: Protect\n|\n|-heal|p2b: Milotic|74/100 brn|[from] item: Leftovers\n|-heal|p1b: Milotic|84/100 brn|[from] item: Leftovers\n|-damage|p2b: Milotic|68/100 brn|[from] brn\n|-damage|p1b: Milotic|78/100 brn|[from] brn\n|upkeep\n|turn|26\n|\n|t:|1776545002\n|move|p2b: Milotic|Ice Beam|p1b: Milotic\n|-resisted|p1b: Milotic|1\n|-damage|p1b: Milotic|69/100 brn\n|move|p1b: Milotic|Icy Wind|p2b: Milotic\n|-resisted|p2b: Milotic|1\n|-damage|p2b: Milotic|63/100 brn\n|-unboost|p2b: Milotic|spe|1\n|-ability|p2b: Milotic|Competitive|boost\n|-boost|p2b: Milotic|spa|2\n|\n|-heal|p1b: Milotic|75/100 brn|[from] item: Leftovers\n|-heal|p2b: Milotic|69/100 brn|[from] item: Leftovers\n|-damage|p1b: Milotic|69/100 brn|[from] brn\n|-damage|p2b: Milotic|63/100 brn|[from] brn\n|upkeep\n|turn|27\n|inactive|Segsee has 30 seconds left.\n|c|\u2606Segsee|Broooooooooo\n|c|\u2606strickhon|now its rip\n|inactive|Segsee has 20 seconds left.\n|-message|Segsee forfeited.\n|\n|win|strickhon\n|raw|Segsee's rating: 1117 &rarr; <strong>1092</strong><br />(-25 for losing)\n|raw|strickhon's rating: 1112 &rarr; <strong>1137</strong><br />(+25 for winning)\n|l|\u2606Segsee\n|player|p1|\n",
  "uploadtime": 1776545034,
  "views": 12,
  "formatid": "gen9championsvgc2026regma",
  "rating": 1092,
  "private": 0,
  "password": null
}