{
  "id": "gen9championsvgc2026regma-2585654063",
  "format": "[Gen 9 Champions] VGC 2026 Reg M-A",
  "players": [
    "paquito35",
    "prisegi"
  ],
  "log": "|j|\u2606paquito35\n|j|\u2606prisegi\n|t:|1776361509\n|gametype|doubles\n|player|p1|paquito35|169|1138\n|player|p2|prisegi|nate|1123\n|gen|9\n|tier|[Gen 9 Champions] VGC 2026 Reg M-A\n|rated|\n|rule|Species Clause: Limit one of each Pok\u00e9mon\n|rule|Item Clause: Limit 1 of each item\n|clearpoke\n|poke|p1|Whimsicott, L50, F|\n|poke|p1|Pidgeot, L50, F|\n|poke|p1|Scizor, L50, F|\n|poke|p1|Dedenne, L50, F|\n|poke|p1|Arcanine, L50, M|\n|poke|p1|Krookodile, L50, F|\n|poke|p2|Pelipper, L50, M|\n|poke|p2|Dragonite, L50, M|\n|poke|p2|Archaludon, L50, F|\n|poke|p2|Sneasler, L50, F|\n|poke|p2|Meganium, L50, M|\n|poke|p2|Basculegion, L50, M|\n|teampreview|4\n|\n|t:|1776361533\n|teamsize|p1|4\n|teamsize|p2|4\n|start\n|switch|p1a: Dedenne|Dedenne, L50, F|100/100\n|switch|p1b: Whimsicott|Whimsicott, L50, F|100/100\n|switch|p2a: Pelipper|Pelipper, L50, M|100/100\n|switch|p2b: Archaludon|Archaludon, L50, F, shiny|100/100\n|-weather|RainDance|[from] ability: Drizzle|[of] p2a: Pelipper\n|turn|1\n|\n|t:|1776361545\n|move|p1b: Whimsicott|Protect|p1b: Whimsicott\n|-singleturn|p1b: Whimsicott|Protect\n|move|p1a: Dedenne|Discharge|p2a: Pelipper|[spread] p2a,p2b\n|-activate|p1b: Whimsicott|move: Protect\n|-supereffective|p2a: Pelipper|2\n|-enditem|p2a: Pelipper|Wacan Berry|[eat]\n|-enditem|p2a: Pelipper|Wacan Berry|[weaken]\n|-resisted|p2b: Archaludon|1\n|-damage|p2a: Pelipper|45/100\n|-damage|p2b: Archaludon|90/100\n|-ability|p2b: Archaludon|Stamina|boost\n|-boost|p2b: Archaludon|def|1\n|move|p2b: Archaludon|Electro Shot||[still]\n|-prepare|p2b: Archaludon|Electro Shot\n|-boost|p2b: Archaludon|spa|1\n|-anim|p2b: Archaludon|Electro Shot|p1b: Whimsicott\n|-activate|p1b: Whimsicott|move: Protect\n|move|p2a: Pelipper|Tailwind|p2a: Pelipper\n|-sidestart|p2: prisegi|move: Tailwind\n|\n|-weather|RainDance|[upkeep]\n|-heal|p2b: Archaludon|96/100|[from] item: Leftovers\n|upkeep\n|turn|2\n|\n|t:|1776361562\n|move|p1b: Whimsicott|Tailwind|p1b: Whimsicott\n|-sidestart|p1: paquito35|move: Tailwind\n|move|p1a: Dedenne|Discharge|p2b: Archaludon|[spread] p1b,p2a,p2b\n|-resisted|p1b: Whimsicott|1\n|-supereffective|p2a: Pelipper|2\n|-resisted|p2b: Archaludon|1\n|-damage|p1b: Whimsicott|87/100\n|-damage|p2a: Pelipper|0 fnt\n|-damage|p2b: Archaludon|85/100\n|-status|p2b: Archaludon|par\n|-ability|p2b: Archaludon|Stamina|boost\n|-boost|p2b: Archaludon|def|1\n|faint|p2a: Pelipper\n|move|p2b: Archaludon|Electro Shot||[still]\n|-prepare|p2b: Archaludon|Electro Shot\n|-boost|p2b: Archaludon|spa|1\n|-anim|p2b: Archaludon|Electro Shot|p1a: Dedenne\n|-resisted|p1a: Dedenne|1\n|-crit|p1a: Dedenne\n|-damage|p1a: Dedenne|12/100\n|\n|-weather|RainDance|[upkeep]\n|-heal|p2b: Archaludon|91/100 par|[from] item: Leftovers\n|upkeep\n|\n|t:|1776361574\n|switch|p2a: Sneasler|Sneasler, L50, F, shiny|100/100\n|turn|3\n|\n|t:|1776361586\n|move|p1b: Whimsicott|Protect|p1b: Whimsicott\n|-singleturn|p1b: Whimsicott|Protect\n|move|p2a: Sneasler|Fake Out|p1a: Dedenne\n|-damage|p1a: Dedenne|0 fnt\n|faint|p1a: Dedenne\n|move|p2b: Archaludon|Flash Cannon|p1b: Whimsicott\n|-activate|p1b: Whimsicott|move: Protect\n|\n|-weather|RainDance|[upkeep]\n|-heal|p2b: Archaludon|97/100 par|[from] item: Leftovers\n|upkeep\n|\n|t:|1776361594\n|switch|p1a: Krookodile|Krookodile, L50, F|100/100\n|turn|4\n|\n|t:|1776361602\n|move|p2b: Archaludon|Protect|p2b: Archaludon\n|-singleturn|p2b: Archaludon|Protect\n|move|p1b: Whimsicott|Encore|p2a: Sneasler\n|-start|p2a: Sneasler|Encore\n|move|p2a: Sneasler|Fake Out||[still]\n|-hint|Fake Out only works on your first turn out.\n|-fail|p2a: Sneasler\n|move|p1a: Krookodile|Earthquake|p2a: Sneasler|[spread] p1b,p2a\n|-activate|p2b: Archaludon|move: Protect\n|-resisted|p1b: Whimsicott|1\n|-supereffective|p2a: Sneasler|1\n|-crit|p2a: Sneasler\n|-damage|p1b: Whimsicott|66/100\n|-damage|p2a: Sneasler|0 fnt\n|faint|p2a: Sneasler\n|-ability|p1a: Krookodile|Moxie|boost\n|-boost|p1a: Krookodile|atk|1\n|\n|-weather|RainDance|[upkeep]\n|-heal|p2b: Archaludon|100/100 par|[from] item: Leftovers\n|-sideend|p2: prisegi|move: Tailwind\n|upkeep\n|\n|t:|1776361610\n|switch|p2a: Basculegion|Basculegion, L50, M|100/100\n|turn|5\n|\n|t:|1776361625\n|move|p1b: Whimsicott|Encore|p2b: Archaludon\n|-start|p2b: Archaludon|Encore\n|move|p2b: Archaludon|Protect||[still]\n|-fail|p2b: Archaludon\n|move|p1a: Krookodile|Earthquake|p2a: Basculegion|[spread] p1b,p2a,p2b\n|-resisted|p1b: Whimsicott|1\n|-supereffective|p2b: Archaludon|1\n|-damage|p1b: Whimsicott|35/100\n|-damage|p2a: Basculegion|35/100\n|-damage|p2b: Archaludon|66/100 par\n|-ability|p2b: Archaludon|Stamina|boost\n|-boost|p2b: Archaludon|def|1\n|move|p2a: Basculegion|Wave Crash|p1a: Krookodile\n|-supereffective|p1a: Krookodile|1\n|-damage|p1a: Krookodile|0 fnt\n|faint|p1a: Krookodile\n|-damage|p2a: Basculegion|10/100|[from] Recoil\n|\n|-weather|none\n|-heal|p2b: Archaludon|72/100 par|[from] item: Leftovers\n|-sideend|p1: paquito35|move: Tailwind\n|upkeep\n|\n|t:|1776361638\n|switch|p1a: Pidgeot|Pidgeot, L50, F|100/100\n|turn|6\n|\n|t:|1776361649\n|detailschange|p1a: Pidgeot|Pidgeot-Mega, L50, F\n|-mega|p1a: Pidgeot|Pidgeot|Pidgeotite\n|move|p2b: Archaludon|Protect|p2b: Archaludon\n|-singleturn|p2b: Archaludon|Protect\n|move|p1a: Pidgeot|Heat Wave|p2a: Basculegion|[spread] p2a\n|-activate|p2b: Archaludon|move: Protect\n|-resisted|p2a: Basculegion|1\n|-damage|p2a: Basculegion|0 fnt\n|faint|p2a: Basculegion\n|move|p1b: Whimsicott|Giga Drain|p2b: Archaludon\n|-activate|p2b: Archaludon|move: Protect\n|\n|-heal|p2b: Archaludon|78/100 par|[from] item: Leftovers\n|upkeep\n|turn|7\n|\n|t:|1776361659\n|move|p2b: Archaludon|Protect|p2b: Archaludon\n|-singleturn|p2b: Archaludon|Protect\n|move|p1a: Pidgeot|Heat Wave|p2b: Archaludon\n|-activate|p2b: Archaludon|move: Protect\n|move|p1b: Whimsicott|Giga Drain|p2b: Archaludon\n|-activate|p2b: Archaludon|move: Protect\n|\n|-heal|p2b: Archaludon|84/100 par|[from] item: Leftovers\n|-end|p2b: Archaludon|Encore\n|upkeep\n|turn|8\n|\n|t:|1776361669\n|move|p1b: Whimsicott|Encore|p2b: Archaludon\n|-start|p2b: Archaludon|Encore\n|move|p2b: Archaludon|Protect||[still]\n|-fail|p2b: Archaludon\n|move|p1a: Pidgeot|Heat Wave|p2b: Archaludon\n|-damage|p2b: Archaludon|46/100 par\n|-ability|p2b: Archaludon|Stamina|boost\n|-boost|p2b: Archaludon|def|1\n|\n|-heal|p2b: Archaludon|52/100 par|[from] item: Leftovers\n|upkeep\n|turn|9\n|l|\u2606prisegi\n|player|p2|\n|\n|t:|1776361681\n|move|p2b: Archaludon|Protect|p2b: Archaludon\n|-singleturn|p2b: Archaludon|Protect\n|move|p1a: Pidgeot|Heat Wave|p2b: Archaludon\n|-activate|p2b: Archaludon|move: Protect\n|move|p1b: Whimsicott|Giga Drain|p2b: Archaludon\n|-activate|p2b: Archaludon|move: Protect\n|\n|-heal|p2b: Archaludon|58/100 par|[from] item: Leftovers\n|upkeep\n|turn|10\n|inactive|Battle timer is ON: inactive players will automatically lose when time's up. (requested by paquito35)\n|inactive|prisegi has 30 seconds to reconnect!\n|inactive|prisegi has 20 seconds to reconnect!\n|inactive|prisegi has 15 seconds to reconnect!\n|inactive|prisegi has 10 seconds to reconnect!\n|inactive|prisegi has 5 seconds to reconnect!\n|-message|prisegi lost due to inactivity.\n|\n|win|paquito35\n|raw|paquito35's rating: 1138 &rarr; <strong>1160</strong><br />(+22 for winning)\n|raw|prisegi's rating: 1092 &rarr; <strong>1071</strong><br />(-21 for losing)\n",
  "uploadtime": 1776361782,
  "views": 24,
  "formatid": "gen9championsvgc2026regma",
  "rating": 1071,
  "private": 0,
  "password": null
}