{
  "id": "gen9championsvgc2026regma-2583369347",
  "format": "[Gen 9 Champions] VGC 2026 Reg M-A",
  "players": [
    "dededelete this03",
    "takethephilpill"
  ],
  "log": "|j|\u2606dededelete this03\n|j|\u2606takethephilpill\n|t:|1776170761\n|gametype|doubles\n|player|p1|dededelete this03|clown|1100\n|player|p2|takethephilpill|#ptplviistarmies|1047\n|gen|9\n|tier|[Gen 9 Champions] VGC 2026 Reg M-A\n|rated|\n|rule|Species Clause: Limit one of each Pok\u00e9mon\n|rule|Item Clause: Limit 1 of each item\n|clearpoke\n|poke|p1|Mimikyu, L50, M|\n|poke|p1|Crabominable, L50, M|\n|poke|p1|Ninetales-Alola, L50, F|\n|poke|p1|Sinistcha, L50|\n|poke|p1|Incineroar, L50, F|\n|poke|p1|Gengar, L50, M|\n|poke|p2|Azumarill, L50, F|\n|poke|p2|Volcarona, L50, F|\n|poke|p2|Gengar, L50, F|\n|poke|p2|Incineroar, L50, M|\n|poke|p2|Kangaskhan, L50, F|\n|poke|p2|Maushold-Four, L50|\n|teampreview|4\n|inactive|Battle timer is ON: inactive players will automatically lose when time's up. (requested by takethephilpill)\n|\n|t:|1776170775\n|teamsize|p1|4\n|teamsize|p2|4\n|start\n|switch|p1a: RichesToRags|Mimikyu, L50, M|100/100\n|switch|p1b: Hala|Crabominable, L50, M|100/100\n|switch|p2a: Volcarona|Volcarona, L50, F|100/100\n|switch|p2b: Azumarill|Azumarill, L50, F|100/100\n|turn|1\n|\n|t:|1776170788\n|detailschange|p1b: Hala|Crabominable-Mega, L50, M\n|-mega|p1b: Hala|Crabominable|Crabominite\n|move|p1b: Hala|Protect|p1b: Hala\n|-singleturn|p1b: Hala|Protect\n|move|p2a: Volcarona|Tailwind|p2a: Volcarona\n|-sidestart|p2: takethephilpill|move: Tailwind\n|move|p2b: Azumarill|Belly Drum|p2b: Azumarill\n|-damage|p2b: Azumarill|51/100\n|-setboost|p2b: Azumarill|atk|6|[from] move: Belly Drum\n|move|p1a: RichesToRags|Trick Room|p1a: RichesToRags\n|-fieldstart|move: Trick Room|[of] p1a: RichesToRags\n|\n|upkeep\n|turn|2\n|\n|t:|1776170805\n|move|p2a: Volcarona|Rage Powder|p2a: Volcarona\n|-singleturn|p2a: Volcarona|move: Rage Powder\n|move|p1a: RichesToRags|Shadow Sneak|p2a: Volcarona\n|-damage|p2a: Volcarona|82/100\n|move|p1b: Hala|Ice Hammer|p2a: Volcarona\n|-resisted|p2a: Volcarona|1\n|-damage|p2a: Volcarona|17/100\n|-unboost|p1b: Hala|spe|1\n|move|p2b: Azumarill|Play Rough|p1b: Hala\n|-supereffective|p1b: Hala|1\n|-damage|p1b: Hala|0 fnt\n|faint|p1b: Hala\n|\n|upkeep\n|\n|t:|1776170821\n|switch|p1b: FoxeyTCG|Incineroar, L50, F, shiny|100/100\n|-ability|p1b: FoxeyTCG|Intimidate|boost\n|-unboost|p2a: Volcarona|atk|1\n|-unboost|p2b: Azumarill|atk|1\n|turn|3\n|\n|t:|1776170839\n|move|p2b: Azumarill|Protect|p2b: Azumarill\n|-singleturn|p2b: Azumarill|Protect\n|move|p1b: FoxeyTCG|Fake Out|p2b: Azumarill\n|-activate|p2b: Azumarill|move: Protect\n|move|p1a: RichesToRags|Shadow Sneak|p2b: Azumarill\n|-activate|p2b: Azumarill|move: Protect\n|move|p2a: Volcarona|Fiery Dance|p1a: RichesToRags\n|-activate|p1a: RichesToRags|ability: Disguise\n|-damage|p1a: RichesToRags|100/100\n|-boost|p2a: Volcarona|spa|1\n|detailschange|p1a: RichesToRags|Mimikyu-Busted, L50, M\n|-damage|p1a: RichesToRags|88/100|[from] pokemon: Mimikyu-Busted\n|\n|upkeep\n|turn|4\n|inactive|dededelete this03 has 30 seconds left.\n|\n|t:|1776170872\n|move|p2a: Volcarona|Rage Powder|p2a: Volcarona\n|-singleturn|p2a: Volcarona|move: Rage Powder\n|move|p1a: RichesToRags|Shadow Sneak|p2a: Volcarona\n|-damage|p2a: Volcarona|0 fnt\n|faint|p2a: Volcarona\n|move|p1b: FoxeyTCG|Darkest Lariat|p2b: Azumarill\n|-resisted|p2b: Azumarill|1\n|-damage|p2b: Azumarill|24/100\n|move|p2b: Azumarill|Liquidation|p1b: FoxeyTCG\n|-supereffective|p1b: FoxeyTCG|1\n|-damage|p1b: FoxeyTCG|0 fnt\n|faint|p1b: FoxeyTCG\n|\n|-sideend|p2: takethephilpill|move: Tailwind\n|upkeep\n|\n|t:|1776170884\n|switch|p1b: Veyle|Ninetales-Alola, L50, F|100/100\n|switch|p2a: Incineroar|Incineroar, L50, M|100/100\n|-weather|Snowscape|[from] ability: Snow Warning|[of] p1b: Veyle\n|turn|5\n|-message|dededelete this03 forfeited.\n|\n|win|takethephilpill\n|raw|dededelete this03's rating: 1100 &rarr; <strong>1071</strong><br />(-29 for losing)\n|raw|takethephilpill's rating: 1047 &rarr; <strong>1085</strong><br />(+38 for winning)\n|l|\u2606takethephilpill\n|player|p2|\n",
  "uploadtime": 1776170904,
  "views": 21,
  "formatid": "gen9championsvgc2026regma",
  "rating": 1071,
  "private": 0,
  "password": null
}