{
  "id": "gen9championsvgc2026regma-2588288301",
  "format": "[Gen 9 Champions] VGC 2026 Reg M-A",
  "players": [
    "mohab67",
    "Where Is My Router"
  ],
  "log": "|j|\u2606mohab67\n|j|\u2606Where Is My Router\n|t:|1776621230\n|gametype|doubles\n|player|p1|mohab67|eusine|1134\n|player|p2|Where Is My Router|giovanni|1134\n|gen|9\n|tier|[Gen 9 Champions] VGC 2026 Reg M-A\n|rated|\n|rule|Species Clause: Limit one of each Pok\u00e9mon\n|rule|Item Clause: Limit 1 of each item\n|clearpoke\n|poke|p1|Hawlucha, L50, F, shiny|\n|poke|p1|Mr. Rime, L50, F, shiny|\n|poke|p1|Incineroar, L50, M, shiny|\n|poke|p1|Gyarados, L50, M, shiny|\n|poke|p1|Scizor, L50, F, shiny|\n|poke|p1|Rotom-Mow, L50, shiny|\n|poke|p2|Golurk, L50|\n|poke|p2|Mimikyu, L50, F|\n|poke|p2|Basculegion, L50, M|\n|poke|p2|Spiritomb, L50, F|\n|poke|p2|Sinistcha-Masterpiece, L50|\n|poke|p2|Zoroark-Hisui, L50, M|\n|teampreview|4\n|inactive|Battle timer is ON: inactive players will automatically lose when time's up. (requested by Where Is My Router)\n|c|\u2606mohab67|whats with the mono ghost\n|c|\u2606Where Is My Router|I jst like ghost types\n|\n|t:|1776621281\n|teamsize|p1|4\n|teamsize|p2|4\n|start\n|switch|p1a: TornCat|Incineroar, L50, M, shiny|100/100\n|switch|p1b: Gyarados|Gyarados, L50, M, shiny|100/100\n|switch|p2a: Atlas|Golurk, L50|100/100\n|switch|p2b: Brewdew|Sinistcha-Masterpiece, L50|100/100\n|-ability|p1b: Gyarados|Intimidate|boost\n|-unboost|p2a: Atlas|atk|1\n|-unboost|p2b: Brewdew|atk|1\n|-ability|p1a: TornCat|Intimidate|boost\n|-unboost|p2a: Atlas|atk|1\n|-unboost|p2b: Brewdew|atk|1\n|turn|1\n|c|\u2606Where Is My Router|I know I'm not winning anyway\n|c|\u2606mohab67|you have a hard ahh trick room WDYMMMMM\n|inactive|mohab67 has 30 seconds left.\n|inactive|mohab67 has 20 seconds left.\n|inactive|mohab67 has 15 seconds left.\n|\n|t:|1776621325\n|move|p2a: Atlas|Focus Blast|p1a: TornCat\n|-supereffective|p1a: TornCat|1\n|-damage|p1a: TornCat|23/100\n|move|p1b: Gyarados|Waterfall|p2a: Atlas\n|-damage|p2a: Atlas|11/100\n|replace|p2a: Jasper|Zoroark-Hisui, L50, M\n|-end|p2a: Jasper|Illusion\n|move|p2b: Brewdew|Matcha Gotcha|p1b: Gyarados|[spread] p1a\n|-miss|p2b: Brewdew|p1b: Gyarados\n|-resisted|p1a: TornCat|1\n|-damage|p1a: TornCat|8/100\n|move|p1a: TornCat|Throat Chop|p2a: Jasper\n|-supereffective|p2a: Jasper|1\n|-damage|p2a: Jasper|0 fnt\n|faint|p2a: Jasper\n|\n|upkeep\n|c|\u2606Where Is My Router|Holy Intimidate\n|\n|t:|1776621343\n|switch|p2a: Atlas|Golurk, L50|100/100\n|turn|2\n|c|\u2606mohab67|you played me dirty with that zorark\n|\n|t:|1776621357\n|move|p2a: Atlas|Protect|p2a: Atlas\n|-singleturn|p2a: Atlas|Protect\n|move|p1b: Gyarados|Waterfall|p2a: Atlas\n|-activate|p2a: Atlas|move: Protect\n|move|p1a: TornCat|Throat Chop|p2a: Atlas\n|-activate|p2a: Atlas|move: Protect\n|move|p2b: Brewdew|Trick Room|p2b: Brewdew\n|-fieldstart|move: Trick Room|[of] p2b: Brewdew\n|\n|upkeep\n|turn|3\n|c|\u2606Where Is My Router|Fr\n|inactive|mohab67 has 30 seconds left.\n|\n|t:|1776621386\n|detailschange|p2a: Atlas|Golurk-Mega, L50\n|-mega|p2a: Atlas|Golurk|Golurkite\n|move|p2b: Brewdew|Rage Powder|p2b: Brewdew\n|-singleturn|p2b: Brewdew|move: Rage Powder\n|move|p2a: Atlas|Ice Punch|p1a: TornCat\n|-resisted|p1a: TornCat|1\n|-damage|p1a: TornCat|0 fnt\n|faint|p1a: TornCat\n|move|p1b: Gyarados|Waterfall|p2b: Brewdew\n|-resisted|p2b: Brewdew|1\n|-damage|p2b: Brewdew|83/100\n|\n|upkeep\n|inactive|mohab67 has 30 seconds left.\n|\n|t:|1776621411\n|switch|p1a: Scizor|Scizor, L50, F, shiny|100/100\n|turn|4\n|\n|t:|1776621424\n|detailschange|p1a: Scizor|Scizor-Mega, L50, F, shiny\n|-mega|p1a: Scizor|Scizor|Scizorite\n|move|p2b: Brewdew|Rage Powder|p2b: Brewdew\n|-singleturn|p2b: Brewdew|move: Rage Powder\n|move|p2a: Atlas|Headlong Rush|p1a: Scizor\n|-damage|p1a: Scizor|37/100\n|-unboost|p2a: Atlas|def|1\n|-unboost|p2a: Atlas|spd|1\n|move|p1a: Scizor|Knock Off|p2b: Brewdew\n|-supereffective|p2b: Brewdew|1\n|-damage|p2b: Brewdew|9/100\n|-enditem|p2b: Brewdew|Shell Bell|[from] move: Knock Off|[of] p1a: Scizor\n|move|p1b: Gyarados|Dragon Dance|p1b: Gyarados\n|-boost|p1b: Gyarados|atk|1\n|-boost|p1b: Gyarados|spe|1\n|\n|upkeep\n|turn|5\n|inactive|mohab67 has 30 seconds left.\n|inactive|Where Is My Router has 30 seconds left.\n|\n|t:|1776621452\n|move|p1a: Scizor|Bullet Punch|p2b: Brewdew\n|-damage|p2b: Brewdew|0 fnt\n|faint|p2b: Brewdew\n|move|p2a: Atlas|Headlong Rush|p1a: Scizor\n|-damage|p1a: Scizor|0 fnt\n|-unboost|p2a: Atlas|def|1\n|-unboost|p2a: Atlas|spd|1\n|faint|p1a: Scizor\n|move|p1b: Gyarados|Waterfall|p2a: Atlas\n|-supereffective|p2a: Atlas|1\n|-damage|p2a: Atlas|0 fnt\n|faint|p2a: Atlas\n|\n|upkeep\n|\n|t:|1776621467\n|switch|p2a: Karonte|Basculegion, L50, M|100/100\n|switch|p1a: Rotom|Rotom-Mow, L50, shiny|100/100\n|turn|6\n|\n|t:|1776621477\n|move|p2a: Karonte|Last Respects|p1a: Rotom\n|-damage|p1a: Rotom|0 fnt\n|faint|p1a: Rotom\n|move|p1b: Gyarados|Waterfall|p2a: Karonte\n|-resisted|p2a: Karonte|1\n|-damage|p2a: Karonte|62/100\n|\n|-fieldend|move: Trick Room\n|upkeep\n|turn|7\n|-activate|p2a: Karonte|item: Quick Claw\n|\n|t:|1776621491\n|move|p2a: Karonte|Last Respects|p1b: Gyarados\n|-damage|p1b: Gyarados|0 fnt\n|faint|p1b: Gyarados\n|\n|win|Where Is My Router\n|raw|mohab67's rating: 1134 &rarr; <strong>1109</strong><br />(-25 for losing)\n|raw|Where Is My Router's rating: 1134 &rarr; <strong>1159</strong><br />(+25 for winning)\n|c|\u2606mohab67|gg\n|c|\u2606Where Is My Router|Gg\n|l|\u2606mohab67\n|player|p1|\n",
  "uploadtime": 1776621502,
  "views": 23,
  "formatid": "gen9championsvgc2026regma",
  "rating": 1109,
  "private": 0,
  "password": null
}