{
  "id": "gen9championsvgc2026regma-2587189778",
  "format": "[Gen 9 Champions] VGC 2026 Reg M-A",
  "players": [
    "kardius",
    "chrislovesjapan"
  ],
  "log": "|j|\u2606kardius\n|j|\u2606chrislovesjapan\n|t:|1776506516\n|gametype|doubles\n|player|p1|kardius|candice|1062\n|player|p2|chrislovesjapan|102|1000\n|gen|9\n|tier|[Gen 9 Champions] VGC 2026 Reg M-A\n|rated|\n|rule|Species Clause: Limit one of each Pok\u00e9mon\n|rule|Item Clause: Limit 1 of each item\n|clearpoke\n|poke|p1|Sneasler, L50, M|\n|poke|p1|Floette-Eternal, L50, F|\n|poke|p1|Aerodactyl, L50, M|\n|poke|p1|Maushold, L50|\n|poke|p1|Sinistcha, L50|\n|poke|p1|Kangaskhan, L50, F|\n|poke|p2|Pelipper, L50, M|\n|poke|p2|Archaludon, L50, F, shiny|\n|poke|p2|Sinistcha, L50, shiny|\n|poke|p2|Dragonite, L50, M|\n|poke|p2|Incineroar, L50, M, shiny|\n|poke|p2|Sneasler, L50, M|\n|teampreview|4\n|inactive|Battle timer is ON: inactive players will automatically lose when time's up. (requested by kardius)\n|inactive|chrislovesjapan has 60 seconds left.\n|\n|t:|1776506573\n|teamsize|p1|4\n|teamsize|p2|4\n|start\n|switch|p1a: Floette|Floette-Eternal, L50, F|100/100\n|switch|p1b: Maushold|Maushold, L50|100/100\n|switch|p2a: Pelipper|Pelipper, L50, M|100/100\n|switch|p2b: Incineroar|Incineroar, L50, M, shiny|100/100\n|-weather|RainDance|[from] ability: Drizzle|[of] p2a: Pelipper\n|-ability|p2b: Incineroar|Intimidate|boost\n|-unboost|p1a: Floette|atk|1\n|-unboost|p1b: Maushold|atk|1\n|turn|1\n|inactive|chrislovesjapan has 30 seconds left.\n|\n|t:|1776506606\n|switch|p2b: Sneasler|Sneasler, L50, M|100/100\n|move|p1a: Floette|Protect|p1a: Floette\n|-singleturn|p1a: Floette|Protect\n|move|p1b: Maushold|Encore||[still]\n|-fail|p1b: Maushold\n|move|p2a: Pelipper|Tailwind|p2a: Pelipper\n|-sidestart|p2: chrislovesjapan|move: Tailwind\n|\n|-weather|RainDance|[upkeep]\n|upkeep\n|turn|2\n|inactive|chrislovesjapan has 30 seconds left.\n|inactive|chrislovesjapan has 20 seconds left.\n|inactive|chrislovesjapan has 15 seconds left.\n|\n|t:|1776506649\n|detailschange|p1a: Floette|Floette-Mega, L50, F\n|-mega|p1a: Floette|Floette|Floettite\n|-ability|p1a: Floette|Fairy Aura\n|move|p2a: Pelipper|Protect|p2a: Pelipper\n|-singleturn|p2a: Pelipper|Protect\n|move|p1b: Maushold|Follow Me|p1b: Maushold\n|-singleturn|p1b: Maushold|move: Follow Me\n|move|p2b: Sneasler|Close Combat|p1b: Maushold\n|-supereffective|p1b: Maushold|1\n|-damage|p1b: Maushold|0 fnt\n|-unboost|p2b: Sneasler|def|1\n|-unboost|p2b: Sneasler|spd|1\n|faint|p1b: Maushold\n|-enditem|p2b: Sneasler|White Herb\n|-clearnegativeboost|p2b: Sneasler|[silent]\n|move|p1a: Floette|Light of Ruin|p2b: Sneasler\n|-damage|p2b: Sneasler|0 fnt\n|faint|p2b: Sneasler\n|-damage|p1a: Floette|48/100|[from] Recoil\n|\n|-weather|RainDance|[upkeep]\n|upkeep\n|inactive|chrislovesjapan has 30 seconds left.\n|\n|t:|1776506679\n|switch|p1b: Aerodactyl|Aerodactyl, L50, M|100/100\n|switch|p2b: Incineroar|Incineroar, L50, M, shiny|100/100\n|-ability|p1b: Aerodactyl|Unnerve\n|-ability|p2b: Incineroar|Intimidate|boost\n|-unboost|p1a: Floette|atk|1\n|-unboost|p1b: Aerodactyl|atk|1\n|turn|3\n|inactive|chrislovesjapan has 30 seconds left.\n|\n|t:|1776506710\n|move|p1a: Floette|Protect|p1a: Floette\n|-singleturn|p1a: Floette|Protect\n|move|p2b: Incineroar|Fake Out|p1b: Aerodactyl\n|-resisted|p1b: Aerodactyl|1\n|-damage|p1b: Aerodactyl|91/100\n|move|p2a: Pelipper|Weather Ball|p1a: Floette\n|-activate|p1a: Floette|move: Protect\n|cant|p1b: Aerodactyl|flinch\n|\n|-weather|RainDance|[upkeep]\n|upkeep\n|turn|4\n|inactive|kardius has 30 seconds left.\n|inactive|chrislovesjapan has 30 seconds left.\n|inactive|chrislovesjapan has 20 seconds left.\n|inactive|chrislovesjapan has 15 seconds left.\n|inactive|chrislovesjapan has 10 seconds left.\n|\n|t:|1776506757\n|move|p2a: Pelipper|Weather Ball|p1b: Aerodactyl\n|-supereffective|p1b: Aerodactyl|1\n|-damage|p1b: Aerodactyl|0 fnt\n|faint|p1b: Aerodactyl\n|move|p1a: Floette|Dazzling Gleam|p2b: Incineroar|[spread] p2a,p2b\n|-damage|p2a: Pelipper|17/100\n|-damage|p2b: Incineroar|58/100\n|move|p2b: Incineroar|Flare Blitz|p1a: Floette\n|-damage|p1a: Floette|16/100\n|-damage|p2b: Incineroar|50/100|[from] Recoil\n|\n|-weather|RainDance|[upkeep]\n|-sideend|p2: chrislovesjapan|move: Tailwind\n|upkeep\n|\n|t:|1776506762\n|switch|p1b: Sneasler|Sneasler, L50, M|100/100\n|turn|5\n|inactive|chrislovesjapan has 30 seconds left.\n|\n|t:|1776506788\n|move|p1b: Sneasler|Fake Out|p2b: Incineroar\n|-damage|p2b: Incineroar|38/100\n|move|p1a: Floette|Dazzling Gleam|p2b: Incineroar|[spread] p2a,p2b\n|-damage|p2a: Pelipper|0 fnt\n|-damage|p2b: Incineroar|0 fnt\n|faint|p2a: Pelipper\n|faint|p2b: Incineroar\n|\n|-weather|none\n|upkeep\n|\n|t:|1776506807\n|switch|p2b: Dragonite|Dragonite, L50, M|100/100\n|turn|6\n|\n|t:|1776506817\n|detailschange|p2b: Dragonite|Dragonite-Mega, L50, M\n|-mega|p2b: Dragonite|Dragonite|Dragoninite\n|move|p1a: Floette|Protect|p1a: Floette\n|-singleturn|p1a: Floette|Protect\n|move|p2b: Dragonite|Extreme Speed|p1a: Floette\n|-activate|p1a: Floette|move: Protect\n|move|p1b: Sneasler|Dire Claw|p2b: Dragonite\n|-damage|p2b: Dragonite|81/100\n|\n|upkeep\n|turn|7\n|\n|t:|1776506834\n|move|p1a: Floette|Protect||[still]\n|-fail|p1a: Floette\n|move|p2b: Dragonite|Extreme Speed|p1a: Floette\n|-crit|p1a: Floette\n|-damage|p1a: Floette|0 fnt\n|faint|p1a: Floette\n|move|p1b: Sneasler|Dire Claw|p2b: Dragonite\n|-damage|p2b: Dragonite|42/100\n|\n|upkeep\n|turn|8\n|\n|t:|1776506852\n|move|p1b: Sneasler|Dire Claw|p2b: Dragonite\n|-damage|p2b: Dragonite|3/100\n|move|p2b: Dragonite|Hurricane|p1b: Sneasler|[miss]\n|-miss|p2b: Dragonite|p1b: Sneasler\n|\n|upkeep\n|turn|9\n|\n|t:|1776506862\n|move|p1b: Sneasler|Dire Claw|p2b: Dragonite\n|-damage|p2b: Dragonite|0 fnt\n|faint|p2b: Dragonite\n|\n|win|kardius\n|raw|kardius's rating: 1062 &rarr; <strong>1087</strong><br />(+25 for winning)\n|raw|chrislovesjapan's rating: 1000 &rarr; <strong>1000</strong><br />(+0 for losing)\n|l|\u2606kardius\n|player|p1|\n|c|\u2606chrislovesjapan|i tried\n|c|\u2606chrislovesjapan|i really need to improve at champions raanked\n",
  "uploadtime": 1776506901,
  "views": 23,
  "formatid": "gen9championsvgc2026regma",
  "rating": 1000,
  "private": 0,
  "password": null
}