{
  "id": "gen9championsvgc2026regma-2587669158",
  "format": "[Gen 9 Champions] VGC 2026 Reg M-A",
  "players": [
    "dune's kitchen",
    "coummmfpk"
  ],
  "log": "|j|\u2606dune's kitchen\n|j|\u2606coummmfpk\n|t:|1776552156\n|gametype|doubles\n|player|p1|dune's kitchen|baker|1260\n|player|p2|coummmfpk|flannery|1239\n|gen|9\n|tier|[Gen 9 Champions] VGC 2026 Reg M-A\n|rated|\n|rule|Species Clause: Limit one of each Pok\u00e9mon\n|rule|Item Clause: Limit 1 of each item\n|clearpoke\n|poke|p1|Meowstic-F, L50, F|\n|poke|p1|Wyrdeer, L50, F|\n|poke|p1|Tyranitar, L50, F|\n|poke|p1|Corviknight, L50, F|\n|poke|p1|Sinistcha, L50|\n|poke|p1|Sylveon, L50, F|\n|poke|p2|Garchomp, L50, M|\n|poke|p2|Meowscarada, L50, M|\n|poke|p2|Charizard, L50, M|\n|poke|p2|Rotom-Wash, L50|\n|poke|p2|Kommo-o, L50, F|\n|poke|p2|Corviknight, L50, F|\n|teampreview|4\n|\n|t:|1776552200\n|teamsize|p1|4\n|teamsize|p2|4\n|start\n|switch|p1a: Meowstic|Meowstic-F, L50, F|100/100\n|switch|p1b: Wyrdeer|Wyrdeer, L50, F|100/100\n|switch|p2a: Meowscarada|Meowscarada, L50, M|100/100\n|switch|p2b: Corviknight|Corviknight, L50, F|100/100\n|-ability|p1b: Wyrdeer|Intimidate|boost\n|-unboost|p2a: Meowscarada|atk|1\n|-ability|p2b: Corviknight|Mirror Armor\n|-unboost|p1b: Wyrdeer|atk|1\n|turn|1\n|\n|t:|1776552221\n|move|p1a: Meowstic|Fake Out|p2a: Meowscarada\n|-damage|p2a: Meowscarada|93/100\n|cant|p2a: Meowscarada|flinch\n|move|p2b: Corviknight|Tailwind|p2b: Corviknight\n|-sidestart|p2: coummmfpk|move: Tailwind\n|move|p1b: Wyrdeer|Skill Swap|p2b: Corviknight\n|-activate|p1b: Wyrdeer|Skill Swap|Mirror Armor|Intimidate|[of] p2b: Corviknight\n|-ability|p2b: Corviknight|Intimidate|boost\n|-unboost|p1a: Meowstic|atk|1\n|-ability|p1a: Meowstic|Competitive|boost\n|-boost|p1a: Meowstic|spa|2\n|-ability|p1b: Wyrdeer|Mirror Armor\n|-unboost|p2b: Corviknight|atk|1\n|\n|upkeep\n|turn|2\n|\n|t:|1776552243\n|move|p1a: Meowstic|Protect|p1a: Meowstic\n|-singleturn|p1a: Meowstic|Protect\n|move|p2a: Meowscarada|Flower Trick|p1a: Meowstic\n|-activate|p1a: Meowstic|move: Protect\n|move|p2b: Corviknight|Body Press|p1b: Wyrdeer\n|-damage|p1b: Wyrdeer|75/100\n|move|p1b: Wyrdeer|Trick Room|p1b: Wyrdeer\n|-fieldstart|move: Trick Room|[of] p1b: Wyrdeer\n|\n|upkeep\n|turn|3\n|\n|t:|1776552272\n|switch|p1b: Sylveon|Sylveon, L50, F|100/100\n|detailschange|p1a: Meowstic|Meowstic-F-Mega, L50, F\n|-mega|p1a: Meowstic|Meowstic|Meowsticite\n|-ability|p1a: Meowstic|Intimidate|Trace|[from] ability: Trace|[of] p2b: Corviknight\n|-ability|p1a: Meowstic|Intimidate|boost\n|-unboost|p2a: Meowscarada|atk|1\n|-unboost|p2b: Corviknight|atk|1\n|move|p2a: Meowscarada|Protect|p2a: Meowscarada\n|-singleturn|p2a: Meowscarada|Protect\n|move|p1a: Meowstic|Thunderbolt|p2b: Corviknight\n|-supereffective|p2b: Corviknight|1\n|-damage|p2b: Corviknight|0 fnt\n|faint|p2b: Corviknight\n|\n|upkeep\n|\n|t:|1776552287\n|switch|p2b: Charizard|Charizard, L50, M|100/100\n|turn|4\n|\n|t:|1776552303\n|move|p2b: Charizard|Protect|p2b: Charizard\n|-singleturn|p2b: Charizard|Protect\n|move|p1b: Sylveon|Calm Mind|p1b: Sylveon\n|-boost|p1b: Sylveon|spa|1\n|-boost|p1b: Sylveon|spd|1\n|move|p1a: Meowstic|Thunderbolt|p2b: Charizard\n|-activate|p2b: Charizard|move: Protect\n|move|p2a: Meowscarada|Flower Trick|p1b: Sylveon\n|-crit|p1b: Sylveon\n|-damage|p1b: Sylveon|44/100\n|\n|-sideend|p2: coummmfpk|move: Tailwind\n|upkeep\n|turn|5\n|\n|t:|1776552332\n|detailschange|p2b: Charizard|Charizard-Mega-Y, L50, M\n|-mega|p2b: Charizard|Charizard|Charizardite Y\n|-weather|SunnyDay|[from] ability: Drought|[of] p2b: Charizard\n|move|p2a: Meowscarada|Protect|p2a: Meowscarada\n|-singleturn|p2a: Meowscarada|Protect\n|move|p1a: Meowstic|Protect|p1a: Meowstic\n|-singleturn|p1a: Meowstic|Protect\n|move|p1b: Sylveon|Hyper Voice|p2b: Charizard|[spread] p2b\n|-activate|p2a: Meowscarada|move: Protect\n|-resisted|p2b: Charizard|1\n|-damage|p2b: Charizard|79/100\n|move|p2b: Charizard|Heat Wave|p1b: Sylveon|[spread] p1b\n|-activate|p1a: Meowstic|move: Protect\n|-damage|p1b: Sylveon|22/100\n|\n|-weather|SunnyDay|[upkeep]\n|upkeep\n|turn|6\n|\n|t:|1776552356\n|switch|p2a: Garchomp|Garchomp, L50, M|100/100\n|move|p2b: Charizard|Protect|p2b: Charizard\n|-singleturn|p2b: Charizard|Protect\n|move|p1b: Sylveon|Hyper Voice|p2b: Charizard|[spread] p2a\n|-activate|p2b: Charizard|move: Protect\n|-supereffective|p2a: Garchomp|1\n|-damage|p2a: Garchomp|15/100\n|move|p1a: Meowstic|Psychic|p2b: Charizard\n|-activate|p2b: Charizard|move: Protect\n|\n|-weather|SunnyDay|[upkeep]\n|-fieldend|move: Trick Room\n|upkeep\n|turn|7\n|\n|t:|1776552376\n|switch|p2b: Meowscarada|Meowscarada, L50, M|93/100\n|switch|p1b: Wyrdeer|Wyrdeer, L50, F|75/100\n|-ability|p1b: Wyrdeer|Intimidate|boost\n|-unboost|p2a: Garchomp|atk|1\n|-unboost|p2b: Meowscarada|atk|1\n|move|p2a: Garchomp|Stomping Tantrum|p1b: Wyrdeer\n|-damage|p1b: Wyrdeer|43/100\n|-enditem|p1b: Wyrdeer|Sitrus Berry|[eat]\n|-heal|p1b: Wyrdeer|68/100|[from] item: Sitrus Berry\n|move|p1a: Meowstic|Thunderbolt|p2b: Meowscarada\n|-resisted|p2b: Meowscarada|1\n|-damage|p2b: Meowscarada|41/100\n|\n|-weather|SunnyDay|[upkeep]\n|upkeep\n|turn|8\n|\n|t:|1776552400\n|move|p2a: Garchomp|Stomping Tantrum|p1b: Wyrdeer\n|-damage|p1b: Wyrdeer|40/100\n|move|p1a: Meowstic|Thunderbolt|p2b: Meowscarada\n|-resisted|p2b: Meowscarada|1\n|-damage|p2b: Meowscarada|0 fnt\n|faint|p2b: Meowscarada\n|move|p1b: Wyrdeer|Psychic Noise|p2a: Garchomp\n|-damage|p2a: Garchomp|0 fnt\n|faint|p2a: Garchomp\n|\n|-weather|SunnyDay|[upkeep]\n|upkeep\n|-message|coummmfpk forfeited.\n|\n|win|dune's kitchen\n|raw|dune&apos;s kitchen's rating: 1260 &rarr; <strong>1283</strong><br />(+23 for winning)\n|raw|coummmfpk's rating: 1239 &rarr; <strong>1216</strong><br />(-23 for losing)\n",
  "uploadtime": 1776552410,
  "views": 15,
  "formatid": "gen9championsvgc2026regma",
  "rating": 1216,
  "private": 0,
  "password": null
}