{
  "id": "gen9championsvgc2026regma-2582458259",
  "format": "[Gen 9 Champions] VGC 2026 Reg M-A",
  "players": [
    "the_ag_is_fake",
    "houses6\u80e1\u841d\u535c\u4fa0"
  ],
  "log": "|j|\u2606the_ag_is_fake\n|j|\u2606houses6\u80e1\u841d\u535c\u4fa0\n|t:|1776092997\n|gametype|doubles\n|player|p1|the_ag_is_fake|rika|1316\n|player|p2|houses6\u80e1\u841d\u535c\u4fa0|li|1301\n|gen|9\n|tier|[Gen 9 Champions] VGC 2026 Reg M-A\n|rated|\n|rule|Species Clause: Limit one of each Pok\u00e9mon\n|rule|Item Clause: Limit 1 of each item\n|clearpoke\n|poke|p1|Clefable, L50, M|\n|poke|p1|Incineroar, L50, F|\n|poke|p1|Kingambit, L50, M|\n|poke|p1|Sneasler, L50, M|\n|poke|p1|Kommo-o, L50, F|\n|poke|p1|Froslass, L50, F|\n|poke|p2|Charizard, L50, F|\n|poke|p2|Tyranitar, L50, F|\n|poke|p2|Aegislash, L50, M|\n|poke|p2|Mamoswine, L50, F|\n|poke|p2|Gyarados, L50, F|\n|poke|p2|Sneasler, L50, F|\n|teampreview|4\n|inactive|Battle timer is ON: inactive players will automatically lose when time's up. (requested by the_ag_is_fake)\n|inactive|houses6\u80e1\u841d\u535c\u4fa0 has 60 seconds left.\n|j| swbthj\n|inactive|houses6\u80e1\u841d\u535c\u4fa0 has 30 seconds left.\n|l| swbthj\n|inactive|houses6\u80e1\u841d\u535c\u4fa0 has 20 seconds left.\n|inactive|houses6\u80e1\u841d\u535c\u4fa0 has 15 seconds left.\n|\n|t:|1776093075\n|teamsize|p1|4\n|teamsize|p2|4\n|start\n|switch|p1a: Kingambit|Kingambit, L50, M|100/100\n|switch|p1b: Incineroar|Incineroar, L50, F|100/100\n|switch|p2a: Mamoswine|Mamoswine, L50, F|100/100\n|switch|p2b: Charizard|Charizard, L50, F|100/100\n|-ability|p1b: Incineroar|Intimidate|boost\n|-fail|p2a: Mamoswine|unboost|Attack|[from] ability: Oblivious|[of] p2a: Mamoswine\n|-unboost|p2b: Charizard|atk|1\n|turn|1\n|\n|t:|1776093098\n|move|p2b: Charizard|Protect|p2b: Charizard\n|-singleturn|p2b: Charizard|Protect\n|move|p2a: Mamoswine|Protect|p2a: Mamoswine\n|-singleturn|p2a: Mamoswine|Protect\n|move|p1b: Incineroar|Fake Out|p2b: Charizard\n|-activate|p2b: Charizard|move: Protect\n|move|p1a: Kingambit|Swords Dance|p1a: Kingambit\n|-boost|p1a: Kingambit|atk|2\n|\n|upkeep\n|turn|2\n|\n|t:|1776093116\n|detailschange|p2b: Charizard|Charizard-Mega-Y, L50, F\n|-mega|p2b: Charizard|Charizard|Charizardite Y\n|-weather|SunnyDay|[from] ability: Drought|[of] p2b: Charizard\n|move|p1a: Kingambit|Protect|p1a: Kingambit\n|-singleturn|p1a: Kingambit|Protect\n|move|p2b: Charizard|Weather Ball|p1a: Kingambit\n|-activate|p1a: Kingambit|move: Protect\n|move|p2a: Mamoswine|Earthquake|p1a: Kingambit|[spread] p1b\n|-activate|p1a: Kingambit|move: Protect\n|-immune|p2b: Charizard\n|-supereffective|p1b: Incineroar|1\n|-damage|p1b: Incineroar|25/100\n|-enditem|p1b: Incineroar|Sitrus Berry|[eat]\n|-heal|p1b: Incineroar|50/100|[from] item: Sitrus Berry\n|move|p1b: Incineroar|Parting Shot|p2b: Charizard\n|-unboost|p2b: Charizard|atk|1\n|-unboost|p2b: Charizard|spa|1\n|\n|t:|1776093124\n|switch|p1b: Froslass|Froslass, L50, F|100/100|[from] Parting Shot\n|\n|-weather|SunnyDay|[upkeep]\n|upkeep\n|turn|3\n|\n|t:|1776093144\n|switch|p2b: Aegislash|Aegislash, L50, M|100/100\n|detailschange|p1b: Froslass|Froslass-Mega, L50, F\n|-mega|p1b: Froslass|Froslass|Froslassite\n|-weather|Snowscape|[from] ability: Snow Warning|[of] p1b: Froslass\n|move|p1a: Kingambit|Sucker Punch|p2a: Mamoswine\n|-damage|p2a: Mamoswine|23/100\n|move|p1b: Froslass|Blizzard|p2a: Mamoswine|[spread] p2a,p2b\n|-crit|p2a: Mamoswine\n|-resisted|p2b: Aegislash|1\n|-damage|p2a: Mamoswine|0 fnt\n|-damage|p2b: Aegislash|79/100\n|faint|p2a: Mamoswine\n|\n|-weather|Snowscape|[upkeep]\n|upkeep\n|inactive|houses6\u80e1\u841d\u535c\u4fa0 has 30 seconds left.\n|inactive|houses6\u80e1\u841d\u535c\u4fa0 has 20 seconds left.\n|inactive|houses6\u80e1\u841d\u535c\u4fa0 has 15 seconds left.\n|inactive|houses6\u80e1\u841d\u535c\u4fa0 has 10 seconds left.\n|inactive|houses6\u80e1\u841d\u535c\u4fa0 has 5 seconds left.\n|\n|t:|1776093195\n|switch|p2a: Charizard|Charizard-Mega-Y, L50, F|100/100\n|-weather|SunnyDay|[from] ability: Drought|[of] p2a: Charizard\n|turn|4\n|\n|t:|1776093204\n|switch|p1b: Incineroar|Incineroar, L50, F|50/100\n|-ability|p1b: Incineroar|Intimidate|boost\n|-unboost|p2a: Charizard|atk|1\n|-unboost|p2b: Aegislash|atk|1\n|move|p1a: Kingambit|Protect|p1a: Kingambit\n|-singleturn|p1a: Kingambit|Protect\n|move|p2a: Charizard|Heat Wave|p1b: Incineroar|[spread] p1b\n|-activate|p1a: Kingambit|move: Protect\n|-resisted|p1b: Incineroar|1\n|-damage|p1b: Incineroar|25/100\n|-formechange|p2b: Aegislash|Aegislash-Blade|\n|move|p2b: Aegislash|Close Combat|p1b: Incineroar\n|-supereffective|p1b: Incineroar|1\n|-damage|p1b: Incineroar|0 fnt\n|-unboost|p2b: Aegislash|def|1\n|-unboost|p2b: Aegislash|spd|1\n|faint|p1b: Incineroar\n|\n|-weather|SunnyDay|[upkeep]\n|upkeep\n|\n|t:|1776093218\n|switch|p1b: Sneasler|Sneasler, L50, M|100/100\n|turn|5\n|j| swbthj\n|inactive|houses6\u80e1\u841d\u535c\u4fa0 has 30 seconds left.\n|\n|t:|1776093244\n|move|p1b: Sneasler|Fake Out|p2a: Charizard\n|-damage|p2a: Charizard|84/100\n|-status|p2a: Charizard|psn|[from] ability: Poison Touch|[of] p1b: Sneasler\n|move|p1a: Kingambit|Sucker Punch|p2b: Aegislash\n|-supereffective|p2b: Aegislash|1\n|-damage|p2b: Aegislash|0 fnt\n|faint|p2b: Aegislash\n|cant|p2a: Charizard|flinch\n|\n|-weather|SunnyDay|[upkeep]\n|-damage|p2a: Charizard|72/100 psn|[from] psn\n|upkeep\n|-message|houses6\u80e1\u841d\u535c\u4fa0 forfeited.\n|\n|win|the_ag_is_fake\n|raw|the_ag_is_fake's rating: 1316 &rarr; <strong>1335</strong><br />(+19 for winning)\n|raw|houses6\u80e1\u841d\u535c\u4fa0's rating: 1301 &rarr; <strong>1282</strong><br />(-19 for losing)\n",
  "uploadtime": 1776093250,
  "views": 25,
  "formatid": "gen9championsvgc2026regma",
  "rating": 1282,
  "private": 0,
  "password": null
}