{
  "id": "gen9championsvgc2026regma-2581155528",
  "format": "[Gen 9 Champions] VGC 2026 Reg M-A",
  "players": [
    "EtherTheInfernal",
    "JakeAndJoshGaming"
  ],
  "log": "|j|\u2606EtherTheInfernal\n|j|\u2606JakeAndJoshGaming\n|t:|1775965242\n|gametype|doubles\n|player|p1|EtherTheInfernal|2|\n|player|p2|JakeAndJoshGaming|cheren-masters|\n|gen|9\n|tier|[Gen 9 Champions] VGC 2026 Reg M-A\n|rule|Species Clause: Limit one of each Pok\u00e9mon\n|rule|Item Clause: Limit 1 of each item\n|clearpoke\n|poke|p1|Golurk, L50|\n|poke|p1|Oranguru, L50, M|\n|poke|p1|Hydreigon, L50, M|\n|poke|p1|Chesnaught, L50, M|\n|poke|p1|Tyranitar, L50, M|\n|poke|p1|Hatterene, L50, F|\n|poke|p2|Rotom-Heat, L50|\n|poke|p2|Milotic, L50, F|\n|poke|p2|Zoroark-Hisui, L50, F|\n|poke|p2|Tyranitar, L50, M|\n|poke|p2|Sinistcha-Masterpiece, L50|\n|poke|p2|Excadrill, L50, M|\n|teampreview|4\n|j| Dothemario9\n|c| Dothemario9|prank em, John\n|\n|t:|1775965280\n|teamsize|p1|4\n|teamsize|p2|4\n|start\n|switch|p1a: King Louie|Oranguru, L50, M|100/100\n|switch|p1b: Gigas|Golurk, L50, shiny|100/100\n|switch|p2a: Rotom|Rotom-Heat, L50|100/100\n|switch|p2b: Excadrill|Excadrill, L50, M|100/100\n|turn|1\n|\n|t:|1775965305\n|detailschange|p1b: Gigas|Golurk-Mega, L50, shiny\n|-mega|p1b: Gigas|Golurk|Golurkite\n|move|p2a: Rotom|Will-O-Wisp|p1b: Gigas\n|-status|p1b: Gigas|brn\n|move|p2b: Excadrill|Bitter Malice|p1b: Gigas\n|-supereffective|p1b: Gigas|1\n|-damage|p1b: Gigas|38/100 brn\n|-unboost|p1b: Gigas|atk|1\n|move|p1b: Gigas|Headlong Rush|p2b: Excadrill\n|-damage|p2b: Excadrill|47/100\n|-unboost|p1b: Gigas|def|1\n|-unboost|p1b: Gigas|spd|1\n|replace|p2b: Zoroark|Zoroark-Hisui, L50, F\n|-end|p2b: Zoroark|Illusion\n|move|p1a: King Louie|Instruct|p1b: Gigas\n|-singleturn|p1b: Gigas|move: Instruct|[of] p1a: King Louie\n|move|p1b: Gigas|Headlong Rush|p2b: Zoroark\n|-damage|p2b: Zoroark|0 fnt\n|-unboost|p1b: Gigas|def|1\n|-unboost|p1b: Gigas|spd|1\n|faint|p2b: Zoroark\n|\n|-damage|p1b: Gigas|32/100 brn|[from] brn\n|upkeep\n|\n|t:|1775965333\n|switch|p2b: Milotic|Milotic, L50, F|100/100\n|turn|2\n|\n|t:|1775965345\n|move|p2a: Rotom|Will-O-Wisp|p1a: King Louie\n|-status|p1a: King Louie|brn\n|move|p2b: Milotic|Scald|p1b: Gigas\n|-supereffective|p1b: Gigas|1\n|-damage|p1b: Gigas|0 fnt\n|faint|p1b: Gigas\n|move|p1a: King Louie|Trick Room|p1a: King Louie\n|-fieldstart|move: Trick Room|[of] p1a: King Louie\n|\n|-damage|p1a: King Louie|95/100 brn|[from] brn\n|upkeep\n|\n|t:|1775965354\n|switch|p1b: Bors|Chesnaught, L50, M, shiny|100/100\n|turn|3\n|\n|t:|1775965365\n|switch|p2b: Excadrill|Excadrill, L50, M|100/100\n|move|p1a: King Louie|Instruct||[still]\n|-fail|p1a: King Louie\n|move|p1b: Bors|Iron Defense|p1b: Bors\n|-boost|p1b: Bors|def|2\n|move|p2a: Rotom|Will-O-Wisp|p1b: Bors\n|-status|p1b: Bors|brn\n|\n|-damage|p1a: King Louie|89/100 brn|[from] brn\n|-damage|p1b: Bors|94/100 brn|[from] brn\n|upkeep\n|turn|4\n|\n|t:|1775965393\n|switch|p2a: Milotic|Milotic, L50, F|100/100\n|detailschange|p2b: Excadrill|Excadrill-Mega, L50, M\n|-mega|p2b: Excadrill|Excadrill|Excadrite\n|move|p1a: King Louie|Calm Mind|p1a: King Louie\n|-boost|p1a: King Louie|spa|1\n|-boost|p1a: King Louie|spd|1\n|move|p1b: Bors|Iron Defense|p1b: Bors\n|-boost|p1b: Bors|def|2\n|move|p2b: Excadrill|Iron Head|p1b: Bors\n|-damage|p1b: Bors|83/100 brn\n|\n|-heal|p1b: Bors|89/100 brn|[from] item: Leftovers\n|-damage|p1a: King Louie|83/100 brn|[from] brn\n|-damage|p1b: Bors|83/100 brn|[from] brn\n|upkeep\n|turn|5\n|\n|t:|1775965418\n|move|p1a: King Louie|Calm Mind|p1a: King Louie\n|-boost|p1a: King Louie|spa|1\n|-boost|p1a: King Louie|spd|1\n|move|p1b: Bors|Body Press|p2b: Excadrill\n|-supereffective|p2b: Excadrill|1\n|-damage|p2b: Excadrill|0 fnt\n|faint|p2b: Excadrill\n|move|p2a: Milotic|Ice Beam|p1b: Bors\n|-supereffective|p1b: Bors|1\n|-damage|p1b: Bors|32/100 brn\n|\n|-heal|p1b: Bors|38/100 brn|[from] item: Leftovers\n|-damage|p1a: King Louie|78/100 brn|[from] brn\n|-damage|p1b: Bors|32/100 brn|[from] brn\n|upkeep\n|c|\u2606JakeAndJoshGaming|Mario use gun\n|c|\u2606JakeAndJoshGaming|Shoot the bear\n|\n|t:|1775965432\n|switch|p2b: Rotom|Rotom-Heat, L50|100/100\n|turn|6\n|\n|t:|1775965457\n|move|p1a: King Louie|Calm Mind|p1a: King Louie\n|-boost|p1a: King Louie|spa|1\n|-boost|p1a: King Louie|spd|1\n|move|p1b: Bors|Body Press|p2a: Milotic\n|-damage|p2a: Milotic|46/100\n|move|p2a: Milotic|Ice Beam|p1b: Bors\n|-supereffective|p1b: Bors|1\n|-damage|p1b: Bors|0 fnt\n|faint|p1b: Bors\n|move|p2b: Rotom|Trick|p1a: King Louie\n|-activate|p2b: Rotom|move: Trick|[of] p1a: King Louie\n|-item|p1a: King Louie|Choice Scarf|[from] move: Trick\n|-item|p2b: Rotom|Mental Herb|[from] move: Trick\n|\n|-heal|p2a: Milotic|51/100|[from] item: Leftovers\n|-damage|p1a: King Louie|72/100 brn|[from] brn\n|-fieldend|move: Trick Room\n|upkeep\n|\n|t:|1775965472\n|switch|p1b: Vortigern|Hydreigon, L50, M|100/100\n|turn|7\n|\n|t:|1775965503\n|move|p1b: Vortigern|Dark Pulse|p2b: Rotom\n|-damage|p2b: Rotom|44/100\n|move|p2b: Rotom|Will-O-Wisp|p1b: Vortigern\n|-status|p1b: Vortigern|brn\n|move|p1a: King Louie|Instruct|p1b: Vortigern\n|-singleturn|p1b: Vortigern|move: Instruct|[of] p1a: King Louie\n|move|p1b: Vortigern|Dark Pulse|p2b: Rotom\n|-damage|p2b: Rotom|0 fnt\n|faint|p2b: Rotom\n|move|p2a: Milotic|Recover|p2a: Milotic\n|-heal|p2a: Milotic|100/100\n|\n|-damage|p1b: Vortigern|95/100 brn|[from] brn\n|-damage|p1a: King Louie|66/100 brn|[from] brn\n|upkeep\n|turn|8\n|\n|t:|1775965523\n|move|p1b: Vortigern|Dark Pulse|p2a: Milotic\n|-damage|p2a: Milotic|70/100\n|move|p1a: King Louie|Instruct|p1b: Vortigern\n|-singleturn|p1b: Vortigern|move: Instruct|[of] p1a: King Louie\n|move|p1b: Vortigern|Dark Pulse|p2a: Milotic\n|-damage|p2a: Milotic|41/100\n|move|p2a: Milotic|Ice Beam|p1b: Vortigern\n|-supereffective|p1b: Vortigern|1\n|-damage|p1b: Vortigern|38/100 brn\n|\n|-heal|p2a: Milotic|47/100|[from] item: Leftovers\n|-damage|p1b: Vortigern|32/100 brn|[from] brn\n|-damage|p1a: King Louie|60/100 brn|[from] brn\n|upkeep\n|turn|9\n|\n|t:|1775965541\n|move|p1b: Vortigern|Dark Pulse|p2a: Milotic\n|-damage|p2a: Milotic|12/100\n|move|p1a: King Louie|Instruct|p1b: Vortigern\n|-singleturn|p1b: Vortigern|move: Instruct|[of] p1a: King Louie\n|move|p1b: Vortigern|Dark Pulse|p2a: Milotic\n|-damage|p2a: Milotic|0 fnt\n|faint|p2a: Milotic\n|\n|win|EtherTheInfernal\n|l|\u2606JakeAndJoshGaming\n|player|p2|\n",
  "uploadtime": 1775965554,
  "views": 12,
  "formatid": "gen9championsvgc2026regma",
  "rating": null,
  "private": 0,
  "password": null
}