{
  "id": "gen9championsvgc2026regma-2584861140",
  "format": "[Gen 9 Champions] VGC 2026 Reg M-A",
  "players": [
    "Astraision",
    "Mirthinion"
  ],
  "log": "|j|\u2606Astraision\n|j|\u2606Mirthinion\n|t:|1776289451\n|gametype|doubles\n|player|p1|Astraision|iris-gen5bw2|1422\n|player|p2|Mirthinion|janitor|1480\n|gen|9\n|tier|[Gen 9 Champions] VGC 2026 Reg M-A\n|rated|\n|rule|Species Clause: Limit one of each Pok\u00e9mon\n|rule|Item Clause: Limit 1 of each item\n|clearpoke\n|poke|p1|Aggron, L50, M|\n|poke|p1|Incineroar, L50, M|\n|poke|p1|Sinistcha, L50|\n|poke|p1|Kangaskhan, L50, F|\n|poke|p1|Kommo-o, L50, M|\n|poke|p1|Milotic, L50, M|\n|poke|p2|Tyranitar, L50, M|\n|poke|p2|Lycanroc, L50, M|\n|poke|p2|Primarina, L50, F|\n|poke|p2|Corviknight, L50, M|\n|poke|p2|Sneasler, L50, M|\n|poke|p2|Incineroar, L50, M|\n|teampreview|4\n|inactive|Battle timer is ON: inactive players will automatically lose when time's up. (requested by Mirthinion)\n|inactive|Mirthinion has 60 seconds left.\n|\n|t:|1776289489\n|teamsize|p1|4\n|teamsize|p2|4\n|start\n|switch|p1a: MARINEFORD|Aggron, L50, M, shiny|100/100\n|switch|p1b: Esdeath|Milotic, L50, M|100/100\n|switch|p2a: Sneasler|Sneasler, L50, M|100/100\n|switch|p2b: Incineroar|Incineroar, L50, M|100/100\n|-ability|p2b: Incineroar|Intimidate|boost\n|-unboost|p1a: MARINEFORD|atk|1\n|-unboost|p1b: Esdeath|atk|1\n|-ability|p1b: Esdeath|Competitive|boost\n|-boost|p1b: Esdeath|spa|2\n|turn|1\n|\n|t:|1776289506\n|switch|p1b: Cola|Sinistcha, L50|100/100\n|detailschange|p1a: MARINEFORD|Aggron-Mega, L50, M, shiny\n|-mega|p1a: MARINEFORD|Aggron|Aggronite\n|move|p1a: MARINEFORD|Protect|p1a: MARINEFORD\n|-singleturn|p1a: MARINEFORD|Protect\n|move|p2a: Sneasler|Fake Out|p1b: Cola\n|-immune|p1b: Cola\n|move|p2b: Incineroar|Will-O-Wisp|p1a: MARINEFORD\n|-activate|p1a: MARINEFORD|move: Protect\n|\n|upkeep\n|turn|2\n|inactive|Astraision has 30 seconds left.\n|inactive|Astraision has 20 seconds left.\n|\n|t:|1776289542\n|move|p1b: Cola|Rage Powder|p1b: Cola\n|-singleturn|p1b: Cola|move: Rage Powder\n|move|p2a: Sneasler|Dire Claw|p1b: Cola\n|-damage|p1b: Cola|65/100\n|move|p2b: Incineroar|Flare Blitz|p1b: Cola\n|-supereffective|p1b: Cola|1\n|-damage|p1b: Cola|0 fnt\n|faint|p1b: Cola\n|-damage|p2b: Incineroar|82/100|[from] Recoil\n|move|p1a: MARINEFORD|Heavy Slam|p2a: Sneasler\n|-crit|p2a: Sneasler\n|-damage|p2a: Sneasler|0 fnt\n|faint|p2a: Sneasler\n|\n|upkeep\n|\n|t:|1776289561\n|switch|p2a: Corviknight|Corviknight, L50, M|100/100\n|switch|p1b: Charon|Kommo-o, L50, M, shiny|100/100\n|turn|3\n|\n|t:|1776289570\n|switch|p1a: Esdeath|Milotic, L50, M|100/100\n|move|p1b: Charon|Protect|p1b: Charon\n|-singleturn|p1b: Charon|Protect\n|move|p2a: Corviknight|Brave Bird|p1b: Charon\n|-activate|p1b: Charon|move: Protect\n|move|p2b: Incineroar|Will-O-Wisp|p1a: Esdeath\n|-status|p1a: Esdeath|brn\n|-enditem|p1a: Esdeath|Lum Berry|[eat]\n|-curestatus|p1a: Esdeath|brn|[msg]\n|\n|upkeep\n|turn|4\n|inactive|Mirthinion has 30 seconds left.\n|\n|t:|1776289596\n|switch|p1b: MARINEFORD|Aggron-Mega, L50, M, shiny|100/100\n|move|p1a: Esdeath|Icy Wind|p2a: Corviknight|[spread] p2a,p2b\n|-resisted|p2b: Incineroar|1\n|-damage|p2a: Corviknight|93/100\n|-damage|p2b: Incineroar|77/100\n|-ability|p2a: Corviknight|Mirror Armor\n|-unboost|p1a: Esdeath|spe|1\n|-ability|p1a: Esdeath|Competitive|boost\n|-boost|p1a: Esdeath|spa|2\n|-unboost|p2b: Incineroar|spe|1\n|move|p2a: Corviknight|Tailwind|p2a: Corviknight\n|-sidestart|p2: Mirthinion|move: Tailwind\n|move|p2b: Incineroar|Flare Blitz|p1a: Esdeath\n|-resisted|p1a: Esdeath|1\n|-damage|p1a: Esdeath|80/100\n|-damage|p2b: Incineroar|70/100|[from] Recoil\n|\n|upkeep\n|turn|5\n|\n|t:|1776289616\n|move|p1b: MARINEFORD|Protect|p1b: MARINEFORD\n|-singleturn|p1b: MARINEFORD|Protect\n|move|p2a: Corviknight|Brave Bird|p1a: Esdeath\n|-damage|p1a: Esdeath|48/100\n|-damage|p2a: Corviknight|83/100|[from] Recoil\n|move|p2b: Incineroar|Flare Blitz|p1b: MARINEFORD\n|-activate|p1b: MARINEFORD|move: Protect\n|move|p1a: Esdeath|Scald|p2b: Incineroar\n|-supereffective|p2b: Incineroar|1\n|-damage|p2b: Incineroar|0 fnt\n|faint|p2b: Incineroar\n|\n|upkeep\n|\n|t:|1776289629\n|switch|p2b: Primarina|Primarina, L50, F|100/100\n|turn|6\n|\n|t:|1776289637\n|move|p2b: Primarina|Hyper Voice|p1b: MARINEFORD|[spread] p1a,p1b\n|-resisted|p1a: Esdeath|1\n|-damage|p1a: Esdeath|35/100\n|-damage|p1b: MARINEFORD|73/100\n|move|p2a: Corviknight|Brave Bird|p1a: Esdeath\n|-damage|p1a: Esdeath|2/100\n|-damage|p2a: Corviknight|72/100|[from] Recoil\n|move|p1a: Esdeath|Life Dew|p1a: Esdeath|[spread] p1a,p1b\n|-heal|p1a: Esdeath|28/100\n|-heal|p1b: MARINEFORD|98/100\n|move|p1b: MARINEFORD|Body Press|p2a: Corviknight\n|-damage|p2a: Corviknight|44/100\n|-enditem|p2a: Corviknight|Sitrus Berry|[eat]\n|-heal|p2a: Corviknight|69/100|[from] item: Sitrus Berry\n|\n|upkeep\n|turn|7\n|inactive|Astraision has 30 seconds left.\n|\n|t:|1776289666\n|move|p2b: Primarina|Hyper Voice|p1a: Esdeath|[spread] p1a,p1b\n|-resisted|p1a: Esdeath|1\n|-damage|p1a: Esdeath|16/100\n|-damage|p1b: MARINEFORD|69/100\n|move|p2a: Corviknight|Brave Bird|p1a: Esdeath\n|-damage|p1a: Esdeath|0 fnt\n|faint|p1a: Esdeath\n|-damage|p2a: Corviknight|64/100|[from] Recoil\n|move|p1b: MARINEFORD|Iron Defense|p1b: MARINEFORD\n|-boost|p1b: MARINEFORD|def|2\n|\n|-sideend|p2: Mirthinion|move: Tailwind\n|upkeep\n|\n|t:|1776289672\n|switch|p1a: Charon|Kommo-o, L50, M, shiny|100/100\n|turn|8\n|-activate|p2b: Primarina|item: Quick Claw\n|\n|t:|1776289685\n|move|p2b: Primarina|Moonblast|p1a: Charon\n|-supereffective|p1a: Charon|2\n|-damage|p1a: Charon|0 fnt\n|faint|p1a: Charon\n|move|p2a: Corviknight|Tailwind|p2a: Corviknight\n|-sidestart|p2: Mirthinion|move: Tailwind\n|move|p1b: MARINEFORD|Body Press|p2a: Corviknight\n|-damage|p2a: Corviknight|5/100\n|\n|upkeep\n|turn|9\n|-activate|p2b: Primarina|item: Quick Claw\n|\n|t:|1776289697\n|move|p2b: Primarina|Hyper Voice|p1b: MARINEFORD\n|-damage|p1b: MARINEFORD|32/100\n|move|p2a: Corviknight|Iron Head|p1b: MARINEFORD\n|-resisted|p1b: MARINEFORD|1\n|-damage|p1b: MARINEFORD|29/100\n|move|p1b: MARINEFORD|Body Press|p2a: Corviknight\n|-damage|p2a: Corviknight|0 fnt\n|faint|p2a: Corviknight\n|\n|upkeep\n|turn|10\n|-activate|p2b: Primarina|item: Quick Claw\n|\n|t:|1776289711\n|move|p2b: Primarina|Hyper Voice|p1b: MARINEFORD\n|-damage|p1b: MARINEFORD|0 fnt\n|faint|p1b: MARINEFORD\n|\n|win|Mirthinion\n|raw|Astraision's rating: 1422 &rarr; <strong>1405</strong><br />(-17 for losing)\n|raw|Mirthinion's rating: 1480 &rarr; <strong>1497</strong><br />(+17 for winning)\n|c|\u2606Astraision|Three in a row\n|c|\u2606Astraision|You're Soo cool and skilled man\n|c|\u2606Astraision|Really outplayed me\n|l|\u2606Astraision\n|player|p1|\n",
  "uploadtime": 1776289754,
  "views": 66,
  "formatid": "gen9championsvgc2026regma",
  "rating": 1405,
  "private": 0,
  "password": null
}