{
  "id": "gen9championsvgc2026regma-2581531581",
  "format": "[Gen 9 Champions] VGC 2026 Reg M-A",
  "players": [
    "Ydvsggs",
    "jvmummy"
  ],
  "log": "|j|\u2606Ydvsggs\n|j|\u2606jvmummy\n|t:|1776008689\n|gametype|doubles\n|player|p1|Ydvsggs|wallace|1115\n|player|p2|jvmummy|169|1133\n|gen|9\n|tier|[Gen 9 Champions] VGC 2026 Reg M-A\n|rated|\n|rule|Species Clause: Limit one of each Pok\u00e9mon\n|rule|Item Clause: Limit 1 of each item\n|clearpoke\n|poke|p1|Kingambit, L50, F|\n|poke|p1|Aegislash, L50, M|\n|poke|p1|Politoed, L50, F|\n|poke|p1|Aerodactyl, L50, F|\n|poke|p1|Rotom-Wash, L50|\n|poke|p1|Garchomp, L50, M|\n|poke|p2|Crabominable, L50, M|\n|poke|p2|Incineroar, L50, F|\n|poke|p2|Farigiraf, L50, F|\n|poke|p2|Ninetales-Alola, L50, M|\n|poke|p2|Basculegion, L50, M|\n|poke|p2|Torkoal, L50, F|\n|teampreview|4\n|inactive|Battle timer is ON: inactive players will automatically lose when time's up. (requested by Ydvsggs)\n|inactive|Ydvsggs has 60 seconds left.\n|\n|t:|1776008727\n|teamsize|p1|4\n|teamsize|p2|4\n|start\n|switch|p1a: Kingambit|Kingambit, L50, F|100/100\n|switch|p1b: Aegislash|Aegislash, L50, M|100/100\n|switch|p2a: Crabominable|Crabominable, L50, M|100/100\n|switch|p2b: Farigiraf|Farigiraf, L50, F|100/100\n|turn|1\n|\n|t:|1776008747\n|detailschange|p2a: Crabominable|Crabominable-Mega, L50, M\n|-mega|p2a: Crabominable|Crabominable|Crabominite\n|move|p1a: Kingambit|Protect|p1a: Kingambit\n|-singleturn|p1a: Kingambit|Protect\n|move|p2a: Crabominable|Protect|p2a: Crabominable\n|-singleturn|p2a: Crabominable|Protect\n|-formechange|p1b: Aegislash|Aegislash-Blade|\n|move|p1b: Aegislash|Gyro Ball|p2a: Crabominable\n|-activate|p2a: Crabominable|move: Protect\n|move|p2b: Farigiraf|Trick Room|p2b: Farigiraf\n|-fieldstart|move: Trick Room|[of] p2b: Farigiraf\n|\n|upkeep\n|turn|2\n|\n|t:|1776008767\n|switch|p2b: Torkoal|Torkoal, L50, F|100/100\n|-weather|SunnyDay|[from] ability: Drought|[of] p2b: Torkoal\n|move|p1a: Kingambit|Sucker Punch||[still]\n|-fail|p1a: Kingambit\n|move|p2a: Crabominable|Drain Punch|p1a: Kingambit\n|-supereffective|p1a: Kingambit|2\n|-damage|p1a: Kingambit|0 fnt\n|faint|p1a: Kingambit\n|move|p1b: Aegislash|Sacred Sword|p2b: Torkoal\n|-damage|p2b: Torkoal|74/100\n|\n|-weather|SunnyDay|[upkeep]\n|upkeep\n|\n|t:|1776008776\n|switch|p1a: Politoed|Politoed, L50, F|100/100\n|-weather|RainDance|[from] ability: Drizzle|[of] p1a: Politoed\n|turn|3\n|inactive|jvmummy has 30 seconds left.\n|\n|t:|1776008805\n|switch|p2b: Incineroar|Incineroar, L50, F|100/100\n|-ability|p2b: Incineroar|Intimidate|boost\n|-unboost|p1a: Politoed|atk|1\n|-unboost|p1b: Aegislash|atk|1\n|-enditem|p1b: Aegislash|White Herb\n|-clearnegativeboost|p1b: Aegislash|[silent]\n|-formechange|p1b: Aegislash|Aegislash|\n|move|p1b: Aegislash|King's Shield|p1b: Aegislash\n|-singleturn|p1b: Aegislash|Protect\n|move|p2a: Crabominable|Drain Punch|p1a: Politoed\n|-damage|p1a: Politoed|49/100\n|move|p1a: Politoed|Weather Ball|p2b: Incineroar\n|-supereffective|p2b: Incineroar|1\n|-damage|p2b: Incineroar|20/100\n|\n|-weather|RainDance|[upkeep]\n|-heal|p1a: Politoed|55/100|[from] item: Leftovers\n|upkeep\n|turn|4\n|inactive|jvmummy has 30 seconds left.\n|\n|t:|1776008840\n|switch|p2b: Torkoal|Torkoal, L50, F|74/100\n|-weather|SunnyDay|[from] ability: Drought|[of] p2b: Torkoal\n|move|p1a: Politoed|Protect|p1a: Politoed\n|-singleturn|p1a: Politoed|Protect\n|move|p2a: Crabominable|Ice Hammer|p1a: Politoed\n|-activate|p1a: Politoed|move: Protect\n|-formechange|p1b: Aegislash|Aegislash-Blade|\n|move|p1b: Aegislash|Sacred Sword|p2a: Crabominable\n|-supereffective|p2a: Crabominable|1\n|-damage|p2a: Crabominable|50/100\n|\n|-weather|SunnyDay|[upkeep]\n|-heal|p1a: Politoed|61/100|[from] item: Leftovers\n|upkeep\n|turn|5\n|\n|t:|1776008855\n|switch|p1a: Aerodactyl|Aerodactyl, L50, F|100/100\n|-formechange|p1b: Aegislash|Aegislash|\n|move|p1b: Aegislash|King's Shield|p1b: Aegislash\n|-singleturn|p1b: Aegislash|Protect\n|move|p2b: Torkoal|Heat Wave|p1a: Aerodactyl|[spread] p1a\n|-activate|p1b: Aegislash|move: Protect\n|-resisted|p1a: Aerodactyl|1\n|-damage|p1a: Aerodactyl|61/100\n|move|p2a: Crabominable|Drain Punch|p1a: Aerodactyl\n|-damage|p1a: Aerodactyl|0 fnt\n|-heal|p2a: Crabominable|74/100|[from] drain|[of] p1a: Aerodactyl\n|faint|p1a: Aerodactyl\n|\n|-weather|SunnyDay|[upkeep]\n|-fieldend|move: Trick Room\n|upkeep\n|\n|t:|1776008867\n|switch|p1a: Politoed|Politoed, L50, F|61/100\n|-weather|RainDance|[from] ability: Drizzle|[of] p1a: Politoed\n|turn|6\n|\n|t:|1776008882\n|switch|p2a: Farigiraf|Farigiraf, L50, F|100/100\n|switch|p2b: Incineroar|Incineroar, L50, F|20/100\n|-ability|p2b: Incineroar|Intimidate|boost\n|-unboost|p1a: Politoed|atk|1\n|-unboost|p1b: Aegislash|atk|1\n|move|p1a: Politoed|Weather Ball|p2b: Incineroar\n|-supereffective|p2b: Incineroar|1\n|-damage|p2b: Incineroar|0 fnt\n|faint|p2b: Incineroar\n|-formechange|p1b: Aegislash|Aegislash-Blade|\n|move|p1b: Aegislash|Sacred Sword|p2a: Farigiraf\n|-damage|p2a: Farigiraf|85/100\n|\n|-weather|RainDance|[upkeep]\n|-heal|p1a: Politoed|68/100|[from] item: Leftovers\n|upkeep\n|\n|t:|1776008888\n|switch|p2b: Torkoal|Torkoal, L50, F|74/100\n|-weather|SunnyDay|[from] ability: Drought|[of] p2b: Torkoal\n|turn|7\n|\n|t:|1776008912\n|-formechange|p1b: Aegislash|Aegislash|\n|move|p1b: Aegislash|King's Shield|p1b: Aegislash\n|-singleturn|p1b: Aegislash|Protect\n|move|p2b: Torkoal|Protect|p2b: Torkoal\n|-singleturn|p2b: Torkoal|Protect\n|move|p1a: Politoed|Weather Ball|p2a: Farigiraf\n|-damage|p2a: Farigiraf|55/100\n|move|p2a: Farigiraf|Trick Room|p2a: Farigiraf\n|-fieldstart|move: Trick Room|[of] p2a: Farigiraf\n|\n|-weather|SunnyDay|[upkeep]\n|-heal|p1a: Politoed|74/100|[from] item: Leftovers\n|upkeep\n|turn|8\n|\n|t:|1776008931\n|move|p2a: Farigiraf|Helping Hand|p2b: Torkoal\n|-singleturn|p2b: Torkoal|Helping Hand|[of] p2a: Farigiraf\n|move|p1a: Politoed|Helping Hand|p1b: Aegislash\n|-singleturn|p1b: Aegislash|Helping Hand|[of] p1a: Politoed\n|move|p2b: Torkoal|Eruption|p1a: Politoed|[spread] p1a,p1b\n|-resisted|p1a: Politoed|1\n|-supereffective|p1b: Aegislash|1\n|-damage|p1a: Politoed|36/100\n|-damage|p1b: Aegislash|0 fnt\n|faint|p1b: Aegislash\n|\n|-weather|SunnyDay|[upkeep]\n|-heal|p1a: Politoed|43/100|[from] item: Leftovers\n|upkeep\n|turn|9\n|-message|Ydvsggs forfeited.\n|\n|win|jvmummy\n|raw|Ydvsggs's rating: 1115 &rarr; <strong>1091</strong><br />(-24 for losing)\n|raw|jvmummy's rating: 1133 &rarr; <strong>1157</strong><br />(+24 for winning)\n|l|\u2606Ydvsggs\n|player|p1|\n",
  "uploadtime": 1776008946,
  "views": 21,
  "formatid": "gen9championsvgc2026regma",
  "rating": 1091,
  "private": 0,
  "password": null
}