{
  "id": "gen9championsvgc2026regma-2587734579",
  "format": "[Gen 9 Champions] VGC 2026 Reg M-A",
  "players": [
    "psykivgc",
    "TheOllieBoi"
  ],
  "log": "|j|\u2606psykivgc\n|j|\u2606TheOllieBoi\n|t:|1776558654\n|gametype|doubles\n|player|p1|psykivgc|266|1000\n|player|p2|TheOllieBoi|101|1044\n|gen|9\n|tier|[Gen 9 Champions] VGC 2026 Reg M-A\n|rated|\n|rule|Species Clause: Limit one of each Pok\u00e9mon\n|rule|Item Clause: Limit 1 of each item\n|clearpoke\n|poke|p1|Dragonite, L50, F|\n|poke|p1|Archaludon, L50, M|\n|poke|p1|Sneasler, L50, F|\n|poke|p1|Pelipper, L50, M|\n|poke|p1|Basculegion, L50, M|\n|poke|p1|Garchomp, L50, M|\n|poke|p2|Kangaskhan, L50, F|\n|poke|p2|Sableye, L50, F|\n|poke|p2|Espathra, L50, M|\n|poke|p2|Aegislash, L50, F|\n|poke|p2|Milotic, L50, M|\n|poke|p2|Flapple, L50, M|\n|teampreview|4\n|\n|t:|1776558679\n|teamsize|p1|4\n|teamsize|p2|4\n|start\n|switch|p1a: Sneasler|Sneasler, L50, F|100/100\n|switch|p1b: Pelipper|Pelipper, L50, M|100/100\n|switch|p2a: Sableye|Sableye, L50, F|100/100\n|switch|p2b: Flapple|Flapple, L50, M|100/100\n|-weather|RainDance|[from] ability: Drizzle|[of] p1b: Pelipper\n|turn|1\n|\n|t:|1776558703\n|move|p2b: Flapple|Protect|p2b: Flapple\n|-singleturn|p2b: Flapple|Protect\n|move|p1a: Sneasler|Fake Out|p2b: Flapple\n|-activate|p2b: Flapple|move: Protect\n|move|p2a: Sableye|Fake Out|p1b: Pelipper\n|-damage|p1b: Pelipper|91/100\n|cant|p1b: Pelipper|flinch\n|\n|-weather|RainDance|[upkeep]\n|upkeep\n|turn|2\n|\n|t:|1776558724\n|move|p1a: Sneasler|Fake Out||[still]\n|-hint|Fake Out only works on your first turn out.\n|-fail|p1a: Sneasler\n|move|p2a: Sableye|Encore|p1a: Sneasler\n|-start|p1a: Sneasler|Encore\n|move|p2b: Flapple|Grav Apple|p1b: Pelipper\n|-damage|p1b: Pelipper|5/100\n|-unboost|p1b: Pelipper|def|1\n|-enditem|p1b: Pelipper|Sitrus Berry|[eat]\n|-heal|p1b: Pelipper|30/100|[from] item: Sitrus Berry\n|move|p1b: Pelipper|Tailwind|p1b: Pelipper\n|-sidestart|p1: psykivgc|move: Tailwind\n|\n|-weather|RainDance|[upkeep]\n|upkeep\n|turn|3\n|\n|t:|1776558751\n|switch|p1a: Basculegion|Basculegion, L50, M|100/100\n|move|p1b: Pelipper|Protect|p1b: Pelipper\n|-singleturn|p1b: Pelipper|Protect\n|move|p2a: Sableye|Gravity|p2a: Sableye\n|-fieldstart|move: Gravity\n|move|p2b: Flapple|Grav Apple|p1a: Basculegion\n|-supereffective|p1a: Basculegion|1\n|-damage|p1a: Basculegion|0 fnt\n|faint|p1a: Basculegion\n|\n|-weather|RainDance|[upkeep]\n|upkeep\n|\n|t:|1776558765\n|switch|p1a: Dragonite|Dragonite, L50, F|100/100\n|turn|4\n|\n|t:|1776558776\n|detailschange|p1a: Dragonite|Dragonite-Mega, L50, F\n|-mega|p1a: Dragonite|Dragonite|Dragoninite\n|move|p2a: Sableye|Encore|p1b: Pelipper\n|-start|p1b: Pelipper|Encore\n|move|p1b: Pelipper|Protect|p1b: Pelipper\n|-singleturn|p1b: Pelipper|Protect\n|move|p1a: Dragonite|Hurricane|p2b: Flapple\n|-supereffective|p2b: Flapple|1\n|-enditem|p2b: Flapple|Focus Sash\n|-damage|p2b: Flapple|1/100\n|-start|p2b: Flapple|confusion\n|-activate|p2b: Flapple|confusion\n|move|p2b: Flapple|Dragon Rush|p1a: Dragonite\n|-supereffective|p1a: Dragonite|1\n|-damage|p1a: Dragonite|33/100\n|\n|-weather|RainDance|[upkeep]\n|upkeep\n|turn|5\n|\n|t:|1776558810\n|switch|p1b: Sneasler|Sneasler, L50, F|100/100\n|-activate|p2b: Flapple|confusion\n|move|p2b: Flapple|Protect|p2b: Flapple\n|-singleturn|p2b: Flapple|Protect\n|move|p1a: Dragonite|Hurricane|p2b: Flapple\n|-activate|p2b: Flapple|move: Protect\n|move|p2a: Sableye|Foul Play|p1b: Sneasler\n|-resisted|p1b: Sneasler|1\n|-damage|p1b: Sneasler|52/100\n|\n|-weather|none\n|-sideend|p1: psykivgc|move: Tailwind\n|upkeep\n|turn|6\n|-message|psykivgc forfeited.\n|\n|win|TheOllieBoi\n|raw|psykivgc's rating: 1000 &rarr; <strong>1000</strong><br />(+0 for losing)\n|raw|TheOllieBoi's rating: 1044 &rarr; <strong>1073</strong><br />(+29 for winning)\n|l|\u2606psykivgc\n|player|p1|\n",
  "uploadtime": 1776558931,
  "views": 35,
  "formatid": "gen9championsvgc2026regma",
  "rating": 1000,
  "private": 0,
  "password": null
}