{
  "id": "gen9championsvgc2026regma-2585718639",
  "format": "[Gen 9 Champions] VGC 2026 Reg M-A",
  "players": [
    "DiamondNate",
    "SilverVT"
  ],
  "log": "|j|\u2606DiamondNate\n|j|\u2606SilverVT\n|t:|1776365837\n|gametype|doubles\n|player|p1|DiamondNate|guitarist|1486\n|player|p2|SilverVT|silver|1557\n|gen|9\n|tier|[Gen 9 Champions] VGC 2026 Reg M-A\n|rated|\n|rule|Species Clause: Limit one of each Pok\u00e9mon\n|rule|Item Clause: Limit 1 of each item\n|clearpoke\n|poke|p1|Floette-Eternal, L50, F|\n|poke|p1|Maushold, L50|\n|poke|p1|Garchomp, L50, F|\n|poke|p1|Talonflame, L50, M|\n|poke|p1|Milotic, L50, F|\n|poke|p1|Aegislash, L50, M|\n|poke|p2|Whimsicott, L50, M|\n|poke|p2|Gardevoir, L50, M|\n|poke|p2|Garchomp, L50, F|\n|poke|p2|Incineroar, L50, M|\n|poke|p2|Sneasler, L50, F|\n|poke|p2|Farigiraf, L50, F|\n|teampreview|4\n|inactive|Battle timer is ON: inactive players will automatically lose when time's up. (requested by SilverVT)\n|j| Toothpickforlife\n|inactive|DiamondNate has 60 seconds left.\n|\n|t:|1776365876\n|teamsize|p1|4\n|teamsize|p2|4\n|start\n|switch|p1a: Maushold|Maushold, L50|100/100\n|switch|p1b: Floette|Floette-Eternal, L50, F|100/100\n|switch|p2a: Whimsicott|Whimsicott, L50, M|100/100\n|switch|p2b: Gardevoir|Gardevoir, L50, M|100/100\n|-ability|p2b: Gardevoir|Friend Guard|Trace|[from] ability: Trace|[of] p1a: Maushold\n|turn|1\n|\n|t:|1776365886\n|detailschange|p2b: Gardevoir|Gardevoir-Mega, L50, M\n|-mega|p2b: Gardevoir|Gardevoir|Gardevoirite\n|move|p1b: Floette|Protect|p1b: Floette\n|-singleturn|p1b: Floette|Protect\n|move|p2a: Whimsicott|Tailwind|p2a: Whimsicott\n|-sidestart|p2: SilverVT|move: Tailwind\n|move|p2b: Gardevoir|Hyper Voice|p1a: Maushold|[spread] p1a\n|-activate|p1b: Floette|move: Protect\n|-damage|p1a: Maushold|35/100\n|move|p1a: Maushold|Taunt|p2a: Whimsicott\n|-start|p2a: Whimsicott|move: Taunt\n|\n|upkeep\n|turn|2\n|\n|t:|1776365908\n|detailschange|p1b: Floette|Floette-Mega, L50, F\n|-mega|p1b: Floette|Floette|Floettite\n|-ability|p1b: Floette|Fairy Aura\n|move|p1a: Maushold|Follow Me|p1a: Maushold\n|-singleturn|p1a: Maushold|move: Follow Me\n|move|p2a: Whimsicott|Moonblast|p1a: Maushold\n|-damage|p1a: Maushold|0 fnt\n|faint|p1a: Maushold\n|move|p2b: Gardevoir|Hyper Voice|p1b: Floette\n|-damage|p1b: Floette|25/100\n|move|p1b: Floette|Dazzling Gleam|p2b: Gardevoir|[spread] p2a,p2b\n|-damage|p2a: Whimsicott|22/100\n|-damage|p2b: Gardevoir|62/100\n|\n|upkeep\n|\n|t:|1776365923\n|switch|p1a: Talonflame|Talonflame, L50, M|100/100\n|turn|3\n|\n|t:|1776365932\n|switch|p2a: Sneasler|Sneasler, L50, F|100/100\n|move|p1b: Floette|Protect|p1b: Floette\n|-singleturn|p1b: Floette|Protect\n|move|p1a: Talonflame|Tailwind|p1a: Talonflame\n|-sidestart|p1: DiamondNate|move: Tailwind\n|move|p2b: Gardevoir|Hyper Voice|p1a: Talonflame|[spread] p1a\n|-activate|p1b: Floette|move: Protect\n|-resisted|p1a: Talonflame|1\n|-damage|p1a: Talonflame|42/100\n|\n|upkeep\n|turn|4\n|\n|t:|1776365947\n|move|p1a: Talonflame|Protect|p1a: Talonflame\n|-singleturn|p1a: Talonflame|Protect\n|move|p2a: Sneasler|Fake Out|p1b: Floette\n|-damage|p1b: Floette|10/100\n|cant|p1b: Floette|flinch\n|move|p2b: Gardevoir|Hyper Voice|p1a: Talonflame|[spread] p1b\n|-activate|p1a: Talonflame|move: Protect\n|-damage|p1b: Floette|0 fnt\n|faint|p1b: Floette\n|\n|-sideend|p2: SilverVT|move: Tailwind\n|upkeep\n|\n|t:|1776365951\n|switch|p1b: Garchomp|Garchomp, L50, F|100/100\n|turn|5\n|\n|t:|1776365967\n|move|p2a: Sneasler|Protect|p2a: Sneasler\n|-singleturn|p2a: Sneasler|Protect\n|move|p2b: Gardevoir|Protect|p2b: Gardevoir\n|-singleturn|p2b: Gardevoir|Protect\n|move|p1a: Talonflame|Flare Blitz|p2a: Sneasler\n|-activate|p2a: Sneasler|move: Protect\n|move|p1b: Garchomp|Earthquake|p2b: Gardevoir|[spread] \n|-activate|p2a: Sneasler|move: Protect\n|-activate|p2b: Gardevoir|move: Protect\n|-immune|p1a: Talonflame\n|\n|upkeep\n|turn|6\n|\n|t:|1776365980\n|move|p1a: Talonflame|Flare Blitz|p2a: Sneasler\n|-damage|p2a: Sneasler|25/100\n|-damage|p1a: Talonflame|17/100|[from] Recoil\n|move|p1b: Garchomp|Earthquake|p2a: Sneasler|[spread] p2a,p2b\n|-immune|p1a: Talonflame\n|-supereffective|p2a: Sneasler|1\n|-damage|p2a: Sneasler|0 fnt\n|-damage|p2b: Gardevoir|0 fnt\n|faint|p2a: Sneasler\n|faint|p2b: Gardevoir\n|\n|-sideend|p1: DiamondNate|move: Tailwind\n|upkeep\n|\n|t:|1776365989\n|switch|p2a: Whimsicott|Whimsicott, L50, M|22/100\n|switch|p2b: Garchomp|Garchomp, L50, F|100/100\n|turn|7\n|\n|t:|1776366009\n|move|p1a: Talonflame|Protect|p1a: Talonflame\n|-singleturn|p1a: Talonflame|Protect\n|move|p2a: Whimsicott|Tailwind|p2a: Whimsicott\n|-sidestart|p2: SilverVT|move: Tailwind\n|move|p2b: Garchomp|Rock Slide|p1a: Talonflame|[spread] p1b\n|-activate|p1a: Talonflame|move: Protect\n|-resisted|p1b: Garchomp|1\n|-damage|p1b: Garchomp|91/100\n|move|p1b: Garchomp|Earthquake|p2b: Garchomp|[spread] p2a,p2b\n|-activate|p1a: Talonflame|move: Protect\n|-resisted|p2a: Whimsicott|1\n|-damage|p2a: Whimsicott|0 fnt\n|-damage|p2b: Garchomp|50/100\n|faint|p2a: Whimsicott\n|\n|upkeep\n|turn|8\n|\n|t:|1776366025\n|move|p2b: Garchomp|Dragon Claw|p1b: Garchomp\n|-supereffective|p1b: Garchomp|1\n|-damage|p1b: Garchomp|3/100\n|-damage|p2b: Garchomp|37/100|[from] ability: Rough Skin|[of] p1b: Garchomp\n|move|p1a: Talonflame|Acrobatics|p2b: Garchomp\n|-damage|p2b: Garchomp|0 fnt\n|-damage|p1a: Talonflame|5/100|[from] ability: Rough Skin|[of] p2b: Garchomp\n|faint|p2b: Garchomp\n|\n|win|DiamondNate\n|raw|DiamondNate's rating: 1486 &rarr; <strong>1510</strong><br />(+24 for winning)\n|raw|SilverVT's rating: 1557 &rarr; <strong>1533</strong><br />(-24 for losing)\n|l|\u2606SilverVT\n|player|p2|\n",
  "uploadtime": 1776366034,
  "views": 55,
  "formatid": "gen9championsvgc2026regma",
  "rating": 1510,
  "private": 0,
  "password": null
}