{
  "id": "gen9championsvgc2026regma-2584559590",
  "format": "[Gen 9 Champions] VGC 2026 Reg M-A",
  "players": [
    "houses9\u80e1\u841d\u535c\u4fa0",
    "hahauwu69"
  ],
  "log": "|j|\u2606houses9\u80e1\u841d\u535c\u4fa0\n|j|\u2606hahauwu69\n|t:|1776268744\n|gametype|doubles\n|player|p1|houses9\u80e1\u841d\u535c\u4fa0|102|1121\n|player|p2|hahauwu69|265|1046\n|gen|9\n|tier|[Gen 9 Champions] VGC 2026 Reg M-A\n|rated|\n|rule|Species Clause: Limit one of each Pok\u00e9mon\n|rule|Item Clause: Limit 1 of each item\n|clearpoke\n|poke|p1|Pelipper, L50, M|\n|poke|p1|Basculegion, L50, M|\n|poke|p1|Incineroar, L50, M|\n|poke|p1|Kingambit, L50, F|\n|poke|p1|Sneasler, L50, M|\n|poke|p1|Floette-Eternal, L50, F|\n|poke|p2|Incineroar, L50, F|\n|poke|p2|Sneasler, L50, M|\n|poke|p2|Sinistcha, L50|\n|poke|p2|Basculegion, L50, M|\n|poke|p2|Floette-Eternal, L50, F|\n|poke|p2|Pelipper, L50, F|\n|teampreview|4\n|inactive|Battle timer is ON: inactive players will automatically lose when time's up. (requested by houses9\u80e1\u841d\u535c\u4fa0)\n|inactive|houses9\u80e1\u841d\u535c\u4fa0 has 60 seconds left.\n|\n|t:|1776268845\n|teamsize|p1|4\n|teamsize|p2|4\n|start\n|switch|p1a: Kingambit|Kingambit, L50, F|100/100\n|switch|p1b: Incineroar|Incineroar, L50, M|100/100\n|switch|p2a: Sneasler|Sneasler, L50, M|100/100\n|switch|p2b: Floette|Floette-Eternal, L50, F|100/100\n|-ability|p1b: Incineroar|Intimidate|boost\n|-unboost|p2a: Sneasler|atk|1\n|-unboost|p2b: Floette|atk|1\n|-enditem|p2a: Sneasler|White Herb\n|-clearnegativeboost|p2a: Sneasler|[silent]\n|turn|1\n|inactive|houses9\u80e1\u841d\u535c\u4fa0 has 30 seconds left.\n|inactive|hahauwu69 has 30 seconds left.\n|inactive|houses9\u80e1\u841d\u535c\u4fa0 has 20 seconds left.\n|inactive|houses9\u80e1\u841d\u535c\u4fa0 has 15 seconds left.\n|inactive|houses9\u80e1\u841d\u535c\u4fa0 has 10 seconds left.\n|\n|t:|1776268891\n|switch|p1a: Sneasler|Sneasler, L50, M|100/100\n|detailschange|p2b: Floette|Floette-Mega, L50, F\n|-mega|p2b: Floette|Floette|Floettite\n|-ability|p2b: Floette|Fairy Aura\n|move|p2b: Floette|Protect|p2b: Floette\n|-singleturn|p2b: Floette|Protect\n|move|p1b: Incineroar|Fake Out|p2a: Sneasler\n|-damage|p2a: Sneasler|81/100\n|cant|p2a: Sneasler|flinch\n|\n|upkeep\n|turn|2\n|inactive|hahauwu69 has 30 seconds left.\n|inactive|hahauwu69 has 20 seconds left.\n|inactive|hahauwu69 has 15 seconds left.\n|inactive|hahauwu69 has 10 seconds left.\n|\n|t:|1776268937\n|switch|p2b: Incineroar|Incineroar, L50, F|100/100\n|-ability|p2b: Incineroar|Intimidate|boost\n|-unboost|p1a: Sneasler|atk|1\n|-unboost|p1b: Incineroar|atk|1\n|-enditem|p1a: Sneasler|White Herb\n|-clearnegativeboost|p1a: Sneasler|[silent]\n|switch|p1b: Basculegion|Basculegion, L50, M|100/100\n|move|p2a: Sneasler|Close Combat|p1b: Basculegion\n|-immune|p1b: Basculegion\n|move|p1a: Sneasler|Dire Claw|p2b: Incineroar\n|-damage|p2b: Incineroar|64/100\n|\n|upkeep\n|turn|3\n|inactive|houses9\u80e1\u841d\u535c\u4fa0 has 30 seconds left.\n|inactive|hahauwu69 has 30 seconds left.\n|inactive|hahauwu69 has 20 seconds left.\n|inactive|hahauwu69 has 15 seconds left.\n|inactive|hahauwu69 has 10 seconds left.\n|\n|t:|1776268986\n|move|p2b: Incineroar|Fake Out|p1a: Sneasler\n|-damage|p1a: Sneasler|83/100\n|move|p2a: Sneasler|Dire Claw|p1b: Basculegion\n|-resisted|p1b: Basculegion|1\n|-damage|p1b: Basculegion|76/100\n|cant|p1a: Sneasler|flinch\n|move|p1b: Basculegion|Wave Crash|p2a: Sneasler\n|-damage|p2a: Sneasler|0 fnt\n|faint|p2a: Sneasler\n|-damage|p1b: Basculegion|54/100|[from] Recoil\n|\n|upkeep\n|\n|t:|1776268997\n|switch|p2a: Floette|Floette-Mega, L50, F|100/100\n|-ability|p2a: Floette|Fairy Aura\n|turn|4\n|inactive|houses9\u80e1\u841d\u535c\u4fa0 has 30 seconds left.\n|inactive|houses9\u80e1\u841d\u535c\u4fa0 has 20 seconds left.\n|inactive|houses9\u80e1\u841d\u535c\u4fa0 has 15 seconds left.\n|inactive|houses9\u80e1\u841d\u535c\u4fa0 has 10 seconds left.\n|\n|t:|1776269052\n|switch|p1b: Incineroar|Incineroar, L50, M|100/100\n|-ability|p1b: Incineroar|Intimidate|boost\n|-unboost|p2a: Floette|atk|1\n|-unboost|p2b: Incineroar|atk|1\n|move|p2a: Floette|Protect|p2a: Floette\n|-singleturn|p2a: Floette|Protect\n|move|p1a: Sneasler|Close Combat|p2b: Incineroar\n|-supereffective|p2b: Incineroar|1\n|-damage|p2b: Incineroar|0 fnt\n|-unboost|p1a: Sneasler|def|1\n|-unboost|p1a: Sneasler|spd|1\n|faint|p2b: Incineroar\n|\n|upkeep\n|\n|t:|1776269065\n|switch|p2b: Basculegion|Basculegion, L50, M|100/100\n|turn|5\n|inactive|hahauwu69 has 30 seconds left.\n|\n|t:|1776269099\n|move|p1a: Sneasler|Dire Claw|p2a: Floette\n|-supereffective|p2a: Floette|1\n|-damage|p2a: Floette|0 fnt\n|faint|p2a: Floette\n|move|p2b: Basculegion|Last Respects|p1a: Sneasler\n|-damage|p1a: Sneasler|0 fnt\n|faint|p1a: Sneasler\n|move|p1b: Incineroar|Throat Chop|p2b: Basculegion\n|-supereffective|p2b: Basculegion|1\n|-damage|p2b: Basculegion|18/100\n|-start|p2b: Basculegion|Throat Chop|[silent]\n|\n|upkeep\n|\n|t:|1776269106\n|switch|p1a: Kingambit|Kingambit, L50, F|100/100\n|turn|6\n|\n|t:|1776269113\n|move|p1a: Kingambit|Sucker Punch|p2b: Basculegion\n|-supereffective|p2b: Basculegion|1\n|-damage|p2b: Basculegion|0 fnt\n|faint|p2b: Basculegion\n|\n|win|houses9\u80e1\u841d\u535c\u4fa0\n|raw|houses9\u80e1\u841d\u535c\u4fa0's rating: 1121 &rarr; <strong>1141</strong><br />(+20 for winning)\n|raw|hahauwu69's rating: 1046 &rarr; <strong>1033</strong><br />(-13 for losing)\n|l|\u2606hahauwu69\n|player|p2|\n",
  "uploadtime": 1776269115,
  "views": 17,
  "formatid": "gen9championsvgc2026regma",
  "rating": 1033,
  "private": 0,
  "password": null
}