{
  "id": "gen9championsvgc2026regma-2583282442",
  "format": "[Gen 9 Champions] VGC 2026 Reg M-A",
  "players": [
    "mmmmiraclee",
    "echoeurope"
  ],
  "log": "|j|\u2606mmmmiraclee\n|j|\u2606echoeurope\n|t:|1776162889\n|gametype|doubles\n|player|p1|mmmmiraclee|blaine|1073\n|player|p2|echoeurope|fisherman-gen4|1044\n|gen|9\n|tier|[Gen 9 Champions] VGC 2026 Reg M-A\n|rated|\n|rule|Species Clause: Limit one of each Pok\u00e9mon\n|rule|Item Clause: Limit 1 of each item\n|clearpoke\n|poke|p1|Tyranitar, L50, F|\n|poke|p1|Excadrill, L50, M|\n|poke|p1|Corviknight, L50, M|\n|poke|p1|Primarina, L50, M|\n|poke|p1|Incineroar, L50, F|\n|poke|p1|Sinistcha, L50|\n|poke|p2|Meganium, L50, F|\n|poke|p2|Dragonite, L50, M|\n|poke|p2|Archaludon, L50, M|\n|poke|p2|Pelipper, L50, M|\n|poke|p2|Basculegion, L50, M|\n|poke|p2|Sneasler, L50, M|\n|teampreview|4\n|\n|t:|1776162919\n|teamsize|p1|4\n|teamsize|p2|4\n|start\n|switch|p1a: Corviknight|Corviknight, L50, M, shiny|100/100\n|switch|p1b: Primarina|Primarina, L50, M, shiny|100/100\n|switch|p2a: Pelipper|Pelipper, L50, M|100/100\n|switch|p2b: Sneasler|Sneasler, L50, M|100/100\n|-weather|RainDance|[from] ability: Drizzle|[of] p2a: Pelipper\n|turn|1\n|\n|t:|1776162970\n|switch|p1b: Tyranitar|Tyranitar, L50, F, shiny|100/100\n|-weather|Sandstorm|[from] ability: Sand Stream|[of] p1b: Tyranitar\n|move|p2b: Sneasler|Fake Out|p1a: Corviknight\n|-resisted|p1a: Corviknight|1\n|-damage|p1a: Corviknight|95/100\n|cant|p1a: Corviknight|flinch\n|move|p2a: Pelipper|Tailwind|p2a: Pelipper\n|-sidestart|p2: echoeurope|move: Tailwind\n|\n|-weather|Sandstorm|[upkeep]\n|-damage|p2b: Sneasler|95/100|[from] Sandstorm\n|-damage|p2a: Pelipper|95/100|[from] Sandstorm\n|-heal|p1a: Corviknight|100/100|[from] item: Leftovers\n|upkeep\n|turn|2\n|\n|t:|1776163021\n|switch|p2a: Meganium|Meganium, L50, F|100/100\n|move|p2b: Sneasler|Protect|p2b: Sneasler\n|-singleturn|p2b: Sneasler|Protect\n|move|p1b: Tyranitar|Protect|p1b: Tyranitar\n|-singleturn|p1b: Tyranitar|Protect\n|move|p1a: Corviknight|Tailwind|p1a: Corviknight\n|-sidestart|p1: mmmmiraclee|move: Tailwind\n|\n|-weather|Sandstorm|[upkeep]\n|-damage|p2b: Sneasler|89/100|[from] Sandstorm\n|-damage|p2a: Meganium|95/100|[from] Sandstorm\n|upkeep\n|turn|3\n|\n|t:|1776163046\n|switch|p1b: Excadrill|Excadrill, L50, M, shiny|100/100\n|switch|p2a: Pelipper|Pelipper, L50, M|95/100\n|-weather|RainDance|[from] ability: Drizzle|[of] p2a: Pelipper\n|move|p2b: Sneasler|Close Combat|p1b: Excadrill\n|-supereffective|p1b: Excadrill|1\n|-enditem|p1b: Excadrill|Focus Sash\n|-damage|p1b: Excadrill|1/100\n|-unboost|p2b: Sneasler|def|1\n|-unboost|p2b: Sneasler|spd|1\n|-enditem|p2b: Sneasler|White Herb\n|-clearnegativeboost|p2b: Sneasler|[silent]\n|move|p1a: Corviknight|Brave Bird|p2b: Sneasler\n|-supereffective|p2b: Sneasler|1\n|-damage|p2b: Sneasler|0 fnt\n|faint|p2b: Sneasler\n|-damage|p1a: Corviknight|78/100|[from] Recoil\n|\n|-weather|RainDance|[upkeep]\n|-heal|p1a: Corviknight|83/100|[from] item: Leftovers\n|upkeep\n|\n|t:|1776163070\n|switch|p2b: Basculegion|Basculegion, L50, M|100/100\n|turn|4\n|\n|t:|1776163088\n|switch|p1b: Primarina|Primarina, L50, M, shiny|100/100\n|switch|p1a: Tyranitar|Tyranitar, L50, F, shiny|100/100\n|-weather|Sandstorm|[from] ability: Sand Stream|[of] p1a: Tyranitar\n|move|p2b: Basculegion|Flip Turn|p1b: Primarina\n|-resisted|p1b: Primarina|1\n|-damage|p1b: Primarina|72/100\n|\n|t:|1776163100\n|switch|p2b: Meganium|Meganium, L50, F|95/100|[from] Flip Turn\n|move|p2a: Pelipper|Weather Ball|p1a: Tyranitar\n|-damage|p1a: Tyranitar|87/100\n|\n|-weather|Sandstorm|[upkeep]\n|-damage|p1b: Primarina|66/100|[from] Sandstorm\n|-damage|p2b: Meganium|89/100|[from] Sandstorm\n|-damage|p2a: Pelipper|89/100|[from] Sandstorm\n|-sideend|p2: echoeurope|move: Tailwind\n|upkeep\n|turn|5\n|\n|t:|1776163116\n|switch|p2a: Basculegion|Basculegion, L50, M|100/100\n|move|p1b: Primarina|Protect|p1b: Primarina\n|-singleturn|p1b: Primarina|Protect\n|move|p1a: Tyranitar|Rock Slide|p2b: Meganium|[spread] p2a,p2b\n|-damage|p2a: Basculegion|62/100\n|-damage|p2b: Meganium|58/100\n|cant|p2b: Meganium|flinch\n|\n|-weather|Sandstorm|[upkeep]\n|-damage|p1b: Primarina|60/100|[from] Sandstorm\n|-damage|p2a: Basculegion|56/100|[from] Sandstorm\n|-damage|p2b: Meganium|52/100|[from] Sandstorm\n|-sideend|p1: mmmmiraclee|move: Tailwind\n|upkeep\n|turn|6\n|\n|t:|1776163135\n|switch|p2b: Pelipper|Pelipper, L50, M|89/100\n|-weather|RainDance|[from] ability: Drizzle|[of] p2b: Pelipper\n|detailschange|p1a: Tyranitar|Tyranitar-Mega, L50, F, shiny\n|-mega|p1a: Tyranitar|Tyranitar|Tyranitarite\n|-weather|Sandstorm|[from] ability: Sand Stream|[of] p1a: Tyranitar\n|move|p2a: Basculegion|Wave Crash|p1a: Tyranitar\n|-supereffective|p1a: Tyranitar|1\n|-crit|p1a: Tyranitar\n|-damage|p1a: Tyranitar|0 fnt\n|faint|p1a: Tyranitar\n|-damage|p2a: Basculegion|26/100|[from] Recoil\n|move|p1b: Primarina|Moonblast|p2a: Basculegion\n|-damage|p2a: Basculegion|0 fnt\n|faint|p2a: Basculegion\n|\n|-weather|Sandstorm|[upkeep]\n|-damage|p1b: Primarina|55/100|[from] Sandstorm\n|-damage|p2b: Pelipper|83/100|[from] Sandstorm\n|upkeep\n|\n|t:|1776163153\n|switch|p2a: Meganium|Meganium, L50, F|52/100\n|switch|p1a: Excadrill|Excadrill, L50, M, shiny|1/100\n|turn|7\n|\n|t:|1776163170\n|move|p1a: Excadrill|Protect|p1a: Excadrill\n|-singleturn|p1a: Excadrill|Protect\n|move|p1b: Primarina|Protect|p1b: Primarina\n|-singleturn|p1b: Primarina|Protect\n|move|p2a: Meganium|Solar Beam||[still]\n|-prepare|p2a: Meganium|Solar Beam\n|move|p2b: Pelipper|Hurricane|p1a: Excadrill\n|-activate|p1a: Excadrill|move: Protect\n|\n|-weather|Sandstorm|[upkeep]\n|-damage|p1b: Primarina|49/100|[from] Sandstorm\n|-damage|p2a: Meganium|46/100|[from] Sandstorm\n|-damage|p2b: Pelipper|77/100|[from] Sandstorm\n|upkeep\n|turn|8\n|\n|t:|1776163185\n|switch|p1b: Corviknight|Corviknight, L50, M, shiny|83/100\n|move|p2b: Pelipper|Protect|p2b: Pelipper\n|-singleturn|p2b: Pelipper|Protect\n|move|p1a: Excadrill|Rock Slide|p2a: Meganium|[spread] p2a\n|-activate|p2b: Pelipper|move: Protect\n|-damage|p2a: Meganium|25/100\n|move|p2a: Meganium|Solar Beam|p1b: Corviknight|[from] lockedmove\n|-resisted|p1b: Corviknight|2\n|-damage|p1b: Corviknight|79/100\n|\n|-weather|Sandstorm|[upkeep]\n|-damage|p2a: Meganium|19/100|[from] Sandstorm\n|-damage|p2b: Pelipper|71/100|[from] Sandstorm\n|-heal|p1b: Corviknight|84/100|[from] item: Leftovers\n|upkeep\n|turn|9\n|\n|t:|1776163212\n|detailschange|p2a: Meganium|Meganium-Mega, L50, F\n|-mega|p2a: Meganium|Meganium|Meganiumite\n|move|p1a: Excadrill|Rock Slide|p2b: Pelipper|[spread] p2a,p2b\n|-supereffective|p2b: Pelipper|1\n|-damage|p2a: Meganium|0 fnt\n|-damage|p2b: Pelipper|36/100\n|faint|p2a: Meganium\n|move|p1b: Corviknight|Tailwind|p1b: Corviknight\n|-sidestart|p1: mmmmiraclee|move: Tailwind\n|move|p2b: Pelipper|Tailwind|p2b: Pelipper\n|-sidestart|p2: echoeurope|move: Tailwind\n|\n|-weather|Sandstorm|[upkeep]\n|-damage|p2b: Pelipper|30/100|[from] Sandstorm\n|-heal|p1b: Corviknight|90/100|[from] item: Leftovers\n|upkeep\n|turn|10\n|c|\u2606echoeurope|ggs\n|\n|t:|1776163235\n|move|p1a: Excadrill|Rock Slide|p2b: Pelipper\n|-supereffective|p2b: Pelipper|1\n|-damage|p2b: Pelipper|0 fnt\n|faint|p2b: Pelipper\n|\n|win|mmmmiraclee\n|raw|mmmmiraclee's rating: 1073 &rarr; <strong>1100</strong><br />(+27 for winning)\n|raw|echoeurope's rating: 1044 &rarr; <strong>1029</strong><br />(-15 for losing)\n|c|\u2606echoeurope|that Tyra weather change was smart\n",
  "uploadtime": 1776163306,
  "views": 13,
  "formatid": "gen9championsvgc2026regma",
  "rating": 1029,
  "private": 0,
  "password": null
}