{
  "id": "gen9championsvgc2026regma-2587826275",
  "format": "[Gen 9 Champions] VGC 2026 Reg M-A",
  "players": [
    "kenneththeg",
    "blackred123"
  ],
  "log": "|j|\u2606kenneththeg\n|j|\u2606blackred123\n|t:|1776567962\n|gametype|doubles\n|player|p1|kenneththeg|koga|1370\n|player|p2|blackred123|iono-masters|1388\n|gen|9\n|tier|[Gen 9 Champions] VGC 2026 Reg M-A\n|rated|\n|rule|Species Clause: Limit one of each Pok\u00e9mon\n|rule|Item Clause: Limit 1 of each item\n|clearpoke\n|poke|p1|Charizard, L50, M|\n|poke|p1|Aerodactyl, L50, F|\n|poke|p1|Garchomp, L50, M|\n|poke|p1|Sneasler, L50, M|\n|poke|p1|Rotom-Wash, L50|\n|poke|p1|Kingambit, L50, F|\n|poke|p2|Archaludon, L50, F|\n|poke|p2|Pelipper, L50, F|\n|poke|p2|Blastoise, L50, F|\n|poke|p2|Empoleon, L50, M|\n|poke|p2|Basculegion, L50, M|\n|poke|p2|Farigiraf, L50, F|\n|teampreview|4\n|inactive|Battle timer is ON: inactive players will automatically lose when time's up. (requested by blackred123)\n|\n|t:|1776567984\n|teamsize|p1|4\n|teamsize|p2|4\n|start\n|switch|p1a: Garchomp|Garchomp, L50, M|100/100\n|switch|p1b: Rotom|Rotom-Wash, L50|100/100\n|switch|p2a: Archaludon|Archaludon, L50, F|100/100\n|switch|p2b: Pelipper|Pelipper, L50, F|100/100\n|-weather|RainDance|[from] ability: Drizzle|[of] p2b: Pelipper\n|turn|1\n|\n|t:|1776568000\n|move|p1a: Garchomp|Earthquake|p2a: Archaludon|[spread] p2a\n|-immune|p1b: Rotom|[from] ability: Levitate\n|-immune|p2b: Pelipper\n|-supereffective|p2a: Archaludon|1\n|-damage|p2a: Archaludon|37/100\n|-ability|p2a: Archaludon|Stamina|boost\n|-boost|p2a: Archaludon|def|1\n|move|p1b: Rotom|Volt Switch|p2b: Pelipper\n|-supereffective|p2b: Pelipper|2\n|-enditem|p2b: Pelipper|Focus Sash\n|-damage|p2b: Pelipper|1/100\n|\n|t:|1776568012\n|switch|p1b: Sneasler|Sneasler, L50, M|100/100|[from] Volt Switch\n|move|p2b: Pelipper|Tailwind|p2b: Pelipper\n|-sidestart|p2: blackred123|move: Tailwind\n|move|p2a: Archaludon|Electro Shot||[still]\n|-prepare|p2a: Archaludon|Electro Shot\n|-boost|p2a: Archaludon|spa|1\n|-anim|p2a: Archaludon|Electro Shot|p1b: Sneasler\n|-damage|p1b: Sneasler|0 fnt\n|faint|p1b: Sneasler\n|\n|-weather|RainDance|[upkeep]\n|upkeep\n|\n|t:|1776568027\n|switch|p1b: Charizard|Charizard, L50, M|100/100\n|turn|2\n|\n|t:|1776568040\n|switch|p2b: Basculegion|Basculegion, L50, M|100/100\n|detailschange|p1b: Charizard|Charizard-Mega-Y, L50, M\n|-mega|p1b: Charizard|Charizard|Charizardite Y\n|-weather|SunnyDay|[from] ability: Drought|[of] p1b: Charizard\n|move|p1a: Garchomp|Earthquake|p2a: Archaludon|[spread] p2a,p2b\n|-immune|p1b: Charizard\n|-supereffective|p2a: Archaludon|1\n|-damage|p2a: Archaludon|0 fnt\n|-damage|p2b: Basculegion|47/100\n|faint|p2a: Archaludon\n|move|p1b: Charizard|Heat Wave|p2b: Basculegion\n|-resisted|p2b: Basculegion|1\n|-damage|p2b: Basculegion|0 fnt\n|faint|p2b: Basculegion\n|\n|-weather|SunnyDay|[upkeep]\n|upkeep\n|\n|t:|1776568050\n|switch|p2b: Pelipper|Pelipper, L50, F|1/100\n|switch|p2a: Blastoise|Blastoise, L50, F|100/100\n|-weather|RainDance|[from] ability: Drizzle|[of] p2b: Pelipper\n|turn|3\n|\n|t:|1776568075\n|switch|p1b: Rotom|Rotom-Wash, L50|100/100\n|detailschange|p2a: Blastoise|Blastoise-Mega, L50, F\n|-mega|p2a: Blastoise|Blastoise|Blastoisinite\n|move|p2a: Blastoise|Water Spout|p1b: Rotom|[spread] p1a,p1b\n|-resisted|p1b: Rotom|1\n|-damage|p1a: Garchomp|0 fnt\n|-damage|p1b: Rotom|49/100\n|-enditem|p1b: Rotom|Sitrus Berry|[eat]\n|-heal|p1b: Rotom|74/100|[from] item: Sitrus Berry\n|faint|p1a: Garchomp\n|move|p2b: Pelipper|Hurricane|p1b: Rotom\n|-resisted|p1b: Rotom|1\n|-damage|p1b: Rotom|45/100\n|-start|p1b: Rotom|confusion\n|\n|-weather|RainDance|[upkeep]\n|upkeep\n|\n|t:|1776568088\n|switch|p1a: Charizard|Charizard-Mega-Y, L50, M|100/100\n|-weather|SunnyDay|[from] ability: Drought|[of] p1a: Charizard\n|turn|4\n|\n|t:|1776568103\n|-activate|p1b: Rotom|confusion\n|move|p1b: Rotom|Protect|p1b: Rotom\n|-singleturn|p1b: Rotom|Protect\n|move|p1a: Charizard|Protect|p1a: Charizard\n|-singleturn|p1a: Charizard|Protect\n|move|p2a: Blastoise|Shell Smash|p2a: Blastoise\n|-unboost|p2a: Blastoise|def|1\n|-unboost|p2a: Blastoise|spd|1\n|-boost|p2a: Blastoise|atk|2\n|-boost|p2a: Blastoise|spa|2\n|-boost|p2a: Blastoise|spe|2\n|move|p2b: Pelipper|Weather Ball|p1b: Rotom\n|-activate|p1b: Rotom|move: Protect\n|\n|-weather|SunnyDay|[upkeep]\n|-sideend|p2: blackred123|move: Tailwind\n|upkeep\n|turn|5\n|inactive|kenneththeg has 30 seconds left.\n|\n|t:|1776568129\n|move|p2a: Blastoise|Water Spout|p1b: Rotom|[spread] p1a,p1b\n|-supereffective|p1a: Charizard|1\n|-resisted|p1b: Rotom|1\n|-damage|p1a: Charizard|0 fnt\n|-damage|p1b: Rotom|9/100\n|faint|p1a: Charizard\n|-end|p1b: Rotom|confusion\n|move|p1b: Rotom|Volt Switch|p2b: Pelipper\n|-supereffective|p2b: Pelipper|2\n|-damage|p2b: Pelipper|0 fnt\n|faint|p2b: Pelipper\n|\n|-weather|SunnyDay|[upkeep]\n|upkeep\n|turn|6\n|\n|t:|1776568141\n|move|p2a: Blastoise|Water Spout|p1b: Rotom\n|-resisted|p1b: Rotom|1\n|-damage|p1b: Rotom|0 fnt\n|faint|p1b: Rotom\n|\n|win|blackred123\n|raw|kenneththeg's rating: 1370 &rarr; <strong>1351</strong><br />(-19 for losing)\n|raw|blackred123's rating: 1388 &rarr; <strong>1407</strong><br />(+19 for winning)\n|l|\u2606kenneththeg\n|player|p1|\n",
  "uploadtime": 1776568151,
  "views": 14,
  "formatid": "gen9championsvgc2026regma",
  "rating": 1351,
  "private": 0,
  "password": null
}