{
  "id": "gen9championsvgc2026regma-2585948958",
  "format": "[Gen 9 Champions] VGC 2026 Reg M-A",
  "players": [
    "BigDoink808",
    "graubio"
  ],
  "log": "|j|\u2606BigDoink808\n|j|\u2606graubio\n|t:|1776384218\n|gametype|doubles\n|player|p1|BigDoink808|hiker-gen4|1167\n|player|p2|graubio|blue|1243\n|gen|9\n|tier|[Gen 9 Champions] VGC 2026 Reg M-A\n|rated|\n|rule|Species Clause: Limit one of each Pok\u00e9mon\n|rule|Item Clause: Limit 1 of each item\n|clearpoke\n|poke|p1|Camerupt, L50, F|\n|poke|p1|Farigiraf, L50, M|\n|poke|p1|Drampa, L50, F|\n|poke|p1|Kingambit, L50, M|\n|poke|p1|Incineroar, L50, F|\n|poke|p1|Rotom-Wash, L50|\n|poke|p2|Lopunny, L50, F|\n|poke|p2|Basculegion, L50, M|\n|poke|p2|Pelipper, L50, F|\n|poke|p2|Archaludon, L50, F|\n|poke|p2|Sinistcha, L50|\n|poke|p2|Incineroar, L50, M|\n|teampreview|4\n|\n|t:|1776384262\n|teamsize|p1|4\n|teamsize|p2|4\n|start\n|switch|p1a: Farigiraf|Farigiraf, L50, M|100/100\n|switch|p1b: Incineroar|Incineroar, L50, F, shiny|100/100\n|switch|p2a: Pombo|Pelipper, L50, F|100/100\n|switch|p2b: Pr\u00e9dio Espelhado|Archaludon, L50, F|100/100\n|-weather|RainDance|[from] ability: Drizzle|[of] p2a: Pombo\n|-ability|p1b: Incineroar|Intimidate|boost\n|-unboost|p2a: Pombo|atk|1\n|-unboost|p2b: Pr\u00e9dio Espelhado|atk|1\n|turn|1\n|\n|t:|1776384291\n|move|p1b: Incineroar|Fake Out|p2b: Pr\u00e9dio Espelhado\n|-resisted|p2b: Pr\u00e9dio Espelhado|1\n|-damage|p2b: Pr\u00e9dio Espelhado|96/100\n|cant|p2b: Pr\u00e9dio Espelhado|flinch\n|move|p2a: Pombo|Weather Ball|p1a: Farigiraf\n|-damage|p1a: Farigiraf|42/100\n|move|p1a: Farigiraf|Trick Room|p1a: Farigiraf\n|-fieldstart|move: Trick Room|[of] p1a: Farigiraf\n|\n|-weather|RainDance|[upkeep]\n|upkeep\n|turn|2\n|\n|t:|1776384319\n|move|p2a: Pombo|Protect|p2a: Pombo\n|-singleturn|p2a: Pombo|Protect\n|move|p1a: Farigiraf|Psychic|p2a: Pombo\n|-activate|p2a: Pombo|move: Protect\n|move|p1b: Incineroar|Parting Shot|p2b: Pr\u00e9dio Espelhado\n|-unboost|p2b: Pr\u00e9dio Espelhado|atk|1\n|-unboost|p2b: Pr\u00e9dio Espelhado|spa|1\n|\n|t:|1776384335\n|switch|p1b: Rotom|Rotom-Wash, L50|100/100|[from] Parting Shot\n|move|p2b: Pr\u00e9dio Espelhado|Electro Shot||[still]\n|-prepare|p2b: Pr\u00e9dio Espelhado|Electro Shot\n|-boost|p2b: Pr\u00e9dio Espelhado|spa|1\n|-anim|p2b: Pr\u00e9dio Espelhado|Electro Shot|p1b: Rotom\n|-damage|p1b: Rotom|43/100\n|\n|-weather|RainDance|[upkeep]\n|upkeep\n|turn|3\n|\n|t:|1776384372\n|move|p1a: Farigiraf|Hyper Voice|p2b: Pr\u00e9dio Espelhado|[spread] p2a,p2b\n|-resisted|p2b: Pr\u00e9dio Espelhado|1\n|-damage|p2a: Pombo|52/100\n|-damage|p2b: Pr\u00e9dio Espelhado|78/100\n|move|p1b: Rotom|Volt Switch|p2a: Pombo\n|-supereffective|p2a: Pombo|2\n|-damage|p2a: Pombo|0 fnt\n|faint|p2a: Pombo\n|\n|t:|1776384379\n|switch|p1b: Drampa|Drampa, L50, F|100/100|[from] Volt Switch\n|-ability|p1b: Drampa|Cloud Nine\n|move|p2b: Pr\u00e9dio Espelhado|Electro Shot||[still]\n|-prepare|p2b: Pr\u00e9dio Espelhado|Electro Shot\n|-boost|p2b: Pr\u00e9dio Espelhado|spa|1\n|\n|-weather|RainDance|[upkeep]\n|upkeep\n|\n|t:|1776384394\n|switch|p2a: Labubu|Lopunny, L50, F|100/100\n|turn|4\n|\n|t:|1776384409\n|detailschange|p1b: Drampa|Drampa-Mega, L50, F\n|-mega|p1b: Drampa|Drampa|Drampanite\n|detailschange|p2a: Labubu|Lopunny-Mega, L50, F\n|-mega|p2a: Labubu|Lopunny|Lopunnite\n|move|p2a: Labubu|Protect|p2a: Labubu\n|-singleturn|p2a: Labubu|Protect\n|move|p1b: Drampa|Earth Power|p2b: Pr\u00e9dio Espelhado\n|-supereffective|p2b: Pr\u00e9dio Espelhado|1\n|-damage|p2b: Pr\u00e9dio Espelhado|0 fnt\n|faint|p2b: Pr\u00e9dio Espelhado\n|move|p1a: Farigiraf|Psychic|p2a: Labubu\n|-activate|p2a: Labubu|move: Protect\n|\n|-weather|RainDance|[upkeep]\n|upkeep\n|\n|t:|1776384424\n|switch|p2b: Peixe|Basculegion, L50, M|100/100\n|turn|5\n|\n|t:|1776384438\n|move|p2a: Labubu|Protect|p2a: Labubu\n|-singleturn|p2a: Labubu|Protect\n|move|p1b: Drampa|Dragon Pulse|p2a: Labubu\n|-activate|p2a: Labubu|move: Protect\n|move|p1a: Farigiraf|Psychic|p2a: Labubu\n|-activate|p2a: Labubu|move: Protect\n|move|p2b: Peixe|Wave Crash|p1a: Farigiraf\n|-damage|p1a: Farigiraf|0 fnt\n|faint|p1a: Farigiraf\n|-damage|p2b: Peixe|85/100|[from] Recoil\n|\n|-weather|none\n|-fieldend|move: Trick Room\n|upkeep\n|\n|t:|1776384450\n|switch|p1a: Incineroar|Incineroar, L50, F, shiny|100/100\n|-ability|p1a: Incineroar|Intimidate|boost\n|-fail|p2a: Labubu|unboost|Attack|[from] ability: Scrappy|[of] p2a: Labubu\n|-unboost|p2b: Peixe|atk|1\n|turn|6\n|\n|t:|1776384462\n|move|p1a: Incineroar|Fake Out|p2a: Labubu\n|-damage|p2a: Labubu|86/100\n|cant|p2a: Labubu|flinch\n|move|p2b: Peixe|Wave Crash|p1a: Incineroar\n|-supereffective|p1a: Incineroar|1\n|-damage|p1a: Incineroar|13/100\n|-damage|p2b: Peixe|56/100|[from] Recoil\n|move|p1b: Drampa|Dragon Pulse|p2a: Labubu\n|-damage|p2a: Labubu|16/100\n|\n|upkeep\n|turn|7\n|\n|t:|1776384492\n|move|p1b: Drampa|Protect|p1b: Drampa\n|-singleturn|p1b: Drampa|Protect\n|move|p2a: Labubu|Close Combat|p1b: Drampa\n|-activate|p1b: Drampa|move: Protect\n|move|p2b: Peixe|Last Respects|p1a: Incineroar\n|-resisted|p1a: Incineroar|1\n|-damage|p1a: Incineroar|0 fnt\n|faint|p1a: Incineroar\n|\n|upkeep\n|\n|t:|1776384500\n|switch|p1a: Rotom|Rotom-Wash, L50|43/100\n|turn|8\n|\n|t:|1776384512\n|move|p2a: Labubu|Protect|p2a: Labubu\n|-singleturn|p2a: Labubu|Protect\n|move|p1b: Drampa|Protect|p1b: Drampa\n|-singleturn|p1b: Drampa|Protect\n|move|p2b: Peixe|Last Respects|p1a: Rotom\n|-damage|p1a: Rotom|0 fnt\n|faint|p1a: Rotom\n|\n|upkeep\n|turn|9\n|\n|t:|1776384522\n|move|p2a: Labubu|Close Combat|p1b: Drampa\n|-supereffective|p1b: Drampa|1\n|-damage|p1b: Drampa|0 fnt\n|-unboost|p2a: Labubu|def|1\n|-unboost|p2a: Labubu|spd|1\n|faint|p1b: Drampa\n|\n|win|graubio\n|raw|BigDoink808's rating: 1167 &rarr; <strong>1147</strong><br />(-20 for losing)\n|raw|graubio's rating: 1243 &rarr; <strong>1263</strong><br />(+20 for winning)\n|c|\u2606BigDoink808|gg\n|c|\u2606graubio|gg\n|l|\u2606BigDoink808\n|player|p1|\n",
  "uploadtime": 1776384608,
  "views": 20,
  "formatid": "gen9championsvgc2026regma",
  "rating": 1147,
  "private": 0,
  "password": null
}