{
  "id": "gen9championsvgc2026regma-2588085546",
  "format": "[Gen 9 Champions] VGC 2026 Reg M-A",
  "players": [
    "yuriimon",
    "Profe_Philip"
  ],
  "log": "|j|\u2606yuriimon\n|j|\u2606Profe_Philip\n|t:|1776602592\n|gametype|doubles\n|player|p1|yuriimon|waitress-gen4|1132\n|player|p2|Profe_Philip|unknown|1226\n|gen|9\n|tier|[Gen 9 Champions] VGC 2026 Reg M-A\n|rated|\n|rule|Species Clause: Limit one of each Pok\u00e9mon\n|rule|Item Clause: Limit 1 of each item\n|clearpoke\n|poke|p1|Glimmora, L50, F|\n|poke|p1|Incineroar, L50, M|\n|poke|p1|Politoed, L50, M|\n|poke|p1|Basculegion, L50, M|\n|poke|p1|Chesnaught, L50, F|\n|poke|p1|Dragapult, L50, F|\n|poke|p2|Zoroark-Hisui, L50, F, shiny|\n|poke|p2|Whimsicott, L50, M, shiny|\n|poke|p2|Garchomp, L50, F|\n|poke|p2|Sneasler, L50, F|\n|poke|p2|Kingambit, L50, M|\n|poke|p2|Froslass, L50, F|\n|teampreview|4\n|inactive|Battle timer is ON: inactive players will automatically lose when time's up. (requested by yuriimon)\n|inactive|yuriimon has 60 seconds left.\n|inactive|Profe_Philip has 60 seconds left.\n|\n|t:|1776602643\n|teamsize|p1|4\n|teamsize|p2|4\n|start\n|switch|p1a: Chesnaught|Chesnaught, L50, F|100/100\n|switch|p1b: Dragapult|Dragapult, L50, F|100/100\n|switch|p2a: Who could I be?|Sneasler, L50, F|100/100\n|switch|p2b: Am I?|Whimsicott, L50, M, shiny|100/100\n|turn|1\n|\n|t:|1776602663\n|detailschange|p1a: Chesnaught|Chesnaught-Mega, L50, F\n|-mega|p1a: Chesnaught|Chesnaught|Chesnaughtite\n|move|p1a: Chesnaught|Protect|p1a: Chesnaught\n|-singleturn|p1a: Chesnaught|Protect\n|move|p2a: Who could I be?|Fake Out|p1a: Chesnaught\n|-activate|p1a: Chesnaught|move: Protect\n|move|p2b: Am I?|Tailwind|p2b: Am I?\n|-sidestart|p2: Profe_Philip|move: Tailwind\n|move|p1b: Dragapult|Will-O-Wisp|p2a: Who could I be?\n|-status|p2a: Who could I be?|brn\n|\n|-damage|p2a: Who could I be?|95/100 brn|[from] brn\n|upkeep\n|turn|2\n|\n|t:|1776602685\n|move|p2a: Who could I be?|Protect|p2a: Who could I be?\n|-singleturn|p2a: Who could I be?|Protect\n|move|p2b: Am I?|Fake Tears|p1a: Chesnaught\n|-unboost|p1a: Chesnaught|spd|2\n|move|p1b: Dragapult|Hex|p2a: Who could I be?\n|-activate|p2a: Who could I be?|move: Protect\n|move|p1a: Chesnaught|Iron Defense|p1a: Chesnaught\n|-boost|p1a: Chesnaught|def|2\n|\n|-damage|p2a: Who could I be?|89/100 brn|[from] brn\n|upkeep\n|turn|3\n|\n|t:|1776602706\n|switch|p2a: Guess Who?|Kingambit, L50, M|100/100\n|move|p1a: Chesnaught|Protect|p1a: Chesnaught\n|-singleturn|p1a: Chesnaught|Protect\n|move|p2b: Am I?|Fake Tears|p1b: Dragapult\n|-fail|p1b: Dragapult|unboost|[from] ability: Clear Body|[of] p1b: Dragapult\n|move|p1b: Dragapult|Will-O-Wisp|p2b: Am I?\n|-status|p2b: Am I?|brn\n|\n|-damage|p2b: Am I?|95/100 brn|[from] brn\n|upkeep\n|turn|4\n|inactive|yuriimon has 30 seconds left.\n|\n|t:|1776602731\n|switch|p1a: Politoed|Politoed, L50, M|100/100\n|-weather|RainDance|[from] ability: Drizzle|[of] p1a: Politoed\n|move|p2b: Am I?|Moonblast|p1a: Politoed\n|-damage|p1a: Politoed|75/100\n|move|p2a: Guess Who?|Bitter Malice|p1b: Dragapult\n|-supereffective|p1b: Dragapult|1\n|-enditem|p1b: Dragapult|Focus Sash\n|-damage|p1b: Dragapult|1/100\n|move|p1b: Dragapult|Hex|p2b: Am I?\n|-damage|p2b: Am I?|5/100 brn\n|\n|-weather|RainDance|[upkeep]\n|-damage|p2b: Am I?|0 fnt|[from] brn\n|faint|p2b: Am I?\n|-sideend|p2: Profe_Philip|move: Tailwind\n|upkeep\n|\n|t:|1776602746\n|switch|p2b: Guess Who?|Kingambit, L50, M|100/100\n|turn|5\n|\n|t:|1776602762\n|move|p2b: Guess Who?|Sucker Punch||[still]\n|-fail|p2b: Guess Who?\n|move|p1b: Dragapult|Will-O-Wisp|p2b: Guess Who?\n|-status|p2b: Guess Who?|brn\n|move|p2a: Guess Who?|Icy Wind|p1a: Politoed|[spread] p1a,p1b\n|-resisted|p1a: Politoed|1\n|-supereffective|p1b: Dragapult|1\n|-damage|p1a: Politoed|69/100\n|-damage|p1b: Dragapult|0 fnt\n|-unboost|p1a: Politoed|spe|1\n|faint|p1b: Dragapult\n|move|p1a: Politoed|Weather Ball|p2a: Guess Who?\n|-damage|p2a: Guess Who?|11/100\n|replace|p2a: Last Surprise|Zoroark-Hisui, L50, F, shiny\n|-end|p2a: Last Surprise|Illusion\n|\n|-weather|RainDance|[upkeep]\n|-damage|p2b: Guess Who?|95/100 brn|[from] brn\n|upkeep\n|\n|t:|1776602781\n|switch|p1b: Chesnaught|Chesnaught-Mega, L50, F|100/100\n|turn|6\n|\n|t:|1776602802\n|move|p2a: Last Surprise|Hyper Voice|p1b: Chesnaught|[spread] p1a,p1b\n|-damage|p1a: Politoed|40/100\n|-damage|p1b: Chesnaught|75/100\n|move|p2b: Guess Who?|Kowtow Cleave|p1a: Politoed\n|-damage|p1a: Politoed|13/100\n|move|p1b: Chesnaught|Iron Defense|p1b: Chesnaught\n|-boost|p1b: Chesnaught|def|2\n|move|p1a: Politoed|Weather Ball|p2a: Last Surprise\n|-damage|p2a: Last Surprise|0 fnt\n|faint|p2a: Last Surprise\n|\n|-weather|RainDance|[upkeep]\n|-damage|p2b: Guess Who?|89/100 brn|[from] brn\n|upkeep\n|\n|t:|1776602812\n|switch|p2a: Who could I be?|Sneasler, L50, F|89/100 brn\n|turn|7\n|\n|t:|1776602819\n|move|p1b: Chesnaught|Protect|p1b: Chesnaught\n|-singleturn|p1b: Chesnaught|Protect\n|move|p1a: Politoed|Protect|p1a: Politoed\n|-singleturn|p1a: Politoed|Protect\n|move|p2b: Guess Who?|Sucker Punch||[still]\n|-fail|p2b: Guess Who?\n|move|p2a: Who could I be?|Dire Claw|p1b: Chesnaught\n|-activate|p1b: Chesnaught|move: Protect\n|\n|-weather|RainDance|[upkeep]\n|-damage|p2a: Who could I be?|83/100 brn|[from] brn\n|-damage|p2b: Guess Who?|83/100 brn|[from] brn\n|upkeep\n|turn|8\n|\n|t:|1776602835\n|switch|p1a: Incineroar|Incineroar, L50, M|100/100\n|-ability|p1a: Incineroar|Intimidate|boost\n|-unboost|p2a: Who could I be?|atk|1\n|-unboost|p2b: Guess Who?|atk|1\n|-ability|p2b: Guess Who?|Defiant|boost\n|-boost|p2b: Guess Who?|atk|2\n|-enditem|p2a: Who could I be?|White Herb\n|-clearnegativeboost|p2a: Who could I be?|[silent]\n|move|p2b: Guess Who?|Sucker Punch||[still]\n|-fail|p2b: Guess Who?\n|move|p2a: Who could I be?|Dire Claw|p1b: Chesnaught\n|-supereffective|p1b: Chesnaught|1\n|-damage|p1b: Chesnaught|61/100\n|move|p1b: Chesnaught|Body Press|p2b: Guess Who?\n|-supereffective|p2b: Guess Who?|2\n|-damage|p2b: Guess Who?|0 fnt\n|faint|p2b: Guess Who?\n|\n|-weather|none\n|-damage|p2a: Who could I be?|78/100 brn|[from] brn\n|upkeep\n|turn|9\n|-message|Profe_Philip forfeited.\n|\n|win|yuriimon\n|raw|yuriimon's rating: 1132 &rarr; <strong>1164</strong><br />(+32 for winning)\n|raw|Profe_Philip's rating: 1226 &rarr; <strong>1194</strong><br />(-32 for losing)\n|l|\u2606Profe_Philip\n|player|p2|\n",
  "uploadtime": 1776602856,
  "views": 7,
  "formatid": "gen9championsvgc2026regma",
  "rating": 1164,
  "private": 0,
  "password": null
}