{
  "id": "gen9championsvgc2026regma-2584293431",
  "format": "[Gen 9 Champions] VGC 2026 Reg M-A",
  "players": [
    "Dr Gaster PHD",
    "maikerou"
  ],
  "log": "|j|\u2606Dr Gaster PHD\n|j|\u2606maikerou\n|t:|1776248019\n|gametype|doubles\n|player|p1|Dr Gaster PHD|ghetsis|1206\n|player|p2|maikerou|psychic-gen4|1163\n|gen|9\n|tier|[Gen 9 Champions] VGC 2026 Reg M-A\n|rated|\n|rule|Species Clause: Limit one of each Pok\u00e9mon\n|rule|Item Clause: Limit 1 of each item\n|clearpoke\n|poke|p1|Charizard, L50, M|\n|poke|p1|Venusaur, L50, M|\n|poke|p1|Whimsicott, L50, F|\n|poke|p1|Incineroar, L50, F|\n|poke|p1|Sneasler, L50, M|\n|poke|p1|Garchomp, L50, M|\n|poke|p2|Sneasler, L50, F|\n|poke|p2|Basculegion, L50, M|\n|poke|p2|Volcarona, L50, M|\n|poke|p2|Floette-Eternal, L50, F|\n|poke|p2|Aerodactyl, L50, M|\n|poke|p2|Dragonite, L50, F|\n|teampreview|4\n|inactive|Battle timer is ON: inactive players will automatically lose when time's up. (requested by maikerou)\n|inactive|Dr Gaster PHD has 60 seconds left.\nmaikerou rejected open team sheets.\n|\n|t:|1776248073\n|teamsize|p1|4\n|teamsize|p2|4\n|start\n|switch|p1a: Sun Eater|Venusaur, L50, M|100/100\n|switch|p1b: Death Bringer|Charizard, L50, M|100/100\n|switch|p2a: Volcarona|Volcarona, L50, M|100/100\n|switch|p2b: Floette|Floette-Eternal, L50, F|100/100\n|turn|1\n|\n|t:|1776248092\n|detailschange|p1b: Death Bringer|Charizard-Mega-Y, L50, M\n|-mega|p1b: Death Bringer|Charizard|Charizardite Y\n|-weather|SunnyDay|[from] ability: Drought|[of] p1b: Death Bringer\n|detailschange|p2b: Floette|Floette-Mega, L50, F\n|-mega|p2b: Floette|Floette|Floettite\n|-ability|p2b: Floette|Fairy Aura\n|move|p1a: Sun Eater|Sleep Powder|p2a: Volcarona\n|-status|p2a: Volcarona|slp|[from] move: Sleep Powder\n|move|p1b: Death Bringer|Heat Wave|p2a: Volcarona|[spread] \n|-miss|p1b: Death Bringer|p2a: Volcarona\n|-miss|p1b: Death Bringer|p2b: Floette\n|move|p2b: Floette|Calm Mind|p2b: Floette\n|-boost|p2b: Floette|spa|1\n|-boost|p2b: Floette|spd|1\n|cant|p2a: Volcarona|slp\n|\n|-weather|SunnyDay|[upkeep]\n|upkeep\n|turn|2\n|\n|t:|1776248106\n|move|p2b: Floette|Protect|p2b: Floette\n|-singleturn|p2b: Floette|Protect\n|move|p1a: Sun Eater|Sludge Bomb|p2b: Floette\n|-activate|p2b: Floette|move: Protect\n|move|p1b: Death Bringer|Heat Wave|p2b: Floette|[spread] p2a\n|-activate|p2b: Floette|move: Protect\n|-damage|p2a: Volcarona|32/100 slp\n|cant|p2a: Volcarona|slp\n|\n|-weather|SunnyDay|[upkeep]\n|-heal|p2a: Volcarona|38/100 slp|[from] item: Leftovers\n|upkeep\n|turn|3\n|\n|t:|1776248125\n|move|p1a: Sun Eater|Sludge Bomb|p2b: Floette\n|-supereffective|p2b: Floette|1\n|-damage|p2b: Floette|60/100\n|move|p1b: Death Bringer|Heat Wave|p2a: Volcarona|[spread] p2a,p2b\n|-damage|p2a: Volcarona|0 fnt\n|-damage|p2b: Floette|26/100\n|faint|p2a: Volcarona\n|move|p2b: Floette|Dazzling Gleam|p1b: Death Bringer|[spread] p1a,p1b\n|-resisted|p1a: Sun Eater|1\n|-resisted|p1b: Death Bringer|1\n|-damage|p1a: Sun Eater|57/100\n|-damage|p1b: Death Bringer|61/100\n|\n|-weather|SunnyDay|[upkeep]\n|upkeep\n|\n|t:|1776248133\n|switch|p2a: Aerodactyl|Aerodactyl, L50, M|100/100\n|-ability|p2a: Aerodactyl|Unnerve\n|turn|4\n|\n|t:|1776248146\n|move|p2b: Floette|Protect|p2b: Floette\n|-singleturn|p2b: Floette|Protect\n|move|p1a: Sun Eater|Sleep Powder|p2a: Aerodactyl\n|-status|p2a: Aerodactyl|slp|[from] move: Sleep Powder\n|cant|p2a: Aerodactyl|slp\n|move|p1b: Death Bringer|Heat Wave|p2a: Aerodactyl|[spread] p2a\n|-activate|p2b: Floette|move: Protect\n|-resisted|p2a: Aerodactyl|1\n|-damage|p2a: Aerodactyl|50/100 slp\n|\n|-weather|SunnyDay|[upkeep]\n|upkeep\n|turn|5\n|\n|t:|1776248167\n|-curestatus|p2a: Aerodactyl|slp|[msg]\n|move|p2a: Aerodactyl|Wide Guard|p2a: Aerodactyl\n|-singleturn|p2a: Aerodactyl|Wide Guard\n|move|p1a: Sun Eater|Sludge Bomb|p2b: Floette\n|-supereffective|p2b: Floette|1\n|-damage|p2b: Floette|0 fnt\n|faint|p2b: Floette\n|move|p1b: Death Bringer|Heat Wave|p2a: Aerodactyl\n|-activate|p2a: Aerodactyl|move: Wide Guard\n|\n|-weather|none\n|upkeep\n|\n|t:|1776248173\n|switch|p2b: Basculegion|Basculegion, L50, M|100/100\n|turn|6\n|-message|maikerou forfeited.\n|\n|win|Dr Gaster PHD\n|raw|Dr Gaster PHD's rating: 1206 &rarr; <strong>1228</strong><br />(+22 for winning)\n|raw|maikerou's rating: 1163 &rarr; <strong>1141</strong><br />(-22 for losing)\n|l|\u2606maikerou\n|player|p2|\n",
  "uploadtime": 1776248179,
  "views": 25,
  "formatid": "gen9championsvgc2026regma",
  "rating": 1141,
  "private": 0,
  "password": null
}