{
  "id": "gen9championsvgc2026regma-2582336862",
  "format": "[Gen 9 Champions] VGC 2026 Reg M-A",
  "players": [
    "dongazpacho0",
    "jakewwwwwww"
  ],
  "log": "|j|\u2606dongazpacho0\n|j|\u2606jakewwwwwww\n|t:|1776084459\n|gametype|doubles\n|player|p1|dongazpacho0|cynthia|1104\n|player|p2|jakewwwwwww|169|1109\n|gen|9\n|tier|[Gen 9 Champions] VGC 2026 Reg M-A\n|rated|\n|rule|Species Clause: Limit one of each Pok\u00e9mon\n|rule|Item Clause: Limit 1 of each item\n|clearpoke\n|poke|p1|Venusaur, L50, M|\n|poke|p1|Arcanine, L50, F|\n|poke|p1|Rotom-Wash, L50|\n|poke|p1|Garchomp, L50, M|\n|poke|p1|Corviknight, L50, F|\n|poke|p1|Sneasler, L50, M|\n|poke|p2|Golurk, L50|\n|poke|p2|Slowking-Galar, L50, M|\n|poke|p2|Incineroar, L50, M|\n|poke|p2|Gyarados, L50, M|\n|poke|p2|Sneasler, L50, M|\n|poke|p2|Araquanid, L50, F|\n|teampreview|4\n|\n|t:|1776084477\n|teamsize|p1|4\n|teamsize|p2|4\n|start\n|switch|p1a: Venusaur|Venusaur, L50, M, shiny|100/100\n|switch|p1b: Sneasler|Sneasler, L50, M, shiny|100/100\n|switch|p2a: Golurk|Golurk, L50|100/100\n|switch|p2b: Slowking|Slowking-Galar, L50, M|100/100\n|-clearboost|p2a: Golurk|[from] ability: Curious Medicine|[of] p2b: Slowking\n|turn|1\n|\n|t:|1776084494\n|detailschange|p2a: Golurk|Golurk-Mega, L50\n|-mega|p2a: Golurk|Golurk|Golurkite\n|move|p2b: Slowking|Protect|p2b: Slowking\n|-singleturn|p2b: Slowking|Protect\n|move|p1b: Sneasler|Fake Out|p2b: Slowking\n|-activate|p2b: Slowking|move: Protect\n|move|p1a: Venusaur|Leech Seed|p2a: Golurk\n|-start|p2a: Golurk|move: Leech Seed\n|move|p2a: Golurk|Earthquake|p1a: Venusaur|[spread] p1a,p1b\n|-activate|p2b: Slowking|move: Protect\n|-supereffective|p1b: Sneasler|1\n|-damage|p1a: Venusaur|50/100\n|-enditem|p1b: Sneasler|Focus Sash\n|-damage|p1b: Sneasler|1/100\n|\n|-damage|p2a: Golurk|88/100|[from] Leech Seed|[of] p1a: Venusaur\n|-heal|p1a: Venusaur|63/100|[silent]\n|upkeep\n|turn|2\n|\n|t:|1776084520\n|detailschange|p1a: Venusaur|Venusaur-Mega, L50, M, shiny\n|-mega|p1a: Venusaur|Venusaur|Venusaurite\n|move|p2a: Golurk|Protect|p2a: Golurk\n|-singleturn|p2a: Golurk|Protect\n|move|p1b: Sneasler|Dire Claw|p2b: Slowking\n|-resisted|p2b: Slowking|1\n|-damage|p2b: Slowking|80/100\n|-status|p2b: Slowking|slp\n|move|p1a: Venusaur|Giga Drain|p2a: Golurk\n|-activate|p2a: Golurk|move: Protect\n|cant|p2b: Slowking|slp\n|\n|-damage|p2a: Golurk|76/100|[from] Leech Seed|[of] p1a: Venusaur\n|-heal|p1a: Venusaur|76/100|[silent]\n|upkeep\n|turn|3\n|\n|t:|1776084545\n|switch|p2a: Incineroar|Incineroar, L50, M|100/100\n|-ability|p2a: Incineroar|Intimidate|boost\n|-unboost|p1a: Venusaur|atk|1\n|-unboost|p1b: Sneasler|atk|1\n|move|p1b: Sneasler|Dire Claw|p2b: Slowking\n|-resisted|p2b: Slowking|1\n|-crit|p2b: Slowking\n|-damage|p2b: Slowking|48/100 slp\n|move|p1a: Venusaur|Giga Drain|p2a: Incineroar\n|-resisted|p2a: Incineroar|1\n|-damage|p2a: Incineroar|83/100\n|-heal|p1a: Venusaur|86/100|[from] drain|[of] p2a: Incineroar\n|cant|p2b: Slowking|slp\n|\n|upkeep\n|turn|4\n|\n|t:|1776084567\n|move|p2a: Incineroar|Fake Out|p1b: Sneasler\n|-damage|p1b: Sneasler|0 fnt\n|faint|p1b: Sneasler\n|move|p1a: Venusaur|Leech Seed|p2b: Slowking\n|-start|p2b: Slowking|move: Leech Seed\n|-curestatus|p2b: Slowking|slp|[msg]\n|move|p2b: Slowking|Trick Room|p2b: Slowking\n|-fieldstart|move: Trick Room|[of] p2b: Slowking\n|\n|-damage|p2b: Slowking|35/100|[from] Leech Seed|[of] p1a: Venusaur\n|-heal|p1a: Venusaur|99/100|[silent]\n|upkeep\n|\n|t:|1776084578\n|switch|p1b: Corviknight|Corviknight, L50, F, shiny|100/100\n|turn|5\n|\n|t:|1776084589\n|switch|p2b: Golurk|Golurk-Mega, L50|76/100\n|move|p2a: Incineroar|Flare Blitz|p1b: Corviknight\n|-supereffective|p1b: Corviknight|1\n|-damage|p1b: Corviknight|0 fnt\n|faint|p1b: Corviknight\n|-damage|p2a: Incineroar|50/100|[from] Recoil\n|-enditem|p2a: Incineroar|Sitrus Berry|[eat]\n|-heal|p2a: Incineroar|74/100|[from] item: Sitrus Berry\n|move|p1a: Venusaur|Leech Seed|p2a: Incineroar\n|-start|p2a: Incineroar|move: Leech Seed\n|\n|-damage|p2a: Incineroar|62/100|[from] Leech Seed|[of] p1a: Venusaur\n|-heal|p1a: Venusaur|100/100|[silent]\n|upkeep\n|\n|t:|1776084603\n|switch|p1b: Rotom|Rotom-Wash, L50, shiny|100/100\n|turn|6\n|\n|t:|1776084619\n|move|p2b: Golurk|Poltergeist|p1a: Venusaur\n|-activate|p1a: Venusaur|move: Poltergeist|Venusaurite\n|-damage|p1a: Venusaur|46/100\n|move|p2a: Incineroar|Darkest Lariat|p1b: Rotom\n|-crit|p1b: Rotom\n|-damage|p1b: Rotom|8/100\n|move|p1a: Venusaur|Leech Seed|p2b: Golurk\n|-start|p2b: Golurk|move: Leech Seed\n|move|p1b: Rotom|Hydro Pump|p2a: Incineroar\n|-supereffective|p2a: Incineroar|1\n|-damage|p2a: Incineroar|0 fnt\n|faint|p2a: Incineroar\n|\n|-damage|p2b: Golurk|64/100|[from] Leech Seed|[of] p1a: Venusaur\n|-heal|p1a: Venusaur|59/100|[silent]\n|upkeep\n|\n|t:|1776084633\n|switch|p2a: Araquanid|Araquanid, L50, F|100/100\n|turn|7\n|\n|t:|1776084643\n|switch|p2b: Slowking|Slowking-Galar, L50, M|35/100\n|-clearboost|p2a: Araquanid|[from] ability: Curious Medicine|[of] p2b: Slowking\n|move|p1a: Venusaur|Protect|p1a: Venusaur\n|-singleturn|p1a: Venusaur|Protect\n|move|p2a: Araquanid|Surf|p1a: Venusaur|[spread] p2b,p1b\n|-activate|p1a: Venusaur|move: Protect\n|-resisted|p1b: Rotom|1\n|-damage|p2b: Slowking|0 fnt\n|-damage|p1b: Rotom|0 fnt\n|faint|p2b: Slowking\n|faint|p1b: Rotom\n|\n|upkeep\n|\n|t:|1776084654\n|switch|p2b: Golurk|Golurk-Mega, L50|64/100\n|turn|8\n|\n|t:|1776084666\n|move|p1a: Venusaur|Protect||[still]\n|-fail|p1a: Venusaur\n|move|p2a: Araquanid|Ice Beam|p1a: Venusaur\n|-supereffective|p1a: Venusaur|1\n|-damage|p1a: Venusaur|44/100\n|move|p2b: Golurk|Poltergeist|p1a: Venusaur\n|-activate|p1a: Venusaur|move: Poltergeist|Venusaurite\n|-damage|p1a: Venusaur|0 fnt\n|faint|p1a: Venusaur\n|\n|win|jakewwwwwww\n|raw|dongazpacho0's rating: 1104 &rarr; <strong>1079</strong><br />(-25 for losing)\n|raw|jakewwwwwww's rating: 1109 &rarr; <strong>1134</strong><br />(+25 for winning)\n",
  "uploadtime": 1776084676,
  "views": 22,
  "formatid": "gen9championsvgc2026regma",
  "rating": 1079,
  "private": 0,
  "password": null
}