{
  "id": "gen9championsvgc2026regma-2588329725",
  "format": "[Gen 9 Champions] VGC 2026 Reg M-A",
  "players": [
    "mait27",
    "Rovalis"
  ],
  "log": "|j|\u2606mait27\n|j|\u2606Rovalis\n|t:|1776624603\n|gametype|doubles\n|player|p1|mait27|102|1083\n|player|p2|Rovalis|gambler|1000\n|gen|9\n|tier|[Gen 9 Champions] VGC 2026 Reg M-A\n|rated|\n|rule|Species Clause: Limit one of each Pok\u00e9mon\n|rule|Item Clause: Limit 1 of each item\n|clearpoke\n|poke|p1|Gengar, L50, M|\n|poke|p1|Incineroar, L50, F|\n|poke|p1|Politoed, L50, M|\n|poke|p1|Maushold-Four, L50|\n|poke|p1|Basculegion, L50, M|\n|poke|p1|Corviknight, L50, F|\n|poke|p2|Charizard, L50, F|\n|poke|p2|Venusaur, L50, M|\n|poke|p2|Gyarados, L50, F|\n|poke|p2|Gengar, L50, F|\n|poke|p2|Dragonite, L50, M|\n|poke|p2|Machamp, L50, F|\n|teampreview|4\n|\n|t:|1776624640\n|teamsize|p1|4\n|teamsize|p2|4\n|start\n|switch|p1a: Gengar|Gengar, L50, M|100/100\n|switch|p1b: Incineroar|Incineroar, L50, F|100/100\n|switch|p2a: Charizard|Charizard, L50, F|100/100\n|switch|p2b: Dragonite|Dragonite, L50, M|100/100\n|-ability|p1b: Incineroar|Intimidate|boost\n|-unboost|p2a: Charizard|atk|1\n|-unboost|p2b: Dragonite|atk|1\n|turn|1\n|\n|t:|1776624652\n|detailschange|p1a: Gengar|Gengar-Mega, L50, M\n|-mega|p1a: Gengar|Gengar|Gengarite\n|move|p2a: Charizard|Protect|p2a: Charizard\n|-singleturn|p2a: Charizard|Protect\n|move|p1b: Incineroar|Fake Out|p2a: Charizard\n|-activate|p2a: Charizard|move: Protect\n|move|p1a: Gengar|Perish Song|p1a: Gengar\n|-start|p1a: Gengar|perish3|[silent]\n|-start|p1b: Incineroar|perish3|[silent]\n|-start|p2a: Charizard|perish3|[silent]\n|-start|p2b: Dragonite|perish3|[silent]\n|-fieldactivate|move: Perish Song\n|move|p2b: Dragonite|Tailwind|p2b: Dragonite\n|-sidestart|p2: Rovalis|move: Tailwind\n|\n|-start|p2a: Charizard|perish3\n|-start|p1a: Gengar|perish3\n|-start|p2b: Dragonite|perish3\n|-start|p1b: Incineroar|perish3\n|upkeep\n|turn|2\n|\n|t:|1776624690\n|detailschange|p2a: Charizard|Charizard-Mega-Y, L50, F\n|-mega|p2a: Charizard|Charizard|Charizardite Y\n|-weather|SunnyDay|[from] ability: Drought|[of] p2a: Charizard\n|move|p1a: Gengar|Protect|p1a: Gengar\n|-singleturn|p1a: Gengar|Protect\n|move|p2b: Dragonite|Extreme Speed|p1b: Incineroar\n|-damage|p1b: Incineroar|83/100\n|move|p2a: Charizard|Heat Wave|p1b: Incineroar|[spread] p1b\n|-activate|p1a: Gengar|move: Protect\n|-resisted|p1b: Incineroar|1\n|-damage|p1b: Incineroar|51/100\n|move|p1b: Incineroar|Parting Shot|p2a: Charizard\n|-unboost|p2a: Charizard|atk|1\n|-unboost|p2a: Charizard|spa|1\n|\n|t:|1776624706\n|switch|p1b: Politoed|Politoed, L50, M|100/100|[from] Parting Shot\n|-weather|RainDance|[from] ability: Drizzle|[of] p1b: Politoed\n|\n|-weather|RainDance|[upkeep]\n|-start|p2a: Charizard|perish2\n|-start|p1a: Gengar|perish2\n|-start|p2b: Dragonite|perish2\n|upkeep\n|turn|3\n|\n|t:|1776624725\n|switch|p1b: Maushold|Maushold-Four, L50|100/100\n|move|p2a: Charizard|Hurricane|p1a: Gengar\n|-damage|p1a: Gengar|61/100\n|move|p1a: Gengar|Shadow Ball|p2b: Dragonite\n|-damage|p2b: Dragonite|84/100\n|move|p2b: Dragonite|Draco Meteor|p1a: Gengar\n|-damage|p1a: Gengar|24/100\n|-unboost|p2b: Dragonite|spa|2\n|\n|-weather|RainDance|[upkeep]\n|-start|p2a: Charizard|perish1\n|-start|p1a: Gengar|perish1\n|-start|p2b: Dragonite|perish1\n|upkeep\n|turn|4\n|\n|t:|1776624755\n|switch|p1a: Incineroar|Incineroar, L50, F|51/100\n|-ability|p1a: Incineroar|Intimidate|boost\n|-unboost|p2a: Charizard|atk|1\n|-unboost|p2b: Dragonite|atk|1\n|switch|p1b: Politoed|Politoed, L50, M|100/100\n|move|p2a: Charizard|Hurricane|p1b: Politoed\n|-damage|p1b: Politoed|71/100\n|move|p2b: Dragonite|Draco Meteor|p1a: Incineroar\n|-damage|p1a: Incineroar|27/100\n|-unboost|p2b: Dragonite|spa|2\n|\n|-weather|RainDance|[upkeep]\n|-start|p2a: Charizard|perish0\n|-start|p2b: Dragonite|perish0\n|-sideend|p2: Rovalis|move: Tailwind\n|upkeep\n|faint|p2a: Charizard\n|faint|p2b: Dragonite\n|\n|t:|1776624767\n|switch|p2a: Venusaur|Venusaur, L50, M|100/100\n|switch|p2b: Gyarados|Gyarados, L50, F|100/100\n|-ability|p2b: Gyarados|Intimidate|boost\n|-unboost|p1a: Incineroar|atk|1\n|-unboost|p1b: Politoed|atk|1\n|turn|5\n|\n|t:|1776624786\n|move|p1a: Incineroar|Fake Out|p2a: Venusaur\n|-damage|p2a: Venusaur|89/100\n|move|p2b: Gyarados|Waterfall|p1a: Incineroar\n|-supereffective|p1a: Incineroar|1\n|-damage|p1a: Incineroar|0 fnt\n|faint|p1a: Incineroar\n|cant|p2a: Venusaur|flinch\n|move|p1b: Politoed|Perish Song|p1b: Politoed\n|-start|p1b: Politoed|perish3|[silent]\n|-start|p2a: Venusaur|perish3|[silent]\n|-start|p2b: Gyarados|perish3|[silent]\n|-fieldactivate|move: Perish Song\n|\n|-weather|RainDance|[upkeep]\n|-heal|p2a: Venusaur|95/100|[from] item: Leftovers\n|-start|p2b: Gyarados|perish3\n|-start|p2a: Venusaur|perish3\n|-start|p1b: Politoed|perish3\n|upkeep\n|\n|t:|1776624795\n|switch|p1a: Gengar|Gengar-Mega, L50, M|24/100\n|turn|6\n|\n|t:|1776624807\n|move|p1a: Gengar|Protect|p1a: Gengar\n|-singleturn|p1a: Gengar|Protect\n|move|p1b: Politoed|Protect|p1b: Politoed\n|-singleturn|p1b: Politoed|Protect\n|move|p2b: Gyarados|Waterfall|p1a: Gengar\n|-activate|p1a: Gengar|move: Protect\n|move|p2a: Venusaur|Giga Drain|p1b: Politoed\n|-activate|p1b: Politoed|move: Protect\n|\n|-weather|none\n|-heal|p2a: Venusaur|100/100|[from] item: Leftovers\n|-start|p2b: Gyarados|perish2\n|-start|p2a: Venusaur|perish2\n|-start|p1b: Politoed|perish2\n|upkeep\n|turn|7\n|\n|t:|1776624828\n|switch|p1b: Maushold|Maushold-Four, L50|100/100\n|move|p1a: Gengar|Destiny Bond|p1a: Gengar\n|-singlemove|p1a: Gengar|Destiny Bond\n|move|p2b: Gyarados|Waterfall|p1a: Gengar\n|-damage|p1a: Gengar|0 fnt\n|faint|p1a: Gengar\n|-activate|p1a: Gengar|move: Destiny Bond\n|faint|p2b: Gyarados\n|move|p2a: Venusaur|Giga Drain|p1b: Maushold\n|-damage|p1b: Maushold|52/100\n|\n|-heal|p1b: Maushold|59/100|[from] item: Leftovers\n|-start|p2a: Venusaur|perish1\n|upkeep\n|\n|t:|1776624840\n|switch|p1a: Politoed|Politoed, L50, M|71/100\n|-weather|RainDance|[from] ability: Drizzle|[of] p1a: Politoed\n|turn|8\n|-message|Rovalis forfeited.\n|\n|win|mait27\n|raw|mait27's rating: 1083 &rarr; <strong>1104</strong><br />(+21 for winning)\n|raw|Rovalis's rating: 1000 &rarr; <strong>1000</strong><br />(+0 for losing)\n|l|\u2606Rovalis\n|player|p2|\n",
  "uploadtime": 1776624847,
  "views": 18,
  "formatid": "gen9championsvgc2026regma",
  "rating": 1000,
  "private": 0,
  "password": null
}