{
  "id": "gen9championsvgc2026regma-2587884124",
  "format": "[Gen 9 Champions] VGC 2026 Reg M-A",
  "players": [
    "SilverVT",
    "SkelyStealth"
  ],
  "log": "|j|\u2606SilverVT\n|j|\u2606SkelyStealth\n|t:|1776574425\n|gametype|doubles\n|player|p1|SilverVT|silver-masters|1582\n|player|p2|SkelyStealth|yellow|1679\n|gen|9\n|tier|[Gen 9 Champions] VGC 2026 Reg M-A\n|rated|\n|rule|Species Clause: Limit one of each Pok\u00e9mon\n|rule|Item Clause: Limit 1 of each item\n|clearpoke\n|poke|p1|Whimsicott, L50, M|\n|poke|p1|Gardevoir, L50, M|\n|poke|p1|Garchomp, L50, M|\n|poke|p1|Incineroar, L50, M|\n|poke|p1|Sneasler, L50, M|\n|poke|p1|Farigiraf, L50, F|\n|poke|p2|Farigiraf, L50, F|\n|poke|p2|Mimikyu, L50, M|\n|poke|p2|Incineroar, L50, F|\n|poke|p2|Torkoal, L50, F|\n|poke|p2|Crabominable, L50, M|\n|poke|p2|Chandelure, L50, M, shiny|\n|teampreview|4\n|inactive|Battle timer is ON: inactive players will automatically lose when time's up. (requested by SilverVT)\n|j| Crvstal_K!tty\n|inactive|SilverVT has 60 seconds left.\n|inactive|SkelyStealth has 60 seconds left.\n|\n|t:|1776574485\n|teamsize|p1|4\n|teamsize|p2|4\n|start\n|switch|p1a: Garchomp|Garchomp, L50, M|100/100\n|switch|p1b: Gardevoir|Gardevoir, L50, M|100/100\n|switch|p2a: Headlock|Farigiraf, L50, F|100/100\n|switch|p2b: Lazy Cat|Incineroar, L50, F|100/100\n|-ability|p1b: Gardevoir|Intimidate|Trace|[from] ability: Trace|[of] p2b: Lazy Cat\n|-ability|p1b: Gardevoir|Intimidate|boost\n|-unboost|p2a: Headlock|atk|1\n|-unboost|p2b: Lazy Cat|atk|1\n|-ability|p2b: Lazy Cat|Intimidate|boost\n|-unboost|p1a: Garchomp|atk|1\n|-unboost|p1b: Gardevoir|atk|1\n|-enditem|p2b: Lazy Cat|White Herb\n|-clearnegativeboost|p2b: Lazy Cat|[silent]\n|turn|1\n|\n|t:|1776574496\n|switch|p1a: Farigiraf|Farigiraf, L50, F|100/100\n|detailschange|p1b: Gardevoir|Gardevoir-Mega, L50, M\n|-mega|p1b: Gardevoir|Gardevoir|Gardevoirite\n|move|p2b: Lazy Cat|Fake Out||[still]\n|cant|p1a: Farigiraf|ability: Armor Tail|Fake Out|[of] p2b: Lazy Cat\n|move|p1b: Gardevoir|Hyper Voice|p2a: Headlock|[spread] p2a,p2b\n|-damage|p2a: Headlock|45/100\n|-damage|p2b: Lazy Cat|51/100\n|-enditem|p2a: Headlock|Sitrus Berry|[eat]\n|-heal|p2a: Headlock|70/100|[from] item: Sitrus Berry\n|move|p2a: Headlock|Reflect|p2a: Headlock\n|-sidestart|p2: SkelyStealth|Reflect\n|\n|upkeep\n|turn|2\n|\n|t:|1776574513\n|move|p2a: Headlock|Helping Hand|p2b: Lazy Cat\n|-singleturn|p2b: Lazy Cat|Helping Hand|[of] p2a: Headlock\n|move|p1b: Gardevoir|Hyper Voice|p2a: Headlock|[spread] p2a,p2b\n|-damage|p2a: Headlock|13/100\n|-damage|p2b: Lazy Cat|0 fnt\n|faint|p2b: Lazy Cat\n|move|p1a: Farigiraf|Hyper Voice|p2a: Headlock\n|-damage|p2a: Headlock|0 fnt\n|faint|p2a: Headlock\n|\n|upkeep\n|\n|t:|1776574517\n|switch|p2b: I'm Nobody|Mimikyu, L50, M|100/100\n|switch|p2a: Sun's up|Torkoal, L50, F|100/100\n|-weather|SunnyDay|[from] ability: Drought|[of] p2a: Sun's up\n|turn|3\n|\n|t:|1776574536\n|move|p1b: Gardevoir|Hyper Voice|p2b: I'm Nobody|[spread] p2a,p2b\n|-resisted|p2a: Sun's up|1\n|-damage|p2a: Sun's up|64/100\n|-activate|p2b: I'm Nobody|ability: Disguise\n|-damage|p2b: I'm Nobody|100/100\n|detailschange|p2b: I'm Nobody|Mimikyu-Busted, L50, M\n|-damage|p2b: I'm Nobody|88/100|[from] pokemon: Mimikyu-Busted\n|move|p2b: I'm Nobody|Play Rough|p1b: Gardevoir\n|-damage|p1b: Gardevoir|42/100\n|-unboost|p1b: Gardevoir|atk|1\n|move|p1a: Farigiraf|Hyper Voice|p2a: Sun's up|[spread] p2a\n|-immune|p2b: I'm Nobody\n|-damage|p2a: Sun's up|31/100\n|move|p2a: Sun's up|Heat Wave|p1b: Gardevoir|[spread] p1a,p1b\n|-crit|p1b: Gardevoir\n|-damage|p1a: Farigiraf|59/100\n|-damage|p1b: Gardevoir|0 fnt\n|faint|p1b: Gardevoir\n|\n|-weather|SunnyDay|[upkeep]\n|upkeep\n|\n|t:|1776574557\n|switch|p1b: Incineroar|Incineroar, L50, M|100/100\n|-ability|p1b: Incineroar|Intimidate|boost\n|-unboost|p2a: Sun's up|atk|1\n|-unboost|p2b: I'm Nobody|atk|1\n|turn|4\n|\n|t:|1776574564\n|move|p2a: Sun's up|Protect|p2a: Sun's up\n|-singleturn|p2a: Sun's up|Protect\n|move|p1b: Incineroar|Flare Blitz|p2b: I'm Nobody\n|-damage|p2b: I'm Nobody|10/100\n|-damage|p1b: Incineroar|80/100|[from] Recoil\n|move|p1a: Farigiraf|Hyper Voice|p2a: Sun's up|[spread] \n|-activate|p2a: Sun's up|move: Protect\n|-immune|p2b: I'm Nobody\n|move|p2b: I'm Nobody|Trick Room|p2b: I'm Nobody\n|-fieldstart|move: Trick Room|[of] p2b: I'm Nobody\n|\n|-weather|SunnyDay|[upkeep]\n|-heal|p1b: Incineroar|86/100|[from] item: Leftovers\n|upkeep\n|turn|5\n|\n|t:|1776574582\n|move|p1a: Farigiraf|Protect|p1a: Farigiraf\n|-singleturn|p1a: Farigiraf|Protect\n|move|p2a: Sun's up|Heat Wave|p1b: Incineroar|[spread] p1b\n|-activate|p1a: Farigiraf|move: Protect\n|-resisted|p1b: Incineroar|1\n|-damage|p1b: Incineroar|62/100\n|move|p1b: Incineroar|Flare Blitz|p2b: I'm Nobody\n|-damage|p2b: I'm Nobody|0 fnt\n|faint|p2b: I'm Nobody\n|-damage|p1b: Incineroar|59/100|[from] Recoil\n|\n|-weather|SunnyDay|[upkeep]\n|-heal|p1b: Incineroar|65/100|[from] item: Leftovers\n|-sideend|p2: SkelyStealth|Reflect\n|upkeep\n|turn|6\n|c|\u2606SkelyStealth|gg\n|\n|t:|1776574598\n|move|p2a: Sun's up|Heat Wave|p1a: Farigiraf|[spread] p1a,p1b\n|-resisted|p1b: Incineroar|1\n|-damage|p1a: Farigiraf|18/100\n|-damage|p1b: Incineroar|42/100\n|-enditem|p1a: Farigiraf|Sitrus Berry|[eat]\n|-heal|p1a: Farigiraf|43/100|[from] item: Sitrus Berry\n|move|p1a: Farigiraf|Hyper Voice|p2a: Sun's up\n|-damage|p2a: Sun's up|0 fnt\n|faint|p2a: Sun's up\n|\n|win|SilverVT\n|raw|SilverVT's rating: 1582 &rarr; <strong>1607</strong><br />(+25 for winning)\n|raw|SkelyStealth's rating: 1679 &rarr; <strong>1654</strong><br />(-25 for losing)\n|l|\u2606SkelyStealth\n|player|p2|\n|l|\u2606SilverVT\n|player|p1|\n|l| Crvstal_K!tty\n",
  "uploadtime": 1776574660,
  "views": 42,
  "formatid": "gen9championsvgc2026regma",
  "rating": 1607,
  "private": 0,
  "password": null
}