{
  "id": "gen9championsvgc2026regma-2587285620",
  "format": "[Gen 9 Champions] VGC 2026 Reg M-A",
  "players": [
    "lobbychatlagsmypc",
    "Edudus"
  ],
  "log": "|j|\u2606lobbychatlagsmypc\n|j|\u2606Edudus\n|t:|1776518342\n|gametype|doubles\n|player|p1|lobbychatlagsmypc|266|1189\n|player|p2|Edudus|shauntal|1166\n|gen|9\n|tier|[Gen 9 Champions] VGC 2026 Reg M-A\n|rated|\n|rule|Species Clause: Limit one of each Pok\u00e9mon\n|rule|Item Clause: Limit 1 of each item\n|clearpoke\n|poke|p1|Lopunny, L50, M|\n|poke|p1|Farigiraf, L50, M|\n|poke|p1|Camerupt, L50, M|\n|poke|p1|Maushold-Four, L50|\n|poke|p1|Abomasnow, L50, F|\n|poke|p1|Araquanid, L50, M|\n|poke|p2|Scovillain, L50, F|\n|poke|p2|Zoroark-Hisui, L50, M|\n|poke|p2|Sneasler, L50, M|\n|poke|p2|Rotom-Wash, L50|\n|poke|p2|Kingambit, L50, F|\n|poke|p2|Charizard, L50, M|\n|teampreview|4\n|inactive|Battle timer is ON: inactive players will automatically lose when time's up. (requested by Edudus)\n|inactive|lobbychatlagsmypc has 60 seconds left.\n|inactive|Edudus has 60 seconds left.\n|\n|t:|1776518389\n|teamsize|p1|4\n|teamsize|p2|4\n|start\n|switch|p1a: Lopunny|Lopunny, L50, M|100/100\n|switch|p1b: Farigiraf|Farigiraf, L50, M|100/100\n|switch|p2a: Kingambit|Kingambit, L50, F|100/100\n|switch|p2b: Sneasler|Sneasler, L50, M|100/100\n|turn|1\n|inactive|lobbychatlagsmypc has 30 seconds left.\n|inactive|Edudus has 30 seconds left.\n|inactive|lobbychatlagsmypc has 20 seconds left.\n|inactive|lobbychatlagsmypc has 15 seconds left.\n|inactive|lobbychatlagsmypc has 10 seconds left.\n|inactive|lobbychatlagsmypc has 5 seconds left.\n|\n|t:|1776518442\n|move|p1a: Lopunny|After You|p1b: Farigiraf\n|-activate|p1b: Farigiraf|move: After You\n|move|p1b: Farigiraf|Trick Room|p1b: Farigiraf\n|-fieldstart|move: Trick Room|[of] p1b: Farigiraf\n|move|p2a: Kingambit|Kowtow Cleave|p1b: Farigiraf\n|-supereffective|p1b: Farigiraf|1\n|-damage|p1b: Farigiraf|0 fnt\n|faint|p1b: Farigiraf\n|move|p2b: Sneasler|Close Combat|p1a: Lopunny\n|-supereffective|p1a: Lopunny|1\n|-damage|p1a: Lopunny|0 fnt\n|-unboost|p2b: Sneasler|def|1\n|-unboost|p2b: Sneasler|spd|1\n|faint|p1a: Lopunny\n|-enditem|p2b: Sneasler|White Herb\n|-clearnegativeboost|p2b: Sneasler|[silent]\n|\n|upkeep\n|\n|t:|1776518448\n|switch|p1b: Abomasnow|Abomasnow, L50, F|100/100\n|switch|p1a: Camerupt|Camerupt, L50, M|100/100\n|-weather|Snowscape|[from] ability: Snow Warning|[of] p1b: Abomasnow\n|turn|2\n|inactive|Edudus has 30 seconds left.\n|\n|t:|1776518477\n|switch|p2b: Rotom|Rotom-Wash, L50|100/100\n|detailschange|p1a: Camerupt|Camerupt-Mega, L50, M\n|-mega|p1a: Camerupt|Camerupt|Cameruptite\n|move|p2a: Kingambit|Protect|p2a: Kingambit\n|-singleturn|p2a: Kingambit|Protect\n|move|p1a: Camerupt|Heat Wave|p2a: Kingambit|[spread] p2b\n|-activate|p2a: Kingambit|move: Protect\n|-resisted|p2b: Rotom|1\n|-damage|p2b: Rotom|60/100\n|move|p1b: Abomasnow|Blizzard|p2a: Kingambit|[spread] p2b\n|-activate|p2a: Kingambit|move: Protect\n|-resisted|p2b: Rotom|1\n|-damage|p2b: Rotom|32/100\n|\n|-weather|Snowscape|[upkeep]\n|upkeep\n|turn|3\n|inactive|Edudus has 30 seconds left.\n|inactive|Edudus has 20 seconds left.\n|inactive|Edudus has 15 seconds left.\n|inactive|Edudus has 10 seconds left.\n|\n|t:|1776518526\n|switch|p2a: Charizard|Charizard, L50, M|100/100\n|move|p1a: Camerupt|Eruption|p2a: Charizard|[spread] p2a,p2b\n|-resisted|p2a: Charizard|1\n|-resisted|p2b: Rotom|1\n|-damage|p2a: Charizard|53/100\n|-damage|p2b: Rotom|0 fnt\n|faint|p2b: Rotom\n|move|p1b: Abomasnow|Blizzard|p2a: Charizard\n|-damage|p2a: Charizard|0 fnt\n|faint|p2a: Charizard\n|\n|-weather|Snowscape|[upkeep]\n|upkeep\n|\n|t:|1776518529\n|switch|p2b: Kingambit|Kingambit, L50, F|100/100\n|switch|p2a: Sneasler|Sneasler, L50, M|100/100\n|turn|4\n|\n|t:|1776518536\n|move|p2a: Sneasler|Fake Out|p1a: Camerupt\n|-damage|p1a: Camerupt|85/100\n|cant|p1a: Camerupt|flinch\n|move|p2b: Kingambit|Kowtow Cleave|p1a: Camerupt\n|-damage|p1a: Camerupt|27/100\n|move|p1b: Abomasnow|Blizzard|p2b: Kingambit|[spread] p2a,p2b\n|-crit|p2a: Sneasler\n|-resisted|p2b: Kingambit|1\n|-crit|p2b: Kingambit\n|-damage|p2a: Sneasler|30/100\n|-damage|p2b: Kingambit|73/100\n|\n|-weather|Snowscape|[upkeep]\n|upkeep\n|turn|5\n|\n|t:|1776518566\n|move|p1a: Camerupt|Protect|p1a: Camerupt\n|-singleturn|p1a: Camerupt|Protect\n|move|p2a: Sneasler|Protect|p2a: Sneasler\n|-singleturn|p2a: Sneasler|Protect\n|move|p2b: Kingambit|Sucker Punch||[still]\n|-fail|p2b: Kingambit\n|move|p1b: Abomasnow|Blizzard|p2b: Kingambit|[spread] p2b\n|-activate|p2a: Sneasler|move: Protect\n|-resisted|p2b: Kingambit|1\n|-damage|p2b: Kingambit|56/100\n|\n|-weather|Snowscape|[upkeep]\n|-fieldend|move: Trick Room\n|upkeep\n|turn|6\n|\n|t:|1776518578\n|move|p1a: Camerupt|Protect|p1a: Camerupt\n|-singleturn|p1a: Camerupt|Protect\n|move|p2a: Sneasler|Close Combat|p1a: Camerupt\n|-activate|p1a: Camerupt|move: Protect\n|move|p1b: Abomasnow|Blizzard|p2b: Kingambit|[spread] p2a,p2b\n|-resisted|p2b: Kingambit|1\n|-damage|p2a: Sneasler|0 fnt\n|-damage|p2b: Kingambit|37/100\n|faint|p2a: Sneasler\n|move|p2b: Kingambit|Kowtow Cleave|p1b: Abomasnow\n|-damage|p1b: Abomasnow|53/100\n|\n|-weather|none\n|upkeep\n|turn|7\n|-message|Edudus forfeited.\n|\n|win|lobbychatlagsmypc\n|raw|lobbychatlagsmypc's rating: 1189 &rarr; <strong>1212</strong><br />(+23 for winning)\n|raw|Edudus's rating: 1166 &rarr; <strong>1143</strong><br />(-23 for losing)\n|l|\u2606Edudus\n|player|p2|\n",
  "uploadtime": 1776518593,
  "views": 21,
  "formatid": "gen9championsvgc2026regma",
  "rating": 1143,
  "private": 0,
  "password": null
}