{
  "id": "gen9championsvgc2026regma-2581870052",
  "format": "[Gen 9 Champions] VGC 2026 Reg M-A",
  "players": [
    "Sevaunn",
    "ritovic10"
  ],
  "log": "|j|\u2606Sevaunn\n|j|\u2606ritovic10\n|t:|1776035320\n|gametype|doubles\n|player|p1|Sevaunn|hilbert|1156\n|player|p2|ritovic10|blaine|1061\n|gen|9\n|tier|[Gen 9 Champions] VGC 2026 Reg M-A\n|rated|\n|rule|Species Clause: Limit one of each Pok\u00e9mon\n|rule|Item Clause: Limit 1 of each item\n|clearpoke\n|poke|p1|Excadrill, L50, F|\n|poke|p1|Tyranitar, L50, M|\n|poke|p1|Gyarados, L50, M|\n|poke|p1|Raichu, L50, F|\n|poke|p1|Dragonite, L50, M|\n|poke|p1|Primarina, L50, F|\n|poke|p2|Pelipper, L50, F|\n|poke|p2|Dragonite, L50, F|\n|poke|p2|Samurott-Hisui, L50, M|\n|poke|p2|Toxicroak, L50, F|\n|poke|p2|Scizor, L50, F|\n|poke|p2|Passimian, L50, F|\n|teampreview|4\n|\n|t:|1776035361\n|teamsize|p1|4\n|teamsize|p2|4\n|start\n|switch|p1a: AY|Raichu, L50, F|100/100\n|switch|p1b: D.DAWG|Dragonite, L50, M|100/100\n|switch|p2a: Toxicroak|Toxicroak, L50, F|100/100\n|switch|p2b: Passimian|Passimian, L50, F|100/100\n|turn|1\n|\n|t:|1776035375\n|move|p1a: AY|Fake Out|p2b: Passimian\n|-damage|p2b: Passimian|91/100\n|move|p2a: Toxicroak|Fake Out|p1a: AY\n|-damage|p1a: AY|74/100\n|cant|p2b: Passimian|flinch\n|move|p1b: D.DAWG|Dragon Dance|p1b: D.DAWG\n|-boost|p1b: D.DAWG|atk|1\n|-boost|p1b: D.DAWG|spe|1\n|\n|upkeep\n|turn|2\n|\n|t:|1776035389\n|move|p2b: Passimian|Rock Slide|p1b: D.DAWG|[spread] p1a,p1b\n|-crit|p1a: AY\n|-supereffective|p1b: D.DAWG|1\n|-damage|p1a: AY|13/100\n|-damage|p1b: D.DAWG|59/100\n|move|p1b: D.DAWG|Dragon Claw|p2b: Passimian\n|-damage|p2b: Passimian|16/100\n|move|p1a: AY|Encore|p2a: Toxicroak\n|-start|p2a: Toxicroak|Encore\n|move|p2a: Toxicroak|Fake Out||[still]\n|-hint|Fake Out only works on your first turn out.\n|-fail|p2a: Toxicroak\n|\n|upkeep\n|turn|3\n|\n|t:|1776035412\n|switch|p1a: HONKAHONKA|Primarina, L50, F|100/100\n|switch|p2a: Pelipper|Pelipper, L50, F|100/100\n|-weather|RainDance|[from] ability: Drizzle|[of] p2a: Pelipper\n|move|p2b: Passimian|Rock Slide|p1a: HONKAHONKA|[spread] p1a,p1b\n|-supereffective|p1b: D.DAWG|1\n|-damage|p1a: HONKAHONKA|78/100\n|-damage|p1b: D.DAWG|17/100\n|move|p1b: D.DAWG|Dragon Claw|p2b: Passimian\n|-damage|p2b: Passimian|0 fnt\n|faint|p2b: Passimian\n|\n|-weather|RainDance|[upkeep]\n|upkeep\n|\n|t:|1776035433\n|switch|p2b: Toxicroak|Toxicroak, L50, F|100/100\n|turn|4\n|\n|t:|1776035460\n|move|p2b: Toxicroak|Fake Out|p1a: HONKAHONKA\n|-damage|p1a: HONKAHONKA|62/100\n|move|p1b: D.DAWG|Dragon Claw|p2a: Pelipper\n|-damage|p2a: Pelipper|13/100\n|move|p2a: Pelipper|Hurricane|p1b: D.DAWG\n|-damage|p1b: D.DAWG|0 fnt\n|faint|p1b: D.DAWG\n|cant|p1a: HONKAHONKA|flinch\n|\n|-weather|RainDance|[upkeep]\n|upkeep\n|\n|t:|1776035467\n|switch|p1b: GYARBEAR|Gyarados, L50, M|100/100\n|-ability|p1b: GYARBEAR|Intimidate|boost\n|-unboost|p2a: Pelipper|atk|1\n|-unboost|p2b: Toxicroak|atk|1\n|turn|5\n|\n|t:|1776035491\n|move|p2a: Pelipper|Hurricane|p1b: GYARBEAR\n|-damage|p1b: GYARBEAR|62/100\n|move|p2b: Toxicroak|Poison Jab|p1a: HONKAHONKA\n|-supereffective|p1a: HONKAHONKA|1\n|-enditem|p1a: HONKAHONKA|Kebia Berry|[eat]\n|-enditem|p1a: HONKAHONKA|Kebia Berry|[weaken]\n|-damage|p1a: HONKAHONKA|28/100\n|-status|p1a: HONKAHONKA|psn\n|move|p1b: GYARBEAR|Thunder Wave|p2b: Toxicroak\n|-status|p2b: Toxicroak|par\n|move|p1a: HONKAHONKA|Dazzling Gleam|p2a: Pelipper|[spread] p2a,p2b\n|-damage|p2a: Pelipper|0 fnt\n|-damage|p2b: Toxicroak|51/100 par\n|faint|p2a: Pelipper\n|\n|-weather|RainDance|[upkeep]\n|-heal|p2b: Toxicroak|63/100 par|[from] ability: Dry Skin\n|-heal|p2b: Toxicroak|69/100 par|[from] item: Leftovers\n|-damage|p1a: HONKAHONKA|16/100 psn|[from] psn\n|upkeep\n|\n|t:|1776035498\n|switch|p2a: Dragonite|Dragonite, L50, F, shiny|100/100\n|turn|6\n|\n|t:|1776035524\n|switch|p1a: AY|Raichu, L50, F|13/100\n|move|p2a: Dragonite|Protect|p2a: Dragonite\n|-singleturn|p2a: Dragonite|Protect\n|move|p1b: GYARBEAR|Icy Wind|p2b: Toxicroak|[spread] p2b\n|-activate|p2a: Dragonite|move: Protect\n|-damage|p2b: Toxicroak|61/100 par\n|-unboost|p2b: Toxicroak|spe|1\n|move|p2b: Toxicroak|Poison Jab|p1b: GYARBEAR\n|-damage|p1b: GYARBEAR|37/100\n|-enditem|p1b: GYARBEAR|Sitrus Berry|[eat]\n|-heal|p1b: GYARBEAR|62/100|[from] item: Sitrus Berry\n|\n|-weather|RainDance|[upkeep]\n|-heal|p2b: Toxicroak|73/100 par|[from] ability: Dry Skin\n|-heal|p2b: Toxicroak|79/100 par|[from] item: Leftovers\n|upkeep\n|turn|7\n|\n|t:|1776035548\n|detailschange|p2a: Dragonite|Dragonite-Mega, L50, F, shiny\n|-mega|p2a: Dragonite|Dragonite|Dragoninite\n|move|p1a: AY|Encore|p2a: Dragonite\n|-start|p2a: Dragonite|Encore\n|move|p2a: Dragonite|Protect||[still]\n|-fail|p2a: Dragonite\n|move|p1b: GYARBEAR|Icy Wind|p2a: Dragonite|[spread] p2a,p2b\n|-supereffective|p2a: Dragonite|2\n|-damage|p2a: Dragonite|90/100\n|-damage|p2b: Toxicroak|71/100 par\n|-unboost|p2a: Dragonite|spe|1\n|-unboost|p2b: Toxicroak|spe|1\n|move|p2b: Toxicroak|Poison Jab|p1b: GYARBEAR\n|-damage|p1b: GYARBEAR|40/100\n|-status|p1b: GYARBEAR|psn\n|\n|-weather|none\n|-heal|p2b: Toxicroak|77/100 par|[from] item: Leftovers\n|-damage|p1b: GYARBEAR|28/100 psn|[from] psn\n|upkeep\n|turn|8\n|\n|t:|1776035574\n|move|p2a: Dragonite|Protect|p2a: Dragonite\n|-singleturn|p2a: Dragonite|Protect\n|move|p1a: AY|Endeavor|p2b: Toxicroak\n|-damage|p2b: Toxicroak|11/100 par\n|move|p1b: GYARBEAR|Icy Wind|p2b: Toxicroak|[spread] p2b\n|-activate|p2a: Dragonite|move: Protect\n|-damage|p2b: Toxicroak|3/100 par\n|-unboost|p2b: Toxicroak|spe|1\n|move|p2b: Toxicroak|Poison Jab|p1a: AY\n|-damage|p1a: AY|0 fnt\n|faint|p1a: AY\n|\n|-heal|p2b: Toxicroak|9/100 par|[from] item: Leftovers\n|-damage|p1b: GYARBEAR|15/100 psn|[from] psn\n|upkeep\n|\n|t:|1776035584\n|switch|p1a: HONKAHONKA|Primarina, L50, F|16/100 psn\n|turn|9\n|\n|t:|1776035590\n|move|p2a: Dragonite|Protect||[still]\n|-fail|p2a: Dragonite\n|move|p1b: GYARBEAR|Temper Flare|p2b: Toxicroak\n|-damage|p2b: Toxicroak|0 fnt\n|faint|p2b: Toxicroak\n|move|p1a: HONKAHONKA|Moonblast|p2a: Dragonite\n|-supereffective|p2a: Dragonite|1\n|-damage|p2a: Dragonite|0 fnt\n|faint|p2a: Dragonite\n|\n|win|Sevaunn\n|raw|Sevaunn's rating: 1156 &rarr; <strong>1174</strong><br />(+18 for winning)\n|raw|ritovic10's rating: 1061 &rarr; <strong>1047</strong><br />(-14 for losing)\n",
  "uploadtime": 1776035602,
  "views": 13,
  "formatid": "gen9championsvgc2026regma",
  "rating": 1047,
  "private": 0,
  "password": null
}