{
  "id": "gen9championsvgc2026regma-2583803320",
  "format": "[Gen 9 Champions] VGC 2026 Reg M-A",
  "players": [
    "HawaiiCookieCo",
    "B0bmitner0"
  ],
  "log": "|j|\u2606HawaiiCookieCo\n|j|\u2606B0bmitner0\n|t:|1776198843\n|gametype|doubles\n|player|p1|HawaiiCookieCo|swimmer-gen4dp|1045\n|player|p2|B0bmitner0|265|1027\n|gen|9\n|tier|[Gen 9 Champions] VGC 2026 Reg M-A\n|rated|\n|rule|Species Clause: Limit one of each Pok\u00e9mon\n|rule|Item Clause: Limit 1 of each item\n|clearpoke\n|poke|p1|Volcarona, L50, F|\n|poke|p1|Mamoswine, L50, F|\n|poke|p1|Tyranitar, L50, M|\n|poke|p1|Aegislash, L50, F|\n|poke|p1|Maushold, L50|\n|poke|p1|Incineroar, L50, F|\n|poke|p2|Aggron, L50, F|\n|poke|p2|Espathra, L50, M|\n|poke|p2|Whimsicott, L50, F|\n|poke|p2|Maushold-Four, L50|\n|poke|p2|Feraligatr, L50, M|\n|poke|p2|Sableye, L50, M|\n|teampreview|4\n|inactive|Battle timer is ON: inactive players will automatically lose when time's up. (requested by HawaiiCookieCo)\n|inactive|HawaiiCookieCo has 60 seconds left.\n|\n|t:|1776198894\n|teamsize|p1|4\n|teamsize|p2|4\n|start\n|switch|p1a: Volcarona|Volcarona, L50, F|100/100\n|switch|p1b: Incineroar|Incineroar, L50, F|100/100\n|switch|p2a: Feraligatr|Feraligatr, L50, M|100/100\n|switch|p2b: Whimsicott|Whimsicott, L50, F|100/100\n|-ability|p1b: Incineroar|Intimidate|boost\n|-unboost|p2a: Feraligatr|atk|1\n|-unboost|p2b: Whimsicott|atk|1\n|turn|1\n|\n|t:|1776198913\n|move|p1b: Incineroar|Fake Out|p2a: Feraligatr\n|-damage|p2a: Feraligatr|89/100\n|move|p2b: Whimsicott|Tailwind|p2b: Whimsicott\n|-sidestart|p2: B0bmitner0|move: Tailwind\n|cant|p2a: Feraligatr|flinch\n|move|p1a: Volcarona|Quiver Dance|p1a: Volcarona\n|-boost|p1a: Volcarona|spa|1\n|-boost|p1a: Volcarona|spd|1\n|-boost|p1a: Volcarona|spe|1\n|\n|upkeep\n|turn|2\n|\n|t:|1776198933\n|move|p1a: Volcarona|Protect|p1a: Volcarona\n|-singleturn|p1a: Volcarona|Protect\n|move|p2b: Whimsicott|Encore|p1a: Volcarona\n|-activate|p1a: Volcarona|move: Protect\n|move|p2a: Feraligatr|Liquidation|p1b: Incineroar\n|-supereffective|p1b: Incineroar|1\n|-damage|p1b: Incineroar|52/100\n|move|p1b: Incineroar|Parting Shot|p2a: Feraligatr\n|-unboost|p2a: Feraligatr|atk|1\n|-unboost|p2a: Feraligatr|spa|1\n|\n|t:|1776198942\n|switch|p1b: Maushold|Maushold, L50|100/100|[from] Parting Shot\n|\n|upkeep\n|turn|3\n|\n|t:|1776198953\n|switch|p2a: Aggron|Aggron, L50, F|100/100\n|move|p1b: Maushold|Follow Me|p1b: Maushold\n|-singleturn|p1b: Maushold|move: Follow Me\n|move|p2b: Whimsicott|Encore|p1b: Maushold\n|-start|p1b: Maushold|Encore\n|move|p1a: Volcarona|Heat Wave|p2a: Aggron|[spread] p2a,p2b\n|-supereffective|p2b: Whimsicott|1\n|-damage|p2a: Aggron|32/100\n|-damage|p2b: Whimsicott|0 fnt\n|faint|p2b: Whimsicott\n|\n|upkeep\n|\n|t:|1776198968\n|switch|p2b: Feraligatr|Feraligatr, L50, M|89/100\n|turn|4\n|\n|t:|1776198985\n|detailschange|p2b: Feraligatr|Feraligatr-Mega, L50, M\n|-mega|p2b: Feraligatr|Feraligatr|Feraligite\n|move|p1b: Maushold|Follow Me|p1b: Maushold\n|-singleturn|p1b: Maushold|move: Follow Me\n|move|p2b: Feraligatr|Liquidation|p1b: Maushold\n|-damage|p1b: Maushold|38/100\n|move|p1a: Volcarona|Heat Wave|p2a: Aggron|[spread] p2a,p2b\n|-resisted|p2b: Feraligatr|2\n|-damage|p2a: Aggron|0 fnt\n|-damage|p2b: Feraligatr|73/100\n|faint|p2a: Aggron\n|\n|-sideend|p2: B0bmitner0|move: Tailwind\n|upkeep\n|\n|t:|1776199000\n|switch|p2a: Maushold|Maushold-Four, L50|100/100\n|turn|5\n|\n|t:|1776199013\n|move|p1b: Maushold|Follow Me|p1b: Maushold\n|-singleturn|p1b: Maushold|move: Follow Me\n|move|p1a: Volcarona|Quiver Dance|p1a: Volcarona\n|-boost|p1a: Volcarona|spa|1\n|-boost|p1a: Volcarona|spd|1\n|-boost|p1a: Volcarona|spe|1\n|move|p2a: Maushold|Taunt|p1b: Maushold\n|-start|p1b: Maushold|move: Taunt\n|move|p2b: Feraligatr|Dragon Tail|p1b: Maushold|[miss]\n|-miss|p2b: Feraligatr|p1b: Maushold\n|\n|upkeep\n|turn|6\n|inactive|B0bmitner0 has 30 seconds left.\n|\n|t:|1776199047\n|switch|p1b: Incineroar|Incineroar, L50, F|52/100\n|-ability|p1b: Incineroar|Intimidate|boost\n|-unboost|p2a: Maushold|atk|1\n|-unboost|p2b: Feraligatr|atk|1\n|move|p1a: Volcarona|Giga Drain|p2b: Feraligatr\n|-damage|p2b: Feraligatr|25/100\n|move|p2b: Feraligatr|Liquidation|p1a: Volcarona\n|-supereffective|p1a: Volcarona|1\n|-damage|p1a: Volcarona|24/100\n|move|p2a: Maushold|Switcheroo|p1a: Volcarona\n|-activate|p2a: Maushold|move: Trick|[of] p1a: Volcarona\n|-item|p1a: Volcarona|Leftovers|[from] move: Switcheroo\n|-item|p2a: Maushold|Leftovers|[from] move: Switcheroo\n|\n|-heal|p1a: Volcarona|30/100|[from] item: Leftovers\n|upkeep\n|turn|7\n|inactive|B0bmitner0 has 30 seconds left.\n|inactive|B0bmitner0 has 20 seconds left.\n|\n|t:|1776199082\n|move|p1b: Incineroar|Fake Out|p2a: Maushold\n|-damage|p2a: Maushold|88/100\n|cant|p2a: Maushold|flinch\n|move|p1a: Volcarona|Giga Drain|p2b: Feraligatr\n|-damage|p2b: Feraligatr|0 fnt\n|-heal|p1a: Volcarona|42/100|[from] drain|[of] p2b: Feraligatr\n|faint|p2b: Feraligatr\n|\n|-heal|p1a: Volcarona|48/100|[from] item: Leftovers\n|-heal|p2a: Maushold|94/100|[from] item: Leftovers\n|upkeep\n|turn|8\n|\n|t:|1776199097\n|move|p1a: Volcarona|Giga Drain|p2a: Maushold\n|-damage|p2a: Maushold|40/100\n|-heal|p1a: Volcarona|73/100|[from] drain|[of] p2a: Maushold\n|move|p2a: Maushold|Population Bomb|p1a: Volcarona\n|-damage|p1a: Volcarona|68/100\n|-status|p2a: Maushold|brn|[from] ability: Flame Body|[of] p1a: Volcarona\n|-damage|p1a: Volcarona|67/100\n|-damage|p1a: Volcarona|65/100\n|-damage|p1a: Volcarona|63/100\n|-damage|p1a: Volcarona|61/100\n|-damage|p1a: Volcarona|59/100\n|-damage|p1a: Volcarona|58/100\n|-damage|p1a: Volcarona|56/100\n|-damage|p1a: Volcarona|54/100\n|-damage|p1a: Volcarona|52/100\n|-hitcount|p1a: Volcarona|10\n|move|p1b: Incineroar|Darkest Lariat|p2a: Maushold\n|-damage|p2a: Maushold|0 fnt\n|faint|p2a: Maushold\n|\n|win|HawaiiCookieCo\n|raw|HawaiiCookieCo's rating: 1045 &rarr; <strong>1077</strong><br />(+32 for winning)\n|raw|B0bmitner0's rating: 1027 &rarr; <strong>1014</strong><br />(-13 for losing)\n",
  "uploadtime": 1776199119,
  "views": 30,
  "formatid": "gen9championsvgc2026regma",
  "rating": 1014,
  "private": 0,
  "password": null
}