{
  "id": "gen9championsvgc2026regma-2581953213",
  "format": "[Gen 9 Champions] VGC 2026 Reg M-A",
  "players": [
    "manu0710",
    "AquaticPanic"
  ],
  "log": "|j|\u2606manu0710\n|j|\u2606AquaticPanic\n|t:|1776042799\n|gametype|doubles\n|player|p1|manu0710|102|1232\n|player|p2|AquaticPanic|170|1219\n|gen|9\n|tier|[Gen 9 Champions] VGC 2026 Reg M-A\n|rated|\n|rule|Species Clause: Limit one of each Pok\u00e9mon\n|rule|Item Clause: Limit 1 of each item\n|clearpoke\n|poke|p1|Araquanid, L50, M|\n|poke|p1|Politoed, L50, M|\n|poke|p1|Gardevoir, L50, F|\n|poke|p1|Lucario, L50, M|\n|poke|p1|Incineroar, L50, F|\n|poke|p1|Whimsicott, L50, M|\n|poke|p2|Gengar, L50, F|\n|poke|p2|Whimsicott, L50, M|\n|poke|p2|Incineroar, L50, M|\n|poke|p2|Sinistcha, L50|\n|poke|p2|Sneasler, L50, M|\n|poke|p2|Rotom-Wash, L50|\n|teampreview|4\n|inactive|Battle timer is ON: inactive players will automatically lose when time's up. (requested by manu0710)\n|\n|t:|1776042819\n|teamsize|p1|4\n|teamsize|p2|4\n|start\n|switch|p1a: Politoed|Politoed, L50, M|100/100\n|switch|p1b: Araquanid|Araquanid, L50, M|100/100\n|switch|p2a: Rotom|Rotom-Wash, L50|100/100\n|switch|p2b: Sneasler|Sneasler, L50, M|100/100\n|-weather|RainDance|[from] ability: Drizzle|[of] p1a: Politoed\n|turn|1\n|\n|t:|1776042839\n|move|p2b: Sneasler|Fake Out|p1a: Politoed\n|-damage|p1a: Politoed|82/100\n|move|p2a: Rotom|Volt Switch|p1b: Araquanid\n|-supereffective|p1b: Araquanid|1\n|-damage|p1b: Araquanid|33/100\n|\n|t:|1776042845\n|switch|p2a: Whimsicott|Whimsicott, L50, M|100/100|[from] Volt Switch\n|cant|p1a: Politoed|flinch\n|move|p1b: Araquanid|Liquidation|p2b: Sneasler\n|-damage|p2b: Sneasler|0 fnt\n|faint|p2b: Sneasler\n|\n|-weather|RainDance|[upkeep]\n|upkeep\n|\n|t:|1776042857\n|switch|p2b: Gengar|Gengar, L50, F|100/100\n|turn|2\n|\n|t:|1776042875\n|detailschange|p2b: Gengar|Gengar-Mega, L50, F\n|-mega|p2b: Gengar|Gengar|Gengarite\n|move|p2a: Whimsicott|Protect|p2a: Whimsicott\n|-singleturn|p2a: Whimsicott|Protect\n|move|p2b: Gengar|Protect|p2b: Gengar\n|-singleturn|p2b: Gengar|Protect\n|move|p1a: Politoed|Weather Ball|p2b: Gengar\n|-activate|p2b: Gengar|move: Protect\n|move|p1b: Araquanid|Icy Wind|p2b: Gengar|[spread] \n|-activate|p2a: Whimsicott|move: Protect\n|-activate|p2b: Gengar|move: Protect\n|\n|-weather|RainDance|[upkeep]\n|upkeep\n|turn|3\n|\n|t:|1776042896\n|move|p2a: Whimsicott|Encore|p1a: Politoed\n|-start|p1a: Politoed|Encore\n|move|p1a: Politoed|Weather Ball|p2a: Whimsicott\n|-resisted|p2a: Whimsicott|1\n|-damage|p2a: Whimsicott|59/100\n|move|p2b: Gengar|Disable|p1a: Politoed\n|-start|p1a: Politoed|Disable|Weather Ball\n|move|p1b: Araquanid|Icy Wind|p2a: Whimsicott|[spread] p2a,p2b\n|-supereffective|p2a: Whimsicott|1\n|-damage|p2a: Whimsicott|45/100\n|-damage|p2b: Gengar|95/100\n|-unboost|p2a: Whimsicott|spe|1\n|-unboost|p2b: Gengar|spe|1\n|\n|-weather|RainDance|[upkeep]\n|upkeep\n|turn|4\n|\n|t:|1776042915\n|move|p2a: Whimsicott|Encore|p1b: Araquanid\n|-start|p1b: Araquanid|Encore\n|-activate|p1a: Politoed|move: Struggle\n|move|p1a: Politoed|Struggle|p2b: Gengar\n|-damage|p2b: Gengar|84/100\n|-damage|p1a: Politoed|57/100|[from] recoil\n|move|p2b: Gengar|Disable|p1b: Araquanid\n|-start|p1b: Araquanid|Disable|Icy Wind\n|cant|p1b: Araquanid|Disable|Icy Wind\n|\n|-weather|RainDance|[upkeep]\n|upkeep\n|turn|5\n|\n|t:|1776042928\n|switch|p2a: Rotom|Rotom-Wash, L50|100/100\n|-activate|p1a: Politoed|move: Struggle\n|move|p1a: Politoed|Struggle|p2a: Rotom\n|-damage|p2a: Rotom|89/100\n|-damage|p1a: Politoed|32/100|[from] recoil\n|move|p2b: Gengar|Shadow Ball|p1a: Politoed\n|-damage|p1a: Politoed|0 fnt\n|faint|p1a: Politoed\n|-activate|p1b: Araquanid|move: Struggle\n|move|p1b: Araquanid|Struggle|p2b: Gengar\n|-damage|p2b: Gengar|68/100\n|-damage|p1b: Araquanid|8/100|[from] recoil\n|\n|-weather|none\n|upkeep\n|\n|t:|1776042940\n|switch|p1a: Incineroar|Incineroar, L50, F|100/100\n|-ability|p1a: Incineroar|Intimidate|boost\n|-unboost|p2a: Rotom|atk|1\n|-unboost|p2b: Gengar|atk|1\n|turn|6\n|inactive|manu0710 has 30 seconds left.\n|\n|t:|1776042972\n|move|p2b: Gengar|Protect|p2b: Gengar\n|-singleturn|p2b: Gengar|Protect\n|move|p1a: Incineroar|Fake Out|p2a: Rotom\n|-damage|p2a: Rotom|76/100\n|cant|p2a: Rotom|flinch\n|-activate|p1b: Araquanid|move: Struggle\n|move|p1b: Araquanid|Struggle|p2b: Gengar\n|-activate|p2b: Gengar|move: Protect\n|\n|-end|p1b: Araquanid|Encore\n|upkeep\n|turn|7\n|\n|t:|1776042990\n|switch|p2b: Whimsicott|Whimsicott, L50, M|45/100\n|move|p2a: Rotom|Trick|p1a: Incineroar\n|-activate|p2a: Rotom|move: Trick|[of] p1a: Incineroar\n|-item|p1a: Incineroar|Choice Scarf|[from] move: Trick\n|-item|p2a: Rotom|Chople Berry|[from] move: Trick\n|move|p1a: Incineroar|Throat Chop|p2b: Whimsicott\n|-resisted|p2b: Whimsicott|1\n|-damage|p2b: Whimsicott|26/100\n|-start|p2b: Whimsicott|Throat Chop|[silent]\n|move|p1b: Araquanid|Liquidation|p2a: Rotom\n|-resisted|p2a: Rotom|1\n|-damage|p2a: Rotom|26/100\n|\n|-end|p1b: Araquanid|Disable\n|upkeep\n|turn|8\n|\n|t:|1776043008\n|move|p2b: Whimsicott|Protect|p2b: Whimsicott\n|-singleturn|p2b: Whimsicott|Protect\n|move|p2a: Rotom|Electroweb|p1a: Incineroar|[spread] p1a,p1b\n|-supereffective|p1b: Araquanid|1\n|-damage|p1a: Incineroar|86/100\n|-damage|p1b: Araquanid|0 fnt\n|-unboost|p1a: Incineroar|spe|1\n|faint|p1b: Araquanid\n|move|p1a: Incineroar|Throat Chop|p2a: Rotom\n|-damage|p2a: Rotom|0 fnt\n|faint|p2a: Rotom\n|\n|-end|p2b: Whimsicott|Throat Chop|[silent]\n|upkeep\n|\n|t:|1776043018\n|switch|p2a: Gengar|Gengar-Mega, L50, F|68/100\n|switch|p1b: Gardevoir|Gardevoir, L50, F|100/100\n|turn|9\n|\n|t:|1776043025\n|move|p2b: Whimsicott|Protect|p2b: Whimsicott\n|-singleturn|p2b: Whimsicott|Protect\n|move|p2a: Gengar|Protect|p2a: Gengar\n|-singleturn|p2a: Gengar|Protect\n|move|p1b: Gardevoir|Protect|p1b: Gardevoir\n|-singleturn|p1b: Gardevoir|Protect\n|move|p1a: Incineroar|Throat Chop|p2a: Gengar\n|-activate|p2a: Gengar|move: Protect\n|\n|upkeep\n|turn|10\n|\n|t:|1776043035\n|detailschange|p1b: Gardevoir|Gardevoir-Mega, L50, F\n|-mega|p1b: Gardevoir|Gardevoir|Gardevoirite\n|move|p2b: Whimsicott|Encore|p1b: Gardevoir\n|-start|p1b: Gardevoir|Encore\n|move|p1b: Gardevoir|Protect||[still]\n|-fail|p1b: Gardevoir\n|move|p2a: Gengar|Disable|p1a: Incineroar\n|-start|p1a: Incineroar|Disable|Throat Chop\n|cant|p1a: Incineroar|Disable|Throat Chop\n|\n|upkeep\n|turn|11\n|\n|t:|1776043048\n|move|p1b: Gardevoir|Protect|p1b: Gardevoir\n|-singleturn|p1b: Gardevoir|Protect\n|move|p2a: Gengar|Sludge Bomb|p1a: Incineroar\n|-damage|p1a: Incineroar|52/100\n|move|p2b: Whimsicott|Moonblast|p1a: Incineroar\n|-damage|p1a: Incineroar|32/100\n|-activate|p1a: Incineroar|move: Struggle\n|move|p1a: Incineroar|Struggle|p2a: Gengar\n|-damage|p2a: Gengar|50/100\n|-damage|p1a: Incineroar|7/100|[from] recoil\n|\n|upkeep\n|turn|12\n|\n|t:|1776043065\n|move|p1b: Gardevoir|Protect||[still]\n|-fail|p1b: Gardevoir\n|move|p2a: Gengar|Disable|p1b: Gardevoir\n|-start|p1b: Gardevoir|Disable|Protect\n|move|p2b: Whimsicott|Moonblast|p1b: Gardevoir\n|-damage|p1b: Gardevoir|78/100\n|-activate|p1a: Incineroar|move: Struggle\n|move|p1a: Incineroar|Struggle|p2a: Gengar\n|-damage|p2a: Gengar|33/100\n|-damage|p1a: Incineroar|0 fnt|[from] recoil\n|faint|p1a: Incineroar\n|\n|-end|p1b: Gardevoir|Encore\n|upkeep\n|turn|13\n|\n|t:|1776043082\n|move|p2b: Whimsicott|Encore|p1b: Gardevoir\n|-start|p1b: Gardevoir|Encore\n|cant|p1b: Gardevoir|Disable|Protect\n|move|p2a: Gengar|Sludge Bomb|p1b: Gardevoir\n|-supereffective|p1b: Gardevoir|1\n|-damage|p1b: Gardevoir|0 fnt\n|faint|p1b: Gardevoir\n|\n|win|AquaticPanic\n|raw|manu0710's rating: 1232 &rarr; <strong>1206</strong><br />(-26 for losing)\n|raw|AquaticPanic's rating: 1219 &rarr; <strong>1245</strong><br />(+26 for winning)\n|l|\u2606manu0710\n|player|p1|\n",
  "uploadtime": 1776043091,
  "views": 25,
  "formatid": "gen9championsvgc2026regma",
  "rating": 1206,
  "private": 0,
  "password": null
}