{
  "id": "gen9championsvgc2026regma-2582458607",
  "format": "[Gen 9 Champions] VGC 2026 Reg M-A",
  "players": [
    "NegaiFreak",
    "Meloflora"
  ],
  "log": "|j|\u2606NegaiFreak\n|j|\u2606Meloflora\n|t:|1776093019\n|gametype|doubles\n|player|p1|NegaiFreak|170|1132\n|player|p2|Meloflora|bugcatcher-gen4dp|1037\n|gen|9\n|tier|[Gen 9 Champions] VGC 2026 Reg M-A\n|rated|\n|rule|Species Clause: Limit one of each Pok\u00e9mon\n|rule|Item Clause: Limit 1 of each item\n|clearpoke\n|poke|p1|Archaludon, L50, M|\n|poke|p1|Pelipper, L50, F|\n|poke|p1|Basculegion, L50, M|\n|poke|p1|Meganium, L50, M|\n|poke|p1|Maushold-Four, L50|\n|poke|p1|Farigiraf, L50, F|\n|poke|p2|Charizard, L50, M|\n|poke|p2|Kingambit, L50, M|\n|poke|p2|Rotom-Wash, L50|\n|poke|p2|Sneasler, L50, M|\n|poke|p2|Ninetales-Alola, L50, M|\n|poke|p2|Sinistcha, L50|\n|teampreview|4\n|inactive|Battle timer is ON: inactive players will automatically lose when time's up. (requested by NegaiFreak)\n|c|\u2606NegaiFreak|GLHF\n|c|\u2606Meloflora|u 2\n|\n|t:|1776093044\n|teamsize|p1|4\n|teamsize|p2|4\n|start\n|switch|p1a: Maushold|Maushold-Four, L50|100/100\n|switch|p1b: Archaludon|Archaludon, L50, M|100/100\n|switch|p2a: Charizard|Charizard, L50, M, shiny|100/100\n|switch|p2b: Sneasler|Sneasler, L50, M|100/100\n|turn|1\n|\n|t:|1776093064\n|detailschange|p2a: Charizard|Charizard-Mega-X, L50, M, shiny\n|-mega|p2a: Charizard|Charizard|Charizardite X\n|move|p1a: Maushold|Protect|p1a: Maushold\n|-singleturn|p1a: Maushold|Protect\n|move|p1b: Archaludon|Protect|p1b: Archaludon\n|-singleturn|p1b: Archaludon|Protect\n|move|p2b: Sneasler|Fake Out|p1a: Maushold\n|-activate|p1a: Maushold|move: Protect\n|move|p2a: Charizard|Dragon Dance|p2a: Charizard\n|-boost|p2a: Charizard|atk|1\n|-boost|p2a: Charizard|spe|1\n|\n|upkeep\n|turn|2\n|inactive|NegaiFreak has 30 seconds left.\n|\n|t:|1776093090\n|move|p1a: Maushold|Follow Me|p1a: Maushold\n|-singleturn|p1a: Maushold|move: Follow Me\n|move|p2a: Charizard|Flare Blitz|p1a: Maushold\n|-damage|p1a: Maushold|0 fnt\n|faint|p1a: Maushold\n|-damage|p2a: Charizard|72/100|[from] Recoil\n|move|p2b: Sneasler|Close Combat|p1b: Archaludon\n|-supereffective|p1b: Archaludon|1\n|-ability|p1b: Archaludon|Sturdy\n|-damage|p1b: Archaludon|1/100\n|-unboost|p2b: Sneasler|def|1\n|-unboost|p2b: Sneasler|spd|1\n|-enditem|p2b: Sneasler|White Herb\n|-clearnegativeboost|p2b: Sneasler|[silent]\n|move|p1b: Archaludon|Dragon Pulse|p2a: Charizard\n|-supereffective|p2a: Charizard|1\n|-crit|p2a: Charizard\n|-damage|p2a: Charizard|0 fnt\n|faint|p2a: Charizard\n|\n|upkeep\n|\n|t:|1776093109\n|switch|p1a: Pelipper|Pelipper, L50, F|100/100\n|switch|p2a: Ninetales|Ninetales-Alola, L50, M|100/100\n|-weather|Snowscape|[from] ability: Snow Warning|[of] p2a: Ninetales\n|-weather|RainDance|[from] ability: Drizzle|[of] p1a: Pelipper\n|turn|3\n|\n|t:|1776093127\n|switch|p2a: Rotom|Rotom-Wash, L50|100/100\n|move|p2b: Sneasler|Protect|p2b: Sneasler\n|-singleturn|p2b: Sneasler|Protect\n|move|p1b: Archaludon|Protect|p1b: Archaludon\n|-singleturn|p1b: Archaludon|Protect\n|move|p1a: Pelipper|Tailwind|p1a: Pelipper\n|-sidestart|p1: NegaiFreak|move: Tailwind\n|\n|-weather|RainDance|[upkeep]\n|upkeep\n|turn|4\n|\n|t:|1776093144\n|switch|p1a: Meganium|Meganium, L50, M|100/100\n|move|p2b: Sneasler|Close Combat|p1b: Archaludon\n|-supereffective|p1b: Archaludon|1\n|-damage|p1b: Archaludon|0 fnt\n|-unboost|p2b: Sneasler|def|1\n|-unboost|p2b: Sneasler|spd|1\n|faint|p1b: Archaludon\n|move|p2a: Rotom|Volt Switch|p1a: Meganium\n|-resisted|p1a: Meganium|1\n|-crit|p1a: Meganium\n|-damage|p1a: Meganium|83/100\n|\n|t:|1776093152\n|switch|p2a: Ninetales|Ninetales-Alola, L50, M|100/100|[from] Volt Switch\n|-weather|Snowscape|[from] ability: Snow Warning|[of] p2a: Ninetales\n|\n|-weather|Snowscape|[upkeep]\n|upkeep\n|\n|t:|1776093158\n|switch|p1b: Pelipper|Pelipper, L50, F|100/100\n|-weather|RainDance|[from] ability: Drizzle|[of] p1b: Pelipper\n|turn|5\n|\n|t:|1776093171\n|switch|p2b: Rotom|Rotom-Wash, L50|100/100\n|detailschange|p1a: Meganium|Meganium-Mega, L50, M\n|-mega|p1a: Meganium|Meganium|Meganiumite\n|move|p1b: Pelipper|Hurricane|p2b: Rotom\n|-resisted|p2b: Rotom|1\n|-damage|p2b: Rotom|77/100\n|move|p1a: Meganium|Solar Beam||[still]\n|-prepare|p1a: Meganium|Solar Beam\n|-activate|p1a: Meganium|ability: Mega Sol\n|-anim|p1a: Meganium|Solar Beam|p2a: Ninetales\n|-damage|p2a: Ninetales|26/100\n|move|p2a: Ninetales|Freeze-Dry|p1b: Pelipper\n|-supereffective|p1b: Pelipper|2\n|-enditem|p1b: Pelipper|Focus Sash\n|-damage|p1b: Pelipper|1/100\n|\n|-weather|RainDance|[upkeep]\n|upkeep\n|turn|6\n|\n|t:|1776093195\n|switch|p2a: Sneasler|Sneasler, L50, M|100/100\n|move|p1b: Pelipper|Hurricane|p2a: Sneasler\n|-supereffective|p2a: Sneasler|1\n|-damage|p2a: Sneasler|0 fnt\n|faint|p2a: Sneasler\n|move|p1a: Meganium|Solar Beam||[still]\n|-prepare|p1a: Meganium|Solar Beam\n|-activate|p1a: Meganium|ability: Mega Sol\n|-anim|p1a: Meganium|Solar Beam|p2b: Rotom\n|-supereffective|p2b: Rotom|1\n|-damage|p2b: Rotom|0 fnt\n|faint|p2b: Rotom\n|\n|-weather|RainDance|[upkeep]\n|-sideend|p1: NegaiFreak|move: Tailwind\n|upkeep\n|\n|t:|1776093204\n|switch|p2a: Ninetales|Ninetales-Alola, L50, M|26/100\n|-weather|Snowscape|[from] ability: Snow Warning|[of] p2a: Ninetales\n|turn|7\n|\n|t:|1776093219\n|move|p2a: Ninetales|Blizzard|p1b: Pelipper|[spread] p1a,p1b\n|-supereffective|p1a: Meganium|1\n|-damage|p1a: Meganium|28/100\n|-damage|p1b: Pelipper|0 fnt\n|faint|p1b: Pelipper\n|move|p1a: Meganium|Weather Ball|p2a: Ninetales\n|-supereffective|p2a: Ninetales|1\n|-damage|p2a: Ninetales|0 fnt\n|faint|p2a: Ninetales\n|\n|win|NegaiFreak\n|raw|NegaiFreak's rating: 1132 &rarr; <strong>1150</strong><br />(+18 for winning)\n|raw|Meloflora's rating: 1037 &rarr; <strong>1026</strong><br />(-11 for losing)\n|c|\u2606Meloflora|gg\n|c|\u2606NegaiFreak|GG, WP\n|l|\u2606Meloflora\n|player|p2|\n",
  "uploadtime": 1776093245,
  "views": 10,
  "formatid": "gen9championsvgc2026regma",
  "rating": 1026,
  "private": 0,
  "password": null
}