{
  "id": "gen9championsvgc2026regma-2585932153",
  "format": "[Gen 9 Champions] VGC 2026 Reg M-A",
  "players": [
    "Endergeimer",
    "GronGT"
  ],
  "log": "|j|\u2606Endergeimer\n|j|\u2606GronGT\n|t:|1776382638\n|gametype|doubles\n|player|p1|Endergeimer|170|1103\n|player|p2|GronGT|ethan|1150\n|gen|9\n|tier|[Gen 9 Champions] VGC 2026 Reg M-A\n|rated|\n|rule|Species Clause: Limit one of each Pok\u00e9mon\n|rule|Item Clause: Limit 1 of each item\n|clearpoke\n|poke|p1|Basculegion, L50, M|\n|poke|p1|Gengar, L50, F|\n|poke|p1|Runerigus, L50, F|\n|poke|p1|Chandelure, L50, F|\n|poke|p1|Trevenant, L50, M|\n|poke|p1|Zoroark-Hisui, L50, M|\n|poke|p2|Incineroar, L50, F|\n|poke|p2|Charizard, L50, F|\n|poke|p2|Venusaur, L50, F|\n|poke|p2|Milotic, L50, F|\n|poke|p2|Basculegion, L50, M|\n|poke|p2|Dragapult, L50, M|\n|teampreview|4\n|c|\u2606Endergeimer|GLHF...\nEndergeimer has agreed to open team sheets.\nGronGT rejected open team sheets.\n|c|\u2606GronGT|glhf\n|inactive|Battle timer is ON: inactive players will automatically lose when time's up. (requested by GronGT)\n|\n|t:|1776382709\n|teamsize|p1|4\n|teamsize|p2|4\n|start\n|switch|p1a: Chandelure|Chandelure, L50, F|100/100\n|switch|p1b: Trevenant|Trevenant, L50, M|100/100\n|switch|p2a: Charizard|Charizard, L50, F, shiny|100/100\n|switch|p2b: Milotic|Milotic, L50, F|100/100\n|turn|1\n|inactive|Endergeimer has 30 seconds left.\n|\n|t:|1776382735\n|detailschange|p2a: Charizard|Charizard-Mega-Y, L50, F, shiny\n|-mega|p2a: Charizard|Charizard|Charizardite Y\n|-weather|SunnyDay|[from] ability: Drought|[of] p2a: Charizard\n|move|p2b: Milotic|Helping Hand|p2a: Charizard\n|-singleturn|p2a: Charizard|Helping Hand|[of] p2b: Milotic\n|move|p1a: Chandelure|Sludge Bomb|p2a: Charizard\n|-damage|p2a: Charizard|75/100\n|-status|p2a: Charizard|psn\n|move|p2a: Charizard|Heat Wave|p1a: Chandelure|[spread] p1a,p1b\n|-supereffective|p1b: Trevenant|1\n|-damage|p1a: Chandelure|0 fnt\n|-damage|p1b: Trevenant|0 fnt\n|replace|p1a: Zoroark|Zoroark-Hisui, L50, M\n|-end|p1a: Zoroark|Illusion\n|faint|p1a: Zoroark\n|faint|p1b: Trevenant\n|\n|-weather|SunnyDay|[upkeep]\n|-damage|p2a: Charizard|63/100 psn|[from] psn\n|upkeep\n|\n|t:|1776382759\n|switch|p1a: Basculegion|Basculegion, L50, M|100/100\n|switch|p1b: Chandelure|Chandelure, L50, F|100/100\n|turn|2\n|c|\u2606GronGT|im new in vgc\n|inactive|GronGT has 30 seconds left.\n|inactive|GronGT has 20 seconds left.\n|\n|t:|1776382794\n|detailschange|p1b: Chandelure|Chandelure-Mega, L50, F\n|-mega|p1b: Chandelure|Chandelure|Chandelurite\n|move|p2a: Charizard|Protect|p2a: Charizard\n|-singleturn|p2a: Charizard|Protect\n|move|p1a: Basculegion|Waterfall|p2a: Charizard\n|-activate|p2a: Charizard|move: Protect\n|move|p1b: Chandelure|Energy Ball|p2b: Milotic\n|-supereffective|p2b: Milotic|1\n|-damage|p2b: Milotic|34/100\n|move|p2b: Milotic|Dragon Pulse|p1b: Chandelure\n|-damage|p1b: Chandelure|64/100\n|\n|-weather|SunnyDay|[upkeep]\n|-heal|p2b: Milotic|40/100|[from] item: Leftovers\n|-damage|p2a: Charizard|50/100 psn|[from] psn\n|upkeep\n|turn|3\n|inactive|GronGT has 30 seconds left.\n|inactive|GronGT has 20 seconds left.\n|\n|t:|1776382832\n|switch|p2a: Dragapult|Dragapult, L50, M|100/100\n|move|p1a: Basculegion|Waterfall|p2a: Dragapult\n|-resisted|p2a: Dragapult|1\n|-damage|p2a: Dragapult|84/100\n|move|p1b: Chandelure|Energy Ball|p2b: Milotic\n|-supereffective|p2b: Milotic|1\n|-damage|p2b: Milotic|0 fnt\n|faint|p2b: Milotic\n|\n|-weather|SunnyDay|[upkeep]\n|upkeep\n|\n|t:|1776382846\n|switch|p2b: Basculegion|Basculegion, L50, M|100/100\n|turn|4\n|\n|t:|1776382863\n|move|p1b: Chandelure|Protect|p1b: Chandelure\n|-singleturn|p1b: Chandelure|Protect\n|move|p1a: Basculegion|Waterfall|p2b: Basculegion\n|-resisted|p2b: Basculegion|1\n|-damage|p2b: Basculegion|86/100\n|move|p2b: Basculegion|Wave Crash|p1b: Chandelure\n|-activate|p1b: Chandelure|move: Protect\n|move|p2a: Dragapult|Phantom Force||[still]\n|-prepare|p2a: Dragapult|Phantom Force\n|\n|-weather|SunnyDay|[upkeep]\n|upkeep\n|turn|5\n|inactive|Endergeimer has 30 seconds left.\n|\n|t:|1776382894\n|switch|p2b: Charizard|Charizard-Mega-Y, L50, F, shiny|50/100 psn\n|move|p1a: Basculegion|Waterfall|p2b: Charizard\n|-supereffective|p2b: Charizard|1\n|-damage|p2b: Charizard|0 fnt\n|faint|p2b: Charizard\n|move|p2a: Dragapult|Phantom Force|p1a: Basculegion|[from] lockedmove\n|-supereffective|p1a: Basculegion|1\n|-damage|p1a: Basculegion|0 fnt\n|faint|p1a: Basculegion\n|move|p1b: Chandelure|Shadow Ball|p2a: Dragapult\n|-supereffective|p2a: Dragapult|1\n|-damage|p2a: Dragapult|0 fnt\n|faint|p2a: Dragapult\n|\n|-weather|none\n|upkeep\n|\n|t:|1776382904\n|switch|p2b: Basculegion|Basculegion, L50, M|86/100\n|turn|6\n|\n|t:|1776382922\n|move|p1b: Chandelure|Protect|p1b: Chandelure\n|-singleturn|p1b: Chandelure|Protect\n|move|p2b: Basculegion|Last Respects|p1b: Chandelure\n|-activate|p1b: Chandelure|move: Protect\n|\n|upkeep\n|turn|7\n|\n|t:|1776382929\n|move|p2b: Basculegion|Last Respects|p1b: Chandelure\n|-supereffective|p1b: Chandelure|1\n|-damage|p1b: Chandelure|0 fnt\n|faint|p1b: Chandelure\n|\n|win|GronGT\n|raw|Endergeimer's rating: 1103 &rarr; <strong>1081</strong><br />(-22 for losing)\n|raw|GronGT's rating: 1150 &rarr; <strong>1172</strong><br />(+22 for winning)\n|c|\u2606GronGT|gg\n|c|\u2606Endergeimer|ggg\n|c|\u2606GronGT|u usually play=?\n",
  "uploadtime": 1776382945,
  "views": 14,
  "formatid": "gen9championsvgc2026regma",
  "rating": 1081,
  "private": 0,
  "password": null
}