{
  "id": "gen9championsvgc2026regma-2588396555",
  "format": "[Gen 9 Champions] VGC 2026 Reg M-A",
  "players": [
    "pikafenn",
    "e4mence"
  ],
  "log": "|j|\u2606pikafenn\n|j|\u2606e4mence\n|t:|1776630026\n|gametype|doubles\n|player|p1|pikafenn|265|1180\n|player|p2|e4mence|1|1137\n|gen|9\n|tier|[Gen 9 Champions] VGC 2026 Reg M-A\n|rated|\n|rule|Species Clause: Limit one of each Pok\u00e9mon\n|rule|Item Clause: Limit 1 of each item\n|clearpoke\n|poke|p1|Chesnaught, L50, F|\n|poke|p1|Starmie, L50|\n|poke|p1|Tyranitar, L50, M|\n|poke|p1|Sinistcha, L50|\n|poke|p1|Excadrill, L50, M|\n|poke|p1|Corviknight, L50, F|\n|poke|p2|Scovillain, L50, F|\n|poke|p2|Sneasler, L50, F|\n|poke|p2|Kingambit, L50, F|\n|poke|p2|Froslass, L50, F|\n|poke|p2|Aerodactyl, L50, M|\n|poke|p2|Incineroar, L50, F|\n|teampreview|4\npikafenn rejected open team sheets.\n|inactive|Battle timer is ON: inactive players will automatically lose when time's up. (requested by pikafenn)\n|inactive|pikafenn has 60 seconds left.\n|inactive|e4mence has 60 seconds left.\n|inactive|pikafenn has 30 seconds left.\n|inactive|pikafenn has 20 seconds left.\n|inactive|pikafenn has 15 seconds left.\n|inactive|pikafenn has 10 seconds left.\n|\n|t:|1776630112\n|teamsize|p1|4\n|teamsize|p2|4\n|start\n|switch|p1a: Corviknight|Corviknight, L50, F|100/100\n|switch|p1b: Tyranitar|Tyranitar, L50, M|100/100\n|switch|p2a: Froslass|Froslass, L50, F|100/100\n|switch|p2b: Aerodactyl|Aerodactyl, L50, M|100/100\n|-ability|p2b: Aerodactyl|Unnerve\n|-weather|Sandstorm|[from] ability: Sand Stream|[of] p1b: Tyranitar\n|turn|1\n|inactive|pikafenn has 30 seconds left.\n|inactive|pikafenn has 20 seconds left.\n|inactive|pikafenn has 15 seconds left.\n|inactive|pikafenn has 10 seconds left.\n|\n|t:|1776630157\n|move|p2a: Froslass|Protect|p2a: Froslass\n|-singleturn|p2a: Froslass|Protect\n|move|p2b: Aerodactyl|Tailwind|p2b: Aerodactyl\n|-sidestart|p2: e4mence|move: Tailwind\n|move|p1a: Corviknight|Bulk Up|p1a: Corviknight\n|-boost|p1a: Corviknight|atk|1\n|-boost|p1a: Corviknight|def|1\n|move|p1b: Tyranitar|Rock Slide|p2b: Aerodactyl|[spread] p2b\n|-activate|p2a: Froslass|move: Protect\n|-supereffective|p2b: Aerodactyl|1\n|-enditem|p2b: Aerodactyl|Focus Sash\n|-damage|p2b: Aerodactyl|1/100\n|\n|-weather|Sandstorm|[upkeep]\n|-damage|p2a: Froslass|94/100|[from] Sandstorm\n|upkeep\n|turn|2\n|\n|t:|1776630180\n|detailschange|p2a: Froslass|Froslass-Mega, L50, F\n|-mega|p2a: Froslass|Froslass|Froslassite\n|-weather|Snowscape|[from] ability: Snow Warning|[of] p2a: Froslass\n|detailschange|p1b: Tyranitar|Tyranitar-Mega, L50, M\n|-mega|p1b: Tyranitar|Tyranitar|Tyranitarite\n|-weather|Sandstorm|[from] ability: Sand Stream|[of] p1b: Tyranitar\n|move|p2b: Aerodactyl|Rock Slide|p1b: Tyranitar|[spread] p1a\n|-miss|p2b: Aerodactyl|p1b: Tyranitar\n|-damage|p1a: Corviknight|90/100\n|move|p2a: Froslass|Aurora Veil||[still]\n|-fail|p2a: Froslass\n|move|p1b: Tyranitar|Rock Slide|p2b: Aerodactyl|[spread] p2b\n|-miss|p1b: Tyranitar|p2a: Froslass\n|-supereffective|p2b: Aerodactyl|1\n|-damage|p2b: Aerodactyl|0 fnt\n|faint|p2b: Aerodactyl\n|move|p1a: Corviknight|Bulk Up|p1a: Corviknight\n|-boost|p1a: Corviknight|atk|1\n|-boost|p1a: Corviknight|def|1\n|\n|-weather|Sandstorm|[upkeep]\n|-damage|p2a: Froslass|88/100|[from] Sandstorm\n|-heal|p1a: Corviknight|96/100|[from] item: Leftovers\n|upkeep\n|\n|t:|1776630192\n|switch|p2b: Sneasler|Sneasler, L50, F|100/100\n|turn|3\n|inactive|pikafenn has 30 seconds left.\n|\n|t:|1776630222\n|switch|p2a: Kingambit|Kingambit, L50, F|100/100\n|move|p1b: Tyranitar|Protect|p1b: Tyranitar\n|-singleturn|p1b: Tyranitar|Protect\n|move|p2b: Sneasler|Close Combat|p1b: Tyranitar\n|-activate|p1b: Tyranitar|move: Protect\n|move|p1a: Corviknight|Brave Bird|p2b: Sneasler\n|-supereffective|p2b: Sneasler|1\n|-damage|p2b: Sneasler|0 fnt\n|faint|p2b: Sneasler\n|-damage|p1a: Corviknight|70/100|[from] Recoil\n|\n|-weather|Sandstorm|[upkeep]\n|-heal|p1a: Corviknight|76/100|[from] item: Leftovers\n|upkeep\n|\n|t:|1776630227\n|switch|p2b: Froslass|Froslass-Mega, L50, F|88/100\n|-weather|Snowscape|[from] ability: Snow Warning|[of] p2b: Froslass\n|turn|4\n|\n|t:|1776630244\n|switch|p1b: Chesnaught|Chesnaught, L50, F|100/100\n|move|p2b: Froslass|Aurora Veil|p2b: Froslass\n|-sidestart|p2: e4mence|move: Aurora Veil\n|move|p2a: Kingambit|Kowtow Cleave|p1a: Corviknight\n|-damage|p1a: Corviknight|59/100\n|move|p1a: Corviknight|Brave Bird|p2b: Froslass\n|-damage|p2b: Froslass|34/100\n|-damage|p1a: Corviknight|46/100|[from] Recoil\n|\n|-weather|Snowscape|[upkeep]\n|-heal|p1a: Corviknight|52/100|[from] item: Leftovers\n|-sideend|p2: e4mence|move: Tailwind\n|upkeep\n|turn|5\n|\n|t:|1776630260\n|switch|p1b: Tyranitar|Tyranitar-Mega, L50, M|100/100\n|-weather|Sandstorm|[from] ability: Sand Stream|[of] p1b: Tyranitar\n|move|p1a: Corviknight|Protect|p1a: Corviknight\n|-singleturn|p1a: Corviknight|Protect\n|move|p2b: Froslass|Shadow Ball|p1a: Corviknight\n|-activate|p1a: Corviknight|move: Protect\n|move|p2a: Kingambit|Kowtow Cleave|p1a: Corviknight\n|-activate|p1a: Corviknight|move: Protect\n|\n|-weather|Sandstorm|[upkeep]\n|-damage|p2b: Froslass|28/100|[from] Sandstorm\n|-heal|p1a: Corviknight|58/100|[from] item: Leftovers\n|upkeep\n|turn|6\n|\n|t:|1776630279\n|move|p2b: Froslass|Shadow Ball|p1a: Corviknight\n|-damage|p1a: Corviknight|14/100\n|-ability|p1a: Corviknight|Mirror Armor\n|-unboost|p2b: Froslass|spd|1\n|move|p1b: Tyranitar|Knock Off|p2b: Froslass\n|-supereffective|p2b: Froslass|1\n|-damage|p2b: Froslass|0 fnt\n|faint|p2b: Froslass\n|move|p1a: Corviknight|Body Press|p2a: Kingambit\n|-supereffective|p2a: Kingambit|2\n|-damage|p2a: Kingambit|0 fnt\n|faint|p2a: Kingambit\n|\n|win|pikafenn\n|raw|pikafenn's rating: 1180 &rarr; <strong>1202</strong><br />(+22 for winning)\n|raw|e4mence's rating: 1137 &rarr; <strong>1115</strong><br />(-22 for losing)\n|l|\u2606e4mence\n|player|p2|\n",
  "uploadtime": 1776630300,
  "views": 10,
  "formatid": "gen9championsvgc2026regma",
  "rating": 1115,
  "private": 0,
  "password": null
}