{
  "id": "gen9championsvgc2026regma-2581806681",
  "format": "[Gen 9 Champions] VGC 2026 Reg M-A",
  "players": [
    "SimMikaze",
    "tulivgc"
  ],
  "log": "|j|\u2606SimMikaze\n|j|\u2606tulivgc\n|t:|1776029956\n|gametype|doubles\n|player|p1|SimMikaze|miku-ghost|1300\n|player|p2|tulivgc|169|1386\n|gen|9\n|tier|[Gen 9 Champions] VGC 2026 Reg M-A\n|rated|\n|rule|Species Clause: Limit one of each Pok\u00e9mon\n|rule|Item Clause: Limit 1 of each item\n|clearpoke\n|poke|p1|Hawlucha, L50, M|\n|poke|p1|Snorlax, L50, M|\n|poke|p1|Floette-Eternal, L50, F|\n|poke|p1|Incineroar, L50, M|\n|poke|p1|Sinistcha, L50|\n|poke|p1|Basculegion, L50, M|\n|poke|p2|Sneasler, L50, F|\n|poke|p2|Incineroar, L50, F|\n|poke|p2|Rotom-Wash, L50|\n|poke|p2|Whimsicott, L50, M|\n|poke|p2|Zoroark-Hisui, L50, F|\n|poke|p2|Scizor, L50, M|\n|teampreview|4\n|inactive|Battle timer is ON: inactive players will automatically lose when time's up. (requested by tulivgc)\n|j| soft_pome\n|inactive|tulivgc has 60 seconds left.\n|\n|t:|1776029987\n|teamsize|p1|4\n|teamsize|p2|4\n|start\n|switch|p1a: Hawlucha|Hawlucha, L50, M|100/100\n|switch|p1b: Snorlax|Snorlax, L50, M|100/100\n|switch|p2a: Sneasler|Sneasler, L50, F|100/100\n|switch|p2b: Scizor|Scizor, L50, M|100/100\n|turn|1\n|\n|t:|1776030000\n|detailschange|p2b: Scizor|Scizor-Mega, L50, M\n|-mega|p2b: Scizor|Scizor|Scizorite\n|move|p1a: Hawlucha|Protect|p1a: Hawlucha\n|-singleturn|p1a: Hawlucha|Protect\n|move|p1b: Snorlax|Protect|p1b: Snorlax\n|-singleturn|p1b: Snorlax|Protect\n|move|p2a: Sneasler|Fake Out|p1a: Hawlucha\n|-activate|p1a: Hawlucha|move: Protect\n|move|p2b: Scizor|Swords Dance|p2b: Scizor\n|-boost|p2b: Scizor|atk|2\n|\n|upkeep\n|turn|2\n|inactive|SimMikaze has 30 seconds left.\n|\n|t:|1776030027\n|detailschange|p1a: Hawlucha|Hawlucha-Mega, L50, M\n|-mega|p1a: Hawlucha|Hawlucha|Hawluchanite\n|move|p2b: Scizor|Bullet Punch|p1a: Hawlucha\n|-damage|p1a: Hawlucha|36/100\n|move|p1a: Hawlucha|Entrainment|p1b: Snorlax\n|-ability|p1b: Snorlax|No Guard|Thick Fat|[from] move: Entrainment|[of] p1a: Hawlucha\n|move|p2a: Sneasler|Close Combat|p1b: Snorlax\n|-supereffective|p1b: Snorlax|1\n|-damage|p1b: Snorlax|14/100\n|-unboost|p2a: Sneasler|def|1\n|-unboost|p2a: Sneasler|spd|1\n|-enditem|p2a: Sneasler|White Herb\n|-clearnegativeboost|p2a: Sneasler|[silent]\n|move|p1b: Snorlax|Fissure|p2b: Scizor\n|-damage|p2b: Scizor|0 fnt\n|faint|p2b: Scizor\n|-ohko\n|\n|-heal|p1b: Snorlax|20/100|[from] item: Leftovers\n|upkeep\n|\n|t:|1776030045\n|switch|p2b: Rotom|Rotom-Wash, L50|100/100\n|turn|3\n|\n|t:|1776030051\n|switch|p1a: Sinistcha|Sinistcha, L50, shiny|100/100\n|-heal|p1b: Snorlax|45/100|[from] ability: Hospitality|[of] p1a: Sinistcha\n|move|p1b: Snorlax|Protect|p1b: Snorlax\n|-singleturn|p1b: Snorlax|Protect\n|move|p2a: Sneasler|Dire Claw|p1b: Snorlax\n|-activate|p1b: Snorlax|move: Protect\n|move|p2b: Rotom|Thunderbolt|p1a: Sinistcha\n|-resisted|p1a: Sinistcha|1\n|-damage|p1a: Sinistcha|79/100\n|\n|-heal|p1b: Snorlax|51/100|[from] item: Leftovers\n|upkeep\n|turn|4\n|inactive|tulivgc has 30 seconds left.\n|\n|t:|1776030086\n|move|p2a: Sneasler|Protect|p2a: Sneasler\n|-singleturn|p2a: Sneasler|Protect\n|move|p1a: Sinistcha|Rage Powder|p1a: Sinistcha\n|-singleturn|p1a: Sinistcha|move: Rage Powder\n|move|p2b: Rotom|Thunderbolt|p1a: Sinistcha\n|-resisted|p1a: Sinistcha|1\n|-damage|p1a: Sinistcha|59/100\n|move|p1b: Snorlax|Fissure|p2a: Sneasler\n|-activate|p2a: Sneasler|move: Protect\n|\n|-heal|p1b: Snorlax|57/100|[from] item: Leftovers\n|upkeep\n|turn|5\n|\n|t:|1776030098\n|move|p1a: Sinistcha|Rage Powder|p1a: Sinistcha\n|-singleturn|p1a: Sinistcha|move: Rage Powder\n|move|p2a: Sneasler|Dire Claw|p1a: Sinistcha\n|-damage|p1a: Sinistcha|18/100\n|-enditem|p1a: Sinistcha|Sitrus Berry|[eat]\n|-heal|p1a: Sinistcha|43/100|[from] item: Sitrus Berry\n|move|p2b: Rotom|Thunderbolt|p1a: Sinistcha\n|-resisted|p1a: Sinistcha|1\n|-damage|p1a: Sinistcha|21/100\n|move|p1b: Snorlax|Fissure|p2a: Sneasler\n|-damage|p2a: Sneasler|0 fnt\n|faint|p2a: Sneasler\n|-ohko\n|\n|-heal|p1b: Snorlax|63/100|[from] item: Leftovers\n|upkeep\n|\n|t:|1776030103\n|switch|p2a: Rotom|Rotom-Wash, L50|100/100\n|turn|6\n|\n|t:|1776030123\n|switch|p1a: Hawlucha|Hawlucha-Mega, L50, M|36/100\n|move|p2a: Rotom|Protect|p2a: Rotom\n|-singleturn|p2a: Rotom|Protect\n|move|p1b: Snorlax|Protect|p1b: Snorlax\n|-singleturn|p1b: Snorlax|Protect\n|move|p2b: Rotom|Thunderbolt|p1b: Snorlax\n|-activate|p1b: Snorlax|move: Protect\n|\n|-heal|p1b: Snorlax|69/100|[from] item: Leftovers\n|upkeep\n|turn|7\n|\n|t:|1776030148\n|move|p2b: Rotom|Thunderbolt|p1b: Snorlax\n|-damage|p1b: Snorlax|42/100\n|move|p1a: Hawlucha|High Jump Kick|p2b: Rotom\n|-damage|p2b: Rotom|12/100\n|move|p2a: Rotom|Hyper Voice|p1b: Snorlax|[spread] p1a,p1b\n|-damage|p1a: Hawlucha|0 fnt\n|-damage|p1b: Snorlax|14/100\n|faint|p1a: Hawlucha\n|move|p1b: Snorlax|Fissure|p2a: Rotom\n|-damage|p2a: Rotom|0 fnt\n|replace|p2a: Zoroark|Zoroark-Hisui, L50, F\n|-end|p2a: Zoroark|Illusion\n|faint|p2a: Zoroark\n|-ohko\n|\n|-heal|p1b: Snorlax|20/100|[from] item: Leftovers\n|upkeep\n|\n|t:|1776030156\n|switch|p1a: Sinistcha|Sinistcha, L50, shiny|21/100\n|-heal|p1b: Snorlax|45/100|[from] ability: Hospitality|[of] p1a: Sinistcha\n|turn|8\n|-message|tulivgc forfeited.\n|\n|win|SimMikaze\n|raw|SimMikaze's rating: 1300 &rarr; <strong>1331</strong><br />(+31 for winning)\n|raw|tulivgc's rating: 1386 &rarr; <strong>1361</strong><br />(-25 for losing)\n|l|\u2606tulivgc\n|player|p2|\n",
  "uploadtime": 1776030170,
  "views": 29,
  "formatid": "gen9championsvgc2026regma",
  "rating": 1331,
  "private": 0,
  "password": null
}