{
  "id": "gen9championsvgc2026regma-2582798487",
  "format": "[Gen 9 Champions] VGC 2026 Reg M-A",
  "players": [
    "yuriimon",
    "Yenkfoggin"
  ],
  "log": "|j|\u2606yuriimon\n|j|\u2606Yenkfoggin\n|t:|1776114947\n|gametype|doubles\n|player|p1|yuriimon|waitress-gen4|1060\n|player|p2|Yenkfoggin|102|1000\n|gen|9\n|tier|[Gen 9 Champions] VGC 2026 Reg M-A\n|rated|\n|rule|Species Clause: Limit one of each Pok\u00e9mon\n|rule|Item Clause: Limit 1 of each item\n|clearpoke\n|poke|p1|Floette-Eternal, L50, F|\n|poke|p1|Maushold-Four, L50|\n|poke|p1|Glimmora, L50, M|\n|poke|p1|Talonflame, L50, F|\n|poke|p1|Garchomp, L50, F|\n|poke|p1|Farigiraf, L50, M|\n|poke|p2|Scovillain, L50, F|\n|poke|p2|Whimsicott, L50, M|\n|poke|p2|Sneasler, L50, F|\n|poke|p2|Sinistcha, L50|\n|poke|p2|Garchomp, L50, M|\n|poke|p2|Rotom-Wash, L50|\n|teampreview|4\n|inactive|Battle timer is ON: inactive players will automatically lose when time's up. (requested by yuriimon)\n|\n|t:|1776114964\n|teamsize|p1|4\n|teamsize|p2|4\n|start\n|switch|p1a: Floette|Floette-Eternal, L50, F|100/100\n|switch|p1b: Talonflame|Talonflame, L50, F|100/100\n|switch|p2a: Me Fr|Scovillain, L50, F|100/100\n|switch|p2b: Georgio|Whimsicott, L50, M|100/100\n|turn|1\n|inactive|yuriimon has 30 seconds left.\n|inactive|Yenkfoggin has 30 seconds left.\n|\n|t:|1776114998\n|detailschange|p1a: Floette|Floette-Mega, L50, F\n|-mega|p1a: Floette|Floette|Floettite\n|-ability|p1a: Floette|Fairy Aura\n|detailschange|p2a: Me Fr|Scovillain-Mega, L50, F\n|-mega|p2a: Me Fr|Scovillain|Scovillainite\n|move|p1b: Talonflame|Brave Bird|p2b: Georgio\n|-supereffective|p2b: Georgio|1\n|-enditem|p2b: Georgio|Focus Sash\n|-damage|p2b: Georgio|1/100\n|-damage|p1b: Talonflame|65/100|[from] Recoil\n|move|p2b: Georgio|Tailwind|p2b: Georgio\n|-sidestart|p2: Yenkfoggin|move: Tailwind\n|move|p2a: Me Fr|Flamethrower|p1a: Floette\n|-damage|p1a: Floette|62/100\n|move|p1a: Floette|Light of Ruin|p2a: Me Fr\n|-resisted|p2a: Me Fr|1\n|-damage|p2a: Me Fr|31/100\n|-status|p1a: Floette|brn|[from] ability: Spicy Spray|[of] p2a: Me Fr\n|-damage|p1a: Floette|29/100 brn|[from] Recoil\n|\n|-damage|p1a: Floette|23/100 brn|[from] brn\n|upkeep\n|turn|2\n|inactive|Yenkfoggin has 30 seconds left.\n|\n|t:|1776115033\n|move|p2b: Georgio|Protect|p2b: Georgio\n|-singleturn|p2b: Georgio|Protect\n|move|p1a: Floette|Protect|p1a: Floette\n|-singleturn|p1a: Floette|Protect\n|move|p1b: Talonflame|Tailwind|p1b: Talonflame\n|-sidestart|p1: yuriimon|move: Tailwind\n|move|p2a: Me Fr|Giga Drain|p1a: Floette\n|-activate|p1a: Floette|move: Protect\n|\n|-damage|p1a: Floette|17/100 brn|[from] brn\n|upkeep\n|turn|3\n|inactive|Yenkfoggin has 30 seconds left.\n|inactive|Yenkfoggin has 20 seconds left.\n|\n|t:|1776115072\n|switch|p2b: Speed Queen|Rotom-Wash, L50|100/100\n|move|p1b: Talonflame|Brave Bird|p2a: Me Fr\n|-supereffective|p2a: Me Fr|1\n|-damage|p2a: Me Fr|0 fnt\n|-immune|p1b: Talonflame\n|faint|p2a: Me Fr\n|-damage|p1b: Talonflame|53/100|[from] Recoil\n|move|p1a: Floette|Dazzling Gleam|p2b: Speed Queen\n|-damage|p2b: Speed Queen|32/100\n|\n|-damage|p1a: Floette|10/100 brn|[from] brn\n|upkeep\n|\n|t:|1776115085\n|switch|p2a: Fart|Garchomp, L50, M|100/100\n|turn|4\n|\n|t:|1776115101\n|move|p1b: Talonflame|Protect|p1b: Talonflame\n|-singleturn|p1b: Talonflame|Protect\n|move|p1a: Floette|Protect|p1a: Floette\n|-singleturn|p1a: Floette|Protect\n|move|p2b: Speed Queen|Protect|p2b: Speed Queen\n|-singleturn|p2b: Speed Queen|Protect\n|move|p2a: Fart|Rock Slide|p1b: Talonflame|[spread] \n|-activate|p1a: Floette|move: Protect\n|-activate|p1b: Talonflame|move: Protect\n|\n|-damage|p1a: Floette|4/100 brn|[from] brn\n|-sideend|p2: Yenkfoggin|move: Tailwind\n|upkeep\n|turn|5\n|inactive|Yenkfoggin has 30 seconds left.\n|\n|t:|1776115129\n|move|p1b: Talonflame|Brave Bird|p2b: Speed Queen\n|-resisted|p2b: Speed Queen|1\n|-damage|p2b: Speed Queen|2/100\n|-damage|p1b: Talonflame|43/100|[from] Recoil\n|move|p1a: Floette|Dazzling Gleam|p2a: Fart|[spread] p2a,p2b\n|-supereffective|p2a: Fart|1\n|-damage|p2a: Fart|0 fnt\n|-damage|p2b: Speed Queen|0 fnt\n|faint|p2a: Fart\n|faint|p2b: Speed Queen\n|\n|-damage|p1a: Floette|0 fnt|[from] brn\n|faint|p1a: Floette\n|-sideend|p1: yuriimon|move: Tailwind\n|upkeep\n|inactive|Yenkfoggin has 30 seconds left.\n|inactive|Yenkfoggin has 20 seconds left.\n|inactive|Yenkfoggin has 15 seconds left.\n|inactive|Yenkfoggin has 10 seconds left.\n|inactive|Yenkfoggin has 5 seconds left.\n|\n|t:|1776115184\n|switch|p2a: Georgio|Whimsicott, L50, M|1/100\n|switch|p1a: Glimmora|Glimmora, L50, M|100/100\n|turn|6\n|\n|t:|1776115196\n|move|p2a: Georgio|Tailwind|p2a: Georgio\n|-sidestart|p2: Yenkfoggin|move: Tailwind\n|move|p1b: Talonflame|Brave Bird|p2a: Georgio\n|-supereffective|p2a: Georgio|1\n|-damage|p2a: Georgio|0 fnt\n|faint|p2a: Georgio\n|-damage|p1b: Talonflame|42/100|[from] Recoil\n|\n|win|yuriimon\n|raw|yuriimon's rating: 1060 &rarr; <strong>1086</strong><br />(+26 for winning)\n|raw|Yenkfoggin's rating: 1000 &rarr; <strong>1000</strong><br />(+0 for losing)\n|c|\u2606yuriimon|gg\n|l|\u2606Yenkfoggin\n|player|p2|\n",
  "uploadtime": 1776115205,
  "views": 15,
  "formatid": "gen9championsvgc2026regma",
  "rating": 1000,
  "private": 0,
  "password": null
}