{
  "id": "gen9championsvgc2026regma-2586211364",
  "format": "[Gen 9 Champions] VGC 2026 Reg M-A",
  "players": [
    "5camp",
    "zhz2021"
  ],
  "log": "|j|\u26065camp\n|j|\u2606zhz2021\n|t:|1776412911\n|gametype|doubles\n|player|p1|5camp|reporter|1423\n|player|p2|zhz2021|marley|1479\n|gen|9\n|tier|[Gen 9 Champions] VGC 2026 Reg M-A\n|rated|\n|rule|Species Clause: Limit one of each Pok\u00e9mon\n|rule|Item Clause: Limit 1 of each item\n|clearpoke\n|poke|p1|Dragapult, L50, F|\n|poke|p1|Sneasler, L50, M|\n|poke|p1|Sinistcha, L50|\n|poke|p1|Blastoise, L50, M|\n|poke|p1|Arcanine, L50, M|\n|poke|p1|Kingambit, L50, F|\n|poke|p2|Sableye, L50, F|\n|poke|p2|Archaludon, L50, M|\n|poke|p2|Scovillain, L50, F|\n|poke|p2|Basculegion-F, L50, F|\n|poke|p2|Primarina, L50, F|\n|poke|p2|Kangaskhan, L50, F|\n|teampreview|4\n|\n|t:|1776412961\n|teamsize|p1|4\n|teamsize|p2|4\n|start\n|switch|p1a: Dragapult|Dragapult, L50, F|100/100\n|switch|p1b: Blastoise|Blastoise, L50, M|100/100\n|switch|p2a: Scovillain|Scovillain, L50, F, shiny|100/100\n|switch|p2b: Basculegion|Basculegion-F, L50, F, shiny|100/100\n|turn|1\n|\n|t:|1776412979\n|detailschange|p1b: Blastoise|Blastoise-Mega, L50, M\n|-mega|p1b: Blastoise|Blastoise|Blastoisinite\n|detailschange|p2a: Scovillain|Scovillain-Mega, L50, F, shiny\n|-mega|p2a: Scovillain|Scovillain|Scovillainite\n|move|p1a: Dragapult|Light Screen|p1a: Dragapult\n|-sidestart|p1: 5camp|move: Light Screen\n|move|p2b: Basculegion|Icy Wind|p1a: Dragapult|[spread] p1a,p1b\n|-supereffective|p1a: Dragapult|1\n|-resisted|p1b: Blastoise|1\n|-crit|p1b: Blastoise\n|-damage|p1a: Dragapult|80/100\n|-damage|p1b: Blastoise|93/100\n|-unboost|p1b: Blastoise|spe|1\n|move|p2a: Scovillain|Giga Drain|p1b: Blastoise\n|-supereffective|p1b: Blastoise|1\n|-damage|p1b: Blastoise|49/100\n|move|p1b: Blastoise|Water Spout|p2b: Basculegion|[spread] p2a,p2b\n|-resisted|p2b: Basculegion|1\n|-damage|p2a: Scovillain|70/100\n|-damage|p2b: Basculegion|82/100\n|-status|p1b: Blastoise|brn|[from] ability: Spicy Spray|[of] p2a: Scovillain\n|\n|-damage|p1b: Blastoise|43/100 brn|[from] brn\n|upkeep\n|turn|2\n|\n|t:|1776413018\n|move|p2a: Scovillain|Rage Powder|p2a: Scovillain\n|-singleturn|p2a: Scovillain|move: Rage Powder\n|move|p1a: Dragapult|Dragon Darts|p2a: Scovillain\n|-damage|p2a: Scovillain|45/100\n|-status|p1a: Dragapult|brn|[from] ability: Spicy Spray|[of] p2a: Scovillain\n|-anim|p1a: Dragapult|Dragon Darts|p2a: Scovillain\n|-damage|p2a: Scovillain|32/100\n|move|p2b: Basculegion|Hex|p1a: Dragapult\n|-supereffective|p1a: Dragapult|1\n|-damage|p1a: Dragapult|0 fnt\n|faint|p1a: Dragapult\n|move|p1b: Blastoise|Dark Pulse|p2a: Scovillain\n|-damage|p2a: Scovillain|0 fnt\n|faint|p2a: Scovillain\n|\n|-damage|p1b: Blastoise|36/100 brn|[from] brn\n|upkeep\n|\n|t:|1776413034\n|switch|p1a: Sinistcha|Sinistcha, L50|100/100\n|switch|p2a: Archaludon|Archaludon, L50, M|100/100\n|-heal|p1b: Blastoise|61/100 brn|[from] ability: Hospitality|[of] p1a: Sinistcha\n|turn|3\n|\n|t:|1776413048\n|move|p1b: Blastoise|Protect|p1b: Blastoise\n|-singleturn|p1b: Blastoise|Protect\n|move|p2b: Basculegion|Hex|p1a: Sinistcha\n|-supereffective|p1a: Sinistcha|1\n|-damage|p1a: Sinistcha|50/100\n|move|p2a: Archaludon|Electro Shot||[still]\n|-prepare|p2a: Archaludon|Electro Shot\n|-boost|p2a: Archaludon|spa|1\n|move|p1a: Sinistcha|Trick Room|p1a: Sinistcha\n|-fieldstart|move: Trick Room|[of] p1a: Sinistcha\n|\n|-heal|p1a: Sinistcha|57/100|[from] item: Leftovers\n|-damage|p1b: Blastoise|55/100 brn|[from] brn\n|upkeep\n|turn|4\n|\n|t:|1776413070\n|move|p2b: Basculegion|Protect|p2b: Basculegion\n|-singleturn|p2b: Basculegion|Protect\n|move|p1b: Blastoise|Dark Pulse|p2a: Archaludon\n|-crit|p2a: Archaludon\n|-damage|p2a: Archaludon|22/100\n|-ability|p2a: Archaludon|Stamina|boost\n|-boost|p2a: Archaludon|def|1\n|move|p1a: Sinistcha|Matcha Gotcha|p2b: Basculegion|[spread] p2a\n|-activate|p2b: Basculegion|move: Protect\n|-resisted|p2a: Archaludon|2\n|-crit|p2a: Archaludon\n|-damage|p2a: Archaludon|12/100\n|-heal|p1a: Sinistcha|62/100|[from] drain|[of] p2a: Archaludon\n|-ability|p2a: Archaludon|Stamina|boost\n|-boost|p2a: Archaludon|def|1\n|move|p2a: Archaludon|Electro Shot|p1b: Blastoise|[from] lockedmove\n|-supereffective|p1b: Blastoise|1\n|-damage|p1b: Blastoise|0 fnt\n|faint|p1b: Blastoise\n|\n|-heal|p1a: Sinistcha|68/100|[from] item: Leftovers\n|-heal|p2a: Archaludon|19/100|[from] item: Leftovers\n|upkeep\n|\n|t:|1776413073\n|switch|p1b: Kingambit|Kingambit, L50, F|100/100\n|turn|5\n|\n|t:|1776413108\n|move|p2a: Archaludon|Protect|p2a: Archaludon\n|-singleturn|p2a: Archaludon|Protect\n|move|p1a: Sinistcha|Matcha Gotcha|p2a: Archaludon|[spread] p2b\n|-activate|p2a: Archaludon|move: Protect\n|-supereffective|p2b: Basculegion|1\n|-damage|p2b: Basculegion|24/100\n|-heal|p1a: Sinistcha|100/100|[from] drain|[of] p2b: Basculegion\n|move|p1b: Kingambit|Kowtow Cleave|p2b: Basculegion\n|-supereffective|p2b: Basculegion|1\n|-enditem|p2b: Basculegion|Colbur Berry|[eat]\n|-enditem|p2b: Basculegion|Colbur Berry|[weaken]\n|-damage|p2b: Basculegion|0 fnt\n|faint|p2b: Basculegion\n|\n|-heal|p2a: Archaludon|25/100|[from] item: Leftovers\n|-sideend|p1: 5camp|move: Light Screen\n|upkeep\n|\n|t:|1776413113\n|switch|p2b: Primarina|Primarina, L50, F|100/100\n|turn|6\n|\n|t:|1776413131\n|move|p2b: Primarina|Calm Mind|p2b: Primarina\n|-boost|p2b: Primarina|spa|1\n|-boost|p2b: Primarina|spd|1\n|move|p1a: Sinistcha|Matcha Gotcha|p2b: Primarina|[spread] p2b\n|-miss|p1a: Sinistcha|p2a: Archaludon\n|-supereffective|p2b: Primarina|1\n|-damage|p2b: Primarina|70/100\n|-status|p2b: Primarina|brn\n|move|p1b: Kingambit|Low Kick|p2a: Archaludon\n|-supereffective|p2a: Archaludon|1\n|-damage|p2a: Archaludon|1/100\n|-ability|p2a: Archaludon|Stamina|boost\n|-boost|p2a: Archaludon|def|1\n|move|p2a: Archaludon|Aura Sphere|p1b: Kingambit\n|-supereffective|p1b: Kingambit|2\n|-enditem|p1b: Kingambit|Focus Sash\n|-damage|p1b: Kingambit|1/100\n|\n|-heal|p2a: Archaludon|7/100|[from] item: Leftovers\n|-damage|p2b: Primarina|64/100 brn|[from] brn\n|upkeep\n|turn|7\n|\n|t:|1776413161\n|move|p2b: Primarina|Protect|p2b: Primarina\n|-singleturn|p2b: Primarina|Protect\n|move|p2a: Archaludon|Protect|p2a: Archaludon\n|-singleturn|p2a: Archaludon|Protect\n|move|p1b: Kingambit|Sucker Punch||[still]\n|-fail|p1b: Kingambit\n|move|p1a: Sinistcha|Calm Mind|p1a: Sinistcha\n|-boost|p1a: Sinistcha|spa|1\n|-boost|p1a: Sinistcha|spd|1\n|\n|-heal|p2a: Archaludon|14/100|[from] item: Leftovers\n|-damage|p2b: Primarina|58/100 brn|[from] brn\n|-fieldend|move: Trick Room\n|upkeep\n|turn|8\n|\n|t:|1776413181\n|move|p1a: Sinistcha|Rage Powder|p1a: Sinistcha\n|-singleturn|p1a: Sinistcha|move: Rage Powder\n|move|p2a: Archaludon|Flash Cannon|p1a: Sinistcha\n|-damage|p1a: Sinistcha|53/100\n|-unboost|p1a: Sinistcha|spd|1\n|move|p1b: Kingambit|Low Kick|p2a: Archaludon\n|-supereffective|p2a: Archaludon|1\n|-damage|p2a: Archaludon|0 fnt\n|faint|p2a: Archaludon\n|move|p2b: Primarina|Hyper Voice|p1b: Kingambit|[spread] p1a,p1b\n|-resisted|p1a: Sinistcha|1\n|-damage|p1a: Sinistcha|20/100\n|-damage|p1b: Kingambit|0 fnt\n|faint|p1b: Kingambit\n|\n|-heal|p1a: Sinistcha|26/100|[from] item: Leftovers\n|-damage|p2b: Primarina|52/100 brn|[from] brn\n|upkeep\n|turn|9\n|\n|t:|1776413210\n|move|p1a: Sinistcha|Matcha Gotcha|p2b: Primarina\n|-supereffective|p2b: Primarina|1\n|-damage|p2b: Primarina|0 fnt\n|-heal|p1a: Sinistcha|52/100|[from] drain|[of] p2b: Primarina\n|faint|p2b: Primarina\n|\n|win|5camp\n|raw|5camp's rating: 1423 &rarr; <strong>1446</strong><br />(+23 for winning)\n|raw|zhz2021's rating: 1479 &rarr; <strong>1456</strong><br />(-23 for losing)\n|l|\u2606zhz2021\n|player|p2|\n",
  "uploadtime": 1776413234,
  "views": 37,
  "formatid": "gen9championsvgc2026regma",
  "rating": 1446,
  "private": 0,
  "password": null
}