{
  "id": "gen9championsvgc2026regma-2586663400",
  "format": "[Gen 9 Champions] VGC 2026 Reg M-A",
  "players": [
    "EkCantDrawLol",
    "toadic6"
  ],
  "log": "|j|\u203dEkCantDrawLol\n|j|\u2606toadic6\n|t:|1776450331\n|gametype|doubles\n|player|p1|EkCantDrawLol|skierf|1275\n|player|p2|toadic6|2|1244\n|gen|9\n|tier|[Gen 9 Champions] VGC 2026 Reg M-A\n|rated|\n|rule|Species Clause: Limit one of each Pok\u00e9mon\n|rule|Item Clause: Limit 1 of each item\n|clearpoke\n|poke|p1|Delphox, L50, M|\n|poke|p1|Corviknight, L50, M|\n|poke|p1|Garchomp, L50, F|\n|poke|p1|Floette-Eternal, L50, F|\n|poke|p1|Sneasler, L50, F|\n|poke|p1|Basculegion, L50, M|\n|poke|p2|Hawlucha, L50, F|\n|poke|p2|Excadrill, L50, M|\n|poke|p2|Kingambit, L50, F|\n|poke|p2|Whimsicott, L50, F|\n|poke|p2|Weavile, L50, M|\n|poke|p2|Tyranitar, L50, F|\n|teampreview|4\n|inactive|Battle timer is ON: inactive players will automatically lose when time's up. (requested by EkCantDrawLol)\n|inactive|toadic6 has 60 seconds left.\n|\n|t:|1776450414\n|teamsize|p1|4\n|teamsize|p2|4\n|start\n|switch|p1a: Delphox|Delphox, L50, M|100/100\n|switch|p1b: Corviknight|Corviknight, L50, M|100/100\n|switch|p2a: Whimsicott|Whimsicott, L50, F|100/100\n|switch|p2b: Tyranitar|Tyranitar, L50, F|100/100\n|-weather|Sandstorm|[from] ability: Sand Stream|[of] p2b: Tyranitar\n|turn|1\n|\n|t:|1776450435\n|switch|p1a: Garchomp|Garchomp, L50, F|100/100\n|move|p2a: Whimsicott|Tailwind|p2a: Whimsicott\n|-sidestart|p2: toadic6|move: Tailwind\n|move|p2b: Tyranitar|Rock Slide|p1a: Garchomp|[spread] p1a\n|-miss|p2b: Tyranitar|p1b: Corviknight\n|-resisted|p1a: Garchomp|1\n|-damage|p1a: Garchomp|83/100\n|move|p1b: Corviknight|Tailwind|p1b: Corviknight\n|-sidestart|p1: EkCantDrawLol|move: Tailwind\n|\n|-weather|Sandstorm|[upkeep]\n|-damage|p2a: Whimsicott|95/100|[from] Sandstorm\n|upkeep\n|turn|2\n|inactive|toadic6 has 30 seconds left.\n|\n|t:|1776450467\n|switch|p2b: Hawlucha|Hawlucha, L50, F|100/100\n|move|p2a: Whimsicott|Encore|p1b: Corviknight\n|-start|p1b: Corviknight|Encore\n|move|p1a: Garchomp|Earthquake|p2a: Whimsicott|[spread] p2a\n|-immune|p1b: Corviknight\n|-immune|p2b: Hawlucha\n|-resisted|p2a: Whimsicott|1\n|-damage|p2a: Whimsicott|74/100\n|move|p1b: Corviknight|Tailwind||[still]\n|-fail|p1b: Corviknight\n|\n|-weather|Sandstorm|[upkeep]\n|-damage|p2a: Whimsicott|68/100|[from] Sandstorm\n|-damage|p2b: Hawlucha|95/100|[from] Sandstorm\n|upkeep\n|turn|3\n|inactive|toadic6 has 30 seconds left.\n|inactive|toadic6 has 20 seconds left.\n|\n|t:|1776450510\n|switch|p1a: Floette|Floette-Eternal, L50, F|100/100\n|switch|p1b: Delphox|Delphox, L50, M|100/100\n|detailschange|p2b: Hawlucha|Hawlucha-Mega, L50, F\n|-mega|p2b: Hawlucha|Hawlucha|Hawluchanite\n|move|p2a: Whimsicott|Moonblast|p1a: Floette\n|-damage|p1a: Floette|76/100\n|move|p2b: Hawlucha|Brave Bird|p1a: Floette\n|-crit|p1a: Floette\n|-damage|p1a: Floette|0 fnt\n|faint|p1a: Floette\n|-damage|p2b: Hawlucha|75/100|[from] Recoil\n|\n|-weather|Sandstorm|[upkeep]\n|-damage|p2a: Whimsicott|62/100|[from] Sandstorm\n|-damage|p1b: Delphox|94/100|[from] Sandstorm\n|-damage|p2b: Hawlucha|69/100|[from] Sandstorm\n|upkeep\n|\n|t:|1776450524\n|switch|p1a: Corviknight|Corviknight, L50, M|100/100\n|turn|4\n|\n|t:|1776450547\n|switch|p2a: Excadrill|Excadrill, L50, M|100/100\n|-ability|p2a: Excadrill|Mold Breaker\n|detailschange|p1b: Delphox|Delphox-Mega, L50, M\n|-mega|p1b: Delphox|Delphox|Delphoxite\n|move|p2b: Hawlucha|Protect|p2b: Hawlucha\n|-singleturn|p2b: Hawlucha|Protect\n|move|p1b: Delphox|Psychic|p2b: Hawlucha\n|-activate|p2b: Hawlucha|move: Protect\n|move|p1a: Corviknight|Taunt|p2a: Excadrill\n|-start|p2a: Excadrill|move: Taunt\n|\n|-weather|Sandstorm|[upkeep]\n|-damage|p1b: Delphox|88/100|[from] Sandstorm\n|-damage|p2b: Hawlucha|63/100|[from] Sandstorm\n|-sideend|p2: toadic6|move: Tailwind\n|-sideend|p1: EkCantDrawLol|move: Tailwind\n|upkeep\n|turn|5\n|inactive|toadic6 has 30 seconds left.\n|\n|t:|1776450574\n|move|p1b: Delphox|Psychic|p2b: Hawlucha\n|-supereffective|p2b: Hawlucha|1\n|-damage|p2b: Hawlucha|0 fnt\n|faint|p2b: Hawlucha\n|move|p2a: Excadrill|Earthquake|p1b: Delphox|[spread] p1b\n|-immune|p1a: Corviknight\n|-supereffective|p1b: Delphox|1\n|-damage|p1b: Delphox|0 fnt\n|faint|p1b: Delphox\n|move|p1a: Corviknight|Tailwind|p1a: Corviknight\n|-sidestart|p1: EkCantDrawLol|move: Tailwind\n|\n|-weather|none\n|upkeep\n|\n|t:|1776450588\n|switch|p1b: Garchomp|Garchomp, L50, F|83/100\n|switch|p2b: Whimsicott|Whimsicott, L50, F|62/100\n|turn|6\n|l|\u203dEkCantDrawLol\n|inactive|EkCantDrawLol disconnected and has a minute to reconnect!\n|player|p1|\n|j|\u203dEkCantDrawLol\n|inactive|EkCantDrawLol reconnected.\n|player|p1|EkCantDrawLol|skierf|\n|n|\u203dEkCantDrawLol|ekcantdrawlol\n|\n|t:|1776450615\n|move|p2b: Whimsicott|Encore|p1a: Corviknight\n|-start|p1a: Corviknight|Encore\n|move|p1b: Garchomp|Earthquake|p2b: Whimsicott|[spread] p2a,p2b\n|-immune|p1a: Corviknight\n|-supereffective|p2a: Excadrill|1\n|-resisted|p2b: Whimsicott|1\n|-enditem|p2a: Excadrill|Focus Sash\n|-damage|p2a: Excadrill|1/100\n|-damage|p2b: Whimsicott|41/100\n|move|p1a: Corviknight|Tailwind||[still]\n|-fail|p1a: Corviknight\n|move|p2a: Excadrill|Earthquake|p1b: Garchomp|[spread] p2b,p1b\n|-immune|p1a: Corviknight\n|-resisted|p2b: Whimsicott|1\n|-damage|p2b: Whimsicott|16/100\n|-damage|p1b: Garchomp|41/100\n|\n|-end|p2a: Excadrill|move: Taunt\n|upkeep\n|turn|7\n|\n|t:|1776450640\n|move|p2a: Excadrill|Protect|p2a: Excadrill\n|-singleturn|p2a: Excadrill|Protect\n|move|p2b: Whimsicott|Tailwind|p2b: Whimsicott\n|-sidestart|p2: toadic6|move: Tailwind\n|move|p1b: Garchomp|Earthquake|p2a: Excadrill|[spread] p2b\n|-activate|p2a: Excadrill|move: Protect\n|-immune|p1a: Corviknight\n|-resisted|p2b: Whimsicott|1\n|-damage|p2b: Whimsicott|0 fnt\n|faint|p2b: Whimsicott\n|move|p1a: Corviknight|Tailwind||[still]\n|-fail|p1a: Corviknight\n|\n|upkeep\n|\n|t:|1776450652\n|switch|p2b: Tyranitar|Tyranitar, L50, F|100/100\n|-weather|Sandstorm|[from] ability: Sand Stream|[of] p2b: Tyranitar\n|turn|8\n|inactive|toadic6 has 30 seconds left.\n|\n|t:|1776450685\n|move|p1b: Garchomp|Earthquake|p2b: Tyranitar|[spread] p2a,p2b\n|-immune|p1a: Corviknight\n|-supereffective|p2a: Excadrill|1\n|-supereffective|p2b: Tyranitar|1\n|-damage|p2a: Excadrill|0 fnt\n|-damage|p2b: Tyranitar|39/100\n|faint|p2a: Excadrill\n|move|p1a: Corviknight|Tailwind||[still]\n|-fail|p1a: Corviknight\n|move|p2b: Tyranitar|Low Kick|p1a: Corviknight\n|-damage|p1a: Corviknight|82/100\n|\n|-weather|Sandstorm|[upkeep]\n|-end|p1a: Corviknight|Encore\n|-sideend|p1: EkCantDrawLol|move: Tailwind\n|upkeep\n|turn|9\n|\n|t:|1776450702\n|move|p1b: Garchomp|Protect|p1b: Garchomp\n|-singleturn|p1b: Garchomp|Protect\n|move|p1a: Corviknight|Protect|p1a: Corviknight\n|-singleturn|p1a: Corviknight|Protect\n|move|p2b: Tyranitar|Rock Slide|p1b: Garchomp|[spread] \n|-activate|p1a: Corviknight|move: Protect\n|-activate|p1b: Garchomp|move: Protect\n|\n|-weather|Sandstorm|[upkeep]\n|upkeep\n|turn|10\n|\n|t:|1776450712\n|move|p1b: Garchomp|Earthquake|p2b: Tyranitar|[spread] p2b\n|-immune|p1a: Corviknight\n|-supereffective|p2b: Tyranitar|1\n|-damage|p2b: Tyranitar|0 fnt\n|faint|p2b: Tyranitar\n|\n|win|EkCantDrawLol\n|raw|EkCantDrawLol's rating: 1275 &rarr; <strong>1298</strong><br />(+23 for winning)\n|raw|toadic6's rating: 1244 &rarr; <strong>1221</strong><br />(-23 for losing)\n|l|\u2606toadic6\n|player|p2|\n",
  "uploadtime": 1776450720,
  "views": 36,
  "formatid": "gen9championsvgc2026regma",
  "rating": 1221,
  "private": 0,
  "password": null
}