{
  "id": "gen9championsvgc2026regma-2585968416",
  "format": "[Gen 9 Champions] VGC 2026 Reg M-A",
  "players": [
    "clpb",
    "Boneyard00"
  ],
  "log": "|j|\u2606clpb\n|j|\u2606Boneyard00\n|t:|1776386043\n|gametype|doubles\n|player|p1|clpb|2|1110\n|player|p2|Boneyard00|acetrainer-gen4dp|1066\n|gen|9\n|tier|[Gen 9 Champions] VGC 2026 Reg M-A\n|rated|\n|rule|Species Clause: Limit one of each Pok\u00e9mon\n|rule|Item Clause: Limit 1 of each item\n|clearpoke\n|poke|p1|Tinkaton, L50, F|\n|poke|p1|Altaria, L50, M|\n|poke|p1|Basculegion, L50, M|\n|poke|p1|Excadrill, L50, F|\n|poke|p1|Floette-Eternal, L50, F|\n|poke|p1|Rotom-Wash, L50|\n|poke|p2|Abomasnow, L50, M|\n|poke|p2|Talonflame, L50, F|\n|poke|p2|Avalugg, L50, M|\n|poke|p2|Basculegion, L50, M|\n|poke|p2|Vanilluxe, L50, F|\n|poke|p2|Alcremie-Salted-Cream, L50, F|\n|teampreview|4\n|inactive|Battle timer is ON: inactive players will automatically lose when time's up. (requested by clpb)\n|inactive|clpb has 60 seconds left.\n|\n|t:|1776386074\n|teamsize|p1|4\n|teamsize|p2|4\n|start\n|switch|p1a: Altaria|Altaria, L50, M|100/100\n|switch|p1b: Tinkaton|Tinkaton, L50, F|100/100\n|switch|p2a: Winnebago|Basculegion, L50, M|100/100\n|switch|p2b: Caribbean|Talonflame, L50, F|100/100\n|-ability|p1a: Altaria|Cloud Nine\n|turn|1\n|inactive|clpb has 30 seconds left.\n|\n|t:|1776386105\n|move|p2b: Caribbean|Upper Hand|p1b: Tinkaton\n|-damage|p1b: Tinkaton|83/100\n|cant|p1b: Tinkaton|flinch\n|move|p2a: Winnebago|Flip Turn|p1a: Altaria\n|-resisted|p1a: Altaria|1\n|-damage|p1a: Altaria|77/100\n|\n|t:|1776386112\n|switch|p2a: Northwoods|Abomasnow, L50, M|100/100|[from] Flip Turn\n|-weather|Snowscape|[from] ability: Snow Warning|[of] p2a: Northwoods\n|move|p1a: Altaria|Tailwind|p1a: Altaria\n|-sidestart|p1: clpb|move: Tailwind\n|\n|-weather|Snowscape|[upkeep]\n|upkeep\n|turn|2\n|\n|t:|1776386135\n|move|p1a: Altaria|Protect|p1a: Altaria\n|-singleturn|p1a: Altaria|Protect\n|move|p2a: Northwoods|Protect|p2a: Northwoods\n|-singleturn|p2a: Northwoods|Protect\n|move|p1b: Tinkaton|Gigaton Hammer|p2a: Northwoods\n|-activate|p2a: Northwoods|move: Protect\n|move|p2b: Caribbean|Flare Blitz|p1b: Tinkaton\n|-supereffective|p1b: Tinkaton|1\n|-damage|p1b: Tinkaton|0 fnt\n|faint|p1b: Tinkaton\n|-damage|p2b: Caribbean|75/100|[from] Recoil\n|-heal|p2b: Caribbean|84/100|[from] item: Shell Bell|[of] p1: Tinkaton\n|\n|-weather|Snowscape|[upkeep]\n|upkeep\n|\n|t:|1776386143\n|switch|p1b: Excadrill|Excadrill, L50, F|100/100\n|turn|3\n|inactive|clpb has 30 seconds left.\n|\n|t:|1776386176\n|detailschange|p1b: Excadrill|Excadrill-Mega, L50, F\n|-mega|p1b: Excadrill|Excadrill|Excadrite\n|move|p2a: Northwoods|Ice Shard|p1a: Altaria\n|-supereffective|p1a: Altaria|2\n|-damage|p1a: Altaria|0 fnt\n|faint|p1a: Altaria\n|move|p1b: Excadrill|Iron Head|p2a: Northwoods\n|-supereffective|p2a: Northwoods|1\n|-damage|p2a: Northwoods|37/100\n|move|p2b: Caribbean|Flare Blitz|p1b: Excadrill\n|-supereffective|p1b: Excadrill|1\n|-damage|p1b: Excadrill|38/100\n|-damage|p2b: Caribbean|64/100|[from] Recoil\n|-heal|p2b: Caribbean|71/100|[from] item: Shell Bell|[of] p1b: Excadrill\n|\n|-weather|Snowscape|[upkeep]\n|upkeep\n|\n|t:|1776386189\n|switch|p1a: Rotom|Rotom-Wash, L50|100/100\n|turn|4\n|inactive|Boneyard00 has 30 seconds left.\n|inactive|Boneyard00 has 20 seconds left.\n|inactive|Boneyard00 has 15 seconds left.\n|\n|t:|1776386231\n|switch|p2b: Winnebago|Basculegion, L50, M|100/100\n|switch|p2a: LUGGNUT|Avalugg, L50, M|100/100\n|move|p1b: Excadrill|Iron Head|p2a: LUGGNUT\n|-supereffective|p2a: LUGGNUT|1\n|-crit|p2a: LUGGNUT\n|-damage|p2a: LUGGNUT|42/100\n|move|p1a: Rotom|Thunderbolt|p2b: Winnebago\n|-supereffective|p2b: Winnebago|1\n|-damage|p2b: Winnebago|11/100\n|\n|-weather|Snowscape|[upkeep]\n|-heal|p2a: LUGGNUT|48/100|[from] ability: Ice Body\n|-heal|p2a: LUGGNUT|54/100|[from] item: Leftovers\n|-sideend|p1: clpb|move: Tailwind\n|upkeep\n|turn|5\n|inactive|clpb has 30 seconds left.\n|inactive|clpb has 20 seconds left.\n|inactive|clpb has 15 seconds left.\n|\n|t:|1776386272\n|move|p2a: LUGGNUT|Wide Guard|p2a: LUGGNUT\n|-singleturn|p2a: LUGGNUT|Wide Guard\n|move|p2b: Winnebago|Aqua Jet|p1b: Excadrill\n|-supereffective|p1b: Excadrill|1\n|-damage|p1b: Excadrill|0 fnt\n|faint|p1b: Excadrill\n|move|p1a: Rotom|Thunderbolt|p2b: Winnebago\n|-supereffective|p2b: Winnebago|1\n|-damage|p2b: Winnebago|0 fnt\n|faint|p2b: Winnebago\n|\n|-weather|none\n|-heal|p2a: LUGGNUT|60/100|[from] item: Leftovers\n|upkeep\n|\n|t:|1776386278\n|switch|p2b: Northwoods|Abomasnow, L50, M|37/100\n|-weather|Snowscape|[from] ability: Snow Warning|[of] p2b: Northwoods\n|turn|6\n|-message|clpb forfeited.\n|\n|win|Boneyard00\n|raw|clpb's rating: 1110 &rarr; <strong>1082</strong><br />(-28 for losing)\n|raw|Boneyard00's rating: 1066 &rarr; <strong>1100</strong><br />(+34 for winning)\n|l|\u2606Boneyard00\n|player|p2|\n",
  "uploadtime": 1776386319,
  "views": 17,
  "formatid": "gen9championsvgc2026regma",
  "rating": 1082,
  "private": 0,
  "password": null
}