{
  "id": "gen9championsvgc2026regma-2587182798",
  "format": "[Gen 9 Champions] VGC 2026 Reg M-A",
  "players": [
    "TheBallistic1",
    "RubiVGC"
  ],
  "log": "|j|\u2606TheBallistic1\n|j|\u2606RubiVGC\n|t:|1776505512\n|gametype|doubles\n|player|p1|TheBallistic1|colress|1091\n|player|p2|RubiVGC|2|1147\n|gen|9\n|tier|[Gen 9 Champions] VGC 2026 Reg M-A\n|rated|\n|rule|Species Clause: Limit one of each Pok\u00e9mon\n|rule|Item Clause: Limit 1 of each item\n|clearpoke\n|poke|p1|Floette-Eternal, L50, F|\n|poke|p1|Sneasler, L50, F|\n|poke|p1|Milotic, L50, F|\n|poke|p1|Incineroar, L50, M|\n|poke|p1|Sinistcha, L50|\n|poke|p1|Garchomp, L50, F|\n|poke|p2|Charizard, L50, M, shiny|\n|poke|p2|Venusaur, L50, M|\n|poke|p2|Incineroar, L50, M|\n|poke|p2|Garchomp, L50, F|\n|poke|p2|Rotom-Wash, L50|\n|poke|p2|Gliscor, L50, M|\n|teampreview|4\n|inactive|Battle timer is ON: inactive players will automatically lose when time's up. (requested by RubiVGC)\n|\n|t:|1776505531\n|teamsize|p1|4\n|teamsize|p2|4\n|start\n|switch|p1a: Garchomp|Garchomp, L50, F|100/100\n|switch|p1b: Milotic|Milotic, L50, F|100/100\n|switch|p2a: Rotom|Rotom-Wash, L50|100/100\n|switch|p2b: Gliscor|Gliscor, L50, M|100/100\n|turn|1\n|\n|t:|1776505552\n|move|p2b: Gliscor|Protect|p2b: Gliscor\n|-singleturn|p2b: Gliscor|Protect\n|move|p1a: Garchomp|Dragon Claw|p2a: Rotom\n|-damage|p2a: Rotom|38/100\n|move|p2a: Rotom|Volt Switch|p1b: Milotic\n|-supereffective|p1b: Milotic|1\n|-damage|p1b: Milotic|33/100\n|\n|t:|1776505561\n|switch|p2a: Venusaur|Venusaur, L50, M|100/100|[from] Volt Switch\n|move|p1b: Milotic|Ice Beam|p2b: Gliscor\n|-activate|p2b: Gliscor|move: Protect\n|\n|-heal|p1b: Milotic|39/100|[from] item: Leftovers\n|upkeep\n|turn|2\n|\n|t:|1776505575\n|move|p1a: Garchomp|Dragon Claw|p2b: Gliscor\n|-damage|p2b: Gliscor|66/100\n|move|p2b: Gliscor|Swords Dance|p2b: Gliscor\n|-boost|p2b: Gliscor|atk|2\n|move|p1b: Milotic|Ice Beam|p2a: Venusaur\n|-supereffective|p2a: Venusaur|1\n|-damage|p2a: Venusaur|29/100\n|move|p2a: Venusaur|Sleep Powder|p1a: Garchomp\n|-status|p1a: Garchomp|slp|[from] move: Sleep Powder\n|\n|-heal|p2b: Gliscor|72/100|[from] item: Leftovers\n|-heal|p1b: Milotic|45/100|[from] item: Leftovers\n|upkeep\n|turn|3\n|\n|t:|1776505599\n|cant|p1a: Garchomp|slp\n|move|p2b: Gliscor|Poison Jab|p1a: Garchomp\n|-resisted|p1a: Garchomp|1\n|-damage|p1a: Garchomp|84/100 slp\n|-damage|p2b: Gliscor|60/100|[from] ability: Rough Skin|[of] p1a: Garchomp\n|move|p1b: Milotic|Ice Beam|p2b: Gliscor\n|-supereffective|p2b: Gliscor|2\n|-damage|p2b: Gliscor|0 fnt\n|faint|p2b: Gliscor\n|move|p2a: Venusaur|Giga Drain|p1b: Milotic\n|-supereffective|p1b: Milotic|1\n|-damage|p1b: Milotic|0 fnt\n|-heal|p2a: Venusaur|53/100|[from] drain|[of] p1b: Milotic\n|faint|p1b: Milotic\n|\n|upkeep\n|\n|t:|1776505613\n|switch|p2b: Charizard|Charizard, L50, M, shiny|100/100\n|switch|p1b: Floette|Floette-Eternal, L50, F|100/100\n|turn|4\n|\n|t:|1776505625\n|switch|p1b: Sinistcha|Sinistcha, L50|100/100\n|-heal|p1a: Garchomp|100/100 slp|[from] ability: Hospitality|[of] p1b: Sinistcha\n|detailschange|p2b: Charizard|Charizard-Mega-Y, L50, M, shiny\n|-mega|p2b: Charizard|Charizard|Charizardite Y\n|-weather|SunnyDay|[from] ability: Drought|[of] p2b: Charizard\n|move|p2a: Venusaur|Sludge Bomb|p1b: Sinistcha\n|-damage|p1b: Sinistcha|52/100\n|cant|p1a: Garchomp|slp\n|move|p2b: Charizard|Heat Wave|p1b: Sinistcha|[spread] p1a,p1b\n|-resisted|p1a: Garchomp|1\n|-supereffective|p1b: Sinistcha|1\n|-damage|p1a: Garchomp|67/100 slp\n|-damage|p1b: Sinistcha|0 fnt\n|faint|p1b: Sinistcha\n|\n|-weather|SunnyDay|[upkeep]\n|upkeep\n|\n|t:|1776505636\n|switch|p1b: Floette|Floette-Eternal, L50, F|100/100\n|turn|5\n|\n|t:|1776505645\n|detailschange|p1b: Floette|Floette-Mega, L50, F\n|-mega|p1b: Floette|Floette|Floettite\n|-ability|p1b: Floette|Fairy Aura\n|move|p2a: Venusaur|Sludge Bomb|p1b: Floette\n|-supereffective|p1b: Floette|1\n|-damage|p1b: Floette|32/100\n|-status|p1b: Floette|psn\n|-curestatus|p1a: Garchomp|slp|[msg]\n|move|p1a: Garchomp|Dragon Claw|p2b: Charizard\n|-damage|p2b: Charizard|30/100\n|move|p1b: Floette|Dazzling Gleam|p2b: Charizard|[spread] p2a,p2b\n|-resisted|p2a: Venusaur|1\n|-crit|p2a: Venusaur\n|-resisted|p2b: Charizard|1\n|-damage|p2a: Venusaur|15/100\n|-damage|p2b: Charizard|7/100\n|move|p2b: Charizard|Dragon Pulse|p1a: Garchomp\n|-supereffective|p1a: Garchomp|1\n|-damage|p1a: Garchomp|0 fnt\n|faint|p1a: Garchomp\n|\n|-weather|SunnyDay|[upkeep]\n|-damage|p1b: Floette|20/100 psn|[from] psn\n|upkeep\n|turn|6\n|\n|t:|1776505668\n|move|p2a: Venusaur|Sludge Bomb|p1b: Floette\n|-supereffective|p1b: Floette|1\n|-damage|p1b: Floette|0 fnt\n|faint|p1b: Floette\n|\n|win|RubiVGC\n|raw|TheBallistic1's rating: 1091 &rarr; <strong>1071</strong><br />(-20 for losing)\n|raw|RubiVGC's rating: 1147 &rarr; <strong>1168</strong><br />(+21 for winning)\n",
  "uploadtime": 1776505672,
  "views": 17,
  "formatid": "gen9championsvgc2026regma",
  "rating": 1071,
  "private": 0,
  "password": null
}