{
  "id": "gen9championsvgc2026regma-2588641837",
  "format": "[Gen 9 Champions] VGC 2026 Reg M-A",
  "players": [
    "Cylantro",
    "meshiny"
  ],
  "log": "|j|\u2606Cylantro\n|j|\u2606meshiny\n|t:|1776652964\n|gametype|doubles\n|player|p1|Cylantro|101|1231\n|player|p2|meshiny|channeler-lgpe|1232\n|gen|9\n|tier|[Gen 9 Champions] VGC 2026 Reg M-A\n|rated|\n|rule|Species Clause: Limit one of each Pok\u00e9mon\n|rule|Item Clause: Limit 1 of each item\n|clearpoke\n|poke|p1|Rotom-Wash, L50|\n|poke|p1|Aerodactyl, L50, M|\n|poke|p1|Aegislash, L50, F|\n|poke|p1|Garchomp, L50, F|\n|poke|p1|Sneasler, L50, F|\n|poke|p1|Gardevoir, L50, F|\n|poke|p2|Sandaconda, L50, M|\n|poke|p2|Tyranitar, L50, F|\n|poke|p2|Sinistcha, L50|\n|poke|p2|Wyrdeer, L50, F, shiny|\n|poke|p2|Sableye, L50, F|\n|poke|p2|Heliolisk, L50, F, shiny|\n|teampreview|4\n|c|\u2606meshiny|Gl hf\n|inactive|Battle timer is ON: inactive players will automatically lose when time's up. (requested by meshiny)\n|\n|t:|1776653002\n|teamsize|p1|4\n|teamsize|p2|4\n|start\n|switch|p1a: Aerodactyl|Aerodactyl, L50, M|100/100\n|switch|p1b: Sneasler|Sneasler, L50, F|100/100\n|switch|p2a: Tyrant in a Jar|Tyranitar, L50, F|100/100\n|switch|p2b: Darude Sandstorm|Sandaconda, L50, M|100/100\n|-ability|p1a: Aerodactyl|Unnerve\n|-weather|Sandstorm|[from] ability: Sand Stream|[of] p2a: Tyrant in a Jar\n|turn|1\n|inactive|meshiny has 30 seconds left.\n|inactive|meshiny has 20 seconds left.\n|inactive|meshiny has 15 seconds left.\n|inactive|meshiny has 10 seconds left.\n|inactive|meshiny has 5 seconds left.\n|\n|t:|1776653057\n|move|p2a: Tyrant in a Jar|Protect|p2a: Tyrant in a Jar\n|-singleturn|p2a: Tyrant in a Jar|Protect\n|move|p1a: Aerodactyl|Rock Slide|p2b: Darude Sandstorm|[spread] \n|-activate|p2a: Tyrant in a Jar|move: Protect\n|-miss|p1a: Aerodactyl|p2b: Darude Sandstorm\n|move|p1b: Sneasler|Close Combat|p2a: Tyrant in a Jar\n|-activate|p2a: Tyrant in a Jar|move: Protect\n|move|p2b: Darude Sandstorm|Substitute|p2b: Darude Sandstorm\n|-start|p2b: Darude Sandstorm|Substitute\n|-damage|p2b: Darude Sandstorm|76/100\n|\n|-weather|Sandstorm|[upkeep]\n|-damage|p1b: Sneasler|95/100|[from] Sandstorm\n|upkeep\n|turn|2\n|\n|t:|1776653079\n|switch|p2a: Baja Blast|Sinistcha, L50|100/100\n|-heal|p2b: Darude Sandstorm|100/100|[from] ability: Hospitality|[of] p2a: Baja Blast\n|move|p1a: Aerodactyl|Dual Wingbeat|p2b: Darude Sandstorm\n|-activate|p2b: Darude Sandstorm|move: Substitute|[damage]\n|-activate|p2b: Darude Sandstorm|move: Substitute|[damage]\n|-hitcount|p2b: Darude Sandstorm|2\n|move|p1b: Sneasler|Dire Claw|p2a: Baja Blast\n|-damage|p2a: Baja Blast|61/100\n|move|p2b: Darude Sandstorm|Minimize|p2b: Darude Sandstorm\n|-boost|p2b: Darude Sandstorm|evasion|2\n|\n|-weather|Sandstorm|[upkeep]\n|-damage|p1b: Sneasler|89/100|[from] Sandstorm\n|-damage|p2a: Baja Blast|55/100|[from] Sandstorm\n|upkeep\n|turn|3\n|c|\u2606Cylantro|how do you say hf\n|c|\u2606Cylantro|and then do a minimize team?\n|inactive|Cylantro has 30 seconds left.\n|inactive|Cylantro has 20 seconds left.\n|\n|t:|1776653117\n|move|p1a: Aerodactyl|Dual Wingbeat|p2b: Darude Sandstorm|[miss]\n|-miss|p1a: Aerodactyl|p2b: Darude Sandstorm\n|move|p1b: Sneasler|Dire Claw|p2b: Darude Sandstorm\n|-resisted|p2b: Darude Sandstorm|1\n|-end|p2b: Darude Sandstorm|Substitute\n|move|p2b: Darude Sandstorm|Minimize|p2b: Darude Sandstorm\n|-boost|p2b: Darude Sandstorm|evasion|2\n|move|p2a: Baja Blast|Strength Sap|p1b: Sneasler\n|-unboost|p1b: Sneasler|atk|1\n|-heal|p2a: Baja Blast|100/100\n|-enditem|p1b: Sneasler|White Herb\n|-clearnegativeboost|p1b: Sneasler|[silent]\n|\n|-weather|Sandstorm|[upkeep]\n|-damage|p1b: Sneasler|83/100|[from] Sandstorm\n|-damage|p2a: Baja Blast|94/100|[from] Sandstorm\n|upkeep\n|turn|4\n|inactive|meshiny has 30 seconds left.\n|c|\u2606meshiny|Out of politeness i guess\n|c|\u2606Cylantro|you're a bad person\n|inactive|meshiny has 20 seconds left.\n|inactive|meshiny has 15 seconds left.\n|\n|t:|1776653158\n|switch|p1a: Gardevoir|Gardevoir, L50, F|100/100\n|-ability|p1a: Gardevoir|Sand Veil|Trace|[from] ability: Trace|[of] p2b: Darude Sandstorm\n|move|p1b: Sneasler|Close Combat|p2b: Darude Sandstorm|[miss]\n|-miss|p1b: Sneasler|p2b: Darude Sandstorm\n|move|p2b: Darude Sandstorm|Substitute|p2b: Darude Sandstorm\n|-start|p2b: Darude Sandstorm|Substitute\n|-damage|p2b: Darude Sandstorm|76/100\n|move|p2a: Baja Blast|Strength Sap|p1b: Sneasler\n|-unboost|p1b: Sneasler|atk|1\n|-heal|p2a: Baja Blast|100/100\n|\n|-weather|Sandstorm|[upkeep]\n|-damage|p1b: Sneasler|78/100|[from] Sandstorm\n|-damage|p2a: Baja Blast|94/100|[from] Sandstorm\n|upkeep\n|turn|5\n|\n|t:|1776653179\n|switch|p1b: Garchomp|Garchomp, L50, F|100/100\n|move|p1a: Gardevoir|Aura Sphere|p2b: Darude Sandstorm\n|-end|p2b: Darude Sandstorm|Substitute\n|move|p2b: Darude Sandstorm|Minimize|p2b: Darude Sandstorm\n|-boost|p2b: Darude Sandstorm|evasion|2\n|move|p2a: Baja Blast|Life Dew|p2a: Baja Blast|[spread] p2a,p2b\n|-heal|p2a: Baja Blast|100/100\n|-heal|p2b: Darude Sandstorm|100/100\n|\n|-weather|none\n|upkeep\n|turn|6\n|inactive|meshiny has 30 seconds left.\n|\n|t:|1776653212\n|switch|p2a: Daft Punk|Sableye, L50, F|100/100\n|detailschange|p1a: Gardevoir|Gardevoir-Mega, L50, F\n|-mega|p1a: Gardevoir|Gardevoir|Gardevoirite\n|move|p1b: Garchomp|Dragon Claw|p2b: Darude Sandstorm\n|-crit|p2b: Darude Sandstorm\n|-damage|p2b: Darude Sandstorm|59/100\n|move|p1a: Gardevoir|Aura Sphere|p2b: Darude Sandstorm\n|-damage|p2b: Darude Sandstorm|15/100\n|move|p2b: Darude Sandstorm|Substitute|p2b: Darude Sandstorm\n|-fail|p2b: Darude Sandstorm|move: Substitute|[weak]\n|\n|upkeep\n|turn|7\n|\n|t:|1776653233\n|move|p2a: Daft Punk|Thunder Wave|p1a: Gardevoir\n|-status|p1a: Gardevoir|par\n|move|p1b: Garchomp|Dragon Claw|p2a: Daft Punk\n|-damage|p2a: Daft Punk|58/100\n|move|p2b: Darude Sandstorm|Rock Slide|p1a: Gardevoir|[spread] p1b\n|-miss|p2b: Darude Sandstorm|p1a: Gardevoir\n|-resisted|p1b: Garchomp|1\n|-damage|p1b: Garchomp|93/100\n|move|p1a: Gardevoir|Aura Sphere|p2b: Darude Sandstorm\n|-damage|p2b: Darude Sandstorm|0 fnt\n|faint|p2b: Darude Sandstorm\n|\n|upkeep\n|\n|t:|1776653248\n|switch|p2b: Baja Blast|Sinistcha, L50|100/100\n|-heal|p2a: Daft Punk|83/100|[from] ability: Hospitality|[of] p2b: Baja Blast\n|turn|8\n|\n|t:|1776653260\n|move|p2a: Daft Punk|Quash|p1b: Garchomp\n|-activate|p1b: Garchomp|move: Quash\n|move|p2b: Baja Blast|Strength Sap|p1b: Garchomp\n|-unboost|p1b: Garchomp|atk|1\n|move|p1a: Gardevoir|Hyper Voice|p2b: Baja Blast|[spread] p2a,p2b\n|-supereffective|p2a: Daft Punk|1\n|-damage|p2a: Daft Punk|0 fnt\n|-damage|p2b: Baja Blast|53/100\n|faint|p2a: Daft Punk\n|move|p1b: Garchomp|Dragon Claw|p2b: Baja Blast\n|-damage|p2b: Baja Blast|25/100\n|-enditem|p2b: Baja Blast|Sitrus Berry|[eat]\n|-heal|p2b: Baja Blast|49/100|[from] item: Sitrus Berry\n|\n|upkeep\n|\n|t:|1776653272\n|switch|p2a: Tyrant in a Jar|Tyranitar, L50, F|100/100\n|-weather|Sandstorm|[from] ability: Sand Stream|[of] p2a: Tyrant in a Jar\n|turn|9\n|\n|t:|1776653280\n|switch|p1b: Sneasler|Sneasler, L50, F|78/100\n|detailschange|p2a: Tyrant in a Jar|Tyranitar-Mega, L50, F\n|-mega|p2a: Tyrant in a Jar|Tyranitar|Tyranitarite\n|move|p2a: Tyrant in a Jar|Rock Slide|p1a: Gardevoir|[spread] p1b\n|-miss|p2a: Tyrant in a Jar|p1a: Gardevoir\n|-resisted|p1b: Sneasler|1\n|-damage|p1b: Sneasler|53/100\n|move|p2b: Baja Blast|Strength Sap|p1b: Sneasler\n|-unboost|p1b: Sneasler|atk|1\n|-heal|p2b: Baja Blast|100/100\n|move|p1a: Gardevoir|Aura Sphere|p2a: Tyrant in a Jar\n|-supereffective|p2a: Tyrant in a Jar|2\n|-damage|p2a: Tyrant in a Jar|50/100\n|\n|-weather|Sandstorm|[upkeep]\n|-damage|p1b: Sneasler|47/100|[from] Sandstorm\n|-damage|p2b: Baja Blast|94/100|[from] Sandstorm\n|-damage|p1a: Gardevoir|94/100 par|[from] Sandstorm\n|upkeep\n|turn|10\n|inactive|Cylantro has 30 seconds left.\n|\n|t:|1776653308\n|move|p2a: Tyrant in a Jar|Protect|p2a: Tyrant in a Jar\n|-singleturn|p2a: Tyrant in a Jar|Protect\n|move|p1b: Sneasler|Dire Claw|p2b: Baja Blast\n|-damage|p2b: Baja Blast|70/100\n|-status|p2b: Baja Blast|slp\n|cant|p2b: Baja Blast|slp\n|move|p1a: Gardevoir|Hyper Voice|p2a: Tyrant in a Jar|[spread] p2b\n|-activate|p2a: Tyrant in a Jar|move: Protect\n|-damage|p2b: Baja Blast|25/100 slp\n|\n|-weather|Sandstorm|[upkeep]\n|-damage|p1b: Sneasler|41/100|[from] Sandstorm\n|-damage|p2b: Baja Blast|18/100 slp|[from] Sandstorm\n|-damage|p1a: Gardevoir|88/100 par|[from] Sandstorm\n|upkeep\n|turn|11\n|\n|t:|1776653324\n|move|p1b: Sneasler|Dire Claw|p2b: Baja Blast\n|-damage|p2b: Baja Blast|0 fnt\n|faint|p2b: Baja Blast\n|move|p2a: Tyrant in a Jar|Rock Slide|p1b: Sneasler|[spread] p1a,p1b\n|-resisted|p1b: Sneasler|1\n|-damage|p1a: Gardevoir|34/100 par\n|-damage|p1b: Sneasler|18/100\n|move|p1a: Gardevoir|Aura Sphere|p2a: Tyrant in a Jar\n|-supereffective|p2a: Tyrant in a Jar|2\n|-damage|p2a: Tyrant in a Jar|0 fnt\n|faint|p2a: Tyrant in a Jar\n|\n|win|Cylantro\n|raw|Cylantro's rating: 1231 &rarr; <strong>1256</strong><br />(+25 for winning)\n|raw|meshiny's rating: 1232 &rarr; <strong>1207</strong><br />(-25 for losing)\n",
  "uploadtime": 1776653331,
  "views": 5,
  "formatid": "gen9championsvgc2026regma",
  "rating": 1207,
  "private": 0,
  "password": null
}