{
  "id": "gen9championsvgc2026regma-2582996361",
  "format": "[Gen 9 Champions] VGC 2026 Reg M-A",
  "players": [
    "ootama",
    "Verdas1128"
  ],
  "log": "|j|\u2606ootama\n|j|\u2606Verdas1128\n|html|<table width=\"100%\"><tr><td align=\"left\">ootama</td><td align=\"right\">Verdas1128</tr><tr><td align=\"left\"><i class=\"fa fa-circle-o\"></i> <i class=\"fa fa-circle-o\"></i> </td><td align=\"right\"><i class=\"fa fa-circle-o\"></i> <i class=\"fa fa-circle-o\"></i> </tr></table>\n|uhtml|bestof|<h2><strong>Game 1</strong> of <a href=\"/game-bestof3-gen9championsvgc2026regma-2582996360\">a best-of-3</a></h2>\n|t:|1776131828\n|gametype|doubles\n|player|p1|ootama|2|\n|player|p2|Verdas1128|rei|\n|gen|9\n|tier|[Gen 9 Champions] VGC 2026 Reg M-A\n|rated|Tournament battle\n|rule|Species Clause: Limit one of each Pok\u00e9mon\n|rule|Item Clause: Limit 1 of each item\n|raw|<div class=\"infobox\"><details class=\"readmore\" open><summary><strong>2 custom rules:</strong></summary> Force Open Team Sheets, Best of = 3</details></div>\n|clearpoke\n|poke|p1|Tyranitar, L50, M|\n|poke|p1|Palafin, L50, F|\n|poke|p1|Excadrill, L50, M|\n|poke|p1|Garchomp, L50, F|\n|poke|p1|Incineroar, L50, F|\n|poke|p1|Whimsicott, L50, F|\n|poke|p2|Charizard, L50, F|\n|poke|p2|Venusaur, L50, M|\n|poke|p2|Garchomp, L50, F|\n|poke|p2|Rotom-Wash, L50|\n|poke|p2|Sneasler, L50, F|\n|poke|p2|Incineroar, L50, F|\n|teampreview|4\n|showteam|p1|Tyranitar||Tyranitarite|SandStream|RockSlide,Crunch,DragonDance,Protect|||M|||50|]Palafin||MysticWater|ZerotoHero|FlipTurn,JetPunch,WaveCrash,Encore|||F|||50|]Excadrill||ScopeLens|SandRush|DrillRun,RockSlide,IronHead,Protect|||M|||50|]Garchomp||Garchompite|SandVeil|Earthquake,RockSlide,DracoMeteor|||F|||50|]Incineroar||QuickClaw|Intimidate|FakeOut,FlareBlitz,PartingShot,DarkestLariat|||F|||50|]Whimsicott||Leftovers|Prankster|CottonGuard,Tailwind,LeechSeed,Encore|||F|||50|\n|showteam|p2|Charizard||CharizarditeY|SolarPower|HeatWave,SolarBeam,WeatherBall,Protect|||F|||50|]Venusaur||FocusSash|Chlorophyll|LeafStorm,SludgeBomb,SleepPowder,Protect|||M|||50|]Garchomp||ChoiceScarf|RoughSkin|Earthquake,Bulldoze,DragonClaw,RockSlide|||F|||50|]Rotom-Wash||Leftovers|Levitate|WillOWisp,Thunderbolt,HydroPump,Protect||||||50|]Sneasler||WhiteHerb|Unburden|FakeOut,CloseCombat,RockTomb,DireClaw|||F|||50|]Incineroar||SitrusBerry|Intimidate|FakeOut,FlareBlitz,PartingShot,DarkestLariat|||F|||50|\n|inactive|Battle timer is ON: inactive players will automatically lose when time's up. (requested by ootama)\n|inactive|Verdas1128 also wants the timer to be on.\nVerdas1128 has agreed to open team sheets.\n|inactive|ootama has 60 seconds left.\n|inactive|Verdas1128 has 60 seconds left.\n|inactive|ootama has 30 seconds left.\n|inactive|ootama has 20 seconds left.\n|inactive|ootama has 15 seconds left.\n|inactive|ootama has 10 seconds left.\n|\n|t:|1776131910\n|teamsize|p1|4\n|teamsize|p2|4\n|start\n|switch|p1a: Whimsicott|Whimsicott, L50, F|100/100\n|switch|p1b: Tyranitar|Tyranitar, L50, M|100/100\n|switch|p2a: Garchomp|Garchomp, L50, F, shiny|100/100\n|switch|p2b: Sneasler|Sneasler, L50, F|100/100\n|-weather|Sandstorm|[from] ability: Sand Stream|[of] p1b: Tyranitar\n|turn|1\n|inactive|ootama has 30 seconds left.\n|inactive|Verdas1128 has 30 seconds left.\n|inactive|ootama has 20 seconds left.\n|inactive|ootama has 15 seconds left.\n|inactive|ootama has 10 seconds left.\n|\n|t:|1776131957\n|switch|p2a: Rotom|Rotom-Wash, L50, shiny|100/100\n|move|p1b: Tyranitar|Protect|p1b: Tyranitar\n|-singleturn|p1b: Tyranitar|Protect\n|move|p1a: Whimsicott|Tailwind|p1a: Whimsicott\n|-sidestart|p1: ootama|move: Tailwind\n|move|p2b: Sneasler|Dire Claw|p1a: Whimsicott\n|-supereffective|p1a: Whimsicott|2\n|-damage|p1a: Whimsicott|0 fnt\n|faint|p1a: Whimsicott\n|\n|-weather|Sandstorm|[upkeep]\n|-damage|p2b: Sneasler|95/100|[from] Sandstorm\n|-damage|p2a: Rotom|95/100|[from] Sandstorm\n|-heal|p2a: Rotom|100/100|[from] item: Leftovers\n|upkeep\n|\n|t:|1776131976\n|switch|p1a: Excadrill|Excadrill, L50, M|100/100\n|turn|2\n|\n|t:|1776131993\n|switch|p2b: Venusaur|Venusaur, L50, M, shiny|100/100\n|detailschange|p1b: Tyranitar|Tyranitar-Mega, L50, M\n|-mega|p1b: Tyranitar|Tyranitar|Tyranitarite\n|move|p1a: Excadrill|Rock Slide|p2b: Venusaur|[spread] p2a,p2b\n|-crit|p2b: Venusaur\n|-damage|p2a: Rotom|80/100\n|-damage|p2b: Venusaur|58/100\n|move|p1b: Tyranitar|Rock Slide|p2a: Rotom|[spread] p2a,p2b\n|-damage|p2a: Rotom|55/100\n|-damage|p2b: Venusaur|15/100\n|cant|p2a: Rotom|flinch\n|\n|-weather|Sandstorm|[upkeep]\n|-damage|p2b: Venusaur|9/100|[from] Sandstorm\n|-damage|p2a: Rotom|49/100|[from] Sandstorm\n|-heal|p2a: Rotom|55/100|[from] item: Leftovers\n|upkeep\n|turn|3\n|\n|t:|1776132011\n|move|p2b: Venusaur|Protect|p2b: Venusaur\n|-singleturn|p2b: Venusaur|Protect\n|move|p2a: Rotom|Protect|p2a: Rotom\n|-singleturn|p2a: Rotom|Protect\n|move|p1a: Excadrill|Rock Slide|p2a: Rotom|[spread] \n|-activate|p2a: Rotom|move: Protect\n|-activate|p2b: Venusaur|move: Protect\n|move|p1b: Tyranitar|Rock Slide|p2a: Rotom|[spread] \n|-activate|p2a: Rotom|move: Protect\n|-activate|p2b: Venusaur|move: Protect\n|\n|-weather|Sandstorm|[upkeep]\n|-damage|p2b: Venusaur|4/100|[from] Sandstorm\n|-damage|p2a: Rotom|49/100|[from] Sandstorm\n|-heal|p2a: Rotom|55/100|[from] item: Leftovers\n|upkeep\n|turn|4\n|\n|t:|1776132030\n|switch|p2a: Sneasler|Sneasler, L50, F|95/100\n|move|p1a: Excadrill|Protect|p1a: Excadrill\n|-singleturn|p1a: Excadrill|Protect\n|move|p1b: Tyranitar|Protect|p1b: Tyranitar\n|-singleturn|p1b: Tyranitar|Protect\n|move|p2b: Venusaur|Leaf Storm|p1b: Tyranitar\n|-activate|p1b: Tyranitar|move: Protect\n|\n|-weather|Sandstorm|[upkeep]\n|-damage|p2a: Sneasler|89/100|[from] Sandstorm\n|-damage|p2b: Venusaur|0 fnt|[from] Sandstorm\n|faint|p2b: Venusaur\n|-sideend|p1: ootama|move: Tailwind\n|upkeep\n|\n|t:|1776132046\n|switch|p2b: Garchomp|Garchomp, L50, F, shiny|100/100\n|turn|5\n|\n|t:|1776132059\n|switch|p2a: Rotom|Rotom-Wash, L50, shiny|55/100\n|move|p1a: Excadrill|Rock Slide|p2a: Rotom|[spread] p2a,p2b\n|-resisted|p2b: Garchomp|1\n|-damage|p2a: Rotom|34/100\n|-damage|p2b: Garchomp|89/100\n|move|p2b: Garchomp|Earthquake|p1a: Excadrill|[spread] p1a,p1b\n|-immune|p2a: Rotom|[from] ability: Levitate\n|-supereffective|p1a: Excadrill|1\n|-supereffective|p1b: Tyranitar|1\n|-damage|p1a: Excadrill|0 fnt\n|-damage|p1b: Tyranitar|63/100\n|faint|p1a: Excadrill\n|move|p1b: Tyranitar|Dragon Dance|p1b: Tyranitar\n|-boost|p1b: Tyranitar|atk|1\n|-boost|p1b: Tyranitar|spe|1\n|\n|-weather|none\n|-heal|p2a: Rotom|40/100|[from] item: Leftovers\n|upkeep\n|\n|t:|1776132075\n|switch|p1a: Palafin|Palafin, L50, F|100/100\n|turn|6\n|inactive|ootama has 30 seconds left.\n|\n|t:|1776132105\n|move|p2b: Garchomp|Earthquake|p1a: Palafin|[spread] p1a,p1b\n|-immune|p2a: Rotom|[from] ability: Levitate\n|-supereffective|p1b: Tyranitar|1\n|-damage|p1a: Palafin|54/100\n|-damage|p1b: Tyranitar|25/100\n|move|p1b: Tyranitar|Dragon Dance|p1b: Tyranitar\n|-boost|p1b: Tyranitar|atk|1\n|-boost|p1b: Tyranitar|spe|1\n|move|p1a: Palafin|Wave Crash|p2b: Garchomp\n|-damage|p2b: Garchomp|32/100\n|-damage|p1a: Palafin|42/100|[from] ability: Rough Skin|[of] p2b: Garchomp\n|-damage|p1a: Palafin|25/100|[from] Recoil\n|move|p2a: Rotom|Thunderbolt|p1a: Palafin\n|-supereffective|p1a: Palafin|1\n|-damage|p1a: Palafin|0 fnt\n|faint|p1a: Palafin\n|\n|-heal|p2a: Rotom|46/100|[from] item: Leftovers\n|upkeep\n|turn|7\n|inactive|Verdas1128 has 30 seconds left.\n|\n|t:|1776132134\n|move|p2b: Garchomp|Earthquake|p1b: Tyranitar|[spread] p1b\n|-immune|p2a: Rotom|[from] ability: Levitate\n|-supereffective|p1b: Tyranitar|1\n|-damage|p1b: Tyranitar|0 fnt\n|faint|p1b: Tyranitar\n|\n|win|Verdas1128\n",
  "uploadtime": 1776132135,
  "views": 14,
  "formatid": "gen9championsvgc2026regma",
  "rating": null,
  "private": 0,
  "password": null
}