{
  "id": "gen9championsvgc2026regma-2585811783",
  "format": "[Gen 9 Champions] VGC 2026 Reg M-A",
  "players": [
    "bushidobayleef",
    "SunTufo"
  ],
  "log": "|j|\u2606bushidobayleef\n|j|\u2606SunTufo\n|t:|1776372401\n|gametype|doubles\n|player|p1|bushidobayleef|anabel-gen7|1302\n|player|p2|SunTufo|li|1266\n|gen|9\n|tier|[Gen 9 Champions] VGC 2026 Reg M-A\n|rated|\n|rule|Species Clause: Limit one of each Pok\u00e9mon\n|rule|Item Clause: Limit 1 of each item\n|clearpoke\n|poke|p1|Glimmora, L50, F|\n|poke|p1|Tinkaton, L50, F|\n|poke|p1|Corviknight, L50, F|\n|poke|p1|Tauros-Paldea-Aqua, L50, M|\n|poke|p1|Tyranitar, L50, F|\n|poke|p1|Sinistcha-Masterpiece, L50|\n|poke|p2|Golurk, L50|\n|poke|p2|Farigiraf, L50, M|\n|poke|p2|Incineroar, L50, M|\n|poke|p2|Torkoal, L50, M|\n|poke|p2|Conkeldurr, L50, M|\n|poke|p2|Sinistcha, L50|\n|teampreview|4\n|inactive|Battle timer is ON: inactive players will automatically lose when time's up. (requested by SunTufo)\n|inactive|bushidobayleef has 60 seconds left.\n|\n|t:|1776372447\n|teamsize|p1|4\n|teamsize|p2|4\n|start\n|switch|p1a: Artism|Tyranitar, L50, F|100/100\n|switch|p1b: Chucklenuts|Tinkaton, L50, F|100/100\n|switch|p2a: Farigiraf|Farigiraf, L50, M, shiny|100/100\n|switch|p2b: Golurk|Golurk, L50, shiny|100/100\n|-weather|Sandstorm|[from] ability: Sand Stream|[of] p1a: Artism\n|turn|1\n|\n|t:|1776372463\n|switch|p2b: Incineroar|Incineroar, L50, M, shiny|100/100\n|-ability|p2b: Incineroar|Intimidate|boost\n|-unboost|p1a: Artism|atk|1\n|-fail|p1b: Chucklenuts|unboost|Attack|[from] ability: Own Tempo|[of] p1b: Chucklenuts\n|move|p2a: Farigiraf|Protect|p2a: Farigiraf\n|-singleturn|p2a: Farigiraf|Protect\n|move|p1a: Artism|Knock Off|p2a: Farigiraf\n|-activate|p2a: Farigiraf|move: Protect\n|move|p1b: Chucklenuts|Gigaton Hammer|p2a: Farigiraf\n|-activate|p2a: Farigiraf|move: Protect\n|\n|-weather|Sandstorm|[upkeep]\n|-damage|p2a: Farigiraf|94/100|[from] Sandstorm\n|-damage|p2b: Incineroar|95/100|[from] Sandstorm\n|upkeep\n|turn|2\n|inactive|bushidobayleef has 30 seconds left.\n|inactive|bushidobayleef has 20 seconds left.\n|\n|t:|1776372503\n|switch|p1a: KILL PEOPLE|Tauros-Paldea-Aqua, L50, M|100/100\n|-ability|p1a: KILL PEOPLE|Intimidate|boost\n|-unboost|p2a: Farigiraf|atk|1\n|-unboost|p2b: Incineroar|atk|1\n|move|p2b: Incineroar|Fake Out|p1a: KILL PEOPLE\n|-damage|p1a: KILL PEOPLE|90/100\n|move|p1b: Chucklenuts|Play Rough|p2a: Farigiraf\n|-damage|p2a: Farigiraf|65/100\n|-unboost|p2a: Farigiraf|atk|1\n|move|p2a: Farigiraf|Trick Room|p2a: Farigiraf\n|-fieldstart|move: Trick Room|[of] p2a: Farigiraf\n|\n|-weather|Sandstorm|[upkeep]\n|-damage|p2a: Farigiraf|59/100|[from] Sandstorm\n|-damage|p2b: Incineroar|89/100|[from] Sandstorm\n|-damage|p1a: KILL PEOPLE|84/100|[from] Sandstorm\n|upkeep\n|turn|3\n|\n|t:|1776372527\n|move|p1a: KILL PEOPLE|Protect|p1a: KILL PEOPLE\n|-singleturn|p1a: KILL PEOPLE|Protect\n|move|p2b: Incineroar|Parting Shot|p1b: Chucklenuts\n|-unboost|p1b: Chucklenuts|atk|1\n|-unboost|p1b: Chucklenuts|spa|1\n|\n|t:|1776372538\n|switch|p2b: Golurk|Golurk, L50, shiny|100/100|[from] Parting Shot\n|move|p2a: Farigiraf|Twin Beam|p1a: KILL PEOPLE\n|-activate|p1a: KILL PEOPLE|move: Protect\n|move|p1b: Chucklenuts|Play Rough|p2b: Golurk\n|-damage|p2b: Golurk|77/100\n|\n|-weather|Sandstorm|[upkeep]\n|-damage|p2a: Farigiraf|52/100|[from] Sandstorm\n|-damage|p1a: KILL PEOPLE|78/100|[from] Sandstorm\n|upkeep\n|turn|4\n|\n|t:|1776372561\n|switch|p1a: Artism|Tyranitar, L50, F|100/100\n|detailschange|p2b: Golurk|Golurk-Mega, L50, shiny\n|-mega|p2b: Golurk|Golurk|Golurkite\n|move|p2a: Farigiraf|Twin Beam|p1a: Artism\n|-immune|p1a: Artism\n|move|p2b: Golurk|Headlong Rush|p1b: Chucklenuts\n|-supereffective|p1b: Chucklenuts|1\n|-enditem|p1b: Chucklenuts|Focus Sash\n|-damage|p1b: Chucklenuts|1/100\n|-unboost|p2b: Golurk|def|1\n|-unboost|p2b: Golurk|spd|1\n|move|p1b: Chucklenuts|Gigaton Hammer|p2a: Farigiraf\n|-damage|p2a: Farigiraf|19/100\n|\n|-weather|Sandstorm|[upkeep]\n|-damage|p2a: Farigiraf|13/100|[from] Sandstorm\n|upkeep\n|turn|5\n|inactive|bushidobayleef has 30 seconds left.\n|inactive|SunTufo has 30 seconds left.\n|\n|t:|1776372592\n|switch|p1a: KILL PEOPLE|Tauros-Paldea-Aqua, L50, M|78/100\n|-ability|p1a: KILL PEOPLE|Intimidate|boost\n|-unboost|p2a: Farigiraf|atk|1\n|-unboost|p2b: Golurk|atk|1\n|move|p2a: Farigiraf|Twin Beam|p1b: Chucklenuts\n|-resisted|p1b: Chucklenuts|1\n|-damage|p1b: Chucklenuts|0 fnt\n|faint|p1b: Chucklenuts\n|-hitcount|p1: Chucklenuts|1\n|move|p2b: Golurk|Headlong Rush|p1a: KILL PEOPLE\n|-damage|p1a: KILL PEOPLE|21/100\n|-unboost|p2b: Golurk|def|1\n|-unboost|p2b: Golurk|spd|1\n|\n|-weather|none\n|upkeep\n|\n|t:|1776372609\n|switch|p1b: CosmicHorror|Glimmora, L50, F|100/100\n|turn|6\n|\n|t:|1776372618\n|switch|p2a: Incineroar|Incineroar, L50, M, shiny|89/100\n|-ability|p2a: Incineroar|Intimidate|boost\n|-unboost|p1a: KILL PEOPLE|atk|1\n|-unboost|p1b: CosmicHorror|atk|1\n|-enditem|p1a: KILL PEOPLE|White Herb\n|-clearnegativeboost|p1a: KILL PEOPLE|[silent]\n|switch|p2b: Conkeldurr|Conkeldurr, L50, M, shiny|100/100\n|detailschange|p1b: CosmicHorror|Glimmora-Mega, L50, F\n|-mega|p1b: CosmicHorror|Glimmora|Glimmoranite\n|move|p1a: KILL PEOPLE|Protect|p1a: KILL PEOPLE\n|-singleturn|p1a: KILL PEOPLE|Protect\n|move|p1b: CosmicHorror|Spiky Shield||[still]\n|-fail|p1b: CosmicHorror\n|\n|-fieldend|move: Trick Room\n|upkeep\n|turn|7\n|inactive|bushidobayleef has 30 seconds left.\n|inactive|bushidobayleef has 20 seconds left.\n|inactive|bushidobayleef has 15 seconds left.\n|\n|t:|1776372663\n|move|p1b: CosmicHorror|Spiky Shield|p1b: CosmicHorror\n|-singleturn|p1b: CosmicHorror|move: Protect\n|move|p2a: Incineroar|Fake Out|p1b: CosmicHorror\n|-activate|p1b: CosmicHorror|move: Protect\n|-damage|p2a: Incineroar|76/100|[from] Spiky Shield|[of] p1b: CosmicHorror\n|move|p1a: KILL PEOPLE|Wave Crash|p2a: Incineroar\n|-supereffective|p2a: Incineroar|1\n|-damage|p2a: Incineroar|0 fnt\n|faint|p2a: Incineroar\n|-damage|p1a: KILL PEOPLE|0 fnt|[from] Recoil\n|faint|p1a: KILL PEOPLE\n|move|p2b: Conkeldurr|Drain Punch|p1b: CosmicHorror\n|-activate|p1b: CosmicHorror|move: Protect\n|-damage|p2b: Conkeldurr|88/100|[from] Spiky Shield|[of] p1b: CosmicHorror\n|\n|upkeep\n|\n|t:|1776372681\n|switch|p1a: Artism|Tyranitar, L50, F|100/100\n|switch|p2a: Golurk|Golurk-Mega, L50, shiny|77/100\n|-weather|Sandstorm|[from] ability: Sand Stream|[of] p1a: Artism\n|turn|8\n|\n|t:|1776372698\n|move|p2a: Golurk|Protect|p2a: Golurk\n|-singleturn|p2a: Golurk|Protect\n|move|p1a: Artism|Knock Off|p2a: Golurk\n|-activate|p2a: Golurk|move: Protect\n|move|p1b: CosmicHorror|Sludge Wave|p2a: Golurk|[spread] p1a,p2b\n|-activate|p2a: Golurk|move: Protect\n|-resisted|p1a: Artism|1\n|-damage|p1a: Artism|84/100\n|-damage|p2b: Conkeldurr|23/100\n|-status|p1a: Artism|psn\n|move|p2b: Conkeldurr|Drain Punch|p1a: Artism\n|-supereffective|p1a: Artism|2\n|-damage|p1a: Artism|0 fnt\n|-heal|p2b: Conkeldurr|58/100|[from] drain|[of] p1a: Artism\n|faint|p1a: Artism\n|\n|-weather|Sandstorm|[upkeep]\n|-damage|p2b: Conkeldurr|51/100|[from] Sandstorm\n|upkeep\n|turn|9\n|inactive|bushidobayleef has 30 seconds left.\n|inactive|SunTufo has 30 seconds left.\n|inactive|SunTufo has 20 seconds left.\n|inactive|SunTufo has 15 seconds left.\n|\n|t:|1776372747\n|switch|p2b: Farigiraf|Farigiraf, L50, M, shiny|13/100\n|move|p1b: CosmicHorror|Spiky Shield|p1b: CosmicHorror\n|-singleturn|p1b: CosmicHorror|move: Protect\n|move|p2a: Golurk|Headlong Rush|p1b: CosmicHorror\n|-supereffective|p1b: CosmicHorror|2\n|-ability|p2a: Golurk|Unseen Fist\n|-zbroken|p1b: CosmicHorror\n|-damage|p1b: CosmicHorror|21/100\n|-unboost|p2a: Golurk|def|1\n|-unboost|p2a: Golurk|spd|1\n|\n|-weather|Sandstorm|[upkeep]\n|-damage|p2b: Farigiraf|7/100|[from] Sandstorm\n|upkeep\n|turn|10\n|inactive|bushidobayleef has 30 seconds left.\n|\n|t:|1776372774\n|switch|p2a: Conkeldurr|Conkeldurr, L50, M, shiny|51/100\n|move|p1b: CosmicHorror|Sludge Wave|p2b: Farigiraf|[spread] p2a,p2b\n|-damage|p2a: Conkeldurr|0 fnt\n|-damage|p2b: Farigiraf|0 fnt\n|faint|p2a: Conkeldurr\n|faint|p2b: Farigiraf\n|\n|-weather|Sandstorm|[upkeep]\n|upkeep\n|\n|t:|1776372782\n|switch|p2a: Golurk|Golurk-Mega, L50, shiny|77/100\n|turn|11\n|\n|t:|1776372801\n|move|p1b: CosmicHorror|Earth Power|p2a: Golurk\n|-damage|p2a: Golurk|49/100\n|move|p2a: Golurk|Headlong Rush|p1b: CosmicHorror\n|-supereffective|p1b: CosmicHorror|2\n|-damage|p1b: CosmicHorror|0 fnt\n|-unboost|p2a: Golurk|def|1\n|-unboost|p2a: Golurk|spd|1\n|faint|p1b: CosmicHorror\n|\n|win|SunTufo\n|raw|bushidobayleef's rating: 1302 &rarr; <strong>1280</strong><br />(-22 for losing)\n|raw|SunTufo's rating: 1266 &rarr; <strong>1294</strong><br />(+28 for winning)\n",
  "uploadtime": 1776372801,
  "views": 21,
  "formatid": "gen9championsvgc2026regma",
  "rating": 1280,
  "private": 0,
  "password": null
}