{
  "id": "gen9championsvgc2026regma-2582130249",
  "format": "[Gen 9 Champions] VGC 2026 Reg M-A",
  "players": [
    "GranolaBear",
    "Lauti dobro"
  ],
  "log": "|j|\u2606GranolaBear\n|j|\u2606Lauti dobro\n|t:|1776061870\n|gametype|doubles\n|player|p1|GranolaBear|bugcatcher-gen4dp|1126\n|player|p2|Lauti dobro|101|1126\n|gen|9\n|tier|[Gen 9 Champions] VGC 2026 Reg M-A\n|rated|\n|rule|Species Clause: Limit one of each Pok\u00e9mon\n|rule|Item Clause: Limit 1 of each item\n|clearpoke\n|poke|p1|Volcarona, L50, F|\n|poke|p1|Scizor, L50, F|\n|poke|p1|Kleavor, L50, F|\n|poke|p1|Araquanid, L50, F|\n|poke|p1|Pinsir, L50, M|\n|poke|p1|Vivillon, L50, F|\n|poke|p2|Sinistcha, L50|\n|poke|p2|Pelipper, L50, M|\n|poke|p2|Basculegion, L50, M|\n|poke|p2|Archaludon, L50, M|\n|poke|p2|Dragonite, L50, M|\n|poke|p2|Sneasler, L50, M|\n|teampreview|4\n|c|\u2606GranolaBear|Glhf\n|inactive|Battle timer is ON: inactive players will automatically lose when time's up. (requested by GranolaBear)\n|inactive|Lauti dobro has 60 seconds left.\n|\n|t:|1776061943\n|teamsize|p1|4\n|teamsize|p2|4\n|start\n|switch|p1a: Kleavor|Kleavor, L50, F|100/100\n|switch|p1b: Vivillon|Vivillon, L50, F|100/100\n|switch|p2a: Pelipper|Pelipper, L50, M|100/100\n|switch|p2b: Sneasler|Sneasler, L50, M, shiny|100/100\n|-ability|p2b: Sneasler|Pressure\n|-weather|RainDance|[from] ability: Drizzle|[of] p2a: Pelipper\n|turn|1\n|inactive|GranolaBear has 30 seconds left.\n|inactive|Lauti dobro has 30 seconds left.\n|\n|t:|1776061976\n|move|p2b: Sneasler|Fake Out|p1a: Kleavor\n|-resisted|p1a: Kleavor|1\n|-damage|p1a: Kleavor|91/100\n|cant|p1a: Kleavor|flinch\n|move|p1b: Vivillon|Sleep Powder|p2b: Sneasler\n|-status|p2b: Sneasler|slp|[from] move: Sleep Powder\n|move|p2a: Pelipper|Muddy Water|p1a: Kleavor|[spread] p1a,p1b\n|-supereffective|p1a: Kleavor|1\n|-damage|p1a: Kleavor|0 fnt\n|-damage|p1b: Vivillon|15/100\n|faint|p1a: Kleavor\n|\n|-weather|RainDance|[upkeep]\n|upkeep\n|\n|t:|1776061990\n|switch|p1a: Volcarona|Volcarona, L50, F|100/100\n|turn|2\n|inactive|Lauti dobro has 30 seconds left.\n|inactive|Lauti dobro has 20 seconds left.\n|\n|t:|1776062027\n|cant|p2b: Sneasler|slp\n|move|p1b: Vivillon|Sunny Day|p1b: Vivillon\n|-weather|SunnyDay\n|move|p1a: Volcarona|Heat Wave|p2a: Pelipper|[spread] p2b\n|-miss|p1a: Volcarona|p2a: Pelipper\n|-damage|p2b: Sneasler|10/100 slp\n|move|p2a: Pelipper|Hurricane|p1a: Volcarona\n|-supereffective|p1a: Volcarona|1\n|-damage|p1a: Volcarona|0 fnt\n|faint|p1a: Volcarona\n|\n|-weather|SunnyDay|[upkeep]\n|upkeep\n|\n|t:|1776062041\n|switch|p1a: Pinsir|Pinsir, L50, M|100/100\n|turn|3\n|\n|t:|1776062064\n|switch|p2b: Dragonite|Dragonite, L50, M|100/100\n|switch|p2a: Archaludon|Archaludon, L50, M, shiny|100/100\n|detailschange|p1a: Pinsir|Pinsir-Mega, L50, M\n|-mega|p1a: Pinsir|Pinsir|Pinsirite\n|move|p1b: Vivillon|Sleep Powder|p2a: Archaludon\n|-status|p2a: Archaludon|slp|[from] move: Sleep Powder\n|move|p1a: Pinsir|Body Slam|p2a: Archaludon\n|-resisted|p2a: Archaludon|1\n|-damage|p2a: Archaludon|76/100 slp\n|-ability|p2a: Archaludon|Stamina|boost\n|-boost|p2a: Archaludon|def|1\n|\n|-weather|SunnyDay|[upkeep]\n|-heal|p2a: Archaludon|82/100 slp|[from] item: Leftovers\n|upkeep\n|turn|4\n|inactive|GranolaBear has 30 seconds left.\n|inactive|Lauti dobro has 30 seconds left.\n|\n|t:|1776062098\n|switch|p2a: Pelipper|Pelipper, L50, M|100/100\n|-weather|RainDance|[from] ability: Drizzle|[of] p2a: Pelipper\n|detailschange|p2b: Dragonite|Dragonite-Mega, L50, M\n|-mega|p2b: Dragonite|Dragonite|Dragoninite\n|move|p1b: Vivillon|Sleep Powder|p2b: Dragonite\n|-status|p2b: Dragonite|slp|[from] move: Sleep Powder\n|cant|p2b: Dragonite|slp\n|move|p1a: Pinsir|Body Slam|p2b: Dragonite\n|-damage|p2b: Dragonite|70/100 slp\n|\n|-weather|RainDance|[upkeep]\n|upkeep\n|turn|5\n|\n|t:|1776062120\n|cant|p2b: Dragonite|slp\n|move|p2a: Pelipper|Protect|p2a: Pelipper\n|-singleturn|p2a: Pelipper|Protect\n|move|p1b: Vivillon|Sleep Powder|p2a: Pelipper\n|-activate|p2a: Pelipper|move: Protect\n|move|p1a: Pinsir|Body Slam|p2b: Dragonite\n|-damage|p2b: Dragonite|7/100 slp\n|\n|-weather|RainDance|[upkeep]\n|upkeep\n|turn|6\n|inactive|Lauti dobro has 30 seconds left.\n|inactive|Lauti dobro has 20 seconds left.\n|\n|t:|1776062158\n|switch|p2b: Sneasler|Sneasler, L50, M, shiny|10/100 slp\n|-ability|p2b: Sneasler|Pressure\n|switch|p2a: Archaludon|Archaludon, L50, M, shiny|82/100 slp\n|move|p1a: Pinsir|Quick Attack|p2b: Sneasler\n|-supereffective|p2b: Sneasler|1\n|-damage|p2b: Sneasler|0 fnt\n|faint|p2b: Sneasler\n|move|p1b: Vivillon|Sleep Powder|p2a: Archaludon|[miss]\n|-miss|p1b: Vivillon|p2a: Archaludon\n|\n|-weather|RainDance|[upkeep]\n|-heal|p2a: Archaludon|88/100 slp|[from] item: Leftovers\n|upkeep\n|\n|t:|1776062176\n|switch|p2b: Dragonite|Dragonite-Mega, L50, M|7/100 slp\n|turn|7\n|\n|t:|1776062196\n|switch|p2b: Pelipper|Pelipper, L50, M|100/100\n|move|p1a: Pinsir|Quick Attack|p2b: Pelipper\n|-damage|p2b: Pelipper|57/100\n|move|p1b: Vivillon|Sunny Day|p1b: Vivillon\n|-weather|SunnyDay\n|cant|p2a: Archaludon|slp\n|\n|-weather|SunnyDay|[upkeep]\n|-heal|p2a: Archaludon|94/100 slp|[from] item: Leftovers\n|upkeep\n|turn|8\n|\n|t:|1776062216\n|move|p2b: Pelipper|Protect|p2b: Pelipper\n|-singleturn|p2b: Pelipper|Protect\n|cant|p2a: Archaludon|slp\n|move|p1b: Vivillon|Sleep Powder|p2b: Pelipper\n|-activate|p2b: Pelipper|move: Protect\n|move|p1a: Pinsir|Earthquake|p2a: Archaludon|[spread] p2a\n|-activate|p2b: Pelipper|move: Protect\n|-immune|p1b: Vivillon\n|-supereffective|p2a: Archaludon|1\n|-damage|p2a: Archaludon|50/100 slp\n|-ability|p2a: Archaludon|Stamina|boost\n|-boost|p2a: Archaludon|def|1\n|\n|-weather|SunnyDay|[upkeep]\n|-heal|p2a: Archaludon|56/100 slp|[from] item: Leftovers\n|upkeep\n|turn|9\n|inactive|GranolaBear has 30 seconds left.\n|inactive|Lauti dobro has 30 seconds left.\n|\n|t:|1776062251\n|switch|p2b: Dragonite|Dragonite-Mega, L50, M|7/100 slp\n|-curestatus|p2a: Archaludon|slp|[msg]\n|move|p2a: Archaludon|Protect|p2a: Archaludon\n|-singleturn|p2a: Archaludon|Protect\n|move|p1b: Vivillon|Sleep Powder|p2b: Dragonite\n|-fail|p2b: Dragonite|slp\n|move|p1a: Pinsir|Earthquake|p2a: Archaludon|[spread] \n|-activate|p2a: Archaludon|move: Protect\n|-immune|p1b: Vivillon\n|-immune|p2b: Dragonite\n|\n|-weather|SunnyDay|[upkeep]\n|-heal|p2a: Archaludon|62/100|[from] item: Leftovers\n|upkeep\n|turn|10\n|inactive|Lauti dobro has 30 seconds left.\n|\n|t:|1776062284\n|switch|p2a: Pelipper|Pelipper, L50, M|57/100\n|-weather|RainDance|[from] ability: Drizzle|[of] p2a: Pelipper\n|-curestatus|p2b: Dragonite|slp|[msg]\n|move|p2b: Dragonite|Protect|p2b: Dragonite\n|-singleturn|p2b: Dragonite|Protect\n|move|p1a: Pinsir|Quick Attack|p2b: Dragonite\n|-activate|p2b: Dragonite|move: Protect\n|move|p1b: Vivillon|Sleep Powder|p2a: Pelipper\n|-status|p2a: Pelipper|slp|[from] move: Sleep Powder\n|\n|-weather|RainDance|[upkeep]\n|upkeep\n|turn|11\n|inactive|GranolaBear has 30 seconds left.\n|inactive|GranolaBear has 20 seconds left.\n|\n|t:|1776062322\n|move|p1a: Pinsir|Quick Attack|p2b: Dragonite\n|-damage|p2b: Dragonite|0 fnt\n|faint|p2b: Dragonite\n|move|p1b: Vivillon|Hurricane|p2a: Pelipper\n|-damage|p2a: Pelipper|0 fnt\n|faint|p2a: Pelipper\n|\n|-weather|RainDance|[upkeep]\n|upkeep\n|\n|t:|1776062331\n|switch|p2a: Archaludon|Archaludon, L50, M, shiny|62/100\n|turn|12\n|\n|t:|1776062344\n|move|p1b: Vivillon|Sleep Powder|p2a: Archaludon\n|-status|p2a: Archaludon|slp|[from] move: Sleep Powder\n|move|p1a: Pinsir|Earthquake|p2a: Archaludon|[spread] p2a\n|-immune|p1b: Vivillon\n|-supereffective|p2a: Archaludon|1\n|-damage|p2a: Archaludon|18/100 slp\n|-ability|p2a: Archaludon|Stamina|boost\n|-boost|p2a: Archaludon|def|1\n|cant|p2a: Archaludon|slp\n|\n|-weather|RainDance|[upkeep]\n|-heal|p2a: Archaludon|24/100 slp|[from] item: Leftovers\n|upkeep\n|turn|13\n|c|\u2606Lauti dobro|das ascpo\n|\n|t:|1776062359\n|cant|p2a: Archaludon|slp\n|move|p1b: Vivillon|Sunny Day|p1b: Vivillon\n|-weather|SunnyDay\n|move|p1a: Pinsir|Earthquake|p2a: Archaludon|[spread] p2a\n|-immune|p1b: Vivillon\n|-supereffective|p2a: Archaludon|1\n|-damage|p2a: Archaludon|0 fnt\n|faint|p2a: Archaludon\n|\n|win|GranolaBear\n|raw|GranolaBear's rating: 1126 &rarr; <strong>1151</strong><br />(+25 for winning)\n|raw|Lauti dobro's rating: 1126 &rarr; <strong>1101</strong><br />(-25 for losing)\n|l|\u2606Lauti dobro\n|player|p2|\n",
  "uploadtime": 1776062387,
  "views": 27,
  "formatid": "gen9championsvgc2026regma",
  "rating": 1101,
  "private": 0,
  "password": null
}