{
  "id": "gen9championsvgc2026regma-2587666028",
  "format": "[Gen 9 Champions] VGC 2026 Reg M-A",
  "players": [
    "Jeazoal",
    "YosiHavok2"
  ],
  "log": "|j|\u2606Jeazoal\n|j|\u2606YosiHavok2\n|t:|1776551863\n|gametype|doubles\n|player|p1|Jeazoal|pokemonranger-gen4|1064\n|player|p2|YosiHavok2|266|1140\n|gen|9\n|tier|[Gen 9 Champions] VGC 2026 Reg M-A\n|rated|\n|rule|Species Clause: Limit one of each Pok\u00e9mon\n|rule|Item Clause: Limit 1 of each item\n|clearpoke\n|poke|p1|Pelipper, L50, F|\n|poke|p1|Basculegion, L50, M|\n|poke|p1|Archaludon, L50, M|\n|poke|p1|Sinistcha, L50|\n|poke|p1|Dragonite, L50, F|\n|poke|p1|Sneasler, L50, F|\n|poke|p2|Golurk, L50|\n|poke|p2|Sableye, L50, M|\n|poke|p2|Hydreigon, L50, F|\n|poke|p2|Venusaur, L50, F|\n|poke|p2|Weavile, L50, F|\n|poke|p2|Aerodactyl, L50, M|\n|teampreview|4\nJeazoal rejected open team sheets.\n|\n|t:|1776551906\n|teamsize|p1|4\n|teamsize|p2|4\n|start\n|switch|p1a: Pelipper|Pelipper, L50, F|100/100\n|switch|p1b: Archaludon|Archaludon, L50, M|100/100\n|switch|p2a: Sableye|Sableye, L50, M|100/100\n|switch|p2b: Aerodactyl|Aerodactyl, L50, M|100/100\n|-ability|p2b: Aerodactyl|Unnerve\n|-weather|RainDance|[from] ability: Drizzle|[of] p1a: Pelipper\n|turn|1\n|\n|t:|1776551936\n|move|p1a: Pelipper|Protect|p1a: Pelipper\n|-singleturn|p1a: Pelipper|Protect\n|move|p1b: Archaludon|Protect|p1b: Archaludon\n|-singleturn|p1b: Archaludon|Protect\n|move|p2a: Sableye|Fake Out|p1a: Pelipper\n|-activate|p1a: Pelipper|move: Protect\n|move|p2b: Aerodactyl|Thunder Fang|p1a: Pelipper\n|-activate|p1a: Pelipper|move: Protect\n|\n|-weather|RainDance|[upkeep]\n|upkeep\n|turn|2\n|\n|t:|1776551975\n|move|p2a: Sableye|Light Screen|p2a: Sableye\n|-sidestart|p2: YosiHavok2|move: Light Screen\n|move|p2b: Aerodactyl|Dual Wingbeat|p1a: Pelipper\n|-damage|p1a: Pelipper|74/100\n|-damage|p1a: Pelipper|50/100\n|-hitcount|p1a: Pelipper|2\n|move|p1a: Pelipper|Weather Ball|p2b: Aerodactyl\n|-supereffective|p2b: Aerodactyl|1\n|-enditem|p2b: Aerodactyl|Passho Berry|[eat]\n|-enditem|p2b: Aerodactyl|Passho Berry|[weaken]\n|-damage|p2b: Aerodactyl|35/100\n|move|p1b: Archaludon|Electro Shot||[still]\n|-prepare|p1b: Archaludon|Electro Shot\n|-boost|p1b: Archaludon|spa|1\n|-anim|p1b: Archaludon|Electro Shot|p2b: Aerodactyl\n|-supereffective|p2b: Aerodactyl|1\n|-damage|p2b: Aerodactyl|0 fnt\n|faint|p2b: Aerodactyl\n|\n|-weather|RainDance|[upkeep]\n|upkeep\n|\n|t:|1776552001\n|switch|p2b: Weavile|Weavile, L50, F|100/100\n|turn|3\n|\n|t:|1776552018\n|move|p1a: Pelipper|Protect|p1a: Pelipper\n|-singleturn|p1a: Pelipper|Protect\n|move|p2b: Weavile|Ice Spinner|p1a: Pelipper\n|-activate|p1a: Pelipper|move: Protect\n|move|p1b: Archaludon|Flash Cannon|p2b: Weavile\n|-supereffective|p2b: Weavile|1\n|-damage|p2b: Weavile|2/100\n|-unboost|p2b: Weavile|spd|1\n|move|p2a: Sableye|Drain Punch|p1b: Archaludon\n|-supereffective|p1b: Archaludon|1\n|-damage|p1b: Archaludon|80/100\n|-ability|p1b: Archaludon|Stamina|boost\n|-boost|p1b: Archaludon|def|1\n|\n|-weather|RainDance|[upkeep]\n|-heal|p1b: Archaludon|86/100|[from] item: Leftovers\n|upkeep\n|turn|4\n|\n|t:|1776552065\n|switch|p1a: Sinistcha|Sinistcha, L50|100/100\n|-heal|p1b: Archaludon|100/100|[from] ability: Hospitality|[of] p1a: Sinistcha\n|move|p2b: Weavile|Ice Spinner|p1a: Sinistcha\n|-supereffective|p1a: Sinistcha|1\n|-damage|p1a: Sinistcha|25/100\n|-enditem|p1a: Sinistcha|Sitrus Berry|[eat]\n|-heal|p1a: Sinistcha|50/100|[from] item: Sitrus Berry\n|move|p1b: Archaludon|Electro Shot||[still]\n|-prepare|p1b: Archaludon|Electro Shot\n|-boost|p1b: Archaludon|spa|1\n|-anim|p1b: Archaludon|Electro Shot|p2b: Weavile\n|-damage|p2b: Weavile|0 fnt\n|faint|p2b: Weavile\n|move|p2a: Sableye|Drain Punch|p1b: Archaludon\n|-supereffective|p1b: Archaludon|1\n|-damage|p1b: Archaludon|86/100\n|-ability|p1b: Archaludon|Stamina|boost\n|-boost|p1b: Archaludon|def|1\n|\n|-weather|RainDance|[upkeep]\n|-heal|p1b: Archaludon|92/100|[from] item: Leftovers\n|upkeep\n|\n|t:|1776552086\n|switch|p2b: Golurk|Golurk, L50|100/100\n|turn|5\n|\n|t:|1776552109\n|detailschange|p2b: Golurk|Golurk-Mega, L50\n|-mega|p2b: Golurk|Golurk|Golurkite\n|move|p1b: Archaludon|Protect|p1b: Archaludon\n|-singleturn|p1b: Archaludon|Protect\n|move|p2a: Sableye|Quash|p1a: Sinistcha\n|-activate|p1a: Sinistcha|move: Quash\n|move|p2b: Golurk|Ice Punch|p1a: Sinistcha\n|-supereffective|p1a: Sinistcha|1\n|-damage|p1a: Sinistcha|0 fnt\n|faint|p1a: Sinistcha\n|\n|-weather|none\n|-heal|p1b: Archaludon|98/100|[from] item: Leftovers\n|upkeep\n|\n|t:|1776552128\n|switch|p1a: Basculegion|Basculegion, L50, M|100/100\n|turn|6\n|\n|t:|1776552136\n|switch|p1b: Pelipper|Pelipper, L50, F|50/100\n|-weather|RainDance|[from] ability: Drizzle|[of] p1b: Pelipper\n|move|p2a: Sableye|Quash|p1a: Basculegion\n|-activate|p1a: Basculegion|move: Quash\n|move|p2b: Golurk|Poltergeist|p1a: Basculegion|[miss]\n|-miss|p2b: Golurk|p1a: Basculegion\n|move|p1a: Basculegion|Wave Crash|p2b: Golurk\n|-supereffective|p2b: Golurk|1\n|-crit|p2b: Golurk\n|-damage|p2b: Golurk|0 fnt\n|faint|p2b: Golurk\n|-damage|p1a: Basculegion|67/100|[from] Recoil\n|\n|-weather|RainDance|[upkeep]\n|-sideend|p2: YosiHavok2|move: Light Screen\n|upkeep\n|turn|7\n|-message|YosiHavok2 forfeited.\n|\n|win|Jeazoal\n|raw|Jeazoal's rating: 1064 &rarr; <strong>1101</strong><br />(+37 for winning)\n|raw|YosiHavok2's rating: 1140 &rarr; <strong>1110</strong><br />(-30 for losing)\n|l|\u2606YosiHavok2\n|player|p2|\n",
  "uploadtime": 1776552222,
  "views": 18,
  "formatid": "gen9championsvgc2026regma",
  "rating": 1101,
  "private": 0,
  "password": null
}