{
  "id": "gen9championsvgc2026regma-2585654626",
  "format": "[Gen 9 Champions] VGC 2026 Reg M-A",
  "players": [
    "geveele",
    "TORKOAL2209"
  ],
  "log": "|j|\u2606geveele\n|j|\u2606TORKOAL2209\n|t:|1776361544\n|gametype|doubles\n|player|p1|geveele|cynthia-gen4|1073\n|player|p2|TORKOAL2209|n|1000\n|gen|9\n|tier|[Gen 9 Champions] VGC 2026 Reg M-A\n|rated|\n|rule|Species Clause: Limit one of each Pok\u00e9mon\n|rule|Item Clause: Limit 1 of each item\n|clearpoke\n|poke|p1|Lucario, L50, M|\n|poke|p1|Gyarados, L50, F|\n|poke|p1|Altaria, L50, F|\n|poke|p1|Clefable, L50, F|\n|poke|p1|Incineroar, L50, M|\n|poke|p1|Alakazam, L50, F|\n|poke|p2|Blastoise, L50, F|\n|poke|p2|Pelipper, L50, M|\n|poke|p2|Sneasler, L50, F|\n|poke|p2|Basculegion, L50, M|\n|poke|p2|Dragonite, L50, M|\n|poke|p2|Whimsicott, L50, M|\n|teampreview|4\n|inactive|Battle timer is ON: inactive players will automatically lose when time's up. (requested by TORKOAL2209)\n|\n|t:|1776361590\n|teamsize|p1|4\n|teamsize|p2|4\n|start\n|switch|p1a: Altaria|Altaria, L50, F|100/100\n|switch|p1b: Alakazam|Alakazam, L50, F|100/100\n|switch|p2a: Sneasler|Sneasler, L50, F|100/100\n|switch|p2b: Blastoise|Blastoise, L50, F|100/100\n|-ability|p1a: Altaria|Cloud Nine\n|turn|1\n|\n|t:|1776361604\n|detailschange|p2b: Blastoise|Blastoise-Mega, L50, F\n|-mega|p2b: Blastoise|Blastoise|Blastoisinite\n|move|p1a: Altaria|Protect|p1a: Altaria\n|-singleturn|p1a: Altaria|Protect\n|move|p2a: Sneasler|Fake Out|p1a: Altaria\n|-activate|p1a: Altaria|move: Protect\n|move|p1b: Alakazam|Psychic|p2a: Sneasler\n|-supereffective|p2a: Sneasler|2\n|-damage|p2a: Sneasler|0 fnt\n|faint|p2a: Sneasler\n|move|p2b: Blastoise|Shell Smash|p2b: Blastoise\n|-unboost|p2b: Blastoise|def|1\n|-unboost|p2b: Blastoise|spd|1\n|-boost|p2b: Blastoise|atk|2\n|-boost|p2b: Blastoise|spa|2\n|-boost|p2b: Blastoise|spe|2\n|\n|upkeep\n|\n|t:|1776361620\n|switch|p2a: Pelipper|Pelipper, L50, M|100/100\n|-weather|RainDance|[from] ability: Drizzle|[of] p2a: Pelipper\n|turn|2\n|\n|t:|1776361640\n|move|p2b: Blastoise|Water Spout|p1a: Altaria|[spread] p1a,p1b\n|-resisted|p1a: Altaria|1\n|-damage|p1a: Altaria|33/100\n|-damage|p1b: Alakazam|0 fnt\n|faint|p1b: Alakazam\n|move|p1a: Altaria|Dragon Pulse|p2b: Blastoise\n|-crit|p2b: Blastoise\n|-damage|p2b: Blastoise|31/100\n|move|p2a: Pelipper|Tailwind|p2a: Pelipper\n|-sidestart|p2: TORKOAL2209|move: Tailwind\n|\n|-weather|RainDance|[upkeep]\n|upkeep\n|\n|t:|1776361651\n|switch|p1b: Incineroar|Incineroar, L50, M|100/100\n|-ability|p1b: Incineroar|Intimidate|boost\n|-unboost|p2a: Pelipper|atk|1\n|-unboost|p2b: Blastoise|atk|1\n|turn|3\n|\n|t:|1776361666\n|move|p1b: Incineroar|Fake Out|p2b: Blastoise\n|-damage|p2b: Blastoise|16/100\n|cant|p2b: Blastoise|flinch\n|move|p2a: Pelipper|Hurricane|p1a: Altaria|[miss]\n|-miss|p2a: Pelipper|p1a: Altaria\n|move|p1a: Altaria|Hyper Voice|p2b: Blastoise|[spread] p2a,p2b\n|-damage|p2a: Pelipper|79/100\n|-damage|p2b: Blastoise|0 fnt\n|faint|p2b: Blastoise\n|\n|-weather|RainDance|[upkeep]\n|upkeep\n|\n|t:|1776361676\n|switch|p2b: Dragonite|Dragonite, L50, M|100/100\n|turn|4\n|inactive|geveele has 30 seconds left.\n|\n|t:|1776361702\n|switch|p1a: Gyarados|Gyarados, L50, F|100/100\n|-ability|p1a: Gyarados|Intimidate|boost\n|-unboost|p2a: Pelipper|atk|1\n|-unboost|p2b: Dragonite|atk|1\n|move|p2b: Dragonite|Hurricane|p1a: Gyarados\n|-damage|p1a: Gyarados|62/100\n|move|p2a: Pelipper|Hurricane|p1b: Incineroar\n|-damage|p1b: Incineroar|67/100\n|move|p1b: Incineroar|Parting Shot|p2b: Dragonite\n|-unboost|p2b: Dragonite|atk|1\n|-unboost|p2b: Dragonite|spa|1\n|\n|t:|1776361717\n|switch|p1b: Altaria|Altaria, L50, F|33/100|[from] Parting Shot\n|-ability|p1b: Altaria|Cloud Nine\n|\n|-weather|RainDance|[upkeep]\n|upkeep\n|turn|5\n|\n|t:|1776361733\n|move|p1b: Altaria|Protect|p1b: Altaria\n|-singleturn|p1b: Altaria|Protect\n|move|p2a: Pelipper|Wide Guard|p2a: Pelipper\n|-singleturn|p2a: Pelipper|Wide Guard\n|move|p2b: Dragonite|Draco Meteor|p1b: Altaria\n|-activate|p1b: Altaria|move: Protect\n|move|p1a: Gyarados|Thunder Wave|p2a: Pelipper\n|-status|p2a: Pelipper|par\n|\n|-weather|RainDance|[upkeep]\n|-sideend|p2: TORKOAL2209|move: Tailwind\n|upkeep\n|turn|6\n|\n|t:|1776361754\n|switch|p1b: Incineroar|Incineroar, L50, M|67/100\n|-ability|p1b: Incineroar|Intimidate|boost\n|-unboost|p2a: Pelipper|atk|1\n|-unboost|p2b: Dragonite|atk|1\n|move|p2b: Dragonite|Draco Meteor|p1a: Gyarados\n|-damage|p1a: Gyarados|28/100\n|-unboost|p2b: Dragonite|spa|2\n|move|p1a: Gyarados|Thunder Wave|p2b: Dragonite\n|-status|p2b: Dragonite|par\n|move|p2a: Pelipper|Hurricane|p1b: Incineroar\n|-damage|p1b: Incineroar|33/100\n|-enditem|p1b: Incineroar|Sitrus Berry|[eat]\n|-heal|p1b: Incineroar|57/100|[from] item: Sitrus Berry\n|\n|-weather|none\n|upkeep\n|turn|7\n|-message|TORKOAL2209 forfeited.\n|\n|win|geveele\n|raw|geveele's rating: 1073 &rarr; <strong>1096</strong><br />(+23 for winning)\n|raw|TORKOAL2209's rating: 1000 &rarr; <strong>1000</strong><br />(+0 for losing)\n|l|\u2606TORKOAL2209\n|player|p2|\n",
  "uploadtime": 1776361869,
  "views": 25,
  "formatid": "gen9championsvgc2026regma",
  "rating": 1000,
  "private": 0,
  "password": null
}