{
  "id": "gen9championsvgc2026regma-2589437364",
  "format": "[Gen 9 Champions] VGC 2026 Reg M-A",
  "players": [
    "ohko_charjabug",
    "Warehouse User"
  ],
  "log": "|j|\u2606ohko_charjabug\n|j|\u2606Warehouse User\n|t:|1776722889\n|gametype|doubles\n|player|p1|ohko_charjabug|sophocles|1169\n|player|p2|Warehouse User|265|1089\n|gen|9\n|tier|[Gen 9 Champions] VGC 2026 Reg M-A\n|rated|\n|rule|Species Clause: Limit one of each Pok\u00e9mon\n|rule|Item Clause: Limit 1 of each item\n|clearpoke\n|poke|p1|Krookodile, L50, M, shiny|\n|poke|p1|Orthworm, L50, M|\n|poke|p1|Dragonite, L50, M, shiny|\n|poke|p1|Pelipper, L50, F|\n|poke|p1|Maushold-Four, L50|\n|poke|p1|Tinkaton, L50, F|\n|poke|p2|Aegislash, L50, F|\n|poke|p2|Maushold-Four, L50|\n|poke|p2|Azumarill, L50, M|\n|poke|p2|Whimsicott, L50, M|\n|poke|p2|Glimmora, L50, F|\n|poke|p2|Castform, L50, F|\n|teampreview|4\n|\n|t:|1776722928\n|teamsize|p1|4\n|teamsize|p2|4\n|start\n|switch|p1a: Crocodile|Krookodile, L50, M, shiny|100/100\n|switch|p1b: Peter|Orthworm, L50, M|100/100\n|switch|p2a: Glimmora|Glimmora, L50, F|100/100\n|switch|p2b: Maushold|Maushold-Four, L50|100/100\n|-ability|p1a: Crocodile|Intimidate|boost\n|-unboost|p2a: Glimmora|atk|1\n|-unboost|p2b: Maushold|atk|1\n|turn|1\n|\n|t:|1776722955\n|detailschange|p2a: Glimmora|Glimmora-Mega, L50, F\n|-mega|p2a: Glimmora|Glimmora|Glimmoranite\n|move|p2b: Maushold|Helping Hand|p2a: Glimmora\n|-singleturn|p2a: Glimmora|Helping Hand|[of] p2b: Maushold\n|move|p1a: Crocodile|Earthquake|p2a: Glimmora|[spread] p2a,p2b\n|-immune|p1b: Peter|[from] ability: Earth Eater\n|-supereffective|p2a: Glimmora|2\n|-damage|p2a: Glimmora|0 fnt\n|-damage|p2b: Maushold|54/100\n|faint|p2a: Glimmora\n|move|p1b: Peter|Shed Tail|p1b: Peter\n|-start|p1b: Peter|Substitute|[from] move: Shed Tail\n|-damage|p1b: Peter|50/100\n|-enditem|p1b: Peter|Sitrus Berry|[eat]\n|-heal|p1b: Peter|75/100|[from] item: Sitrus Berry\n|\n|t:|1776722978\n|switch|p1b: Monkey D. Dragon|Dragonite, L50, M, shiny|100/100|[from] Shed Tail\n|\n|upkeep\n|\n|t:|1776722985\n|switch|p2a: Azumarill|Azumarill, L50, M|100/100\n|turn|2\n|\n|t:|1776722996\n|switch|p1a: USOPP HAMMAH|Tinkaton, L50, F|100/100\n|-ability|p1a: USOPP HAMMAH|Mold Breaker\n|detailschange|p1b: Monkey D. Dragon|Dragonite-Mega, L50, M, shiny\n|-mega|p1b: Monkey D. Dragon|Dragonite|Dragoninite\n|move|p2b: Maushold|Protect|p2b: Maushold\n|-singleturn|p2b: Maushold|Protect\n|move|p1b: Monkey D. Dragon|Dragon Pulse|p2b: Maushold\n|-activate|p2b: Maushold|move: Protect\n|move|p2a: Azumarill|Belly Drum|p2a: Azumarill\n|-damage|p2a: Azumarill|51/100\n|-setboost|p2a: Azumarill|atk|6|[from] move: Belly Drum\n|\n|upkeep\n|turn|3\n|\n|t:|1776723016\n|move|p1a: USOPP HAMMAH|Fake Out|p2a: Azumarill\n|-damage|p2a: Azumarill|43/100\n|-enditem|p2a: Azumarill|Sitrus Berry|[eat]\n|-heal|p2a: Azumarill|68/100|[from] item: Sitrus Berry\n|cant|p2a: Azumarill|flinch\n|move|p2b: Maushold|Super Fang|p1b: Monkey D. Dragon\n|-end|p1b: Monkey D. Dragon|Substitute\n|move|p1b: Monkey D. Dragon|Dragon Pulse|p2b: Maushold\n|-damage|p2b: Maushold|0 fnt\n|faint|p2b: Maushold\n|\n|upkeep\n|\n|t:|1776723021\n|switch|p2b: Whimsicott|Whimsicott, L50, M|100/100\n|turn|4\n|\n|t:|1776723033\n|move|p2b: Whimsicott|Tailwind|p2b: Whimsicott\n|-sidestart|p2: Warehouse User|move: Tailwind\n|move|p1b: Monkey D. Dragon|Thunder|p2a: Azumarill\n|-supereffective|p2a: Azumarill|1\n|-damage|p2a: Azumarill|0 fnt\n|faint|p2a: Azumarill\n|move|p1a: USOPP HAMMAH|Gigaton Hammer|p2b: Whimsicott\n|-supereffective|p2b: Whimsicott|1\n|-enditem|p2b: Whimsicott|Focus Sash\n|-damage|p2b: Whimsicott|1/100\n|\n|upkeep\n|turn|5\n|\n|t:|1776723048\n|move|p1b: Monkey D. Dragon|Protect|p1b: Monkey D. Dragon\n|-singleturn|p1b: Monkey D. Dragon|Protect\n|move|p2b: Whimsicott|Moonblast|p1a: USOPP HAMMAH\n|-resisted|p1a: USOPP HAMMAH|1\n|-damage|p1a: USOPP HAMMAH|84/100\n|move|p1a: USOPP HAMMAH|Encore|p2b: Whimsicott\n|-start|p2b: Whimsicott|Encore\n|\n|upkeep\n|turn|6\n|\n|t:|1776723052\n|move|p2b: Whimsicott|Moonblast|p1b: Monkey D. Dragon\n|-supereffective|p1b: Monkey D. Dragon|1\n|-damage|p1b: Monkey D. Dragon|67/100\n|move|p1b: Monkey D. Dragon|Hurricane|p2b: Whimsicott\n|-supereffective|p2b: Whimsicott|1\n|-damage|p2b: Whimsicott|0 fnt\n|faint|p2b: Whimsicott\n|\n|win|ohko_charjabug\n|raw|ohko_charjabug's rating: 1169 &rarr; <strong>1188</strong><br />(+19 for winning)\n|raw|Warehouse User's rating: 1089 &rarr; <strong>1071</strong><br />(-18 for losing)\n",
  "uploadtime": 1776723059,
  "views": 4,
  "formatid": "gen9championsvgc2026regma",
  "rating": 1071,
  "private": 0,
  "password": null
}