{
  "id": "gen9championsvgc2026regma-2580575588",
  "format": "[Gen 9 Champions] VGC 2026 Reg M-A",
  "players": [
    "BeegYoshi83",
    "250Volts"
  ],
  "log": "|j|\u2606BeegYoshi83\n|j|\u2606250Volts\n|t:|1775914508\n|gametype|doubles\n|player|p1|BeegYoshi83|hiker-gen4|1025\n|player|p2|250Volts|170|1076\n|gen|9\n|tier|[Gen 9 Champions] VGC 2026 Reg M-A\n|rated|\n|rule|Species Clause: Limit one of each Pok\u00e9mon\n|rule|Item Clause: Limit 1 of each item\n|clearpoke\n|poke|p1|Basculegion, L50, M|\n|poke|p1|Maushold-Four, L50|\n|poke|p1|Pelipper, L50, F|\n|poke|p1|Primarina, L50, F|\n|poke|p1|Archaludon, L50, M|\n|poke|p1|Meganium, L50, M|\n|poke|p2|Oranguru, L50, F|\n|poke|p2|Gardevoir, L50, M|\n|poke|p2|Conkeldurr, L50, F|\n|poke|p2|Sinistcha, L50|\n|poke|p2|Maushold, L50|\n|poke|p2|Golurk, L50|\n|teampreview|4\n|inactive|Battle timer is ON: inactive players will automatically lose when time's up. (requested by BeegYoshi83)\n|\n|t:|1775914536\n|teamsize|p1|4\n|teamsize|p2|4\n|start\n|switch|p1a: Pelipper|Pelipper, L50, F|100/100\n|switch|p1b: Meganium|Meganium, L50, M|100/100\n|switch|p2a: Oranguru|Oranguru, L50, F|100/100\n|switch|p2b: Maushold|Maushold, L50|100/100\n|-weather|RainDance|[from] ability: Drizzle|[of] p1a: Pelipper\n|turn|1\n|c|\u2606250Volts|Fellow maushold enjoyer\n|\n|t:|1775914561\n|detailschange|p1b: Meganium|Meganium-Mega, L50, M\n|-mega|p1b: Meganium|Meganium|Meganiumite\n|move|p2b: Maushold|Population Bomb|p1b: Meganium|[miss]\n|-miss|p2b: Maushold|p1b: Meganium\n|move|p1a: Pelipper|Weather Ball|p2b: Maushold\n|-damage|p2b: Maushold|23/100\n|move|p1b: Meganium|Dazzling Gleam|p2b: Maushold|[spread] p2a,p2b\n|-damage|p2a: Oranguru|75/100\n|-damage|p2b: Maushold|0 fnt\n|faint|p2b: Maushold\n|move|p2a: Oranguru|Instruct|p2: Maushold|[notarget]\n|-fail|p2a: Oranguru\n|\n|-weather|RainDance|[upkeep]\n|upkeep\n|c|\u2606250Volts|You gotta be kidding me lmao\n|inactive|250Volts has 30 seconds left.\n|c|\u2606250Volts|We need wide lens so bad\n|inactive|250Volts has 20 seconds left.\n|inactive|250Volts has 15 seconds left.\n|\n|t:|1775914601\n|switch|p2b: Sinistcha|Sinistcha, L50|100/100\n|-heal|p2a: Oranguru|99/100|[from] ability: Hospitality|[of] p2b: Sinistcha\n|turn|2\n|\n|t:|1775914617\n|move|p2b: Sinistcha|Rage Powder|p2b: Sinistcha\n|-singleturn|p2b: Sinistcha|move: Rage Powder\n|move|p1a: Pelipper|Weather Ball|p2b: Sinistcha\n|-resisted|p2b: Sinistcha|1\n|-damage|p2b: Sinistcha|79/100\n|move|p1b: Meganium|Weather Ball|p2b: Sinistcha\n|-supereffective|p2b: Sinistcha|1\n|-damage|p2b: Sinistcha|47/100\n|move|p2a: Oranguru|Trick Room|p2a: Oranguru\n|-fieldstart|move: Trick Room|[of] p2a: Oranguru\n|\n|-weather|RainDance|[upkeep]\n|-heal|p2b: Sinistcha|53/100|[from] item: Leftovers\n|upkeep\n|turn|3\n|\n|t:|1775914635\n|move|p2b: Sinistcha|Rage Powder|p2b: Sinistcha\n|-singleturn|p2b: Sinistcha|move: Rage Powder\n|move|p2a: Oranguru|Hyper Voice|p1a: Pelipper|[spread] p1a,p1b\n|-damage|p1a: Pelipper|65/100\n|-damage|p1b: Meganium|84/100\n|move|p1b: Meganium|Dazzling Gleam|p2a: Oranguru|[spread] p2a,p2b\n|-damage|p2a: Oranguru|74/100\n|-damage|p2b: Sinistcha|26/100\n|move|p1a: Pelipper|Hurricane|p2b: Sinistcha\n|-supereffective|p2b: Sinistcha|1\n|-damage|p2b: Sinistcha|0 fnt\n|faint|p2b: Sinistcha\n|\n|-weather|RainDance|[upkeep]\n|upkeep\n|\n|t:|1775914644\n|switch|p2b: Gardevoir|Gardevoir, L50, M|100/100\n|turn|4\n|\n|t:|1775914656\n|detailschange|p2b: Gardevoir|Gardevoir-Mega, L50, M\n|-mega|p2b: Gardevoir|Gardevoir|Gardevoirite\n|move|p2a: Oranguru|Psychic Terrain|p2a: Oranguru\n|-fieldstart|move: Psychic Terrain\n|move|p1b: Meganium|Solar Beam||[still]\n|-prepare|p1b: Meganium|Solar Beam\n|-activate|p1b: Meganium|ability: Mega Sol\n|-anim|p1b: Meganium|Solar Beam|p2a: Oranguru\n|-damage|p2a: Oranguru|20/100\n|move|p2b: Gardevoir|Expanding Force|p1b: Meganium|[spread] p1a,p1b\n|-damage|p1a: Pelipper|0 fnt\n|-damage|p1b: Meganium|22/100\n|faint|p1a: Pelipper\n|\n|-weather|RainDance|[upkeep]\n|upkeep\n|\n|t:|1775914674\n|switch|p1a: Basculegion|Basculegion, L50, M|100/100\n|turn|5\n|\n|t:|1775914683\n|move|p1a: Basculegion|Protect|p1a: Basculegion\n|-singleturn|p1a: Basculegion|Protect\n|move|p2a: Oranguru|Instruct|p2b: Gardevoir\n|-singleturn|p2b: Gardevoir|move: Instruct|[of] p2a: Oranguru\n|move|p2b: Gardevoir|Expanding Force|p1b: Meganium|[spread] p1b\n|-activate|p1a: Basculegion|move: Protect\n|-damage|p1b: Meganium|0 fnt\n|faint|p1b: Meganium\n|move|p2b: Gardevoir|Expanding Force|p1a: Basculegion\n|-activate|p1a: Basculegion|move: Protect\n|\n|-weather|none\n|upkeep\n|\n|t:|1775914696\n|switch|p1b: Maushold|Maushold-Four, L50|100/100\n|turn|6\n|\n|t:|1775914707\n|move|p2a: Oranguru|Instruct|p2b: Gardevoir\n|-singleturn|p2b: Gardevoir|move: Instruct|[of] p2a: Oranguru\n|move|p2b: Gardevoir|Expanding Force|p1b: Maushold|[spread] p1a,p1b\n|-damage|p1a: Basculegion|35/100\n|-damage|p1b: Maushold|4/100\n|move|p2b: Gardevoir|Expanding Force|p1a: Basculegion|[spread] p1a,p1b\n|-damage|p1a: Basculegion|0 fnt\n|-damage|p1b: Maushold|0 fnt\n|faint|p1a: Basculegion\n|faint|p1b: Maushold\n|\n|win|250Volts\n|raw|BeegYoshi83's rating: 1025 &rarr; <strong>1013</strong><br />(-12 for losing)\n|raw|250Volts's rating: 1076 &rarr; <strong>1100</strong><br />(+24 for winning)\n|l|\u2606BeegYoshi83\n|player|p1|\n",
  "uploadtime": 1775914719,
  "views": 13,
  "formatid": "gen9championsvgc2026regma",
  "rating": 1013,
  "private": 0,
  "password": null
}