{
  "id": "gen9championsvgc2026regma-2584070969",
  "format": "[Gen 9 Champions] VGC 2026 Reg M-A",
  "players": [
    "TheMoonestOne",
    "MrTonegawa"
  ],
  "log": "|j|\u2606TheMoonestOne\n|j|\u2606MrTonegawa\n|t:|1776222182\n|gametype|doubles\n|player|p1|TheMoonestOne|169|1091\n|player|p2|MrTonegawa|giovanni|1128\n|gen|9\n|tier|[Gen 9 Champions] VGC 2026 Reg M-A\n|rated|\n|rule|Species Clause: Limit one of each Pok\u00e9mon\n|rule|Item Clause: Limit 1 of each item\n|clearpoke\n|poke|p1|Meganium, L50, M|\n|poke|p1|Farigiraf, L50, F|\n|poke|p1|Aurorus, L50, M|\n|poke|p1|Goodra-Hisui, L50, F|\n|poke|p1|Mimikyu, L50, F|\n|poke|p1|Scovillain, L50, F|\n|poke|p2|Farigiraf, L50, F|\n|poke|p2|Goodra-Hisui, L50, M|\n|poke|p2|Sinistcha, L50|\n|poke|p2|Toxapex, L50, M|\n|poke|p2|Basculegion, L50, M|\n|poke|p2|Aerodactyl, L50, F|\n|teampreview|4\n|\n|t:|1776222272\n|teamsize|p1|4\n|teamsize|p2|4\n|start\n|switch|p1a: Aura Neck|Aurorus, L50, M|100/100\n|switch|p1b: Double Neck|Scovillain, L50, F|100/100\n|switch|p2a: Farigiraf|Farigiraf, L50, F|100/100\n|switch|p2b: Toxapex|Toxapex, L50, M|100/100\n|-weather|Snowscape|[from] ability: Snow Warning|[of] p1a: Aura Neck\n|turn|1\n|\n|t:|1776222305\n|detailschange|p1b: Double Neck|Scovillain-Mega, L50, F\n|-mega|p1b: Double Neck|Scovillain|Scovillainite\n|move|p2b: Toxapex|Wide Guard|p2b: Toxapex\n|-singleturn|p2b: Toxapex|Wide Guard\n|move|p1b: Double Neck|Rage Powder|p1b: Double Neck\n|-singleturn|p1b: Double Neck|move: Rage Powder\n|move|p1a: Aura Neck|Aurora Veil|p1a: Aura Neck\n|-sidestart|p1: TheMoonestOne|move: Aurora Veil\n|move|p2a: Farigiraf|Trick Room|p2a: Farigiraf\n|-fieldstart|move: Trick Room|[of] p2a: Farigiraf\n|\n|-weather|Snowscape|[upkeep]\n|upkeep\n|turn|2\n|\n|t:|1776222331\n|move|p2a: Farigiraf|Protect|p2a: Farigiraf\n|-singleturn|p2a: Farigiraf|Protect\n|move|p2b: Toxapex|Toxic|p1b: Double Neck\n|-status|p1b: Double Neck|tox\n|move|p1a: Aura Neck|Blizzard|p2b: Toxapex|[spread] p2b\n|-activate|p2a: Farigiraf|move: Protect\n|-resisted|p2b: Toxapex|1\n|-damage|p2b: Toxapex|87/100\n|-status|p2b: Toxapex|frz\n|move|p1b: Double Neck|Super Fang|p2b: Toxapex\n|-damage|p2b: Toxapex|44/100 frz\n|\n|-weather|Snowscape|[upkeep]\n|-heal|p2b: Toxapex|50/100 frz|[from] item: Leftovers\n|-damage|p1b: Double Neck|95/100 tox|[from] psn\n|upkeep\n|turn|3\n|\n|t:|1776222365\n|-curestatus|p2b: Toxapex|frz|[msg]\n|move|p2b: Toxapex|Baneful Bunker|p2b: Toxapex\n|-singleturn|p2b: Toxapex|move: Protect\n|move|p1a: Aura Neck|Earth Power|p2b: Toxapex\n|-activate|p2b: Toxapex|move: Protect\n|move|p2a: Farigiraf|Imprison|p2a: Farigiraf\n|-start|p2a: Farigiraf|move: Imprison\n|move|p1b: Double Neck|Spicy Extract|p2a: Farigiraf\n|-boost|p2a: Farigiraf|atk|2\n|-unboost|p2a: Farigiraf|def|2\n|\n|-weather|Snowscape|[upkeep]\n|-heal|p2b: Toxapex|55/100|[from] item: Leftovers\n|-damage|p1b: Double Neck|83/100 tox|[from] psn\n|upkeep\n|turn|4\n|\n|t:|1776222404\n|move|p2a: Farigiraf|Protect|p2a: Farigiraf\n|-singleturn|p2a: Farigiraf|Protect\n|move|p2b: Toxapex|Chilling Water|p1a: Aura Neck\n|-supereffective|p1a: Aura Neck|1\n|-crit|p1a: Aura Neck\n|-damage|p1a: Aura Neck|79/100\n|-unboost|p1a: Aura Neck|atk|1\n|move|p1a: Aura Neck|Earth Power|p2b: Toxapex\n|-supereffective|p2b: Toxapex|1\n|-damage|p2b: Toxapex|18/100\n|move|p1b: Double Neck|Super Fang|p2b: Toxapex\n|-damage|p2b: Toxapex|9/100\n|\n|-weather|Snowscape|[upkeep]\n|-heal|p2b: Toxapex|15/100|[from] item: Leftovers\n|-damage|p1b: Double Neck|66/100 tox|[from] psn\n|upkeep\n|turn|5\n|\n|t:|1776222429\n|switch|p2b: Aerodactyl|Aerodactyl, L50, F|100/100\n|-ability|p2b: Aerodactyl|Unnerve\n|switch|p1a: Good Neck|Goodra-Hisui, L50, F|100/100\n|switch|p1b: Far Neck|Farigiraf, L50, F|100/100\n|move|p2a: Farigiraf|Hyper Voice|p1b: Far Neck|[spread] p1a,p1b\n|-resisted|p1a: Good Neck|1\n|-damage|p1a: Good Neck|93/100\n|-damage|p1b: Far Neck|84/100\n|\n|-weather|none\n|-heal|p1a: Good Neck|99/100|[from] item: Leftovers\n|-sideend|p1: TheMoonestOne|move: Aurora Veil\n|-fieldend|move: Trick Room\n|upkeep\n|turn|6\n|\n|t:|1776222462\n|detailschange|p2b: Aerodactyl|Aerodactyl-Mega, L50, F\n|-mega|p2b: Aerodactyl|Aerodactyl|Aerodactylite\n|move|p2a: Farigiraf|Protect|p2a: Farigiraf\n|-singleturn|p2a: Farigiraf|Protect\n|move|p2b: Aerodactyl|Earthquake|p1a: Good Neck|[spread] p1a,p1b\n|-activate|p2a: Farigiraf|move: Protect\n|-supereffective|p1a: Good Neck|1\n|-damage|p1a: Good Neck|53/100\n|-damage|p1b: Far Neck|53/100\n|move|p1b: Far Neck|Foul Play|p2a: Farigiraf\n|-activate|p2a: Farigiraf|move: Protect\n|move|p1a: Good Neck|Curse|p1a: Good Neck\n|-unboost|p1a: Good Neck|spe|1\n|-boost|p1a: Good Neck|atk|1\n|-boost|p1a: Good Neck|def|1\n|\n|-heal|p1a: Good Neck|59/100|[from] item: Leftovers\n|upkeep\n|turn|7\n|\n|t:|1776222501\n|move|p2b: Aerodactyl|Dual Wingbeat|p1b: Far Neck|[miss]\n|-miss|p2b: Aerodactyl|p1b: Far Neck\n|move|p1b: Far Neck|Foul Play|p2a: Farigiraf\n|-supereffective|p2a: Farigiraf|1\n|-damage|p2a: Farigiraf|0 fnt\n|faint|p2a: Farigiraf\n|move|p1a: Good Neck|Iron Head|p2b: Aerodactyl\n|-supereffective|p2b: Aerodactyl|1\n|-damage|p2b: Aerodactyl|0 fnt\n|faint|p2b: Aerodactyl\n|\n|-heal|p1a: Good Neck|65/100|[from] item: Leftovers\n|upkeep\n|inactive|Battle timer is ON: inactive players will automatically lose when time's up. (requested by TheMoonestOne)\n|\n|t:|1776222538\n|switch|p2b: Toxapex|Toxapex, L50, M|48/100\n|switch|p2a: Goodra|Goodra-Hisui, L50, M|100/100\n|turn|8\n|\n|t:|1776222557\n|move|p1b: Far Neck|Psychic|p2b: Toxapex\n|-supereffective|p2b: Toxapex|1\n|-damage|p2b: Toxapex|0 fnt\n|faint|p2b: Toxapex\n|move|p2a: Goodra|Curse|p2a: Goodra\n|-unboost|p2a: Goodra|spe|1\n|-boost|p2a: Goodra|atk|1\n|-boost|p2a: Goodra|def|1\n|move|p1a: Good Neck|Life Dew|p1a: Good Neck|[spread] p1a,p1b\n|-heal|p1a: Good Neck|90/100\n|-heal|p1b: Far Neck|78/100\n|\n|-heal|p1a: Good Neck|95/100|[from] item: Leftovers\n|upkeep\n|turn|9\n|inactive|TheMoonestOne has 30 seconds left.\n|\n|t:|1776222585\n|move|p1b: Far Neck|Foul Play|p2a: Goodra\n|-damage|p2a: Goodra|78/100\n|move|p1a: Good Neck|Body Press|p2a: Goodra\n|-supereffective|p2a: Goodra|1\n|-damage|p2a: Goodra|36/100\n|move|p2a: Goodra|Curse|p2a: Goodra\n|-unboost|p2a: Goodra|spe|1\n|-boost|p2a: Goodra|atk|1\n|-boost|p2a: Goodra|def|1\n|\n|-heal|p1a: Good Neck|100/100|[from] item: Leftovers\n|upkeep\n|turn|10\n|\n|t:|1776222602\n|move|p1b: Far Neck|Foul Play|p2a: Goodra\n|-damage|p2a: Goodra|15/100\n|move|p1a: Good Neck|Body Press|p2a: Goodra\n|-supereffective|p2a: Goodra|1\n|-damage|p2a: Goodra|0 fnt\n|faint|p2a: Goodra\n|\n|win|TheMoonestOne\n|raw|TheMoonestOne's rating: 1091 &rarr; <strong>1120</strong><br />(+29 for winning)\n|raw|MrTonegawa's rating: 1128 &rarr; <strong>1100</strong><br />(-28 for losing)\n|c|\u2606TheMoonestOne|gg\n|l|\u2606MrTonegawa\n|player|p2|\n",
  "uploadtime": 1776222616,
  "views": 34,
  "formatid": "gen9championsvgc2026regma",
  "rating": 1100,
  "private": 0,
  "password": null
}