{
  "id": "gen9championsvgc2026regma-2587939078",
  "format": "[Gen 9 Champions] VGC 2026 Reg M-A",
  "players": [
    "pikacon999",
    "SleepySnowlax"
  ],
  "log": "|j|\u2606pikacon999\n|j|\u2606SleepySnowlax\n|t:|1776581940\n|gametype|doubles\n|player|p1|pikacon999|dawn|1077\n|player|p2|SleepySnowlax|ruinmaniac|1150\n|gen|9\n|tier|[Gen 9 Champions] VGC 2026 Reg M-A\n|rated|\n|rule|Species Clause: Limit one of each Pok\u00e9mon\n|rule|Item Clause: Limit 1 of each item\n|clearpoke\n|poke|p1|Charizard, L50, M|\n|poke|p1|Whimsicott, L50, F|\n|poke|p1|Garchomp, L50, F|\n|poke|p1|Rotom-Wash, L50|\n|poke|p1|Venusaur, L50, M|\n|poke|p1|Incineroar, L50, M|\n|poke|p2|Meowscarada, L50, M, shiny|\n|poke|p2|Delphox, L50, M, shiny|\n|poke|p2|Ninetales-Alola, L50, M, shiny|\n|poke|p2|Sneasler, L50, M|\n|poke|p2|Aerodactyl, L50, M, shiny|\n|poke|p2|Mamoswine, L50, M|\n|teampreview|4\npikacon999 rejected open team sheets.\n|\n|t:|1776581988\n|teamsize|p1|4\n|teamsize|p2|4\n|start\n|switch|p1a: Whimsy my beloved|Whimsicott, L50, F|100/100\n|switch|p1b: Venusaur|Venusaur, L50, M|100/100\n|switch|p2a: Aerodactyl|Aerodactyl, L50, M, shiny|100/100\n|switch|p2b: Sneasler|Sneasler, L50, M|100/100\n|-ability|p2a: Aerodactyl|Unnerve\n|turn|1\n|\n|t:|1776582009\n|move|p2b: Sneasler|Fake Out|p1a: Whimsy my beloved\n|-damage|p1a: Whimsy my beloved|83/100\n|cant|p1a: Whimsy my beloved|flinch\n|move|p2a: Aerodactyl|Dual Wingbeat|p1a: Whimsy my beloved\n|-supereffective|p1a: Whimsy my beloved|1\n|-damage|p1a: Whimsy my beloved|40/100\n|-supereffective|p1a: Whimsy my beloved|1\n|-damage|p1a: Whimsy my beloved|2/100\n|-hitcount|p1a: Whimsy my beloved|2\n|move|p1b: Venusaur|Sleep Powder|p2b: Sneasler\n|-status|p2b: Sneasler|slp|[from] move: Sleep Powder\n|\n|upkeep\n|turn|2\n|\n|t:|1776582053\n|switch|p1a: Rotom|Rotom-Wash, L50|100/100\n|move|p1b: Venusaur|Protect|p1b: Venusaur\n|-singleturn|p1b: Venusaur|Protect\n|move|p2a: Aerodactyl|Tailwind|p2a: Aerodactyl\n|-sidestart|p2: SleepySnowlax|move: Tailwind\n|cant|p2b: Sneasler|slp\n|\n|upkeep\n|turn|3\n|\n|t:|1776582088\n|move|p2a: Aerodactyl|Rock Slide|p1b: Venusaur|[spread] p1a,p1b\n|-damage|p1a: Rotom|69/100\n|-damage|p1b: Venusaur|69/100\n|cant|p2b: Sneasler|slp\n|move|p1a: Rotom|Thunderbolt|p2a: Aerodactyl\n|-supereffective|p2a: Aerodactyl|1\n|-enditem|p2a: Aerodactyl|Focus Sash\n|-damage|p2a: Aerodactyl|1/100\n|move|p1b: Venusaur|Sleep Powder|p2b: Sneasler|[miss]\n|-miss|p1b: Venusaur|p2b: Sneasler\n|\n|-heal|p1a: Rotom|75/100|[from] item: Leftovers\n|upkeep\n|turn|4\n|\n|t:|1776582140\n|move|p1b: Venusaur|Protect|p1b: Venusaur\n|-singleturn|p1b: Venusaur|Protect\n|move|p2a: Aerodactyl|Rock Slide|p1a: Rotom|[spread] p1a\n|-activate|p1b: Venusaur|move: Protect\n|-damage|p1a: Rotom|47/100\n|-curestatus|p2b: Sneasler|slp|[msg]\n|move|p2b: Sneasler|Dire Claw|p1b: Venusaur\n|-activate|p1b: Venusaur|move: Protect\n|cant|p1a: Rotom|flinch\n|\n|-heal|p1a: Rotom|53/100|[from] item: Leftovers\n|upkeep\n|turn|5\n|\n|t:|1776582185\n|move|p1b: Venusaur|Protect|p1b: Venusaur\n|-singleturn|p1b: Venusaur|Protect\n|move|p2a: Aerodactyl|Rock Slide|p1a: Rotom|[spread] p1a\n|-activate|p1b: Venusaur|move: Protect\n|-damage|p1a: Rotom|23/100\n|move|p2b: Sneasler|Dire Claw|p1a: Rotom\n|-damage|p1a: Rotom|0 fnt\n|faint|p1a: Rotom\n|\n|-sideend|p2: SleepySnowlax|move: Tailwind\n|upkeep\n|\n|t:|1776582197\n|switch|p1a: Charizard|Charizard, L50, M|100/100\n|turn|6\n|\n|t:|1776582237\n|switch|p2a: Meowscarada|Meowscarada, L50, M, shiny|100/100\n|detailschange|p1a: Charizard|Charizard-Mega-Y, L50, M\n|-mega|p1a: Charizard|Charizard|Charizardite Y\n|-weather|SunnyDay|[from] ability: Drought|[of] p1a: Charizard\n|move|p1b: Venusaur|Sludge Bomb|p2a: Meowscarada\n|-supereffective|p2a: Meowscarada|1\n|-damage|p2a: Meowscarada|0 fnt\n|faint|p2a: Meowscarada\n|move|p2b: Sneasler|Dire Claw|p1b: Venusaur\n|-damage|p1b: Venusaur|9/100\n|-status|p1b: Venusaur|par\n|move|p1a: Charizard|Heat Wave|p2b: Sneasler\n|-crit|p2b: Sneasler\n|-damage|p2b: Sneasler|0 fnt\n|faint|p2b: Sneasler\n|\n|-weather|SunnyDay|[upkeep]\n|upkeep\n|\n|t:|1776582253\n|switch|p2a: Aerodactyl|Aerodactyl, L50, M, shiny|1/100\n|switch|p2b: Ninetales|Ninetales-Alola, L50, M, shiny|100/100\n|-ability|p2a: Aerodactyl|Unnerve\n|-weather|Snowscape|[from] ability: Snow Warning|[of] p2b: Ninetales\n|turn|7\n|\n|t:|1776582273\n|move|p2a: Aerodactyl|Rock Slide|p1a: Charizard|[spread] p1a\n|-miss|p2a: Aerodactyl|p1b: Venusaur\n|-supereffective|p1a: Charizard|2\n|-damage|p1a: Charizard|0 fnt\n|faint|p1a: Charizard\n|move|p2b: Ninetales|Blizzard|p1b: Venusaur\n|-supereffective|p1b: Venusaur|1\n|-damage|p1b: Venusaur|0 fnt\n|faint|p1b: Venusaur\n|\n|-weather|Snowscape|[upkeep]\n|upkeep\n|\n|t:|1776582284\n|switch|p1b: Whimsy my beloved|Whimsicott, L50, F|2/100\n|turn|8\n|\n|t:|1776582296\n|move|p2a: Aerodactyl|Dual Wingbeat|p1b: Whimsy my beloved\n|-supereffective|p1b: Whimsy my beloved|1\n|-damage|p1b: Whimsy my beloved|0 fnt\n|faint|p1b: Whimsy my beloved\n|-hitcount|p1: Whimsy my beloved|1\n|\n|win|SleepySnowlax\n|raw|pikacon999's rating: 1077 &rarr; <strong>1060</strong><br />(-17 for losing)\n|raw|SleepySnowlax's rating: 1150 &rarr; <strong>1170</strong><br />(+20 for winning)\n",
  "uploadtime": 1776582301,
  "views": 11,
  "formatid": "gen9championsvgc2026regma",
  "rating": 1060,
  "private": 0,
  "password": null
}