{
  "id": "gen9championsvgc2026regma-2580982001",
  "format": "[Gen 9 Champions] VGC 2026 Reg M-A",
  "players": [
    "cutecharmexploit",
    "Furren't"
  ],
  "log": "|j|\u2606cutecharmexploit\n|j|\u2606Furren't\n|t:|1775948815\n|gametype|doubles\n|player|p1|cutecharmexploit|scientistf|1033\n|player|p2|Furren't|170|1000\n|gen|9\n|tier|[Gen 9 Champions] VGC 2026 Reg M-A\n|rated|\n|rule|Species Clause: Limit one of each Pok\u00e9mon\n|rule|Item Clause: Limit 1 of each item\n|clearpoke\n|poke|p1|Whimsicott, L50, M|\n|poke|p1|Floette-Eternal, L50, F|\n|poke|p1|Volcarona, L50, F|\n|poke|p1|Garchomp, L50, F|\n|poke|p1|Kingambit, L50, F|\n|poke|p1|Clefable, L50, F|\n|poke|p2|Hawlucha, L50, F|\n|poke|p2|Vanilluxe, L50, M|\n|poke|p2|Volcarona, L50, M|\n|poke|p2|Tsareena, L50, F|\n|poke|p2|Excadrill, L50, F|\n|poke|p2|Tyranitar, L50, M|\n|teampreview|4\ncutecharmexploit rejected open team sheets.\n|\n|t:|1775948846\n|teamsize|p1|4\n|teamsize|p2|4\n|start\n|switch|p1a: WEEEEEE|Whimsicott, L50, M|100/100\n|switch|p1b: Everything Splode|Floette-Eternal, L50, F|100/100\n|switch|p2a: Excadrill|Excadrill, L50, F|100/100\n|switch|p2b: Tyranitar|Tyranitar, L50, M|100/100\n|-weather|Sandstorm|[from] ability: Sand Stream|[of] p2b: Tyranitar\n|turn|1\n|\n|t:|1775948879\n|detailschange|p1b: Everything Splode|Floette-Mega, L50, F\n|-mega|p1b: Everything Splode|Floette|Floettite\n|-ability|p1b: Everything Splode|Fairy Aura\n|move|p1b: Everything Splode|Protect|p1b: Everything Splode\n|-singleturn|p1b: Everything Splode|Protect\n|move|p1a: WEEEEEE|Tailwind|p1a: WEEEEEE\n|-sidestart|p1: cutecharmexploit|move: Tailwind\n|move|p2a: Excadrill|Earthquake|p1b: Everything Splode|[spread] p2b,p1a\n|-activate|p1b: Everything Splode|move: Protect\n|-supereffective|p2b: Tyranitar|1\n|-resisted|p1a: WEEEEEE|1\n|-damage|p2b: Tyranitar|40/100\n|-damage|p1a: WEEEEEE|84/100\n|move|p2b: Tyranitar|Thunder Wave|p1b: Everything Splode\n|-activate|p1b: Everything Splode|move: Protect\n|\n|-weather|Sandstorm|[upkeep]\n|-damage|p1b: Everything Splode|94/100|[from] Sandstorm\n|-damage|p1a: WEEEEEE|78/100|[from] Sandstorm\n|upkeep\n|turn|2\n|\n|t:|1775948902\n|move|p2b: Tyranitar|Protect|p2b: Tyranitar\n|-singleturn|p2b: Tyranitar|Protect\n|move|p1a: WEEEEEE|Sunny Day|p1a: WEEEEEE\n|-weather|SunnyDay\n|move|p1b: Everything Splode|Dazzling Gleam|p2a: Excadrill|[spread] p2a\n|-activate|p2b: Tyranitar|move: Protect\n|-resisted|p2a: Excadrill|1\n|-damage|p2a: Excadrill|74/100\n|move|p2a: Excadrill|Earthquake|p1b: Everything Splode|[spread] p1a,p1b\n|-activate|p2b: Tyranitar|move: Protect\n|-resisted|p1a: WEEEEEE|1\n|-damage|p1a: WEEEEEE|62/100\n|-damage|p1b: Everything Splode|51/100\n|\n|-weather|SunnyDay|[upkeep]\n|upkeep\n|turn|3\n|\n|t:|1775948934\n|switch|p2b: Tsareena|Tsareena, L50, F|100/100\n|move|p1b: Everything Splode|Protect|p1b: Everything Splode\n|-singleturn|p1b: Everything Splode|Protect\n|move|p1a: WEEEEEE|Encore||[still]\n|cant|p2b: Tsareena|ability: Queenly Majesty|Encore|[of] p1a: WEEEEEE\n|move|p2a: Excadrill|Earthquake|p1b: Everything Splode|[spread] p2b,p1a\n|-activate|p1b: Everything Splode|move: Protect\n|-resisted|p2b: Tsareena|1\n|-resisted|p1a: WEEEEEE|1\n|-damage|p2b: Tsareena|79/100\n|-damage|p1a: WEEEEEE|44/100\n|\n|-weather|SunnyDay|[upkeep]\n|-heal|p2b: Tsareena|85/100|[from] item: Leftovers\n|upkeep\n|turn|4\n|\n|t:|1775948965\n|switch|p1a: Garchud|Garchomp, L50, F|100/100\n|move|p1b: Everything Splode|Dazzling Gleam|p2b: Tsareena|[spread] p2a,p2b\n|-resisted|p2a: Excadrill|1\n|-damage|p2a: Excadrill|48/100\n|-damage|p2b: Tsareena|52/100\n|move|p2a: Excadrill|Earthquake|p1b: Everything Splode|[spread] p2b,p1a,p1b\n|-resisted|p2b: Tsareena|1\n|-crit|p1a: Garchud\n|-damage|p2b: Tsareena|32/100\n|-damage|p1a: Garchud|40/100\n|-damage|p1b: Everything Splode|4/100\n|move|p2b: Tsareena|Synthesis|p2b: Tsareena\n|-heal|p2b: Tsareena|99/100\n|\n|-weather|SunnyDay|[upkeep]\n|-heal|p2b: Tsareena|100/100|[from] item: Leftovers\n|-sideend|p1: cutecharmexploit|move: Tailwind\n|upkeep\n|turn|5\n|\n|t:|1775948983\n|switch|p2b: Tyranitar|Tyranitar, L50, M|40/100\n|-weather|Sandstorm|[from] ability: Sand Stream|[of] p2b: Tyranitar\n|move|p2a: Excadrill|Protect|p2a: Excadrill\n|-singleturn|p2a: Excadrill|Protect\n|move|p1b: Everything Splode|Protect|p1b: Everything Splode\n|-singleturn|p1b: Everything Splode|Protect\n|move|p1a: Garchud|Earthquake|p2a: Excadrill|[spread] p2b\n|-activate|p1b: Everything Splode|move: Protect\n|-activate|p2a: Excadrill|move: Protect\n|-supereffective|p2b: Tyranitar|1\n|-damage|p2b: Tyranitar|0 fnt\n|faint|p2b: Tyranitar\n|\n|-weather|Sandstorm|[upkeep]\n|-damage|p1b: Everything Splode|0 fnt|[from] Sandstorm\n|faint|p1b: Everything Splode\n|upkeep\n|\n|t:|1775949004\n|switch|p1b: WEEEEEE|Whimsicott, L50, M|44/100\n|switch|p2b: Hawlucha|Hawlucha, L50, F|100/100\n|turn|6\n|\n|t:|1775949029\n|switch|p2a: Tsareena|Tsareena, L50, F|100/100\n|detailschange|p2b: Hawlucha|Hawlucha-Mega, L50, F\n|-mega|p2b: Hawlucha|Hawlucha|Hawluchanite\n|move|p1b: WEEEEEE|Sunny Day|p1b: WEEEEEE\n|-weather|SunnyDay\n|move|p2b: Hawlucha|Close Combat|p1a: Garchud\n|-damage|p1a: Garchud|0 fnt\n|-unboost|p2b: Hawlucha|def|1\n|-unboost|p2b: Hawlucha|spd|1\n|-damage|p2b: Hawlucha|88/100|[from] ability: Rough Skin|[of] p1a: Garchud\n|faint|p1a: Garchud\n|\n|-weather|SunnyDay|[upkeep]\n|upkeep\n|\n|t:|1775949041\n|switch|p1a: The Round Pink One|Clefable, L50, F|100/100\n|turn|7\n|\n|t:|1775949051\n|move|p2b: Hawlucha|Encore|p1b: WEEEEEE\n|-start|p1b: WEEEEEE|Encore\n|move|p1b: WEEEEEE|Sunny Day||[still]\n|-fail|p1b: WEEEEEE\n|move|p2a: Tsareena|Trop Kick|p1a: The Round Pink One\n|-damage|p1a: The Round Pink One|69/100\n|-unboost|p1a: The Round Pink One|atk|1\n|move|p1a: The Round Pink One|Dazzling Gleam|p2b: Hawlucha|[spread] p2a,p2b\n|-supereffective|p2b: Hawlucha|1\n|-damage|p2a: Tsareena|84/100\n|-damage|p2b: Hawlucha|17/100\n|\n|-weather|SunnyDay|[upkeep]\n|-heal|p2a: Tsareena|90/100|[from] item: Leftovers\n|upkeep\n|turn|8\n|\n|t:|1775949066\n|switch|p2a: Excadrill|Excadrill, L50, F|48/100\n|move|p1b: WEEEEEE|Sunny Day||[still]\n|-fail|p1b: WEEEEEE\n|move|p2b: Hawlucha|Entrainment|p2a: Excadrill\n|-ability|p2a: Excadrill|No Guard|Sand Rush|[from] move: Entrainment|[of] p2b: Hawlucha\n|move|p1a: The Round Pink One|Dazzling Gleam|p2b: Hawlucha|[spread] p2a,p2b\n|-resisted|p2a: Excadrill|1\n|-supereffective|p2b: Hawlucha|1\n|-damage|p2a: Excadrill|36/100\n|-damage|p2b: Hawlucha|0 fnt\n|faint|p2b: Hawlucha\n|\n|-weather|SunnyDay|[upkeep]\n|upkeep\n|\n|t:|1775949073\n|switch|p2b: Tsareena|Tsareena, L50, F|90/100\n|turn|9\n|\n|t:|1775949083\n|move|p1b: WEEEEEE|Sunny Day||[still]\n|-fail|p1b: WEEEEEE\n|move|p2a: Excadrill|Horn Drill|p1b: WEEEEEE\n|-damage|p1b: WEEEEEE|0 fnt\n|faint|p1b: WEEEEEE\n|-ohko\n|move|p2b: Tsareena|Trop Kick|p1a: The Round Pink One\n|-damage|p1a: The Round Pink One|38/100\n|-unboost|p1a: The Round Pink One|atk|1\n|-enditem|p1a: The Round Pink One|Sitrus Berry|[eat]\n|-heal|p1a: The Round Pink One|62/100|[from] item: Sitrus Berry\n|move|p1a: The Round Pink One|Dazzling Gleam|p2b: Tsareena|[spread] p2a,p2b\n|-resisted|p2a: Excadrill|1\n|-damage|p2a: Excadrill|23/100\n|-damage|p2b: Tsareena|74/100\n|\n|-weather|SunnyDay|[upkeep]\n|-heal|p2b: Tsareena|80/100|[from] item: Leftovers\n|upkeep\n|turn|10\n|\n|t:|1775949099\n|move|p2a: Excadrill|Horn Drill|p1a: The Round Pink One\n|-damage|p1a: The Round Pink One|0 fnt\n|faint|p1a: The Round Pink One\n|-ohko\n|\n|win|Furren't\n|raw|cutecharmexploit's rating: 1033 &rarr; <strong>1017</strong><br />(-16 for losing)\n|raw|Furren&apos;t's rating: 1000 &rarr; <strong>1044</strong><br />(+44 for winning)\n|l|\u2606cutecharmexploit\n|player|p1|\n",
  "uploadtime": 1775949106,
  "views": 20,
  "formatid": "gen9championsvgc2026regma",
  "rating": 1017,
  "private": 0,
  "password": null
}