{
  "id": "gen9championsvgc2026regma-2584372870",
  "format": "[Gen 9 Champions] VGC 2026 Reg M-A",
  "players": [
    "Pettarello",
    "EkCantDrawLol"
  ],
  "log": "|j|\u2606Pettarello\n|j|\u203dEkCantDrawLol\n|t:|1776255873\n|gametype|doubles\n|player|p1|Pettarello|li|1301\n|player|p2|EkCantDrawLol|skierf|1295\n|gen|9\n|tier|[Gen 9 Champions] VGC 2026 Reg M-A\n|rated|\n|rule|Species Clause: Limit one of each Pok\u00e9mon\n|rule|Item Clause: Limit 1 of each item\n|clearpoke\n|poke|p1|Froslass, L50, F|\n|poke|p1|Kingambit, L50, F|\n|poke|p1|Sneasler, L50, F|\n|poke|p1|Milotic, L50, F|\n|poke|p1|Garchomp, L50, F|\n|poke|p1|Aerodactyl, L50, M|\n|poke|p2|Corviknight, L50, M|\n|poke|p2|Froslass, L50, F|\n|poke|p2|Garchomp, L50, F|\n|poke|p2|Rotom-Wash, L50|\n|poke|p2|Sneasler, L50, F|\n|poke|p2|Incineroar, L50, M|\n|teampreview|4\n|inactive|Battle timer is ON: inactive players will automatically lose when time's up. (requested by EkCantDrawLol)\n|\n|t:|1776255905\n|teamsize|p1|4\n|teamsize|p2|4\n|start\n|switch|p1a: Milotic|Milotic, L50, F|100/100\n|switch|p1b: Sneasler|Sneasler, L50, F|100/100\n|switch|p2a: Rotom|Rotom-Wash, L50|100/100\n|switch|p2b: Corviknight|Corviknight, L50, M|100/100\n|turn|1\n|\n|t:|1776255922\n|move|p1b: Sneasler|Fake Out|p2a: Rotom\n|-damage|p2a: Rotom|82/100\n|cant|p2a: Rotom|flinch\n|move|p1a: Milotic|Coil|p1a: Milotic\n|-boost|p1a: Milotic|atk|1\n|-boost|p1a: Milotic|def|1\n|-boost|p1a: Milotic|accuracy|1\n|move|p2b: Corviknight|Taunt|p1a: Milotic\n|-start|p1a: Milotic|move: Taunt\n|\n|upkeep\n|turn|2\n|\n|t:|1776255940\n|move|p2a: Rotom|Thunderbolt|p1a: Milotic\n|-supereffective|p1a: Milotic|1\n|-damage|p1a: Milotic|38/100\n|-status|p1a: Milotic|par\n|-enditem|p1a: Milotic|Sitrus Berry|[eat]\n|-heal|p1a: Milotic|63/100 par|[from] item: Sitrus Berry\n|move|p1b: Sneasler|Close Combat|p2a: Rotom\n|-damage|p2a: Rotom|0 fnt\n|-unboost|p1b: Sneasler|def|1\n|-unboost|p1b: Sneasler|spd|1\n|faint|p2a: Rotom\n|-enditem|p1b: Sneasler|White Herb\n|-clearnegativeboost|p1b: Sneasler|[silent]\n|move|p2b: Corviknight|Tailwind|p2b: Corviknight\n|-sidestart|p2: EkCantDrawLol|move: Tailwind\n|move|p1a: Milotic|Scald|p2b: Corviknight\n|-damage|p2b: Corviknight|65/100\n|\n|upkeep\n|\n|t:|1776255959\n|switch|p2a: Froslass|Froslass, L50, F|100/100\n|turn|3\n|\n|t:|1776255970\n|detailschange|p2a: Froslass|Froslass-Mega, L50, F\n|-mega|p2a: Froslass|Froslass|Froslassite\n|-weather|Snowscape|[from] ability: Snow Warning|[of] p2a: Froslass\n|move|p1b: Sneasler|Close Combat|p2b: Corviknight\n|-damage|p2b: Corviknight|27/100\n|-unboost|p1b: Sneasler|def|1\n|-unboost|p1b: Sneasler|spd|1\n|move|p2a: Froslass|Blizzard|p1b: Sneasler|[spread] p1a,p1b\n|-resisted|p1a: Milotic|1\n|-damage|p1a: Milotic|48/100 par\n|-damage|p1b: Sneasler|8/100\n|move|p2b: Corviknight|Body Press|p1b: Sneasler\n|-resisted|p1b: Sneasler|1\n|-damage|p1b: Sneasler|0 fnt\n|faint|p1b: Sneasler\n|move|p1a: Milotic|Scald|p2a: Froslass\n|-damage|p2a: Froslass|49/100\n|\n|-weather|Snowscape|[upkeep]\n|upkeep\n|\n|t:|1776255991\n|switch|p1b: Aerodactyl|Aerodactyl, L50, M|100/100\n|-ability|p1b: Aerodactyl|Unnerve\n|turn|4\n|\n|t:|1776256008\n|move|p2a: Froslass|Thunderbolt|p1a: Milotic\n|-supereffective|p1a: Milotic|1\n|-damage|p1a: Milotic|3/100 par\n|move|p1b: Aerodactyl|Tailwind|p1b: Aerodactyl\n|-sidestart|p1: Pettarello|move: Tailwind\n|move|p2b: Corviknight|Body Press|p1b: Aerodactyl\n|-damage|p1b: Aerodactyl|58/100\n|move|p1a: Milotic|Scald|p2b: Corviknight\n|-damage|p2b: Corviknight|0 fnt\n|faint|p2b: Corviknight\n|\n|-weather|Snowscape|[upkeep]\n|-end|p1a: Milotic|move: Taunt\n|upkeep\n|\n|t:|1776256016\n|switch|p2b: Incineroar|Incineroar, L50, M, shiny|100/100\n|-ability|p2b: Incineroar|Intimidate|boost\n|-unboost|p1a: Milotic|atk|1\n|-ability|p1a: Milotic|Competitive|boost\n|-boost|p1a: Milotic|spa|2\n|-unboost|p1b: Aerodactyl|atk|1\n|turn|5\n|\n|t:|1776256037\n|move|p2b: Incineroar|Fake Out|p1b: Aerodactyl\n|-resisted|p1b: Aerodactyl|1\n|-damage|p1b: Aerodactyl|50/100\n|cant|p1b: Aerodactyl|flinch\n|move|p2a: Froslass|Blizzard|p1b: Aerodactyl|[spread] p1a,p1b\n|-resisted|p1a: Milotic|1\n|-supereffective|p1b: Aerodactyl|1\n|-damage|p1a: Milotic|0 fnt\n|-damage|p1b: Aerodactyl|0 fnt\n|faint|p1a: Milotic\n|faint|p1b: Aerodactyl\n|\n|-weather|Snowscape|[upkeep]\n|-sideend|p2: EkCantDrawLol|move: Tailwind\n|upkeep\n|\n|t:|1776256045\n|switch|p1b: Garchomp|Garchomp, L50, F|100/100\n|turn|6\n|\n|t:|1776256055\n|move|p2a: Froslass|Protect|p2a: Froslass\n|-singleturn|p2a: Froslass|Protect\n|move|p1b: Garchomp|Rock Slide|p2b: Incineroar|[spread] \n|-activate|p2a: Froslass|move: Protect\n|-miss|p1b: Garchomp|p2b: Incineroar\n|move|p2b: Incineroar|Parting Shot|p1b: Garchomp\n|-unboost|p1b: Garchomp|atk|1\n|-unboost|p1b: Garchomp|spa|1\n|\n|-weather|Snowscape|[upkeep]\n|upkeep\n|turn|7\n|\n|t:|1776256070\n|move|p1b: Garchomp|Rock Slide|p2b: Incineroar|[spread] p2a,p2b\n|-supereffective|p2a: Froslass|1\n|-supereffective|p2b: Incineroar|1\n|-damage|p2a: Froslass|20/100\n|-damage|p2b: Incineroar|74/100\n|move|p2a: Froslass|Blizzard|p1b: Garchomp\n|-supereffective|p1b: Garchomp|2\n|-damage|p1b: Garchomp|0 fnt\n|faint|p1b: Garchomp\n|\n|win|EkCantDrawLol\n|raw|Pettarello's rating: 1301 &rarr; <strong>1281</strong><br />(-20 for losing)\n|raw|EkCantDrawLol's rating: 1295 &rarr; <strong>1320</strong><br />(+25 for winning)\n|l|\u2606Pettarello\n|player|p1|\n",
  "uploadtime": 1776256079,
  "views": 40,
  "formatid": "gen9championsvgc2026regma",
  "rating": 1281,
  "private": 0,
  "password": null
}