{
  "id": "gen9championsvgc2026regma-2586755282",
  "format": "[Gen 9 Champions] VGC 2026 Reg M-A",
  "players": [
    "Shxnski",
    "lfdgm"
  ],
  "log": "|j|\u2606Shxnski\n|j|\u2606lfdgm\n|t:|1776457348\n|gametype|doubles\n|player|p1|Shxnski|hugh|1174\n|player|p2|lfdgm|skyla|1162\n|gen|9\n|tier|[Gen 9 Champions] VGC 2026 Reg M-A\n|rated|\n|rule|Species Clause: Limit one of each Pok\u00e9mon\n|rule|Item Clause: Limit 1 of each item\n|clearpoke\n|poke|p1|Gyarados, L50, M|\n|poke|p1|Garchomp, L50, F|\n|poke|p1|Lucario, L50, M|\n|poke|p1|Farigiraf, L50, M|\n|poke|p1|Rotom-Heat, L50|\n|poke|p1|Whimsicott, L50, F|\n|poke|p2|Meowstic, L50, M|\n|poke|p2|Camerupt, L50, M|\n|poke|p2|Audino, L50, F|\n|poke|p2|Aerodactyl, L50, F|\n|poke|p2|Sneasler, L50, M|\n|poke|p2|Torkoal, L50, M|\n|teampreview|4\n|inactive|Battle timer is ON: inactive players will automatically lose when time's up. (requested by Shxnski)\n|inactive|Shxnski has 60 seconds left.\n|\n|t:|1776457393\n|teamsize|p1|4\n|teamsize|p2|4\n|start\n|switch|p1a: Garchomp|Garchomp, L50, F|100/100\n|switch|p1b: Farigiraf|Farigiraf, L50, M|100/100\n|switch|p2a: Aerodactyl|Aerodactyl, L50, F|100/100\n|switch|p2b: Sneasler|Sneasler, L50, M|100/100\n|-ability|p2a: Aerodactyl|Unnerve\n|turn|1\n|\n|t:|1776457416\n|detailschange|p2a: Aerodactyl|Aerodactyl-Mega, L50, F\n|-mega|p2a: Aerodactyl|Aerodactyl|Aerodactylite\n|move|p1a: Garchomp|Rock Slide|p2a: Aerodactyl|[spread] p2a,p2b\n|-supereffective|p2a: Aerodactyl|1\n|-resisted|p2b: Sneasler|1\n|-damage|p2a: Aerodactyl|52/100\n|-damage|p2b: Sneasler|84/100\n|cant|p2a: Aerodactyl|flinch\n|move|p2b: Sneasler|U-turn|p1b: Farigiraf\n|-supereffective|p1b: Farigiraf|1\n|-damage|p1b: Farigiraf|47/100\n|\n|t:|1776457439\n|switch|p2b: Torkoal|Torkoal, L50, M|100/100|[from] U-turn\n|-weather|SunnyDay|[from] ability: Drought|[of] p2b: Torkoal\n|move|p1b: Farigiraf|Psychic|p2a: Aerodactyl\n|-damage|p2a: Aerodactyl|0 fnt\n|faint|p2a: Aerodactyl\n|\n|-weather|SunnyDay|[upkeep]\n|upkeep\n|\n|t:|1776457444\n|switch|p2a: Sneasler|Sneasler, L50, M|84/100\n|turn|2\n|\n|t:|1776457459\n|move|p1a: Garchomp|Rock Slide|p2b: Torkoal|[spread] p2a,p2b\n|-resisted|p2a: Sneasler|1\n|-supereffective|p2b: Torkoal|1\n|-damage|p2a: Sneasler|69/100\n|-damage|p2b: Torkoal|69/100\n|move|p2a: Sneasler|Close Combat|p1a: Garchomp\n|-damage|p1a: Garchomp|35/100\n|-unboost|p2a: Sneasler|def|1\n|-unboost|p2a: Sneasler|spd|1\n|-damage|p2a: Sneasler|57/100|[from] ability: Rough Skin|[of] p1a: Garchomp\n|move|p1b: Farigiraf|Psychic|p2b: Torkoal\n|-damage|p2b: Torkoal|4/100\n|move|p2b: Torkoal|Eruption|p1a: Garchomp|[spread] p1a,p1b\n|-resisted|p1a: Garchomp|1\n|-damage|p1a: Garchomp|33/100\n|-damage|p1b: Farigiraf|44/100\n|\n|-weather|SunnyDay|[upkeep]\n|upkeep\n|turn|3\n|\n|t:|1776457475\n|move|p2b: Torkoal|Protect|p2b: Torkoal\n|-singleturn|p2b: Torkoal|Protect\n|move|p1a: Garchomp|Rock Slide|p2b: Torkoal|[spread] p2a\n|-activate|p2b: Torkoal|move: Protect\n|-resisted|p2a: Sneasler|1\n|-damage|p2a: Sneasler|31/100\n|move|p2a: Sneasler|U-turn|p1b: Farigiraf\n|-supereffective|p1b: Farigiraf|1\n|-damage|p1b: Farigiraf|0 fnt\n|faint|p1b: Farigiraf\n|\n|t:|1776457484\n|switch|p2a: Audino|Audino, L50, F|100/100|[from] U-turn\n|\n|-weather|SunnyDay|[upkeep]\n|upkeep\n|\n|t:|1776457487\n|switch|p1b: Gyarados|Gyarados, L50, M|100/100\n|-ability|p1b: Gyarados|Intimidate|boost\n|-unboost|p2a: Audino|atk|1\n|-unboost|p2b: Torkoal|atk|1\n|turn|4\n|\n|t:|1776457491\n|detailschange|p1b: Gyarados|Gyarados-Mega, L50, M\n|-mega|p1b: Gyarados|Gyarados|Gyaradosite\n|-ability|p1b: Gyarados|Mold Breaker\n|move|p2b: Torkoal|Protect|p2b: Torkoal\n|-singleturn|p2b: Torkoal|Protect\n|move|p1a: Garchomp|Rock Slide|p2a: Audino|[spread] p2a\n|-activate|p2b: Torkoal|move: Protect\n|-damage|p2a: Audino|80/100\n|move|p1b: Gyarados|Dragon Dance|p1b: Gyarados\n|-boost|p1b: Gyarados|atk|1\n|-boost|p1b: Gyarados|spe|1\n|move|p2a: Audino|Trick Room|p2a: Audino\n|-fieldstart|move: Trick Room|[of] p2a: Audino\n|\n|-weather|SunnyDay|[upkeep]\n|-heal|p2a: Audino|86/100|[from] item: Leftovers\n|upkeep\n|turn|5\n|\n|t:|1776457508\n|move|p2b: Torkoal|Weather Ball|p1a: Garchomp\n|-resisted|p1a: Garchomp|1\n|-damage|p1a: Garchomp|0 fnt\n|faint|p1a: Garchomp\n|move|p2a: Audino|Encore|p1b: Gyarados\n|-start|p1b: Gyarados|Encore\n|move|p1b: Gyarados|Dragon Dance|p1b: Gyarados\n|-boost|p1b: Gyarados|atk|1\n|-boost|p1b: Gyarados|spe|1\n|\n|-weather|none\n|-heal|p2a: Audino|92/100|[from] item: Leftovers\n|upkeep\n|\n|t:|1776457510\n|switch|p1a: Rotom|Rotom-Heat, L50|100/100\n|turn|6\n|\n|t:|1776457532\n|move|p2b: Torkoal|Heat Wave|p1b: Gyarados|[spread] p1b\n|-miss|p2b: Torkoal|p1a: Rotom\n|-resisted|p1b: Gyarados|1\n|-damage|p1b: Gyarados|86/100\n|-status|p1b: Gyarados|brn\n|move|p2a: Audino|Wish|p2a: Audino\n|move|p1a: Rotom|Electroweb|p2a: Audino|[spread] p2a,p2b\n|-damage|p2a: Audino|80/100\n|-damage|p2b: Torkoal|0 fnt\n|-unboost|p2a: Audino|spe|1\n|faint|p2b: Torkoal\n|move|p1b: Gyarados|Dragon Dance|p1b: Gyarados\n|-boost|p1b: Gyarados|atk|1\n|-boost|p1b: Gyarados|spe|1\n|\n|-heal|p2a: Audino|87/100|[from] item: Leftovers\n|-damage|p1b: Gyarados|80/100 brn|[from] brn\n|upkeep\n|\n|t:|1776457542\n|switch|p2b: Sneasler|Sneasler, L50, M|31/100\n|turn|7\n|\n|t:|1776457552\n|move|p2a: Audino|Ally Switch|p2a: Audino\n|swap|p2a: Audino|1|[from] move: Ally Switch\n|move|p1a: Rotom|Thunderbolt|p2b: Audino\n|-damage|p2b: Audino|61/100\n|move|p2a: Sneasler|Close Combat|p1b: Gyarados\n|-supereffective|p1b: Gyarados|1\n|-crit|p1b: Gyarados\n|-damage|p1b: Gyarados|0 fnt\n|-unboost|p2a: Sneasler|def|1\n|-unboost|p2a: Sneasler|spd|1\n|faint|p1b: Gyarados\n|\n|-heal|p2a: Sneasler|98/100|[from] move: Wish|[wisher] Audino\n|-heal|p2b: Audino|67/100|[from] item: Leftovers\n|upkeep\n|turn|8\n|-message|Shxnski forfeited.\n|\n|win|lfdgm\n|raw|Shxnski's rating: 1174 &rarr; <strong>1148</strong><br />(-26 for losing)\n|raw|lfdgm's rating: 1162 &rarr; <strong>1188</strong><br />(+26 for winning)\n|l|\u2606Shxnski\n|player|p1|\n",
  "uploadtime": 1776457562,
  "views": 28,
  "formatid": "gen9championsvgc2026regma",
  "rating": 1148,
  "private": 0,
  "password": null
}