{
  "id": "gen9championsvgc2026regma-2586884715",
  "format": "[Gen 9 Champions] VGC 2026 Reg M-A",
  "players": [
    "randomname5642",
    "mkugmrs_guest"
  ],
  "log": "|j|\u2606randomname5642\n|j|\u2606mkugmrs_guest\n|t:|1776468425\n|gametype|doubles\n|player|p1|randomname5642|170|1105\n|player|p2|mkugmrs_guest|102|1130\n|gen|9\n|tier|[Gen 9 Champions] VGC 2026 Reg M-A\n|rated|\n|rule|Species Clause: Limit one of each Pok\u00e9mon\n|rule|Item Clause: Limit 1 of each item\n|clearpoke\n|poke|p1|Crabominable, L50, M|\n|poke|p1|Drampa, L50, F|\n|poke|p1|Pelipper, L50, F|\n|poke|p1|Sinistcha, L50|\n|poke|p1|Hatterene, L50, F|\n|poke|p1|Incineroar, L50, F|\n|poke|p2|Floette-Eternal, L50, F|\n|poke|p2|Torkoal, L50, F|\n|poke|p2|Farigiraf, L50, F|\n|poke|p2|Aerodactyl, L50, F|\n|poke|p2|Chimecho, L50, M|\n|poke|p2|Gallade, L50, M|\n|teampreview|4\nrandomname5642 has agreed to open team sheets.\n|inactive|Battle timer is ON: inactive players will automatically lose when time's up. (requested by randomname5642)\n|\n|t:|1776468489\n|teamsize|p1|4\n|teamsize|p2|4\n|start\n|switch|p1a: Sinistcha|Sinistcha, L50|100/100\n|switch|p1b: Pelipper|Pelipper, L50, F|100/100\n|switch|p2a: Gallade|Gallade, L50, M|100/100\n|switch|p2b: Farigiraf|Farigiraf, L50, F|100/100\n|-weather|RainDance|[from] ability: Drizzle|[of] p1b: Pelipper\n|turn|1\n|\n|t:|1776468513\n|move|p2a: Gallade|Night Slash|p1a: Sinistcha\n|-supereffective|p1a: Sinistcha|1\n|-damage|p1a: Sinistcha|18/100\n|move|p1b: Pelipper|U-turn|p2b: Farigiraf\n|-supereffective|p2b: Farigiraf|1\n|-damage|p2b: Farigiraf|83/100\n|\n|t:|1776468522\n|switch|p1b: Incineroar|Incineroar, L50, F|100/100|[from] U-turn\n|-ability|p1b: Incineroar|Intimidate|boost\n|-unboost|p2a: Gallade|atk|1\n|-unboost|p2b: Farigiraf|atk|1\n|move|p1a: Sinistcha|Trick Room|p1a: Sinistcha\n|-fieldstart|move: Trick Room|[of] p1a: Sinistcha\n|move|p2b: Farigiraf|Trick Room|p2b: Farigiraf\n|-fieldend|move: Trick Room\n|\n|-weather|RainDance|[upkeep]\n|upkeep\n|turn|2\n|inactive|randomname5642 has 30 seconds left.\n|inactive|randomname5642 has 20 seconds left.\n|inactive|randomname5642 has 15 seconds left.\n|\n|t:|1776468564\n|switch|p1b: Pelipper|Pelipper, L50, F|100/100\n|move|p2a: Gallade|Sacred Sword|p1b: Pelipper\n|-resisted|p1b: Pelipper|1\n|-damage|p1b: Pelipper|66/100\n|move|p1a: Sinistcha|Matcha Gotcha|p2a: Gallade|[spread] p2a\n|-miss|p1a: Sinistcha|p2b: Farigiraf\n|-damage|p2a: Gallade|66/100\n|-heal|p1a: Sinistcha|34/100|[from] drain|[of] p2a: Gallade\n|move|p2b: Farigiraf|Psychic Noise|p1a: Sinistcha\n|-damage|p1a: Sinistcha|0 fnt\n|faint|p1a: Sinistcha\n|\n|-weather|RainDance|[upkeep]\n|upkeep\n|\n|t:|1776468583\n|switch|p1a: Crabominable|Crabominable, L50, M|100/100\n|turn|3\n|\n|t:|1776468602\n|detailschange|p1a: Crabominable|Crabominable-Mega, L50, M\n|-mega|p1a: Crabominable|Crabominable|Crabominite\n|move|p2a: Gallade|Sacred Sword|p1a: Crabominable\n|-supereffective|p1a: Crabominable|1\n|-damage|p1a: Crabominable|11/100\n|move|p1b: Pelipper|Hurricane|p2a: Gallade\n|-supereffective|p2a: Gallade|1\n|-damage|p2a: Gallade|0 fnt\n|faint|p2a: Gallade\n|move|p2b: Farigiraf|Psychic Noise|p1b: Pelipper\n|-damage|p1b: Pelipper|32/100\n|-start|p1b: Pelipper|move: Heal Block\n|move|p1a: Crabominable|Ice Hammer|p2b: Farigiraf\n|-damage|p2b: Farigiraf|14/100\n|-unboost|p1a: Crabominable|spe|1\n|-enditem|p2b: Farigiraf|Sitrus Berry|[eat]\n|-heal|p2b: Farigiraf|38/100|[from] item: Sitrus Berry\n|\n|-weather|RainDance|[upkeep]\n|upkeep\n|\n|t:|1776468616\n|switch|p2a: Aerodactyl|Aerodactyl, L50, F|100/100\n|-ability|p2a: Aerodactyl|Unnerve\n|turn|4\n|\n|t:|1776468634\n|switch|p1a: Incineroar|Incineroar, L50, F|100/100\n|-ability|p1a: Incineroar|Intimidate|boost\n|-unboost|p2a: Aerodactyl|atk|1\n|-unboost|p2b: Farigiraf|atk|1\n|move|p1b: Pelipper|Wide Guard|p1b: Pelipper\n|-singleturn|p1b: Pelipper|Wide Guard\n|move|p2a: Aerodactyl|Tailwind|p2a: Aerodactyl\n|-sidestart|p2: mkugmrs_guest|move: Tailwind\n|move|p2b: Farigiraf|Psychic Noise|p1a: Incineroar\n|-immune|p1a: Incineroar\n|\n|-weather|RainDance|[upkeep]\n|-end|p1b: Pelipper|move: Heal Block\n|upkeep\n|turn|5\n|inactive|randomname5642 has 30 seconds left.\n|\n|t:|1776468660\n|move|p2b: Farigiraf|Protect|p2b: Farigiraf\n|-singleturn|p2b: Farigiraf|Protect\n|move|p2a: Aerodactyl|Dual Wingbeat|p1b: Pelipper\n|-damage|p1b: Pelipper|19/100\n|-damage|p1b: Pelipper|6/100\n|-hitcount|p1b: Pelipper|2\n|move|p1b: Pelipper|Weather Ball|p2b: Farigiraf\n|-activate|p2b: Farigiraf|move: Protect\n|move|p1a: Incineroar|Flare Blitz|p2b: Farigiraf\n|-activate|p2b: Farigiraf|move: Protect\n|\n|-weather|none\n|upkeep\n|turn|6\n|inactive|mkugmrs_guest has 30 seconds left.\n|\n|t:|1776468691\n|move|p1b: Pelipper|Wide Guard|p1b: Pelipper\n|-singleturn|p1b: Pelipper|Wide Guard\n|move|p2a: Aerodactyl|Dual Wingbeat|p1a: Incineroar\n|-damage|p1a: Incineroar|90/100\n|-damage|p1a: Incineroar|78/100\n|-hitcount|p1a: Incineroar|2\n|move|p2b: Farigiraf|Psychic Noise|p1b: Pelipper\n|-damage|p1b: Pelipper|0 fnt\n|faint|p1b: Pelipper\n|move|p1a: Incineroar|Flare Blitz|p2b: Farigiraf\n|-damage|p2b: Farigiraf|0 fnt\n|faint|p2b: Farigiraf\n|-damage|p1a: Incineroar|66/100|[from] Recoil\n|\n|upkeep\n|\n|t:|1776468708\n|switch|p1b: Crabominable|Crabominable-Mega, L50, M|11/100\n|switch|p2b: Floette|Floette-Eternal, L50, F|100/100\n|turn|7\n|\n|t:|1776468719\n|detailschange|p2b: Floette|Floette-Mega, L50, F\n|-mega|p2b: Floette|Floette|Floettite\n|-ability|p2b: Floette|Fairy Aura\n|move|p2a: Aerodactyl|Rock Slide|p1b: Crabominable|[spread] p1a,p1b\n|-supereffective|p1a: Incineroar|1\n|-damage|p1a: Incineroar|29/100\n|-damage|p1b: Crabominable|0 fnt\n|faint|p1b: Crabominable\n|move|p2b: Floette|Dazzling Gleam|p1a: Incineroar\n|-damage|p1a: Incineroar|0 fnt\n|faint|p1a: Incineroar\n|\n|win|mkugmrs_guest\n|raw|randomname5642's rating: 1105 &rarr; <strong>1082</strong><br />(-23 for losing)\n|raw|mkugmrs_guest's rating: 1130 &rarr; <strong>1153</strong><br />(+23 for winning)\n",
  "uploadtime": 1776468731,
  "views": 21,
  "formatid": "gen9championsvgc2026regma",
  "rating": 1082,
  "private": 0,
  "password": null
}