{
  "id": "gen9championsvgc2026regma-2588184219",
  "format": "[Gen 9 Champions] VGC 2026 Reg M-A",
  "players": [
    "giftedyew",
    "magicalarcher57"
  ],
  "log": "|j|\u2606giftedyew\n|j|\u2606magicalarcher57\n|html|<table width=\"100%\"><tr><td align=\"left\">giftedyew</td><td align=\"right\">magicalarcher57</tr><tr><td align=\"left\"><i class=\"fa fa-circle-o\"></i> <i class=\"fa fa-circle-o\"></i> </td><td align=\"right\"><i class=\"fa fa-circle-o\"></i> <i class=\"fa fa-circle\"></i> </tr></table>\n|uhtml|bestof|<h2><strong>Game 2</strong> of <a href=\"/game-bestof3-gen9championsvgc2026regma-2588180657\">a best-of-3</a></h2>\n|t:|1776612378\n|gametype|doubles\n|player|p1|giftedyew|1|\n|player|p2|magicalarcher57|valerie|\n|gen|9\n|tier|[Gen 9 Champions] VGC 2026 Reg M-A\n|rated|Tournament battle\n|rule|Species Clause: Limit one of each Pok\u00e9mon\n|rule|Item Clause: Limit 1 of each item\n|raw|<div class=\"infobox\"><details class=\"readmore\" open><summary><strong>2 custom rules:</strong></summary> Force Open Team Sheets, Best of = 3</details></div>\n|clearpoke\n|poke|p1|Aegislash, L50, M, shiny|\n|poke|p1|Garchomp, L50, M|\n|poke|p1|Milotic, L50, F, shiny|\n|poke|p1|Floette-Eternal, L50, F|\n|poke|p1|Sneasler, L50, M|\n|poke|p1|Aerodactyl, L50, F|\n|poke|p2|Kangaskhan, L50, F, shiny|\n|poke|p2|Farigiraf, L50, F, shiny|\n|poke|p2|Talonflame, L50, M, shiny|\n|poke|p2|Floette-Eternal, L50, F|\n|poke|p2|Sneasler, L50, F, shiny|\n|poke|p2|Basculegion, L50, M|\n|teampreview|4\n|showteam|p1|Aegislash||SpellTag|StanceChange|Poltergeist,IronHead,ShadowSneak,KingsShield|||M|||50|]Garchomp||LumBerry|RoughSkin|Earthquake,StompingTantrum,RockSlide,Protect|||M|||50|]Milotic||SitrusBerry|Competitive|Scald,IcyWind,Recover,Protect|||F|||50|]Floette-Eternal||Floettite|FlowerVeil|Moonblast,DazzlingGleam,LightofRuin,Protect|||F|||50|]Sneasler||WhiteHerb|Unburden|DireClaw,CloseCombat,Protect,FakeOut|||M|||50|]Aerodactyl||FocusSash|Unnerve|RockSlide,DualWingbeat,Tailwind,Protect|||F|||50|\n|showteam|p2|Kangaskhan||Kangaskhanite|Scrappy|FakeOut,HammerArm,DoubleEdge,Crunch|||F|||50|]Farigiraf||ColburBerry|ArmorTail|ShadowBall,HyperVoice,TrickRoom,Psychic|||F|||50|]Talonflame||SharpBeak|GaleWings|Tailwind,Taunt,Protect,BraveBird|||M|||50|]Floette-Eternal||Floettite|FlowerVeil|Moonblast,LightofRuin,DazzlingGleam,Protect|||F|||50|]Sneasler||FocusSash|Unburden|FakeOut,CloseCombat,DireClaw,Protect|||F|||50|]Basculegion||MysticWater|Adaptability|AquaJet,LastRespects,Protect,WaveCrash|||M|||50|\n|j| Alpharceus\n|j| coquito09\n|j| 23456ujhgrew\n|\n|t:|1776612418\n|teamsize|p1|4\n|teamsize|p2|4\n|start\n|switch|p1a: Aegislash|Aegislash, L50, M, shiny|100/100\n|switch|p1b: Floette|Floette-Eternal, L50, F|100/100\n|switch|p2a: Athena|Talonflame, L50, M, shiny|100/100\n|switch|p2b: Floette|Floette-Eternal, L50, F|100/100\n|turn|1\n|\n|t:|1776612446\n|detailschange|p1b: Floette|Floette-Mega, L50, F\n|-mega|p1b: Floette|Floette|Floettite\n|-ability|p1b: Floette|Fairy Aura\n|move|p2b: Floette|Protect|p2b: Floette\n|-singleturn|p2b: Floette|Protect\n|move|p1a: Aegislash|King's Shield|p1a: Aegislash\n|-singleturn|p1a: Aegislash|Protect\n|move|p2a: Athena|Tailwind|p2a: Athena\n|-sidestart|p2: magicalarcher57|move: Tailwind\n|move|p1b: Floette|Moonblast|p2a: Athena\n|-resisted|p2a: Athena|1\n|-damage|p2a: Athena|41/100\n|\n|upkeep\n|turn|2\n|\n|t:|1776612475\n|detailschange|p2b: Floette|Floette-Mega, L50, F\n|-mega|p2b: Floette|Floette|Floettite\n|-ability|p2b: Floette|Fairy Aura\n|move|p2a: Athena|Taunt|p1a: Aegislash\n|-start|p1a: Aegislash|move: Taunt\n|move|p2b: Floette|Light of Ruin|p1b: Floette\n|-damage|p1b: Floette|0 fnt\n|faint|p1b: Floette\n|-damage|p2b: Floette|51/100|[from] Recoil\n|-formechange|p1a: Aegislash|Aegislash-Blade|\n|move|p1a: Aegislash|Iron Head|p2b: Floette\n|-supereffective|p2b: Floette|1\n|-damage|p2b: Floette|0 fnt\n|faint|p2b: Floette\n|\n|upkeep\n|\n|t:|1776612483\n|switch|p1b: Milotic|Milotic, L50, F, shiny|100/100\n|switch|p2b: Basculegion|Basculegion, L50, M|100/100\n|turn|3\n|l| 23456ujhgrew\n|\n|t:|1776612506\n|switch|p1a: Sneasler|Sneasler, L50, M|100/100\n|move|p2a: Athena|Taunt|p1b: Milotic\n|-start|p1b: Milotic|move: Taunt\n|move|p2b: Basculegion|Last Respects|p1a: Sneasler\n|-damage|p1a: Sneasler|0 fnt\n|faint|p1a: Sneasler\n|move|p1b: Milotic|Icy Wind|p2b: Basculegion|[spread] p2a,p2b\n|-resisted|p2b: Basculegion|1\n|-damage|p2a: Athena|25/100\n|-damage|p2b: Basculegion|95/100\n|-unboost|p2a: Athena|spe|1\n|-unboost|p2b: Basculegion|spe|1\n|\n|upkeep\n|\n|t:|1776612517\n|switch|p1a: Aegislash|Aegislash, L50, M, shiny|100/100\n|turn|4\n|\n|t:|1776612529\n|switch|p2b: Sneasler|Sneasler, L50, F, shiny|100/100\n|move|p2a: Athena|Taunt|p1a: Aegislash\n|-start|p1a: Aegislash|move: Taunt\n|move|p1b: Milotic|Scald|p2a: Athena\n|-supereffective|p2a: Athena|1\n|-damage|p2a: Athena|0 fnt\n|faint|p2a: Athena\n|-formechange|p1a: Aegislash|Aegislash-Blade|\n|move|p1a: Aegislash|Poltergeist|p2b: Sneasler\n|-activate|p2b: Sneasler|move: Poltergeist|Focus Sash\n|-enditem|p2b: Sneasler|Focus Sash\n|-damage|p2b: Sneasler|1/100\n|\n|-sideend|p2: magicalarcher57|move: Tailwind\n|upkeep\n|j| takinggaming\n|\n|t:|1776612533\n|switch|p2a: Basculegion|Basculegion, L50, M|95/100\n|turn|5\n|\n|t:|1776612548\n|move|p2b: Sneasler|Protect|p2b: Sneasler\n|-singleturn|p2b: Sneasler|Protect\n|move|p1a: Aegislash|Shadow Sneak|p2a: Basculegion\n|-supereffective|p2a: Basculegion|1\n|-damage|p2a: Basculegion|36/100\n|move|p1b: Milotic|Icy Wind|p2a: Basculegion|[spread] p2a\n|-activate|p2b: Sneasler|move: Protect\n|-resisted|p2a: Basculegion|1\n|-damage|p2a: Basculegion|30/100\n|-unboost|p2a: Basculegion|spe|1\n|move|p2a: Basculegion|Last Respects|p1a: Aegislash\n|-supereffective|p1a: Aegislash|1\n|-damage|p1a: Aegislash|0 fnt\n|faint|p1a: Aegislash\n|\n|-end|p1b: Milotic|move: Taunt\n|upkeep\n|turn|6\n|\n|t:|1776612554\n|move|p2b: Sneasler|Close Combat|p1b: Milotic\n|-damage|p1b: Milotic|44/100\n|-unboost|p2b: Sneasler|def|1\n|-unboost|p2b: Sneasler|spd|1\n|-enditem|p1b: Milotic|Sitrus Berry|[eat]\n|-heal|p1b: Milotic|68/100|[from] item: Sitrus Berry\n|move|p1b: Milotic|Icy Wind|p2a: Basculegion|[spread] p2a,p2b\n|-resisted|p2a: Basculegion|1\n|-damage|p2a: Basculegion|25/100\n|-damage|p2b: Sneasler|0 fnt\n|-unboost|p2a: Basculegion|spe|1\n|faint|p2b: Sneasler\n|move|p2a: Basculegion|Last Respects|p1b: Milotic\n|-damage|p1b: Milotic|0 fnt\n|faint|p1b: Milotic\n|\n|win|magicalarcher57\n",
  "uploadtime": 1776612555,
  "views": 5,
  "formatid": "gen9championsvgc2026regma",
  "rating": null,
  "private": 0,
  "password": null
}