{
  "id": "gen9championsvgc2026regma-2588078417",
  "format": "[Gen 9 Champions] VGC 2026 Reg M-A",
  "players": [
    "0522kk",
    "farangjake"
  ],
  "log": "|j|\u26060522kk\n|j|\u2606farangjake\n|t:|1776601735\n|gametype|doubles\n|player|p1|0522kk|2|1078\n|player|p2|farangjake|hilbert|1000\n|gen|9\n|tier|[Gen 9 Champions] VGC 2026 Reg M-A\n|rated|\n|rule|Species Clause: Limit one of each Pok\u00e9mon\n|rule|Item Clause: Limit 1 of each item\n|clearpoke\n|poke|p1|Froslass, L50, F, shiny|\n|poke|p1|Sneasler, L50, F, shiny|\n|poke|p1|Kingambit, L50, F, shiny|\n|poke|p1|Talonflame, L50, M, shiny|\n|poke|p1|Milotic, L50, M, shiny|\n|poke|p1|Garchomp, L50, M, shiny|\n|poke|p2|Floette-Eternal, L50, F|\n|poke|p2|Sneasler, L50, M|\n|poke|p2|Garchomp, L50, M|\n|poke|p2|Aerodactyl, L50, F|\n|poke|p2|Basculegion, L50, M|\n|poke|p2|Incineroar, L50, M|\n|teampreview|4\n|inactive|Battle timer is ON: inactive players will automatically lose when time's up. (requested by 0522kk)\n|inactive|farangjake has 60 seconds left.\n|\n|t:|1776601794\n|teamsize|p1|4\n|teamsize|p2|4\n|start\n|switch|p1a: Kingambit|Kingambit, L50, F, shiny|100/100\n|switch|p1b: Talonflame|Talonflame, L50, M, shiny|100/100\n|switch|p2a: Aerodactyl|Aerodactyl, L50, F|100/100\n|switch|p2b: Garchomp|Garchomp, L50, M|100/100\n|-ability|p2a: Aerodactyl|Unnerve\n|turn|1\n|\n|t:|1776601809\n|move|p1b: Talonflame|Tailwind|p1b: Talonflame\n|-sidestart|p1: 0522kk|move: Tailwind\n|move|p2a: Aerodactyl|Tailwind|p2a: Aerodactyl\n|-sidestart|p2: farangjake|move: Tailwind\n|move|p2b: Garchomp|Rock Slide|p1b: Talonflame|[spread] p1a,p1b\n|-resisted|p1a: Kingambit|1\n|-supereffective|p1b: Talonflame|2\n|-damage|p1a: Kingambit|94/100\n|-enditem|p1b: Talonflame|Focus Sash\n|-damage|p1b: Talonflame|1/100\n|move|p1a: Kingambit|Iron Head|p2a: Aerodactyl\n|-supereffective|p2a: Aerodactyl|1\n|-enditem|p2a: Aerodactyl|Focus Sash\n|-damage|p2a: Aerodactyl|1/100\n|\n|upkeep\n|turn|2\n|\n|t:|1776601832\n|move|p2a: Aerodactyl|Protect|p2a: Aerodactyl\n|-singleturn|p2a: Aerodactyl|Protect\n|move|p1a: Kingambit|Sucker Punch||[still]\n|-fail|p1a: Kingambit\n|move|p1b: Talonflame|Overheat|p2b: Garchomp\n|-resisted|p2b: Garchomp|1\n|-damage|p2b: Garchomp|73/100\n|-unboost|p1b: Talonflame|spa|2\n|move|p2b: Garchomp|Earthquake|p1b: Talonflame|[spread] p1a\n|-activate|p2a: Aerodactyl|move: Protect\n|-immune|p1b: Talonflame\n|-supereffective|p1a: Kingambit|1\n|-damage|p1a: Kingambit|33/100\n|\n|upkeep\n|turn|3\n|\n|t:|1776601842\n|move|p2a: Aerodactyl|Protect||[still]\n|-fail|p2a: Aerodactyl\n|move|p1b: Talonflame|Protect|p1b: Talonflame\n|-singleturn|p1b: Talonflame|Protect\n|move|p1a: Kingambit|Sucker Punch|p2b: Garchomp\n|-damage|p2b: Garchomp|28/100\n|-damage|p1a: Kingambit|20/100|[from] ability: Rough Skin|[of] p2b: Garchomp\n|move|p2b: Garchomp|Earthquake|p1a: Kingambit|[spread] p1a\n|-activate|p1b: Talonflame|move: Protect\n|-immune|p2a: Aerodactyl\n|-supereffective|p1a: Kingambit|1\n|-damage|p1a: Kingambit|0 fnt\n|faint|p1a: Kingambit\n|\n|upkeep\n|\n|t:|1776601852\n|switch|p1a: Sneasler|Sneasler, L50, F, shiny|100/100\n|turn|4\n|\n|t:|1776601863\n|move|p2a: Aerodactyl|Protect|p2a: Aerodactyl\n|-singleturn|p2a: Aerodactyl|Protect\n|move|p1b: Talonflame|Air Slash|p2a: Aerodactyl\n|-activate|p2a: Aerodactyl|move: Protect\n|move|p1a: Sneasler|Close Combat|p2b: Garchomp\n|-damage|p2b: Garchomp|0 fnt\n|-unboost|p1a: Sneasler|def|1\n|-unboost|p1a: Sneasler|spd|1\n|-damage|p1a: Sneasler|88/100|[from] ability: Rough Skin|[of] p2b: Garchomp\n|faint|p2b: Garchomp\n|-enditem|p1a: Sneasler|White Herb\n|-clearnegativeboost|p1a: Sneasler|[silent]\n|\n|-sideend|p2: farangjake|move: Tailwind\n|-sideend|p1: 0522kk|move: Tailwind\n|upkeep\n|\n|t:|1776601869\n|switch|p2b: Basculegion|Basculegion, L50, M|100/100\n|turn|5\n|\n|t:|1776601884\n|move|p1b: Talonflame|Protect|p1b: Talonflame\n|-singleturn|p1b: Talonflame|Protect\n|move|p1a: Sneasler|Rock Slide|p2a: Aerodactyl|[spread] p2a,p2b\n|-supereffective|p2a: Aerodactyl|1\n|-damage|p2a: Aerodactyl|0 fnt\n|-damage|p2b: Basculegion|74/100\n|faint|p2a: Aerodactyl\n|move|p2b: Basculegion|Last Respects|p1b: Talonflame\n|-activate|p1b: Talonflame|move: Protect\n|\n|upkeep\n|\n|t:|1776601888\n|switch|p2a: Floette|Floette-Eternal, L50, F|100/100\n|turn|6\n|\n|t:|1776601906\n|detailschange|p2a: Floette|Floette-Mega, L50, F\n|-mega|p2a: Floette|Floette|Floettite\n|-ability|p2a: Floette|Fairy Aura\n|move|p2a: Floette|Protect|p2a: Floette\n|-singleturn|p2a: Floette|Protect\n|move|p1a: Sneasler|Dire Claw|p2a: Floette\n|-activate|p2a: Floette|move: Protect\n|move|p2b: Basculegion|Last Respects|p1a: Sneasler\n|-damage|p1a: Sneasler|0 fnt\n|faint|p1a: Sneasler\n|move|p1b: Talonflame|Tailwind|p1b: Talonflame\n|-sidestart|p1: 0522kk|move: Tailwind\n|\n|upkeep\n|\n|t:|1776601917\n|switch|p1a: Froslass|Froslass, L50, F, shiny|100/100\n|turn|7\n|\n|t:|1776601924\n|detailschange|p1a: Froslass|Froslass-Mega, L50, F, shiny\n|-mega|p1a: Froslass|Froslass|Froslassite\n|-weather|Snowscape|[from] ability: Snow Warning|[of] p1a: Froslass\n|move|p1b: Talonflame|Air Slash|p2a: Floette\n|-damage|p2a: Floette|87/100\n|move|p1a: Froslass|Shadow Ball|p2b: Basculegion\n|-supereffective|p2b: Basculegion|1\n|-damage|p2b: Basculegion|0 fnt\n|faint|p2b: Basculegion\n|move|p2a: Floette|Dazzling Gleam|p1b: Talonflame|[spread] p1a,p1b\n|-resisted|p1b: Talonflame|1\n|-damage|p1a: Froslass|53/100\n|-damage|p1b: Talonflame|0 fnt\n|faint|p1b: Talonflame\n|\n|-weather|Snowscape|[upkeep]\n|upkeep\n|turn|8\n|\n|t:|1776601937\n|move|p1a: Froslass|Disable|p2a: Floette\n|-start|p2a: Floette|Disable|Dazzling Gleam\n|move|p2a: Floette|Moonblast|p1a: Froslass\n|-crit|p1a: Froslass\n|-damage|p1a: Froslass|0 fnt\n|faint|p1a: Froslass\n|\n|win|farangjake\n|raw|0522kk's rating: 1078 &rarr; <strong>1052</strong><br />(-26 for losing)\n|raw|farangjake's rating: 1000 &rarr; <strong>1049</strong><br />(+49 for winning)\n",
  "uploadtime": 1776601940,
  "views": 15,
  "formatid": "gen9championsvgc2026regma",
  "rating": 1049,
  "private": 0,
  "password": null
}