{
  "id": "gen9championsvgc2026regma-2582905882",
  "format": "[Gen 9 Champions] VGC 2026 Reg M-A",
  "players": [
    "keloke",
    "LudwigVonHohenheim"
  ],
  "log": "|j|\u2606keloke\n|j|\u2606LudwigVonHohenheim\n|t:|1776123785\n|gametype|doubles\n|player|p1|keloke|veteran|1074\n|player|p2|LudwigVonHohenheim|grimsley|1097\n|gen|9\n|tier|[Gen 9 Champions] VGC 2026 Reg M-A\n|rated|\n|rule|Species Clause: Limit one of each Pok\u00e9mon\n|rule|Item Clause: Limit 1 of each item\n|clearpoke\n|poke|p1|Milotic, L50, M|\n|poke|p1|Floette-Eternal, L50, F|\n|poke|p1|Aerodactyl, L50, F|\n|poke|p1|Garchomp, L50, M|\n|poke|p1|Incineroar, L50, M|\n|poke|p1|Scizor, L50, M|\n|poke|p2|Vivillon, L50, F|\n|poke|p2|Incineroar, L50, F|\n|poke|p2|Garchomp, L50, F|\n|poke|p2|Lucario, L50, M|\n|poke|p2|Primarina, L50, M|\n|poke|p2|Farigiraf, L50, F|\n|teampreview|4\n|\n|t:|1776123823\n|teamsize|p1|4\n|teamsize|p2|4\n|start\n|switch|p1a: Vivora|Milotic, L50, M|100/100\n|switch|p1b: TijeraRoja|Scizor, L50, M, shiny|100/100\n|switch|p2a: Vivillon|Vivillon, L50, F|100/100\n|switch|p2b: Incineroar|Incineroar, L50, F|100/100\n|-ability|p2b: Incineroar|Intimidate|boost\n|-unboost|p1a: Vivora|atk|1\n|-ability|p1a: Vivora|Competitive|boost\n|-boost|p1a: Vivora|spa|2\n|-unboost|p1b: TijeraRoja|atk|1\n|turn|1\n|\n|t:|1776123849\n|move|p1b: TijeraRoja|Protect|p1b: TijeraRoja\n|-singleturn|p1b: TijeraRoja|Protect\n|move|p2b: Incineroar|Fake Out|p1a: Vivora\n|-damage|p1a: Vivora|89/100\n|move|p2a: Vivillon|Tailwind|p2a: Vivillon\n|-sidestart|p2: LudwigVonHohenheim|move: Tailwind\n|cant|p1a: Vivora|flinch\n|\n|-heal|p1a: Vivora|95/100|[from] item: Leftovers\n|upkeep\n|turn|2\n|inactive|Battle timer is ON: inactive players will automatically lose when time's up. (requested by keloke)\n|\n|t:|1776123879\n|move|p1b: TijeraRoja|Bullet Punch|p2a: Vivillon\n|-damage|p2a: Vivillon|45/100\n|move|p2a: Vivillon|Sleep Powder|p1a: Vivora\n|-status|p1a: Vivora|slp|[from] move: Sleep Powder\n|move|p2b: Incineroar|Darkest Lariat|p1a: Vivora\n|-damage|p1a: Vivora|62/100 slp\n|cant|p1a: Vivora|slp\n|\n|-heal|p1a: Vivora|68/100 slp|[from] item: Leftovers\n|upkeep\n|turn|3\n|inactive|keloke has 30 seconds left.\n|\n|t:|1776123905\n|switch|p2a: Farigiraf|Farigiraf, L50, F|100/100\n|move|p1b: TijeraRoja|Bullet Punch||[still]\n|cant|p2a: Farigiraf|ability: Armor Tail|Bullet Punch|[of] p1b: TijeraRoja\n|move|p2b: Incineroar|Darkest Lariat|p1a: Vivora\n|-damage|p1a: Vivora|35/100 slp\n|-curestatus|p1a: Vivora|slp|[msg]\n|move|p1a: Vivora|Muddy Water|p2b: Incineroar|[spread] p2a\n|-miss|p1a: Vivora|p2b: Incineroar\n|-damage|p2a: Farigiraf|53/100\n|\n|-heal|p1a: Vivora|41/100|[from] item: Leftovers\n|upkeep\n|turn|4\n|\n|t:|1776123928\n|move|p2a: Farigiraf|Hyper Voice|p1a: Vivora|[spread] p1a,p1b\n|-resisted|p1b: TijeraRoja|1\n|-damage|p1a: Vivora|23/100\n|-damage|p1b: TijeraRoja|85/100\n|move|p2b: Incineroar|Darkest Lariat|p1a: Vivora\n|-damage|p1a: Vivora|0 fnt\n|faint|p1a: Vivora\n|move|p1b: TijeraRoja|Bug Bite|p2a: Farigiraf\n|-supereffective|p2a: Farigiraf|1\n|-damage|p2a: Farigiraf|2/100\n|-enditem|p2a: Farigiraf|Sitrus Berry|[from] stealeat|[move] Bug Bite|[of] p1b: TijeraRoja\n|-heal|p1b: TijeraRoja|100/100|[from] item: Sitrus Berry\n|\n|-sideend|p2: LudwigVonHohenheim|move: Tailwind\n|upkeep\n|\n|t:|1776123947\n|switch|p1a: HuesoPiedra|Aerodactyl, L50, F|100/100\n|-ability|p1a: HuesoPiedra|Unnerve\n|turn|5\n|\n|t:|1776123970\n|switch|p2b: Vivillon|Vivillon, L50, F|45/100\n|move|p1a: HuesoPiedra|Tailwind|p1a: HuesoPiedra\n|-sidestart|p1: keloke|move: Tailwind\n|move|p1b: TijeraRoja|Swords Dance|p1b: TijeraRoja\n|-boost|p1b: TijeraRoja|atk|2\n|move|p2a: Farigiraf|Psychic|p1a: HuesoPiedra\n|-damage|p1a: HuesoPiedra|50/100\n|\n|upkeep\n|turn|6\n|inactive|keloke has 30 seconds left.\n|inactive|LudwigVonHohenheim has 30 seconds left.\n|inactive|LudwigVonHohenheim has 20 seconds left.\n|\n|t:|1776124006\n|switch|p2a: Incineroar|Incineroar, L50, F|100/100\n|-ability|p2a: Incineroar|Intimidate|boost\n|-unboost|p1a: HuesoPiedra|atk|1\n|-unboost|p1b: TijeraRoja|atk|1\n|move|p1a: HuesoPiedra|Rock Slide|p2b: Vivillon|[spread] p2a,p2b\n|-supereffective|p2a: Incineroar|1\n|-supereffective|p2b: Vivillon|2\n|-damage|p2a: Incineroar|65/100\n|-damage|p2b: Vivillon|0 fnt\n|faint|p2b: Vivillon\n|move|p1b: TijeraRoja|Swords Dance|p1b: TijeraRoja\n|-boost|p1b: TijeraRoja|atk|2\n|\n|upkeep\n|\n|t:|1776124027\n|switch|p2b: Lucario|Lucario, L50, M|100/100\n|turn|7\n|\n|t:|1776124046\n|detailschange|p2b: Lucario|Lucario-Mega, L50, M\n|-mega|p2b: Lucario|Lucario|Lucarionite\n|move|p1a: HuesoPiedra|Protect|p1a: HuesoPiedra\n|-singleturn|p1a: HuesoPiedra|Protect\n|move|p1b: TijeraRoja|Protect|p1b: TijeraRoja\n|-singleturn|p1b: TijeraRoja|Protect\n|move|p2b: Lucario|Aura Sphere|p1a: HuesoPiedra\n|-activate|p1a: HuesoPiedra|move: Protect\n|move|p2a: Incineroar|Parting Shot|p1a: HuesoPiedra\n|-activate|p1a: HuesoPiedra|move: Protect\n|\n|upkeep\n|turn|8\n|inactive|keloke has 30 seconds left.\n|\n|t:|1776124076\n|switch|p2a: Farigiraf|Farigiraf, L50, F|2/100\n|move|p1b: TijeraRoja|Bullet Punch||[still]\n|cant|p2a: Farigiraf|ability: Armor Tail|Bullet Punch|[of] p1b: TijeraRoja\n|move|p1a: HuesoPiedra|Dual Wingbeat|p2b: Lucario\n|-damage|p2b: Lucario|86/100\n|-damage|p2b: Lucario|71/100\n|-hitcount|p2b: Lucario|2\n|move|p2b: Lucario|Aura Sphere|p1a: HuesoPiedra\n|-damage|p1a: HuesoPiedra|0 fnt\n|faint|p1a: HuesoPiedra\n|\n|-sideend|p1: keloke|move: Tailwind\n|upkeep\n|\n|t:|1776124093\n|switch|p1a: DiegoelFelino|Incineroar, L50, M|100/100\n|-ability|p1a: DiegoelFelino|Intimidate|boost\n|-unboost|p2a: Farigiraf|atk|1\n|-unboost|p2b: Lucario|atk|1\n|turn|9\n|inactive|keloke has 30 seconds left.\n|inactive|LudwigVonHohenheim has 30 seconds left.\n|\n|t:|1776124123\n|switch|p2a: Incineroar|Incineroar, L50, F|65/100\n|-ability|p2a: Incineroar|Intimidate|boost\n|-unboost|p1a: DiegoelFelino|atk|1\n|-unboost|p1b: TijeraRoja|atk|1\n|move|p2b: Lucario|Protect|p2b: Lucario\n|-singleturn|p2b: Lucario|Protect\n|move|p1a: DiegoelFelino|Fake Out|p2b: Lucario\n|-activate|p2b: Lucario|move: Protect\n|move|p1b: TijeraRoja|Swords Dance|p1b: TijeraRoja\n|-boost|p1b: TijeraRoja|atk|2\n|\n|upkeep\n|turn|10\n|\n|t:|1776124143\n|switch|p2b: Farigiraf|Farigiraf, L50, F|2/100\n|move|p1b: TijeraRoja|Bullet Punch||[still]\n|cant|p2b: Farigiraf|ability: Armor Tail|Bullet Punch|[of] p1b: TijeraRoja\n|move|p1a: DiegoelFelino|Flare Blitz|p2b: Farigiraf\n|-damage|p2b: Farigiraf|0 fnt\n|faint|p2b: Farigiraf\n|-damage|p1a: DiegoelFelino|99/100|[from] Recoil\n|move|p2a: Incineroar|Flare Blitz|p1b: TijeraRoja\n|-supereffective|p1b: TijeraRoja|2\n|-damage|p1b: TijeraRoja|0 fnt\n|faint|p1b: TijeraRoja\n|-damage|p2a: Incineroar|37/100|[from] Recoil\n|\n|upkeep\n|\n|t:|1776124159\n|switch|p2b: Lucario|Lucario-Mega, L50, M|71/100\n|turn|11\n|\n|t:|1776124166\n|move|p2b: Lucario|Aura Sphere|p1a: DiegoelFelino\n|-supereffective|p1a: DiegoelFelino|1\n|-damage|p1a: DiegoelFelino|9/100\n|-enditem|p1a: DiegoelFelino|Sitrus Berry|[eat]\n|-heal|p1a: DiegoelFelino|34/100|[from] item: Sitrus Berry\n|move|p1a: DiegoelFelino|Flare Blitz|p2b: Lucario\n|-supereffective|p2b: Lucario|1\n|-damage|p2b: Lucario|0 fnt\n|faint|p2b: Lucario\n|-damage|p1a: DiegoelFelino|17/100|[from] Recoil\n|move|p2a: Incineroar|Darkest Lariat|p1a: DiegoelFelino\n|-resisted|p1a: DiegoelFelino|1\n|-damage|p1a: DiegoelFelino|0 fnt\n|faint|p1a: DiegoelFelino\n|\n|win|LudwigVonHohenheim\n|raw|keloke's rating: 1074 &rarr; <strong>1054</strong><br />(-20 for losing)\n|raw|LudwigVonHohenheim's rating: 1097 &rarr; <strong>1121</strong><br />(+24 for winning)\n|l|\u2606keloke\n|player|p1|\n",
  "uploadtime": 1776124183,
  "views": 19,
  "formatid": "gen9championsvgc2026regma",
  "rating": 1054,
  "private": 0,
  "password": null
}