{
  "id": "gen9championsvgc2026regma-2582935772",
  "format": "[Gen 9 Champions] VGC 2026 Reg M-A",
  "players": [
    "iamsii",
    "ace the des"
  ],
  "log": "|j|\u2606iamsii\n|j|\u2606ace the des\n|t:|1776126460\n|gametype|doubles\n|player|p1|iamsii|hilbert|1012\n|player|p2|ace the des|preschoolerf|1068\n|gen|9\n|tier|[Gen 9 Champions] VGC 2026 Reg M-A\n|rated|\n|rule|Species Clause: Limit one of each Pok\u00e9mon\n|rule|Item Clause: Limit 1 of each item\n|clearpoke\n|poke|p1|Starmie, L50|\n|poke|p1|Pelipper, L50, M|\n|poke|p1|Archaludon, L50, F|\n|poke|p1|Sneasler, L50, F|\n|poke|p1|Incineroar, L50, F|\n|poke|p1|Sinistcha, L50|\n|poke|p2|Golurk, L50|\n|poke|p2|Farigiraf, L50, M|\n|poke|p2|Incineroar, L50, M|\n|poke|p2|Torkoal, L50, F|\n|poke|p2|Sneasler, L50, F|\n|poke|p2|Venusaur, L50, F|\n|teampreview|4\nace the des rejected open team sheets.\n|\n|t:|1776126510\n|teamsize|p1|4\n|teamsize|p2|4\n|start\n|switch|p1a: Starmie|Starmie, L50|100/100\n|switch|p1b: Pelipper|Pelipper, L50, M, shiny|100/100\n|switch|p2a: Farigiraf|Farigiraf, L50, M|100/100\n|switch|p2b: Torkoal|Torkoal, L50, F|100/100\n|-weather|RainDance|[from] ability: Drizzle|[of] p1b: Pelipper\n|-weather|SunnyDay|[from] ability: Drought|[of] p2b: Torkoal\n|turn|1\n|\n|t:|1776126542\n|switch|p1b: Incineroar|Incineroar, L50, F|100/100\n|-ability|p1b: Incineroar|Intimidate|boost\n|-unboost|p2a: Farigiraf|atk|1\n|-unboost|p2b: Torkoal|atk|1\n|detailschange|p1a: Starmie|Starmie-Mega, L50\n|-mega|p1a: Starmie|Starmie|Starminite\n|move|p1a: Starmie|Protect|p1a: Starmie\n|-singleturn|p1a: Starmie|Protect\n|move|p2b: Torkoal|Protect|p2b: Torkoal\n|-singleturn|p2b: Torkoal|Protect\n|move|p2a: Farigiraf|Trick Room|p2a: Farigiraf\n|-fieldstart|move: Trick Room|[of] p2a: Farigiraf\n|\n|-weather|SunnyDay|[upkeep]\n|upkeep\n|turn|2\n|\n|t:|1776126579\n|move|p2a: Farigiraf|Helping Hand|p2b: Torkoal\n|-singleturn|p2b: Torkoal|Helping Hand|[of] p2a: Farigiraf\n|move|p1b: Incineroar|Fake Out||[still]\n|cant|p2a: Farigiraf|ability: Armor Tail|Fake Out|[of] p1b: Incineroar\n|move|p2b: Torkoal|Eruption|p1b: Incineroar|[spread] p1a,p1b\n|-resisted|p1a: Starmie|1\n|-resisted|p1b: Incineroar|1\n|-damage|p1a: Starmie|43/100\n|-damage|p1b: Incineroar|56/100\n|move|p1a: Starmie|Ice Spinner|p2a: Farigiraf\n|-damage|p2a: Farigiraf|65/100\n|\n|-weather|SunnyDay|[upkeep]\n|upkeep\n|turn|3\n|\n|t:|1776126597\n|switch|p1b: Pelipper|Pelipper, L50, M, shiny|100/100\n|-weather|RainDance|[from] ability: Drizzle|[of] p1b: Pelipper\n|move|p2a: Farigiraf|Helping Hand|p2b: Torkoal\n|-singleturn|p2b: Torkoal|Helping Hand|[of] p2a: Farigiraf\n|move|p2b: Torkoal|Eruption|p1b: Pelipper|[spread] p1a,p1b\n|-resisted|p1a: Starmie|1\n|-resisted|p1b: Pelipper|1\n|-damage|p1a: Starmie|23/100\n|-damage|p1b: Pelipper|81/100\n|move|p1a: Starmie|Waterfall|p2b: Torkoal\n|-supereffective|p2b: Torkoal|1\n|-damage|p2b: Torkoal|0 fnt\n|faint|p2b: Torkoal\n|\n|-weather|RainDance|[upkeep]\n|upkeep\n|\n|t:|1776126610\n|switch|p2b: ultra golurk|Golurk, L50, shiny|100/100\n|turn|4\n|\n|t:|1776126622\n|detailschange|p2b: ultra golurk|Golurk-Mega, L50, shiny\n|-mega|p2b: ultra golurk|Golurk|Golurkite\n|move|p2a: Farigiraf|Psychic|p1b: Pelipper\n|-damage|p1b: Pelipper|30/100\n|move|p2b: ultra golurk|Headlong Rush|p1a: Starmie\n|-damage|p1a: Starmie|0 fnt\n|-unboost|p2b: ultra golurk|def|1\n|-unboost|p2b: ultra golurk|spd|1\n|faint|p1a: Starmie\n|move|p1b: Pelipper|Tailwind|p1b: Pelipper\n|-sidestart|p1: iamsii|move: Tailwind\n|\n|-weather|RainDance|[upkeep]\n|upkeep\n|\n|t:|1776126633\n|switch|p1a: Sneasler|Sneasler, L50, F|100/100\n|turn|5\n|\n|t:|1776126644\n|move|p2a: Farigiraf|Psychic|p1b: Pelipper\n|-damage|p1b: Pelipper|0 fnt\n|faint|p1b: Pelipper\n|move|p2b: ultra golurk|Headlong Rush|p1a: Sneasler\n|-supereffective|p1a: Sneasler|1\n|-enditem|p1a: Sneasler|Focus Sash\n|-damage|p1a: Sneasler|1/100\n|-unboost|p2b: ultra golurk|def|1\n|-unboost|p2b: ultra golurk|spd|1\n|move|p1a: Sneasler|Throat Chop|p2b: ultra golurk\n|-supereffective|p2b: ultra golurk|1\n|-damage|p2b: ultra golurk|9/100\n|-start|p2b: ultra golurk|Throat Chop|[silent]\n|\n|-weather|RainDance|[upkeep]\n|-fieldend|move: Trick Room\n|upkeep\n|\n|t:|1776126657\n|switch|p1b: Incineroar|Incineroar, L50, F|56/100\n|-ability|p1b: Incineroar|Intimidate|boost\n|-unboost|p2a: Farigiraf|atk|1\n|-unboost|p2b: ultra golurk|atk|1\n|turn|6\n|\n|t:|1776126672\n|move|p2b: ultra golurk|Protect|p2b: ultra golurk\n|-singleturn|p2b: ultra golurk|Protect\n|move|p1a: Sneasler|Throat Chop|p2b: ultra golurk\n|-activate|p2b: ultra golurk|move: Protect\n|move|p1b: Incineroar|Darkest Lariat|p2a: Farigiraf\n|-supereffective|p2a: Farigiraf|1\n|-damage|p2a: Farigiraf|9/100\n|-enditem|p2a: Farigiraf|Sitrus Berry|[eat]\n|-heal|p2a: Farigiraf|34/100|[from] item: Sitrus Berry\n|move|p2a: Farigiraf|Trick Room|p2a: Farigiraf\n|-fieldstart|move: Trick Room|[of] p2a: Farigiraf\n|\n|-weather|RainDance|[upkeep]\n|-end|p2b: ultra golurk|Throat Chop|[silent]\n|upkeep\n|turn|7\n|\n|t:|1776126692\n|move|p2a: Farigiraf|Psychic|p1a: Sneasler\n|-supereffective|p1a: Sneasler|2\n|-damage|p1a: Sneasler|0 fnt\n|faint|p1a: Sneasler\n|move|p2b: ultra golurk|Headlong Rush|p1b: Incineroar\n|-supereffective|p1b: Incineroar|1\n|-damage|p1b: Incineroar|0 fnt\n|-unboost|p2b: ultra golurk|def|1\n|-unboost|p2b: ultra golurk|spd|1\n|faint|p1b: Incineroar\n|\n|win|ace the des\n|raw|iamsii's rating: 1012 &rarr; <strong>1002</strong><br />(-10 for losing)\n|raw|ace the des's rating: 1068 &rarr; <strong>1093</strong><br />(+25 for winning)\n|l|\u2606iamsii\n|player|p1|\n",
  "uploadtime": 1776126706,
  "views": 12,
  "formatid": "gen9championsvgc2026regma",
  "rating": 1002,
  "private": 0,
  "password": null
}