{
  "id": "gen9championsvgc2026regma-2585229602",
  "format": "[Gen 9 Champions] VGC 2026 Reg M-A",
  "players": [
    "Zoom644Z",
    "isabellissima"
  ],
  "log": "|j|\u2606Zoom644Z\n|j|\u2606isabellissima\n|t:|1776327623\n|gametype|doubles\n|player|p1|Zoom644Z|102|1178\n|player|p2|isabellissima|265|1128\n|gen|9\n|tier|[Gen 9 Champions] VGC 2026 Reg M-A\n|rated|\n|rule|Species Clause: Limit one of each Pok\u00e9mon\n|rule|Item Clause: Limit 1 of each item\n|clearpoke\n|poke|p1|Floette-Eternal, L50, F|\n|poke|p1|Tyranitar, L50, F|\n|poke|p1|Corviknight, L50, M|\n|poke|p1|Incineroar, L50, F|\n|poke|p1|Garchomp, L50, F|\n|poke|p1|Rotom-Wash, L50|\n|poke|p2|Incineroar, L50, F|\n|poke|p2|Gengar, L50, F|\n|poke|p2|Sneasler, L50, M|\n|poke|p2|Maushold-Four, L50|\n|poke|p2|Kommo-o, L50, F|\n|poke|p2|Politoed, L50, M|\n|teampreview|4\n|inactive|Battle timer is ON: inactive players will automatically lose when time's up. (requested by Zoom644Z)\n|inactive|Zoom644Z has 60 seconds left.\n|\n|t:|1776327654\n|teamsize|p1|4\n|teamsize|p2|4\n|start\n|switch|p1a: Garchomp|Garchomp, L50, F|100/100\n|switch|p1b: Rotom|Rotom-Wash, L50|100/100\n|switch|p2a: Incineroar|Incineroar, L50, F, shiny|100/100\n|switch|p2b: Gengar|Gengar, L50, F, shiny|100/100\n|-ability|p2a: Incineroar|Intimidate|boost\n|-unboost|p1a: Garchomp|atk|1\n|-unboost|p1b: Rotom|atk|1\n|turn|1\n|\n|t:|1776327678\n|detailschange|p2b: Gengar|Gengar-Mega, L50, F, shiny\n|-mega|p2b: Gengar|Gengar|Gengarite\n|move|p2a: Incineroar|Fake Out|p1a: Garchomp\n|-damage|p1a: Garchomp|90/100\n|-damage|p2a: Incineroar|88/100|[from] ability: Rough Skin|[of] p1a: Garchomp\n|cant|p1a: Garchomp|flinch\n|move|p2b: Gengar|Perish Song|p2b: Gengar\n|-start|p1a: Garchomp|perish3|[silent]\n|-start|p1b: Rotom|perish3|[silent]\n|-start|p2a: Incineroar|perish3|[silent]\n|-start|p2b: Gengar|perish3|[silent]\n|-fieldactivate|move: Perish Song\n|move|p1b: Rotom|Hydro Pump|p2a: Incineroar\n|-supereffective|p2a: Incineroar|1\n|-damage|p2a: Incineroar|2/100\n|-enditem|p2a: Incineroar|Sitrus Berry|[eat]\n|-heal|p2a: Incineroar|27/100|[from] item: Sitrus Berry\n|\n|-start|p1a: Garchomp|perish3\n|-start|p2b: Gengar|perish3\n|-start|p1b: Rotom|perish3\n|-start|p2a: Incineroar|perish3\n|upkeep\n|turn|2\n|\n|t:|1776327700\n|move|p2b: Gengar|Protect|p2b: Gengar\n|-singleturn|p2b: Gengar|Protect\n|move|p2a: Incineroar|Protect|p2a: Incineroar\n|-singleturn|p2a: Incineroar|Protect\n|move|p1a: Garchomp|Earthquake|p2b: Gengar|[spread] \n|-activate|p2a: Incineroar|move: Protect\n|-activate|p2b: Gengar|move: Protect\n|-immune|p1b: Rotom|[from] ability: Levitate\n|move|p1b: Rotom|Hydro Pump|p2a: Incineroar\n|-activate|p2a: Incineroar|move: Protect\n|\n|-start|p1a: Garchomp|perish2\n|-start|p2b: Gengar|perish2\n|-start|p1b: Rotom|perish2\n|-start|p2a: Incineroar|perish2\n|upkeep\n|turn|3\n|\n|t:|1776327721\n|switch|p2b: Politoed|Politoed, L50, M, shiny|100/100\n|-weather|RainDance|[from] ability: Drizzle|[of] p2b: Politoed\n|move|p1a: Garchomp|Earthquake|p2b: Politoed|[spread] p2a,p2b\n|-immune|p1b: Rotom|[from] ability: Levitate\n|-supereffective|p2a: Incineroar|1\n|-damage|p2a: Incineroar|0 fnt\n|-damage|p2b: Politoed|79/100\n|faint|p2a: Incineroar\n|move|p1b: Rotom|Volt Switch|p2b: Politoed\n|-supereffective|p2b: Politoed|1\n|-damage|p2b: Politoed|30/100\n|\n|t:|1776327736\n|switch|p1b: Floette|Floette-Eternal, L50, F|100/100|[from] Volt Switch\n|\n|-weather|RainDance|[upkeep]\n|-heal|p2b: Politoed|36/100|[from] item: Leftovers\n|-start|p1a: Garchomp|perish1\n|upkeep\n|\n|t:|1776327743\n|switch|p2a: Gengar|Gengar-Mega, L50, F, shiny|100/100\n|turn|4\n|\n|t:|1776327754\n|detailschange|p1b: Floette|Floette-Mega, L50, F\n|-mega|p1b: Floette|Floette|Floettite\n|-ability|p1b: Floette|Fairy Aura\n|move|p2a: Gengar|Protect|p2a: Gengar\n|-singleturn|p2a: Gengar|Protect\n|move|p1b: Floette|Protect|p1b: Floette\n|-singleturn|p1b: Floette|Protect\n|move|p2b: Politoed|Protect|p2b: Politoed\n|-singleturn|p2b: Politoed|Protect\n|move|p1a: Garchomp|Earthquake|p2b: Politoed|[spread] \n|-activate|p1b: Floette|move: Protect\n|-activate|p2a: Gengar|move: Protect\n|-activate|p2b: Politoed|move: Protect\n|\n|-weather|RainDance|[upkeep]\n|-heal|p2b: Politoed|42/100|[from] item: Leftovers\n|-start|p1a: Garchomp|perish0\n|faint|p1a: Garchomp\n|upkeep\n|\n|t:|1776327775\n|switch|p1a: Rotom|Rotom-Wash, L50|100/100\n|turn|5\n|\n|t:|1776327791\n|move|p2a: Gengar|Shadow Ball|p1b: Floette\n|-damage|p1b: Floette|66/100\n|move|p1b: Floette|Dazzling Gleam|p2a: Gengar|[spread] p2a,p2b\n|-resisted|p2a: Gengar|1\n|-crit|p2b: Politoed\n|-damage|p2a: Gengar|75/100\n|-damage|p2b: Politoed|0 fnt\n|faint|p2b: Politoed\n|move|p1a: Rotom|Hydro Pump|p2a: Gengar\n|-damage|p2a: Gengar|0 fnt\n|faint|p2a: Gengar\n|\n|-weather|RainDance|[upkeep]\n|upkeep\n|-message|isabellissima forfeited.\n|\n|win|Zoom644Z\n|raw|Zoom644Z's rating: 1178 &rarr; <strong>1199</strong><br />(+21 for winning)\n|raw|isabellissima's rating: 1128 &rarr; <strong>1107</strong><br />(-21 for losing)\n",
  "uploadtime": 1776327805,
  "views": 51,
  "formatid": "gen9championsvgc2026regma",
  "rating": 1107,
  "private": 0,
  "password": null
}