{
  "id": "gen9championsvgc2026regma-2583856059",
  "format": "[Gen 9 Champions] VGC 2026 Reg M-A",
  "players": [
    "Buttersweets McGee",
    "superidol9527"
  ],
  "log": "|j|\u2606Buttersweets McGee\n|j|\u2606superidol9527\n|t:|1776203047\n|gametype|doubles\n|player|p1|Buttersweets McGee|bugcatcher-gen4dp|1286\n|player|p2|superidol9527|169|1222\n|gen|9\n|tier|[Gen 9 Champions] VGC 2026 Reg M-A\n|rated|\n|rule|Species Clause: Limit one of each Pok\u00e9mon\n|rule|Item Clause: Limit 1 of each item\n|clearpoke\n|poke|p1|Froslass, L50, F|\n|poke|p1|Volcarona, L50, M|\n|poke|p1|Tauros-Paldea-Blaze, L50, M|\n|poke|p1|Azumarill, L50, M|\n|poke|p1|Sneasler, L50, F|\n|poke|p1|Whimsicott, L50, M|\n|poke|p2|Aerodactyl, L50, M|\n|poke|p2|Basculegion-F, L50, F|\n|poke|p2|Floette-Eternal, L50, F|\n|poke|p2|Sneasler, L50, M|\n|poke|p2|Kingambit, L50, F|\n|poke|p2|Incineroar, L50, M|\n|teampreview|4\n|inactive|Battle timer is ON: inactive players will automatically lose when time's up. (requested by superidol9527)\n|\n|t:|1776203109\n|teamsize|p1|4\n|teamsize|p2|4\n|start\n|switch|p1a: Froslass|Froslass, L50, F|100/100\n|switch|p1b: Sneasler|Sneasler, L50, F|100/100\n|switch|p2a: Basculegion|Basculegion-F, L50, F|100/100\n|switch|p2b: Incineroar|Incineroar, L50, M|100/100\n|-ability|p2b: Incineroar|Intimidate|boost\n|-unboost|p1a: Froslass|atk|1\n|-unboost|p1b: Sneasler|atk|1\n|-enditem|p1b: Sneasler|White Herb\n|-clearnegativeboost|p1b: Sneasler|[silent]\n|turn|1\n|inactive|Buttersweets McGee has 30 seconds left.\n|inactive|superidol9527 has 30 seconds left.\n|\n|t:|1776203137\n|switch|p2b: Floette|Floette-Eternal, L50, F|100/100\n|detailschange|p1a: Froslass|Froslass-Mega, L50, F\n|-mega|p1a: Froslass|Froslass|Froslassite\n|-weather|Snowscape|[from] ability: Snow Warning|[of] p1a: Froslass\n|move|p1b: Sneasler|Close Combat|p2b: Floette\n|-resisted|p2b: Floette|1\n|-damage|p2b: Floette|57/100\n|-unboost|p1b: Sneasler|def|1\n|-unboost|p1b: Sneasler|spd|1\n|move|p2a: Basculegion|Muddy Water|p1a: Froslass|[spread] p1a,p1b\n|-damage|p1a: Froslass|57/100\n|-damage|p1b: Sneasler|20/100\n|-unboost|p1a: Froslass|accuracy|1\n|move|p1a: Froslass|Aurora Veil|p1a: Froslass\n|-sidestart|p1: Buttersweets McGee|move: Aurora Veil\n|\n|-weather|Snowscape|[upkeep]\n|upkeep\n|turn|2\n|\n|t:|1776203162\n|switch|p2b: Incineroar|Incineroar, L50, M|100/100\n|-ability|p2b: Incineroar|Intimidate|boost\n|-unboost|p1a: Froslass|atk|1\n|-unboost|p1b: Sneasler|atk|1\n|move|p1b: Sneasler|Rock Tomb|p2a: Basculegion\n|-damage|p2a: Basculegion|85/100\n|-unboost|p2a: Basculegion|spe|1\n|move|p1a: Froslass|Shadow Ball|p2a: Basculegion\n|-supereffective|p2a: Basculegion|1\n|-damage|p2a: Basculegion|0 fnt\n|faint|p2a: Basculegion\n|\n|-weather|Snowscape|[upkeep]\n|upkeep\n|\n|t:|1776203179\n|switch|p2a: Aerodactyl|Aerodactyl, L50, M|100/100\n|-ability|p2a: Aerodactyl|Unnerve\n|turn|3\n|\n|t:|1776203195\n|switch|p1b: Tauros|Tauros-Paldea-Blaze, L50, M|100/100\n|-ability|p1b: Tauros|Intimidate|boost\n|-unboost|p2a: Aerodactyl|atk|1\n|-unboost|p2b: Incineroar|atk|1\n|move|p1a: Froslass|Protect|p1a: Froslass\n|-singleturn|p1a: Froslass|Protect\n|move|p2b: Incineroar|Fake Out|p1b: Tauros\n|-damage|p1b: Tauros|95/100\n|move|p2a: Aerodactyl|Tailwind|p2a: Aerodactyl\n|-sidestart|p2: superidol9527|move: Tailwind\n|\n|-weather|Snowscape|[upkeep]\n|-heal|p1b: Tauros|100/100|[from] item: Leftovers\n|upkeep\n|turn|4\n|inactive|Buttersweets McGee has 30 seconds left.\n|inactive|superidol9527 has 30 seconds left.\n|inactive|Buttersweets McGee has 20 seconds left.\n|inactive|Buttersweets McGee has 15 seconds left.\n|inactive|Buttersweets McGee has 10 seconds left.\n|\n|t:|1776203240\n|switch|p1a: Sneasler|Sneasler, L50, F|20/100\n|move|p2a: Aerodactyl|Rock Slide|p1b: Tauros|[spread] p1a,p1b\n|-resisted|p1a: Sneasler|1\n|-damage|p1a: Sneasler|11/100\n|-damage|p1b: Tauros|88/100\n|move|p2b: Incineroar|Flare Blitz|p1a: Sneasler\n|-damage|p1a: Sneasler|0 fnt\n|faint|p1a: Sneasler\n|-damage|p2b: Incineroar|98/100|[from] Recoil\n|move|p1b: Tauros|Will-O-Wisp|p2a: Aerodactyl\n|-status|p2a: Aerodactyl|brn\n|\n|-weather|Snowscape|[upkeep]\n|-heal|p1b: Tauros|94/100|[from] item: Leftovers\n|-damage|p2a: Aerodactyl|95/100 brn|[from] brn\n|upkeep\n|inactive|Buttersweets McGee has 30 seconds left.\n|\n|t:|1776203273\n|switch|p1a: Froslass|Froslass-Mega, L50, F|57/100\n|turn|5\n|inactive|Buttersweets McGee has 30 seconds left.\n|inactive|Buttersweets McGee has 20 seconds left.\n|\n|t:|1776203310\n|switch|p2b: Floette|Floette-Eternal, L50, F|57/100\n|move|p2a: Aerodactyl|Rock Slide|p1a: Froslass|[spread] p1a,p1b\n|-supereffective|p1a: Froslass|1\n|-damage|p1a: Froslass|46/100\n|-damage|p1b: Tauros|88/100\n|move|p1a: Froslass|Blizzard|p2b: Floette|[spread] p2a,p2b\n|-supereffective|p2a: Aerodactyl|1\n|-damage|p2a: Aerodactyl|0 fnt\n|-damage|p2b: Floette|25/100\n|faint|p2a: Aerodactyl\n|cant|p1b: Tauros|flinch\n|\n|-weather|none\n|-heal|p1b: Tauros|94/100|[from] item: Leftovers\n|-sideend|p1: Buttersweets McGee|move: Aurora Veil\n|upkeep\n|\n|t:|1776203326\n|switch|p2a: Incineroar|Incineroar, L50, M|98/100\n|-ability|p2a: Incineroar|Intimidate|boost\n|-unboost|p1a: Froslass|atk|1\n|-unboost|p1b: Tauros|atk|1\n|turn|6\n|inactive|superidol9527 has 30 seconds left.\n|\n|t:|1776203352\n|detailschange|p2b: Floette|Floette-Mega, L50, F\n|-mega|p2b: Floette|Floette|Floettite\n|-ability|p2b: Floette|Fairy Aura\n|move|p1a: Froslass|Protect|p1a: Froslass\n|-singleturn|p1a: Froslass|Protect\n|move|p1b: Tauros|Protect|p1b: Tauros\n|-singleturn|p1b: Tauros|Protect\n|move|p2b: Floette|Dazzling Gleam|p1b: Tauros|[spread] \n|-activate|p1a: Froslass|move: Protect\n|-activate|p1b: Tauros|move: Protect\n|move|p2a: Incineroar|Throat Chop|p1b: Tauros\n|-activate|p1b: Tauros|move: Protect\n|\n|-heal|p1b: Tauros|99/100|[from] item: Leftovers\n|-sideend|p2: superidol9527|move: Tailwind\n|upkeep\n|turn|7\n|\n|t:|1776203373\n|move|p2b: Floette|Protect|p2b: Floette\n|-singleturn|p2b: Floette|Protect\n|move|p1a: Froslass|Shadow Ball|p2b: Floette\n|-activate|p2b: Floette|move: Protect\n|move|p1b: Tauros|Close Combat|p2a: Incineroar\n|-supereffective|p2a: Incineroar|1\n|-damage|p2a: Incineroar|38/100\n|-unboost|p1b: Tauros|def|1\n|-unboost|p1b: Tauros|spd|1\n|-enditem|p2a: Incineroar|Sitrus Berry|[eat]\n|-heal|p2a: Incineroar|63/100|[from] item: Sitrus Berry\n|move|p2a: Incineroar|Throat Chop|p1a: Froslass\n|-supereffective|p1a: Froslass|1\n|-damage|p1a: Froslass|0 fnt\n|faint|p1a: Froslass\n|\n|-heal|p1b: Tauros|100/100|[from] item: Leftovers\n|upkeep\n|\n|t:|1776203386\n|switch|p1a: Volcarona|Volcarona, L50, M|100/100\n|turn|8\n|\n|t:|1776203407\n|move|p1b: Tauros|Close Combat|p2a: Incineroar\n|-supereffective|p2a: Incineroar|1\n|-damage|p2a: Incineroar|6/100\n|-unboost|p1b: Tauros|def|1\n|-unboost|p1b: Tauros|spd|1\n|move|p1a: Volcarona|Struggle Bug|p2b: Floette|[spread] p2a,p2b\n|-resisted|p2b: Floette|1\n|-damage|p2a: Incineroar|0 fnt\n|-damage|p2b: Floette|20/100\n|-unboost|p2b: Floette|spa|1\n|faint|p2a: Incineroar\n|move|p2b: Floette|Dazzling Gleam|p1a: Volcarona|[spread] p1a,p1b\n|-resisted|p1a: Volcarona|1\n|-damage|p1a: Volcarona|85/100\n|-damage|p1b: Tauros|16/100\n|\n|-heal|p1b: Tauros|22/100|[from] item: Leftovers\n|upkeep\n|turn|9\n|-message|superidol9527 forfeited.\n|\n|win|Buttersweets McGee\n|raw|Buttersweets McGee's rating: 1286 &rarr; <strong>1306</strong><br />(+20 for winning)\n|raw|superidol9527's rating: 1222 &rarr; <strong>1202</strong><br />(-20 for losing)\n|l|\u2606superidol9527\n|player|p2|\n",
  "uploadtime": 1776203431,
  "views": 33,
  "formatid": "gen9championsvgc2026regma",
  "rating": 1202,
  "private": 0,
  "password": null
}