{
  "id": "gen9championsvgc2026regma-2584258510",
  "format": "[Gen 9 Champions] VGC 2026 Reg M-A",
  "players": [
    "AAAlelele",
    "firestrikedab"
  ],
  "log": "|j|\u2606AAAlelele\n|j|\u2606firestrikedab\n|t:|1776244153\n|gametype|doubles\n|player|p1|AAAlelele|ninjaboy|1297\n|player|p2|firestrikedab|266|1284\n|gen|9\n|tier|[Gen 9 Champions] VGC 2026 Reg M-A\n|rated|\n|rule|Species Clause: Limit one of each Pok\u00e9mon\n|rule|Item Clause: Limit 1 of each item\n|clearpoke\n|poke|p1|Sneasler, L50, M|\n|poke|p1|Farigiraf, L50, M|\n|poke|p1|Aerodactyl, L50, M|\n|poke|p1|Lucario, L50, F|\n|poke|p1|Primarina, L50, F|\n|poke|p1|Kingambit, L50, M|\n|poke|p2|Floette-Eternal, L50, F|\n|poke|p2|Talonflame, L50, M|\n|poke|p2|Primarina, L50, M|\n|poke|p2|Maushold, L50|\n|poke|p2|Garchomp, L50, M|\n|poke|p2|Incineroar, L50, F|\n|teampreview|4\n|inactive|Battle timer is ON: inactive players will automatically lose when time's up. (requested by firestrikedab)\n|inactive|AAAlelele has 60 seconds left.\n|inactive|firestrikedab has 60 seconds left.\n|\n|t:|1776244201\n|teamsize|p1|4\n|teamsize|p2|4\n|start\n|switch|p1a: Sneasler|Sneasler, L50, M|100/100\n|switch|p1b: Farigiraf|Farigiraf, L50, M|100/100\n|switch|p2a: Primarina|Primarina, L50, M|100/100\n|switch|p2b: Talonflame|Talonflame, L50, M|100/100\n|turn|1\n|inactive|AAAlelele has 30 seconds left.\n|inactive|firestrikedab has 30 seconds left.\n|\n|t:|1776244230\n|move|p1b: Farigiraf|Helping Hand|p1a: Sneasler\n|-singleturn|p1a: Sneasler|Helping Hand|[of] p1b: Farigiraf\n|move|p2b: Talonflame|Protect|p2b: Talonflame\n|-singleturn|p2b: Talonflame|Protect\n|move|p1a: Sneasler|Dire Claw|p2a: Primarina\n|-supereffective|p2a: Primarina|1\n|-damage|p2a: Primarina|0 fnt\n|faint|p2a: Primarina\n|\n|upkeep\n|inactive|firestrikedab has 30 seconds left.\n|\n|t:|1776244257\n|switch|p2a: Garchomp|Garchomp, L50, M|100/100\n|turn|2\n|\n|t:|1776244267\n|move|p2b: Talonflame|Tailwind|p2b: Talonflame\n|-sidestart|p2: firestrikedab|move: Tailwind\n|move|p2a: Garchomp|Earthquake|p1b: Farigiraf|[spread] p1a,p1b\n|-immune|p2b: Talonflame\n|-supereffective|p1a: Sneasler|1\n|-damage|p1a: Sneasler|0 fnt\n|-damage|p1b: Farigiraf|61/100\n|faint|p1a: Sneasler\n|move|p1b: Farigiraf|Trick Room|p1b: Farigiraf\n|-fieldstart|move: Trick Room|[of] p1b: Farigiraf\n|\n|upkeep\n|\n|t:|1776244276\n|switch|p1a: Primarina|Primarina, L50, F|100/100\n|turn|3\n|\n|t:|1776244293\n|move|p2a: Garchomp|Protect|p2a: Garchomp\n|-singleturn|p2a: Garchomp|Protect\n|move|p2b: Talonflame|Protect|p2b: Talonflame\n|-singleturn|p2b: Talonflame|Protect\n|move|p1a: Primarina|Hyper Voice|p2a: Garchomp|[spread] \n|-activate|p2a: Garchomp|move: Protect\n|-activate|p2b: Talonflame|move: Protect\n|move|p1b: Farigiraf|Hyper Voice|p2a: Garchomp|[spread] \n|-activate|p2a: Garchomp|move: Protect\n|-activate|p2b: Talonflame|move: Protect\n|\n|upkeep\n|turn|4\n|inactive|firestrikedab has 30 seconds left.\n|inactive|firestrikedab has 20 seconds left.\n|\n|t:|1776244329\n|move|p1b: Farigiraf|Hyper Voice|p2a: Garchomp|[spread] p2a,p2b\n|-damage|p2a: Garchomp|63/100\n|-damage|p2b: Talonflame|50/100\n|move|p1a: Primarina|Hyper Voice|p2b: Talonflame|[spread] p2a,p2b\n|-supereffective|p2b: Talonflame|1\n|-damage|p2a: Garchomp|11/100\n|-damage|p2b: Talonflame|0 fnt\n|faint|p2b: Talonflame\n|move|p2a: Garchomp|Earthquake|p1b: Farigiraf|[spread] p1a,p1b\n|-damage|p1a: Primarina|53/100\n|-damage|p1b: Farigiraf|22/100\n|\n|upkeep\n|\n|t:|1776244339\n|switch|p2b: Floette|Floette-Eternal, L50, F|100/100\n|turn|5\n|inactive|firestrikedab has 30 seconds left.\n|inactive|firestrikedab has 20 seconds left.\n|inactive|firestrikedab has 15 seconds left.\n|\n|t:|1776244383\n|detailschange|p2b: Floette|Floette-Mega, L50, F\n|-mega|p2b: Floette|Floette|Floettite\n|-ability|p2b: Floette|Fairy Aura\n|move|p2b: Floette|Protect|p2b: Floette\n|-singleturn|p2b: Floette|Protect\n|move|p2a: Garchomp|Protect|p2a: Garchomp\n|-singleturn|p2a: Garchomp|Protect\n|move|p1a: Primarina|Moonblast|p2b: Floette\n|-activate|p2b: Floette|move: Protect\n|move|p1b: Farigiraf|Hyper Voice|p2b: Floette|[spread] \n|-activate|p2a: Garchomp|move: Protect\n|-activate|p2b: Floette|move: Protect\n|\n|-sideend|p2: firestrikedab|move: Tailwind\n|upkeep\n|turn|6\n|inactive|firestrikedab has 30 seconds left.\n|\n|t:|1776244413\n|move|p2a: Garchomp|Protect||[still]\n|-fail|p2a: Garchomp\n|move|p1b: Farigiraf|Hyper Voice|p2b: Floette|[spread] p2a,p2b\n|-damage|p2a: Garchomp|0 fnt\n|-damage|p2b: Floette|77/100\n|faint|p2a: Garchomp\n|move|p1a: Primarina|Moonblast|p2b: Floette\n|-damage|p2b: Floette|26/100\n|-unboost|p2b: Floette|spa|1\n|move|p2b: Floette|Calm Mind|p2b: Floette\n|-boost|p2b: Floette|spa|1\n|-boost|p2b: Floette|spd|1\n|\n|-fieldend|move: Trick Room\n|upkeep\n|turn|7\n|\n|t:|1776244432\n|move|p2b: Floette|Dazzling Gleam|p1a: Primarina|[spread] p1a,p1b\n|-damage|p1a: Primarina|18/100\n|-damage|p1b: Farigiraf|0 fnt\n|faint|p1b: Farigiraf\n|move|p1a: Primarina|Moonblast|p2b: Floette\n|-damage|p2b: Floette|0 fnt\n|faint|p2b: Floette\n|\n|win|AAAlelele\n|raw|AAAlelele's rating: 1297 &rarr; <strong>1321</strong><br />(+24 for winning)\n|raw|firestrikedab's rating: 1284 &rarr; <strong>1260</strong><br />(-24 for losing)\n",
  "uploadtime": 1776244443,
  "views": 58,
  "formatid": "gen9championsvgc2026regma",
  "rating": 1260,
  "private": 0,
  "password": null
}