{
  "id": "gen9championsvgc2026regma-2586756570",
  "format": "[Gen 9 Champions] VGC 2026 Reg M-A",
  "players": [
    "Sic-beatz",
    "SimMikaze"
  ],
  "log": "|j|\u2606Sic-beatz\n|j|\u2606SimMikaze\n|t:|1776457447\n|gametype|doubles\n|player|p1|Sic-beatz|169|1328\n|player|p2|SimMikaze|miku-ghost|1317\n|gen|9\n|tier|[Gen 9 Champions] VGC 2026 Reg M-A\n|rated|\n|rule|Species Clause: Limit one of each Pok\u00e9mon\n|rule|Item Clause: Limit 1 of each item\n|clearpoke\n|poke|p1|Alakazam, L50, F|\n|poke|p1|Meowstic, L50, M|\n|poke|p1|Garchomp, L50, M|\n|poke|p1|Corviknight, L50, M|\n|poke|p1|Incineroar, L50, F|\n|poke|p1|Sinistcha, L50|\n|poke|p2|Delphox, L50, F|\n|poke|p2|Garchomp, L50, F|\n|poke|p2|Kingambit, L50, M|\n|poke|p2|Sneasler, L50, F|\n|poke|p2|Clefable, L50, F|\n|poke|p2|Basculegion, L50, M|\n|teampreview|4\n|inactive|Battle timer is ON: inactive players will automatically lose when time's up. (requested by Sic-beatz)\n|inactive|Sic-beatz has 60 seconds left.\n|inactive|SimMikaze has 60 seconds left.\n|\n|t:|1776457491\n|teamsize|p1|4\n|teamsize|p2|4\n|start\n|switch|p1a: Garchomp|Garchomp, L50, M, shiny|100/100\n|switch|p1b: Incineroar|Incineroar, L50, F, shiny|100/100\n|switch|p2a: Clefable|Clefable, L50, F|100/100\n|switch|p2b: Kingambit|Kingambit, L50, M|100/100\n|-ability|p1b: Incineroar|Intimidate|boost\n|-unboost|p2a: Clefable|atk|1\n|-unboost|p2b: Kingambit|atk|1\n|-ability|p2b: Kingambit|Defiant|boost\n|-boost|p2b: Kingambit|atk|2\n|turn|1\n|\n|t:|1776457505\n|move|p2a: Clefable|Protect|p2a: Clefable\n|-singleturn|p2a: Clefable|Protect\n|move|p2b: Kingambit|Protect|p2b: Kingambit\n|-singleturn|p2b: Kingambit|Protect\n|move|p1b: Incineroar|Fake Out|p2a: Clefable\n|-activate|p2a: Clefable|move: Protect\n|move|p1a: Garchomp|Earthquake|p2b: Kingambit|[spread] p1b\n|-activate|p2a: Clefable|move: Protect\n|-activate|p2b: Kingambit|move: Protect\n|-supereffective|p1b: Incineroar|1\n|-damage|p1b: Incineroar|27/100\n|-enditem|p1b: Incineroar|Sitrus Berry|[eat]\n|-heal|p1b: Incineroar|52/100|[from] item: Sitrus Berry\n|\n|upkeep\n|turn|2\n|inactive|SimMikaze has 30 seconds left.\n|\n|t:|1776457537\n|switch|p1a: Sinistcha|Sinistcha, L50, shiny|100/100\n|-heal|p1b: Incineroar|77/100|[from] ability: Hospitality|[of] p1a: Sinistcha\n|move|p2b: Kingambit|Sucker Punch||[still]\n|-fail|p2b: Kingambit\n|move|p1b: Incineroar|Flare Blitz|p2b: Kingambit\n|-supereffective|p2b: Kingambit|1\n|-crit|p2b: Kingambit\n|-damage|p2b: Kingambit|0 fnt\n|faint|p2b: Kingambit\n|-damage|p1b: Incineroar|43/100|[from] Recoil\n|move|p2a: Clefable|Moonblast|p1a: Sinistcha\n|-damage|p1a: Sinistcha|74/100\n|\n|upkeep\n|c|\u2606SimMikaze|Oh, noo\n|\n|t:|1776457555\n|switch|p2b: Delphox|Delphox, L50, F|100/100\n|turn|3\n|inactive|Sic-beatz has 30 seconds left.\n|inactive|SimMikaze has 30 seconds left.\n|inactive|Sic-beatz has 20 seconds left.\n|\n|t:|1776457594\n|detailschange|p2b: Delphox|Delphox-Mega, L50, F\n|-mega|p2b: Delphox|Delphox|Delphoxite\n|move|p2a: Clefable|Helping Hand|p2b: Delphox\n|-singleturn|p2b: Delphox|Helping Hand|[of] p2a: Clefable\n|move|p2b: Delphox|Heat Wave|p1b: Incineroar|[spread] p1a\n|-miss|p2b: Delphox|p1b: Incineroar\n|-supereffective|p1a: Sinistcha|1\n|-enditem|p1a: Sinistcha|Occa Berry|[eat]\n|-enditem|p1a: Sinistcha|Occa Berry|[weaken]\n|-damage|p1a: Sinistcha|16/100\n|move|p1a: Sinistcha|Life Dew|p1a: Sinistcha|[spread] p1a,p1b\n|-heal|p1a: Sinistcha|41/100\n|-heal|p1b: Incineroar|68/100\n|move|p1b: Incineroar|Parting Shot|p2b: Delphox\n|-unboost|p2b: Delphox|atk|1\n|-unboost|p2b: Delphox|spa|1\n|\n|t:|1776457610\n|switch|p1b: Garchomp|Garchomp, L50, M, shiny|100/100|[from] Parting Shot\n|\n|upkeep\n|turn|4\n|\n|t:|1776457623\n|switch|p2b: Basculegion|Basculegion, L50, M|100/100\n|switch|p1a: Incineroar|Incineroar, L50, F, shiny|68/100\n|-ability|p1a: Incineroar|Intimidate|boost\n|-unboost|p2a: Clefable|atk|1\n|-unboost|p2b: Basculegion|atk|1\n|move|p1b: Garchomp|Protect|p1b: Garchomp\n|-singleturn|p1b: Garchomp|Protect\n|move|p2a: Clefable|Moonblast|p1b: Garchomp\n|-activate|p1b: Garchomp|move: Protect\n|\n|upkeep\n|turn|5\n|inactive|Sic-beatz has 30 seconds left.\n|\n|t:|1776457654\n|switch|p1a: Corviknight|Corviknight, L50, M, shiny|100/100\n|move|p2b: Basculegion|Wave Crash|p1a: Corviknight\n|-damage|p1a: Corviknight|62/100\n|-damage|p2b: Basculegion|88/100|[from] Recoil\n|move|p1b: Garchomp|Rock Slide|p2a: Clefable|[spread] p2a,p2b\n|-damage|p2a: Clefable|83/100\n|-damage|p2b: Basculegion|62/100\n|move|p2a: Clefable|Moonblast|p1b: Garchomp\n|-supereffective|p1b: Garchomp|1\n|-damage|p1b: Garchomp|37/100\n|\n|-heal|p1a: Corviknight|68/100|[from] item: Leftovers\n|upkeep\n|turn|6\n|inactive|Sic-beatz has 30 seconds left.\n|inactive|SimMikaze has 30 seconds left.\n|inactive|Sic-beatz has 20 seconds left.\n|\n|t:|1776457695\n|switch|p2b: Delphox|Delphox-Mega, L50, F|100/100\n|switch|p1b: Sinistcha|Sinistcha, L50, shiny|41/100\n|-heal|p1a: Corviknight|93/100|[from] ability: Hospitality|[of] p1b: Sinistcha\n|move|p1a: Corviknight|Tailwind|p1a: Corviknight\n|-sidestart|p1: Sic-beatz|move: Tailwind\n|move|p2a: Clefable|Moonblast|p1b: Sinistcha\n|-damage|p1b: Sinistcha|11/100\n|-unboost|p1b: Sinistcha|spa|1\n|\n|-heal|p1a: Corviknight|99/100|[from] item: Leftovers\n|upkeep\n|turn|7\n|inactive|Sic-beatz has 30 seconds left.\n|inactive|SimMikaze has 30 seconds left.\n|inactive|Sic-beatz has 20 seconds left.\n|inactive|Sic-beatz has 15 seconds left.\n|\n|t:|1776457737\n|switch|p1a: Incineroar|Incineroar, L50, F, shiny|68/100\n|-ability|p1a: Incineroar|Intimidate|boost\n|-unboost|p2a: Clefable|atk|1\n|-unboost|p2b: Delphox|atk|1\n|move|p2a: Clefable|Helping Hand|p2b: Delphox\n|-singleturn|p2b: Delphox|Helping Hand|[of] p2a: Clefable\n|move|p2b: Delphox|Heat Wave|p1a: Incineroar|[spread] p1a,p1b\n|-resisted|p1a: Incineroar|1\n|-supereffective|p1b: Sinistcha|1\n|-damage|p1a: Incineroar|45/100\n|-damage|p1b: Sinistcha|0 fnt\n|faint|p1b: Sinistcha\n|\n|upkeep\n|\n|t:|1776457750\n|switch|p1b: Garchomp|Garchomp, L50, M, shiny|37/100\n|turn|8\n|\n|t:|1776457770\n|move|p2b: Delphox|Protect|p2b: Delphox\n|-singleturn|p2b: Delphox|Protect\n|move|p1a: Incineroar|Fake Out|p2a: Clefable\n|-damage|p2a: Clefable|74/100\n|move|p1b: Garchomp|Rock Slide|p2a: Clefable|[spread] p2a\n|-activate|p2b: Delphox|move: Protect\n|-damage|p2a: Clefable|58/100\n|cant|p2a: Clefable|flinch\n|\n|upkeep\n|turn|9\n|inactive|SimMikaze has 30 seconds left.\n|inactive|SimMikaze has 20 seconds left.\n|\n|t:|1776457808\n|switch|p2b: Basculegion|Basculegion, L50, M|62/100\n|move|p1b: Garchomp|Earthquake|p2a: Clefable|[spread] p1a,p2a,p2b\n|-supereffective|p1a: Incineroar|1\n|-damage|p1a: Incineroar|0 fnt\n|-damage|p2a: Clefable|25/100\n|-damage|p2b: Basculegion|9/100\n|-enditem|p2a: Clefable|Sitrus Berry|[eat]\n|-heal|p2a: Clefable|50/100|[from] item: Sitrus Berry\n|faint|p1a: Incineroar\n|move|p2a: Clefable|Moonblast|p1b: Garchomp\n|-supereffective|p1b: Garchomp|1\n|-damage|p1b: Garchomp|0 fnt\n|faint|p1b: Garchomp\n|\n|-sideend|p1: Sic-beatz|move: Tailwind\n|upkeep\n|\n|t:|1776457824\n|switch|p1b: Corviknight|Corviknight, L50, M, shiny|99/100\n|turn|10\n|-message|Sic-beatz forfeited.\n|\n|win|SimMikaze\n|raw|Sic-beatz's rating: 1328 &rarr; <strong>1307</strong><br />(-21 for losing)\n|raw|SimMikaze's rating: 1317 &rarr; <strong>1338</strong><br />(+21 for winning)\n|l|\u2606Sic-beatz\n|player|p1|\n",
  "uploadtime": 1776457832,
  "views": 54,
  "formatid": "gen9championsvgc2026regma",
  "rating": 1307,
  "private": 0,
  "password": null
}