{
  "id": "gen9championsvgc2026regma-2587700757",
  "format": "[Gen 9 Champions] VGC 2026 Reg M-A",
  "players": [
    "Zediante_",
    "Megamajig"
  ],
  "log": "|j|\u2606Zediante_\n|j|\u2606Megamajig\n|t:|1776555273\n|gametype|doubles\n|player|p1|Zediante_|swimmer-gen4|1040\n|player|p2|Megamajig|169|1047\n|gen|9\n|tier|[Gen 9 Champions] VGC 2026 Reg M-A\n|rated|\n|rule|Species Clause: Limit one of each Pok\u00e9mon\n|rule|Item Clause: Limit 1 of each item\n|clearpoke\n|poke|p1|Aggron, L50, M|\n|poke|p1|Sinistcha-Masterpiece, L50|\n|poke|p1|Tyranitar, L50, M|\n|poke|p1|Incineroar, L50, F|\n|poke|p1|Milotic, L50, F|\n|poke|p1|Pelipper, L50, F|\n|poke|p2|Abomasnow, L50, F|\n|poke|p2|Farigiraf, L50, F|\n|poke|p2|Incineroar, L50, F|\n|poke|p2|Froslass, L50, F|\n|poke|p2|Glimmora, L50, M|\n|poke|p2|Rotom-Frost, L50|\n|teampreview|4\n|\n|t:|1776555290\n|teamsize|p1|4\n|teamsize|p2|4\n|start\n|switch|p1a: Incineroar|Incineroar, L50, F|100/100\n|switch|p1b: Sinistcha|Sinistcha-Masterpiece, L50|100/100\n|switch|p2a: Glimmora|Glimmora, L50, M|100/100\n|switch|p2b: Abomasnow|Abomasnow, L50, F|100/100\n|-weather|Snowscape|[from] ability: Snow Warning|[of] p2b: Abomasnow\n|-ability|p1a: Incineroar|Intimidate|boost\n|-unboost|p2a: Glimmora|atk|1\n|-unboost|p2b: Abomasnow|atk|1\n|turn|1\n|inactive|Battle timer is ON: inactive players will automatically lose when time's up. (requested by Megamajig)\n|\n|t:|1776555318\n|move|p1a: Incineroar|Fake Out|p2b: Abomasnow\n|-damage|p2b: Abomasnow|87/100\n|cant|p2b: Abomasnow|flinch\n|move|p2a: Glimmora|Stealth Rock|p1b: Sinistcha\n|-sidestart|p1: Zediante_|move: Stealth Rock\n|move|p1b: Sinistcha|Trick Room|p1b: Sinistcha\n|-fieldstart|move: Trick Room|[of] p1b: Sinistcha\n|\n|-weather|Snowscape|[upkeep]\n|upkeep\n|turn|2\n|\n|t:|1776555338\n|move|p1b: Sinistcha|Protect|p1b: Sinistcha\n|-singleturn|p1b: Sinistcha|Protect\n|move|p1a: Incineroar|Parting Shot|p2b: Abomasnow\n|-unboost|p2b: Abomasnow|atk|1\n|-unboost|p2b: Abomasnow|spa|1\n|\n|t:|1776555345\n|switch|p1a: Tyranitar|Tyranitar, L50, M|100/100|[from] Parting Shot\n|-damage|p1a: Tyranitar|88/100|[from] Stealth Rock\n|-weather|Sandstorm|[from] ability: Sand Stream|[of] p1a: Tyranitar\n|move|p2a: Glimmora|Spikes|p1a: Tyranitar\n|-sidestart|p1: Zediante_|Spikes\n|move|p2b: Abomasnow|Aurora Veil||[still]\n|-fail|p2b: Abomasnow\n|\n|-weather|Sandstorm|[upkeep]\n|-damage|p1b: Sinistcha|94/100|[from] Sandstorm\n|-damage|p2b: Abomasnow|82/100|[from] Sandstorm\n|upkeep\n|turn|3\n|\n|t:|1776555365\n|switch|p1b: Aggron|Aggron, L50, M|100/100\n|-damage|p1b: Aggron|94/100|[from] Stealth Rock\n|-damage|p1b: Aggron|82/100|[from] Spikes\n|switch|p2b: Rotom|Rotom-Frost, L50|100/100\n|move|p1a: Tyranitar|Rock Slide|p2b: Rotom|[spread] p2a,p2b\n|-supereffective|p2b: Rotom|1\n|-damage|p2a: Glimmora|78/100\n|-damage|p2b: Rotom|38/100\n|-activate|p2a: Glimmora|ability: Toxic Debris\n|-sidestart|p1: Zediante_|move: Toxic Spikes\n|move|p2a: Glimmora|Spikes|p1b: Aggron\n|-sidestart|p1: Zediante_|Spikes\n|\n|-weather|Sandstorm|[upkeep]\n|-damage|p2b: Rotom|32/100|[from] Sandstorm\n|upkeep\n|turn|4\n|inactive|Megamajig has 30 seconds left.\n|\n|t:|1776555391\n|switch|p2b: Abomasnow|Abomasnow, L50, F|82/100\n|-weather|Snowscape|[from] ability: Snow Warning|[of] p2b: Abomasnow\n|detailschange|p1b: Aggron|Aggron-Mega, L50, M\n|-mega|p1b: Aggron|Aggron|Aggronite\n|move|p1a: Tyranitar|Protect|p1a: Tyranitar\n|-singleturn|p1a: Tyranitar|Protect\n|move|p2a: Glimmora|Spiky Shield|p2a: Glimmora\n|-singleturn|p2a: Glimmora|move: Protect\n|move|p1b: Aggron|Iron Defense|p1b: Aggron\n|-boost|p1b: Aggron|def|2\n|\n|-weather|Snowscape|[upkeep]\n|upkeep\n|turn|5\n|\n|t:|1776555411\n|switch|p1a: Incineroar|Incineroar, L50, F|100/100\n|-damage|p1a: Incineroar|76/100|[from] Stealth Rock\n|-damage|p1a: Incineroar|59/100|[from] Spikes\n|-status|p1a: Incineroar|psn\n|-ability|p1a: Incineroar|Intimidate|boost\n|-unboost|p2a: Glimmora|atk|1\n|-unboost|p2b: Abomasnow|atk|1\n|move|p1b: Aggron|Body Press|p2b: Abomasnow\n|-supereffective|p2b: Abomasnow|1\n|-damage|p2b: Abomasnow|0 fnt\n|faint|p2b: Abomasnow\n|move|p2a: Glimmora|Spikes|p1b: Aggron\n|-sidestart|p1: Zediante_|Spikes\n|\n|-weather|Snowscape|[upkeep]\n|-damage|p1a: Incineroar|47/100 psn|[from] psn\n|-fieldend|move: Trick Room\n|upkeep\n|-enditem|p1a: Incineroar|Sitrus Berry|[eat]\n|-heal|p1a: Incineroar|72/100 psn|[from] item: Sitrus Berry\n|\n|t:|1776555428\n|switch|p2b: Rotom|Rotom-Frost, L50|32/100\n|turn|6\n|\n|t:|1776555449\n|move|p2a: Glimmora|Spiky Shield|p2a: Glimmora\n|-singleturn|p2a: Glimmora|move: Protect\n|move|p2b: Rotom|Blizzard|p1b: Aggron|[spread] p1a,p1b\n|-resisted|p1a: Incineroar|1\n|-resisted|p1b: Aggron|1\n|-damage|p1a: Incineroar|50/100 psn\n|-damage|p1b: Aggron|60/100\n|move|p1a: Incineroar|Parting Shot|p2b: Rotom\n|-unboost|p2b: Rotom|atk|1\n|-unboost|p2b: Rotom|spa|1\n|\n|t:|1776555459\n|switch|p1a: Tyranitar|Tyranitar, L50, M|88/100|[from] Parting Shot\n|-damage|p1a: Tyranitar|76/100|[from] Stealth Rock\n|-damage|p1a: Tyranitar|52/100|[from] Spikes\n|-status|p1a: Tyranitar|psn\n|-weather|Sandstorm|[from] ability: Sand Stream|[of] p1a: Tyranitar\n|move|p1b: Aggron|Body Press|p2a: Glimmora\n|-activate|p2a: Glimmora|move: Protect\n|-damage|p1b: Aggron|48/100|[from] Spiky Shield|[of] p2a: Glimmora\n|\n|-weather|Sandstorm|[upkeep]\n|-damage|p2b: Rotom|26/100|[from] Sandstorm\n|-damage|p1a: Tyranitar|40/100 psn|[from] psn\n|upkeep\n|turn|7\n|\n|t:|1776555478\n|switch|p1a: Sinistcha|Sinistcha-Masterpiece, L50|94/100\n|-damage|p1a: Sinistcha|82/100|[from] Stealth Rock\n|-damage|p1a: Sinistcha|57/100|[from] Spikes\n|-status|p1a: Sinistcha|psn\n|-heal|p1b: Aggron|73/100|[from] ability: Hospitality|[of] p1a: Sinistcha\n|move|p2b: Rotom|Blizzard|p1b: Aggron|[spread] \n|-miss|p2b: Rotom|p1a: Sinistcha\n|-miss|p2b: Rotom|p1b: Aggron\n|move|p2a: Glimmora|Rest|p2a: Glimmora\n|-status|p2a: Glimmora|slp|[from] move: Rest\n|-heal|p2a: Glimmora|100/100 slp|[silent]\n|-enditem|p2a: Glimmora|Chesto Berry|[eat]\n|-curestatus|p2a: Glimmora|slp|[msg]\n|move|p1b: Aggron|Body Press|p2b: Rotom\n|-supereffective|p2b: Rotom|1\n|-damage|p2b: Rotom|0 fnt\n|faint|p2b: Rotom\n|\n|-weather|Sandstorm|[upkeep]\n|-damage|p1a: Sinistcha|51/100 psn|[from] Sandstorm\n|-damage|p1a: Sinistcha|39/100 psn|[from] psn\n|upkeep\n|\n|t:|1776555500\n|switch|p2b: Froslass|Froslass, L50, F|100/100\n|turn|8\n|\n|t:|1776555511\n|detailschange|p2b: Froslass|Froslass-Mega, L50, F\n|-mega|p2b: Froslass|Froslass|Froslassite\n|-weather|Snowscape|[from] ability: Snow Warning|[of] p2b: Froslass\n|move|p2a: Glimmora|Spiky Shield|p2a: Glimmora\n|-singleturn|p2a: Glimmora|move: Protect\n|move|p2b: Froslass|Blizzard|p1b: Aggron|[spread] p1a,p1b\n|-supereffective|p1a: Sinistcha|1\n|-resisted|p1b: Aggron|1\n|-crit|p1b: Aggron\n|-damage|p1a: Sinistcha|0 fnt\n|-damage|p1b: Aggron|33/100\n|faint|p1a: Sinistcha\n|move|p1b: Aggron|Body Press|p2a: Glimmora\n|-activate|p2a: Glimmora|move: Protect\n|-damage|p1b: Aggron|21/100|[from] Spiky Shield|[of] p2a: Glimmora\n|\n|-weather|Snowscape|[upkeep]\n|upkeep\n|\n|t:|1776555525\n|switch|p1a: Tyranitar|Tyranitar, L50, M|40/100 psn\n|-damage|p1a: Tyranitar|28/100 psn|[from] Stealth Rock\n|-damage|p1a: Tyranitar|3/100 psn|[from] Spikes\n|-weather|Sandstorm|[from] ability: Sand Stream|[of] p1a: Tyranitar\n|turn|9\n|\n|t:|1776555548\n|move|p2b: Froslass|Shadow Ball|p1a: Tyranitar\n|-resisted|p1a: Tyranitar|1\n|-damage|p1a: Tyranitar|0 fnt\n|faint|p1a: Tyranitar\n|move|p2a: Glimmora|Spikes||[still]\n|-fail|p2a: Glimmora\n|move|p1b: Aggron|Stone Edge|p2b: Froslass\n|-supereffective|p2b: Froslass|1\n|-damage|p2b: Froslass|0 fnt\n|faint|p2b: Froslass\n|\n|-weather|Sandstorm|[upkeep]\n|upkeep\n|\n|t:|1776555561\n|switch|p1a: Incineroar|Incineroar, L50, F|50/100 psn\n|-damage|p1a: Incineroar|25/100 psn|[from] Stealth Rock\n|-damage|p1a: Incineroar|0 fnt|[from] Spikes\n|faint|p1a: Incineroar\n|turn|10\n|\n|t:|1776555569\n|move|p2a: Glimmora|Spiky Shield|p2a: Glimmora\n|-singleturn|p2a: Glimmora|move: Protect\n|move|p1b: Aggron|Protect||[still]\n|-fail|p1b: Aggron\n|\n|-weather|Sandstorm|[upkeep]\n|upkeep\n|turn|11\n|\n|t:|1776555583\n|move|p2a: Glimmora|Spiky Shield||[still]\n|-fail|p2a: Glimmora\n|move|p1b: Aggron|Body Press|p2a: Glimmora\n|-damage|p2a: Glimmora|14/100\n|-activate|p2a: Glimmora|ability: Toxic Debris\n|-sidestart|p1: Zediante_|move: Toxic Spikes\n|\n|-weather|Sandstorm|[upkeep]\n|upkeep\n|turn|12\n|\n|t:|1776555592\n|move|p2a: Glimmora|Spiky Shield|p2a: Glimmora\n|-singleturn|p2a: Glimmora|move: Protect\n|move|p1b: Aggron|Protect||[still]\n|-fail|p1b: Aggron\n|\n|-weather|Sandstorm|[upkeep]\n|upkeep\n|turn|13\n|\n|t:|1776555601\n|move|p2a: Glimmora|Spiky Shield||[still]\n|-fail|p2a: Glimmora\n|move|p1b: Aggron|Iron Defense|p1b: Aggron\n|-boost|p1b: Aggron|def|2\n|\n|-weather|none\n|upkeep\n|turn|14\n|\n|t:|1776555613\n|move|p2a: Glimmora|Rest|p2a: Glimmora\n|-status|p2a: Glimmora|slp|[from] move: Rest\n|-heal|p2a: Glimmora|100/100 slp|[silent]\n|move|p1b: Aggron|Stone Edge|p2a: Glimmora\n|-damage|p2a: Glimmora|71/100 slp\n|\n|upkeep\n|turn|15\n|\n|t:|1776555620\n|cant|p2a: Glimmora|slp\n|move|p1b: Aggron|Body Press|p2a: Glimmora\n|-damage|p2a: Glimmora|0 fnt\n|faint|p2a: Glimmora\n|\n|win|Zediante_\n|raw|Zediante_'s rating: 1040 &rarr; <strong>1075</strong><br />(+35 for winning)\n|raw|Megamajig's rating: 1047 &rarr; <strong>1030</strong><br />(-17 for losing)\n|l|\u2606Megamajig\n|player|p2|\n",
  "uploadtime": 1776555849,
  "views": 42,
  "formatid": "gen9championsvgc2026regma",
  "rating": 1030,
  "private": 0,
  "password": null
}