{
  "id": "gen9championsvgc2026regma-2586036326",
  "format": "[Gen 9 Champions] VGC 2026 Reg M-A",
  "players": [
    "SkelyStealth",
    "Lax Machine"
  ],
  "log": "|j|\u2606SkelyStealth\n|j|\u2606Lax Machine\n|t:|1776392475\n|gametype|doubles\n|player|p1|SkelyStealth|yellow|1410\n|player|p2|Lax Machine|102|1519\n|gen|9\n|tier|[Gen 9 Champions] VGC 2026 Reg M-A\n|rated|\n|rule|Species Clause: Limit one of each Pok\u00e9mon\n|rule|Item Clause: Limit 1 of each item\n|clearpoke\n|poke|p1|Farigiraf, L50, F|\n|poke|p1|Mimikyu, L50, M|\n|poke|p1|Incineroar, L50, M|\n|poke|p1|Torkoal, L50, F|\n|poke|p1|Crabominable, L50, F|\n|poke|p1|Chandelure, L50, M|\n|poke|p2|Dragapult, L50, M|\n|poke|p2|Sneasler, L50, F|\n|poke|p2|Incineroar, L50, F|\n|poke|p2|Scovillain, L50, M|\n|poke|p2|Maushold, L50|\n|poke|p2|Espathra, L50, F|\n|teampreview|4\n|inactive|Battle timer is ON: inactive players will automatically lose when time's up. (requested by SkelyStealth)\n|inactive|SkelyStealth has 60 seconds left.\n|\n|t:|1776392536\n|teamsize|p1|4\n|teamsize|p2|4\n|start\n|switch|p1a: I'm Nobody|Mimikyu, L50, M|100/100\n|switch|p1b: Lazy Cat|Incineroar, L50, M|100/100\n|switch|p2a: Dragapult|Dragapult, L50, M|100/100\n|switch|p2b: Scovillain|Scovillain, L50, M|100/100\n|-ability|p1b: Lazy Cat|Intimidate|boost\n|-fail|p2a: Dragapult|unboost|[from] ability: Clear Body|[of] p2a: Dragapult\n|-unboost|p2b: Scovillain|atk|1\n|turn|1\n|\n|t:|1776392560\n|move|p2a: Dragapult|Reflect|p2a: Dragapult\n|-sidestart|p2: Lax Machine|Reflect\n|move|p2b: Scovillain|Leech Seed|p1a: I'm Nobody\n|-start|p1a: I'm Nobody|move: Leech Seed\n|move|p1b: Lazy Cat|Darkest Lariat|p2a: Dragapult\n|-supereffective|p2a: Dragapult|1\n|-damage|p2a: Dragapult|25/100\n|move|p1a: I'm Nobody|Trick Room|p1a: I'm Nobody\n|-fieldstart|move: Trick Room|[of] p1a: I'm Nobody\n|\n|-damage|p1a: I'm Nobody|88/100|[from] Leech Seed|[of] p2b: Scovillain\n|-ability|p2b: Scovillain|Moody|boost\n|-boost|p2b: Scovillain|def|2\n|-unboost|p2b: Scovillain|spd|1\n|upkeep\n|turn|2\n|\n|t:|1776392582\n|switch|p1a: Sun's up|Torkoal, L50, F|100/100\n|-weather|SunnyDay|[from] ability: Drought|[of] p1a: Sun's up\n|move|p1b: Lazy Cat|Darkest Lariat|p2a: Dragapult\n|-supereffective|p2a: Dragapult|1\n|-damage|p2a: Dragapult|0 fnt\n|faint|p2a: Dragapult\n|move|p2b: Scovillain|Leech Seed|p1b: Lazy Cat\n|-start|p1b: Lazy Cat|move: Leech Seed\n|\n|-weather|SunnyDay|[upkeep]\n|-damage|p1b: Lazy Cat|88/100|[from] Leech Seed|[of] p2b: Scovillain\n|-ability|p2b: Scovillain|Moody|boost\n|-boost|p2b: Scovillain|atk|2\n|-unboost|p2b: Scovillain|spa|1\n|upkeep\n|\n|t:|1776392600\n|switch|p2a: Incineroar|Incineroar, L50, F|100/100\n|-ability|p2a: Incineroar|Intimidate|boost\n|-unboost|p1a: Sun's up|atk|1\n|-unboost|p1b: Lazy Cat|atk|1\n|-enditem|p1b: Lazy Cat|White Herb\n|-clearnegativeboost|p1b: Lazy Cat|[silent]\n|turn|3\n|\n|t:|1776392610\n|move|p1a: Sun's up|Protect|p1a: Sun's up\n|-singleturn|p1a: Sun's up|Protect\n|move|p2b: Scovillain|Protect|p2b: Scovillain\n|-singleturn|p2b: Scovillain|Protect\n|move|p1b: Lazy Cat|Close Combat|p2a: Incineroar\n|-supereffective|p2a: Incineroar|1\n|-enditem|p2a: Incineroar|Chople Berry|[eat]\n|-enditem|p2a: Incineroar|Chople Berry|[weaken]\n|-damage|p2a: Incineroar|76/100\n|-unboost|p1b: Lazy Cat|def|1\n|-unboost|p1b: Lazy Cat|spd|1\n|move|p2a: Incineroar|Parting Shot|p1a: Sun's up\n|-activate|p1a: Sun's up|move: Protect\n|\n|-weather|SunnyDay|[upkeep]\n|-damage|p1b: Lazy Cat|76/100|[from] Leech Seed|[of] p2b: Scovillain\n|-ability|p2b: Scovillain|Moody|boost\n|-boost|p2b: Scovillain|spa|2\n|-unboost|p2b: Scovillain|spe|1\n|upkeep\n|turn|4\n|\n|t:|1776392630\n|switch|p2b: Maushold|Maushold, L50|100/100\n|move|p1a: Sun's up|Eruption|p2a: Incineroar|[spread] p2a,p2b\n|-resisted|p2a: Incineroar|1\n|-damage|p2a: Incineroar|50/100\n|-damage|p2b: Maushold|2/100\n|-enditem|p2b: Maushold|Sitrus Berry|[eat]\n|-heal|p2b: Maushold|27/100|[from] item: Sitrus Berry\n|move|p1b: Lazy Cat|Close Combat|p2a: Incineroar\n|-supereffective|p2a: Incineroar|1\n|-damage|p2a: Incineroar|9/100\n|-unboost|p1b: Lazy Cat|def|1\n|-unboost|p1b: Lazy Cat|spd|1\n|move|p2a: Incineroar|Parting Shot|p1a: Sun's up\n|-unboost|p1a: Sun's up|atk|1\n|-unboost|p1a: Sun's up|spa|1\n|\n|t:|1776392643\n|switch|p2a: Scovillain|Scovillain, L50, M|100/100|[from] Parting Shot\n|\n|-weather|SunnyDay|[upkeep]\n|-damage|p1b: Lazy Cat|63/100|[from] Leech Seed|[of] p2b: Maushold\n|-heal|p2b: Maushold|40/100|[silent]\n|-ability|p2a: Scovillain|Moody|boost\n|-boost|p2a: Scovillain|spd|2\n|-unboost|p2a: Scovillain|spe|1\n|upkeep\n|turn|5\n|\n|t:|1776392669\n|switch|p1b: I'm Nobody|Mimikyu, L50, M|88/100\n|move|p2b: Maushold|Protect|p2b: Maushold\n|-singleturn|p2b: Maushold|Protect\n|move|p1a: Sun's up|Eruption|p2b: Maushold|[spread] p2a\n|-activate|p2b: Maushold|move: Protect\n|-damage|p2a: Scovillain|70/100\n|move|p2a: Scovillain|Leech Seed|p1b: I'm Nobody\n|-start|p1b: I'm Nobody|move: Leech Seed\n|\n|-weather|SunnyDay|[upkeep]\n|-damage|p1b: I'm Nobody|76/100|[from] Leech Seed|[of] p2a: Scovillain\n|-heal|p2a: Scovillain|82/100|[silent]\n|-sideend|p2: Lax Machine|Reflect\n|-fieldend|move: Trick Room\n|-ability|p2a: Scovillain|Moody|boost\n|-boost|p2a: Scovillain|spd|2\n|-unboost|p2a: Scovillain|def|1\n|upkeep\n|turn|6\n|inactive|Lax Machine has 30 seconds left.\n|\n|t:|1776392698\n|switch|p1a: Lazy Cat|Incineroar, L50, M|63/100\n|-ability|p1a: Lazy Cat|Intimidate|boost\n|-unboost|p2a: Scovillain|atk|1\n|-unboost|p2b: Maushold|atk|1\n|move|p2b: Maushold|Super Fang|p1a: Lazy Cat\n|-damage|p1a: Lazy Cat|32/100\n|move|p2a: Scovillain|Flare Blitz|p1b: I'm Nobody\n|-activate|p1b: I'm Nobody|ability: Disguise\n|-damage|p1b: I'm Nobody|76/100\n|detailschange|p1b: I'm Nobody|Mimikyu-Busted, L50, M\n|-damage|p1b: I'm Nobody|63/100|[from] pokemon: Mimikyu-Busted\n|move|p1b: I'm Nobody|Trick Room|p1b: I'm Nobody\n|-fieldstart|move: Trick Room|[of] p1b: I'm Nobody\n|\n|-weather|none\n|-damage|p1b: I'm Nobody|51/100|[from] Leech Seed|[of] p2a: Scovillain\n|-heal|p2a: Scovillain|94/100|[silent]\n|-ability|p2a: Scovillain|Moody|boost\n|-boost|p2a: Scovillain|def|2\n|-unboost|p2a: Scovillain|spa|1\n|upkeep\n|turn|7\n|inactive|SkelyStealth has 30 seconds left.\n|inactive|Lax Machine has 30 seconds left.\n|inactive|Lax Machine has 20 seconds left.\n|\n|t:|1776392738\n|switch|p1b: Kani|Crabominable, L50, F|100/100\n|move|p2b: Maushold|Protect|p2b: Maushold\n|-singleturn|p2b: Maushold|Protect\n|move|p2a: Scovillain|Leech Seed|p1a: Lazy Cat\n|-start|p1a: Lazy Cat|move: Leech Seed\n|move|p1a: Lazy Cat|Flare Blitz|p2b: Maushold\n|-activate|p2b: Maushold|move: Protect\n|\n|-damage|p1a: Lazy Cat|20/100|[from] Leech Seed|[of] p2a: Scovillain\n|-heal|p2a: Scovillain|100/100|[silent]\n|-ability|p2a: Scovillain|Moody|boost\n|-boost|p2a: Scovillain|spd|2\n|-unboost|p2a: Scovillain|def|1\n|upkeep\n|turn|8\n|inactive|SkelyStealth has 30 seconds left.\n|inactive|Lax Machine has 30 seconds left.\n|\n|t:|1776392764\n|detailschange|p1b: Kani|Crabominable-Mega, L50, F\n|-mega|p1b: Kani|Crabominable|Crabominite\n|move|p2b: Maushold|Follow Me|p2b: Maushold\n|-singleturn|p2b: Maushold|move: Follow Me\n|move|p1b: Kani|Ice Hammer|p2b: Maushold|[miss]\n|-miss|p1b: Kani|p2b: Maushold\n|move|p2a: Scovillain|Leech Seed|p1b: Kani|[miss]\n|-miss|p2a: Scovillain|p1b: Kani\n|move|p1a: Lazy Cat|Close Combat|p2b: Maushold\n|-supereffective|p2b: Maushold|1\n|-damage|p2b: Maushold|0 fnt\n|-unboost|p1a: Lazy Cat|def|1\n|-unboost|p1a: Lazy Cat|spd|1\n|faint|p2b: Maushold\n|\n|-damage|p1a: Lazy Cat|7/100|[from] Leech Seed|[of] p2a: Scovillain\n|-ability|p2a: Scovillain|Moody|boost\n|-boost|p2a: Scovillain|atk|2\n|-unboost|p2a: Scovillain|spd|1\n|upkeep\n|\n|t:|1776392777\n|switch|p2b: Incineroar|Incineroar, L50, F|9/100\n|-ability|p2b: Incineroar|Intimidate|boost\n|-unboost|p1a: Lazy Cat|atk|1\n|-unboost|p1b: Kani|atk|1\n|turn|9\n|inactive|SkelyStealth has 30 seconds left.\n|\n|t:|1776392805\n|move|p2b: Incineroar|Fake Out|p1a: Lazy Cat\n|-damage|p1a: Lazy Cat|0 fnt\n|faint|p1a: Lazy Cat\n|move|p1b: Kani|Mach Punch|p2b: Incineroar\n|-supereffective|p2b: Incineroar|1\n|-damage|p2b: Incineroar|0 fnt\n|faint|p2b: Incineroar\n|move|p2a: Scovillain|Leech Seed|p1b: Kani\n|-start|p1b: Kani|move: Leech Seed\n|\n|-damage|p1b: Kani|88/100|[from] Leech Seed|[of] p2a: Scovillain\n|-ability|p2a: Scovillain|Moody|boost\n|-boost|p2a: Scovillain|spd|1\n|-unboost|p2a: Scovillain|def|1\n|upkeep\n|\n|t:|1776392816\n|switch|p1a: I'm Nobody|Mimikyu-Busted, L50, M|51/100\n|turn|10\n|\n|t:|1776392831\n|switch|p1b: Sun's up|Torkoal, L50, F|100/100\n|-weather|SunnyDay|[from] ability: Drought|[of] p1b: Sun's up\n|move|p2a: Scovillain|Protect|p2a: Scovillain\n|-singleturn|p2a: Scovillain|Protect\n|move|p1a: I'm Nobody|Shadow Sneak|p2a: Scovillain\n|-activate|p2a: Scovillain|move: Protect\n|\n|-weather|SunnyDay|[upkeep]\n|-fieldend|move: Trick Room\n|-ability|p2a: Scovillain|Moody|boost\n|-boost|p2a: Scovillain|spe|2\n|-unboost|p2a: Scovillain|def|1\n|upkeep\n|turn|11\n|\n|t:|1776392850\n|move|p2a: Scovillain|Flare Blitz|p1a: I'm Nobody\n|-damage|p1a: I'm Nobody|0 fnt\n|faint|p1a: I'm Nobody\n|-damage|p2a: Scovillain|85/100|[from] Recoil\n|move|p1b: Sun's up|Eruption|p2a: Scovillain\n|-damage|p2a: Scovillain|45/100\n|\n|-weather|SunnyDay|[upkeep]\n|-ability|p2a: Scovillain|Moody|boost\n|-boost|p2a: Scovillain|atk|2\n|-unboost|p2a: Scovillain|spa|1\n|upkeep\n|\n|t:|1776392852\n|switch|p1a: Kani|Crabominable-Mega, L50, F|88/100\n|turn|12\n|c|\u2606SkelyStealth|gg\n|\n|t:|1776392870\n|move|p2a: Scovillain|Protect|p2a: Scovillain\n|-singleturn|p2a: Scovillain|Protect\n|move|p1a: Kani|Mach Punch|p2a: Scovillain\n|-activate|p2a: Scovillain|move: Protect\n|move|p1b: Sun's up|Weather Ball|p2a: Scovillain\n|-activate|p2a: Scovillain|move: Protect\n|\n|-weather|SunnyDay|[upkeep]\n|-ability|p2a: Scovillain|Moody|boost\n|-boost|p2a: Scovillain|def|2\n|-unboost|p2a: Scovillain|atk|1\n|upkeep\n|turn|13\n|\n|t:|1776392895\n|detailschange|p2a: Scovillain|Scovillain-Mega, L50, M\n|-mega|p2a: Scovillain|Scovillain|Scovillainite\n|move|p1a: Kani|Protect|p1a: Kani\n|-singleturn|p1a: Kani|Protect\n|move|p2a: Scovillain|Leech Seed|p1b: Sun's up\n|-start|p1b: Sun's up|move: Leech Seed\n|move|p1b: Sun's up|Weather Ball|p2a: Scovillain\n|-damage|p2a: Scovillain|21/100\n|-immune|p1b: Sun's up\n|\n|-weather|SunnyDay|[upkeep]\n|-damage|p1b: Sun's up|88/100|[from] Leech Seed|[of] p2a: Scovillain\n|-heal|p2a: Scovillain|33/100|[silent]\n|upkeep\n|turn|14\n|c|\u2606SkelyStealth|oh\n|\n|t:|1776392918\n|move|p2a: Scovillain|Protect|p2a: Scovillain\n|-singleturn|p2a: Scovillain|Protect\n|move|p1a: Kani|Mach Punch|p2a: Scovillain\n|-activate|p2a: Scovillain|move: Protect\n|move|p1b: Sun's up|Weather Ball|p2a: Scovillain\n|-activate|p2a: Scovillain|move: Protect\n|\n|-weather|none\n|-damage|p1b: Sun's up|76/100|[from] Leech Seed|[of] p2a: Scovillain\n|-heal|p2a: Scovillain|45/100|[silent]\n|upkeep\n|turn|15\n|c|\u2606SkelyStealth|nvm i guess you're still in the game\n|c|\u2606SkelyStealth|maybe\n|\n|t:|1776392947\n|move|p1a: Kani|Protect|p1a: Kani\n|-singleturn|p1a: Kani|Protect\n|move|p2a: Scovillain|Leech Seed|p1a: Kani\n|-activate|p1a: Kani|move: Protect\n|move|p1b: Sun's up|Weather Ball|p2a: Scovillain\n|-damage|p2a: Scovillain|40/100\n|-immune|p1b: Sun's up\n|\n|-damage|p1b: Sun's up|64/100|[from] Leech Seed|[of] p2a: Scovillain\n|-heal|p2a: Scovillain|52/100|[silent]\n|upkeep\n|turn|16\n|inactive|SkelyStealth has 30 seconds left.\n|\n|t:|1776392974\n|move|p2a: Scovillain|Protect|p2a: Scovillain\n|-singleturn|p2a: Scovillain|Protect\n|move|p1a: Kani|Mach Punch|p2a: Scovillain\n|-activate|p2a: Scovillain|move: Protect\n|move|p1b: Sun's up|Heat Wave|p2a: Scovillain\n|-activate|p2a: Scovillain|move: Protect\n|\n|-damage|p1b: Sun's up|52/100|[from] Leech Seed|[of] p2a: Scovillain\n|-heal|p2a: Scovillain|63/100|[silent]\n|upkeep\n|turn|17\n|\n|t:|1776392995\n|move|p2a: Scovillain|Flare Blitz|p1a: Kani\n|-supereffective|p1a: Kani|1\n|-damage|p1a: Kani|0 fnt\n|faint|p1a: Kani\n|-damage|p2a: Scovillain|29/100|[from] Recoil\n|move|p1b: Sun's up|Weather Ball|p2a: Scovillain\n|-damage|p2a: Scovillain|25/100\n|-immune|p1b: Sun's up\n|\n|-damage|p1b: Sun's up|40/100|[from] Leech Seed|[of] p2a: Scovillain\n|-heal|p2a: Scovillain|37/100|[silent]\n|upkeep\n|turn|18\n|c|\u2606SkelyStealth|ggwp\n|\n|t:|1776393003\n|move|p2a: Scovillain|Protect|p2a: Scovillain\n|-singleturn|p2a: Scovillain|Protect\n|move|p1b: Sun's up|Weather Ball|p2a: Scovillain\n|-activate|p2a: Scovillain|move: Protect\n|\n|-damage|p1b: Sun's up|28/100|[from] Leech Seed|[of] p2a: Scovillain\n|-heal|p2a: Scovillain|48/100|[silent]\n|upkeep\n|turn|19\n|\n|t:|1776393006\n|move|p2a: Scovillain|Flare Blitz|p1b: Sun's up\n|-resisted|p1b: Sun's up|1\n|-damage|p1b: Sun's up|0 fnt\n|faint|p1b: Sun's up\n|-damage|p2a: Scovillain|39/100|[from] Recoil\n|\n|win|Lax Machine\n|raw|SkelyStealth's rating: 1410 &rarr; <strong>1396</strong><br />(-14 for losing)\n|raw|Lax Machine's rating: 1519 &rarr; <strong>1533</strong><br />(+14 for winning)\n",
  "uploadtime": 1776393013,
  "views": 34,
  "formatid": "gen9championsvgc2026regma",
  "rating": 1396,
  "private": 0,
  "password": null
}