{
  "id": "gen9championsvgc2026regma-2588960888",
  "format": "[Gen 9 Champions] VGC 2026 Reg M-A",
  "players": [
    "Volcano0",
    "N Jordan"
  ],
  "log": "|j|\u2606Volcano0\n|j|\u2606N Jordan\n|t:|1776689700\n|gametype|doubles\n|player|p1|Volcano0|n|1190\n|player|p2|N Jordan|n|1133\n|gen|9\n|tier|[Gen 9 Champions] VGC 2026 Reg M-A\n|rated|\n|rule|Species Clause: Limit one of each Pok\u00e9mon\n|rule|Item Clause: Limit 1 of each item\n|clearpoke\n|poke|p1|Floette-Eternal, L50, F|\n|poke|p1|Aerodactyl, L50, F, shiny|\n|poke|p1|Garchomp, L50, M|\n|poke|p1|Basculegion, L50, M, shiny|\n|poke|p1|Aegislash, L50, M, shiny|\n|poke|p1|Incineroar, L50, F, shiny|\n|poke|p2|Zoroark-Hisui, L50, M, shiny|\n|poke|p2|Aerodactyl, L50, M|\n|poke|p2|Garchomp, L50, F|\n|poke|p2|Gardevoir, L50, F|\n|poke|p2|Incineroar, L50, F, shiny|\n|poke|p2|Scizor, L50, M, shiny|\n|teampreview|4\n|inactive|Battle timer is ON: inactive players will automatically lose when time's up. (requested by Volcano0)\n|inactive|N Jordan has 60 seconds left.\n|\n|t:|1776689753\n|teamsize|p1|4\n|teamsize|p2|4\n|start\n|switch|p1a: Wraithfin|Basculegion, L50, M, shiny|100/100\n|switch|p1b: Aegislash|Aegislash, L50, M, shiny|100/100\n|switch|p2a: Scizor|Scizor, L50, M, shiny|100/100\n|switch|p2b: Garchomp|Garchomp, L50, F|100/100\n|turn|1\n|inactive|N Jordan has 30 seconds left.\n|\n|t:|1776689778\n|move|p2a: Scizor|Bitter Malice|p1a: Wraithfin\n|-supereffective|p1a: Wraithfin|1\n|-damage|p1a: Wraithfin|17/100\n|-unboost|p1a: Wraithfin|atk|1\n|move|p1a: Wraithfin|Wave Crash|p2a: Scizor\n|-damage|p2a: Scizor|0 fnt\n|replace|p2a: Zoroark|Zoroark-Hisui, L50, M, shiny\n|-end|p2a: Zoroark|Illusion\n|faint|p2a: Zoroark\n|-damage|p1a: Wraithfin|0 fnt|[from] Recoil\n|faint|p1a: Wraithfin\n|move|p2b: Garchomp|Dragon Claw|p1b: Aegislash\n|-resisted|p1b: Aegislash|1\n|-damage|p1b: Aegislash|82/100\n|-formechange|p1b: Aegislash|Aegislash-Blade|\n|move|p1b: Aegislash|Shadow Ball|p2b: Garchomp\n|-crit|p2b: Garchomp\n|-damage|p2b: Garchomp|35/100\n|\n|-heal|p1b: Aegislash|88/100|[from] item: Leftovers\n|upkeep\n|\n|t:|1776689799\n|switch|p2a: Aerodactyl|Aerodactyl, L50, M|100/100\n|switch|p1a: Asphodel|Floette-Eternal, L50, F|100/100\n|-ability|p2a: Aerodactyl|Unnerve\n|turn|2\n|\n|t:|1776689811\n|detailschange|p1a: Asphodel|Floette-Mega, L50, F\n|-mega|p1a: Asphodel|Floette|Floettite\n|-ability|p1a: Asphodel|Fairy Aura\n|-formechange|p1b: Aegislash|Aegislash|\n|move|p1b: Aegislash|King's Shield|p1b: Aegislash\n|-singleturn|p1b: Aegislash|Protect\n|move|p2a: Aerodactyl|Tailwind|p2a: Aerodactyl\n|-sidestart|p2: N Jordan|move: Tailwind\n|move|p2b: Garchomp|Earthquake|p1a: Asphodel|[spread] p1a\n|-activate|p1b: Aegislash|move: Protect\n|-immune|p2a: Aerodactyl\n|-damage|p1a: Asphodel|58/100\n|move|p1a: Asphodel|Dazzling Gleam|p2a: Aerodactyl|[spread] p2a,p2b\n|-supereffective|p2b: Garchomp|1\n|-damage|p2a: Aerodactyl|32/100\n|-damage|p2b: Garchomp|0 fnt\n|faint|p2b: Garchomp\n|\n|-heal|p1b: Aegislash|94/100|[from] item: Leftovers\n|upkeep\n|\n|t:|1776689819\n|switch|p2b: Scizor|Scizor, L50, M, shiny|100/100\n|turn|3\n|\n|t:|1776689831\n|detailschange|p2b: Scizor|Scizor-Mega, L50, M, shiny\n|-mega|p2b: Scizor|Scizor|Scizorite\n|move|p1a: Asphodel|Protect|p1a: Asphodel\n|-singleturn|p1a: Asphodel|Protect\n|move|p2a: Aerodactyl|Rock Slide|p1a: Asphodel|[spread] p1b\n|-activate|p1a: Asphodel|move: Protect\n|-resisted|p1b: Aegislash|1\n|-damage|p1b: Aegislash|84/100\n|move|p2b: Scizor|Swords Dance|p2b: Scizor\n|-boost|p2b: Scizor|atk|2\n|-formechange|p1b: Aegislash|Aegislash-Blade|\n|move|p1b: Aegislash|Shadow Ball|p2b: Scizor\n|-damage|p2b: Scizor|48/100\n|\n|-heal|p1b: Aegislash|91/100|[from] item: Leftovers\n|upkeep\n|turn|4\n|\n|t:|1776689847\n|switch|p1a: Agniblaze|Incineroar, L50, F, shiny|100/100\n|-ability|p1a: Agniblaze|Intimidate|boost\n|-unboost|p2a: Aerodactyl|atk|1\n|-unboost|p2b: Scizor|atk|1\n|-formechange|p1b: Aegislash|Aegislash|\n|move|p1b: Aegislash|King's Shield|p1b: Aegislash\n|-singleturn|p1b: Aegislash|Protect\n|move|p2b: Scizor|Bullet Punch|p1a: Agniblaze\n|-resisted|p1a: Agniblaze|1\n|-damage|p1a: Agniblaze|74/100\n|move|p2a: Aerodactyl|Rock Slide|p1a: Agniblaze|[spread] p1a\n|-activate|p1b: Aegislash|move: Protect\n|-supereffective|p1a: Agniblaze|1\n|-damage|p1a: Agniblaze|46/100\n|\n|-heal|p1b: Aegislash|97/100|[from] item: Leftovers\n|upkeep\n|turn|5\n|-message|N Jordan forfeited.\n|\n|win|Volcano0\n|raw|Volcano0's rating: 1190 &rarr; <strong>1211</strong><br />(+21 for winning)\n|raw|N Jordan's rating: 1133 &rarr; <strong>1112</strong><br />(-21 for losing)\n|l|\u2606N Jordan\n|player|p2|\n",
  "uploadtime": 1776689863,
  "views": 2,
  "formatid": "gen9championsvgc2026regma",
  "rating": 1112,
  "private": 0,
  "password": null
}