{
  "id": "gen9championsvgc2026regma-2588876679",
  "format": "[Gen 9 Champions] VGC 2026 Reg M-A",
  "players": [
    "5camp",
    "jobberlobby"
  ],
  "log": "|j|\u26065camp\n|j|\u2606jobberlobby\n|t:|1776681415\n|gametype|doubles\n|player|p1|5camp|reporter|1488\n|player|p2|jobberlobby|hiker|1464\n|gen|9\n|tier|[Gen 9 Champions] VGC 2026 Reg M-A\n|rated|\n|rule|Species Clause: Limit one of each Pok\u00e9mon\n|rule|Item Clause: Limit 1 of each item\n|clearpoke\n|poke|p1|Dragapult, L50, F|\n|poke|p1|Sneasler, L50, F|\n|poke|p1|Blastoise, L50, F|\n|poke|p1|Arcanine, L50, M|\n|poke|p1|Whimsicott, L50, M|\n|poke|p1|Lucario, L50, F|\n|poke|p2|Tyranitar, L50, F|\n|poke|p2|Meganium, L50, M|\n|poke|p2|Basculegion, L50, M|\n|poke|p2|Garchomp, L50, F|\n|poke|p2|Sneasler, L50, F|\n|poke|p2|Aerodactyl, L50, M|\n|teampreview|4\n|\n|t:|1776681459\n|teamsize|p1|4\n|teamsize|p2|4\n|start\n|switch|p1a: Lucario|Lucario, L50, F|100/100\n|switch|p1b: Dragapult|Dragapult, L50, F|100/100\n|switch|p2a: Basculegion|Basculegion, L50, M|100/100\n|switch|p2b: Meganium|Meganium, L50, M|100/100\n|turn|1\n|\n|t:|1776681488\n|switch|p1a: Blastoise|Blastoise, L50, F|100/100\n|detailschange|p2b: Meganium|Meganium-Mega, L50, M\n|-mega|p2b: Meganium|Meganium|Meganiumite\n|move|p1b: Dragapult|Reflect|p1b: Dragapult\n|-sidestart|p1: 5camp|Reflect\n|move|p2a: Basculegion|Flip Turn|p1b: Dragapult\n|-resisted|p1b: Dragapult|1\n|-damage|p1b: Dragapult|86/100\n|\n|t:|1776681496\n|switch|p2a: Garchomp|Garchomp, L50, F|100/100|[from] Flip Turn\n|move|p2b: Meganium|Weather Ball|p1a: Blastoise\n|-resisted|p1a: Blastoise|1\n|-damage|p1a: Blastoise|73/100\n|\n|upkeep\n|turn|2\n|\n|t:|1776681517\n|switch|p1a: Arcanine|Arcanine, L50, M|100/100\n|-ability|p1a: Arcanine|Intimidate|boost\n|-unboost|p2a: Garchomp|atk|1\n|-unboost|p2b: Meganium|atk|1\n|move|p1b: Dragapult|Light Screen|p1b: Dragapult\n|-sidestart|p1: 5camp|move: Light Screen\n|move|p2a: Garchomp|Scale Shot|p1b: Dragapult\n|-supereffective|p1b: Dragapult|1\n|-crit|p1b: Dragapult\n|-damage|p1b: Dragapult|32/100\n|-supereffective|p1b: Dragapult|1\n|-damage|p1b: Dragapult|16/100\n|-hitcount|p1b: Dragapult|2\n|-unboost|p2a: Garchomp|def|1\n|-boost|p2a: Garchomp|spe|1\n|move|p2b: Meganium|Solar Beam||[still]\n|-prepare|p2b: Meganium|Solar Beam\n|-activate|p2b: Meganium|ability: Mega Sol\n|-anim|p2b: Meganium|Solar Beam|p1a: Arcanine\n|-resisted|p1a: Arcanine|1\n|-damage|p1a: Arcanine|78/100\n|\n|upkeep\n|turn|3\n|\n|t:|1776681533\n|move|p2a: Garchomp|Stomping Tantrum|p1a: Arcanine\n|-supereffective|p1a: Arcanine|1\n|-damage|p1a: Arcanine|42/100\n|-enditem|p1a: Arcanine|Sitrus Berry|[eat]\n|-heal|p1a: Arcanine|66/100|[from] item: Sitrus Berry\n|move|p1b: Dragapult|Draco Meteor|p2a: Garchomp\n|-supereffective|p2a: Garchomp|1\n|-crit|p2a: Garchomp\n|-damage|p2a: Garchomp|0 fnt\n|-unboost|p1b: Dragapult|spa|2\n|faint|p2a: Garchomp\n|move|p1a: Arcanine|Snarl|p2b: Meganium\n|-resisted|p2b: Meganium|1\n|-crit|p2b: Meganium\n|-damage|p2b: Meganium|93/100\n|-unboost|p2b: Meganium|spa|1\n|move|p2b: Meganium|Dazzling Gleam|p1b: Dragapult|[spread] p1a,p1b\n|-resisted|p1a: Arcanine|1\n|-supereffective|p1b: Dragapult|1\n|-damage|p1a: Arcanine|59/100\n|-damage|p1b: Dragapult|0 fnt\n|faint|p1b: Dragapult\n|\n|upkeep\n|\n|t:|1776681561\n|switch|p1b: Lucario|Lucario, L50, F|100/100\n|switch|p2a: Basculegion|Basculegion, L50, M|100/100\n|turn|4\n|\n|t:|1776681573\n|move|p2b: Meganium|Protect|p2b: Meganium\n|-singleturn|p2b: Meganium|Protect\n|move|p1b: Lucario|Meteor Mash|p2b: Meganium\n|-activate|p2b: Meganium|move: Protect\n|move|p2a: Basculegion|Wave Crash|p1a: Arcanine\n|-supereffective|p1a: Arcanine|1\n|-damage|p1a: Arcanine|0 fnt\n|faint|p1a: Arcanine\n|-damage|p2a: Basculegion|81/100|[from] Recoil\n|\n|upkeep\n|\n|t:|1776681576\n|switch|p1a: Blastoise|Blastoise, L50, F|73/100\n|turn|5\n|\n|t:|1776681602\n|detailschange|p1a: Blastoise|Blastoise-Mega, L50, F\n|-mega|p1a: Blastoise|Blastoise|Blastoisinite\n|move|p1b: Lucario|Meteor Mash|p2b: Meganium\n|-supereffective|p2b: Meganium|1\n|-damage|p2b: Meganium|18/100\n|move|p2a: Basculegion|Wave Crash|p1b: Lucario\n|-damage|p1b: Lucario|29/100\n|-damage|p2a: Basculegion|63/100|[from] Recoil\n|move|p1a: Blastoise|Dark Pulse|p2a: Basculegion\n|-supereffective|p2a: Basculegion|1\n|-damage|p2a: Basculegion|0 fnt\n|faint|p2a: Basculegion\n|move|p2b: Meganium|Solar Beam||[still]\n|-prepare|p2b: Meganium|Solar Beam\n|-activate|p2b: Meganium|ability: Mega Sol\n|-anim|p2b: Meganium|Solar Beam|p1a: Blastoise\n|-supereffective|p1a: Blastoise|1\n|-damage|p1a: Blastoise|14/100\n|\n|-sideend|p1: 5camp|Reflect\n|upkeep\n|\n|t:|1776681611\n|switch|p2a: Sneasler|Sneasler, L50, F|100/100\n|turn|6\n|\n|t:|1776681647\n|move|p1b: Lucario|Meteor Mash|p2b: Meganium\n|-supereffective|p2b: Meganium|1\n|-damage|p2b: Meganium|0 fnt\n|faint|p2b: Meganium\n|move|p2a: Sneasler|Close Combat|p1b: Lucario\n|-supereffective|p1b: Lucario|1\n|-damage|p1b: Lucario|0 fnt\n|-unboost|p2a: Sneasler|def|1\n|-unboost|p2a: Sneasler|spd|1\n|faint|p1b: Lucario\n|-enditem|p2a: Sneasler|White Herb\n|-clearnegativeboost|p2a: Sneasler|[silent]\n|move|p1a: Blastoise|Dark Pulse|p2a: Sneasler\n|-resisted|p2a: Sneasler|1\n|-damage|p2a: Sneasler|71/100\n|\n|-sideend|p1: 5camp|move: Light Screen\n|upkeep\n|turn|7\n|\n|t:|1776681657\n|move|p2a: Sneasler|Close Combat|p1a: Blastoise\n|-damage|p1a: Blastoise|0 fnt\n|-unboost|p2a: Sneasler|def|1\n|-unboost|p2a: Sneasler|spd|1\n|faint|p1a: Blastoise\n|\n|win|jobberlobby\n|raw|5camp's rating: 1488 &rarr; <strong>1467</strong><br />(-21 for losing)\n|raw|jobberlobby's rating: 1464 &rarr; <strong>1485</strong><br />(+21 for winning)\n|l|\u26065camp\n|player|p1|\n",
  "uploadtime": 1776681664,
  "views": 8,
  "formatid": "gen9championsvgc2026regma",
  "rating": 1467,
  "private": 0,
  "password": null
}