{
  "id": "gen9championsvgc2026regma-2586367414",
  "format": "[Gen 9 Champions] VGC 2026 Reg M-A",
  "players": [
    "LUMK",
    "Veridis Quo Zurau"
  ],
  "log": "|j|\u2606LUMK\n|j|\u2606Veridis Quo Zurau\n|t:|1776429316\n|gametype|doubles\n|player|p1|LUMK|preschooler|1157\n|player|p2|Veridis Quo Zurau|bellelba|1171\n|gen|9\n|tier|[Gen 9 Champions] VGC 2026 Reg M-A\n|rated|\n|rule|Species Clause: Limit one of each Pok\u00e9mon\n|rule|Item Clause: Limit 1 of each item\n|clearpoke\n|poke|p1|Audino, L50, M|\n|poke|p1|Hatterene, L50, F|\n|poke|p1|Dragonite, L50, M|\n|poke|p1|Pelipper, L50, F|\n|poke|p1|Farigiraf, L50, M|\n|poke|p1|Sneasler, L50, F|\n|poke|p2|Gardevoir, L50, F|\n|poke|p2|Cofagrigus, L50, M|\n|poke|p2|Espathra, L50, F|\n|poke|p2|Torkoal, L50, M|\n|poke|p2|Incineroar, L50, M|\n|poke|p2|Milotic, L50, F|\n|teampreview|4\n|inactive|Battle timer is ON: inactive players will automatically lose when time's up. (requested by Veridis Quo Zurau)\nLUMK rejected open team sheets.\n|c|\u2606Veridis Quo Zurau|Mega Audino?\n|c|\u2606LUMK|yes\n|inactive|LUMK has 60 seconds left.\n|inactive|Veridis Quo Zurau has 60 seconds left.\n|c|\u2606LUMK|if it be necessary\n|c|\u2606Veridis Quo Zurau|I respect it, that\u2019s cool\n|c|\u2606LUMK|sometime just farigiraf it is enough\n|inactive|LUMK has 30 seconds left.\n|\n|t:|1776429379\n|teamsize|p1|4\n|teamsize|p2|4\n|start\n|switch|p1a: Farigiraf|Farigiraf, L50, M|100/100\n|switch|p1b: Dragonite|Dragonite, L50, M|100/100\n|switch|p2a: Espathra|Espathra, L50, F|100/100\n|switch|p2b: Incineroar|Incineroar, L50, M|100/100\n|-ability|p2b: Incineroar|Intimidate|boost\n|-unboost|p1a: Farigiraf|atk|1\n|-unboost|p1b: Dragonite|atk|1\n|turn|1\n|inactive|LUMK has 30 seconds left.\n|inactive|LUMK has 20 seconds left.\n|\n|t:|1776429417\n|move|p2a: Espathra|Calm Mind|p2a: Espathra\n|-boost|p2a: Espathra|spa|1\n|-boost|p2a: Espathra|spd|1\n|move|p1b: Dragonite|Rock Slide|p2a: Espathra|[spread] p2a,p2b\n|-supereffective|p2b: Incineroar|1\n|-damage|p2a: Espathra|83/100\n|-damage|p2b: Incineroar|77/100\n|move|p2b: Incineroar|Parting Shot|p1b: Dragonite\n|-unboost|p1b: Dragonite|atk|1\n|-unboost|p1b: Dragonite|spa|1\n|\n|t:|1776429425\n|switch|p2b: Torkoal|Torkoal, L50, M|100/100|[from] Parting Shot\n|-weather|SunnyDay|[from] ability: Drought|[of] p2b: Torkoal\n|move|p1a: Farigiraf|Curse|p1a: Farigiraf\n|-unboost|p1a: Farigiraf|spe|1\n|-boost|p1a: Farigiraf|atk|1\n|-boost|p1a: Farigiraf|def|1\n|\n|-weather|SunnyDay|[upkeep]\n|-ability|p2a: Espathra|Speed Boost|boost\n|-boost|p2a: Espathra|spe|1\n|upkeep\n|turn|2\n|inactive|LUMK has 30 seconds left.\n|\n|t:|1776429456\n|move|p2b: Torkoal|Protect|p2b: Torkoal\n|-singleturn|p2b: Torkoal|Protect\n|move|p2a: Espathra|Baton Pass|p2a: Espathra\n|\n|t:|1776429459\n|switch|p2a: Gardevoir|Gardevoir, L50, F|100/100|[from] Baton Pass\n|-ability|p2a: Gardevoir|Multiscale|Trace|[from] ability: Trace|[of] p1b: Dragonite\n|move|p1b: Dragonite|Rock Slide|p2b: Torkoal|[spread] p2a\n|-activate|p2b: Torkoal|move: Protect\n|-damage|p2a: Gardevoir|91/100\n|move|p1a: Farigiraf|Curse|p1a: Farigiraf\n|-unboost|p1a: Farigiraf|spe|1\n|-boost|p1a: Farigiraf|atk|1\n|-boost|p1a: Farigiraf|def|1\n|\n|-weather|SunnyDay|[upkeep]\n|upkeep\n|turn|3\n|\n|t:|1776429478\n|switch|p1b: Pelipper|Pelipper, L50, F|100/100\n|-weather|RainDance|[from] ability: Drizzle|[of] p1b: Pelipper\n|switch|p2b: Incineroar|Incineroar, L50, M|77/100\n|-ability|p2b: Incineroar|Intimidate|boost\n|-unboost|p1a: Farigiraf|atk|1\n|-unboost|p1b: Pelipper|atk|1\n|detailschange|p2a: Gardevoir|Gardevoir-Mega, L50, F\n|-mega|p2a: Gardevoir|Gardevoir|Gardevoirite\n|move|p2a: Gardevoir|Hyper Voice|p1b: Pelipper|[spread] p1a,p1b\n|-damage|p1a: Farigiraf|0 fnt\n|-enditem|p1b: Pelipper|Focus Sash\n|-damage|p1b: Pelipper|1/100\n|faint|p1a: Farigiraf\n|\n|-weather|RainDance|[upkeep]\n|upkeep\n|c|\u2606LUMK|nice play\n|\n|t:|1776429488\n|switch|p1a: Audino|Audino, L50, M|100/100\n|turn|4\n|c|\u2606Veridis Quo Zurau|Thanks\n|\n|t:|1776429502\n|detailschange|p1a: Audino|Audino-Mega, L50, M\n|-mega|p1a: Audino|Audino|Audinite\n|move|p2b: Incineroar|Fake Out|p1a: Audino\n|-crit|p1a: Audino\n|-damage|p1a: Audino|89/100\n|move|p1b: Pelipper|Wide Guard|p1b: Pelipper\n|-singleturn|p1b: Pelipper|Wide Guard\n|move|p2a: Gardevoir|Hyper Voice|p1a: Audino|[spread] \n|-activate|p1a: Audino|move: Wide Guard\n|-activate|p1b: Pelipper|move: Wide Guard\n|cant|p1a: Audino|flinch\n|\n|-weather|RainDance|[upkeep]\n|upkeep\n|turn|5\n|\n|t:|1776429518\n|move|p2a: Gardevoir|Protect|p2a: Gardevoir\n|-singleturn|p2a: Gardevoir|Protect\n|move|p1b: Pelipper|Wide Guard|p1b: Pelipper\n|-singleturn|p1b: Pelipper|Wide Guard\n|move|p2b: Incineroar|Darkest Lariat|p1b: Pelipper\n|-damage|p1b: Pelipper|0 fnt\n|faint|p1b: Pelipper\n|move|p1a: Audino|Trick Room|p1a: Audino\n|-fieldstart|move: Trick Room|[of] p1a: Audino\n|\n|-weather|RainDance|[upkeep]\n|upkeep\n|\n|t:|1776429522\n|switch|p1b: Dragonite|Dragonite, L50, M|100/100\n|turn|6\n|\n|t:|1776429533\n|move|p1a: Audino|Encore|p2a: Gardevoir\n|-start|p2a: Gardevoir|Encore\n|move|p2a: Gardevoir|Protect||[still]\n|-fail|p2a: Gardevoir\n|move|p2b: Incineroar|Parting Shot|p1b: Dragonite\n|-unboost|p1b: Dragonite|atk|1\n|-unboost|p1b: Dragonite|spa|1\n|\n|t:|1776429536\n|switch|p2b: Torkoal|Torkoal, L50, M|100/100|[from] Parting Shot\n|-weather|SunnyDay|[from] ability: Drought|[of] p2b: Torkoal\n|move|p1b: Dragonite|Dragon Dance|p1b: Dragonite\n|-boost|p1b: Dragonite|atk|1\n|-boost|p1b: Dragonite|spe|1\n|\n|-weather|SunnyDay|[upkeep]\n|upkeep\n|turn|7\n|\n|t:|1776429544\n|switch|p2a: Incineroar|Incineroar, L50, M|77/100\n|-ability|p2a: Incineroar|Intimidate|boost\n|-unboost|p1a: Audino|atk|1\n|-unboost|p1b: Dragonite|atk|1\n|move|p2b: Torkoal|Protect|p2b: Torkoal\n|-singleturn|p2b: Torkoal|Protect\n|move|p1a: Audino|Life Dew||[still]|[spread] p1a,p1b\n|-heal|p1a: Audino|100/100\n|-fail|p1b: Dragonite|heal\n|move|p1b: Dragonite|Rock Slide|p2a: Incineroar|[spread] p2a\n|-activate|p2b: Torkoal|move: Protect\n|-supereffective|p2a: Incineroar|1\n|-damage|p2a: Incineroar|55/100\n|\n|-weather|SunnyDay|[upkeep]\n|upkeep\n|turn|8\n|\n|t:|1776429556\n|move|p2a: Incineroar|Fake Out|p1b: Dragonite\n|-damage|p1b: Dragonite|95/100\n|move|p2b: Torkoal|Eruption|p1b: Dragonite|[spread] p1a,p1b\n|-crit|p1a: Audino\n|-resisted|p1b: Dragonite|1\n|-damage|p1a: Audino|34/100\n|-damage|p1b: Dragonite|58/100\n|cant|p1b: Dragonite|flinch\n|move|p1a: Audino|Trick Room|p1a: Audino\n|-fieldend|move: Trick Room\n|\n|-weather|SunnyDay|[upkeep]\n|upkeep\n|turn|9\n|\n|t:|1776429568\n|move|p1b: Dragonite|Rock Slide|p2a: Incineroar|[spread] p2a,p2b\n|-supereffective|p2a: Incineroar|1\n|-supereffective|p2b: Torkoal|1\n|-damage|p2a: Incineroar|33/100\n|-damage|p2b: Torkoal|78/100\n|move|p2a: Incineroar|Parting Shot|p1b: Dragonite\n|-unboost|p1b: Dragonite|atk|1\n|-unboost|p1b: Dragonite|spa|1\n|\n|t:|1776429573\n|switch|p2a: Espathra|Espathra, L50, F|83/100|[from] Parting Shot\n|move|p1a: Audino|Life Dew|p1a: Audino|[spread] p1a,p1b\n|-heal|p1a: Audino|60/100\n|-heal|p1b: Dragonite|83/100\n|cant|p2b: Torkoal|flinch\n|\n|-weather|SunnyDay|[upkeep]\n|upkeep\n|turn|10\n|\n|t:|1776429586\n|switch|p2b: Incineroar|Incineroar, L50, M|33/100\n|-ability|p2b: Incineroar|Intimidate|boost\n|-unboost|p1a: Audino|atk|1\n|-unboost|p1b: Dragonite|atk|1\n|move|p2a: Espathra|Protect|p2a: Espathra\n|-singleturn|p2a: Espathra|Protect\n|move|p1b: Dragonite|Dragon Dance|p1b: Dragonite\n|-boost|p1b: Dragonite|atk|1\n|-boost|p1b: Dragonite|spe|1\n|move|p1a: Audino|Life Dew|p1a: Audino|[spread] p1a,p1b\n|-heal|p1a: Audino|85/100\n|-heal|p1b: Dragonite|100/100\n|\n|-weather|none\n|-ability|p2a: Espathra|Speed Boost|boost\n|-boost|p2a: Espathra|spe|1\n|upkeep\n|turn|11\n|\n|t:|1776429600\n|move|p2a: Espathra|Lumina Crash|p1b: Dragonite\n|-damage|p1b: Dragonite|87/100\n|-unboost|p1b: Dragonite|spd|2\n|move|p1b: Dragonite|Dragon Dance|p1b: Dragonite\n|-boost|p1b: Dragonite|atk|1\n|-boost|p1b: Dragonite|spe|1\n|move|p2b: Incineroar|Parting Shot|p1b: Dragonite\n|-unboost|p1b: Dragonite|atk|1\n|-unboost|p1b: Dragonite|spa|1\n|\n|t:|1776429604\n|switch|p2b: Gardevoir|Gardevoir-Mega, L50, F|91/100|[from] Parting Shot\n|move|p1a: Audino|Dazzling Gleam|p2b: Gardevoir|[spread] p2a,p2b\n|-damage|p2a: Espathra|60/100\n|-damage|p2b: Gardevoir|76/100\n|\n|-ability|p2a: Espathra|Speed Boost|boost\n|-boost|p2a: Espathra|spe|1\n|upkeep\n|turn|12\n|inactive|LUMK has 30 seconds left.\n|inactive|LUMK has 20 seconds left.\n|inactive|LUMK has 15 seconds left.\n|\n|t:|1776429646\n|switch|p2b: Incineroar|Incineroar, L50, M|33/100\n|-ability|p2b: Incineroar|Intimidate|boost\n|-unboost|p1a: Audino|atk|1\n|-unboost|p1b: Dragonite|atk|1\n|move|p2a: Espathra|Baton Pass|p2a: Espathra\n|\n|t:|1776429652\n|switch|p2a: Gardevoir|Gardevoir-Mega, L50, F|76/100|[from] Baton Pass\n|move|p1b: Dragonite|Rock Slide|p2a: Gardevoir|[spread] p2a,p2b\n|-supereffective|p2b: Incineroar|1\n|-damage|p2a: Gardevoir|61/100\n|-damage|p2b: Incineroar|18/100\n|move|p1a: Audino|Life Dew|p1a: Audino|[spread] p1a,p1b\n|-heal|p1a: Audino|100/100\n|-heal|p1b: Dragonite|100/100\n|\n|upkeep\n|turn|13\n|\n|t:|1776429666\n|move|p2b: Incineroar|Fake Out|p1b: Dragonite\n|-damage|p1b: Dragonite|95/100\n|move|p2a: Gardevoir|Hyper Voice|p1a: Audino|[spread] p1a,p1b\n|-supereffective|p1b: Dragonite|1\n|-damage|p1a: Audino|70/100\n|-damage|p1b: Dragonite|0 fnt\n|faint|p1b: Dragonite\n|move|p1a: Audino|Dazzling Gleam|p2a: Gardevoir|[spread] p2a,p2b\n|-damage|p2a: Gardevoir|45/100\n|-damage|p2b: Incineroar|3/100\n|\n|upkeep\n|turn|14\n|\n|t:|1776429679\n|move|p2a: Gardevoir|Hyper Voice|p1a: Audino\n|-damage|p1a: Audino|33/100\n|move|p2b: Incineroar|Parting Shot|p1a: Audino\n|-unboost|p1a: Audino|atk|1\n|-unboost|p1a: Audino|spa|1\n|\n|t:|1776429682\n|switch|p2b: Espathra|Espathra, L50, F|60/100|[from] Parting Shot\n|move|p1a: Audino|Dazzling Gleam|p2a: Gardevoir|[spread] p2a,p2b\n|-damage|p2a: Gardevoir|36/100\n|-damage|p2b: Espathra|45/100\n|\n|upkeep\n|turn|15\n|c|\u2606LUMK|inci mvp for sure\n|inactive|LUMK has 30 seconds left.\n|\n|t:|1776429708\n|move|p2a: Gardevoir|Hyper Voice|p1a: Audino\n|-damage|p1a: Audino|0 fnt\n|faint|p1a: Audino\n|\n|win|Veridis Quo Zurau\n|raw|LUMK's rating: 1157 &rarr; <strong>1133</strong><br />(-24 for losing)\n|raw|Veridis Quo Zurau's rating: 1171 &rarr; <strong>1195</strong><br />(+24 for winning)\n|c|\u2606Veridis Quo Zurau|Gg\n|c|\u2606LUMK|gg\n|l|\u2606LUMK\n|player|p1|\n",
  "uploadtime": 1776429729,
  "views": 33,
  "formatid": "gen9championsvgc2026regma",
  "rating": 1133,
  "private": 0,
  "password": null
}