{
  "id": "gen9championsvgc2026regma-2586914750",
  "format": "[Gen 9 Champions] VGC 2026 Reg M-A",
  "players": [
    "Gulpin on Muk",
    "SON_0F_LOK1"
  ],
  "log": "|j|\u2606Gulpin on Muk\n|j|\u203dSON_0F_LOK1\n|t:|1776471356\n|gametype|doubles\n|player|p1|Gulpin on Muk|emma|1090\n|player|p2|SON_0F_LOK1|az|1083\n|gen|9\n|tier|[Gen 9 Champions] VGC 2026 Reg M-A\n|rated|\n|rule|Species Clause: Limit one of each Pok\u00e9mon\n|rule|Item Clause: Limit 1 of each item\n|clearpoke\n|poke|p1|Maushold-Four, L50|\n|poke|p1|Hatterene, L50, F|\n|poke|p1|Sableye, L50, M|\n|poke|p1|Aegislash, L50, M|\n|poke|p1|Arcanine-Hisui, L50, F|\n|poke|p1|Ampharos, L50, F|\n|poke|p2|Floette-Eternal, L50, F|\n|poke|p2|Charizard, L50, M|\n|poke|p2|Sinistcha, L50|\n|poke|p2|Farigiraf, L50, F|\n|poke|p2|Incineroar, L50, M|\n|poke|p2|Hatterene, L50, F|\n|teampreview|4\n|inactive|Battle timer is ON: inactive players will automatically lose when time's up. (requested by SON_0F_LOK1)\n|inactive|Gulpin on Muk has 60 seconds left.\n|\n|t:|1776471391\n|teamsize|p1|4\n|teamsize|p2|4\n|start\n|switch|p1a: Maushold|Maushold-Four, L50|100/100\n|switch|p1b: Sableye|Sableye, L50, M|100/100\n|switch|p2a: Charizard|Charizard, L50, M, shiny|100/100\n|switch|p2b: Incineroar|Incineroar, L50, M, shiny|100/100\n|-ability|p2b: Incineroar|Intimidate|boost\n|-unboost|p1a: Maushold|atk|1\n|-unboost|p1b: Sableye|atk|1\n|turn|1\n|\n|t:|1776471409\n|detailschange|p2a: Charizard|Charizard-Mega-Y, L50, M, shiny\n|-mega|p2a: Charizard|Charizard|Charizardite Y\n|-weather|SunnyDay|[from] ability: Drought|[of] p2a: Charizard\n|move|p1a: Maushold|Protect|p1a: Maushold\n|-singleturn|p1a: Maushold|Protect\n|move|p1b: Sableye|Fake Out|p2a: Charizard\n|-damage|p2a: Charizard|93/100\n|move|p2b: Incineroar|Fake Out|p1a: Maushold\n|-activate|p1a: Maushold|move: Protect\n|cant|p2a: Charizard|flinch\n|\n|-weather|SunnyDay|[upkeep]\n|upkeep\n|turn|2\n|inactive|Gulpin on Muk has 30 seconds left.\n|inactive|Gulpin on Muk has 20 seconds left.\n|\n|t:|1776471447\n|switch|p1b: Arcanine|Arcanine-Hisui, L50, F, shiny|100/100\n|move|p1a: Maushold|Encore|p2b: Incineroar\n|-start|p2b: Incineroar|Encore\n|move|p2b: Incineroar|Fake Out||[still]\n|-hint|Fake Out only works on your first turn out.\n|-fail|p2b: Incineroar\n|move|p2a: Charizard|Weather Ball|p1b: Arcanine\n|-resisted|p1b: Arcanine|2\n|-damage|p1b: Arcanine|80/100\n|\n|-weather|SunnyDay|[upkeep]\n|upkeep\n|turn|3\n|inactive|SON_0F_LOK1 has 30 seconds left.\n|inactive|SON_0F_LOK1 has 20 seconds left.\n|\n|t:|1776471482\n|switch|p2b: Farigiraf|Farigiraf, L50, F, shiny|100/100\n|move|p1a: Maushold|Follow Me|p1a: Maushold\n|-singleturn|p1a: Maushold|move: Follow Me\n|move|p1b: Arcanine|Head Smash|p2b: Farigiraf\n|-damage|p2b: Farigiraf|26/100\n|move|p2a: Charizard|Scorching Sands|p1a: Maushold\n|-damage|p1a: Maushold|64/100\n|\n|-weather|SunnyDay|[upkeep]\n|-heal|p2b: Farigiraf|33/100|[from] item: Leftovers\n|upkeep\n|turn|4\n|\n|t:|1776471496\n|switch|p2a: Incineroar|Incineroar, L50, M, shiny|100/100\n|-ability|p2a: Incineroar|Intimidate|boost\n|-unboost|p1a: Maushold|atk|1\n|-unboost|p1b: Arcanine|atk|1\n|move|p1a: Maushold|Follow Me|p1a: Maushold\n|-singleturn|p1a: Maushold|move: Follow Me\n|move|p1b: Arcanine|Head Smash|p2a: Incineroar|[miss]\n|-miss|p1b: Arcanine|p2a: Incineroar\n|move|p2b: Farigiraf|Wish|p2b: Farigiraf\n|\n|-weather|SunnyDay|[upkeep]\n|-heal|p2b: Farigiraf|39/100|[from] item: Leftovers\n|upkeep\n|turn|5\n|\n|t:|1776471514\n|move|p1a: Maushold|Protect|p1a: Maushold\n|-singleturn|p1a: Maushold|Protect\n|move|p2b: Farigiraf|Protect|p2b: Farigiraf\n|-singleturn|p2b: Farigiraf|Protect\n|move|p1b: Arcanine|Head Smash|p2b: Farigiraf\n|-activate|p2b: Farigiraf|move: Protect\n|move|p2a: Incineroar|Snarl|p1b: Arcanine|[spread] p1b\n|-activate|p1a: Maushold|move: Protect\n|-damage|p1b: Arcanine|70/100\n|-unboost|p1b: Arcanine|spa|1\n|\n|-weather|none\n|-heal|p2b: Farigiraf|89/100|[from] move: Wish|[wisher] Farigiraf\n|-heal|p2b: Farigiraf|95/100|[from] item: Leftovers\n|upkeep\n|turn|6\n|\n|t:|1776471530\n|switch|p2b: Charizard|Charizard-Mega-Y, L50, M, shiny|93/100\n|-weather|SunnyDay|[from] ability: Drought|[of] p2b: Charizard\n|move|p1b: Arcanine|Head Smash|p2b: Charizard\n|-supereffective|p2b: Charizard|2\n|-damage|p2b: Charizard|0 fnt\n|faint|p2b: Charizard\n|move|p1a: Maushold|Population Bomb|p2a: Incineroar\n|-damage|p2a: Incineroar|99/100\n|-damage|p2a: Incineroar|97/100\n|-damage|p2a: Incineroar|95/100\n|-damage|p2a: Incineroar|93/100\n|-hitcount|p2a: Incineroar|4\n|move|p2a: Incineroar|Taunt|p1a: Maushold\n|-start|p1a: Maushold|move: Taunt\n|\n|-weather|SunnyDay|[upkeep]\n|upkeep\n|\n|t:|1776471537\n|switch|p2b: Farigiraf|Farigiraf, L50, F, shiny|95/100\n|turn|7\n|\n|t:|1776471550\n|switch|p1a: Sableye|Sableye, L50, M|100/100\n|move|p1b: Arcanine|Head Smash|p2a: Incineroar|[miss]\n|-miss|p1b: Arcanine|p2a: Incineroar\n|move|p2b: Farigiraf|Psychic|p1b: Arcanine\n|-damage|p1b: Arcanine|19/100\n|move|p2a: Incineroar|Snarl|p1a: Sableye|[spread] p1a,p1b\n|-damage|p1a: Sableye|88/100\n|-damage|p1b: Arcanine|5/100\n|-unboost|p1a: Sableye|spa|1\n|-unboost|p1b: Arcanine|spa|1\n|\n|-weather|SunnyDay|[upkeep]\n|-heal|p2b: Farigiraf|100/100|[from] item: Leftovers\n|upkeep\n|turn|8\n|\n|t:|1776471575\n|move|p1a: Sableye|Protect|p1a: Sableye\n|-singleturn|p1a: Sableye|Protect\n|move|p1b: Arcanine|Head Smash|p2a: Incineroar\n|-supereffective|p2a: Incineroar|1\n|-damage|p2a: Incineroar|24/100\n|-enditem|p2a: Incineroar|Sitrus Berry|[eat]\n|-heal|p2a: Incineroar|49/100|[from] item: Sitrus Berry\n|move|p2b: Farigiraf|Hyper Voice|p1a: Sableye|[spread] p1b\n|-activate|p1a: Sableye|move: Protect\n|-resisted|p1b: Arcanine|1\n|-damage|p1b: Arcanine|0 fnt\n|faint|p1b: Arcanine\n|move|p2a: Incineroar|Taunt|p1a: Sableye\n|-activate|p1a: Sableye|move: Protect\n|\n|-weather|SunnyDay|[upkeep]\n|upkeep\n|\n|t:|1776471581\n|switch|p1b: Ampharos|Ampharos, L50, F, shiny|100/100\n|turn|9\n|\n|t:|1776471595\n|switch|p1a: Maushold|Maushold-Four, L50|64/100\n|detailschange|p1b: Ampharos|Ampharos-Mega, L50, F, shiny\n|-mega|p1b: Ampharos|Ampharos|Ampharosite\n|-ability|p1b: Ampharos|Mold Breaker\n|move|p1b: Ampharos|Protect|p1b: Ampharos\n|-singleturn|p1b: Ampharos|Protect\n|move|p2b: Farigiraf|Psychic|p1b: Ampharos\n|-activate|p1b: Ampharos|move: Protect\n|move|p2a: Incineroar|Taunt|p1a: Maushold\n|-start|p1a: Maushold|move: Taunt\n|\n|-weather|SunnyDay|[upkeep]\n|upkeep\n|turn|10\n|inactive|Gulpin on Muk has 30 seconds left.\n|inactive|Gulpin on Muk has 20 seconds left.\n|\n|t:|1776471632\n|move|p1a: Maushold|Population Bomb|p2b: Farigiraf\n|-damage|p2b: Farigiraf|95/100\n|-damage|p2b: Farigiraf|89/100\n|-damage|p2b: Farigiraf|83/100\n|-damage|p2b: Farigiraf|78/100\n|-damage|p2b: Farigiraf|72/100\n|-damage|p2b: Farigiraf|66/100\n|-damage|p2b: Farigiraf|61/100\n|-damage|p2b: Farigiraf|55/100\n|-damage|p2b: Farigiraf|50/100\n|-damage|p2b: Farigiraf|44/100\n|-hitcount|p2b: Farigiraf|10\n|move|p2b: Farigiraf|Hyper Voice|p1b: Ampharos|[spread] p1a,p1b\n|-damage|p1a: Maushold|25/100\n|-damage|p1b: Ampharos|81/100\n|move|p2a: Incineroar|Parting Shot|p1b: Ampharos\n|-unboost|p1b: Ampharos|atk|1\n|-unboost|p1b: Ampharos|spa|1\n|\n|t:|1776471638\n|switch|p2a: Sinistcha|Sinistcha, L50|100/100|[from] Parting Shot\n|-heal|p2b: Farigiraf|69/100|[from] ability: Hospitality|[of] p2a: Sinistcha\n|move|p1b: Ampharos|Dragon Pulse|p2a: Sinistcha\n|-damage|p2a: Sinistcha|46/100\n|\n|-weather|none\n|-heal|p2b: Farigiraf|75/100|[from] item: Leftovers\n|upkeep\n|turn|11\n|inactive|Gulpin on Muk has 30 seconds left.\n|\n|t:|1776471667\n|move|p1a: Maushold|Population Bomb|p2b: Farigiraf\n|-damage|p2b: Farigiraf|69/100\n|-damage|p2b: Farigiraf|63/100\n|-damage|p2b: Farigiraf|58/100\n|-damage|p2b: Farigiraf|53/100\n|-damage|p2b: Farigiraf|47/100\n|-damage|p2b: Farigiraf|41/100\n|-damage|p2b: Farigiraf|35/100\n|-damage|p2b: Farigiraf|28/100\n|-damage|p2b: Farigiraf|23/100\n|-damage|p2b: Farigiraf|17/100\n|-hitcount|p2b: Farigiraf|10\n|move|p2a: Sinistcha|Strength Sap|p1b: Ampharos\n|-unboost|p1b: Ampharos|atk|1\n|-heal|p2a: Sinistcha|92/100\n|move|p2b: Farigiraf|Hyper Voice|p1b: Ampharos|[spread] p1a,p1b\n|-damage|p1a: Maushold|0 fnt\n|-damage|p1b: Ampharos|62/100\n|faint|p1a: Maushold\n|move|p1b: Ampharos|Dragon Pulse|p2a: Sinistcha\n|-damage|p2a: Sinistcha|30/100\n|\n|-heal|p2b: Farigiraf|23/100|[from] item: Leftovers\n|upkeep\n|\n|t:|1776471690\n|switch|p1a: Sableye|Sableye, L50, M|88/100\n|turn|12\n|inactive|Gulpin on Muk has 30 seconds left.\n|\n|t:|1776471717\n|move|p1a: Sableye|Protect|p1a: Sableye\n|-singleturn|p1a: Sableye|Protect\n|move|p2a: Sinistcha|Strength Sap|p1a: Sableye\n|-activate|p1a: Sableye|move: Protect\n|move|p2b: Farigiraf|Wish|p2b: Farigiraf\n|move|p1b: Ampharos|Dragon Pulse|p2b: Farigiraf\n|-damage|p2b: Farigiraf|0 fnt\n|faint|p2b: Farigiraf\n|\n|upkeep\n|\n|t:|1776471726\n|switch|p2b: Incineroar|Incineroar, L50, M, shiny|49/100\n|-ability|p2b: Incineroar|Intimidate|boost\n|-unboost|p1a: Sableye|atk|1\n|-unboost|p1b: Ampharos|atk|1\n|turn|13\n|\n|t:|1776471738\n|move|p1a: Sableye|Quash|p2a: Sinistcha|[miss]\n|-miss|p1a: Sableye|p2a: Sinistcha\n|move|p2a: Sinistcha|Strength Sap|p1a: Sableye\n|-unboost|p1a: Sableye|atk|1\n|-heal|p2a: Sinistcha|73/100\n|move|p2b: Incineroar|Snarl|p1a: Sableye|[spread] p1a,p1b\n|-damage|p1a: Sableye|77/100\n|-damage|p1b: Ampharos|53/100\n|-unboost|p1a: Sableye|spa|1\n|-unboost|p1b: Ampharos|spa|1\n|move|p1b: Ampharos|Dragon Pulse|p2a: Sinistcha\n|-damage|p2a: Sinistcha|30/100\n|\n|-heal|p2b: Incineroar|100/100|[from] move: Wish|[wisher] Farigiraf\n|upkeep\n|turn|14\n|inactive|SON_0F_LOK1 has 30 seconds left.\n|inactive|SON_0F_LOK1 has 20 seconds left.\n|inactive|SON_0F_LOK1 has 15 seconds left.\n|inactive|SON_0F_LOK1 has 10 seconds left.\n|inactive|SON_0F_LOK1 has 5 seconds left.\n|\n|t:|1776471793\n|move|p1a: Sableye|Protect|p1a: Sableye\n|-singleturn|p1a: Sableye|Protect\n|move|p2b: Incineroar|Fake Out||[still]\n|-hint|Fake Out only works on your first turn out.\n|-fail|p2b: Incineroar\n|move|p2a: Sinistcha|Matcha Gotcha|p1b: Ampharos|[spread] p1b\n|-activate|p1a: Sableye|move: Protect\n|-resisted|p1b: Ampharos|1\n|-damage|p1b: Ampharos|40/100\n|-heal|p2a: Sinistcha|39/100|[from] drain|[of] p1b: Ampharos\n|-status|p1b: Ampharos|brn\n|move|p1b: Ampharos|Dragon Pulse|p2a: Sinistcha\n|-damage|p2a: Sinistcha|0 fnt\n|faint|p2a: Sinistcha\n|\n|-damage|p1b: Ampharos|34/100 brn|[from] brn\n|upkeep\n|turn|15\n|\n|t:|1776471816\n|move|p1a: Sableye|Quash|p2b: Incineroar\n|-hint|Since gen 7, Dark is immune to Prankster moves.\n|-immune|p2b: Incineroar\n|move|p2b: Incineroar|Taunt|p1a: Sableye\n|-start|p1a: Sableye|move: Taunt\n|move|p1b: Ampharos|Dragon Pulse|p2b: Incineroar\n|-damage|p2b: Incineroar|71/100\n|\n|-damage|p1b: Ampharos|28/100 brn|[from] brn\n|upkeep\n|turn|16\n|\n|t:|1776471825\n|-activate|p1a: Sableye|move: Struggle\n|move|p1a: Sableye|Struggle|p2b: Incineroar\n|-damage|p2b: Incineroar|67/100\n|-damage|p1a: Sableye|52/100|[from] recoil\n|move|p2b: Incineroar|Snarl|p1a: Sableye|[spread] p1a,p1b\n|-damage|p1a: Sableye|39/100\n|-damage|p1b: Ampharos|17/100 brn\n|-unboost|p1a: Sableye|spa|1\n|-unboost|p1b: Ampharos|spa|1\n|move|p1b: Ampharos|Dragon Pulse|p2b: Incineroar\n|-damage|p2b: Incineroar|46/100\n|\n|-damage|p1b: Ampharos|11/100 brn|[from] brn\n|upkeep\n|turn|17\n|\n|t:|1776471838\n|move|p2b: Incineroar|Snarl|p1a: Sableye|[spread] p1a,p1b\n|-damage|p1a: Sableye|25/100\n|-damage|p1b: Ampharos|2/100 brn\n|-unboost|p1a: Sableye|spa|1\n|-unboost|p1b: Ampharos|spa|1\n|-activate|p1a: Sableye|move: Struggle\n|move|p1a: Sableye|Struggle|p2b: Incineroar\n|-damage|p2b: Incineroar|43/100\n|-damage|p1a: Sableye|0 fnt|[from] recoil\n|faint|p1a: Sableye\n|move|p1b: Ampharos|Dragon Pulse|p2b: Incineroar\n|-damage|p2b: Incineroar|25/100\n|\n|-damage|p1b: Ampharos|0 fnt|[from] brn\n|faint|p1b: Ampharos\n|\n|win|SON_0F_LOK1\n|raw|Gulpin on Muk's rating: 1090 &rarr; <strong>1066</strong><br />(-24 for losing)\n|raw|SON_0F_LOK1's rating: 1083 &rarr; <strong>1111</strong><br />(+28 for winning)\n|l|\u2606Gulpin on Muk\n|player|p1|\n",
  "uploadtime": 1776471850,
  "views": 26,
  "formatid": "gen9championsvgc2026regma",
  "rating": 1066,
  "private": 0,
  "password": null
}