{
  "id": "gen9championsvgc2026regma-2587085374",
  "format": "[Gen 9 Champions] VGC 2026 Reg M-A",
  "players": [
    "Toil and Rot",
    "uocjcobo"
  ],
  "log": "|j|\u2606Toil and Rot\n|j|\u2606uocjcobo\n|t:|1776491339\n|gametype|doubles\n|player|p1|Toil and Rot|psychicf-gen4|1143\n|player|p2|uocjcobo|liko|1230\n|gen|9\n|tier|[Gen 9 Champions] VGC 2026 Reg M-A\n|rated|\n|rule|Species Clause: Limit one of each Pok\u00e9mon\n|rule|Item Clause: Limit 1 of each item\n|clearpoke\n|poke|p1|Pelipper, L50, M|\n|poke|p1|Dragonite, L50, M, shiny|\n|poke|p1|Sneasler, L50, M|\n|poke|p1|Sableye, L50, M|\n|poke|p1|Sinistcha, L50|\n|poke|p1|Archaludon, L50, F|\n|poke|p2|Floette-Eternal, L50, F|\n|poke|p2|Aerodactyl, L50, F|\n|poke|p2|Incineroar, L50, M|\n|poke|p2|Kingambit, L50, F|\n|poke|p2|Sinistcha, L50|\n|poke|p2|Sneasler, L50, F|\n|teampreview|4\n|inactive|Battle timer is ON: inactive players will automatically lose when time's up. (requested by Toil and Rot)\n|inactive|uocjcobo also wants the timer to be on.\n|inactive|Toil and Rot has 60 seconds left.\n|inactive|uocjcobo has 60 seconds left.\n|\n|t:|1776491397\n|teamsize|p1|4\n|teamsize|p2|4\n|start\n|switch|p1a: Pelipper|Pelipper, L50, M|100/100\n|switch|p1b: Archaludon|Archaludon, L50, F|100/100\n|switch|p2a: Aerodactyl|Aerodactyl, L50, F|100/100\n|switch|p2b: Floette|Floette-Eternal, L50, F|100/100\n|-ability|p2a: Aerodactyl|Unnerve\n|-weather|RainDance|[from] ability: Drizzle|[of] p1a: Pelipper\n|turn|1\n|inactive|Toil and Rot has 30 seconds left.\n|inactive|Toil and Rot has 20 seconds left.\n|\n|t:|1776491435\n|detailschange|p2b: Floette|Floette-Mega, L50, F\n|-mega|p2b: Floette|Floette|Floettite\n|-ability|p2b: Floette|Fairy Aura\n|move|p1b: Archaludon|Electro Shot||[still]\n|-prepare|p1b: Archaludon|Electro Shot\n|-boost|p1b: Archaludon|spa|1\n|-anim|p1b: Archaludon|Electro Shot|p2b: Floette\n|-damage|p2b: Floette|53/100\n|move|p2a: Aerodactyl|Tailwind|p2a: Aerodactyl\n|-sidestart|p2: uocjcobo|move: Tailwind\n|move|p2b: Floette|Calm Mind|p2b: Floette\n|-boost|p2b: Floette|spa|1\n|-boost|p2b: Floette|spd|1\n|move|p1a: Pelipper|Weather Ball|p2b: Floette\n|-damage|p2b: Floette|17/100\n|\n|-weather|RainDance|[upkeep]\n|upkeep\n|turn|2\n|inactive|Toil and Rot has 30 seconds left.\n|inactive|uocjcobo has 30 seconds left.\n|inactive|Toil and Rot has 20 seconds left.\n|inactive|uocjcobo has 20 seconds left.\n|inactive|Toil and Rot has 15 seconds left.\n|inactive|uocjcobo has 15 seconds left.\n|\n|t:|1776491479\n|move|p2a: Aerodactyl|Dual Wingbeat|p1a: Pelipper\n|-damage|p1a: Pelipper|75/100\n|-damage|p1a: Pelipper|51/100\n|-hitcount|p1a: Pelipper|2\n|move|p2b: Floette|Moonblast|p1b: Archaludon\n|-damage|p1b: Archaludon|0 fnt\n|faint|p1b: Archaludon\n|move|p1a: Pelipper|Weather Ball|p2b: Floette\n|-damage|p2b: Floette|0 fnt\n|faint|p2b: Floette\n|\n|-weather|RainDance|[upkeep]\n|upkeep\n|\n|t:|1776491501\n|switch|p1b: Dragonite|Dragonite, L50, M, shiny|100/100\n|switch|p2b: Sneasler|Sneasler, L50, F|100/100\n|turn|3\n|c|\u2606uocjcobo|scarf archa ?\n|inactive|Toil and Rot has 30 seconds left.\n|\n|t:|1776491530\n|detailschange|p1b: Dragonite|Dragonite-Mega, L50, M, shiny\n|-mega|p1b: Dragonite|Dragonite|Dragoninite\n|move|p1b: Dragonite|Protect|p1b: Dragonite\n|-singleturn|p1b: Dragonite|Protect\n|move|p1a: Pelipper|Protect|p1a: Pelipper\n|-singleturn|p1a: Pelipper|Protect\n|move|p2a: Aerodactyl|Rock Slide|p1a: Pelipper|[spread] \n|-activate|p1a: Pelipper|move: Protect\n|-activate|p1b: Dragonite|move: Protect\n|move|p2b: Sneasler|Dire Claw|p1a: Pelipper\n|-activate|p1a: Pelipper|move: Protect\n|\n|-weather|RainDance|[upkeep]\n|upkeep\n|turn|4\n|inactive|Toil and Rot has 30 seconds left.\n|inactive|Toil and Rot has 20 seconds left.\n|\n|t:|1776491570\n|move|p2a: Aerodactyl|Rock Slide|p1a: Pelipper|[spread] p1a,p1b\n|-supereffective|p1a: Pelipper|1\n|-supereffective|p1b: Dragonite|1\n|-damage|p1a: Pelipper|0 fnt\n|-damage|p1b: Dragonite|76/100\n|faint|p1a: Pelipper\n|move|p2b: Sneasler|Dire Claw|p1b: Dragonite\n|-damage|p1b: Dragonite|40/100\n|-status|p1b: Dragonite|par\n|move|p1b: Dragonite|Hurricane|p2b: Sneasler\n|-supereffective|p2b: Sneasler|1\n|-damage|p2b: Sneasler|0 fnt\n|faint|p2b: Sneasler\n|\n|-weather|RainDance|[upkeep]\n|-sideend|p2: uocjcobo|move: Tailwind\n|upkeep\n|\n|t:|1776491582\n|switch|p2b: Kingambit|Kingambit, L50, F|100/100\n|switch|p1a: Sableye|Sableye, L50, M|100/100\n|turn|5\n|inactive|Toil and Rot has 30 seconds left.\n|inactive|Toil and Rot has 20 seconds left.\n|inactive|Toil and Rot has 15 seconds left.\n|inactive|Toil and Rot has 10 seconds left.\n|inactive|Toil and Rot has 5 seconds left.\n|\n|t:|1776491632\n|move|p1a: Sableye|Will-O-Wisp|p2b: Kingambit\n|-hint|Since gen 7, Dark is immune to Prankster moves.\n|-immune|p2b: Kingambit\n|move|p2a: Aerodactyl|Rock Slide|p1a: Sableye|[spread] p1a,p1b\n|-supereffective|p1b: Dragonite|1\n|-damage|p1a: Sableye|76/100\n|-damage|p1b: Dragonite|0 fnt\n|faint|p1b: Dragonite\n|move|p2b: Kingambit|Kowtow Cleave|p1a: Sableye\n|-damage|p1a: Sableye|13/100\n|\n|-weather|none\n|upkeep\n|turn|6\n|-message|Toil and Rot forfeited.\n|\n|win|uocjcobo\n|raw|Toil and Rot's rating: 1143 &rarr; <strong>1124</strong><br />(-19 for losing)\n|raw|uocjcobo's rating: 1230 &rarr; <strong>1249</strong><br />(+19 for winning)\n",
  "uploadtime": 1776491647,
  "views": 16,
  "formatid": "gen9championsvgc2026regma",
  "rating": 1124,
  "private": 0,
  "password": null
}